4402 6416
856 487 952 545 37!

1550 477 1812 536 susum:
1850 448 2328 533 ειεεειιιειιειε
2360 473 2511 530 opp.
2554 472 2734 529 pass
2766 471 2857 527 ιιι.
2896 499 2974 517 -.
3007 467 3415 524 EXEGETICA.

3978 464 4084 522 573

854 604 1046 658 Nonne
1075 607 1152 663 tu,
1184 598 1341 660 Deus,
1372 599 1462 667 qui
1499 596 1743 666 repulisti
1780 594 1916 648 nos?
1943 601 2125 648 etnon
2155 591 2331 646 exibis
2360 591 2415 644 in
2445 598 2490 654 Α
2520 605 2590 642 ae

2360 591 2415 644 in
2445 598 2490 654 Α
2520 589 2788 658 ασάμενος
2813 585 2992 656 ήμᾶς;
3026 584 3118 636 καὶ
3149 584 3249 635 οὐκ
3287 580 3541 652 ἐξελεύσῃ
3562 583 3620 634 ἐν
3652 584 3768 644 ταῖς
3795 580 4084 651 δυνάμεσιν

855 691 1150 748 virtutibus
1217 689 1501 744 nostris?»
1567 689 1743 756 Supra
1793 687 2063 739 dictorum
2134 683 2417 738 sententia:

858 786 1117 840 insistens
1175 781 1468 852 Propheta,
1505 794 1671 849 supra
1729 778 1947 832 modum
2001 777 2231 829 miratur
2282 775 2414 828 illud

855 873 1237 942 inexspectata:
1296 870 1725 939 alienigenarum
1782 867 2024 936 gentium
2101 865 2416 918 mutationis

855 962 1178 1033 prodigium.
1236 960 1439 1015 Deinde
1493 974 1617 1013 cum
1663 957 1889 1012 dixisset
1929 956 2095 1021 Deus,
2149 955 2249 1010 «In
2294 955 2417 1009 ldu-

854 1070 1040 1109 nueam
1094 1053 1381 1108 extendam
1421 1037 1845 1105 calceamentum
1889 1064 2090 1112 meum,
2124 1068 2142 1100 ι
2203 1049 2413 1103 dictum

853 1144 1164 1213 huiusmodi
1192 1143 1513 1201 admiratur.
1546 1138 1729 1198 secum
1761 1151 2022 1211 reputans
2056 1157 2127 1194 an
2175 1155 2414 1210 unquam

852 1238 971 1306 ipse
1023 1235 1167 1291 Deus
1215 1235 1583 1291 calceamento
1642 1249 1800 1296 usus,
1855 1247 2262 1289 conscensurus
2320 1232 2412 1295 sit,

850 1343 960 1384 non
989 1329 1043 1382 in
1072 1325 1390 1392 Jerusalem,
1423 1339 1601 1396 neque
1649 1326 1705 1380 in
1737 1322 2062 1385 Samariam.
2096 1314 2304 1393 neque
2359 1323 2412 1376 in

849 1421 1014 1474 aliam
1063 1418 1280 1474 lsraelis
1322 1419 1625 1480 civitatem,
1677 1414 1773 1470 sed
1823 1415 1876 1468 in
1917 1415 2252 1486 alienigenas
2290 1412 2414 1469 ldu-

848 1524 1038 1565 maos.
1069 1509 1250 1575 Quare
1279 1509 1468 1563 beatos
1497 1507 1621 1561 illos
1647 1505 1926 1576 praedicat,
1961 1508 2026 1561 ad
2057 1521 2201 1576 quos
2234 1521 2418 1562 acces-

848 1615 1015 1657 surus
1049 1599 1216 1654 Deus
1260 1609 1399 1664 erat,
1454 1597 1864 1668 orationemque
1913 1599 2135 1663 emittit,
2191 1606 2256 1653 ut
2297 1599 2414 1668 ipse

847 1704 1063 1761 quoque
1107 1690 1218 1743 haec
1262 1689 1446 1746 videre
1494 1689 1695 1760 dignus
1740 1689 2035 1744 habeatur:
2080 1684 2414 1760 quapropter

847 1779 1016 1835 dicit:
1070 1799 1088 1832 ι
1115 1779 1249 1845 Quis
1283 1780 1515 1835 abducet
1547 1795 1633 1834 me
1682 1780 1736 1834 in
1781 1779 2056 1834 civitatem
2100 1778 2412 1848 munitam?

817 1937 819 1943 ι
846 1880 940 1926 aut
964 1871 1086 1942 quis
1129 1871 1358 1926 deducet
1389 1886 1475 1927 me
1508 1885 1683 1940 usque
1717 1870 1775 1924 in
1804 1867 2136 1923 ldumaam?
2162 1888 2180 1920 ι
2214 1867 2412 1923 Preca-

2519 680 2710 751 ήμῶν;
2754 697 2772 729 ι
2821 676 3147 746 Ἐπιστήσας
3193 676 3258 744 τῇ
3302 672 3409 725 τῶν
3444 671 3843 744 προλεχθέντων
3883 673 4085 746 διανοίᾳ

2509 772 2544 823 ό
2572 771 2882 841 Προφήτης,
2931 764 3429 836 ὑπερεκπλήττεται
3462 763 3520 815 τὸ
3548 762 3729 832 θαῦμα
3764 763 3860 833 τῆς
3912 781 4086 837 παρα.

2515 860 2664 926 δόξου
2710 858 2819 911 τῶν
2871 855 3180 925 ἀλλοφύλων
3231 853 3398 907 ἐθνῶν
3447 853 3766 924 μεταδολῆς.
3811 850 3942 908 Εἶτα
3990 855 4084 909 τοῦ

2516 951 2649 1005 Θεοῦ
2697 949 2998 1021 εἰρηκότος,
3052 965 3072 1000 ι
3139 947 3261 1000 Ἐπὶ
3303 947 3401 1017 τὴν
3437 944 3740 1016 Ἰδουμαίαν
3782 946 3985 999 ἐκτενῶ
4024 947 4112 1000 τδ-

2518 1043 2770 1114 ὐπὸδημά
2803 1060 2926 1114 μου,
2961 1061 2979 1094 ι
3032 1041 3124 1095 τὸν
3170 1040 3324 1109 λόγον
3367 1038 3767 1108 ἀποθαυμάζει,
3807 1039 3857 1092 εἱ
3905 1039 4084 1108 μέλλοι

2517 1137 2647 1190 ποτὲ
2675 1134 2806 1198 Θεὸς
2835 1134 3019 1196 αὐτὸς,
3049 1132 3354 1202 ὑποδήματι
3397 1129 3758 1202 χρησάμενος,
3785 1127 4085 1183 ἐπιϐαίνειν

2515 1229 2576 1280 ού
2603 1230 2668 1297 τῇ
2709 1225 3080 1297 Ἰερουσαλὴμ,
3115 1223 3234 1276 οὐδὲ
3261 1224 3327 1293 τῇ
3355 1221 3652 1293 Σαμαρείᾳ,
3679 1220 3797 1273 οὐδὲ
3827 1219 3959 1291 άλλη
3979 1221 4085 1272 τινὶ

2515 1316 2580 1383 τῇ
2635 1312 2727 1366 τοῦ
2781 1311 3018 1383 Ἰσραὴλ,
3056 1309 3208 1364 ἀλλά
3251 1310 3358 1362 τῶν
3403 1308 3714 1378 ἀλλοφύλων
3751 1308 4080 1380 Ἰδουμαίων.

2517 1405 2606 1458 Διὸ
2638 1406 2928 1478 μακαρίζει
2963 1404 3060 1474 μὲν
3092 1401 3329 1466 τούτους,
3361 1397 3441 1465 οἷς
3467 1403 3824 1474 ἐπιδημήσειν
3852 1401 4084 1472 ἡμελλεν

2516 1498 2545 1548 6
2573 1496 2703 1560 Θεός
2721 1512 2734 1525 ο
2771 1495 2936 1566 εὐχὴν
2957 1494 3014 1548 δέ
3047 1493 3253 1546 τίθεται
3286 1492 3684 1562 καταξιωθῆναι
3711 1509 3838 1546 ποτε
3863 1495 3956 1548 καὶ
3982 1495 4082 1545 αὑ-

2516 1588 2603 1640 τὸν
2631 1589 2731 1658 τῆς
2755 1587 2959 1640 τούτων
2998 1585 3126 1648 θέας
3149 1603 3162 1615 ο
3193 1583 3273 1638 διό
3307 1600 3468 1654 φησι·
3503 1603 3521 1636 ι
3558 1581 3654 1648 Τίς
3677 1584 3874 1651 ἀπάξει
3910 1601 3978 1656 με
4003 1587 4084 1650 είς

2516 1677 2672 1731 πόλιν
2715 1677 3072 1748 περιοχῆςςῆ
3119 1677 3202 1740 τίς
3235 1676 3487 1747 ὁδηγήσει
3522 1693 3587 1746 με
3631 1675 3734 1739 ῑως
3778 1676 3879 1745 τῆς
3918 1676 4080 1729 Ἰδου-

2517 1769 2720 1840 μαίας,
2756 1789 2774 1819 ι
2823 1768 3033 1838 Ηῦχετο
3084 1767 3192 1840 γὰρ
3235 1767 3567 1839 ὁδηγηθῆναι
3621 1769 3712 1820 καὶ
3763 1771 4079 1839 παρατεῖναι

2515 1861 2639 1921 τοὺς
2667 1858 2766 1928 τῆς
2794 1856 2937 1929 ζωῆς
2961 1855 3123 1910 αὑτοῦ
3154 1857 3377 1931 χρόνους
3403 1858 3496 1910 ἐπὶ
3523 1857 3612 1910 τὸν
3641 1857 3828 1928 καιρὸν
3855 1859 4078 1922 ἐκεῖνον,

845 1963 1009 2019 batur
1049 1964 1196 2018 enim
1255 1962 1475 2025 deduci,
1525 1975 1809 2032 annosque
1871 1961 1993 2015 vita:
2031 1976 2144 2017 sua:
2182 1962 2406 2031 produci
2441 1943 2483 1998 Β
2514 1968 2583 2007 κα

2341 1962 2406 2017 lci
2441 1943 2483 1998 Β
2514 1949 2634 2007 καθ’
2677 1950 2735 2004 ὃν
2761 1949 2991 2020 ἧμελλεν
3029 1953 3057 2003 6
3084 1949 3216 2014 Θεὸς
3242 1949 3335 2002 ἐπὶ
3366 1950 3464 2022 τὴν
3497 1947 3796 2019 Ἰδουμαίαν
3824 1949 4079 2002 ἐκτείνειν

849 2070 1019 2126 usque
1064 2055 1132 2109 ad
1177 2054 1231 2108 id
1280 2054 1563 2122 temporis,
1615 2068 1724 2123 quo
1786 2051 1930 2108 Deus
1983 2053 2408 2108 calceamenrum

846 2163 1008 2204 suum
1035 2161 1208 2216 usque
1237 2147 1292 2200 in
1335 2144 1627 2199 ldumaaam
1654 2155 1983 2199 exlensurus
2014 2152 2149 2207 erat,
2194 2149 2252 2196 ut
2281 2157 2402 2197 ma-

847 2252 1012 2308 gnum
1051 2236 1184 2289 illud
1229 2251 1249 2287 ι
1287 2235 1557 2289 iraculum
1603 2241 1870 2297 cerneret,
1924 2231 2092 2287 Deum
2153 2231 2408 2287 videlicet

847 2329 992 2398 apud
1020 2328 1268 2388 homines
1299 2325 1754 2398 peregrinantem,
1794 2333 1848 2379 et
1875 2326 1930 2380 in
1961 2322 2192 2380 ldumaea
2220 2323 2414 2378 ambu-

846 2421 1073 2484 lantem,
1127 2421 1568 2490 alienigenasque
1609 2417 1711 2489 ipsi
1758 2417 2008 2474 subditos
2055 2427 2112 2472 et
2163 2417 2404 2472 amicos:

845 2527 1012 2581 quare
1036 2511 1112 2565 ait
1136 2530 1151 2566 :
1197 2529 1218 2563 ι
1241 2510 1374 2577 Quis
1395 2510 1630 2565 deducet
1659 2523 1745 2563 me
1766 2523 1939 2578 usque
1961 2509 2016 2562 in
2034 2507 2360 2563 ldumzam?
2385 2527 2404 2559 ι

844 2601 1133 2657 Civitatem
1188 2613 1352 2670 porro
1404 2599 1670 2654 munitam
1721 2607 1880 2654 vocat
1936 2596 2237 2652 Ecclesiam
2288 2596 2407 2662 Dei,

843 2694 1098 2747 vallatam
1141 2691 1298 2746 ﬁrmo
1324 2699 1379 2746 et
1413 2691 1710 2746 fortissimo
1739 2705 1920 2754 muro,
1949 2690 2180 2756 salutari
2218 2705 2412 2759 nempe

845 2785 1068 2847 virtute,
1109 2797 1271 2853 quam
1301 2783 1466 2838 etiam
1509 2781 1693 2838 videre
1738 2782 2108 2852 cﬂlagitabat;
2150 2783 2411 2852 quocirca

845 2875 1011 2929 dixit:
1064 2892 1083 2926 ι
1105 2873 1240 2940 Quis
1271 2874 1505 2930 abducet
1528 2889 1618 2929 me
1661 2876 1718 2928 in
1745 2874 2020 2928 civitatem
2055 2873 2361 2928 munitam?
2386 2891 2404 2924 ι

845 2965 1157 3036 Perpendas
1207 2967 1393 3032 velim,
1440 2964 1620 3036 ipsum
1651 2966 1874 3020 minime
1901 2980 2096 3036 rogare
2124 2972 2184 3019 ut
2236 2964 2410 3020 dedu-

845 3065 1002 3113 catur
1027 3072 1202 3128 usque
1236 3057 1291 3110 in
1325 3055 1654 3121 Jerusalem,
1704 3060 1821 3113 sive
1858 3071 2033 3126 usque
2060 3057 2128 3112 ad
2172 3055 2398 3122 Galaad,

846 3158 941 3202 aut
982 3164 1154 3219 usque
1208 3147 1273 3203 ad
1332 3147 1589 3220 Sychem,
1633 3149 1748 3204 sive
1788 3163 1961 3219 usque
2001 3147 2070 3202 ad
2124 3147 2404 3218 Ephraim,

2511 2042 2572 2098 τὸ
2603 2043 2856 2114 ὑπόδημα
2882 2041 3067 2106 αὐτοῦ,
3104 2042 3180 2106 ὼς
3217 2041 3287 2096 ἂν
3313 2040 3408 2094 ῐδοι
3449 2041 3512 2096 16
3545 2047 3687 2113 μέγα
3715 2040 3911 2113 θέαμα,
3949 2041 4078 2095 Θεὲν

2513 2133 2877 2204 ἐπιδημοῦντα
2926 2132 3232 2205 ἀνθρώποις
3306 2133 3400 2189 καὶ
3458 2132 3936 2206 ἐμπεριπατοῦντα
4008 2135 4076 2205 τῇ

2525 2224 2809 2297 Ἰδουμαίᾳ,
2844 2225 3171 2296 ἀλλοφύλους
3202 2241 3261 2280 τε
3293 2224 3441 2295 αὺτῷ
3483 2225 3946 2296 ὑποτεταγμένους
3987 2226 4081 2282 καὶ

2513 2315 2886 2385 φιλιάζοντας·
2920 2318 2999 2373 διό
3039 2334 3202 2388 φησιο
3239 2335 3259 2368 ι
3309 2317 3408 2381 Τίς
3450 2315 3700 2387 ὁδηγήσει
3744 2334 3811 2387 με
3853 2318 3956 2380 hoc
3982 2320 4082 2391 τῆς

2526 2408 2863 2479 Ἰδουμαίας;
2905 2428 2922 2460 ι
2954 2409 3113 2462 Πόλιν
3141 2409 3198 2465 δέ
3241 2408 3502 2480 περιοχῆς
3527 2408 3682 2462 καλεῖ
3713 2409 3810 2480 τὴν
3857 2407 4082 2480 Ἐκκλη-

2512 2498 2631 2552 σίαν
2652 2498 2748 2555 τοῦ
2773 2499 2930 2564 Θεοῦ,
2967 2500 3485 2571 περιπεφραγμένην
3517 2499 3729 2572 στερρῷ
3755 2501 3847 2554 καὶ
3872 2499 4084 2572 ὀχυρω-

2510 2592 2656 2661 τάτῳ
2697 2591 2887 2662 τείχει,
2934 2593 3000 2662 τῇ
3054 2593 3308 2664 σωτηρίῳ
3352 2591 3597 2663 δυνάμει,
3647 2593 3715 2662 ἢν
3768 2592 3862 2649 καὶ
3910 2593 4082 2664 αὐτὴν

2515 2687 2640 2740 ίδεῐν
2671 2687 2896 2758 ηὔχετο’
2935 2686 3014 2740 διὸ
3057 2686 3210 2755 ἔλεγε
3238 2705 3250 2717 ·
3286 2705 3305 2739 ι
3351 2689 3447 2753 Τίς
3477 2688 3677 2753 ἀπάξει
3711 2706 3778 2760 με
3806 2690 3885 2753 είς
3929 2689 4082 2744 πόλιν

2511 2780 2808 2850 περιοχῆςς
2840 2798 2862 2833 ι
2917 2779 3025 2832 Θέα
3069 2781 3126 2834 δὲ
3177 2783 3324 2844 ὅπως
3365 2782 3464 2834 οὐκ
3505 2781 3707 2851 ηῠξατο
3753 2781 4080 2854 δδηγηθῆναι

2510 2872 2614 2934 ἕως
2646 2872 2742 2942 τῆς
2780 2872 3150 2944 Ἰερουσαλὴμ,
3179 2874 3213 2944 ἢ
3259 2872 3362 2935 ἕως
3391 2873 3490 2943 τῆς
3519 2873 3748 2938 Γαλαὰδ,
3783 2874 3816 2945 ἢ
3850 2874 3953 2937 huc
3983 2875 4082 2944 τῆς

2511 2963 2711 3033 Συχὲμ,
2744 2963 2776 3034 ἢ
2821 2964 2925 3028 ἓως
2967 2964 3061 3017 τοῦ
3105 2965 3361 3036 Ἑφραῖμ,
3389 2964 3421 3035 ἢ
3456 2965 3561 3028 ἕως
3590 2964 3684 3017 τοῦ
3717 2965 3886 3020 Ἰούδα
3907 2982 3922 2996 ⁶
3963 2963 4079 3019 ἀλλ’

2510 3052 2698 3126 ὥσπερ
2745 3055 3035 3124 ἐκπλαγεὶς
3075 3057 3141 3110 16
3183 3054 3481 3128 παράδοξον
3507 3056 3608 3125 τῆς
3641 3055 3991 3125 ἐπαγγελίας,
4026 3059 4080 3113 εί,

2509 3143 2600 3196 τοῦ
2636 3143 3005 3215 μεμισημένον
3034 3146 3128 3200 καὶ
3163 3146 3362 3217 πόρνου
3399 3145 3566 3198 Ἦσαῦ
3602 3145 3940 3212 οί’ἀπόγονοι
3969 3162 4077 3203 τοι-

845 3239 961 3294 slve
1016 3253 1188 3308 usque
1253 3238 1317 3293 ad
1367 3237 1599 3306 Judam;
1657 3239 1751 3293 sed
1818 3240 1976 3309 quasi
2030 3239 2405 3309 inexspectata
2437 3281 2476 3309 ρ
2512 3235 2580 3289 αύ

2343 3247 2405 3293 ιιι
2437 3281 2476 3309 ρ
2512 3235 2681 3306 αύτης
2718 3237 2836 3289 τότε
2884 3236 3162 3300 τεύξονται
3212 3237 3455 3307 χάριτος,
3487 3236 3563 3300 ὡς
3605 3236 3858 3308 ἐπιϐῆναι
3899 3239 4081 3303 αὐτοις

847 3329 1204 3401 promissione
1239 3331 1540 3398 perculsus,
1573 3331 1718 3400 quod
1745 3331 1952 3385 scilicet
1979 3332 2158 3401 perosi
2181 3345 2245 3384 ac
2273 3345 2410 3386 mos-

844 3419 935 3475 chi
984 3417 1125 3475 Esau
1175 3421 1374 3490 posteri
1435 3428 1584 3474 tanta
1633 3422 1805 3491 gratia
1869 3421 2105 3475 donandi
2161 3420 2291 3486 sint,
2351 3427 2411 3474 ut

845 3506 988 3565 Deus
1020 3509 1085 3564 ad
1145 3524 1239 3566 eos
1285 3512 1636 3579 conscendat,
1681 3519 1933 3582 precatur
1971 3512 2192 3567 dicens:
2221 3529 2240 3562 ι
2267 3510 2402 3577 Quis

844 3608 1073 3663 deducet
1115 3623 1202 3664 me
1237 3622 1409 3677 usque
1452 3608 1505 3660 in
1554 3605 1939 3660 ldummamiv»
1995 3603 2074 3659 Ac
2113 3605 2257 3675 quod
2310 3605 2412 3658 mi-

847 3714 966 3754 rum
1006 3713 1234 3769 prorsus
1275 3708 1380 3762 est,
1434 3696 1576 3753 Deus
1630 3712 1738 3750 non
1793 3696 1955 3754 nudis
2015 3695 2243 3766 pedibus
2287 3711 2407 3750 am-

846 3790 1130 3845 bulaturus
1177 3790 1398 3854 dicitur,
1467 3789 1560 3844 sed
1617 3803 1742 3843 cum
1799 3789 2218 3855 calceamentis;
2275 3787 2407 3844 sub-

846 3879 1100 3937 indicatis
1157 3880 1442 3934 animabus
1505 3878 1800 3933 voluntatis
1862 3878 1983 3947 ejus
2043 3877 2407 3945 administris,

847 3983 1077 4040 quarum
1145 3983 1330 4040 Opera,
1390 3971 1674 4024 vocatione
1729 3969 1970 4039 gentium
2021 3976 2263 4037 peracta,
2314 3982 2411 4038 per

848 4059 1159 4113 universam
1208 4067 1430 4124 terram,
1481 4075 1634 4114 suam
1669 4059 1952 4113 constituit
1993 4058 2289 4121 civitatem,
2321 4057 2408 4111 ni-

848 4151 1045 4205 mirum
1081 4150 1402 4204 catholicam
1443 4145 1741 4205 Ecclesiam
1777 4165 1960 4215 suam,-
1985 4163 2051 4204 ac
2093 4159 2294 4205 cretum
2324 4164 2411 4204 re-

847 4242 1162 4312 ligiosorum
1227 4241 1561 4297 hominum:
1615 4241 1683 4295 de
1756 4258 1864 4312 qua
1922 4243 2140 4297 civitate
2197 4241 2404 4296 dictum

848 4334 984 4387 alias
1031 4341 1163 4388 est:
1205 4351 1224 4386 ι
1263 4331 1514 4405 Gloriosa
1561 4332 1707 4388 dicta
1761 4341 1894 4390 sunt
1950 4334 2017 4388 de
2081 4341 2155 4401 te,
2213 4334 2405 4388 civitas

848 4423 942 4481 Dei
967 4426 1044 4493 ”;
1073 4445 1092 4477 ι
1145 4434 1228 4481 et:
1265 4445 1283 4477 ι
1313 4423 1581 4480 Fluminis
1631 4422 1866 4495 impetus
1905 4415 2189 4479 latiﬂcant‘
2218 4426 2411 4479 civita-

847 4522 953 4569 tem
989 4513 1083 4569 Dei
1104 4516 1206 4570 ³⁸.»
1274 4514 1426 4570 Hanc
1454 4516 1736 4570 civitatem
1773 4515 2037 4567 munitam
2067 4529 2193 4569 cum
2223 4516 2404 4570 videre

2512 3328 2603 3380 τὸν
2629 3328 2780 3392 Θεὸν,
2811 3326 3026 3398 εὔχεται
3059 3328 3230 3396 λέγων
3253 3345 3266 3358 ·
3300 3346 3318 3380 ι
3352 3329 3448 3390 Τίς
3471 3328 3729 3398 ὁδηγήσει
3757 3345 3824 3399 με
3852 3329 3956 3392 ἓως
3979 3328 4080 3398 τῆς

2525 3417 2863 3487 Ἰδουμαίας;
2910 3437 2928 3469 ι
2961 3418 3172 3490 Σφόδρα
3202 3418 3258 3473 δὶ
3282 3419 3608 3488 θαυμαστῶς
3633 3421 3662 3472 6
3688 3420 3822 3483 Θεὸς
3854 3421 4084 3493 ἐμπερι-

2514 3511 2775 3582 πατήσειν
2807 3511 2868 3563 οὑ
2897 3515 3123 3582 γυμνοῖς
3163 3512 3289 3565 ποσὶ
3315 3511 3582 3575 λέλεκται,
3624 3511 3760 3566 ἀλλὰ
3791 3512 3858 3566 δι’
3884 3513 4082 3585 ὑποδη-

2516 3605 2699 3674 μάτων
2724 3620 2736 3632 ·
2763 3603 3132 3673 αἰνιττομένου
3171 3602 3264 3656 τοῦ
3299 3603 3457 3672 λόγου
3485 3603 3586 3668 τὰς
3615 3603 3952 3677 ὑπηρετικὰς
3988 3605 4082 3659 τοῦ

2515 3694 2849 3765 βουλήματος
2881 3693 3042 3747 αὑτοῦ
3071 3695 3268 3766 ψυχὰς,
3293 3694 3360 3748 δι’
3393 3689 3468 3749 ὧν
3499 3697 3598 3767 τὴν
3623 3696 3732 3750 τῶν
3756 3696 3923 3750 ἐθνῶν
3948 3696 4082 3766 κλῆ-

2515 3803 2599 3839 σιν
2626 3787 3011 3857 ποιησάμενος,
3044 3786 3312 3858 πανταχοῦ
3339 3788 3442 3856 γῆς
3474 3788 3572 3858 τὴν
3598 3787 3789 3842 ἐαυτοῦ
3826 3788 4085 3859 συνεστή-

2500 3862 2643 3929 Ἒατο
2685 3875 2857 3940 πόλιν,
2891 3876 3034 3944 λέγω
3071 3877 3127 3930 δὲ
3169 3879 3267 3948 τήν
3312 3879 3602 3949 καθολικὴν
3651 3878 3815 3932 αὑτοῦ
3855 3879 4085 3951 Ἐκκληο

2513 3968 2651 4031 σίαν,
2686 3967 2780 4020 καὶ
2821 3968 2882 4020 τὸ
2914 3967 3162 4038 σύστημα
3194 3972 3290 4039 τῆς
3328 3969 3438 4022 τῶν
3471 3969 3737 4023 θεοσεδῶν
3770 3971 4043 4035 πολιτείας
4065 3988 4078 4002 ·

2513 4060 2642 4130 περὶ
2682 4053 2748 4130 ἦς
2796 4060 3008 4130 εἴρηται
3053 4058 3314 4130 ἀλλαχοῐν
3366 4079 3385 4112 ι
3431 4059 3797 4130 Δεδοξασμένα
3847 4060 4080 4133 ἐλαλήθη

2513 4152 2641 4222 περὶ
2686 4150 2800 4216 σοῦ,
2834 4153 2867 4223 ἡ
2907 4151 3059 4215 πόλις
3088 4151 3182 4205 τοῦ
3222 4151 3375 4204 Θεοῦ·
3414 4171 3433 4202 ι
3473 4152 3586 4217 καὶ,
3635 4170 3653 4202 ι
3687 4151 3792 4205 Τοῦ
3838 4151 4081 4222 ποταμοῦ

2511 4241 2582 4294 τὰ
2609 4244 2750 4313 ὁρμή
2761 4260 2903 4312 ματα
2932 4243 3276 4314 εὐφραίνωσι
3301 4244 3400 4314 τὴν
3431 4244 3584 4296 πόλιν
3607 4243 3700 4296 τοῦ
3727 4243 3884 4298 Θεοῦ.
3925 4265 3943 4296 ι
3971 4245 4083 4299 Καὶ

2510 4333 2713 4402 ταύτην
2749 4330 2841 4386 οὖν
2874 4335 2970 4406 τὴν
2999 4336 3149 4390 πόλιν
3177 4338 3273 4406 τῆς
3306 4337 3566 4406 περιοχῆς
3591 4336 3758 4406 διψῶν
3787 4336 4082 4391 θεάσασθαι

2511 4425 2539 4475 6
2576 4424 2866 4494 Προφήτης
2896 4423 3077 4492 ελεγε·
3118 4443 3136 4476 ι
3167 4426 3262 4488 Τίς
3294 4426 3491 4491 ἀπάξει
3524 4443 3589 4495 με
3629 4429 3708 4490 είς
3744 4428 3895 4481 πόλιν
3925 4443 4083 4498 περι-

2512 4514 2677 4585 οχῆς;
2701 4533 2720 4566 ι
2743 4514 2796 4584 ἢ,
2822 4533 2839 4564 ι
2873 4517 2951 4578 είς
2968 4516 3118 4568 πόλιν
3139 4517 3529 4587 πεφραγμένην
3552 4534 3565 4581 ;
3591 4536 3610 4568 ι
3637 4517 3809 4582 οὕτως
3850 4519 3958 4590 γὰρ
3985 4522 4084 4589 ήρ-

848 4615 1157 4677 peroptaret
1200 4605 1469 4677 Propheta
1518 4607 1737 4662 dicebat
1769 4625 1781 4660 :
1831 4623 1849 4656 ι
1898 4603 2032 4671 Quis
2064 4606 2294 4662 abducet
2323 4624 2410 4664 me
2441 4616 2486 4671 D
2520 4608 2586 4675 μή

2344 4624 2410 4664 ne
2441 4616 2486 4671 ι)
2520 4608 2784 4676 μήνευσεν
2823 4605 2852 4656 6
2898 4605 3210 4676 Σύμμαχος.
3240 4607 3411 4659 Πύλαι
3447 4608 3555 4679 γὰρ
3594 4610 3762 4680 αὐτὴν
3794 4611 3889 4664 καὶ
3921 4609 4082 4679 θύραι

847 4699 903 4753 in
933 4699 1210 4752 civitatem
1262 4698 1573 4754 munitam?
1609 4718 1628 4750 ι
1677 4706 1770 4752 aut
1829 4716 1848 4748 ι
1878 4698 1934 4752 in
1983 4697 2256 4752 civitatem
2302 4699 2413 4753 cir-

845 4786 1225 4854 cumseptam?
1260 4805 1280 4839 ι
1330 4789 1411 4841 sic
1451 4789 1597 4843 enim
1627 4789 2014 4857 interpretatus
2054 4785 2412 4858 Symmachus

846 4888 950 4934 est.
1003 4877 1132 4931 Eam
1170 4877 1369 4947 quippe
1401 4885 1591 4949 porte,
1644 4879 1826 4945 ianua
1862 4887 1917 4934 et
1968 4889 2150 4934 vectes
2199 4877 2413 4931 divina-

848 4983 970 5022 rum
1025 4970 1292 5023 virtutum
1321 4969 1810 5031 circummuniunt,
1852 4985 1922 5024 ne
1972 4970 2205 5040 quadam
2257 4969 2413 5023 obsi-

845 5059 1006 5115 dione
1041 5067 1337 5130 prematur.
1375 5062 1558 5128 Quare
1605 5061 1672 5116 de
1731 5062 1819 5120 illa
1867 5061 2077 5116 dicebat
2106 5061 2355 5116 Salvator
2391 5081 2404 5117 :

850 5177 872 5212 ι
898 5160 1072 5231 Super
1104 5161 1245 5215 hanc
1301 5169 1507 5230 petram
1556 5161 1838 5216 aediﬁcabo
1871 5159 2170 5216 Ecclesiam
2202 5177 2402 5226 meam,

847 5260 901 5306 et
942 5260 1108 5322 portae
1141 5253 1299 5307 inferi
1330 5267 1438 5306 non
1461 5254 1826 5321 praevalebunt
1865 5252 2126 5306 adversus
2150 5268 2270 5307 eam
2287 5253 2356 5306 ".
2382 5273 2400 5304 ι

850 5340 1001 5398 Hanc
1052 5346 1216 5414 igitur
1272 5347 1694 5413 circumseptam
1745 5344 2022 5399 civitatem
2063 5343 2248 5398 videre
2308 5359 2408 5414 ge-

851 5433 1020 5488 stiens
1050 5434 1317 5504 Propheta
1345 5435 1562 5496 dicebat
1592 5454 1604 5488 :
1636 5452 1655 5481 σ
1684 5433 2083 5504 Quislabducet
2110 5448 2196 5488 me
2229 5435 2284 5488 in
2328 5435 2407 5488 ci-

851 5523 1070 5578 vitatem
1129 5528 1483 5604 munitam?»
1554 5527 1732 5596 Atque
1780 5528 2206 5596 alienigenarum
2255 5528 2406 5582 salu-

848 5622 958 5670 tem
1009 5617 1182 5672 oculis
1232 5620 1503 5689 inspicere
1550 5628 1866 5689 peroptans,
1915 5620 2028 5674 hec
2081 5617 2402 5686 adjiciebat:

859 5719 883 5759 a
909 5704 1042 5771 Quis
1075 5706 1308 5761 deducet
1351 5723 1634 5780 meusque
1677 5711 1731 5763 in
1776 5708 2099 5765 ldumcam?
2127 5727 2146 5760 ι
2205 5706 2406 5763 Deinde

2511 4697 2604 4748 καὶ
2633 4694 2820 4766 μοχλοὶ
2850 4695 3007 4749 θείων
3053 4695 3331 4766 δυνάμεων
3372 4699 3814 4772 περιφράττουσι,
3845 4700 3980 4770 πρὸς
4020 4699 4084 4753 16

2512 4789 2585 4857 μή
2624 4804 2746 4840 τινα
2783 4789 3070 4857 ὑπομεῖναι
3104 4789 3436 4861 πολιορκίαν.
3466 4793 3556 4845 Διὸ
3593 4793 3719 4863 περὶ
3764 4792 3932 4862 αὐτῆς
3963 4790 4080 4845 ἔλε-

2509 4892 2603 4943 γεν
2629 4879 2657 4930 6
2704 4877 2927 4948 Σωτήρ’
2966 4896 2984 4928 ι
3036 4879 3156 4931 Ἐπὶ
3203 4883 3301 4952 τὴν
3346 4882 3550 4952 πέτραν
3598 4882 3936 4952 οίκοδομήσω
3979 4899 4080 4953 μου

2505 4970 2604 5040 τὴν
2659 4971 3003 5043 Ἐκκλησίαν,
3055 4975 3146 5026 καὶ
3189 4976 3352 5030 πύλαι
3393 4977 3518 5047 ᾅδου
3567 4977 3627 5028 οὐ
3671 4975 4081 5046 κατισχύσουσιν

2508 5061 2697 5132 αὐτῆς.
2749 5083 2768 5114 ι
2815 5063 3031 5135 Ταύτην
3075 5063 3168 5120 οὗν
3217 5069 3314 5138 τὴν
3363 5068 3881 5139 περιπεφραγμένην
3928 5068 4082 5124 πόλιν

2514 5156 2792 5227 ἐπιθυμῶν
2821 5158 2950 5210 ἰδεῖν
2989 5161 3017 5210 6
3050 5159 3339 5231 Προφήτης
3367 5161 3547 5227 ἐλεγε·
3586 5180 3603 5210 ι
3649 5161 3740 5224 Τίς
3783 5163 3977 5226 ἀπάξει
4015 5179 4079 5235 με

2514 5248 2593 5298 εις
2624 5247 2778 5303 πόλιν
2809 5249 3102 5319 περιοχῆςς
3139 5270 3156 5301 ι
3184 5251 3292 5303 Καὶ
3314 5252 3414 5320 τὴν
3439 5251 3543 5304 τῶν
3572 5252 3879 5322 ἀλλοφύλων
3909 5271 4082 5324 σωτη-

2519 5355 2640 5410 ριν
2688 5341 2980 5412 εὐχόμενος
3023 5341 3318 5411 ὀφθαλμοῖς
3365 5344 3717 5413 παραλαόεω,
3774 5345 4080 5414 προσετίθει

2514 5428 2720 5496 λέγων*
2772 5451 2790 5483 ι
2841 5432 2936 5496 Τίς
2980 5433 3231 5503 ὁδηγήσει
3281 5451 3347 5504 με
3392 5435 3494 5499 ἕως
3541 5437 3641 5506 τῆς
3686 5437 4022 5507 Ἰδουμαίαςς
4055 5455 4074 5487 ι

2516 5519 2647 5576 Εἶτα
2682 5527 2894 5598 πριῖιτον
2921 5529 3014 5582 καὶ
3049 5529 3299 5600 δεύτερον
3342 5528 3530 5596 εἰπὼν,
3566 5550 3584 5582 ι
3629 5531 3758 5596 Τίς;
3798 5551 3816 5582 ι
3848 5533 3939 5583 τὸν
3981 5529 4079 5599 μό-

2515 5632 2602 5666 νον
2641 5616 2859 5671 δυνατὸν
2884 5614 3056 5674 ταῦτα
3080 5619 3350 5674 δεικνύναι
3377 5621 3662 5692 γνωρίζειν
3702 5622 3979 5692 ὁμολογιϊ⁹
4010 5614 4080 5690 ἦν

2513 5707 2572 5760 δέ
2604 5702 2757 5773 οὗτος
2784 5713 2812 5763 6
2840 5711 3001 5774 Θεός⁹
3031 5712 3060 5765 δ
3084 5714 3202 5765 κατ’
3231 5711 3405 5782 ἀρχὰς
3437 5711 3534 5780 τῆς
3561 5713 3922 5782 προκειμένης
3950 5724 4080 5784 πη-

925 5882 1148 5941 "‘Psal.
1184 5902 1412 5956 Lxxxvi,
1448 5888 1502 5944 δ.
1576 5892 1619 5923 υ
1659 5890 1803 5948 Psal.
1849 5909 1970 5960 ην,
2012 5897 2061 5952 5.
2141 5896 2184 5928 ³⁸
2227 5895 2418 5950 Malui-
2464 5911 2582 5958 XV':
2619 5896 2706 5953 ίθο
