  <div class='ocr_page' id='page_1' title='image "/cluster/home/n/w/nwhite01/storage/ocr_20150623/23/coo.31924054873041/302.png"; bbox 0 0 4402 6408; ppageno 0'>
   <div class='ocr_carea' id='block_1_1' title="bbox 255 456 360 520">
    <p class='ocr_par' dir='ltr' id='par_1_1' title="bbox 255 456 360 520">
     <span class='ocr_line' id='line_1_1' title="bbox 255 456 360 520; baseline 0.01 -1"><span class='ocrx_word' id='word_1_1' title='bbox 255 456 360 520; x_wconf 71' lang='grc'><strong>875</strong></span> 
     </span>
    </p>
   </div>
   <div class='ocr_carea' id='block_1_2' title="bbox 1378 458 2344 517">
    <p class='ocr_par' dir='ltr' id='par_1_2' title="bbox 1378 458 2344 517">
     <span class='ocr_line' id='line_1_2' title="bbox 1378 458 2344 517; baseline -0.002 -1"><span class='ocrx_word' id='word_1_2' title='bbox 1378 458 1872 516; x_wconf 68' lang='lat' dir='ltr'><strong>COIIMEN‘I&#39;ABIA</strong></span> <span class='ocrx_word' id='word_1_3' title='bbox 1908 460 1973 514; x_wconf 80' lang='lat' dir='ltr'><strong>IN</strong></span> <span class='ocrx_word' id='word_1_4' title='bbox 2009 460 2344 517; x_wconf 78' lang='lat' dir='ltr'><strong>PSALIOS.</strong></span> 
     </span>
    </p>
   </div>
   <div class='ocr_carea' id='block_1_3' title="bbox 3355 468 3458 522">
    <p class='ocr_par' dir='ltr' id='par_1_3' title="bbox 3355 468 3458 522">
     <span class='ocr_line' id='line_1_3' title="bbox 3355 468 3458 522; baseline 0.01 -2"><span class='ocrx_word' id='word_1_5' title='bbox 3355 468 3458 522; x_wconf 67' lang='lat'><strong>574</strong></span> 
     </span>
    </p>
   </div>
   <div class='ocr_carea' id='block_1_4' title="bbox 252 575 1990 654">
    <p class='ocr_par' dir='ltr' id='par_1_4' title="bbox 252 575 1983 654">
     <span class='ocr_line' id='line_1_4' title="bbox 252 575 1983 654; baseline -0.003 -18"><span class='ocrx_word' id='word_1_6' title='bbox 252 583 551 654; x_wconf 81' lang='grc' dir='ltr'>λοτραφίας</span> <span class='ocrx_word' id='word_1_7' title='bbox 583 580 783 649; x_wconf 66' lang='grc' dir='ltr'>ἔλεγεν·</span> <span class='ocrx_word' id='word_1_8' title='bbox 815 598 832 630; x_wconf 88' lang='grc' dir='ltr'><strong>ι</strong></span> <span class='ocrx_word' id='word_1_9' title='bbox 879 579 936 632; x_wconf 86' lang='lat'><strong>&#39;0</strong></span> <span class='ocrx_word' id='word_1_10' title='bbox 963 578 1113 642; x_wconf 77' lang='grc' dir='ltr'>Θεὸς,</span> <span class='ocrx_word' id='word_1_11' title='bbox 1138 575 1344 631; x_wconf 73' lang='grc' dir='ltr'>ἀπώσω</span> <span class='ocrx_word' id='word_1_12' title='bbox 1376 578 1521 646; x_wconf 72' lang='grc' dir='ltr'>ἡμᾶς</span> <span class='ocrx_word' id='word_1_13' title='bbox 1553 576 1647 630; x_wconf 74' lang='grc' dir='ltr'><strong>καὶ</strong></span> <span class='ocrx_word' id='word_1_14' title='bbox 1679 575 1816 629; x_wconf 74' lang='grc' dir='ltr'>καθ-</span> <span class='ocrx_word' id='word_1_15' title='bbox 1846 583 1889 639; x_wconf 78' lang='grc' dir='ltr'><strong>Α</strong></span> <span class='ocrx_word' id='word_1_16' title='bbox 1918 591 1983 630; x_wconf 89' lang='lat' dir='ltr'><strong>cu</strong></span> 
     </span>
    </p>
   </div>
   <div class='ocr_carea' id='block_1_5' title="bbox 1718 575 3456 654">
    <p class='ocr_par' dir='ltr' id='par_1_5' title="bbox 1718 575 3456 649">
     <span class='ocr_line' id='line_1_5' title="bbox 1718 575 3456 649; baseline 0.003 -21"><span class='ocrx_word' id='word_1_17' title='bbox 1718 575 1816 629; x_wconf 84' lang='grc' dir='ltr'>αθ-</span> <span class='ocrx_word' id='word_1_18' title='bbox 1846 583 1889 639; x_wconf 79' lang='grc' dir='ltr'><strong>Α</strong></span> <span class='ocrx_word' id='word_1_19' title='bbox 1918 591 2040 631; x_wconf 90' lang='lat' dir='ltr'><strong>cum</strong></span> <span class='ocrx_word' id='word_1_20' title='bbox 2097 575 2263 632; x_wconf 86' lang='lat' dir='ltr'><strong>semel</strong></span> <span class='ocrx_word' id='word_1_21' title='bbox 2300 582 2353 630; x_wconf 94' lang='lat' dir='ltr'><strong>et</strong></span> <span class='ocrx_word' id='word_1_22' title='bbox 2385 575 2624 629; x_wconf 88' lang='lat' dir='ltr'><strong>secundo</strong></span> <span class='ocrx_word' id='word_1_23' title='bbox 2653 575 2899 641; x_wconf 89' lang='lat' dir='ltr'><strong>dixisset,</strong></span> <span class='ocrx_word' id='word_1_24' title='bbox 2919 594 2937 627; x_wconf 84' lang='grc' dir='ltr'><strong>ι</strong></span> <span class='ocrx_word' id='word_1_25' title='bbox 2957 575 3132 643; x_wconf 77' lang='lat' dir='ltr'><strong>Quis?</strong></span> <span class='ocrx_word' id='word_1_26' title='bbox 3162 598 3181 630; x_wconf 81' lang='grc' dir='ltr'><strong>ι</strong></span> <span class='ocrx_word' id='word_1_27' title='bbox 3216 592 3336 632; x_wconf 88' lang='lat' dir='ltr'><strong>eum</strong></span> <span class='ocrx_word' id='word_1_28' title='bbox 3366 584 3456 649; x_wconf 88' lang='lat' dir='ltr'><strong>qui</strong></span> 
     </span>
    </p>
   </div>
   <div class='ocr_carea' id='block_1_6' title="bbox 252 665 1813 746">
    <p class='ocr_par' dir='ltr' id='par_1_6' title="bbox 252 665 1813 746">
     <span class='ocr_line' id='line_1_6' title="bbox 252 665 1813 746; baseline -0.007 -17"><span class='ocrx_word' id='word_1_29' title='bbox 252 677 392 738; x_wconf 79' lang='grc' dir='ltr'>εῐλες</span> <span class='ocrx_word' id='word_1_30' title='bbox 433 675 598 746; x_wconf 75' lang='grc' dir='ltr'>ἡμᾶς.</span> <span class='ocrx_word' id='word_1_31' title='bbox 646 694 664 726; x_wconf 82' lang='grc' dir='ltr'><strong>ι</strong></span> <span class='ocrx_word' id='word_1_32' title='bbox 707 673 796 727; x_wconf 80' lang='grc' dir='ltr'><strong>Διὸ</strong></span> <span class='ocrx_word' id='word_1_33' title='bbox 849 671 984 746; x_wconf 82' lang='grc' dir='ltr'>πρὸς</span> <span class='ocrx_word' id='word_1_34' title='bbox 1026 672 1249 739; x_wconf 69' lang='grc' dir='ltr'>ἐκείνην,</span> <span class='ocrx_word' id='word_1_35' title='bbox 1274 668 1370 737; x_wconf 80' lang='grc' dir='ltr'>τὴν</span> <span class='ocrx_word' id='word_1_36' title='bbox 1413 665 1591 737; x_wconf 76' lang='grc' dir='ltr'>φωνὴν</span> <span class='ocrx_word' id='word_1_37' title='bbox 1632 667 1813 720; x_wconf 76' lang='grc' dir='ltr'>ἀποδί-</span> 
     </span>
    </p>
   </div>
   <div class='ocr_carea' id='block_1_7' title="bbox 250 758 1811 835">
    <p class='ocr_par' dir='ltr' id='par_1_7' title="bbox 250 758 1811 835">
     <span class='ocr_line' id='line_1_7' title="bbox 250 758 1811 835; baseline -0.007 -14"><span class='ocrx_word' id='word_1_38' title='bbox 250 766 427 822; x_wconf 70' lang='grc' dir='ltr'>δωσινι</span> <span class='ocrx_word' id='word_1_39' title='bbox 453 764 686 819; x_wconf 69' lang='grc' dir='ltr'>ενταῦθα</span> <span class='ocrx_word' id='word_1_40' title='bbox 713 764 810 835; x_wconf 82' lang='grc' dir='ltr'><strong>τὴν</strong></span> <span class='ocrx_word' id='word_1_41' title='bbox 835 765 1000 833; x_wconf 75' lang='grc' dir='ltr'>αὐτὴν</span> <span class='ocrx_word' id='word_1_42' title='bbox 1021 761 1254 815; x_wconf 82' lang='grc' dir='ltr'>διάνοιαν</span> <span class='ocrx_word' id='word_1_43' title='bbox 1289 758 1488 827; x_wconf 87' lang='grc' dir='ltr'>λέγων·</span> <span class='ocrx_word' id='word_1_44' title='bbox 1530 776 1548 807; x_wconf 82' lang='grc' dir='ltr'><strong>ε</strong></span> <span class='ocrx_word' id='word_1_45' title='bbox 1579 758 1710 826; x_wconf 79' lang='grc' dir='ltr'><strong>οὐχὶ</strong></span> <span class='ocrx_word' id='word_1_46' title='bbox 1748 759 1811 810; x_wconf 86' lang='grc' dir='ltr'>σὺ</span> 
     </span>
    </p>
   </div>
   <div class='ocr_carea' id='block_1_8' title="bbox 251 848 1809 926">
    <p class='ocr_par' dir='ltr' id='par_1_8' title="bbox 251 848 1809 926">
     <span class='ocr_line' id='line_1_8' title="bbox 251 848 1809 926; baseline -0.007 -16"><span class='ocrx_word' id='word_1_47' title='bbox 251 859 283 910; x_wconf 99' lang='lat'><strong>6</strong></span> <span class='ocrx_word' id='word_1_48' title='bbox 307 857 438 920; x_wconf 77' lang='grc' dir='ltr'>Θεὸς</span> <span class='ocrx_word' id='word_1_49' title='bbox 484 858 514 909; x_wconf 93' lang='lat'><strong>6</strong></span> <span class='ocrx_word' id='word_1_50' title='bbox 539 856 893 926; x_wconf 75' lang='grc' dir='ltr'>ἀπωσάμενος</span> <span class='ocrx_word' id='word_1_51' title='bbox 933 854 1107 924; x_wconf 75' lang='grc' dir='ltr'>ήμάςς</span> <span class='ocrx_word' id='word_1_52' title='bbox 1142 871 1159 902; x_wconf 88' lang='grc' dir='ltr'><strong>ι</strong></span> <span class='ocrx_word' id='word_1_53' title='bbox 1200 850 1295 913; x_wconf 84' lang='grc' dir='ltr'><strong>Τίς</strong></span> <span class='ocrx_word' id='word_1_54' title='bbox 1319 849 1426 918; x_wconf 82' lang='grc' dir='ltr'>γὰρ</span> <span class='ocrx_word' id='word_1_55' title='bbox 1455 848 1628 911; x_wconf 73' lang='grc' dir='ltr'>ἄλλος,</span> <span class='ocrx_word' id='word_1_56' title='bbox 1658 850 1809 917; x_wconf 74' lang='grc' dir='ltr'>φησι,</span> 
     </span>
    </p>
   </div>
   <div class='ocr_carea' id='block_1_9' title="bbox 253 939 1812 1018">
    <p class='ocr_par' dir='ltr' id='par_1_9' title="bbox 253 939 1812 1018">
     <span class='ocr_line' id='line_1_9' title="bbox 253 939 1812 1018; baseline -0.005 -18"><span class='ocrx_word' id='word_1_57' title='bbox 253 946 474 1001; x_wconf 79' lang='grc' dir='ltr'>δύναται</span> <span class='ocrx_word' id='word_1_58' title='bbox 499 947 667 1012; x_wconf 76' lang='grc' dir='ltr'>δεῖξαι</span> <span class='ocrx_word' id='word_1_59' title='bbox 691 947 823 1018; x_wconf 73' lang='grc' dir='ltr'>ἡμῖν</span> <span class='ocrx_word' id='word_1_60' title='bbox 853 944 949 1007; x_wconf 68' lang='grc' dir='ltr'>τὰς</span> <span class='ocrx_word' id='word_1_61' title='bbox 975 939 1302 1010; x_wconf 74' lang='grc' dir='ltr'>επαγγελίας</span> <span class='ocrx_word' id='word_1_62' title='bbox 1334 940 1432 1002; x_wconf 88' lang='grc' dir='ltr'><strong>τὰς</strong></span> <span class='ocrx_word' id='word_1_63' title='bbox 1461 940 1559 1002; x_wconf 88' lang='grc' dir='ltr'><strong>σάς</strong></span> <span class='ocrx_word' id='word_1_64' title='bbox 1593 939 1812 992; x_wconf 78' lang='grc' dir='ltr'>καὶτῶν</span> 
     </span>
    </p>
   </div>
   <div class='ocr_carea' id='block_1_10' title="bbox 260 1029 1812 1106">
    <p class='ocr_par' dir='ltr' id='par_1_10' title="bbox 260 1029 1812 1106">
     <span class='ocr_line' id='line_1_10' title="bbox 260 1029 1812 1106; baseline -0.005 -17"><span class='ocrx_word' id='word_1_65' title='bbox 260 1035 364 1089; x_wconf 98' lang='grc' dir='ltr'><strong>σῶν</strong></span> <span class='ocrx_word' id='word_1_66' title='bbox 386 1038 561 1106; x_wconf 83' lang='grc' dir='ltr'>λόγων</span> <span class='ocrx_word' id='word_1_67' title='bbox 592 1037 659 1090; x_wconf 79' lang='grc' dir='ltr'>τὰ</span> <span class='ocrx_word' id='word_1_68' title='bbox 691 1034 1120 1103; x_wconf 75' lang='grc' dir='ltr'><strong>ἀποτελέσματα,</strong></span> <span class='ocrx_word' id='word_1_69' title='bbox 1154 1033 1200 1084; x_wconf 88' lang='grc' dir='ltr'><strong>εί</strong></span> <span class='ocrx_word' id='word_1_70' title='bbox 1236 1031 1309 1102; x_wconf 79' lang='grc' dir='ltr'>μὴ</span> <span class='ocrx_word' id='word_1_71' title='bbox 1338 1032 1402 1084; x_wconf 80' lang='grc' dir='ltr'>σὺ</span> <span class='ocrx_word' id='word_1_72' title='bbox 1431 1029 1590 1092; x_wconf 82' lang='grc' dir='ltr'>αὐτὸς</span> <span class='ocrx_word' id='word_1_73' title='bbox 1637 1031 1666 1081; x_wconf 88' lang='lat'><strong>6</strong></span> <span class='ocrx_word' id='word_1_74' title='bbox 1706 1031 1812 1082; x_wconf 80' lang='grc' dir='ltr'>ἀπ-</span> 
     </span>
    </p>
   </div>
   <div class='ocr_carea' id='block_1_11' title="bbox 255 1118 1809 1196">
    <p class='ocr_par' dir='ltr' id='par_1_11' title="bbox 255 1118 1809 1196">
     <span class='ocr_line' id='line_1_11' title="bbox 255 1118 1809 1196; baseline -0.005 -18"><span class='ocrx_word' id='word_1_75' title='bbox 255 1127 536 1195; x_wconf 81' lang='grc' dir='ltr'>ωσάμενος</span> <span class='ocrx_word' id='word_1_76' title='bbox 568 1127 750 1196; x_wconf 51' lang='lat' dir='ltr'><strong>qua;</strong></span> <span class='ocrx_word' id='word_1_77' title='bbox 777 1124 831 1194; x_wconf 69' lang='grc' dir='ltr'>ἢ,</span> <span class='ocrx_word' id='word_1_78' title='bbox 863 1121 1003 1175; x_wconf 81' lang='grc' dir='ltr'>κατά</span> <span class='ocrx_word' id='word_1_79' title='bbox 1036 1119 1127 1173; x_wconf 76' lang='grc' dir='ltr'><strong>τὸν</strong></span> <span class='ocrx_word' id='word_1_80' title='bbox 1155 1119 1464 1192; x_wconf 77' lang='grc' dir='ltr'><strong>Σύμμαχον,</strong></span> <span class='ocrx_word' id='word_1_81' title='bbox 1494 1136 1512 1168; x_wconf 83' lang='grc' dir='ltr'><strong>ι</strong></span> <span class='ocrx_word' id='word_1_82' title='bbox 1547 1119 1610 1170; x_wconf 78' lang='lat' dir='ltr'><strong>Et</strong></span> <span class='ocrx_word' id='word_1_83' title='bbox 1642 1118 1714 1189; x_wconf 77' lang='grc' dir='ltr'>μὴ</span> <span class='ocrx_word' id='word_1_84' title='bbox 1746 1119 1809 1170; x_wconf 86' lang='grc' dir='ltr'>σὺ</span> 
     </span>
    </p>
   </div>
   <div class='ocr_carea' id='block_1_12' title="bbox 254 1207 1810 1281">
    <p class='ocr_par' dir='ltr' id='par_1_12' title="bbox 254 1207 1810 1281">
     <span class='ocr_line' id='line_1_12' title="bbox 254 1207 1810 1281; baseline -0.002 -17"><span class='ocrx_word' id='word_1_85' title='bbox 254 1213 284 1264; x_wconf 93' lang='lat'><strong>6</strong></span> <span class='ocrx_word' id='word_1_86' title='bbox 315 1211 448 1276; x_wconf 74' lang='grc' dir='ltr'>Θεὸς</span> <span class='ocrx_word' id='word_1_87' title='bbox 476 1215 505 1265; x_wconf 93' lang='lat'><strong>6</strong></span> <span class='ocrx_word' id='word_1_88' title='bbox 535 1211 964 1281; x_wconf 77' lang='grc' dir='ltr'>ἀποδαλλόμενος</span> <span class='ocrx_word' id='word_1_89' title='bbox 988 1211 1154 1281; x_wconf 70' lang='grc' dir='ltr'>ἡμᾶς,</span> <span class='ocrx_word' id='word_1_90' title='bbox 1183 1209 1276 1262; x_wconf 61' lang='grc' dir='ltr'><strong>καὶ⁵</strong></span> <span class='ocrx_word' id='word_1_91' title='bbox 1309 1209 1382 1280; x_wconf 81' lang='grc' dir='ltr'>μὴ</span> <span class='ocrx_word' id='word_1_92' title='bbox 1417 1207 1724 1277; x_wconf 78' lang='grc' dir='ltr'>προσελθὼν</span> <span class='ocrx_word' id='word_1_93' title='bbox 1754 1211 1810 1261; x_wconf 83' lang='grc' dir='ltr'>ὲν</span> 
     </span>
    </p>
   </div>
   <div class='ocr_carea' id='block_1_13' title="bbox 254 1296 1825 1374">
    <p class='ocr_par' dir='ltr' id='par_1_13' title="bbox 254 1296 1825 1374">
     <span class='ocr_line' id='line_1_13' title="bbox 254 1296 1825 1374; baseline 0.002 -20"><span class='ocrx_word' id='word_1_94' title='bbox 254 1300 374 1367; x_wconf 81' lang='grc' dir='ltr'>ταῐς</span> <span class='ocrx_word' id='word_1_95' title='bbox 420 1303 798 1374; x_wconf 81' lang='grc' dir='ltr'>στρατεύσεσιν</span> <span class='ocrx_word' id='word_1_96' title='bbox 1067 1321 1086 1354; x_wconf 83' lang='grc' dir='ltr'><strong>ι</strong></span> <span class='ocrx_word' id='word_1_97' title='bbox 1133 1299 1360 1355; x_wconf 75' lang='grc' dir='ltr'>Ἀτοώσω</span> <span class='ocrx_word' id='word_1_98' title='bbox 1389 1301 1495 1370; x_wconf 81' lang='grc' dir='ltr'>γὰρ</span> <span class='ocrx_word' id='word_1_99' title='bbox 1535 1299 1681 1369; x_wconf 70' lang='grc' dir='ltr'><strong>ἡμᾶς</strong></span> <span class='ocrx_word' id='word_1_100' title='bbox 1722 1296 1825 1363; x_wconf 61' lang='lat' dir='ltr'><strong>diu.</strong></span> 
     </span>
    </p>
   </div>
   <div class='ocr_carea' id='block_1_14' title="bbox 255 1387 1809 1466">
    <p class='ocr_par' dir='ltr' id='par_1_14' title="bbox 255 1387 1809 1466">
     <span class='ocr_line' id='line_1_14' title="bbox 255 1387 1809 1466; baseline -0.006 -17"><span class='ocrx_word' id='word_1_101' title='bbox 255 1396 446 1466; x_wconf 80' lang='grc' dir='ltr'>Κύριε.</span> <span class='ocrx_word' id='word_1_102' title='bbox 481 1395 572 1449; x_wconf 78' lang='grc' dir='ltr'><strong>καὶ</strong></span> <span class='ocrx_word' id='word_1_103' title='bbox 609 1392 1063 1464; x_wconf 78' lang='grc' dir='ltr'>καθεϊλεςὴμᾶς·</span> <span class='ocrx_word' id='word_1_104' title='bbox 1099 1391 1232 1446; x_wconf 88' lang='grc' dir='ltr'><strong>ἀλλά</strong></span> <span class='ocrx_word' id='word_1_105' title='bbox 1264 1391 1357 1442; x_wconf 76' lang='grc' dir='ltr'><strong>καὶ</strong></span> <span class='ocrx_word' id='word_1_106' title='bbox 1398 1389 1562 1442; x_wconf 80' lang='grc' dir='ltr'>πάλαι</span> <span class='ocrx_word' id='word_1_107' title='bbox 1607 1387 1809 1452; x_wconf 74' lang='grc' dir='ltr'>εἰωθὼς</span> 
     </span>
    </p>
   </div>
   <div class='ocr_carea' id='block_1_15' title="bbox 257 1479 1810 1554">
    <p class='ocr_par' dir='ltr' id='par_1_15' title="bbox 257 1479 1810 1554">
     <span class='ocr_line' id='line_1_15' title="bbox 257 1479 1810 1554; baseline -0.005 -17"><span class='ocrx_word' id='word_1_108' title='bbox 257 1483 556 1548; x_wconf 74' lang='grc' dir='ltr'><strong>συνεξιέναι</strong></span> <span class='ocrx_word' id='word_1_109' title='bbox 599 1484 691 1536; x_wconf 79' lang='grc' dir='ltr'><strong>καὶ</strong></span> <span class='ocrx_word' id='word_1_110' title='bbox 741 1483 1104 1554; x_wconf 67' lang='grc' dir='ltr'><strong>συμπολεμεῖν</strong></span> <span class='ocrx_word' id='word_1_111' title='bbox 1148 1483 1269 1544; x_wconf 78' lang='grc' dir='ltr'>ταῖς</span> <span class='ocrx_word' id='word_1_112' title='bbox 1319 1479 1611 1551; x_wconf 72' lang='grc' dir='ltr'><strong>ἡμετέραις</strong></span> <span class='ocrx_word' id='word_1_113' title='bbox 1655 1479 1810 1531; x_wconf 78' lang='grc' dir='ltr'>δυνά-</span> 
     </span>
    </p>
   </div>
   <div class='ocr_carea' id='block_1_16' title="bbox 256 1568 1810 1646">
    <p class='ocr_par' dir='ltr' id='par_1_16' title="bbox 256 1568 1810 1646">
     <span class='ocr_line' id='line_1_16' title="bbox 256 1568 1810 1646; baseline -0.005 -18"><span class='ocrx_word' id='word_1_114' title='bbox 256 1591 402 1646; x_wconf 85' lang='grc' dir='ltr'>μεσι,</span> <span class='ocrx_word' id='word_1_115' title='bbox 423 1574 517 1628; x_wconf 83' lang='grc' dir='ltr'>νῦν</span> <span class='ocrx_word' id='word_1_116' title='bbox 536 1575 622 1627; x_wconf 84' lang='grc' dir='ltr'><strong>δτε</strong></span> <span class='ocrx_word' id='word_1_117' title='bbox 651 1575 749 1645; x_wconf 79' lang='grc' dir='ltr'>τὴν</span> <span class='ocrx_word' id='word_1_118' title='bbox 775 1574 965 1644; x_wconf 78' lang='grc' dir='ltr'>κλῆσιν</span> <span class='ocrx_word' id='word_1_119' title='bbox 985 1574 1223 1642; x_wconf 73' lang='grc' dir='ltr'>δποιήσω</span> <span class='ocrx_word' id='word_1_120' title='bbox 1253 1571 1363 1624; x_wconf 84' lang='grc' dir='ltr'><strong>τῶν</strong></span> <span class='ocrx_word' id='word_1_121' title='bbox 1389 1568 1576 1635; x_wconf 65' lang='grc' dir='ltr'>δθνῶν,</span> <span class='ocrx_word' id='word_1_122' title='bbox 1607 1568 1810 1622; x_wconf 81' lang='grc' dir='ltr'>ἀπώσω</span> 
     </span>
    </p>
   </div>
   <div class='ocr_carea' id='block_1_17' title="bbox 254 1661 1804 1740">
    <p class='ocr_par' dir='ltr' id='par_1_17' title="bbox 254 1661 1804 1740">
     <span class='ocr_line' id='line_1_17' title="bbox 254 1661 1804 1740; baseline -0.003 -21"><span class='ocrx_word' id='word_1_123' title='bbox 254 1668 403 1738; x_wconf 71' lang='grc' dir='ltr'>ἡμᾶς</span> <span class='ocrx_word' id='word_1_124' title='bbox 427 1666 518 1719; x_wconf 73' lang='grc' dir='ltr'><strong>καὶ</strong></span> <span class='ocrx_word' id='word_1_125' title='bbox 546 1665 727 1720; x_wconf 82' lang='grc' dir='ltr'>οὐκέτι</span> <span class='ocrx_word' id='word_1_126' title='bbox 755 1665 1041 1736; x_wconf 78' lang='grc' dir='ltr'>συνεξέρχῃ</span> <span class='ocrx_word' id='word_1_127' title='bbox 1066 1663 1504 1740; x_wconf 74' lang='grc' dir='ltr'>ταῖςήμετέραις</span> <span class='ocrx_word' id='word_1_128' title='bbox 1529 1661 1804 1732; x_wconf 72' lang='grc' dir='ltr'>δυνάμεσι.</span> 
     </span>
    </p>
   </div>
   <div class='ocr_carea' id='block_1_18' title="bbox 255 1753 1807 1828">
    <p class='ocr_par' dir='ltr' id='par_1_18' title="bbox 255 1753 1807 1828">
     <span class='ocr_line' id='line_1_18' title="bbox 255 1753 1807 1828; baseline -0.004 -16"><span class='ocrx_word' id='word_1_129' title='bbox 255 1757 422 1828; x_wconf 77' lang='grc' dir='ltr'>’Δλλη</span> <span class='ocrx_word' id='word_1_130' title='bbox 470 1753 563 1812; x_wconf 80' lang='grc' dir='ltr'>οὖν</span> <span class='ocrx_word' id='word_1_131' title='bbox 593 1760 694 1812; x_wconf 84' lang='grc' dir='ltr'><strong>οὐκ</strong></span> <span class='ocrx_word' id='word_1_132' title='bbox 724 1758 868 1811; x_wconf 70' lang='grc' dir='ltr'>ἔστιν</span> <span class='ocrx_word' id='word_1_133' title='bbox 915 1759 1045 1827; x_wconf 76' lang='grc' dir='ltr'>ἡμῖν</span> <span class='ocrx_word' id='word_1_134' title='bbox 1069 1756 1228 1820; x_wconf 66' lang='grc' dir='ltr'>ἐλπὶς</span> <span class='ocrx_word' id='word_1_135' title='bbox 1252 1756 1388 1827; x_wconf 79' lang='grc' dir='ltr'>πρὸς</span> <span class='ocrx_word' id='word_1_136' title='bbox 1418 1755 1478 1807; x_wconf 76' lang='grc' dir='ltr'><strong>τὺ</strong></span> <span class='ocrx_word' id='word_1_137' title='bbox 1517 1753 1807 1808; x_wconf 80' lang='grc' dir='ltr'>θεάσασθαί</span> 
     </span>
    </p>
   </div>
   <div class='ocr_carea' id='block_1_19' title="bbox 249 1845 1801 1920">
    <p class='ocr_par' dir='ltr' id='par_1_19' title="bbox 249 1845 1801 1920">
     <span class='ocr_line' id='line_1_19' title="bbox 249 1845 1801 1920; baseline -0.006 -15"><span class='ocrx_word' id='word_1_138' title='bbox 249 1866 343 1905; x_wconf 87' lang='grc' dir='ltr'><strong>σου</strong></span> <span class='ocrx_word' id='word_1_139' title='bbox 388 1850 486 1915; x_wconf 88' lang='grc' dir='ltr'><strong>τάς</strong></span> <span class='ocrx_word' id='word_1_140' title='bbox 527 1851 876 1920; x_wconf 71' lang='grc' dir='ltr'>ἐπαγγελίας,</span> <span class='ocrx_word' id='word_1_141' title='bbox 921 1850 969 1902; x_wconf 83' lang='grc' dir='ltr'><strong>εί</strong></span> <span class='ocrx_word' id='word_1_142' title='bbox 1027 1849 1101 1919; x_wconf 77' lang='grc' dir='ltr'>μὴ</span> <span class='ocrx_word' id='word_1_143' title='bbox 1150 1848 1215 1901; x_wconf 80' lang='grc' dir='ltr'>σὺ</span> <span class='ocrx_word' id='word_1_144' title='bbox 1267 1847 1426 1911; x_wconf 74' lang='grc' dir='ltr'>αὐτὸς</span> <span class='ocrx_word' id='word_1_145' title='bbox 1471 1845 1801 1918; x_wconf 78' lang='grc' dir='ltr'><strong>βουληθείης.</strong></span> 
     </span>
    </p>
   </div>
   <div class='ocr_carea' id='block_1_20' title="bbox 1914 664 3459 736">
    <p class='ocr_par' dir='ltr' id='par_1_20' title="bbox 1914 664 3459 736">
     <span class='ocr_line' id='line_1_20' title="bbox 1914 664 3459 736; baseline 0.001 -14"><span class='ocrx_word' id='word_1_146' title='bbox 1914 668 2063 722; x_wconf 88' lang='lat' dir='ltr'><strong>solus</strong></span> <span class='ocrx_word' id='word_1_147' title='bbox 2101 667 2231 720; x_wconf 88' lang='lat' dir='ltr'><strong>talia</strong></span> <span class='ocrx_word' id='word_1_148' title='bbox 2271 664 2558 722; x_wconf 90' lang='lat' dir='ltr'><strong>ostendere</strong></span> <span class='ocrx_word' id='word_1_149' title='bbox 2605 667 2777 735; x_wconf 91' lang='lat' dir='ltr'><strong>possit</strong></span> <span class='ocrx_word' id='word_1_150' title='bbox 2825 682 3154 736; x_wconf 76' lang='lat' dir='ltr'><strong>cognoscere</strong></span> <span class='ocrx_word' id='word_1_151' title='bbox 3189 685 3248 723; x_wconf 89' lang='lat' dir='ltr'><strong>se</strong></span> <span class='ocrx_word' id='word_1_152' title='bbox 3290 671 3459 724; x_wconf 81' lang='lat' dir='ltr'><strong>conli-</strong></span> 
     </span>
    </p>
   </div>
   <div class='ocr_carea' id='block_1_21' title="bbox 1912 746 3460 827">
    <p class='ocr_par' dir='ltr' id='par_1_21' title="bbox 1912 746 3460 827">
     <span class='ocr_line' id='line_1_21' title="bbox 1912 746 3460 827; baseline 0.001 -15"><span class='ocrx_word' id='word_1_153' title='bbox 1912 746 2088 826; x_wconf 62' lang='lat' dir='ltr'><strong>tetur&#39;;</strong></span> <span class='ocrx_word' id='word_1_154' title='bbox 2124 759 2211 812; x_wconf 89' lang='lat' dir='ltr'><strong>hic</strong></span> <span class='ocrx_word' id='word_1_155' title='bbox 2234 773 2394 827; x_wconf 87' lang='lat' dir='ltr'><strong>porro</strong></span> <span class='ocrx_word' id='word_1_156' title='bbox 2429 756 2573 812; x_wconf 86' lang='lat' dir='ltr'><strong>Deus</strong></span> <span class='ocrx_word' id='word_1_157' title='bbox 2601 766 2748 823; x_wconf 88' lang='lat' dir='ltr'><strong>erat;</strong></span> <span class='ocrx_word' id='word_1_158' title='bbox 2781 756 2923 827; x_wconf 88' lang='lat' dir='ltr'><strong>quod</strong></span> <span class='ocrx_word' id='word_1_159' title='bbox 2958 759 3121 812; x_wconf 90' lang='lat' dir='ltr'><strong>etiam</strong></span> <span class='ocrx_word' id='word_1_160' title='bbox 3175 760 3330 814; x_wconf 91' lang='lat' dir='ltr'><strong>initio</strong></span> <span class='ocrx_word' id='word_1_161' title='bbox 3358 759 3460 813; x_wconf 89' lang='lat' dir='ltr'><strong>hu-</strong></span> 
     </span>
    </p>
   </div>
   <div class='ocr_carea' id='block_1_22' title="bbox 1906 848 3458 922">
    <p class='ocr_par' dir='ltr' id='par_1_22' title="bbox 1906 848 3458 922">
     <span class='ocr_line' id='line_1_22' title="bbox 1906 848 3458 922; baseline 0.001 -19"><span class='ocrx_word' id='word_1_162' title='bbox 1906 850 1996 918; x_wconf 82' lang='lat' dir='ltr'><strong>jus</strong></span> <span class='ocrx_word' id='word_1_163' title='bbox 2027 850 2174 903; x_wconf 90' lang='lat' dir='ltr'><strong>tituli</strong></span> <span class='ocrx_word' id='word_1_164' title='bbox 2226 849 2601 919; x_wconf 69' lang='lat' dir='ltr'><strong>inscriptionis</strong></span> <span class='ocrx_word' id='word_1_165' title='bbox 2649 848 2864 904; x_wconf 90' lang='lat' dir='ltr'><strong>dicebat</strong></span> <span class='ocrx_word' id='word_1_166' title='bbox 2896 869 2909 903; x_wconf 90' lang='lat'><strong>:</strong></span> <span class='ocrx_word' id='word_1_167' title='bbox 2945 868 2963 900; x_wconf 86' lang='grc' dir='ltr'><strong>ι</strong></span> <span class='ocrx_word' id='word_1_168' title='bbox 3003 848 3165 911; x_wconf 86' lang='lat' dir='ltr'><strong>Deus.</strong></span> <span class='ocrx_word' id='word_1_169' title='bbox 3209 852 3458 922; x_wconf 88' lang='lat' dir='ltr'><strong>repulisti</strong></span> 
     </span>
    </p>
   </div>
   <div class='ocr_carea' id='block_1_23' title="bbox 1909 940 3453 1013">
    <p class='ocr_par' dir='ltr' id='par_1_23' title="bbox 1909 940 3453 1013">
     <span class='ocr_line' id='line_1_23' title="bbox 1909 940 3453 1013; baseline 0.003 -17"><span class='ocrx_word' id='word_1_170' title='bbox 1909 958 2010 998; x_wconf 85' lang='lat' dir='ltr'><strong>nos</strong></span> <span class='ocrx_word' id='word_1_171' title='bbox 2035 951 2088 997; x_wconf 91' lang='lat' dir='ltr'><strong>et</strong></span> <span class='ocrx_word' id='word_1_172' title='bbox 2112 940 2432 996; x_wconf 87' lang='lat' dir='ltr'><strong>destruxisti</strong></span> <span class='ocrx_word' id='word_1_173' title='bbox 2462 956 2617 996; x_wconf 64' lang='lat' dir='ltr'><strong>nos.»</strong></span> <span class='ocrx_word' id='word_1_174' title='bbox 2644 941 2828 1008; x_wconf 79' lang='lat' dir='ltr'><strong>Quare</strong></span> <span class='ocrx_word' id='word_1_175' title='bbox 2859 942 2925 995; x_wconf 93' lang='lat' dir='ltr'><strong>ad</strong></span> <span class='ocrx_word' id='word_1_176' title='bbox 2955 942 3096 995; x_wconf 82' lang='lat' dir='ltr'><strong>illam</strong></span> <span class='ocrx_word' id='word_1_177' title='bbox 3115 957 3305 1011; x_wconf 14' lang='lat' dir='ltr'><strong>vocem,</strong></span> <span class='ocrx_word' id='word_1_178' title='bbox 3330 959 3453 1013; x_wconf 83' lang='lat' dir='ltr'><strong>spe-</strong></span> 
     </span>
    </p>
   </div>
   <div class='ocr_carea' id='block_1_24' title="bbox 1909 1031 3451 1104">
    <p class='ocr_par' dir='ltr' id='par_1_24' title="bbox 1909 1031 3451 1104">
     <span class='ocr_line' id='line_1_24' title="bbox 1909 1031 3451 1104; baseline 0.002 -17"><span class='ocrx_word' id='word_1_179' title='bbox 1909 1042 2085 1098; x_wconf 87' lang='lat' dir='ltr'><strong>ctans.</strong></span> <span class='ocrx_word' id='word_1_180' title='bbox 2125 1031 2374 1087; x_wconf 82' lang='lat' dir='ltr'><strong>eamdem</strong></span> <span class='ocrx_word' id='word_1_181' title='bbox 2425 1032 2514 1088; x_wconf 88' lang='lat' dir='ltr'><strong>hic</strong></span> <span class='ocrx_word' id='word_1_182' title='bbox 2578 1031 2778 1104; x_wconf 64' lang='lat' dir='ltr'><strong>profert</strong></span> <span class='ocrx_word' id='word_1_183' title='bbox 2839 1034 3156 1088; x_wconf 83' lang='lat' dir='ltr'><strong>sententiam</strong></span> <span class='ocrx_word' id='word_1_184' title='bbox 3226 1031 3451 1090; x_wconf 86' lang='lat' dir='ltr'><strong>dicens:</strong></span> 
     </span>
    </p>
   </div>
   <div class='ocr_carea' id='block_1_25' title="bbox 1915 1123 3453 1204">
    <p class='ocr_par' dir='ltr' id='par_1_25' title="bbox 1915 1123 3453 1204">
     <span class='ocr_line' id='line_1_25' title="bbox 1915 1123 3453 1204; baseline -0.001 -26"><span class='ocrx_word' id='word_1_185' title='bbox 1915 1145 1932 1178; x_wconf 83' lang='grc' dir='ltr'><strong>ι</strong></span> <span class='ocrx_word' id='word_1_186' title='bbox 1959 1123 2453 1204; x_wconf 60' lang='grc' dir='ltr'>Νιιιιιειιι,;ὓοιιε,</span> <span class='ocrx_word' id='word_1_187' title='bbox 2491 1128 2584 1194; x_wconf 80' lang='lat' dir='ltr'><strong>qui</strong></span> <span class='ocrx_word' id='word_1_188' title='bbox 2631 1128 2878 1197; x_wconf 80' lang='lat' dir='ltr'><strong>repulisti</strong></span> <span class='ocrx_word' id='word_1_189' title='bbox 2905 1126 3041 1182; x_wconf 81' lang='lat' dir='ltr'><strong>nos?</strong></span> <span class='ocrx_word' id='word_1_190' title='bbox 3064 1145 3084 1177; x_wconf 83' lang='grc' dir='ltr'><strong>ι</strong></span> <span class='ocrx_word' id='word_1_191' title='bbox 3138 1125 3270 1191; x_wconf 83' lang='lat' dir='ltr'><strong>Quis</strong></span> <span class='ocrx_word' id='word_1_192' title='bbox 3308 1126 3453 1180; x_wconf 82' lang='lat' dir='ltr'><strong>enim</strong></span> 
     </span>
    </p>
   </div>
   <div class='ocr_carea' id='block_1_26' title="bbox 1911 1218 3453 1287">
    <p class='ocr_par' dir='ltr' id='par_1_26' title="bbox 1911 1218 3453 1287">
     <span class='ocr_line' id='line_1_26' title="bbox 1911 1218 3453 1287; baseline -0.001 -17"><span class='ocrx_word' id='word_1_193' title='bbox 1911 1218 2074 1279; x_wconf 88' lang='lat' dir='ltr'><strong>alius,</strong></span> <span class='ocrx_word' id='word_1_194' title='bbox 2124 1219 2322 1287; x_wconf 90' lang='lat' dir='ltr'><strong>inquit,</strong></span> <span class='ocrx_word' id='word_1_195' title='bbox 2372 1219 2634 1286; x_wconf 86' lang='lat' dir='ltr'><strong>promissa</strong></span> <span class='ocrx_word' id='word_1_196' title='bbox 2664 1225 2777 1282; x_wconf 69' lang='lat' dir='ltr'><strong>tum,</strong></span> <span class='ocrx_word' id='word_1_197' title='bbox 2827 1224 2884 1271; x_wconf 87' lang='lat' dir='ltr'><strong>et</strong></span> <span class='ocrx_word' id='word_1_198' title='bbox 2924 1218 3211 1272; x_wconf 78' lang='lat' dir='ltr'><strong>verborum</strong></span> <span class='ocrx_word' id='word_1_199' title='bbox 3239 1227 3453 1271; x_wconf 87' lang='lat' dir='ltr'><strong>tuorum</strong></span> 
     </span>
    </p>
   </div>
   <div class='ocr_carea' id='block_1_27' title="bbox 1909 1306 3452 1377">
    <p class='ocr_par' dir='ltr' id='par_1_27' title="bbox 1909 1306 3452 1377">
     <span class='ocr_line' id='line_1_27' title="bbox 1909 1306 3452 1377; baseline -0.001 -15"><span class='ocrx_word' id='word_1_200' title='bbox 1909 1309 2111 1362; x_wconf 88' lang='lat' dir='ltr'><strong>exitum</strong></span> <span class='ocrx_word' id='word_1_201' title='bbox 2175 1309 2430 1363; x_wconf 87' lang='lat' dir='ltr'><strong>exhibere</strong></span> <span class='ocrx_word' id='word_1_202' title='bbox 2483 1308 2639 1362; x_wconf 86' lang='lat' dir='ltr'><strong>nobis</strong></span> <span class='ocrx_word' id='word_1_203' title='bbox 2697 1307 2891 1367; x_wconf 78' lang='lat' dir='ltr'><strong>valeat.</strong></span> <span class='ocrx_word' id='word_1_204' title='bbox 2958 1308 3062 1361; x_wconf 82' lang='lat' dir='ltr'><strong>nisi</strong></span> <span class='ocrx_word' id='word_1_205' title='bbox 3114 1316 3171 1360; x_wconf 90' lang='lat' dir='ltr'><strong>tu</strong></span> <span class='ocrx_word' id='word_1_206' title='bbox 3213 1306 3325 1377; x_wconf 90' lang='lat' dir='ltr'><strong>ipse</strong></span> <span class='ocrx_word' id='word_1_207' title='bbox 3360 1308 3452 1376; x_wconf 87' lang='lat' dir='ltr'><strong>qui</strong></span> 
     </span>
    </p>
   </div>
   <div class='ocr_carea' id='block_1_28' title="bbox 1909 1394 3453 1468">
    <p class='ocr_par' dir='ltr' id='par_1_28' title="bbox 1909 1394 3453 1468">
     <span class='ocr_line' id='line_1_28' title="bbox 1909 1394 3453 1468; baseline 0.003 -20"><span class='ocrx_word' id='word_1_208' title='bbox 1909 1397 2153 1464; x_wconf 87' lang='lat' dir='ltr'><strong>repulisti</strong></span> <span class='ocrx_word' id='word_1_209' title='bbox 2189 1397 2334 1451; x_wconf 83' lang='lat' dir='ltr'><strong>nos?</strong></span> <span class='ocrx_word' id='word_1_210' title='bbox 2364 1397 2499 1461; x_wconf 92' lang='lat' dir='ltr'><strong>sive,</strong></span> <span class='ocrx_word' id='word_1_211' title='bbox 2533 1397 2834 1452; x_wconf 88' lang='lat' dir='ltr'><strong>secundum</strong></span> <span class='ocrx_word' id='word_1_212' title='bbox 2864 1394 3265 1468; x_wconf 83' lang='lat' dir='ltr'><strong>Symmachum.</strong></span> <span class='ocrx_word' id='word_1_213' title='bbox 3296 1414 3314 1447; x_wconf 87' lang='grc' dir='ltr'><strong>ι</strong></span> <span class='ocrx_word' id='word_1_214' title='bbox 3335 1394 3453 1452; x_wconf 83' lang='lat' dir='ltr'><strong>Nisi</strong></span> 
     </span>
    </p>
   </div>
   <div class='ocr_carea' id='block_1_29' title="bbox 1913 1486 3454 1562">
    <p class='ocr_par' dir='ltr' id='par_1_29' title="bbox 1913 1486 3454 1562">
     <span class='ocr_line' id='line_1_29' title="bbox 1913 1486 3454 1562; baseline 0.001 -22"><span class='ocrx_word' id='word_1_215' title='bbox 1913 1497 1993 1550; x_wconf 92' lang='lat' dir='ltr'><strong>tu,</strong></span> <span class='ocrx_word' id='word_1_216' title='bbox 2025 1486 2187 1550; x_wconf 88' lang='lat' dir='ltr'><strong>Deus,</strong></span> <span class='ocrx_word' id='word_1_217' title='bbox 2211 1488 2302 1558; x_wconf 87' lang='lat' dir='ltr'><strong>qui</strong></span> <span class='ocrx_word' id='word_1_218' title='bbox 2336 1489 2532 1557; x_wconf 83' lang='lat' dir='ltr'><strong>abjicis</strong></span> <span class='ocrx_word' id='word_1_219' title='bbox 2565 1503 2688 1553; x_wconf 88' lang='lat' dir='ltr'><strong>nos.</strong></span> <span class='ocrx_word' id='word_1_220' title='bbox 2733 1496 2788 1542; x_wconf 91' lang='lat' dir='ltr'><strong>et</strong></span> <span class='ocrx_word' id='word_1_221' title='bbox 2816 1504 2924 1562; x_wconf 84' lang='lat' dir='ltr'><strong>non</strong></span> <span class='ocrx_word' id='word_1_222' title='bbox 2953 1488 3168 1544; x_wconf 82' lang='lat' dir='ltr'><strong>accedis</strong></span> <span class='ocrx_word' id='word_1_223' title='bbox 3205 1488 3273 1542; x_wconf 88' lang='lat' dir='ltr'><strong>ad</strong></span> <span class='ocrx_word' id='word_1_224' title='bbox 3302 1504 3454 1544; x_wconf 84' lang='lat' dir='ltr'><strong>exer-</strong></span> 
     </span>
    </p>
   </div>
   <div class='ocr_carea' id='block_1_30' title="bbox 1909 1577 3565 1658">
    <p class='ocr_par' dir='ltr' id='par_1_30' title="bbox 1909 1577 3565 1658">
     <span class='ocr_line' id='line_1_30' title="bbox 1909 1577 3565 1658; baseline 0.001 -25"><span class='ocrx_word' id='word_1_225' title='bbox 1909 1579 2050 1633; x_wconf 91' lang='lat' dir='ltr'><strong>citus</strong></span> <span class='ocrx_word' id='word_1_226' title='bbox 2085 1579 2340 1632; x_wconf 86' lang='lat' dir='ltr'><strong>nostros?</strong></span> <span class='ocrx_word' id='word_1_227' title='bbox 2370 1599 2388 1630; x_wconf 81' lang='grc' dir='ltr'><strong>ι</strong></span> <span class='ocrx_word' id='word_1_228' title='bbox 2464 1577 2738 1649; x_wconf 88' lang='lat' dir='ltr'><strong>Siquidem</strong></span> <span class='ocrx_word' id='word_1_229' title='bbox 2761 1579 3014 1658; x_wconf 76' lang='lat' dir='ltr'><strong>repulisti</strong></span> <span class='ocrx_word' id='word_1_230' title='bbox 3069 1594 3192 1645; x_wconf 82' lang='lat' dir='ltr'><strong>nos.</strong></span> <span class='ocrx_word' id='word_1_231' title='bbox 3243 1585 3301 1633; x_wconf 88' lang='lat' dir='ltr'><strong>tu</strong></span> <span class='ocrx_word' id='word_1_232' title='bbox 3347 1578 3454 1634; x_wconf 77' lang='lat' dir='ltr'><strong>Do-</strong></span> <span class='ocrx_word' id='word_1_233' title='bbox 3559 1580 3565 1585; x_wconf 88' lang='grc'><em>’</em></span> 
     </span>
    </p>
   </div>
   <div class='ocr_carea' id='block_1_31' title="bbox 1909 1668 3446 1739">
    <p class='ocr_par' dir='ltr' id='par_1_31' title="bbox 1909 1668 3446 1739">
     <span class='ocr_line' id='line_1_31' title="bbox 1909 1668 3446 1739; baseline 0.004 -18"><span class='ocrx_word' id='word_1_234' title='bbox 1909 1669 2076 1731; x_wconf 88' lang='lat' dir='ltr'><strong>mine,</strong></span> <span class='ocrx_word' id='word_1_235' title='bbox 2106 1676 2160 1721; x_wconf 90' lang='lat' dir='ltr'><strong>et</strong></span> <span class='ocrx_word' id='word_1_236' title='bbox 2189 1668 2380 1722; x_wconf 87' lang='lat' dir='ltr'><strong>destru</strong></span> <span class='ocrx_word' id='word_1_237' title='bbox 2396 1669 2520 1724; x_wconf 88' lang='lat' dir='ltr'><strong>xisti</strong></span> <span class='ocrx_word' id='word_1_238' title='bbox 2552 1685 2689 1723; x_wconf 92' lang='lat' dir='ltr'><strong>nos:</strong></span> <span class='ocrx_word' id='word_1_239' title='bbox 2727 1670 2823 1724; x_wconf 87' lang='lat' dir='ltr'><strong>sed</strong></span> <span class='ocrx_word' id='word_1_240' title='bbox 2855 1670 2948 1739; x_wconf 86' lang='lat' dir='ltr'><strong>qui</strong></span> <span class='ocrx_word' id='word_1_241' title='bbox 2974 1670 3102 1723; x_wconf 91' lang='lat' dir='ltr'><strong>olim</strong></span> <span class='ocrx_word' id='word_1_242' title='bbox 3136 1684 3244 1724; x_wconf 84' lang='lat' dir='ltr'><strong>una</strong></span> <span class='ocrx_word' id='word_1_243' title='bbox 3271 1669 3446 1727; x_wconf 53' lang='lat' dir='ltr'><strong>nobisv</strong></span> 
     </span>
    </p>
   </div>
   <div class='ocr_carea' id='block_1_32' title="bbox 1910 1760 3457 1830">
    <p class='ocr_par' dir='ltr' id='par_1_32' title="bbox 1910 1760 3457 1830">
     <span class='ocr_line' id='line_1_32' title="bbox 1910 1760 3457 1830; baseline 0.001 -16"><span class='ocrx_word' id='word_1_244' title='bbox 1910 1774 2032 1814; x_wconf 88' lang='lat' dir='ltr'><strong>cum</strong></span> <span class='ocrx_word' id='word_1_245' title='bbox 2076 1761 2248 1822; x_wconf 85' lang='lat' dir='ltr'><strong>exire,</strong></span> <span class='ocrx_word' id='word_1_246' title='bbox 2318 1767 2532 1814; x_wconf 90' lang='lat' dir='ltr'><strong>etcum</strong></span> <span class='ocrx_word' id='word_1_247' title='bbox 2584 1761 2915 1815; x_wconf 68' lang='lat' dir='ltr'><strong>exercitibus</strong></span> <span class='ocrx_word' id='word_1_248' title='bbox 2967 1760 3170 1816; x_wconf 86' lang='lat' dir='ltr'><strong>nostris</strong></span> <span class='ocrx_word' id='word_1_249' title='bbox 3217 1773 3457 1830; x_wconf 73' lang='lat' dir='ltr'><strong>pugnare</strong></span> 
     </span>
    </p>
   </div>
   <div class='ocr_carea' id='block_1_33' title="bbox 1914 1850 3451 1920">
    <p class='ocr_par' dir='ltr' id='par_1_33' title="bbox 1914 1850 3451 1920">
     <span class='ocr_line' id='line_1_33' title="bbox 1914 1850 3451 1920; baseline 0 -15"><span class='ocrx_word' id='word_1_250' title='bbox 1914 1850 2146 1913; x_wconf 85' lang='lat' dir='ltr'><strong>solebas.</strong></span> <span class='ocrx_word' id='word_1_251' title='bbox 2177 1864 2324 1904; x_wconf 90' lang='lat' dir='ltr'><strong>nunc</strong></span> <span class='ocrx_word' id='word_1_252' title='bbox 2366 1860 2488 1918; x_wconf 92' lang='lat' dir='ltr'><strong>post</strong></span> <span class='ocrx_word' id='word_1_253' title='bbox 2517 1859 2789 1919; x_wconf 82' lang='lat' dir='ltr'><strong>peractam</strong></span> <span class='ocrx_word' id='word_1_254' title='bbox 2821 1851 3059 1920; x_wconf 71' lang='lat' dir='ltr'><strong>gentium</strong></span> <span class='ocrx_word' id='word_1_255' title='bbox 3090 1850 3451 1915; x_wconf 73' lang='lat' dir='ltr'><strong>vocationem.</strong></span> 
     </span>
    </p>
   </div>
   <div class='ocr_carea' id='block_1_34' title="bbox 247 1920 1985 2016">
    <p class='ocr_par' dir='ltr' id='par_1_34' title="bbox 247 1920 1985 2016">
     <span class='ocr_line' id='line_1_34' title="bbox 247 1920 1985 2016; baseline -0.001 -21"><span class='ocrx_word' id='word_1_256' title='bbox 247 1941 349 1994; x_wconf 75' lang='grc' dir='ltr'><strong>Σοῦ</strong></span> <span class='ocrx_word' id='word_1_257' title='bbox 374 1940 482 2014; x_wconf 79' lang='grc' dir='ltr'>γὰρ</span> <span class='ocrx_word' id='word_1_258' title='bbox 520 1940 860 2012; x_wconf 84' lang='grc' dir='ltr'>θελήσαντος.</span> <span class='ocrx_word' id='word_1_259' title='bbox 886 1939 1123 2016; x_wconf 83' lang='grc' dir='ltr'>δυνατὸν</span> <span class='ocrx_word' id='word_1_260' title='bbox 1159 1941 1290 2009; x_wconf 77' lang='grc' dir='ltr'>ἡμῖν</span> <span class='ocrx_word' id='word_1_261' title='bbox 1347 1938 1472 2000; x_wconf 79' lang='grc' dir='ltr'>τοὺς</span> <span class='ocrx_word' id='word_1_262' title='bbox 1516 1937 1640 1998; x_wconf 79' lang='grc' dir='ltr'>σοὺς</span> <span class='ocrx_word' id='word_1_263' title='bbox 1677 1951 1808 2004; x_wconf 86' lang='grc' dir='ltr'>προ-</span> <span class='ocrx_word' id='word_1_264' title='bbox 1836 1920 1880 1980; x_wconf 69' lang='grc' dir='ltr'><strong>Β</strong></span> <span class='ocrx_word' id='word_1_265' title='bbox 1909 1954 1985 2009; x_wconf 77' lang='lat' dir='ltr'><strong>re]</strong></span> 
     </span>
    </p>
   </div>
   <div class='ocr_carea' id='block_1_35' title="bbox 1715 1920 3453 2016">
    <p class='ocr_par' dir='ltr' id='par_1_35' title="bbox 1715 1920 3453 2009">
     <span class='ocr_line' id='line_1_35' title="bbox 1715 1920 3453 2009; baseline 0.001 -16"><span class='ocrx_word' id='word_1_266' title='bbox 1715 1951 1808 2004; x_wconf 66' lang='lat' dir='ltr'><strong>rpo-</strong></span> <span class='ocrx_word' id='word_1_267' title='bbox 1836 1920 1880 1980; x_wconf 69' lang='grc' dir='ltr'><strong>Β</strong></span> <span class='ocrx_word' id='word_1_268' title='bbox 1909 1939 2159 2009; x_wconf 89' lang='lat' dir='ltr'><strong>repulisti</strong></span> <span class='ocrx_word' id='word_1_269' title='bbox 2190 1954 2311 2003; x_wconf 92' lang='lat' dir='ltr'><strong>nos,</strong></span> <span class='ocrx_word' id='word_1_270' title='bbox 2371 1955 2546 2008; x_wconf 88' lang='lat' dir='ltr'><strong>neque</strong></span> <span class='ocrx_word' id='word_1_271' title='bbox 2572 1939 2715 1992; x_wconf 89' lang='lat' dir='ltr'><strong>ultra</strong></span> <span class='ocrx_word' id='word_1_272' title='bbox 2766 1940 3041 2008; x_wconf 69' lang='lat' dir='ltr'><strong>egrederis</strong></span> <span class='ocrx_word' id='word_1_273' title='bbox 3086 1956 3208 1995; x_wconf 89' lang='lat' dir='ltr'><strong>cum</strong></span> <span class='ocrx_word' id='word_1_274' title='bbox 3237 1942 3453 1996; x_wconf 90' lang='lat' dir='ltr'><strong>virtuti-</strong></span> 
     </span>
    </p>
   </div>
   <div class='ocr_carea' id='block_1_36' title="bbox 245 2029 1802 2104">
    <p class='ocr_par' dir='ltr' id='par_1_36' title="bbox 245 2029 1802 2104">
     <span class='ocr_line' id='line_1_36' title="bbox 245 2029 1802 2104; baseline -0.005 -18"><span class='ocrx_word' id='word_1_275' title='bbox 245 2035 422 2104; x_wconf 70' lang='grc' dir='ltr'>φήτας</span> <span class='ocrx_word' id='word_1_276' title='bbox 460 2030 929 2102; x_wconf 77' lang='grc' dir='ltr'>συγκαταλεγῆναι</span> <span class='ocrx_word' id='word_1_277' title='bbox 956 2033 1022 2102; x_wconf 77' lang='grc' dir='ltr'>τῇ</span> <span class='ocrx_word' id='word_1_278' title='bbox 1058 2029 1209 2083; x_wconf 74' lang='grc' dir='ltr'>πόλει</span> <span class='ocrx_word' id='word_1_279' title='bbox 1253 2044 1347 2082; x_wconf 87' lang='grc' dir='ltr'><strong>σου</strong></span> <span class='ocrx_word' id='word_1_280' title='bbox 1371 2030 1437 2099; x_wconf 70' lang='grc' dir='ltr'><strong>ττι</strong></span> <span class='ocrx_word' id='word_1_281' title='bbox 1466 2041 1802 2098; x_wconf 76' lang='grc' dir='ltr'>περιπεφρα-</span> 
     </span>
    </p>
   </div>
   <div class='ocr_carea' id='block_1_37' title="bbox 248 2116 1806 2197">
    <p class='ocr_par' dir='ltr' id='par_1_37' title="bbox 248 2116 1806 2197">
     <span class='ocr_line' id='line_1_37' title="bbox 248 2116 1806 2197; baseline -0.006 -19"><span class='ocrx_word' id='word_1_282' title='bbox 248 2123 445 2197; x_wconf 78' lang='grc' dir='ltr'>γμένῃ,</span> <span class='ocrx_word' id='word_1_283' title='bbox 479 2122 574 2176; x_wconf 67' lang='grc' dir='ltr'><strong>καὶ</strong></span> <span class='ocrx_word' id='word_1_284' title='bbox 602 2121 950 2194; x_wconf 76' lang='grc' dir='ltr'><strong>⁴ὁδἰιγηθῆναι</strong></span> <span class='ocrx_word' id='word_1_285' title='bbox 977 2122 1080 2184; x_wconf 81' lang='grc' dir='ltr'>ῑως</span> <span class='ocrx_word' id='word_1_286' title='bbox 1104 2120 1206 2190; x_wconf 82' lang='grc' dir='ltr'>τῆς</span> <span class='ocrx_word' id='word_1_287' title='bbox 1231 2118 1634 2189; x_wconf 81' lang='grc' dir='ltr'>ἀποδειχθείσης</span> <span class='ocrx_word' id='word_1_288' title='bbox 1658 2116 1806 2169; x_wconf 82' lang='grc' dir='ltr'>Ἰδου-</span> 
     </span>
    </p>
   </div>
   <div class='ocr_carea' id='block_1_38' title="bbox 249 2216 417 2287">
    <p class='ocr_par' dir='ltr' id='par_1_38' title="bbox 249 2216 417 2287">
     <span class='ocr_line' id='line_1_38' title="bbox 249 2216 417 2287; baseline -0.042 0"><span class='ocrx_word' id='word_1_289' title='bbox 249 2216 417 2287; x_wconf 70' lang='grc' dir='ltr'>μαίας</span> 
     </span>
    </p>
   </div>
   <div class='ocr_carea' id='block_1_39' title="bbox 323 2473 1801 2550">
    <p class='ocr_par' dir='ltr' id='par_1_39' title="bbox 323 2473 1801 2550">
     <span class='ocr_line' id='line_1_39' title="bbox 323 2473 1801 2550; baseline -0.005 -16"><span class='ocrx_word' id='word_1_290' title='bbox 323 2500 344 2534; x_wconf 78' lang='grc' dir='ltr'><strong>ε</strong></span> <span class='ocrx_word' id='word_1_291' title='bbox 387 2481 486 2544; x_wconf 70' lang='grc' dir='ltr'><strong>Δὸς</strong></span> <span class='ocrx_word' id='word_1_292' title='bbox 521 2480 650 2550; x_wconf 69' lang='grc' dir='ltr'>ἡμῖν</span> <span class='ocrx_word' id='word_1_293' title='bbox 683 2477 932 2549; x_wconf 81' lang='grc' dir='ltr'>βοήθειαν</span> <span class='ocrx_word' id='word_1_294' title='bbox 970 2477 1036 2530; x_wconf 73' lang='grc' dir='ltr'>εκ</span> <span class='ocrx_word' id='word_1_295' title='bbox 1069 2473 1317 2545; x_wconf 53' lang='grc' dir='ltr'>θλίψεως,</span> <span class='ocrx_word' id='word_1_296' title='bbox 1347 2476 1440 2529; x_wconf 81' lang='grc' dir='ltr'><strong>καὶ</strong></span> <span class='ocrx_word' id='word_1_297' title='bbox 1468 2473 1666 2545; x_wconf 85' lang='grc' dir='ltr'>ματαία</span> <span class='ocrx_word' id='word_1_298' title='bbox 1699 2491 1801 2527; x_wconf 82' lang='grc' dir='ltr'>σω-</span> 
     </span>
    </p>
   </div>
   <div class='ocr_carea' id='block_1_40' title="bbox 242 2556 1801 2646">
    <p class='ocr_par' dir='ltr' id='par_1_40' title="bbox 242 2556 1801 2646">
     <span class='ocr_line' id='line_1_40' title="bbox 242 2556 1801 2646; baseline -0.006 -19"><span class='ocrx_word' id='word_1_299' title='bbox 242 2562 410 2646; x_wconf 59' lang='grc' dir='ltr'>τηρία</span> <span class='ocrx_word' id='word_1_300' title='bbox 453 2570 770 2642; x_wconf 77' lang='grc' dir='ltr'>ἀνθρώπων.</span> <span class='ocrx_word' id='word_1_301' title='bbox 812 2567 900 2621; x_wconf 73' lang='grc' dir='ltr'>Ἓν</span> <span class='ocrx_word' id='word_1_302' title='bbox 1057 2566 1178 2638; x_wconf 83' lang='grc' dir='ltr'><strong>Θεῷ</strong></span> <span class='ocrx_word' id='word_1_303' title='bbox 1222 2568 1516 2638; x_wconf 80' lang='grc' dir='ltr'>ποιήσομεν</span> <span class='ocrx_word' id='word_1_304' title='bbox 1557 2566 1801 2636; x_wconf 85' lang='grc' dir='ltr'>δύναμιν,</span> 
     </span>
    </p>
   </div>
   <div class='ocr_carea' id='block_1_41' title="bbox 256 2655 1804 2727">
    <p class='ocr_par' dir='ltr' id='par_1_41' title="bbox 256 2655 1804 2727">
     <span class='ocr_line' id='line_1_41' title="bbox 256 2655 1804 2727; baseline -0.005 -10"><span class='ocrx_word' id='word_1_305' title='bbox 256 2664 351 2717; x_wconf 64' lang='grc' dir='ltr'><strong>καὶ</strong></span> <span class='ocrx_word' id='word_1_306' title='bbox 372 2661 531 2724; x_wconf 55' lang='grc' dir='ltr'>αὐτὸς</span> <span class='ocrx_word' id='word_1_307' title='bbox 549 2656 893 2724; x_wconf 68' lang='grc' dir='ltr'>ἀξουδενώσει</span> <span class='ocrx_word' id='word_1_308' title='bbox 915 2658 1038 2721; x_wconf 78' lang='grc' dir='ltr'>τοὺς</span> <span class='ocrx_word' id='word_1_309' title='bbox 1054 2657 1339 2721; x_wconf 79' lang='grc' dir='ltr'>θλίσοντας</span> <span class='ocrx_word' id='word_1_310' title='bbox 1366 2658 1531 2727; x_wconf 74' lang='grc' dir='ltr'>ἡμᾶς.</span> <span class='ocrx_word' id='word_1_311' title='bbox 1566 2675 1585 2707; x_wconf 86' lang='grc' dir='ltr'><strong>ι</strong></span> <span class='ocrx_word' id='word_1_312' title='bbox 1612 2657 1674 2709; x_wconf 77' lang='grc' dir='ltr'><strong>οι</strong></span> <span class='ocrx_word' id='word_1_313' title='bbox 1697 2655 1804 2710; x_wconf 86' lang='grc' dir='ltr'><strong>τῶν</strong></span> 
     </span>
    </p>
   </div>
   <div class='ocr_carea' id='block_1_42' title="bbox 251 2745 1806 2820">
    <p class='ocr_par' dir='ltr' id='par_1_42' title="bbox 251 2745 1806 2820">
     <span class='ocr_line' id='line_1_42' title="bbox 251 2745 1806 2820; baseline -0.006 -13"><span class='ocrx_word' id='word_1_314' title='bbox 251 2750 595 2820; x_wconf 65' lang='grc' dir='ltr'>ἐπαγγελιῶν</span> <span class='ocrx_word' id='word_1_315' title='bbox 620 2747 1043 2814; x_wconf 68' lang='grc' dir='ltr'>καταξιωθέντες</span> <span class='ocrx_word' id='word_1_316' title='bbox 1073 2746 1404 2800; x_wconf 69' lang='grc' dir='ltr'>διδάσκονται</span> <span class='ocrx_word' id='word_1_317' title='bbox 1435 2745 1521 2799; x_wconf 85' lang='grc' dir='ltr'>διὰ</span> <span class='ocrx_word' id='word_1_318' title='bbox 1542 2745 1650 2798; x_wconf 89' lang='grc' dir='ltr'><strong>τῶν</strong></span> <span class='ocrx_word' id='word_1_319' title='bbox 1677 2763 1806 2817; x_wconf 85' lang='grc' dir='ltr'>προ-</span> 
     </span>
    </p>
   </div>
   <div class='ocr_carea' id='block_1_43' title="bbox 245 2835 1803 2913">
    <p class='ocr_par' dir='ltr' id='par_1_43' title="bbox 245 2835 1803 2913">
     <span class='ocr_line' id='line_1_43' title="bbox 245 2835 1803 2913; baseline -0.008 -15"><span class='ocrx_word' id='word_1_320' title='bbox 245 2841 509 2913; x_wconf 58' lang='lat' dir='ltr'><strong>unum</strong></span> <span class='ocrx_word' id='word_1_321' title='bbox 541 2843 725 2911; x_wconf 77' lang='grc' dir='ltr'>νήφειν</span> <span class='ocrx_word' id='word_1_322' title='bbox 757 2839 850 2892; x_wconf 76' lang='grc' dir='ltr'><strong>καὶ</strong></span> <span class='ocrx_word' id='word_1_323' title='bbox 881 2837 1255 2909; x_wconf 75' lang='grc' dir='ltr'>έγρηγορέναι,</span> <span class='ocrx_word' id='word_1_324' title='bbox 1297 2835 1803 2905; x_wconf 75' lang='grc' dir='ltr'>παρασκευάζεσθαι</span> 
     </span>
    </p>
   </div>
   <div class='ocr_carea' id='block_1_44' title="bbox 241 2926 1805 3001">
    <p class='ocr_par' dir='ltr' id='par_1_44' title="bbox 241 2926 1805 3001">
     <span class='ocr_line' id='line_1_44' title="bbox 241 2926 1805 3001; baseline -0.005 -15"><span class='ocrx_word' id='word_1_325' title='bbox 241 2950 305 2986; x_wconf 82' lang='grc' dir='ltr'><strong>τε</strong></span> <span class='ocrx_word' id='word_1_326' title='bbox 334 2935 413 2997; x_wconf 84' lang='grc' dir='ltr'><strong>είς</strong></span> <span class='ocrx_word' id='word_1_327' title='bbox 459 2931 685 3001; x_wconf 77' lang='grc' dir='ltr'>θλίψεις,</span> <span class='ocrx_word' id='word_1_328' title='bbox 716 2931 809 2983; x_wconf 80' lang='grc' dir='ltr'>καὶ</span> <span class='ocrx_word' id='word_1_329' title='bbox 839 2929 906 2982; x_wconf 88' lang='grc' dir='ltr'><strong>δι’</strong></span> <span class='ocrx_word' id='word_1_330' title='bbox 935 2927 1106 2998; x_wconf 73' lang='grc' dir='ltr'>εὐχῶν</span> <span class='ocrx_word' id='word_1_331' title='bbox 1150 2927 1323 2996; x_wconf 85' lang='grc' dir='ltr'>λέγειν</span> <span class='ocrx_word' id='word_1_332' title='bbox 1348 2926 1426 2998; x_wconf 81' lang='grc' dir='ltr'>τῷ</span> <span class='ocrx_word' id='word_1_333' title='bbox 1460 2928 1666 2980; x_wconf 68' lang='grc' dir='ltr'>ἑαυτῶν</span> <span class='ocrx_word' id='word_1_334' title='bbox 1711 2927 1805 2997; x_wconf 88' lang='grc' dir='ltr'><strong>βα-</strong></span> 
     </span>
    </p>
   </div>
   <div class='ocr_carea' id='block_1_45' title="bbox 247 3016 1804 3094">
    <p class='ocr_par' dir='ltr' id='par_1_45' title="bbox 247 3016 1804 3094">
     <span class='ocr_line' id='line_1_45' title="bbox 247 3016 1804 3094; baseline -0.006 -14"><span class='ocrx_word' id='word_1_335' title='bbox 247 3025 414 3081; x_wconf 75' lang='grc' dir='ltr'>σιλεῖ’</span> <span class='ocrx_word' id='word_1_336' title='bbox 447 3043 467 3078; x_wconf 82' lang='grc' dir='ltr'><strong>ι</strong></span> <span class='ocrx_word' id='word_1_337' title='bbox 502 3025 600 3088; x_wconf 78' lang='grc' dir='ltr'><strong>Δὸς</strong></span> <span class='ocrx_word' id='word_1_338' title='bbox 637 3024 769 3094; x_wconf 74' lang='grc' dir='ltr'>ἡμῖν</span> <span class='ocrx_word' id='word_1_339' title='bbox 797 3019 1042 3091; x_wconf 79' lang='grc' dir='ltr'>βοήθειαν</span> <span class='ocrx_word' id='word_1_340' title='bbox 1080 3018 1145 3070; x_wconf 70' lang='grc' dir='ltr'>ιιι</span> <span class='ocrx_word' id='word_1_341' title='bbox 1195 3016 1460 3087; x_wconf 77' lang='grc' dir='ltr'>θλίψεως·</span> <span class='ocrx_word' id='word_1_342' title='bbox 1499 3037 1519 3069; x_wconf 84' lang='grc' dir='ltr'><strong>ι</strong></span> <span class='ocrx_word' id='word_1_343' title='bbox 1573 3017 1804 3088; x_wconf 84' lang='grc' dir='ltr'>ματαίαν</span> 
     </span>
    </p>
   </div>
   <div class='ocr_carea' id='block_1_46' title="bbox 245 3105 1802 3189">
    <p class='ocr_par' dir='ltr' id='par_1_46' title="bbox 245 3105 1802 3189">
     <span class='ocr_line' id='line_1_46' title="bbox 245 3105 1802 3189; baseline -0.008 -17"><span class='ocrx_word' id='word_1_344' title='bbox 245 3117 356 3189; x_wconf 70' lang='grc' dir='ltr'>γὰρ</span> <span class='ocrx_word' id='word_1_345' title='bbox 395 3111 536 3170; x_wconf 85' lang='grc' dir='ltr'>εῐναι</span> <span class='ocrx_word' id='word_1_346' title='bbox 568 3118 747 3169; x_wconf 74' lang='grc' dir='ltr'>πᾶσαν</span> <span class='ocrx_word' id='word_1_347' title='bbox 775 3112 872 3183; x_wconf 76' lang='grc' dir='ltr'>τὴν</span> <span class='ocrx_word' id='word_1_348' title='bbox 908 3109 966 3176; x_wconf 77' lang='grc' dir='ltr'>ιξ</span> <span class='ocrx_word' id='word_1_349' title='bbox 996 3107 1292 3180; x_wconf 73' lang='grc' dir='ltr'>ἀνθρώπιον</span> <span class='ocrx_word' id='word_1_350' title='bbox 1323 3107 1531 3163; x_wconf 74' lang='grc' dir='ltr'>ιλπίδα.</span> <span class='ocrx_word' id='word_1_351' title='bbox 1569 3105 1683 3162; x_wconf 79' lang='grc' dir='ltr'>Εἶτ’</span> <span class='ocrx_word' id='word_1_352' title='bbox 1710 3107 1802 3160; x_wconf 82' lang='grc' dir='ltr'><strong>εὑ-</strong></span> 
     </span>
    </p>
   </div>
   <div class='ocr_carea' id='block_1_47' title="bbox 247 3197 1800 3280">
    <p class='ocr_par' dir='ltr' id='par_1_47' title="bbox 247 3197 1800 3280">
     <span class='ocr_line' id='line_1_47' title="bbox 247 3197 1800 3280; baseline -0.008 -17"><span class='ocrx_word' id='word_1_353' title='bbox 247 3209 466 3280; x_wconf 73' lang='grc' dir='ltr'>ξάμενοι</span> <span class='ocrx_word' id='word_1_354' title='bbox 491 3204 683 3267; x_wconf 82' lang='grc' dir='ltr'>ταῦτα,</span> <span class='ocrx_word' id='word_1_355' title='bbox 713 3204 812 3273; x_wconf 85' lang='grc' dir='ltr'><strong>τὴν</strong></span> <span class='ocrx_word' id='word_1_356' title='bbox 840 3198 1046 3270; x_wconf 84' lang='grc' dir='ltr'>ἀγαθὴν</span> <span class='ocrx_word' id='word_1_357' title='bbox 1072 3197 1463 3260; x_wconf 72' lang='grc' dir='ltr'>ἐπιδείκνυνται</span> <span class='ocrx_word' id='word_1_358' title='bbox 1496 3197 1800 3268; x_wconf 82' lang='grc' dir='ltr'>προθυμίαν</span> 
     </span>
    </p>
   </div>
   <div class='ocr_carea' id='block_1_48' title="bbox 247 3285 1800 3368">
    <p class='ocr_par' dir='ltr' id='par_1_48' title="bbox 247 3285 1800 3368">
     <span class='ocr_line' id='line_1_48' title="bbox 247 3285 1800 3368; baseline -0.011 -14"><span class='ocrx_word' id='word_1_359' title='bbox 247 3299 523 3368; x_wconf 78' lang='grc' dir='ltr'>λέγοντες·</span> <span class='ocrx_word' id='word_1_360' title='bbox 565 3313 592 3346; x_wconf 50' lang='grc' dir='ltr'><strong>νε</strong></span> <span class='ocrx_word' id='word_1_361' title='bbox 637 3295 724 3346; x_wconf 74' lang='grc' dir='ltr'>Ἓν</span> <span class='ocrx_word' id='word_1_362' title='bbox 760 3291 876 3361; x_wconf 80' lang='grc' dir='ltr'>Θεῷ</span> <span class='ocrx_word' id='word_1_363' title='bbox 915 3291 1210 3360; x_wconf 77' lang='grc' dir='ltr'>ποιήσομεν</span> <span class='ocrx_word' id='word_1_364' title='bbox 1245 3288 1488 3358; x_wconf 82' lang='grc' dir='ltr'>δύναμιν,</span> <span class='ocrx_word' id='word_1_365' title='bbox 1517 3289 1609 3340; x_wconf 82' lang='grc' dir='ltr'><strong>καὶ</strong></span> <span class='ocrx_word' id='word_1_366' title='bbox 1642 3285 1800 3349; x_wconf 79' lang='grc' dir='ltr'>αὐτὸς</span> 
     </span>
    </p>
   </div>
   <div class='ocr_carea' id='block_1_49' title="bbox 243 3373 1803 3452">
    <p class='ocr_par' dir='ltr' id='par_1_49' title="bbox 243 3373 1803 3452">
     <span class='ocr_line' id='line_1_49' title="bbox 243 3373 1803 3452; baseline -0.008 -10"><span class='ocrx_word' id='word_1_367' title='bbox 243 3383 586 3452; x_wconf 65' lang='grc' dir='ltr'>εξουδενώσει</span> <span class='ocrx_word' id='word_1_368' title='bbox 632 3383 756 3445; x_wconf 80' lang='grc' dir='ltr'>τοὺς</span> <span class='ocrx_word' id='word_1_369' title='bbox 803 3378 1077 3444; x_wconf 75' lang='grc' dir='ltr'>θλίϐοντας</span> <span class='ocrx_word' id='word_1_370' title='bbox 1117 3381 1282 3449; x_wconf 73' lang='grc' dir='ltr'>ἡμᾶς.</span> <span class='ocrx_word' id='word_1_371' title='bbox 1325 3398 1347 3436; x_wconf 75' lang='grc' dir='ltr'><strong>ι,</strong></span> <span class='ocrx_word' id='word_1_372' title='bbox 1389 3378 1635 3441; x_wconf 81' lang='grc' dir='ltr'>τοιοῦτος</span> <span class='ocrx_word' id='word_1_373' title='bbox 1674 3373 1740 3447; x_wconf 77' lang='grc' dir='ltr'>ἦν</span> <span class='ocrx_word' id='word_1_374' title='bbox 1775 3378 1803 3430; x_wconf 86' lang='lat'><strong>6</strong></span> 
     </span>
    </p>
   </div>
   <div class='ocr_carea' id='block_1_50' title="bbox 249 3465 1801 3541">
    <p class='ocr_par' dir='ltr' id='par_1_50' title="bbox 249 3465 1801 3541">
     <span class='ocr_line' id='line_1_50' title="bbox 249 3465 1801 3541; baseline -0.009 -9"><span class='ocrx_word' id='word_1_375' title='bbox 249 3477 459 3538; x_wconf 81' lang='grc' dir='ltr'>Παῦλος</span> <span class='ocrx_word' id='word_1_376' title='bbox 488 3475 692 3541; x_wconf 85' lang='grc' dir='ltr'>λέγων·</span> <span class='ocrx_word' id='word_1_377' title='bbox 747 3490 765 3523; x_wconf 85' lang='grc' dir='ltr'><strong>ι</strong></span> <span class='ocrx_word' id='word_1_378' title='bbox 794 3471 976 3524; x_wconf 77' lang='grc' dir='ltr'>Πάντα</span> <span class='ocrx_word' id='word_1_379' title='bbox 998 3468 1178 3539; x_wconf 83' lang='grc' dir='ltr'>-ίσχύω</span> <span class='ocrx_word' id='word_1_380' title='bbox 1209 3471 1265 3521; x_wconf 76' lang='grc' dir='ltr'><strong>έν</strong></span> <span class='ocrx_word' id='word_1_381' title='bbox 1299 3467 1383 3538; x_wconf 76' lang='grc' dir='ltr'>’τῷ</span> <span class='ocrx_word' id='word_1_382' title='bbox 1420 3465 1801 3537; x_wconf 72' lang='grc' dir='ltr'>ενδυναμοῦντί</span> 
     </span>
    </p>
   </div>
   <div class='ocr_carea' id='block_1_51' title="bbox 250 3555 1801 3635">
    <p class='ocr_par' dir='ltr' id='par_1_51' title="bbox 250 3555 1801 3635">
     <span class='ocr_line' id='line_1_51' title="bbox 250 3555 1801 3635; baseline -0.007 -17"><span class='ocrx_word' id='word_1_383' title='bbox 250 3581 350 3635; x_wconf 87' lang='grc' dir='ltr'>με·</span> <span class='ocrx_word' id='word_1_384' title='bbox 395 3581 414 3614; x_wconf 85' lang='grc' dir='ltr'><strong>ι</strong></span> <span class='ocrx_word' id='word_1_385' title='bbox 480 3561 575 3614; x_wconf 78' lang='grc' dir='ltr'><strong>καὶ</strong></span> <span class='ocrx_word' id='word_1_386' title='bbox 632 3559 823 3612; x_wconf 74' lang='grc' dir='ltr'>πάλινο</span> <span class='ocrx_word' id='word_1_387' title='bbox 889 3576 908 3635; x_wconf 76' lang='grc' dir='ltr'><strong>ι</strong></span> <span class='ocrx_word' id='word_1_388' title='bbox 954 3559 1066 3611; x_wconf 80' lang='grc' dir='ltr'><strong>Οὐκ</strong></span> <span class='ocrx_word' id='word_1_389' title='bbox 1087 3556 1195 3624; x_wconf 79' lang='grc' dir='ltr'><strong>ἐγὼ</strong></span> <span class='ocrx_word' id='word_1_390' title='bbox 1215 3557 1295 3619; x_wconf 76' lang='grc' dir='ltr'>δὲ,</span> <span class='ocrx_word' id='word_1_391' title='bbox 1365 3558 1547 3626; x_wconf 68' lang='grc' dir='ltr'>φησιν,</span> <span class='ocrx_word' id='word_1_392' title='bbox 1613 3555 1726 3608; x_wconf 78' lang='grc' dir='ltr'>ἀλλ’</span> <span class='ocrx_word' id='word_1_393' title='bbox 1768 3557 1801 3624; x_wconf 83' lang='grc' dir='ltr'><strong>ὴ</strong></span> 
     </span>
    </p>
   </div>
   <div class='ocr_carea' id='block_1_52' title="bbox 247 3647 1800 3725">
    <p class='ocr_par' dir='ltr' id='par_1_52' title="bbox 247 3647 1800 3725">
     <span class='ocr_line' id='line_1_52' title="bbox 247 3647 1800 3725; baseline -0.004 -18"><span class='ocrx_word' id='word_1_394' title='bbox 247 3653 480 3725; x_wconf 72' lang='grc' dir='ltr'>χάρις-ὴ</span> <span class='ocrx_word' id='word_1_395' title='bbox 511 3652 605 3716; x_wconf 68' lang='grc' dir='ltr'>σὺν</span> <span class='ocrx_word' id='word_1_396' title='bbox 633 3649 772 3719; x_wconf 64' lang='grc' dir='ltr'>ἐμοί.</span> <span class='ocrx_word' id='word_1_397' title='bbox 812 3667 828 3699; x_wconf 87' lang='grc' dir='ltr'><strong>ι</strong></span> <span class='ocrx_word' id='word_1_398' title='bbox 871 3647 1054 3699; x_wconf 79' lang='grc' dir='ltr'>Ταῦτα</span> <span class='ocrx_word' id='word_1_399' title='bbox 1090 3647 1147 3699; x_wconf 76' lang='grc' dir='ltr'>δὲ</span> <span class='ocrx_word' id='word_1_400' title='bbox 1175 3647 1348 3715; x_wconf 84' lang='grc' dir='ltr'>λέγειν</span> <span class='ocrx_word' id='word_1_401' title='bbox 1383 3649 1716 3701; x_wconf 83' lang='grc' dir='ltr'>παιδεύονται</span> <span class='ocrx_word' id='word_1_402' title='bbox 1751 3649 1800 3701; x_wconf 78' lang='grc' dir='ltr'>οἱ</span> 
     </span>
    </p>
   </div>
   <div class='ocr_carea' id='block_1_53' title="bbox 246 3737 1800 3813">
    <p class='ocr_par' dir='ltr' id='par_1_53' title="bbox 246 3737 1800 3813">
     <span class='ocr_line' id='line_1_53' title="bbox 246 3737 1800 3813; baseline -0.004 -15"><span class='ocrx_word' id='word_1_403' title='bbox 246 3748 312 3799; x_wconf 70' lang='grc' dir='ltr'>εκ</span> <span class='ocrx_word' id='word_1_404' title='bbox 353 3744 449 3813; x_wconf 81' lang='grc' dir='ltr'>τῆς</span> <span class='ocrx_word' id='word_1_405' title='bbox 488 3740 786 3811; x_wconf 74' lang='grc' dir='ltr'>Ἰδουμαίας</span> <span class='ocrx_word' id='word_1_406' title='bbox 816 3738 908 3791; x_wconf 76' lang='grc' dir='ltr'><strong>καὶ</strong></span> <span class='ocrx_word' id='word_1_407' title='bbox 951 3739 1013 3789; x_wconf 81' lang='grc' dir='ltr'>ἐκ</span> <span class='ocrx_word' id='word_1_408' title='bbox 1054 3737 1160 3790; x_wconf 89' lang='grc' dir='ltr'><strong>τῶν</strong></span> <span class='ocrx_word' id='word_1_409' title='bbox 1191 3738 1498 3807; x_wconf 76' lang='grc' dir='ltr'>ἀλλοφύλων</span> <span class='ocrx_word' id='word_1_410' title='bbox 1543 3739 1707 3792; x_wconf 73' lang='grc' dir='ltr'>ἐθνῶν</span> <span class='ocrx_word' id='word_1_411' title='bbox 1734 3742 1800 3811; x_wconf 77' lang='grc' dir='ltr'>τῇ</span> 
     </span>
    </p>
   </div>
   <div class='ocr_carea' id='block_1_54' title="bbox 247 3826 1801 3903">
    <p class='ocr_par' dir='ltr' id='par_1_54' title="bbox 247 3826 1801 3903">
     <span class='ocr_line' id='line_1_54' title="bbox 247 3826 1801 3903; baseline -0.005 -13"><span class='ocrx_word' id='word_1_412' title='bbox 247 3833 342 3890; x_wconf 74' lang='grc' dir='ltr'><strong>τοῦ</strong></span> <span class='ocrx_word' id='word_1_413' title='bbox 369 3827 502 3887; x_wconf 70' lang='grc' dir='ltr'>Θεοῦ</span> <span class='ocrx_word' id='word_1_414' title='bbox 536 3832 714 3903; x_wconf 82' lang='grc' dir='ltr'>χάριτι</span> <span class='ocrx_word' id='word_1_415' title='bbox 742 3826 1214 3899; x_wconf 85' lang='grc' dir='ltr'>προσεληλυθότες.</span> <span class='ocrx_word' id='word_1_416' title='bbox 1251 3829 1312 3882; x_wconf 85' lang='grc' dir='ltr'>Εί</span> <span class='ocrx_word' id='word_1_417' title='bbox 1337 3829 1395 3882; x_wconf 84' lang='grc' dir='ltr'>δὲ</span> <span class='ocrx_word' id='word_1_418' title='bbox 1426 3832 1489 3882; x_wconf 84' lang='grc' dir='ltr'><strong>ὲκ</strong></span> <span class='ocrx_word' id='word_1_419' title='bbox 1514 3829 1801 3902; x_wconf 84' lang='grc' dir='ltr'>προσώπου</span> 
     </span>
    </p>
   </div>
   <div class='ocr_carea' id='block_1_55' title="bbox 244 3915 1802 3996">
    <p class='ocr_par' dir='ltr' id='par_1_55' title="bbox 244 3915 1802 3996">
     <span class='ocr_line' id='line_1_55' title="bbox 244 3915 1802 3996; baseline -0.004 -17"><span class='ocrx_word' id='word_1_420' title='bbox 244 3915 697 3996; x_wconf 74' lang='grc' dir='ltr'>τοῦ’”προφητιιιοῦ</span> <span class='ocrx_word' id='word_1_421' title='bbox 724 3919 884 3992; x_wconf 84' lang='grc' dir='ltr'>χοροῦ</span> <span class='ocrx_word' id='word_1_422' title='bbox 921 3918 1126 3986; x_wconf 83' lang='grc' dir='ltr'>λέγοιτο</span> <span class='ocrx_word' id='word_1_423' title='bbox 1168 3919 1260 3972; x_wconf 81' lang='grc' dir='ltr'><strong>καὶ</strong></span> <span class='ocrx_word' id='word_1_424' title='bbox 1285 3918 1473 3982; x_wconf 83' lang='grc' dir='ltr'>ταῦτα,</span> <span class='ocrx_word' id='word_1_425' title='bbox 1506 3919 1706 3989; x_wconf 82' lang='grc' dir='ltr'>πρέποι</span> <span class='ocrx_word' id='word_1_426' title='bbox 1738 3919 1802 3973; x_wconf 76' lang='grc' dir='ltr'>ἂν</span> 
     </span>
    </p>
   </div>
   <div class='ocr_carea' id='block_1_56' title="bbox 242 4009 1806 4082">
    <p class='ocr_par' dir='ltr' id='par_1_56' title="bbox 242 4009 1806 4082">
     <span class='ocr_line' id='line_1_56' title="bbox 242 4009 1806 4082; baseline -0.01 -8"><span class='ocrx_word' id='word_1_427' title='bbox 242 4018 459 4080; x_wconf 74' lang='grc' dir='ltr'>αὐτοὺς,</span> <span class='ocrx_word' id='word_1_428' title='bbox 492 4012 1001 4082; x_wconf 78' lang='grc' dir='ltr'>ἀποκλαυσαμένους</span> <span class='ocrx_word' id='word_1_429' title='bbox 1027 4010 1116 4064; x_wconf 82' lang='grc' dir='ltr'>τὸν</span> <span class='ocrx_word' id='word_1_430' title='bbox 1144 4010 1403 4080; x_wconf 82' lang='grc' dir='ltr'>ἀπωσμὸν</span> <span class='ocrx_word' id='word_1_431' title='bbox 1433 4010 1524 4062; x_wconf 77' lang='grc' dir='ltr'>καὶ</span> <span class='ocrx_word' id='word_1_432' title='bbox 1557 4009 1652 4081; x_wconf 82' lang='grc' dir='ltr'><strong>τὴν</strong></span> <span class='ocrx_word' id='word_1_433' title='bbox 1677 4011 1806 4066; x_wconf 80' lang='grc' dir='ltr'>καθ-</span> 
     </span>
    </p>
   </div>
   <div class='ocr_carea' id='block_1_57' title="bbox 244 4099 1803 4178">
    <p class='ocr_par' dir='ltr' id='par_1_57' title="bbox 244 4099 1803 4178">
     <span class='ocr_line' id='line_1_57' title="bbox 244 4099 1803 4178; baseline -0.004 -17"><span class='ocrx_word' id='word_1_434' title='bbox 244 4106 452 4178; x_wconf 76' lang='grc' dir='ltr'>αίρεσιν</span> <span class='ocrx_word' id='word_1_435' title='bbox 490 4104 585 4158; x_wconf 81' lang='grc' dir='ltr'>τοῦ</span> <span class='ocrx_word' id='word_1_436' title='bbox 620 4102 882 4173; x_wconf 84' lang='grc' dir='ltr'>προτέρου</span> <span class='ocrx_word' id='word_1_437' title='bbox 929 4099 1078 4162; x_wconf 82' lang='grc' dir='ltr'>λαοῦ,</span> <span class='ocrx_word' id='word_1_438' title='bbox 1105 4099 1268 4169; x_wconf 80' lang='grc' dir='ltr'>εὐχὴν</span> <span class='ocrx_word' id='word_1_439' title='bbox 1305 4100 1640 4169; x_wconf 82' lang='grc' dir='ltr'>ἀναπέμπειν</span> <span class='ocrx_word' id='word_1_440' title='bbox 1666 4103 1803 4173; x_wconf 79' lang='grc' dir='ltr'>ὑπὲρ</span> 
     </span>
    </p>
   </div>
   <div class='ocr_carea' id='block_1_58' title="bbox 236 4190 1804 4264">
    <p class='ocr_par' dir='ltr' id='par_1_58' title="bbox 236 4190 1804 4264">
     <span class='ocr_line' id='line_1_58' title="bbox 236 4190 1804 4264; baseline -0.001 -16"><span class='ocrx_word' id='word_1_441' title='bbox 236 4196 340 4254; x_wconf 58' lang='grc' dir='ltr'><strong>τοῦ</strong></span> <span class='ocrx_word' id='word_1_442' title='bbox 385 4194 566 4264; x_wconf 75' lang='grc' dir='ltr'>κοινοῦ</span> <span class='ocrx_word' id='word_1_443' title='bbox 603 4195 818 4248; x_wconf 81' lang='grc' dir='ltr'>πάντων</span> <span class='ocrx_word' id='word_1_444' title='bbox 842 4191 1020 4246; x_wconf 81' lang='grc' dir='ltr'>αὐτῶν</span> <span class='ocrx_word' id='word_1_445' title='bbox 1061 4190 1328 4262; x_wconf 73' lang='grc' dir='ltr'>σώματος,</span> <span class='ocrx_word' id='word_1_446' title='bbox 1372 4191 1465 4244; x_wconf 79' lang='grc' dir='ltr'><strong>καὶ</strong></span> <span class='ocrx_word' id='word_1_447' title='bbox 1503 4191 1681 4261; x_wconf 91' lang='grc' dir='ltr'>λέγειν</span> <span class='ocrx_word' id='word_1_448' title='bbox 1726 4192 1804 4264; x_wconf 78' lang='grc' dir='ltr'><strong>τῷ</strong></span> 
     </span>
    </p>
   </div>
   <div class='ocr_carea' id='block_1_59' title="bbox 244 4283 1630 4358">
    <p class='ocr_par' dir='ltr' id='par_1_59' title="bbox 244 4283 1630 4358">
     <span class='ocr_line' id='line_1_59' title="bbox 244 4283 1630 4358; baseline -0.007 0"><span class='ocrx_word' id='word_1_449' title='bbox 244 4287 366 4358; x_wconf 71' lang='grc' dir='ltr'><strong>Θιῷ</strong></span> <span class='ocrx_word' id='word_1_450' title='bbox 393 4286 463 4340; x_wconf 74' lang='grc' dir='ltr'>τὰ</span> <span class='ocrx_word' id='word_1_451' title='bbox 485 4283 839 4356; x_wconf 75' lang='grc' dir='ltr'>προκιίμενα·</span> <span class='ocrx_word' id='word_1_452' title='bbox 1627 4345 1630 4348; x_wconf 11' lang='grc' dir='ltr'><strong>ι</strong></span> 
     </span>
    </p>
   </div>
   <div class='ocr_carea' id='block_1_60' title="bbox 309 4386 1741 4457">
    <p class='ocr_par' dir='ltr' id='par_1_60' title="bbox 309 4386 1741 4457">
     <span class='ocr_line' id='line_1_60' title="bbox 309 4386 1741 4457; baseline -0.001 -6"><span class='ocrx_word' id='word_1_453' title='bbox 309 4398 361 4452; x_wconf 81' lang='grc' dir='ltr'><strong>Ι.</strong></span> <span class='ocrx_word' id='word_1_454' title='bbox 400 4395 508 4450; x_wconf 75' lang='grc' dir='ltr'><strong>ΕΙΣ</strong></span> <span class='ocrx_word' id='word_1_455' title='bbox 534 4394 621 4448; x_wconf 82' lang='grc' dir='ltr'><strong>ΤΟ</strong></span> <span class='ocrx_word' id='word_1_456' title='bbox 652 4392 871 4446; x_wconf 71' lang='grc' dir='ltr'><strong>ΤΕΔΟΣ</strong></span> <span class='ocrx_word' id='word_1_457' title='bbox 895 4391 989 4447; x_wconf 66' lang='lat' dir='ltr'><strong>IN</strong></span> <span class='ocrx_word' id='word_1_458' title='bbox 1018 4386 1295 4457; x_wconf 70' lang='grc' dir='ltr'><strong>ΥΜΝΟῙΣ,</strong></span> <span class='ocrx_word' id='word_1_459' title='bbox 1328 4392 1415 4446; x_wconf 81' lang='grc' dir='ltr'><strong>ΤΩ</strong></span> <span class='ocrx_word' id='word_1_460' title='bbox 1443 4394 1638 4449; x_wconf 76' lang='grc' dir='ltr'><strong>ΔΔΥΙΔ</strong></span> <span class='ocrx_word' id='word_1_461' title='bbox 1667 4395 1741 4450; x_wconf 70' lang='grc' dir='ltr'>ει.</span> 
     </span>
    </p>
   </div>
   <div class='ocr_carea' id='block_1_61' title="bbox 324 4501 1802 4579">
    <p class='ocr_par' dir='ltr' id='par_1_61' title="bbox 324 4501 1802 4579">
     <span class='ocr_line' id='line_1_61' title="bbox 324 4501 1802 4579; baseline -0.003 -17"><span class='ocrx_word' id='word_1_462' title='bbox 324 4528 344 4562; x_wconf 81' lang='grc' dir='ltr'><strong>ι</strong></span> <span class='ocrx_word' id='word_1_463' title='bbox 387 4507 735 4567; x_wconf 78' lang='grc' dir='ltr'>Εῑσάκουσον,</span> <span class='ocrx_word' id='word_1_464' title='bbox 764 4503 793 4555; x_wconf 93' lang='lat'><strong>6</strong></span> <span class='ocrx_word' id='word_1_465' title='bbox 816 4501 975 4579; x_wconf 77' lang='grc' dir='ltr'>Θεὸς,</span> <span class='ocrx_word' id='word_1_466' title='bbox 1003 4507 1102 4577; x_wconf 80' lang='grc' dir='ltr'>τῆς</span> <span class='ocrx_word' id='word_1_467' title='bbox 1409 4522 1551 4576; x_wconf 55' lang='grc' dir='ltr'>μου,</span> <span class='ocrx_word' id='word_1_468' title='bbox 1573 4507 1802 4576; x_wconf 83' lang='grc' dir='ltr'>πρόσχες</span> 
     </span>
    </p>
   </div>
   <div class='ocr_carea' id='block_1_62' title="bbox 1912 2028 3452 2101">
    <p class='ocr_par' dir='ltr' id='par_1_62' title="bbox 1912 2028 3452 2101">
     <span class='ocr_line' id='line_1_62' title="bbox 1912 2028 3452 2101; baseline 0.001 -16"><span class='ocrx_word' id='word_1_469' title='bbox 1912 2030 2016 2086; x_wconf 88' lang='lat' dir='ltr'><strong>bus</strong></span> <span class='ocrx_word' id='word_1_470' title='bbox 2065 2031 2290 2087; x_wconf 81' lang='lat' dir='ltr'><strong>nostris.</strong></span> <span class='ocrx_word' id='word_1_471' title='bbox 2347 2028 2466 2083; x_wconf 85' lang='lat' dir='ltr'><strong>Non</strong></span> <span class='ocrx_word' id='word_1_472' title='bbox 2520 2032 2623 2086; x_wconf 84' lang='lat' dir='ltr'><strong>alia</strong></span> <span class='ocrx_word' id='word_1_473' title='bbox 2674 2031 2855 2101; x_wconf 84' lang='lat' dir='ltr'><strong>itaque</strong></span> <span class='ocrx_word' id='word_1_474' title='bbox 2883 2031 3069 2090; x_wconf 78' lang='lat' dir='ltr'><strong>subest</strong></span> <span class='ocrx_word' id='word_1_475' title='bbox 3116 2031 3274 2086; x_wconf 88' lang='lat' dir='ltr'><strong>nobis</strong></span> <span class='ocrx_word' id='word_1_476' title='bbox 3325 2045 3452 2101; x_wconf 87' lang='lat' dir='ltr'><strong>spes</strong></span> 
     </span>
    </p>
   </div>
   <div class='ocr_carea' id='block_1_63' title="bbox 1907 2121 3451 2192">
    <p class='ocr_par' dir='ltr' id='par_1_63' title="bbox 1907 2121 3451 2192">
     <span class='ocr_line' id='line_1_63' title="bbox 1907 2121 3451 2192; baseline 0.004 -18"><span class='ocrx_word' id='word_1_477' title='bbox 1907 2121 2125 2175; x_wconf 80' lang='lat' dir='ltr'><strong>videndi</strong></span> <span class='ocrx_word' id='word_1_478' title='bbox 2161 2124 2426 2191; x_wconf 87' lang='lat' dir='ltr'><strong>promissa</strong></span> <span class='ocrx_word' id='word_1_479' title='bbox 2465 2133 2578 2185; x_wconf 86' lang='lat' dir='ltr'><strong>tua.</strong></span> <span class='ocrx_word' id='word_1_480' title='bbox 2631 2122 2738 2177; x_wconf 86' lang='lat' dir='ltr'><strong>nisi</strong></span> <span class='ocrx_word' id='word_1_481' title='bbox 2794 2135 2850 2177; x_wconf 91' lang='lat' dir='ltr'><strong>tu</strong></span> <span class='ocrx_word' id='word_1_482' title='bbox 2891 2123 3007 2192; x_wconf 87' lang='lat' dir='ltr'><strong>ipse</strong></span> <span class='ocrx_word' id='word_1_483' title='bbox 3052 2125 3304 2180; x_wconf 83' lang='lat' dir='ltr'><strong>volueris.</strong></span> <span class='ocrx_word' id='word_1_484' title='bbox 3371 2121 3451 2180; x_wconf 81' lang='lat' dir='ltr'><strong>Te</strong></span> 
     </span>
    </p>
   </div>
   <div class='ocr_carea' id='block_1_64' title="bbox 1905 2203 3451 2284">
    <p class='ocr_par' dir='ltr' id='par_1_64' title="bbox 1905 2203 3451 2284">
     <span class='ocr_line' id='line_1_64' title="bbox 1905 2203 3451 2284; baseline 0.003 -21"><span class='ocrx_word' id='word_1_485' title='bbox 1905 2203 2369 2282; x_wconf 38' lang='lat' dir='ltr'><strong>quippe&#39;volente.</strong></span> <span class='ocrx_word' id='word_1_486' title='bbox 2403 2227 2696 2280; x_wconf 82' lang='lat' dir='ltr'><strong>possumus</strong></span> <span class='ocrx_word' id='word_1_487' title='bbox 2719 2228 2819 2267; x_wconf 81' lang='lat' dir='ltr'><strong>nos</strong></span> <span class='ocrx_word' id='word_1_488' title='bbox 2848 2215 3122 2284; x_wconf 67' lang='lat' dir='ltr'><strong>prophetae</strong></span> <span class='ocrx_word' id='word_1_489' title='bbox 3151 2215 3230 2269; x_wconf 93' lang='lat' dir='ltr'><strong>tui</strong></span> <span class='ocrx_word' id='word_1_490' title='bbox 3267 2214 3320 2270; x_wconf 88' lang='lat' dir='ltr'><strong>in</strong></span> <span class='ocrx_word' id='word_1_491' title='bbox 3345 2218 3451 2269; x_wconf 83' lang='lat' dir='ltr'><strong>cir-</strong></span> 
     </span>
    </p>
   </div>
   <div class='ocr_carea' id='block_1_65' title="bbox 1905 2301 3451 2370">
    <p class='ocr_par' dir='ltr' id='par_1_65' title="bbox 1905 2301 3451 2370">
     <span class='ocr_line' id='line_1_65' title="bbox 1905 2301 3451 2370; baseline 0.003 -15"><span class='ocrx_word' id='word_1_492' title='bbox 1905 2311 2185 2370; x_wconf 86' lang='lat' dir='ltr'><strong>cumsepta</strong></span> <span class='ocrx_word' id='word_1_493' title='bbox 2219 2301 2435 2356; x_wconf 87' lang='lat' dir='ltr'><strong>civitate</strong></span> <span class='ocrx_word' id='word_1_494' title='bbox 2467 2310 2558 2354; x_wconf 87' lang='lat' dir='ltr'><strong>tua</strong></span> <span class='ocrx_word' id='word_1_495' title='bbox 2609 2304 2976 2369; x_wconf 85' lang='lat' dir='ltr'><strong>annumerari,</strong></span> <span class='ocrx_word' id='word_1_496' title='bbox 3016 2319 3079 2358; x_wconf 88' lang='lat' dir='ltr'><strong>ac</strong></span> <span class='ocrx_word' id='word_1_497' title='bbox 3120 2304 3314 2360; x_wconf 82' lang='lat' dir='ltr'><strong>deduci</strong></span> <span class='ocrx_word' id='word_1_498' title='bbox 3357 2320 3451 2360; x_wconf 65' lang='lat' dir='ltr'><strong>uso</strong></span> 
     </span>
    </p>
   </div>
   <div class='ocr_carea' id='block_1_66' title="bbox 1905 2391 2895 2461">
    <p class='ocr_par' dir='ltr' id='par_1_66' title="bbox 1905 2391 2895 2461">
     <span class='ocr_line' id='line_1_66' title="bbox 1905 2391 2895 2461; baseline 0.003 -17"><span class='ocrx_word' id='word_1_499' title='bbox 1905 2408 2011 2461; x_wconf 91' lang='lat' dir='ltr'><strong>que</strong></span> <span class='ocrx_word' id='word_1_500' title='bbox 2037 2392 2370 2446; x_wconf 88' lang='lat' dir='ltr'><strong>declaratam</strong></span> <span class='ocrx_word' id='word_1_501' title='bbox 2399 2393 2557 2446; x_wconf 87' lang='lat' dir='ltr'><strong>illam</strong></span> <span class='ocrx_word' id='word_1_502' title='bbox 2590 2391 2895 2447; x_wconf 66' lang='lat' dir='ltr'><strong>ldumaeam.</strong></span> 
     </span>
    </p>
   </div>
   <div class='ocr_carea' id='block_1_67' title="bbox 1978 2480 3450 2545">
    <p class='ocr_par' dir='ltr' id='par_1_67' title="bbox 1978 2480 3450 2545">
     <span class='ocr_line' id='line_1_67' title="bbox 1978 2480 3450 2545; baseline 0.005 -12"><span class='ocrx_word' id='word_1_503' title='bbox 1978 2480 2141 2537; x_wconf 72' lang='lat' dir='ltr'><strong>Vsus.</strong></span> <span class='ocrx_word' id='word_1_504' title='bbox 2172 2484 2260 2545; x_wconf 77' lang='grc'><strong>13,</strong></span> <span class='ocrx_word' id='word_1_505' title='bbox 2292 2481 2380 2537; x_wconf 76' lang='grc' dir='ltr'>ιι.</span> <span class='ocrx_word' id='word_1_506' title='bbox 2428 2500 2446 2533; x_wconf 90' lang='grc' dir='ltr'><strong>ι</strong></span> <span class='ocrx_word' id='word_1_507' title='bbox 2472 2481 2548 2537; x_wconf 87' lang='lat' dir='ltr'><strong>Da</strong></span> <span class='ocrx_word' id='word_1_508' title='bbox 2597 2484 2754 2539; x_wconf 88' lang='lat' dir='ltr'><strong>nobis</strong></span> <span class='ocrx_word' id='word_1_509' title='bbox 2792 2485 3056 2539; x_wconf 78' lang='lat' dir='ltr'><strong>auxilium</strong></span> <span class='ocrx_word' id='word_1_510' title='bbox 3104 2485 3171 2540; x_wconf 89' lang='lat' dir='ltr'><strong>de</strong></span> <span class='ocrx_word' id='word_1_511' title='bbox 3223 2485 3450 2540; x_wconf 86' lang='lat' dir='ltr'><strong>tribula-</strong></span> 
     </span>
    </p>
   </div>
   <div class='ocr_carea' id='block_1_68' title="bbox 1906 2571 3446 2634">
    <p class='ocr_par' dir='ltr' id='par_1_68' title="bbox 1906 2571 3446 2634">
     <span class='ocr_line' id='line_1_68' title="bbox 1906 2571 3446 2634; baseline 0.004 -10"><span class='ocrx_word' id='word_1_512' title='bbox 1906 2571 2072 2634; x_wconf 84' lang='lat' dir='ltr'><strong>tione.</strong></span> <span class='ocrx_word' id='word_1_513' title='bbox 2124 2583 2178 2627; x_wconf 89' lang='lat' dir='ltr'><strong>et</strong></span> <span class='ocrx_word' id='word_1_514' title='bbox 2219 2587 2358 2628; x_wconf 83' lang='lat' dir='ltr'><strong>vana</strong></span> <span class='ocrx_word' id='word_1_515' title='bbox 2408 2573 2556 2630; x_wconf 76' lang='lat' dir='ltr'><strong>salus</strong></span> <span class='ocrx_word' id='word_1_516' title='bbox 2590 2573 2891 2631; x_wconf 87' lang='lat' dir='ltr'><strong>hominum.</strong></span> <span class='ocrx_word' id='word_1_517' title='bbox 2944 2574 3004 2629; x_wconf 88' lang='lat' dir='ltr'><strong>In</strong></span> <span class='ocrx_word' id='word_1_518' title='bbox 3035 2573 3142 2630; x_wconf 86' lang='lat' dir='ltr'><strong>Deo</strong></span> <span class='ocrx_word' id='word_1_519' title='bbox 3185 2572 3446 2630; x_wconf 81' lang='lat' dir='ltr'><strong>faciemus</strong></span> 
     </span>
    </p>
   </div>
   <div class='ocr_carea' id='block_1_69' title="bbox 1906 2663 3449 2734">
    <p class='ocr_par' dir='ltr' id='par_1_69' title="bbox 1906 2663 3449 2734">
     <span class='ocr_line' id='line_1_69' title="bbox 1906 2663 3449 2734; baseline 0.005 -20"><span class='ocrx_word' id='word_1_520' title='bbox 1906 2663 2181 2727; x_wconf 85' lang='lat' dir='ltr'><strong>virtutem,</strong></span> <span class='ocrx_word' id='word_1_521' title='bbox 2209 2672 2263 2718; x_wconf 90' lang='lat' dir='ltr'><strong>et</strong></span> <span class='ocrx_word' id='word_1_522' title='bbox 2311 2665 2428 2734; x_wconf 89' lang='lat' dir='ltr'><strong>ipse</strong></span> <span class='ocrx_word' id='word_1_523' title='bbox 2475 2665 2544 2718; x_wconf 86' lang='lat' dir='ltr'><strong>ad</strong></span> <span class='ocrx_word' id='word_1_524' title='bbox 2591 2664 2818 2720; x_wconf 84' lang='lat' dir='ltr'><strong>nihilum</strong></span> <span class='ocrx_word' id='word_1_525' title='bbox 2863 2665 3092 2720; x_wconf 84' lang='lat' dir='ltr'><strong>deducet</strong></span> <span class='ocrx_word' id='word_1_526' title='bbox 3126 2667 3449 2721; x_wconf 87' lang='lat' dir='ltr'><strong>tribulantes</strong></span> 
     </span>
    </p>
   </div>
   <div class='ocr_carea' id='block_1_70' title="bbox 1907 2753 3447 2826">
    <p class='ocr_par' dir='ltr' id='par_1_70' title="bbox 1907 2753 3447 2826">
     <span class='ocr_line' id='line_1_70' title="bbox 1907 2753 3447 2826; baseline 0.001 -18"><span class='ocrx_word' id='word_1_527' title='bbox 1907 2771 2026 2809; x_wconf 87' lang='lat' dir='ltr'><strong>nos.</strong></span> <span class='ocrx_word' id='word_1_528' title='bbox 2052 2776 2070 2806; x_wconf 79' lang='grc' dir='ltr'><strong>ι</strong></span> <span class='ocrx_word' id='word_1_529' title='bbox 2128 2753 2232 2820; x_wconf 83' lang='lat' dir='ltr'><strong>Qui</strong></span> <span class='ocrx_word' id='word_1_530' title='bbox 2264 2757 2554 2824; x_wconf 77' lang='lat' dir='ltr'><strong>promissis</strong></span> <span class='ocrx_word' id='word_1_531' title='bbox 2574 2755 2779 2826; x_wconf 72' lang='lat' dir='ltr'><strong>dignati</strong></span> <span class='ocrx_word' id='word_1_532' title='bbox 2832 2765 2981 2822; x_wconf 85' lang='lat' dir='ltr'><strong>sunt,</strong></span> <span class='ocrx_word' id='word_1_533' title='bbox 3035 2757 3121 2811; x_wconf 89' lang='lat' dir='ltr'><strong>his</strong></span> <span class='ocrx_word' id='word_1_534' title='bbox 3153 2757 3447 2812; x_wconf 89' lang='lat' dir='ltr'><strong>edocentur</strong></span> 
     </span>
    </p>
   </div>
   <div class='ocr_carea' id='block_1_71' title="bbox 1907 2836 3452 2917">
    <p class='ocr_par' dir='ltr' id='par_1_71' title="bbox 1907 2836 3452 2917">
     <span class='ocr_line' id='line_1_71' title="bbox 1907 2836 3452 2917; baseline 0.001 -16"><span class='ocrx_word' id='word_1_535' title='bbox 1907 2847 2086 2901; x_wconf 76' lang='lat' dir='ltr'><strong>sobrie</strong></span> <span class='ocrx_word' id='word_1_536' title='bbox 2112 2846 2376 2914; x_wconf 81' lang='lat' dir='ltr'><strong>agendum</strong></span> <span class='ocrx_word' id='word_1_537' title='bbox 2403 2854 2457 2900; x_wconf 89' lang='lat' dir='ltr'><strong>et</strong></span> <span class='ocrx_word' id='word_1_538' title='bbox 2483 2846 2812 2915; x_wconf 72' lang='lat' dir='ltr'><strong>vigilandum</strong></span> <span class='ocrx_word' id='word_1_539' title='bbox 2829 2861 2969 2912; x_wconf 88' lang='lat' dir='ltr'><strong>esse,</strong></span> <span class='ocrx_word' id='word_1_540' title='bbox 2989 2855 3152 2917; x_wconf 86' lang='lat' dir='ltr'><strong>atque</strong></span> <span class='ocrx_word' id='word_1_541' title='bbox 3168 2849 3232 2901; x_wconf 87' lang='lat' dir='ltr'><strong>ad</strong></span> <span class='ocrx_word' id='word_1_542' title='bbox 3253 2836 3452 2903; x_wconf 66' lang='lat' dir='ltr'><strong>mrum-</strong></span> 
     </span>
    </p>
   </div>
   <div class='ocr_carea' id='block_1_72' title="bbox 1907 2939 3448 3008">
    <p class='ocr_par' dir='ltr' id='par_1_72' title="bbox 1907 2939 3448 3008">
     <span class='ocr_line' id='line_1_72' title="bbox 1907 2939 3448 3008; baseline 0.001 -17"><span class='ocrx_word' id='word_1_543' title='bbox 1907 2952 2006 2991; x_wconf 89' lang='lat' dir='ltr'><strong>nas</strong></span> <span class='ocrx_word' id='word_1_544' title='bbox 2061 2945 2279 3006; x_wconf 84' lang='lat' dir='ltr'><strong>paratos</strong></span> <span class='ocrx_word' id='word_1_545' title='bbox 2317 2951 2439 2992; x_wconf 86' lang='lat' dir='ltr'><strong>esse</strong></span> <span class='ocrx_word' id='word_1_546' title='bbox 2490 2947 2757 3007; x_wconf 76' lang='lat' dir='ltr'><strong>oportere,</strong></span> <span class='ocrx_word' id='word_1_547' title='bbox 2793 2953 2857 2992; x_wconf 90' lang='lat' dir='ltr'><strong>ac</strong></span> <span class='ocrx_word' id='word_1_548' title='bbox 2889 2939 3070 2993; x_wconf 85' lang='lat' dir='ltr'><strong>dicere</strong></span> <span class='ocrx_word' id='word_1_549' title='bbox 3101 2939 3210 3008; x_wconf 75' lang='lat' dir='ltr'><strong>regi</strong></span> <span class='ocrx_word' id='word_1_550' title='bbox 3241 2954 3340 2994; x_wconf 88' lang='lat' dir='ltr'><strong>suo</strong></span> <span class='ocrx_word' id='word_1_551' title='bbox 3394 2942 3448 2993; x_wconf 90' lang='lat' dir='ltr'><strong>in</strong></span> 
     </span>
    </p>
   </div>
   <div class='ocr_carea' id='block_1_73' title="bbox 1905 3024 3442 3093">
    <p class='ocr_par' dir='ltr' id='par_1_73' title="bbox 1905 3024 3442 3093">
     <span class='ocr_line' id='line_1_73' title="bbox 1905 3024 3442 3093; baseline 0.003 -13"><span class='ocrx_word' id='word_1_552' title='bbox 1905 3024 2257 3093; x_wconf 86' lang='lat' dir='ltr'><strong>orationibus,</strong></span> <span class='ocrx_word' id='word_1_553' title='bbox 2307 3045 2328 3079; x_wconf 83' lang='grc' dir='ltr'><strong>ι</strong></span> <span class='ocrx_word' id='word_1_554' title='bbox 2347 3027 2421 3081; x_wconf 90' lang='lat' dir='ltr'><strong>Da</strong></span> <span class='ocrx_word' id='word_1_555' title='bbox 2454 3030 2611 3084; x_wconf 84' lang='lat' dir='ltr'><strong>nobis</strong></span> <span class='ocrx_word' id='word_1_556' title='bbox 2639 3030 2897 3084; x_wconf 79' lang='lat' dir='ltr'><strong>auxilium</strong></span> <span class='ocrx_word' id='word_1_557' title='bbox 2922 3030 2990 3085; x_wconf 91' lang='lat' dir='ltr'><strong>de</strong></span> <span class='ocrx_word' id='word_1_558' title='bbox 3011 3032 3393 3085; x_wconf 84' lang='lat' dir='ltr'><strong>tribulatione:</strong></span> <span class='ocrx_word' id='word_1_559' title='bbox 3421 3051 3442 3084; x_wconf 85' lang='grc' dir='ltr'><strong>ι</strong></span> 
     </span>
    </p>
   </div>
   <div class='ocr_carea' id='block_1_74' title="bbox 1904 3109 3448 3192">
    <p class='ocr_par' dir='ltr' id='par_1_74' title="bbox 1904 3109 3448 3192">
     <span class='ocr_line' id='line_1_74' title="bbox 1904 3109 3448 3192; baseline 0.003 -20"><span class='ocrx_word' id='word_1_560' title='bbox 1904 3133 2043 3172; x_wconf 78' lang='lat' dir='ltr'><strong>vana</strong></span> <span class='ocrx_word' id='word_1_561' title='bbox 2092 3120 2289 3189; x_wconf 79' lang='lat' dir='ltr'><strong>quippe</strong></span> <span class='ocrx_word' id='word_1_562' title='bbox 2321 3127 2405 3175; x_wconf 89' lang='lat' dir='ltr'><strong>est</strong></span> <span class='ocrx_word' id='word_1_563' title='bbox 2464 3137 2588 3190; x_wconf 89' lang='lat' dir='ltr'><strong>spes</strong></span> <span class='ocrx_word' id='word_1_564' title='bbox 2629 3121 2683 3175; x_wconf 90' lang='lat' dir='ltr'><strong>in</strong></span> <span class='ocrx_word' id='word_1_565' title='bbox 2734 3121 2950 3177; x_wconf 85' lang='lat' dir='ltr'><strong>homine</strong></span> <span class='ocrx_word' id='word_1_566' title='bbox 3001 3122 3197 3192; x_wconf 87' lang='lat' dir='ltr'><strong>posita.</strong></span> <span class='ocrx_word' id='word_1_567' title='bbox 3245 3109 3448 3176; x_wconf 84' lang='lat' dir='ltr'><strong>Deinde</strong></span> 
     </span>
    </p>
   </div>
   <div class='ocr_carea' id='block_1_75' title="bbox 1905 3209 3444 3284">
    <p class='ocr_par' dir='ltr' id='par_1_75' title="bbox 1905 3209 3444 3284">
     <span class='ocr_line' id='line_1_75' title="bbox 1905 3209 3444 3284; baseline 0.006 -20"><span class='ocrx_word' id='word_1_568' title='bbox 1905 3209 2020 3265; x_wconf 66' lang='lat' dir='ltr'><strong>haec</strong></span> <span class='ocrx_word' id='word_1_569' title='bbox 2035 3214 2260 3280; x_wconf 82' lang='lat' dir='ltr'><strong>precati,</strong></span> <span class='ocrx_word' id='word_1_570' title='bbox 2283 3212 2581 3267; x_wconf 81' lang='lat' dir='ltr'><strong>alacritatis</strong></span> <span class='ocrx_word' id='word_1_571' title='bbox 2601 3228 2713 3267; x_wconf 68' lang='lat' dir='ltr'><strong>suae</strong></span> <span class='ocrx_word' id='word_1_572' title='bbox 2735 3214 2887 3284; x_wconf 67' lang='lat' dir='ltr'><strong>signa</strong></span> <span class='ocrx_word' id='word_1_573' title='bbox 2909 3215 3149 3283; x_wconf 71' lang='lat' dir='ltr'><strong>praebent</strong></span> <span class='ocrx_word' id='word_1_574' title='bbox 3169 3214 3444 3273; x_wconf 84' lang='lat' dir='ltr'><strong>dicentes:</strong></span> 
     </span>
    </p>
   </div>
   <div class='ocr_carea' id='block_1_76' title="bbox 1911 3301 3446 3372">
    <p class='ocr_par' dir='ltr' id='par_1_76' title="bbox 1911 3301 3446 3372">
     <span class='ocr_line' id='line_1_76' title="bbox 1911 3301 3446 3372; baseline 0.002 -16"><span class='ocrx_word' id='word_1_575' title='bbox 1911 3303 2010 3356; x_wconf 76' lang='lat' dir='ltr'><strong>tln</strong></span> <span class='ocrx_word' id='word_1_576' title='bbox 2040 3302 2147 3357; x_wconf 86' lang='lat' dir='ltr'><strong>Deo</strong></span> <span class='ocrx_word' id='word_1_577' title='bbox 2180 3301 2440 3358; x_wconf 78' lang='lat' dir='ltr'><strong>faciemus</strong></span> <span class='ocrx_word' id='word_1_578' title='bbox 2465 3305 2739 3367; x_wconf 82' lang='lat' dir='ltr'><strong>virtutem,</strong></span> <span class='ocrx_word' id='word_1_579' title='bbox 2772 3313 2825 3359; x_wconf 87' lang='lat' dir='ltr'><strong>et</strong></span> <span class='ocrx_word' id='word_1_580' title='bbox 2847 3305 2960 3372; x_wconf 87' lang='lat' dir='ltr'><strong>ipse</strong></span> <span class='ocrx_word' id='word_1_581' title='bbox 2993 3305 3060 3359; x_wconf 84' lang='lat' dir='ltr'><strong>ad</strong></span> <span class='ocrx_word' id='word_1_582' title='bbox 3097 3305 3326 3359; x_wconf 88' lang='lat' dir='ltr'><strong>nihilum</strong></span> <span class='ocrx_word' id='word_1_583' title='bbox 3352 3303 3446 3359; x_wconf 56' lang='lat' dir='ltr'><strong>de.</strong></span> 
     </span>
    </p>
   </div>
   <div class='ocr_carea' id='block_1_77' title="bbox 1899 3393 3446 3464">
    <p class='ocr_par' dir='ltr' id='par_1_77' title="bbox 1899 3393 3446 3464">
     <span class='ocr_line' id='line_1_77' title="bbox 1899 3393 3446 3464; baseline 0.002 -17"><span class='ocrx_word' id='word_1_584' title='bbox 1899 3394 2059 3450; x_wconf 87' lang='lat' dir='ltr'><strong>ducet</strong></span> <span class='ocrx_word' id='word_1_585' title='bbox 2111 3398 2433 3452; x_wconf 88' lang='lat' dir='ltr'><strong>tribulantes</strong></span> <span class='ocrx_word' id='word_1_586' title='bbox 2490 3411 2610 3450; x_wconf 79' lang='lat' dir='ltr'><strong>nos.</strong></span> <span class='ocrx_word' id='word_1_587' title='bbox 2641 3414 2659 3447; x_wconf 86' lang='grc' dir='ltr'><strong>ι</strong></span> <span class='ocrx_word' id='word_1_588' title='bbox 2736 3393 2882 3450; x_wconf 86' lang='lat' dir='ltr'><strong>Talis</strong></span> <span class='ocrx_word' id='word_1_589' title='bbox 2928 3403 3046 3449; x_wconf 87' lang='lat' dir='ltr'><strong>erat</strong></span> <span class='ocrx_word' id='word_1_590' title='bbox 3080 3393 3310 3459; x_wconf 88' lang='lat' dir='ltr'><strong>Paulus.</strong></span> <span class='ocrx_word' id='word_1_591' title='bbox 3352 3395 3446 3464; x_wconf 85' lang='lat' dir='ltr'><strong>qui</strong></span> 
     </span>
    </p>
   </div>
   <div class='ocr_carea' id='block_1_78' title="bbox 1900 3487 3445 3558">
    <p class='ocr_par' dir='ltr' id='par_1_78' title="bbox 1900 3487 3445 3558">
     <span class='ocr_line' id='line_1_78' title="bbox 1900 3487 3445 3558; baseline 0 -18"><span class='ocrx_word' id='word_1_592' title='bbox 1900 3487 2144 3543; x_wconf 86' lang='lat' dir='ltr'><strong>dicebat:</strong></span> <span class='ocrx_word' id='word_1_593' title='bbox 2181 3508 2199 3539; x_wconf 86' lang='grc' dir='ltr'><strong>ι</strong></span> <span class='ocrx_word' id='word_1_594' title='bbox 2239 3488 2429 3543; x_wconf 85' lang='lat' dir='ltr'><strong>Omnia</strong></span> <span class='ocrx_word' id='word_1_595' title='bbox 2459 3502 2679 3558; x_wconf 87' lang='lat' dir='ltr'><strong>possum</strong></span> <span class='ocrx_word' id='word_1_596' title='bbox 2735 3487 2791 3541; x_wconf 90' lang='lat' dir='ltr'><strong>in</strong></span> <span class='ocrx_word' id='word_1_597' title='bbox 2831 3501 2896 3542; x_wconf 91' lang='lat' dir='ltr'><strong>eo</strong></span> <span class='ocrx_word' id='word_1_598' title='bbox 2953 3488 3044 3556; x_wconf 91' lang='lat' dir='ltr'><strong>qui</strong></span> <span class='ocrx_word' id='word_1_599' title='bbox 3093 3502 3178 3540; x_wconf 88' lang='lat' dir='ltr'><strong>me</strong></span> <span class='ocrx_word' id='word_1_600' title='bbox 3226 3487 3445 3542; x_wconf 77' lang='lat' dir='ltr'><strong>confor-</strong></span> 
     </span>
    </p>
   </div>
   <div class='ocr_carea' id='block_1_79' title="bbox 1900 3577 3446 3649">
    <p class='ocr_par' dir='ltr' id='par_1_79' title="bbox 1900 3577 3446 3649">
     <span class='ocr_line' id='line_1_79' title="bbox 1900 3577 3446 3649; baseline 0.001 -18"><span class='ocrx_word' id='word_1_601' title='bbox 1900 3578 2032 3631; x_wconf 76' lang='lat' dir='ltr'><strong>tat&#39;l</strong></span> <span class='ocrx_word' id='word_1_602' title='bbox 2060 3596 2075 3643; x_wconf 89' lang='lat'><strong>;</strong></span> <span class='ocrx_word' id='word_1_603' title='bbox 2107 3598 2124 3629; x_wconf 84' lang='grc' dir='ltr'><strong>ι</strong></span> <span class='ocrx_word' id='word_1_604' title='bbox 2182 3594 2244 3632; x_wconf 89' lang='lat' dir='ltr'><strong>ac</strong></span> <span class='ocrx_word' id='word_1_605' title='bbox 2289 3594 2546 3644; x_wconf 85' lang='lat' dir='ltr'><strong>rursum;</strong></span> <span class='ocrx_word' id='word_1_606' title='bbox 2602 3577 2720 3632; x_wconf 85' lang='lat' dir='ltr'><strong>Non</strong></span> <span class='ocrx_word' id='word_1_607' title='bbox 2765 3593 2885 3649; x_wconf 74' lang='lat' dir='ltr'><strong>ego,</strong></span> <span class='ocrx_word' id='word_1_608' title='bbox 2932 3577 3126 3646; x_wconf 89' lang='lat' dir='ltr'><strong>inquit,</strong></span> <span class='ocrx_word' id='word_1_609' title='bbox 3185 3577 3279 3632; x_wconf 88' lang='lat' dir='ltr'><strong>sed</strong></span> <span class='ocrx_word' id='word_1_610' title='bbox 3321 3592 3446 3648; x_wconf 66' lang='lat' dir='ltr'><strong>gra-</strong></span> 
     </span>
    </p>
   </div>
   <div class='ocr_carea' id='block_1_80' title="bbox 1902 3666 3444 3739">
    <p class='ocr_par' dir='ltr' id='par_1_80' title="bbox 1902 3666 3444 3739">
     <span class='ocr_line' id='line_1_80' title="bbox 1902 3666 3444 3739; baseline -0.001 -18"><span class='ocrx_word' id='word_1_611' title='bbox 1902 3670 1974 3722; x_wconf 88' lang='lat' dir='ltr'><strong>tia</strong></span> <span class='ocrx_word' id='word_1_612' title='bbox 2018 3685 2137 3739; x_wconf 63' lang='lat' dir='ltr'><strong>qua:</strong></span> <span class='ocrx_word' id='word_1_613' title='bbox 2181 3677 2262 3724; x_wconf 91' lang='lat' dir='ltr'><strong>est</strong></span> <span class='ocrx_word' id='word_1_614' title='bbox 2318 3671 2656 3725; x_wconf 71' lang='lat' dir='ltr'><strong>mecum”.i</strong></span> <span class='ocrx_word' id='word_1_615' title='bbox 2724 3667 2806 3723; x_wconf 82' lang='lat' dir='ltr'><strong>Ad</strong></span> <span class='ocrx_word' id='word_1_616' title='bbox 2866 3669 2980 3723; x_wconf 69' lang='lat' dir='ltr'><strong>haec</strong></span> <span class='ocrx_word' id='word_1_617' title='bbox 3037 3666 3263 3722; x_wconf 85' lang='lat' dir='ltr'><strong>dicenda</strong></span> <span class='ocrx_word' id='word_1_618' title='bbox 3314 3681 3444 3728; x_wconf 82' lang='lat' dir='ltr'><strong>eru-</strong></span> 
     </span>
    </p>
   </div>
   <div class='ocr_carea' id='block_1_81' title="bbox 1901 3758 3443 3830">
    <p class='ocr_par' dir='ltr' id='par_1_81' title="bbox 1901 3758 3443 3830">
     <span class='ocr_line' id='line_1_81' title="bbox 1901 3758 3443 3830; baseline -0.003 -16"><span class='ocrx_word' id='word_1_619' title='bbox 1901 3761 2145 3826; x_wconf 89' lang='lat' dir='ltr'><strong>diuntur,</strong></span> <span class='ocrx_word' id='word_1_620' title='bbox 2180 3762 2272 3830; x_wconf 90' lang='lat' dir='ltr'><strong>qui</strong></span> <span class='ocrx_word' id='word_1_621' title='bbox 2296 3776 2364 3815; x_wconf 89' lang='lat' dir='ltr'><strong>ex</strong></span> <span class='ocrx_word' id='word_1_622' title='bbox 2402 3760 2638 3815; x_wconf 65' lang='lat' dir='ltr'><strong>ldumma</strong></span> <span class='ocrx_word' id='word_1_623' title='bbox 2664 3766 2717 3813; x_wconf 85' lang='lat' dir='ltr'><strong>et</strong></span> <span class='ocrx_word' id='word_1_624' title='bbox 2750 3774 2815 3814; x_wconf 85' lang='lat' dir='ltr'><strong>ex</strong></span> <span class='ocrx_word' id='word_1_625' title='bbox 2842 3758 3158 3827; x_wconf 73' lang='lat' dir='ltr'><strong>alienigenis</strong></span> <span class='ocrx_word' id='word_1_626' title='bbox 3189 3758 3443 3826; x_wconf 77' lang='lat' dir='ltr'><strong>gentibus</strong></span> 
     </span>
    </p>
   </div>
   <div class='ocr_carea' id='block_1_82' title="bbox 1903 3846 3443 3920">
    <p class='ocr_par' dir='ltr' id='par_1_82' title="bbox 1903 3846 3443 3920">
     <span class='ocr_line' id='line_1_82' title="bbox 1903 3846 3443 3920; baseline -0.003 -15"><span class='ocrx_word' id='word_1_627' title='bbox 1903 3852 1970 3905; x_wconf 82' lang='lat' dir='ltr'><strong>ad</strong></span> <span class='ocrx_word' id='word_1_628' title='bbox 2031 3850 2125 3904; x_wconf 87' lang='lat' dir='ltr'><strong>Dei</strong></span> <span class='ocrx_word' id='word_1_629' title='bbox 2188 3851 2418 3920; x_wconf 73' lang='lat' dir='ltr'><strong>gratiam</strong></span> <span class='ocrx_word' id='word_1_630' title='bbox 2471 3863 2770 3904; x_wconf 86' lang='lat' dir='ltr'><strong>accessere.</strong></span> <span class='ocrx_word' id='word_1_631' title='bbox 2817 3846 2980 3913; x_wconf 66' lang='lat' dir='ltr'><strong>Quod</strong></span> <span class='ocrx_word' id='word_1_632' title='bbox 3015 3848 3059 3902; x_wconf 87' lang='lat' dir='ltr'><strong>si</strong></span> <span class='ocrx_word' id='word_1_633' title='bbox 3106 3863 3171 3901; x_wconf 90' lang='lat' dir='ltr'><strong>ex</strong></span> <span class='ocrx_word' id='word_1_634' title='bbox 3215 3861 3443 3917; x_wconf 86' lang='lat' dir='ltr'><strong>persona</strong></span> 
     </span>
    </p>
   </div>
   <div class='ocr_carea' id='block_1_83' title="bbox 1903 3938 3444 4014">
    <p class='ocr_par' dir='ltr' id='par_1_83' title="bbox 1903 3938 3444 4014">
     <span class='ocr_line' id='line_1_83' title="bbox 1903 3938 3444 4014; baseline -0.002 -19"><span class='ocrx_word' id='word_1_635' title='bbox 1903 3941 2202 4014; x_wconf 80' lang='lat' dir='ltr'><strong>prophetici</strong></span> <span class='ocrx_word' id='word_1_636' title='bbox 2234 3941 2387 3994; x_wconf 89' lang='lat' dir='ltr'><strong>chori</strong></span> <span class='ocrx_word' id='word_1_637' title='bbox 2428 3939 2697 4000; x_wconf 87' lang='lat' dir='ltr'><strong>dicantur.</strong></span> <span class='ocrx_word' id='word_1_638' title='bbox 2730 3953 2862 3993; x_wconf 85' lang='lat' dir='ltr'><strong>sane</strong></span> <span class='ocrx_word' id='word_1_639' title='bbox 2904 3938 3059 3993; x_wconf 89' lang='lat' dir='ltr'><strong>decet</strong></span> <span class='ocrx_word' id='word_1_640' title='bbox 3085 3939 3230 4008; x_wconf 89' lang='lat' dir='ltr'><strong>ipsos</strong></span> <span class='ocrx_word' id='word_1_641' title='bbox 3261 3940 3444 4008; x_wconf 83' lang='lat' dir='ltr'><strong>repul-</strong></span> 
     </span>
    </p>
   </div>
   <div class='ocr_carea' id='block_1_84' title="bbox 1904 4030 3444 4100">
    <p class='ocr_par' dir='ltr' id='par_1_84' title="bbox 1904 4030 3444 4100">
     <span class='ocr_line' id='line_1_84' title="bbox 1904 4030 3444 4100; baseline -0.003 -14"><span class='ocrx_word' id='word_1_642' title='bbox 1904 4047 2019 4086; x_wconf 83' lang='lat' dir='ltr'><strong>sam</strong></span> <span class='ocrx_word' id='word_1_643' title='bbox 2061 4039 2115 4087; x_wconf 91' lang='lat' dir='ltr'><strong>et</strong></span> <span class='ocrx_word' id='word_1_644' title='bbox 2141 4033 2357 4094; x_wconf 29' lang='lat' dir='ltr'><strong>ruinam,</strong></span> <span class='ocrx_word' id='word_1_645' title='bbox 2395 4030 2592 4099; x_wconf 85' lang='lat' dir='ltr'><strong>prioris</strong></span> <span class='ocrx_word' id='word_1_646' title='bbox 2625 4030 2807 4100; x_wconf 78' lang='lat' dir='ltr'><strong>papuli</strong></span> <span class='ocrx_word' id='word_1_647' title='bbox 2846 4030 3213 4099; x_wconf 85' lang='lat' dir='ltr'><strong>deplorantes.</strong></span> <span class='ocrx_word' id='word_1_648' title='bbox 3243 4031 3444 4082; x_wconf 88' lang='lat' dir='ltr'><strong>oratio-</strong></span> 
     </span>
    </p>
   </div>
   <div class='ocr_carea' id='block_1_85' title="bbox 1901 4119 3442 4190">
    <p class='ocr_par' dir='ltr' id='par_1_85' title="bbox 1901 4119 3442 4190">
     <span class='ocr_line' id='line_1_85' title="bbox 1901 4119 3442 4190; baseline -0.002 -14"><span class='ocrx_word' id='word_1_649' title='bbox 1901 4137 2025 4176; x_wconf 87' lang='lat' dir='ltr'><strong>nem</strong></span> <span class='ocrx_word' id='word_1_650' title='bbox 2068 4122 2343 4177; x_wconf 75' lang='lat' dir='ltr'><strong>en‘undere</strong></span> <span class='ocrx_word' id='word_1_651' title='bbox 2369 4135 2468 4189; x_wconf 91' lang='lat' dir='ltr'><strong>pro</strong></span> <span class='ocrx_word' id='word_1_652' title='bbox 2498 4120 2775 4175; x_wconf 87' lang='lat' dir='ltr'><strong>communi</strong></span> <span class='ocrx_word' id='word_1_653' title='bbox 2812 4135 2913 4176; x_wconf 90' lang='lat' dir='ltr'><strong>suo</strong></span> <span class='ocrx_word' id='word_1_654' title='bbox 2951 4135 3199 4190; x_wconf 85' lang='lat' dir='ltr'><strong>corpore,</strong></span> <span class='ocrx_word' id='word_1_655' title='bbox 3226 4128 3290 4187; x_wconf 13' lang='lat' dir='ltr'><strong>let</strong></span> <span class='ocrx_word' id='word_1_656' title='bbox 3328 4119 3442 4173; x_wconf 73' lang='lat' dir='ltr'><strong>hac</strong></span> 
     </span>
    </p>
   </div>
   <div class='ocr_carea' id='block_1_86' title="bbox 1902 4210 2486 4281">
    <p class='ocr_par' dir='ltr' id='par_1_86' title="bbox 1902 4210 2486 4281">
     <span class='ocr_line' id='line_1_86' title="bbox 1902 4210 2486 4281; baseline -0.003 -13"><span class='ocrx_word' id='word_1_657' title='bbox 1902 4212 2064 4268; x_wconf 77' lang='lat' dir='ltr'><strong>verba</strong></span> <span class='ocrx_word' id='word_1_658' title='bbox 2087 4211 2197 4267; x_wconf 89' lang='lat' dir='ltr'><strong>Deo</strong></span> <span class='ocrx_word' id='word_1_659' title='bbox 2227 4210 2486 4281; x_wconf 79' lang='lat' dir='ltr'><strong>proferre.</strong></span> 
     </span>
    </p>
   </div>
   <div class='ocr_carea' id='block_1_87' title="bbox 2041 4335 3306 4432">
    <p class='ocr_par' dir='ltr' id='par_1_87' title="bbox 2041 4335 3306 4432">
     <span class='ocr_line' id='line_1_87' title="bbox 2041 4335 3306 4432; baseline -0.003 -14"><span class='ocrx_word' id='word_1_660' title='bbox 2041 4365 2091 4419; x_wconf 80' lang='grc' dir='ltr'>ι.</span> <span class='ocrx_word' id='word_1_661' title='bbox 2125 4361 2191 4416; x_wconf 79' lang='lat' dir='ltr'><strong>IN</strong></span> <span class='ocrx_word' id='word_1_662' title='bbox 2222 4361 2450 4431; x_wconf 72' lang='lat' dir='ltr'><strong>FINEM,</strong></span> <span class='ocrx_word' id='word_1_663' title='bbox 2489 4335 2558 4417; x_wconf 74' lang='grc' dir='ltr'><strong>ιἰι</strong></span> <span class='ocrx_word' id='word_1_664' title='bbox 2591 4360 2868 4432; x_wconf 73' lang='lat' dir='ltr'><strong>nrums,</strong></span> <span class='ocrx_word' id='word_1_665' title='bbox 2909 4360 3153 4417; x_wconf 64' lang='lat' dir='ltr'><strong>nsum.</strong></span> <span class='ocrx_word' id='word_1_666' title='bbox 3197 4361 3306 4415; x_wconf 85' lang='lat' dir='ltr'><strong>Lx.</strong></span> 
     </span>
    </p>
   </div>
   <div class='ocr_carea' id='block_1_88' title="bbox 1974 4478 3445 4563">
    <p class='ocr_par' dir='ltr' id='par_1_88' title="bbox 1974 4478 3445 4563">
     <span class='ocr_line' id='line_1_88' title="bbox 1974 4478 3445 4563; baseline -0.003 -11"><span class='ocrx_word' id='word_1_667' title='bbox 1974 4496 2139 4554; x_wconf 74' lang='lat' dir='ltr'><strong>Vens.</strong></span> <span class='ocrx_word' id='word_1_668' title='bbox 2192 4496 2260 4562; x_wconf 75' lang='grc'>2,</span> <span class='ocrx_word' id='word_1_669' title='bbox 2300 4497 2354 4551; x_wconf 77' lang='grc'><strong>5.</strong></span> <span class='ocrx_word' id='word_1_670' title='bbox 2404 4514 2423 4548; x_wconf 81' lang='grc' dir='ltr'><strong>ι</strong></span> <span class='ocrx_word' id='word_1_671' title='bbox 2474 4478 2722 4559; x_wconf 79' lang='lat' dir='ltr'><strong>Exaudi,</strong></span> <span class='ocrx_word' id='word_1_672' title='bbox 2782 4491 2959 4556; x_wconf 84' lang='lat' dir='ltr'><strong>Deus,</strong></span> <span class='ocrx_word' id='word_1_673' title='bbox 3017 4493 3445 4563; x_wconf 81' lang='lat' dir='ltr'><strong>deprecationem</strong></span> 
     </span>
    </p>
   </div>
   <div class='ocr_carea' id='block_1_89' title="bbox 243 4583 1981 4674">
    <p class='ocr_par' dir='ltr' id='par_1_89' title="bbox 243 4595 1981 4674">
     <span class='ocr_line' id='line_1_89' title="bbox 243 4595 1981 4674; baseline -0.007 -18"><span class='ocrx_word' id='word_1_674' title='bbox 243 4604 312 4674; x_wconf 77' lang='grc' dir='ltr'>τῇ</span> <span class='ocrx_word' id='word_1_675' title='bbox 344 4601 612 4672; x_wconf 81' lang='grc' dir='ltr'>προσευχῇ</span> <span class='ocrx_word' id='word_1_676' title='bbox 646 4615 767 4668; x_wconf 90' lang='grc' dir='ltr'>μου.</span> <span class='ocrx_word' id='word_1_677' title='bbox 815 4617 833 4648; x_wconf 88' lang='grc' dir='ltr'><strong>ι</strong></span> <span class='ocrx_word' id='word_1_678' title='bbox 881 4598 942 4651; x_wconf 82' lang='grc' dir='ltr'>Οἱ</span> <span class='ocrx_word' id='word_1_679' title='bbox 984 4598 1080 4668; x_wconf 71' lang='grc' dir='ltr'>μὲν</span> <span class='ocrx_word' id='word_1_680' title='bbox 1113 4595 1577 4669; x_wconf 72' lang='grc' dir='ltr'>ἐπιγεγραμμένοι</span> <span class='ocrx_word' id='word_1_681' title='bbox 1613 4596 1800 4665; x_wconf 78' lang='grc' dir='ltr'>στηλο-</span> <span class='ocrx_word' id='word_1_682' title='bbox 1832 4596 1876 4651; x_wconf 90' lang='lat' dir='ltr'><strong>D</strong></span> <span class='ocrx_word' id='word_1_683' title='bbox 1909 4605 1981 4644; x_wconf 67' lang='lat' dir='ltr'><strong>mi</strong></span> 
     </span>
    </p>
   </div>
   <div class='ocr_carea' id='block_1_90' title="bbox 1706 4583 3444 4674">
    <p class='ocr_par' dir='ltr' id='par_1_90' title="bbox 1706 4583 3444 4662">
     <span class='ocr_line' id='line_1_90' title="bbox 1706 4583 3444 4662; baseline -0.003 -20"><span class='ocrx_word' id='word_1_684' title='bbox 1706 4596 1800 4662; x_wconf 39' lang='lat'><strong>.10-</strong></span> <span class='ocrx_word' id='word_1_685' title='bbox 1832 4596 1876 4651; x_wconf 82' lang='grc' dir='ltr'>ι)</span> <span class='ocrx_word' id='word_1_686' title='bbox 1909 4605 2084 4644; x_wconf 86' lang='lat' dir='ltr'><strong>meam</strong></span> <span class='ocrx_word' id='word_1_687' title='bbox 2108 4629 2124 4653; x_wconf 98' lang='lat'><strong>,</strong></span> <span class='ocrx_word' id='word_1_688' title='bbox 2171 4587 2392 4652; x_wconf 76' lang='lat' dir='ltr'><strong>intende</strong></span> <span class='ocrx_word' id='word_1_689' title='bbox 2431 4584 2666 4640; x_wconf 84' lang='lat' dir='ltr'><strong>orationi</strong></span> <span class='ocrx_word' id='word_1_690' title='bbox 2707 4599 2859 4641; x_wconf 70' lang='lat' dir='ltr'><strong>mete.</strong></span> <span class='ocrx_word' id='word_1_691' title='bbox 2896 4603 2917 4636; x_wconf 83' lang='grc' dir='ltr'><strong>ι</strong></span> <span class='ocrx_word' id='word_1_692' title='bbox 2948 4583 3052 4651; x_wconf 86' lang='lat' dir='ltr'><strong>Qui</strong></span> <span class='ocrx_word' id='word_1_693' title='bbox 3080 4585 3220 4638; x_wconf 90' lang='lat' dir='ltr'><strong>tituli</strong></span> <span class='ocrx_word' id='word_1_694' title='bbox 3250 4584 3444 4637; x_wconf 90' lang='lat' dir='ltr'><strong>inscri-</strong></span> 
     </span>
    </p>
   </div>
   <div class='ocr_carea' id='block_1_91' title="bbox 244 4686 1792 4763">
    <p class='ocr_par' dir='ltr' id='par_1_91' title="bbox 244 4686 1792 4763">
     <span class='ocr_line' id='line_1_91' title="bbox 244 4686 1792 4763; baseline -0.004 -18"><span class='ocrx_word' id='word_1_695' title='bbox 244 4691 484 4763; x_wconf 84' lang='grc' dir='ltr'>γραφίας</span> <span class='ocrx_word' id='word_1_696' title='bbox 516 4687 709 4758; x_wconf 69' lang='grc' dir='ltr'>ἑφεξῆς</span> <span class='ocrx_word' id='word_1_697' title='bbox 744 4686 903 4739; x_wconf 78' lang='grc' dir='ltr'>πέντε</span> <span class='ocrx_word' id='word_1_698' title='bbox 935 4687 1093 4758; x_wconf 83' lang='grc' dir='ltr'>μέχρι</span> <span class='ocrx_word' id='word_1_699' title='bbox 1127 4686 1220 4740; x_wconf 83' lang='grc' dir='ltr'>τοῦ</span> <span class='ocrx_word' id='word_1_700' title='bbox 1249 4687 1324 4742; x_wconf 77' lang='grc' dir='ltr'>νθ⁶</span> <span class='ocrx_word' id='word_1_701' title='bbox 1365 4687 1514 4749; x_wconf 80' lang='grc' dir='ltr'>τέλος</span> <span class='ocrx_word' id='word_1_702' title='bbox 1553 4686 1761 4756; x_wconf 73' lang='grc' dir='ltr'>ἔχουσιν</span> <span class='ocrx_word' id='word_1_703' title='bbox 1780 4703 1792 4716; x_wconf 89' lang='grc'><strong>·</strong></span> 
     </span>
    </p>
   </div>
   <div class='ocr_carea' id='block_1_92' title="bbox 246 4775 1791 4848">
    <p class='ocr_par' dir='ltr' id='par_1_92' title="bbox 246 4775 1791 4848">
     <span class='ocr_line' id='line_1_92' title="bbox 246 4775 1791 4848; baseline -0.007 -10"><span class='ocrx_word' id='word_1_704' title='bbox 246 4784 353 4839; x_wconf 73' lang='lat' dir='ltr'><strong>sici</strong></span> <span class='ocrx_word' id='word_1_705' title='bbox 375 4783 441 4837; x_wconf 63' lang='grc' dir='ltr'>δὲ</span> <span class='ocrx_word' id='word_1_706' title='bbox 465 4781 664 4842; x_wconf 77' lang='grc' dir='ltr'>πάντες</span> <span class='ocrx_word' id='word_1_707' title='bbox 685 4779 733 4830; x_wconf 80' lang='lat' dir='ltr'><strong>oi</strong></span> <span class='ocrx_word' id='word_1_708' title='bbox 753 4776 954 4846; x_wconf 83' lang='grc' dir='ltr'>ταύτην</span> <span class='ocrx_word' id='word_1_709' title='bbox 983 4776 1195 4846; x_wconf 67' lang='grc' dir='ltr'>ἔχοντες</span> <span class='ocrx_word' id='word_1_710' title='bbox 1218 4778 1315 4848; x_wconf 75' lang='grc' dir='ltr'>τὴν</span> <span class='ocrx_word' id='word_1_711' title='bbox 1359 4775 1679 4848; x_wconf 79' lang='grc' dir='ltr'>προγραφὴν</span> <span class='ocrx_word' id='word_1_712' title='bbox 1701 4776 1761 4842; x_wconf 77' lang='grc' dir='ltr'><strong>ἒξ</strong></span> <span class='ocrx_word' id='word_1_713' title='bbox 1780 4794 1791 4806; x_wconf 89' lang='grc'><strong>·</strong></span> 
     </span>
    </p>
   </div>
   <div class='ocr_carea' id='block_1_93' title="bbox 245 4864 1797 4943">
    <p class='ocr_par' dir='ltr' id='par_1_93' title="bbox 245 4864 1797 4943">
     <span class='ocr_line' id='line_1_93' title="bbox 245 4864 1797 4943; baseline -0.006 -17"><span class='ocrx_word' id='word_1_714' title='bbox 245 4873 300 4927; x_wconf 75' lang='grc' dir='ltr'>οἱ</span> <span class='ocrx_word' id='word_1_715' title='bbox 317 4889 375 4925; x_wconf 87' lang='grc' dir='ltr'><strong>τε</strong></span> <span class='ocrx_word' id='word_1_716' title='bbox 410 4867 792 4943; x_wconf 82' lang='grc' dir='ltr'>προλεχθέντες</span> <span class='ocrx_word' id='word_1_717' title='bbox 823 4864 916 4918; x_wconf 73' lang='grc' dir='ltr'><strong>καὶ</strong></span> <span class='ocrx_word' id='word_1_718' title='bbox 935 4868 964 4918; x_wconf 90' lang='lat'><strong>6</strong></span> <span class='ocrx_word' id='word_1_719' title='bbox 991 4870 1052 4917; x_wconf 82' lang='lat' dir='ltr'><strong>ts&#39;</strong></span> <span class='ocrx_word' id='word_1_720' title='bbox 1082 4867 1142 4918; x_wconf 77' lang='grc' dir='ltr'><strong>έν</strong></span> <span class='ocrx_word' id='word_1_721' title='bbox 1164 4865 1241 4936; x_wconf 87' lang='grc' dir='ltr'>τῷ</span> <span class='ocrx_word' id='word_1_722' title='bbox 1280 4866 1477 4939; x_wconf 79' lang='grc' dir='ltr'>πρώτῳ</span> <span class='ocrx_word' id='word_1_723' title='bbox 1517 4865 1670 4936; x_wconf 85' lang='grc' dir='ltr'>μέρει</span> <span class='ocrx_word' id='word_1_724' title='bbox 1699 4868 1797 4936; x_wconf 76' lang='grc' dir='ltr'>τῆς</span> 
     </span>
    </p>
   </div>
   <div class='ocr_carea' id='block_1_94' title="bbox 249 4955 1798 5036">
    <p class='ocr_par' dir='ltr' id='par_1_94' title="bbox 249 4955 1798 5036">
     <span class='ocr_line' id='line_1_94' title="bbox 249 4955 1798 5036; baseline -0.008 -17"><span class='ocrx_word' id='word_1_725' title='bbox 249 4964 432 5036; x_wconf 68' lang='grc' dir='ltr'>βίϐλου</span> <span class='ocrx_word' id='word_1_726' title='bbox 457 4962 567 5016; x_wconf 87' lang='grc' dir='ltr'><strong>τῶν</strong></span> <span class='ocrx_word' id='word_1_727' title='bbox 593 4958 839 5030; x_wconf 67' lang='grc' dir='ltr'>Ψαλμῶν</span> <span class='ocrx_word' id='word_1_728' title='bbox 859 4955 1125 5026; x_wconf 80' lang='grc' dir='ltr'>κείμενος.</span> <span class='ocrx_word' id='word_1_729' title='bbox 1155 4955 1221 5010; x_wconf 83' lang='lat'><strong>&#39;0</strong></span> <span class='ocrx_word' id='word_1_730' title='bbox 1246 4975 1309 5026; x_wconf 86' lang='grc' dir='ltr'><strong>γε</strong></span> <span class='ocrx_word' id='word_1_731' title='bbox 1342 4958 1445 5030; x_wconf 81' lang='grc' dir='ltr'>μὴν</span> <span class='ocrx_word' id='word_1_732' title='bbox 1471 4957 1604 5029; x_wconf 86' lang='grc' dir='ltr'><strong>μετά</strong></span> <span class='ocrx_word' id='word_1_733' title='bbox 1616 4960 1798 5029; x_wconf 82' lang='grc' dir='ltr'>χεῖρας</span> 
     </span>
    </p>
   </div>
   <div class='ocr_carea' id='block_1_95' title="bbox 203 5045 1798 5126">
    <p class='ocr_par' dir='ltr' id='par_1_95' title="bbox 203 5045 1798 5126">
     <span class='ocr_line' id='line_1_95' title="bbox 203 5045 1798 5126; baseline -0.004 -18"><span class='ocrx_word' id='word_1_734' title='bbox 203 5065 206 5068; x_wconf 78' lang='grc'><strong>’</strong></span> <span class='ocrx_word' id='word_1_735' title='bbox 247 5053 414 5126; x_wconf 74' lang='grc' dir='ltr'>ὕμνος</span> <span class='ocrx_word' id='word_1_736' title='bbox 439 5052 515 5108; x_wconf 80' lang='grc' dir='ltr'><strong>ῶν</strong></span> <span class='ocrx_word' id='word_1_737' title='bbox 559 5051 652 5106; x_wconf 76' lang='grc' dir='ltr'><strong>καὶ</strong></span> <span class='ocrx_word' id='word_1_738' title='bbox 684 5049 844 5111; x_wconf 78' lang='grc' dir='ltr'>αὐτὸς</span> <span class='ocrx_word' id='word_1_739' title='bbox 873 5049 951 5110; x_wconf 86' lang='grc' dir='ltr'><strong>είς</strong></span> <span class='ocrx_word' id='word_1_740' title='bbox 991 5045 1052 5099; x_wconf 87' lang='grc' dir='ltr'>τὸ</span> <span class='ocrx_word' id='word_1_741' title='bbox 1078 5046 1228 5111; x_wconf 90' lang='grc' dir='ltr'>τέλος</span> <span class='ocrx_word' id='word_1_742' title='bbox 1260 5049 1347 5102; x_wconf 89' lang='grc' dir='ltr'><strong>διά</strong></span> <span class='ocrx_word' id='word_1_743' title='bbox 1389 5048 1487 5112; x_wconf 78' lang='grc' dir='ltr'>τὰς</span> <span class='ocrx_word' id='word_1_744' title='bbox 1529 5048 1619 5099; x_wconf 71' lang='grc' dir='ltr'><strong>ἐπὶ</strong></span> <span class='ocrx_word' id='word_1_745' title='bbox 1661 5047 1798 5101; x_wconf 86' lang='grc' dir='ltr'>τέλει</span> 
     </span>
    </p>
   </div>
   <div class='ocr_carea' id='block_1_96' title="bbox 246 5138 1799 5215">
    <p class='ocr_par' dir='ltr' id='par_1_96' title="bbox 246 5138 1799 5215">
     <span class='ocr_line' id='line_1_96' title="bbox 246 5138 1799 5215; baseline -0.011 -16"><span class='ocrx_word' id='word_1_746' title='bbox 246 5143 340 5199; x_wconf 70' lang='grc' dir='ltr'><strong>τοῦ</strong></span> <span class='ocrx_word' id='word_1_747' title='bbox 385 5143 552 5215; x_wconf 74' lang='grc' dir='ltr'>ὕμνου</span> <span class='ocrx_word' id='word_1_748' title='bbox 594 5141 892 5215; x_wconf 82' lang='grc' dir='ltr'>φερομένας</span> <span class='ocrx_word' id='word_1_749' title='bbox 931 5139 1263 5208; x_wconf 78' lang='grc' dir='ltr'>ὲπιχρήστας</span> <span class='ocrx_word' id='word_1_750' title='bbox 1312 5138 1636 5206; x_wconf 73' lang='grc' dir='ltr'>ἐπαγγελίας</span> <span class='ocrx_word' id='word_1_751' title='bbox 1672 5139 1799 5192; x_wconf 75' lang='grc' dir='ltr'>ἀνα-</span> 
     </span>
    </p>
   </div>
   <div class='ocr_carea' id='block_1_97' title="bbox 246 5228 1797 5306">
    <p class='ocr_par' dir='ltr' id='par_1_97' title="bbox 246 5228 1797 5306">
     <span class='ocr_line' id='line_1_97' title="bbox 246 5228 1797 5306; baseline -0.005 -16"><span class='ocrx_word' id='word_1_752' title='bbox 246 5237 472 5306; x_wconf 84' lang='grc' dir='ltr'>πέμπει.</span> <span class='ocrx_word' id='word_1_753' title='bbox 529 5234 651 5287; x_wconf 73' lang='lat' dir='ltr'><strong>Etsi.</strong></span> <span class='ocrx_word' id='word_1_754' title='bbox 700 5233 757 5287; x_wconf 72' lang='grc' dir='ltr'>δὲ</span> <span class='ocrx_word' id='word_1_755' title='bbox 815 5234 1010 5295; x_wconf 78' lang='grc' dir='ltr'>πάντες</span> <span class='ocrx_word' id='word_1_756' title='bbox 1058 5232 1107 5285; x_wconf 80' lang='lat' dir='ltr'><strong>ot</strong></span> <span class='ocrx_word' id='word_1_757' title='bbox 1163 5228 1624 5306; x_wconf 75' lang='grc' dir='ltr'>ἐπιγεγραμμένοι</span> <span class='ocrx_word' id='word_1_758' title='bbox 1659 5249 1678 5281; x_wconf 85' lang='grc' dir='ltr'><strong>ε</strong></span> <span class='ocrx_word' id='word_1_759' title='bbox 1711 5230 1797 5283; x_wconf 88' lang='grc' dir='ltr'>Ἐν</span> 
     </span>
    </p>
   </div>
   <div class='ocr_carea' id='block_1_98' title="bbox 247 5319 1798 5396">
    <p class='ocr_par' dir='ltr' id='par_1_98' title="bbox 247 5319 1798 5396">
     <span class='ocr_line' id='line_1_98' title="bbox 247 5319 1798 5396; baseline -0.004 -16"><span class='ocrx_word' id='word_1_760' title='bbox 247 5326 435 5396; x_wconf 77' lang='grc' dir='ltr'>ὕμνοις</span> <span class='ocrx_word' id='word_1_761' title='bbox 468 5343 488 5376; x_wconf 81' lang='grc' dir='ltr'><strong>ι</strong></span> <span class='ocrx_word' id='word_1_762' title='bbox 530 5324 722 5377; x_wconf 79' lang='grc' dir='ltr'>πέντε·</span> <span class='ocrx_word' id='word_1_763' title='bbox 769 5324 862 5378; x_wconf 86' lang='grc' dir='ltr'>δύο</span> <span class='ocrx_word' id='word_1_764' title='bbox 911 5324 1007 5395; x_wconf 70' lang='grc' dir='ltr'>μιν</span> <span class='ocrx_word' id='word_1_765' title='bbox 1050 5325 1108 5376; x_wconf 75' lang='grc' dir='ltr'><strong>έν</strong></span> <span class='ocrx_word' id='word_1_766' title='bbox 1150 5324 1228 5393; x_wconf 81' lang='grc' dir='ltr'>τῷ</span> <span class='ocrx_word' id='word_1_767' title='bbox 1278 5319 1478 5391; x_wconf 80' lang='grc' dir='ltr'>πρώτῳ</span> <span class='ocrx_word' id='word_1_768' title='bbox 1510 5320 1662 5392; x_wconf 79' lang='grc' dir='ltr'>μέρει</span> <span class='ocrx_word' id='word_1_769' title='bbox 1699 5325 1798 5392; x_wconf 75' lang='grc' dir='ltr'>τῆς</span> 
     </span>
    </p>
   </div>
   <div class='ocr_carea' id='block_1_99' title="bbox 232 5405 1799 5489">
    <p class='ocr_par' dir='ltr' id='par_1_99' title="bbox 232 5405 1799 5489">
     <span class='ocr_line' id='line_1_99' title="bbox 232 5405 1799 5489; baseline -0.004 -19"><span class='ocrx_word' id='word_1_770' title='bbox 232 5417 455 5489; x_wconf 70' lang='grc' dir='ltr'>βίϐλου,</span> <span class='ocrx_word' id='word_1_771' title='bbox 491 5416 521 5467; x_wconf 87' lang='lat'><strong>6</strong></span> <span class='ocrx_word' id='word_1_772' title='bbox 560 5417 813 5487; x_wconf 82' lang='grc' dir='ltr'>τέταρτος</span> <span class='ocrx_word' id='word_1_773' title='bbox 853 5415 946 5470; x_wconf 68' lang='lat' dir='ltr'><strong>ut</strong></span> <span class='ocrx_word' id='word_1_774' title='bbox 985 5417 1016 5469; x_wconf 91' lang='lat'><strong>6</strong></span> <span class='ocrx_word' id='word_1_775' title='bbox 1059 5419 1131 5478; x_wconf 80' lang='grc' dir='ltr'><strong>ς’.</strong></span> <span class='ocrx_word' id='word_1_776' title='bbox 1171 5411 1310 5465; x_wconf 83' lang='grc' dir='ltr'>Ἀλλ’</span> <span class='ocrx_word' id='word_1_777' title='bbox 1349 5405 1491 5465; x_wconf 72' lang='grc' dir='ltr'>οὗτοι</span> <span class='ocrx_word' id='word_1_778' title='bbox 1518 5412 1618 5481; x_wconf 70' lang='grc' dir='ltr'>μὲν</span> <span class='ocrx_word' id='word_1_779' title='bbox 1658 5431 1677 5467; x_wconf 77' lang='grc' dir='ltr'><strong>ι</strong></span> <span class='ocrx_word' id='word_1_780' title='bbox 1715 5413 1799 5466; x_wconf 84' lang='grc' dir='ltr'>Ἐν</span> 
     </span>
    </p>
   </div>
   <div class='ocr_carea' id='block_1_100' title="bbox 251 5502 1799 5580">
    <p class='ocr_par' dir='ltr' id='par_1_100' title="bbox 251 5502 1799 5580">
     <span class='ocr_line' id='line_1_100' title="bbox 251 5502 1799 5580; baseline -0.005 -17"><span class='ocrx_word' id='word_1_781' title='bbox 251 5509 438 5580; x_wconf 72' lang='grc' dir='ltr'>ὕμνοις</span> <span class='ocrx_word' id='word_1_782' title='bbox 463 5506 665 5578; x_wconf 77' lang='grc' dir='ltr'>ψαλμοὶ</span> <span class='ocrx_word' id='word_1_783' title='bbox 701 5527 719 5560; x_wconf 91' lang='grc' dir='ltr'><strong>ι</strong></span> <span class='ocrx_word' id='word_1_784' title='bbox 751 5508 993 5577; x_wconf 83' lang='grc' dir='ltr'>λέγονται</span> <span class='ocrx_word' id='word_1_785' title='bbox 1015 5524 1029 5538; x_wconf 88' lang='grc'><strong>·</strong></span> <span class='ocrx_word' id='word_1_786' title='bbox 1053 5507 1105 5559; x_wconf 84' lang='lat' dir='ltr'><strong>ol</strong></span> <span class='ocrx_word' id='word_1_787' title='bbox 1123 5505 1179 5559; x_wconf 81' lang='grc' dir='ltr'>δι</span> <span class='ocrx_word' id='word_1_788' title='bbox 1203 5507 1260 5557; x_wconf 76' lang='grc' dir='ltr'><strong>έν</strong></span> <span class='ocrx_word' id='word_1_789' title='bbox 1287 5503 1365 5573; x_wconf 81' lang='grc' dir='ltr'>τῷ</span> <span class='ocrx_word' id='word_1_790' title='bbox 1389 5502 1621 5576; x_wconf 79' lang='grc' dir='ltr'>δευτέρῳ</span> <span class='ocrx_word' id='word_1_791' title='bbox 1648 5504 1799 5576; x_wconf 83' lang='grc' dir='ltr'>μέρει</span> 
     </span>
    </p>
   </div>
   <div class='ocr_carea' id='block_1_101' title="bbox 247 5583 1795 5673">
    <p class='ocr_par' dir='ltr' id='par_1_101' title="bbox 247 5583 1795 5673">
     <span class='ocr_line' id='line_1_101' title="bbox 247 5583 1795 5673; baseline -0.005 1"><span class='ocrx_word' id='word_1_792' title='bbox 247 5597 551 5673; x_wconf 53' lang='lat' dir='ltr'><strong>metu»</strong></span> <span class='ocrx_word' id='word_1_793' title='bbox 577 5583 723 5670; x_wconf 64' lang='grc' dir='ltr'><strong>τριῐξ</strong></span> <span class='ocrx_word' id='word_1_794' title='bbox 753 5618 772 5651; x_wconf 71' lang='grc' dir='ltr'><strong>ι</strong></span> <span class='ocrx_word' id='word_1_795' title='bbox 796 5599 883 5652; x_wconf 78' lang='lat' dir='ltr'><strong>‘Ev</strong></span> <span class='ocrx_word' id='word_1_796' title='bbox 914 5597 1102 5667; x_wconf 72' lang='grc' dir='ltr'>δμνοις</span> <span class='ocrx_word' id='word_1_797' title='bbox 1134 5613 1153 5647; x_wconf 78' lang='grc' dir='ltr'><strong>ι</strong></span> <span class='ocrx_word' id='word_1_798' title='bbox 1199 5596 1586 5665; x_wconf 73' lang='grc' dir='ltr'>ιπιγράφονται</span> <span class='ocrx_word' id='word_1_799' title='bbox 1618 5595 1795 5666; x_wconf 70' lang='grc' dir='ltr'>μόνον.</span> 
     </span>
    </p>
   </div>
   <div class='ocr_carea' id='block_1_102' title="bbox 246 5671 1796 5760">
    <p class='ocr_par' dir='ltr' id='par_1_102' title="bbox 246 5671 1796 5760">
     <span class='ocr_line' id='line_1_102' title="bbox 246 5671 1796 5760; baseline -0.001 -18"><span class='ocrx_word' id='word_1_800' title='bbox 560 5691 590 5743; x_wconf 87' lang='lat'><strong>6</strong></span> <span class='ocrx_word' id='word_1_801' title='bbox 611 5690 702 5756; x_wconf 62' lang='grc' dir='ltr'>νε,</span> <span class='ocrx_word' id='word_1_802' title='bbox 730 5692 868 5746; x_wconf 65' lang='grc' dir='ltr'><strong>καϊό</strong></span> <span class='ocrx_word' id='word_1_803' title='bbox 895 5684 1034 5760; x_wconf 66' lang='grc' dir='ltr'><strong>μετά</strong></span> <span class='ocrx_word' id='word_1_804' title='bbox 1055 5689 1256 5758; x_wconf 74' lang='grc' dir='ltr'>χεῖρας.</span> <span class='ocrx_word' id='word_1_805' title='bbox 1312 5687 1372 5742; x_wconf 79' lang='grc' dir='ltr'><strong>Οί</strong></span> <span class='ocrx_word' id='word_1_806' title='bbox 1402 5687 1498 5754; x_wconf 70' lang='grc' dir='ltr'>μὲν</span> <span class='ocrx_word' id='word_1_807' title='bbox 1522 5683 1613 5742; x_wconf 78' lang='grc' dir='ltr'>οὖν</span> <span class='ocrx_word' id='word_1_808' title='bbox 1646 5694 1664 5740; x_wconf 77' lang='grc' dir='ltr'><strong>ι</strong></span> <span class='ocrx_word' id='word_1_809' title='bbox 1709 5685 1796 5742; x_wconf 74' lang='grc' dir='ltr'>Ἑν</span> 
     </span>
    </p>
   </div>
   <div class='ocr_carea' id='block_1_103' title="bbox 325 5827 1424 5918">
    <p class='ocr_par' dir='ltr' id='par_1_103' title="bbox 325 5827 1424 5918">
     <span class='ocr_line' id='line_1_103' title="bbox 325 5827 1424 5918; baseline 0.016 -17"><span class='ocrx_word' id='word_1_810' title='bbox 325 5827 598 5918; x_wconf 71' lang='grc' dir='ltr'>ἰ,ι)ιιίιίρ.</span> <span class='ocrx_word' id='word_1_811' title='bbox 635 5861 706 5914; x_wconf 84' lang='lat' dir='ltr'><strong>lv,</strong></span> <span class='ocrx_word' id='word_1_812' title='bbox 744 5848 828 5905; x_wconf 71' lang='grc' dir='ltr'><strong>ιδ.</strong></span> <span class='ocrx_word' id='word_1_813' title='bbox 907 5849 949 5880; x_wconf 70' lang='grc' dir='ltr'>θ’</span> <span class='ocrx_word' id='word_1_814' title='bbox 989 5847 1008 5902; x_wconf 85' lang='grc'><strong>1</strong></span> <span class='ocrx_word' id='word_1_815' title='bbox 1045 5844 1170 5901; x_wconf 72' lang='grc' dir='ltr'>σοι’.</span> <span class='ocrx_word' id='word_1_816' title='bbox 1209 5860 1300 5912; x_wconf 76' lang='grc' dir='ltr'><strong>ιν»</strong></span> <span class='ocrx_word' id='word_1_817' title='bbox 1336 5843 1424 5901; x_wconf 74' lang='lat' dir='ltr'><strong>i0-</strong></span> 
     </span>
    </p>
   </div>
   <div class='ocr_carea' id='block_1_104' title="bbox 1903 4675 3444 4750">
    <p class='ocr_par' dir='ltr' id='par_1_104' title="bbox 1903 4675 3444 4750">
     <span class='ocr_line' id='line_1_104' title="bbox 1903 4675 3444 4750; baseline -0.005 -15"><span class='ocrx_word' id='word_1_818' title='bbox 1903 4683 2120 4750; x_wconf 84' lang='lat' dir='ltr'><strong>ptiones</strong></span> <span class='ocrx_word' id='word_1_819' title='bbox 2179 4680 2469 4742; x_wconf 87' lang='lat' dir='ltr'><strong>dicuntur,</strong></span> <span class='ocrx_word' id='word_1_820' title='bbox 2531 4683 2926 4746; x_wconf 86' lang='lat' dir='ltr'><strong>consequenter</strong></span> <span class='ocrx_word' id='word_1_821' title='bbox 2993 4675 3155 4744; x_wconf 85' lang='lat' dir='ltr'><strong>positi</strong></span> <span class='ocrx_word' id='word_1_822' title='bbox 3219 4689 3444 4729; x_wconf 88' lang='lat' dir='ltr'><strong>numero</strong></span> 
     </span>
    </p>
   </div>
   <div class='ocr_carea' id='block_1_105' title="bbox 1901 4763 3439 4841">
    <p class='ocr_par' dir='ltr' id='par_1_105' title="bbox 1901 4763 3439 4841">
     <span class='ocr_line' id='line_1_105' title="bbox 1901 4763 3439 4841; baseline -0.005 -17"><span class='ocrx_word' id='word_1_823' title='bbox 1901 4773 2172 4841; x_wconf 85' lang='lat' dir='ltr'><strong>quinque,</strong></span> <span class='ocrx_word' id='word_1_824' title='bbox 2213 4771 2268 4823; x_wconf 91' lang='lat' dir='ltr'><strong>in</strong></span> <span class='ocrx_word' id='word_1_825' title='bbox 2315 4771 2412 4822; x_wconf 72' lang='lat' dir='ltr'><strong>Lis.</strong></span> <span class='ocrx_word' id='word_1_826' title='bbox 2461 4766 2735 4824; x_wconf 88' lang='lat' dir='ltr'><strong>desinunt.</strong></span> <span class='ocrx_word' id='word_1_827' title='bbox 2782 4763 2922 4820; x_wconf 88' lang='lat' dir='ltr'><strong>Sunt</strong></span> <span class='ocrx_word' id='word_1_828' title='bbox 2994 4773 3175 4821; x_wconf 85' lang='lat' dir='ltr'><strong>autem</strong></span> <span class='ocrx_word' id='word_1_829' title='bbox 3215 4779 3439 4827; x_wconf 88' lang='lat' dir='ltr'><strong>omnes.</strong></span> 
     </span>
    </p>
   </div>
   <div class='ocr_carea' id='block_1_106' title="bbox 1902 4845 3439 4936">
    <p class='ocr_par' dir='ltr' id='par_1_106' title="bbox 1902 4845 3439 4936">
     <span class='ocr_line' id='line_1_106' title="bbox 1902 4845 3439 4936; baseline -0.006 -18"><span class='ocrx_word' id='word_1_830' title='bbox 1902 4865 1993 4934; x_wconf 89' lang='lat' dir='ltr'><strong>qui</strong></span> <span class='ocrx_word' id='word_1_831' title='bbox 2040 4862 2351 4936; x_wconf 81' lang='lat' dir='ltr'><strong>hujusmodi</strong></span> <span class='ocrx_word' id='word_1_832' title='bbox 2400 4845 2565 4916; x_wconf 70' lang='lat' dir='ltr'><strong>titulo</strong></span> <span class='ocrx_word' id='word_1_833' title='bbox 2589 4858 3001 4922; x_wconf 85' lang='lat' dir='ltr'><strong>inscribuntur,</strong></span> <span class='ocrx_word' id='word_1_834' title='bbox 3049 4869 3276 4919; x_wconf 84' lang='lat' dir='ltr'><strong>numero</strong></span> <span class='ocrx_word' id='word_1_835' title='bbox 3303 4869 3439 4920; x_wconf 80' lang='lat' dir='ltr'><strong>sex;</strong></span> 
     </span>
    </p>
   </div>
   <div class='ocr_carea' id='block_1_107' title="bbox 1904 4946 3444 5023">
    <p class='ocr_par' dir='ltr' id='par_1_107' title="bbox 1904 4946 3444 5023">
     <span class='ocr_line' id='line_1_107' title="bbox 1904 4946 3444 5023; baseline -0.007 -14"><span class='ocrx_word' id='word_1_836' title='bbox 1904 4970 2093 5023; x_wconf 86' lang='lat' dir='ltr'><strong>nempe</strong></span> <span class='ocrx_word' id='word_1_837' title='bbox 2136 4955 2227 5023; x_wconf 89' lang='lat' dir='ltr'><strong>qui</strong></span> <span class='ocrx_word' id='word_1_838' title='bbox 2254 4955 2366 5022; x_wconf 83' lang='lat' dir='ltr'><strong>jam</strong></span> <span class='ocrx_word' id='word_1_839' title='bbox 2399 4953 2682 5016; x_wconf 65' lang='lat' dir='ltr'><strong>memorati</strong></span> <span class='ocrx_word' id='word_1_840' title='bbox 2707 4957 2851 5007; x_wconf 88' lang='lat' dir='ltr'><strong>.sunt</strong></span> <span class='ocrx_word' id='word_1_841' title='bbox 2873 4988 2887 5012; x_wconf 89' lang='lat'><strong>.</strong></span> <span class='ocrx_word' id='word_1_842' title='bbox 2917 4956 2972 5004; x_wconf 89' lang='lat' dir='ltr'><strong>et</strong></span> <span class='ocrx_word' id='word_1_843' title='bbox 3014 4946 3256 5005; x_wconf 84' lang='lat' dir='ltr'><strong>decimus</strong></span> <span class='ocrx_word' id='word_1_844' title='bbox 3283 4946 3444 5016; x_wconf 88' lang='lat' dir='ltr'><strong>quin-</strong></span> 
     </span>
    </p>
   </div>
   <div class='ocr_carea' id='block_1_108' title="bbox 1903 5037 3444 5115">
    <p class='ocr_par' dir='ltr' id='par_1_108' title="bbox 1903 5037 3444 5115">
     <span class='ocr_line' id='line_1_108' title="bbox 1903 5037 3444 5115; baseline -0.007 -14"><span class='ocrx_word' id='word_1_845' title='bbox 1903 5058 2023 5108; x_wconf 86' lang='lat' dir='ltr'><strong>tus.</strong></span> <span class='ocrx_word' id='word_1_846' title='bbox 2075 5045 2132 5098; x_wconf 91' lang='lat' dir='ltr'><strong>in</strong></span> <span class='ocrx_word' id='word_1_847' title='bbox 2181 5047 2354 5114; x_wconf 87' lang='lat' dir='ltr'><strong>prima</strong></span> <span class='ocrx_word' id='word_1_848' title='bbox 2399 5055 2550 5115; x_wconf 82' lang='lat' dir='ltr'><strong>parte</strong></span> <span class='ocrx_word' id='word_1_849' title='bbox 2595 5042 2718 5096; x_wconf 89' lang='lat' dir='ltr'><strong>libri</strong></span> <span class='ocrx_word' id='word_1_850' title='bbox 2753 5040 3091 5094; x_wconf 84' lang='lat' dir='ltr'><strong>Psalmorum</strong></span> <span class='ocrx_word' id='word_1_851' title='bbox 3141 5039 3298 5094; x_wconf 88' lang='lat' dir='ltr'><strong>situs.</strong></span> <span class='ocrx_word' id='word_1_852' title='bbox 3344 5037 3444 5107; x_wconf 69' lang='lat' dir='ltr'><strong>Hic</strong></span> 
     </span>
    </p>
   </div>
   <div class='ocr_carea' id='block_1_109' title="bbox 1900 5126 3443 5205">
    <p class='ocr_par' dir='ltr' id='par_1_109' title="bbox 1900 5126 3443 5205">
     <span class='ocr_line' id='line_1_109' title="bbox 1900 5126 3443 5205; baseline -0.008 -12"><span class='ocrx_word' id='word_1_853' title='bbox 1900 5152 2028 5193; x_wconf 90' lang='lat' dir='ltr'><strong>vero</strong></span> <span class='ocrx_word' id='word_1_854' title='bbox 2056 5150 2215 5205; x_wconf 89' lang='lat' dir='ltr'><strong>quem</strong></span> <span class='ocrx_word' id='word_1_855' title='bbox 2259 5138 2375 5205; x_wconf 84' lang='lat' dir='ltr'><strong>jam</strong></span> <span class='ocrx_word' id='word_1_856' title='bbox 2421 5144 2719 5192; x_wconf 81' lang='lat' dir='ltr'><strong>tractamus</strong></span> <span class='ocrx_word' id='word_1_857' title='bbox 2757 5132 3020 5203; x_wconf 84' lang='lat' dir='ltr'><strong>hymnus,</strong></span> <span class='ocrx_word' id='word_1_858' title='bbox 3052 5130 3117 5182; x_wconf 82' lang='lat' dir='ltr'><strong>ad</strong></span> <span class='ocrx_word' id='word_1_859' title='bbox 3149 5126 3305 5182; x_wconf 82' lang='lat' dir='ltr'><strong>ﬁnem</strong></span> <span class='ocrx_word' id='word_1_860' title='bbox 3326 5167 3342 5192; x_wconf 91' lang='lat'><strong>,</strong></span> <span class='ocrx_word' id='word_1_861' title='bbox 3373 5127 3443 5181; x_wconf 92' lang='lat' dir='ltr'><strong>ob</strong></span> 
     </span>
    </p>
   </div>
   <div class='ocr_carea' id='block_1_110' title="bbox 1901 5220 3445 5299">
    <p class='ocr_par' dir='ltr' id='par_1_110' title="bbox 1901 5220 3445 5299">
     <span class='ocr_line' id='line_1_110' title="bbox 1901 5220 3445 5299; baseline -0.005 -19"><span class='ocrx_word' id='word_1_862' title='bbox 1901 5227 2148 5299; x_wconf 84' lang='lat' dir='ltr'><strong>perutilia</strong></span> <span class='ocrx_word' id='word_1_863' title='bbox 2180 5227 2270 5280; x_wconf 88' lang='lat' dir='ltr'><strong>illa</strong></span> <span class='ocrx_word' id='word_1_864' title='bbox 2313 5228 2581 5296; x_wconf 85' lang='lat' dir='ltr'><strong>promissa</strong></span> <span class='ocrx_word' id='word_1_865' title='bbox 2602 5267 2618 5292; x_wconf 93' lang='lat'><strong>,</strong></span> <span class='ocrx_word' id='word_1_866' title='bbox 2651 5239 2771 5295; x_wconf 75' lang='lat' dir='ltr'><strong>quae</strong></span> <span class='ocrx_word' id='word_1_867' title='bbox 2798 5225 2852 5278; x_wconf 90' lang='lat' dir='ltr'><strong>in</strong></span> <span class='ocrx_word' id='word_1_868' title='bbox 2893 5223 2998 5278; x_wconf 80' lang='lat' dir='ltr'><strong>line</strong></span> <span class='ocrx_word' id='word_1_869' title='bbox 3043 5220 3309 5282; x_wconf 77' lang='lat' dir='ltr'><strong>feruntur,</strong></span> <span class='ocrx_word' id='word_1_870' title='bbox 3331 5276 3335 5280; x_wconf 30' lang='lat'><strong>,</strong></span> <span class='ocrx_word' id='word_1_871' title='bbox 3356 5232 3445 5272; x_wconf 75' lang='lat' dir='ltr'><strong>re-</strong></span> 
     </span>
    </p>
   </div>
   <div class='ocr_carea' id='block_1_111' title="bbox 1901 5309 3443 5387">
    <p class='ocr_par' dir='ltr' id='par_1_111' title="bbox 1901 5309 3443 5387">
     <span class='ocr_line' id='line_1_111' title="bbox 1901 5309 3443 5387; baseline -0.006 -15"><span class='ocrx_word' id='word_1_872' title='bbox 1901 5318 2084 5372; x_wconf 87' lang='lat' dir='ltr'><strong>mittit.</strong></span> <span class='ocrx_word' id='word_1_873' title='bbox 2124 5316 2261 5372; x_wconf 85' lang='lat' dir='ltr'><strong>Sunt</strong></span> <span class='ocrx_word' id='word_1_874' title='bbox 2291 5327 2469 5371; x_wconf 90' lang='lat' dir='ltr'><strong>autem</strong></span> <span class='ocrx_word' id='word_1_875' title='bbox 2502 5334 2520 5366; x_wconf 86' lang='grc' dir='ltr'><strong>ι</strong></span> <span class='ocrx_word' id='word_1_876' title='bbox 2549 5316 2610 5382; x_wconf 80' lang='lat' dir='ltr'><strong>In</strong></span> <span class='ocrx_word' id='word_1_877' title='bbox 2638 5317 2853 5387; x_wconf 83' lang='lat' dir='ltr'><strong>hymnis</strong></span> <span class='ocrx_word' id='word_1_878' title='bbox 2885 5335 2903 5366; x_wconf 84' lang='grc' dir='ltr'><strong>ι</strong></span> <span class='ocrx_word' id='word_1_879' title='bbox 2933 5311 3178 5380; x_wconf 86' lang='lat' dir='ltr'><strong>inscripti</strong></span> <span class='ocrx_word' id='word_1_880' title='bbox 3205 5309 3443 5378; x_wconf 88' lang='lat' dir='ltr'><strong>quinque</strong></span> 
     </span>
    </p>
   </div>
   <div class='ocr_carea' id='block_1_112' title="bbox 1902 5389 3439 5476">
    <p class='ocr_par' dir='ltr' id='par_1_112' title="bbox 1902 5389 3439 5476">
     <span class='ocr_line' id='line_1_112' title="bbox 1902 5389 3439 5476; baseline -0.008 -14"><span class='ocrx_word' id='word_1_881' title='bbox 1902 5421 2167 5462; x_wconf 85' lang='lat' dir='ltr'><strong>numero:</strong></span> <span class='ocrx_word' id='word_1_882' title='bbox 2211 5421 2442 5476; x_wconf 90' lang='lat' dir='ltr'><strong>quorum</strong></span> <span class='ocrx_word' id='word_1_883' title='bbox 2485 5389 2595 5473; x_wconf 74' lang='lat' dir='ltr'><strong>duo</strong></span> <span class='ocrx_word' id='word_1_884' title='bbox 2633 5407 2689 5460; x_wconf 91' lang='lat' dir='ltr'><strong>in</strong></span> <span class='ocrx_word' id='word_1_885' title='bbox 2734 5408 2905 5475; x_wconf 86' lang='lat' dir='ltr'><strong>prima</strong></span> <span class='ocrx_word' id='word_1_886' title='bbox 2944 5409 3094 5471; x_wconf 86' lang='lat' dir='ltr'><strong>parte</strong></span> <span class='ocrx_word' id='word_1_887' title='bbox 3131 5397 3250 5453; x_wconf 89' lang='lat' dir='ltr'><strong>libri</strong></span> <span class='ocrx_word' id='word_1_888' title='bbox 3279 5404 3439 5461; x_wconf 86' lang='lat' dir='ltr'><strong>sunt,</strong></span> 
     </span>
    </p>
   </div>
   <div class='ocr_carea' id='block_1_113' title="bbox 1898 5491 3442 5570">
    <p class='ocr_par' dir='ltr' id='par_1_113' title="bbox 1898 5491 3442 5570">
     <span class='ocr_line' id='line_1_113' title="bbox 1898 5491 3442 5570; baseline -0.008 -17"><span class='ocrx_word' id='word_1_889' title='bbox 1898 5507 2127 5570; x_wconf 85' lang='lat' dir='ltr'><strong>quartus</strong></span> <span class='ocrx_word' id='word_1_890' title='bbox 2146 5513 2358 5569; x_wconf 86' lang='lat' dir='ltr'><strong>nempe.</strong></span> <span class='ocrx_word' id='word_1_891' title='bbox 2382 5507 2434 5552; x_wconf 93' lang='lat' dir='ltr'><strong>et</strong></span> <span class='ocrx_word' id='word_1_892' title='bbox 2463 5509 2667 5554; x_wconf 82' lang='lat' dir='ltr'><strong>sextus.</strong></span> <span class='ocrx_word' id='word_1_893' title='bbox 2698 5496 2802 5552; x_wconf 85' lang='lat' dir='ltr'><strong>Sed</strong></span> <span class='ocrx_word' id='word_1_894' title='bbox 2826 5496 2901 5549; x_wconf 92' lang='lat' dir='ltr'><strong>illi</strong></span> <span class='ocrx_word' id='word_1_895' title='bbox 2922 5494 3137 5565; x_wconf 88' lang='lat' dir='ltr'><strong>quidem</strong></span> <span class='ocrx_word' id='word_1_896' title='bbox 3166 5510 3185 5543; x_wconf 83' lang='grc' dir='ltr'><strong>ε</strong></span> <span class='ocrx_word' id='word_1_897' title='bbox 3211 5491 3269 5547; x_wconf 91' lang='lat' dir='ltr'><strong>In</strong></span> <span class='ocrx_word' id='word_1_898' title='bbox 3289 5491 3442 5570; x_wconf 78' lang='lat' dir='ltr'><strong>hym-</strong></span> 
     </span>
    </p>
   </div>
   <div class='ocr_carea' id='block_1_114' title="bbox 1904 5583 3443 5661">
    <p class='ocr_par' dir='ltr' id='par_1_114' title="bbox 1904 5583 3443 5661">
     <span class='ocr_line' id='line_1_114' title="bbox 1904 5583 3443 5661; baseline -0.008 -14"><span class='ocrx_word' id='word_1_899' title='bbox 1904 5592 1994 5647; x_wconf 83' lang='lat' dir='ltr'><strong>nis</strong></span> <span class='ocrx_word' id='word_1_900' title='bbox 2021 5591 2213 5661; x_wconf 87' lang='lat' dir='ltr'><strong>psalmi</strong></span> <span class='ocrx_word' id='word_1_901' title='bbox 2241 5608 2259 5642; x_wconf 89' lang='grc' dir='ltr'><strong>ι</strong></span> <span class='ocrx_word' id='word_1_902' title='bbox 2288 5589 2588 5655; x_wconf 81' lang='lat' dir='ltr'><strong>dicuntur;</strong></span> <span class='ocrx_word' id='word_1_903' title='bbox 2635 5588 2729 5658; x_wconf 87' lang='lat' dir='ltr'><strong>qui</strong></span> <span class='ocrx_word' id='word_1_904' title='bbox 2770 5603 2896 5642; x_wconf 84' lang='lat' dir='ltr'><strong>vero</strong></span> <span class='ocrx_word' id='word_1_905' title='bbox 2925 5588 2978 5640; x_wconf 92' lang='lat' dir='ltr'><strong>in</strong></span> <span class='ocrx_word' id='word_1_906' title='bbox 3020 5583 3253 5640; x_wconf 87' lang='lat' dir='ltr'><strong>secunda</strong></span> <span class='ocrx_word' id='word_1_907' title='bbox 3292 5590 3443 5654; x_wconf 77' lang='lat' dir='ltr'><strong>parte</strong></span> 
     </span>
    </p>
   </div>
   <div class='ocr_carea' id='block_1_115' title="bbox 1883 5669 3444 5751">
    <p class='ocr_par' dir='ltr' id='par_1_115' title="bbox 1883 5669 3444 5751">
     <span class='ocr_line' id='line_1_115' title="bbox 1883 5669 3444 5751; baseline -0.006 -12"><span class='ocrx_word' id='word_1_908' title='bbox 1883 5669 2030 5740; x_wconf 48' lang='lat' dir='ltr'><strong>&#39;lihri</strong></span> <span class='ocrx_word' id='word_1_909' title='bbox 2070 5692 2239 5749; x_wconf 81' lang='lat' dir='ltr'><strong>sunt.</strong></span> <span class='ocrx_word' id='word_1_910' title='bbox 2281 5687 2393 5737; x_wconf 82' lang='lat' dir='ltr'><strong>tres</strong></span> <span class='ocrx_word' id='word_1_911' title='bbox 2433 5695 2693 5747; x_wconf 82' lang='lat' dir='ltr'><strong>numero,</strong></span> <span class='ocrx_word' id='word_1_912' title='bbox 2724 5697 2743 5731; x_wconf 74' lang='grc' dir='ltr'><strong>ι</strong></span> <span class='ocrx_word' id='word_1_913' title='bbox 2775 5678 2834 5736; x_wconf 90' lang='grc' dir='ltr'><strong>ιιι</strong></span> <span class='ocrx_word' id='word_1_914' title='bbox 2863 5677 3080 5751; x_wconf 76' lang='lat' dir='ltr'><strong>hymnis</strong></span> <span class='ocrx_word' id='word_1_915' title='bbox 3099 5696 3122 5731; x_wconf 82' lang='grc' dir='ltr'>ι.</span> <span class='ocrx_word' id='word_1_916' title='bbox 3148 5675 3320 5731; x_wconf 84' lang='lat' dir='ltr'><strong>solum</strong></span> <span class='ocrx_word' id='word_1_917' title='bbox 3357 5672 3444 5730; x_wconf 79' lang='lat' dir='ltr'><strong>ia-</strong></span> 
     </span>
    </p>
   </div>
  </div>
