4402 6406
959 459 1065 518 ξ’75

1622 451 1884 508 EUSEBII
1921 449 2401 505 CESARIENSIS
2442 448 2590 503 OPP.
2636 446 2810 500 PARS
2847 445 2934 501 ΙΙΙ.
2978 478 3045 487 -
3074 443 3461 500 EXEGETICA

4106 441 4178 496 76

963 590 1321 652 scribuntur;
1354 567 1544 654 nempe
1575 601 1666 638 LIII
1693 624 1708 644 .
1741 601 1849 646 Liv,
1881 593 1931 636 et
1974 585 2060 637 hic
2101 599 2262 653 quem
2311 593 2508 637 tracta-
2542 568 2585 620 Α
2615 577 2701 654 υίὲ

2439 593 2508 636 γε,
2542 568 2585 620 Α
2615 559 2800 630 ὕμνοις
2825 559 3029 630 ψαλμοὶ
3066 577 3087 646 ι»
3121 559 3328 612 ἐοίκασι
3364 561 3460 612 σὺν
3481 560 3559 629 τῷ
3587 560 3826 654 μουσικῶ
3850 561 4064 632 ὀργάνῳ

958 695 1099 735 mus.
1134 679 1234 746 Qui
1265 678 1429 748 igitur
1459 695 1477 727 ι
1506 676 1566 730 ln
1612 677 1825 746 hymnis
1849 675 2042 744 psalmi
2074 693 2094 726 ι
2118 673 2394 736 dicuntur.
2429 677 2507 729 vi-

957 770 1154 824 dentur
1181 783 1305 822 cum
1335 766 1546 821 musico
1587 765 1982 829 instrumento,
2011 762 2157 832 quod
2197 763 2507 831 psalterium

957 861 1178 922 dicunt,
1209 839 1548 928 pronuntiati
1593 855 1802 910 fuisse:
1845 846 2099 924 quoniam
2147 854 2240 923 qui
2292 854 2505 923 psallit,

954 952 1199 1019 corporis
1222 988 1237 1010 ,
1271 949 1414 1017 quod
1449 948 1876 1005 instrumentum
1918 947 2112 1000 animae
2146 952 2263 1009 est,
2295 945 2507 1000 actione

955 1040 1174 1111 indiget.
1222 1039 1326 1104 Qui
1378 1047 1558 1092 autem
1609 1038 1794 1108 hymni
1841 1037 2015 1091 solum
2055 1037 2344 1100 dicuntur,
2390 1038 2503 1092 sola

952 1144 1082 1182 voce
1128 1129 1387 1198 hymnum
1430 1126 1737 1192 oll‘erentis,
1789 1128 1938 1179 nulla
1980 1126 2221 1179 adhibita
2262 1129 2525 1195 psalterii-

954 1219 1292 1288 pulsatione,
1325 1219 1453 1272 dicti
1486 1227 1610 1274 sunt
1640 1236 1654 1283 ;
1683 1219 1777 1288 qui
1807 1215 2085 1272 sermones
2115 1216 2310 1270 ibidem
2344 1218 2503 1286 positi

951 1311 1068 1362 Sola
1110 1309 1305 1362 nientis
1345 1309 1715 1378 speculatione
1757 1323 1895 1376 opus
1938 1307 2190 1361 habeant.
2221 1307 2384 1375 quue
2410 1308 2503 1360 de-

906 1425 908 1427 >
947 1398 1120 1451 clarat
1150 1413 1391 1466 praesens
1422 1398 1656 1468 hymnus
1686 1397 1780 1465 qui
1825 1397 1902 1450 sic
1949 1395 2110 1450 habet
2139 1415 2150 1449 :
2181 1415 2198 1446 ι
2229 1396 2272 1446 Α
2305 1396 2500 1449 ﬁnibus

948 1496 1107 1541 terra:
1147 1486 1216 1545 ad
1258 1494 1313 1540 te
1359 1486 1634 1551 clamavi;
1669 1506 1685 1534 ι
1714 1500 1822 1555 quo
1868 1486 2134 1556 signiﬁcat
2177 1485 2496 1554 Prophetam

925 1578 1100 1644 ,quasi
1127 1585 1282 1629 extra
1330 1578 1574 1646 corporis
1621 1578 1879 1631 ambitum
1922 1593 1952 1630 a
1999 1577 2110 1631 Deo
2142 1591 2496 1648 assumptum

899 1650 1130 1722 ‘ll'uisse.
1160 1665 1267 1722 Nec
1296 1667 1484 1737 ignoro
1514 1669 1751 1737 reliquos
1777 1670 2097 1738 interpretes
2129 1669 2233 1722 alia
2261 1670 2497 1753 edidisse

941 1758 1170 1812 ratione.
1229 1758 1328 1811 Hic
1377 1765 1558 1813 autem
1612 1760 1862 1815 obsecrat
1918 1759 2084 1814 David
2136 1761 2221 1814 his
2271 1763 2490 1816 verbis:

945 1866 963 1897 ι
992 1847 1230 1911 Exaudi,
1260 1848 1402 1904 Deus
1421 1888 1436 1913 ,
1464 1849 1898 1918 deprecationem
1930 1864 2125 1903 meam.
2149 1867 2166 1900 ι
2194 1852 2326 1903 Cum
2349 1853 2491 1904 enim
2525 1893 2564 1945 Β

937 1941 1148 2009 magnis
1189 1940 1498 2010 divinisque
1536 1941 1698 1995 rebus
1735 1947 1925 2009 egeat,
1967 1940 2081 1994 haec
2123 1944 2384 2011 consequi
2432 1960 2488 1998 se

871 2072 882 2088 .,
935 2031 1195 2096 postulat.
1241 2029 1446 2085 Deinde
1491 2036 1549 2083 ut
1590 2046 1648 2084 se
1689 2030 1911 2098 dignum
1939 2029 2173 2085 declaret
2201 2033 2292 2100 qui
2324 2049 2500 2123 cxau-‘

884 2164 887 2168 .
934 2117 1136 2181 distur,
1170 2119 1485 2190 subjungit:
1518 2137 1535 2170 ι
1566 2118 1788 2174 Intende
1812 2121 2046 2173 orationi
2091 2135 2240 2175 mete.
2275 2141 2292 2173 ι
2325 2121 2486 2175 Suam

934 2207 1080 2259 enim
1111 2208 1407 2263 orationem
1435 2223 1626 2277 magna
1657 2215 1711 2262 et
1737 2207 1999 2276 profunda
2028 2210 2261 2278 quadam
2291 2211 2486 2263 intelli-

935 2286 1122 2364 gentia
1157 2299 1418 2368 repletam
1454 2315 1574 2354 esse
1611 2300 1850 2355 conﬁsus
1872 2341 1886 2366 ,
1936 2303 2161 2372 rogabat
2209 2301 2377 2356 Deum
2426 2313 2485 2355 ut

934 2389 1229 2457 respiceret
1269 2397 1324 2443 et
1355 2388 1520 2443 verba
1551 2404 1649 2443 sua
1678 2391 2073 2458 specularetur,
2101 2392 2245 2444 dicta
2274 2394 2485 2445 exami-

930 2485 1114 2540 naret,
1143 2487 1326 2547 utpote
1353 2479 1468 2532 suis
1494 2480 1720 2533 auribus
1762 2480 1946 2549 digna.
1993 2479 2194 2535 Deinde
2237 2497 2347 2535 rem
2392 2485 2484 2538 de-

929 2569 1102 2621 clarat
1126 2569 1283 2637 cujus
1323 2583 1489 2624 causa
1516 2569 1684 2625 Deum
1726 2573 1991 2628 orationis
2027 2590 2142 2630 suae
2182 2579 2483 2643 speculato—

929 2650 1046 2711 reni
1073 2658 1392 2724 advocaret,
1421 2677 1545 2715 cum
1577 2662 1799 2732 adjicit:
1834 2683 1852 2715 ι
1886 2667 1928 2718 Α
1972 2666 2172 2722 ﬁnibus
2217 2677 2372 2722 terra:
2415 2671 2481 2723 ad

928 2754 983 2801 te
1007 2749 1255 2804 clamavi.
1285 2769 1304 2801 ι
1322 2749 1386 2803 Ει
1412 2753 1539 2821 quia
1566 2756 1756 2824 reliqui
1785 2758 2107 2826 interpretes
2134 2760 2293 2814 simili
2323 2761 2481 2814 modo

928 2840 1265 2908 interpretati
1315 2851 1476 2907 sunt,
1527 2845 1719 2913 Aquila
1771 2849 2013 2912 scilicet,
2063 2869 2081 2899 ι
2112 2851 2194 2904 Ab
2238 2860 2480 2908 extremo

926 2938 1086 2984 terrae
1113 2930 1181 2984 ad
1210 2939 1262 2985 te
1287 2933 1532 2989 clamabo
1556 2954 1570 3001 ;
1598 2956 1617 2988 ι
1652 2935 2009 3009 Symmachus
2039 2956 2169 2995 vero
2191 2980 2205 3005 ,
2235 2960 2254 2992 ι
2282 2942 2326 2994 Α
2361 2943 2480 2996 ﬁni-

923 3018 1025 3072 bus
1054 3027 1212 3074 terra:
1238 3029 1289 3075 te
1319 3022 1580 3079 invocabo
1607 3044 1622 3088 ;
1657 3046 1675 3080 ι
1702 3029 1888 3097 quinta
1928 3039 2103 3084 autem
2147 3031 2315 3087 editio
2338 3054 2403 3099 ,ιι
2435 3034 2477 3087 Α

914 3106 1123 3163 ﬁnibus
1164 3115 1329 3184 terra:
1362 3112 1429 3166 ad
1480 3122 1531 3166 te
1553 3115 1836 3184 clamabo;
1873 3139 1890 3168 ι
1917 3120 2039 3188 quis
2065 3136 2175 3174 non
2203 3122 2331 3176 dicti
2361 3139 2478 3177 sen-

925 3199 1146 3252 tentiam
1174 3202 1368 3255 merito
1397 3207 1674 3273 requirat?
1700 3206 1802 3272 Qui
1831 3210 1974 3263 enim
2005 3213 2178 3280 possit
2202 3214 2469 3282 quispiam

2611 651 2924 721 καλουμένῳ
2949 642 3230 722 ψαλτηρίῳ
3260 649 3525 720 λελέχθαι,
3559 651 3632 714 ὡς
3656 640 3934 720 δεηθέντος
3961 656 4060 724 τῆς
4085 653 4198 707 δια·

2607 742 2697 794 τοῦ
2728 742 2995 812 σώματος,
3037 743 3173 812 ὅπερ
3217 742 3363 793 ἐστὶν
3392 742 3618 814 ὸργανον
3661 743 3758 811 τῆς
3801 742 3994 814 ψυχῆς,
4029 761 4172 814 πραμ-

2608 835 2798 905 κτικῆς
2829 835 3106 906 ἐνεργείας
3136 834 3226 888 τοῦ
3261 835 3568 912 ψάλλοντος.
3607 838 3669 889 Οί
3697 836 3753 888 δὲ
3794 836 3978 900 ἁπλῶς
4009 837 4173 908 ὕμνοι

2603 927 2688 979 διὰ
2713 928 2875 997 μόνης
2904 929 3084 996 φωνῆς
3110 926 3204 980 τοῦ
3233 927 3325 980 τὸν
3353 928 3518 999 ὕμνον
3543 927 3960 997 ἀναπέμψαντος
3987 927 4172 1000 εἴρην-

2604 1035 2710 1082 ται,
2745 1019 2804 1069 ού
2856 1016 3413 1090 συμπαραληφθείσης
3460 1019 3561 1089 τῆς
3608 1019 3694 1072 διὰ
3723 1018 3817 1072 τοῦ
3867 1019 4166 1091 ψαλτηρίου

2605 1106 2896 1176 κρούσεως,
2933 1107 3010 1176 τῷ
3046 1107 3208 1176 μόνης
3239 1111 3336 1179 τῆς
3366 1110 3505 1163 κατὰ
3543 1111 3779 1163 διάνοιαν
3812 1109 4041 1181 θεωρίας
4076 1111 4167 1164 δε-

2603 1195 2819 1264 δεῆσθαι
2851 1197 2973 1258 τοὺς
2998 1198 3054 1248 ἐν
3097 1199 3275 1260 αὐτοῖς
3316 1198 3524 1268 λόγους.
3553 1199 3721 1253 Τοῦτο
3745 1200 3874 1268 γοῦν
3901 1203 4167 1272 παρίστη-

2604 1301 2684 1335 σιν
2711 1287 2738 1336 ό
2770 1286 2904 1354 μετὰ
2929 1290 3111 1358 χεῖρας
3143 1287 3307 1356 ὕμνος
3338 1289 3509 1358 λέγων
3536 1308 3549 1322 ·
3589 1309 3608 1341 ι
3643 1291 3749 1344 ἀπὸ
3778 1291 3884 1343 τῶν
3914 1293 4166 1362 περάτων

2600 1375 2696 1441 τῆς
2723 1375 2823 1442 γῆς
2845 1374 2980 1444 πρὸς
3013 1376 3072 1427 σὲ
3105 1377 3375 1443 ἐκέκραξα
3400 1395 3413 1407 ·
3450 1398 3468 1428 ι
3505 1380 3572 1431 δι’
3600 1374 3660 1434 οὗ
3688 1381 3938 1449 σημαίνει
3975 1379 4166 1453 ὥσπερ

2599 1463 2699 1526 ἔξω
2736 1466 3055 1536 γεγενῆσθαι
3089 1468 3188 1536 τῆς
3223 1469 3316 1520 τοῦ
3350 1469 3596 1539 σώματος
3625 1473 4010 1537 καταστάσεως
4051 1473 4168 1527 θεο-

2597 1550 2961 1627 ληπτούμενον
2993 1555 3082 1606 τὸν
3116 1556 3426 1626 Προφήτην.
3458 1559 3569 1611 Ούκ
3601 1561 3776 1627 ἀγνοῶ
3807 1561 3862 1614 δὲ
3894 1564 4017 1626 τοὺς
4049 1564 4131 1620 λοι

2597 1643 2728 1704 ποὺς
2753 1645 3090 1714 ἐρμηνευτὰς
3121 1650 3216 1718 οὐχ
3262 1649 3463 1719 ἑτέρως
3488 1650 3856 1706 ἑκδεδωκέναι.
3902 1656 4166 1726 Παρακα-

2594 1732 2674 1783 λεί
2710 1733 2765 1783 δὲ
2798 1733 2883 1785 διὰ
2907 1735 3012 1789 τῶν
3047 1741 3181 1806 μετὰ
3221 1743 3407 1809 χεῖρας
3448 1743 3475 1793 6
3532 1741 3692 1794 Δαυῒδ
3738 1744 3938 1811 λέγων·
3978 1765 3997 1797 ι
4034 1747 4162 1800 Eic-

2595 1823 2840 1888 άκουσον,
2866 1825 2894 1875 6
2924 1825 3072 1891 Θεὸς,
3099 1829 3196 1898 τῆς
3224 1829 3457 1899 δεήσεώς
3487 1849 3610 1902 μου.
3643 1854 3661 1883 ι
3709 1833 3919 1905 Ἐνδεὴς
3952 1837 4060 1908 γὰρ
4079 1838 4160 1891 ὢν

2595 1917 2841 1985 μεγάλων
2868 1917 3030 1970 τινῶν
3067 1919 3160 1971 καὶ
3205 1919 3386 1983 θείων,
3418 1921 3621 1976 τούτων
3665 1927 3949 1995 τυγχάνειν
3981 1945 4161 1999 παρα·-

2594 2007 2764 2059 καλεῖ.
2813 2003 2926 2059 Εἶθ’
2975 2008 3162 2080 ὥσπερ
3203 2009 3349 2074 ἄξιον
3383 2014 3570 2066 ἐαυτὸν
3611 2016 3704 2068 τοῦ
3745 2019 4158 2090 είσακουσθῆναι

2593 2100 2962 2168 παραστήσας,
2987 2100 3249 2168 ἐπιλέγει·
3287 2118 3304 2150 ι
3334 2101 3572 2172 Πρόσχες
3600 2108 3663 2176 τῇ
3692 2110 3960 2177 προσευχῇ
3987 2126 4107 2177 μου.
4131 2129 4152 2160 ι

2593 2186 2795 2256 Πολλῆς
2821 2187 2928 2257 γὰρ
2975 2191 3067 2241 καὶ
3103 2190 3322 2259 βαθείας
3367 2191 3600 2255 διανοίας
3641 2196 4027 2268 πεπληρῶσθαι
4056 2201 4157 2253 αὐ-

2590 2274 2680 2324 τοῦ
2711 2275 2807 2343 τὴν
2846 2278 3149 2347 προσευχὴν
3193 2279 3426 2350 θαρσῶν,
3460 2281 3610 2349 ἠξίου
3651 2283 3742 2335 τὸν
3782 2285 3912 2338 Θεὸν
3938 2288 4158 2341 ἐπιϐλέ-

2588 2363 2705 2431 ψαι,
2734 2365 2824 2416 καὶ
2854 2367 2962 2451 τοῖς
2985 2369 3214 2440 ⁹ἔένιπαύτῇ
3252 2372 3426 2439 λόγοις
3463 2375 3785 2439 ἐνατενίσαι,
3815 2381 3908 2431 καὶ
3929 2381 4155 2451 δοκιμά-

2591 2469 2678 2505 σαι
2703 2455 2767 2507 τά
2796 2439 3078 2524 λεγόμενα,
3117 2439 3292 2522 ὠςᾶν
3320 2463 3424 2516 τῶν
3453 2465 3614 2518 αὐτοῦ
3647 2468 3822 2521 ἀκοῶν
3848 2469 3990 2536 άξια.
4018 2439 4152 2528 έῖτα

2588 2547 2681 2596 καὶ
2723 2545 2781 2596 τὸ
2815 2545 2972 2614 ἔργον
3017 2547 3309 2615 δείκνυσιν,
3353 2548 3413 2608 οὗ
3463 2558 3620 2631 χάριν
3657 2559 3855 2631 θεωρὸν
3896 2564 3986 2617 τὸν
4015 2565 4151 2620 Θεὸν

2585 2635 2681 2704 τῆς
2732 2637 2922 2691 ἑαυτοῦ
2978 2643 3280 2712 προσευχῆς
3340 2645 3684 2702 ἀνεκαλεῖτο·
3739 2652 3817 2704 διὸ
3871 2657 4145 2724 ἐπιλέγει·

2593 2740 2610 2771 ι
2660 2724 2788 2776 Ἀπὸ
2815 2726 2921 2780 τῶν
2969 2729 3217 2799 περάτων
3249 2732 3348 2800 τῆς
3391 2735 3492 2802 γῆς
3525 2739 3658 2807 πρὸς
3691 2740 3750 2791 σὲ
3798 2744 4086 2815 ἐκέκραξα.
4121 2769 4142 2798 ι

2585 2810 2692 2861 Καὶ
2717 2815 3009 2886 ἐπειδήπερ
3043 2821 3343 2888 συμφώνως
3372 2824 3417 2872 oi
3444 2821 3616 2878 λοιποὶ
3645 2810 3970 2900 έρμηνευτάὶ
3997 2837 4150 2890 ἐκδε-

2583 2899 2832 2964 δὼκασιν,
2864 2905 2891 2956 ό
2920 2907 3015 2974 μὲν
3042 2907 3269 2972 Ἀκύλας
3300 2910 3487 2976 είπὼν,
3518 2934 3535 2965 ι
3565 2919 3692 2970 Ἀπὸ
3717 2899 4022 2980 τελευταίου
4048 2933 4145 3000 τῆς

2583 2990 2684 3059 γῆς
2712 2993 2845 3062 πρὸς
2879 2995 2936 3046 σὲ
2969 2998 3376 3070 ὲπικαλέσομαι·
3414 3023 3433 3054 ι
3470 3007 3497 3056 6
3526 3005 3581 3057 δὲ
3612 3009 3922 3082 Σύμμαχος,
3961 3037 3980 3067 ι
4013 2990 4143 3074 Ἀπὸ

2584 3083 2829 3152 περάτων
2871 3087 2968 3156 τῆς
2997 3089 3098 3159 γῆς
3145 3090 3202 3142 σὲ
3245 3094 3638 3166 ἐπικαλοῦμαι·
3665 3120 3705 3169 ¹ι
3744 3105 3776 3172 ὴ
3815 3105 3872 3157 δὲ
3919 3108 4140 3184 πέμπτη

2581 3172 2806 3240 ἔκδοσις,
2849 3194 2867 3228 ι
2910 3179 3042 3231 Ἀπὸ
3080 3183 3330 3251 περάτων
3360 3187 3458 3256 τῆς
3487 3191 3589 3258 γῆς
3633 3193 3766 3264 πρὸς
3794 3197 3850 3250 σὲ
3884 3172 4140 3270 κεκράξοί

1474 3261 1489 3273 .
1710 3261 1745 3272 -
1846 3261 2469 3282 τηηητη---νι---τ--η-
2581 3283 2591 3299 ο

921 3298 1096 3342 totum
1150 3291 1337 3346 orbem
1391 3305 1838 3366 praetergressus,
1896 3315 2018 3354 cum
2083 3319 2246 3372 super
2297 3306 2471 3373 ipsum
2503 3261 2543 3316 Ο
2580 3282 2653 3373 θέα

2503 3261 2543 3316 C
2580 3282 2675 3333 μαι
2698 3283 2713 3297 ·
2747 3286 2766 3317 ι
2795 3268 2878 3330 τίς
2902 3270 3002 3322 ούκ
3043 3270 3108 3324 ἂν
3140 3273 3372 3343 εὐλόγως
3393 3277 3482 3332 τὸν
3507 3281 3628 3336 νοῦν
3786 3261 4135 3353 λέξεως-ἐπι-

921 3377 1196 3433 Oceanum
1243 3381 1548 3448 devenerit,
1603 3388 1714 3441 haec
1769 3390 2093 3445 vociferari:
2140 3412 2158 3443 ι
2193 3394 2237 3447 Α
2281 3395 2478 3452 ﬁnibus

921 3477 1080 3525 terra:
1103 3471 1171 3524 ad
1198 3481 1249 3527 te
1275 3474 1548 3530 clamavi?
1583 3498 1598 3529 ι
1633 3478 1699 3531 At
1728 3483 2039 3538 consideres
2071 3487 2228 3539 velim
2251 3527 2266 3549 ,
2299 3503 2477 3542 annon

923 3561 1104 3616 omnis
1134 3561 1228 3616 Dei
1258 3565 1467 3642 amicus
1497 3567 1629 3623 ﬁnes
1658 3577 1815 3626 terra:
1843 3583 2205 3642 congruenter
2230 3589 2471 3635 vocetur.

918 3648 1053 3704 Nam
1083 3653 1359 3722 improbus
1401 3658 1565 3712 homo
1604 3662 1699 3730 qui
1751 3663 1925 3719 forum
1956 3677 2009 3721 et
2039 3672 2258 3734 turbas,
2291 3675 2472 3727 curias

919 3749 970 3792 et
1016 3741 1310 3798 tribunalia
1359 3734 1787 3816 circumcursat,
1825 3763 2080 3828 totusque
2111 3761 2166 3815 in
2193 3752 2479 3832 corporeis

917 3831 1285 3901 voluptatibus
1314 3837 1564 3896 defossus
1594 3851 1715 3908 est,
1744 3844 1866 3914 jure
1905 3849 1956 3902 in
2001 3852 2268 3919 profundo
2293 3831 2472 3910 terra;

918 3920 1167 3978 habitare
1197 3926 1444 3996 dicatur;
1477 3933 1570 4001 qui
1601 3949 1728 3988 vero
1754 3955 1772 3987 ι
1803 3938 2120 3996 circuierint
2151 3945 2207 3998 in
2254 3949 2467 4002 melotis

916 4021 969 4066 et
1012 4015 1066 4068 in
1110 4017 1355 4097 pellibus
1380 4023 1620 4092 caprinis
1666 4035 1914 4097 egentes,
1962 4036 2290 4104 angttstiati,
2330 4038 2466 4092 alni-

914 4107 988 4159 cti
1019 4107 1083 4170 ³³,
1110 4128 1129 4161 ι
1155 4117 1208 4163 et
1238 4126 1266 4163 a
1295 4112 1472 4168 medio
1502 4117 1713 4171 urbium
1751 4119 2033 4192 fugerunt,
2065 4141 2128 4181 ac
2157 4129 2210 4181 in
2239 4120 2465 4186 desertis

913 4203 1232 4256 commorati
1276 4214 1403 4259 sunt
1433 4245 1448 4269 ,
1499 4208 1554 4262 in
1603 4214 1874 4268 montibus
1896 4255 1910 4278 ,
1945 4218 2000 4270 in
2033 4222 2282 4276 cavernis
2324 4231 2377 4277 et
2409 4224 2463 4277 in

2582 3357 2865 3451 (ζητήσειη
2908 3362 3030 3425 Πῶς
3070 3364 3177 3437 γὰρ
3219 3368 3282 3421 ἄν
3327 3386 3408 3432 τις
3453 3372 3692 3440 δύναται,
3720 3379 3818 3450 τὴν
3848 3380 4136 3451 σύμπασαν

2581 3444 2821 3517 ὑπερϐὰς
2872 3451 3216 3523 οἰκουμένην,
3271 3459 3363 3512 καὶ
3419 3463 3557 3534 ὑπὲρ
3613 3444 3785 3520 αὐτὸν-
3829 3444 3999 3526 ἐλθῶν
4049 3476 4136 3531 τὸν

2590 3538 2857 3603 Ὠκεανὸν,
2893 3561 2911 3593 ‹
2949 3545 3079 3598 Ἀπὸ
3100 3547 3206 3601 τῶν
3229 3554 3477 3622 περάτων
3502 3558 3601 3628 τῆς
3631 3561 3734 3631 γῆς
3762 3564 3894 3635 πρὸς
3925 3569 3982 3620 σὲ
4017 3570 4134 3622 ἐκέ-

2577 3629 2772 3729 κραξα,
2808 3650 2825 3680 ι
2865 3631 3024 3704 βοᾷνς
3067 3638 3203 3690 Ἀλλ’
3235 3641 3333 3711 ὅρα
3361 3646 3408 3696 εί
3454 3648 3526 3717 μὴ
3571 3629 3733 3714 πᾶς-ό
3763 3629 3840 3726 τῶ
3882 3655 3999 3729 θεῷ
4043 3662 4134 3729 φί-

2572 3719 2661 3823 λος
2690 3722 2923 3823 εὐλόγως
2964 3727 3028 3780 ἂν
3066 3731 3133 3784 τὰ
3179 3734 3386 3804 πέρατα
3427 3740 3527 3808 τῆς
3567 3744 3668 3812 γῆς
3697 3719 3903 3819 ῥηθείη.
4033 3719 4132 3823 μὲν

2571 3812 2675 3884 γὰρ
2706 3814 2907 3914 φαύλας
2941 3818 3099 3890 ἀνὴρ,
3144 3823 3347 3893 ἀγορὰς
3380 3830 3472 3882 καὶ
3516 3812 3737 3902 δήμους,
3752 3812 3764 3857 *ν
3781 3812 4133 3914 βουλευτήριά

2567 3919 2625 3955 τε
2655 3907 2746 3958 καὶ
2773 3907 3094 3982 δικαστήρια
3126 3920 3476 3989 περιτρέχων,
3503 3923 3637 3988 ὅλως
3662 3943 3721 3979 τε
3749 3934 3868 3993 ταῖς
3902 3932 3997 3985 τοῦ

2571 4010 2735 4095 ματος
2776 3997 3126 4068 ἡδυπαθείαις
3172 4015 3686 4084 κατορωρυγμένος,
3734 4020 3790 4072 ὲν
3838 4021 3982 4093 βυθῷ

2689 4090 2857 4144 οἰκεῖν
2879 4091 3071 4160 λέγοιτ’
3095 4096 3159 4149 ἂν
3187 4101 3410 4168 εἰκότως
3431 4122 3442 4134 ·
3467 4108 3515 4158 οἱ
3542 4107 3596 4159 δὲ
3633 4127 3651 4158 ι
3669 4090 4041 4182 περιελθόντες

2567 4175 2840 4277 μηλωταῖς
2886 4186 2978 4236 καὶ
3023 4187 3080 4238 ἐν
3121 4191 3347 4257 αίγίνοις
3391 4196 3670 4269 δέρμασιν,
3721 4175 4122 4277 ὑστερούμενοι,

1435 4265 1443 4269 .
1898 4265 1910 4278 ,
2036 4265 2281 4276 νων-...υ
2326 4265 2377 4277 ν-
2630 4282 2651 4302 Η

913 4292 1271 4353 foraminibus
1310 4305 1500 4380 terrae,
1546 4304 1738 4357 merito
1779 4303 2028 4363 dicantur
2068 4323 2238 4365 extra.
2267 4323 2460 4368 terram

913 4399 1074 4428 PSQA'
1130 4403 1197 4428 an
1245 4387 1458 4428 plinmci
1512 4407 1617 4428 nnn
1675 4405 2099 4428 n’nrono'A—nno
2155 4419 2180 4428 ,ι
2235 4419 2454 4428 --__..__

2447 4265 2463 4368 ἰ
2563 4265 2882 4337 θλιϐόμενοι,
2911 4279 3353 4350 κακουχούμενοι,
3389 4305 3407 4336 ι
3453 4265 3746 4357 φεύγοντές
3778 4265 4130 4368 recepta;
4182 4339 4185 4341 .

2447 4423 2454 4428 _
2560 4355 2663 4407 τῶν
2686 4356 2908 4424 πόλεων,
2937 4365 3030 4416 καὶ
3064 4367 3161 4428 τὰς
3191 4370 3468 4428 διατριϐάς
3497 4378 3554 4428 ἐν
3584 4381 3836 4428 sai-autat:
3868 4388 4125 4428 τωιηύηε-

911 4399 1074 4442 esse:
1130 4403 1198 4460 ac
1245 4378 1461 4445 etiamsi
1511 4407 1620 4447 non
1675 4405 2103 4464 prorsus'erant
2153 4419 2184 4456 a
2231 4419 2459 4474 corpore

2386 4423 2459 4460 we
2560 4378 2663 4407 των
2686 4378 2908 4474 πολὶων,
2937 4378 3030 4416 και
3045 4378 3161 4474 ’τας
3191 4378 3468 4474 διατριϐάς
3497 4378 3554 4430 ἐν
3584 4381 3836 4451 ἐρημίαις
3868 4388 4124 4459 ποιούμε-

905 4474 1182 4543 ’ρκεωριμ
1212 4476 1317 4530 etsi
1361 4486 1516 4532 extra
1559 4481 1690 4534 illud
1737 4495 1958 4552 essent,
2006 4495 2134 4543 tunc
2174 4499 2357 4546 tamen
2401 4495 2457 4548 in

909 4559 1029 4628 ipso
1063 4562 1341 4626 virentes,
1373 4565 1571 4636 illoque
1601 4578 1658 4622 ut
1687 4572 2049 4629 instrumento
2084 4585 2329 4644 utentes,
2363 4597 2450 4636 ne-
2487 4613 2534 4671 υ

907 4664 1188 4719 quaquam
1204 4652 1258 4704 in
1287 4655 1412 4710 vitae
1436 4658 1574 4712 mala
1598 4660 2083 4734 demergebantur;
2109 4671 2199 4723 sed
2230 4677 2456 4741 carptim

906 4743 1246 4798 solummodo
1267 4752 1630 4808 necessarium
1662 4757 1863 4824 cibum,
1899 4769 1951 4813 et
1977 4762 2181 4830 reliqua
2208 4763 2274 4817 ad
2299 4782 2453 4820 usum

907 4835 1166 4903 requisita
1208 4838 1579 4909 contingentes
1621 4841 1923 4916 degebant;
1952 4852 2076 4920 jure
2115 4855 2170 4907 in
2201 4859 2455 4912 extremis

905 4925 1040 4978 etin
1069 4923 1269 4982 ﬁnibus
1295 4934 1538 5000 corporis
1577 4936 1667 4990 siti
1711 4939 2064 4997 videbantur:
2112 4949 2290 5016 qualis
2334 4961 2455 5004 erat

907 5009 1130 5080 Paulus,
1161 5019 1254 5086 qui
1302 5019 1516 5078 dicebat
1566 5045 1578 5079 :
1626 5047 1644 5078 ι
1697 5030 1756 5084 ln
1787 5047 1949 5086 carne
1986 5009 2144 5090 enim.
2174 5040 2450 5104 viventes,

905 5102 1024 5156 non
1057 5109 1354 5166 secundum
1395 5128 1612 5171 carnem
1654 5122 1952 5178 militamus
1993 5126 2072 5192 ³δ;
2106 5148 2122 5176 ι
2147 5138 2230 5185 et:
2265 5150 2284 5181 ‹
2318 5132 2451 5187 Cum

905 5194 1126 5253 Christo
1150 5205 1444 5262 cruciﬁxus
1469 5225 1588 5264 sum
1617 5230 1630 5279 ;
1663 5213 1784 5268 vivo
1813 5224 1994 5270 autem
2015 5259 2028 5282 ,
2055 5219 2166 5287 jam
2195 5239 2302 5279 non
2330 5243 2446 5297 ego,

903 5286 1038 5341 vivit
1063 5304 1193 5344 vero
1221 5294 1276 5347 in
1305 5312 1390 5351 me
1416 5296 1666 5356 Christus
1698 5304 1760 5357 ³⁸.
1793 5323 1811 5355 ι
1841 5306 1944 5370 Qui
1975 5286 2102 5378 ergo
2128 5312 2206 5365 sic
2229 5286 2452 5373 allectus

904 5389 988 5462 est
1007 5418 1020 5437 ,
1047 5379 1170 5448 jure
1198 5382 1340 5439 dicat
1366 5387 1506 5444 Deo:
1536 5409 1553 5440 ι
1581 5390 1803 5450 Intende
1831 5400 2064 5452 orationi
2096 5417 2242 5458 mese.
2275 5425 2293 5457 ι
2315 5407 2451 5462 Mul-

908 5459 1122 5539 iamque
1149 5474 1201 5527 in
1228 5475 1536 5544 huiusmodi
1561 5482 1670 5535 vita
1700 5483 1948 5541 ﬁduciam
1980 5491 2183 5548 habens
2202 5536 2215 5556 ,
2246 5459 2450 5569 nequa-

910 5569 1068 5623 quam
1115 5566 1373 5618 mentitur
1416 5583 1536 5622 cum
1578 5572 1746 5626 dicit:
1775 5591 1793 5624 ι
1821 5575 1866 5628 Α
1895 5579 2090 5635 ﬁnibus
2121 5593 2274 5642 terra:
2301 5566 2365 5645 ad
2397 5602 2449 5648 te

909 5646 1152 5704 clamavi.
1184 5672 1200 5702 ι
1229 5655 1463 5711 Causam
1491 5675 1622 5715 vero
1653 5663 1837 5733 adjicit
1880 5668 1962 5722 his
2014 5676 2189 5729 verbis
2212 5717 2224 5739 ,
2257 5698 2274 5728 ι
2313 5681 2446 5738 Dum

981 5842 1025 5874 ³³
1066 5845 1192 5904 Ilcb.
1239 5870 1325 5919 Kl,
1359 5856 1441 5911 57.
1524 5862 1564 5892 ³·
1607 5863 1644 5915 ll
1679 5865 1799 5919 Cor.
1846 5886 1904 5933 3',
1937 5872 1985 5925 5.
2071 5876 2108 5904 ³³
2153 5876 2263 5932 Gul.
2307 5899 2370 5947 ll,
2406 5887 2492 5942 ‘20.

2559 4462 2634 4496 νοι
2670 4447 2761 4500 καὶ
2795 4449 2942 4519 ὄρεσι
2973 4456 3066 4506 καὶ
3093 4458 3379 4528 σπηλαίοις
3413 4467 3504 4518 καὶ
3539 4447 3843 4537 ταίς-ύπαῖς
3871 4455 3967 4547 τῆς
3994 4447 4118 4548 γῆς,

2558 4539 2789 4608 εὐλόγως
2817 4541 2882 4595 ἂν
2920 4543 3151 4636 λεχθεῖεν
3184 4550 3288 4614 ἔξω
3336 4557 3625 4628 τυγχάνειν
3654 4563 3751 4635 τῆς
3776 4566 3881 4636 γῆς
3900 4539 4119 4624 “Utta—lsi

2561 4631 2658 4697 μὲν
2691 4633 2763 4702 μὴ
2786 4636 3072 4728 παντελῶς
3103 4635 3241 4709 ἦσαν
3284 4645 3688 4723 ἀπηλλαγμένοι
3708 4631 3814 4708 irai":
3837 4631 4117 4728 σώματος,

2560 4724 2662 4775 κᾶν
2688 4726 2839 4787 ἐκτὸς
2869 4723 3007 4796 ἦσαν
3041 4732 3199 4785 αὐτοῦ
3219 4751 3232 4764 ·
3270 4736 3360 4790 νῦν
3385 4740 3441 4793 δέ
3473 4744 3655 4815 ἐπειδὴ
3688 4747 3744 4798 έν
3771 4747 3917 4817 αὐτῷ
3932 4723 4120 4817 βιοῦν-λ

2559 4829 2666 4876 τες,
2693 4816 2905 4886 ὀργάνῳ
2942 4834 3001 4870 τε
3047 4821 3194 4892 αὑτῷ
3238 4827 3526 4898 χρώμενοι,
3568 4835 3666 4885 οὐκ
3711 4816 4118 4902 ἐνεὸαπτίξοντο

2559 4904 2668 4964 τοῖς
2693 4903 2785 4956 τοῦ
2837 4905 2951 4973 βίου
3002 4915 3210 4975 κακοῖς,
3242 4918 3540 4988 ἀκροθίνως
3582 4922 3638 4974 δὲ
3668 4925 3798 4977 αὐτὸ
3829 4928 3987 4996 μόνον
4018 4932 4116 5001 τῆς

2561 4991 2855 5086 ἀναγκαίας
2878 4999 3116 5086 τροφῆς,
3147 5005 3235 5056 καὶ
3264 5008 3372 5060 τῶν
3410 5010 3607 5064 λοιπῶν
3651 4991 3846 5084 χρειῶν
3877 4991 4118 5086 ἐφατιτόζ

2563 5096 2708 5147 μενοι
2736 5081 2999 5140 διετέλουν
3017 5105 3030 5117 ·
3060 5092 3285 5159 εἰκότως
3317 5099 3373 5150 ἐν
3401 5098 3586 5171 ἄκροις
3617 5081 3828 5158 ἐδόκουν
3857 5081 3992 5164 εἶναι
4020 5113 4113 5165 καὶ

2560 5171 2615 5220 ὲν
2657 5174 2765 5236 τοῖς
2795 5178 2990 5245 πέρασι
3034 5179 3123 5232 τοῦ
3165 5188 3410 5256 σώματος
3434 5207 3446 5219 ·
3487 5188 3595 5256 οἷος
3625 5187 3691 5264 ἦν
3724 5198 3752 5248 6
3783 5198 3991 5264 Παῦλος
4023 5202 4112 5254 λέ-

2497 5281 2500 5283 >
2558 5276 2696 5365 γωνς
2728 5265 2871 5365 ιΔἙν
2902 5269 3064 5340 σαρκὶ
3090 5273 3195 5344 γὰρ
3225 5277 3441 5346 ζῶντες,
3467 5285 3528 5335 ού
3563 5287 3705 5340 κατὰ
3737 5291 3914 5361 σάρκα
3931 5310 4110 5365 ’στρα-

2559 5353 2853 5423 τευὸμεθα·
2885 5378 2904 5410 ι
2941 5362 3053 5426 καὶ,
3093 5382 3111 5413 ι
3155 5367 3370 5440 Χριστῷ
3415 5381 3855 5451 συνεσταύρωμαι
3881 5401 3892 5413 ·
3939 5385 4016 5448 ζῶ
4052 5386 4109 5438 δὲ

2555 5446 2733 5545 οὐκέτι
2757 5450 2884 5518 ἐγὼ,
2915 5452 2981 5524 ζῇ
3004 5455 3059 5507 δὲ
3086 5457 3141 5508 ὲν
3166 5459 3287 5528 ἐμοὶ
3320 5464 3582 5534 Χριστός·
3624 5491 3642 5523 ι
3680 5446 3738 5525 ³ο
3759 5446 3821 5545 δὴ
3847 5446 4109 5529 οὗνήούτω

2554 5536 2886 5636 διακείμενος
2924 5545 3155 5614 εὐλόγως
3187 5550 3252 5602 ἂν
3294 5555 3435 5610 είποι
3481 5561 3557 5631 τῷ
3597 5563 3714 5634 Θεῷ
3738 5583 3751 5594 ·
3864 5566 4107 5636 Πρόσχες

2555 5627 2617 5692 τῇ
2655 5636 2920 5728 προσευχῇ
2957 5652 3086 5728 μου,
3131 5657 3146 5690 ι
3187 5645 3379 5717 πολλὴν
3407 5627 3551 5719 ἄγων
3585 5627 3891 5727 παρρησίαν
3915 5627 4102 5728 intrii

2555 5717 2768 5788 τοιαύτῃ
2814 5722 2906 5774 τοῧ
2949 5725 3062 5793 βίου
3106 5728 3238 5802 ζωῇ·
3282 5740 3386 5790 οὐδ’
3433 5742 3498 5795 ἂν
3542 5746 3798 5811 ψεύσαιτο
3841 5747 4102 5814 φάσκων·

4399 6211 4402 6333 ί
