4402 6400
937 502 1041 559 879

1629 504 1896 562 susum
1937 502 2413 559 CESARIENSIS
2445 501 2591 558 ore.
2633 469 2811 555 rans
2867 500 2954 556 in.
2986 504 3054 541 -'—
3096 496 3505 554 EXEGETICA.

4030 507 4136 560 560

927 617 1224 676 secundum
1256 615 1522 687 Aquilam,
1555 636 1572 667 ‹
1611 619 1801 671 turrim
1837 619 2082 682 roboris;
2115 635 2134 669 ι
2160 626 2251 670 aut
2283 631 2475 672 secun-
2506 627 2545 678 Α
2576 615 2642 686 ἦ.

2392 631 2475 669 m-
2506 627 2545 678 Α
2576 615 2642 686 ἦ,
2683 634 2700 666 ι
2727 615 2932 684 πύργον
2959 613 3151 683 ὀχυρὸν
3175 653 3189 675 ,
3217 631 3234 665 ι
3288 615 3425 668 κατὰ
3474 614 3565 667 τὸν
3595 613 3886 686 Σύμμαχον
3907 634 3919 646 ·
3987 619 4130 690 ἰρεί·

926 707 1054 763 dum
1111 707 1515 778 Symmachum,
1558 727 1576 758 ι
1624 709 1819 762 turrim
1877 711 2171 771 munitam;
2201 727 2220 759 ι
2266 708 2334 770 is,
2389 707 2474 760 in-

926 814 1104 869 quam,
1135 797 1277 852 dicet
1311 818 1322 852 :
1356 817 1373 848 ι
1408 799 1728 854 lnhahitabo
1776 802 1826 853 in
1885 799 2238 853 tabernaculo
2287 809 2382 851 tuo
2425 800 2477 850 in

924 891 1144 954 secula,
1175 899 1429 960 protegar
1468 893 1523 945 in
1577 893 1878 945 velamento
1936 893 2144 944 alarum
2185 899 2418 945 tuarum.
2455 911 2472 942 ι

930 979 1112 1048 Neque
1176 984 1340 1045 enim,
1378 982 1472 1046 ait,
1515 983 1570 1035 in
1623 998 1709 1036 me
1769 981 2058 1043 conﬁdam,
2099 979 2192 1034 sed
2228 980 2282 1033 in
2332 982 2479 1033 vela-

925 1081 1105 1125 mento
1130 1073 1337 1125 alarum
1364 1082 1601 1125 tuarum.
1648 1071 1725 1124 Ita
1774 1088 1936 1141 porro
1970 1087 2164 1126 vocare
2197 1071 2475 1141 Scriptura

921 1165 1055 1217 solet
1099 1165 1330 1217 virtutes
1360 1165 1450 1216 Dei
1483 1164 1834 1231 providentia
1872 1163 2246 1226 administras,
2280 1165 2476 1234 quibus

919 1253 1188 1321 obtegitur
1235 1253 1521 1323 religiosus
1574 1253 1758 1314 homo,
1795 1254 1888 1321 qui
1943 1267 1973 1305 a
2033 1257 2332 1307 velamento
2385 1251 2473 1306 Dei

917 1358 1192 1413 nunquam
1228 1343 1453 1406 recedit,
1483 1345 1575 1398 sed
1610 1344 1751 1397 intra
1783 1346 1958 1412 ipsum
2013 1343 2065 1396 in
2095 1344 2349 1397 saeculum
2378 1343 2474 1396 ha-

916 1433 1051 1488 bitat
1080 1453 1092 1487 :
1125 1434 1347 1504 jamque
1391 1434 1632 1489 Ecclesia
1665 1435 1783 1502 ejus
1817 1442 1870 1488 et
1921 1435 2118 1488 decore
2140 1435 2332 1487 domus
2357 1435 2474 1502 ejus

916 1525 1135 1589 fruitur,
1167 1535 1222 1578 ut
1251 1526 1435 1579 dicat:
1474 1544 1490 1575 ι
1528 1525 1771 1587 Domine,
1797 1526 1958 1578 dilexi
2006 1525 2255 1579 decorem
2281 1525 2473 1579 domus

916 1611 1039 1674 tuae.
1091 1625 1146 1671 et
1205 1619 1382 1670 locum
1419 1617 1774 1671 habitationis
1807 1618 1986 1686 gloriae
2032 1624 2137 1670 tua
2183 1616 2261 1682 ";
2296 1636 2314 1668 ι
2373 1627 2468 1670 et:

919 1725 939 1756 ι
985 1707 1156 1761 Unam
1185 1710 1313 1778 petii
1347 1725 1373 1762 a
1412 1708 1660 1770 Domino,
1700 1710 1838 1762 hanc
1896 1708 2186 1777 requiram,
2222 1715 2280 1760 ut
2325 1708 2474 1761 inha-

912 1798 1076 1852 bitem
1107 1801 1161 1854 in
1196 1802 1354 1854 domo
1388 1800 1601 1854 Domini
1647 1800 1899 1854 omnibus
1932 1800 2123 1853 diebus
2150 1799 2272 1852 vita:
2297 1814 2426 1852 meae
2457 1823 2465 1854 :

913 1895 971 1940 ut
1008 1888 1215 1943 videam
1241 1891 1574 1960 voluptatem
1607 1889 1818 1944 Domini
1845 1928 1859 1951 ,
1891 1897 1945 1943 et
1969 1889 2181 1942 visitem
2207 1889 2466 1956 templum

2585 723 2601 755 ι
2628 705 2950 776 Παροικήσω
2977 707 3032 758 ὲν
3056 704 3132 774 τῷ
3161 705 3475 775 σκηνώματι
3505 723 3596 758 σου
3626 709 3706 770 εἰς
3737 711 3861 772 τοὺς
3893 710 4094 775 αἰῶνας
4117 730 4132 744 ·

2579 795 3024 864 σκεπασθήσομαι
3056 797 3112 847 ἑν
3140 797 3203 863 τῇ
3236 796 3408 866 σκέπῃ
3434 795 3542 847 τῶν
3569 799 3854 866 πτερύγων
3884 816 3978 852 σου
4014 820 4034 852 ι
4057 803 4133 855 Οὐ

2577 888 2678 958 γὰρ
2713 889 2795 938 ἐπ’
2827 885 3044 955 ἐμαυτῷ
3068 926 3082 949 ,
3132 889 3292 956 φησὶν
3318 928 3332 951 ,
3369 889 3720 959 εὐθαρσήσω,
3773 890 3885 942 ἀλλ’
3934 894 4025 945 ἐπὶ
4065 897 4132 966 τῇ

2579 978 2750 1048 σκέπῃ
2795 977 2899 1029 τῶν
2952 977 3056 1028 σῶν
3104 978 3406 1048 πτερύγων.
3460 979 3612 1032 Οὕτω
3642 981 3697 1033 δὲ
3732 981 3912 1034 καλεῖν
3946 983 4132 1038 εἰωθεν

2576 1068 2603 1117 6
2635 1067 2800 1133 Λόγος
2827 1066 2922 1128 τὰς
2957 1068 3311 1136 προνοητικάς
3336 1067 3430 1120 τοῦ
3462 1068 3593 1122 Θεοῦ
3623 1070 3877 1140 δυνάμεις
3901 1112 3913 1134 ,
3951 1073 4040 1139 ὐφ’
4067 1074 4132 1137 ἃς

2577 1158 2898 1220 σκεπάζεται
2946 1160 2974 1209 6
3005 1157 3285 1228 θεοφιλὴς,
3344 1160 3607 1228 μηδέποτε
3636 1161 3735 1230 τῆς
3767 1163 3973 1231 σκέπης
4002 1164 4133 1219 ἀνα-

2575 1247 2760 1313 χωρῶν
2793 1247 2884 1298 τοῦ
2917 1246 3070 1308 Θεοῦ,
3104 1246 3236 1299 ἀλλά
3265 1247 3330 1299 δι’
3359 1249 3550 1312 αἰῶνος
3590 1250 3734 1305 ἔνδον
3766 1255 3823 1307 ὲν
3841 1257 3976 1327 αὐτῇ
4002 1275 4133 1310 κατ-

2573 1337 2759 1390 οικῶν·
2788 1339 2881 1389 καί
2911 1337 3007 1407 ήδη
3053 1339 3148 1405 μὲν
3174 1337 3454 1391 ἀπολαύων
3498 1339 3597 1409 τῆς
3625 1343 3942 1414 Ἐκκλησίας
3968 1347 4131 1402 αὐτοῦ

2573 1429 2664 1479 καὶ
2708 1427 2806 1496 τῆς
2839 1428 3165 1496 εὐπρεπείας
3197 1427 3286 1480 τοῦ
3316 1431 3461 1482 οἰκου
3490 1431 3685 1496 αὐτοῦ,
3734 1434 3873 1488 ὥστε
3920 1438 4127 1505 λέγειν’

2576 1536 2594 1567 ι
2620 1518 2809 1589 Κύριε,
2827 1519 3082 1588 ἠγάπησα
3105 1518 3433 1589 εὐπρέπειαν
3453 1521 3599 1574 οἰκου
3630 1539 3724 1576 σου
3769 1544 3787 1575 ι
3819 1528 3911 1580 καὶ
3941 1529 4132 1584 «τόπον

2572 1611 2919 1680 σκηνώματος
2952 1611 3048 1680 τῆς
3075 1609 3230 1682 δόξης
3260 1628 3380 1663 σου’
3406 1630 3424 1662 ι
3461 1615 3581 1676 καὶ,
3620 1635 3636 1665 ι
3665 1617 3811 1670 Μίαν
3843 1620 4132 1692 ᾐτησάμην

2571 1702 2718 1773 παρά
2747 1703 2946 1773 Κυρίου
2969 1741 2984 1766 ,
3033 1703 3233 1772 ταύτην
3263 1702 3512 1772 ζητήσω,
3550 1704 3628 1757 ,τὸ
3678 1711 3948 1761 κατοικεῖν
3978 1726 4045 1779 με
4071 1713 4132 1762 ὲν

2568 1795 2698 1864 οἴκῳ
2731 1794 2930 1865 Κυρίου
2966 1795 3142 1856 πάσας
3174 1795 3271 1857 τὰς
3303 1795 3513 1866 ἡμέρας
3542 1797 3638 1865 τῆς
3667 1797 3811 1867 ζωῆς
3849 1817 3948 1869 μου
3971 1816 3983 1829 ·
4034 1799 4131 1854 τοῦ

2574 1883 2793 1955 θεωρεῖν
2823 1902 2887 1954 με
2918 1886 3014 1951 τὴν
3035 1886 3369 1955 τερπνότητα
3388 1885 3481 1938 τοῦ
3503 1887 3740 1958 Κυρίου,
3781 1893 3873 1942 καὶ
3913 1893 4133 1947 ἐπισκό-

910 1980 1029 2046 ejus
1056 1980 1119 2033 ".
1161 2001 1179 2033 ι
1207 1980 1360 2046 Quod
1403 1984 1446 2036 si
1479 1981 1885 2035 tabernaculum
1937 1987 2020 2033 est
2049 1979 2288 2041 calcate,
2321 1980 2465 2047 quod
2499 1978 2536 2031 Β
2567 1993 2648 2029 ma

2398 1980 2465 2033 0d
2499 1978 2536 2031 Β
2567 1976 2789 2029 πτεσθαι
2819 1976 2908 2028 τὸν
2941 1976 3063 2027 ναὸν
3089 1975 3271 2030 αὐτοῦ.
3299 1996 3317 2026 ο
3351 1977 3412 2028 Εἰ
3444 1978 3500 2030 δέ
3529 1980 3642 2030 ἐστι
3685 1981 3777 2032 καὶ
3811 1982 4131 2054 ἐπουράνιος

912 2067 1026 2120 ﬁxit
1087 2065 1367 2131 Dominus,
1416 2085 1524 2123 non
1588 2067 1770 2130 homo,
1805 2070 1870 2122 ad
1925 2067 2080 2136 cujus
2140 2056 2463 2136 exemplum,

906 2157 1098 2225 jussus
1127 2147 1336 2230 Moyses
1372 2161 1516 2213 aliud
1548 2159 1844 2215 fabricatus
1898 2169 2002 2223 est,
2051 2159 2119 2213 ad
2152 2159 2283 2212 illud
2338 2173 2468 2214 sane

910 2250 1324 2304 tabernaculum
1385 2252 1692 2315 remittens,
1725 2252 1922 2306 dixerit
1957 2271 1968 2306 :
2004 2271 2021 2302 ι
2061 2252 2378 2306 lnhabitabo
2411 2252 2467 2304 in

910 2341 1267 2396 tabernaculo
1307 2353 1400 2397 tuo
1430 2343 1484 2396 in
1515 2345 1730 2398 saecula.
1770 2363 1787 2395 ι
1818 2342 1999 2398 Talem
2030 2344 2172 2398 enim
2195 2343 2466 2413 perfectus

911 2431 1075 2487 homo
1105 2434 1522 2503 promissionem
1574 2435 1801 2504 accepit,
1834 2435 2056 2489 minime
2100 2433 2348 2506 spectans
2402 2451 2464 2490 ea

913 2539 1035 2594 qua:
1063 2525 1166 2579 sub
1207 2533 1560 2594 conspectum
1589 2525 1810 2588 cadunt,
1841 2524 1935 2580 sed
1982 2541 2102 2595 quae
2147 2541 2256 2580 non
2279 2527 2465 2582 viden-

907 2620 1018 2666 tur.
1046 2611 1182 2666 Nam
1218 2629 1337 2684 quae
1365 2612 1640 2676 videntur,
1675 2621 2062 2682 temporanea;
2097 2631 2217 2686 qua
2242 2631 2350 2670 nou
2383 2617 2463 2669 vi-

907 2705 1125 2768 dentur,
1144 2714 1343 2758 aeterna
1373 2712 1518 2760 sunt.

976 2794 1144 2850 Vsus.
1177 2795 1227 2849 6.
1276 2814 1294 2846 ι
1334 2795 1602 2862 Quoniam
1638 2805 1716 2860 tu,
1754 2795 1916 2860 Deus,
1957 2799 2229 2852 exaudisti
2259 2799 2460 2853 oratio-

907 2901 1004 2948 nes
1032 2902 1207 2950 meas,
1239 2886 1436 2942 dedisti
1472 2886 1841 2941 hereditatem
1899 2887 2228 2965 timentibus.
2264 2902 2460 2943 nomen

905 2986 1112 3034 tuum.»
1138 2978 1194 3033 Si
1225 2981 1460 3050 vulgaris
1485 2980 1728 3049 quaedam
1753 2981 1925 3036 oratio
1945 2987 2088 3044 esset
2117 2995 2198 3041 ea,
2218 2995 2336 3048 qua:
2350 2980 2461 3048 jam

907 3085 938 3123 a
968 3069 1169 3126 Davide
1189 3071 1388 3126 emissa
1417 3078 1518 3133 est,
1551 3086 1659 3124 non
1693 3086 1916 3125 necesse
1940 3085 2071 3124 sane
2116 3069 2312 3124 fuisset
2343 3085 2461 3124 eam

906 3162 962 3216 in
997 3163 1136 3217 libro
1170 3162 1509 3218 Psalmorum
1559 3163 1743 3232 reponi
1773 3181 1787 3216 :
1813 3163 2106 3216 verisimile
2156 3163 2354 3232 quippe
2382 3171 2464 3216 est

903 3266 1029 3306 eum
1068 3261 1348 3306 sexcentas
1390 3251 1524 3306 alias
1563 3252 1835 3304 orationes
1876 3249 1941 3303 ad
1980 3251 2144 3305 Deum
2178 3251 2460 3317 eﬂudisse;

2569 2067 2766 2137 σκηνὴ,
2815 2070 2879 2136 ἣν
2923 2063 3117 2136 ἔπηξεν
3141 2069 3170 2119 6
3196 2067 3397 2137 Κύριος
3417 2109 3430 2129 ,
3463 2072 3558 2124 καὶ
3589 2071 3689 2124 οὐκ
3713 2071 3998 2144 ἄνθρωπος
4017 2114 4031 2138 ,
4063 2071 4134 2146 ἧς

2567 2157 2664 2226 τὴν
2687 2157 2871 2209 εἰκόνα
2899 2156 3136 2224 Μωῦσῆς
3166 2158 3525 2228 προσταχθεὶς
3557 2163 3725 2215 ἐποίει
3745 2203 3760 2226 ,
3809 2166 3887 2226 εἰς
3917 2167 4132 2236 εκείνην

2565 2248 2899 2315 ἀναπέμπων
2931 2245 3027 2315 τὴν
3061 2247 3261 2316 σκηνὴν
3285 2285 3304 2310 ,
3343 2247 3486 2300 εἴποι
3519 2249 3582 2301 ἀν
3611 2252 3700 2302 τόο
3762 2271 3778 2302 ι
3805 2251 4130 2325 Παροικήσω

2564 2339 2630 2389 ἑν-
2648 2339 2724 2408 τῷ
2747 2338 3059 2409 σκηνώματι
3089 2355 3180 2391 σου
3204 2341 3284 2401 εἰς
3307 2341 3432 2402 τοὺς
3457 2340 3676 2404 αἰῶνας.
3705 2362 3723 2394 ι
3781 2344 3998 2416 Ταύτην
4021 2348 4129 2417 γὰρ

2565 2431 2755 2504 εἴληφε
2786 2433 2882 2502 τὴν
2911 2432 3236 2500 ἐπαγγελίαν
3263 2435 3291 2486 6
3322 2433 3550 2498 τέλειος,
3583 2436 3643 2487 οὐ
3674 2437 3890 2490 σκοπῶν
3917 2437 3985 2490 τὰ
4013 2437 4130 2506 βλι-

2564 2526 2792 2593 πόμενα,
2822 2523 2954 2576 ἀλλά
2979 2524 3048 2576 τὰ
3076 2525 3149 2594 μὴ
3191 2524 3524 2596 βλεπόμενα⁸
3576 2526 3642 2580 τὰ
3673 2527 3780 2599 γάρ
3822 2527 4127 2599 βλεπόμενα

2563 2616 2876 2686 πρόσκαιρα
2895 2655 2910 2678 ,
2940 2614 3008 2667 τά
3037 2616 3094 2668 δὲ
3127 2616 3202 2687 μὴ
3231 2615 3533 2687 βλεπόμενα
3565 2618 3772 2674 αίώνια.
4134 2641 4138 2646 ι

2634 2809 2652 2840 ι
2667 2791 2783 2843 Ὅτι
2807 2791 2892 2853 σὺ,
2909 2795 2936 2843 6
2955 2791 3105 2855 Θεὸς,
3126 2793 3446 2864 είσήκουσας
3468 2793 3576 2846 τῶν
3591 2793 3763 2864 εὐχῶν
3785 2813 3905 2866 μου,
3923 2796 4126 2860 ἔδωκας

2562 2877 2914 2949 κληρονομίαν
2946 2885 3056 2946 τοῖς
3084 2882 3432 2953 φοδουμένοις
3460 2883 3521 2938 τὸ
3551 2885 3719 2955 ὄνομά
3745 2903 3856 2939 σου.
3885 2907 3904 2938 s
3942 2888 4004 2940 Εἰ
4027 2887 4126 2958 μὲν

2559 2971 2685 3042 ψιλή
2711 2990 2792 3035 τις
2819 2963 3182 3045 ἦνπροσευχὴ
3214 2977 3317 3029 ὑπὸ
3348 2975 3439 3030 τοῦ
3469 2977 3633 3030 Δαυῖδ
3654 2979 4063 3048 ἀναπεμφθεῐσα
4088 2981 4122 3051 ἡ

2564 3061 2698 3131 μετά
2723 3065 2907 3133 χεῖρας
2929 3103 2942 3125 ,
2973 3062 3119 3116 οὐδὲν
3142 3059 3207 3134 ἦν
3235 3065 3526 3133 ἀναγκαῖον
3553 3066 3722 3138 αὐτὴν
3753 3067 4122 3139 ἀναληφθῆνω

2560 3154 2626 3222 τῇ
2663 3151 2824 3222 βίϐλῳ
2855 3153 2962 3206 τῶν
2995 3154 3255 3224 Ψαλμῶν-
3305 3158 3448 3219 εἰκὸς
3483 3157 3589 3228 γὰρ
3614 3157 3772 3212 αὐτὸν
3799 3158 3892 3212 καὶ
3927 3159 4121 3229 μυρίας

2557 3242 2726 3306 ἄλλας
2753 3244 2914 3313 εὐχὰς
2949 3245 3080 3314 πρὸς
3113 3245 3202 3298 τὸν
3234 3246 3363 3298 Θεὸν
3409 3247 3762 3318 πεποιῆσθαιο
3812 3249 3999 3320 ὥσπερ
4031 3247 4121 3303 οὖν

901 3342 1357 3413 quemadmodum
1387 3358 1487 3399 nos
1508 3359 1722 3412 quoque
1751 3334 1993 3412 quotidie
2015 3344 2288 3411 variisque
2323 3352 2456 3397 tem-
2483 3327 2524 3382 (ἶ
2559 3335 2639 3386 καῖ

2382 3358 2456 3396 m-
2483 3327 2524 3382 C
2559 3335 2649 3387 καὶ
2675 3337 2832 3406 ἡμεῖς
2882 3336 2963 3404 ἐφ’
3009 3336 3241 3407 ἑκάστης
3284 3339 3522 3409 ἡμέρας,
3574 3341 3664 3393 καὶ
3711 3341 3852 3395 κατά
3897 3344 4120 3413 καιροὺς

901 3434 1128 3504 poribus
1157 3449 1473 3503 precamur;
1506 3441 1559 3488 at
1601 3435 1728 3504 quia
1755 3435 2070 3503 plerumque
2101 3435 2228 3488 dum
2265 3449 2454 3503 preca-

901 3533 1075 3589 retur,
1119 3534 1212 3579 aut
1263 3527 1501 3596 psalmos
1529 3526 1789 3595 pulsaret,
1815 3527 2112 3594 hymnosve
2165 3526 2450 3588 emitteret,

901 3617 1217 3687 prophetica
1260 3618 1460 3670 virtute
1513 3616 1854 3685 replebatur;
1886 3616 2078 3669 merito
2104 3614 2214 3683 jam
2250 3630 2356 3668 non
2399 3622 2454 3668 ut

899 3707 1150 3777 vulgares
1180 3708 1479 3768 orationes,
1512 3705 1607 3761 sed
1635 3715 1693 3760 ut
1725 3723 2006 3762 sermones
2041 3709 2129 3761 alii
2155 3709 2452 3778 prophetici

901 3798 1014 3854 hac
1044 3800 1506 3868 obsignabantur;
1536 3813 1707 3868 eaque
1738 3799 1793 3852 in
1817 3799 2012 3854 divinis
2046 3799 2199 3854 libris
2228 3815 2454 3870 repone-

899 3890 1052 3952 bant,
1087 3891 1181 3957 qui
1207 3891 1558 3945 discretionis
1605 3891 1892 3959 spirituum
1950 3891 2175 3960 gratiam
2232 3906 2452 3961 accepe-

898 3986 1042 4032 rant.
1103 3979 1194 4032 Sic
1252 3995 1379 4050 ergo
1431 3987 1552 4050 post
1584 3980 1842 4050 praedicta
1885 3981 2069 4045 verba,
2134 3981 2451 4035 intermedio

897 4069 1296 4139 diapsalmate,
1356 4055 1622 4140 Propheta
1678 4072 1854 4126 sancti
1913 4071 2150 4142 Spiritus
2203 4073 2451 4144 iilapsum

896 4161 1353 4224 animadverteris,
1417 4162 1657 4231 adeoque
1713 4163 2034 4229 illustratus,
2084 4179 2208 4220 cum
2267 4171 2453 4218 nosset

896 4253 1227 4325 pramissam
1252 4253 1320 4306 ab
1353 4253 1732 4308 seorationem
1765 4268 1793 4305 a
1833 4252 1943 4308 Deo
1966 4256 2276 4310 exauditam
2307 4271 2449 4320 esse,
2511 4318 2520 4328 ,

890 4348 1004 4419 jam
1033 4347 1387 4402 mulationem
1422 4344 1691 4400 sermonis
1719 4343 1943 4400 inducit.
1968 4343 2327 4410 Quamobrem
2359 4361 2453 4399 su-

895 4437 1079 4509 perius
1102 4430 1318 4507 quidem
1347 4437 1426 4491 sic
1453 4435 1777 4505 precabatur
1819 4454 1831 4489 :
1868 4454 1888 4486 ι
1919 4435 2147 4497 Exaudi,
2181 4436 2342 4500 Deus,
2359 4436 2452 4489 de-

891 4532 1256 4603 precationem
1282 4544 1496 4597 meam;
1535 4550 1554 4582 ι
1593 4530 1682 4584 hic
1714 4544 1841 4585 vero
1871 4537 1994 4600 post
2035 4527 2333 4597 diapsalma
2367 4527 2450 4580 di-

891 4623 966 4678 cit
1028 4619 1432 4687 :‘c-Quoniam
1484 4630 1576 4685 tu,
1626 4621 1806 4687 Deus,
1852 4620 2121 4676 exaudisti
2175 4620 2448 4673 orationes

2557 3424 2743 3478 ἄλλοτε
2773 3425 2961 3489 ἄλλους
2994 3425 3260 3497 εὐχόμεθα
3289 3428 3574 3501 διαφόρους
3593 3447 3606 3460 ’
3631 3432 3751 3484 ἐπεὶ
3778 3431 3834 3485 δὲ
3866 3431 4120 3495 πολλάκις

2555 3514 2613 3566 ὲν
2634 3514 2780 3599 αὐτῷ
2804 3515 2880 3585 τῷ
2898 3517 3317 3586 προσεύχεσθαι,
3370 3519 3402 3590 ἢ
3424 3521 3546 3583 τοὺς
3565 3521 3810 3590 ψαλμοὺς
3829 3522 4120 3596 ἀνακρούε-

2560 3607 2700 3669 σθαι,
2733 3609 2763 3678 ἢ
2793 3611 2917 3670 τοὺς
2947 3607 3146 3679 ὕμνους
3177 3611 3541 3682 ἀναπέμπειν,
3582 3613 3922 3686 προφητικῆς
3955 3617 4119 3688 ἐπλη-

2562 3699 2714 3770 ροῦτο
2737 3700 3012 3770 δυνάμεως
3034 3719 3044 3730 ·
3070 3703 3290 3767 εἰκότως
3309 3705 3486 3758 οὐκέθ’
3507 3706 3582 3770 ὡς
3605 3706 3764 3776 ψιλὰς
3789 3709 4114 3780 προσευχὰς,

2554 3789 2741 3853 ἀλλ’ὡς
2769 3791 2956 3851 ἀλλους
2983 3793 3172 3859 λόγους
3199 3796 3564 3865 προφητικοὺς
3593 3797 4022 3868 ἐπεσημαίνοντο
4050 3801 4118 3853 τά

2553 3881 2817 3952 λεγόμενα
2834 3921 2846 3945 ,
2875 3883 2966 3935 καὶ
2995 3887 3114 3945 ταῖς
3139 3883 3307 3947 θείαις
3335 3883 3534 3953 βίϐλοις
3560 3887 3949 3955 ἐγκατέταττον
3979 3891 4028 3943 οἰ
4057 3889 4118 3943 τὸ

2554 3973 2797 4044 χάρισμα
2837 3973 2938 4041 τῆς
2966 3971 3282 4044 διακρίσεως
3319 3975 3426 4028 τῶν
3473 3977 4112 4050 πνευμάαυνιίληφότες.

2553 4063 2738 4128 Οὕτως
2755 4058 2846 4119 οῦν
2869 4064 2962 4117 καὶ
2990 4065 3220 4131 ἐνταῦθα
3246 4066 3382 4137 μετὰ
3403 4067 3472 4122 τὰ
3492 4062 3872 4140 προλεχθέντα,
3895 4069 4118 4142 διαψάλ-

2558 4172 2726 4224 ματος
2761 4154 2985 4229 μεταξὺ
3018 4157 3430 4228 παρεντεθὲντος
3449 4199 3464 4224 ,
3535 4160 3831 4234 μεταϐολὴν
3883 4166 4116 4224 ποιεῖται

2554 4245 2647 4299 τοῦ
2667 4246 2823 4314 λόγου
2838 4249 2872 4301 6
2892 4248 3199 4323 Προφήτης,
3219 4251 3533 4323 αἰσθόμενος
3554 4253 3652 4324 τῆς
3671 4255 3764 4309 τοῦ
3785 4253 3939 4324 ἁγίου
3955 4255 4117 4312 Πνεύ-

2556 4355 2722 4408 ματος
2753 4341 2986 4408 ἀφίξεως
3008 4382 3025 4407 ,
3081 4344 3368 4412 φωτισθείς
3395 4361 3454 4402 τε
3484 4345 3574 4399 ὐπ’
3606 4345 3769 4402 αὐτοῦ
3797 4348 3889 4404 καὶ
3934 4351 4114 4418 γνοὺς,

2551 4429 2630 4480 ὅτι
2657 4429 2723 4481 τά
2745 4431 2847 4506 τῆς
2864 4432 3250 4507 προλιχθείσης
3276 4436 3424 4507 αὐτῷ
3448 4437 3680 4509 δεήσεως
3701 4439 3938 4510 ἐπηκόου
3959 4440 4114 4512 ιτυχε

2551 4518 2644 4571 τοῦ
2672 4518 2826 4572 Θεοῦ.
2861 4521 2951 4575 Διὸ
2972 4522 3226 4594 ἀνωτάρω
3257 4525 3354 4594 μὲν
3387 4524 3675 4595 εὐχόμενος
3711 4526 3892 4597 ιλεγε’
3934 4547 3953 4580 ι
3985 4529 4116 4583 Εἰσ-

2551 4609 2798 4673 άκουσον,
2817 4612 2844 4663 6
2864 4610 3015 4674 Θεὸς,
3040 4610 3138 4681 τῆς
3165 4612 3400 4684 δεήσεώς
3435 4632 3553 4684 μουο
3582 4635 3602 4666 ι
3636 4615 3865 4671 ινταῦθα
3890 4617 3947 4672 δι
3979 4621 4116 4689 μετά

892 4727 1041 4769 meas
1057 4680 1368 4767 “.iniden‘
1406 4728 1514 4782 quo
1542 4680 1700 4783 pacto
1731 4680 1804 4768 se.
1830 4712 2144 4768 exauditum
2173 4725 2296 4764 esse
2325 4725 2448 4763 sen—
2476 4680 2526 4739 Β
2549 4703 2630 4756 τὸ‹

2379 4725 2448 4762 ⁵ι..
2476 4680 2526 4739 D
2549 4703 2610 4756 τὸ
2628 4703 2900 4776 διάψαλμα
2924 4680 3142 4774 φάσκει·
3165 4680 3317 4758 μου
3344 4680 3482 4770 om
3500 4680 3991 4778 Θεὸς,εἰσὴκουσαέ
4006 4711 4117 4765 τῶν

891 4805 1094 4862 tiehat?
1116 4803 1182 4856 Et
1214 4803 1344 4856 illud
1371 4811 1488 4858 erat
1517 4819 1613 4874 per
1666 4804 1860 4859 Isaiam
1919 4803 2238 4873 prophetam
2267 4799 2448 4868 dignis

889 4893 1202 4951 hominibus
1233 4893 1559 4961 promissum
1585 4908 1615 4946 a
1645 4892 1754 4948 Deo
1782 4912 1794 4947 :
1827 4911 1846 4943 ι
1874 4891 2067 4946 Adhuc
2097 4900 2150 4946 te
2192 4891 2446 4960 loquente

889 4986 1114 5040 dicam':
1141 4982 1280 5038 Ecce
1301 4982 1490 5037 adsum
1523 4982 1589 5035 “.
1617 5001 1635 5034 ι
1670 4981 1803 5036 Nam
1834 4983 2010 5036 adhuc
2039 4982 2294 5051 loquente
2315 4978 2444 5033 Pro-

889 5077 1292 5146 pheta,'astans
1336 5074 1571 5145 Spiritus
1611 5074 1881 5128 indicebat
1911 5073 2011 5143 ipsi
2042 5073 2354 5128 exauditum
2384 5086 2443 5129 se

887 5180 1030 5221 esse.
1067 5166 1246 5231 Quare
1293 5165 1369 5222 ait
1401 5183 1413 5196 ·
1447 5184 1466 5216 ι
1513 5164 1778 5231 Quoniam
1833 5192 1913 5229 ιιι,
1965 5179 2126 5230 acus,
2174 5163 2444 5218 exaudisti

887 5260 1162 5315 orationes
1217 5274 1385 5315 meas.
1431 5278 1448 5309 ι
1506 5257 1815 5329 Eademque
1862 5258 2158 5312 secundum
2208 5258 2445 5326 reliquos

889 5352 1216 5420 interpretes
1258 5350 1524 5407 sententia
1577 5349 1887 5404 declaratur
1924 5367 1936 5403 :
1974 5362 2098 5402 nam
2145 5331 2443 5404 secundi'tm

887 5439 1136 5508 Aquilam
1175 5437 1374 5492 dicitur
1438 5457 1452 5495 :
1511 5457 1532 5490 ι
1577 5436 1846 5504 Quoniam
1896 5445 1978 5500 tu,
2036 5434 2202 5500 Deus,
2243 5435 2444 5491 audisti

884 5533 1160 5585 orationes
1210 5545 1389 5596 meas;
1429 5551 1446 5583 ι
1482 5530 1783 5587 secundum
1822 5545 1953 5586 vero
2002 5527 2387 5600 Symmachum
2423 5549 2436 5584 :

888 5635 907 5666 ε
945 5616 1025 5671 τυ
1053 5619 1218 5680 enim,
1252 5617 1414 5683 Deus,
1437 5621 1709 5675 exaudiatl
1739 5635 1928 5688 preces
1951 5634 2120 5674 meas.
2162 5638 2182 5671 ι
2234 5620 2435 5690 Adjicit

881 5710 1073 5765 deinde
1107 5731 1116 5763 :
1158 5731 1182 5770 ι.
1214 5709 1414 5765 Dedisti
1464 5713 1828 5768 hereditatem
1870 5711 2184 5767 timentibus
2232 5727 2427 5768 nomen

951 5891 995 5924 “
1034 5889 1178 5949 Psal.
1214 5909 1338 5958 xxv,
1371 5893 1424 5950 8.
1501 5893 1548 5927 “
1586 5891 1729 5949 Psal.
1768 5908 1921 5956 sxw,
1956 5894 2009 5949 4.

2552 4797 2724 4866 εὐχῶν
2761 4813 2880 4867 μου.
2907 4813 2927 4848 ι
3010 4796 3171 4868 Ὁρᾷς
3202 4797 3349 4860 ὅπως
3380 4794 3672 4866 συνῄσθετο
3704 4799 4113 4864 (inmodste;

2551 4888 2644 4939 καὶ
2669 4887 2812 4940 τοῦτ’
2837 4883 2906 4959 ἦν
2932 4886 2994 4940 τὸ
3011 4884 3099 4940 διὰ
3128 4885 3221 4938 τοῦ
3252 4887 3529 4956 προφήτου
3567 4885 3786 4940 Ἡσαΐου
3812 4891 3922 4952 τοῖς
3944 4889 4114 4955 ἀξίοις

2549 4979 2953 5052 ἐπηγγελμένον
2984 4977 3087 5031 ὑπὸ
3110 4975 3202 5030 τοῦ
3233 4976 3477 5043 λέγοντος
3500 4974 3632 5030 Θεοῦ
3652 4994 3664 5007 ·
3708 4996 3726 5030 ι
3753 4978 3873 5031 Ἔτι
3896 4979 4116 5034 λαλοῦν.

2537 5068 2627 5132 τός
2660 5088 2751 5124 σου
2795 5070 2924 5141 ἀρῶ·
2970 5068 3100 5124 Ἰδοὺ
3127 5070 3375 5139 πάρειμιο
3409 5088 3428 5119 ι
3481 5068 3560 5122 ἐτι
3589 5069 3696 5142 γὰρ
3743 5067 4113 5143 φθεγγομένου

2537 5160 2630 5213 τοῦ
2676 5161 2962 5235 Προφήτου
2985 5203 3000 5228 ,
3039 5161 3100 5214 τὸ
3130 5159 3351 5230 Πνεῦμα
3383 5161 3606 5236 ἐπιστὰν
3632 5159 3696 5215 τὸ
3733 5162 3886 5231 ᾶγιον
3923 5164 4111 5236 ἐδήλου

2537 5254 2706 5323 αὐτῷ,
2733 5255 2808 5318 ὡς
2828 5255 2935 5328 ἄρα
2960 5249 3333 5314 εἰσακουσθεὶς
3360 5235 3462 5321 εἰη.
3490 5249 3579 5305 Διό
3610 5269 3774 5323 φησιν
3793 5269 3806 5284 ο
3838 5254 3990 5309 «Ὅτι
4020 5256 4108 5321 σὺ,

2539 5346 2567 5397 6
2592 5344 2742 5410 Θεὸς,
2769 5346 3097 5418 εἰσήκουσας
3123 5342 3231 5396 τῶν
3255 5342 3427 5413 εὐχῶν
3459 5361 3581 5415 μου.
3607 5363 3626 5396 ι
3677 5345 3788 5400 Καὶ
3815 5346 3959 5401 κατά
3984 5347 4110 5410 τοὺς

2546 5435 2760 5500 λοιποὺς
2786 5435 2844 5490 δὲ
2888 5432 3226 5506 ἑρμηνευτὰς
3247 5435 3280 5502 ἡ
3317 5433 3455 5506 αὐτὴ
3509 5433 3836 5507 παρίσταται
3862 5435 4069 5489 διάνοια
4092 5451 4105 5463 °

2545 5527 2665 5580 ἐπεὶ
2694 5528 2832 5582 κατά
2879 5525 2968 5581 τὸν
3027 5523 3255 5580 Ἀκύλαν
3284 5525 3496 5598 εἴρηται
3516 5545 3529 5558 ν
3568 5548 3585 5580 ι
3616 5528 3734 5581 Ὀτι
3771 5527 3834 5581 σὺ
3855 5566 3872 5592 ,
3910 5519 3956 5579 ὦ
3983 5525 4105 5588 Oct,

2540 5619 2774 5688 ἡκουσας
2797 5618 2904 5672 τῶν
2921 5614 3094 5687 εὐχῶν
3120 5636 3218 5687 μου
3235 5636 3247 5648 ·
3276 5638 3297 5672 ι
3319 5619 3530 5674 ωτάδδ
3546 5620 3635 5673 τὸν
3653 5618 3965 5690 Σύμμαχον·
3990 5634 4007 5665 ι
4032 5613 4105 5666 Σὺ

2537 5711 2665 5782 γὰρ,
2691 5712 2721 5764 ό
2749 5709 2900 5774 Θεὸς,
2932 5711 3256 5780 εἰσήκουσας
3281 5710 3389 5766 τῶν
3419 5709 3732 5785 προσαυχῶν
3781 5725 3901 5778 μου.
3931 5725 3949 5757 ι
3995 5700 4111 5759 Εἶτ’

2087 5893 2318 5954 “Pal,
2353 5913 2450 5958 ιι,
2483 5892 2537 5950 σ,
2614 5892 2658 5924 ⁸⁵
2699 5886 2803 5946 lsa.
2842 5903 2997 5954 um,
3031 5887 3084 5941 9.
