4402 6398
310 493 405 548 581

1445 491 1948 548 (ΣΟΜΜΕΝΤΑΜᾹ
1987 490 2053 546 IN
2091 491 2426 549 PSALMOS.

3433 501 3538 557 582

312 603 578 673 ἐπηλέγει·
640 624 658 655 1
687 605 932 668 Ἐδωκας
974 604 1333 676 κληρονομίαν
1375 606 1488 668 τοῖς
1529 604 1878 676 φοὸουμένοις
1907 612 1951 663 Α
1980 611 2050 657 tul

1799 622 1878 668 οις
1907 612 1951 663 Α
1980 611 2151 658 tuum.
2190 624 2208 656 1
2253 605 2335 661 Me
2366 606 2712 677 quippejam
2734 609 3002 664 exaudisti
3039 628 3050 663 :
3085 624 3148 664 ac
3180 609 3319 668 bene
3346 616 3473 670 novi
3503 631 3537 671 α

316 699 366 752 εδ
420 697 591 769 ὄνομά
612 714 724 751 σου.
752 717 769 748 ι
836 697 998 767 Ἐμοῦ
1037 698 1132 768 μὲν
1167 697 1273 770 γὰρ
1331 697 1464 760 τέως
1512 699 1866 768 είσήκουσας·

311 789 478 858 Ιτγνων
505 789 560 842 δὲ
590 789 691 842 ὑπὸ
721 788 814 842 106
841 789 935 842 006
961 788 1272 859 Πνεύματος
1306 789 1589 857 φωτισθεὶς
1612 829 1626 852 ,
1660 790 1741 842 ὅτι
1774 791 1872 840 οὐκ

310 885 430 954 ἐμοὶ
449 882 611 952 μόνῳ,
631 882 763 935 ἀλλὰ
784 883 874 935 καὶ
891 884 1019 934 πᾶσι
1036 885 1145 945 τοῖς
1163 881 1323 949 φοὸου
1331 881 1507 950 μένοις
1523 883 1580 934 τὸ
1595 883 1682 935 ὅνο
1690 884 1763 952 μά
1781 901 1870 934 σου

309 975 516 1046 καρπὸν
529 975 676 1041 ἀξιον
689 974 782 1028 106
805 975 896 1027 σοῦ
915 975 1075 1042 φόϐου
1091 973 1302 1035 δώσεις,
1320 973 1417 1043 τὴν
1433 973 1529 1043 κλη
1542 991 1658 1042 ρονο
1665 974 1790 1042 μίαν
1808 976 1873 1042 ἣν

310 1066 614 1138 ἐπηγγείλω
634 1067 833 1128 αὐτοῖς.
869 1065 1153 1136 Ἀορίστως
1171 1064 1226 1117 δὲ
1243 1063 1428 1128 εἰπὼν,
1455 1083 1472 1114 1
1493 1068 1602 1126 τοῖς
1618 1064 1779 1132 φοὸου
1789 1065 1875 1134 μέ-

309 1176 417 1222 νοις
444 1158 506 1210 τὸ
523 1158 692 1228 ὄνομά
712 1176 801 1211 σου
822 1197 836 1222 ,
875 1178 894 1209 1
917 1154 1134 1227 ἦπλωσε
1157 1158 1252 1227 τὴν
1275 1158 1430 1227 χάριν
1454 1158 1545 1210 ἐπὶ
1570 1159 1775 1219 πάντας
1789 1160 1875 1210 ἀν-

311 1247 578 1319 θρώπους.
601 1250 676 1301 Οὐ
697 1250 803 1318 γάρ
826 1247 901 1317 τῷ
930 1249 1142 1319 Ἰσραὴλ
1162 1249 1493 1316 ἐπήγγελται
1509 1249 1605 1318 τὴν
1628 1249 1727 1320 κλη
1738 1267 1874 1319 ρονο-

315 1339 441 1408 μίαν
456 1378 470 1401 ,
485 1338 602 1390 οὐδὲ
621 1338 696 1408 τῷ
724 1338 985 1390 Ἰουδαίων
1003 1338 1140 1390 ἔθνει
1159 1340 1314 1409 μόνον
1331 1379 1344 1402 ,
1365 1339 1498 1392 ἀλλὰ
1517 1341 1606 1392 καὶ
1623 1342 1872 1404 πᾶσιτοῖς

311 1430 658 1500 φοδουμένοις
687 1429 745 1482 τὸ
775 1431 940 1499 ὄνομα
971 1430 1152 1484 αὑτοῦ.
1207 1450 1225 1482 1
1249 1432 1480 1500 Ἰουδαίῳ
1511 1449 1569 1483 τε
1594 1432 1823 1500 πρῶτον,
1849 1451 1866 1482 1

310 1523 473 1594 φησὶν
489 1525 516 1578 6
545 1522 857 1586 Ἀπόστολος
878 1562 892 1585 ,
921 1541 937 1573 ι
964 1524 1055 1576 καὶ
1085 1523 1320 1593 Ἕλληνι.
1345 1543 1363 1575 1
1390 1523 1651 1587 Πολλάκις
1672 1523 1727 1576 δὲ
1743 1528 1773 1593 ή
1783 1527 1872 1593 μίν

309 1617 699 1678 ἀποδέδεικται,
728 1615 802 1678 ὡς
832 1615 1038 1679 πάντας
1054 1619 1178 1679 τοὺς
1199 1616 1254 1682 ἐξ
1274 1615 1438 1669 ἐθνῶν
1461 1615 1536 1684 τῷ
1561 1614 1679 1684 Θεῷ
1701 1632 1870 1686 προσ-

315 1709 508 1772 ιόντας.
529 1708 891 1775 φοϐουμένους
927 1708 1017 1761 τὸν
1045 1709 1246 1778 Κύριον
1279 1707 1461 1760 καλεῖν
1489 1706 1673 1760 εἴωθεν
1707 1708 1734 1758 6
1768 1707 1870 1760 Λό-

310 1820 424 1872 γος.
453 1802 672 1866 Τούτοις
694 1799 785 1856 οὖν
817 1805 1015 1865 αὐτοῖς,
1042 1805 1223 1873 φησὶν,
1249 1802 1449 1864 ἔδωκας
1476 1802 1834 1872 κληρονομίαν
1853 1820 1865 1832 ·

311 1893 404 1947 καὶ⁸
423 1893 578 1946 ποίαν
600 1894 698 1947 ούκ
715 1891 886 1955 εἶπεν,
910 1897 941 1964 ή
950 1897 1038 1963 μίν
1067 1895 1122 1946 δὲ
1144 1893 1523 1946 καταλέλοιπεν
1554 1894 1756 1962 ζητεῖν.
1782 1893 1871 1964 Τῷ

316 1984 412 2054 μὲν
443 1979 534 2036 06v
585 1984 799 2053 Ἰσραὴλ
842 1984 938 2054 τὴν
971 1985 1196 2054 ῥέουσαν
1235 1983 1356 2054 μέλι
1399 1984 1491 2036 καὶ
1524 1983 1660 2050 γάλα
1702 1986 1871 2053 ἐπήγ-

310 2077 493 2145 γελται
531 2075 618 2129 διὰ
678 2076 970 2138 Μωῦσὲως·
1006 2079 1114 2138 τοῖς
1164 2075 1219 2128 δὲ
1277 2075 1626 2145 φοϐουμένοις
1683 2076 1870 2129 ὁποίαν

313 2147 477 2220 ἐδῶκε
507 2165 887 2243 κληρονομίαν,
912 2166 1059 2219 εἴασε
1097 2165 1394 2237 ζητεῖσθαι.
1428 2167 1692 2238 Εὑρήσεις
1724 2166 1781 2219 δὲ
1814 2170 1872 2220 ἐν

310 2262 420 2322 τοῖς
443 2258 537 2312 τοῦ
568 2260 817 2330 Σωτῆρος
843 2261 998 2329 ἡμῶν
1033 2262 1398 2331 μακαρισμοῖς
1430 2258 1654 2330 ταύτην,
1692 2260 1749 2312 ἐν
1793 2257 1872 2323 οἷς

310 2349 554 2421 εῐρηται·
610 2368 629 2400 1
669 2350 939 2420 Μακάριοι
974 2350 1022 2402 οἱ
1078 2350 1281 2420 πτωχοὶ
1319 2348 1396 2420 τῷ
1447 2349 1746 2421 πνεύματι,
1791 2351 1872 2403 ὃτι

308 2442 485 2496 αὐτῶν
517 2443 724 2512 ἐστινὴ
773 2442 1016 2512 βασιλεία
1057 2442 1164 2495 τῶν
1202 2442 1443 2513 οὐρανῶν
1464 2461 1475 2472 ο
1517 2464 1536 2496 ι
1577 2443 1670 2496 καὶ
1713 2443 1872 2498 πάλιν

308 2532 452 2602 ἔχεις
495 2532 588 2586 τοῦ
628 2532 880 2602 Σωτῆρος
915 2533 1070 2604 ήμῶν
1114 2535 1466 2602 ἐπαγγελίαν,
1490 2534 1558 2588 δι’
1586 2529 1654 2605 ἧς
1697 2522 1829 2605 φησι
1853 2551 1867 2563 ·

313 2642 333 2674 1
370 2624 477 2676 Καὶ
508 2625 565 2677 ἐν
592 2623 670 2693 τῷ
699 2623 852 2676 αίῶνι
877 2624 1050 2693 τούτῳ
1075 2624 1472 2679 πολυπλασίονα
1495 2626 1743 2696 λήψεται,
1777 2624 1870 2677 καὶ

307 2718 365 2770 ἐν
408 2716 485 2786 τῷ
513 2716 753 2786 μέλλοντι
795 2716 938 2787 ζωὴν
984 2716 1199 2770 αἰώνιον
1230 2717 1644 2789 κληρονομήσει.
1700 2736 1718 2767 1
1762 2715 1870 2768 Καὶ

304 2806 506 2877 ταύτης
556 2809 716 2861 ἕνεκα
761 2808 859 2878 τῆς
888 2807 1244 2880 κληρονομίας
1289 2813 1317 2863 6
1360 2809 1605 2878 πέμπτος
1659 2807 1869 2878 ψαλμὺς

304 2895 705 2971 ἐπεγέγραπτο,
740 2917 758 2950 1
796 2900 890 2960 Είς
911 2899 1162 2962 τὸτέλος,
1196 2901 1332 2971 ὑπὲρ
1367 2901 1466 2970 τῆς
1503 2900 1872 2972 κληρονομού-

308 3008 406 3060 σης
430 3009 443 3021 ο
484 3010 502 3042 1
541 2993 630 3044 καὶ
660 2992 718 3043 ἐν
751 2991 827 3062 τῷ
870 2999 929 3044 ιε’
957 2991 1012 3044 δὲ
1051 2992 1250 3062 ψαλμῷ
1291 2994 1323 3063 ή
1356 2994 1494 3063 αὑτὴ
1538 2992 1872 3064 κληρονομία

306 3081 557 3154 ἐδηλοῦτο
583 3085 723 3138 κατὰ
751 3084 812 3137 τὸ
836 3125 850 3148 ,
889 3103 907 3138 1
945 3084 1146 3155 Κύριος
1179 3087 1211 3156 ή
1270 3086 1424 3156 μερὶς
1471 3085 1569 3156 τῆς
1615 3087 1871 3157 κληρονο-

308 3177 436 3247 μίας
468 3195 566 3249 μου
600 3179 692 3231 καὶ
719 3177 813 3231 τοῦ
840 3179 1095 3250 ποτηρίου
1125 3197 1244 3249 μου,
1275 3179 1337 3232 σὺ
1371 3174 1422 3231 εἶ
1442 3180 1470 3230 6
1493 3178 1873 3236 άποκαθιστῶν

303 3271 401 3342 τὴν
445 3272 804 3344 κληρονομίαν
841 3290 939 3343 μου
984 3275 1124 3344 ἐμοί.
1167 3273 1274 3327 Kal.
1321 3274 1429 3346 γὰρ
1461 3276 1494 3343 ή
1542 3274 1872 3346 κληρονομία

308 3380 409 3433 μου
436 3366 700 3434 κρατίστη
737 3365 825 3435 μοί
854 3367 1020 3420 ἐστιν.
1072 3385 1089 3416 1

379 3475 399 3508 1
450 3456 686 3527 Ἡμέρας
715 3457 798 3525 ἐφ’
829 3457 1038 3528 ἡμέρας
1071 3457 1332 3526 βασιλέως
1383 3458 1712 3530 προσθήσεις
1733 3476 1746 3488 ·
1800 3459 1871 3512 τὰ

304 3546 398 3617 ἐτη
432 3545 596 3599 αὐτοῦ
635 3546 738 3608 ἓως
765 3543 974 3617 ἡμέρας
1001 3547 1190 3612 γενεᾶς
1220 3547 1310 3598 καὶ¹
1339 3549 1532 3614 γενεᾶς
1559 3547 1726 3600 αὑτοῦ
1755 3547 1870 3600 δια-

308 3641 458 3708 μενεῖ
489 3639 568 3701 εἰς
609 3637 700 3690 τὸν
729 3637 896 3690 αἰῶνα
942 3635 1168 3690 ἐνώπιον
1200 3636 1291 3689 106
1335 3636 1490 3690 Θεοῦ.
1541 3639 1726 3700 Ἔλεος
1777 3641 1869 3693 καὶ

304 3729 560 3801 ἀλήθειαν
597 3728 680 3793 τίς
730 3728 1019 3801 ἐκζητήσει
1045 3729 1244 3794 αὑτοῦ;
1291 3749 1308 3780 ι
1351 3729 1652 3801 Προειπὼν,
1685 3749 1702 3780 1
1747 3732 1868 3785 Ὅτι

307 3825 393 3888 σὺ,
421 3824 449 3875 6
478 3821 627 3890 Θεὸς,
652 3822 970 3894 είσήκουσας
1002 3820 1109 3874 τῶν
1134 3821 1304 3892 εὐχῶν
1338 3839 1438 3892 μου
1461 3863 1475 3887 ,
1508 3842 1525 3872 1
1560 3821 1680 3875 καθ’
1708 3822 1872 3894 ὑπερ-

305 3915 467 3970 ϐατὸν
520 3914 721 3985 συνῆψε
751 3915 844 3978 τὸ,
892 3933 908 3965 ι
950 3915 1189 3986 Ἡμέρας
1223 3917 1306 3983 ἐφ’
1345 3913 1559 3986 ἡμέρας
1605 3911 1867 3983 βασιλέως

304 4007 649 4080 προσθήσεις.
679 4025 697 4059 1
722 4007 1050 4062 Είσάκουσον
1071 4008 1200 4079 γάρ,
1237 4009 1388 4078 φησὶ,
1421 4007 1530 4059 τῶν
1551 4006 1722 4076 εὐχῶν
1745 4023 1866 4078 μου,

305 4101 517 4171 ἡμέρας
559 4101 644 4170 ἐφ’
684 4100 898 4172 ἡμέρας
941 4117 1030 4171 μοι
1074 4100 1436 4171 προσέθηκας.
1474 4098 1571 4152 Διὰ
1613 4097 1779 4170 μέσου
1813 4096 1870 4150 δέ

305 4193 566 4266 ἐνεϐλήθη
596 4196 630 4266 ἡ
653 4194 782 4266 περὶ
800 4192 908 4246 τῶν
948 4192 1293 4263 φοὸουμένων
1327 4193 1389 4245 τὸ
1425 4192 1594 4262 ὄνομα
1622 4189 1721 4246 ’τοῦ
1757 4191 1870 4245 Ku-

308 4286 424 4357 ρίου
455 4287 642 4356 μνήμη
663 4302 676 4314 ο
713 4285 897 4355 ἐπειδὴ
923 4286 1016 4337 καὶ
1048 4285 1228 4346 αὐτοῖς
1254 4284 1586 4356 ἐπήγγελται
1615 4283 1713 4352 τὴν
1740 4283 1870 4355 κλη-

308 4375 562 4450 ρονομίαν
582 4377 615 4446 ή
639 4376 959 4448 προφητεία.
981 4371 1090 4428 Ἦν
1110 4376 1215 4446 δέή
1238 4376 1571 4450 κληρονομία
1597 4379 1630 4448 ή
1655 4377 1871 4440 αὶώνιος

306 4471 449 4541 ζωὴ,
483 4469 550 4541 ἥν
588 4471 618 4522 6
646 4470 802 4539 λόγος
838 4468 1090 4541 σημαίνει
1135 4469 1357 4538 φάσκων
1379 4487 1392 4500 ·
1437 4489 1456 4522 ι
1501 4470 1744 4543 Ἡμέρας
1785 4468 1870 4539 ἐφ’

304 4562 516 4633 ἡμέρας
548 4559 806 4631 βασιλέως
828 4560 1171 4631 προσθήσεις.
1210 4581 1228 4612 1
1257 4562 1483 4630 Μεγάλα
1511 4564 1686 4615 τοίνυν
1712 4563 1866 4627 εὐξα-

1900 3304 1941 3364 C

1977 695 2180 766 Spiritu
2214 707 2305 751 tuo
2363 698 2690 762 illustratus,
2728 717 2836 754 non
2887 701 3016 756 mihi
3067 699 3189 764 soii,
3223 704 3319 759 sed
3373 705 3537 762 etiam

1974 789 2228 842 omnibus
2254 789 2573 845 timentibus
2599 807 2797 847 nomen
2831 801 3007 856 tuum,
3037 799 3092 846 te
3122 792 3343 863 dignum
3374 795 3538 860 timo-

1974 894 2032 932 re
2081 888 2173 931 tuo
2225 880 2459 934 fructum
2496 882 2750 937 daturum
2781 900 2924 946 esse,
2961 885 3172 940 scilicet
3217 901 3336 940 eam
3371 901 3537 957 quam

1974 969 2244 1035 pollicitus
2289 970 2421 1039 ipsis
2444 987 2523 1032 es,
2563 972 2952 1027 haareditatem.
2984 973 3117 1027 Cum
3155 982 3332 1028 autem
3361 963 3540 1031 iudiS~

1974 1047 2301 1113 criminatim
2349 1060 2586 1128 dixerit,
2635 1083 2652 1114 1
2692 1065 3012 1118 timentibus
3047 1079 3242 1118 nomen
3295 1075 3468 1128 tuum,
3510 1084 3529 1116 1

1975 1154 2026 1206 in
2055 1169 2242 1207 omnes
2272 1154 2520 1218 homines
2572 1157 2800 1224 gratiam
2848 1157 3109 1211 extendit.
3155 1155 3336 1226 Neque
3388 1157 3532 1210 enim

1974 1246 2183 1313 lsraeli,
2239 1262 2415 1315 neque
2461 1246 2687 1302 Judaico
2741 1250 2940 1319 populo
2989 1256 3199 1302 tantum
3252 1247 3538 1304 haeredita-

1972 1345 2080 1391 tem
2133 1339 2407 1407 pollicitus
2446 1348 2560 1405 est,
2597 1341 2688 1394 sed
2719 1341 2881 1394 etiam
2934 1337 3189 1397 omnibus
3217 1335 3536 1396 timentibus

1973 1445 2170 1483 nomen
2202 1447 2382 1484 suum.
2424 1450 2442 1482 1
2481 1429 2666 1486 Judzeo
2694 1432 2948 1500 primum,
2981 1451 3000 1482 1
3025 1432 3200 1502 inquit
3221 1431 3532 1504 Apostolus,

1981 1541 1998 1571 1
2036 1529 2085 1575 et
2132 1519 2408 1576 Graaco“.
2446 1542 2463 1574 1
2498 1521 2613 1576 Jam
2669 1524 2987 1592 plerumque
3026 1525 3452 1578 demonstratum
3500 1536 3534 1576 ι

1973 1613 2131 1665 nobis
2177 1622 2277 1677 est,
2319 1611 2655 1682 Scripturam
2691 1629 2897 1689 _omnes
2930 1615 3023 1683 qui
3081 1630 3146 1669 ex
3176 1614 3425 1683 genibus
3464 1613 3533 1670 ad

1977 1700 2141 1755 Deum
2177 1703 2463 1768 accedunt,
2487 1681 2741 1758 timentés
2775 1685 3064 1757 Dominum
3096 1719 3288 1759 vocare
3336 1705 3530 1759 solere.

1973 1784 2067 1840 His
2097 1788 2280 1854 itaque
2313 1789 2468 1856 ipsis,
2502 1789 2597 1852 ait,
2624 1787 2825 1842 dedisti
2846 1789 3214 1843 hatreditatem
3237 1809 3249 1843 ε
3274 1790 3486 1859 qualem
3513 1829 3530 1853 ,

1972 1891 2080 1929 non
2142 1877 2417 1947 explicat,
2477 1879 2571 1932 sed
2638 1876 3020 1947 inquirendum
3071 1879 3228 1935 nobis
3290 1881 3530 1949 reliquit.

1976 1965 2158 2021 Israeli
2188 1968 2370 2037 itaque
2406 1975 2607 2023 terram
2637 1968 2901 2023 "ﬂuentem
2938 1971 3044 2024 mel
3078 1980 3130 2025 et
3160 1972 3242 2024 lac
3266 1988 3361 2042 per
3385 1971 3533 2044 Moy-

1975 2074 2071 2113 sen
2116 2059 2395 2128 promisit;
2427 2058 2745 2116 timentibus
2774 2069 2953 2115 autem
2979 2077 3140 2131 quam
3177 2062 3266 2117 det
3302 2064 3535 2120 haeredi-

1976 2141 2159 2215 tatem,
2193 2151 2545 2220 quaarendum
2575 2153 2815 2224 reliquit.
2841 2156 2971 2209 Eam
3002 2147 3128 2210 vero
3151 2155 3206 2210 in
3235 2155 3536 2214 Salvatoril

1975 2244 2147 2298 nostri
2165 2243 2593 2301 beatitudinibus
2611 2246 3000 2316 deprehendas,
3016 2249 3106 2303 ubi
3121 2249 3320 2303 dicitur
3339 2268 3352 2303 :
3371 2269 3388 2302 1
3409 2249 3541 2305 Bea-

1975 2337 2014 2389 ti
2049 2351 2315 2405 pauperes
2346 2338 2561 2406 spiritu,
2587 2339 2846 2409 quoniam
2876 2342 3118 2410 ipsorum
3173 2348 3256 2397 est
3310 2357 3536 2413 regnum

1973 2429 2237 2482 caelorum
2261 2429 2304 2459 ⁸⁷
2329 2444 2345 2495 ;
2373 2449 2390 2479 1
2427 2445 2490 2484 ac
2525 2446 2742 2484 rursum
2780 2430 3077 2487 Salvatoris
3104 2433 3275 2487 nostri
3302 2433 3537 2503 promis-

1973 2535 2091 2574 sum
2115 2519 2303 2583 habes,
2340 2536 2448 2590 quo
2472 2522 2548 2575 ait
2581 2541 2594 2576 :
2631 2541 2649 2574 1
2688 2519 2755 2576 Et
2778 2524 2832 2577 in
2858 2525 2960 2578 hoc
2988 2525 3186 2580 saeculo
3217 2527 3386 2580 multo
3417 2527 3537 2595 plu-

1972 2626 2032 2664 ra
2055 2610 2299 2679 recipiet,
2328 2619 2382 2665 et
2433 2611 2486 2666 in
2538 2613 2721 2667 futuro
2770 2615 2936 2667 vitam
2979 2623 3234 2670 aeternam
3288 2615 3536 2684 posside-

1971 2699 2050 2755 bit
2077 2699 2144 2751 ⁸³.
2187 2717 2204 2749 1
2240 2698 2415 2768 Hujus
2441 2699 2774 2756 hmreditatis
2847 2717 3014 2756 causa
3047 2704 3271 2772 quintus
3291 2704 3535 2773 psalmus

1973 2789 2271 2859 inscriptus
2303 2798 2387 2845 est
2417 2809 2429 2843 :
2472 2810 2490 2841 1
2541 2791 2596 2844 ln
2633 2791 2813 2855 linem,
2845 2807 2943 2861 pro
2990 2807 3052 2847 ea
3096 2808 3216 2862 quae
3248 2793 3536 2849 haeredita-

1971 2887 2079 2935 tem
2112 2881 2348 2950 accipit;
2385 2899 2404 2930 1
2431 2888 2485 2934 et
2516 2881 2572 2934 in
2621 2880 2832 2934 decimo
2876 2881 3068 2949 quinto
3103 2882 3316 2950 psalmo
3345 2883 3536 2939 eadem

1972 2975 2090 3045 ipsa
2125 2974 2413 3029 hereditas
2460 2972 2770 3027 declaratur
2809 2973 2929 3028 hoc
2981 2973 3170 3028 dicto:
3217 2993 3236 3025 1
3276 2973 3536 3030 Dominus

1972 3083 2100 3139 pars
2128 3067 2459 3122 hereditatis
2501 3081 2632 3121 mea:
2672 3074 2725 3120 et
2758 3067 2943 3122 calicis
2964 3069 3067 3122 mei
3103 3085 3116 3122 :
3149 3076 3205 3122 tu
3233 3082 3292 3122 es
3319 3067 3414 3138 qui
3444 3081 3534 3120 re-

1975 3164 2170 3218 stitues
2205 3161 2568 3216 haereditatem
2610 3175 2786 3214 meam
2820 3160 2973 3214 mibi.
3001 3159 3213 3227 Etenim
3245 3160 3534 3219 hereditas

1973 3272 2093 3311 mea
2120 3256 2384 3323 praclara
2409 3260 2493 3308 est
2526 3252 2660 3306 mihi
2690 3252 2755 3305 δ’.
2802 3271 2821 3303 1

2040 3447 2204 3503 Vens.
2237 3447 2286 3511 7,
2313 3445 2367 3500 8.
2395 3463 2413 3495 1
2450 3442 2573 3498 Dies
2613 3458 2776 3513 super
2799 3441 2915 3496 dies
2944 3441 3088 3510 regis
3116 3441 3363 3511 adjicies,
3408 3443 3536 3497 anni

1971 3542 2090 3612 ejus
2125 3556 2297 3610 usque
2351 3540 2407 3593 in
2455 3537 2598 3591 diem
2650 3534 3015 3606 generationis
3052 3541 3106 3588 et
3169 3533 3538 3603 generationis

1971 3635 2090 3700 ejus
2129 3629 2524 3701 permanebunt
2564 3628 2617 3680 in
2674 3634 2936 3681 aeternum
2971 3626 3026 3678 in
3077 3632 3376 3693 conspectu
3416 3622 3532 3676 Dei.

1972 3723 2400 3779 Misericordiam
2436 3728 2491 3776 et
2538 3719 2820 3774 veritatem
2855 3718 2974 3785 ejus
3020 3715 3143 3786 quis
3190 3714 3477 3785 requiret?
3510 3735 3532 3767 1

1969 3815 2104 3870 Cum
2141 3823 2298 3869 antea
2337 3813 2587 3873 dixisset,
2624 3829 2643 3862 1
2686 3809 2956 3875 Quoniam
3010 3815 3100 3871 tu,
3152 3808 3315 3871 Deus,
3368 3820 3536 3862 exau-

1971 3905 2096 3960 disti
2124 3907 2399 3960 orationes
2430 3919 2602 3967 meas,
2634 3921 2652 3954 1
2688 3904 2789 3972 per
2809 3900 3304 3971 transgressionem
3338 3900 3538 3969 adjecit

1972 3995 2128 4059 illud,
2176 4014 2197 4048 1
2239 3993 2366 4049 Dies
2410 3981 2576 4062 super
2620 3989 2736 4045 dies
2783 3990 2928 4061 regis
2964 3988 3210 4058 adjicies.
3251 4007 3270 4041 1
3303 3986 3536 4051 Exaudi.

1949 4079 2168 4160 'inquit,
2203 4089 2483 4144 orationes
2532 4102 2706 4151 meas,
2757 4086 2874 4141 dies
2919 4098 3083 4154 super
3129 4084 3243 4140 dies
3271 4083 3400 4138 mihi
3446 4083 3540 4139 ad-

1967 4181 2149 4253 jecisti
2182 4201 2197 4250 ;
2237 4181 2290 4235 in
2325 4180 2506 4236 medio
2551 4188 2730 4236 autem
2765 4177 3085 4247 interposita
3117 4185 3203 4232 est
3227 4174 3535 4230 timentium

1971 4291 2169 4331 nomen
2223 4274 2435 4330 Domini
2486 4275 2712 4340 mentio,
2747 4274 2876 4346 quia
2909 4271 3190 4343 prOpbetia
3235 4269 3370 4338 ipsis
3399 4282 3538 4337 quo-

1972 4387 2079 4442 que
2106 4369 2478 4425 haereditatem
2528 4367 2800 4439 promisit.
2857 4364 3156 4420 Haereditas
3209 4369 3390 4415 autem
3440 4360 3534 4417 illa

1972 4467 2173 4515 aeterna
2209 4459 2318 4512 vita
2350 4465 2486 4519 erat,
2521 4469 2641 4527 quae
2661 4455 2747 4510 his
2779 4451 3139 4524 signiﬁcatur,
3168 4464 3188 4498 1
3216 4444 3342 4524 Dies
3369 4458 3536 4516 super

1974 4555 2092 4608 dies
2124 4552 2267 4622 regis
2301 4549 2545 4619 adjicies.
2581 4567 2599 4599 1
2637 4546 2828 4616 Magna
2857 4545 3040 4613 itaque
3088 4537 3384 4610 postulanti
3418 4537 3533 4609 regi

309 4652 456 4722 μένῳ
485 4650 562 4721 τῷ
592 4648 797 4721 βασιλεῖ
838 4648 998 4702 Δαυῗδ
1030 4650 1359 4722 ἐπήγγελται
1408 4653 1437 4704 6
1471 4651 1600 4712 Θεὸς
1645 4651 1732 4703 διὰ
1773 4650 1876 4710 τοῦ,
1902 4665 1946 4720 ι)
1978 4647 2047 4700 Da

1797 4650 1876 4710 τοῦ,
1902 4665 1946 4720 ι)
1978 4645 2190 4709 Davidi,
2226 4644 2518 4716 pollicetur.
2545 4639 2687 4694 Deus
2734 4652 2832 4708 per
2871 4635 3131 4706 Spiritum
3166 4638 3441 4722 sanctum,
3472 4645 3535 4722 se

305 4739 618 4815 Πνεύματος
645 4739 855 4812 ἡμέρας
887 4741 971 4812 ἐφ]
1001 4741 1215 4812 ἡμέρας
1259 4741 1614 4813 προσθήσειν,
1656 4740 1749 4794 καὶ
1800 4741 1868 4795 τὰ

305 4835 399 4907 ἐτη
428 4833 593 4891 αὐτοῦ
634 4835 740 4898 ἓως
781 4832 994 4906 ἡμέρας
1041 4835 1232 4903 γενεᾶς
1269 4834 1363 4888 καὶ
1387 4835 1595 4904 γενεᾶς.
1651 4833 1868 4903 Ταύτην

305 4930 414 4999 γάρ
446 4927 594 5002 αὐτῷ
612 4927 708 5000 τὴν
743 4925 1104 4999 κληρονομίαν
1130 4924 1488 4996 ἐπηγγείλατο
1507 4943 1518 4953 ·
1554 4926 1582 4979 6
1600 4924 1663 4996 δή
1695 4927 1787 4979 καὶ
1811 4929 1869 4980 ἐν

303 5019 383 5090 τῷ
413 5025 460 5072 κ’
479 5018 729 5090 δηλοῦται
751 5016 970 5089 ψαλμῷ,
998 5019 1055 5071 ἐν
1076 5011 1121 5086 ᾧ
1148 5018 1358 5089 εἴρηται
1380 5033 1394 5046 ο
1435 5035 1456 5067 1
1492 5015 1684 5092 Κύριε,
1717 5018 1773 5070 ἐν
1799 5021 1866 5089 τῇ

304 5111 530 5183 δυνάμει
561 5127 654 5165 σου
683 5111 1111 5182 εὐφρανθήσεται
1157 5111 1185 5164 6
1224 5107 1492 5180 βασιλεύς.
1529 5106 1638 5178 Τὴν
1684 5107 1871 5161 ἐπιθυ-

311 5202 437 5273 μίαν
463 5201 562 5272 τῆς
593 5200 819 5272 καρδίας
850 5199 1011 5254 αὐτοῦ
1053 5199 1258 5264 ἔδωκας
1295 5196 1443 5268 αὐτῷ
1463 5212 1479 5227 ⁶
1513 5213 1534 5248 ι
1581 5195 1672 5248 καὶ
1701 5194 1829 5267 ἑξῆς
1850 5215 1868 5228 “

313 5313 332 5345 1
370 5291 522 5363 Ζωὴν
569 5293 808 5362 ᾐτήσατο
861 5308 941 5358 σε,
978 5291 1070 5345 καὶ
1121 5291 1326 5352 ἔδωκας
1374 5285 1522 5358 αὐτῷ
1556 5289 1870 5358 μακρότητα

307 5383 529 5458 ἡμερῶν
558 5384 634 5446 είς
660 5383 831 5438 αἰῶνα
845 5384 938 5437 καὶ
961 5384 1040 5446 είς
1056 5382 1224 5436 αἰῶνα
1237 5380 1447 5443 αἰῶνος.
1469 5397 1489 5430 1
1521 5377 1735 5459 Ἐπειδὴ
1762 5380 1871 5452 γὰρ

308 5459 1092 5549 τῶνόύρανίων’ὁριγνώμενος
1113 5514 1126 5537 ,
1161 5475 1254 5527 καὶ
1287 5471 1400 5526 τῶν
1429 5471 1576 5542 παρά
1624 5471 1705 5524 σοὶ
1737 5473 1871 5541 ἀγα-

267 5607 271 5611 ς
310 5570 417 5624 θῶν
455 5568 816 5653 ἐπιθυμήσας,
849 5565 1069 5638 ηὕξατοο
1102 5566 1426 5636 είσήκουσας
1456 5562 1620 5653 αὐτού
1645 5603 1659 5625 ,
1703 5566 1869 5635 φησὶ,

309 5663 403 5718 καὶ
432 5652 772 5723 εἰσακούσας,
813 5677 832 5710 1
859 5659 958 5730 τὴν
994 5654 1284 5726 ἐπιθυμίαν
1321 5655 1418 5725 τῆς
1449 5652 1674 5724 καρδίας
1707 5653 1871 5709 αὑτοῦ

1976 4737 2095 4792 dies
2125 4749 2288 4803 super
2329 4731 2444 4784 dies
2479 4728 2582 4799 ipsi
2623 4728 2982 4797 adjecturum,
3017 4733 3071 4779 et
3105 4737 3279 4777 annos
3327 4720 3447 4790 ejus
3477 4720 3580 4774 ius

1975 4829 2116 4884 diem
2151 4815 2515 4896 generationis
2543 4827 2597 4874 et
2629 4816 3017 4890 generationis.
3060 4814 3212 4869 Hanc
3256 4812 3396 4868 enim
3429 4809 3534 4879 ipsi

1974 4917 2227 4990 promisit
2274 4912 2681 4968 hereditatem:
2717 4909 2864 4981 quod
2892 4916 2946 4965 et
2980 4908 3035 4962 in
3064 4922 3134 4960 xx
3193 4905 3404 4974 psalmo
3439 4900 3534 4954 11e-

1975 5012 2218 5067 claratur
2249 5007 2336 5062 bis
2367 5004 2589 5060 verbis:
2627 5022 2646 5055 1
2692 5001 2936 5063 Domine,
2978 5001 3034 5054 in
3075 4998 3274 5051 virtute
3319 5001 3412 5049 tua
3441 4992 3533 5068 iae-

1974 5103 2181 5161 tabitur
2201 5113 2317 5154 rex.
2352 5096 2689 5152 Desiderium
2715 5093 2897 5151 cordis
2917 5092 3039 5161 ejus
3059 5086 3297 5144 tribuisti
3324 5085 3374 5140 ei
3396 5083 3476 5151 ”;
3501 5103 3524 5136 1
3586 5104 3591 5135 -.

1976 5202 2029 5251 et
2058 5199 2244 5266 postea
2273 5210 2286 5245 :
2326 5209 2346 5241 1
2383 5186 2561 5244 Vitam
2591 5189 2746 5259 petiit
2767 5200 2802 5266 ra
2832 5193 2908 5249 te,
2951 5191 3005 5239 et
3037 5178 3275 5235 tribuisti
3323 5177 3373 5233 ei
3405 5177 3533 5231 ton».

1974 5265 2272 5358 gitudinem
2303 5281 2512 5337 dierum
2552 5281 2608 5335 in
2655 5265 2912 5336 mulum
2947 5282 3000 5329 et
3041 5273 3096 5326 in
3128 5269 3387 5325 saculum
3432 5283 3532 5323 ειε-

1970 5375 2179 5433 culi".
2227 5393 2248 5425 1
2307 5372 2446 5440 Quia
2507 5373 2650 5427 enim
2706 5368 3009 5425 calestium
3057 5362 3420 5434 percupidus,
3477 5367 3534 5413 et

1971 5469 2113 5523 bona
2145 5479 2266 5536 quae
2311 5480 2484 5535 penes
2532 5471 2586 5518 te
2632 5470 2760 5518 sunt
2789 5458 3241 5527 ~concupiscens,
3279 5463 3532 5535 precatus

1972 5568 2097 5626 est;
2146 5559 2416 5614 exaudisti
2469 5571 2612 5620 eum,
2663 5552 2860 5623 inquit,
2907 5560 2962 5604 et
3017 5565 3140 5604 cum
3192 5549 3530 5612 exaudisses.

1981 5673 1999 5704 1
2038 5651 2366 5708 desiderium
2394 5650 2576 5705 cordis
2607 5648 2726 5716 ejus
2770 5644 3009 5699 tribuisti
3055 5645 3128 5706 ei,
3161 5650 3215 5697 et
3255 5640 3533 5696 voluntate

310 5756 511 5819 ῑδωκας
537 5753 702 5825 αὐτῷ,
733 5753 825 5806 καὶ
844 5749 941 5823 τὴν
970 5747 1186 5819 θέλησιν
1204 5746 1312 5799 τῶν
1331 5745 1550 5817 χειλέων
1586 5744 1748 5800 αὑτοῦ
1774 5747 1876 5801 οὐκ
1974 5745 2048 5800 lai

1795 5747 1876 5801 νύκ
1974 5745 2240 5800 iabiorum
2272 5743 2391 5813 ejus
2424 5758 2533 5796 non
2562 5737 2826 5794 fraudasti
2855 5751 2998 5792 eum.
3045 5757 3064 5789 1
3107 5735 3236 5801 Qua:
3268 5732 3357 5786 illa
3400 5746 3533 5786 con-

380 5936 429 5970 “
467 5922 626 5993 Rom.
662 5953 718 6004 ιι,
763 5936 848 5992 10.
924 5937 964 5968 ⁵⁷
1009 5933 1193 5990 Malui.
1233 5949 1282 5997 ς,
1315 5930 1366 5986 3.
1444 5929 1488 5962 “
1528 5925 1733 5986 Hattha
1755 5945 1842 5984 xu
1867 5971 1881 5996 ,
1912 5926 1998 5983 29.
2077 5925 2118 5958 ⁸³

1794 5945 1842 5984 ιτ
1867 5971 1881 5996 ,
1912 5926 1998 5983 29.
2077 5925 2120 5958 δ’
2160 5924 2303 5981 Psal.
2340 5939 2428 5989 xv,
2460 5921 2513 5989 5,
2554 5919 2608 5978 θ.
2681 5917 2732 5953 ⁸⁸
2765 5914 3051 5983 Hahn,
3082 5915 3135 5970 2.
3214 5913 3257 5948 ⁸⁸
3298 5912 3431 5971 ibid.
3467 5908 3531 5976 ε.
