4402 6414
865 484 971 542 res
1214 458 1225 485 ’
1564 478 1827 535 susum
1865 473 2346 533 casmmsrs
2377 470 2526 527 opp.
2560 473 2603 527 pl

1634 478 1827 535 ZSEDII
1865 473 2346 533 CAZSARIENSIS
2377 470 2526 527 DPP.
2560 472 2741 529 PARS
2766 474 2858 529 Ill.
2880 473 3372 531 -—EXEGETICA.

3983 479 4095 536 εει

863 602 1196 673 cupisccntia
1225 602 1373 672 ejus,
1392 614 1512 670 qnzc
1542 600 1732 670 petitio
1761 598 2027 653 Iabiorum
2056 597 2175 667 ejus
2198 596 2288 658 sit,
2322 593 2424 649 sub
2451 597 2497 653 Α
2525 594 2601 645 ἐστ

2347 593 2424 649 .ub
2451 597 2497 653 Α
2525 594 2825 665 ἐστέρησας
2851 594 3027 648 αὐτόν.
3072 615 3091 646 ι
3130 596 3230 658 Τίςτ
3256 596 3311 649 δὲ
3338 592 3405 665 ἦν
3432 599 3463 665 ή
3492 596 3755 669 ἐπιθυμία
3789 600 3973 663 αὐτοῦ,
3992 602 4085 654 καὶ¹

866 695 981 750 haec
1013 694 1167 749 docet
1194 692 1277 749 his
1312 693 1534 747 verbis:
1574 709 1592 742 ι
1645 690 1819 745 Vitam
1857 690 2012 759 petiit
2049 703 2080 741 a
2126 695 2203 750 te,
2235 694 2290 742 et
2317 685 2421 739 tri-

862 784 1031 841 buisti
1088 784 1135 839 ei
1184 782 1574 853 longitudinem
1622 779 1831 835 dierum
1882 781 1937 832 in
1974 779 2232 835 saeculum
2281 785 2335 832 et
2366 778 2422 831 in

868 875 1123 932 motuum
1158 875 1364 929 saeculi.
1398 893 1417 925 ι
1456 870 1511 925 In
1540 872 1793 941 praesenti
1836 871 2002 941 igitur
2042 870 2230 927 eodem
2261 868 2425 923 modo

866 978 1117 1040 precatus
1148 965 1317 1020 David
1346 973 1449 1024 est.
1480 972 1533 1018 et
1575 970 1763 1033 preces
1791 962 1910 1031 ejus
1947 962 2212 1017 exaudita:
2251 968 2377 1014 sunt
2406 980 2418 1013 :

864 1058 1151 1114 exauditus
1179 1059 1319 1111 hanc
1348 1062 1677 1110 consecutus
1710 1060 1793 1109 est
1827 1053 2275 1124 promissionem,
2318 1041 2422 1119 qn'a

866 1153 1103 1209 dicitur:
1147 1171 1165 1204 ι
1217 1151 1345 1205 Dies
1392 1164 1556 1220 super
1606 1149 1722 1203 dies
1774 1149 1915 1217 regis
1962 1147 2209 1215 adjicies,
2252 1160 2423 1198 annos

868 1248 988 1317 ejus
1020 1260 1192 1315 usque
1224 1243 1279 1297 in
1315 1242 1457 1297 diem
1484 1241 1847 1312 generationis
1870 1250 1921 1294 et
1942 1239 2309 1307 generationis
2338 1255 2351 1296 :
2401 1258 2418 1288 ι

864 1341 1005 1411 sive,
1042 1334 1343 1393 secundum
1376 1335 1785 1407 Symmachum,
1824 1350 1841 1382 ι
1888 1332 2005 1385 dies
2050 1330 2243 1383 diebus
2281 1331 2425 1400 regis

864 1429 1113 1499 adjicics,
1147 1442 1320 1482 annos
1367 1427 1487 1494 ejus
1527 1426 1579 1479 in
1632 1433 1892 1493 quantum
1924 1412 2199 1493 generatio
2243 1428 2298 1475 et
2334 1436 2426 1490 ge-

865 1518 1119 1573 neratio:
1168 1516 1438 1571 habitabit
1472 1515 1527 1569 in
1566 1524 1829 1568 internum
1862 1513 1915 1565 in
1949 1520 2246 1581 conspectu
2277 1510 2370 1565 Dei
2408 1530 2421 1565 :

864 1606 1243 1662 misericordia
1266 1616 1319 1660 et
1344 1606 1542 1660 veritas
1576 1604 1995 1659 circummuniet
2027 1603 2260 1673 ipsum.»
2294 1600 2423 1655 llaec

869 1682 1054 1749 omnia
1104 1696 1437 1766 adipiscetur
1473 1696 1563 1765 qui
1598 1695 1780 1749 dicere
1825 1694 2046 1763 potuit:
2091 1711 2107 1742 ι
2154 1693 2195 1745 Α
2226 1693 2425 1747 finibus

873 1795 1030 1840 terra:
1048 1787 1112 1840 ad
1142 1794 1193 1841 te
1226 1787 1477 1849 clamavi,
1521 1785 1648 1839 dum
1694 1786 2008 1839 anviaretur
2044 1798 2142 1837 cor
2188 1798 2419 1838 meum.)

873 1877 1332 1945 Namhnjnsmodi
1357 1876 1629 1946 profectus
1657 1878 1985 1945 condignum
2015 1874 2246 1929 fructum
2283 1876 2427 1929 acci-

2525 685 2609 747 τίς
2631 684 2664 754 ἡ
2689 685 2899 753 αίτησις
2924 686 3032 738 τῶν
3049 677 3287 756 ’χειλέων
3333 686 3496 740 αὐτοῦ
3517 728 3532 750 ,
3569 689 3804 743 διδάσκει
3832 691 3958 762 ἑξῆς
3997 692 4085 745 λέ-

2528 794 2637 845 γων
2657 794 2668 805 ·
2710 796 2727 828 ι
2765 778 2915 848 Ζωὴν
2942 778 3180 849 ᾑτήσατό
3214 794 3296 843 σε,
3331 780 3424 833 καὶ
3460 780 3668 843 ἔδωκας
3700 778 3848 852 αὐτῷ
3876 783 4085 854 μακρό-

2527 884 2664 939 τητα
2692 868 2909 939 ἡμερῶν
2942 870 3021 931 είς
3058 867 3227 922 αἰῶνα
3252 869 3346 923 καὶ
3372 871 3450 933 εἰς
3484 869 3656 922 αἰῶνα
3688 870 3780 923 τοῦ
3809 872 4022 939 αἰῶνος.
4064 894 4081 924 ι

2529 961 2635 1029 καὶ
2656 962 2746 1013 ἐπὶ
2772 958 2865 1012 τοῦ
2900 960 3161 1031 παρόντος
3206 960 3403 1013 τοίνυν⁵
3428 960 3822 1031 παραπλησίως
3861 963 4088 1027 ⁸ἐκείνοις

2525 1044 2724 1122 ηὔξατο
2747 1052 2929 1115 Δαύῒδ,
2973 1052 3067 1105 καὶ
3090 1052 3383 1121 εὐξάμενος
3430 1052 3752 1123 εἰσηκούσθη
3774 1068 3787 1081 ·
3836 1054 4085 1127 εἰσακου-

2530 1143 2676 1207 σθείς
2698 1161 2754 1197 τε
2778 1144 2982 1215 ταύτης
3005 1144 3159 1212 ἔτυχε
3184 1144 3282 1214 τῆς
3301 1144 3649 1213 ἐπαγγελίας,
3674 1144 3740 1197 δι’
3763 1139 3831 1216 ἧς
3849 1144 4081 1217 εἴρηταιο

2536 1255 2553 1286 ι
2598 1236 2840 1306 Ἡμέρας
2862 1237 2945 1305 ἐφ’
2977 1235 3191 1306 ἡμέρας
3216 1235 3477 1304 βασιλέως
3510 1236 3862 1307 προσθήσεις·
3896 1235 3965 1289 τὰ
3990 1237 4083 1309 ἔτη

2529 1324 2690 1378 αὑτοῦ
2714 1325 2817 1388 ἕως
2840 1326 3051 1396 ἡμέρας
3073 1326 3263 1390 γενεᾶς
3296 1327 3390 1380 καὶ
3416 1328 3633 1393 γενεᾶς·
3670 1347 3689 1379 ι
3724 1328 3782 1397 ἢ,
3816 1327 3955 1381 κατὰ
3995 1329 4087 1382 τὸν

2529 1416 2852 1488 Σύμμαχον·
2907 1435 2925 1467 ι
2977 1415 3215 1487 Ἡμέρας
3260 1420 3379 1481 ταῖς
3413 1418 3641 1489 ἡμέραις
3683 1418 3777 1471 τοῦ
3824 1418 4087 1489 βασιλέως

2530 1508 2873 1579 προσθήσεις,
2907 1507 3002 1577 ἐτη
3034 1506 3217 1569 αὑτοῦ,
3266 1509 3351 1577 ἐφ’
3394 1510 3514 1563 ὅσον
3563 1510 3723 1578 γενεὰ
3751 1510 3843 1564 καὶ
3889 1512 4081 1580 γενεάο

2529 1599 2735 1667 οἰκήσει
2761 1597 2991 1658 αἰωνίως
3014 1595 3318 1666 ἔμπροσθεν
3347 1598 3441 1651 τοῦ
3471 1598 3605 1652 Θεοῦ
3629 1615 3643 1628 ·
3674 1600 3821 1664 ἔλεος
3846 1602 3939 1655 καὶ
3957 1600 4088 1673 ἀλή-

2530 1686 2648 1739 θεια
2677 1685 2997 1756 περιφράξει
3022 1686 3199 1737 αὐτόν.
3246 1705 3264 1738 ι
3302 1686 3516 1741 Τούτων
3549 1688 3605 1741 δὲ
3642 1690 3866 1744 πάντων
3904 1690 4086 1754 τεύξε-

2529 1795 2617 1830 ται
2650 1780 2679 1830 6
2706 1776 2949 1845 δυνηθεὶς
2976 1778 3175 1828 εἰπεῖν’
3206 1795 3224 1827 ι
3267 1776 3397 1843 Ἀπὸ
3418 1778 3525 1847 τῶν
3556 1779 3840 1851 πτερύγων
3861 1782 3958 1852 τῆς
3986 1783 4085 1853 γῆς
4190 1792 4193 1793 ν

2532 1868 2668 1938 πρὸς
2684 1868 2743 1920 σὲ
2763 1867 3036 1938 ἐκέκραξα
3061 1870 3117 1920 ὲν
3144 1867 3521 1939 τῷάκηδιᾶσαι
3541 1869 3637 1941 τὴν
3665 1871 3891 1943 καρδίαν
3926 1890 4046 1944 μου.
4062 1894 4079 1923 ι

875 1973 1005 2042 piel,
1026 1972 1186 2025 vitam
1201 1978 1477 2024 mternam.
1497 1968 1631 2021 Cum
1654 1968 1853 2021 dicitur
1869 1975 2069 2026 autem.
2096 1986 2113 2017 ι
2138 1968 2279 2020 Anni
2307 1968 2425 2035 ejus
2458 1950 2499 2003 Β
2532 1962 2611 2032 Τῆ

2347 1968 2425 2034 ius
2458 1950 2499 2003 Β
2532 1962 2641 2032 Τῆς
2674 1960 2783 2030 γὰρ
2802 1958 3053 2028 τοιαύτης
3083 1959 3359 2030 προκοπῆς
3380 1963 3586 2033 καρπὸν
3624 1963 3841 2029 ἐπάξιον
3861 1965 4085 2037 λήψεται

873 2078 1047 2134 usque
1073 2064 1127 2115 in
1158 2060 1300 2115 diem
1329 2060 1693 2129 generationis
1716 2068 1769 2113 et
1800 2059 2231 2128 generationis,»
2260 2059 2429 2128 signi-

871 2154 1067 2208 ﬁcatur
1114 2150 1370 2205 Davidcm
1410 2167 1516 2205 non
1550 2151 1721 2204 solum
1752 2157 1997 2219 tempore
2021 2150 2141 2204 vitae
2170 2164 2283 2205 sum
2313 2164 2425 2204 mc-

872 2244 1191 2299 niorandum
1223 2258 1363 2305 esse.
1394 2242 1485 2297 sed
1504 2258 1598 2312 per
1616 2243 1858 2312 singulas
1882 2241 2256 2310 generationes
2277 2246 2430 2305 ut"

872 2352 969 2405 per
986 2337 1119 2390 duas
1144 2336 1547 2404 generationes,
1589 2334 1744 2403 queis
1783 2333 2157 2387 subindicatur
2193 2318 2427 2402 populus

874 2441 942 2479 ex
973 2424 1410 2486 circumcisione,
1437 2432 1490 2477 et
1521 2422 1765 2476 Ecclesia
1794 2438 1857 2475 ex
1902 2422 2174 2490 gentibus.
2212 2420 2429 2487 Quanto

875 2512 1043 2581 igitur
1073 2521 1316 2579 tempore
1349 2512 1523 2579 prima
1576 2511 1666 2563 illa
1720 2512 1993 2578 generatio
2040 2510 2254 2588 divinas
2302 2512 2428 2581 legit

877 2606 1207 2675 Scripturas,
1242 2602 1496 2657 Davidem
1529 2604 1584 2656 in
1620 2602 1877 2656 memoria
1915 2603 2151 2668 retinet;
2189 2605 2427 2657 secunda

872 2714 1002 2753 vero
1049 2696 1344 2766 generatio,
1388 2710 1507 2765 quae
1553 2695 1726 2751 electa
1766 2708 1834 2748 ex
1878 2694 2131 2748 omnibus
2178 2696 2428 2763 gentibus

880 2797 985 2853 est,
1018 2790 1265 2843 similiter
1290 2803 1564 2858 nunquam
1600 2787 1759 2842 ﬁnem
1789 2787 1917 2841 facit
1938 2786 2191 2841 Davidem
2226 2802 2429 2841 memo-

878 2882 1052 2943 randi,
1084 2882 1211 2953 quia
1247 2882 1366 2951 ejus
1407 2883 1460 2935 in
1497 2897 1592 2937 ore
1621 2891 1870 2937 versatur
1900 2885 2036 2941 liber
2063 2889 2428 2957 generationis

876 2974 1003 3030 Jesu
1033 2975 1237 3030 Christi
1277 2974 1369 3028 ﬁlii
1402 2973 1587 3028 David.
1622 2975 1677 3029 id
1715 2976 1898 3045 itaque
1940 2979 2314 3035 subindicatur
2344 2980 2428 3036 his

875 3068 1080 3130 verbis,
1119 3084 1138 3117 ι
1182 3066 1323 3120 Anni
1356 3066 1474 3135 ejus
1504 3082 1674 3135 usque
1704 3067 1759 3121 in
1789 3069 1929 3122 diem
1975 3073 2339 3139 generationis
2374 3086 2428 3129 et

879 3156 1267 3227 generationis.
1322 3174 1340 3206 ι
1400 3154 1467 3208 Et
1518 3156 1658 3210 hanc
1705 3158 1920 3227 quidem
1968 3152 2133 3229 penes
2183 3161 2427 3219 homines

877 3247 1288 3303 diuturnitatem
1314 3247 1597 3302 obtinebit.
1623 3248 1777 3318 Apud
1809 3248 1973 3304 Deum
2003 3259 2202 3316 autem,
2230 3253 2422 3323 inquit,

879 3354 1153 3408 nunquam
1193 3339 1429 3409 peribit;
1465 3339 1561 3396 sed
1606 3340 1971 3397 immortalem
2022 3350 2184 3413 atque
2213 3344 2269 3397 in
2308 3346 2430 3398 inii-

877 3427 1053 3481 nitum
1101 3426 1388 3505 durantem
1436 3439 1629 3484 nactus
1671 3431 1859 3494 vitam,
1918 3448 1936 3483 ι
1978 3432 2319 3501 permanebit
2373 3436 2429 3488 in

876 3529 1137 3573 aeternum
1176 3518 1233 3573 in
1264 3527 1561 3589 conspectu
1602 3517 1718 3575 Dei:
1756 3538 1775 3571 ι
1810 3516 2091 3587 Quomodo
2118 3532 2295 3577 autem
2326 3522 2430 3577 du-

878 3628 1000 3667 rare
1031 3611 1207 3681 possit
1234 3618 1288 3665 et
1338 3607 1432 3680 Dei
1482 3610 1604 3665 vitae
1645 3612 1913 3680 coequari
1966 3612 2247 3673 hominum
2301 3612 2428 3678 vita,

879 3700 982 3754 sub
1013 3700 1126 3755 haec
1154 3698 1312 3755 docet
1336 3698 1422 3754 his
1448 3699 1628 3769 verbis
1658 3706 1725 3754 τί
1757 3698 2180 3756 Misericordiam
2210 3712 2266 3758 et
2290 3703 2431 3757 veri-

879 3800 1044 3845 tatem
1074 3791 1333 3862 ejusquis
1365 3791 1651 3863 requiret?
1675 3810 1693 3843 ι
1726 3789 1880 3861 Quod
1904 3794 2144 3863 apertius
2165 3794 2430 3862 interpre-

882 3889 1028 3935 tatus
1077 3881 1435 3952 Symmachus
1492 3889 1577 3937 est
1622 3881 1849 3937 dicens:
1898 3900 1915 3932 ι
1964 3882 2329 3939 Misericordia
2377 3895 2429 3939 ct

880 3972 1084 4026 veritas
1135 3955 1554 4045 circummuniet
1589 3972 1807 4043 ipsum;
1848 3992 1867 4025 ι
1926 3968 2175 4031 similiter
2214 3975 2426 4047 Aquila,

878 4081 908 4129 γε
949 4052 1415 4135 Μίεετὶοὸιτὼςιθι
1462 4064 1664 4141 veritas
1712 4067 2005 4122 servabunt
2034 4080 2177 4121 eum.
2236 4085 2255 4119 ι
2308 4067 2430 4122 Haec

881 4154 1017 4223 ipsis
1048 4148 1474 4217 immortalitatis
1500 4140 1687 4226 causa,
1713 4170 1907 4227 nempe
1934 4155 2027 4211 Dei
2062 4155 2429 4211 misericordia

881 4253 939 4300 et
962 4244 1162 4299 veritas
1188 4262 1201 4298 :
1230 4236 1462 4322 quarum
1484 4258 1711 4322 consors
1738 4241 2023 4318 religiosus
2043 4249 2221 4319 quivis
2246 4248 2427 4319 homo.

879 4325 1042 4404 quasi
1092 4334 1204 4388 sale
1228 4320 1501 4400 conditus,
1534 4334 1591 4388 in
1621 4330 1878 4390 mternam
1910 4336 2073 4389 vitam
2106 4336 2428 4393 servabitur.

881 4424 1066 4498 Neque
1097 4426 1245 4497 enim
1268 4425 1411 4497 quod
1453 4427 1646 4481 similis
1689 4426 1800 4483 Deo
1832 4430 2127 4483 secundum
2178 4430 2431 4484 substan-

883 4516 1015 4569 tiam
1040 4516 1129 4581 sit,
1162 4516 1282 4572 ideo
1311 4517 1560 4579 similiter
1590 4519 1734 4574 vivet
1764 4536 1779 4584 ;
1820 4518 1916 4573 sed
1965 4521 2089 4588 quia
2145 4534 2177 4574 a
2217 4521 2432 4577 miseri-2

880 4604 1071 4660 cordia
1104 4603 1194 4661 Dei
1225 4614 1278 4662 et
1304 4621 1336 4659 a
1356 4602 1595 4683 veritate
1626 4596 1746 4677 ejus
1780 4610 2149 4665 conservatur.

876 4842 879 4847 _
956 4778 1121 4834 Vnus.
1162 4779 1215 4837 9.
1250 4796 1269 4831 ι
1302 4766 1420 4836 ἐἰσ
1452 4778 1720 4853 psalmum
1778 4784 1954 4839 dicam
1984 4785 2189 4840 nomini
2238 4794 2332 4841 tuo
2375 4788 2430 4844 in

884 4872 1144 4953 saxulum
1192 4872 1396 4939 smeuli,
1433 4882 1489 4925 ut
1521 4873 1739 4927 reddam
1794 4884 1916 4928 vota
1962 4890 2079 4930 mea
2127 4876 2194 4930 de
2237 4876 2347 4930 die
2375 4878 2431 4933 in

879 4952 1047 5019 diem.
1087 4982 1106 5016 ι
1138 4964 1260 5020 Haec
1288 4979 1413 5021 cum
1446 4962 1679 5035 Spiritus
1722 4973 1943 5021 sanctus
1991 4966 2207 5025 Davidis
2243 4970 2432 5024 anima:

886 5042 1231 5133 inspirasset,
1264 5056 1420 5128 quasi
1451 5070 1482 5109 a
1510 5056 1771 5125 magistro
1804 5056 1883 5111 sic
1911 5056 2157 5123 edoctus,
2184 5058 2289 5115 ﬁde
2316 5075 2431 5115 ser—

890 5160 1105 5201 monem
1152 5148 1401 5218 obsignat
1443 5146 1557 5201 haec
1588 5146 1927 5201 vociferans:
1969 5165 1989 5198 ι
2045 5144 2137 5205 Sic
2162 5134 2429 5221 psalmum

888 5235 1063 5290 dicam
1114 5238 1319 5291 nomini
1347 5245 1442 5290 tuo
1477 5236 1534 5290 in
1554 5224 1819 5307 salientum
1854 5239 2056 5297 seculi.
2098 5262 2117 5296 ι
2146 5241 2255 5300 Nec
2301 5243 2433 5300 sim-

890 5322 1103 5399 pliciter
1128 5328 1276 5389 ait,,c
1318 5328 1551 5384 Psallam
1578 5329 1782 5405 nomini
1826 5338 1920 5384 tuo
1951 5331 2006 5385 in
2054 5336 2308 5391 saeculum
2339 5350 2433 5390 sa-

892 5413 1021 5475 culi,
1052 5430 1070 5462 ι
1104 5410 1201 5467 sed
1232 5411 1409 5468 addita
1442 5430 1593 5479 voce,
1627 5435 1645 5467 ‹
1684 5408 1792 5471 Sic.
1828 5437 1848 5469 ο
1875 5416 1965 5473 Sic
1992 5422 2300 5489 quomodo?
2325 5423 2433 5479 nisi

895 5513 956 5557 ut
1003 5502 1238 5574 Spiritus
1292 5519 1511 5565 sanctus
1568 5511 1755 5567 docuit
1801 5516 2051 5584 superius
2094 5517 2179 5574 his
2228 5518 2430 5582 verbis,

899 5612 924 5641 ς
960 5595 1323 5652 Misericordia
1368 5606 1422 5652 et
1466 5602 1665 5656 veritas
1702 5603 2116 5663 circummuniet
2161 5590 2358 5679 ipsum.
2407 5629 2427 5664 ι

900 5680 997 5735 Sic
1027 5688 1168 5739 enim
1198 5689 1565 5745 misericordia
1601 5698 1692 5748 tua
1724 5700 1777 5749 et
1798 5698 2029 5753 veritate
2074 5707 2165 5753 tua
2199 5701 2435 5758 circum-

906 5776 1145 5831 munitus
1170 5786 1227 5833 et
1258 5788 1523 5843 servatus,
1568 5784 1793 5850 psallam
1826 5791 2029 5844 nomini
2058 5798 2154 5847 tuo
2180 5792 2234 5847 in
2262 5784 2449 5851 saeue“

909 5863 1017 5916 tum
1046 5863 1246 5918 saeculi.
1275 5863 1499 5922 Conﬁdo
1531 5870 1673 5924 enim
1705 5871 2075 5932 misericordia
2103 5884 2157 5932 et
2207 5876 2433 5931 veritate

2529 2052 2627 2121 τὴν
2657 2049 2869 2117 αἰώνιον
2886 2051 3048 2120 ζωήν.
3080 2050 3305 2103 Φάσκων
3332 2051 3388 2104 δὲ
3408 2054 3436 2103 6
3458 2051 3630 2121 λόγος,
3653 2072 3671 2105 ι
3696 2053 3777 2107 Τὰ
3802 2046 3895 2126 ετη
3922 2055 4084 2108 αὑτοῦ

2532 2141 2631 2203 ἕως
2689 2140 2899 2210 ἡμέρας
2944 2142 3135 2209 γενεᾶς
3166 2141 3257 2193 καὶ
3281 2144 3489 2209 γενεᾶς,
3531 2160 3549 2195 ι
3584 2144 3855 2214 σημαίνει,
3879 2146 3953 2210 ὡς
3981 2146 4086 2219 ἄρα

2533 2230 2679 2283 ἔσται
2709 2234 2737 2283 6
2768 2232 2926 2285 Δαυῖδ
2942 2232 3407 2303 μνημονευόμενος
3428 2232 3487 2285 οὐ
3521 2232 3638 2286 καθ’
3672 2234 3730 2288 ὃν
3761 2238 3918 2306 μόνον
3940 2230 4087 2291 ὲΰίου

2533 2320 2741 2392 χρόνον,
2772 2322 2907 2375 ἀλλὰ
2947 2325 3040 2375 καὶ
3067 2324 3183 2376 καθ’
3212 2323 3447 2395 ἑκάστην
3475 2324 3666 2393 γενεὰν
3686 2365 3700 2389 ,
3729 2326 3760 2395 ἢ
3815 2327 3955 2381 κατὰ
3996 2328 4087 2381 δύο

2533 2411 2681 2475 τινὰς
2707 2412 2925 2480 γενεὰς,
2959 2415 3323 2485 αἰνιττομένου
3356 2415 3448 2468 τοῦ
3488 2416 3644 2484 λόγου
3689 2417 3777 2469 τόν
3805 2434 3865 2469 τε
3897 2418 3961 2472 ὲκ
3993 2436 4087 2471 πε-

2538 2504 2763 2574 ριτομῆς
2812 2504 2937 2558 λαὸν
2970 2505 3063 2558 καί
3094 2506 3191 2577 τὴν
3233 2506 3290 2572 ἐξ
3346 2507 3512 2561 ἐθνῶν
3574 2508 3915 2579 Ἐκκλησίαν.
3974 2510 4085 2579 Ἐφ’

2533 2598 2654 2648 ὅσον
2686 2593 2814 2663 γοῦν
2842 2595 3027 2666 χρόνον
3055 2598 3087 2665 ή
3116 2596 3276 2663 γενεὰ
3296 2599 3329 2667 ή
3355 2597 3542 2671 πρώτη
3571 2601 3683 2662 τοῖς
3716 2598 3876 2663 θείοις
3899 2601 4086 2667 ἐντυγ-

2534 2689 2682 2758 χάνει
2707 2687 3013 2758 γράμμασι,
3044 2689 3196 2759 φέρει
3227 2688 3313 2742 διὰ
3348 2691 3562 2761 μνήμης
3585 2691 3675 2743 τὸν
3699 2692 3860 2744 Δαυῖδ
3881 2709 3895 2721 ·
3923 2693 4017 2746 καὶ
4052 2696 4086 2763 ή

2533 2777 2754 2849 δευτέρα
2804 2777 2859 2829 δὲ
2890 2777 3050 2845 γενεὰ
3089 2780 3121 2847 ή
3161 2779 3255 2849 τῆς
3295 2777 3355 2843 ἐξ
3385 2780 3636 2843 ἁπάντων
3664 2780 3829 2854 ἐθνῶν
3860 2782 4086 2854 ἐκλογῆς

2534 2868 2790 2930 ὡσαύτως
2821 2868 2913 2921 τοῦ
2954 2868 3114 2922 Δαυτδ
3146 2869 3337 2923 οὔποτε
3363 2870 3622 2924 διαλείπει
3650 2852 4084 2945 μνημονεύουσα.

2534 2956 2620 3009 διὰ
2664 2958 2724 3009 τὸ
2756 2958 2937 3027 φέρειν
2990 2958 3091 3011 ἀνὰ
3126 2959 3299 3029 στόμα
3336 2960 3431 3030 τὴν
3475 2960 3653 3029 βίϐλον
3681 2963 3779 3033 τῆς
3823 2964 4088 3033 γενέσεως

2548 3050 2717 3120 Ἰησοῦ
2755 3050 2986 3120 Χριστοῦ
3037 3050 3130 3103 τοῦ
3181 3051 3293 3104 υἱοῦ
3328 3052 3503 3105 Δαυῖδ.
3540 3052 3707 3106 Τοῦτο
3736 3050 3828 3108 οὖν
3872 3058 4086 3127 ᾐνίξατο

2534 3148 2709 3215 φήσας
2730 3146 2760 3197 6
2788 3144 2941 3212 λόγος
2957 3160 2970 3174 ·
2996 3163 3014 3195 ι
3034 3144 3114 3197 Τὰ
3134 3144 3226 3215 ἔτη
3248 3145 3410 3198 αὐτοῦ
3433 3145 3543 3209 ἕως
3557 3146 3765 3217 ἡμέρας
3779 3153 4086 3215 γενεᾶς-καὶ

2531 3239 2741 3305 γενεᾶς.
2768 3256 2787 3288 ι
2824 3238 2929 3290 Καὶ
2956 3238 3012 3289 ὲν
3041 3238 3136 3307 μὲν
3175 3236 3476 3309 ἀνθρώποις
3492 3238 3961 3309 ταύτης’τεύξεται
3989 3245 4084 3315 τῆς

2535 3331 2869 3400 μακρότατος
2888 3346 2901 3359 ο
2932 3330 3081 3399 παρὰ
3106 3330 3161 3382 δὲ
3187 3328 3335 3400 αύτῷ
3371 3329 3447 3400 τῷ
3476 3330 3593 3399 Θεῷ
3627 3330 3818 3410 οὔποτε
3838 3371 3853 3395 ,
3900 3336 4082 3403 φησὶν.

2531 3422 2804 3475 ἀπολεῖται
2824 3436 2837 3451 '
2862 3422 3126 3475 ἀθανάτου
3154 3422 3211 3475 δὲ
3246 3423 3339 3475 καὶ
3370 3425 3452 3485 εἰς
3484 3422 3708 3491 ἄπειρον
3759 3424 4084 3497 διαρκούσης

2532 3514 2676 3583 ζωῆς
2712 3513 2919 3583 τυχὼν,
2961 3534 2979 3564 ι
3017 3514 3260 3584 διαμενεῖ
3304 3516 3383 3577 εἰς
3413 3514 3503 3569 τὸν
3540 3515 3709 3568 αἰῶνα
3737 3515 3963 3572 ἐνώπιον
3990 3518 4083 3572 τοῦ
4183 3508 4189 3513 ’

2529 3604 2683 3656 Θεοῦ.
2726 3624 2744 3655 ι
2783 3604 2906 3667 Πῶς
2936 3604 2991 3656 δὲ
3012 3604 3249 3674 διαρκεῖν
3278 3607 3369 3659 καὶ
3406 3609 3471 3677 τῇ
3508 3606 3601 3661 τοῦ
3630 3606 3766 3661 Θεοῦ
3808 3608 3921 3680 ζωῇ
3952 3627 4086 3680 συμ-

2531 3695 2974 3765 παρεκτείνεσθαι
3006 3695 3288 3766 ἀνθρώπου
3314 3696 3471 3767 φύσις
3498 3699 3583 3750 οἵα
3608 3714 3666 3751 τε
3693 3698 3758 3752 ἂν
3791 3699 3874 3771 εῐη
3897 3741 3911 3763 ,
3945 3700 4086 3754 διδά-

2533 3802 2651 3837 σκει
2677 3784 2800 3854 ἑξῆς
2831 3785 3051 3852 φάσκων
3071 3802 3083 3815 ·
3121 3805 3137 3835 ι
3182 3786 3365 3849 Ἔλεος
3399 3788 3489 3839 καὶ
3520 3778 3773 3858 ἀλήθειαν
3797 3789 3877 3853 τίς
3918 3789 4082 3858 ὲκζη-

2529 3878 2680 3945 τήσει
2709 3873 2904 3938 αύτοῦ;
2931 3893 2949 3924 ι
2978 3875 3151 3945 Ὅπερ
3178 3877 3503 3945 σαφέστερον
3529 3880 3869 3947 ἡρμήνευσεν
3887 3882 3915 3932 6
3942 3881 4085 3951 Σύμο

2533 3984 2701 4038 μαχος
2757 3968 2952 4020 εἰπών’
3020 3983 3039 4017 ι
3097 3967 3282 4029 Ἔλεος
3342 3970 3435 4021 καὶ
3486 3968 3708 4039 ἀλήθεια
3762 3969 4083 4043 περιφράζει

2530 4059 2689 4112 αὐτόν
2714 4072 2727 4088 ⁸
2769 4072 2787 4110 ι
2824 4058 2975 4111 καὶὺ
3008 4056 3235 4121 Ἀκύλας
3273 4060 3505 4129 ὁμοίως,
3540 4080 3558 4111 ι
3599 4060 3790 4124 Ἔλεος
3831 4065 3924 4116 καὶ
3948 4064 4083 4135 άλήο

2531 4149 2649 4201 θεια
2676 4150 3085 4219 διατηρήσουσιν
3108 4150 3289 4203 αὐτόν.
3338 4170 3355 4201 ι
3387 4150 3572 4205 Ταῦτα
3600 4151 3707 4223 γὰρ
3750 4153 3849 4223 τῆς
3885 4154 4085 4208 ἀθανα-
4134 4225 4139 4230 _

2534 4240 2652 4302 σίας
2679 4241 2826 4311 αὐτῷ
2875 4241 3023 4293 ἔσται
3073 4240 3239 4302 αἴτια,
3272 4240 3332 4293 τὸ
3356 4240 3447 4293 τοῦ
3477 4240 3609 4294 Θεοῦ
3642 4242 3788 4306 έλεος
3817 4245 3910 4298 καὶ
3947 4244 4082 4315 άλή-
4182 4260 4197 4279 ⁸

2532 4328 2649 4382 θεια
2666 4346 2680 4359 ’
2704 4322 2777 4381 ὧν
2806 4329 3227 4399 μεταλαμᾱίνων
3256 4332 3363 4395 πᾶς
3389 4332 3416 4382 6
3441 4330 3690 4403 θεοφιλὴς
3714 4372 3729 4396 ,
3764 4333 3951 4407 ῶσπερ
3974 4336 4084 4390 ἀπὸ

2532 4419 2672 4472 ἀλῶν
2704 4418 3010 4489 ωιζόμενος
3034 4458 3049 4483 ,
3084 4420 3480 4492 φυλαχθήσεται
3530 4424 3607 4486 εἰς
3658 4423 3871 4478 αἰώνιον
3915 4424 4079 4496 ζωήν.

2534 4508 2609 4563 Οὐ
2654 4510 2761 4581 γὰρ
2810 4509 2873 4579 δὴ
2923 4510 3124 4578 ὁμοίως
3176 4513 3253 4583 τῷ
3276 4513 3395 4586 Θεῷ
3427 4518 3683 4585 πεφυκὼς
3728 4518 3825 4588 τὴν
3872 4516 4078 4581 οὐσίαν,

2458 4614 2505 4669 ι)
2531 4601 2728 4673 ὁμοίως
2759 4599 2905 4669 αὐτῷ
2933 4599 3171 4671 ζήσεται,
3198 4604 3311 4657 ἀλλ’
3343 4606 3447 4659 ὑπὸ
3484 4606 3575 4660 τοῦ
3610 4607 3789 4670 ὲλέους
3816 4604 3908 4658 τοῦ
3947 4605 4079 4659 Θεοῦ

2531 4696 2623 4749 καὶ
2651 4695 2755 4747 ὑπὸ
2783 4694 2879 4764 τῆς
2910 4691 3159 4761 ἀληθείας
3188 4696 3351 4749 αὐτοῦ
3377 4697 3843 4767 διακρατούμενος.

2602 4784 2838 4847 «Οὕτως
2863 4782 3016 4852 ψαλῶ
3035 4782 3111 4852 τῷ
3128 4784 3355 4855 ὀνόματί
3391 4802 3485 4840 σου
3538 4788 3617 4850 εἰς
3655 4786 3746 4839 τὸν
3784 4784 3954 4839 αἰῶνα
3986 4786 4078 4840 τοῦ

2528 4877 2736 4941 αἰῶνος,
2762 4874 2856 4929 τοῦ
2885 4872 3170 4928 ἀποδοῦναί
3200 4894 3267 4946 με
3304 4878 3399 4941 τὰς
3434 4876 3597 4946 εὐχάς
3637 4894 3738 4945 μου
3781 4876 3989 4951 ἡμέραν
4020 4875 4079 4941 ἐξ

2529 4966 2756 5037 ἡμέρας.
2797 4985 2818 5019 ι
2846 4962 3028 5016 Ταῦτα
3061 4963 3154 5018 τοῦ
3184 4967 3334 5035 ἁγίου
3362 4967 3677 5037 Πνεύματος
3705 4969 3771 5037 τῇ
3801 4966 3894 5019 τοῦ
3920 4966 4079 5020 Δαυῒδ

2531 5054 2908 5130 ὐφηγήσαντος
2941 5055 3108 5128 ψυχῇ,
3140 5058 3323 5128 μαθὼν
3349 5058 3537 5129 ὥσπερ
3569 5058 3717 5129 παρὰ
3758 5057 4078 5113 διδασκάλω

2531 5149 2598 5202 τά
2619 5146 2891 5217 λεχθέντα,
2913 5145 3359 5216 ὲπισφραγίζεται
3381 5150 3447 5217 τῇ
3473 5146 3650 5199 πίστει
3670 5146 3759 5199 τὸν
3780 5146 3932 5215 λόγον
3953 5147 4079 5200 ἀνα-

2531 5238 2720 5304 φωνῶν
2751 5237 2844 5297 καὶ
2866 5235 3067 5304 λέγων·
3105 5255 3123 5287 ι
3166 5237 3319 5290 Οὕτω
3344 5237 3495 5307 ψαλῶ
3526 5237 3601 5307 τῷ
3622 5238 3841 5307 ὀνόματί
3878 5255 3969 5292 σου
3998 5241 4076 5301 εἰς

2530 5327 2623 5380 τδν
2648 5328 2817 5382 αἰῶνα
2840 5327 2933 5381 τοῦ
2957 5326 3149 5391 αἰῶνος
3167 5345 3181 5359 ’
3210 5347 3227 5379 ι
3247 5331 3341 5401 οὐχ
3361 5328 3544 5391 ἁπλῶς
3566 5330 3643 5394 δὲ,
3664 5348 3681 5381 ι
3707 5328 3897 5395 Ψαλῶ,
3918 5328 4072 5398 φησὶ,

2530 5416 2609 5489 τῷ
2632 5420 2852 5490 ὀνόματί
2900 5435 2992 5472 σου
3041 5422 3118 5483 εἰς
3169 5420 3261 5473 τὸν
3288 5420 3457 5474 αἰῶνα
3500 5419 3594 5472 τοῦ
3622 5418 3847 5484 αἰῶνος,
3883 5437 3904 5472 ι
3940 5416 4075 5471 ἀλλὰ

2535 5509 2670 5579 μετὰ
2700 5509 3011 5580 προσθήκης
3042 5508 3164 5578 τῆς,
3203 5528 3221 5560 ι
3258 5509 3429 5563 οὕτω.
3474 5529 3493 5561 ι
3520 5496 3643 5570 Πῶς
3657 5507 3728 5565 ﬁt
3759 5505 3930 5569 οὕτως
3958 5502 4073 5559 ἀλλ’

2532 5601 2607 5664 ὡς
2631 5602 2938 5670 προεδίδαξε
2957 5603 3016 5655 τὸ
3040 5602 3263 5675 Πνεῦμα
3287 5604 3347 5657 τὸ
3390 5602 3540 5671 ἆγιον
3577 5601 3754 5671 φῆσαν
3776 5615 3790 5629 '
3830 5618 3849 5649 ι
3886 5597 4068 5673 Ἕλιος

2534 5690 2626 5743 καὶ
2643 5689 2866 5759 ἀλήθεια
2898 5693 3217 5763 περιφράξει
3241 5692 3420 5746 αὐτόν.
3461 5709 3479 5743 ο
3504 5689 3660 5761 nostri
3696 5684 3807 5757 ,γὰρ
3836 5687 3941 5741 ὕπὸ
3974 5686 4069 5746 τοῦ

2533 5778 2626 5833 σοῦ
2650 5779 2827 5842 Non;
2853 5782 2947 5833 καὶ
2969 5781 3071 5833 ὑπὸ
3101 5782 3195 5851 τῆς
3224 5782 3321 5851 σῆς
3350 5779 3601 5851 ἀληθείας
3642 5772 4068 5849 περίφραττόμι-

2532 5888 2619 5936 νος
2652 5870 2743 5924 καὶ
2769 5869 3199 5942 διατηρούμενος,
3230 5871 3384 5941 ψαλῶ
3412 5868 3493 5940 τῷ
3515 5865 3956 5941 ὀνόματίνσουΐίέ
