4402 6426
925 468 1027 522 587

1634 458 1898 511 EUSEBII
1936 458 2419 514 CALSAIUENSIS
2459 459 2606 514 Ol’l‘.
2639 456 2818 512 PARS
2857 457 2940 511 III.
2983 487 3049 496 -—
3073 454 3486 514 EXEGETICA.

4061 462 4168 518 588

924 581 1229 637 doctrinam
1269 575 1487 631 medela:
1520 584 1883 645 opportunam
1917 576 2212 631 tradidisse
2245 576 2490 642 videtur;
2523 582 2567 637 Α
2595 575 2661 628 αὑ

2432 591 2490 642 r;
2523 582 2567 637 Α
2595 574 2761 644 αὑτῆς
2805 571 3065 642 ἐχομένας
3110 571 3364 634 διανοίας.
3415 572 3471 623 '0
3499 573 3677 626 τοίνυν
3706 573 3866 626 Δαυῖδ
3894 572 4036 628 ἔοικε
4085 576 4165 647 τῷ

925 681 981 725 ιιι
1009 685 1130 726 sese
1161 666 1446 735 reciperet,
1476 672 1528 719 et
1579 680 1607 718 a
1641 664 1799 735 lapsu
1839 673 2141 720 revocaret.
2192 663 2250 718 in
2282 681 2485 719 xxxvm

920 761 1136 832 quidem
1173 759 1349 826 ipsum
1384 757 1726 820 instituebat,
1751 765 1820 822 ,ut
1848 771 1970 812 sese
1997 757 2397 820 cohortaretur,
2426 773 2490 812 ae

919 867 1104 909 secum
1133 847 1407 918 colloquia
1447 849 1700 902 misceret
1736 847 2092 916 diceretque:
2137 865 2154 897 ι
2197 846 2312 899 Dixi
2345 846 2488 900 :Cu-

919 941 1148 997 stodiam
1203 941 1323 994 vias
1369 953 1539 1001 meas,
1574 945 1633 990 ut
1682 953 1792 991 non
1843 937 2156 1007 (lelinquam
2200 939 2253 990 in
2307 939 2487 1007 lingua

917 1049 1058 1087 mea.
1107 1031 1272 1086 Posui
1322 1031 1402 1084 ori
1439 1044 1561 1084 meo
1613 1028 1944 1092 custodiam,
1991 1045 2116 1083 cum
2166 1029 2487 1084 consisteret

915 1131 1169 1192 peccator
1205 1121 1497 1175 adversum
1531 1135 1633 1181 me,
1664 1119 1911 1174 obmutui
1943 1128 1996 1174 et
2027 1120 2344 1174 humiliatus
2366 1135 2484 1173 sum

910 1222 964 1268 et
1002 1214 1127 1270 silui
1157 1227 1185 1263 a
1221 1211 1402 1274 bonis,
1444 1217 1498 1265 et
1531 1195 1685 1264 dolor
1719 1225 1876 1264 meus
1921 1220 2216 1265 renovatus
2249 1219 2332 1265 est
2356 1210 2421 1272 ⁵⁷,
2461 1229 2479 1261 ι

910 1316 966 1357 et
1006 1313 1222 1358 cmtera.
1258 1300 1315 1354 in
1349 1302 1547 1371 quibus
1576 1299 1729 1353 adest
1760 1309 1814 1354 et
1846 1299 1978 1353 illud
2009 1319 2021 1353 :
2065 1319 2084 1352 ‹
2120 1302 2202 1354 Ab
2231 1301 2484 1355 omnibus

910 1395 1295 1466 iniquitatibus
1327 1395 1464 1448 meis
1497 1392 1646 1462 eripe
1676 1407 1780 1455 me,
1815 1393 2167 1462 opprobrium
2204 1393 2482 1462 insipienti

909 1487 1108 1544 dedisti
1140 1503 1245 1543 me.
1278 1485 1540 1541 Obmutui
1571 1494 1625 1538 ct
1661 1500 1769 1560 non
1799 1487 1988 1554 aperui
2023 1500 2085 1540 os
2114 1469 2315 1548 meum,
2345 1500 2484 1555 quo.

909 1581 1055 1636 niam
1088 1589 1144 1633 tu
1177 1579 1355 1635 fecisti
1381 1580 1464 1644 '3;
1503 1599 1520 1631 ι
1555 1594 1618 1634 ac
1648 1593 1843 1632 rursus
1870 1598 1881 1631 :
1919 1596 1937 1627 ι
1970 1579 2172 1632 Amove
2197 1594 2225 1630 a
2259 1592 2344 1632 me
2375 1579 2483 1648 pla-

909 1689 1005 1743 gas
1041 1684 1180 1728 tuas.
1220 1672 1264 1724 A
1303 1669 1624 1725 fortitudine
1653 1684 1847 1723 manus
1874 1677 1981 1723 tua:
2010 1683 2111 1738 ego
2144 1653 2317 1722 deieci
2339 1669 2406 1721 ".
2456 1686 2474 1719 ι

906 1766 1032 1820 ΙΙωο
1077 1774 1131 1820 et
1173 1764 1376 1820 similia
1423 1773 1483 1817 ut
1520 1762 1726 1818 diceret
1773 1777 1837 1817 ac
1880 1762 1990 1817 Deo
2039 1761 2175 1815 tales
2204 1761 2480 1815 orationes

905 1859 1194 1938 emitteret,
1252 1861 1305 1913 in
1354 1859 1447 1912 illo
1499 1859 1712 1928 psalmo
1756 1856 2146 1913 instituebatur
2199 1852 2474 1920 lditbum;

2609 666 2841 736 Ίδιθοὺμ
2888 663 3180 736 πειρασμῷ
3237 681 3342 717 τινι
3377 665 3703 729 πεπτωκότι,
3734 667 3884 736 τάχα,
3928 685 4029 720 που
4075 670 4168 722 καὶ

2595 758 2937 829 όλισθήματι,
2963 756 3309 811 διδασκαλίαν
3357 756 3755 828 θεραπευτικὴν
3792 759 4166 829 παραδεδωκέ-

2595 867 2717 903 ναι·
2766 849 2912 910 ὃπως
2963 849 3028 901 ἀν
3061 847 3213 901 λάϐοι
3246 847 3432 900 ἑαυτὸν
3456 886 3470 910 ,
3524 849 3616 900 καὶ
3664 848 4018 918 ἀνακτήσοιτο
4073 848 4166 900 τοῦ

2596 940 2900 1012 συμϐάντος
2929 939 3076 1009 αὑτῷ
3101 940 3458 1010 πταίσματος.
3496 939 3769 993 Ἐδίδασκε
3821 940 3950 1008 γοῦν
4001 941 4167 992 αὑτὸν

2594 1033 2650 1084 ὲν
2683 1034 2777 1102 μὲν
2804 1031 2882 1102 τῷ
2909 1032 2988 1101 λη’
3016 1030 3192 1102 ἐαυτῷ
3219 1034 3519 1102 παραινεῖν,
3546 1031 3639 1084 καὶ
3669 1033 3803 1103 πρὸς
3833 1032 4025 1084 ἑαυτὸν
4056 1032 4168 1085 δια-

2593 1124 2842 1193 λέγεσθαι.
2871 1126 2964 1178 καὶ
2994 1126 3173 1193 λέγειν
3195 1142 3208 1157 ·
3245 1143 3263 1175 ι
3290 1121 3430 1177 Εἷπα
3448 1140 3462 1153 °
3486 1124 3710 1190 Φυλάξω
3735 1125 3834 1188 τὰς
3858 1125 4012 1189 ὁδούς
4043 1144 4163 1196 μου,

2592 1217 2684 1271 τοῦ
2725 1219 2796 1289 μὴ
2821 1218 3152 1289 ἁμαρτάνειν
3174 1218 3232 1270 ὲν
3267 1216 3485 1290 γλώσσῃ
3518 1234 3641 1286 μου.
3685 1215 3916 1288 Ἐθέμην
3942 1218 4022 1288 τῷ
4047 1220 4165 1272 στό-

2594 1313 2724 1382 ματί
2753 1329 2853 1382 μου
2898 1311 3141 1380 φυλακὴν
3163 1351 3178 1373 ,
3214 1311 3272 1362 ὲν
3294 1309 3370 1380 τῷ
3400 1309 3657 1380 συστῆναι
3709 1310 3798 1362 τὸν
3842 1311 4165 1381 ἁμαρτωλὸν

2591 1402 2818 1456 ἐνώπιόν
2863 1420 2984 1472 μου.
3005 1399 3349 1471 Ἐκωφώθην,
3380 1401 3471 1453 καὶ
3507 1399 3894 1468 ἐταπεινώθην,
3924 1401 4018 1453 καὶ
4054 1401 4165 1452 ἐσί-

2589 1511 2735 1565 γησα
2764 1493 2821 1561 ἐξ
2853 1493 3073 1562 ἀγαθῶν
3093 1533 3106 1554 ,
3143 1493 3237 1545 καὶ
3276 1492 3337 1544 τὸ
3358 1493 3579 1563 άλγημά
3613 1509 3713 1562 μου
3742 1493 4112 1565 ἀνεκαινίσθη,
4139 1512 4156 1539 ι

2589 1564 2682 1638 καὶ
2709 1585 2777 1638 τά
2805 1584 3014 1646 τούτοις
3030 1583 3178 1651 ἑξῆς.
3249 1583 3338 1636 Ἐν
3370 1577 3450 1646 οἷς
3483 1579 3550 1652 ἦν
3579 1582 3673 1635 καὶ
3711 1564 3799 1646 τδ,
3833 1601 3852 1634 ι
3895 1582 4028 1636 Ἀπὸ
4055 1601 4162 1636 πα-

2589 1676 2697 1729 σῶν
2716 1677 2825 1729 τῶν
2855 1675 3095 1746 ἀνομιῶν
3122 1692 3222 1745 μου
3259 1674 3417 1745 ῥῦσαί
3457 1692 3523 1746 με
3547 1692 3559 1704 ·
3596 1674 3796 1738 ὀνειδος
3823 1674 4020 1746 ἄφρονι
4045 1675 4165 1728 ἔδω-

2587 1759 2688 1832 κάς
2729 1787 2816 1840 με.
2857 1767 3186 1840 Ἐκωφώθην
3224 1769 3319 1822 καὶ
3358 1768 3460 1820 οὑκ
3487 1768 3675 1838 ήνοιξα
3713 1768 3774 1822 τὸ
3817 1769 3992 1838 στόμα
4039 1786 4160 1839 μου,

2585 1861 2665 1913 ὅτι
2701 1861 2764 1913 σὺ
2810 1859 3103 1929 ἐποίησας’
3144 1878 3162 1910 ι
3205 1860 3299 1911 καὶ
3349 1858 3547 1911 πάλιν·
3606 1877 3624 1910 ι
3699 1859 4026 1928 ’Δπόστ-ητον
4068 1860 4160 1912 ἀπ’

903 1956 959 2012 in
990 1954 1092 2008 hoc
1129 1961 1311 2008 autem
1342 1952 1597 2009 similiter
1625 1950 1801 2005 eidem
1833 1950 1952 2003 viro
1980 1957 2172 2002 auctor
2203 1955 2286 2002 est
2311 1944 2480 2000 David
2517 1947 2556 2001 Β
2583 1952 2641 2021 ἐμ

2428 1946 2480 2000 id
2517 1947 2556 2001 Β
2583 1942 2718 2021 ἐμοῦ
2749 1950 2848 2013 τὰς
2879 1948 3149 2020 μάστιγάς
3182 1965 3296 2001 σου.
3337 1947 3470 2000 Ἀπὸ
3492 1948 3591 2018 τῆς
3623 1948 3804 2018 ἰσχύος
3836 1951 3936 2019 τῆς
3982 1947 4160 2018 χειρός

905 2056 962 2100 ιιι
998 2045 1271 2116 colloquia
1306 2058 1493 2099 secum
1527 2043 1758 2096 misceat
1783 2055 1848 2095 ac
1875 2040 2060 2095 dicat:
2099 2059 2116 2090 ι
2149 2037 2341 2093 Nonne
2370 2037 2480 2093 Deo

902 2137 1154 2206 subjecta
1182 2139 1288 2191 erit
1319 2135 1501 2188 anima
1533 2149 1653 2189 mea
1701 2152 1714 2187 :
1753 2131 1823 2188 ab
1877 2133 1996 2202 ipso
2047 2133 2190 2187 enim
2241 2131 2480 2186 salutare

902 2228 1128 2282 meum?
1163 2248 1182 2278 ›
1208 2227 1373 2293 Queis
1403 2225 1676 2297 significat
1701 2240 1760 2281 se
1779 2224 2084 2291 vacillasse,
2107 2239 2170 2278 ac
2185 2225 2475 2294 quamdam

900 2317 1369 2386 perturbationem
1427 2317 1623 2370 animae
1671 2330 1894 2388 passum
1940 2330 2081 2370 esse.
2123 2312 2261 2380 Quia
2310 2315 2478 2384 igitur

901 2410 1285 2481 ingruentibus
1321 2410 1687 2466 teutatoribus
1734 2409 2006 2464 tantillum
2052 2407 2232 2462 animo
2271 2407 2475 2462 fractus

899 2511 1000 2563 est,
1028 2499 1079 2553 id
1111 2499 1573 2563 animadverteris,
1607 2515 1715 2554 non
1741 2508 1799 2553 ut
1822 2498 1912 2553 ille
1939 2497 2030 2567 qui
2057 2496 2293 2560 dicebat,
2319 2513 2339 2547 ι
2373 2494 2473 2551 Mei

901 2594 1080 2649 autem
1114 2594 1251 2663 pene
1281 2596 1414 2648 moti
1443 2601 1572 2649 sunt
1603 2592 1766 2664 pedes
1790 2592 1835 2626 ”
1862 2609 1878 2659 ;
1923 2610 1940 2644 ι
1981 2591 2075 2646 sed
2115 2597 2174 2644 ut
2203 2605 2330 2645 vere
2359 2605 2474 2644 mo-

900 2695 1011 2748 tus,
1052 2687 1364 2741 necessario
1398 2687 1466 2740 ad
1494 2686 1610 2740 haec
1652 2683 1881 2739 dicenda
1912 2683 2251 2739 instituitur:
2291 2699 2310 2733 ι
2354 2679 2470 2736 Non

897 2769 1157 2824 movebar
1184 2770 1418 2840 amplius
1445 2787 1458 2837 ;
1490 2789 1508 2822 ι
1534 2769 1649 2825 sive
1673 2767 1976 2824 secundum
1999 2767 2273 2836 Aquilam,
2301 2783 2319 2816 ι
2350 2763 2472 2819 Fal-

898 2857 979 2913 lar
1010 2862 1237 2915 multum
1263 2878 1279 2927 ;
1340 2880 1358 2912 ι
1402 2860 1704 2916 secundum
1734 2859 1979 2931 quintam
2011 2859 2303 2915 editionem
2332 2857 2470 2913 dici-

896 2959 984 3005 tur
1015 2953 1203 3013 etiam,
1258 2970 1276 3002 ι
1335 2951 1455 3006 Non
1505 2951 1770 3006 movebor
1802 2946 2055 3020 amplius.
2119 2969 2137 3000 ι
2193 2949 2473 3004 Consonat

895 3052 1076 3098 autem
1111 3045 1372 3099 doctrina:
1424 3043 1712 3113 praesentis
1747 3041 2015 3097 sententia
2047 3025 2343 3111 prophetia:
2387 3040 2471 3095 di-

893 3137 1038 3190 centi
1069 3156 1080 3189 :
1120 3156 1138 3187 ι
1177 3134 1270 3190 Vae
1295 3139 1387 3206 qui
1417 3136 1715 3191 detrahunt
1745 3143 1970 3206 peccata
1999 3142 2059 3188 ut
2088 3134 2332 3188 funiculo
2353 3133 2471 3188 lon-

893 3242 982 3297 go,
1013 3237 1065 3281 et
1091 3227 1247 3297 quasi
1285 3228 1512 3298 plaustri
1553 3227 1674 3282 loro
1702 3226 1936 3294 buculas,
1974 3225 2290 3296 iniquitates
2317 3225 2395 3290 “;
2445 3243 2463 3275 ι

2586 2060 2679 2096 σου
2696 2041 2806 2111 ἐγὼ
2821 2039 3087 2105 ἐξέλιπον.
3122 2059 3140 2092 ι
3169 2039 3353 2093 Ταῦτα
3386 2040 3481 2092 καὶ
3500 2039 3568 2092 τά
3597 2039 3820 2093 τοιαῦτα
3853 2040 4163 2110 ὲδιδᾴσκετο

2584 2134 2760 2199 λέγειν
2812 2135 2905 2187 καὶ
2953 2133 3031 2204 τῷ
3081 2131 3200 2204 Θεῷ
3238 2131 3491 2208 τοιαύτας
3534 2132 3699 2202 εὑχάς
3742 2132 4093 2204 ἀναπέμπειν
4132 2135 4163 2186 ὁ

2595 2223 2825 2295 Ἰδιθοὺμ
2853 2227 2909 2278 ὲν
2941 2225 3136 2294 ἐκείνῳ
3163 2241 3174 2254 ⁸
3213 2225 3305 2278 καὶ
3336 2225 3392 2276 ὲν
3415 2222 3494 2292 τῷ
3529 2222 3666 2293 μετὰ
3692 2227 3878 2295 χεῖρας
3900 2225 3957 2279 δὲ
3988 2224 4160 2280 ῶσαύ-

2581 2335 2689 2382 τως
2713 2319 2803 2372 τὸν
2833 2319 2997 2376 αὑτὸν
3023 2318 3189 2388 ἄνδρα
3209 2319 3236 2370 ὁ
3261 2315 3425 2370 Δαυῒδ
3443 2315 3681 2370 διδάσκει
3705 2317 3881 2387 ἑαυτῷ
3909 2319 4162 2390 προσδια-

2581 2411 2833 2480 λέγεσθαι
2871 2411 2963 2464 καὶ
2995 2409 3204 2477 λέγειν’
3238 2427 3258 2461 ι
3312 2409 3448 2480 υὺχὶ
3487 2408 3566 2479 τῷ
3602 2409 3722 2479 Θεῷ
3756 2408 4160 2480 ὑποταγήσεται

2579 2509 2613 2577 ὴ
2660 2506 2804 2576 ψυχή
2858 2519 3001 2575 μου;
3039 2507 3171 2577 παρ’
3205 2500 3367 2556 αὑτοῦ
3423 2501 3530 2573 γάρ
3578 2502 3637 2554 τὸ
3683 2501 3944 2572 σωτήριόν
3982 2518 4105 2572 μου.
4136 2519 4156 2551 ι

2579 2595 2839 2666 Σημαίνει
2890 2593 3245 2648 σεσαλεῦσθαι
3296 2593 3486 2657 αὑτὸν,
3526 2591 3624 2646 καί
3655 2610 3780 2648 τινα
3800 2592 4046 2665 ταραχὴν
4091 2593 4158 2663 τῇ

2576 2685 2720 2756 ψυχῇ
2759 2685 3104 2740 πεπονθέναι.
3171 2686 3321 2739 Ἐπεὶ
3368 2685 3585 2746 τοίνυν,
3631 2683 3738 2737 τῶν
3793 2684 4159 2756 πειραζόντων

2577 2776 2910 2848 ἐπιθεμένων
2954 2776 3102 2847 αὑτῷ
3125 2817 3139 2842 ,
3176 2777 3364 2846 γέγονέ
3399 2795 3481 2840 τις
3515 2776 3664 2848 αὑτῷ
3697 2777 3916 2837 ἀτονία,
3964 2774 4159 2848 ᾔσθετό

2576 2883 2635 2919 τε
2673 2866 2877 2921 ἑαυτοῦ,
2910 2868 2971 2920 οὺ
3000 2869 3144 2921 κατὰ
3175 2867 3266 2920 τὸν
3295 2868 3585 2939 εἰρηκότα’
3628 2885 3646 2917 ι
3703 2866 3866 2937 Ἐμοῦ
3913 2866 3970 2920 δὲ
4005 2864 4157 2935 παρά

2581 2955 2774 3027 μικρὸν
2803 2956 3176 3027 ἑσαλεύθησαν
3208 2957 3258 3010 οί
3294 2955 3451 3019 πόδες
3474 2994 3488 3019 ,
3525 2975 3544 3008 ι
3604 2956 3738 3009 ἀλλά
3791 2956 3887 3009 καὶ
3941 2955 4157 3025 ἀληθῶς

2579 3046 2927 3111 σαλευθέντος
2947 3065 2958 3077 ·
2996 3049 3312 3116 ἀναγκαίως
3333 3047 3641 3101 διδάσκεται
3665 3048 3844 3115 λέγειν
3868 3064 3881 3077 ο
3926 3067 3944 3100 ι
3975 3050 4050 3100 υὺ
4079 3049 4155 3119 μή

2578 3132 2822 3186 σαλευθῶ
2847 3135 2939 3187 ἐπὶ
2969 3135 3150 3190 πλεῖον
3173 3151 3186 3164 ·
3224 3154 3243 3187 ι
3277 3135 3310 3206 ἢ
3346 3136 3488 3190 κατά
3520 3136 3608 3188 τὸν
3659 3137 3933 3190 Ἀκύλανο-
3957 3156 3978 3188 ι
4015 3138 4159 3205 Σφα-

2574 3224 2806 3297 λήσομαι
2831 3225 3034 3297 πολλήν
3059 3245 3070 3256 ·
3105 3246 3122 3278 ι
3152 3228 3246 3281 καὶ
3271 3226 3412 3282 κατά
3444 3227 3540 3299 τήν
3575 3229 3831 3300 πέμπτην
3855 3228 3911 3280 δὲ
3949 3229 4156 3282 ἔκδοσιν

894 3326 1060 3387 atque
1109 3318 1184 3371 illi
1213 3336 1226 3372 :
1266 3335 1284 3368 ι
1340 3315 1599 3388 Nunquid
1632 3317 1725 3388 qui
1756 3317 1922 3381 cadit,
1977 3329 2088 3370 non
2117 3322 2385 3386 resurget,
2417 3322 2470 3368 et
2499 3317 2539 3373 C
2573 3317 2632 3389 si"

2417 3322 2470 3368 et
2499 3317 2539 3373 C
2573 3317 2817 3389 εἴρηται·
2853 3337 2872 3370 ι
2912 3319 2987 3372 Οὑ
3025 3319 3099 3390 μὴ
3134 3317 3378 3380 σαλευθῶ
3411 3320 3506 3373 ἐπὶ
3556 3319 3760 3376 πλεῖον.
3807 3339 3824 3372 ι
3856 3307 4154 3391 Σύμφωνος

893 3409 987 3477 qui
1015 3409 1282 3464 avertitur
1313 3423 1422 3464 non
1451 3408 1795 3465 revertetur?
1815 3406 1998 3474 Quare
2020 3408 2286 3464 avertitur
2313 3422 2468 3462 aver-

891 3499 1045 3555 sione
1093 3498 1587 3571 impudenti‘ldicit
1639 3497 1902 3555 Dominus
1926 3500 1993 3552 ".
2031 3517 2050 3550 ι
2095 3496 2223 3553 Haec
2257 3498 2467 3569 'quippe

895 3591 1079 3646 omnia
1110 3592 1311 3648 docent
1339 3607 1466 3646 eum
1497 3591 1591 3662 qui
1629 3591 1799 3648 semel
1828 3592 2014 3662 lapsus
2041 3590 2133 3655 sit,
2165 3599 2225 3645 ut
2253 3589 2305 3643 in
2335 3603 2464 3659 pec-

887 3695 1013 3743 cato
1042 3701 1151 3741 non
1192 3694 1435 3754 maneat,
1479 3700 1657 3756 neque
1683 3683 2023 3755 deSpondeat
2065 3684 2331 3747 animum,
2369 3695 2465 3737 ne-

887 3794 994 3850 que
1049 3778 1368 3834 tentationis
1421 3775 1593 3832 fluxui
1654 3792 1776 3834 sese
1830 3774 2140 3832 dedititium
2201 3775 2458 3846 praebeat.

887 3870 1068 3936 Quare
1091 3869 1408 3924 necessario
1437 3867 1699 3924 edoéetur
1721 3866 1956 3922 lditbum
1986 3866 2054 3921 ad
2085 3865 2168 3922 sui
2195 3864 2460 3921 medelam

885 3963 1001 4018 hac
1027 3962 1316 4033 proferre:
1356 3969 1519 4033 atque
1564 3961 1743 4032 primo
1790 3961 1858 4016 ad
1899 3973 2157 4031 magnum
2205 3955 2462 4014 Servato-

884 4069 1000 4109 rem
1031 4063 1084 4108 et
1127 4035 1433 4110 animarum
1463 4052 1736 4108 medicum
1787 4051 2120 4123 confugere;
2157 4049 2460 4130 deindeque

885 4148 1122 4202 animam
1155 4160 1310 4200 suam
1343 4161 1452 4199 non
1484 4143 1820 4207 hominibus,
1855 4158 2031 4214 neque
2077 4151 2342 4197 terrorem
2376 4141 2462 4195 in—

881 4238 1217 4295 cutientibus
1248 4236 1559 4307 subjicere;
1593 4235 1687 4292 sed
1723 4251 1892 4289 unum
1925 4248 2182 4306 magnum
2217 4233 2457 4304 judicem

877 4341 935 4390 et
980 4331 1149 4387 Deum
1197 4331 1267 4386 ob
1313 4331 1503 4387 oculos
1544 4321 1765 4400 ponere,
1815 4327 2030 4398 ipsique
2076 4326 2178 4382 soli
2217 4326 2454 4380 animam

879 4425 1152 4496 subjicere
1179 4439 1359 4488 suam,
1392 4424 1733 4492 liberamque
1764 4419 1938 4491 ipsam
1989 4418 2058 4474 ab
2086 4417 2235 4472 omni
2269 4425 2452 4473 extrar

2567 3408 2612 3462 δ’
2645 3409 2713 3463 ἀν
2757 3409 2842 3482 εἵη
2876 3410 2906 3463 ό
2950 3409 3076 3474 νοῦς
3117 3411 3216 3479 τῆς
3271 3411 3638 3484 προκειμένης
3684 3411 4032 3477 διδασκαλίας
4085 3416 4154 3484 τῇ

2567 3503 2850 3574 φασκούσῃ
2903 3505 3238 3576 προφητεία·
3283 3522 3303 3557 ι
3344 3504 3483 3558 Οὐαὶ
3539 3506 3589 3559 οί
3631 3504 3999 3576 ἐπισπώμενοι
4055 3508 4158 3569 τάς

2566 3593 2840 3665 ἁμαρτίας
2866 3594 2942 3658 ὡς
2977 3596 3196 3668 σχοινίῳ
3254 3596 3473 3672 μακρῷ,
3510 3597 3604 3650 καὶ
3641 3597 3716 3661 ὡς
3749 3595 3916 3666 ζυγοῦ
3945 3597 4155 3669 λὶμάντι

2563 3685 2846 3756 δαμάλεως
2901 3686 3000 3752 τὰς
3042 3688 3271 3759 ἀνομίας
3295 3707 3309 3722 ο
3352 3708 3371 3741 ι
3405 3689 3500 3743 καὶ
3533 3688 3612 3759 τῷ
3641 3729 3656 3752 ,
3701 3707 3718 3740 ι
3766 3689 3858 3760 Μὴ
3888 3690 3918 3742 ὁ
3939 3689 4156 3742 πίπτων

2563 3776 2663 3831 οὑκ
2703 3778 3024 3841 ἀνίσταται,
3059 3779 3154 3832 καὶ
3190 3779 3219 3831 ὁ
3249 3778 3612 3848 ἀποστρέφων
3659 3778 3760 3848 οὑκ
3786 3778 4152 3850 ἀναστρέφεις

2545 3856 2687 3922 ’Ἵνα
2714 3868 2766 3922 τί
2799 3868 3204 3941 ἀποστρέφεται
3237 3870 3589 3940 ἀποστροφὴν
3622 3869 3836 3939 ἀναιδῆ,
3870 3869 4018 3938 λέγει
4039 3869 4155 3924 Κύ-

2564 3977 2718 4033 ριος;
2759 3982 2777 4014 ι
2815 3963 3003 4018 Πάντα
3031 3962 3141 4033 γὰρ
3161 3961 3332 4016 ταῦτα
3360 3962 3601 4016 διδάσκει
3642 3963 3735 4016 τὸν
3774 3962 3920 4029 ἅπαξ
3965 3965 4153 4033 ήμαρ-

2559 4056 2764 4126 τηκότα
2795 4054 2869 4126 μὴ
2902 4054 3241 4126 παραμένειν
3271 4055 3352 4126 τῷ
3386 4055 3748 4126 ἁμαρτήματι
3776 4095 3790 4119 ,
3845 4055 3981 4128 μηδὲ
4014 4057 4154 4109 ἀπο-

2559 4145 2850 4216 γινώσκειν
2872 4146 3084 4212 ὲαυτὸν,
3119 4146 3252 4218 μηδὲ
3284 4146 3496 4201 ἔκδοτον
3521 4147 3782 4220 παρέχειν
3805 4146 3883 4218 τῷ
3910 4146 4006 4201 τοῦ
4031 4164 4155 4200 πει-

2563 4235 2819 4308 ρατηρίου
2851 4234 3101 4306 ῥεύματι.
3138 4234 3231 4288 Διὸ
3257 4235 3571 4305 ἀναγκαίως
3603 4237 3927 4297 ,διδάσκεται
3958 4238 3988 4290 ὁ
4033 4237 4155 4291 Ἰδι-

2558 4329 2699 4400 θοὺμ
2729 4328 2953 4397 ἐπᾴδειν
2989 4327 3186 4399 ἐαυτῷ,
3225 4330 3324 4384 καὶ
3349 4329 3415 4382 τὰ
3445 4330 3784 4402 προκείμενα
3808 4330 4028 4399 λέγειντ
4057 4330 4154 4385 καὶ

2558 4420 2775 4493 πρῶτον
2812 4419 2909 4490 μὲν
2945 4421 3039 4474 ἐπὶ
3082 4420 3175 4475 τὸν
3216 4421 3388 4492 μέγαν
3416 4422 3644 4493 Σωτῆρα
3678 4422 3772 4476 καὶ
3817 4422 3926 4476 τῶν
3961 4421 4152 4494 ψυχῶν

877 4535 980 4576 nee
1011 4528 1160 4574 metu
1193 4527 1454 4574 statuere.
1499 4515 1868 4584 Quamobrem
1899 4512 2014 4568 ait:
2064 4530 2082 4563 ι
2121 4511 2313 4567 Nonne
2346 4509 2455 4566 Deo
2561 4514 2612 4566 ια

2407 4524 2455 4566 :0
2561 4513 2743 4585 ἰατρὸν
2780 4512 3179 4582 καταφεύγειν·
3216 4513 3406 4568 ἔπειτα
3441 4515 3763 4570 ὑποτάττειν
3805 4514 3904 4586 τὴν
3948 4515 4145 4568 ἑαυτυῦ

876 4612 1122 4683 subjecta
1153 4612 1258 4666 erit
1315 4611 1498 4665 anima
1539 4608 1705 4664 mea?
1737 4627 1753 4659 ι
1792 4617 1846 4662 et
1870 4614 2085 4661 caatera.
2113 4604 2213 4658 Hie
2234 4617 2451 4658 rursum
2485 4670 2526 4683 _
2553 4601 2614 4671 ψι

2410 4617 2451 4654 m
2485 4670 2526 4683 _
2553 4601 2755 4672 ψυχὴν,
2779 4601 2974 4672 μηκέτι
3006 4602 3332 4674 ἀνθρώποις,
3369 4605 3503 4675 μηδὲ
3527 4607 3639 4667 τοῖς
3672 4603 3992 4674 ὲκφοϐοὖσιν
4011 4623 4025 4637 ο
4053 4606 4148 4660 ἕνα

874 4670 1116 4763 salutare
1165 4703 1430 4759 llebraica
1481 4717 1638 4763 voce,
1693 4709 1748 4756 et
1796 4698 2091 4770 ipsissimis
2141 4694 2449 4760 elementis,
2484 4670 2612 4747 θδὲ

2405 4710 2449 4760 s,
2484 4670 2532 4729 θ
2557 4670 2613 4747 δὲ
2951 4670 3245 4766 ὀφθαλμῶν
3272 4670 3498 4766 θέμενον
3526 4697 3616 4749 τὸν
3661 4670 3835 4767 μέγαν
3863 4697 4058 4770 κριτήν
4086 4717 4143 4753 τε

874 4792 1031 4867 queis
1061 4795 1322 4852 salutaris
1351 4795 1524 4848 nostri
1557 4791 1688 4848 Jesu
1719 4807 1914 4847 nomen
1947 4790 2226 4846 scribitur.
2559 4803 2612 4840 κε

2559 4785 2653 4840 καὶ
2688 4785 2853 4850 Θεὸν,
2874 4786 3024 4858 αὑτῷ
3065 4788 3212 4859 μόνῳ
3250 4787 3348 4859 τὴν
3378 4787 3570 4841 ἑαυτοῦ
3595 4787 3770 4859 ψυχὴν
3801 4789 4140 4854 ὑποτάττειν,

874 4887 1190 4959 ἀλευθεροῦν
1235 4904 1294 4942 τε
1344 4885 1510 4956 αὐτὴν
1561 4884 1758 4947 παντὸς
1793 4884 2073 4956 ἀλλοτρίου
2133 4881 2318 4954 φόϐου.
2356 4878 2448 4930 Διό
2486 4894 2649 4947 φησιν
2675 4896 2688 4908 ·
2728 4898 2746 4930 ι
2785 4880 2918 4949 Οὐχὶ
2952 4879 3030 4951 τῷ
3054 4878 3173 4950 Θεῷ
3203 4879 3608 4951 ὑποταγήσεται
3643 4880 3847 4953 ἡψυχὴ
3916 4898 4052 4952 μους
4117 4904 4137 4936 ι

874 4980 968 5033 κα)⁵
987 4980 1055 5034 τά
1083 4981 1226 5051 ἑξῆς.
1247 4979 1416 5038 Πάλιν
1436 4978 1490 5031 δὲ
1513 4977 1788 5031 κάνταῦθα
1804 4977 1865 5031 τὸ
1891 4979 2155 5048 σωτήρων
2183 4973 2447 5046 Ἐδραῖκῇ
2487 4974 2637 5042 φωνῇ
2675 4971 2766 5026 διὰ
2795 4971 2906 5027 τῶν
2945 4974 3125 5026 αὑτων
3158 4971 3459 5042 στοιχείων,
3527 4973 3595 5026 δι’
3664 4967 3740 5028 ὧν
3778 4973 4050 5047 γράφεται
4084 4978 4144 5031 τὸ

871 5071 964 5125 τοῦ
999 5074 1267 5147 σωτηρίου
1295 5072 1451 5145 ήμῶν
1498 5072 1672 5143 Ἰησοῦ
1699 5072 1888 5143 ὄνομα,
1919 5070 2166 5140 φέρεται.

942 5186 1066 5242 llaec
1109 5188 1293 5260 legens
1338 5189 1608 5260 quispiam
1652 5197 1955 5259 opportune
2004 5195 2254 5256 quaerat:
2297 5178 2443 5247 Quid
2505 5255 2509 5259 .
2619 5176 2680 5230 Ei

2409 5178 2443 5233 ιι
2505 5255 2509 5259 _
2619 5176 2871 5246 Εὑλόγως
2909 5177 2965 5230 δέ
2993 5193 3077 5239 τις
3117 5176 3371 5248 ζητήσειε
3409 5177 3618 5244 τούτοις
3652 5185 4032 5252 ἐντυγχάνων·
4078 5188 4141 5240 Τί

868 5297 1048 5338 causae
1075 5279 1333 5350 estquod
1363 5297 1488 5335 cum
1529 5279 1640 5334 duo
1697 5288 1908 5334 tantum
1963 5279 2076 5333 sint
2110 5297 2128 5327 ι
2189 5290 2290 5346 pro
2337 5272 2463 5326 ldi--
2546 5264 2606 5337 δή

2403 5273 2463 5326 ί-.
2546 5264 2746 5337 δήποτε
2779 5267 2956 5338 μόνων
2988 5265 3082 5320 δύο
3108 5266 3276 5321 ὄντων
3309 5267 3417 5321 τῶν
3450 5288 3467 5321 ι
3494 5270 3637 5342 ὑπὲρ
3667 5273 3763 5327 τοῦ
3788 5274 4042 5348 Ἰδιθοὺμ,
4060 5301 4078 5326 ο
4107 5277 4141 5346 ἢ

868 5378 1042 5439 thum,
1083 5395 1100 5428 ι
1140 5375 1223 5430 vel
1255 5375 1559 5431 secundum
1594 5374 1866 5442 Aquilam,
1924 5392 1940 5423 ι
2005 5370 2072 5425 de
2116 5368 2376 5430 ldithum,
2419 5383 2437 5416 ι
2553 5378 2606 5411 ιτ

2419 5383 2437 5416 ι
2553 5380 2570 5411 ι
2597 5361 2725 5432 περὶ
2764 5361 2860 5415 τοῦ
2918 5361 3151 5432 Ἰδιθοὺμ
3181 5381 3199 5414 ι
3230 5361 3371 5415 κατά
3403 5362 3493 5417 τὸν
3533 5365 3763 5422 Ἀκύλαν
3796 5369 4137 5441 εἰρημένων,

869 5450 1140 5535 inscripti,
1172 5467 1208 5521 ii
1241 5477 1417 5518 tamen
1453 5481 1559 5519 non
1594 5472 2012 5532 consequenter,
2045 5459 2138 5514 sed
2174 5460 2334 5527 longo
2359 5457 2444 5510 in-
2545 5452 2606 5506 οὗ

2397 5471 2444 5508 ι-
2545 5452 2655 5507 οὔτ’
2688 5455 2886 5527 ἐφεξῆς
2919 5455 3169 5524 ἀλλήλοις
3204 5458 3412 5511 κεῖνται
3465 5458 3801 5533 ἀμφότεροι,
3840 5462 4055 5535 μακρὰν
4089 5461 4135 5516 δ’

867 5562 1095 5618 tervallo
1126 5558 1310 5615 dissiti
1332 5557 1551 5628 jaceant
1585 5556 1683 5625 (ι).
1715 5553 1892 5624 llujus
1927 5553 2007 5608 rei
2040 5565 2285 5618 causam,
2315 5562 2440 5603 cum
2547 5549 2605 5600 ἀτ

2393 5562 2440 5600 m
2547 5549 2650 5600 ἀπε
2662 5549 3018 5619 σχοινισμένοι
3040 5549 3390 5618 τυγχάνουσι.
3420 5550 3532 5621 Τὴν
3561 5552 3618 5606 δὲ
3641 5553 3848 5608 τούτων
3871 5554 4049 5610 αἰτίαν
4078 5555 4131 5607 ἐν

935 5762 977 5794 ³⁷
1021 5761 1164 5818 Pani.
1199 5771 1428 5817 xxxml.
1459 5761 1578 5816 2-5.
1655 5760 1922 5827 '°ibid.9,
1949 5762 2032 5816 ιθ.
2109 5761 2153 5793 ³⁹
2172 5761 2304 5816 ibid.
2335 5761 2422 5819 ii.
2457 5762 2519 5820 1?.
2619 5766 2661 5797 ⁶⁰

2390 5762 2519 5820 1.12
2619 5763 2821 5822 “Psal.
2859 5781 3026 5831 Lxxu,
3064 5764 3117 5820 Ξ.
3195 5766 3364 5822 "lsa.
3395 5783 3448 5835 v,
3491 5767 3573 5822 18.
3651 5765 3821 5825 “Jer.
3861 5767 4128 5834 νῖιιι,4,5.

933 5919 1011 5986 (t)
1047 5918 1168 5977 Haec
1193 5920 1471 5977 enarratio
1497 5935 1561 5974 cx
1594 5921 1876 5976 tricesimo
1907 5929 2101 5976 octavo
2130 5919 2340 5992 psalmo
2366 5922 2590 5978 excidit.
