4402 6424
319 530 418 585 589

1422 525 1913 583 COMMENTARIA
1943 525 2007 579 IN
2037 525 2372 583 PSALMOS.

3420 534 3523 588 590

318 652 427 711 τοῖς
471 647 773 719 εἰρημένοις
797 648 924 717 ἡμῖν
950 647 1027 709 είς
1064 640 1155 699 τὸν
1175 646 1277 718 λη’,
1305 651 1712 717 γραμματικῆς
1744 648 1876 700 ἀπο-
1903 664 1944 718 Α
1978 647 2042 699 de

1787 664 1876 699 πο-
1903 664 1944 718 Α
1978 647 2042 699 de
2067 662 2273 701 xxxvm
2301 643 2953 716 ageretur,grammaticis
2970 644 3525 705 demonstrationibus

314 739 510 805 δείξεσι
543 740 983 810 παρεστήσαμεν.
1024 738 1181 792 Ἀλλὰ
1213 740 1304 791 καὶ
1335 740 1416 801 τίς
1442 734 1509 809 ἦν
1550 741 1579 791 6
1604 738 1871 809 Ὶδιθοὺμ,

315 830 419 899 ἤδη
443 829 699 899 πρότερον
732 829 788 880 ἑν
822 828 969 897 αὐτῷ
998 828 1186 899 ἑκείνῳ
1210 829 1603 900 δεδηλώκαμεν,
1644 832 1739 900 τὴν
1770 833 1876 884 ἀπὸ

314 919 420 971 τῶν
456 919 939 989 Παραλειπομένων
975 920 1210 991 ἱστορίαν
1244 920 1635 992 παραθέμενοι·
1687 922 1752 974 δι’
1806 919 1874 992 ἦς

318 1009 582 1063 ἐδείκνυτο
612 1005 690 1072 εἷς
712 1009 815 1062 τῶν
844 1010 1242 1080 ἑκλελεγμένων
1264 1013 1340 1074 είς
1360 1011 1420 1063 τό
1436 1014 1611 1065 Δαἰνεῖν
1635 1013 1721 1065 τόν
1743 1013 1873 1065 Θεὸν

317 1100 573 1168 γεγονὼς.
622 1100 927 1171 Γέγραπται
973 1101 1132 1169 γοῦν⁵
1175 1120 1193 1151 ι
1240 1102 1349 1154 Καὶ
1399 1103 1712 1156 κατέλειπον
1759 1104 1874 1156 ἐκεῖ

313 1192 552 1244 ἐναντίον
566 1190 662 1261 τῆς
680 1190 906 1244 κιϐωτοῦ
933 1192 1032 1259 τῆς
1052 1192 1325 1263 Διαθήκης
1350 1195 1553 1265 Κυρίου
1578 1196 1669 1248 τὸν
1701 1196 1869 1264 Ἀσάφ

313 1284 405 1335 καὶ
432 1284 553 1345 τοὺς
574 1282 827 1351 ἀδελφοὺς
851 1282 1014 1336 αὑτοῦ
1034 1284 1375 1355 λειτουργοὺς
1403 1286 1637 1340 ἐναντίον
1658 1287 1753 1356 τῆς
1784 1304 1869 1339 κι-

312 1371 505 1424 ϐωτοῦ.
534 1390 551 1422 ι
571 1372 678 1425 Καὶ
708 1370 832 1440 ἑξῆς
862 1373 1093 1443 εῖρηταν
1126 1392 1143 1424 ι
1172 1374 1345 1443 Αίμὰν
1370 1376 1463 1427 καὶ
1505 1375 1754 1444 Ίδιθοὺμ,
1778 1376 1868 1429 καὶ

310 1463 360 1514 οἱ
386 1462 559 1514 λοιποὶ
577 1461 884 1529 ἑκλεγέντες
911 1465 995 1515 ἐπ’
1021 1464 1281 1535 ὀνόματος
1314 1466 1407 1520 τοῦ
1434 1469 1599 1519 αἰνεῖν
1633 1466 1723 1519 τὸν
1754 1467 1867 1518 Κύ-

312 1571 461 1625 ριον,
511 1555 591 1606 ὃτι
640 1556 719 1616 είς
759 1554 930 1607 αίῶνα
962 1555 1023 1607 τὸ
1073 1556 1218 1620 ἔλεος
1246 1557 1441 1610 αὐτοῦ·
1486 1577 1503 1608 ι
1548 1558 1640 1611 καὶ
1668 1559 1826 1611 πάλιν
1851 1576 1862 1588 ·

315 1664 335 1696 α
376 1646 508 1699 Μετ’
529 1644 705 1697 αὐτῶν
734 1646 909 1716 Λίμὰν
942 1648 1035 1699 καὶ
1073 1648 1324 1719 Ἰδιθοὺμ,
1356 1649 1649 1717 σάλπιγγες
1684 1667 1742 1702 τε
1773 1652 1865 1703 καὶ

306 1734 558 1803 κύμϐαλα
590 1734 682 1787 τοῦ
718 1736 1011 1803 ἀναφωνεῖν
1034 1776 1048 1798 ,
1075 1738 1167 1789 καὶ
1199 1736 1401 1807 ὄργανα
1442 1738 1548 1791 τῶν
1591 1738 1741 1808 ᾠδῶν
1773 1738 1865 1791 τοῦ

306 1828 461 1891 Θεοῦ,
498 1827 603 1880 υἱοὶ
637 1827 869 1898 Ἰδιθοὺμ
896 1830 972 1890 είς
991 1828 1088 1899 τὴν
1117 1828 1290 1899 πύλην
1309 1845 1321 1857 ·
1350 1848 1369 1880 ι
1401 1830 1491 1882 καὶ
1509 1826 1659 1892 αὖθις
1681 1848 1692 1860 ο
1716 1850 1734 1879 ι
1758 1830 1867 1882 Καὶ

304 1916 576 1987 ἔστησενό
606 1916 856 1986 βασιλεὺς
884 1916 1044 1969 Δαυῖδ
1076 1918 1170 1970 καὶ
1208 1922 1256 1970 οἱ
1286 1919 1541 1989 ἄρχοντες
1578 1920 1675 1989 τῆς
1706 1920 1863 1973 δυνά-

1979 739 2156 792 allatis
2180 736 2589 807 descripsimus.
2623 733 2728 789 Sed
2753 737 2913 791 etiam
2939 740 3064 808 quis
3093 752 3237 796 esset
3266 740 3521 803 ldithum.

1972 828 2083 896 jam
2122 829 2308 883 eodem
2341 830 2394 883 in
2426 831 2635 901 psalmo
2659 829 3075 898 declaravimus,
3097 833 3258 886 allata
3292 834 3357 887 ad
3386 835 3527 889 hanc

1975 934 2085 974 rem
2138 917 2587 989 Paralipomenon
2642 920 2911 987 historia;
2968 935 3074 989 qua
3124 921 3526 978 demonstratur

1974 1024 2095 1063 eum
2130 1023 2160 1063 e
2189 1023 2416 1063 numero
2444 1008 2773 1063 delectorum
2810 1010 2876 1063 ad
2906 1008 3069 1064 Deum
3100 1011 3349 1067 laudibus
3383 1015 3516 1070 cele-

1974 1096 2243 1151 brandum
2278 1097 2468 1153 fuisse.
2524 1097 2798 1168 Scriptum
2840 1099 3020 1168 itaque
3050 1108 3175 1154 est:
3230 1120 3247 1151 ‹
3286 1100 3352 1155 Et
3398 1102 3520 1157 reli-

1972 1196 2207 1256 querunt
2244 1187 2318 1242 ibi
2347 1203 2527 1242 coram
2560 1203 2685 1244 arca
2732 1187 3066 1244 Testamenti
3097 1189 3302 1245 Domini
3342 1192 3524 1263 Asaph

1970 1286 2022 1331 et
2042 1278 2237 1334 fratres
2255 1279 2393 1348 ejus,
2412 1289 2467 1334 ut
2485 1280 2857 1336 ministrarent
2876 1282 2930 1335 in
2947 1294 3238 1351 conspectu
3259 1299 3395 1337 arcae
3408 1286 3474 1351 ⁶³;
3498 1303 3518 1337 ι

1970 1383 2033 1422 ac
2064 1370 2321 1439 deinceps
2346 1370 2545 1424 dicitur
2574 1390 2586 1425 :
2617 1390 2635 1421 ‹
2675 1357 2871 1425 Ᾱζωοη
2897 1380 2951 1427 et
2984 1371 3213 1427 ldithum
3240 1382 3293 1429 et
3328 1376 3521 1446 reliqui

1968 1475 2033 1513 ex
2077 1460 2295 1514 nomine
2322 1460 2476 1514 electi
2525 1461 2594 1514 ad
2625 1462 2951 1523 laudandum
3006 1459 3334 1518 Dominum:
3390 1480 3525 1535 quo-

1968 1548 2111 1602 niam
2145 1552 2196 1604 in
2225 1561 2485 1607 aeternum
2521 1552 2894 1609 misericordia
2926 1552 3044 1621 ejus
3065 1553 3174 1619 “;p
3197 1568 3258 1607 ac
3274 1571 3520 1611 rursum:

1974 1660 1991 1690 ‹
2030 1642 2163 1695 Cum
2196 1642 2329 1712 ipsis
2355 1642 2551 1697 Eman
2574 1642 2897 1703 et'lditbum,
2936 1643 3077 1697 tubae
3102 1654 3154 1698 et
3182 1646 3425 1714 cymbala
3455 1647 3523 1702 ad

1940 1732 2314 1801 ‘pulsandum,
2360 1740 2413 1787 et
2448 1734 2802 1787 instrumenta
2854 1732 3190 1786 canticorum
3247 1734 3383 1789 Dei:
3425 1738 3521 1791 lilii

1968 1820 2197 1875 ldithum
2241 1823 2295 1876 in
2336 1830 2491 1892 porta
2513 1824 2592 1888 ‘5;
2626 1843 2644 1874 ι
2673 1837 2735 1875 ac
2770 1823 2963 1875 iterum
2993 1842 3005 1875 :
3043 1841 3065 1873 ‹
3104 1823 3167 1875 Et
3190 1826 3377 1881 statuit
3426 1842 3522 1883 rex

1972 1912 2135 1966 David
2178 1922 2234 1969 et
2276 1914 2549 1984 principes
2599 1914 2868 1969 exercitus
2915 1916 2981 1968 ad
3035 1915 3337 1969 ministeria
3382 1915 3523 1974 ﬁlios

309 2026 453 2079 μεως
482 2011 559 2071 εἰς
593 2008 657 2061 τά
684 2008 820 2080 ἔργα
840 2009 964 2072 τοὺς
997 2010 1142 2071 nisi»;
1195 2010 1364 2078 Ἀσάφ
1411 2010 1503 2062 καὶ
1536 2011 1732 2080 Αἱμὲιν,
1775 2010 1867 2063 καὶ
1901 1995 1939 2047 Β
1969 2004 2047 2058 As.

1780 2010 1867 2063 καὶ
1901 1995 1939 2047 Β
1969 2004 2146 2072 Asaph
2179 2012 2233 2059 et
2274 2004 2470 2059 Eman
2507 2012 2561 2060 et
2594 2003 2851 2068 ldithum,
2901 2006 3261 2061 vociferantes
3310 2008 3518 2079 Cinyra,

317 2099 568 2169 Ἰδιθουμ,
597 2102 722 2161 τοὺς
754 2098 1263 2168 ἀποφθεγγομένους
1313 2100 1371 2150 ἐν
1409 2098 1604 2169 κινύρᾳ
1669 2101 1761 2151 καὶ
1814 2102 1871 2151 ἑν

303 2174 527 2253 νάϐλαις
573 2191 667 2243 καὶ
713 2192 770 2243 ὲν
823 2190 1144 2263 τυμπάνοις.
1189 2209 1206 2239 ι
1267 2189 1411 2242 Ἀντὶ
1439 2190 1492 2241 δὲ
1519 2190 1646 2253 τοῦ,
1699 2209 1716 2239 ι
1748 2192 1872 2252 τοὺς

301 2276 833 2351 ἀποφθεγγομένους,
868 2300 885 2332 ι
928 2282 955 2335 6
996 2282 1092 2351 μὲν
1137 2282 1402 2345 Ἀκύλας,
1445 2300 1463 2332 ι
1508 2282 1614 2357 τῶν
1659 2299 1863 2353 προφη-

299 2373 432 2435 τῶν,
474 2393 492 2424 ι
529 2375 557 2426 6
599 2373 657 2426 δὲ
686 2372 973 2444 Σύμμαχος
1001 2356 1059 2435 ,ι
1092 2372 1206 2425 τῶν
1248 2356 1736 2443 προφητευσάντων
1776 2372 1864 2424 διὰ

300 2462 488 2535 λύρας,
511 2483 528 2515 ι
560 2462 835 2528 ἐξέδωκενο
856 2462 993 2515 ὥστε
1022 2464 1303 2533 προφήτας
1327 2463 1430 2533 χρὴ
1447 2456 1683 2533 νομίζειν
1707 2480 1863 2530 γεγο-

296 2554 445 2610 νέναι
470 2557 594 2618 τοὺς
606 2553 978 2624 δηλουμένους.
1000 2554 1106 2605 Καὶ
1128 2550 1280 2618 αὖθις
1297 2554 1422 2623 ἑξῆς
1443 2555 1653 2625 εἴρηται
1668 2554 1744 2623 τῷ
1760 2554 1868 2605 Ἰδι-

301 2644 462 2713 θούμ·
485 2661 504 2694 ι
528 2644 643 2695 Υἱοὶ
670 2642 919 2711 Ἰδιθοὺμ,
948 2641 1222 2705 Γοδολείας
1247 2644 1339 2695 καὶ
1358 2644 1544 2713 Σουρεὶ
1563 2640 1864 2706 καὶΑίείας,

298 2734 395 2787 καὶ
416 2733 652 2795 Σεδείας,
670 2732 764 2784 καὶ⁵
780 2731 1024 2795 Ματθίας
1044 2770 1060 2794 ,
1089 2731 1149 2795 ἓξ
1186 2732 1321 2802 μετὰ
1347 2734 1436 2785 τὸν
1459 2733 1669 2804 πατέρα
1693 2734 1867 2787 αὐτῶν
1887 2789 1913 2808 ο

312 2823 546 2893 Ἰδιθοὺμ
575 2824 633 2876 ἑν
661 2821 906 2892 κινύραις
933 2822 1371 2893 ἀνακρουόμενοι.
1409 2842 1428 2873 ι
1479 2823 1622 2876 Ἀντί
1664 2823 1719 2876 δὲ
1750 2823 1863 2887 τοῦ,

306 2931 327 2964 ι
364 2916 422 2967 ἑν
460 2913 707 2986 κινύραις
739 2915 1194 2985 ἀνακρουόμενοι,
1236 2934 1253 2965 ι
1311 2914 1472 2968 πάλιν
1525 2918 1553 2968 ό
1604 2904 1864 2979 Ἀκύλας,

302 3024 325 3056 ς
356 3005 555 3077 κιθάρᾳ
587 3005 939 3077 προφητεύων
963 3023 975 3035 ·
1008 3025 1026 3057 ι
1066 3008 1094 3059 6
1125 3005 1181 3057 δὲ
1214 3005 1525 3076 Σύμμαχος,
1556 3025 1573 3057 ι
1596 3005 1684 3058 διὰ
1702 3006 1867 3077 λύρας

296 3096 392 3149 τοῦ
416 3096 869 3167 προφητεύοντος,
914 3118 932 3149 ι
964 3096 1241 3163 ἐξέδωκεν.
1294 3098 1500 3151 Οὐκοῦν
1547 3099 1697 3152 καὶὸ
1749 3099 1867 3152 ’l6t-

294 3186 442 3258 θοὺμ
468 3182 549 3251 εἷς
575 3183 642 3259 ἦν
662 3188 770 3243 τῶν
802 3188 1248 3260 προφητευόντων
1278 3188 1365 3242 διὰ
1394 3189 1564 3261 λύρας
1587 3205 1601 3219 ⁸
1653 3190 1732 3243 διὸ
1774 3180 1899 3244 καῖ

295 3276 523 3341 εἰκότως
567 3278 709 3332 εῖποι
737 3278 802 3332 ἄν
833 3296 935 3342 τις,
981 3278 1228 3332 ἐντεῦθεν
1271 3279 1623 3351 ὁρμώμενος,
1663 3282 1735 3352 μὴ
1773 3282 1864 3334 τὸν

293 3369 459 3424 Δαυῖδ
491 3369 743 3433 συντάξαι
781 3370 871 3422 τὸν
894 3369 1125 3440 ψαλμὸν,
1162 3372 1256 3425 καὶ
1280 3371 1568 3447 δεδωκέναι
1618 3372 1695 3442 τῷ
1740 3373 1859 3425 ἰδι-

296 3458 456 3530 θοὺμ,
492 3460 626 3530 μηδὲ
650 3460 741 3513 τὸν
793 3460 1025 3530 Ἰδιθοὺμ
1051 3462 1503 3515 ὑποπεπτωκέναι
1546 3462 1626 3533 τῷ
1668 3480 1858 3533 πειρατ-

296 3552 439 3623 σμῷ,
474 3553 565 3604 καὶ
599 3550 888 3623 θεραπείας
919 3553 1195 3623 δεδεῆσθαι
1218 3553 1315 3622 τῆς
1353 3554 1501 3627 παρὰ
1536 3554 1629 3608 τοῦ
1676 3554 1854 3608 Δαυϊδ.

295 3640 445 3710 Μηδὶ
466 3640 573 3713 γὰρ
599 3639 693 3712 τὴν
720 3640 941 3713 Γραφὴν
966 3640 1208 3694 ύπαίτιόν
1241 3658 1345 3695 που
1373 3641 1463 3695 τὸν
1490 3641 1722 3713 ἰδιθοὺμ
1748 3644 1860 3695 είσ-

295 3732 488 3799 ἀτειν⁸
539 3730 652 3784 ἀλλ’
700 3730 933 3801 ἔμπαλιν
977 3730 1174 3800 μᾶλλον
1237 3726 1327 3784 τὸν
1378 3730 1540 3784 Δαυῖδ
1571 3729 1859 3803 πειρασμῷ

292 3822 771 3895 περιπεπτωκέναι
798 3823 1089 3878 διδάσκειν.
1131 3824 1221 3877 Διὸ
1266 3825 1360 3878 καὶ
1402 3824 1570 3894 φῆσαι
1606 3824 1672 3877 ἂν
1721 3825 1861 3877 εἰκό-

291 3929 422 3978 τως,
452 3916 732 3987 προφήτην
753 3912 880 3967 ὅντα
917 3914 1008 3967 τὸν
1049 3914 1301 3984 Ἰδιθοὺμ,
1348 3915 1472 3978 τοὺς
1510 3914 1568 3966 ἑν
1623 3912 1860 3985 ἀμφοτέ-

296 4022 410 4076 ροις
454 4006 565 4067 τοῖς
602 4005 988 4076 προδηλωθεῖσι
1025 4006 1258 4077 ψαλμοῖς
1312 4006 1503 4075 λόγους
1556 4006 1814 4071 συντάξαι
1840 4046 1855 4071 ,

293 4094 388 4146 καὶ
430 4091 510 4162 τῷ
556 4091 716 4145 Δαυῒδ
745 4094 1200 4165 παραδεδωκέναι,
1245 4096 1319 4161 ὡς
1353 4095 1419 4150 ἂν
1462 4096 1722 4165 ὠφελοῖτο
1765 4096 1860 4150 καὶ

295 4181 646 4253 θεραπεύοιτο
678 4181 738 4247 ἐξ
765 4183 943 4237 αὐτῶν
972 4186 1082 4238 νὲπὶ
1127 4189 1239 4250 τοῖς
1280 4186 1428 4259 αύτῷ
1468 4186 1856 4259 συμϐεϐηκόσι.

292 4276 452 4329 Δοκεῖ
480 4272 537 4327 δέ
570 4290 683 4337 πως
708 4275 879 4346 ταύτῃ
919 4264 985 4347 τῇ
1012 4276 1220 4348 διανοίᾳ
1272 4277 1671 4349 συμϐάλλεσθαι
1709 4279 1802 4332 καὶ
1829 4279 1859 4331 6

287 4365 605 4439 Σύμμαχος,
652 4369 750 4439 τὴν
773 4366 1335 4442 οπρογραφὴνλτοῦτον
1384 4371 1724 4442 ἑρμηνεύσας
1766 4371 1859 4425 τὸν

290 4437 524 4526 τρόπονγέ
563 4473 583 4507 t
628 4437 918 4519 'Ertwixtoc
941 4437 1040 4508 διὰ
1071 4437 1317 4528 ν’ἷδιθοὺμ
1342 4437 1561 4530 ᾠδὴ-είς
1609 4460 1793 4514 Δαυῖδ.
1832 4478 1853 4513 ι

292 4547 407 4602 Καὶ
442 4548 650 4619 μήποτε
678 4548 814 4618 μετὰ
838 4547 900 4600 τὸ
923 4548 1146 4620 σφάλμα
1165 4550 1227 4602 τὸ
1264 4550 1572 4622 ἑπισυμϐάν
1597 4551 1674 4622 τῷ
1698 4550 1859 4605 Δαυτδ

1971 2098 2149 2152 nablis
2176 2104 2229 2151 et
2270 2098 2533 2168 cymbalis
2557 2099 2622 2151 ‘°.
2667 2118 2685 2150 ι
2721 2097 2827 2152 Pro
2876 2098 2968 2151 illo
3002 2107 3202 2161 autem,
3240 2117 3259 2149 ι
3313 2099 3519 2157 vocife-

1971 2198 2181 2261 rantes",
2219 2207 2238 2239 ι
2276 2189 2492 2257 Aquila,
2528 2207 2549 2240 ‹
2588 2192 2898 2260 praphetas.
2936 2208 2956 2242 ο
2990 2188 3342 2260 Symmachus
3369 2205 3519 2257 vero,

1976 2298 1993 2328 α
2036 2266 2420 2348 prophetantes
2449 2280 2587 2351 lyra,
2625 2300 2644 2332 ι
2681 2281 3008 2348 ediderunt;
3046 2283 3115 2335 ita
3141 2289 3199 2336 ut
3239 2285 3520 2339 memorati

1969 2370 2071 2425 viri
2122 2373 2396 2440 propheta:
2433 2373 2720 2442 reputandi
2774 2374 2902 2428 sint.
2956 2372 3302 2444 Rursumque
3351 2374 3523 2431 fertur

1969 2460 2033 2512 de
2070 2457 2303 2513 ldithum
2335 2480 2347 2514 :
2376 2480 2394 2511 ‹
2422 2460 2544 2516 Filii
2576 2461 2830 2525 ldithum,
2861 2462 3138 2528 Godolias,
3179 2464 3327 2529 Suri,
3354 2465 3521 2525 Eleas

1970 2544 2172 2602 Sedeas
2203 2558 2255 2603 et
2278 2548 2549 2614 Matthias,
2585 2567 2678 2606 sex
2702 2558 2823 2621 post
2850 2560 3057 2621 patrem
3087 2570 3244 2609 suum
3268 2556 3484 2612 Idithun
3503 2597 3518 2621 ,

1966 2636 2169 2707 cinyris
2198 2649 2613 2717 concrepantes.
2663 2660 2681 2691 ι
2715 2638 2820 2694 Pro
2868 2642 2963 2695 illo
3005 2652 3204 2710 autem,
3252 2663 3271 2695 ‹
3319 2646 3522 2717 cinyris

1966 2713 2383 2800 concrepantes.
2419 2750 2437 2782 ι
2476 2732 2670 2801 Aquila
2700 2747 2939 2799 rursum,
2972 2751 2991 2783 ο
3036 2735 3243 2788 cithara
3288 2713 3521 2806 prophe-

1964 2827 2126 2885 tans;
2182 2840 2201 2873 ›
2256 2820 2611 2891 Symmachus
2660 2836 2807 2885 vero,
2849 2840 2867 2872 ι
2919 2823 3033 2893 lyra
3065 2826 3456 2895 prophetantis.
3492 2847 3513 2880 ι

1965 2910 2156 2964 edidit.
2185 2908 2415 2964 ldithum
2460 2926 2591 2981 ergo
2619 2926 2649 2966 e
2678 2927 2904 2966 numero
2938 2914 3371 2983 prophetantium
3404 2917 3516 2988 lyra

1967 3001 2107 3069 fuit;
2159 3004 2510 3073 quamobrem
2562 3005 2685 3074 jure
2734 3005 2894 3074 quis,
2951 3006 3079 3061 hinc
3140 3019 3517 3078 argumentum

1966 3102 2268 3159 mutuatus,
2304 3095 2522 3160 dixerit,
2551 3094 2805 3152 Davidem
2841 3111 2942 3152 nec
2972 3100 3343 3170 composuisse.
3370 3102 3518 3171 psal-

1965 3201 2134 3249 mum,
2166 3202 2266 3242 nec
2296 3186 2398 3257 ipsi
2439 3186 2671 3261 ldithum
2704 3189 3033 3244 tradidisse:
3070 3205 3246 3261 neque
3286 3191 3517 3247 ldithum

1966 3278 2021 3331 iu
2051 3278 2401 3333 tentationem
2434 3278 2736 3349 delapsum,
2768 3289 2827 3335 ut
2858 3282 3118 3338 medelam
3152 3298 3182 3337 a
3203 3282 3402 3338 Davide
3430 3298 3519 3337 ac-

1966 3368 2168 3437 ciperet
2240 3384 2379 3438 opus
2442 3369 2721 3425 habuisse.
2775 3370 2960 3441 Neque
3020 3375 3163 3428 enim
3238 3373 3517 3444 Scriptura

1964 3458 2175 3526 uspiam
2217 3459 2391 3527 ipsum
2426 3458 2661 3513 ldithum
2696 3460 3145 3529 reum'inducit;
3188 3463 3306 3518 imo
3339 3466 3519 3533 potius

1965 3547 2219 3602 Davidem
2270 3548 2325 3602 in
2354 3551 2708 3606 tentationem
2746 3552 2953 3623 lapsum
2983 3567 3105 3608 esse
3132 3548 3308 3613 docet.
3338 3541 3519 3621 Quare

1964 3648 2327 3719 congruenter
2355 3642 2799 3712 dicaturhipsum
2850 3642 3109 3707 ldithum,
3157 3651 3342 3716 utpote
3388 3662 3516 3716 pro-

1962 3730 2199 3799 phetam,
2230 3742 2559 3789 memoratos
2596 3733 2734 3797 duos
2766 3734 3003 3804 psalmos
3035 3737 3425 3805 composuisse.
3462 3747 3517 3793 et

1963 3817 2151 3873 Davidi
2176 3821 2488 3885 tradidisse,
2521 3832 2578 3878 ut
2606 3840 2671 3879 ex
2700 3824 2770 3880 iis
2800 3826 3086 3882 utilitatem
3126 3841 3189 3881 ac
3218 3828 3514 3883 remedium

1964 3910 2019 3965 in
2055 3912 2429 3977 accidentibus
2458 3914 2615 3972 malis
2648 3916 2971 3986 perciperet.
3004 3915 3140 3971 Huic
3182 3932 3345 3988 porro
3394 3935 3520 3975 sen-

1961 4002 2145 4056 tentiae
2180 4002 2429 4058 conferre
2474 4002 2832 4075 Symmachus
2885 4006 3120 4073 videtur,
3170 4010 3263 4080 qui
3302 4011 3515 4065 titulum

1963 4094 2063 4147 hac
2090 4095 2300 4151 ratione
2341 4097 2728 4167 interpretatus
2774 4106 2898 4155 est:
2956 4119 2977 4151 ι
3038 4099 3389 4175 Triumphale
3421 4117 3518 4172 per

1962 4182 2220 4248 ldithum,
2263 4188 2537 4243 canticum
2575 4190 2644 4244 ’m
2682 4190 2957 4245 Davidem.
2998 4210 3019 4243 ›
3049 4191 3186 4245 Num
3230 4194 3367 4245 forte
3386 4199 3517 4260 post

1963 4276 2422 4348 lapsumtDavidis
2447 4296 2576 4351 erga
2622 4280 2766 4345 Uriaa
2809 4298 3056 4345 uxorem,
3102 4297 3225 4336 cum
3272 4281 3512 4352 nondum

1962 4376 2148 4437 posset
2176 4370 2596 4440 pristinomore
2644 4372 2987 4443 prophetare,
3022 4372 3309 4440 multaeque
3339 4378 3515 4426 tenta-

1963 4460 2163 4523 tiones,
2183 4456 2625 4531 calamitatesque
2641 4460 2951 4531 frequentes
2970 4461 3255 4524 instarent,
3281 4457 3515 4513 ldithum

1962 4549 2170 4622 Spiritu
2216 4561 2410 4607 sancto
2443 4552 2651 4607 afﬂatus
2680 4552 2780 4607 hos
2818 4552 2887 4605 ab
2934 4565 2995 4606 se
3022 4552 3351 4621 compositos
3400 4565 3515 4606 ser-

280 4638 387 4691 ‘éut
405 4640 471 4710 τῇ
494 4638 589 4692 τοῦ
692 4640 805 4711 ρίου
830 4639 1067 4709 γυναικὶ,
1096 4640 1290 4711 μηκέτι
1311 4642 1423 4694 οἴου
1444 4660 1505 4695 τε
1530 4642 1698 4697 αὐτοῦ
1720 4642 1861 4697 κατά
1893 4671 1937 4725 ι)
1965 4658 2017 4698 m

1771 4642 1861 4697 ιιτά
1893 4671 1937 4725 ι)
1965 4658 2175 4706 mones.
2202 4641 2357 4713 quasi
2395 4642 2633 4697 remedia
2677 4639 2745 4694 ad
2778 4640 3041 4697 medelam
3074 4642 3272 4695 animae
3303 4648 3509 4710 parata.

290 4729 356 4782 τὺ
380 4731 605 4785 παλαιὸν
634 4720 1011 4805 προφητεύειν,
1039 4731 1247 4785 πολλῶν
1282 4731 1339 4785 δὲ
1378 4734 1698 4805 πειρασμῶν
1725 4734 1864 4789 ἑπα-

292 4820 632 4891 νισταμένων
666 4802 813 4893 αὐτῷ
836 4822 927 4877 καὶ
955 4821 1245 4895 συμφορῶν
1614 4863 1629 4888 ,
1674 4826 1704 4876 6
1749 4826 1865 4880 Ἰδι-

294 4907 457 4980 θοὺμ,
508 4912 786 4984 Πνεύματι
828 4912 965 4985 ἁγίῳ
995 4912 1256 4978 συντάξας
1294 4908 1437 4976 τοὺς
1465 4900 1857 4985 προκειμένους

293 4997 507 5068 λόγους,
549 5001 736 5076 ὥσπερ
785 5006 907 5058 τινὰ
941 5004 1206 5076 φάρμακα
1263 5003 1440 5074 ψυχῆς
1489 5003 1861 5077 θεραπευτικὰ

1922 4732 1925 4735 λ
1964 4735 2067 4805 ipsi
2091 4735 2334 4792 tradidit.
2364 4740 2423 4787 ut
2451 4748 2638 4787 eorum
2662 4731 2912 4789 doctrina
2940 4732 3194 4787 solatium
3216 4724 3518 4801 acciperet?

1963 4823 2108 4881 Sane
2133 4839 2253 4878 cum
2284 4822 2348 4876 ad
2380 4837 2620 4894 praesens
2645 4832 3021 4896 argumentum
3051 4822 3189 4877 duas
3218 4820 3515 4877 sententias

1958 4916 2259 4989 legentibus
2290 4914 2632 4971 attulerimus
2660 4952 2676 4978 ,
2713 4910 2891 4969 utram
2925 4915 3092 4970 velint
3120 4913 3390 4982 amplecti,
3420 4926 3516 4979 per

1958 5022 2060 5062 nos
2095 5004 2297 5059 licebit.

295 5092 601 5150 ἐπιδίδωσιν
645 5095 824 5167 αὐτῷ,
851 5098 930 5161 είς
958 5098 1020 5151 τὸ
1049 5095 1483 5170 παραμυθεῖσθαι
1536 5098 1602 5151 ἑκ
1643 5097 1744 5168 τῆς
1792 5101 1852 5154 ἑν
1888 5101 2067 5164 αὐτοῖς
2104 5097 2485 5165 διδασκαλίας;
2523 5100 2632 5152 Καὶ
2672 5095 2736 5169 δὴ
2775 5095 2924 5149 δυσὶν
2982 5092 3225 5162 ἑκδοχαῖς
3292 5089 3516 5143 ἑπιϐάλ-

295 5180 478 5247 Amet:
510 5188 592 5250 είς
618 5188 693 5245 τὰ,
710 5183 1041 5262 προκείμενα
1086 5194 1196 5255 τοῖς
1244 5190 1655 5262 ἐντυγχάνουσι,
1699 5184 1931 5268 θατέρας
1951 5194 2127 5251 αὐτῶν
2150 5191 2249 5265 τὴν
2280 5194 2489 5265 αἵρεσιν
2517 5192 2928 5263 καταλείψομεν.

294 5358 303 5365 ,
374 5319 394 5353 ι
407 5300 549 5364 Ἕως
573 5284 703 5355 πότε
718 5304 1021 5379 ἐπιτίθεσθε
1038 5308 1122 5360 ἐπ’
1141 5306 1443 5379 ἄνθρωπον,
1460 5300 1711 5374 φονεύετε
1727 5309 1863 5363 πάν-

294 5408 387 5453 τες
405 5390 563 5461 ὑμεῖς
585 5406 600 5455 ;
621 5390 696 5454 ὡς
709 5393 872 5464 τοίχῳ
891 5393 1190 5469 κεκλιμένῳ
1208 5398 1301 5452 καὶ
1320 5394 1556 5468 φραγμῷ
1574 5396 1823 5469 ὼσμένῳ.
1838 5419 1855 5450 ι

309 5482 590 5553 Ἐμφαίνει
612 5481 699 5536 διὰ
729 5471 929 5537 τούτων
959 5487 1032 5559 μὴ
1060 5488 1158 5543 ἕνα
1194 5490 1353 5565 μόνον
1392 5488 1691 5559 πειρασμὸν
1730 5491 1863 5544 ὑπο-

300 5574 661 5647 μεμενηκέναι
687 5577 717 5629 6
746 5575 927 5640 Δαυῒδ,
956 5579 1079 5651 μηδ’
1109 5580 1299 5652 ὥσπερ
1325 5580 1449 5651 μίαν
1476 5578 1689 5651 πληγὴν
1722 5582 1863 5654 εἱλη-

296 5665 454 5735 φέναι
492 5667 598 5722 ὑπὸ
621 5667 727 5721 τῶν
751 5668 1086 5725 ἀντιπάλωνσ
1121 5672 1271 5736 ὡςδὲ
1302 5672 1397 5725 ἐπὶ
1442 5669 1635 5742 μακρῷ
1684 5672 1860 5741 χρόνῳ

294 5760 650 5828 τυπτόμενος,
689 5761 781 5813 καὶ
806 5762 1086 5833 καρτερῶς
1126 5763 1408 5832 ὑπομένων
1454 5763 1551 5826 τὰς
1595 5764 1863 5833 ἐπαγομέ-

2035 5307 2202 5364 Vens.
2238 5309 2291 5374 4,
2324 5309 2377 5363 5.
2417 5328 2435 5361 ι
2474 5308 2767 5377 Quousque
2792 5306 2999 5360 irruitis
3027 5302 3081 5356 in
3111 5300 3405 5365 hominem,
3433 5302 3520 5355 in-

1965 5400 2217 5457 terlicitis
2256 5388 2494 5456 universi
2538 5414 2635 5455 vos
2661 5438 2675 5463 ,
2710 5381 2976 5468 tanquam
3013 5395 3206 5466 parieti
3254 5394 3519 5449 inclinato

1965 5502 2018 5549 et
2053 5492 2304 5547 maceriae
2332 5492 2589 5568 depulsze.
2642 5507 2662 5543 ι
2694 5488 2787 5545 His
2833 5488 3071 5543 declarat
3112 5485 3277 5539 David
3312 5500 3371 5539 se
3407 5500 3516 5561 non

1966 5598 2128 5637 unam
2159 5597 2476 5652 perpessum
2529 5582 2899 5639 tentationem.
2938 5592 3115 5647 neque
3164 5591 3273 5630 uno
3321 5577 3388 5630 ab
3418 5576 3515 5631 ad-

1964 5673 2221 5726 versariis
2270 5674 2417 5727 velut
2444 5678 2668 5728 vulnere
2716 5669 3069 5729 confossum.
3121 5668 3213 5723 sed
3262 5668 3519 5723 diuturno

1963 5771 2205 5830 tempore
2238 5778 2557 5833 percussum
2586 5805 2601 5831 ,
2641 5779 2705 5819 ac
2752 5762 2984 5817 inﬂictas
3031 5762 3216 5831 plagas
3254 5772 3522 5831 patienter

348 5917 416 5949 ’“
456 5916 474 5969 l
512 5915 691 5975 Paral.
726 5934 852 5985 xw,
883 5919 972 5975 57,
1048 5918 1092 5951 ⁸⁵
1130 5917 1257 5974 ibid.
1293 5919 1381 5974 Η.
1458 5918 1501 5951 ⁶⁸
1530 5917 1659 5973 ibid.
1692 5915 1779 5972 42.
1856 5918 1899 5949 ⁶⁶
1932 5919 1949 5971 1
1985 5916 2086 5970 Par

665 5919 691 5975 l.
726 5934 852 5985 xw,
883 5919 972 5975 57,
1048 5918 1092 5951 ⁸⁵
1130 5917 1257 5974 ibid.
1293 5919 1381 5974 Η.
1458 5917 1659 5973 “ibid.
1692 5915 1779 5972 ΔΞ.
1856 5918 1899 5949 ⁶⁶
1932 5919 1949 5971 1
1985 5916 2159 5970 l’aral.
2196 5933 2329 5993 xxv.
2356 5920 2403 5971 1.
