4402 6448
984 539 1071 590 591
1663 535 1926 594 E'US'EBII
1963 535 2437 590 CAESARIENSIS
2476 535 2623 590 ()PP.
2669 538 2845 591 PARS
2879 536 2962 591 Ill.
3004 569 3069 575 —
3107 535 3506 592 EXEGETICA.

4060 542 4164 596 592

979 654 1272 714 ferentem,
1345 655 1609 708 credentes
1675 653 1872 706 talibus
1933 652 2090 704 dictis
2157 652 2514 719 compellare:
2549 655 2714 713 Ανας

2425 665 2514 703 re:
2549 655 2591 709 Α
2621 668 2714 713 νας
2746 649 2892 719 αὐτῷ
2921 649 3149 718 πληγὰς.
3194 649 3418 717 φάσκειν
3455 652 3564 712 τοῖς
3612 655 3916 702 τύπτουσιν·
3953 668 3974 700 ι
4023 651 4163 714 Ἕως

981 761 998 792 ι
1039 742 1329 810 Quousque
1356 744 1563 796 irruitis
1586 743 1640 795 in
1667 743 1936 795 hominem
1963 743 1985 792 ?
2016 759 2034 791 ι
2062 741 2194 801 sive,
2221 739 2515 794 secundum

977 833 1240 901 Aquilam,
1280 850 1297 880 ι
1335 833 1627 901 Quousque
1657 825 2061 884 insidiamini‘lr
2086 830 2189 890 vel,
2225 831 2516 884 secundum

976 906 1377 993 Symmachum,
1416 944 1433 974 ι
1475 923 1770 991 Quousque
1798 924 1852 974 in
1879 936 2072 974 vanum
2102 921 2458 974 laborabitis?
2494 941 2510 972 ›

975 1012 1174 1064 Exinde
1207 1003 1584 1065 insidiatorum
1632 1004 1883 1080 arguens.
1913 1011 2267 1087 propositum,
2306 1007 2467 1064 infert
2501 1028 2512 1062 :

977 1122 994 1153 ι
1052 1104 1360 1156 lnterﬁcitis
1404 1105 1639 1157 universi
1698 1119 1812 1158 vos.
1876 1123 1893 1154 ›
1950 1102 2259 1168 Homicidae,
2322 1103 2514 1170 inquit,

972 1195 1102 1246 estis
1135 1213 1146 1248 :
1186 1211 1359 1264 neque
1395 1202 1582 1248 contra
1613 1195 1864 1247 athletam
1900 1195 2053 1264 quasi
2093 1195 2385 1250 adversarii
2409 1203 2516 1246 sta-

952 1267 1162 1337 Itariam
1198 1293 1445 1355 'pugnam
1514 1285 1580 1337 ad
1637 1285 2075 1340 exercitationem
2145 1283 2511 1346 committitis;

973 1375 1065 1428 sed
1105 1377 1385 1430 occidendi
1420 1375 1599 1429 studio
1632 1376 1687 1428 in
1731 1391 1815 1428 me
1863 1375 2091 1436 irruitis,
2127 1383 2179 1429 et
2210 1382 2266 1427 ut
2317 1373 2518 1427 auxilio

975 1463 1221 1531 vacuum,
1270 1475 1326 1518 ut
1362 1480 1572 1517 murum
1619 1465 1726 1533 join
1776 1465 2085 1518 inclinatum
2130 1471 2186 1518 et
2234 1463 2516 1517 maceriem

974 1560 1274 1628 depulsam,
1304 1558 1675 1628 aggredimini.
1701 1558 1832 1609 Nam
1867 1558 2020 1625 quasi
2045 1556 2257 1611 nemine
2284 1556 2519 1609 circum-

972 1653 1205 1703 vallante
1233 1661 1324 1702 aut
1370 1651 1665 1713 muniente,
1715 1651 2054 1717 animamque
2083 1663 2255 1701 meam
2286 1654 2514 1711 tutante,

975 1745 1046 1796 ita
1082 1745 1307 1796 irruitis.
1344 1743 1637 1812 Quousque
1671 1742 1832 1810 igitur
1860 1741 1973 1796 haec
1993 1740 2190 1796 frustra
2219 1739 2516 1801 tentabitis,

975 1850 1146 1903 neque
1171 1834 1476 1894 cessabitis,
1512 1835 1742 1888 scientes
1776 1832 2048 1885 invenisse
2079 1846 2165 1884 me
2189 1830 2516 1898 praesidium,

974 1923 1251 1977 custodem
1313 1940 1374 1977 ac
1435 1923 1809 1978 servatorem?
1859 1921 2035 1985 Quare
2092 1919 2314 1973 fidenter
2360 1918 2515 1972 dixi:

2624 741 2751 793 πότε
2775 739 3074 792 ἐπιτίθεσθε
3102 739 3186 790 ἐπ’
3211 738 3522 809 ἄνθρωπονς
3568 759 3584 789 ι
3618 741 3649 807 ἢ
3685 742 3820 793 κατὰ
3857 741 3943 792 τὸν
4005 742 4161 793 Ἀκύ-

2621 831 2744 884 λανο
2769 847 2787 880 ι
2820 831 2961 893 Ἕως
2998 830 3137 891 τίνος
3162 828 3568 893 ἐπιϐουλεύετε;
3602 849 3619 879 ι
3661 831 3856 899 ἥκατά
3897 831 3986 883 τὸν
4025 830 4164 900 Σύμ-

2625 937 2789 990 μαχον
2813 937 2825 950 ·
2851 921 3023 981 ιἝως
3049 919 3189 980 τίνος
3220 919 3668 987 ματαιοπονήσετε
3690 935 3736 982 ς»
3766 915 3896 972 Εἶτα
3929 919 4023 990 τὴν
4045 936 4166 991 προ-

2621 1012 2828 1081 αίρεσιν
2864 1009 2970 1063 τῶν
2997 1006 3443 1060 ἐπιϐουλευόντων
3488 1007 3633 1078 αὐτῷ
3673 1008 3956 1078 διελέγχων
3994 1009 4124 1078 φησι
4147 1022 4162 1036 ³

2627 1119 2644 1150 ι
2677 1100 2927 1152 Φονεύετε
2961 1099 3158 1158 πάντες
3180 1097 3406 1175 ὑμεῖς.)
3435 1098 3686 1151 Φονευταὶ
3707 1098 3812 1168 γάρ
3833 1101 3973 1161 ἐστε,
4013 1093 4160 1166 φησί·

2623 1191 2714 1243 καὶ
2745 1191 2840 1260 οὐχ
2873 1191 3058 1262 ὥσπερ
3079 1192 3467 1260 ἀνταγωνισταὶ⁸
3494 1189 3623 1259 πρὸς
3647 1189 3877 1258 ἀθλητὴν
3895 1189 4163 1259 ἱστάμενοι

2626 1281 2782 1352 μέχρι
2813 1282 3109 1351 γυμνασίου
3140 1282 3401 1335 ποιεῖσθαι
3417 1282 3514 1352 τὴν
3537 1279 3764 1350 ἅμιλλαν
3783 1296 3797 1311 °
3820 1279 3953 1332 ἀλλὰ
3975 1280 4162 1349 φονικῇ

2623 1373 2937 1441 προαιρέσει
2967 1372 3266 1426 ἐπιτίθεσθε
3292 1389 3400 1442 μοι,
3431 1373 3523 1424 καὶ
3556 1369 3857 1424 ἐπιτίθεσθε
3884 1369 3958 1432 ὡς
4001 1369 4164 1440 ἀϐοη-

2623 1461 2785 1531 θήτῳ,
2821 1462 2913 1513 καὶ
2935 1460 3011 1524 ὠς
3043 1461 3140 1533 ἥδη
3172 1462 3472 1532 κεκλιμένῳ
3497 1461 3656 1531 τοίχῳ
3683 1461 3779 1513 καὶ
3831 1458 4067 1531 φραγμῷ
4096 1458 4166 1510 ὠ-

2624 1551 2820 1621 σμένῳ.
2863 1552 2949 1615 Ὠς
2971 1552 3078 1621 γὰρ
3105 1551 3324 1623 μηδενὸς
3345 1552 3796 1623 περιφράττοντος
3841 1550 3975 1621 μηδὲ
4011 1567 4164 1619 περι-

2623 1643 2941 1714 τειχίζοντος
2963 1645 3056 1696 καὶ
3088 1643 3182 1712 τὴν
3213 1641 3348 1712 ἐμὴν
3369 1640 3728 1714 φρουροῦντος
3759 1639 3966 1711 ψυχὴν,
3997 1637 4166 1700 οὕτως

2623 1733 2944 1788 ἐπιτίθεσθε.
2987 1736 3129 1796 Ἕως
3158 1729 3248 1786 οὖν
3303 1733 3430 1786 πότε
3470 1732 3639 1787 ταῦτα
3689 1730 4165 1803 ματαιοπονήσετε,

2625 1826 2715 1878 καὶ
2745 1827 2864 1895 οὐχὶ
2893 1826 3161 1879 παύσεσθε
3210 1825 3418 1888 λοιπὸν,
3471 1825 3707 1893 γνόντες,
3760 1824 3842 1876 ὃτι
3873 1814 4029 1892 εὗρον
4071 1822 4168 1890 τὴν

2625 1917 2855 1986 ἐμαυτοῦ
2889 1919 3150 1987 φυλακὴν,
3180 1917 3272 1968 καὶ
3311 1915 3399 1968 τὸν
3422 1915 3654 1986 ἐμαυτοῦ
3689 1916 3923 1988 φρουρὸν
3953 1914 4046 1968 καὶ
4069 1913 4170 1965 Σω-

980 2033 995 2063 ι
1032 2014 1221 2066 Nonne
1267 2014 1374 2068 Deo
1408 2014 1653 2081 subjecta
1698 2012 1802 2065 erit
1849 2012 2026 2064 anima
2078 2009 2238 2062 mea?
2281 2009 2348 2061 ab
2405 2009 2522 2078 ipso
2550 1998 2718 2076 Βτῆρ

2431 2023 2522 2078 pso
2550 1998 2593 2052 Β
2618 2006 2755 2076 τῆρα
2779 2024 2794 2072 ;
2841 2008 2930 2059 Διὸ
2958 2008 3232 2078 ἐθάρσησα
3276 2007 3440 2074 φάναι
3465 2023 3478 2035 ο
3519 2024 3538 2057 ι
3571 2007 3701 2076 Οὐχὶ
3724 2006 3802 2076 τῷ
3829 2004 3946 2075 Θεῷ
3977 2006 4169 2056 ὑποτα-

973 2106 1115 2157 enim
1147 2105 1378 2159 salutare
1410 2118 1610 2158 meum.
1640 2100 1774 2154 Nam
1811 2109 1864 2154 et
1924 2101 2037 2168 ipse
2090 2098 2232 2154 Deus
2280 2114 2432 2154 meus
2470 2107 2524 2154 et

975 2193 1224 2247 Salvator
1285 2207 1478 2252 meus,
1535 2197 1818 2258 susceptor
1870 2204 2046 2252 meus,
2106 2204 2216 2243 non
2270 2189 2524 2244 movebar

975 2285 1227 2353 amplius.
1257 2281 1641 2336 Verumtamen
1685 2279 1917 2349 pretium
1949 2294 2124 2332 meum
2157 2279 2525 2349 cogitaverunt

974 2371 1255 2439 repellere,
1291 2378 1652 2423 cucurrerunt
1705 2368 1760 2421 in
1806 2367 1916 2429 siti,
1968 2382 2063 2421 ore
2111 2383 2209 2423 suo
2242 2369 2526 2423 benedice-

974 2462 1136 2523 bant,
1196 2468 1249 2515 et
1293 2460 1459 2513 corde
1512 2475 1612 2513 suo
1667 2457 2076 2513 maledicebant.
2141 2457 2460 2528 Diapsalma.
2501 2480 2518 2509 ι

973 2550 1159 2603 Priora
1207 2549 1423 2618 quidem
1457 2548 1569 2602 sive
1604 2546 1770 2600 David
1803 2546 1918 2601 sive
1964 2547 2195 2602 ldithum
2245 2563 2364 2604 sese
2393 2550 2525 2603 allo-

975 2655 1149 2709 quens
1182 2639 1349 2704 dixit;
1376 2637 1612 2693 secunda
1641 2636 1890 2690 inimicos
1915 2637 2244 2706 compellans
2270 2640 2520 2708 protulit;

975 2732 1136 2786 tertia
1165 2746 1232 2784 ex
1261 2728 1550 2800 propositis
1592 2727 1768 2781 verbis
1817 2742 1916 2781 nos
1944 2728 2172 2782 edocent
2204 2743 2312 2798 quo
2339 2731 2525 2784 consi-
2553 2782 2566 2792 _

973 2823 1046 2875 lio
1093 2820 1321 2876 insidias
1370 2820 1473 2889 ipsi
1525 2820 1768 2888 pararint
1818 2820 2210 2887 conjuratores.
2259 2819 2524 2886 Quocirca

972 2912 1143 2964 dicit:
1183 2929 1202 2962 ι
1244 2909 1627 2964 Verumtamen
1661 2910 1894 2980 pretium
1941 2925 2120 2966 meum
2154 2911 2527 2980 cogitaverunt

973 3001 1252 3074 repellere.
1313 3020 1332 3052 ι
1371 3001 1564 3054 Omnia
1598 3003 1796 3070 quippe
1822 3015 2013 3059 eorum
2042 3000 2339 3064 molimina,
2369 3015 2527 3054 omne

976 3092 1286 3155 consilium,
1338 3105 1446 3144 non
1495 3091 1602 3143 alio
1654 3092 1988 3158 spectabant,
2020 3105 2179 3161 quam
2225 3097 2284 3144 ut
2331 3106 2414 3144 me
2460 3090 2529 3145 ab

980 3183 1181 3235 honore
1222 3197 1328 3250 quo
1358 3180 1501 3250 apud
1531 3179 1698 3233 Deum
1731 3181 2026 3251 gaudebam
2068 3179 2444 3244 deturbarent,
2476 3191 2528 3236 et

975 3273 1204 3340 pristina
1243 3286 1360 3326 mea
1389 3273 1560 3341 gloria
1587 3274 1903 3343 spoliarent.
1940 3273 2077 3327 Hinc
2117 3273 2346 3328 consilio
2389 3274 2526 3328 inito

975 3455 1028 3507 in
1059 3455 1170 3517 siti,
1203 3468 1374 3508 meam
1403 3469 1626 3509 cernere
1658 3456 1952 3525 perniciem
1991 3457 2259 3514 sitientes.
2295 3456 2401 3513 Pro
2433 3458 2525 3512 illo

973 3551 1173 3610 autem,
1201 3562 1218 3594 ι
1243 3544 1298 3598 in
1317 3545 1429 3609 siti,
1457 3563 1476 3596 ι
1503 3545 1750 3616 Aquila,¢
1771 3547 1828 3600 in
1849 3547 2098 3612 fallacia;
2125 3567 2144 3599 ι
2170 3546 2527 3619 Symmachus

967 3635 1208 3699 vero,ain
1226 3635 1538 3704 mendacio;
1563 3656 1581 3688 ι
1606 3638 1793 3707 quinta
1807 3638 1993 3702 editio,
2017 3640 2101 3705 «in
2120 3637 2289 3706 falso;
2313 3658 2330 3691 ι
2353 3639 2527 3696 etalia

970 3723 1097 3777 item
1128 3723 1311 3787 editio,
1335 3743 1354 3772 ι
1379 3725 1434 3778 in
1465 3725 1610 3792 dolo,
1640 3747 1658 3779 ι
1696 3729 2032 3798 interpretati
2055 3737 2205 3785 sunt.
2221 3726 2526 3784 Verisimile

970 3815 1151 3883 itaque
1180 3826 1266 3870 est
1292 3816 1347 3869 in
1373 3825 1562 3872 nostra
1583 3834 1799 3889 quoque
1838 3821 2069 3875 lectione
2091 3820 2325 3891 positum
2347 3821 2525 3893 primo

972 3903 1161 3969 fuisse,
1183 3924 1201 3956 ι
1225 3907 1279 3959 in
1296 3908 1596 3969 mendacio.
1611 3928 1629 3960 ›
1653 3910 1726 3963 ita
1746 3917 1802 3962 ut
1818 3909 2140 3975 diceretur,t
2165 3919 2525 3966 cucurrerunt

971 3998 1028 4052 in
1058 3997 1338 4052 mendacio
1367 4016 1381 4064 ;
1430 4018 1449 4049 ι
1485 3999 1538 4054 id
1561 4008 1665 4064 est,
1688 4001 1895 4056 inimici
1927 4011 1980 4056 et
2013 4002 2362 4058 insidiatores
2396 4006 2521 4067 mei,

970 4103 1080 4142 non
1109 4088 1247 4143 duce
1289 4089 1536 4155 veritate,
1578 4090 1674 4144 sed
1713 4105 1837 4144 cum
1881 4076 2001 4146 sese
2057 4100 2199 4147 totos
2243 4093 2525 4149 mendacio

969 4178 1343 4253 tradidissent,
1376 4195 1600 4235 cursum
1635 4188 1688 4234 et
1745 4182 1980 4235 studium
2012 4199 2170 4237 suum
2203 4195 2389 4240 contra
2440 4200 2526 4240 me

966 4271 1321 4326 direxerunt:
1385 4271 1481 4326 sed
1551 4271 1904 4341 sequentibus
1968 4274 2298 4343 temporibus
2370 4276 2524 4344 lapsu

965 4362 1244 4432 graphice,
1273 4377 1369 4431 pro
1400 4363 1575 4428 illo,év
1597 4362 1798 4433 ψεύδει,
1818 4363 1872 4417 id
1918 4372 2056 4418 εει-ι
2087 4364 2142 4417 in
2172 4366 2470 4434 mendacio,
2501 4385 2519 4417 ι

966 4453 1023 4504 ἐν
1050 4450 1209 4520 δίψει,
1241 4451 1293 4505 id
1323 4460 1406 4506 est
1441 4470 1459 4503 ι
1495 4453 1550 4506 in
1585 4452 1676 4507 siti
1715 4471 1732 4502 ι
1760 4453 1997 4522 positum
2025 4453 2212 4509 fuisse.
2246 4454 2524 4520 Quomodo

966 4549 1145 4594 autem
1207 4540 1545 4596 insidiatores
1614 4543 1688 4597 illi
1756 4554 2040 4598 currerent
2103 4544 2160 4600 in
2211 4545 2514 4611 mendacio,

2621 2096 2844 2164 γήσεται
2874 2099 2907 2167 ἡ
2941 2097 3084 2167 ψυχή
3120 2114 3258 2167 μους
3310 2097 3438 2165 παρ’
3484 2093 3646 2146 αὑτοῦ
3676 2094 3784 2164 γὰρ
3812 2094 3874 2147 τὸ
3909 2093 4169 2164 σωτήριόν

2626 2203 2746 2254 μου.
2777 2187 2884 2240 Καὶ
2908 2188 3019 2259 γὰρ
3042 2187 3201 2250 αὐτὸς
3227 2187 3358 2249 Θεός
3385 2175 3485 2258 μου
3519 2186 3612 2240 καὶ
3638 2185 3827 2254 Σωτήρ
3857 2202 3980 2254 μου,
4029 2185 4171 2237 ἀντι-

2623 2277 2845 2348 λὴπτωρ
2889 2296 3008 2348 μου,
3056 2281 3114 2332 οὺ
3147 2280 3220 2350 μὴ
3277 2279 3518 2332 σαλευθῶ
3551 2279 3642 2330 ἐπὶ
3667 2276 3867 2330 πλεῖον.
3905 2275 4050 2345 Πλὴν
4075 2276 4170 2344 τὴν

2622 2370 2786 2438 τιμήν
2822 2385 2920 2439 μου
2959 2369 3340 2423 ἐϐουλεύσαντο
3377 2368 3726 2432 ἀπώσασθαι,
3751 2367 3981 2438 ἔδραμον
4011 2368 4069 2420 ἐν
4100 2366 4173 2418 δί-

2622 2461 2739 2530 ψεισ
2777 2460 2854 2530 τῷ
2881 2466 3103 2531 στόματι
3136 2461 3312 2514 αὐτῶν
3334 2460 3604 2528 εύλόγουν,
3641 2460 3734 2511 καὶ
3762 2461 3827 2528 τῇ
3857 2457 4050 2529 καρδίᾳ
4080 2457 4173 2508 ab-

2623 2551 2728 2603 τῶν
2755 2551 3085 2621 κατηρῶντο.
3126 2549 3432 2619 Διάψαλμα.
3475 2568 3493 2600 ι
3531 2549 3611 2601 Τὰ
3661 2548 3756 2618 μὲν
3787 2546 3976 2618 πρῶτα
4016 2545 4172 2609 αὐτὸς

2622 2641 2796 2711 ἐαυτῷ
2826 2643 2940 2712 ἦτοι
2965 2640 3199 2709 Δαυῒδ,ἣ
3241 2639 3472 2710 Ἰδιθοὺμ
3501 2639 3820 2692 διείλεκται·
3868 2638 3938 2691 τὰ
3967 2639 4023 2692 δὲ
4052 2637 4172 2691 δεύ-

2622 2748 2753 2800 τερα
2786 2731 2919 2803 πρὸς
2943 2731 3068 2794 τοὺς
3089 2729 3311 2800 ἐχθροὺς
3339 2728 3680 2782 ἀπετείνατο·
3710 2730 3779 2782 τὰ
3810 2728 3867 2782 δὲ
3907 2728 4062 2800 τρίτα
4090 2726 4175 2781 διὰ

2621 2810 2727 2874 τῶν
2755 2822 3124 2892 προκειμένων
3153 2822 3296 2891 ἡμᾶς
3323 2819 3579 2881 διδάσκει,
3599 2819 3781 2873 τίποτε
3810 2818 4175 2889 βουλευόμενοι

2621 2915 2668 2966 οἱ
2702 2909 3138 2976 ἐπιϐουλεύοντες
3162 2913 3310 2983 αὐτῷ
3334 2915 3430 2983 τὴν
3456 2912 3741 2982 ἐπιϐουλὴν
3758 2908 4172 2974 κατεσκεύαζον.

2624 3005 2712 3057 Διό
2742 3010 2901 3074 φησιο
2942 3022 2960 3054 ι
2994 3004 3138 3073 Πλὴν
3165 3004 3261 3073 τὴν
3291 3005 3452 3073 τιμήν
3484 3020 3584 3074 μου
3618 3002 3999 3056 ἐϐουλεύσαντο
4028 2992 4176 3054 ἀπώ-

2627 3094 2900 3148 σασθαι..›
2946 3094 3012 3146 Ἦ
3043 3094 3150 3163 γὰρ
3176 3094 3324 3146 πᾶσα
3367 3093 3557 3162 σκέψις
3603 3092 3781 3146 αὐτῶν
3816 3093 3908 3144 καὶ
3947 3094 3980 3161 ἡ
4020 3091 4176 3161 βουλὴ

2625 3185 2772 3240 οὐδὲν
2795 3185 2998 3257 ἕτερον,
3025 3185 3215 3256 φησιν,
3253 3186 3286 3253 ἢ
3324 3184 3644 3238 καταϐαλεῖν
3675 3201 3742 3252 με
3786 3182 3887 3258 τῆς
3927 3182 4075 3254 παρὰ
4102 3183 4177 3252 τῷ

2936 3315 2950 3338 ,
2977 3291 3070 3329 και
3093 3293 3374 3338 γυμνῶσαι
3397 3293 3494 3338 της
3520 3291 3675 3338 οοςης
3705 3291 3773 3338 ης
3807 3291 3949 3338 ειχον
3984 3291 4179 3338 προτε-

975 3273 1204 3340 pristina
1243 3286 1360 3326 mea
1389 3273 1560 3341 gloria
1587 3274 1903 3343 spoliarent.
1940 3273 2077 3327 Hinc
2117 3273 2346 3328 consilio
2389 3274 2526 3328 inito
2552 3322 2593 3378 Ο
2625 3275 2712 3328 Θεὲ

974 3372 1030 3416 ιιι
1055 3362 1312 3416 honorem
1335 3375 1398 3416 ac
1422 3360 1652 3433 pretium
1681 3366 1810 3419 mihi
1839 3365 2136 3430 auferrent,
2165 3375 2525 3421 cucurrerunt
2551 3423 2567 3437 γ
2629 3381 2712 3435 ρον

2389 3274 2526 3328 inito
2552 3322 2593 3378 Ο
2625 3275 2743 3346 Θεῷ
2766 3276 2950 3346 τιμῆς,
2977 3276 3070 3329 καὶ
3093 3275 3374 3346 γυμνῶσαι
3397 3276 3494 3344 τῆς
3520 3274 3675 3345 δόξης
3705 3270 3773 3346 ἧς
3807 3271 3949 3343 εἶχον
3984 3274 4119 3344 πρότ

2381 3375 2525 3420 :runt
2551 3423 2567 3437 γ
2629 3381 2718 3435 ρον
2743 3363 3084 3428 ἐσπούδαζον.
3103 3359 3244 3420 Εἶτα
3274 3364 3686 3434 βουλευσάμενοι
3725 3362 3926 3433 ταύτην
3961 3380 4061 3433 μου
4081 3379 4119 3414 τ⁴

2629 3381 2718 3435 ρον
2743 3363 3084 3428 ἐσπούδαζον.
3103 3359 3244 3420 Εἶτα
3274 3364 3686 3434 βουλευσάμενοι
3725 3362 3926 3433 ταύτην
3961 3380 4061 3433 μου
4081 3356 4178 3434 τὴν

2622 3454 2786 3526 τιμὴν
2832 3454 3117 3526 περιελεῖν,
3170 3454 3400 3527 ἔδραμον
3438 3457 3495 3509 ἐν
3534 3454 3673 3524 δίψει
3717 3453 3814 3526 τὴν
3857 3455 3996 3525 ἐμὴν
4024 3453 4177 3508 ἀπώ-

2623 3544 2771 3598 λειαν
2809 3544 3102 3598 θεάσασθαι
3136 3545 3414 3614 διψῶντες.
3469 3545 3611 3598 Ἀντὶ
3636 3545 3692 3597 δὲ
3720 3544 3836 3608 τοῦ,
3870 3563 3889 3596 ι
3915 3546 3973 3598 ἐν
4013 3544 4177 3614 δίψει,

2623 3642 2680 3694 ἐν
2711 3639 3090 3710 διαψεύσματι,
3128 3658 3146 3690 ι
3183 3642 3211 3692 ό
3255 3639 3508 3702 Ἀκύλας·
3543 3640 3572 3691 ό
3614 3638 3671 3690 δέ
3699 3636 4007 3708 Σύμμαχος,
4059 3655 4079 3688 ι
4119 3637 4179 3688 ἐν

2621 3731 2928 3802 ψεύσματι·
2973 3732 3058 3802 »θὴ
3089 3731 3146 3783 δέ
3175 3730 3398 3800 πέμπτη
3428 3729 3703 3791 ἕκδοσιςρι
3727 3729 3785 3779 ἐν
3806 3726 4020 3795 ψεύδει·
4047 3746 4065 3777 ι
4087 3727 4182 3778 καὶ

2625 3823 2786 3877 πάλιν
2818 3824 2980 3894 ἑτέρα
3014 3822 3222 3885 ἐκδοσις
3244 3861 3258 3889 ,
3291 3841 3310 3872 ι
3340 3823 3396 3874 ἐν
3425 3820 3578 3889 δόλῳ,
3618 3837 3636 3870 ι
3679 3820 4045 3889 ήρμήνευσαν.
4084 3817 4180 3868 El-

2622 3914 2717 3976 κὺς
2745 3909 2839 3968 οὖν
2866 3915 2959 3967 καὶ
2989 3916 3047 3967 ἐν
3070 3916 3135 3983 τῇ
3159 3912 3279 3965 καθ’
3311 3912 3456 3983 ἡμᾶς
3478 3909 3777 3977 ἀναγνώσει
3815 3908 4024 3962 κεῖσθαι
4080 3908 4180 3977 μὲν

2623 4005 2885 4076 πρότερον
2935 4005 2995 4057 τὸ
3024 4046 3039 4070 ,
3076 4023 3095 4055 ι
3134 4007 3191 4056 ἐν
3217 4002 3443 4071 ψεύδει,
3488 4021 3505 4052 ι
3549 4002 3614 4053 ἵν’
3745 3999 3807 4052 τὸ
3853 3999 4177 4069 λεγόμενον·

2629 4115 2647 4146 ι
2691 4095 2959 4167 Ἐδραμον
2983 4097 3041 4148 ἐν
3073 4094 3280 4162 ψεύδει’
3323 4113 3340 4145 ι
3379 4093 3718 4146 τουτέστινοὶ
3747 4091 3927 4163 ἐχθροί
3963 4108 4063 4162 μου
4085 4092 4181 4143 καὶ⁵

2624 4187 2674 4238 οἱ
2702 4185 3156 4248 ἐπιϐουλεύοντες,
3192 4186 3253 4237 οὐ
3277 4186 3372 4237 σὺν
3394 4185 3617 4255 ἀληθείᾳ
3644 4185 3731 4237 τὸν
3759 4185 3876 4236 κατ’
3902 4181 4035 4254 ἐμοῦ
4055 4183 4178 4254 δρό-

2624 4295 2726 4347 μον
2754 4279 2845 4330 καὶ
2879 4277 2977 4348 τὴν
3009 4277 3130 4329 κατ’
3162 4276 3296 4346 ἐμοῦ
3335 4275 3564 4347 σπουδὴν
3599 4273 3905 4336 ἐποιοῦντο,
3939 4274 4090 4338 ὅλους
4119 4274 4179 4328 δε

2625 4365 2818 4429 αὐτοὺς
2846 4365 2923 4435 τῷ
2953 4365 3132 4436 ψεύδει
3176 4366 3500 4437 παραδόντες
3520 4384 3532 4396 ·
3573 4366 3793 4438 σφάλμα
3831 4367 3886 4420 δὲ
3909 4369 4179 4438 γραφικὺν

2624 4455 2900 4524 γεγονέναι
2926 4445 3121 4519 ἐντοῖς
3154 4458 3287 4526 μετὰ
3323 4456 3490 4510 ταῦτα
3526 4457 3719 4528 συνέϐη
3756 4457 3963 4528 χρόνοις
3985 4497 3999 4520 ,
4036 4456 4178 4510 ὥστε

2625 4547 2744 4599 ἀντὶ
2773 4545 2885 4608 τοῦ,
2925 4564 2944 4594 ι
2972 4547 3028 4598 ἐν
3060 4546 3260 4615 ψεύδει,
3293 4549 3350 4600 ἐν
3399 4547 3540 4618 δίψει
3581 4569 3598 4598 ι
3649 4549 3939 4618 γραφῆναι.
3973 4547 4096 4608 Πῶς
4121 4547 4178 4599 δὲ

966 4632 1069 4685 sub
1103 4631 1217 4686 haec
1249 4633 1480 4701 explicat
1512 4634 1735 4690 dicens:
1789 4655 1807 4686 ι
1847 4636 1952 4690 Ore
1983 4651 2085 4690 suo
2132 4636 2520 4693 benedicebant
2552 4656 2596 4709 ι)
2622 4635 2704 4705 ψει

2440 4646 2520 4692 ant
2552 4656 2596 4709 ι)
2622 4635 2936 4706 ψευδόμενοι
2971 4637 3019 4688 οἱ
3056 4635 3488 4700 ἐπιϐουλεύοντες
3524 4637 3752 4708 ἔδραμον
3777 4676 3792 4699 ,
3837 4636 4178 4707 διερμηνεύει

964 4730 1022 4777 et
1052 4723 1217 4777 corde
1259 4739 1360 4778 suo
1389 4725 1799 4781 maledicebant.
1846 4745 1864 4777 ι
1913 4725 2047 4780 Cum
2095 4727 2306 4783 fallacia
2341 4730 2520 4784 molli-

967 4812 1070 4868 bus
1114 4814 1410 4868 utebantur
1449 4815 1629 4880 dictis,
1667 4825 1723 4869 ut
1774 4831 1859 4871 me
1911 4817 2216 4874 inescarent
2241 4827 2296 4873 et
2342 4822 2410 4875 ab
2433 4822 2522 4875 illa

966 4918 1088 4957 cum
1123 4903 1227 4959 Deo
1274 4905 1509 4960 statione
1555 4907 1944 4964 deturbarent:
1996 4924 2162 4977 quare
2205 4911 2524 4969 benedicere

968 4993 1287 5048 videbantur
1316 4996 1370 5048 in
1409 4994 1563 5058 facie,
1610 5012 1802 5066 meque
1832 4997 2053 5052 laudare
2097 5008 2150 5054 et
2179 5003 2478 5071 approbare
2505 5021 2521 5068 ;

876 5128 878 5130 .
967 5084 1061 5138 sed
1092 5100 1245 5140 mens
1271 5103 1458 5141 eorum
1500 5090 1646 5142 intu‘s
1676 5089 2150 5145 maledictionibus
2196 5095 2520 5162 replebalur,

935 5175 1122 5244 .queis
1151 5191 1235 5228 me
1269 5177 1474 5232 honore
1518 5178 1789 5247 depellere
1830 5188 1883 5235 et
1931 5181 1985 5233 in
2014 5182 2355 5238 maledictum
2388 5185 2522 5254 deji-

965 5281 1089 5320 cere
1116 5269 1451 5336 satagebant.
1485 5269 1580 5325 llis
1613 5278 1790 5324 autem
1823 5270 2101 5336 docemur,
2130 5262 2395 5346 quotquot
2429 5277 2520 5329 Dei

968 5359 1276 5414 hominibus
1308 5347 1651 5416 inSidiantur.
1689 5363 1821 5416 nihil
1852 5361 1996 5417 aliud
2029 5381 2242 5433 curare,
2271 5386 2434 5440 quam
2463 5378 2521 5424 ut

968 5449 1114 5518 ipsos
1145 5465 1231 5514 eo,
1264 5449 1357 5520 qui
1384 5453 1527 5522 apud
1562 5453 1730 5509 Deum
1757 5464 1860 5520 est,
1893 5456 2097 5514 honore
2124 5471 2344 5516 exuant.

1040 5698 1200 5754 Vens.
1234 5701 1349 5754 6-9
1424 5721 1448 5753 ‹
1484 5709 1865 5763 Verumtamen
1923 5707 2031 5763 Deo
2085 5711 2327 5780 subjecta
2375 5722 2515 5782 esto,

963 5790 1143 5841 anima
1179 5805 1316 5852 mea,
1352 5794 1609 5861 quoniam
1640 5796 1707 5850 ab
1742 5799 1862 5868 ipso
1905 5800 2161 5870 patientia
2197 5783 2334 5857 mea.
2383 5803 2515 5860 Nam

965 5881 1080 5948 ipse
1107 5879 1244 5939 Deus
1273 5899 1421 5940 meus
1454 5894 1504 5942 et
1538 5883 1785 5944 Salvator
1806 5907 1957 5949 meus
1983 5921 1996 5949 ;
2023 5905 2304 5968 susceptor
2366 5915 2516 5956 meus

2623 4727 2793 4795 λέγων
2816 4727 2944 4796 ἑξῆς
2966 4744 2979 4756 ⁹
3023 4745 3040 4776 ι
3079 4727 3169 4797 Τῷ
3201 4728 3425 4798 στόματι
3455 4726 3632 4780 αὐτῶν
3661 4727 3911 4795 εὐλόγουν
3935 4767 3948 4792 ,
3981 4728 4073 4780 καὶ
4106 4731 4176 4799 τῇ

2622 4814 2818 4886 καρδίᾳ
2845 4814 3021 4869 αὐτῶν
3050 4814 3379 4887 κατηρῶντο.
3419 4833 3439 4864 ι
3486 4813 3820 4875 Ἀπατῶντες
3843 4812 3972 4882 γὰρ,
3998 4810 4178 4880 λόγοις

2621 4906 2872 4974 γλυκέσιν
2901 4905 3136 4977 ἐχρῶντο
3163 4905 3300 4977 πρὸς
3327 4904 3386 4956 τὸ
3407 4899 3747 4956 καθελκῦσαί-
3769 4920 3835 4972 με
3869 4903 3962 4956 καὶ
4004 4921 4176 4956 κατα-

2622 4998 2799 5051 ϐαλεῖν
2832 4997 2933 5067 τῆς
2964 4996 3114 5069 παρά
3133 4997 3211 5067 τῷ
3235 4995 3352 5064 Θεῷ
3383 4995 3620 5057 στάσεως
3639 5011 3652 5024 ·
3686 4995 3766 5048 διὸ
3798 4995 4035 5063 εὐλογεῖν
4055 4997 4176 5050 ἐδό-

2622 5105 2747 5142 κουν
2786 5090 2880 5144 καὶ
2899 5091 3249 5159 ἐπαινεῖν-με,
3265 5086 3358 5139 καὶ
3386 5086 3740 5156 ἀποδέχεσθαι
3764 5087 3844 5151 είς
3864 5088 4175 5158 πρόσωπον·

2619 5177 2687 5230 τὰ
2710 5179 2768 5232 δὲ
2786 5167 2884 5251 τῆς
2914 5177 3150 5240 διανοίας
3170 5175 3349 5230 αὐτῶν
3371 5175 3694 5247 πεπλήρωτο
3721 5178 3994 5249 καταρῶν,
4009 5179 4078 5234 δι’
4101 5175 4182 5233 ὧν

2619 5266 2717 5339 τὴν
2741 5269 2904 5338 τιμήν
2933 5284 3033 5339 μου
3061 5263 3445 5320 ἐϐουλεύσαντο
3464 5264 3805 5330 ἀπώσασθαι,
3825 5269 3919 5321 καὶ
3961 5269 4177 5341 κατάρᾳ

2623 5374 2689 5426 με
2733 5358 3042 5414 ὑποϐαλεῖν.
3081 5355 3448 5427 Διδασκόμεθα
3493 5358 3550 5411 δὲ
3605 5359 3693 5413 διὰ
3722 5359 3924 5413 τούτων
3975 5361 4058 5414 ὅτι
4109 5357 4175 5430 δὴ

2620 5447 2814 5514 πάντες
2831 5451 2882 5504 οι
2919 5453 3032 5515 τοῖς
3067 5448 3161 5503 τοῦ
3207 5448 3341 5503 Θεοῦ
3380 5447 3686 5521 ἀνθρώποις
3740 5451 4174 5514 ἐπιϐουλεύοντες

2618 5538 2766 5594 οὐδὲν
2788 5539 2969 5610 ἕτερον
3000 5537 3390 5603 σπουδάζουσιν
3416 5540 3450 5610 ἢ
3471 5540 3570 5610 τῆς
3596 5539 3746 5612 παρὰ
3768 5539 3848 5611 τῷ
3866 5541 3984 5611 Θεῷ
4006 5542 4175 5611 τιμὴς

2620 5628 2897 5697 γυμνῶσαι
2925 5631 3132 5690 αὐτούς.
3669 5682 3673 5686 .

2697 5739 2714 5770 ι
2754 5718 2898 5791 Πλὴν
2929 5718 3008 5790 τῷ
3040 5717 3155 5789 Θεῷ
3190 5719 3508 5793 ὑποτάγηθι,
3534 5727 3567 5794 ἡ
3598 5724 3742 5795 ψυχή
3782 5740 3901 5793 μου,
3929 5723 4010 5801 ὅτι
4042 5724 4187 5794 παρ’·

2619 5809 2778 5864 αὐτοῦ
2803 5812 2836 5881 ή
2865 5811 3103 5885 ὑπομονὴ
3139 5829 3262 5882 μου.
3310 5815 3418 5867 Καὶ
3441 5811 3563 5885 ’γὰρ
3602 5815 3764 5877 αὐτὸς
3796 5814 3927 5877 Θεός
3953 5829 4055 5884 μου
4079 5817 4174 5869 καὶ

2623 5903 2807 5974 Σωτήρ
2836 5919 2936 5975 μου
2955 5943 2970 5968 ,
3003 5903 3340 5977 ἀντιλήπτωρ
3358 5922 3480 5975 μου,
3502 5906 3562 5959 οὐ
3588 5905 3661 5978 μὴ
3689 5905 4115 5976 μεταναστεύσω.
4143 5927 4166 5960 ι
