4402 6398
260 455 362 507 595

1376 409 1870 513 COMMENTAIQEA
1911 455 1978 510 IN
2011 456 2345 513 PSALMOS.

3363 460 3462 509 593

273 573 592 652 Ἀρχόμενος
618 576 714 644 μὲν
744 575 941 644 ἔλεγεν·
973 596 989 627 ι
1018 577 1150 647 Οὐχὶ
1171 578 1245 647 τῷ
1273 576 1390 647 Θεῷ
1415 578 1811 649 ὑποταγήσεται
1840 583 1882 638 Α
1914 593 2011 632 non

1724 595 1811 631 ται
1840 583 1882 638 Α
1914 593 2020 632 non
2049 577 2340 648 emigrabo.
2383 596 2400 627 ι
2433 574 2590 628 Initio
2633 575 2846 643 quidem
2887 589 2950 628 ac
2992 574 3036 630 si
3087 575 3262 628 adhuc
3291 575 3460 628 ambi-

261 667 293 732 ἡ
318 664 464 733 ψυχή
499 683 630 734 μου;
665 685 682 717 ι
711 666 896 738 ὥσπερ
924 669 1190 731 ὲνδυάζων
1213 667 1309 720 ἔτιο
1335 668 1564 721 ἐνταῦθα
1594 670 1652 722 δὲ
1681 671 1814 722 ἁπο-

261 759 523 824 φατικῶς,
565 759 878 828 βεόαιωθεὶς
914 762 976 812 ἐκ
1017 759 1124 812 τῶν
1165 759 1486 829 εἰρημένων,
1526 763 1591 830 τῇ
1623 759 1810 813 ἑαυτοῦ

258 847 401 918 ψυχῇ
437 850 745 921 ἐπιθαρσῶν
781 849 1200 921 παρακελεύεται
1221 868 1233 880 ο
1275 851 1356 904 διό
1394 867 1522 922 φησι
1555 851 1686 922 πρὸς
1718 854 1813 906 αύ-

265 939 378 1008 τήν·
419 960 437 991 ι
470 941 614 1012 Πλὴν
650 941 728 1011 τῷ
755 942 872 1012 Θεῷ
906 942 1225 1013 ὑποτάγηθι,
1257 945 1291 1014 ὴ
1320 943 1463 1014 ψυχή
1498 959 1618 1014 μου.
1654 961 1672 995 ι
1706 945 1814 996 Καὶ

259 1031 519 1103 ἀνωτέρω
565 1033 661 1105 μὲν
693 1032 860 1100 ἔλεγε·
899 1050 916 1081 ι
954 1031 1276 1102 Παρῖαύτοῦ
1317 1033 1425 1105 γὰρ
1465 1033 1526 1086 τὸ
1554 1033 1812 1104 σωτήριόν

267 1139 389 1190 μου·
420 1141 439 1175 ι
465 1123 691 1176 ἐνταῦθα
706 1123 780 1176 δέ·
809 1141 827 1172 ι
854 1124 973 1175 Ὅτι
996 1125 1122 1194 παρ’
1143 1123 1303 1177 αὑτοῦ
1328 1125 1622 1195 ήῠὺπομονή
1647 1142 1766 1195 μου.
1791 1146 1808 1176 ι

268 1214 488 1283 Ὅμοιον
514 1213 558 1266 δ’
592 1211 658 1265 ἂν
681 1212 764 1282 εἴη
803 1210 958 1266 τοῦτο
992 1211 1068 1282 τῷ
1102 1216 1351 1283 φήσαντιο
1392 1234 1410 1269 ι
1440 1215 1622 1267 Πάντα
1650 1215 1815 1286 ἰσχύω

263 1307 323 1373 ἐν
359 1304 438 1373 τῷ
473 1303 852 1372 ἐνδυναμοῦντί
891 1320 977 1372 με.
1012 1323 1031 1355 ι
1075 1305 1149 1357 Οὐ
1176 1305 1283 1377 γὰρ
1311 1294 1439 1375 παρ’
1463 1306 1699 1375 ἐμαυτοῦ
1728 1307 1817 1358 κέ-

266 1411 471 1463 κτημαι
495 1391 593 1462 τὴν
621 1393 793 1461 ἰσχὺν,
819 1392 956 1445 ἀλλὰ
982 1392 1136 1468 ¹παρὰ
1160 1393 1253 1446 τοῦ
1287 1393 1700 1463 ἐνδυναμοῦντός
1726 1411 1810 1462 με·

266 1485 359 1536 καὶ
380 1481 628 1547 ἐνταῦθα,
658 1501 676 1532 ι
719 1483 780 1534 'H
802 1483 1043 1554 ὑπομονὴ
1071 1501 1169 1553 μου
1200 1504 1218 1533 ι
1243 1485 1342 1537 οὐκ
1366 1485 1422 1549 ἐξ
1447 1486 1603 1555 ἐμῆς,
1631 1485 1812 1554 φησιν,

265 1576 464 1646 ἀρετῆς
511 1575 605 1628 καὶ
647 1576 923 1646 δυνάμεως
973 1576 1317 1646 συνέστηκεν,
1361 1578 1494 1631 ἀλλὰ
1528 1578 1676 1650 παρὰ
1716 1579 1816 1648 τῆς

267 1666 426 1720 αὐτοῦ
457 1667 692 1738 χάριτος·
730 1687 747 1716 ι
784 1668 892 1721 Καὶ
917 1666 1025 1737 γάρ
1042 1667 1201 1730 αὐτὸς
1224 1667 1353 1731 Θεός
1383 1685 1481 1737 μου
1507 1669 1600 1720 καὶ
1628 1669 1814 1738 Σωτήρ

269 1774 386 1826 μου·
427 1778 444 1808 ›
479 1758 665 1828 διόπερ
687 1759 766 1820 ὡς
799 1758 928 1819 Θεός
965 1775 1062 1826 μου
1097 1759 1188 1810 καὶ⁵
1231 1759 1417 1829 Σωτήρ
1456 1777 1552 1829 μου
1591 1761 1814 1830 παρέχει

270 1865 358 1919 μοι
387 1849 485 1919 τὴν
513 1850 808 1920 ὑπομονήν.
836 1845 946 1902 Εἶτ’
975 1850 1226 1921 ἀνωτέρω
1259 1853 1356 1921 μὲν
1388 1851 1527 1921 ἔχεις
1549 1852 1629 1916 τὸ,
1663 1843 1680 1903 ι
1709 1856 1814 1906 Καὶ

1913 677 2061 738 geret
2095 667 2307 721 dicebat
2342 684 2356 719 :
2395 683 2413 714 ι
2457 665 2644 718 Nonne
2683 663 2791 718 Deo
2833 664 3073 730 subjecta
3126 663 3228 716 erit
3283 662 3460 715 anima

1914 758 2074 812 mea?
2107 776 2124 809 ι
2169 755 2268 811 Hic
2293 771 2440 816 vero,
2470 771 2534 809 ex
2583 755 2650 808 iis
2694 769 2812 822 quae
2854 755 3046 806 animae
3085 768 3197 808 suae
3229 753 3459 807 revelata

1913 849 2128 902 fuerant
2167 847 2436 908 ﬁrmatus,
2490 846 2734 900 absolute
2778 858 2840 895 ac
2885 843 3109 896 ﬁdenter
3166 843 3456 912 praecipit:

1913 953 2082 1007 quare
2107 939 2186 993 sic
2212 953 2330 992 eam
2364 937 2679 1006 alloquitur,
2717 954 2734 983 ι
2777 933 3163 987 Verumtamen
3199 933 3308 987 Deo
3334 935 3462 988 sub-

1909 1029 2053 1098 jecta
2075 1036 2214 1092 esto,
2234 1028 2412 1080 anima
2435 1041 2574 1081 mea.
2611 1045 2629 1076 ι
2668 1024 2742 1078 Ac
2783 1022 3032 1091 superius
3055 1021 3262 1076 dixerat
3291 1041 3302 1074 :
3331 1041 3348 1071 ι
3380 1020 3462 1075 Ab

1914 1119 2033 1188 ipso
2070 1118 2477 1182 enimsalutare
2507 1132 2718 1180 meum;
2761 1135 2777 1166 ι
2818 1115 2905 1168 hic
2953 1128 3098 1172 vero,
3135 1131 3152 1162 ‹
3193 1111 3458 1177 Quoniam

1915 1210 1982 1286 ab
2015 1190 2422 1279 ipso‘patienlia
2451 1223 2588 1261 mea.
2623 1227 2642 1258 ι
2678 1205 2865 1260 Simile
2894 1214 3069 1260 autem
3112 1203 3165 1257 id
3197 1189 3356 1257 fuerit
3377 1202 3460 1256 di-

1914 1309 2002 1356 cto
2042 1301 2350 1370 hujusmodi
2391 1320 2403 1354 :
2443 1320 2460 1350 c
2507 1299 2700 1354 Omnia
2756 1314 2973 1368 possum
3027 1299 3081 1350 in
3129 1312 3192 1350 co
3234 1296 3323 1364 qui
3374 1311 3457 1350 me

1914 1390 2279 1446 confortat".
2328 1411 2346 1442 ι
2400 1389 2518 1444 Non
2554 1391 2695 1446 enim
2743 1388 2775 1442 'a
2828 1390 3033 1458 meipso
3096 1386 3456 1440 fortitudinem

1914 1483 2164 1549 obtineo,
2196 1484 2288 1538 sed
2339 1483 2406 1536 ab
2438 1498 2504 1537 eo
2539 1481 2631 1551 qui
2667 1497 2753 1535 me
2791 1480 3078 1539 confortat,
3113 1488 3166 1533 et
3213 1478 3298 1530 hic
3342 1479 3415 1529 ait
3445 1498 3455 1530 :

1919 1593 1937 1623 σ
1973 1574 2228 1644 patientia
2270 1589 2387 1629 mea
2434 1594 2451 1626 ι
2486 1589 2591 1628 non
2617 1589 2681 1627 ex
2711 1575 2906 1626 virtute
2951 1579 3004 1625 et
3041 1577 3300 1640 potestate
3342 1583 3458 1622 mea

1913 1672 2155 1728 constat,
2185 1663 2279 1718 sed
2313 1663 2380 1716 ab
2411 1663 2530 1730 ejus
2571 1663 2745 1731 gratia
2778 1661 2954 1730 prodit
2983 1680 2994 1714 :
3029 1679 3046 1709 σ
3083 1659 3216 1712 Nam
3246 1666 3298 1712 et
3347 1657 3462 1725 ipse

1916 1753 2056 1810 Deus
2115 1769 2265 1808 meus
2323 1760 2376 1807 et
2435 1752 2683 1806 Salvator
2742 1766 2929 1816 meus;
2972 1771 2991 1802 ι
3045 1757 3370 1820 quaprOpter
3407 1757 3463 1799 ut

1919 1843 2058 1898 Deus
2089 1858 2238 1900 meus
2267 1851 2320 1896 et
2351 1842 2599 1897 Salvator
2628 1855 2780 1894 meus
2811 1840 3120 1907 patientiam
3165 1839 3298 1892 mihi
3337 1854 3465 1907 sup-

265 1940 373 2011 γὰρ
394 1940 553 2003 αὐτὸς
571 1940 702 2002 Θεός
728 1957 828 2009 μου
855 1940 947 1992 καὶ
973 1941 1160 2012 Σωτήρ
1181 1959 1302 2012 μου,
1327 1943 1670 2013 άντιλήπτωρ
1693 1962 1813 2013 μου,
1848 1927 1886 1980 Β
1915 1932 2003 2002 Ded

1725 1962 1813 2007 ου,
1848 1927 1886 1980 Β
1915 1931 2136 2002 peditat.
2170 1930 2513 2001 Rursumque
2557 1931 2806 1998 superius
2863 1929 2994 1984 illud
3027 1929 3193 1985 habes
3222 1969 3236 1990 ,
3277 1947 3296 1977 ι
3331 1927 3463 1981 Nam

263 2031 325 2082 οὐ
361 2029 434 2100 μὴ
469 2030 900 2100 μεταναστεύσω·
935 2050 953 2083 ι
989 2032 1022 2102 ἢ
1059 2032 1197 2085 κατὰ
1233 2032 1323 2086 τὸν
1365 2034 1590 2087 Ἀκύλαν
1615 2038 1707 2088 καὶ
1730 2037 1817 2089 τὸν

264 2111 572 2189 Σύμμαχον,
596 2139 614 2171 ί
649 2121 707 2172 οὐ
738 2121 1096 2193 σφαλήσομαι.
1124 2142 1142 2174 ι
1177 2123 1350 2194 Πολλὴ
1382 2125 1439 2177 δὲ
1470 2124 1696 2195 διαφορά
1725 2125 1816 2177 τοῦ

266 2211 582 2280 φάσκοντος,
611 2230 630 2262 ι
654 2213 716 2266 οὐ
744 2214 816 2283 μὴ
839 2213 1078 2267 σαλευθῶ
1101 2215 1191 2267 ἐπὶ
1215 2216 1411 2281 πλεῖον,
1440 2235 1460 2268 ι
1495 2216 1588 2268 καὶ
1610 2214 1702 2268 τοῦ
1731 2216 1787 2268 λέ
1803 2245 1816 2257 -

265 2319 470 2369 γοντος,
504 2323 522 2354 ι
550 2304 610 2356 οὐ
639 2304 1002 2375 σφαλήσομαι,
1024 2326 1042 2357 ι
1067 2308 1178 2370 καὶ,
1203 2324 1221 2356 ι
1243 2306 1301 2358 οὐ
1333 2305 1762 2375 μεταναστεύσω.
1793 2326 1810 2357 ι

267 2393 340 2444 Τὸ
382 2394 477 2462 μὲν
521 2393 628 2464 γὰρ
670 2393 856 2463 ἐδήλου
903 2395 1221 2474 σαλεύεσθαι
1272 2396 1393 2466 μὲν,
1439 2396 1551 2448 ἀλλ’
1581 2395 1680 2454 οὐκ
1727 2396 1812 2448 ἐπὶ

268 2484 465 2537 πλεῖον·
490 2483 721 2537 ἐνταῦθα
748 2485 804 2538 δὲ
836 2484 1061 2556 ἄρνησίς
1085 2477 1206 2540 ’ἐστι
1242 2486 1505 2559 παντελὴς
1533 2487 1627 2540 τοῦ
1662 2487 1817 2539 πταί-
1852 2530 1857 2536 .

267 2590 490 2643 σματος.
525 2593 543 2624 ι
587 2573 709 2634 Ἐπὶ
733 2573 810 2643 τῷ
831 2574 947 2645 Θεῷ
980 2575 1042 2628 τὸ
1068 2577 1330 2648 σωτήριόν
1362 2595 1462 2647 μου
1501 2577 1593 2630 καὶ
1629 2578 1661 2645 ή
1693 2567 1816 2641 δόξα

271 2680 392 2731 μου,
427 2663 557 2725 Θεὸς
574 2663 670 2731 τῆς
701 2664 946 2733 βοηθείας
976 2682 1096 2734 μου,
1127 2667 1219 2718 καὶ
1252 2668 1285 2736 ἠ
1312 2666 1464 2730 ἐλπίς
1499 2684 1596 2737 μου
1630 2668 1721 2720 ἐπὶ
1740 2666 1818 2736 τῷ

265 2754 402 2822 Θεῷ.
436 2773 453 2804 ι
507 2755 613 2805 Καὶ
659 2754 887 2807 ἐνταῦθα
921 2757 981 2809 τὸ
1017 2775 1036 2807 ι
1076 2759 1343 2828 Σωτήρων
1381 2776 1400 2809 ι
1437 2760 1467 2810 6
1510 2759 1712 2828 Ἰησοῦς
1749 2764 1814 2831 τῇ

279 2843 531 2915 Ἐὃραῖκῇ
565 2847 712 2914 φωνῇ
736 2844 1063 2914 ὠνόμασται,
1089 2848 1186 2900 καὶ
1214 2850 1327 2910 τοῖς
1353 2851 1688 2921 χαρακτῆρσι
1705 2853 1817 2915 τοῖς

266 2935 448 2996 αὐτοῖς
490 2935 873 3005 ἐγγέγραπται.
924 2936 1131 3008 Ὠσπερ
1154 2930 1226 2991 ’δὲ
1269 2940 1298 2992 6
1326 2940 1464 3004 Θείος
1502 2942 1816 3006 ’Δπόστολος

265 3023 394 3093 περὶ
427 3021 522 3075 τοῦ
556 3025 804 3096 Σωτῆρος
836 3026 990 3096 ἡμῶν
1031 3027 1204 3095 λέγων
1250 3029 1474 3103 ἐγραφεο
1510 3051 1530 3083 ι
1569 3032 1814 3094 Δικαιού-

271 3130 418 3182 μενοι
443 3114 649 3184 δωρεὰν
674 3118 739 3185 τῇ
764 3115 926 3168 αὑτοῦ
955 3118 1134 3188 χάριτι
1155 3118 1242 3172 διὰ
1270 3121 1369 3191 τῆς
1395 3121 1816 3194 ἀπολυτρώσεως

265 3204 362 3301 τῆς
392 3205 448 3301 ὲν
471 3204 686 3301 Χριστῷ
720 3205 909 3301 Ἰησοῦ·
936 3207 995 3301 ὃν
1017 3210 1274 3301 προέθετο
1302 3214 1331 3266 6
1352 3211 1485 3277 Θεὸς
1512 3213 1817 3287 ἱλαστήριον
1843 3243 1885 3301 C

263 3293 351 3346 διὰ
376 3293 606 3358 πίστεως
639 3296 696 3348 ἐν
725 3295 802 3366 τῷ
833 3296 997 3351 αὑτοῦ
1021 3300 1229 3370 αἵματιο
1269 3318 1288 3351 ι
1315 3304 1408 3355 καὶ
1430 3303 1608 3357 πάλινσ
1637 3323 1654 3356 ι
1694 3305 1818 3360 Ἐάν

264 3399 348 3445 τις
380 3383 622 3457 ἁμάρτῃ,
655 3385 998 3455 παράκλητον
1024 3386 1219 3458 ἔχομεν
1246 3390 1379 3461 πρὸς
1406 3390 1496 3444 τὸν
1526 3391 1676 3457 Θεὸν,
1715 3394 1817 3464 ’1η-

267 3471 392 3561 σοῦν
426 3474 654 3542 Χριστὸν
685 3475 910 3528 δίκαιον·
944 3477 1036 3529 καὶ
1065 3474 1223 3542 αὐτός
1247 3480 1393 3532 ἐστιν
1429 3479 1650 3550 ίλασμὸς
1682 3483 1818 3553 ὑπὲρ

265 3561 370 3614 τῶν
391 3562 669 3634 άμαρτιιῖιν
691 3564 861 3634 ἡμῶν·
897 3584 914 3617 ι
946 3567 1035 3619 τὸν
1065 3567 1224 3620 αὐτὸν
1248 3568 1446 3638 τρόπον
1478 3570 1572 3623 καὶ
1592 3572 1818 3625 ἐνταῦθα

267 3650 528 3705 λέλεκταιο
577 3653 698 3706 Ἐπὶ
733 3653 810 3724 τῷ
856 3654 974 3726 Θεῷ
1020 3655 1082 3709 τὸ
1110 3657 1372 3728 σωτήριόν
1404 3675 1504 3728 μου
1527 3661 1668 3731 καὶή
1694 3661 1817 3726 δόξα

271 3757 393 3817 μου,
425 3743 518 3795 καὶ
542 3745 576 3812 ἡ
610 3742 830 3814 βοήθειά
862 3762 962 3817 μου
989 3745 1083 3799 καὶ
1109 3748 1144 3818 ἡ
1167 3746 1320 3810 ἐλπίς
1345 3765 1468 3818 μου.
1512 3749 1600 3814 Ὠς
1628 3752 1674 3802 εί
1703 3751 1820 3802 λευ-

269 3835 492 3906 κότερον
517 3836 579 3892 τδ
616 3836 1008 3909 σημαινόμενον
1037 3839 1144 3893 ἀπὺ
1173 3840 1273 3909 τῆς
1312 3839 1601 3911 Ἐϐραῖκῆς
1638 3842 1817 3912 φωνῆς

267 3927 469 3982 τέθειτο
499 3928 557 3982 ἐν
583 3929 648 3998 τῇ
682 3929 968 4000 ἑρμηνείᾳ,
991 3928 1163 3994 οὕτως
1194 3929 1261 3984 ἂν
1289 3931 1577 4001 περιεῖχεν·
1617 3931 1819 4002 Ἰησοῦς

266 4017 327 4069 τὸ
364 4017 624 4087 σωτήριόν
670 4035 768 4088 μου
801 4019 860 4071 ἐν
887 4017 965 4089 τῷ
988 4018 1110 4090 Θεῷ
1143 4020 1443 4089 τυγχάνων,
1479 4020 1575 4083 καὶ
1614 4023 1672 4074 ἐν
1708 4024 1819 4085 τοῖς

268 4107 492 4189 κόλποις
513 4107 607 4164 τοῦ
637 4107 866 4178 Πατρὸς,
913 4107 1072 4172 αὑτός
1102 4110 1248 4162 ἐστιν
1292 4111 1326 4179 ἡ
1366 4109 1492 4175 δόξα
1530 4128 1631 4181 μου
1660 4113 1762 4165 καὶ
1791 4115 1820 4164 6

267 4197 439 4265 φύλαξ
469 4214 589 4268 μου,
616 4198 708 4251 καὶ
732 4201 760 4252 6
783 4197 912 4262 Θεὸς
936 4197 1036 4267 τῆς
1067 4197 1312 4269 βοηθείας
1347 4209 1470 4270 μου,
1498 4202 1644 4272 καὶὴ
1668 4203 1819 4266 ἐλπίς

270 4303 372 4356 μου
399 4288 432 4356 ἠ
465 4289 523 4340 ὲν
556 4288 632 4358 τῷ
665 4289 800 4358 Θεῷ.
832 4287 1016 4344 Ταῦτα
1045 4288 1153 4359 γὰρ
1177 4289 1352 4343 πάντα
1379 4291 1408 4343 6
1433 4290 1526 4344 τοῦ
1550 4291 1687 4346 Θεοῦ
1721 4292 1819 4345 A6-

265 4392 360 4444 γος
384 4378 500 4428 ἐστὶ
537 4380 648 4441 τοῖς
684 4380 762 4441 είς
795 4379 954 4433 αὐτὸν
992 4378 1282 4443 ἐλπίζουσι.
1323 4381 1415 4434 Διὸ
1446 4384 1540 4436 καὶ
1569 4378 1819 4443 κατακτὸν

245 4466 504 4540 νἈκύλαν
535 4467 764 4537 εἴρηται·
796 4487 815 4520 ι
858 4469 980 4523 Ἐπὶ
1000 4468 1121 4540 Θεῷ
1149 4472 1411 4542 σωτήριόν
1445 4490 1548 4542 μου
1579 4476 1673 4528 καὶ
1693 4472 1818 4540 δόξα

1916 2032 1970 2079 et
2014 2024 2133 2094 ipse
2159 2024 2302 2079 Deus
2345 2040 2497 2078 meus
2551 2032 2605 2078 et
2666 2022 2916 2077 Salvator
2962 2037 3136 2084 meus,
3183 2025 3466 2088 susceptor

1917 2129 2089 2182 meus,
2123 2129 2229 2170 non
2256 2115 2570 2185 emigrabo;
2601 2134 2618 2165 ι
2642 2114 2781 2175 sive,
2811 2112 3104 2168 secundum
3137 2111 3380 2181 Aquilam
3411 2119 3466 2164 et

1919 2206 2320 2277 Symmachum,
2372 2225 2390 2256 ι
2425 2221 2531 2260 non
2584 2207 2757 2260 fallar.
2791 2224 2812 2255 ι
2850 2204 3075 2257 Multum
3101 2203 3324 2256 interest
3351 2200 3465 2255 dis-

1915 2297 2161 2350 criminis
2209 2297 2350 2348 inter
2397 2295 2549 2358 illud,
2607 2315 2624 2345 ι
2664 2309 2769 2348 non
2821 2295 3076 2347 movebor
3139 2291 3394 2360 amplius,
3431 2309 3449 2339 ι

1915 2395 1966 2441 et
2009 2387 2161 2452 illud,
2216 2405 2234 2436 ι
2268 2400 2376 2440 non
2407 2383 2582 2450 fallar,
2614 2404 2635 2436 ι
2660 2393 2712 2438 et
2740 2402 2758 2434 ι
2798 2399 2906 2438 non
2941 2383 3236 2453 emigraho.
3275 2402 3292 2434 ι
3327 2381 3459 2434 Nam

1917 2473 2047 2528 illud
2087 2473 2304 2544 quidem
2340 2472 2616 2527 indicabat
2663 2473 2863 2526 moveri
2895 2472 3112 2541 quidem
3143 2471 3341 2540 ipsum,
3372 2471 3468 2527 sed

1916 2581 2024 2619 non
2063 2565 2321 2630 multum;
2375 2573 2430 2618 at
2467 2563 2556 2617 hic
2587 2562 2834 2632 cujusvis
2879 2561 3062 2630 lapsus
3109 2552 3326 2629 negatio
3357 2565 3462 2614 est.

1922 2678 1940 2709 ι
1974 2659 2028 2711 In
2061 2656 2169 2711 Deo
2196 2657 2433 2712 salutare
2474 2669 2652 2711 meum
2686 2662 2740 2708 et
2772 2653 2937 2723 gloria
2964 2668 3102 2718 mea,
3136 2649 3276 2704 Deus
3313 2649 3467 2704 auxi-

1916 2748 1974 2802 lii
2002 2748 2128 2809 mel,
2157 2754 2212 2802 et
2245 2759 2370 2813 spes
2398 2759 2514 2799 mea
2546 2744 2598 2797 in
2627 2743 2734 2798 Deo
2756 2751 2857 2798 est.
2894 2763 2912 2794 ι
2948 2737 3046 2797 llic
3081 2757 3294 2812 quoque
3328 2760 3346 2792 ι
3380 2749 3481 2795 sa-‘

1917 2839 2088 2892 lutare
2127 2854 2146 2886 ι
2183 2834 2446 2890 Hebraica
2474 2833 2656 2903 lingua
2690 2832 2852 2887 Jcsus
2894 2833 3094 2896 dictus,
3137 2844 3298 2902 atque
3334 2831 3468 2901 ipsis

1916 2926 2317 2982 characterihus
2337 2924 2643 2994 descriptus
2665 2932 2769 2976 est.
2799 2910 3260 2988 Quemadmodum
3287 2931 3468 2976 autem

1915 3018 2130 3075 divinus
2174 3018 2468 3088 Apostolus
2501 3017 2570 3072 de
2612 3013 2892 3070 Salvatore
2922 3022 3116 3072 nostro
3169 3015 3283 3073 haec
3329 3014 3467 3068 scri-

1916 3108 2024 3180 psit
2061 3128 2073 3162 :
2111 3128 2130 3159 ι
2168 3105 2454 3162 Justiticati
2506 3107 2675 3177 gratis
2729 3121 2824 3176 per
2867 3106 3092 3175 gratiam
3139 3105 3330 3174 ipsius,
3375 3120 3458 3172 pel

1916 3199 2334 3269 redemptionem
2368 3193 2494 3268 quae.
2511 3205 2596 3252 est
2629 3197 2683 3251 in
2709 3197 2926 3252 Christo
2949 3196 3075 3251 Iesu
3106 3216 3120 3250 ε
3152 3210 3309 3265 quem
3345 3209 3468 3263 pro-

1919 3289 2098 3358 posuit
2135 3287 2276 3342 Deus
2307 3288 2741 3357 propitiationem
2775 3303 2867 3356 per
2913 3287 3070 3342 ﬁdem
3114 3287 3168 3340 in
3208 3286 3470 3355 sanguine

1919 3380 2089 3449 ipsius
2120 3378 2185 3444 ⁶⁸;
2225 3397 2244 3428 ι
2278 3392 2343 3432 ac
2385 3392 2600 3432 rursum
2633 3397 2646 3431 :
2685 3397 2703 3428 ι
2743 3377 2799 3430 Si
2833 3377 2956 3447 quis
3002 3377 3324 3448 peccaverit,
3374 3376 3469 3429 ad-
3504 3384 3506 3386 '

1917 3477 2165 3526 vocatum
2195 3464 2461 3524 habemus
2509 3468 2650 3538 apud
2701 3467 2888 3532 Deum,
2953 3467 3136 3523 Iesum
3192 3468 3468 3524 Christum

1912 3562 2140 3630 justum,
2196 3567 2246 3614 et
2294 3560 2410 3629 ipse
2458 3569 2550 3614 est
2585 3559 2896 3629 propit-iatio
2941 3574 3038 3629 pro
3081 3559 3318 3628 peccatis
3366 3573 3467 3612 no-

1916 3650 2043 3704 stris
2070 3650 2136 3713 ”,
2179 3668 2198 3700 ι
2230 3648 2310 3704 sic
2339 3658 2391 3703 et
2424 3649 2528 3703 hoc
2573 3650 2690 3703 loco
2738 3648 2959 3714 dicitur,
3003 3647 3058 3701 ln
3102 3647 3208 3700 Deo
3233 3647 3486 3701 salutare

1915 3755 2094 3797 meum
2136 3749 2190 3795 et
2228 3741 2399 3812 gloria
2444 3755 2582 3803 mea,
2629 3748 2682 3793 et
2727 3739 2984 3814 auxilium
3039 3753 3214 3791 meum
3260 3746 3312 3790 et
3345 3753 3467 3805 spes

1916 3845 2054 3885 mea.
2113 3829 2190 3883 Ita
2232 3841 2291 3884 ut
2320 3831 2368 3885 si
2407 3829 2844 3884 Hebraiczevocis
2876 3829 3236 3898 Signiﬁcatum
3267 3815 3468 3881 clarius

1917 3921 1974 3976 in
2018 3921 2459 3990 interpretatione
2510 3921 2744 3990 positum
2797 3919 3007 3981 fuisset,
3066 3920 3143 3972 sic
3199 3918 3463 3972 haberet:

1915 3999 2072 4065 Jesus
2104 4011 2339 4065 salutare
2373 4024 2548 4064 meum
2573 4009 2626 4062 in
2671 4007 2782 4063 Dco
2816 4008 3103 4077 exsistens,
3145 4016 3197 4061 et
3242 4008 3292 4059 in
3343 4006 3464 4059 sinu

1917 4103 2115 4166 Patris.
2157 4104 2274 4173 ipse
2301 4111 2386 4157 est
2417 4102 2586 4172 gloria
2635 4109 2794 4162 mea,‘
2817 4111 3001 4155 custos
3041 4117 3213 4160 meus.
3244 4109 3296 4153 ct
3329 4100 3466 4153 Deus

1917 4183 2102 4250 auxilii
2131 4195 2234 4251 mei
2269 4203 2322 4249 et
2353 4208 2478 4265 spes
2522 4207 2663 4256 mea,
2693 4206 2813 4261 qua”:
2841 4193 2894 4246 in
2938 4186 3048 4245 Deo
3079 4199 3178 4244 est.
3211 4189 3340 4242 Nam
3372 4189 3466 4243 Dei

1918 4283 2149 4338 Verbum
2177 4282 2370 4338 horum
2402 4283 2643 4338 omnium
2675 4283 2795 4337 loco
2817 4289 2899 4335 est
2926 4280 3269 4349 sperantibus
3303 4281 3354 4331 in
3385 4295 3463 4333 se.

1918 4373 2095 4440 Quare
2114 4382 2168 4428 et
2203 4365 2501 4429 secundum
2527 4373 2775 4442 Aquilam
2806 4372 3007 4425 dictum
3041 4378 3123 4424 est
3156 4389 3167 4423 :
3207 4390 3224 4420 ‹
3267 4369 3323 4423 In
3357 4371 3467 4425 Deo

1898 4466 2154 4521 salutare
2194 4479 2395 4526 meum,
2426 4470 2480 4516 et
2518 4461 2690 4532 gloria
2731 4473 2869 4524 mea,
2913 4460 3099 4512 ﬁrmus
3137 4458 3472 4516 fortitudini-

269 4573 390 4626 μου,
434 4545 649 4626 στερεδς
685 4558 915 4628 κράτους
958 4576 1080 4628 μου,
1119 4560 1272 4623 ἐλπίς
1313 4578 1415 4631 μου
1440 4563 1500 4616 ἐν
1526 4562 1663 4634 Θεῷ.
1703 4563 1816 4616 Ἐλ-
1845 4561 1889 4617 ι)
1918 4572 2007 4612 ωε

1728 4563 1816 4616 Ελ-
1845 4561 1889 4617 D
1918 4572 2069 4619 mw,
2101 4570 2226 4625 spes
2252 4569 2369 4609 mea
2400 4554 2456 4607 in
2491 4552 2620 4623 Deo.
2654 4551 2879 4621 Sperate
2915 4552 2970 4604 in
2997 4565 3061 4604 eo
3089 4552 3276 4606 omnis
3305 4567 3466 4622 syna-

268 4643 457 4698 πίσατε
499 4646 597 4713 Δἐπ’
636 4646 816 4710 αὑτὸν,
879 4648 1026 4701 πᾶσι
1059 4649 1353 4720 συναγωγὴν
1390 4649 1550 4706 λαῶν·
1594 4652 1816 4722 ἐκχέατε

266 4735 492 4790 ἐνώπιον
535 4735 698 4790 αὑτοῦ
737 4736 834 4797 τὰς
876 4738 1100 4806 καρδίας
1141 4741 1312 4810 ὑμῶν.
1367 4741 1426 4794 ὐ
1461 4741 1593 4806 Θεὸς
1626 4743 1818 4814 βοηθὸς

267 4827 440 4896 ἡμῶν.
497 4827 799 4894 Διάψαλμα.
853 4845 872 4877 ι
929 4830 1315 4900 Μνημονεύσας
1373 4832 1466 4886 τοῦ
1523 4834 1814 4906 Σωτηρίου,

267 4917 517 4981 συνεῖδεν,
567 4919 649 4970 ὅτι
696 4919 756 4970 οὺ
806 4918 962 4988 μόνον
1003 4922 1170 4978 αὑτοῦ
1213 4923 1599 4993 θεραπευτικὸν
1643 4926 1811 4988 ἐσται,

267 5008 440 5062 κοινὸν
472 5009 529 5062 δέ
559 5011 845 5080 γενήσεται
883 5011 1111 5078 ἀγαθόν’
1151 5015 1231 5067 διὸ
1270 5017 1358 5067 ἐπ’
1397 5016 1527 5069 αὐτὸ
1559 5017 1815 5086 συγκαλεῖ

264 5100 387 5161 τοὺς
411 5099 635 5161 πάντας,
660 5099 938 5166 φιλαυτίαν
963 5101 1058 5171 μὲν
1078 5104 1494 5174 ἐκτρεπόμενος,
1512 5105 1814 5178 ,φιλανθρω-

265 5186 392 5270 πίαν
425 5187 482 5238 δὲ
509 5188 602 5238 καὶ
635 5188 732 5257 τὴν
765 5189 902 5259 πρὸς
929 5190 1054 5253 τοὺς
1090 5189 1260 5254 πέλας
1296 5193 1514 5262 ἀγάπην
1543 5190 1810 5247 ἐνδεικνύ-

268 5293 443 5346 μενος.
482 5277 872 5346 Ιιροσκαλείται
897 5280 1075 5334 τοίνυν
1101 5279 1174 5343 ὡς
1199 5282 1294 5335 ἐπὶ
1322 5284 1584 5353 σωτήριον
1618 5284 1811 5356 λιμένα

263 5365 504 5433 φάσκωνο
556 5385 575 5416 ι
596 5418 600 5424 ,
623 5367 901 5422 Ἐλπίσατε
951 5371 1037 5424 ἐπ’
1095 5369 1277 5435 αὑτὸν,
1335 5373 1482 5426 πᾶσα
1525 5373 1811 5445 συναγωγὴ

262 5453 424 5511 λαῶν·
460 5474 479 5504 ι
518 5453 550 5523 ἢ
583 5456 720 5507 κατὰ
743 5457 836 5509 τὸν
872 5457 1119 5525 Ἀκύλαν,
1145 5477 1166 5512 ι
1205 5460 1562 5533 ’Δμεριμνᾶτε
1588 5463 1647 5514 ἐν
1665 5463 1813 5533 αὐτῷ

261 5548 317 5599 ἐν
357 5544 516 5595 παντὶ
546 5544 737 5614 καιρῷ,
765 5545 909 5610 λαός.
945 5567 964 5598 ι
1004 5549 1438 5622 ’Δμεριμνῶντας
1464 5551 1520 5605 δὲ
1567 5555 1624 5606 ἐν
1665 5554 1812 5624 αὐτῷ

264 5636 354 5688 καὶ
399 5633 730 5701 ἐλπίζοντας,
778 5636 1037 5702 ἐξαπλοῦν
1071 5644 1331 5714 προσήκει
1363 5643 1488 5705 τοὺς
1523 5643 1812 5713 λογισμοὺς

1914 4661 2048 4718 goga
2094 4645 2411 4714 populorum
2458 4660 2470 4694 :
2513 4638 2771 4695 eﬁ’undite
2823 4653 3004 4692 coram
3046 4640 3138 4693 illo
3170 4639 3333 4693 corda
3378 4656 3469 4696 vc-

1917 4743 2049 4790 stra.
2077 4732 2220 4788 Deus
2240 4730 2473 4800 .adjutor
2503 4738 2709 4785 noster.
2738 4727 3065 4797 Diapsalma.
3115 4748 3134 4780 ι
3173 4728 3464 4799 Postquam

1917 4825 2154 4879 salutare
2185 4821 2524 4883 memoravit,
2550 4821 2781 4891 agnovit
2807 4835 2915 4874 non
2943 4820 3120 4875 solum
3149 4819 3252 4874 sibi
3283 4821 3466 4875 mede-

1918 4911 2025 4968 lam
2054 4915 2366 4975 allaturum,
2389 4913 2483 4979 sed
2509 4927 2798 4968 commune
2819 4911 3020 4964 bonum
3043 4908 3284 4963 futurum
3307 4925 3460 4964 esse:

1917 4997 2086 5074 quare
2123 5002 2189 5056 ad
2239 5003 2414 5072 ipsum
2452 5018 2642 5058 omnes
2678 5009 2902 5061 evocat.
2950 5013 3246 5067 eversaque
3284 5014 3468 5053 amore

1917 5095 2154 5164 proprio,
2188 5095 2575 5151 humanitatem
2607 5099 2663 5146 et
2709 5090 3075 5160 proximorum
3119 5089 3460 5143 dilectionem

1915 5186 2150 5239 exhibet.
2181 5184 2348 5250 Quasi
2395 5197 2524 5254 ergo
2552 5181 2619 5235 ad
2665 5183 2951 5236 salutarem
3009 5187 3222 5250 portum
3275 5180 3456 5235 invitat

1914 5275 2001 5330 his
2027 5277 2208 5331 verbis
2243 5295 2256 5331 :
2292 5296 2310 5329 ι
2333 5274 2556 5346 Sperate
2587 5272 2640 5326 iu
2672 5281 2755 5330 eo.‘
2786 5271 2961 5326 omnis
2985 5272 3328 5340 congregatio
3360 5286 3446 5339 po-

1917 5366 2186 5435 pulorum,
2222 5388 2239 5419 ι
2271 5369 2402 5430 sive,
2420 5365 2715 5428 secundum
2740 5362 3007 5438 Aquilam,
3040 5380 3060 5412 ς
3089 5360 3290 5416 Securo
3322 5362 3456 5430 agite

1916 5459 1972 5512 in
2009 5459 2152 5528 ipso,
2183 5458 2329 5512 omni
2369 5465 2629 5526 tempore,
2689 5454 2935 5524 populus.
2980 5471 2999 5504 ι
3040 5451 3240 5506 Secure
3301 5465 3460 5519 porro

1915 5559 2134 5621 agentes
2171 5566 2235 5605 ac
2267 5562 2546 5620 sperantes
2577 5550 2650 5603 in‘
2673 5550 2788 5616 ipso
2837 5561 2931 5616 par
2968 5557 3051 5601 est
3106 5543 3461 5613 cogitationes

1917 5644 2020 5713 ipsi
2050 5644 2281 5714 aperire,
2317 5649 2368 5697 et
2399 5642 2589 5696 anima
2612 5641 2828 5695 morbos
2860 5634 3112 5692 tanquam
3141 5633 3350 5691 medico
3373 5649 3460 5705 pa-

331 5809 371 5840 ⁶²
417 5806 645 5878 Philipp.
678 5823 749 5874 tv,
785 5809 869 5865 15.
947 5813 990 5844 ⁵⁸
1027 5812 1180 5871 Rom.
1219 5832 1304 5884 ιιι,
1332 5796 1399 5872 ει
1429 5817 1516 5872 23.
1578 5819 1635 5874 ,θ’
1666 5791 1857 5872 Ιιίοειιι.
1894 5833 1955 5883 ιι,
1993 5817 2080 5874 li.
