4402 6424
384 543 480 596 597

1499 541 1993 596 (ῙΟΜΜΕΝΪΑΜΑ
2037 545 2098 594 Ut
2137 542 2474 597 PSALMUS.

3508 543 3609 601 598

381 625 794 726 θησαυρίζοντες
821 657 1050 719 αὲαυτοῐς
1099 625 1408 726 θησαυροὺς»
1449 655 1507 706 ὲν
1546 655 1813 726 οὐρανοῖς,
1857 657 1948 706 καὶ
1978 665 2019 719 Α
2050 670 2116 708 cu

1869 657 1948 706 ιιαὶ
1978 665 2019 719 Α
2050 670 2171 708 cum
2193 654 2337 723 justa
2367 661 2570 709 statera
2611 661 2664 706 et
2691 653 2905 709 bilance
2941 655 3006 710 ad
3039 656 3180 710 bona
3216 672 3380 728 opera
3425 660 3607 712 utimi-

383 747 690 818 σπείροντες
710 749 766 800 ὲν
788 749 1055 816 εὐλογίαις
1077 747 1216 801 κατὰ
1238 748 1295 799 τὸ
1315 745 1651 815 λελεγμένον·
1674 763 1694 795 ι
1729 745 1943 816 Ἐσκόρ-

380 855 554 903 πισεν,
594 838 758 893 ἔδωκε
798 843 906 902 τοῖς
941 840 1155 910 πένησι,
1189 842 1221 910 ή
1253 837 1570 906 δικαιοσύνη
1596 836 1761 888 αὑτοῦ
1794 836 1942 906 μένει

376 933 455 996 είς
481 932 571 986 τὸν
599 933 789 986 αίῶνα.
825 951 842 983 ι
876 932 1020 1004 Αὕτη
1051 932 1158 1003 γάρ
1196 932 1328 1001 μόνη
1355 930 1507 990 ἐλπὶς
1543 927 1739 999 ἀγαθή·
1769 927 1941 990 ἄλλως

374 1027 431 1079 δὲ
467 1028 732 1098 προσήκει
765 1026 838 1097 μὴ
869 1025 1103 1089 ἐλπίζειν
1137 1024 1227 1076 ἐπὶ
1259 1023 1490 1085 ἀδικίαν,
1525 1022 1659 1093 μηδὲ
1702 1021 1792 1074 ἐπὶ
1831 1022 1940 1083 τοῖς

376 1116 436 1184 ἐξ
475 1119 728 1190 ἁρπαγῆς
773 1117 868 1170 καὶ
913 1115 1220 1182 πλεονεξίας
1273 1114 1656 1183 συναγομένοις
1695 1111 1938 1181 χρήμασι

379 1209 518 1280 μέγα
539 1213 772 1280 φρονεῖν·
801 1208 935 1262 ἀλλά
961 1207 1053 1260 καὶ
1075 1208 1121 1258 εί
1148 1206 1383 1277 συμϐαίη
1419 1205 1549 1257 ποτὲ
1577 1204 1781 1273 εὑροετν
1809 1205 1939 1274 ἡμῖν

378 1301 446 1364 τὰ
475 1302 792 1371 πράγματα,
842 1301 933 1353 καὶ
976 1294 1265 1360 ἀκωλύτως
1309 1295 1563 1369 φέρεσθαι
1606 1294 1938 1364 πανταχόθεν

375 1391 462 1444 τὸν
500 1391 730 1444 πλοῦτον
763 1390 1003 1460 ποταμοῦ
1039 1391 1194 1460 δίκην
1227 1390 1436 1459 ῥέοντα,
1468 1389 1560 1442 καὶ
1597 1389 1719 1442 ὅθεν
1747 1390 1845 1444 οὐκ
1873 1389 1937 1443 ἀν

381 1499 454 1546 τις
487 1482 783 1553 ἀδικήσειε,
805 1483 941 1554 φορᾷ
961 1499 1063 1534 τινι
1089 1482 1332 1552 ἀδοκήτῳ
1355 1483 1671 1552 φερόμενον,
1702 1482 1774 1552 μὴ
1805 1483 1937 1535 πάν-

370 1592 477 1637 τως
501 1576 567 1627 ὲκ
585 1572 718 1626 Θεοῦ
736 1573 893 1641 τοῦτο
913 1573 1154 1641 γίνεσθαι
1175 1575 1268 1626 καὶ
1285 1573 1488 1643 νόμιζε,
1513 1573 1645 1643 μηδὲ
1668 1572 1933 1644 μακάριζε

372 1666 593 1720 σεαυτὸν
623 1665 981 1737 ἀπατώμενος
1023 1669 1087 1738 τῇ
1120 1666 1327 1737 διανοίᾳ
1367 1667 1459 1718 καὶ
1513 1664 1934 1736 προστιθέμενος

367 1763 442 1826 ὡς
454 1759 641 1831 ἀγαθῷ
655 1759 732 1830 τῷ
762 1761 1244 1835 πλούτῳ.Γίνωσκε
1273 1761 1346 1824 δὲ,
1379 1761 1458 1812 ὄτι
1477 1759 1707 1829 ῥευστῆς
1731 1757 1806 1810 ὢν
1835 1756 1936 1828 φύ-

369 1870 524 1917 σεως,
541 1852 728 1924 ὥσπερ
750 1853 885 1923 ῥέων
915 1852 1154 1922 φέρεται,
1173 1852 1416 1905 οὕτωκαὶ
1433 1853 1680 1923 ἀπορρεῖ·
1708 1849 1857 1923 οὐδὲν
1878 1849 1933 1902 δὲ
1957 1909 1962 1914 γ

367 1941 581 2011 βέϐαιον
605 1941 724 1994 οὐδὲ
760 1942 983 2013 στερρὸν
1023 1941 1115 1992 καὶ
1142 1940 1381 2007 ἀσφαλὲς
1410 1939 1760 2011 κεκτημένος.
1789 1939 1933 1992 Θαυ-

369 2031 586 2103 μαστῶς
617 2033 674 2086 δὲ
703 2037 779 2103 τῷ
802 2033 904 2101 τῆς
927 2033 1056 2104 ῥοῆς
1087 2033 1310 2102 ὀνόματι
1335 2032 1617 2102 κέχρηται,
1656 2051 1674 2084 ι
1701 2031 1938 2113 Πλοῦτος.
1965 2017 2005 2070 Β
2033 2034 2103 2088 du

1969 2017 2005 2070 Β
2033 2034 2230 2088 dumve
2269 2033 2566 2102 possidere.
2615 2032 2809 2086 Mirum
2855 2041 3033 2087 autem
3076 2034 3131 2086 in
3162 2033 3378 2086 modum
3413 2032 3592 2090 ﬂuxus
3703 2079 3707 2084 .

364 2123 459 2177 ἀάν
494 2123 614 2195 ῥέῃ,
639 2143 658 2175 ι
694 2124 891 2193 φήσας·
916 2123 1053 2176 κατὰ
1080 2123 1136 2192 δὲ
1168 2122 1258 2174 τὸν
1293 2122 1601 2193 Σύμμαχον·
1626 2141 1644 2173 ι
1677 2121 1930 2186 Πλοῦτος,

365 2216 550 2286 φησὶν,
600 2214 694 2268 ὲάν
737 2216 1079 2286 καρποφορῇ,
1125 2214 1198 2284 μὴ
1230 2214 1456 2264 τάσσετε
1490 2213 1587 2282 τὴν
1624 2213 1865 2284 καρδίαν.
1907 2234 1926 2265 ι

377 2307 515 2379 Ἀλλ’
542 2306 632 2360 ἐπὶ
659 2307 779 2359 τίνα
795 2307 872 2359 δεῖ
893 2307 1109 2359 τάσσειν
1135 2305 1232 2376 τὴν
1260 2304 1486 2374 καρδίαν
1514 2304 1606 2357 καὶ
1630 2304 1736 2356 τίνι
1760 2320 1929 2373 προσ-

362 2398 626 2462 τίθεσθαι,
673 2398 886 2470 είρηται
931 2397 1189 2459 πολλάκις
1232 2400 1288 2450 ὲν
1334 2395 1432 2466 τῷ,
1470 2414 1489 2445 ι
1524 2395 1655 2466 Οὐχὶ
1708 2393 1784 2464 τῷ
1812 2392 1930 2463 Θεῷ

363 2472 768 2560 ὑποταγήσεται
797 2491 830 2560 ή
856 2489 999 2558 ψυχή
1036 2503 1169 2557 μου;
1209 2505 1226 2536 ι
1262 2486 1356 2538 καὶ
1395 2484 1554 2536 πάλιν
1580 2502 1592 2514 ·
1635 2502 1653 2534 ι
1685 2483 1828 2554 Πλὴν
1852 2482 1929 2552 τῷ

360 2580 481 2651 Θεῷ
512 2579 809 2650 ύτιοτάγηθι
837 2580 1031 2649 ήψυχή
1063 2595 1163 2648 μου
1193 2593 1207 2608 ·
1233 2576 1393 2638 αὐτὸς
1415 2575 1521 2646 γὰρ
1550 2574 1682 2636 Θεός
1705 2591 1805 2644 μου
1835 2573 1928 2626 καὶ

362 2665 554 2738 Σωτήρ
581 2683 682 2736 μου
716 2667 809 2718 καὶ
841 2666 1181 2736 ἀντιλήπτωρ
1213 2680 1336 2734 μου·
1380 2683 1396 2714 ι
1434 2663 1546 2724 καὶ,
1582 2682 1599 2713 ι
1647 2662 1927 2715 Ἐλπίσατε

361 2756 453 2813 ἀπ’
484 2756 666 2818 αὐτὸν,
697 2758 844 2808 πᾶσα
887 2755 1175 2825 συναγωγὴ
1212 2754 1360 2807 λαοῦ.
1396 2773 1413 2804 ι
1452 2753 1678 2816 Οὐκοῦν,
1713 2752 1927 2823 ἔχοντες

359 2844 453 2917 τὸν
484 2844 655 2914 μέγαν
687 2843 914 2896 πλοῦτον
959 2845 1052 2896 καὶ
1095 2844 1186 2898 τὸν
1229 2843 1478 2914 ἀληθινὸν
1518 2843 1806 2913 θησαυρὸν,
1850 2844 1924 2914 μὴ

359 2933 666 3003 ἐλπίσωμεν
710 2934 802 2987 ἐπὶ
844 2933 918 3003 τῷ
959 2934 1170 3004 ματαίῳ
1235 2934 1329 2989 καὶ
1373 2933 1580 3004 ρευστῷ
1631 2935 1723 2986 καὶ
1758 2934 1925 3004 ἀδίκῳ

361 3019 596 3090 πλούτῳ·
629 3020 845 3090 μάταιοι
877 3020 984 3092 γὰρ
1005 3021 1216 3091 ἀληθῶς
1247 3022 1445 3084 πάντες
1473 3023 1521 3076 ot
1551 3023 1658 3076 υίοὶ
1690 3022 1796 3075 τῶν
1828 3024 1922 3079 ἀν-

360 3112 594 3185 θρώπων
619 3117 668 3167 οί
695 3117 785 3168 ἐπὶ
805 3117 977 3184 τούτῳ
1003 3115 1338 3179 πεποιθότες.

435 3314 456 3348 ι
488 3296 667 3364 Ἀπαξ
698 3296 953 3380 ἐλάλησεν
988 3299 1017 3351 6
1055 3298 1205 3362 Θεὸς,
1245 3297 1338 3352 δύο
1358 3299 1540 3355 ταῦτα
1573 3301 1800 3372 ήκουσα·
1838 3301 1920 3353 ὅτι

2046 750 2124 810 ni,
2154 747 2588 801 thesaurizantes
2616 745 2772 800 vobis
2804 747 3095 802 thesauros
3133 748 3186 801 in
3220 749 3399 811 caelis,
3443 759 3493 803 et
3524 766 3608 803 so-

2044 841 2313 894 niinantes
2349 840 2401 892 in
2435 838 2929 902 benedictionibus,
2971 848 3028 892 ut
3063 838 3268 892 dictum
3295 849 3378 895 est
3416 860 3427 894 :
3462 859 3480 890 ι
3516 841 3606 892 Di-

2044 934 2262 1002 spersit,
2297 932 2445 987 dedit
2480 933 2833 1002 pauperibus,
2885 931 3100 1000 justitia
3149 931 3270 1001 ejus
3314 941 3502 988 manet
3554 934 3607 988 in

2043 1025 2299 1080 saeculum
2327 1024 2390 1075 ".
2435 1044 2453 1076 ι
2489 1023 2615 1078 Haec
2661 1023 2776 1078 sola
2827 1024 2967 1076 bona
2999 1039 3124 1093 spes
3156 1023 3275 1090 est;
3308 1023 3444 1079 alias
3478 1038 3608 1078 vero

2041 1134 2149 1171 non
2183 1118 2441 1172 convenit
2463 1132 2683 1188 sperare
2704 1119 2760 1171 in
2792 1117 3095 1186 iniquitate,
3141 1130 3315 1184 neque
3346 1116 3413 1170 de
3463 1114 3604 1168 divi-

2040 1210 2130 1264 tiis
2177 1224 2244 1263 ex
2277 1210 2466 1280 rapina
2504 1214 2557 1261 et
2587 1208 2814 1262 avari-tia
2864 1207 3110 1261 collectis
3146 1207 3314 1259 altum
3367 1220 3597 1276 sapere;

2041 1300 2151 1354 imo
2175 1300 2220 1355 si
2258 1301 2475 1370 quando
2517 1300 2808 1370 contigerit
2840 1315 2929 1354 res
2971 1306 3189 1354 nostras
3220 1313 3479 1368 prospere
3510 1313 3600 1354 ce-

2036 1391 2186 1455 dere,
2220 1405 2284 1446 ac
2315 1391 2535 1446 divitias
2579 1390 2819 1446 ﬂuminis
2868 1391 3042 1444 instar
3088 1390 3431 1452 accedentes,
3481 1389 3598 1444 sine

2038 1481 2204 1536 ullius
2235 1481 2455 1550 injuria,
2481 1481 2857 1550 inexspectato
2886 1479 3120 1550 quodam
3150 1479 3295 1533 ﬂuxu
3327 1480 3392 1533 ad
3429 1487 3479 1533 te
3501 1479 3597 1535 de-

2037 1573 2202 1640 ferri;
2238 1589 2305 1628 ne
2350 1589 2416 1628 ex
2463 1571 2574 1628 Deo
2617 1573 2671 1626 id
2713 1573 3002 1642 provenire
3047 1572 3359 1641 putaveris;
3420 1587 3595 1641 neque

2035 1665 2174 1730 ideo,
2211 1666 2541 1735 cogitatione
2580 1666 2862 1735 deceptus,
2905 1665 3221 1735 divitiisque
3249 1666 3403 1735 quasi
3439 1665 3595 1721 bonis

2033 1759 2263 1822 haerens,
2315 1765 2368 1812 te
2420 1759 2637 1812 beatum
2690 1744 3092 1829 praedicaveris.
3144 1758 3401 1828 Scitoque
3450 1759 3592 1821 illas,

2033 1851 2210 1906 ﬂuidae
2257 1858 2464 1905 natura:
2511 1865 2634 1904 cum
2685 1850 2818 1912 sint,
2873 1857 2933 1903 ut
2968 1849 3117 1903 ﬂuxu
3164 1849 3435 1915 feruntur,
3476 1853 3592 1921 pari

2032 1944 2194 1998 modo
2238 1942 2493 2005 deﬂuere,
2541 1951 2702 2011 teque
2749 1929 2878 1994 nihil
2917 1940 3152 2006 ﬁrmum,
3197 1931 3413 2003 stabile,
3461 1944 3591 1998 soli-

2033 2122 2251 2177 nomine
2283 2130 2368 2177 est
2403 2137 2543 2176 usus
2578 2140 2590 2175 :
2630 2141 2648 2173 ι
2692 2121 2900 2176 Divitize
2949 2122 2994 2177 si
3026 2121 3267 2183 allluant,
3321 2142 3339 2173 ι
3379 2122 3588 2191 inquit;

2031 2215 2136 2276 vel,
2170 2214 2468 2269 secundum
2505 2212 2916 2285 Symmachum,
2951 2233 2970 2265 ι
3015 2213 3225 2269 Divitiae
3259 2214 3304 2268 si
3350 2212 3587 2266 fructum

2030 2307 2262 2377 pariant,
2305 2305 2502 2373 inquit,
2559 2321 2628 2359 ne
2664 2306 2918 2375 apponite
2959 2321 3073 2359 cor.
3102 2326 3119 2358 ι
3171 2306 3398 2360 Cuinam
3460 2317 3588 2360 vero

2029 2412 2123 2451 cor
2172 2395 2424 2449 ordinare
2484 2404 2537 2448 et
2592 2410 2862 2464 apponere
2911 2411 3048 2464 opus
3109 2397 3214 2458 sit,
3273 2396 3590 2466 plerumque

2028 2487 2230 2541 dictum
2277 2494 2360 2540 est
2396 2486 2449 2539 in
2481 2485 2592 2548 illo,
2629 2506 2646 2536 ι
2670 2486 2856 2540 Nonne
2874 2487 2982 2541 Deo
3007 2487 3251 2554 subjecta
3275 2488 3377 2541 erit
3408 2487 3587 2540 anima

2029 2576 2187 2630 mea?
2227 2594 2244 2627 ι
2278 2591 2341 2628 ac
2388 2589 2604 2629 rursum
2643 2593 2655 2627 :
2709 2593 2726 2624 ι
2772 2573 3154 2629 Verumtamen
3201 2573 3311 2628 Deo
3342 2575 3591 2642 subjecta

2026 2675 2164 2732 esto,
2196 2667 2374 2720 anima
2410 2682 2528 2720 mea
2563 2685 2573 2719 :
2604 2667 2718 2735 ipse
2744 2667 2887 2720 enim
2909 2666 3050 2722 Deus
3072 2681 3224 2722 meus
3246 2675 3297 2721 et
3336 2666 3587 2720 Salvator

2028 2772 2180 2812 meus
2229 2763 2283 2811 et
2324 2765 2610 2826 susceptor
2655 2773 2843 2824 meus,
2905 2778 2924 2810 ι
2966 2764 3042 2821 et,
3101 2776 3119 2808 ι
3178 2755 3404 2827 Sperate
3434 2758 3487 2809 in
3519 2772 3589 2811 eo

2025 2850 2204 2903 omnis
2245 2849 2597 2918 congregatio
2644 2849 2848 2917 populi.
2907 2869 2926 2899 ι
2964 2849 3102 2903 Cum
3146 2849 3328 2917 itaque
3358 2864 3587 2918 magnas

2023 2942 2240 2995 divitias
2268 2955 2564 3011 verumque
2594 2941 2909 2994 thesaurum
2932 2939 3293 3002 obtineamus,
3330 2955 3397 2993 ne
3433 2956 3581 3008 spem

2026 3045 2292 3102 ponamus
2324 3031 2380 3084 in
2428 3032 2604 3093 vanis,
2649 3029 2811 3084 [luxis
2859 3039 2913 3085 et
2955 3030 3158 3100 iniquis
3192 3029 3414 3083 divitiis.
3447 3028 3580 3083 Nam

2025 3123 2147 3176 vani
2180 3136 2307 3177 vere
2332 3129 2461 3176 sunt
2483 3136 2674 3176 omnes
2709 3120 2804 3174 ﬁlii
2836 3120 3248 3189 hominum,qui
3278 3119 3426 3174 hisce
3457 3133 3582 3173 cou-

2101 3229 2214 3266 υηι.
2295 3241 2298 3248 ·

2101 3229 2214 3266 un.
2295 3241 2298 3248 -

2023 3212 2260 3358 Μῆτις.
2295 3273 2381 3368 l2,
2417 3304 2502 3357 l5.
2557 3321 2575 3352 ι
2636 3301 2812 3357 Semel
2862 3302 3080 3357 locutus
3129 3311 3213 3356 est
3260 3299 3422 3363 Deus,
3470 3301 3584 3353 duo

357 3389 420 3441 τὸ
450 3390 650 3459 κράτος
680 3376 772 3441 τοῦ
805 3363 960 3455 Θεοῦ,
995 3390 1088 3443 καὶ
1119 3391 1221 3448 σοὶ.
1254 3385 1531 3462 Κύριε,’τὸ
1555 3363 1720 3454 ἕλεος·
1748 3392 1828 3445 ὅτι
1856 3394 1920 3446 σὺ
1948 3363 1989 3420 c
2022 3395 2095 3450 ba

1856 3394 1920 3446 σὺ
1948 3363 1989 3420 (⁵
2022 3395 2138 3450 haec
2167 3363 2378 3456 audivi,
2403 3393 2531 3464 quia
2559 3399 2803 3462 potestas
2833 3391 2926 3446 Dei
2962 3399 3066 3456 est,
3099 3399 3154 3448 et
3187 3393 3304 3454 tibi,
3331 3391 3575 3454 Domine,

357 3478 659 3543 ἀποδώσεις
701 3481 910 3548 ἑκάστῳ
945 3480 1085 3534 κατὰ
1121 3463 1188 3533 τά
1225 3481 1363 3559 ἔργα
1394 3481 1576 3536 αὐτοῦ.
1618 3501 1635 3533 ι
1672 3483 1922 3537 Τοσαῦτα

357 3571 759 3642 προπαιδεύσας
794 3574 821 3624 6
853 3571 1032 3640 λόγος,
1067 3573 1373 3636 ἀκολούθως
1414 3574 1511 3645 τῆς
1553 3574 1648 3627 τοῦ
1679 3574 1812 3628 Θεοῦ
1844 3577 1920 3629 δι-

355 3662 695 3733 καιοκρισίας
717 3663 1138 3733 ὑπομιμνήσκει·
1165 3663 1240 3726 ὡς
1267 3664 1354 3731 ἂν,
1376 3648 1578 3736 ταύτην
1599 3668 1703 3736 πρὸ
1723 3668 1918 3736 ὀφθαλ-

358 3753 474 3825 μῶν
502 3753 738 3822 θέμενοι,
771 3757 904 3826 μήτε
943 3759 1008 3828 τῇ
1043 3758 1227 3828 ἀδικίᾳ⁵
1259 3760 1395 3829 μήτε
1428 3762 1538 3821 τοῖς
1569 3760 1916 3831 ἀρπάγμασι,

357 3847 495 3918 μήτε
521 3846 599 3917 τῷ
635 3849 950 3920 προσκαίρῳ
976 3850 1069 3902 καὶ
1097 3849 1282 3920 τυφλῷ
1312 3851 1525 3920 πλούτῳ
1547 3851 1768 3915 ἑαυτοὺς
1801 3852 1920 3906 ὲπι-

349 3939 599 4011 δίδωμεν.
631 3941 704 3995 οὐ
727 3942 835 4012 γάρ
855 3941 1002 4008 me
1027 3943 1184 4013 μόνον
1215 3932 1457 4016 περὶτῆς
1477 3945 1705 4015 κρίσεως
1737 3945 1765 3996 6
1787 3943 1918 4008 Θεὸς

353 4029 698 4096 διεστείλατο,
738 4032 873 4086 ἀλλά
913 4035 1008 4088 καὶ
1041 4034 1309 4108 δεύτερον.
1353 4037 1461 4088 Καὶ
1502 4035 1692 4098 ταῦτα,
1732 4036 1912 4104 φησὶν,

353 4120 515 4184 αὐτὸς
539 4120 648 4190 ἐγὼ
679 4123 885 4192 ηκουσα
913 4125 1173 4193 ἀκριδῶς,
1200 4126 1292 4180 τὸν
1326 4126 1449 4180 νοῦν
1482 4128 1774 4196 ἐπιστήσας
1803 4128 1914 4190 τοῖς

350 4212 470 4265 δυσί⁵
503 4212 710 4275 τούτοις
744 4214 1213 4285 παραγγέλμασιν.
1249 4218 1429 4282 "Arriae
1465 4218 1570 4291 γὰρ
1604 4218 1859 4288 ἐλάλησεν
1886 4220 1915 4271 6

349 4299 500 4364 Θεὸς,
535 4301 649 4353 ἀλλ’
686 4302 796 4369 ἐγὼ
822 4302 916 4355 δύο
952 4303 1122 4357 ταῦτα
1163 4306 1385 4373 ἥκουσα·
1413 4307 1640 4381 ἐλάλησε
1672 4309 1783 4380 γάρ
1814 4309 1907 4362 καὶ

347 4392 433 4443 δτά
461 4391 774 4461 προφητῶν,
820 4393 1044 4463 ὲλάλησε
1086 4394 1179 4446 καὶ
1216 4394 1305 4448 διὰ
1335 4397 1663 4452 ἀποστόλων·
1696 4400 1788 4454 καὶ
1820 4399 1910 4452 τὸν

347 4483 444 4535 ἕνα
472 4481 630 4548 λόγον
658 4483 748 4534 τὸν
782 4480 929 4548 ἀπαξ
964 4484 1068 4537 ὑπὸ
1099 4483 1192 4538 τοῦ
1221 4484 1356 4538 Θεοῦ
1385 4488 1668 4563 ὁρισθέντα
1698 4491 1790 4544 καὶ
1825 4490 1910 4544 διά

351 4572 585 4636 παλαιᾶς
613 4572 884 4645 Διαθήκης
909 4575 1008 4650 ,καὶ
1034 4576 1122 4632 διὰ
1141 4577 1240 4645 τῆς
1261 4579 1456 4648 καινῆς
1482 4581 1708 4650 ἥκουσα.
1735 4583 1825 4645 Τίς
1852 4582 1909 4634 δὲ

2019 3485 2393 3543 misericordia
2452 3504 2464 3538 :
2525 3484 2654 3554 quia
2717 3493 2774 3538 tu
2827 3483 3023 3538 reddes
3079 3484 3372 3552 unicuique
3419 3484 3574 3550 juxta

2017 3592 2182 3646 opera
2212 3591 2332 3631 sua.
2376 3594 2394 3626 ι
2441 3573 2577 3626 Cum
2625 3579 2775 3625 tanta
2809 3571 2878 3626 ad
2907 3582 3148 3626 nostram
3180 3572 3573 3626 institutionem

2020 3667 2299 3737 pmmissa
2329 3664 2585 3728 fuissent,
2614 3671 3014 3734 consequenter
3032 3663 3099 3719 de
3127 3663 3278 3733 justo
3314 3662 3406 3717 Dei
3435 3661 3571 3732 judi-

2016 3758 2103 3812 cio
2131 3758 2293 3811 verba
2327 3755 2475 3821 facit,
2519 3765 2577 3809 ut
2605 3755 2737 3809 illud
2768 3770 2879 3824 pra:
2911 3755 3084 3810 oculis
3129 3762 3448 3815 staluentes,
3480 3767 3574 3807 ne-

2015 3861 2122 3916 que
2169 3847 2470 3914 injustitiaz,
2509 3861 2682 3917 neque
2713 3846 2941 3916 rapinis,
2990 3859 3167 3914 neque
3209 3841 3577 3913 temporaneis.

2019 3939 2285 4008 caecisque
2307 3939 2520 3993 divitiis.
2548 3953 2653 3993 nos
2684 3937 2969 3993 dedamus.
2998 3934 3184 4006 Neque
3229 3936 3373 3990 enim
3404 3935 3569 3990 semel

2017 4041 2226 4086 tantum
2256 4033 2322 4087 de
2355 4032 2560 4101 judicio
2598 4029 2741 4085 Deus
2773 4038 3037 4100 praecepta
3069 4028 3253 4095 dedit,
3279 4027 3373 4083 sed
3404 4027 3571 4083 etiam

2015 4123 2295 4177 secundo:
2331 4121 2395 4175 Et
2433 4122 2544 4176 haec
2588 4135 2688 4191 ego
2730 4119 2920 4175 sedulo
2966 4119 3172 4182 audivi,
3220 4119 3417 4189 inquit,
3453 4118 3572 4172 ani—

2015 4230 2213 4284 moque
2280 4216 2394 4268 haec
2457 4215 2566 4266 duo
2628 4221 2899 4281 praecepta
2967 4210 3327 4278 consideravi.
3391 4207 3569 4262 Semel

2012 4306 2213 4375 quippe
2237 4303 2380 4358 Deus
2409 4301 2624 4357 locutus
2652 4311 2768 4368 est;
2809 4304 2902 4357 sed
2930 4317 3029 4372 ego
3057 4303 3168 4357 limi:
3197 4301 3304 4354 duo
3336 4298 3514 4352 audivi
3552 4317 3563 4352 ε

2013 4396 2232 4450 locutus
2291 4409 2525 4463 namque
2569 4403 2653 4449 est
2703 4409 2798 4463 per
2841 4395 3161 4463 prophetas,
3205 4393 3418 4447 locutus
3472 4404 3568 4458 per

2013 4487 2288 4555 apostolos
2324 4504 2336 4556 :_
2371 4493 2534 4556 atque
2591 4500 2895 4540 sermonem
2946 4486 3096 4538 illum
3155 4500 3325 4537 unum
3376 4486 3564 4548 semel,

2010 4591 2134 4630 cum
2169 4591 2264 4645 per
2298 4573 2467 4632 Vetus
2515 4583 2628 4629 tum
2678 4589 2772 4643 per
2820 4573 3028 4633 Novum
3081 4571 3485 4628 Testamentum
3534 4592 3565 4631 a

350 4659 413 4734 ἧν
444 4657 617 4729 οὗτος,
648 4663 761 4717 ἀλλ’
795 4684 814 4715 ι
855 4659 976 4720 Ὀτι
1022 4666 1084 4719 τὸ
1115 4668 1314 4741 κράτος
1357 4669 1450 4722 τοῦ
1496 4670 1631 4723 Θεοῦ
1675 4674 1765 4726 καὶ
1804 4674 1906 4737 σοὶ,
1941 4689 1983 4742 ι)
2013 4663 2084 4718 De

1825 4674 1906 4737 rat,
1941 4689 1983 4742 ι)
2013 4663 2122 4718 Deo
2155 4665 2582 4735 pronuntiatum,
2602 4662 2802 4716 audivi.
2824 4661 2957 4727 Quis
2980 4662 3068 4716 ille
3091 4670 3229 4724 erat,
3261 4662 3365 4716 nisi
3391 4680 3410 4712 ι
3437 4663 3563 4733 quia

351 4755 538 4826 Κύριε,
571 4756 827 4828 τὸέλεος,
870 4777 888 4810 ι
926 4759 1038 4822 καὶ,
1078 4777 1097 4809 σ
1137 4760 1256 4812 Ὅτι
1287 4763 1350 4813 σὺ
1376 4760 1670 4825 ἀποδώσεις
1697 4764 1910 4834 ἑκάστῳ

348 4844 502 4898 κατᾶ
523 4846 592 4900 τά
624 4847 759 4919 ἔργα
787 4849 987 4913 αὐτοῦς
1017 4869 1038 4901 ι
1068 4848 1254 4913 Ἔλεος
1279 4849 1357 4914 δὲ,
1390 4850 1541 4921 φησὶ,
1575 4854 1668 4903 καὶ¹
1689 4853 1923 4922 κράτοςο.

347 4936 405 4988 τὸ
447 4940 549 5009 μὲν
578 4941 777 5012 κράτος
819 4942 953 5012 πρὸς
996 4942 1057 4995 τὸ
1099 4927 1452 5016 τιμώρεῖσθαι
1493 4936 1587 4994 καί
1623 4947 1910 4999 ταπεινοῦν

349 5031 472 5092 τοὺς
519 5031 880 5102 ἀφηνιῶντας,
927 5033 989 5086 τὸ
1015 5033 1074 5091 δὲ
1117 5033 1263 5098 ἔλεος
1305 5035 1440 5106 πρὸς
1470 5034 1530 5085 τὸ
1563 5032 1761 5098 σώζειν.
1784 5037 1910 5101 τοὺς

349 5119 426 5180 είς
451 5120 614 5173 αὐτὸν
636 5108 957 5190 ήλπικόταςς
985 5141 1005 5174 ι
1042 5125 1148 5177 Ἴδε
1180 5121 1272 5178 οῦν
1297 5127 1634 5198 χρηστότητα
1665 5127 1757 5178 καὶ
1776 5128 1910 5182 ἀπο-

353 5209 559 5278 τομίαν,
587 5229 608 5262 ι
645 5213 809 5281 φησὶν
833 5216 862 5266 6
896 5215 1233 5279 Ἀπόστολος·
1258 5219 1351 5270 ἐπὶ
1373 5218 1471 5288 μὲν
1495 5217 1618 5280 τοὺς
1648 5217 1907 5282 πεσόντας

316 5314 317 5317 ‘
346 5299 649 5369 ἀποτομίαν
677 5302 764 5356 διὰ
795 5303 888 5357 τοῦ
923 5305 1176 5376 κράτους,
1206 5309 1297 5360 ἐπὶ
1331 5308 1386 5362 δὲ
1415 5308 1474 5361 σὲ
1497 5307 1795 5378 χρηστότης
1818 5308 1907 5363 διὰ

347 5386 438 5441 τοῦ
461 5388 662 5452 ἐλέους.
687 5391 848 5447 Ταῦτ’
870 5397 1059 5460 είπὼν,
1084 5399 1198 5452 ἀνω
1215 5401 1277 5453 τὸ
1298 5401 1584 5472 πρόσωπον
1603 5402 1901 5469 ἀνατείνας,
1927 5437 1936 5444 -

349 5479 782 5550 προσφθέγγεται
813 5484 889 5553 τῷ
919 5487 1036 5558 Θεῷ
1058 5489 1258 5558 λέγων·
1299 5510 1318 5543 ι
1360 5492 1477 5545 Ὅτι
1516 5490 1581 5542 σὺ
1608 5485 1904 5558 ἀποδώσεις

351 5569 559 5640 ἑκάστῳ
580 5571 807 5636 κατὰ,τά
845 5573 980 5644 ἔργα
1017 5579 1200 5633 αὑτοῦ.
1233 5583 1256 5634 a'
1290 5583 1400 5636 Kal.
1428 5585 1458 5636 6
1486 5583 1726 5648 ,Ἀκύλας
1756 5585 1814 5637 δὲ
1836 5587 1906 5641 τὰ

352 5659 682 5730 προκείμενα
717 5661 903 5715 τοῦτον
935 5665 1242 5737 ἡρμήνευσε
1263 5673 1353 5724 τὸν
1375 5672 1590 5742 τρόπον·
1622 5691 1640 5724 ι
1681 5673 1903 5747 Ἐλάλη-

350 5766 441 5803 σιν
477 5752 507 5803 6
531 5750 683 5816 Θεὸς,
714 5753 807 5806 καὶ
838 5753 1084 5827 δεύτερον
1111 5759 1408 5829 ἐπήκουσα·
1443 5765 1522 5817 δτι
1560 5767 1596 5825 ἡ
1627 5766 1776 5834 ἰσχὺς
1808 5769 1903 5823 τοῦ

422 5919 470 5958 ⁷⁶
505 5923 645 5981 Psal.
681 5942 764 5982 cxi
791 5968 811 5994 ,.
841 5930 890 5985 9.
968 5931 1010 5963 ⁷⁷
1055 5929 1206 5986 Rom.
1243 5949 1317 5999 τι,
1353 5933 1439 5992 29..

2013 4763 2257 4824 potestas
2288 4752 2380 4808 Dei
2406 4761 2511 4815 est,
2563 4759 2616 4805 et
2647 4751 2766 4815 tibi,
2801 4749 3045 4815 Domine,
3080 4751 3494 4816 misericordia;
3539 4772 3561 4802 ι

2009 4853 2085 4909 et,
2123 4864 2142 4896 ι
2162 4837 2307 4915 quia
2338 4851 2395 4897 tu
2437 4840 2632 4896 reddes
2658 4841 2952 4912 unicuique
2977 4843 3134 4913 juxta
3161 4859 3326 4912 Opera
3357 4843 3498 4899 sua?
3538 4862 3561 4897 ι

2012 4934 2406 4998 ὶιὶεεῐὶοοτιιὶιι,
2442 4933 2537 4999 ait,
2567 4939 2622 4986 et
2653 4941 2956 5004 potestas;
3010 4943 3253 5005 potestas
3305 4935 3372 4990 ad
3426 4936 3561 4991 ulci-

2012 5034 2271 5090 scendum
2303 5040 2359 5086 et
2384 5032 2779 5087 humiliandum
2811 5031 3041 5089 eﬂrenes
3072 5032 3350 5095 homines;
3385 5029 3562 5083 mise-

2009 5125 2240 5181 ricordia
2270 5123 2336 5176 ad
2354 5124 2534 5178 salvos
2566 5124 2846 5180 faciendos
2876 5135 3156 5194 sperantes
3177 5123 3235 5177 in
3262 5137 3338 5176 se.
3371 5138 3388 5170 ι
3425 5119 3556 5173 Vide

2008 5232 2137 5284 ergo
2201 5215 2498 5269 bonitatem
2551 5225 2605 5270 et
2668 5215 3011 5270 severitatem
3061 5213 3154 5267 Dei
3187 5212 3255 5274 τ’,
3317 5229 3334 5261 ι
3385 5211 3560 5279 inquit
3607 5220 3622 5228 ‘

2008 5308 2302 5378 Apostolus
2339 5326 2351 5360 :
2388 5310 2731 5363 severitatem
2780 5307 2835 5359 in
2886 5307 3071 5375 lapsos
3118 5314 3220 5373 per
3239 5311 3556 5372 potestatem

2005 5414 2160 5456 suam
2187 5416 2202 5465 ;
2230 5413 2355 5469 erga
2408 5408 2483 5454 te.
2509 5408 2638 5453 ‘vero
2663 5399 2956 5454 bonitatem
2982 5411 3078 5465 per
3101 5396 3554 5451 misericordiam.

2005 5489 2300 5559 Postquam
2335 5492 2446 5545 haec
2471 5490 2704 5554 dixerat,
2725 5497 2909 5543 erecto
2945 5503 3162 5543 sursum
3193 5489 3344 5540 vultu
3388 5486 3556 5541 Deum

2002 5584 2084 5639 sic
2113 5583 2408 5654 alloquitur
2442 5603 2455 5639 :
2496 5601 2513 5633 ι
2551 5581 2688 5650 Quia
2723 5590 2782 5636 tu
2836 5583 3028 5638 reddes
3079 5581 3369 5648 unicuique
3394 5579 3552 5647 juxta

2002 5687 2167 5746 opera
2221 5692 2338 5731 sua.
2389 5695 2408 5728 ι
2467 5675 2658 5745 Aquila
2705 5676 2870 5729 etiam
2912 5675 3026 5728 haee
3058 5675 3139 5728 sic
3171 5673 3554 5739 interpretatus

2001 5776 2129 5842 est:
2176 5786 2194 5821 ι
2234 5769 2479 5825 Locutus
2499 5775 2581 5823 est
2633 5765 2794 5831 Deus,
2825 5775 2878 5821 et
2906 5762 3144 5822 Secundo
3174 5763 3376 5826 audivi,
3421 5763 3567 5832 quia
3634 5745 3643 5765 ¹
