4402 6404
875 513 977 568 59b
1535 508 2296 567 EUSEBIICESARIENSIS
2333 510 2482 566 OPP.
2521 509 2698 566 PARS
2736 510 2824 565 Ill.
2854 541 2924 552 -—-
2952 509 3354 566 EXEGETICA.
3954 513 4057 567 800

877 628 1136 682 fortitudo
1191 625 1303 687 Dei,
1357 634 1407 680 et
1457 627 1575 689 tibi,
1613 626 1856 693 Domine,
1904 625 2296 680 misericordia.
2332 623 2412 678 Tu
2444 633 2486 688 Α
2514 627 2614 679 Θεο

2332 623 2412 678 Tu
2444 633 2486 688 Α
2514 626 2670 691 Θεοῦ,
2707 629 2795 679 καὶ
2819 626 2920 690 σοὶ,
2956 627 3216 686 Δέσποτα,
3246 625 3303 677 τὸ
3329 623 3488 685 ἕλεος.
3525 625 3594 675 Σὺ
3621 623 3675 676 δὲ
3703 623 3894 686 ἀπόδος
3921 625 4045 676 κατ)

875 733 1002 772 vero
1023 717 1183 772 redde
1204 717 1428 786 singulis
1454 718 1584 772 viris
1611 717 1906 772 secundum
1939 731 2102 785 opera
2130 731 2247 772 sua.
2287 739 2305 767 ι

876 853 928 909 1.
953 850 1271 905 PSALMUS
1304 850 1552 907 DAVIDI.
1579 849 1721 903 CUM
1755 849 1968 904 ESSET
2005 850 2066 904 IN
2098 848 2413 904 DESERTO

1259 983 1265 989 _
1367 921 1442 991 (ι)
1469 918 1731 974 ιυῡιλΕΑῑ
1773 919 1926 973 LXII.

945 1030 1108 1088 Vens.
1143 1034 1199 1094 2,
1229 1034 1279 1085 3.
1329 1049 1346 1081 ‹
1377 1031 1519 1086 Deus
1544 1031 1684 1086 Deus
1707 1046 1882 1093 meus,
1911 1033 1977 1086 ad
2011 1039 2065 1088 te
2091 1031 2158 1087 de
2195 1033 2314 1087 luce
2343 1033 2418 1085 vi-

874 1123 999 1192 gilo.
1035 1144 1053 1174 ›
1091 1123 1226 1176 Cum
1261 1122 1468 1192 fugeret
1497 1121 1687 1186 David,
1718 1124 1953 1177 accessit
1983 1123 2050 1176 ad
2071 1122 2414 1176 Acbimelech

876 1212 1208 1266 sacerdotem
1232 1229 1246 1277 ;
1283 1212 1408 1265 hinc
1439 1210 1504 1264 ad
1525 1211 1707 1266 Achus
1732 1226 1912 1280 regem
1941 1209 2112 1276 Geth;
2144 1209 2268 1264 inde
2291 1226 2416 1265 vero

875 1303 927 1354 in
954 1301 1233 1372 Massepha
1256 1301 1429 1357 Moab.
1468 1302 1581 1357 Gad
1616 1311 1796 1356 autem
1837 1302 2121 1372 propheta,
2177 1307 2268 1372 qui
2317 1303 2416 1357 ad-

874 1401 1014 1456 erat,
1050 1401 1240 1448 auctor
1273 1401 1356 1447 est
1396 1394 1497 1462 ipsi
1543 1401 1602 1446 ut
1639 1409 1706 1446 ne
1746 1394 1884 1446 ultra
1935 1392 2076 1462 apud
2120 1393 2419 1464 allophylos

875 1501 1057 1539 moras
1084 1485 1279 1538 trahat.
1305 1483 1485 1548 Quare
1508 1485 1633 1538 inde
1667 1483 1968 1553 profectus,
2003 1485 2055 1538 in
2086 1485 2301 1540 deserto
2329 1485 2418 1540 Ju-

875 1576 1000 1629 dazae
1023 1575 1250 1635 habitat,
1285 1573 1352 1627 de
1380 1589 1487 1642 quo
1525 1561 1767 1644 tempore
1807 1575 1920 1628 haac
1957 1574 2234 1644 Scriptura
2261 1591 2418 1630 enar-

878 1674 964 1720 rat
995 1685 1008 1718 :
1047 1683 1064 1714 ι
1109 1664 1173 1717 Et
1205 1664 1519 1719 morabatur
1563 1663 1730 1718 David
1781 1669 1835 1719 in
1870 1667 2084 1721 deserto
2115 1665 2416 1724 Masseneth

878 1757 933 1809 in
970 1756 1234 1825 angustis,
1285 1763 1337 1810 et
1367 1755 1522 1810 sedes
1556 1757 1784 1810 habebat
1816 1756 1870 1810 in
1899 1757 2113 1812 deserto
2153 1758 2210 1810 in
2237 1767 2420 1810 monte

878 1846 1035 1915 Ziph.
1069 1845 1133 1898 Et
1166 1847 1436 1914 quaerebat
1482 1862 1606 1901 eum
1646 1845 1775 1901 Saul
1821 1849 2074 1902 omnibus
2121 1848 2334 1909 diebus,
2367 1855 2420 1901 et

2514 718 2676 787 ἄνδρα
2708 719 2918 786 ἑκάστῳ
2951 717 3088 770 κατὰ
3119 717 3188 768 τά
3218 717 3352 787 ἔργα
3374 715 3556 769 αὐτοῦ.
3586 733 3604 766 ι

2515 856 2796 910 ΨΑΛΜΟΣ
2844 856 2928 906 ΤΩ
2962 853 3170 916 ΓΔΑΥΙΔ
3222 854 3311 904 ΕΝ
3349 853 3434 916 Tt)
3474 852 3653 904 EINAI
3705 850 3928 902 ΑΥΤΟΝ
3970 849 4049 900 EP-

2772 925 2865 997 Τῌ
2903 925 3133 992 ΕΡΗΜῼ
3169 924 3300 975 ΤΗΣ
3338 920 3646 974 ιυΥΔΑιΑΣ
3682 920 3776 970 ΞΒν

2590 1055 2607 1081 ι
2648 1037 2706 1089 Ὀ
2731 1036 2860 1100 Θεὸς
2890 1039 2917 1088 0
2945 1036 3075 1097 Θεός
3111 1053 3230 1105 μου,
3263 1034 3397 1103 πρὸς
3431 1033 3488 1083 σὲ
3516 1027 3766 1102 ὀρθρίζω.
3794 1047 3814 1080 ι
3843 1028 4058 1094 Φεύγων

2514 1129 2542 1179 0
2569 1126 2726 1180 Δαυῒό
2750 1127 3098 1196 παραγίνεται
3131 1125 3265 1196 πρὸς
3300 1123 3582 1194 Ἀχιμέλεχ
3606 1123 3694 1174 τὸν
3722 1121 3887 1190 ἱερέα·
3913 1119 4060 1172 ἔνθεν

2516 1215 2649 1285 πρὸς
2680 1214 2864 1284 Ἀχοῦς
2892 1217 2981 1268 τὸν
3015 1215 3234 1284 βασιλέα
3253 1213 3374 1275 Γὲθ,
3404 1212 3650 1264 κάκεῖθεν
3684 1213 3770 1271 είς·
3790 1209 4062 1277 Μάσσηφα

2515 1306 2610 1374 τῆς
2637 1307 2826 1358 Μωάϐ.
2856 1305 3033 1358 Συνὼν
3057 1305 3112 1356 δὲ
3142 1303 3287 1372 αὐτῷ
3308 1304 3412 1356 Γὰδ
3433 1304 3460 1355 0
3485 1303 3785 1372 προφήτης,
3815 1301 4062 1369 παραινεῖ

2520 1397 2592 1466 μὴ
2621 1395 2886 1448 ποιεῖσθαι
2912 1395 3062 1464 παρὰ
3081 1397 3189 1457 τοῖς
3209 1393 3518 1461 ἀλλοφύλοις
3534 1394 3632 1457 τάς
3653 1390 3946 1461 διατριϐάς.
3976 1388 4064 1440 Διὸ

2521 1486 2788 1556 μεταστάς
2819 1485 3084 1548 ἐντεῦθεν,
3114 1486 3211 1555 τὴν
3237 1484 3468 1554 ὲρημίαν
3490 1484 3588 1552 τῆς
3625 1482 3878 1542 Ἰουδαίας
3905 1481 4059 1531 οἰκεῖ·

2517 1577 2600 1629 ὅτε
2651 1577 2745 1655 καὶ
2794 1573 3000 1655 ιστορὲ
3038 1575 3269 1643 λέγουσα
3313 1577 3346 1644 ἡ
3391 1575 3611 1644 Γραφής
3665 1591 3682 1622 ι
3713 1573 3818 1623 Kal.
3847 1569 4055 1622 ἐκάθισε

2518 1667 2675 1720 Δαυῖδ
2700 1653 2767 1722 ’ἐν
2804 1671 2870 1738 τῇ
2914 1653 3102 1739 ἐρήμῳ
3133 1667 3409 1719 Μασσενὲθ
3461 1667 3518 1720 ὲν
3560 1668 3670 1727 τοῖς
3705 1666 3932 1725 στενοῖς·
3975 1662 4051 1713 κα

2519 1759 2749 1830 ἐκάθητο
2792 1761 2848 1811 tv
2877 1759 2953 1829 τῷ
2985 1760 3097 1829 ὄρει
3127 1761 3184 1810 ὲν
3226 1761 3291 1828 τῇ
3327 1758 3514 1827 ἐρήμῳ
3544 1755 3695 1822 Ζείφ.
3739 1757 3846 1807 Καὶ
3890 1754 4056 1822 ὲζήτετ

2521 1850 2680 1902 αὐτὸν
2719 1850 2889 1902 Σαοὺλ
2930 1850 3103 1912 πάσας
3134 1849 3231 1911 τάς
3266 1848 3496 1918 ἡμέρας,
3537 1847 3631 1898 καὶ
3667 1845 3726 1897 ού
3762 1843 4065 1914 παρέδωκεν

879 1953 986 1989 non
1019 1936 1240 1990 tradidit
1277 1952 1399 1991 eum
1431 1936 1691 1991 Dominus
1741 1938 1800 1991 in
1829 1953 2022 1992 manus
2053 1939 2172 2006 ejus
2199 1939 2266 1992 ⁷⁸.
2303 1958 2322 1989 ι
2363 1938 2418 1991 1η
2455 1973 2492 2027 Β
2522 1943 2617 1994 αὺτ

2363 1938 2418 1991 1η
2455 1973 2492 2027 Β
2522 1941 2679 1994 αὑτὸν
2711 1942 2910 2012 Κύριος
2940 1944 3018 2004 εἰς
3043 1941 3138 2002 τὰς
3161 1943 3344 2013 χεῖρας
3370 1939 3553 1994 αὐτοῦ.
3580 1957 3597 1989 ι
3639 1939 3724 1989 Ἐν
3743 1937 3950 1998 τούτοις
3973 1933 4064 1996 ῶν,

879 2029 980 2081 hoc
1010 2044 1193 2082 rerum
1245 2036 1409 2093 statu,
1438 2029 1583 2081 hunc
1629 2028 1898 2097 psalmum
1929 2028 2176 2091 adornat,
2236 2037 2421 2084 notato

881 2133 973 2185 per
997 2117 1209 2194 titulum
1239 2123 1499 2185 tempore.
1532 2116 1708 2181 Quare
1744 2118 1946 2172 dictum
1975 2124 2077 2180 est,
2117 2138 2134 2169 ι
2162 2117 2422 2187 Psalmus

880 2207 1088 2269 Davidi,
1120 2221 1242 2260 cum
1278 2215 1423 2261 esset
1447 2206 1500 2260 in
1531 2207 1744 2262 deserto
1764 2205 1982 2263 Judatze.
2031 2228 2048 2260 ι
2092 2207 2134 2260 Ε
2167 2225 2223 2263 re
2243 2217 2420 2263 autem

881 2298 1043 2352 fuerit
1070 2297 1157 2350 hic
1183 2312 1396 2351 rursum
1420 2297 1729 2363 observare,
1762 2314 1870 2352 non
1901 2315 1973 2353 ex
2003 2299 2148 2354 serie
2181 2299 2422 2354 historia:

879 2396 935 2442 et
989 2397 1311 2455 temporum,
1363 2387 1610 2443 ordinem
1659 2389 1991 2458 psalmorum
2047 2391 2420 2454 constitutum,

883 2478 976 2531 sed
1029 2478 1183 2532 valde
1225 2479 1483 2548 permista
1517 2486 1761 2548 tempora
1811 2495 1953 2534 esse.
2014 2479 2148 2533 Nam
2197 2481 2424 2536 historia

883 2570 1054 2637 primo
1085 2576 1350 2633 recenset,
1385 2568 1602 2623 Saulem
1634 2571 1856 2626 nuntios
1879 2571 2096 2628 misisse
2125 2572 2179 2624 in
2206 2572 2424 2625 demum

785 2677 789 2682 ε
886 2659 1072 2722 David,
1116 2659 1207 2730 qui
1253 2657 1804 2726 interﬁcerenteum,
1837 2669 1890 2716 et
1921 2660 2149 2716 Melchol
2202 2677 2424 2716 uxorem

882 2749 1002 2816 ejus
1054 2749 1335 2804 demisisse
1387 2765 1508 2803 eum
1559 2766 1654 2820 per
1707 2750 2036 2819 fenestram;
2087 2752 2431 2812 Psalmorum

885 2854 1014 2894 vero
1047 2843 1315 2911 scriptura
1346 2857 1464 2896 eam
1498 2858 1609 2897 rem
1641 2843 1695 2896 in
1728 2858 1856 2898 ινιιι
1909 2853 2190 2899 memorat.
2225 2843 2427 2899 Deinde

888 2931 1113 2985 historia
1145 2932 1436 3003 Scriptura:
1464 2942 1650 2987 narrat
1682 2935 1897 2990 venisse
1922 2934 2177 2991 Davidem
2205 2937 2258 2989 in
2280 2933 2426 2988 Noba

885 3022 953 3074 ad
991 3024 1336 3079 Achimelech
1363 3027 1736 3090 sacerdotem;
1797 3024 1891 3078 sed
1921 3024 2259 3079 Psalmorum
2294 3025 2429 3080 liber

888 3115 1027 3167 hanc
1056 3129 1168 3167 rem
1197 3123 1400 3183 gestam
1435 3114 1681 3168 meminit
1721 3114 1776 3168 in
1819 3129 1995 3167 χχχιιι
2024 3115 2248 3180 psalmo.
2286 3114 2425 3169 Rur-

888 3219 1118 3273 sumque
1147 3207 1416 3274 scriptura
1463 3205 1767 3274 Regnorum
1793 3203 1869 3258 ait
1896 3220 1910 3256 :
1942 3223 1959 3255 ι
1999 3203 2065 3258 Et
2096 3205 2230 3261 abiit
2263 3206 2426 3259 David

2521 2035 2610 2088 τὸν
2641 2034 2993 2104 προκείμενον
3024 2033 3233 2101 ψαλμὸν
3269 2031 3571 2093 συντάττει,
3623 2028 3711 2080 τὸν
3756 2026 3942 2096 καιρὸν
3987 2023 4069 2076 διὰ

2521 2128 2618 2196 τῆς
2649 2125 2966 2202 προγραφῆς
2996 2125 3259 2193 σημήνας.
3296 2122 3384 2173 Διὸ
3423 2122 3649 2190 εἴρηται,
3687 2138 3708 2170 σ
3738 2117 3964 2188 Ψαλμὸς
3996 2113 4070 2183 τῷ

2522 2217 2701 2280 Δαυῒδ,
2732 2221 2786 2270 ὲν
2811 2215 2888 2286 τῷ
2915 2213 3050 2269 εἶναι
3076 2215 3233 2282 αὑτὸν
3259 2217 3315 2266 ὲν
3336 2216 3398 2282 τῇ
3428 2213 3523 2282 ὲρή
3534 2228 3617 2280 μῳ
3637 2211 3731 2279 τῆς
3763 2208 4068 2269 Ἰουδαίας.»

2524 2310 2751 2376 Εῠλογον
2792 2310 2848 2362 δὲ
2881 2307 3111 2360 ἐνταῦθα
3143 2306 3461 2375 γενομένους
3497 2299 3933 2370 ἐπισημήνασθαι
3974 2297 4072 2350 πά-

2523 2400 2624 2462 λιν,
2652 2400 2740 2452 ὃτι
2758 2399 2830 2468 μὴ
2857 2399 2997 2450 κατά
3025 2396 3340 2449 ἀκολουθίαν
3368 2393 3475 2445 τῶν
3501 2393 3596 2461 τῆς
3621 2390 3854 2460 ἱστορίας
3875 2389 4073 2458 χρόνων

2525 2493 2558 2562 ἡ
2589 2489 2694 2542 τῶν
2727 2489 2952 2558 ψαλμῶν
2988 2489 3266 2553 σύγκειται
3292 2485 3460 2548 τάξις·
3493 2482 3811 2551 ὲνήλλακται
3838 2477 3893 2530 δὲ
3927 2474 4073 2546 παρά

2526 2581 2658 2632 πολὺ
2695 2581 2807 2640 τοῖς
2844 2579 3071 2648 χρόνοις.
3112 2576 3315 2628 Αὐτίκα
3341 2574 3473 2642 γοῦν
3495 2575 3528 2642 ἡ
3559 2573 3656 2642 μὲν
3685 2569 3893 2638 ἱστορία
3928 2566 4074 2637 πρώ-

2526 2689 2624 2742 την
2670 2671 2912 2740 περιέχει
2955 2668 3050 2739 τὴν
3083 2667 3327 2736 διήγησιν
3358 2665 3476 2716 καθ’
3501 2663 3566 2731 ἢν
3598 2660 3876 2714 ἀπέστειλε
3908 2657 4074 2711 Σαοὺλ

2526 2760 2784 2828 ἀγγέλους
2814 2761 2890 2820 είς
2919 2758 3009 2809 τὸν
3047 2751 3191 2809 οίκον
3223 2754 3404 2817 Δαυῖδ,
3443 2753 3536 2806 τοῦ
3565 2751 3864 2804 θανατῶσαι
3895 2747 4070 2800 αὐτόν·

2525 2853 2606 2905 ὅτι
2632 2851 2892 2920 Μελχὸλή
2927 2849 3061 2919 γυνὴ
3090 2848 3249 2901 αὐτοῦ
3284 2847 3518 2916 καθῆκεν
3552 2845 3712 2898 αὑτὸν
3742 2842 3828 2895 διά
3855 2841 3951 2910 τῆς
3983 2840 4074 2892 θυ-

2529 2943 2770 3012 ρίδος·ηή
2803 2941 2859 2993 δὲ
2899 2941 3005 2992 τῶν
3057 2938 3282 3008 ψαλμῶν
3328 2937 3512 3006 γραφὴ
3561 2936 3616 2986 ὲν
3650 2934 3725 3002 τῷ
3757 2940 3835 3003 νη¹
3877 2930 4076 2998 ταύτης

2531 3033 2798 3102 μέμνηται
2828 3031 2925 3099 τῆς
2959 3029 3222 3100 πράξεως.
3256 3026 3364 3081 Εἶθ’
3399 3027 3525 3096 ἑξῆς
3558 3029 3590 3096 ἠ
3629 3025 3726 3095 μὲν
3757 3022 3944 3092 Γραφὴ
3970 3021 4077 3073 τῶν

2532 3123 2776 3194 ἱστοριῶν
2806 3122 3060 3180 διδάσκει,
3105 3122 3177 3182 ὡς
3228 3120 3443 3191 ἔρχεται
3475 3116 3634 3168 Δαυῒδ
3661 3117 3738 3177 είς
3771 3113 3918 3166 Νοϐᾶ
3945 3111 4076 3179 πρὸς

2541 3215 2822 3285 Ἀχιμέλεχ
2847 3213 2935 3265 τὸν
2962 3211 3123 3281 ἱερέα·
3148 3212 3181 3280 ἡ
3207 3210 3263 3262 δὲ
3293 3209 3467 3278 βίϐλος
3487 3207 3594 3259 τῶν
3621 3202 3861 3274 Ψαλμῶν
3880 3201 4076 3270 ταύτης

889 3295 1036 3352 inde.
1064 3302 1118 3348 et
1147 3295 1314 3357 venit,
1339 3304 1392 3350 et
1423 3295 1664 3350 salvatus
1720 3301 1802 3349 est
1852 3293 1906 3348 in
1954 3295 2211 3363 spelunca
2264 3293 2428 3349 Odol-
2457 3325 2502 3383 ε
2537 3306 2627 3375 μέγ

2337 3295 2428 3349 lol-
2457 3325 2502 3383 ε
2537 3306 2802 3375 μέμνηται
2829 3303 2928 3370 τῆς
2959 3300 3206 3370 πράξεως
3238 3303 3294 3352 ὲν
3324 3297 3400 3367 τῷ
3428 3298 3507 3364 λγ¹
3531 3293 3746 3364 ψαλμῷ.
3781 3289 4075 3383 Καὶ-πάλιν

889 3385 998 3437 lam
1030 3385 1104 3449 ⁷⁹;
1145 3404 1165 3435 ι
1201 3386 1338 3440 liber
1371 3394 1550 3440 autem
1579 3385 1919 3442 Psalmorum
1955 3385 2118 3454 hujus
2146 3386 2349 3455 negotii
2373 3385 2426 3438 in
2468 3380 2500 3383 “’
2531 3397 2564 3465 ἡ
2601 3413 2627 3465 μ

2337 3385 2426 3439 illi
2468 3380 2500 3383 η
2531 3397 2564 3465 ἡ
2601 3395 2695 3465 μὲν
2732 3391 2914 3462 γραφὴ
2947 3391 3050 3444 τῶν
3090 3389 3375 3444 Βασιλειῶν
3409 3403 3564 3456 φησι·
3601 3403 3618 3434 ι
3655 3383 3763 3436 Καὶ
3795 3380 4075 3449 ἀπηλλάγη

890 3491 974 3528 va
1030 3476 1356 3530 mentionem
1412 3475 1557 3531 facit.
1602 3475 1716 3532 Sub
1772 3478 1883 3531 haec
1924 3477 2119 3531 iterum
2163 3477 2431 3547 scriptura

891 3568 1198 3638 Regnorum
1232 3567 1372 3622 Doec
1396 3575 1684 3632 memorat,
1716 3583 1824 3637 quo
1846 3576 2004 3636 pacto
2025 3567 2236 3621 scilicet
2267 3567 2431 3621 Achi-

893 3661 1098 3714 melech
1152 3660 1487 3713 sacerdotem
1520 3659 1659 3728 apud
1693 3658 1907 3714 Saulem
1939 3659 2300 3715 calumniatus
2327 3659 2431 3725 sit;

892 3757 946 3803 at
975 3748 1310 3803 Psalmorum
1337 3750 1470 3804 liber
1502 3750 1555 3802 in
1589 3765 1641 3802 LI
1662 3751 1764 3804 hoc
1791 3760 2002 3820 tempus
2025 3758 2430 3806 commemorat.

891 3841 1082 3910 Agnita
1107 3854 1268 3910 porro
1295 3839 1461 3895 David
1514 3841 1682 3910 ipsius
1709 3841 1850 3896 Doec
1893 3842 2186 3905 calumnia,
2220 3840 2360 3909 fugit
2383 3850 2436 3895 et

894 3932 950 3986 in
984 3932 1254 3987 desertum
1285 3914 1481 3987 :ludaaaa
1518 3947 1577 3988 se
1607 3932 1856 3995 contulit,
1885 3949 1993 4002 quo
2015 3941 2258 4002 tempore
2294 3933 2436 3994 hunc

893 4036 1054 4089 quem
1090 4029 1382 4076 tractamus
1411 4023 1676 4091 psalmum
1705 4022 2007 4077 adornavit.
2055 4021 2122 4075 Et
2167 4023 2436 4092 scriptura

895 4109 1110 4178 quidem
1171 4108 1477 4179 Regnorum
1532 4119 1654 4180 post
1707 4112 2005 4180 pmsentis,
2071 4111 2280 4166 scilicet
2323 4127 2435 4164 ιχιι

897 4198 1091 4266 psalmi
1131 4204 1365 4266 tempus,
1406 4199 1649 4267 quaedam
1681 4197 1832 4268 gesta
1866 4208 2275 4263 commemorat,
2301 4215 2353 4253 ν.
2383 4214 2432 4267 g.

898 4297 954 4343 ut
986 4286 1184 4357 Ziphrei
1217 4286 1383 4342 David
1415 4289 1554 4357 apud
1579 4287 1794 4342 Saulem
1828 4289 2140 4343 calumniati
2177 4296 2340 4353 sunt;
2372 4286 2438 4342 de

897 4379 1092 4448 quibus
1124 4378 1458 4432 Psalmorum
1490 4377 1644 4441 liber,
1678 4377 1731 4430 in
1756 4393 1878 4445 Llll,_
1907 4377 2229 4433 mentionem
2255 4378 2435 4439 habet,

896 4469 1052 4538 cujus
1086 4469 1274 4523 titulus
1298 4475 1382 4522 est
1423 4488 1435 4522 :
1473 4467 1585 4526 «,ln
1636 4467 1819 4531 ﬁnem,
1856 4469 1910 4521 in
1942 4469 2176 4538 hymnis,
2227 4469 2439 4526 intelle-

895 4567 1018 4613 ctus
1044 4557 1233 4618 David,
1269 4571 1392 4610 cum
1423 4557 1700 4611 venissent
1734 4554 1958 4623 Ziphazi,
1991 4564 2044 4610 et
2071 4556 2337 4612 dixissent
2371 4556 2439 4612 ad

2531 3483 2691 3536 Aau'60
2706 3482 2968 3543 ἐντεῦθεν,
2988 3481 3080 3534 καὶ
3109 3475 3347 3550 ἔρχεται,
3378 3478 3472 3530 καὶ
3497 3473 3723 3542 διεσώθη
3759 3473 3835 3535 είς
3859 3471 3918 3523 τὸ
3944 3471 4079 3538 σπή-

2532 3574 2677 3625 λαιον
2708 3572 2768 3624 τὸ
2799 3571 3074 3641 Ὀδολλὰμ·
3107 3589 3125 3621 ι
3160 3574 3192 3638 ἡ
3222 3569 3278 3622 δὲ
3313 3567 3486 3638 βίϐλος
3513 3565 3620 3617 τῶν
3648 3561 3887 3633 Ψαλμῶν
3919 3562 3975 3612 έν
4003 3558 4079 3629 τῷ

2532 3671 2617 3727 νς⁹
2654 3663 2920 3734 μέμνηται
2955 3663 3050 3732 τῆς
3093 3660 3316 3724 τάξεως.
3363 3658 3472 3712 Ka‘t
3500 3652 3652 3718 αὖθις
3690 3653 3825 3724 με.τά
3853 3652 4021 3706 ταῦτα
4046 3654 4078 3720 ἡ

2538 3755 2634 3824 μὲν
2665 3755 2848 3824 γραφὴ
2880 3753 2987 3805 τῶν
3029 3751 3318 3805 Βασιλειῶν
3359 3748 3449 3801 τοῦ
3490 3747 3647 3816 Δωὴκ
3689 3745 3977 3814 μέμνηται,
4007 3742 4082 3803 ὡς

2533 3845 2850 3912 διαϐέϐληκε
2882 3843 2958 3912 τῷ
2996 3842 3163 3893 Σαοὺλ
3197 3841 3287 3893 τὸν
3329 3838 3476 3908 ἱερέα
3520 3834 3819 3904 Ἀχιμέλεχ·
3856 3835 3889 3904 ἡ
3917 3833 3972 3884 δὲ
4006 3831 4082 3899 βί-

2536 3935 2656 3998 ϐλος
2681 3935 2792 3986 τῶν
2809 3932 3050 4002 Ψαλμῶν
3080 3932 3136 3984 ὲν
3160 3929 3236 4000 τῷ
3262 3935 3339 3982 να¹
3356 3927 3540 3980 τοῦτον
3573 3924 3820 3995 σημαίνει
3847 3924 3937 3975 τὸν
3963 3919 4084 3992 χρό-

2535 4041 2642 4077 νον.
2667 4024 2832 4086 Γνοὺς
2857 4022 2913 4074 δὲ
2940 4023 2968 4073 0
2990 4020 3149 4079 Δαυῒδ
3175 4019 3270 4090 τὴν
3292 4018 3384 4071 τοῦ
3414 4017 3573 4086 Δωὴκ
3599 4014 3865 4084 διαϐολὴν,
3896 4011 4084 4080 φεύγει

2537 4114 2628 4165 καὶ
2676 4111 3029 4183 παραγίνεται
3070 4111 3148 4172 είς
3186 4110 3284 4180 τὴν
3326 4109 3526 4178 ἔρημον
3549 4107 3647 4176 τῆς
3693 4103 3964 4166 Ἰουδαίας,
3997 4103 4085 4154 ὅτε

2537 4205 2628 4256 καὶ
2671 4203 2950 4256 συντάττει⁴
2983 4202 3076 4253 τὸν
3123 4202 3257 4270 μετά
3299 4201 3483 4269 χεῖρας
3522 4195 3749 4265 ψαλμὸν.
3785 4195 3895 4246 Kal.
3923 4193 3956 4260 ἡ
3991 4190 4087 4274 μὲν

2537 4292 2724 4364 γραφη
2747 4293 2850 4346 τῶν
2875 4291 3164 4344 Βασιλειῶν
3197 4289 3333 4360 μετά
3357 4288 3446 4339 τὸν
3479 4286 3664 4356 χρόνον
3697 4283 3789 4336 τοῦ
3824 4281 3958 4352 μετά
3979 4281 4088 4348 χεῖ-

2541 4400 2637 4452 ρας
2665 4381 2895 4451 ψαλμοῦ,
2927 4381 3070 4449 λέγω
3094 4381 3148 4432 δὲ
3181 4379 3273 4431 τοῦ
3305 4378 3401 4442 ξϐ’,
3427 4375 3672 4447 πράξεών
3699 4391 3855 4427 τινων
3885 4372 4088 4442 μέμνη-

2538 4486 2646 4531 ται,
2669 4469 2744 4531 ὡς
2771 4471 2818 4521 οί
2846 4470 3052 4536 Ζιφαίοι
3072 4465 3407 4520 διαϐάλλουσι
3434 4464 3510 4533 τῷ
3536 4463 3706 4516 Σαοὺλ
3729 4462 3820 4514 τὸν
3849 4457 4025 4512 Δαυῖδ·
4055 4459 4087 4526 ἡ

2539 4558 2595 4610 δὲ
2624 4556 2799 4626 βίϐλος
2823 4558 2930 4611 τῶν
2945 4555 3185 4625 Ψαλμῶν
3206 4553 3408 4605 τούτων
3435 4553 3699 4623 μέμνηται
3721 4553 3777 4603 ὲν
3803 4549 3878 4618 τῷ
3907 4553 4005 4614 νγ’,
4032 4547 4089 4608 ὃς

901 4649 1050 4710 Saul,
1084 4646 1222 4700 Ecce
1258 4646 1425 4702 David
1464 4647 1821 4702 absconditus
1871 4654 1955 4702 est
1982 4647 2124 4716 apud
2157 4663 2277 4703 nos.
2320 4669 2337 4699 ι
2371 4649 2437 4702 Et
2469 4639 2513 4693 D
2541 4647 2639 4698 ὲπι·

2371 4649 2437 4702 Et
2469 4639 2513 4693 Ῐ)
2541 4647 2919 4716 ἐπιγράφεται,
2949 4665 2968 4697 ‹
3005 4646 3098 4706 Εἰς
3129 4644 3190 4696 τὸ
3221 4644 3368 4705 τέλος
3399 4644 3455 4694 ὲν
3489 4641 3695 4711 ὕμνοις,
3728 4639 3990 4697 συνέσεως
4013 4635 4087 4704 τῷ

899 4753 964 4791 Lv
994 4737 1286 4802 inscriptus
1325 4743 1447 4790 est:
1483 4753 1502 4786 ι
1540 4736 1768 4801 Quando
1798 4745 2089 4792 tenuerunt
2118 4752 2240 4791 eum
2283 4739 2433 4792 Allo-

896 4827 1041 4898 phyli
1076 4827 1130 4878 in
1162 4824 1319 4878 Geth.
1351 4843 1368 4874 ι
1397 4826 1531 4879 Illud
1553 4838 1730 4881 autem
1761 4826 2067 4897 Regnorum
2091 4829 2361 4898 scriptura
2380 4830 2436 4885 in

901 4927 1171 4986 postrema
1202 4916 1442 4972 historia:
1466 4925 1617 4986 parte
1665 4918 1892 4985 reponit.
1919 4917 2106 4974 Viden’
2140 4934 2248 4988 quo
2279 4928 2438 4989 pacto

900 5009 1074 5077 prima
1103 5016 1395 5077 postrema,
1425 5020 1477 5064 et
1511 5017 1782 5078 postrema
1806 5009 1976 5077 prima
2003 5011 2440 5067 constituantur?

901 5097 1054 5160 Quod
1090 5094 1148 5166 ’,εἰ
1196 5099 1492 5152 secundum
1537 5107 1836 5168 temporum
1866 5101 2059 5154 seriem
2085 5101 2274 5171 digesti
2310 5103 2441 5157 fuis-

900 5195 1040 5247 sent,
1068 5189 1274 5255 primus
1301 5189 1615 5243 statuendus
1631 5198 1745 5244 erat
1765 5205 1914 5254 LVIII,
1947 5193 2214 5248 secundus
2247 5208 2440 5255 χχχιιι,

901 5276 1098 5355 tertius
1138 5277 1331 5333 deinde
1367 5293 1476 5340 Lvt,
1534 5289 1758 5347 quartus
1805 5295 1880 5341 LI,
1939 5287 1993 5333 et
2050 5291 2441 5350 consequenter

842 5390 844 5392 τ
903 5366 1123 5434 quintus
1156 5382 1286 5430 ιχιι,
1309 5379 1493 5424 sextus
1521 5385 1636 5430 Lm.
1665 5385 1727 5424 ac
1752 5377 2060 5439 postremus
2081 5373 2318 5426 omnium
2354 5389 2438 5426 LV.

903 5458 1032 5511 Post
1061 5464 1289 5512 mortem
1318 5476 1444 5514 vero
1476 5459 1657 5513 Saulis
1687 5461 1915 5528 primum
1954 5461 2139 5532 psallit
2168 5477 2278 5526 le,
2315 5480 2438 5518 cum

905 5549 1172 5615 percussit
1199 5546 1334 5602 Joab
1359 5550 1550 5602 vallem
1584 5547 1911 5613 Salinarum,
1947 5547 2197 5620 cepitque
2244 5552 2441 5607 duode-

904 5639 1008 5692 cim
1041 5641 1206 5693 millia
1234 5640 1509 5694 hominum
1543 5641 1930 5709 Moa‘bitarum;
1967 5660 1986 5692 ›
2020 5657 2050 5694 ι.
2075 5657 2202 5697 vero
2224 5653 2427 5713 postea,

978 5790 1021 5819 ⁷⁸
1059 5789 1233 5857 Ich.
1272 5808 1434 5855 χχιιι,
1475 5780 1649 5847 “.15.
1724 5797 1766 5828 ⁷⁸
1807 5795 1825 5848 1
1859 5795 1986 5868 Reg.
2023 5811 2168 5860 χχιι,
2203 5799 2250 5850 1.

977 5880 1052 5950 (1)
1094 5879 1261 5936 ϐιλς.
1296 5891 1346 5938 et
1370 5882 1524 5957 Vulg.
1566 5885 1828 5952 quma'a'.

2541 4739 2721 4804 Δαυῒδ,
2767 4741 2824 4791 tv
2870 4737 2946 4806 τῷ
2989 4735 3156 4788 ἐλθεῖν
3198 4736 3322 4798 τοὺς
3371 4734 3643 4802 Ζιφαίους,
3685 4733 3776 4783 καὶ
3812 4729 3983 4780 εἰπεῖν
4015 4727 4089 4796 τῷ

2541 4829 2726 4888 Σαούλ·
2773 4829 2898 4882 Ἰδοὺ
2931 4827 3090 4879 Δαυῒδ
3116 4827 3418 4896 κέκρυπται
3449 4825 3573 4893 παρ’
3600 4823 3750 4889 ἡμῖν.
3792 4839 3808 4868 ι
3839 4819 3999 4870 Καὶύ
4019 4825 4088 4869 νε¹

2543 4921 2956 4991 ἐπιγέγραπται·
2993 4937 3010 4969 ι
3051 4919 3178 4971 Ὅτε
3212 4918 3514 4987 ἐκράτησαν
3542 4911 3700 4964 αὑτὸν
3729 4911 3776 4960 οί
3809 4907 4087 4974 ἀλλόφυλοι

2543 5012 2606 5064 ὲν
2618 5011 2768 5064 Γέθ.ι
2796 5008 2964 5062 Τοῦτο
2987 5009 3042 5062 δὲ
3071 5009 3224 5080 ἡτῶν
3242 5002 3533 5058 Βασιλειῶν
3560 4999 3743 5070 γραφὴ
3769 5001 3824 5050 ὲν
3850 4997 4088 5066 ὑστέροις

2543 5099 2720 5170 τίθησι
2747 5100 2846 5168 τῆς
2879 5099 3139 5171 ἱστορίας.
3180 5097 3340 5166 Ὁρᾷς
3379 5095 3524 5155 ὅπως
3550 5090 3618 5144 τὰ
3649 5090 3837 5158 πρῶτα
3869 5086 4087 5158 ὕστερα,

2544 5192 2635 5246 καὶ
2667 5192 2736 5246 τὰ
2767 5191 2966 5261 ὼτερα
2996 5191 3185 5262 πρῶτα
3214 5187 3502 5250 τέτακται;
3527 5185 3600 5245 ὡς
3628 5185 3674 5234 εί
3703 5181 3842 5235 κατά
3867 5181 4088 5232 ἀκολου-

2545 5282 2662 5336 θίαν
2687 5284 2793 5337 τῶν
2819 5285 3023 5355 χρόνων
3054 5282 3277 5344 τέθειτο,
3322 5279 3534 5349 πρῶτος
3575 5277 3639 5329 ἂν
3678 5275 3902 5328 τέτακτο
3930 5277 3957 5326 0
3987 5279 4087 5342 νῆ’,

2545 5374 2669 5444 ἑξῆς
2703 5375 2871 5444 τούτῳ
2906 5377 2932 5427 0
2956 5375 3057 5442 λγ’,
3090 5372 3183 5425 καὶ
3209 5371 3388 5442 τρίτος
3421 5369 3514 5421 καὶ
3540 5368 3674 5438 μετὰ
3701 5365 3900 5420 τούτων
3927 5367 3953 5416 0
3980 5363 4086 5426 νς’,

2543 5464 2634 5516 καὶ
2657 5466 2862 5526 τούτοις
2893 5464 3146 5532 τέταρτος
3169 5463 3195 5514 0
3216 5467 3315 5522 va',
3351 5457 3447 5512 εἶτ’
3471 5458 3772 5519 ἀκολούθως
3795 5455 4040 5524 πέμπτος
4064 5453 4092 5503 0

2542 5555 2640 5620 ξδ’,
2671 5557 2764 5610 καὶ
2799 5557 2952 5619 ἕκτος
2980 5558 3008 5608 0
3032 5561 3130 5622 νγ¹,
3161 5555 3253 5608 καὶ
3290 5555 3424 5625 μετά
3453 5549 3905 5614 πάντας,τούτους
3935 5546 3964 5596 6
3999 5549 4087 5597 γε’.

2537 5647 2684 5702 Μετά
2725 5649 2780 5701 δὲ
2819 5648 2908 5701 τὸν
2951 5647 3172 5701 θάνατον
3218 5645 3310 5701 τοῦ
3349 5646 3518 5700 Σαοὺλ
3552 5643 3762 5715 πρῶτον
3794 5637 3980 5699 ψάλλει
4004 5635 4089 5689 τὸν
