4402 6400
378 504 469 560 ϐω
1471 497 1964 555 COMMENTARIA
2002 500 2067 555 IN
2100 498 2432 555 PSALMOS;

375 620 468 685 v9’,
499 618 657 690 ἡνίκα
689 617 953 682 ἐπάταξεν
998 617 1149 669 ’ἰωάϐ
1177 616 1273 685 τὴν
1304 616 1557 685 φάραγγα
1584 615 1691 667 τῶν
1726 616 1913 678 Ἀλῶν,
1945 624 1989 678 Α
2022 636 2041 668 ι
2074 634 2106 686 q

1945 624 1989 678 Α
2022 636 2041 668 ι
2074 617 2293 686 quando
2321 617 2468 669 venit
2510 617 2574 669 ad
2612 617 2785 685 ipsum
2834 617 3046 675 Natban
3080 620 3363 690 propheta,
3414 633 3562 689 post-

376 710 468 763 καὶ
507 709 841 779 ὑποχειρίους
883 704 989 759 εἷλε
1038 709 1160 769 τοὺς
1203 705 1374 760 Μωάὁ
1421 705 1486 757 ιϐ’
1525 706 1781 775 χιλιάδας.
1816 705 1916 758 Τὸν

374 800 429 852 δέ
449 805 490 853 ν’
509 816 522 829 ⁸
552 799 687 880 μετά
712 798 900 864 ταῦτα,
929 800 1016 850 ὅτε
1040 794 1167 866 ἦλθε
1196 798 1329 869 πρὸς
1355 797 1513 849 αὐτὸν
1538 797 1719 851 Ναθάν
1744 798 1772 848 6
1793 814 1919 867 προ-

374 892 566 960 φήτης,
594 889 751 959 ἡνίκα
780 889 872 941 καὶ
903 887 1117 957 εἰσῆλθε
1161 887 1294 957 πρὸς
1336 886 1628 958 Βηθσαϐεέ.
1669 881 1799 938 Εἶτα
1825 886 1915 939 τὸν

371 977 547 1050 τρίτον
592 976 885 1036 συντάττει,
929 975 1015 1025 ὅτε
1052 973 1437 1044 ἀπεδίδρασκεν
1482 974 1587 1027 ἀπὺ
1627 973 1914 1044 προσώπου

386 1064 729 1134 Ἀὃεσσαλὼμ
766 1063 857 1118 τοῦ
890 1056 1003 1115 υἱοῦ
1044 1061 1225 1115 αὐτοῦ·
1257 1065 1348 1116 καὶ
1390 1064 1525 1132 μετὰ
1564 1064 1731 1116 ταῦτα
1762 1064 1850 1117 τὸν
1872 1065 1915 1127 ζ’

374 1156 509 1225 ὑπὲρ
535 1156 641 1209 τῶν
662 1155 832 1223 λόγων
862 1154 1029 1207 Χουσὶ
1058 1153 1173 1205 υἱοῦ
1212 1154 1445 1223 ἰεμινεί.
1477 1153 1572 1216 Τίς
1598 1149 1691 1207 οῦν
1722 1155 1819 1207 οὐκ
1850 1155 1915 1208 ἂν

370 1246 467 1315 τὴν
490 1244 689 1299 τούτων
718 1244 996 1313 ζητήσειεν
1028 1243 1202 1299 αἰτίαν
1223 1242 1253 1308 ;’
1274 1245 1348 1297 Οὐ
1386 1244 1493 1315 γὰρ
1525 1244 1636 1314 ἔχει
1672 1244 1825 1312 λόγον
1852 1246 1913 1297 τὸ

374 1336 447 1405 μὴ
474 1336 562 1388 διά
586 1353 735 1398 τινας
768 1334 1064 1401 ἀναγκαίας
1089 1334 1367 1398 ὑποθέσεις
1399 1334 1567 1388 ταῦτα
1596 1335 1779 1389 τοῦτον
1806 1336 1917 1388 δια-

367 1426 617 1508 τετάχθαι
661 1425 749 1477 τδν
782 1425 999 1496 τρόπον.
1039 1425 1227 1488 Ἀλλος
1259 1426 1356 1495 μὲν
1382 1422 1473 1479 οῦν
1500 1428 1623 1489 τοὺς
1654 1428 1914 1497 ἀριθμοὺς

368 1516 561 1579 αὐτοὺς
590 1516 826 1586 οἰήσεται
860 1515 1001 1585 ἔχειν
1036 1516 1156 1568 τινὰ
1186 1516 1428 1585 δύναμιν
1464 1516 1542 1569 διὸ
1572 1517 1913 1585 καταλλήλως

328 1627 335 1634 ·
368 1606 579 1675 ἑκάστῳ
619 1604 831 1675 ἀριθμῷ
858 1606 1192 1675 ὲφηρμόσθαι
1223 1606 1319 1674 τὴν
1352 1606 1582 1660 διάνοιαν
1610 1606 1713 1658 τῶν
1745 1609 1910 1675 ὲμφε·
1954 1640 1960 1645 -

370 1694 605 1764 ρ’)μὲνων
625 1692 811 1759 λόγων·
842 1688 950 1745 οἷον
972 1694 1047 1755 ὡς
1084 1694 1176 1745 ἐπλ¹
1213 1692 1647 1763 παραδείγματος
1673 1695 1701 1744 6
1728 1702 1768 1746 ν’
1797 1696 1914 1766 ἀρι-

367 1784 501 1853 θμὸς
538 1783 626 1836 τὸν
652 1783 775 1855 περὶ
796 1784 1036 1850 ἀφέσεως
1067 1782 1469 1852 ἁμαρτημάτων
1498 1782 1650 1849 λόγον
1675 1784 1911 1854 περιέχει

366 1874 449 1925 διὰ
474 1876 571 1943 τὴν
592 1874 649 1925 ἐν
673 1872 751 1943 τῷ
772 1873 918 1943 νόμῳ
939 1872 1237 1941 φερομένην
1261 1874 1819 1944 πεντηκονταετερίδα,
1846 1877 1911 1945 ἣν

379 1963 679 2033 Ίωϐηλαῖον
711 1963 892 2024 παῖδες
938 1961 1201 2031 Ἐϐραίων
1235 1961 1476 2023 ἐκάλουν,
1510 1963 1566 2014 ἐν
1613 1956 1657 2029 ᾧ
1693 1965 1911 2034 ἀφέσεις

365 2053 459 2106 καὶ
492 2054 854 2131 συγχωρήσεις
886 2053 1130 2121 ἐγένοντο
1159 2057 1268 2117 τοῖς
1292 2056 1722 2125 χρεωφειλέταις,
1760 2057 1908 2109 ἐλευ-

366 2142 519 2213 θερία
547 2160 607 2195 τε
636 2143 891 2206 οἰκέταις,
938 2146 1030 2197 καὶ
1075 2144 1206 2197 ἄλλα
1240 2146 1358 2199 τινὰ
1396 2147 1616 2199 τοιαῦτα
1657 2147 1910 2218 πράττειν

365 2230 761 2301 νενομοθέτητο.
809 2231 1009 2286 Τούτου
1056 2233 1213 2304 χάριν
1261 2235 1357 2305 τὴν
1399 2236 1776 2306 ἐξομολόγησιν
1819 2238 1909 2289 τοῦ

286 2380 289 2381 ν
366 2310 825 2393 πλημμελήματος
870 2325 1008 2394 ὑπὲρ
1065 2328 1456 2396 συγχωρήσεως
1518 2330 1610 2380 καὶ
1668 2328 1909 2396 ἀφέσεως

367 2413 644 2484 ἁμαρτιῶν
662 2414 739 2484 τῷ
762 2421 803 2467 ν’
821 2414 1015 2485 ψαλμῷ
1041 2416 1579 2488 ἐφήρμοσεν.’οῦτως
1601 2416 1691 2473 οῦν
1713 2420 1803 2472 καὶ
1827 2423 1909 2490 ἐφ’

366 2505 578 2576 ἑκάστῳ
605 2505 799 2576 ψαλμῴ
836 2506 975 2558 κατά
1014 2524 1163 2569 τινας
1202 2506 1390 2574 λόγους
1431 2510 1496 2577 τῇ
1530 2508 1637 2560 τῶν
1669 2508 1910 2579 ἀριθμῶν

365 2594 586 2665 δυνάμει
616 2595 715 2659 τὰς
749 2597 952 2659 οἰκείας
981 2596 1215 2659 διανοίας
1258 2599 1397 2650 εἴποι
1442 2597 1508 2650 ἀν
1552 2598 1905 2669 ἐφηρμόσθαι.

378 2684 512 2736 Ἀλλ’
538 2687 566 2738 6
588 2686 758 2739 ταῦτα
788 2686 957 2754 λέγων
979 2685 1038 2738 οὔ
1067 2704 1155 2761 μοι
1180 2687 1325 2741 δοκεῖ
1352 2689 1635 2757 τυγχάνειν
1663 2687 1754 2739 τοῦ
1789 2705 1909 2739 0x0-

367 2774 488 2829 ποῦ·
520 2775 732 2845 πρῶτον
777 2777 873 2847 μὲν
910 2776 989 2829 ὅτι
1028 2777 1146 2831 οὐδὲ
1190 2778 1325 2839 ὅλως
1368 2778 1592 2848 ἀριθμός
1634 2797 1716 2842 τις
1759 2782 1815 2832 ἐν
1842 2783 1906 2851 τῇ

379 2865 634 2935 Ἐὂραῖκῇ
671 2865 832 2937 βίόλῳ
866 2867 970 2920 τῶν
1000 2852 1241 2938 Ψαλμῶν
1270 2869 1507 2939 φέρεται⁸
1554 2868 1679 2922 ἄνευ
1723 2870 1778 2922 δέ
1813 2870 1910 2939 τῆς

335 2955 455 3008 .τοῦ
487 2955 715 3025 ἀριθμοῦ
747 2958 1057 3029 προσθήκης
1079 2960 1477 3029 ἀνεγράφησαν·
1507 2956 1603 3013 εἷθ’
1623 2962 1701 3013 ὅτι
1729 2961 1912 3030 διαφό-

369 3065 476 3118 ρως
502 3051 549 3100 οἱ
570 3049 664 3118 μὲν
688 3051 792 3102 εἰσὶ
821 3053 1169 3122 συνημμένοι,
1203 3056 1250 3105 oi
1270 3053 1325 3106 δὲ
1350 3054 1681 3125 διῃρημένοι.
1707 3054 1912 3108 Λύτίκα

365 3136 495 3204 γοῦν
593 3134 820 3209 πρῶτος
839 3141 934 3193 καὶ
967 3142 995 3192 6
1036 3141 1282 3213 δεύτερος
1314 3143 1455 3195 κατὰ
1484 3143 1581 3213 τὴν
1609 3144 1780 3214 ἀρχὴν
1810 3145 1908 3214 τῆς

367 3227 547 3297 βίβλου
570 3230 895 3300 συνημμένοι
919 3233 1023 3284 εἰσὶ
1052 3234 1191 3287 κατά
1210 3234 1269 3285 τὸ
1303 3233 1601 3304 Ἐὁραῖκόνο
1632 3234 1723 3288 καὶ
1750 3234 1908 3287 πάλιν
1934 3261 1976 3317 c

363 3319 395 3369 6
420 3319 464 3371 θ’
493 3321 830 3391 συνημμένος
860 3321 987 3391 παρ’
1013 3323 1141 3392 ἡμῖν
1174 3324 1230 3376 ἐν
1254 3322 1332 3393 τῷ
1370 3323 1637 3395 Ἐϐραῖκῷ
1658 3325 1904 3395 διῄρηται

364 3412 442 3473 εἰς
460 3398 571 3466 δύο.
589 3413 698 3466 Καὶ
724 3415 870 3467 πᾶσα
891 3414 946 3466 δὲ
966 3400 1002 3482 ’ὴ
1024 3413 1131 3466 τῶν
1147 3414 1387 3483 Ψαλμῶν
1413 3415 1587 3485 eiero;
1610 3417 1687 3477 είς
1711 3416 1847 3485 μέρη
1866 3422 1905 3467 ει

363 3500 631 3571 διῄρηται,
672 3502 850 3565 καθὼς
894 3503 992 3572 ἤδη
1042 3504 1302 3573 πρότερον
1343 3502 1575 3573 εἴρηται.
1612 3498 1709 3555 Ὧν
1738 3504 1905 3567 οὕτως

364 3588 612 3657 ἐχόντων,
670 3589 917 3658 σχολάζοι
963 3588 1026 3642 ἂν
1078 3592 1110 3660 ἡ
1154 3590 1506 3661 προλεχθεῖσα
1536 3590 1640 3644 τῶν
1665 3592 1905 3662 ἀριθμῶν

364 3678 581 3748 θεωρία.
616 3679 770 3731 Ποῖον
801 3679 857 3731 δὲ
888 3679 979 3731 καὶ
1010 3678 1162 3746 λόγον
1204 3680 1344 3733 εἴποι
1375 3680 1439 3734 ἄν
1470 3697 1555 3743 τις
1594 3679 1757 3749 ἔχειν,
1789 3682 1907 3751 φέρ’

365 3772 555 3837 εἰπεῖν,
587 3769 677 3823 τοῦ
700 3769 833 3840 μετά
860 3773 1043 3840 χεῖρας
1061 3769 1293 3840 ψαλμοῦ,
1323 3771 1464 3839 λέγω
1493 3771 1547 3824 δὲ
1576 3770 1667 3831 τοῦ
1695 3770 1790 3834 ξδ’,
1811 3770 1908 3842 τὴν

363 3859 593 3913 διάνοιαν
615 3861 748 3930 πρὸς
767 3860 856 3912 τὸν
876 3860 1072 3931 τοιόνδε
1092 3860 1325 3931 ἀριθμὸν
1346 3860 1721 3931 ἐφαρμόττειν,
1750 3848 1789 3930 ἦ
1801 3861 1908 3913 τῶν

363 3949 447 4016 ἐφ’
476 3949 686 4020 ἑκάστῳ
725 3949 831 4003 τῶν
871 3956 945 4021 ρν¹
991 3949 1235 4020 ἀριθμῶν
1267 3950 1394 4003 ἴδιον
1426 3951 1760 4020 ἀφοριείοθαι
1788 3950 1907 4003 νοῦν

365 4043 702 4110 προσήκοντα
744 4040 821 4111 τῷ
859 4040 1063 4112 τοιῷδε,
1099 4042 1131 4112 ἢ
1164 4027 1240 4111 τῷ
1266 4041 1449 4109 τοιῷδε
1478 4040 1732 4110 ἀριθμῷ;
1774 4040 1907 4092 ἀλλά

362 4129 532 4183 ταῦτα
585 4131 681 4199 μὲν
730 4132 835 4202 ὅπη
884 4124 969 4194 τις
1022 4132 1190 4185 ἐθέλοι
1233 4130 1633 4199 παραδεχέσθω.
1682 4130 1820 4197 Ἐγὼ
1850 4132 1907 4183 δὲ

364 4219 598 4289 ἡγοῦμαι
640 4221 737 4289 τῆς
770 4220 892 4279 ,τῶν
945 4220 1402 4291 ἐγγεγραμμένων
1449 4220 1681 4284 διανοίας
1726 4222 1908 4276 ἕνεκεν

237 4328 297 4359 ﬁ“
366 4308 558 4380 ἐφεξῆς
585 4309 824 4380 ἀλλήλων
852 4310 976 4373 τοὺς
1002 4310 1244 4380 ψαλμοὺς
1278 4310 1487 4377 κεῖσθαι
1517 4312 1654 4364 κατά
1684 4312 1743 4363 τὸ
1762 4313 1908 4367 πλεῖ-

336 4462 339 4467 ν
365 4413 506 4465 στον,
526 4399 695 4462 οὕτως
723 4400 779 4452 ἐν
802 4399 1013 4460 πολλοῖς
1034 4400 1366 4471 ἐπιτηρήσας
1388 4402 1481 4455 καὶ
1503 4400 1692 4473 εὑρών·
1716 4401 1793 4454 διὸ
1816 4404 1908 4457 καὶ

366 4487 630 4559 συνῆφθαι
653 4489 847 4552 αὐτοὺς
866 4489 1061 4551 ὡσανεὶ
1082 4490 1394 4563 συγγένειαν
1420 4490 1637 4561 ἔχοντας
1660 4491 1754 4543 καὶ
1779 4493 1907 4544 ἀκο-

3462 501 3567 554 663

2016 725 2177 779 quam
2218 711 2499 777 ingressus
2524 718 2606 763 est
2636 712 2699 764 ad
2734 710 3018 766 Bersabee.
3057 731 3075 762 ι
3113 711 3312 766 Deinde
3338 715 3557 766 tertium
3599 722 3604 736 ‘

2016 798 2339 865 composuit,
2399 814 2418 848 ι
2471 812 2593 851 cum
2645 798 2852 867 aufugit
2891 815 2919 850 a
2972 798 3108 852 facie
3157 796 3409 853 Absalom
3468 801 3559 853 ﬁlii

2016 888 2141 951 sui;
2183 907 2200 939 ι
2242 889 2344 943 sub
2373 888 2485 941 lucc
2521 890 2804 957 septimum
2852 910 2869 938 ι
2920 904 3016 958 pro
3046 890 3223 944 verbis
3262 890 3429 943 Cbusi
3466 891 3558 943 ﬁlii

2013 978 2231 1033 Jemini.
2265 998 2282 1028 ι
2308 978 2443 1047 Quis
2475 979 2667 1032 horum
2697 994 2916 1033 causam
2952 996 3060 1033 non
3091 980 3407 1049 perquirat?
3440 979 3558 1033 Non

2013 1070 2156 1123 enim
2191 1069 2387 1122 rationi
2426 1079 2850 1124 consentaneum
2873 1078 3038 1132 esset,
3065 1072 3180 1125 sine
3215 1072 3319 1123 ulla
3371 1085 3561 1124 ncces-

2014 1158 2158 1212 saria
2187 1166 2353 1214 causa
2376 1159 2490 1214 haec
2516 1160 2609 1212 tali
2640 1160 2801 1213 modo
2820 1158 3068 1214 ordinata
3092 1161 3278 1215 fuisse.
3313 1160 3428 1215 Erit
3458 1160 3561 1214 for-

2014 1256 2160 1303 tasse
2182 1250 2274 1317 qui
2300 1266 2558 1305 numeros
2582 1251 2727 1319 ipsos
2759 1251 2867 1304 vim
2903 1253 3137 1320 aliquam
3165 1253 3361 1307 habere
3382 1260 3556 1322 putet;

2014 1340 2243 1410 ideoque
2276 1326 2505 1411 singulis
2537 1342 2778 1397 numeris
2809 1352 3195 1412 congruentem
3233 1345 3405 1414 aptari
3439 1361 3559 1399 ver-

2012 1430 2201 1504 borum
2252 1430 2613 1494 sententiam;
2664 1432 2894 1501 exempli
2931 1448 3117 1496 causa,
3153 1435 3556 1505 quinquagena-

2011 1522 2125 1574 rius
2177 1535 2436 1573 numerus
2488 1522 2827 1578 remissionis
2889 1531 3231 1592 peccatorum
3292 1526 3553 1581 rationem

2010 1608 2271 1671 continet,
2296 1608 2366 1661 ob
2389 1608 2898 1678 quinquagesimum
2942 1614 3089 1665 illum
3128 1630 3326 1667 annum
3358 1616 3411 1669 in
3441 1617 3559 1686 lege

2010 1706 2392 1761 memoratum,
2425 1699 2705 1767 jubilazum
2737 1701 2804 1753 ab
2837 1700 3078 1756 llcbrmis
3096 1705 3278 1757 vocari
3306 1707 3551 1769 solitum,

2009 1806 2116 1858 quo
2140 1788 2486 1844 remissiones
2511 1790 2997 1860 concessionesque
3017 1792 3353 1847 debitoribus
3376 1806 3551 1859 erant,

2014 1882 2231 1935 libertas
2256 1879 2500 1943 famulis,
2532 1886 2585 1935 et
2614 1880 2810 1933 similia
2834 1882 3076 1950 quaedam
3100 1884 3182 1951 agi
3214 1885 3326 1953 lege
3348 1885 3554 1938 consti-

2013 1980 2185 2023 tutum
2212 1978 2349 2024 erat.
2382 1968 2553 2038 Cujus
2592 1969 2668 2023 rei
2694 1970 2866 2039 gratia
2896 1969 3291 2024 confessionem
3332 1972 3555 2026 sceleris

2011 2076 2108 2130 pro
2158 2061 2313 2114 venia
2368 2068 2422 2114 ει
2468 2060 2789 2115 remissione
2839 2070 3183 2129 peccatorum
3229 2063 3563 2132 quinquage—’

2010 2153 2147 2205 simo
2169 2150 2377 2219 psalmo
2408 2151 2693 2217 aptaverit.
2747 2148 2838 2204 Sic
2882 2151 3049 2220 igitur
3095 2152 3182 2207 ille
3214 2152 3441 2221 singulis
3497 2153 3553 2205 in

2011 2242 2255 2309 psalmis.
2285 2239 2580 2292 secundum
2606 2240 2869 2308 quasdam
2916 2242 3176 2305 rationes,
3207 2258 3551 2297 numerorum

2012 2332 2196 2385 virtuti
2224 2329 2547 2384 sententiam
2596 2331 2867 2402 propriam
2905 2332 3300 2405 accommodari
3332 2333 3548 2388 dixerit.

2008 2424 2075 2475 At
2124 2422 2215 2489 qui
2267 2424 2392 2476 talia
2423 2423 2589 2481 dicat.
2630 2438 2739 2475 non
2773 2422 2985 2475 videtur
3022 2422 3150 2474 mibi
3198 2437 3422 2491 scopum
3470 2431 3553 2477 at»

2010 2513 2211 2579 tingere
2245 2532 2258 2565 :
2292 2514 2466 2582 primo
2485 2513 2703 2584 quidem
2731 2512 2874 2583 quod
2905 2513 3088 2568 nullus
3116 2515 3336 2567 omnino
3361 2528 3551 2567 nume-

2010 2617 2103 2654 rus
2143 2604 2195 2655 in
2227 2601 2491 2658 llebraico
2540 2603 2879 2658 Psalmorum
2929 2603 3068 2658 libro
3117 2603 3349 2669 feratur;
3384 2604 3475 2659 scd
3515 2604 3552 2657 ii

2009 2694 2161 2747 nullo
2183 2694 2369 2748 addito
2399 2710 2626 2749 numero
2650 2694 3057 2749 inscribuntur:
3088 2694 3284 2749 deinde
3312 2682 3437 2765 quia
3470 2696 3552 2749 di-

2009 2800 2163 2838 verso
2193 2784 2356 2839 modo
2393 2783 2470 2837 illi
2516 2784 2602 2837 vel
2649 2782 2904 2852 disjuncti
2941 2786 3022 2838 vel
3072 2786 3347 2852 conjuncti
3402 2795 3549 2839 sunt.

2008 2873 2141 2929 Nam
2166 2874 2249 2929 vel
2274 2874 2342 2928 ab
2368 2874 2484 2943 ipso
2518 2873 2675 2927 initio
2712 2874 2923 2943 primus
2949 2882 3002 2927 et
3045 2875 3316 2927 secundus
3354 2876 3407 2927 in
3455 2874 3553 2930 He-

2010 2963 2197 3017 braico
2217 2961 2511 3030 exemp‘ari
2547 2960 2783 3031 copulati
2814 2969 2940 3015 sunt
2974 2979 2987 3015 :
3023 2976 3349 3029 rursumque
3374 2977 3551 3039 nonus

2010 3054 2101 3122 qui
2143 3052 2465 3122 conjunctus
2508 3052 2563 3105 in
2594 3060 2804 3118 nostro,
2834 3052 2886 3104 i'n
2928 3049 3192 3105 liebraico
3241 3052 3447 3107 divisus
3496 3052 3551 3105 in

2010 3140 2146 3193 duos
2194 3147 2297 3193 est.
2351 3137 2628 3208 Totusque
2660 3137 3001 3194 Psalmorum
3050 3140 3205 3202 liber,
3257 3149 3315 3193 ut
3348 3140 3551 3194 dictmn

2012 3228 2282 3294 superius,
2332 3228 2385 3279 in
2417 3228 2655 3295 quinque
2685 3238 2867 3297 partes
2898 3228 3220 3283 distributus
3268 3241 3370 3283 cst.
3425 3230 3554 3296 Quae

2011 3334 2132 3371 cum
2154 3316 2162 3323 ”
2185 3318 2258 3371 ita
2288 3333 2345 3372 se
2370 3318 2623 3383 habeant,
2656 3328 2811 3372 vacet
2844 3318 3085 3386 profecto
3125 3320 3439 3389 inutilisque
3480 3322 3553 3376 sit

2013 3407 2262 3477 praedicta
2293 3422 2641 3462 numerorum
2687 3408 3070 3462 consideratio.
3103 3408 3302 3477 Ecqua,
3338 3414 3550 3475 amabo,

2013 3498 2150 3550 ratio
2202 3496 2389 3561 fuerit,
2438 3497 2671 3567 exempli
2722 3512 2912 3573 causa,
2944 3500 3245 3567 praesentis,
3295 3500 3549 3555 nimirum

2013 3600 2119 3640 Lxu
2169 3587 2363 3657 psalmi
2411 3588 2759 3653 sententiam,
2811 3604 2933 3643 cum
2966 3590 3275 3658 hujusmodi
3325 3606 3550 3645 numero

2012 3685 2299 3746 coaptare;
2329 3677 2415 3733 vel
2448 3678 2502 3733 in
2531 3678 2762 3747 singulis
2804 3693 2869 3732 οι.
2920 3680 3162 3734 numeris
3194 3680 3463 3749 propriam
3497 3688 3549 3733 et

2011 3776 2390 3836 congrt‘tentem
2431 3768 2526 3822 tali
2568 3768 2652 3823 vel
2679 3768 2771 3821 tali
2803 3784 3027 3823 numero
3052 3776 3283 3823 mentem
3306 3770 3548 3839 assigna-

1964 3862 1965 3865 “
2014 3859 2109 3912 re?
2138 3857 2246 3913 Sed
2279 3858 2394 3914 hazc
2438 3859 2655 3928 quidem
2695 3859 2920 3912 arbitrio
2960 3874 3059 3912 suo
3087 3860 3266 3925 quivis
3296 3860 3547 3929 accipiat.

2014 3951 2121 4019 Ego
2145 3965 2271 4004 vero
2297 3950 2532 4012 arbitror
2573 3964 2672 4018 pro
2706 3949 2985 4003 sententia:
3027 3950 3235 4005 ratione
3279 3959 3332 4004 et
3362 3951 3547 4011 simili-

2014 4041 2219 4105 tudine,
2252 4040 2491 4109 psalmos
2518 4046 2579 4093 ut
2629 4039 2919 4108 plurimum
2949 4032 3190 4111 digestus
3231 4057 3373 4104 esse,
3424 4041 3548 4111 quia

1984 4132 2113 4184 νΙιοο
2160 4130 2217 4181 in
2258 4128 2445 4181 multis
2494 4128 2836 4182 observatum
2868 4132 3107 4198 comperi
3152 4150 3163 4183 :
3201 4130 3431 4198 ideoque
3461 4146 3547 4183 or-

2014 4222 2139 4276 dine
2158 4220 2482 4287 coniunctos
2506 4235 2628 4275 esse
2653 4221 2745 4290 qui
2776 4220 3081 4276 afﬁnitatem
3110 4231 3163 4277 et
3210 4238 3544 4289 consequen-

2010 4311 2138 4363 tiam
2162 4308 2390 4361 invicem
2429 4307 2750 4377 prazferrent
2782 4328 2795 4361 :
2832 4309 3064 4377 indeque
3095 4324 3202 4363 non
3230 4324 3327 4376 pro
3350 4316 3531 4377 tempo

2010 4398 2083 4453 ris
2108 4397 2338 4459 ratione,
2374 4396 2469 4451 sed
2500 4412 2596 4466 pro
2623 4398 2889 4453 sententia
2920 4397 2973 4450 in
3007 4397 3147 4451 serie
3188 4398 3336 4450 ferri.
3386 4397 3547 4467 quue

2005 4486 2114 4553 jam
2156 4484 2411 4553 superius
2451 4494 2941 4563 commonstratum
2964 4494 3083 4563 est,
3116 4500 3236 4539 cum
3268 4502 3332 4540 ex
3363 4489 3547 4544 multis

362 4579 576 4634 λουθίαν
603 4580 736 4651 πρὸς
764 4579 1039 4651 ἀλλήλους.
1075 4562 1264 4633 Ἔνθεν
1290 4581 1361 4651 μὴ
1383 4559 1520 4633 κατὰ
1540 4582 1661 4661 τοὺς
1687 4580 1907 4649 χρόνους
1938 4594 1979 4647 υ
2010 4574 2097 4627 alii

1807 4598 1907 4644 μους
1938 4594 1979 4647 υ
2010 4574 2152 4637 aliis.
2185 4581 2298 4627 tum
2329 4575 2561 4633 maxime
2590 4590 2619 4627 a
2660 4590 2746 4627 xu
2799 4574 2866 4627 ad
2912 4559 3439 4645 quinquagesimum,
3492 4577 3545 4630 in

362 4667 712 4736 ἐμφέρεσθαι,
732 4668 871 4721 ἀλλά
902 4669 1040 4722 κατά
1063 4670 1166 4739 τὴν
1190 4671 1287 4739 τῆς
1314 4670 1545 4732 διανοίας
1567 4669 1901 4723 ἀκολουθίαν.

360 4756 637 4811 Δέδεικται
664 4757 719 4810 δὲ
752 4758 906 4811 τοῦτο
936 4760 1033 4829 ήδη
1069 4760 1327 4830 πρότερον
1364 4762 1457 4813 καὶ
1504 4759 1609 4812 ἀπὸ
1650 4759 1902 4813 πλειόνων

366 4847 460 4915 μὲν
481 4848 701 4917 ἐτέρων,
738 4848 966 4918 μάλιστα
995 4848 1051 4900 δὲ
1082 4849 1189 4901 ἀπὸ
1215 4848 1307 4902 τοῦ
1337 4856 1423 4919 μα’
1447 4848 1606 4921 μέχρι
1632 4849 1723 4902 τοῦ
1753 4856 1814 4915 ν’,
1846 4850 1903 4903 ἐν

360 4931 440 4999 οἷς
488 4937 873 5001 ἀποδεικτικῶς
924 4940 1342 5008 παρεστήσαμεν
1388 4940 1515 5003 τοὺς
1574 4941 1669 5009 μὲν
1721 4942 1903 5007 ἐπιγε-

362 5028 704 5096 γραμμένους
738 5029 843 5083 τῶν
872 5028 999 5081 υἱῶν
1030 5029 1171 5099 Κορὲ
1212 5016 1410 5101 πολλὴν
1452 5030 1644 5094 σώζειν
1668 5031 1902 5085 ,ἀκολου-

363 5102 481 5169 θίαν
510 5117 643 5186 πρὸς
672 5118 764 5171 τὸν
795 5119 915 5172 νοῦν
946 5118 1036 5171 τὸν
1061 5118 1119 5181 ἐξ
1145 5119 1321 5171 αὐτῶν
1345 5119 1689 5191 δηλούμενον.
1711 5120 1903 5191 ἐφεξῆς

345 5196 418 5259 ’δὲ
440 5204 646 5267 τούτοις
680 5208 923 5277 κείμενον
954 5209 1043 5261 τὸν
1071 5208 1163 5261 τοῦ
1206 5208 1375 5277 ’Δσὰφ
1399 5211 1492 5263 καὶ
1516 5213 1674 5268 πάλιν
1704 5196 1905 5265 τούτων

363 5294 708 5365 συνημμένην
732 5296 826 5347 τοῦ
852 5296 1011 5350 Δαυῖδ
1036 5297 1134 5369 τὴν
1160 5296 1535 5368 ἐξομολόγησιν
1557 5302 1741 5372 τὴνέν
1758 5298 1836 5369 τῷ
1858 5300 1902 5351 ν’

363 5384 682 5458 φερομένην,
713 5383 963 5438 ἀδίαστον
995 5387 1091 5456 τὴν
1132 5385 1478 5441 ἀποδοθεῖσαν
1510 5391 1640 5459 ἡμῖν
1673 5388 1899 5461 θεωρίαν

367 5477 641 5547 παρέχειν.
668 5474 780 5528 Μία
809 5476 906 5544 μὲν
937 5471 1028 5528 οῦν
1060 5476 1192 5546 αὕτη
1223 5477 1256 5547 ἡ
1289 5476 1454 5539 αἰτία,
1482 5470 1557 5540 ὠς
1588 5478 1708 5548 ἐμοὶ⁵
1735 5477 1901 5551 δοκεῖ,

361 5569 460 5636 τῆς
499 5564 810 5628 ἀκολουθίας
836 5565 1040 5634 ’γένοιτ’
1072 5567 1137 5621 ἂν
1160 5566 1267 5619 τῶν
1294 5565 1539 5635 ψαλμῶνθ
1569 5569 1674 5639 ἔχω
1710 5567 1765 5619 δέ
1810 5570 1901 5620 καὶ

363 5656 527 5725 ἀλλην
558 5659 746 5710 εἰπεῖν.
792 5658 866 5726 (ί)
901 5656 1100 5726 Πολλῆς
1130 5656 1236 5727 γὰρ
1267 5656 1699 5729 είδωλολατρείας
1730 5646 1896 5709 κατα-

366 5743 715 5814 ιιρατησάσης
744 5744 835 5798 τοῦ
879 5744 1140 5797 Ἰουδαίων
1172 5745 1372 5806 ἔθνους,
1402 5745 1566 5816 λήθην
1594 5745 1785 5808 αὐτοὺς
1810 5762 1901 5797 πε-

445 5860 521 5928 (l)
552 5858 621 5915 lis
652 5853 759 5915 fere
788 5860 982 5915 similia
1014 5860 1065 5915 in
1099 5862 1331 5933 prologis
1354 5878 1516 5933 supra
1549 5863 1831 5939 habentur.

2006 4665 2204 4735 quibus
2226 4664 2371 4719 clare
2395 4663 2884 4733 comprobavimus,
2908 4679 3007 4718 eos
3031 4665 3122 4732 qui
3150 4664 3377 4719 ﬁliorum
3410 4667 3545 4720 Core

2007 4755 2250 4825 inscripti
2291 4764 2437 4822 sunt,
2480 4755 2698 4809 multam
2748 4755 2947 4810 habere
2970 4758 3113 4827 quod
3150 4757 3217 4811 ad
3243 4774 3460 4812 sensum
3492 4759 3544 4810 in

2006 4848 2074 4902 iis
2100 4847 2515 4917 deprehensum,
2549 4847 2690 4900 inter
2728 4862 2787 4905 se
2828 4847 3137 4911 amnitatem
3172 4868 3185 4903 :
3234 4837 3544 4918 sequentem

2007 4953 2135 4993 vero
2163 4940 2255 5008 qui
2284 4937 2481 5007 Asaphi
2510 4945 2613 5001 est,
2656 4945 2711 4992 et
2749 4939 2815 4993 iis
2844 4941 3140 4995 subnexam
3188 4942 3241 4993 in
3276 4940 3544 5009 quinqua-

2006 5030 2212 5097 gesimo
2272 5026 2489 5081 Davidis
2538 5026 2960 5091 confessionem,
3018 5029 3259 5097 opinioni
3322 5038 3542 5091 nostrae,

1986 5120 2147 5187 quod
2176 5116 2377 5172 scilicet
2406 5118 2513 5170 vim
2548 5116 2749 5170 nullam
2782 5120 2943 5173 rebus
2986 5119 3201 5178 inferat,
3235 5119 3536 5186 astipulari.

2008 5206 2131 5261 llzec
2178 5220 2284 5259 una
2333 5220 2500 5260 causa
2557 5205 2740 5270 fuerit,
2792 5214 2851 5259 ut
2903 5207 3031 5259 mibi
3062 5206 3276 5274 quidem
3308 5208 3539 5272 videtur,

2006 5312 2103 5349 cur
2136 5293 2325 5364 psalmi
2380 5308 2446 5349 eo
2495 5294 2683 5349 ordine
2729 5296 2890 5363 positi
2928 5295 3035 5347 sint
3090 5310 3103 5345 :
3156 5294 3314 5346 aliam
3364 5304 3539 5349 tamen

2005 5387 2244 5458 proferre
2272 5384 2587 5440 valeo.Cum
2610 5385 2779 5438 multo
2800 5384 3111 5439 idololatrizr
3136 5399 3331 5448 genere
3357 5383 3542 5437 Judai—

2006 5492 2103 5530 cus
2130 5475 2358 5545 populus
2386 5474 2736 5534 detineretur.
2766 5474 2914 5541 ipsos
2946 5472 3144 5541 patrias
3176 5473 3477 5540 scripturas
3511 5489 3542 5527 c

2006 5568 2260 5622 memoria
2284 5567 2600 5621 obliterassc
2624 5574 2811 5619 narrat
2838 5565 3141 5633 Regnorum
3170 5563 3391 5627 l'istoeia
3414 5580 3430 5626 ;
3467 5563 3541 5617 ita

2008 5664 2067 5709 ut
2099 5671 2271 5725 neque
2297 5655 2542 5709 Mosaicae
2567 5654 2700 5719 legis
2732 5654 2866 5707 liber
2901 5654 3035 5706 ultra
3063 5654 3411 5721 reperiretur.
3446 5670 3539 5703 ηρ-

1966 5768 1975 5775 κ
2005 5763 2107 5817 quc
2139 5754 2374 5817 paterna:
2416 5744 2629 5815 pietatis
2659 5744 2914 5800 memoria
2951 5740 3110 5812 precs
3140 5744 3260 5799 ιιιος
3296 5758 3561 5797 servat-er
