4402 6406
878 515 981 568 603

1539 507 1803 560 EUSEDII
1843 507 2316 563 CIESAIUENSIS
2346 507 2495 562 OPP.
2539 507 2714 562 PARS
2755 508 2842 562 ΙΙΙ.
2883 540 2951 548 -
2979 505 3387 563 EXEGETICA.

3978 508 4081 562 6οι

879 642 987 688 tur.
1031 631 1120 682 Sic
1173 631 1350 697 itaque
1384 628 1674 695 pr0phetas
1725 626 2053 695 impietatem
2083 641 2235 680 suam
2263 641 2423 680 coar-
2455 641 2495 690 Α
2528 645 2614 679 ποι

2342 641 2423 678 ar-
2455 641 2495 690 Α
2528 627 2776 696 ποιῆσθαι
2804 626 2907 678 τῶν
2934 627 3176 696 πατρίων
3202 623 3422 693 γραφῶν
3442 626 3472 693 ή
3495 623 3598 675 τῶν
3625 624 3910 679 Βασιλειῶν
3941 626 4080 678 ἱστο-

875 735 1102 791 guentes
1136 719 1526 772 interficieliant
1555 736 1566 770 :
1600 717 1799 785 quibus
1838 718 1904 770 tle
1933 718 2116 771 causis
2145 717 2198 770 in
2249 719 2424 786 capti-

881 816 1094 869 vitatem
1127 811 1468 879 Assyriorum
1497 809 1671 876 primo
1697 808 1876 860 traditi
1901 819 2045 861 sunt.
2073 806 2213 861 Nihil
2249 809 2428 877 itaque

881 909 1073 961 mirqu
1110 913 1192 957 est
1250 903 1304 954 in
1346 901 1442 953 tali
1475 908 1773 967 temporum
1815 900 2125 953 conditione
2157 899 2424 968 qua-dant,

877 1013 995 1064 qua:
1036 997 1086 1047 in
1143 993 1281 1046 libro
1326 989 1663 1042 Psalmorum
1715 990 2023 1050 exstabant,
2073 989 2229 1057 longo
2259 1003 2430 1040 anno-

879 1098 995 1132 rum
1033 1078 1306 1131 curriculo
1336 1077 1604 1129 oblivione
1642 1075 1948 1137 obliterata,
1994 1076 2282 1129 excidisse.
2316 1075 2428 1127 Sub

883 1174 992 1225 haec
1025 1181 1202 1224 autem
1239 1169 1352 1221 sive
1385 1167 1604 1228 Esdras,
1639 1167 1754 1221 sive
1787 1168 2059 1235 quispiam
2117 1170 2254 1221 alius
2303 1185 2430 1236 pro-

882 1246 1163 1332 phetarum
1218 1259 1364 1327 ipsos
1419 1257 1707 1327 colligendi
1754 1272 1939 1308 curam
1974 1258 2234 1326 suscepit,
2269 1266 2430 1327 atque

881 1367 986 1406 una
1015 1362 1137 1404 c‘um
1173 1350 1290 1401 aliis
1347 1348 1543 1400 librum
1599 1361 1814 1415 quoque
1849 1345 2186 1403 Psalmorum
2241 1363 2431 1402 conse-

878 1442 1051 1496 cravit
1081 1459 1094 1494 :
1126 1453 1299 1505 neque
1328 1435 1614 1491 confertim
1643 1450 1831 1488 omnes
1862 1436 2080 1504 reperit,
2119 1437 2213 1492 sed
2250 1438 2430 1492 diver-

881 1534 959 1587 sis
985 1529 1339 1598 temporibus.
1375 1526 1431 1579 ln
1469 1526 1658 1595 primis
1704 1533 1881 1579 autem
1933 1528 2127 1580 locavit
2175 1544 2290 1590 eos,
2336 1529 2427 1598 qui

882 1623 1041 1692 primi
1079 1621 1279 1672 inventi
1309 1617 1523 1670 fuerant
1556 1635 1568 1669 :
1605 1617 1838 1685 hincque
1870 1615 2091 1681 factum,
2137 1625 2196 1671 ut
2250 1619 2284 1671 ii
2336 1620 2427 1687 qui

883 1713 1097 1766 Davidis
1122 1719 1267 1772 sunt,
1295 1725 1400 1763 non
1429 1717 1821 1776 consequenter
1851 1723 2039 1762 omnes
2067 1710 2428 1776 jaceant;.sed

881 1804 1147 1860 commisti
1181 1817 1303 1855 cum
1353 1802 1420 1855 iis
1450 1800 1541 1868 qui
1583 1799 1812 1852 ﬁliorum
1845 1799 2001 1861 Core,
2032 1801 2229 1870 Asaph.
2264 1802 2429 1854 Solo-

881 1895 1078 1953 monis,
1109 1891 1328 1962 Moysis.
1353 1890 1576 1947 Ethan.
1607 1887 1824 1952 Eman,
1857 1904 2182 1956 rursumque
2215 1890 2426 1944 Davidis

2533 718 2618 788 ρία
2645 717 2896 769 διδάσκει·
2924 716 2996 778 ὼς
3031 717 3160 786 μηδὲ
3179 715 3454 785 φαίνεσθαι
3480 715 3654 783 βίϐλον
3686 715 3778 766 τοῦ
3808 717 4077 778 Μωῦσέως

2529 809 2710 878 νόμου,
2756 809 2886 878 μηδὲ
2938 811 3152 878 μνήμην
3202 812 3302 876 τῆς
3346 807 3453 858 τῶν
3509 807 3752 876 πατέρων
3801 807 4076 871 εὑσεϐείας

2530 899 2793 962 σώζεσθαι
2823 900 2949 969 παρ’
2973 901 3171 961 αὐτοῖς.
3205 898 3359 951 Οὕτω
3384 897 3510 964 γοῦν
3533 899 3622 950 καὶ
3646 899 3768 958 τοὺς
3798 899 4078 967 προφήτας

2529 990 2757 1059 ἀνῄρουν
2811 989 3178 1058 διελέγχοντας
3230 989 3406 1041 αὑτῶν
3457 987 3554 1048 τὰς
3603 987 3934 1049 δυσσεϐείας,
3983 990 4077 1040 καὶ

2528 1080 2729 1130 τούτων
2758 1077 2918 1129 ἓνεκα
2956 1079 3014 1129 τὸ
3045 1079 3254 1147 πρῶτον
3285 1081 3349 1147 τῇ
3379 1077 3484 1128 τῶν
3523 1078 3815 1147 Ἀσσυρίων
3848 1078 4077 1148 παρεδόο

2531 1168 2698 1238 θησαν
2737 1169 3096 1238 αἰχμαλωσίᾳ.
3133 1169 3295 1220 Οὑδὲν
3328 1166 3417 1221 οὖν
3444 1159 3748 1234 θαυμαστὸν
3774 1171 3830 1222 tv
3858 1169 4078 1239 τοιαύτῃ

2530 1262 2854 1314 καταστάσει
2889 1261 3112 1333 καιρῶν,
3161 1263 3251 1314 καὶ
3296 1262 3363 1315 τὰ
3405 1263 3747 1332 ὲμφερόμενα
3795 1263 3859 1331 τῇ
3913 1261 4076 1330 βίϐλῳ

2529 1352 2632 1403 τῶν
2658 1351 2894 1421 Ψαλμῶν
2926 1352 3373 1414 διαπεπτωκέναι,
3395 1353 3530 1423 λήθῃ
3565 1371 3621 1405 τε
3653 1356 3875 1422 μακροῖς
3900 1370 4076 1423 παρα-

2528 1442 2766 1495 δεδόσθαι
2801 1445 3028 1512 χρόνοις.
3064 1444 3214 1496 Μετὰ
3251 1444 3307 1495 δὲ
3339 1444 3510 1498 ταῦτα
3543 1434 3651 1496 εἴτε
3687 1443 3939 1513 Ἔσδραν,
3969 1443 4078 1495 εἴτε

2528 1533 2648 1584 τινὰ
2681 1535 2862 1604 ἓτερον
2895 1533 3204 1610 προφητῶν,
3251 1535 3376 1604 περί
3407 1536 3503 1604 τὴν
3549 1534 3862 1605 συναγωγήν
3900 1533 4078 1587 αὑτῶν

2531 1623 2934 1683 ἐσπουδακέναι,
2970 1622 3105 1692 μετά
3139 1639 3195 1674 τε
3243 1621 3350 1674 τῶν
3391 1621 3589 1674 λοιπῶν
3628 1625 3720 1676 καὶ
3758 1624 3856 1693 τὴν
3903 1623 4082 1693 βίϐλον

2530 1711 2633 1761 τῶν
2653 1711 2893 1779 Ψαλμῶν
2917 1711 3319 1780 συναγηοχέναι,
3345 1713 3442 1763 οὑκ
3467 1711 3676 1781 ἀθρόως
3702 1713 3924 1782 εὑρόντα
3954 1713 4079 1774 τοὺς

2531 1801 2752 1862 πάντας,
2777 1801 2906 1852 ἀλλᾶ
2930 1801 3065 1852 κατά
3086 1801 3368 1869 διαφόρους
3384 1800 3622 1871 χρόνους.
3647 1802 4083 1860 Κατατάτ-τεινδὶ

2531 1893 2585 1941 ἐν
2602 1890 2830 1960 πρώτοις
2861 1893 2982 1953 τοὺς
3004 1891 3244 1960 πρώτους
3262 1891 3695 1961 εὑρισκομένους·
3721 1893 3800 1944 διὸ
3819 1894 3952 1964 μηδὲ
3985 1892 4082 1951 τοῦ

881 1987 936 2039 in
972 1987 1108 2037 libro
1135 1960 1606 2049 deprehenduntur
1626 2019 1640 2041 ,
1677 1994 1780 2032 non
1806 1979 2015 2047 ratione
2043 1983 2299 2049 temporis
2325 1998 2430 2050 quo
2465 1960 2502 2013 Β
2530 1983 2619 2029 Am

2340 1998 2430 2050 ιιιο
2465 1960 2502 2013 Β
2530 1977 2687 2029 Δαυῒδ
2723 1979 2918 2046 ἐφεξῆς
2953 1979 3156 2030 κεῖσθαι
3186 1981 3310 2041 τοὺς
3347 1960 3569 2042 πάντας·
3605 1983 3662 2032 ὲν
3687 1981 3742 2033 δὲ
3772 1960 3848 2051 τῷ
3880 1960 4078 2051 μεταξὺ

881 2072 1237 2145 pronuntiati,
1274 2071 1366 2123 sed
1412 2085 1520 2139 quo
1567 2070 1761 2137 reperti
1802 2079 1949 2124 sunt.
1986 2069 2227 2140 Hincque
2256 2075 2430 2124 conti-

879 2167 976 2235 git,
1015 2173 1070 2215 ut
1099 2164 1188 2230 qui
1244 2169 1482 2228 tempore
1531 2160 1858 2229 posteriores
1897 2170 2072 2223 erant,
2115 2163 2240 2229 quia
2273 2162 2428 2229 primi

880 2249 1100 2318 reperti,
1146 2247 1302 2317 primi
1356 2248 1580 2316 repositi
1638 2248 1782 2312 sint;
1847 2264 1909 2301 ac
1948 2251 2064 2302 vice
2118 2266 2299 2311 versa,
2334 2252 2426 2319 qui

882 2341 1038 2410 primi
1067 2341 1299 2402 fuerant,
1335 2340 1463 2408 quia
1496 2349 1617 2408 post
1650 2341 1786 2393 alios
1812 2342 1950 2393 eruti
1978 2349 2123 2400 sunt.
2161 2345 2423 2410 posterio-

880 2447 991 2486 rem
1040 2433 1092 2483 in
1142 2430 1318 2485 locum
1356 2431 1466 2484 sint
1509 2431 1814 2485 constituti.
1873 2431 1936 2483 Et
1993 2432 2106 2484 hazc
2161 2433 2318 2486 nobis
2366 2433 2430 2484 de

877 2522 1175 2590 quastione
1217 2520 1493 2588 proposita
1543 2520 1904 2587 conjectantlo
1954 2523 2096 2575 dicta
2149 2524 2277 2577 sint.
2311 2523 2430 2575 Jam

879 2624 1090 2680 tempus
1139 2618 1242 2673 est,
1285 2619 1342 2664 ut
1391 2614 1457 2665 ad
1510 2610 1655 2665 dicta
1703 2612 1865 2682 hujus
1918 2630 2080 2684 quem
2131 2623 2430 2668 tractamus

883 2703 1072 2771 psalmi
1099 2702 1440 2757 accedamus.

2531 2075 2621 2123 καὶ
2654 2071 2758 2122 τῶν
2787 2071 2914 2122 υἱῶν
2946 2071 3109 2140 Κορὲ,
3158 2070 3249 2122 καὶ
3293 2070 3385 2122 τοῦ
3432 2072 3620 2140 Ἀσάφ,
3650 2072 3744 2125 καὶ
3774 2072 4083 2144 Σολομῶνος

2529 2163 2621 2215 καὶ
2646 2162 2933 2224 Μωῦσέως,
2960 2162 3122 2214 Αίθάν
3164 2179 3223 2214 τε
3270 2163 3362 2214 καὶ
3407 2163 3600 2232 Αίμὰν,
3653 2164 3745 2218 καὶ
3792 2165 3949 2219 πάλιν
3987 2166 4088 2220 τοῦ.

2528 2251 2686 2305 Δαυῖδ
2719 2252 3060 2320 εὑρίσκεσθαι
3091 2254 3288 2324 ἀναμὶξ
3316 2256 3372 2306 tv
3396 2257 3459 2323 τῇ
3494 2254 3655 2324 βίϐλῳ
3676 2259 4086 2330 κατατεταγμές

2529 2358 2670 2402 νους,
2705 2341 2766 2391 οὑ
2795 2339 2914 2391 καθ’
2948 2339 3041 2402 οὓς
3074 2341 3371 2411 ἐλέχθησαν
3401 2343 3643 2413 χρόνους,
3682 2345 3817 2398 ἀλλά
3844 2345 3965 2398 καθ’
3991 2346 4082 2410 οὓς

2529 2429 2801 2500 εὕρηνται.
2839 2429 3028 2480 Ἔνθεν
3062 2431 3328 2500 συμϐῆναι
3369 2432 3492 2494 τοὺς
3530 2435 3639 2495 τοῖς
3674 2433 3882 2503 χρόνοις
3925 2435 4082 2492 ὑστέ..

2532 2539 2654 2590 ρους
2681 2519 2923 2592 πρώτους
2947 2519 3269 2589 εὑρεθέντας
3302 2521 3671 2594 ἀναληφθῆναι
3695 2522 3960 2600 πρώτορς,
3990 2525 4082 2579 καὶ

2527 2613 2649 2673 τοὺς
2668 2614 2779 2673 τοῖς
2800 2611 3006 2681 χρόνοις
3035 2613 3346 2686 προτέρους,
3380 2615 3517 2685 μετὰ
3538 2616 3706 2668 ταῦτα
3730 2617 4083 2686 εὑρημένους,

2525 2701 2581 2754 tv
2613 2702 2835 2770 δευτέρᾳ⁴
2866 2703 3232 2772 καταταγῆναι
3260 2703 3431 2775 χώρᾳ.
3464 2705 3645 2758 Ταῦτα
3689 2707 3784 2777 μὲν
3823 2703 3914 2760 οὖν
3953 2709 4082 2777 ἡμῖν

880 2799 958 2860 είς
995 2797 1089 2866 τὴν
1134 2797 1488 2867 προταθεῖσαν
1532 2798 1755 2869 ζήτησιν
1803 2799 1863 2864 ἐξ
1909 2801 2132 2854 εἰκότων
2172 2797 2424 2870 εἰρήσθω.
2470 2799 2606 2868 Ἤδη
2637 2799 2692 2849 δὲ
2759 2798 2852 2851 καὶ
2891 2798 2998 2850 τῶν
3039 2798 3420 2868 ἐμφερομένων
3467 2798 3525 2851 tv
3571 2797 3647 2868 τῷ
3687 2799 3822 2868 μετά
3900 2802 4082 2870 χεῖρας

791 2967 793 2970 Ι
877 2889 1074 2962 ψαλμῷ
1102 2889 1405 2959 ἐφάψασθαι
1436 2893 1642 2963 καιρός,

947 2979 1081 3031 Cum
1146 2979 1260 3047 pari
1313 2987 1472 3047 atque
1521 2981 1703 3036 ceteri
1751 2974 2022 3052 prapltetm
2066 2985 2226 3038 modo
2257 2983 2426 3037 David

879 3078 1084 3121 erraret
1107 3069 1160 3120 in
1190 3069 1594 3134 solitudinibus,
1637 3071 1691 3124 in
1726 3073 2025 3136 montibus,
2061 3074 2113 3126 in
2151 3075 2425 3143 speluncis

2599 2975 2949 3044 Πλανώμενος
2979 2974 3138 3026 Δαυῖδ
3174 2975 3372 3045 ὁμοίως
3401 2977 3511 3038 τοῖς
3549 2975 3751 3040 λοιποῖς
3780 2981 4086 3051 προφήταις

2531 3067 2586 3118 tv
2620 3067 2870 3136 ἐρημίαις
2903 3067 2996 3119 καὶ
3017 3067 3186 3134 δρεσι,
3219 3068 3309 3118 καὶ
3331 3065 3629 3137 σπηλαίοις,
3651 3068 3746 3120 καὶ
3775 3073 3893 3134 ταῖς
3923 3072 4082 3136 ὀπαῖς

881 3166 935 3213 et
984 3158 1040 3212 in
1088 3159 1445 3215 foraminibus
1495 3172 1684 3227 terrae,
1744 3169 2073 3220 exercitatus
2130 3167 2425 3231 laboribus.
2457 3183 2494 3236 α
2528 3157 2619 3226 τῆς

2342 3185 2425 3231 υς,
2457 3183 2494 3236 G
2528 3157 2624 3226 τῆς
2651 3158 2772 3226 γῆς,
2804 3159 2914 3219 τοῖς
2940 3173 2996 3209 τε
3033 3156 3128 3225 τῆς
3166 3155 3504 3220 ἀνεξικακίας
3532 3157 3711 3220 πόνοις
3746 3159 4080 3230 ἐγγυμναςό-

882 3265 1019 3318 quos
1049 3249 1152 3304 sibi
1178 3252 1380 3306 oblivio
1406 3253 1726 3321 iujuriarum
1759 3266 2061 3324 pepererat,
2099 3259 2244 3312 hunc
2285 3275 2424 3327 quo-

883 3357 985 3410 que
1017 3342 1277 3409 psalmum
1305 3344 1519 3407 cecinit,
1540 3345 1710 3398 otium
1743 3347 2072 3411 solitudinis,
2104 3348 2296 3403 divinae
2318 3351 2427 3418 phi-

884 3431 1140 3500 losophize
1172 3448 1495 3490 consecratis
1527 3455 1539 3488 :
1570 3436 1922 3505 excitansque
1953 3454 2110 3491 suum
2164 3455 2288 3509 erga
2341 3455 2426 3494 res

883 3520 1093 3573 divinas
1129 3536 1385 3582 amorem,
1415 3524 1701 3577 confitetur
1729 3541 1787 3578 se
1819 3527 2239 3583 immortalitatis
2263 3546 2427 3597 poeu-

884 3610 992 3663 lum
1047 3611 1238 3663 sitire:
1273 3627 1440 3679 quare
1498 3612 1564 3664 ad
1627 3610 1791 3669 Deum
1835 3615 1908 3668 ita
1952 3618 2149 3670 clamat
2183 3639 2194 3671 :
2231 3637 2249 3668 ι
2286 3619 2426 3675 Deus

884 3700 1024 3755 Deus
1055 3716 1207 3754 meus
1231 3739 1248 3762 ,
1279 3701 1346 3754 ad
1374 3710 1425 3756 te
1446 3701 1514 3757 de
1545 3704 1662 3759 luce
1690 3706 1872 3775 vigilo.
1905 3705 2084 3761 Sitivit
2123 3710 2217 3762 tibi
2249 3712 2426 3763 anima

885 3804 1204 3858 mea,quam
1261 3790 1577 3857 simpliciter
1621 3792 1714 3850 tibi
1771 3809 1902 3846 caro
1952 3809 2088 3848 mea.
2125 3813 2144 3846 ι
2182 3793 2288 3848 Pro
2337 3797 2428 3848 illo

883 3887 1086 3940 autem,
1118 3899 1136 3928 ε
1169 3893 1329 3947 quam
1360 3880 1675 3950 simpliciter
1707 3883 1802 3936 tibi
1835 3898 1961 3937 caro
1995 3901 2134 3946 mea,
2162 3903 2180 3936 ι
2212 3887 2427 3955 Aquila,

875 3958 909 4021 ἰ
942 3983 1182 4038 expansa
1211 3976 1294 4023 est
1341 3970 1434 4023 tibi
1485 3985 1614 4026 caro
1641 3987 1780 4038 mea,
1821 3993 1839 4026 ι
1887 3974 2274 4044 interpretatus
2305 3986 2425 4042 est;

886 4055 1248 4128 Symmachus
1277 4073 1425 4121 vero,
1464 4077 1483 4110 ι
1519 4063 1857 4132 concupiscit
1890 4071 1941 4117 te
1964 4078 2092 4118 caro
2117 4079 2232 4118 mea
2259 4082 2273 4130 ;
2303 4083 2320 4114 ι
2356 4066 2428 4118 ita

885 4154 945 4202 ut
971 4162 1078 4199 non
1113 4147 1228 4201 sola
1255 4141 1469 4204 Davidis
1492 4151 1671 4204 anima
1705 4153 1770 4206 ad
1807 4151 1974 4207 Deum
1997 4154 2392 4223 expanderetur
2411 4197 2424 4219 ,

887 4235 976 4290 sed
1006 4236 1124 4303 ipsa
1161 4250 1376 4305 quoque
1408 4227 1534 4291 caro
1572 4247 1635 4292 -et
1676 4255 1874 4309 corpus
1900 4242 2052 4310 ejus,
2088 4250 2272 4310 utpote
2310 4244 2426 4312 qui,

885 4339 1005 4377 cum
1036 4324 1142 4378 Deo
1165 4335 1404 4388 vacaret.
1438 4317 1587 4401 caste
1624 4338 1676 4382 et
1718 4345 1850 4398 pure
1873 4340 2073 4401 ageret.
2105 4330 2239 4386 Illud
2276 4348 2424 4398 vero,

891 4433 908 4466 ι
952 4413 1091 4469 Deus
1124 4416 1262 4472 Deus
1294 4398 1468 4477 meus.
1501 4420 1567 4473 ad
1598 4427 1652 4474 te
1683 4419 1750 4474 de
1783 4398 2116 4490 luce'vgilo,
2152 4443 2170 4475 ι
2203 4436 2425 4478 noctur-

2533 3264 2709 3316 μενος,
2740 3249 2831 3299 καὶ
2881 3247 2970 3299 τὸν
3022 3247 3158 3317 μετά
3192 3248 3375 3317 χεῖρας
3404 3242 3497 3318 ᾖδε
3539 3247 3770 3318 ψαλμὸν,
3819 3253 3885 3321 τῇ
3943 3250 4092 3309 κατὰ,

2529 3339 2658 3392 Θεὸν
2686 3339 2954 3401 ἀνατιθεὶς
2975 3338 3256 3408 φιλοσοφίᾳ
3282 3337 3377 3408 τὴν
3396 3339 3486 3390 ἐπὶ
3515 3336 3614 3406 τῆς
3636 3340 3840 3409 ἐρήμου
3868 3341 4077 3412 σχολήν·

2529 3432 2622 3484 καὶ
2655 3431 2743 3483 τὸν
2777 3429 2964 3482 ἑαυτοῦ
2997 3430 3124 3497 περὶ
3162 3427 3231 3482 τὰ
3273 3428 3392 3482 θεῖα
3425 3428 3598 3500 ἔρωτα
3629 3429 3923 3502 διεγείρων,
3953 3434 4090 3503 ὀμο-.

2528 3522 2756 3587 λογεῖται
2786 3519 2941 3589 διψῇν
2969 3519 3060 3571 τοῦ
3095 3519 3192 3588 τῆς
3229 3517 3524 3581 ἀθανασίας
3557 3521 3825 3589 πόματος·
3851 3522 3930 3575 διὸ
3957 3524 4085 3578 ἐϐόα

2530 3612 2662 3680 πρὸς
2707 3611 2794 3663 τὸν
2819 3611 2947 3662 Θεὸν
2975 3609 3144 3677 λέγων
3164 3624 3176 3636 ·
3210 3628 3227 3659 ι
3265 3609 3322 3661 '0
3347 3608 3478 3671 Θεὸς
3509 3613 3536 3662 6
3565 3609 3694 3672 Θεός
3720 3629 3842 3681 μου,
3872 3612 4004 3683 πρὸς
4024 3615 4089 3671 σὴ

2527 3701 2778 3772 ὀρθρίζω.
2825 3700 3070 3770 Ἐδίψησὲ
3103 3717 3184 3752 σοι
3221 3702 3254 3770 ή
3298 3700 3442 3770 ψυχή
3480 3718 3601 3770 μου,
3638 3702 3754 3766 πῶς
3785 3703 3969 3769 ἁπλῶς
4000 3722 4088 3758 σοι

2529 3796 2560 3861 ή
2592 3793 2724 3864 σάρξ
2759 3809 2880 3862 μου.
2915 3812 2932 3843 ι
2975 3793 3118 3844 ’Δντὶ
3147 3793 3204 3844 δὲ
3236 3791 3351 3855 τοῦ,
3382 3809 3400 3842 ι
3429 3793 3543 3856 πῶς
3569 3793 3751 3856 ἁπλῶς
3785 3811 3866 3848 σοι
3888 3799 3921 3867 ή
3949 3796 4088 3871 σάρξ

2531 3901 2648 3952 μου,
2689 3904 2706 3934 ι
2733 3883 2760 3933 6
2795 3885 2890 3952 μὲν
2927 3882 3172 3945 Ἀκύλας,
3213 3900 3231 3932 ι
3273 3881 3506 3953 ἐπετάθη
3540 3899 3619 3936 σοι
3649 3885 3681 3953 ή
3723 3884 3855 3955 σάρξ
3905 3903 4027 3956 μου,
4057 3906 4085 3944 ι

2529 3975 2894 4044 ήρμήνευσεν·
2930 3975 2959 4027 6
2994 3972 3049 4024 δὲ
3078 3971 3387 4041 Σύμμαχος,
3418 3991 3434 4021 ι
3471 3959 3758 4044 ’ἱμείρεται
3792 3992 3849 4028 σε
3886 3978 3918 4046 ή
3949 3975 4082 4047 σάρξ

2533 4082 2662 4133 μου·
2703 4084 2721 4116 ι
2758 4065 2896 4117 ὥστε
2942 4064 3042 4133 οὐχ
3095 4064 3128 4134 ή
3170 4063 3313 4133 ψυχὴ
3354 4063 3484 4134 μόνη
3525 4065 3616 4117 τοῦ
3639 4067 3800 4121 Δαυῖδ
3829 4065 3963 4137 πρὸς
3993 4067 4083 4120 τὸν

2526 4154 2654 4206 Θεὸν
2705 4155 2914 4217 τέτατο,
2961 4153 3095 4206 ἀλλὰ
3149 4153 3242 4204 καὶ
3283 4151 3419 4222 αὑτὴ
3463 4156 3495 4223 ή
3549 4156 3683 4227 σὰρξ
3712 4157 3804 4208 καὶ
3835 4155 3895 4208 τὸ
3926 4155 4081 4227 σῶμα

2528 4244 2735 4305 αὑτοῦ,-
2758 4244 3072 4310 ἁγνεύοντος
3101 4241 3295 4311 δηλαδὴ
3329 4243 3420 4293 καὶ
3454 4242 3750 4312 καθαρεύυν
3763 4261 3842 4306 ,τος
3891 4243 3978 4298 διὰ

2527 4334 2601 4403 τῷ
2645 4333 2761 4403 Θεῷ
2804 4325 3096 4404 σχολάζειν.
3147 4331 3254 4384 Καὶ
3298 4330 3359 4383 τὸ
3413 4333 3586 4400 λέγειν
3617 4333 3690 4395 δὲ,
3731 4351 3749 4383 ι
3793 4333 3852 4401 ὐ
3881 4333 4012 4398 Θεὸς
4050 4335 4083 4388 6

2526 4425 2655 4486 Θεός
2687 4442 2805 4494 μου,
2836 4423 2970 4495 πρὸς
3023 4423 3083 4473 σε
3127 4419 3379 4491 ὀρθρίζω,
3409 4443 3426 4474 ι
3459 4424 3860 4494 παραστατικὸν
3887 4419 3954 4496 ἦν
3984 4425 4082 4494 τῆς

887 4519 966 4572 [ιω
991 4519 1100 4559 Sua:
1130 4507 1375 4574 puritatis
1407 4517 1783 4580 argumentum
1805 4518 1940 4566 erat.
1980 4510 2148 4566 Nemo
2169 4513 2312 4566 enim
2329 4515 2421 4584 qui
2453 4533 2499 4592 ο
2525 4532 2625 4568 νυκ

2342 4515 2421 4584 ιιιί
2453 4515 2841 4592 ονυκτερινῆς
2888 4511 3270 4582 καθαρότητος.
3332 4513 3515 4576 Οὐδεὶς
3591 4513 3697 4583 γὰρ
3755 4513 3812 4564 tv
3875 4513 4080 4578 κοίταις

884 4596 938 4664 in
968 4595 1238 4651 cubilibus
1264 4608 1424 4668 atque
1453 4600 1804 4670 impudicitiis
1827 4603 2064 4655 animam
2092 4618 2243 4657 suam
2275 4620 2427 4660 com-

883 4688 1252 4753 maculaverit,
1285 4683 1617 4760 corporaque
1652 4693 1823 4761 turpis
1863 4694 2282 4765 immundusque
2315 4695 2431 4752 fue-

883 4778 974 4841 rit,
1021 4778 1224 4833 talibus
1273 4782 1444 4847 possit
1497 4783 1572 4834 uti
1608 4785 1850 4838 vocibus.
1885 4785 2149 4839 Caeterum
2198 4803 2428 4856 magnus

885 4867 972 4930 ille
1003 4867 1169 4921 David
1199 4868 1380 4922 fidenti
1409 4871 1763 4935 conscientia,
1790 4889 1895 4927 non
1919 4875 2235 4945 simpliciter
2260 4876 2428 4930 Deum

886 4957 1185 5023 invocabat,
1221 4958 1428 5024 dicens,
1466 4978 1482 5009 ι
1516 4959 1694 5026 Deus;
1731 4980 1748 5010 ι
1783 4967 1875 5016 sed
1905 4964 1987 5019 bis
2003 4981 2124 5019 eum
2145 4967 2301 5035 quasi
2325 4965 2429 5019 sibi

884 5051 1157 5114 pmprium
1202 5047 1424 5101 ascribit
1458 5067 1470 5102 :
1508 5065 1674 5118 quare
1717 5048 1924 5118 adjicit,
1965 5071 1982 5103 ι
2020 5052 2162 5108 Deus
2194 5069 2366 5110 meus.
2405 5071 2423 5103 ι

886 5134 1086 5189 Deinde
1116 5138 1242 5205 quia
1289 5123 1345 5190 ut
1375 5139 1479 5191 sibi
1529 5141 1804 5210 proprium
1859 5141 2023 5195 Deum
2074 5145 2427 5212 pronuntiare

884 5240 1050 5281 ausus
1096 5238 1232 5293 erat,
1271 5231 1396 5284 talis
1437 5244 1602 5285 ausus
1630 5248 1849 5287 causam
1881 5233 2072 5287 edocet
2103 5235 2188 5289 his
2223 5234 2425 5295 verbis,

886 5334 908 5366 ς
946 5316 1025 5381 Ad
1064 5324 1117 5369 te
1145 5316 1212 5372 de
1281 5321 1400 5375 luce
1445 5321 1625 5390 vigilo.
1666 5322 1846 5377 Sitivit
1893 5322 1988 5376 tibi
2036 5324 2215 5376 anima
2264 5337 2383 5376 mea
2411 5362 2426 5386 ,

885 5421 1045 5473 quam
1079 5407 1392 5476 simpliciter
1427 5413 1522 5465 tibi
1553 5427 1682 5467 caro
1715 5429 1852 5468 mea.
1885 5433 1904 5465 ι
1937 5411 2068 5465 Nam
2100 5413 2219 5468 ideo
2263 5413 2428 5467 Deum

889 5511 1063 5549 meum
1091 5501 1428 5568 compellavi,
1454 5505 1579 5572 quia
1610 5505 1756 5557 nullo
1781 5511 2143 5566 terrenarum,
2188 5505 2273 5559 vel
2308 5518 2430 5573 qua!

886 5589 1058 5644 oculis
1087 5592 1394 5654 carnalibus
1418 5595 1808 5666 percipiuntur,
1837 5612 2018 5664 rerum
2061 5594 2332 5651 desiderio
2357 5605 2433 5648 te-

890 5694 1038 5736 neor.
1073 5682 1529 5748 Quemadmodum
1551 5690 1693 5744 enim
1717 5689 2007 5760 Apostolus
2037 5688 2173 5741 dixit
2201 5707 2211 5741 :
2244 5710 2262 5741 ι
2297 5687 2429 5740 Vivo

889 5781 1088 5834 "nem,
1116 5775 1226 5842 iam
1256 5792 1361 5832 non
1382 5794 1500 5848 ego,
1526 5781 1655 5835 vivit
1686 5795 1809 5836 vero
1839 5780 1891 5842 iu
1923 5795 2006 5839 nte
2036 5779 2372 5836 Christus";
2406 5798 2422 5818 ι

962 5885 1004 5914 ⁸⁸
1041 5883 1153 5940 Gal.
1190 5904 1246 5953 ιι,
1280 5890 1367 5953 20.

2527 4605 2620 4657 καὶ⁵
2670 4592 2979 4669 ἀσελγείαιξ
3038 4601 3279 4669 ρυπάνας
3355 4601 3545 4653 ἑαυτοῦ
3604 4599 3698 4668 τὴν
3761 4598 3956 4668 ψυχήν,
3988 4600 4082 4652 καὶ

2527 4694 2586 4746 τὸ
2619 4693 2777 4762 σῶμα
2813 4691 3004 4761 μιαρὸς
3050 4691 3123 4741 ὢν
3179 4691 3271 4743 καὶ
3314 4689 3618 4760 ἀκάθαρτος
3638 4727 3653 4752 ,
3686 4683 3794 4751 οἷός
3821 4689 3868 4739 τ’
3897 4687 3962 4742 ἄν
3993 4687 4080 4760 εῐη

2527 4781 2623 4843 τὰς
2648 4780 2898 4841 τοιαύτας
2928 4779 3241 4847 προσίεσθαι
3269 4778 3467 4853 φωνάς.
3498 4778 3640 4846 Πλὴν
3667 4779 3695 4829 6
3727 4777 3896 4845 μέγας
3923 4778 4087 4831 Δαυῖδ

2528 4870 3053 4941 πεπαρρησιασμένῃ
3075 4870 3372 4939 συνειδήσει
3393 4871 3488 4937 οὑχ
3511 4867 3692 4931 ἁπλῶς
3712 4870 3799 4922 τὸν
3816 4869 3946 4922 Θεὸν
3963 4871 4080 4925 ἀνε-

2530 4962 2761 5023 καλεῖτο,
2805 4961 2996 5029 λέγων,
3032 4979 3051 5011 ι
3095 4962 3150 5014 '0
3174 4960 3331 5024 Θεός·
3375 4980 3392 5010 ι
3426 4959 3672 5028 δεύτερον
3704 4959 3758 5011 δὲ
3787 4959 3860 5022 ὡς
3890 4959 4080 5014 ἑαυτοῦ

2532 5051 2656 5105 ἴδιον
2692 5052 2817 5104 ὄντα
2846 5054 3200 5122 ἐπεγράφετο·
3236 5052 3313 5104 διὸ
3341 5049 3659 5121 προστίθησι
3710 5053 3946 5120 φάσκων·
3973 5071 3992 5104 ι
4023 5053 4080 5105 '0

2528 5141 2655 5204 Θεός
2682 5159 2802 5211 μου.
2853 5160 2870 5192 υ
2904 5139 3011 5194 Εἶτ’
3040 5142 3329 5210 ἐπειδήπερ
3353 5139 3543 5192 ἑαυτοῦ
3569 5141 3697 5194 Θεὸν
3725 5142 4080 5213 ἀναγορεῦσαι

2529 5232 2686 5284 αὑτὸν
2719 5232 3034 5302 τετόλμηκε,
3063 5232 3161 5300 τῆς
3193 5229 3392 5300 τόλμης
3408 5229 3503 5300 τήν
3535 5232 3707 5286 αἰτίαν
3722 5233 3956 5286 διδάσκει
3981 5233 4079 5286 λέ-

2527 5341 2655 5390 γων,
2687 5344 2704 5375 ι
2728 5325 2867 5397 Πρὸς
2885 5326 2942 5376 σὲ
2963 5321 3212 5392 ὀρθρίζω.
3233 5320 3475 5392 Ἐδίψησέ
3499 5339 3576 5376 σοι
3603 5325 3632 5392 η
3657 5322 3798 5394 ψυχή
3825 5339 3946 5393 μου,
3964 5321 4078 5384 πῶς

2529 5415 2710 5479 ἁπλῶς
2742 5433 2822 5468 σοι
2847 5421 2879 5486 ἡ
2911 5414 3044 5484 σάρξ
3101 5430 3220 5481 μου.
3259 5431 3276 5462 ι
3307 5412 3404 5464 Διὰ
3450 5413 3620 5466 ταῦτα
3659 5414 3764 5484 γὰρ
3806 5414 3934 5466 Θεόν
3978 5429 4077 5483 μου

2529 5508 2836 5574 προσεῖπον,
2885 5503 3177 5572 ἐπειδήπερ
3227 5501 3434 5565 οὐδενὸς
3485 5500 3594 5553 τῶν
3643 5501 3913 5570 ἐπιγείων,
3961 5498 4074 5554 ἀλλ’

2527 5596 2646 5648 οὑδὲ
2689 5595 2793 5647 τῶν
2821 5593 3115 5663 ὀφθαλμοῖς
3157 5592 3354 5662 σαρκὸς
3379 5591 3667 5662 ὁρωμένων
3706 5578 3976 5662 περιέλκει
4007 5607 4065 5658 με

2529 5687 2708 5751 πόθος.
2746 5689 2954 5757 Ὠσπερ
3013 5686 3069 5739 δὲ
3119 5689 3149 5740 6
3199 5686 3572 5749 Ἀπόστολος,‹
3597 5686 3703 5748 Ζῶ,
3746 5686 3924 5756 φησιν,
3953 5683 4077 5735 οὑκ-

2530 5779 2606 5832 έτι
2641 5777 2771 5847 ἐγώ·
2812 5777 2876 5847 ζῇ
2916 5776 2972 5830 δὲ
3019 5779 3074 5829 tv
3127 5779 3245 5847 ἐμοὶ
3281 5777 3534 5847 Χριστός·
3573 5797 3590 5828 ο
3627 5776 3844 5846 τοιαύτῃ
3876 5772 4075 5844 διανοίᾳ.
