4402 6400
396 523 503 582 805

1532 519 2032 574 (ΣΟΜΜΕΝΤΑΒΙΛ
2063 519 2127 573 1N
2167 517 2501 572 PSALMOS.

3493 512 3593 567 606

395 633 486 688 καί
515 634 676 688 Δαυῖδ
717 636 791 705 τῷ
819 636 934 706 Θεῷ
968 636 1116 704 ἔλεγε
1139 655 1150 666 ο
1190 656 1206 688 ι
1250 639 1390 706 Πρὸς
1421 639 1478 690 σὲ
1511 639 1757 710 όρορίζω.
1807 640 1939 691 Ἑδί-
1969 650 2014 703 Α
2045 656 2124 694 εει(

1851 640 1939 691 ἰδί-
1969 650 2014 703 Α
2045 642 2230 694 eadem
2283 639 2552 692 sententia
2610 635 2772 688 David
2833 634 2939 689 Deo
2992 633 3246 688 dicebat:
3293 652 3306 682 ι
3347 631 3425 684 Ad
3456 631 3589 704 tedcl

392 725 529 793 ψησέ
561 728 692 794 σοιὴ
724 725 862 796 ψυχή
899 744 1014 796 μου.
1062 747 1079 777 ι
1123 727 1264 779 Ὢσεὶ
1308 731 1400 780 καὶ
1438 728 1588 798 χώρα
1619 746 1719 790 τις,
1749 732 1819 800 μὴ
1853 748 1942 781 τυ-

393 815 559 883 χοῦσα
612 816 702 868 τοῦ
759 817 1017 886 συνήθους
1069 818 1244 881 ὑετοῦ,
1279 819 1435 887 διψῆν
1470 819 1674 884 λέγοιτο
1714 819 1899 872 τούτου
1926 838 1937 847 ’

390 906 478 958 τὸν
512 907 668 958 αὑτὸν
693 907 961 978 δὲτρόπον
983 908 1197 977 ἐδίψησε
1233 925 1330 970 σοι,
1369 909 1399 978 ἢ
1434 909 1695 978 ἱμείρεταί
1728 926 1783 960 σε
1809 910 1940 980 πρὸς

390 998 454 1065 τῇ
679 1014 778 1066 μου
820 999 910 1048 καὶ
941 998 1074 1066 αὑτὴ
1108 1001 1138 1066 ἡ
1167 995 1299 1066 σάρξ
1330 1014 1450 1065 μου,
1483 997 1836 1049 πολυπλάσιον
1868 1000 1940 1062 ὡς

388 1085 613 1153 διψῶσα.
659 1088 862 1158 ’Ὠσπερ
893 1087 1004 1164 γὰρ.
1040 1091 1282 1156 φυσικοῖς
1320 1087 1493 1154 λόγοις
1521 1089 1615 1158 τὴν
1649 1089 1748 1159 γῆν
1775 1090 1941 1158 αὐτὴν

390 1194 566 1246 φαμεν
598 1176 750 1246 eum;
805 1177 1010 1240 ὕδατος,
1042 1177 1178 1229 οὕτω
1215 1178 1304 1228 καὶ
1339 1179 1368 1247 ἡ
1412 1179 1544 1248 σάρξ
1582 1197 1680 1248 μου
1727 1179 1938 1248 ἐδίᾊσέ

390 1283 490 1329 σοι,
518 1266 675 1336 φησί’
701 1266 779 1318 διὸ
811 1268 1051 1337 ἐπιφέρει
1072 1284 1084 1295 ·
1121 1285 1138 1316 ι
1177 1267 1261 1320 Ἐν
1288 1271 1355 1338 γῇ
1391 1271 1578 1339 ἐρήμῳ
1609 1271 1700 1322 καὶ
1732 1270 1935 1339 ἀϐάτῳ,

390 1358 482 1408 καὶ
536 1357 765 1428 ἀνύδρῳ,
809 1377 827 1407 ι
869 1358 899 1426 ἦ
944 1357 1082 1409 κατὰ
1122 1358 1210 1410 τὸν
1254 1359 1576 1429 Σύμμαχον·
1612 1378 1629 1410 ι
1672 1361 1754 1422 Ὠς
1785 1363 1839 1412 ὲν
1870 1365 1936 1432 γῇ

385 1447 559 1515 διψάδι
587 1450 677 1500 καὶ
715 1447 924 1500 ἐκλῦσει
968 1448 1040 1518 μὴ
1072 1448 1402 1519 ὑπάρχοντος
1435 1449 1639 1512 ὓδατος.
1678 1469 1694 1498 ι
1714 1449 1939 1502 Δύναται

386 1538 443 1590 δὲ
480 1540 572 1591 καὶ
603 1539 697 1608 τὴν
721 1537 922 1608 ἔρημον
965 1539 1130 1608 αὐτὴν
1177 1540 1462 1608 σημαίνειν
1501 1539 1588 1591 διὰ
1626 1539 1853 1603 τούτων,
1884 1541 1940 1592 ὲν

387 1624 421 1701 ᾖ
449 1629 660 1697 φεύγων
692 1630 782 1682 τὸν
814 1630 982 1682 Σαοὺλ
1013 1629 1109 1692 τὰς
1141 1631 1420 1703 διατριϐὰς
1447 1635 1693 1684 ἐποιεῖτο.
1724 1633 1940 1694 Πάντως

387 1718 494 1788 γάρ
529 1734 626 1769 που
673 1719 730 1771 ὲν
760 1718 930 1792 ταύτῃ
960 1720 1234 1789 τυγχάνων
1262 1723 1354 1774 καὶ
1383 1722 1593 1792 μακρὰν
1625 1723 1938 1791 ἀπῳκισμέ-

387 1824 474 1869 νος
493 1808 588 1878 τῆς
621 1808 850 1862 κιϐωτοῦ
896 1809 988 1861 τοῦ
1031 1809 1164 1862 Θεοῦ
1198 1810 1289 1861 καὶ
1331 1811 1428 1880 τῆς
1478 1810 1570 1862 τοῦ
1609 1811 1941 1879 ἁγιὰσματος

389 1897 612 1967 σκηνῆς,
660 1899 717 1950 ἐν
834 1899 931 1962 τὰς
976 1899 1115 1951 κατὰ
1161 1901 1321 1970 νόμον
1368 1899 1644 1952 ἐποιοῦντο
1671 1899 1939 1968 λατρείας,

2045 733 2164 785 luce
2201 731 2372 800 vigilo.
2418 728 2597 782 Sitivit
2629 729 2721 780 tibi
2759 728 2935 778 anima
2965 740 3099 778 mea.
3127 743 3144 776 ι
3171 723 3284 776 Ceu
3309 738 3434 791 ager
3461 737 3589 773 con-

2043 832 2192 877 sueta
2222 821 2442 876 orbatus
2472 819 2670 889 pluvia,
2701 832 2818 872 eam
2855 818 3003 871 sitire
3040 815 3250 868 dicatur
3271 852 3284 874 ,
3321 813 3400 864 sic
3424 811 3589 864 sitivit

2041 913 2158 970 tibi.
2191 914 2271 967 vel
2296 912 2631 980 concupiscit
2668 918 2739 971 te,
2774 925 2895 961 cum
2934 908 3108 960 anima
3141 920 3278 964 mea,
3312 911 3423 954 tum
3476 902 3587 968 ipsa

2042 1021 2169 1059 caro
2216 1018 2352 1066 mea,
2380 1017 2540 1070 quam
2577 1001 2949 1070 multipliciter
2982 998 3194 1052 sitiens.
3243 993 3395 1047 Sicut
3448 992 3584 1044 enim

2045 1095 2263 1163 physice
2293 1094 2559 1162 loquendo
2596 1099 2795 1144 terram
2822 1089 3051 1142 dicimus
3077 1087 3226 1141 sitire
3259 1094 3480 1152 aquam,
3517 1081 3581 1130 ita

2040 1193 2092 1238 et
2134 1199 2260 1238 caro
2305 1198 2445 1246 mea,
2484 1182 2678 1258 inquit,
2711 1177 2880 1234 sitivit
2909 1178 3005 1231 tibi
3035 1196 3047 1230 :
3077 1190 3242 1246 quare
3272 1173 3450 1231 infert,
3477 1188 3496 1221 ι
3529 1169 3586 1224 In

2041 1283 2182 1326 terra
2213 1273 2449 1335 deserta,
2481 1278 2533 1325 et
2576 1271 2740 1331 invia,
2773 1277 2825 1323 et
2861 1269 3154 1337 inaquosa;
3199 1286 3216 1318 ›
3253 1267 3365 1319 sive
3393 1278 3588 1318 secun-
3685 1295 3692 1299 -

2040 1363 2168 1416 dum
2226 1362 2608 1433 Symmachum
2647 1381 2659 1414 :
2694 1380 2716 1438 ν(
2759 1360 2926 1426 Quasi
2983 1359 3035 1412 in
3085 1365 3231 1410 terra
3293 1353 3494 1409 sitienti
3534 1361 3588 1406 et

2041 1450 2290 1520 languida
2339 1464 2446 1503 non
2505 1449 2802 1504 exsistente
2837 1461 2994 1518 aqua.
3038 1464 3056 1497 ι
3097 1444 3193 1500 llis
3242 1461 3368 1498 vero
3415 1446 3586 1513 ipsam

2041 1542 2384 1597 solitudinem
2434 1541 2740 1610 significare
2769 1547 2967 1610 potest,
2999 1539 3053 1592 in
3082 1553 3210 1608 qua,
3247 1534 3459 1601 Saulem
3505 1536 3589 1588 fu-

1984 1623 1992 1632 ’
2039 1633 2212 1702 giens,
2246 1646 2432 1684 moras
2467 1629 2731 1686 trahebat.
2769 1627 3046 1703 Siquidem
3078 1631 3204 1681 dum
3236 1627 3309 1680 ibi
3348 1638 3591 1679 versare-

2041 1733 2147 1787 tur,
2186 1723 2252 1776 ab
2281 1737 2405 1774 arca
2439 1720 2530 1774 Dei
2571 1729 2624 1774 et
2660 1735 2688 1772 a
2719 1720 3070 1773 tabernaculo
3099 1713 3545 1773 sanctificationis
3572 1753 3587 1775 ,

2041 1815 2096 1867 in
2152 1826 2261 1882 quo
2333 1812 2555 1882 legalem
2617 1812 2822 1865 cultum
2873 1809 3344 1879 exsequebantur,
3400 1806 3590 1875 procul

2043 1915 2280 1961 remotus
2313 1913 2447 1960 erat.
2484 1903 2687 1957 Horum
2742 1904 2831 1957 ille
2883 1908 3230 1971 conspectum
3279 1899 3587 1968 exoptabat.

359 2061 361 2063 ι
388 1988 586 2066 τοῦτων
617 1988 796 2042 ἐπόθει
834 1991 930 2060 τὴν
977 1989 1122 2043 θέαν.
1155 1990 1360 2059 Ὥσπερ
1389 1990 1442 2042 δὲ
1471 1990 1541 2059 γῆ
1575 1989 1778 2059 διψῶσα
1817 1989 1938 2041 ὓδα-
1970 1982 2011 2036 Β
2042 1998 2097 2064 ρι

1851 1989 1938 2040 δα·
1970 1982 2011 2036 Β
2042 1997 2505 2064 Quemadmodum
2535 2004 2713 2050 autem
2743 2005 2886 2050 terra
2921 1995 3110 2049 sitiens
3139 2006 3333 2062 aquam
3365 1991 3586 2060 expetit,

388 2098 474 2144 τος
505 2080 772 2153 ὀρέγεται,
794 2081 951 2142 οῦτω,
988 2081 1137 2149 φησι,
1174 2081 1262 2132 καὶ
1295 2082 1326 2149 ἡ
1355 2081 1459 2150 ἐμὴ
1480 2080 1622 2150 ψυχὴ
1653 2080 1720 2132 τὰ
1752 2081 1832 2132 σοὶ
1864 2079 1938 2148 τῷ

388 2172 502 2242 Θεῷ
529 2172 729 2244 ἀρεστὰ
755 2172 846 2224 καὶ
867 2171 994 2240 φίλα
1016 2171 1172 2239 διψεῖ·
1205 2172 1280 2234 ὡς
1309 2171 1572 2223 ἐκλείπειν
1609 2172 1697 2223 καὶ
1716 2172 1940 2240 ἐκτήκε-

388 2264 530 2329 σθαι,
564 2263 710 2334 erm,
747 2261 1036 2333 μεταλάϐοι
1063 2264 1159 2334 τῆς
1190 2263 1337 2333 παρὰ
1380 2261 1461 2314 σοὶ
1492 2263 1694 2332 πηγῆςο
1725 2263 1849 2333 περὶ
1875 2257 1940 2332 ἧς

389 2353 627 2425 εἴρηται.
668 2371 687 2403 ‹
729 2353 849 2405 Ὅτι
892 2352 1042 2423 παρὰ
1097 2353 1178 2405 σοὶ
1221 2354 1368 2422 πηγὴ
1401 2352 1563 2421 ζωῆς.
1600 2353 1689 2406 Διὸ
1725 2353 1940 2423 ἐδίψησε

391 2448 531 2516 σοιὴ
577 2445 718 2516 ψυχή
751 2461 871 2516 μου.
909 2465 926 2496 ι
974 2445 1220 2514 Ἐδίψησε
1260 2445 1314 2495 δὲ
1346 2444 1480 2507 πῶς,
1523 2445 1809 2515 ἑρμηνεύει
1852 2444 1941 2496 λέν

389 2551 500 2604 γων
545 2533 704 2606 ἑξῆς·
741 2554 759 2586 ι
800 2535 983 2600 Οὕτως
1013 2538 1068 2588 ὲν
1107 2535 1183 2606 τῷ
1223 2536 1362 2605 ἁγίῳ
1403 2535 1588 2605 ὤφθην
1617 2553 1718 2599 σοι,
1756 2554 1774 2586 ›
1811 2536 1941 2587 ὡσεὶ

389 2629 538 2698 ἔλεγε
571 2627 754 2682 τοῦτο’
795 2628 1071 2700 Ἐδίψησεν
1116 2631 1148 2699 ἡ
1189 2629 1330 2700 ψυχή
1363 2646 1461 2699 μου
1495 2629 1555 2680 τὸ
1596 2629 1822 2699 ὀφθῆναί
1862 2647 1942 2685 σοι

388 2723 446 2776 ἐν
471 2720 548 2791 τῷ
573 2719 650 2790 σῷ
673 2719 989 2789 ἁγιάσματι,
1019 2738 1037 2770 ι
1073 2719 1164 2771 τοῦ
1203 2720 1326 2771 ίδείν
1355 2721 1449 2790 τὴν
1473 2721 1698 2791 δύναμίν
1726 2738 1816 2772 σου
1852 2723 1942 2773 καὶ

388 2814 485 2885 τὴν
538 2811 692 2876 δόξαν
740 2828 851 2864 σου.
908 2831 924 2862 ι
978 2810 1224 2864 Τοιοῦτον
1257 2810 1313 2862 δέ
1338 2812 1466 2878 ,ἐστι
1509 2813 1686 2864 καὶτὸ
1711 2812 1796 2863 διὰ
1837 2811 1942 2864 τῶν

387 2901 689 2979 ἔμπροσθεν
717 2900 1030 2972 είρημένονο
1066 2919 1084 2951 ι
1127 2899 1462 2970 Ἐδίψησενή
1499 2900 1641 2970 ψυχή
1675 2919 1772 2969 μου
1808 2901 1940 2971 πρὸς

388 2998 478 3053 τὸν
496 2993 624 3047 Θεὸν
649 2993 737 3045 τὸν
771 2993 983 3063 ἰσχυρὸν
1011 2992 1101 3045 τὸν
1134 2991 1329 3056 ζῶντα,
1363 2992 1488 3043 πότε
1512 2992 1624 3062 ἥξω
1658 2994 1749 3046 καὶ
1776 2993 1940 3063 ὀφθή-

387 3101 550 3156 σομαι
596 3081 672 3154 τῷ
718 3083 992 3154 προσώπῳ
1037 3082 1142 3135 τοῦ·
1176 3084 1329 3138 Θεοῦ.
1370 3103 1386 3134 ι
1420 3083 1708 3152 Γενόμενος
1746 3083 1853 3150 γὰρ
1883 3086 1938 3135 ὲν

387 3173 462 3243 τῷ
511 3173 648 3243 ἁγίῳ
705 3188 819 3236 σου,
863 3174 993 3244 περὶ
1046 3165 1106 3225 οὗ
1157 3173 1367 3243 εἴρηται
1398 3175 1453 3224 ὲν
1482 3173 1668 3242 ἑτέρῳ,
1702 3191 1718 3222 ι
1765 3172 1942 3240 “Amm”,

387 3265 570 3337 ὤμοσα
602 3267 659 3318 ὲν
691 3265 766 3336 τῷ
790 3264 930 3335 ἁγίῳ
956 3282 1076 3336 μου,
1120 3283 1138 3316 ›
1172 3264 1382 3333 πρῶτον
1412 3265 1507 3333 μὲν
1539 3264 1696 3326 αὐτὸς
1715 3263 1941 3334 ὀφθήσο-

389 3358 485 3429 μαί
509 3374 608 3423 σοι,
631 3356 1148 3428 δοκιμασθησόμενος
1184 3359 1229 3408 εί
1257 3357 1401 3419 ἄξιος
1423 3356 1536 3426 εἵην
1558 3355 1655 3426 τῆς
1675 3355 1772 3423 σῆς
1795 3355 1939 3418 θέας.
1970 3348 2010 3403 C

389 3445 518 3503 Εἶτα
554 3448 700 3515 ἄξιος
742 3448 944 3517 ὀφθεὶς,
979 3448 1176 3518 ὄψομαι
1207 3436 1311 3516 τὴν
1333 3446 1556 3515 δύναμίν
1585 3461 1677 3498 σου
1722 3448 1812 3497 καὶ
1846 3445 1942 3515 τὴν

387 3539 542 3605 δόξαν
568 3554 692 3611 σου·
722 3533 796 3590 ὧν
825 3537 1080 3591 ἀδύνατόν
1111 3539 1254 3587 ἐστιν
1290 3537 1368 3598 εἰς
1394 3535 1624 3606 θεωρίαν
1647 3535 1839 3599 ἐλθεῖν,
1867 3537 1940 3605 μὴ

387 3628 503 3697 οὐχὶ
556 3628 819 3698 πρότερον
867 3628 924 3678 ὲν
964 3625 1040 3694 τῷ
1081 3625 1220 3694 ἁγίῳ
1266 3625 1571 3693 γενόμενον,
1605 3626 1698 3676 καὶ
1732 3625 1942 3694 πρῶτον

387 3717 614 3787 ὀφθέντα
639 3716 789 3783 ἄξιον
803 3715 910 3768 τῶν
941 3715 1033 3769 τοῦ
1053 3714 1185 3767 Θεοῦ
1213 3714 1450 3781 ἀγαθῶν.
1475 3715 1626 3767 Μετὰ
1645 3714 1752 3784 γὰρ
1776 3715 1943 3767 ταῦτα

387 3809 574 3881 ὄψεταί
610 3825 712 3872 τις,
746 3807 822 3870 ὡς
861 3807 925 3861 ἂν
957 3806 1054 3878 ήδη
1087 3805 1555 3876 δεδοκιμασμένος,
1585 3806 1682 3874 τὴν
1721 3804 1943 3874 δύναμιν

387 3901 480 3954 τοῦ
510 3899 642 3953 Θεοῦ
669 3899 763 3952 καὶ
788 3897 885 3970 τὴν
911 3897 1066 3962 δόξαν
1093 3897 1274 3950 αὑτοῦ.
1297 3899 1406 3950 Καὶ
1435 3897 1580 3960 τέλος
1596 3896 1702 3948 τῶν
1725 3894 1942 3964 ἀγαθῶν

387 3991 528 4046 τοῦτ’
562 3993 628 4046 ἂν
651 3990 734 4062 εἴη
763 3991 822 4043 τὸ
848 3991 904 4042 ἐν
933 3989 1134 4062 θεωρία
1157 3989 1357 4042 τούτων
1381 3987 1656 4057 γενέσθαι·
1686 3988 1765 4040 διὸ
1801 3987 1945 4039 λέλε-

389 4097 513 4138 κται
531 4099 543 4113 ·
573 4082 902 4153 ῃΜακάριοι
925 4082 973 4133 οἱ
997 4081 1227 4149 καθαροὶ
1245 4083 1308 4151 τῇ
1328 4079 1540 4150 καρδίᾳ,
1571 4080 1650 4131 ὅτι
1681 4080 1830 4131 αὐτοὶ
1855 4078 1944 4130 τὸν

389 4172 520 4239 Θεὸν
581 4171 821 4242 ὄιῖιονται.
882 4189 902 4223 ι
942 4169 1110 4222 Τοῦτο
1147 4166 1239 4222 οὖν
1284 4168 1529 4238 ἐδίψησεν
1578 4172 1611 4239 ἡ
1661 4169 1804 4238 ψυχὴ
1849 4168 1942 4220 τοῦ

390 4262 582 4317 Δαυῑδ·
615 4263 694 4316 διὸ
735 4263 936 4330 ἔλεγεν·
971 4278 990 4311 ‹
1035 4261 1092 4313 '0
1133 4259 1262 4324 Θεὸς
1316 4261 1343 4312 5
1390 4259 1519 4322 Θεός
1563 4275 1683 4330 μου,
1707 4260 1838 4328 πρὸς
1886 4260 1944 4311 σὲ

390 4351 640 4427 ῥρθρίζω.
683 4351 932 4424 Ἑδίψησέ
976 4367 1056 4404 σοι
1082 4351 1116 4420 ἡ
1149 4350 1289 4420 ψυχή
1319 4366 1441 4420 μου.
1475 4369 1493 4401 ι

466 4486 487 4521 ι
515 4469 635 4521 Ὀτι
669 4470 918 4538 κρεῖσσον
941 4465 1000 4518 τὸ
1034 4463 1179 4526 ἔλεός
1218 4480 1308 4516 σου
1344 4463 1480 4534 ὑπὲρ
1504 4459 1666 4527 ζωὰς,
1694 4470 1761 4517 τὰ
1794 4465 1942 4538 χείλη

393 4578 494 4634 μου
537 4560 876 4615 ἐπαινέσουσι
903 4577 980 4614 σε.
1024 4579 1042 4612 ι
1087 4559 1145 4627 ’0
1177 4557 1275 4629 τὴν
1301 4556 1572 4626 φύσιν-τοῦ
1596 4556 1788 4628 θνητοῦ
1830 4557 1943 4627 βίου

2041 2090 2121 2142 sic
2155 2088 2332 2141 anima
2363 2101 2502 2148 mea,
2539 2086 2633 2149 ait,
2668 2101 2788 2154 quae
2816 2085 2910 2138 tibi
2945 2085 3141 2153 placita
3165 2090 3217 2136 et
3250 2081 3446 2135 dilecta
3467 2088 3593 2133 sunt

2041 2178 2317 2234 sitibunda
2352 2177 2834 2245 concupiscit;ita
2865 2181 2922 2228 ut
2967 2177 3012 2229 si
3050 2174 3196 2226 illius
3220 2173 3310 2242 qui
3344 2185 3512 2241 penes
3540 2177 3591 2223 te

2039 2280 2120 2324 est
2149 2269 2314 2323 fontis
2354 2269 2622 2336 particeps
2652 2281 2758 2319 non
2797 2263 3213 2325 iieri.t,deflciat
3251 2270 3304 2317 et
3345 2261 3595 2316 contabe-

2041 2369 2183 2422 scat;
2224 2361 2288 2413 de
2326 2374 2433 2427 quo
2480 2357 2627 2410 fonte
2685 2355 2887 2409 dictum
2924 2366 3050 2410 est:
3088 2371 3104 2403 ι
3143 2353 3408 2418 Quoniam
3449 2351 3597 2422 apud

2041 2460 2093 2505 te
2139 2461 2223 2504 est
2282 2448 2405 2502 fons
2450 2448 2571 2502 vita:
2591 2447 2659 2501 ⁸⁸.
2703 2466 2720 2498 ›
2757 2440 2934 2511 Quare
2989 2463 3006 2494 ι
3038 2444 3207 2502 sitivit
3264 2444 3363 2496 tibi
3413 2443 3600 2495 anima.

2043 2557 2179 2597 mea.
2219 2559 2236 2590 ι
2277 2539 2394 2604 Quo
2429 2547 2589 2608 pacto
2621 2539 2792 2603 sitiat,
2815 2553 2941 2590 mox
2972 2522 3184 2605 aperit:
3225 2553 3242 2585 ι
3276 2532 3364 2588 Sic
3389 2534 3442 2586 in
3474 2548 3594 2586 san-

2041 2642 2129 2687 cto
2186 2632 2414 2702 apparui
2457 2631 2576 2695 tibi,
2611 2649 2630 2682 ι
2678 2644 2740 2684 ac
2791 2630 2838 2684 si
2890 2628 3139 2682 diceret:
3176 2626 3356 2680 Sitivit
3413 2625 3601 2685 anima.

2041 2737 2156 2775 mea
2213 2729 2487 2790 aspectum
2540 2727 2693 2774 tuum
2746 2719 2801 2773 in
2852 2717 3162 2773 sanctuario
3215 2723 3330 2778 tuo,
3371 2733 3389 2766 ι
3430 2723 3487 2766 ut
3513 2714 3594 2768 vi-

2040 2813 2190 2866 deam
2221 2815 2471 2866 virtutem
2502 2818 2650 2864 tuam
2673 2817 2724 2864 et
2745 2809 2968 2879 gloriam
3005 2815 3171 2860 tuam.
3208 2826 3226 2857 ι
3268 2806 3605 2859 Similebuio

2040 2911 2123 2956 est
2147 2904 2275 2956 illud
2304 2903 2557 2972 superius
2590 2900 2797 2954 dictum
2827 2918 2840 2952 ε
2869 2915 2886 2948 ι
2921 2897 3105 2950 Sitivit
3128 2897 3308 2950 anima
3358 2911 3474 2950 mea
3526 2895 3594 2948 ad

2042 2991 2206 3046 Deum
2252 2991 2444 3046 fortem
2485 2992 2691 3056 vivum,
2724 2988 2942 3059 quando
2976 2990 3187 3041 veniam
3232 2994 3286 3040 et
3323 2985 3594 3055 apparebo

2042 3093 2168 3154 ante
2222 3083 2413 3137 faciem
2473 3081 2650 3137 Dei".
2689 3101 2707 3133 ι
2748 3079 2806 3136 1η
2837 3089 3029 3137 saneto
3082 3081 3280 3149 quippe
3336 3085 3431 3131 tuo
3464 3069 3606 3132 eon-s

2043 3178 2283 3239 stitutus,
2311 3175 2377 3230 de
2409 3189 2517 3243 quo
2563 3174 2618 3228 in
2670 3173 2776 3228 alio
2807 3173 3016 3243 psalmo
3043 3171 3246 3225 dictum
3272 3175 3355 3223 est
3379 3185 3393 3221 :
3419 3160 3450 3218 ἰ
3498 3167 3596 3221 Sc-

2045 3267 2149 3320 Lnel
2179 3266 2357 3333 juravi
2383 3266 2436 3318 in
2467 3270 2660 3329 sancto
2694 3279 2814 3318 meo
2837 3263 2906 3326 ⁸⁸,
2940 3282 2957 3313 ι
2984 3263 3158 3331 primo
3181 3259 3449 3330 apparebo
3474 3259 3606 3328 tibi,

2046 3366 2102 3412 ut
2128 3359 2386 3427 probetur
2415 3372 2546 3410 num
2575 3355 2773 3425 dignus
2795 3363 3091 3422 conspectu
3128 3361 3219 3405 tuo
3239 3352 3363 3406 sim.
3396 3349 3606 3405 Deinde.

2044 3464 2163 3502 cum
2213 3449 2407 3517 dignus
2447 3445 2773 3514 comperiar,
2803 3443 2997 3496 videbo
3054 3442 3308 3494 virtutem
3365 3428 3512 3494 tuam
3543 3447 3600 3495 et

2045 3537 2270 3605 gloriam
2332 3541 2480 3587 tuam
2517 3552 2529 3586 :
2563 3534 2630 3586 ad
2685 3545 2913 3601 quarum
2975 3537 3326 3598 conspectum
3386 3527 3597 3581 admitti

2044 3642 2201 3681 nemo
2240 3632 2438 3696 potest,
2466 3625 2597 3694 quin
2633 3623 2785 3694 prius
2834 3623 2889 3677 in
2921 3629 3110 3677 sancto
3127 3621 3222 3686 sit,
3243 3635 3305 3673 ac
3329 3621 3480 3690 prius
3514 3618 3598 3672 di—

2042 3721 2185 3773 vinis
2240 3718 2396 3773 bonis
2447 3719 2644 3788 dignus
2687 3727 2965 3787 appareat.
2998 3714 3191 3770 Pustea
3221 3714 3364 3768 enim
3395 3711 3595 3783 quivis,

2045 3808 2351 3878 utpotejam
2379 3808 2656 3877 probatus,
2680 3807 2931 3860 virtutem
2952 3803 3358 3874 etgloriam‘Dci
3375 3802 3595 3856 videbit.

2044 3898 2203 3971 lsquo
2251 3900 2374 3955 linis
2405 3901 2672 3954 bonorum
2714 3899 2896 3962 fuerit,
2938 3896 3004 3951 ad
3030 3911 3216 3950 eorum
3266 3894 3600 3963 contempla-

2046 3989 2247 4044 tionem
2267 3988 2514 4044 admitti:
2543 4002 2712 4057 quare
2753 3983 2957 4040 dictum
2987 3993 3113 4040 est:
3151 4003 3168 4034 ι
3206 3983 3355 4038 Beati
3393 3983 3599 4038 mundo
3674 4027 3682 4033 .

2046 4082 2232 4145 corde,
2273 4081 2528 4150 quoniam
2572 4079 2676 4149 ipsi
2713 4077 2878 4133 Deum
2907 4076 3244 4131 videbunt“.
3276 4097 3295 4129 ι
3333 4075 3445 4131 Hoc
3492 4077 3597 4130 ita-

2046 4187 2150 4240 que
2178 4171 2396 4226 sitiebat
2421 4168 2641 4224 Davidis
2679 4168 2858 4221 anima
2893 4186 2905 4220 :
2940 4181 3110 4236 quare
3139 4167 3370 4228 dicebat,
3399 4185 3417 4217 ι
3456 4165 3597 4221 Deus

2045 4260 2188 4316 Deus
2223 4274 2396 4323 meus,
2422 4257 2489 4313 ad
2515 4267 2566 4313 te
2596 4257 2664 4313 de
2696 4258 2819 4313 luce
2848 4257 3031 4325 vigilo.
3069 4253 3254 4310 Sitivit
3283 4255 3378 4308 tibi
3417 4254 3600 4306 anima

2045 4365 2181 4405 mea.
2225 4369 2243 4402 Ι
2259 4377 2276 4420 ³

2117 4465 2279 4522 Vens.
2334 4465 2451 4521 4-6.
2500 4483 2517 4517 ι
2551 4463 2818 4531 Quoniam
2863 4463 3053 4518 melior
3106 4467 3190 4516 est
3229 4455 3599 4513 misericordia

2049 4569 2138 4616 tua
2185 4576 2348 4629 super
2379 4559 2567 4624 ﬁvitas,
2602 4558 2742 4612 labia
2792 4571 2910 4612 mea
2963 4552 3257 4608 laudabunt
3306 4558 3378 4603 te.
3421 4567 3439 4600 ι
3495 4545 3600 4612 Qui

391 4653 745 4723 κατανοήσας,
784 4654 877 4705 καὶ
918 4653 1016 4721 τὴν
1043 4650 1370 4722 πρόσκαιρον
1402 4649 1546 4722 ζωὴν
1576 4651 1692 4722 ὅση.
1717 4650 1797 4712 τίς
1831 4651 1945 4701 ἐστι
1978 4669 2020 4722 ο
2054 4669 2129 4708 me

1862 4667 1945 4701 στι
1978 4669 2020 4722 ι)
2054 4654 2296 4708 mortalis
2329 4652 2452 4705 vita:
2499 4657 2756 4704 naturam
2789 4643 3174 4706 consideravit,
3215 4648 3267 4694 et
3315 4655 3433 4710 quae
3464 4652 3600 4708 qua-

390 4745 482 4797 καὶ
531 4742 688 4796 ὁποία
737 4744 1033 4815 ἐξητακὼς,
1067 4741 1461 4812 ἀποστρέφεται
1511 4740 1607 4811 μὲν
1668 4741 1836 4793 ταῦτα
1869 4741 1945 4804 ὼς

395 4833 565 4904 μικρά
591 4834 685 4886 καὶ
705 4834 912 4898 οὐδενὸς
938 4822 1093 4902 λόγου
1125 4831 1248 4898 ἀξια
1266 4848 1279 4862 ·
1309 4832 1427 4895 ὅλος
1449 4832 1506 4884 δὲ
1529 4832 1627 4902 τῆς
1651 4832 1763 4886 ἄνω
1791 4830 1941 4884 ἐλπί-

390 4924 474 4985 δος
518 4923 822 4992 γενόμενος,
871 4924 1082 4994 ἐκείνης
1127 4923 1308 4992 τυχεῖν
1361 4922 1598 4992 εὔχεται,
1627 4922 1762 4991 ἐλέῳ
1807 4921 1940 4974 Θεοῦ

391 5001 816 5082 χορηγουμένης.
863 5015 938 5067 Οὐ
970 5015 1077 5091 γὰρ
1116 5013 1179 5084 δὴ
1222 5011 1360 5065 κατὰ
1403 5012 1640 5083 ὀφειλὴν,
1672 5012 1790 5065 οὐδὲ
1825 5013 1940 5064 κατ’

395 5102 548 5167 ἀξίαν
563 5103 662 5173 τῆς
688 5103 881 5164 ἑαυτοῦ
900 5104 1240 5174 δικαιοσύνης
1268 5101 1514 5166 τεύξεταί
1547 5119 1630 5165 τις
1654 5103 1761 5154 τῶν
1783 5103 1944 5153 ἐπου-

398 5192 622 5266 ρανίων.
655 5193 852 5264 Διόπερ
879 5185 1112 5265 ἀλλαχοῦ
1143 5213 1243 5250 που
1278 5193 1519 5265 εἴρηται*
1563 5210 1581 5241 ι
1614 5192 1679 5244 Τί
1702 5193 1809 5262 γάρ
1857 5208 1945 5261 μοι

395 5283 627 5355 ὑπάρχει
673 5284 728 5336 ὲν
755 5283 832 5354 τῷ
865 5285 1111 5356 οὐρανῷ;
1154 5304 1173 5337 ι
1209 5286 1269 5339 τὸ
1294 5286 1352 5340 δὲ
1388 5285 1494 5337 πᾶν
1524 5281 1656 5352 ἐλέῳ
1690 5283 1822 5335 Θεοῦ
1855 5281 1947 5334 καὶ

399 5372 769 5444 φιλανθρωπίᾳ
796 5375 1063 5444 δωρεῖται,
1101 5379 1211 5439 τοῖς
1234 5376 1438 5447 σμικρὰ
1469 5372 1850 5446 κατωρθωκόσι
1880 5372 1947 5424 τὰ

401 5465 608 5536 μεγάλα
638 5463 1010 5534 χαριζομένου.
1044 5466 1107 5518 Ὃ
1141 5465 1204 5536 δὴ
1238 5465 1490 5536 σημαίνει
1528 5466 1556 5517 ὁ
1583 5461 1768 5533 παρὼν
1795 5460 1948 5528 λόγος

402 5559 650 5627 φάσκων·
691 5575 714 5607 ε
750 5558 868 5609 ’Ότι
893 5559 1140 5626 κρεῖσσον
1173 5555 1233 5607 τὺ
1257 5555 1402 5617 ἔλεός
1436 5550 1528 5607 σου
1559 5554 1696 5624 ὑπὲρ
1729 5551 1888 5615 ζωάς.
1922 5569 1940 5601 ι

402 5647 517 5716 Κᾶν
557 5646 664 5719 γὰρ
702 5645 988 5718 μακρόϐιος
1025 5646 1117 5700 καὶ
1162 5644 1544 5716 μακροχρόνιος
1577 5645 1669 5696 ἐπὶ
1706 5641 1797 5695 τοῦ
1843 5657 1947 5692 πα-

1560 5833 1591 5858 Α

2053 4744 2186 4798 lisve
2233 4750 2578 4809 temporanea
2619 4738 2730 4789 vita
2787 4735 2877 4799 sit,
2911 4731 3232 4802 exploravit,
3259 4730 3372 4784 hac
3417 4736 3600 4789 utpote

2052 4839 2294 4904 parvaet
2319 4831 2520 4884 nullius
2545 4826 2700 4896 pretii
2730 4830 3013 4879 aversatur
3037 4840 3051 4888 ;
3089 4822 3180 4877 sed
3208 4833 3455 4891 supernae
3483 4818 3598 4886 spei

2049 4940 2169 4981 sese
2201 4931 2372 4976 totum
2410 4919 2688 4988 applicans
2714 4931 2845 4980 eam
2879 4913 3248 4970 misericordia
3283 4912 3376 4966 Dei
3406 4924 3599 4964 conse-

2049 5018 2140 5086 qui
2163 5021 2402 5083 exoptat.
2437 5011 2619 5080 Neque
2642 5011 2786 5065 enim
2819 5010 3086 5080 quispiam
3115 5024 3180 5062 ex
3206 5008 3385 5062 debito
3411 5011 3508 5058 aut
3532 5019 3598 5055 ex

2046 5106 2271 5175 iustitiae
2317 5116 2430 5157 sua:
2474 5100 2667 5155 merito
2715 5100 2958 5155 cmlestia
3004 5097 3354 5166 adipiscetur.
3399 5091 3623 5160 Quam;

2053 5197 2240 5251 obrem
2297 5194 2422 5246 alibi
2471 5193 2669 5246 dicitur
2707 5211 2720 5246 :
2758 5211 2777 5242 ι
2816 5189 2958 5255 Quid
3021 5191 3164 5243 enim
3219 5187 3349 5241 mihi
3407 5191 3489 5240 est
3546 5186 3599 5239 in

2052 5285 2278 5340 caelo“?
2316 5301 2336 5334 ι
2373 5281 2477 5336 Sed
2513 5290 2684 5336 totum
2713 5280 2807 5352 Dei
2839 5268 3210 5333 misericordia
3251 5283 3305 5329 et
3353 5275 3604 5328 humani-

2058 5385 2168 5430 tate
2196 5375 2376 5435 datur,
2409 5373 2500 5442 qui
2534 5372 2742 5426 modica
2803 5369 3184 5439 pmstantibus
3219 5379 3412 5434 magna
3462 5367 3604 5420 elar-

2051 5467 2216 5536 gitur.
2274 5462 2430 5529 Quod
2478 5463 2564 5517 his
2611 5461 2791 5516 verbis
2845 5459 3180 5529 significatur
3225 5476 3237 5510 :
3283 5475 3300 5507 ι
3334 5455 3602 5521 Quoniam

2053 5557 2245 5610 melior
2299 5556 2385 5609 est
2435 5543 2812 5609 misericordia
2862 5559 2954 5604 tua
3007 5564 3168 5619 super
3215 5549 3374 5602 vitas.
3407 5565 3426 5598 ι
3467 5544 3601 5598 Nam

2053 5647 2264 5703 etiamsi
2301 5644 2424 5713 quis
2456 5644 2731 5722 longmvus
2762 5639 2841 5695 et‘
2864 5654 3106 5695 annosus
3140 5638 3193 5691 in
3233 5637 3334 5690 hac
3363 5636 3471 5688 vita
3508 5636 3600 5699 sit,

473 5871 700 5957 ⁸³1821.
734 5889 892 5941 Iuv,
933 5875 1012 5931 l0.
1087 5874 1131 5907 "
1169 5871 1312 5929 Psal.
1347 5885 1428 5925 xu
1453 5911 1465 5933 .
1501 5849 1591 5931 5i
1629 5873 1675 5905 ⁸³
1715 5869 1855 5933 Psal.
1894 5881 2131 5923 Lxmm
2159 5907 2178 5932 ,,
2207 5866 2295 5921 ⁸66.
2375 5866 2417 5898 ⁸⁵
2457 5862 2732 5928 ilat‘.h.--v,
2772 5862 2823 5916 8.
2900 5861 2942 5893 "
2983 5858 3120 5915 Psal.
3162 5870 3342 5916 tun.
3377 5849 3447 5908 25
