4402 6400
838 473 940 528 607

1498 464 1763 523 EUSEBlI
1790 460 2260 520 CESARIENSIS
2286 460 2435 516 OPP.
2478 458 2656 514 PARS
2686 456 2774 513 ιιι.
2806 491 2873 499 -
2902 457 3304 514 EXEGETICA.

3927 454 4032 508 608

840 589 911 643 ita
942 592 1001 639 ut
1033 601 1084 639 in
1117 584 1297 639 multis
1323 599 1585 638 annorum
1620 580 1859 652 periodis
1882 579 2173 633 multorum
2215 578 2380 631 vitam
2410 583 2451 638 Α
2483 575 2578 645 ρὸνλ

2297 592 2380 630 am
2410 583 2451 638 Α
2483 575 2665 645 ρόντος
2707 573 2927 644 γένηταί
2957 591 3059 637 τις,
3101 572 3285 641 ὥσπερ
3316 571 3508 633 πολλὰς
3546 568 3684 632 ζωὰς
3721 572 3777 622 ἐν
3818 568 4032 631 πολλαῖς

836 680 1080 749 expleat;
1114 678 1214 731 hoc
1247 693 1377 732 sane
1407 677 1539 741 nihil
1568 682 1675 737 est,
1710 671 2098 726 misericordiae
2126 670 2217 723 Dei
2239 683 2386 722 com-

839 780 1105 841 paratum,
1138 784 1257 838 quae
1284 768 1407 822 vita:
1433 774 1649 820 αξιοι-ηιξ
1688 771 1741 818 et
1782 763 2083 816 caelestium
2122 761 2384 815 bonorum

839 874 1003 912 causa
1025 865 1127 912 est.
1161 854 1340 921 Quare
1374 853 1759 908 misericordiae
1792 851 2031 905 conﬁsus
2057 858 2185 914 tuae,
2220 855 2387 901 totam

842 946 979 1001 hanc
1011 947 1195 1008 vitam,
1226 959 1325 999 ceu
1359 943 1600 1013 quaedam
1631 943 1867 1013 pretiosa
1901 941 2127 996 donaria
2154 947 2210 994 et
2252 953 2388 1008 opu-

842 1039 985 1090 lenta
1011 1034 1225 1091 cimelia
1262 1034 1356 1087 tibi
1404 1034 1774 1099 consecrabo;
1808 1032 2049 1087 membra
2097 1028 2308 1083 scilicet
2334 1034 2389 1082 et

842 1143 1051 1181 sensus
1095 1139 1244 1179 meos
1281 1122 1584 1177 ministerio
1616 1123 1865 1177 addicam
1907 1130 2023 1175 tuo.
2052 1119 2392 1188 Quapropter

793 1284 797 1289 ι
842 1217 984 1270 labia
1028 1230 1145 1270 mea
1174 1215 1307 1268 nihil
1343 1215 1487 1267 aliud
1508 1215 1876 1289 'eloquentur,
1902 1210 1997 1267 scd
2031 1225 2168 1280 pura
2217 1215 2394 1263 casta-

842 1323 949 1375 que
973 1304 1358 1365 servabuntur,
1394 1313 1451 1355 ut
1475 1304 1585 1358 tuis
1610 1287 1803 1357 vacent
1832 1302 2045 1372 hymnis
2090 1308 2142 1355 et
2187 1312 2394 1354 sermo-

846 1397 1027 1451 nibus.
1062 1395 1185 1449 Vita
1214 1403 1391 1449 autem
1427 1409 1545 1448 mea
1576 1394 1671 1447 tibi
1698 1391 2064 1447 benedicendo
2092 1398 2251 1445 nocte
2281 1388 2388 1443 dic—

847 1503 953 1557 que
989 1500 1200 1555 semper
1223 1486 1496 1539 incumbet
1531 1504 1543 1538 :
1580 1499 1774 1539 manus
1821 1483 2066 1553 corporis
2110 1481 2237 1543 mei,
2267 1495 2395 1549 ope—

850 1592 1018 1645 raque
1039 1576 1105 1629 iis
1126 1576 1289 1637 edita,
1323 1574 1375 1626 in
1411 1576 1626 1627 nomine
1650 1582 1742 1626 tuo
1789 1573 1977 1626 levabo
2034 1570 2397 1637 extollamque

852 1666 905 1718 in
943 1666 1129 1728 altum,
1160 1679 1324 1734 pravo
1353 1665 1546 1733 quovis
1576 1664 1817 1716 facinore
1856 1678 2019 1731 puras
2062 1660 2303 1724 eﬂ'eram,
2338 1665 2398 1710 ut

852 1756 986 1809 dicit
1018 1755 1234 1824 quidam
1269 1773 1281 1807 :
1316 1773 1334 1804 ι
1377 1752 1511 1805 Volo
1558 1752 1708 1808 viros
1759 1766 1940 1813 orare,
1968 1751 2208 1805 levantes
2234 1761 2398 1817 puras

851 1861 1045 1900 manus
1073 1845 1190 1899 sine
1222 1830 1300 1897 i'ra
1326 1840 1387 1897 et
1406 1841 1800 1910 disceptatione
1814 1840 1882 1893 ⁸⁸.
1923 1858 1941 1890 ι
1972 1839 2064 1892 Sic
2102 1844 2280 1890 autem
2322 1835 2400 1886 la-

852 1938 940 1991 bia
971 1952 1092 1990 mea
1119 1944 1173 1989 et
1204 1949 1397 1988 manus
1428 1949 1558 1986 mea:
1588 1932 1684 1986 tibi
1714 1929 2153 1990 dcstinabuntur,
2177 1933 2236 1981 ut
2258 1924 2398 1978 labia

855 2028 1073 2097 quidem
1115 2040 1146 2077 a
1175 2022 1521 2094 thymiamate
1557 2021 1687 2075 boni
1729 2020 1912 2075 odoris
1952 2018 2085 2072 nihil
2110 2015 2398 2076 diﬂ'erant,

855 2130 1051 2171 manus
1072 2130 1201 2169 vero
1224 2116 1291 2168 ab
1308 2114 1509 2169 enicaci
1540 2121 1593 2167 et
1626 2127 1755 2168 vero
1782 2110 2051 2166 sacriﬁcio
2076 2124 2185 2163 non
2206 2106 2403 2162 discre-

856 2214 1004 2274 pent,
1054 2214 1111 2258 ut
1140 2212 1444 2273 opportune
1496 2204 1672 2257 dicam
1722 2201 1788 2256 de
1830 2201 1989 2255 labiis
2042 2199 2198 2263 meis,
2230 2213 2249 2247 ι
2287 2195 2404 2249 Fiat

858 2301 1031 2353 oratio
1062 2314 1178 2352 mea
1226 2298 1365 2352 sicut
1420 2299 1701 2352 incensum
1735 2295 1791 2348 in
1820 2300 2116 2363 conspectu
2145 2300 2239 2346 tuo
2262 2291 2335 2356 ⁸⁷;
2380 2309 2398 2341 ι

857 2392 924 2445 de
978 2390 1233 2459 operibus
1291 2397 1492 2450 autem,
1529 2405 1550 2438 ι
1582 2385 2107 2439 Elevatiomanuum
2162 2398 2403 2437 mearum

859 2480 1187 2536 sacrificium
1218 2476 1586 2547 vespertinum
1610 2474 1677 2529 ⁸⁸.
1710 2494 1728 2525 ι
1754 2474 1928 2543 Atque
1950 2474 2020 2528 ita
2040 2487 2168 2527 caro
2195 2481 2251 2551 et
2282 2487 2405 2526 cor-

863 2588 963 2640 pus
1002 2585 1180 2623 meum
1209 2569 1512 2623 ministerio
1544 2579 1637 2621 tuo
1661 2565 2014 2627 addicentur;
2051 2565 2228 2618 anima
2279 2579 2408 2619 vero

864 2677 981 2715 mea
1032 2659 1252 2728 majoris
1300 2673 1527 2713 consors
1556 2657 1660 2711 erit
1683 2656 1899 2711 virtutis
1935 2674 1947 2707 :
1981 2670 2150 2724 quare
2202 2654 2271 2710 de
2320 2655 2409 2709 illa

864 2750 1024 2803 divo:
1062 2766 1080 2799 ι
1126 2746 1278 2801 Sicut
1303 2746 1460 2823 adipe
1489 2732 1543 2801 et
1574 2745 1897 2816 pinguedine
1938 2744 2210 2813 repleatur
2230 2742 2409 2796 anima

863 2854 1001 2894 mea.
1044 2857 1063 2889 ι
1116 2836 1301 2906 Neque
1324 2838 1466 2891 enim
1523 2836 1639 2906 pari
1687 2844 1847 2905 atque
1900 2850 2099 2903 corpus
2152 2834 2408 2895 ratione,

864 2927 1043 2980 anima
1078 2928 1258 2990 labiis,
1290 2936 1382 2980 aut
1414 2925 1686 2989 manibus,
1713 2934 1806 2979 aut
1838 2924 1942 2977 alia
1977 2924 2225 2994 quapiam
2263 2931 2413 2993 parte

866 3017 950 3071 vel
988 3017 1267 3083 membro;
1299 3016 1395 3071 sed
1436 3016 1555 3085 ipsa
1579 3022 1694 3069 tota
1725 3030 1789 3069 ac
1823 3030 1918 3081 per
1962 3030 2021 3070 se
2067 3000 2415 3084 prastantior

866 3108 1012 3162 omni
1050 3107 1321 3162 sacriﬁcio
1365 3105 1689 3168 holocausti,
1732 3104 1990 3174 omni'que
2027 3100 2414 3174 a'nimali'pin-

867 3197 1140 3267 guiadipe
1167 3206 1219 3251 et
1250 3196 1581 3265 pinguedine
1614 3194 1837 3261 referto,
1867 3197 1964 3250 tibi
2002 3195 2112 3250 Deo
2142 3195 2409 3261 oﬂ‘eretur,

868 3288 1260 3357 pretiosiordue
1288 3286 1478 3350 vitulo,
1506 3297 1659 3341 tauro
1692 3302 1755 3342 ac
1786 3288 1977 3358 quovis
1999 3288 2156 3341 bruto
2187 3288 2413 3341 animali

870 3379 966 3432 abs
996 3384 1050 3433 te
1074 3376 1430 3446 reputabitur.
1461 3376 1640 3444 Quare
1691 3377 1832 3433 hanc
1870 3366 2280 3447 pinguissimam
2321 3392 2414 3431 ac-

867 3477 1183 3540 ceptamque
1213 3468 1310 3523 tibi
1348 3469 1603 3531 hostiam,
1630 3469 1865 3522 animam
1904 3469 2028 3522 dico
2078 3484 2274 3529 meam,
2319 3469 2415 3522 tibi

870 3560 1081 3613 dicabo.
1113 3559 1286 3627 Atque
1314 3558 1414 3611 bac
1438 3558 1504 3611 de
1526 3572 1689 3613 causa
1721 3559 1947 3629 gratiam
1984 3560 2079 3612 tibi
2114 3558 2413 3629 professus,

872 3652 1030 3719 pleno
1061 3664 1155 3703 ore
1202 3648 1441 3718 ipsisque
1491 3649 1650 3703 labiis
1693 3649 1892 3719 gaudio
1934 3639 2156 3718 repletis
2187 3658 2241 3704 te
2273 3651 2414 3705 cele—

871 3740 1039 3793 brabo
1072 3758 1084 3793 :
1124 3738 1247 3793 ideo
1300 3739 1378 3794 sic
1415 3740 1606 3808 loquor
1638 3758 1651 3793 :
1690 3760 1706 3791 ι
1735 3737 1801 3793 Et
1834 3740 1991 3795 labiis
2036 3741 2416 3796 exsultationis

871 3830 1111 3884 laudabit
1142 3812 1203 3885 οὲ
1233 3846 1445 3897 meum;
1470 3850 1488 3882 ι
1511 3831 1645 3895 sive,
1681 3833 1975 3887 secundum
2017 3830 2416 3902 Symmachum,

879 3939 897 3967 ι
931 3918 993 3971 Ει
1014 3919 1171 3974 labiis
1194 3921 1586 3977 benedictionis
1609 3922 1902 3976 celebrabit
1936 3937 1999 3975 os
2021 3934 2221 3976 meum.
2257 3942 2275 3974 ι

2488 665 2622 718 ἐτῶν
2674 664 2936 735 περιόδοις
2983 665 3347 733 κτησάμενος’
3396 660 3682 713 ἀλλ-ὀὐδέν
3720 662 3832 712 ἐστι
3867 658 4037 712 ταῦτα

2488 756 2887 827 συγκρινόμενα
2921 754 3057 826 πρὸς
3082 754 3142 807 τὸ
3162 754 3305 817 ἕλεος
3331 751 3424 805 τοῦ
3446 750 3602 812 Θεοῦ,
3617 750 3677 803 τὸ
3699 750 3795 819 τῆς
3821 749 4036 804 αἰωνίου

2487 849 2631 919 ζωῆς
2655 848 2748 902 καὶ
2771 848 2876 901 τῶν
2899 846 3230 919 ἐπουρανίων
3251 842 3467 911 ἀγαθῶν
3491 842 3680 896 αἴτιον.
3718 840 3913 910 Διόπερ
3947 840 4040 893 καὶ

2486 941 2563 1011 τῷ
2591 940 2668 1011 σῷ
2692 940 2825 1010 ἐλέῳ
2852 932 3243 1009 ἐυτιθαρσήσας,
3280 935 3455 989 πᾶσάν
3485 951 3584 1004 μου
3624 932 3721 1004 τὴν
3762 930 4041 1003 παροῦσαν

2489 1032 2630 1102 ζωήν
2673 1047 2753 1087 σοι
2806 1028 3084 1099 ἀναθήσω,
3126 1026 3312 1098 ὥσπερ
3354 1024 3476 1078 τινά
3511 1025 3665 1094 τίμια
3701 1022 4041 1093 ἀναθήματα,

2490 1124 2581 1175 καὶ
2613 1121 2873 1189 πολυτελῆ
2901 1119 3157 1190 κειμήλια
3184 1118 3253 1170 τὰ
3283 1118 3415 1189 μέλη
3440 1133 3541 1187 μου
3573 1116 3665 1168 καὶ
3688 1113 3757 1166 τά
3790 1112 4045 1183 αἰσθητή-

2493 1230 2584 1284 ρια
2615 1215 2681 1282 τῇ
2714 1216 2777 1282 σῇ
2802 1211 3065 1281 ἀφορίσας
3088 1209 3412 1279 λειτουργίᾳ.
3437 1208 3526 1260 Διὸ
3542 1207 3610 1260 τὰ
3642 1207 3738 1276 μὲν
3763 1205 3913 1275 χείλη
3943 1221 4043 1275 μου

2490 1301 2640 1354 οὐδὲν
2671 1302 2852 1372 ἕτερον
2888 1300 3135 1369 λαλήσει,
3180 1300 3429 1366 ἁγνεύσει
3465 1299 3521 1352 δὲ
3574 1299 3669 1353 καὶ
3714 1295 3923 1366 καθαρὰ
3955 1312 4048 1363 (pur

2492 1392 2834 1461 λαχοήσεται,
2884 1392 2963 1450 εἰς
2995 1388 3054 1440 τὸ
3089 1387 3365 1457 σχολάζειν
3416 1389 3526 1448 τοῖς
3572 1388 3681 1447 σοῖς
3720 1384 3907 1454 ὕμνοις
3954 1384 4048 1435 καὶ

2492 1482 2667 1549 λόγοις
2686 1498 2699 1510 ·
2733 1483 2765 1549 ἡ
2807 1480 2861 1534 δὲ
2896 1479 3005 1549 ζωή
3042 1496 3144 1548 μου
3170 1478 3304 1547 αὐτη
3330 1478 3455 1547 περὶ
3476 1476 3535 1529 τὸ
3566 1475 3805 1543 εὐλογεῖν
3830 1490 3888 1526 σε
3915 1473 4050 1525 πάν-

2491 1558 2617 1625 τοτε
2659 1572 2871 1639 νύκτωρ
2922 1570 3016 1625 καὶ
3060 1569 3177 1638 μεθ’
3209 1570 3418 1639 ἡμέραν
3461 1567 3914 1639 ἀσχοληθήσεται·
3956 1564 4051 1617 καὶ

2494 1661 2591 1725 τὰς
2633 1663 2818 1732 χεῖρας
2854 1659 2913 1735 δέ
2958 1658 3049 1711 τοῦ
3093 1657 3338 1727 σώματός
3367 1674 3491 1727 μου.
3516 1658 3611 1720 τάς
3638 1674 3695 1716 τε
3727 1655 3814 1709 διὰ
3848 1654 4052 1708 τούτων

2495 1738 3183 1822 ἐπιτελουμέναζπράξεις,
3207 1752 3263 1802 ἐν
3302 1748 3377 1818 τῷ
3406 1749 3625 1829 ὀνόματί
3659 1765 3750 1800 σου
3790 1747 3906 1817 ἀρῶ
3955 1763 4051 1817 με-

2497 1842 2771 1913 τεωρίζων
2799 1844 2876 1905 είς
2902 1842 3050 1911 ὕψος,
3080 1842 3171 1894 καὶ
3219 1842 3301 1893 σοὶ
3340 1839 3582 1909 καθαρὰς
3613 1840 3789 1910 πάσης
3826 1837 4054 1908 παρανό-

2504 1952 2602 2003 μου
2639 1932 2887 2001 πράξεως
2929 1933 3231 1996 ἐπιδεικνὺς
3282 1930 3447 1994 αὐτὰς
3479 1930 3619 1983 κατά
3657 1931 3746 1982 τὸν
3792 1932 4069 1999 φήσαντα·-

2503 2042 2520 2073 ι
2540 2024 2804 2093 Βούλομαι
2833 2023 2957 2085 τούς
2972 2020 3584 2092 ἀνδραςπροσεύχεσθαι
3612 2021 3926 2091 ἐπαίροντας
3946 2020 4057 2072 ὁσί-

2498 2130 2586 2175 ους
2614 2115 2796 2181 χεῖρας
2822 2110 2985 2181 χωρὶς
3018 2110 3181 2179 όργῆς
3200 2110 3292 2162 καὶ
3319 2107 3693 2179 διαλογισμῶν.
3734 2130 3753 2161 ›
3790 2110 3973 2172 Οὕτως
4003 2108 4059 2161 δὲ

2500 2203 2568 2255 τά
2585 2204 2734 2271 χείλη
2767 2219 2864 2272 μου
2890 2201 2983 2253 καὶ
3012 2202 3067 2252 αἱ
3086 2202 3262 2269 χεῖρες
3303 2199 3747 2269 ἀφορισθήσονταί
3768 2217 3870 2257 σοι.
3900 2201 3974 2263 ὡς
3994 2200 4062 2257 τὰ

2504 2293 2602 2363 μὲν
2642 2292 2791 2362 χείλη
2833 2290 3171 2361 θυμιάματος
3198 2289 3425 2353 εὐώδους
3451 2290 3511 2341 τὺ
3539 2290 3706 2359 μηθὲν
3756 2292 4067 2363 διαφέρειν,

2501 2383 2595 2445 τὰς
2622 2382 2679 2434 δὲ
2711 2385 2900 2453 χεῖρας
2930 2381 3119 2443 θυσίας
3163 2379 3415 2450 ἐνεργοῦς
3450 2381 3543 2432 καὶ
3569 2380 3824 2449 ἀληθινῆς
3857 2380 3931 2449 μὴ
3958 2380 4065 2432 λεί-

2504 2475 2730 2529 πεσθαν
2783 2473 2858 2537 ὡς
2895 2474 3066 2525 εἰπεῖν
3121 2489 3186 2541 με
3240 2472 3510 2541 εὐκαίρως
3542 2470 3669 2541 περὶ
3704 2471 3800 2539 μὲν
3824 2469 3932 2522 τῶν
3962 2486 4067 2539 χει-

2502 2567 2641 2619 λέων
2672 2582 2777 2635 μου
2804 2563 2884 2630 τὸ,
2916 2583 2935 2612 ι
2973 2563 3313 2633 Γενηθήτωή
3347 2564 3616 2633 προσευχή
3663 2578 3763 2631 μου
3798 2560 3872 2623 ὡς
3904 2559 4064 2631 θυμί-

2505 2676 2619 2729 αμα
2662 2656 2889 2709 ἐνώπιόν
2947 2673 3071 2708 σου·
3132 2674 3151 2706 ι
3184 2657 3309 2725 περὶ
3349 2655 3403 2707 δὲ
3431 2654 3538 2708 τῶν
3582 2652 3826 2724 πράξεών
3856 2670 3956 2723 μου
3983 2655 4066 2713 τὸ.

2510 2766 2530 2797 ι
2564 2748 2831 2817 Ἔπαρσις
2868 2744 2977 2797 τῶν
3010 2744 3205 2814 χειρῶν
3240 2761 3340 2815 μου
3379 2743 3536 2797 θυσία
3566 2744 3840 2814 ἐσπερινή.
3906 2762 3927 2795 ι
3959 2744 4069 2812 Καὶ

2508 2838 2541 2904 ή
2578 2836 2674 2906 μὲν
2706 2836 2843 2907 σὰρξ
2884 2838 2977 2890 καὶ
3016 2837 3073 2888 τὸ
3108 2839 3263 2907 σῶμα
3296 2837 3468 2900 οὕτως
3490 2836 3875 2904 ἀνατεθήσεται
3902 2837 3967 2906 τῇ
3999 2838 4067 2905 σῇ

2508 2924 2830 2995 λειτουργίᾳο
2847 2928 2879 2996 ή
2897 2926 2951 2979 δὲ
2974 2926 3118 2996 ψυχή
3143 2944 3243 2997 μου
3274 2928 3510 2989 πλείονος
3534 2926 3742 2996 μεθέξει
3761 2926 4068 2997 δυνάμεως·

2509 3014 2588 3068 διὸ
2619 3017 2708 3068 καὶ
2738 3017 2864 3087 περὶ
2912 3018 3077 3087 αὐτῆς
3108 3035 3279 3089 φημι·
3334 3037 3351 3066 ι
3398 3017 3539 3075 Ὠσεὶ
3581 3017 3798 3080 στέατος
3829 3017 3923 3070 καὶ
3951 3015 4068 3068 πιό-

2512 3124 2671 3177 τητος
2713 3107 3047 3178 ἐμπλησθείη
3078 3110 3110 3178 ἡ
3136 3108 3277 3176 ψυχή
3314 3126 3433 3177 μου.
3470 3128 3489 3159 ι
3522 3108 3713 3165 Οὐκέτι
3740 3107 3851 3178 γὰρ
3873 3106 4074 3178 ὁμοίως

2511 3200 2588 3269 τῷ
2617 3200 2825 3270 σώματι
2859 3202 2952 3254 καὶ
3003 3203 3035 3270 ή
3069 3200 3217 3271 ψυχή
3256 3200 3487 3269 χείλεσιν
3532 3199 3652 3252 οὐδέ
3702 3200 3912 3269 χερσὶν,
3952 3195 4071 3249 οὐδέ

2512 3291 2653 3343 κατά
2679 3308 2730 3343 τι
2766 3291 2929 3371 μέρος
2955 3290 2987 3359 ἦ
3023 3291 3181 3361 μέλος
3209 3293 3413 3362 ἕτερον,
3443 3290 3538 3359 ὅλη
3565 3288 3619 3342 δὲ
3647 3288 3781 3358 αὕτη
3810 3286 3930 3342 καθ’
3950 3288 4074 3341 ἐαυ-

2509 3383 2606 3455 τήν
2659 3384 2799 3454 ὑπὲρ
2838 3385 3014 3436 πᾶσαν
3059 3383 3344 3437 όλόκαυτον
3406 3381 3617 3445 θυσίαν,
3654 3380 3749 3432 καὶ
3797 3378 3933 3449 ὑπὲρ
3968 3380 4078 3432 πᾶν

2514 3476 2649 3540 ζῶον
2689 3476 2953 3547 εὐτραφὲς
2989 3476 3237 3545 πιότητος
3267 3476 3367 3530 καὶ
3416 3474 3634 3535 στέατος
3665 3472 3852 3541 γέμον.
3878 3469 3959 3523 σοὶ
3997 3468 4077 3537 τῷ
4138 3532 4145 3551 ι

2514 3567 2631 3636 Θεῷ
2650 3566 3155 3638 προσενεχθήσεται,
3178 3568 3375 3637 μόσχου
3404 3566 3497 3619 καὶ
3522 3562 3860 3634 ταύ’ρου,,καὶ
3881 3560 4076 3622 παντὸς

2517 3656 2709 3725 ἀλόγου
2738 3654 2874 3719 ξώου
2902 3654 3203 3725 τιμιωτέρα
3253 3654 3403 3724 παρά
3454 3654 3537 3706 σοὶ
3585 3650 3956 3721 λελογισμένη.
3988 3649 4085 3701 Διὸ

2518 3747 2611 3798 καὶ
2652 3746 2852 3816 ταύτην
2888 3762 2970 3798 σοι
3003 3744 3259 3813 πιοτάτην
3292 3745 3385 3796 καί
3438 3759 3522 3795 σοι
3562 3741 3833 3813 προσφιλῆ
3867 3742 4082 3803 θυσίαν,

2520 3833 2662 3901 λέγω
2684 3834 2742 3887 δὲ
2779 3834 2878 3904 τήν
2909 3832 3146 3905 ἐμαυτοῦ
3178 3833 3374 3903 ψυχὴν,
3406 3832 3675 3903 ἀναθήσω.
3717 3830 3837 3885 Ἐπὶ
3873 3830 4079 3892 τούτοις

2521 3940 2582 3976 τε
2616 3925 2844 3998 χάριτας
2873 3924 3146 3996 ὁμολογῶν
3170 3926 3275 3995 ὅλῳ
3299 3924 3372 3996 τῷ
3400 3924 3623 3995 στόματι
3650 3924 3741 3977 καὶ
3762 3923 3942 3986 αὐτοῖς
3965 3940 4021 3993 χε
4031 3922 4076 3973 ίο

872 4011 987 4063 λεσι
1019 4013 1191 4086 χαρᾶς
1221 4012 1665 4084 πεπληρωμένοις
1689 4014 1979 4085 ἀνυμνήσω
2012 4029 2107 4065 σε’
2138 4014 2218 4067 διό
2247 4030 2421 4084 φημι·
2464 4033 2483 4066 ι
2522 4016 2631 4069 Καὶ
2656 4016 2807 4087 χείλη
2846 4016 3212 4085 ἀγαλλιάσεως
3236 4018 3437 4071 αἰνέσει
3493 4016 3554 4070 τὸ
3584 4015 3757 4085 στόμα
3786 4032 3887 4085 μου
3926 4030 3942 4047 ο
3992 4036 4011 4065 ι
4044 4016 4084 4077 ἢ·

874 4105 1014 4159 κατά
1058 4106 1148 4158 τὸν
1200 4104 1514 4195 Σύμμαχον·
1552 4126 1570 4158 ι
1623 4108 1732 4163 Καὶ
1772 4106 1859 4162 διὰ
1903 4106 2121 4176 χειλέων
2170 4107 2426 4179 εὐφήμων
2465 4109 2694 4191 ὑμνήσει
2722 4110 2987 4180 τδηστόμα
3014 4127 3134 4181 μου.
3167 4130 3186 4163 ι

848 4266 849 4269 η
944 4217 1110 4273 Vsus.
1167 4218 1277 4273 7—9.
1316 4237 1335 4270 ι
1374 4216 1430 4272 Si
1477 4234 1683 4275 memor
1734 4220 1810 4275 fui
1856 4216 1934 4275 tui
1974 4237 2136 4292 super
2194 4230 2421 4277 stratum

877 4326 1080 4373 meum,
1110 4311 1165 4365 in
1206 4312 1501 4368 'matulinis
1547 4313 1848 4370 meditabar
1893 4314 1948 4369 in
1993 4322 2069 4379 te,
2092 4314 2220 4384 quia
2269 4313 2421 4367 fuisti
2462 4354 2465 4359 ρ

877 4397 1092 4465 adiutor
1130 4413 1303 4452 meus.
1340 4398 1403 4453 Et
1433 4399 1487 4453 in
1519 4400 2058 4457 velamentoalarum
2084 4411 2298 4457 tuarum
2331 4417 2425 4456 ειν

2595 4239 2615 4272 ι
2640 4188 3099 4296 Ἐίὲιινημόνευόν
3146 4238 3240 4274 σου
3284 4219 3375 4272 ἐπὶ
3415 4235 3514 4288 της
3547 4219 3829 4288 στρωμνῆς
3865 4183 3986 4286 μου,
4023 4218 4086 4267 ἐν

2522 4314 2633 4375 τοῖς
2674 4312 2889 4384 δρθροις
2924 4311 3196 4383 ἐμελέτων
3227 4309 3306 4369 είς
3358 4305 3438 4369 σὲ,
3464 4308 3546 4360 ὅτι
3590 4305 3853 4375 ἐγενήθης
3893 4303 4082 4375 βοηθός

2527 4419 2647 4472 μου.
2680 4402 2791 4455 Καὶ
2833 4404 2892 4455 ἐν
2936 4404 3001 4471 τῇ
3053 4399 3231 4469 σκέπῃ
3261 4396 3367 4449 τῶν
3392 4395 3671 4467 πτερύγων
3701 4410 3793 4447 σου
3830 4391 4085 4460 ἀγαλλιά-

878 4486 1116 4552 sultabo,
1137 4485 1378 4541 adhaesit
1411 4488 1591 4543 anima
1638 4502 1753 4542 mea
1799 4498 1922 4557 post
1946 4498 2019 4557 te,
2065 4506 2152 4547 me
2184 4491 2425 4560 suscepit
2456 4518 2499 4574 υ
2530 4508 2616 4561 cap

2348 4491 2425 4560 pit
2456 4518 2499 4574 υ
2530 4508 2707 4561 σομαι,
2737 4491 2998 4561 ἐκολλήθη
3039 4491 3072 4559 ή
3108 4487 3252 4558 ψυχή
3285 4505 3385 4558 μου
3416 4487 3589 4541 ὀπίσω
3620 4501 3735 4547 σου,
3762 4481 3893 4554 ἐμοῦ
4001 4483 4086 4574 ἀν-

880 4576 1096 4629 dextera
1137 4572 1261 4651 tua.
1290 4595 1308 4627 ι
1345 4576 1480 4631 Cum
1521 4576 1577 4631 in
1630 4578 1846 4633 deserto
1884 4578 2081 4633 ludam
2123 4585 2427 4635 versaer

881 4663 1212 4721 admirabilis
1250 4668 1340 4723 ille
1370 4668 1555 4731 David,
1592 4684 1699 4722 non
1733 4669 1987 4722 animalia
2027 4670 2427 4726 immolatarum

882 4770 960 4818 se,
990 4771 1164 4824 neque
1186 4757 1468 4812 brutorum
1501 4774 1780 4828 pecorum,
1825 4760 1919 4814 sed
1962 4770 2293 4819 memoratas
2335 4776 2429 4815 su-

883 4842 1065 4911 perius
1090 4843 1400 4903 verborum.
1431 4859 1653 4913 operum
1682 4856 1736 4902 et
1765 4847 1935 4916 ipsius
1967 4849 2161 4902 allium
2196 4844 2427 4913 hostias,

884 4934 1182 4999 pollicetur.
1220 4933 1335 4986 Sub
1366 4933 1479 4987 haec
1514 4943 1691 4988 autem
1722 4952 1828 5005 qua
1856 4938 2238 5007 temperantia,
2266 4951 2428 5008 quam

885 5025 1115 5090 perfecta
1165 5026 1410 5080 castitate
1462 5026 1715 5094 pmditus
1758 5035 1942 5091 esset,
1997 5028 2106 5084 Deo
2145 5027 2429 5084 declarat:

884 5130 1049 5183 quare
1078 5118 1185 5168 ait:
1214 5134 1232 5166 ι
1261 5114 1316 5167 Si
1346 5132 1550 5169 memor
1578 5114 1653 5186 fui
1676 5119 1754 5171 tui
1789 5133 1952 5186 super
1980 5124 2209 5172 stratum
2231 5132 2431 5181 meum,

886 5206 939 5255 in
1006 5206 1288 5259 matutinis
1344 5183 1645 5263 meditabar
1692 5207 1747 5260 in
1798 5183 1881 5272 te;
1920 5226 1938 5257 ι
1977 5207 2092 5262 sive
2134 5206 2434 5266 secundum

888 5291 1307 5370 Symmachum,
1367 5312 1384 5345 ι
1437 5294 1773 5352 Recordatus
1842 5297 1919 5350 tui
1973 5312 2135 5365 super
2204 5304 2432 5357 stratum

889 5397 1086 5445 meum,
1124 5396 1216 5449 per
1245 5385 1483 5453 singulas
1510 5385 1788 5441 custodias
1826 5385 2124 5441 meditabar
2160 5389 2235 5445 te.
2273 5406 2293 5440 ι
2323 5386 2430 5442 Ne-

889 5486 993 5539 que
1016 5460 1158 5524 enim
1197 5471 1303 5525 alio
1336 5473 1494 5527 modo
1520 5480 1779 5543 poteram,
1806 5475 2018 5545 inquit,
2045 5476 2110 5530 ad
2144 5484 2197 5531 te
2222 5475 2289 5531 de
2314 5476 2434 5535 lucc

892 5561 1135 5630 vigilare,
1165 5576 1336 5629 neque
1359 5563 1627 5631 precando
1647 5564 1849 5629 dicere,
1880 5584 1899 5616 ι
1931 5564 2073 5621 Deus
2097 5567 2237 5621 Deus
2262 5582 2432 5630 meus,

896 5652 960 5707 ad
990 5662 1041 5707 te
1073 5652 1139 5705 de
1168 5652 1284 5708 luce
1310 5654 1488 5725 vigilo,
1530 5675 1549 5708 ›
1577 5656 1680 5707 nisi
1719 5671 1921 5723 nurum,
1957 5665 2184 5713 stratum
2214 5657 2428 5714 habuis-

964 5801 1009 5833 "'
1039 5802 1066 5858 ι
1101 5800 1239 5855 Tim.
1272 5819 1331 5869 ιι,
1367 5800 1402 5857 8
1494 5804 1536 5835 ⁸⁷
1579 5802 1719 5862 Psal.
1755 5820 1887 5872 CIL,
1924 5806 1975 5860 Ξ.
2057 5807 2099 5839 ⁸⁸
2140 5808 2247 5863 ibid

2528 4579 2781 4633 τελάδετο
2825 4580 2858 4648 ή
2900 4578 3048 4644 δεξιά
3089 4596 3201 4633 σου.
3243 4581 3327 4632 Ἑν
3352 4580 3419 4649 τῇ
3451 4576 3639 4645 ἐρήμῳ
3679 4571 3778 4640 τῆς
3830 4569 4085 4632 Ἰουδαίας

2528 4668 2815 4739 διατρίϐων
2838 4670 2867 4721 ό
2892 4666 3187 4739 θαυμάσιος
3219 4660 3398 4731 Δαυῒδς
3424 4666 3482 4719 οὐ
3512 4662 3629 4728 ζῶα
3650 4661 3795 4713 θύειν
3821 4659 4086 4727 ἐπαγγέλ-

2529 4759 2696 4821 λεται,
2719 4757 2839 4811 οὐδὲ
2867 4756 2965 4821 τάς
2984 4758 3043 4825 ἐξ
3074 4759 3281 4828 ἀλόγων
3314 4755 3640 4828 θρεμμάτων
3667 4752 3872 4815 θυσίας,
3900 4751 3999 4816 τὰς
4025 4752 4086 4805 δέ

2531 4846 2911 4920 προλεχθείσας
2959 4850 3045 4903 διὰ
3088 4850 3261 4918 λόγων
3308 4846 3402 4900 καὶ
3458 4843 3728 4915 πράξεων,
3761 4846 3853 4896 καὶ
3906 4842 4087 4914 ψυχῆς

2534 4940 2719 5010 αὐτῆς.
2758 4937 2866 4993 Εἶτ’
2890 4941 2983 4993 ἐπὶ
3007 4940 3215 5001 τούτοις
3240 4937 3317 5007 τῷ
3340 4935 3460 5006 Θεῷ
3486 4934 3751 4988 δείκνυσιν
3785 4935 3929 4995 ὅπως
3960 4932 4086 4986 ἀνέ-

2536 5044 2683 5082 κειτο
2732 5028 3052 5100 σωφροσύνῃ
3089 5028 3183 5080 καὶ
3229 5022 3481 5077 παντελεῖ
3522 5010 3735 5090 ἀγνὲίᾳι
3771 5021 3851 5095 διό
3888 5033 4084 5091 φησιν·

2542 5134 2560 5166 ι
2605 5117 2668 5177 El.
2710 5118 3072 5189 ἐμνημόνευόν
3107 5133 3200 5169 σου
3248 5117 3342 5168 ἐπὶ
3386 5114 3484 5183 τῆς
3534 5114 3816 5183 στρωμνῆς
3879 5128 4001 5181 μου,
4031 5113 4088 5162 έν

2536 5211 2646 5271 τοῖς
2671 5209 2882 5280 όρθροις
2905 5208 3168 5280 ἐμελέτων
3190 5210 3269 5272 είς
3289 5207 3368 5261 σέ·
3391 5226 3409 5258 ι
3436 5208 3469 5277 ἢ
3498 5205 3637 5260 κατὰ
3654 5205 3743 5258 τὸν
3767 5203 4085 5276 Σύμμαχον

2541 5318 2559 5349 ι
2608 5301 3167 5371 ’Δναμιμνησκόμενός
3200 5319 3291 5354 σου
3332 5299 3421 5351 ἐπὶ
3461 5297 3557 5366 τῆς
3616 5296 3909 5366 στρωμνῆς
3958 5306 4087 5360 μου.

2536 5389 2653 5442 καθ’
2689 5390 2921 5461 ἑκάστην
2942 5392 3177 5462 φυλακὴν
3207 5390 3471 5459 ἐμελέτων
3499 5405 3575 5439 σε.
3606 5405 3624 5437 ι
3650 5386 3725 5437 Οὐ
3754 5382 3865 5453 γὰρ
3893 5378 4085 5439 ἄλλως,

2537 5482 2720 5550 φησιν,
2758 5473 2870 5544 οἷός
2908 5498 2967 5535 τε
3006 5485 3150 5553 ήμην
3178 5484 3311 5554 πρὸς
3363 5484 3420 5533 σὲ
3456 5476 3744 5550 ὀρθρίζειν,
3769 5472 3888 5525 οὐδὲ
3913 5469 4086 5536 λέγειν

2537 5572 2820 5643 εὐχόμενος
2834 5574 2851 5629 ξ
2884 5591 2900 5623 ι
2934 5575 2991 5625 ’0
3020 5575 3149 5638 Θεὸς
3173 5578 3201 5627 ό
3227 5576 3356 5635 Θεός
3394 5589 3515 5641 μου,
3539 5568 3672 5636 πρὸς
3696 5564 3754 5616 σὲ
3780 5559 4032 5633 ὀρθρίζω.
4065 5580 4082 5611 ι

2539 5664 2584 5714 εἰ
2620 5664 2692 5733 μὴ
2726 5654 2965 5737 καθαρὰν
3004 5665 3310 5739 ἐκεκτήμην
3365 5662 3459 5731 τὴν
3513 5656 3827 5727 στρωμνήν.
3868 5650 4085 5720 Ὲγινώ-
