4402 6396
398 513 503 570 ῦθθ

1543 492 2037 552 εωιλιΕΝτΑιιιΛ
2079 485 2513 552 INJ’SALMOS.

3501 489 3603 546 διο

402 645 560 681 σκετο
613 627 670 679 δέ
721 641 820 694 μου
870 624 903 692 ἡ
955 620 1259 690 καθαρότης
1299 620 1395 681 οὐκ
1427 615 1701 685 ἄλλοθενῆ
1731 615 1839 666 ἀπὸ
1861 612 1952 664 τοῦ
1985 619 2140 673 Αἐοη

1869 612 1952 664 τοῦ
1985 619 2190 673 Αἐοπι.
2222 607 2456 677 Mezeque
2487 605 2738 676 puritatis
2769 619 2878 661 non
2911 604 3056 660 aliud
3089 603 3276 659 aderat
3318 619 3607 676 argumen-

405 718 543 773 κατά
568 715 657 770 τδν
687 699 880 786 ὄρθρον
910 713 976 765 τὰ
1004 711 1072 764 σὰ
1106 711 1329 781 μελετᾷν
1355 709 1525 776 λόγια.
1557 706 1724 775 Δῆλον
1752 705 1860 775 γάρ
1889 699 1956 773 ἦν

405 812 470 863 ἐκ
499 807 685 861 τούτου
717 804 837 876 μηδ’
864 803 990 857 ἄλλο
1020 820 1071 856 τι
1101 803 1353 873 πράττειν
1386 817 1451 870 με
1479 799 1577 862 τὰς
1597 797 1813 860 νύκτας,
1842 795 1875 864 ἦ
1901 795 1958 846 σὲ

404 899 494 952 τὸν
518 898 647 962 Θερν
679 897 784 968 πρὸ
820 894 1105 965 ὀφθαλμῶν
1128 894 1302 963 ἔχειν.
1338 890 1491 944 Κατά
1523 888 1578 942 δὲ
1615 889 1705 941 τὸν
1739 887 1960 956 Σύμμα-

408 1007 498 1060 χον
529 986 770 1055 λέγοντα,
799 1004 817 1035 ι
844 984 961 1038 καθ’
991 983 1221 1052 ἑκάστην
1253 981 1494 1056 φυλακὴν
1517 976 1782 1047 ἐμελέτων
1821 991 1897 1036 σε,
1937 993 1955 1025 ι

409 1079 501 1131 καὶ
530 1076 670 1130 κατά
687 1075 778 1128 τὸν
812 1073 1041 1126 Ἀκύλαν
1073 1073 1336 1142 φήσαντα,
1366 1088 1385 1118 ι
1421 1071 1478 1121 ἐν
1511 1067 1775 1136 φυλακαῖς
1800 1063 1963 1132 φθέγ-

408 1162 650 1234 γομαιὲν
684 1163 786 1224 σοὶ,
830 1181 849 1213 ι
885 1161 1074 1230 δηλοῦν
1127 1159 1267 1217 ἔοικε
1311 1157 1409 1220 τὰς
1452 1155 1774 1225 νυκτερινὰς
1816 1153 1963 1224 ὥρας

409 1250 692 1305 ἀσκεῖσθαι
719 1253 839 1312 ταῖς
878 1249 986 1302 τῶν
1028 1247 1184 1300 θείων
1224 1248 1260 1298 Γ
1267 1245 1448 1318 ραφῶν
1482 1244 1748 1314 μελέταις.
1773 1242 1965 1312 Διῄρη-

409 1360 499 1394 ται
552 1342 649 1412 μὲν
679 1340 788 1412 γὰρ
830 1335 867 1393 δ’
898 1342 1004 1402 πᾶς
1047 1340 1145 1408 τῆς
1188 1339 1379 1401 νυκτὸς
1405 1337 1589 1408 χρόνος
1618 1338 1696 1398 εἰς
1725 1334 1967 1403 φυλακὰς

412 1433 692 1503 διαφόρους
709 1449 723 1462 ⁸
753 1430 892 1483 οὕτω
915 1430 1041 1498 γοῦν
1075 1430 1285 1500 εἴρηται
1304 1431 1360 1480 ὲν
1385 1429 1716 1496 εὐαγγελίοις
1739 1427 1968 1496 τετάρτῃ

2063 710 2197 764 tum,
2229 715 2389 768 quam
2430 699 2573 769 quod
2625 687 2865 756 diluculo
2905 699 3117 768 eloquia
3169 696 3464 753 meditarer
3495 709 3606 752 tua.

2064 791 2198 844 llinc
2223 789 2367 843 enim
2394 788 2566 857 palam
2600 794 2740 850 erat,
2770 801 2857 841 me
2885 787 3030 841 aliud
3061 787 3195 840 nihil
3230 793 3394 840 noctu
3426 802 3608 857 agerc,

2064 897 2224 951 quam
2255 890 2308 935 te
2341 879 2504 934 Deum
2536 894 2645 948 pra:
2676 880 2849 934 oculis
2882 878 3102 932 habere.
3123 878 3429 932 Secundum
3454 878 3613 947 Sym-

2065 973 2316 1026 machum
2359 979 2560 1036 autem,
2592 969 2684 1039 qui
2721 972 2802 1026 sic
2834 971 3027 1034 habet,
3061 987 3078 1019 ι
3119 985 3214 1039 per
3242 971 3483 1039 singulas
3513 985 3609 1022 cu-

2067 1063 2272 1137 stodias
2315 1060 2612 1115 meditabar
2636 1067 2711 1120 te,
2753 1079 2772 1112 ι
2822 1068 2877 1115 οι
2903 1060 3200 1114 secundum
3245 1059 3492 1130 Aquilam
3531 1059 3614 1111 di-

2069 1163 2304 1216 centem,
2340 1173 2357 1204 ι
2399 1155 2455 1207 in
2512 1152 2773 1217 custodiis
2835 1150 3028 1220 loquor
3072 1152 3124 1205 in
3179 1158 3259 1214 te,
3300 1171 3318 1203 ι
3376 1150 3612 1204 indicare

2067 1243 2352 1298 videbatur
2381 1259 2440 1298 se
2469 1244 2757 1297 nocturnis
2788 1242 2939 1296 horis
2961 1242 3267 1294 divinarum
3307 1238 3604 1310 Scriptura-

2069 1349 2188 1388 rum
2256 1332 2593 1387 meditationi
2635 1348 2860 1388 .vacarc.
2909 1331 3098 1387 Noctis
3150 1331 3347 1401 quippe
3398 1338 3615 1411 tempus

2069 1433 2241 1478 totum
2271 1425 2345 1484 ,in
2382 1425 2559 1479 varias
2593 1420 2872 1479 custodias
2906 1424 3255 1480 distributum
3285 1431 3407 1478 est:
3441 1423 3518 1476 sic
3563 1423 3617 1475 in

417 1525 626 1594 φυλακῇ
671 1522 939 1593 ἐληλυθὼς
963 1525 990 1574 ὁ
1024 1521 1210 1590 Σωτὴρ
1243 1521 1376 1590 πρὸς
1412 1520 1544 1580 τοὺς
1574 1517 1834 1588 μαθητάς.
1861 1517 1969 1567 Καὶ
2072 1515 2155 1569 Ev:

1884 1517 1969 1567 {at
2072 1515 2359 1584 Evangelio
2390 1513 2640 1568 Salvator
2669 1522 2866 1584 quarta
2894 1516 3070 1569 noctis
3093 1514 3336 1569 custodia
3371 1513 3435 1567 ad
3464 1513 3622 1567 disci-

416 1614 644 1685 ἀλλαχοῦ
677 1615 733 1666 δὲ
762 1614 920 1675 αὑτός
947 1629 1110 1683 φησι·
1150 1632 1167 1660 ι
1207 1612 1547 1681 Γρηγορεῖτε,
1565 1610 1645 1660 ὅτι
1671 1609 1768 1660 οὐκ
1795 1606 1969 1658 οἴδατε
2075 1607 2154 1675 pul

1880 1623 1969 1658 ατε
2075 1607 2230 1675 pulos
2264 1607 2477 1660 venisse
2514 1606 2731 1659 dicitur.
2778 1604 2922 1658 Alibi
2961 1619 3089 1658 vero
3118 1604 3235 1673 ipse
3255 1605 3387 1658 dicit
3423 1622 3436 1656 :
3473 1623 3491 1653 ι
3526 1601 3618 1658 Vi-

418 1711 545 1780 ρποίᾳ
589 1708 796 1778 φυλακῇ
825 1709 852 1759 ὁ
886 1706 1088 1776 Κύριος
1139 1703 1291 1774 ὑμῶν
1333 1703 1546 1773 ἔρχεται
1570 1718 1582 1729 ·
1615 1719 1633 1751 ι
1667 1700 1759 1753 καὶ
1789 1699 1965 1752 πάλιν·
2073 1699 2156 1768 gil:

1885 1717 1965 1750 .w-
2073 1699 2256 1780 gilate.
2292 1699 2418 1767 quia
2445 1696 2663 1751 nescitis
2705 1711 2810 1765 qua
2847 1695 3092 1749 custodia
3137 1693 3397 1748 Dominus
3444 1701 3623 1749 vester

425 1821 443 1852 ι
467 1801 668 1854 Ἐκεῖνο
696 1799 750 1850 δὲ
778 1796 1093 1866 γινώσκετε,
1127 1797 1226 1856 ὅτι,
1253 1795 1302 1846 εἱ
1345 1793 1458 1863 ᾔδει
1508 1793 1537 1842 ὀ
1593 1790 1973 1859 οἰκοδεσπότης
2076 1805 2163 1842 ver

1883 1807 1973 1859 της
2076 1771 2255 1842 veniet
2273 1789 2349 1854 “9;
2380 1807 2397 1838 ι
2455 1803 2517 1842 ac
2569 1802 2839 1860 rursum:
2881 1805 2899 1836 ι
2939 1784 3076 1837 l-l'lud
3143 1791 3326 1860 autem
3385 1784 3578 1838 scitote
3606 1825 3621 1848 ,

421 1855 839 1962 noiq‘qulaxﬁ'é
879 1855 1115 1956 κλέπτης
1142 1855 1377 1955 ἔρχεταί
1409 1903 1428 1934 ι
1466 1883 1522 1935 Ὀ
1557 1882 1613 1934 δέ
1639 1899 1701 1950 γε
1728 1855 1973 1951 θεοφιλής
2077 1879 2159 1946 qui

1885 1855 1973 1951 λής
2077 1879 2204 1946 quia
2235 1880 2280 1931 si
2317 1877 2480 1932 sciret
2524 1855 2911 1947 paterfamilias
2940 1889 3042 1944 qua
3065 1855 3334 1927 custodia"
3360 1873 3448 1926 fur
3496 1889 3623 1927 vcn-

422 1985 515 2038 καὶ
542 1983 619 2053 τῷ
637 1980 755 2051 Θεῷ
787 1979 1168 2047 ἀνακείμενος,
1196 1974 1738 2049 ἀναμι-μνησκόμενος
1769 1973 1858 2024 ἐπὶ
1885 1972 1982 2040 τῆς
2013 1968 2054 2022 Β
2081 1978 2160 2023 tut

1885 1972 1982 2040 τῆς
2013 1968 2054 2022 Β
2081 1978 2236 2023 turus
2275 1969 2501 2023 esset".
2545 1987 2563 2019 ι
2604 1966 2699 2020 Vir
2742 1981 2907 2036 porro
2956 1967 3046 2020 ille
3093 1961 3388 2035 religiosus
3420 1971 3473 2018 ct
3517 1962 3623 2020 Deo

423 2074 616 2131 ἑαυτοῦ
658 2071 946 2144 στρωμνῆς
996 2068 1089 2122 τοῦ
1122 2066 1276 2131 Θεοῦ,
1311 2066 1534 2120 ἄσπιλόν
1574 2082 1633 2116 τε
1675 2064 1839 2133 αὐτὴν
1889 2065 1981 2117 καὶ

424 2167 612 2249 ἁγνὴν,
647 2167 738 2220 καὶ
761 2165 1019 2234 ἀμίαντον
1059 2161 1357 2231 φυλάττων,
1393 2157 1513 2211 καθ’
1554 2157 1785 2226 ἑκάστην
1820 2156 1983 2224 φυλα-

422 2261 525 2330 κήν
568 2259 667 2328 τῆς
697 2256 888 2318 νυκτὸς
931 2253 1317 2322 ἀνιστάμενος,
1353 2252 1539 2319 εὐχαῖς
1585 2252 1856 2320 προσεῖχε,
1894 2251 1984 2300 καὶ

423 2355 535 2414 τοῖς
554 2350 716 2412 θείοις
750 2348 1026 2417 ὲνησκεῖτο
1055 2343 1366 2415 μαθήμασιν
1385 2358 1398 2370 °
1428 2341 1455 2393 ὃ
1479 2341 1541 2410 δὴ
1570 2340 1828 2392 διδάσκων
1848 2340 1985 2392 κατά

425 2445 514 2497 τὸν
569 2441 858 2510 Σύμμαχον
916 2435 1129 2503 ἔλεγεν·
1187 2450 1204 2482 ι
1270 2428 1836 2500 ’Λναμιμνησκόμενός
1894 2439 2014 2480 σου¹

426 2533 518 2587 ἐπὶ
568 2532 667 2601 τῆς
733 2527 1016 2599 στρωμνῆς
1072 2541 1193 2595 μου,
1273 2521 1393 2575 καθ’
1454 2520 1687 2587 ἑκάστην
1745 2517 1984 2586 φυλακὴν

426 2624 715 2696 ἐμελέτων.
749 2641 768 2672 ι
796 2621 889 2681 Εἰς
908 2616 1094 2690 σὲεγάρ
1125 2614 1284 2668 αὐτὸν
1313 2612 1582 2683 ἐμελέτων
1609 2611 1696 2662 τὸν
1722 2609 1852 2661 Θεὸν
1869 2609 1987 2660 ἀντὶ

430 2715 611 2784 πάσης
657 2710 838 2782 βίϐλου
886 2707 976 2760 καὶ
1022 2705 1255 2778 γραφῆς,
1290 2703 1400 2758 ἀνω
1465 2701 1597 2773 πρὸς
1651 2701 1708 2753 σὲ
1751 2699 1840 2751 τὸν
1867 2698 1988 2751 νοῦν

429 2803 737 2875 τεταμένος,
773 2798 1006 2871 μελετῶν
1043 2813 1102 2848 τε
1132 2796 1224 2848 καὶ
1268 2787 1812 2864 ἀναμιμνησκόμενος
1851 2791 1987 2843 ὅσων

431 2895 665 2968 ὴξιὼθην
695 2893 796 2946 ὑπὸ
835 2890 927 2944 σοῦ
977 2885 1322 2960 εὐεργεσιῶν,
1363 2885 1457 2938 καὶ
1503 2884 1578 2946 ὡς
1633 2881 1867 2951 γέγονάς¹
1890 2897 1989 2951 μου

432 2988 658 3042 πάντοτε
684 2985 892 3056 βοηθὸς,
929 2982 1022 3036 καὶ
1047 2981 1112 3033 ὲκ
1137 2978 1342 3049 μυρίων
1371 2993 1439 3047 με
1468 2974 1784 3045 πειρασμῶν
1811 2972 1994 3025 διέσω-

437 3096 552 3143 σας,
587 3079 679 3132 καὶ
711 3078 785 3140 ὠς
817 3074 1097 3135 ὲκσπάσας
1144 3087 1209 3142 με
1253 3071 1373 3131 ταῖς
1406 3065 1600 3120 σαυτοῦ
1632 3064 1875 3137 πτέρυξι,
1901 3064 1995 3134 δη-

431 3170 564 3239 λαδή
585 3149 703 3232 ταῖς
720 3167 973 3237 δυνάμεσι
998 3163 1095 3233 τῆς
1140 3159 1336 3214 σαυτοῦ
1369 3158 1648 3229 προνοίας·
1680 3156 1833 3209 ἆτινα
1869 3155 1996 3208 ἀνα-

436 3258 850 3349 πεμπαςάμενος
901 3257 968 3350 τῇ
1009 3253 1232 3350 sm
1265 3249 1485 3350 .xews.
1537 3245 1906 3350 έπληροθξιηνν
1960 3243 2064 3350 ἦα

429 3353 644 3422 ἀνηυφή
654 3347 785 3420 μουν
814 3365 872 3401 σε
894 3347 985 3400 τὸν
1001 3345 1130 3398 Θεὸν
1149 3340 1290 3395 κατά
1307 3341 1397 3393 τὸν
1418 3338 1708 3410 Σύμμαχον
1729 3338 1995 3408 φήσαντα,

441 3462 463 3494 ‹
497 3443 591 3495 καὶ
616 3440 946 3509 σκεπόμενος
976 3439 1032 3489 ὲν
1062 3422 1181 3496 ταῖς
1219 3430 1442 3503 πτέρυξί
1468 3445 1558 3482 σου
1577 3428 1946 3498 ἁνηυφήμουν.
1974 3445 1992 3476 ι

439 3534 691 3591 Μελετῶν
723 3534 778 3585 δὲ
805 3533 874 3585 τὰ
908 3530 976 3582 σὰ
1003 3528 1154 3595 λόγια
1183 3522 1569 3590 καθ’ἑκάστην
1618 3519 1861 3588 φυλακὴν
1899 3517 2000 3585 τῆς

441 3624 651 3686 νυκτὸς,
682 3621 913 3674 κᾶπειτα
942 3616 1180 3676 ἀκούσας
1216 3610 1313 3664 τοῦ
1341 3611 1609 3680 φήσαντος
1649 3605 1790 3658 θείου
1812 3603 1993 3672 νόμου·

447 3737 465 3767 1
515 3716 715 3770 Ὀπίσω
743 3711 945 3784 Κυρίου
977 3707 1072 3761 τοῦ
1099 3703 1233 3760 Θεοῦ
1269 3721 1362 3757 σου
1394 3699 1653 3771 πορεύσῃ,
1695 3715 1713 3748 ι
1749 3693 1999 3764 καὶπρὸς

442 3809 600 3862 αὐτὸν
638 3826 656 3857 ι
714 3802 1010 3874 κολληθεις,
1041 3799 1075 3869 ἢ
1108 3793 1369 3858 διατεθεὶς
1399 3791 1494 3863 τὴν
1522 3788 1698 3859 ψυχήν
1729 3784 1999 3855 πειθήνιος

443 3901 638 3966 γέγονα
670 3895 747 3967 τῷ
790 3895 958 3965 νόμῳ,
996 3891 1115 3953 ὅλος
1158 3905 1220 3942 τε
1259 3886 1484 3956 εἰχόμην
1515 3880 1607 3934 τοῦ
1660 3877 1998 3967 πράγματος,

446 3963 620 4044 πάντα
659 3963 730 4041 τε-
759 3963 1120 4056 ἡγησάμενος,
1176 3976 1391 4056 μᾶλλον
1417 3973 1473 4026 δὲ
1518 3967 1884 4039 ἀποστραφεὶς
1933 3963 2003 4056 τά

449 4082 584 4154 μετά
623 4080 716 4132 τὸν
762 4053 892 4130 Θεὸν
924 4074 1121 4133 πάντα,
1147 4054 1416 4137 ἀνώτερος
1455 4063 1547 4116 καὶ
1575 4058 1897 4154 ὑψηλότερος
1925 4053 2004 4124 τῷ

447 4147 595 4242 πόθῳ
645 4171 744 4240 τῆς
786 4167 967 4237 ψυχῆς
1026 4162 1313 4229 κατέστην,
1371 4156 1466 4209 καὶ
1518 4152 1601 4206 σοὶ
1647 4149 1724 4220 τῷ
1755 4147 2004 4242 Θεῷ-μου

337 4320 349 4327 ,
450 4238 742 4334 συνήφθην,
775 4259 848 4322 ὼς
876 4258 1044 4309 εἰπεῖν
1078 4254 1152 4324 μὴ
1187 4249 1523 4321 ψευσάμενον
1545 4261 1558 4275 ο
1587 4262 1606 4294 ι
1649 4238 1940 4311 Ἐκολλήθη
1969 4239 2004 4308 ή

446 4341 591 4429 ψυχή
631 4371 728 4426 μου
755 4351 928 4405 ὀπίσω
960 4365 1074 4401 σου.
1117 4365 1135 4397 ι
1167 4344 1260 4406 Εἰς
1287 4338 1553 4408 τοσαύτην
1577 4335 1635 4389 δὲ
1665 4333 1840 4429 ήλασα
1877 4348 2009 4429 προ-

450 4424 744 4517 κοπήν-καὶ
765 4444 844 4506 είς
865 4439 1115 4494 τοσοῦτον
1140 4432 1366 4505 μέγεθος
1397 4429 1594 4501 ἀρετῆς
1616 4424 2010 4498 προῆλθον,οὺκ

451 4515 684 4612 ἐμαυτοῦ
709 4535 933 4604 δυνάμει
960 4527 1320 4602 χρησάμενος,
1348 4521 1482 4576 ἀλλὰ
1507 4522 1573 4591 τῇ
1602 4520 1666 4589 σῇ
1692 4515 1975 4612 δεσποτεία
1993 4529 2005 4540 ·

2082 2063 2350 2122 addictus,
2379 2059 2471 2114 Dei
2503 2060 2555 2113 in
2589 2067 2758 2113 strato
2799 2073 2900 2113 suo
2933 2056 3268 2144 recordatus,
3308 2056 3624 2108 immacula-

2081 2162 2194 2206 tum
2231 2152 2387 2213 illud,
2431 2159 2638 2205 castum
2665 2158 2719 2204 et
2747 2147 3086 2218 impollutum
3131 2146 3488 2206 custodiebat.
3513 2147 3626 2202 sin-

2082 2243 2221 2314 gulis
2248 2241 2427 2295 noctis
2462 2240 2725 2294 custodiis
2749 2239 3090 2308 exsurgebat,
3111 2237 3360 2308 precibus
3391 2235 3626 2289 animum

2055 2331 2417 2392 'adhibebat,
2479 2328 2786 2398 divinisque
2840 2327 3147 2396 disciplinis
3212 2324 3626 2388 exercitabatur.

2084 2422 2236 2488 Quod
2291 2421 2377 2475 his
2415 2421 2724 2492 Symmachi
2756 2418 2935 2474 verbis
2978 2418 3275 2472 educetur:
3309 2435 3327 2468 ι
3363 2413 3634 2471 Recorda-

2085 2523 2173 2567 tus
2209 2513 2284 2566 tui
2317 2528 2480 2581 super
2526 2519 2757 2567 stratum
2791 2525 2990 2573 meum,
3019 2524 3115 2578 per
3161 2509 3421 2577 singulas
3448 2515 3634 2562 custo-

2085 2607 2200 2660 dias
2223 2604 2541 2658 meditabar.
2582 2622 2600 2654 ι
2633 2602 2710 2656 Te
2751 2604 2948 2672 quippe
2996 2601 3160 2656 Deum
3188 2599 3593 2668 contemplabar
3619 2637 3632 2662 ,

2087 2711 2148 2749 ac
2196 2697 2312 2750 vice
2364 2694 2625 2748 librorum
2671 2699 2726 2746 et
2776 2693 3206 2760 scripturarum,
3241 2696 3419 2743 mente
3463 2685 3532 2740 ad
3583 2693 3638 2741 te

2089 2800 2303 2841 sursum
2353 2784 2516 2846 elata,
2550 2781 2872 2846 meditabar,
2917 2777 3234 2834 recordatus
3283 2777 3503 2848 quantis
3549 2792 3635 2832 me

2088 2877 2364 2933 beneﬁciis
2393 2875 2704 2938 ornaveris,
2741 2881 2794 2927 et
2818 2872 2960 2942 quod
2994 2869 3126 2924 mihi
3161 2883 3373 2938 semper
3398 2867 3633 2936 adjutur,

2090 2985 2122 3022 a
2181 2967 2451 3023 sexcentis
2501 2981 2588 3021 me
2629 2963 3020 3019 tentationibus
3073 2961 3362 3032 eripueris‘,
3426 2959 3651 3029 alisque—

2091 3061 2221 3118 tuis.
2253 3058 2506 3113 nimirum
2543 3056 2892 3127 providentia!
2932 3062 3039 3108 tua:
3081 3053 3392 3123 virtutibus,
3429 3051 3636 3106 extule-

2093 3156 2171 3208 ris
2200 3171 2213 3206 :
2249 3167 2367 3222 quae
2396 3151 2450 3204 in
2487 3147 2803 3204 memoriam
2837 3155 3105 3216 repetens,
3131 3145 3326 3214 gaudio
3354 3144 3599 3214 replebar
3620 3181 3637 3206 ,

2096 3252 2255 3313 teque
2309 3241 2475 3295 Deum
2529 3239 2865 3294 celebrabant
2917 3237 3215 3292 secundum
3255 3233 3634 3305 Symmachum

2098 3334 2189 3402 qui
2231 3332 2307 3386 sic
2329 3331 2511 3391 habet,
2547 3348 2566 3380 ι
2602 3336 2656 3382 et
2682 3333 2955 3397 protectus
2979 3325 3078 3378 alis
3108 3325 3215 3378 tuis
3237 3324 3591 3379 celebrabam.
3619 3343 3637 3372 ο

2097 3424 2324 3492 Eloquia
2374 3435 2504 3476 vero
2550 3429 2642 3473 tua
2690 3434 2787 3488 per
2851 3417 3092 3488 singulas
3137 3415 3314 3469 noctis
3369 3415 3645 3470 custodias

2087 3529 2305 3574 mecum
2350 3519 2630 3580 reputans,
2660 3509 2946 3578 auditaque
2987 3513 3112 3576 post
3151 3506 3264 3559 haec
3310 3504 3497 3558 divina
3529 3505 3646 3576 lege
3688 3569 3693 3573 ,

2097 3621 2216 3673 (μω
2243 3605 2323 3658 sic
2359 3602 2537 3665 habet,
2571 3612 2596 3650 ι
2623 3599 2751 3654 Post
2785 3598 3070 3653 Dominum
3120 3594 3286 3649 Deum
3330 3602 3479 3647 tuum
3527 3609 3647 3663 gra-

2096 3695 2300 3756 dieris;
2343 3713 2362 3745 »
2397 3692 2498 3761 ipsi
2549 3691 2790 3755 merens,
2829 3688 2933 3758 ipsi
2983 3687 3263 3751 addictus,
3319 3683 3647 3751 morigerum

2097 3795 2184 3834 me
2231 3779 2332 3848 legi
2384 3776 2609 3846 praebui,
2649 3776 2863 3845 ipsique
2899 3774 3088 3835 inhzesi
3122 3780 3299 3836 totus,
3341 3770 3524 3825 omnia
3553 3762 3650 3841 pro

2101 3871 2270 3927 nihilo
2319 3869 2547 3930 habens,
2600 3866 2708 3920 imo
2758 3879 2890 3920 vero
2937 3864 3281 3933 omniaquae
3327 3869 3450 3932 post
3483 3861 3669 3917 Deum.

2100 3969 2229 4018 sunt
2274 3969 2585 4022 aversatus,
2619 3973 2684 4012 ex
2707 3957 2884 4031 animi
2922 3954 3192 4011 desiderio
3242 3954 3527 4009 sublimior
3560 3969 3655 4008 ex-

2101 4052 2409 4120 celsiorque
2454 4047 2654 4110 factus,
2693 4045 2791 4104 tibi
2831 4043 2940 4099 Deo
2983 4037 3101 4098 meo
3133 4041 3460 4113 coniunctus
3513 4057 3654 4103 sum,

2102 4153 2164 4199 ut
2185 4157 2310 4198 vere
2342 4140 2528 4196 dicere
2548 4139 2755 4193 valeam
2788 4156 2801 4191 :
2838 4153 2858 4186 (
2893 4135 3134 4191 Adhaesit
3168 4134 3348 4190 anima
3377 4146 3493 4186 mea
3535 4133 3674 4205 post

2103 4247 2236 4306 te.)
2269 4234 2349 4289 Ad
2379 4242 2592 4288 tantum
2624 4246 2752 4287 vero
2785 4228 3111 4301 profectum,
3148 4227 3214 4281 ad
3245 4233 3454 4282 tantum
3487 4223 3657 4276 virtu-

2103 4331 2177 4386 tis
2218 4327 2494 4384 cumulum
2523 4324 2764 4396 perveni.
2796 4339 2905 4378 non
2941 4336 3057 4375 mea
3112 4323 3395 4388 potestate,
3438 4312 3533 4367 sed
3562 4321 3658 4366 tuo

2107 4420 2387 4477 dominatu
2421 4436 2434 4470 :
2467 4424 2526 4470 tu
2551 4415 2698 4469 enim
2731 4414 2846 4483 ipse
2877 4407 3251 4468 misericordia
3279 4414 3371 4457 tua
3420 4397 3471 4455 id
3525 4399 3656 4453 mihi

2107 4511 2370 4581 elargitus
2426 4522 2506 4561 es.
2560 4504 2734 4558 Meum
2772 4500 2971 4571 quippe
3009 4490 3144 4567 erga
3173 4503 3226 4549 te
3256 4495 3495 4558 amorem
3536 4502 3656 4542 cer-

451 4578 927 4703 ἓιυῗμγῖἐ
955 4578 1196 4691 ξῷἕέέῳ
1225 4578 1381 4670 τοῦτό
1418 4632 1507 4683 μοι
1533 4578 1805 4682 έδωρήσω.
1839 4578 2010 4676 Ὁρῶν
2041 4635 2084 4688 D
2111 4618 2189 4659 net

1919 4578 2010 4658 ἳῶν
2041 4635 2084 4688 D
2111 4578 2250 4659 ηοηέ
2277 4607 2692 4669 acceptansque,
2723 4603 2942 4650 extensa
2973 4587 3194 4642 dextera
3228 4593 3320 4638 tua
3359 4597 3445 4636 me
3483 4578 3657 4656 ευεοίέ

1932 4696 1943 4703 ·
2643 4684 2852 4703 LuL---
2887 4680 3132 4703 ηιμ-...μη
3167 4691 3223 4703 ..η
3247 4693 3260 4703 .
3288 4673 3518 4703 ἷιΙΑΛΑ-ιηο
3541 4669 3656 4703 αηὶ..

452 4696 565 4794 γάρ
602 4696 701 4794 μου
732 4719 822 4772 τὸν
853 4716 978 4786 περὶ
1007 4713 1064 4766 οὲ
1098 4710 1259 4763 πόθον
1287 4708 1381 4760 καὶ
1412 4703 1806 4772 ἀποδεξάμενος
1828 4696 2007 4758 αὐτὸν,

412 4804 415 4807 ’
451 4789 790 4883 κατηξίωσας
831 4808 930 4878 τὴν
972 4801 1163 4858 σαυτοῦ
1194 4798 1371 4866 δεξιὰν
1394 4797 1639 4858 ἐκτείνας
1667 4789 2010 4845 ἐπιλαϐέσθαι

456 4886 558 4976 μου
581 4879 701 4955 καὶ
745 4897 993 4955 ἀνελκῦσν
1045 4899 1176 4958 σθω
1205 4891 1342 4964 πρὸς
1364 4889 1552 4943 ἑαυτὸν
1573 4903 1586 4918 ·
1613 4883 1700 4937 διὰ
1718 4881 1876 4951 τοῦτο
1905 4879 2013 4951 γὰρ

453 4971 731 5064 δεδύνηται
763 4995 798 5063 ἡ
819 4989 969 5062 ψυχή
1002 4985 1051 5051 ιι
1119 4984 1242 5047 ὑπὸ
1268 4980 1360 5035 σοῦ
1399 4977 1717 5050 βοηθηθεῖσα
1749 4971 2012 5064 κολληθῇ

454 5105 542 5143 ναι
581 5061 754 5140 ὀπίσω
889 5100 904 5114 ο
939 5083 1232 5150 ἐπειιηηερ
1261 5093 1283 5128 ι
1319 5070 1453 5143 ἐμοῦ
1479 5066 1795 5124 ἀντελάϐετο
1814 5065 1848 5134 ή
1865 5061 2014 5127 δεξιά

458 5196 570 5232 σου.
617 5195 635 5227 ο
665 5174 739 5228 Οὐ
769 5173 877 5245 γὰρ
921 5172 985 5225 ἂν
1040 5170 1215 5231 άλλως
1260 5162 1590 5234 ὲφικνούμην
1626 5156 1721 5210 τοῦ
1760 5152 2010 5206 τοσούτου

373 5321 375 5324 ,
459 5271 642 5339 ὕφους,
689 5266 737 5318 εἰ
771 5266 844 5336 μὴ
884 5261 1201 5317 ἀντελάϐετό
1236 5275 1339 5329 μου
1368 5258 1403 5327 ή
1429 5252 1581 5318 δεξιά
1622 5267 1735 5303 σου.
1765 5245 2013 5339 Διδάσκει

457 5336 514 5413 δέ
554 5363 583 5413 ὁ
607 5351 1060 5416 Ἀτοόστολος-πῶς
1094 5368 1178 5414 τις
1209 5349 1462 5402 κολλᾶται
1484 5343 1560 5415 τῷ
1585 5340 1793 5411 Κυρίῳ,
1818 5336 2011 5404 λέγων’

465 5471 486 5502 ι
533 5453 590 5505 Ὁ
621 5446 950 5517 κολλώμενος
972 5441 1051 5511 τῷ
1079 5440 1268 5509 Κυρίῳ
1294 5438 1352 5490 ἐν
1377 5433 1592 5505 πνεῦμά
1613 5434 1790 5483 ἐστιν’
1826 5426 1901 5491 ὡς
1922 5427 2015 5480 καὶ

462 5544 492 5594 ὁ
524 5521 873 5610 κολλώμενος
892 5536 960 5605 τῇ
999 5532 1172 5606 πόρνῃ
1201 5529 1259 5582 ἓν
1297 5526 1456 5598 σῶμά
1479 5527 1614 5578 ἐστι.
1665 5518 1935 5610 δἈέγωνΔ

2116 4708 2263 4764 pere,
2291 4703 2616 4758 sursumque
2640 4684 2856 4739 trahere
2882 4680 3135 4750 dignatus
3165 4691 3262 4740 es;
3288 4673 3518 4747 ideoque
3539 4669 3656 4723 ani-

2116 4789 2202 4838 ma
2235 4798 2374 4849 mea,
2404 4791 2456 4835 te
2487 4777 2810 4848 opitulante,
2846 4771 3129 4826 adhaerere
3151 4768 3246 4822 tibi
3279 4765 3456 4837 potuit
3481 4782 3495 4818 :
3525 4775 3660 4830 quo-

2114 4875 2260 4936 niam
2297 4890 2316 4923 ι
2356 4887 2444 4924 me
2469 4869 2708 4938 suscepit
2735 4861 2969 4921 dextera
2989 4870 3101 4916 tua.
3138 4880 3159 4914 ι
3202 4858 3321 4914 Non
3353 4855 3494 4911 enim
3538 4859 3660 4905 tan-

2114 4974 2225 5021 tam
2266 4961 2654 5020 sublimitatem
2704 4956 3030 5027 attigissem,
3075 4949 3182 5006 nisi
3212 4940 3660 5011 me-suscepisset

2115 5059 2335 5114 dextera
2356 5062 2466 5108 tua.
2495 5049 2663 5106 Docet
2688 5063 2852 5122 porro
2882 5043 3176 5116 Apostolus
3201 5052 3308 5110 quo
3333 5040 3494 5107 pacto
3539 5031 3662 5122 quis

2116 5150 2342 5206 Domino
2388 5146 2609 5206 haereat,
2667 5120 2752 5215 his
2800 5139 3022 5196 verbis:
3061 5155 3079 5187 ι
3120 5132 3220 5199 Qui
3275 5128 3510 5182 adhaeret
3538 5120 3662 5215 ρος

2108 5243 2284 5304 mino,
2320 5253 2462 5293 unus
2490 5237 2717 5307 spiritus
2740 5213 2851 5300 est,
2886 5221 3335 5300 quemadmodum
3363 5216 3451 5285 q-ui
3483 5212 3660 5307 adhue.

2116 5341 2200 5390 ret
2232 5300 2716 5394 meretrici,-unum
2750 5337 2950 5394 corpus
2983 5326 3066 5375 est
3083 5317 3151 5370 “.
3188 5332 3207 5364 ι
3244 5311 3378 5366 Cum
3403 5319 3532 5374 ergo
3556 5300 3660 5354 Da-

2119 5425 2209 5483 vid
2235 5422 2467 5478 Domino‘
2488 5421 2713 5482 diceret,
2743 5434 2762 5468 ι
2791 5412 3029 5468 Adhaesit
3049 5408 3226 5463 anima
3247 5414 3365 5456 mea
3398 5402 3518 5468 post
3531 5401 3605 5458 te,
3635 5411 3655 5447 ι
3688 5432 3692 5476 ἱ

2119 5510 2248 5572 hinc
2269 5528 2330 5569 se
2360 5509 2600 5567 castitati
2625 5506 2957 5579 puritatique
2987 5498 3224 5554 deditum
3253 5484 3586 5579 declarabat.
3632 5576 3636 5578 Π
3689 5489 3694 5499 ·

771 5571 871 5686 ’ἔδυ
880 5571 1642 5700 (itii-mf
1818 5571 2016 5662 ’ὀπίσω
2052 5624 2170 5677 σου,
2196 5604 2353 5676 δῆλος
2398 5596 2466 5672 ἦν
2498 5600 2592 5654 καὶ⁵
2612 5571 2685 5652 tu
2721 5571 2908 5650 τούτου
2948 5580 3157 5656 ¹ἁγνείᾳ.
3181 5583 3275 5636 καὶ
3336 5571 3662 5648 mea.th

468 5727 755 5870 61:13:;
778 5814 836 5868 δὲ
867 5777 1149 5882 είς-,μάτην
1193 5803 1460 5876 ἐζήτησαν
1490 5779 1591 5870 τὴν
1613 5795 1791 5868 ψυχήν
1827 5810 1922 5864 μοχ
1985 5809 2001 5842 ο

2183 5780 2347 5838 Vatis.
2377 5777 2548 5836 10-19..
2579 5797 2597 5830 ι
2631 5774 2736 5847 Ipsi
2768 5785 2891 5828 vero
2920 5769 3187 5831 iuvanum
3207 5752 3666 5833 quaesieruataniu

571 5931 618 5965 ³⁵
656 5928 845 5983 Matth.
888 5922 1174 5990 .xxtv,~H.
1250 5918 1296 5953 ⁹⁹
1334 5915 1464 5973 ibid.
1499 5912 1587 5983 43.
1662 5909 1708 5941 ’⁸
1747 5906 1767 5961 1
1801 5905 1926 5961 Cor.
1962 5915 2052 5966 vt,
2088 5897 2268 5967 16,17:
