4402 6408
855 481 960 536 611

1530 481 1798 537 EUSEBII
1830 482 2302 542 CESARIENSIS
2326 486 2477 543 OPP.
2519 485 2703 543 PARS
2745 486 2835 542 ΙΙΙ.
2871 517 2938 525 -
2976 484 3386 543 EXEGETICA.

3986 489 4091 547 612

832 610 1008 667 ‘niam
1036 609 1231 650 meam.
1259 615 1278 648 ι
1317 595 1429 667 Ego
1455 596 1696 666 quidem,
1735 598 1832 664 ait,
1856 597 1951 651 tibi
1991 595 2266 653 Servatori
2310 614 2422 654 meo

2546 598 2685 668 Ἐγὼ
2719 600 2840 668 μὲν,
2869 600 3023 669 φησὶ,
3058 600 3140 652 σοὶ
3160 598 3239 668 τῷ
3267 597 3503 669 ἐμαυτοῦ
3545 597 3755 671 Σωτῆρι
3786 601 4093 671 προσεῖχον,

866 685 1153 750 luerebam,
1189 696 1353 757 atque
1398 688 1659 759 perfugus
1684 698 1737 742 et
1774 690 1827 742 in
1870 689 2171 749 solitudine
2196 688 2420 759 degens,

867 777 959 829 tibi
993 775 1229 829 animam
1278 778 1603 846 copulabam
1637 792 1834 841 meam,
1869 786 1922 831 et
1958 792 2244 831 sermones
2299 785 2424 832 tuos

866 863 1197 921 meditabar:
1257 883 1433 938 neque
1489 869 1634 922 enim
1672 870 2024 938 insequentes
2060 884 2145 922 me
2199 869 2425 938 propul-

863 962 1070 1021 sabam,
1106 976 1281 1029 neque
1314 964 1501 1024 etiam,
1541 959 1671 1013 dum
1705 962 1801 1015 tibi
1853 959 1962 1014 Deo
1994 976 2265 1022 vacarem,
2304 976 2423 1029 pre-

860 1065 953 1104 ces
986 1050 1279 1106 fundebam
1308 1061 1499 1106 contra
1532 1054 1823 1113 inimicos;
1858 1052 1953 1107 sed
1979 1053 2074 1106 tibi
2110 1055 2226 1119 nni,
2261 1061 2317 1106 ut
2339 1053 2422 1106 di-

804 1158 807 1159 '
862 1151 1008 1193 ctum
1051 1150 1156 1202 est,
1194 1142 1559 1196 adhaerebam.
1600 1141 1682 1195 Illi
1734 1157 1862 1196 vero
1918 1142 2123 1197 futilem
2159 1144 2419 1199 adversus

770 1224 773 1227 ’
859 1232 1096 1284 animam
1140 1248 1315 1285 meam
1368 1233 1793 1287 sollicitudinem
1845 1234 2125 1304 suscipere
2164 1250 2271 1289 non
2327 1234 2422 1289 de-

858 1324 1122 1376 sistebant
1152 1342 1163 1375 :
1200 1323 1252 1375 in
1292 1338 1487 1375 vanum
1520 1324 1720 1393 quippe
1752 1325 2067 1394 quaerebant
2094 1342 2235 1394 eam,
2277 1341 2416 1395 quae,

774 1412 777 1415 ’
856 1417 1115 1484 quoniam
1180 1417 1275 1469 tibi
1317 1416 1579 1477 bmrebat,
1615 1417 1683 1470 ab
1738 1418 1871 1486 ipsis
1922 1418 2420 1489 minimemeperiri

858 1516 1103 1578 poterat:
1142 1524 1309 1577 quare
1364 1524 1484 1577 quae
1514 1524 1573 1562 se
1612 1521 1833 1563 manent
1864 1510 1968 1580 ipsi
2015 1511 2233 1579 quidem
2263 1512 2418 1581 igno-

857 1610 1000 1660 rant,
1032 1600 1125 1651 sed
1166 1598 1401 1667 Spiritus
1427 1608 1651 1653 sanctus
1684 1601 2029 1655 vaticinatur.
2066 1601 2419 1658 Deindevero

855 1688 968 1742 haec
1002 1690 1313 1758 proplietice
1337 1690 1703 1744 vociferatur:
1742 1710 1760 1741 ι
1786 1690 2089 1747 lntroibunt
2111 1693 2174 1760 ,in
2200 1693 2420 1749 inferio-

854 1796 913 1833 ra
943 1791 1151 1833 terrae.»
1207 1780 1653 1851 Quandoquidem
1678 1785 1825 1837 enim
1858 1793 2075 1839 terrena
2107 1787 2416 1855 sapiebant,

2528 691 2620 743 καὶ
2647 690 2726 744 σοὶ
2756 690 2854 761 τὴν
2885 691 3023 762 ἐμὴν
3054 691 3229 770 ψυχὴν
3267 692 3534 763 συνῆπτον
3552 731 3567 755 ,
3602 694 3713 754 τοῖς
3743 707 3802 743 τε
3829 694 3939 756 σοῖς
3969 694 4082 763 ἐμε-

2524 780 2690 834 λέτων
2724 781 2903 851 λόγοις
2924 822 2939 845 ,
2986 784 3045 836 ἐν
3093 786 3237 853 φυγῇ
3289 784 3591 853 τυγχάνων,
3622 773 3717 837 καί
3748 784 3808 837 ἐν
3839 785 4093 855 ἐρημίαις
4138 834 4159 845 _

2524 875 2840 947 ποιούμενος
2879 875 2977 939 τὰς
3010 875 3326 946 διατριϐάς.
3376 876 3451 928 Οὐ
3500 876 3608 947 γὰρ
3644 876 3933 947 ἠμυνόμην
3968 878 4092 941 τοὺς

2522 965 2841 1029 ἐλαύνοντας
2865 966 3089 1036 31.2.611’
3122 966 3242 1019 οὐδὲ
3274 966 3355 1019 σοι
3380 966 3457 1036 τῷ
3481 966 3600 1037 Θεῷ
3630 956 3901 1037 σχολάζών
3930 969 4123 1039 εὐχὰς·

2522 1063 2662 1116 κατὰ
2680 1064 2787 1116 τῶν
2818 1052 3026 1136 ἐχθρῶν
3047 1065 3361 1136 ἀνέπεμπον
3383 1082 3395 1095 ·
3422 1066 3506 1118 σοὶ
3532 1065 3588 1117 δὲ
3621 1065 3764 1136 μόνῳ
3788 1068 4092 1138 προσεῖχον,

2520 1158 2596 1221 ὡς
2636 1156 2791 1227 ἔφην.
2836 1158 2899 1209 Oi
2928 1157 2984 1209 δέ
3022 1158 3082 1211 οὐ
3124 1157 3389 1210 διέλειπον
3419 1158 3652 1227 ματαίαν
3685 1156 3916 1228 σπουδὴν
3950 1157 4091 1210 κατὰ

2517 1249 2617 1319 τῆς
2651 1249 2828 1319 ψυχῆς
2861 1265 2961 1319 μου
2993 1248 3337 1318 ποιούμενοι·
3372 1250 3451 1311 είς
3482 1248 3707 1319 μάταιον
3730 1248 3839 1319 γὰρ
3869 1246 4091 1316 ἐζήτουν

2518 1341 2687 1413 αὐτὴν
2709 1382 2723 1405 ,
2769 1341 3055 1412 ἀνεύρετον
3103 1341 3285 1404 αὐτοῖς
3316 1336 3481 1401 οὖσαν
3512 1328 3599 1392 διά
3640 1340 3700 1392 τὸ
3734 1338 4086 1413 κεκολλῆσθαι

2518 1434 2690 1487 ὀπίσω
2721 1451 2814 1487 σου
2834 1452 2847 1464 ·
2878 1434 3063 1506 διόπερ
3097 1435 3164 1487 τὰ
3200 1435 3561 1505 περιμένοντα
3590 1433 3787 1496 αὐτοὺς
3814 1432 3966 1485 αὐτοὶ
3996 1432 4091 1502 μὲν

2517 1528 2616 1580 οὐκ
2641 1527 2804 1589 ἴσασι,
2829 1527 2889 1580 τὺ
2917 1527 2971 1579 δὲ
2998 1526 3219 1597 Πνεῦμα
3248 1526 3308 1579 τὸ
3338 1527 3489 1594 ᾶγιον
3519 1522 3784 1588 θεσπίζει.
3815 1520 3929 1579 Εἶθ’
3962 1525 4090 1594 ἑξῆς

2516 1621 2724 1683 τούτοις
2752 1621 3102 1691 προφητικῶς
3138 1620 3411 1687 ἀντιφωνεῖ
3444 1618 3615 1686 λέγων
3638 1635 3651 1649 ·
3696 1638 3714 1669 ι
3741 1618 4090 1671 Εἰσελεύσον-

2518 1732 2607 1767 ται
2635 1715 2714 1776 είς
2744 1712 2814 1766 τὰ
2848 1712 3133 1766 κατώτατα
3170 1712 3266 1782 τῆς
3291 1712 3413 1781 γῆς.
3443 1732 3461 1763 ι
3507 1711 3722 1782 Ἐπειδὴ
3754 1711 3864 1783 γὰρ
3890 1710 3959 1763 τὰ
3995 1709 4091 1781 τῆς

2517 1806 2619 1876 γῆς
2643 1807 2897 1877 ἐφρόνουν
2924 1806 3016 1858 καὶ
3043 1803 3150 1856 τῶν
3175 1804 3323 1858 κάτω
3348 1804 3654 1872 γεγόνασιν,
3682 1803 3904 1865 εἰκότως
3931 1802 4088 1855 eaut-

852 1884 904 1926 et
932 1874 986 1926 in
1032 1875 1230 1929 inlimis
1263 1876 1542 1929 constituti
1573 1885 1749 1941 erant,
1788 1877 1912 1945 jure
1944 1878 2248 1932 facinorum
2281 1894 2419 1948 prae-

2518 1874 2674 1970 χειρα
2715 1874 2999 1951 *πείσονται
3057 1893 3137 1959 οἷς
3176 1896 3423 1967 ἔδρασαν.
3472 1896 3531 1949 '0
3575 1891 3674 1966 μὲν
3705 1895 3811 1966 γάρ
3848 1895 3929 1966 τῷ
3971 1892 4090 1963 Θεῷ

853 1966 961 2018 mia
1004 1969 1284 2036 recipient.
1342 1966 1477 2020 Nam
1509 1972 1601 2036 qui
1644 1965 1753 2021 Deo
1795 1969 2125 2037 conjunetus
2152 1979 2205 2024 et
2234 1971 2414 2023 anima

2520 1938 2831 2060 ἓυιίαφθεὶς,
2860 1990 2952 2044 καὶ
2982 1990 3077 2060 τὴν
3101 1938 3277 2060 «iam:
3305 1988 3454 2059 αύτῷ
3482 1938 3927 2060 προισκολληιθεὶςῖ
3943 1938 4089 2036 ἐλπὶ

852 2059 956 2127 ipsi
984 2060 1391 2128 conglutinatus
1413 2067 1518 2121 est,
1552 2060 1702 2128 regni
1726 2060 1990 2113 caalorum
2016 2076 2169 2130 spem
2200 2062 2415 2117 obtine-

852 2149 962 2214 bit;
995 2149 1088 2218 qui
1140 2164 1272 2202 vero
1326 2149 1661 2203 contrariam
1710 2150 2010 2205 decurrunt
2042 2152 2204 2218 viam,
2235 2161 2288 2208 et
2332 2156 2414 2210 in—

854 2241 976 2293 lima
1027 2241 1266 2308 sapiunt,
1316 2244 1371 2295 in
1409 2240 1585 2295 lacum
1637 2241 1773 2295 alias
1806 2253 2161 2298 memoratum
2192 2245 2411 2315 dejecti,

852 2330 1156 2383 introibunt
1200 2330 1251 2382 in
1303 2329 1563 2383 inferiora
1599 2338 1778 2384 terrae.
1851 2329 1986 2384 Dum
2037 2334 2182 2386 enim
2236 2334 2414 2403 quivis

853 2421 1016 2473 homo
1077 2420 1421 2489 superliciem
1475 2428 1632 2474 terrae
1681 2420 1892 2485 incolit,
1938 2423 1991 2476 in
2054 2423 2412 2481 inferioribus

851 2524 1062 2568 tantum
1114 2516 1361 2570 habitare
1388 2515 1609 2579 dicitur,
1662 2523 1721 2568 ut
1769 2516 1902 2571 dicit
1948 2504 2413 2587 quidamﬁQuia

852 2607 995 2661 Deus
1028 2608 1082 2661 in
1112 2608 1253 2662 coelo
1285 2624 1527 2672 sursum,
1561 2617 1614 2663 et
1643 2617 1702 2663 tu
1749 2610 1801 2663 in
1837 2620 1979 2664 terra
2028 2610 2285 2667 deorsum
2306 2613 2405 2669 ".o

850 2701 981 2756 Post
1017 2704 1221 2754 exitum
1267 2710 1445 2756 autem
1488 2718 1554 2756 ex
1598 2703 1699 2756 hac
1729 2706 1862 2767 vita,
1900 2704 2140 2775 religiosi
2190 2706 2410 2776 quidem

850 2792 1097 2847 homines
1136 2792 1335 2846 cmlum
1374 2809 1471 2863 pro
1519 2794 1799 2849 domicilio
1844 2795 2144 2860 habebunt,
2192 2814 2411 2855 sursum

847 2888 996 2949 elati,
1028 2901 1090 2940 ac
1141 2886 1385 2955 rapiendi
1440 2887 1493 2940 in
1532 2888 1771 2943 nubibus
1799 2889 2015 2943 obviam
2048 2889 2301 2961 Domino,
2349 2908 2412 2948 ac

847 2978 929 3033 sic
952 2992 1168 3046 semper
1215 2994 1339 3032 cum
1372 2977 1601 3033 Domino
1626 2979 1824 3044 futuri;
1865 2983 2015 3050 impii
2047 2999 2177 3038 vero
2207 2992 2262 3039 et
2286 3001 2414 3055 pec-

847 3078 1062 3123 catores
1101 3060 1160 3122 in
1202 3069 1460 3123 inferiora
1512 3079 1667 3125 terra:
1701 3071 2068 3129 descendent:
2110 3092 2231 3145 qua:
2263 3092 2415 3131 com-

847 3176 1160 3216 memorans
1188 3161 1484 3231 Apostolus
1513 3164 1761 3219 dicebat:
1813 3184 1831 3215 ‹
1856 3165 1914 3219 1η
1952 3166 2244 3223 inferiores
2286 3184 2410 3240 par-

2520 2085 2614 2148 δας
2646 2084 2755 2149 ἕξει
2786 2082 3059 2153 βασιλείας
3085 2080 3330 2153 οὐρανῶν
3350 2097 3362 2109 ·
3394 2081 3442 2132 οἱ
3472 2080 3528 2133 δὲ
3563 2078 3658 2150 τὴν
3687 2077 3935 2131 ἐναντίαν
3956 2076 4087 2149 δρα-

2525 2178 2714 2248 μόντες
2744 2175 2838 2229 καὶ
2878 2172 2947 2226 τά
2988 2172 3138 2227 κάτω
3182 2172 3581 2243 φρονήσαντες,
3624 2171 3705 2232 είς
3738 2169 3826 2223 τὸν
3855 2164 4087 2242 ἀλλαχοῦ

2521 2267 2719 2319 λάκκον
2747 2264 3129 2335 ὠνομασμένον
3159 2260 3538 2331 καταχθέντες,
3570 2260 3628 2313 ἐν
3654 2263 3766 2323 τοῖς
3795 2260 4089 2314 κατωτάτω
4176 2298 4189 2303 -

2520 2358 2620 2429 τῆς
2662 2358 2763 2428 γῆς
2810 2356 3134 2409 ἐλεύσονται.
3180 2354 3327 2417 Τέως
3364 2352 3461 2423 μὲν
3493 2352 3601 2421 γὰρ
3632 2353 3739 2415 πᾶς
3769 2350 4088 2423 ἄνθρωπος,

2518 2453 2617 2523 τὴν
2644 2430 2962 2522 ἐπιφάνειαν
2988 2449 3150 2502 οἰκῶν
3177 2447 3273 2517 τῆς
3302 2445 3406 2516 γῆς
3426 2482 3440 2511 ,
3477 2444 3547 2498 τὰ
3572 2444 3722 2498 κάτω
3760 2445 3896 2516 μόνα
3921 2446 4089 2497 οίκεῖν

2519 2544 2733 2612 λέγεται
2762 2542 2902 2597 κατὰ
2931 2541 3021 2594 τὸν
3070 2536 3315 2611 φήσαντα
3339 2555 3353 2568 ο
3391 2555 3411 2588 ι
3447 2538 3569 2590 Ὅτι
3593 2537 3622 2588 6
3646 2535 3788 2600 Θεὸς-
3808 2538 3865 2589 ἐν
3893 2535 3971 2607 τῷ
4001 2536 4090 2589 οὐ·

2520 2633 2667 2707 ρανῷ
2707 2635 2819 2689 ἄνω
2846 2674 2861 2699 ,
2906 2634 2999 2687 καὶ
3041 2633 3104 2685 σὺ
3138 2634 3195 2684 ἐν
3222 2632 3288 2701 τῇ
3332 2631 3401 2700 γῇ
3439 2629 3607 2682 κάτω.
3646 2648 3664 2680 ι
3701 2627 3856 2682 Μετὰ
3892 2628 3949 2681 δὲ
3987 2629 4087 2700 τὴν

2519 2727 2727 2780 ἐνθένδε
2759 2724 3095 2795 ἀπαλλαγὴν,
3123 2726 3171 2777 οί
3202 2721 3298 2795 μὲν
3331 2723 3596 2792 θεοφιλεῖς
3617 2720 3845 2792 οὐρανὸν
3878 2720 4089 2787 ἕξουσιν

2518 2822 2826 2893 οἰκητήριον
2846 2861 2860 2883 ,
2903 2822 2982 2883 εἰς
3010 2818 3079 2872 τὰ
3103 2820 3345 2890 ἀνώτερα
3382 2815 3831 2888 μετεωρισθέντες
3863 2816 3956 2869 καὶ
3988 2815 4086 2886 ἁρ-

2520 2912 2887 2985 παγησόμενον.
2923 2913 2981 2965 ἐν
3008 2911 3255 2981 νεφέλαις
3288 2911 3369 2973 είς
3396 2909 3699 2979 ἀπάντησιν
3730 2906 3825 2961 τοῦ
3857 2906 4083 2977 Κυρίου,

2518 3006 2658 3059 οὕτω
2682 3023 2741 3058 τε
2769 3006 2996 3059 πάντοτε
3036 3005 3131 3056 σὺν
3170 3003 3359 3074 Κυρίῳ
3390 3002 3664 3072 ἐσόμενον
3698 3004 3746 3055 οί
3789 3001 3835 3055 δ’
3875 2999 4087 3062 ἀσεϐεῖς

2519 3100 2612 3151 καλ⁸
2644 3096 2955 3169 ἁμαρτωλοὶ
2979 3096 3057 3158 είς
3085 3095 3153 3149 τὰ
3173 3093 3469 3149 κατώτατα
3495 3094 3592 3163 τῆς
3613 3092 3717 3162 γῆς
3750 3092 4086 3163 καταϐήσονι

2518 3208 2638 3245 ταν
2683 3184 2756 3245 ὧν
2788 3187 3134 3260 μεμνημένος
3172 3188 3200 3238 6
3250 3185 3567 3248 Ἀπόστολος
3602 3184 3817 3252 ἔλεγεν·
3852 3201 3871 3235 α
3898 3183 3992 3259 Εἰς
4018 3183 4083 3235 τὰ

847 3263 931 3310 tes
966 3265 1125 3309 terra:
1154 3256 1576 3325 quidescendit,
1616 3258 1731 3329 ipse
1762 3266 1845 3314 est
1890 3261 1981 3331 qui
2024 3262 2273 3318 ascendit
2315 3280 2407 3319 su—

2515 3254 2799 3350 ιιατώτερα
2822 3254 2921 3348 τῆς
3072 3278 3099 3330 6
3126 3276 3368 3339 καταϐὰς
3388 3316 3403 3341 ,
3445 3274 3603 3339 αὑτός
3631 3276 3779 3327 ἐστιν
3813 3275 3842 3327 6
3880 3254 4080 3335 ἀναϐὰς

846 3362 943 3415 per
977 3362 1164 3400 omnes
1196 3348 1386 3411 caelos,
1430 3356 1490 3401 ut
1537 3349 1786 3417 impleret
1836 3355 2019 3405 omnia
2040 3353 2139 3405 θ’.»
2198 3352 2407 3409 Etenim

848 3437 1106 3494 Servator
1130 3451 1181 3495 et
1215 3442 1475 3496 Dominus
1506 3450 1690 3498 noster
1725 3460 1899 3514 usque
1932 3446 1998 3499 ad
2036 3447 2218 3502 intima
2250 3455 2410 3503 terra:

838 3531 1147 3609 descendit,
1183 3544 1244 3588 ut
1280 3535 1506 3589 salutari
1542 3536 1743 3592 virtute
1777 3538 2026 3609 impleret
2057 3541 2260 3597 omnia.
2295 3542 2408 3598 Hoc

840 3606 1023 3688 ipsum
1067 3623 1203 3679 .lobo
1263 3628 1538 3696 signiﬁcat
1591 3629 1680 3684 ille
1712 3630 1826 3699 "qui
1856 3606 2138 3688 Dominus
2183 3644 2407 3690 vocatur

828 3712 1082 3782 dicens:
1126 3738 1143 3770 ι
1171 3717 1377 3773 Venisti
1424 3731 1602 3775 autem
1661 3723 1717 3776 in
1769 3722 1970 3778 fontem
2016 3728 2205 3792 maris,
2260 3735 2314 3784 et
2349 3729 2405 3784 in

830 3814 1087 3881 VeStigiis
1135 3813 1317 3884 abyssi
1351 3814 1667 3869 ambulasti.
1717 3817 2057 3885 Aperiuntur
2094 3829 2273 3877 autem
2306 3823 2406 3877 tibi

825 3900 1041 3975 (ignore
1086 3917 1254 3974 portae
1302 3908 1528 3961 mortis:
1573 3907 1787 3962 ostiarii
1844 3908 2041 3965 inferni
2076 3913 2322 3969 videntes
2357 3925 2409 3970 te

821 3997 1125 4050 conterriti
1187 4007 1314 4051 sunt
1338 3999 1403 4075 ’f.
1440 4018 1458 4050 ι
1498 3996 1600 4053 Sed
1638 4000 1726 4056 ille
1774 4003 1992 4071 quidem
2049 4005 2115 4060 ad
2167 4021 2261 4062 eos
2316 4009 2406 4077 qui

821 4085 960 4143 istic
1024 4089 1339 4143 habitabant
1393 4090 1695 4159 descendit,
1750 4105 1809 4149 ut
1859 4099 2072 4152 animas
2122 4099 2404 4167 justorum

820 4169 1043 4241 ibidem
1073 4178 1281 4245 jamdiu
1338 4180 1585 4236 detentas
1637 4184 1889 4240 libertate
1938 4187 2187 4245 donaret.
2246 4190 2405 4261 lmpii

817 4268 968 4320 Vero
1006 4274 1056 4322 in
1096 4270 1355 4323 inferiora
1397 4278 1555 4327 terra:
1598 4264 1816 4343 dejecti,
1866 4278 2152 4333 tradentur
2198 4281 2252 4335 in
2290 4297 2403 4334 ma-

831 4376 939 4420 nus
977 4362 1166 4430 gladii.
1216 4362 1310 4415 Est
1339 4363 1481 4417 enim
1522 4364 1719 4419 ibidem
1745 4368 1958 4437 gladius
1991 4370 2212 4439 quidam
2260 4387 2406 4427 mor-

839 4460 932 4516 lis,
966 4470 1125 4522 qucm
1172 4452 1430 4509 Servator
1484 4456 1536 4510 in
1594 4473 1687 4512 xxi
1737 4460 1948 4528 psalmo
1998 4472 2267 4518 memorat
2316 4464 2403 4522 his

837 4544 1053 4597 Verbis:
1094 4562 1111 4593 ‹
1147 4544 1287 4600 Erue
1316 4561 1344 4598 a
1384 4545 1608 4611 framea,
1646 4545 1808 4613 Deus,
1846 4551 2083 4621 animam
2118 4567 2316 4617 meam,
2351 4561 2403 4608 et

2512 3375 2766 3447 ὑπεράνω
2809 3372 3023 3425 πάντων
3066 3368 3174 3421 τῶν
3214 3366 3489 3439 οὐρανῶν,
3552 3367 3637 3419 ἵνα
3691 3364 3951 3437 πληρώσῃ
4014 3365 4081 3417 τὰ

2514 3468 2707 3522 πάντα.
2743 3484 2761 3516 ι
2812 3464 2921 3519 Καὶ
2968 3460 3127 3533 μέχρι
3160 3459 3268 3531 γὰρ
3308 3458 3415 3513 τῶν
3455 3458 3753 3513 κατωτάτω
3783 3452 3884 3526 τῆς
3914 3458 4015 3528 γῆς
4056 3459 4084 3510 6

2512 3560 2702 3631 Σωτὴρ
2727 3558 2820 3613 καὶ⁵
2851 3555 3054 3628 Κύριος
3087 3554 3242 3626 ήμῶν
3278 3552 3670 3625 καταϐέϐηκεν,
3708 3552 3796 3633 ἵνα
3822 3548 4082 3623 πληρώσῃ

2509 3653 2578 3706 τὰ
2619 3653 2809 3718 πάντα⁴
2842 3650 2940 3720 τῆς
2975 3646 3242 3718 σωτηρίου
3273 3646 3571 3716 δυνάμεως.
3603 3644 3771 3698 Τοῦτο
3792 3644 3853 3697 se
3877 3644 3975 3696 καὶ
4006 3642 4084 3713 τῷ

2521 3743 2641 3818 Ἰὼϐ
2686 3741 2939 3816 σημαίνει
2979 3743 3007 3794 6
3051 3737 3400 3810 χρηματίζων
3439 3726 3642 3807 Κύριος
3683 3739 3741 3789 ἐν
3764 3731 3845 3798 οἷς
3883 3749 4077 3805 φησιν*

2516 3857 2535 3890 ι
2564 3833 2766 3900 ΊΓΗλθες
2796 3836 2853 3889 δὲ
2888 3834 2979 3886 ἐπὶ
3012 3833 3116 3901 γῆν
3136 3832 3152 3861 ¹
3183 3829 3476 3897 θαλάσσης,
3508 3830 3565 3899 ἐν
3596 3827 3653 3881 δὲ
3690 3826 3889 3903 ἴχνεσιν
3916 3823 4082 3877 ἀσύσ-

2508 3946 2599 3982 σου
2646 3910 3073 3999 περιεπάτησας.
3108 3919 3457 3987 -Ἀνοίγονται
3497 3917 3552 3971 δέ
3600 3933 3680 3969 σοι
3719 3915 3869 3986 φόϐῳ
3916 3914 4079 4000 πύλαι

2507 4018 2769 4072 θανάτου·
2834 4005 3072 4082 πυλώροὶ
3113 4008 3169 4062 δὲ
3222 4009 3348 4080 ᾅδου
3398 4008 3596 4085 ἰδόντες
3644 4024 3708 4075 ,σε
3755 4006 4016 4077 ἔπτηξαν.
4054 4025 4073 4057 ι

2518 4109 2655 4162 Ἀλλ’
2679 4111 2707 4161 6
2738 4107 2835 4179 μὲν
2859 4106 2950 4158 καὶ
2987 4092 3146 4174 μέχρὶ
3172 4101 3280 4154 τῶν
3312 4102 3428 4153 ἐκεῖ
3455 4098 3845 4170 καταὸέὸηκεν,
3871 4098 3957 4151 ἵνα
3979 4098 4078 4162 τὰς

2506 4200 2673 4254 πάλαι
2701 4198 2809 4253 τῶν
2839 4196 3009 4265 ἁγίων
3042 4193 3226 4248 αὐτόθι
3259 4192 3617 4264 συνεχομένας
3653 4191 3830 4261 ψυχὰς
3866 4188 4079 4243 ἐλευθε-

2510 4292 2630 4363 ρίας
2657 4289 2863 4360 ἀξιώσῃ
2881 4305 2893 4317 ’
2921 4288 2971 4341 οἱ
2994 4286 3049 4339 δὲ
3068 4286 3303 4350 ἀσεϐεῖς,
3334 4288 3414 4349 είς
3442 4285 3511 4339 τὰ
3534 4284 3819 4337 κατώτατα
3848 4282 3948 4352 τῆς
3971 4283 4076 4352 γῆς

2504 4380 2943 4451 κατενεχθέντες,
2968 4378 3431 4449 παραδοθήσονται
3454 4379 3532 4440 είς
3562 4379 3751 4449 χεῖρας
3778 4374 4069 4448 ῥομφαίας.

2509 4473 2662 4526 Ἐστι
2706 4470 2821 4541 γάρ
2859 4486 2941 4533 τις
2994 4472 3109 4523 ἐκεῖ
3158 4470 3401 4540 ῥομφαία
3434 4470 3694 4533 θανάτου,
3727 4463 3795 4541 ἧς
3822 4468 4073 4539 όνΣωτὴρ
4158 4546 4159 4549 η

2508 4560 2859 4636 μνημονεύων
2892 4563 2950 4615 ἐν
2983 4570 3066 4615 κα¹
3099 4554 3300 4635 ψαλμῷ
3330 4562 3515 4631 ἔλεγεσ
3554 4581 3572 4613 ι
3595 4562 3782 4615 Ῥῦσαι
3805 4561 3913 4615 ἀπὸ
3937 4554 4073 4634 ῥομὲ

828 4633 903 4690 de
932 4651 1093 4688 manu
1135 4639 1288 4692 canis
1338 4639 1556 4694 unicam
1608 4654 1804 4696 meam.
1863 4639 2022 4696 Salva
2058 4658 2142 4697 me
2189 4658 2255 4698 ex
2302 4660 2400 4701 ore

2515 4633 2666 4726 Ῥαίίές
2690 4655 2787 4726 τὴν
2818 4654 2994 4725 ψυχήν
3024 4672 3147 4726 μου,
3182 4633 3274 4709 καὶ
3307 4656 3370 4708 ἐκ
3397 4653 3580 4725 χειρὸς
3608 4654 3767 4717 κυνὸς
3789 4654 3889 4726 τὴν
3921 4633 4075 4725 μονο-

834 4723 1041 4787 leonis.
1106 4735 1159 4779 et
1225 4742 1253 4781 a
1308 4730 1570 4788 cornibus
1616 4732 1967 4785 unicornium
2036 4732 2401 4791 humilitatem

836 4830 1013 4869 meam
1032 4818 1098 4869 ⁸⁸,
1134 4836 1152 4867 ι
1194 4817 1317 4873 ηερε
1346 4830 1524 4874 autem
1556 4822 1740 4876 omnia
1770 4809 1839 4877 de
1867 4824 2203 4882 adversariis
2248 4837 2402 4897 pote-

834 4909 1069 4964 statibus
1112 4909 1453 4965 dictaésunt.
1506 4910 1625 4966 Non
1676 4913 1824 4968 enim
1882 4916 1936 4970 in
1996 4932 2191 4973 manus
2233 4919 2397 4989 gladii

835 5008 1046 5054 tantum
1082 5002 1326 5077 praedicti
1355 5002 1606 5064 homines
1628 5005 1935 5072 tradentur,
1972 5010 2067 5064 sed
2098 5013 2262 5064 etiam
2290 5012 2396 5065 huc

833 5090 962 5144 illuc
1003 5079 1379 5146 distrahentur
1419 5107 1448 5146 a
1488 5094 1646 5148 saevis
1676 5096 2004 5165 quibusdam
2049 5102 2400 5172 versutisque

832 5186 1135 5254 spiritibus,
1169 5188 1261 5257 qui
1308 5188 1497 5256 vulpes
1535 5188 1622 5243 hic
1670 5202 2077 5262 nuncupantur,
2126 5198 2253 5267 quia
2315 5197 2400 5252 l‘o-

832 5293 958 5331 veas
990 5278 1245 5342 subeunt,
1284 5288 1339 5334 et
1394 5281 1448 5333 in
1500 5279 1702 5337 inlimis
1746 5287 2116 5352 penetralibus
2170 5290 2395 5345 latibula

831 5370 1054 5424 habent.
1116 5369 1211 5425 liae
1242 5373 1426 5443 itaque
1468 5375 1661 5443 vulpes
1691 5377 1980 5447 impiorum
2018 5382 2229 5439 animas
2251 5385 2397 5438 istuc

830 5462 1105 5531 delapsas.
1142 5472 1199 5517 ut
1231 5467 1468 5521 oblatam
1503 5467 1764 5537 praedam,
1797 5475 2227 5542 comprehensas
2257 5477 2395 5530 diri-

831 5554 984 5620 piunt
1029 5564 1194 5625 atque
1243 5559 1384 5613 inter
1431 5576 1489 5616 se
1539 5562 1808 5618 dividunt.
1884 5564 2030 5622 Sane
2070 5571 2231 5624 talem
2282 5570 2396 5625 fore

833 5645 1121 5712 impiorum
1160 5649 1315 5705 linem
1357 5651 1593 5721 Spiritus
1641 5663 1865 5711 sanctus
1915 5659 2264 5716 vaticinatur.
2320 5659 2394 5713 De

2506 4746 2639 4816 γενῆ
2689 4763 2817 4817 μου·
2850 4747 3022 4800 σῶσόν
3056 4764 3123 4817 με
3157 4749 3221 4800 ἐκ
3254 4746 3517 4815 στόματος
3554 4744 3764 4807 λέοντος
3786 4785 3800 4807 ,
3840 4746 3930 4798 καὶ
3966 4745 4075 4798 ἀπὸ

2506 4838 2750 4909 κεράτων
2782 4838 3164 4911 μονοκερώτων
3209 4837 3304 4908 τὴν
3330 4835 3651 4895 ταπείνωσίν
3681 4853 3801 4906 μου.
3836 4855 3855 4888 ι
3888 4835 4072 4890 Ταῦτα

2503 4930 2559 4983 δὲ
2591 4932 2766 4985 πάντα
2811 4931 2937 5002 περὶ
2981 4928 3371 4998 ἀντικειμένων
3398 4927 3678 4998 δυνάμεων
3720 4929 3953 4997 ἐλέγετο.
3994 4930 4070 4983 Οὐ

2507 5022 2665 5091 μόνον
2714 5022 2770 5075 δὲ
2814 5024 2892 5086 εἰς
2943 5024 3129 5092 χεῖρας
3190 5020 3457 5091 ῥομφαίας
3508 5019 3969 5093 παραδοθήσονται
4020 5024 4071 5075 ot

2500 5114 2901 5186 προλεχθέντες,
2924 5112 3059 5166 ἀλλὰ
3082 5114 3175 5165 καὶ
3204 5112 3696 5183 διασπασθήσονται
3722 5106 3824 5167 ὦδε
3850 5117 4070 5169 κάκεῖσε

2499 5206 2907 5279 περιελκόμενοι
2930 5206 3035 5259 ὑπὸ
3058 5206 3245 5259 δεινῶν
3268 5223 3429 5259 τινων
3457 5206 3548 5259 καὶ
3568 5206 3888 5280 πανούργων
3911 5228 4073 5263 πνευ-

2501 5301 2705 5371 μάτων,
2754 5298 2845 5362 οὒς
2877 5298 3164 5363 ἀλώπεκας
3196 5298 3450 5370 ὀνομάζει
3482 5302 3510 5353 6
3545 5300 3733 5373 παρὼν
3758 5304 3914 5371 λόγος
3936 5344 3952 5367 ,
3987 5306 4072 5357 διά

2502 5390 2561 5443 τὸ
2595 5390 3010 5445 καταδεδυκέναι
3044 5389 3138 5443 καὶ
3184 5392 3296 5453 τοῖς
3329 5394 3626 5447 κατωτάτω
3669 5398 3857 5465 μυχοῖς
3887 5398 4073 5467 ἐμφω-

2503 5484 2694 5538 λεύειν.
2731 5478 2889 5538 Οὗτοι
2920 5482 2963 5535 δ’
2996 5478 3089 5536 οὖν
3123 5485 3173 5536 oi
3205 5483 3487 5550 ἀλώπεκες
3519 5486 3706 5559 ῶσπερ
3737 5488 3945 5559 εὕρεμα
3972 5489 4071 5553 τὰς

2500 5578 2616 5630 ἐκεῖ
2672 5575 3115 5654 καταπιπτούσας
3163 5576 3339 5647 ψυχὰς
3393 5580 3502 5635 τών
3556 5580 3768 5633 ἁσεῦὦν
3819 5579 4070 5645 λαϐόντες

2498 5666 2919 5737 διαρπάζουσιν,
2964 5668 3043 5730 είς
3084 5670 3309 5733 ἑαυτοὺς
3344 5670 3513 5733 αὐτὰς
3558 5670 3918 5742 μεριζόμενοι.
3960 5672 4072 5728 Καὶ

812 5840 815 5843 λ
907 5788 946 5818 ’¹²
986 5788 1141 5845 Deut.
1180 5808 1251 5853 Iv,
1289 5793 1375 5847 ὅθ.
1453 5796 1497 5826 9³
1538 5795 1736 5867 Ephes.
1772 5814 1844 5865 ιν,
1882 5800 1967 5855 10.
2045 5802 2089 5835 ’³
2125 5801 2227 5858 Job
2264 5822 2422 5860 xxxvi

2542 5809 2631 5875 l6,
2667 5809 2750 5863 l7.
2828 5811 2875 5842 "
2908 5809 3323 5880 Ρεσ1.,λχι,21,
3348 5812 3419 5867 ετ

907 5906 978 5975 (ι)
1011 5906 1064 5961 In
1094 5908 1300 5979 Bibliis,
1338 5917 1538 5984 πηγήν.
