4402 6394
387 469 498 531 615

1544 463 2042 526 COMMENTARIA
2080 466 2142 521 IN
2181 436 2551 527 pSALMos."

3507 470 3612 539 ομ

389 583 498 642 τῶν
531 584 627 656 μὲν
651 586 861 641 ἀσεϐῶν
886 588 1123 641 τοιοῦτον
1156 586 1371 640 ἔσεσθαι
1401 586 1461 640 τὸ
1487 586 1637 650 τέλος
1651 587 1711 639 τὸ
1731 585 1955 655 Πνεῦμα
1983 582 2127 653 Αίιιε

1880 601 1955 655 μα
1983 582 2206 653 Αίιιειο
2234 593 2437 651 autem,
2471 586 2565 657 qui
2609 600 2775 656 supra
2826 594 3123 642 memorata
3154 587 3410 657 praeclara
3445 604 3610 660 opera

388 675 448 728 τὸ
479 676 629 743 ἅγιον
659 676 917 741 θεσπίζει.
947 679 1088 749 Περὶ
1120 678 1175 731 δὲ
1205 679 1296 731 τοῦ
1348 677 1553 731 δικαίου
1581 676 1675 731 τοῦ
1719 675 1789 729 τά
1824 693 1956 747 προ-

387 766 643 837 λεχθιέντα
668 771 1087 840 κατωρθωκότος
1122 770 1365 841 ἐπιφέρει
1396 769 1550 837 λέγον
1569 786 1581 799 ·
1625 786 1659 826 ε,
1685 769 1742 821 '0
1774 768 1830 821 δὲ
1864 767 1954 837 βα-

389 860 567 923 σιλεὺς
615 861 1042 930 εὐφρανθήσεται
1088 862 1179 913 ἐπὶ
1227 860 1303 930 τῷ
1344 860 1494 929 Θεῷ·
1545 858 1953 928 ἐπαινεθήσεται

387 952 494 1013 πᾶς
519 953 547 1003 6
571 952 784 1021 ὀμνύων
814 954 867 1004 ὲν
892 952 1037 1021 αύτῷ
1057 969 1069 982 ⁸
1103 954 1183 1004 ὃτι
1231 952 1506 1023 ὲνεφράγη
1537 952 1709 1021 στόμα
1732 950 1965 1003 λαλούν-Δ

385 1060 492 1095 των
523 1043 702 1097 ἄδικα.
735 1062 752 1095 ι
786 1044 995 1114 Σφόδρα
1026 1044 1340 1114 παραδόξως
1379 1043 1611 1097 ἐνταῦθα
1643 1041 1704 1095 τὸ
1735 1042 1826 1093 τοῦ
1860 1041 1953 1110 βα-

388 1128 574 1196 σιλέως
620 1134 865 1203 εἰσῆκται
896 1135 1092 1204 ὄνομα*
1124 1134 1283 1186 Δαυῒδ
1334 1135 1428 1204 μὲν
1461 1132 1568 1204 γὰρ
1618 1133 1830 1201 φεύγων
1862 1131 1951 1183 τὸν

385 1223 574 1287 Σαοὺλ,
607 1225 699 1276 καὶ
730 1226 829 1296 τὴν
869 1226 1069 1295 ἔρημον
1094 1224 1191 1295 τῆς
1225 1224 1485 1287 Ἰουδαίας
1520 1223 1682 1277 οἰκῶν
1711 1223 1829 1276 καθ’
1861 1222 1951 1287 οὓς

384 1314 553 1368 ταῦτα
587 1316 734 1383 ἔλεγε
766 1318 1009 1389 χρόνους,
1045 1312 1334 1379 δείκνυται,
1368 1317 1429 1369 οὑ
1467 1316 1571 1387 μὴν
1602 1316 1700 1386 ήδη
1731 1333 1831 1367 που
1868 1314 1952 1383 βα-

387 1406 608 1459 σιλεύων
628 1425 641 1437 ·
666 1408 835 1461 Σαοὺλ
862 1408 939 1471 δὲ,
969 1406 1184 1478 κρατῶν
1212 1406 1305 1460 τοῦ
1330 1407 1534 1481 ἔθνους,
1556 1406 1655 1474 τῆς
1679 1404 1951 1475 βασιλείας

382 1500 585 1569 ἠγεῖτο.
631 1499 789 1562 Ποῖος
837 1496 929 1552 οὖν
974 1499 1226 1567 βασιλεὺς
1269 1498 1703 1569 εὐφρανθήσεται
1753 1497 1842 1547 ἐπὶ
1872 1493 1950 1563 τῷ

382 1589 529 1659 Θεῷ;
564 1589 701 1641 Ἀλλ’
735 1592 850 1661 ἐρεῖ
892 1606 974 1652 τις
1022 1590 1161 1643 κατά
1203 1590 1508 1659 πρόγνωσιν
1538 1586 1631 1638 τοῦ
1670 1585 1949 1656 μέλλοντος

382 1679 540 1733 αὑτὸν
572 1678 924 1749 σημαίνεσθαι
952 1680 1038 1732 τὸν
1070 1680 1229 1732 Δαυῖδ
1250 1698 1261 1708 ·
1296 1678 1494 1749 ἤμελλε
1517 1678 1624 1748 γὰρ
1648 1679 1768 1729 ὅσον
1798 1674 1949 1727 οῦπω

380 1770 796 1839 τελευτήσαντος
827 1769 916 1823 τοῦ
953 1769 1121 1824 Σαοὺλ
1184 1770 1483 1839 βασιλεύειν
1509 1768 1689 1831 αὐτός.
1727 1769 1950 1838 Ἕτερος

382 1858 438 1911 δέ
487 1875 617 1929 φησι
661 1860 754 1912 καὶ
792 1861 899 1912 τότ’
947 1860 1048 1930 ἤδη
1102 1858 1325 1929 βασιλέα
1361 1856 1499 1913 εἶναι
1532 1844 1725 1912 αὐτόν·
1763 1858 1947 1927 ἐπειδὴ

382 1927 634 2020 κέχριστο
664 1951 768 2003 ὑπὸ
793 1951 887 2003 τοῦ
922 1927 1171 2021 Σαμουηλ
1196 1953 1276 2014 εἰς
1315 1950 1560 2021 βασιλέα,
1584 1950 1676 2004 καὶ
1703 1949 1850 2020 παρά
1872 1949 1949 2020 τῷ
1981 1927 2019 1980 Β

380 2039 498 2111 Θεῷ
536 2040 808 2109 λελόγιστο
841 2041 940 2111 ήδη
979 2039 1230 2111 βασιλεύς
1253 2057 1265 2069 °
1299 2042 1357 2093 ού
1396 2041 1501 2112 μὴν
1529 2039 1662 2093 ἀλλά
1698 2042 1793 2094 καὶ
1822 2041 1949 2093 ἐδα-

382 2131 554 2184 σίλευε
590 2132 684 2185 τοῦ
714 2133 962 2195 συνόντος
999 2132 1146 2204 αὐτῷ
1200 2132 1432 2204 πλήθους
1456 2171 1471 2197 ,
1513 2126 1573 2185 οῦ
1616 2132 1883 2203 μέμνηται
1917 2133 1949 2202 ή

383 2222 614 2293 ἱστορία.
648 2222 801 2275 Ἐπεὶ
823 2222 999 2275 τοίνυν
1031 2220 1092 2274 τὸ
1123 2221 1273 2285 τέλος
1303 2220 1411 2274 τῶν
1437 2220 1764 2274 ἐλαυνόντων
1791 2220 1950 2273 αὐτὸν

380 2313 718 2384 παρέστησεν
741 2314 769 2365 6
796 2313 971 2380 λόγος,
999 2312 1221 2376 εἰκότως
1249 2313 1343 2365 καὶ
1373 2310 1535 2365 αὑτοῦ
1556 2311 1629 2371 ὡς
1656 2310 1721 2363 ἂν
1751 2310 1950 2381 πολλὴν

378 2406 752 2478 ὲνδειξαμένου
790 2405 1073 2477 προκοπὴν
1101 2404 1171 2457 τά
1198 2403 1328 2473 τέλη
1374 2402 1481 2455 τῶν
1528 2403 1703 2457 πόνων
1741 2418 1951 2473 προφη-

376 2499 611 2553 τεύεται.
642 2497 731 2551 Διὸ
761 2497 1010 2565 λέγεταί·
1036 2515 1054 2547 ι
1078 2497 1134 2549 '0
1161 2496 1219 2549 δὲ
1251 2494 1502 2564 βασιλεὺς
1527 2494 1948 2565 εὐφρανθήσεται

377 2591 469 2644 ἐπὶ
493 2589 571 2662 τῷ
593 2589 726 2660 Θεῷ.
746 2609 764 2640 ι
794 2589 882 2652 Ὠς
902 2576 1276 2658 γὰρ’γενναῖος
1301 2586 1396 2638 τοῦ
1416 2584 1550 2638 Θεοῦ
1576 2584 1828 2653 ἀθλητὴς,
1854 2602 1947 2654 με-

375 2683 573 2752 γάλους
614 2680 829 2749 ἀγῶνας
876 2677 1186 2743 διεξελθὼν,
1230 2677 1499 2749 βραϐείων
1542 2693 1601 2728 τε
1646 2677 1739 2728 καὶ
1790 2674 1947 2729 θείων

378 2774 651 2844 στεφάνων
679 2771 1111 2842 κατηξιωμένος,
1141 2768 1475 2841 εὐφροσύνης
1510 2767 1807 2822 ἀπολαύσει
1848 2768 1947 2837 τῆς

375 2867 506 2938 παρ’
539 2865 688 2936 αὐτῷ
713 2864 791 2935 τῷ
824 2862 1152 2934 ἀγωνοθέτῃ.
1184 2862 1390 2934 Ὥσπερ
1421 2861 1529 2931 γὰρ
1559 2862 1607 2924 oi
1634 2860 1816 2934 ἐχθροὶ
1846 2860 1943 2911 αύ-

373 2958 468 3011 τοῦ
497 2957 647 3021 τέλος
670 2958 769 3010 οὐκ
796 2956 969 3011 αἴσιον
995 2954 1299 3026 εἰλήφασιν,
1329 2955 1408 3017 είς
1438 2954 1507 3007 τά
1541 2952 1828 3007 κατώτατα
1850 2952 1948 3021 τῆς

374 3052 476 3123 γῆς
511 3049 870 3115 εἰσελθόντες,
904 3049 997 3102 καὶ
1048 3046 1446 3119 παραδοθέντες
1478 3047 1556 3109 είς
1588 3048 1771 3117 χεῖρας
1818 3046 1949 3114 ῥομ-

375 3143 572 3211 φαίας,
619 3141 833 3213 μερίδες
862 3157 922 3193 τε
976 3139 1272 3192 ἀλωπέκων
1316 3137 1627 3207 γενόμενον
1675 3134 1710 3189 ἃ
1753 3133 1815 3204 δὴ
1856 3133 1949 3186 καὶ

375 3233 675 3305 ἐπληροῦτο
714 3234 849 3305 πρὸς
877 3231 1019 3297 λέξιν
1059 3231 1201 3286 κατά
1238 3229 1334 3301 τὴν
1379 3229 1647 3301 ἱστορίαν,
1682 3228 1944 3297 ὁπηνίκα,
1974 3266 2016 3322 c

376 3323 591 3392 φεύγων
613 3325 641 3375 6
671 3321 841 3376 Σαοὺλ
866 3324 992 3384 τοὺς
1020 3319 1329 3390 πολεμίους,
1355 3317 1743 3391 ὲκρυπτάζετο,
1768 3317 1944 3388 ζητῶν

374 3432 432 3467 τε
462 3414 611 3485 παρὰ
636 3415 728 3468 τοῦ
762 3414 895 3467 Θεοῦ
932 3412 1199 3483 βοήθειαν,
1229 3413 1327 3481 οὐχ
1371 3412 1621 3479 εὕρισκεν
1643 3429 1654 3439 ·
1687 3410 1799 3463 ἀλλ’
1826 3410 1943 3463 οὐδὲ

375 3508 719 3578 ἀποκρίσεως
751 3505 900 3568 θείας
927 3503 1171 3573 ἠξιοῦτο·
1197 3503 1272 3566 ὡς
1297 3501 1560 3555 διὰ-τοῦτ’
1591 3501 1760 3554 έλθείν
1782 3502 1943 3555 αὐτὸν

375 3600 469 3651 ἐπὶ
494 3599 591 3669 τὴν
611 3595 1065 3668 ἑγγαστρίμυθον,
1090 3595 1182 3647 καὶ
1210 3592 1680 3664 πολυπραγμονεῖν
1710 3593 1778 3646 τά
1802 3594 1944 3662 ἀπη-

373 3689 677 3762 γορευμένα
707 3688 812 3742 ὑπὸ
837 3686 934 3741 τοῦ
966 3687 1124 3741 Θεοῦ.
1149 3686 1281 3739 Τότε
1312 3683 1442 3753 γοῦν
1475 3682 1690 3754 ἀληθῶς
1727 3684 1943 3755 μερίδες

375 3784 670 3845 ἀλωπέκων
707 3782 991 3851 γεγόνασιν
1023 3779 1183 3844 αὑτός
1216 3796 1274 3832 τε
1318 3778 1413 3833 καὶ
1449 3779 1496 3830 οἱ
1523 3777 1618 3830 σὺν
1651 3775 1815 3846 αὐτῷ.
1851 3775 1941 3828 Διό

377 3877 470 3930 καὶ
501 3873 947 3945 καταλειφθέντες
973 3873 1079 3925 ὑπὸ
1104 3870 1196 3925 τοῦ
1230 3870 1365 3925 Θεοῦ
1391 3910 1404 3935 ,
1432 3872 1498 3941 τῇ
1524 3867 1631 3922 τῶν
1671 3868 1939 3937 πολεμίων

378 3967 622 4040 ῥομφαία
642 3966 1013 4039 παρεδόθησαν
1032 3965 1285 4027 πεσόντες
1306 3965 1364 4016 ὲν
1385 3962 1462 4033 τῷ
1488 3960 1938 4032 πολέμῳ.Ὦσπερ

379 4055 467 4120 οὖν
494 4058 665 4112 ταῦτα
701 4058 927 4129 μηδέπω
957 4058 1223 4128 γενόμενα
1254 4055 1394 4109 κατὰ
1422 4053 1725 4125 πρόγνωσιν
1756 4052 1939 4121 εἴρητο

378 4150 638 4222 μέλλοντα
678 4149 893 4217 ἔσεσθαι
936 4152 1047 4212 τοῖς
1093 4148 1181 4202 τὸν
1226 4146 1387 4200 Δαυῒδ
1419 4144 1759 4198 ἐλαύνουσινο
1798 4142 1938 4197 οὕτω

375 4243 468 4294 καὶ
493 4239 639 4312 αὐτῷ
662 4239 732 4293 τά
758 4240 909 4293 αἴσια
934 4236 1060 4307 τέλη
1082 4235 1144 4288 τὸ
1173 4234 1393 4305 Πνεῦμα
1414 4232 1473 4286 τὸ
1502 4233 1653 4300 ἅγιον
1678 4228 1936 4300 ἀνεφώνει

371 4331 529 4399 λέγον
548 4347 560 4360 ’
596 4330 692 4382 (Ὀ
724 4329 780 4382 δὲ
811 4328 1059 4400 βασιλεὺς
1083 4323 1514 4397 εὐφρανθήσεται
1544 4322 1634 4375 ἐπὶ
1657 4321 1733 4392 τῷ
1751 4320 1886 4391 Θεῷ.
1912 4339 1931 4372 ι

386 4419 641 4486 Ἐλπίσας
673 4420 781 4491 γὰρ
823 4420 917 4472 ἐπὶ
966 4417 1055 4470 τὸν
1082 4416 1212 4470 Θεὸν
1232 4458 1246 4481 ,
1299 4417 1392 4469 καὶ
1437 4415 1535 4486 τὴν
1567 4414 1729 4468 αὑτοῦ
1760 4412 1936 4485 ψυχὴν

375 4513 613 4580 συνάψας
640 4513 815 4585 αὐτῷ,
844 4512 919 4576 ὡς
942 4512 1113 4563 εἰπεῖν
1134 4514 1153 4572 ’,
1193 4529 1211 4563 ι
1249 4508 1540 4581 Ἐκολλήθη
1585 4510 1618 4581 ή
1655 4506 1799 4579 ψυχή
1834 4524 1935 4577 μου

2055 677 2244 743 edidit,
2298 677 2415 732 haec
2468 676 2786 748 subjungit:
2856 676 3013 732 «Rex
3066 693 3196 732 vero
3237 678 3507 734 laetabitur
3554 680 3610 735 in

2054 762 2206 818 Deo:
2247 764 2613 819 laudabuntur
2645 780 2832 821 omnes
2877 766 2971 836 qui
3007 766 3194 836 jurant
3251 766 3304 820 in
3342 782 3429 831 eo,
3482 769 3611 838 quia

2052 855 2392 910 obstructum
2420 863 2503 910 est
2545 870 2607 911 os
2640 856 2977 925 loquentium
3026 857 3265 927 iniqua.»
3314 857 3509 912 Mirum
3553 860 3609 913 in

2053 947 2272 1000 modum
2310 946 2400 1001 hic
2431 949 2575 1017 regis
2610 963 2808 1003 nomen
2850 947 3132 1002 inductum
3167 956 3286 1004 est:
3339 951 3607 1020 siquidem

2053 1040 2222 1094 David
2253 1056 2399 1103 cum,
2446 1050 2505 1095 ut
2529 1042 3045 1119 demonstravimus,
3082 1058 3191 1112 quo
3222 1050 3464 1113 tempore
3497 1044 3609 1098 haec

2052 1132 2269 1186 dicebat
2314 1148 2343 1185 a
2385 1131 2546 1188 Saule
2597 1134 2827 1205 fugeret,
2865 1134 3251 1203 desertumque
3293 1132 3494 1188 Iudaeae
3524 1134 3611 1188 in-

2051 1226 2272 1289 coleret,
2308 1227 2548 1279 nondum
2584 1243 2677 1281 rex
2712 1238 2832 1281 erat
2857 1268 2872 1294 ,
2924 1226 3019 1281 sed
3074 1224 3205 1281 Saul
3237 1227 3383 1295 genti
3422 1226 3606 1294 impe-

2012 1356 2019 1363 .
2050 1332 2179 1369 rans
2222 1332 2446 1385 regnum
2481 1318 2781 1382 obtinebat.
2816 1318 2950 1383 Quis
2975 1332 3103 1386 ergo
3134 1332 3226 1370 rex
3259 1316 3530 1369 laetabitur
3551 1316 3605 1369 in

2049 1404 2194 1456 Deo?
2254 1402 2357 1457 Sed
2408 1406 2550 1459 dicet
2605 1401 2897 1475 quispiam,
2949 1422 3013 1460 ex
3046 1406 3387 1475 praescientia
3438 1404 3606 1458 futuri

2048 1499 2223 1566 ipsum
2254 1497 2511 1552 Davidem
2549 1500 2825 1554 indicare:
2858 1500 3007 1554 brevi
3039 1514 3291 1567 namque,
3321 1509 3443 1566 post
3470 1512 3611 1552 mor-

2048 1599 2153 1645 tem
2192 1590 2390 1654 Saulis,
2427 1598 2756 1659 regnaturus
2782 1593 2894 1659 ipse
2928 1598 3063 1645 erat.
3113 1589 3266 1643 Dicet
3296 1591 3459 1652 alius,
3492 1590 3606 1659 jam

2048 1689 2160 1735 tum
2198 1681 2451 1735 Davidem
2487 1681 2656 1736 fuisse
2698 1696 2900 1751 regem,
2943 1687 3130 1750 utpote
3182 1694 3211 1732 a
3249 1678 3506 1733 Samuele
3550 1680 3606 1733 in

2048 1790 2228 1844 regem
2262 1782 2508 1840 unctum,
2544 1782 2706 1843 atque
2734 1781 2791 1827 ut
2842 1774 3002 1827 talem
3043 1786 3071 1824 a
3108 1771 3217 1826 Deo
3253 1772 3601 1840 reputatuni;

2051 1867 2159 1921 imo
2189 1867 2351 1920 etiam
2384 1873 2515 1920 tunc
2550 1866 2808 1934 temporis
2849 1860 3123 1934 regnasse
3144 1863 3195 1915 in
3230 1872 3447 1932 gentem
3482 1876 3604 1915 sese

2050 1958 2423 2019 comitantem,
2478 1955 2637 2024 cujus
2678 1954 2927 2007 meminit
2972 1953 3219 2005 historia.
3266 1949 3405 2016 Quia
3442 1950 3605 2019 igitur

2051 2050 2449 2119 insequentium
2480 2050 2657 2119 ipsum
2696 2047 2855 2101 linem
2891 2060 3070 2100 sermo
3100 2038 3429 2107 declaraxit,
3463 2056 3599 2094 con-

2050 2149 2340 2211 sequenter
2382 2142 2556 2211 ipsius
2597 2154 2833 2210 quoque.
2888 2145 3074 2206 utpote
3129 2151 3324 2204 magno
3356 2131 3601 2203 proiectu

2050 2234 2218 2289 aucti,
2254 2232 2500 2285 laborum
2545 2229 2705 2284 ﬁnem
2737 2228 3087 2282 vaticinatur.
3145 2224 3325 2290 Quare
3363 2222 3600 2276 dicitur:

2057 2343 2074 2375 ι
2106 2322 2220 2379 Rex
2250 2338 2378 2380 vero
2410 2322 2681 2376 laetabitur
2711 2321 2765 2373 in
2817 2318 2978 2373 Deo.»
3032 2316 3164 2369 Nam
3196 2325 3253 2368 ut
3304 2327 3603 2384 generosus

2050 2415 2141 2470 Dei
2175 2415 2398 2477 athleta,
2459 2413 2669 2483 magnis
2717 2401 2879 2465 editis
2922 2407 3333 2468 certaminibus,
3350 2398 3605 2475 praemiis

2049 2507 2355 2574 divinisque
2395 2505 2615 2559 coronis
2653 2504 2908 2564 donatus,
2942 2516 3027 2561 ea.
3064 2515 3185 2569 qua:
3218 2513 3381 2567 penes
3422 2497 3602 2564 ipsum

2049 2598 2426 2667 agonothetam
2478 2603 2577 2655 τοι,
2619 2596 2799 2649 laetitia
2837 2594 3068 2647 fruetur.
3138 2589 3208 2645 Ut
3258 2606 3289 2643 e
3339 2600 3606 2642 converso

2049 2689 2251 2741 inimici
2269 2688 2387 2754 ejus
2414 2702 2519 2739 non
2552 2686 2787 2739 faustum
2818 2686 2977 2737 linem
3007 2684 3382 2741 obtinuerunt,
3407 2678 3606 2749 quippe

2046 2779 2139 2850 qui
2167 2778 2221 2831 in
2252 2777 2509 2831 inferiora
2539 2783 2699 2829 terra:
2733 2774 2988 2842 ingressi.
3021 2780 3074 2826 et
3102 2771 3285 2823 traditi
3328 2769 3383 2822 in
3407 2780 3604 2819 manus

2048 2874 2229 2944 gladii,
2265 2880 2442 2941 partes
2496 2868 2733 2937 vulpium
2779 2865 2999 2919 fuerint.
3059 2862 3191 2927 Qua
3233 2858 3301 2912 ad
3361 2858 3602 2911 litteram

2049 2967 2266 3035 impleta
2295 2976 2417 3016 esse
2450 2962 2505 3013 in
2550 2956 2779 3012 historia
2828 2960 3104 3015 narratur,
3136 2949 3354 3021 quando
3397 2948 3464 3002 ab
3496 2946 3604 3000 ini-

2048 3056 2207 3109 micis
2253 3052 2464 3122 fugiens
2498 3048 2626 3104 Saul
2668 3048 2907 3101 latebras
2935 3038 3234 3114 quaerebat,
3270 3040 3605 3110 petitamque

2049 3145 2210 3201 aDeo
2264 3160 2420 3214 apem
2464 3158 2572 3198 non
2600 3141 2857 3202 obtinuit,
2893 3152 3068 3206 neque
3111 3134 3290 3187 divino
3343 3143 3604 3213 responso

2050 3238 2306 3307 dignatus
2332 3246 2455 3303 est;
2491 3238 2565 3289 ila
2614 3244 2673 3288 ut
2716 3233 2839 3288 ideo
2888 3226 3373 3300 engastrimytham
3406 3222 3602 3284 adiret,

2049 3338 2102 3384 et
2141 3344 2170 3382 a
2200 3328 2307 3383 Deo
2342 3328 2510 3381 vetita
2541 3325 2811 3379 curiosius
2844 3321 3162 3390 inquireret.
3217 3313 3370 3391 Tunc
3412 3323 3601 3365 revera

2051 3430 2231 3492 partes
2272 3420 2513 3490 vulpium
2542 3402 2728 3479 fuere,
2764 3429 2886 3468 cum
2919 3413 3028 3473 ille,
3050 3418 3163 3462 tum
3188 3404 3414 3459 comites
3459 3401 3603 3470 ejus.

1992 3508 1996 3512 ’
2048 3491 2229 3580 Quare
2250 3514 2346 3567 abs
2382 3510 2491 3565 Deo
2517 3507 2785 3570 derelicti,
2811 3500 2995 3575 gladio
3023 3498 3370 3555 inimicorum
3417 3491 3617 3553 traditi,

2048 3610 2197 3665 sunt,
2228 3611 2282 3656 et
2314 3602 2368 3654 in
2404 3601 2546 3655 bello
2568 3597 2904 3652 ceciderunt.
2964 3591 3115 3645 Sicut
3153 3583 3602 3657 igiturrilla‘non-

2047 3692 2176 3745 dum
2212 3691 2377 3752 edita,
2411 3684 2829 3757 insequentibus
2870 3680 3125 3757 Davidem
3164 3677 3486 3738 obventura,
3531 3685 3600 3724 ex

2046 3784 2386 3855 praescientia
2416 3780 2904 3840 renuntiabantur,
2936 3775 3010 3827 ita
3031 3778 3084 3837 et
3116 3770 3219 3837 ipsi
3247 3764 3435 3820 Davidi
3468 3777 3598 3834 pro-

2045 3890 2262 3945 sperum
2290 3873 2448 3927 ﬁnem
2487 3869 2723 3940 Spiritus
2744 3875 2967 3921 sanctus
2996 3860 3319 3931 pradicebat
3359 3855 3443 3910 his
3472 3867 3595 3909 ver-
3632 3909 3639 3914 _

2048 3971 2152 4034 bis,
2191 3988 2209 4020 ι
2235 3966 2350 4025 Rex
2379 3980 2509 4020 vero
2532 3962 2800 4023 laatabitur
2830 3959 2885 4012 in
2930 3955 3123 4011 Deoa'
3160 3951 3295 4036 Cum
3343 3946 3487 4003 enim
3540 3945 3596 4000 in

2045 4061 2155 4116 Deo
2198 4074 2347 4130 spem
2384 4054 2646 4127 posuerit,
2699 4052 2911 4121 ipsique
2958 4048 3195 4101 animam
3247 4036 3592 4109 coniunxerit

2042 4166 2218 4215 suam,
2248 4152 2322 4204 ita
2351 4156 2411 4202 ut
2445 4147 2612 4206 dicat,
2650 4162 2667 4194 ι
2691 4141 2933 4196 Adhaesit
2964 4138 3145 4192 anima
3172 4148 3290 4189 mea
3324 4137 3444 4202 post
3466 4136 3587 4215 te,»

2044 4212 2393 4313 supervnama
2424 4238 2532 4292 Deo
2589 4234 2827 4290 lstitiam
2883 4226 3167 4284 obtinebit.
3225 4222 3303 4278 Ac
3345 4212 3596 4313 quisquis

2045 4304 2243 4388 haedo
2271 4346 2331 4384 re
2355 4328 2595 4398 juravit,‘
2613 4331 2673 4379 ut
2705 4322 2843 4377 bene
2875 4318 3085 4389 prolato
3128 4304 3594 4398 jurameiitoilau-

2043 4426 2299 4488 dabitur;
2357 4395 2509 4484 sive,
2539 4395 2836 4474 Rcundum
2880 4408 3148 4478 Aquilam,
3215 4419 3232 4451 ι
3260 4395 3594 4488 Gloriabitur

2041 4518 2133 4592 qui
2156 4486 2305 4587 jurat
2329 4515 2382 4568 in
2416 4527 2534 4567 eo.)
2576 4509 2709 4563 Nam
2738 4502 2985 4575 quisquis
3024 4495 3156 4550 nihil
3190 4492 3466 4592 dubitans,
3501 4486 3593 4556 ju-

371 4607 544 4662 ὀπίσω
572 4624 665 4660 σου
687 4648 701 4671 ,
738 4626 756 4659 ›
796 4609 896 4679 τῆς
944 4606 1202 4661 ἀνωτάτω
1238 4600 1484 4667 τεύξεται
1535 4599 1683 4670 παρὰ
1714 4599 1792 4670 τῷ
1818 4600 1936 4671 θεῷ
1968 4617 2013 4674 D
2042 4583 2109 4662 "-al

1848 4600 1936 4671 ⁵εῷ
1968 4617 2013 4674 ι)
2042 4583 2286 4662 ramento
2320 4598 2684 4659 alﬁrmarerit,
2735 4606 2915 4662 regem
2947 4606 2975 4641 a
3007 4583 3282 4656 proposita
3315 4584 3413 4650 spe
3442 4593 3586 4632 nun-

372 4700 723 4772 εὐφροσύνης.
758 4670 1002 4763 Καίήπᾶς
1039 4698 1095 4751 δὲ
1120 4699 1151 4750 6'
1180 4696 1272 4749 ἐπὶ
1316 4693 1523 4772 τούτοις
1553 4691 1719 4761 ὀμνὺς
1760 4692 1835 4753 ὡς
1875 4670 1939 4746 ἂν
1971 4670 2001 4674 —
2042 4717 2110 4771 qu

1875 4670 1939 4746 ἅλ’
1971 4670 2001 4674 —
2042 4714 2203 4771 quam
2233 4698 2509 4765 lapsurum
2546 4701 2687 4749 esse,
2724 4691 2785 4736 ut
2839 4680 2932 4751 qui
2979 4684 3126 4733 recte
3155 4671 3442 4745 iuraverit,
3474 4670 3590 4772 lau:

370 4791 610 4862 εὐορκῶν
636 4785 1050 4862 ἐπαινεθήσεται
1071 4805 1085 4820 ο
1116 4788 1149 4860 ἢ
1179 4787 1319 4842 κατά
1352 4770 1452 4839 τὸν
1470 4780 1721 4844 Ἀκύλαν,
1758 4804 1775 4834 ι
1796 4786 1944 4837 Καυ-

372 4886 593 4962 χήσεται
618 4886 646 4936 6
670 4883 883 4954 ὀμνύων
910 4885 970 4936 ὲν
992 4881 1160 4953 αὐτῷ.
1195 4902 1211 4934 ι
1248 4882 1306 4935 Ὁ
1332 4883 1439 4954 γὰρ
1466 4882 1538 4952 μὴ
1567 4872 1963 4954 ἀμφιϐάλλων,ο

372 4976 504 5030 ἀλλά
540 4979 633 5030 καὶ
672 4978 832 5049 ὅρκον
858 4976 1138 5048 τιθέμενος
1178 4975 1305 5046 περὶ
1337 4974 1430 5028 τοῦ
1460 4975 1663 5046 μήποτε
1697 4972 1943 5024 ἐκπεσεῖ-

373 5068 493 5126 σθαι
524 5071 614 5125 τὸν
643 5072 865 5142 βασιλέα
905 5072 1005 5142 τῆς
1033 5066 1448 5140 ἐπηγγελμένης
1473 5065 1712 5128 ἐλπίδος,
1744 5061 1941 5113 ὡσανεὶ

371 5164 641 5236 εύορκῶν,
684 5165 1121 5237 ἐπαινεθήσεται.
1157 5158 1268 5214 Καὶ
1305 5157 1475 5210 ταῦτα
1508 5156 1657 5208 ἔσται
1694 5153 1821 5223 περὶ
1851 5151 1940 5204 τὸν

374 5255 590 5328 βασιλέα
606 5256 700 5308 καὶ
721 5258 853 5327 περὶΔ
871 5257 1045 5309 πάντα
1057 5253 1149 5307 τὸν
1175 5250 1413 5323 ὀμνύντα
1440 5248 1566 5319 περὶ
1589 5243 1807 5303 αὐτοῦ.‹
1822 5244 1939 5296 Ὅτι

372 5348 642 5420 ὲνεφράγη
671 5346 731 5401 τὸ
765 5348 942 5416 στόμα
965 5346 1267 5399 λαλούντων
1297 5341 1479 5396 ἄδικα.
1523 5357 1542 5390 ›
1580 5336 1717 5391 Καθ’
1748 5336 1940 5406 ἑτέραν

370 5443 425 5496 δὲ
450 5441 685 5496 διάνοιαν
723 5436 814 5491 τοῦ
842 5436 1049 5489 δικαίου
1093 5432 1463 5511 τελειουμένου
1498 5427 1637 5483 κατά
1675 5426 1771 5489 τάς
1803 5428 1938 5480 ἀπο-

370 5533 611 5595 δοθείσας
638 5532 694 5583 ἐν
724 5530 889 5600 ἀρετῇ
922 5526 1205 5599 προκοπὰς
1225 5564 1239 5589 ,
1269 5525 1447 5594 χαίρει
1471 5522 1565 5573 καὶ
1591 5520 1938 5589 εὐφραίνεται

370 5628 400 5681 6
433 5624 683 5697 βασιλεὺς
706 5624 781 5687 ,6
814 5620 909 5673 τοῦ
955 5618 1089 5673 Θεοῦ
1119 5615 1425 5685 Μονογενὴς
1453 5612 1578 5675 Υἱὸς
1603 5611 1937 5682 εὐχαριστῶν

371 5717 447 5788 τῷ
476 5714 667 5770 ἑαυτοῦ
701 5712 894 5783 Πατρὶ,
916 5710 994 5782 τῷ
1023 5709 1091 5762 τὰ
1114 5707 1413 5781 τηλικαῦτα
1435 5703 1746 5788 χαρίσματα
1777 5702 1938 5755 δεδω-

624 5808 690 5876 τῇ
728 5776 833 5858 τῶν
868 5776 1353 5874 ἀιθρώπωννφύσε.
1393 5776 1590 5849 Τοῦτον
1626 5793 1681 5846 δὲ
1722 5790 1810 5845 τὸν
1840 5791 1936 5862 βα-

373 5920 389 5950 ι
409 5898 521 5954 ιλέα
548 5901 575 5953 6
604 5899 782 5967 γνοὺς,
811 5897 903 5950 καὶ
930 5896 1111 5968 ὅρκιον
1137 5891 1299 5948 αὑτοῦ
1335 5888 1647 5958 ποιούμενος
1676 5884 1930 5952 τοῦνομα,

2039 4760 2301 4845 dabitur:
2324 4784 2388 4837 Et
2417 4782 2531 4835 haec
2572 4776 2886 4845 contingent
2916 4778 3031 4825 tum
3078 4767 3213 4839 regi,
3249 4775 3362 4823 tum
3403 4764 3470 4818 iis
3497 4760 3590 4831 qui

2040 4879 2107 4934 de
2145 4880 2261 4949 ipso
2304 4867 2631 4942 juraverint,
2682 4884 2699 4916 ι
2726 4864 2856 4936 quia
2899 4848 3241 4918 obstructum
3285 4862 3369 4911 est
3412 4868 3473 4908 os
3510 4852 3591 4906 lo-

2042 4969 2323 5043 quentium
2353 4962 2560 5031 iniqua.
2586 4976 2606 5011 ›
2659 4956 2972 5013 Secundum
3008 4954 3168 5007 aliam
3210 4962 3338 5004 vero
3373 4951 3599 5000 sentena

2040 5037 2171 5120 tiam
2204 5056 2523 5125 cumjustus
2546 5052 2809 5107 virtutum
2840 5044 3085 5117 profectu
3111 5048 3303 5096 auctus
3332 5037 3589 5090 consum-

2039 5165 2250 5215 matur,
2304 5157 2435 5203 tunc
2478 5145 2676 5216 gaudet
2717 5158 2813 5196 rex
2861 5145 2917 5195 et
2961 5135 3216 5198 exsultat,
3267 5127 3590 5216 Unigenitus

2040 5214 2248 5303 scilicet
2278 5239 2372 5294 Dei
2401 5214 2593 5301 Filius,
2644 5231 2792 5287 Patri
2823 5243 2925 5285 suo
2968 5225 3173 5297 gratias
3200 5219 3463 5279 referens,
3498 5214 3589 5284 qui

2039 5338 2291 5392 humana:
2323 5337 2530 5384 naturae
2566 5315 2716 5379 tanta
2748 5321 3043 5392 gratiarum
3088 5312 3229 5366 dona
3274 5306 3588 5363 contulerit.

2039 5429 2197 5485 Hunc
2255 5437 2420 5494 porro
2467 5433 2648 5491 regem
2698 5415 2791 5486 qui
2834 5410 3065 5471 noverit,
3100 5406 3330 5473 ejusque
3374 5398 3589 5494 nomine

2037 5523 2103 5577 ad
2151 5520 2524 5589 juramentum
2556 5526 2688 5566 usus
2752 5505 2932 5565 fuerit,
2968 5500 3014 5555 is
3059 5512 3190 5554 sane
3241 5493 3387 5589 omni
3428 5486 3588 5587 laude

2038 5578 2233 5681 dignus
2270 5605 2569 5667 habeatur;
2612 5607 2797 5669 utpote
2845 5591 2935 5664 qui
2984 5584 3285 5681 edidicerit,
3320 5578 3584 5679 ejus'vir-

2038 5668 2151 5756 tute
2179 5699 2385 5767 justum
2414 5696 2877 5750 consummatum,
2908 5688 2962 5736 et
2987 5694 3049 5734 os
3080 5674 3354 5767 quo—(lilibet
3380 5668 3590 5767 iniusta

2040 5757 2207 5840 multa
2240 5780 2525 5852 proferens
2555 5778 2897 5832 obstructum
2928 5768 3116 5822 fuisse.
3171 5758 3395 5818 Etiamsi
3441 5757 3587 5811 enim

2038 5882 2323 5947 aliquanto
2363 5881 2611 5941 tempore
2670 5876 2987 5921 concessum
3019 5857 3199 5930 impiis
3232 5852 3352 5917 luit,
3405 5857 3591 5905 utore
