4402 6406
907 464 1017 518 διες

1572 461 1837 517 EUSEBII
1877 460 2348 518 CIESARIENSIS
2382 464 2531 520 OPP.
2576 462 2758 520 PARS
2787 460 2879 517 lli.
2926 488 2992 502 ει-
3031 457 3431 512 ΕΧΙΞΕΕΤΙΟᾹ.

4003 461 4104 515 616

904 582 1107 647 ixsjus’ta
1140 578 1307 632 multa
1363 575 1686 645 proferrent,
1719 584 1773 655 et
1805 576 2119 646 blasphema
2147 576 2293 632 dicta
2322 583 2455 631 co‘n-
2481 592 2524 648 Α
2556 594 2642 628 παπ

2367 583 2455 631 τη·
2481 592 2524 648 Α
2556 577 2753 639 παντὸς
2784 575 2977 642 γένοιτ’
3007 572 3071 625 ἂν
3102 573 3322 625 ἐπαίνου
3357 571 3522 635 ἄξιος,
3554 572 3627 634 ὡς
3657 572 3721 624 ἂν
3757 571 4105 643 μεμαθηκὼς.

903 681 983 722 tra
1036 670 1240 737 justum
1294 668 1579 737 ipsumque
1636 667 1804 722 De'tm
1855 677 2193 739 spargerent,
2242 676 2451 738 utpote,

902 759 993 827 qui
1040 758 1183 809 viros
1216 758 1301 811 sui
1350 772 1518 809 causa
1560 756 1745 821 pulsos
1778 773 1885 809 non
1926 757 2316 822 ulcisceretur;
2346 757 2455 811 illis

899 865 1031 917 sane
1064 864 1170 901 non
1220 850 1568 918 permittetur
1597 860 1656 902 ut
1704 848 1770 902 ad
1806 849 1964 903 linem
2004 865 2176 919 usque
2206 848 2331 901 talia
2360 848 2455 901 de-

899 940 1199 1003 hlatereﬁt;
1257 940 1353 993 sed
1404 954 1466 993 os
1532 938 1758 1007 impium
1824 939 2067 1007 ipsorum
2116 940 2452 1002 obstruetur,

898 1031 1239 1097 ressabitque
1291 1030 1380 1082 illa
1430 1038 1623 1082 contra
1672 1030 1790 1097 pios
1836 1029 2084 1084 homines
2122 1030 2449 1098 arrogantia,

896 1134 1018 1171 eum
1050 1121 1168 1173 illos
1196 1127 1525 1172 memoratus
1555 1119 1677 1172 linis
1714 1119 2007 1189 exceperit.

2553 665 2633 716 ὅτι
2674 664 2738 733 τῇ
2784 661 2947 714 αὑτοῦ
2996 660 3220 729 δυνάμει
3266 662 3358 712 καὶ
3385 664 3412 711 6
3438 660 3639 722 δίκαιος
3671 660 3948 731 ἐτελειώθη
3970 701 3985 725 ,
4017 662 4111 715 καὶ

2556 755 2663 806 πᾶν
2697 753 2864 823 στόμα
2887 751 2949 805 τό
2978 752 3143 805 πολλά
3184 750 3373 802 λαλοῦν
3403 750 3559 802 ἄδικα
3585 751 3874 819 ἐνεφράγη.
3908 752 3971 803 Εἰ
4002 751 4111 822 γὰρ

2554 845 2646 897 καὶ
2673 845 2741 897 τά
2776 845 3007 914 μάλιστα
3034 843 3207 914 καιρῷ
3238 861 3345 894 τινι
3379 845 3727 913 συνεχωρεῖτο
3754 842 3831 911 τῷ
3852 842 3958 894 τῶν
3982 844 4109 895 ἀσε-

2554 938 2662 990 ϐῶν
2705 938 2929 1007 στόματι
2957 936 3133 988 λαλεῖν
3179 918 3337 986 ἄδικα
3373 936 3463 986 καὶ
3511 933 3987 1004 καταϐλασφημεῖν
4017 932 4110 987 τοῦ

2546 1029 2781 1091 ¹δικαίου,
2809 1028 2902 1080 καὶ
2939 1027 3101 1079 αὑτοῦ
3125 1026 3219 1078 τοῦ
3246 1027 3403 1089 Θεοῦ,
3453 1025 3527 1087 ὼς
3560 1025 3721 1095 μηδὲν
3747 1026 4111 1095 ἐπαμύνοντος

2560 1122 2673 1182 τοῖς
2699 1119 2765 1170 δι’
2788 1118 2947 1170 αὑτὸν
2966 1116 3353 1187 ἐλαυνομένοις·
3374 1116 3485 1169 ἀλλ’
3507 1118 3606 1168 ούκ
3629 1118 3705 1177 είς
3724 1116 3872 1178 τέλος
3891 1109 4111 1169 τοιαῦτα

878 1210 1072 1282 ,λαλεῖν
1107 1208 1645 1279 συγχωρηθὴσονται·
1674 1212 2013 1293 φραγήσεται
2057 1211 2114 1263 δὲ
2162 1190 2340 1265 αὐτῶν
2388 1210 2449 1263 τὸ
2484 1210 2676 1273 ἀσεϐὲς
2704 1211 2897 1280 στόμα,
2956 1210 3051 1261 καὶ
3076 1211 3108 1277 ἡ
3140 1210 3279 1263 κατὰ
3308 1210 3415 1261 τῶν
3479 1208 3737 1276 θεοφιλῶν
3770 1208 3977 1279 ἀνδρῶν
4016 1224 4109 1278 με·

897 1301 1162 1369 γαλαυχία
1191 1300 1552 1369 παυθήσεται,
1594 1301 1810 1354 ἐπειδὰν
1854 1300 2133 1372 καταλάϐῃ
2166 1302 2362 1365 αὐτοὺς
2390 1302 2461 1354 τά
2492 1301 2857 1372 προλεχθέντα
2893 1299 3042 1369 τέλη.

1074 1415 1224 1481 ιτιΝ
1254 1413 1462 1467 FlNEM
1493 1413 2055 1481 PSALMUSI‘DAYID
2094 1414 2271 1471 Lxm.

976 1527 1138 1583 Vens.
1173 1527 1229 1589 2,
1264 1528 1316 1581 5.
1372 1546 1390 1576 ι
1416 1526 1644 1591 Exaudi,
1702 1526 1865 1593 Deus,
1914 1528 2219 1582 orationem
2252 1542 2449 1593 meam,

898 1637 1023 1674 cum
1080 1620 1375 1687 deprecor:
1425 1634 1453 1671 a
1497 1620 1689 1697 timore
1751 1620 1958 1674 inimici
2006 1622 2158 1690 eripe
2213 1622 2494 1674 animam-

898 1725 1126 1763 meam.»
1188 1708 1429 1764 Przesens
1462 1725 1677 1780 quoque
1706 1712 1947 1780 psalmus
1978 1711 2033 1764 in
2065 1712 2225 1767 linem
2264 1714 2450 1765 remit-

899 1802 1125 1871 tit,qu0
1154 1801 1337 1855 bravia
1367 1818 1619 1872 superna:
1652 1803 2062 1860 vocationis.et
2092 1804 2320 1872 justitiae
2359 1818 2451 1857 co—

2682 1416 2787 1469 ΕῘΣ
2822 1409 2910 1467 ΤΟ
2947 1416 3163 1468 ΤΕΛΟΣ
3198 1415 3485 1471 ΨΑΛΜΟΣ
3522 1414 3837 1483 ΤῼΔΔΥΙΔ
3872 1412 3987 1466 ΞΓν.

2629 1547 2651 1577 ε
2680 1527 3004 1579 Είσάκουσον
3024 1567 3038 1589 ,
3083 1529 3111 1579 ὀ
3139 1527 3300 1591 Θεὸς,
3330 1526 3632 1596 προσευχῆς
3666 1544 3766 1595 μου
3818 1527 3875 1577 ὲν
3922 1525 3997 1596 τῷ
4024 1524 4110 1576 δέ·

2557 1621 2710 1675 εσθαί
2740 1638 2805 1691 με
2825 1661 2840 1683 ,
2866 1621 2973 1673 ἀπὸ
3000 1621 3163 1687 φόϐου
3190 1619 3382 1690 ἐχθροῦ
3406 1618 3583 1685 ὲξέλου
3609 1620 3705 1689 τὴν
3724 1619 3898 1689 ψυχήν
3930 1634 4050 1687 μου.
4086 1636 4104 1667 ι

2555 1713 2665 1766 Καὶ
2692 1714 2721 1764 6
2756 1712 2943 1781 παρὼν
2967 1711 3177 1782 ψαλμὸς
3212 1713 3291 1774 εἰς
3322 1710 3382 1762 τὸ
3410 1710 3558 1772 τέλος
3596 1710 3937 1779 ἀναπέμπει·
3974 1709 4030 1760 ὲν
4066 1700 4113 1773 ᾧ

2554 1802 2623 1856 τά
2665 1803 2888 1874 βραϐεῖα
2914 1789 3155 1872 τῆςάνω
3185 1804 3429 1874 κλήσεως
3453 1841 3467 1863 ,
3505 1802 3594 1855 καὶ
3623 1802 3747 1863 τοὺς
3789 1801 3886 1870 τῆς
3910 1799 4109 1852 δικαιο-
4186 1806 4207 1813 ‘

900 1909 1083 1953 ronas,
1112 1893 1201 1962 qui
1236 1893 1431 1946 bonum
1480 1902 1754 1947 certamen
1798 1902 2165 1957 certaverunt,
2195 1910 2225 1946 a
2256 1909 2453 1963 magno
2484 1922 2529 1981 Β
2557 1893 2638 1945 σύν

2372 1910 2453 1957 ςῐιο
2484 1922 2529 1981 Β
2557 1893 2720 1963 σύνης
2750 1894 3038 1961 στεφάνους
3060 1897 3106 1946 οἱ
3127 1895 3218 1947 τὸν
3249 1894 3432 1962 ἀγῶνα
3457 1893 3546 1945 τὸν
3575 1892 3734 1945 καλὸν
3754 1889 4110 1962 διηγωνισμέ-

898 1982 991 2035 ἱΙΙο
1020 1982 1341 2051 agonotlieta
1372 1981 1646 2049 accepturi
1687 1990 1833 2035 sunt.
1884 1980 2064 2045 Quare
2094 1982 2147 2034 in
2182 1982 2449 2050 principio
2490 1980 2501 1981 ί
2553 2001 2632 2036 νοι

2370 1983 2449 2050 pio
2490 1980 2501 1981 ί
2553 2001 2632 2036 νοι
2693 1984 2840 2054 παρά
2869 1984 2961 2037 τοῦ
2994 1985 3225 2054 μεγάλου
3252 1984 3509 2053 λήψονται
3536 1982 3890 2052 ἀγωνοθέτου.
3925 1982 4013 2034 Διὸ
4044 1983 4108 2033 τά

898 2072 1112 2139 psalmi,
1166 2070 1370 2123 inimici
1400 2080 1459 2124 et
1502 2070 1674 2139 iniqui
1709 2069 1955 2125 homines
2009 2078 2201 2124 contra
2237 2070 2448 2138 justum
2554 2074 2636 2144 μὲι

2374 2087 2448 2124 tm
2554 2074 2652 2144 μὲν
2698 2075 2889 2145 πρῶτα
2929 2074 3021 2127 τοῦ
3064 2076 3275 2145 ψαλμοῦ
3318 2077 3543 2147 ἐχθροὺς
3573 2078 3777 2145 εἰσάγει
3822 2078 3918 2130 καὶ⁷
3951 2092 4112 2144 πονη-

898 2165 1239 2231 insurgentes
1267 2161 1631 2227 inducuntur;
1669 2160 1722 2215 in
1753 2160 1859 2215 ﬁne
1890 2169 2071 2216 autem
2118 2161 2287 2215 totius
2330 2176 2447 2215 ser-

898 2255 1076 2308 monis
1111 2270 1259 2323 spem
1287 2254 1482 2307 bonam
1513 2253 1787 2322 obsignat‘
1807 2254 1891 2308 bis
1922 2254 2124 2318 verbis,
2177 2271 2196 2304 ς
2222 2252 2449 2307 Laetabi-

898 2347 1189 2414 turjustus
1218 2347 1272 2398 in
1307 2344 1557 2409 Domino,
1587 2354 1641 2399 et
1671 2346 1911 2413 sperabit
1953 2345 2007 2399 in
2037 2360 2126 2408 eo,
2168 2355 2222 2399 et
2261 2346 2449 2400 lauda-

898 2437 1104 2489 buntur
1144 2451 1334 2490 omnes
1382 2437 1515 2490 recti
1549 2436 1766 2490 corde.»
1811 2435 1994 2490 Talem
2052 2436 2293 2490 futurum
2326 2451 2449 2490 esse

899 2528 1059 2580 ﬁnem
1092 2527 1249 2581 docet
1277 2542 1463 2580 eorum
1497 2528 1588 2596 qui
1638 2542 1736 2596 pro
1782 2527 1995 2595 justitia
2043 2516 2446 2583 concertaruut.

897 2615 1207 2687 Religiosus
1243 2633 1371 2672 vero
1413 2619 1635 2681 athleta,
1673 2634 1702 2671 a
1734 2618 2007 2674 sexcentis
2045 2618 2300 2674 hostibus
2345 2619 2448 2674 ini-

897 2710 1161 2777 micisque
1205 2710 1417 2771 animae,
1449 2723 1556 2762 non
1586 2709 1759 2763 solum
1786 2708 2111 2774 visibilibus,
2158 2708 2253 2763 sed
2284 2710 2446 2765 etiam

894 2799 1123 2851 occultis
1156 2799 1464 2867 impetibus,
1515 2797 1581 2851 ad
1614 2813 1780 2851 unum
1812 2796 1978 2852 Deum
2008 2797 2272 2869 confugit,
2304 2800 2447 2867 ejus-

895 2904 1000 2957 que
1027 2889 1285 2943 auxilium
1316 2889 1572 2958 postulat,
1597 2890 1711 2943 haec
1740 2896 1948 2943 tantum
1992 2906 2098 2943 non
2133 2890 2444 2957 proferens:

898 3001 919 3033 ‹
942 2981 998 3035 Si
1030 2980 1170 3036 Deus
1200 2996 1296 3051 pro
1324 2982 1499 3044 nobis,
1527 2982 1648 3051 quis
1683 2991 1872 3036 contra
1915 2998 2015 3037 nos
2031 2984 2109 3035 ἐἳ
2136 3002 2152 3033 ι
2178 2983 2451 3047 Quamob-

898 3089 1008 3127 rem
1047 3073 1298 3142 precibus
1355 3073 1447 3125 dat
1486 3087 1721 3141 operam,
1775 3073 1941 3127 Deum
1991 3073 2251 3144 invocans
2283 3081 2336 3126 et
2367 3073 2451 3124 di-

894 3180 1061 3218 cens:
1098 3182 1116 3213 ι
1139 3163 1364 3227 Exaudi,
1412 3163 1574 3229 Deus,
1603 3164 1902 3219 orationem
1944 3179 2143 3228 meam,
2174 3179 2310 3237 cum
2353 3164 2450 3217 de-

898 3270 1109 3324 precor.
1141 3274 1158 3306 ι
1195 3255 1297 3319 Qui
1328 3270 1456 3309 vero
1484 3256 1792 3325 hujusmodi
1819 3271 1926 3310 non
1956 3264 2060 3320 est,
2105 3255 2200 3311 sed
2247 3257 2446 3311 divinis
2474 3288 2517 3346 ο

896 3347 1178 3415 praeceptis
1224 3361 1332 3400 non
1380 3347 1734 3416 obtemperat,
1775 3354 1927 3402 tanta
1976 3348 2172 3402 liducia
2220 3336 2301 3401 uti
2340 3363 2446 3402 non

896 3439 1071 3490 valet:
1111 3453 1216 3506 qua
1270 3453 1524 3492 mensura
1559 3440 1703 3492 enim
1743 3440 2019 3499 metimur,
2051 3440 2239 3493 eadem
2275 3442 2448 3494 reme‘-
2481 3430 2498 3443 ’

896 3528 1059 3581 tietur
1088 3529 1263 3583 nobis.
1310 3528 1651 3598 Quapropter
1688 3529 1741 3583 in
1786 3529 2090 3585 Proverbiis
2135 3530 2249 3585 haec
2292 3530 2448 3585 inob-

894 3622 1247 3690 sequentibus
1289 3620 1380 3675 Dei
1432 3620 1704 3690 Sapientia
1749 3622 1951 3675 edicit:
2009 3620 2190 3688 «Quia
2235 3622 2445 3686 vocavi,

892 3720 946 3765 et
974 3726 1079 3764 non
1127 3712 1413 3773 obedistis,
1458 3711 1673 3764 extendi
1719 3724 2023 3776 sermones,
2054 3721 2108 3766 et
2138 3726 2246 3764 non
2274 3718 2449 3776 atten-

892 3806 1081 3869 distis;
1121 3803 1213 3857 sed
1248 3804 1399 3856 irrita
1449 3803 1657 3856 fecistis
1705 3803 1930 3867 consilia
1975 3818 2111 3867 mea,
2166 3804 2447 3873 praeceptis

893 3903 1070 3949 autem
1100 3896 1235 3949 meis
1269 3911 1373 3948 non
1408 3896 1842 3965 obtemperastis.
1881 3894 2067 3964 Itaque
2099 3912 2200 3965 ego
2230 3910 2448 3966 quoque

891 3984 947 4037 in
980 3986 1201 4038 interitu
1235 3997 1416 4039 vestro
1442 3986 1738 4041 ridebo".)
1782 3984 1895 4040 Erit
1923 3988 2066 4041 enim
2099 3994 2310 4056 tempus
2338 4002 2447 4055 quo

894 4075 1221 4130 invocabitis
1252 4093 1357 4139 me,
1409 4089 1459 4129 et
1496 4093 1596 4147 ego
1638 4093 1749 4131 non
1802 4078 2112 4132 exaudiam.
2168 4078 2224 4132 Si
2283 4078 2446 4148 igitur

836 4166 839 4169 ’
889 4168 1139 4223 exaudiri
1175 4169 1428 4221 volumus
1465 4182 1587 4221 cum
1636 4169 1951 4223 invocamus
1984 4170 2175 4233 Deum,
2208 4170 2443 4239 idipsum

890 4277 991 4317 nos
1052 4261 1255 4316 divinis
1328 4261 1612 4330 praeceptis
1668 4261 2106 4331 obtemperantes
2156 4263 2443 4316 faciamus.

890 4352 1044 4407 Tunc
1075 4353 1220 4407 enim
1254 4354 1423 4406 multa
1452 4366 1575 4405 cum
1610 4350 1807 4405 ﬁducia
1848 4366 1951 4406 nos
1981 4368 2193 4421 quoque
2222 4352 2332 4408 Deo
2360 4353 2446 4407 di-

890 4458 1011 4498 cere
1044 4444 1342 4513 poterimus
1369 4460 1383 4497 :
1421 4461 1440 4491 ι
1471 4440 1698 4505 Exaudi,
1733 4438 1896 4506 Deus,
1928 4442 2233 4497 orationem
2269 4458 2445 4496 meam

850 4572 853 4573 ν
885 4548 1009 4587 cum
1040 4533 1320 4602 deprecor.
1349 4552 1366 4583 ι
1388 4531 1527 4597 Quid
1557 4538 1735 4585 autem
1764 4532 1953 4586 beatus
1979 4529 2148 4591 David
2181 4534 2442 4601 precaba-

2554 2163 2876 2233 ρευομένους
2906 2164 3362 2233 ἐπανισταμένους
3390 2164 3466 2233 τῷ
3490 2165 3681 2235 δικαίῳ
3702 2181 3716 2194 ·
3745 2168 3801 2217 ὲν
3832 2167 3888 2218 δὲ
3918 2164 3995 2235 τῷ
4025 2165 4112 2217 τέ-

2549 2252 2629 2305 λει
2661 2253 2755 2306 τοῦ
2784 2253 2982 2316 παντὸς
3009 2253 3165 2323 λόγου
3193 2253 3435 2323 χρηστὰς
3462 2255 3681 2319 ἐλπίδας
3719 2242 4104 2328 ὲπισφραγίζε-

2548 2360 2640 2396 ται
2669 2342 2838 2412 λέγων
2858 2360 2871 2373 ·
2904 2363 2922 2393 ι
2950 2343 3405 2414 Εὑφρανθήσεται
3458 2343 3660 2407 δίκαιος
3698 2347 3754 2398 ἐν
3780 2347 3858 2415 τῷ
3890 2349 4108 2417 Κυρίῳ,

2550 2435 2643 2485 καὶ
2690 2434 2866 2486 ἐλπιεῖ
2905 2435 2991 2486 ἐπ’
3014 2434 3175 2487 αὐτόν
3194 2450 3208 2463 ·
3240 2434 3333 2485 καὶ
3364 2434 3804 2512 ἐπαινεθήσονται
3836 2435 4034 2498 πάντες
4062 2437 4110 2487 οξ

2550 2524 2724 2588 εύθεῖς
2752 2527 2817 2596 τῇ
2850 2524 3063 2596 καρδίᾳ.
3096 2544 3114 2574 ι
3144 2520 3380 2583 Τοιαῦτα
3416 2524 3483 2577 τὰ
3510 2526 3637 2597 τέλη
3665 2525 3774 2595 τῷν
3800 2527 3939 2597 ὑπὲρ
3964 2527 4114 2579 abas-

2550 2616 3108 2686 6e£agj7wvaévmv
3132 2613 3269 2670 εἶναι
3302 2615 3558 2671 διδάσκει.
3591 2618 3648 2670 '0
3678 2618 3741 2685 γέ
3770 2635 3849 2670 τοι
3871 2619 3971 2689 τῆς
3994 2617 4110 2670 θεοη

2552 2710 2762 2772 σεϐείας
2775 2709 3028 2779 ἀθλητὴς,
3049 2709 3272 2779 μυρίους
3299 2709 3437 2779 ἔχων
3458 2709 3681 2779 ἐχθροὺς
3704 2710 3797 2763 καὶ
3823 2710 4111 2780 πολεμίους

2548 2802 2649 2870 τῆς
2685 2799 2848 2853 αὐτοῦ
2872 2800 3067 2870 ψυχῆς,
3100 2800 3199 2871 οὐχ
3220 2802 3447 2870 ὁρατοὺς
3485 2801 3663 2871 μόνον,
3695 2801 3828 2854 ἀλλά
3856 2802 3950 2854 καὶ
3974 2803 4113 2870 ἀφα-

2550 2896 2691 2955 νεῖς,
2745 2894 2888 2963 μόνῳ
2921 2892 3253 2963 προσφεύγει
3293 2892 3371 2962 τῷ
3406 2890 3523 2962 Θεῷ
3554 2893 3647 2945 καὶ
3668 2894 3767 2961 τὴν
3796 2894 3923 2963 παρ’
3949 2892 4137 2953 αὐτοῦ,

2554 2982 2799 3052 βοήθειαν
2826 2986 3001 3045 αἰτεῖ,
3034 2983 3312 3053 μονονουχὶ
3344 2983 3515 3050 λέγων
3537 3000 3548 3010 ·
3589 3002 3607 3033 ι
3639 2984 3702 3035 Εἰ
3741 2986 3769 3035 6
3802 2984 3933 3047 Θεὸς
3976 2984 4113 3054 ὑπὲρ

2552 3075 2738 3144 ἡμῶν,
2781 3076 2867 3137 τίς
2919 3076 3041 3128 καθ’
3076 3077 3229 3145 ἡμῶν
3256 3094 3270 3139 ;
3301 3096 3319 3127 ι
3353 3078 3445 3129 Διὸ
3476 3080 3598 3138 ταῖς
3630 3077 3818 3145 εὐχαῖς
3867 3077 4112 3147 σχολάζει

2549 3164 2638 3217 τὸν
2670 3164 2801 3217 Θεὸν
2830 3163 3263 3233 ἀνακαλούμενος
3295 3164 3386 3217 καὶ
3414 3164 3613 3231 λέγων·
3653 3183 3672 3215 ‹
3706 3165 4053 3227 Εἱσάκουσον,
4083 3168 4113 3219 6

2550 3253 2713 3316 Θεὸς,
2757 3253 3063 3324 προσευχῆς
3093 3271 3193 3323 μου
3220 3255 3277 3305 ἐν
3322 3252 3399 3323 τῷ
3427 3253 3639 3307 δέεσθαί
3677 3272 3763 3324 με.
3805 3274 3823 3307 ι
3870 3240 3925 3308 Ὅ
3956 3256 4011 3307 δὲ
4040 3255 4113 3326 μὴ

2547 3346 2785 3410 τοιοῦτος
2806 3386 2820 3409 ,
2850 3346 3173 3417 παρακούων
3204 3346 3261 3398 δὲ
3293 3345 3399 3399 τῶν
3428 3345 3520 3397 τοῦ
3563 3345 3699 3399 Θεοῦ
3729 3348 4114 3418 παραγγελμά-

2547 3455 2673 3502 των,
2698 3439 2797 3490 οὑκ
2830 3438 2893 3490 ἂν
2920 3436 3135 3489 δύναιτο
3174 3433 3409 3507 χρῆσθαι
3437 3438 3503 3505 τῇ
3532 3434 3769 3505 τοσαύτῃ
3800 3438 4107 3507 παρρησίᾳ·

2545 3522 2587 3593 ᾧ
2610 3527 2716 3601 γὰρ
2745 3526 2924 3597 μέτρῳ
2956 3525 3258 3596 μετροῦμεν
3292 3528 3700 3597 ἀντιμετρεῖται
3731 3528 3880 3596 ἡμῖν.
3917 3527 4114 3597 Διόπερ

2546 3622 2603 3673 ὲν
2629 3618 2955 3688 Παροιμίαις
2994 3620 3027 3687 ἡ
3054 3616 3147 3669 τοῦ
3182 3617 3316 3670 Θεοῦ
3355 3618 3513 3687 σοφία
3543 3618 3677 3688 πρὸς
3720 3620 3839 3681 τοὺς
3871 3620 4112 3681 ἀπειθεῖς

2547 3710 2884 3762 ἀποτείνεται
2929 3708 3192 3776 λέγουσα·
3236 3728 3254 3759 ι
3297 3708 3435 3760 Ἀνθ’
3479 3702 3554 3761 ὧν
3589 3709 3834 3772 ἐκάλουν,
3886 3698 3981 3762 καὶ
4016 3712 4111 3778 οὐχ

2546 3798 2908 3868 ὑπηκούσατε,
2936 3800 3029 3851 καὶ
3059 3798 3320 3863 έξέτεινον
3343 3799 3553 3865 λόγους,
3579 3802 3669 3852 καὶ
3694 3801 3755 3852 ού
3779 3801 4106 3870 προσείχετε·

2546 3890 2660 3943 ἀλλ’
2704 3888 2939 3959 ἀκύρους
2990 3890 3221 3941 ἐποιεῖτε
3266 3889 3366 3952 τὰς
3412 3889 3551 3959 ἐμάς
3601 3889 3832 3959 βουλὰς,
3889 3894 4008 3953 ταῖς
4055 3892 4110 3943 δὲ

2546 3985 2705 4052 ἐμαῖς
2742 3980 2979 4044 ὲντολαῖς
3015 3982 3073 4033 ού
3124 3982 3459 4051 προσείχετε.
3504 3982 3802 4052 Τοιγαροῦν
3841 3983 3996 4051 κάγὼ
4044 3987 4108 4054 τῇ

2547 4073 2786 4143 ὑμετέρᾳ
2831 4072 3074 4142 ἀπωλείᾳ
3112 4072 3520 4143 ὲπιγελάσομαι.
3564 4092 3603 4132 ι,
3633 4075 3823 4129 Ἔσται
3873 4074 3981 4144 γὰρ
4023 4076 4108 4127 ὅτε

2545 4166 2928 4221 ὲπικαλέσεσθέ
2955 4184 3042 4238 με,
3068 4166 3175 4236 ἐγὼ
3207 4169 3262 4220 δὲ
3288 4169 3385 4220 οὐκ
3411 4167 3814 4236 εἰσακούσομαι.
3842 4170 3903 4221 Εἰ
3932 4169 4107 4221 τοίνυν

2546 4258 2919 4311 είσακούεσθαι
2950 4259 3244 4331 βουλόμεθα
3278 4263 3335 4313 ὲν
3366 4254 3446 4323 οἷς
3475 4260 3703 4330 δεόμεθα
3721 4260 3815 4313 τοῦ
3840 4259 3999 4327 Θεοῦ,
4018 4264 4107 4315 καὶ

2549 4352 2700 4403 αὐτοὶ
2732 4350 2888 4403 τοῦτο
2914 4353 3235 4422 πράττωμεν
3264 4357 3375 4416 τοῖς
3407 4353 3498 4406 τοῦ
3520 4353 3654 4406 Θεοῦ
3684 4354 4108 4425 παραγγέλμασι

2547 4443 2897 4519 καταπειθεῖς
2922 4442 3249 4515 γιγνόμενοι.
3284 4447 3416 4499 Τότε
3446 4446 3554 4518 γάρ
3581 4448 3675 4499 σὺν
3704 4447 3867 4519 πολλῇ
3904 4450 4106 4520 παρρη-

2550 4536 2638 4607 σίᾳ
2663 4536 2756 4589 καὶ
2785 4536 2934 4588 αὐτοὶ
2968 4537 3130 4606 φάναι
3157 4538 3497 4609 δυνησόμεθα
3521 4538 3598 4608 τῷ
3620 4538 3737 4608 Θεῷ
3762 4558 3774 4569 ·
3805 4560 3821 4591 ι
3851 4542 4103 4593 Εἰσάκουι

888 4633 977 4678 tur
1026 4624 1206 4691 (illius
1264 4638 1516 4694 namque,
1566 4632 1624 4677 u-t
1664 4624 1896 4685 aestimo,
1949 4624 2113 4677 verba
2172 4632 2337 4689 sunt,
2373 4640 2439 4679 eo
2473 4635 2626 4689 nam

2373 4640 2439 4679 eo
2473 4635 2517 4689 ῃ
2544 4646 2665 4692 σον,
2689 4630 2717 4681 6
2737 4628 2869 4691 Θεός
2888 4670 2902 4692 ,
2930 4629 3028 4699 τῆς
3063 4632 3368 4700 προσευχῆς
3396 4648 3494 4699 μου
3533 4632 3590 4683 ὲν
3617 4631 3692 4700 τῷ
3722 4632 3930 4686 ὁὲεσθαί
3960 4651 4045 4704 με.
4080 4653 4098 4684 ι

888 4724 1128 4784 tempore
1161 4714 1370 4781 prolata
1400 4730 1509 4782 quo
1550 4731 1578 4767 a
1612 4712 1775 4769 Saule
1803 4723 1857 4768 et
1890 4715 2185 4770 comitibus
2211 4716 2330 4783 ejus
2363 4714 2442 4769 fu—

888 4805 1125 4877 giebat),
1193 4811 1252 4856 ut
1282 4804 1463 4858 anima
1520 4806 1691 4874 ipsius
1723 4821 1753 4857 a
1789 4806 1984 4861 tim’ore
2016 4808 2220 4861 inimici
2266 4808 2441 4876 eripe-

890 4908 1057 4959 retur,
1092 4912 1198 4951 non
1231 4903 1410 4949 autem
1439 4904 1496 4948 ut
1526 4897 1780 4951 inimicos
1826 4913 1936 4951 non
1968 4899 2212 4962 haberet,
2250 4907 2343 4951 aut
2380 4906 2440 4951 ut

888 4991 1114 5043 consilia
1159 5002 1347 5042 eorum
1392 4986 1838 5066 eliminarentur;
1896 4989 1991 5043 sed
2037 4991 2217 5043 anima
2266 4991 2439 5060 ipsius

887 5081 1255 5149 imperterrita
1284 5089 1336 5133 et
1368 5077 1636 5149 intrepida
1660 5088 1939 5145 maneret;
1977 5090 2035 5134 ut
2081 5082 2441 5150 imperturba-

831 5235 837 5247 ἲ
887 5182 1000 5226 tum
1055 5186 1250 5240 gerens
1300 5170 1565 5231 animum,
1608 5168 1724 5237 ipse
1754 5168 1979 5238 perinde
2032 5180 2193 5241 atque
2236 5170 2437 5226 Paulus

886 5266 1124 5319 diceret:
1169 5280 1186 5311 ε
1214 5261 1268 5315 1η
1320 5262 1573 5315 omnibus
1607 5260 2012 5316 tribulationem
2049 5265 2307 5332 patimur,
2343 5263 2440 5319 sed

884 5372 991 5411 non
1026 5354 1434 5423 angustiamur;
1468 5353 1893 5421 persecutionem
1924 5354 2179 5422 patimur,
2205 5356 2297 5411 sed
2331 5372 2442 5409 non

884 5448 1349 5517 derelinquimur;
1393 5448 1701 5514 dejicimur,
1755 5444 1851 5499 sed
1908 5461 2016 5499 non
2074 5448 2314 5515 perimus
2336 5447 2434 5505 ⁸³.)

885 5540 1009 5594 llaec
1042 5554 1165 5593 cum
1197 5537 1307 5591 Deo
1336 5536 1539 5591 diceret
1584 5535 1774 5598 David,
1823 5552 1930 5590 non
1979 5547 2095 5591 erat
2148 5539 2441 5594 beneﬁcio-

881 5644 1025 5691 rum,
1058 5644 1177 5697 qua:
1214 5627 1315 5690 sibi
1366 5628 1569 5694 pridem
1602 5629 1799 5683 collata
1849 5626 2083 5688 fuerant.
2128 5629 2431 5685 immemor.

2546 4719 2610 4771 Τί
2646 4719 2702 4771 δὲ
2736 4719 2904 4772 ἐδεῖτο
2945 4722 2974 4773 6
3020 4722 3284 4791 μακάριος
3312 4721 3505 4783 Δαυῖδς
3541 4720 3722 4787 (αὑτοῦ
3752 4722 3859 4793 γάρ
3888 4727 4022 4777 εἰσιν
4055 4727 4103 4777 οί

2542 4809 2713 4878 λόγοι,
2752 4810 2827 4873 ὡς
2859 4794 3043 4882 οἶμαι,
3070 4811 3210 4865 κατά
3240 4812 3363 4873 τοὺς
3392 4811 3613 4882 χρόνους
3641 4814 3916 4881 εἰρημένοι
3940 4855 3953 4878 ,
3984 4814 4103 4869 καθ’

2543 4901 2633 4965 οὒς
2670 4902 2759 4957 τὸν
2798 4902 2968 4956 Σαοὺλ
2993 4903 3186 4971 ἔφευγε
3220 4903 3313 4954 καὶ⁹
3354 4903 3478 4964 τοὺς
3509 4902 3604 4953 σὺν
3634 4903 3781 4973 αύτῷ
3807 4922 3819 4933 ·
3840 4905 3976 4977 )-τὴν
4000 4905 4102 4974 ψυ-

2547 4993 2647 5063 χὴν
2678 4994 2841 5046 αὐτοῦ
2886 4994 3143 5065 ρυσθῆναι
3173 4994 3279 5045 ἀπὸ
3309 4993 3472 5063 φόϐου
3500 4994 3693 5065 ἐχθροῦ
3716 5035 3729 5056 ,
3757 4996 3855 5049 ούκ
3882 4997 4103 5069 ἐχθροὺς

2549 5084 2622 5155 μὴ
2647 5084 2819 5155 ἔχειν,
2858 5084 2976 5137 οὐδὲ
3000 5084 3097 5143 τὰς
3130 5084 3350 5137 ἐκείνων
3381 5086 3814 5156 ἀποκρουσθῆναι
3848 5090 4101 5159 προαιρέ-

2547 5191 2684 5239 σεις·
2713 5176 2810 5246 τὴν
2830 5176 2885 5229 δὲ
2915 5174 3077 5229 αὐτοῦ
3111 5174 3286 5246 ψυχὴν
3315 5175 3548 5247 ἄτρομον
3570 5178 3663 5229 καὶ
3701 5178 3987 5249 άπτόητον,
4007 5180 4100 5231 καὶ

2540 5265 2738 5334 ἄφοϐον
2766 5267 3156 5339 διατηρεῖσθαι,
3180 5268 3345 5330 ὅπως,
3372 5269 3430 5319 ὲν
3458 5267 3565 5331 ἕξει
3592 5270 3876 5339 γενόμενος
3904 5272 4097 5341 ἀταρα-

2542 5356 2677 5422 ξίας,
2707 5360 2840 5434 λέγῃ
2864 5361 2955 5413 καὶ
2988 5359 3145 5419 αὐτὸς
3175 5361 3374 5429 ὁμοίως
3401 5360 3597 5431 Παύλῳ
3618 5379 3665 5412 Ἴ
3691 5364 3777 5415 Ἐν
3812 5362 3970 5415 παντὶ
3991 5360 4093 5412 01:-

2539 5450 2756 5521 ϐὁμενοι
2779 5494 2793 5513 ,
2822 5452 2933 5505 ἀλλ’
2966 5453 3026 5504 οὐ
3057 5452 3582 5523 στενοχωρούμενοι·
3616 5454 3950 5526 διωκόμενοι,
3986 5452 4089 5507 ἀλλ’

2544 5544 2643 5596 ούκ
2683 5544 3227 5613 ἐγκαταλειπόμενοι·
3281 5544 3774 5615 καταϐαλλόμενοι,
3840 5546 3952 5600 ἀλλ’
4001 5544 4084 5596 ού)

2540 5633 2740 5687 άπολλύ
2750 5652 2915 5705 μενοι.
2932 5653 2949 5683 ι
2972 5634 3153 5701 Λέγων
3170 5636 3223 5687 δὲ
3252 5637 3421 5689 ταῦτα
3438 5638 3572 5707 πρὸς
3586 5639 3675 5695 τὸν
3701 5637 3831 5690 Θεὸν
3864 5638 3894 5688 6
3917 5634 4092 5698 Δαυῖδ,

883 5723 1060 5786 Quare
1097 5723 1162 5776 de
1205 5721 1490 5792 praeteritis
1537 5723 1737 5791 gratias
1784 5736 1969 5793 agens,
2020 5722 2219 5777 infert:
2261 5722 2431 5777 «Pro-
2533 5726 2621 5777 οὐκ

2349 5738 2431 5777 ι’(ι-
2533 5726 2630 5778 οῦκ
2691 5725 2987 5797 ἠμνημόνει
3050 5726 3157 5778 τῶν
3209 5728 3311 5795 ἤδη
3354 5728 3616 5794 πρότερον
3672 5732 3750 5791 είς
3801 5726 3962 5780 αὐτὸν
4004 5741 4085 5796 γε·

950 5878 997 5913 ⁸ο
1028 5876 1181 5933 Rom.
1216 5893 1336 5943 vm,
1361 5876 1449 5931 51.
1524 5878 1567 5908 ’⁷
1596 5876 1755 5933 Prov.
1789 5894 1829 5942 ι,
1854 5878 2045 5933 ἳί-Ξϐ.

2155 5881 2199 5913 ⁸⁸
2228 5879 2269 5932 ll
2302 5880 2424 5935 Cor.
2452 5897 2523 5947 tr,
2555 5882 2607 5946 8,
2645 5882 2696 5935 9.
