4402 6394
1582 444 2074 504 COMMENTARIA
2115 452 2180 506 IN
2219 455 2548 516 PSALMOS.

3487 485 3586 536 613

407 543 638 614 νομένων
661 544 1000 616 ευεργεσιῶν.
1040 547 1127 599 Διὸ
1166 547 1496 618 εὐχαριστῶν
1525 556 1616 608 ἐπὶ
1654 562 1763 621 τοῖς
1807 577 1945 632 παρ-
1975 571 2018 625 Α
2048 568 2145 621 texi

1853 579 1945 632 αρ-
1975 571 2018 625 Α
2048 568 2224 622 texisti
2275 585 2360 625 me
2414 587 2444 626 a
2486 586 2753 630 conventu
2792 584 3223 653 maiignantium,
3277 607 3305 643 a
3351 597 3591 651 multitu-

402 636 687 706 ιιαηκόσιν.
718 637 971 704 ὲπιλέγει’
1004 657 1022 689 ι
1047 639 1376 704 Ἐσκέπασὰς
1414 662 1477 713 με
1507 647 1611 700 άπὸ
1644 653 1946 721 συστροφῆς

403 727 861 795 πονηρευομένων,
885 728 992 780 ἀπὸ
1024 729 1256 800 πλήθους
1284 733 1657 805 ἐργαζομένων
1683 740 1906 794 ἀδικίαν.
1923 762 1940 792 ι

406 813 539 884 Ἤδη
582 814 688 884 γάρ
727 819 918 887 πεῖραν
945 817 1174 887 εἰληφὼς
1208 821 1315 873 τῶν
1353 822 1666 890 φθασάντων
1699 831 1776 892 είς
1811 831 1942 900 ἐμὲ,

399 904 590 956 οὔποτε
621 906 788 976 λήθην
815 907 990 959 αὐτῶν
1034 911 1357 979 ποιήσασθαι
1389 915 1614 987 δύναμαι
1634 935 1647 948 ο
1680 921 1857 990 φέρων
1888 923 1941 974 δὲ

398 994 535 1046 αὐτὰ
567 995 653 1049 διὰ
681 997 877 1059 παντὸς
911 999 967 1050 ὲν
999 1000 1183 1070 μνήμῃ
1203 1039 1218 1064 ,
1263 1005 1575 1075 εὐχάριστος
1604 1011 1773 1062 είσαεὶ
1812 1029 1941 1082 τυγ-

395 1086 559 1156 χάνω.
594 1088 778 1158 Ὅμως
818 1089 873 1142 δὲ
912 1091 1003 1142 καὶ
1052 1091 1146 1142 νῦν
1175 1093 1273 1162 τῆς
1305 1097 1475 1166 αὐτῆς
1502 1098 1632 1163 ἀξιῶ
1666 1103 1815 1172 παρὰ
1848 1105 1941 1157 σοῦ

397 1175 640 1247 βοηθείας
672 1183 871 1249 τυχεῖν.
912 1180 1064 1234 Κατὰ
1089 1181 1153 1234 δὲ·
1176 1186 1300 1248 τοὺς
1330 1186 1543 1252 λοιποὺς
1575 1193 1938 1264 ἐρμηνευτὰς,

395 1269 493 1337 μία
524 1269 616 1322 καὶ
643 1273 674 1340 ὴ
707 1272 839 1342 αὑτὴ
868 1272 1203 1341 πεφύλακται
1227 1276 1318 1329 τοῦ
1345 1277 1499 1346 λόγου
1534 1282 1784 1353 ἓγκλησις
1807 1327 1820 1349 ,
1849 1289 1940 1340 καὶ

396 1358 489 1427 μία
533 1361 732 1414 διάνοια
763 1361 868 1414 τῶν
908 1364 1238 1434 εἰρημένων·
1272 1369 1349 1422 διὸ
1382 1369 1620 1424 λέλεκται
1663 1375 1801 1428 κατὰ
1851 1376 1939 1428 τὸν

393 1450 712 1522 Σύμμαχον’
750 1472 767 1503 ι
799 1454 1153 1517 Είσάκουσον,
1206 1459 1233 1509 ὁ
1277 1459 1578 1534 Θεὸςητῆς
1611 1464 1790 1533 φωνῆς
1838 1483 1937 1534 μου

390 1541 839 1611 προσλαλοῦντος,
873 1544 978 1596 ἀπὸ
1010 1544 1316 1615 ἐκπλήξεως
1353 1531 1545 1622 ἐχθροῦ
1589 1531 1938 1624 περιφ-ράξεις

387 1630 490 1703 τὴν
511 1630 654 1704 ζωήν
681 1651 781 1704 μου
802 1651 814 1663 ·
849 1634 1073 1704 κρύψεις
1106 1654 1171 1706 με
1218 1639 1325 1692 ἀπὸ
1363 1643 1675 1712 συσκέψεων
1705 1647 1935 1716 κακούρ-

385 1737 516 1790 γων,
554 1724 660 1777 ἀπὸ
689 1726 970 1794 κυκήσεως
998 1727 1372 1798 ἐργαζομένων
1402 1733 1630 1788 ἀδικίαν.
1663 1754 1680 1786 ›
1717 1737 1788 1788 Οὐ
1830 1737 1936 1808 γάρ

384 1813 460 1878 ὡς
488 1818 612 1887 περὶ
645 1819 1044 1890 παρῳχηκότων
1064 1859 1078 1884 ,
1114 1821 1225 1873 ἀλλ’
1258 1823 1335 1885 ὼς
1363 1825 1489 1895 περὶ
1537 1827 1832 1896 μελλόντων
1867 1829 1934 1880 τὰ

383 1905 480 1958 ὅλα
529 1907 774 1977 εἴρηται,
821 1911 911 1962 καὶ
962 1910 1096 1962 κατὰ
1146 1914 1268 1975 τοὺς
1323 1914 1539 1976 λοιποὺς
1597 1917 1934 1985 έρμηνευτὰς
1964 1919 2005 1971 Β

381 1993 597 2064 ὁμοίως.

456 2128 474 2159 ‹
502 2109 707 2173 Οἷτινες
735 2112 1004 2182 ἠκόνησαν
1035 2115 1109 2179 ὡς
1135 2114 1402 2186 ῥομφαίας
1429 2115 1529 2178 τὰς
1557 2115 1802 2183 γλώσσας
1835 2119 1931 2171 αὑ-

379 2200 504 2262 τῶν,
533 2203 795 2256 ἐνέτειναν
823 2208 970 2271 τόξον
1010 2211 1236 2279 πρᾶγμα
1260 2209 1470 2278 πικρόν,
1496 2210 1585 2261 τοῦ
1610 2209 1931 2275 κατατοξεῦ-

379 2307 466 2344 σαι
502 2293 559 2344 ὲν
589 2295 922 2366 ἁποκρύφοις
955 2300 1197 2368 ἄμωμον.
1239 2299 1493 2363 Ἐξάπινα
1517 2300 1932 2366 κατατοξεύσου-

380 2396 461 2432 σιν
486 2383 663 2449 αὑτὸν,
684 2385 776 2437 καὶ
799 2387 859 2438 οὺ
885 2388 1298 2459 φοὸηθήσονται.
1335 2408 1352 2440 ι
1379 2390 1439 2442 Εἰ
1475 2391 1566 2442 καὶ
1596 2391 1798 2462 προῆγε
1821 2396 1931 2455 τοῖς

376 2470 584 2540 χρόνοις
613 2476 690 2537 είς
710 2475 808 2544 τὴν
845 2479 1104 2548 σωτήριον
1132 2480 1418 2550 ἐπιδημίαν
1441 2482 1468 2532 ὁ
1497 2480 1674 2543 Δαυῒδ,
1699 2481 1808 2534 ἀλλ’
1832 2483 1930 2535 οὐκ

375 2562 552 2630 ἠγνόει
579 2565 644 2618 τὰ
671 2568 991 2636 εὐαγγελικὰ
1024 2571 1317 2641 μαθήματα
1358 2571 1484 2642 Θείῳ
1520 2571 1794 2642 Πνεύματι
1837 2591 1930 2641 με-

377 2656 805 2729 μαθητευμένοςο
835 2663 948 2732 ᾔδει
985 2663 1039 2714 δὲ
1081 2659 1137 2715 εὖ
1189 2663 1329 2733 μάλα
1355 2663 1415 2714 τὸ
1449 2665 1710 2733 σωτήριον
1752 2663 1927 2731 λόγιον

370 2745 432 2797 τὺ
451 2746 654 2816 φῆσαν·
687 2768 706 2800 ι
733 2751 821 2821 Μὴ
846 2752 1112 2822 φοϐηθῆτε
1139 2753 1244 2806 άπὸ
1276 2754 1382 2803 τῶν
1416 2753 1837 2806 ἀποκτεινόντων
1865 2756 1926 2808 τὸ

373 2837 549 2907 σῶμα,
576 2839 673 2908 τὴν
700 2839 755 2892 δὲ
787 2839 960 2910 ψυχὴν
994 2841 1063 2912 μὴ
1093 2843 1401 2911 δυναμένων
1429 2845 1744 2896 ἀποκτεῖναι
1765 2861 1779 2874 ·
1798 2865 1816 2894 ο
1844 2845 1925 2898 διὸ

369 2927 469 2979 οὐκ
497 2929 700 2997 ἠγωνία
735 2931 1124 3001 στρατιωτικῆς
1170 2933 1774 3003 παρατάξεωςπληθῦν,
1809 2935 1926 2990 οὐδὲ

371 3019 494 3082 τοὺς
519 3022 862 3090 παντευχίαις
889 3023 981 3075 καὶ
1007 3022 1189 3092 δόρασι
1226 3024 1730 3094 παραταττομένους
1755 3043 1765 3053 ·
1792 3026 1926 3080 ἀλλά

366 3110 568 3164 τούτων
599 3112 696 3183 μὲν
724 3114 1071 3184 κατεφρόνει,
1103 3114 1175 3177 Lb;
1214 3115 1277 3166 ἂν
1305 3114 1394 3166 τὸν
1437 3115 1686 3168 τοσοῦτον
1736 3116 1924 3170 Γολιὰδ

367 3204 575 3274 ἁκμητὶ
605 3206 698 3257 καὶ¹
723 3193 974 3276 ἀνιδρωτὶ
997 3205 1315 3259 καταῦαλών
1336 3222 1348 3234 ·
1382 3208 1618 3270 ἐκείνους
1641 3206 1696 3261 δὲ
1716 3207 1920 3276 ῂγωνία

2047 657 2171 711 dine
2200 663 2536 728 operantium
2568 667 2958 736 iniquitatem.»
2991 675 3122 730 Cum
3148 679 3260 748 jam
3282 684 3423 739 enim
3454 703 3590 755 pra»

2047 751 2329 805 teritorum
2391 760 2818 826 experimentum
2876 769 3140 836 ceperim,
3193 751 3468 846 nunquam
3524 797 3588 836 ea

2046 843 2289 899 oblivisci
2337 852 2570 916 possim;
2626 861 2720 908 sed
2779 870 2991 927 semper
3044 843 3341 919 memoria‘
3373 875 3582 936 tenens,

2044 944 2196 1002 grato
2239 952 2450 1006 semper
2487 942 2668 996 animo
2703 960 2843 998 sum.
2902 947 3006 1003 Sed
3056 958 3235 1008 tamen
3284 956 3392 1024 jam
3439 959 3584 1016 idem

2045 1027 2140 1080 abs
2190 1037 2242 1083 te
2288 1031 2547 1112 auxilium
2578 1038 2811 1103 postulo.
2868 1038 3174 1103 Secundum
3205 1047 3444 1121 reliquos
3484 1067 3582 1106 au-

2043 1125 2150 1172 tem
2191 1119 2511 1190 interpretes
2542 1138 2650 1177 una
2677 1126 2973 1197 eademque
3027 1146 3272 1189 servatur
3298 1119 3447 1194 verbi
3491 1157 3588 1196 ex-

2042 1213 2352 1304 postulatio,
2389 1231 2601 1286 unaque
2637 1222 2906 1277 sermonis
2940 1229 3240 1283 sententia:
3287 1247 3409 1286 nam
3441 1237 3584 1304 apud

2042 1298 2424 1369 Symmachum
2454 1306 2653 1360 dicitur
2680 1328 2692 1362 :
2724 1327 2740 1359 ι
2765 1308 2997 1377 Exaudi,
3032 1314 3196 1383 Deus,
3242 1337 3426 1378 vocem
3475 1298 3584 1380 inci

2040 1391 2366 1456 invocantis,
2424 1411 2453 1449 a
2491 1406 2696 1453 terrore
2729 1401 2935 1457 inimici
2964 1407 3388 1470 circummunies
3417 1415 3583 1472 vitam

2040 1498 2247 1538 meam:
2293 1488 2595 1545 abscondes
2629 1507 2715 1546 me
2739 1507 2768 1546 a
2802 1497 3172 1557 moliminibus
3199 1506 3580 1575 malignorum,

2037 1589 2066 1626 a
2089 1578 2487 1644 perturbatione
2507 1584 2844 1649 operantium
2871 1586 3228 1658 iniquitatem.
3254 1613 3271 1646 ι
3302 1595 3418 1651 Non
3436 1600 3580 1654 enim

2036 1668 2189 1735 quasi
2237 1669 2302 1723 de
2353 1672 2659 1739 praeteritis,
2695 1674 2788 1728 sed
2838 1681 2991 1745 quasi
3040 1682 3105 1736 de
3150 1683 3367 1754 futuris,
3401 1693 3581 1744 omnia

2036 1756 2179 1811 dicta
2210 1769 2356 1824 sunt,
2407 1777 2470 1816 ac
2516 1763 2767 1819 similiter
2813 1769 3110 1825 secundum
3139 1777 3379 1846 reliquos
3411 1781 3581 1844 inter-

2036 1857 2232 1918 preles.

2103 2105 2264 2162 Vens.
2303 2108 2422 2163 4-7.
2463 2128 2480 2159 ‹
2505 2110 2606 2175 Qui
2629 2122 2963 2169 exacuerunt
3009 2124 3066 2170 ut
3107 2119 3338 2187 gladium
3363 2121 3576 2193 linguas

2032 2213 2181 2260 suas,
2213 2199 2560 2255 intenderunt
2605 2218 2813 2269 arcum,
2846 2223 2955 2261 rem
3009 2225 3276 2278 amaram;
3321 2221 3378 2266 ut
3410 2218 3576 2286 sagit-

2032 2295 2146 2342 tent
2175 2289 2228 2342 in
2278 2290 2506 2347 occultis
2551 2293 2976 2351 immaculatum.
3019 2298 3212 2356 Subito
3244 2305 3579 2373 sagittabunt

2030 2394 2174 2444 eum,
2198 2387 2253 2434 et
2299 2395 2406 2434 non
2440 2381 2758 2439 timebunt.»
2813 2385 3038 2444 Etiamsi
3086 2389 3253 2446 David
3287 2395 3577 2449 salutarem

2030 2470 2316 2523 adventum
2344 2480 2589 2542 tempore
2623 2476 2978 2543 prmerterit,
3024 2481 3363 2551 evangelicas
3401 2492 3578 2539 tamen

2028 2560 2366 2631 disciplinas,
2397 2565 2655 2634 magistro
2701 2564 2903 2637 Spiritu
2956 2568 3160 2635 divino,
3194 2587 3302 2626 non
3365 2575 3579 2643 ignora-

2027 2651 2150 2716 bat;
2177 2651 2272 2705 sed
2300 2654 2540 2708 salutare
2583 2655 2716 2709 illud
2773 2657 3046 2727 eloquium
3080 2663 3249 2729 probe
3314 2674 3572 2720 noverat:

2035 2758 2052 2790 ι
2080 2738 2256 2795 Nolite
2286 2742 2476 2799 timere
2518 2745 2586 2800 ab
2636 2747 2704 2802 iis
2753 2751 2844 2817 qui
2899 2752 3152 2804 occidunt
3207 2767 3426 2822 corpus,
3459 2758 3579 2809 ani-

2026 2846 2167 2884 mam
2199 2841 2378 2888 autem
2422 2850 2528 2889 non
2559 2845 2787 2906 possunt
2819 2840 3157 2893 occidere”:
3212 2861 3230 2892 ι
3277 2858 3444 2911 quare
3479 2845 3577 2898 mi-

2027 2919 2198 2976 litaris
2243 2922 2378 2976 aciei
2413 2925 2836 2990 multitudinem,
2885 2943 2944 2982 ac
2979 2930 3128 2984 omni
3159 2945 3354 3000 genere
3395 2948 3577 2989 armo-

2025 3026 2144 3066 rum
2185 3013 2466 3084 hastisque
2492 3017 2790 3073 instructos
2823 3019 3070 3076 homines
3103 3035 3210 3075 non
3254 3021 3575 3079 reformida-

2024 3103 2148 3171 bat;
2178 3105 2270 3160 sed
2321 3106 2442 3162 i'llos
2479 3109 2719 3178 quidem,
2769 3118 2957 3180 utpote
3002 3113 3094 3182 qui
3128 3114 3245 3168 sine
3287 3113 3488 3170 sudore
3518 3124 3574 3171 et

2025 3196 2206 3252 labore
2249 3200 2538 3254 immanem
2597 3201 2747 3255 illum
2793 3201 3008 3257 Goliatb
3041 3206 3445 3273 prostravisset,
3480 3208 3575 3263 de-

364 3293 457 3358 οὓς
484 3295 723 3366 ᾐνίττετο
751 3295 838 3347 διὰ
870 3297 977 3348 τῶν
1010 3296 1379 3366 προκειμένων
1415 3296 1586 3364 λέγων
1605 3314 1618 3328 ο
1661 3315 1680 3347 ‹
1712 3288 1919 3361 Οἴτινες
1949 3288 1988 3304 υ
2022 3288 2102 3356 spi

1834 3315 1919 3361 νες
1949 3288 1988 3304 “
2022 3288 2316 3356 spiciebat;
2372 3304 2466 3343 eos
2514 3301 2693 3345 autem
2753 3295 3187 3362 pertimescebat,
3236 3312 3372 3367 quos
3423 3298 3572 3357 hisce

362 3385 631 3456 ἠκόνησαν
656 3388 730 3449 ώς
755 3387 1024 3458 ῥομφαίαν
1043 3388 1139 3450 τὰς
1163 3387 1408 3453 γλώσσας
1433 3387 1630 3450 αὐτῶν,
1655 3386 1916 3440 ἐνέτειναν

362 3473 513 3541 τόξον
560 3479 786 3547 πρᾶγμα
837 3478 1049 3547 πικρόν.
1100 3496 1117 3528 ι
1179 3478 1338 3548 Ὁρᾷς
1381 3477 1570 3530 όποίαν
1627 3477 1915 3546 διαγράφει

363 3565 662 3618 πανοπλίαν
699 3566 936 3636 ὲχθρῶν;
972 3567 1078 3619 Καὶ
1123 3567 1180 3619 ὲν
1210 3569 1320 3629 τοῖς
1366 3566 1666 3637 ἔμπροσθεν
1712 3566 1767 3619 δὲ
1806 3569 1919 3620 ἐλέ-

361 3673 516 3724 γετο·
563 3677 581 3709 ι
619 3659 738 3711 Υἱοὶ
775 3657 1102 3729 ἀνθρώπω),
1161 3660 1209 3710 οί
1264 3659 1471 3720 ὀδόντες
1526 3658 1703 3711 αὐτῶν
1756 3659 1915 3712 ὅπλον

361 3750 453 3800 καὶ
502 3748 649 3820 βέλη,
707 3750 798 3802 καὶ
845 3752 878 3820 ή
928 3749 1146 3818 γλῶσσα
1196 3749 1371 3804 αὐτῶν
1416 3750 1658 3820 μάχαιρα
1695 3749 1860 3814 ὀξεῖα.
1893 3770 1910 3802 ›

359 3838 540 3892 Ταῦτα
573 3839 630 3893 δὲ
661 3841 1068 3912 ἀναγέγραπται
1104 3839 1360 3912 είρηκὼς,
1397 3856 1415 3891 ι
1445 3842 1604 3894 ὁπότε
1632 3840 1918 3912 ἀπεδίδρα-

361 3947 487 3984 σκεν
526 3933 632 3985 ἀπὸ
676 3934 964 4004 προσώπου
998 3932 1168 3986 Σαοὺλ
1210 3934 1287 3996 είς
1317 3933 1376 3986 τὸ
1417 3933 1696 4003 σπήλαιον.
1733 3952 1751 3984 ι
1787 3933 1916 3984 Ἀπὸ

356 4021 465 4075 τῶν
506 4024 705 4092 ὁμοίων
762 4023 1044 4094 τοιγαροῦν
1089 4021 1258 4090 λόγων
1306 4023 1550 4091 φαίνεται
1577 4024 1606 4074 ό
1642 4023 1801 4085 αὐτὸς
1841 4023 1917 4076 ὢν

357 4113 563 4184 χρόνος,
589 4115 710 4166 καθ’
744 4115 802 4168 ὃν
834 4115 926 4168 καὶ
948 4115 1016 4167 τὰ
1042 4114 1180 4184 μετὰ
1205 4117 1390 4183 χεῖρας
1415 4114 1538 4183 περὶ
1573 4113 1750 4165 αὐτῶν
1778 4114 1918 4166 ὲκεί-

357 4221 460 4258 νων
479 4205 571 4258 καὶ
591 4205 696 4260 τῶν
719 4208 944 4268 ἐκείνοις
966 4206 1356 4276 παραπλησίων
1375 4204 1610 4261 λέλεκτο.
1642 4205 1804 4257 Ἀλλὰ
1823 4206 1915 4258 καὶ

361 4313 380 4348 ι
414 4295 499 4348 ὅτε
516 4296 796 4349 ἀπέστειλε
838 4296 1025 4361 Σαοὺλ,
1066 4296 1158 4349 καὶ
1187 4295 1415 4364 ἐφύλαξε
1447 4295 1536 4348 τὸν
1570 4291 1715 4348 οἷκον
1752 4295 1912 4349 αὺτοῦ

353 4385 445 4439 τοῦ
496 4386 800 4440 θανατῶσαι
841 4387 1025 4449 αὑτὸν,
1058 4406 1076 4438 ι
1115 4388 1241 4458 περὶ
1272 4387 1380 4441 τῶν
1419 4387 1596 4441 αὐτῶν
1635 4387 1793 4440 πάλιν
1816 4388 1916 4450 τὰς

351 4477 540 4548 ὁμοίας
574 4479 722 4548 ἠφίει
770 4477 951 4547 φωνὰς
994 4478 1199 4546 λέγων’
1241 4495 1262 4529 α
1321 4479 1450 4532 Ἰδοὺ
1486 4478 1910 4547 ἀποφθέγξονται

2019 3378 2198 3432 verbis
2232 3388 2390 3431 antea
2443 3381 2808 3437 subindicavit
2860 3402 2872 3437 :
2913 3402 2932 3433 σ
2975 3382 3078 3449 Qui
3127 3398 3458 3444 exacuerth
3511 3399 3571 3444 ut

2018 3469 2252 3536 gladium
2280 3469 2489 3540 linguas
2516 3486 2664 3534 suas,
2690 3472 3039 3529 intenderunt
3059 3491 3266 3542 arcum,
3297 3464 3414 3550 rem
3430 3494 3572 3534 ama-

2019 3574 2153 3614 ram.
2171 3580 2188 3611 ›
2207 3559 2397 3614 Viden'
2413 3577 2531 3631 qum
2549 3563 2819 3619 describat
2837 3565 3178 3622 inimicorum
3195 3569 3379 3624 arma?
3393 3565 3570 3642 Supra

2016 3666 2144 3706 vero
2157 3651 2433 3706 dicebatur
2454 3672 2495 3709 .4
2517 3653 2635 3708 Filii
2651 3655 2924 3712 hominum
2943 3659 3130 3714 dentes
3145 3675 3329 3715 eorum
3347 3672 3498 3716 arma
3515 3671 3571 3718 et

2018 3744 2244 3812 sagittae,
2276 3753 2330 3801 et
2363 3746 2544 3816 lingua
2595 3763 2782 3802 eorum
2828 3749 3037 3818 gladius
3072 3761 3262 3806 acutus
3295 3753 3332 3803 ι.
3367 3756 3411 3804 ι’
3443 3750 3569 3808 Haec

2017 3845 2197 3890 autem
2224 3836 2428 3892 dixisse
2456 3838 2737 3902 scribitur,
2782 3859 2801 3889 ‹
2830 3856 2954 3894 cum
2989 3840 3194 3911 fugeret
3215 3857 3244 3894 a
3274 3841 3411 3898 facie
3437 3845 3568 3900 Sau-

2016 3928 2084 3982 lis
2109 3927 2163 3981 in
2195 3929 2508 3998 speluncam
2543 3932 2583 3984 '.
2625 3950 2644 3983 ›
2673 3930 2715 3982 Α
2747 3931 3036 3985 verborum
3061 3946 3190 3986 sane
3213 3933 3569 3991 similitudine

2015 4018 2268 4072 videntur
2288 4019 2378 4072 illa
2400 4020 2588 4074 eodem
2617 4026 2857 4088 tempore
2885 4021 3088 4091 scripta
3113 4037 3254 4087 esse,
3291 4038 3398 4094 quo
3430 4025 3568 4090 haec,

2014 4123 2133 4176 quae
2154 4107 2264 4177 jam
2285 4118 2602 4172 tractamus,
2640 4109 2705 4163 de
2734 4109 2801 4163 iis
2838 4118 2893 4164 et
2922 4111 3194 4167 similibus
3217 4111 3359 4169 dicta
3394 4112 3564 4170 fuere.
3662 4171 3665 4175 .

2015 4197 2121 4254 Sed
2163 4199 2325 4253 etiam
2365 4219 2383 4250 ί
2424 4201 2641 4270 quando
2684 4202 2834 4256 misit
2882 4199 3032 4267 Saul,
3065 4211 3118 4259 et
3151 4203 3444 4263 custodivit
3469 4205 3567 4259 do-

2012 4305 2160 4343 mum
2186 4290 2324 4359 ejus,
2353 4300 2410 4343 ut
2440 4292 2907 4348 euminterliceret
2923 4294 2965 4358 ⁸,
2999 4314 3016 4346 ι
3047 4295 3112 4349 de
3144 4295 3334 4350 iisdem
3370 4296 3563 4349 iterum

2013 4377 2217 4439 similes
2246 4382 2549 4452 proferebat
2581 4400 2742 4440 voces
2786 4386 2969 4440 dicens
3006 4401 3019 4436 :
3055 4404 3072 4435 ι
3113 4385 3249 4441 Ecce
3279 4388 3563 4455 loquentur

2013 4474 2066 4527 in
2097 4489 2192 4530 ore
2213 4490 2334 4538 suo,
2366 4485 2419 4530 et
2440 4471 2649 4546 gladius
2677 4476 2729 4528 in
2752 4477 2938 4530 oribus
2967 4491 3154 4530 eorum
3186 4478 3226 4529 ⁵.
3267 4496 3284 4528 ι
3316 4474 3418 4531 Sed
3449 4475 3561 4531 haec

351 4569 411 4623 δν
447 4569 526 4640 τῷ
577 4570 801 4641 στόματι
847 4569 1045 4632 αὐτῶν,
1101 4571 1194 4624 καί
1240 4570 1482 4642 ῥομφαία
1521 4573 1577 4623 ὲν
1626 4574 1738 4634 τοῖς
1791 4571 1909 4623 στό-
1941 4603 1982 4657 D
2011 4582 2082 4636 qu

1821 4571 1909 4623 τό.
1941 4603 1982 4657 D
2011 4566 2227 4636 quidem
2260 4568 2364 4634 ibi;
2405 4569 2459 4621 in
2487 4568 2570 4620 his
2597 4582 2719 4620 vero
2751 4566 2817 4619 de
2839 4567 3035 4635 quibus
3063 4582 3206 4620 nunc
3225 4581 3423 4631 sermo,
3455 4569 3559 4622 ini-

354 4677 517 4732 μασιν
569 4661 764 4714 αὐτῶν.
818 4681 836 4713 ι
898 4660 1031 4714 Ἀλλ’
1088 4661 1144 4713 ὲν
1193 4660 1418 4725 ἐκείνοις
1456 4662 1553 4731 μὲν
1592 4661 1742 4714 ταῦτ’
1795 4661 1907 4715 ὲλέ-

349 4765 504 4819 γετο·
561 4753 620 4805 ὲν
668 4751 723 4804 δὲ
775 4754 883 4816 τοῖς
912 4749 1047 4822 μετὰ
1074 4753 1258 4820 χεῖρας
1300 4751 1425 4812 τοὺς
1458 4751 1681 4823 ἐχθροὺς
1719 4751 1903 4816 αὑτοῦ,

347 4832 422 4893 ὧν
443 4841 551 4897 ἀπὸ
581 4841 742 4911 φόϐου
779 4841 1037 4915 ῥυσθῆναι
1059 4840 1274 4913 ηῠχετο,
1301 4841 1624 4911 ὴκονηκέναι
1650 4843 1781 4912 φησὶ
1807 4843 1904 4906 τὰς

348 4930 594 5000 γλώσσας
622 4933 801 4987 αὐτῶν
815 4933 966 5004 δίκην
993 4934 1260 5005 ῥομφαίας
1277 4949 1291 4964 ο
1320 4933 1511 5004 ἣκατὰ
1530 4935 1654 4996 τοὺς
1685 4933 1900 4999 λοιποὺς

347 5021 699 5092 ἑρμηνευτὴς,
738 5042 756 5074 ι
795 5022 868 5086 ὡς
927 5025 1230 5095 μάχαιρανο
1271 5041 1290 5075 ι
1325 5021 1460 5077 ἀλλὰ
1508 5024 1602 5076 καὶ
1635 5024 1901 5078 ἐνέτειναν

345 5115 406 5166 τὸ
423 5114 573 5178 τόξον
624 5117 821 5181 αὐτῶν,
857 5117 997 5171 κατά
1021 5118 1115 5188 μὲν
1147 5119 1271 5182 τοὺς
1303 5116 1699 5187 Ἐὖδομήκοντα
1728 5118 1901 5188 ἑρμη-

343 5207 579 5270 νευτάς,‹
613 5209 668 5260 ὲν
686 5209 964 5279 πράγματι
990 5209 1186 5281 πικρῷ·
1217 5229 1236 5262 ι
1256 5210 1343 5263 διὰ
1367 5207 1474 5278 γὰρ
1506 5206 1698 5277 πικροῦ
1750 5209 1892 5278 πρά-

343 5317 548 5372 γματος
584 5299 956 5367 κατατοξεύειν
982 5303 1275 5375 ἐπειρῶντο
1298 5305 1387 5358 τὸν
1409 5303 1610 5358 δίκαιον
1633 5317 1660 5338 ἰ
1680 5300 1816 5353 κατὰ
1839 5300 1896 5355 δὲ

341 5393 428 5445 τὸν
458 5391 764 5462 Σύμμαχον,
813 5410 832 5442 ι
880 5391 1250 5465 Ἑπληρωσαν,
1285 5395 1437 5467 φησὶ,
1461 5393 1519 5447 τὸ
1548 5390 1696 5456 τόξον
1721 5391 1897 5443 αὐτῶν

341 5482 482 5551 λόγῳ
538 5481 736 5552 πικρῷ.
786 5502 805 5532 ι
841 5476 1020 5535 Ἦσαν
1071 5483 1179 5556 γὰρ
1226 5485 1439 5558 ἀληθῶς
1486 5485 1690 5557 πικροὶ,
1744 5484 1897 5537 οὐδὲν

335 5572 506 5642 γλυκὺ
537 5572 894 5643 περιέχοντες,
923 5575 972 5625 οἱ
1013 5573 1104 5627 τὸν
1152 5575 1313 5630 Δαυῒδ
1352 5574 1722 5637 διαϐάλλοντες
1762 5575 1896 5646 πρὸς

333 5662 424 5715 τὸν
479 5662 698 5716 Σαούλ-ἰ
718 5657 825 5727 οἷος
877 5656 944 5734 ἦν
971 5664 1000 5716 ό
1025 5663 1212 5734 Δωὴκ,
1247 5666 1354 5745 καὶ,
1378 5667 1426 5718 ot
1469 5666 1693 5735 Ζιφαῖοι,
1721 5663 1812 5731 καὶ
1843 5665 1891 5719 οί

402 5819 447 5851 ⁸³
477 5817 664 5873 Matth.
703 5835 757 5882 ι,
784 5814 881 5874 ὩΒ.
957 5816 1156 5874 ί-Ρεαι.
1182 5834 1290 5877 ινι.
1313 5820 1366 5874 5.
1444 5822 1464 5852 ⁸
1491 5819 1624 5877 ibid.
1661 5820 1713 5874 Ι.
1789 5820 1809 5853 ³
1837 5817 1982 5876 Psal.
2017 5814 2140 5873 Lvtii

857 5830 881 5874 ι.
957 5816 1156 5874 ‘--Psa|.
1182 5834 1290 5877 ινι.
1313 5820 1366 5874 5.
1444 5822 1464 5852 ⁸
1491 5819 1624 5877 ibid.
1661 5820 1713 5874 l.
1789 5820 1809 5853 ³
1837 5817 1982 5876 Psal.
2017 5814 2171 5875 Lvtit.
2209 5818 2258 5872 l.
2335 5818 2354 5848 ⁵
2383 5817 2512 5873 ibid.
2545 5817 2595 5873 8.

645 5911 912 5970 ΡΑτιιοι..
958 5910 1073 5972 Gn.
1121 5911 1354 5974 XXIII.

2013 4658 2183 4711 micos
2213 4674 2362 4721 suos,
2400 4673 2430 4711 a
2458 4673 2685 4727 quorum
2718 4665 2860 4711 metu
2891 4659 3024 4727 eripi
3053 4659 3396 4728 precabatur,
3427 4675 3557 4715 exa-

2011 4749 2192 4804 cuisse
2222 4749 2296 4802 ait
2319 4758 2376 4802 ut
2401 4749 2636 4818 gladium
2687 4747 2900 4817 linguas
2933 4763 3081 4814 suas,
3117 4754 3229 4804 sive
3261 4750 3559 4804 secundum

2007 4841 2242 4910 reliquos
2275 4841 2616 4908 interpretes,
2649 4857 2666 4888 ‹
2702 4843 2843 4895 sicut
2896 4841 3250 4908 machaeram;
3284 4862 3302 4894 ›
3336 4843 3443 4896 imo
3475 4842 3560 4895 in—

2006 4933 2294 4988 tenderunt
2327 4947 2510 4986 arcum
2529 4947 2710 4996 suum,
2737 4934 3034 4990 secundum
3054 4935 3194 4990 LXX
3210 4935 3555 5005 lnterpretes,

2006 5025 2061 5078 in
2086 5037 2143 5077 re
2168 5038 2351 5076 amara
2379 5043 2390 5076 :
2421 5039 2514 5093 per
2550 5041 2664 5080 rem
2696 5026 2894 5096 quippe
2945 5041 3181 5080 amaram
3207 5026 3411 5095 justum
3470 5041 3556 5078 sa-

2007 5115 2154 5186 gittis
2222 5113 2516 5170 confodere
2574 5117 2888 5183 tentabant;
2950 5101 3555 5184 secundum'Symm'a-

2000 5207 2158 5260 chum
2192 5213 2391 5269 autem,
2427 5209 2854 5278 «impleverunt,
2891 5207 3065 5275 inquit
3093 5247 3107 5267 ,
3145 5216 3332 5259 arcum
3388 5217 3549 5256 suum

2001 5297 2162 5351 verbo
2183 5311 2386 5351 amaro.
2429 5318 2446 5349 ι
2478 5297 2608 5353 Nam
2639 5297 2728 5369 qui
2765 5297 3018 5353 Davidem
3037 5293 3178 5366 apud
3209 5292 3423 5348 Saul‘em
3451 5296 3554 5347 cri.

2003 5389 2366 5457 minabantur,
2415 5406 2539 5446 vere
2588 5390 2753 5444 amari
2807 5398 2982 5452 erant,
3035 5385 3319 5443 dulCedine
3373 5384 3550 5438 affecti

2004 5465 2150 5533 nulla
2178 5497 2190 5532 :
2216 5479 2391 5549 qualis
2418 5488 2534 5535 erat
2562 5475 2724 5543 Doec,
2756 5481 2946 5551 quales
2984 5473 3185 5547 Ziphzel
3233 5475 3372 5531 etiis
3398 5473 3550 5528 siml-

2003 5573 2096 5626 les.
2133 5569 2275 5637 Quin
2297 5579 2351 5626 et
2372 5573 2548 5641 quivis
2569 5587 2746 5627 sermo
2778 5571 2998 5641 impius,
3032 5580 3276 5634 amarus;
3311 5573 3368 5620 ut
3387 5571 3440 5620 et
3465 5563 3550 5618 dio

1999 5665 2178 5726 vinus,
2211 5661 2386 5718 dulcis
2412 5670 2466 5718 et
2490 5661 2675 5718 suavis
2723 5661 2904 5717 fuerit.
2935 5663 3116 5721 Quare
3168 5658 3371 5713 dictum
3421 5663 3544 5712 est:

3077 5907 3161 5966 20
