4402 6474
868 521 928 578 Gl
942 531 971 577 υ

1568 522 1837 581 EUSEBII
1876 525 2354 585 CllSAmENSlS
2393 528 2541 586 OPP.
2577 531 2757 587 PARS
2795 533 2881 588 ΙΙΙ.
2926 564 2993 577 —-
3029 533 3436 593 EXEGETICA.

3998 544 4140 647 me

872 639 1146 697 «ﬁustate
1161 650 1213 697 et
1242 642 1433 711 videte,
1457 645 1713 715 quoniam
1737 649 1921 705 suavis
1941 660 2025 705 est
2052 649 2311 705 Dominus
2340 652 2379 704 ⁵.
2408 672 2426 702 ι
2462 659 2506 717 Α
2535 671 2610 706 τοι

2368 694 2379 704 .
2408 672 2426 702 ι
2462 659 2506 717 Α
2535 653 2740 717 τούτοις
2764 657 3152 728 παραπλήσιοι.
3194 658 3355 711 Ἀλλὰ
3381 660 3475 713 καὶ
3509 662 3614 725 πᾶς
3640 661 3795 728 ἄθεος
3826 663 3983 734 λόγος
4014 682 4102 718 πι-

868 731 1005 787 Saevi
1030 748 1193 803 porro
1238 744 1399 790 arcus
1429 743 1483 789 et
1537 752 1666 792 vere
1726 740 1874 793 acuti
1919 740 2085 811 gladii
2138 742 2429 812 impiorum

866 822 1358 889 heterodoxorum,
1420 826 1515 896 qui
1577 827 1906 898 simplicium
1967 832 2176 886 animas
2219 833 2429 904 sagittis

868 906 1153 984 impetum,
1186 916 1489 987 gladiisque
1515 920 1631 975 suis
1658 935 1752 974 eas
1798 921 2093 977 trucidant.
2145 922 2429 994 Sapientes

866 1024 1080 1079 quoque
1112 1010 1288 1080 hujus
1328 1012 1534 1076 saeculi,
1577 1012 1778 1067 fucatis
1829 1023 1881 1068 et
1939 1016 2252 1086 sophisticis
2295 1034 2429 1073 ver-

865 1099 947 1154 bis
1009 1106 1241 1165 utentes,
1313 1101 1514 1155 multas
1580 1102 1793 1159 animas
1859 1107 2218 1162 sustulerunt.
2279 1106 2427 1178 Opus

866 1204 989 1272 ergo
1026 1191 1185 1247 nobis
1236 1189 1468 1247 ferventi
1520 1192 1789 1259 oratione,
1828 1201 1882 1247 ut
1937 1197 2005 1249 ab
2052 1196 2121 1252 iis
2172 1198 2426 1255 omnibus

858 1282 1171 1352 eripiamur.
1209 1282 1249 1336 Ii
1302 1298 1432 1337 vero
1478 1284 1531 1337 in
1579 1285 1770 1354 primis
1800 1289 1891 1357 qui
1945 1303 2109 1357 supra
2144 1291 2423 1344 memorati

858 1386 1007 1440 sunt,
1039 1376 1338 1444 simplicem
1374 1386 1427 1429 et
1473 1376 1660 1431 rudem
1696 1380 1969 1434 hominem
2003 1381 2214 1449 sagittis
2250 1380 2423 1435 conli-

856 1480 979 1521 cere
1036 1472 1318 1535 satagunt;
1351 1481 1519 1535 quare
1566 1465 1773 1521 dictum
1820 1476 1905 1523 est
1956 1487 1970 1501 -
2022 1487 2040 1520 ι
2074 1468 2424 1525 lntenderunt

856 1571 1063 1623 arcum,
1094 1572 1208 1611 rem
1244 1571 1505 1621 amaram,
1544 1566 1603 1613 ut
1651 1560 1907 1626 sagittcnt
1936 1560 1991 1613 in
2044 1561 2276 1623 occultis
2319 1561 2422 1615 im-

853 1651 1203 1705 maculatum.
1236 1670 1253 1703 ›
1300 1649 1637 1721 lnculpatum
1674 1652 1761 1705 hic
1798 1652 2205 1708 immaculatum
2236 1665 2447 1721 vocat,_

852 1742 937 1797 his
970 1741 1220 1797 indicans
1273 1743 1685 1814 sycophantiam
1734 1752 1924 1799 contra
1981 1760 2097 1810 eos,
2157 1746 2249 1816 qui
2283 1747 2418 1801 nihil

828 1833 1066 1903 "injuriae
1095 1833 1425 1898 intulissent,
1465 1842 1731 1904 paratam.
1757 1834 1862 1890 Pro
1897 1834 1993 1890 illo
2021 1844 2228 1900 autem,
2264 1855 2282 1887 ι
2315 1838 2419 1891 im-

851 1925 1201 1992 maculatum,
1236 1943 1256 1979 ι
1284 1924 1500 1995 Aquila,
1537 1943 1556 1976 ι
1594 1925 1922 1996 simplicem,
1963 1944 1981 1977 ι
2022 1926 2413 1996 interpretatus

2537 743 2667 814 κρδς
2694 744 2759 797 ἂν
2782 744 2888 815 εἴη,
2924 745 3112 819 ῶσπερ
3136 749 3165 800 0
3196 746 3360 813 θεῖος,
3397 750 3631 820 χρηστὸς
3657 752 3751 805 καὶ
3765 752 3988 821 γλυκύς.
4010 754 4107 807 Διὸ

2535 832 2780 905 εἴρηταισ
2823 853 2841 886 ι
2891 833 3186 902 Γέύσασθε,
3234 840 3328 892 καὶ
3362 839 3518 905 ἴδετε,
3546 841 3628 895 ὅτι
3658 840 3892 916 χρηστὸς
3916 848 3944 899 ὁ
3984 847 4103 900 Κύ-

2538 943 2668 994 ριος.
2706 945 2723 977 ι
2750 927 2907 981 Δεινὰ
2930 928 2985 981 δὲ
3014 928 3141 993 τόξα
3170 931 3261 983 καί
3290 930 3552 1004 μάχαιραι
3582 932 3658 997 ὡς
3690 925 3904 1007 ἀλήθῶς
3929 937 4101 1001 ὀξεῖαι

2533 1020 2588 1070 αἱ
2622 1018 2728 1071 τῶν
2756 1018 2941 1073 ἀθέων·
2969 1020 3308 1093 ἑτεροδόξων,
3337 1023 3447 1077 τῶν
3477 1023 3576 1088 τὰς
3607 1026 3897 1098 ἀκεραίους
3923 1027 4106 1100 ψυχὰς

2533 1112 3013 1179 κατατοξευόντων,
3060 1116 3152 1168 καὶ
3206 1119 3327 1180 ταῖς
3401 1118 3606 1172 ἑαυτῶν
3663 1122 3958 1192 ῥομφαίαις
4000 1140 4102 1176 κα-

2530 1205 2941 1273 τασφαττόντων
2991 1207 3179 1271 αὐτάς.
3232 1210 3343 1262 Καὶ
3396 1211 3446 1263 οί
3492 1212 3643 1280 σοφοὶ
3681 1212 3737 1265 δὲ
3783 1212 3875 1266 τοῦ
3902 1213 4101 1279 αἰῶνος

2530 1297 2738 1361 τούτου,
2760 1298 2851 1351 τὸν
2872 1298 3148 1369 ἀπατηλὸν
3197 1301 3289 1354 καὶ
3322 1302 3709 1374 σεσοφισμένον
3764 1304 3919 1374 λόγον
3958 1322 4100 1376 προ-

2530 1388 2866 1459 ϐαλλόμενοι,
2921 1390 3121 1454 πολλὰς
3154 1391 3360 1445 ἀνεῖλον
3397 1394 3593 1463 ψυχάς.
3628 1395 3807 1466 Εύχῆς
3846 1393 3939 1450 οὖν
3966 1399 4103 1467 ἡμῖν

2527 1479 2607 1531 δεῖ
2642 1480 3059 1553 συντεταμένης,
3089 1484 3223 1553 πρὸς
3241 1484 3302 1536 τὸ
3324 1484 3583 1556 ρυσθῆναι
3595 1485 3798 1540 τούτων
3817 1488 4096 1543 ἁπάντων.

2528 1570 2773 1623 Μάλιστα
2814 1571 2960 1625 δὲοὶ
2995 1572 3376 1644 προλεχθέντες
3422 1576 3513 1629 τὸν
3562 1575 3888 1631 ἄπλοῦνηκαὶ
3920 1580 4093 1652 ἀφελῆ

2526 1659 2902 1727 κατατοξεύειν
2955 1664 3283 1735 πειρῶνται·
3309 1666 3389 1719 διὸ
3423 1667 3698 1722 λέλεκται·
3738 1688 3757 1721 ι
3800 1668 4097 1725 Ἐνὲτειναν
4197 1663 4205 1667 ’
4244 1668 4255 1683 ³

2523 1750 2696 1817 τόξον,
2730 1755 2962 1824 πρᾶγμα
2992 1755 3205 1825 πικρὸν,
3237 1754 3339 1825 τοῦ,
3356 1758 3747 1824 κατατοξεῦσαι
3768 1761 3825 1812 ὲν
3852 1759 4094 1832 ἀποκρύ-

2525 1858 2644 1910 φοις
2670 1842 2919 1914 ἄμωμον.
2956 1864 2976 1895 ι
3012 1847 3122 1898 Καὶ
3174 1846 3266 1900 τὸν
3300 1847 3540 1902 ἀναίτιον
3580 1849 3637 1902 δὲ
3666 1850 3893 1922 ἄμωμον
3917 1852 4091 1917 καλεῖ,

2520 1930 2620 2001 τὴν
2666 1932 2806 1985 κατὰ
2850 1933 2955 1986 τῶν
2991 1936 3156 2005 μηδὲν
3187 1936 3521 2008 ἠδικηκότων
3560 1940 3890 2012 ὑπογράφων
3934 1960 4096 1998 συκο-
4136 1986 4139 1987 ν

848 2024 950 2072 cst.
982 2016 1117 2073 Nam
1137 2017 1174 2073 ii
1200 2018 1503 2089 simplicem
1538 2026 1591 2073 et
1616 2020 1873 2090 nequitiae
1891 2025 2167 2087 expertem
2202 2019 2415 2089 sagittis
2447 2025 2489 2084 Β
2519 2038 2586 2089 φα

2354 2019 2415 2073 Lis
2447 2025 2489 2084 Β
2519 2021 2764 2089 φαντίαν.
2813 2024 2958 2076 Ἀντὶ
3001 2026 3056 2078 δὲ
3094 2025 3209 2090 τοῦ,
3232 2046 3257 2078 4
3292 2028 3555 2100 ἄμωμον,
3604 2031 3826 2097 ἁπλοῦν,
3853 2052 3873 2085 ο
3914 2035 4092 2105 ήρμή-

846 2108 1136 2165 confodere
1166 2111 1402 2165 maxime
1422 2117 1680 2183 satagunt
1714 2128 1727 2162 :
1763 2124 1934 2180 quare
1962 2108 2144 2174 infert,
2182 2127 2200 2159 ι
2229 2109 2419 2164 Subito
2519 2124 2584 2159 νει

2355 2119 2419 2164 to
2519 2124 2703 2161 νευσεν
2732 2111 2760 2162 0
2807 2109 3051 2175 Ἀκύλας.
3084 2113 3186 2166 Τὸν
3219 2116 3327 2186 γὰρ
3361 2118 3565 2171 ἁπλοῦν
3601 2120 3694 2174 καὶ
3727 2121 4093 2193 ἀπειρόκακον

845 2203 1205 2274 sagittabunt,
1241 2218 1365 2257 eum
1418 2209 1473 2257 et
1514 2218 1622 2258 non
1650 2200 1943 2256 timebunt.
1978 2221 1996 2253 ι
2026 2199 2161 2254 Nam
2205 2209 2419 2271 tempus
2522 2198 2583 2267 μό

2354 2218 2419 2257 us
2522 2198 2752 2267 μάλιστα
2782 2203 3158 2270 κατατοξεύειν
3185 2207 3234 2258 οί
3262 2205 3490 2262 τοιοῦτοι
3521 2210 3819 2281 πειρῶνται
3840 2229 3855 2243 ν
3874 2213 3955 2267 διὸ
3968 2216 4088 2267 ὲπι-

842 2293 1220 2361 observantes,
1280 2293 1573 2349 confertim
1607 2300 1663 2349 et
1714 2292 2064 2363 in0pinanter
2099 2292 2418 2347 immacula-

842 2393 980 2453 tum,
1034 2387 1150 2442 sive
1202 2386 1530 2455 simplicem,
1580 2393 1675 2439 aut
1729 2384 2077 2439 innocentem
2130 2383 2411 2439 invadunt.

842 2479 1022 2544 Quare
1050 2477 1116 2531 ad
1140 2478 1395 2534 homines
1429 2478 1497 2535 iis
1520 2477 1729 2535 similes
1755 2476 2064 2532 rescribens
2095 2477 2413 2549 Apostolus,

841 2571 958 2623 ait:
996 2587 1014 2620 ι
1044 2568 1234 2626 Timeo
1267 2578 1471 2637 autem,
1523 2586 1593 2626 ne
1643 2572 1787 2627 sicut
1830 2586 2061 2641 serpens
2104 2550 2414 2625 Evam'se-

838 2660 1014 2725 duxit,
1047 2661 1122 2715 ita
1148 2646 1796 2732 corrumpantursensus
1824 2663 1992 2717 vestri
2021 2670 2075 2717 et
2106 2662 2361 2716 excidant
2381 2678 2411 2716 a

838 2751 1207 2823 simplicitate,
1231 2768 1353 2822 qua:
1400 2759 1483 2808 est
1536 2753 1592 2807 in
1622 2752 1845 2809 Christo
1876 2754 1917 2807 °.
1955 2772 1973 2806 ι
2000 2752 2153 2807 'Eum
2212 2754 2410 2823 quippe

838 2843 1000 2914 cujus
1054 2843 1234 2898 anima
1288 2844 1710 2900 circummunita
1759 2843 1947 2905 fuerit,
2008 2844 2243 2914 dejicere
2271 2860 2411 2899 nun-

834 2951 998 3007 quam
1047 2936 1265 2991 valeant
1304 2937 1341 2991 ii
1393 2937 1484 3007 qui
1523 2952 1688 3007 supra
1738 2937 2023 2992 memorati
2053 2942 2202 2999 sunt,
2256 2955 2275 2986 ι
2315 2935 2407 3005 qui

833 3037 1180 3085 exacuerunb
1200 3035 1258 3083 ut
1316 3029 1556 3101 gladium
1610 3030 1829 3100 linguas
1861 3042 2011 3095 suas,
2053 3027 2410 3082 intenderunt

834 3133 1044 3182 arcum,
1076 3134 1195 3173 rem
1228 3132 1495 3182 amaram,
1537 3126 1597 3171 ut
1628 3102 1891 3189 sagittent
1938 3120 1991 3171 in
2028 3116 2257 3172 occultis
2301 3118 2406 3169 im-

837 3206 1205 3276 maculatum;
1240 3229 1258 3261 ι
1292 3210 1427 3273 sive,
1468 3228 1486 3259 ι
1525 3218 1584 3264 ιιι
1611 3210 1868 3279 sagittent
1903 3208 1957 3263 in
2008 3208 2242 3262 occultis
2274 3207 2406 3261 sim-

837 3300 1051 3367 plicem.
1092 3296 1286 3354 Subito
1317 3301 1819 3371 sagittabunteum,
1851 3308 1905 3355 et
1932 3314 2040 3353 non
2067 3298 2351 3371 timebunt.
2380 3317 2398 3349 ι

2516 2289 2693 2357 λέγει’
2738 2311 2756 2343 ι
2804 2291 3063 2358 Ἐξάπινα
3118 2296 3598 2362 κατατοξεύσουσιν
3642 2302 3825 2364 αὐτὸν,
3886 2308 3980 2357 καὶ
4027 2306 4089 2359 οὐ

2516 2381 2936 2454 φοϐηθήσονται.
2966 2404 2984 2437 ι
3005 2388 3545 2458 Καιροφυλακοῦντες
3563 2386 3671 2463 γὰρ
3696 2388 3861 2457 οὗτοι,
3878 2394 4092 2467 ἀθρόως

2515 2472 2605 2524 καί
2664 2472 3082 2547 ἀπροσδοκήτως
3128 2478 3447 2548 ἐπέρχονται
3499 2480 3578 2549 τῷ
3627 2482 3876 2554 ἀμώμῳ,
3930 2485 3964 2556 ἢ
4007 2485 4088 2558 τῷ

2514 2563 2669 2634 ἁπλῷ
2693 2566 2786 2617 καὶ
2814 2567 2912 2619 ἀκε
2922 2568 3075 2639 ραίῳ.
3093 2570 3181 2622 Διὸ
3200 2571 3426 2641 γράφων
3442 2589 3544 2626 που
3565 2574 3593 2626 ό
3617 2573 3935 2640 Ἀπόστολος
3950 2577 4089 2650 πρὸς

2510 2654 2637 2718 τοὺς
2666 2655 2942 2720 τοιούτους
2987 2659 3117 2729 φησι
3145 2674 3156 2686 ’
3184 2680 3201 2711 ι
3229 2660 3499 2731 Φοϐοῦμαι
3544 2664 3615 2734 μή
3646 2682 3782 2729 πως,
3813 2665 3889 2730 ὡς
3910 2667 4087 2737 όιδφις

2511 2744 2850 2817 ἐξηπάτησεν
2892 2748 3056 2815 Εὕαν,
3084 2751 3266 2823 φθαρῇ
3292 2754 3361 2807 τὰ
3387 2760 3631 2827 νοήματα
3658 2758 3812 2828 ὑμῶν
3847 2761 3956 2814 ἀπὸ
3984 2761 4083 2832 τῆς

2509 2835 2807 2907 ἁπλότητος
2825 2838 2927 2909 τῆς
2959 2840 3017 2892 ἐν
3050 2841 3290 2913 Χριστῷ.
3335 2862 3353 2894 ι
3384 2843 3484 2897 Τδν
3542 2846 3651 2918 γὰρ
3698 2850 4081 2921 πεφραγμένον

2507 2928 2605 2997 τὴν
2632 2928 2807 3001 ψυχήν
2839 2932 2941 3015 οὐκ
2968 2933 3035 2985 ἄν
3070 2950 3197 2986 ποτε
3236 2933 3481 2989 δύναιντο
3505 2937 3827 2994 καταϐαλεῖν
3863 2942 3913 2993 οί
3938 2956 4080 3013 ιπρο-

2506 3016 2809 3088 λεχθέντες,
2830 3041 2849 3073 ί
2866 3022 3061 3085 οἵτινες
3090 3023 3359 3093 ἠκόνησαν
3382 3024 3458 3088 ὡς
3489 3028 3759 3098 ῥομφαίαν
3778 3030 3878 3095 τὰς
3904 3030 4081 3100 γλώσο

2508 3128 2605 3174 σας
2627 3113 2826 3176 αὐτῶν,
2862 3115 2955 3167 καὶ
2975 3113 3241 3169 ἐνέτειναν
3282 3115 3454 3182 τόξον,
3488 3122 3717 3191 πρᾶγμα
3749 3124 3963 3195 πικρὸν,
3985 3124 4078 3178 τοῦ

2506 3203 2894 3267 κατατοξεῦσαι
2941 3207 2998 3257 ὲν
3017 3206 3365 3278 ἀποκρύφοιςρ
3398 3209 3645 3282 ἄμωμον·
3676 3232 3693 3264 ι
3729 3214 3784 3284 ἦ,
3808 3232 3826 3265 ι
3853 3216 3950 3269 τοῦ
3971 3230 4081 3272 αα.

2504 3294 2820 3358 τατοξεῦσαι
2853 3298 2910 3349 ὲν
2931 3297 3271 3369 ἀποκρύφοις
3299 3300 3521 3355 ἁπλοῦν.
3564 3302 3821 3368 Ἐξάπινα
3842 3324 4075 3362 κατατο-

831 3393 900 3445 At
927 3380 1051 3446 vide
1084 3398 1384 3463 quo‘pacto
1411 3392 1580 3455 dicat,
1610 3391 1946 3475 sagittabunt
1995 3406 2141 3453 eum,
2175 3405 2285 3443 non
2316 3404 2401 3445 me
2426 3379 2469 3436 C
2506 3385 2569 3451 ξε

2340 3404 2401 3445 ne
2426 3379 2469 3436 C
2506 3385 2781 3451 ξεύσουσιν
2830 3388 3012 3453 αὐτὸν,
3073 3388 3167 3442 καὶ
3218 3390 3279 3442 οὐ
3322 3391 3737 3464 φοϐηθήσονται.
3784 3416 3803 3449 ι
3842 3398 3953 3453 Καὶ
3977 3401 4078 3472 δρα

826 3484 921 3557 qui
949 3482 1080 3537 talia
1110 3484 1369 3556 profero;
1405 3484 1501 3541 sed
1532 3484 1857 3554 simplicem,
1892 3485 1944 3538 id
1987 3492 2070 3540 est
2127 3483 2314 3538 rudem
2347 3490 2401 3536 et

828 3580 1196 3641 innocentem,
1236 3586 1290 3633 et
1340 3578 1519 3633 adhuc
1557 3578 1867 3649 parvulum,
1900 3586 1959 3632 nt
2017 3578 2143 3647 quis
2177 3576 2396 3635 dixerit.

826 3688 891 3727 cx
925 3687 1115 3728 eorum
1141 3686 1370 3727 numero
1399 3671 1467 3726 de
1499 3673 1697 3742 quibus
1729 3671 1989 3738 Servator
2018 3670 2136 3723 haec
2165 3668 2351 3721 docuit
2382 3683 2394 3718 :

831 3778 851 3813 ι
878 3758 958 3814 Ne
990 3761 1354 3817 contemnatis
1384 3776 1551 3815 unum
1597 3776 1665 3814 ex
1697 3760 1911 3831 pusillis
1945 3760 2036 3829 qui
2060 3766 2188 3814 sunt
2210 3759 2264 3811 in
2293 3756 2398 3811 Ec-

824 3853 992 3908 clesia
1021 3866 1139 3907 mea
1169 3854 1223 3917 7;
1256 3872 1273 3904 ι
1301 3860 1356 3906 et
1388 3869 1399 3903 :
1433 3870 1451 3901 ι
1498 3852 1555 3907 Si
1586 3854 1711 3923 quis
1752 3851 2203 3907 scandalizaverit
2227 3865 2395 3903 unum

822 3946 1152 4015 expusillis.
1202 3945 1420 4014 expedit
1450 3944 1499 3999 ei
1552 3954 1612 4000 ut
1655 3946 2006 4016 demergatur
2033 3943 2086 3997 in
2122 3958 2269 3997 mare
2296 3941 2337 3995 ⁸.
2373 3960 2390 3991 ι

819 4034 1007 4105 Neque
1048 4036 1192 4089 enim
1246 4035 1333 4089 hic
1387 4052 1641 4107 magnum
1702 4038 1977 4093 hominem
2032 4032 2393 4090 scandalizari

824 4124 1337 4189 Scrvator'induéit,
1380 4128 1473 4183 sed
1495 4131 1657 4194 'eum,
1713 4130 1806 4200 qui
1870 4130 1921 4183 in
1949 4128 2197 4183 Ecclesia
2232 4126 2393 4197 pusil-

823 4218 909 4272 lus
936 4218 1041 4283 sit;
1080 4226 1134 4271 ut
1157 4218 1261 4272 hoc
1286 4220 1338 4273 in
1370 4219 1491 4275 loco
1533 4221 1833 4290 simplicem
1863 4221 2019 4274 dicit.
2062 4218 2273 4274 inimici
2302 4234 2392 4273 er-

820 4327 889 4382 go
918 4314 1157 4379 magnos
1174 4318 1227 4365 et
1259 4312 1352 4382 qui
1376 4312 1520 4381 apud
1566 4310 1735 4365 Deum
1767 4313 2045 4383 sapientes
2083 4319 2232 4377 sunt,
2263 4310 2395 4363 ado-

819 4404 917 4456 riri
949 4418 1056 4456 non
1093 4403 1318 4463 audent,
1363 4403 1457 4457 sed
1490 4401 1767 4471 simplices
1798 4408 1852 4455 ct
1878 4400 2194 4455 innocentes
2219 4402 2394 4454 maxi-

821 4511 903 4549 me
920 4503 1214 4548 venantur.
1246 4493 1613 4557 Quamobrem
1644 4490 1814 4544 David
1837 4507 1962 4545 cum
1989 4490 2240 4546 inimicos
2276 4506 2391 4545 me-

820 4594 1108 4645 morasset,
1170 4585 1237 4638 ad
1304 4600 1443 4655 quos
1502 4583 1811 4654 praesertim
1877 4584 2117 4652 irrepere
2178 4583 2391 4637 soleant

814 4678 1130 4733 declaravit.

890 4804 908 4837 ι
950 4783 1330 4841 Firmaverunt
1353 4785 1457 4840 sibi
1481 4801 1788 4841 sermonem
1813 4799 2045 4855 nequam
2080 4804 2090 4837 :
2128 4799 2385 4839 narrave-
2419 4765 2460 4819 θ

816 4885 946 4931 runt
972 4884 1030 4931 ut
1057 4878 1460 4931 absconderem
1508 4878 1754 4947 laqueos.
1794 4897 1810 4926 ι
1848 4875 2144 4945 Postquam
2178 4877 2386 4945 tropice

813 4969 1065 5028 inimicos
1104 4968 1315 5041 gladios
1343 4984 1474 5023 suos
1505 4984 1773 5024 exacuere
1802 4979 1867 5045 et
1901 4984 2063 5022 arcus
2104 4956 2386 5023 intendere

813 5061 1045 5124 dixerat,
1066 5060 1179 5130 jam
1211 5062 1454 5131 apertius
1485 5061 1575 5130 qui
1606 5060 1677 5113 sit
1707 5061 1941 5132 gladius,
1985 5061 2167 5131 qualis
2198 5075 2382 5127 arcus,

813 5161 1035 5206 enarrat
1089 5152 1175 5207 his
1207 5151 1387 5205 verbis
1414 5170 1426 5205 :
1469 5170 1486 5202 ι
1516 5149 1899 5206 Firmaverunt
1935 5151 2038 5206 sibi
2068 5165 2381 5207 sermonem

817 5257 1065 5314 aequam.
1114 5264 1132 5297 ι
1171 5243 1293 5299 Non
1353 5246 1494 5299 enim
1548 5238 1856 5300 sertnonem
1914 5260 1944 5298 a
1991 5245 2103 5300 Deo
2148 5245 2381 5299 mutuati

812 5343 971 5396 sunt;
1005 5335 1099 5391 sed
1130 5348 1417 5408 postquam
1444 5337 1545 5390 sibi
1578 5337 1712 5408 ipsis
1745 5335 2131 5391 conﬁnxerunt
2154 5344 2208 5391 ct
2232 5350 2381 5390 COlll-

810 5429 977 5483 rncnti
1028 5438 1176 5493 sunt,
1227 5430 1373 5484 hunc
1405 5429 1781 5484 firmaverunt.
1819 5426 1981 5482 Tales
2032 5438 2157 5482 sunt
2216 5441 2378 5497 syco-

808 5522 1045 5591 phanta,
1076 5529 1131 5576 et
1161 5528 1427 5591 quotquot
1460 5520 1648 5578 falsas.
1684 5535 1823 5590 quas
1859 5518 1963 5573 sibi
1994 5518 2379 5572 conﬁnxerunt

809 5624 863 5668 et
884 5614 1176 5669 commenti
1204 5621 1355 5677 sunt,
1422 5611 1724 5667 sententias
1774 5611 1992 5665 ﬁrmare
2036 5618 2089 5663 et
2136 5608 2382 5669 stabilire

810 5715 1085 5776 satagunt.
1120 5704 1323 5761 Deinde
1346 5721 1474 5760 vero
1493 5704 1581 5759 ubi
1600 5716 1906 5759 sermonem
1939 5702 2091 5755 illum
2123 5716 2379 5770 nequam,

805 5812 968 5867 quem
1002 5798 1105 5854 sibi
1156 5799 1527 5862 firmaverant,
1586 5810 1811 5865 pravum
1844 5794 1963 5849 csse
2000 5793 2376 5858 ndwerterunt,

2504 3476 2625 3530 τίνα
2671 3478 2873 3549 τρόπον
2930 3477 3413 3543 κατατοξεύσουσιν
3442 3484 3600 3551 αὐτόν
3627 3502 3811 3557 φησιν,
3841 3489 3954 3543 ἀλλ’
3978 3490 4077 3544 οὐκ

2504 3570 2603 3638 ἐμὲ
2628 3569 2719 3622 τὸν
2750 3569 2919 3624 ταῦτα
2950 3570 3172 3639 λέγοντα
3195 3590 3209 3603 ’
3251 3573 3343 3627 τὸν
3380 3574 3437 3627 δὲ
3463 3574 3687 3641 ἁπλοῦν,
3715 3581 3962 3635 τουτέστι
3987 3583 4076 3637 τὸν

2503 3660 2676 3731 ἀφελῆ
2702 3662 2795 3715 καὶ
2822 3662 3077 3733 ἀκέραιον
3101 3705 3115 3727 ,
3151 3665 3244 3717 καὶ
3267 3665 3347 3718 ἔτι
3372 3667 3582 3739 μικρὸν,
3618 3668 3767 3733 ὡςᾶν
3796 3670 3944 3728 εἴποι
3972 3691 4074 3740 τις,

2504 3750 2564 3814 ἐξ
2619 3753 2844 3806 ἐκείνων
2891 3754 3020 3808 όντα
3048 3758 3174 3825 περὶ
3202 3750 3277 3809 ὧν
3309 3758 3337 3809 0
3361 3758 3550 3831 Σωτὴρ
3581 3760 3827 3816 ἐδίδασκε
3856 3762 4030 3833 λέγων
4052 3782 4066 3797 ·

2507 3860 2526 3893 ι
2555 3842 2645 3913 Μή
2694 3848 3147 3917 καταφρονήσητε
3200 3848 3317 3912 ἑνὸς
3367 3850 3476 3905 τῶν
3523 3854 3733 3924 μικρῶν
3764 3856 3971 3915 ,τῶνὲν
4008 3860 4073 3928 τῇ

2514 3932 2807 4006 Ἐκκλησία
2821 3952 2942 4005 μου*
2972 3955 2989 3987 ι
3013 3937 3122 4001 καὶ,
3148 3958 3165 3988 ι
3194 3939 3379 4005 Ὅστις
3392 3942 3485 3996 ἐὰν
3513 3944 3839 4019 σκανδαλίσῃ
3853 3948 3947 4000 ἕνα
3967 3946 4077 4003 τῶν

2504 4024 2735 4096 μικρῶν,
2762 4026 3027 4098 συμφέρει
3049 4027 3197 4099 αὐτῷ
3231 4028 3486 4101 βληθῆναι
3502 4028 3711 4107 εἰςτὴν
3733 4036 4026 4092 θάλασσαν.
4048 4057 4068 4090 ι

2500 4117 2988 4189 Σκανδαλιζόμενον
3026 4121 3134 4193 γὰρ
3168 4124 3326 4175 κάκεῖ
3351 4126 3379 4176 ό
3404 4124 3593 4197 Σωτὴρ
3620 4128 3679 4179 οὐ
3713 4129 3885 4199 μέγαν
3922 4132 4073 4185 είσὰιι

2498 4226 2603 4279 γει,
2628 4211 2762 4265 ἀλλὰ
2785 4212 2873 4281 τδν
2895 4204 3033 4285 ἒντῇ
3075 4214 3367 4288 Ἐκκλησία
3396 4218 3608 4290 μικρὸν,
3633 4217 3820 4292 ὥσπερ
3839 4222 4072 4278 ἐνταῦθα

2497 4300 2587 4353 τὸν
2612 4301 2833 4355 ἁπλοῦν.
2870 4304 2934 4360 Οἱ
2966 4305 3141 4359 τοίνυν
3162 4306 3345 4379 ἐχθροὶ
3375 4308 3496 4361 οὐδὲ
3523 4309 3763 4380 τολμῶσι
3796 4313 4069 4383 προσιέναι

2496 4394 2609 4455 τοῖς
2667 4394 2941 4463 μεγάλοις,
2969 4395 3089 4450 οὐδὲ
3130 4401 3243 4461 τοῖς
3273 4397 3427 4469 παρὰ
3459 4396 3579 4470 Θεῷ
3613 4402 3793 4469 σοφοῖς
3818 4419 3831 4431 ο
3860 4403 3987 4467 τοὺς
4012 4402 4067 4456 δ)

2497 4482 2702 4545 ἁπλοῦς
2732 4485 2823 4537 καὶ
2872 4485 3162 4555 ἀκεραίους
3197 4487 3431 4557 μάλιστα
3468 4487 3776 4560 θηρεύουσι.
3813 4491 4013 4563 Διόπερ
4039 4494 4068 4543 ὁ

2495 4575 2677 4637 Δαυῒδ,
2729 4577 3104 4647 μνημονεύσας
3158 4579 3266 4632 τῶν
3325 4579 3555 4653 ἐχθρῶν,
3606 4583 3698 4635 καὶ
3745 4583 3870 4653 περὶ
3917 4583 4067 4645 τίνας

2499 4666 2730 4735 μάλιστα
2759 4668 3019 4723 είλεῖσθαι
3054 4669 3307 4725 εἰώθασιν
3336 4667 3479 4724 οὗτοι
3512 4672 3874 4743 παρέστησεν.

2567 4803 2585 4835 ι
2637 4781 3039 4854 Ἑκραταξωσαν
3095 4786 3306 4848 ἑαυτοῖς
3357 4785 3513 4852 λόγον
3563 4786 3835 4857 πονηρόν
3878 4787 4067 4861 διηγή-

2492 4890 2650 4927 σαντο
2699 4873 2791 4927 τοῦ
2852 4874 3055 4947 κρύψαι
3114 4875 3367 4942 παγίδας.
3418 4891 3438 4924 ι
3493 4874 3779 4945 Τροπικῶς
3818 4876 3905 4931 διὰ
3958 4879 4066 4933 τῶν

2491 4967 2796 5038 ἔμπροσθεν
2844 4969 2971 5031 τοὺς
3025 4968 3123 5038 τῆς
3173 4966 3351 5037 ψυχῆς
3394 4967 3619 5039 ἐχθροὺς
3656 4970 3753 5041 τὴν
3794 4971 4063 5041 ῥομφαίαν

2490 5060 2673 5112 αὐτῶν
2698 5060 2959 5129 ἀκονῆσαι
2999 5059 3092 5111 καὶ
3120 5056 3189 5109 τὰ
3215 5057 3343 5123 τόξα
3375 5059 3603 5112 ἐντεῖναι
3643 5060 3939 5132 προειπὼν,
3970 5080 4064 5117 σα-

2496 5152 2752 5223 φέστερον
2773 5150 2859 5204 διὰ
2874 5151 2982 5204 τῶν
3008 5150 3377 5221 προκειμένων
3400 5150 3483 5215 τίς
3510 5146 3578 5221 ἦν
3602 5154 3634 5222 ἡ
3670 5154 3931 5223 ῥομφαία,
3970 5159 4062 5211 καὶ

2491 5242 2543 5294 τί
2570 5242 2630 5294 τὸ
2663 5241 2813 5307 τόξον
2858 5240 3182 5310 παρίστησιν
3202 5239 3400 5293 είπών·
3435 5259 3454 5290 ι
3496 5241 3902 5311 Ἐκραταίωσαν
3934 5247 4062 5300 ἐαυ-

2486 5337 2601 5409 ςτοῖς
2632 5335 2785 5402 λόγον
2809 5333 3063 5403 πονηρόν.
3108 5352 3126 5384 ι
3153 5333 3226 5385 Οὐ
3257 5333 3365 5405 γὰρ
3393 5332 3541 5404 παρὰ
3576 5332 3669 5386 τοῦ
3703 5334 3835 5389 Θεοῦ
3871 5336 4061 5390 λαϐόν-

2489 5444 2578 5491 τες
2616 5427 2791 5501 λόγον,
2854 5426 2967 5480 ἀλλ’
3007 5427 3215 5503 ἑαυτοῖς
3256 5426 3587 5496 πλασάμενοι
3628 5429 3720 5481 καὶ
3758 5414 4058 5493 συνθέντες,

2486 5521 2670 5576 τοῦτον
2725 5521 3040 5592 ὲκράτυναν.
3083 5518 3321 5595 Τοιοῦτοι
3367 5517 3423 5570 δέ
3465 5521 3599 5571 εἰσιν
3637 5522 3684 5573 οἱ
3712 5524 4057 5591 συκοφάνται,

2487 5612 2580 5663 καὶ
2612 5613 2661 5664 οἱ
2688 5611 2975 5682 κρατύνειν
3007 5611 3099 5663 καὶ
3129 5606 3374 5679 βεὸαιοῦν
3404 5609 3727 5681 πειρώμενοι
3750 5613 3817 5677 hs;
3847 5614 4063 5674 ἑαυτοῖς

2486 5701 2946 5774 ἀνεζωγρᾶφήσαν
2993 5702 3086 5754 καὶ
3124 5698 3492 5753 ἀνεπλάσαντο
3525 5699 3882 5769 ψευδοδοξίας.
3917 5697 4054 5755 "Eho

2483 5792 2539 5846 δὲ
2567 5794 2655 5846 τὸν
2689 5794 2922 5863 πονηρὸν
2978 5792 3130 5860 λόγον
3160 5790 3219 5844 ὃν
3247 5792 3457 5855 ἑαυτοῖς
3479 5791 3785 5867 ἐκράτυναν
3818 5794 4053 5866 όρῶντυς

871 5953 1065 6029 fl‘sal.
1111 5973 1302 6022 nam,
1332 5956 1384 6010 9.
1463 5956 1483 5987 ⁸
1512 5952 1553 6008 Il
1584 5954 1708 6009 Cor.
1737 5969 1813 6031 xu,
1846 5953 1899 6007 3.
1974 5952 1992 5983 "
2024 5949 2207 6003 Matth.
2238 5963 2396 6014 xvm,
2425 5949 2510 6004 Η).
2586 5951 2605 5979 ⁸
2633 5931 2765 6005 Ibid.
2808 5950 2862 6003 (ἱ.
