4402 6398
352 520 444 577 621
1491 514 1988 575 COMMENTARIA
2025 513 2090 567 [Ν

1491 514 1988 575 COMMENTARIA
2025 513 2090 567 ΙΝ
2129 511 2465 570 Ρδλιυοε.

3449 513 3554 569 622

351 636 563 707 σαθρὸν,
606 637 667 688 ού
713 635 913 705 γυμνὸν
944 632 1101 686 αὑτὸν
1132 633 1532 706 προϐάλλονται,
1573 631 1706 685 ἀλλά
1743 649 1896 702 περι·
1927 644 1970 694 Α
2001 642 2089 682 nor

1817 649 1896 702 ρι-
1927 644 1970 694 Α
2001 642 2106 682 non
2135 630 2336 684 nudum
2372 628 2672 700 proferunt,
2707 626 2801 682 sed
2827 627 3034 696 laqueis
3057 627 3395 690 extrinsecus
3416 631 3555 684 clam

349 727 626 783 ϐάλλουσιν
665 727 857 791 ἔξωθεν
901 727 1110 794 παγίσι,
1135 724 1463 794 κρύπτοντες
1488 723 1577 777 διά
1620 741 1780 776 τινων
1823 740 1904 776 σο-

348 818 628 888 φισμάτων
655 818 747 870 καὶ
791 815 1209 884 παραλογισμῶν
1247 815 1344 882 τὴν
1369 813 1508 866 κατά
1548 813 1656 866 τῶν
1686 813 1903 866 ἐπιδου-

348 907 648 978 λευομένων
678 890 942 977 συσκευὴ-θ
961 923 974 936 ·
1006 907 1144 958 οὓτω
1177 905 1284 974 γὰρ
1315 904 1544 974 ἄληπτοι
1575 905 1667 957 καὶ
1693 903 1902 973 ἀθήρα-

347 1013 427 1050 τοι
456 996 670 1049 ἔσεσθαι
697 996 1149 1066 ὑπολαμϐάνουσι.
1175 994 1268 1047 Διὸ
1295 1013 1312 1045 ι
1350 990 1510 1047 εἶπαν
1542 1014 1558 1043 ι
1587 995 1644 1046 ἐν
1669 995 1896 1056 ἑαυτοῖςο

349 1103 370 1138 ε
407 1086 504 1150 Τίς
560 1086 746 1155 δψεται
794 1085 1025 1149 αὑτούς;
1075 1104 1092 1135 ι
1145 1085 1261 1146 καὶ,
1306 1103 1324 1136 ι
1376 1083 1728 1156 ἑξερεύνησαν
1778 1084 1900 1136 ἀνο-

347 1178 493 1248 μίας.
511 1196 530 1229 ι
550 1177 714 1230 Οὐδὲν
731 1175 837 1248 γὰρ
857 1175 1127 1246 ὠφέλιμον
1147 1176 1253 1228 ἀπὸ
1268 1174 1359 1228 τοῦ
1389 1175 1533 1226 θείου
1551 1174 1713 1244 νόμου
1738 1173 1902 1243 ζητή-

344 1285 534 1331 σαντες
554 1262 708 1340 εὗρον
724 1284 737 1303 ν
768 1267 880 1320 ἀλλ’
904 1267 1129 1336 ἀνομίας
1157 1268 1370 1328 ἑαυτοῖς
1396 1267 1714 1335 ἐπενόησαν.
1747 1265 1900 1318 Κατά

339 1359 396 1413 δέ
428 1360 518 1413 τὸν
570 1358 884 1429 Σύμμαχον,
925 1377 944 1409 ι
980 1355 1341 1429 ἑξερεύνησαν
1379 1357 1605 1426 ἀνομίας
1655 1355 1900 1425 σύμπαν-

341 1463 428 1509 τες
450 1463 464 1478 ο
502 1467 520 1498 ι
558 1449 648 1499 καὶ
679 1447 770 1499 ἐπὶ
801 1446 1005 1507 τούτοις
1041 1445 1208 1498 πολλά
1241 1446 1572 1516 ζητήσαντες
1597 1446 1686 1498 καὶ
1735 1444 1901 1516 μυρία

342 1539 468 1610 παρ’
507 1540 712 1601 ἑαυτοῖς
732 1539 1132 1608 ἐπινοήσαντες,
1162 1537 1406 1608 μηδὲνσδὲ
1422 1535 1616 1604 ἀληθὲς
1637 1537 1727 1587 ἐπὶ
1757 1534 1900 1586 τέλει

339 1629 602 1698 εὑρόντες,
621 1628 880 1691 ἐξέλιπον,
915 1628 1072 1681 πλέον
1097 1629 1245 1680 οὐδὲν
1272 1627 1378 1680 ἀπὸ
1403 1627 1502 1695 τῆς
1531 1625 1729 1694 πολλῆς
1753 1625 1900 1696 ἐρεύ-

339 1736 433 1790 νης
455 1720 824 1790 ,κτησάμενομ
872 1719 963 1771 Διὸ
989 1719 1260 1771 λέλεκταιο
1310 1737 1327 1768 ι
1378 1717 1651 1782 Ἐξέλιπον
1685 1717 1898 1787 ἐξερευ-

337 1811 533 1873 νῶντες
588 1810 974 1883 ἑξερευνήσεις.
1008 1829 1026 1862 ι
1064 1809 1359 1872 Τοσούτους
1415 1807 1565 1871 τινὰς
1611 1807 1898 1878 διέγραψεν

337 1902 366 1954 ὁ
400 1901 556 1954 Δαυῖδ
586 1903 709 1966 τοὺς
752 1901 974 1972 ἐχθροὺς
1003 1900 1095 1953 καὶ
1126 1899 1430 1969 πολεμίους,
1454 1897 1512 1964 ἐξ
1535 1892 1608 1951 ὧν
1640 1898 1738 1968 τὴν
1769 1899 1894 1950 ἑαυ-

2007 719 2453 789 clrcumsepiunt,
2490 717 2917 787 sophismatibus
2947 717 3266 786 cavillisque
3296 735 3432 789 quas
3460 736 3556 790 pa.

2006 817 2125 862 rant
2153 810 2286 880 ipsis
2333 810 2558 866 insidias
2599 809 2956 878 occultantes.
3014 809 3086 862 ita
3134 826 3192 864 se
3220 812 3338 879 capi
3371 818 3425 864 et
3459 804 3557 866 de.

2006 901 2265 969 prehendi
2295 916 2404 955 non
2437 915 2598 971 posse
2634 899 3164 978 Opinantur._Quare
3195 919 3212 951 ι
3244 900 3498 956 dixerunt
3534 923 3555 955 ι

2003 993 2058 1046 in
2086 994 2280 1062 seipsis
2313 1013 2325 1047 :
2353 1011 2371 1044 ‹
2402 993 2537 1059 Quis
2570 993 2773 1047 videbit
2805 989 2943 1048 eos?
2973 1009 2990 1042 ι
3027 1001 3100 1058 et,
3129 1010 3148 1042 ι
3182 994 3406 1047 scrutati
3431 1002 3560 1049 sunt

2003 1082 2338 1152 iniquitates.
2382 1103 2399 1134 ι
2435 1081 2580 1136 Nihil
2615 1083 2815 1152 quippe
2842 1080 3093 1145 utilitatis
3124 1081 3178 1134 in
3225 1082 3405 1136 divina
3440 1083 3558 1152 lege

2005 1172 2404 1240 perquisierunt
2433 1173 2516 1226 vel
2545 1172 2902 1237 invenerunt;
2961 1172 3056 1226 sed
3088 1171 3400 1240 iniquitates
3451 1174 3558 1228 sibi

2001 1264 2410 1331 excogitarunt;
2439 1264 2572 1326 sive,
2599 1262 2894 1318 secundum
2926 1260 3330 1332 Symmachum,
3359 1281 3377 1312 ι
3407 1278 3562 1317 scru-

2001 1354 2095 1404 tati
2128 1363 2256 1408 sunt
2284 1356 2598 1425 iniquitates
2620 1353 2863 1410 universi
2895 1370 2907 1404 :
2948 1373 2966 1405 ι
3004 1369 3068 1408 ac
3109 1369 3234 1407 cum
3275 1354 3388 1408 inec
3415 1355 3557 1408 mul-

2002 1450 2116 1495 tum
2150 1445 2620 1513 perquisivissent,
2652 1452 2705 1500 et
2745 1444 2951 1499 inﬁnita
2977 1445 3398 1514 excogitassent,
3433 1458 3556 1496 cum

2003 1533 2134 1585 nihil
2166 1536 2276 1588 veri
2302 1537 2516 1590 tandem
2541 1536 2860 1606 reperirent,
2892 1533 3227 1600 defecerunt,
3252 1534 3386 1588 nihil
3414 1533 3558 1587 aliud

2001 1631 2246 1678 ex.tanta
2279 1628 2714 1694 perscrutatione
2749 1625 3069 1682 referentes.
3124 1626 3304 1693 Quare
3351 1625 3559 1680 dictum

2001 1721 2120 1768 est:
2153 1733 2171 1765 ‹
2205 1715 2528 1771 Defecerunt
2554 1726 2861 1772 scrutantes
2878 1718 3164 1772 scrutinia.
3195 1737 3214 1770 ι
3239 1716 3559 1786 Hujusmodi

1961 1809 1970 1817 '
2002 1805 2186 1861 hostes
2215 1816 2268 1861 et
2303 1809 2552 1862 inimicos
2581 1808 2872 1878 descripsit
2893 1808 3084 1872 David,
3125 1824 3156 1865 e
3187 1825 3418 1879 quorum
3451 1824 3564 1862 ma.

2002 1899 2160 1954 nibus
2192 1899 2424 1952 animam
2460 1900 2595 1968 eripi
2626 1914 2778 1953 suam
2822 1900 3146 1968 precabatur
3178 1916 3190 1950 :
3225 1907 3383 1953 erant
3413 1900 3561 1954 scili-

337 1989 430 2043 τοῦ
462 1989 637 2060 ψυχὴν
664 1990 922 2063 ρυσθῆναι
978 1988 1192 2060 ηὔχετο,
1242 1989 1682 2060 ἑξερευνητικους
1725 2003 1894 2053 τινας,
1929 1989 1971 2042 Β
1999 1997 2075 2046 cel

1819 2003 1894 2053 ις,
1929 1989 1971 2042 Β
1999 1997 2085 2046 cet
2138 1990 2174 2044 ii
2206 1998 2614 2060 perscrutantes
2645 1999 2698 2046 et
2758 1991 3139 2061 perquirentes
3191 1990 3557 2058 iniquitatem.

337 2080 430 2132 καὶ
460 2080 779 2151 ζητητικοὺς
807 2081 1050 2151 ἀνομίας.
1085 2083 1146 2134 Ol
1177 2080 1282 2152 γὰρ
1306 2079 1530 2131 τοιοῦτοι
1557 2077 1734 2148 ψυχῆς
1766 2078 1896 2148 ἀλη-

337 2169 444 2234 θῶς
474 2171 538 2223 ἂν
583 2166 691 2223 εἶεν
724 2172 974 2239 φονευταί
999 2189 1012 2202 ο
1049 2172 1127 2225 διὸ
1157 2171 1220 2242 δὴ
1257 2172 1488 2242 μάλιστα
1535 2170 1668 2223 Θεὸν
1701 2171 1897 2240 βοηθὸν

336 2263 426 2314 ἐπὶ
454 2262 560 2314 τῶν
591 2263 844 2318 τοιούτων
875 2264 1202 2326 ἀνεκαλεῖτο,
1263 2265 1386 2327 τοὺς
1421 2263 1708 2333 αἰσθητοὺς
1742 2261 1897 2314 πολε-

340 2351 492 2422 μίους
521 2354 756 2417 καὶτοὺς
773 2347 885 2416 τοῖς
919 2352 1129 2424 σώμασι
1162 2349 1668 2423 παραταττομένους
1691 2350 1775 2401 ἐπ’
1801 2349 1893 2401 ού-

334 2442 442 2494 δενὶ
474 2443 616 2514 λόγῳ
639 2443 935 2514 τιθέμενος.
1635 2436 1639 2439 ’

409 2551 444 2590 ι,
471 2533 890 2603 Προσελεύσεται
919 2533 1200 2604 ἄνθρωπος
1247 2533 1304 2586 ἐν
1337 2533 1542 2605 καρδίᾳ’
1566 2534 1775 2604 βαθείᾳ,
1805 2533 1896 2586 καὶ

335 2622 678 2694 ὑψωθήσεται
735 2625 764 2676 ὁ
821 2624 970 2688 Θεός.
1005 2625 1164 2688 Βέλος
1197 2626 1424 2694 νηπίων,
1467 2644 1486 2676 ι
1526 2627 1617 2678 καὶ
1646 2625 1716 2678 τὰ
1746 2625 1892 2694 ἑξῆς.

334 2715 396 2766 Ol
429 2715 524 2784 μὲν
549 2716 646 2784 τῆς
682 2715 858 2786 ψυχῆς
884 2716 1145 2786 πολέμιοι,
1181 2716 1359 2784 λόγοις
1389 2719 1641 2788 πονηροῖς
1673 2719 1896 2779 ἑαυτοὺς

334 2805 783 2877 περιφράξαντες,
841 2805 935 2859 καὶ¹
960 2806 1058 2869 τὰς
1087 2808 1292 2860 ἑαυτῶν
1318 2807 1689 2878 ἐγκρύψαντες
1729 2807 1893 2875 παγί-

331 2901 446 2962 δας,
473 2898 698 2969 ἀνομίας
731 2916 789 2953 τε
825 2898 1228 2970 ἐξερευνῶντες,
1281 2902 1373 2953 καὶ
1411 2899 1498 2952 διά
1545 2900 1748 2952 τούτων
1797 2901 1895 2962 τὰς

333 2990 538 3044 ἑαυτῶν
564 2990 828 3062 ῥομφαίας
847 2993 1227 3063 ἀκονήσαντες,
1249 2993 1342 3045 καὶ
1363 2995 1480 3054 ταῖς
1493 2990 1700 3044 ἑαυτῶν
1716 2989 1894 3058 γλῶσ-

333 3098 453 3144 σαις
468 3081 794 3145 ἐντείναντες
818 3081 965 3146 τόξα,
993 3081 1084 3134 τὸν
1116 3082 1364 3152 ἄμωμον,
1390 3082 1422 3153 ἢ
1444 3083 1534 3135 τὸν
1569 3080 1772 3135 ἁπλοῦν
1801 3085 1896 3135 καὶ

331 3172 583 3244 ἀκέραιον
613 3174 903 3244 περιῄεσαν
931 3172 1235 3244 ζητοῦντες,
1268 3174 1412 3236 ὅπως
1444 3173 1704 3226 ἀνέλωσιν
1729 3174 1894 3227 αὑτοῦ

329 3261 427 3333 τὴν
473 3262 678 3334 ψυχήν·
725 3261 838 3316 ἀλλ’
889 3263 1089 3315 ἐκεῖνον
1143 3264 1288 3336 μένό
1325 3262 1455 3326 Θεὸς
1491 3261 1730 3334 ῥύσεται.
1773 3263 1892 3315 Τῶν

330 3355 436 3426 γὰρ
470 3354 680 3425 μικρῶν
714 3356 768 3407 ἒν
811 3357 878 3426 τῇ
923 3354 1215 3431 Ἐκκλησία
1243 3356 1292 3412 οἱ
1334 3353 1553 3423 ἄγγελοι
1582 3353 1669 3408 διὰ
1693 3354 1892 3417 παντὸς
1922 3336 1962 3392 C

327 3446 491 3518 ὁρῶσι
518 3448 579 3509 τὸ
612 3447 896 3518 πρόσωπον
945 3445 1038 3498 τοῦ
1072 3447 1128 3503 ἑν
1150 3447 1393 3516 οὐρανοῖς
1447 3447 1678 3516 Πατρός.
1707 3447 1894 3520 ,Προσ-

326 3537 601 3602 manu;
650 3538 706 3594 δέ
766 3555 852 3601 τις
909 3539 1090 3600 αὐτοῖς
1135 3537 1439 3610 ἄνθρωπος,
1489 3537 1704 3609 ἀληθῶς
1756 3539 1893 3610 ἀνὴρ

326 3627 528 3689 τέλειος
554 3629 645 3681 καὶ
672 3627 848 3698 φορῶν
868 3629 956 3681 τὸν
984 3632 1102 3682 κατ’
1133 3630 1313 3688 εἰκόνα
1341 3629 1474 3683 Θεοῦ
1505 3632 1890 3701 πεποιημένον,

329 3718 407 3783 ὃς,
439 3721 494 3775 ἑν
547 3719 742 3791 καρδία
804 3719 993 3790 βαθείᾳ
1028 3721 1430 3793 πεφραγμένος,
1477 3722 1892 3794 ἀκατάπληκτος

329 3813 508 3875 αὗτοῑς
556 3811 944 3884 παρατάξεται,
1001 3813 1207 3876 πάντας
1242 3828 1300 3866 τε
1331 3814 1528 3878 αὐτοὺς
1576 3815 1890 3876 καταλύσει,

326 3903 399 3966 ῶς
419 3903 696 3974 ὑψωθῆναι
726 3905 817 3956 καὶ
853 3903 1173 3974 δοξασθῆναι
1197 3904 1264 3958 δι’
1299 3905 1463 3958 αὐτοῦ
1487 3908 1578 3964 τὸν
1609 3907 1762 3970 Θεὸν,
1799 3909 1892 3959 καὶ

327 3995 541 4054 πάντων
562 3997 780 4049 ἐκείνων
794 3995 860 4049 τὰ
882 3996 1007 4070 βέλη
1027 3996 1342 4068 ἐλεγχθῆναι
1363 3997 1524 4051 ἄτονα
1550 3999 1641 4051 καὶ
1669 4000 1889 4069 ἀσθενῆ,

325 4087 400 4150 ὡς
427 4089 633 4159 νηπίων
690 4088 997 4160 λογισθῆναι
1032 4087 1159 4159 βέλη
1192 4089 1289 4151 τὰς
1324 4088 1537 4161 πληγὰς
1566 4090 1763 4153 αὐτῶν,
1799 4092 1892 4149 καὶ

325 4179 422 4242 τάς
456 4179 703 4248 γλώσσας
753 4181 930 4242 αὐτῶν
962 4183 1046 4234 ἐπ’
1073 4181 1268 4244 αὐτοὺς
1302 4179 1675 4251 ἑξασθενῆσαι.
1703 4182 1890 4236 Τοιοῦ-

324 4284 414 4335 τος
463 4273 572 4343 γάρ
607 4275 751 4331 ἐστιν
779 4275 807 4334 ό
839 4274 930 4333 τοῦ
959 4274 1093 4328 Θεοῦ
1138 4273 1440 4344 ἅνθρωπος,
1489 4275 1516 4326 ό
1545 4275 1886 4348 παραταττό-

328 4378 483 4432 μενος
511 4364 618 4424 τοῖς
651 4361 1018 4433 προλεχθεῖσιν
1060 4367 1117 4417 ἐν
1146 4364 1342 4436 καρδίᾳ
1371 4362 1586 4436 βαθείφ
1631 4364 1705 4427 ὡς
1741 4363 1891 4435 δέχε-
1927 4375 1943 4391 ⁸

328 4451 447 4505 σθαι
475 4449 571 4525 μὲν
601 4453 758 4509 αὑτὸν
808 4453 906 4516 τὰς
940 4453 1150 4525 πληγὰς
1184 4456 1274 4508 καὶ
1307 4455 1374 4508 τὰ
1409 4454 1497 4508 διά
1541 4455 1888 4527 σοφισμάτων

326 4545 473 4616 βέλη,
507 4546 669 4617 γελᾷν
712 4545 768 4600 δέ
802 4546 937 4600 αύτά
966 4548 1056 4599 καὶ
1084 4547 1144 4599 τὸ
1179 4549 1342 4618 μηδὲν
1375 4548 1644 4618 ἡγεῖσθαι,
1676 4549 1751 4613 ὡς
1783 4550 1888 4603 ὑπὸ

323 4639 525 4708 νηπίων
553 4640 751 4698 ἀτόνων
782 4641 898 4693 κατ’
919 4638 1082 4698 αὑτοῦ
1113 4640 1458 4710 πεμπόμενα.
1496 4639 1623 4696 Εῐτα
1652 4621 1748 4701 καί
1768 4643 1887 4696 ἑπι-
1918 4677 1961 4730 D

322 4731 576 4802 λυόμενός
625 4732 802 4785 αὐτῶν
831 4732 898 4786 τὰ
950 4731 1270 4802 σοφίσματα,
1304 4730 1401 4795 τὰς
1437 4731 1686 4799 γλώσσας
1708 4734 1886 4787 αὐτῶν

323 4826 413 4877 καὶ
455 4827 580 4887 τοὺς
618 4825 806 4893 λόγους
837 4824 1248 4890 ἑξασθενοῦντας
1299 4821 1528 4891 ἐλέγξει.
1585 4824 1784 4886 Βαθεῖα
1831 4825 1887 4878 δὲ

321 4917 517 4985 καρδία
576 4917 607 4986 ή
657 4918 729 4987 μὴ
777 4915 834 4982 ἐξ
892 4916 1154 4988 ἐπιπολῆς
1196 4914 1390 4986 ἔχουσα
1449 4914 1520 4975 τὰ
1563 4915 1883 4989 μαθήματα.

324 5007 453 5076 μηδὲ
487 5010 544 5060 ἑν
576 5007 651 5077 τῷ
677 5007 992 5078 προφορικῷ
1011 5008 1153 5079 λόγῳ
1183 5005 1572 5078 σεμνυνομένη,
1601 4994 1715 5059 ἀλλ’
1737 5007 1884 5061 ἔνδον

320 5095 377 5148 ἑν
406 5097 540 5167 αὐτῇ
573 5101 697 5161 τοὺς
727 5100 823 5170 τῆς
852 5098 1084 5163 πίστεως
1134 5099 1411 5171 θεμελίους
1459 5098 1880 5172 ἑρῤιζωμένους.

332 5185 659 5253 ’Δκολούθως
673 5191 845 5246 τοίνυν
858 5191 1106 5259 λογικούς
1125 5208 1273 5255 τινας
1294 5191 1586 5262 πολεμίους
1600 5189 1697 5261 τὴν
1713 5191 1885 5260 γλῶτ-

321 5293 418 5332 ταν
460 5280 846 5351 ἀκονήσαντας,
868 5283 961 5334 καὶ
1001 5282 1129 5348 τόξα
1148 5285 1258 5346 τοῖς
1294 5281 1526 5361 χείλεσιν
1551 5281 1884 5345 ἑντείνοντας

321 5371 781 5442 ὑποστησάμενος,
840 5374 1140 5435 ἀντιτάττει
1192 5376 1374 5438 αὐτοῖς
1419 5371 1702 5445 ἄνθρωπον
1747 5372 1882 5426 Θεοῦ

320 5464 545 5536 καρδίαν
607 5463 824 5533 βαθεῖαν
881 5465 1242 5538 κεκτημένον·
1307 5467 1401 5519 καὶ
1444 5465 1534 5518 τὸν
1595 5464 1694 5534 μὲν
1749 5464 1882 5518 Θεὸν

317 5555 405 5612 διά
428 5557 616 5610 τούτου
643 5559 1017 5632 δοξαζόμενον,
1061 5558 1300 5622 ἐκείνους
1335 5556 1390 5611 δὲ
1421 5555 1764 5628 ἡττωμένους
1787 5557 1883 5622 καί

317 5638 777 5729 ἀσχημονοῦντας.

389 5785 410 5818 ι
457 5766 864 5838 Ἐταράχθησαν
904 5766 1099 5831 πάντες
1119 5768 1167 5823 al
1193 5764 1519 5838 θεωροῦντες
1547 5765 1761 5828 αὐτοὺς,
1788 5765 1883 5818 καί⁵

317 5859 554 5931 ἑφοὸήθη
585 5861 691 5922 πᾶς
726 5857 1027 5930 ἀνθρωπος.
1060 5879 1079 5912 ι
1116 5857 1429 5913 ’Λκόλουθον
1461 5854 1548 5930 ἦν,
1577 5857 1685 5910 τῶν
1721 5856 1882 5928 δοκή-

319 5968 399 6008 σει
435 5951 611 6024 σοφῶν
642 5951 1055 6025 ἀνατραπέντων
1092 5954 1184 6011 καὶ
1231 5950 1337 6004 τῶν
1380 5950 1478 6020 τῆς
1502 5949 1680 6022 ψυχῆς
1719 5946 1876 6008 πολε-

2004 2079 2137 2133 Nam
2167 2080 2260 2149 qui
2289 2079 2424 2134 tales
2476 2089 2626 2142 sunt,
2662 2094 2787 2133 vere
2829 2077 3020 2131 animae
3053 2077 3425 2131 interfectores
3458 2076 3561 2129 ha.

2003 2173 2234 2226 beantur
2265 2189 2278 2223 :
2314 2188 2482 2242 quare
2508 2171 2674 2226 Deum
2707 2177 2897 2225 contra
2921 2168 3230 2240 huiusmodi
3254 2169 3438 2224 hostes
3461 2167 3559 2221 ad-

1996 2263 2233 2331 jutorem
2258 2265 2581 2328 invocabat;
2607 2278 2730 2316 cum
2756 2262 2988 2317 sensiles
3009 2261 3278 2324 inimicos,
3310 2261 3403 2329 qui
3428 2273 3558 2316 con-

2002 2362 2083 2408 tra
2112 2369 2341 2425 corpora
2377 2355 2545 2408 aciem
2567 2355 2862 2420 instruant,
2890 2353 3044 2406 nihili
3079 2352 3299 2421 faceret.

2070 2533 2237 2590 Vsus.
2258 2535 2312 2595 8,
2336 2535 2418 2589 9.(
2441 2533 2674 2588 Accedet
2691 2533 2856 2586 homo
2879 2532 2932 2585 in
2950 2531 3112 2585 corde
3129 2530 3259 2593 alto,
3272 2539 3329 2584 et
3352 2529 3561 2584 exaltas

1999 2628 2145 2682 bitur
2159 2626 2320 2681 Deus.
2346 2625 2562 2695 Sagitta:
2575 2625 2943 2694 parvulorum,
2968 2643 2986 2674 ι
3005 2620 3558 2690 etc.lnimiciquidem

1999 2719 2193 2773 animae
2236 2719 2416 2772 verbis
2463 2733 2583 2772 sese
2612 2717 2862 2786 malignis
2902 2714 3443 2776 circummunientes,
3478 2712 3561 2765 lau-

1998 2827 2168 2882 queos
2198 2827 2328 2867 suos
2378 2811 2741 2872 occultantes,
2776 2809 3094 2877 iniquitates
3124 2812 3557 2881 perscrutantes,

1998 2907 2174 2974 iisque
2197 2904 2406 2972 gladios
2448 2916 2578 2955 suos
2610 2909 2957 2965 exacuentes,
2995 2899 3299 2967 linguisque
3327 2895 3444 2951 suis
3475 2895 3563 2949 in-

1998 2997 2282 3052 tendentes
2317 3009 2500 3058 arcus,
2531 2992 2958 3052 immaculatum,
2993 2990 3290 3058 simplicem
3315 2995 3369 3041 et
3397 2987 3561 3041 innoa

1998 3095 2209 3142 centem
2242 3086 2601 3156 undequaque
2655 3082 3063 3155 perquirebant,
3095 3088 3153 3135 ut
3174 3081 3292 3150 ejus
3321 3079 3562 3140 animam

1999 3179 2389 3234 interﬁcerent.
2420 3178 2487 3230 At
2511 3179 2660 3232 illum
2694 3176 2835 3231 Deus
2859 3176 3086 3245 eripiet;
3120 3173 3296 3244 angeli
3327 3186 3560 3242 namque

2000 3271 2321 3339 pusillorum
2355 3273 2410 3329 in
2445 3269 2688 3325 Ecclesia
2743 3283 2956 3338 semper
2985 3267 3170 3322 vident
3217 3265 3410 3320 faciem
3455 3262 3561 3318 Pa-

1998 3364 2098 3417 tris
2131 3363 2225 3432 qui
2253 3364 2307 3422 in
2333 3364 2491 3423 ccelis.
2518 3370 2622 3418 est.
2641 3361 3068 3430 Accedetautem
3096 3359 3256 3413 homo
3288 3357 3561 3428 quispiam

1999 3454 2066 3508 ad
2100 3469 2214 3519 eos,
2248 3455 2332 3508 vir
2361 3469 2482 3511 vere
2530 3453 2825 3523 perfectus,
2857 3467 3090 3522 eumque
3145 3449 3325 3507 ferens
3352 3450 3444 3526 qui
3491 3449 3561 3503 ad

1998 3547 2287 3617 imaginem
2319 3547 2412 3601 Dei
2447 3546 2622 3609 factus
2653 3560 2757 3613 est,
2786 3550 2875 3618 qui
2929 3547 3038 3606 alto
3066 3545 3232 3606 corde
3286 3544 3559 3607 'munitus,

1998 3641 2400 3711 imperterritus
2437 3651 2626 3704 contra
2647 3659 2747 3701 eos
2800 3642 2968 3696 aciem
3012 3640 3264 3701 instruet,
3301 3639 3561 3707 ipsosque

1997 3719 2190 3787 omnes
2220 3732 2529 3808 dissipabit,
2558 3736 2628 3791 ita
2662 3740 2719 3790 ut
2768 3732 2887 3802 ejns
2911 3743 3073 3798 opera
3117 3724 3258 3789 Deus
3293 3726 3560 3780 exaltetur

1993 3829 2049 3876 et
2083 3823 2254 3891 gloria
2287 3822 2572 3886 alliciatur,
2607 3836 2904 3891 eorumque
2948 3818 3188 3873 onmium
3230 3817 3442 3886 sagitta
3473 3817 3557 3870 in-

1995 3911 2164 3966 ﬁrmae
2211 3912 2527 3980 debilesque
2578 3910 3022 3984 comprobentur,
3055 3922 3118 3961 ac
3173 3906 3340 3976 plagae
3367 3920 3557 3964 eorum

1994 4017 2095 4082 pro
2119 4003 2333 4072 sagittis
2357 4002 2710 4073 parvulorum
2766 4008 3108 4074 reputentur,
3134 4006 3188 4057 et
3247 3999 3442 4067 lingua
3470 4011 3558 4052 eo-

1993 4110 2116 4150 rum
2151 4095 2204 4148 in
2230 4094 2362 4166 ipsis
2387 4095 2747 4155 inﬁrmentur.
2795 4091 3116 4167 llujnsmodl
3170 4091 3314 4145 enim
3344 4090 3432 4142 ille
3461 4088 3557 4140 ho-

1993 4205 2081 4251 mo
2111 4187 2202 4242 Dei
2228 4199 2332 4252 est,
2363 4185 2640 4256 quicorde
2699 4185 2808 4239 alto
2842 4195 3036 4238 contra
3085 4192 3416 4240 memoratos
3463 4181 3556 4235 ho-

1992 4283 2166 4336 mines
2211 4282 2383 4338 aciem
2435 4279 2675 4341 instruit,
2713 4286 2769 4331 ut
2794 4278 2979 4350 plagas
3043 4278 3180 4346 ipse,
3213 4283 3266 4330 et
3326 4275 3558 4344 sagittas

1991 4373 2420 4444 scpbismatibus
2448 4382 2666 4442 paratas
2690 4372 2955 4445 excipiat;
3016 4373 3290 4440 ipsaSque,
3317 4375 3501 4447 utpote
3523 4382 3555 4430 a

1990 4469 2231 4538 parvulis
2259 4467 2492 4526 inﬁrmis
2515 4467 2766 4527 emissas,
2797 4465 3021 4520 irrideat
3045 4477 3106 4517 ac
3137 4477 3234 4534 pro
3256 4461 3426 4514 nihilo
3449 4459 3551 4512 ha-

1991 4559 2135 4614 beat.
2166 4558 2281 4618 Sub
2310 4559 2424 4615 haec
2447 4543 2732 4629 postquam
2767 4541 2954 4610 eorum
3009 4553 3343 4621 sophismata
3371 4552 3558 4608 solve-.

1989 4651 2080 4714 rit,
2105 4651 2320 4721 linguas
2346 4661 2400 4706 et
2424 4662 2704 4706 sermones
2733 4660 2920 4700 eorum
2965 4644 3209 4702 inﬁrmos
3230 4642 3554 4717 comproba.

1990 4743 2091 4804 bit.
2117 4742 2224 4797 Cor
2259 4751 2436 4799 autem
2489 4740 2657 4792 altum
2705 4745 2808 4800 est,
2869 4737 3013 4805 quod
3068 4736 3385 4805 disciplinas
3441 4750 3554 4798 non

1987 4835 2166 4904 quoad
2197 4831 2536 4902 superﬁciem
2561 4838 2770 4885 tantum
2813 4830 3038 4892 obtinet,
3073 4844 3247 4897 neque
3295 4830 3347 4880 in
3379 4819 3558 4900 pro'lae

1988 4926 2109 4979 titio
2133 4938 2386 4979 sermone
2416 4922 2723 4991 gloriatur;
2770 4921 2862 4976 sed
2894 4920 3038 4989 quod
3093 4910 3238 4972 intus
3266 4917 3386 4971 ﬁdei
3421 4916 3550 4970 fun-

1988 5017 2242 5070 damenta
2275 5013 2517 5074 radicata
2548 5015 2734 5070 habet.
2766 5010 3177 5082 Consequenter
3209 5011 3372 5079 igitur
3394 5019 3547 5084 post-9

1988 5125 2147 5179 quam
2181 5107 2537 5163 rationabiles
2566 5107 2830 5178 quosdam
2879 5106 3130 5161 inimicos
3164 5103 3398 5172 linguam
3421 5116 3551 5154 exa-.

1987 5207 2230 5262 cnentes,
2257 5209 2311 5259 et
2329 5200 2483 5254 labiis
2502 5201 2607 5259 tela
2630 5199 2905 5260 vibrantes
2936 5197 3244 5256 induxerat,
3276 5193 3548 5254 hominem

1986 5294 2080 5352 Dei
2114 5293 2224 5347 alto
2256 5294 2779 5370 corde'instructum
2815 5289 2951 5364 ipsis
2978 5290 3238 5362 opponit,
3270 5287 3547 5356 Deumque

1984 5387 2102 5454 ejus
2125 5399 2290 5454 opera
2315 5384 2488 5454 gloria
2536 5383 2894 5445 celebratum,
2937 5383 3168 5440 illosque
3215 5380 3455 5450 abjectos
3482 5393 3547 5431 ac

1985 5477 2214 5548 turpiter
2242 5484 2459 5546 agentes
2485 5473 2655 5536 effert.

2069 5755 2220 5811 (sas.
2251 5755 2338 5810 10.
2383 5773 2401 5808 ι
2437 5751 2755 5812 Conturbati
2781 5761 2907 5808 sunt
2940 5765 3130 5806 omnes
3161 5749 3253 5819 qui
3292 5746 3550 5806 videbant

1983 5870 2098 5917 eos,
2133 5861 2186 5908 et
2214 5852 2396 5906 timuit
2437 5845 2618 5904 omnis
2665 5850 2847 5902 homo.
2881 5867 2898 5898 ι
2933 5846 3373 5901 Consentaneum
3403 5849 3547 5918 erat,

1983 5945 2187 6006 eversis
2239 5944 2306 6000 iis
2352 5943 2445 6020 qui
2491 5941 2593 6000 sibi
2642 5941 2916 6014 sapientes
2969 5937 3313 5998 videbantur.
3358 5929 3536 5990 inimi-
