4402 6406
893 529 994 580 ωδ

1563 528 1825 584 EUSEBII
1863 525 2336 584 CESARIENSIS
2373 526 2518 581 OPP.
2562 527 2740 583 PARS
2775 530 2860 584 ΙΙΙ.
2901 563 2967 572 -
3003 533 3401 588 EXEGETICA.

3991 541 4093 597 σοι

894 642 1078 711 eisque
1101 642 1294 696 anima:
1314 643 1379 697 ab
1412 643 1628 698 homine
1657 643 1749 698 Dei
1783 645 2101 707 confutatis,
2134 659 2226 698 eos
2259 643 2349 713 qui
2381 642 2433 694 in
2465 645 2506 698 A
2539 644 2632 711 μία

2381 642 2433 694 in
2465 645 2506 698 A
2539 644 2675 711 μίων
2717 646 3152 717 ἀπελεγχθέντων
3213 647 3316 700 ὑπὸ
3367 647 3460 702 τοῦ
3501 648 3781 721 ἀνθρώπου
3814 652 3905 705 τοῦ
3938 653 4091 709 Θεοῦ-

893 733 1155 802 sapientia
1187 732 1346 802 hujus
1368 736 1548 788 sazculi
1584 750 1690 788 non
1722 736 1794 788 ita
1819 735 2096 805 conspicui
2126 743 2280 789 erant
2310 749 2441 787 con-

894 823 1120 876 turbari.
1157 821 1289 876 Nam
1345 839 1467 877 cum
1523 826 1597 878 illi
1624 842 1845 894 quoque
1878 827 1930 878 in
1976 840 2203 878 numero
2253 839 2439 878 eorum

893 911 982 979 qui
1040 911 1165 964 victi
1204 912 1416 966 fuerant
1465 924 1928 982 computarentur,
1979 925 2032 969 et
2091 915 2192 984 ipsi
2227 930 2441 984 quoque

893 1002 1029 1055 athei
1065 1012 1115 1055 et
1147 1002 1294 1072 impii
1324 1015 1540 1068 essent;
1575 1015 1828 1058 caeterum
1861 1015 2042 1075 utpote
2075 1008 2275 1060 malitia
2306 1006 2440 1075 ipsis

893 1093 1122 1160 impares
1156 1133 1170 1154 ,
1243 1093 1495 1150 fortiores
1552 1096 1746 1164 scipsis
1810 1095 2047 1152 devictos
2109 1104 2390 1151 cernentes
2424 1137 2436 1157 ,

891 1184 1301 1238 conturbantur.
1373 1185 1551 1249 Quare
1618 1188 1819 1240 dictum
1861 1197 1941 1240 est
1991 1206 2002 1240 :
2052 1206 2069 1237 ι
2121 1186 2440 1240 Conturbati

890 1282 1015 1328 sunt
1067 1290 1257 1329 omnes
1308 1277 1396 1343 qui
1460 1276 1713 1330 videbant
1758 1293 1874 1331 eos.
1916 1298 1932 1328 ι
1987 1279 2054 1330 At
2109 1277 2201 1330 Dei
2256 1277 2435 1340 homo,

888 1373 940 1418 et
992 1380 1180 1419 omnes
1237 1366 1356 1432 ejus
1407 1367 1586 1430 amici,
1647 1368 1736 1435 qui
1787 1383 1881 1435 per
1931 1382 2096 1420 unum
2153 1368 2436 1421 victoriam

888 1455 952 1509 de
971 1457 1206 1512 inimicis
1233 1458 1555 1521 retulerunt,
1585 1457 1748 1514 Deum
1770 1465 1899 1512 tunc
1926 1461 2094 1527 magis
2121 1459 2434 1522 timuerunt,

893 1564 909 1593 ε
947 1554 1000 1599 et
1034 1547 1493 1602 annuntiaverunt
1522 1563 1686 1616 opera
1720 1551 1833 1613 Dei,
1865 1569 1882 1600 ι
1922 1559 1974 1604 et
2019 1549 2435 1617 justificatioues

885 1635 1002 1704 ejus
1032 1637 1432 1690 intellexerunt.
1460 1634 1686 1691 Etiamsi
1714 1641 1856 1692 enim
1881 1641 2042 1693 homo
2068 1639 2358 1704 videretur,
2382 1645 2436 1694 et

885 1726 992 1782 alto
1018 1726 1181 1781 corde
1206 1735 1490 1796 putaretur
1512 1729 1762 1783 inimicos
1784 1730 2115 1795 debellasse;
2148 1745 2175 1782 a
2200 1729 2436 1800 prudena

885 1815 1028 1871 tibus
1054 1827 1234 1870 tamen
1280 1825 1336 1870 ut
1367 1817 1507 1872 Deus
1558 1828 1750 1873 auctor
1779 1820 2016 1874 victoriae
2069 1820 2433 1889 cognosceba-

884 1913 991 1960 tur.
1027 1907 1204 1974 Quare
1235 1910 1266 1962 ii
1299 1925 1460 1977 opera
1498 1909 1590 1964 Dei
1630 1913 2050 1977 annuntiabant,
2094 1922 2145 1964 et
2177 1911 2432 1980 praeclara

2539 729 2662 800 τοὺς
2716 731 2787 801 μή
2839 733 2978 786 οὕτω
3007 735 3210 798 δεινοὺς
3251 737 3308 787 ἐν
3354 736 3513 807 σοφίᾳ
3555 738 3648 790 τοῦ
3687 739 3877 804 αἰῶνος
3910 742 4094 798 τούτου

2539 825 2913 893 ταράττεσθαι.
2950 827 3058 896 Τῆς
3089 827 3197 897 γὰρ
3221 827 3430 897 μερίδος
3451 829 3600 892 ὄντες
3627 829 3732 882 τῶν
3754 831 4094 902 ἡττωμένων,

2539 912 2682 965 ἄθεοι
2713 915 2804 965 καὶ
2828 915 2978 967 αὐτοὶ
2999 915 3091 967 καὶ
3111 915 3384 978 δυσσεϐεῖς
3409 933 3421 945 ·
3464 917 3602 987 πλὴν
3630 918 3704 980 ὡς
3726 919 3784 971 ἐν
3811 922 3976 990 κακίᾳ
3996 923 4097 993 τῆς

2538 1005 2756 1057 ἐκείνων
2793 1004 3091 1075 δεινότητος
3131 1006 3399 1070 ἐλάττους,
3441 1008 3673 1076 ὁρῶντες
3718 1013 4097 1081 νενικημένους

2537 1095 2659 1156 τοὺς
2716 1095 2921 1147 ἑαυτῶν
2965 1096 3219 1165 βελτίους,
3255 1099 3629 1168 ταράττονται.
3678 1100 3767 1152 Διὸ
3811 1101 4090 1157 λέλεκται·

2543 1203 2560 1234 ι
2611 1185 3010 1257 Ἑταράχθησαν
3041 1188 3236 1251 πάντες
3264 1191 3312 1241 οἱ
3341 1189 3666 1260 θεωροῦντες
3712 1192 3928 1256 αὐτούς.
3975 1212 3995 1244 ι
4025 1194 4093 1247 Ὅ

2537 1292 2596 1342 γε
2633 1277 2734 1345 μὴν
2763 1276 2856 1328 τοῦ
2884 1276 3018 1330 Θεοῦ
3061 1277 3340 1349 ἄνθρωπος
3382 1281 3473 1333 καὶ
3507 1281 3704 1343 πάντες
3739 1284 3786 1335 oi
3818 1283 3990 1354 τούτῳ
4015 1287 4095 1354 φί-

2537 1363 2634 1426 λοι,
2673 1365 2760 1418 διὰ
2781 1365 2874 1418 τοῦ
2905 1366 3021 1428 ἐνὸς
3059 1366 3127 1418 τὰ
3171 1369 3287 1420 κατ’
3317 1367 3522 1438 ἐχθρῶν
3554 1369 3778 1440 βραδεῖα
3807 1371 4090 1442 ἀράμενοι.

2541 1455 2796 1522 μειζόνως
2823 1456 2913 1508 τὸν
2940 1457 3070 1509 Θεὸν
3105 1456 3462 1528 ἐφοϐήθησαν,
3496 1477 3513 1509 ι
3543 1461 3634 1512 καὶ
3674 1461 3997 1531 ἀνήγγειλαν
4027 1465 4094 1516 τὰ

2535 1542 2669 1612 ἔργα
2694 1543 2785 1595 τοῦ
2815 1543 2971 1608 Θεοῦ,
3009 1564 3028 1596 ι
3054 1545 3144 1597 καὶ
3175 1546 3240 1598 τὰ
3272 1545 3611 1616 δικαιώματα
3646 1545 3808 1600 αὑτοῦ
3837 1551 4088 1619 συνῆκαν.

2536 1634 2596 1685 Ei
2627 1635 2733 1703 γὰρ
2765 1635 2857 1686 καὶ
2881 1635 2948 1687 τὰ
2971 1634 3202 1704 μάλιστα
3233 1637 3514 1708 ἄνθρωπος
3541 1639 3733 1702 ἐδόκει,
3774 1643 3868 1693 καὶ⁵
3899 1643 4093 1713 καρδίᾳ

2537 1724 2724 1796 βαθείᾳ
2771 1726 2867 1796 τὴν
2910 1726 3017 1779 τῶν
3061 1727 3328 1798 πολεμίων
3375 1729 3682 1801 ἀνατροπὴν
3733 1732 4089 1802 πεποιῆσθαι,

2533 1817 2667 1869 ἀλλὰ
2720 1822 2830 1880 ταῖς
2877 1823 3114 1882 owe-toi;
3169 1821 3510 1889 ὲγνωρίζετο,
3546 1823 3801 1883 αὑτὸςῶν
3837 1827 3864 1877 6
3905 1824 4033 1888 Θεὸς
4064 1828 4092 1878 6

2534 1908 2631 1978 τῆς
2658 1909 2809 1979 νίκης
2843 1910 3030 1974 αἴτιος.
3063 1913 3153 1963 Διὸ
3191 1912 3258 1964 τὰ
3281 1912 3414 1982 ἔργα
3436 1913 3528 1966 τοῦ
3562 1913 3698 1967 Θεοῦ
3732 1916 4088 1986 ἀπήγγελλον,

882 1998 998 2066 ejus
1019 2001 1071 2053 in
1106 2000 1381 2056 hominum
1413 2002 1641 2070 gratiam
1698 2013 1850 2072 gesta
1902 2003 2142 2056 facinora
2189 2002 2430 2056 celebra-
2461 1991 2502 2046 Β
2531 1999 2620 2068 ὑμι

2349 2016 2430 2054 ra-
2461 1991 2502 2046 Β
2531 1999 2819 2068 ὑμνοῦντες
2872 2002 3034 2054 αὑτοῦ
3097 2001 3163 2055 τὰ
3216 2002 3280 2054 δι’
3323 2003 3620 2074 ἀνθρώπων
3676 2006 4087 2078 κατορθώματα.

881 2089 1029 2144 bant.
1071 2088 1135 2142 Hi
1164 2092 1367 2161 itaque,
1404 2100 1460 2143 ut
1489 2099 1844 2160 spectatores,
1873 2093 1938 2150 de
1984 2093 2208 2146 victoria
2239 2091 2430 2146 trium-

882 2180 1121 2248 phatoris
1154 2180 1318 2234 Deum
1349 2181 1600 2234 laudibus
1628 2181 1939 2236 efferebant.
1971 2181 2088 2249 Ipse
2119 2189 2298 2236 autem
2347 2184 2432 2235 vi-

880 2278 997 2323 ctor
1037 2272 1353 2326 rimabitur
1389 2272 1442 2324 in
1495 2270 1742 2336 Domino,
1793 2283 1845 2328 et
1891 2274 2130 2342 sperabit
2179 2275 2233 2327 in
2287 2288 2370 2327 eo.
2408 2293 2425 2324 ι

879 2357 1061 2428 Neque
1089 2363 1230 2413 enim
1267 2361 1336 2414 de
1375 2363 1554 2430 seipso
1584 2378 1836 2432 magnum
1889 2365 2106 2429 sentiet,
2159 2381 2334 2434 neque
2366 2365 2432 2420 de

879 2448 1106 2500 victoria
1134 2449 1385 2504 efferetur
1409 2490 1424 2514 ,
1474 2453 1565 2506 sed
1602 2454 1785 2506 divino
1815 2455 2010 2524 gaudio
2040 2464 2092 2509 et
2117 2455 2300 2509 laetitia
2347 2471 2432 2509 re-

880 2541 1130 2608 plebitur,
1179 2549 1362 2610 utpote
1413 2544 1503 2611 qui
1533 2544 1756 2598 victoris
1787 2544 1881 2599 Dei
1940 2544 2186 2600 minister
2244 2545 2426 2600 fuerit.

880 2630 989 2684 Hoc
1024 2647 1183 2700 porro
1207 2633 1440 2695 laetante,
1475 2649 1664 2688 omnes
1687 2636 1821 2689 recti
1853 2637 2016 2690 corde
2041 2637 2427 2701 laudabuntur,

880 2725 981 2794 ipsi
1012 2739 1226 2793 quoque
1251 2725 1413 2778 unius
1445 2739 1606 2794 opera
1637 2741 1735 2780 ceu
1767 2727 1999 2782 victores
2049 2727 2244 2783 effeCti.
2295 2727 2428 2783 Nam

877 2824 1021 2870 totus
1075 2815 1208 2870 ordo
1265 2823 1546 2885 totumque
1612 2831 1811 2886 corpus
1864 2828 2175 2873 sanctorum
2218 2821 2429 2875 laudem

877 2915 1256 2975 consequetur,
1305 2908 1450 2976 quia,
1495 2909 1795 2962 secundum
1825 2907 1880 2964 S.
1917 2912 2259 2979 Apostolum,
2320 2927 2429 2966 uno

878 2998 1115 3052 membro
1135 2999 1357 3067 gloriam
1384 2998 1666 3064 referente,
1697 3001 1882 3056 omnia
1903 3001 2144 3056 membra
2167 3004 2221 3056 in
2245 3002 2428 3072 gloria:

877 3100 1081 3158 partem
1116 3091 1358 3144 veniunt.

913 3199 975 3253 IN
1016 3201 1244 3265 FINEM,
1286 3201 1606 3256 PSALMUS
1641 3201 1915 3258 CANTICI
1959 3203 2164 3257 DAVID
2206 3204 2386 3258 LXIV.

2533 2081 2686 2141 Οὗτοι
2718 2091 2813 2160 μὲν
2841 2086 2952 2153 οὖν,
2999 2091 3186 2160 ὥσπερ
3239 2090 3443 2152 θεαταὶ,
3474 2092 3562 2144 τὸν
3607 2091 3739 2146 Θεὸν
3783 2091 4089 2158 δοξάζοντες

2530 2179 2620 2231 ἐπὶ
2671 2184 2733 2250 τῇ
2783 2181 2906 2254 νίκῃ
2950 2182 3042 2234 τοῦ
3069 2182 3408 2251 νενικηκότος
3449 2182 3730 2238 διετέλουν.
3771 2184 3939 2248 Αὐτὸς
3977 2186 4031 2238 δὲ
4062 2188 4092 2238 6

2531 2271 2751 2340 νικητὴς
2785 2290 2803 2322 ι
2841 2273 3262 2343 εὐφρανθήσεται
3316 2273 3408 2324 ἐπὶ
3441 2273 3517 2343 τῷ
3551 2275 3758 2345 Κυρίῳ,
3789 2277 3880 2328 καὶ
3919 2277 4092 2330 ὲλπιεῖ

2533 2363 2616 2415 ἐπ’
2651 2361 2828 2413 αὐτόν.
2865 2381 2883 2412 ι
2916 2364 2990 2414 Οὐ
3039 2363 3146 2434 γὰρ
3177 2365 3258 2430 ἐφ’
3291 2363 3465 2434 ἐαυτῷ
3497 2364 3636 2434 μέγα
3671 2367 3944 2435 φρονήσει,
3983 2368 4087 2420 οὐδ’

2530 2451 2621 2502 ἐπὶ
2645 2455 2712 2521 τῇ
2739 2452 2862 2524 νίκῃ
2891 2453 3256 2522 ἐπαρθήσεται
3282 2470 3293 2480 ·
3325 2456 3493 2523 χαρᾶς
3527 2454 3582 2506 δέ
3612 2453 3759 2516 θείας
3788 2456 3880 2508 καὶ
3899 2457 4091 2528 εὐφρο-

2532 2542 2694 2611 σύνης
2743 2543 3175 2614 πληρωθήσεται,
3205 2545 3279 2608 ὼς
3309 2547 3572 2616 ὑπουργὸς
3607 2548 3700 2599 καὶ
3727 2546 3966 2611 διάκονος
3996 2546 4087 2600 τοῦ

2529 2629 2801 2683 νικοποιοῦ
2856 2631 2990 2683 Θεοῦ
3023 2630 3276 2699 γεγονώς.
3321 2633 3524 2686 Τούτου
3559 2633 3614 2688 δὲ
3645 2635 4087 2706 εὐφραινομένου.

2531 2723 2725 2784 πάντες
2755 2724 2801 2774 οἱ
2839 2723 3018 2785 εὑθεῖς
3048 2726 3111 2794 τῇ
3149 2723 3343 2796 καρδίᾳ
3378 2725 3841 2796 ἐπαινεθήσονται,
3871 2726 3959 2779 διὰ
3995 2725 4086 2778 τοῦ

2529 2815 2644 2876 ἐνὸς
2678 2814 2768 2866 καὶ
2806 2815 2955 2867 αὐτοὶ
2985 2815 3170 2886 ὥσπερ
3223 2817 3428 2886 θικηταὶ
3464 2817 3885 2888 ἀποδειχθέντες.
3932 2818 4087 2871 Ὅλον

2529 2905 2636 2973 γὰρ
2657 2905 2716 2957 τὸ
2745 2907 2927 2976 τάγμα
2957 2909 3047 2960 καὶ
3075 2907 3135 2960 τὸ
3177 2907 3333 2978 σῶμα
3386 2907 3492 2961 τῶν
3517 2909 3684 2976 ἁγίων
3717 2911 3937 2964 ἐπαίνου
3962 2910 4085 2963 τεύ-

2530 2993 2714 3058 ξεται·
2751 2997 2956 3067 ἐπειδὴ,
3006 2997 3360 3068 δοξαζομένου
3423 2999 3611 3070 μέλους
3655 3001 3788 3063 ἐνὸς,
3839 3001 4086 3064 συνδοξα-

2530 3085 2678 3148 ζεται
2718 3089 2891 3140 πάντα
2921 3089 2988 3140 τὰ
3025 3090 3179 3159 μέλη,
3209 3092 3351 3143 κατὰ
3383 3092 3473 3144 τὸν
3510 3093 3648 3162 ἱερὸν
3683 3093 4013 3147 ’Δπόστολον.

2529 3195 2636 3251 ΕΙΣ
2663 3199 2748 3250 ΤΟ
2769 3198 3025 3262 ’ΤΕΛΟΣ,
3064 3200 3349 3254 ΨΑΛΜΟΣ
3382 3200 3469 3270 Τῼ
3495 3202 3694 3254 ΔΑΥΙΔ
3743 3203 3934 3273 (UBE.
3969 3203 4082 3266 ΞΔ’,

944 3310 1108 3366 Vens.
1147 3312 1202 3376 2,
1226 3313 1280 3367 5.
1314 3332 1331 3363 ι
1364 3311 1438 3367 Te
1478 3313 1632 3368 decet
1661 3313 1914 3382 hymnus,
1966 3315 2126 3379 Deus,
2161 3318 2215 3370 in
2269 3315 2421 3386 Sion,
2445 3321 2493 3379 C
2601 3332 2619 3365 ι
2659 3313 2682 3366 ὶ

2343 3332 2421 3380 )η,
2445 3321 2493 3379 C
2601 3332 2619 3365 ι
2659 3313 2749 3366 Σοὶ
2771 3315 2978 3384 ’πρέπει
3010 3312 3192 3382 ὕμνος,
3222 3313 3250 3365 6
3279 3311 3430 3378 Θεὸς,
3457 3315 3514 3366 ἐν
3539 3314 3695 3379 Σιὼν,
3722 3317 3816 3369 καὶ
3849 3319 3931 3370 σοὶ
3951 3318 4081 3371 ἀπο-

875 3413 926 3456 et
957 3404 1050 3456 tibi
1084 3405 1338 3459 reddetur
1361 3413 1542 3459 votum
1574 3406 1627 3459 in
1658 3404 1976 3463 Jerusalem.
2026 3427 2043 3458 ι
2081 3407 2424 3478 Prophetiam

873 3499 1248 3568 complectitur
1281 3516 1467 3554 eorum
1503 3517 1621 3570 quae
1663 3502 1718 3556 in
1751 3502 1908 3557 finem
1943 3512 2199 3557 eventura
2233 3510 2421 3568 erant;

871 3598 1197 3660 quapropter
1229 3592 1545 3646 inscribitur
1582 3610 1599 3643 ι
1659 3592 1715 3646 ln
1763 3592 1942 3646 finem.
1977 3612 1994 3644 ι
2034 3592 2289 3657 Quaenam
2325 3609 2422 3648 au-

872 3689 977 3735 tem
1019 3683 1107 3734 illa
1141 3693 1342 3746 essent,
1399 3682 1592 3736 deinde
1627 3682 1800 3751 aperit
1837 3681 1922 3736 his
1963 3681 2185 3736 verbis:
2216 3702 2233 3734 ‹
2268 3683 2347 3736 Ad
2373 3691 2424 3737 te

870 3774 1046 3828 omnis
1082 3789 1210 3828 caro
1251 3773 1446 3828 veniet.
1491 3793 1508 3824 ι
1543 3772 1660 3826 Non
1686 3772 1798 3841 jam
1845 3772 2019 3826 solum
2048 3771 2307 3828 Judaicus
2329 3788 2424 3843 po-

871 3866 1050 3935 pulus,
1088 3864 1179 3919 sed
1211 3867 1387 3919 omnis
1414 3879 1561 3924 caro,
1588 3864 1641 3917 id
1665 3871 1768 3927 est,
1803 3871 1973 3920 totum
2017 3863 2296 3918 hominum
2336 3879 2427 3934 ge-

868 3972 990 4010 nus.
1025 3954 1115 4009 Sic
1146 3956 1288 4010 enim
1319 3956 1455 4010 solet
1491 3953 1772 4024 Scriptura
1799 3955 2046 4009 homines
2077 3968 2266 4008 omnes
2286 3955 2425 4008 indi-

868 4063 1013 4111 care,
1049 4047 1142 4117 qui
1166 4049 1292 4102 olim
1337 4048 1584 4102 carnales
1616 4048 1929 4118 terrenique
1957 4055 2132 4102 erant.
2166 4046 2342 4113 Quare
2369 4047 2422 4100 in

869 4140 981 4208 lege
1005 4140 1202 4193 dicitur
1227 4156 1238 4190 :
1273 4158 1290 4190 ι
1327 4138 1581 4209 Corrupit
1604 4139 1781 4194 omnis
1807 4155 1935 4196 caro
1959 4141 2098 4192 viam
2127 4154 2281 4193 suam
2312 4141 2367 4204 ’;
2399 4158 2415 4190 ι

867 4245 930 4283 ac
975 4245 1234 4284 rursum:
1282 4249 1300 4281 ι
1339 4229 1456 4284 Non
1502 4233 1838 4301 permanebit
1883 4235 2108 4301 spiritus
2159 4248 2314 4288 meus
2366 4232 2421 4286 in

745 4331 756 4340 ·
867 4320 1172 4375 hominibus
1228 4320 1332 4384 liis,
1379 4321 1506 4389 quia
1563 4336 1757 4378 carnes
1806 4331 1932 4377 sunt
1968 4324 2028 4377 ιθ.
2079 4342 2096 4374 ι
2136 4319 2245 4376 Sed
2289 4329 2421 4375 tunc

866 4415 1080 4483 quidem
1133 4413 1311 4468 omnis
1354 4427 1482 4465 caro
1543 4407 1928 4478 incusabatur;
1965 4427 2109 4466 nunc
2164 4428 2293 4467 vero
2353 4411 2419 4465 ad

865 4506 1029 4562 Deum
1060 4515 1285 4561 ventura
1318 4505 1536 4559 dicitur.
1587 4503 1946 4569 Quamobrem
2005 4506 2096 4575 qui
2140 4513 2261 4574 post
2318 4503 2421 4556 Da-

860 4599 1037 4654 videm
1079 4597 1179 4652 fuit
1210 4597 1324 4652 Joel
1381 4598 1676 4668 propheta,
1737 4597 1884 4652 omni
1949 4597 2100 4650 carni
2165 4596 2420 4666 pulcher-

864 4690 998 4743 rima
1054 4689 1379 4743 vaticinatur
1424 4689 1612 4743 dicens
1662 4708 1672 4742 :
1723 4686 2049 4741 «Effundam
2103 4687 2168 4740 de
2221 4687 2416 4756 spiritu

861 4792 982 4834 meo
1024 4795 1187 4848 super
1225 4795 1440 4833 omnem
1484 4794 1734 4837 carnem,
1766 4787 1819 4855 et
1867 4777 2264 4847 prophetabunt
2289 4777 2352 4828 “.
2393 4795 2410 4826 ι

863 4870 1097 4940 ldipsum
1142 4885 1355 4939 quoque
1407 4871 1645 4924 declarat
1698 4869 1863 4923 Isaias
1912 4869 2097 4923 dicens
2144 4886 2156 4920 :
2206 4887 2223 4917 ‹
2254 4866 2416 4922 Vide-

860 4960 938 5016 bit
983 4963 1162 5017 omnis
1209 4977 1336 5015 coro
1383 4963 1621 5014 salutare
1663 4960 1753 5014 Dei
1801 4964 1863 5013 ".
1912 4981 1928 5012 ι
1985 4960 2233 5016 Salutare
2287 4975 2415 5029 por-

859 5068 922 5106 ro
979 5052 1073 5106 Dei
1127 5054 1193 5107 ab
1233 5052 1379 5108 omni
1410 5067 1574 5106 carne
1615 5053 2050 5122 cognoscendum
2085 5052 2215 5120 quid
2267 5051 2414 5105 aliud

859 5143 1041 5206 fuerit,
1078 5159 1240 5213 quam
1275 5142 1525 5198 Christus
1575 5141 1688 5203 Dei,
1719 5151 1778 5195 ut
1819 5143 2138 5212 plerumque
2189 5142 2414 5197 demon-

858 5232 1324 5290 stravimusHloc
1358 5233 1539 5304 itaque
1593 5234 1829 5288 salutare
1879 5233 2131 5288 omnibus
2173 5233 2409 5288 homini-

857 5325 977 5385 bus,
1001 5327 1092 5396 qui
1114 5326 1242 5381 olim
1265 5326 1512 5380 carnales
1537 5334 1712 5387 erant,
1755 5326 2048 5380 revelatum
2097 5325 2170 5377 iri-
2193 5325 2245 5378 in
2275 5327 2412 5379 vati-

857 5416 1003 5469 cinio
1057 5417 1392 5470 enuntiatur.
1449 5413 1579 5468 Jure
1638 5431 1766 5484 ergo
1822 5431 2059 5483 praesens
2123 5417 2363 5483 psalmus
2397 5455 2412 5478 ,

857 5507 1090 5576 irlipsum
1147 5507 1493 5574 significans,
1529 5507 1944 5574 promissionem
1991 5507 2242 5574 obsignat
2287 5521 2410 5561 cum

857 5599 970 5651 ait:
1008 5617 1027 5649 ε
1066 5598 1144 5650 Ad
1169 5606 1220 5650 te
1249 5599 1428 5652 omnis
1459 5612 1588 5658 caro
1639 5599 1837 5652 veniet.
1877 5616 1894 5647 ι
1953 5596 2067 5651 Sub
2098 5599 2208 5652 haec
2231 5607 2411 5655 autem

856 5689 1055 5743 clarius
1086 5689 1410 5743 sententiam
1434 5687 1587 5740 effert
1616 5701 1738 5740 cum
1769 5687 1918 5741 addit
1955 5708 1965 5740 :
2001 5707 2017 5737 ι
2051 5687 2254 5742 Exaudi
2287 5704 2408 5750 nos.

857 5780 1018 5844 Deus,
1057 5781 1312 5835 Sa‘lutaris
1333 5787 1538 5841 noster,
1575 5793 1699 5847 spes
1719 5780 1958 5833 omnium
2003 5780 2187 5831 finium
2225 5790 2402 5843 teme,

931 5937 950 5966 ’
973 5937 1103 5990 Gen.
1135 5954 1204 6000 Vt,
1237 5937 1318 5990 1‘2.
1401 5939 1441 5967 "
1469 5934 1598 5991 Ibid.
1634 5938 1686 5991 '5.

2525 3404 2804 3474 δοθήσεται
2831 3405 2961 3474 εὐχὴ
2989 3407 3044 3457 ἐν
3082 3403 3450 3474 Ἰερουσαλήμ.
3491 3423 3508 3456 ι
3541 3405 3880 3475 Προφήτείαν
3908 3408 4083 3478 ¹ιπριέ-

2526 3515 2606 3567 χει
2640 3495 2934 3566 μελλόντων
2959 3498 3036 3558 είς
3052 3496 3110 3547 τὸ
3136 3495 3283 3559 τέλος
3307 3496 3706 3565 ἀπαντήσεσθαι
3729 3500 4077 3570 πραγμάτων·

2523 3588 2602 3640 διὸ
2618 3587 3033 3657 ἐπιγέγραπται·
3058 3604 3075 3636 ι
3101 3586 3192 3649 Είς
3225 3586 3284 3638 τὸ
3312 3586 3480 3648 τέλος.
3512 3605 3528 3635 ι
3551 3586 3682 3639 Τίνα
3713 3587 3769 3640 δὲ
3793 3589 3978 3653 ταῦτα,
4009 3589 4082 3643 δι-

2524 3683 2708 3736 δάσκει
2768 3681 2896 3751 ἐξῆς
2943 3681 3137 3748 λέγων,
3177 3699 3195 3730 ι
3237 3681 3379 3751 Πρὸς
3434 3681 3494 3734 σὲ
3541 3682 3690 3735 πᾶσα
3724 3680 3856 3753 σὰρξ
3889 3683 4026 3752 ἥξει.
4057 3701 4075 3732 ι

2525 3770 2716 3822 Οὐκέτι
2743 3771 2849 3840 γὰρ
2874 3770 3029 3838 μόνον
3061 3770 3122 3823 τὸ
3163 3771 3424 3823 Ἰουδαίων
3457 3771 3628 3834 ἔθνος,
3655 3771 3787 3824 ἀλλὰ
3812 3775 3903 3825 καὶ
3936 3774 4082 3825 πᾶσα

2527 3857 2678 3929 σὰρξ,
2733 3858 2974 3910 τουτέστι
3025 3860 3130 3911 πᾶν
3178 3861 3332 3925 γένος
3374 3860 3692 3931 ἀνθρώπων.
3737 3861 3920 3923 Οὕτως
3978 3863 4081 3932 γὰρ

2524 3949 2711 4001 εἴωθεν
2743 3949 2770 4000 ὁ
2804 3948 2972 4016 Λόγος
3033 3949 3237 4014 πάντας
3290 3951 3606 4021 ἀνθρώπους
3659 3951 3941 4021 σημαίνειν
3959 3954 4081 4014 τοὺς

2525 4040 2690 4093 πάλαι
2739 4041 3021 4110 σαρκίνους
3060 4041 3152 4093 καὶ
3207 4041 3442 4109 γεώδεις.
3473 4042 3561 4094 Διὸ
3595 4043 3686 4094 καὶ
3732 4044 3788 4094 ὲν
3829 4041 3906 4112 τῷ
3936 4044 4080 4113 νόμῳ

2521 4133 2797 4186 λέλεκται·
2835 4152 2852 4183 ι
2881 4133 3158 4205 Διέφθειρε
3204 4135 3351 4185 πᾶσα
3401 4132 3536 4204 σὰρξ
3573 4133 3669 4203 τὴν
3691 4133 3811 4186 ὁδὸν
3831 4132 4022 4187 αὐτοῦ·
4058 4153 4074 4184 ι

2522 4227 2615 4279 καὶ
2657 4224 2813 4278 πάλιν
2839 4241 2852 4254 ·
2905 4243 2923 4273 ι
2967 4226 3039 4277 Οὐ
3080 4226 3152 4296 μὴ
3191 4225 3491 4298 καταμείνῃ
3534 4212 3595 4278 τὸ
3649 4225 3863 4296 πνεῦμά
3893 4242 3992 4296 μου
4024 4227 4079 4277 ἐν

2519 4320 2629 4389 τοῖς
2660 4316 2962 4388 ἀνθρώποις
2981 4318 3206 4380 τούτοις,
3229 4317 3315 4370 διὰ
3341 4317 3399 4370 τὸ
3434 4314 3571 4370 εἶναι
3599 4317 3790 4381 αὐτοὺς
3821 4319 4073 4389 σάρκας.»

2533 4387 2690 4462 ’Ᾱλλὰ
2740 4387 2859 4460 τότε
2909 4410 3005 4478 μὲν
3056 4411 3204 4462 πᾶσα
3257 4407 3393 4477 σὰρξ
3445 4411 3827 4477 κατηγορεῖτο·
3873 4387 3965 4460 νῦν
4022 4409 4077 4461 δέ

2519 4499 2666 4568 ἥξειν
2713 4499 2847 4569 πρὸς
2869 4498 2958 4550 τὸν
2991 4499 3120 4552 Θεὸν
3163 4499 3392 4562 λέγεται.
3425 4497 3515 4549 Διὸ
3537 4499 3628 4550 κα)⁸
3654 4499 3790 4565 μετὰ
3813 4498 3901 4550 τὸν
3922 4499 4077 4552 Δαυῖδ

2533 4591 2704 4660 Ἰωήλ,
2765 4591 3048 4660 προφήτης
3111 4588 3415 4657 γενόμενος,
3474 4586 3540 4640 τὰ
3590 4587 3846 4640 κάλλιστα
3902 4589 4076 4657 πάσης

2525 4682 2720 4751 σαρκὸς
2748 4679 2990 4745 θεσπίζει
3029 4679 3232 4746 λέγων·
3271 4698 3287 4728 ε
3330 4678 3533 4748 Ἐκχεῶ
3577 4679 3682 4732 ἀπὸ
3715 4679 3807 4732 τοῦ
3840 4679 4075 4748 πνεῦμα⁴

2523 4779 2610 4838 τὸς
2651 4794 2748 4847 μου
2792 4777 2882 4828 ἐπὶ
2928 4775 3105 4827 πᾶσαν
3150 4772 3345 4842 σάρκα,
3387 4773 3479 4826 καὶ
3530 4771 4008 4842 προφητεύσουσιν.
4052 4791 4069 4821 ι

2535 4868 2691 4920 Ἀλλὰ
2749 4869 2843 4920 καὶ
2893 4869 2920 4918 6
2974 4865 3194 4926 Ἡσαΐας
3251 4865 3447 4917 ταύτὸν
3491 4863 3812 4933 παρίστησιν
3874 4861 4069 4915 είπών·

2527 4976 2544 5006 ι
2583 4958 2805 5026 Ὀψεται
2854 4957 3002 5008 πᾶσα
3041 4954 3176 5026 σὰρξ
3212 4955 3272 5007 τὸ
3307 4955 3569 5024 σωτήριον
3593 4951 3686 5004 τοῦ
3727 4952 3880 5006 Θεοῦ.
3917 4972 3934 5002 ι
3966 4954 4073 5006 Σω-

2518 5053 2699 5118 τήριον
2744 5047 2798 5100 δὲ
2840 5044 2974 5100 Θεοῦ
3013 5047 3158 5118 πάσῃ
3194 5044 3356 5118 σαρκὶ
3395 5045 3833 5116 γνωσθησόμενον
3867 5047 3917 5098 τί
3947 5063 4072 5099 ποτε

2515 5135 2580 5210 ἦν
2606 5140 2733 5211 ἄρα,
2771 5140 2803 5209 ἢ
2833 5141 2860 5192 6
2880 5139 3108 5207 Χριστὸς
3152 5138 3245 5191 τοῦ
3270 5137 3424 5200 Θεοῦ,
3451 5137 3630 5200 καθὼς
3651 5136 3907 5200 πολλάκις
3937 5139 4071 5190 ἀπε-

2513 5231 2794 5302 δείξαμενς
2842 5230 3009 5281 Τοῦτο
3053 5227 3146 5282 οὖν
3185 5230 3243 5282 τὸ
3283 5230 3544 5298 σωτήριον
3573 5230 3734 5281 πᾶσιν
3772 5228 4074 5300 ἀνθρώποις

2513 5327 2621 5386 τοῖς
2675 5325 2835 5376 πάλαι
2906 5324 3176 5392 σαρκίνοις
3229 5321 3774 5392 ἀποκαλυφθήσεσθαι
3835 5340 4071 5394 προειρη-

2512 5415 2714 5468 τεύετο.
2740 5415 2976 5477 Εἰκότως
3000 5410 3092 5467 οὖν
3119 5414 3211 5466 καὶ
3234 5415 3261 5464 6
3287 5411 3423 5482 μετὰ
3453 5416 3635 5484 χεῖρας
3656 5411 3885 5482 ψαλμὸς,
3915 5413 4068 5464 τοῦτο

2514 5506 2643 5557 αὐτὸ
2678 5506 2975 5575 σημαίνων,
3017 5501 3466 5574 ἐπισφραγίζεται
3493 5504 3590 5575 τὴν
3632 5501 3959 5571 ἐπαγγελίαν
3983 5503 4069 5556 διὰ

2515 5596 2605 5648 τοῦ
2631 5597 2792 5665 φάναι
2817 5612 2828 5625 ·
2877 5615 2894 5645 ι
2924 5597 3063 5667 Πρὸς
3107 5596 3164 5647 σέ
3195 5590 3340 5648 πᾶσα
3375 5595 3508 5668 σὰρξ
3540 5595 3678 5665 ἥξει.
3716 5615 3733 5647 ι
3767 5596 4068 5648 ’Υποκατα-

2515 5688 2612 5751 σὰς
2640 5689 2716 5754 δὲ,
2743 5689 3069 5759 σαφέστερον
3091 5689 3153 5758 ἐρ
3163 5687 3383 5758 μηνεύει
3410 5688 3506 5760 τὴν
3529 5688 3762 5742 διάνοιαν
3782 5686 4063 5752 ἐπιλέγων

2519 5799 2535 5830 ι
2591 5779 2917 5836 Ἐπάκουσον
2944 5778 3121 5848 ήμῶν,
3157 5781 3185 5832 6
3223 5777 3353 5841 Θεὸς
3378 5781 3406 5833 6
3445 5779 3624 5851 σωτὴρ
3655 5779 3828 5850 ἡμῶν,
3849 5779 3883 5848 ή
3917 5774 4066 5838 ἐλπὶς

1766 5937 1805 5967 ”
1833 5935 1969 5990 Joel.
2010 5952 2068 6001 ιι,
2097 5936 2187 5993 28.
2270 5938 2309 5966 ¹¹
2335 5935 2434 5994 lsa.
2474 5951 2566 5997 ιιι,
2604 5937 2689 5992 10.
