4402 6398
372 488 472 543 625

1475 486 1972 545 ΕΟΜΜΕΞΧΓΑΜᾹ
2009 484 2075 540 ἱΝ
2114 484 2445 540 PSALMOS.

3448 486 3558 584 9:26

369 602 580 654 πάντων
611 616 716 651 των
750 599 996 668 περάτων
1023 601 1114 668 τῆς
1154 600 1255 669 γῆς
1303 601 1395 652 καὶ
1430 599 1535 651 τῶν
1581 601 1640 651 ἐν
1677 600 1916 669 θαλάσσῃ
1949 611 1987 665 Α
2018 605 2070 651 et
2103 622 2107 644 ‹

1819 615 1916 669 σσῃ
1949 611 1987 665 Α
2018 605 2070 651 et
2103 612 2289 652 eorum
2341 598 2430 666 qui
2466 597 2518 649 in
2566 596 2698 648 mari
2733 602 2856 650 sunt
2883 595 3041 664 longe
3076 615 3086 649 :
3129 617 3146 648 3
3177 599 3284 652 imo
3323 602 3557 668 apertius

370 690 609 761 μακράν·
651 709 668 739 3
711 691 802 742 καὶ
835 689 912 741 ἐτι
957 672 1596 760 σαφέστερον.νέπιλέγει·
1638 708 1656 740 ι
1693 692 1799 743 Καὶ
1826 707 1916 758 φο-

367 781 687 852 ϐηθήσονται
732 783 778 833 οί
821 780 1191 842 κατοικοῦντες
1213 780 1280 832 τὰ
1313 781 1520 849 πέρατα
1559 780 1663 832 ἀπὸ
1692 781 1796 832 τῶν
1820 798 1914 850 ση-

369 873 535 941 μείων
575 888 687 923 σου.
727 889 744 919 3
775 870 846 922 Τὸ
884 869 993 940 γάρ
1023 868 1318 938 φοϐηθῆναι
1347 871 1552 932 πάντας
1584 871 1705 931 τοὺς
1736 887 1918 924 κατοι-

367 958 591 1022 κοῦντας
625 958 691 1011 τά
713 957 917 1029 πέρατα
936 958 1040 1011 άπὸ
1081 957 1184 1010 τῶν
1214 959 1451 1028 σημείων
1489 957 1581 1010 τοῦ
1608 958 1741 1010 Θεοῦ
1782 959 1916 1026 ἀγα-

366 1049 470 1102 θῶν
499 1045 566 1119 ἦν
599 1052 691 1103 καὶ
718 1050 906 1118 σοφίας
929 1050 1065 1120 ἀρχή
1088 1066 1100 1077 ·
1132 1049 1358 1116 ἐπείπερ
1394 1068 1411 1099 ι
1447 1049 1586 1119 ἁρχὴ
1611 1051 1798 1117 σοφίας
1824 1051 1915 1118 φό-

365 1140 455 1205 ϐος
489 1144 708 1212 Κυρίου.
749 1161 768 1192 3
801 1142 898 1194 Διὰ
922 1142 986 1212 δὴ
1015 1141 1182 1194 ταῦτα
1212 1162 1228 1192 ι
1257 1144 1349 1205 Είς
1385 1145 1444 1196 τὸ
1471 1142 1621 1206 τέλος
1659 1163 1677 1195 3
1718 1146 1914 1215 προγέ-

364 1250 601 1304 γραπται
621 1236 648 1285 ό
680 1233 886 1303 ψαλμός
907 1250 919 1263 ·
954 1234 1046 1286 καὶ
1075 1233 1216 1285 ἐστιν
1235 1233 1378 1309 ᾠδῆς
1404 1234 1631 1304 ψαλμὸς,
1657 1237 1913 1290 ἐπινίκιον

366 1323 528 1392 ὕμνον
556 1326 633 1386 είς
665 1325 754 1376 τὸν
786 1323 1008 1392 Σωτῆρα
1032 1321 1136 1374 τῶν
1161 1323 1327 1376 ἐθνῶν
1358 1323 1642 1393 περιέχων.
1693 1325 1806 1394 Ἐφ’
1834 1322 1913 1388 οἷς

365 1413 424 1464 τὸ
455 1413 674 1483 Πνεῦμα
713 1414 774 1465 τὸ
825 1414 977 1481 ἅγιον
1027 1414 1117 1466 τὸν
1166 1414 1256 1466 ἐπὶ
1283 1414 1494 1467 πάντων
1533 1414 1662 1467 Θεὸν
1691 1415 1914 1485 άνυμνεῖ

366 1499 598 1569 φάσκον
638 1503 764 1554 (Σοὶ
788 1503 981 1573 πρέπει
1009 1503 1193 1574 ῦμνος,
1226 1506 1253 1555 6
1282 1505 1430 1567 Θεὸς,
1467 1508 1524 1557 ἐν
1558 1506 1748 1561 Σιών.»
1783 1507 1912 1559 Τίνα

365 1592 470 1662 γάρ
502 1592 667 1662 ἐχρῆν
688 1593 842 1646 ἄλλον
867 1595 958 1646 ἐπὶ
989 1598 1052 1665 τῇ
1081 1595 1292 1649 πάντων
1332 1595 1626 1667 ἀνθρώπων
1675 1598 1912 1668 σωτηρίᾳ

365 1682 641 1751 ὑμνεῖσθαι
692 1684 724 1752 ἢ
757 1684 846 1736 τὸν
887 1686 1084 1747 παντὸς
1106 1683 1275 1737 αἴτιον
1303 1686 1540 1753 ἀγαθοῦ;
1570 1686 1816 1741 Διδάσκει
1851 1689 1912 1753 ,δὲ

363 1772 421 1823 τὸ
447 1771 575 1823 αὐτὸ
607 1773 830 1844 Πνεῦμα
878 1776 1002 1836 τοὺς
1039 1774 1354 1844 προσιόντας
1384 1774 1442 1840 ἐξ
1471 1776 1636 1829 ἐθνῶν
1668 1778 1810 1848 μόνῳ
1837 1779 1912 1848 τῷ

362 1860 478 1930 Θεῷ
506 1861 710 1929 λέγειν·
753 1881 770 1913 ι
809 1864 898 1915 Σοὶ
932 1865 1125 1933 πρέπει
1162 1865 1324 1935 ὓμνος
1347 1884 1359 1896 ο
1401 1886 1419 1916 3
1445 1866 1515 1930 ὠς
1544 1867 1608 1920 ἂν
1641 1886 1910 1936 κατεγνω-

2018 686 2293 756 subjungit
2327 703 2339 736 :
2387 705 2404 737 ι
2439 687 2509 738 Et
2537 685 2803 739 timebunt
2832 686 2920 753 qui
2971 685 3215 739 habitant
3244 691 3500 744 terminos
3529 707 3557 744 a

2016 779 2183 848 signis
2203 777 2334 830 tuis.
2378 796 2396 826 3
2428 777 2566 830 Nam
2591 776 2737 844 quod
2761 790 2948 829 omnes
2977 777 3066 844 qui
3105 778 3418 832 habitabant
3449 788 3560 836 ter-

2015 871 2195 922 minos
2220 876 2376 921 terraa
2395 867 2647 921 timerent
2704 881 2732 918 a
2773 866 2946 935 signis
2973 865 3087 930 Dei;
3133 868 3184 921 id
3215 869 3476 923 bonorum
3506 879 3558 925 et

2014 958 2512 1028 sapientiaainitium
2529 965 2645 1011 erat
2671 957 2969 1025 :siquidem
2997 976 3014 1007 ι
3045 958 3257 1011 initium
3286 961 3558 1029 sapientiae

2017 1051 2176 1105 timor
2202 1048 2413 1125 Domini
2439 1048 2502 1102 ³³.
2535 1067 2552 1098 3
2584 1047 2679 1102 His
2722 1048 2788 1101 de
2837 1048 3019 1103 causis
3049 1067 3066 1099 α
3097 1047 3153 1102 1η
3187 1049 3340 1104 ﬁnem
3368 1071 3385 1101 3
3417 1053 3555 1119 psal-

2014 1158 2134 1197 mus
2161 1142 2484 1197 inscribitur
2507 1157 2519 1190 :
2547 1148 2735 1210 estque
2756 1140 2995 1209 psalmus
3021 1142 3239 1205 cantici,
3270 1143 3559 1212 triumpha-

2014 1234 2115 1287 lem
2130 1234 2389 1304 hymnum
2409 1235 2461 1285 in
2482 1231 2820 1288 Servatorem
2839 1235 3077 1303 gentium
3097 1235 3476 1303 complectens.
3497 1234 3559 1287 Et

2013 1322 2080 1376 ob
2098 1338 2214 1377 eam
2237 1339 2350 1376 rem
2377 1321 2612 1392 Spiritus
2627 1330 2848 1377 sanctus
2867 1322 3054 1386 Deum,
3083 1325 3173 1392 qui
3204 1339 3364 1392 supra
3380 1326 3559 1378 omnia

2012 1419 2095 1466 est
2116 1451 2130 1475 ,
2164 1413 2401 1466 celebrat
2436 1413 2624 1468 dicens
2655 1434 2666 1466 :
2711 1434 2726 1464 ι
2750 1411 2825 1468 Te
2858 1414 3009 1468 decet
3038 1414 3286 1484 hymnus,
3303 1413 3464 1478 Deus,
3504 1417 3559 1469 in

2015 1500 2162 1555 Sion.
2192 1521 2208 1552 3
2234 1501 2401 1567 Quem
2421 1504 2563 1557 enim
2579 1505 2742 1557 alium
2765 1519 2860 1573 pro
2880 1506 3116 1558 omnium
3133 1505 3405 1557 hominum
3423 1505 3560 1559 salu-

2011 1600 2064 1645 te
2076 1592 2336 1646 celebrari
2351 1593 2611 1660 oportuit,
2626 1594 2731 1648 nisi
2749 1596 2926 1648 omnis
2941 1595 3066 1648 boni
3083 1593 3561 1649 auetorem?Docet

2013 1690 2186 1735 autem
2207 1682 2345 1736 idem
2367 1681 2601 1752 Spiritus
2615 1698 2708 1736 eos
2721 1683 2810 1751 qui
2825 1699 2889 1736 ex
2915 1684 3162 1753 gentibus
3178 1686 3436 1739 accedunt
3460 1688 3558 1740 soli

2013 1772 2118 1827 Deo
2132 1772 2306 1826 dicere
2318 1771 2511 1826 debere
2527 1792 2537 1825 :
2551 1791 2568 1822 ι
2580 1772 2653 1826 Te
2667 1773 2817 1828 decet
2831 1773 3079 1844 hymnus,
3095 1775 3273 1843 nquasi
3286 1790 3402 1829 sese
3413 1776 3561 1836 dam-

2015 1870 2228 1925 nantes,
2261 1861 2408 1932 quod
2427 1862 2723 1918 multorum
2791 1864 3074 1917 numinum
3105 1865 3276 1918 errori
3305 1864 3560 1918 indecen-

365 1952 523 2012 κότας
544 1951 769 2015 ἑαυτῶν,
800 1954 886 2006 ὅτε
931 1954 1004 2025 μὴ
1034 1957 1337 2025 πρέποντας
1368 1959 1569 2029 ὕμνους
1603 1961 1913 2029 ἀνέπεμπον
1947 1938 1984 1990 Β
2016 1962 2097 2006 ια·

1820 1978 1913 2014 πον
1947 1938 1984 1990 Β
2016 1962 2097 2006 ter
2127 1953 2354 2023 hymnos
2382 1953 2709 2008 emisissent.
2743 1953 2904 2006 Deum
2931 1962 3105 2006 autem
3136 1953 3367 2023 hymnus
3389 1952 3558 2016 decet,

362 2045 425 2110 τῇ
462 2043 702 2113 πολυθέῳ
728 2045 924 2116 πλάνῃ.
953 2045 1157 2116 Πρέπει
1184 2047 1239 2100 δὲ
1276 2047 1440 2116 ὕμνος
1464 2048 1539 2118 τῷ
1560 2049 1676 2118 Θεῷ
1703 2052 1762 2102 οὐ
1788 2052 1912 2114 πᾶς,

362 2130 473 2183 ἀλλ’
503 2133 530 2182 ὁ
553 2125 783 2187 ἐν’Σιὼν
826 2135 1297 2206 ἀναπεμπόμενος,
1335 2137 1533 2207 δηλαδὴ
1560 2139 1588 2189 ὁ
1613 2140 1668 2190 ἐν
1697 2143 1759 2210 τῇ
1795 2141 1915 2192 Ἐκ-

365 2220 555 2290 κλησίᾳ
584 2222 769 2276 αὑτοῦ.
797 2224 933 2278 Σιὼν
972 2226 1068 2295 μὲν
1096 2227 1202 2296 γάρ
1241 2227 1386 2279 ἐστιν
1424 2227 1645 2300 ἀληθινὴ
1686 2233 1717 2299 ή
1753 2231 1915 2282 ἐπου-

369 2312 546 2380 ράνιος
579 2314 942 2386 Ἰερουσαλὴμ,
969 2318 1060 2368 καὶ
1085 2318 1142 2368 τὸ
1157 2315 1470 2385 ἐπουράνιον
1492 2318 1614 2388 ὅρος
1640 2319 1731 2371 τοῦ
1747 2319 1878 2372 Θεοῦ
1898 2338 1911 2350 ·

365 2403 491 2472 περὶ
524 2399 582 2456 οῦ
613 2403 874 2458 διδάσκων
915 2409 944 2458 6
983 2406 1297 2471 Ἀπόστολος
1317 2395 1465 2477 ἔλεγε
1489 2426 1502 2440 ο
1541 2429 1558 2460 ι
1587 2411 1918 2481 Προσεληλύ-

367 2492 493 2544 θατε
516 2493 649 2545 Σιὼν
676 2494 809 2564 ὄρει,
852 2496 944 2548 καὶ
975 2496 1124 2549 πόλει
1152 2497 1282 2551 Θεοῦ
1317 2499 1532 2564 ζῶντος,
1577 2501 1919 2572 Ἰερουσαλὴμ

366 2583 685 2652 ἐπουρανίῳ,
742 2585 834 2637 καὶ
876 2586 1127 2656 μυριάσιν
1179 2589 1426 2656 ἀγγέλων
1472 2591 1789 2660 πανηγύρει,
1826 2593 1918 2644 ml.

380 2671 666 2744 Ἐκκλησία
724 2678 1076 2746 πρωτοτόκων
1123 2680 1623 2752 ἀπογεγραμμένων
1663 2684 1720 2734 ἐν
1755 2685 1918 2752 οὐρα-ο

367 2764 474 2824 νοῖς
497 2779 511 2792 ο
552 2781 570 2813 3
599 2765 690 2816 ml.
748 2767 935 2820 πάλινο
959 2787 989 2818 (ι
1038 2770 1102 2820 Ἡ
1157 2768 1212 2820 δὲ
1239 2769 1349 2822 ἄνω
1393 2772 1738 2842 Ἰερουσαλὴμ
1767 2773 1918 2826 ἐλευο

368 2850 501 2920 θέρα
535 2853 703 2914 ἐστὶν,
744 2855 864 2924 ἥτις
903 2856 1019 2908 ἐστί
1052 2859 1232 2928 μήτηρ
1257 2859 1433 2928 ὴμῶν.
1478 2879 1496 2909 3
1559 2859 1703 2931 Αὗτη
1737 2860 1801 2913 ἂν
1834 2862 1915 2932 εἴη

366 2942 401 3010 ἡ
435 2941 636 3012 ἀληθὴς
684 2945 1051 3017 Ἰερουσαλὴμ,
1085 2949 1177 3000 καὶ
1226 2951 1258 3019 ἡ
1304 2950 1503 3019 κυρίως
1551 2950 1921 3020 ἀναδειχθεῖσα

369 3030 524 3096 Σιὼν,
551 3034 634 3101 ἐφ’
667 3029 733 3104 ῆς
764 3037 856 3089 καὶ
900 3036 1201 3106 βασιλεύειν
1253 3040 1495 3093 λέλεκται
1536 3044 1564 3094 6
1611 3042 1796 3111 Σωτὴρ
1829 3042 1920 3093 καὶ

365 3121 565 3192 Κύριος
606 3125 782 3195 ἡμῶν,
819 3126 1013 3198 ῶσπερ.
1055 3123 1145 3181 οὖν
1178 3129 1414 3191 διδάσκει
1454 3130 1626 3198 λέγων
1653 3131 1809 3192 αὐτὸς
1862 3132 1920 3181 ἐν

366 3212 411 3263 5'
442 3213 637 3285 ψαλμῷ
657 3233 671 3246 ο
703 3235 722 3267 ‹
765 3217 903 3284 Ἐγὼ
936 3218 991 3270 δὲ
1015 3219 1349 3290 κατεστάθην
1389 3220 1637 3290 βασιλεὺς
1664 3221 1755 3272 ἐπὶ
1782 3218 1918 3271 Σιὼν

365 3302 488 3373 ὅρος
498 3304 557 3357 τὸ
589 3306 740 3373 ἅγιον
767 3307 947 3360 αὑτοῦ.
962 3327 981 3359 3
1002 3309 1064 3362 Ἡ
1089 3309 1224 3378 αὐτὴ
1242 3310 1285 3362 δ’
1311 3309 1375 3363 ἂν
1396 3312 1477 3381 εἴη
1497 3314 1528 3379 ἡ
1549 3309 1921 3376 καταγγελλο-

369 3397 502 3466 μένη
559 3401 670 3460 τοῖς
696 3399 757 3450 τὸ
807 3398 1129 3466 Εὑαγγέλιον
1172 3401 1630 3471 παραδεχομένοις
1682 3402 1918 3470 βασιλεία

364 3484 622 3555 οὐρανῶν.
679 3489 855 3541 Είκὼν
913 3489 956 3540 δ’
1004 3491 1215 3560 ἐκείνης
1265 3494 1296 3560 ὴ
1344 3492 1436 3544 ἐπὶ
1469 3493 1570 3561 γῆς
1615 3492 1806 3558 γένοιτ’
1855 3493 1920 3545 ἂν

378 3573 665 3645 Ἐκκλησία
685 3592 697 3605 ·
728 3575 1029 3647 ὁμωνύμως
1058 3579 1150 3631 καὶ
1180 3579 1315 3649 αὑτὴ
1341 3578 1644 3648 καλουμένη
1672 3581 1797 3632 ποτὲ
1826 3581 1919 3648 μὲν

365 3663 500 3716 Σιὼν
522 3705 546 3744 ,ι
590 3666 718 3718 ποτὲ
763 3665 820 3719 δὲ
873 3668 1258 3738 Ἰερουσαλὴμ,
1317 3671 1409 3720 καὶ
1453 3669 1635 3722 ἄλλοτε
1681 3669 1919 3739 θυγάτηρ

365 3754 520 3817 Σιὼν,
567 3755 598 3824 ἢ
645 3756 885 3828 θυγάτηρ
925 3758 1290 3830 Ἰερουσαλήμ.
1331 3759 1482 3813 Οὕτω
1514 3761 1640 3828 γοῦν
1669 3761 1837 3830 αὐτὴν
1870 3762 1918 3812 οἱ

366 3845 636 3915 προφῆται
698 3846 1040 3912 θεσπίξοντες
1083 3850 1424 3920 ἀνηγόρευον.
1472 3852 1529 3903 Ὀ
1556 3851 1732 3902 τοίνυν
1755 3850 1920 3918 ῦμνος

366 3939 396 3988 ὁ
421 3939 477 3990 ὲν
509 3940 573 4008 τῇ
610 3937 767 4001 Σιὼν,
807 3939 925 4009 ἦτοι
971 3943 1035 4009 τῇ
1077 3942 1396 4011 ἐπουρανίῳ,
1429 3941 1459 4010 ἦ
1489 3943 1580 3992 καὶ
1607 3944 1669 4010 τῇ
1697 3942 1788 3993 ἐπὶ
1817 3941 1921 4010 γῆς

381 4027 670 4099 Ἐκκλησία
699 4029 792 4080 τοῦ
825 4029 958 4081 Θεοῦ
1013 4030 1285 4099 ᾁδόμενος,
1323 4032 1518 4100 πρέποι
1549 4030 1613 4083 ἂν
1650 4032 1805 4101 μόνος
1845 4031 1920 4101 τῷ

371 4118 399 4167 ὑ
408 4134 534 4185 μνου
543 4120 688 4188 μένῳ
707 4118 840 4188 Θεῷ.
863 4119 1017 4170 Πᾶσα
1040 4120 1094 4171 δὲ
1120 4124 1150 4188 ἡ
1175 4121 1327 4182 ἐκτὸς
1347 4121 1443 4190 τῆς
1487 4120 1804 4190 Ἑκκλησίας
1827 4122 1918 4175 τοῦ

367 4210 498 4263 Θεοῦ
552 4211 810 4284 λεγομένη
875 4213 1135 4280 θεολογία,
1188 4214 1293 4265 εἴτε
1326 4212 1473 4281 παρὰ
1512 4217 1622 4275 τοῖς
1661 4213 1922 4283 Ἑλλήνων

370 4305 568 4370 σοφοῖς,
618 4304 725 4354 εἴτε
758 4303 904 4372 παρὰ
942 4307 1051 4366 τοῖς
1082 4303 1258 4366 ἀθέοις
1299 4296 1639 4374 ἐτεροδόξοις,
1672 4305 1922 4375 ἀπρεπὴς

369 4393 434 4444 ἂν
476 4391 579 4461 εἴη.
643 4391 760 4444 Τῶν
809 4393 916 4462 γὰρ
969 4396 1096 4467 παρ’
1129 4393 1348 4465 Ἕλλησι
1407 4394 1583 4462 σοφῶν
1616 4397 1663 4446 οἱ
1704 4397 1799 4463 μὲν
1842 4395 1920 4456 εἰς

272 4492 292 4510 ⁶
369 4481 629 4550 ἀθεότητα
667 4481 901 4548 παντελῆ
936 4482 1446 4546 καταπεπτώκασιν,
1473 4486 1520 4535 oi
1552 4484 1607 4535 δὲ
1640 4485 1737 4554 τὴν
1763 4483 1920 4535 πολύ-

369 4572 486 4625 θεον
538 4571 745 4641 πλάνην
783 4571 1095 4639 ἐσέμνυναν.
1133 4574 1251 4625 Τῶν
1283 4574 1338 4625 δὲ
1370 4573 1542 4626 ἀθέων
1585 4573 1916 4643 αἱρεσιωτῶν
1952 4602 1994 4655 D

368 4664 418 4715 οί
443 4662 538 4732 μὲν
572 4661 820 4721 πλείστας
853 4661 944 4713 καὶ
970 4663 1213 4724 ἐναντίας
1240 4663 1409 4732 ἀρχὰς
1441 4663 1826 4732 ὑπεστήσαντο,
1869 4665 1916 4714 cl

367 4754 422 4807 δὲ
451 4757 709 4825 πονηραῖς
742 4754 834 4806 καὶ
879 4750 1104 4820 φαύλαις
1135 4751 1393 4822 δυνάμεσι
1439 4754 1535 4823 τὴν
1579 4753 1670 4804 τοῦ
1722 4754 1918 4816 παντὸς

368 4845 625 4914 διοίκησιν
638 4835 1066 4898 άνατεθείκασιν.
1090 4841 1226 4910 Ἤδη
1250 4843 1304 4894 δὲ
1334 4845 1426 4896 καὶ
1447 4844 1620 4896 αὐτῶν
1657 4843 1919 4897 Ἰουδαίων

371 4934 574 4996 παῖδες,
610 4933 1067 5004 ἀνθρωπόμορφον
1101 4934 1192 4984 καὶ
1219 4931 1616 5002 άνθρωποπαθῆ
1645 4933 1751 4985 τὸν»
1767 4932 1918 4995 Θεὸν,

363 5022 444 5092 τῷ
478 5025 550 5092 μὴ
578 5028 714 5077 νοεῖν
749 5024 845 5086 τὰς
871 5023 1114 5094 Γραφάς,
1144 5023 1448 5089 εἰσάγοντες
1473 5041 1484 5051 ·
1523 5023 1654 5075 ἀλλὰ
1684 5023 1775 5073 καὶ
1823 5039 1925 5090 μυ-

375 5111 461 5182 ρία
485 5111 684 5173 ἔκτοπα
702 5114 795 5163 καὶ
822 5111 1046 5165 ταπεινὰ
1086 5110 1518 5181 μυθολογοῦντες,
1548 5109 1758 5183 μακρὰν
1792 5111 1924 5162 ἁπο-

372 5199 685 5254 πεπτιίηιασι
725 5200 818 5252 τοῦ
856 5202 1153 5271 πρέποντος
1185 5201 1369 5270 ὕμνου.
1405 5199 1570 5253 Μόνοι
1596 5198 1652 5250 δὲ
1671 5201 1717 5251 οί
1752 5201 1809 5250 ὲν
1855 5202 1919 5270 τῇ

384 5290 672 5361 Ἐκκλησία
699 5291 790 5343 τοῦ
823 5289 957 5342 Θεοῦ
990 5291 1078 5344 τὸν
1109 5293 1382 5361 πρέποντα
1409 5289 1572 5362 ὓμνον
1608 5289 1734 5360 παρ’
1760 5290 1921 5342 αὐτοῦ

370 5381 732 5451 δεδιδαγμένοι
774 5379 868 5432 τοῦ
901 5380 1148 5450 Σωτῆρος
1181 5382 1426 5447 ἐπαξίως.
1446 5382 1532 5433 τὸν
1560 5380 1772 5450 Πατέρα
1809 5379 1923 5434 θεο-

371 5472 611 5540 λογοῦσιν
631 5488 643 5500 ’
673 5471 701 5523 ὃ
725 5470 785 5540 δὴ
807 5471 1097 5542 παρίστησι
1113 5470 1202 5522 διὰ
1223 5471 1320 5540 τῆς
1345 5471 1478 5540 μετὰ
1500 5473 1684 5542 χεῖρας
1705 5473 1923 5537 φάσκων

372 5563 528 5634 ὼὸῆςι
562 5582 578 5613 ι
608 5563 696 5614 Σοὶ
719 5561 913 5632 πρέπει
941 5563 1124 5632 ὕμνος,
1156 5566 1183 5615 6
1215 5562 1363 5624 Θεὸς,
1393 5565 1450 5613 ἐν
1481 5561 1637 5616 Σιών.
1676 5579 1692 5610 3
1736 5561 1925 5631 Ἀπρε-

377 5649 480 5719 πὴς
503 5650 558 5702 δὲ
581 5650 747 5720 ὕμνος
771 5650 980 5720 λεχθείη
1009 5649 1071 5704 ἃν
1091 5653 1118 5701 6
1148 5650 1362 5718 δαίμοσι
1387 5652 1638 5719 πονηροῦ
1662 5650 1752 5700 καὶ
1775 5647 1926 5698 πνεύ-

448 5824 489 5854 ¹³
518 5823 659 5879 Psal.
691 5841 774 5887 cx,
807 5826 889 5878 10.

2016 2059 2121 2098 non
2146 2045 2344 2114 quivis,
2374 2044 2467 2098 sed
2491 2045 2583 2112 qui
2600 2045 2652 2097 in
2676 2044 2827 2107 Sion,
2860 2044 3104 2097 videlicet
3127 2043 3216 2112 qui
3251 2044 3304 2095 in
3322 2041 3559 2096 Ecclesia

2014 2135 2133 2201 ejus
2184 2134 2466 2187 emittitur.
2506 2133 2638 2185 Nam
2669 2149 2793 2187 vera
2854 2132 2982 2186 Sion
3017 2143 3100 2186 est
3148 2133 3380 2186 caelestis
3409 2131 3562 2185 Jeru-

2015 2225 2204 2285 salem,
2256 2231 2310 2277 et
2367 2223 2606 2277 ccelestis
2661 2237 2816 2276 mons
2853 2221 2942 2275 Dei
2977 2239 2987 2272 :
3051 2223 3116 2275 de
3146 2239 3251 2290 quo
3278 2222 3563 2291 Apostolus

2015 2312 2129 2364 haec
2164 2311 2354 2364 docuit
2388 2331 2399 2364 :
2440 2329 2457 2361 ι
2495 2309 2822 2364 AccesSistis
2847 2309 2912 2362 ad
2963 2308 3092 2362 Sion
3121 2320 3375 2373 montem,
3412 2319 3467 2364 et
3487 2310 3564 2364 ci-

2013 2402 2230 2455 vitatem
2255 2400 2348 2455 Dei
2373 2401 2626 2465 viventis,
2673 2400 2971 2454 Jerusalem
3021 2399 3314 2461 caelestem,
3349 2409 3402 2453 et
3425 2401 3566 2452 mul-

2015 2499 2190 2547 torum
2230 2493 2456 2546 millium
2509 2493 2819 2562 angelorum
2873 2490 3247 2557 frequentiam,
3281 2498 3334 2542 et
3383 2487 3565 2544 Eccle-

2017 2582 2149 2636 siam
2181 2584 2594 2652 primitivorum,
2624 2585 2714 2652 qui
2747 2583 3039 2650 conscripti
3057 2590 3180 2635 sunt
3206 2581 3258 2633 in
3286 2580 3558 2644 cmlis“;3

2017 2688 2079 2728 ac
2108 2690 2356 2728 rursum:
2396 2693 2413 2723 ι
2450 2676 2544 2728 illa
2587 2685 2765 2729 autem
2800 2692 2920 2744 quae
2953 2691 3168 2730 sursum
3217 2684 3299 2728 est
3345 2673 3564 2728 Jerusa-

2017 2764 2140 2828 lem,
2173 2764 2342 2816 libera
2396 2770 2498 2824 est,
2545 2778 2665 2830 qua:
2717 2771 2800 2815 est
2847 2772 3020 2817 mater
3069 2772 3251 2815 nostra
3292 2765 3353 2811 ".
3385 2781 3403 2812 3
3443 2760 3564 2814 llaec

2017 2851 2152 2909 sane
2173 2853 2333 2909 fuerit
2369 2869 2494 2908 vera
2527 2853 2846 2917 Jerusalem,
2902 2865 2954 2909 ct
3019 2871 3136 2923 qua:
3166 2857 3379 2923 proprie
3435 2854 3562 2908 Sion

2017 2944 2370 3013 comprobata
2389 2952 2494 3005 est.
2533 2947 2585 2997 in
2612 2958 2715 3013 qua
2745 2957 2969 3013 regnare
3004 2944 3202 2998 dicitur
3238 2941 3486 2996 Salvator
3513 2950 3566 2996 et

2017 3036 2276 3091 Dominus
2309 3047 2514 3101 noster,
2545 3045 2602 3088 ut
2633 3036 2747 3104 ipse
2767 3035 2925 3089 docet
2958 3036 3011 3088 in
3053 3035 3292 3089 secundo
3322 3035 3560 3104 psalmo:

2024 3147 2042 3178 ι
2077 3127 2188 3196 Ego
2249 3135 2429 3180 autem
2494 3126 2825 3180 constitutus
2893 3141 3013 3180 sum
3075 3141 3166 3179 rex
3227 3142 3387 3193 super
3434 3125 3565 3180 Sion

2020 3227 2252 3272 montem
2281 3224 2527 3271 sanctum
2556 3215 2675 3283 ejus
2717 3217 2780 3267 “‘.
2826 3236 2842 3266 3
2878 3215 2934 3270 Id
2991 3216 3164 3285 ipsum
3196 3224 3374 3268 autem
3406 3215 3566 3269 fuerit

2021 3324 2245 3377 regnum
2274 3307 2558 3368 cmlorum,
2585 3305 2728 3373 quod
2781 3305 3174 3372 accipientibus
3219 3304 3560 3370 Evangelium

2021 3400 2392 3453 annuntiatur.
2425 3398 2604 3464 Imago
2626 3395 2965 3449 autemillius
2993 3395 3155 3448 fuerit
3177 3395 3416 3448 Ecclesia
3450 3411 3566 3464 qua:

2020 3495 2074 3544 in
2109 3500 2252 3544 terra
2283 3494 2364 3551 est
2403 3503 2415 3536 :
2451 3499 2567 3554 qua:
2603 3485 2717 3552 pari
2749 3482 2966 3538 nomine
3011 3483 3169 3536 modo
3204 3478 3355 3542 Sion,
3406 3481 3565 3534 modo

2018 3580 2338 3640 Jerusalem,
2374 3576 2665 3645 aliquando
2699 3576 2806 3630 tilia
2839 3573 2992 3634 Sion,
3023 3572 3309 3641 aliquando
3342 3569 3447 3623 illia
3481 3569 3565 3625 Je-

2020 3671 2255 3728 rusalem
2277 3668 2563 3721 vocitatur.
2606 3665 2697 3718 Sic
2722 3667 2900 3735 itaque
2932 3665 3076 3716 illam
3116 3662 3386 3732 prophetae
3420 3662 3568 3713 vati-

2019 3763 2262 3816 cinantes
2305 3756 2662 3827 appellabant.
2695 3754 2938 3825 Hymnus
2986 3753 3146 3822 igitur
3196 3754 3286 3819 qui
3325 3753 3378 3804 in
3412 3749 3564 3814 Sion,

2019 3851 2110 3905 illa
2147 3850 2354 3903 scilicet
2397 3847 2626 3908 ccelesti,
2677 3844 2887 3898 sive‘in
2928 3840 3168 3894 Ecclesia
3204 3838 3297 3893 Dei
3346 3852 3463 3906 quae
3511 3838 3565 3891 in

2021 3948 2164 3994 terra
2187 3948 2289 4000 est,
2317 3937 2552 3999 canitur,
2586 3935 2733 3988 solus
2758 3921 3086 3984 celebrando
3128 3928 3232 3981 Deo
3263 3925 3563 3980 conveniat.

2023 4029 2210 4084 Omnis
2228 4042 2356 4080 vero
2407 4040 2528 4094 quae
2559 4032 2710 4078 extra
2734 4020 3030 4074 Ecclesiam
3071 4018 3163 4072 Dei
3187 4017 3453 4085 theologia
3482 4015 3565 4067 di-

2022 4120 2182 4181 citur,
2233 4116 2346 4169 sive
2399 4111 2539 4182 apud
2583 4109 2892 4164 Graecorum
2925 4107 3216 4174 sapientes,
3267 4104 3380 4157 sive
3427 4101 3563 4170 apud

2025 4207 2216 4275 impios
2261 4204 2617 4257 beterodoxos
2649 4241 2664 4264 ,
2718 4199 2971 4254 indecens
3020 4195 3123 4248 dici
3185 4194 3375 4262 possit.
3432 4190 3566 4244 Nam

2022 4297 2193 4352 Graeci
2229 4297 2522 4364 sapientes,
2546 4293 2636 4345 alii
2661 4292 2715 4343 in
2743 4289 2945 4342 nullius
2981 4285 3075 4339 Dei
3104 4287 3306 4339 cultum
3354 4284 3567 4352 penitus

2023 4387 2156 4457 lapsi
2190 4395 2344 4450 sunt;
2384 4386 2471 4437 alii
2501 4384 2793 4436 multorum
2846 4377 3128 4430 numinum
3160 4389 3396 4429 errorem
3427 4374 3570 4426 cele-

2022 4475 2265 4528 brarunt.
2300 4471 2450 4540 impii
2478 4477 2654 4522 autem
2687 4465 2923 4519 haeretici
2950 4505 2964 4527 ,
2998 4465 3086 4516 alii
3110 4463 3409 4540 plurimaet
3437 4476 3568 4514 eon-

2024 4563 2189 4615 traria
2221 4539 2485 4631 principia
2512 4555 2948 4618 constituerunt;
2979 4552 3069 4604 alii
3100 4550 3276 4620 pravis
3305 4539 3568 4617 malisque

2025 4651 2316 4705 virtutibus
2378 4647 2617 4715 universi
2664 4643 3183 4698 administrationem
3245 4641 3565 4708 ascripsere.

2024 4734 2140 4795 Jam
2201 4756 2328 4794 vero
2389 4740 2493 4806 ipsi
2535 4735 2727 4797 Judaei,
2782 4734 3071 4786 humanam
3113 4731 3335 4784 formam
3377 4731 3568 4782 huma-

2025 4846 2231 4902 nosque
2256 4819 2505 4890 ‘aifeetus,
2559 4826 2707 4896 quod
2739 4824 3045 4892 Scripturas
3103 4837 3208 4874 non
3244 4819 3568 4887 intelligunt,

2027 4923 2135 4977 Deo
2181 4921 2443 4989 attingunt
2477 4937 2487 4971 :
2523 4919 2631 4970 imo
2661 4931 2790 4969 vero
2813 4914 3020 4967 inﬁnita
3073 4910 3308 4966 absurda
3331 4909 3566 4976 abjecta~

2023 5029 2127 5081 que
2178 5010 2500 5071 fabulantes,
2542 5008 2609 5062 ab
2664 5008 2863 5075 hymno
2894 5004 2987 5072 qui
3020 5004 3207 5058 deceat
3252 5000 3409 5068 longe
3449 5013 3570 5066 pro-

1976 5098 1979 5099 ν
2020 5091 2156 5170 lapsi
2174 5107 2320 5155 sunt.
2342 5101 2384 5155 li
2414 5115 2540 5153 vero
2579 5096 2679 5149 soli
2710 5094 2801 5162 qui
2829 5098 2880 5147 in
2902 5092 3140 5146 Ecclesia
3170 5088 3265 5143 Dei
3292 5091 3570 5142 decentem

2022 5195 2278 5262 hymnum
2307 5193 2374 5244 ab
2406 5194 2522 5259 ipso
2549 5186 2835 5241 Servatore
2864 5183 3040 5237 edocti
3073 5188 3218 5244 sunt,
3252 5179 3569 5246 condignam

2030 5284 2374 5351 divinamque
2397 5282 2463 5334 de
2495 5279 2651 5332 Patre
2686 5276 2986 5330 doctrinam
3018 5270 3284 5334 eil‘erunt;
3320 5265 3462 5334 quod
3515 5267 3568 5318 in

2028 5374 2278 5444 praesenti
2325 5372 2536 5426 cantico
2569 5368 2875 5422 declaratur
2897 5363 2982 5418 his
3012 5363 3232 5416 verbis:
3266 5379 3282 5408 ι
3325 5357 3399 5410 Te
3419 5356 3571 5410 decet

2030 5468 2283 5536 hymnus,
2317 5463 2473 5525 Deus,
2501 5465 2556 5516 in
2595 5460 2744 5516 Sion.
2774 5480 2792 5512 3
2833 5459 3090 5513 Indecens
3123 5467 3287 5526 porro
3339 5452 3571 5521 hymnus

2030 5556 2262 5617 dicatur,
2287 5555 2378 5624 qui
2415 5553 2662 5622 malignis
2694 5548 3029 5604 damonihus
3049 5543 3380 5614 itnpurisque
3407 5539 3570 5608 spiri-

2029 5647 2172 5699 tibus
2201 5644 2490 5699 emittitur:
2518 5642 2771 5696 indecens
2802 5640 2925 5693 item
2943 5637 3179 5708 qui-soli.
3221 5635 3379 5697 lunaa,
3410 5628 3571 5684 astris

1007 5827 1048 5856 “
1076 5823 1238 5879 Hebr.
1284 5841 1380 5888 xu,
1417 5825 1501 5877 ι2.
1581 5825 1622 5854 ¹³
1655 5823 1827 5876 Galat.
1868 5838 1940 5885 ιγ,
1973 5821 2061 5874 26.
2143 5821 2185 5849 ”
2218 5819 2359 5874 Psal.
2395 5817 2540 5890 11,16.
