4402 6408
850 501 953 556 617

1504 498 1766 557 EUSEBII
1806 501 2283 558 CESARIENSIS
2314 502 2463 558 OPP.
2501 503 2681 558 PARS
2721 503 2804 558 Ill.
2845 530 2914 545 -ι
2949 499 3353 557 ΕΧΕΟΕΤΙΕΛ.

3981 128 4040 144 Γ
4101 128 4118 144 i-T.

4121 213 4130 220 μ

3519 257 3566 282 I’
4121 249 4130 260 '

3945 499 4047 555 638

843 610 1161 681 ceterisque
1185 611 1367 666 mundi
1406 614 1650 681 partibus
1679 615 1746 668 ab
1805 614 1872 669 iis
1901 615 2137 681 canitur,
2165 615 2257 684 qui
2302 629 2391 670 ea-
2420 623 2466 677 Α
2499 633 2581 685 μα‹

2309 629 2391 670 ea-
2420 623 2466 677 Α
2499 633 2661 685 μασιν
2694 615 3021 686 ἀκαθάρτοις
3047 612 3495 682 ἀναπεμπόμενος
3518 627 3530 640 ·
3567 608 3814 681 ἀπρεπὴς
3839 609 3894 662 δέ
3932 611 4047 662 ἐστι

843 703 966 758 dem
990 701 1130 755 inter
1149 700 1278 756 deos
1311 712 1689 757 annumerant.
1741 702 1924 773 Longe
1947 705 2158 774 turpior
2187 715 2314 758 Vero
2339 714 2387 758 et

846 789 1131 844 admodum
1168 789 1456 845 indecorus
1489 801 1591 854 est,
1650 792 1742 860 qui
1793 793 2018 862 impuris
2066 791 2389 862 lascivisque

844 884 1070 938 canticis
1103 881 1168 937 de
1199 868 1477 939 amatoriis
1514 883 1741 938 deorum
1771 887 2015 941 historiis
2045 885 2387 955 contingitur.

845 973 1002 1028 Bolus
1020 986 1196 1029 autem
1245 977 1526 1044 speciosus
1576 975 1640 1028 ac
1679 976 1877 1032 decens
1924 977 2156 1048 hymnus
2186 978 2274 1032 ille
2307 977 2391 1030 di-

843 1074 1014 1132 catur,
1033 1067 1124 1136 qui
1142 1063 1239 1122 εδιί
1253 1067 1554 1129 Conditori,
1571 1065 1758 1136 Opiﬁci
1782 1081 1843 1120 ac
1860 1066 1992 1137 Regi
2009 1069 2389 1122 universorum

841 1157 1126 1220 emittitur,
1159 1157 1420 1211 cuietiam
1443 1167 1564 1211 vota
1616 1157 1862 1220 reddere,
1895 1164 2056 1227 atque
2081 1157 2134 1212 id
2160 1173 2265 1212 non
2296 1174 2391 1215 ex-

841 1256 925 1300 tra
957 1245 1255 1306 Ecclesiam
1310 1247 1428 1316 ejus
1479 1258 1739 1317 praestare
1787 1249 2058 1302 convenit.
2098 1243 2277 1313 QUare
2305 1263 2392 1302 se-

839 1336 1076 1390 cundum
1109 1334 1248 1390 LXX
1299 1336 1620 1404 lnterpretes
1649 1335 1890 1390 dicitur:
1933 1355 1957 1413 «-
1988 1336 2050 1391 Et
2080 1338 2172 1392 tibi
2205 1337 2392 1394 redde~

839 1435 929 1480 tur
963 1435 1145 1481 votum
1174 1427 1227 1480 in
1255 1426 1574 1482 Jerusalem.
1616 1447 1634 1478 ι
1674 1425 1868 1482 Votum
1911 1436 2089 1482 autem
2121 1428 2258 1484 solet
2306 1426 2390 1482 di-

838 1518 962 1571 vina
999 1517 1275 1586 Scriptura
1305 1534 1498 1573 vocare
1559 1519 1999 1586 promissionem,
2054 1532 2216 1587 quam
2265 1517 2390 1586 quis

838 1605 947 1660 Deo
971 1606 1196 1671 dederit,
1221 1608 1437 1675 quando
1477 1607 1682 1662 scilicet
1742 1608 2065 1676 resipiscere
2119 1609 2392 1677 vitamque

837 1711 990 1752 suam
1044 1698 1239 1751 divinae
1275 1698 1628 1768 philosophia:
1681 1697 1954 1761 addicere,
2001 1695 2115 1752 sive
2144 1698 2304 1753 etiam
2325 1712 2390 1752 ex

837 1791 992 1844 bonis
1021 1791 1134 1844 suis
1151 1789 1425 1859 quidpiam
1455 1803 1802 1852 consecrare,
1836 1791 1947 1842 sive
1985 1787 2130 1841 aliud
2161 1787 2391 1858 quodvis

837 1881 1164 1950 promissum
1217 1880 1356 1940 vitae,
1401 1894 1520 1949 qua:
1576 1877 1884 1935 secundum
1921 1875 2088 1933 Deum
2121 1885 2234 1940 est,
2268 1891 2393 1930 con-

838 1945 1154 2023 sentaneum
1208 1985 1270 2023 ac
1321 1945 1547 2038 probum
1593 1967 1756 2024 edere
1792 1967 2158 2022 constituerit.
2211 1963 2390 2031 Quare
2421 1945 2461 2001 Β

837 2055 1042 2112 dictum
1068 2059 1263 2112 alicubi
1301 2058 1401 2112 iuit
1437 2073 1448 2109 :
1488 2075 1505 2108 ι
1549 2056 1606 2111 Si
1636 2069 1817 2112 votum
1851 2055 2066 2118 feceris,
2106 2070 2174 2111 ne
2209 2052 2391 2108 tardes

835 2148 1058 2204 reddere
1091 2163 1102 2201 :
1141 2151 1333 2206 melius
1362 2150 1562 2219 quippe
1579 2157 1662 2205 est
1692 2165 1800 2204 non
1829 2163 2042 2212 vovere,
2077 2160 2239 2217 quam
2296 2159 2392 2199 vo-

834 2255 960 2297 vere
989 2249 1042 2296 et
1090 2257 1198 2296 non
1236 2240 1460 2294 reddere
1498 2241 1558 2294 ".
1598 2260 1616 2292 ›
1671 2238 1833 2295 Decet
1885 2239 2050 2310 igitur
2099 2239 2154 2294 in
2200 2238 2391 2307 primis

833 2331 1212 2386 universorum
1259 2328 1515 2399 Opiﬁcem
1547 2337 1606 2386 et,
1637 2330 1976 2384 Servatonem
2003 2329 2218 2399 hymnis
2246 2328 2390 2383 cele-

835 2419 996 2473 brare
1021 2436 1034 2484 ;
1064 2418 1258 2473 deinde
1281 2432 1409 2473 vero
1438 2418 1637 2476 divinis
1673 2417 1822 2484 hisce
1872 2417 2124 2474 laudibus
2156 2431 2390 2471 consen-

833 2515 992 2562 tanea
1016 2523 1178 2578 Opera
1223 2511 1405 2576 edere,
1437 2512 1686 2578 bonaque
1735 2507 2006 2578 promissa
2055 2507 2204 2562 dare.
2236 2507 2392 2564 Post-

835 2613 996 2666 quam
1023 2615 1149 2654 vero
1179 2610 1230 2655 et
1259 2603 1516 2676 hymnum
1570 2608 1624 2654 et
1671 2607 1793 2654 vota
1821 2599 1925 2668 ipsi
1971 2597 2386 2663 reddiderimus,

833 2696 967 2743 tunc
1022 2705 1145 2742 cum
1200 2705 1262 2744 ea
1291 2705 1412 2760 qua:
1463 2704 1626 2758 penes
1657 2703 1756 2744 nos
1787 2699 1913 2742 sunt
1966 2687 2387 2756 impleverimus,

834 2779 1060 2834 ﬁdenter
1087 2795 1338 2850 agemus;
1369 2784 1442 2835 ita
1463 2790 1520 2834 ut
1549 2781 1794 2836 dicamus
1828 2799 1938 2834 ε--ι
1951 2779 2156 2834 Exaudi
2186 2781 2389 2834 oratio-

833 2885 978 2924 nem.
1018 2891 1036 2921 ι
1064 2869 1162 2925 Hic
1210 2887 1371 2941 porro
1430 2880 1682 2927 accurate
1723 2869 2026 2943 προσευχῆς
2070 2885 2178 2925 non
2229 2871 2389 2941 εὐχῆς

833 2957 1064 3028 dictum;
1095 2978 1219 3018 nam
1255 2964 1388 3034 εὐχή
1427 2964 1841 3033 promissionem
1883 2965 2149 3036 signiﬁcat
2173 3008 2188 3032 ,
2223 2980 2391 3034 προσο

835 3051 965 3123 ευχή
1017 3068 1159 3108 νοιιοΔ
1175 3055 1620 3124 supplicationem
1645 3069 1708 3107 ac
1733 3055 2387 3124 deprecationem,,-quam

837 3141 1070 3212 Spiritus
1126 3155 1348 3201 sanctus
1403 3161 1500 3215 pro
1544 3146 1725 3200 nobis
1753 3145 1966 3208 edebat,
1999 3153 2386 3215 congruentem

831 3235 1267 3304 deprecationem
1317 3235 1427 3292 Deo
1482 3237 1716 3292 oﬂ'ercns
1761 3252 1824 3291 ac
1864 3236 2093 3292 dicens:
2133 3254 2152 3286 ι
2176 3235 2384 3292 Exaudi

832 3325 1152 3382 orationem.
1181 3347 1200 3379 ι
1231 3328 1598 3394 Quorumnam
1655 3317 1958 3384 orationem
2004 3329 2307 3385 exaudias?
2328 3327 2385 3386 id

831 3416 1026 3473 deinde
1057 3419 1315 3482 declarat,
1377 3423 1615 3492 gentium
1680 3422 2016 3478 vocationem
2062 3421 2384 3484 vaticinans,

831 3503 958 3563 dum
979 3511 1054 3563 ait
1081 3527 1093 3561 :
1125 3530 1143 3562 ι
1179 3511 1259 3566 Ad
1281 3520 1331 3568 te
1358 3515 1534 3570 omnis
1558 3505 1689 3568 caro
1720 3514 1915 3569 veniet.
1947 3533 1966 3565 ι
1996 3512 2232 3582 Spiritus
2261 3528 2395 3568 vero

833 3607 1054 3654 sanctus
1084 3615 1182 3670 pro
1209 3603 1540 3661 omnicarne
1590 3605 1932 3673 precabatur,
1965 3612 2024 3657 ut
2051 3605 2234 3666 omnis
2259 3619 2388 3658 caro

833 3697 1115 3759 postquam
1151 3692 1216 3744 ad
1251 3691 1420 3747 Deum
1445 3709 1708 3749 conversa
1763 3693 1948 3758 fuerit,
1991 3695 2276 3764 ipsumque
2305 3695 2388 3748 in.

830 3782 1124 3842 vocaverit,
1175 3783 1648 3852 propitiumillum
1703 3786 1964 3839 inveniat.
2025 3784 2384 3851 Quamobrem

834 3882 942 3925 non
997 3873 1174 3926 dixit:
1243 3873 1492 3930 «Exaudi
1549 3875 1852 3932 orationem
1912 3877 2120 3941 meam;
2153 3894 2170 3926 ι
2239 3876 2381 3930 sed:

839 3981 857 4011 ι
889 3963 1097 4018 Exaudi
1123 3966 1444 4028 orationem,
1479 3967 1543 4020 ad
1572 3978 1622 4020 te
1664 3969 1842 4021 omnis
1868 3983 1998 4021 caro
2026 3968 2236 4033 veniet;
2277 3988 2295 4018 ι
2323 3982 2385 4021 ac

831 4055 896 4107 si.
928 4055 1129 4108 clarius
1185 4056 1454 4112 dixisset:
1491 4057 1627 4125 Quia
1689 4057 1930 4113 futurum
1957 4067 2038 4113 est
2095 4065 2155 4113 ut
2208 4059 2385 4113 omnis

829 4159 979 4206 caro,
1027 4152 1081 4198 et
1113 4154 1284 4198 totum
1313 4161 1484 4215 genus
1531 4150 1826 4203 humanum
1855 4164 1882 4200 a
1907 4130 2204 4208 'muitorllm
2255 4150 2386 4203 deo-

830 4249 950 4290 rum
973 4248 1157 4289 errore
1192 4238 1426 4298 secedat,
1455 4239 1594 4292 ctad
1641 4246 1691 4297 te
1753 4239 1927 4293 solum
1976 4255 2164 4304 verum
2216 4241 2382 4300 Deum

830 4334 1199 4387 convertatur,
1227 4326 1455 4396 hymnos
1483 4336 1642 4382 canat
1674 4329 1794 4394 tibi,
1841 4340 1963 4383 vota
1995 4330 2204 4396 reddat,
2261 4336 2383 4383 ora-

831 4418 1006 4470 tiones
1025 4426 1074 4470 et
1105 4418 1525 4485 supplicationes
1551 4418 1811 4482 eﬂundat,
1858 4422 2053 4479 exaudi
2083 4423 2384 4479 orationem

831 4522 1042 4564 eorum.

2494 708 2584 759 καὶ
2605 708 2632 758 ό
2665 707 2799 776 ἡλίῳ
2833 707 2924 757 καὶ
2950 703 3141 774 σελήνῃ
3177 703 3269 754 καὶ
3317 701 3532 770 ἄστροις
3559 701 3651 752 καὶ
3689 703 3798 762 τοῖς
3845 699 4048 762 λοιποῐς

2491 795 2586 848 τοῦ
2638 797 2841 866 κόσμου
2894 794 3114 864 μέρεσιν
3172 793 3276 845 ὑπὸ
3310 791 3417 844 τῶν
3458 790 3630 843 ταῦτα
3665 789 4047 843 θεοποιούντων

2491 884 2766 954 ᾴδόμενος.
2811 885 2920 935 Καὶ
2945 883 3025 935 ἔτι
3054 881 3248 952 μᾶλλον
3277 881 3500 950 αἰσχίων
3531 880 3624 932 καὶ
3644 880 4050 949 ἀπρεπέστατος
4157 881 4169 898 ⁸

2491 979 2518 1029 ὁ
2574 978 2640 1029 δι’
2697 976 2936 1046 αἰσχρῶν
2979 976 3071 1029 καὶ
3118 973 3428 1028 ἀκολάστων
3459 972 3716 1042 ᾀσμάτων
3763 973 3876 1034 τοῖς
3922 969 4050 1041 περὶ

2493 1070 2628 1121 θεῶν
2678 1070 2957 1139 ἐρωτικοῖς
2985 1067 3314 1136 διηγήμασιν
3362 1063 3845 1132 ἀναπλαττόμενοςε
3877 1061 4049 1124 Μόνος

2491 1161 2536 1212 δ’
2563 1162 2770 1221 ἐκεῖνος
2814 1159 3012 1228 ὡραῖος
3038 1155 3250 1226 λεχθείη
3275 1155 3340 1207 ἂν
3388 1154 3479 1206 καὶ
3505 1151 3780 1223 εὐπρεπὴς
3807 1150 3992 1222 ὕμνος,
4020 1151 4050 1202 ὁ

2491 1250 2567 1319 τῷ
2586 1250 2730 1319 μόνῳ
2748 1249 2950 1320 Ποιητῇ
2970 1247 3062 1301 καὶ
3081 1243 3408 1317 Δημιουργῷ
3434 1243 3527 1297 καὶ
3551 1242 3764 1328 Βασιλεῖ
3785 1243 3891 1294 τῶν
3915 1241 4051 1294 ὅλων

2491 1338 2607 1407 Θεῷ
2664 1337 3134 1407 ἀναπεμπόμενος,
3185 1329 3228 1401 ᾧ
3270 1335 3365 1386 καὶ
3405 1333 3505 1396 τὰς
3536 1332 3699 1403 εὐχὰς
3747 1331 4052 1384 ἀποδιδόναι

2491 1431 2774 1500 προσήκει,
2803 1429 2896 1481 καὶ
2921 1427 3077 1480 τοῦτο
3111 1428 3278 1478 ποιεῖν
3313 1425 3386 1495 μὴ
3427 1425 3581 1486 ἐκτὸς
3611 1425 3709 1493 τῆς
3731 1423 4049 1493 Ἑκκλησίας

2491 1520 2674 1574 αὑτοῦ,
2708 1521 2796 1572 Διὸ
2828 1519 3070 1571 λέλεκται
3108 1517 3247 1570 κατὰ
3275 1517 3400 1578 τοὺς
3437 1515 3860 1586 Ἑϐδομήκοντα·
3894 1531 3913 1563 ι
3943 1513 4050 1565 Καὶ

2494 1612 2577 1662 σοὶ
2624 1611 3008 1680 ἀποδοθήσεται
3059 1609 3189 1679 εὐχὴ
3227 1611 3285 1660 ὲν
3335 1609 3701 1678 Ἰερουσαλήμ.
3738 1627 3757 1659 ι
3793 1608 3968 1677 Εὑχὴν
3993 1607 4047 1658 δὲ

2493 1701 2717 1771 σύνηθες
2753 1704 2817 1771 τῇ
2866 1700 2984 1770 θείᾳ
3023 1701 3212 1770 Γραφῇ
3259 1699 3440 1752 καλεῖν
3475 1698 3573 1768 τὴν
3602 1697 3952 1774 ἐπαγγελίαν,
3984 1695 4049 1765 ἣν

2491 1794 2554 1847 ἂν
2579 1792 2978 1860 ὲπαγγέλληταί
3009 1808 3091 1852 τις
3137 1791 3214 1860 τῷ
3245 1790 3381 1859 Θεῷ,
3412 1790 3531 1859 ἦτοι
3560 1805 3850 1857 σωφρονειν
3887 1789 4048 1853 ταξά-

2496 1899 2652 1951 μενος
2701 1883 2792 1940 καὶ
2826 1882 2915 1934 τὸν
2959 1879 3154 1939 ἑαυτοῦ
3187 1880 3298 1949 βίον
3340 1878 3610 1936 ἀναθεῖναι
3640 1880 3704 1946 τῇ
3745 1877 3885 1930 κατά
3919 1877 4049 1929 Θεὸν

2491 1973 2794 2042 φιλοσοφίᾳ,
2840 1972 2872 2042 ἢ
2905 1971 3012 2024 τῶν
3054 1971 3346 2040 κτημάτων
3382 1967 3683 2039 ἀφιερῶσαί
3721 1985 3792 2032 τι,
3822 1969 3855 2039 ἢ
3887 1968 4036 2033 τάξα-

2492 2063 2614 2117 σθαί
2658 2081 2777 2115 τινα
2821 2062 3022 2133 σεμνὴν
3052 2061 3380 2130 ἐπαγγελίαν
3423 2059 3734 2130 πρέπουσαν
3789 2058 3865 2128 τῷ
3911 2060 4046 2114 κατά

2489 2155 2619 2208 Θεὸν
2655 2155 2773 2223 βίῳ.
2798 2155 2887 2207 Διὸ
2915 2154 3161 2208 λέλεκταί
3199 2170 3330 2206 πουο
3358 2172 3375 2202 ι
3422 2152 3543 2204 Ἐὰν
3587 2149 3716 2223 εὔξῃ
3749 2150 3930 2222 εὐχὴνς
3975 2152 4048 2223 μὴ

2490 2247 2740 2319 χρονίσῃς
2783 2244 3104 2299 ἀποδοῦναι·
3139 2244 3341 2312 ἀγαθὸν
3382 2243 3441 2296 τὸ
3484 2244 3556 2313 μὴ
3603 2241 3875 2305 εὖξασθαι,
3916 2243 3948 2312 ἢ
3989 2243 4049 2296 τὸ

2489 2337 2744 2403 εὔξασθαι
2767 2339 2858 2389 καὶ
2882 2338 2954 2405 μὴ
2966 2336 3268 2396 ἀποδοῦναι.
3286 2355 3302 2386 ι
3326 2333 3530 2404 Πρέπει
3546 2332 3721 2386 τοίνυν
3740 2333 3933 2403 πρῶτα
3949 2333 4048 2401 μὲν

2490 2428 2722 2492 ἐπαξίως
2753 2430 2841 2480 τὸν
2859 2427 2964 2480 τῶν
2988 2426 3121 2480 ὅλων
3145 2425 3376 2495 Ποιητὴν
3392 2425 3484 2476 καὶ
3513 2424 3733 2493 Σωτῆρα
3757 2423 4010 2492 άνυμνεῖν
4028 2440 4041 2454 ο

2491 2518 2679 2571 ἔπειτα
2707 2519 2772 2570 δι’
2800 2517 2973 2586 ἔργων
3008 2515 3270 2569 ἀκόλουθα
3317 2513 3573 2585 πράττειν
3607 2515 3670 2582 τῇ
3717 2511 3960 2582 θεολογίᾳ
3990 2512 4048 2564 ἑν

2491 2609 2719 2678 ἀγαθαῖς
2769 2608 3139 2676 ἐπαγγελίαις.
3196 2606 3442 2660 Ἐπειδὰν
3494 2606 3549 2658 δὲ
3602 2604 3694 2665 καὶ
3739 2603 3833 2656 τὸν.
3881 2602 4048 2672 ὕμνον

2490 2702 2802 2774 πρεπόντως
2833 2703 2924 2761 καὶ
2945 2699 3042 2762 τάς
3065 2698 3226 2769 εὐχάς
3240 2696 3520 2766 ἀποδῶμεν
3547 2694 3713 2763 αὐτῷ,
3735 2692 4046 2764 τηνικαῦτα,

2486 2793 2563 2856 ὼς
2605 2792 2671 2845 ἂν
2724 2791 2791 2844 τά
2847 2791 2974 2861 παρ’
3011 2789 3215 2852 ἑαυτῶν
3262 2788 3698 2858 πεπληρωκότες,
3740 2783 4046 2856 παρρησίας

2495 2883 2785 2954 μεθέξομεν
2806 2899 2819 2913 ·
2855 2883 2992 2935 ὥστε
3019 2882 3226 2950 λέγειν’
3269 2899 3286 2930 ι
3318 2877 3996 2947 Εἰσάκουσονπροσευχῆς.
4022 2895 4063 2950 ι.

2502 2973 2766 3047 Ἀκριὸὦς
2822 2974 2866 3025 δ’
2920 2972 3151 3032 ἐνταῦθα
3203 2970 3542 3044 προσευχῆς,
3591 2966 3828 3020 ἀλλὀὐκ
3883 2964 4048 3035 εὐχῆς

2488 3067 2700 3138 είρηται
2721 3083 2733 3094 ·
2771 3066 2804 3135 ἡ
2836 3066 2931 3135 μὲν
2958 3063 3065 3134 γάρ
3107 3061 3436 3130 ἐπαγγελίαν
3470 3059 3655 3128 ἐδήλου
3678 3075 3692 3088 ·
3725 3060 3756 3120 ἠ
3792 3057 4048 3139 δὲιπροσυ

2488 3156 2620 3228 ευχὴ
2653 3156 2833 3227 δέησιν
2876 3156 2968 3209 καὶ
3015 3155 3322 3224 ἱκετηρίαν,
3352 3152 3417 3222 ὴν
3464 3150 3524 3202 τὸ
3555 3148 3776 3217 Πνεῦμα
3802 3149 3874 3200 τὸ.
3895 3147 4050 3214 ἅγιον

2412 3267 2457 3327 C
2489 3251 2626 3320 ὑπὲρ
2657 3249 2815 3318 ἡμῶν
2868 3249 3135 3308 ἐποιεῖτο,
3182 3244 3491 3314 πρέπουσαν
3531 3238 3807 3308 ἱκετηρίαν
3847 3253 4054 3307 προσα-

2489 3341 2658 3410 γαγδν
2685 3340 2762 3408 τῷ
2786 3338 2904 3409 Θεῷ
2938 3338 3030 3390 καὶ
3055 3336 3208 3402 λέγον
3225 3351 3236 3362 ·
3271 3353 3287 3384 ι
3327 3331 3652 3384 Εισάκουσον
3681 3327 3996 3399 προσευχῆς.
4023 3345 4042 3377 ι

2488 3434 2659 3485 Τίνων
2689 3432 2746 3485 δὲ
2779 3428 3085 3502 προσευχῆς
3134 3427 3487 3487 είσάκονσονς
3529 3419 3866 3493 Παρίστησιν,
3896 3417 4044 3486 ἑξῆς,

2486 3523 2593 3576 τῶν
2626 3523 2791 3576 ἐθνῶν
2837 3522 2935 3591 τὴν
2972 3519 3163 3589 κλῆσιν
3212 3513 3496 3578 θεσπίζον·
3536 3513 3615 3570 διό
3647 3527 3813 3586 φησι·
3853 3529 3870 3560 ι
3905 3508 4046 3582 Πρὸς

2489 3613 2547 3664 σὲ
2575 3614 2720 3664 πᾶσα
2747 3607 2886 3680 σὰρξ
2925 3609 3062 3677 ἥξει.
3105 3627 3123 3658 ι
3172 3603 3540 3676 Ὑπερηύχετο
3559 3602 3614 3655 δὲ
3644 3602 3702 3654 τὸ
3743 3599 3962 3670 Πνεῦμα
3987 3599 4048 3652 τὸ

2488 3702 2640 3768 ἅγιον
2688 3703 2867 3769 πάσης
2912 3699 3110 3770 σαρκὸς
3139 3737 3153 3760 ,
3209 3696 3274 3748 ἵν’
3318 3693 3866 3763 ἐπειδὰν-ἐπιστραφῇ
3901 3692 4046 3751 πᾶσα

2487 3792 2622 3862 σὰρξ
2649 3793 2782 3862 πρὸς
2806 3790 2896 3844 τὸν
2917 3791 3067 3850 Θεδν,
3096 3784 3520 3853 καὶὲπικαλῆται
3547 3784 3726 3846 αὑτὸν,
3757 3782 3906 3854 τύχοι
3951 3783 4050 3841 αὺ-

2485 3882 2576 3936 τοῦ
2618 3881 2873 3951 ἐπηκόου.
2910 3879 2999 3932 Διὸ
3047 3879 3147 3932 οὐκ
3173 3872 3352 3928 εἶπενο
3389 3893 3408 3924 ι
3447 3873 3772 3929 Είσάκουσον
3799 3871 3895 3940 τῆς
3910 3871 4046 3940 ἁμῆς

2485 3973 2808 4045 προσευχῆςο
2848 3992 2865 4024 ι
2890 3971 2999 4024 ἀλλ’
3025 3989 3037 4002 ·
3068 3988 3084 4020 ι
3120 3968 3446 4020 Είσάκουσον
3472 3962 3804 4040 προσευχῆς,
3826 3962 3960 4031 πρὸς
3985 3961 4061 4020 σε,

2486 4065 2633 4122 πᾶσα
2663 4063 2799 4136 σάρξ
2824 4063 2944 4133 ἥξει
2963 4079 2976 4091 ο
3010 4081 3028 4113 ι
3062 4059 3193 4112 ὡσεὶ
3231 4056 3556 4125 σαφέστερον
3580 4054 3809 4120 ἔλεγεν
3832 4051 4050 4122 Ἐπειδὴ

2488 4156 2673 4226 μέλλει.
2693 4158 2840 4208 πᾶσα
2875 4153 3008 4224 σάρξ
3054 4152 3147 4205 καὶ
3185 4150 3293 4202 πᾶν
3322 4147 3478 4216 γένος
3511 4144 3808 4216 ἀνθρώπων
3833 4145 4058 4213 ἀναχωο.

2487 4249 2599 4314 ρεῖν
2626 4247 2721 4314 μὲν
2750 4246 2848 4314 τῆς
2873 4243 3133 4298 πολυθέου
3167 4241 3391 4310 πλάνης,
3419 4236 3760 4307 ἐπιστρέφειν
3779 4235 3836 4287 δὲ
3867 4235 3958 4286 ἐπὶ
3986 4234 4056 4292 σὲ

2484 4335 2574 4390 τὸν
2609 4336 2766 4404 μόνον
2810 4333 3060 4403 ἀληθινὸν
3100 4332 3252 4394 Θεὸν,
3290 4330 3489 4399 ὕμνους
3513 4328 3571 4380 τέ
3595 4343 3675 4380 σοι
3704 4327 4059 4396 ἀναπέμπειν,

2485 4425 2578 4484 καὶ
2620 4423 2782 4493 εὐχάς
2828 4422 3148 4484 ἀποδιδόναι,
3207 4418 3510 4487 προσευχάς
3542 4434 3597 4469 τε
3622 4404 3734 4469 ’καὶ
3766 4415 4060 4494 ἱκετηρίας,

2487 4485 2772 4573 ποιεῖσθαι,
2799 4511 3110 4568 εἰσάκουσον
3141 4507 3238 4575 τῆς
3257 4485 3450 4559 αὐτῶν
3475 4507 3798 4576 προσευχῆς.
4113 4485 4140 4511 ”

907 4593 1066 4648 Vens.
1097 4595 1149 4648 4.
1253 4595 1420 4652 Verba
1445 4597 1752 4666 iniquorum
1806 4600 2202 4670 praevaluerunt
2224 4617 2384 4670 super
2416 4607 2458 4660 Ι)
2562 4621 2580 4653 ι

2322 4617 2384 4655 er
2416 4607 2458 4660 Ι)
2562 4621 2580 4653 ι
2617 4569 2774 4668 Λόγοι
2819 4600 3033 4670 ἀνόμων
3073 4569 3557 4676 ὑπερεδυνάμωσαν
3592 4569 3757 4667 ημᾶςτ,
3790 4596 3882 4647 καί⁵
3923 4596 4060 4656 ταῖς,

833 4700 954 4746 nos,
1014 4693 1066 4738 et
1128 4689 1494 4756 impietatibus
1553 4693 1754 4746 nostris
1801 4703 1858 4751 tu
1916 4693 2311 4762 propitiaberis.
2361 4711 2379 4742 ι

828 4776 1236 4844 Cousequenter
1261 4779 1571 4844 admodum,
1595 4793 1881 4853 postquam
1937 4787 2003 4838 de
2041 4787 2392 4843 omnicarne

827 4867 1061 4929 dixerat,
1098 4868 1210 4922 hazc
1266 4871 1467 4933 intulit,
1522 4889 1657 4940 qua:-
1683 4878 1860 4929 omnis
1895 4877 2160 4944 praedicta
2202 4875 2387 4930 carnis

2487 4691 2758 4754 ἀσεϐείαις
2789 4689 2946 4760 ἡμῶν
2973 4692 3034 4742 σὺ
3067 4692 3242 4764 ἱλάσῃ.
3281 4711 3298 4742 ι
3336 4689 3541 4759 Σφόδρα
3572 4685 3873 4765 ἀκολούθως
3909 4685 4064 4754 μετά,

2485 4781 2554 4832 τὰ
2612 4782 2738 4852 περὶ
2780 4780 2958 4858 πάσης
2987 4782 3187 4850 σαρκὸς
3225 4770 3549 4847 λελεγμένα,
3598 4769 3946 4844 ἐπενήνεκται
3973 4775 4063 4835 τὰ,

2491 4871 2824 4940 προκείμενα
2857 4872 2955 4939 τῆς
2991 4869 3383 4941 ὠνομασμένης
3410 4866 3588 4935 πάσης
3629 4865 3827 4934 σαρκὸς
3857 4864 4043 4934 ἐξομιφ

831 4956 1228 5010 confessionem
1282 4961 1752 5029 complectuntur.
1785 4961 1968 5032 Itaque
2004 4972 2269 5032 quotquot
2319 4979 2393 5018 ex
2491 4961 2569 5029 λόγ

2319 4979 2393 5018 ex
2491 4961 2707 5031 λόγησιν
2740 4962 3094 5034 περιέχοντα.¹
3117 4963 3180 5014 Oi
3205 4959 3333 5028 γοῦν
3361 4958 3434 5030 ἐξ.
3463 4959 3712 5010 ἁπάντων
3744 4956 3850 5009 τῶν
3877 4955 4040 5010 ἐθνῶν

829 5061 879 5097 οι
923 5047 1081 5099 uibus
1116 5047 1389 5116 gentibus,
1438 5063 1565 5116 qua!
1586 5048 1711 5102 olim
1743 5050 1990 5104 carnales
2022 5057 2196 5114 erant,
2234 5064 2264 5102 a
2296 5065 2386 5106 su-

827 5136 1146 5202 perstitione
1181 5136 1407 5204 gradum
1428 5148 1775 5202 revocarunt,
1798 5153 1824 5191 a
1845 5137 2050 5208 Spiritu
2077 5139 2263 5193 divino
2289 5141 2385 5193 do-

829 5233 1020 5278 centur
1053 5226 1297 5280 conﬁteri
1347 5231 1566 5294 quantis
1616 5230 1836 5289 olimin
1884 5230 2042 5284 malis
2081 5230 2385 5298 complicati

831 5310 1052 5371 fuerint,
1085 5324 1244 5381 atque
1281 5315 1528 5383 proprias
1580 5317 1905 5386 impietates.
1938 5332 2383 5379 commemorare.

829 5399 1008 5472 Quare
1037 5403 1138 5454 ait:
1175 5421 1194 5454 ι
1228 5403 1398 5461 Verba
1432 5404 1736 5473 iniquorum
1783 5410 2180 5476 praevaluemnt
2221 5425 2384 5480 super

829 5506 952 5555 nos,
976 5492 1411 5560 etimpietalibus
1455 5496 1655 5550 nostris
1678 5504 1734 5550 tu
1775 5499 2176 5570 propitiaberis.
2208 5519 2226 5552 ι
2261 5497 2385 5555 Haec

828 5595 962 5656 sane
1014 5583 1170 5650 quasi
1224 5599 1288 5636 ex
1340 5600 1567 5653 persona
1616 5585 1794 5639 omnis
1848 5596 2154 5642 memorata
2202 5590 2383 5644 carnis

828 5670 985 5726 Valde
1014 5681 1408 5744 consequenter
1427 5675 1588 5735 dicta
1621 5676 1843 5736 fuerint.
1867 5677 2002 5743 Quia
2047 5691 2174 5736 vero
2209 5679 2382 5742 canti-

903 5845 947 5918 ‘_7
972 5843 1144 5899 Ecclc.
1178 5867 1224 5913 γ,
1255 5849 1304 5908 ’5,
1349 5851 1400 5920 4.

2488 5048 2592 5100 τῶν
2617 5051 2781 5110 πάλαι
2843 5050 3106 5120 σαρκίνων
3146 5049 3240 5118 τῆς
3288 5046 3670 5116 δεισιδαίμονος
3697 5047 3898 5119 πλάνης
3925 5049 4040 5100 ἑπι-

2489 5138 2812 5209 στρέψαντες
2873 5140 3208 5198 διδάσκονται
3251 5137 3494 5190 ὑπὸ·τοῦ
3539 5135 3681 5188 θείου
3734 5137 4041 5208 Πνεύματος

2484 5229 2760 5298 ὁμολογεῖν
2805 5233 2860 5282 ἐν
2907 5231 3111 5293 ὁποίοις
3157 5229 3284 5291 ποτὲ
3323 5229 3506 5289 κακοῖς
3537 5228 3811 5295 γεγόνασι,
3839 5229 3946 5281 τῶν
3984 5245 4041 5280 τε

2485 5321 2710 5373 οἰκείων.
2736 5320 3095 5392 ἀσεόημάων
3131 5319 3501 5390 μνημονεύειν.
3531 5321 3622 5373 Διό
3654 5337 3784 5399 φησι
3804 5336 3818 5349 ·
3837 5338 3855 5371 ι
3880 5320 4041 5387 Λόγοι

2485 5411 2699 5480 ἀνόμων
2756 5409 3248 5481 ὑπερεδυνάμωσαν
3277 5411 3441 5480 ἡμᾶς,
3488 5409 3580 5463 καὶ
3607 5412 3726 5470 ταῖς
3770 5409 4044 5470 ἀσεδείαις

2484 5481 2647 5570 ἡμῶν
2667 5502 2730 5552 σὺ
2763 5499 2936 5570 ἱλάσῃ.
2970 5518 2987 5550 ι
3018 5499 3198 5554 Ταῦτα
3233 5501 3330 5570 μὲν
3354 5496 3445 5552 οὖν
3465 5499 3727 5568 λεγόμενα
3747 5501 3812 5562 ἐκ
3832 5498 4044 5568 προσώ-

2486 5607 2587 5642 που
2610 5591 2706 5658 τῆς
2744 5589 3096 5660 ἀποδοθείσης
3150 5593 3327 5659 πάσης
3361 5589 3559 5659 σαρκὸς
3597 5589 3793 5658 πολλὴν
3824 5578 3905 5641 ἂν
3931 5587 4041 5656 ἔχοι

2483 5679 2817 5742 ἀκολουθίαν.
2835 5678 3058 5738 Ἐπεῖδὲ
3081 5699 3098 5731 ι
3124 5680 3217 5735 τοῦ
3245 5678 3429 5742 Δαυΐδῃ
3457 5679 3848 5748 ἐπιγέγραπται
3872 5680 3912 5730 ἡ
3932 5676 4064 5761 ᾠδὴ,
