4402 6400
297 529 407 585 ϐἳθ

1431 524 1927 582 COMMENTARIA
1967 526 2033 581 IN
2073 527 2404 584 [‘SALMOS.

3432 531 3534 585 650

297 636 397 690 τοῦ
429 636 661 708 ψαλμοῦ,
689 637 969 708 ζητήσειεν
987 638 1051 691 ἄν
1079 654 1181 701 τις,
1221 638 1345 709 πότε
1380 637 1468 691 τὸν
1502 638 1663 693 Δαυτδ
1694 628 1872 711 ἢτοῦς
1902 648 1943 701 Α
1976 655 2035 692 cu

1795 628 1872 702 ὡς
1902 648 1943 701 Α
1976 655 2096 693 cum
2124 641 2337 710 psalmi,
2372 659 2389 691 ι
2432 639 2646 693 Davidis
2683 658 2699 684 ι
2728 638 3045 707 inscriptum
3071 648 3187 705 est;
3217 625 3533 708 Iopportune

306 727 403 781 σὺν
460 728 607 799 αὑτῷ
651 729 796 807 λόγοι
839 730 1053 800 ἀνόμων
1107 729 1628 799 ὑπερεδυνάμωσαν·
1666 731 1868 800 ἥκατά

302 817 395 871 τὸν
443 817 752 889 Σύμμαχον,
793 836 811 869 ι
844 818 1366 873 κατεδυνάστευσαν·
1402 838 1418 867 ι
1464 820 1620 885 ποίας
1657 819 1713 872 δὲ
1774 823 1867 875 καὶ

298 908 556 974 ἀσεϐείας
586 912 851 982 ἐκτήσατο
868 913 896 963 ό
920 910 1166 973 τοσοῦτος
1198 910 1290 962 τοῦ
1320 910 1453 963 Θεοῦ
1474 912 1755 982 προφήτης
1774 914 1889 979 καὶ.¹

305 1004 353 1055 οί
385 1003 480 1056 σὺν
496 1002 662 1073 αὐτῷ,
687 1004 933 1075 ἐπείπερ,
955 1022 973 1053 ί
994 1002 1092 1066 τὰς
1118 1002 1366 1065 ἀσεϐείας
1385 1003 1539 1074 ήμῶν
1568 1006 1631 1057 σὺ
1653 1004 1829 1075 ἱλάσῃ,
1844 1025 1861 1056 ι

306 1094 486 1164 φησιν.
519 1092 678 1169 Ἀλλά
724 1094 852 1165 γὰρ,
902 1093 977 1156 ώς
1039 1092 1474 1163 ἀποδεδώκαμεν,
1521 1096 1867 1165 προφητικῶς

305 1183 364 1236 τὸ
393 1182 615 1255 Πνεῦμα
646 1184 705 1237 τὸ
733 1185 906 1253 ἅγιον,
941 1183 1041 1253 τῆς
1067 1182 1177 1237 τῶν
1208 1184 1375 1239 ἐθνῶν
1398 1185 1636 1257 κλήσεως
1664 1204 1869 1257 μνημο-

304 1274 520 1339 νεῦσαν,
581 1277 673 1329 καὶ
722 1276 919 1346 φῆσαν·
962 1296 980 1328 ι
1017 1278 1159 1349 Πρὸς
1195 1277 1253 1331 σέ
1296 1281 1444 1332 πᾶσα
1486 1278 1621 1349 σάρξ
1649 1278 1799 1348 ἦξει,
1845 1300 1864 1331 ι

305 1367 614 1432 ἀκολούθως
660 1369 759 1439 τὴν
809 1367 1191 1439 ἐξομολόγησιν
1232 1369 1411 1424 αὐτῶν
1454 1369 1760 1441 διαγράφει,
1812 1370 1872 1435 ἐξ

300 1458 483 1512 αὐτῶν
529 1456 817 1528 προσώπου
886 1458 1119 1526 φάσκοψ
1174 1476 1192 1509 ι
1241 1458 1401 1526 Λόγοι
1446 1458 1658 1527 ἀνόμων
1704 1461 1870 1530 ὑπερ-

296 1548 655 1619 εδυνάμωσαν
683 1547 846 1618 ἡμᾶς,
886 1567 904 1600 ι
936 1548 1181 1601 τουτέστι
1222 1550 1501 1621 κρείττους
1530 1549 1685 1619 ήμῶν
1716 1551 1872 1618 γεγό-

304 1656 427 1692 νασι
460 1639 553 1691 atat
583 1636 935 1709 δυνατώτεροι
978 1639 1133 1711 ήμῶν
1180 1641 1229 1691 οἱ
1280 1639 1387 1692 τῶν
1432 1640 1646 1709 ἀνόμων
1699 1639 1867 1708 λόγοι.

311 1725 621 1797 Ἀνομοιεδὲ
650 1727 847 1789 πάντες
870 1722 1008 1796 ἦσαν
1046 1727 1095 1779 οἱ
1122 1727 1325 1796 πρῶτοι
1356 1728 1752 1799 συστησάμενοι
1774 1731 1872 1800 τὴν

300 1819 412 1873 τῶν
438 1818 666 1872 εἰδώλων
700 1817 973 1871 θεοποιίαν
994 1835 1007 1848 ·
1048 1819 1195 1887 λόγοι
1223 1836 1283 1872 τε
1323 1820 1501 1873 αὐτῶν
1528 1823 1575 1873 oi
1603 1820 1690 1874 διὰ
1713 1825 1871 1892 ποιη-

302 1907 411 1961 τῶν
428 1908 520 1962 καὶ
551 1908 659 1962 τῶν
692 1909 868 1976 σοφῶν
891 1907 983 1961 τοῦ
1014 1908 1209 1973 αἰῶνος
1226 1910 1413 1964 τούτου
1440 1910 1566 1982 περὶ
1590 1912 1687 1983 τῆς
1712 1911 1871 1964 πολυ-

1972 740 2244 800 quaeratur
2270 731 2612 801 quandonam
2636 732 2687 785 in
2717 730 2968 785 Davidem
2990 740 3080 783 aut
3108 746 3235 785 suos
3256 732 3537 785 verhaini-

1974 840 2202 893 quorum
2222 826 2649 893 praavaluerunt;
2676 826 2789 880 sive
2808 823 3102 879 secundum
3128 822 3531 894 Symmachum,

1981 932 1997 963 ι
2029 907 2287 967 dominati
2319 920 2447 967 sunt
2479 928 2492 962 :
2541 933 2558 964 ι
2594 914 2751 982 queis
2811 928 2940 967 vero
2990 913 3364 984 itnpietatilius
3409 930 3533 967 cutn

1976 1012 2158 1058 tantus
2210 1004 2300 1058 ille
2353 1002 2447 1057 Dei
2500 1005 2785 1073 propheta,
2848 1012 2962 1057 tum
3001 1005 3137 1059 socii
3162 1006 3280 1075 ejus
3323 1006 3531 1060 addicti

1975 1093 2195 1167 fuerint,
2224 1093 2489 1164 siquidem
2517 1093 2614 1158 ait,
2646 1112 2663 1144 ι
2703 1095 3068 1164 impietatibus
3100 1099 3298 1151 nostris
3328 1105 3384 1151 tu
3405 1112 3532 1167 pro-

1982 1177 2280 1253 pitiaberis.
2326 1203 2344 1235 ι
2379 1182 2599 1245 Verum,
2631 1183 2708 1237 uti
2736 1184 2848 1251 jam
2879 1184 3219 1247 tradidimus,
3251 1202 3372 1240 cum
3408 1184 3532 1255 Spi-

1975 1277 2116 1330 ritus
2147 1284 2372 1330 sauctus
2401 1275 2640 1345 gentium
2671 1276 3015 1331 vocationem
3040 1278 3351 1348 prophetice
3379 1293 3533 1332 com-

1976 1375 2235 1421 memoret
2265 1381 2327 1420 ac
2370 1365 2555 1419 dicat:
2593 1383 2611 1417 ι
2646 1364 2725 1420 Ad
2754 1373 2809 1420 te
2865 1366 3044 1421 omnis
3086 1382 3216 1421 caro
3275 1368 3475 1430 veniet,
3510 1386 3529 1419 ι

1975 1469 2162 1510 earum
2192 1453 2590 1509 confessionem
2633 1464 3029 1522 consequenter
3049 1453 3333 1517 describit,
3369 1469 3433 1507 ac
3469 1470 3535 1509 ex

1976 1558 2161 1599 earum
2179 1558 2411 1612 persona
2429 1543 2559 1596 dicit
2586 1558 2599 1595 :
2631 1562 2649 1594 ι
2696 1541 2870 1598 Verba
2888 1543 3196 1613 iniquorum
3235 1545 3533 1612 praevalea-

1978 1642 2104 1688 runt
2150 1648 2467 1703 supernos,
2510 1652 2529 1684 ι
2563 1634 2616 1688 id
2639 1642 2743 1697 est,
2802 1634 2967 1688 verba
3020 1634 3328 1704 iniquorum
3374 1650 3534 1704 supe-

1978 1725 2125 1779 riora
2158 1738 2220 1777 ac
2253 1723 2557 1793 potentiora
2622 1724 2826 1779 nostris
2872 1724 3111 1779 fuerunt.
3156 1725 3329 1793 Iniqui
3356 1732 3533 1778 autem

1981 1815 2149 1880 fuere,
2189 1815 2281 1883 qui
2318 1815 2474 1884 primi
2526 1814 2671 1867 idola
2738 1815 2879 1868 inter
2924 1814 3056 1869 deos
3106 1822 3530 1884 Computarunt:

1980 1908 2142 1963 verba
2166 1922 2333 1975 porro
2365 1922 2549 1960 eorum
2576 1914 2723 1970 sunt,
2761 1921 2881 1974 qua:
2907 1923 2933 1956 ιι
2968 1906 3140 1974 poetis
3173 1915 3227 1959 et
3270 1908 3529 1975 sapienti-

305 1998 427 2052 θέου
448 1999 668 2069 ,πλάνης
702 2002 759 2052 ἐν
789 1999 1184 2071 συγγράμμασι
1205 2001 1686 2071 καταϐεϐλημένοι.
1736 2003 1872 2055 Ἀλλ’
1904 2003 1947 2057 Β
1976 2000 2043 2053 bu

1795 2003 1872 2055 λλ’
1904 2003 1947 2057 B
1976 2000 2083 2053 bus
2106 1997 2268 2066 hujus
2328 1998 2511 2052 szeculi
2566 1999 2632 2051 de
2678 1997 2968 2050 multorum
3020 1996 3301 2059 numinum
3349 2012 3533 2052 errore

300 2083 446 2144 οὗτοι
508 2090 606 2159 μὲν
659 2110 676 2141 ι
741 2089 1238 2144 κατεδυνάστευσαν
1291 2091 1480 2162 ήμῶν,
1535 2113 1553 2143 ι
1591 2092 1728 2146 κατά
1781 2094 1872 2149 τὸν

306 2178 628 2251 Σύμμαχονο
684 2181 748 2233 σὺ
811 2181 858 2234 δ’
907 2182 1005 2251 οὐχ
1053 2182 1336 2252 ὑπερεῖδες
1391 2184 1559 2252 ἡμᾶς,
1591 2184 1867 2237 Δέσποταο

297 2269 473 2323 ιλάσω
502 2270 557 2323 δὲ
592 2269 688 2333 τὰς
730 2270 984 2334 ἀσεϐείας
1028 2270 1204 2341 ἡμῶν,
1242 2272 1601 2344 καταπέμψας
1630 2276 1759 2344 ἡμῖν
1784 2275 1872 2327 τὸν

306 2360 551 2430 ίλασμὸν,
584 2360 650 2414 δι’
679 2354 740 2414 οὗ
770 2362 1035 2425 κατέστης
1067 2364 1215 2433 ήμῖνπ
1240 2342 1417 2427 ἵλεως,
1719 2366 1872 2436 ήμῶν

303 2452 401 2515 τὰς
436 2451 710 2515 ἀσεϐείας.
732 2451 827 2514 Τίς
846 2450 903 2503 δέ
926 2453 1073 2504 ἐστιν
1099 2453 1127 2504 ό
1159 2450 1405 2522 ίλασμδς,
1434 2453 1669 2507 διδάσκει
1702 2454 1872 2523 λέγων

294 2544 333 2596 ιό
362 2541 677 2604 Ἀπόστολος
707 2542 830 2612 περὶ
851 2540 942 2594 τοῦ
959 2542 1206 2613 Σωτῆρος
1227 2561 1238 2573 ·
1266 2562 1284 2592 ι
1303 2546 1395 2597 "Ov
1424 2546 1677 2616 προέθετο
1696 2548 1722 2600 ὁ
1743 2547 1872 2610 Θεὸς

304 2633 615 2705 ίλαστήριον
670 2633 759 2686 διὰ
814 2633 1048 2697 πίστεως
1079 2636 1139 2687 ἐν
1170 2634 1247 2703 τῷ
1275 2634 1435 2689 αὑτοῦ
1482 2637 1669 2706 αἵματι
1689 2655 1702 2667 ·
1738 2657 1756 2690 ι
1781 2639 1874 2692 καὶ

304 2723 496 2778 πάλιν·
540 2741 558 2773 ι
599 2722 766 2785 Αὐτὸς
814 2723 1033 2792 ἱλασμός
1082 2726 1228 2777 ἐστιν
1260 2726 1397 2795 ὑπὲρ
1445 2726 1550 2779 τῶν
1590 2729 1872 2799 ἁμαρτιῶν

297 2812 461 2885 ἡμῶν
484 2829 498 2842 '
528 2813 625 2882 οὐχ
663 2813 799 2882 ὑπὲρ
829 2812 936 2865 τῶν
985 2813 1263 2885 ἡμετέρων
1297 2815 1353 2866 δέ
1374 2816 1564 2883 μόνον,
1613 2817 1747 2871 ἀλλά
1783 2821 1873 2872 καὶ

303 2904 446 2973 ὺπέρ
472 2903 591 2957 ὅλου
627 2902 719 2956 τοῦ
748 2903 970 2973 κόσμου.
1007 2922 1027 2954 ι
1168 2910 1171 2913 ‘

385 3118 403 3151 ι
450 3100 732 3170 Μακάριος
758 3099 824 3162 ,ὃν
852 3098 1076 3163 ἐξελέξω
1111 3100 1202 3153 καὶ
1233 3101 1587 3171 προσελάϐου,
1620 3106 1874 3175 κατοική-

306 3208 390 3244 σει
430 3193 487 3243 ἐν
521 3194 638 3253 ταῖς
671 3190 865 3255 ἀὐλαῖς
905 3208 1017 3243 σου.
1042 3210 1065 3241 ι
1114 3192 1176 3244 Οί
1203 3190 1262 3256 ἐξ
1288 3192 1542 3246 ἁπάντων
1570 3194 1675 3247 τῶν
1707 3196 1874 3251 ἐθνῶν

1976 2091 2194 2158 scriptis
2216 2090 2530 2158 consignata
2560 2098 2706 2142 sunt.
2741 2087 2846 2142 Sed
2882 2088 2917 2141 ii
2966 2085 3178 2156 quidem
3224 2104 3241 2136 ι
3272 2086 3531 2143 dominati

1976 2188 2110 2236 sunt.-
2131 2180 2309 2242 nobis,
2357 2198 2375 2229 ι
2406 2179 2701 2233 secundum
2739 2178 3155 2249 Symmachum;
3196 2187 3250 2231 tu
3279 2194 3406 2234 vero
3428 2195 3533 2234 non

1974 2271 2267 2342 despexisti
2297 2285 2417 2333 nos.
2454 2268 2703 2331 Domine,
2738 2270 2831 2323 sed
2865 2273 3189 2339 propitiatus
3243 2272 3535 2340 impietati-

1976 2363 2076 2417 bus
2106 2362 2333 2423 nostris,
2367 2360 3033 2430 misisti-propitiationem
3072 2362 3250 2426 nobis,
3282 2377 3387 2432 qua
3434 2363 3535 2416 im-

1974 2454 2205 2523 pietates
2258 2463 2681 2522 praetergressus
2734 2460 2969 2514 nostras,
3023 2452 3267 2522 placatus
3293 2454 3532 2509 evasisti.

1975 2545 2106 2609 Quae
2122 2558 2285 2613 porro
2313 2544 2385 2598 sit
2418 2545 2511 2598 illa
2564 2543 2895 2614 propitiatio,
2955 2542 3112 2597 docet
3150 2544 3440 2612 Apostolus
3470 2545 3537 2599 de

1978 2636 2269 2691 Servatore
2325 2638 2546 2692 dicens:
2588 2656 2605 2687 ι
2645 2635 2814 2702 Quem
2855 2636 3137 2705 proposuit
3183 2635 3325 2689 Deus
3358 2635 3537 2703 propi-

1976 2731 2256 2786 tiationem
2286 2746 2383 2800 per
2410 2730 2568 2784 (idem
2598 2729 2651 2781 in
2676 2729 2938 2797 sanguine
2961 2726 3131 2795 ipsius
3160 2725 3232 2791 ¹⁹;
3276 2744 3293 2776 ι
3328 2740 3388 2778 ac
3414 2742 3535 2781 rur-

1976 2838 2095 2877 sum
2125 2842 2137 2876 :
2178 2842 2195 2872 ι
2230 2822 2345 2892 Ipse
2382 2819 2691 2890 propitiatio
2734 2826 2816 2874 est
2850 2833 2946 2887 pro
3002 2816 3238 2885 peccatis
3285 2817 3486 2871 nostris
3522 2834 3532 2866 :

1978 2930 2084 2969 non
2134 2929 2232 2984 pro
2293 2913 2495 2968 nostris
2544 2920 2720 2967 autem
2774 2918 3006 2974 tantum,
3075 2911 3166 2965 sed
3218 2924 3315 2979 pro
3371 2910 3536 2965 totius

1979 3005 2169 3060 mundi
2200 3006 2259 3057 ¹⁹.
2297 3024 2315 3057 ι

2049 3117 2214 3173 Vens.
2242 3118 2368 3173 '5-9.
2424 3138 2440 3171 ι
2470 3116 2670 3174 Beatus
2704 3133 2864 3188 quem
2906 3117 3113 3189 elegisti
3160 3126 3211 3172 et
3241 3130 3540 3185 assumpsr-

1978 3210 2069 3273 sti,
2121 3212 2445 3265 inhabitabit
2491 3212 2544 3264 in
2596 3211 2749 3265 atriis
2793 3212 2921 3265 tuis.
2965 3230 2983 3262 ι
3038 3209 3142 3275 Qui
3177 3226 3243 3264 ex
3286 3208 3539 3262 omnibus

304 3282 764 3354 ἐπιστρέψαντες,
807 3282 905 3346 τάς
937 3282 1142 3334 ἑαυτῶν
1188 3283 1438 3348 ἀσεϐείας
1482 3286 1874 3358 ἐξομολογησά-
1902 3326 1942 3379 c
1978 3318 2042 3373 se

1803 3288 1874 3340 ῖά-
1902 3326 1942 3379 c
1978 3304 2235 3373 gentibus
2259 3303 2507 3358 conversi
2532 3313 2681 3364 sunt,
2708 3301 3016 3370 impietates
3036 3300 3273 3355 confessi
3305 3315 3455 3360 suas,
3481 3307 3541 3352 ut

313 3392 483 3444 μενοι,
520 3376 613 3427 καὶ
639 3375 714 3437 ὡς
743 3373 1159 3444 κατηξιώθησαν
1183 3374 1275 3427 τοῦ
1316 3376 1562 3447 ἱλασμοῦ,
1600 3380 1876 3450 προκοπὴν
1909 3373 1942 3430 Ϊ
1981 3406 2051 3460 ρτη

1802 3380 1876 3450 ἠν
1909 3373 1942 3430 Ῠ
1981 3391 2371 3461 propitiatione
2403 3389 2632 3459 dignati,
2665 3386 2967 3457 profectum
3007 3387 3306 3454 animaeque
3336 3384 3540 3437 utilita-

307 3465 717 3529 ἐπιδείκνυνται,
765 3467 855 3519 καὶ
898 3464 1075 3535 ψυχῆς
1115 3465 1381 3533 ὠφέλειαν
1426 3469 1643 3539 πολλὴν,
1679 3470 1877 3537 γνῶσιν

303 3556 652 3627 ἀνειληφέναι
691 3558 1026 3619 διδάσκοντες
1063 3558 1156 3611 τοῦ
1186 3560 1398 3628 ἀληθῶς
1433 3562 1721 3632 μακαρίου.
1771 3564 1877 3617 Πά-

309 3647 398 3700 λαι
444 3650 539 3717 μὲν
578 3650 684 3719 γὰρ
721 3648 812 3700 τὸν
853 3649 1043 3720 θνητὸν
1095 3650 1206 3719 βίον
1262 3652 1353 3704 καὶ
1399 3652 1496 3722 τὴν
1550 3653 1878 3727 πρόσκαιρον

312 3736 456 3809 ζωὴν
504 3740 667 3808 μόνην
695 3739 909 3802 εἰδότες,
963 3740 1180 3805 πάντως
1230 3759 1330 3794 που
1380 3743 1718 3815 ἐμακάριζον
1756 3747 1880 3810 τοὺς

310 3828 512 3899 ταύτης
562 3822 947 3894 ἀπολαῦοντας,
991 3832 1141 3895 τέλος
1185 3833 1377 3904 ἡδονὴν
1418 3834 1744 3907 ὁριζόμενοι,
1788 3839 1880 3891 καὶ

311 3918 603 3985 πλούτους,
657 3922 750 3973 καὶ
793 3922 891 3991 τὴν
929 3922 987 3974 ἐν
1039 3922 1249 3993 σώματι
1291 3926 1530 3996 τρυφήνο
1582 3926 1676 3978 νῦν
1714 3927 1758 3979 δ’
1792 3926 1878 3979 ὅτε

310 4010 641 4079 τετυχήκασι
680 4010 771 4062 τοῦ
820 4010 1069 4081 ἱλασμοῦ,
1116 4013 1210 4065 καὶ
1253 4012 1351 4075 τὰς
1384 4013 1591 4067 ἑαυτῶν
1628 4013 1880 4078 ἀσεϐείας

313 4099 758 4172 ἀπεκαθήραντο,
806 4101 1005 4169 γνῶσιν
1049 4102 1369 4173 ἀνειλήφασι
1409 4102 1502 4155 τοῦ
1532 4103 1745 4173 ἀληθῶς
1782 4122 1882 4174 μα-

314 4190 500 4262 καρίου
521 4208 534 4220 ·
578 4193 671 4244 καὶ
696 4191 880 4245 τοῦτον
905 4189 1044 4245 εἷναί
1083 4209 1214 4262 φασι
1244 4192 1335 4245 τὸν
1365 4193 1470 4245 ὑπὸ
1503 4193 1636 4246 Θεοῦ
1664 4194 1881 4262 ἐκλεγό-

316 4297 473 4351 μενον
502 4282 595 4333 καὶ
615 4280 711 4350 τῆς
744 4281 835 4332 ὑπ’
868 4280 1029 4334 αὑτοῦ
1060 4282 1414 4353 προσλήψεως
1445 4283 1876 4354 κατηξιωμένον’

312 4368 393 4421 διό
430 4385 591 4437 φασιν
642 4371 847 4434 Πάντες
888 4373 1048 4441 ἡμεῖς
1079 4366 1187 4443 τῆς
1220 4372 1461 4444 κλήσεως
1503 4375 1880 4445 κατηξιώμεθα

314 4463 364 4517 oi
409 4463 573 4516 πάλαι
621 4463 772 4527 ὄντες
828 4465 991 4535 σάρξ·
1041 4465 1156 4521 ἀλλ’
1212 4468 1387 4538 ῐσμεν,
1438 4469 1520 4521 ὅτι
1562 4469 1743 4522 πολλοὶ
1785 4472 1883 4541 μὲν

314 4546 503 4625 κλητοὶ
529 4593 544 4617 ,
590 4554 759 4624 ὀλίγοι
808 4557 886 4610 δὲ’
914 4558 1174 4611 ἐκλεκτοί.
1248 4560 1485 4623 Εἰκότως
1545 4559 1636 4614 οὖν
1689 4563 1764 4626 ώς
1816 4561 1880 4615 ἂν

1978 3490 2084 3536 tem
2131 3482 2384 3543 multam,
2426 3479 2575 3535 illius
2605 3480 2697 3548 qui
2725 3493 2849 3532 vere
2890 3476 3084 3532 beatus
3121 3484 3202 3529 est
3235 3475 3423 3528 notitia
3456 3473 3539 3527 in-

1978 3571 2198 3632 structi,
2254 3570 2535 3624 exhibent.
2601 3566 2743 3623 Olim
2790 3582 3023 3636 namque
3078 3581 3200 3620 cum
3256 3566 3539 3620 mortalem

1980 3671 2193 3717 tantum
2248 3675 2301 3717 et
2355 3660 2978 3729 tcmporaneam‘vitam
3039 3668 3284 3720 nossent,
3333 3656 3426 3724 qui
3479 3670 3542 3709 ea

1983 3753 2297 3809 fruerentur
2347 3752 2536 3805 beatos
2569 3748 2805 3803 ‘omnino
2859 3747 3247 3817 praedicabant,
3302 3744 3544 3812 volupta-

1983 3854 2110 3907 tem,
2143 3844 2386 3907 divitias,
2422 3841 2669 3910 corporis
2699 3839 3043 3906 deliciaspro
3074 3836 3177 3889 line
3205 3833 3545 3888 constituen-

1982 3944 2084 3991 tes.
2132 3935 2290 3989 Nunc
2322 3950 2450 3988 vero
2480 3931 2919 4001 propitiationem
2961 3927 3127 3987 nacti,
3176 3924 3545 3995 depositisque

1982 4026 2280 4095 impietatis
2314 4023 2595 4087 sordibus,
2646 4020 2796 4073 illius
2833 4018 2925 4089 qui
2958 4034 3084 4073 vere
3115 4018 3305 4071 beatus
3342 4023 3427 4070 est
3458 4030 3547 4068 co-
3580 4012 3581 4015 “

1980 4118 2278 4187 guitionem
2311 4114 2493 4183 adepti
2526 4120 2687 4175 sunt,
2712 4111 2967 4179 buncque
2991 4125 3113 4165 esse
3140 4108 3353 4169 dicunt,
3383 4120 3541 4175 quem
3647 4106 3658 4115 '

1984 4208 2126 4262 Deus
2146 4220 2427 4261 assumere
2447 4212 2501 4259 et
2525 4204 2725 4274 eligere
2750 4202 3005 4272 dignatus
3029 4208 3111 4254 est
3133 4218 3144 4252 :
3166 4213 3334 4267 quare
3358 4198 3539 4250 aiunt:

1983 4299 2092 4353 Nos
2126 4312 2316 4351 omnes
2346 4296 2629 4349 vocatione
2655 4294 2805 4363 digni
2840 4292 3013 4345 habiti
3047 4304 3259 4353 sumus,
3294 4288 3383 4357 qui
3414 4286 3542 4340 olim

1982 4404 2111 4443 caro
2145 4402 2361 4442 eramus
2394 4404 2407 4439 :
2435 4385 2530 4441 sed
2575 4384 2780 4439 scimus
2828 4382 3027 4435 multos
3054 4388 3298 4442 vocatos,
3342 4392 3545 4447 paucos

1982 4480 2189 4534 electos
2216 4492 2339 4531 esse
2365 4496 2376 4529 :
2401 4475 2525 4544 jure
2557 4475 2719 4543 igitur
2738 4474 2990 4531 electum,
3023 4478 3207 4538 utpote
3239 4470 3331 4538 qui
3361 4484 3545 4537 perra-

1985 4583 2079 4621 rus
2116 4568 2206 4630 sit,
2238 4566 2454 4621 beatum
2485 4562 2867 4631 prmdidamus.
2900 4559 3033 4624 Quis
3067 4560 3155 4611 ille
3178 4566 3281 4620 est,
3312 4558 3419 4612 nisi
3451 4559 3541 4626 qui

315 4645 540 4699 σπάνιον
586 4648 957 4720 μακαρίζομεν
1004 4648 1107 4702 τὸν
1142 4649 1415 4703 ἐκλεκτόνι
1479 4652 1573 4714 Τίς
1626 4653 1683 4705 δέ
1740 4656 1883 4706 ἐστιν
1916 4666 1957 4717 ι)
1988 4674 2053 4713 ex

1805 4670 1883 4706 τιν
1916 4666 1957 4717 ι)
1988 4674 2055 4713 ex
2086 4657 2273 4710 multis
2307 4660 2623 4725 segregatus
2665 4662 2717 4705 et
2748 4667 2776 4703 a
2813 4649 2922 4704 Deo
2948 4658 3260 4718 assumptus
3291 4648 3412 4703 est?
3445 4647 3543 4701 Ec-

312 4730 466 4801 οὗτος
511 4737 687 4809 ἀλλ’ἢ
743 4741 773 4792 ὁ
824 4739 1137 4813 ἀφορισθεὶς
1187 4740 1296 4792 τῶν
1344 4740 1550 4799 πολλῶν
1596 4743 1691 4794 καὶ
1750 4745 1877 4798 ἀνα-

313 4824 537 4907 ληφθεὶς
578 4830 683 4882 ὑπὸ
726 4820 821 4883 τοῦ
857 4831 1025 4896 Θεοῦ;
1076 4832 1184 4885 Καὶ
1235 4831 1353 4894 πῶς
1379 4828 1486 4902 γὰρ
1530 4832 1591 4882 οὐ
1619 4833 1883 4904 μακάριος

314 4917 527 4990 ἀληθῶς
591 4922 621 4973 ό
649 4920 908 4987 τοιοῦτος,
958 4923 1139 4988 ὁπότε,
1179 4923 1288 4976 τῶν
1320 4923 1413 4976 δύο
1448 4922 1880 4992 τούτωναεωχὼν,

313 5007 457 5076 λέγω
485 5009 546 5062 δέ
566 5010 666 5080 τῆς
694 5011 922 5082 ἐκλογῆς
958 5014 1055 5066 καὶ
1082 5013 1183 5083 τῆς
1206 5012 1303 5067 τοῦ
1330 5013 1464 5067 Θεοῦ
1505 5012 1878 5091 προσλήψεως,

317 5097 501 5168 ἐτέρου
547 5101 851 5169 κρείττονος
883 5103 1383 5183 καταξιωθήσεςεαι;
1434 5106 1746 5175 κατοικήσει
1777 5107 1884 5179 γὰρ

316 5190 375 5241 ἐν
414 5190 537 5251 ταῖς
581 5189 769 5253 αὐλαῖς
816 5192 912 5245 τοῦ
937 5193 1097 5247 Θεοῦω
1152 5195 1261 5248 Καὶ
1309 5195 1511 5266 ταύτην
1554 5195 1738 5248 λοιπὸν
1786 5194 1884 5268 τὴν

320 5278 486 5351 μονὴν
544 5279 718 5350 εὑρὼν
768 5283 863 5336 καὶ
918 5285 1016 5354 τὴν
1077 5287 1390 5342 ἀνάπαυλαν
1409 5327 1424 5352 ,
1477 5287 1708 5341 ἐνταῦθα
1756 5307 1884 5360 στη-

320 5368 675 5442 ριχθήσεταινσ
734 5371 793 5424 τὸ
817 5372 986 5437 τέλος
1028 5376 1228 5441 ἀγαθὸν
1278 5379 1433 5432 τοῦτο
1479 5378 1783 5443 ἀπολαύων,
1823 5373 1883 5433 οὗ

314 5465 497 5533 τυχεῖν
524 5462 619 5516 καὶ
647 5461 802 5524 ἀλλος
828 5462 1027 5534 ηὔχετο
1070 5469 1354 5539 προφήτης
1392 5472 1427 5522 ό
1454 5469 1622 5523 εἰπών
1643 5487 1654 5498 ·
1694 5490 1711 5521 ι
1737 5473 1884 5524 Ἐπι-

316 5553 483 5627 ποθείη
518 5552 610 5607 καὶ
653 5551 891 5606 ἐκλείπει
928 5556 961 5623 ή
995 5554 1139 5627 ψυχή
1188 5575 1289 5627 μου
1330 5561 1410 5622 είς
1448 5560 1547 5623 τὰς
1586 5560 1750 5624 αὐλὰς
1788 5561 1880 5615 τοῦ

316 5645 551 5719 Κυρίου.⁸
573 5666 591 5698 ι
625 5646 791 5699 Αὐλαὶ
818 5646 875 5699 δὲ
900 5646 994 5701 τοῦ
1027 5649 1230 5719 Κυρίου
1260 5651 1395 5703 είσὶν
1424 5655 1485 5712 ,αί
1513 5644 1633 5705 κατ’
1657 5654 1882 5724 οὐρανὸν

320 5738 499 5807 μοναὶ,
524 5740 648 5809 περὶ
673 5732 747 5792 ὧν
769 5739 978 5810 εἴρηται
999 5742 1057 5794 ἐν
1076 5738 1407 5813 Εὐαγγελίῳ·
1447 5761 1465 5793 ι
1494 5742 1693 5796 Πολλαὶ
1726 5745 1882 5813 μοναὶ

1984 4748 2076 4817 qui
2110 4762 2216 4801 non
2242 4760 2369 4799 vere
2402 4744 2595 4797 beatus
2635 4742 2703 4794 sit
2732 4740 2824 4809 qui
2858 4739 3170 4808 huiusmodi
3199 4747 3304 4799 est,
3329 4737 3546 4806 quando

1982 4838 2091 4891 duo
2130 4836 2242 4898 hare
2285 4849 2313 4886 a
2349 4831 2457 4905 Deo
2501 4837 2852 4895 consecutus,
2883 4830 3201 4883 electionem
3253 4824 3459 4880 scilicet
3493 4832 3546 4877 et

1985 4926 2432 4994 assumptionem,
2468 4924 2585 4977 alio
2620 4912 2993 4992 praestantiore
3026 4917 3373 4988 dignabitur?
3422 4930 3545 4969 nam

1984 5018 2311 5071 iubabitabit
2344 5016 2397 5068 in
2430 5015 2585 5069 atriis
2616 5013 2731 5069 Dei.
2779 5012 2843 5064 Et
2872 5011 2973 5063 hac
3003 5010 3221 5065 inventa
3268 5009 3549 5064 mansione

1982 5119 2036 5166 et
2067 5111 2269 5179 quiete,
2293 5109 2418 5161 istic
2446 5104 2878 5165 continuabitur,
2909 5103 3122 5171 lineque
3152 5102 3293 5154 bono
3316 5098 3547 5159 fruetur,

1988 5217 2146 5272 quem
2218 5201 2463 5253 nancisci
2529 5197 2756 5267 rogabat
2812 5197 2953 5250 alius
2998 5194 3259 5263 propheta
3314 5191 3544 5243 dicens:

1990 5311 2007 5343 ι
2043 5292 2393 5360 Concupiscit
2426 5288 2711 5351 et'deﬁcit
2754 5286 2934 5339 anima
2986 5299 3104 5339 mea
3154 5284 3209 5336 in
3263 5281 3401 5335 atria
3446 5279 3551 5333 Du-

1986 5380 2120 5436 miui
2151 5381 2219 5434 ὀ.
2256 5399 2273 5432 ι
2312 5380 2461 5433 Atria
2507 5393 2638 5433 vero
2685 5376 2897 5431 Domini
2940 5382 3066 5431 sunt
3097 5374 3347 5428 cmlestes
3397 5387 3551 5425 man-

1991 5475 2195 5533 siones,
2252 5473 2319 5526 de
2368 5472 2566 5544 quibus
2618 5471 2817 5524 dicitur
2848 5470 2904 5523 in
2954 5465 3247 5535 Evangelio
3279 5484 3290 5517 :
3328 5482 3345 5513 ι
3396 5460 3547 5531 Apud

1990 5562 2205 5616 Patrem
2244 5564 2556 5617 mansiones
2604 5562 2789 5614 multae
2811 5560 2880 5614 ".
2914 5577 2932 5610 ι
2970 5556 3019 5612 ls
3052 5557 3231 5625 itaque
3274 5569 3341 5607 ex
3378 5550 3551 5620 genti-

1988 5654 2110 5715 bus,
2139 5652 2233 5722 qui
2281 5654 2580 5707 olim'caro
2620 5660 2757 5711 erat.
2813 5650 2907 5703 sed
2948 5650 3057 5715 jam
3098 5653 3357 5705 mutatus,
3388 5642 3553 5695 homo

1992 5742 2085 5796 Dei
2122 5742 2348 5797 effectus
2373 5749 2477 5803 est,
2502 5757 2623 5795 eum
2648 5740 2739 5808 qui
2770 5746 3087 5807 segregatus
3122 5744 3173 5790 et
3206 5736 3313 5799 jam
3344 5730 3558 5787 electus

394 5912 435 5989 ξ’
464 5907 623 5967 Rom.
655 5927 737 5980 ιιι,
775 5910 865 5967 25.
974 5872 1016 5947 ’ί
1044 5912 1063 5967 1
1095 5912 1251 5971 Joan.
1285 5930 1346 5983 ιι,
1370 5914 1425 5970 2.
1501 5920 1545 5948 ³ο
1573 5917 1695 5973 Psal
1758 5932 1989 5983 Lxmu,
2027 5917 2081 5974 3'.

974 5916 1016 5947 "
1044 5912 1063 5967 l
1095 5912 1251 5971 Joan.
1285 5930 1346 5983 ιι,
1370 5914 1425 5970 2.
1501 5920 1545 5948 ’θ
1573 5917 1695 5973 Psal
1758 5932 1989 5983 Lxmu,
2027 5917 2081 5974 3'.
2161 5920 2211 5951 ’ν
2231 5916 2387 5973 Juan.
2424 5931 2534 5977 xw,
2563 5914 2619 5971 2.
