4402 6408
849 539 997 624 ιιῖςι⁸

1510 535 1770 590 EUSEBII
1803 535 2270 592 CESARIENSIS
2301 535 2450 592 ()PP.
2486 535 2663 592 PARS
2703 535 2789 589 Ill.
2827 565 2898 576 -—
2934 533 3334 589 EXEGETICA.

3929 506 4044 616 ssi

850 657 934 704 est
968 651 1176 703 beatum
1208 649 1494 716 praedicat;
1530 657 1714 719 utpote
1743 652 1832 719 qui
1881 665 1910 703 a
1952 649 2059 704 Deo
2083 659 2391 719 assumptus
2421 664 2465 718 Α
2496 667 2588 722 παι

2294 659 2391 706 itus
2421 664 2465 718 Α
2496 651 2641 722 παρὰ
2675 650 2749 719 τῷ
2770 651 2960 720 Πατρί.
2994 671 3011 700 ι
3065 652 3122 704 '0
3154 652 3326 703 τοίνυν
3358 649 3415 714 ἐξ
3441 650 3606 704 ἰθνῶν
3630 651 3790 705 πάλαι
3823 653 3919 722 μὲν
3957 654 4032 706 ὢν

849 751 904 796 et
953 741 1007 795 in
1059 741 1190 794 atria
1239 740 1478 794 caelestis
1524 739 1820 795 Jerusalem
1870 741 2163 800 translatus
2210 741 2388 798 fuerit.

857 848 875 882 ι
906 829 1244 899 Replebimur
1289 834 1344 889 in
1393 831 1550 886 bonis
1604 830 1797 886 domus
1842 839 1982 886 tua:
2015 840 2260 886 sanctum
2311 840 2392 886 est

853 921 1104 989 templum
1161 929 1336 986 tuum,
1387 921 1633 975 mirabile
1678 922 1730 975 in
1758 922 1988 988 jus‘titia.
2026 941 2044 973 ι
2080 922 2178 986 Qui
2228 937 2392 991 supra

851 1009 1130 1064 memorati
1159 1023 1304 1075 sunt,
1341 1011 1483 1065 bona
1515 1011 1774 1076 caelestia,
1817 1013 1972 1081 queis
2001 1012 2289 1080 praedictus
2310 1013 2392 1066 vir

852 1102 1039 1156 beatus
1083 1103 1278 1172 dignus
1326 1104 1542 1158 habitus
1576 1111 1678 1167 est,
1733 1104 1992 1172 consequi
2026 1112 2389 1174 peroptantes,

849 1194 997 1246 aiunt
1025 1212 1037 1247 :
1070 1212 1087 1243 ι
1116 1193 1459 1260 Replebimur
1490 1194 1543 1246 in
1577 1194 1734 1248 bonis
1763 1192 1956 1248 domus
1992 1200 2111 1245 tuae.
2163 1213 2180 1243 ι
2219 1193 2391 1248 lee-

849 1291 985 1334 stem
1024 1282 1168 1336 enim
1199 1282 1343 1335 illam
1373 1281 1464 1336 Dei
1496 1282 1740 1344 domum,
1781 1281 1936 1348 cujus
1968 1281 2021 1337 in
2053 1282 2204 1335 atriis
2229 1282 2274 1334 is
2300 1282 2390 1348 qui

842 1371 954 1438 jam
1004 1373 1205 1427 electus
1248 1371 1347 1425 fuit
1407 1374 1733 1427 constitutus
1793 1380 1894 1434 est,
1952 1372 2117 1440 probe
2171 1383 2388 1428 norunt.

849 1462 1207 1528 Quamobrem
1239 1470 1549 1532 precantur,
1577 1477 1634 1516 se
1660 1476 1876 1531 quoque
1909 1469 2213 1530 opportuno
2253 1471 2389 1516 tem-

848 1568 978 1623 pore
1020 1553 1259 1608 cmlestia
1307 1555 1396 1606 illa
1436 1553 1576 1610 bona
1619 1553 1900 1622 consequi.
1929 1552 2081 1616 Quod
2122 1553 2168 1607 si
2200 1553 2394 1607 domus

851 1637 944 1696 Dei
975 1643 1213 1700 Ecclesia
1241 1644 1359 1710 ejus
1389 1643 1458 1697 sit
1490 1643 1787 1697 secundum
1811 1643 2150 1713 Apostolum,
2173 1645 2264 1712 qui
2287 1643 2388 1695 ait:

856 1753 874 1782 ι
907 1733 974 1788 Ut
1013 1736 1154 1788 scias
1190 1735 1459 1804 quomodo
1488 1745 1731 1802 oporteat
1771 1743 1821 1788 te
1859 1735 1912 1788 in
1940 1735 2101 1788 domo
2134 1733 2225 1787 Dei
2273 1749 2394 1787 con—

849 1826 1077 1887 versari,
1104 1841 1222 1893 quae
1254 1833 1336 1878 est
1371 1823 1610 1879 Ecclesia
1646 1824 1736 1878 Dei
1781 1825 1911 1888 vivi,
1947 1826 2199 1878 columna
2229 1832 2281 1878 et
2307 1823 2393 1875 ﬁr-

852 1920 1178 1966 mamentum
1224 1913 1471 1967 veritatis
1496 1915 1574 1978 ";
1609 1933 1627 1964 ›
1654 1913 1776 1982 jure
1818 1914 2003 1968 dicunt
2031 1934 2042 1966 :
2076 1913 2270 1968 Beatus
2304 1915 2393 1968 ille

2495 740 2648 810 σὰρξ,
2689 740 2998 809 μεταϐαλὼν
3029 741 3085 793 δὲ
3123 743 3213 793 καὶ
3251 741 3534 810 γενόμενος
3572 741 3702 794 Θεοῦ
3731 741 4030 812 ἄνθρωπος,

2496 830 2779 900 μακαρίζει
2823 831 2913 883 τὸν
2959 831 3230 900 ἐξαίρετον
3276 831 3368 882 καὶ
3412 831 3509 901 ἤδη
3549 831 3826 884 ἐκλεκτόν·
3864 835 3938 897 ὡς
3969 834 4034 887 ἂν

2494 921 2898 990 προσληφθέντα
2935 922 3038 974 ύπὺ
3079 923 3170 975 τοῦ
3203 921 3336 974 Θεοῦ
3374 923 3465 974 καὶ
3508 923 3921 993 παραληφθέντα
3956 928 4035 990 είς

2493 1011 2587 1072 τὰς
2634 997 2797 1074 αὐλὰς
2831 1013 2930 1082 τῆς
2969 1013 3283 1081 ἐπουρανίου
3325 1012 3689 1082 Ἰερουσαλήμ.
3730 1033 3747 1064 ι
3788 1015 4034 1085 Πλησθη-

2494 1100 2696 1168 σόμεθα
2730 1103 2785 1154 εν
2808 1105 2916 1163 τοῖς
2947 1101 3168 1168 ἀγαθοῖς
3203 1101 3298 1154 τοῦ
3328 1101 3475 1154 οῐκου
3505 1119 3596 1154 σου
3617 1121 3630 1133 ·
3680 1103 3830 1169 ἅγιος
3860 1107 3888 1158 ὀ
3914 1107 4035 1168 ναός

2496 1205 2586 1238 σου
2611 1229 2622 1249 ,
2674 1190 2977 1258 Θαυμαστὸς
3021 1191 3076 1241 ἐν
3113 1189 3438 1260 δικαιοσύνῃ.
3467 1208 3486 1240 ι
3531 1191 3592 1243 Οί
3636 1193 4033 1263 προλεχθέντες,

2492 1283 2670 1345 τυχεῖν
2703 1279 2979 1347 εὐχόμενοι
3013 1280 3103 1330 καὶ
3125 1279 3274 1331 αὐτοὶ
3313 1280 3418 1333 τῶν
3447 1282 3777 1352 ὲπουρανίων
3803 1283 4036 1350 ἀγαθῶν,

2493 1364 2569 1424 ὧν
2603 1369 2823 1437 ἠξίωται
2859 1371 2885 1422 6
2913 1369 3301 1439 προειρημένος
3332 1373 3613 1441 μακάριος,
3645 1374 3803 1441 φασίν
3823 1390 3836 1404 ·
3877 1375 4039 1444 «Πλη-

2494 1456 2799 1527 σθησόμεθα
2833 1458 2888 1509 ὲν
2915 1461 3026 1520 τοῖς
3058 1457 3278 1525 ἀγαθοῖς
3305 1459 3399 1511 τοῦ
3426 1461 3575 1513 οίκου
3611 1477 3723 1514 σου.
3762 1481 3780 1513 ι
3835 1464 4040 1530 Ἔγνω-

2495 1565 2591 1599 σαν
2623 1548 2730 1616 γὰρ
2776 1547 2866 1598 τὸν
2907 1543 3053 1599 οἷκον
3093 1545 3185 1598 τοῦ
3213 1547 3346 1600 Θεοῦ
3395 1548 3483 1601 τὸν
3521 1551 3852 1620 ιπουράνιον,
3885 1546 3945 1604 οὗ
3984 1553 4039 1603 ὲν

2493 1639 2608 1697 ταῖς
2643 1637 2830 1698 αὐλαῖς
2866 1638 2893 1691 6
2937 1636 3034 1706 ήδη
3067 1637 3319 1700 ἐκλεκτὸς
3358 1639 3764 1692 κατατέτακται.
3811 1641 3899 1694 Διὸ
3934 1643 4040 1694 ἱκε-

2493 1722 2705 1774 τεύουσι
2757 1722 2931 1792 καιρῷ
2965 1740 3093 1775 ποτε
3140 1724 3234 1778 καὶ
3264 1724 3414 1776 αὐτοὶ
3452 1729 3628 1794 τυχεῖν
3669 1728 3776 1781 τῶν
3814 1732 4041 1800 ἐπουρα-

2495 1813 2622 1863 νίων
2681 1811 2916 1877 ἀγαθῶν.
2971 1813 3037 1868 El
3084 1812 3139 1864 δὲ
3191 1814 3283 1866 καὶ⁵
3325 1809 3468 1876 οἶκος
3505 1813 3638 1867 Θεοῦ
3687 1819 3719 1884 ὴ
3757 1817 4042 1888 Ἐκκλησία

2494 1901 2655 1954 αὐτοῦ
2704 1905 2816 1954 ἐστι
2867 1902 3004 1955 κατὰ
3046 1903 3135 1955 τὸν
3189 1904 3501 1958 ’Δπόστολον
3546 1907 3823 1974 φήσανταο
3874 1929 3892 1960 t
3929 1911 4043 1964 Ἵνα

845 2005 956 2074 jam
1005 2014 1152 2085 tuam
1195 2015 1524 2062 consecutus
1573 2016 1656 2062 est
1683 2009 2048 2073 electionem;
2093 2024 2190 2062 nos
2243 2020 2388 2070 vero,
2422 1999 2461 2051 Β

2309 2024 2388 2070 Ιιο,
2422 1999 2461 2051 Β
2491 1992 2603 2062 τδῃς
2633 1993 2746 2054 πῶς
2783 1992 2860 2043 δεῖ
2888 1994 2942 2046 ὲν
2975 1993 3106 2061 οἴκῳ
3122 1992 3251 2045 Θεοῦ
3280 1996 3724 2066 ἀναστρέφεσθαι,
3758 2000 3876 2068 ἥτις
3900 2002 4041 2053 ἐστὶν

849 2097 939 2165 qui
972 2098 1207 2151 nondum
1235 2099 1369 2152 tales
1390 2112 1600 2158 sumus,
1633 2097 1726 2152 sed
1755 2097 1929 2151 adhuc
1959 2099 2129 2151 induti
2160 2097 2388 2168 [carne],

848 2187 1144 2256 gaudemus
1175 2188 1329 2259 fquod
1375 2189 1483 2255 jam
1520 2188 1608 2243 hic
1656 2189 1956 2252 constituti,
2007 2191 2163 2243 bonis
2201 2190 2394 2245 domus

849 2285 955 2332 tua:
983 2278 1246 2341 fruamur,
1293 2278 1491 2334 divinis
1518 2281 1725 2335 scilicet
1768 2280 2133 2343 sermonibus,
2178 2282 2392 2350 sapien-

851 2369 939 2423 tite
977 2369 1299 2438 disciplinis,
1345 2381 1398 2425 et
1433 2371 1610 2425 sancti
1659 2369 1894 2440 Spiritus
1947 2372 2389 2434 charismatibus,

849 2459 1007 2526 queis
1034 2459 1229 2517 domus
1259 2461 1352 2516 Dei
1381 2471 1674 2516 exornatur
1704 2484 1715 2516 :
1754 2481 1773 2513 ι
1807 2463 1910 2518 Alii
1935 2465 2076 2517 enim
2099 2480 2193 2533 per
2223 2461 2393 2534 Spiri-

851 2561 963 2604 tum
1007 2550 1164 2605 datur
1207 2567 1386 2606 sermo
1433 2552 1733 2621 sapientia,
1789 2554 1876 2606 alii
1924 2569 2104 2608 sermo
2137 2555 2390 2619 scientiae,

851 2645 943 2697 alii
971 2642 1102 2698 ﬁdes
1143 2644 1195 2698 in
1236 2643 1424 2697 eodem
1456 2641 1682 2712 Spiritu,
1725 2645 1816 2697 alii
1850 2645 1989 2698 dona
2026 2649 2390 2712 curationum,

851 2733 940 2788 alii
972 2749 1165 2801 genera
1189 2735 1494 2804 linguarum
1517 2734 1586 2799 ",
1623 2754 1642 2787 ι
1670 2743 1722 2790 et
1753 2735 1856 2788 alia
1878 2751 1994 2805 quae
2018 2738 2232 2794 divinus
2252 2741 2393 2806 Apo-

851 2823 1022 2877 stolus
1073 2826 1428 2879 enumeravit.
1487 2823 1600 2880 Hoc
1652 2841 1712 2881 se
1759 2827 1940 2896 itaque
1999 2841 2257 2898 apparatu
2311 2830 2394 2883 in-

851 2919 1067 2967 struunt
1096 2914 1188 2982 qui
1221 2915 1444 2967 meliora
1467 2917 1880 2984 concupiscunt.
1910 2913 2110 2971 Deinde
2140 2920 2264 2987 quia
2297 2918 2394 2973 dt»

851 3009 975 3058 mus’
1009 3002 1466 3058 Dei'mentionem
1511 3004 1777 3067 fecerunt,
1826 3017 2224 3076 consequenter
2273 3010 2398 3066 edo-

852 3102 976 3147 cent
1000 3109 1246 3162 qutenam
1269 3095 1362 3148 illa
1395 3096 1467 3148 sit
1495 3095 1736 3152 dicentes
1763 3115 1776 3153 :
1810 3115 1828 3149 t
1861 3096 2119 3153 Sanctum
2150 3108 2231 3155 est
2257 3109 2395 3154 tem-

850 3183 997 3253 plum
1043 3191 1216 3247 tuum,
1262 3183 1510 3239 mirabile
1551 3186 1606 3239 in
1641 3187 1869 3255 justitia.
1905 3209 1921 3239 ι
1959 3187 2082 3242 Παῖς
2107 3193 2247 3244 enim
2298 3192 2394 3247 dt»

851 3286 972 3324 mus
1020 3269 1114 3326 Dei
1163 3279 1298 3335 erat,
1342 3283 1589 3328 sanctum
1624 3277 1884 3344 templum
1926 3279 2065 3345 ejus.
2113 3278 2393 3350 Templum

2511 2081 2801 2152 Ἐκκλησία
2843 2082 2975 2135 Θεοῦ
3016 2082 3231 2144 ζῶντος,
3274 2083 3458 2148 στῦλος
3499 2088 3591 2138 καὶ
3635 2088 3908 2160 ιδραίωμα
3945 2089 4044 2160 τῆς

2497 2173 2826 2242 ἀληθείαςοι
2883 2173 3103 2236 είκότως
3149 2177 3337 2242 φασιν,
3393 2177 3473 2228 ὅτι
3537 2179 3592 2230 '0
3639 2157 3734 2248 μέν
3781 2157 4043 2253 μαίάριος

2497 2264 2596 2334 ἠδη
2654 2265 2751 2334 τῆς
2799 2266 2948 2335 παρὰ
3000 2268 3081 2319 σοὶ
3130 2267 3424 2336 τετύχηκεν
3473 2267 3732 2338 ἐκλογῆς·
3782 2274 3941 2341 ἡμεῖς
3989 2271 4043 2324 δὲ

2496 2357 2546 2406 oi
2575 2357 2704 2425 μηδέ
2715 2375 2796 2409 πω
2819 2357 3065 2420 τοιοῦτοι,
3096 2358 3175 2410 ἔτι
3202 2360 3256 2410 δὲ
3286 2357 3572 2428 περιὸεδλη
3582 2360 3726 2428 μένοι
3750 2361 4044 2431 ἀγαπῶμεν

2499 2446 2744 2499 ἐντεῦθεν
2790 2449 2888 2518 ἢδη
2919 2451 3026 2501 τῶν
3068 2451 3124 2501 ὲν
3167 2450 3245 2518 τῷ
3283 2450 3412 2520 οἴκῳ
3450 2467 3542 2503 σου
3571 2451 3785 2518 ἀγαθῶν
3812 2452 4043 2507 ἀπολαύ-

2499 2553 2677 2601 οντες,
2732 2539 2904 2606 λόγων
2963 2539 3159 2609 δηλαδὴ
3205 2539 3363 2592 θείων
3410 2542 3501 2594 καὶ
3552 2540 3660 2592 τῶν
3701 2543 3798 2612 τῆς
3858 2543 4044 2611 σοφίας

2501 2628 2835 2698 μαθημάτων
2872 2645 2929 2680 τε
2961 2630 3054 2680 καὶ
3095 2631 3440 2697 χαρισμάτων
3479 2631 3572 2682 τοῦ
3613 2631 3763 2698 ἁγίου
3796 2631 4044 2702 Πνεῦμα-

2498 2734 2586 2779 τος
2605 2757 2619 2780 ,
2654 2712 2732 2779 οἷς
2759 2719 3093 2787 κεκόσμηται
3133 2719 3162 2768 6
3190 2713 3333 2780 οῐκος
3367 2718 3459 2770 τοῦ
3489 2717 3651 2772 Θεοῦ⁹
3689 2718 3788 2790 ι⁷ῼ
3819 2721 3916 2790 μὲν
3937 2721 4044 2794 γὰρ

2497 2807 2584 2861 διὰ
2621 2807 2714 2860 τοῦ
2764 2808 3072 2876 Πνεύματος
3123 2807 3316 2861 δίδοται
3360 2808 3512 2876 λόγος
3567 2811 3775 2878 σοφίας,
3805 2810 3946 2882 ἄλλῳ
3987 2812 4043 2864 δι

2499 2897 2652 2964 λόγος
2688 2897 2936 2965 γνώσεως
2956 2939 2968 2962 ,
3008 2900 3176 2970 ἑτέρῳ
3203 2899 3258 2950 δὲ
3291 2900 3468 2963 πίστις
3505 2904 3562 2954 ὲν
3589 2901 3665 2970 τῷ
3692 2902 3838 2971 αὐτῷ
3879 2901 4046 2955 Ilvati-

2503 3006 2661 3060 ματι·
2723 2990 2864 3059 ἄλλῳ
2913 2992 3217 3060 χαρίσματα
3278 2991 3546 3059 ίαμάτων,
3597 2993 3764 3062 ἑτέρῳ
3809 2993 3864 3045 δὲ
3915 2993 4042 3063 γένη

2498 3080 2776 3148 γλωσσῶν,
2809 3099 2826 3131 ι
2856 3081 2948 3134 καὶ
2976 3084 3072 3137 ὅσα
3097 3082 3228 3135 ἄλλα
3260 3081 3536 3147 κατέλεξεν
3560 3084 3589 3133 ό
3619 3083 3756 3144 θεῖος
3797 3084 4046 3137 ’Δπόστσ-

2499 3171 2606 3233 λος.
2671 3170 2755 3222 Ἐν
2801 3170 3003 3233 τούτοις
3053 3167 3149 3225 οὖν
3188 3172 3410 3235 ἑαυτοὺς
3452 3171 3946 3241 παρασκευάζουσιν
3994 3177 4041 3226 σί

2499 3263 2604 3316 τῶν
2651 3262 2968 3332 κρειττόνων
3012 3264 3303 3331 ἐφιέμενοι.
3355 3247 3468 3314 Εἶτ’
3512 3262 3693 3332 ἐπειδὴ
3738 3265 3863 3332 περὶ
3900 3265 4043 3318 om

853 3365 1031 3414 autem
1080 3369 1325 3413 sanctum
1365 3361 1457 3417 Dei
1507 3340 1797 3437 intelligas,
1852 3340 1970 3419 non'
2007 3340 2285 3422 murorum
2314 3378 2395 3423 te-
2421 3345 2461 3400 ε
2494 3340 2591 3403 θέο

2314 3378 2395 3423 ιθ,
2421 3345 2461 3400 C
2494 3340 2625 3403 Θεοῦ
2652 3351 3055 3419 ἐμνημόνευσαν
3075 3390 3089 3412 ,
3119 3350 3420 3412 ἀκολούθως
3455 3352 3633 3415 ὁποῖος
3668 3345 3820 3415 οὗτος
3849 3355 4043 3422 τυγχά-

853 3456 1173 3520 ctorumque
1208 3449 1486 3517 fabricam,
1524 3454 1618 3509 sed
1650 3455 1780 3510 illud
1809 3456 1951 3528 quod
1975 3457 2087 3531 jam
2123 3474 2187 3513 ex
2211 3461 2398 3515 electis

854 3542 1140 3597 animabus
1183 3546 1551 3598 constituitur.
1601 3543 1806 3608 Sancti,
1855 3546 2061 3614 lapides
2100 3550 2206 3603 vivi
2241 3558 2396 3614 sunt;

854 3636 1177 3708 domumque
1203 3635 1543 3704 spiritualem
1574 3633 1639 3686 ad
1669 3647 1918 3691 sanctum
1947 3637 2271 3692 sacriﬁcium
2298 3639 2396 3693 de-

854 3727 1133 3788 stinatam,
1165 3732 1366 3778 emtum
1395 3723 1770 3800 religiosorum
1801 3727 2078 3784 hominum
2103 3743 2224 3783 esse
2248 3743 2400 3782 sacer

854 3814 1143 3882 Apostolus
1193 3814 1376 3867 docuit
1412 3813 1497 3867 bis
1539 3815 1755 3868 verbis:
1788 3834 1809 3866 ι
1843 3814 1953 3876 \los
1995 3825 2170 3871 autem
2211 3832 2399 3872 omnes

855 3903 1048 3975 domus
1080 3901 1173 3956 Dei
1206 3888 1362 3966 estis,
1403 3911 1455 3959 et
1498 3901 1735 3976 Spiritus
1771 3902 1866 3961 Dei
1898 3905 2103 3964 habitat
2143 3907 2197 3959 in
2223 3908 2395 3964 vobis.

859 3989 915 4046 Si
952 3989 1074 4056 quis
1125 3991 1380 4060 templum
1431 3990 1524 4045 Dei
1567 3991 1872 4058 violaverit,
1928 3993 2201 4063 diSperdet
2249 3995 2400 4050 illum

856 4078 1018 4135 Deus.
1048 4075 1327 4147 Templum
1367 4081 1510 4133 enim
1543 4079 1636 4135 Dei
1679 4091 1922 4136 sanctum
1954 4092 2056 4146 est,
2089 4083 2234 4155 quod
2273 4086 2402 4140 estis

855 4184 953 4224 vos
979 4167 1044 4218 ".
1077 4186 1096 4219 ι
1135 4165 1258 4223 Haec
1289 4176 1466 4222 autem
1517 4170 1832 4235 cum-dixit,
1865 4171 2040 4227 aﬂinia
2068 4173 2280 4229 locutus
2320 4183 2404 4230 est.

857 4257 1017 4309 dictis
1047 4257 1400 4326 praesentibus
1435 4276 1447 4308 :
1477 4275 1497 4308 ι
1527 4255 1784 4315 Sanctum
1813 4269 1897 4315 est
1938 4263 2194 4330 templum
2225 4271 2398 4327 tutuo.

855 4348 1102 4404 mirabile
1134 4349 1186 4400 in
1207 4347 1435 4416 justitia.
1471 4369 1488 4400 ι
1527 4347 1676 4404 Sicut
1704 4352 1845 4405 enim
1892 4347 2229 4408 sensibilium
2268 4363 2401 4408 tem-

857 4437 1068 4506 plorum
1121 4445 1396 4493 structura
1447 4441 1498 4492 in
1545 4441 1898 4498 admiratione
1941 4445 2253 4512 plerumque
2286 4452 2403 4508 est,

855 4521 999 4596 (μιοά
1032 4543 1094 4584 ea
1121 4528 1366 4584 studiosa
1396 4530 1650 4584 varietate
1689 4530 2021 4585 exaediﬁcata
2056 4535 2199 4599 sint;
2240 4548 2402 4592 aurea

856 4620 1050 4696 quippe
1080 4628 1220 4673 tecta
1271 4628 1323 4672 et
1353 4619 1671 4690 anaglyphis
1701 4630 1890 4674 ornata
1929 4629 2256 4680 concinnant
2294 4626 2402 4682 els-

856 4713 1048 4779 gantize
1083 4711 1384 4774 studentes,
1408 4711 1673 4764 columnis
1699 4723 1862 4780 atque
1883 4714 2241 4772 marmoribus
2268 4714 2398 4768 ακιί-

859 4802 977 4856 ticia
1030 4803 1550 4859 exornantzeodem
1601 4803 1762 4860 modo
1803 4804 2058 4873 templum
2115 4803 2207 4862 Dei
2258 4805 2408 4872 quod

860 4902 1108 4947 sanctum
1151 4899 1234 4946 est
1265 4890 1338 4958 (ct
1389 4892 1490 4945 hoc
1529 4907 1660 4946 sane
1699 4894 1803 4960 ipsi
1831 4896 2061 4962 primum
2105 4905 2158 4949 et
2184 4896 2400 4964 quidem

858 4981 1281 5049 pulcherrimum
1311 4981 1511 5036 bonum
1553 4981 1753 5049 adest),
1789 4991 2013 5038 externo
2061 4993 2254 5040 ornatu
2293 4986 2402 5044 Cir-

859 5069 1194 5143 cumfulget,
1242 5068 1490 5124 videlicet
1547 5071 1808 5139 sapientia
1860 5072 1949 5125 illa
2000 5072 2091 5128 Dei
2141 5076 2402 5138 varietate

858 5161 1135 5221 distincta,
1175 5159 1386 5228 justitia
1435 5168 1485 5212 et
1542 5161 1766 5228 reliquis
1817 5162 2126 5225 virtutibus,
2171 5163 2404 5234 Spiritus

859 5252 983 5312 item
1033 5251 1207 5314 sancti
1234 5250 1393 5307 donis
1419 5251 1565 5306 varie
1598 5251 1948 5317 illustratum,
1999 5245 2073 5307 ita
2117 5263 2173 5314 ut
2201 5258 2261 5319 in
2289 5265 2404 5315 stu-

860 5356 1043 5410 porem
1097 5347 1150 5391 ct
1202 5339 1608 5402 admirationem
1664 5356 1721 5395 se
1767 5344 2190 5412 contemplantes
2238 5345 2405 5412 conji-

860 5433 987 5488 ciat.
1030 5427 1387 5494 Quamobrem
1417 5432 1510 5502 qui
1549 5439 1604 5483 ut
1648 5431 1699 5482 in
1730 5449 1794 5484 eo
1835 5433 1990 5488 sedes
2034 5433 2290 5498 haberent
2319 5436 2400 5491 di-

860 5522 947 5590 gni
979 5521 1144 5576 habiti
1189 5528 1335 5581 sunt,
1371 5521 1470 5574 laeti
1503 5521 1687 5576 dicunt
1719 5543 1728 5573 :
1767 5542 1783 5572 t
1819 5523 2164 5593 Replebimur
2211 5528 2268 5580 in
2309 5527 2400 5583 ιιο.

863 5613 948 5666 nis
1001 5610 1191 5666 domus
1248 5619 1353 5664 tua:
1398 5628 1408 5661 :
1457 5621 1705 5668 sanctum
1767 5622 1848 5667 est
1897 5615 2153 5682 templum
2210 5625 2396 5677 tuum,

865 5702 1101 5753 mirabile
1149 5701 1202 5753 in
1248 5700 1478 5769 justitia.
1513 5721 1529 5750 ι
1567 5700 1832 5757 Observes
1877 5719 2035 5772 porro
2087 5704 2241 5760 velim
2291 5707 2401 5760 hac

933 5858 972 5884 ”
1014 5855 1185 5909 ITim.
1222 5873 1303 5921 ιιι,
1341 5848 1452 5911 Ιὸξ
1495 5861 1536 5894 ³³
1575 5857 1589 5908 l
1624 5860 1744 5911 Cor.
1776 5874 1868 5919 Ml,
1903 5864 1952 5920 ὁ,
1989 5869 2034 5910 ιὲ.

2498 3457 2573 3494 νει
2613 3441 2915 3494 διδάσκουσι
2949 3441 3227 3508 λέγοντες·
3271 3461 3287 3493 ι
3321 3442 3508 3508 ’Ἄγιος
3543 3443 3572 3493 6
3607 3443 3732 3505 ναός
3761 3461 3875 3508 σου,
3913 3443 4042 3497 θαυ-

2501 3533 2697 3602 μαστὸς
2733 3535 2789 3584 ὲν
2835 3532 3158 3602 δικαιοσύνῃ.
3187 3553 3203 3584 ι
3261 3527 3424 3594 Οὗτος
3461 3533 3568 3603 γὰρ
3610 3530 3676 3605 ἦν
3716 3538 3744 3588 6
3771 3531 3916 3597 οἶκος
3949 3535 4044 3589 τοῦ

2496 3623 2650 3685 Θεοῦ,
2691 3624 2719 3673 6
2747 3623 2898 3690 ἅγιος
2943 3623 3105 3677 αὐτοῦ
3146 3624 3296 3687 νεώς.
3337 3625 3488 3678 Νεὼν
3521 3627 3575 3678 δὲ
3606 3629 3763 3681 ἄκουε
3792 3627 3884 3679 τοῦ
3911 3626 4044 3680 Θεοῦ

2499 3713 2648 3779 ᾶγιον
2688 3713 2748 3764 ού
2779 3713 2966 3781 τοίχων
2995 3713 3086 3765 καὶ
3117 3715 3324 3783 ὀρόφων
3357 3716 3770 3785 οἰκοδομήματα,
3800 3717 3930 3771 ἀλλὰ
3956 3718 4044 3770 τὸν

2498 3803 2560 3854 ἐκ
2618 3801 2800 3870 ψυχῶν
2839 3802 3103 3858 ἐκλεκτῶν
3151 3803 3454 3858 συνεστῶτα
3490 3806 3608 3874 ἠδη.
3663 3806 3812 3858 Λίθοι
3851 3807 4050 3870 ζῶντες

2497 3893 2545 3943 οἱ
2577 3892 2738 3958 ᾶγιοι,
2767 3893 2856 3943 καὶ
2891 3889 3033 3954 οἶκος
3060 3896 3420 3962 πνευματικὸς
3453 3899 3531 3957 είς
3575 3897 3867 3965 ἱεράτευμα
3894 3896 4044 3963 ᾶγιον

2496 3983 2556 4034 τδ
2585 3982 2832 4052 σύστημα
2869 3982 2976 4035 τῶν
3005 3983 3264 4036 θεοσεὸῶν
3297 3981 3431 4038 εἶναι
3473 3988 3500 4038 6
3546 3986 3686 4058 ἱερὸς
3734 3988 4045 4052 Ἀπόστολος

2498 4072 2729 4138 ἐδίδαξεν
2767 4073 2958 4125 είπών·
2999 4094 3015 4125 ι
3054 4075 3234 4144 Ὑμεῖς
3265 4075 3319 4128 δὲ
3349 4078 3541 4141 πάντες
3571 4073 3713 4141 οἶκος
3743 4079 3874 4132 Θεοῦ
3904 4083 4051 4145 ἐστε,

2500 4163 2588 4215 καὶ
2629 4164 2686 4215 τὸ
2715 4164 2936 4233 Πνεῦμα
2978 4165 3068 4217 τοῦ
3108 4165 3238 4219 Θεοῦ
3285 4169 3420 4220 οίκεῖ
3460 4171 3516 4220 ὲν
3553 4171 3696 4238 ὑμῑψ
3743 4168 3796 4220 εί
3829 4187 3909 4233 τις
3955 4171 4044 4223 τὸν

2500 4251 2622 4303 ναὸν
2658 4253 2750 4305 τοῦ
2786 4253 2917 4310 Θεοῦ
2945 4255 3171 4326 φθείρει,
3205 4255 3388 4325 φθερεῖ
3421 4257 3606 4309 τοῦτον
3636 4259 3664 4309 6
3691 4257 3852 4321 Θεός·
3889 4263 3917 4313 6
3941 4262 4047 4332 γὰρ

2499 4341 2623 4405 ναὸς
2667 4341 2760 4392 τοῦ
2804 4341 2936 4399 Θεοῦ
2990 4343 3142 4410 ἅγιός
3195 4348 3358 4406 εστι-ν,
3404 4346 3595 4407 οῖτινές
3641 4347 3759 4399 ἔστε
3807 4349 3975 4417 ὑμεῖς.
4022 4369 4044 4399 ι

2500 4428 2666 4482 Τοῦτο
2701 4431 2758 4484 δὲ
2799 4432 2988 4495 είπὼν,
3037 4433 3243 4502 συνῳδὰ
3290 4433 3364 4503 τῷ
3401 4435 3535 4504 μετὰ
3579 4439 3760 4506 χεῖρας
3806 4438 4044 4490 δδίδασκε

2498 4519 2637 4592 λόγῳ
2687 4519 2972 4586 φάσκοντιο
3010 4541 3027 4571 ι
3061 4523 3244 4589 Ἄγιος
3291 4527 3318 4578 6
3351 4525 3472 4587 ναός
3497 4542 3612 4589 σου,
3653 4527 3955 4597 θαυμαστὸς
3975 4531 4055 4581 ἰν.

2503 4611 2828 4682 δικαιοσύνῃ.
2868 4631 2886 4664 ι
2938 4613 3024 4674 Ὠς
3051 4614 3158 4684 γὰρ
3179 4614 3283 4666 τῶν
3312 4615 3578 4686 αἰσθητῶν
3602 4619 3742 4671 ναῶν
3781 4619 4045 4687 θαυμάζε-

2503 4718 2589 4755 ται
2621 4704 2874 4765 πολλάκις
2907 4705 2938 4772 ἡ
2964 4705 3266 4774 κατασκευὴ
3292 4707 3376 4760 διὰ
3401 4708 3684 4775 φιλοκάλου
3711 4708 4054 4773 πολυτελείας

2505 4798 2793 4867 γενομένη·
2821 4798 3125 4866 χρυσόροφα
3151 4798 3277 4864 γοῦν
3298 4801 3387 4852 καὶ
3411 4798 3673 4866 διάγλυφα
3692 4799 4051 4864 τεκταίνουσι,

2511 4887 2939 4954 φιλοκαλοῦντες,
2987 4888 3085 4960 ὕλῃ
3126 4905 3181 4941 τε
3228 4891 3416 4944 κιόνων
3463 4891 3554 4940 καὶ
3610 4891 3909 4960 papde
3950 4907 4045 4943 κα-

2504 4979 2832 5049 τακοσμοῦσι
2872 4979 2970 5042 τὰς
3013 4981 3325 5050 οἰκοδομάς·
3371 4981 3461 5031 τὸν
3487 4980 3644 5032 αὑτὸν
3674 4981 3867 5050 τρόπον
3901 4983 3927 5034 6
3953 4982 4044 5034 τοῦ

2504 5069 2634 5140 Θεοῦ
2679 5068 2810 5132 νεὼς
2858 5069 3008 5136 ἂγιος
3042 5069 3136 5133 ὣν,
3188 5071 3280 5122 καὶ
3324 5069 3482 5120 τοῦτο
3524 5068 3734 5138 πρῶτον
3769 5070 4046 5124 κάλλιστον

2506 5160 2704 5226 ἀγαθὸν
2725 5159 3074 5231 κεκτημένος,
3097 5162 3184 5210 τὸν
3207 5157 3400 5219 ἔξωθεν
3423 5157 3798 5227 περιϐέϐληται
3825 5160 4040 5230 κόσμον,

2506 5250 2864 5320 πολυποικίλῳ
2909 5251 3069 5319 σοφίᾳ
3113 5247 3279 5309 Θεοῦ,
3333 5248 3637 5320 δικαιοσύνῃ
3686 5267 3741 5303 τε
3793 5252 3884 5304 καὶ
3927 5255 4045 5314 ταῖς

2505 5339 2709 5401 λοιπαῖς
2758 5341 2995 5410 ἀρεταῖς,
3033 5339 3142 5397 τοῖς
3186 5353 3241 5387 τε
3279 5335 3369 5389 τοῦ
3410 5338 3560 5404 ἁγίου
3608 5340 3914 5409 Πνεύματος
3949 5356 4047 5408 χα-

2509 5432 2726 5501 ρίσμασι
2769 5428 3213 5496 πεποικιλμένος,
3267 5430 3340 5492 ὡς
3369 5431 3622 5501 ἔκπληξιν
3671 5433 3912 5501 ἐμποιεῖν
3951 5429 4044 5485 καὶ

2506 5523 2684 5592 θαῦμα
2714 5521 2966 5590 παρέχειν
2995 5523 3103 5581 τοῖς
3128 5521 3338 5589 δρῶσιν.
3376 5520 3532 5574 ’Ὁθεν
3563 5522 3611 5573 οἱ
3640 5521 4045 5588 καταξιούμενοι

2461 5649 2463 5652 -
2504 5614 2603 5681 τῆς
2628 5616 2682 5663 εν
2714 5611 2862 5680 αὑτῷ
2884 5611 3160 5680 διατριὸἦς
3195 5611 3468 5678 χαίροντές
3497 5628 3622 5679 φασι
3642 5630 3653 5641 ·
3692 5632 3709 5662 ι
3738 5607 4030 5678 Πλησθησό-

2511 5704 2646 5773 μεθα
2692 5705 2747 5754 ἐν
2789 5705 2898 5764 τοῖς
2949 5702 3166 5768 ἀγαθοῖς
3205 5701 3296 5754 τοῦ
3333 5703 3478 5754 οίκου
3525 5717 3640 5755 σου’
3677 5702 3825 5767 ἅγιος
3861 5702 3887 5752 ὁ
3920 5699 4038 5760 ναός

2114 5862 2156 5890 ³³
2189 5859 2206 5912 ι
2235 5861 2358 5913 Cor.
2405 5873 2482 5920 ιιι,
2527 5858 2608 5918 l6,
2650 5858 2726 5908 l't.
