4402 6388
747 479 852 536 635
1413 471 1677 528 EUSEBll
1713 466 2183 527 CESARIENSIS
2215 463 2364 519 OPP.
2407 462 2585 516 PARS
2623 461 2795 518 ιιι.-
2830 462 3234 519 EXEGETICA.
3857 465 3954 519 656

750 576 963 649 montes
1012 594 1065 647 in
1118 593 1314 646 virtute
1356 584 1783 652 sua.'accinctus
1832 561 2151 659 potentia.;
2201 583 2380 643 ProA
2413 582 2488 652 μόε

2220 584 2315 638 Pro
2338 587 2380 643 Α
2413 582 2569 652 μόνον
2614 584 2707 637 τὸν
2750 584 2927 638 αὐτῶν
2961 585 3246 656 γενόμενον
3289 584 3531 656 Σωτῆρα.
3582 603 3601 637 ι
3632 586 3958 657 Ἐτοιμάζων

752 684 865 745 illo,
907 702 923 733 ι
959 697 1264 751 praeparans
1306 690 1539 743 montes,
1573 700 1591 732 ι
1631 681 2009 751 Symmachus.
2065 697 2083 727 ‹
2120 678 2304 731 funda-

751 777 819 829 sti
861 782 1089 836 montes,
1121 793 1139 823 ι
1191 768 1576 841 interpretatus
1613 778 1717 825 est.
1763 769 1861 823 Hic
1908 783 2069 838 porro
2120 769 2304 824 divina

746 866 817 921 de
850 865 1135 919 Servatore
1160 864 1406 918 doctrina
1437 861 1735 916 inducenda
1768 868 1872 916 est.
1910 859 1990 914 Tu
2020 861 2187 923 enim,
2220 860 2306 912 in-

751 958 886 1025 quit,
919 971 979 1010 es
1014 970 1139 1024 spes
1169 954 1415 1007 omnium
1452 954 1635 1006 [inium
1688 960 1867 1016 terrae,
1890 953 1993 1021 lqui
2026 959 2079 1005 et
2109 951 2224 1005 haec
2254 957 2306 1004 et

683 1036 692 1046 ’
750 1047 1074 1101 illa'virtute
1123 1053 1212 1097 tua
1264 1058 1454 1113 magna
1502 1036 1817 1097 condidisti.
1868 1040 2048 1094 Primo
2089 1041 2305 1109 quidem

750 1135 1073 1204 praeparasti
1100 1140 1310 1187 montes
1348 1134 1403 1186 in
1435 1133 1640 1187 virtute
1660 1141 1777 1192 tua,
1816 1130 2095 1184 accinctus
2120 1139 2306 1199 poten—

748 1226 862 1278 tia:
890 1223 1083 1277 deinde
1130 1224 1468 1277 conturbasti
1510 1221 1840 1291 profundum
1890 1221 2091 1283 ma‘ris,
2135 1229 2188 1275 et
2226 1236 2307 1275 so-

751 1331 883 1368 num
915 1313 1172 1367 ﬂuctuum
1204 1314 1323 1383 ejus
1353 1314 1655 1382 mitigasti:
1685 1320 1871 1381 postea
1918 1328 2012 1381 per
2040 1313 2153 1367 bare
2185 1328 2309 1367 con-

752 1397 984 1458 turbasti
1015 1412 1226 1473 gentes.
1258 1402 1355 1457 Pis
1378 1416 1507 1456 vero
1537 1404 1705 1471 gestis
1740 1416 1990 1473 magnam
2021 1404 2307 1477 utilitatem

753 1504 1113 1564 perceperunt
1141 1494 1233 1564 qui
1278 1493 1528 1548 habitant
1551 1494 1833 1548 terminos.
1868 1492 1946 1547 Te
1988 1495 2187 1564 quippe
2219 1511 2311 1552 no-

753 1594 970 1651 verunt,
1017 1594 1070 1641 et
1100 1587 1397 1642 timuerunt
1438 1602 1474 1640 a
1511 1587 1681 1657 signis
1720 1587 1852 1649 tuis,
1903 1586 1978 1639 ita
2008 1594 2065 1639 ut
2104 1587 2309 1640 nullam

757 1677 985 1731 ulterius
1013 1684 1207 1746 praeter
1238 1686 1291 1732 te
1320 1691 1469 1747 spem
1506 1676 1575 1731 ob
1598 1676 1784 1732 oculos
1811 1684 2094 1747 ponerent.
2133 1674 2311 1741 Quare

757 1782 921 1838 supra
963 1768 1165 1822 dictum
1199 1774 1322 1823 est:
1358 1784 1385 1819 ιι
1418 1765 1551 1836 Spes
1575 1768 1816 1822 omnium
1848 1767 2034 1822 [inium
2073 1775 2248 1821 teme.
2286 1785 2303 1817 ι

754 1857 796 1912 li
825 1858 969 1913 enim
1005 1860 1098 1928 qui
1129 1859 1393 1912 terminos
1432 1868 1591 1912 terra:
1640 1858 1891 1911 incolunt
1939 1857 2029 1911 hic
2055 1872 2309 1927 pranuno

753 1948 922 2001 tiatur
954 1946 1194 2000 futurum
1225 1962 1345 2001 esse
1370 1954 1430 1999 ut
1449 1948 1676 2001 timeant
1710 1946 1875 2000 Deum
1906 1960 1936 1999 a
1972 1947 2142 2016 signis
2166 1948 2307 2018 ejus,

750 2045 815 2091 ut
855 2038 1059 2092 dicitur
1085 2055 1099 2091 :
1139 2055 1159 2088 ι
1183 2036 1251 2089 Et
1279 2037 1543 2091 timebunt
1572 2037 1665 2107 qui
1715 2037 1961 2091 habitant
1992 2040 2311 2093 terminos'a

758 2131 929 2200 signis
962 2129 1091 2183 tuis.
1120 2146 1138 2179 ι
1166 2127 1420 2193 Quaenam
1455 2126 1607 2197 signa
1635 2126 1726 2181 illa
1754 2134 1929 2189 erant,
1954 2141 2073 2196 quae
2097 2141 2219 2180 cum
2244 2126 2316 2180 vi-

759 2224 940 2276 derent
971 2220 1063 2289 qui
1094 2219 1410 2274 habitabant
1436 2217 1700 2273 terminos
1729 2218 2025 2272 timuerunt
2054 2216 2220 2273 Deum
2258 2219 2312 2271 in

758 2312 1041 2381 ipsumque
1083 2320 1393 2380 sperarunt,
1435 2309 1692 2378 superius
1736 2308 1920 2363 docuit
1964 2308 2049 2364 bis
2088 2310 2309 2364 verbis:

766 2422 785 2455 ι
815 2404 1131 2473 Praeparatis
1161 2411 1374 2457 montes
1423 2403 1477 2455 in
1509 2401 1706 2456 virtute
1753 2416 1872 2465 sua,
1908 2403 2187 2457 accinctus
2222 2417 2316 2471 po-

760 2497 950 2557 tentia,
977 2493 1070 2563 qui
1098 2493 1398 2547 conturbas
1427 2490 1753 2562 prol'undum
1775 2493 1961 2556 maris,
1993 2507 2185 2547 sonum
2214 2492 2316 2547 ltu-

760 2596 943 2640 ctuum
968 2585 1108 2653 ejus.
1144 2604 1161 2635 |
1190 2583 1324 2649 Quis
1354 2584 1692 2640 sustinebit?
1725 2603 1742 2634 ι
1773 2583 2313 2655 Turbabuntur‘gen-

763 2686 866 2731 tes.
898 2693 918 2728 ι
948 2674 1070 2730 Haec
1098 2673 1342 2729 videntes
1382 2674 1473 2745 qui
1523 2674 1772 2729 habitant
1811 2675 2093 2740 terminos,
2123 2675 2318 2729 timue-

764 2773 899 2822 runt
938 2783 974 2819 a-
1022 2767 1194 2835 signis
1227 2767 1366 2834 ejus.
1424 2763 1518 2820 His
1561 2780 1726 2833 porro
1777 2765 2118 2835 signiﬁcatur
2155 2766 2317 2835 spiri-

760 2867 913 2913 tuum
952 2859 1331 2928 malignorum.
1379 2854 1480 2926 qui
1512 2858 1663 2911 olim.
1686 2868 1877 2913 contra
1909 2856 2003 2912 Dei
2033 2858 2314 2912 scientiam

761 2948 1129 3016 erigebantur,
1190 2944 1422 3012 abjectio
1480 2953 1533 2999 et
1588 2942 1857 3013 depulsio,
1908 2958 1975 2998 ac
2033 2944 2316 2999 diabolica

764 3037 898 3091 aciei
943 3036 1145 3097 clades,
1197 3036 1607 3105 principatnum
1638 3035 1910 3101 videlicet,
1963 3042 2315 3104 potestatum,

764 3138 1034 3185 rectorum
1084 3127 1278 3181 mundi
1321 3137 1374 3183 et
1432 3128 1801 3197 spiritualium
1861 3128 2118 3198 nequitia
2154 3146 2167 3182 :
2198 3142 2318 3197 qute

765 3400 1183 3463 conturbabant,
1212 3401 1285 3453 ita
1327 3406 1386 3454 ut
1433 3399 1658 3467 deorum
1698 3399 2033 3470 religionem,
2065 3398 2317 3454 omnibus

765 3492 1076 3545 universum
1129 3490 1278 3544 orbis
1325 3489 1654 3544 elementum
1700 3488 2063 3543 incolentibus
2110 3488 2318 3551 emitte-

768 3590 907 3636 rent.
945 3579 1135 3634 Omnia
1177 3594 1305 3633 vero
1338 3594 1433 3649 per
1463 3580 1763 3635 salutarem
1798 3578 1891 3635 Dei
1932 3578 2220 3636 adventum
2252 3579 2319 3634 de

768 3675 947 3729 medio
994 3671 1209 3727 sublata
1259 3677 1315 3724 et-
1350 3685 1539 3726 eversa
1586 3677 1737 3745 sunt.
1783 3668 1879 3725 His
1934 3669 2133 3733 similia
2180 3669 2319 3724 alius

768 3772 982 3834 qucque
1033 3760 1291 3832 propheta
1345 3760 1495 3815 hisce
1539 3761 1717 3816 verbis
1758 3761 2082 3815 vaticinatur
2123 3779 2135 3815 :
2176 3779 2194 3811 ι
2221 3760 2321 3813 Au-

771 3853 926 3916 dite,
976 3852 1160 3922 populi
1203 3865 1431 3914 omnes,
1488 3850 1583 3920 qui
1634 3851 1893 3929 habit-alis
1948 3853 2003 3905 in
2053 3852 2169 3921 ipsa
2212 3870 2227 3904 :
2267 3858 2321 3905 et

771 3945 875 3999 erit
930 3941 1071 3997 Deus
1126 3942 1278 3997 vobis
1339 3945 1394 3997 in
1450 3943 1863 4007 testimonium,
1917 3942 2197 3999 iDominus
2254 3943 2322 3997 de

771 4034 932 4088 dumo
958 4042 1144 4089 sancta
1173 4050 1290 4089 sua.
1317 4034 1454 4100 Quia
1480 4049 1608 4090 ecce
1634 4033 1915 4096 Dominus,
1944 4032 2205 4087 Dominus
2234 4032 2324 4087 den

773 4128 997 4184 scendet
1039 4126 1106 4182 de
1140 4127 1262 4180 loco
1308 4141 1428 4190 suo,
1469 4134 1530 4182 et
1557 4108 1890 4182 conscendet
1913 4140 2076 4195 super
2110 4124 2322 4179 excelsa

773 4227 951 4283 terrae.
996 4216 1061 4271 Et
1094 4224 1335 4270 conteret
1373 4223 1585 4271 montes
1617 4214 1809 4270 subtus
1856 4229 1935 4279 se,
1970 4223 2025 4267 et
2059 4213 2229 4268 valles
2257 4212 2325 4265 li—

776 4316 1033 4378 quescent
1092 4308 1237 4362 sicut
1284 4321 1408 4362 cera
1469 4321 1500 4360 a
1550 4306 1685 4361 facie
1745 4306 1887 4375 ignis
1939 4314 2158 4375 propter
2223 4306 2325 4359 imo

780 4399 1030 4467 pietatem
1062 4396 1233 4457 Jacob
1264 4414 1276 4448 :
1314 4395 1427 4451 hac
1454 4395 1637 4449 omnia
1682 4401 1739 4449 et
1783 4401 2005 4464 propter
2043 4403 2323 4463 peccatum

779 4486 973 4540 domus
1003 4483 1253 4539 Israel".
1294 4504 1311 4537 ι
1352 4486 1409 4537 In
1444 4498 1556 4539 xvu
1613 4483 1739 4537 item
1786 4482 2016 4551 psalmo,
2050 4482 2141 4551 qui
2178 4482 2327 4551 ejus-

2404 676 2505 745 ὅρη
2538 678 2594 729 ἐν
2621 680 2686 747 τῇ
2719 678 2862 748 ἰσχύϊ
2888 677 3071 743 αὑτοῦ,
3091 677 3519 750 περιεζωσμένος
3545 680 3603 731 ἐν
3624 677 3954 743 δυναστεία.ι

2416 767 2561 821 Ἀντὶ
2594 768 2709 832 τοῦ,
2746 788 2763 820 ι
2794 770 3096 839 ἑτοιμάζων
3123 771 3245 841 ὅρη,
3272 771 3663 849 ἥδρασαςῆδρη,
3700 788 3717 821 ι
3764 774 3793 824 6
3821 768 3961 849 Σύμέ

2412 877 2580 931 μαχος
2613 862 2967 930 ήρμήνευσεν.
3006 861 3226 926 τἘπάξει
3257 862 3311 916 δέ
3338 866 3366 917 6
3395 844 3549 930 λόγος
3575 862 3674 926 τὰς
3703 862 3831 934 περὶ
3868 844 3971 916 τοῦ³

2410 948 2792 1020 προλεχθέντος
2819 951 3064 1020 Σωτῆρος
3096 950 3389 1019 θεολογίας.
3423 952 3493 1003 Σὺ
3525 951 3633 1022 γάρ
3662 948 3732 1014 εἷ,
3776 951 3957 1021 φησὶν,

2406 1046 2438 1113 ή
2474 1042 2625 1106 ἐλπὶς
2666 1044 2882 1097 πάντων
2919 1042 3026 1096 τῶν
3065 1044 3312 1114 περάτων
3353 1044 3453 1113 τῆς
3490 1044 3593 1114 γῆς
3637 1046 3677 1097 ὅ
3682 1042 3824 1098 ’τάδε
3870 1046 3961 1097 καὶ

2409 1133 2533 1187 τάδε
2562 1136 2628 1203 τῇ
2666 1134 2860 1188 σαυτοῦ
2887 1134 3112 1205 δυνάμει
3135 1133 3595 1207 μεγαλουργήσας.
3619 1135 3841 1207 Πρῶτον
3868 1135 3963 1206 μὲν

2407 1223 2825 1295 ήτοίμασαςῦρη
2853 1226 2909 1277 ἐν
2939 1226 3004 1295 τῇ
3040 1222 3180 1293 ἰσχύϊ
3211 1239 3304 1275 σου
3335 1224 3775 1301 περιζωσάμενος
3805 1224 3939 1278 δυνα

2411 1312 2621 1366 στείαψ
2666 1308 2783 1366 εἶτα
2829 1313 3291 1385 συνετάραξαςητδ
3327 1314 3488 1379 κύτος
3530 1315 3631 1385 τῆς
3670 1312 3976 1384 θαλάσσης,.

2410 1404 2506 1456 καὶ
2528 1403 2636 1456 τῶν
2664 1404 2919 1473 κυμάτων
2942 1405 3109 1475 αὐτῆς
3137 1404 3198 1458 τὺ
3223 1400 3354 1476 ἦχος
3386 1406 3660 1476 ἐπράῦνας
3677 1422 3690 1435 ·
3735 1402 3853 1459 εἶτα
3878 1405 3965 1459 δίὰ

2407 1494 2609 1547 τούτων
2658 1495 2922 1565 ἐτάραξας
2972 1494 3119 1566 ἔθνη.
3172 1496 3387 1549 Τούτων
3435 1495 3491 1549 δὲ
3537 1496 3859 1567 γενομένων,
3899 1497 3969 1550 τά

2400 1582 2621 1651 μεγάλα
2672 1580 3025 1653 ὠφελήθησαν
3079 1584 3129 1635 οί
3183 1583 3557 1651 κατοικοῦντες
3609 1584 3678 1639 τά
3738 1584 3965 1657 πέρατα.

2414 1675 2696 1743 Ἐγνωσαν
2724 1674 2830 1744 γάρ
2856 1691 2935 1736 σε,
2962 1674 3055 1727 καὶ
3086 1674 3426 1745 ἐφοϐήθησαν
3452 1676 3560 1730 ἀπὸ
3591 1676 3699 1729 τῶν
3727 1675 3968 1748 σημείων

2418 1782 2508 1817 σου
2542 1806 2556 1827 ,
2606 1765 2681 1827 ὡς
2731 1764 2929 1835 μηκέτι
2983 1765 3165 1817 λοιπὸν
3220 1765 3383 1836 άλλην
3442 1766 3562 1819 τινὰ
3611 1766 3803 1820 ἐλπίδα
3863 1766 3969 1837 πρὸ

2412 1854 2702 1925 ὀφθαλμῶν
2760 1855 2999 1908 τίθεσθαι
3050 1856 3083 1926 ἦ
3138 1856 3217 1909 σέ.
3275 1856 3366 1909 Διὸ
3419 1857 3673 1927 ἀνωτέρω
3720 1856 3965 1924 ἐλέγετο⁸

2420 1967 2437 1999 ι
2477 1948 2539 2001 Ἢ
2575 1948 2727 2011 ἐλπὶς
2764 1949 2975 2002 πάντων
3013 1948 3122 2001 τῶν
3166 1950 3413 2020 περάτων
3465 1948 3562 2020 τῆς
3593 1948 3713 2019 γῆς.
3746 1968 3765 2000 ι
3810 1941 3968 2003 Οῦτοι

2413 2040 2519 2112 γὰρ
2552 2041 2602 2094 οἱ
2630 2040 2698 2094 τά
2727 2041 2949 2110 πέρατα·
2965 2039 3063 2109 τῆς
3091 2040 3191 2109 γῆς
3217 2039 3487 2102 οἰκοῦντες
3520 2041 3578 2092 ἐν
3605 2043 3717 2104 τοῖς
3753 2057 3972 2112 προκειμ-

2418 2131 2599 2201 μένοις
2650 2131 3049 2201 φοὸηθήσεσθαι
3102 2131 3192 2184 τὸν
3239 2131 3371 2185 Θεὸν
3422 2131 3529 2184 ἀπὸ
3574 2132 3683 2185 τῶν
3733 2132 3970 2203 σημείων

2415 2222 2579 2275 αὑτοῦ
2614 2222 2953 2285 θεσπίζονται
2999 2222 3102 2274 ὑπὸ
3140 2222 3233 2275 τοῦ
3275 2223 3542 2291 φήσαντος
3571 2221 3780 2291 λογίὸψ
3818 2241 3837 2273 ι
3865 2223 3973 2276 Καὶ

2415 2312 2805 2382 φοϐηθήσονται
2852 2296 2907 2364 οἱ
2947 2312 3322 2375 κατοικοῦντες
3360 2312 3427 2365 τά
3466 2313 3675 2384 πέρατα
3712 2313 3820 2367 άπδ
3864 2314 3973 2367 τῶν

2416 2404 2657 2472 σημείων
2691 2419 2804 2456 σου.
2841 2422 2859 2453 ι
2899 2404 3033 2456 Ποῖα
3062 2402 3116 2455 δὲ
3150 2399 3218 2472 ἦν
3243 2403 3310 2456 τὰ
3356 2407 3573 2473 σημεῖα,
3607 2405 3749 2476 άπερ
3779 2403 3977 2459 θεασά-

2418 2511 2566 2561 μενοι
2619 2495 2667 2546 οἱ
2714 2494 3089 2556 κατοικοῦντες
3144 2495 3211 2547 τὰ
3249 2495 3459 2566 πέρατα
3499 2494 3843 2567 ἐφοϐήθησαν
3882 2496 3971 2550 τὸν

2414 2584 2543 2638 Θεὸν
2587 2585 2681 2638 κα)⁸
2726 2587 2806 2647 είς
2863 2585 3022 2638 αὐτὸν
3070 2585 3333 2655 ήλπισαν,
3385 2585 3726 2657 προεδίδαξεν
3773 2582 3985 2639 εἱπὼνέ

2420 2694 2438 2726 ι
2462 2675 2790 2745 Ἐτοιμάξων
2830 2675 2931 2746 δρη
2959 2677 3015 2727 ὲν
3047 2678 3112 2746 τῇ
3149 2676 3291 2745 ἰσχύῖ
3317 2674 3513 2739 αὐτοῦ,
3544 2671 3973 2747 περιεζωσμένος

2416 2770 2471 2820 ἐν
2500 2766 2799 2837 δυναστείᾳ,
2827 2768 2855 2817 6
2884 2766 3264 2837 συνταράσσων
3288 2766 3348 2819 τδ
3371 2766 3532 2830 κύτος
3558 2766 3656 2837 τῆς
3682 2765 3971 2835 Θαλάσσης,

2414 2862 2576 2931 ήχους
2628 2862 2885 2932 κυμάτων
2923 2861 3108 2929 αὐτῆς.
3147 2880 3163 2911 ι
3220 2861 3316 2923 Τίς
3368 2861 3781 2930 ὗποστήσεταις.
3816 2877 3834 2909 ι
3866 2860 3974 2912 Τα-

2420 2950 2773 3021 ραχθήσονται
2800 2950 2944 3019 ἔθνη.
2979 2969 2996 3000 ι
3033 2950 3214 3003 Ταῦτα
3248 2949 3571 3020 θεασάμενοι
3599 2952 3646 3001 οἱ
3666 2948 3975 3003 κατοικοῦν-

2414 3058 2504 3104 τες
2527 3040 2593 3093 τά
2616 3042 2845 3112 πέρατα,
2882 3042 3223 3114 ἐφοϐήθησαν
3248 3043 3355 3095 άπὸ
3378 3042 3483 3095 τῶν
3518 3042 3762 3113 σημείων
3790 3041 3969 3095 αὐτοῦ.

2418 3134 2677 3205 Δηλοῦται
2716 3135 2771 3187 δὲ
2811 3136 2899 3187 διὰ
2937 3135 3139 3188 τούτων
3181 3138 3213 3204 ή
3249 3133 3354 3188 τῶν
3388 3133 3555 3186 πάλαι
3598 3132 4004 3204 ἐπαιρομένων-

765 3218 987 3299 quidem-
1008 3217 1135 3271 olim
1168 3218 1418 3288 gentibus
1451 3228 1654 3273 terram
1687 3218 2050 3273 incolentibus
2080 3217 2316 3272 domina-
2342 3233 2385 3291 α
2416 3241 2503 3277 και

2269 3234 2316 3271 a-
2342 3233 2385 3291 α
2416 3224 2557 3277 κατὰ
2612 3225 2709 3295 τῆς
2754 3223 3004 3291 γνώσεως
3047 3224 3141 3276 τοῦ
3176 3224 3310 3277 Θεοῦ
3356 3221 3605 3293 πονηρῶν
3659 3222 4007 3291 πνευμάτωνι

766 3312 981 3374 bantur,
1033 3319 1086 3365 et
1130 3310 1378 3365 humana:
1426 3309 1551 3363 vitae
1601 3322 1752 3364 mare
1794 3308 2218 3363 commiscebant
2263 3319 2317 3363 et
2387 3318 2394 3323 '

2422 3315 2744 3377 ταπείνωσις
2778 3316 2870 3375 καὶ
2910 3314 3278 3385 ήκαθαίρεσις
3317 3314 3417 3383 τῆς
3454 3312 3979 3384 διαδολικῆςπαρα-

2422 3401 2657 3467 τάξεως,
2694 3403 2872 3473 ἀρχῶν
2895 3396 2898 3401 ’
2919 3403 3117 3475 δηλαδὴ
3166 3404 3257 3457 καὶ
3307 3402 3581 3467 ἐξουσιῶν,
3632 3402 3725 3457 καὶ
3783 3419 3981 3474 κοσμο-

2424 3494 2702 3571 κρατόρων
2738 3494 2831 3547 καὶ
2882 3494 3260 3564 πνευματικῶν
3319 3495 3419 3563 τῆς
3473 3494 3763 3565 πονηρίας·
3815 3492 3980 3547 ’ἅτινα
4086 3529 4095 3535 -

2425 3584 2590 3638 πάλαι
2628 3585 2725 3655 μὲν
2751 3585 3072 3655 κατεκράτει
3099 3585 3207 3639 τῶν
3236 3587 3327 3638 ἐπὶ
3351 3586 3451 3655 γῆς
3474 3582 3761 3638 οἰκούντων
3789 3578 3984 3647 ἐθνῶν,

2426 3675 2694 3729 συνεκύκα
2764 3692 2822 3727 τε
2882 3675 2978 3728 καὶ
3046 3677 3401 3747 συνετάραττε
3455 3676 3554 3746 τὴν
3619 3673 3712 3728 τοῦ
3772 3673 3986 3745 ἄνθρω-

2427 3762 2578 3815 πείου
2627 3762 2742 3830 βίου
2800 3762 3093 3827 θάλασσαν,
3134 3764 3209 3828 ὡς
3254 3763 3389 3817 θεῶν
3432 3762 3589 3828 δόξαν
3637 3762 3984 3816 ἀποστέλλειν

2428 3852 2575 3921 παρὰ
2597 3854 2730 3905 πᾶσι
2771 3855 2881 3915 τοῖς
2902 3853 2957 3905 τὲ
2982 3853 3079 3922 τῆς
3254 3852 3459 3906 οἰκοῦσι
3487 3854 3762 3923 στοιχεῖον.
3796 3851 3982 3923 Καθή-

2429 3958 2587 4011 ρηται
2630 3940 2688 3993 δὲ
2749 3941 2923 3994 πάντα
2980 3942 3073 3994 καὶ
3134 3941 3535 4013 ἀνατέτραπται
3584 3940 3676 3993 διὰ
3730 3939 3828 4008 τῆς
3876 3955 3985 3993 σω-

2424 4032 2612 4101 τηρίου
2663 4030 2995 4097 θεοφανείας.
3047 4030 3127 4084 Τὰ
3165 4032 3323 4102 ὅμοια
3369 4030 3425 4083 δὲ
3468 4029 3673 4091 τούτοις
3703 4030 3797 4081 καὶ
3830 4029 3987 4092 ἄλλος

2428 4124 2709 4192 προφήτης
2742 4115 2841 4175 ὧδε
2892 4121 3135 4185 θεσπίζει
3178 4121 3384 4189 λέγων’
3443 4138 3461 4170 ι
3501 4119 3819 4181 Ἀκούσατε,
3868 4120 3989 4173 λαοὶ

2430 4212 2625 4274 πάντες
2661 4212 2710 4264 oi
2741 4212 3116 4274 κατοικοῦντες
3160 4214 3215 4264 ἐν
3247 4213 3441 4281 αὐτῇ·⁴
3468 4211 3579 4264 καὶ“
3599 4212 3750 4265 ἔσται
3788 4213 3817 4264 6
3838 4213 3989 4276 ’Θεὸς

2430 4303 2558 4371 ὑμῖν
2602 4304 2680 4365 είς
2725 4302 3041 4372 μαρτύριον,
3086 4301 3287 4370 Κύριος
3325 4300 3385 4364 ἐξ
3430 4301 3577 4353 οἴκου
3619 4301 3773 4370 ἁγίου
3801 4301 3986 4357 αὐτοῦ.

2432 4393 2573 4446 Διότι
2609 4393 2714 4446 ἰδοὺ
2739 4393 2943 4463 Κύριος
2976 4392 3337 4461 καταόήσεται
3378 4396 3440 4446 ἐκ
3470 4392 3563 4446 τοῦ
3595 4395 3757 4447 τόπου
3786 4392 3952 4446 αὐτοῦ
3970 4409 3985 4423 ’

2433 4485 2525 4536 καὶ
2542 4484 2880 4555 ἐπιϐήσεται,
2911 4482 3114 4554 Κύριος
3137 4483 3229 4537 ἐπὶ
3257 4483 3322 4536 τὰ
3346 4482 3451 4553 ὕψη
3472 4483 3573 4553 τῆς
3586 4484 3705 4553 γῆς.
3747 4484 3855 4536 Καὶ
3868 4500 3991 4537 συν-

781 4577 903 4632 dem
946 4575 1177 4639 Domini
1200 4576 1519 4631 descensum
1571 4590 1637 4630 ex
1682 4574 1835 4628 caelis
1860 4573 1914 4627 in
1939 4580 2143 4627 terram
2177 4589 2325 4628 com-
2358 4570 2403 4625 D
2430 4592 2517 4646 τρι

2251 4590 2325 4628 m-
2358 4570 2403 4625 Β
2430 4574 2742 4646 τριϐήσεται
2761 4573 2829 4627 τὰ
2843 4573 2941 4645 ὅρη
2958 4574 3303 4628 ὑποκάτωθεν
3323 4573 3486 4647 αὑτοῦ
3507 4590 3517 4603 ·
3546 4575 3640 4625 καὶ
3666 4574 3722 4625 αί
3748 4573 3989 4638 κοιλάδες

783 4666 1061 4739 plectitur,
1086 4665 1289 4719 dictum
1315 4675 1396 4720 est
1427 4675 1520 4735 τι
1541 4663 1603 4718 Et
1629 4670 1906 4718 commota
1930 4670 2013 4718 est
2046 4671 2099 4716 et
2124 4669 2330 4717 contre-

786 4760 925 4813 muit
954 4766 1120 4819 terra,
1145 4754 1493 4810 fundamenta
1535 4758 1796 4809 montium
1831 4754 2156 4810 conturbata
2191 4762 2329 4807 sunt

786 4860 839 4905 et
870 4858 1133 4903 commota
1183 4853 1329 4909 sunt,
1369 4846 1622 4915 quoniam
1671 4847 1845 4902 iratus
1888 4854 1970 4902 est
2018 4846 2100 4901 eis
2150 4844 2332 4898 Domi-

792 4936 965 4995 nus".
1004 4961 1022 4992 ι
1053 4938 1150 4993 llis
1183 4953 1347 5009 porro
1400 4938 1695 4992 descensus
1733 4936 1963 4999 Domini,
2004 4938 2057 4992 id
2112 4944 2193 4992 est
2237 4936 2331 4990 Dei

694 5052 697 5055 λ
794 5040 969 5091 ‘te’rnt,
1001 5028 1371 5097 signiﬁcatur;
1407 5026 1709 5096 deindeque
1752 5028 2087 5081 occultarum
2113 5036 2166 5083 et
2196 5027 2335 5080 invi-

791 5118 1028 5175 sibilium
1080 5124 1430 5184 potestatum,
1461 5131 1581 5186 quae
1608 5116 1736 5169 olim
1778 5115 1833 5167 in
1882 5116 2111 5171 sublime
2160 5118 2335 5185 erige-

788 5211 1006 5265 bantur.
1037 5214 1090 5260 et
1114 5207 1180 5259 ab
1205 5209 1455 5262 omnibus
1490 5208 1739 5278 gentibus
1782 5206 2119 5271 colebantur,
2150 5208 2331 5267 ruina,

788 5300 1017 5367 abjectio
1048 5306 1102 5351 et
1131 5298 1435 5365 dissipatio,
1464 5312 1585 5366 quae
1624 5300 1678 5351 in
1709 5298 1827 5367 ejus
1848 5297 1912 5350 ad
1942 5298 2197 5353 homines
2241 5297 2335 5351 de-

790 5372 985 5441 scensu
1008 5386 1252 5457 contigit.
1280 5384 1456 5452 Quare
1486 5388 1539 5440 in
1564 5389 1812 5455 praesenti
1851 5388 2050 5441 dicitur
2082 5405 2156 5461 χι
2193 5388 2338 5441 Prae-

791 5492 988 5547 parans
1026 5486 1235 5535 montes
1288 5480 1341 5532 in
1393 5479 1594 5531 virtute
1643 5493 1760 5542 sua,
1813 5478 2093 5533 accinctus
2143 5485 2335 5549 poten-

795 5566 890 5619 tia.
928 5587 945 5618 ι
980 5566 1222 5621 Potentia
1254 5570 1410 5621 enim»
1441 5567 1743 5630 accinctus,
1776 5565 2091 5622 fortitudine
2131 5568 2339 5621 scilicet

794 5670 913 5717 sua,
962 5656 1249 5725 pmdictos
1299 5665 1509 5712 montes
1558 5656 1797 5711 nondum
1847 5656 2063 5725 quidem
2114 5670 2339 5729 prorsus

862 5830 907 5862 ιο
944 5828 1104 5885 Mich.
1138 5845 1177 5897 ι,
1208 5831 1322 5907 ε-ι.
1398 5834 1439 5871 ι’
1463 5796 1605 5888 Psal.
1632 5846 1765 5899 xm,
1796 5829 1850 5888 8.

2427 4668 2753 4737 τακήσονται
2793 4666 2867 4729 ὼς
2898 4666 3065 4735 κηρὸς
3100 4666 3208 4718 ἀπὸ
3232 4664 3520 4736 προσώπου
3567 4663 3733 4733 πυρὸς
3764 4663 3829 4716 δι’
3862 4664 3991 4717 ἀσέ-

2429 4760 2575 4812 ϐειαν
2624 4756 2843 4811 ἰακώὸο
2880 4755 3049 4809 ταῦτα
3089 4756 3263 4810 πάντα
3300 4754 3393 4807 καὶ
3432 4754 3497 4831 δι’
3540 4754 3810 4824 ἁμαρτίαν
3841 4753 3990 4807 οῐκου

2442 4849 2673 4921 Ἰσραήλ.
2716 4868 2733 4900 ι
2759 4848 2916 4901 Ἀλλὰ
2944 4849 3036 4901 καϊ
3069 4851 3126 4902 ἐν
3151 4847 3228 4917 τῷ
3259 4844 3323 4908 ιζ’
3346 4843 3564 4914 ψαλμῷ,
3607 4842 3703 4915 τὴν
3744 4842 3803 4908 ἐξ
3829 4846 3993 4916 οὐρα·

2429 4939 2534 4991 νῶν
2562 4942 2653 4992 ἐπὶ
2674 4938 2776 5008 γῆς
2800 4938 3095 4991 κατάϐασιν
3117 4936 3209 4989 τοῦ
3236 4932 3396 4987 αὑτοῦ
3428 4932 3629 5004 Κυρίου
3666 4933 3990 5005 περιέχοντι.

2431 5028 2706 5081 λέλεκται·
2741 5045 2759 5075 ι
2802 5028 2909 5078 Καϊ
2950 5023 3210 5092 ἐσαλεύθη
3249 5022 3341 5074 καὶ
3387 5021 3642 5092 ἔντρομος
3684 5021 3907 5093 ἐγενήθη
3958 5023 3991 5091 ή

2432 5112 2538 5181 γῆ,
2583 5113 2678 5166 καὶ
2720 5112 2789 5164 τά
2838 5111 3059 5181 θεμέλια
3105 5108 3212 5161 τῶν
3259 5109 3427 5178 ὀρέων
3472 5109 3845 5181 ἐταράχθησαν
3897 5110 3994 5162 καὶ

2434 5204 2817 5274 ἐσαλεύθησαν,
2843 5204 2922 5255 δτι
2954 5199 3195 5270 ὠργίσθη
3226 5200 3403 5263 αὐτοῖς
3431 5202 3459 5254 6
3488 5201 3709 5272 Κύριος.
3740 5219 3759 5252 ι
3788 5201 3996 5272 Σημαί-

2435 5313 2476 5346 ν’
2498 5312 2580 5348 ται
2604 5295 2661 5348 δὲ
2694 5294 2778 5347 διὰ
2818 5290 3267 5356 τούτων-κάθοδος
3297 5290 3387 5343 τοῦ
3416 5291 3643 5361 Κυρίου,
3665 5288 3864 5359 δηλαδὴ
3896 5288 4002 5340 τοῦ

2436 5385 2568 5438 Θεοῦ
2601 5386 2771 5460 Λόγου
2791 5401 2803 5413 ·
2834 5380 2928 5435 εἶτ’
2963 5382 3054 5435 ἐπὶ
3080 5384 3145 5451 τῇ
3182 5384 3261 5446 είς
3304 5380 3618 5452 ἀνθρώπους
3662 5379 3870 5447 καθόδῳ
3898 5377 3996 5431 at};

2437 5477 2527 5529 τοῦ
2562 5477 2667 5529 τῶν
2704 5474 2920 5544 ἀφανῶν
2942 5537 2949 5545 ,
2971 5474 3063 5527 καὶ
3094 5473 3336 5545 ἀοράτων
3368 5472 3645 5550 δυνάμεων
3679 5470 3795 5523 τῶν
3828 5468 3993 5525 πάλαι

2438 5569 2516 5629 εἰς
2544 5567 2674 5637 ὕψος
2702 5565 3042 5636 ἐπηρμένων,
3075 5563 3166 5617 καὶ
3203 5563 3519 5635 παρὰγπᾶσι
3547 5565 3658 5622 τοῖς
3697 5557 3873 5611 ῑθνεσι
3909 5574 3997 5612 τερ

2440 5658 2754 5729 τιμημένων
2776 5655 3086 5727 καθαίρεσις
3108 5655 3199 5710 καὶ
3222 5653 3541 5714 ταπείνωσις
3559 5649 3653 5703 καὶ
3672 5647 4020 5718 σκεδασμόςυ

4312 2290 4321 2511 ι

4302 2570 4318 2819 έ

4306 2882 4320 3133 i
