  <div class='ocr_page' id='page_1' title='image "/cluster/home/n/w/nwhite01/storage/ocr_20150623/23/coo.31924054873041/335.png"; bbox 0 0 4402 6402; ppageno 0'>
   <div class='ocr_carea' id='block_1_1' title="bbox 889 475 4094 534">
    <p class='ocr_par' dir='ltr' id='par_1_1' title="bbox 889 475 4094 534">
     <span class='ocr_line' id='line_1_1' title="bbox 889 475 4094 534; baseline -0.001 -1"><span class='ocrx_word' id='word_1_1' title='bbox 889 479 989 533; x_wconf 71' lang='lat'><strong>€50</strong></span> <span class='ocrx_word' id='word_1_2' title='bbox 1598 477 1862 532; x_wconf 82' lang='lat' dir='ltr'><strong>EUSEBII</strong></span> <span class='ocrx_word' id='word_1_3' title='bbox 1900 477 2376 532; x_wconf 66' lang='lat' dir='ltr'><strong>CESARJENSIS</strong></span> <span class='ocrx_word' id='word_1_4' title='bbox 2411 477 2558 533; x_wconf 84' lang='lat' dir='ltr'><strong>OPP.</strong></span> <span class='ocrx_word' id='word_1_5' title='bbox 2595 478 2771 533; x_wconf 72' lang='lat' dir='ltr'><strong>PARS</strong></span> <span class='ocrx_word' id='word_1_6' title='bbox 2809 478 2893 534; x_wconf 88' lang='lat' dir='ltr'><strong>Ill.</strong></span> <span class='ocrx_word' id='word_1_7' title='bbox 2933 508 3001 520; x_wconf 90' lang='grc'><strong>--</strong></span> <span class='ocrx_word' id='word_1_8' title='bbox 3039 476 3441 532; x_wconf 75' lang='lat' dir='ltr'><strong>EXEGETIGA.</strong></span> <span class='ocrx_word' id='word_1_9' title='bbox 3925 522 3929 526; x_wconf 91' lang='lat'><strong>.</strong></span> <span class='ocrx_word' id='word_1_10' title='bbox 3991 475 4094 530; x_wconf 68' lang='lat'><strong>640</strong></span> 
     </span>
    </p>
   </div>
   <div class='ocr_carea' id='block_1_2' title="bbox 892 585 2630 666">
    <p class='ocr_par' dir='ltr' id='par_1_2' title="bbox 892 592 2622 666">
     <span class='ocr_line' id='line_1_2' title="bbox 892 592 2622 666; baseline 0.002 -21"><span class='ocrx_word' id='word_1_11' title='bbox 892 605 1104 646; x_wconf 92' lang='lat' dir='ltr'><strong>montes</strong></span> <span class='ocrx_word' id='word_1_12' title='bbox 1145 592 1430 652; x_wconf 83' lang='lat' dir='ltr'><strong>exaltatos,</strong></span> <span class='ocrx_word' id='word_1_13' title='bbox 1464 607 1612 647; x_wconf 88' lang='lat' dir='ltr'><strong>mare</strong></span> <span class='ocrx_word' id='word_1_14' title='bbox 1663 608 1990 647; x_wconf 88' lang='lat' dir='ltr'><strong>concussum</strong></span> <span class='ocrx_word' id='word_1_15' title='bbox 2041 593 2229 656; x_wconf 78' lang='lat' dir='ltr'><strong>fuisse,</strong></span> <span class='ocrx_word' id='word_1_16' title='bbox 2257 603 2310 649; x_wconf 91' lang='lat' dir='ltr'><strong>et</strong></span> <span class='ocrx_word' id='word_1_17' title='bbox 2351 609 2438 649; x_wconf 84' lang='lat' dir='ltr'><strong>so-</strong></span> <span class='ocrx_word' id='word_1_18' title='bbox 2469 611 2512 658; x_wconf 74' lang='grc' dir='ltr'><strong>Α</strong></span> <span class='ocrx_word' id='word_1_19' title='bbox 2540 596 2622 666; x_wconf 76' lang='grc' dir='ltr'>δὴ,</span> 
     </span>
    </p>
   </div>
   <div class='ocr_carea' id='block_1_3' title="bbox 2351 585 4089 666">
    <p class='ocr_par' dir='ltr' id='par_1_3' title="bbox 2351 585 4089 666">
     <span class='ocr_line' id='line_1_3' title="bbox 2351 585 4089 666; baseline -0.003 -17"><span class='ocrx_word' id='word_1_20' title='bbox 2351 609 2438 649; x_wconf 86' lang='lat' dir='ltr'><strong>so-</strong></span> <span class='ocrx_word' id='word_1_21' title='bbox 2469 611 2512 658; x_wconf 74' lang='grc' dir='ltr'><strong>Α</strong></span> <span class='ocrx_word' id='word_1_22' title='bbox 2540 596 2622 666; x_wconf 77' lang='grc' dir='ltr'><strong>δὴ,</strong></span> <span class='ocrx_word' id='word_1_23' title='bbox 2674 596 2872 665; x_wconf 78' lang='grc' dir='ltr'>πολλῆς</span> <span class='ocrx_word' id='word_1_24' title='bbox 2912 595 3209 665; x_wconf 77' lang='grc' dir='ltr'>αἰσθήσεως</span> <span class='ocrx_word' id='word_1_25' title='bbox 3245 593 3614 662; x_wconf 79' lang='grc' dir='ltr'><strong>μετασχόντες,</strong></span> <span class='ocrx_word' id='word_1_26' title='bbox 3652 585 3718 645; x_wconf 82' lang='grc' dir='ltr'>τὰ</span> <span class='ocrx_word' id='word_1_27' title='bbox 3759 593 3957 661; x_wconf 77' lang='grc' dir='ltr'>σημεῖα</span> <span class='ocrx_word' id='word_1_28' title='bbox 3997 591 4089 644; x_wconf 87' lang='grc' dir='ltr'><strong>τοῦ</strong></span> 
     </span>
    </p>
   </div>
   <div class='ocr_carea' id='block_1_4' title="bbox 891 679 2629 751">
    <p class='ocr_par' dir='ltr' id='par_1_4' title="bbox 891 681 2629 750">
     <span class='ocr_line' id='line_1_4' title="bbox 891 681 2629 750; baseline -0.002 -14"><span class='ocrx_word' id='word_1_29' title='bbox 891 697 1020 736; x_wconf 88' lang='lat' dir='ltr'><strong>num</strong></span> <span class='ocrx_word' id='word_1_30' title='bbox 1061 682 1316 735; x_wconf 77' lang='lat' dir='ltr'><strong>[luctuum</strong></span> <span class='ocrx_word' id='word_1_31' title='bbox 1347 697 1467 736; x_wconf 90' lang='lat' dir='ltr'><strong>esse</strong></span> <span class='ocrx_word' id='word_1_32' title='bbox 1517 683 1804 750; x_wconf 86' lang='lat' dir='ltr'><strong>impiorum</strong></span> <span class='ocrx_word' id='word_1_33' title='bbox 1862 693 1916 736; x_wconf 91' lang='lat' dir='ltr'><strong>et</strong></span> <span class='ocrx_word' id='word_1_34' title='bbox 1965 685 2246 738; x_wconf 88' lang='lat' dir='ltr'><strong>atheorum</strong></span> <span class='ocrx_word' id='word_1_35' title='bbox 2301 685 2446 740; x_wconf 83' lang='lat' dir='ltr'><strong>blas-</strong></span> <span class='ocrx_word' id='word_1_36' title='bbox 2540 681 2629 732; x_wconf 69' lang='lat' dir='ltr'><strong>2w</strong></span> 
     </span>
    </p>
   </div>
   <div class='ocr_carea' id='block_1_5' title="bbox 2352 679 4090 751">
    <p class='ocr_par' dir='ltr' id='par_1_5' title="bbox 2359 679 4090 751">
     <span class='ocr_line' id='line_1_5' title="bbox 2359 679 4090 751; baseline 0.001 -20"><span class='ocrx_word' id='word_1_37' title='bbox 2359 701 2446 740; x_wconf 76' lang='lat' dir='ltr'><strong>as-</strong></span> <span class='ocrx_word' id='word_1_38' title='bbox 2540 681 2785 751; x_wconf 83' lang='grc' dir='ltr'>Σωτῆρος</span> <span class='ocrx_word' id='word_1_39' title='bbox 2850 680 3004 750; x_wconf 85' lang='grc' dir='ltr'>ήμῶν</span> <span class='ocrx_word' id='word_1_40' title='bbox 3050 679 3389 748; x_wconf 85' lang='grc' dir='ltr'>θεασάμενοι,</span> <span class='ocrx_word' id='word_1_41' title='bbox 3448 681 3496 730; x_wconf 87' lang='lat' dir='ltr'><strong>oi</strong></span> <span class='ocrx_word' id='word_1_42' title='bbox 3550 681 3606 731; x_wconf 80' lang='grc' dir='ltr'><strong>ὲν</strong></span> <span class='ocrx_word' id='word_1_43' title='bbox 3655 681 3792 749; x_wconf 80' lang='grc' dir='ltr'>ἀρχῇ</span> <span class='ocrx_word' id='word_1_44' title='bbox 3841 679 4090 746; x_wconf 83' lang='grc' dir='ltr'>γεγόνασι</span> 
     </span>
    </p>
   </div>
   <div class='ocr_carea' id='block_1_6' title="bbox 890 768 2628 841">
    <p class='ocr_par' dir='ltr' id='par_1_6' title="bbox 890 772 2628 841">
     <span class='ocr_line' id='line_1_6' title="bbox 890 772 2628 841; baseline -0.001 -17"><span class='ocrx_word' id='word_1_45' title='bbox 890 773 1077 841; x_wconf 85' lang='lat' dir='ltr'><strong>phema</strong></span> <span class='ocrx_word' id='word_1_46' title='bbox 1113 772 1445 836; x_wconf 71' lang='lat' dir='ltr'><strong>dieta?Quze</strong></span> <span class='ocrx_word' id='word_1_47' title='bbox 1476 787 1605 826; x_wconf 89' lang='lat' dir='ltr'><strong>sane</strong></span> <span class='ocrx_word' id='word_1_48' title='bbox 1637 774 1818 826; x_wconf 82' lang='lat' dir='ltr'><strong>omnia</strong></span> <span class='ocrx_word' id='word_1_49' title='bbox 1863 774 1952 828; x_wconf 91' lang='lat' dir='ltr'><strong>ille</strong></span> <span class='ocrx_word' id='word_1_50' title='bbox 2005 776 2246 828; x_wconf 88' lang='lat' dir='ltr'><strong>omnium</strong></span> <span class='ocrx_word' id='word_1_51' title='bbox 2289 783 2444 830; x_wconf 74' lang='lat' dir='ltr'><strong>terra:</strong></span> <span class='ocrx_word' id='word_1_52' title='bbox 2541 789 2628 839; x_wconf 69' lang='lat' dir='ltr'><strong>aeq</strong></span> 
     </span>
    </p>
   </div>
   <div class='ocr_carea' id='block_1_7' title="bbox 2353 768 4091 841">
    <p class='ocr_par' dir='ltr' id='par_1_7' title="bbox 2353 768 4091 841">
     <span class='ocr_line' id='line_1_7' title="bbox 2353 768 4091 841; baseline -0.002 -17"><span class='ocrx_word' id='word_1_53' title='bbox 2353 792 2444 830; x_wconf 69' lang='lat' dir='ltr'><strong>rm</strong></span> <span class='ocrx_word' id='word_1_54' title='bbox 2541 772 2748 839; x_wconf 84' lang='grc' dir='ltr'>σοφίας,</span> <span class='ocrx_word' id='word_1_55' title='bbox 2779 770 2868 823; x_wconf 83' lang='grc' dir='ltr'><strong>τὸν</strong></span> <span class='ocrx_word' id='word_1_56' title='bbox 2901 770 3059 838; x_wconf 76' lang='grc' dir='ltr'>φόϐον</span> <span class='ocrx_word' id='word_1_57' title='bbox 3089 769 3180 822; x_wconf 91' lang='grc' dir='ltr'><strong>τοῦ</strong></span> <span class='ocrx_word' id='word_1_58' title='bbox 3221 768 3354 841; x_wconf 67' lang='grc' dir='ltr'>Θεοῦ</span> <span class='ocrx_word' id='word_1_59' title='bbox 3407 768 3767 839; x_wconf 75' lang='grc' dir='ltr'><strong>ἀνειληφότες.</strong></span> <span class='ocrx_word' id='word_1_60' title='bbox 3811 768 3903 832; x_wconf 87' lang='grc' dir='ltr'>Τίς</span> <span class='ocrx_word' id='word_1_61' title='bbox 3936 768 3990 820; x_wconf 84' lang='grc' dir='ltr'>δὲ</span> <span class='ocrx_word' id='word_1_62' title='bbox 4025 768 4091 822; x_wconf 77' lang='grc' dir='ltr'><strong>τά</strong></span> 
     </span>
    </p>
   </div>
   <div class='ocr_carea' id='block_1_8' title="bbox 888 856 2626 940">
    <p class='ocr_par' dir='ltr' id='par_1_8' title="bbox 888 859 2626 926">
     <span class='ocr_line' id='line_1_8' title="bbox 888 859 2626 926; baseline 0.002 -12"><span class='ocrx_word' id='word_1_63' title='bbox 888 866 1242 915; x_wconf 86' lang='lat' dir='ltr'><strong>terminorum</strong></span> <span class='ocrx_word' id='word_1_64' title='bbox 1280 861 1558 925; x_wconf 81' lang='lat' dir='ltr'><strong>Servator,</strong></span> <span class='ocrx_word' id='word_1_65' title='bbox 1585 864 1668 916; x_wconf 89' lang='lat' dir='ltr'><strong>vel</strong></span> <span class='ocrx_word' id='word_1_66' title='bbox 1716 864 1832 917; x_wconf 92' lang='lat' dir='ltr'><strong>solo</strong></span> <span class='ocrx_word' id='word_1_67' title='bbox 1875 875 2004 917; x_wconf 91' lang='lat' dir='ltr'><strong>nutu</strong></span> <span class='ocrx_word' id='word_1_68' title='bbox 2040 865 2091 918; x_wconf 91' lang='lat' dir='ltr'><strong>in</strong></span> <span class='ocrx_word' id='word_1_69' title='bbox 2122 866 2319 919; x_wconf 89' lang='lat' dir='ltr'><strong>virtute</strong></span> <span class='ocrx_word' id='word_1_70' title='bbox 2346 881 2444 920; x_wconf 92' lang='lat' dir='ltr'><strong>sua</strong></span> <span class='ocrx_word' id='word_1_71' title='bbox 2541 859 2626 926; x_wconf 68' lang='grc' dir='ltr'>ὕψι</span> 
     </span>
    </p>
   </div>
   <div class='ocr_carea' id='block_1_9' title="bbox 2352 856 4090 940">
    <p class='ocr_par' dir='ltr' id='par_1_9' title="bbox 2352 856 4090 930">
     <span class='ocr_line' id='line_1_9' title="bbox 2352 856 4090 930; baseline -0.006 -10"><span class='ocrx_word' id='word_1_72' title='bbox 2352 881 2444 920; x_wconf 86' lang='lat' dir='ltr'><strong>sua</strong></span> <span class='ocrx_word' id='word_1_73' title='bbox 2541 859 2802 930; x_wconf 69' lang='grc' dir='ltr'>ὃψώματα</span> <span class='ocrx_word' id='word_1_74' title='bbox 2826 858 2932 910; x_wconf 84' lang='grc' dir='ltr'>τῶν</span> <span class='ocrx_word' id='word_1_75' title='bbox 2965 857 3100 910; x_wconf 84' lang='grc' dir='ltr'>κατὰ</span> <span class='ocrx_word' id='word_1_76' title='bbox 3127 858 3348 928; x_wconf 88' lang='grc' dir='ltr'>χρόνους</span> <span class='ocrx_word' id='word_1_77' title='bbox 3377 857 3648 927; x_wconf 78' lang='grc' dir='ltr'><strong>ἀρχόντων</strong></span> <span class='ocrx_word' id='word_1_78' title='bbox 3687 858 3779 910; x_wconf 80' lang='grc' dir='ltr'><strong>καὶ</strong></span> <span class='ocrx_word' id='word_1_79' title='bbox 3819 856 3915 919; x_wconf 82' lang='grc' dir='ltr'>τὰς</span> <span class='ocrx_word' id='word_1_80' title='bbox 3953 857 4090 910; x_wconf 84' lang='grc' dir='ltr'><strong>κατά</strong></span> 
     </span>
    </p>
   </div>
   <div class='ocr_carea' id='block_1_10' title="bbox 887 941 2625 1026">
    <p class='ocr_par' dir='ltr' id='par_1_10' title="bbox 887 949 2625 1026">
     <span class='ocr_line' id='line_1_10' title="bbox 887 949 2625 1026; baseline 0.004 -23"><span class='ocrx_word' id='word_1_81' title='bbox 887 954 1187 1018; x_wconf 86' lang='lat' dir='ltr'><strong>deprimere</strong></span> <span class='ocrx_word' id='word_1_82' title='bbox 1219 954 1536 1020; x_wconf 79' lang='lat' dir='ltr'><strong>consuevit;</strong></span> <span class='ocrx_word' id='word_1_83' title='bbox 1566 955 1635 1006; x_wconf 90' lang='lat' dir='ltr'><strong>ita</strong></span> <span class='ocrx_word' id='word_1_84' title='bbox 1665 963 1723 1007; x_wconf 94' lang='lat' dir='ltr'><strong>ut</strong></span> <span class='ocrx_word' id='word_1_85' title='bbox 1767 956 1856 1024; x_wconf 90' lang='lat' dir='ltr'><strong>qui</strong></span> <span class='ocrx_word' id='word_1_86' title='bbox 1915 957 2123 1010; x_wconf 88' lang='lat' dir='ltr'><strong>ruinam</strong></span> <span class='ocrx_word' id='word_1_87' title='bbox 2177 966 2226 1010; x_wconf 87' lang='lat' dir='ltr'><strong>et</strong></span> <span class='ocrx_word' id='word_1_88' title='bbox 2274 960 2450 1026; x_wconf 87' lang='lat' dir='ltr'><strong>perni—</strong></span> <span class='ocrx_word' id='word_1_89' title='bbox 2546 949 2625 1018; x_wconf 71' lang='grc' dir='ltr'><strong>ιῆς</strong></span> 
     </span>
    </p>
   </div>
   <div class='ocr_carea' id='block_1_11' title="bbox 2351 941 4089 1026">
    <p class='ocr_par' dir='ltr' id='par_1_11' title="bbox 2351 941 4089 1018">
     <span class='ocr_line' id='line_1_11' title="bbox 2351 941 4089 1018; baseline 0 -18"><span class='ocrx_word' id='word_1_90' title='bbox 2351 960 2450 1009; x_wconf 79' lang='lat' dir='ltr'><strong>mi-</strong></span> <span class='ocrx_word' id='word_1_91' title='bbox 2546 949 2630 1018; x_wconf 58' lang='grc' dir='ltr'>τῆς</span> <span class='ocrx_word' id='word_1_92' title='bbox 2665 941 2985 1016; x_wconf 82' lang='grc' dir='ltr'>Ἕκκλησίας</span> <span class='ocrx_word' id='word_1_93' title='bbox 3039 947 3132 999; x_wconf 90' lang='grc' dir='ltr'><strong>τοῦ</strong></span> <span class='ocrx_word' id='word_1_94' title='bbox 3187 946 3318 1000; x_wconf 89' lang='grc' dir='ltr'>Θεοῦ</span> <span class='ocrx_word' id='word_1_95' title='bbox 3377 947 3798 1012; x_wconf 69' lang='grc' dir='ltr'>ἐπαναστάσεις,</span> <span class='ocrx_word' id='word_1_96' title='bbox 3860 947 3982 1010; x_wconf 88' lang='grc' dir='ltr'>τούς</span> <span class='ocrx_word' id='word_1_97' title='bbox 4033 964 4089 1000; x_wconf 72' lang='grc' dir='ltr'><strong>τε</strong></span> 
     </span>
    </p>
   </div>
   <div class='ocr_carea' id='block_1_12' title="bbox 886 1037 2624 1116">
    <p class='ocr_par' dir='ltr' id='par_1_12' title="bbox 886 1039 2624 1116">
     <span class='ocr_line' id='line_1_12' title="bbox 886 1039 2624 1116; baseline 0.005 -26"><span class='ocrx_word' id='word_1_98' title='bbox 886 1039 1022 1090; x_wconf 85' lang='lat' dir='ltr'><strong>ciem</strong></span> <span class='ocrx_word' id='word_1_99' title='bbox 1055 1055 1240 1091; x_wconf 91' lang='lat' dir='ltr'><strong>eorum</strong></span> <span class='ocrx_word' id='word_1_100' title='bbox 1291 1040 1635 1116; x_wconf 82' lang='lat' dir='ltr'><strong>conspiciunt</strong></span> <span class='ocrx_word' id='word_1_101' title='bbox 1679 1043 1998 1107; x_wconf 82' lang='lat' dir='ltr'><strong>turbentur;</strong></span> <span class='ocrx_word' id='word_1_102' title='bbox 2037 1043 2126 1094; x_wconf 88' lang='lat' dir='ltr'><strong>alii</strong></span> <span class='ocrx_word' id='word_1_103' title='bbox 2161 1058 2290 1097; x_wconf 87' lang='lat' dir='ltr'><strong>vero</strong></span> <span class='ocrx_word' id='word_1_104' title='bbox 2321 1044 2446 1098; x_wconf 90' lang='lat' dir='ltr'><strong>hinc</strong></span> <span class='ocrx_word' id='word_1_105' title='bbox 2537 1040 2624 1091; x_wconf 73' lang='grc' dir='ltr'><strong>δια</strong></span> 
     </span>
    </p>
   </div>
   <div class='ocr_carea' id='block_1_13' title="bbox 2350 1037 4088 1116">
    <p class='ocr_par' dir='ltr' id='par_1_13' title="bbox 2361 1037 4088 1108">
     <span class='ocr_line' id='line_1_13' title="bbox 2361 1037 4088 1108; baseline -0.002 -14"><span class='ocrx_word' id='word_1_106' title='bbox 2361 1045 2446 1098; x_wconf 90' lang='lat' dir='ltr'><strong>inc</strong></span> <span class='ocrx_word' id='word_1_107' title='bbox 2537 1040 2803 1108; x_wconf 76' lang='grc' dir='ltr'><strong>διωγμοὺς</strong></span> <span class='ocrx_word' id='word_1_108' title='bbox 2832 1039 2922 1091; x_wconf 82' lang='grc' dir='ltr'><strong>καὶ</strong></span> <span class='ocrx_word' id='word_1_109' title='bbox 2955 1037 3049 1100; x_wconf 86' lang='grc' dir='ltr'>τὰς</span> <span class='ocrx_word' id='word_1_110' title='bbox 3077 1037 3298 1100; x_wconf 79' lang='grc' dir='ltr'>ἀπειλὰς</span> <span class='ocrx_word' id='word_1_111' title='bbox 3321 1038 3426 1090; x_wconf 82' lang='grc' dir='ltr'>τῶν</span> <span class='ocrx_word' id='word_1_112' title='bbox 3454 1037 3659 1090; x_wconf 76' lang='grc' dir='ltr'>ἀσεϐῶν</span> <span class='ocrx_word' id='word_1_113' title='bbox 3681 1038 3886 1107; x_wconf 84' lang='grc' dir='ltr'>ἀνδρῶν</span> <span class='ocrx_word' id='word_1_114' title='bbox 3908 1038 4088 1092; x_wconf 87' lang='grc' dir='ltr'>τεθεα-</span> 
     </span>
    </p>
   </div>
   <div class='ocr_carea' id='block_1_14' title="bbox 886 1119 2435 1202">
    <p class='ocr_par' dir='ltr' id='par_1_14' title="bbox 886 1119 2435 1202">
     <span class='ocr_line' id='line_1_14' title="bbox 886 1119 2435 1202; baseline 0.005 -21"><span class='ocrx_word' id='word_1_115' title='bbox 886 1131 1174 1182; x_wconf 88' lang='lat' dir='ltr'><strong>utilitatem</strong></span> <span class='ocrx_word' id='word_1_116' title='bbox 1232 1119 1640 1196; x_wconf 76' lang='lat' dir='ltr'><strong>nanciscantur,</strong></span> <span class='ocrx_word' id='word_1_117' title='bbox 1701 1133 1903 1202; x_wconf 81' lang='lat' dir='ltr'><strong>Deique</strong></span> <span class='ocrx_word' id='word_1_118' title='bbox 1951 1134 2197 1187; x_wconf 87' lang='lat' dir='ltr'><strong>timorem</strong></span> <span class='ocrx_word' id='word_1_119' title='bbox 2282 1151 2435 1188; x_wconf 78' lang='lat' dir='ltr'><strong>assu-</strong></span> 
     </span>
    </p>
   </div>
   <div class='ocr_carea' id='block_1_15' title="bbox 887 1223 2433 1296">
    <p class='ocr_par' dir='ltr' id='par_1_15' title="bbox 887 1223 2433 1296">
     <span class='ocr_line' id='line_1_15' title="bbox 887 1223 2433 1296; baseline 0.006 -26"><span class='ocrx_word' id='word_1_120' title='bbox 887 1228 1053 1280; x_wconf 90' lang='lat' dir='ltr'><strong>mant,</strong></span> <span class='ocrx_word' id='word_1_121' title='bbox 1090 1223 1374 1290; x_wconf 89' lang='lat' dir='ltr'><strong>impiorum</strong></span> <span class='ocrx_word' id='word_1_122' title='bbox 1421 1225 1713 1292; x_wconf 88' lang='lat' dir='ltr'><strong>perniciem</strong></span> <span class='ocrx_word' id='word_1_123' title='bbox 1769 1224 1963 1276; x_wconf 78' lang='lat' dir='ltr'><strong>divinae</strong></span> <span class='ocrx_word' id='word_1_124' title='bbox 2014 1224 2307 1280; x_wconf 86' lang='lat' dir='ltr'><strong>Salvatoris</strong></span> <span class='ocrx_word' id='word_1_125' title='bbox 2340 1241 2433 1296; x_wconf 91' lang='lat' dir='ltr'><strong>po-</strong></span> 
     </span>
    </p>
   </div>
   <div class='ocr_carea' id='block_1_16' title="bbox 888 1313 2104 1381">
    <p class='ocr_par' dir='ltr' id='par_1_16' title="bbox 888 1313 2104 1381">
     <span class='ocr_line' id='line_1_16' title="bbox 888 1313 2104 1381; baseline 0.004 -19"><span class='ocrx_word' id='word_1_126' title='bbox 888 1313 1096 1364; x_wconf 89' lang='lat' dir='ltr'><strong>testatis</strong></span> <span class='ocrx_word' id='word_1_127' title='bbox 1127 1313 1278 1380; x_wconf 78' lang='lat' dir='ltr'><strong>signa</strong></span> <span class='ocrx_word' id='word_1_128' title='bbox 1305 1316 1589 1381; x_wconf 89' lang='lat' dir='ltr'><strong>perspicua</strong></span> <span class='ocrx_word' id='word_1_129' title='bbox 1617 1329 1740 1368; x_wconf 89' lang='lat' dir='ltr'><strong>esse</strong></span> <span class='ocrx_word' id='word_1_130' title='bbox 1769 1316 2104 1369; x_wconf 84' lang='lat' dir='ltr'><strong>conﬁtentes.</strong></span> 
     </span>
    </p>
   </div>
   <div class='ocr_carea' id='block_1_17' title="bbox 2544 1125 4088 1200">
    <p class='ocr_par' dir='ltr' id='par_1_17' title="bbox 2544 1125 4088 1200">
     <span class='ocr_line' id='line_1_17' title="bbox 2544 1125 4088 1200; baseline -0.002 -18"><span class='ocrx_word' id='word_1_131' title='bbox 2544 1130 2714 1200; x_wconf 86' lang='grc' dir='ltr'>μένος,</span> <span class='ocrx_word' id='word_1_132' title='bbox 2749 1132 2845 1182; x_wconf 78' lang='grc' dir='ltr'>οὐκ</span> <span class='ocrx_word' id='word_1_133' title='bbox 2868 1129 2931 1181; x_wconf 80' lang='grc' dir='ltr'><strong>ἀν</strong></span> <span class='ocrx_word' id='word_1_134' title='bbox 2957 1130 3095 1181; x_wconf 80' lang='grc' dir='ltr'>εἴποι</span> <span class='ocrx_word' id='word_1_135' title='bbox 3118 1129 3217 1198; x_wconf 79' lang='grc' dir='ltr'>ὅρη</span> <span class='ocrx_word' id='word_1_136' title='bbox 3244 1125 3379 1180; x_wconf 74' lang='grc' dir='ltr'>εἶναι</span> <span class='ocrx_word' id='word_1_137' title='bbox 3402 1127 3673 1197; x_wconf 82' lang='grc' dir='ltr'>ὑψούμενα</span> <span class='ocrx_word' id='word_1_138' title='bbox 3695 1128 3787 1181; x_wconf 78' lang='grc' dir='ltr'>καὶ</span> <span class='ocrx_word' id='word_1_139' title='bbox 3819 1127 4088 1182; x_wconf 82' lang='grc' dir='ltr'>θάλασσαν</span> 
     </span>
    </p>
   </div>
   <div class='ocr_carea' id='block_1_18' title="bbox 2539 1213 4088 1287">
    <p class='ocr_par' dir='ltr' id='par_1_18' title="bbox 2539 1213 4088 1287">
     <span class='ocr_line' id='line_1_18' title="bbox 2539 1213 4088 1287; baseline 0 -17"><span class='ocrx_word' id='word_1_140' title='bbox 2539 1218 2750 1287; x_wconf 84' lang='grc' dir='ltr'>ἀληθῶς</span> <span class='ocrx_word' id='word_1_141' title='bbox 2778 1217 3159 1286; x_wconf 85' lang='grc' dir='ltr'>κυμαίνουσαν,</span> <span class='ocrx_word' id='word_1_142' title='bbox 3183 1213 3313 1286; x_wconf 78' lang='grc' dir='ltr'>ἦχόν</span> <span class='ocrx_word' id='word_1_143' title='bbox 3348 1234 3406 1269; x_wconf 82' lang='grc' dir='ltr'><strong>τε</strong></span> <span class='ocrx_word' id='word_1_144' title='bbox 3438 1217 3693 1287; x_wconf 81' lang='grc' dir='ltr'><strong>κυμάτων</strong></span> <span class='ocrx_word' id='word_1_145' title='bbox 3713 1216 3813 1279; x_wconf 79' lang='grc' dir='ltr'>τὰς</span> <span class='ocrx_word' id='word_1_146' title='bbox 3836 1216 3941 1268; x_wconf 81' lang='grc' dir='ltr'>τῶν</span> <span class='ocrx_word' id='word_1_147' title='bbox 3965 1218 4088 1270; x_wconf 70' lang='lat' dir='ltr'><strong>dce-</strong></span> 
     </span>
    </p>
   </div>
   <div class='ocr_carea' id='block_1_19' title="bbox 2537 1307 4102 1377">
    <p class='ocr_par' dir='ltr' id='par_1_19' title="bbox 2537 1307 4102 1377">
     <span class='ocr_line' id='line_1_19' title="bbox 2537 1307 4102 1377; baseline -0.001 -17"><span class='ocrx_word' id='word_1_148' title='bbox 2537 1308 2644 1360; x_wconf 75' lang='grc' dir='ltr'><strong>ϐῶν</strong></span> <span class='ocrx_word' id='word_1_149' title='bbox 2690 1309 2780 1360; x_wconf 75' lang='grc' dir='ltr'>καὶ</span> <span class='ocrx_word' id='word_1_150' title='bbox 2826 1307 2994 1360; x_wconf 82' lang='grc' dir='ltr'>ἀθέων</span> <span class='ocrx_word' id='word_1_151' title='bbox 3044 1307 3416 1377; x_wconf 87' lang='grc' dir='ltr'>βλασφημίας;</span> <span class='ocrx_word' id='word_1_152' title='bbox 3473 1309 3538 1360; x_wconf 82' lang='lat' dir='ltr'><strong>‘A</strong></span> <span class='ocrx_word' id='word_1_153' title='bbox 3595 1307 3658 1377; x_wconf 82' lang='grc' dir='ltr'>δὴ</span> <span class='ocrx_word' id='word_1_154' title='bbox 3703 1307 3878 1360; x_wconf 88' lang='grc' dir='ltr'>πάντα</span> <span class='ocrx_word' id='word_1_155' title='bbox 3923 1308 4102 1377; x_wconf 41' lang='lat' dir='ltr'><strong>tum</strong></span> 
     </span>
    </p>
   </div>
   <div class='ocr_carea' id='block_1_20' title="bbox 886 1399 4085 1479">
    <p class='ocr_par' dir='ltr' id='par_1_20' title="bbox 886 1399 4085 1479">
     <span class='ocr_line' id='line_1_20' title="bbox 886 1399 4085 1479; baseline 0.003 -25"><span class='ocrx_word' id='word_1_156' title='bbox 886 1405 1028 1473; x_wconf 84' lang='grc' dir='ltr'>ίσχύῖ</span> <span class='ocrx_word' id='word_1_157' title='bbox 1095 1405 1254 1457; x_wconf 79' lang='grc' dir='ltr'>αὑτοῦ</span> <span class='ocrx_word' id='word_1_158' title='bbox 1285 1409 1312 1458; x_wconf 83' lang='grc' dir='ltr'>ὁ</span> <span class='ocrx_word' id='word_1_159' title='bbox 1344 1407 1530 1479; x_wconf 81' lang='grc' dir='ltr'>Σωτὴρ</span> <span class='ocrx_word' id='word_1_160' title='bbox 1568 1409 1779 1459; x_wconf 85' lang='grc' dir='ltr'>πάντων</span> <span class='ocrx_word' id='word_1_161' title='bbox 1811 1409 1915 1460; x_wconf 85' lang='grc' dir='ltr'>τῶν</span> <span class='ocrx_word' id='word_1_162' title='bbox 1960 1410 2340 1479; x_wconf 72' lang='grc' dir='ltr'>περάτωντῆς</span> <span class='ocrx_word' id='word_1_163' title='bbox 2372 1410 2470 1476; x_wconf 78' lang='grc' dir='ltr'><strong>γῆς</strong></span> <span class='ocrx_word' id='word_1_164' title='bbox 2511 1407 2606 1475; x_wconf 78' lang='grc' dir='ltr'>μιᾷ</span> <span class='ocrx_word' id='word_1_165' title='bbox 2651 1406 2784 1472; x_wconf 78' lang='grc' dir='ltr'><strong>ῥοπῇ</strong></span> <span class='ocrx_word' id='word_1_166' title='bbox 2827 1399 3106 1454; x_wconf 65' lang='grc' dir='ltr'>ταπεινοῦν</span> <span class='ocrx_word' id='word_1_167' title='bbox 3155 1401 3372 1454; x_wconf 55' lang='grc' dir='ltr'>εἴωθεν</span> <span class='ocrx_word' id='word_1_168' title='bbox 3417 1402 3490 1464; x_wconf 82' lang='grc' dir='ltr'>ὡς</span> <span class='ocrx_word' id='word_1_169' title='bbox 3535 1403 3658 1466; x_wconf 83' lang='grc' dir='ltr'>τοὺς</span> <span class='ocrx_word' id='word_1_170' title='bbox 3717 1402 3952 1472; x_wconf 76' lang='grc' dir='ltr'>ὁρῶντας</span> <span class='ocrx_word' id='word_1_171' title='bbox 3991 1402 4085 1472; x_wconf 70' lang='grc' dir='ltr'><strong>τὴν</strong></span> 
     </span>
    </p>
   </div>
   <div class='ocr_carea' id='block_1_21' title="bbox 883 1494 4086 1571">
    <p class='ocr_par' dir='ltr' id='par_1_21' title="bbox 883 1494 4086 1571">
     <span class='ocr_line' id='line_1_21' title="bbox 883 1494 4086 1571; baseline 0.001 -26"><span class='ocrx_word' id='word_1_172' title='bbox 883 1498 1083 1548; x_wconf 76' lang='grc' dir='ltr'>πτῶσιν</span> <span class='ocrx_word' id='word_1_173' title='bbox 1113 1497 1285 1550; x_wconf 75' lang='grc' dir='ltr'>αὐτῶν</span> <span class='ocrx_word' id='word_1_174' title='bbox 1320 1499 1407 1550; x_wconf 75' lang='grc' dir='ltr'><strong>καὶ</strong></span> <span class='ocrx_word' id='word_1_175' title='bbox 1451 1501 1546 1568; x_wconf 81' lang='grc' dir='ltr'>τὴν</span> <span class='ocrx_word' id='word_1_176' title='bbox 1593 1501 1860 1553; x_wconf 86' lang='grc' dir='ltr'>ἀπώλειαν</span> <span class='ocrx_word' id='word_1_177' title='bbox 1894 1503 2280 1571; x_wconf 91' lang='grc' dir='ltr'>ταράττεσθαι·</span> <span class='ocrx_word' id='word_1_178' title='bbox 2312 1505 2434 1565; x_wconf 80' lang='grc' dir='ltr'>τοὺς</span> <span class='ocrx_word' id='word_1_179' title='bbox 2469 1501 2524 1553; x_wconf 80' lang='grc' dir='ltr'><strong>δὲ</strong></span> <span class='ocrx_word' id='word_1_180' title='bbox 2557 1495 2876 1565; x_wconf 80' lang='grc' dir='ltr'>ὠφελεῖσθαι</span> <span class='ocrx_word' id='word_1_181' title='bbox 2917 1498 3006 1548; x_wconf 72' lang='grc' dir='ltr'><strong>καὶ</strong></span> <span class='ocrx_word' id='word_1_182' title='bbox 3040 1494 3198 1563; x_wconf 79' lang='grc' dir='ltr'>φόϐον</span> <span class='ocrx_word' id='word_1_183' title='bbox 3229 1495 3620 1564; x_wconf 75' lang='grc' dir='ltr'>ἀναλαμσάνειν</span> <span class='ocrx_word' id='word_1_184' title='bbox 3677 1495 3831 1562; x_wconf 82' lang='grc' dir='ltr'>Θεοῦ,</span> <span class='ocrx_word' id='word_1_185' title='bbox 3891 1499 4086 1566; x_wconf 75' lang='grc' dir='ltr'>σημεῖα</span> 
     </span>
    </p>
   </div>
   <div class='ocr_carea' id='block_1_22' title="bbox 882 1586 3603 1668">
    <p class='ocr_par' dir='ltr' id='par_1_22' title="bbox 882 1586 3603 1668">
     <span class='ocr_line' id='line_1_22' title="bbox 882 1586 3603 1668; baseline 0.001 -30"><span class='ocrx_word' id='word_1_186' title='bbox 882 1589 1083 1658; x_wconf 70' lang='grc' dir='ltr'>ἐναργῆ</span> <span class='ocrx_word' id='word_1_187' title='bbox 1111 1592 1206 1660; x_wconf 80' lang='grc' dir='ltr'><strong>τῆς</strong></span> <span class='ocrx_word' id='word_1_188' title='bbox 1243 1592 1333 1643; x_wconf 89' lang='grc' dir='ltr'><strong>τοῦ</strong></span> <span class='ocrx_word' id='word_1_189' title='bbox 1371 1594 1834 1664; x_wconf 67' lang='grc' dir='ltr'>Σωτῆροςένθέου</span> <span class='ocrx_word' id='word_1_190' title='bbox 1872 1597 2150 1666; x_wconf 85' lang='grc' dir='ltr'>δυνάμεως</span> <span class='ocrx_word' id='word_1_191' title='bbox 2193 1599 2289 1668; x_wconf 86' lang='grc' dir='ltr'>τὴν</span> <span class='ocrx_word' id='word_1_192' title='bbox 2329 1597 2434 1649; x_wconf 82' lang='grc' dir='ltr'>τῶν</span> <span class='ocrx_word' id='word_1_193' title='bbox 2471 1592 2678 1648; x_wconf 79' lang='grc' dir='ltr'>ἀσεϐῶν</span> <span class='ocrx_word' id='word_1_194' title='bbox 2705 1590 3010 1660; x_wconf 80' lang='grc' dir='ltr'>καθαίρεσιν</span> <span class='ocrx_word' id='word_1_195' title='bbox 3041 1586 3176 1643; x_wconf 75' lang='grc' dir='ltr'>εἶναι</span> <span class='ocrx_word' id='word_1_196' title='bbox 3204 1587 3603 1659; x_wconf 83' lang='grc' dir='ltr'>ὁμολογοῦντας.</span> 
     </span>
    </p>
   </div>
   <div class='ocr_carea' id='block_1_23' title="bbox 959 1701 2429 1779">
    <p class='ocr_par' dir='ltr' id='par_1_23' title="bbox 959 1701 2429 1779">
     <span class='ocr_line' id='line_1_23' title="bbox 959 1701 2429 1779; baseline 0.007 -25"><span class='ocrx_word' id='word_1_197' title='bbox 959 1701 1118 1757; x_wconf 66' lang='lat' dir='ltr'><strong>Vens.</strong></span> <span class='ocrx_word' id='word_1_198' title='bbox 1158 1703 1240 1770; x_wconf 82' lang='lat' dir='ltr'><strong>lt),</strong></span> <span class='ocrx_word' id='word_1_199' title='bbox 1266 1706 1348 1758; x_wconf 80' lang='lat' dir='ltr'><strong>ll.</strong></span> <span class='ocrx_word' id='word_1_200' title='bbox 1394 1726 1411 1757; x_wconf 79' lang='grc' dir='ltr'><strong>ι</strong></span> <span class='ocrx_word' id='word_1_201' title='bbox 1449 1706 1635 1764; x_wconf 80' lang='lat' dir='ltr'><strong>Exitus</strong></span> <span class='ocrx_word' id='word_1_202' title='bbox 1669 1709 1917 1762; x_wconf 87' lang='lat' dir='ltr'><strong>matutini</strong></span> <span class='ocrx_word' id='word_1_203' title='bbox 1945 1717 1998 1763; x_wconf 90' lang='lat' dir='ltr'><strong>et</strong></span> <span class='ocrx_word' id='word_1_204' title='bbox 2020 1725 2255 1779; x_wconf 63' lang='lat' dir='ltr'><strong>vespera;</strong></span> <span class='ocrx_word' id='word_1_205' title='bbox 2287 1711 2429 1764; x_wconf 88' lang='lat' dir='ltr'><strong>dele-</strong></span> 
     </span>
    </p>
   </div>
   <div class='ocr_carea' id='block_1_24' title="bbox 882 1794 2428 1856">
    <p class='ocr_par' dir='ltr' id='par_1_24' title="bbox 882 1794 2428 1856">
     <span class='ocr_line' id='line_1_24' title="bbox 882 1794 2428 1856; baseline 0.005 -10"><span class='ocrx_word' id='word_1_206' title='bbox 882 1797 1166 1850; x_wconf 89' lang='lat' dir='ltr'><strong>ctationes.</strong></span> <span class='ocrx_word' id='word_1_207' title='bbox 1193 1794 1434 1852; x_wconf 82' lang='lat' dir='ltr'><strong>Visitasti</strong></span> <span class='ocrx_word' id='word_1_208' title='bbox 1463 1808 1660 1854; x_wconf 89' lang='lat' dir='ltr'><strong>terram</strong></span> <span class='ocrx_word' id='word_1_209' title='bbox 1683 1812 1734 1855; x_wconf 91' lang='lat' dir='ltr'><strong>et</strong></span> <span class='ocrx_word' id='word_1_210' title='bbox 1756 1802 2031 1855; x_wconf 85' lang='lat' dir='ltr'><strong>inebriasti</strong></span> <span class='ocrx_word' id='word_1_211' title='bbox 2056 1818 2192 1856; x_wconf 87' lang='lat' dir='ltr'><strong>eam.</strong></span> <span class='ocrx_word' id='word_1_212' title='bbox 2225 1821 2242 1851; x_wconf 74' lang='grc' dir='ltr'><strong>ι</strong></span> <span class='ocrx_word' id='word_1_213' title='bbox 2265 1802 2342 1853; x_wconf 74' lang='lat' dir='ltr'><strong>Ad</strong></span> <span class='ocrx_word' id='word_1_214' title='bbox 2369 1817 2428 1854; x_wconf 89' lang='lat' dir='ltr'><strong>ea</strong></span> 
     </span>
    </p>
   </div>
   <div class='ocr_carea' id='block_1_25' title="bbox 2610 1700 4095 1773">
    <p class='ocr_par' dir='ltr' id='par_1_25' title="bbox 2610 1700 4095 1773">
     <span class='ocr_line' id='line_1_25' title="bbox 2610 1700 4095 1773; baseline -0.003 -16"><span class='ocrx_word' id='word_1_215' title='bbox 2610 1726 2626 1756; x_wconf 77' lang='grc' dir='ltr'><strong>ι</strong></span> <span class='ocrx_word' id='word_1_216' title='bbox 2675 1705 2910 1768; x_wconf 80' lang='grc' dir='ltr'>Ἐξόδυυς</span> <span class='ocrx_word' id='word_1_217' title='bbox 2934 1704 3141 1773; x_wconf 79' lang='grc' dir='ltr'>πρωτας</span> <span class='ocrx_word' id='word_1_218' title='bbox 3168 1703 3256 1755; x_wconf 72' lang='grc' dir='ltr'>καὶ</span> <span class='ocrx_word' id='word_1_219' title='bbox 3279 1701 3511 1771; x_wconf 73' lang='grc' dir='ltr'>ἑσπέρας</span> <span class='ocrx_word' id='word_1_220' title='bbox 3535 1701 3773 1771; x_wconf 85' lang='grc' dir='ltr'>τέρψεις·</span> <span class='ocrx_word' id='word_1_221' title='bbox 3807 1700 4095 1768; x_wconf 72' lang='grc' dir='ltr'>ἐπεσκέψω</span> 
     </span>
    </p>
   </div>
   <div class='ocr_carea' id='block_1_26' title="bbox 2534 1792 4088 1866">
    <p class='ocr_par' dir='ltr' id='par_1_26' title="bbox 2534 1792 4088 1866">
     <span class='ocr_line' id='line_1_26' title="bbox 2534 1792 4088 1866; baseline -0.005 -18"><span class='ocrx_word' id='word_1_222' title='bbox 2534 1797 2627 1866; x_wconf 81' lang='grc' dir='ltr'><strong>τὴν</strong></span> <span class='ocrx_word' id='word_1_223' title='bbox 2658 1797 2758 1865; x_wconf 79' lang='grc' dir='ltr'>γῆν</span> <span class='ocrx_word' id='word_1_224' title='bbox 2798 1795 2891 1847; x_wconf 63' lang='grc' dir='ltr'><strong>καλ⁵</strong></span> <span class='ocrx_word' id='word_1_225' title='bbox 2933 1796 3199 1863; x_wconf 81' lang='grc' dir='ltr'>ὲμέθυσας</span> <span class='ocrx_word' id='word_1_226' title='bbox 3227 1795 3414 1862; x_wconf 80' lang='grc' dir='ltr'>αὐτήν.</span> <span class='ocrx_word' id='word_1_227' title='bbox 3459 1812 3477 1843; x_wconf 83' lang='grc'><strong><em>›</em></strong></span> <span class='ocrx_word' id='word_1_228' title='bbox 3525 1792 3666 1861; x_wconf 82' lang='grc' dir='ltr'>Πρὸς</span> <span class='ocrx_word' id='word_1_229' title='bbox 3711 1793 3820 1852; x_wconf 83' lang='grc' dir='ltr'>τοῖς</span> <span class='ocrx_word' id='word_1_230' title='bbox 3851 1792 4088 1843; x_wconf 73' lang='grc' dir='ltr'>κατειλεο</span> 
     </span>
    </p>
   </div>
   <div class='ocr_carea' id='block_1_27' title="bbox 881 1885 2619 1974">
    <p class='ocr_par' dir='ltr' id='par_1_27' title="bbox 881 1888 2619 1974">
     <span class='ocr_line' id='line_1_27' title="bbox 881 1888 2619 1974; baseline 0.005 -35"><span class='ocrx_word' id='word_1_231' title='bbox 881 1901 998 1954; x_wconf 68' lang='lat' dir='ltr'><strong>quae</strong></span> <span class='ocrx_word' id='word_1_232' title='bbox 1029 1888 1175 1954; x_wconf 90' lang='lat' dir='ltr'><strong>prius</strong></span> <span class='ocrx_word' id='word_1_233' title='bbox 1207 1897 1519 1943; x_wconf 85' lang='lat' dir='ltr'><strong>enumerata</strong></span> <span class='ocrx_word' id='word_1_234' title='bbox 1570 1899 1718 1954; x_wconf 92' lang='lat' dir='ltr'><strong>sunt,</strong></span> <span class='ocrx_word' id='word_1_235' title='bbox 1756 1893 1856 1943; x_wconf 89' lang='lat' dir='ltr'><strong>alia</strong></span> <span class='ocrx_word' id='word_1_236' title='bbox 1906 1893 2028 1947; x_wconf 86' lang='lat' dir='ltr'><strong>item</strong></span> <span class='ocrx_word' id='word_1_237' title='bbox 2064 1895 2212 1961; x_wconf 79' lang='lat' dir='ltr'><strong>signa</strong></span> <span class='ocrx_word' id='word_1_238' title='bbox 2261 1894 2430 1944; x_wconf 87' lang='lat' dir='ltr'><strong>virtu-</strong></span> <span class='ocrx_word' id='word_1_239' title='bbox 2466 1921 2506 1974; x_wconf 79' lang='grc' dir='ltr'><strong><em>Β</em></strong></span> <span class='ocrx_word' id='word_1_240' title='bbox 2534 1906 2619 1958; x_wconf 76' lang='grc' dir='ltr'>γμε</span> 
     </span>
    </p>
   </div>
   <div class='ocr_carea' id='block_1_28' title="bbox 2351 1885 4089 1974">
    <p class='ocr_par' dir='ltr' id='par_1_28' title="bbox 2351 1885 4089 1974">
     <span class='ocr_line' id='line_1_28' title="bbox 2351 1885 4089 1974; baseline -0.003 -32"><span class='ocrx_word' id='word_1_241' title='bbox 2351 1899 2430 1944; x_wconf 88' lang='lat' dir='ltr'><strong>tu-</strong></span> <span class='ocrx_word' id='word_1_242' title='bbox 2466 1921 2506 1974; x_wconf 80' lang='grc' dir='ltr'><strong><em>Β</em></strong></span> <span class='ocrx_word' id='word_1_243' title='bbox 2534 1891 2750 1958; x_wconf 85' lang='grc' dir='ltr'>γμένοις</span> <span class='ocrx_word' id='word_1_244' title='bbox 2788 1891 2879 1940; x_wconf 70' lang='grc' dir='ltr'><strong>καὶ</strong></span> <span class='ocrx_word' id='word_1_245' title='bbox 2911 1887 3042 1940; x_wconf 75' lang='grc' dir='ltr'>ἄλλα</span> <span class='ocrx_word' id='word_1_246' title='bbox 3069 1890 3263 1954; x_wconf 86' lang='grc' dir='ltr'>σημεῖα</span> <span class='ocrx_word' id='word_1_247' title='bbox 3290 1887 3384 1956; x_wconf 82' lang='grc' dir='ltr'>τῆς</span> <span class='ocrx_word' id='word_1_248' title='bbox 3412 1886 3504 1938; x_wconf 89' lang='grc' dir='ltr'><strong>τοῦ</strong></span> <span class='ocrx_word' id='word_1_249' title='bbox 3542 1887 3788 1955; x_wconf 76' lang='grc' dir='ltr'><strong>Σωτῆρος</strong></span> <span class='ocrx_word' id='word_1_250' title='bbox 3814 1885 4089 1954; x_wconf 79' lang='grc' dir='ltr'>δυνάμεως</span> 
     </span>
    </p>
   </div>
   <div class='ocr_carea' id='block_1_29' title="bbox 884 1975 2430 2036">
    <p class='ocr_par' dir='ltr' id='par_1_29' title="bbox 884 1975 2430 2036">
     <span class='ocr_line' id='line_1_29' title="bbox 884 1975 2430 2036; baseline 0.005 -9"><span class='ocrx_word' id='word_1_251' title='bbox 884 1978 952 2030; x_wconf 84' lang='lat' dir='ltr'><strong>tis</strong></span> <span class='ocrx_word' id='word_1_252' title='bbox 983 1975 1285 2031; x_wconf 89' lang='lat' dir='ltr'><strong>Servatoris</strong></span> <span class='ocrx_word' id='word_1_253' title='bbox 1310 1979 1551 2032; x_wconf 89' lang='lat' dir='ltr'><strong>declarat</strong></span> <span class='ocrx_word' id='word_1_254' title='bbox 1585 1981 1668 2034; x_wconf 88' lang='lat' dir='ltr'><strong>his</strong></span> <span class='ocrx_word' id='word_1_255' title='bbox 1701 1982 1880 2036; x_wconf 83' lang='lat' dir='ltr'><strong>verbis</strong></span> <span class='ocrx_word' id='word_1_256' title='bbox 1917 2001 1929 2035; x_wconf 88' lang='lat'><strong>:</strong></span> <span class='ocrx_word' id='word_1_257' title='bbox 1969 2003 1986 2034; x_wconf 81' lang='grc' dir='ltr'><strong>ι</strong></span> <span class='ocrx_word' id='word_1_258' title='bbox 2028 1983 2213 2036; x_wconf 77' lang='lat' dir='ltr'><strong>Exitus</strong></span> <span class='ocrx_word' id='word_1_259' title='bbox 2258 1991 2430 2035; x_wconf 83' lang='lat' dir='ltr'><strong>matu-</strong></span> 
     </span>
    </p>
   </div>
   <div class='ocr_carea' id='block_1_30' title="bbox 882 2067 2431 2144">
    <p class='ocr_par' dir='ltr' id='par_1_30' title="bbox 882 2067 2431 2144">
     <span class='ocr_line' id='line_1_30' title="bbox 882 2067 2431 2144; baseline 0.005 -26"><span class='ocrx_word' id='word_1_260' title='bbox 882 2067 979 2119; x_wconf 89' lang='lat' dir='ltr'><strong>tini</strong></span> <span class='ocrx_word' id='word_1_261' title='bbox 1036 2074 1088 2119; x_wconf 91' lang='lat' dir='ltr'><strong>et</strong></span> <span class='ocrx_word' id='word_1_262' title='bbox 1117 2082 1354 2135; x_wconf 66' lang='lat' dir='ltr'><strong>vesperae</strong></span> <span class='ocrx_word' id='word_1_263' title='bbox 1409 2068 1813 2125; x_wconf 87' lang='lat' dir='ltr'><strong>delectationes.</strong></span> <span class='ocrx_word' id='word_1_264' title='bbox 1850 2091 1867 2122; x_wconf 85' lang='grc'><strong>›</strong></span> <span class='ocrx_word' id='word_1_265' title='bbox 1899 2071 2004 2126; x_wconf 88' lang='lat' dir='ltr'><strong>Pro</strong></span> <span class='ocrx_word' id='word_1_266' title='bbox 2041 2089 2146 2142; x_wconf 85' lang='lat' dir='ltr'><strong>quo</strong></span> <span class='ocrx_word' id='word_1_267' title='bbox 2188 2073 2431 2144; x_wconf 79' lang='lat' dir='ltr'><strong>Symma-</strong></span> 
     </span>
    </p>
   </div>
   <div class='ocr_carea' id='block_1_31' title="bbox 881 2155 2421 2233">
    <p class='ocr_par' dir='ltr' id='par_1_31' title="bbox 881 2155 2421 2233">
     <span class='ocr_line' id='line_1_31' title="bbox 881 2155 2421 2233; baseline 0.004 -25"><span class='ocrx_word' id='word_1_268' title='bbox 881 2157 1016 2208; x_wconf 84' lang='lat' dir='ltr'><strong>chus</strong></span> <span class='ocrx_word' id='word_1_269' title='bbox 1053 2174 1064 2208; x_wconf 90' lang='lat'><strong>:</strong></span> <span class='ocrx_word' id='word_1_270' title='bbox 1104 2175 1121 2206; x_wconf 85' lang='grc'><strong><em>‹</em></strong></span> <span class='ocrx_word' id='word_1_271' title='bbox 1155 2155 1479 2226; x_wconf 77' lang='lat' dir='ltr'><strong>Progressus</strong></span> <span class='ocrx_word' id='word_1_272' title='bbox 1527 2158 1746 2214; x_wconf 92' lang='lat' dir='ltr'><strong>diluculi</strong></span> <span class='ocrx_word' id='word_1_273' title='bbox 1775 2169 1828 2214; x_wconf 92' lang='lat' dir='ltr'><strong>et</strong></span> <span class='ocrx_word' id='word_1_274' title='bbox 1880 2162 2061 2232; x_wconf 83' lang='lat' dir='ltr'><strong>hymni</strong></span> <span class='ocrx_word' id='word_1_275' title='bbox 2121 2179 2376 2233; x_wconf 59' lang='lat' dir='ltr'><strong>vespere.</strong></span> <span class='ocrx_word' id='word_1_276' title='bbox 2406 2184 2421 2214; x_wconf 73' lang='grc' dir='ltr'><strong>ι</strong></span> 
     </span>
    </p>
   </div>
   <div class='ocr_carea' id='block_1_32' title="bbox 883 2241 2427 2323">
    <p class='ocr_par' dir='ltr' id='par_1_32' title="bbox 883 2241 2427 2323">
     <span class='ocr_line' id='line_1_32' title="bbox 883 2241 2427 2323; baseline 0.01 -29"><span class='ocrx_word' id='word_1_277' title='bbox 883 2241 1058 2298; x_wconf 87' lang='lat' dir='ltr'><strong>Unum</strong></span> <span class='ocrx_word' id='word_1_278' title='bbox 1096 2247 1290 2314; x_wconf 79' lang='lat' dir='ltr'><strong>quippe</strong></span> <span class='ocrx_word' id='word_1_279' title='bbox 1338 2247 1438 2301; x_wconf 89' lang='lat' dir='ltr'><strong>hoc</strong></span> <span class='ocrx_word' id='word_1_280' title='bbox 1491 2251 1890 2316; x_wconf 85' lang='lat' dir='ltr'><strong>maximumque</strong></span> <span class='ocrx_word' id='word_1_281' title='bbox 1932 2256 2141 2323; x_wconf 78' lang='lat' dir='ltr'><strong>signum</strong></span> <span class='ocrx_word' id='word_1_282' title='bbox 2171 2263 2254 2308; x_wconf 91' lang='lat' dir='ltr'><strong>est</strong></span> <span class='ocrx_word' id='word_1_283' title='bbox 2284 2256 2427 2309; x_wconf 89' lang='lat' dir='ltr'><strong>salu-</strong></span> 
     </span>
    </p>
   </div>
   <div class='ocr_carea' id='block_1_33' title="bbox 881 2335 2428 2420">
    <p class='ocr_par' dir='ltr' id='par_1_33' title="bbox 881 2335 2428 2420">
     <span class='ocr_line' id='line_1_33' title="bbox 881 2335 2428 2420; baseline 0.011 -36"><span class='ocrx_word' id='word_1_284' title='bbox 881 2335 1014 2387; x_wconf 91' lang='lat' dir='ltr'><strong>taris</strong></span> <span class='ocrx_word' id='word_1_285' title='bbox 1043 2336 1280 2402; x_wconf 90' lang='lat' dir='ltr'><strong>virtutis,</strong></span> <span class='ocrx_word' id='word_1_286' title='bbox 1309 2339 1452 2420; x_wconf 71' lang='lat' dir='ltr'><strong>quod</strong></span> <span class='ocrx_word' id='word_1_287' title='bbox 1492 2349 1778 2410; x_wconf 85' lang='lat' dir='ltr'><strong>postquam</strong></span> <span class='ocrx_word' id='word_1_288' title='bbox 1823 2358 1988 2411; x_wconf 87' lang='lat' dir='ltr'><strong>supra</strong></span> <span class='ocrx_word' id='word_1_289' title='bbox 2035 2345 2178 2397; x_wconf 90' lang='lat' dir='ltr'><strong>dicta</strong></span> <span class='ocrx_word' id='word_1_290' title='bbox 2211 2343 2428 2416; x_wconf 89' lang='lat' dir='ltr'><strong>depres-</strong></span> 
     </span>
    </p>
   </div>
   <div class='ocr_carea' id='block_1_34' title="bbox 882 2428 2429 2504">
    <p class='ocr_par' dir='ltr' id='par_1_34' title="bbox 882 2428 2429 2504">
     <span class='ocr_line' id='line_1_34' title="bbox 882 2428 2429 2504; baseline 0.008 -26"><span class='ocrx_word' id='word_1_291' title='bbox 882 2437 1046 2487; x_wconf 89' lang='lat' dir='ltr'><strong>serat,</strong></span> <span class='ocrx_word' id='word_1_292' title='bbox 1074 2428 1250 2481; x_wconf 82' lang='lat' dir='ltr'><strong>exitus</strong></span> <span class='ocrx_word' id='word_1_293' title='bbox 1277 2431 1528 2482; x_wconf 87' lang='lat' dir='ltr'><strong>matutini</strong></span> <span class='ocrx_word' id='word_1_294' title='bbox 1558 2439 1611 2484; x_wconf 87' lang='lat' dir='ltr'><strong>et</strong></span> <span class='ocrx_word' id='word_1_295' title='bbox 1642 2431 2031 2489; x_wconf 81' lang='lat' dir='ltr'><strong>delectationes</strong></span> <span class='ocrx_word' id='word_1_296' title='bbox 2077 2450 2312 2504; x_wconf 77' lang='lat' dir='ltr'><strong>vesperae</strong></span> <span class='ocrx_word' id='word_1_297' title='bbox 2334 2437 2429 2490; x_wconf 88' lang='lat' dir='ltr'><strong>bo—</strong></span> 
     </span>
    </p>
   </div>
   <div class='ocr_carea' id='block_1_35' title="bbox 879 2511 2425 2593">
    <p class='ocr_par' dir='ltr' id='par_1_35' title="bbox 879 2511 2425 2593">
     <span class='ocr_line' id='line_1_35' title="bbox 879 2511 2425 2593; baseline 0.01 -31"><span class='ocrx_word' id='word_1_298' title='bbox 879 2511 1118 2564; x_wconf 81' lang='lat' dir='ltr'><strong>minibus</strong></span> <span class='ocrx_word' id='word_1_299' title='bbox 1147 2515 1515 2583; x_wconf 87' lang='lat' dir='ltr'><strong>constituerit;</strong></span> <span class='ocrx_word' id='word_1_300' title='bbox 1551 2520 1682 2580; x_wconf 88' lang='lat' dir='ltr'><strong>sive,</strong></span> <span class='ocrx_word' id='word_1_301' title='bbox 1703 2521 2000 2576; x_wconf 90' lang='lat' dir='ltr'><strong>secundum</strong></span> <span class='ocrx_word' id='word_1_302' title='bbox 2023 2522 2425 2593; x_wconf 83' lang='lat' dir='ltr'><strong>Symmachum,</strong></span> 
     </span>
    </p>
   </div>
   <div class='ocr_carea' id='block_1_36' title="bbox 885 2601 2421 2682">
    <p class='ocr_par' dir='ltr' id='par_1_36' title="bbox 885 2601 2421 2682">
     <span class='ocr_line' id='line_1_36' title="bbox 885 2601 2421 2682; baseline 0.012 -32"><span class='ocrx_word' id='word_1_303' title='bbox 885 2619 904 2650; x_wconf 74' lang='grc' dir='ltr'><strong>ι</strong></span> <span class='ocrx_word' id='word_1_304' title='bbox 944 2601 1194 2670; x_wconf 87' lang='lat' dir='ltr'><strong>hymnos.</strong></span> <span class='ocrx_word' id='word_1_305' title='bbox 1253 2623 1270 2654; x_wconf 90' lang='grc'><strong>›</strong></span> <span class='ocrx_word' id='word_1_306' title='bbox 1311 2614 1425 2668; x_wconf 89' lang='lat' dir='ltr'><strong>aut,</strong></span> <span class='ocrx_word' id='word_1_307' title='bbox 1481 2611 1775 2664; x_wconf 90' lang='lat' dir='ltr'><strong>secundum</strong></span> <span class='ocrx_word' id='word_1_308' title='bbox 1808 2613 2078 2682; x_wconf 81' lang='lat' dir='ltr'><strong>Aquilam,</strong></span> <span class='ocrx_word' id='word_1_309' title='bbox 2108 2633 2125 2664; x_wconf 89' lang='grc'><strong>‹</strong></span> <span class='ocrx_word' id='word_1_310' title='bbox 2164 2615 2369 2671; x_wconf 88' lang='lat' dir='ltr'><strong>laudes.</strong></span> <span class='ocrx_word' id='word_1_311' title='bbox 2403 2635 2421 2668; x_wconf 77' lang='grc' dir='ltr'><strong>ι</strong></span> 
     </span>
    </p>
   </div>
   <div class='ocr_carea' id='block_1_37' title="bbox 879 2689 2424 2763">
    <p class='ocr_par' dir='ltr' id='par_1_37' title="bbox 879 2689 2424 2763">
     <span class='ocr_line' id='line_1_37' title="bbox 879 2689 2424 2763; baseline 0.011 -22"><span class='ocrx_word' id='word_1_312' title='bbox 879 2689 1011 2743; x_wconf 85' lang='lat' dir='ltr'><strong>Nam</strong></span> <span class='ocrx_word' id='word_1_313' title='bbox 1043 2692 1185 2760; x_wconf 90' lang='lat' dir='ltr'><strong>quod</strong></span> <span class='ocrx_word' id='word_1_314' title='bbox 1218 2710 1311 2763; x_wconf 90' lang='lat' dir='ltr'><strong>per</strong></span> <span class='ocrx_word' id='word_1_315' title='bbox 1353 2697 1666 2753; x_wconf 91' lang='lat' dir='ltr'><strong>universum</strong></span> <span class='ocrx_word' id='word_1_316' title='bbox 1718 2703 1902 2756; x_wconf 90' lang='lat' dir='ltr'><strong>orbem</strong></span> <span class='ocrx_word' id='word_1_317' title='bbox 1949 2705 1999 2756; x_wconf 92' lang='lat' dir='ltr'><strong>iu</strong></span> <span class='ocrx_word' id='word_1_318' title='bbox 2055 2705 2299 2761; x_wconf 89' lang='lat' dir='ltr'><strong>ecclesiis</strong></span> <span class='ocrx_word' id='word_1_319' title='bbox 2333 2704 2424 2760; x_wconf 85' lang='lat' dir='ltr'><strong>Dei</strong></span> 
     </span>
    </p>
   </div>
   <div class='ocr_carea' id='block_1_38' title="bbox 880 2781 2422 2862">
    <p class='ocr_par' dir='ltr' id='par_1_38' title="bbox 880 2781 2422 2862">
     <span class='ocr_line' id='line_1_38' title="bbox 880 2781 2422 2862; baseline 0.011 -29"><span class='ocrx_word' id='word_1_320' title='bbox 880 2781 934 2834; x_wconf 89' lang='lat' dir='ltr'><strong>in</strong></span> <span class='ocrx_word' id='word_1_321' title='bbox 993 2786 1256 2838; x_wconf 85' lang='lat' dir='ltr'><strong>matutino</strong></span> <span class='ocrx_word' id='word_1_322' title='bbox 1325 2788 1454 2842; x_wconf 89' lang='lat' dir='ltr'><strong>solis</strong></span> <span class='ocrx_word' id='word_1_323' title='bbox 1524 2792 1692 2856; x_wconf 87' lang='lat' dir='ltr'><strong>exitu,</strong></span> <span class='ocrx_word' id='word_1_324' title='bbox 1747 2801 1801 2845; x_wconf 90' lang='lat' dir='ltr'><strong>et</strong></span> <span class='ocrx_word' id='word_1_325' title='bbox 1867 2797 2186 2862; x_wconf 89' lang='lat' dir='ltr'><strong>vespertinis</strong></span> <span class='ocrx_word' id='word_1_326' title='bbox 2254 2798 2422 2861; x_wconf 89' lang='lat' dir='ltr'><strong>horis,</strong></span> 
     </span>
    </p>
   </div>
   <div class='ocr_carea' id='block_1_39' title="bbox 881 2872 2424 2942">
    <p class='ocr_par' dir='ltr' id='par_1_39' title="bbox 881 2872 2424 2942">
     <span class='ocr_line' id='line_1_39' title="bbox 881 2872 2424 2942; baseline 0.012 -18"><span class='ocrx_word' id='word_1_327' title='bbox 881 2872 1082 2942; x_wconf 70' lang='lat' dir='ltr'><strong>hymni,</strong></span> <span class='ocrx_word' id='word_1_328' title='bbox 1135 2876 1320 2932; x_wconf 88' lang='lat' dir='ltr'><strong>laudes</strong></span> <span class='ocrx_word' id='word_1_329' title='bbox 1370 2888 1422 2933; x_wconf 92' lang='lat' dir='ltr'><strong>et</strong></span> <span class='ocrx_word' id='word_1_330' title='bbox 1485 2881 1680 2936; x_wconf 70' lang='lat' dir='ltr'><strong>divina:</strong></span> <span class='ocrx_word' id='word_1_331' title='bbox 1730 2900 1855 2938; x_wconf 89' lang='lat' dir='ltr'><strong>vere</strong></span> <span class='ocrx_word' id='word_1_332' title='bbox 1884 2887 2268 2942; x_wconf 88' lang='lat' dir='ltr'><strong>delectationes</strong></span> <span class='ocrx_word' id='word_1_333' title='bbox 2318 2887 2424 2942; x_wconf 72' lang='lat' dir='ltr'><strong>Dee</strong></span> 
     </span>
    </p>
   </div>
   <div class='ocr_carea' id='block_1_40' title="bbox 881 2964 2422 3032">
    <p class='ocr_par' dir='ltr' id='par_1_40' title="bbox 881 2964 2422 3032">
     <span class='ocr_line' id='line_1_40' title="bbox 881 2964 2422 3032; baseline 0.012 -19"><span class='ocrx_word' id='word_1_334' title='bbox 881 2964 1298 3032; x_wconf 88' lang='lat' dir='ltr'><strong>constituantur,</strong></span> <span class='ocrx_word' id='word_1_335' title='bbox 1335 2968 1387 3020; x_wconf 89' lang='lat' dir='ltr'><strong>id</strong></span> <span class='ocrx_word' id='word_1_336' title='bbox 1422 2985 1552 3023; x_wconf 88' lang='lat' dir='ltr'><strong>sane</strong></span> <span class='ocrx_word' id='word_1_337' title='bbox 1597 2969 1689 3026; x_wconf 92' lang='lat' dir='ltr'><strong>Dei</strong></span> <span class='ocrx_word' id='word_1_338' title='bbox 1731 2975 1948 3030; x_wconf 89' lang='lat' dir='ltr'><strong>virtutis</strong></span> <span class='ocrx_word' id='word_1_339' title='bbox 1995 2992 2101 3030; x_wconf 92' lang='lat' dir='ltr'><strong>non</strong></span> <span class='ocrx_word' id='word_1_340' title='bbox 2156 2979 2422 3032; x_wconf 91' lang='lat' dir='ltr'><strong>modicum</strong></span> 
     </span>
    </p>
   </div>
   <div class='ocr_carea' id='block_1_41' title="bbox 881 3051 2422 3138">
    <p class='ocr_par' dir='ltr' id='par_1_41' title="bbox 881 3051 2422 3138">
     <span class='ocr_line' id='line_1_41' title="bbox 881 3051 2422 3138; baseline 0.011 -33"><span class='ocrx_word' id='word_1_341' title='bbox 881 3051 1090 3120; x_wconf 77' lang='lat' dir='ltr'><strong>signum</strong></span> <span class='ocrx_word' id='word_1_342' title='bbox 1151 3064 1252 3110; x_wconf 89' lang='lat' dir='ltr'><strong>est.</strong></span> <span class='ocrx_word' id='word_1_343' title='bbox 1287 3056 1379 3111; x_wconf 91' lang='lat' dir='ltr'><strong>Dei</strong></span> <span class='ocrx_word' id='word_1_344' title='bbox 1431 3076 1559 3114; x_wconf 88' lang='lat' dir='ltr'><strong>vero</strong></span> <span class='ocrx_word' id='word_1_345' title='bbox 1609 3062 2000 3122; x_wconf 86' lang='lat' dir='ltr'><strong>delectationes</strong></span> <span class='ocrx_word' id='word_1_346' title='bbox 2061 3078 2186 3121; x_wconf 84' lang='lat' dir='ltr'><strong>sunt</strong></span> <span class='ocrx_word' id='word_1_347' title='bbox 2241 3069 2422 3138; x_wconf 85' lang='lat' dir='ltr'><strong>hymni</strong></span> 
     </span>
    </p>
   </div>
   <div class='ocr_carea' id='block_1_42' title="bbox 881 3143 2422 3224">
    <p class='ocr_par' dir='ltr' id='par_1_42' title="bbox 881 3143 2422 3224">
     <span class='ocr_line' id='line_1_42' title="bbox 881 3143 2422 3224; baseline 0.015 -31"><span class='ocrx_word' id='word_1_348' title='bbox 881 3143 1370 3210; x_wconf 67' lang='lat' dir='ltr'><strong>ubique&#39;terrarum</strong></span> <span class='ocrx_word' id='word_1_349' title='bbox 1402 3149 1455 3201; x_wconf 92' lang='lat' dir='ltr'><strong>in</strong></span> <span class='ocrx_word' id='word_1_350' title='bbox 1491 3149 1730 3206; x_wconf 87' lang='lat' dir='ltr'><strong>Ecclesia</strong></span> <span class='ocrx_word' id='word_1_351' title='bbox 1764 3157 1883 3224; x_wconf 82' lang='lat' dir='ltr'><strong>ejus</strong></span> <span class='ocrx_word' id='word_1_352' title='bbox 1918 3159 2200 3214; x_wconf 89' lang='lat' dir='ltr'><strong>matutinis</strong></span> <span class='ocrx_word' id='word_1_353' title='bbox 2247 3173 2299 3214; x_wconf 88' lang='lat' dir='ltr'><strong>et</strong></span> <span class='ocrx_word' id='word_1_354' title='bbox 2334 3179 2422 3215; x_wconf 84' lang='lat' dir='ltr'><strong>vc-</strong></span> 
     </span>
    </p>
   </div>
   <div class='ocr_carea' id='block_1_43' title="bbox 2533 1976 4089 2050">
    <p class='ocr_par' dir='ltr' id='par_1_43' title="bbox 2533 1976 4089 2050">
     <span class='ocr_line' id='line_1_43' title="bbox 2533 1976 4089 2050; baseline -0.003 -19"><span class='ocrx_word' id='word_1_355' title='bbox 2533 1981 2761 2050; x_wconf 85' lang='grc' dir='ltr'>παρίστη</span> <span class='ocrx_word' id='word_1_356' title='bbox 2793 1980 2991 2046; x_wconf 87' lang='grc' dir='ltr'>λέγων·</span> <span class='ocrx_word' id='word_1_357' title='bbox 3028 1997 3046 2029; x_wconf 80' lang='grc' dir='ltr'><strong>ι</strong></span> <span class='ocrx_word' id='word_1_358' title='bbox 3095 1977 3328 2043; x_wconf 82' lang='grc' dir='ltr'>Ἐξόδους</span> <span class='ocrx_word' id='word_1_359' title='bbox 3359 1979 3564 2046; x_wconf 79' lang='grc' dir='ltr'>πρωῖας</span> <span class='ocrx_word' id='word_1_360' title='bbox 3595 1976 3686 2028; x_wconf 75' lang='grc' dir='ltr'>καὶ</span> <span class='ocrx_word' id='word_1_361' title='bbox 3711 1977 3944 2047; x_wconf 77' lang='grc' dir='ltr'>ἑσπέρας</span> <span class='ocrx_word' id='word_1_362' title='bbox 3969 1976 4089 2047; x_wconf 77' lang='grc' dir='ltr'>τέρ-</span> 
     </span>
    </p>
   </div>
   <div class='ocr_carea' id='block_1_44' title="bbox 2528 2063 4087 2138">
    <p class='ocr_par' dir='ltr' id='par_1_44' title="bbox 2528 2063 4087 2138">
     <span class='ocr_line' id='line_1_44' title="bbox 2528 2063 4087 2138; baseline -0.001 -17"><span class='ocrx_word' id='word_1_363' title='bbox 2528 2071 2671 2138; x_wconf 84' lang='grc' dir='ltr'>ψεις·</span> <span class='ocrx_word' id='word_1_364' title='bbox 2712 2090 2728 2122; x_wconf 75' lang='grc' dir='ltr'><strong>ι</strong></span> <span class='ocrx_word' id='word_1_365' title='bbox 2763 2069 2874 2123; x_wconf 80' lang='grc' dir='ltr'>ἀνθ’</span> <span class='ocrx_word' id='word_1_366' title='bbox 2909 2063 2967 2122; x_wconf 77' lang='grc' dir='ltr'>οὗ</span> <span class='ocrx_word' id='word_1_367' title='bbox 2998 2072 3026 2121; x_wconf 81' lang='grc' dir='ltr'>ὁ</span> <span class='ocrx_word' id='word_1_368' title='bbox 3063 2068 3351 2138; x_wconf 80' lang='grc' dir='ltr'>Σύμμαχος</span> <span class='ocrx_word' id='word_1_369' title='bbox 3379 2071 3708 2138; x_wconf 78' lang='grc' dir='ltr'>ἡρμήνευσε·</span> <span class='ocrx_word' id='word_1_370' title='bbox 3747 2087 3765 2118; x_wconf 74' lang='grc' dir='ltr'><strong>ι</strong></span> <span class='ocrx_word' id='word_1_371' title='bbox 3807 2067 3916 2130; x_wconf 85' lang='grc' dir='ltr'>Τάς</span> <span class='ocrx_word' id='word_1_372' title='bbox 3955 2083 4087 2138; x_wconf 75' lang='grc' dir='ltr'>προ·</span> 
     </span>
    </p>
   </div>
   <div class='ocr_carea' id='block_1_45' title="bbox 2531 2157 4087 2229">
    <p class='ocr_par' dir='ltr' id='par_1_45' title="bbox 2531 2157 4087 2229">
     <span class='ocr_line' id='line_1_45' title="bbox 2531 2157 4087 2229; baseline 0.001 -19"><span class='ocrx_word' id='word_1_373' title='bbox 2531 2160 2762 2222; x_wconf 87' lang='grc' dir='ltr'>ελεύσεις</span> <span class='ocrx_word' id='word_1_374' title='bbox 2791 2159 2881 2212; x_wconf 86' lang='grc' dir='ltr'><strong>τοῦ</strong></span> <span class='ocrx_word' id='word_1_375' title='bbox 2923 2159 3114 2228; x_wconf 77' lang='grc' dir='ltr'>ὄρθρου</span> <span class='ocrx_word' id='word_1_376' title='bbox 3161 2160 3252 2214; x_wconf 75' lang='grc' dir='ltr'>καὶ</span> <span class='ocrx_word' id='word_1_377' title='bbox 3305 2159 3403 2228; x_wconf 82' lang='grc' dir='ltr'><strong>τῆς</strong></span> <span class='ocrx_word' id='word_1_378' title='bbox 3452 2157 3686 2229; x_wconf 78' lang='grc' dir='ltr'>ἑσπέρας</span> <span class='ocrx_word' id='word_1_379' title='bbox 3729 2159 3826 2220; x_wconf 82' lang='grc' dir='ltr'>τὰς</span> <span class='ocrx_word' id='word_1_380' title='bbox 3868 2158 4087 2228; x_wconf 80' lang='grc' dir='ltr'>ὑμνολο-</span> 
     </span>
    </p>
   </div>
   <div class='ocr_carea' id='block_1_46' title="bbox 2529 2248 4085 2318">
    <p class='ocr_par' dir='ltr' id='par_1_46' title="bbox 2529 2248 4085 2318">
     <span class='ocr_line' id='line_1_46' title="bbox 2529 2248 4085 2318; baseline -0.001 -17"><span class='ocrx_word' id='word_1_381' title='bbox 2529 2250 2671 2316; x_wconf 81' lang='grc' dir='ltr'>γίας.</span> <span class='ocrx_word' id='word_1_382' title='bbox 2702 2269 2719 2298; x_wconf 72' lang='grc' dir='ltr'><strong>ι</strong></span> <span class='ocrx_word' id='word_1_383' title='bbox 2760 2251 2851 2300; x_wconf 89' lang='grc' dir='ltr'>Ἒν</span> <span class='ocrx_word' id='word_1_384' title='bbox 2882 2248 2987 2317; x_wconf 85' lang='grc' dir='ltr'>γὰρ</span> <span class='ocrx_word' id='word_1_385' title='bbox 3014 2248 3282 2301; x_wconf 75' lang='grc' dir='ltr'>καὶτοῦτο</span> <span class='ocrx_word' id='word_1_386' title='bbox 3317 2248 3565 2318; x_wconf 87' lang='grc' dir='ltr'>μέγιστον</span> <span class='ocrx_word' id='word_1_387' title='bbox 3592 2249 3812 2317; x_wconf 87' lang='grc' dir='ltr'>σημεῖον</span> <span class='ocrx_word' id='word_1_388' title='bbox 3833 2249 4085 2318; x_wconf 79' lang='grc' dir='ltr'>τυγχάνει</span> 
     </span>
    </p>
   </div>
   <div class='ocr_carea' id='block_1_47' title="bbox 2527 2338 4086 2408">
    <p class='ocr_par' dir='ltr' id='par_1_47' title="bbox 2527 2338 4086 2408">
     <span class='ocr_line' id='line_1_47' title="bbox 2527 2338 4086 2408; baseline 0 -18"><span class='ocrx_word' id='word_1_389' title='bbox 2527 2339 2622 2408; x_wconf 83' lang='grc' dir='ltr'>τῆς</span> <span class='ocrx_word' id='word_1_390' title='bbox 2674 2339 2935 2407; x_wconf 78' lang='grc' dir='ltr'>σωτηρίου</span> <span class='ocrx_word' id='word_1_391' title='bbox 2981 2339 3278 2407; x_wconf 83' lang='grc' dir='ltr'>δυνάμεως,</span> <span class='ocrx_word' id='word_1_392' title='bbox 3327 2338 3387 2389; x_wconf 82' lang='grc' dir='ltr'><strong>τὸ</strong></span> <span class='ocrx_word' id='word_1_393' title='bbox 3441 2338 3576 2406; x_wconf 89' lang='grc' dir='ltr'><strong>μετά</strong></span> <span class='ocrx_word' id='word_1_394' title='bbox 3614 2338 3712 2408; x_wconf 76' lang='grc' dir='ltr'>τὴν</span> <span class='ocrx_word' id='word_1_395' title='bbox 3764 2339 4086 2392; x_wconf 75' lang='grc' dir='ltr'>ταπείνωσιν</span> 
     </span>
    </p>
   </div>
   <div class='ocr_carea' id='block_1_48' title="bbox 2527 2425 4084 2498">
    <p class='ocr_par' dir='ltr' id='par_1_48' title="bbox 2527 2425 4084 2498">
     <span class='ocr_line' id='line_1_48' title="bbox 2527 2425 4084 2498; baseline 0.001 -19"><span class='ocrx_word' id='word_1_396' title='bbox 2527 2428 2630 2480; x_wconf 84' lang='grc' dir='ltr'>τῶν</span> <span class='ocrx_word' id='word_1_397' title='bbox 2664 2427 3066 2498; x_wconf 82' lang='grc' dir='ltr'>προλεχθέντων</span> <span class='ocrx_word' id='word_1_398' title='bbox 3089 2427 3452 2497; x_wconf 85' lang='grc' dir='ltr'>συστήσασθαι</span> <span class='ocrx_word' id='word_1_399' title='bbox 3476 2429 3531 2479; x_wconf 82' lang='grc' dir='ltr'><strong>ὲν</strong></span> <span class='ocrx_word' id='word_1_400' title='bbox 3557 2425 3858 2496; x_wconf 86' lang='grc' dir='ltr'>ἀνθρώποις</span> <span class='ocrx_word' id='word_1_401' title='bbox 3879 2426 4084 2492; x_wconf 77' lang='grc' dir='ltr'>ἐξόδους</span> 
     </span>
    </p>
   </div>
   <div class='ocr_carea' id='block_1_49' title="bbox 2528 2515 4082 2588">
    <p class='ocr_par' dir='ltr' id='par_1_49' title="bbox 2528 2515 4082 2588">
     <span class='ocr_line' id='line_1_49' title="bbox 2528 2515 4082 2588; baseline -0.001 -18"><span class='ocrx_word' id='word_1_402' title='bbox 2528 2520 2730 2588; x_wconf 76' lang='grc' dir='ltr'>πρωῖας</span> <span class='ocrx_word' id='word_1_403' title='bbox 2766 2518 2858 2570; x_wconf 74' lang='grc' dir='ltr'>καὶ</span> <span class='ocrx_word' id='word_1_404' title='bbox 2891 2517 3124 2587; x_wconf 78' lang='grc' dir='ltr'>ἑσπέρας</span> <span class='ocrx_word' id='word_1_405' title='bbox 3155 2517 3396 2586; x_wconf 79' lang='grc' dir='ltr'>τέρψεις·</span> <span class='ocrx_word' id='word_1_406' title='bbox 3425 2517 3456 2585; x_wconf 80' lang='grc' dir='ltr'>ἢ</span> <span class='ocrx_word' id='word_1_407' title='bbox 3487 2516 3624 2569; x_wconf 86' lang='grc' dir='ltr'><strong>κατά</strong></span> <span class='ocrx_word' id='word_1_408' title='bbox 3647 2515 3737 2568; x_wconf 78' lang='grc' dir='ltr'><strong>τὸν</strong></span> <span class='ocrx_word' id='word_1_409' title='bbox 3772 2515 4082 2585; x_wconf 81' lang='grc' dir='ltr'>Σύμμαχον,</span> 
     </span>
    </p>
   </div>
   <div class='ocr_carea' id='block_1_50' title="bbox 2533 2606 4077 2676">
    <p class='ocr_par' dir='ltr' id='par_1_50' title="bbox 2533 2606 4077 2676">
     <span class='ocr_line' id='line_1_50' title="bbox 2533 2606 4077 2676; baseline 0.001 -20"><span class='ocrx_word' id='word_1_410' title='bbox 2533 2625 2548 2656; x_wconf 80' lang='grc' dir='ltr'><strong>ι</strong></span> <span class='ocrx_word' id='word_1_411' title='bbox 2579 2606 2914 2675; x_wconf 83' lang='grc' dir='ltr'>ὑμνολογίας,</span> <span class='ocrx_word' id='word_1_412' title='bbox 2941 2625 2958 2657; x_wconf 75' lang='grc' dir='ltr'><strong>ι</strong></span> <span class='ocrx_word' id='word_1_413' title='bbox 2979 2607 3031 2676; x_wconf 76' lang='grc' dir='ltr'>ἦ,</span> <span class='ocrx_word' id='word_1_414' title='bbox 3054 2607 3191 2659; x_wconf 87' lang='grc' dir='ltr'><strong>κατά</strong></span> <span class='ocrx_word' id='word_1_415' title='bbox 3211 2608 3300 2660; x_wconf 85' lang='grc' dir='ltr'><strong>τὸν</strong></span> <span class='ocrx_word' id='word_1_416' title='bbox 3333 2606 3578 2670; x_wconf 82' lang='grc' dir='ltr'><strong>Ἀκύλαν,</strong></span> <span class='ocrx_word' id='word_1_417' title='bbox 3602 2625 3619 2657; x_wconf 84' lang='grc' dir='ltr'><strong>ι</strong></span> <span class='ocrx_word' id='word_1_418' title='bbox 3652 2608 4030 2676; x_wconf 81' lang='grc' dir='ltr'>αίνοποιήσεις.</span> <span class='ocrx_word' id='word_1_419' title='bbox 4059 2626 4077 2658; x_wconf 75' lang='grc' dir='ltr'><strong>ι</strong></span> 
     </span>
    </p>
   </div>
   <div class='ocr_carea' id='block_1_51' title="bbox 2525 2697 4082 2768">
    <p class='ocr_par' dir='ltr' id='par_1_51' title="bbox 2525 2697 4082 2768">
     <span class='ocr_line' id='line_1_51' title="bbox 2525 2697 4082 2768; baseline 0.001 -20"><span class='ocrx_word' id='word_1_420' title='bbox 2525 2697 2596 2748; x_wconf 76' lang='grc' dir='ltr'><strong>Τὸ</strong></span> <span class='ocrx_word' id='word_1_421' title='bbox 2620 2697 2724 2768; x_wconf 82' lang='grc' dir='ltr'><strong>γὰρ</strong></span> <span class='ocrx_word' id='word_1_422' title='bbox 2763 2698 2879 2750; x_wconf 79' lang='grc' dir='ltr'>καθ’</span> <span class='ocrx_word' id='word_1_423' title='bbox 2903 2698 3025 2767; x_wconf 83' lang='grc' dir='ltr'><strong>ὅλης</strong></span> <span class='ocrx_word' id='word_1_424' title='bbox 3058 2699 3155 2767; x_wconf 80' lang='grc' dir='ltr'><strong>τῆς</strong></span> <span class='ocrx_word' id='word_1_425' title='bbox 3183 2699 3501 2767; x_wconf 71' lang='grc' dir='ltr'>οἰκουμένης</span> <span class='ocrx_word' id='word_1_426' title='bbox 3533 2699 3590 2749; x_wconf 84' lang='grc' dir='ltr'><strong>ὲν</strong></span> <span class='ocrx_word' id='word_1_427' title='bbox 3626 2701 3744 2759; x_wconf 85' lang='grc' dir='ltr'>ταῖς</span> <span class='ocrx_word' id='word_1_428' title='bbox 3772 2697 4082 2768; x_wconf 76' lang='grc' dir='ltr'>ἐκκλησίαις</span> 
     </span>
    </p>
   </div>
   <div class='ocr_carea' id='block_1_52' title="bbox 2524 2789 4082 2858">
    <p class='ocr_par' dir='ltr' id='par_1_52' title="bbox 2524 2789 4082 2858">
     <span class='ocr_line' id='line_1_52' title="bbox 2524 2789 4082 2858; baseline 0.004 -20"><span class='ocrx_word' id='word_1_429' title='bbox 2524 2789 2615 2839; x_wconf 85' lang='grc' dir='ltr'><strong>τοῦ</strong></span> <span class='ocrx_word' id='word_1_430' title='bbox 2643 2789 2774 2840; x_wconf 84' lang='grc' dir='ltr'>Θεοῦ</span> <span class='ocrx_word' id='word_1_431' title='bbox 2804 2789 2942 2841; x_wconf 81' lang='grc' dir='ltr'><strong>κατά</strong></span> <span class='ocrx_word' id='word_1_432' title='bbox 2974 2790 3072 2851; x_wconf 84' lang='grc' dir='ltr'>τὰς</span> <span class='ocrx_word' id='word_1_433' title='bbox 3113 2789 3350 2858; x_wconf 83' lang='grc' dir='ltr'>πρωῖνάς</span> <span class='ocrx_word' id='word_1_434' title='bbox 3385 2790 3476 2841; x_wconf 90' lang='grc' dir='ltr'><strong>τοῦ</strong></span> <span class='ocrx_word' id='word_1_435' title='bbox 3507 2791 3654 2858; x_wconf 80' lang='grc' dir='ltr'>ήλίου</span> <span class='ocrx_word' id='word_1_436' title='bbox 3678 2789 3904 2853; x_wconf 76' lang='grc' dir='ltr'>ἐξόδους,</span> <span class='ocrx_word' id='word_1_437' title='bbox 3941 2793 4082 2847; x_wconf 75' lang='grc' dir='ltr'>κατά</span> 
     </span>
    </p>
   </div>
   <div class='ocr_carea' id='block_1_53' title="bbox 2523 2880 4079 2951">
    <p class='ocr_par' dir='ltr' id='par_1_53' title="bbox 2523 2880 4079 2951">
     <span class='ocr_line' id='line_1_53' title="bbox 2523 2880 4079 2951; baseline 0.003 -22"><span class='ocrx_word' id='word_1_438' title='bbox 2523 2895 2580 2929; x_wconf 88' lang='grc' dir='ltr'><strong>τε</strong></span> <span class='ocrx_word' id='word_1_439' title='bbox 2614 2881 2708 2941; x_wconf 88' lang='grc' dir='ltr'><strong>τάς</strong></span> <span class='ocrx_word' id='word_1_440' title='bbox 2733 2881 3014 2950; x_wconf 82' lang='grc' dir='ltr'>έσπερινάς</span> <span class='ocrx_word' id='word_1_441' title='bbox 3041 2880 3185 2950; x_wconf 84' lang='grc' dir='ltr'>ὥρας</span> <span class='ocrx_word' id='word_1_442' title='bbox 3229 2880 3542 2950; x_wconf 83' lang='grc' dir='ltr'>ὑμνολογίας</span> <span class='ocrx_word' id='word_1_443' title='bbox 3567 2883 3659 2933; x_wconf 74' lang='grc' dir='ltr'>καὶ</span> <span class='ocrx_word' id='word_1_444' title='bbox 3699 2883 4079 2951; x_wconf 75' lang='grc' dir='ltr'>αἱνοποιήσεις,</span> 
     </span>
    </p>
   </div>
   <div class='ocr_carea' id='block_1_54' title="bbox 2525 2969 4081 3039">
    <p class='ocr_par' dir='ltr' id='par_1_54' title="bbox 2525 2969 4081 3039">
     <span class='ocr_line' id='line_1_54' title="bbox 2525 2969 4081 3039; baseline 0.001 -19"><span class='ocrx_word' id='word_1_445' title='bbox 2525 2969 2616 3021; x_wconf 72' lang='grc' dir='ltr'><strong>καὶ</strong></span> <span class='ocrx_word' id='word_1_446' title='bbox 2644 2970 2790 3032; x_wconf 82' lang='grc' dir='ltr'>θείας</span> <span class='ocrx_word' id='word_1_447' title='bbox 2822 2970 3031 3039; x_wconf 79' lang='grc' dir='ltr'>ἀληθῶς</span> <span class='ocrx_word' id='word_1_448' title='bbox 3067 2971 3282 3039; x_wconf 76' lang='grc' dir='ltr'>τέρψεις</span> <span class='ocrx_word' id='word_1_449' title='bbox 3331 2969 3408 3038; x_wconf 77' lang='grc' dir='ltr'>τῷ</span> <span class='ocrx_word' id='word_1_450' title='bbox 3453 2969 3567 3038; x_wconf 85' lang='grc' dir='ltr'>Θεῷ</span> <span class='ocrx_word' id='word_1_451' title='bbox 3608 2969 3989 3039; x_wconf 84' lang='grc' dir='ltr'>συστήσασθαι,</span> <span class='ocrx_word' id='word_1_452' title='bbox 4019 2970 4081 3022; x_wconf 76' lang='grc' dir='ltr'>οὐ</span> 
     </span>
    </p>
   </div>
   <div class='ocr_carea' id='block_1_55' title="bbox 2521 3055 4080 3128">
    <p class='ocr_par' dir='ltr' id='par_1_55' title="bbox 2521 3055 4080 3128">
     <span class='ocr_line' id='line_1_55' title="bbox 2521 3055 4080 3128; baseline -0.001 -18"><span class='ocrx_word' id='word_1_453' title='bbox 2521 3060 2580 3110; x_wconf 81' lang='grc' dir='ltr'><strong>τὸ</strong></span> <span class='ocrx_word' id='word_1_454' title='bbox 2609 3059 2764 3128; x_wconf 81' lang='grc' dir='ltr'>τυχὸν</span> <span class='ocrx_word' id='word_1_455' title='bbox 2804 3055 2870 3128; x_wconf 81' lang='grc' dir='ltr'><strong>ἦν</strong></span> <span class='ocrx_word' id='word_1_456' title='bbox 2907 3059 3039 3110; x_wconf 92' lang='grc' dir='ltr'>Θεοῦ</span> <span class='ocrx_word' id='word_1_457' title='bbox 3079 3059 3280 3128; x_wconf 79' lang='grc' dir='ltr'>ἀρετῆς</span> <span class='ocrx_word' id='word_1_458' title='bbox 3328 3061 3567 3126; x_wconf 83' lang='grc' dir='ltr'>σημεῖον.</span> <span class='ocrx_word' id='word_1_459' title='bbox 3607 3056 3739 3109; x_wconf 89' lang='grc' dir='ltr'>Θεοῦ</span> <span class='ocrx_word' id='word_1_460' title='bbox 3774 3058 3829 3109; x_wconf 82' lang='grc' dir='ltr'>δὲ</span> <span class='ocrx_word' id='word_1_461' title='bbox 3862 3057 4080 3127; x_wconf 89' lang='grc' dir='ltr'>τέρψεις</span> 
     </span>
    </p>
   </div>
   <div class='ocr_carea' id='block_1_56' title="bbox 2521 3146 4082 3220">
    <p class='ocr_par' dir='ltr' id='par_1_56' title="bbox 2521 3146 4082 3220">
     <span class='ocr_line' id='line_1_56' title="bbox 2521 3146 4082 3220; baseline -0.002 -18"><span class='ocrx_word' id='word_1_462' title='bbox 2521 3154 2569 3203; x_wconf 77' lang='grc' dir='ltr'>οἱ</span> <span class='ocrx_word' id='word_1_463' title='bbox 2599 3150 2867 3219; x_wconf 80' lang='grc' dir='ltr'>πανταχοῦ</span> <span class='ocrx_word' id='word_1_464' title='bbox 2894 3151 2989 3219; x_wconf 82' lang='grc' dir='ltr'>τῆς</span> <span class='ocrx_word' id='word_1_465' title='bbox 3013 3150 3114 3220; x_wconf 83' lang='grc' dir='ltr'>γῆς</span> <span class='ocrx_word' id='word_1_466' title='bbox 3139 3151 3194 3200; x_wconf 87' lang='grc' dir='ltr'><strong>ὲν</strong></span> <span class='ocrx_word' id='word_1_467' title='bbox 3227 3151 3290 3218; x_wconf 79' lang='grc' dir='ltr'>τῇ</span> <span class='ocrx_word' id='word_1_468' title='bbox 3329 3147 3618 3216; x_wconf 76' lang='grc' dir='ltr'>Ἐκκλησία</span> <span class='ocrx_word' id='word_1_469' title='bbox 3644 3146 3806 3199; x_wconf 86' lang='grc' dir='ltr'>αὐτοῦ</span> <span class='ocrx_word' id='word_1_470' title='bbox 3840 3149 4082 3218; x_wconf 83' lang='grc' dir='ltr'>ἀναπεμ-</span> 
     </span>
    </p>
   </div>
   <div class='ocr_carea' id='block_1_57' title="bbox 881 3232 2619 3317">
    <p class='ocr_par' dir='ltr' id='par_1_57' title="bbox 881 3232 2619 3317">
     <span class='ocr_line' id='line_1_57' title="bbox 881 3232 2619 3317; baseline 0.014 -32"><span class='ocrx_word' id='word_1_471' title='bbox 881 3232 1135 3299; x_wconf 90' lang='lat' dir='ltr'><strong>spertinis</strong></span> <span class='ocrx_word' id='word_1_472' title='bbox 1162 3235 1310 3291; x_wconf 87' lang='lat' dir='ltr'><strong>horis</strong></span> <span class='ocrx_word' id='word_1_473' title='bbox 1341 3240 1547 3293; x_wconf 85' lang='lat' dir='ltr'><strong>emissi.</strong></span> <span class='ocrx_word' id='word_1_474' title='bbox 1573 3241 1748 3306; x_wconf 87' lang='lat' dir='ltr'><strong>Quare</strong></span> <span class='ocrx_word' id='word_1_475' title='bbox 1794 3245 1998 3300; x_wconf 91' lang='lat' dir='ltr'><strong>dictum</strong></span> <span class='ocrx_word' id='word_1_476' title='bbox 2047 3258 2130 3302; x_wconf 90' lang='lat' dir='ltr'><strong>est</strong></span> <span class='ocrx_word' id='word_1_477' title='bbox 2175 3251 2371 3304; x_wconf 84' lang='lat' dir='ltr'><strong>alicubi</strong></span> <span class='ocrx_word' id='word_1_478' title='bbox 2407 3269 2417 3302; x_wconf 93' lang='lat'>:</span> <span class='ocrx_word' id='word_1_479' title='bbox 2450 3262 2493 3317; x_wconf 74' lang='grc' dir='ltr'>ο</span> <span class='ocrx_word' id='word_1_480' title='bbox 2524 3242 2619 3310; x_wconf 63' lang='grc' dir='ltr'><strong>πάρ</strong></span> 
     </span>
    </p>
   </div>
   <div class='ocr_carea' id='block_1_58' title="bbox 2341 3232 4079 3317">
    <p class='ocr_par' dir='ltr' id='par_1_58' title="bbox 2341 3238 4079 3317">
     <span class='ocr_line' id='line_1_58' title="bbox 2341 3238 4079 3317; baseline 0 -26"><span class='ocrx_word' id='word_1_481' title='bbox 2341 3254 2371 3304; x_wconf 71' lang='grc' dir='ltr'><strong>,ί</strong></span> <span class='ocrx_word' id='word_1_482' title='bbox 2407 3269 2417 3302; x_wconf 75' lang='grc' dir='ltr'>ε</span> <span class='ocrx_word' id='word_1_483' title='bbox 2450 3262 2493 3317; x_wconf 75' lang='lat' dir='ltr'><strong><em>C</em></strong></span> <span class='ocrx_word' id='word_1_484' title='bbox 2524 3242 2744 3310; x_wconf 86' lang='grc' dir='ltr'>πόμενοι</span> <span class='ocrx_word' id='word_1_485' title='bbox 2782 3240 2920 3292; x_wconf 88' lang='grc' dir='ltr'><strong>κατά</strong></span> <span class='ocrx_word' id='word_1_486' title='bbox 2952 3241 3074 3302; x_wconf 79' lang='grc' dir='ltr'>τοὺς</span> <span class='ocrx_word' id='word_1_487' title='bbox 3105 3239 3379 3308; x_wconf 81' lang='grc' dir='ltr'>ὁρθρινοὺς</span> <span class='ocrx_word' id='word_1_488' title='bbox 3409 3240 3498 3290; x_wconf 66' lang='grc' dir='ltr'><strong>καὶ</strong></span> <span class='ocrx_word' id='word_1_489' title='bbox 3540 3238 3678 3290; x_wconf 85' lang='grc' dir='ltr'><strong>κατά</strong></span> <span class='ocrx_word' id='word_1_490' title='bbox 3705 3239 3831 3300; x_wconf 86' lang='grc' dir='ltr'>τοὺς</span> <span class='ocrx_word' id='word_1_491' title='bbox 3859 3240 4079 3307; x_wconf 80' lang='grc' dir='ltr'>ἑσπερι-</span> 
     </span>
    </p>
   </div>
   <div class='ocr_carea' id='block_1_59' title="bbox 884 3323 2424 3401">
    <p class='ocr_par' dir='ltr' id='par_1_59' title="bbox 884 3323 2424 3401">
     <span class='ocr_line' id='line_1_59' title="bbox 884 3323 2424 3401; baseline 0.016 -29"><span class='ocrx_word' id='word_1_492' title='bbox 884 3343 904 3372; x_wconf 76' lang='grc'><em>‹</em></span> <span class='ocrx_word' id='word_1_493' title='bbox 935 3323 1178 3380; x_wconf 84' lang='lat' dir='ltr'><strong>Jucunda</strong></span> <span class='ocrx_word' id='word_1_494' title='bbox 1208 3329 1276 3382; x_wconf 91' lang='lat' dir='ltr'><strong>sit</strong></span> <span class='ocrx_word' id='word_1_495' title='bbox 1303 3331 1348 3383; x_wconf 90' lang='lat' dir='ltr'><strong>ei</strong></span> <span class='ocrx_word' id='word_1_496' title='bbox 1396 3332 1515 3387; x_wconf 91' lang='lat' dir='ltr'><strong>laus</strong></span> <span class='ocrx_word' id='word_1_497' title='bbox 1552 3351 1668 3388; x_wconf 85' lang='lat' dir='ltr'><strong>mea</strong></span> <span class='ocrx_word' id='word_1_498' title='bbox 1695 3337 1773 3401; x_wconf 64' lang='lat'><strong>8|‘;</strong></span> <span class='ocrx_word' id='word_1_499' title='bbox 1815 3357 1830 3388; x_wconf 84' lang='grc'>›</span> <span class='ocrx_word' id='word_1_500' title='bbox 1869 3354 1931 3392; x_wconf 90' lang='lat' dir='ltr'><strong>ac</strong></span> <span class='ocrx_word' id='word_1_501' title='bbox 1959 3356 2170 3393; x_wconf 89' lang='lat' dir='ltr'><strong>rursum</strong></span> <span class='ocrx_word' id='word_1_502' title='bbox 2199 3359 2211 3392; x_wconf 92' lang='lat'>:</span> <span class='ocrx_word' id='word_1_503' title='bbox 2252 3361 2266 3392; x_wconf 86' lang='grc' dir='ltr'><strong>ι</strong></span> <span class='ocrx_word' id='word_1_504' title='bbox 2307 3345 2424 3397; x_wconf 86' lang='lat' dir='ltr'><strong>Ele-</strong></span> 
     </span>
    </p>
   </div>
   <div class='ocr_carea' id='block_1_60' title="bbox 880 3419 2418 3500">
    <p class='ocr_par' dir='ltr' id='par_1_60' title="bbox 880 3419 2418 3500">
     <span class='ocr_line' id='line_1_60' title="bbox 880 3419 2418 3500; baseline 0.012 -33"><span class='ocrx_word' id='word_1_505' title='bbox 880 3419 1023 3471; x_wconf 84' lang='lat' dir='ltr'><strong>vatio</strong></span> <span class='ocrx_word' id='word_1_506' title='bbox 1046 3434 1297 3472; x_wconf 91' lang='lat' dir='ltr'><strong>manuum</strong></span> <span class='ocrx_word' id='word_1_507' title='bbox 1325 3439 1563 3477; x_wconf 84' lang='lat' dir='ltr'><strong>mearum</strong></span> <span class='ocrx_word' id='word_1_508' title='bbox 1584 3428 1908 3482; x_wconf 83' lang='lat' dir='ltr'><strong>sacriﬁcium</strong></span> <span class='ocrx_word' id='word_1_509' title='bbox 1934 3433 2295 3499; x_wconf 89' lang='lat' dir='ltr'><strong>vespertinum</strong></span> <span class='ocrx_word' id='word_1_510' title='bbox 2313 3435 2374 3500; x_wconf 70' lang='lat'><strong>38;</strong></span> <span class='ocrx_word' id='word_1_511' title='bbox 2402 3455 2418 3486; x_wconf 74' lang='grc' dir='ltr'><strong>ι</strong></span> 
     </span>
    </p>
   </div>
   <div class='ocr_carea' id='block_1_61' title="bbox 880 3506 2422 3592">
    <p class='ocr_par' dir='ltr' id='par_1_61' title="bbox 880 3506 2422 3592">
     <span class='ocr_line' id='line_1_61' title="bbox 880 3506 2422 3592; baseline 0.013 -35"><span class='ocrx_word' id='word_1_512' title='bbox 880 3513 932 3558; x_wconf 88' lang='lat' dir='ltr'><strong>et</strong></span> <span class='ocrx_word' id='word_1_513' title='bbox 963 3525 975 3558; x_wconf 88' lang='lat'>:</span> <span class='ocrx_word' id='word_1_514' title='bbox 1012 3526 1028 3557; x_wconf 79' lang='grc' dir='ltr'><strong>ι</strong></span> <span class='ocrx_word' id='word_1_515' title='bbox 1072 3506 1189 3560; x_wconf 85' lang='lat' dir='ltr'><strong>Fiat</strong></span> <span class='ocrx_word' id='word_1_516' title='bbox 1211 3512 1382 3565; x_wconf 90' lang='lat' dir='ltr'><strong>oratio</strong></span> <span class='ocrx_word' id='word_1_517' title='bbox 1410 3529 1527 3574; x_wconf 86' lang='lat' dir='ltr'><strong>mea</strong></span> <span class='ocrx_word' id='word_1_518' title='bbox 1559 3517 1697 3570; x_wconf 88' lang='lat' dir='ltr'><strong>sicut</strong></span> <span class='ocrx_word' id='word_1_519' title='bbox 1724 3519 2006 3573; x_wconf 88' lang='lat' dir='ltr'><strong>incensum</strong></span> <span class='ocrx_word' id='word_1_520' title='bbox 2046 3523 2098 3574; x_wconf 91' lang='lat' dir='ltr'><strong>in</strong></span> <span class='ocrx_word' id='word_1_521' title='bbox 2132 3535 2422 3592; x_wconf 87' lang='lat' dir='ltr'><strong>conspectu</strong></span> 
     </span>
    </p>
   </div>
   <div class='ocr_carea' id='block_1_62' title="bbox 880 3598 2423 3681">
    <p class='ocr_par' dir='ltr' id='par_1_62' title="bbox 880 3598 2423 3681">
     <span class='ocr_line' id='line_1_62' title="bbox 880 3598 2423 3681; baseline 0.012 -33"><span class='ocrx_word' id='word_1_522' title='bbox 880 3598 1050 3651; x_wconf 77' lang='lat' dir='ltr'><strong>tuo&quot;.</strong></span> <span class='ocrx_word' id='word_1_523' title='bbox 1083 3618 1099 3648; x_wconf 75' lang='grc' dir='ltr'><strong>ι</strong></span> <span class='ocrx_word' id='word_1_524' title='bbox 1134 3601 1268 3669; x_wconf 76' lang='lat' dir='ltr'><strong>Ipsae</strong></span> <span class='ocrx_word' id='word_1_525' title='bbox 1294 3600 1474 3671; x_wconf 89' lang='lat' dir='ltr'><strong>itaque</strong></span> <span class='ocrx_word' id='word_1_526' title='bbox 1500 3604 1884 3665; x_wconf 87' lang='lat' dir='ltr'><strong>delectationes</strong></span> <span class='ocrx_word' id='word_1_527' title='bbox 1934 3609 2238 3666; x_wconf 85' lang='lat' dir='ltr'><strong>Servatoris</strong></span> <span class='ocrx_word' id='word_1_528' title='bbox 2276 3616 2423 3681; x_wconf 78' lang='lat' dir='ltr'><strong>signa</strong></span> 
     </span>
    </p>
   </div>
   <div class='ocr_carea' id='block_1_63' title="bbox 883 3689 2424 3768">
    <p class='ocr_par' dir='ltr' id='par_1_63' title="bbox 883 3689 2424 3768">
     <span class='ocr_line' id='line_1_63' title="bbox 883 3689 2424 3768; baseline 0.01 -29"><span class='ocrx_word' id='word_1_529' title='bbox 883 3695 1028 3741; x_wconf 91' lang='lat' dir='ltr'><strong>sunt.</strong></span> <span class='ocrx_word' id='word_1_530' title='bbox 1063 3689 1142 3741; x_wconf 82' lang='lat' dir='ltr'><strong>Ad</strong></span> <span class='ocrx_word' id='word_1_531' title='bbox 1197 3689 1307 3743; x_wconf 72' lang='lat' dir='ltr'><strong>haec</strong></span> <span class='ocrx_word' id='word_1_532' title='bbox 1355 3692 1500 3758; x_wconf 86' lang='lat' dir='ltr'><strong>aliud</strong></span> <span class='ocrx_word' id='word_1_533' title='bbox 1556 3695 1847 3749; x_wconf 83' lang='lat' dir='ltr'><strong>maximum</strong></span> <span class='ocrx_word' id='word_1_534' title='bbox 1905 3701 2115 3768; x_wconf 81' lang='lat' dir='ltr'><strong>signum</strong></span> <span class='ocrx_word' id='word_1_535' title='bbox 2164 3709 2424 3755; x_wconf 86' lang='lat' dir='ltr'><strong>memorat</strong></span> 
     </span>
    </p>
   </div>
   <div class='ocr_carea' id='block_1_64' title="bbox 883 3777 2416 3848">
    <p class='ocr_par' dir='ltr' id='par_1_64' title="bbox 883 3777 2416 3848">
     <span class='ocr_line' id='line_1_64' title="bbox 883 3777 2416 3848; baseline 0.01 -19"><span class='ocrx_word' id='word_1_536' title='bbox 883 3777 1068 3832; x_wconf 78' lang='lat' dir='ltr'><strong>diccus</strong></span> <span class='ocrx_word' id='word_1_537' title='bbox 1109 3801 1119 3832; x_wconf 89' lang='grc'>;</span> <span class='ocrx_word' id='word_1_538' title='bbox 1159 3799 1175 3829; x_wconf 73' lang='grc' dir='ltr'><strong>ι</strong></span> <span class='ocrx_word' id='word_1_539' title='bbox 1218 3779 1461 3835; x_wconf 81' lang='lat' dir='ltr'><strong>Visilasti</strong></span> <span class='ocrx_word' id='word_1_540' title='bbox 1513 3790 1734 3848; x_wconf 88' lang='lat' dir='ltr'><strong>terram,</strong></span> <span class='ocrx_word' id='word_1_541' title='bbox 1768 3795 1821 3840; x_wconf 90' lang='lat' dir='ltr'><strong>et</strong></span> <span class='ocrx_word' id='word_1_542' title='bbox 1883 3789 2160 3844; x_wconf 90' lang='lat' dir='ltr'><strong>inebriasti</strong></span> <span class='ocrx_word' id='word_1_543' title='bbox 2218 3806 2352 3845; x_wconf 87' lang='lat' dir='ltr'><strong>eam.</strong></span> <span class='ocrx_word' id='word_1_544' title='bbox 2399 3811 2416 3839; x_wconf 60' lang='grc' dir='ltr'><strong>θ</strong></span> 
     </span>
    </p>
   </div>
   <div class='ocr_carea' id='block_1_65' title="bbox 883 3865 2420 3944">
    <p class='ocr_par' dir='ltr' id='par_1_65' title="bbox 883 3865 2420 3944">
     <span class='ocr_line' id='line_1_65' title="bbox 883 3865 2420 3944; baseline 0.009 -24"><span class='ocrx_word' id='word_1_545' title='bbox 883 3865 951 3920; x_wconf 87' lang='lat' dir='ltr'><strong>Ut</strong></span> <span class='ocrx_word' id='word_1_546' title='bbox 973 3870 1112 3922; x_wconf 88' lang='lat' dir='ltr'><strong>enim</strong></span> <span class='ocrx_word' id='word_1_547' title='bbox 1140 3886 1340 3939; x_wconf 76' lang='lat' dir='ltr'><strong>:egrum</strong></span> <span class='ocrx_word' id='word_1_548' title='bbox 1372 3873 1614 3928; x_wconf 88' lang='lat' dir='ltr'><strong>medicus</strong></span> <span class='ocrx_word' id='word_1_549' title='bbox 1647 3876 1864 3942; x_wconf 90' lang='lat' dir='ltr'><strong>inspicit</strong></span> <span class='ocrx_word' id='word_1_550' title='bbox 1899 3893 1961 3932; x_wconf 91' lang='lat' dir='ltr'><strong>ac</strong></span> <span class='ocrx_word' id='word_1_551' title='bbox 1987 3881 2186 3944; x_wconf 77' lang='lat' dir='ltr'><strong>visitat,</strong></span> <span class='ocrx_word' id='word_1_552' title='bbox 2223 3883 2420 3936; x_wconf 81' lang='lat' dir='ltr'><strong>morbi-</strong></span> 
     </span>
    </p>
   </div>
   <div class='ocr_carea' id='block_1_66' title="bbox 883 3960 2419 4034">
    <p class='ocr_par' dir='ltr' id='par_1_66' title="bbox 883 3960 2419 4034">
     <span class='ocr_line' id='line_1_66' title="bbox 883 3960 2419 4034; baseline 0.011 -29"><span class='ocrx_word' id='word_1_553' title='bbox 883 3971 986 4023; x_wconf 90' lang='lat' dir='ltr'><strong>que</strong></span> <span class='ocrx_word' id='word_1_554' title='bbox 1007 3972 1188 4009; x_wconf 86' lang='lat' dir='ltr'><strong>curam</strong></span> <span class='ocrx_word' id='word_1_555' title='bbox 1223 3960 1376 4027; x_wconf 74' lang='lat' dir='ltr'><strong>gerit.</strong></span> <span class='ocrx_word' id='word_1_556' title='bbox 1402 3962 1690 4034; x_wconf 88' lang='lat' dir='ltr'><strong>omniaque</strong></span> <span class='ocrx_word' id='word_1_557' title='bbox 1720 3965 1787 4018; x_wconf 89' lang='lat' dir='ltr'><strong>ad</strong></span> <span class='ocrx_word' id='word_1_558' title='bbox 1822 3967 2082 4020; x_wconf 89' lang='lat' dir='ltr'><strong>medelam</strong></span> <span class='ocrx_word' id='word_1_559' title='bbox 2117 3977 2168 4022; x_wconf 90' lang='lat' dir='ltr'><strong>et</strong></span> <span class='ocrx_word' id='word_1_560' title='bbox 2194 3971 2419 4023; x_wconf 88' lang='lat' dir='ltr'><strong>salutem</strong></span> 
     </span>
    </p>
   </div>
   <div class='ocr_carea' id='block_1_67' title="bbox 881 4051 2423 4116">
    <p class='ocr_par' dir='ltr' id='par_1_67' title="bbox 881 4051 2423 4116">
     <span class='ocr_line' id='line_1_67' title="bbox 881 4051 2423 4116; baseline 0.01 -18"><span class='ocrx_word' id='word_1_561' title='bbox 881 4055 1182 4116; x_wconf 88' lang='lat' dir='ltr'><strong>opportuna</strong></span> <span class='ocrx_word' id='word_1_562' title='bbox 1211 4051 1449 4116; x_wconf 88' lang='lat' dir='ltr'><strong>conlert;</strong></span> <span class='ocrx_word' id='word_1_563' title='bbox 1473 4055 1662 4108; x_wconf 88' lang='lat' dir='ltr'><strong>eodem</strong></span> <span class='ocrx_word' id='word_1_564' title='bbox 1693 4057 1852 4112; x_wconf 88' lang='lat' dir='ltr'><strong>modo</strong></span> <span class='ocrx_word' id='word_1_565' title='bbox 1879 4067 1933 4111; x_wconf 90' lang='lat' dir='ltr'><strong>ttt</strong></span> <span class='ocrx_word' id='word_1_566' title='bbox 1959 4058 2210 4114; x_wconf 90' lang='lat' dir='ltr'><strong>Servator</strong></span> <span class='ocrx_word' id='word_1_567' title='bbox 2240 4070 2423 4116; x_wconf 86' lang='lat' dir='ltr'><strong>noster</strong></span> 
     </span>
    </p>
   </div>
   <div class='ocr_carea' id='block_1_68' title="bbox 881 4141 2419 4218">
    <p class='ocr_par' dir='ltr' id='par_1_68' title="bbox 881 4141 2419 4218">
     <span class='ocr_line' id='line_1_68' title="bbox 881 4141 2419 4218; baseline 0.01 -30"><span class='ocrx_word' id='word_1_568' title='bbox 881 4145 933 4188; x_wconf 90' lang='lat' dir='ltr'><strong>et</strong></span> <span class='ocrx_word' id='word_1_569' title='bbox 964 4152 1085 4204; x_wconf 92' lang='lat' dir='ltr'><strong>spes</strong></span> <span class='ocrx_word' id='word_1_570' title='bbox 1121 4141 1359 4193; x_wconf 90' lang='lat' dir='ltr'><strong>omnium</strong></span> <span class='ocrx_word' id='word_1_571' title='bbox 1414 4142 1596 4196; x_wconf 76' lang='lat' dir='ltr'><strong>[inium</strong></span> <span class='ocrx_word' id='word_1_572' title='bbox 1649 4150 1826 4208; x_wconf 66' lang='lat' dir='ltr'><strong>terrze,</strong></span> <span class='ocrx_word' id='word_1_573' title='bbox 1868 4150 2143 4202; x_wconf 90' lang='lat' dir='ltr'><strong>accinctus</strong></span> <span class='ocrx_word' id='word_1_574' title='bbox 2186 4152 2419 4218; x_wconf 88' lang='lat' dir='ltr'><strong>potentia</strong></span> 
     </span>
    </p>
   </div>
   <div class='ocr_carea' id='block_1_69' title="bbox 883 4228 2419 4304">
    <p class='ocr_par' dir='ltr' id='par_1_69' title="bbox 883 4228 2419 4304">
     <span class='ocr_line' id='line_1_69' title="bbox 883 4228 2419 4304; baseline 0.014 -28"><span class='ocrx_word' id='word_1_575' title='bbox 883 4228 1095 4281; x_wconf 73' lang='lat' dir='ltr'><strong>virtutis</strong></span> <span class='ocrx_word' id='word_1_576' title='bbox 1128 4239 1249 4288; x_wconf 59' lang='lat' dir='ltr'><strong>tua}.</strong></span> <span class='ocrx_word' id='word_1_577' title='bbox 1284 4231 1397 4285; x_wconf 66' lang='lat' dir='ltr'><strong>haec</strong></span> <span class='ocrx_word' id='word_1_578' title='bbox 1426 4235 1604 4287; x_wconf 88' lang='lat' dir='ltr'><strong>omnia</strong></span> <span class='ocrx_word' id='word_1_579' title='bbox 1643 4245 1898 4304; x_wconf 89' lang='lat' dir='ltr'><strong>operatus</strong></span> <span class='ocrx_word' id='word_1_580' title='bbox 1939 4254 1998 4293; x_wconf 89' lang='lat' dir='ltr'><strong>es</strong></span> <span class='ocrx_word' id='word_1_581' title='bbox 2035 4259 2046 4292; x_wconf 94' lang='lat'>:</span> <span class='ocrx_word' id='word_1_582' title='bbox 2085 4241 2419 4297; x_wconf 87' lang='lat' dir='ltr'><strong>adversarias</strong></span> 
     </span>
    </p>
   </div>
   <div class='ocr_carea' id='block_1_70' title="bbox 880 4319 2421 4398">
    <p class='ocr_par' dir='ltr' id='par_1_70' title="bbox 880 4319 2421 4398">
     <span class='ocr_line' id='line_1_70' title="bbox 880 4319 2421 4398; baseline 0.012 -33"><span class='ocrx_word' id='word_1_583' title='bbox 880 4323 1172 4381; x_wconf 85' lang='lat' dir='ltr'><strong>potestates</strong></span> <span class='ocrx_word' id='word_1_584' title='bbox 1198 4319 1263 4372; x_wconf 89' lang='lat' dir='ltr'><strong>de</strong></span> <span class='ocrx_word' id='word_1_585' title='bbox 1291 4319 1474 4373; x_wconf 85' lang='lat' dir='ltr'><strong>&#39;medio</strong></span> <span class='ocrx_word' id='word_1_586' title='bbox 1503 4323 1794 4387; x_wconf 89' lang='lat' dir='ltr'><strong>sustulisti,</strong></span> <span class='ocrx_word' id='word_1_587' title='bbox 1827 4327 2140 4382; x_wconf 89' lang='lat' dir='ltr'><strong>matutinas</strong></span> <span class='ocrx_word' id='word_1_588' title='bbox 2160 4331 2421 4398; x_wconf 80' lang='lat' dir='ltr'><strong>vesperti-</strong></span> 
     </span>
    </p>
   </div>
   <div class='ocr_carea' id='block_1_71' title="bbox 878 4405 2419 4472">
    <p class='ocr_par' dir='ltr' id='par_1_71' title="bbox 878 4405 2419 4472">
     <span class='ocr_line' id='line_1_71' title="bbox 878 4405 2419 4472; baseline 0.012 -18"><span class='ocrx_word' id='word_1_589' title='bbox 878 4415 1081 4470; x_wconf 83' lang='lat' dir='ltr'><strong>nasque</strong></span> <span class='ocrx_word' id='word_1_590' title='bbox 1107 4405 1489 4462; x_wconf 90' lang='lat' dir='ltr'><strong>delectationes</strong></span> <span class='ocrx_word' id='word_1_591' title='bbox 1518 4409 1571 4461; x_wconf 87' lang='lat' dir='ltr'><strong>in</strong></span> <span class='ocrx_word' id='word_1_592' title='bbox 1621 4416 1765 4463; x_wconf 84' lang='lat' dir='ltr'><strong>terra</strong></span> <span class='ocrx_word' id='word_1_593' title='bbox 1805 4416 2137 4471; x_wconf 89' lang='lat' dir='ltr'><strong>constituisti</strong></span> <span class='ocrx_word' id='word_1_594' title='bbox 2173 4437 2184 4470; x_wconf 95' lang='lat'><strong>:</strong></span> <span class='ocrx_word' id='word_1_595' title='bbox 2217 4426 2269 4472; x_wconf 91' lang='lat' dir='ltr'><strong>et</strong></span> <span class='ocrx_word' id='word_1_596' title='bbox 2305 4419 2419 4472; x_wconf 71' lang='lat' dir='ltr'><strong>haec</strong></span> 
     </span>
    </p>
   </div>
   <div class='ocr_carea' id='block_1_72' title="bbox 875 4491 2414 4576">
    <p class='ocr_par' dir='ltr' id='par_1_72' title="bbox 875 4491 2414 4576">
     <span class='ocr_line' id='line_1_72' title="bbox 875 4491 2414 4576; baseline 0.012 -31"><span class='ocrx_word' id='word_1_597' title='bbox 875 4491 1118 4560; x_wconf 73' lang='lat' dir='ltr'><strong>eﬂ‘ecisti,</strong></span> <span class='ocrx_word' id='word_1_598' title='bbox 1145 4496 1391 4562; x_wconf 80' lang='lat' dir='ltr'><strong>homines</strong></span> <span class='ocrx_word' id='word_1_599' title='bbox 1430 4499 1735 4554; x_wconf 82' lang='lat' dir='ltr'><strong>visitatione</strong></span> <span class='ocrx_word' id='word_1_600' title='bbox 1761 4501 2012 4572; x_wconf 79' lang='lat' dir='ltr'><strong>dignatus</strong></span> <span class='ocrx_word' id='word_1_601' title='bbox 2049 4513 2160 4570; x_wconf 89' lang='lat' dir='ltr'><strong>tua,</strong></span> <span class='ocrx_word' id='word_1_602' title='bbox 2195 4523 2299 4576; x_wconf 90' lang='lat' dir='ltr'><strong>qua</strong></span> <span class='ocrx_word' id='word_1_603' title='bbox 2331 4510 2414 4565; x_wconf 82' lang='lat' dir='ltr'><strong>in-</strong></span> 
     </span>
    </p>
   </div>
   <div class='ocr_carea' id='block_1_73' title="bbox 2524 3325 4078 3397">
    <p class='ocr_par' dir='ltr' id='par_1_73' title="bbox 2524 3325 4078 3397">
     <span class='ocr_line' id='line_1_73' title="bbox 2524 3325 4078 3397; baseline -0.003 -15"><span class='ocrx_word' id='word_1_604' title='bbox 2524 3331 2644 3391; x_wconf 83' lang='grc' dir='ltr'>νοὺς</span> <span class='ocrx_word' id='word_1_605' title='bbox 2675 3330 2893 3397; x_wconf 77' lang='grc' dir='ltr'>καιροὺς</span> <span class='ocrx_word' id='word_1_606' title='bbox 2945 3328 3100 3396; x_wconf 74' lang='grc' dir='ltr'>ὕμνοι</span> <span class='ocrx_word' id='word_1_607' title='bbox 3137 3326 3475 3395; x_wconf 86' lang='grc' dir='ltr'>τυγχάνουσι.</span> <span class='ocrx_word' id='word_1_608' title='bbox 3530 3326 3618 3378; x_wconf 83' lang='grc' dir='ltr'><strong>Διὸ</strong></span> <span class='ocrx_word' id='word_1_609' title='bbox 3654 3325 3897 3378; x_wconf 87' lang='grc' dir='ltr'>λέλεκταί</span> <span class='ocrx_word' id='word_1_610' title='bbox 3938 3343 4038 3380; x_wconf 88' lang='grc' dir='ltr'><strong>που</strong></span> <span class='ocrx_word' id='word_1_611' title='bbox 4063 3344 4078 3358; x_wconf 91' lang='grc'><strong>·</strong></span> 
     </span>
    </p>
   </div>
   <div class='ocr_carea' id='block_1_74' title="bbox 2529 3415 4076 3486">
    <p class='ocr_par' dir='ltr' id='par_1_74' title="bbox 2529 3415 4076 3486">
     <span class='ocr_line' id='line_1_74' title="bbox 2529 3415 4076 3486; baseline 0.001 -18"><span class='ocrx_word' id='word_1_612' title='bbox 2529 3436 2547 3468; x_wconf 73' lang='grc' dir='ltr'><strong>ι</strong></span> <span class='ocrx_word' id='word_1_613' title='bbox 2592 3419 2864 3486; x_wconf 81' lang='grc' dir='ltr'>Ἣδυνθείη</span> <span class='ocrx_word' id='word_1_614' title='bbox 2919 3415 3064 3486; x_wconf 76' lang='grc' dir='ltr'>αὐτῷ</span> <span class='ocrx_word' id='word_1_615' title='bbox 3115 3419 3146 3486; x_wconf 86' lang='grc' dir='ltr'>ἠ</span> <span class='ocrx_word' id='word_1_616' title='bbox 3213 3415 3413 3478; x_wconf 80' lang='grc' dir='ltr'>αῖνεσίς</span> <span class='ocrx_word' id='word_1_617' title='bbox 3467 3433 3597 3485; x_wconf 87' lang='grc' dir='ltr'>μου·</span> <span class='ocrx_word' id='word_1_618' title='bbox 3655 3435 3672 3466; x_wconf 75' lang='grc' dir='ltr'><strong>ι</strong></span> <span class='ocrx_word' id='word_1_619' title='bbox 3721 3417 3814 3468; x_wconf 75' lang='grc' dir='ltr'><strong>καὶ</strong></span> <span class='ocrx_word' id='word_1_620' title='bbox 3888 3417 4076 3470; x_wconf 87' lang='grc' dir='ltr'>πάλιν·</span> 
     </span>
    </p>
   </div>
   <div class='ocr_carea' id='block_1_75' title="bbox 2529 3504 4076 3577">
    <p class='ocr_par' dir='ltr' id='par_1_75' title="bbox 2529 3504 4076 3577">
     <span class='ocr_line' id='line_1_75' title="bbox 2529 3504 4076 3577; baseline 0.001 -20"><span class='ocrx_word' id='word_1_621' title='bbox 2529 3527 2545 3557; x_wconf 84' lang='grc'><strong>(</strong></span> <span class='ocrx_word' id='word_1_622' title='bbox 2580 3508 2845 3576; x_wconf 82' lang='grc' dir='ltr'>Ἔπαρσις</span> <span class='ocrx_word' id='word_1_623' title='bbox 2888 3507 2993 3558; x_wconf 84' lang='grc' dir='ltr'><strong>τῶν</strong></span> <span class='ocrx_word' id='word_1_624' title='bbox 3026 3505 3222 3576; x_wconf 78' lang='grc' dir='ltr'>χειρῶν</span> <span class='ocrx_word' id='word_1_625' title='bbox 3261 3523 3362 3574; x_wconf 90' lang='grc' dir='ltr'><strong>μου</strong></span> <span class='ocrx_word' id='word_1_626' title='bbox 3396 3504 3552 3558; x_wconf 85' lang='grc' dir='ltr'>θυσία</span> <span class='ocrx_word' id='word_1_627' title='bbox 3587 3507 3872 3577; x_wconf 79' lang='grc' dir='ltr'>ἑσπερινή·</span> <span class='ocrx_word' id='word_1_628' title='bbox 3911 3525 3929 3558; x_wconf 75' lang='grc' dir='ltr'><strong>ι</strong></span> <span class='ocrx_word' id='word_1_629' title='bbox 3961 3507 4076 3559; x_wconf 85' lang='grc' dir='ltr'>καί·</span> 
     </span>
    </p>
   </div>
   <div class='ocr_carea' id='block_1_76' title="bbox 2528 3596 4079 3667">
    <p class='ocr_par' dir='ltr' id='par_1_76' title="bbox 2528 3596 4079 3667">
     <span class='ocr_line' id='line_1_76' title="bbox 2528 3596 4079 3667; baseline 0.001 -20"><span class='ocrx_word' id='word_1_630' title='bbox 2528 3616 2546 3647; x_wconf 86' lang='grc'><strong><em>‹</em></strong></span> <span class='ocrx_word' id='word_1_631' title='bbox 2579 3597 2859 3666; x_wconf 81' lang='grc' dir='ltr'>Γενηθήτω</span> <span class='ocrx_word' id='word_1_632' title='bbox 2903 3599 2934 3666; x_wconf 89' lang='grc' dir='ltr'><strong>ή</strong></span> <span class='ocrx_word' id='word_1_633' title='bbox 2989 3599 3257 3666; x_wconf 85' lang='grc' dir='ltr'>προσευχή</span> <span class='ocrx_word' id='word_1_634' title='bbox 3308 3613 3406 3666; x_wconf 88' lang='grc' dir='ltr'><strong>μου</strong></span> <span class='ocrx_word' id='word_1_635' title='bbox 3449 3597 3523 3659; x_wconf 86' lang='grc' dir='ltr'><strong>ώς</strong></span> <span class='ocrx_word' id='word_1_636' title='bbox 3562 3596 3808 3667; x_wconf 86' lang='grc' dir='ltr'>θυμίαμα</span> <span class='ocrx_word' id='word_1_637' title='bbox 3853 3597 4079 3650; x_wconf 76' lang='grc' dir='ltr'>ἐνώπιόν</span> 
     </span>
    </p>
   </div>
   <div class='ocr_carea' id='block_1_77' title="bbox 2524 3680 4078 3757">
    <p class='ocr_par' dir='ltr' id='par_1_77' title="bbox 2524 3680 4078 3757">
     <span class='ocr_line' id='line_1_77' title="bbox 2524 3680 4078 3757; baseline 0.002 -19"><span class='ocrx_word' id='word_1_638' title='bbox 2524 3704 2635 3742; x_wconf 90' lang='grc' dir='ltr'>σου.</span> <span class='ocrx_word' id='word_1_639' title='bbox 2672 3706 2690 3736; x_wconf 78' lang='grc' dir='ltr'><strong>ι</strong></span> <span class='ocrx_word' id='word_1_640' title='bbox 2718 3688 2824 3738; x_wconf 73' lang='grc' dir='ltr'><strong>Καὶ</strong></span> <span class='ocrx_word' id='word_1_641' title='bbox 2856 3680 3011 3739; x_wconf 75' lang='grc' dir='ltr'>αὗται</span> <span class='ocrx_word' id='word_1_642' title='bbox 3055 3683 3146 3739; x_wconf 79' lang='grc' dir='ltr'><strong>οὖν</strong></span> <span class='ocrx_word' id='word_1_643' title='bbox 3190 3690 3244 3739; x_wconf 78' lang='grc' dir='ltr'>αἱ</span> <span class='ocrx_word' id='word_1_644' title='bbox 3289 3687 3502 3756; x_wconf 78' lang='grc' dir='ltr'>τέρψεις</span> <span class='ocrx_word' id='word_1_645' title='bbox 3533 3690 3728 3757; x_wconf 82' lang='grc' dir='ltr'>σημεῖα</span> <span class='ocrx_word' id='word_1_646' title='bbox 3757 3687 4078 3756; x_wconf 85' lang='grc' dir='ltr'>τυγχάνουσι</span> 
     </span>
    </p>
   </div>
   <div class='ocr_carea' id='block_1_78' title="bbox 2519 3776 4075 3848">
    <p class='ocr_par' dir='ltr' id='par_1_78' title="bbox 2519 3776 4075 3848">
     <span class='ocr_line' id='line_1_78' title="bbox 2519 3776 4075 3848; baseline 0.001 -19"><span class='ocrx_word' id='word_1_647' title='bbox 2519 3777 2619 3829; x_wconf 79' lang='grc' dir='ltr'>τοῦ·</span> <span class='ocrx_word' id='word_1_648' title='bbox 2643 3777 2908 3846; x_wconf 83' lang='grc' dir='ltr'>Σωτῆρος.</span> <span class='ocrx_word' id='word_1_649' title='bbox 2953 3779 3058 3829; x_wconf 78' lang='grc' dir='ltr'>Καὶ</span> <span class='ocrx_word' id='word_1_650' title='bbox 3099 3776 3222 3829; x_wconf 83' lang='grc' dir='ltr'>ἀλλο</span> <span class='ocrx_word' id='word_1_651' title='bbox 3248 3777 3302 3828; x_wconf 79' lang='grc' dir='ltr'>δὲ</span> <span class='ocrx_word' id='word_1_652' title='bbox 3336 3777 3468 3846; x_wconf 78' lang='grc' dir='ltr'>πρὸς</span> <span class='ocrx_word' id='word_1_653' title='bbox 3499 3776 3701 3838; x_wconf 88' lang='grc' dir='ltr'>τούτοις</span> <span class='ocrx_word' id='word_1_654' title='bbox 3735 3781 3953 3846; x_wconf 84' lang='grc' dir='ltr'>σημεῖον</span> <span class='ocrx_word' id='word_1_655' title='bbox 3978 3780 4075 3848; x_wconf 79' lang='grc' dir='ltr'>μέ-</span> 
     </span>
    </p>
   </div>
   <div class='ocr_carea' id='block_1_79' title="bbox 2519 3865 4088 3936">
    <p class='ocr_par' dir='ltr' id='par_1_79' title="bbox 2519 3865 4088 3936">
     <span class='ocr_line' id='line_1_79' title="bbox 2519 3865 4088 3936; baseline -0.003 -18"><span class='ocrx_word' id='word_1_656' title='bbox 2519 3883 2699 3934; x_wconf 89' lang='grc' dir='ltr'>γιστον</span> <span class='ocrx_word' id='word_1_657' title='bbox 2725 3865 3134 3934; x_wconf 86' lang='grc' dir='ltr'>καταριθμεῖται</span> <span class='ocrx_word' id='word_1_658' title='bbox 3162 3865 3285 3933; x_wconf 80' lang='grc' dir='ltr'>ἑξῆς</span> <span class='ocrx_word' id='word_1_659' title='bbox 3323 3865 3518 3932; x_wconf 86' lang='grc' dir='ltr'>λέγων·</span> <span class='ocrx_word' id='word_1_660' title='bbox 3558 3884 3576 3915; x_wconf 82' lang='grc' dir='ltr'><strong>ι</strong></span> <span class='ocrx_word' id='word_1_661' title='bbox 3630 3865 3950 3934; x_wconf 75' lang='grc' dir='ltr'>Ἐπεσκέψω</span> <span class='ocrx_word' id='word_1_662' title='bbox 3980 3867 4088 3936; x_wconf 76' lang='grc' dir='ltr'>τὴν.</span> 
     </span>
    </p>
   </div>
   <div class='ocr_carea' id='block_1_80' title="bbox 2519 3955 4078 4026">
    <p class='ocr_par' dir='ltr' id='par_1_80' title="bbox 2519 3955 4078 4026">
     <span class='ocr_line' id='line_1_80' title="bbox 2519 3955 4078 4026; baseline 0.003 -19"><span class='ocrx_word' id='word_1_663' title='bbox 2519 3959 2638 4026; x_wconf 81' lang='grc' dir='ltr'>γῆν,</span> <span class='ocrx_word' id='word_1_664' title='bbox 2683 3959 2775 4009; x_wconf 77' lang='grc' dir='ltr'><strong>καὶ</strong></span> <span class='ocrx_word' id='word_1_665' title='bbox 2809 3956 3073 4026; x_wconf 81' lang='grc' dir='ltr'>έμέθυσας</span> <span class='ocrx_word' id='word_1_666' title='bbox 3113 3957 3298 4023; x_wconf 84' lang='grc' dir='ltr'>αὑτήν.</span> <span class='ocrx_word' id='word_1_667' title='bbox 3335 3973 3354 4005; x_wconf 74' lang='grc' dir='ltr'><strong>ι</strong></span> <span class='ocrx_word' id='word_1_668' title='bbox 3401 3956 3486 4018; x_wconf 83' lang='grc' dir='ltr'>Ὠς</span> <span class='ocrx_word' id='word_1_669' title='bbox 3541 3955 3648 4024; x_wconf 85' lang='grc' dir='ltr'><strong>γάρ</strong></span> <span class='ocrx_word' id='word_1_670' title='bbox 3695 3957 3948 4010; x_wconf 87' lang='grc' dir='ltr'>νοσοῦντα</span> <span class='ocrx_word' id='word_1_671' title='bbox 3996 3959 4078 4010; x_wconf 86' lang='grc' dir='ltr'>ία-</span> 
     </span>
    </p>
   </div>
   <div class='ocr_carea' id='block_1_81' title="bbox 2517 4047 4075 4118">
    <p class='ocr_par' dir='ltr' id='par_1_81' title="bbox 2517 4047 4075 4118">
     <span class='ocr_line' id='line_1_81' title="bbox 2517 4047 4075 4118; baseline 0.002 -20"><span class='ocrx_word' id='word_1_672' title='bbox 2517 4047 2641 4117; x_wconf 81' lang='grc' dir='ltr'>τρὸς</span> <span class='ocrx_word' id='word_1_673' title='bbox 2668 4049 2838 4118; x_wconf 79' lang='grc' dir='ltr'>ἐφορᾷ</span> <span class='ocrx_word' id='word_1_674' title='bbox 2869 4050 2959 4099; x_wconf 70' lang='grc' dir='ltr'><strong>καὶ</strong></span> <span class='ocrx_word' id='word_1_675' title='bbox 2987 4047 3385 4110; x_wconf 86' lang='grc' dir='ltr'>ὲπισκέπτεται,</span> <span class='ocrx_word' id='word_1_676' title='bbox 3425 4047 3733 4116; x_wconf 77' lang='grc' dir='ltr'>ἐπιμέλειαν</span> <span class='ocrx_word' id='word_1_677' title='bbox 3761 4049 4075 4117; x_wconf 79' lang='grc' dir='ltr'>ποιούμενος</span> 
     </span>
    </p>
   </div>
   <div class='ocr_carea' id='block_1_82' title="bbox 2518 4134 4074 4207">
    <p class='ocr_par' dir='ltr' id='par_1_82' title="bbox 2518 4134 4074 4207">
     <span class='ocr_line' id='line_1_82' title="bbox 2518 4134 4074 4207; baseline 0.003 -22"><span class='ocrx_word' id='word_1_678' title='bbox 2518 4134 2609 4187; x_wconf 88' lang='grc' dir='ltr'><strong>τοῦ</strong></span> <span class='ocrx_word' id='word_1_679' title='bbox 2642 4135 2862 4199; x_wconf 84' lang='grc' dir='ltr'>πάθους,</span> <span class='ocrx_word' id='word_1_680' title='bbox 2905 4137 3077 4188; x_wconf 87' lang='grc' dir='ltr'>πάντα</span> <span class='ocrx_word' id='word_1_681' title='bbox 3107 4152 3164 4186; x_wconf 91' lang='grc' dir='ltr'><strong>τε</strong></span> <span class='ocrx_word' id='word_1_682' title='bbox 3207 4136 3274 4186; x_wconf 89' lang='grc' dir='ltr'><strong>τά</strong></span> <span class='ocrx_word' id='word_1_683' title='bbox 3318 4136 3449 4205; x_wconf 76' lang='grc' dir='ltr'>πρὸς</span> <span class='ocrx_word' id='word_1_684' title='bbox 3496 4135 3636 4187; x_wconf 82' lang='grc' dir='ltr'>ῐασιν</span> <span class='ocrx_word' id='word_1_685' title='bbox 3675 4136 3767 4188; x_wconf 67' lang='grc' dir='ltr'>καὶ</span> <span class='ocrx_word' id='word_1_686' title='bbox 3807 4138 4074 4207; x_wconf 83' lang='grc' dir='ltr'>σωτηρίαν</span> 
     </span>
    </p>
   </div>
   <div class='ocr_carea' id='block_1_83' title="bbox 2520 4225 4073 4297">
    <p class='ocr_par' dir='ltr' id='par_1_83' title="bbox 2520 4225 4073 4297">
     <span class='ocr_line' id='line_1_83' title="bbox 2520 4225 4073 4297; baseline 0.002 -21"><span class='ocrx_word' id='word_1_687' title='bbox 2520 4225 2864 4277; x_wconf 82' lang='grc' dir='ltr'>συντελοῦντα</span> <span class='ocrx_word' id='word_1_688' title='bbox 2899 4225 3356 4295; x_wconf 72' lang='grc' dir='ltr'>συμϐαλλόμενος·</span> <span class='ocrx_word' id='word_1_689' title='bbox 3403 4225 3491 4277; x_wconf 81' lang='grc' dir='ltr'><strong>τὸν</strong></span> <span class='ocrx_word' id='word_1_690' title='bbox 3538 4227 3697 4279; x_wconf 82' lang='grc' dir='ltr'>αὑτὸν</span> <span class='ocrx_word' id='word_1_691' title='bbox 3735 4227 3930 4297; x_wconf 86' lang='grc' dir='ltr'>τρόπον</span> <span class='ocrx_word' id='word_1_692' title='bbox 3978 4229 4073 4279; x_wconf 79' lang='grc' dir='ltr'>καὶ</span> 
     </span>
    </p>
   </div>
   <div class='ocr_carea' id='block_1_84' title="bbox 2519 4315 4077 4387">
    <p class='ocr_par' dir='ltr' id='par_1_84' title="bbox 2519 4315 4077 4387">
     <span class='ocr_line' id='line_1_84' title="bbox 2519 4315 4077 4387; baseline 0 -18"><span class='ocrx_word' id='word_1_693' title='bbox 2519 4318 2580 4369; x_wconf 82' lang='grc' dir='ltr'><strong>σὺ</strong></span> <span class='ocrx_word' id='word_1_694' title='bbox 2623 4319 2649 4368; x_wconf 80' lang='grc' dir='ltr'>ὁ</span> <span class='ocrx_word' id='word_1_695' title='bbox 2696 4317 2882 4384; x_wconf 85' lang='grc' dir='ltr'>Σωτὴρ</span> <span class='ocrx_word' id='word_1_696' title='bbox 2920 4317 3091 4384; x_wconf 83' lang='grc' dir='ltr'>ἡμῶν,</span> <span class='ocrx_word' id='word_1_697' title='bbox 3142 4318 3174 4384; x_wconf 90' lang='grc' dir='ltr'><strong>ή</strong></span> <span class='ocrx_word' id='word_1_698' title='bbox 3229 4315 3379 4376; x_wconf 78' lang='grc' dir='ltr'>ἐλπὶς</span> <span class='ocrx_word' id='word_1_699' title='bbox 3425 4315 3636 4368; x_wconf 88' lang='grc' dir='ltr'>πάντων</span> <span class='ocrx_word' id='word_1_700' title='bbox 3674 4315 3780 4370; x_wconf 83' lang='grc' dir='ltr'><strong>τῶν</strong></span> <span class='ocrx_word' id='word_1_701' title='bbox 3823 4318 4077 4387; x_wconf 82' lang='grc' dir='ltr'>περάτων</span> 
     </span>
    </p>
   </div>
   <div class='ocr_carea' id='block_1_85' title="bbox 2517 4402 4087 4476">
    <p class='ocr_par' dir='ltr' id='par_1_85' title="bbox 2517 4402 4087 4476">
     <span class='ocr_line' id='line_1_85' title="bbox 2517 4402 4087 4476; baseline 0.003 -22"><span class='ocrx_word' id='word_1_702' title='bbox 2517 4406 2610 4475; x_wconf 80' lang='grc' dir='ltr'>τῆς</span> <span class='ocrx_word' id='word_1_703' title='bbox 2653 4405 2775 4474; x_wconf 79' lang='grc' dir='ltr'>γῆς,</span> <span class='ocrx_word' id='word_1_704' title='bbox 2820 4402 3254 4474; x_wconf 78' lang='grc' dir='ltr'>περιζωσάμενος</span> <span class='ocrx_word' id='word_1_705' title='bbox 3296 4404 3604 4458; x_wconf 85' lang='grc' dir='ltr'>δυναστείαν</span> <span class='ocrx_word' id='word_1_706' title='bbox 3647 4408 3712 4476; x_wconf 79' lang='grc' dir='ltr'>τῇ</span> <span class='ocrx_word' id='word_1_707' title='bbox 3762 4407 3903 4475; x_wconf 83' lang='grc' dir='ltr'>ίσχύῐ</span> <span class='ocrx_word' id='word_1_708' title='bbox 3954 4423 4087 4469; x_wconf 69' lang='grc' dir='ltr'>σου,</span> 
     </span>
    </p>
   </div>
   <div class='ocr_carea' id='block_1_86' title="bbox 2516 4493 4068 4565">
    <p class='ocr_par' dir='ltr' id='par_1_86' title="bbox 2516 4493 4068 4565">
     <span class='ocr_line' id='line_1_86' title="bbox 2516 4493 4068 4565; baseline 0.002 -21"><span class='ocrx_word' id='word_1_709' title='bbox 2516 4493 2684 4547; x_wconf 86' lang='grc' dir='ltr'>ταῦτα</span> <span class='ocrx_word' id='word_1_710' title='bbox 2727 4495 2900 4546; x_wconf 86' lang='grc' dir='ltr'>πάντα</span> <span class='ocrx_word' id='word_1_711' title='bbox 2937 4495 3200 4564; x_wconf 76' lang='grc' dir='ltr'>εἰργάσω·</span> <span class='ocrx_word' id='word_1_712' title='bbox 3232 4495 3328 4557; x_wconf 86' lang='grc' dir='ltr'>τὰς</span> <span class='ocrx_word' id='word_1_713' title='bbox 3356 4497 3452 4565; x_wconf 87' lang='grc' dir='ltr'>μὲν</span> <span class='ocrx_word' id='word_1_714' title='bbox 3485 4495 3858 4564; x_wconf 83' lang='grc' dir='ltr'>ἀντικειμένας</span> <span class='ocrx_word' id='word_1_715' title='bbox 3885 4495 4068 4548; x_wconf 87' lang='grc' dir='ltr'>καθεῖ-</span> 
     </span>
    </p>
   </div>
   <div class='ocr_carea' id='block_1_87' title="bbox 878 4581 2616 4667">
    <p class='ocr_par' dir='ltr' id='par_1_87' title="bbox 878 4581 2604 4667">
     <span class='ocr_line' id='line_1_87' title="bbox 878 4581 2604 4667; baseline 0.012 -32"><span class='ocrx_word' id='word_1_716' title='bbox 878 4581 1024 4635; x_wconf 83' lang='lat' dir='ltr'><strong>ﬁnita</strong></span> <span class='ocrx_word' id='word_1_717' title='bbox 1077 4585 1208 4652; x_wconf 93' lang='lat' dir='ltr'><strong>ipsis</strong></span> <span class='ocrx_word' id='word_1_718' title='bbox 1277 4586 1415 4652; x_wconf 85' lang='lat' dir='ltr'><strong>bona</strong></span> <span class='ocrx_word' id='word_1_719' title='bbox 1474 4591 1671 4643; x_wconf 88' lang='lat' dir='ltr'><strong>collata</strong></span> <span class='ocrx_word' id='word_1_720' title='bbox 1753 4601 1901 4656; x_wconf 87' lang='lat' dir='ltr'><strong>sunt,</strong></span> <span class='ocrx_word' id='word_1_721' title='bbox 1961 4596 2031 4647; x_wconf 91' lang='lat' dir='ltr'><strong>ita</strong></span> <span class='ocrx_word' id='word_1_722' title='bbox 2083 4605 2141 4647; x_wconf 94' lang='lat' dir='ltr'><strong>ut</strong></span> <span class='ocrx_word' id='word_1_723' title='bbox 2198 4601 2412 4667; x_wconf 89' lang='lat' dir='ltr'><strong>optimis</strong></span> <span class='ocrx_word' id='word_1_724' title='bbox 2448 4583 2604 4654; x_wconf 74' lang='grc' dir='ltr'>υλες</span> 
     </span>
    </p>
   </div>
   <div class='ocr_carea' id='block_1_88' title="bbox 2379 4581 4117 4667">
    <p class='ocr_par' dir='ltr' id='par_1_88' title="bbox 2379 4583 4117 4654">
     <span class='ocr_line' id='line_1_88' title="bbox 2379 4583 4117 4654; baseline -0.02 -3"><span class='ocrx_word' id='word_1_725' title='bbox 2379 4617 2412 4654; x_wconf 57' lang='grc' dir='ltr'>ιε</span> <span class='ocrx_word' id='word_1_726' title='bbox 2448 4603 2486 4654; x_wconf 88' lang='lat' dir='ltr'><strong>D</strong></span> <span class='ocrx_word' id='word_1_727' title='bbox 2516 4583 2604 4645; x_wconf 83' lang='grc' dir='ltr'><strong>λες</strong></span> <span class='ocrx_word' id='word_1_728' title='bbox 2644 4583 2914 4652; x_wconf 78' lang='grc' dir='ltr'>δυνάμεις,</span> <span class='ocrx_word' id='word_1_729' title='bbox 2972 4586 3275 4654; x_wconf 83' lang='grc' dir='ltr'>συνεστήσω</span> <span class='ocrx_word' id='word_1_730' title='bbox 3310 4585 3364 4636; x_wconf 80' lang='grc' dir='ltr'>δὲ</span> <span class='ocrx_word' id='word_1_731' title='bbox 3412 4585 3503 4637; x_wconf 75' lang='grc' dir='ltr'><strong>ἐπὶ</strong></span> <span class='ocrx_word' id='word_1_732' title='bbox 3545 4585 3646 4654; x_wconf 80' lang='grc' dir='ltr'>γῆς</span> <span class='ocrx_word' id='word_1_733' title='bbox 3697 4583 3933 4652; x_wconf 69' lang='grc' dir='ltr'>πρωῖνάς</span> <span class='ocrx_word' id='word_1_734' title='bbox 3975 4586 4117 4640; x_wconf 63' lang='grc' dir='ltr'>καις</span> 
     </span>
    </p>
   </div>
   <div class='ocr_carea' id='block_1_89' title="bbox 877 4668 2411 4751">
    <p class='ocr_par' dir='ltr' id='par_1_89' title="bbox 877 4668 2411 4751">
     <span class='ocr_line' id='line_1_89' title="bbox 877 4668 2411 4751; baseline 0.014 -29"><span class='ocrx_word' id='word_1_735' title='bbox 877 4668 984 4722; x_wconf 88' lang='lat' dir='ltr'><strong>illis</strong></span> <span class='ocrx_word' id='word_1_736' title='bbox 1026 4671 1134 4723; x_wconf 86' lang='lat' dir='ltr'><strong>tuis</strong></span> <span class='ocrx_word' id='word_1_737' title='bbox 1184 4674 1498 4728; x_wconf 85' lang='lat' dir='ltr'><strong>muneribus</strong></span> <span class='ocrx_word' id='word_1_738' title='bbox 1557 4679 1891 4747; x_wconf 86' lang='lat' dir='ltr'><strong>replerentur</strong></span> <span class='ocrx_word' id='word_1_739' title='bbox 1914 4690 1967 4736; x_wconf 91' lang='lat' dir='ltr'><strong>et</strong></span> <span class='ocrx_word' id='word_1_740' title='bbox 1999 4683 2411 4751; x_wconf 85' lang='lat' dir='ltr'><strong>inebriarentur,</strong></span> 
     </span>
    </p>
   </div>
   <div class='ocr_carea' id='block_1_90' title="bbox 875 4761 2414 4846">
    <p class='ocr_par' dir='ltr' id='par_1_90' title="bbox 875 4761 2414 4846">
     <span class='ocr_line' id='line_1_90' title="bbox 875 4761 2414 4846; baseline 0.012 -34"><span class='ocrx_word' id='word_1_741' title='bbox 875 4768 1034 4829; x_wconf 86' lang='lat' dir='ltr'><strong>atque</strong></span> <span class='ocrx_word' id='word_1_742' title='bbox 1064 4761 1258 4816; x_wconf 86' lang='lat' dir='ltr'><strong>divites</strong></span> <span class='ocrx_word' id='word_1_743' title='bbox 1285 4763 1570 4818; x_wconf 90' lang='lat' dir='ltr'><strong>evaderent</strong></span> <span class='ocrx_word' id='word_1_744' title='bbox 1621 4771 1919 4824; x_wconf 88' lang='lat' dir='ltr'><strong>secundum</strong></span> <span class='ocrx_word' id='word_1_745' title='bbox 1978 4773 2289 4842; x_wconf 83' lang='lat' dir='ltr'><strong>Apostolum</strong></span> <span class='ocrx_word' id='word_1_746' title='bbox 2324 4781 2414 4846; x_wconf 90' lang='lat' dir='ltr'><strong>qui</strong></span> 
     </span>
    </p>
   </div>
   <div class='ocr_carea' id='block_1_91' title="bbox 875 4850 2414 4930">
    <p class='ocr_par' dir='ltr' id='par_1_91' title="bbox 875 4850 2414 4930">
     <span class='ocr_line' id='line_1_91' title="bbox 875 4850 2414 4930; baseline 0.011 -29"><span class='ocrx_word' id='word_1_747' title='bbox 875 4851 948 4901; x_wconf 90' lang='lat' dir='ltr'><strong>ait</strong></span> <span class='ocrx_word' id='word_1_748' title='bbox 981 4867 992 4899; x_wconf 89' lang='lat'><strong>:</strong></span> <span class='ocrx_word' id='word_1_749' title='bbox 1027 4869 1043 4899; x_wconf 70' lang='grc' dir='ltr'><strong>ι</strong></span> <span class='ocrx_word' id='word_1_750' title='bbox 1083 4850 1138 4903; x_wconf 91' lang='lat' dir='ltr'><strong>ln</strong></span> <span class='ocrx_word' id='word_1_751' title='bbox 1166 4852 1313 4904; x_wconf 91' lang='lat' dir='ltr'><strong>omni</strong></span> <span class='ocrx_word' id='word_1_752' title='bbox 1367 4852 1562 4908; x_wconf 91' lang='lat' dir='ltr'><strong>divites</strong></span> <span class='ocrx_word' id='word_1_753' title='bbox 1611 4854 1739 4909; x_wconf 84' lang='lat' dir='ltr'><strong>facti</strong></span> <span class='ocrx_word' id='word_1_754' title='bbox 1781 4862 1912 4913; x_wconf 87' lang='lat' dir='ltr'><strong>estis</strong></span> <span class='ocrx_word' id='word_1_755' title='bbox 1942 4861 1994 4914; x_wconf 92' lang='lat' dir='ltr'><strong>in</strong></span> <span class='ocrx_word' id='word_1_756' title='bbox 2026 4863 2160 4930; x_wconf 89' lang='lat' dir='ltr'><strong>ipso.</strong></span> <span class='ocrx_word' id='word_1_757' title='bbox 2192 4864 2242 4916; x_wconf 93' lang='lat' dir='ltr'><strong>in</strong></span> <span class='ocrx_word' id='word_1_758' title='bbox 2271 4868 2414 4918; x_wconf 90' lang='lat' dir='ltr'><strong>omni</strong></span> 
     </span>
    </p>
   </div>
   <div class='ocr_carea' id='block_1_92' title="bbox 872 4932 2417 5017">
    <p class='ocr_par' dir='ltr' id='par_1_92' title="bbox 872 4932 2417 5017">
     <span class='ocr_line' id='line_1_92' title="bbox 872 4932 2417 5017; baseline 0.011 -34"><span class='ocrx_word' id='word_1_759' title='bbox 872 4932 1035 4985; x_wconf 89' lang='lat' dir='ltr'><strong>verbo</strong></span> <span class='ocrx_word' id='word_1_760' title='bbox 1054 4943 1106 4986; x_wconf 90' lang='lat' dir='ltr'><strong>et</strong></span> <span class='ocrx_word' id='word_1_761' title='bbox 1135 4935 1188 4987; x_wconf 93' lang='lat' dir='ltr'><strong>in</strong></span> <span class='ocrx_word' id='word_1_762' title='bbox 1223 4937 1368 4989; x_wconf 92' lang='lat' dir='ltr'><strong>omni</strong></span> <span class='ocrx_word' id='word_1_763' title='bbox 1400 4938 1626 4992; x_wconf 84' lang='lat' dir='ltr'><strong>scientia</strong></span> <span class='ocrx_word' id='word_1_764' title='bbox 1653 4939 1717 5006; x_wconf 68' lang='lat'><strong>&#39;7;</strong></span> <span class='ocrx_word' id='word_1_765' title='bbox 1758 4959 1776 4990; x_wconf 73' lang='grc' dir='ltr'><strong>ι</strong></span> <span class='ocrx_word' id='word_1_766' title='bbox 1812 4943 1922 4997; x_wconf 87' lang='lat' dir='ltr'><strong>sive</strong></span> <span class='ocrx_word' id='word_1_767' title='bbox 1946 4945 2238 4999; x_wconf 90' lang='lat' dir='ltr'><strong>secundum</strong></span> <span class='ocrx_word' id='word_1_768' title='bbox 2265 4946 2417 5017; x_wconf 83' lang='lat' dir='ltr'><strong>Sym-</strong></span> 
     </span>
    </p>
   </div>
   <div class='ocr_carea' id='block_1_93' title="bbox 873 5020 2410 5106">
    <p class='ocr_par' dir='ltr' id='par_1_93' title="bbox 873 5020 2410 5106">
     <span class='ocr_line' id='line_1_93' title="bbox 873 5020 2410 5106; baseline 0.01 -34"><span class='ocrx_word' id='word_1_769' title='bbox 873 5020 1124 5074; x_wconf 84' lang='lat' dir='ltr'><strong>machum</strong></span> <span class='ocrx_word' id='word_1_770' title='bbox 1161 5040 1172 5074; x_wconf 94' lang='lat'><strong>:</strong></span> <span class='ocrx_word' id='word_1_771' title='bbox 1212 5040 1230 5072; x_wconf 77' lang='grc' dir='ltr'><strong>ι</strong></span> <span class='ocrx_word' id='word_1_772' title='bbox 1270 5023 1562 5080; x_wconf 85' lang='lat' dir='ltr'><strong>Fructuum</strong></span> <span class='ocrx_word' id='word_1_773' title='bbox 1591 5029 1836 5084; x_wconf 90' lang='lat' dir='ltr'><strong>ubertate</strong></span> <span class='ocrx_word' id='word_1_774' title='bbox 1893 5032 2089 5104; x_wconf 81' lang='lat' dir='ltr'><strong>ditabis</strong></span> <span class='ocrx_word' id='word_1_775' title='bbox 2145 5038 2337 5106; x_wconf 83' lang='lat' dir='ltr'><strong>ipsam.</strong></span> <span class='ocrx_word' id='word_1_776' title='bbox 2393 5057 2410 5088; x_wconf 81' lang='grc' dir='ltr'><strong>ι</strong></span> 
     </span>
    </p>
   </div>
   <div class='ocr_carea' id='block_1_94' title="bbox 872 5109 2417 5196">
    <p class='ocr_par' dir='ltr' id='par_1_94' title="bbox 872 5109 2417 5196">
     <span class='ocr_line' id='line_1_94' title="bbox 872 5109 2417 5196; baseline 0.015 -36"><span class='ocrx_word' id='word_1_777' title='bbox 872 5109 1153 5173; x_wconf 86' lang='lat' dir='ltr'><strong>Quomodo</strong></span> <span class='ocrx_word' id='word_1_778' title='bbox 1211 5112 1560 5171; x_wconf 88' lang='lat' dir='ltr'><strong>inebriaverit</strong></span> <span class='ocrx_word' id='word_1_779' title='bbox 1614 5127 1836 5184; x_wconf 86' lang='lat' dir='ltr'><strong>terram,</strong></span> <span class='ocrx_word' id='word_1_780' title='bbox 1873 5127 2141 5191; x_wconf 92' lang='lat' dir='ltr'><strong>quomodo</strong></span> <span class='ocrx_word' id='word_1_781' title='bbox 2179 5128 2417 5196; x_wconf 84' lang='lat' dir='ltr'><strong>locuple-</strong></span> 
     </span>
    </p>
   </div>
   <div class='ocr_carea' id='block_1_95' title="bbox 871 5201 2414 5283">
    <p class='ocr_par' dir='ltr' id='par_1_95' title="bbox 871 5201 2414 5283">
     <span class='ocr_line' id='line_1_95' title="bbox 871 5201 2414 5283; baseline 0.014 -33"><span class='ocrx_word' id='word_1_782' title='bbox 871 5201 1066 5253; x_wconf 88' lang='lat' dir='ltr'><strong>taverit</strong></span> <span class='ocrx_word' id='word_1_783' title='bbox 1111 5211 1163 5256; x_wconf 90' lang='lat' dir='ltr'><strong>et</strong></span> <span class='ocrx_word' id='word_1_784' title='bbox 1207 5202 1480 5259; x_wconf 81' lang='lat' dir='ltr'><strong>fructuum</strong></span> <span class='ocrx_word' id='word_1_785' title='bbox 1542 5211 1790 5267; x_wconf 88' lang='lat' dir='ltr'><strong>ubertate</strong></span> <span class='ocrx_word' id='word_1_786' title='bbox 1834 5215 2140 5283; x_wconf 79' lang='lat' dir='ltr'><strong>repleverit,</strong></span> <span class='ocrx_word' id='word_1_787' title='bbox 2177 5220 2276 5272; x_wconf 88' lang='lat' dir='ltr'><strong>sub</strong></span> <span class='ocrx_word' id='word_1_788' title='bbox 2304 5220 2414 5272; x_wconf 68' lang='lat' dir='ltr'><strong>hazc</strong></span> 
     </span>
    </p>
   </div>
   <div class='ocr_carea' id='block_1_96' title="bbox 823 5287 2416 5375">
    <p class='ocr_par' dir='ltr' id='par_1_96' title="bbox 823 5287 2416 5375">
     <span class='ocr_line' id='line_1_96' title="bbox 823 5287 2416 5375; baseline 0.014 -36"><span class='ocrx_word' id='word_1_789' title='bbox 823 5287 825 5289; x_wconf 79' lang='grc'><strong>’</strong></span> <span class='ocrx_word' id='word_1_790' title='bbox 875 5288 1112 5343; x_wconf 90' lang='lat' dir='ltr'><strong>declarat</strong></span> <span class='ocrx_word' id='word_1_791' title='bbox 1176 5294 1360 5350; x_wconf 89' lang='lat' dir='ltr'><strong>dicens</strong></span> <span class='ocrx_word' id='word_1_792' title='bbox 1411 5314 1422 5346; x_wconf 85' lang='lat'>:</span> <span class='ocrx_word' id='word_1_793' title='bbox 1479 5317 1496 5348; x_wconf 86' lang='grc'><strong><em>‹</em></strong></span> <span class='ocrx_word' id='word_1_794' title='bbox 1548 5299 1773 5358; x_wconf 88' lang='lat' dir='ltr'><strong>Flumen</strong></span> <span class='ocrx_word' id='word_1_795' title='bbox 1837 5304 1931 5359; x_wconf 92' lang='lat' dir='ltr'><strong>Dei</strong></span> <span class='ocrx_word' id='word_1_796' title='bbox 1996 5309 2258 5375; x_wconf 82' lang='lat' dir='ltr'><strong>repletum</strong></span> <span class='ocrx_word' id='word_1_797' title='bbox 2334 5319 2416 5364; x_wconf 80' lang='lat' dir='ltr'><strong>est</strong></span> 
     </span>
    </p>
   </div>
   <div class='ocr_carea' id='block_1_97' title="bbox 873 5378 2408 5467">
    <p class='ocr_par' dir='ltr' id='par_1_97' title="bbox 873 5378 2408 5467">
     <span class='ocr_line' id='line_1_97' title="bbox 873 5378 2408 5467; baseline 0.016 -39"><span class='ocrx_word' id='word_1_798' title='bbox 873 5378 1050 5467; x_wconf 87' lang='lat' dir='ltr'><strong>aquis.</strong></span> <span class='ocrx_word' id='word_1_799' title='bbox 1094 5399 1112 5429; x_wconf 74' lang='grc' dir='ltr'><strong>ι</strong></span> <span class='ocrx_word' id='word_1_800' title='bbox 1149 5378 1280 5436; x_wconf 86' lang='lat' dir='ltr'><strong>Nam</strong></span> <span class='ocrx_word' id='word_1_801' title='bbox 1331 5394 1477 5440; x_wconf 89' lang='lat' dir='ltr'><strong>tuum</strong></span> <span class='ocrx_word' id='word_1_802' title='bbox 1532 5392 1704 5443; x_wconf 89' lang='lat' dir='ltr'><strong>sancti</strong></span> <span class='ocrx_word' id='word_1_803' title='bbox 1741 5389 1975 5460; x_wconf 91' lang='lat' dir='ltr'><strong>Spiritus</strong></span> <span class='ocrx_word' id='word_1_804' title='bbox 2025 5394 2241 5460; x_wconf 83' lang='lat' dir='ltr'><strong>ﬂumen,</strong></span> <span class='ocrx_word' id='word_1_805' title='bbox 2268 5401 2408 5467; x_wconf 88' lang='lat' dir='ltr'><strong>quod</strong></span> 
     </span>
    </p>
   </div>
   <div class='ocr_carea' id='block_1_98' title="bbox 874 5465 2411 5558">
    <p class='ocr_par' dir='ltr' id='par_1_98' title="bbox 874 5465 2411 5558">
     <span class='ocr_line' id='line_1_98' title="bbox 874 5465 2411 5558; baseline 0.016 -41"><span class='ocrx_word' id='word_1_806' title='bbox 874 5480 940 5517; x_wconf 83' lang='lat' dir='ltr'><strong>ex</strong></span> <span class='ocrx_word' id='word_1_807' title='bbox 987 5465 1134 5522; x_wconf 78' lang='lat' dir='ltr'><strong>fonte</strong></span> <span class='ocrx_word' id='word_1_808' title='bbox 1177 5475 1404 5527; x_wconf 88' lang='lat' dir='ltr'><strong>scaturit</strong></span> <span class='ocrx_word' id='word_1_809' title='bbox 1453 5487 1563 5541; x_wconf 92' lang='lat' dir='ltr'><strong>tuo,</strong></span> <span class='ocrx_word' id='word_1_810' title='bbox 1591 5488 1747 5533; x_wconf 72' lang='lat' dir='ltr'><strong>terrae</strong></span> <span class='ocrx_word' id='word_1_811' title='bbox 1787 5483 2180 5540; x_wconf 84' lang='lat' dir='ltr'><strong>habitatoribus</strong></span> <span class='ocrx_word' id='word_1_812' title='bbox 2215 5465 2411 5558; x_wconf 72' lang='lat' dir='ltr'><strong>elargi-</strong></span> 
     </span>
    </p>
   </div>
   <div class='ocr_carea' id='block_1_99' title="bbox 873 5564 2407 5645">
    <p class='ocr_par' dir='ltr' id='par_1_99' title="bbox 873 5564 2407 5645">
     <span class='ocr_line' id='line_1_99' title="bbox 873 5564 2407 5645; baseline 0.017 -39"><span class='ocrx_word' id='word_1_813' title='bbox 873 5564 980 5618; x_wconf 88' lang='lat' dir='ltr'><strong>tus,</strong></span> <span class='ocrx_word' id='word_1_814' title='bbox 1037 5567 1198 5628; x_wconf 89' lang='lat' dir='ltr'><strong>atque</strong></span> <span class='ocrx_word' id='word_1_815' title='bbox 1252 5565 1620 5623; x_wconf 89' lang='lat' dir='ltr'><strong>rationabilem</strong></span> <span class='ocrx_word' id='word_1_816' title='bbox 1677 5573 2118 5643; x_wconf 85' lang='lat' dir='ltr'><strong>spiritualemque</strong></span> <span class='ocrx_word' id='word_1_817' title='bbox 2170 5577 2407 5645; x_wconf 88' lang='lat' dir='ltr'><strong>ipsormu</strong></span> 
     </span>
    </p>
   </div>
   <div class='ocr_carea' id='block_1_100' title="bbox 874 5653 2406 5745">
    <p class='ocr_par' dir='ltr' id='par_1_100' title="bbox 874 5653 2406 5745">
     <span class='ocr_line' id='line_1_100' title="bbox 874 5653 2406 5745; baseline 0.017 -50"><span class='ocrx_word' id='word_1_818' title='bbox 874 5661 1081 5714; x_wconf 77' lang='lat' dir='ltr'><strong>agrum,</strong></span> <span class='ocrx_word' id='word_1_819' title='bbox 1124 5653 1212 5745; x_wconf 86' lang='lat' dir='ltr'><strong>qui</strong></span> <span class='ocrx_word' id='word_1_820' title='bbox 1263 5659 1405 5708; x_wconf 89' lang='lat' dir='ltr'><strong>terra</strong></span> <span class='ocrx_word' id='word_1_821' title='bbox 1431 5669 1672 5725; x_wconf 80' lang='lat' dir='ltr'><strong>vocatur,</strong></span> <span class='ocrx_word' id='word_1_822' title='bbox 1710 5677 1906 5731; x_wconf 77' lang='lat' dir='ltr'><strong>magno</strong></span> <span class='ocrx_word' id='word_1_823' title='bbox 1941 5663 2210 5720; x_wconf 87' lang='lat' dir='ltr'><strong>inundans</strong></span> <span class='ocrx_word' id='word_1_824' title='bbox 2241 5664 2406 5731; x_wconf 81' lang='lat' dir='ltr'><strong>ﬂuxu,</strong></span> 
     </span>
    </p>
   </div>
   <div class='ocr_carea' id='block_1_101' title="bbox 946 5799 1452 5874">
    <p class='ocr_par' dir='ltr' id='par_1_101' title="bbox 946 5799 1452 5874">
     <span class='ocr_line' id='line_1_101' title="bbox 946 5799 1452 5874; baseline 0.016 -22"><span class='ocrx_word' id='word_1_825' title='bbox 946 5799 988 5829; x_wconf 74' lang='lat'><strong>“</strong></span> <span class='ocrx_word' id='word_1_826' title='bbox 1013 5799 1154 5856; x_wconf 80' lang='lat' dir='ltr'><strong>Psal.</strong></span> <span class='ocrx_word' id='word_1_827' title='bbox 1191 5819 1362 5874; x_wconf 72' lang='lat' dir='ltr'><strong>cum,</strong></span> <span class='ocrx_word' id='word_1_828' title='bbox 1409 5809 1452 5860; x_wconf 83' lang='lat' dir='ltr'><strong>i.</strong></span> 
     </span>
    </p>
   </div>
   <div class='ocr_carea' id='block_1_102' title="bbox 2515 4669 4068 4744">
    <p class='ocr_par' dir='ltr' id='par_1_102' title="bbox 2515 4669 4068 4744">
     <span class='ocr_line' id='line_1_102' title="bbox 2515 4669 4068 4744; baseline 0.001 -22"><span class='ocrx_word' id='word_1_829' title='bbox 2515 4671 2800 4740; x_wconf 83' lang='grc' dir='ltr'>έσπερινάς</span> <span class='ocrx_word' id='word_1_830' title='bbox 2837 4672 3080 4744; x_wconf 85' lang='grc' dir='ltr'>τέρψεις·</span> <span class='ocrx_word' id='word_1_831' title='bbox 3119 4673 3211 4725; x_wconf 75' lang='grc' dir='ltr'><strong>καὶ</strong></span> <span class='ocrx_word' id='word_1_832' title='bbox 3249 4671 3394 4726; x_wconf 80' lang='grc' dir='ltr'>ταῦτ’</span> <span class='ocrx_word' id='word_1_833' title='bbox 3427 4669 3681 4741; x_wconf 74' lang='grc' dir='ltr'>ἔπραξας,</span> <span class='ocrx_word' id='word_1_834' title='bbox 3730 4670 4068 4734; x_wconf 79' lang='grc' dir='ltr'>καταξιώσας</span> 
     </span>
    </p>
   </div>
   <div class='ocr_carea' id='block_1_103' title="bbox 2513 4763 4074 4833">
    <p class='ocr_par' dir='ltr' id='par_1_103' title="bbox 2513 4763 4074 4833">
     <span class='ocr_line' id='line_1_103' title="bbox 2513 4763 4074 4833; baseline 0.003 -20"><span class='ocrx_word' id='word_1_835' title='bbox 2513 4765 2607 4832; x_wconf 81' lang='grc' dir='ltr'>τῆς</span> <span class='ocrx_word' id='word_1_836' title='bbox 2656 4764 2874 4816; x_wconf 83' lang='grc' dir='ltr'>σεαυτοῦ</span> <span class='ocrx_word' id='word_1_837' title='bbox 2924 4765 3225 4833; x_wconf 73' lang='grc' dir='ltr'>ἐπισκοπῆς</span> <span class='ocrx_word' id='word_1_838' title='bbox 3268 4765 3391 4826; x_wconf 79' lang='grc' dir='ltr'>τοὺς</span> <span class='ocrx_word' id='word_1_839' title='bbox 3435 4763 3526 4816; x_wconf 73' lang='grc' dir='ltr'>ὲπὶ</span> <span class='ocrx_word' id='word_1_840' title='bbox 3573 4766 3676 4833; x_wconf 77' lang='grc' dir='ltr'>γῆς</span> <span class='ocrx_word' id='word_1_841' title='bbox 3727 4763 4074 4831; x_wconf 59' lang='grc' dir='ltr'>ἀνθρώπους,</span> 
     </span>
    </p>
   </div>
   <div class='ocr_carea' id='block_1_104' title="bbox 2512 4851 4064 4926">
    <p class='ocr_par' dir='ltr' id='par_1_104' title="bbox 2512 4851 4064 4926">
     <span class='ocr_line' id='line_1_104' title="bbox 2512 4851 4064 4926; baseline 0.001 -20"><span class='ocrx_word' id='word_1_842' title='bbox 2512 4855 2574 4906; x_wconf 80' lang='grc' dir='ltr'>δι’</span> <span class='ocrx_word' id='word_1_843' title='bbox 2605 4851 2670 4925; x_wconf 75' lang='grc' dir='ltr'>ἧς</span> <span class='ocrx_word' id='word_1_844' title='bbox 2703 4857 2868 4926; x_wconf 85' lang='grc' dir='ltr'>μυρία</span> <span class='ocrx_word' id='word_1_845' title='bbox 2901 4857 3076 4920; x_wconf 78' lang='grc' dir='ltr'>αὐτοῖς</span> <span class='ocrx_word' id='word_1_846' title='bbox 3115 4855 3292 4924; x_wconf 81' lang='grc' dir='ltr'>ἀγαθὰ</span> <span class='ocrx_word' id='word_1_847' title='bbox 3331 4853 3651 4925; x_wconf 82' lang='grc' dir='ltr'>δεδώρηται·</span> <span class='ocrx_word' id='word_1_848' title='bbox 3683 4855 3756 4917; x_wconf 91' lang='grc' dir='ltr'><strong>ώς</strong></span> <span class='ocrx_word' id='word_1_849' title='bbox 3785 4854 4064 4926; x_wconf 79' lang='grc' dir='ltr'>πληρῶσαι</span> 
     </span>
    </p>
   </div>
   <div class='ocr_carea' id='block_1_105' title="bbox 2515 4945 4059 5017">
    <p class='ocr_par' dir='ltr' id='par_1_105' title="bbox 2515 4945 4059 5017">
     <span class='ocr_line' id='line_1_105' title="bbox 2515 4945 4059 5017; baseline 0.001 -21"><span class='ocrx_word' id='word_1_850' title='bbox 2515 4946 2704 5008; x_wconf 75' lang='grc' dir='ltr'>αὐτοὺς</span> <span class='ocrx_word' id='word_1_851' title='bbox 2749 4949 2838 4998; x_wconf 76' lang='grc' dir='ltr'><strong>καὶ</strong></span> <span class='ocrx_word' id='word_1_852' title='bbox 2885 4947 3113 5016; x_wconf 85' lang='grc' dir='ltr'>μεθῦσαι</span> <span class='ocrx_word' id='word_1_853' title='bbox 3175 4949 3290 5008; x_wconf 82' lang='grc' dir='ltr'>ταῖς</span> <span class='ocrx_word' id='word_1_854' title='bbox 3335 4945 3562 5012; x_wconf 87' lang='grc' dir='ltr'>ἀγαθαῖς</span> <span class='ocrx_word' id='word_1_855' title='bbox 3614 4961 3704 4997; x_wconf 92' lang='grc' dir='ltr'><strong>σου</strong></span> <span class='ocrx_word' id='word_1_856' title='bbox 3748 4947 4059 5017; x_wconf 80' lang='grc' dir='ltr'>χορηγίαις,</span> 
     </span>
    </p>
   </div>
   <div class='ocr_carea' id='block_1_106' title="bbox 2517 5036 4056 5108">
    <p class='ocr_par' dir='ltr' id='par_1_106' title="bbox 2517 5036 4056 5108">
     <span class='ocr_line' id='line_1_106' title="bbox 2517 5036 4056 5108; baseline 0.001 -20"><span class='ocrx_word' id='word_1_857' title='bbox 2517 5036 2788 5090; x_wconf 88' lang='grc' dir='ltr'>πλουτίσαι</span> <span class='ocrx_word' id='word_1_858' title='bbox 2816 5057 2872 5092; x_wconf 89' lang='grc' dir='ltr'><strong>τε</strong></span> <span class='ocrx_word' id='word_1_859' title='bbox 2905 5041 3096 5100; x_wconf 78' lang='grc' dir='ltr'>αὐτοὺς</span> <span class='ocrx_word' id='word_1_860' title='bbox 3134 5039 3271 5092; x_wconf 78' lang='grc' dir='ltr'>κατὰ</span> <span class='ocrx_word' id='word_1_861' title='bbox 3311 5037 3400 5090; x_wconf 84' lang='grc' dir='ltr'><strong>τὸν</strong></span> <span class='ocrx_word' id='word_1_862' title='bbox 3444 5037 3754 5091; x_wconf 70' lang='grc' dir='ltr'>Ἀπόστολον</span> <span class='ocrx_word' id='word_1_863' title='bbox 3784 5040 4056 5108; x_wconf 77' lang='grc' dir='ltr'>φήσαντα·</span> 
     </span>
    </p>
   </div>
   <div class='ocr_carea' id='block_1_107' title="bbox 2517 5129 4060 5199">
    <p class='ocr_par' dir='ltr' id='par_1_107' title="bbox 2517 5129 4060 5199">
     <span class='ocr_line' id='line_1_107' title="bbox 2517 5129 4060 5199; baseline 0 -17"><span class='ocrx_word' id='word_1_864' title='bbox 2517 5146 2533 5176; x_wconf 78' lang='grc' dir='ltr'><strong>ι</strong></span> <span class='ocrx_word' id='word_1_865' title='bbox 2589 5129 2674 5182; x_wconf 88' lang='grc' dir='ltr'><strong>Ἐν</strong></span> <span class='ocrx_word' id='word_1_866' title='bbox 2715 5132 2872 5184; x_wconf 57' lang='grc' dir='ltr'><strong>παντὶ¹</strong></span> <span class='ocrx_word' id='word_1_867' title='bbox 2904 5130 3278 5198; x_wconf 75' lang='grc' dir='ltr'>ἐπλουτίσθητε</span> <span class='ocrx_word' id='word_1_868' title='bbox 3323 5131 3378 5181; x_wconf 74' lang='grc' dir='ltr'><strong>ὲν</strong></span> <span class='ocrx_word' id='word_1_869' title='bbox 3418 5130 3580 5199; x_wconf 80' lang='grc' dir='ltr'>αὐτῷ,</span> <span class='ocrx_word' id='word_1_870' title='bbox 3616 5133 3671 5182; x_wconf 83' lang='grc' dir='ltr'><strong>ὲν</strong></span> <span class='ocrx_word' id='word_1_871' title='bbox 3714 5132 3870 5182; x_wconf 81' lang='grc' dir='ltr'>παντὶ</span> <span class='ocrx_word' id='word_1_872' title='bbox 3921 5130 4060 5199; x_wconf 81' lang='grc' dir='ltr'>λόγῳ</span> 
     </span>
    </p>
   </div>
   <div class='ocr_carea' id='block_1_108' title="bbox 2512 5219 4053 5291">
    <p class='ocr_par' dir='ltr' id='par_1_108' title="bbox 2512 5219 4053 5291">
     <span class='ocr_line' id='line_1_108' title="bbox 2512 5219 4053 5291; baseline -0.001 -22"><span class='ocrx_word' id='word_1_873' title='bbox 2512 5219 2600 5270; x_wconf 77' lang='grc' dir='ltr'><strong>καὶ</strong></span> <span class='ocrx_word' id='word_1_874' title='bbox 2626 5220 2773 5291; x_wconf 81' lang='grc' dir='ltr'>πάσῃ</span> <span class='ocrx_word' id='word_1_875' title='bbox 2800 5219 3022 5288; x_wconf 87' lang='grc' dir='ltr'>γνώσει·</span> <span class='ocrx_word' id='word_1_876' title='bbox 3066 5239 3082 5270; x_wconf 78' lang='grc' dir='ltr'><strong>ι</strong></span> <span class='ocrx_word' id='word_1_877' title='bbox 3119 5219 3152 5289; x_wconf 83' lang='grc' dir='ltr'>ἢ</span> <span class='ocrx_word' id='word_1_878' title='bbox 3183 5219 3321 5273; x_wconf 90' lang='grc' dir='ltr'><strong>κατά</strong></span> <span class='ocrx_word' id='word_1_879' title='bbox 3359 5221 3447 5272; x_wconf 88' lang='grc' dir='ltr'><strong>τὸν</strong></span> <span class='ocrx_word' id='word_1_880' title='bbox 3475 5221 3765 5290; x_wconf 88' lang='grc' dir='ltr'>Σύμμαχον</span> <span class='ocrx_word' id='word_1_881' title='bbox 3790 5221 4053 5289; x_wconf 85' lang='grc' dir='ltr'>φήσαντα·</span> 
     </span>
    </p>
   </div>
   <div class='ocr_carea' id='block_1_109' title="bbox 2517 5307 4054 5381">
    <p class='ocr_par' dir='ltr' id='par_1_109' title="bbox 2517 5307 4054 5381">
     <span class='ocr_line' id='line_1_109' title="bbox 2517 5307 4054 5381; baseline -0.001 -22"><span class='ocrx_word' id='word_1_882' title='bbox 2517 5326 2534 5356; x_wconf 78' lang='grc' dir='ltr'><strong>ι</strong></span> <span class='ocrx_word' id='word_1_883' title='bbox 2567 5309 2912 5381; x_wconf 80' lang='grc' dir='ltr'>Πολυκαρπίᾳ</span> <span class='ocrx_word' id='word_1_884' title='bbox 2958 5309 3255 5373; x_wconf 83' lang='grc' dir='ltr'>πλουτίσεις</span> <span class='ocrx_word' id='word_1_885' title='bbox 3286 5311 3470 5380; x_wconf 82' lang='grc' dir='ltr'>αὑτήν.</span> <span class='ocrx_word' id='word_1_886' title='bbox 3509 5330 3526 5361; x_wconf 76' lang='grc' dir='ltr'><strong>ι</strong></span> <span class='ocrx_word' id='word_1_887' title='bbox 3563 5309 3683 5370; x_wconf 78' lang='grc' dir='ltr'>Πῶς</span> <span class='ocrx_word' id='word_1_888' title='bbox 3727 5310 3782 5360; x_wconf 85' lang='grc' dir='ltr'>δὲ</span> <span class='ocrx_word' id='word_1_889' title='bbox 3828 5307 4054 5377; x_wconf 85' lang='grc' dir='ltr'>ὲμέθυσε</span> 
     </span>
    </p>
   </div>
   <div class='ocr_carea' id='block_1_110' title="bbox 2512 5397 4054 5470">
    <p class='ocr_par' dir='ltr' id='par_1_110' title="bbox 2512 5397 4054 5470">
     <span class='ocr_line' id='line_1_110' title="bbox 2512 5397 4054 5470; baseline 0.003 -20"><span class='ocrx_word' id='word_1_890' title='bbox 2512 5399 2608 5469; x_wconf 78' lang='grc' dir='ltr'>τὴν</span> <span class='ocrx_word' id='word_1_891' title='bbox 2642 5401 2764 5469; x_wconf 83' lang='grc' dir='ltr'>γῆν,</span> <span class='ocrx_word' id='word_1_892' title='bbox 2803 5402 2895 5453; x_wconf 75' lang='grc' dir='ltr'><strong>καὶ</strong></span> <span class='ocrx_word' id='word_1_893' title='bbox 2934 5401 3046 5465; x_wconf 84' lang='grc' dir='ltr'>πῶς</span> <span class='ocrx_word' id='word_1_894' title='bbox 3084 5403 3356 5456; x_wconf 82' lang='grc' dir='ltr'>ὲπλούτισε</span> <span class='ocrx_word' id='word_1_895' title='bbox 3405 5403 3494 5454; x_wconf 71' lang='grc' dir='ltr'><strong>καὶ</strong></span> <span class='ocrx_word' id='word_1_896' title='bbox 3537 5401 3845 5470; x_wconf 78' lang='grc' dir='ltr'>ἐπλήρωσεν</span> <span class='ocrx_word' id='word_1_897' title='bbox 3890 5397 4054 5465; x_wconf 73' lang='grc' dir='ltr'>αὐτὴν</span> 
     </span>
    </p>
   </div>
   <div class='ocr_carea' id='block_1_111' title="bbox 2515 5490 4054 5562">
    <p class='ocr_par' dir='ltr' id='par_1_111' title="bbox 2515 5490 4054 5562">
     <span class='ocr_line' id='line_1_111' title="bbox 2515 5490 4054 5562; baseline 0.008 -21"><span class='ocrx_word' id='word_1_898' title='bbox 2515 5490 2902 5562; x_wconf 82' lang='grc' dir='ltr'>πολυκαρπίας,</span> <span class='ocrx_word' id='word_1_899' title='bbox 2941 5493 3192 5562; x_wconf 66' lang='grc' dir='ltr'>διασαφεῖ</span> <span class='ocrx_word' id='word_1_900' title='bbox 3238 5495 3406 5562; x_wconf 91' lang='grc' dir='ltr'>λέγων</span> <span class='ocrx_word' id='word_1_901' title='bbox 3451 5493 3606 5562; x_wconf 79' lang='grc' dir='ltr'>ἑξῆς·</span> <span class='ocrx_word' id='word_1_902' title='bbox 3656 5514 3672 5542; x_wconf 77' lang='grc' dir='ltr'><strong>ι</strong></span> <span class='ocrx_word' id='word_1_903' title='bbox 3718 5494 3773 5544; x_wconf 93' lang='lat'><strong>&#39;0</strong></span> <span class='ocrx_word' id='word_1_904' title='bbox 3820 5506 4054 5558; x_wconf 85' lang='grc' dir='ltr'>ποταμοῖ</span> 
     </span>
    </p>
   </div>
   <div class='ocr_carea' id='block_1_112' title="bbox 2513 5579 4054 5655">
    <p class='ocr_par' dir='ltr' id='par_1_112' title="bbox 2513 5579 4054 5655">
     <span class='ocr_line' id='line_1_112' title="bbox 2513 5579 4054 5655; baseline 0.002 -25"><span class='ocrx_word' id='word_1_905' title='bbox 2513 5579 2604 5631; x_wconf 89' lang='grc' dir='ltr'><strong>τοῦ</strong></span> <span class='ocrx_word' id='word_1_906' title='bbox 2637 5582 2768 5634; x_wconf 85' lang='grc' dir='ltr'>Θεοῦ</span> <span class='ocrx_word' id='word_1_907' title='bbox 2798 5582 3081 5655; x_wconf 83' lang='grc' dir='ltr'>ἐπληρώθη</span> <span class='ocrx_word' id='word_1_908' title='bbox 3127 5586 3346 5637; x_wconf 82' lang='grc' dir='ltr'>ὑδάτων.</span> <span class='ocrx_word' id='word_1_909' title='bbox 3391 5603 3407 5634; x_wconf 69' lang='grc' dir='ltr'><strong>ι</strong></span> <span class='ocrx_word' id='word_1_910' title='bbox 3433 5584 3532 5635; x_wconf 84' lang='grc' dir='ltr'>Τὸν</span> <span class='ocrx_word' id='word_1_911' title='bbox 3561 5583 3667 5651; x_wconf 82' lang='grc' dir='ltr'><strong>γάρ</strong></span> <span class='ocrx_word' id='word_1_912' title='bbox 3702 5579 3927 5633; x_wconf 81' lang='grc' dir='ltr'>σεαυτοῦ</span> <span class='ocrx_word' id='word_1_913' title='bbox 3959 5597 4054 5633; x_wconf 79' lang='grc' dir='ltr'>πο-</span> 
     </span>
    </p>
   </div>
   <div class='ocr_carea' id='block_1_113' title="bbox 2514 5669 4071 5742">
    <p class='ocr_par' dir='ltr' id='par_1_113' title="bbox 2514 5669 4071 5742">
     <span class='ocr_line' id='line_1_113' title="bbox 2514 5669 4071 5742; baseline 0.003 -22"><span class='ocrx_word' id='word_1_914' title='bbox 2514 5671 2682 5736; x_wconf 79' lang='grc' dir='ltr'>ταμὸν</span> <span class='ocrx_word' id='word_1_915' title='bbox 2732 5671 2822 5722; x_wconf 87' lang='grc' dir='ltr'><strong>τοῦ</strong></span> <span class='ocrx_word' id='word_1_916' title='bbox 2880 5673 3031 5739; x_wconf 80' lang='grc' dir='ltr'>ἁγίου</span> <span class='ocrx_word' id='word_1_917' title='bbox 3097 5674 3424 5742; x_wconf 80' lang='grc' dir='ltr'>Πνεύματος,</span> <span class='ocrx_word' id='word_1_918' title='bbox 3469 5672 3560 5724; x_wconf 76' lang='grc' dir='ltr'>τὸν</span> <span class='ocrx_word' id='word_1_919' title='bbox 3601 5671 3705 5725; x_wconf 76' lang='grc' dir='ltr'><strong>ἀπὸ</strong></span> <span class='ocrx_word' id='word_1_920' title='bbox 3748 5669 3855 5739; x_wconf 71' lang='grc' dir='ltr'><strong>τῆς</strong></span> <span class='ocrx_word' id='word_1_921' title='bbox 3881 5671 3937 5723; x_wconf 72' lang='grc' dir='ltr'><strong>ιν</strong></span> <span class='ocrx_word' id='word_1_922' title='bbox 3975 5669 4071 5725; x_wconf 75' lang='lat' dir='ltr'><strong>odi--</strong></span> 
     </span>
    </p>
   </div>
   <div class='ocr_carea' id='block_1_114' title="bbox 1534 5811 2726 5884">
    <p class='ocr_par' dir='ltr' id='par_1_114' title="bbox 1534 5811 2726 5884">
     <span class='ocr_line' id='line_1_114' title="bbox 1534 5811 2726 5884; baseline 0.004 -18"><span class='ocrx_word' id='word_1_923' title='bbox 1534 5812 1573 5844; x_wconf 87' lang='grc'><strong>³⁸</strong></span> <span class='ocrx_word' id='word_1_924' title='bbox 1601 5811 1740 5869; x_wconf 83' lang='lat' dir='ltr'><strong>Psal.</strong></span> <span class='ocrx_word' id='word_1_925' title='bbox 1777 5830 1896 5882; x_wconf 74' lang='lat' dir='ltr'><strong>CXL,</strong></span> <span class='ocrx_word' id='word_1_926' title='bbox 1921 5815 1975 5868; x_wconf 73' lang='grc'><strong>2.</strong></span> <span class='ocrx_word' id='word_1_927' title='bbox 2050 5816 2096 5848; x_wconf 83' lang='grc'><strong><em>⁸⁵</em></strong></span> <span class='ocrx_word' id='word_1_928' title='bbox 2120 5815 2249 5870; x_wconf 83' lang='lat' dir='ltr'><strong>ibid.</strong></span> <span class='ocrx_word' id='word_1_929' title='bbox 2327 5818 2365 5848; x_wconf 84' lang='grc'><strong>³⁷</strong></span> <span class='ocrx_word' id='word_1_930' title='bbox 2397 5816 2416 5868; x_wconf 92' lang='lat' dir='ltr'><strong>l</strong></span> <span class='ocrx_word' id='word_1_931' title='bbox 2443 5816 2566 5872; x_wconf 90' lang='lat' dir='ltr'><strong>Cor.</strong></span> <span class='ocrx_word' id='word_1_932' title='bbox 2606 5836 2642 5884; x_wconf 85' lang='grc' dir='ltr'><strong>ι,</strong></span> <span class='ocrx_word' id='word_1_933' title='bbox 2676 5821 2726 5873; x_wconf 82' lang='grc'><strong>5.</strong></span> 
     </span>
    </p>
   </div>
  </div>
