4402 6452
375 504 471 562 δίι

1487 517 1982 575 COMMENTARIA
2022 521 2086 575 ΙΝ
2125 522 2458 578 PSALMOS.

3476 533 3586 590 διε

378 625 557 697 πηγῆς
588 624 1088 692 ἀναὸλυσταίνοντα,
1125 629 1235 691 τοῖς
1274 629 1362 681 ἐπὶ
1397 630 1498 698 γῆς
1529 630 1731 683 οἰκοῦσι
1762 632 1933 702 δωρη-
1960 648 2004 701 Α
2036 649 2116 702 sa;

1846 648 2004 702 ρη-Α
2036 634 2418 703 ςορίειῐιιὶιιηυε
2485 636 2750 691 imbribus
2806 638 3101 705 inebrians,
3152 660 3169 691 ι
3216 643 3584 712 muhiplicasti

379 716 625 785 σάμενος,
661 718 758 789 τὴν
780 717 1000 788 λογικὴν
1043 720 1133 772 καὶ
1180 721 1368 791 νοεράν
1409 722 1584 776 αὑτῶν
1620 723 1797 793 χώραν
1825 727 1928 796 γῆν

375 808 787 881 ὀνομαζομένην,
819 811 993 881 πολλῷ
1020 812 1096 882 τῷ
1122 814 1347 884 ῥεύματι
1375 816 1730 880 κατακλύσας,
1764 819 1926 888 μεθύ-

379 916 474 961 σας
502 901 612 962 τοῖς
640 902 735 971 τῆς
762 901 949 968 σοφίας
972 902 1336 972 ὀμϐρήμασιν,
1369 923 1386 955 ι
1423 905 1721 977 ἐπλήθυνάς
1748 925 1806 959 τε
1834 910 1924 961 τοῦ

375 989 651 1042 πλουτίσαι
677 991 844 1060 αὑτὴν
888 1011 905 1043 ι
935 995 1044 1053 τοῖς
1078 992 1168 1045 τοῦ
1202 994 1355 1060 ἁγίου
1398 996 1707 1066 Πνεύματος
1747 998 1926 1066 διαφόη

375 1096 485 1146 ροις
519 1080 831 1151 χαρίσμασι.
877 1081 1074 1134 Τούτου
1107 1083 1162 1135 δὲ
1193 1102 1211 1132 ι
1241 1083 1332 1138 τοῦ
1367 1086 1607 1156 ποταμοῦ
1653 1087 1718 1139 τά
1761 1090 1928 1159 ὁρμή--

376 1189 518 1238 ματα
545 1171 886 1242 εὐφραίνουσι
908 1172 1005 1242 τὴν
1030 1173 1180 1226 πόλιν
1206 1173 1297 1226 τοῦ
1326 1174 1478 1228 Θεοῦ.
1515 1196 1531 1226 ι
1560 1178 1668 1228 Καὶ
1693 1180 1718 1229 ὁ
1741 1178 1936 1248 Σωτὴρ

371 1264 425 1315 δὲ
459 1265 581 1334 περὶ
615 1263 705 1316 τοῦ
739 1263 897 1316 αυτοῦ
939 1263 1174 1319 ἐδίδασκε
1207 1267 1375 1336 λέγων
1397 1285 1410 1298 ⁸
1451 1288 1468 1319 ε
1511 1271 1603 1331 Ὃς
1643 1270 1706 1322 ἂν
1741 1271 1835 1340 πίῃ
1866 1273 1927 1323 ἐκ

370 1352 460 1404 τοῦ
491 1354 696 1420 ὕδατος,
725 1350 784 1409 οὺ
819 1354 928 1422 ἐγὼ
971 1354 1122 1409 δώσω
1161 1357 1325 1428 αὐτῷ,
1358 1361 1585 1428 ποταμοὶ
1607 1361 1670 1411 ἐκ
1694 1363 1791 1431 τῆς
1818 1379 1928 1412 κοι-

369 1443 486 1507 λίας
527 1445 688 1498 αὑτοῦ
735 1445 1010 1516 ῥεύσουσιν
1055 1447 1236 1510 ὓδατος
1278 1449 1498 1513 ζῶντος,
1529 1450 1814 1519 ἁλλομένου
1848 1455 1927 1514 είς

371 1531 510 1602 ζωὴν
542 1534 771 1587 αίώνιον.
800 1535 1039 1589 Τοῦτοδέ
1065 1537 1212 1605 ἔλεγε
1241 1539 1365 1608 περί
1391 1538 1482 1599 τοῦ
1509 1538 1842 1608 Πνεύματος,
1864 1535 1923 1591 οὗ

370 1623 598 1693 ἤμελλον
637 1625 928 1695 λαμϐάνειν
976 1628 1025 1678 οἱ
1074 1628 1414 1690 πιστεύοντες
1441 1631 1519 1692 είς
1549 1629 1726 1682 αὑτόν.
1769 1652 1784 1681 ι
1824 1622 1926 1681 Οὗ-

370 1732 455 1778 τος
477 1711 568 1768 οῦν
593 1718 620 1768 0
657 1717 895 1785 ποταμὸς
932 1718 1024 1771 τοῦ
1053 1717 1184 1771 Θεοῦ
1221 1719 1506 1789 ἐπληρώθη
1536 1721 1765 1773 ὑδάτων·
1798 1719 1925 1773 ὥστ’

371 1804 434 1858 ἂν
468 1807 636 1858 εἰπεῖν
656 1823 667 1835 ·
709 1827 726 1857 ι
778 1806 870 1860 Ἐκ
903 1806 994 1859 τοῦ
1029 1808 1389 1879 πληρώματος
1421 1810 1580 1863 αὑτοῦ
1609 1813 1763 1881 ἡμεῖς
1795 1812 1926 1863 πάν-

367 1913 457 1958 τες
480 1896 758 1967 ἐλάὸομεν.
793 1918 810 1949 ι
836 1898 1049 1952 Πολλῶν
1070 1900 1125 1952 δέ
1153 1902 1353 1954 ὑδάτων
1391 1906 1418 1952 0
1457 1905 1694 1973 ποταμὸς
1726 1901 1926 1974 πεπλή-

370 2003 554 2056 ρωται,
586 1987 670 2041 διὰ
711 1988 771 2041 τὸ
813 1989 884 2058 μὴ
926 1990 1140 2060 ὁμοίους
1177 1989 1312 2044 εἶναι
1351 1995 1474 2057 τοὺς
1502 1994 1556 2059 ἐξ
1586 1995 1748 2047 αὑτοῦ
1779 2013 1928 2047 ποτι-

368 2076 640 2148 ζομένους.
692 2081 966 2151 Διαφόρων
1010 2080 1064 2135 δὲ
1092 2081 1266 2135 όντων
1299 2086 1587 2154 ταγμάτων
1618 2087 1723 2138 τῶν
1758 2105 1923 2156 μετα-

366 2168 742 2239 λαμϐανόντων
793 2170 976 2235 αὑτοῦ,
1023 2173 1249 2235 -είκότως
1296 2174 1506 2242 ἐκάστῳ
1558 2177 1808 2245 παρέχων
1861 2179 1924 2231 τὰ

367 2260 667 2331 πρόσφορα,
695 2260 899 2314 πολλῶν
939 2262 1143 2316 ὑδάτων
1177 2262 1559 2334 πεπληρῶσθαι
1586 2265 1827 2332 λέγεται·
1851 2260 1924 2319 ὧν

365 2349 737 2425 μεταλαϐοῦσα
782 2352 814 2420 ή
863 2352 1050 2422 λογικὴ
1084 2352 1253 2423 χώρα,
1298 2353 1393 2416 τὰς
1433 2355 1764 2424 ἐπιτηδείους
1802 2359 1926 2410 ἐκά-

369 2457 476 2510 στῳ
506 2440 684 2494 δίδωσι
710 2442 930 2512 τροφάς,
963 2444 1056 2495 καὶ
1087 2446 1210 2507 τοὺς
1243 2444 1497 2508 ἐπαξίους
1542 2445 1635 2498 τοῦ
1673 2448 1922 2501 τοσούτου

367 2530 606 2601 ποταμοῦ
643 2533 901 2601 καρπούς.
949 2534 1037 2585 Διὸ
1078 2534 1358 2587 λέλεκται·
1396 2554 1414 2586 ‹
1465 2537 1791 2607 Ἠτοίμασας
1829 2540 1924 2610 τὴν

365 2623 569 2693 τροφὴν
602 2623 810 2688 αὐτῶν,
857 2626 936 2678 ὅτι
990 2626 1222 2698 οὖτωςὴ
1274 2629 1582 2698 ἐτοιμασίικ
1624 2651 1640 2681 ι
1670 2633 1822 2685 Κατὰ
1869 2634 1924 2685 δὲ

366 2710 462 2763 τὸν
523 2711 830 2782 Σύμμαχον·
869 2733 888 2766 ι
922 2716 1361 2786 Τελεσφορήσεις,
1409 2719 1557 2788 φησὶ,
1601 2719 1698 2787 τὴν
1757 2736 1922 2790 σπερ-

369 2803 566 2875 ματίαν
589 2804 775 2874 αὐτῆς,
802 2805 880 2856 ὅτι
921 2805 1090 2868 οὑτως
1128 2807 1367 2877 ἥδρασας
1415 2807 1602 2878 αὐτὴν,
1633 2829 1650 2858 ι
1688 2811 1923 2880 δηλονότι

365 2892 462 2965 τὴν
503 2894 641 2964 γῆν,
691 2913 709 2945 ‹
763 2896 854 2947 καὶ
885 2895 1152 2965 ἐμέθυσας
1201 2897 1405 2967 αὑτὴν,
1463 2898 1762 2968 ἐπλήθυνας
1830 2900 1922 2952 τοῦ

367 2986 645 3039 πλουτίσαι
676 2987 864 3058 αὑτήν.
907 3005 924 3039 ι
965 2986 1052 3058 Τῷ
1090 2984 1180 3040 οὖν
1205 2989 1430 3059 ποταμῷ
1456 2989 1532 3060 τῷ
1562 2990 1641 3060 σῷ
1672 2992 1922 3059 τελεσφο-

368 3077 552 3146 ρήσεις
574 3077 670 3148 τὴν
696 3078 1032 3149 σπερματίαν
1057 3079 1242 3148 αὑτῆς,
1273 3081 1512 3133 τουτέστι
1538 3082 1605 3135 τά
1642 3082 1924 3152 σπέρματα

364 3169 422 3220 ὲν
455 3169 590 3239 αὑτῇ
621 3168 1022 3239 καταϐληθέντα
1070 3171 1132 3223 σὺ
1173 3172 1332 3235 αὐτὸς
1360 3173 1445 3226 διά
1477 3172 1570 3226 τοῦ
1606 3174 1798 3226 σαυτοῦ
1833 3193 1925 3226 πο-

361 3258 537 3329 ταμοῦ
563 3259 1016 3332 τεὴσφορηθῆναι
1050 3266 1309 3335 ποιήσεις,
1341 3265 1414 3328 ὡς
1443 3266 1677 3328 τελείους
1701 3267 1925 3318 ἀποδοῦ-

364 3366 454 3402 ναι
499 3353 623 3414 τοὺς
657 3353 874 3421 στάχυς.
914 3353 1066 3406 Οὕτω
1094 3353 1222 3421 γοῦν
1258 3356 1396 3408 κατά
1423 3355 1482 3407 τὸ
1515 3356 1860 3424 Εὑαγγέλιον,
1890 3362 1918 3428 ἱ,

367 3441 464 3509 μὲν
491 3443 703 3512 ποιήσει
730 3441 848 3512 λ’,ή
882 3442 936 3494 δὲ
966 3443 1028 3507 ξ’,
1061 3445 1093 3513 ἠ
1122 3445 1178 3498 δὲ
1211 3450 1278 3515 ρ’,
1313 3446 1412 3514 τῆς
1447 3445 1788 3519 ἀνθρωπίνης
1825 3448 1924 3516 ψυ-

362 3530 462 3599 χῆς
489 3533 590 3601 γῆς
630 3531 1050 3602 ὀνομαζομένης,
1085 3535 1176 3586 καὶ
1208 3535 1347 3588 κατὰ
1389 3537 1486 3603 τὴν
1530 3538 1787 3606 σωτήριον
1822 3552 1924 3588 πα-

365 3619 622 3690 ραεολήν·
665 3640 682 3672 ι
730 3623 868 3684 Τοὺς
910 3622 1147 3687 αὔλακας
1199 3625 1368 3694 αὐτῆς
1423 3625 1678 3696 μέθυσον·
1724 3626 1920 3697 πλήθυ-

362 3726 449 3762 νον
481 3709 546 3763 τὰ
575 3713 880 3782 γεννήματα
933 3713 1132 3784 αὑτῆς·
1188 3717 1246 3766 ἐν
1295 3719 1413 3777 ταῖς
1461 3716 1710 3784 σταγόσιν
1755 3716 1923 3786 αὐτῆς

363 3801 786 3874 εὐφρανθήσεται
811 3805 1188 3861 ἀνατέλλουσα.
1231 3825 1247 3857 ι
1276 3804 1565 3871 Διεξελθὼν
1589 3810 1617 3860 0
1657 3825 1921 3882 προφητι-

361 3892 455 3955 κὸς
487 3893 640 3964 λόγος
679 3894 746 3948 τά
785 3900 978 3967 σημεῖα
1009 3897 1105 3967 τῆς
1148 3896 1239 3950 τοῦ
1276 3896 1523 3970 Σωτῆρος
1573 3901 1789 3972 ἀρετῆς,
1831 3903 1923 3954 καὶ

360 3986 425 4054 τῇ
469 3985 561 4039 τοῦ
605 3987 914 4058 Πνεύματος
959 3988 1258 4058 προγνώσει
1301 3990 1370 4044 τὰ
1414 3991 1662 4061 ἐσόμενα,
1706 3991 1780 4055 ὼς
1823 3993 1921 4062 ήδη

359 4076 427 4129 δι’
461 4078 635 4150 ἔργων
688 4081 1038 4151 κεχωρηκότα
1081 4081 1426 4152 τεθεαμένος·
1484 4084 1630 4146 ὅπως
1683 4084 1779 4152 μὲν
1817 4084 1921 4135 τῶν

361 4170 744 4241 ἀντικειμένων
773 4169 1077 4243 ἀνατροπὴν
1108 4173 1416 4241 εἰργάσατο,
1442 4173 1588 4236 ὅπως
1619 4174 1673 4226 δὲ
1697 4174 1920 4227 ἐπεσκέ-

359 4263 496 4332 ψατο
527 4262 625 4331 τὴν
662 4263 763 4332 γῆν
789 4263 879 4314 καὶ
904 4261 1162 4331 ἐμέθυσεν
1202 4262 1386 4334 αὑτὴν,
1426 4265 1520 4317 καὶ
1550 4263 1624 4328 ὡς
1654 4264 1918 4335 ἐπλήθυνε

359 4353 452 4408 τοῦ
492 4353 769 4407 πλουτίσαι
808 4352 994 4423 αὐτὴν,
1038 4353 1412 4425 πληρωθέντος
1444 4354 1649 4409 ὑδάτων
1695 4356 1786 4409 τοῦ
1820 4375 1918 4410 πο-

358 4445 531 4516 ταμοῦ
570 4445 662 4498 τοῦ
690 4443 840 4497 Θεοῦ.
887 4443 1068 4497 Ταῦτα
1109 4444 1387 4510 θεσπίσας,
1424 4447 1516 4500 καὶ
1563 4447 1638 4511 ὡς
1681 4449 1779 4520 ήδη
1817 4450 1919 4518 πρὸ

359 4536 646 4608 ὀφθαλμῶν
671 4535 919 4608 δρώμενα
953 4537 1299 4606 θεασάμενος,
1329 4539 1414 4592 ἐπ’
1443 4536 1606 4610 εὐχὴν
1642 4540 1912 4612 τρέπεται,

2036 724 2360 792 ioeupletare
2390 740 2505 779 eam
2540 745 2557 777 ι
2595 728 2762 782 variis
2802 729 3038 798 Spiritus
3082 733 3256 784 sancti
3296 735 3587 786 charisma-

2033 813 2196 868 tibus.
2255 812 2426 881 Hujus
2473 830 2634 883 porro
2679 834 2696 866 ‹
2735 817 2972 872 ﬂuminis
3020 820 3260 888 impetus
3316 822 3588 878 laetiﬁcant

2034 903 2306 956 civitatem
2355 903 2469 960 Dei.
2505 924 2522 956 ι
2553 904 2802 960 Salvator
2844 909 2968 961 item
3024 909 3090 963 de
3138 912 3321 965 eadem
3373 913 3485 981 ipsa
3530 931 3588 968 re

2033 994 2148 1048 haec
2193 994 2380 1048 docuit
2415 1012 2425 1044 :
2466 1014 2482 1045 ι
2525 995 2578 1050 Si
2611 999 2733 1066 quis
2757 999 2954 1052 biberit
2981 1015 3046 1053 ex
3090 1015 3248 1070 aqua,
3281 1018 3439 1072 quam
3486 1021 3586 1073 ego

2033 1084 2172 1136 dabo
2199 1083 2267 1144 ei,
2294 1083 2513 1138 ﬂumina
2555 1086 2623 1139 de
2652 1095 2836 1141 ventre
2869 1089 2986 1156 ejus
3036 1088 3200 1143 ﬂuent
3244 1108 3395 1160 aquae
3426 1094 3580 1156 vivae,

2035 1172 2276 1226 salientis
2308 1173 2361 1226 in
2400 1176 2561 1226 vitam
2600 1183 2874 1230 aeternam.
2914 1177 3027 1232 Hoc
3071 1187 3245 1233 autem
3275 1165 3487 1236 dicebat
3517 1184 3584 1238 de

2036 1260 2257 1330 Spiritu,
2280 1279 2434 1332 quem
2467 1268 2741 1334 accepturi
2768 1276 2920 1320 erant
2951 1269 3298 1324 credentesin
3329 1275 3567 1326 eum".i

2033 1350 2144 1406 Hoc
2171 1351 2350 1421 itaque
2385 1353 2578 1408 ﬂumen
2633 1355 2723 1410 Dei
2765 1360 3024 1427 repletum
3075 1368 3156 1415 est
3206 1363 3392 1430 aquis;
3421 1364 3493 1415 ita
3526 1372 3584 1417 ut

2032 1441 2214 1519 dicant
2250 1458 2262 1493 :
2299 1461 2316 1492 ‹
2359 1442 2433 1495 Ex
2468 1445 2801 1513 plenitudine
2844 1448 2962 1516 ejus
3012 1465 3112 1504 nos
3157 1465 3344 1506 omnes
3375 1454 3585 1522 accepi-

2034 1546 2154 1584 mus
2179 1531 2245 1583 ”.
2287 1551 2307 1582 ι
2344 1531 2525 1587 Multis
2556 1543 2733 1589 autem
2763 1538 2918 1606 aquis
2951 1540 3212 1608 repletum
3249 1539 3445 1596 ﬂumen
3465 1551 3581 1608 est,

1967 1627 1970 1630 ‘
2032 1613 2284 1688 quoniam
2312 1623 2402 1689 qui
2440 1638 2505 1675 eo
2532 1631 2808 1692 petantur,
2842 1627 2979 1680 inter
3003 1643 3059 1680 se
3105 1629 3396 1684 dissimiles
3437 1642 3580 1684 sunt.

2030 1709 2162 1764 Cum
2194 1710 2395 1764 diversi
2439 1728 2601 1780 porro
2648 1715 2756 1768 sint
2802 1717 3018 1770 ordines
3071 1733 3279 1785 eorum,
3316 1721 3408 1787 qui
3461 1722 3581 1789 ejus

2032 1810 2311 1856 consortes
2335 1811 2480 1868 sunt,
2502 1805 2625 1872 jure
2658 1807 2887 1875 singulis
2929 1812 3278 1877 congruentia
3310 1815 3579 1880 praebens,

2032 1894 2220 1948 multis
2263 1895 2417 1962 aquis
2451 1897 2712 1963 repletum
2747 1912 2868 1952 esse
2915 1897 3112 1952 dicitur
3146 1889 3164 1950 ξ’
3196 1916 3424 1969 quarum
3457 1919 3580 1972 par-

1962 1992 1998 2044 Β
2029 1984 2196 2052 ticeps
2244 1986 2582 2040 rationabilis
2617 2001 2768 2054 ager,
2800 1997 3159 2057 congruentes
3190 1990 3417 2059 singulis
3442 2007 3580 2059 prae-

2027 2075 2113 2127 bet
2145 2089 2320 2138 escas,
2355 2084 2516 2144 atque
2547 2078 2846 2146 condignos
2880 2080 3011 2133 tanti
3056 2079 3294 2134 ﬂuminis
3346 2081 3580 2137 fruetus.

2024 2165 2204 2229 Quare
2239 2168 2440 2220 dictum
2491 2175 2574 2222 est
2610 2184 2622 2217 :
2661 2187 2678 2218 ς
2717 2169 2925 2222 Parasti
2956 2170 3134 2224 cibum
3178 2173 3414 2235 illorum,
3445 2190 3580 2242 quo-

2025 2255 2166 2308 niam
2192 2258 2262 2308 ita
2293 2266 2374 2310 est
2403 2259 2737 2325 praeparatio.
2780 2278 2797 2308 ι
2834 2258 3139 2314 Secundum
3198 2261 3580 2332 Symmachum

2023 2358 2150 2397 vero
2183 2363 2196 2398 :
2239 2363 2256 2394 ‹
2291 2344 2638 2400 Fructiﬁcare
2662 2345 2826 2401 facies
2848 2362 3030 2402 semen
3052 2349 3189 2417 ejus,
3222 2352 3477 2418 quoniam
3503 2352 3578 2404 ita

2026 2433 2259 2488 fundasti
2284 2451 2423 2501 eam,
2457 2456 2474 2487 ›
2501 2435 2753 2491 videlicet
2776 2444 2997 2503 terram,
3024 2456 3041 2488 ι
3067 2431 3409 2493 ειὶιιοέἱνὶοειὶ
3432 2455 3572 2503 eam,

2031 2525 2396 2594 multiplicasti
2457 2520 2789 2596 locupletare
2847 2539 2989 2582 eam.
3029 2549 3060 2581 ι
3104 2528 3352 2585 Flumine
3396 2531 3578 2599 itaque

2024 2624 2116 2670 tuo
2146 2617 2376 2671 fructum
2409 2634 2594 2688 parere
2633 2620 2801 2674 facies
2857 2622 3048 2675 semini
3083 2622 3222 2689 ejus,
3249 2622 3300 2675 id
3333 2630 3435 2685 est,
3489 2639 3579 2678 se-

2024 2709 2169 2760 mina
2210 2709 2350 2763 istuc
2394 2711 2659 2778 conjecta,
2696 2718 2753 2762 tu
2813 2711 2949 2778 ipse,
2984 2719 3187 2781 tuoque
3222 2711 3442 2766 ﬂumine
3466 2712 3580 2766 fru-

2024 2806 2165 2851 ctum
2190 2814 2376 2866 parere
2409 2798 2591 2864 facies,
2631 2800 2703 2852 ita
2729 2807 2786 2851 ut
2807 2799 3075 2868 perfectas
3108 2803 3285 2869 spicas
3311 2804 3571 2870 praebeat.

2027 2888 2114 2942 Sic
2148 2889 2444 2943 soCumlum
2501 2890 2851 2958 Evangelium
2898 2890 3000 2942 alia
3042 2898 3187 2943 terra
3218 2893 3572 2956 tricesimum,

2025 2980 2126 3032 alia
2158 2975 2575 3048 sexagesimum,
2606 2979 2964 3034 centesimum
3014 2979 3116 3032 alia
3141 2980 3418 3048 proferet:
3451 2998 3575 3035 nam

2025 3073 2080 3126 in
2107 3070 2403 3125 Salvatoris
2427 3071 2683 3140 parabola
2723 3071 2903 3123 anima
2949 3069 3183 3124 hominis
3237 3080 3377 3125 terra
3411 3087 3573 3126 voca-

2028 3172 2132 3217 tur.
2181 3181 2198 3212 ι
2237 3160 2403 3217 Rivos
2479 3162 2596 3230 ejus
2657 3161 2896 3224 inebria,
2959 3162 3255 3230 multiplica
3304 3164 3574 3232 genimina

2027 3253 2144 3319 ejus
2196 3273 2206 3306 :
2253 3254 2307 3306 in
2361 3252 2652 3307 stillicidiis
2702 3251 2821 3318 ejus
2878 3250 3146 3303 laetabitur
3202 3253 3571 3320 germinans.»

2027 3344 2316 3414 Postquam
2338 3343 2692 3414 propheticus
2722 3357 2900 3395 sermo
2947 3342 3100 3410 signa
3137 3341 3350 3396 virtutis
3384 3342 3578 3396 Serva-

2027 3437 2160 3488 toris
2184 3435 2476 3494 recensuit,
2511 3440 2563 3486 et
2587 3448 2650 3485 ex
2697 3431 3037 3500 praescientia
3085 3428 3318 3500 Spiritus
3369 3432 3573 3496 futura,

2029 3532 2082 3574 ut
2104 3527 2218 3591 jam
2248 3536 2409 3589 opere
2439 3520 2726 3588 completa,
2765 3518 3037 3586 praevidit;
3064 3519 3336 3587 quomodo
3363 3519 3576 3573 scilicet

2024 3614 2364 3668 adversarios
2394 3610 2770 3682 prostraverit,
2796 3607 3066 3677 quomodo
3096 3617 3292 3660 terram
3321 3602 3576 3661 visitave?

2022 3708 2092 3760 rit
2118 3716 2173 3761 et
2194 3705 2559 3768 inebriaverit,
2597 3717 2704 3772 quo
2735 3709 2894 3771 pacm
2941 3696 3384 3770 multiplicaverit
3419 3698 3571 3751 locu-

2023 3800 2224 3868 pletare
2242 3813 2380 3861 eam,
2413 3795 2632 3850 ﬂumine
2660 3793 2755 3848 Dei
2797 3792 2955 3861 aquis
2984 3791 3205 3861 repleto.
3239 3788 3363 3844 Haec
3384 3788 3574 3843 vatici-

2023 3899 2203 3951 natus,
2228 3898 2281 3943 et
2309 3888 2466 3958 quasi
2498 3902 2608 3957 prae
2653 3885 2826 3940 oculis
2877 3882 3099 3957 haberet
3150 3881 3574 3949 contemplatus,

2023 3981 2087 4034 ad
2120 3995 2307 4048 preces
2335 3978 2585 4039 vertitur,
2618 3974 2837 4044 Deoque
2891 3973 3163 4042 supplicat
3214 3970 3299 4027 his
3340 3970 3569 4026 verbis:

2027 4091 2044 4122 ‹
2081 4070 2244 4124 Rivos
2273 4069 2392 4136 eju‘s
2431 4067 2664 4130 inebria,
2707 4066 3004 4134 multiplica
3046 4062 3320 4134 genimina
3366 4062 3505 4131 ejus.
3546 4081 3567 4115 ι

2020 4159 2137 4214 Rivi
2169 4158 2362 4211 animae
2388 4156 2632 4226 ejusdem
2657 4155 2938 4226 profunda:
2959 4153 3313 4222 cogitationes
3347 4151 3571 4216 fuerint,

2018 4263 2070 4307 et
2116 4251 2434 4306 abscondita
2482 4249 2777 4318 multisque
2827 4243 3001 4301 latens
3071 4243 3420 4300 conscientiae
3467 4244 3570 4306 vis,

2019 4359 2178 4415 quam
2236 4343 2330 4399 Dei
2373 4341 2596 4396 verbum
2641 4355 2740 4395 ceu
2785 4346 3025 4393 aratrum
3065 4337 3281 4391 suleans
3302 4341 3354 4387 et
3374 4334 3571 4387 immu-

2020 4453 2160 4504 tans,
2177 4429 2398 4512 planam
2425 4438 2588 4493 eﬂicit
2605 4456 2629 4491 ':
2663 4438 2940 4506 spinisque
2961 4448 3023 4487 ac
3047 4428 3318 4500 superﬂua
3345 4428 3570 4480 materia

2020 4533 2234 4596 amotis,
2269 4531 2475 4586 semina
2524 4517 2621 4583 sua
2675 4526 2864 4581 inserit
2894 4538 2908 4574 :
2940 4521 3241 4588 deindeque
3271 4516 3569 4571 rationabi-

279 4640 289 4650 '
360 4605 453 4682 καὶ
483 4605 573 4682 τόν
604 4605 731 4682 Θεὸν
758 4626 982 4680 ἱκετεύει
1018 4605 1219 4694 λέγων·
1257 4647 1276 4679 ι
1314 4629 1450 4691 Τοὺς
1483 4605 1720 4693 αὑλακας
1751 4605 1916 4701 αὐτῆς
1950 4695 1987 4707 _‘

1829 4605 1916 4701 τῆς
1950 4695 1987 4707 _‘
2022 4624 2161 4678 libus
2192 4620 2408 4675 ﬂuentis
2453 4619 2708 4688 irrigans,
2755 4614 2926 4707 ipsam
2972 4608 3232 4707 inebriat.
3268 4605 3453 4707 “Quare
3484 4605 3567 4706 αξ.-

364 4719 609 4788 μέθυσον,
642 4720 737 4774 καὶ
773 4717 1036 4789 πλήθυνον
1077 4718 1146 4771 τά
1185 4722 1495 4791 γεννήματα
1533 4722 1716 4793 αὑτῆς.
1759 4744 1776 4774 ι
1809 4695 1916 4776 Λῦ-
1949 4695 1991 4748 ι)
2021 4723 2102 4770 ctu

1830 4695 1916 4776 ιύ-
1949 4695 1991 4748 ι)
2021 4723 2166 4770 enim
2203 4720 2286 4766 est
2326 4729 2339 4764 :
2380 4728 2398 4760 ι
2435 4709 2602 4763 Rivos
2643 4706 2761 4775 ejus
2813 4701 3040 4762 inebria,
3072 4697 3372 4768 multiplica
3417 4695 3568 4793 geni-

359 4808 520 4872 λακες
545 4810 600 4862 δέ
628 4809 802 4879 ψυχῆς
830 4805 937 4862 εἷεν
982 4808 1046 4861 ἂν
1081 4809 1130 4860 οἱ
1178 4810 1316 4862 κατὰ
1357 4809 1550 4878 βάθους
1579 4812 1743 4881 αὑτῆς
1775 4813 1914 4882 λογι-

359 4901 506 4970 σμοὶ,
537 4901 629 4954 καὶ
654 4901 753 4970 τῆς
780 4900 1125 4970 συνειδήσεως
1153 4898 1322 4970 αὑτῆς
1359 4902 1392 4970 ἠ
1421 4901 1644 4970 κρύφιος
1671 4903 1764 4954 καὶ
1791 4906 1914 4968 τοὺς

359 4989 582 5053 ⁶ειέολλοὺς
625 4991 952 5046 λανθάνουσα
991 4991 1234 5062 δύναμις,
1269 4990 1334 5060 ἢν
1375 4994 1403 5044 0
1449 4992 1541 5045 τοῦ
1589 4993 1722 5046 Θεοῦ
1762 4994 1914 5061 λόγος

359 5083 586 5153 ἀρότρου
639 5084 792 5156 δίκην
844 5085 1152 5155 ἀνατέμνων
1202 5086 1293 5140 καὶ
1350 5084 1720 5154 μεταϐάλλων,
1776 5086 1914 5138 λεῖον

358 5175 745 5248 ἀπεργάζεται·
806 5176 1067 5247 περιελών
1114 5193 1171 5229 τε
1217 5175 1315 5239 τὰς
1360 5174 1625 5238 ἀκάνθας,
1678 5176 1770 5229 καὶ
1816 5178 1916 5248 τὴν

360 5267 616 5340 περιττὴν
642 5265 790 5338 ὕλην,
830 5266 1066 5337 ἐντίθησι
1101 5265 1167 5320 τά
1205 5264 1393 5320 ἐαυτοῦ
1442 5266 1724 5335 σπέρματα
1751 5282 1765 5295 ·
1800 5261 1915 5319 εἶτα

359 5365 468 5424 τοῖς
498 5359 730 5426 λογικοῖς
754 5358 984 5429 νάμασιν
1012 5357 1269 5429 ἀρδεύων,
1307 5356 1562 5427 μεθύσκει
1594 5354 1777 5426 αὑτήν.
1825 5356 1916 5408 Διὸ

360 5451 633 5504 λέλεκται·
673 5468 690 5499 ι
733 5449 869 5511 Τοὺς
895 5447 1130 5522 αὔλακας
1158 5449 1325 5518 αὐτῆς
1364 5448 1612 5518 μέθυσον,
1649 5447 1739 5500 καὶ
1781 5445 1914 5516 πλή-

2020 4806 2166 4860 mina
2199 4803 2337 4871 ejus.
2375 4821 2393 4853 ι
2431 4799 2625 4853 Postea
2663 4810 2787 4849 vero
2816 4794 2962 4848 illius
2989 4791 3110 4844 loco
3143 4809 3155 4843 :
3198 4806 3216 4838 ι
3253 4787 3310 4841 ln
3357 4777 3569 4842 stillici-

2020 4897 2125 4950 diis
2181 4895 2300 4962 ejus
2355 4888 2620 4944 laetabitur
2660 4884 2990 4956 germinans,
3032 4900 3049 4931 ι
3095 4877 3449 4977 Symmachus
3485 4875 3567 4929 sic

2017 4987 2210 5042 habet:
2237 5002 2254 5033 ι
2283 4981 2455 5036 Stillis
2470 4980 2587 5049 ejus
2611 4978 2855 5033 emollies
2874 4976 3044 5045 ipsam
3068 4982 3120 5026 et
3136 4983 3352 5042 germen
3367 4976 3506 5035 ejus.
3539 4984 3560 5017 ι

2019 5078 2084 5132 Ει
2133 5077 2246 5130 haec
2293 5073 2475 5128 omnia
2518 5068 2792 5125 visitantis
2844 5063 3142 5120 Ecclesiam
3203 5074 3354 5115 suam
3411 5057 3563 5125 signa

2017 5176 2144 5226 sunt
2180 5187 2192 5221 :
2226 5181 2345 5235 quae
2377 5178 2507 5218 sane
2549 5162 2678 5216 olim
2738 5155 3115 5230 prwnuntiata,
3139 5165 3247 5204 non
3271 5147 3376 5200 alio
3404 5146 3561 5201 modo

2016 5273 2175 5330 quam
2224 5271 2319 5326 per
2349 5253 2654 5309 Servatoris
2708 5246 2880 5303 nostri
2962 5244 3249 5299 adventum
3298 5237 3560 5305 completa

2015 5357 2141 5406 sunt
2175 5367 2187 5402 :
2223 5362 2315 5417 per
2339 5361 2498 5416 quem
2542 5343 2632 5412 qui
2659 5343 2778 5410 ejus
2821 5337 2992 5408 gratia
3033 5330 3238 5401 dignati
3275 5335 3422 5389 sunt,
3455 5342 3561 5379 cce-

2013 5443 2166 5497 lestia
2191 5438 2396 5495 semina
2424 5438 2479 5491 in
2509 5432 2803 5489 animabus
2827 5428 2942 5484 suis
2991 5421 3341 5490 excipientes,
3371 5417 3557 5470 uberes

361 5543 515 5597 Θυνον
557 5540 625 5594 τὰ
677 5504 985 5609 γεννήματα
1023 5504 1208 5609 αὑτῆς.
1247 5504 1425 5592 ι’έῖτα
1469 5504 1729 5593 άντὶΙτοῦ·
1758 5556 1776 5587 ι
1827 5504 1912 5590 ’έν
2006 5535 2096 5588 Iru

1827 5504 1912 5590 ’έν
2006 5535 2223 5588 Iructus
2268 5528 2587 5599 proferunt;
2640 5523 2730 5577 alii
2794 5532 2985 5588 nempe
3035 5513 3412 5609 centesimum,
3471 5504 3559 5604 alii

358 5635 475 5694 ταῖς
509 5629 756 5697 σταγόσιν
792 5626 960 5696 αὐτῆς
999 5626 1418 5698 εὐφρανθήσεται
1453 5626 1807 5681 ἀνατέλλουσα
1829 5642 1840 5654 ·
1885 5646 1901 5676 ι

361 5721 499 5773 κατά
525 5722 612 5775 τὸν
647 5719 952 5790 Σύμμαχον·
985 5736 1002 5769 ι
1042 5718 1170 5780 Ταῖς
1213 5716 1440 5786 ψεκάσιν
1490 5718 1657 5788 αὐτῆς
1703 5716 1908 5787 χαυνω-

433 5897 478 5927 ³⁸
501 5895 653 5951 Joun.
683 5911 781 5963 vn,
805 5899 891 5962 38,
920 5893 1007 5950 '59.
1085 5890 1316 5948 ".Joan.
1348 5907 1386 5953 ι,
1421 5890 1509 5948 l6.

2015 5595 2434 5693 sexagesimum,
2467 5619 2556 5689 alii
2611 5615 2963 5668 tricesimum.
3016 5603 3272 5693 Quisquis
3322 5609 3447 5650 vero
3503 5611 3561 5693 in

2013 5714 2107 5770 Dei
2135 5681 2377 5769 Ecclesia
2423 5681 2668 5766 diversos
2719 5715 2908 5759 eorum
2953 5695 3046 5767 qui
3073 5694 3129 5748 in
3150 5689 3364 5747 Christo
3397 5681 3562 5752 proli-
