4402 6408
921 501 1030 558 αδ
1615 499 1882 555 EUSEBH
1921 495 2395 554 CASARIENSIS
2433 495 2580 552 OPP.
2619 489 2915 551 PABS'III.
2960 526 3030 538 —-
3065 494 3472 552 EXEGETICA.
4060 499 4175 555 εει

920 624 1074 676 ciunt
1097 620 1313 674 ordines
1336 620 1623 688 conspicit,
1657 620 1704 673 is
1735 635 1924 674 eorum
1958 633 2078 686 qua:
2129 617 2185 670 in
2225 617 2481 671 vaticinio
2512 626 2555 677 Α
2585 633 2658 670 σει

2435 617 2481 669 io
2512 626 2555 677 Α
2585 633 2699 679 σεις
2731 617 2898 688 αὐτὴν
2929 618 3020 670 καὶ
3063 617 3121 669 τὸ
3171 616 3452 687 βλάστημα
3499 617 3688 688 αὐτῆς,
3723 638 3743 670 ι
3770 619 4004 694 εἴρηται.
4054 622 4173 675 Καὶ

923 710 1172 765 feruntur
1200 711 1494 763 ubertatem
1533 710 1698 776 probe
1741 719 2054 778 cognoscet.
2589 708 2661 760 πά

2589 708 2762 761 πάντα
2799 708 2854 760 δὲ
2881 708 3052 760 ταῦτα
3087 711 3284 778 σημεῖα
3325 710 3577 778 τυγχάνει
3601 711 3694 763 τοῦ
3726 711 4169 782 ἐπισκεψαμένου

921 802 1376 873 τὴνἙκκλησίαν
1434 800 1624 852 αὑτοῦ·
1680 799 1714 852 ἀ
1760 800 1823 870 δὴ
1877 800 2042 852 πάλαι
2089 798 2452 872 προλεχθέντα
2489 799 2595 850 οὐδ’
2622 799 2794 861 ἄλλως
2831 793 2909 861 εἰς
2949 800 3084 869 ἔργα
3138 798 3513 870 κεγῶρηκενῆ
3560 800 3647 853 διὰ
3692 801 3792 871 τῆς
3821 802 3914 854 τοῦ
3981 803 4170 874 Σωτῆ-

923 909 1015 965 ρος
1059 893 1211 961 ἡμῶν
1247 893 1594 960 ἐπιφανείας·
1641 893 1704 944 δι’
1747 889 1816 961 ἧς
1863 896 1909 944 οἱ
1961 892 2355 962 κατηξιωμένοι
2400 892 2500 960 τῆς
2540 891 2703 943 αὑτοῦ
2733 893 2972 962 χάριτος,
3009 892 3076 944 τὰ
3107 892 3164 956 ἐξ
3203 891 3446 960 οὐρανῶν
3476 891 3764 964 σπέρματα
3831 897 3946 957 ταῖς
3985 894 4170 947 αὐτῶν

918 985 1114 1055 ψυχαῖς
1162 985 1583 1052 ἀποδεξάμενοι,
1636 987 1879 1056 καρποὺς
1931 986 2173 1049 εὐθαλεῖς
2227 987 2584 1056 παρέχουσιν·
2622 989 2669 1038 οἱ
2740 987 2836 1056 μὲν
2869 993 2910 1056 ρ’
2973 986 3282 1049 ποιοῦντες,
3327 989 3374 1038 οἱ
3408 985 3465 1039 δὲ
3509 987 3572 1052 ξ’,
3611 987 3738 1040 οίδέ
3771 989 3834 1042 λ’.
3869 988 4041 1058 Ὀρῶν
4106 989 4168 1042 δέ

918 1093 1000 1136 τις
1033 1079 1088 1126 ὲν
1135 1078 1198 1144 τῇ
1246 1075 1536 1144 Ἐκκλησία
1577 1076 1669 1127 τοῦ
1708 1075 1842 1127 Θεοῦ
1908 1076 1973 1127 τά
2019 1077 2248 1147 διάφορα
2295 1076 2549 1146 τάγματα
2614 1077 2721 1130 τῶν
2777 1080 2833 1130 ἐν
2890 1077 3107 1148 Χριστῷ
3155 1077 3600 1148 προκοπτόντων,
3661 1077 3757 1149 τὴν
3813 1070 4168 1151 παγκαρπίαν

916 1168 1118 1221 εἵσεται
1144 1167 1251 1218 τῶν
1273 1167 1358 1218 διὰ
1382 1168 1479 1235 τῆς
1508 1167 1872 1238 προκειμένης
1894 1169 2228 1237 προφητείας
2256 1167 2678 1238 θεσπιζοίνένων.

989 1285 1151 1343 Vens.
1178 1290 1259 1351 19.,
1283 1291 1363 1343 Μ.
1390 1311 1407 1342 ι
1433 1291 1724 1348 Benedices
1747 1307 1964 1346 corona:
1980 1292 2109 1345 anni
2132 1292 2480 1361 benignitatis

916 1385 1038 1440 ture,
1065 1389 1117 1432 et
1141 1383 1316 1450 campi
1349 1383 1424 1435 tui
1477 1384 1832 1452 replebuntur
1865 1383 2134 1438 ubertate.
2181 1404 2198 1434 ›
2243 1383 2380 1448 Quia
2414 1385 2478 1438 ad

917 1471 1321 1540 pmdicandum
1359 1487 1560 1526 annum
1617 1472 1709 1526 Dei
1760 1474 2173 1543 acceptabilem,
2225 1481 2278 1527 et
2335 1474 2477 1528 diem

917 1560 1310 1622 retributionis,
1355 1562 1567 1616 venisse
1609 1560 1866 1616 Servator
1905 1563 2128 1626 dicitur,
2176 1565 2475 1617 secundum

916 1648 1253 1718 Scripturam
1278 1669 1340 1704 ex
1367 1654 1486 1719 ejus
1509 1667 1746 1722 persona
1767 1655 1846 1708 sic
1880 1653 2188 1722 loquentem
2213 1669 2223 1703 :
2259 1672 2276 1704 ι
2308 1653 2476 1722 Spiri-

913 1751 1001 1798 tus
1021 1743 1228 1796 Domini
1256 1761 1418 1814 super
1447 1762 1551 1807 me,
1577 1761 1642 1798 eo
1665 1745 1810 1814 quod
1833 1745 2051 1798 unxerit
2088 1751 2172 1799 me
2207 1765 2217 1798 :
2250 1759 2480 1814 evange-

914 1833 1080 1888 lizare
1104 1836 1434 1903 pauperibus
1464 1836 1612 1889 misit
1654 1851 1771 1901 me;
1804 1835 2098 1908 praedicare
2138 1835 2365 1910 captivis
2403 1833 2481 1886 di-

913 1926 1252 1988 missionem,
1286 1935 1338 1979 et
1393 1931 1552 1980 caecis
1600 1927 1751 1982 visus
1796 1928 2231 1992 restitutionem;
2282 1942 2478 1980 vocare

910 2032 1111 2070 annum
1163 2016 1374 2071 Domini
1433 2019 1842 2089 acceptabilem,
1881 2027 1936 2073 et
1976 2018 2118 2073 diem
2163 2019 2477 2078 retributio-

908 2111 1081 2175 nis“;
1099 2132 1115 2159 ι
1133 2111 1255 2183 jure
1273 2111 1361 2167 hic
1380 2109 1754 2167 retributionis
1773 2110 1913 2166 diem
1936 2111 2159 2165 indicat.
2182 2110 2275 2167 Est
2295 2123 2475 2166 autem

910 2201 998 2254 illa
1039 2202 1278 2273 futurum
1336 2203 1615 2268 sazculum,
1647 2203 1791 2272 quod
1840 2211 1963 2272 post
2008 2204 2296 2278 prasentis
2348 2219 2476 2258 con-

907 2301 1324 2352 Bummationem
1351 2297 1546 2348 veniet.
1579 2293 1733 2348 lllum
1755 2296 1939 2364 itaque
1967 2311 2172 2350 annum
2199 2296 2357 2366 quasi
2383 2312 2475 2350 co-

907 2400 1041 2438 rona
1082 2387 1349 2456 novisque
1390 2402 1453 2440 ac
1492 2388 1758 2456 speciosis
1784 2388 2030 2451 lloribus,
2068 2389 2158 2458 qui
2183 2391 2240 2442 in
2267 2405 2332 2443 eo
2357 2405 2476 2444 ver-

908 2477 1077 2530 saturi
1125 2485 1272 2540 sunt,
1319 2478 1651 2540 ornandum,
1708 2495 1889 2532 sermo
1932 2495 2173 2549 praesens
2209 2482 2472 2535 vaticina-

908 2575 996 2621 tur
1041 2567 1227 2622 dicens
1263 2583 1275 2618 :
1321 2585 1338 2618 ι
1376 2567 1672 2623 Benedices
1720 2585 1936 2624 corona:
1963 2572 2090 2624 anni
2124 2571 2473 2642 benignitatis

907 2670 1032 2715 tuae.
1064 2683 1081 2714 ›
1105 2662 1235 2716 Nam
1271 2663 1358 2718 ille
1389 2663 1557 2720 futuri
1589 2665 1772 2720 saeculi
1799 2682 1995 2729 annus,
2033 2683 2157 2721 cum
2192 2670 2262 2722 sit
2295 2685 2472 2725 annus

906 2755 1253 2825 benignitatis
1289 2756 1403 2820 Dei,
1438 2760 1774 2813 benedictam
1807 2775 2064 2814 coronam
2111 2761 2348 2825 habebit,
2387 2772 2471 2815 to-

905 2855 1016 2900 tum
1039 2864 1228 2918 nempe
1248 2862 1560 2908 sanctorum
1587 2854 1835 2905 chorum.
1864 2851 2036 2918 Quam
2062 2869 2321 2907 coronant
2347 2869 2469 2908 cum

903 2940 1259 3002 benedixerit.
1297 2943 1534 3011 imponet
1557 2944 1656 2997 sibi
1689 2942 1942 2998 Christus
1968 2943 2082 3003 Dei,
2107 2960 2294 2999 eorum
2327 2947 2472 3012 agri-

903 3037 1131 3094 cultura:
1160 3034 1387 3094 ﬂoribus
1421 3036 1731 3093 decoratus.
1776 3035 1881 3091 Sed
1916 3037 2081 3091 etiam
2115 3037 2231 3105 ipse
2254 3053 2470 3092 eorum-

901 3128 1022 3186 dem
1053 3141 1254 3180 corona
1279 3127 1382 3183 erit
1431 3126 1731 3187 secundum
1774 3127 1972 3180 Isaiam
2003 3127 2082 3181 Sic
2120 3129 2426 3195 loquentem
2453 3147 2463 3178 :

907 3231 926 3264 t
970 3211 1035 3267 Et
1064 3216 1167 3268 erit
1199 3212 1464 3271 Dominus
1519 3213 1758 3272 Sabaoth
1807 3229 2010 3268 corona
2053 3216 2256 3284 gloriae.
2316 3213 2469 3267 Tunc

2661 1311 2678 1341 ‹
2727 1291 3057 1361 Εὑλογήσεις
3082 1290 3170 1343 τὸν
3200 1290 3458 1358 στέφανον
3497 1290 3591 1343 τοῦ
3625 1290 3868 1343 ἐνιαυτοῦ
3903 1291 3998 1362 τῆς
4027 1309 4164 1363 χρη-

2583 1380 2833 1449 στότητός
2873 1398 2986 1443 σου,
3019 1380 3111 1431 καὶ
3142 1380 3208 1432 τὰ
3241 1379 3397 1432 πεδία
3445 1397 3539 1432 σου
3573 1378 3941 1450 πλησθήσεται
3972 1381 4162 1454 πιότη-

2580 1490 2685 1534 τος.
2737 1491 2754 1522 ι
2795 1471 3007 1542 Ἐπειδὴ
3038 1471 3270 1540 κηρῦξαι
3318 1471 3559 1522 ἐνιαυτὸν
3596 1471 3801 1540 Κυρίου
3828 1470 4035 1536 δεκτὺν,
4068 1474 4163 1527 καὶ

2578 1563 2787 1633 ἡμέραν
2834 1562 3239 1624 ἀνταποδόσεως
3281 1560 3594 1634 ἐληλυθέναι
3638 1561 3850 1628 λέγεται
3884 1562 3912 1613 ό
3947 1563 4160 1636 Σωτὴρ,

2580 1652 2718 1709 κατά
2754 1653 2853 1728 την
2909 1655 3220 1720 φάσκουσαν
3259 1651 3317 1718 ἐξ
3363 1650 3524 1706 αὑτοῦ
3576 1651 3866 1721 προσώπου
3901 1652 4154 1727 Γραφήν·

2583 1761 2598 1791 ι
2634 1740 2856 1812 Πνεῦμα
2906 1741 3110 1812 Κυρίου
3157 1741 3240 1791 ἐπ’
3285 1741 3406 1810 ἐμὲ,
3459 1732 3519 1792 οὗ
3572 1741 3775 1794 εῐνεκεν
3818 1740 4002 1812 ἐχρισέ
4050 1759 4154 1814 με·

2576 1833 3027 1902 εὐαγγελίσασθαι
3095 1835 3325 1903 πτωχοῖς
3388 1832 3693 1886 ἀπέσταλκε
3759 1850 3859 1903 με·
3925 1832 4158 1904 κηρῦξαι

2515 1955 2554 2007 Β
2583 1922 2944 1994 αἰχμαλώτοις
2976 1924 3167 1991 ἄφεσιν
3197 1925 3290 1975 καὶ
3331 1923 3547 1992 τυφλοῖς
3575 1921 3866 1992 ἀνάϐλεψιν
3886 1941 3899 1953 ·
3931 1924 4158 1978 καλέσαι

2580 2016 2819 2068 ἐνιαυτὸν
2843 2016 3048 2086 Κυρίου
3067 2016 3271 2077 δεκτὸν,
3309 2019 3399 2069 καὶ
3425 2016 3640 2086 ἡμέραν
3663 2015 4067 2078 ἀνταποδόσεως
4088 2034 4099 2045 ·
4129 2036 4150 2066 ι

2577 2112 2798 2173 εἰκότως
2838 2111 2931 2162 καὶ
2959 2109 3188 2162 ἐνταῦθα
3215 2109 3310 2180 τὴν
3335 2102 3546 2181 ἡμέραν
3574 2109 3828 2179 σημαίνει
3871 2107 3970 2179 τῆς
3997 2113 4161 2163 ἀντα-

2580 2204 2864 2266 ποδόσεως.
2893 2203 3046 2255 Ἐστι
3072 2203 3128 2255 δέ
3154 2201 3290 2274 αὕτη
3315 2206 3342 2256 ό
3365 2203 3572 2273 μέλλων
3604 2201 3994 2272 ἐπιστήσεσθαι
4023 2201 4157 2254 αἰὼν

2581 2295 2716 2363 μετὰ
2752 2294 2850 2363 τὴν
2889 2294 2984 2346 τοῦ
3024 2295 3316 2357 ἐνεστῶτος
3360 2293 3684 2346 συντέλειαν.
3723 2293 3955 2346 Ἐκεῖνον
3980 2292 4156 2346 τοίνυν

2575 2387 2664 2439 τὸν
2699 2388 2939 2439 ἐνιαυτὸν
2963 2386 3151 2455 ὥσπερ
3183 2385 3430 2456 στεφάνῳ
3469 2385 3910 2455 κοσμηθήσεσθαι
3932 2384 4019 2438 διὰ
4047 2384 4157 2438 τῶν

2575 2477 2781 2544 νεαρῶν
2816 2480 2907 2530 καὶ
2951 2477 3168 2547 ὡραίων
3217 2475 3394 2530 ἀνθῶν
3425 2477 3532 2528 τῶν
3568 2477 3866 2545 μελλόντων
3909 2477 3964 2528 ἐν
4005 2468 4156 2547 αὐτῷ

2576 2567 2989 2633 πολιτεύεσθαι,
3047 2568 3106 2620 τὸ
3161 2567 3331 2638 παρὸν
3384 2566 3625 2630 θεσπίζει
3681 2567 3859 2636 λόγιον
3915 2567 4152 2636 φάσκον·

2580 2680 2596 2710 ι
2639 2660 2964 2730 Εὑλογήσεις
2992 2660 3081 2712 τὸν
3112 2660 3372 2729 στέφανον
3410 2660 3501 2712 τοῦ
3533 2659 3777 2713 ἐνιαυτοῦ
3801 2659 3896 2730 τῆς
3923 2659 4156 2730 χρηστό-

2572 2756 2731 2826 τητός
2771 2773 2885 2809 σου.
2931 2775 2948 2805 ι
2997 2756 3054 2808 Ὀ
3086 2755 3192 2827 γὰρ
3227 2754 3469 2817 ἐνιαυτὸς
3513 2756 3717 2816 ἐκεῖνος
3752 2756 3780 2805 ό
3811 2752 3902 2810 τοῦ
3937 2752 4158 2823 μέλλον-

2571 2865 2660 2912 τος
2685 2848 2898 2910 αίῶνος,
2933 2848 3296 2919 χρηστότητος
3328 2845 3402 2900 ῶν
3435 2846 3590 2910 Θεοῦ,
3627 2847 3885 2914 στέφανον
3918 2845 4028 2910 ἕξει
4055 2845 4146 2912 ηὗ-

2571 2939 2865 3010 λογημένον
2889 2979 2901 3002 ,
2960 2939 3247 3008 σύμπαντα
3315 2939 3470 3010 χορὸν
3518 2938 3625 2990 τῶν
3688 2939 3876 3006 άγίων.
3899 2932 3906 2942 ’
3931 2939 4156 2999 Ὀντινα

2573 3018 2859 3099 στέφανον’,
2913 3031 3242 3101 εὐλογήσας,
3290 3029 3642 3101 περιθήσεται
3695 3033 3723 3084 ὁ
3777 3031 4012 3104 Χριστὸς
4057 3029 4156 3083 τοῦ

2571 3120 2725 3181 Θεοῦ,
2751 3125 2863 3185 τοῖς
2885 3121 2982 3188 τῆς
3009 3119 3187 3172 αὐτῶν
3208 3119 3480 3190 γεωργίας
3509 3120 3722 3173 ἄνθεσιν
3761 3121 4152 3191 ὠραῖζόμενος,

2584 3212 2740 3263 ’Λλλά
2763 3214 2855 3268 καὶ
2879 3212 3038 3288 αὐτὸς
3075 3209 3254 3271 αὐτῶν
3278 3212 3563 3285 γενήσεται
3602 3211 3862 3280 στέφανος
3893 3213 4033 3266 κατὰ
4059 3213 4156 3273 τὸν

900 3305 1080 3378 campi
1113 3305 1205 3360 Dei
1243 3307 1601 3380 replebuntur
1627 3307 1895 3371 ubertate,
1931 3315 1986 3360 et
2024 3315 2236 3361 montes
2268 3306 2464 3360 deserti
2497 3323 2537 3376 ε
2584 3303 2638 3354 'll

2417 3307 2464 3358 'ti
2497 3323 2537 3376 ε
2584 3303 2806 3355 Ἡσαΐαν
2831 3305 3103 3373 φήσαντα·
3132 3321 3148 3351 ι
3174 3303 3282 3354 Καὶ
3317 3302 3464 3356 ἐσται
3496 3303 3694 3371 Κύριος
3725 3303 3951 3357 Σαϐαὼθ
3975 3305 4155 3370 ὀστέ’

901 3406 1030 3451 tunc
1065 3399 1416 3467 pinguescent
1441 3399 1508 3452 δι.
1553 3418 1570 3450 ›
1606 3399 1684 3452 Ad
1727 3399 1839 3453 hate
1883 3402 2048 3454 etiam
2084 3407 2212 3453 tunc
2245 3416 2262 3449 ι
2300 3400 2466 3453 colles

897 3489 1258 3546 exsultatione
1277 3491 1647 3561 accingentur.
1678 3510 1695 3544 ι
1723 3491 1925 3551 Praeter
1942 3493 2054 3547 hac
2079 3501 2260 3546 autem
2281 3493 2465 3576 ognruia

899 3579 1336 3656 arietesgovium
1394 3581 1618 3650 preprio
1688 3582 1886 3637 vellere
1959 3583 2284 3644 induentur.
2341 3579 2466 3635 Haec

899 3686 1064 3740 porro
1092 3671 1379 3743 intelliges,
1410 3672 1455 3728 si
1480 3688 1665 3726 eorum
1692 3673 1784 3742 qui
1817 3673 2044 3728 salutem
2073 3675 2467 3728 nanciscuutur

897 3758 1215 3816 discrimina
1269 3770 1446 3814 tecum
1503 3771 1740 3836 reputes.
1801 3759 2043 3828 Quorum
2102 3763 2194 3819 alii
2247 3763 2465 3833 quidem

896 3851 1299 3918 Comparatioue
1336 3855 1773 3924 pratstantiorum
1806 3853 1962 3922 quasi
1999 3852 2254 3908 inferiore
2293 3853 2464 3924 gradu

897 3941 1022 3993 vitae
1053 3941 1386 4004 incedentes,
1423 3943 1711 4012 allegorice
1764 3945 1943 4014 campi
1976 3942 2069 3998 Dei
2107 3944 2352 3999 ubertate
2383 3963 2468 3999 re-

900 4031 1025 4099 pleti
1072 4032 1246 4083 vocati
1290 4041 1446 4098 sunt;
1489 4048 1659 4109 quare
1701 4033 1908 4088 dictum
1962 4043 2084 4089 est:
2119 4054 2134 4086 ι
2167 4035 2355 4105 Campi
2389 4036 2466 4088 tui

899 4122 1248 4191 replebunlur
1277 4119 1558 4190 ubertate;
1599 4146 1617 4177 ι
1656 4127 1746 4180 alii
1780 4143 1906 4182 vero
1934 4129 2102 4182 variis
2145 4129 2257 4197 jam
2290 4131 2464 4183 virtu-

896 4212 1044 4267 tibus
1074 4211 1350 4277 ﬂorentes,
1375 4222 1587 4267 montes
1612 4211 1864 4270 Ecclesia:
1890 4220 2044 4288 prius
2066 4219 2296 4274 desertae
2323 4235 2462 4273 nun-

896 4307 1074 4376 eupati
1106 4315 1251 4360 sunt.
1282 4304 1382 4372 Qui
1412 4314 1463 4359 ct
1495 4307 1595 4381 ipsi
1627 4308 1858 4361 ubertim
1881 4310 2089 4380 irrigati
2117 4327 2144 4362 a
2169 4321 2468 4364 memorato

897 4399 1137 4460 ﬂumine,
1159 4399 1484 4468 pinguedine
1507 4401 1745 4469 replendi
1764 4401 2052 4464 dicuntur;
2071 4401 2164 4456 sed
2183 4402 2346 4456 etiam
2364 4403 2467 4456 co!-

898 4490 975 4542 l'es
994 4489 1060 4541 iis
1078 4505 1290 4558 quoque
1309 4490 1674 4552 sublimiores,
1697 4491 1774 4546 sic
1791 4491 1998 4562 tropice
2013 4492 2209 4552 vocati,
2228 4491 2468 4545 exsulta-

895 4579 1042 4639 tione
1058 4580 1431 4650 accingentur.
1452 4580 1514 4633 Et
1538 4582 1586 4634 hi
1607 4582 1823 4654 quidem
1846 4591 1956 4638 tres
1974 4582 2193 4637 ordines
2212 4584 2264 4636 in
2285 4583 2466 4640 futuro

2571 3413 2731 3464 φανός
2755 3396 2849 3464 τῆς
2875 3394 3050 3462 δόξης.
3087 3395 3216 3447 Τότε
3247 3395 3303 3447 δὲ
3333 3396 3426 3456 καὶ
3454 3395 3521 3447 τὰ
3543 3395 3699 3449 πεδία
3731 3396 3824 3450 τοῦ
3858 3396 3993 3450 Θεοῦ
4027 3396 4158 3468 πλη-

2571 3486 2824 3560 σθήσεται
2858 3487 3131 3556 πιότητος,
3177 3488 3270 3542 καὶ
3308 3487 3376 3551 τὰ
3409 3487 3538 3560 ὄρεα
3576 3488 3630 3540 δὲ
3666 3489 3765 3558 τῆς
3799 3489 4007 3560 ἐρήμου
4030 3489 4154 3552 τότε

2568 3579 2939 3655 πιανθήσεται.
2955 3579 3104 3630 »Ἔτι
3131 3578 3236 3648 μὴν
3258 3580 3350 3635 καὶ
3370 3597 3387 3628 ι
3411 3581 3460 3631 οἱ
3485 3580 3659 3647 βουνοὶ
3685 3598 3702 3629 ι
3721 3579 3839 3631 τότε
3859 3598 3876 3629 t
3903 3578 4160 3647 ἀγαλλία-

2569 3689 2652 3724 σιν
2687 3669 3099 3742 περιξώσονται.
3128 3689 3145 3720 ι
3168 3671 3277 3723 Καὶ
3306 3671 3441 3740 πρὸς
3467 3670 3673 3734 τούτοις
3703 3669 3904 3724 ἅπασιν
3927 3673 3977 3723 οί
4009 3673 4157 3744 κριοὶ2

2569 3765 2675 3817 τῶν
2710 3763 2996 3832 προϐάτων
3023 3764 3149 3825 τοὺς
3167 3761 3328 3824 ἰδίους
3354 3762 3660 3815 ἐνδύσονται
3679 3763 3896 3827 πόκους.
3921 3764 4156 3837 Νοήσεις

2567 3856 2622 3908 δὲ
2655 3854 2841 3917 ταῦτα,
2865 3855 2960 3932 τὴν
2994 3853 3253 3925 διαφοράν
3298 3853 3625 3924 ὑποθέμενος
3651 3856 3826 3927 ἐαυτῷ
3850 3856 3960 3910 τῶν
3985 3858 4158 3924 σωζο-

2572 3950 2768 4018 μένων·
2801 3941 2875 4000 ὧν
2904 3950 2951 4000 οί
2981 3948 3098 4017 μὲν,
3131 3947 3206 4008 ὡς
3235 3949 3318 4000 ,ἐν
3345 3946 3641 4018 παραθέσει
3688 3947 3797 4002 τῶν
3831 3951 4159 4021 κρειττόνων

2569 4041 2656 4092 τὸν
2711 4039 2823 4108 βίον
2865 4039 3304 4114 ὑποϐεϐηκότες,
3365 4039 3706 4110 ἀλληγορικῷ
3761 4041 3944 4118 τρόπῳ
3994 4043 4158 4106 πεδία

2568 4128 2701 4182 Θεοῦ
2730 4121 3247 4202 προσηγορεύθησαν
3278 4131 3529 4200 πιότητος
3561 4131 3929 4202 πληρούμενα·
3961 4131 4042 4186 διὸ
4068 4133 4156 4186 λέ-

2568 4222 2772 4275 λεκται·
2810 4240 2828 4272 ι
2848 4221 2927 4275 Τὰ
2951 4223 3108 4278 πεδία
3135 4240 3226 4276 σου
3263 4222 3630 4294 πλησθήσεται
3662 4226 3968 4296 πιότητος»
4002 4225 4053 4277 οἱ
4095 4225 4156 4278 δέ

2569 4315 2666 4385 ήδη
2701 4317 2757 4367 ἐν
2782 4315 3054 4386 διαφόροις
3090 4315 3312 4386 ἀρεταῖς
3369 4315 3654 4380 ἀνθοῦντες
3682 4317 3812 4389 ὄρεα
3865 4319 3966 4388 τῆς
4023 4319 4155 4389 πρὶν

2569 4408 2771 4476 ἐρήμου
2806 4408 3126 4476 Ἐκκλησίας
3154 4408 3564 4478 ὠνομάσθησαν·
3585 4411 3655 4473 οῖ,
3691 4411 3783 4464 καὶ
3813 4411 3970 4465 αὐτοὶ
3994 4410 4157 4466 πλους

2571 4498 2700 4560 σίως
2728 4499 3012 4570 ἀρδόμενοι
3047 4501 3108 4552 ἐκ
3144 4502 3235 4560 τοῦ
3264 4502 3591 4584 δηλωθέντος
3622 4504 3890 4574 ποταμοῦ,
3926 4505 4158 4574 πιανθή-

2571 4591 2754 4644 σεσθαι
2801 4591 3064 4660 λέγονται·
3101 4593 3234 4650 ἀλλὰ
3291 4595 3385 4647 καὶ
3417 4596 3464 4646 οἱ
3496 4594 3575 4646 ἔτι
3599 4594 3801 4648 τούτων
3829 4594 4154 4666 ὑψηλότεροι

896 4671 1244 4747 benignitatis
1265 4674 1352 4725 Dei
1371 4689 1515 4726 anno
1533 4674 1920 4728 beatitudinem
1938 4682 2339 4742 consequentur
2356 4693 2368 4726 :
2385 4671 2475 4741 qui
2512 4691 2553 4747 ο
2583 4681 2634 4749 βο

2424 4671 2475 4725 ui
2512 4691 2553 4747 ι)
2583 4681 2759 4749 βουνοί
2785 4681 3057 4752 τροπικῶς
3090 4683 3411 4753 καλούμενοι
3461 4683 3778 4759 ἀγαλλίασιν
3828 4683 4155 4755 περιζώσον-

897 4763 1128 4818 fortasse
1154 4779 1218 4816 ex
1245 4778 1430 4816 eorum
1459 4781 1684 4818 numero
1704 4782 1730 4820 ει
1750 4775 1865 4828 unt,
1885 4766 1976 4835 qui
2002 4765 2238 4819 fructum
2267 4764 2467 4827 ferunt,

895 4856 986 4909 alii
1013 4856 1392 4919 centesimum,
1430 4856 1522 4909 alii
1546 4856 1967 4924 sexagesimum,
1990 4858 2081 4910 alii
2109 4859 2470 4917 tricesimum.

894 4946 998 5014 Qui
1020 4962 1147 5001 vero
1167 4962 1353 5000 eorum
1381 4944 1616 5016 prmfecti
1644 4945 1808 4999 futuri
1833 4959 1978 5012 sunt,
2008 4951 2279 5020 principes
2297 4965 2360 5005 ac
2381 4951 2478 5004 du-

895 5057 985 5094 ces
1001 5040 1219 5110 quidam
1243 5040 1503 5108 ipsorum,
1531 5040 1963 5108 praecellentibus
1983 5043 2277 5098 virtutibus
2312 5056 2472 5097 exor-

895 5133 1171 5189 nabuntur
1186 5149 1200 5196 ;
1217 5145 1383 5201 quare
1399 5129 1598 5184 dicitur
1618 5149 1660 5184 ει
1688 5130 1863 5186 lnduti
1879 5143 2006 5187 sunt
2022 5135 2218 5188 arietes
2235 5134 2436 5196 ovium,
2453 5151 2470 5183 ι

897 5241 958 5279 ac
994 5227 1039 5279 si
1079 5225 1302 5286 diceret,
1355 5243 1371 5274 ι
1397 5225 1708 5280 induentur.
1761 5247 1779 5278 ›
1822 5227 2035 5282 Arietes
2077 5237 2253 5286 autem
2290 5229 2471 5283 ovium

897 5316 1167 5385 principes
1184 5331 1245 5368 ac
1263 5317 1427 5371 duces
1443 5325 1864 5372 memoratarum
1881 5319 2155 5372 hominum
2176 5321 2466 5390 intelligas.

897 5408 990 5475 qui
1026 5408 1197 5460 induti
1231 5417 1377 5468 sunt,
1411 5409 1518 5462 imo
1544 5411 1722 5477 potius
1747 5410 2057 5465 inducatur.
2079 5409 2215 5476 Quid
2242 5411 2468 5466 induen-

900 5509 986 5550 tur
1008 5497 1354 5568 cogitandum
1381 5500 1538 5553 nobis
1565 5501 1784 5566 reliquit
1813 5520 1826 5568 ;
1870 5501 1962 5556 sed
1994 5502 2098 5555 tale
2128 5501 2285 5556 nobis
2308 5501 2465 5556 indu-

897 5595 1138 5642 meutum
1154 5587 1390 5640 declarat
1407 5587 1625 5644 divinus
1642 5589 1933 5665 Apostolus
1949 5591 2135 5646 dicens
2161 5610 2174 5645 :
2199 5611 2216 5642 ι
2237 5589 2461 5662 Oportet

901 5676 1252 5753 eorruptibile
1267 5675 1365 5734 hoc
1389 5675 1610 5733 induere
1632 5678 2090 5752 incorruptionem
2106 5682 2181 5747 ";
2220 5703 2238 5734 ι
2269 5698 2331 5738 ac
2347 5697 2460 5736 rur-

901 5783 1047 5822 sum:
1073 5787 1090 5818 ι
1114 5766 1187 5822 Eo
1206 5769 1348 5838 quod
1371 5771 1618 5828 nolumus
1634 5758 1947 5844 exspoliari.
1964 5774 2056 5830 sed
2078 5775 2453 5844 supervestiri,

971 5923 1018 5961 “
1045 5925 1145 5984 lsa.
1178 5942 1288 5994 ιιι,
1325 5928 1373 5984 Ι.
1452 5931 1492 5962 ⁵⁸
1529 5933 1629 5987 lsa.
1662 5944 1851 5998 nvm,
1892 5933 1943 5989 5.

2047 5935 2088 5964 δ’
2125 5931 2142 5985 ι
2172 5935 2292 6008 Cor.
2325 5951 2412 6003 xv,
2444 5932 2530 5990 53.

2572 4786 2680 4821 ται.
2717 4771 2822 4822 Καὶ
2846 4771 2973 4835 τρία
2998 4773 3096 4841 μέν
3146 4773 3316 4826 ταῦτα
3336 4774 3589 4844 τάγματα
3613 4773 3753 4827 κατά
3778 4773 3868 4826 τὸν
3893 4774 4157 4844 μέλλοντα

2574 4862 2818 4914 ἐνιαυτὸν
2867 4861 2967 4930 τῆς
3011 4866 3372 4935 χρηστότητος
3433 4865 3526 4918 τοῦ
3581 4864 3714 4925 Θεοῦ
3756 4864 4001 4928 τεύξεται
4053 4865 4155 4938 τῆς

2579 4953 2999 5023 μακαριότητος·
3026 4955 3164 5024 τάχα
3201 4973 3300 5009 που
3333 4957 3392 5019 ἐξ
3419 4956 3641 5010 ἐκείνων
3664 4956 3835 5019 δντες,
3860 4949 3933 5008 ῶν
3959 4957 4006 5009 οἱ
4056 4959 4157 5026 μὲν

2543 5086 2550 5092 .
2577 5043 2794 5094 ἐποίουν
2820 5049 2885 5113 ρ’,
2905 5041 2952 5094 οἱ
2983 5043 3039 5095 δὲ
3059 5043 3118 5109 ξ’,
3139 5049 3184 5099 οἱ
3213 5047 3268 5099 δέ
3285 5048 3422 5100 λ’.οί
3450 5047 3505 5099 δέ
3521 5046 3726 5109 τούτων
3740 5047 4156 5118 ἐπιστησόμενοι

2577 5133 2838 5203 ἄρχοντές
2877 5149 3021 5196 τινες
3075 5137 3167 5186 καὶ
3201 5134 3464 5205 ἡγεμόνες
3497 5135 3641 5197 τινές
3673 5133 3873 5196 αὐτῶν,
3905 5137 3962 5188 ἐν
3992 5135 4154 5189 δυνά-

2583 5241 2737 5294 μεσιν
2763 5224 3060 5296 ἐξαιρέτοις
3103 5226 3556 5296 κοσμηθήσονται·
3586 5227 3667 5278 διὸ
3685 5224 3953 5280 λέλεκται·
3991 5246 4008 5278 ι
4046 5228 4152 5281 Ἐν-

2577 5315 2828 5369 εδύσαντο
2857 5317 2904 5369 οἱ
2935 5318 3078 5388 κριοὶ
3099 5318 3206 5369 τῶν
3243 5318 3579 5389 προϐάτων-ι
3610 5319 3729 5371 ἀντὶ
3760 5317 3873 5371 τοῦ·
3907 5339 3924 5369 ι
3971 5319 4151 5372 Ἐνδύς

2578 5425 2810 5462 σονται.»
2847 5411 3049 5480 Κριοὺς
3104 5410 3161 5463 δέ
3210 5412 3496 5483 προϐάτων
3547 5413 3672 5476 τοὺς
3713 5411 3980 5483 ἄρχοντας
4032 5413 4156 5478 τοὺς

2572 5503 2906 5573 ἡγουμένους
2930 5502 3038 5555 τῶν
3065 5504 3469 5575 προλεχθέντων
3497 5507 3730 5576 νοήσεις,
3752 5504 3946 5568 οῖτινες
3975 5502 4155 5555 ἐνεδύ-

2574 5595 2794 5666 σαντοῆ
2829 5596 2920 5649 καὶ
2955 5594 3153 5664 μᾶλλον
3217 5598 3541 5650 ἐνδύσονται.
3596 5595 3659 5650 Τί
3706 5595 3764 5650 δὲ
3818 5595 4150 5655 ἐνδύσοντσιι

2568 5685 2696 5753 ήμῖν
2738 5685 3124 5738 καταλέλοιπεν
3154 5690 3312 5740 νοεῖν·
3347 5681 3584 5740 διδάσκει
3629 5685 3688 5740 δὲ
3709 5686 3772 5740 τὸ
3796 5683 4002 5754 ἔνδυμα
4027 5685 4144 5735 του-

2562 5793 2669 5829 των
2701 5780 2734 5830 ό
2762 5777 2901 5842 θεῖος
2934 5779 3253 5844 Ἀπόστολος
3285 5780 3472 5850 λέγων·
3497 5781 3618 5836 (Δεῖ
3640 5780 3701 5833 τὸ
3732 5775 3972 5848 φθαρτὸν
3996 5773 4150 5836 τοῦτο

4358 5567 4402 6369 J3
