4402 6404
321 478 426 536 845

1450 479 1953 539 COMMENTARIA
1992 484 2056 538 IN
2098 482 2439 541 pSALuos.
2488 472 2489 475 ‘

3463 484 3566 537 M6

322 592 638 648 ἐνδύσασθαι
687 592 1010 666 ἀφθαρσίαψ
1041 614 1058 647 ι
1094 596 1185 649 καὶ
1209 595 1385 669 πάλιν·
1404 616 1429 649 ι
1460 598 1574 667 Ἐφ’
1598 591 1642 667 ᾧ
1664 600 1723 651 οὐ
1750 598 1898 652 θέλο-
1931 609 1973 662 Α
2006 607 2060 653 ut

1826 610 1898 651 ιο·
1931 609 1973 662 Α
2006 607 2063 653 ut
2085 598 2442 654 absorbeatur
2462 596 2605 668 quod
2627 598 2854 653 mortale
2869 593 2952 655 est
2967 611 2997 650 a
3013 598 3207 654 vita".
3236 568 3564 652 ilnduentur

325 702 423 755 μεν
436 684 759 740 ἐνδύσασθαι
790 686 866 757 (1)
883 688 1027 751 ,ἀλλ’
1048 689 1460 757 ἐπενδύσασθαι,
1488 692 1575 744 ἶνα
1595 694 1884 765 καταποθῇ

320 776 382 829 τὸ
409 776 600 846 θνητὸν
659 777 763 831 ὑπὸ
804 778 904 859 τῆς
963 776 1125 852 ζωῆς.
1160 800 1178 833 ι
1245 782 1580 837 Ἐνδύσονται
1629 786 1809 838 τοίνυν
1838 788 1886 839 οἱ

320 867 463 938 κριοὶ
481 867 543 920 τὸ
568 867 848 939 ἐμπρέπον
870 870 1306 943 αὑτοῖςένδυμα,
1330 874 1421 927 τοῦ
1444 874 1684 947 φθαρτοῦ
1712 877 1889 948 σώμα-

318 970 409 1031 τος
439 954 622 1019 αὐτοῖς
669 957 1091 1025 μετασάλλοντος
1134 962 1214 1025 είς
1255 962 1586 1034 ἀφθαρσίαν,
1647 968 1741 1021 καὶ
1794 968 1884 1021 τοῦ

321 1044 513 1116 θνητοῦ
541 1049 620 1110 είς
652 1045 964 1103 ἀθανασίαν.
1027 1051 1182 1107 Οὕτω
1235 1054 1362 1122 γοῦν
1410 1056 1551 1110 κατά
1599 1059 1660 1110 τὸ
1706 1062 1877 1130 παρά-

317 1136 516 1209 δειγμα
538 1139 628 1193 καὶ
659 1141 706 1192 οἱ
728 1142 870 1212 κριοὶ
897 1142 1512 1213 οῐκοθενέπάγονταιτδ
1538 1149 1760 1220 ἔνδυμα,
1791 1152 1885 1205 τοῦ

321 1227 569 1298 σώματος
630 1232 809 1296 αὐτοῖς
863 1237 1328 1306 καρποφοροῦντος
1380 1240 1471 1293 τὸν
1506 1240 1690 1294 πόκον.
1729 1243 1888 1297 Ἀλλά

319 1318 412 1371 καὶ
439 1319 601 1397 αὑτὸν
629 1321 934 1375 ἐνδύσονται
965 1324 1054 1377 τὸν
1086 1326 1286 1400 Κύριον
1308 1330 1463 1401 ἡμῶν
1508 1332 1713 1401 Ἰησοῦν
1750 1334 1880 1405 Χρι-

319 1409 462 1476 στὸν,
486 1410 547 1463 τὸ
575 1413 850 1486 ἐξαίρετον
875 1415 1079 1487 ἔνδυμα
1105 1417 1164 1472 τὸ
1192 1420 1305 1488 φῶς
1324 1422 1423 1491 τῆς
1442 1421 1692 1494 θεότητος
1723 1425 1886 1479 αὑτοῦ

318 1502 783 1573 περιδαλούμενοι.
819 1507 937 1560 Ἔτι
984 1509 1080 1579 μὲν
1133 1512 1227 1563 καὶ
1262 1528 1282 1561 ι
1322 1514 1377 1565 αί
1420 1512 1663 1577 κοιλάδες
1694 1534 1713 1566 ι
1765 1516 1887 1568 τότε

323 1611 343 1643 ι
385 1592 713 1664 πληθυνοῦσι
759 1592 921 1651 σῖτον.
948 1617 966 1650 ι
1003 1600 1149 1652 Ἔδει
1174 1600 1282 1673 γὰρ
1314 1603 1447 1672 μηδὲ
1475 1604 1581 1657 τῶν
1630 1604 1887 1660 κοιλάδων

318 1687 719 1758 ἀμνημονῆσαι·
752 1689 1007 1762 ἀνωτέρω
1032 1692 1129 1761 μὲν
1161 1693 1267 1767 γὰρ
1293 1694 1539 1759 πεδιάδες
1568 1696 1890 1767 ὠνομάσθη-

280 1802 283 1805 ι
319 1794 418 1832 σαν
445 1778 537 1831 καὶ
555 1778 684 1851 δρεα
714 1780 923 1851 ἐρήμου
953 1783 1048 1837 καὶ
1076 1783 1273 1854 βουνοί.
1327 1786 1543 1857 Ἐπειδὴ
1576 1788 1632 1840 δέ
1661 1789 1765 1841 είτι
1795 1788 1888 1841 καὶ

318 1867 469 1948 παρά
487 1866 558 1921 τὰ
577 1867 837 1938 λεχθέντα
865 1870 1119 1942 τάγματα
1152 1872 1299 1926 ἄλλοι
1328 1876 1471 1939 τινὲς
1495 1876 1886 1948 ταπεινότεροι,

1989 694 2169 764 itaque
2194 695 2390 749 arietes
2412 694 2729 763 congruenti
2756 692 2855 745 sibi
2877 693 3219 753 vestimento,
3235 699 3442 746 mutato
3455 706 3551 746 cor

1988 786 2228 856 ruptibili
2254 799 2482 855 corpore
2503 784 2555 837 in
2578 784 3063 852 incorruptionem,
3082 792 3136 839 et
3160 784 3376 839 mortali
3401 784 3453 836 in
3473 784 3566 838 im-

1988 873 2487 932 mortalitatem.Sic
2505 874 2685 943 itaque
2705 872 3002 928 secundum
3021 874 3251 942 exempli
3274 875 3566 938 rationem,

1987 965 2185 1019 arietes
2211 966 2592 1019 vestimentum
2611 963 2711 1016 sibi
2731 962 3054 1030 producunt,
3079 978 3305 1032 corpore
3328 964 3447 1033 ipso
3463 965 3565 1019 νοις

1988 1057 2072 1110 lus
2094 1056 2392 1111 emittente.
2421 1056 2533 1109 lmo
2555 1070 2683 1108 vero
2712 1055 2889 1123 ipsum
2913 1051 3195 1107 Dominum
3209 1065 3455 1109 nostrum
3472 1052 3563 1107 Je-

1988 1162 2107 1202 snm
2124 1145 2403 1201 Christum
2437 1146 2661 1200 inducat
2687 1145 3147 1216 praestantissimo
3163 1144 3255 1199 illo
3278 1145 3565 1201 indumen-

1988 1248 2063 1303 to,
2092 1240 2213 1294 luce
2230 1255 2425 1311 nempe
2440 1240 2657 1294 deitatis
2676 1239 2961 1294 vestiendi.
2987 1239 3066 1293 Ad
3092 1238 3205 1293 hac
3230 1248 3414 1295 autem
3436 1248 3564 1294 tunc

1994 1350 2011 1383 ι
2037 1333 2207 1387 valles
2228 1332 2581 1387 abundabunt
2598 1330 2894 1385 frumento.
2918 1350 2936 1383 ι
2960 1328 3065 1383 Par
3094 1331 3293 1401 quippe
3318 1330 3421 1385 fuit
3446 1332 3562 1385 val-

1988 1423 2067 1478 les
2087 1438 2194 1477 non
2218 1422 2434 1478 silentio
2449 1410 2755 1492 prieterire;
2778 1436 2900 1474 nam
2922 1420 3171 1491 superius
3190 1422 3389 1491 campi,
3409 1436 3565 1475 mon-

1988 1519 2070 1567 tes
2084 1513 2306 1577 deserti,
2321 1520 2374 1567 et
2388 1512 2554 1567 colles
2587 1512 2847 1566 nominati
2861 1518 3003 1565 sunt.
3027 1511 3163 1577 Quia
3185 1527 3314 1566 vero
3329 1514 3418 1567 alii
3436 1521 3567 1568 sunt

1994 1604 2310 1658 memoratis
2335 1601 2619 1657 ordinibus
2651 1603 2890 1668 viliores,
2916 1618 3089 1673 neque
3111 1613 3291 1658 tamen
3310 1619 3375 1659 ex
3397 1619 3565 1675 regno

1987 1692 2257 1765 ejiciendi,
2290 1693 2415 1747 licet
2441 1693 2712 1761 praedictis
2732 1693 3048 1760 comparati,
3064 1695 3235 1763 parvi,
3253 1696 3456 1763 pusilli,
3472 1711 3560 1761 ac,

1989 1794 2052 1860 ut
2094 1784 2168 1837 ita
2196 1784 2393 1847 dicam,
2422 1785 2683 1855 postremi
2717 1783 3017 1837 habeantur
3044 1800 3059 1848 ;
3117 1799 3341 1839 necesse
3371 1785 3560 1840 fuitut

1996 1890 2173 1946 neque
2206 1891 2400 1929 eorum
2429 1875 2633 1929 mentio
2660 1875 3057 1944 pragteriretur;
3092 1876 3186 1931 sed
3215 1879 3319 1950 eos“
3338 1893 3556 1948 quoque

317 1938 544 2015 mt‘oox
563 1962 855 2033 ἀπόϐλητοι
885 1938 988 2035 μὲ.
1001 1964 1099 2034 τῆς
1122 1964 1417 2035 βασιλείας,
1448 1968 1584 2038 πλὴν
1604 1969 1678 2032 ὡς
1701 1972 1757 2023 ὲν
1784 1938 1888 2024 πα·
1920 1960 1960 2013 Β
1988 1980 2054 2019 co

1819 1988 1888 2024 :a-
1920 1960 1960 2013 Β
1988 1977 2374 2035 congruentem
2418 1964 2654 2017 fructum
2700 1963 2905 2017 laturos
2945 1977 3067 2017 esse
3114 1938 3425 2017 declaratur
3471 1963 3557 2018 his

321 2051 537 2124 ραθέσει
587 2053 695 2107 τῶν
756 2053 1155 2126 προλεχθέντων
1216 2061 1439 2128 σμικροὶ⁸
1485 2060 1579 2112 καὶ⁵
1631 2060 1850 2131 βραχεῖς
1872 2102 1885 2124 ,

320 2143 533 2213 πάντων
552 2161 612 2198 τε
630 2145 706 2210 ὡς
737 2144 802 2199 ἂν
824 2130 1094 2211 εῐποιέτις,
1148 2146 1383 2218 ἔσχατοι*
1432 2150 1742 2217 ἀναγκαίως
1771 2152 1888 2205 οὐδὲ

315 2236 519 2291 τούτων
549 2236 790 2309 παρῆλθε
820 2237 916 2310 τὴν
959 2238 1178 2310 μνήμην
1219 2241 1248 2292 6
1298 2240 1471 2309 λόγος·
1502 2241 1637 2295 ἀλλά
1663 2242 1756 2295 καὶ
1793 2244 1891 2295 αύ-

314 2331 440 2393 τοὺς
472 2329 681 2402 καρπὸν
706 2328 870 2384 οἴσειν
902 2330 992 2383 τὸν
1022 2331 1378 2395 ἐπιϐάλλοντα
1403 2331 1642 2386 διδάσκει
1695 2333 1885 2403 λέγων’

322 2438 339 2469 ι
366 2418 476 2472 Καὶ
504 2421 559 2473 αἱ
586 2420 827 2484 κοιλάδες
850 2420 1176 2493 πληθυνοῦσι
1194 2425 1347 2476 σῖτον
1371 2442 1388 2473 ι
1421 2423 1810 2498 προφέρουσαι,
1830 2425 1885 2494 ἢ,

321 2528 340 2560 ι
366 2510 463 2582 τὴν
493 2511 747 2584 τροφήν,ι
776 2513 917 2566 κατά
937 2514 1029 2566 τὸν
1062 2513 1375 2585 Σύμμαχον.
1412 2533 1430 2567 ε
1459 2514 1882 2585 Κεκράξονται.»

315 2598 381 2653 Τί
397 2601 452 2655 δὲ
477 2601 855 2673 κεκράξονται,
887 2605 1176 2676 ἐρμηνεύει
1204 2607 1330 2677 ἑξῆς
1384 2606 1575 2676 λέγων’
1600 2628 1617 2659 ι
1646 2610 1754 2664 Καὶ
1782 2611 1889 2681 γάρ

314 2692 698 2765 ὑμνήσουσινοι
744 2695 875 2748 ὡσεὶ
909 2698 1238 2768 σαφέστερον
1294 2702 1521 2771 είρήκει·
1552 2701 1613 2753 Et
1640 2702 1746 2773 γὰρ
1777 2719 1888 2754 κοι-

313 2782 469 2847 λάδες
500 2785 875 2855 τυγχάνουσιν,
908 2788 1056 2858 ὅμως
1107 2789 1152 2841 δ’
1186 2785 1277 2843 οῦν
1324 2791 1620 2860 ὑμνήσουσι
1672 2793 1761 2844 τὸν
1796 2794 1887 2845 καὶ⁵

313 2872 496 2937 αὐτοῖς
526 2873 633 2927 τῶν
653 2875 871 2943 ἀγαθῶν
897 2878 1154 2951 πάροχον.
1196 2879 1490 2949 ’Υμνοῦσαι
1520 2880 1575 2933 δὲ
1598 2881 1886 2952 κεκράξον-

313 2978 424 3027 ται,
455 2964 736 3038 παρρησίᾳ
760 2964 1034 3038 χρώμεναι
1064 2968 1159 3021 καὶ
1198 2960 1553 3040 βοῇίμεγάλῃ.
1583 2970 1790 3024 Βοῶσαι
1829 2972 1884 3024 δὲ

314 3056 527 3127 κραυγῇ
559 3054 653 3108 καὶ
684 3056 945 3127 ὑμνοῦσαι
977 3056 1133 3121 ποίας
1167 3059 1491 3130 προήσονται
1515 3060 1717 3129 φωνὰς,
1740 3060 1886 3130 ἢτάς

234 3206 235 3209 η
313 3145 373 3197 ἐν
402 3145 544 3217 ἀρχῇ
596 3147 1052 3221 παντὸςᾼψαλμοῦ
1114 3148 1440 3220 φερομέναςο
1500 3150 1633 3203 «Σοὶ
1687 3151 1885 3223 πρέπει

315 3235 502 3308 ὕμνος,
528 3240 557 3291 6
585 3238 736 3307 Θεὸς,
764 3241 821 3294 ἐν
870 3240 1061 3306 Σιὼν,›
1110 3241 1407 3311 λέγουσαι;
1443 3244 1778 3313 Ἀναγκαίως
1827 3245 1885 3298 δὲ

314 3326 597 3399 πρόκειται
622 3329 684 3382 τό
717 3345 731 3359 ·
768 3349 787 3380 ι
811 3330 1201 3403 Κεκράξονται,
1248 3332 1343 3384 καὶ
1392 3334 1499 3401 γάρ
1528 3334 1875 3405 ὑμνήσουσῳ

312 3422 571 3493 περὶτῶν
596 3424 875 3487 κοιλάδων,
909 3427 942 3495 ἦ
1002 3425 1095 3479 καὶ
1128 3428 1255 3498 περὶ
1315 3427 1424 3479 τῶν
1481 3428 1884 3499 προλεχθέντων

312 3513 587 3579 ἁπάντων,
617 3515 691 3579 ὡς
718 3517 799 3569 ἃνο
809 3517 1093 3588 μάθοιμεν,
1134 3519 1215 3572 ὅτι
1241 3518 1315 3588 μὴ
1346 3520 1471 3591 περὶ
1497 3520 1766 3591 αἰσθητῶν
1793 3524 1885 3575 καὶ

314 3605 638 3670 σωματικῶν
683 3607 864 3661 τόπων
910 3610 939 3661 6
988 3608 1141 3676 λόγος
1197 3605 1365 3661 ταῦτα
1406 3610 1662 3663 διδάσκει·
1708 3612 1879 3664 καίτοι

312 3699 406 3752 καὶ
437 3699 563 3769 περὶ
590 3697 792 3751 τούτων
840 3699 984 3763 εἰκὸς
1014 3695 1081 3770 ἦν
1113 3700 1180 3753 τά
1225 3700 1591 3771 προλεχθέντα
1629 3701 1881 3771 λέγεσθαι

311 3788 548 3861 νομίζειν
575 3791 668 3843 ἐπὶ
693 3792 801 3854 τοῖς
826 3789 1100 3863 αἰσθητοῖς
1121 3790 1215 3844 τοῦ
1233 3790 1365 3845 Θεοῦ
1387 3792 1727 3865 δωρήμασιν,
1754 3793 1881 3847 ὥστ’

311 3876 447 3936 εἶναι
474 3882 882 3953 εὐχαριστήριον
914 3880 1103 3952 ῦμνον,
1147 3881 1221 3946 ὡς
1249 3882 1384 3956 πρὸς
1416 3882 1513 3951 τὴν
1541 3882 1703 3947 λέξιν,
1742 3885 1881 3952 ὑπὲρ

308 3972 417 4028 τῶν
445 3974 565 4028 κατ’
596 3972 712 4037 ἔτος
737 3972 1043 4046 ἀνθρώποις
1072 3975 1488 4047 χορηγουμένων
1517 3975 1606 4028 τὸν
1640 3977 1880 4047 παρόντα

308 4065 484 4136 λόγον.
513 4066 648 4120 Καθ’
687 4066 915 4121 ἕκαστον
979 4067 1109 4137 γοῦν
1142 4067 1384 4122 ἐνιαυτὸν
1432 4070 1461 4121 6
1504 4067 1882 4139 φιλάνθρωπος

308 4158 401 4211 καὶ
428 4158 629 4221 παντὸς
648 4157 851 4227 ἀγαθοῦ
885 4158 1049 4231 δοτὴρ
1075 4160 1226 4224 Θεὸς,
1276 4159 1736 4230 ἐπισκεπτόμενος
1782 4158 1879 4230 τὴν

306 4248 432 4323 γῆν.
470 4248 727 4320 μεθύσκει
758 4248 946 4321 αὐτὴν,
982 4250 1155 4323 ἄρδων
1186 4254 1297 4316 τοῖς
1332 4251 1611 4323 συνήθεσιν
1634 4250 1875 4322 ὄμϐροις,
1924 4309 1931 4316 ,

306 4340 506 4415 πληροῖ
539 4357 597 4405 τε
631 4341 798 4410 αὐτῆς
825 4342 949 4405 τοὺς
975 4341 1217 4408 αὔλακας
1246 4346 1362 4407 ταῖς
1389 4343 1498 4398 τῶν
1523 4343 1691 4397 ὑετῶν
1719 4360 1881 4413 χορη-

306 4432 472 4503 γίαις.
502 4432 582 4487 Τά
607 4449 667 4491 τε
692 4434 1004 4505 γεννήματα
1037 4434 1204 4505 αὐτῆς
1240 4436 1523 4508 πληθύνων
1572 4436 1869 4507 εὐλογήσει.

317 4524 383 4578 Ἦ
436 4523 493 4579 δέ
531 4523 898 4597 εὐφραίνεται,
954 4523 1403 4597 νεαροποιηθεῖσά
1461 4544 1522 4580 τε
1571 4526 1870 4581 ἀνατέλλει.

306 4615 556 4670 Κάπειτα
586 4614 930 4687 πληρουμένη
976 4614 1244 4667 παντοίων
1298 4616 1544 4685 καρπῶν,
1596 4616 1956 4708 σπορίμωνο

304 4721 364 4758 τε
398 4705 490 4759 καὶ
549 4704 859 4778 ἀκροδρύων
908 4703 1283 4774 στεφανοῦται,
1331 4705 1406 4769 ὡς
1450 4707 1523 4777 μὴ
1556 4707 1622 4760 ἂν
1651 4708 1877 4777 ὀκνῆσαι

305 4798 446 4852 κατά
476 4799 567 4853 τὸν
588 4798 679 4852 τοῦ
701 4798 858 4870 ἔαρος
888 4795 1075 4869 καιρὸν
1113 4796 1518 4866 ἐστεφανῶσθαι
1559 4797 1737 4868 λέγειν
1774 4801 1876 4853 αὺ-

304 4884 423 4957 τὴν,
453 4890 523 4943 τά
548 4907 608 4943 τε
644 4889 802 4943 πεδία
830 4889 1162 4962 πληθύεσθαι
1212 4890 1481 4959 πιότητος⁸
1516 4891 1609 4942 καὶ
1645 4892 1751 4961 μὴν
1784 4893 1905 4945 καὶ-

304 4980 373 5033 τά
401 4981 531 5052 δρεα
562 4982 657 5053 τῆς
686 4983 891 5055 ἐρήμου
922 4982 1123 5045 ἀνθεῖν,
1154 4982 1248 5036 καὶ
1292 4984 1416 5045 τοὺς
1455 4981 1672 5052 βουνοὺς
1702 4984 1873 5051 ἀγαλ-

302 5073 479 5128 λίασιν
519 5072 968 5147 περιζώννυσθαιο
1031 5075 1165 5128 ἀλλά
1211 5076 1303 5127 καὶ
1367 5074 1492 5137 τοὺς
1531 5074 1717 5144 κριοὺς
1764 5076 1873 5128 τῶν

304 5161 591 5236 προϐάτων
612 5168 724 5229 τοῖς
749 5166 959 5221 ἑαυτῶν
1004 5167 1191 5229 πόκοις
1252 5162 1670 5226 ἐνδιδύσκεσθαι,
1708 5165 1875 5230 αὑτάς

303 5268 363 5307 τε
391 5251 489 5314 τὰς
517 5251 766 5316 κοιλάδας
798 5252 977 5327 χώρας
1027 5253 1285 5317 πολλάκις
1330 5251 1662 5324 πληροῦσθαι
1705 5253 1871 5318 σίτου,

305 5343 399 5397 καὶ
428 5345 708 5415 μονονουχὶ
734 5344 810 5414 τῷ
835 5345 979 5417 ἔργῳ
1040 5347 1168 5417 βοᾷν
1192 5347 1288 5400 καὶ
1318 5347 1409 5400 τὸν
1455 5345 1587 5399 Θεὸν
1604 5340 1871 5412 δοξάζειν.

305 5435 489 5490 Ταῦτα
508 5434 563 5488 δέ
585 5436 634 5487 εἰ
656 5436 749 5487 καὶ
771 5436 851 5488 ὃτι
874 5437 1106 5506 μάλιστα
1126 5438 1397 5509 αἰσθητῶς
1428 5437 1727 5509 πληροῦται
1750 5439 1873 5491 καθ’

302 5528 529 5582 ἕκαστον
550 5526 685 5589 ἔτος,
720 5525 831 5580 ἀλλ’
857 5529 889 5597 ἡ
923 5528 1231 5601 σύμφρασις
1251 5529 1351 5600 τῆς
1364 5529 1459 5583 τοῦ
1486 5528 1683 5592 παντὸς
1715 5528 1872 5597 λόγου

303 5618 623 5684 ἀκολουθίας
642 5616 734 5670 ἐπὶ
764 5618 861 5689 τὴν
896 5619 1126 5692 θεωρίαν
1154 5621 1300 5692 ἡμᾶς
1324 5620 1721 5692 ἀναπέμπουσα
1751 5620 1877 5674 ἀπο·

300 5709 588 5765 δέδεικται.
629 5707 794 5781 Ὁμοῦ
816 5706 1004 5791 δὴοῦν
1039 5710 1108 5785 τὰ
1132 5711 1705 5785 πῳλεχθένταπάντα,
1733 5711 1876 5781 λέγω

371 5848 420 5877 ⁸⁸
451 5845 493 5899 ll
525 5846 653 5904 Cor.
683 5864 736 5910 ν,
767 5860 813 5901 -t.

372 5940 448 6014 (.1)
486 5941 646 6002 Forte
678 5940 1041 6017 ἐκδύσασθαι.

1990 2057 2172 2111 verbis
2207 2071 2221 2105 :
2258 2074 2277 2107 ι
2315 2054 2380 2107 Et
2409 2055 2575 2110 valles
2620 2054 2973 2108 abundabunt
3017 2053 3311 2115 frumento,
3351 2072 3368 2105 ι
3410 2053 3555 2121 quod

1987 2148 2284 2218 proferant,
2312 2148 2428 2203 sive
2464 2165 2482 2197 ι
2522 2162 2724 2209 escam.
2763 2166 2781 2198 ι
2820 2147 3116 2201 secundum
3150 2144 3555 2218 Symmachum.

1993 2258 2010 2290 ι
2052 2238 2397 2294 Clamabunt.
2433 2258 2450 2291 ι
2482 2238 2622 2304 Quid
2676 2248 2856 2293 auiem
2912 2238 3246 2299 clamabunt,
3303 2237 3405 2292 sub
3443 2235 3559 2291 hau:

1985 2332 2223 2402 explicat
2262 2330 2454 2385 dicens
2490 2349 2502 2385 :
2534 2348 2552 2381 ι
2594 2330 2805 2385 Etenim
2845 2329 3106 2401 hymnum
3137 2330 3355 2395 dicent;
3420 2347 3441 2381 ι
3495 2343 3555 2381 ac

1987 2422 2033 2477 si
2066 2418 2317 2493 apertius
2339 2422 2570 2477 dixisset
2617 2441 2629 2475 :
2678 2421 2905 2475 Etiamsi
2924 2421 3107 2475 'valles
3136 2419 3266 2486 sint,
3319 2428 3555 2475 attamen

1988 2516 2176 2569 talium
2208 2515 2310 2570 sibi
2341 2515 2607 2570 bonorum
2630 2513 2841 2567 auctori
2870 2512 3126 2585 hymnum
3156 2512 3357 2568 dicent.
3395 2510 3556 2583 Hym-

1987 2622 2117 2663 num
2142 2620 2272 2662 vero
2307 2604 2552 2659 dicentes
2586 2604 2919 2668 clamabunt,
2965 2602 3163 2657 ﬁducia
3211 2604 3541 2671 clamorequt

1989 2712 2185 2767 magno
2240 2706 2474 2751 utentes.
2528 2694 2842 2749 Clamantes
2894 2701 3073 2748 autem
3112 2707 3247 2748 voce
3280 2706 3474 2763 magna
3503 2700 3555 2747 et

1989 2788 2246 2856 hymnum
2298 2787 2541 2840 dicentes
2580 2801 2717 2855 quas
2763 2800 2926 2838 voces
2978 2784 3251 2848 emittent,
3309 2784 3416 2837 nisi
3459 2797 3555 2838 eas

1986 2893 2106 2948 qua:
2132 2877 2477 2931 initiototius
2510 2876 2703 2946 psalmi
2726 2874 2977 2930 feruntur
3013 2892 3027 2928 :
3064 2890 3083 2923 ι
3114 2871 3191 2926 Te
3220 2872 3375 2927 decet
3397 2873 3555 2944 hym-

1986 2986 2111 3031 nus,
2132 2967 2299 3032 Deus,
2329 2968 2383 3020 in
2413 2965 2587 3021 Sion?
2620 2984 2636 3019 ι
2664 2964 2989 3020 Necessario
3003 2971 3185 3017 autem
3204 2961 3358 3024 illud,
3396 2981 3415 3012 ι
3447 2962 3553 3016 cla-

1986 3061 2231 3125 mabunt,
2272 3059 2469 3113 etenim
2506 3061 2761 3129 hymnum
2794 3055 2998 3115 dicent.
3034 3072 3055 3105 ι
3091 3054 3402 3108 enuntiatur
3440 3062 3549 3107 tam

1985 3150 2052 3205 de
2079 3148 2310 3203 vallibus
2348 3162 2510 3217 quam
2553 3146 2621 3202 de
2657 3145 2971 3201 memoratis
3014 3144 3291 3211 omnibus,
3327 3150 3388 3197 ut
3434 3143 3551 3203 edi—

1988 3254 2226 3303 scamus,
2259 3239 2374 3293 haec
2405 3253 2512 3292 non
2543 3236 2611 3291 de
2639 3236 2992 3292 sensibilibus
3029 3243 3082 3289 et
3112 3234 3388 3303 corporeis
3418 3233 3553 3287 locis

1986 3328 2171 3384 doceri
2206 3348 2220 3387 :
2262 3328 2487 3384 tametsi
2536 3328 2797 3398 praedicta
2857 3327 3022 3381 verba
3079 3326 3146 3379 de
3203 3325 3553 3380 sensibilibus

1983 3435 2199 3490 quoque
2233 3419 2327 3475 Dei
2363 3419 2523 3477 donis
2556 3418 2701 3472 dicta
2750 3424 2942 3486 putare
2980 3431 3075 3485 par
3117 3423 3223 3479 est,
3274 3418 3345 3468 ita
3378 3423 3436 3469 ut
3482 3416 3554 3470 sit

1985 3513 2219 3583 hymnus
2277 3510 2332 3563 in
2372 3509 2668 3580 gratiarum
2719 3507 2986 3560 actionem
3032 3520 3132 3573 pro
3167 3505 3254 3567 iis,
3304 3506 3351 3559 si
3388 3506 3552 3559 verba

1981 3610 2316 3673 spectentur,
2349 3616 2471 3671 quae
2502 3599 2793 3670 quotannis
2840 3612 2871 3651 a
2920 3596 3025 3650 Deo
3074 3596 3554 3651 hominibus-sub-

1982 3693 2385 3749 ministrantur.
2420 3690 2663 3761 Singulis
2716 3690 2899 3757 itaque
2930 3689 3088 3743 annis
3138 3688 3416 3742 hominum
3446 3688 3552 3751 illo

1981 3794 2190 3837 amator
2235 3783 2566 3852 largitorque
2602 3779 2869 3833 bonorum
2902 3778 3145 3830 omnium
3199 3777 3359 3839 Deus,
3414 3775 3538 3829 visi-

1980 3883 2103 3929 tans
2130 3882 2354 3937 terram,
2388 3872 2622 3927 inebriat
2659 3884 2779 3924 eam
2808 3868 3094 3937 solitisqne
3124 3866 3391 3920 imbribus
3425 3866 3551 3919 irri-

1980 3975 2089 4037 gat,
2124 3968 2269 4019 rivos
2303 3965 2423 4034 ejus
2462 3963 2659 4033 pluviis
2704 3969 2914 4017 tumere
2962 3968 3243 4037 procurat,
3277 3957 3549 4029 genimina

1978 4056 2097 4125 ejus
2137 4054 2504 4124 multiplicans
2533 4051 2826 4123 benedicit.
2869 4052 2963 4105 Illa
2991 4065 3120 4105 vero
3150 4050 3270 4104 laeta
3301 4058 3357 4104 et
3390 4064 3551 4103 reno-

1978 4155 2103 4201 vata
2144 4147 2338 4201 iterum
2368 4144 2678 4199 eﬁlorescit.
2708 4141 2912 4198 Deinde
2942 4141 3211 4197 fructibus
3250 4142 3429 4195 omnis
3456 4155 3553 4210 ge-

1980 4238 2125 4293 neris
2150 4236 2375 4301 referta,
2411 4236 2685 4307 segetibus
2718 4242 2772 4290 et
2811 4233 2987 4305 pomis
3024 4238 3339 4294 coronatur,
3384 4238 3443 4284 ut
3479 4245 3552 4283 ne

1980 4332 2159 4401 pigeat
2212 4345 2330 4385 eam
2398 4344 2567 4384 verno
2622 4338 2867 4399 tempore
2920 4333 3233 4381 coronatam
3304 4323 3487 4377 dicere
3529 4340 3548 4375 :

1980 4422 2157 4493 campi
2196 4422 2475 4491 replentur
2516 4409 2801 4485 ubertate;
2844 4416 2977 4487 quin
3029 4415 3192 4469 etiam
3239 4421 3293 4467 et
3335 4419 3550 4498 montes

1979 4514 2180 4570 deserti
2202 4513 2569 4575 cillorescunt,
2597 4522 2650 4567 et
2683 4509 2848 4563 colles
2871 4506 3231 4561 exsultatione
3250 4503 3549 4572 accingun-

1981 4615 2072 4660 tur
2108 4626 2119 4660 :
2147 4608 2346 4661 arietes
2380 4606 2562 4659 ovium
2594 4601 2883 4657 velleribus
2915 4598 3030 4652 suis
3059 4598 3390 4662 vestiuntur;
3414 4596 3541 4664 ipsa:

1983 4699 2258 4753 convalles
2304 4700 2621 4769 plerumque
2660 4694 2932 4747 frumento
2974 4689 3275 4751 abundant,
3320 4697 3371 4742 et
3409 4686 3543 4757 ipsis

1983 4790 2241 4861 operibus
2264 4797 2471 4843 tantum
2500 4802 2605 4840 non
2630 4786 2866 4839 clamant
2892 4784 3168 4853 Deumque
3197 4781 3447 4835 laudibus
3474 4779 3543 4833 el'~

1981 4894 2180 4949 ferunt.
2213 4884 2338 4939 Haec
2362 4896 2523 4952 porro
2549 4879 2763 4934 etiamsi
2786 4877 3081 4948 quotannis
3111 4874 3355 4939 sensibili
3385 4872 3543 4927 modo

1980 4979 2305 5050 impleantur
2321 5011 2335 5035 ,
2354 4986 2418 5024 ex
2442 4968 2583 5024 serie
2604 4976 2781 5022 tamen
2804 4967 3133 5021 narrationis
3150 4972 3544 5019 commonstra-

1979 5081 2094 5127 tum
2143 5075 2247 5130 est.
2277 5063 2466 5120 eadem
2497 5076 2599 5115 nos
2629 5059 2698 5114 ad
2746 5059 3259 5129 contemplationem
3294 5065 3538 5109 evocare.

1979 5158 2343 5217 Nihilominus
2401 5160 2695 5209 memorata
2748 5151 2952 5215 omnia,
3011 5150 3267 5203 nimirum
3342 5147 3540 5215 campi,

1978 5230 2192 5311 montes
2217 5247 2442 5310 deserti,
2472 5246 2641 5300 colles
2666 5251 2721 5298 et
2752 5243 2951 5297 arietes
2978 5242 3179 5303 ovium,
3206 5245 3368 5306 atque
3401 5237 3548 5290 insu-

1978 5362 2075 5416 per
2098 5346 2249 5415 prius
2275 5340 2556 5409 explicatae
2587 5332 2885 5397 convalles,
2904 5339 3018 5385 tum
3038 5329 3336 5384 secundum
3360 5325 3543 5380 datam

1980 5432 2501 5505 interpretationem,
2529 5431 2645 5480 tum
2685 5424 2847 5479 obvio
2899 5436 3062 5478 sensu
3107 5427 3351 5488 accepta,
3379 5433 3544 5471 utram

1980 5542 2190 5590 vocem,
2225 5521 2622 5592 melodiamque
2649 5530 2947 5572 consonam
2980 5514 3090 5570 Deo
3118 5514 3386 5569 emissum
3421 5523 3545 5565 esse

1982 5622 2257 5677 dicuntur.
2280 5614 2466 5681 Quare
2495 5612 2549 5666 in
2584 5610 2838 5665 omnibus
2869 5595 2984 5665 hac
3020 5595 3291 5679 intelligas
3320 5623 3334 5659 ς
3366 5621 3386 5654 ι
3419 5600 3536 5657 ωο-

1983 5711 2208 5767 mabunt
2239 5714 2292 5764 et
2322 5706 2585 5778 hymnum
2623 5699 2827 5757 dicent.
2862 5718 2883 5753 ι
