4402 6418
852 462 953 514 647
1020 496 1024 500 -
1537 457 1797 514 EUSEBll
1829 451 2297 510 CAESARIENSIS
2334 452 2480 509 OPP.
2520 452 2700 508 PARS
2736 451 2823 508 ιιι.
2863 484 2933 494 —-
2971 453 3374 511 EXEGETICA.
3948 459 4051 517 618

850 579 907 633 δὲ
944 577 1011 629 τὰ
1034 577 1186 630 πεδία
1219 576 1399 629 καὶτὰ
1420 576 1552 646 ὄρεα
1573 579 1669 646 τῆς
1696 577 1921 646 ἐρήμου,
1949 576 2004 627 οἰ
2031 592 2089 627 τε
2118 575 2294 644 βουνοί
2316 577 2407 627 καὶ
2445 578 2492 628 οἱ
2522 577 2666 646 κριοὶ
2706 575 2812 628 τῶν
2846 566 3162 646 προϐάτων,
3191 579 3284 631 καὶ
3332 577 3465 646 πρὸς
3513 577 3721 642 τούτοις
3751 581 3804 632 αἰ
3862 580 4052 633 ἀποδο-

851 671 1024 724 θεῖσαι
1082 667 1320 729 κοιλάδες
1366 667 1504 720 κατά
1555 669 1652 736 τὴν
1704 668 2051 720 ἀποδοθεῖσαν
2097 668 2407 736 ἑρμηνείαν,
2449 667 2589 719 κατά
2612 684 2670 719 τε
2730 667 2824 737 τὴν
2862 669 3146 740 πρόχειρον
3175 669 3429 734 διάνοιαν,
3479 670 3607 740 μίαν
3674 672 3903 742 ἀφήσειν
3937 692 4055 741 φω-

848 762 942 832 νὴν
971 763 1059 815 καὶ
1082 762 1360 829 σύμφωνον
1385 759 1650 828 μελῳδίαν
1679 759 1754 828 τῷ
1779 760 1897 828 Θεῷ
1924 760 2185 829 εἴρηνται.
2227 759 2316 812 Διὸ
2336 761 2471 813 κατὰ
2498 761 2711 813 πάντων
2744 761 2946 832 ἀκούσῃ
2974 763 3053 814 τό·
3083 781 3100 813 ι
3125 763 3501 833 ’Κεκράξονται
3524 766 3614 817 καὶ
3642 765 3985 834 ὑμνήσουσιν.
4028 786 4046 818 ι

892 922 894 925 .
969 872 1016 922 l.
1059 869 1122 921 ΙΝ
1159 867 1388 933 FINEM,
1431 865 1776 921 CANTICUM
1815 867 2084 922 PSALMI.
2125 868 2283 921 LXV.
2424 861 2468 917 Α

2075 909 2084 922 .
2125 868 2283 921 LXV.
2424 861 2468 917 Α
2695 869 2799 924 ΕΙΣ
2824 871 2912 924 ΤΟ
2933 872 3169 935 ΤΕΛΟΣ,
3203 875 3330 942 ῼΔΠ
3355 873 3662 928 ΨΑΛΜΟΥ.
3695 875 3813 930 EE’.

919 961 1081 1016 Vsus.
1122 962 1174 1012 2.
1214 980 1232 1010 ι
1269 959 1502 1014 Jubilale
1548 960 1677 1022 Deo,
1711 961 1888 1014 omnis
1944 968 2122 1022 terra,
2186 962 2395 1029 psallite
2575 976 2591 1007 ι
2631 959 2657 1008 ἰ

2315 963 2395 1012 lite
2575 976 2591 1007 ι
2631 958 2949 1023 Ἀλαλάξατε
2983 960 3058 1029 τῷ
3119 961 3234 1030 Θεῷ
3269 965 3413 1015 πᾶσα
3436 967 3469 1033 ὴ
3517 965 3609 1033 γῆ,
3656 965 3859 1033 ψάλατε
3884 965 3946 1036 δὴ
3975 967 4053 1036 τῷ

849 1053 1052 1104 nomini
1093 1051 1230 1117 ejus,
1263 1050 1388 1103 date
1415 1050 1640 1118 gloriam
1690 1049 1834 1102 laudi
1875 1050 2014 1117 ejus.
2057 1069 2074 1100 ι
2118 1049 2394 1102 Ev'anqeli-
2496 1048 2583 1100 όνό

2300 1051 2394 1100 ρΙί-
2496 1048 2713 1118 ὀνόματι
2741 1052 2924 1115 αὑτοῦ,
2953 1051 3067 1104 δότε
3095 1053 3248 1116 δόξαν
3310 1056 3507 1108 αἰνέσει
3560 1056 3777 1109 αὑτοῦ.»
3810 1059 4036 1124 Εὑαγγε-

860 1157 943 1197 :us
975 1143 1061 1194 hic
1095 1143 1218 1194 item
1252 1142 1491 1208 psalmus
1525 1149 1607 1192 est
1652 1158 1664 1192 :
1721 1154 1842 1191 nam
1877 1141 2112 1209 gentium
2154 1142 2394 1194 vocatio-
2495 1139 2598 1191 λικί

2314 1142 2394 1193 io-
2495 1139 2643 1202 λικδς
2666 1141 2894 1211 ὑπάρχει
2921 1145 3012 1197 καὶ
3060 1145 3087 1196 6
3130 1144 3314 1215 παρὼν
3358 1146 3591 1215 ψαλμὺς,
3619 1147 3716 1215 τὴν
3739 1147 3843 1199 τῶν
3884 1147 4046 1201 ὲθνῶν

846 1251 964 1288 nem
997 1235 1395 1301 complectitur.
1440 1230 1626 1300 Neque
1653 1231 1798 1283 enim
1843 1246 1908 1286 eo
1941 1247 2048 1299 quo
2102 1231 2396 1284 canebatur
2496 1248 2584 1300 πει

2311 1240 2396 1283 tur
2496 1233 2757 1300 περιέχων
2792 1233 2997 1304 κλῆσιν.
3035 1233 3268 1303 Ἤμελλε
3305 1235 3360 1287 δὲ
3398 1235 3502 1304 ἄρα
3535 1235 3592 1286 οὑ
3626 1235 3746 1288 καθ’
3775 1235 3867 1298 οὓς
3897 1236 4047 1304 ᾔδετο

849 1337 1088 1392 tempore
1129 1324 1287 1377 ﬁnem
1327 1332 1722 1376 consecuturus
1759 1331 1894 1384 erat,
1932 1323 2023 1376 sed
2049 1324 2102 1376 in
2141 1338 2396 1377 consum-
2493 1322 2587 1392 χρό

2315 1338 2396 1374 m-
2493 1322 2713 1392 χρόνους
2757 1323 2940 1387 τέλους
2981 1327 3281 1395 τυγχάνειν,
3323 1326 3433 1378 ἀλλ’
3467 1326 3578 1376 ’ἐπὶ
3629 1326 3899 1396 συντελείᾳ
3943 1327 4048 1379 τῶν

851 1415 1089 1468 matione
1144 1415 1481 1467 saeculorum.
1521 1412 1699 1477 Quare
1738 1421 2151 1467 memoratarum
2207 1414 2275 1467 ibi
2318 1427 2397 1466 re-
2494 1410 2589 1462 αίώ

2318 1427 2397 1466 re-
2494 1410 2719 1467 αίὼνων.
2757 1413 2846 1465 Διὸ
2869 1413 3178 1483 ἀναπέμπει
3207 1415 3303 1484 τὴν
3349 1414 3453 1464 τῶν
3475 1414 3810 1484 δηλουμένων
3839 1433 4045 1485 προφη-

844 1521 962 1558 rum
996 1507 1328 1574 prophetiam
1369 1504 1431 1558 ad
1477 1504 1634 1558 linem
1683 1505 1922 1558 remittit.
1975 1504 2171 1573 Estque
2202 1520 2393 1558 rursus
2490 1502 2582 1552 τεί‹

2308 1520 2393 1558 sus
2490 1502 2640 1553 τείαν
2663 1506 2737 1564 είς
2764 1503 2824 1555 τὸ
2872 1503 3038 1566 τέλος.
3075 1505 3226 1557 Ἔστι
3257 1507 3310 1558 δὲ
3343 1505 3451 1574 ᾠδὴ
3479 1505 3686 1574 ψαλμοῦ
3709 1505 3960 1575 ἔμπαλινο
4013 1508 4046 1578 ἢ

843 1597 1111 1648 canticum
1139 1594 1364 1663 psalmi;
1395 1595 1528 1655 sive,
1562 1601 1720 1664 prout
1748 1595 1798 1646 in
1831 1593 2152 1664 precedenti
2187 1595 2393 1662 psalmo
2493 1609 2581 1642 κατ

2308 1608 2393 1645 mo
2493 1593 2629 1643 κατὰ
2651 1594 2739 1646 τὸν
2766 1594 2866 1663 πρὸ
2883 1596 3063 1658 αὑτοῦ,
3081 1596 3154 1657 ὠς
3173 1597 3594 1666 ὲπεγέγραπτο,ι
3609 1597 3830 1666 Ψαλμὸς
3849 1597 3990 1668 ᾠδῆς
4022 1617 4041 1651 ι

843 1686 1176 1749 inscribitur,
1222 1702 1241 1733 ι
1278 1683 1526 1738 Psalmus
1583 1685 1800 1738 cantici.
1832 1705 1850 1736 υ
1909 1683 2143 1753 Spiritus
2197 1684 2394 1752 quippe

841 1784 1062 1831 sanctus
1086 1791 1178 1843 per
1199 1775 1567 1844 propheticam
1589 1776 1846 1838 animam,
1867 1791 1986 1844 quae
2015 1792 2072 1829 se
2097 1787 2390 1844 receperat,

838 1881 959 1918 cum
990 1866 1169 1918 lzetitia
1201 1865 1366 1916 multa
1401 1864 1629 1916 canebat
1659 1861 2048 1932 psallebatque,
2087 1880 2184 1932 pro
2236 1864 2392 1917 bonis

835 1960 891 2015 in
924 1961 1182 2014 vaticiuio
1229 1974 1329 2013 suo
1377 1958 1716 2012 annuntiatis
1763 1976 1776 2012 :
1819 1974 2049 2028 quorum
2084 1972 2246 2010 causa
2279 1971 2394 2010 om-

837 2053 995 2106 nibus
1028 2053 1278 2120 gentibus
1307 2051 1594 2103 salutarem
1627 2049 1853 2118 gratiam
1883 2050 2218 2119 suscepturis
2247 2037 2392 2120 quai-

2492 1677 2622 1751 *ῌδε
2645 1683 2750 1753 γὰρ
2784 1685 2878 1737 καὶ
2906 1685 3099 1753 ἔψαλλε
3127 1687 3184 1739 τὸ
3217 1686 3435 1755 Πνεῦμα
3463 1686 3522 1738 τὸ
3563 1686 3713 1754 ἅγιον
3749 1691 3843 1740 σὺν
3881 1688 4045 1760 πολλῇ

2492 1775 2633 1844 χαρᾷ
2659 1774 2746 1826 διά
2774 1774 2872 1843 τῆς
2901 1775 3301 1846 ὑποδεξαμένης
3333 1777 3463 1829 αὐτὸ
3511 1779 3851 1849 προφητικῆς
3873 1780 4047 1850 ψυχῆς

2493 1864 2583 1916 ἐπὶ
2613 1866 2723 1926 τοῖς
2755 1864 3001 1917 διἀὑτοῦ
3033 1864 3437 1935 θεσπιζομένοις
3471 1868 3713 1936 ἀγαθοῖς,
3740 1871 3822 1937 ἐφ’
3852 1865 3931 1933 οἷς
3956 1873 4047 1922 καὶ

2491 1957 2622 2007 πᾶσι
2655 1957 2763 2016 τοῖς
2821 1955 2995 2007 ἔθνεσι
3025 1959 3134 2019 τοῖς
3185 1958 3281 2028 τὴν
3313 1960 3572 2029 σωτήριον
3616 1961 3774 2030 χάριν
3804 1961 4047 2026 ὑποδεξο-

2493 2045 2671 2112 μένοις
2700 2044 3126 2114 παρακελεύεται
3151 2047 3403 2116 πράττειν
3434 2048 3571 2112 τινὰ,
3595 2048 3735 2120 άπερ
3759 2051 4046 2116 ἀναγκαῖον

836 2143 958 2195 dam
991 2143 1193 2211 agenda
1212 2143 1469 2210 pracipit,
1494 2156 1612 2210 qua:
1634 2155 1732 2195 nos
1753 2143 1995 2210 exsequi,
2021 2141 2084 2194 ad
2107 2155 2242 2209 quos
2261 2157 2389 2210 prae-
2423 2199 2456 2211 ﬁ
2489 2137 2574 2188 ὲπι

2309 2157 2389 2195 τεε-
2423 2199 2456 2211 “
2489 2135 2748 2188 ἐπιτελεῖν
2779 2140 2810 2206 ή
2821 2139 2945 2205 μᾶς,
2975 2133 3054 2201 οἷς
3098 2139 3265 2191 ταῦτα
3297 2145 3741 2209 προανεφωνεῑτο.
3778 2141 4047 2206 Προστάτ-

835 2239 1014 2287 missa:
1047 2247 1203 2285 voces
1247 2239 1512 2301 spectant,
1570 2232 1937 2285 necessarium
1979 2239 2083 2284 est.
2140 2229 2386 2299 Praecipit

834 2325 1014 2393 itaque
1048 2325 1192 2376 omni
1222 2332 1398 2387 teme,
1434 2323 1484 2376 id
1518 2332 1620 2386 est,
1659 2323 1912 2377 omnibus
1955 2332 2113 2376 terra:
2151 2323 2386 2376 elemen-

831 2423 944 2466 tum
981 2414 1362 2475 incolentibus,
1395 2415 1461 2466 n'e
1495 2428 1611 2467 sese
1637 2413 1834 2482 Moysis
1860 2411 2128 2464 mandatis
2160 2417 2213 2464 et
2237 2411 2387 2480 gravi

830 2502 965 2570 legis
990 2502 1120 2570 jugo
1151 2501 1480 2568 subjiciam;
1526 2501 1618 2554 sed
1660 2515 1722 2553 ea
1773 2501 1967 2561 solum,
2000 2514 2118 2568 quae
2157 2500 2209 2552 in
2252 2513 2388 2566 prte-

831 2595 970 2649 senti
996 2594 1203 2661 psalmo
1227 2593 1508 2660 jubentur,
1544 2599 1834 2662 peragant;
1868 2600 1923 2646 et
1959 2593 2133 2660 primo
2169 2593 2385 2661 quidem

831 2685 940 2738 Deo
975 2686 1206 2753 jubilent
1235 2702 1248 2747 ;
1279 2685 1539 2748 secundo,
1577 2686 1813 2754 psallant
1861 2684 2067 2737 nomini
2105 2683 2254 2751 ejus;
2283 2693 2390 2736 ter-

831 2775 925 2836 tio,
951 2776 1078 2827 dent
1105 2776 1330 2842 gloriam
1377 2776 1521 2830 laudi
1569 2777 1720 2843 ejus;
1754 2783 1972 2844 quarto,
2017 2775 2201 2829 dicant
2231 2774 2338 2827 Deo
2372 2793 2383 2827 :

835 2885 852 2915 ι
892 2865 1062 2930 Quam
1093 2866 1353 2918 terribilia
1384 2875 1511 2920 sunt
1538 2880 1701 2934 opera
1741 2866 1866 2919 tua!
1900 2884 1917 2915 ι
1943 2872 2028 2918 et:
2065 2882 2082 2913 ι
2120 2862 2175 2916 In
2200 2864 2383 2923 mulli-

833 2958 1016 3011 tudine
1064 2959 1279 3011 virtutis
1328 2968 1431 3012 tuae
1478 2959 1807 3012 mentientur
1838 2957 1936 3010 tibi
1995 2956 2198 3009 inimici
2229 2956 2327 3007 tui.
2363 2974 2379 3005 ι

829 3046 1067 3100 Primum
1100 3049 1280 3116 itaque
1315 3064 1407 3116 per
1433 3049 1713 3102 scientiam
1735 3057 1788 3103 et
1813 3062 1990 3102 veram
2021 3047 2383 3115 cognitionem

828 3150 1189 3204 exsequemur
1223 3136 1331 3189 Deo
1372 3136 1692 3203 jubilantes,
1731 3134 1959 3187 militum
2008 3134 2179 3186 instar
2209 3133 2298 3200 qui
2333 3133 2386 3184 in

828 3225 985 3280 bellis
1025 3227 1325 3278 acclamant
1358 3234 1408 3280 et
1453 3226 1706 3294 juhilant,
1749 3224 1951 3293 quique
1987 3224 2135 3276 vocis
2188 3223 2389 3292 magni-

830 3315 1015 3369 tudine
1045 3331 1163 3370 sese
1193 3317 1459 3370 terribiles
1485 3327 1537 3369 et
1568 3313 1938 3369 formidabiles
1969 3300 2385 3367 inimicis‘exhi-

825 3409 970 3464 bent.
1004 3409 1267 3474 Quoniam
1303 3424 1431 3478 ergo
1480 3407 1960 3461 Servatonnoster
1999 3405 2249 3458 inimicos
2288 3418 2384 3456 no-

825 3501 1116 3569 stros,,qui
1166 3500 1294 3554 olim
1334 3501 1543 3553 animas
1584 3506 1802 3552 nostras
1832 3498 1885 3550 in
1943 3496 2238 3549 multorum
2281 3510 2384 3546 nu-
2412 3534 2453 3593 Ο

826 3592 1030 3646 minum
1077 3606 1316 3646 errorem
1375 3590 1615 3658 captivas
1671 3595 1914 3658 egerant,
1964 3589 2268 3656 propellens
2319 3601 2382 3637 ac

823 3696 1164 3752 oppugnaris,
1196 3695 1297 3735 nos
1320 3695 1511 3734 omnes
1543 3679 1741 3734 milites
1773 3693 1902 3732 suos
1928 3679 2092 3730 armis
2121 3675 2381 3729 adversus

821 3771 1039 3827 eosdem
1071 3772 1332 3839 instruit;
1359 3771 1483 3838 jure
1511 3769 1763 3840 precibus
1795 3768 1860 3821 ad
1894 3765 2059 3820 Deum
2083 3765 2272 3819 ell'usis‘
2294 3765 2382 3832 ju-

823 3863 1014 3926 bilare,
1045 3879 1106 3917 ac
1134 3862 1421 3932 gemitibus
1458 3857 1911 3914 inenarrabilibus
1939 3856 2180 3910 victoriae
2217 3854 2379 3924 Regis

822 3953 994 4005 nostri
1025 3967 1243 4020 operam
1283 3952 1414 4005 dare
1446 3951 1723 4019 jubemur.
1767 3945 2028 4001 Jubilatio
2065 3954 2243 3999 autem
2286 3961 2381 4014 per

822 4043 1115 4106 orationes,
1171 4057 1264 4110 per
1309 4042 1652 4110 theologiam,
1705 4054 1801 4110 per
1845 4055 2032 4094 sanam
2081 4048 2133 4093 et
2175 4041 2377 4093 claram

822 4131 1185 4200 cognitionem
1227 4131 1508 4193 emittitur,
1553 4131 1790 4199 itemque
1830 4145 1926 4199 per
1969 4129 2256 4198 spirituale
2288 4143 2378 4182 sa-

822 4221 1140 4280 cerdotium,
1168 4219 1312 4289 quod
1341 4219 1636 4288 gratiarum
1659 4219 1987 4277 actionibus.
2020 4219 2074 4270 in
2103 4216 2377 4286 mysteriis

823 4310 956 4365 Novi
975 4309 1324 4372 Testamenti,
1348 4325 1442 4380 per
1459 4309 1764 4362 universam
1778 4314 1976 4362 terram
1996 4309 2374 4377 persolvimus,

822 4401 1042 4473 quando
1082 4401 1470 4456 immolationis
1497 4400 1632 4470 Agni
1665 4398 1759 4454 Dei
1810 4399 2378 4454 c0i..memorationem

824 4501 1064 4565 agentes,
1100 4495 1241 4548 hanc
1269 4493 1556 4562 implemus
1589 4491 1924 4562 prophetiam
1957 4510 1969 4544 :
2005 4509 2024 4541 ι
2055 4490 2292 4544 Circuivi
2323 4496 2376 4543 et

825 4585 1094 4637 immolavi
1125 4584 1178 4655 in
1219 4583 1571 4637 tabernaculo
1600 4583 1718 4651 ejus
1749 4582 1978 4636 hostiam
2005 4581 2182 4636 laudis
2211 4589 2264 4634 et
2287 4583 2377 4647 ju-

823 4675 1100 4730 lilationis
1128 4674 1193 4729 δ”,
1232 4692 1251 4725 ι
1299 4673 1474 4739 Quare
1510 4674 1564 4727 in
1601 4674 1706 4727 alio
1732 4673 1950 4741 eloquio
1981 4673 2171 4726 horum
2201 4671 2380 4725 erudi-

825 4772 913 4821 tus
943 4766 1194 4835 populus,
1216 4764 1407 4819 beatus
1433 4766 1755 4834 [medicatur
1777 4765 1862 4819 his
1891 4765 2073 4818 verbis
2096 4782 2108 4817 :
2131 4782 2150 4814 ι
2180 4763 2375 4817 Beatus

2487 2243 2566 2278 τει
2601 2227 2774 2278 τοίνυν
2828 2229 2972 2297 πάσῃ
3006 2231 3071 2297 τῇ
3127 2232 3216 2298 γῇ,
3265 2232 3506 2282 τουτέστι
3557 2233 3667 2292 τοῖς
3722 2232 3782 2282 τὸ
3816 2232 3912 2299 τῆς
3947 2234 4046 2300 γῆς

2490 2320 2742 2384 στοιχεῖον
2764 2317 2999 2369 οἰκοῦσιν
3015 2320 3202 2381 ἅπασι,
3226 2321 3296 2388 μὴ
3319 2323 3429 2381 τοῖς
3441 2321 3713 2382 Μωῦσέως
3741 2323 4046 2390 παραγγέλ-

2490 2423 2619 2475 μασι
2655 2407 2744 2457 καὶ
2780 2407 2854 2475 τῷ
2887 2407 3041 2477 βαρεῖ
3064 2408 3210 2477 ζυγῷ
3233 2409 3325 2460 τοῦ
3364 2409 3525 2478 νόμου
3561 2411 3781 2473 ἑαυτοὺς
3813 2412 4044 2463 ὑποτάτ-

2485 2520 2616 2554 τειψ
2654 2503 2784 2572 μόνα
2819 2503 2872 2554 δὲ
2898 2503 2966 2554 τά
3013 2504 3102 2557 διὰ
3146 2504 3253 2557 τῶν
3303 2503 3440 2572 μετά
3494 2509 3679 2576 χεῖρας
3719 2505 4044 2574 κελευόμενα

2488 2597 2674 2646 ποιεῖν·
2717 2596 2808 2647 καὶ
2846 2595 3053 2663 πρῶτον
3090 2596 3185 2665 μὲν
3214 2594 3498 2659 ἀλαλάζειν
3531 2596 3607 2666 τῷ
3634 2595 3770 2666 Θεῷ,
3796 2596 4044 2666 δεύτερον

2485 2685 2700 2754 ψάλλειν
2727 2685 2803 2755 τῷ
2836 2686 3058 2756 ὀνόματι
3105 2685 3289 2750 αὑτοῦ,
3323 2686 3503 2757 τρίτον
3554 2686 3708 2751 δόξαν
3736 2687 3932 2739 διδόναι
3976 2687 4042 2756 τῇ

2485 2777 2686 2828 αἰνέσει
2713 2775 2893 2828 αὑτοῦ·
2918 2778 3173 2848 τέταρτον
3201 2777 3377 2843 λέγειν
3398 2776 3474 2846 τῷ
3495 2775 3633 2846 Θεῷ·
3667 2795 3685 2826 ι
3724 2777 3807 2839 Ὡς
3844 2774 4052 2845 φοϐερὰ

2484 2867 2552 2920 τὰ
2578 2867 2712 2938 ἔργα
2737 2885 2880 2920 σου·ι
2909 2868 3020 2920 καί·
3081 2887 3099 2918 ι
3139 2868 3223 2920 Ἐν
3273 2867 3351 2937 τῷ
3378 2864 3574 2938 πλήθει
3626 2867 3723 2936 τῆς
3767 2863 4044 2937 δυνάμεώς

2487 2969 2578 3004 σου
2612 2952 2898 3020 ψεύσονται
2930 2971 2988 3006 σε
3026 2956 3072 3006 οἱ
3094 2953 3276 3025 ἐχθροί
3311 2971 3456 3007 σου.)
3513 2955 3586 3006 T6
3649 2955 3745 3023 μὲν
3775 2952 3868 3006 οὖν
3897 2942 4045 3024 πρῷ-

2485 3060 2572 3095 τον
2603 3044 2666 3095 δι’
2681 3046 2986 3114 ἐπιστήμης
3014 3047 3105 3096 καὶ
3127 3043 3376 3111 γνώσεως
3396 3043 3624 3112 ἀληθοῦς
3648 3044 4044 3113 ἐπιτελέσωμεν

2486 3135 2840 3198 ἀλαλάζοντες
2866 3135 2943 3204 τῷ
2994 3134 3131 3204 Θεῷ,
3181 3133 3335 3205 δίκην
3365 3133 3475 3188 τῶν
3525 3135 3582 3187 ὲν
3634 3133 3887 3203 πολέμοις
3917 3137 4044 3188 ἀνα-

2488 3227 2800 3295 φωνούντων
2836 3227 2927 3279 καὶ
2981 3226 3353 3290 ἀλαλαζόντων
3388 3226 3755 3298 στρατιωτῶν,
3786 3227 3836 3278 οἳ
3859 3229 3923 3295 τῇ
3957 3225 4044 3277 δυο

2486 3319 2644 3389 νάμει
2666 3319 2763 3389 τῆς
2795 3319 2974 3389 φωνῆς
3001 3318 3474 3389 καταπληκτικοὺς
3501 3319 3593 3370 καὶ
3621 3317 3881 3388 φοϐεροὺς
3915 3318 4041 3370 ἑαυ-

2485 3410 2608 3472 τοὺς
2628 3413 2738 3473 τοῖς
2771 3409 3047 3479 πολεμίοις
3100 3409 3470 3478 ἐμφαίνουσιν.
3508 3407 3657 3460 Ἐπεὶ
3714 3408 3889 3460 τοίνυν
3921 3406 4042 3470 τοὺς

2487 3502 2782 3573 ἡμετέρους
2813 3502 3054 3574 ἐχθροὺς,
3084 3503 3208 3565 τοὺς
3242 3502 3408 3554 πάλαι
3451 3502 3549 3570 τὴν
3578 3498 3752 3570 ψυχὴν
3780 3498 3934 3569 ἡμῶν
3965 3500 4043 3562 εἰς

2484 3596 2580 3665 τὴν
2603 3595 2859 3648 πολύθεον
2909 3595 3114 3664 πλάνην
3168 3593 3632 3664 ᾐχμαλωτικότας,
3655 3590 3910 3644 ςὲλαύνων
3953 3592 4043 3643 καὶ

2483 3683 2732 3755 πολεμῶν
2757 3686 2784 3737 6
2811 3684 2998 3754 Σωτὴρ
3027 3684 3201 3753 ἡμῶν,
3262 3684 3354 3734 καὶ
3377 3681 3582 3744 πάντας
3627 3681 3772 3751 ἡμᾶς
3794 3681 3919 3743 τοὺς
3949 3681 4044 3731 αὐ-

2481 3775 2573 3826 τοῦ
2597 3773 2931 3844 στρατιώτας
2970 3775 3086 3827 κατ’
3117 3767 3293 3825 αὐτῶν
3315 3768 3548 3833 ὁπλίζει,
3581 3772 3803 3833 εἰκότως
3825 3769 3912 3822 διὰ
3940 3769 4042 3822 τῶν

2483 3863 2617 3935 πρὸς
2648 3865 2738 3916 τὸν
2758 3864 2887 3917 Θεὸν
2923 3864 3094 3933 εὐχῶν
3145 3862 3431 3925 ἀλαλάζειν
3485 3861 3832 3931 κελευόμεθα·
3864 3877 4046 3914 στενα-

2481 3959 2639 4025 γμοῖς
2695 3972 2752 4006 τε
2798 3955 3080 4026 ἀλαλήτοις
3115 3953 3482 4024 συμπράττειν
3529 3943 3593 4023 τῇ
3618 3952 3740 4022 νίκῃ
3768 3952 3859 4004 τοῦ
3887 3952 4046 4006 Βασι-

2480 4047 2612 4110 λέως
2640 4046 2813 4118 ήμῶν.
2841 4045 3048 4098 Γίνεται
3067 4045 3123 4096 δὲ
3152 4045 3179 4097 6
3205 4042 3514 4118 ἀλαλαγμὸς
3537 4041 3602 4095 δι’
3619 4041 3812 4110 εὐχῶν,
3840 4040 4044 4108 γίνεται

2480 4138 2570 4190 καὶ
2592 4117 2678 4190 διά
2712 4135 3003 4204 θεολογίας,
3027 4133 3232 4202 γίνεται
3268 4132 3322 4184 δὲ
3355 4131 3448 4185 καὶ
3496 4117 3565 4183 δι’
3595 4128 3780 4198 ὑγιοῦς
3828 4129 3918 4181 καὶ
3961 4145 4050 4180 τε·

2478 4228 2827 4298 τρανωμένης
2855 4225 3125 4294 γνώσεως,
3157 4225 3358 4292 γίνεται
3386 4223 3477 4276 καὶ
3506 4221 3593 4276 διὰ
3614 4221 3710 4292 τῆς
3745 4236 4046 4290 πνευματι-

2479 4319 2578 4387 κῆς
2615 4317 2941 4388 ἱερουργίας,
2994 4317 3060 4386 ἢν
3123 4317 3178 4366 ἐν
3212 4318 3331 4376 ταῖς
3387 4313 3756 4384 εὑχαριστίαις
3788 4310 3928 4364 κατά
3978 4308 4048 4362 τὰ

2484 4407 2750 4476 μυστήρια
2771 4405 2870 4474 τῆς
2892 4402 3099 4472 Καινῆς
3127 4402 3396 4472 Διαθήκης
3430 4401 3546 4453 καθ’
3579 4401 3705 4470 ὅλης
3749 4399 3848 4468 τῆς
3867 4402 4045 4451 οἰκου-

2482 4496 2646 4565 μένης
2679 4493 3046 4565 ὲπιτελοῦμεν,
3094 4493 3344 4562 ὁπηνίκα,
3370 4491 3467 4560 τῆς
3501 4491 3686 4554 θυσίας
3714 4489 3807 4542 τοῦ
3849 4486 4046 4558 Ἀμνοῦ

2475 4586 2568 4638 τοῦ
2598 4585 2735 4638 Θεοῦ
2757 4587 2856 4657 τὴν
2883 4585 3182 4654 ἀνάμνησιν
3217 4584 3546 4654 ποιούμενοι,
3585 4582 3682 4652 τὴν
3715 4581 4047 4650 προφητείαν

2478 4676 2787 4747 πληρούμεν
2818 4677 2915 4747 τὴν
2963 4676 3290 4741 φάσκουσαν·
3334 4693 3350 4724 ι
3377 4674 3687 4726 Ἐκύκλωσα
3737 4672 3831 4724 καὶ
3871 4671 4035 4722 ἔθυσα

2477 4769 2533 4818 ὲν
2557 4771 2621 4838 τῇ
2657 4770 2826 4838 σκηνῇ
2851 4765 3013 4819 αὑτοῦ
3047 4765 3232 4818 θυσίαν
3255 4765 3510 4824 αἰνέσεως
3559 4762 3650 4815 καὶ
3678 4757 4040 4828 ἀλαλαγμοῦ.»

826 4857 1052 4925 populus
1076 4857 1168 4925 qui
1213 4857 1314 4909 scit
1344 4856 1719 4923 jubilationem
1744 4855 1809 4910 “.
1848 4875 1866 4906 ι
1903 4854 2016 4908 Hoc
2050 4856 2232 4924 itaque
2262 4857 2371 4924 pri-
2410 4869 2451 4924 υ
2478 4859 2564 4910 Διὸ

2307 4857 2371 4908 ri-
2410 4869 2451 4924 ι)
2478 4859 2567 4910 Διὸ
2598 4859 2690 4912 καὶ
2721 4859 2903 4928 ἕτερον
2942 4857 3116 4924 λόγιον
3147 4856 3237 4908 τὸν
3287 4855 3490 4907 τούτων
3541 4851 3875 4920 ἐπιστήμονα
3919 4847 4045 4901 λαὸν

825 4962 993 5008 mum,
1037 4956 1096 4999 ιιι
1120 4948 1426 5001 necessario
1469 4947 1856 5015 praestandum,
1891 4961 2079 5000 omnes
2133 4948 2379 5002 homines

828 5037 1058 5108 Spiritus
1081 5046 1300 5093 sanctus
1329 5054 1483 5108 agere
1503 5038 1656 5108 jubet
1677 5039 1864 5092 dicens
1895 5056 1907 5089 :
1940 5057 1959 5087 ι
1982 5036 2216 5092 Juhilate
2245 5037 2377 5103 Deo,

825 5131 1002 5184 omnis
1039 5138 1200 5183 terra.
1236 5150 1254 5181 ι
1292 5129 1561 5193 Secundo,
1591 5130 1823 5198 psallere
1854 5129 2058 5181 nomini
2096 5129 2215 5196 ejus
2242 5144 2379 5197 prae-

825 5221 976 5288 cipit.
1036 5221 1178 5288 quod
1222 5235 1252 5274 a
1301 5221 1459 5274 nobis
1502 5220 1755 5274 omnibus
1809 5221 1860 5273 in
1911 5219 2045 5272 locis
2093 5220 2373 5282 observari

825 5318 1141 5365 consuetum
1174 5320 1275 5365 est.
1298 5310 1429 5365 Nam
1464 5312 1516 5364 in
1551 5312 1803 5366 omnibus
1836 5309 1930 5363 Dei
1961 5310 2209 5364 ecclesiis
2235 5308 2378 5379 apud

825 5409 1010 5469 gentes
1053 5402 1384 5464 constitutis,
1427 5403 1539 5456 hare
1578 5403 1694 5472 ipsa
1734 5401 1999 5455 modulari
2034 5408 2088 5454 et
2125 5402 2374 5469 psallere,

827 5505 935 5543 non
956 5491 1173 5546 .‘Graacis
1197 5499 1426 5554 tantum,
1461 5492 1556 5546 sed
1585 5493 1747 5546 etiam
1771 5493 2016 5546 barbaris
2046 5494 2374 5563 praecipitur.

827 5582 973 5637 Alias
1023 5600 1270 5652 quoque,
1325 5581 1593 5654 allegoria:
1623 5587 1762 5650 ritu,
1813 5599 2014 5654 corpus
2061 5584 2377 5650 humanum,

828 5674 970 5740 quod
1002 5690 1097 5728 ceu
1131 5676 1549 5731 instrumentum
1581 5678 1774 5731 animae
1809 5678 2066 5731 traditum
2093 5685 2196 5742 est,
2231 5677 2378 5746 psal-

829 5763 1022 5816 terium
1079 5767 1262 5820 vocari
1311 5767 1448 5822 solet
1490 5787 1502 5822 :
1543 5785 1650 5838 quo
1681 5782 1804 5822 cum
1861 5768 2110 5836 pulsatur
2151 5768 2376 5822 interior

929 5886 976 5916 “
1001 5882 1142 5938 ναοί.
1183 5900 1328 5950 ιινι,
1357 5884 1411 5942 6.
1489 5886 1532 5919 “
1561 5885 1704 5942 Psal.
1743 5862 2001 5948 tum",
2046 5885 2131 5940 l6.

2489 4949 2776 5021 μακαρίζει
2835 4948 3061 5016 φάσκον*
3105 4967 3124 4998 ι
3150 4947 3432 5017 Μακάριος
3458 4945 3486 4997 6
3515 4942 3642 5004 λαὸς
3688 4942 3717 4993 6
3765 4937 4048 5006 γινώσκων

2483 5037 2844 5109 ἀλαλαγμόν.»
2905 5037 3073 5089 Τοῦτο
3125 5036 3188 5103 δὴ
3245 5031 3335 5086 οὖν
3393 5030 3606 5101 πρῶτον
3651 5026 3958 5093 ἀναγκαίως
3987 5023 4049 5076 τδ

2482 5130 2813 5203 προφητικὸν
2842 5129 3061 5199 Πνεῦμα
3089 5129 3251 5180 πᾶσιν
3282 5123 3588 5195 ἀνθρώποις
3643 5120 3901 5192 πράττειν
3921 5109 4050 5171 δια-

2481 5223 2752 5276 κελεύεται
2781 5220 3001 5288 φάσκηνο
3029 5240 3046 5271 ι
3070 5216 3393 5280 Ἀλαλάξατε
3419 5214 3496 5286 τῷ
3523 5213 3664 5283 Θεῷ,
3682 5213 3833 5272 πᾶσα
3862 5212 3895 5278 ή
3913 5207 4004 5278 γῆ.
4022 5229 4041 5260 ι

2480 5311 2610 5368 Εἶτα
2636 5314 2891 5383 δεύτερον
2923 5312 3142 5382 ψωλειν
3166 5309 3246 5380 τῷ
3266 5309 3487 5380 ὀνόματι
3516 5304 3678 5359 αὑτοῦ
3701 5303 4045 5376 προστάττει⁴

2479 5408 2506 5458 ὃ
2535 5408 2628 5462 καὶ
2655 5405 2785 5458 αὑτὸ
2819 5404 2959 5456 κατά
2990 5405 3163 5458 πάντα
3188 5401 3351 5454 τόπον
3380 5399 3567 5452 είωθεν
3601 5395 3687 5465 ὑφ’
3720 5393 3876 5464 ήμῶν
3922 5393 4046 5443 ἐπι-

2478 5497 2760 5550 τελεῖσθαι.
2803 5495 2952 5547 Ἑπεὶ
3001 5493 3140 5549 κατά
3192 5495 3371 5546 πᾶσαν
3434 5489 3723 5558 ἐκκλησίαν
3771 5483 3864 5538 τοῦ
3909 5478 4044 5533 Θεοῦ

2479 5590 2574 5660 τὴν
2625 5593 2681 5642 ὲν
2739 5591 2849 5650 τοῖς
2907 5587 3113 5640 ἔθνεσιν
3184 5585 3502 5656 ἱδρυμένην,
3557 5581 3693 5634 αὐτὰ
3744 5577 3808 5646 δὴ
3873 5570 4048 5660 ταῦτα

2485 5656 2831 5750 μελῳδείσθαι
2863 5679 2955 5731 καὶ
2985 5677 3295 5747 ψάλλεσθαι,
3317 5678 3415 5746 οὐχ
3441 5675 3662 5745 Ἕλλησι
3693 5671 3891 5742 μόνοις,
3910 5656 4048 5718 ἀλλά

2481 5771 2572 5826 καὶ
2605 5771 2894 5842 βαρϐάροις
2950 5768 3325 5840 παραδέδοται.
3377 5768 3483 5822 Καὶ
3534 5765 3704 5826 άλλως
3747 5760 3824 5825 δὲ,
3858 5757 4048 5827 νόμοις

4336 5359 4337 5426 ι

4336 5495 4337 5572 i

4335 5613 4337 5720 1
