4402 6406
333 497 435 553 649

1442 489 1936 550 ΕΟΜΜΕΝΤΑΠΙΑ
1976 489 2040 544 IN
2078 488 2414 546 PSALMOS.

3395 472 3522 541 τεο

331 611 675 681 ἀλληγορίας,
710 612 768 664 τὸ
803 611 958 682 σῶμα
982 611 1040 664 τὸ
1061 610 1408 681 ἀνθρώπειον,
1442 611 1627 679 ὥσπερ
1660 611 1884 678 ὄργανον
1913 613 1957 666 Α
1983 608 2069 661 hor

1786 625 1884 660 ινον
1913 613 1957 666 Α
1983 608 2163 667 homo.
2194 605 2434 660 membra
2462 610 2515 657 et
2543 616 2734 658 sensus
2754 616 2871 669 ejus
2891 600 3025 656 scite
3049 600 3154 671 legi
3184 599 3278 656 Dei
3299 602 3524 669 psallere

330 706 397 773 τῇ
429 703 570 772 ψυχῇ
603 702 899 772 δεδομένον,
949 701 1242 771 ψαλτήριον
1275 699 1477 752 εἴωθεν
1510 699 1882 768 ὀνομάζεσθαι·

331 794 398 847 δι’
426 786 486 845 οῦ
519 795 546 845 6
571 792 699 844 εἵσω
726 792 1026 861 ἄνθρωπος,
1044 790 1489 859 ἀνακρουόμενος,
1520 788 1889 857 ἐπιστημόνως

330 889 400 941 τὰ
433 886 565 956 μέλη
599 889 690 939 καὶ
710 886 777 938 τὰ
809 885 1133 956 αἰσθητήρια
1158 884 1234 952 τῷ
1256 885 1402 953 νόμῳ
1421 880 1511 934 τοῦ
1530 880 1663 932 Θεοῦ
1695 879 1888 946 λέγοιτ’

332 978 398 1032 ἂν
426 978 648 1039 ε’ξκότως
669 976 906 1044 ψάλλειν.
942 977 1022 1028 Τὰ
1044 976 1140 1045 μὲν
1172 969 1262 1027 οῦν
1292 975 1388 1043 τῆς
1411 971 1658 1040 γνώσεως
1689 972 1780 1024 καὶ
1803 972 1893 1023 διὰ

334 1068 426 1121 τοῦ
459 1067 767 1136 ἀλαλαγμοῦ
800 1068 933 1136 αὐτὴ
963 1067 1082 1119 καθ’
1117 1065 1312 1134 ἑαυτὴν
1343 1067 1374 1135 ἡ
1415 1064 1558 1133 ψυχὴ
1591 1061 1908 1133 κατώρθουῇ

334 1160 412 1213 διὸ
445 1160 591 1229 αὐτῷ
618 1159 694 1229 τῷ
725 1159 842 1228 Θεῷ
874 1158 1122 1227 ἠλάλαξε·
1143 1157 1212 1210 τὰ
1239 1157 1293 1208 δὲ
1315 1155 1407 1208 τοῦ
1439 1156 1654 1224 ψάλλειν
1682 1154 1769 1206 διὰ
1798 1155 1895 1224 τῆς

334 1253 429 1305 τοῦ
463 1251 709 1321 σώματος
732 1250 925 1319 ἠθικῆς
941 1251 1031 1301 καὶ
1055 1235 1358 1318 πρακτικῆς
1379 1248 1640 1314 κινήσεως
1667 1245 1892 1315 ἐνεργεῖ·

336 1345 416 1396 διὸ
441 1343 706 1396 λέλεκται·
739 1359 760 1391 ‹
795 1340 882 1409 Τῷ
906 1341 1124 1409 ὀνόματι
1177 1337 1359 1403 αὐτοῦ,
1402 1356 1419 1387 ι
1457 1336 1738 1406 Εὐφημίαν
1789 1336 1895 1406 γὰρ

336 1435 414 1505 τῷ
445 1433 537 1486 τοῦ
565 1432 698 1486 Θεοῦ
721 1431 940 1500 ὀνόματι
976 1431 1127 1499 φέροι
1179 1429 1245 1481 ἂν
1297 1430 1328 1497 ἠ
1371 1427 1459 1479 διὰ
1515 1426 1621 1478 τῶν
1651 1425 1897 1496 πράξεσιν

338 1529 450 1588 τοῖς
484 1524 694 1586 πολλοῖς
725 1521 1068 1592 θεωρουμένη
1096 1518 1448 1589 κατόρθωσις.
1485 1517 1592 1569 Καὶ
1616 1516 1794 1587 τρίτον
1820 1517 1896 1580 δὲ,

340 1617 663 1687 πρόσταγμα
688 1615 846 1666 πᾶσιν
880 1614 1008 1681 ἡμῖν
1034 1613 1146 1673 τοῖς
1190 1610 1246 1674 ea
1279 1607 1444 1661 ἐθνῶν
1475 1608 1564 1659 τὸν
1598 1607 1726 1659 Θεὸν
1776 1607 1901 1656 έπε-

339 1708 571 1776 γνωκόσι
625 1705 1014 1776 παρήγγελται,
1048 1703 1109 1755 τὸ
1154 1701 1370 1754 κελεῦον
1409 1700 1606 1753 διδόναι
1657 1698 1810 1762 δόξαν
1839 1697 1897 1749 οὐ

339 1797 418 1868 τῷ
442 1796 579 1867 Θεῷ,
611 1798 846 1866 ἀπήρκει
878 1794 985 1865 γάρ
1011 1792 1294 1856 ἀλαλάζειν
1337 1781 1500 1861 αὐτῷ·
1538 1789 1648 1844 ἀλλ’
1678 1789 1794 1840 οὐδὲ
1826 1786 1901 1856 τῷ

1982 701 2105 767 jure
2134 697 2404 751 dicantur.
2431 693 2561 759 Quae
2587 693 2750 762 igitur
2778 691 2841 745 ad
2870 691 3227 761 cognitionem
3261 691 3527 760 pertinent

1988 790 2167 843 anima
2216 789 2271 841 in
2326 785 2500 856 seipsa
2546 798 2641 854 per
2688 783 3057 852 iubilationem
3113 783 3528 852 exsequebatur,

1989 876 2339 946 quamobrem
2371 873 2475 942 ipsi
2505 871 2613 926 Deo
2634 869 2927 938 juhilabat;
2959 884 3052 938 per
3085 878 3404 926 consuetum
3436 888 3532 925 au-

1990 974 2097 1020 tem
2121 965 2334 1034 corpori
2359 962 2549 1034 agendi
2576 969 2780 1016 motum
2805 959 3064 1030 psallendi
3095 961 3258 1013 ritum
3280 976 3536 1030 exseque-

1991 1058 2190 1111 batur:
2223 1069 2388 1124 quare
2417 1054 2613 1108 dicitur
2666 1071 2678 1106 :
2733 1069 2751 1102 ι
2808 1050 3020 1105 Nomini
3060 1053 3195 1120 ejus.
3245 1071 3262 1102 ι
3299 1050 3534 1106 Laudem

1994 1149 2193 1216 quippe
2237 1145 2441 1200 nomini
2494 1143 2586 1197 Dei
2620 1143 2920 1197 conciliant
2955 1151 3100 1197 recte
3145 1142 3306 1208 facta,
3352 1159 3471 1213 qua
3504 1158 3536 1196 a

1995 1237 2180 1290 multis
2207 1234 2636 1303 conspiciuntur.
2668 1230 2870 1295 Tertio,
2895 1230 3203 1285 mandatum
3236 1233 3392 1288 nobis
3418 1247 3538 1286 om-

1996 1326 2180 1389 nibus,
2214 1323 2307 1392 qui
2336 1338 2401 1376 ex
2432 1310 2683 1391 gentibus
2713 1318 2779 1371 ad
2816 1317 2906 1372 Dei
2948 1318 3305 1387 cognitionem
3353 1333 3539 1373 acces-

1999 1418 2201 1479 simus,
2241 1414 2495 1468 traditum
2545 1419 2648 1472 est,
2697 1424 2804 1479 quo
2846 1409 3097 1478 jubemur
3135 1409 3356 1478 gloriam
3389 1409 3539 1472 dare,

1999 1517 2107 1555 non
2142 1500 2250 1555 Deo
2270 1540 2283 1564 ,
2310 1500 2441 1554 satis
2471 1499 2614 1553 enim
2643 1504 2760 1551 erat
2784 1498 3015 1566 jubilare
3036 1498 3169 1566 ipsi;
3195 1513 3302 1551 non
3335 1499 3542 1552 nomini

1999 1592 2137 1658 ejus,
2167 1590 2292 1643 huic
2324 1591 2466 1643 enim
2507 1589 2736 1656 psallere
2775 1588 3060 1656 jubemur,
3089 1587 3180 1642 sed
3234 1588 3377 1642 laudi
3402 1591 3541 1656 ejus.

2001 1680 2304 1734 Laudanles
2342 1680 2484 1732 enim
2515 1680 2689 1746 ipsum
2725 1693 2820 1746 par
2849 1684 2931 1731 est
2965 1692 3070 1731 non
3119 1678 3413 1740 humiliter,
3447 1693 3545 1732 nec

2002 1771 2121 1825 Sine
2143 1769 2311 1838 gloria
2338 1767 2391 1820 id
2423 1782 2597 1837 agere,
2628 1765 2723 1820 sed
2748 1779 2940 1834 magno
2974 1780 3097 1818 cum
3129 1765 3333 1820 honore
3361 1776 3412 1820 et
3432 1766 3548 1835 glo-

340 1856 776 1959 6edpart'at’nol5,
799 1856 971 1953 τούτω
1021 1883 1128 1955 γάρ
1159 1882 1378 1951 ψάλλειν
1417 1856 1899 1950 ἐκελευόμεθα·-τῆ
1936 1945 1971 1959 ἢ
2005 1863 2078 1959 1:13

1810 1879 1899 1946 ,τῇ
2005 1863 2106 1915 ria.
2146 1859 2420 1935 Siquidem
2475 1867 2666 1928 praeter
2713 1856 3074 1926 cognitionem
3120 1856 3212 1912 Dei
3264 1857 3320 1912 in
3369 1867 3547 1911 mente

342 1979 398 2032 δὲ
425 1945 624 2031 αἰνέσει
653 1945 834 2030 αὐτοῦ.
860 1945 1148 2036 Δίνοῦντας
1174 1945 1286 2044 γὰρ
1338 1973 1497 2026 αὐτὸν
1539 1945 1800 2042 προσήκει
1830 1945 1902 2038 μὴ
1935 1945 1974 1998 Β
2002 1953 2080 2008 del

1830 1945 1902 2038 μὴ
1935 1945 1974 1998 Β
2002 1952 2252 2014 deﬁxam,
2278 1965 2398 2020 quae
2428 1965 2523 2019 per
2549 1950 2967 2003 instrumentum
2989 1947 3312 2010 celebratur,
3344 1962 3442 2016 par
3463 1955 3546 2002 est

342 2064 630 2132 ταπεινῶς,
666 2069 797 2137 μηδὲ
825 2065 1024 2129 ἀδόξως
1056 2066 1243 2126 αἰνεῖν,
1292 2064 1388 2116 σὺν
1449 2062 1614 2132 πολλῇ
1663 2061 1719 2114 δὲ
1773 2061 1902 2129 τιμῇ

344 2161 439 2214 καὶ
463 2158 607 2230 δόξῃ.
643 2157 784 2228 Πρὸς
813 2156 920 2227 γὰρ
947 2157 1012 2225 τῇ
1046 2153 1184 2207 κατά
1211 2153 1445 2205 διάνοιαν
1474 2150 1760 2223 ἐρρωμένη
1779 2148 1905 2217 περὶ

345 2253 478 2307 Θεοῦ
503 2251 706 2320 ’γνώσει
740 2251 804 2303 δι’
837 2248 1067 2320 ὀργάνου
1098 2245 1504 2316 κατορθουμένῃ
1529 2242 1906 2313 προσήκεικαὶ

344 2341 432 2397 διὰ
457 2341 626 2408 λόγων
649 2338 804 2392 θείων
835 2339 1012 2399 αῐνους
1041 2337 1134 2389 καὶ
1174 2334 1372 2405 ὕμνους
1401 2333 1525 2395 τοὺς
1557 2333 1637 2395 εἰς
1665 2331 1757 2384 τὸν
1777 2331 1906 2383 Θεὸν

347 2434 702 2506 περιεχόντων
757 2434 853 2486 σὺν
887 2429 1138 2500 εὐλαϐείᾳ
1188 2428 1282 2481 καὶ
1342 2425 1621 2494 σεϐασμίῳ
1670 2425 1800 2493 τιμῇ
1847 2423 1908 2474 τὸ

348 2525 562 2595 πρῶτον
588 2521 935 2594 ἀποπληροῦν
968 2522 1312 2592 πρόσταγμα.
1337 2518 1427 2570 Διὸ
1453 2516 1715 2569 λέλεκται·
1742 2533 1759 2564 ε
1783 2514 1908 2565 Δότε

345 2617 502 2680 δόξαν
517 2615 718 2668 αἰνέσει
737 2609 921 2665 αὐτοῦ·
962 2629 982 2663 ι
1007 2612 1039 2680 ἢ
1062 2609 1200 2663 κατὰ
1222 2608 1310 2660 τὸν
1339 2605 1591 2671 Ἀκύλαν,
1627 2622 1645 2654 ι
1671 2604 1796 2655 Δότε
1827 2602 1910 2653 66-

350 2707 446 2772 ξαν
483 2705 710 2776 ὑμνήσει
739 2701 1007 2770 αὐτοῦ·ιῆ
1039 2700 1178 2754 κατὰ
1203 2700 1294 2752 τὸν
1320 2697 1629 2766 Σύμμαχον,
1666 2713 1684 2745 ι
1705 2692 1909 2756 Τάξατε

350 2800 430 2860 εἰς
459 2796 622 2866 τιμὴν
653 2794 742 2845 τὸν
777 2791 942 2862 ὕμνον
989 2789 1206 2844 αὐτοῦ.›
1255 2789 1376 2840 Ἔτι
1437 2785 1572 2855 πρὸς
1615 2784 1821 2844 τούτοις
1852 2783 1911 2852 τὸ

351 2886 574 2956 Πνεῦμα
605 2884 665 2937 τὸ
694 2880 1026 2953 προφητικὸν
1086 2876 1511 2950 παρακελεύεται
1563 2876 1728 2927 πᾶσιν
1782 2875 1910 2942 ἡμῖν

350 2976 770 3049 τιθεωρημένως
798 2970 1114 3036 ὲνατενίζειν
1168 2972 1279 3033 τοῖς
1307 2969 1486 3040 ἔργοις
1517 2966 1610 3019 τοῦ
1634 2964 1787 3028 Θεοῦ,
1819 2964 1912 3016 καὶ

352 3051 444 3124 τὸν
466 3069 588 3122 νοῦν
616 3067 858 3136 ὲφιστᾷν,
885 3066 1030 3126 ὅπως
1077 3061 1241 3132 φόϐου
1299 3061 1389 3113 καὶ
1435 3057 1742 3128 ἐκπλήξεως
1769 3056 1914 3128 γέμῃ

352 3161 422 3215 τὰ
451 3161 548 3230 τῆς
576 3160 788 3227 ισοφὶας
839 3155 998 3210 αὐτοῦ
1035 3153 1538 3225 μεγαλουργήματα.
1580 3168 1597 3199 ‹
1641 3149 1731 3200 Ἐκ
1757 3146 1915 3217 μεγέ-

2003 2045 2164 2098 etiam
2224 2041 2424 2096 divinis
2469 2040 2807 2095 sermonibus
2843 2038 3027 2094 laudes
3077 2047 3131 2092 et
3181 2038 3407 2109 hymnos
3454 2037 3544 2093 Dei

2003 2132 2481 2202 complectentibus
2509 2146 2630 2184 cum
2652 2131 2847 2199 pietate
2865 2145 2926 2184 ac
2943 2128 3284 2184 veneratione
3316 2129 3545 2197 primum

2005 2232 2330 2295 praeceptum
2353 2223 2593 2291 implere.
2621 2220 2799 2286 Quare
2829 2221 3030 2274 dictum
3059 2212 3141 2275 est
3175 2239 3188 2274 :
3219 2237 3237 2270 ι
3278 2217 3406 2273 Date
3430 2219 3546 2289 glo-

2006 2317 2140 2368 riam
2166 2314 2311 2368 laudi
2339 2314 2488 2382 ejus;
2534 2333 2552 2364 ι
2593 2314 2698 2379 vel,
2726 2313 3022 2368 secundum
3049 2311 3292 2381 Aquilam
3317 2329 3329 2363 :
3374 2329 3391 2360 ι
3419 2308 3548 2363 Date

2007 2405 2229 2473 gloriam
2249 2402 2462 2472 hymnis
2477 2403 2595 2471 ejus
2615 2420 2629 2467 ;
2655 2420 2673 2452 ›
2695 2402 2798 2465 vel,
2823 2400 3119 2456 secundum
3137 2399 3511 2471 Symmachum
3533 2413 3547 2449 :

2013 2514 2030 2546 ι
2062 2495 2387 2549 Constituite
2418 2495 2472 2547 in
2504 2495 2761 2548 honorem
2789 2493 3049 2562 hymnum
3085 2493 3222 2561 ejus.
3265 2511 3282 2543 ι
3313 2491 3393 2546 Ad
3437 2491 3548 2545 haec

2008 2600 2132 2639 vero
2160 2586 2397 2654 Spiritus
2424 2585 2770 2654 propheticus
2797 2584 2952 2652 jubet
2983 2598 3082 2638 nos
3115 2597 3304 2639 omnes
3349 2588 3551 2637 attento

2010 2679 2188 2731 animo
2216 2692 2378 2746 opera
2409 2677 2502 2731 Dei
2537 2676 2900 2738 considerare,
2932 2682 3091 2745 atque
3117 2681 3296 2729 mente
3326 2689 3550 2744 perpen-

2008 2768 2154 2831 dere,
2185 2781 2293 2836 quo
2327 2773 2484 2836 pacto
2513 2780 2704 2836 magna
2726 2765 3005 2834 sapientiae
3033 2765 3177 2820 illius
3201 2773 3364 2835 opera
3397 2767 3542 2819 timo-

2012 2871 2121 2909 rem
2156 2865 2535 2923 stuporemque
2565 2852 2817 2907 inferant.
2858 2870 2877 2902 ι
2909 2851 3042 2905 Nam
3081 2867 3146 2906 ex
3189 2853 3552 2922 magnitudine
3580 2845 3588 2854 ’

2009 2960 2061 3001 et
2101 2946 2501 3016 pulchritudine
2540 2951 2914 3000 creaturarum
2951 2945 3299 3013 proportione
3322 2945 3551 3014 quadam

2011 3036 2188 3107 opifex
2229 3036 2548 3106 intelligitur
2583 3035 2664 3101 ⁵⁶;
2705 3054 2723 3087 ›
2759 3043 2855 3089 et:
2896 3055 2913 3086 ι
2963 3034 3258 3090 lnvisibilia
3302 3037 3471 3105 ipsius
3523 3052 3553 3089 a

2013 3135 2264 3182 creatura
2306 3127 2514 3190 mundi,
2558 3141 2653 3196 per
2682 3140 2745 3181 ea
2771 3140 2890 3196 qua:
2913 3125 3055 3180 facta
3084 3136 3228 3190 sunt,
3260 3127 3552 3192 intellecta,

354 3251 478 3314 ειυς
504 3217 612 3320 γὰρ
659 3217 751 3301 καὶ
770 3217 783 3220 ﬁ
802 3217 1066 3312 ’καλλονῆς
1114 3217 1420 3313 κτισμάτων
1478 3238 1747 3328 ἀναλόγως
1773 3239 1800 3289 6
1832 3253 1916 3305 γε-
1943 3271 1984 3328 C
2015 3235 2092 3328 (:91

1832 3253 1916 3305 γε.
1943 3271 1984 3328 C
2015 3220 2443 3288 conspiciuntur,
2499 3219 2824 3287 sempiterna
2872 3233 3085 3289 quoque
3141 3218 3260 3288 ejus
3301 3217 3472 3273 virtus
3504 3226 3556 3273 et

341 3333 661 3412 ’γεσιουργὸς
687 3339 984 3407 θεωρεῖται·
1028 3354 1046 3386 ι
1069 3335 1191 3388 καί·
1217 3353 1235 3384 ί
1266 3332 1345 3386 Τὰ
1371 3331 1574 3404 ἀόρατα
1602 3327 1763 3383 αὐτοῦ
1808 3328 1914 3380 ἀπὸ

356 3433 583 3493 δτίσεως
613 3429 812 3498 κόσμου
845 3429 956 3488 τοῖς
1003 3426 1264 3495 ποιήμασι
1301 3423 1561 3495 νοούμενα
1598 3420 1909 3491 καθορᾶται·

245 3537 260 3553 ·
354 3522 391 3591 ἦ
418 3537 478 3574 τε
504 3520 668 3580 ἀΐδιος
701 3514 863 3568 αὐτοῦ
906 3514 1132 3583 δύναμις
1177 3512 1271 3564 καὶ
1327 3512 1557 3582 θειότης.
1582 3529 1600 3561 ι
1631 3508 1794 3563 Ταῦτ’
1821 3505 1914 3562 οὖν

356 3609 715 3680 θεωροῦντας,
755 3602 1290 3676 ὐπερεκπλήττεσθαι
1345 3602 1442 3666 δεῖ,
1499 3603 1592 3654 καὶ
1629 3600 1803 3668 λέγειν
1837 3595 1914 3669 τῷ

355 3701 494 3771 Θεῷ·
535 3719 553 3752 ι
588 3700 673 3762 Ὠς
703 3696 907 3769 φοϐερά
941 3697 1008 3748 τὰ
1032 3695 1168 3765 ἔργα
1190 3710 1334 3746 σου.»
1369 3691 1649 3761 Ἀλλ’ήμῖν
1684 3690 1781 3759 μὲν
1803 3693 1915 3753 τοῖς

357 3793 462 3847 ὑπὸ
490 3791 590 3854 σοῦ,
622 3786 1047 3858 πεφωτισμένοις
1077 3785 1339 3854 ἔγνωσται
1357 3784 1449 3836 καὶ¹
1472 3781 1822 3850 κατείληπται
1847 3779 1915 3832 τὰ

320 3897 328 3905 ·
357 3884 493 3956 ἔργα
526 3898 616 3935 σου
645 3880 770 3934 ὄντα
799 3876 1021 3948 φοϐερά·
1056 3877 1105 3928 οἱ
1134 3875 1188 3927 δὲ
1213 3873 1395 3946 ἐχθροί
1426 3889 1518 3925 σου
1541 3873 1596 3924 ὲν
1616 3870 1917 3950 σκότῳφκα-

356 3974 709 4046 λινδούμενοι,
745 3972 846 4026 κᾶν
879 3969 1102 4024 ἐθέλωσι
1139 3983 1267 4020 ποτε
1298 3966 1422 4037 περὶ
1444 3965 1550 4018 τῶν
1584 3964 1688 4018 σῶν
1741 3963 1914 4034 ἔργων

356 4067 627 4132 διεξιέναι,
660 4065 753 4118 καὶ
776 4064 964 4132 λόγους
988 4062 1062 4123 ὡς
1091 4055 1198 4112 οἷόν
1228 4075 1286 4110 τε
1313 4059 1567 4126 φυσικοὺς
1594 4053 1912 4116 ἀποδιδόναι,

361 4157 576 4231 μακρὰν
611 4156 974 4210 ἀποπίπτουσι
994 4151 1084 4204 τοῦ
1111 4149 1341 4219 πλήθους
1362 4149 1460 4218 τῆς
1495 4147 1591 4217 σῆς
1616 4145 1911 4214 δυνάμεως,

358 4252 509 4304 οὐδὲν
542 4249 690 4316 ὑγιὲς
722 4247 840 4300 οὐδὲ
876 4243 1070 4314 ἀληθὲς
1100 4241 1309 4310 ἔχοντες
1355 4240 1547 4308 λέγειν.
1581 4238 1669 4290 Διό
1717 4234 1909 4307 φαμενἶ

365 4358 385 4391 ι
406 4341 493 4392 Ἐν
526 4338 602 4409 τῷ
632 4336 824 4408 πλήθει
852 4337 950 4405 τῆς
978 4331 1254 4404 δυνάμεώς
1311 4347 1403 4384 σου
1447 4328 1732 4398 ψεύσονταί
1777 4345 1836 4379 σε
1867 4329 1914 4379 οἱ

359 4431 543 4502 ἐχθροί
578 4446 690 4483 σουι
729 4429 883 4481 Πᾶσα
933 4428 966 4496 ἡ
1000 4426 1071 4494 γῆ
1134 4421 1659 4495 προσκυνησάτωσάν
1713 4437 1792 4472 σοι
1825 4420 1916 4471 καὶ

357 4522 817 4592 ψαλάτωσάνσοι,
851 4517 1172 4587 ψαλάτωσαν
1203 4513 1278 4584 τῷ
1302 4513 1521 4584 ὀνόματί
1552 4530 1663 4564 σου.
1688 4511 1917 4580 Διάψαλ-

2016 3310 2271 3365 divinitas
2291 3309 2370 3384 ⁸⁷..
2392 3328 2410 3361 ι
2445 3308 2568 3363 Haec
2590 3312 3034 3380 contemplantes,
3058 3317 3277 3381 stupore
3303 3310 3436 3364 allici
3463 3325 3555 3380 par

2013 3408 2114 3464 est,
2155 3414 2217 3454 ac
2242 3400 2418 3455 dicere
2446 3400 2556 3454 Deo
2585 3416 2599 3476 ¹ε
2632 3418 2649 3450 ι
2687 3400 2856 3465 Quam
2887 3401 3147 3456 terribilia
3176 3415 3338 3470 opera
3368 3402 3490 3453 tua!
3533 3419 3553 3453 ι

2017 3490 2120 3546 Sed
2144 3505 2182 3544 .a
2212 3492 2368 3545 nobis
2397 3491 2614 3561 quidem
2647 3492 2743 3546 abs
2775 3499 2827 3547 te
2865 3492 3181 3546 illuminatis
3210 3493 3558 3562 cognoscitur

2013 3588 2066 3638 e't
2093 3582 2565 3650 comprehenditur
2586 3597 2749 3652 opera
2772 3590 2861 3636 tua
2890 3583 3150 3636 terribilia
3184 3597 3322 3637 esse.
3350 3582 3557 3636 Inimici

2015 3687 2142 3728 vero
2171 3674 2248 3727 tui
2284 3675 2338 3727 in
2372 3673 2608 3729 tenebris
2635 3674 2880 3737 volutati,
2920 3672 3130 3728 etiamsi
3172 3655 3556 3743 nonnunquam

2011 3765 2185 3838 velint
2206 3765 2272 3819 de
2293 3765 2564 3834 operibus
2608 3765 2720 3818 tuis
2751 3765 2911 3819 verba
2941 3764 3137 3828 facere,
3177 3746 3557 3833 naturalesque

2014 3868 2290 3910 sermones
2325 3870 2424 3924 pro
2456 3854 2714 3908 facultate
2767 3852 2965 3918 texere,
3016 3854 3172 3924 longe
3221 3854 3474 3908 aberrant
3529 3868 3556 3907 a

2012 3944 2381 4015 magnitudine
2408 3945 2629 3999 virtutis
2675 3953 2800 4022 tuae,
2844 3945 3085 4015 nihilque
3125 3960 3338 4010 sanum,
3373 3959 3554 4000 verum

2011 4037 2145 4091 nihil
2173 4036 2362 4093 efferre
2398 4038 2593 4092 valent.
2634 4035 2816 4102 Quare
2841 4037 3086 4092 'dicimus
3121 4056 3134 4091 ;
3171 4055 3189 4088 ι
3226 4037 3554 4092 ln-multitu-

2013 4129 2138 4184 dine
2166 4129 2381 4183 virtutis
2404 4135 2511 4183 tua:
2541 4130 2868 4183 mentientur
2887 4129 2986 4184 tibi
3017 4129 3222 4183 inimici
3249 4129 3347 4183 tui.
3375 4127 3556 4186 Omnis

2013 4227 2155 4275 terra
2180 4218 2366 4274 adoret
2389 4228 2458 4283 te,
2480 4227 2534 4275 et
2557 4221 2750 4290 psallat
2767 4221 2885 4285 tibi,
2911 4202 3174 4291 psalmum
3192 4219 3339 4273 dicat
3358 4218 3563 4273 nomini

2013 4312 2147 4366 tuo.’
2180 4311 2501 4380 Diapsalma.
2534 4331 2552 4363 ι
2608 4311 2796 4367 Priora
2849 4313 3063 4382 quidem
3106 4317 3371 4381 praecepta
3415 4310 3563 4362 omni

2015 4410 2189 4463 terrae,
2221 4402 2470 4457 videlicet
2511 4403 2763 4471 omnibus
2797 4404 3064 4472 gentibus,
3113 4401 3424 4471 prophetice
3454 4409 3565 4453 tra—

2012 4494 2126 4548 dita
2157 4493 2388 4548 fuerant.
2411 4494 2548 4558 Quia
2577 4509 2725 4557 vero,-
2749 4501 2806 4547 ut
2834 4494 2947 4546 haac
2975 4507 3135 4560 opere
3158 4490 3413 4560 compleri
3437 4505 3564 4560 pos-

363 4581 492 4684 μα.»
535 4611 614 4664 Τὰ
639 4610 734 4681 μὲν
761 4581 949 4678 πρῶτα
978 4581 1406 4676 παραγγέλματα
1434 4599 1504 4674 ἦν
1557 4602 1704 4674 πάσῃ
1724 4603 1787 4671 τῇ
1822 4602 1913 4670 γῇ,
1946 4601 1990 4654 ι)
2019 4597 2101 4684 sem

1823 4602 1913 4670 γῇ,
1946 4601 1990 4654 ι)
2019 4592 2156 4650 sent,
2175 4583 2417 4640 oratione
2434 4599 2569 4654 Opus
2592 4592 2728 4644 erat,
2749 4582 2980 4651 Spiritus
3002 4583 3216 4636 divinus
3239 4589 3359 4650 post
3382 4581 3561 4649 priora

357 4704 558 4777 δηλαδὴ
585 4706 717 4756 πᾶσι
744 4704 855 4763 τοῖς
886 4699 1081 4760 ἔθνεσι,
1102 4695 1446 4767 προφητικῶς
1478 4691 1914 4765 παρηγγελμένα·
1978 4736 1984 4741 .

360 4797 482 4849 ἐπεὶ
512 4795 567 4848 δὲ
588 4794 750 4864 εὐχῆς
806 4788 872 4862 ἦν
929 4790 1086 4860 χρεία
1120 4791 1197 4850 εἰς
1224 4788 1284 4840 τὸ
1325 4786 1613 4864 δυνηθῆναι
1642 4785 1707 4860 δι’
1746 4784 1918 4855 ἔργων

358 4886 530 4938 ταῦτα
560 4862 822 4956 χωρῆσαι,
856 4878 1163 4949 ἀναγκαίως
1189 4878 1249 4930 τὸ
1281 4877 1421 4931 θεῖον
1447 4862 1667 4945 Πνεῦμα
1697 4874 1831 4943 μετά
1851 4873 1918 4927 τά

360 4975 552 5042 πρῶτα
581 4973 715 5044 πρὸς
747 4972 903 5024 αὐτὸν
934 4970 1243 5041 ἐπιστρέφει
1277 4969 1364 5020 τὸν
1412 4967 1560 5030 Θεὸν,
1592 4963 1753 5033 εὐχὴν
1780 4965 1920 5034 ὑπὲρ

360 5065 542 5133 πάσης
560 5063 659 5133 τῆς
686 5063 788 5132 γῆς
838 5063 1174 5130 ἀναπέμπον.
1226 5059 1315 5112 Διό
1366 5071 1514 5127 φησι·
1555 5075 1571 5106 ι
1603 5056 1756 5108 Πᾶσα
1785 5057 1816 5124 ή
1849 5056 1920 5125 γῆ

360 5154 888 5225 προσκυνησάτωσάν
924 5170 1003 5206 σοι
1035 5153 1128 5205 καὶ
1180 5149 1500 5219 ψαλάτωσάν
1539 5163 1640 5208 σοι,
1674 5144 1921 5214 ψαλάτω-

362 5263 464 5298 σαν
491 5243 570 5314 τῷ
591 5243 810 5313 ὀνόματί
832 5261 978 5296 σου.»
1028 5241 1170 5294 Ἀντὶ
1201 5241 1256 5292 δὲ
1316 5238 1428 5292 τοῦ·
1463 5256 1480 5287 ι
1521 5237 1674 5288 Πᾶσα
1708 5236 1739 5303 ἡ
1771 5235 1865 5304 γῆ,
1899 5254 1915 5284 ι

355 5340 391 5392 ‘6
423 5330 715 5405 Σύμμαχος
748 5324 1072 5404 σαφέστερον
1103 5333 1440 5403 ήρμήνευσεν
1459 5327 1642 5380 εἰπών·
1676 5344 1692 5373 ι
1717 5325 1921 5387 Πάντες

365 5430 412 5481 οἱ
448 5424 716 5493 επὶ-γῆς’
753 5422 1067 5492 λευκότερον
1113 5420 1376 5491 δηλώσας,
1421 5419 1500 5471 ὅτι
1541 5416 1611 5487 μὴ
1652 5415 1920 5474 Ἰουδαίοις

361 5519 425 5577 τὸ
449 5513 810 5588 παράγγελμα
839 5511 1032 5588 δέδοτο,
1091 5509 1226 5562 ἀλλά
1266 5512 1395 5562 πᾶσι
1422 5509 1535 5568 τοῖς
1571 5504 1662 5558 ἐπὶ
1693 5504 1794 5574 γῆς
1825 5505 1917 5556 ἀν-

363 5607 619 5681 θρώποις.
650 5593 922 5668 Μεγίστης
943 5599 1049 5670 γὰρ
1068 5597 1272 5651 ἐδέοντο
1298 5589 1482 5667 εὐχῆς,
1502 5594 1576 5655 ὡς
1599 5591 1662 5645 ἂν
1691 5592 1920 5681 δυνάμει

363 5679 498 5753 Θεοῦ
524 5690 820 5765 παράδοξος
851 5688 1056 5758 γένοιτό
1088 5704 1169 5749 τις
1195 5687 1252 5737 ὲν
1276 5685 1455 5747 αὐτοῖς
1491 5680 1754 5754 μεταϐολὴ
1784 5679 1920 5750 πρὸς

437 5879 484 5912 ⁸⁸
509 5877 634 5950 Sap.
669 5892 788 5941 xm,
820 5875 869 5928 5.
946 5874 988 5904 "
1013 5873 1166 5929 Rom.
1203 5886 1240 5933 ι,
1272 5869 1364 5924 20.

681 5977 946 6036 Ρηιιοι..
980 5972 1094 6034 Gn.
1127 5966 1362 6031 XXIII.

2019 4677 2140 4739 illa,
2187 4675 2500 4730 necessario
2550 4674 2616 4726 ad
2662 4673 2826 4727 Deum
2867 4671 3110 4734 vertitur,
3158 4671 3564 4737 orationemque

2019 4782 2115 4838 pro
2137 4767 2390 4821 universa
2427 4776 2565 4819 terra
2594 4763 2809 4817 emittit.
2839 4761 3200 4828 Quamobrem
3233 4764 3303 4816 ait
3339 4783 3351 4815 :
3388 4780 3405 4812 ‹
3444 4760 3566 4815 Om-

2018 4859 2103 4912 nis
2135 4865 2274 4911 terra
2307 4855 2493 4908 adoret
2524 4863 2595 4916 te,
2629 4861 2682 4908 et
2710 4854 2915 4924 psallat
2954 4855 3073 4918 tibi,
3109 4855 3373 4923 psalmum
3419 4852 3564 4906 dicat

2020 4949 2219 5002 nomini
2255 4955 2366 5000 tuo.
2393 4965 2410 4996 ι
2434 4944 2540 4999 Pro
2569 4945 2662 5001 illo
2687 4955 2864 5001 autem
2888 4967 2898 5000 :
2943 4964 2962 4998 ι
2995 4947 3183 5000 Omnis
3207 4954 3369 5007 terra,
3408 4964 3425 4996 ι
3454 4946 3565 5000 cla-

2018 5041 2131 5093 rius
2156 5037 2509 5108 Symmachus
2534 5039 2917 5107 interpretatur
2939 5039 3123 5094 dicens
3157 5060 3167 5091 :
3201 5056 3218 5089 ι
3247 5038 3446 5092 Omnes
3471 5039 3564 5108 qui

2019 5129 2071 5181 in
2106 5135 2250 5181 terra
2281 5136 2426 5191 sunt,
2453 5147 2472 5179 ι
2501 5130 2738 5198 apertius
2767 5129 3068 5193 declarans,
3097 5143 3201 5181 non
3232 5125 3432 5181 ludatis
3458 5135 3564 5180 tra-

2016 5218 2185 5272 ditum
2228 5224 2551 5286 praeceptum
2597 5233 2736 5279 esse,
2776 5217 2870 5272 sed
2917 5216 3285 5283 omnibusqui
3335 5215 3388 5267 in
3421 5222 3564 5270 terra

2019 5315 2142 5363 sunt
2182 5306 2509 5363 hominibus.
2563 5307 2822 5362 Precibus
2864 5321 3093 5376 namque
3142 5305 3396 5361 maxime.
3425 5319 3563 5375 opus

2018 5413 2152 5465 erat,
2188 5407 2248 5453 ut
2288 5417 2354 5454 ex
2403 5399 2499 5455 Dei
2554 5407 2838 5469 potestate,
2896 5400 3260 5464 inexspectata
3315 5394 3562 5463 quaedam

2017 5490 2244 5546 mutatio
2269 5491 2402 5561 ipsis
2431 5490 2727 5549 accederet,
2769 5495 2828 5541 ut
2872 5503 2939 5541 ne
2969 5487 3105 5538 ultra
3138 5485 3427 5537 multorum
3471 5498 3564 5539 nu-

2017 5584 2222 5639 minum
2252 5585 2422 5640 errori
2452 5585 2631 5658 animo
2656 5582 3020 5643 adhaererent;
3048 5575 3141 5632 sed
3166 5591 3329 5632 unum
3368 5575 3560 5659 Deum,

2017 5677 2190 5733 solum
2221 5675 2550 5733 adorandum
2594 5688 2783 5731 reapse
2803 5673 3040 5727 colerent
3075 5677 3127 5724 et
3147 5667 3454 5729 adorarent.
3479 5675 3564 5723 at-

3213 5933 3287 5996 21
