4402 6402
894 465 993 527 681
1619 465 1884 530 EUSEBII
1927 474 2402 530 CIESARIENSlS
2441 476 2592 532 OPP.
2633 477 2814 534 PARS
2851 477 2938 533 Ill.
2979 509 3043 519 —
3084 477 3485 536 EXEGE’I‘ICA.
4024 479 4130 533 ϐω

889 598 996 653 que
1031 590 1357 652 praeceptum
1403 582 1716 651 huiusmodi
1745 583 2099 639 observarent
2133 605 2142 639 :
2187 604 2202 636 ι
2244 585 2464 640 Psallite
2494 603 2536 655 Α
2567 589 2625 640 τὸ

2394 586 2464 640 ite
2494 603 2536 655 Α
2567 589 2625 640 τὸ
2651 589 2844 658 μηκέτι
2881 589 2976 658 μὲν
3025 591 3090 658 τῇ
3131 589 3376 660 πολυθέῳ
3408 591 3692 662 προσέχειν
3741 590 3936 662 πλάνῃ,
3974 592 4132 662 μόνον

892 676 1100 732 nomini
1138 676 1278 743 eius.
1317 694 1337 727 ι
1384 673 1452 728 Ut
1490 677 1676 744 itaque
1727 675 1842 728 haec
1882 676 2156 741 eveniant,
2217 675 2454 745 Spiritus
2561 678 2614 731 δὲ

2394 693 2454 731 us
2561 678 2614 731 δὲ
2650 679 2825 732 σέϐειν
2846 681 2903 731 ὂν
2935 680 3134 732 δεῖκαί
3177 685 3532 751 ,προσκυνεῖν,
3585 683 3675 734 τὸν
3701 682 3796 734 ἕνα
3836 683 3930 734 καὶ
3974 684 4132 752 μόνον

891 782 1111 824 sanctus
1145 770 1214 822 ita
1248 773 1500 837 precatur
1529 786 1541 820 :
1571 784 1592 817 ι
1631 764 1820 823 Omnis
1859 773 2004 820 terra
2055 767 2246 821 adoret
2298 777 2351 822 te
2403 775 2456 822 et
2561 788 2629 822 κα

2403 775 2456 822 et
2561 771 2652 822 καὶ
2689 772 3059 841 προσκυνητδν
3121 771 3272 837 Θεὸν,
3305 772 3566 825 ἐπιτελεῖν
3599 790 3658 824 τε
3710 773 3771 825 τὸ
3805 773 4133 844 πρόσταγμα

891 863 1085 930 psallat
1117 861 1232 922 tibi,
1270 859 1538 929 psalmum
1569 859 1710 912 dicat
1749 860 1956 911 nomini
1993 867 2107 914 tuo.
2150 879 2169 910 ι
2560 860 2625 911 δι’

2560 860 2625 911 δι’
2647 856 2706 914 οῦ
2737 861 2968 928 ἐλέγετο·
3000 881 3018 912 ι
3045 862 3264 914 Ψάλατε
3286 855 3354 932 δὴ
3380 863 3455 932 τῷ
3497 863 3715 933 ὀνόματι
3749 865 3932 918 αὑτοῦ.
3977 885 3992 916 ι
4037 866 4132 918 Ἴν⁹

888 954 980 1008 οὖν
1023 944 1190 1008 ταῦτα
1247 954 1493 1024 γένηται,
1557 952 1772 1023 εὔχεται
1805 954 1868 1005 τὸ
1923 953 2147 1024 Πνεῦμα
2196 955 2257 1006 τὸ
2307 954 2458 1021 ἅγιον
2495 954 2679 1023 λέγον·
2731 976 2748 1006 ι
2783 958 2996 1026 Πᾶσαή
3045 957 3117 1026 γῆ
3169 958 3698 1028 προσκυνησάτωσάν
3733 975 3813 1011 σοι
3875 958 3968 1012 καὶ
4023 959 4129 1028 ψα-

889 1047 1127 1100 λάτωσάν
1157 1063 1256 1110 σοι,
1281 1044 1603 1114 ψαλάτωσαν
1633 1044 1709 1113 τῷ
1737 1043 1959 1115 ὀνόματί
1981 1061 2094 1096 σου.
2124 1064 2143 1097 ι

958 1165 1121 1221 Vens.
1149 1166 1201 1229 5,
1239 1164 1291 1218 6.
1336 1182 1354 1214 ι
1383 1163 1576 1219 Venite
1607 1171 1659 1217 et
1686 1163 1864 1217 videte
1886 1177 2050 1230 opera
2091 1161 2207 1225 Dei,
2239 1162 2459 1217 terribi-

865 1261 950 1315 lis
973 1261 1025 1313 in
1051 1256 1295 1312 consiliis
1321 1271 1486 1325 super
1509 1255 1648 1308 lilios
1679 1253 1981 1306 hominum.
2017 1271 2034 1303 ι
2067 1250 2133 1306 Ut
2162 1252 2318 1322 longe
2346 1251 2458 1306 dis-

885 1353 1007 1408 sitis
1056 1351 1124 1404 iis
1161 1351 1252 1419 qui
1286 1349 1546 1402 invocant
1573 1361 1770 1399 nomen
1802 1345 1917 1407 Dei,
1951 1354 2009 1398 ut
2041 1346 2264 1413 propius
2298 1355 2457 1399 acce-

883 1444 1013 1498 dant
1043 1444 1284 1512 prmcipit
1316 1439 1539 1493 dicens:
1566 1457 1583 1489 ι
1616 1436 1829 1491 Venite.
1866 1454 1884 1487 ι
1917 1436 2073 1502 Quod
2104 1438 2284 1507 ipsum
2316 1437 2455 1490 divi-

883 1552 986 1590 nus
1030 1533 1322 1602 Apostolus
1372 1530 1669 1585 declaravit
1704 1531 1788 1586 his
1812 1531 2032 1584 verbis:
2066 1548 2084 1580 ι
2120 1531 2182 1581 lit
2222 1532 2446 1585 veniens

885 1625 1232 1681 annuntiavit
1273 1636 1461 1692 pacem
1513 1623 1666 1676 vobis
1707 1623 1800 1692 qui
1836 1623 1993 1693 longe
2029 1621 2228 1683 fuistis,
2266 1630 2319 1676 et
2352 1637 2447 1691 pa-

882 1732 998 1772 cem
1052 1716 1118 1770 iis
1163 1714 1254 1784 qui
1307 1728 1471 1783 prope
1495 1714 1560 1764 ⁸⁸.
1596 1731 1612 1763 ι
1661 1711 1863 1768 Omnes
1912 1727 2076 1782 porro
2119 1727 2215 1782 per
2257 1712 2445 1765 orbem

881 1814 1069 1878 gentes
1129 1804 1194 1858 ad
1239 1804 1330 1858 Dei
1386 1804 1659 1869 notitiam,
1713 1811 1766 1858 et
1815 1803 1881 1857 ad
1931 1802 2444 1871 contemplationem

882 1918 1102 1974 operum
1139 1904 1257 1972 ejus
1305 1917 1483 1958 sermo
1514 1913 1722 1957 evocat.
1753 1902 1887 1955 Nam
1922 1901 2110 1972 procul
2146 1899 2254 1955 Deo
2297 1901 2444 1970 posi-
2480 1939 2519 1992 Β

2631 1179 2650 1212 ι
2690 1158 2854 1212 Δεῦτε
2886 1159 2980 1212 καὶ
3020 1157 3154 1210 ἴδετε
3207 1156 3276 1210 τὰ
3309 1156 3442 1227 ἔργα
3483 1156 3574 1210 τοῦ
3611 1155 3768 1222 Θερῦ,
3800 1157 4028 1227 φοϐερὸς
4075 1175 4132 1210 εν

2549 1253 2769 1316 βουλαῖς
2799 1250 2950 1322 παρὰ
2984 1251 3109 1312 τοὺς
3138 1250 3286 1313 υἰοὺς
3317 1249 3426 1302 τῶν
3475 1246 3794 1317 ἀνθρώπων.
3824 1269 3840 1300 ι
3899 1249 3986 1310 Ὠς
4027 1265 4131 1317 μαι-

2556 1344 2690 1415 κρὰν
2742 1343 3075 1412 ἀφεστηκόσι
3122 1345 3232 1404 τοῖς
3282 1341 3634 1410 καλουμένοις
3667 1340 3724 1392 τὸ
3777 1338 3916 1392 θεῖον
3961 1340 4132 1410 ὄνομα

2555 1437 2776 1506 πλησίον
2801 1435 3054 1505 ἔρχεσθαι
3084 1435 3408 1504 προστάττει
3439 1434 3594 1501 λέγον
3614 1451 3627 1463 ο
3670 1451 3688 1483 ι
3709 1433 3889 1485 Δεῦτε.
3917 1452 3936 1484 ι
3961 1433 4132 1486 Τοῦτο

2551 1527 2607 1579 δὲ
2645 1531 2672 1579 6
2706 1527 2844 1590 θεῖος
2893 1513 3210 1588 Ἀ’πόστολος
3238 1526 3473 1595 παρίστη
3518 1523 3719 1577 εἰπών·
3769 1543 3786 1575 ι
3817 1524 3927 1576 Καὶ
3959 1524 4131 1577 ἐλθὼν

2552 1619 2940 1688 εὐηγγελίσατο
2969 1618 3193 1688 εἰρήνην
3228 1617 3354 1686 ὑμῖν
3379 1619 3490 1680 τοῖς
3526 1615 3764 1686 μακρὰν,
3792 1618 3885 1669 καὶ
3907 1617 4129 1688 εἰρήνην

2551 1715 2661 1774 τοῖς
2711 1710 2895 1778 ἐγγύς.
2941 1728 2958 1760 ι
3014 1707 3182 1762 Καλεῖ
3217 1708 3271 1760 δὲ
3316 1710 3342 1760 6
3395 1707 3547 1774 λόγος
3584 1709 3654 1760 τὰ
3691 1707 3809 1760 καθ’
3855 1707 3985 1779 ὅλης
4030 1709 4127 1778 τῆς

2553 1802 2873 1871 οἰκουμένης
2920 1801 3044 1871 ἔθνη
3096 1800 3186 1851 ἐπὶ
3217 1801 3315 1869 τὴν
3362 1798 3451 1850 τοῦ
3490 1799 3623 1852 Θεοῦ
3659 1799 3893 1867 γνῶσιν,
3931 1799 4023 1852 ἐπί
4065 1817 4126 1852 τε

2551 1894 2650 1964 τὴν
2685 1892 2917 1963 Θεωρίαν
2965 1892 3074 1943 τῶν
3127 1891 3302 1958 ἔργων
3333 1889 3517 1944 αύτοῦ.
3572 1890 3803 1960 Μακρὰν
3834 1891 3942 1962 γὰρ
3992 1891 4126 1958 ἀφε-

878 2005 966 2059 tte,
1010 2011 1184 2065 neque
1232 1995 1508 2060 videbant,
1554 2010 1731 2064 neque
1763 2001 2049 2048 noverant.
2080 1991 2446 2058 Quamobrem
2480 1975 2519 1992 υ
2550 2001 2608 2036 στ

2383 2007 2446 2044 ειη
2480 1975 2519 1992 ν
2550 1984 2726 2036 στῶτα
2751 1983 2846 2036 τοῦ
2868 1983 3000 2036 Θεοῦ
3031 1982 3153 2034 οὔτε
3183 1981 3347 2051 ἐώρα,
3378 1981 3502 2034 οὔτε
3531 1982 3809 2050 ἐγίνωσκε.
3841 1984 3932 2035 Διό
3959 1975 4121 2053 φησι·

878 2090 952 2143 ait
979 2108 991 2143 :
1023 2107 1042 2139 ι
1074 2087 1265 2143 Venite
1299 2094 1354 2142 et
1384 2085 1564 2140 videte
1594 2100 1758 2155 Opera
1795 2085 1886 2139 Dei
1919 2101 1931 2137 :
1970 2103 1987 2134 ›
2029 2083 2094 2137 de
2125 2083 2325 2153 quibus
2357 2099 2447 2137 su-

878 2196 974 2252 pra
999 2181 1204 2236 dictum
1232 2187 1317 2234 est
1344 2195 1356 2232 :
1388 2196 1406 2226 ι
1446 2176 1620 2232 Dicite
1657 2178 1764 2231 Deo
1791 2196 1800 2229 :
1830 2176 2003 2241 Quam
2036 2177 2299 2230 terribilia
2325 2189 2460 2230 sunt.

876 2286 1040 2327 ooera
1073 2271 1196 2323 tua!
1226 2286 1247 2324 ›
1279 2267 1384 2323 Sed
1415 2267 1543 2320 olim
1575 2267 1792 2337 quidem
1831 2265 2176 2336 praecipiebat
2217 2266 2399 2321 dicere
2431 2286 2441 2318 :

883 2378 902 2412 ι
933 2360 1104 2426 Quam
1141 2358 1402 2412 terribilia
1438 2367 1565 2413 sunt
1608 2371 1770 2426 opera
1823 2360 1946 2411 tua!
1983 2378 2000 2408 ›
2036 2357 2304 2423 Quoniam
2350 2375 2446 2412 au-

878 2460 987 2506 tem
1014 2449 1308 2505 verisimile
1336 2458 1455 2504 erat
1485 2465 1600 2510 eos,
1637 2450 1824 2518 procul
1860 2451 2088 2518 positos,
2124 2467 2242 2520 qua:
2262 2459 2446 2506 essent

878 2558 1042 2614 opera
1089 2542 1178 2596 Dei
1225 2542 1497 2612 ignorare,
1535 2540 1622 2594 hic
1661 2549 2064 2610 consequenter
2105 2543 2324 2597 eosdem
2366 2545 2445 2599 sic

877 2635 1209 2703 alloquitur:
1239 2650 1257 2683 ι
1291 2630 1482 2686 Venite
1510 2638 1563 2686 et
1592 2632 1768 2685 videte
1801 2647 1963 2702 opera
1996 2630 2108 2686 Dei.
2143 2652 2160 2684 ι
2195 2631 2333 2688 Cum
2357 2649 2446 2688 au-

878 2730 988 2774 tem
1022 2733 1084 2772 ea
1119 2718 1387 2779 videritis,
1420 2716 1697 2779 ediscetis,
1741 2733 1865 2771 eum
1901 2717 2200 2772 terribilem
2232 2733 2353 2774 esse
2387 2719 2442 2773 in

877 2809 1120 2866 consiliis
1145 2824 1245 2880 pro
1277 2809 1401 2862 ﬁliis
1440 2807 1740 2862 hominum.
1769 2807 1972 2862 Horum
2004 2810 2328 2864 sententiam
2363 2811 2444 2865 sic

875 2901 1077 2956 clarius
1113 2901 1498 2970 interpretatur
1535 2899 1894 2971 Symmachus
1925 2900 2116 2955 dicens
2157 2919 2171 2954 :
2201 2919 2220 2952 ι
2252 2900 2444 2956 Venite

873 3001 929 3049 et
966 2994 1146 3048 videte
1187 3007 1351 3062 opera
1385 2991 1502 3057 Dei,
1552 2994 1827 3048 terribiles
1872 2994 2304 3048 machinationes
2345 3010 2444 3064 pro

878 3088 1002 3142 ﬁliis
1031 3086 1330 3140 hominum.
1367 3104 1386 3137 ι
1425 3083 1619 3140 Omnia
1646 3087 1848 3155 quippe
1879 3101 1978 3155 pro
2006 3087 2180 3162 salute
2209 3086 2440 3140 tiliorum

873 3179 1154 3234 hominum
1201 3177 1544 3231 machinatus
1577 3184 1683 3232 est.
1729 3175 1843 3230 Sub
1879 3177 1992 3231 haec
2045 3177 2204 3232 docet
2237 3185 2440 3246 quanta

2557 2075 2769 2126 «Δεῦτε
2807 2075 2901 2126 καὶ
2941 2073 3081 2137 ίδετε
3134 2071 3203 2123 τὰ
3253 2071 3390 2140 ἔργα
3439 2072 3531 2124 τοῦ
3584 2072 3756 2124 Θεοῦ·
3793 2091 3812 2123 ι
3868 2072 3997 2144 περὶ
4051 2065 4125 2125 ὧν

2547 2166 2801 2234 ἀνωτέρω
2833 2164 3048 2232 ἐλέγετο
3067 2180 3079 2193 ο
3128 2181 3147 2214 ι
3175 2163 3380 2215 Εῐπατε
3422 2161 3498 2232 τῷ
3529 2162 3675 2235 Θεῷ⁸
3696 2165 3781 2227 Ὡς
3809 2163 4018 2234 φοϐερὰ
4056 2165 4123 2217 τά

2548 2257 2682 2326 ἔργα
2715 2257 2840 2310 dou!
2880 2275 2897 2307 ι
2963 2253 3123 2308 Ἀλλὰ
3177 2253 3342 2308 πάλαι
3385 2253 3484 2325 μὲν
3531 2255 3862 2324 προσέταττε
3908 2255 4120 2324 λέγειν·

2551 2367 2568 2399 ι
2617 2349 2705 2412 Ὠς
2755 2346 2960 2417 φοϐερὰ
3001 2346 3070 2398 τὰ
3112 2345 3248 2416 ἔργα
3297 2347 3420 2398 σουί
3462 2346 3718 2417 »Ἐπειδὴ
3762 2347 3819 2398 δὲ
3861 2348 4008 2412 εἰκὸς
4055 2343 4122 2419 ἦν

2543 2440 2755 2506 ἀγνοεῖν
2785 2441 2908 2500 τοὺς
2949 2437 3163 2506 μακρὰν
3186 2436 3506 2504 ἀφεστῶτας
3523 2435 3645 2488 τίνα
3668 2432 3736 2506 ἦν
3761 2437 3830 2489 τὰ
3860 2436 3999 2508 ἔργα
4027 2437 4121 2492 τοῦ

2543 2527 2700 2589 Θεοῦ,
2733 2526 3040 2589 ἀκολούθως
3066 2526 3300 2580 ἐνταῦθα
3331 2525 3467 2597 πρὸς
3507 2528 3632 2589 τοὺς
3661 2527 3857 2589 αὐτοὺς
3891 2527 4116 2596 φάσκει·

2549 2641 2566 2674 ι
2599 2621 2762 2675 Δεῦτε
2795 2622 2890 2675 καὶ
2934 2621 3069 2673 ἴδετε
3116 2620 3183 2673 τὰ
3229 2620 3367 2691 ἔργα
3408 2618 3502 2672 τοῦ
3559 2619 3724 2672 Θεοῦ·
3764 2639 3784 2671 ι
3826 2620 4023 2684 ἰδόντες
4063 2620 4120 2674 ει

2541 2714 2713 2768 ταῦτα
2748 2714 3077 2786 μαθήσεσθε,
3108 2715 3188 2767 ὅτι
3219 2713 3444 2781 φοϐερός
3482 2715 3626 2766 ἐστιν
3654 2715 3711 2766 ὲν
3741 2712 3954 2782 βουλαῖς
3983 2715 4119 2787 ὑπὲρ

2539 2809 2829 2872 τοὺςυὶοῦς
2861 2808 2969 2860 τῶν
2995 2805 3316 2878 άνθρώπων.
3357 2806 3710 2877 Τρανώτερον
3745 2808 3843 2877 τὴν
3879 2806 4117 2859 διάνοιαν

2541 2902 2821 2955 ἀπέδωκεν
2855 2903 2883 2954 6
2932 2901 3226 2970 Σύμμαχος
3277 2899 3483 2952 εἰπών·
3531 2919 3548 2950 ι
3589 2899 3809 2952 ’Έλθετε
3845 2901 3938 2953 καὶ
3984 2900 4116 2952 ἴδετε

2543 2993 2768 3063 πράξεις
2816 2992 2909 3045 τοῦ
2951 2991 3108 3053 Θεοῦ,
3155 2991 3362 3062 φοϐερὰ
3393 2995 3758 3063 μηχανήματα
3809 2994 3949 3065 ὑπὲρ
3990 2995 4116 3047 υἱῶν

2541 3083 2862 3153 ἀνθρώπιον.
2890 3103 2906 3134 ι
2946 3084 3129 3136 Πάντα
3169 3083 3278 3152 γὰρ
3331 3084 3470 3154 ὑπὲρ
3514 3086 3786 3155 σωτηρίας
3829 3085 3937 3138 τῶν
3989 3085 4114 3139 υἱῶν

2541 3176 2649 3229 τῶν
2716 3175 3016 3244 ἀνθρώπων
3074 3177 3474 3246 ἐμηχανήσατο.
3535 3173 3668 3230 Εἰτα
3726 3178 3966 3236 διδάσκει
4019 3169 4133 3231 ὅσα

871 3267 1013 3339 apud
1043 3267 1298 3336 antiquOs
1328 3267 1451 3321 illos
1483 3267 1624 3320 Deus
1655 3266 1851 3322 fecisse
1876 3278 2148 3322 narretur.
2180 3266 2438 3333 Quaenam
2469 3287 2513 3348 ς
2547 3285 2609 3339 πε

2376 3285 2438 3322 im
2469 3287 2513 3348 ς
2547 3268 2807 3339 πρότερον
2832 3267 2979 3338 παρὰ
3000 3270 3110 3328 τοῖς
3138 3268 3381 3329 παλαιοῖς
3407 3267 3720 3338 πεποιηκὼς
3752 3269 3780 3320 ὁ
3809 3269 3942 3332 Θεὸς
3976 3272 4114 3323 ίστοο

868 3374 1000 3415 νθτο
1040 3359 1130 3413 illa
1188 3360 1332 3424 sint,
1393 3366 1579 3429 postea
1646 3359 1979 3414 declaratu
2011 3358 2115 3425 Qui
2169 3360 2443 3414 convertit

870 3465 1020 3505 mare
1051 3451 1105 3503 in
1152 3449 1396 3518 aridam;
1431 3451 1482 3504 in
1515 3450 1737 3506 ﬂumine
1784 3451 2193 3521 pertransibunt
2227 3450 2362 3521 pede
2415 3469 2435 3503 ›

869 3542 1178 3599 Secundum
1206 3541 1590 3613 Symmachum
1616 3554 1794 3598 autem
1819 3561 1832 3597 :
1856 3562 1877 3594 ‹
1906 3542 2211 3606 Convertit,
2239 3545 2436 3612 inquit,

868 3655 1018 3696 mare
1070 3641 1122 3693 in
1177 3639 1419 3705 aridam;
1472 3637 1696 3692 ﬂuvium
1747 3639 2183 3710 pertransierunt
2228 3638 2380 3708 pede.
2415 3658 2434 3689 ›

867 3733 991 3788 Haac
1038 3748 1204 3803 porro
1251 3734 1306 3788 in
1351 3717 1577 3788 historia
1631 3731 1929 3804 Scriptura:
1983 3731 2235 3786 feruntur
2274 3746 2439 3802 :qute

863 3825 1138 3896 gentibus,
1167 3832 1352 3894 utpote
1381 3822 1781 3895 ignorantibus,
1825 3824 2141 3878 necessario
2167 3835 2436 3877 enarran-

863 3924 974 3977 tur,
1022 3925 1079 3969 ut
1112 3915 1381 3978 ediscant.
1410 3930 1532 3970 eum
1576 3917 1668 3985 qui
1721 3912 2126 3986 olim'pOpulus
2159 3914 2254 3969 Dei
2294 3923 2432 3979 erat,

864 4008 918 4062 in
951 4009 1209 4061 servitute
1239 4005 1617 4077 Egyptiorum
1652 4007 1944 4077 aliquando
1968 4008 2157 4073 fuisse,
2192 4017 2246 4062 et
2267 4006 2436 4078 JEgy-

864 4099 1060 4180 ριίιιςωΔ
1088 4098 1407 4163 idololatria
1459 4099 1801 4180 subjectum;
1838 4099 1936 4155 sed
1981 4099 2148 4154 Deum
2194 4113 2295 4170 pro
2325 4100 2434 4154 illis

863 4177 1060 4259 magna
1092 4197 1146 4243 et
1189 4189 1456 4244 terribilia
1489 4177 1745 4253 edidisse,
1779 4191 2046 4248 divinitus
2083 4191 2296 4246 scilicet
2330 4191 2435 4245 imo

861 4284 1050 4337 missis
1090 4282 1261 4352 plagis
1292 4280 1576 4352 Egyptios
1624 4283 1964 4350 verberasse,
2012 4284 2301 4354 ipsumque
2335 4299 2433 4354 po-

2547 3361 2736 3427 ρεῖται.
2767 3357 2895 3410 Τίνσ
2920 3357 3184 3420 δὲταῦτα,
3215 3357 3454 3424 ἐπιλέγει
3478 3357 3603 3427 ἑξῆς
3623 3374 3637 3388 ⁸
3671 3377 3689 3409 ι
3729 3359 3788 3413 Ὀ
3814 3362 4113 3432 μεταστρέ-

2543 3465 2658 3518 φων
2704 3448 2802 3518 τὴν
2855 3448 3129 3502 θάλασσαν
3173 3451 3252 3511 εἰς
3295 3449 3463 3519 ξηράν
3490 3465 3502 3478 ο
3540 3450 3598 3502 ἐν
3633 3451 3862 3523 ποταμῷ
3913 3451 4112 3507 διελεύ-

2543 3556 2724 3593 σονται
2757 3540 2899 3594 ποδί.
2937 3561 2955 3592 ι
3011 3541 3168 3595 Κατὰ
3209 3541 3266 3594 δὲ
3290 3542 3381 3593 τὸν
3410 3542 3721 3612 Σύμμαχον·
3770 3563 3787 3593 ι
3815 3545 4115 3611 Μετέϐαλε,

2539 3635 2694 3702 φησὶ,
2725 3634 2840 3710 ,τὴν
2887 3633 3159 3688 θάλασσαν
3201 3637 3279 3698 εἰς
3338 3634 3538 3708 ξηράν·
3583 3636 3826 3707 ποταμὸν
3863 3637 4114 3710 διέϐησαν

2539 3727 2682 3780 ποδί.
2705 3746 2724 3778 ο
2763 3725 2946 3780 Ταῦτα
2967 3726 3024 3780 δὲ
3058 3726 3279 3797 φέρεται
3307 3730 3364 3781 ὲν
3396 3731 3462 3800 τῇ
3494 3729 3593 3800 τῆς
3622 3730 3862 3801 ἱστορίας
3890 3736 4075 3804 γραφῇ
4099 3751 4112 3764 ·

2537 3819 2572 3873 ἃ
2605 3818 2670 3891 δὴ
2693 3820 3006 3888 ἀναγκαίως
3039 3821 3114 3883 ὼς
3155 3821 3228 3891 μὴ
3250 3822 3415 3875 εἰδόσι
3454 3825 3564 3885 τοῖς
3601 3822 3809 3878 ἔθνεσιν
3839 3824 4112 3894 ἀπαγγέλο

2536 3911 2709 3974 λεται,
2738 3911 2813 3974 ὡς
2835 3911 2898 3964 ἂν
2931 3911 3176 3982 μάθοιεν,
3197 3913 3279 3964 ὃτι
3311 3913 3405 3965 καὶ
3425 3915 3453 3966 6
3480 3914 3646 3966 πάλαι
3694 3912 3791 3968 τοῦ
3825 3914 3960 3968 Θεοῦ
3989 3901 4131 3982 λαὸς·

2534 4000 2603 4076 ἦν
2632 4022 2762 4058 ποτε
2796 4005 3112 4073 Αἰγυπτίοις
3138 4003 3551 4075 δεδουλωμένος,
3575 4005 3670 4058 καὶ
3703 4008 3772 4076 τῇ
3807 4005 3982 4077 πλάνῃ
4014 4007 4111 4077 τῆς

2535 4094 2913 4164 Αἰγυπτιακῆς
2937 4093 3378 4166 είδωλολατρείας
3405 4095 3716 4165 ὑπηγμένος
3735 4113 3748 4125 ο
3780 4095 3895 4148 ἀλλ’
3923 4097 4109 4167 εἰργα-

2537 4202 2659 4239 σται
2682 4184 2822 4256 ὑπὲρ
2853 4185 3031 4238 αὐτῶν
3053 4187 3081 4239 6
3104 4184 3234 4248 Θεὸς
3266 4185 3477 4254 μεγάλα
3505 4187 3598 4239 καὶ
3626 4185 3854 4257 φοϐερὰ,
3880 4186 4110 4257 πληγαῖς

2540 4278 2638 4349 μὲν
2667 4281 2793 4341 τοὺς
2823 4276 3152 4349 Αἰγυπτίους
3181 4279 3462 4351 θεηλάτοις
3497 4279 3781 4350 μαστίξας,
3825 4281 4024 4343 αὐτοὺς
4056 4279 4114 4334 δὲ

863 4375 1048 4442 pulum
1081 4389 1110 4426 a
1139 4373 1257 4427 dira
1282 4375 1546 4430 servitute
1570 4374 1854 4430 liberasse.
1885 4375 2009 4430 Haec
2040 4380 2240 4446 quippe
2275 4383 2432 4431 erant
2531 4371 2598 4441 τῆ

2372 4383 2432 4430 nt
2531 4371 2630 4441 τῆς
2680 4373 2881 4443 πικρᾶς
2934 4372 3176 4437 δουλείας
3227 4373 3612 4446 ἐλευθερώσας.
3662 4373 3848 4428 Ταῦτα
3893 4374 4003 4446 γάρ
4043 4371 4110 4447 ἦν

859 4465 1129 4520 terribilia
1163 4465 1256 4520 Dei
1280 4480 1475 4535 opera°
1508 4480 1686 4535 neque
1715 4473 1924 4519 tantum
1956 4480 2020 4520 ea
2043 4466 2116 4519 ibi
2141 4467 2309 4529 edita,
2333 4467 2428 4522 sed
2529 4463 2596 4515 τὰ

2373 4467 2428 4521 ad
2529 4463 2596 4515 τὰ
2630 4462 2835 4533 φοϐερά
2867 4463 2959 4516 τοῦ
2980 4465 3116 4518 Θεοῦ
3150 4465 3304 4538 ἔργα,
3328 4468 3390 4520 οὐ
3415 4467 3572 4538 μόνα,
3597 4466 3733 4520 ἀλλὰ
3755 4468 3850 4521 καὶ
3888 4467 3982 4520 ἐπὶ
4013 4468 4111 4539 τῆς

860 4557 1022 4609 etiam
1059 4554 1112 4610 in
1144 4556 1283 4610 mari
1316 4553 1502 4612 Rubro
1529 4574 1542 4610 :
1569 4570 1678 4625 quo
1709 4555 1764 4609 in
1797 4555 2006 4610 aridam
2035 4563 2265 4616 mutato.
2297 4571 2428 4612 suos
2461 4627 2480 4631 λ
2530 4554 2596 4606 θα

2369 4571 2428 4612 os
2461 4627 2480 4631 λ
2530 4554 2805 4626 θαλάσσης
2831 4554 2930 4624 τῆς
2983 4556 3281 4629 Ἐρυθρᾶς⁸
3319 4560 3383 4631 ῆν
3416 4562 3495 4623 εἰς
3543 4559 3713 4631 ξηρὰν
3765 4559 4107 4631 μεταϐαλὼν,

858 4647 1077 4718 quidem
1111 4638 1330 4719 eripuit,
1375 4649 1574 4720 impios
1607 4663 1737 4710 vero
1777 4649 1830 4702 in
1881 4646 2210 4717 profundum
2242 4649 2424 4717 perui-

860 4740 961 4792 ciei
992 4741 1247 4807 coniecit.
1290 4738 1416 4797 Haec
1448 4740 1652 4803 edocti,
1679 4739 1843 4794 heus!
1876 4754 1994 4802 vos,
2031 4739 2229 4809 inquit,
2262 4738 2431 4793 conti-

857 4830 990 4894 dite,
1031 4846 1096 4884 ac
1142 4831 1349 4887 credite
1393 4833 1516 4888 eum
1559 4834 1656 4904 qui
1706 4833 1836 4888 talia
1890 4846 1991 4902 pro
2039 4831 2280 4901 antiquis
2322 4832 2430 4888 illis

857 4931 1113 4992 Operatus
1143 4930 1386 4988 est,,uon
1429 4925 1690 4992 imparem
1725 4923 1967 4976 futurum
1999 4923 2067 4977 ad
2100 4922 2300 4979 similia
2330 4937 2430 4992 pro

857 5012 1014 5065 vobis
1045 5013 1272 5081 agenda.
1303 5010 1483 5076 Quare
1519 5033 1537 5064 ι
1570 5014 1746 5068 venite
1773 5023 1828 5070 et
1855 5014 2034 5069 videte
2060 5029 2225 5084 Opera
2256 5013 2373 5080 Dei,
2405 5033 2423 5065 ι

857 5119 1020 5172 quam
1075 5104 1338 5158 terribilis
1391 5106 1462 5160 sit
1496 5122 1513 5154 ι
1545 5105 1600 5156 in
1653 5105 1900 5161 consiliis
1939 5122 2036 5175 pro
2086 5107 2428 5162 [iliis-homi-

856 5208 1009 5248 num.
1044 5213 1061 5240 ι
1096 5193 1376 5248 Convertit
1407 5194 1570 5264 igitur
1607 5210 1755 5249 mare
1786 5196 1840 5248 in
1869 5195 2075 5250 aridam
2102 5215 2116 5264 ;
2145 5206 2199 5252 et
2228 5200 2281 5251 in
2305 5195 2429 5250 Jor-

857 5286 996 5340 dane
1039 5285 1203 5338 ﬂuvio
1237 5287 1340 5340 alia
1383 5287 1628 5356 quzedam
1663 5287 1926 5341 terribilia
1963 5301 2131 5358 Opera
2173 5289 2427 5359 designa-

859 5377 956 5435 vit.
1007 5376 1225 5444 quando
1269 5377 1507 5432 demisso
1558 5377 1780 5433 ﬂumine
1824 5379 2054 5448 pedibus
2095 5382 2426 5449 pertransie-

862 5476 1008 5528 runt,
1038 5469 1128 5535 qui
1159 5483 1224 5521 ex
1267 5468 1484 5522 deserto
1512 5469 1578 5523 ad
1614 5470 1774 5523 istam
1803 5479 2007 5525 terram
2055 5481 2422 5528 accesserant.

889 5561 996 5623 psis
1045 5561 1208 5625 igitur
1237 5559 1536 5630 iisdemque
1581 5563 1970 5618 calceamentis
2019 5565 2125 5627 usi,
2168 5563 2424 5619 conﬁdite

881 5661 1032 5704 PSlllll
1067 5650 1232 5705 Deum
1264 5653 1576 5721 spiritualos
1602 5653 1908 5726 Aagyptios,
1933 5657 2208 5711 dagmones
2230 5673 2424 5728 nempe

840 5734 1141 5811 malignos,
1195 5745 1286 5812 qui
1334 5745 1485 5815 olim_
1513 5749 1725 5804 animas
1768 5756 1977 5804 vestras
2012 5752 2064 5804 iu
2103 5751 2420 5808 servitutem

899 5906 944 5945 ⁸⁸
975 5919 1185 5990 Bphcs.
1222 5938 1279 5986 ll,
1316 5923 1397 5975 Π.

2461 4627 2502 4683 D
2530 4646 2755 4700 διέσωσε
2803 4647 2901 4718 μὲν
2953 4649 3078 4712 τοὺς
3111 4627 3380 4716 οἰκείους,
3414 4653 3541 4717 τοὺς
3699 4627 3916 4716 ἀσεϐεῖς
3961 4652 4108 4726 βυθῷ

2531 4743 2842 4814 παρέδωκεν
2895 4745 3195 4811 ἀπωλείας.
3256 4749 3442 4802 Ταῦτα
3486 4749 3543 4803 δὲ
3610 4751 3973 4821 μανθάνοντες
4000 4789 4016 4813 ,
4063 4744 4108 4803 ὦ

2527 4829 2693 4903 οὗτοι,
2725 4838 2878 4909 φησι,
2904 4836 3176 4911 θαρσεῖτε,
3212 4841 3574 4905 πιστεύοντες,
3609 4842 3690 4895 ὃτι
3717 4844 3744 4895 6
3770 4841 3839 4895 τὰ
3870 4843 4108 4899 τοσαῦτα

2527 4929 2903 5000 ἐργασάμενος
2942 4931 3036 4983 ἐπὶ
3071 4931 3180 4986 τῶν
3225 4932 3469 4986 παλαιῶν
3522 4931 3620 4984 οὐκ
3673 4931 3994 5004 ἀδυνατήσει
4038 4934 4107 4990 τὰ

2527 5019 2687 5090 ὅμοια
2718 5023 2814 5077 καὶ
2846 5025 2929 5092 ἐφ’
2965 5022 3120 5094 ὑμῶν
3149 5021 3621 5096 καταπράξασθαι.
3641 5021 3732 5074 Διὸ
3769 5041 3787 5074 ι
3821 5022 3977 5076 δεῦτε
4008 5042 4106 5080 και

2530 5109 2666 5164 ἴδετε
2694 5112 2761 5165 τὰ
2792 5112 2927 5183 ἔργα
2949 5111 3042 5166 τοῦ
3066 5113 3225 5178 Θεοῦ,
3253 5133 3270 5165 ι
3303 5116 3379 5177 ὼς
3411 5113 3642 5182 φοϐερός
3661 5112 3808 5165 ἔστιν
3843 5131 3863 5164 ι
3889 5114 3947 5167 ὲν
3978 5113 4104 5185 βου-

2526 5199 2646 5267 λαῖς
2678 5203 2819 5275 ὑπὲρ
2846 5203 2974 5266 τοὺς
3007 5205 3155 5267 υἱοὺς
3213 5203 3320 5257 τῶν
3352 5198 3674 5274 ἀνθρώπων.
3703 5221 3721 5254 ι
3754 5202 4103 5278 Μετέστρεςνε

2526 5295 2655 5362 γοῦν
2689 5295 2790 5366 τὴν
2823 5296 3096 5351 θάλασσαν
3128 5298 3206 5358 εἰς
3229 5296 3400 5366 ξηράν
3419 5313 3432 5325 °
3463 5296 3556 5354 καὶ
3579 5296 3670 5348 ἐπὶ
3695 5295 3790 5350 τοῦ
3835 5296 4101 5367 Ἰορδάνου

2524 5389 2581 5443 δὲ
2610 5388 2854 5460 ποταμοῦ
2893 5387 3028 5444 ἄλλα
3068 5388 3191 5440 τινὰ
3243 5387 3448 5458 φοϐερὰ
3490 5385 3742 5458 θαύματα
3781 5387 4099 5458 εἰργάσατο,

2523 5484 2612 5537 ὅτε
2645 5483 2856 5555 διῆλθον
2891 5487 3004 5546 τοῖς
3041 5483 3227 5546 ποσὶν,
3262 5481 3657 5546 ὑποσταλέντος
3687 5481 3781 5536 τοῦ
3825 5480 4096 5554 ποταμοῦ,

2523 5577 2572 5627 οἰ
2606 5575 2712 5628 ἀπὸ
2759 5576 2857 5646 τῆς
2908 5575 3112 5646 ἐρήμου
3165 5573 3452 5643 παριόντες
3496 5573 3590 5625 ἐπὶ
3630 5573 3784 5644 τήνδε
3835 5573 3932 5645 τὴν
3969 5572 4094 5642 γῆν.

2526 5666 2744 5727 Τούτοις
2776 5665 2840 5736 δὴ
2887 5660 2978 5717 οὖν
3014 5663 3196 5725 αὐτοῖς
3231 5661 3534 5732 ὑποδήμασι
3574 5663 3934 5734 χρησάμενοι,
3965 5661 4098 5733 θαρ-

2526 5758 2688 5822 σεῖτε,
2720 5755 2797 5820 ὡς
2840 5759 2933 5810 καί
2980 5757 3100 5822 τοὺς
3151 5756 3446 5827 ὑμετέρους
3494 5758 3714 5826 νοητοὺς
3742 5755 4093 5824 Αἰγυπτίους,
