4402 6404
404 492 507 549 655

1529 488 2031 547 COMMENTARIA
2070 486 2136 544 IN
2175 485 2513 542 PSALMOS.

3512 480 3615 537 654

402 605 658 677 δαίμονας
691 607 961 678 πονηροὺς
985 646 1000 671 ,
1031 606 1157 669 τοὺς
1205 604 1367 658 πάλαι
1420 603 1982 668 καταδυναστεύοντας
2010 658 2011 663 η

2084 602 2422 673 redigebant,
2458 601 2830 671 expulsurum.
2868 598 3093 654 Etiamsi
3127 614 3276 656 mare
3308 600 3442 655 illud
3471 602 3643 657 homi-

402 696 508 751 τῶν
552 697 830 769 ὑμετέρων
861 695 1069 766 ψυχῶν,
1098 694 1359 749 ἀπελάσει
1396 697 1425 747 6
1456 695 1617 758 αὐτὸς
1664 696 1815 758 Θεὸς.
1860 692 1979 748 Κᾶν

400 788 641 862 κυμαίνῃ
677 787 732 840 δὲ
768 790 801 859 ή
844 788 953 840 τῶν
997 786 1300 857 ἀνθρώπων
1336 786 1609 851 θάλασσα,
1658 786 1763 841 κᾶν
1795 789 1823 839 6
1869 785 1979 839 τῶν

398 880 574 934 ἀθέων
634 880 729 933 καὶ
781 880 994 935 ἀσεϐῶν
1050 880 1162 951 βίος
1219 879 1492 943 κλύδωνας
1549 880 1644 933 καὶ
1704 879 1979 941 κινδύνους

316 966 317 971 “
397 971 586 1044 ἐγείρῃ
620 972 741 1025 καθ’
776 973 929 1043 ὑμῶν
954 989 967 1002 ·
1004 971 1250 1044 θαρσεῖτε
1292 973 1469 1042 ὑμεῖς,
1505 972 1730 1043 ἐναργὲς
1764 971 1977 1042 ἔχοντες

398 1063 705 1134 ὑπόδειγμα
724 1063 822 1135 τὴν
844 1064 1010 1119 πάλαι
1033 1066 1360 1134 στραφεῖσαν
1394 1063 1665 1118 Θάλασσαν
1683 1066 1760 1128 είς
1782 1064 1973 1136 ξηράν.

397 1154 582 1219 Ούτως
625 1155 732 1227 γὰρ
758 1157 853 1209 καὶ
910 1157 1035 1228 ὑμῖν
1066 1157 1241 1227 ὁμαλή
1271 1174 1352 1219 τις
1400 1156 1587 1222 ἔσται,
1637 1157 1732 1210 καὶ
1762 1156 1977 1227 ἀπαρα-

397 1244 702 1315 πόδιστοςή
737 1246 844 1299 ἀπὸ
877 1247 976 1317 τῆς
1020 1242 1228 1315 πλάνης
1258 1246 1396 1317 πρὸς
1424 1244 1521 1317 τήν
1564 1244 1821 1316 ἀλήθειαν
1856 1246 1973 1299 διά-

396 1335 572 1402 ϐασις.
605 1339 668 1391 El
709 1339 765 1392 δὲ
800 1338 894 1393 καὶ
926 1337 1170 1408 ποταμόν
1199 1354 1328 1390 ποτε
1368 1337 1462 1392 τὸν
1498 1337 1765 1410 Ἰορδάνην
1796 1354 1975 1411 παρα-

397 1428 560 1496 δόξως
598 1429 807 1503 διῆλθον
841 1431 891 1483 οἱ
944 1429 1185 1495 παλαιοὶ,
1216 1429 1350 1484 ἀλλά
1384 1431 1480 1484 καὶ
1524 1431 1680 1502 ὑμεῖς
1725 1430 1975 1485 ἐντεῦθεν

404 1520 492 1594 ίιδη
525 1520 968 1591 εύαγγελίζεσθε,
1005 1522 1387 1592 γινώσκοντες,
1426 1524 1508 1579 ὅτι
1542 1526 1703 1595 ἡμεῖς
1738 1525 1971 1578 αὐτοὶ-οῖ

397 1612 564 1667 ταῦτα
590 1613 839 1682 λέγοντες
869 1614 963 1667 καὶ
986 1615 1143 1686 ὑμεῖς
1164 1616 1215 1667 οἱ
1237 1614 1527 1679 ἀκούοντες
1559 1635 1578 1667 ι
1604 1616 1719 1669 ἐκεῖ
1738 1617 1972 1688 εὐφραν-

396 1704 670 1775 θησόμεθα
702 1706 760 1757 ὲν
788 1704 956 1777 αὐτῷ.
1013 1726 1032 1758 ›
1071 1707 1236 1771 Ἐκεῖ,
1258 1707 1458 1779 δηλαδὴ
1490 1708 1547 1762 ὲν
1566 1707 1645 1777 τῷ
1682 1708 1970 1779 μνησθέντι

397 1794 639 1866 ποταμῷ.
683 1796 877 1849 Ἔσται
915 1795 1045 1868 γὰρ,
1076 1794 1470 1869 ἔσταικαιρὸς,
1506 1796 1632 1851 καθ’
1668 1796 1747 1863 ὃν,
1783 1797 1969 1870 ῶσπερ

395 1889 472 1951 είς
500 1888 799 1959 συμπόσιον
841 1889 1417 1961 παρασκευαζόμενοι,
1455 1880 1547 1943 ἐπὶ
1590 1890 1816 1962 λουτροῦ
1867 1909 1970 1945 πα·-

394 1954 729 2048 λιγγενεσίας
762 1954 1162 2051 ἀπαντήσουσιν
1210 1954 1289 2046 είς
1340 1983 1438 2052 τὴν
1489 1984 1548 2035 ὲν
1593 1982 1671 2053 τῷ
1725 1954 1972 2057 ’Ἰορδάνῃ
2007 1954 2045 2007 Β

393 2071 621 2142 ποταμῷ
652 2073 919 2144 μυστικὴν
950 2072 1326 2145 ἀποκάθαρσιν
1365 2075 1413 2127 οἱ
1449 2075 1548 2144 τῆς
1592 2076 1972 2147 Αἰγυπτιακῆς

394 2162 832 2237 ελευθερούμενοι
880 2165 1104 2235 πλάνης.
1162 2167 1423 2237 Σημαίνει
1468 2166 1526 2219 δὲ
1574 2167 1664 2221 διὰ
1706 2167 1909 2222 τούτων
1942 2170 1971 2220 6

392 2256 542 2325 λόγος
564 2255 627 2310 τὸ
658 2256 882 2330 λουτρὸν
912 2258 1008 2329 τῆς
1041 2257 1481 2326 παλιγγενεσίας,
1526 2257 1831 2330 ἀρξάμενον
1864 2260 1972 2313 ἀπὸ

370 2383 374 2388 -
396 2348 479 2405 τοῦ
510 2350 769 2423 Ἰορδάνου
791 2351 1057 2423 ποταμοῦ,
1082 2351 1319 2424 ὁπηνίκα
1342 2354 1369 2403 6
1390 2350 1696 2423 Βαπτιστὴς
1722 2353 1973 2425 Ἰωάννης

391 2444 445 2499 ὲν
480 2446 546 2514 τῇ
580 2444 774 2515 ἐρήμῳ
814 2446 911 2515 τῆς
967 2444 1224 2508 Ἰουδαίας
1264 2443 1502 2516 παρῄει,
1535 2437 1825 2516 κηρύσσων
1872 2445 1969 2516 βά-

392 2551 596 2606 πτισμα
629 2538 939 2607 μετανοίας,
968 2536 1225 2607 προσίετό
1250 2555 1310 2590 τε
1339 2535 1546 2600 πάντας
1576 2536 1844 2607 ’Έλληνας
1876 2538 1972 2591 καὶ

398 2625 685 2691 Ἰουδαίους
703 2614 797 2680 ἐπὶ
822 2628 920 2700 τὴν
943 2628 1329 2699 ἐξομολόγησιν
1348 2628 1456 2682 τῶν
1472 2628 1934 2700 παραπτωμάτων
1951 2645 1964 2657 ’

392 2718 475 2771 5τε
504 2718 601 2771 καὶ
651 2717 812 2780 αὐτὸς
837 2720 867 2771 6
917 2718 1107 2791 Σωτήρ
1154 2720 1250 2772 καὶ
1291 2718 1499 2790 Κύριος
1542 2718 1698 2789 ἡμῶν
1741 2718 1969 2781 ἐπιστὰς

394 2808 477 2862 σὺν
506 2808 668 2862 αὐτὸν
702 2808 1015 2880 κατηξίωσε,
1031 2810 1275 2881 ποταμὸν
1305 2810 1404 2881 τῆς
1430 2808 1615 2880 θεῖκῆς
1640 2807 1806 2862 αὐτοῦ
1843 2810 1966 2862 ὲπι-

390 2900 621 2966 ϐάσεως.
664 2902 755 2955 Διὸ
787 2905 846 2955 ὲν
884 2906 998 2967 τοῖς
1040 2903 1420 2975 προκειμένοις
1444 2902 1725 2957 λέλεκται·
1762 2919 1781 2954 ι
1822 2902 1969 2957 Ἐκεῖ

389 2994 874 3067 εὐφρανθησόμεθα
907 2997 967 3050 ὲν
996 2996 1164 3067 αὐτῷ.
1217 3014 1236 3047 ι
1274 2995 1465 3050 Ἔνθεν
1492 2995 1717 3060 εἰκότως
1742 2994 1806 3048 τὸ
1835 2996 1969 3049 αὐτὸ

392 3088 725 3158 προφητικὸν
754 3088 970 3160 πνεῦμα
1005 3087 1096 3153 διὰ
1127 3088 1348 3143 Ἡσαΐου
1375 3087 1475 3160 τὴν
1501 3088 1711 3161 ἔρημον
1739 3088 1969 3157 εὐαγγε-

389 3178 665 3251 λιζόμενον
690 3181 783 3234 καὶ
811 3180 976 3235 αὑτοῦ
1011 3181 1231 3253 μνήμην
1255 3180 1546 3253 πεποίηται
1572 3179 1669 3234 τοῦ
1702 3179 1966 3253 Ἰορδάνου

2082 710 2213 749 num
2246 692 2503 749 ﬂuctibus
2526 692 2874 758 intumescat,
2897 691 3114 748 etiamsi
3148 692 3431 747 atheorum
3460 701 3515 748 et
3545 695 3647 749 im-

2081 784 2297 853 piorum
2348 798 2521 854 genus
2558 780 2757 839 ﬂuctus
2804 789 2859 838 et
2905 781 3148 853 pericula
3176 782 3332 838 vobis
3385 785 3641 848 suscitet;

2080 873 2337 928 conﬁdite
2365 880 2570 938 tamen,
2618 887 2742 928 cum
2773 876 3074 943 exemplum
3104 872 3258 927 vobis
3286 875 3645 943 conspicuum

2078 967 2359 1032 oll'eratur,
2390 980 2543 1021 mare
2568 966 2779 1021 scilicet
2804 966 2931 1019 olim
2965 980 3182 1021 versum
3210 966 3266 1019 in
3299 966 3526 1022 aridam.
3552 966 3644 1023 Sic

2077 1062 2277 1131 quippe
2304 1060 2460 1115 vobis
2486 1059 2793 1129 expeditus.
2832 1074 2897 1113 ac
2941 1060 3091 1114 nullo
3122 1058 3278 1115 obice
3300 1056 3643 1117 interclusus

2075 1153 2180 1207 erit
2202 1153 2270 1207 ab
2304 1166 2489 1207 errore
2529 1149 2596 1205 ad
2633 1151 2913 1205 veritatem
2946 1151 3229 1206 transitus.
3261 1149 3417 1218 Quod
3451 1153 3494 1206 si
3522 1150 3645 1207 Jor-

2076 1242 2270 1299 danem
2292 1243 2515 1299 ﬂuvium
2544 1242 2752 1312 antiqui
2786 1243 2862 1296 illi
2885 1242 3257 1313 inexspectato
3280 1243 3439 1298 modo
3460 1251 3643 1298 trans-
3668 1268 3670 1271 τ

2075 1337 2291 1402 ierunt;
2347 1342 2403 1389 at
2443 1350 2540 1390 vos
2590 1348 2808 1405 quoque
2856 1334 2961 1394 hoc
3003 1335 3252 1405 exemplo
3294 1334 3641 1405 Evangelium

2075 1422 2332 1498 eicipite,
2366 1426 2604 1483 scientes
2632 1426 2777 1497 quod
2807 1434 2921 1481 tum
2965 1440 3066 1480 nos
3100 1425 3203 1495 ipsi
3242 1426 3335 1497 qui
3366 1425 3480 1480 haec
3505 1424 3635 1479 dici--

2073 1534 2219 1583 mus,
2246 1527 2362 1573 tum
2393 1508 2493 1575 vos
2513 1521 2607 1587 qui
2633 1516 2861 1587 auditis,
2896 1537 2914 1569 ‹
2941 1516 3017 1571 ibi
3048 1516 3352 1571 lattabimur
3379 1515 3434 1569 in
3453 1515 3593 1586 ipso.
3616 1532 3636 1566 ι

2073 1610 2173 1672 Ibi,
2214 1609 2425 1665 scilicet
2467 1609 2521 1664 in
2554 1616 2857 1664 memorato
2885 1607 3072 1662 ﬂuvio.
3110 1607 3229 1667 Erit
3252 1615 3489 1676 tempus,
3514 1610 3640 1670 erit,

2073 1701 2318 1769 inquam,
2359 1714 2468 1769 quo
2496 1713 2593 1753 ceu
2626 1698 2695 1753 ad
2739 1698 3048 1752 convivium
3091 1703 3417 1767 apparentes
3464 1711 3542 1761 se,
3575 1696 3644 1751 ad

2054 1794 2347 1848 'lavacrum
2380 1790 2806 1862 regenerationis
2846 1788 3128 1851 accedent,
3165 1788 3232 1842 ad
3274 1788 3555 1859 mysticam
3585 1789 3643 1843 in

2072 1883 2310 1939 Iordane
2351 1881 2516 1935 ﬂuvio
2554 1878 2916 1951 peragendam
2949 1876 3195 1931 sordium
3239 1880 3637 1948 purgationem,

2074 1975 2167 2045 qui
2197 1974 2264 2028 ab
2306 1972 2626 2044 Egyptiaco
2658 1984 2845 2026 errore
2886 1968 3098 2022 liberati
3145 1975 3292 2022 sunt.
3340 1966 3436 2023 His
3468 1982 3635 2038 porro
3698 1987 3703 1995 ·

2074 2066 2415 2138 signiﬁcatur
2444 2066 2723 2120 lavacrum
2763 2059 3209 2133 regenerationis,
3246 2058 3392 2130 quod
3419 2060 3488 2114 ab
3514 2058 3640 2113 Jor-

2072 2164 2211 2217 dane
2260 2158 2424 2215 ﬂuvio
2489 2158 2711 2229 incepit,
2772 2170 2895 2210 cum
2946 2153 3183 2209 Joannes
3240 2152 3483 2223 Baptista
3542 2149 3643 2207 Ju-

2071 2255 2241 2309 daeam
2274 2259 2640 2324 percurreret,
2668 2249 2971 2320 pradicans
3009 2246 3338 2316 baptismum
3366 2244 3638 2315 poeniten-

2072 2346 2181 2409 tiae,
2215 2359 2515 2414 omnesque
2542 2358 2667 2397 cum
2697 2340 2920 2396 Graecos
2953 2349 3065 2395 tum
3097 2336 3313 2393 Iudaeos
3335 2336 3639 2390 admitteret

2070 2440 2140 2495 ad
2189 2437 2595 2493 confessionem
2654 2435 2978 2491 delictorum
3006 2452 3020 2487 :
3046 2447 3169 2487 cum
3217 2434 3335 2501 ipse
3387 2428 3638 2485 Servator

2070 2538 2124 2586 et
2156 2528 2416 2583 Dominus
2437 2535 2625 2583 noster
2647 2533 2856 2591 astans,
2881 2524 3059 2595 ipsum
3088 2522 3311 2577 ﬂuvium
3334 2520 3519 2576 divino
3541 2536 3632 2577 suc

2069 2621 2217 2676 aditu
2264 2618 2526 2689 dignatus
2552 2624 2658 2673 est.
2701 2614 3046 2687 Quapropter
3074 2627 3244 2697 supra
3263 2611 3471 2667 dictum
3508 2619 3592 2666 est
3622 2632 3631 2663 ι

2072 2732 2091 2763 ‹
2123 2710 2201 2766 lbi
2238 2710 2546 2766 lzetabimur
2579 2710 2634 2763 in
2682 2710 2820 2778 ipso.
2854 2724 2874 2758 ι
2910 2704 3067 2761 Unde
3106 2712 3161 2759 et
3196 2703 3393 2760 merito
3426 2703 3639 2773 quidem

2068 2803 2211 2860 idem
2250 2801 2603 2873 propheticus
2642 2799 2890 2870 spiritus,
2938 2797 3030 2852 ubi
3074 2795 3292 2852 deserto
3321 2809 3418 2865 per
3444 2792 3641 2849 lsaiam

2068 2894 2245 2950 fausta
2282 2892 2589 2954 denuntiat,
2623 2890 2799 2960 ipsius
2844 2886 3101 2942 Iordanis
3133 2885 3464 2941 mentionem
3509 2882 3639 2939 facit

2067 2988 2255 3044 dicens
2280 3006 2293 3040 :
2322 3004 2341 3037 ι
2372 2984 2602 3047 Laetare,
2632 2983 2909 3055 desertum
2952 2980 3181 3045 sitiens;
3211 2975 3309 3032 sed
3340 2976 3509 3031 etiam
3536 2990 3633 3030 ex-

2066 3081 2230 3135 sultet
2277 3077 2537 3142 solitudo,
2571 3082 2625 3130 et
2662 3073 2852 3130 ﬂoreat
2892 3073 3053 3141 quasi
3102 3069 3275 3124 lilium
3304 3086 3316 3122 :
3350 3074 3404 3123 et
3427 3065 3631 3121 eﬂlore-

2068 3182 2224 3229 scent
2245 3178 2300 3228 et
2322 3168 2676 3227 exsultabunt
2692 3167 2910 3222 deserta
2930 3162 3205 3219 Iordanis.
3222 3157 3637 3222 Conlortamini,

388 3250 577 3343 κέγον·
615 3291 633 3321 ι
665 3250 1036 3345 Εὐφράνθητι,
1065 3250 1270 3345 μσς
1308 3250 1535 3343 διψῶ-σα·
1562 3272 1677 3328 ἀλλ’
1710 3250 1969 3342 ἀγαλλιά-
1994 3290 2011 3348 ε

2070 3281 2268 3322 manus
2311 3264 2557 3320 remissa:
2596 3268 2659 3317 et'
2703 3272 2878 3330 genua
2909 3256 3214 3320 dissoluta;
3259 3250 3640 3316 consolamini,

388 3364 499 3418 σθω
523 3365 746 3437 ἔρημος,
764 3343 855 3419 καὶ
878 3343 1109 3421 ἀνθείτω
1124 3343 1198 3430 ώς
1224 3360 1427 3445 κρίνονέ
1459 3365 1552 3418 καὶ
1572 3364 1857 3437 ὲξανθήσει
1876 3364 1972 3419 καὶ
2004 3343 2011 3348 ’

2080 3360 2171 3431 qui
2209 3366 2387 3414 mente
2415 3353 2792 3426 pusillanimes
2828 3350 2984 3406 estis.
3024 3343 3446 3410 Conl‘ortamini,
3476 3344 3643 3397 nolite

387 3458 770 3527 ἅγαλλιάσεται
789 3459 858 3513 τὰ
870 3458 1052 3531 ἔρημα
1066 3458 1159 3512 τοῦ
1175 3459 1460 3531 Ἰορδάνου.
1478 3457 1776 3529 Ἰσχύσατε,
1793 3460 1974 3530 χεῖρες

387 3551 685 3620 ἀνειμέναι,
717 3553 810 3606 καὶ
830 3552 1031 3620 γόνατα
1068 3550 1489 3622 παραλελυμένα
1507 3568 1520 3582 ο
1551 3550 1969 3623 παρακαλέσατε

386 3643 433 3698 ot
450 3643 759 3713 ὀλιγόψυχοι
776 3645 842 3714 τῇ
860 3642 1087 3714 διανοίᾳ.
1105 3638 1401 3711 ’ἰσχύσατε,
1424 3642 1498 3712 μὴ
1512 3642 1781 3710 φοϐεῖσθε.
1801 3642 1928 3696 Ἰδοὺ
1940 3643 1971 3693 6

386 3734 514 3798 Θεὸς
530 3733 689 3806 ήμῶν
708 3734 887 3805 κρίσιν
903 3732 1360 3788 άνταποδέδωκεν·
1384 3734 1545 3797 αὐτὸς
1562 3732 1683 3805 ἥξει
1697 3735 1791 3787 καὶ
1804 3732 1969 3792 σώσει

387 3831 552 3902 ἡμᾶς.
582 3827 715 3882 Τότε
744 3825 1154 3898 άνοιχθήσονται
1179 3824 1446 3897 ὀφθαλμοὶ
1476 3824 1715 3895 τυφλῶν,
1738 3825 1832 3879 καὶ
1854 3819 1967 3880 ὦτα

386 3919 585 3989 κωφῶν
610 3910 953 3987 ἀκούσονταιξ
985 3918 1117 3971 Τότε
1147 3918 1352 3972 άλεῖται
1377 3916 1453 3981 ὡς
1479 3916 1676 3987 ἔλαφος
1708 3918 1748 3970 ‘6
1772 3917 1963 3989 χωλὸς,

386 4016 481 4068 καὶ
508 4012 679 4085 τρανῆ
711 4012 865 4065 ἔσται
898 4009 1121 4080 γλῶσσα
1160 4007 1464 4082 μογιλάλων
1488 4025 1502 4039 ·
1535 4009 1617 4063 ὅτι
1649 4008 1860 4081 ἐρράγη
1906 4008 1965 4060 ὲν

384 4110 449 4179 τῇ
477 4105 835 4180 ὲρήμῳηῦδωρ
855 4144 870 4169 ,
902 4106 997 4159 καὶ
1025 4101 1242 4177 φάραγξ
1270 4104 1328 4155 ὲν
1351 4104 1421 4173 γῇ
1450 4099 1679 4174 διψώσῃ.
1704 4120 1723 4152 ι
1749 4100 1964 4175 Ταύτην

382 4201 720 4256 διαλέλεκται
763 4202 856 4255 ἐπὶ
886 4197 980 4253 τοῦ
1021 4198 1318 4270 παρόντοςο
1358 4215 1378 4249 ‹
1416 4196 1574 4249 Ἐκεῖ
1594 4193 1965 4266 εὐφρανθησό-

386 4294 528 4366 μεθα
558 4296 617 4348 ὲν
646 4292 796 4365 αὐτῷ
815 4310 828 4324 ⁸
864 4291 951 4348 is
981 4291 1046 4361 δὴ
1075 4288 1380 4360 ἐπληροῦτο
1410 4286 1555 4342 κατὰ
1583 4287 1685 4358 τὴν
1716 4285 1813 4341 τοῦ
1853 4286 1964 4339 Σω-

382 4388 551 4462 τῆρος
581 4385 739 4458 ήμῶν
772 4387 851 4449 εἰς
871 4381 1189 4455 ἀνθρώπους
1219 4379 1557 4449 θεοφάνειαν.
1592 4378 1786 4434 Ἔνθεν
1823 4378 1964 4431 εἰκό-

382 4494 492 4541 τως
516 4478 547 4530 6
581 4468 773 4548 παρὼν
804 4471 1021 4543 ψαλμὸς
1054 4471 1226 4524 ἅπασι
1256 4472 1374 4533 τοῖς
1406 4467 1585 4524 ἔθνεσι
1625 4466 1962 4540 προσφωνῶν

384 4573 571 4643 ἔλεγε·
602 4590 633 4623 ·‹
661 4568 825 4624 Δεῦτε
876 4567 970 4621 καὶ
1014 4563 1250 4629 ἴδετεςτὰ
1298 4564 1435 4636 ἔργα
1483 4562 1577 4617 τοῦ
1608 4562 1778 4617 Θεοῦο
1810 4581 1830 4614 ι
1868 4562 1964 4615 καὶ

2082 3453 2293 3507 timere.
2335 3448 2477 3504 Ecce
2514 3445 2663 3502 Deus
2693 3452 2879 3500 noster
2912 3439 3180 3511 judicium
3212 3436 3502 3492 retribuit:
3528 3434 3644 3503 ipse

2078 3545 2259 3604 veniet
2288 3550 2345 3598 et
2371 3538 2603 3597 salvabit
2629 3552 2750 3593 nos.
2786 3533 2941 3590 Tunc
2968 3531 3281 3602 aperientur
3304 3528 3450 3583 oculi
3475 3541 3644 3581 caeco-

2077 3652 2221 3701 rum,
2255 3641 2311 3691 et
2342 3647 2507 3687 aures
2526 3626 2815 3687 surdorum
2846 3624 3088 3679 audient.
3125 3618 3280 3674 Tunc
3306 3617 3464 3689 saliet
3484 3616 3642 3686 quasi

2074 3737 2271 3779 cervus
2297 3719 2547 3781 claudus,
2579 3726 2635 3771 et
2667 3717 2850 3787 lingua
2882 3710 3294 3767 balbutientium
3325 3706 3473 3760 clara
3497 3706 3600 3759 erit
3625 3721 3639 3758 :

2073 3813 2203 3886 quia
2236 3819 2430 3881 erupta
2461 3820 2546 3865 est
2582 3809 2640 3863 in
2661 3807 2878 3862 deserto
2900 3816 3061 3872 aqua,
3090 3808 3147 3854 et
3174 3796 3389 3853 torrens
3414 3796 3470 3850 in
3495 3804 3642 3849 terra

2073 3904 2280 3961 sitienti
2305 3902 2371 3955 δ’.
2412 3921 2433 3953 ι
2464 3898 2540 3955 De
2568 3899 2671 3953 hoc
2700 3896 2942 3966 loquitur
2974 3893 3029 3946 in
3060 3889 3311 3961 praesenti
3337 3903 3352 3940 :
3386 3906 3406 3940 ι
3435 3886 3514 3942 lbi
3551 3888 3641 3942 la:-

2072 3996 2311 4053 tabimur
2340 3994 2396 4047 in
2427 3992 2567 4062 ipso.
2602 4008 2620 4041 ι
2658 3987 2792 4054 Quae
2822 3986 2877 4040 in
2912 3982 3099 4038 divino
3130 3978 3439 4035 Servatoris
3463 3967 3638 4033 nostri
3686 3970 3691 3976 ’

2071 4088 2141 4143 ad
2182 4086 2433 4142 homines
2483 4082 2719 4137 adventu
2775 4076 2998 4148 impleta
3043 4080 3193 4129 sunt.
3226 4069 3387 4131 Unde
3435 4070 3641 4126 merito

2072 4194 2312 4253 prasens
2338 4175 2583 4249 psalmus
2603 4187 2793 4229 omnes
2813 4176 3002 4241 gentes
3023 4164 3363 4237 compellans
3386 4161 3596 4253 dicebat
3622 4178 3638 4217 :

2064 4249 2095 4335 ,ξ
2126 4270 2318 4328 Venite
2355 4278 2411 4325 et
2444 4267 2625 4340 videte
2668 4279 2837 4336 Opera
2869 4260 2998 4326 Dei;
3031 4278 3049 4312 ι
3083 4273 3149 4313 ac
3195 4271 3416 4313 rursum
3444 4273 3459 4309 :
3496 4249 3515 4306 ι
3543 4251 3642 4306 Ι).-

2069 4367 2181 4422 cite
2224 4364 2336 4421 Deo
2377 4342 2597 4429 :Quam
2646 4355 2911 4414 terribilia
2955 4361 3087 4408 sunt
3136 4364 3303 4421 opera
3357 4347 3480 4402 tual
3513 4364 3533 4399 ι
3577 4344 3641 4400 Et

2068 4458 2227 4514 valde
2258 4460 2659 4526 consequenter
2686 4458 2976 4522 postquam
3003 4444 3247 4500 dixerat:
3284 4458 3304 4493 ι
3326 4439 3416 4495 lbi
3446 4437 3643 4494 latabi-

2069 4567 2195 4607 mur
2234 4552 2292 4606 in
2324 4549 2469 4621 ipso,
2500 4567 2519 4601 ι
2556 4539 2763 4603 infert:
2798 4561 2817 4594 ι
2850 4539 2954 4606 Qui
2983 4536 3297 4593 dominatur
3333 4533 3401 4597 in
3443 4531 3644 4585 virtute

661 4622 865 4718 ἐίπατε
887 4659 965 4731 τῷ
992 4622 1271 4729 eadm;
1296 4622 1505 4729 φοδερὰ
1531 4657 1604 4711 τὰ
1625 4655 1761 4729 ἔργα
1785 4672 1880 4727 σου
1899 4657 1958 4708 ι’»
1996 4656 2011 4715 l

2068 4644 2287 4703 saculo.
2320 4661 2341 4695 ι
2396 4640 2456 4695 ld
2492 4650 2712 4711 quoque
2758 4645 2925 4703 porro
2946 4628 3248 4698 intelligas,
3296 4622 3640 4679 Senatoretn

385 4745 602 4833 Σφόδρα
619 4757 676 4812 δὲ
703 4751 1011 4815 ἀκολούθως
1028 4749 1195 4803 εἰπών
1213 4767 1226 4780 ⁸
1258 4768 1277 4801 ι
1312 4750 1461 4804 Ἐκεῖ
1480 4744 1965 4822 εὐφρανθησόμεθα

386 4854 448 4908 ὲν
480 4850 647 4923 αὐτῷ,
678 4870 696 4901 ι
736 4846 989 4919 ἐπιφέρει
1008 4861 1021 4876 ο
1046 4863 1065 4896 ι
1096 4842 1177 4914 ἰ’ιῖ
1238 4839 1555 4906 δεσπόζοντι
1603 4841 1663 4894 ἐν
1707 4840 1777 4909 τῇ
1808 4837 1967 4891 δυνα-

389 4946 544 5016 στείᾳ
603 4939 771 4998 αὺτοῦ
803 4939 896 4996 τοῦ
936 4936 1163 5005 αἰῶνος.
1208 4952 1227 4987 ι
1267 4935 1501 5006 Νοήσεις
1553 4931 1608 4986 δὲ
1662 4931 1756 4985 καὶ
1810 4927 1968 4997 τοῦτο

389 5036 556 5091 αὐτοῦ
587 5035 836 5104 λέγοντος
865 5030 1079 5085 ἀκούων
1114 5025 1211 5081 τοῦ
1256 5026 1506 5098 Σωτῆρος
1523 5042 1537 5056 ο
1570 5043 1589 5076 ι
1633 5020 1819 5091 Ἐδόθη
1876 5038 1967 5091 μοι

388 5130 539 5187 πᾶσα
560 5126 777 5192 ἐξουσία
800 5126 857 5179 ὲν
882 5119 1094 5195 ούρανῷ
1114 5119 1209 5191 καὶ
1233 5119 1327 5171 ἐπὶ
1351 5117 1452 5188 τῆς
1474 5117 1609 5188 γῆς’·
1644 5109 1966 5184 πορεύοντες

392 5218 975 5294 μαθητεύσατεπάντα
1005 5215 1075 5269 τὰ
1128 5213 1253 5285 ἔθνη
1296 5214 1353 5265 ὲν
1393 5210 1473 5282 τῷ
1521 5205 1745 5278 ὀνόματί
1786 5220 1906 5294 μου.
1940 5221 1971 5279 ιν

390 5311 487 5366 Διὸς
514 5292 658 5365 κατὰ
681 5309 780 5382 μὲν
798 5310 889 5363 τὸν
904 5306 1136 5360 Ἀκύλαν
1164 5304 1377 5377 εἴρηται
1398 5320 1413 5334 υ
1444 5322 1463 5354 ι
1487 5299 1579 5371 Τῷ
1603 5292 1965 5363 ἕξουσιάζοντι

393 5406 452 5459 ὲν
475 5406 543 5476 τῇ
575 5400 869 5476 δυναστείᾳ⁸
910 5398 1079 5453 αὑτοῦ
1115 5398 1179 5451 δι’
1213 5397 1428 5462 αἰῶνος.
1478 5414 1498 5448 ι
1545 5386 1655 5447 και
1692 5388 1866 5452 ἄλλως
1908 5386 1967 5441 δὲ

394 5472 879 5569 εὐφρανθησόμεθα
920 5493 979 5544 ὲν
1009 5488 1160 5561 αὐτῷ
1208 5488 1317 5543 τῶν
1358 5482 1968 5561 προειρημένωνςκατα-

396 5589 697 5657 ξιωθέντες.
726 5584 865 5638 Πότε
892 5581 949 5635 δὲ
991 5579 1511 5653 εὐφρανθησόμεθα,
1541 5575 1653 5631 ἀλλ’
1689 5570 1908 5627 ἐπειδὰν
1938 5572 1968 5625 6

399 5685 610 5761 μέλλων
656 5680 851 5749 ἐπιστῇ
904 5676 1039 5730 αἰὼν
1062 5670 1085 5739 ,“
1115 5662 1186 5727 ὀὗ
1234 5673 1331 5744 τὴν
1374 5670 1687 5726 δεσποτείαν
1719 5665 1821 5719 καὶ
1869 5665 1969 5737 τὴν

397 5756 643 5848 ἐξουσίαν
673 5773 780 5830 οὐδ’
807 5770 993 5837 ἕτερος
1018 5766 1149 5833 ἕξει,
1176 5767 1210 5838 ἢ
1243 5765 1404 5837 μόνος
1426 5762 1589 5826 αὐτὸς
1620 5762 1650 5814 6
1683 5759 1782 5825 τὴν
1811 5756 1971 5812 δυνα-

471 5894 839 6017 ⁸⁹Ιεα..κχιτ,
870 5951 891 6005 l
930 5951 984 6005 li.
1018 6026 1022 6032 ‘
1061 5946 1106 5979 ⁵⁸
1134 5943 1321 6000 Matth.
1357 5956 1551 6005 xxvm,
1590 5937 1678 6003 18,
1714 5936 1789 5994 l9.

892 6052 914 6091 \

2070 4736 2297 4793 audiens
2321 4732 2591 4789 dicentem
2623 4746 2636 4780 :
2677 4741 2696 4775 ι
2725 4721 2860 4776 Data
2902 4727 2987 4775 est
3019 4715 3153 4771 mihi
3185 4713 3642 4782 omnispotestas

2052 4825 2125 4885 in
2154 4824 2295 4884 calo
2321 4834 2377 4881 et
2401 4823 2458 4878 in
2489 4828 2657 4875 terra;
2682 4815 2891 4870 Euntes
2919 4809 3110 4870 docete
3149 4821 3341 4863 omnes
3371 4810 3559 4892 gentes
3585 4802 3639 4856 in

2066 4921 2292 4980 nomine
2335 4930 2461 4971 meo
2483 4912 2551 4966 “.
2583 4929 2603 4963 ι
2637 4908 2822 4977 Quare
2869 4903 3174 4962 secundum
3216 4897 3468 4970 Aquilam
3499 4893 3637 4949 dici-

2068 5025 2195 5070 tur:
2225 5032 2245 5064 ι
2276 5008 2381 5076 Qui
2414 5010 2734 5077 potestatem
2764 5000 2930 5055 habet
2969 4996 3025 5052 in
3048 4994 3251 5051 virtute
3280 5006 3378 5048 sua
3408 5002 3504 5059 per
3534 5001 3639 5040 δάι-
3742 5018 3745 5019 ν

2068 5108 2273 5163 culum.
2303 5121 2322 5155 ι
2365 5100 2517 5155 Alias
2548 5111 2768 5168 quoque
2794 5092 3097 5148 letabimur
3138 5088 3192 5141 in
3227 5086 3364 5155 ipso,
3395 5081 3512 5149 jam
3537 5094 3638 5131 me-

2068 5196 2294 5255 moratis
2343 5192 2507 5249 bonis
2553 5188 2762 5245 donati.
2811 5182 3170 5252 Quandonam
3218 5172 3639 5233 exsultabimus,
3749 5175 3752 5178 ’

2068 5287 2174 5342 nisi
2198 5299 2323 5340 cum
2356 5281 2599 5337 futurum
2640 5276 2901 5333 saeculum
2934 5268 3235 5329 advenerit,
3284 5264 3445 5333 cujus
3473 5260 3641 5317 donli-

2068 5386 2256 5436 natum
2310 5384 2367 5431 et
2414 5380 2737 5447 potestatem
2786 5367 2969 5423 nullus
3012 5361 3155 5421 alius
3206 5357 3494 5423 obtinebit,
3530 5354 3637 5410 nisi

2069 5474 2161 5528 ille
2184 5470 2279 5542 qui
2308 5469 2647 5525 dominatum
2672 5462 2894 5534 ePatre
2926 5456 3173 5526 accepit?
3200 5452 3374 5513 Nunc
3407 5449 3552 5505 enim
3584 5448 3640 5502 in

2060 5564 2321 5643 praesenti
2358 5563 2562 5620 secqu
2594 5557 2936 5632 principatus
2960 5558 3089 5607 sunt
3127 5546 3307 5611 multi,
3341 5548 3641 5614 potestates

2025 5646 2124 5714 .et
2168 5655 2596 5719 dominationes,
2643 5647 2948 5723 spiritualia
2995 5642 3251 5713 nequitia:
3296 5643 3353 5692 et
3396 5642 3640 5689 rectores

2072 5746 2279 5803 mundi.
2312 5744 2485 5801 ‘Tunc
2525 5746 2695 5809 ‘vero,
2736 5747 3029 5813 postquam
3081 5727 3369 5789 sustulerit
3421 5737 3643 5780 omnem
