4402 6402
790 494 895 549 655

1482 493 1748 551 LUSEBH
1786 493 2255 552 CASSARIENSIS
2293 495 2441 552 OPP.
2483 488 2661 552 PARS
2701 496 2789 552 111.
2818 524 2887 537 -—
2912 495 3317 553 EXEGETICA.

3898 502 4003 559 656

794 609 1171 679 principatum,
1219 616 1535 677 potestatem
1587 618 1640 665 et
1683 611 1957 675 virtutem,
2012 612 2129 682 ipse
2185 612 2334 668 solus
2362 618 2408 677 Α
2437 629 2527 665 στε

2270 628 2334 666 us
2362 618 2408 677 Α
2437 612 2616 665 στείαν
2661 613 2808 684 παρά
2839 614 2932 667 τοῦ
2962 614 3171 684 Πατρὺς
3221 614 3488 684 είληφὼςς
3528 616 3640 669 Νυν
3669 616 3768 686 μὲν
3796 616 3903 689 γὰρ
3946 620 4003 673 ὲν

793 699 1073 777 imperium
1111 698 1373 754 obtinebit
1422 699 1477 753 in
1526 702 1782 755 saaculum
1826 701 1979 766 illud,
2012 703 2065 755 in
2100 717 2209 772 quo
2252 702 2341 757 lae-

794 789 965 843 titiam
1000 788 1155 843 nobis
1176 790 1264 842 hic
1298 805 1476 849 sermo
1508 791 1814 859 pollicetur.

2447 704 2523 774 τῷ
2557 706 2780 774 παρόντι
2820 706 2976 759 αἰῶνι
3020 706 3184 775 ἀρχαὶ
3222 706 3444 770 πολλαὶ,
3488 708 3580 761 καὶ
3631 708 3867 773 ἐξουσίαι
3912 711 4006 763 καὶ⁵

2447 795 2796 865 κυριότητες,
2843 797 2936 848 καὶ
2967 796 3311 865 πνευματικὰ
3362 798 3621 867 πονηρίας
3665 798 3760 850 καὶ
3802 815 4004 869 κοσμοο

793 884 1080 955 κράτορες’
1116 884 1235 937 τότε
1255 885 1329 948 δὲ,
1361 885 1448 937 ὅτε
1512 886 1831 955 καταργήσῃ
1866 886 2043 939 πᾶσαν
2077 886 2251 956 ἀρχὴν
2312 888 2405 941 καὶ
2443 888 2688 952 ἐξουσίαν
2740 890 2835 943 καὶ
2883 889 3139 960 δύναμιν,
3189 887 3347 961 μόνος
3396 893 3556 955 αὐτὸς
3588 891 3875 965 ὲξουσιάσῃ
3908 893 4002 946 τοῦ

792 979 999 1043 αίῶνος,
1031 981 1087 1033 ὲν
1116 972 1160 1047 ᾧ
1195 980 1582 1048 ἐπαγγέλλεται
1622 983 1748 1051 ἡμῖν
1781 984 1808 1034 ὁ
1836 981 2021 1051 παρὼν
2052 981 2207 1049 λόγος
2247 983 2344 1052 τὴν
2384 984 2735 1055 εὐφροσύνην.

862 1091 1023 1147 Vsus.
1058 1093 1171 1148 7-9.
1216 1113 1235 1143 ι
1266 1092 1419 1149 Oculi
1448 1094 1566 1162 ejus
1601 1110 1766 1165 super
1791 1105 1977 1167 gentes
2010 1097 2340 1166 respiciunt:

793 1185 884 1254 qui
928 1192 1247 1254 exasperant
1284 1199 1392 1239 non
1420 1185 1727 1239 exaltentur
1763 1187 1817 1240 in
1852 1188 2180 1257 semetipsis.
2224 1187 2346 1242 Dia-

792 1278 1018 1347 psalma.
1046 1296 1068 1328 ι
1094 1277 1228 1333 Cum
1261 1279 1512 1347 superius
1534 1280 1770 1349 gentium
1798 1279 2134 1334 vocationem
2168 1280 2349 1334 adum-

792 1368 990 1430 braret;
1035 1368 1341 1422 universam
1387 1377 1583 1423 terram
1628 1371 1927 1424 evocabat:
1956 1386 2131 1439 neque
2168 1380 2346 1425 tamen

790 1468 975 1530 gentes
1010 1459 1211 1514 diserte
1250 1462 1605 1515 memoravit:
1636 1478 1780 1515 nunc
1828 1477 1956 1517 vero
2009 1462 2349 1533 apertissime

790 1552 1041 1615 easdem,
1107 1566 1315 1615 necnon
1374 1552 1467 1607 Dei
1517 1554 2013 1609 reconciliationem
2073 1556 2338 1610 meminit.

791 1641 921 1696 Nam
952 1641 1018 1695 de
1048 1643 1421 1711 peccatoribus
1444 1643 1659 1711 quidem
1694 1644 1896 1697 dictqu
1927 1653 2009 1699 est
2043 1663 2056 1699 :
2100 1662 2118 1695 ι
2149 1644 2345 1700 Averte

790 1734 981 1788 faciem
1035 1742 1182 1787 tuam
1236 1750 1265 1788 a
1327 1735 1563 1804 peccatis
1615 1737 1849 1801 meis“;
1888 1754 1907 1787 ι
1963 1751 2026 1790 ac
2080 1752 2357 1795 rursum:

793 1844 812 1877 ι
848 1826 1026 1893 Quare
1079 1827 1267 1880 faciem
1320 1836 1489 1889 tuam,
1558 1836 1611 1881 et
1656 1828 1933 1881 dexteram
1987 1834 2136 1882 tuam
2190 1842 2345 1881 aver-

790 1920 959 1975 tis"?
988 1938 1003 1969 ο
1044 1929 1093 1973 el
1132 1920 1364 1973 iterum:
1397 1937 1415 1970 ι
1446 1919 1703 1973 Avertisti
1743 1926 1922 1972 autem
1958 1918 2153 1973 faciem
2191 1925 2340 1971 tuam

792 2027 817 2064 a
849 2026 952 2073 me,
999 2016 1052 2064 et
1092 2008 1265 2064 factus
1314 2024 1432 2064 sum
1478 2008 1839 2063 conturbatus
1860 2008 1927 2061 ⁸³.
1966 2006 2093 2067 rDe
2114 2008 2183 2061 iis
2215 2023 2343 2061 vero

792 2104 878 2171 qui
913 2102 1051 2156 bona
1104 2116 1199 2170 spe
1248 2100 1500 2154 instructi
1556 2108 1682 2153 sunt
1728 2099 1934 2152 dictum
1986 2108 2107 2153 est:
2141 2118 2158 2149 ι
2189 2099 2343 2153 Oculi

792 2193 997 2247 Domini
1043 2206 1206 2260 super
1232 2190 1432 2258 justos,
1478 2195 1531 2242 ct
1570 2202 1731 2242 aures
1777 2188 1895 2256 ejus
1934 2188 1985 2240 in
2026 2202 2215 2256 preces
2259 2203 2348 2241 eo.

793 2300 906 2337 rum
927 2283 1008 2349 IN';
1045 2302 1063 2334 ι
1097 2290 1153 2335 et
1196 2296 1412 2335 rursum
1442 2296 1453 2331 :
1488 2297 1506 2328 ι
1540 2278 1695 2332 Oculi
1743 2279 1820 2332 tui
1854 2278 2072 2333 videant
2114 2279 2344 2347 aequita—

793 2375 972 2439 tes”;
1004 2390 1023 2424 ι
1072 2379 1125 2427 et
1171 2372 1366 2424 iterum
1408 2386 1421 2422 ι
1468 2387 1485 2420 ι
1519 2367 1773 2439 Signetur
1816 2384 1981 2438 super
2026 2383 2127 2423 nos
2164 2360 2344 2421 lumen

795 2465 967 2517 vultus
1001 2464 1101 2524 tui,
1145 2459 1370 2515 Domine
1390 2459 1453 2513 ".
1491 2478 1508 2510 ι
1549 2459 1751 2529 Magna:
1798 2460 1961 2529 igitur
2001 2459 2343 2531 pollicitatio-

795 2568 885 2607 nes
914 2552 1165 2622 gentibus
1203 2550 1255 2604 in
1285 2550 1536 2619 praesenti
1565 2550 1703 2604 data:
1734 2559 1879 2604 sunt.
1911 2549 2026 2608 Jam
2052 2551 2193 2604 oculi
2224 2550 2343 2618 ejus

796 2661 951 2712 super
993 2650 1178 2713 gentes
1223 2642 1539 2711 respiciunt.
1587 2642 1760 2710 Atque
1804 2641 2202 2696 animadvertas
2253 2658 2343 2693 ve-

798 2733 880 2783 .im
935 2731 989 2785 in
1028 2731 1175 2785 hisce
1208 2745 1474 2799 nusquam
1508 2727 1813 2785 Judaaorum
1870 2731 2195 2785 mentionem
2244 2731 2341 2783 ha-

799 2824 933 2889 3eri;
985 2823 1078 2877 sed
1113 2838 1206 2893 per
1237 2832 1406 2876 totum
1457 2823 1723 2891 psalmum
1774 2822 1911 2876 bona
1956 2821 2209 2892 gentibus
2246 2838 2343 2875 an-

796 2915 1047 2968 rnuntiari.
1095 2913 1469 2969 Perhuutanus
1508 2929 1638 2984 ergo
1668 2914 1755 2968 ille
1789 2915 2029 2985 gentium
2086 2912 2343 2969 Servator

800 3006 975 3060 )culos
1017 3019 1167 3066 suos,
1206 3004 1411 3059 scilicet
1447 3002 1769 3073 inspiciendi
1801 3004 2049 3066 virtutes,
2085 3004 2343 3073 expandit

810 3113 841 3151 η
869 3111 1059 3151 omnes
1089 3105 1296 3167 gentes.
1328 3094 1492 3149 Lucis
1534 3102 1713 3147 autem
1744 3093 1881 3147 radii
1912 3109 1979 3148 ex
2024 3094 2197 3148 oculis
2223 3094 2341 3162 ejus

804 3188 991 3251 imissi,
1038 3188 1249 3241 animas
1309 3186 1393 3240 sui
1451 3198 1678 3254 capaces
1732 3183 2027 3239 illustrant.
2074 3182 2339 3249 Quoniam

2513 1120 2532 1152 ι
2572 1102 2633 1154 Oi
2662 1102 2930 1172 ὀφθαλμοὶ
2966 1102 3129 1156 αὐτοῦ
3159 1103 3253 1157 ἐπὶ
3281 1103 3350 1157 τὰ
3374 1102 3498 1176 ἔθνη
3530 1102 3927 1166 ἐπιϐλέπουσιν,
3949 1105 4000 1158 οί

2442 1193 2963 1263 παραπικραίνοντες
2981 1193 3055 1264 μὴ
3067 1194 3415 1263 ύψούσθωσαν
3436 1198 3495 1249 ὲν
3520 1197 3748 1259 ἑαυτοῖς.
3768 1197 4001 1267 Διάψαλ-

2446 1300 2538 1353 μα.
2562 1283 2685 1337 »Διὰ
2713 1284 2819 1336 τῶν
2837 1284 3141 1355 ἔμπροσθεν
3155 1286 3593 1356 ὲπεσκιασμένως
3604 1288 3702 1358 τὴν
3712 1286 3820 1342 τῶν
3832 1288 4001 1341 ἐθνῶν

2444 1373 2628 1443 κλῆσιν
2661 1373 3033 1445 αἰνιξάμενος,
3068 1378 3246 1431 πᾶσαν
3274 1377 3369 1448 τὴν
3398 1378 3498 1448 γῆν
3538 1378 3748 1432 ἐκάλει·
3778 1379 3841 1432 οὑ
3894 1380 4000 1452 μὴν

2445 1466 2629 1534 σαφῶς
2658 1465 2725 1518 τὰ
2747 1466 2871 1534 ἔθνη
2892 1483 2905 1495 ·
2934 1468 3053 1520 νυνϊ
3070 1467 3126 1520 δὲ
3148 1467 3443 1522 λευκότατα
3465 1468 3573 1521 τῶν
3595 1469 3762 1523 ἐθνῶν
3796 1470 4000 1549 μέμνη-

2437 1570 2524 1608 ται
2551 1557 2645 1608 καὶ
2680 1555 2778 1625 τῆς
2816 1553 2908 1608 τοῦ
2930 1554 3064 1607 Θεοῦ
3085 1554 3391 1625 διαλλαγῆς.
3434 1555 3555 1609 Ἐπὶ
3580 1556 3677 1625 μὲν
3727 1556 3835 1626 γὰρ
3888 1555 3998 1608 τῶν

2440 1645 2851 1716 ἁμαρτανόντων
2877 1644 3119 1715 είρηται’
3154 1662 3173 1694 ι
3212 1644 3570 1715 ’Δπόστρεψον
3612 1645 3673 1697 τὸ
3712 1644 3999 1716 πρόσωπόν

2442 1754 2533 1789 σου
2579 1737 2686 1815 ἀπὸ
2716 1738 2824 1789 τῶν
2858 1736 3137 1807 ἁμαρτιῶν
3172 1752 3298 1807 μου·
3334 1754 3351 1787 δ
3386 1737 3480 1789 καὶ
3509 1735 3698 1789 πάλιν·
3751 1754 3770 1787 ι
3804 1737 3920 1789 Ἵνα
3945 1736 3998 1788 τί

2441 1818 2798 1896 ἀποστρέφεις
2827 1828 2886 1878 τὸ
2914 1827 3199 1896 πρόσωπόν
3235 1842 3326 1878 σου
3368 1826 3461 1878 καὶ
3487 1826 3585 1897 τὴν
3617 1824 3794 1889 δεξιάν
3822 1842 3946 1885 σονς
3974 1845 3991 1875 ι

2443 1918 2536 1969 καὶ
2559 1915 2715 1969 πάλιν
2736 1932 2748 1945 ·
2785 1934 2802 1966 ι
2846 1916 3210 1988 Ἀπέστρεψας
3237 1917 3293 1969 δὲ
3323 1916 3382 1969 τὸ
3413 1916 3699 1986 πρόσωπόν
3744 1932 3835 1968 σου
3856 1955 3870 1980 ,
3905 1915 3999 1969 καὶ

2445 2009 2704 2080 ἐγενήθην
2735 2009 3149 2078 τεταραγμένος.
3174 2028 3190 2059 ›
3239 2008 3361 2061 Ἐπὶ
3391 2008 3446 2060 δὲ
3483 2008 3590 2061 τῶν
3619 2006 3824 2075 ἀγαθὰς
3849 2007 3999 2061 ἑλπί-

2442 2101 2536 2163 δας
2583 2102 2813 2170 ὲχόντων
2870 2100 3151 2154 λέλεκται·
3206 2119 3224 2152 ι
3274 2100 3567 2170 Ὀφθαλμοὶ
3628 2099 3830 2171 Κυρίου
3907 2101 3997 2152 ἐπι

2443 2185 2702 2249 δικαίους,
2761 2187 2854 2239 καὶ
2904 2180 3015 2240 ὦτα
3063 2186 3225 2240 αὐτοῦ
3275 2188 3353 2250 είς
3393 2188 3576 2258 δέησιν
3606 2188 3818 2239 αὐτῶνθ
3849 2206 3869 2238 ι
3905 2186 3998 2239 καὶ

2444 2277 2629 2331 πάλιν·
2661 2297 2678 2329 ι
2704 2279 2767 2331 Oi
2786 2277 3049 2347 ὀφθαλμοί
3085 2294 3177 2331 σου
3206 2278 3459 2331 ίδέτωσαν
3495 2278 3791 2347 εὑθύτητας
3811 2295 3823 2307 ’
3858 2296 3877 2329 ι
3906 2275 3999 2330 καὶ

2443 2363 2629 2430 αὖθις·
2664 2386 2682 2416 ι
2714 2368 3078 2437 Σημειωθήτω
3119 2369 3202 2435 ἐφ’
3246 2369 3390 2438 ἡμᾶς
3431 2367 3490 2419 τὸ
3534 2367 3645 2435 φῶς
3686 2367 3779 2419 τοῦ
3828 2383 3997 2437 προσ-

2442 2456 2589 2511 ώπου
2634 2475 2746 2524 σου,
2780 2458 2969 2529 Κύριε.
2997 2478 3014 2509 ι
3053 2458 3299 2526 Μεγάλαι
3340 2458 3516 2511 τοίνυν
3565 2459 3880 2527 ἐπαγγελίαι
3909 2458 3996 2512 διὰ

2441 2551 2546 2605 τῶν
2582 2551 2950 2621 προκειμένων
2983 2554 3091 2615 τοῖς
3118 2552 3289 2604 ἔθνεσι
3319 2552 3583 2605 δέδονται·
3612 2551 3713 2622 ήδη
3734 2551 3997 2620 ὀφθαλμοὶ

2442 2641 2604 2695 αὑτοῦ
2631 2645 2721 2695 ἐπὶ
2752 2644 2817 2697 τά
2852 2643 2976 2713 ἔθνη
3007 2643 3371 2697 ὲπιόλέπουσι.
3407 2645 3512 2696 Καὶ⁵
3544 2643 3641 2695 θέα
3668 2645 3815 2705 ὅπως
3842 2642 3997 2695 οὐδα-

2446 2734 2546 2805 μοῦ
2588 2734 2695 2786 τῶν
2726 2734 3095 2805 προκειμένων
3133 2734 3398 2787 Ἰουδαίων
3443 2734 3745 2804 μέμνηται,
3775 2733 3841 2785 δι’
3877 2732 3995 2786 ὅλου

2441 2823 2495 2876 δὲ
2522 2826 2632 2886 τοῖς
2661 2822 2835 2875 ἔθνεσι
2864 2823 2929 2875 τὰ
2961 2823 3165 2893 χρηστὰ
3194 2821 3619 2890 εὐαγγελίζεται.
3665 2822 3721 2874 'O
3767 2821 3863 2891 μὲν
3904 2816 3995 2873 οὖν

2441 2914 2815 2984 φιλάνθρωπος
2840 2914 2945 2966 τῶν
2976 2913 3143 2967 ὲθνῶν
3182 2914 3371 2986 Σωτὴρ
3399 2916 3521 2977 τοὺς
3553 2914 3860 2983 ὀφθαλμοὺς
3898 2914 3996 2967 αύ-

2441 3002 2531 3054 τοῦ
2552 3043 2566 3067 ,
2602 3003 2700 3065 τὰς
2728 3004 3085 3068 ὲπισκοπικὰς
3127 3004 3323 3075 δηλαδὴ
3365 3005 3618 3074 δυνάμεις
3643 3044 3656 3067 ,
3689 3005 3996 3075 ὲξήπλωσεν

2443 3094 2534 3144 ἐπὶ
2561 3094 2738 3147 πάντα
2771 3094 2835 3147 τὰ
2864 3094 3008 3165 ἔθνη.
3033 3078 3210 3158 φωτδξ
3235 3095 3291 3148 δὲ
3334 3098 3548 3158 ἀκτῖνες
3576 3097 3639 3148 ὲκ
3667 3096 3773 3149 τῶν
3803 3096 3997 3165 ὀφθαλ-

2446 3179 2560 3249 μῶν
2591 3181 2752 3233 αύτοῧ
2785 3182 3126 3252 πεμπόμεναι
3160 3182 3256 3245 τὰς
3280 3185 3589 3254 χωρητικὰς
3619 3186 3797 3237 αὐτῶν
3822 3185 3997 3255 ψυχὰς

806 3293 915 3331 νει-ο
949 3277 1189 3330 futurum
1234 3282 1349 3329 erat
1386 3282 1446 3327 ut
1486 3287 1593 3326 non
1643 3285 1833 3326 omnes
1864 3272 2090 3342 gratiam
2135 3273 2341 3341 recipe-
2369 3295 2409 3352 ο
2442 3290 2544 3325 κατ

2260 3287 2341 3341 pe-
2369 3295 2409 3352 C
2442 3272 2903 3342 καταλάμπουσιν.
2923 3274 3069 3327 Ἐπεὶ
3092 3275 3145 3325 δὲ
3168 3274 3395 3345 ἤμελλον
3419 3275 3491 3345 μὴ
3510 3276 3706 3338 πάντες
3724 3277 3821 3346 τὴν
3845 3278 3998 3351 χάριν

807 3376 928 3433 'ent,
960 3369 1050 3423 sed
1084 3376 1285 3421 tantam
1329 3367 1447 3435 ejus
1470 3379 1594 3435 erga
1623 3363 1869 3419 homines
1897 3363 2238 3418 clementiam
2270 3364 2340 3416 ir-
2388 3408 2393 3413 .

807 3461 1014 3514 'itarent
1043 3468 1094 3513 et
1118 3464 1521 3527 exasperarent,
1551 3456 1694 3527 quod
1724 3457 1923 3509 donum
1955 3470 2063 3509 non
2091 3456 2344 3510 admitte-

810 3556 939 3613 'ent;
968 3550 1091 3619 jure
1124 3548 1339 3602 additur
1368 3566 1380 3601 :
1412 3566 1432 3598 ‹
1463 3545 1565 3613 Qui
1596 3553 1918 3615 exasperant
1960 3560 2067 3599 non
2104 3546 2343 3600 exalten-

815 3658 880 3697 ur
902 3642 957 3695 in
992 3641 1318 3711 semetipsis.
1354 3660 1373 3693 ›
1417 3640 1509 3697 His
1532 3654 1694 3711 porro
1722 3637 1994 3708 signiﬁcat
2015 3652 2108 3692 eos
2133 3652 2197 3692 ex
2222 3653 2344 3706 gen-

812 3735 952 3798 ibus,
994 3732 1084 3803 qui
1133 3733 1461 3802 inuuorigeri
1509 3740 1564 3788 et
1603 3732 2023 3800 inobsequentes
2052 3727 2344 3798 Evangelio

817 3836 931 3882 unt.
985 3826 1165 3891 Quare
1220 3825 1361 3894 apud
1419 3823 1801 3895 Symmachum
1855 3822 2055 3877 dicitur
2089 3840 2102 3876 :
2135 3840 2153 3873 ι
2186 3820 2340 3875 Oculi

816 3921 907 3989 jus
935 3927 1122 3989 gentes
1170 3919 1501 3987 inspiciunt;
1550 3917 1965 3985 inobsequentes
2003 3930 2071 3971 ne
2104 3915 2344 3970 exaltent

816 4012 1127 4079 emetipsos.
1171 4029 1188 4061 ι
1228 4010 1345 4063 Alio
1380 4010 1503 4064 item
1559 4024 1722 4063 sensu
1753 4008 1953 4062 indicat
1992 4022 2085 4063 eos
2135 4022 2201 4061 ex
2247 4007 2345 4060 cir-

822 4099 1140 4160 umcisione,
1170 4099 1259 4166 qui
1294 4098 1520 4165 gratiam
1550 4104 2014 4165 contempserunt,
2066 4104 2119 4151 et
2157 4096 2345 4150 Serva-

814 4190 923 4245 nris
971 4190 1309 4243 vocationem
1350 4188 1502 4240 nihili
1564 4188 1827 4241 fecerunt.
1870 4189 2048 4253 Quare
2108 4186 2343 4256 Spiritus

819 4290 1011 4336 auctus
1073 4295 1168 4349 per
1222 4278 1413 4333 Isaiam
1468 4278 1534 4332 ad
1587 4294 1681 4331 eos
1745 4280 2041 4348 respiciens
2089 4279 2339 4333 dicebat:

840 4372 981 4424 Aure
1021 4370 1279 4431 audiatis,
1312 4366 1369 4421 et
1412 4382 1479 4421 ne
1510 4368 1854 4436 intelligatis;
1907 4376 1960 4421 et
1992 4367 2234 4423 videntes
2266 4369 2345 4421 vi-

826 4463 983 4525 catis,
1022 4471 1074 4516 et
1100 4478 1166 4517 ne
1204 4462 1389 4517 sciatis
1413 4462 1477 4511 ⁸⁷.
1515 4478 1532 4510 ι
1565 4459 1753 4513 Merito
1792 4461 1955 4528 igitur
1988 4460 2131 4514 viros
2164 4461 2335 4514 incre-

814 4568 925 4607 ians
950 4568 1189 4622 praesens
1238 4566 1439 4613 sermo,
1475 4558 1659 4620 utpote
1705 4549 1821 4603 sine
1853 4563 2016 4602 causa
2061 4549 2129 4604 de
2169 4558 2346 4602 atavo-

2445 3363 2817 3433 ὑποδέχεσθαι,
2855 3365 3200 3436 παροργίζειν
3228 3366 3284 3418 δὲ
3324 3365 3385 3418 τὸ
3422 3366 3543 3418 ὅσον
3573 3368 3656 3419 ἐπ’
3698 3367 3878 3430 αὐτοῖς
3908 3370 3999 3421 καὶ

2444 3457 2899 3527 παραπικραίνειν
2924 3456 3020 3527 τὴν
3064 3458 3326 3529 τοσαύτην
3370 3456 3789 3528 φιλανθρωπίαν,
3827 3459 3913 3512 διὰ
3938 3460 3999 3512 τὸ

2447 3546 2519 3618 μῆ
2571 3547 2963 3617 παραδέχεσθαι
3013 3548 3072 3601 τὸ
3098 3549 3298 3620 δῶρον,
3347 3551 3567 3614 εἰκότως
3625 3552 3995 3608 ὲπιλέλεκταιο

2450 3655 2467 3686 ι
2495 3638 2556 3689 Οἱ
2584 3640 3108 3709 παραπικραίνοντες
3144 3640 3216 3711 μὴ
3242 3640 3593 3709 ὑψούσθωσαν
3623 3642 3681 3695 ὲν
3718 3644 3946 3707 ἑαυτοῖς.
3974 3663 3993 3695 ι

2444 3726 2698 3796 Σημαίνει
2736 3727 2792 3780 δὲ
2837 3729 2924 3783 διὰ
2976 3730 3177 3783 τούτων
3224 3733 3315 3785 καὶ
3358 3734 3480 3796 τοὺς
3526 3736 3583 3787 ὲν
3640 3736 3750 3797 τοῖς
3794 3733 4033 3798 ἔθνεσιν,

2445 3816 2685 3880 ἀπειθεῖς
2712 3818 2804 3871 καὶ
2827 3820 3227 3884 ἁνυποτάκτους
3254 3822 3330 3892 τῷ
3365 3823 3702 3893 εὐαγγελικῷ
3726 3824 3885 3895 λόγῳ.
3913 3825 4004 3877 Διὸ

2443 3907 2684 3962 λέλεκται
2725 3910 2873 3981 παρὰ
2916 3911 2992 3981 τῷ
3032 3913 3309 3983 Συμμάχῳ
3335 3930 3347 3942 ·
3392 3930 3412 3965 ι
3447 3916 3509 3966 Oi
3543 3914 3809 3985 ὀφθαλμοὶ
3837 3916 4000 3970 αὐτοῦ

2444 4001 2509 4052 τὰ
2562 4002 2685 4071 ἔθνη
2754 4004 3198 4055 ἐπισκοπεύουσι·
3247 4006 3295 4055 οἱ
3348 4004 3589 4068 ἀπειθεῖς
3638 4006 3713 4076 μὴ
3760 4007 4001 4077 ύψούτω-

2446 4109 2541 4145 σαν
2590 4092 2829 4155 ἑαυτούς.
2854 4113 2870 4143 ι
2916 4094 3173 4163 Σημαίνει
3212 4093 3267 4147 δὲ
3303 4095 3397 4147 καλ⁵
3439 4094 3610 4157 ἄλλως
3642 4097 3768 4159 τοὺς
3810 4099 3873 4149 ὲκ
3906 4114 4002 4150 πε-

2446 4186 2669 4256 ριτομῆς
2700 4185 3067 4257 ἀθετήσαντας
3095 4185 3190 4255 τὴν
3213 4186 3368 4256 χάριν
3391 4187 3482 4238 καὶ
3506 4186 3604 4256 τὴν
3635 4188 3728 4239 τοῦ
3753 4188 4003 4262 Σωτῆρος

2444 4274 2633 4343 κλῆσιν
2655 4276 3169 4345 ὑπερφρονήσαντας
3187 4290 3200 4303 ·
3226 4274 3303 4326 διὸ
3327 4275 3461 4345 πρὸς
3484 4277 3677 4339 αὐτοὺς
3701 4277 3760 4329 τὸ
3782 4277 4003 4347 Πνεῦμα

2443 4366 2504 4418 τὸ
2536 4367 2686 4433 ἅγιον
2720 4367 2810 4419 καὶ
2836 4366 2922 4419 διά
2965 4368 3179 4421 Ἡσαΐου
3213 4368 3519 4422 ἀπετείνετο
3551 4370 3727 4439 φῆσαν
3748 4387 3761 4400 ’
3794 4388 3813 4421 ι
3844 4371 4003 4441 Ἀκοῇ

2444 4457 2730 4527 ἀκούσητε,
2763 4459 2856 4512 καὶ
2880 4459 2940 4511 ού
2970 4458 3041 4529 μὴ
3076 4460 3288 4530 συνῆτε,
3323 4461 3415 4514 καὶ
3437 4460 3718 4528 βλέποντες
3752 4463 4001 4533 βλέψητε,

2448 4548 2539 4600 καὶ
2566 4548 2625 4599 οὐ
2665 4549 2737 4618 μὴ
2769 4548 2937 4617 ἴδητε.
2972 4566 2990 4599 ι
3028 4546 3264 4611 Εἰκότως
3310 4551 3594 4621 τοιγαροῦν
3631 4552 4003 4622 ὲπιρῤαπίζων

822 4658 909 4696 um
941 4643 1199 4712 dignitate
1243 4642 1477 4704 inﬂatos,
1534 4648 1587 4697 et
1636 4639 1703 4695 de
1745 4640 2144 4709 progenitorum
2173 4641 2345 4709 gloria
2381 4672 2421 4726 υ
2447 4641 2560 4692 αὐτ(

2267 4642 2345 4693 ria
2381 4672 2421 4726 υ
2447 4641 2640 4702 αὐτοὺς
2670 4642 2699 4693 ό
2728 4640 2917 4709 παρὼν
2959 4640 3133 4710 λόγος,
3162 4644 3282 4713 είκῆ
3327 4643 3717 4713 φυσιουμένους
3758 4644 3852 4695 ἐπὶ
3893 4647 4002 4706 τοῖς

825 4735 954 4787 ltum
987 4736 1277 4803 sapientes,
1302 4735 1433 4788 dicit
1462 4754 1473 4786 :
1507 4752 1523 4783 ι
1555 4732 1659 4798 Qui
1699 4739 2024 4802 exasperant
2052 4746 2159 4785 non
2204 4732 2345 4785 exal-

819 4836 973 4881 entur
1004 4827 1057 4878 in
1091 4826 1410 4894 semetipsis.
1444 4844 1462 4877 ι
1486 4824 1662 4879 Heus!
1696 4840 1811 4887 vos,
1849 4824 2045 4891 inquit,
2079 4824 2344 4897 superbiae

823 4924 843 4969 t
874 4933 1013 4972 vano
1043 4918 1241 4970 tumori
1286 4925 1468 4970 vestro
1496 4916 1655 4970 finem
1702 4918 1844 4983 date,
1902 4916 2138 4970 scientes
2176 4914 2343 4968 Deum

831 5026 898 5063 an
941 5009 1133 5079 magis,
1166 5022 1330 5077 quam
1370 5009 1595 5075 reliquis
1626 5009 1897 5076 gentibus.
1942 5007 2096 5061 vobis
2132 5008 2346 5075 prospi-

825 5115 933 5155 ere.
969 5097 1122 5153 Oculi
1152 5114 1283 5168 ergo
1322 5098 1468 5152 illius
1504 5099 1765 5151 lustrandi
1793 5100 1845 5152 vi
1872 5098 2103 5167 praaditi,
2142 5099 2351 5152 univer-

826 5207 976 5245 orum
1006 5191 1283 5246 hominum
1320 5190 1709 5260 providentiam
1738 5200 2005 5260 gerentes,
2039 5204 2199 5259 super
2228 5205 2352 5259 gen-

826 5300 876 5339 as
911 5285 1225 5353 reSpiciuut.
1262 5282 1403 5347 Quid
1446 5282 1609 5351 igitur
1645 5296 1762 5342 vos,
1805 5295 1867 5334 ac
1894 5281 1940 5335 si
1974 5282 2348 5350 praestantiora

833 5377 1103 5439 htineatis,
1121 5375 1430 5430 exaltamiui
1452 5376 1503 5427 in
1524 5373 1947 5442 vobismetipsis,
1966 5389 2087 5429 cum
2113 5374 2347 5428 maxime

833 5467 897 5521 iri
939 5475 1323 5534 exasperantes
1370 5466 1529 5521 sitis?
1562 5464 1716 5531 Quod
1767 5471 1947 5519 autem
1986 5465 2133 5534 ipsos
2166 5480 2347 5521 sermo

831 5559 1118 5623 ubindicet,
1149 5568 1332 5628 aperte
1362 5558 1599 5612 declarat
1632 5558 1868 5627 Spiritus
1894 5573 1989 5629 per
2013 5556 2345 5613 Ezechielem

837 5653 985 5706 irens
1011 5668 1025 5703 :
1056 5668 1074 5723 ι
1107 5647 1206 5702 Fili
1251 5649 1503 5713 hominis,
1544 5649 1754 5701 mittam
1787 5656 1840 5704 te
1871 5662 1970 5717 ego
2013 5648 2079 5701 ad
2124 5648 2343 5702 domum

870 5808 911 5837 ⁶¹
948 5806 1088 5862 Psal.
1122 5806 1279 5873 ι,1Ι.
1352 5806 1398 5838 ⁸²
1420 5804 1563 5860 Psal.
1586 5808 1845 5870 “111,24.
1925 5807 1968 5839 ⁸³
2001 5806 2140 5862 Psal.
2175 5824 2322 5871 xm,
2346 5808 2396 5861 8.
2473 5804 2515 5835 ³³
2542 5803 2608 5859 Ps

1790 5808 1845 5861 :4.
1925 5807 1968 5839 ⁸³
2001 5806 2140 5862 Psal.
2175 5824 2322 5871 xm,
2346 5808 2396 5861 8.
2473 5804 2515 5835 ³³
2542 5803 2691 5861 Psal.
2729 5820 2921 5869 xxxm,
2944 5803 3028 5858 l6.
3095 5804 3139 5836 "
3170 5802 3312 5859 Psal.
3349 5803 3528 5867 xv|,2.

874 5878 972 5933 lsa.
1003 5896 1077 5942 vi,
1106 5878 1157 5931 9.

2450 4731 2752 4803 προγόνοις,
2790 4733 2883 4785 καὶ
2909 4734 3050 4803 μέγα
3078 4735 3403 4805 φρονοῦντας
3440 4736 3529 4787 ἐπὶ
3558 4738 3622 4805 τῇ
3655 4734 3762 4787 τῶν
3792 4752 4003 4805 προπα-

2448 4823 2618 4893 τόρων
2645 4822 3021 4893 εὐδοκιμήσει,
3075 4826 3270 4895 φησίν·
3318 4846 3335 4878 ι
3375 4828 3437 4879 Oi
3484 4825 4004 4897 παραπικραίνοντες

2454 4916 2527 4987 μὴ
2563 4914 2909 4985 ὑψούσθωσαν
2944 4917 3001 4970 ὲν
3054 4919 3281 4981 ἑαυτοῖς.
3314 4938 3331 4969 ι
3365 4916 3653 4971 Παύσασθε
3684 4916 3820 4988 γὰρ,
3852 4916 4002 4987 φησὶ,

2452 5004 2856 5076 βρενθυνόμενοι
2885 5004 2975 5057 καὶ
3007 5008 3124 5077 εἰκῆ
3154 5007 3495 5077 τυφούμενοι,
3516 4999 3559 5058 ὦ
3582 5000 3743 5066 οὗτοι,
3766 5006 4000 5073 γνόντες,

2449 5098 2530 5149 ὅτι
2575 5098 2636 5149 οὑ
2673 5097 2870 5167 μᾶλλον
2902 5097 3029 5166 ὑμῖν
3080 5100 3356 5151 ὲπιὸλέπει
3380 5101 3409 5151 ὁ
3444 5098 3573 5160 Θεὸς
3602 5098 3633 5167 ἦ
3668 5100 3776 5160 τοῖς
3804 5098 4003 5165 λοιποῖς

2450 5187 2677 5242 ἔθνεσιν.
2717 5189 2780 5241 Oi.
2822 5186 2950 5256 γοῦν
2984 5189 3078 5259 τῆς
3111 5188 3467 5258 ὲπισκοπικῆς
3516 5190 3678 5243 αὑτοῦ
3730 5190 4003 5260 δυνάμεως

2452 5279 2715 5349 ὀφθαλμοὶ
2740 5318 2754 5340 ,
2802 5278 3018 5333 πάντων
3050 5280 3345 5352 ἀνθρώπων
3378 5280 3633 5350 πρόνοιαν
3664 5280 3967 5352 ποιούμενοι
3986 5320 4001 5345 ,

2454 5373 2545 5425 ἐπὶ
2599 5372 2666 5425 τὰ
2719 5371 2844 5441 ἔθνη
2884 5372 3252 5427 ὲπιϐλέπουσι.
3294 5373 3358 5425 Τί
3390 5368 3481 5427 οὖν
3515 5376 3699 5446 ὑμεῖς,
3727 5374 3912 5444 ὥσπερ
3950 5389 4003 5426 τι

2453 5464 2726 5533 ἐξαίρετον
2756 5464 3098 5533 κεκτημένοι,
3124 5463 3351 5532 ὑψοῦσθε
3385 5467 3441 5517 ἐν
3470 5468 3703 5533 ἑαυτοῖς,
3724 5464 4003 5520 καὶταῦτα

2453 5554 2642 5625 ἄνδρες
2673 5556 2822 5619 ὄντες
2880 5556 2965 5607 ἀεὶ
2992 5557 3546 5629 παραπικραίνοντεςς
3581 5559 3699 5611 Ὀτι
3723 5558 3779 5610 δὲ
3811 5557 4003 5619 αὐτοὺς

2452 5647 2790 5701 αἰνίττεταιό
2824 5647 2998 5715 λόγος,
3037 5647 3219 5717 σαφῶς
3258 5650 3549 5721 παρίστησι
3573 5650 3632 5703 τὸ
3660 5648 3878 5719 Πνεῦμα
3918 5645 4003 5701 διὰ

3612 5808 3655 5839 ³⁸
3681 5807 3821 5863 Psztl.
3854 5826 3927 5874 tv.
3953 5812 3985 5867 7
