4402 6448
457 472 556 529 657

1516 452 2038 541 ’COMMENTARIA
2078 487 2146 540 uv
2182 486 2515 542 PSALMUS.

3546 486 3646 542 658

469 588 723 662 Ἰεζεκιὴλ
749 592 931 661 λέγον·
960 614 978 645 ι
1005 596 1097 648 Υἱὲ
1122 598 1423 668 ἀνθρώπου,
1451 601 1784 667 ἐξαποστελῶ
1815 621 1872 656 σε
1898 603 2006 672 ἐγὼ
2034 617 2079 671 Α
2108 606 2207 657 ῙδΓέ

1909 603 2006 672 ἐγὼ
2034 617 2079 671 Α
2108 605 2294 664 Israel,
2321 605 2384 659 ad
2412 612 2813 673 exasperantes,
2839 605 2927 673 qui
2956 613 3409 672 exasperaverunt
3436 618 3520 658 me
3548 602 3647 672 ipsi

456 679 592 747 πρὸς
638 681 725 733 τὸν
777 679 921 736 οἷκον
983 686 1223 757 Ἰσραὴλ,
1273 691 1396 752 τοὺς
1443 693 2003 763 παραπικραίνοντας,

456 771 648 834 οἵτινες
679 776 1089 845 παρεπίκρανάν
1113 797 1176 849 με
1207 781 1356 832 αὐτοὶ
1391 784 1481 833 καὶ
1509 785 1554 834 οἱ
1582 784 1810 854 πατέρες
1832 783 2006 838 αὐτῶν

455 858 558 922 ἕως
600 862 696 933 τῆς
740 869 974 937 σήμερον
1020 870 1257 939 ἡμέραςο
1306 891 1322 921 ι
1363 874 1453 924 καὶ
1491 873 1642 942 έξῆς·
1688 894 1706 925 ι
1740 875 1860 927 Ἐὰν
1902 876 2007 945 ἄρα

456 950 782 1020 ἀκούσωσιν,
819 956 850 1025 ἢ
885 959 1217 1029 πτοηθῶσιν,
1267 961 1397 1015 διότι
1439 961 1582 1028 οἶκος
1637 983 2006 1037 παραπικραι-

457 1041 648 1095 νόντων
675 1047 788 1099 ἐστί
809 1065 819 1076 ·
855 1071 873 1099 ι
907 1052 996 1101 καὶ
1030 1050 1185 1102 πάλιν
1204 1069 1215 1080 ·
1247 1071 1263 1102 ί
1294 1055 1400 1105 Καὶ
1430 1055 1645 1125 λαλήσω
1666 1058 1790 1119 τοὺς
1819 1057 2004 1124 λόγους

459 1152 557 1202 μου
588 1138 722 1206 πρὸς
752 1139 964 1202 αὐτοὺς,
1002 1142 1093 1193 ἐὰν
1125 1143 1229 1212 ἄρα
1257 1144 1585 1211 ἀκούσωσιν,
1615 1146 1647 1215 ἢ
1681 1147 2000 1216 πτοηθῶσιν,

452 1225 533 1277 ὅτι
575 1222 718 1290 οἶκος
755 1233 1293 1301 παραπικραινόντων
1343 1236 1474 1288 ἐστί.
1526 1257 1543 1285 ι
1594 1237 1701 1288 Καὶ
1735 1239 1791 1288 ὲν
1841 1244 1909 1307 ρε¹
1949 1239 2004 1289 δὲ

451 1315 647 1387 ψαλμῷ
697 1318 964 1372 λέλεκται⁸
1011 1341 1028 1372 ι
1065 1323 1184 1376 Ὅτι
1225 1327 1634 1397 παρεπίκραναν
1678 1328 1736 1379 τὸ
1791 1314 2001 1397 πνεῦμα

454 1409 644 1460 αὐτοῦ·
679 1428 696 1459 ι
740 1410 830 1460 καὶ
876 1412 1067 1465 πάλιν·
1106 1433 1124 1464 ι
1155 1415 1446 1478 Πλεονάκις
1479 1417 1740 1486 ἐρρύσατο
1774 1418 1996 1479 αὐτούς’

454 1500 604 1550 αὐτοὶ
637 1499 691 1551 δὲ
724 1503 1128 1572 παρεπίκραναν
1172 1506 1328 1558 αὐτὸν
1359 1509 1413 1558 ἐν
1445 1509 1509 1576 τῇ
1550 1507 1708 1577 βουλῇ
1748 1507 1944 1560 αὐτῶν.
1977 1527 1994 1558 ›

452 1589 557 1640 Ναὶ
599 1590 702 1660 μὴν
747 1592 838 1644 καὶ
865 1595 1102 1664 Μωῦσῆς
1128 1598 1223 1666 τὴν
1249 1599 1466 1666 πικρίαν
1498 1598 1675 1650 αὐτῶν
1714 1599 2000 1670 παρίστησι

452 1680 651 1746 λέγων’
710 1683 857 1734 «Ἐκ
906 1684 1012 1754 γὰρ
1083 1686 1325 1755 ἀμπέλου
1371 1687 1612 1757 Σοδόμων
1670 1691 1701 1757 ἡ
1765 1689 2001 1757 ἄμπελος

451 1771 647 1834 αὐτῶν,
684 1774 775 1826 καὶ¹
808 1778 840 1844 η
869 1774 1132 1844 κληματὶς
1163 1777 1339 1828 αὐτῶν
1378 1779 1440 1830 ὲκ
1468 1779 1778 1849 Γομόρῤας’
1817 1783 1847 1849 ἡ
1878 1797 2001 1832 στα-

452 1860 586 1930 φυλὴ
617 1861 789 1914 αὐτῶν
826 1863 1063 1933 σταφυλὴ
1099 1865 1277 1933 χολῆς,
1306 1866 1495 1937 βότρυς
1523 1869 1739 1938 πικρίας
1766 1868 1995 1921 αὐτῶν.»

452 1953 556 2003 Καὶ
606 1954 661 2004 ὲν
695 1954 768 2023 τῷ
820 1954 1055 2026 Ἱερεμίᾳ
1101 1955 1156 2007 δὲ
1190 1957 1399 2027 εἴρηται
1438 1959 1572 2028 πρὸς
1619 1961 1742 2022 τοὺς
1782 1959 2000 2021 αὐτούς’
2039 1950 2079 2002 Β

455 2061 472 2092 ε
499 2041 619 2104 Πῶς
650 2044 888 2114 ἐστράφη
914 2047 993 2109 εἰς
1020 2046 1240 2116 πικρίαν
1269 2050 1301 2117 ἡ
1336 2048 1573 2117 ἄμπελος
1603 2050 1634 2118 ἡ
1667 2049 1919 2118 ἀλλοτρία
1943 2065 1957 2112 ;
1981 2068 1997 2098 ι

454 2135 682 2196 Εἰκότως
719 2136 891 2189 τοίνυν
924 2140 1015 2191 καὶ
1049 2139 1280 2191 ἐνταῦθα
1320 2140 1842 2210 παραπικραίνοντες
1873 2140 2004 2192 ὠνο-

453 2225 750 2294 μάσθησαν.
805 2227 897 2280 Ἐκ
953 2229 1291 2299 παραλλήλου
1343 2229 1397 2281 δὲ
1469 2229 1840 2300 μνημονεύσας
1899 2228 2005 2280 τῶν

451 2315 616 2370 ἐθνῶν
645 2317 736 2369 καὶ
765 2317 862 2387 τῆς
897 2318 1097 2372 τούτων
1129 2321 1397 2390 σωτηρίας
1429 2323 1455 2374 ό
1510 2321 1681 2388 λόγος,
1713 2319 2004 2390 παράθεσιν

450 2404 553 2468 τῶν
590 2406 654 2457 ὲκ
683 2408 980 2477 περιτομῆς
1025 2408 1313 2477 πεποίηται
1349 2408 1514 2460 εἰπών
1536 2424 1548 2436 ·
1590 2427 1608 2457 ι
1649 2410 1709 2460 Oi
1740 2407 2005 2476 ὀφθαλμοὶ

449 2495 608 2547 αὐτοῦ
631 2496 723 2549 ἐπὶ
743 2495 809 2548 τὰ
833 2495 958 2568 ἔθνη
985 2496 1359 2549 ἐπιϐλέπουσιν
1378 2540 1390 2560 ,
1412 2501 1460 2550 οἱ
1485 2499 2004 2568 παραπικραίνοντες

454 2586 526 2655 μὴ
557 2585 902 2654 ὑψούσθωσαν
927 2588 984 2657 ἐν
1005 2588 1233 2650 ἑαυτοῖς.
1263 2588 1563 2655 Εὐλογεῖτε,
1591 2588 1738 2656 ἔθνη,
1763 2588 1852 2640 τὸν
1875 2587 2004 2639 Θεὸν

452 2674 626 2743 ἡμῶν,
661 2676 751 2726 καὶ
792 2675 1105 2728 ἀκουτίσατε
1144 2678 1240 2745 τὴν
1272 2677 1449 2746 φωνὴν
1481 2678 1580 2746 τῆς
1610 2678 1864 2738 αἰνέσεως
1912 2677 2006 2729 αὐο

453 2763 566 2817 τοῦ.
599 2785 617 2816 ι
654 2766 1016 2833 Εὐαγγελικὸν
1055 2763 1193 2820 εἷναι
1221 2767 1310 2820 τὸν
1347 2767 1551 2838 ψαλμὸν
1580 2769 1670 2820 καὶ
1716 2769 2004 2838 ἀρχόμενοι

449 2855 543 2908 τοῦ
571 2856 726 2924 λόγου
752 2860 1127 2928 τετηρήκαμεν
1150 2875 1161 2887 °
1195 2859 1222 2910 ὂ
1245 2860 1335 2912 καὶ
1361 2860 1426 2911 δι’
1447 2859 1567 2912 ὅλου
1596 2859 1688 2912 τοῦ
1716 2859 1884 2927 ῦφους
1911 2861 2005 2930 τῆς

453 2948 799 3024 προφητείας,
837 2949 1182 3020 παρίσταται.
1240 2949 1450 3002 Ἐκάλει
1487 2951 1582 3020 μὲν
1623 2951 1729 3021 γὰρ
1777 2953 1833 3002 ὲν
1866 2951 2003 3020 ἀρχῇ

454 3039 630 3089 πᾶσαν
656 3039 750 3108 τὴν
779 3039 880 3107 γῆν
902 3054 914 3068 ⁸
945 3037 1061 3092 εἶτα
1087 3041 1142 3092 ὲν
1172 3040 1248 3109 τῷ
1291 3039 1489 3109 μεταξὺ
1529 3040 1745 3094 πλείονα
1772 3040 2001 3104 διδάξας,

454 3128 781 3200 σαφέστερον
811 3131 934 3198 περὶ
966 3129 1072 3182 τῶν
1104 3129 1268 3182 ἐθνῶν
1299 3134 1527 3183 ποιεῖται
1557 3131 1883 3201 προφητείαν
1916 3131 2001 3182 λέ-

450 3235 559 3285 γων
577 3235 590 3248 ο
621 3238 638 3269 ι
663 3222 724 3272 Οί
745 3218 1009 3288 ὀφθαλμοὶ
1033 3219 1194 3272 αὐτοῦ
1222 3221 1312 3272 ἐπὶ
1333 3221 1397 3274 τὰ
1426 3222 1546 3289 ἔθνη
1571 3220 1964 3273 ἐπιϐλέπουσιν.
1980 3239 1998 3270 ι

451 3310 602 3362 Μετά
629 3310 691 3381 δὴ
713 3307 804 3363 οὖν
830 3310 926 3379 τὴν
948 3310 1149 3362 τούτων
1177 3310 1516 3364 διδασκαλίαν
1538 3288 1846 3374 ἀκολούθως
1871 3313 2001 3363 πᾶσι
2033 3288 2073 3344 C

448 3401 560 3460 τοῖς
589 3398 824 3461 ἔθνεσιν,
862 3397 938 3461 ὼς
980 3397 1043 3449 ἂν
1074 3397 1438 3467 ὠφελημένοις
1487 3401 1551 3451 ὲκ
1583 3399 1674 3452 τοῦ
1722 3416 2003 3470 προμεμα-

451 3488 673 3559 θηκέναι
718 3489 786 3540 τὰ
829 3488 1190 3559 προλεχθέντα
1219 3527 1233 3551 ,
1296 3489 1530 3556 εὐλογεῖν
1578 3489 1684 3541 τῶν
1737 3488 2003 3542 τοσούτων

452 3579 742 3648 Θαυμάτων
767 3580 871 3632 τῶν
900 3597 959 3631 τε
1003 3579 1246 3650 φοϐερῶν
1277 3578 1451 3650 ἔργων
1491 3580 1715 3650 ποιητὴν
1760 3597 1998 3649 παρακε-

450 3669 660 3724 λεύεται
681 3670 850 3739 λέγων
871 3688 883 3700 ·
919 3689 936 3722 ι
964 3671 1265 3739 Εὐλογεῖτε,
1297 3671 1419 3740 ἔθνη
1441 3709 1454 3733 ,
1491 3671 1578 3722 τὸν
1610 3670 1740 3723 Θεὸν
1766 3670 1938 3739 ἡμῶν.
1980 3691 1996 3721 ι

452 3763 541 3832 Μὴ
569 3761 675 3833 γὰρ
705 3762 832 3825 τοὺς
859 3764 1172 3834 ὑμετέρους,
1203 3764 1353 3834 φησὶ,
1385 3764 1508 3825 τοὺς
1543 3762 1707 3816 πάλαι
1729 3762 2002 3832 πεπλανη-

453 3852 626 3922 μένως
649 3852 1237 3923 νομιζομένουςμθεοὺς,
1267 3853 1398 3906 ἀλλά
1422 3853 1509 3906 τὸν
1543 3853 1822 3922 ἡμέτερον,
1855 3852 1915 3904 ὃν
1943 3844 2011 3904 ὲκ

451 3943 698 4013 πατέρων
740 3947 897 4014 ἡμεῖς
925 3944 1369 4015 ὲπεγραψὰμεθα,
1400 3944 1585 3996 τοῦτον
1619 3943 1828 4010 γνόντες
1867 3938 2002 3995 εἶναι

450 4032 538 4085 τὸν
586 4033 832 4102 ἀληθινὸν
863 4033 1011 4088 Θεόν.
1060 4035 1171 4087 Νῦν
1197 4035 1344 4102 γοῦν,
1375 4036 1423 4085 εἰ
1469 4035 1562 4086 καὶ
1607 4034 1680 4103 μὴ
1724 4034 2002 4103 πρότερον,

450 4123 545 4176 καὶ
595 4124 750 4193 ὑμεῖς
802 4125 1087 4193 εὐλογεῖτε.
1139 4124 1521 4195 Εὐφημοῦντες
1567 4124 1622 4176 δὲ
1670 4125 1850 4188 αὐτὸν,
1913 4126 2005 4178 καὶ

449 4213 793 4281 εὐλογοῦντες
830 4215 904 4277 ὡς
946 4216 1100 4284 μόνον
1133 4216 1379 4286 ἀληθινὸν
1424 4216 1516 4268 καὶ
1552 4215 1724 4268 κοινὸν
1754 4216 2004 4269 ἀπάντων

449 4300 605 4370 ἡμῶν
635 4318 694 4353 τε
737 4302 827 4354 καὶ
853 4301 1003 4372 ὐμῶν
1035 4303 1165 4356 Θεὸν
1193 4345 1205 4368 ,
1243 4304 1315 4374 μὴ
1362 4305 1784 4373 σεσιωπημένως
1807 4344 1821 4369 ,
1873 4304 2006 4374 μηδὲ

450 4391 660 4462 ἠρεμέᾳ
690 4391 806 4462 (sic)
850 4395 916 4463 τῇ
948 4395 1093 4464 φωνῇ
1147 4393 1304 4446 τοῦτο
1357 4395 1655 4463 πράττετεο
1691 4396 1787 4447 σὺν
1837 4393 2002 4469 πολλῇ

450 4481 505 4533 δὲ
536 4483 816 4555 παρρησίᾳ
866 4484 957 4536 κα)⁸
996 4483 1224 4556 θάρσει,
1263 4488 1460 4552 φωναῖς
1497 4501 1557 4537 τε
1605 4487 1860 4553 γεγωνοῖς
1911 4486 2004 4537 καὶ

451 4572 599 4641 βοαῖς
639 4575 911 4646 χρήσασθε
960 4578 1249 4647 μεγάλαις⁶
1305 4576 1378 4638 ὡς
1420 4576 1512 4627 καὶ
1554 4577 1663 4638 τοῖς
1707 4575 2000 4646 ἀλλοτρίοις
2033 4618 2076 4672 D

450 4664 738 4717 ἀκούεσθαι
792 4666 889 4736 τὴν
938 4667 1395 4738 ἀναπεμπομένην
1452 4668 1530 4728 εἰς
1561 4665 1691 4718 Θεὸν
1722 4667 1808 4733 ὑφ’
1851 4667 2002 4734 ὑμῶν

449 4755 648 4806 αἴνεσιν
667 4773 678 4784 ·
708 4755 822 4826 ὃδὴ
859 4757 950 4808 καὶ
975 4760 1002 4809 ό
1032 4757 1218 4828 Σωτὴρ
1256 4758 1439 4828 ἐδήλου
1483 4757 1682 4825 λέγων·
1714 4773 1732 4806 ι
1779 4757 1842 4808 Ὅ
1863 4755 2003 4823 λέγω

449 4845 573 4916 ὑμῖν
600 4848 658 4897 ὲν
676 4849 739 4915 τῇ
767 4846 954 4918 σκοτίᾳ
978 4847 1162 4901 εἴπατε
1186 4850 1243 4899 ὲν
1263 4850 1339 4919 τῷ
1365 4850 1519 4918 φωτὶ,
1550 4849 1642 4901 καὶ
1668 4846 1695 4898 ὃ
1725 4847 1802 4909 εἰς
1831 4846 1890 4898 τὸ
1913 4842 2002 4909 οῦς

448 4935 693 5000 ἀκούετε,
721 4937 1019 5007 κηρύσσετε
1043 4940 1133 4991 ἐπὶ
1154 4938 1261 4991 τῶν
1295 4940 1575 5010 δωμάτων.
1611 4959 1629 4990 ι
1668 4938 1880 5008 Ταύτης
1909 4933 2000 4990 οῦν

444 5020 624 5092 ἔχεται
658 5027 753 5094 τῆς
785 5025 1019 5089 διανοίας
1048 5028 1107 5079 τὸ
1145 5027 1348 5094 φάσκον
1396 5028 1600 5096 λόγιον
1650 5047 1668 5078 ‹
1703 5028 1812 5079 Καὶ
1838 5028 1997 5080 ἀκου-

445 5112 628 5164 τίσατε
659 5112 758 5182 τὴν
790 5114 968 5183 φωνὴν
991 5115 1090 5184 τῆς
1114 5116 1367 5178 αἰνέσεως
1396 5117 1588 5169 αὐτοῦ’
1629 5136 1646 5168 ι
1681 5116 1714 5184 ἢ
1749 5116 1888 5168 κατά
1912 5115 2001 5167 τὸν

447 5203 755 5271 Σύμμαχον·
782 5221 799 5252 ι
824 5202 1169 5266 Ἐξάκουστον
1192 5210 1389 5259 ποιεῖτε
1404 5207 1500 5278 τὴν
1517 5207 1696 5278 φωνὴν
1719 5206 1811 5258 τοῦ
1834 5205 2002 5275 ὕμνου

449 5293 630 5346 αὐτοῦ.
657 5311 674 5344 ι
710 5292 992 5362 Θαυμάσαι
1016 5293 1073 5346 δὲ
1103 5294 1214 5347 ἔστι
1247 5297 1339 5349 τοῦ
1367 5297 1521 5366 λόγου
1551 5299 1610 5351 τὸ
1639 5297 2001 5366 ἀποτέλεσμα,

449 5383 533 5436 ὅτε
582 5383 700 5444 καθ’
727 5383 851 5453 ὅλης
901 5384 998 5454 τῆς
1028 5383 1326 5454 ἀνθρώπων
1348 5389 1689 5460 οἰκουμένης,
1723 5390 1778 5439 ὲν
1814 5388 2008 5457 μέσαις

447 5479 566 5538 ταῖς
609 5477 812 5538 πόλεσι,
847 5475 903 5528 έν
943 5493 1000 5527 τε
1052 5476 1262 5546 κώμαις
1301 5478 1392 5529 καλ⁵
1423 5478 1625 5549 χώραις
1657 5478 1795 5532 κατὰ
1832 5478 2008 5542 πάσας

447 5567 545 5629 τὰς
568 5568 886 5638 Ἐκκλησίας
908 5567 998 5621 τοῦ
1014 5567 1170 5634 Θεοῦ,
1188 5569 1236 5620 oi
1257 5568 1348 5621 τοῦ
1364 5570 1599 5640 Χριστοῦ
1617 5571 1733 5625 λαοὶ
1757 5569 1815 5645 ἐξ
1837 5569 2010 5623 ἀπάν-

2071 4758 2272 4828 ‘igitur
2327 4754 2609 4819 sententiae
2672 4750 2826 4805 aliine
2881 4751 2987 4804 hoc
3045 4750 3248 4804 dictum
3321 4758 3404 4804 est
3456 4767 3470 4802 :

2105 704 2158 749 et
2190 707 2366 764 patres
2396 696 2634 765 ipsorum
2681 711 2851 764 usque
2878 696 2941 747 ad
2991 703 3304 763 praesentem
3341 695 3478 748 diem
3499 695 3544 725 ⁸⁸
3575 713 3588 748 :
3625 713 3642 744 ι

2104 795 2156 839 et
2199 797 2379 855 postea
2409 805 2420 839 :
2450 806 2467 837 ‹
2499 786 2554 840 Si
2581 786 2718 842 forte
2762 788 2980 841 audiam
3003 795 3056 840 et
3096 786 3490 846 deterreantur,
3522 787 3674 854 quia.

2104 876 2297 930 domus
2335 879 2767 945 exasperantium
2799 888 2882 932 est
2902 879 2981 940 '9;
3019 897 3034 927 ι
3070 884 3121 930 et
3162 880 3391 929 iterum:
3427 894 3443 924 ι
3475 875 3540 927 Et
3571 877 3650 928 lo-

2105 983 2240 1035 quar
2282 983 2564 1023 sermones
2597 984 2746 1024 meos
2791 971 2856 1022 ad
2893 970 3035 1033 illos,
3077 970 3122 1022 si
3171 969 3305 1022 forte
3347 968 3568 1020 audiant
3598 974 3650 1020 et

2104 1048 2495 1120 deterreantur,
2546 1059 2671 1127 quia
2709 1058 2902 1111 domus
2957 1059 3384 1125 exasperantium
3429 1062 3511 1108 est
3533 1054 3600 1109 5°.
3627 1071 3646 1103 ι

2102 1147 2166 1199 Et
2199 1148 2250 1201 in
2281 1163 2347 1202 ον
2367 1149 2574 1219 psalmo
2606 1150 2808 1203 dictum
2839 1159 2920 1202 est
2946 1169 2960 1203 :
2992 1167 3008 1198 ‹
3039 1148 3174 1213 Quia
3197 1146 3650 1202 exacerbaverunt

2104 1238 2354 1306 spiritum
2402 1239 2617 1306 ejus“;
2652 1258 2671 1289 ›
2731 1253 2792 1292 ac
2847 1253 3062 1292 rursum
3103 1257 3113 1289 :
3157 1255 3174 1287 ‹
3210 1235 3361 1305 Siepe
3405 1234 3653 1287 liberavit

2101 1343 2213 1382 eos.
2261 1327 2366 1398 lpsi
2423 1338 2604 1382 autem
2654 1328 3115 1383 exacerbaveruut
3168 1341 3290 1379 eum
3330 1326 3384 1377 in
3425 1323 3653 1378 consilio

2102 1430 2202 1469 suo
2231 1417 2297 1470 θ’.
2331 1436 2347 1465 ι
2395 1418 2508 1470 Imo
2538 1418 2698 1471 etiam
2725 1417 2937 1485 Moyses
2971 1416 3317 1471 acerbitatem
3346 1430 3532 1469 eorum
3559 1415 3654 1467 de-

2101 1508 2271 1560 clarat
2312 1508 2396 1561 his
2438 1509 2653 1563 verbis:
2687 1527 2703 1558 ι
2737 1508 2868 1561 Nam
2894 1524 2957 1562 ex
2991 1510 3145 1563 vinea
3182 1507 3536 1561 Sodomorum
3582 1507 3654 1560 vi-

2103 1615 2201 1652 nea
2249 1615 2456 1663 eorum,
2511 1607 2564 1652 et
2597 1600 2800 1667 palmes
2841 1615 3025 1652 eorum
3067 1615 3134 1652 ex
3178 1597 3497 1653 Gomorrlia.
3542 1596 3654 1654 Uva

2100 1707 2286 1744 eorum
2320 1706 2421 1744 uva
2455 1690 2616 1751 fellis,
2653 1691 2842 1744 botrus
2883 1690 3192 1743 acerbitatis
3225 1705 3411 1743 eorum
3437 1690 3500 1744 ⁸³.
3543 1709 3561 1740 ι
3595 1691 3653 1742 In

2101 1781 2332 1836 Jcremia
2363 1789 2540 1836 autem
2576 1783 2641 1834 ad
2665 1780 2879 1835 eosdem
2909 1781 3145 1834 dicitur:
3180 1799 3196 1830 ι
3229 1779 3508 1845 Quomodo
3532 1796 3658 1834 con-

2103 1889 2256 1928 versa
2308 1881 2392 1927 est
2423 1873 2477 1925 in
2528 1871 2943 1925 amaritudinem
2984 1870 3108 1924 vitis
3155 1870 3326 1922 aliena
3354 1869 3437 1920 6"?
3469 1888 3486 1920 ι
3524 1867 3656 1925 Jure

2106 1963 2266 2032 igitur
2337 1964 2425 2017 hic
2495 1977 2709 2032 quoque
2759 1969 3143 2030 exasperautes
3191 1968 3467 2013 vocantur.
3517 1959 3653 2013 Dum

2107 2061 2286 2106 autem
2305 2069 2367 2107 ex
2395 2053 2620 2107 adverso
2643 2053 2878 2120 gentium
2903 2059 2956 2104 et
2986 2051 3178 2105 salutis
3208 2065 3392 2104 eorum
3420 2050 3654 2104 mentio-
3703 2052 3711 2061 '

2105 2159 2224 2197 nem
2261 2158 2437 2196 sermo
2469 2140 2616 2204 facit,
2652 2140 3104 2207 comparationem
3151 2138 3378 2197 inducit,
3418 2154 3538 2192 cum
3589 2139 3656 2194 iis

2104 2233 2194 2300 qui
2220 2247 2284 2283 ex
2314 2230 2726 2284 circumcisione
2759 2234 2906 2291 sunt,
2936 2228 3122 2282 dicens
3149 2245 3161 2279 :
3193 2246 3210 2278 ι
3242 2226 3392 2282 Oculi
3409 2231 3528 2296 ejus
3561 2244 3655 2283 su—

2106 2336 2198 2390 per
2227 2327 2411 2390 gentes
2445 2320 2758 2389 respiciunt,
2791 2319 2881 2389 qui
2909 2328 3231 2388 exasperant
3258 2333 3368 2372 non
3405 2320 3648 2374 exalten-

2104 2420 2193 2464 tur
2242 2411 2296 2463 in
2346 2411 2670 2479 semetipsis.
2719 2409 3048 2472 Benedicite,
3097 2416 3302 2479 gentes,
3357 2407 3523 2463 Deum
3562 2427 3677 2464 no-.

2106 2510 2300 2564 strum,
2329 2508 2382 2554 et
2404 2501 2639 2554 auditam
2673 2499 2833 2555 facite
2854 2515 3039 2554 vocem
3062 2501 3238 2554 laudis
3261 2501 3398 2569 ejus.
3432 2519 3448 2550 ι
3479 2499 3654 2554 Evan-

2105 2590 2333 2659 gelicum
2366 2604 2486 2644 esse
2517 2590 2782 2657 psalmum
2812 2588 2920 2657 jam
2971 2589 3073 2642 sub
3111 2588 3322 2642 initium
3346 2588 3656 2657 observavi-

2104 2695 2259 2734 mus:
2286 2680 2431 2749 quod
2460 2681 2621 2734 etiam
2653 2695 2718 2732 ex
2750 2686 2862 2732 tota
2901 2679 3197 2748 prophetia:
3238 2680 3375 2733 serie
3401 2694 3666 2747 compro--

2104 2775 2282 2828 batur.
2331 2771 2464 2824 Nam
2517 2771 2671 2824 initio
2718 2784 2931 2824 omnem
2993 2777 3192 2823 terram
3243 2753 3598 2837 compellabat
3637 2788 3650 2822 :

2104 2865 2402 2934 deindeque
2431 2862 2584 2932 plura
2628 2862 2852 2927 docens,
2889 2861 3092 2915 clarius
3124 2861 3189 2915 de
3218 2862 3466 2932 gentibus
3513 2863 3652 2913 vati-

2105 2959 2319 3023 cinatur
2364 2954 2592 3009 dicens:
2633 2972 2651 3003 c
2683 2951 2838 3007 Oculi
2876 2953 2994 3022 ejus
3041 2969 3202 3022 super
3252 2960 3438 3022 gentes
3476 2948 3652 3020 respi-

2105 3051 2276 3105 ciunt.
2310 3067 2327 3100 ι
2367 3046 2497 3102 Post
2540 3045 2851 3115 hujusmodi
2909 3046 3088 3114 itaque
3135 3044 3433 3098 doctrinam
3468 3058 3654 3097 conse-

2105 3148 2333 3210 quenter
2369 3138 2625 3192 omnihus
2672 3137 2947 3207 gentibus,
2981 3143 3167 3202 utpote
3191 3148 3308 3203 qua
3341 3147 3503 3203 supra
3534 3146 3655 3212 tne-

2106 3238 2314 3284 morata
2349 3229 2713 3286 edidicerunt,
2742 3232 2796 3279 et
2828 3225 2954 3276 hinc
2997 3224 3280 3277 utilitatem
3311 3230 3482 3275 nactae
3505 3233 3654 3286 sunt,

2106 3321 2345 3390 praecipit
2374 3328 2431 3373 ut
2455 3327 2532 3372 tot
2561 3316 2940 3371 miraculorum
2969 3314 3396 3381 terribiliumque
3428 3326 3652 3381 operum

2107 3412 2365 3465 artiﬁcem
2405 3409 2742 3463 benedicant.
2806 3423 2824 3454 ι
2857 3404 3181 3469 Benedicite,
3229 3404 3424 3472 inquit,
3466 3414 3654 3474 gentes

2106 3500 2271 3556 Deum
2309 3506 2573 3553 nostrum.
2611 3518 2630 3548 ι
2661 3495 2776 3549 Non
2810 3495 3088 3564 pristinos,
3120 3495 3214 3557 ait,
3245 3501 3478 3556 vestros,
3516 3501 3654 3562 'quos

2104 3591 2236 3644 deos
2262 3603 2384 3643 esse
2408 3593 2654 3641 errantes
2686 3585 2994 3655 putabatis;
3041 3585 3134 3638 sed
3178 3591 3448 3646 nostrum,
3488 3597 3650 3651 quem

2105 3683 2172 3734 ab
2200 3680 2314 3734 avis
2348 3693 2518 3748 usque
2558 3678 2760 3733 nostris
2791 3676 2958 3731 Deum
3006 3675 3380 3742 ascripsimus,
3418 3674 3654 3729 scientes

2105 3771 2251 3824 hunc
2291 3783 2477 3822 verum
2518 3783 2638 3824 esse
2687 3766 2874 3821 Deum.
2927 3764 3079 3818 Nunc
3105 3765 3285 3832 igitur,
3343 3763 3554 3817 etiamsi
3599 3749 3652 3817 id

2104 3862 2258 3931 prius
2282 3874 2389 3914 non
2422 3858 2679 3923 feceritis,
2709 3874 2804 3912 vos
2825 3871 3038 3924 quoque
3073 3853 3390 3909 benedicite.
3422 3852 3653 3908 Benedii-

2106 3959 2288 4005 centes
2319 3957 2496 4004 autem
2521 3957 2574 4003 et
2610 3948 2892 4001 laudantes
2923 3947 3071 3999 illum
3103 3953 3161 3997 ut
3190 3945 3364 3999 solum
3387 3960 3570 3998 verum
3601 3953 3655 3999 et

2106 4053 2445 4094 communem
2494 4041 2734 4115 omnium
2780 4043 2889 4087 tam
2933 4042 3179 4086 nostrum
3212 4043 3372 4100 quam
3414 4035 3652 4085 vestrum

2106 4129 2294 4191 Deum,
2343 4142 2412 4181 ne
2456 4127 2642 4190 tacite,
2683 4140 2789 4180 neu
2819 4124 3054 4179 demissa
3095 4137 3227 4175 voce
3263 4122 3315 4175 id
3356 4121 3525 4189 agite;
3557 4119 3653 4174 sed

2106 4232 2228 4272 cum
2277 4217 2446 4269 multa
2491 4215 2684 4269 ﬁducia
2730 4222 2783 4269 et
2832 4212 3175 4271 conﬁdentia,
3218 4210 3325 4280 alta
3359 4224 3490 4263 voce
3536 4222 3651 4261 ma-

2103 4308 2330 4376 gnisque
2378 4304 2706 4357 clamoribus
2767 4301 3020 4366 utimini,
3073 4308 3132 4351 ut
3189 4292 3376 4352 laudes
3423 4312 3453 4350 a
3503 4295 3656 4351 vobis

2105 4394 2215 4448 Deo
2263 4393 2476 4448 emissae
2524 4393 2686 4447 etiam
2723 4392 2791 4445 ab
2837 4390 3107 4445 extraneis
3153 4387 3462 4451 audiantur,
3505 4385 3653 4454 quod

2104 4486 2266 4540 etiam
2327 4481 2581 4538 Servator
2645 4481 2730 4535 his
2787 4480 2966 4535 verbis
3029 4477 3375 4533 declarabat:
3447 4495 3464 4527 ι
3495 4465 3652 4542 Quod

2105 4576 2227 4630 dico
2273 4574 2427 4629 vobis
2465 4575 2518 4627 in
2547 4570 2808 4637 tenebris,
2847 4569 3009 4623 dicite
3049 4568 3101 4620 in
3143 4569 3365 4632 lumine,
3414 4577 3466 4622 et
3510 4566 3653 4635 quod

2108 4668 2161 4720 in
2199 4681 2328 4720 aure
2376 4663 2592 4722 auditis,
2646 4660 2932 4730 praedicate
2975 4674 3137 4728 super
3179 4667 3320 4713 tecta
3343 4660 3406 4711 ⁸⁵.
3439 4678 3457 4710 ι
3518 4655 3653 4734 Huic

3529 4746 3652 4799 «Ει

2108 4847 2342 4902 auditam
2375 4843 2555 4898 'facite
2601 4857 2783 4897 vocem
2819 4842 2995 4897 laudis
3023 4842 3176 4910 ejus;
3221 4859 3240 4891 ι
3282 4842 3415 4904 sive,
3452 4852 3650 4893 secun-

2105 4940 2233 4993 dum
2267 4934 2648 5004 Symmachum
2685 4952 2699 4986 :
2737 4951 2754 4984 ι
2783 4933 3033 4987 Auditam
3065 4930 3226 4984 facite
3252 4944 3436 4985 vocem
3466 4927 3653 4998 hymni

2105 5031 2241 5099 ejus.
2283 5045 2301 5076 ι
2341 5025 2522 5078 Mirari
2557 5039 2720 5094 porro
2743 5025 2890 5077 subit
2921 5022 3013 5090 qui
3063 5020 3315 5090 impletus
3346 5019 3434 5072 hic
3472 5034 3653 5074 sermo

2107 5115 2288 5176 fuerit,
2314 5111 2530 5182 quando
2557 5127 2652 5180 per
2685 5113 2995 5186 universum
3027 5109 3233 5171 orbem,
3262 5110 3314 5160 in
3335 5109 3527 5163 mediis
3558 5126 3651 5162 ur-

2110 5207 2284 5266 bibus,
2323 5204 2376 5256 in
2401 5203 2652 5268 vicis,'in
2695 5202 2837 5272 agris
2883 5215 2979 5269 per
3024 5195 3302 5253 universas
3345 5197 3437 5254 Dei
3469 5198 3653 5253 Eccle-

2113 5295 2243 5359 sias,
2275 5292 2479 5347 Christi
2511 5293 2695 5362 populi
2735 5306 2802 5346 ex
2842 5291 3114 5344 universis
3146 5288 3395 5358 gentibus
3433 5288 3648 5351 delecti,

2114 5387 2344 5455 hymnos
2363 5395 2418 5436 et
2449 5382 2708 5451 psalmos,
2743 5395 2851 5434 non
2877 5380 3065 5449 patriis
3098 5378 3240 5440 diis,
3283 5392 3390 5433 non
3427 5376 3520 5431 Dei
3548 5375 3655 5428 ini-

2113 5474 2269 5528 micis
2288 5473 2660 5538 daemonibus;
2690 5472 2784 5527 sed
2811 5472 2903 5538 uni
2941 5469 3049 5522 Deo
3093 5464 3430 5538 a‘prophetis
3465 5466 3653 5537 praedi-'-

2115 5573 2257 5631 cato,
2286 5566 2394 5619 alta
2425 5566 2679 5620 emittunt
2707 5577 2857 5626 voce,
2887 5562 2959 5615 ita
2997 5568 3056 5614 ut
3082 5560 3422 5630 psallentium
3440 5573 3541 5612 vox
3568 5575 3652 5645 vel

490 5743 957 5830 ,‘iflzecihqyt'fg.
1028 5746 1231 5830 f’nlbid.
1274 5747 1326 5802 5.
1403 5748 1445 5780 ⁶⁰
1471 5748 1606 5802 ibid.
1658 5747 1706 5800 7.
1783 5746 1992 5803 “Psal.
2046 5763 2130 5812 cv,
2166 5746 2255 5801 55.
2328 5745 2372 5776 ⁶²
2405 5742 2538 5801 Ibid.
2594 5741 2679 5798 45.
2757 5740 2800 5830 ‘f
2828 5738 2982 5800 Deut.
3023 5734 3304 5802 “311,39...
3382 5735 3665 5798 ⁶⁶1ετθιηε

457 5805 634 5894 mal.
711 5816 754 5846 “
783 5805 968 5871 Matth.
1004 5805 1164 5883 16,27.
