  <div class='ocr_page' id='page_1' title='image "/cluster/home/n/w/nwhite01/storage/ocr_20150623/23/coo.31924054873041/345.png"; bbox 0 0 4402 6408; ppageno 0'>
   <div class='ocr_carea' id='block_1_1' title="bbox 866 492 963 547">
    <p class='ocr_par' dir='ltr' id='par_1_1' title="bbox 866 492 963 547">
     <span class='ocr_line' id='line_1_1' title="bbox 866 492 963 547; baseline -0.01 0"><span class='ocrx_word' id='word_1_1' title='bbox 866 492 963 547; x_wconf 74' lang='grc'><strong>1559</strong></span> 
     </span>
    </p>
   </div>
   <div class='ocr_carea' id='block_1_2' title="bbox 1590 495 3460 556">
    <p class='ocr_par' dir='ltr' id='par_1_2' title="bbox 1590 495 3460 556">
     <span class='ocr_line' id='line_1_2' title="bbox 1590 495 3460 556; baseline 0.001 -7"><span class='ocrx_word' id='word_1_2' title='bbox 1590 495 1864 551; x_wconf 70' lang='lat' dir='ltr'><strong>LUSEBII</strong></span> <span class='ocrx_word' id='word_1_3' title='bbox 1898 495 2378 554; x_wconf 64' lang='lat' dir='ltr'><strong>CESARIENSIS</strong></span> <span class='ocrx_word' id='word_1_4' title='bbox 2410 498 2557 556; x_wconf 83' lang='lat' dir='ltr'><strong>OPP.</strong></span> <span class='ocrx_word' id='word_1_5' title='bbox 2600 500 2781 556; x_wconf 73' lang='lat' dir='ltr'><strong>PARS</strong></span> <span class='ocrx_word' id='word_1_6' title='bbox 2820 502 2908 556; x_wconf 85' lang='lat' dir='ltr'><strong>Ill.</strong></span> <span class='ocrx_word' id='word_1_7' title='bbox 2948 530 3019 544; x_wconf 93' lang='lat'><em>—</em></span> <span class='ocrx_word' id='word_1_8' title='bbox 3049 499 3460 556; x_wconf 78' lang='lat' dir='ltr'><strong>EXEGE&#39;I&#39;ICA.</strong></span> 
     </span>
    </p>
   </div>
   <div class='ocr_carea' id='block_1_3' title="bbox 3996 504 4096 559">
    <p class='ocr_par' dir='ltr' id='par_1_3' title="bbox 3996 504 4096 559">
     <span class='ocr_line' id='line_1_3' title="bbox 3996 504 4096 559; baseline 0 0"><span class='ocrx_word' id='word_1_9' title='bbox 3996 504 4096 559; x_wconf 75' lang='lat'><strong>660</strong></span> 
     </span>
    </p>
   </div>
   <div class='ocr_carea' id='block_1_4' title="bbox 866 610 2604 708">
    <p class='ocr_par' dir='ltr' id='par_1_4' title="bbox 866 610 2604 708">
     <span class='ocr_line' id='line_1_4' title="bbox 866 610 2604 708; baseline 0.005 -44"><span class='ocrx_word' id='word_1_10' title='bbox 866 610 931 667; x_wconf 84' lang='lat' dir='ltr'><strong>ab</strong></span> <span class='ocrx_word' id='word_1_11' title='bbox 976 611 1042 667; x_wconf 87' lang='lat' dir='ltr'><strong>iis</strong></span> <span class='ocrx_word' id='word_1_12' title='bbox 1079 611 1174 680; x_wconf 87' lang='lat' dir='ltr'><strong>qui</strong></span> <span class='ocrx_word' id='word_1_13' title='bbox 1218 610 1349 666; x_wconf 82' lang='lat' dir='ltr'><strong>foris</strong></span> <span class='ocrx_word' id='word_1_14' title='bbox 1387 614 1695 669; x_wconf 88' lang='lat' dir='ltr'><strong>consistunt</strong></span> <span class='ocrx_word' id='word_1_15' title='bbox 1744 616 2034 682; x_wconf 73' lang='lat' dir='ltr'><strong>audiatur;</strong></span> <span class='ocrx_word' id='word_1_16' title='bbox 2069 626 2126 670; x_wconf 90' lang='lat' dir='ltr'><strong>ut</strong></span> <span class='ocrx_word' id='word_1_17' title='bbox 2178 633 2416 690; x_wconf 71' lang='lat' dir='ltr'><strong>praesens</strong></span> <span class='ocrx_word' id='word_1_18' title='bbox 2447 652 2488 708; x_wconf 71' lang='grc' dir='ltr'><strong>Α</strong></span> <span class='ocrx_word' id='word_1_19' title='bbox 2517 638 2604 672; x_wconf 58' lang='grc' dir='ltr'><strong>τωι</strong></span> 
     </span>
    </p>
   </div>
   <div class='ocr_carea' id='block_1_5' title="bbox 2355 610 4093 708">
    <p class='ocr_par' dir='ltr' id='par_1_5' title="bbox 2355 618 4093 708">
     <span class='ocr_line' id='line_1_5' title="bbox 2355 618 4093 708; baseline 0.001 -35"><span class='ocrx_word' id='word_1_20' title='bbox 2355 635 2416 675; x_wconf 85' lang='lat' dir='ltr'><strong>ns</strong></span> <span class='ocrx_word' id='word_1_21' title='bbox 2447 652 2488 708; x_wconf 71' lang='grc' dir='ltr'><strong>Α</strong></span> <span class='ocrx_word' id='word_1_22' title='bbox 2517 637 2623 672; x_wconf 89' lang='grc' dir='ltr'><strong>των</strong></span> <span class='ocrx_word' id='word_1_23' title='bbox 2687 621 2794 673; x_wconf 87' lang='grc' dir='ltr'><strong>τῶν</strong></span> <span class='ocrx_word' id='word_1_24' title='bbox 2857 619 3025 673; x_wconf 85' lang='grc' dir='ltr'>ἐθνῶν</span> <span class='ocrx_word' id='word_1_25' title='bbox 3087 619 3508 689; x_wconf 80' lang='grc' dir='ltr'><strong>συνειλεγμένοι,</strong></span> <span class='ocrx_word' id='word_1_26' title='bbox 3564 619 3690 682; x_wconf 87' lang='grc' dir='ltr'><strong>τούς</strong></span> <span class='ocrx_word' id='word_1_27' title='bbox 3742 618 3944 689; x_wconf 77' lang='grc' dir='ltr'>ὕμνους</span> <span class='ocrx_word' id='word_1_28' title='bbox 4007 625 4093 675; x_wconf 72' lang='grc' dir='ltr'>καὶ</span> 
     </span>
    </p>
   </div>
   <div class='ocr_carea' id='block_1_6' title="bbox 866 705 2415 779">
    <p class='ocr_par' dir='ltr' id='par_1_6' title="bbox 866 705 2415 779">
     <span class='ocr_line' id='line_1_6' title="bbox 866 705 2415 779; baseline 0.004 -21"><span class='ocrx_word' id='word_1_29' title='bbox 866 718 1041 758; x_wconf 80' lang='lat' dir='ltr'><strong>sermo</strong></span> <span class='ocrx_word' id='word_1_30' title='bbox 1088 718 1249 773; x_wconf 83' lang='lat' dir='ltr'><strong>Opere</strong></span> <span class='ocrx_word' id='word_1_31' title='bbox 1297 705 1677 773; x_wconf 74' lang='lat' dir='ltr'><strong>compleatur:</strong></span> <span class='ocrx_word' id='word_1_32' title='bbox 1719 726 1734 752; x_wconf 74' lang='grc' dir='ltr'><strong>ι</strong></span> <span class='ocrx_word' id='word_1_33' title='bbox 1777 705 2125 773; x_wconf 88' lang='lat' dir='ltr'><strong>Benedicite,</strong></span> <span class='ocrx_word' id='word_1_34' title='bbox 2183 717 2371 779; x_wconf 88' lang='lat' dir='ltr'><strong>gentes</strong></span> <span class='ocrx_word' id='word_1_35' title='bbox 2401 750 2415 772; x_wconf 89' lang='lat'><strong>,</strong></span> 
     </span>
    </p>
   </div>
   <div class='ocr_carea' id='block_1_7' title="bbox 866 791 2421 860">
    <p class='ocr_par' dir='ltr' id='par_1_7' title="bbox 866 791 2421 860">
     <span class='ocr_line' id='line_1_7' title="bbox 866 791 2421 860; baseline 0.006 -14"><span class='ocrx_word' id='word_1_36' title='bbox 866 791 1029 847; x_wconf 87' lang='lat' dir='ltr'><strong>Deum</strong></span> <span class='ocrx_word' id='word_1_37' title='bbox 1070 803 1357 860; x_wconf 88' lang='lat' dir='ltr'><strong>nostrum,</strong></span> <span class='ocrx_word' id='word_1_38' title='bbox 1401 803 1456 850; x_wconf 92' lang='lat' dir='ltr'><strong>et</strong></span> <span class='ocrx_word' id='word_1_39' title='bbox 1493 797 1730 850; x_wconf 76' lang='lat' dir='ltr'><strong>auditam</strong></span> <span class='ocrx_word' id='word_1_40' title='bbox 1793 797 1954 852; x_wconf 82' lang='lat' dir='ltr'><strong>facite</strong></span> <span class='ocrx_word' id='word_1_41' title='bbox 2011 814 2196 854; x_wconf 85' lang='lat' dir='ltr'><strong>vocem</strong></span> <span class='ocrx_word' id='word_1_42' title='bbox 2247 801 2421 856; x_wconf 91' lang='lat' dir='ltr'><strong>laudis</strong></span> 
     </span>
    </p>
   </div>
   <div class='ocr_carea' id='block_1_8' title="bbox 864 884 2422 957">
    <p class='ocr_par' dir='ltr' id='par_1_8' title="bbox 864 884 2422 957">
     <span class='ocr_line' id='line_1_8' title="bbox 864 884 2422 957; baseline 0.004 -19"><span class='ocrx_word' id='word_1_43' title='bbox 864 885 994 952; x_wconf 84' lang='lat' dir='ltr'><strong>ejus.</strong></span> <span class='ocrx_word' id='word_1_44' title='bbox 1038 903 1056 936; x_wconf 82' lang='grc' dir='ltr'><strong>ι</strong></span> <span class='ocrx_word' id='word_1_45' title='bbox 1087 884 1318 939; x_wconf 77' lang='lat' dir='ltr'><strong>Additur</strong></span> <span class='ocrx_word' id='word_1_46' title='bbox 1340 891 1528 956; x_wconf 65' lang='lat' dir='ltr'><strong>poetea</strong></span> <span class='ocrx_word' id='word_1_47' title='bbox 1558 905 1570 940; x_wconf 90' lang='lat'><strong>:</strong></span> <span class='ocrx_word' id='word_1_48' title='bbox 1606 905 1624 937; x_wconf 78' lang='grc' dir='ltr'><strong>ι</strong></span> <span class='ocrx_word' id='word_1_49' title='bbox 1656 885 1756 952; x_wconf 85' lang='lat' dir='ltr'><strong>Qui</strong></span> <span class='ocrx_word' id='word_1_50' title='bbox 1777 889 1956 957; x_wconf 87' lang='lat' dir='ltr'><strong>posuit</strong></span> <span class='ocrx_word' id='word_1_51' title='bbox 1986 890 2220 942; x_wconf 91' lang='lat' dir='ltr'><strong>animam</strong></span> <span class='ocrx_word' id='word_1_52' title='bbox 2247 904 2422 944; x_wconf 83' lang='lat' dir='ltr'><strong>meam</strong></span> 
     </span>
    </p>
   </div>
   <div class='ocr_carea' id='block_1_9' title="bbox 863 975 2422 1052">
    <p class='ocr_par' dir='ltr' id='par_1_9' title="bbox 863 975 2422 1052">
     <span class='ocr_line' id='line_1_9' title="bbox 863 975 2422 1052; baseline 0.007 -26"><span class='ocrx_word' id='word_1_53' title='bbox 863 975 922 1026; x_wconf 89' lang='lat' dir='ltr'><strong>ad</strong></span> <span class='ocrx_word' id='word_1_54' title='bbox 982 975 1183 1038; x_wconf 86' lang='lat' dir='ltr'><strong>vitam,</strong></span> <span class='ocrx_word' id='word_1_55' title='bbox 1220 981 1274 1030; x_wconf 91' lang='lat' dir='ltr'><strong>et</strong></span> <span class='ocrx_word' id='word_1_56' title='bbox 1324 991 1430 1030; x_wconf 92' lang='lat' dir='ltr'><strong>non</strong></span> <span class='ocrx_word' id='word_1_57' title='bbox 1479 975 1627 1031; x_wconf 85' lang='lat' dir='ltr'><strong>dedit</strong></span> <span class='ocrx_word' id='word_1_58' title='bbox 1679 977 1735 1030; x_wconf 92' lang='lat' dir='ltr'><strong>in</strong></span> <span class='ocrx_word' id='word_1_59' title='bbox 1787 980 2205 1034; x_wconf 85' lang='lat' dir='ltr'><strong>commotionem</strong></span> <span class='ocrx_word' id='word_1_60' title='bbox 2257 981 2422 1052; x_wconf 87' lang='lat' dir='ltr'><strong>pedes</strong></span> 
     </span>
    </p>
   </div>
   <div class='ocr_carea' id='block_1_10' title="bbox 863 1063 2419 1134">
    <p class='ocr_par' dir='ltr' id='par_1_10' title="bbox 863 1063 2419 1134">
     <span class='ocr_line' id='line_1_10' title="bbox 863 1063 2419 1134; baseline 0.008 -20"><span class='ocrx_word' id='word_1_61' title='bbox 863 1079 1024 1119; x_wconf 87' lang='lat' dir='ltr'><strong>meos.</strong></span> <span class='ocrx_word' id='word_1_62' title='bbox 1073 1085 1090 1117; x_wconf 85' lang='grc'>›</span> <span class='ocrx_word' id='word_1_63' title='bbox 1131 1063 1238 1119; x_wconf 86' lang='lat' dir='ltr'><strong>Pro</strong></span> <span class='ocrx_word' id='word_1_64' title='bbox 1273 1065 1365 1125; x_wconf 80' lang='lat' dir='ltr'><strong>illo</strong></span> <span class='ocrx_word' id='word_1_65' title='bbox 1395 1075 1601 1130; x_wconf 91' lang='lat' dir='ltr'><strong>autem,</strong></span> <span class='ocrx_word' id='word_1_66' title='bbox 1639 1086 1656 1117; x_wconf 85' lang='grc'><em>‹</em></span> <span class='ocrx_word' id='word_1_67' title='bbox 1696 1069 1937 1123; x_wconf 91' lang='lat' dir='ltr'><strong>animam</strong></span> <span class='ocrx_word' id='word_1_68' title='bbox 1961 1085 2159 1134; x_wconf 87' lang='lat' dir='ltr'><strong>meam,</strong></span> <span class='ocrx_word' id='word_1_69' title='bbox 2183 1071 2419 1126; x_wconf 89' lang='lat' dir='ltr'><strong>animam</strong></span> 
     </span>
    </p>
   </div>
   <div class='ocr_carea' id='block_1_11' title="bbox 862 1157 2417 1234">
    <p class='ocr_par' dir='ltr' id='par_1_11' title="bbox 862 1157 2417 1234">
     <span class='ocr_line' id='line_1_11' title="bbox 862 1157 2417 1234; baseline 0.006 -26"><span class='ocrx_word' id='word_1_70' title='bbox 862 1165 1125 1221; x_wconf 90' lang='lat' dir='ltr'><strong>nostram,</strong></span> <span class='ocrx_word' id='word_1_71' title='bbox 1170 1177 1188 1207; x_wconf 85' lang='grc'><strong>)</strong></span> <span class='ocrx_word' id='word_1_72' title='bbox 1238 1157 1432 1225; x_wconf 85' lang='lat' dir='ltr'><strong>reliqui</strong></span> <span class='ocrx_word' id='word_1_73' title='bbox 1494 1174 1683 1214; x_wconf 88' lang='lat' dir='ltr'><strong>omnes</strong></span> <span class='ocrx_word' id='word_1_74' title='bbox 1733 1160 2057 1228; x_wconf 78' lang='lat' dir='ltr'><strong>interpretes</strong></span> <span class='ocrx_word' id='word_1_75' title='bbox 2094 1161 2417 1234; x_wconf 84' lang='lat' dir='ltr'><strong>ediderunt:</strong></span> 
     </span>
    </p>
   </div>
   <div class='ocr_carea' id='block_1_12' title="bbox 862 1246 2416 1320">
    <p class='ocr_par' dir='ltr' id='par_1_12' title="bbox 862 1246 2416 1320">
     <span class='ocr_line' id='line_1_12' title="bbox 862 1246 2416 1320; baseline 0.007 -24"><span class='ocrx_word' id='word_1_76' title='bbox 862 1259 920 1297; x_wconf 88' lang='lat' dir='ltr'><strong>ac</strong></span> <span class='ocrx_word' id='word_1_77' title='bbox 955 1260 1170 1300; x_wconf 81' lang='lat' dir='ltr'><strong>rursum</strong></span> <span class='ocrx_word' id='word_1_78' title='bbox 1201 1261 1299 1316; x_wconf 91' lang='lat' dir='ltr'><strong>pro</strong></span> <span class='ocrx_word' id='word_1_79' title='bbox 1326 1246 1434 1311; x_wconf 92' lang='lat' dir='ltr'><strong>illo,</strong></span> <span class='ocrx_word' id='word_1_80' title='bbox 1472 1265 1490 1297; x_wconf 84' lang='grc'><strong><em>‹</em></strong></span> <span class='ocrx_word' id='word_1_81' title='bbox 1534 1248 1698 1316; x_wconf 85' lang='lat' dir='ltr'><strong>pedes</strong></span> <span class='ocrx_word' id='word_1_82' title='bbox 1729 1265 1903 1315; x_wconf 90' lang='lat' dir='ltr'><strong>meos,</strong></span> <span class='ocrx_word' id='word_1_83' title='bbox 1953 1252 2120 1320; x_wconf 85' lang='lat' dir='ltr'><strong>pedes</strong></span> <span class='ocrx_word' id='word_1_84' title='bbox 2140 1262 2358 1309; x_wconf 89' lang='lat' dir='ltr'><strong>nostros</strong></span> <span class='ocrx_word' id='word_1_85' title='bbox 2398 1274 2416 1307; x_wconf 74' lang='grc' dir='ltr'><strong>ι</strong></span> 
     </span>
    </p>
   </div>
   <div class='ocr_carea' id='block_1_13' title="bbox 858 1325 2418 1415">
    <p class='ocr_par' dir='ltr' id='par_1_13' title="bbox 858 1325 2418 1415">
     <span class='ocr_line' id='line_1_13' title="bbox 858 1325 2418 1415; baseline 0.006 -25"><span class='ocrx_word' id='word_1_86' title='bbox 858 1337 984 1390; x_wconf 83' lang='lat' dir='ltr'><strong>item</strong></span> <span class='ocrx_word' id='word_1_87' title='bbox 1014 1352 1203 1392; x_wconf 80' lang='lat' dir='ltr'><strong>omnes</strong></span> <span class='ocrx_word' id='word_1_88' title='bbox 1236 1340 1572 1407; x_wconf 80' lang='lat' dir='ltr'><strong>interpretati</strong></span> <span class='ocrx_word' id='word_1_89' title='bbox 1609 1350 1754 1393; x_wconf 88' lang='lat' dir='ltr'><strong>sunt.</strong></span> <span class='ocrx_word' id='word_1_90' title='bbox 1787 1340 1906 1395; x_wconf 82' lang='lat' dir='ltr'><strong>Non</strong></span> <span class='ocrx_word' id='word_1_91' title='bbox 1939 1325 2179 1407; x_wconf 80' lang='lat' dir='ltr'><strong>tantum,</strong></span> <span class='ocrx_word' id='word_1_92' title='bbox 2214 1344 2418 1415; x_wconf 84' lang='lat' dir='ltr'><strong>inquit,</strong></span> 
     </span>
    </p>
   </div>
   <div class='ocr_carea' id='block_1_14' title="bbox 861 1426 2421 1504">
    <p class='ocr_par' dir='ltr' id='par_1_14' title="bbox 861 1426 2421 1504">
     <span class='ocr_line' id='line_1_14' title="bbox 861 1426 2421 1504; baseline 0.009 -28"><span class='ocrx_word' id='word_1_93' title='bbox 861 1440 956 1494; x_wconf 92' lang='lat' dir='ltr'><strong>pro</strong></span> <span class='ocrx_word' id='word_1_94' title='bbox 988 1426 1228 1494; x_wconf 81' lang='lat' dir='ltr'><strong>antiquis</strong></span> <span class='ocrx_word' id='word_1_95' title='bbox 1262 1427 1370 1482; x_wconf 90' lang='lat' dir='ltr'><strong>illis</strong></span> <span class='ocrx_word' id='word_1_96' title='bbox 1416 1429 1505 1482; x_wconf 85' lang='lat' dir='ltr'><strong>Dei</strong></span> <span class='ocrx_word' id='word_1_97' title='bbox 1560 1431 1838 1498; x_wconf 89' lang='lat' dir='ltr'><strong>operibus,</strong></span> <span class='ocrx_word' id='word_1_98' title='bbox 1870 1447 1990 1501; x_wconf 69' lang='lat' dir='ltr'><strong>qua:</strong></span> <span class='ocrx_word' id='word_1_99' title='bbox 2038 1450 2201 1504; x_wconf 85' lang='lat' dir='ltr'><strong>supra</strong></span> <span class='ocrx_word' id='word_1_100' title='bbox 2235 1435 2421 1492; x_wconf 89' lang='lat' dir='ltr'><strong>decla-</strong></span> 
     </span>
    </p>
   </div>
   <div class='ocr_carea' id='block_1_15' title="bbox 863 1520 2424 1594">
    <p class='ocr_par' dir='ltr' id='par_1_15' title="bbox 863 1520 2424 1594">
     <span class='ocr_line' id='line_1_15' title="bbox 863 1520 2424 1594; baseline 0.01 -24"><span class='ocrx_word' id='word_1_101' title='bbox 863 1525 978 1570; x_wconf 82' lang='lat' dir='ltr'><strong>rata</strong></span> <span class='ocrx_word' id='word_1_102' title='bbox 1013 1528 1164 1580; x_wconf 88' lang='lat' dir='ltr'><strong>sunt,</strong></span> <span class='ocrx_word' id='word_1_103' title='bbox 1203 1520 1460 1588; x_wconf 85' lang='lat' dir='ltr'><strong>hymnum</strong></span> <span class='ocrx_word' id='word_1_104' title='bbox 1503 1521 1606 1589; x_wconf 89' lang='lat' dir='ltr'><strong>ipsi</strong></span> <span class='ocrx_word' id='word_1_105' title='bbox 1643 1531 1694 1577; x_wconf 91' lang='lat' dir='ltr'><strong>et</strong></span> <span class='ocrx_word' id='word_1_106' title='bbox 1725 1523 1915 1579; x_wconf 89' lang='lat' dir='ltr'><strong>laudes</strong></span> <span class='ocrx_word' id='word_1_107' title='bbox 1942 1528 2203 1594; x_wconf 89' lang='lat' dir='ltr'><strong>emittite;</strong></span> <span class='ocrx_word' id='word_1_108' title='bbox 2238 1529 2331 1584; x_wconf 90' lang='lat' dir='ltr'><strong>sed</strong></span> <span class='ocrx_word' id='word_1_109' title='bbox 2353 1530 2424 1586; x_wconf 88' lang='lat' dir='ltr'><strong>ob</strong></span> 
     </span>
    </p>
   </div>
   <div class='ocr_carea' id='block_1_16' title="bbox 861 1607 2418 1687">
    <p class='ocr_par' dir='ltr' id='par_1_16' title="bbox 861 1607 2418 1687">
     <span class='ocr_line' id='line_1_16' title="bbox 861 1607 2418 1687; baseline 0.009 -27"><span class='ocrx_word' id='word_1_110' title='bbox 861 1607 1119 1662; x_wconf 79' lang='lat' dir='ltr'><strong>beneﬁcia</strong></span> <span class='ocrx_word' id='word_1_111' title='bbox 1172 1611 1331 1665; x_wconf 88' lang='lat' dir='ltr'><strong>nobis</strong></span> <span class='ocrx_word' id='word_1_112' title='bbox 1377 1611 1529 1681; x_wconf 88' lang='lat' dir='ltr'><strong>ipsis,</strong></span> <span class='ocrx_word' id='word_1_113' title='bbox 1562 1613 1655 1682; x_wconf 93' lang='lat' dir='ltr'><strong>qui</strong></span> <span class='ocrx_word' id='word_1_114' title='bbox 1699 1615 1827 1668; x_wconf 88' lang='lat' dir='ltr'><strong>talia</strong></span> <span class='ocrx_word' id='word_1_115' title='bbox 1874 1616 2168 1687; x_wconf 88' lang='lat' dir='ltr'><strong>loquimur,</strong></span> <span class='ocrx_word' id='word_1_116' title='bbox 2206 1621 2418 1675; x_wconf 89' lang='lat' dir='ltr'><strong>collata.</strong></span> 
     </span>
    </p>
   </div>
   <div class='ocr_carea' id='block_1_17' title="bbox 860 1697 2422 1774">
    <p class='ocr_par' dir='ltr' id='par_1_17' title="bbox 860 1697 2422 1774">
     <span class='ocr_line' id='line_1_17' title="bbox 860 1697 2422 1774; baseline 0.012 -24"><span class='ocrx_word' id='word_1_117' title='bbox 860 1697 1302 1765; x_wconf 76' lang='lat' dir='ltr'><strong>Quandoquidem</strong></span> <span class='ocrx_word' id='word_1_118' title='bbox 1342 1705 1485 1758; x_wconf 87' lang='lat' dir='ltr'><strong>enim</strong></span> <span class='ocrx_word' id='word_1_119' title='bbox 1521 1707 1684 1774; x_wconf 85' lang='lat' dir='ltr'><strong>pedes</strong></span> <span class='ocrx_word' id='word_1_120' title='bbox 1719 1717 1956 1773; x_wconf 90' lang='lat' dir='ltr'><strong>nostros,</strong></span> <span class='ocrx_word' id='word_1_121' title='bbox 1999 1711 2152 1766; x_wconf 83' lang='lat' dir='ltr'><strong>valde</strong></span> <span class='ocrx_word' id='word_1_122' title='bbox 2195 1728 2422 1767; x_wconf 84' lang='lat' dir='ltr'><strong>curren-</strong></span> 
     </span>
    </p>
   </div>
   <div class='ocr_carea' id='block_1_18' title="bbox 861 1793 2423 1870">
    <p class='ocr_par' dir='ltr' id='par_1_18' title="bbox 861 1793 2423 1870">
     <span class='ocr_line' id='line_1_18' title="bbox 861 1793 2423 1870; baseline 0.009 -24"><span class='ocrx_word' id='word_1_123' title='bbox 861 1795 963 1852; x_wconf 72' lang='lat' dir='ltr'><strong>trs,</strong></span> <span class='ocrx_word' id='word_1_124' title='bbox 1016 1801 1198 1861; x_wconf 86' lang='lat' dir='ltr'><strong>utpote</strong></span> <span class='ocrx_word' id='word_1_125' title='bbox 1233 1793 1324 1862; x_wconf 92' lang='lat' dir='ltr'><strong>qui</strong></span> <span class='ocrx_word' id='word_1_126' title='bbox 1370 1796 1523 1850; x_wconf 91' lang='lat' dir='ltr'><strong>vobis</strong></span> <span class='ocrx_word' id='word_1_127' title='bbox 1577 1799 1833 1854; x_wconf 88' lang='lat' dir='ltr'><strong>omnibus</strong></span> <span class='ocrx_word' id='word_1_128' title='bbox 1880 1803 2132 1870; x_wconf 80' lang='lat' dir='ltr'><strong>gentibus</strong></span> <span class='ocrx_word' id='word_1_129' title='bbox 2184 1806 2423 1862; x_wconf 83' lang='lat' dir='ltr'><strong>salutare</strong></span> 
     </span>
    </p>
   </div>
   <div class='ocr_carea' id='block_1_19' title="bbox 861 1879 2422 1956">
    <p class='ocr_par' dir='ltr' id='par_1_19' title="bbox 861 1879 2422 1956">
     <span class='ocr_line' id='line_1_19' title="bbox 861 1879 2422 1956; baseline 0.013 -24"><span class='ocrx_word' id='word_1_130' title='bbox 861 1879 1207 1952; x_wconf 85' lang='lat' dir='ltr'><strong>Evangelium</strong></span> <span class='ocrx_word' id='word_1_131' title='bbox 1266 1886 1648 1956; x_wconf 71' lang='lat' dir='ltr'><strong>praedicemus,</strong></span> <span class='ocrx_word' id='word_1_132' title='bbox 1705 1889 2053 1956; x_wconf 81' lang='lat' dir='ltr'><strong>confortavit,</strong></span> <span class='ocrx_word' id='word_1_133' title='bbox 2093 1905 2145 1950; x_wconf 91' lang='lat' dir='ltr'><strong>et</strong></span> <span class='ocrx_word' id='word_1_134' title='bbox 2192 1897 2246 1949; x_wconf 91' lang='lat' dir='ltr'><strong>in</strong></span> <span class='ocrx_word' id='word_1_135' title='bbox 2297 1898 2422 1953; x_wconf 65' lang='lat' dir='ltr'><strong>vitae</strong></span> 
     </span>
    </p>
   </div>
   <div class='ocr_carea' id='block_1_20' title="bbox 2523 709 4094 783">
    <p class='ocr_par' dir='ltr' id='par_1_20' title="bbox 2523 709 4094 783">
     <span class='ocr_line' id='line_1_20' title="bbox 2523 709 4094 783; baseline 0.001 -19"><span class='ocrx_word' id='word_1_136' title='bbox 2523 712 2621 776; x_wconf 87' lang='grc' dir='ltr'>τάς</span> <span class='ocrx_word' id='word_1_137' title='bbox 2673 712 3009 783; x_wconf 72' lang='grc' dir='ltr'>ψαλμῳδίας,</span> <span class='ocrx_word' id='word_1_138' title='bbox 3040 713 3138 765; x_wconf 90' lang='grc' dir='ltr'><strong>οὐκ</strong></span> <span class='ocrx_word' id='word_1_139' title='bbox 3181 713 3272 764; x_wconf 78' lang='grc' dir='ltr'>ἐπὶ</span> <span class='ocrx_word' id='word_1_140' title='bbox 3301 713 3411 774; x_wconf 85' lang='grc' dir='ltr'>τοῖς</span> <span class='ocrx_word' id='word_1_141' title='bbox 3461 709 3736 781; x_wconf 77' lang='grc' dir='ltr'><strong>πατρῴοις</strong></span> <span class='ocrx_word' id='word_1_142' title='bbox 3779 710 3942 776; x_wconf 91' lang='grc' dir='ltr'>θεοῖς,</span> <span class='ocrx_word' id='word_1_143' title='bbox 3979 714 4094 766; x_wconf 81' lang='grc' dir='ltr'>οὐδὲ</span> 
     </span>
    </p>
   </div>
   <div class='ocr_carea' id='block_1_21' title="bbox 2521 801 4094 875">
    <p class='ocr_par' dir='ltr' id='par_1_21' title="bbox 2521 801 4094 875">
     <span class='ocr_line' id='line_1_21' title="bbox 2521 801 4094 875; baseline 0.001 -19"><span class='ocrx_word' id='word_1_144' title='bbox 2521 806 2633 868; x_wconf 86' lang='grc' dir='ltr'>τοῖς</span> <span class='ocrx_word' id='word_1_145' title='bbox 2688 805 2975 875; x_wconf 78' lang='grc' dir='ltr'>θεομάχοις</span> <span class='ocrx_word' id='word_1_146' title='bbox 3025 803 3261 874; x_wconf 76' lang='grc' dir='ltr'>δαίμοσι,</span> <span class='ocrx_word' id='word_1_147' title='bbox 3295 803 3516 875; x_wconf 82' lang='grc' dir='ltr'>μόνῳδὲ</span> <span class='ocrx_word' id='word_1_148' title='bbox 3539 801 3615 872; x_wconf 81' lang='grc' dir='ltr'>τῷ</span> <span class='ocrx_word' id='word_1_149' title='bbox 3643 801 3790 872; x_wconf 85' lang='grc' dir='ltr'><strong>παρά</strong></span> <span class='ocrx_word' id='word_1_150' title='bbox 3823 805 3934 869; x_wconf 85' lang='grc' dir='ltr'>τοῖς</span> <span class='ocrx_word' id='word_1_151' title='bbox 3970 821 4094 872; x_wconf 90' lang='grc' dir='ltr'>προ-</span> 
     </span>
    </p>
   </div>
   <div class='ocr_carea' id='block_1_22' title="bbox 2524 894 4094 968">
    <p class='ocr_par' dir='ltr' id='par_1_22' title="bbox 2524 894 4094 968">
     <span class='ocr_line' id='line_1_22' title="bbox 2524 894 4094 968; baseline -0.003 -18"><span class='ocrx_word' id='word_1_152' title='bbox 2524 899 2722 968; x_wconf 85' lang='grc' dir='ltr'>φήταις</span> <span class='ocrx_word' id='word_1_153' title='bbox 2782 896 3182 967; x_wconf 85' lang='grc' dir='ltr'>θεολογουμένῳ</span> <span class='ocrx_word' id='word_1_154' title='bbox 3234 896 3372 967; x_wconf 85' lang='grc' dir='ltr'>μετὰ</span> <span class='ocrx_word' id='word_1_155' title='bbox 3421 895 3662 966; x_wconf 78' lang='grc' dir='ltr'><strong>μεγάλης</strong></span> <span class='ocrx_word' id='word_1_156' title='bbox 3717 894 4094 966; x_wconf 81' lang='grc' dir='ltr'>ἀναπέμπουσι</span> 
     </span>
    </p>
   </div>
   <div class='ocr_carea' id='block_1_23' title="bbox 2526 981 4100 1060">
    <p class='ocr_par' dir='ltr' id='par_1_23' title="bbox 2526 981 4100 1060">
     <span class='ocr_line' id='line_1_23' title="bbox 2526 981 4100 1060; baseline -0.002 -19"><span class='ocrx_word' id='word_1_157' title='bbox 2526 989 2675 1060; x_wconf 85' lang='grc' dir='ltr'><strong>βοῆς,</strong></span> <span class='ocrx_word' id='word_1_158' title='bbox 2698 989 2773 1052; x_wconf 84' lang='grc' dir='ltr'>ὡς</span> <span class='ocrx_word' id='word_1_159' title='bbox 2804 990 3032 1053; x_wconf 75' lang='grc' dir='ltr'>καὶτοῖς</span> <span class='ocrx_word' id='word_1_160' title='bbox 3057 990 3211 1052; x_wconf 82' lang='grc' dir='ltr'>ἐκτὸς</span> <span class='ocrx_word' id='word_1_161' title='bbox 3237 989 3461 1042; x_wconf 78' lang='grc' dir='ltr'><strong>ἑστῶσιν</strong></span> <span class='ocrx_word' id='word_1_162' title='bbox 3487 988 3809 1054; x_wconf 78' lang='grc' dir='ltr'>ἐξάκουστον</span> <span class='ocrx_word' id='word_1_163' title='bbox 3833 981 4100 1039; x_wconf 83' lang='grc' dir='ltr'>εἶναιτῶν</span> 
     </span>
    </p>
   </div>
   <div class='ocr_carea' id='block_1_24' title="bbox 2521 1078 4103 1152">
    <p class='ocr_par' dir='ltr' id='par_1_24' title="bbox 2521 1078 4103 1152">
     <span class='ocr_line' id='line_1_24' title="bbox 2521 1078 4103 1152; baseline 0.001 -21"><span class='ocrx_word' id='word_1_164' title='bbox 2521 1080 2828 1150; x_wconf 72' lang='grc' dir='ltr'>ψαλλόντων</span> <span class='ocrx_word' id='word_1_165' title='bbox 2877 1080 2973 1151; x_wconf 78' lang='grc' dir='ltr'>τὴν</span> <span class='ocrx_word' id='word_1_166' title='bbox 3025 1083 3238 1152; x_wconf 70' lang='grc' dir='ltr'>φωνὴνσ</span> <span class='ocrx_word' id='word_1_167' title='bbox 3273 1082 3419 1152; x_wconf 77' lang='grc' dir='ltr'>ἔργῳ</span> <span class='ocrx_word' id='word_1_168' title='bbox 3449 1079 3824 1150; x_wconf 82' lang='grc' dir='ltr'><strong>πληρουμένου</strong></span> <span class='ocrx_word' id='word_1_169' title='bbox 3877 1078 3968 1132; x_wconf 88' lang='grc' dir='ltr'><strong>τοῦ</strong></span> <span class='ocrx_word' id='word_1_170' title='bbox 3997 1079 4103 1148; x_wconf 81' lang='grc' dir='ltr'><strong>φά-</strong></span> 
     </span>
    </p>
   </div>
   <div class='ocr_carea' id='block_1_25' title="bbox 2525 1170 4103 1242">
    <p class='ocr_par' dir='ltr' id='par_1_25' title="bbox 2525 1170 4103 1242">
     <span class='ocr_line' id='line_1_25' title="bbox 2525 1170 4103 1242; baseline -0.001 -16"><span class='ocrx_word' id='word_1_171' title='bbox 2525 1190 2742 1233; x_wconf 89' lang='grc' dir='ltr'>σκοντος</span> <span class='ocrx_word' id='word_1_172' title='bbox 2775 1172 3010 1226; x_wconf 87' lang='grc' dir='ltr'>ἐνταῦθα</span> <span class='ocrx_word' id='word_1_173' title='bbox 3043 1172 3247 1242; x_wconf 81' lang='grc' dir='ltr'>λογιου-</span> <span class='ocrx_word' id='word_1_174' title='bbox 3285 1193 3301 1223; x_wconf 80' lang='grc' dir='ltr'><strong>ι</strong></span> <span class='ocrx_word' id='word_1_175' title='bbox 3336 1171 3643 1240; x_wconf 84' lang='grc' dir='ltr'>Εὐλογεῖτε,</span> <span class='ocrx_word' id='word_1_176' title='bbox 3675 1170 3823 1241; x_wconf 72' lang='grc' dir='ltr'>ἔθνη,</span> <span class='ocrx_word' id='word_1_177' title='bbox 3846 1171 3938 1224; x_wconf 84' lang='grc' dir='ltr'>τὸν</span> <span class='ocrx_word' id='word_1_178' title='bbox 3969 1172 4103 1225; x_wconf 84' lang='grc' dir='ltr'><strong>Θεὸν</strong></span> 
     </span>
    </p>
   </div>
   <div class='ocr_carea' id='block_1_26' title="bbox 2524 1260 4104 1344">
    <p class='ocr_par' dir='ltr' id='par_1_26' title="bbox 2524 1260 4104 1344">
     <span class='ocr_line' id='line_1_26' title="bbox 2524 1260 4104 1344; baseline -0.001 -31"><span class='ocrx_word' id='word_1_179' title='bbox 2524 1261 2699 1334; x_wconf 79' lang='grc' dir='ltr'>ἡμῶν,</span> <span class='ocrx_word' id='word_1_180' title='bbox 2733 1264 2826 1314; x_wconf 79' lang='grc' dir='ltr'>καὶ</span> <span class='ocrx_word' id='word_1_181' title='bbox 2858 1263 3178 1315; x_wconf 86' lang='grc' dir='ltr'>ἀκουτίσατε</span> <span class='ocrx_word' id='word_1_182' title='bbox 3220 1262 3319 1333; x_wconf 80' lang='grc' dir='ltr'>τὴν</span> <span class='ocrx_word' id='word_1_183' title='bbox 3368 1262 3550 1330; x_wconf 81' lang='grc' dir='ltr'>φωνὴν</span> <span class='ocrx_word' id='word_1_184' title='bbox 3582 1260 3682 1330; x_wconf 84' lang='grc' dir='ltr'>τῆς</span> <span class='ocrx_word' id='word_1_185' title='bbox 3721 1260 3979 1344; x_wconf 83' lang='grc' dir='ltr'>αἰνέσεως</span> <span class='ocrx_word' id='word_1_186' title='bbox 4006 1261 4104 1314; x_wconf 84' lang='grc' dir='ltr'>αὐ-</span> 
     </span>
    </p>
   </div>
   <div class='ocr_carea' id='block_1_27' title="bbox 2522 1349 4103 1424">
    <p class='ocr_par' dir='ltr' id='par_1_27' title="bbox 2522 1349 4103 1424">
     <span class='ocr_line' id='line_1_27' title="bbox 2522 1349 4103 1424; baseline -0.001 -22"><span class='ocrx_word' id='word_1_187' title='bbox 2522 1352 2636 1405; x_wconf 87' lang='grc' dir='ltr'>τοῦ.</span> <span class='ocrx_word' id='word_1_188' title='bbox 2669 1372 2686 1404; x_wconf 73' lang='grc' dir='ltr'><strong>ι</strong></span> <span class='ocrx_word' id='word_1_189' title='bbox 2726 1349 2840 1406; x_wconf 77' lang='grc' dir='ltr'>Εἶθ’</span> <span class='ocrx_word' id='word_1_190' title='bbox 2869 1353 2996 1424; x_wconf 79' lang='grc' dir='ltr'><strong>ἑξῆς</strong></span> <span class='ocrx_word' id='word_1_191' title='bbox 3023 1353 3314 1422; x_wconf 68' lang='grc' dir='ltr'>συνῆπταν</span> <span class='ocrx_word' id='word_1_192' title='bbox 3359 1371 3376 1403; x_wconf 84' lang='grc' dir='ltr'><strong>ι</strong></span> <span class='ocrx_word' id='word_1_193' title='bbox 3407 1351 3513 1404; x_wconf 79' lang='grc' dir='ltr'>Τοῦ</span> <span class='ocrx_word' id='word_1_194' title='bbox 3545 1352 3771 1420; x_wconf 86' lang='grc' dir='ltr'>θεμένου</span> <span class='ocrx_word' id='word_1_195' title='bbox 3801 1350 3898 1420; x_wconf 78' lang='grc' dir='ltr'>τὴν</span> <span class='ocrx_word' id='word_1_196' title='bbox 3924 1351 4103 1421; x_wconf 80' lang='grc' dir='ltr'>ψυχην</span> 
     </span>
    </p>
   </div>
   <div class='ocr_carea' id='block_1_28' title="bbox 2527 1442 4103 1515">
    <p class='ocr_par' dir='ltr' id='par_1_28' title="bbox 2527 1442 4103 1515">
     <span class='ocr_line' id='line_1_28' title="bbox 2527 1442 4103 1515; baseline -0.001 -20"><span class='ocrx_word' id='word_1_197' title='bbox 2527 1460 2627 1513; x_wconf 90' lang='grc' dir='ltr'><strong>μου</strong></span> <span class='ocrx_word' id='word_1_198' title='bbox 2669 1446 2749 1508; x_wconf 86' lang='grc' dir='ltr'><strong>εἰς</strong></span> <span class='ocrx_word' id='word_1_199' title='bbox 2799 1443 2964 1515; x_wconf 77' lang='grc' dir='ltr'>ζωὴν,</span> <span class='ocrx_word' id='word_1_200' title='bbox 2993 1445 3088 1498; x_wconf 71' lang='grc' dir='ltr'>καὶ</span> <span class='ocrx_word' id='word_1_201' title='bbox 3125 1443 3200 1514; x_wconf 79' lang='grc' dir='ltr'>μὴ</span> <span class='ocrx_word' id='word_1_202' title='bbox 3225 1443 3408 1507; x_wconf 78' lang='grc' dir='ltr'><strong>δόντος</strong></span> <span class='ocrx_word' id='word_1_203' title='bbox 3449 1446 3526 1506; x_wconf 87' lang='grc' dir='ltr'><strong>εἰς</strong></span> <span class='ocrx_word' id='word_1_204' title='bbox 3565 1443 3723 1496; x_wconf 82' lang='grc' dir='ltr'>σάλον</span> <span class='ocrx_word' id='word_1_205' title='bbox 3768 1444 3892 1505; x_wconf 85' lang='grc' dir='ltr'><strong>τούς</strong></span> <span class='ocrx_word' id='word_1_206' title='bbox 3933 1442 4103 1505; x_wconf 86' lang='grc' dir='ltr'>πόδας</span> 
     </span>
    </p>
   </div>
   <div class='ocr_carea' id='block_1_29' title="bbox 2527 1533 4096 1605">
    <p class='ocr_par' dir='ltr' id='par_1_29' title="bbox 2527 1533 4096 1605">
     <span class='ocr_line' id='line_1_29' title="bbox 2527 1533 4096 1605; baseline -0.001 -18"><span class='ocrx_word' id='word_1_207' title='bbox 2527 1553 2646 1604; x_wconf 89' lang='grc' dir='ltr'>μου.</span> <span class='ocrx_word' id='word_1_208' title='bbox 2661 1553 2679 1587; x_wconf 78' lang='grc' dir='ltr'><strong>ι</strong></span> <span class='ocrx_word' id='word_1_209' title='bbox 2701 1535 2844 1588; x_wconf 82' lang='grc' dir='ltr'>Ἀντὶ</span> <span class='ocrx_word' id='word_1_210' title='bbox 2865 1535 2925 1588; x_wconf 73' lang='grc' dir='ltr'>δὲ</span> <span class='ocrx_word' id='word_1_211' title='bbox 2945 1534 3060 1599; x_wconf 87' lang='grc' dir='ltr'>τοῦ,</span> <span class='ocrx_word' id='word_1_212' title='bbox 3085 1554 3103 1586; x_wconf 78' lang='grc' dir='ltr'><strong>ι</strong></span> <span class='ocrx_word' id='word_1_213' title='bbox 3122 1536 3221 1605; x_wconf 79' lang='grc' dir='ltr'>τὴν</span> <span class='ocrx_word' id='word_1_214' title='bbox 3235 1535 3412 1605; x_wconf 79' lang='grc' dir='ltr'>ψυχήν</span> <span class='ocrx_word' id='word_1_215' title='bbox 3433 1551 3554 1605; x_wconf 89' lang='grc' dir='ltr'>μου,</span> <span class='ocrx_word' id='word_1_216' title='bbox 3568 1534 3665 1604; x_wconf 79' lang='grc' dir='ltr'><strong>τὴν</strong></span> <span class='ocrx_word' id='word_1_217' title='bbox 3685 1535 3862 1605; x_wconf 74' lang='grc' dir='ltr'>ψυχὴν</span> <span class='ocrx_word' id='word_1_218' title='bbox 3889 1533 4062 1604; x_wconf 83' lang='grc' dir='ltr'>ἡμῶν,</span> <span class='ocrx_word' id='word_1_219' title='bbox 4078 1553 4096 1585; x_wconf 76' lang='grc' dir='ltr'><strong>ι</strong></span> 
     </span>
    </p>
   </div>
   <div class='ocr_carea' id='block_1_30' title="bbox 2522 1622 4102 1694">
    <p class='ocr_par' dir='ltr' id='par_1_30' title="bbox 2522 1622 4102 1694">
     <span class='ocr_line' id='line_1_30' title="bbox 2522 1622 4102 1694; baseline 0.002 -20"><span class='ocrx_word' id='word_1_220' title='bbox 2522 1624 2570 1674; x_wconf 83' lang='grc' dir='ltr'><strong>οἰ</strong></span> <span class='ocrx_word' id='word_1_221' title='bbox 2599 1623 2772 1676; x_wconf 75' lang='grc' dir='ltr'>λοιποὶ</span> <span class='ocrx_word' id='word_1_222' title='bbox 2804 1624 3003 1686; x_wconf 87' lang='grc' dir='ltr'>πάντες</span> <span class='ocrx_word' id='word_1_223' title='bbox 3034 1623 3364 1694; x_wconf 74' lang='grc' dir='ltr'>ἐρμηνευταὶ</span> <span class='ocrx_word' id='word_1_224' title='bbox 3395 1622 3752 1677; x_wconf 81' lang='grc' dir='ltr'>ἐκδεδώκασι·</span> <span class='ocrx_word' id='word_1_225' title='bbox 3814 1625 3908 1677; x_wconf 74' lang='grc' dir='ltr'>καὶ</span> <span class='ocrx_word' id='word_1_226' title='bbox 3940 1625 4102 1677; x_wconf 57' lang='grc' dir='ltr'>πόλιν</span> 
     </span>
    </p>
   </div>
   <div class='ocr_carea' id='block_1_31' title="bbox 2523 1715 4102 1786">
    <p class='ocr_par' dir='ltr' id='par_1_31' title="bbox 2523 1715 4102 1786">
     <span class='ocr_line' id='line_1_31' title="bbox 2523 1715 4102 1786; baseline 0.002 -21"><span class='ocrx_word' id='word_1_227' title='bbox 2523 1715 2661 1778; x_wconf 74' lang='grc' dir='ltr'>ἀντὶ,</span> <span class='ocrx_word' id='word_1_228' title='bbox 2702 1734 2720 1766; x_wconf 78' lang='grc' dir='ltr'><strong>ι</strong></span> <span class='ocrx_word' id='word_1_229' title='bbox 2740 1716 2864 1779; x_wconf 88' lang='grc' dir='ltr'><strong>τούς</strong></span> <span class='ocrx_word' id='word_1_230' title='bbox 2886 1716 3048 1778; x_wconf 85' lang='grc' dir='ltr'><strong>πόδας</strong></span> <span class='ocrx_word' id='word_1_231' title='bbox 3067 1733 3190 1786; x_wconf 91' lang='grc' dir='ltr'>μου,</span> <span class='ocrx_word' id='word_1_232' title='bbox 3223 1716 3348 1777; x_wconf 87' lang='grc' dir='ltr'><strong>τούς</strong></span> <span class='ocrx_word' id='word_1_233' title='bbox 3378 1715 3541 1777; x_wconf 81' lang='grc' dir='ltr'>πόδας</span> <span class='ocrx_word' id='word_1_234' title='bbox 3576 1715 3751 1785; x_wconf 84' lang='grc' dir='ltr'>ἡμῶν,</span> <span class='ocrx_word' id='word_1_235' title='bbox 3774 1735 3792 1766; x_wconf 81' lang='grc' dir='ltr'><strong>ι</strong></span> <span class='ocrx_word' id='word_1_236' title='bbox 3831 1715 4030 1786; x_wconf 84' lang='grc' dir='ltr'>ὁμοίως</span> <span class='ocrx_word' id='word_1_237' title='bbox 4054 1719 4102 1768; x_wconf 89' lang='grc' dir='ltr'>οἱ</span> 
     </span>
    </p>
   </div>
   <div class='ocr_carea' id='block_1_32' title="bbox 2525 1806 4102 1878">
    <p class='ocr_par' dir='ltr' id='par_1_32' title="bbox 2525 1806 4102 1878">
     <span class='ocr_line' id='line_1_32' title="bbox 2525 1806 4102 1878; baseline 0.001 -19"><span class='ocrx_word' id='word_1_238' title='bbox 2525 1807 2722 1870; x_wconf 84' lang='grc' dir='ltr'>πάντες</span> <span class='ocrx_word' id='word_1_239' title='bbox 2760 1808 3132 1878; x_wconf 72' lang='grc' dir='ltr'>ἡρμήνευσαν.</span> <span class='ocrx_word' id='word_1_240' title='bbox 3169 1807 3258 1878; x_wconf 78' lang='grc' dir='ltr'><strong>Μὴ</strong></span> <span class='ocrx_word' id='word_1_241' title='bbox 3287 1806 3395 1877; x_wconf 83' lang='grc' dir='ltr'>γὰρ</span> <span class='ocrx_word' id='word_1_242' title='bbox 3427 1809 3518 1859; x_wconf 76' lang='grc' dir='ltr'>ἐπὶ</span> <span class='ocrx_word' id='word_1_243' title='bbox 3546 1810 3656 1870; x_wconf 84' lang='grc' dir='ltr'>τοῖς</span> <span class='ocrx_word' id='word_1_244' title='bbox 3690 1808 3962 1872; x_wconf 73' lang='grc' dir='ltr'>παλαιοῖς,</span> <span class='ocrx_word' id='word_1_245' title='bbox 3994 1825 4102 1878; x_wconf 85' lang='grc' dir='ltr'>φη·-</span> 
     </span>
    </p>
   </div>
   <div class='ocr_carea' id='block_1_33' title="bbox 2529 1897 4104 1970">
    <p class='ocr_par' dir='ltr' id='par_1_33' title="bbox 2529 1897 4104 1970">
     <span class='ocr_line' id='line_1_33' title="bbox 2529 1897 4104 1970; baseline 0 -18"><span class='ocrx_word' id='word_1_246' title='bbox 2529 1900 2600 1959; x_wconf 89' lang='grc' dir='ltr'>σ“ι,</span> <span class='ocrx_word' id='word_1_247' title='bbox 2635 1899 2813 1970; x_wconf 89' lang='grc' dir='ltr'>μόνοις</span> <span class='ocrx_word' id='word_1_248' title='bbox 2846 1898 3028 1969; x_wconf 76' lang='grc' dir='ltr'>ἔργοις</span> <span class='ocrx_word' id='word_1_249' title='bbox 3055 1898 3148 1951; x_wconf 86' lang='grc' dir='ltr'><strong>τοῦ</strong></span> <span class='ocrx_word' id='word_1_250' title='bbox 3177 1897 3333 1961; x_wconf 83' lang='grc' dir='ltr'><strong>Θεοῦ,</strong></span> <span class='ocrx_word' id='word_1_251' title='bbox 3361 1897 3395 1952; x_wconf 81' lang='grc' dir='ltr'>ἂ</span> <span class='ocrx_word' id='word_1_252' title='bbox 3416 1898 3502 1950; x_wconf 90' lang='grc' dir='ltr'><strong>διά</strong></span> <span class='ocrx_word' id='word_1_253' title='bbox 3521 1898 3629 1950; x_wconf 88' lang='grc' dir='ltr'><strong>τῶν</strong></span> <span class='ocrx_word' id='word_1_254' title='bbox 3652 1898 3960 1969; x_wconf 82' lang='grc' dir='ltr'>ἔμπροσθεν</span> <span class='ocrx_word' id='word_1_255' title='bbox 3983 1899 4104 1969; x_wconf 76' lang='grc' dir='ltr'>ἐδη-</span> 
     </span>
    </p>
   </div>
   <div class='ocr_carea' id='block_1_34' title="bbox 859 1970 2597 2060">
    <p class='ocr_par' dir='ltr' id='par_1_34' title="bbox 859 1970 2597 2056">
     <span class='ocr_line' id='line_1_34' title="bbox 859 1970 2597 2056; baseline 0.011 -33"><span class='ocrx_word' id='word_1_256' title='bbox 859 1970 1092 2035; x_wconf 85' lang='lat' dir='ltr'><strong>deﬂuxu,</strong></span> <span class='ocrx_word' id='word_1_257' title='bbox 1153 1976 1338 2030; x_wconf 84' lang='lat' dir='ltr'><strong>obices</strong></span> <span class='ocrx_word' id='word_1_258' title='bbox 1383 1991 1664 2044; x_wconf 86' lang='lat' dir='ltr'><strong>amovens,</strong></span> <span class='ocrx_word' id='word_1_259' title='bbox 1723 1984 1958 2036; x_wconf 87' lang='lat' dir='ltr'><strong>servavit</strong></span> <span class='ocrx_word' id='word_1_260' title='bbox 2017 1985 2373 2044; x_wconf 78' lang='lat' dir='ltr'><strong>inconcussos</strong></span> <span class='ocrx_word' id='word_1_261' title='bbox 2407 2009 2420 2056; x_wconf 93' lang='lat'>;</span> <span class='ocrx_word' id='word_1_262' title='bbox 2455 1991 2494 2044; x_wconf 84' lang='grc' dir='ltr'><strong>Β</strong></span> <span class='ocrx_word' id='word_1_263' title='bbox 2524 1991 2597 2044; x_wconf 79' lang='grc' dir='ltr'>λοῐ</span> 
     </span>
    </p>
   </div>
   <div class='ocr_carea' id='block_1_35' title="bbox 2363 1970 4101 2060">
    <p class='ocr_par' dir='ltr' id='par_1_35' title="bbox 2363 1988 4101 2060">
     <span class='ocr_line' id='line_1_35' title="bbox 2363 1988 4101 2060; baseline -0.001 -16"><span class='ocrx_word' id='word_1_264' title='bbox 2363 2007 2373 2044; x_wconf 80' lang='lat' dir='ltr'><strong>i</strong></span> <span class='ocrx_word' id='word_1_265' title='bbox 2407 2009 2420 2056; x_wconf 93' lang='lat'>;</span> <span class='ocrx_word' id='word_1_266' title='bbox 2455 1991 2494 2044; x_wconf 83' lang='grc' dir='ltr'><strong>Β</strong></span> <span class='ocrx_word' id='word_1_267' title='bbox 2524 1991 2700 2052; x_wconf 81' lang='grc' dir='ltr'>λοῦτο,</span> <span class='ocrx_word' id='word_1_268' title='bbox 2740 1990 2829 2043; x_wconf 83' lang='grc' dir='ltr'>τὸν</span> <span class='ocrx_word' id='word_1_269' title='bbox 2858 1988 3025 2060; x_wconf 73' lang='grc' dir='ltr'>ὕμνον</span> <span class='ocrx_word' id='word_1_270' title='bbox 3047 1989 3194 2060; x_wconf 82' lang='grc' dir='ltr'>αὐτῷ</span> <span class='ocrx_word' id='word_1_271' title='bbox 3221 1989 3314 2040; x_wconf 79' lang='grc' dir='ltr'>καὶ</span> <span class='ocrx_word' id='word_1_272' title='bbox 3341 1989 3440 2052; x_wconf 79' lang='grc' dir='ltr'><strong>τὰς</strong></span> <span class='ocrx_word' id='word_1_273' title='bbox 3467 1989 3699 2052; x_wconf 84' lang='grc' dir='ltr'>αἰνέσεις</span> <span class='ocrx_word' id='word_1_274' title='bbox 3729 1991 4101 2060; x_wconf 82' lang='grc' dir='ltr'>ἀναπέμπετε·</span> 
     </span>
    </p>
   </div>
   <div class='ocr_carea' id='block_1_36' title="bbox 859 2065 2420 2149">
    <p class='ocr_par' dir='ltr' id='par_1_36' title="bbox 859 2065 2420 2149">
     <span class='ocr_line' id='line_1_36' title="bbox 859 2065 2420 2149; baseline 0.012 -33"><span class='ocrx_word' id='word_1_275' title='bbox 859 2065 1154 2134; x_wconf 82' lang='lat' dir='ltr'><strong>multisque</strong></span> <span class='ocrx_word' id='word_1_276' title='bbox 1191 2067 1388 2122; x_wconf 67' lang='lat' dir='ltr'><strong>animae</strong></span> <span class='ocrx_word' id='word_1_277' title='bbox 1442 2080 1643 2126; x_wconf 78' lang='lat' dir='ltr'><strong>nostrae</strong></span> <span class='ocrx_word' id='word_1_278' title='bbox 1687 2071 2095 2141; x_wconf 87' lang='lat' dir='ltr'><strong>insidiantibus,</strong></span> <span class='ocrx_word' id='word_1_279' title='bbox 2139 2081 2256 2148; x_wconf 91' lang='lat' dir='ltr'><strong>ipse</strong></span> <span class='ocrx_word' id='word_1_280' title='bbox 2302 2081 2420 2149; x_wconf 85' lang='lat' dir='ltr'><strong>ejus</strong></span> 
     </span>
    </p>
   </div>
   <div class='ocr_carea' id='block_1_37' title="bbox 863 2158 2424 2237">
    <p class='ocr_par' dir='ltr' id='par_1_37' title="bbox 863 2158 2424 2237">
     <span class='ocr_line' id='line_1_37' title="bbox 863 2158 2424 2237; baseline 0.013 -31"><span class='ocrx_word' id='word_1_281' title='bbox 863 2163 1110 2209; x_wconf 86' lang='lat' dir='ltr'><strong>servator</strong></span> <span class='ocrx_word' id='word_1_282' title='bbox 1143 2165 1197 2211; x_wconf 90' lang='lat' dir='ltr'><strong>et</strong></span> <span class='ocrx_word' id='word_1_283' title='bbox 1217 2167 1404 2218; x_wconf 87' lang='lat' dir='ltr'><strong>custos</strong></span> <span class='ocrx_word' id='word_1_284' title='bbox 1440 2158 1541 2215; x_wconf 84' lang='lat' dir='ltr'><strong>fuit</strong></span> <span class='ocrx_word' id='word_1_285' title='bbox 1570 2179 1584 2215; x_wconf 93' lang='lat'>:</span> <span class='ocrx_word' id='word_1_286' title='bbox 1619 2177 1809 2218; x_wconf 90' lang='lat' dir='ltr'><strong>eorum</strong></span> <span class='ocrx_word' id='word_1_287' title='bbox 1862 2164 2044 2235; x_wconf 89' lang='lat' dir='ltr'><strong>itaque</strong></span> <span class='ocrx_word' id='word_1_288' title='bbox 2079 2169 2249 2237; x_wconf 90' lang='lat' dir='ltr'><strong>gratia</strong></span> <span class='ocrx_word' id='word_1_289' title='bbox 2284 2187 2302 2220; x_wconf 81' lang='grc' dir='ltr'><strong>ι</strong></span> <span class='ocrx_word' id='word_1_290' title='bbox 2330 2170 2424 2226; x_wconf 90' lang='lat' dir='ltr'><strong>be-</strong></span> 
     </span>
    </p>
   </div>
   <div class='ocr_carea' id='block_1_38' title="bbox 859 2244 2423 2332">
    <p class='ocr_par' dir='ltr' id='par_1_38' title="bbox 859 2244 2423 2332">
     <span class='ocr_line' id='line_1_38' title="bbox 859 2244 2423 2332; baseline 0.016 -37"><span class='ocrx_word' id='word_1_291' title='bbox 859 2244 1110 2309; x_wconf 88' lang='lat' dir='ltr'><strong>nedicite,</strong></span> <span class='ocrx_word' id='word_1_292' title='bbox 1135 2257 1344 2317; x_wconf 77' lang='lat' dir='ltr'><strong>gentes,</strong></span> <span class='ocrx_word' id='word_1_293' title='bbox 1375 2249 1546 2306; x_wconf 90' lang='lat' dir='ltr'><strong>Deum</strong></span> <span class='ocrx_word' id='word_1_294' title='bbox 1576 2263 1849 2324; x_wconf 85' lang='lat' dir='ltr'><strong>nostrum,</strong></span> <span class='ocrx_word' id='word_1_295' title='bbox 1877 2266 1932 2312; x_wconf 92' lang='lat' dir='ltr'><strong>et</strong></span> <span class='ocrx_word' id='word_1_296' title='bbox 1969 2259 2208 2316; x_wconf 83' lang='lat' dir='ltr'><strong>auditam</strong></span> <span class='ocrx_word' id='word_1_297' title='bbox 2261 2261 2423 2332; x_wconf 81' lang='lat' dir='ltr'><strong>facite</strong></span> 
     </span>
    </p>
   </div>
   <div class='ocr_carea' id='block_1_39' title="bbox 861 2338 2423 2424">
    <p class='ocr_par' dir='ltr' id='par_1_39' title="bbox 861 2338 2423 2424">
     <span class='ocr_line' id='line_1_39' title="bbox 861 2338 2423 2424; baseline 0.017 -39"><span class='ocrx_word' id='word_1_298' title='bbox 861 2349 1042 2391; x_wconf 66' lang='lat' dir='ltr'><strong>vocem</strong></span> <span class='ocrx_word' id='word_1_299' title='bbox 1071 2338 1245 2395; x_wconf 83' lang='lat' dir='ltr'><strong>laudis</strong></span> <span class='ocrx_word' id='word_1_300' title='bbox 1276 2341 1415 2412; x_wconf 87' lang='lat' dir='ltr'><strong>ejus.</strong></span> <span class='ocrx_word' id='word_1_301' title='bbox 1456 2362 1475 2396; x_wconf 82' lang='grc' dir='ltr'><strong>ι</strong></span> <span class='ocrx_word' id='word_1_302' title='bbox 1509 2342 1635 2400; x_wconf 76' lang='lat' dir='ltr'><strong>Haec</strong></span> <span class='ocrx_word' id='word_1_303' title='bbox 1666 2361 1832 2416; x_wconf 92' lang='lat' dir='ltr'><strong>porro</strong></span> <span class='ocrx_word' id='word_1_304' title='bbox 1860 2364 1926 2403; x_wconf 79' lang='lat' dir='ltr'><strong>ex</strong></span> <span class='ocrx_word' id='word_1_305' title='bbox 1956 2366 2190 2420; x_wconf 89' lang='lat' dir='ltr'><strong>persona</strong></span> <span class='ocrx_word' id='word_1_306' title='bbox 2217 2369 2423 2424; x_wconf 67' lang='lat' dir='ltr'><strong>praeco-</strong></span> 
     </span>
    </p>
   </div>
   <div class='ocr_carea' id='block_1_40' title="bbox 857 2430 2419 2517">
    <p class='ocr_par' dir='ltr' id='par_1_40' title="bbox 857 2430 2419 2517">
     <span class='ocr_line' id='line_1_40' title="bbox 857 2430 2419 2517; baseline 0.012 -32"><span class='ocrx_word' id='word_1_307' title='bbox 857 2443 986 2486; x_wconf 87' lang='lat' dir='ltr'><strong>num</strong></span> <span class='ocrx_word' id='word_1_308' title='bbox 1038 2430 1312 2504; x_wconf 77' lang='lat' dir='ltr'><strong>Evangelii</strong></span> <span class='ocrx_word' id='word_1_309' title='bbox 1359 2435 1648 2513; x_wconf 78' lang='lat' dir='ltr'><strong>manifeste</strong></span> <span class='ocrx_word' id='word_1_310' title='bbox 1692 2441 1950 2510; x_wconf 63' lang='lat' dir='ltr'><strong>praedicta</strong></span> <span class='ocrx_word' id='word_1_311' title='bbox 1986 2454 2132 2509; x_wconf 83' lang='lat' dir='ltr'><strong>sunt,</strong></span> <span class='ocrx_word' id='word_1_312' title='bbox 2186 2438 2419 2517; x_wconf 85' lang='lat' dir='ltr'><strong>quorum</strong></span> 
     </span>
    </p>
   </div>
   <div class='ocr_carea' id='block_1_41' title="bbox 861 2525 2419 2612">
    <p class='ocr_par' dir='ltr' id='par_1_41' title="bbox 861 2525 2419 2612">
     <span class='ocr_line' id='line_1_41' title="bbox 861 2525 2419 2612; baseline 0.012 -34"><span class='ocrx_word' id='word_1_313' title='bbox 861 2539 1076 2579; x_wconf 89' lang='lat' dir='ltr'><strong>cursum</strong></span> <span class='ocrx_word' id='word_1_314' title='bbox 1103 2525 1407 2596; x_wconf 85' lang='lat' dir='ltr'><strong>pedumque</strong></span> <span class='ocrx_word' id='word_1_315' title='bbox 1441 2528 1694 2584; x_wconf 85' lang='lat' dir='ltr'><strong>virtutem</strong></span> <span class='ocrx_word' id='word_1_316' title='bbox 1731 2533 1919 2599; x_wconf 83' lang='lat' dir='ltr'><strong>Isaias,</strong></span> <span class='ocrx_word' id='word_1_317' title='bbox 1947 2536 2056 2592; x_wconf 91' lang='lat' dir='ltr'><strong>imo</strong></span> <span class='ocrx_word' id='word_1_318' title='bbox 2078 2540 2258 2606; x_wconf 88' lang='lat' dir='ltr'><strong>potius</strong></span> <span class='ocrx_word' id='word_1_319' title='bbox 2297 2540 2419 2612; x_wconf 89' lang='lat' dir='ltr'><strong>Spi-</strong></span> 
     </span>
    </p>
   </div>
   <div class='ocr_carea' id='block_1_42' title="bbox 861 2617 2422 2690">
    <p class='ocr_par' dir='ltr' id='par_1_42' title="bbox 861 2617 2422 2690">
     <span class='ocr_line' id='line_1_42' title="bbox 861 2617 2422 2690; baseline 0.011 -22"><span class='ocrx_word' id='word_1_320' title='bbox 861 2617 998 2670; x_wconf 90' lang='lat' dir='ltr'><strong>ritus</strong></span> <span class='ocrx_word' id='word_1_321' title='bbox 1049 2623 1272 2671; x_wconf 89' lang='lat' dir='ltr'><strong>sanctus</strong></span> <span class='ocrx_word' id='word_1_322' title='bbox 1329 2633 1423 2687; x_wconf 90' lang='lat' dir='ltr'><strong>per</strong></span> <span class='ocrx_word' id='word_1_323' title='bbox 1473 2619 1650 2689; x_wconf 75' lang='lat' dir='ltr'><strong>ipsum</strong></span> <span class='ocrx_word' id='word_1_324' title='bbox 1697 2623 2006 2690; x_wconf 87' lang='lat' dir='ltr'><strong>declarans,</strong></span> <span class='ocrx_word' id='word_1_325' title='bbox 2067 2629 2422 2686; x_wconf 88' lang='lat' dir='ltr'><strong>mirabundus</strong></span> 
     </span>
    </p>
   </div>
   <div class='ocr_carea' id='block_1_43' title="bbox 861 2701 2424 2790">
    <p class='ocr_par' dir='ltr' id='par_1_43' title="bbox 861 2701 2424 2790">
     <span class='ocr_line' id='line_1_43' title="bbox 861 2701 2424 2790; baseline 0.012 -32"><span class='ocrx_word' id='word_1_326' title='bbox 861 2704 1194 2759; x_wconf 84' lang='lat' dir='ltr'><strong>acclamabat</strong></span> <span class='ocrx_word' id='word_1_327' title='bbox 1231 2727 1242 2760; x_wconf 90' lang='lat'>:</span> <span class='ocrx_word' id='word_1_328' title='bbox 1282 2725 1300 2757; x_wconf 79' lang='grc' dir='ltr'><strong>ι</strong></span> <span class='ocrx_word' id='word_1_329' title='bbox 1337 2707 1508 2774; x_wconf 90' lang='lat' dir='ltr'><strong>Quam</strong></span> <span class='ocrx_word' id='word_1_330' title='bbox 1556 2712 1784 2782; x_wconf 85' lang='lat' dir='ltr'><strong>speciosi</strong></span> <span class='ocrx_word' id='word_1_331' title='bbox 1839 2714 2006 2784; x_wconf 90' lang='lat' dir='ltr'><strong>pedes</strong></span> <span class='ocrx_word' id='word_1_332' title='bbox 2047 2701 2424 2790; x_wconf 86' lang='lat' dir='ltr'><strong>evangelizan-</strong></span> 
     </span>
    </p>
   </div>
   <div class='ocr_carea' id='block_1_44' title="bbox 861 2794 2420 2876">
    <p class='ocr_par' dir='ltr' id='par_1_44' title="bbox 861 2794 2420 2876">
     <span class='ocr_line' id='line_1_44' title="bbox 861 2794 2420 2876; baseline 0.013 -29"><span class='ocrx_word' id='word_1_333' title='bbox 861 2796 990 2849; x_wconf 86' lang='lat' dir='ltr'><strong>tium</strong></span> <span class='ocrx_word' id='word_1_334' title='bbox 1038 2794 1200 2863; x_wconf 88' lang='lat' dir='ltr'><strong>bona,</strong></span> <span class='ocrx_word' id='word_1_335' title='bbox 1226 2802 1714 2870; x_wconf 86' lang='lat' dir='ltr'><strong>evangelizantium</strong></span> <span class='ocrx_word' id='word_1_336' title='bbox 1752 2819 1938 2876; x_wconf 90' lang='lat' dir='ltr'><strong>pacem</strong></span> <span class='ocrx_word' id='word_1_337' title='bbox 1962 2808 2048 2861; x_wconf 83' lang='lat' dir='ltr'><strong>“l</strong></span> <span class='ocrx_word' id='word_1_338' title='bbox 2083 2830 2099 2861; x_wconf 73' lang='grc' dir='ltr'><strong>ι</strong></span> <span class='ocrx_word' id='word_1_339' title='bbox 2153 2810 2420 2876; x_wconf 85' lang='lat' dir='ltr'><strong>Quoniam</strong></span> 
     </span>
    </p>
   </div>
   <div class='ocr_carea' id='block_1_45' title="bbox 860 2889 2423 2964">
    <p class='ocr_par' dir='ltr' id='par_1_45' title="bbox 860 2889 2423 2964">
     <span class='ocr_line' id='line_1_45' title="bbox 860 2889 2423 2964; baseline 0.012 -24"><span class='ocrx_word' id='word_1_340' title='bbox 860 2889 1023 2959; x_wconf 85' lang='lat' dir='ltr'><strong>igitur</strong></span> <span class='ocrx_word' id='word_1_341' title='bbox 1065 2890 1251 2946; x_wconf 82' lang='lat' dir='ltr'><strong>multis</strong></span> <span class='ocrx_word' id='word_1_342' title='bbox 1304 2891 1582 2949; x_wconf 83' lang='lat' dir='ltr'><strong>laboribus</strong></span> <span class='ocrx_word' id='word_1_343' title='bbox 1607 2894 1898 2964; x_wconf 81' lang='lat' dir='ltr'><strong>perfuncti,</strong></span> <span class='ocrx_word' id='word_1_344' title='bbox 1926 2907 1982 2954; x_wconf 90' lang='lat' dir='ltr'><strong>et</strong></span> <span class='ocrx_word' id='word_1_345' title='bbox 2019 2901 2089 2956; x_wconf 84' lang='lat' dir='ltr'><strong>ab</strong></span> <span class='ocrx_word' id='word_1_346' title='bbox 2125 2903 2423 2960; x_wconf 87' lang='lat' dir='ltr'><strong>incredulis</strong></span> 
     </span>
    </p>
   </div>
   <div class='ocr_carea' id='block_1_46' title="bbox 860 2979 2424 3052">
    <p class='ocr_par' dir='ltr' id='par_1_46' title="bbox 860 2979 2424 3052">
     <span class='ocr_line' id='line_1_46' title="bbox 860 2979 2424 3052; baseline 0.012 -20"><span class='ocrx_word' id='word_1_347' title='bbox 860 2979 1108 3048; x_wconf 74' lang='lat' dir='ltr'><strong>gentibus</strong></span> <span class='ocrx_word' id='word_1_348' title='bbox 1150 2983 1492 3039; x_wconf 79' lang='lat' dir='ltr'><strong>vexationem</strong></span> <span class='ocrx_word' id='word_1_349' title='bbox 1520 3025 1535 3046; x_wconf 92' lang='lat'><strong>,</strong></span> <span class='ocrx_word' id='word_1_350' title='bbox 1583 2988 1820 3051; x_wconf 86' lang='lat' dir='ltr'><strong>vincula,</strong></span> <span class='ocrx_word' id='word_1_351' title='bbox 1866 3006 2117 3049; x_wconf 85' lang='lat' dir='ltr'><strong>carceres</strong></span> <span class='ocrx_word' id='word_1_352' title='bbox 2167 3004 2220 3049; x_wconf 92' lang='lat' dir='ltr'><strong>et</strong></span> <span class='ocrx_word' id='word_1_353' title='bbox 2264 3010 2424 3052; x_wconf 89' lang='lat' dir='ltr'><strong>omne</strong></span> 
     </span>
    </p>
   </div>
   <div class='ocr_carea' id='block_1_47' title="bbox 859 3069 2423 3156">
    <p class='ocr_par' dir='ltr' id='par_1_47' title="bbox 859 3069 2423 3156">
     <span class='ocr_line' id='line_1_47' title="bbox 859 3069 2423 3156; baseline 0.013 -35"><span class='ocrx_word' id='word_1_354' title='bbox 859 3069 1178 3124; x_wconf 86' lang='lat' dir='ltr'><strong>insidiarum</strong></span> <span class='ocrx_word' id='word_1_355' title='bbox 1224 3089 1394 3141; x_wconf 86' lang='lat' dir='ltr'><strong>genus</strong></span> <span class='ocrx_word' id='word_1_356' title='bbox 1433 3080 1698 3146; x_wconf 89' lang='lat' dir='ltr'><strong>perpessi,</strong></span> <span class='ocrx_word' id='word_1_357' title='bbox 1757 3080 2124 3140; x_wconf 88' lang='lat' dir='ltr'><strong>immutabiles</strong></span> <span class='ocrx_word' id='word_1_358' title='bbox 2170 3089 2423 3156; x_wconf 84' lang='lat' dir='ltr'><strong>perman-</strong></span> 
     </span>
    </p>
   </div>
   <div class='ocr_carea' id='block_1_48' title="bbox 859 3159 2424 3244">
    <p class='ocr_par' dir='ltr' id='par_1_48' title="bbox 859 3159 2424 3244">
     <span class='ocr_line' id='line_1_48' title="bbox 859 3159 2424 3244; baseline 0.007 -30"><span class='ocrx_word' id='word_1_359' title='bbox 859 3174 1006 3226; x_wconf 83' lang='lat' dir='ltr'><strong>sere;</strong></span> <span class='ocrx_word' id='word_1_360' title='bbox 1038 3159 1163 3230; x_wconf 76' lang='lat' dir='ltr'><strong>jure</strong></span> <span class='ocrx_word' id='word_1_361' title='bbox 1191 3177 1315 3216; x_wconf 91' lang='lat' dir='ltr'><strong>eum</strong></span> <span class='ocrx_word' id='word_1_362' title='bbox 1346 3165 1438 3233; x_wconf 90' lang='lat' dir='ltr'><strong>qui</strong></span> <span class='ocrx_word' id='word_1_363' title='bbox 1479 3166 1612 3236; x_wconf 88' lang='lat' dir='ltr'><strong>ipsis</strong></span> <span class='ocrx_word' id='word_1_364' title='bbox 1653 3168 1798 3224; x_wconf 87' lang='lat' dir='ltr'><strong>vires</strong></span> <span class='ocrx_word' id='word_1_365' title='bbox 1837 3171 2141 3238; x_wconf 86' lang='lat' dir='ltr'><strong>addiderat,</strong></span> <span class='ocrx_word' id='word_1_366' title='bbox 2177 3177 2269 3244; x_wconf 92' lang='lat' dir='ltr'><strong>qui</strong></span> <span class='ocrx_word' id='word_1_367' title='bbox 2306 3179 2424 3230; x_wconf 78' lang='lat' dir='ltr'><strong>ani-</strong></span> 
     </span>
    </p>
   </div>
   <div class='ocr_carea' id='block_1_49' title="bbox 860 3251 2420 3337">
    <p class='ocr_par' dir='ltr' id='par_1_49' title="bbox 860 3251 2420 3337">
     <span class='ocr_line' id='line_1_49' title="bbox 860 3251 2420 3337; baseline 0.013 -34"><span class='ocrx_word' id='word_1_368' title='bbox 860 3264 1001 3304; x_wconf 88' lang='lat' dir='ltr'><strong>mam</strong></span> <span class='ocrx_word' id='word_1_369' title='bbox 1027 3251 1269 3322; x_wconf 86' lang='lat' dir='ltr'><strong>ipsorum</strong></span> <span class='ocrx_word' id='word_1_370' title='bbox 1297 3255 1362 3308; x_wconf 90' lang='lat' dir='ltr'><strong>ad</strong></span> <span class='ocrx_word' id='word_1_371' title='bbox 1392 3256 1557 3311; x_wconf 88' lang='lat' dir='ltr'><strong>vitam</strong></span> <span class='ocrx_word' id='word_1_372' title='bbox 1599 3263 1955 3326; x_wconf 88' lang='lat' dir='ltr'><strong>custodierat,</strong></span> <span class='ocrx_word' id='word_1_373' title='bbox 1989 3275 2046 3318; x_wconf 93' lang='lat' dir='ltr'><strong>ut</strong></span> <span class='ocrx_word' id='word_1_374' title='bbox 2075 3281 2143 3321; x_wconf 91' lang='lat' dir='ltr'><strong>ne</strong></span> <span class='ocrx_word' id='word_1_375' title='bbox 2191 3267 2245 3321; x_wconf 91' lang='lat' dir='ltr'><strong>in</strong></span> <span class='ocrx_word' id='word_1_376' title='bbox 2295 3284 2420 3337; x_wconf 87' lang='lat' dir='ltr'><strong>pec-</strong></span> 
     </span>
    </p>
   </div>
   <div class='ocr_carea' id='block_1_50' title="bbox 859 3341 2417 3422">
    <p class='ocr_par' dir='ltr' id='par_1_50' title="bbox 859 3341 2417 3422">
     <span class='ocr_line' id='line_1_50' title="bbox 859 3341 2417 3422; baseline 0.012 -28"><span class='ocrx_word' id='word_1_377' title='bbox 859 3341 966 3395; x_wconf 89' lang='lat' dir='ltr'><strong>cati</strong></span> <span class='ocrx_word' id='word_1_378' title='bbox 996 3351 1225 3399; x_wconf 86' lang='lat' dir='ltr'><strong>mortem</strong></span> <span class='ocrx_word' id='word_1_379' title='bbox 1257 3345 1562 3418; x_wconf 84' lang='lat' dir='ltr'><strong>laberetur;</strong></span> <span class='ocrx_word' id='word_1_380' title='bbox 1597 3352 1687 3422; x_wconf 89' lang='lat' dir='ltr'><strong>qui</strong></span> <span class='ocrx_word' id='word_1_381' title='bbox 1721 3353 1885 3422; x_wconf 88' lang='lat' dir='ltr'><strong>pedes</strong></span> <span class='ocrx_word' id='word_1_382' title='bbox 1912 3354 2097 3411; x_wconf 76' lang='lat' dir='ltr'><strong>firmos</strong></span> <span class='ocrx_word' id='word_1_383' title='bbox 2119 3366 2417 3422; x_wconf 87' lang='lat' dir='ltr'><strong>statuerat,</strong></span> 
     </span>
    </p>
   </div>
   <div class='ocr_carea' id='block_1_51' title="bbox 860 3438 2427 3519">
    <p class='ocr_par' dir='ltr' id='par_1_51' title="bbox 860 3438 2427 3519">
     <span class='ocr_line' id='line_1_51' title="bbox 860 3438 2427 3519; baseline 0.01 -29"><span class='ocrx_word' id='word_1_384' title='bbox 860 3450 928 3490; x_wconf 86' lang='lat' dir='ltr'><strong>ne</strong></span> <span class='ocrx_word' id='word_1_385' title='bbox 953 3438 1394 3506; x_wconf 83' lang='lat' dir='ltr'><strong>commotionem,</strong></span> <span class='ocrx_word' id='word_1_386' title='bbox 1427 3458 1532 3497; x_wconf 88' lang='lat' dir='ltr'><strong>neu</strong></span> <span class='ocrx_word' id='word_1_387' title='bbox 1561 3444 1772 3514; x_wconf 88' lang='lat' dir='ltr'><strong>lapsum</strong></span> <span class='ocrx_word' id='word_1_388' title='bbox 1819 3446 1902 3500; x_wconf 91' lang='lat' dir='ltr'><strong>vel</strong></span> <span class='ocrx_word' id='word_1_389' title='bbox 1935 3447 2146 3501; x_wconf 92' lang='lat' dir='ltr'><strong>ruinam</strong></span> <span class='ocrx_word' id='word_1_390' title='bbox 2179 3459 2427 3519; x_wconf 85' lang='lat' dir='ltr'><strong>pateren-</strong></span> 
     </span>
    </p>
   </div>
   <div class='ocr_carea' id='block_1_52' title="bbox 860 3531 2422 3605">
    <p class='ocr_par' dir='ltr' id='par_1_52' title="bbox 860 3531 2422 3605">
     <span class='ocr_line' id='line_1_52' title="bbox 860 3531 2422 3605; baseline 0.012 -27"><span class='ocrx_word' id='word_1_391' title='bbox 860 3531 968 3591; x_wconf 89' lang='lat' dir='ltr'><strong>tur,</strong></span> <span class='ocrx_word' id='word_1_392' title='bbox 999 3542 1190 3585; x_wconf 88' lang='lat' dir='ltr'><strong>omnes</strong></span> <span class='ocrx_word' id='word_1_393' title='bbox 1240 3540 1428 3600; x_wconf 89' lang='lat' dir='ltr'><strong>gentes</strong></span> <span class='ocrx_word' id='word_1_394' title='bbox 1467 3533 1788 3590; x_wconf 89' lang='lat' dir='ltr'><strong>benedicere</strong></span> <span class='ocrx_word' id='word_1_395' title='bbox 1819 3535 2034 3605; x_wconf 89' lang='lat' dir='ltr'><strong>jubent,</strong></span> <span class='ocrx_word' id='word_1_396' title='bbox 2082 3546 2137 3594; x_wconf 89' lang='lat' dir='ltr'><strong>et</strong></span> <span class='ocrx_word' id='word_1_397' title='bbox 2182 3541 2422 3596; x_wconf 87' lang='lat' dir='ltr'><strong>auditam</strong></span> 
     </span>
    </p>
   </div>
   <div class='ocr_carea' id='block_1_53' title="bbox 859 3617 2424 3701">
    <p class='ocr_par' dir='ltr' id='par_1_53' title="bbox 859 3617 2424 3701">
     <span class='ocr_line' id='line_1_53' title="bbox 859 3617 2424 3701; baseline 0.01 -32"><span class='ocrx_word' id='word_1_398' title='bbox 859 3617 1037 3673; x_wconf 76' lang='lat' dir='ltr'><strong>facere</strong></span> <span class='ocrx_word' id='word_1_399' title='bbox 1073 3633 1258 3674; x_wconf 80' lang='lat' dir='ltr'><strong>vocem</strong></span> <span class='ocrx_word' id='word_1_400' title='bbox 1302 3621 1479 3677; x_wconf 89' lang='lat' dir='ltr'><strong>laudis</strong></span> <span class='ocrx_word' id='word_1_401' title='bbox 1509 3624 1667 3694; x_wconf 81' lang='lat' dir='ltr'><strong>ejus;</strong></span> <span class='ocrx_word' id='word_1_402' title='bbox 1701 3641 1806 3679; x_wconf 92' lang='lat' dir='ltr'><strong>non</strong></span> <span class='ocrx_word' id='word_1_403' title='bbox 1838 3635 2046 3683; x_wconf 90' lang='lat' dir='ltr'><strong>tantum</strong></span> <span class='ocrx_word' id='word_1_404' title='bbox 2081 3641 2179 3701; x_wconf 85' lang='lat' dir='ltr'><strong>pro</strong></span> <span class='ocrx_word' id='word_1_405' title='bbox 2207 3633 2424 3686; x_wconf 90' lang='lat' dir='ltr'><strong>mirabi-</strong></span> 
     </span>
    </p>
   </div>
   <div class='ocr_carea' id='block_1_54' title="bbox 860 3708 2422 3793">
    <p class='ocr_par' dir='ltr' id='par_1_54' title="bbox 860 3708 2422 3793">
     <span class='ocr_line' id='line_1_54' title="bbox 860 3708 2422 3793; baseline 0.012 -33"><span class='ocrx_word' id='word_1_406' title='bbox 860 3708 1004 3766; x_wconf 82' lang='lat' dir='ltr'><strong>libus</strong></span> <span class='ocrx_word' id='word_1_407' title='bbox 1063 3711 1510 3782; x_wconf 65' lang='lat' dir='ltr'><strong>terribilibusque</strong></span> <span class='ocrx_word' id='word_1_408' title='bbox 1559 3714 1666 3770; x_wconf 88' lang='lat' dir='ltr'><strong>illis</strong></span> <span class='ocrx_word' id='word_1_409' title='bbox 1715 3719 1956 3790; x_wconf 86' lang='lat' dir='ltr'><strong>antiquis</strong></span> <span class='ocrx_word' id='word_1_410' title='bbox 2001 3723 2296 3793; x_wconf 81' lang='lat' dir='ltr'><strong>Operibus;</strong></span> <span class='ocrx_word' id='word_1_411' title='bbox 2329 3725 2422 3778; x_wconf 88' lang='lat' dir='ltr'><strong>sed</strong></span> 
     </span>
    </p>
   </div>
   <div class='ocr_carea' id='block_1_55' title="bbox 858 3802 2424 3881">
    <p class='ocr_par' dir='ltr' id='par_1_55' title="bbox 858 3802 2424 3881">
     <span class='ocr_line' id='line_1_55' title="bbox 858 3802 2424 3881; baseline 0.007 -24"><span class='ocrx_word' id='word_1_412' title='bbox 858 3802 1021 3857; x_wconf 89' lang='lat' dir='ltr'><strong>etiam</strong></span> <span class='ocrx_word' id='word_1_413' title='bbox 1050 3819 1149 3872; x_wconf 86' lang='lat' dir='ltr'><strong>pro</strong></span> <span class='ocrx_word' id='word_1_414' title='bbox 1183 3807 1494 3866; x_wconf 87' lang='lat' dir='ltr'><strong>recentibus</strong></span> <span class='ocrx_word' id='word_1_415' title='bbox 1523 3809 1834 3876; x_wconf 78' lang='lat' dir='ltr'><strong>beneficiis,</strong></span> <span class='ocrx_word' id='word_1_416' title='bbox 1870 3814 2026 3881; x_wconf 87' lang='lat' dir='ltr'><strong>queis</strong></span> <span class='ocrx_word' id='word_1_417' title='bbox 2064 3814 2302 3870; x_wconf 91' lang='lat' dir='ltr'><strong>animam</strong></span> <span class='ocrx_word' id='word_1_418' title='bbox 2331 3831 2424 3869; x_wconf 89' lang='lat' dir='ltr'><strong>eo-</strong></span> 
     </span>
    </p>
   </div>
   <div class='ocr_carea' id='block_1_56' title="bbox 862 3898 2423 3978">
    <p class='ocr_par' dir='ltr' id='par_1_56' title="bbox 862 3898 2423 3978">
     <span class='ocr_line' id='line_1_56' title="bbox 862 3898 2423 3978; baseline 0.009 -29"><span class='ocrx_word' id='word_1_419' title='bbox 862 3911 981 3950; x_wconf 83' lang='lat' dir='ltr'><strong>rum</strong></span> <span class='ocrx_word' id='word_1_420' title='bbox 1007 3898 1102 3966; x_wconf 93' lang='lat' dir='ltr'><strong>qui</strong></span> <span class='ocrx_word' id='word_1_421' title='bbox 1128 3898 1253 3958; x_wconf 88' lang='lat' dir='ltr'><strong>talia</strong></span> <span class='ocrx_word' id='word_1_422' title='bbox 1285 3900 1638 3970; x_wconf 86' lang='lat' dir='ltr'><strong>loquerentur</strong></span> <span class='ocrx_word' id='word_1_423' title='bbox 1681 3903 1747 3958; x_wconf 86' lang='lat' dir='ltr'><strong>ad</strong></span> <span class='ocrx_word' id='word_1_424' title='bbox 1786 3906 1953 3959; x_wconf 85' lang='lat' dir='ltr'><strong>vitam</strong></span> <span class='ocrx_word' id='word_1_425' title='bbox 1991 3908 2209 3978; x_wconf 90' lang='lat' dir='ltr'><strong>posuit,</strong></span> <span class='ocrx_word' id='word_1_426' title='bbox 2249 3923 2423 3978; x_wconf 90' lang='lat' dir='ltr'><strong>neque</strong></span> 
     </span>
    </p>
   </div>
   <div class='ocr_carea' id='block_1_57' title="bbox 857 3985 2423 4065">
    <p class='ocr_par' dir='ltr' id='par_1_57' title="bbox 857 3985 2423 4065">
     <span class='ocr_line' id='line_1_57' title="bbox 857 3985 2423 4065; baseline 0.008 -26"><span class='ocrx_word' id='word_1_427' title='bbox 857 3985 1004 4042; x_wconf 83' lang='lat' dir='ltr'><strong>dedit</strong></span> <span class='ocrx_word' id='word_1_428' title='bbox 1025 3987 1078 4040; x_wconf 89' lang='lat' dir='ltr'><strong>in</strong></span> <span class='ocrx_word' id='word_1_429' title='bbox 1111 3991 1527 4046; x_wconf 88' lang='lat' dir='ltr'><strong>commotionem</strong></span> <span class='ocrx_word' id='word_1_430' title='bbox 1551 3992 1718 4063; x_wconf 91' lang='lat' dir='ltr'><strong>pedes</strong></span> <span class='ocrx_word' id='word_1_431' title='bbox 1741 3994 2001 4065; x_wconf 85' lang='lat' dir='ltr'><strong>ipsorum.</strong></span> <span class='ocrx_word' id='word_1_432' title='bbox 2024 3995 2204 4063; x_wconf 84' lang='lat' dir='ltr'><strong>Quare</strong></span> <span class='ocrx_word' id='word_1_433' title='bbox 2227 4013 2423 4052; x_wconf 91' lang='lat' dir='ltr'><strong>secun-</strong></span> 
     </span>
    </p>
   </div>
   <div class='ocr_carea' id='block_1_58' title="bbox 857 4071 2421 4153">
    <p class='ocr_par' dir='ltr' id='par_1_58' title="bbox 857 4071 2421 4153">
     <span class='ocr_line' id='line_1_58' title="bbox 857 4071 2421 4153; baseline 0.008 -23"><span class='ocrx_word' id='word_1_434' title='bbox 857 4075 987 4130; x_wconf 89' lang='lat' dir='ltr'><strong>dum</strong></span> <span class='ocrx_word' id='word_1_435' title='bbox 1016 4071 1399 4146; x_wconf 85' lang='lat' dir='ltr'><strong>Symmachum</strong></span> <span class='ocrx_word' id='word_1_436' title='bbox 1428 4081 1709 4150; x_wconf 80' lang='lat' dir='ltr'><strong>plu-raliter</strong></span> <span class='ocrx_word' id='word_1_437' title='bbox 1734 4083 1937 4139; x_wconf 88' lang='lat' dir='ltr'><strong>dicitur</strong></span> <span class='ocrx_word' id='word_1_438' title='bbox 1962 4104 1976 4140; x_wconf 90' lang='lat'><strong>:</strong></span> <span class='ocrx_word' id='word_1_439' title='bbox 2015 4104 2033 4136; x_wconf 77' lang='grc' dir='ltr'><strong>ι</strong></span> <span class='ocrx_word' id='word_1_440' title='bbox 2059 4085 2163 4153; x_wconf 86' lang='lat' dir='ltr'><strong>Qui</strong></span> <span class='ocrx_word' id='word_1_441' title='bbox 2198 4087 2421 4142; x_wconf 90' lang='lat' dir='ltr'><strong>ordina-</strong></span> 
     </span>
    </p>
   </div>
   <div class='ocr_carea' id='block_1_59' title="bbox 859 4163 2422 4247">
    <p class='ocr_par' dir='ltr' id='par_1_59' title="bbox 859 4163 2422 4247">
     <span class='ocr_line' id='line_1_59' title="bbox 859 4163 2422 4247; baseline 0.01 -29"><span class='ocrx_word' id='word_1_442' title='bbox 859 4167 937 4220; x_wconf 89' lang='lat' dir='ltr'><strong>vit</strong></span> <span class='ocrx_word' id='word_1_443' title='bbox 979 4163 1214 4247; x_wconf 77' lang='lat' dir='ltr'><strong>animam</strong></span> <span class='ocrx_word' id='word_1_444' title='bbox 1252 4179 1496 4227; x_wconf 84' lang='lat' dir='ltr'><strong>nostram</strong></span> <span class='ocrx_word' id='word_1_445' title='bbox 1539 4173 1607 4230; x_wconf 89' lang='lat' dir='ltr'><strong>ad</strong></span> <span class='ocrx_word' id='word_1_446' title='bbox 1661 4175 1852 4244; x_wconf 82' lang='lat' dir='ltr'><strong>vitam,</strong></span> <span class='ocrx_word' id='word_1_447' title='bbox 1905 4187 1960 4233; x_wconf 90' lang='lat' dir='ltr'><strong>et</strong></span> <span class='ocrx_word' id='word_1_448' title='bbox 1998 4193 2110 4234; x_wconf 92' lang='lat' dir='ltr'><strong>non</strong></span> <span class='ocrx_word' id='word_1_449' title='bbox 2134 4177 2284 4234; x_wconf 92' lang='lat' dir='ltr'><strong>dedit</strong></span> <span class='ocrx_word' id='word_1_450' title='bbox 2315 4179 2422 4236; x_wconf 87' lang='lat' dir='ltr'><strong>labi</strong></span> 
     </span>
    </p>
   </div>
   <div class='ocr_carea' id='block_1_60' title="bbox 860 4255 1815 4340">
    <p class='ocr_par' dir='ltr' id='par_1_60' title="bbox 860 4255 1815 4340">
     <span class='ocr_line' id='line_1_60' title="bbox 860 4255 1815 4340; baseline 0.005 -28"><span class='ocrx_word' id='word_1_451' title='bbox 860 4255 1315 4340; x_wconf 65' lang='lat' dir='ltr'><strong>pedes,nostrus..</strong></span> <span class='ocrx_word' id='word_1_452' title='bbox 1339 4283 1358 4316; x_wconf 74' lang='grc' dir='ltr'><strong>ι</strong></span> <span class='ocrx_word' id='word_1_453' title='bbox 1809 4271 1815 4275; x_wconf 85' lang='grc'><em>’</em></span> 
     </span>
    </p>
   </div>
   <div class='ocr_carea' id='block_1_61' title="bbox 2523 2082 4103 2152">
    <p class='ocr_par' dir='ltr' id='par_1_61' title="bbox 2523 2082 4103 2152">
     <span class='ocr_line' id='line_1_61' title="bbox 2523 2082 4103 2152; baseline 0.001 -17"><span class='ocrx_word' id='word_1_454' title='bbox 2523 2083 2655 2136; x_wconf 83' lang='grc' dir='ltr'><strong>ἀλλά</strong></span> <span class='ocrx_word' id='word_1_455' title='bbox 2690 2084 2780 2136; x_wconf 80' lang='grc' dir='ltr'>καὶ</span> <span class='ocrx_word' id='word_1_456' title='bbox 2812 2082 2899 2136; x_wconf 79' lang='grc' dir='ltr'><strong>διὰ</strong></span> <span class='ocrx_word' id='word_1_457' title='bbox 2926 2083 3022 2146; x_wconf 85' lang='grc' dir='ltr'>τὰς</span> <span class='ocrx_word' id='word_1_458' title='bbox 3052 2084 3132 2145; x_wconf 80' lang='grc' dir='ltr'><strong>εἰς</strong></span> <span class='ocrx_word' id='word_1_459' title='bbox 3162 2083 3314 2152; x_wconf 80' lang='grc' dir='ltr'>ἡμᾶς</span> <span class='ocrx_word' id='word_1_460' title='bbox 3345 2082 3541 2146; x_wconf 87' lang='grc' dir='ltr'>αὐτοὺς</span> <span class='ocrx_word' id='word_1_461' title='bbox 3569 2084 3694 2145; x_wconf 86' lang='grc' dir='ltr'><strong>τούς</strong></span> <span class='ocrx_word' id='word_1_462' title='bbox 3721 2083 3894 2136; x_wconf 83' lang='grc' dir='ltr'>ταῦτα</span> <span class='ocrx_word' id='word_1_463' title='bbox 3915 2085 4103 2152; x_wconf 79' lang='grc' dir='ltr'>λέγον-</span> 
     </span>
    </p>
   </div>
   <div class='ocr_carea' id='block_1_62' title="bbox 2521 2169 4099 2243">
    <p class='ocr_par' dir='ltr' id='par_1_62' title="bbox 2521 2169 4099 2243">
     <span class='ocr_line' id='line_1_62' title="bbox 2521 2169 4099 2243; baseline 0 -18"><span class='ocrx_word' id='word_1_464' title='bbox 2521 2190 2619 2236; x_wconf 87' lang='grc' dir='ltr'><strong>τας</strong></span> <span class='ocrx_word' id='word_1_465' title='bbox 2652 2173 2986 2243; x_wconf 80' lang='grc' dir='ltr'>εὐεργεσίας.</span> <span class='ocrx_word' id='word_1_466' title='bbox 3007 2169 3222 2237; x_wconf 74' lang='grc' dir='ltr'>Ἐπειδὴ</span> <span class='ocrx_word' id='word_1_467' title='bbox 3267 2170 3374 2232; x_wconf 82' lang='grc' dir='ltr'><strong>γὰο</strong></span> <span class='ocrx_word' id='word_1_468' title='bbox 3404 2172 3529 2233; x_wconf 86' lang='grc' dir='ltr'><strong>τούς</strong></span> <span class='ocrx_word' id='word_1_469' title='bbox 3558 2171 3857 2242; x_wconf 81' lang='grc' dir='ltr'><strong>ἡμετέρους</strong></span> <span class='ocrx_word' id='word_1_470' title='bbox 3912 2171 4099 2236; x_wconf 62' lang='grc' dir='ltr'>πόδας,</span> 
     </span>
    </p>
   </div>
   <div class='ocr_carea' id='block_1_63' title="bbox 2521 2262 4102 2336">
    <p class='ocr_par' dir='ltr' id='par_1_63' title="bbox 2521 2262 4102 2336">
     <span class='ocr_line' id='line_1_63' title="bbox 2521 2262 4102 2336; baseline -0.001 -20"><span class='ocrx_word' id='word_1_471' title='bbox 2521 2264 2690 2318; x_wconf 82' lang='grc' dir='ltr'>πολλὰ</span> <span class='ocrx_word' id='word_1_472' title='bbox 2721 2265 3046 2336; x_wconf 83' lang='grc' dir='ltr'>δραμόντας,</span> <span class='ocrx_word' id='word_1_473' title='bbox 3081 2262 3219 2316; x_wconf 70' lang='grc' dir='ltr'>ὥστε</span> <span class='ocrx_word' id='word_1_474' title='bbox 3246 2266 3410 2318; x_wconf 67' lang='grc' dir='ltr'>πᾶσιν</span> <span class='ocrx_word' id='word_1_475' title='bbox 3429 2262 3557 2331; x_wconf 90' lang='grc' dir='ltr'>ὐμῖν</span> <span class='ocrx_word' id='word_1_476' title='bbox 3587 2265 3698 2323; x_wconf 88' lang='grc' dir='ltr'>τοῖς</span> <span class='ocrx_word' id='word_1_477' title='bbox 3729 2262 3903 2316; x_wconf 74' lang='grc' dir='ltr'>ἔθνεσι</span> <span class='ocrx_word' id='word_1_478' title='bbox 3930 2263 4102 2334; x_wconf 81' lang='grc' dir='ltr'>κηρύ-</span> 
     </span>
    </p>
   </div>
   <div class='ocr_carea' id='block_1_64' title="bbox 2524 2350 4100 2423">
    <p class='ocr_par' dir='ltr' id='par_1_64' title="bbox 2524 2350 4100 2423">
     <span class='ocr_line' id='line_1_64' title="bbox 2524 2350 4100 2423; baseline 0.001 -20"><span class='ocrx_word' id='word_1_479' title='bbox 2524 2353 2609 2415; x_wconf 79' lang='grc' dir='ltr'>ξαι</span> <span class='ocrx_word' id='word_1_480' title='bbox 2635 2352 2694 2406; x_wconf 78' lang='grc' dir='ltr'>τὸ</span> <span class='ocrx_word' id='word_1_481' title='bbox 2723 2353 2986 2423; x_wconf 85' lang='grc' dir='ltr'>σωτήριον</span> <span class='ocrx_word' id='word_1_482' title='bbox 3017 2351 3368 2420; x_wconf 83' lang='grc' dir='ltr'>Εὐαγγέλιον,</span> <span class='ocrx_word' id='word_1_483' title='bbox 3394 2350 3758 2420; x_wconf 85' lang='grc' dir='ltr'>ἐδυνάμωσεν,</span> <span class='ocrx_word' id='word_1_484' title='bbox 3785 2351 4015 2419; x_wconf 80' lang='grc' dir='ltr'>ἐφύλαξέ</span> <span class='ocrx_word' id='word_1_485' title='bbox 4039 2369 4100 2404; x_wconf 90' lang='grc' dir='ltr'><strong>τε</strong></span> 
     </span>
    </p>
   </div>
   <div class='ocr_carea' id='block_1_65' title="bbox 2521 2441 4100 2513">
    <p class='ocr_par' dir='ltr' id='par_1_65' title="bbox 2521 2441 4100 2513">
     <span class='ocr_line' id='line_1_65' title="bbox 2521 2441 4100 2513; baseline 0.001 -18"><span class='ocrx_word' id='word_1_486' title='bbox 2521 2441 2912 2513; x_wconf 81' lang='grc' dir='ltr'>ἁδιατρέπτους</span> <span class='ocrx_word' id='word_1_487' title='bbox 2945 2444 3002 2495; x_wconf 89' lang='grc' dir='ltr'><strong>ἐν</strong></span> <span class='ocrx_word' id='word_1_488' title='bbox 3030 2445 3142 2506; x_wconf 89' lang='grc' dir='ltr'>τοῖς</span> <span class='ocrx_word' id='word_1_489' title='bbox 3185 2441 3279 2495; x_wconf 91' lang='grc' dir='ltr'><strong>τοῦ</strong></span> <span class='ocrx_word' id='word_1_490' title='bbox 3317 2441 3431 2512; x_wconf 86' lang='grc' dir='ltr'><strong>βίου</strong></span> <span class='ocrx_word' id='word_1_491' title='bbox 3467 2441 3701 2513; x_wconf 77' lang='grc' dir='ltr'>ῥεύμασι</span> <span class='ocrx_word' id='word_1_492' title='bbox 3747 2442 3817 2494; x_wconf 78' lang='grc' dir='ltr'><strong>τὰ</strong></span> <span class='ocrx_word' id='word_1_493' title='bbox 3850 2441 4100 2511; x_wconf 75' lang='grc' dir='ltr'>ἐμποδὼν</span> 
     </span>
    </p>
   </div>
   <div class='ocr_carea' id='block_1_66' title="bbox 2522 2531 4099 2604">
    <p class='ocr_par' dir='ltr' id='par_1_66' title="bbox 2522 2531 4099 2604">
     <span class='ocr_line' id='line_1_66' title="bbox 2522 2531 4099 2604; baseline 0.001 -18"><span class='ocrx_word' id='word_1_494' title='bbox 2522 2533 2816 2604; x_wconf 86' lang='grc' dir='ltr'>κωλύματα</span> <span class='ocrx_word' id='word_1_495' title='bbox 2857 2531 3149 2603; x_wconf 82' lang='grc' dir='ltr'>περιελών·</span> <span class='ocrx_word' id='word_1_496' title='bbox 3196 2533 3407 2586; x_wconf 82' lang='grc' dir='ltr'>πολλῶν</span> <span class='ocrx_word' id='word_1_497' title='bbox 3449 2550 3507 2586; x_wconf 90' lang='grc' dir='ltr'><strong>τε</strong></span> <span class='ocrx_word' id='word_1_498' title='bbox 3537 2535 3602 2603; x_wconf 80' lang='grc' dir='ltr'>τῇ</span> <span class='ocrx_word' id='word_1_499' title='bbox 3628 2532 3772 2602; x_wconf 76' lang='grc' dir='ltr'>ψυχῇ</span> <span class='ocrx_word' id='word_1_500' title='bbox 3799 2533 3958 2603; x_wconf 82' lang='grc' dir='ltr'>ἡμῶν</span> <span class='ocrx_word' id='word_1_501' title='bbox 3985 2537 4099 2588; x_wconf 78' lang='grc' dir='ltr'>ἐπι-</span> 
     </span>
    </p>
   </div>
   <div class='ocr_carea' id='block_1_67' title="bbox 2521 2624 4096 2696">
    <p class='ocr_par' dir='ltr' id='par_1_67' title="bbox 2521 2624 4096 2696">
     <span class='ocr_line' id='line_1_67' title="bbox 2521 2624 4096 2696; baseline 0 -19"><span class='ocrx_word' id='word_1_502' title='bbox 2521 2626 2902 2688; x_wconf 76' lang='grc' dir='ltr'>ϐουλευόντων,</span> <span class='ocrx_word' id='word_1_503' title='bbox 2925 2625 3085 2688; x_wconf 83' lang='grc' dir='ltr'>αὐτὸς</span> <span class='ocrx_word' id='word_1_504' title='bbox 3105 2624 3310 2695; x_wconf 79' lang='grc' dir='ltr'>ταύτης</span> <span class='ocrx_word' id='word_1_505' title='bbox 3340 2624 3522 2696; x_wconf 79' lang='grc' dir='ltr'>σωτὴρ</span> <span class='ocrx_word' id='word_1_506' title='bbox 3550 2625 3644 2677; x_wconf 82' lang='grc' dir='ltr'>καὶ</span> <span class='ocrx_word' id='word_1_507' title='bbox 3667 2624 3838 2693; x_wconf 80' lang='grc' dir='ltr'>φύλαξ</span> <span class='ocrx_word' id='word_1_508' title='bbox 3863 2626 4096 2692; x_wconf 81' lang='grc' dir='ltr'>ἐγένετο·</span> 
     </span>
    </p>
   </div>
   <div class='ocr_carea' id='block_1_68' title="bbox 2522 2713 4096 2786">
    <p class='ocr_par' dir='ltr' id='par_1_68' title="bbox 2522 2713 4096 2786">
     <span class='ocr_line' id='line_1_68' title="bbox 2522 2713 4096 2786; baseline 0.001 -20"><span class='ocrx_word' id='word_1_509' title='bbox 2522 2715 2832 2768; x_wconf 77' lang='grc' dir='ltr'>καὶτούτων</span> <span class='ocrx_word' id='word_1_510' title='bbox 2881 2714 3057 2768; x_wconf 89' lang='grc' dir='ltr'>αὐτῶν</span> <span class='ocrx_word' id='word_1_511' title='bbox 3094 2715 3254 2768; x_wconf 74' lang='grc' dir='ltr'>ἕνεκα</span> <span class='ocrx_word' id='word_1_512' title='bbox 3292 2733 3310 2766; x_wconf 77' lang='grc' dir='ltr'><strong>ι</strong></span> <span class='ocrx_word' id='word_1_513' title='bbox 3361 2713 3652 2784; x_wconf 79' lang='grc' dir='ltr'>εὐλογεῖτε,</span> <span class='ocrx_word' id='word_1_514' title='bbox 3686 2714 3938 2786; x_wconf 59' lang='lat' dir='ltr'><strong>{Ovs}.th</strong></span> <span class='ocrx_word' id='word_1_515' title='bbox 3968 2715 4096 2770; x_wconf 85' lang='grc' dir='ltr'>Θεδν</span> 
     </span>
    </p>
   </div>
   <div class='ocr_carea' id='block_1_69' title="bbox 2521 2806 4092 2883">
    <p class='ocr_par' dir='ltr' id='par_1_69' title="bbox 2521 2806 4092 2883">
     <span class='ocr_line' id='line_1_69' title="bbox 2521 2806 4092 2883; baseline -0.001 -23"><span class='ocrx_word' id='word_1_516' title='bbox 2521 2810 2552 2877; x_wconf 83' lang='grc' dir='ltr'>ἡ</span> <span class='ocrx_word' id='word_1_517' title='bbox 2563 2807 2696 2876; x_wconf 91' lang='grc' dir='ltr'>μῶν,</span> <span class='ocrx_word' id='word_1_518' title='bbox 2727 2808 2821 2860; x_wconf 80' lang='grc' dir='ltr'>καὶ</span> <span class='ocrx_word' id='word_1_519' title='bbox 2867 2807 3187 2883; x_wconf 83' lang='grc' dir='ltr'>ἀκουτίσατε</span> <span class='ocrx_word' id='word_1_520' title='bbox 3229 2807 3327 2878; x_wconf 83' lang='grc' dir='ltr'>τὴν</span> <span class='ocrx_word' id='word_1_521' title='bbox 3379 2807 3561 2876; x_wconf 84' lang='grc' dir='ltr'>φωνὴν</span> <span class='ocrx_word' id='word_1_522' title='bbox 3592 2806 3692 2876; x_wconf 86' lang='grc' dir='ltr'>τῆς</span> <span class='ocrx_word' id='word_1_523' title='bbox 3718 2807 3978 2870; x_wconf 77' lang='grc' dir='ltr'>αἰνέσεως</span> <span class='ocrx_word' id='word_1_524' title='bbox 4007 2807 4092 2860; x_wconf 87' lang='grc' dir='ltr'>αὐ-</span> 
     </span>
    </p>
   </div>
   <div class='ocr_carea' id='block_1_70' title="bbox 2521 2895 4092 2969">
    <p class='ocr_par' dir='ltr' id='par_1_70' title="bbox 2521 2895 4092 2969">
     <span class='ocr_line' id='line_1_70' title="bbox 2521 2895 4092 2969; baseline 0 -18"><span class='ocrx_word' id='word_1_525' title='bbox 2521 2897 2634 2951; x_wconf 89' lang='grc' dir='ltr'>τοῦ.</span> <span class='ocrx_word' id='word_1_526' title='bbox 2671 2915 2688 2948; x_wconf 77' lang='grc' dir='ltr'><strong>ι</strong></span> <span class='ocrx_word' id='word_1_527' title='bbox 2723 2896 2905 2950; x_wconf 83' lang='grc' dir='ltr'>Ταῦτα</span> <span class='ocrx_word' id='word_1_528' title='bbox 2931 2897 2986 2950; x_wconf 88' lang='grc' dir='ltr'>δὲ</span> <span class='ocrx_word' id='word_1_529' title='bbox 3013 2897 3268 2969; x_wconf 75' lang='grc' dir='ltr'>ἄντικρυς</span> <span class='ocrx_word' id='word_1_530' title='bbox 3292 2899 3356 2951; x_wconf 86' lang='grc' dir='ltr'><strong>ἐκ</strong></span> <span class='ocrx_word' id='word_1_531' title='bbox 3383 2897 3678 2968; x_wconf 81' lang='grc' dir='ltr'>προσώπου</span> <span class='ocrx_word' id='word_1_532' title='bbox 3704 2898 3811 2950; x_wconf 88' lang='grc' dir='ltr'><strong>τῶν</strong></span> <span class='ocrx_word' id='word_1_533' title='bbox 3840 2895 4092 2968; x_wconf 72' lang='grc' dir='ltr'>κηρύκων</span> 
     </span>
    </p>
   </div>
   <div class='ocr_carea' id='block_1_71' title="bbox 2521 2982 4090 3059">
    <p class='ocr_par' dir='ltr' id='par_1_71' title="bbox 2521 2982 4090 3059">
     <span class='ocr_line' id='line_1_71' title="bbox 2521 2982 4090 3059; baseline 0.001 -17"><span class='ocrx_word' id='word_1_534' title='bbox 2521 2990 2612 3043; x_wconf 87' lang='grc' dir='ltr'><strong>τοῦ</strong></span> <span class='ocrx_word' id='word_1_535' title='bbox 2643 2988 2973 3058; x_wconf 80' lang='grc' dir='ltr'>Εὐαγγελίου</span> <span class='ocrx_word' id='word_1_536' title='bbox 3021 2993 3472 3059; x_wconf 78' lang='grc' dir='ltr'>προανεφωνεῖτο,</span> <span class='ocrx_word' id='word_1_537' title='bbox 3499 2982 3572 3041; x_wconf 80' lang='grc' dir='ltr'>ὧν</span> <span class='ocrx_word' id='word_1_538' title='bbox 3622 2987 3714 3040; x_wconf 73' lang='grc' dir='ltr'>τὸν</span> <span class='ocrx_word' id='word_1_539' title='bbox 3763 2988 3962 3059; x_wconf 82' lang='grc' dir='ltr'>δρόμον</span> <span class='ocrx_word' id='word_1_540' title='bbox 4002 2990 4090 3043; x_wconf 59' lang='grc' dir='ltr'>καὶ</span> 
     </span>
    </p>
   </div>
   <div class='ocr_carea' id='block_1_72' title="bbox 2521 3079 4090 3152">
    <p class='ocr_par' dir='ltr' id='par_1_72' title="bbox 2521 3079 4090 3152">
     <span class='ocr_line' id='line_1_72' title="bbox 2521 3079 4090 3152; baseline 0.001 -19"><span class='ocrx_word' id='word_1_541' title='bbox 2521 3081 2628 3133; x_wconf 86' lang='grc' dir='ltr'><strong>τῶν</strong></span> <span class='ocrx_word' id='word_1_542' title='bbox 2655 3081 2829 3134; x_wconf 84' lang='grc' dir='ltr'>ποδῶν</span> <span class='ocrx_word' id='word_1_543' title='bbox 2850 3081 2948 3151; x_wconf 81' lang='grc' dir='ltr'>τὴν</span> <span class='ocrx_word' id='word_1_544' title='bbox 2970 3080 3172 3151; x_wconf 80' lang='grc' dir='ltr'>ἀρετὴν</span> <span class='ocrx_word' id='word_1_545' title='bbox 3209 3081 3462 3143; x_wconf 79' lang='grc' dir='ltr'>Ἡσαΐας,</span> <span class='ocrx_word' id='word_1_546' title='bbox 3496 3079 3694 3150; x_wconf 76' lang='grc' dir='ltr'>μᾶλλον</span> <span class='ocrx_word' id='word_1_547' title='bbox 3716 3079 3771 3133; x_wconf 86' lang='grc' dir='ltr'>δὲ</span> <span class='ocrx_word' id='word_1_548' title='bbox 3791 3080 3851 3132; x_wconf 83' lang='grc' dir='ltr'>τὸ</span> <span class='ocrx_word' id='word_1_549' title='bbox 3876 3081 4090 3152; x_wconf 77' lang='grc' dir='ltr'>Πνεῦμα</span> 
     </span>
    </p>
   </div>
   <div class='ocr_carea' id='block_1_73' title="bbox 2522 3169 4090 3242">
    <p class='ocr_par' dir='ltr' id='par_1_73' title="bbox 2522 3169 4090 3242">
     <span class='ocr_line' id='line_1_73' title="bbox 2522 3169 4090 3242; baseline -0.001 -18"><span class='ocrx_word' id='word_1_550' title='bbox 2522 3173 2581 3224; x_wconf 69' lang='grc' dir='ltr'>τὸ</span> <span class='ocrx_word' id='word_1_551' title='bbox 2610 3171 2762 3240; x_wconf 75' lang='grc' dir='ltr'>ἆγιον</span> <span class='ocrx_word' id='word_1_552' title='bbox 2790 3170 2855 3224; x_wconf 86' lang='grc' dir='ltr'><strong>δι’</strong></span> <span class='ocrx_word' id='word_1_553' title='bbox 2879 3171 3043 3224; x_wconf 88' lang='grc' dir='ltr'>αὐτοῦ</span> <span class='ocrx_word' id='word_1_554' title='bbox 3076 3169 3462 3242; x_wconf 82' lang='grc' dir='ltr'>ἀποθαυμάζον</span> <span class='ocrx_word' id='word_1_555' title='bbox 3487 3170 3615 3223; x_wconf 75' lang='grc' dir='ltr'>ἐϐόα</span> <span class='ocrx_word' id='word_1_556' title='bbox 3633 3187 3646 3202; x_wconf 69' lang='grc' dir='ltr'><strong><em>υ</em></strong></span> <span class='ocrx_word' id='word_1_557' title='bbox 3676 3188 3694 3222; x_wconf 78' lang='grc' dir='ltr'><strong>ι</strong></span> <span class='ocrx_word' id='word_1_558' title='bbox 3719 3170 3804 3232; x_wconf 83' lang='grc' dir='ltr'>ὀς</span> <span class='ocrx_word' id='word_1_559' title='bbox 3828 3171 4017 3242; x_wconf 81' lang='grc' dir='ltr'>ὡραῖοι</span> <span class='ocrx_word' id='word_1_560' title='bbox 4045 3171 4090 3222; x_wconf 70' lang='lat' dir='ltr'><strong>oi</strong></span> 
     </span>
    </p>
   </div>
   <div class='ocr_carea' id='block_1_74' title="bbox 2525 3259 4079 3333">
    <p class='ocr_par' dir='ltr' id='par_1_74' title="bbox 2525 3259 4079 3333">
     <span class='ocr_line' id='line_1_74' title="bbox 2525 3259 4079 3333; baseline -0.004 -16"><span class='ocrx_word' id='word_1_561' title='bbox 2525 3265 2684 3327; x_wconf 86' lang='grc' dir='ltr'>πόδες</span> <span class='ocrx_word' id='word_1_562' title='bbox 2719 3266 2826 3318; x_wconf 91' lang='grc' dir='ltr'><strong>τῶν</strong></span> <span class='ocrx_word' id='word_1_563' title='bbox 2863 3263 3362 3333; x_wconf 77' lang='grc' dir='ltr'>εὐαγγελιζομένων</span> <span class='ocrx_word' id='word_1_564' title='bbox 3390 3260 3590 3330; x_wconf 83' lang='grc' dir='ltr'>ἀγαθὰ,</span> <span class='ocrx_word' id='word_1_565' title='bbox 3626 3260 3732 3313; x_wconf 86' lang='grc' dir='ltr'><strong>τῶν</strong></span> <span class='ocrx_word' id='word_1_566' title='bbox 3758 3259 4079 3328; x_wconf 73' lang='grc' dir='ltr'>εὐαγγελιζο</span> 
     </span>
    </p>
   </div>
   <div class='ocr_carea' id='block_1_75' title="bbox 2526 3352 4089 3429">
    <p class='ocr_par' dir='ltr' id='par_1_75' title="bbox 2526 3352 4089 3429">
     <span class='ocr_line' id='line_1_75' title="bbox 2526 3352 4089 3429; baseline -0.003 -19"><span class='ocrx_word' id='word_1_567' title='bbox 2526 3355 2699 3428; x_wconf 83' lang='grc' dir='ltr'>μένων</span> <span class='ocrx_word' id='word_1_568' title='bbox 2735 3359 2986 3429; x_wconf 74' lang='grc' dir='ltr'>εἰρήνηνε</span> <span class='ocrx_word' id='word_1_569' title='bbox 3030 3377 3048 3406; x_wconf 71' lang='grc' dir='ltr'><strong>ι</strong></span> <span class='ocrx_word' id='word_1_570' title='bbox 3088 3357 3239 3409; x_wconf 85' lang='grc' dir='ltr'>Ἐπει</span> <span class='ocrx_word' id='word_1_571' title='bbox 3286 3355 3485 3415; x_wconf 82' lang='grc' dir='ltr'>τοίνυν,</span> <span class='ocrx_word' id='word_1_572' title='bbox 3520 3352 3689 3406; x_wconf 84' lang='grc' dir='ltr'>πολλὰ</span> <span class='ocrx_word' id='word_1_573' title='bbox 3734 3354 4089 3424; x_wconf 76' lang='grc' dir='ltr'>κεκμηκότες.</span> 
     </span>
    </p>
   </div>
   <div class='ocr_carea' id='block_1_76' title="bbox 2526 3443 4080 3515">
    <p class='ocr_par' dir='ltr' id='par_1_76' title="bbox 2526 3443 4080 3515">
     <span class='ocr_line' id='line_1_76' title="bbox 2526 3443 4080 3515; baseline -0.005 -12"><span class='ocrx_word' id='word_1_574' title='bbox 2526 3451 2619 3504; x_wconf 70' lang='grc' dir='ltr'>καὶ</span> <span class='ocrx_word' id='word_1_575' title='bbox 2656 3451 2782 3514; x_wconf 84' lang='grc' dir='ltr'><strong>τούς</strong></span> <span class='ocrx_word' id='word_1_576' title='bbox 2816 3451 2879 3502; x_wconf 78' lang='grc' dir='ltr'><strong>ἐκ</strong></span> <span class='ocrx_word' id='word_1_577' title='bbox 2926 3447 3035 3501; x_wconf 91' lang='grc' dir='ltr'><strong>τῶν</strong></span> <span class='ocrx_word' id='word_1_578' title='bbox 3066 3449 3308 3502; x_wconf 74' lang='grc' dir='ltr'>ἀπίστων</span> <span class='ocrx_word' id='word_1_579' title='bbox 3342 3447 3509 3500; x_wconf 89' lang='grc' dir='ltr'>ἐθνῶν</span> <span class='ocrx_word' id='word_1_580' title='bbox 3551 3446 3820 3515; x_wconf 82' lang='grc' dir='ltr'>διωγμοὺς</span> <span class='ocrx_word' id='word_1_581' title='bbox 3872 3443 4080 3514; x_wconf 66' lang='grc' dir='ltr'>ὐπομείρ</span> 
     </span>
    </p>
   </div>
   <div class='ocr_carea' id='block_1_77' title="bbox 2521 3537 4073 3612">
    <p class='ocr_par' dir='ltr' id='par_1_77' title="bbox 2521 3537 4073 3612">
     <span class='ocr_line' id='line_1_77' title="bbox 2521 3537 4073 3612; baseline -0.004 -18"><span class='ocrx_word' id='word_1_582' title='bbox 2521 3560 2727 3606; x_wconf 88' lang='grc' dir='ltr'>ναντες,</span> <span class='ocrx_word' id='word_1_583' title='bbox 2753 3542 2926 3612; x_wconf 85' lang='grc' dir='ltr'>δεσμά</span> <span class='ocrx_word' id='word_1_584' title='bbox 2957 3558 3016 3594; x_wconf 91' lang='grc' dir='ltr'><strong>τε</strong></span> <span class='ocrx_word' id='word_1_585' title='bbox 3055 3543 3149 3594; x_wconf 72' lang='grc' dir='ltr'><strong>καὶ</strong></span> <span class='ocrx_word' id='word_1_586' title='bbox 3189 3539 3434 3609; x_wconf 77' lang='grc' dir='ltr'>φυλακὰς</span> <span class='ocrx_word' id='word_1_587' title='bbox 3459 3539 3553 3592; x_wconf 48' lang='grc' dir='ltr'><strong>καὶ⁹</strong></span> <span class='ocrx_word' id='word_1_588' title='bbox 3580 3539 3839 3599; x_wconf 75' lang='grc' dir='ltr'>παντοίας</span> <span class='ocrx_word' id='word_1_589' title='bbox 3875 3537 4073 3590; x_wconf 74' lang='grc' dir='ltr'>ἐπιϐου-</span> 
     </span>
    </p>
   </div>
   <div class='ocr_carea' id='block_1_78' title="bbox 2520 3625 4088 3703">
    <p class='ocr_par' dir='ltr' id='par_1_78' title="bbox 2520 3625 4088 3703">
     <span class='ocr_line' id='line_1_78' title="bbox 2520 3625 4088 3703; baseline -0.004 -18"><span class='ocrx_word' id='word_1_590' title='bbox 2520 3631 2634 3696; x_wconf 80' lang='grc' dir='ltr'><strong>λάς,</strong></span> <span class='ocrx_word' id='word_1_591' title='bbox 2672 3631 3016 3703; x_wconf 80' lang='grc' dir='ltr'>ἀδιάτρεπτοι</span> <span class='ocrx_word' id='word_1_592' title='bbox 3046 3633 3411 3700; x_wconf 85' lang='grc' dir='ltr'>μεμενήκασιν</span> <span class='ocrx_word' id='word_1_593' title='bbox 3435 3647 3448 3660; x_wconf 88' lang='grc'><strong>·</strong></span> <span class='ocrx_word' id='word_1_594' title='bbox 3476 3630 3702 3692; x_wconf 88' lang='grc' dir='ltr'>εἰκότως</span> <span class='ocrx_word' id='word_1_595' title='bbox 3725 3628 3818 3680; x_wconf 77' lang='grc' dir='ltr'><strong>τὸν</strong></span> <span class='ocrx_word' id='word_1_596' title='bbox 3849 3625 4088 3696; x_wconf 84' lang='grc' dir='ltr'>δυναμὼ-</span> 
     </span>
    </p>
   </div>
   <div class='ocr_carea' id='block_1_79' title="bbox 2523 3721 4089 3793">
    <p class='ocr_par' dir='ltr' id='par_1_79' title="bbox 2523 3721 4089 3793">
     <span class='ocr_line' id='line_1_79' title="bbox 2523 3721 4089 3793; baseline -0.001 -18"><span class='ocrx_word' id='word_1_597' title='bbox 2523 3739 2691 3776; x_wconf 89' lang='grc' dir='ltr'>σαντα</span> <span class='ocrx_word' id='word_1_598' title='bbox 2710 3723 2926 3786; x_wconf 75' lang='grc' dir='ltr'>αὐτοὺς,</span> <span class='ocrx_word' id='word_1_599' title='bbox 2949 3723 3042 3774; x_wconf 71' lang='grc' dir='ltr'>καὶ</span> <span class='ocrx_word' id='word_1_600' title='bbox 3064 3723 3161 3792; x_wconf 85' lang='grc' dir='ltr'>τὴν</span> <span class='ocrx_word' id='word_1_601' title='bbox 3189 3723 3286 3791; x_wconf 79' lang='grc' dir='ltr'>μὲν</span> <span class='ocrx_word' id='word_1_602' title='bbox 3305 3721 3482 3793; x_wconf 74' lang='grc' dir='ltr'>ψυχὴν</span> <span class='ocrx_word' id='word_1_603' title='bbox 3505 3724 3584 3785; x_wconf 81' lang='grc' dir='ltr'><strong>εἰς</strong></span> <span class='ocrx_word' id='word_1_604' title='bbox 3605 3721 3748 3793; x_wconf 78' lang='grc' dir='ltr'>ζωὴν</span> <span class='ocrx_word' id='word_1_605' title='bbox 3769 3722 4089 3790; x_wconf 66' lang='grc' dir='ltr'>φυλάξαντα,</span> 
     </span>
    </p>
   </div>
   <div class='ocr_carea' id='block_1_80' title="bbox 2520 3810 4085 3881">
    <p class='ocr_par' dir='ltr' id='par_1_80' title="bbox 2520 3810 4085 3881">
     <span class='ocr_line' id='line_1_80' title="bbox 2520 3810 4085 3881; baseline -0.001 -16"><span class='ocrx_word' id='word_1_606' title='bbox 2520 3812 2594 3873; x_wconf 84' lang='grc' dir='ltr'><strong>ὡς</strong></span> <span class='ocrx_word' id='word_1_607' title='bbox 2647 3810 2721 3880; x_wconf 81' lang='grc' dir='ltr'>μὴ</span> <span class='ocrx_word' id='word_1_608' title='bbox 2770 3812 3020 3862; x_wconf 78' lang='grc' dir='ltr'>ἐκπεσεῖν</span> <span class='ocrx_word' id='word_1_609' title='bbox 3067 3810 3236 3879; x_wconf 81' lang='grc' dir='ltr'>αὐτὴν</span> <span class='ocrx_word' id='word_1_610' title='bbox 3265 3810 3344 3874; x_wconf 85' lang='grc' dir='ltr'>εἰς</span> <span class='ocrx_word' id='word_1_611' title='bbox 3375 3810 3465 3862; x_wconf 82' lang='grc' dir='ltr'>τὸν</span> <span class='ocrx_word' id='word_1_612' title='bbox 3505 3811 3601 3880; x_wconf 81' lang='grc' dir='ltr'>τῆς</span> <span class='ocrx_word' id='word_1_613' title='bbox 3631 3811 3902 3881; x_wconf 79' lang='grc' dir='ltr'>ἁμαρτίας</span> <span class='ocrx_word' id='word_1_614' title='bbox 3934 3810 4085 3864; x_wconf 69' lang='grc' dir='ltr'>θάναη</span> 
     </span>
    </p>
   </div>
   <div class='ocr_carea' id='block_1_81' title="bbox 2519 3901 4091 3972">
    <p class='ocr_par' dir='ltr' id='par_1_81' title="bbox 2519 3901 4091 3972">
     <span class='ocr_line' id='line_1_81' title="bbox 2519 3901 4091 3972; baseline 0 -18"><span class='ocrx_word' id='word_1_615' title='bbox 2519 3919 2629 3965; x_wconf 85' lang='grc' dir='ltr'>τον,</span> <span class='ocrx_word' id='word_1_616' title='bbox 2669 3903 2794 3965; x_wconf 87' lang='grc' dir='ltr'><strong>τούς</strong></span> <span class='ocrx_word' id='word_1_617' title='bbox 2825 3902 2882 3953; x_wconf 76' lang='grc' dir='ltr'><strong>δέ</strong></span> <span class='ocrx_word' id='word_1_618' title='bbox 2913 3901 3078 3964; x_wconf 88' lang='grc' dir='ltr'>πόδας</span> <span class='ocrx_word' id='word_1_619' title='bbox 3117 3901 3294 3955; x_wconf 87' lang='grc' dir='ltr'>αὐτῶν</span> <span class='ocrx_word' id='word_1_620' title='bbox 3339 3902 3596 3971; x_wconf 64' lang='grc' dir='ltr'>στερροὺς</span> <span class='ocrx_word' id='word_1_621' title='bbox 3643 3902 4091 3972; x_wconf 71' lang='grc' dir='ltr'>ἀπεργασάμενον</span> 
     </span>
    </p>
   </div>
   <div class='ocr_carea' id='block_1_82' title="bbox 2521 3991 4090 4064">
    <p class='ocr_par' dir='ltr' id='par_1_82' title="bbox 2521 3991 4090 4064">
     <span class='ocr_line' id='line_1_82' title="bbox 2521 3991 4090 4064; baseline -0.001 -17"><span class='ocrx_word' id='word_1_622' title='bbox 2521 3994 2655 4064; x_wconf 85' lang='grc' dir='ltr'>πρὸς</span> <span class='ocrx_word' id='word_1_623' title='bbox 2686 3994 2744 4046; x_wconf 85' lang='grc' dir='ltr'>τὸ</span> <span class='ocrx_word' id='word_1_624' title='bbox 2778 3992 2852 4062; x_wconf 80' lang='grc' dir='ltr'>μὴ</span> <span class='ocrx_word' id='word_1_625' title='bbox 2879 3992 3037 4046; x_wconf 88' lang='grc' dir='ltr'>σάλον</span> <span class='ocrx_word' id='word_1_626' title='bbox 3067 3992 3373 4062; x_wconf 79' lang='grc' dir='ltr'>ὑπομεῖναι,</span> <span class='ocrx_word' id='word_1_627' title='bbox 3414 3992 3546 4063; x_wconf 87' lang='grc' dir='ltr'><strong>μηδέ</strong></span> <span class='ocrx_word' id='word_1_628' title='bbox 3591 3992 3802 4044; x_wconf 74' lang='grc' dir='ltr'>ὄλισθον</span> <span class='ocrx_word' id='word_1_629' title='bbox 3827 3993 3922 4046; x_wconf 74' lang='grc' dir='ltr'>καὶ</span> <span class='ocrx_word' id='word_1_630' title='bbox 3953 3991 4090 4045; x_wconf 78' lang='grc' dir='ltr'><strong>π·τῶ-</strong></span> 
     </span>
    </p>
   </div>
   <div class='ocr_carea' id='block_1_83' title="bbox 2522 4083 4089 4156">
    <p class='ocr_par' dir='ltr' id='par_1_83' title="bbox 2522 4083 4089 4156">
     <span class='ocr_line' id='line_1_83' title="bbox 2522 4083 4089 4156; baseline 0.001 -19"><span class='ocrx_word' id='word_1_631' title='bbox 2522 4102 2624 4149; x_wconf 93' lang='grc' dir='ltr'>σιν,</span> <span class='ocrx_word' id='word_1_632' title='bbox 2650 4084 2887 4153; x_wconf 83' lang='grc' dir='ltr'>εὐλογεῖν</span> <span class='ocrx_word' id='word_1_633' title='bbox 2923 4087 3056 4138; x_wconf 78' lang='grc' dir='ltr'>πᾶσι</span> <span class='ocrx_word' id='word_1_634' title='bbox 3087 4087 3200 4148; x_wconf 88' lang='grc' dir='ltr'>τοῖς</span> <span class='ocrx_word' id='word_1_635' title='bbox 3241 4085 3415 4137; x_wconf 77' lang='grc' dir='ltr'>ἔθνεσι</span> <span class='ocrx_word' id='word_1_636' title='bbox 3462 4083 3945 4156; x_wconf 85' lang='grc' dir='ltr'>παρακελεύονται,</span> <span class='ocrx_word' id='word_1_637' title='bbox 3973 4083 4089 4148; x_wconf 75' lang='grc' dir='ltr'>ἐξά-</span> 
     </span>
    </p>
   </div>
   <div class='ocr_carea' id='block_1_84' title="bbox 2521 4175 4092 4247">
    <p class='ocr_par' dir='ltr' id='par_1_84' title="bbox 2521 4175 4092 4247">
     <span class='ocr_line' id='line_1_84' title="bbox 2521 4175 4092 4247; baseline -0.001 -17"><span class='ocrx_word' id='word_1_638' title='bbox 2521 4178 2742 4231; x_wconf 83' lang='grc' dir='ltr'>κουστόν</span> <span class='ocrx_word' id='word_1_639' title='bbox 2782 4194 2845 4246; x_wconf 90' lang='grc' dir='ltr'>γε</span> <span class='ocrx_word' id='word_1_640' title='bbox 2895 4179 3066 4230; x_wconf 87' lang='grc' dir='ltr'>ποιεῖν</span> <span class='ocrx_word' id='word_1_641' title='bbox 3118 4176 3214 4247; x_wconf 83' lang='grc' dir='ltr'>τὴν</span> <span class='ocrx_word' id='word_1_642' title='bbox 3264 4177 3446 4247; x_wconf 79' lang='grc' dir='ltr'>φωνὴν</span> <span class='ocrx_word' id='word_1_643' title='bbox 3479 4175 3578 4244; x_wconf 77' lang='grc' dir='ltr'>τῆς</span> <span class='ocrx_word' id='word_1_644' title='bbox 3612 4176 3869 4239; x_wconf 78' lang='grc' dir='ltr'>αἰνέσεως</span> <span class='ocrx_word' id='word_1_645' title='bbox 3909 4175 4092 4239; x_wconf 80' lang='grc' dir='ltr'>αὐτοῦ,</span> 
     </span>
    </p>
   </div>
   <div class='ocr_carea' id='block_1_85' title="bbox 2520 4267 4100 4338">
    <p class='ocr_par' dir='ltr' id='par_1_85' title="bbox 2520 4267 4100 4338">
     <span class='ocr_line' id='line_1_85' title="bbox 2520 4267 4100 4338; baseline 0 -16"><span class='ocrx_word' id='word_1_646' title='bbox 2520 4270 2618 4322; x_wconf 88' lang='grc' dir='ltr'><strong>οὐκ</strong></span> <span class='ocrx_word' id='word_1_647' title='bbox 2661 4268 2753 4322; x_wconf 69' lang='grc' dir='ltr'>ἐπὶ</span> <span class='ocrx_word' id='word_1_648' title='bbox 2803 4269 2982 4338; x_wconf 88' lang='grc' dir='ltr'>μόνοις</span> <span class='ocrx_word' id='word_1_649' title='bbox 3031 4270 3142 4332; x_wconf 90' lang='grc' dir='ltr'>τοῖς</span> <span class='ocrx_word' id='word_1_650' title='bbox 3191 4267 3441 4330; x_wconf 87' lang='grc' dir='ltr'>παλαιοῖς</span> <span class='ocrx_word' id='word_1_651' title='bbox 3466 4268 3628 4321; x_wconf 82' lang='grc' dir='ltr'>αὐτοῦ</span> <span class='ocrx_word' id='word_1_652' title='bbox 3656 4268 3975 4338; x_wconf 80' lang='grc' dir='ltr'>παραδόξοις</span> <span class='ocrx_word' id='word_1_653' title='bbox 4004 4268 4100 4322; x_wconf 83' lang='grc' dir='ltr'>καὶ</span> 
     </span>
    </p>
   </div>
   <div class='ocr_carea' id='block_1_86' title="bbox 859 4357 4094 4433">
    <p class='ocr_par' dir='ltr' id='par_1_86' title="bbox 859 4357 4094 4433">
     <span class='ocr_line' id='line_1_86' title="bbox 859 4357 4094 4433; baseline 0 -20"><span class='ocrx_word' id='word_1_654' title='bbox 859 4359 1106 4431; x_wconf 71' lang='grc' dir='ltr'>φοϐεροῖς</span> <span class='ocrx_word' id='word_1_655' title='bbox 1128 4359 1326 4432; x_wconf 74' lang='grc' dir='ltr'>ἔργοις,</span> <span class='ocrx_word' id='word_1_656' title='bbox 1359 4359 1494 4413; x_wconf 89' lang='grc' dir='ltr'><strong>ἀλλά</strong></span> <span class='ocrx_word' id='word_1_657' title='bbox 1518 4360 1611 4414; x_wconf 73' lang='grc' dir='ltr'>καὶ</span> <span class='ocrx_word' id='word_1_658' title='bbox 1643 4361 1734 4414; x_wconf 75' lang='grc' dir='ltr'>ἐπὶ</span> <span class='ocrx_word' id='word_1_659' title='bbox 1762 4364 1872 4425; x_wconf 90' lang='grc' dir='ltr'>τοῖς</span> <span class='ocrx_word' id='word_1_660' title='bbox 1899 4361 2040 4426; x_wconf 85' lang='grc' dir='ltr'>νέοις</span> <span class='ocrx_word' id='word_1_661' title='bbox 2063 4363 2308 4433; x_wconf 81' lang='grc' dir='ltr'>ἀγαθοῖς,</span> <span class='ocrx_word' id='word_1_662' title='bbox 2339 4365 2423 4433; x_wconf 85' lang='grc' dir='ltr'>ἐφ’</span> <span class='ocrx_word' id='word_1_663' title='bbox 2461 4357 2540 4426; x_wconf 78' lang='grc' dir='ltr'>οἷς</span> <span class='ocrx_word' id='word_1_664' title='bbox 2602 4363 2700 4433; x_wconf 80' lang='grc' dir='ltr'>τὴν</span> <span class='ocrx_word' id='word_1_665' title='bbox 2732 4361 2906 4433; x_wconf 74' lang='grc' dir='ltr'>ψυχὴν</span> <span class='ocrx_word' id='word_1_666' title='bbox 2970 4361 3078 4414; x_wconf 88' lang='grc' dir='ltr'><strong>τῶν</strong></span> <span class='ocrx_word' id='word_1_667' title='bbox 3108 4359 3282 4414; x_wconf 86' lang='grc' dir='ltr'>ταῦτα</span> <span class='ocrx_word' id='word_1_668' title='bbox 3306 4361 3568 4430; x_wconf 89' lang='grc' dir='ltr'>λεγόντων</span> <span class='ocrx_word' id='word_1_669' title='bbox 3613 4361 3766 4414; x_wconf 74' lang='grc' dir='ltr'>ἑθετο</span> <span class='ocrx_word' id='word_1_670' title='bbox 3806 4364 3886 4424; x_wconf 85' lang='grc' dir='ltr'><strong>εἰς</strong></span> <span class='ocrx_word' id='word_1_671' title='bbox 3930 4363 4094 4433; x_wconf 79' lang='grc' dir='ltr'>ζωὴν,</span> 
     </span>
    </p>
   </div>
   <div class='ocr_carea' id='block_1_87' title="bbox 862 4448 4098 4527">
    <p class='ocr_par' dir='ltr' id='par_1_87' title="bbox 862 4448 4098 4527">
     <span class='ocr_line' id='line_1_87' title="bbox 862 4448 4098 4527; baseline -0 -18"><span class='ocrx_word' id='word_1_672' title='bbox 862 4456 936 4525; x_wconf 82' lang='grc' dir='ltr'>μὴ</span> <span class='ocrx_word' id='word_1_673' title='bbox 978 4455 1098 4518; x_wconf 72' lang='grc' dir='ltr'><strong>δούς</strong></span> <span class='ocrx_word' id='word_1_674' title='bbox 1146 4456 1226 4519; x_wconf 88' lang='grc' dir='ltr'><strong>εἰς</strong></span> <span class='ocrx_word' id='word_1_675' title='bbox 1275 4457 1434 4520; x_wconf 67' lang='grc' dir='ltr'><strong>σάλον¹</strong></span> <span class='ocrx_word' id='word_1_676' title='bbox 1475 4448 1647 4525; x_wconf 76' lang='grc' dir='ltr'>τοὺς¹</span> <span class='ocrx_word' id='word_1_677' title='bbox 1684 4456 1848 4520; x_wconf 81' lang='grc' dir='ltr'>πόδας</span> <span class='ocrx_word' id='word_1_678' title='bbox 1876 4457 2086 4516; x_wconf 49' lang='grc' dir='ltr'>αὐτῶν,</span> <span class='ocrx_word' id='word_1_679' title='bbox 2107 4459 2198 4512; x_wconf 80' lang='grc' dir='ltr'><strong>Διὸ</strong></span> <span class='ocrx_word' id='word_1_680' title='bbox 2230 4459 2369 4513; x_wconf 86' lang='grc' dir='ltr'><strong>κατά</strong></span> <span class='ocrx_word' id='word_1_681' title='bbox 2396 4459 2485 4512; x_wconf 80' lang='grc' dir='ltr'>τὸν</span> <span class='ocrx_word' id='word_1_682' title='bbox 2525 4457 2815 4527; x_wconf 85' lang='grc' dir='ltr'>Σύμμαχον</span> <span class='ocrx_word' id='word_1_683' title='bbox 2845 4454 3219 4526; x_wconf 86' lang='grc' dir='ltr'>πληθυντικῶς</span> <span class='ocrx_word' id='word_1_684' title='bbox 3253 4455 3488 4526; x_wconf 71' lang='grc' dir='ltr'>εἴρηται·</span> <span class='ocrx_word' id='word_1_685' title='bbox 3533 4473 3552 4506; x_wconf 78' lang='grc' dir='ltr'><strong>ι</strong></span> <span class='ocrx_word' id='word_1_686' title='bbox 3579 4455 3686 4509; x_wconf 91' lang='grc' dir='ltr'>Τοῦ</span> <span class='ocrx_word' id='word_1_687' title='bbox 3716 4455 3974 4522; x_wconf 78' lang='grc' dir='ltr'>τάξαντος</span> <span class='ocrx_word' id='word_1_688' title='bbox 3997 4455 4098 4526; x_wconf 79' lang='grc' dir='ltr'>τὴν</span> 
     </span>
    </p>
   </div>
   <div class='ocr_carea' id='block_1_88' title="bbox 859 4544 3751 4621">
    <p class='ocr_par' dir='ltr' id='par_1_88' title="bbox 859 4544 3751 4621">
     <span class='ocr_line' id='line_1_88' title="bbox 859 4544 3751 4621; baseline -0.008 -7"><span class='ocrx_word' id='word_1_689' title='bbox 859 4544 1032 4618; x_wconf 73' lang='grc' dir='ltr'>ψυχὴν</span> <span class='ocrx_word' id='word_1_690' title='bbox 1064 4548 1218 4615; x_wconf 66' lang='grc' dir='ltr'>ἡμῶν</span> <span class='ocrx_word' id='word_1_691' title='bbox 1246 4549 1330 4610; x_wconf 69' lang='grc' dir='ltr'><strong>εἰς</strong></span> <span class='ocrx_word' id='word_1_692' title='bbox 1352 4546 1515 4618; x_wconf 75' lang='grc' dir='ltr'>ζωὴν,</span> <span class='ocrx_word' id='word_1_693' title='bbox 1543 4549 1635 4603; x_wconf 75' lang='grc' dir='ltr'>καὶ</span> <span class='ocrx_word' id='word_1_694' title='bbox 1665 4549 1739 4620; x_wconf 75' lang='grc' dir='ltr'>μὴ</span> <span class='ocrx_word' id='word_1_695' title='bbox 1770 4547 1950 4611; x_wconf 81' lang='grc' dir='ltr'>δόντος</span> <span class='ocrx_word' id='word_1_696' title='bbox 1998 4549 2261 4621; x_wconf 79' lang='grc' dir='ltr'>σφαλῆναι</span> <span class='ocrx_word' id='word_1_697' title='bbox 2291 4552 2416 4614; x_wconf 85' lang='grc' dir='ltr'>τούς</span> <span class='ocrx_word' id='word_1_698' title='bbox 2455 4551 2621 4611; x_wconf 81' lang='grc' dir='ltr'>πόδας</span> <span class='ocrx_word' id='word_1_699' title='bbox 2648 4548 2821 4619; x_wconf 76' lang='grc' dir='ltr'>ἡμῶν.</span> <span class='ocrx_word' id='word_1_700' title='bbox 3746 4571 3751 4576; x_wconf 82' lang='lat'><strong><em>~</em></strong></span> 
     </span>
    </p>
   </div>
   <div class='ocr_carea' id='block_1_89' title="bbox 930 4655 2668 4736">
    <p class='ocr_par' dir='ltr' id='par_1_89' title="bbox 930 4655 2668 4736">
     <span class='ocr_line' id='line_1_89' title="bbox 930 4655 2668 4736; baseline 0.006 -25"><span class='ocrx_word' id='word_1_701' title='bbox 930 4655 1095 4714; x_wconf 60' lang='grc' dir='ltr'>νινε.</span> <span class='ocrx_word' id='word_1_702' title='bbox 1130 4659 1318 4713; x_wconf 70' lang='grc' dir='ltr'>ιο-ιδ.</span> <span class='ocrx_word' id='word_1_703' title='bbox 1353 4675 1372 4711; x_wconf 70' lang='grc' dir='ltr'><strong>ι</strong></span> <span class='ocrx_word' id='word_1_704' title='bbox 1400 4660 1666 4726; x_wconf 80' lang='lat' dir='ltr'><strong>Quoniam</strong></span> <span class='ocrx_word' id='word_1_705' title='bbox 1696 4662 1937 4733; x_wconf 85' lang='lat' dir='ltr'><strong>probasti</strong></span> <span class='ocrx_word' id='word_1_706' title='bbox 1965 4678 2084 4730; x_wconf 83' lang='lat' dir='ltr'><strong>nos,</strong></span> <span class='ocrx_word' id='word_1_707' title='bbox 2111 4663 2274 4732; x_wconf 78' lang='lat' dir='ltr'><strong>Deus,</strong></span> <span class='ocrx_word' id='word_1_708' title='bbox 2297 4667 2420 4736; x_wconf 89' lang='lat' dir='ltr'><strong>igne</strong></span> <span class='ocrx_word' id='word_1_709' title='bbox 2449 4669 2496 4726; x_wconf 94' lang='lat' dir='ltr'><strong>D</strong></span> <span class='ocrx_word' id='word_1_710' title='bbox 2598 4664 2668 4713; x_wconf 71' lang='grc' dir='ltr'><strong>«Ἴ</strong></span> 
     </span>
    </p>
   </div>
   <div class='ocr_carea' id='block_1_90' title="bbox 2355 4655 4093 4736">
    <p class='ocr_par' dir='ltr' id='par_1_90' title="bbox 2355 4655 4093 4729">
     <span class='ocr_line' id='line_1_90' title="bbox 2355 4655 4093 4729; baseline -0.008 -10"><span class='ocrx_word' id='word_1_711' title='bbox 2355 4682 2420 4721; x_wconf 88' lang='lat' dir='ltr'><strong>ne</strong></span> <span class='ocrx_word' id='word_1_712' title='bbox 2449 4669 2496 4726; x_wconf 91' lang='lat' dir='ltr'><strong>D</strong></span> <span class='ocrx_word' id='word_1_713' title='bbox 2598 4683 2614 4713; x_wconf 76' lang='grc' dir='ltr'><strong>ι</strong></span> <span class='ocrx_word' id='word_1_714' title='bbox 2631 4664 2751 4715; x_wconf 83' lang='grc' dir='ltr'>’Ὁτι</span> <span class='ocrx_word' id='word_1_715' title='bbox 2773 4659 3094 4729; x_wconf 77' lang='grc' dir='ltr'>ἐδοκίμασας</span> <span class='ocrx_word' id='word_1_716' title='bbox 3113 4659 3280 4728; x_wconf 77' lang='grc' dir='ltr'>ἡμᾶς,</span> <span class='ocrx_word' id='word_1_717' title='bbox 3301 4658 3330 4710; x_wconf 86' lang='grc' dir='ltr'><strong>ό</strong></span> <span class='ocrx_word' id='word_1_718' title='bbox 3349 4657 3500 4720; x_wconf 85' lang='grc' dir='ltr'>Θεὸς,</span> <span class='ocrx_word' id='word_1_719' title='bbox 3519 4655 3809 4726; x_wconf 86' lang='grc' dir='ltr'>ἐπύρωσας</span> <span class='ocrx_word' id='word_1_720' title='bbox 3831 4655 3997 4726; x_wconf 76' lang='grc' dir='ltr'>ἡμᾶς,</span> <span class='ocrx_word' id='word_1_721' title='bbox 4019 4655 4093 4718; x_wconf 78' lang='grc' dir='ltr'><strong>ὡς</strong></span> 
     </span>
    </p>
   </div>
   <div class='ocr_carea' id='block_1_91' title="bbox 860 4749 2420 4825">
    <p class='ocr_par' dir='ltr' id='par_1_91' title="bbox 860 4749 2420 4825">
     <span class='ocr_line' id='line_1_91' title="bbox 860 4749 2420 4825; baseline 0.004 -21"><span class='ocrx_word' id='word_1_722' title='bbox 860 4764 962 4806; x_wconf 75' lang='grc' dir='ltr'>ποι</span> <span class='ocrx_word' id='word_1_723' title='bbox 1007 4749 1333 4804; x_wconf 74' lang='lat' dir='ltr'><strong>evaminasti</strong></span> <span class='ocrx_word' id='word_1_724' title='bbox 1355 4753 1548 4812; x_wconf 81' lang='lat' dir='ltr'><strong>,‘sicut</strong></span> <span class='ocrx_word' id='word_1_725' title='bbox 1580 4755 1921 4808; x_wconf 70' lang='lat' dir='ltr'><strong>examinum</strong></span> <span class='ocrx_word' id='word_1_726' title='bbox 1949 4761 2267 4825; x_wconf 43' lang='lat' dir='ltr'><strong>argentum,</strong></span> <span class='ocrx_word' id='word_1_727' title='bbox 2296 4775 2320 4808; x_wconf 68' lang='grc' dir='ltr'><strong>ι</strong></span> <span class='ocrx_word' id='word_1_728' title='bbox 2355 4755 2420 4810; x_wconf 85' lang='lat' dir='ltr'><strong>Et</strong></span> 
     </span>
    </p>
   </div>
   <div class='ocr_carea' id='block_1_92' title="bbox 861 4841 2418 4917">
    <p class='ocr_par' dir='ltr' id='par_1_92' title="bbox 861 4841 2418 4917">
     <span class='ocr_line' id='line_1_92' title="bbox 861 4841 2418 4917; baseline 0.003 -21"><span class='ocrx_word' id='word_1_729' title='bbox 861 4841 976 4896; x_wconf 73' lang='lat' dir='ltr'><strong>lucc</strong></span> <span class='ocrx_word' id='word_1_730' title='bbox 1004 4849 1400 4910; x_wconf 86' lang='lat' dir='ltr'><strong>consequenter</strong></span> <span class='ocrx_word' id='word_1_731' title='bbox 1429 4843 1494 4897; x_wconf 86' lang='lat' dir='ltr'><strong>ad</strong></span> <span class='ocrx_word' id='word_1_732' title='bbox 1524 4845 1808 4913; x_wconf 80' lang='lat' dir='ltr'><strong>superiora</strong></span> <span class='ocrx_word' id='word_1_733' title='bbox 1836 4846 1981 4902; x_wconf 88' lang='lat' dir='ltr'><strong>dicta</strong></span> <span class='ocrx_word' id='word_1_734' title='bbox 2011 4855 2160 4902; x_wconf 89' lang='lat' dir='ltr'><strong>sunt.</strong></span> <span class='ocrx_word' id='word_1_735' title='bbox 2192 4846 2418 4917; x_wconf 86' lang='lat' dir='ltr'><strong>Oporte-</strong></span> 
     </span>
    </p>
   </div>
   <div class='ocr_carea' id='block_1_93' title="bbox 861 4932 2417 5009">
    <p class='ocr_par' dir='ltr' id='par_1_93' title="bbox 861 4932 2417 5009">
     <span class='ocr_line' id='line_1_93' title="bbox 861 4932 2417 5009; baseline 0.006 -24"><span class='ocrx_word' id='word_1_736' title='bbox 861 4932 953 4986; x_wconf 79' lang='lat' dir='ltr'><strong>bat</strong></span> <span class='ocrx_word' id='word_1_737' title='bbox 978 4933 1121 4988; x_wconf 88' lang='lat' dir='ltr'><strong>enim</strong></span> <span class='ocrx_word' id='word_1_738' title='bbox 1151 4932 1366 4988; x_wconf 86' lang='lat' dir='ltr'><strong>edoceri</strong></span> <span class='ocrx_word' id='word_1_739' title='bbox 1402 4949 1503 4988; x_wconf 90' lang='lat' dir='ltr'><strong>nos</strong></span> <span class='ocrx_word' id='word_1_740' title='bbox 1531 4945 1640 5003; x_wconf 91' lang='lat' dir='ltr'><strong>quo</strong></span> <span class='ocrx_word' id='word_1_741' title='bbox 1679 4945 1837 5004; x_wconf 83' lang='lat' dir='ltr'><strong>pacto</strong></span> <span class='ocrx_word' id='word_1_742' title='bbox 1890 4938 2035 4995; x_wconf 81' lang='lat' dir='ltr'><strong>Deus</strong></span> <span class='ocrx_word' id='word_1_743' title='bbox 2070 4940 2315 5009; x_wconf 88' lang='lat' dir='ltr'><strong>posuerit</strong></span> <span class='ocrx_word' id='word_1_744' title='bbox 2350 4939 2417 4994; x_wconf 91' lang='lat' dir='ltr'><strong>ad</strong></span> 
     </span>
    </p>
   </div>
   <div class='ocr_carea' id='block_1_94' title="bbox 861 5021 2419 5100">
    <p class='ocr_par' dir='ltr' id='par_1_94' title="bbox 861 5021 2419 5100">
     <span class='ocr_line' id='line_1_94' title="bbox 861 5021 2419 5100; baseline 0.004 -24"><span class='ocrx_word' id='word_1_745' title='bbox 861 5021 1024 5077; x_wconf 81' lang='lat' dir='ltr'><strong>vitam</strong></span> <span class='ocrx_word' id='word_1_746' title='bbox 1055 5024 1288 5078; x_wconf 91' lang='lat' dir='ltr'><strong>animam</strong></span> <span class='ocrx_word' id='word_1_747' title='bbox 1311 5039 1500 5081; x_wconf 89' lang='lat' dir='ltr'><strong>eorum</strong></span> <span class='ocrx_word' id='word_1_748' title='bbox 1529 5025 1622 5095; x_wconf 88' lang='lat' dir='ltr'><strong>qui</strong></span> <span class='ocrx_word' id='word_1_749' title='bbox 1646 5027 1758 5080; x_wconf 65' lang='lat' dir='ltr'><strong>hac</strong></span> <span class='ocrx_word' id='word_1_750' title='bbox 1779 5027 2044 5095; x_wconf 81' lang='lat' dir='ltr'><strong>dicerent,</strong></span> <span class='ocrx_word' id='word_1_751' title='bbox 2069 5037 2124 5084; x_wconf 89' lang='lat' dir='ltr'><strong>et</strong></span> <span class='ocrx_word' id='word_1_752' title='bbox 2145 5029 2419 5100; x_wconf 90' lang='lat' dir='ltr'><strong>quomodo</strong></span> 
     </span>
    </p>
   </div>
   <div class='ocr_carea' id='block_1_95' title="bbox 862 5114 2415 5184">
    <p class='ocr_par' dir='ltr' id='par_1_95' title="bbox 862 5114 2415 5184">
     <span class='ocr_line' id='line_1_95' title="bbox 862 5114 2415 5184; baseline 0.003 -15"><span class='ocrx_word' id='word_1_753' title='bbox 862 5114 1026 5184; x_wconf 85' lang='lat' dir='ltr'><strong>pedes</strong></span> <span class='ocrx_word' id='word_1_754' title='bbox 1055 5130 1241 5170; x_wconf 84' lang='lat' dir='ltr'><strong>eorum</strong></span> <span class='ocrx_word' id='word_1_755' title='bbox 1293 5132 1400 5172; x_wconf 83' lang='lat' dir='ltr'><strong>non</strong></span> <span class='ocrx_word' id='word_1_756' title='bbox 1447 5117 1658 5173; x_wconf 89' lang='lat' dir='ltr'><strong>dederit</strong></span> <span class='ocrx_word' id='word_1_757' title='bbox 1702 5119 1758 5172; x_wconf 93' lang='lat' dir='ltr'><strong>in</strong></span> <span class='ocrx_word' id='word_1_758' title='bbox 1807 5121 2246 5176; x_wconf 82' lang='lat' dir='ltr'><strong>commotionem.</strong></span> <span class='ocrx_word' id='word_1_759' title='bbox 2280 5119 2415 5174; x_wconf 86' lang='lat' dir='ltr'><strong>Nam</strong></span> 
     </span>
    </p>
   </div>
   <div class='ocr_carea' id='block_1_96' title="bbox 831 5194 2417 5283">
    <p class='ocr_par' dir='ltr' id='par_1_96' title="bbox 831 5194 2417 5283">
     <span class='ocr_line' id='line_1_96' title="bbox 831 5194 2417 5283; baseline 0.001 -19"><span class='ocrx_word' id='word_1_760' title='bbox 831 5262 833 5264; x_wconf 80' lang='lat'><strong>.</strong></span> <span class='ocrx_word' id='word_1_761' title='bbox 861 5206 993 5277; x_wconf 91' lang='lat' dir='ltr'><strong>quid</strong></span> <span class='ocrx_word' id='word_1_762' title='bbox 1027 5207 1377 5272; x_wconf 74' lang='lat' dir='ltr'><strong>admiserant,</strong></span> <span class='ocrx_word' id='word_1_763' title='bbox 1412 5219 1473 5264; x_wconf 89' lang='lat' dir='ltr'><strong>ut</strong></span> <span class='ocrx_word' id='word_1_764' title='bbox 1505 5227 1612 5266; x_wconf 89' lang='lat' dir='ltr'><strong>non</strong></span> <span class='ocrx_word' id='word_1_765' title='bbox 1642 5194 1892 5282; x_wconf 70' lang='lat' dir='ltr'><strong>corpore.</strong></span> <span class='ocrx_word' id='word_1_766' title='bbox 1933 5211 2032 5268; x_wconf 79' lang='lat' dir='ltr'><strong>sed</strong></span> <span class='ocrx_word' id='word_1_767' title='bbox 2061 5215 2241 5269; x_wconf 83' lang='lat' dir='ltr'><strong>anima</strong></span> <span class='ocrx_word' id='word_1_768' title='bbox 2270 5213 2417 5283; x_wconf 89' lang='lat' dir='ltr'><strong>peri-</strong></span> 
     </span>
    </p>
   </div>
   <div class='ocr_carea' id='block_1_97' title="bbox 862 5301 2420 5374">
    <p class='ocr_par' dir='ltr' id='par_1_97' title="bbox 862 5301 2420 5374">
     <span class='ocr_line' id='line_1_97' title="bbox 862 5301 2420 5374; baseline 0.003 -21"><span class='ocrx_word' id='word_1_769' title='bbox 862 5301 969 5354; x_wconf 89' lang='lat' dir='ltr'><strong>turi</strong></span> <span class='ocrx_word' id='word_1_770' title='bbox 997 5307 1208 5364; x_wconf 85' lang='lat' dir='ltr'><strong>essent,</strong></span> <span class='ocrx_word' id='word_1_771' title='bbox 1233 5307 1287 5354; x_wconf 89' lang='lat' dir='ltr'><strong>et</strong></span> <span class='ocrx_word' id='word_1_772' title='bbox 1316 5315 1421 5370; x_wconf 84' lang='lat' dir='ltr'><strong>qua</strong></span> <span class='ocrx_word' id='word_1_773' title='bbox 1454 5301 1521 5357; x_wconf 88' lang='lat' dir='ltr'><strong>de</strong></span> <span class='ocrx_word' id='word_1_774' title='bbox 1553 5317 1718 5358; x_wconf 87' lang='lat' dir='ltr'><strong>causa</strong></span> <span class='ocrx_word' id='word_1_775' title='bbox 1749 5304 1802 5358; x_wconf 92' lang='lat' dir='ltr'><strong>in</strong></span> <span class='ocrx_word' id='word_1_776' title='bbox 1831 5311 2042 5357; x_wconf 90' lang='lat' dir='ltr'><strong>tantum</strong></span> <span class='ocrx_word' id='word_1_777' title='bbox 2075 5305 2301 5374; x_wconf 87' lang='lat' dir='ltr'><strong>periculi</strong></span> <span class='ocrx_word' id='word_1_778' title='bbox 2324 5303 2420 5357; x_wconf 87' lang='lat' dir='ltr'><strong>de-</strong></span> 
     </span>
    </p>
   </div>
   <div class='ocr_carea' id='block_1_98' title="bbox 863 5393 2420 5462">
    <p class='ocr_par' dir='ltr' id='par_1_98' title="bbox 863 5393 2420 5462">
     <span class='ocr_line' id='line_1_98' title="bbox 863 5393 2420 5462; baseline 0.001 -17"><span class='ocrx_word' id='word_1_779' title='bbox 863 5398 1140 5455; x_wconf 74' lang='lat' dir='ltr'><strong>venerant,</strong></span> <span class='ocrx_word' id='word_1_780' title='bbox 1184 5400 1244 5447; x_wconf 83' lang='lat' dir='ltr'><strong>ut</strong></span> <span class='ocrx_word' id='word_1_781' title='bbox 1281 5394 1446 5462; x_wconf 76' lang='lat' dir='ltr'><strong>pedes</strong></span> <span class='ocrx_word' id='word_1_782' title='bbox 1482 5409 1674 5450; x_wconf 85' lang='lat' dir='ltr'><strong>eorum</strong></span> <span class='ocrx_word' id='word_1_783' title='bbox 1714 5394 2091 5451; x_wconf 80' lang='lat' dir='ltr'><strong>commovendi</strong></span> <span class='ocrx_word' id='word_1_784' title='bbox 2123 5402 2330 5458; x_wconf 84' lang='lat' dir='ltr'><strong>essent,</strong></span> <span class='ocrx_word' id='word_1_785' title='bbox 2366 5393 2420 5447; x_wconf 89' lang='lat' dir='ltr'><strong>id</strong></span> 
     </span>
    </p>
   </div>
   <div class='ocr_carea' id='block_1_99' title="bbox 863 5485 2415 5559">
    <p class='ocr_par' dir='ltr' id='par_1_99' title="bbox 863 5485 2415 5559">
     <span class='ocr_line' id='line_1_99' title="bbox 863 5485 2415 5559; baseline 0.001 -22"><span class='ocrx_word' id='word_1_786' title='bbox 863 5485 1171 5555; x_wconf 77' lang='lat' dir='ltr'><strong>singulatim</strong></span> <span class='ocrx_word' id='word_1_787' title='bbox 1218 5495 1496 5551; x_wconf 88' lang='lat' dir='ltr'><strong>enarrant,</strong></span> <span class='ocrx_word' id='word_1_788' title='bbox 1542 5503 1647 5542; x_wconf 79' lang='lat' dir='ltr'><strong>una</strong></span> <span class='ocrx_word' id='word_1_789' title='bbox 1690 5487 1799 5544; x_wconf 84' lang='lat' dir='ltr'><strong>Deo</strong></span> <span class='ocrx_word' id='word_1_790' title='bbox 1839 5489 2046 5559; x_wconf 87' lang='lat' dir='ltr'><strong>gratias</strong></span> <span class='ocrx_word' id='word_1_791' title='bbox 2073 5496 2315 5557; x_wconf 79' lang='lat' dir='ltr'><strong>agentes,</strong></span> <span class='ocrx_word' id='word_1_792' title='bbox 2361 5493 2415 5540; x_wconf 90' lang='lat' dir='ltr'><strong>et</strong></span> 
     </span>
    </p>
   </div>
   <div class='ocr_carea' id='block_1_100' title="bbox 861 5575 2415 5649">
    <p class='ocr_par' dir='ltr' id='par_1_100' title="bbox 861 5575 2415 5649">
     <span class='ocr_line' id='line_1_100' title="bbox 861 5575 2415 5649; baseline -0.001 -21"><span class='ocrx_word' id='word_1_793' title='bbox 861 5586 1045 5629; x_wconf 75' lang='lat' dir='ltr'><strong>eorum</strong></span> <span class='ocrx_word' id='word_1_794' title='bbox 1081 5591 1203 5647; x_wconf 63' lang='lat' dir='ltr'><strong>qua</strong></span> <span class='ocrx_word' id='word_1_795' title='bbox 1237 5578 1386 5647; x_wconf 86' lang='lat' dir='ltr'><strong>passi</strong></span> <span class='ocrx_word' id='word_1_796' title='bbox 1433 5578 1645 5633; x_wconf 69' lang='lat' dir='ltr'><strong>Fuerant</strong></span> <span class='ocrx_word' id='word_1_797' title='bbox 1676 5580 1923 5634; x_wconf 79' lang='lat' dir='ltr'><strong>notitiam</strong></span> <span class='ocrx_word' id='word_1_798' title='bbox 1950 5578 2272 5649; x_wconf 72' lang='lat' dir='ltr'><strong>pmbentes.</strong></span> <span class='ocrx_word' id='word_1_799' title='bbox 2296 5575 2415 5629; x_wconf 88' lang='lat' dir='ltr'><strong>Pri-</strong></span> 
     </span>
    </p>
   </div>
   <div class='ocr_carea' id='block_1_101' title="bbox 860 5667 2418 5740">
    <p class='ocr_par' dir='ltr' id='par_1_101' title="bbox 860 5667 2418 5740">
     <span class='ocr_line' id='line_1_101' title="bbox 860 5667 2418 5740; baseline 0.003 -22"><span class='ocrx_word' id='word_1_800' title='bbox 860 5679 948 5718; x_wconf 76' lang='lat' dir='ltr'><strong>mo</strong></span> <span class='ocrx_word' id='word_1_801' title='bbox 970 5667 1136 5737; x_wconf 82' lang='lat' dir='ltr'><strong>igitur</strong></span> <span class='ocrx_word' id='word_1_802' title='bbox 1161 5669 1332 5737; x_wconf 84' lang='lat' dir='ltr'><strong>aiunt,</strong></span> <span class='ocrx_word' id='word_1_803' title='bbox 1362 5690 1382 5721; x_wconf 78' lang='grc' dir='ltr'><strong>ι</strong></span> <span class='ocrx_word' id='word_1_804' title='bbox 1405 5670 1650 5727; x_wconf 70' lang='lat' dir='ltr'><strong>Probasti</strong></span> <span class='ocrx_word' id='word_1_805' title='bbox 1677 5686 1799 5736; x_wconf 85' lang='lat' dir='ltr'><strong>nos,</strong></span> <span class='ocrx_word' id='word_1_806' title='bbox 1830 5670 1992 5726; x_wconf 74' lang='lat' dir='ltr'><strong>Deus.</strong></span> <span class='ocrx_word' id='word_1_807' title='bbox 2019 5689 2038 5721; x_wconf 76' lang='grc' dir='ltr'><strong>ι</strong></span> <span class='ocrx_word' id='word_1_808' title='bbox 2065 5669 2131 5725; x_wconf 88' lang='lat' dir='ltr'><strong>Et</strong></span> <span class='ocrx_word' id='word_1_809' title='bbox 2144 5667 2418 5740; x_wconf 84' lang='lat' dir='ltr'><strong>quomodo</strong></span> 
     </span>
    </p>
   </div>
   <div class='ocr_carea' id='block_1_102' title="bbox 863 5757 2418 5834">
    <p class='ocr_par' dir='ltr' id='par_1_102' title="bbox 863 5757 2418 5834">
     <span class='ocr_line' id='line_1_102' title="bbox 863 5757 2418 5834; baseline 0.003 -24"><span class='ocrx_word' id='word_1_810' title='bbox 863 5757 1148 5826; x_wconf 72' lang='lat' dir='ltr'><strong>probasti?</strong></span> <span class='ocrx_word' id='word_1_811' title='bbox 1184 5759 1242 5814; x_wconf 86' lang='lat' dir='ltr'><strong>1d</strong></span> <span class='ocrx_word' id='word_1_812' title='bbox 1270 5763 1541 5832; x_wconf 84' lang='lat' dir='ltr'><strong>explicant</strong></span> <span class='ocrx_word' id='word_1_813' title='bbox 1571 5763 1811 5819; x_wconf 84' lang='lat' dir='ltr'><strong>dicentes</strong></span> <span class='ocrx_word' id='word_1_814' title='bbox 1846 5781 1858 5816; x_wconf 93' lang='lat'>:</span> <span class='ocrx_word' id='word_1_815' title='bbox 1899 5782 1916 5814; x_wconf 83' lang='grc' dir='ltr'><strong>ι</strong></span> <span class='ocrx_word' id='word_1_816' title='bbox 1958 5761 2082 5834; x_wconf 86' lang='lat' dir='ltr'><strong>Igne</strong></span> <span class='ocrx_word' id='word_1_817' title='bbox 2141 5777 2241 5818; x_wconf 83' lang='lat' dir='ltr'><strong>nos</strong></span> <span class='ocrx_word' id='word_1_818' title='bbox 2289 5776 2418 5818; x_wconf 77' lang='lat' dir='ltr'><strong>exa-</strong></span> 
     </span>
    </p>
   </div>
   <div class='ocr_carea' id='block_1_103' title="bbox 937 5878 1326 5970">
    <p class='ocr_par' dir='ltr' id='par_1_103' title="bbox 937 5878 1326 5970">
     <span class='ocr_line' id='line_1_103' title="bbox 937 5878 1326 5970; baseline 0.01 -4"><span class='ocrx_word' id='word_1_819' title='bbox 937 5913 980 5945; x_wconf 82' lang='lat'>&quot;</span> <span class='ocrx_word' id='word_1_820' title='bbox 1007 5878 1108 5969; x_wconf 78' lang='lat' dir='ltr'><strong>lsa.</strong></span> <span class='ocrx_word' id='word_1_821' title='bbox 1142 5929 1238 5970; x_wconf 79' lang='lat' dir='ltr'><strong>ur.</strong></span> <span class='ocrx_word' id='word_1_822' title='bbox 1272 5905 1326 5970; x_wconf 21' lang='lat'><strong>7&#39;.</strong></span> 
     </span>
    </p>
   </div>
   <div class='ocr_carea' id='block_1_104' title="bbox 2526 4745 4091 4826">
    <p class='ocr_par' dir='ltr' id='par_1_104' title="bbox 2526 4745 4091 4826">
     <span class='ocr_line' id='line_1_104' title="bbox 2526 4745 4091 4826; baseline -0.006 -17"><span class='ocrx_word' id='word_1_823' title='bbox 2526 4755 2790 4826; x_wconf 85' lang='grc' dir='ltr'>πυροῦται</span> <span class='ocrx_word' id='word_1_824' title='bbox 2817 4753 2876 4805; x_wconf 86' lang='grc' dir='ltr'>τὸ</span> <span class='ocrx_word' id='word_1_825' title='bbox 2911 4752 3190 4823; x_wconf 89' lang='grc' dir='ltr'>ἀργύριον.</span> <span class='ocrx_word' id='word_1_826' title='bbox 3226 4770 3244 4800; x_wconf 86' lang='grc'><strong>›</strong></span> <span class='ocrx_word' id='word_1_827' title='bbox 3280 4750 3388 4802; x_wconf 78' lang='grc' dir='ltr'><strong>Καὶ</strong></span> <span class='ocrx_word' id='word_1_828' title='bbox 3419 4749 3590 4801; x_wconf 83' lang='grc' dir='ltr'>ταῦτα</span> <span class='ocrx_word' id='word_1_829' title='bbox 3618 4745 3923 4810; x_wconf 82' lang='grc' dir='ltr'>ἀκολούθως</span> <span class='ocrx_word' id='word_1_830' title='bbox 3946 4748 4091 4818; x_wconf 79' lang='grc' dir='ltr'>εἴρη-</span> 
     </span>
    </p>
   </div>
   <div class='ocr_carea' id='block_1_105' title="bbox 2521 4838 4089 4918">
    <p class='ocr_par' dir='ltr' id='par_1_105' title="bbox 2521 4838 4089 4918">
     <span class='ocr_line' id='line_1_105' title="bbox 2521 4838 4089 4918; baseline -0.007 -17"><span class='ocrx_word' id='word_1_831' title='bbox 2521 4865 2610 4902; x_wconf 86' lang='grc' dir='ltr'><strong>ται</strong></span> <span class='ocrx_word' id='word_1_832' title='bbox 2634 4850 2741 4910; x_wconf 85' lang='grc' dir='ltr'>τοῖς</span> <span class='ocrx_word' id='word_1_833' title='bbox 2761 4843 3086 4918; x_wconf 74' lang='grc' dir='ltr'>ἔμπροσθεν.</span> <span class='ocrx_word' id='word_1_834' title='bbox 3104 4841 3298 4913; x_wconf 85' lang='grc' dir='ltr'>Ἐχρῆν</span> <span class='ocrx_word' id='word_1_835' title='bbox 3324 4839 3431 4910; x_wconf 88' lang='grc' dir='ltr'><strong>γάρ</strong></span> <span class='ocrx_word' id='word_1_836' title='bbox 3457 4842 3601 4910; x_wconf 79' lang='grc' dir='ltr'>ἡμᾶς</span> <span class='ocrx_word' id='word_1_837' title='bbox 3623 4839 3951 4910; x_wconf 81' lang='grc' dir='ltr'>διδαχθῆναι,</span> <span class='ocrx_word' id='word_1_838' title='bbox 3976 4838 4089 4904; x_wconf 86' lang='grc' dir='ltr'><strong>πῶς</strong></span> 
     </span>
    </p>
   </div>
   <div class='ocr_carea' id='block_1_106' title="bbox 2519 4930 4090 5006">
    <p class='ocr_par' dir='ltr' id='par_1_106' title="bbox 2519 4930 4090 5006">
     <span class='ocr_line' id='line_1_106' title="bbox 2519 4930 4090 5006; baseline -0.005 -15"><span class='ocrx_word' id='word_1_839' title='bbox 2519 4941 2547 4990; x_wconf 87' lang='grc' dir='ltr'><strong>ό</strong></span> <span class='ocrx_word' id='word_1_840' title='bbox 2573 4938 2703 4999; x_wconf 83' lang='grc' dir='ltr'>Θεὸς</span> <span class='ocrx_word' id='word_1_841' title='bbox 2730 4937 2829 5006; x_wconf 74' lang='grc' dir='ltr'>τὴν</span> <span class='ocrx_word' id='word_1_842' title='bbox 2861 4935 3036 5004; x_wconf 72' lang='grc' dir='ltr'>ψυχὴν</span> <span class='ocrx_word' id='word_1_843' title='bbox 3067 4933 3217 4985; x_wconf 77' lang='grc' dir='ltr'>ἔθετο</span> <span class='ocrx_word' id='word_1_844' title='bbox 3239 4935 3318 4994; x_wconf 85' lang='grc' dir='ltr'><strong>εἰς</strong></span> <span class='ocrx_word' id='word_1_845' title='bbox 3343 4930 3487 5003; x_wconf 79' lang='grc' dir='ltr'>ζωὴν</span> <span class='ocrx_word' id='word_1_846' title='bbox 3521 4931 3628 4983; x_wconf 90' lang='grc' dir='ltr'><strong>τῶν</strong></span> <span class='ocrx_word' id='word_1_847' title='bbox 3657 4930 3827 4984; x_wconf 88' lang='grc' dir='ltr'>ταῦτα</span> <span class='ocrx_word' id='word_1_848' title='bbox 3859 4931 4090 4998; x_wconf 81' lang='grc' dir='ltr'>φασκόνο</span> 
     </span>
    </p>
   </div>
   <div class='ocr_carea' id='block_1_107' title="bbox 2521 5023 4088 5095">
    <p class='ocr_par' dir='ltr' id='par_1_107' title="bbox 2521 5023 4088 5095">
     <span class='ocr_line' id='line_1_107' title="bbox 2521 5023 4088 5095; baseline -0.004 -11"><span class='ocrx_word' id='word_1_849' title='bbox 2521 5032 2770 5094; x_wconf 68' lang='grc' dir='ltr'>των,.καὶ</span> <span class='ocrx_word' id='word_1_850' title='bbox 2797 5029 2911 5090; x_wconf 84' lang='grc' dir='ltr'><strong>πῶς</strong></span> <span class='ocrx_word' id='word_1_851' title='bbox 2930 5029 3052 5090; x_wconf 79' lang='grc' dir='ltr'>τοὺς</span> <span class='ocrx_word' id='word_1_852' title='bbox 3078 5026 3241 5089; x_wconf 85' lang='grc' dir='ltr'>πόδας</span> <span class='ocrx_word' id='word_1_853' title='bbox 3264 5024 3441 5078; x_wconf 88' lang='grc' dir='ltr'>αὐτῶν</span> <span class='ocrx_word' id='word_1_854' title='bbox 3469 5026 3530 5077; x_wconf 92' lang='grc' dir='ltr'><strong>οὐ</strong></span> <span class='ocrx_word' id='word_1_855' title='bbox 3563 5023 3873 5095; x_wconf 84' lang='grc' dir='ltr'>παρέδωκεν</span> <span class='ocrx_word' id='word_1_856' title='bbox 3903 5027 3980 5088; x_wconf 87' lang='grc' dir='ltr'><strong>εἰς</strong></span> <span class='ocrx_word' id='word_1_857' title='bbox 3991 5023 4088 5077; x_wconf 77' lang='grc' dir='ltr'><strong>’σά-</strong></span> 
     </span>
    </p>
   </div>
   <div class='ocr_carea' id='block_1_108' title="bbox 2523 5119 4084 5193">
    <p class='ocr_par' dir='ltr' id='par_1_108' title="bbox 2523 5119 4084 5193">
     <span class='ocr_line' id='line_1_108' title="bbox 2523 5119 4084 5193; baseline -0.003 -17"><span class='ocrx_word' id='word_1_858' title='bbox 2523 5125 2632 5178; x_wconf 90' lang='grc' dir='ltr'>λυν.</span> <span class='ocrx_word' id='word_1_859' title='bbox 2665 5125 2729 5177; x_wconf 82' lang='grc' dir='ltr'><strong>Τί</strong></span> <span class='ocrx_word' id='word_1_860' title='bbox 2754 5123 2862 5193; x_wconf 90' lang='grc' dir='ltr'><strong>γάρ</strong></span> <span class='ocrx_word' id='word_1_861' title='bbox 2891 5121 3153 5183; x_wconf 87' lang='grc' dir='ltr'>παθόντες</span> <span class='ocrx_word' id='word_1_862' title='bbox 3189 5119 3418 5189; x_wconf 77' lang='grc' dir='ltr'>ἧμελλον</span> <span class='ocrx_word' id='word_1_863' title='bbox 3445 5121 3508 5172; x_wconf 92' lang='grc' dir='ltr'><strong>οὐ</strong></span> <span class='ocrx_word' id='word_1_864' title='bbox 3539 5119 3600 5172; x_wconf 85' lang='grc' dir='ltr'>τὸ</span> <span class='ocrx_word' id='word_1_865' title='bbox 3640 5119 3818 5191; x_wconf 87' lang='grc' dir='ltr'>σῶμα,</span> <span class='ocrx_word' id='word_1_866' title='bbox 3845 5119 3958 5174; x_wconf 83' lang='grc' dir='ltr'>ἀλλ’</span> <span class='ocrx_word' id='word_1_867' title='bbox 3986 5119 4084 5173; x_wconf 85' lang='grc' dir='ltr'>αὐ·-</span> 
     </span>
    </p>
   </div>
   <div class='ocr_carea' id='block_1_109' title="bbox 2523 5209 4085 5285">
    <p class='ocr_par' dir='ltr' id='par_1_109' title="bbox 2523 5209 4085 5285">
     <span class='ocr_line' id='line_1_109' title="bbox 2523 5209 4085 5285; baseline -0.001 -18"><span class='ocrx_word' id='word_1_868' title='bbox 2523 5215 2619 5284; x_wconf 82' lang='grc' dir='ltr'>τὴν</span> <span class='ocrx_word' id='word_1_869' title='bbox 2644 5216 2741 5285; x_wconf 74' lang='grc' dir='ltr'>τὴν</span> <span class='ocrx_word' id='word_1_870' title='bbox 2772 5213 2947 5284; x_wconf 72' lang='grc' dir='ltr'>ψυχὴν</span> <span class='ocrx_word' id='word_1_871' title='bbox 2971 5210 3283 5271; x_wconf 81' lang='grc' dir='ltr'>ἀπολλύναι,</span> <span class='ocrx_word' id='word_1_872' title='bbox 3316 5211 3458 5274; x_wconf 85' lang='grc' dir='ltr'>τίνος</span> <span class='ocrx_word' id='word_1_873' title='bbox 3493 5209 3552 5264; x_wconf 86' lang='grc' dir='ltr'>δὲ</span> <span class='ocrx_word' id='word_1_874' title='bbox 3579 5212 3869 5284; x_wconf 85' lang='grc' dir='ltr'>γενομένου</span> <span class='ocrx_word' id='word_1_875' title='bbox 3894 5214 3971 5275; x_wconf 82' lang='grc' dir='ltr'><strong>εἰς</strong></span> <span class='ocrx_word' id='word_1_876' title='bbox 3996 5230 4085 5265; x_wconf 89' lang='grc' dir='ltr'>το-</span> 
     </span>
    </p>
   </div>
   <div class='ocr_carea' id='block_1_110' title="bbox 2520 5302 4085 5378">
    <p class='ocr_par' dir='ltr' id='par_1_110' title="bbox 2520 5302 4085 5378">
     <span class='ocr_line' id='line_1_110' title="bbox 2520 5302 4085 5378; baseline -0.003 -19"><span class='ocrx_word' id='word_1_877' title='bbox 2520 5308 2704 5361; x_wconf 88' lang='grc' dir='ltr'>σοῦτον</span> <span class='ocrx_word' id='word_1_878' title='bbox 2737 5308 2945 5378; x_wconf 77' lang='grc' dir='ltr'>ἡλασαν</span> <span class='ocrx_word' id='word_1_879' title='bbox 2973 5303 3239 5366; x_wconf 89' lang='grc' dir='ltr'>κινδύνου,</span> <span class='ocrx_word' id='word_1_880' title='bbox 3265 5302 3340 5366; x_wconf 87' lang='grc' dir='ltr'><strong>ὼς</strong></span> <span class='ocrx_word' id='word_1_881' title='bbox 3386 5305 3508 5366; x_wconf 87' lang='grc' dir='ltr'>τοὺς</span> <span class='ocrx_word' id='word_1_882' title='bbox 3543 5305 3705 5368; x_wconf 86' lang='grc' dir='ltr'>πόδας</span> <span class='ocrx_word' id='word_1_883' title='bbox 3754 5304 3966 5374; x_wconf 89' lang='grc' dir='ltr'>μέλλειν</span> <span class='ocrx_word' id='word_1_884' title='bbox 3996 5321 4085 5356; x_wconf 86' lang='grc' dir='ltr'>σα-</span> 
     </span>
    </p>
   </div>
   <div class='ocr_carea' id='block_1_111' title="bbox 2518 5392 4085 5466">
    <p class='ocr_par' dir='ltr' id='par_1_111' title="bbox 2518 5392 4085 5466">
     <span class='ocr_line' id='line_1_111' title="bbox 2518 5392 4085 5466; baseline -0.003 -16"><span class='ocrx_word' id='word_1_885' title='bbox 2518 5397 2786 5456; x_wconf 77' lang='grc' dir='ltr'>λεύεσθαι,</span> <span class='ocrx_word' id='word_1_886' title='bbox 2835 5396 2975 5452; x_wconf 85' lang='grc' dir='ltr'><strong>κατά</strong></span> <span class='ocrx_word' id='word_1_887' title='bbox 3023 5394 3185 5464; x_wconf 87' lang='grc' dir='ltr'>μέρος</span> <span class='ocrx_word' id='word_1_888' title='bbox 3229 5392 3610 5464; x_wconf 80' lang='grc' dir='ltr'>διεξέρχονται,</span> <span class='ocrx_word' id='word_1_889' title='bbox 3642 5394 4085 5466; x_wconf 75' lang='grc' dir='ltr'>εὐχαριστοῦντες</span> 
     </span>
    </p>
   </div>
   <div class='ocr_carea' id='block_1_112' title="bbox 2521 5480 4083 5558">
    <p class='ocr_par' dir='ltr' id='par_1_112' title="bbox 2521 5480 4083 5558">
     <span class='ocr_line' id='line_1_112' title="bbox 2521 5480 4083 5558; baseline -0.004 -17"><span class='ocrx_word' id='word_1_890' title='bbox 2521 5487 2638 5558; x_wconf 76' lang='grc' dir='ltr'>ἅμα</span> <span class='ocrx_word' id='word_1_891' title='bbox 2661 5486 2739 5554; x_wconf 83' lang='grc' dir='ltr'><strong>τῶ</strong></span> <span class='ocrx_word' id='word_1_892' title='bbox 2770 5485 2907 5555; x_wconf 84' lang='grc' dir='ltr'>Θεῷ,</span> <span class='ocrx_word' id='word_1_893' title='bbox 2937 5485 3028 5539; x_wconf 79' lang='grc' dir='ltr'>καὶ</span> <span class='ocrx_word' id='word_1_894' title='bbox 3059 5482 3401 5537; x_wconf 78' lang='grc' dir='ltr'>διδασκαλίαν</span> <span class='ocrx_word' id='word_1_895' title='bbox 3434 5484 3746 5556; x_wconf 88' lang='grc' dir='ltr'>ποιούμενοι</span> <span class='ocrx_word' id='word_1_896' title='bbox 3773 5480 3848 5538; x_wconf 83' lang='grc' dir='ltr'><strong>ῶν</strong></span> <span class='ocrx_word' id='word_1_897' title='bbox 3875 5486 4083 5552; x_wconf 75' lang='grc' dir='ltr'>ὑπομε-</span> 
     </span>
    </p>
   </div>
   <div class='ocr_carea' id='block_1_113' title="bbox 2525 5570 4086 5650">
    <p class='ocr_par' dir='ltr' id='par_1_113' title="bbox 2525 5570 4086 5650">
     <span class='ocr_line' id='line_1_113' title="bbox 2525 5570 4086 5650; baseline -0.004 -17"><span class='ocrx_word' id='word_1_898' title='bbox 2525 5581 2805 5650; x_wconf 64' lang='grc' dir='ltr'>μινὴκααι.</span> <span class='ocrx_word' id='word_1_899' title='bbox 2844 5576 3060 5646; x_wconf 78' lang='grc' dir='ltr'>Πρῶτον</span> <span class='ocrx_word' id='word_1_900' title='bbox 3075 5570 3167 5628; x_wconf 82' lang='grc' dir='ltr'>οὖν</span> <span class='ocrx_word' id='word_1_901' title='bbox 3197 5583 3387 5644; x_wconf 72' lang='grc' dir='ltr'>φασινο</span> <span class='ocrx_word' id='word_1_902' title='bbox 3425 5593 3443 5627; x_wconf 79' lang='grc' dir='ltr'><strong>ι</strong></span> <span class='ocrx_word' id='word_1_903' title='bbox 3465 5575 3822 5648; x_wconf 83' lang='grc' dir='ltr'>Ἑδοκίμασας</span> <span class='ocrx_word' id='word_1_904' title='bbox 3859 5575 4026 5645; x_wconf 75' lang='grc' dir='ltr'>ὑμᾶς,</span> <span class='ocrx_word' id='word_1_905' title='bbox 4055 5574 4086 5627; x_wconf 82' lang='grc' dir='ltr'><strong>ό</strong></span> 
     </span>
    </p>
   </div>
   <div class='ocr_carea' id='block_1_114' title="bbox 2522 5663 4083 5738">
    <p class='ocr_par' dir='ltr' id='par_1_114' title="bbox 2522 5663 4083 5738">
     <span class='ocr_line' id='line_1_114' title="bbox 2522 5663 4083 5738; baseline -0.003 -16"><span class='ocrx_word' id='word_1_906' title='bbox 2522 5667 2671 5734; x_wconf 78' lang='grc' dir='ltr'>Θεός.</span> <span class='ocrx_word' id='word_1_907' title='bbox 2713 5688 2729 5720; x_wconf 75' lang='lat'><strong>.-</strong></span> <span class='ocrx_word' id='word_1_908' title='bbox 2764 5668 2875 5722; x_wconf 78' lang='grc' dir='ltr'><strong>Καὶ</strong></span> <span class='ocrx_word' id='word_1_909' title='bbox 2922 5665 3038 5730; x_wconf 82' lang='grc' dir='ltr'><strong>πῶς</strong></span> <span class='ocrx_word' id='word_1_910' title='bbox 3075 5665 3430 5736; x_wconf 56' lang='lat' dir='ltr'><strong>aestiuus-ac;</strong></span> <span class='ocrx_word' id='word_1_911' title='bbox 3469 5664 3855 5738; x_wconf 72' lang='grc' dir='ltr'>Ἐρμηνιύουσι</span> <span class='ocrx_word' id='word_1_912' title='bbox 3897 5663 4083 5733; x_wconf 66' lang='grc' dir='ltr'>λόγον·</span> 
     </span>
    </p>
   </div>
   <div class='ocr_carea' id='block_1_115' title="bbox 2522 5755 4077 5830">
    <p class='ocr_par' dir='ltr' id='par_1_115' title="bbox 2522 5755 4077 5830">
     <span class='ocr_line' id='line_1_115' title="bbox 2522 5755 4077 5830; baseline -0.003 -17"><span class='ocrx_word' id='word_1_913' title='bbox 2522 5779 2641 5824; x_wconf 90' lang='grc' dir='ltr'>τες·</span> <span class='ocrx_word' id='word_1_914' title='bbox 2679 5780 2694 5812; x_wconf 82' lang='grc' dir='ltr'><strong>ι</strong></span> <span class='ocrx_word' id='word_1_915' title='bbox 2721 5757 3036 5830; x_wconf 80' lang='grc' dir='ltr'>Ἑπύρωσας</span> <span class='ocrx_word' id='word_1_916' title='bbox 3061 5758 3227 5829; x_wconf 75' lang='grc' dir='ltr'>ημᾶς,</span> <span class='ocrx_word' id='word_1_917' title='bbox 3258 5757 3332 5819; x_wconf 85' lang='grc' dir='ltr'>ὼς</span> <span class='ocrx_word' id='word_1_918' title='bbox 3362 5755 3623 5826; x_wconf 88' lang='grc' dir='ltr'>πυροῦται</span> <span class='ocrx_word' id='word_1_919' title='bbox 3653 5757 3712 5812; x_wconf 76' lang='grc' dir='ltr'>τὸ</span> <span class='ocrx_word' id='word_1_920' title='bbox 3740 5756 4018 5828; x_wconf 80' lang='grc' dir='ltr'>ἀργύριον.</span> <span class='ocrx_word' id='word_1_921' title='bbox 4055 5773 4077 5809; x_wconf 76' lang='grc' dir='ltr'><strong>ι</strong></span> 
     </span>
    </p>
   </div>
  </div>
