4402 6402
383 518 480 574 6J1

1468 499 1968 558 COMMENTABIA
2012 500 2074 556 IN
2114 500 2451 556 PSALMOS.

3519 492 3626 552 662

380 624 556 676 Φωναὶ
601 620 657 674 δὲ
696 615 874 684 αὗται,
901 622 976 684 ὡς
1008 621 1164 688 ἔφην,
1201 619 1508 673 ἀποστόλων
1561 622 1652 674 καὶ
1699 621 1952 691 μαθητῶν
1987 629 2026 682 Α
2059 638 2108 676 m

1885 621 1952 674 ῶν
1987 629 2026 682 Α
2059 602 2279 676 minasti
2332 619 2472 674 sicut
2525 617 2872 672 examinatur
2932 621 3236 684 argentum.
3276 633 3293 666 ι
3347 612 3440 688 ila
3496 615 3623 682 ipsa:

380 717 473 770 καί
519 715 920 784 εὐαγγελιστῶν
971 715 1284 785 ,υγχάνουσι
1334 712 1425 765 τοῦ
1479 714 1746 784 Σωτῆρος,
1773 707 1845 766 ὧν
1876 715 1954 777 είς

381 810 561 862 πᾶσαν
591 811 688 880 τὴν
720 810 820 880 γῆν
849 807 1068 879 ἐξῆλθεν
1097 807 1126 858 6
1153 806 1405 874 φθόγγος,
1431 806 1524 858 καὶ
1553 809 1632 869 είς
1653 806 1720 859 τὰ
1746 806 1957 878 πέρατα

379 903 475 970 τῆς
507 901 828 971 οἰκουμένης
855 901 924 953 τὰ
952 901 1188 970 ῥήματα.
1224 895 1344 951 Εἶεν
1372 898 1414 952 δ’
1441 898 1505 951 ἂν
1532 899 1754 952 καὶτῶν
1783 898 1951 966 ἀγίων

378 992 471 1046 τοῦ
506 992 641 1046 Θεοῦ
679 992 988 1064 μαρτύρων,
1023 991 1070 1043 οἳ
1117 990 1256 1044 κατά
1301 990 1529 1061 μίμησιν
1570 990 1680 1042 τῶν
1725 989 1954 1060 πρώτων

378 1084 470 1136 τοῦ
505 1085 750 1156 Σωτῆρος
799 1082 955 1154 ἡμῶν
985 1081 1238 1152 κηρύκων
1262 1082 1328 1134 τὰ
1371 1083 1461 1135 ῐσα
1503 1081 1864 1135 πεπόνθασιν·
1897 1084 1954 1134 ἐν

376 1170 458 1237 οἷς
502 1175 627 1239 τοὺς
674 1173 814 1245 ὑπὲρ
844 1173 1149 1235 θεοσεϐείας
1182 1173 1375 1237 ἄθλους
1399 1175 1755 1244 ἠγωνίσαντο.
1787 1173 1954 1226 Φασὶν

377 1261 470 1319 οὖν
497 1264 886 1337 ἑρμηνεύοντες
919 1265 1014 1317 καὶ⁹
1038 1264 1446 1331 διασαφοῦντες,
1482 1266 1626 1328 ὅπως
1654 1263 1749 1335 τὴν
1778 1263 1954 1334 ψυχὴν

376 1355 557 1409 αὐτῶν
590 1355 742 1409 ἔθετο
773 1356 852 1419 είς
879 1354 1042 1426 ζωὴν,
1071 1355 1165 1408 καὶ
1195 1356 1343 1419 ὅπως
1386 1357 1512 1418 τοὺς
1561 1356 1726 1418 πόδας
1774 1355 1952 1409 αὐτῶν

375 1447 475 1500 οὐκ
526 1446 722 1500 ἔδωκεν
768 1448 848 1509 είς
897 1447 1085 1500 σάλον·
1134 1447 1288 1500 (Ὅτι
1338 1447 1665 1518 ἐδοκίμασας
1712 1449 1881 1518 ἡμᾶς,
1927 1451 1954 1501 6

374 1539 523 1603 Θεὸς,
554 1538 630 1602 ὡς
653 1537 991 1609 πυροῦταιτὺ
1018 1539 1295 1610 ἀργύριον.
1323 1558 1340 1589 ι
1359 1539 1576 1609 Ἐπειδὴ
1591 1541 1697 1611 γὰρ
1725 1540 1955 1612 ἀπείρας

378 1645 501 1694 στος
530 1629 669 1699 ἀνὴρ
708 1628 986 1699 ἀδόκιμος,
1019 1632 1237 1694 εἰκότως
1269 1630 1623 1700 ἐγγυμνάζων
1672 1633 1783 1695 τοῖς
1829 1647 1951 1684 πει-

376 1721 604 1790 ρασμοῖς
648 1719 980 1790 παραδίδωσι
1031 1723 1154 1784 τοὺς
1202 1719 1434 1783 οἰκείους
1464 1722 1491 1772 6
1522 1719 1682 1782 Θεός·
1723 1720 1834 1790 οὐχ,
1868 1721 1952 1774 ἵνα

373 1809 538 1872 αὐτὸς
567 1809 679 1881 γνῷ
706 1811 877 1863 όποῖοί
908 1811 1052 1874 τινές
1083 1812 1239 1874 εἰσιν,
1275 1810 1388 1864 ἀλλ’
1419 1811 1526 1875 ἵνα,
1563 1811 1718 1866 αὐτοὶ
1770 1830 1953 1885 πυρω-

371 1901 950 1974 θέντες·λαμπρότεροι
977 1903 1067 1956 καὶ
1091 1902 1464 1975 καθαρώτεροι
1493 1904 1946 1957 ἀποτελεσθῶσιν.

2057 723 2206 776 sunt,
2234 722 2292 768 ut
2334 713 2446 782 jam
2497 711 2634 773 dixi,
2680 711 3075 781 apostolorum,
3135 707 3530 778 discipulorum
3571 717 3624 760 et

2054 807 2513 877 evangelistarum
2544 803 2844 859 Salvatoris
2870 817 3054 867 voces,
3081 816 3316 871 quorum
3349 816 3519 858 sonus
3569 801 3620 854 in

2054 916 2269 954 omnem
2306 907 2506 954 terram
2539 898 2724 961 exivit,
2758 904 2810 951 et
2834 898 2888 951 in
2935 894 3070 949 ﬁnes
3093 895 3242 950 orbis
3270 901 3429 949 terrae
3460 894 3619 949 ver-ha

2053 1005 2263 1044 eorum.
2302 986 2528 1043 Fuerint
2566 1002 2782 1056 quoque
2817 995 3128 1040 sanctorum
3167 982 3260 1038 Dei
3297 992 3616 1054 martyrum,

2053 1081 2145 1151 qui
2181 1081 2246 1135 ad
2279 1080 2634 1140 imitationem
2672 1081 2911 1148 priorum
2944 1078 3245 1132 Servatoris
3277 1091 3581 1145 pmconum
3602 1117 3616 1142 ,

2054 1173 2204 1243 paria
2247 1173 2488 1242 perpessi
2522 1178 2670 1235 sunt,
2706 1186 2829 1224 cum
2858 1185 2958 1239 pro
2988 1170 3166 1223 divina
3201 1169 3460 1238 religione
3501 1184 3619 1222 cer-

2054 1264 2261 1317 tamina
2292 1264 2597 1318 subierunt.
2635 1261 2802 1316 Aiunt
2833 1262 3032 1332 itaque,
3066 1262 3396 1331 explicantes
3424 1276 3488 1315 ae
3519 1262 3616 1318 de-

2053 1354 2328 1410 clarantes
2359 1369 2469 1424 quo
2511 1361 2671 1424 pacto
2699 1354 2934 1407 animam
2988 1369 3140 1408 suam
3177 1353 3418 1424 posuerit
3444 1353 3512 1408 ad
3541 1354 3618 1408 vi-

2054 1457 2186 1512 tam,
2208 1456 2261 1504 et
2277 1447 2549 1519 quomodo
2570 1462 2679 1502 non
2705 1446 2913 1501 dederit
2944 1446 3000 1499 in
3024 1445 3440 1500 commotionem
3455 1445 3618 1515 pedes

2052 1555 2183 1595 suos
2218 1559 2229 1593 :
2270 1557 2287 1590 ι
2327 1539 2594 1605 Quoniam
2625 1537 2870 1609 probasti
2910 1554 3035 1601 nos.
3070 1536 3232 1604 Deus,
3254 1544 3313 1591 ut
3342 1536 3465 1606 igne
3491 1551 3618 1590 exa-

2053 1633 2290 1687 minatur
2324 1639 2632 1701 argentum.
2670 1649 2688 1682 ι
2728 1628 2866 1695 Quia
2897 1629 3041 1683 enim
3078 1628 3328 1699 quisquis
3355 1641 3463 1682 non
3492 1643 3617 1697 pro-

2054 1725 2216 1779 batur
2242 1723 2509 1792 inglorius
2542 1729 2648 1786 est,
2673 1721 2795 1791 jure
2821 1719 2964 1776 Deus
2991 1719 3283 1776 familiares
3311 1735 3442 1775 suos
3460 1735 3616 1776 exer-

2053 1831 2207 1878 cens,
2261 1812 2655 1869 tentationibus
2686 1812 2894 1876 tradit;
2927 1826 3032 1864 non
3069 1817 3128 1864 ut
3164 1805 3459 1879 eOgnoscat
3494 1810 3618 1880 ipse

2055 1907 2276 1977 quinam
2315 1905 2390 1958 illi
2419 1905 2550 1969 sint,
2581 1904 2679 1958 sed
2703 1912 2761 1957 ut
2793 1904 2893 1973 ipsi
2918 1903 3038 1973 igne
3066 1901 3397 1964 examinati,
3432 1902 3615 1971 splen-

373 1992 582 2062 Ὠσπερ
615 1992 723 2062 γὰρ
752 1994 810 2045 ἐν
838 1993 1063 2064 ἀργύρῳ
1089 1993 1348 2058 πολλάκις
1378 1995 1685 2068 εὑρίσκεται
1708 1996 1836 2060 ῦλης
1858 1997 1942 2049 ὰλ-
1977 1988 2017 2044 Β
2050 2001 2103 2052 di

1873 1997 1942 2048 ἱιλ-
1977 1988 2017 2044 Β
2050 2000 2292 2053 didiores
2326 2014 2387 2051 ac
2415 1997 2673 2066 puriores
2693 1996 2939 2050 evadant.
2971 1994 3435 2063 Quemadmodum
3466 1994 3611 2048 enim

371 2084 586 2156 λοτρίας
617 2085 814 2155 μίγμα,
839 2085 866 2136 ὃ
886 2085 1021 2149 τέως
1049 2086 1147 2157 μέν
1171 2086 1424 2140 λανθάνει
1453 2088 1559 2159 πρὸ
1579 2089 1678 2159 τῆς
1698 2089 1946 2159 χωνείας,

371 2175 428 2228 ὲν
450 2175 506 2228 δὲ
536 2177 602 2246 τῇ
630 2174 868 2246 πυρώσει
901 2177 1238 2248 διελέγχεται
1272 2181 1364 2233 καὶ
1393 2179 1762 2251 διακρίνεται·
1799 2180 1947 2251 μένει

371 2283 429 2320 τι
478 2265 661 2320 λοιπὸν
707 2267 870 2331 αὐτὸς
925 2268 1162 2340 καθαρὸς
1202 2271 1232 2322 ὁ
1267 2271 1527 2344 ἄργυρος,
1562 2270 1823 2342 κρείττων
1856 2272 1947 2322 καὶ

339 2364 344 2370 “
370 2358 745 2429 λαμπρότερος
773 2359 1012 2427 γεγονὼς
1049 2364 1112 2413 ἐκ
1153 2362 1255 2432 τῆς
1288 2361 1607 2434 καθάρσεως
1628 2380 1641 2392 ·
1668 2363 1759 2415 τὸν
1787 2361 1946 2414 αὑτὸν

370 2449 570 2519 τρόπον
600 2450 694 2503 καὶ
718 2450 768 2502 οῖ
795 2449 888 2502 τοῦ
917 2451 1050 2503 Θεοῦ
1081 2452 1291 2524 ἄνδρες,
1318 2453 1442 2506 ὅσον
1466 2452 1743 2524 ἀλλότριον
1781 2453 1838 2504 ἐν
1879 2454 1943 2522 τῇ

370 2538 580 2593 ἑαυτῶν
625 2539 770 2611 ψυχῇ
818 2541 882 2593 ἐκ
925 2541 1024 2609 τῆς
1079 2543 1208 2614 περὶ
1254 2543 1353 2614 τὴν
1404 2544 1587 2614 σάρκα,
1630 2542 1945 2614 συμπλοκῆς

369 2630 777 2700 ἐφειλκύσαντο,
800 2630 959 2684 τοῦτο
986 2635 1092 2686 πᾶν
1121 2634 1181 2686 ὲν
1207 2635 1322 2698 τοῖς
1350 2635 1696 2704 πειρασμοῖς,
1721 2633 1813 2685 καὶ
1835 2634 1945 2695 τοῖς

370 2722 488 2774 κατ’
524 2721 706 2776 αὐτῶν
737 2722 1187 2793 ἐπανισταμένοις
1233 2724 1491 2795 διωγμοῖς
1523 2723 1942 2794 ἀπορύπτονται,

371 2809 494 2878 (sic)
527 2809 859 2880 πυρούμενοι
903 2813 996 2864 καὶ
1040 2813 1421 2884 καθαιρόμενοι
1462 2814 1550 2867 διὰ
1596 2815 1697 2884 τῆς
1735 2814 1943 2868 τοιᾶσδε

369 2900 615 2970 χωνειας,
648 2900 723 2965 ὡς
751 2904 930 2956 πᾶσαν
962 2903 1257 2958 ἀποϐαλεῖν
1301 2905 1575 2976 ἁμαρτίας
1600 2906 1812 2977 κηλίδα,
1851 2907 1946 2976 ἥν-

367 2989 488 3043 τινά
528 3007 679 3056 ποτε,
707 2991 783 3056 ώς
815 2992 1110 3065 ἄνθρωποι,
1141 2994 1199 3048 ἐν
1236 3012 1374 3050 τισιν
1410 2997 1754 3068 ἐλαττώμασι
1795 2997 1946 3067 γενό-⁸

372 3096 521 3150 μενοι
568 3087 1026 3156 προσεκτήσαντο.
1045 3086 1166 3140 Ἐπὶ
1199 3088 1405 3152 τούτοις
1447 3083 1540 3143 οὖν
1567 3090 1946 3161 εὐχαριστοῦν-

366 3188 478 3238 τις,
503 3175 693 3243 φασίν·
721 3197 750 3253 ,ι
764 3179 885 3232 Ὀτι
923 3179 1250 3250 ἐδοκίμασας
1281 3181 1447 3250 ἡμᾶς,
1479 3181 1511 3233 '6
1554 3181 1704 3245 Θεὸς,
1733 3181 1946 3252 ἐπύρω-

370 3282 469 3330 σας
495 3269 640 3338 ἡμᾶς
666 3268 740 3332 ὡς
772 3258 1036 3342 πυροῦται
1063 3270 1126 3325 τὸ
1153 3271 1434 3342 ἀργύριον.
1466 3291 1484 3322 ι
1509 3272 1585 3323 Ού
1609 3271 1716 3342 γὰρ
1744 3271 1819 3332 ὡς
1846 3291 1943 3325 κα·-

367 3356 566 3430 λάμην,
616 3359 725 3414 οὐδ’
758 3361 832 3425 ὠς
881 3362 1089 3432 χόρτον,
1131 3363 1238 3416 οὐδ’
1265 3363 1340 3426 ὡς
1385 3363 1577 3434 ἐτέραν
1618 3362 1943 3436 εῦθραυστον

369 3448 500 3521 ὓλην
533 3451 820 3523 ἐπύρωσας
851 3455 1016 3524 ἡμᾶς,
1051 3454 1164 3508 ἀλλ’
1192 3456 1266 3518 ὡς
1292 3454 1572 3526 ἀργύριον,
1608 3455 1669 3507 τὸ
1697 3454 1806 3507 ἀπὸ
1842 3454 1976 3524 τῆς⁸

367 3541 666 3611 πυρώσεως
695 3541 1079 3614 καθαρώτερον
1108 3546 1448 3616 γιγνόμενον.
1492 3545 1616 3608 Πῶς
1643 3545 1698 3598 δὲ
1725 3545 1940 3618 ἐπυρώο

365 3631 536 3701 θησαν
582 3632 915 3704 ὑφηγοῦνται
966 3635 1251 3705 λέγοντες·
1285 3655 1303 3688 ι
1342 3637 1647 3708 Είσήγαγες
1686 3639 1834 3708 ἡμᾶς
1861 3640 1941 3702 είς

364 3721 720 3794 τὴν-παγίδα·
769 3742 786 3775 ι
838 3724 977 3778 κατά
1023 3725 1080 3778 δὲ
1122 3726 1214 3780 τὸν
1251 3725 1518 3790 ’Δκύλαν,
1579 3747 1596 3778 ι
1633 3711 1939 3799 Εἰσήγαγες

363 3814 534 3886 ἡμᾶς,
568 3815 752 3884 φασὶν,
777 3816 843 3869 ’ἐν
869 3816 1218 3888 ὀχυρώματι·
1252 3837 1270 3871 ι
1308 3817 1449 3872 κατά
1492 3817 1548 3871 δὲ
1587 3819 1678 3872 τὸν
1714 3815 1941 3889 Σύμμα-

365 3916 458 3970 χον
477 3940 491 3964 ,
530 3919 550 3952 t
581 3903 885 3973 Είσήγαγες
912 3906 1060 3974 ἡμᾶς
1092 3906 1242 3970 ἐντὸς
1271 3907 1615 3979 πολιορκίας·
1661 3928 1679 3960 ι
1715 3909 1857 3962 κατὰ
1883 3908 1938 3962 δὲ

365 3991 465 4062 τὴν
510 3991 766 4064 πέμπτην
808 3993 1047 4050 ἔκδοσιν·
1082 4016 1100 4048 ι
1133 3997 1441 4069 Εἰσήγαγες
1475 4001 1622 4070 ἡμᾶς
1658 4002 1736 4062 είς
1761 4015 1940 4071 περιθ-

363 4083 485 4152 χήν.
517 4101 537 4134 ι
571 4083 732 4154 Δηλοῖ
751 4084 803 4138 δὲ
831 4085 920 4138 διὰ
944 4087 1147 4141 τούτων
1175 4091 1202 4141 6
1225 4089 1377 4158 λόγος
1405 4091 1626 4161 εἱρκτὰς
1657 4093 1750 4144 καὶ
1777 4095 1938 4162 φυλαο

365 4172 466 4236 κάς
512 4175 606 4228 καὶ
651 4175 1018 4248 δεσμωτήρια,
1049 4180 1106 4232 ἐν
1136 4174 1217 4243 οἷς
1249 4181 1356 4251 πρὸ
1379 4180 1472 4233 τοῦ
1505 4181 1734 4235 θανάτου
1765 4185 1934 4238 κατά-

363 4263 598 4318 κλειστοι
630 4265 904 4335 γίγνονται
935 4271 983 4322 ot
1026 4269 1120 4323 τοῦ
1159 4271 1292 4326 Θεοῦ
1326 4272 1628 4345 μάρτυρες·
1661 4275 1698 4330 ἃ
1739 4261 1802 4347 δὴ
1831 4295 1936 4331 πα-

362 4354 472 4422 γίδι
500 4354 694 4423 ἔοικεν,
721 4360 849 4413 εἵσω
867 4361 1038 4432 αὐτῆς
1065 4363 1408 4437 ἀπολαϐούσῃ
1432 4363 1492 4418 τὸ
1515 4365 1929 4439 τεθηρευμένον.

365 4445 579 4518 Ταύτης
609 4448 666 4504 δὲ
693 4450 790 4521 τῆς
817 4453 1043 4522 παγίδος¹
1065 4454 1366 4525 μέμνηνται
1386 4456 1479 4508 καὶ
1502 4457 1736 4528 ἀλλαχοῦ
1762 4461 1811 4513 οί
1832 4461 1930 4513 αὐ-

365 4538 445 4592 τοὶ
484 4539 810 4608 φάσκοντες·
849 4561 868 4595 ι
892 4544 955 4596 Ἡ
983 4543 1128 4615 ψυχὴ
1157 4545 1312 4616 ήμῶν
1350 4547 1426 4610 ώς
1458 4549 1733 4618 στρουθίον
1771 4542 1931 4622 ἐρῤύέ

2050 2091 2104 2144 in
2151 2095 2373 2158 argento
2425 2089 2615 2143 alienae
2661 2087 2903 2140 materiae
2945 2087 3263 2156 plerumque
3308 2084 3619 2139 commistio

2048 2184 2337 2254 reperitur,
2367 2196 2488 2250 qua:
2517 2195 2649 2235 sane
2689 2180 2818 2234 latet
2848 2188 3138 2249 antequam
3169 2179 3224 2233 in
3258 2178 3611 2233 conﬂaturam

2047 2281 2381 2342 reponatur;
2411 2271 2540 2326 dum
2574 2279 2752 2325 autem
2782 2271 2905 2341 igne
2935 2271 3223 2333 conﬂatur,
3253 2277 3382 2324 tunc
3412 2271 3616 2325 discer-

2046 2368 2196 2420 nitur
2229 2373 2283 2420 et
2309 2364 2605 2434 probatur;
2645 2363 2932 2432 ipsumque
2963 2371 3248 2432 argentum
3275 2362 3492 2418 tandem
3515 2379 3612 2433 pu-

2046 2459 2186 2522 rius,
2222 2457 2568 2528 praestantius
2598 2471 2661 2510 ac
2700 2454 3036 2524 splendidius
3075 2471 3138 2509 ex
3173 2456 3495 2526 purgatione
3523 2471 3612 2511 re-

2047 2557 2229 2621 manet
2270 2567 2283 2604 :
2319 2550 2399 2605 sic
2426 2558 2480 2603 et
2511 2549 2614 2602 viri
2649 2547 2742 2604 Dei
2767 2587 2783 2615 ,
2818 2549 2862 2603 si
2893 2548 3018 2616 quid
3053 2549 3312 2601 alienum-
3338 2547 3393 2599 in
3434 2546 3613 2600 anima

2048 2655 2146 2696 sua
2202 2655 2270 2697 ex
2321 2642 2506 2695 carnis
2555 2639 2939 2694 commistione
3005 2637 3409 2697 contraxerint.
3477 2637 3612 2691 illud

2046 2747 2206 2788 omne
2242 2733 2297 2786 in
2321 2733 2716 2788 tentationibus
2755 2741 2809 2788 et
2849 2733 3181 2787 instantibus
3214 2729 3609 2801 persecutioni-

2045 2825 2147 2878 bus
2169 2824 2510 2896 ahstergunt,
2542 2825 2664 2896 igne
2691 2825 2982 2879 examinati
3014 2831 3068 2877 et
3097 2839 3193 2892 per
3224 2823 3385 2877 talem
3409 2820 3612 2876 conﬂa-

2046 2923 2223 2971 turam
2263 2895 2496 2988 purigati,
2532 2895 2604 2970 ita
2639 2923 2696 2969 ut
2736 2929 2952 2970 omnem
3000 2913 3206 2983 peccati
3234 2913 3409 2967 labem
3440 2914 3610 2983 depo-

2046 3016 2201 3070 nant,
2226 3023 2389 3079 quam
2417 3007 2732 3078 aliquando,
2755 3014 2948 3078 'utpote
2974 3005 3244 3068 homines,
3281 3005 3335 3058 in
3356 3005 3608 3074 quaedam

2047 3101 2184 3172 lapsi
2225 3100 2442 3162 delicta,
2485 3100 2843 3154 admiserant.
2895 3097 2969 3154 De
3029 3098 3113 3151 his
3168 3098 3350 3166 itaque
3403 3096 3611 3167 gratias

2047 3201 2290 3264 agentes,
2321 3193 2511 3247 dicunt
2544 3211 2556 3245 :
2600 3211 2618 3244 ι
2655 3189 2924 3256 Quoniam
2959 3188 3202 3260 probasti
3234 3202 3335 3242 nos
3361 3226 3375 3251 ,
3424 3187 3608 3253 Deus;

2047 3283 2171 3352 igne
2205 3295 2306 3336 nos
2332 3280 2650 3336 examinasti
2680 3280 2820 3334 sicut
2859 3280 3202 3334 examinatur
3231 3290 3534 3350 argentum.
3584 3297 3604 3330 ι

2044 3369 2162 3424 Non
2188 3369 2332 3423 enim
2364 3376 2422 3422 ut
2455 3368 2659 3437 paleam
2683 3376 2734 3421 et
2760 3366 2965 3427 fenum.
3001 3381 3178 3435 neque
3208 3373 3266 3420 ut
3296 3368 3457 3420 aliam
3493 3366 3607 3420 fra-

2043 3461 2206 3532 gilem
2239 3461 2524 3516 materiam
2571 3475 2672 3515 nos
2719 3459 2844 3529 igne
2866 3458 3190 3514 examinasti
3218 3475 3232 3522 ;
3261 3458 3356 3514 sed
3414 3467 3472 3513 ut
3520 3473 3608 3513 ar-

2044 3560 2287 3623 gentum,
2320 3553 2463 3622 quod
2497 3553 2564 3608 ab
2589 3553 2713 3624 igne
2744 3553 2936 3623 purius
2966 3552 3167 3606 evadit.
3194 3549 3476 3619 Quomodo
3509 3566 3607 3605 au-

2041 3654 2150 3701 tem
2199 3647 2323 3716 igne
2373 3646 2670 3701 examinati
2708 3646 2932 3706 fuerint,
2966 3646 3051 3700 his
3090 3646 3270 3700 verbis
3302 3654 3603 3700 enarrant:

2047 3757 2064 3790 ι
2103 3737 2370 3793 lnduxisti
2401 3754 2501 3793 nos
2536 3739 2591 3793 in
2625 3739 2918 3809 laqueum;
2967 3757 2986 3790 ι
3023 3736 3321 3793 secundum
3349 3735 3603 3806 Aquilam

2041 3847 2167 3886 vero
2202 3849 2214 3884 :
2250 3849 2269 3882 ι
2305 3829 2573 3885 lnduxisti
2615 3847 2740 3896 nos,
2785 3831 2959 3895 aiunt,
2998 3831 3053 3884 in
3096 3829 3532 3896 munimentum;
3578 3846 3603 3882 ›

2039 3922 2339 3978 secundum
2364 3937 2493 3977 vero
2525 3921 2909 3992 Symmachum
2942 3940 2956 3976 :
2989 3941 3011 3972 ι
3041 3919 3310 3976 lnduxisti
3338 3934 3438 3977 nos
3460 3920 3603 3976 intra

2037 4011 2417 4080 obsidionem;
2450 4031 2468 4063 ι
2505 4011 2802 4066 secundum
2829 4012 3075 4081 quintam
3093 4011 3423 4068 editionem:
3459 4030 3478 4064 ι
3515 4009 3603 4066 ln-

2037 4103 2243 4158 duxisti
2274 4119 2376 4158 nos
2407 4104 2463 4157 in
2493 4104 2871 4158 munitionem.
2910 4122 2928 4155 »
2963 4101 3062 4158 His
3085 4117 3249 4174 porro
3280 4103 3604 4174 signiticano

2035 4203 2124 4248 tur
2153 4196 2458 4265 ergastula,
2487 4195 2780 4259 custodiae,
2809 4211 3060 4250 carceres
3109 4197 3163 4249 in
3204 4195 3404 4260 quibus
3448 4201 3602 4248 ante-

2034 4300 2196 4355 quam
2233 4288 2394 4342 morti
2423 4287 2729 4349 tradantur.
2761 4285 3008 4340 conclusi
3043 4286 3248 4356 degunt
3276 4283 3370 4339 Dei
3394 4293 3599 4355 marty-

2036 4391 2121 4432 res
2155 4395 2168 4430 :
2203 4390 2326 4446 qua:
2353 4391 2484 4434 sane
2512 4378 2689 4447 laquei
2724 4378 2921 4433 similia
2957 4384 3107 4440 sunt,
3153 4389 3264 4445 quo
3309 4374 3608 4432 venatione

2032 4473 2187 4535 capta
2211 4466 2543 4525 detinentur.
2574 4467 2813 4539 Hujusce
2847 4469 3023 4538 laquei
3071 4469 3397 4524 mentionem
3437 4468 3600 4523 iidem

2032 4561 2158 4614 alibi
2191 4561 2398 4616 iaciunt
2419 4560 2665 4616 dicentes
2696 4579 2708 4615 :
2750 4579 2767 4611 ι
2802 4560 2996 4614 Anima
3023 4569 3211 4614 nostra
3241 4560 3384 4614 sicut
3410 4573 3597 4629 passer

365 4632 466 4705 σθη
496 4648 560 4688 εκ
585 4635 682 4705 τῆς
715 4637 940 4705 παγίδος
967 4637 1074 4690 τῶν
1101 4638 1471 4710 θηρευόντων·
1519 4642 1553 4712 ἡ
1602 4643 1768 4710 παγὶς
1815 4659 1932 4696 συν-
1963 4664 2003 4718 ι)
2033 4665 2103 4704 en

1862 4659 1932 4696 W-
1963 4664 2003 4718 ι)
2033 4657 2217 4720 erepta
2245 4659 2331 4707 est
2355 4651 2423 4707 de
2450 4652 2646 4722 laqueo
2675 4652 2988 4706 venantium
3025 4671 3038 4707 :
3074 4652 3300 4718 laqueus
3327 4652 3600 4706 contritus

360 4725 548 4796 ετρίϐη
578 4728 672 4780 καὶ
700 4729 861 4798 ἡμεῖς
889 4728 1250 4801 ἐρῤύσθημεν.
1289 4749 1307 4782 ι
1343 4730 1564 4801 Πρῶτον
1592 4731 1688 4801 μὲν
1738 4729 1831 4785 οὖν
1853 4734 1930 4796 είς

359 4815 690 4885 τῆν’παγίδα
718 4811 1128 4891 οί.πυρούμενοι
1157 4821 1487 4890 εἰσάγονται,
1515 4822 1546 4893 ἢ
1574 4823 1655 4886 είς
1696 4823 1757 4876 τὸ
1801 4824 1929 4894 ὀχύ-

365 4921 544 4976 ρωμα,
568 4905 600 4978 ἦ
626 4909 706 4972 είς
727 4909 822 4980 τὴν
850 4912 1131 4983 περιοχὴν,
1161 4912 1194 4982 ἢ
1225 4916 1305 4976 είς
1324 4915 1422 4984 τὴν
1448 4913 1759 4984 πολιορκίαν
1777 4931 1789 4945 ·
1811 4911 1930 4970 εἷτα

359 4993 610 5072 δεύτερον
633 4996 794 5052 ἆθλον
825 4999 1197 5068 ἀγωνίζονται,
1228 5002 1286 5054 δν
1298 5002 1892 5073 διασαφοῦσι,λέγοντες
1911 5025 1924 5036 ·

365 5086 561 5140 «Ἔθου
595 5089 800 5160 θλίψεις
842 5092 934 5145 ἐπὶ
973 5093 1064 5146 τὸν
1101 5092 1268 5146 νῶτον
1299 5095 1474 5165 ήμῶν.
1508 5114 1526 5147 ι
1567 5096 1721 5157 Κατά
1748 5097 1806 5150 δὲ
1837 5099 1928 5153 τὸν

370 5175 602 5230 ’Δκύλαν
617 5182 778 5248 φασίν
793 5197 807 5212 ·
831 5200 850 5232 ι
864 5183 1104 5253 Ἔθηκας
1122 5186 1350 5255 τρισμὸν
1371 5187 1427 5238 ἐν
1448 5187 1525 5255 τῷ
1545 5187 1698 5258 νώτῳ
1711 5189 1886 5259 ἡμῶν·
1901 5212 1920 5243 ι

355 5266 502 5318 κατά
531 5265 589 5318 δὲ
615 5269 704 5321 τὸν
734 5270 1047 5341 Σύμμαχον·
1083 5274 1359 5346 «Ἔθηκας
1386 5275 1654 5330 κύκλωσιν
1676 5281 1740 5349 τῇ
1765 5281 1924 5350 ὀσφύῖ

358 5355 537 5425 ήμῶν.
569 5376 587 5410 ›
618 5357 845 5430 Δηλοῦσι
868 5361 925 5414 δέ
946 5361 1034 5416 διὰ
1058 5364 1259 5418 τούτων
1277 5365 1376 5428 τάς
1397 5367 1536 5420 κατά
1553 5367 1648 5422 τοῦ
1675 5365 1921 5442 σώματος

360 5447 595 5518 πληγὰς,
625 5448 692 5514 ἃς
721 5451 906 5522 ἐδήλου
939 5454 1266 5525 σαφέστερον
1301 5459 1330 5509 6
1365 5459 1684 5523 Ἀπόστολος
1709 5461 1880 5531 λέγων
1905 5483 1917 5496 ·

365 5554 385 5588 ι
415 5537 550 5610 Τρὶς
589 5540 965 5612 ἐρραδδίσθην,
993 5542 1139 5608 απαξ
1177 5545 1484 5618 ἐλιθάσθην,
1520 5549 1622 5602 ὑπὸ
1657 5552 1921 5610 Ἰουδαίων

357 5632 765 5702 τεσσαράκοντα
793 5633 943 5705 παρά
967 5633 1096 5705 μίαν
1122 5635 1330 5690 ἔλαϐον.
1363 5660 1381 5690 ι
1414 5639 1567 5693 Μετὰ
1601 5639 1656 5694 δὲ
1693 5641 1792 5707 τὰς
1817 5648 1923 5717 είρ-

359 5718 494 5782 κτὰς
524 5724 618 5776 καὶ
647 5723 746 5789 τὰς
786 5721 928 5779 κατὰ
972 5725 1080 5780 τῶν
1123 5725 1306 5782 νώτων
1335 5729 1366 5798 ἢ
1402 5730 1544 5784 κατά
1570 5732 1679 5788 τῶν
1707 5734 1922 5803 όσφύων

462 5895 502 5930 "’
530 5896 668 5958 Pr‘.
706 5920 894 5972 cxxm,
923 5907 975 5966 7.
1051 5907 1095 5941 "
1134 5907 1176 5964 ll
1206 5907 1334 5968 Cor.
1367 5928 1442 5980 xl,
1478 5913 1570 5971 25.

2034 4750 2138 4804 est,
2170 4748 2225 4794 et
2253 4756 2354 4796 nos
2383 4741 2596 4794 liberati
2629 4756 2820 4796 sumus
2845 4741 2912 4798 "’.
2959 4761 2977 4794 ι
3012 4729 3198 4796 Primo
3229 4741 3444 4810 quidem
3500 4742 3596 4809 qui

2033 4831 2155 4901 igne
2171 4831 2589 4895 examinantur,
2631 4833 2688 4886 in
2738 4831 2991 4903 laqueum
3029 4833 3361 4888 inducuntur
3393 4833 3509 4887 sive
3537 4835 3602 4888 in

2030 4922 2364 4993 praesidium,
2416 4923 2472 4976 in
2519 4925 2880 4981 munitionem
2939 4935 3032 4982 aut
3091 4927 3145 4980 in
3206 4925 3588 4992 obsidionem;

2029 5013 2270 5070 secundo
2299 5023 2573 5070 certamen
2600 5019 2836 5087 obeunt;
2865 5021 3009 5091 quod
3038 5018 3344 5090 signiﬁcant
3374 5019 3458 5073 bis
3482 5033 3592 5074 ver-

2027 5105 2113 5160 bis
2149 5123 2162 5158 :
2201 5121 2220 5156 ι
2257 5104 2499 5162 Posuisti
2550 5109 2931 5166 tribulationes
2975 5112 3029 5164 in
3083 5109 3248 5164 dorso
3309 5121 3536 5177 nostro;
3567 5130 3585 5162 ι

2025 5196 2329 5252 secundum
2361 5197 2610 5270 Aquilam
2643 5214 2772 5256 vero
2799 5201 3023 5255 dicunt:
3061 5219 3079 5252 ι
3113 5199 3350 5258 Posuisti
3381 5203 3589 5256 contri-

2025 5289 2228 5344 tionem
2257 5291 2314 5346 in
2344 5292 2510 5349 dorso
2528 5302 2752 5358 nostro;
2784 5311 2803 5344 ι
2840 5275 3140 5347 secundum
3163 5293 3546 5364 Symmachum
3571 5313 3584 5349 :

2029 5400 2049 5433 c
2083 5380 2326 5438 Posuisti
2358 5384 2622 5439 circulum
2656 5382 2857 5437 lumbis
2897 5385 3122 5439 nostris.
3163 5404 3181 5437 ι
3220 5384 3316 5440 His
3339 5398 3467 5437 vero
3495 5383 3591 5438 de.

2023 5473 2238 5528 clarant
2263 5469 2746 5544 inﬂictas'corpori
2774 5474 2979 5543 plagas,
3002 5489 3138 5543 quas
3169 5473 3408 5544 apertius
3426 5488 3587 5527 enar-

2021 5564 2166 5617 ravit
2215 5563 2511 5635 Apostolus
2555 5566 2743 5624 dicens
2776 5587 2787 5621 :
2827 5586 2845 5619 ι
2878 5568 2983 5622 Ter
3013 5567 3182 5637 virgis
3216 5579 3390 5620 caesus
3437 5580 3582 5628 sum,

2022 5655 2194 5711 semel
2219 5655 2492 5725 lapidatus
2523 5672 2667 5718 sum,
2712 5673 2743 5712 a
2787 5656 2988 5714 ludatis
3042 5656 3420 5727 quadragenas
3481 5671 3586 5710 una

2019 5747 2208 5805 minus
2237 5748 2506 5806 acceni“.
2542 5767 2563 5802 ι
2598 5747 2728 5806 Post
2749 5764 3018 5817 carceres,
3047 5758 3170 5819 post
3198 5749 3384 5819 plagas
3423 5748 3590 5805 dorso
