  <div class='ocr_page' id='page_1' title='image "/cluster/home/n/w/nwhite01/storage/ocr_20150623/23/coo.31924054873041/347.png"; bbox 0 0 4300 6396; ppageno 0'>
   <div class='ocr_carea' id='block_1_1' title="bbox 807 444 911 504">
    <p class='ocr_par' dir='ltr' id='par_1_1' title="bbox 807 444 911 504">
     <span class='ocr_line' id='line_1_1' title="bbox 807 444 911 504; baseline 0 0"><span class='ocrx_word' id='word_1_1' title='bbox 807 444 911 504; x_wconf 76' lang='lat'><strong>663</strong></span> 
     </span>
    </p>
   </div>
   <div class='ocr_carea' id='block_1_2' title="bbox 1511 447 3323 512">
    <p class='ocr_par' dir='ltr' id='par_1_2' title="bbox 1511 447 3323 512">
     <span class='ocr_line' id='line_1_2' title="bbox 1511 447 3323 512; baseline 0.005 -10"><span class='ocrx_word' id='word_1_2' title='bbox 1511 447 1778 505; x_wconf 83' lang='lat' dir='ltr'><strong>EUSEBII</strong></span> <span class='ocrx_word' id='word_1_3' title='bbox 1811 450 2285 508; x_wconf 68' lang='lat' dir='ltr'><strong>CESARIENSIS</strong></span> <span class='ocrx_word' id='word_1_4' title='bbox 2316 453 2464 510; x_wconf 86' lang='lat' dir='ltr'><strong>OPP.</strong></span> <span class='ocrx_word' id='word_1_5' title='bbox 2505 453 2684 510; x_wconf 79' lang='lat' dir='ltr'><strong>PARS</strong></span> <span class='ocrx_word' id='word_1_6' title='bbox 2721 455 2882 510; x_wconf 91' lang='lat' dir='ltr'><strong>lll.—</strong></span> <span class='ocrx_word' id='word_1_7' title='bbox 2915 448 3323 512; x_wconf 76' lang='lat' dir='ltr'><strong>EXEGETICA.</strong></span> 
     </span>
    </p>
   </div>
   <div class='ocr_carea' id='block_1_3' title="bbox 3889 459 3991 514">
    <p class='ocr_par' dir='ltr' id='par_1_3' title="bbox 3889 459 3991 514">
     <span class='ocr_line' id='line_1_3' title="bbox 3889 459 3991 514; baseline 0.02 -1"><span class='ocrx_word' id='word_1_8' title='bbox 3889 459 3991 514; x_wconf 71' lang='grc'><strong>664</strong></span> 
     </span>
    </p>
   </div>
   <div class='ocr_carea' id='block_1_4' title="bbox 807 567 2505 644">
    <p class='ocr_par' dir='ltr' id='par_1_4' title="bbox 807 567 2505 640">
     <span class='ocr_line' id='line_1_4' title="bbox 807 567 2505 640; baseline 0.001 -17"><span class='ocrx_word' id='word_1_9' title='bbox 807 578 901 623; x_wconf 93' lang='lat' dir='ltr'><strong>aut</strong></span> <span class='ocrx_word' id='word_1_10' title='bbox 960 568 1155 622; x_wconf 89' lang='lat' dir='ltr'><strong>lumbis</strong></span> <span class='ocrx_word' id='word_1_11' title='bbox 1204 567 1449 622; x_wconf 85' lang='lat' dir='ltr'><strong>incussas</strong></span> <span class='ocrx_word' id='word_1_12' title='bbox 1503 569 1616 622; x_wconf 74' lang='lat' dir='ltr'><strong>haec</strong></span> <span class='ocrx_word' id='word_1_13' title='bbox 1683 568 1888 623; x_wconf 89' lang='lat' dir='ltr'><strong>addunt</strong></span> <span class='ocrx_word' id='word_1_14' title='bbox 1926 589 1937 622; x_wconf 94' lang='lat'>:</span> <span class='ocrx_word' id='word_1_15' title='bbox 1976 589 1993 620; x_wconf 78' lang='grc' dir='ltr'><strong>ι</strong></span> <span class='ocrx_word' id='word_1_16' title='bbox 2035 569 2344 640; x_wconf 82' lang='lat' dir='ltr'><strong>imposuisti</strong></span> <span class='ocrx_word' id='word_1_17' title='bbox 2369 581 2418 635; x_wconf 76' lang='grc' dir='ltr'>Α</span> <span class='ocrx_word' id='word_1_18' title='bbox 2447 574 2505 625; x_wconf 84' lang='grc' dir='ltr'>π)</span> 
     </span>
    </p>
   </div>
   <div class='ocr_carea' id='block_1_5' title="bbox 2296 567 3994 644">
    <p class='ocr_par' dir='ltr' id='par_1_5' title="bbox 2296 571 3994 644">
     <span class='ocr_line' id='line_1_5' title="bbox 2296 571 3994 644; baseline 0.005 -22"><span class='ocrx_word' id='word_1_19' title='bbox 2296 573 2344 625; x_wconf 84' lang='lat' dir='ltr'><strong>.ti</strong></span> <span class='ocrx_word' id='word_1_20' title='bbox 2369 581 2418 635; x_wconf 77' lang='grc' dir='ltr'>Α</span> <span class='ocrx_word' id='word_1_21' title='bbox 2447 574 2672 643; x_wconf 84' lang='grc' dir='ltr'>πληγάς·</span> <span class='ocrx_word' id='word_1_22' title='bbox 2710 593 2726 624; x_wconf 80' lang='grc' dir='ltr'><strong>ι</strong></span> <span class='ocrx_word' id='word_1_23' title='bbox 2751 572 3102 635; x_wconf 76' lang='grc' dir='ltr'>Ἐπεὸίϐασας</span> <span class='ocrx_word' id='word_1_24' title='bbox 3133 571 3445 642; x_wconf 74' lang='grc' dir='ltr'><strong>ἀνθρώπους</strong></span> <span class='ocrx_word' id='word_1_25' title='bbox 3477 572 3566 624; x_wconf 73' lang='grc' dir='ltr'><strong>ἐπὶ</strong></span> <span class='ocrx_word' id='word_1_26' title='bbox 3623 574 3718 636; x_wconf 83' lang='grc' dir='ltr'>τὰς</span> <span class='ocrx_word' id='word_1_27' title='bbox 3759 577 3994 644; x_wconf 80' lang='grc' dir='ltr'>κεφαλάς</span> 
     </span>
    </p>
   </div>
   <div class='ocr_carea' id='block_1_6' title="bbox 808 657 2345 726">
    <p class='ocr_par' dir='ltr' id='par_1_6' title="bbox 808 657 2345 726">
     <span class='ocr_line' id='line_1_6' title="bbox 808 657 2345 726; baseline 0.001 -15"><span class='ocrx_word' id='word_1_28' title='bbox 808 660 1053 713; x_wconf 81' lang='lat' dir='ltr'><strong>homines</strong></span> <span class='ocrx_word' id='word_1_29' title='bbox 1087 673 1247 726; x_wconf 85' lang='lat' dir='ltr'><strong>super</strong></span> <span class='ocrx_word' id='word_1_30' title='bbox 1269 659 1443 726; x_wconf 90' lang='lat' dir='ltr'><strong>capita</strong></span> <span class='ocrx_word' id='word_1_31' title='bbox 1467 669 1670 712; x_wconf 90' lang='lat' dir='ltr'><strong>nostra.</strong></span> <span class='ocrx_word' id='word_1_32' title='bbox 1712 677 1729 708; x_wconf 74' lang='grc' dir='ltr'><strong>ι</strong></span> <span class='ocrx_word' id='word_1_33' title='bbox 1777 657 1902 722; x_wconf 63' lang='lat' dir='ltr'><strong>Haec</strong></span> <span class='ocrx_word' id='word_1_34' title='bbox 1945 667 2120 712; x_wconf 87' lang='lat' dir='ltr'><strong>autem</strong></span> <span class='ocrx_word' id='word_1_35' title='bbox 2146 659 2345 713; x_wconf 90' lang='lat' dir='ltr'><strong>intelli-</strong></span> 
     </span>
    </p>
   </div>
   <div class='ocr_carea' id='block_1_7' title="bbox 805 748 2348 818">
    <p class='ocr_par' dir='ltr' id='par_1_7' title="bbox 805 748 2348 818">
     <span class='ocr_line' id='line_1_7' title="bbox 805 748 2348 818; baseline 0 -15"><span class='ocrx_word' id='word_1_36' title='bbox 805 764 920 818; x_wconf 87' lang='lat' dir='ltr'><strong>ges,</strong></span> <span class='ocrx_word' id='word_1_37' title='bbox 950 762 1069 800; x_wconf 87' lang='lat' dir='ltr'><strong>cum</strong></span> <span class='ocrx_word' id='word_1_38' title='bbox 1103 748 1286 802; x_wconf 88' lang='lat' dir='ltr'><strong>videas</strong></span> <span class='ocrx_word' id='word_1_39' title='bbox 1313 748 1500 803; x_wconf 88' lang='lat' dir='ltr'><strong>atheos</strong></span> <span class='ocrx_word' id='word_1_40' title='bbox 1529 757 1582 801; x_wconf 88' lang='lat' dir='ltr'><strong>et</strong></span> <span class='ocrx_word' id='word_1_41' title='bbox 1612 748 1810 817; x_wconf 90' lang='lat' dir='ltr'><strong>impios</strong></span> <span class='ocrx_word' id='word_1_42' title='bbox 1831 750 1978 803; x_wconf 89' lang='lat' dir='ltr'><strong>viros</strong></span> <span class='ocrx_word' id='word_1_43' title='bbox 2014 751 2348 818; x_wconf 82' lang='lat' dir='ltr'><strong>persecutio-</strong></span> 
     </span>
    </p>
   </div>
   <div class='ocr_carea' id='block_1_8' title="bbox 807 840 2345 909">
    <p class='ocr_par' dir='ltr' id='par_1_8' title="bbox 807 840 2345 909">
     <span class='ocr_line' id='line_1_8' title="bbox 807 840 2345 909; baseline -0.001 -18"><span class='ocrx_word' id='word_1_44' title='bbox 807 856 932 892; x_wconf 90' lang='lat' dir='ltr'><strong>num</strong></span> <span class='ocrx_word' id='word_1_45' title='bbox 969 847 1208 907; x_wconf 91' lang='lat' dir='ltr'><strong>tempore</strong></span> <span class='ocrx_word' id='word_1_46' title='bbox 1235 841 1573 907; x_wconf 77' lang='lat' dir='ltr'><strong>insurgentes</strong></span> <span class='ocrx_word' id='word_1_47' title='bbox 1602 854 1664 892; x_wconf 90' lang='lat' dir='ltr'><strong>ac</strong></span> <span class='ocrx_word' id='word_1_48' title='bbox 1704 849 1892 893; x_wconf 85' lang='lat' dir='ltr'><strong>contra</strong></span> <span class='ocrx_word' id='word_1_49' title='bbox 1917 840 2110 894; x_wconf 73' lang='lat' dir='ltr'><strong>divinae</strong></span> <span class='ocrx_word' id='word_1_50' title='bbox 2136 841 2345 909; x_wconf 81' lang='lat' dir='ltr'><strong>religio-</strong></span> 
     </span>
    </p>
   </div>
   <div class='ocr_carea' id='block_1_9' title="bbox 804 931 2347 1000">
    <p class='ocr_par' dir='ltr' id='par_1_9' title="bbox 804 931 2347 1000">
     <span class='ocr_line' id='line_1_9' title="bbox 804 931 2347 1000; baseline 0.001 -17"><span class='ocrx_word' id='word_1_51' title='bbox 804 931 890 983; x_wconf 86' lang='lat' dir='ltr'><strong>nis</strong></span> <span class='ocrx_word' id='word_1_52' title='bbox 920 931 1145 986; x_wconf 89' lang='lat' dir='ltr'><strong>athletas</strong></span> <span class='ocrx_word' id='word_1_53' title='bbox 1171 946 1290 985; x_wconf 88' lang='lat' dir='ltr'><strong>sese</strong></span> <span class='ocrx_word' id='word_1_54' title='bbox 1313 931 1663 995; x_wconf 73' lang='lat' dir='ltr'><strong>extollentes;</strong></span> <span class='ocrx_word' id='word_1_55' title='bbox 1698 931 1797 985; x_wconf 94' lang='lat' dir='ltr'><strong>hos</strong></span> <span class='ocrx_word' id='word_1_56' title='bbox 1833 946 1960 985; x_wconf 84' lang='lat' dir='ltr'><strong>vero</strong></span> <span class='ocrx_word' id='word_1_57' title='bbox 2012 932 2252 1000; x_wconf 70' lang='lat' dir='ltr'><strong>abiectos</strong></span> <span class='ocrx_word' id='word_1_58' title='bbox 2284 947 2347 985; x_wconf 92' lang='lat' dir='ltr'><strong>ac</strong></span> 
     </span>
    </p>
   </div>
   <div class='ocr_carea' id='block_1_10' title="bbox 805 1021 2343 1090">
    <p class='ocr_par' dir='ltr' id='par_1_10' title="bbox 805 1021 2343 1090">
     <span class='ocr_line' id='line_1_10' title="bbox 805 1021 2343 1090; baseline 0.003 -20"><span class='ocrx_word' id='word_1_59' title='bbox 805 1021 955 1073; x_wconf 86' lang='lat' dir='ltr'><strong>vultu</strong></span> <span class='ocrx_word' id='word_1_60' title='bbox 1006 1021 1244 1075; x_wconf 90' lang='lat' dir='ltr'><strong>demisso</strong></span> <span class='ocrx_word' id='word_1_61' title='bbox 1287 1021 1356 1074; x_wconf 89' lang='lat' dir='ltr'><strong>ob</strong></span> <span class='ocrx_word' id='word_1_62' title='bbox 1392 1021 1703 1090; x_wconf 89' lang='lat' dir='ltr'><strong>blasphema</strong></span> <span class='ocrx_word' id='word_1_63' title='bbox 1747 1022 1891 1075; x_wconf 91' lang='lat' dir='ltr'><strong>dicta</strong></span> <span class='ocrx_word' id='word_1_64' title='bbox 1940 1028 1992 1076; x_wconf 92' lang='lat' dir='ltr'><strong>et</strong></span> <span class='ocrx_word' id='word_1_65' title='bbox 2028 1022 2343 1090; x_wconf 88' lang='lat' dir='ltr'><strong>jactantiam</strong></span> 
     </span>
    </p>
   </div>
   <div class='ocr_carea' id='block_1_11' title="bbox 807 1109 2344 1180">
    <p class='ocr_par' dir='ltr' id='par_1_11' title="bbox 807 1109 2344 1180">
     <span class='ocr_line' id='line_1_11' title="bbox 807 1109 2344 1180; baseline 0.003 -19"><span class='ocrx_word' id='word_1_66' title='bbox 807 1111 1104 1164; x_wconf 85' lang='lat' dir='ltr'><strong>atheorum.</strong></span> <span class='ocrx_word' id='word_1_67' title='bbox 1136 1109 1199 1163; x_wconf 87' lang='lat' dir='ltr'><strong>Et</strong></span> <span class='ocrx_word' id='word_1_68' title='bbox 1228 1125 1355 1163; x_wconf 89' lang='lat' dir='ltr'><strong>vero</strong></span> <span class='ocrx_word' id='word_1_69' title='bbox 1385 1111 1701 1180; x_wconf 89' lang='lat' dir='ltr'><strong>plerumque</strong></span> <span class='ocrx_word' id='word_1_70' title='bbox 1747 1113 1833 1166; x_wconf 86' lang='lat' dir='ltr'><strong>vel</strong></span> <span class='ocrx_word' id='word_1_71' title='bbox 1876 1112 2110 1180; x_wconf 87' lang='lat' dir='ltr'><strong>pupillas</strong></span> <span class='ocrx_word' id='word_1_72' title='bbox 2156 1114 2344 1166; x_wconf 90' lang='lat' dir='ltr'><strong>oculo-</strong></span> 
     </span>
    </p>
   </div>
   <div class='ocr_carea' id='block_1_12' title="bbox 805 1193 2344 1269">
    <p class='ocr_par' dir='ltr' id='par_1_12' title="bbox 805 1193 2344 1269">
     <span class='ocr_line' id='line_1_12' title="bbox 805 1193 2344 1269; baseline 0.003 -20"><span class='ocrx_word' id='word_1_73' title='bbox 805 1214 922 1250; x_wconf 83' lang='lat' dir='ltr'><strong>rum</strong></span> <span class='ocrx_word' id='word_1_74' title='bbox 952 1199 1326 1260; x_wconf 88' lang='lat' dir='ltr'><strong>verberabant,</strong></span> <span class='ocrx_word' id='word_1_75' title='bbox 1353 1200 1479 1252; x_wconf 92' lang='lat' dir='ltr'><strong>dum</strong></span> <span class='ocrx_word' id='word_1_76' title='bbox 1513 1200 1686 1267; x_wconf 86' lang='lat' dir='ltr'><strong>capita</strong></span> <span class='ocrx_word' id='word_1_77' title='bbox 1717 1199 2039 1252; x_wconf 77' lang='lat' dir='ltr'><strong>athletarum</strong></span> <span class='ocrx_word' id='word_1_78' title='bbox 2060 1198 2152 1254; x_wconf 92' lang='lat' dir='ltr'><strong>Dei</strong></span> <span class='ocrx_word' id='word_1_79' title='bbox 2175 1193 2344 1269; x_wconf 86' lang='lat' dir='ltr'><strong>plagis</strong></span> 
     </span>
    </p>
   </div>
   <div class='ocr_carea' id='block_1_13' title="bbox 804 1287 2342 1360">
    <p class='ocr_par' dir='ltr' id='par_1_13' title="bbox 804 1287 2342 1360">
     <span class='ocr_line' id='line_1_13' title="bbox 804 1287 2342 1360; baseline 0.001 -19"><span class='ocrx_word' id='word_1_80' title='bbox 804 1288 1088 1342; x_wconf 68' lang='lat' dir='ltr'><strong>caederent.</strong></span> <span class='ocrx_word' id='word_1_81' title='bbox 1117 1287 1221 1342; x_wconf 88' lang='lat' dir='ltr'><strong>Sed</strong></span> <span class='ocrx_word' id='word_1_82' title='bbox 1250 1288 1364 1342; x_wconf 69' lang='lat' dir='ltr'><strong>haac</strong></span> <span class='ocrx_word' id='word_1_83' title='bbox 1395 1290 1576 1342; x_wconf 82' lang='lat' dir='ltr'><strong>omnia</strong></span> <span class='ocrx_word' id='word_1_84' title='bbox 1596 1329 1610 1351; x_wconf 92' lang='lat'><strong>,</strong></span> <span class='ocrx_word' id='word_1_85' title='bbox 1640 1290 1792 1343; x_wconf 89' lang='lat' dir='ltr'><strong>aiunt</strong></span> <span class='ocrx_word' id='word_1_86' title='bbox 1834 1288 1926 1343; x_wconf 90' lang='lat' dir='ltr'><strong>Dei</strong></span> <span class='ocrx_word' id='word_1_87' title='bbox 1973 1297 2254 1360; x_wconf 88' lang='lat' dir='ltr'><strong>martyres,</strong></span> <span class='ocrx_word' id='word_1_88' title='bbox 2287 1298 2342 1343; x_wconf 92' lang='lat' dir='ltr'><strong>tu</strong></span> 
     </span>
    </p>
   </div>
   <div class='ocr_carea' id='block_1_14' title="bbox 803 1377 2345 1450">
    <p class='ocr_par' dir='ltr' id='par_1_14' title="bbox 803 1377 2345 1450">
     <span class='ocr_line' id='line_1_14' title="bbox 803 1377 2345 1450; baseline 0.002 -19"><span class='ocrx_word' id='word_1_89' title='bbox 803 1379 979 1441; x_wconf 86' lang='lat' dir='ltr'><strong>nobis,</strong></span> <span class='ocrx_word' id='word_1_90' title='bbox 1011 1377 1174 1442; x_wconf 83' lang='lat' dir='ltr'><strong>Deus,</strong></span> <span class='ocrx_word' id='word_1_91' title='bbox 1211 1379 1470 1433; x_wconf 82' lang='lat' dir='ltr'><strong>induxisti</strong></span> <span class='ocrx_word' id='word_1_92' title='bbox 1505 1398 1518 1433; x_wconf 89' lang='lat'><strong>:</strong></span> <span class='ocrx_word' id='word_1_93' title='bbox 1552 1394 1650 1433; x_wconf 90' lang='lat' dir='ltr'><strong>nec</strong></span> <span class='ocrx_word' id='word_1_94' title='bbox 1693 1385 1873 1434; x_wconf 88' lang='lat' dir='ltr'><strong>tamen</strong></span> <span class='ocrx_word' id='word_1_95' title='bbox 1904 1387 1956 1433; x_wconf 92' lang='lat' dir='ltr'><strong>te</strong></span> <span class='ocrx_word' id='word_1_96' title='bbox 1984 1379 2192 1434; x_wconf 85' lang='lat' dir='ltr'><strong>volente</strong></span> <span class='ocrx_word' id='word_1_97' title='bbox 2218 1381 2345 1450; x_wconf 91' lang='lat' dir='ltr'><strong>quid</strong></span> 
     </span>
    </p>
   </div>
   <div class='ocr_carea' id='block_1_15' title="bbox 804 1469 2344 1540">
    <p class='ocr_par' dir='ltr' id='par_1_15' title="bbox 804 1469 2344 1540">
     <span class='ocr_line' id='line_1_15' title="bbox 804 1469 2344 1540; baseline 0.003 -18"><span class='ocrx_word' id='word_1_98' title='bbox 804 1469 981 1523; x_wconf 83' lang='lat' dir='ltr'><strong>simile</strong></span> <span class='ocrx_word' id='word_1_99' title='bbox 1005 1470 1060 1522; x_wconf 93' lang='lat' dir='ltr'><strong>in</strong></span> <span class='ocrx_word' id='word_1_100' title='bbox 1093 1470 1506 1524; x_wconf 79' lang='lat' dir='ltr'><strong>nos&#39;admittere</strong></span> <span class='ocrx_word' id='word_1_101' title='bbox 1538 1469 1654 1523; x_wconf 84' lang='lat' dir='ltr'><strong>ausi</strong></span> <span class='ocrx_word' id='word_1_102' title='bbox 1688 1478 1833 1534; x_wconf 89' lang='lat' dir='ltr'><strong>sunt,</strong></span> <span class='ocrx_word' id='word_1_103' title='bbox 1869 1471 1960 1525; x_wconf 88' lang='lat' dir='ltr'><strong>sed</strong></span> <span class='ocrx_word' id='word_1_104' title='bbox 1987 1471 2344 1540; x_wconf 88' lang='lat' dir='ltr'><strong>permittente.</strong></span> 
     </span>
    </p>
   </div>
   <div class='ocr_carea' id='block_1_16' title="bbox 807 1558 2348 1628">
    <p class='ocr_par' dir='ltr' id='par_1_16' title="bbox 807 1558 2348 1628">
     <span class='ocr_line' id='line_1_16' title="bbox 807 1558 2348 1628; baseline 0.002 -19"><span class='ocrx_word' id='word_1_105' title='bbox 807 1558 985 1622; x_wconf 87' lang='lat' dir='ltr'><strong>Quare</strong></span> <span class='ocrx_word' id='word_1_106' title='bbox 1022 1558 1100 1612; x_wconf 85' lang='lat' dir='ltr'><strong>sic</strong></span> <span class='ocrx_word' id='word_1_107' title='bbox 1138 1572 1257 1611; x_wconf 92' lang='lat' dir='ltr'><strong>eum</strong></span> <span class='ocrx_word' id='word_1_108' title='bbox 1289 1560 1675 1628; x_wconf 82' lang='lat' dir='ltr'><strong>alloquuntur:</strong></span> <span class='ocrx_word' id='word_1_109' title='bbox 1713 1579 1731 1609; x_wconf 73' lang='grc' dir='ltr'><strong>ι</strong></span> <span class='ocrx_word' id='word_1_110' title='bbox 1762 1558 2022 1615; x_wconf 81' lang='lat' dir='ltr'><strong>lnduxisti</strong></span> <span class='ocrx_word' id='word_1_111' title='bbox 2056 1574 2154 1614; x_wconf 91' lang='lat' dir='ltr'><strong>nos</strong></span> <span class='ocrx_word' id='word_1_112' title='bbox 2187 1560 2241 1614; x_wconf 92' lang='lat' dir='ltr'><strong>in</strong></span> <span class='ocrx_word' id='word_1_113' title='bbox 2270 1561 2348 1613; x_wconf 87' lang='lat' dir='ltr'><strong>la-</strong></span> 
     </span>
    </p>
   </div>
   <div class='ocr_carea' id='block_1_17' title="bbox 805 1647 2344 1716">
    <p class='ocr_par' dir='ltr' id='par_1_17' title="bbox 805 1647 2344 1716">
     <span class='ocr_line' id='line_1_17' title="bbox 805 1647 2344 1716; baseline 0.003 -16"><span class='ocrx_word' id='word_1_114' title='bbox 805 1663 1021 1716; x_wconf 89' lang='lat' dir='ltr'><strong>queum.</strong></span> <span class='ocrx_word' id='word_1_115' title='bbox 1065 1667 1083 1699; x_wconf 74' lang='grc' dir='ltr'><strong>ι</strong></span> <span class='ocrx_word' id='word_1_116' title='bbox 1115 1647 1194 1702; x_wconf 90' lang='grc' dir='ltr'><strong>Τιι</strong></span> <span class='ocrx_word' id='word_1_117' title='bbox 1229 1651 1371 1702; x_wconf 89' lang='lat' dir='ltr'><strong>enim</strong></span> <span class='ocrx_word' id='word_1_118' title='bbox 1422 1665 1520 1704; x_wconf 90' lang='lat' dir='ltr'><strong>nos</strong></span> <span class='ocrx_word' id='word_1_119' title='bbox 1563 1665 1780 1705; x_wconf 88' lang='lat' dir='ltr'><strong>carcere</strong></span> <span class='ocrx_word' id='word_1_120' title='bbox 1821 1651 2050 1705; x_wconf 90' lang='lat' dir='ltr'><strong>detineri</strong></span> <span class='ocrx_word' id='word_1_121' title='bbox 2093 1652 2344 1712; x_wconf 89' lang='lat' dir='ltr'><strong>curabas,</strong></span> 
     </span>
    </p>
   </div>
   <div class='ocr_carea' id='block_1_18' title="bbox 807 1738 2347 1809">
    <p class='ocr_par' dir='ltr' id='par_1_18' title="bbox 807 1738 2347 1809">
     <span class='ocr_line' id='line_1_18' title="bbox 807 1738 2347 1809; baseline 0.003 -20"><span class='ocrx_word' id='word_1_122' title='bbox 807 1741 930 1806; x_wconf 89' lang='lat' dir='ltr'><strong>quia</strong></span> <span class='ocrx_word' id='word_1_123' title='bbox 962 1738 1012 1790; x_wconf 91' lang='lat' dir='ltr'><strong>id</strong></span> <span class='ocrx_word' id='word_1_124' title='bbox 1061 1738 1170 1791; x_wconf 80' lang='lat' dir='ltr'><strong>fieri</strong></span> <span class='ocrx_word' id='word_1_125' title='bbox 1203 1739 1573 1807; x_wconf 89' lang='lat' dir='ltr'><strong>permittebas.</strong></span> <span class='ocrx_word' id='word_1_126' title='bbox 1613 1741 1692 1793; x_wconf 85' lang='lat' dir='ltr'><strong>Tu</strong></span> <span class='ocrx_word' id='word_1_127' title='bbox 1722 1755 1936 1809; x_wconf 90' lang='lat' dir='ltr'><strong>quoque</strong></span> <span class='ocrx_word' id='word_1_128' title='bbox 1983 1741 2222 1809; x_wconf 89' lang='lat' dir='ltr'><strong>ponebas</strong></span> <span class='ocrx_word' id='word_1_129' title='bbox 2253 1741 2347 1793; x_wconf 81' lang='lat' dir='ltr'><strong>tri-</strong></span> 
     </span>
    </p>
   </div>
   <div class='ocr_carea' id='block_1_19' title="bbox 809 1828 2348 1898">
    <p class='ocr_par' dir='ltr' id='par_1_19' title="bbox 809 1828 2348 1898">
     <span class='ocr_line' id='line_1_19' title="bbox 809 1828 2348 1898; baseline 0.003 -18"><span class='ocrx_word' id='word_1_130' title='bbox 809 1828 1106 1882; x_wconf 88' lang='lat' dir='ltr'><strong>bulationes</strong></span> <span class='ocrx_word' id='word_1_131' title='bbox 1140 1829 1196 1882; x_wconf 92' lang='lat' dir='ltr'><strong>in</strong></span> <span class='ocrx_word' id='word_1_132' title='bbox 1227 1828 1391 1883; x_wconf 87' lang='lat' dir='ltr'><strong>dorso</strong></span> <span class='ocrx_word' id='word_1_133' title='bbox 1421 1838 1628 1884; x_wconf 90' lang='lat' dir='ltr'><strong>nostro.</strong></span> <span class='ocrx_word' id='word_1_134' title='bbox 1665 1829 1847 1898; x_wconf 86' lang='lat' dir='ltr'><strong>Neque</strong></span> <span class='ocrx_word' id='word_1_135' title='bbox 1885 1832 2028 1884; x_wconf 89' lang='lat' dir='ltr'><strong>enim</strong></span> <span class='ocrx_word' id='word_1_136' title='bbox 2071 1831 2126 1885; x_wconf 89' lang='lat' dir='ltr'><strong>id</strong></span> <span class='ocrx_word' id='word_1_137' title='bbox 2160 1832 2348 1885; x_wconf 80' lang='lat' dir='ltr'><strong>adver-</strong></span> 
     </span>
    </p>
   </div>
   <div class='ocr_carea' id='block_1_20' title="bbox 806 1918 2348 1988">
    <p class='ocr_par' dir='ltr' id='par_1_20' title="bbox 806 1918 2348 1988">
     <span class='ocr_line' id='line_1_20' title="bbox 806 1918 2348 1988; baseline 0.001 -16"><span class='ocrx_word' id='word_1_138' title='bbox 806 1934 923 1972; x_wconf 87' lang='lat' dir='ltr'><strong>sum</strong></span> <span class='ocrx_word' id='word_1_139' title='bbox 959 1933 1057 1973; x_wconf 92' lang='lat' dir='ltr'><strong>nos</strong></span> <span class='ocrx_word' id='word_1_140' title='bbox 1097 1918 1218 1972; x_wconf 85' lang='lat' dir='ltr'><strong>ausi</strong></span> <span class='ocrx_word' id='word_1_141' title='bbox 1258 1926 1462 1980; x_wconf 88' lang='lat' dir='ltr'><strong>essent,</strong></span> <span class='ocrx_word' id='word_1_142' title='bbox 1506 1919 1550 1971; x_wconf 88' lang='lat' dir='ltr'><strong>si</strong></span> <span class='ocrx_word' id='word_1_143' title='bbox 1602 1933 1703 1972; x_wconf 91' lang='lat' dir='ltr'><strong>nos</strong></span> <span class='ocrx_word' id='word_1_144' title='bbox 1739 1933 1898 1972; x_wconf 86' lang='lat' dir='ltr'><strong>manu</strong></span> <span class='ocrx_word' id='word_1_145' title='bbox 1939 1927 2222 1988; x_wconf 76' lang='lat' dir='ltr'><strong>protegens</strong></span> <span class='ocrx_word' id='word_1_146' title='bbox 2257 1931 2348 1974; x_wconf 89' lang='lat' dir='ltr'><strong>tua</strong></span> 
     </span>
    </p>
   </div>
   <div class='ocr_carea' id='block_1_21' title="bbox 804 2006 2348 2079">
    <p class='ocr_par' dir='ltr' id='par_1_21' title="bbox 804 2006 2348 2079">
     <span class='ocr_line' id='line_1_21' title="bbox 804 2006 2348 2079; baseline 0.001 -16"><span class='ocrx_word' id='word_1_147' title='bbox 804 2009 1174 2063; x_wconf 86' lang='lat' dir='ltr'><strong>custodiisses.</strong></span> <span class='ocrx_word' id='word_1_148' title='bbox 1225 2006 1307 2061; x_wconf 87' lang='lat' dir='ltr'><strong>Tu</strong></span> <span class='ocrx_word' id='word_1_149' title='bbox 1353 2020 1480 2062; x_wconf 86' lang='lat' dir='ltr'><strong>vero</strong></span> <span class='ocrx_word' id='word_1_150' title='bbox 1521 2008 1708 2062; x_wconf 88' lang='lat' dir='ltr'><strong>atheos</strong></span> <span class='ocrx_word' id='word_1_151' title='bbox 1747 2009 1994 2064; x_wconf 86' lang='lat' dir='ltr'><strong>homines</strong></span> <span class='ocrx_word' id='word_1_152' title='bbox 2041 2011 2348 2079; x_wconf 87' lang='lat' dir='ltr'><strong>imposuisti</strong></span> 
     </span>
    </p>
   </div>
   <div class='ocr_carea' id='block_1_22' title="bbox 805 2096 2347 2164">
    <p class='ocr_par' dir='ltr' id='par_1_22' title="bbox 805 2096 2347 2164">
     <span class='ocr_line' id='line_1_22' title="bbox 805 2096 2347 2164; baseline 0.004 -17"><span class='ocrx_word' id='word_1_153' title='bbox 805 2096 1178 2164; x_wconf 76' lang='lat' dir='ltr'><strong>super-capita</strong></span> <span class='ocrx_word' id='word_1_154' title='bbox 1224 2103 1433 2149; x_wconf 89' lang='lat' dir='ltr'><strong>nostra.</strong></span> <span class='ocrx_word' id='word_1_155' title='bbox 1458 2096 1536 2149; x_wconf 84' lang='lat' dir='ltr'><strong>Ad</strong></span> <span class='ocrx_word' id='word_1_156' title='bbox 1564 2097 1679 2151; x_wconf 65' lang='lat' dir='ltr'><strong>haec</strong></span> <span class='ocrx_word' id='word_1_157' title='bbox 1719 2105 1895 2151; x_wconf 89' lang='lat' dir='ltr'><strong>autem</strong></span> <span class='ocrx_word' id='word_1_158' title='bbox 1947 2100 2000 2152; x_wconf 90' lang='lat' dir='ltr'><strong>in</strong></span> <span class='ocrx_word' id='word_1_159' title='bbox 2049 2107 2347 2154; x_wconf 82' lang='lat' dir='ltr'><strong>extremum</strong></span> 
     </span>
    </p>
   </div>
   <div class='ocr_carea' id='block_1_23' title="bbox 807 2182 2349 2258">
    <p class='ocr_par' dir='ltr' id='par_1_23' title="bbox 807 2182 2349 2258">
     <span class='ocr_line' id='line_1_23' title="bbox 807 2182 2349 2258; baseline 0.005 -24"><span class='ocrx_word' id='word_1_160' title='bbox 807 2183 1074 2235; x_wconf 79' lang='lat' dir='ltr'><strong>malorum</strong></span> <span class='ocrx_word' id='word_1_161' title='bbox 1105 2182 1456 2250; x_wconf 83' lang='lat' dir='ltr'><strong>devenimus;</strong></span> <span class='ocrx_word' id='word_1_162' title='bbox 1490 2200 1615 2238; x_wconf 93' lang='lat' dir='ltr'><strong>nam</strong></span> <span class='ocrx_word' id='word_1_163' title='bbox 1645 2187 1733 2239; x_wconf 87' lang='lat' dir='ltr'><strong>alii</strong></span> <span class='ocrx_word' id='word_1_164' title='bbox 1764 2187 1987 2256; x_wconf 83' lang='lat' dir='ltr'><strong>quidem</strong></span> <span class='ocrx_word' id='word_1_165' title='bbox 2025 2189 2133 2258; x_wconf 86' lang='lat' dir='ltr'><strong>igni</strong></span> <span class='ocrx_word' id='word_1_166' title='bbox 2165 2189 2349 2242; x_wconf 90' lang='lat' dir='ltr'><strong>traditi</strong></span> 
     </span>
    </p>
   </div>
   <div class='ocr_carea' id='block_1_24' title="bbox 805 2273 2342 2346">
    <p class='ocr_par' dir='ltr' id='par_1_24' title="bbox 805 2273 2342 2346">
     <span class='ocr_line' id='line_1_24' title="bbox 805 2273 2342 2346; baseline 0.007 -23"><span class='ocrx_word' id='word_1_167' title='bbox 805 2278 1030 2325; x_wconf 84' lang='lat' dir='ltr'><strong>mortem</strong></span> <span class='ocrx_word' id='word_1_168' title='bbox 1079 2273 1482 2340; x_wconf 79' lang='lat' dir='ltr'><strong>Sustinuerunt;</strong></span> <span class='ocrx_word' id='word_1_169' title='bbox 1519 2275 1611 2328; x_wconf 85' lang='lat' dir='ltr'><strong>alii</strong></span> <span class='ocrx_word' id='word_1_170' title='bbox 1660 2276 1713 2329; x_wconf 92' lang='lat' dir='ltr'><strong>in</strong></span> <span class='ocrx_word' id='word_1_171' title='bbox 1740 2292 1878 2346; x_wconf 88' lang='lat' dir='ltr'><strong>aqua</strong></span> <span class='ocrx_word' id='word_1_172' title='bbox 1905 2280 2156 2332; x_wconf 81' lang='lat' dir='ltr'><strong>exstincti</strong></span> <span class='ocrx_word' id='word_1_173' title='bbox 2201 2288 2342 2334; x_wconf 91' lang='lat' dir='ltr'><strong>sunt.</strong></span> 
     </span>
    </p>
   </div>
   <div class='ocr_carea' id='block_1_25' title="bbox 806 2358 2349 2440">
    <p class='ocr_par' dir='ltr' id='par_1_25' title="bbox 806 2358 2349 2440">
     <span class='ocr_line' id='line_1_25' title="bbox 806 2358 2349 2440; baseline 0.008 -27"><span class='ocrx_word' id='word_1_174' title='bbox 806 2358 1027 2415; x_wconf 86' lang='lat' dir='ltr'><strong>Ferrum</strong></span> <span class='ocrx_word' id='word_1_175' title='bbox 1069 2363 1286 2432; x_wconf 90' lang='lat' dir='ltr'><strong>quippe,</strong></span> <span class='ocrx_word' id='word_1_176' title='bbox 1315 2371 1367 2418; x_wconf 88' lang='lat' dir='ltr'><strong>et</strong></span> <span class='ocrx_word' id='word_1_177' title='bbox 1410 2365 1552 2418; x_wconf 87' lang='lat' dir='ltr'><strong>ferro</strong></span> <span class='ocrx_word' id='word_1_178' title='bbox 1595 2366 1742 2419; x_wconf 81' lang='lat' dir='ltr'><strong>illata</strong></span> <span class='ocrx_word' id='word_1_179' title='bbox 1791 2370 2074 2437; x_wconf 88' lang='lat' dir='ltr'><strong>supplicia,</strong></span> <span class='ocrx_word' id='word_1_180' title='bbox 2134 2371 2349 2440; x_wconf 90' lang='lat' dir='ltr'><strong>aliaque</strong></span> 
     </span>
    </p>
   </div>
   <div class='ocr_carea' id='block_1_26' title="bbox 807 2452 2345 2524">
    <p class='ocr_par' dir='ltr' id='par_1_26' title="bbox 807 2452 2345 2524">
     <span class='ocr_line' id='line_1_26' title="bbox 807 2452 2345 2524; baseline 0.008 -22"><span class='ocrx_word' id='word_1_181' title='bbox 807 2452 995 2505; x_wconf 90' lang='lat' dir='ltr'><strong>mortis</strong></span> <span class='ocrx_word' id='word_1_182' title='bbox 1023 2466 1236 2520; x_wconf 86' lang='lat' dir='ltr'><strong>genera,</strong></span> <span class='ocrx_word' id='word_1_183' title='bbox 1263 2469 1380 2522; x_wconf 77' lang='lat' dir='ltr'><strong>quae</strong></span> <span class='ocrx_word' id='word_1_184' title='bbox 1399 2455 1630 2508; x_wconf 81' lang='lat' dir='ltr'><strong>maxima</strong></span> <span class='ocrx_word' id='word_1_185' title='bbox 1651 2470 1780 2524; x_wconf 88' lang='lat' dir='ltr'><strong>pars</strong></span> <span class='ocrx_word' id='word_1_186' title='bbox 1802 2467 2044 2513; x_wconf 88' lang='lat' dir='ltr'><strong>nostrum</strong></span> <span class='ocrx_word' id='word_1_187' title='bbox 2069 2462 2345 2524; x_wconf 88' lang='lat' dir='ltr'><strong>sustinuit,</strong></span> 
     </span>
    </p>
   </div>
   <div class='ocr_carea' id='block_1_27' title="bbox 807 2525 2344 2619">
    <p class='ocr_par' dir='ltr' id='par_1_27' title="bbox 807 2525 2344 2619">
     <span class='ocr_line' id='line_1_27' title="bbox 807 2525 2344 2619; baseline 0.007 -28"><span class='ocrx_word' id='word_1_188' title='bbox 807 2555 904 2607; x_wconf 93' lang='lat' dir='ltr'><strong>pro</strong></span> <span class='ocrx_word' id='word_1_189' title='bbox 936 2525 1105 2595; x_wconf 79' lang='lat' dir='ltr'><strong>nihilo</strong></span> <span class='ocrx_word' id='word_1_190' title='bbox 1131 2550 1446 2612; x_wconf 90' lang='lat' dir='ltr'><strong>reputantur</strong></span> <span class='ocrx_word' id='word_1_191' title='bbox 1470 2561 1537 2599; x_wconf 79' lang='lat' dir='ltr'><strong>ex</strong></span> <span class='ocrx_word' id='word_1_192' title='bbox 1561 2545 1887 2601; x_wconf 87' lang='lat' dir='ltr'><strong>deteriorum</strong></span> <span class='ocrx_word' id='word_1_193' title='bbox 1917 2552 2344 2619; x_wconf 88' lang='lat' dir='ltr'><strong>comparatione.</strong></span> 
     </span>
    </p>
   </div>
   <div class='ocr_carea' id='block_1_28' title="bbox 807 2629 2349 2705">
    <p class='ocr_par' dir='ltr' id='par_1_28' title="bbox 807 2629 2349 2705">
     <span class='ocr_line' id='line_1_28' title="bbox 807 2629 2349 2705; baseline 0.01 -23"><span class='ocrx_word' id='word_1_194' title='bbox 807 2629 1162 2694; x_wconf 83' lang='lat' dir='ltr'><strong>Quamobrem</strong></span> <span class='ocrx_word' id='word_1_195' title='bbox 1190 2633 1302 2687; x_wconf 83' lang='lat' dir='ltr'><strong>haec</strong></span> <span class='ocrx_word' id='word_1_196' title='bbox 1331 2635 1546 2703; x_wconf 83' lang='lat' dir='ltr'><strong>quidem</strong></span> <span class='ocrx_word' id='word_1_197' title='bbox 1583 2645 1839 2693; x_wconf 88' lang='lat' dir='ltr'><strong>tacemus.</strong></span> <span class='ocrx_word' id='word_1_198' title='bbox 1881 2639 2016 2705; x_wconf 87' lang='lat' dir='ltr'><strong>Quia</strong></span> <span class='ocrx_word' id='word_1_199' title='bbox 2047 2657 2174 2696; x_wconf 88' lang='lat' dir='ltr'><strong>vero</strong></span> <span class='ocrx_word' id='word_1_200' title='bbox 2211 2644 2349 2697; x_wconf 85' lang='lat' dir='ltr'><strong>inter</strong></span> 
     </span>
    </p>
   </div>
   <div class='ocr_carea' id='block_1_29' title="bbox 808 2722 2348 2801">
    <p class='ocr_par' dir='ltr' id='par_1_29' title="bbox 808 2722 2348 2801">
     <span class='ocr_line' id='line_1_29' title="bbox 808 2722 2348 2801; baseline 0.01 -30"><span class='ocrx_word' id='word_1_201' title='bbox 808 2722 1033 2784; x_wconf 87' lang='lat' dir='ltr'><strong>atrocia,</strong></span> <span class='ocrx_word' id='word_1_202' title='bbox 1085 2723 1217 2776; x_wconf 90' lang='lat' dir='ltr'><strong>nihil</strong></span> <span class='ocrx_word' id='word_1_203' title='bbox 1253 2723 1527 2780; x_wconf 87' lang='lat' dir='ltr'><strong>crudelius</strong></span> <span class='ocrx_word' id='word_1_204' title='bbox 1562 2741 1694 2783; x_wconf 81' lang='lat' dir='ltr'><strong>nece</strong></span> <span class='ocrx_word' id='word_1_205' title='bbox 1731 2744 1824 2797; x_wconf 89' lang='lat' dir='ltr'><strong>per</strong></span> <span class='ocrx_word' id='word_1_206' title='bbox 1869 2730 2044 2799; x_wconf 80' lang='lat' dir='ltr'><strong>ignem</strong></span> <span class='ocrx_word' id='word_1_207' title='bbox 2073 2740 2126 2786; x_wconf 88' lang='lat' dir='ltr'><strong>et</strong></span> <span class='ocrx_word' id='word_1_208' title='bbox 2156 2747 2348 2801; x_wconf 88' lang='lat' dir='ltr'><strong>aquam</strong></span> 
     </span>
    </p>
   </div>
   <div class='ocr_carea' id='block_1_30' title="bbox 810 2811 2349 2887">
    <p class='ocr_par' dir='ltr' id='par_1_30' title="bbox 810 2811 2349 2887">
     <span class='ocr_line' id='line_1_30' title="bbox 810 2811 2349 2887; baseline 0.009 -25"><span class='ocrx_word' id='word_1_209' title='bbox 810 2811 1334 2876; x_wconf 81' lang='lat' dir='ltr'><strong>illata-existimatur,</strong></span> <span class='ocrx_word' id='word_1_210' title='bbox 1362 2813 1475 2869; x_wconf 68' lang='lat' dir='ltr'><strong>haec</strong></span> <span class='ocrx_word' id='word_1_211' title='bbox 1513 2830 1612 2870; x_wconf 88' lang='lat' dir='ltr'><strong>nos</strong></span> <span class='ocrx_word' id='word_1_212' title='bbox 1640 2832 1925 2887; x_wconf 86' lang='lat' dir='ltr'><strong>perpessos</strong></span> <span class='ocrx_word' id='word_1_213' title='bbox 1947 2820 2196 2875; x_wconf 87' lang='lat' dir='ltr'><strong>dicimus.</strong></span> <span class='ocrx_word' id='word_1_214' title='bbox 2216 2821 2349 2876; x_wconf 85' lang='lat' dir='ltr'><strong>Nam</strong></span> 
     </span>
    </p>
   </div>
   <div class='ocr_carea' id='block_1_31' title="bbox 810 2901 2345 2979">
    <p class='ocr_par' dir='ltr' id='par_1_31' title="bbox 810 2901 2345 2979">
     <span class='ocr_line' id='line_1_31' title="bbox 810 2901 2345 2979; baseline 0.008 -25"><span class='ocrx_word' id='word_1_215' title='bbox 810 2901 897 2954; x_wconf 88' lang='lat' dir='ltr'><strong>alii</strong></span> <span class='ocrx_word' id='word_1_216' title='bbox 929 2913 1172 2958; x_wconf 91' lang='lat' dir='ltr'><strong>nostrum</strong></span> <span class='ocrx_word' id='word_1_217' title='bbox 1207 2906 1261 2959; x_wconf 92' lang='lat' dir='ltr'><strong>in</strong></span> <span class='ocrx_word' id='word_1_218' title='bbox 1285 2909 1419 2960; x_wconf 88' lang='lat' dir='ltr'><strong>mari</strong></span> <span class='ocrx_word' id='word_1_219' title='bbox 1445 2915 1499 2961; x_wconf 91' lang='lat' dir='ltr'><strong>et</strong></span> <span class='ocrx_word' id='word_1_220' title='bbox 1525 2907 1576 2961; x_wconf 90' lang='lat' dir='ltr'><strong>in</strong></span> <span class='ocrx_word' id='word_1_221' title='bbox 1603 2906 1912 2964; x_wconf 81' lang='lat' dir='ltr'><strong>ﬂuminibus</strong></span> <span class='ocrx_word' id='word_1_222' title='bbox 1929 2912 2162 2968; x_wconf 89' lang='lat' dir='ltr'><strong>demersi</strong></span> <span class='ocrx_word' id='word_1_223' title='bbox 2181 2924 2306 2967; x_wconf 91' lang='lat' dir='ltr'><strong>sunt</strong></span> <span class='ocrx_word' id='word_1_224' title='bbox 2331 2933 2345 2979; x_wconf 91' lang='lat'><strong>;</strong></span> 
     </span>
    </p>
   </div>
   <div class='ocr_carea' id='block_1_32' title="bbox 811 2993 2347 3072">
    <p class='ocr_par' dir='ltr' id='par_1_32' title="bbox 811 2993 2347 3072">
     <span class='ocr_line' id='line_1_32' title="bbox 811 2993 2347 3072; baseline 0.008 -28"><span class='ocrx_word' id='word_1_225' title='bbox 811 2993 902 3045; x_wconf 86' lang='lat' dir='ltr'><strong>alii</strong></span> <span class='ocrx_word' id='word_1_226' title='bbox 931 2995 1072 3063; x_wconf 87' lang='lat' dir='ltr'><strong>ignis</strong></span> <span class='ocrx_word' id='word_1_227' title='bbox 1099 2996 1424 3064; x_wconf 86' lang='lat' dir='ltr'><strong>supplicium</strong></span> <span class='ocrx_word' id='word_1_228' title='bbox 1445 2998 1682 3069; x_wconf 84' lang='lat' dir='ltr'><strong>luerunt.</strong></span> <span class='ocrx_word' id='word_1_229' title='bbox 1725 2997 1821 3053; x_wconf 83' lang='lat' dir='ltr'><strong>His</strong></span> <span class='ocrx_word' id='word_1_230' title='bbox 1856 3002 2020 3056; x_wconf 88' lang='lat' dir='ltr'><strong>tantis</strong></span> <span class='ocrx_word' id='word_1_231' title='bbox 2071 3004 2347 3072; x_wconf 88' lang='lat' dir='ltr'><strong>suppliciis</strong></span> 
     </span>
    </p>
   </div>
   <div class='ocr_carea' id='block_1_33' title="bbox 811 3084 2350 3161">
    <p class='ocr_par' dir='ltr' id='par_1_33' title="bbox 811 3084 2350 3161">
     <span class='ocr_line' id='line_1_33' title="bbox 811 3084 2350 3161; baseline 0.008 -25"><span class='ocrx_word' id='word_1_232' title='bbox 811 3084 1050 3151; x_wconf 89' lang='lat' dir='ltr'><strong>probasti</strong></span> <span class='ocrx_word' id='word_1_233' title='bbox 1083 3101 1202 3150; x_wconf 85' lang='lat' dir='ltr'><strong>nos,</strong></span> <span class='ocrx_word' id='word_1_234' title='bbox 1229 3085 1390 3152; x_wconf 85' lang='lat' dir='ltr'><strong>Deus,</strong></span> <span class='ocrx_word' id='word_1_235' title='bbox 1420 3088 1506 3143; x_wconf 93' lang='lat' dir='ltr'><strong>his</strong></span> <span class='ocrx_word' id='word_1_236' title='bbox 1532 3091 1788 3146; x_wconf 90' lang='lat' dir='ltr'><strong>omnibus</strong></span> <span class='ocrx_word' id='word_1_237' title='bbox 1830 3092 1950 3161; x_wconf 88' lang='lat' dir='ltr'><strong>igne</strong></span> <span class='ocrx_word' id='word_1_238' title='bbox 1989 3108 2088 3149; x_wconf 92' lang='lat' dir='ltr'><strong>nos</strong></span> <span class='ocrx_word' id='word_1_239' title='bbox 2125 3095 2350 3149; x_wconf 80' lang='lat' dir='ltr'><strong>exami-</strong></span> 
     </span>
    </p>
   </div>
   <div class='ocr_carea' id='block_1_34' title="bbox 811 3177 1806 3251">
    <p class='ocr_par' dir='ltr' id='par_1_34' title="bbox 811 3177 1806 3251">
     <span class='ocr_line' id='line_1_34' title="bbox 811 3177 1806 3251; baseline 0.011 -24"><span class='ocrx_word' id='word_1_240' title='bbox 811 3177 950 3229; x_wconf 87' lang='lat' dir='ltr'><strong>nasti</strong></span> <span class='ocrx_word' id='word_1_241' title='bbox 979 3177 1120 3231; x_wconf 89' lang='lat' dir='ltr'><strong>sicut</strong></span> <span class='ocrx_word' id='word_1_242' title='bbox 1151 3178 1492 3234; x_wconf 79' lang='lat' dir='ltr'><strong>examinatur</strong></span> <span class='ocrx_word' id='word_1_243' title='bbox 1529 3189 1806 3251; x_wconf 77' lang='lat' dir='ltr'><strong>argentum</strong></span> 
     </span>
    </p>
   </div>
   <div class='ocr_carea' id='block_1_35' title="bbox 883 3339 2351 3428">
    <p class='ocr_par' dir='ltr' id='par_1_35' title="bbox 883 3339 2351 3428">
     <span class='ocr_line' id='line_1_35' title="bbox 883 3339 2351 3428; baseline 0.009 -27"><span class='ocrx_word' id='word_1_244' title='bbox 883 3346 987 3402; x_wconf 87' lang='lat' dir='ltr'><strong>Sed</strong></span> <span class='ocrx_word' id='word_1_245' title='bbox 1026 3365 1148 3403; x_wconf 90' lang='lat' dir='ltr'><strong>cum</strong></span> <span class='ocrx_word' id='word_1_246' title='bbox 1191 3351 1305 3405; x_wconf 66' lang='lat' dir='ltr'><strong>haec</strong></span> <span class='ocrx_word' id='word_1_247' title='bbox 1345 3354 1527 3407; x_wconf 87' lang='lat' dir='ltr'><strong>omnia</strong></span> <span class='ocrx_word' id='word_1_248' title='bbox 1551 3354 1604 3408; x_wconf 89' lang='lat' dir='ltr'><strong>in</strong></span> <span class='ocrx_word' id='word_1_249' title='bbox 1638 3370 1737 3411; x_wconf 89' lang='lat' dir='ltr'><strong>nos</strong></span> <span class='ocrx_word' id='word_1_250' title='bbox 1767 3339 2093 3423; x_wconf 82' lang='lat' dir='ltr'><strong>induxisses,</strong></span> <span class='ocrx_word' id='word_1_251' title='bbox 2137 3368 2191 3413; x_wconf 93' lang='lat' dir='ltr'><strong>tu</strong></span> <span class='ocrx_word' id='word_1_252' title='bbox 2235 3360 2351 3428; x_wconf 89' lang='lat' dir='ltr'><strong>ipse</strong></span> 
     </span>
    </p>
   </div>
   <div class='ocr_carea' id='block_1_36' title="bbox 813 3440 2350 3512">
    <p class='ocr_par' dir='ltr' id='par_1_36' title="bbox 813 3440 2350 3512">
     <span class='ocr_line' id='line_1_36' title="bbox 813 3440 2350 3512; baseline 0.008 -24"><span class='ocrx_word' id='word_1_253' title='bbox 813 3453 1025 3492; x_wconf 82' lang='lat' dir='ltr'><strong>rursum</strong></span> <span class='ocrx_word' id='word_1_254' title='bbox 1056 3440 1289 3494; x_wconf 80' lang='lat' dir='ltr'><strong>eduxisti</strong></span> <span class='ocrx_word' id='word_1_255' title='bbox 1319 3455 1418 3493; x_wconf 89' lang='lat' dir='ltr'><strong>nos</strong></span> <span class='ocrx_word' id='word_1_256' title='bbox 1453 3441 1892 3512; x_wconf 80' lang='lat' dir='ltr'><strong>inrefrigeriuln.</strong></span> <span class='ocrx_word' id='word_1_257' title='bbox 1930 3443 2046 3498; x_wconf 78' lang='lat' dir='ltr'><strong>Non</strong></span> <span class='ocrx_word' id='word_1_258' title='bbox 2079 3448 2222 3500; x_wconf 90' lang='lat' dir='ltr'><strong>enim</strong></span> <span class='ocrx_word' id='word_1_259' title='bbox 2253 3460 2350 3500; x_wconf 92' lang='lat' dir='ltr'><strong>no-</strong></span> 
     </span>
    </p>
   </div>
   <div class='ocr_carea' id='block_1_37' title="bbox 813 3530 2350 3604">
    <p class='ocr_par' dir='ltr' id='par_1_37' title="bbox 813 3530 2350 3604">
     <span class='ocr_line' id='line_1_37' title="bbox 813 3530 2350 3604; baseline 0.003 -21"><span class='ocrx_word' id='word_1_260' title='bbox 813 3536 982 3583; x_wconf 84' lang='lat' dir='ltr'><strong>strum</strong></span> <span class='ocrx_word' id='word_1_261' title='bbox 1015 3540 1128 3584; x_wconf 89' lang='lat' dir='ltr'><strong>erat</strong></span> <span class='ocrx_word' id='word_1_262' title='bbox 1157 3530 1283 3582; x_wconf 89' lang='lat' dir='ltr'><strong>talia</strong></span> <span class='ocrx_word' id='word_1_263' title='bbox 1313 3531 1580 3585; x_wconf 87' lang='lat' dir='ltr'><strong>sustinere</strong></span> <span class='ocrx_word' id='word_1_264' title='bbox 1599 3539 1652 3599; x_wconf 78' lang='lat' dir='ltr'><strong>et</strong></span> <span class='ocrx_word' id='word_1_265' title='bbox 1681 3533 1824 3586; x_wconf 85' lang='lat' dir='ltr'><strong>talia&#39;</strong></span> <span class='ocrx_word' id='word_1_266' title='bbox 1847 3534 2098 3604; x_wconf 68' lang='lat' dir='ltr'><strong>effugere,</strong></span> <span class='ocrx_word' id='word_1_267' title='bbox 2145 3535 2238 3589; x_wconf 88' lang='lat' dir='ltr'><strong>sed</strong></span> <span class='ocrx_word' id='word_1_268' title='bbox 2271 3536 2350 3588; x_wconf 90' lang='lat' dir='ltr'><strong>tui</strong></span> 
     </span>
    </p>
   </div>
   <div class='ocr_carea' id='block_1_38' title="bbox 813 3615 2351 3694">
    <p class='ocr_par' dir='ltr' id='par_1_38' title="bbox 813 3615 2351 3694">
     <span class='ocr_line' id='line_1_38' title="bbox 813 3615 2351 3694; baseline 0.005 -25"><span class='ocrx_word' id='word_1_269' title='bbox 813 3619 989 3687; x_wconf 85' lang='lat' dir='ltr'><strong>magni</strong></span> <span class='ocrx_word' id='word_1_270' title='bbox 1023 3618 1356 3685; x_wconf 86' lang='lat' dir='ltr'><strong>Servatoris;</strong></span> <span class='ocrx_word' id='word_1_271' title='bbox 1387 3619 1527 3674; x_wconf 87' lang='lat' dir='ltr'><strong>sicut</strong></span> <span class='ocrx_word' id='word_1_272' title='bbox 1555 3622 1699 3694; x_wconf 87' lang='lat' dir='ltr'><strong>enim</strong></span> <span class='ocrx_word' id='word_1_273' title='bbox 1732 3615 1991 3678; x_wconf 79' lang='lat' dir='ltr'><strong>iuduxisti</strong></span> <span class='ocrx_word' id='word_1_274' title='bbox 2027 3638 2128 3678; x_wconf 90' lang='lat' dir='ltr'><strong>nos</strong></span> <span class='ocrx_word' id='word_1_275' title='bbox 2169 3625 2222 3676; x_wconf 92' lang='lat' dir='ltr'><strong>in</strong></span> <span class='ocrx_word' id='word_1_276' title='bbox 2273 3624 2351 3676; x_wconf 91' lang='lat' dir='ltr'><strong>la-</strong></span> 
     </span>
    </p>
   </div>
   <div class='ocr_carea' id='block_1_39' title="bbox 813 3709 2347 3791">
    <p class='ocr_par' dir='ltr' id='par_1_39' title="bbox 813 3709 2347 3791">
     <span class='ocr_line' id='line_1_39' title="bbox 813 3709 2347 3791; baseline 0.003 -30"><span class='ocrx_word' id='word_1_277' title='bbox 813 3723 1031 3777; x_wconf 86' lang='lat' dir='ltr'><strong>queum,</strong></span> <span class='ocrx_word' id='word_1_278' title='bbox 1061 3711 1140 3763; x_wconf 89' lang='lat' dir='ltr'><strong>sic</strong></span> <span class='ocrx_word' id='word_1_279' title='bbox 1169 3709 1400 3791; x_wconf 74' lang='lat' dir='ltr'><strong>eduxisti</strong></span> <span class='ocrx_word' id='word_1_280' title='bbox 1434 3712 1489 3764; x_wconf 92' lang='lat' dir='ltr'><strong>in</strong></span> <span class='ocrx_word' id='word_1_281' title='bbox 1516 3711 1878 3780; x_wconf 79' lang='lat' dir='ltr'><strong>refrigerium.</strong></span> <span class='ocrx_word' id='word_1_282' title='bbox 1903 3712 2347 3783; x_wconf 86' lang='lat' dir='ltr'><strong>Quandoquidem</strong></span> 
     </span>
    </p>
   </div>
   <div class='ocr_carea' id='block_1_40' title="bbox 814 3798 2352 3871">
    <p class='ocr_par' dir='ltr' id='par_1_40' title="bbox 814 3798 2352 3871">
     <span class='ocr_line' id='line_1_40' title="bbox 814 3798 2352 3871; baseline 0.005 -22"><span class='ocrx_word' id='word_1_283' title='bbox 814 3811 920 3850; x_wconf 91' lang='lat' dir='ltr'><strong>non</strong></span> <span class='ocrx_word' id='word_1_284' title='bbox 947 3798 1238 3864; x_wconf 87' lang='lat' dir='ltr'><strong>permisisti</strong></span> <span class='ocrx_word' id='word_1_285' title='bbox 1263 3805 1319 3852; x_wconf 91' lang='lat' dir='ltr'><strong>ut</strong></span> <span class='ocrx_word' id='word_1_286' title='bbox 1342 3798 1519 3854; x_wconf 89' lang='lat' dir='ltr'><strong>tristia</strong></span> <span class='ocrx_word' id='word_1_287' title='bbox 1539 3799 1628 3852; x_wconf 92' lang='lat' dir='ltr'><strong>illa</strong></span> <span class='ocrx_word' id='word_1_288' title='bbox 1647 3800 1737 3852; x_wconf 93' lang='lat' dir='ltr'><strong>diu</strong></span> <span class='ocrx_word' id='word_1_289' title='bbox 1760 3809 2163 3869; x_wconf 67' lang='lat' dir='ltr'><strong>permanerent,</strong></span> <span class='ocrx_word' id='word_1_290' title='bbox 2179 3817 2352 3871; x_wconf 88' lang='lat' dir='ltr'><strong>neque</strong></span> 
     </span>
    </p>
   </div>
   <div class='ocr_carea' id='block_1_41' title="bbox 814 3885 2353 3960">
    <p class='ocr_par' dir='ltr' id='par_1_41' title="bbox 814 3885 2353 3960">
     <span class='ocr_line' id='line_1_41' title="bbox 814 3885 2353 3960; baseline 0.004 -23"><span class='ocrx_word' id='word_1_291' title='bbox 814 3887 869 3937; x_wconf 90' lang='lat' dir='ltr'><strong>in</strong></span> <span class='ocrx_word' id='word_1_292' title='bbox 916 3885 1184 3938; x_wconf 85' lang='lat' dir='ltr'><strong>infinitum</strong></span> <span class='ocrx_word' id='word_1_293' title='bbox 1222 3887 1621 3942; x_wconf 87' lang='lat' dir='ltr'><strong>tribulationem</strong></span> <span class='ocrx_word' id='word_1_294' title='bbox 1651 3891 1984 3958; x_wconf 80' lang='lat' dir='ltr'><strong>protraxisti,</strong></span> <span class='ocrx_word' id='word_1_295' title='bbox 2010 3906 2183 3960; x_wconf 87' lang='lat' dir='ltr'><strong>neque</strong></span> <span class='ocrx_word' id='word_1_296' title='bbox 2231 3906 2353 3960; x_wconf 90' lang='lat' dir='ltr'><strong>per-</strong></span> 
     </span>
    </p>
   </div>
   <div class='ocr_carea' id='block_1_42' title="bbox 816 3977 2353 4050">
    <p class='ocr_par' dir='ltr' id='par_1_42' title="bbox 816 3977 2353 4050">
     <span class='ocr_line' id='line_1_42' title="bbox 816 3977 2353 4050; baseline 0.003 -21"><span class='ocrx_word' id='word_1_297' title='bbox 816 3977 1012 4032; x_wconf 90' lang='lat' dir='ltr'><strong>misisti</strong></span> <span class='ocrx_word' id='word_1_298' title='bbox 1044 3985 1100 4030; x_wconf 88' lang='lat' dir='ltr'><strong>ut</strong></span> <span class='ocrx_word' id='word_1_299' title='bbox 1127 3977 1382 4032; x_wconf 88' lang='lat' dir='ltr'><strong>diuturno</strong></span> <span class='ocrx_word' id='word_1_300' title='bbox 1403 3988 1646 4049; x_wconf 90' lang='lat' dir='ltr'><strong>tempore</strong></span> <span class='ocrx_word' id='word_1_301' title='bbox 1689 3981 1934 4036; x_wconf 90' lang='lat' dir='ltr'><strong>homines</strong></span> <span class='ocrx_word' id='word_1_302' title='bbox 1967 3981 2233 4050; x_wconf 83' lang='lat' dir='ltr'><strong>capitibus</strong></span> <span class='ocrx_word' id='word_1_303' title='bbox 2270 3985 2353 4034; x_wconf 94' lang='lat' dir='ltr'><strong>in-</strong></span> 
     </span>
    </p>
   </div>
   <div class='ocr_carea' id='block_1_43' title="bbox 816 4069 2398 4141">
    <p class='ocr_par' dir='ltr' id='par_1_43' title="bbox 816 4069 2398 4141">
     <span class='ocr_line' id='line_1_43' title="bbox 816 4069 2398 4141; baseline 0.001 -18"><span class='ocrx_word' id='word_1_304' title='bbox 816 4076 1020 4123; x_wconf 86' lang='lat' dir='ltr'><strong>starent</strong></span> <span class='ocrx_word' id='word_1_305' title='bbox 1079 4069 1318 4134; x_wconf 85' lang='lat' dir='ltr'><strong>nostris;</strong></span> <span class='ocrx_word' id='word_1_306' title='bbox 1348 4084 1520 4136; x_wconf 88' lang='lat' dir='ltr'><strong>neque</strong></span> <span class='ocrx_word' id='word_1_307' title='bbox 1560 4070 1613 4124; x_wconf 91' lang='lat' dir='ltr'><strong>in</strong></span> <span class='ocrx_word' id='word_1_308' title='bbox 1658 4071 1831 4139; x_wconf 89' lang='lat' dir='ltr'><strong>ignem</strong></span> <span class='ocrx_word' id='word_1_309' title='bbox 1877 4072 2106 4141; x_wconf 89' lang='lat' dir='ltr'><strong>conjecti</strong></span> <span class='ocrx_word' id='word_1_310' title='bbox 2145 4073 2236 4127; x_wconf 89' lang='lat' dir='ltr'><strong>diu</strong></span> <span class='ocrx_word' id='word_1_311' title='bbox 2279 4072 2352 4125; x_wconf 90' lang='lat' dir='ltr'><strong>ibi</strong></span> <span class='ocrx_word' id='word_1_312' title='bbox 2393 4112 2398 4119; x_wconf 89' lang='lat'><strong>.</strong></span> 
     </span>
    </p>
   </div>
   <div class='ocr_carea' id='block_1_44' title="bbox 816 4149 2348 4230">
    <p class='ocr_par' dir='ltr' id='par_1_44' title="bbox 816 4149 2348 4230">
     <span class='ocr_line' id='line_1_44' title="bbox 816 4149 2348 4230; baseline 0.004 -22"><span class='ocrx_word' id='word_1_313' title='bbox 816 4149 1035 4218; x_wconf 83' lang='lat' dir='ltr'><strong>versati,</strong></span> <span class='ocrx_word' id='word_1_314' title='bbox 1068 4171 1244 4225; x_wconf 88' lang='lat' dir='ltr'><strong>neque</strong></span> <span class='ocrx_word' id='word_1_315' title='bbox 1271 4157 1330 4210; x_wconf 87' lang='lat' dir='ltr'><strong>in</strong></span> <span class='ocrx_word' id='word_1_316' title='bbox 1347 4171 1540 4225; x_wconf 88' lang='lat' dir='ltr'><strong>aquam</strong></span> <span class='ocrx_word' id='word_1_317' title='bbox 1580 4158 1773 4226; x_wconf 87' lang='lat' dir='ltr'><strong>dejecti</strong></span> <span class='ocrx_word' id='word_1_318' title='bbox 1818 4161 2075 4230; x_wconf 80' lang='lat' dir='ltr'><strong>absorpti</strong></span> <span class='ocrx_word' id='word_1_319' title='bbox 2106 4160 2348 4226; x_wconf 83' lang='lat' dir='ltr'><strong>fuimus;</strong></span> 
     </span>
    </p>
   </div>
   <div class='ocr_carea' id='block_1_45' title="bbox 817 4245 2354 4318">
    <p class='ocr_par' dir='ltr' id='par_1_45' title="bbox 817 4245 2354 4318">
     <span class='ocr_line' id='line_1_45' title="bbox 817 4245 2354 4318; baseline 0.003 -20"><span class='ocrx_word' id='word_1_320' title='bbox 817 4245 911 4298; x_wconf 89' lang='lat' dir='ltr'><strong>sed</strong></span> <span class='ocrx_word' id='word_1_321' title='bbox 939 4259 1056 4298; x_wconf 91' lang='lat' dir='ltr'><strong>eam</strong></span> <span class='ocrx_word' id='word_1_322' title='bbox 1085 4245 1531 4316; x_wconf 87' lang='lat' dir='ltr'><strong>pertransivimus</strong></span> <span class='ocrx_word' id='word_1_323' title='bbox 1562 4263 1574 4299; x_wconf 89' lang='lat'>:</span> <span class='ocrx_word' id='word_1_324' title='bbox 1602 4261 1768 4318; x_wconf 77' lang='lat' dir='ltr'><strong>quare</strong></span> <span class='ocrx_word' id='word_1_325' title='bbox 1796 4248 1996 4302; x_wconf 86' lang='lat' dir='ltr'><strong>dicitur</strong></span> <span class='ocrx_word' id='word_1_326' title='bbox 2028 4273 2038 4304; x_wconf 89' lang='lat'><strong>:</strong></span> <span class='ocrx_word' id='word_1_327' title='bbox 2083 4268 2100 4300; x_wconf 86' lang='grc' dir='ltr'><strong>ι</strong></span> <span class='ocrx_word' id='word_1_328' title='bbox 2132 4249 2354 4305; x_wconf 83' lang='lat' dir='ltr'><strong>Transi—</strong></span> 
     </span>
    </p>
   </div>
   <div class='ocr_carea' id='block_1_46' title="bbox 819 4332 2357 4406">
    <p class='ocr_par' dir='ltr' id='par_1_46' title="bbox 819 4332 2357 4406">
     <span class='ocr_line' id='line_1_46' title="bbox 819 4332 2357 4406; baseline 0.004 -22"><span class='ocrx_word' id='word_1_329' title='bbox 819 4332 992 4386; x_wconf 91' lang='lat' dir='ltr'><strong>vimus</strong></span> <span class='ocrx_word' id='word_1_330' title='bbox 1024 4347 1119 4400; x_wconf 89' lang='lat' dir='ltr'><strong>per</strong></span> <span class='ocrx_word' id='word_1_331' title='bbox 1152 4332 1349 4402; x_wconf 90' lang='lat' dir='ltr'><strong>ignem,</strong></span> <span class='ocrx_word' id='word_1_332' title='bbox 1381 4343 1436 4388; x_wconf 91' lang='lat' dir='ltr'><strong>et</strong></span> <span class='ocrx_word' id='word_1_333' title='bbox 1457 4332 1781 4403; x_wconf 83' lang='lat' dir='ltr'><strong>profundum</strong></span> <span class='ocrx_word' id='word_1_334' title='bbox 1823 4351 2083 4404; x_wconf 90' lang='lat' dir='ltr'><strong>aquarum</strong></span> <span class='ocrx_word' id='word_1_335' title='bbox 2137 4348 2357 4406; x_wconf 64' lang='lat' dir='ltr'><strong>praeter-</strong></span> 
     </span>
    </p>
   </div>
   <div class='ocr_carea' id='block_1_47' title="bbox 818 4421 2353 4493">
    <p class='ocr_par' dir='ltr' id='par_1_47' title="bbox 818 4421 2353 4493">
     <span class='ocr_line' id='line_1_47' title="bbox 818 4421 2353 4493; baseline 0.007 -21"><span class='ocrx_word' id='word_1_336' title='bbox 818 4423 987 4491; x_wconf 80' lang='lat' dir='ltr'><strong>gressi</strong></span> <span class='ocrx_word' id='word_1_337' title='bbox 1011 4438 1236 4488; x_wconf 90' lang='lat' dir='ltr'><strong>sumus;</strong></span> <span class='ocrx_word' id='word_1_338' title='bbox 1275 4441 1296 4474; x_wconf 74' lang='grc' dir='ltr'><strong>ι</strong></span> <span class='ocrx_word' id='word_1_339' title='bbox 1330 4421 1452 4476; x_wconf 91' lang='lat' dir='ltr'><strong>ideo</strong></span> <span class='ocrx_word' id='word_1_340' title='bbox 1489 4423 1721 4486; x_wconf 92' lang='lat' dir='ltr'><strong>dicitur,</strong></span> <span class='ocrx_word' id='word_1_341' title='bbox 1761 4444 1778 4473; x_wconf 77' lang='grc' dir='ltr'><strong>ι</strong></span> <span class='ocrx_word' id='word_1_342' title='bbox 1817 4439 1910 4492; x_wconf 89' lang='lat' dir='ltr'><strong>per</strong></span> <span class='ocrx_word' id='word_1_343' title='bbox 1942 4440 2153 4493; x_wconf 91' lang='lat' dir='ltr'><strong>aquam.</strong></span> <span class='ocrx_word' id='word_1_344' title='bbox 2204 4445 2221 4476; x_wconf 79' lang='grc'><strong>»</strong></span> <span class='ocrx_word' id='word_1_345' title='bbox 2261 4425 2353 4482; x_wconf 79' lang='lat' dir='ltr'><strong>His</strong></span> 
     </span>
    </p>
   </div>
   <div class='ocr_carea' id='block_1_48' title="bbox 2447 662 3995 732">
    <p class='ocr_par' dir='ltr' id='par_1_48' title="bbox 2447 662 3995 732">
     <span class='ocr_line' id='line_1_48' title="bbox 2447 662 3995 732; baseline 0.005 -18"><span class='ocrx_word' id='word_1_346' title='bbox 2447 663 2615 730; x_wconf 82' lang='grc' dir='ltr'>ἡμῶν.</span> <span class='ocrx_word' id='word_1_347' title='bbox 2650 682 2667 714; x_wconf 71' lang='grc' dir='ltr'><strong>ι</strong></span> <span class='ocrx_word' id='word_1_348' title='bbox 2699 665 2805 715; x_wconf 97' lang='lat' dir='ltr'><strong>Kal.</strong></span> <span class='ocrx_word' id='word_1_349' title='bbox 2828 663 2982 715; x_wconf 91' lang='grc' dir='ltr'>τοῦτο</span> <span class='ocrx_word' id='word_1_350' title='bbox 3029 662 3083 714; x_wconf 83' lang='grc' dir='ltr'>δὲ</span> <span class='ocrx_word' id='word_1_351' title='bbox 3137 664 3365 732; x_wconf 79' lang='grc' dir='ltr'><strong>νοήσεις,</strong></span> <span class='ocrx_word' id='word_1_352' title='bbox 3392 663 3530 732; x_wconf 84' lang='grc' dir='ltr'>δρῶν</span> <span class='ocrx_word' id='word_1_353' title='bbox 3562 665 3697 717; x_wconf 87' lang='grc' dir='ltr'>κατά</span> <span class='ocrx_word' id='word_1_354' title='bbox 3736 667 3858 729; x_wconf 82' lang='grc' dir='ltr'>τοὺς</span> <span class='ocrx_word' id='word_1_355' title='bbox 3889 669 3995 722; x_wconf 90' lang='grc' dir='ltr'><strong>τῶν</strong></span> 
     </span>
    </p>
   </div>
   <div class='ocr_carea' id='block_1_49' title="bbox 2446 749 3996 821">
    <p class='ocr_par' dir='ltr' id='par_1_49' title="bbox 2446 749 3996 821">
     <span class='ocr_line' id='line_1_49' title="bbox 2446 749 3996 821; baseline 0.005 -20"><span class='ocrx_word' id='word_1_356' title='bbox 2446 749 2693 820; x_wconf 82' lang='grc' dir='ltr'><strong>διωγμῶν</strong></span> <span class='ocrx_word' id='word_1_357' title='bbox 2717 752 2937 821; x_wconf 73' lang='grc' dir='ltr'>καιροὺς</span> <span class='ocrx_word' id='word_1_358' title='bbox 2965 751 3388 820; x_wconf 82' lang='grc' dir='ltr'>ἐπεμδαίνοντας</span> <span class='ocrx_word' id='word_1_359' title='bbox 3413 753 3534 814; x_wconf 82' lang='grc' dir='ltr'>τοὺς</span> <span class='ocrx_word' id='word_1_360' title='bbox 3559 753 3747 815; x_wconf 83' lang='grc' dir='ltr'>ἀθέους</span> <span class='ocrx_word' id='word_1_361' title='bbox 3768 757 3860 808; x_wconf 78' lang='grc' dir='ltr'>καὶ</span> <span class='ocrx_word' id='word_1_362' title='bbox 3879 758 3996 810; x_wconf 82' lang='grc' dir='ltr'>ἀσε-</span> 
     </span>
    </p>
   </div>
   <div class='ocr_carea' id='block_1_50' title="bbox 2447 840 3995 912">
    <p class='ocr_par' dir='ltr' id='par_1_50' title="bbox 2447 840 3995 912">
     <span class='ocr_line' id='line_1_50' title="bbox 2447 840 3995 912; baseline 0.005 -20"><span class='ocrx_word' id='word_1_363' title='bbox 2447 840 2559 902; x_wconf 76' lang='grc' dir='ltr'>ϐεῖς</span> <span class='ocrx_word' id='word_1_364' title='bbox 2582 840 2773 910; x_wconf 77' lang='grc' dir='ltr'>ἄνδρας</span> <span class='ocrx_word' id='word_1_365' title='bbox 2803 842 2894 893; x_wconf 73' lang='grc' dir='ltr'>καὶ</span> <span class='ocrx_word' id='word_1_366' title='bbox 2926 841 3416 911; x_wconf 84' lang='grc' dir='ltr'>κατεπαιρομένους</span> <span class='ocrx_word' id='word_1_367' title='bbox 3440 843 3543 894; x_wconf 90' lang='grc' dir='ltr'><strong>τῶν</strong></span> <span class='ocrx_word' id='word_1_368' title='bbox 3566 844 3661 912; x_wconf 81' lang='grc' dir='ltr'><strong>τῆς</strong></span> <span class='ocrx_word' id='word_1_369' title='bbox 3689 844 3995 911; x_wconf 78' lang='grc' dir='ltr'>θεοσεϐείας</span> 
     </span>
    </p>
   </div>
   <div class='ocr_carea' id='block_1_51' title="bbox 2447 929 3995 1001">
    <p class='ocr_par' dir='ltr' id='par_1_51' title="bbox 2447 929 3995 1001">
     <span class='ocr_line' id='line_1_51' title="bbox 2447 929 3995 1001; baseline 0.003 -21"><span class='ocrx_word' id='word_1_370' title='bbox 2447 929 2708 998; x_wconf 81' lang='grc' dir='ltr'><strong>ἀθλητῶν,</strong></span> <span class='ocrx_word' id='word_1_371' title='bbox 2746 931 2866 990; x_wconf 80' lang='grc' dir='ltr'>τοὺς</span> <span class='ocrx_word' id='word_1_372' title='bbox 2911 929 2965 980; x_wconf 85' lang='grc' dir='ltr'>δὲ</span> <span class='ocrx_word' id='word_1_373' title='bbox 3015 931 3459 998; x_wconf 87' lang='grc' dir='ltr'>ταπεινουμένους</span> <span class='ocrx_word' id='word_1_374' title='bbox 3498 932 3588 982; x_wconf 80' lang='grc' dir='ltr'>καὶ</span> <span class='ocrx_word' id='word_1_375' title='bbox 3621 931 3688 983; x_wconf 82' lang='grc' dir='ltr'>τὰ</span> <span class='ocrx_word' id='word_1_376' title='bbox 3733 933 3995 1001; x_wconf 85' lang='grc' dir='ltr'>πρόσωπα</span> 
     </span>
    </p>
   </div>
   <div class='ocr_carea' id='block_1_52' title="bbox 2447 1019 3993 1090">
    <p class='ocr_par' dir='ltr' id='par_1_52' title="bbox 2447 1019 3993 1090">
     <span class='ocr_line' id='line_1_52' title="bbox 2447 1019 3993 1090; baseline 0.003 -20"><span class='ocrx_word' id='word_1_377' title='bbox 2447 1019 2898 1088; x_wconf 77' lang='grc' dir='ltr'><strong>συνεσταλμένους</strong></span> <span class='ocrx_word' id='word_1_378' title='bbox 2932 1020 3023 1069; x_wconf 71' lang='grc' dir='ltr'><strong>ἐπὶ</strong></span> <span class='ocrx_word' id='word_1_379' title='bbox 3066 1023 3181 1079; x_wconf 83' lang='grc' dir='ltr'>ταῖς</span> <span class='ocrx_word' id='word_1_380' title='bbox 3211 1020 3317 1070; x_wconf 91' lang='grc' dir='ltr'><strong>τῶν</strong></span> <span class='ocrx_word' id='word_1_381' title='bbox 3347 1019 3516 1072; x_wconf 81' lang='grc' dir='ltr'>ἀθέων</span> <span class='ocrx_word' id='word_1_382' title='bbox 3549 1021 3908 1090; x_wconf 82' lang='grc' dir='ltr'><strong>βλασφημίαις</strong></span> <span class='ocrx_word' id='word_1_383' title='bbox 3936 1041 3993 1075; x_wconf 87' lang='grc' dir='ltr'><strong>τε</strong></span> 
     </span>
    </p>
   </div>
   <div class='ocr_carea' id='block_1_53' title="bbox 2447 1105 3994 1181">
    <p class='ocr_par' dir='ltr' id='par_1_53' title="bbox 2447 1105 3994 1181">
     <span class='ocr_line' id='line_1_53' title="bbox 2447 1105 3994 1181; baseline 0.004 -23"><span class='ocrx_word' id='word_1_384' title='bbox 2447 1107 2537 1158; x_wconf 77' lang='grc' dir='ltr'><strong>καὶ</strong></span> <span class='ocrx_word' id='word_1_385' title='bbox 2573 1105 3123 1175; x_wconf 87' lang='grc' dir='ltr'>μεγαλαυχίαις.Ἧδη</span> <span class='ocrx_word' id='word_1_386' title='bbox 3157 1108 3210 1159; x_wconf 81' lang='grc' dir='ltr'><strong>δέ</strong></span> <span class='ocrx_word' id='word_1_387' title='bbox 3244 1108 3496 1171; x_wconf 85' lang='grc' dir='ltr'><strong>πολλάκις</strong></span> <span class='ocrx_word' id='word_1_388' title='bbox 3539 1111 3629 1163; x_wconf 78' lang='grc' dir='ltr'><strong>καὶ</strong></span> <span class='ocrx_word' id='word_1_389' title='bbox 3666 1111 3804 1163; x_wconf 81' lang='grc' dir='ltr'>κατὰ</span> <span class='ocrx_word' id='word_1_390' title='bbox 3832 1112 3994 1181; x_wconf 83' lang='grc' dir='ltr'><strong>κόρης</strong></span> 
     </span>
    </p>
   </div>
   <div class='ocr_carea' id='block_1_54' title="bbox 2447 1195 3993 1270">
    <p class='ocr_par' dir='ltr' id='par_1_54' title="bbox 2447 1195 3993 1270">
     <span class='ocr_line' id='line_1_54' title="bbox 2447 1195 3993 1270; baseline 0.005 -24"><span class='ocrx_word' id='word_1_391' title='bbox 2447 1195 2645 1263; x_wconf 77' lang='grc' dir='ltr'>ἐτυψαν</span> <span class='ocrx_word' id='word_1_392' title='bbox 2673 1196 2916 1259; x_wconf 89' lang='grc' dir='ltr'>παίοντες</span> <span class='ocrx_word' id='word_1_393' title='bbox 2963 1198 3192 1265; x_wconf 86' lang='grc' dir='ltr'>πληγαῖς</span> <span class='ocrx_word' id='word_1_394' title='bbox 3217 1199 3312 1260; x_wconf 82' lang='grc' dir='ltr'>τὰς</span> <span class='ocrx_word' id='word_1_395' title='bbox 3340 1199 3445 1251; x_wconf 88' lang='grc' dir='ltr'><strong>τῶν</strong></span> <span class='ocrx_word' id='word_1_396' title='bbox 3470 1201 3712 1270; x_wconf 82' lang='grc' dir='ltr'>ἀθλητῶν</span> <span class='ocrx_word' id='word_1_397' title='bbox 3740 1202 3831 1253; x_wconf 87' lang='grc' dir='ltr'><strong>τοῦ</strong></span> <span class='ocrx_word' id='word_1_398' title='bbox 3860 1202 3993 1254; x_wconf 88' lang='grc' dir='ltr'>Θεοῦ</span> 
     </span>
    </p>
   </div>
   <div class='ocr_carea' id='block_1_55' title="bbox 2446 1287 3998 1363">
    <p class='ocr_par' dir='ltr' id='par_1_55' title="bbox 2446 1287 3998 1363">
     <span class='ocr_line' id='line_1_55' title="bbox 2446 1287 3998 1363; baseline 0.004 -24"><span class='ocrx_word' id='word_1_399' title='bbox 2446 1288 2699 1354; x_wconf 87' lang='grc' dir='ltr'>κεφαλάς.</span> <span class='ocrx_word' id='word_1_400' title='bbox 2721 1287 2877 1339; x_wconf 85' lang='grc' dir='ltr'>Ἀλλὰ</span> <span class='ocrx_word' id='word_1_401' title='bbox 2906 1287 3072 1339; x_wconf 85' lang='grc' dir='ltr'>ταῦτα</span> <span class='ocrx_word' id='word_1_402' title='bbox 3094 1289 3286 1350; x_wconf 89' lang='grc' dir='ltr'>πάντα,</span> <span class='ocrx_word' id='word_1_403' title='bbox 3311 1291 3470 1357; x_wconf 74' lang='grc' dir='ltr'>φασὶν</span> <span class='ocrx_word' id='word_1_404' title='bbox 3503 1293 3548 1342; x_wconf 89' lang='grc' dir='ltr'><strong>οί</strong></span> <span class='ocrx_word' id='word_1_405' title='bbox 3577 1291 3669 1344; x_wconf 89' lang='grc' dir='ltr'><strong>τοῦ</strong></span> <span class='ocrx_word' id='word_1_406' title='bbox 3702 1291 3834 1344; x_wconf 89' lang='grc' dir='ltr'>Θεοῦ</span> <span class='ocrx_word' id='word_1_407' title='bbox 3863 1292 3998 1363; x_wconf 88' lang='grc' dir='ltr'>μάρ-</span> 
     </span>
    </p>
   </div>
   <div class='ocr_carea' id='block_1_56' title="bbox 2446 1377 3998 1450">
    <p class='ocr_par' dir='ltr' id='par_1_56' title="bbox 2446 1377 3998 1450">
     <span class='ocr_line' id='line_1_56' title="bbox 2446 1377 3998 1450; baseline 0.005 -23"><span class='ocrx_word' id='word_1_408' title='bbox 2446 1393 2623 1446; x_wconf 87' lang='grc' dir='ltr'>τυρες,</span> <span class='ocrx_word' id='word_1_409' title='bbox 2661 1377 2722 1429; x_wconf 87' lang='grc' dir='ltr'><strong>σὺ</strong></span> <span class='ocrx_word' id='word_1_410' title='bbox 2749 1378 2877 1446; x_wconf 84' lang='grc' dir='ltr'>ἡμῖν</span> <span class='ocrx_word' id='word_1_411' title='bbox 2906 1379 3197 1446; x_wconf 80' lang='grc' dir='ltr'>ἐπήγαγες,</span> <span class='ocrx_word' id='word_1_412' title='bbox 3225 1380 3252 1429; x_wconf 90' lang='grc' dir='ltr'>ὁ</span> <span class='ocrx_word' id='word_1_413' title='bbox 3281 1379 3427 1441; x_wconf 86' lang='grc' dir='ltr'>Θεός.</span> <span class='ocrx_word' id='word_1_414' title='bbox 3456 1380 3543 1450; x_wconf 83' lang='grc' dir='ltr'><strong>Μὴ</strong></span> <span class='ocrx_word' id='word_1_415' title='bbox 3573 1381 3678 1450; x_wconf 90' lang='grc' dir='ltr'><strong>γάρ</strong></span> <span class='ocrx_word' id='word_1_416' title='bbox 3705 1399 3796 1434; x_wconf 90' lang='grc' dir='ltr'><strong>σου</strong></span> <span class='ocrx_word' id='word_1_417' title='bbox 3825 1381 3998 1450; x_wconf 83' lang='grc' dir='ltr'>βουλο-</span> 
     </span>
    </p>
   </div>
   <div class='ocr_carea' id='block_1_57' title="bbox 2450 1466 3995 1541">
    <p class='ocr_par' dir='ltr' id='par_1_57' title="bbox 2450 1466 3995 1541">
     <span class='ocr_line' id='line_1_57' title="bbox 2450 1466 3995 1541; baseline 0.005 -23"><span class='ocrx_word' id='word_1_418' title='bbox 2450 1467 2628 1541; x_wconf 83' lang='grc' dir='ltr'>μένου,</span> <span class='ocrx_word' id='word_1_419' title='bbox 2657 1466 2754 1518; x_wconf 86' lang='grc' dir='ltr'><strong>οὑκ</strong></span> <span class='ocrx_word' id='word_1_420' title='bbox 2780 1466 2843 1520; x_wconf 81' lang='grc' dir='ltr'>ἄν</span> <span class='ocrx_word' id='word_1_421' title='bbox 2881 1483 2932 1518; x_wconf 91' lang='grc' dir='ltr'><strong>τι</strong></span> <span class='ocrx_word' id='word_1_422' title='bbox 2956 1467 3190 1520; x_wconf 79' lang='grc' dir='ltr'>τοιοῦτον</span> <span class='ocrx_word' id='word_1_423' title='bbox 3221 1469 3337 1522; x_wconf 86' lang='grc' dir='ltr'>καθ’</span> <span class='ocrx_word' id='word_1_424' title='bbox 3361 1469 3512 1539; x_wconf 84' lang='grc' dir='ltr'>ἡμῶν</span> <span class='ocrx_word' id='word_1_425' title='bbox 3539 1471 3795 1541; x_wconf 74' lang='grc' dir='ltr'>ἐτολμᾶτο</span> <span class='ocrx_word' id='word_1_426' title='bbox 3821 1490 3833 1503; x_wconf 90' lang='grc'><strong>·</strong></span> <span class='ocrx_word' id='word_1_427' title='bbox 3865 1489 3995 1541; x_wconf 82' lang='grc' dir='ltr'>συγ-</span> 
     </span>
    </p>
   </div>
   <div class='ocr_carea' id='block_1_58' title="bbox 2447 1540 3998 1632">
    <p class='ocr_par' dir='ltr' id='par_1_58' title="bbox 2447 1540 3998 1632">
     <span class='ocr_line' id='line_1_58' title="bbox 2447 1540 3998 1632; baseline 0.002 -24"><span class='ocrx_word' id='word_1_428' title='bbox 2447 1540 2742 1627; x_wconf 83' lang='grc' dir='ltr'>χωροῦντος</span> <span class='ocrx_word' id='word_1_429' title='bbox 2789 1556 2844 1608; x_wconf 83' lang='grc' dir='ltr'><strong>δέ</strong></span> <span class='ocrx_word' id='word_1_430' title='bbox 2891 1573 3003 1620; x_wconf 91' lang='grc' dir='ltr'>σου,</span> <span class='ocrx_word' id='word_1_431' title='bbox 3033 1558 3178 1610; x_wconf 79' lang='grc' dir='ltr'>ταῦτ’</span> <span class='ocrx_word' id='word_1_432' title='bbox 3211 1559 3432 1626; x_wconf 87' lang='grc' dir='ltr'>ἐγίνετο.</span> <span class='ocrx_word' id='word_1_433' title='bbox 3466 1561 3554 1612; x_wconf 87' lang='grc' dir='ltr'><strong>Διό</strong></span> <span class='ocrx_word' id='word_1_434' title='bbox 3586 1540 3713 1628; x_wconf 85' lang='grc' dir='ltr'>φασι</span> <span class='ocrx_word' id='word_1_435' title='bbox 3740 1563 3873 1632; x_wconf 79' lang='grc' dir='ltr'>πρὸς</span> <span class='ocrx_word' id='word_1_436' title='bbox 3904 1540 3998 1616; x_wconf 77' lang='grc' dir='ltr'><strong>αὖ.</strong></span> 
     </span>
    </p>
   </div>
   <div class='ocr_carea' id='block_1_59' title="bbox 2447 1645 3996 1723">
    <p class='ocr_par' dir='ltr' id='par_1_59' title="bbox 2447 1645 3996 1723">
     <span class='ocr_line' id='line_1_59' title="bbox 2447 1645 3996 1723; baseline 0.006 -28"><span class='ocrx_word' id='word_1_437' title='bbox 2447 1645 2534 1698; x_wconf 86' lang='grc' dir='ltr'>τόν</span> <span class='ocrx_word' id='word_1_438' title='bbox 2555 1663 2564 1673; x_wconf 92' lang='grc'><strong>·</strong></span> <span class='ocrx_word' id='word_1_439' title='bbox 2594 1664 2610 1695; x_wconf 81' lang='grc' dir='ltr'><strong>ι</strong></span> <span class='ocrx_word' id='word_1_440' title='bbox 2637 1647 2939 1715; x_wconf 87' lang='grc' dir='ltr'>Είσήγαγες</span> <span class='ocrx_word' id='word_1_441' title='bbox 2967 1648 3111 1716; x_wconf 76' lang='grc' dir='ltr'>ἡμᾶς</span> <span class='ocrx_word' id='word_1_442' title='bbox 3134 1649 3212 1710; x_wconf 81' lang='grc' dir='ltr'><strong>είς</strong></span> <span class='ocrx_word' id='word_1_443' title='bbox 3232 1648 3329 1718; x_wconf 82' lang='grc' dir='ltr'>τὴν</span> <span class='ocrx_word' id='word_1_444' title='bbox 3358 1650 3572 1716; x_wconf 78' lang='grc' dir='ltr'>παγίδα.</span> <span class='ocrx_word' id='word_1_445' title='bbox 3594 1669 3610 1700; x_wconf 76' lang='grc' dir='ltr'><strong>ι</strong></span> <span class='ocrx_word' id='word_1_446' title='bbox 3641 1651 3709 1702; x_wconf 80' lang='grc' dir='ltr'><strong>Σὺ</strong></span> <span class='ocrx_word' id='word_1_447' title='bbox 3729 1653 3836 1722; x_wconf 81' lang='grc' dir='ltr'><strong>γάρ</strong></span> <span class='ocrx_word' id='word_1_448' title='bbox 3856 1650 3996 1723; x_wconf 78' lang='grc' dir='ltr'>ἦσθα</span> 
     </span>
    </p>
   </div>
   <div class='ocr_carea' id='block_1_60' title="bbox 2447 1733 3998 1811">
    <p class='ocr_par' dir='ltr' id='par_1_60' title="bbox 2447 1733 3998 1811">
     <span class='ocr_line' id='line_1_60' title="bbox 2447 1733 3998 1811; baseline 0.008 -27"><span class='ocrx_word' id='word_1_449' title='bbox 2447 1735 2474 1784; x_wconf 85' lang='grc' dir='ltr'>ὁ</span> <span class='ocrx_word' id='word_1_450' title='bbox 2495 1733 2907 1796; x_wconf 88' lang='grc' dir='ltr'>κατακλείστους</span> <span class='ocrx_word' id='word_1_451' title='bbox 2933 1737 3075 1804; x_wconf 74' lang='grc' dir='ltr'>ἡμᾶς</span> <span class='ocrx_word' id='word_1_452' title='bbox 3106 1737 3290 1802; x_wconf 85' lang='grc' dir='ltr'>ποιῶν,</span> <span class='ocrx_word' id='word_1_453' title='bbox 3325 1737 3616 1808; x_wconf 84' lang='grc' dir='ltr'>συγχωρῶν</span> <span class='ocrx_word' id='word_1_454' title='bbox 3641 1741 3695 1793; x_wconf 84' lang='grc' dir='ltr'>δὲ</span> <span class='ocrx_word' id='word_1_455' title='bbox 3725 1743 3893 1795; x_wconf 82' lang='grc' dir='ltr'>ταῦτα</span> <span class='ocrx_word' id='word_1_456' title='bbox 3916 1744 3998 1811; x_wconf 67' lang='grc' dir='ltr'>γίι</span> 
     </span>
    </p>
   </div>
   <div class='ocr_carea' id='block_1_61' title="bbox 2449 1821 4000 1899">
    <p class='ocr_par' dir='ltr' id='par_1_61' title="bbox 2449 1821 4000 1899">
     <span class='ocr_line' id='line_1_61' title="bbox 2449 1821 4000 1899; baseline 0.008 -27"><span class='ocrx_word' id='word_1_457' title='bbox 2449 1821 2652 1874; x_wconf 91' lang='grc' dir='ltr'>νεσθαι.</span> <span class='ocrx_word' id='word_1_458' title='bbox 2689 1821 2796 1872; x_wconf 79' lang='lat' dir='ltr'><strong>Kal.</strong></span> <span class='ocrx_word' id='word_1_459' title='bbox 2832 1822 2893 1872; x_wconf 88' lang='grc' dir='ltr'><strong>σὺ</strong></span> <span class='ocrx_word' id='word_1_460' title='bbox 2923 1821 3043 1899; x_wconf 67' lang='grc' dir='ltr'>ἑθομ</span> <span class='ocrx_word' id='word_1_461' title='bbox 3077 1823 3278 1892; x_wconf 82' lang='grc' dir='ltr'>θλίψεις</span> <span class='ocrx_word' id='word_1_462' title='bbox 3304 1827 3394 1878; x_wconf 74' lang='grc' dir='ltr'><strong>ἐπὶ</strong></span> <span class='ocrx_word' id='word_1_463' title='bbox 3426 1827 3514 1880; x_wconf 84' lang='grc' dir='ltr'><strong>τὸν</strong></span> <span class='ocrx_word' id='word_1_464' title='bbox 3539 1827 3704 1881; x_wconf 87' lang='grc' dir='ltr'>νῶτον</span> <span class='ocrx_word' id='word_1_465' title='bbox 3728 1831 3904 1899; x_wconf 89' lang='grc' dir='ltr'>ήμῶν.</span> <span class='ocrx_word' id='word_1_466' title='bbox 3923 1830 4000 1885; x_wconf 78' lang='grc' dir='ltr'><strong>Οὐ</strong></span> 
     </span>
    </p>
   </div>
   <div class='ocr_carea' id='block_1_62' title="bbox 2447 1909 3997 1988">
    <p class='ocr_par' dir='ltr' id='par_1_62' title="bbox 2447 1909 3997 1988">
     <span class='ocr_line' id='line_1_62' title="bbox 2447 1909 3997 1988; baseline 0.005 -27"><span class='ocrx_word' id='word_1_467' title='bbox 2447 1911 2552 1981; x_wconf 84' lang='grc' dir='ltr'>γὰρ</span> <span class='ocrx_word' id='word_1_468' title='bbox 2574 1911 2638 1962; x_wconf 86' lang='grc' dir='ltr'><strong>ἂν</strong></span> <span class='ocrx_word' id='word_1_469' title='bbox 2657 1909 2825 1962; x_wconf 84' lang='grc' dir='ltr'>ταῦτα</span> <span class='ocrx_word' id='word_1_470' title='bbox 2847 1910 2963 1962; x_wconf 86' lang='grc' dir='ltr'>καθ’</span> <span class='ocrx_word' id='word_1_471' title='bbox 2986 1911 3140 1981; x_wconf 83' lang='grc' dir='ltr'>ήμῶν</span> <span class='ocrx_word' id='word_1_472' title='bbox 3166 1913 3442 1981; x_wconf 78' lang='grc' dir='ltr'>ἐτολμᾶτο,</span> <span class='ocrx_word' id='word_1_473' title='bbox 3468 1916 3514 1965; x_wconf 86' lang='grc' dir='ltr'><strong>εί</strong></span> <span class='ocrx_word' id='word_1_474' title='bbox 3536 1917 3599 1983; x_wconf 86' lang='grc' dir='ltr'>τῇ</span> <span class='ocrx_word' id='word_1_475' title='bbox 3631 1915 3826 1967; x_wconf 78' lang='grc' dir='ltr'>σαυτοῦ</span> <span class='ocrx_word' id='word_1_476' title='bbox 3854 1918 3997 1988; x_wconf 79' lang='grc' dir='ltr'>χειρὶ</span> 
     </span>
    </p>
   </div>
   <div class='ocr_carea' id='block_1_63' title="bbox 2451 1998 3998 2074">
    <p class='ocr_par' dir='ltr' id='par_1_63' title="bbox 2451 1998 3998 2074">
     <span class='ocr_line' id='line_1_63' title="bbox 2451 1998 3998 2074; baseline 0.003 -24"><span class='ocrx_word' id='word_1_477' title='bbox 2451 1999 2723 2062; x_wconf 82' lang='grc' dir='ltr'>σκεπάσας</span> <span class='ocrx_word' id='word_1_478' title='bbox 2753 1998 3064 2066; x_wconf 71' lang='grc' dir='ltr'>ἐφύλαττες.</span> <span class='ocrx_word' id='word_1_479' title='bbox 3091 2000 3160 2051; x_wconf 86' lang='grc' dir='ltr'><strong>Σὺ</strong></span> <span class='ocrx_word' id='word_1_480' title='bbox 3199 2000 3254 2051; x_wconf 87' lang='grc' dir='ltr'>δὲ</span> <span class='ocrx_word' id='word_1_481' title='bbox 3283 2002 3374 2053; x_wconf 73' lang='grc' dir='ltr'>καὶ</span> <span class='ocrx_word' id='word_1_482' title='bbox 3409 2003 3532 2062; x_wconf 83' lang='grc' dir='ltr'>τοὺς</span> <span class='ocrx_word' id='word_1_483' title='bbox 3563 2002 3752 2065; x_wconf 82' lang='grc' dir='ltr'>ἀθέους</span> <span class='ocrx_word' id='word_1_484' title='bbox 3792 2003 3998 2074; x_wconf 83' lang='grc' dir='ltr'>ἀνθρώ-</span> 
     </span>
    </p>
   </div>
   <div class='ocr_carea' id='block_1_64' title="bbox 2449 2085 3995 2162">
    <p class='ocr_par' dir='ltr' id='par_1_64' title="bbox 2449 2085 3995 2162">
     <span class='ocr_line' id='line_1_64' title="bbox 2449 2085 3995 2162; baseline 0.006 -27"><span class='ocrx_word' id='word_1_485' title='bbox 2449 2102 2579 2147; x_wconf 90' lang='grc' dir='ltr'>πους</span> <span class='ocrx_word' id='word_1_486' title='bbox 2597 2085 2923 2148; x_wconf 76' lang='grc' dir='ltr'>ὲπεϐίόασας</span> <span class='ocrx_word' id='word_1_487' title='bbox 2951 2087 3039 2136; x_wconf 79' lang='grc' dir='ltr'><strong>ἐπὶ</strong></span> <span class='ocrx_word' id='word_1_488' title='bbox 3058 2086 3154 2148; x_wconf 82' lang='grc' dir='ltr'><strong>τὰς</strong></span> <span class='ocrx_word' id='word_1_489' title='bbox 3179 2086 3416 2154; x_wconf 79' lang='grc' dir='ltr'>κεφαλὰς</span> <span class='ocrx_word' id='word_1_490' title='bbox 3437 2089 3755 2160; x_wconf 83' lang='grc' dir='ltr'>ήμῶν.¹Ήδη</span> <span class='ocrx_word' id='word_1_491' title='bbox 3781 2091 3835 2142; x_wconf 82' lang='grc' dir='ltr'><strong>δὲ</strong></span> <span class='ocrx_word' id='word_1_492' title='bbox 3863 2093 3995 2162; x_wconf 78' lang='grc' dir='ltr'>πρὸς</span> 
     </span>
    </p>
   </div>
   <div class='ocr_carea' id='block_1_65' title="bbox 2445 2175 3996 2249">
    <p class='ocr_par' dir='ltr' id='par_1_65' title="bbox 2445 2175 3996 2249">
     <span class='ocr_line' id='line_1_65' title="bbox 2445 2175 3996 2249; baseline 0.006 -24"><span class='ocrx_word' id='word_1_493' title='bbox 2445 2175 2651 2236; x_wconf 81' lang='grc' dir='ltr'>τούτοις</span> <span class='ocrx_word' id='word_1_494' title='bbox 2699 2176 2775 2237; x_wconf 87' lang='grc' dir='ltr'><strong>είς</strong></span> <span class='ocrx_word' id='word_1_495' title='bbox 2826 2175 3023 2244; x_wconf 76' lang='grc' dir='ltr'>ἔσχατα</span> <span class='ocrx_word' id='word_1_496' title='bbox 3075 2177 3258 2229; x_wconf 84' lang='grc' dir='ltr'>κακῶν</span> <span class='ocrx_word' id='word_1_497' title='bbox 3289 2177 3538 2247; x_wconf 82' lang='grc' dir='ltr'>ήλθομεν,</span> <span class='ocrx_word' id='word_1_498' title='bbox 3568 2181 3616 2231; x_wconf 77' lang='lat' dir='ltr'><strong>oi</strong></span> <span class='ocrx_word' id='word_1_499' title='bbox 3653 2181 3749 2249; x_wconf 76' lang='grc' dir='ltr'>μὲν</span> <span class='ocrx_word' id='word_1_500' title='bbox 3793 2181 3880 2233; x_wconf 81' lang='grc' dir='ltr'>τὸν</span> <span class='ocrx_word' id='word_1_501' title='bbox 3911 2182 3996 2235; x_wconf 79' lang='grc' dir='ltr'>διὰ</span> 
     </span>
    </p>
   </div>
   <div class='ocr_carea' id='block_1_66' title="bbox 2449 2254 3995 2338">
    <p class='ocr_par' dir='ltr' id='par_1_66' title="bbox 2449 2254 3995 2338">
     <span class='ocr_line' id='line_1_66' title="bbox 2449 2254 3995 2338; baseline 0.006 -22"><span class='ocrx_word' id='word_1_502' title='bbox 2449 2265 2616 2333; x_wconf 86' lang='grc' dir='ltr'>πυρὸς</span> <span class='ocrx_word' id='word_1_503' title='bbox 2666 2265 3048 2332; x_wconf 80' lang='grc' dir='ltr'>ὑπομείναντες</span> <span class='ocrx_word' id='word_1_504' title='bbox 3094 2267 3335 2329; x_wconf 71' lang='grc' dir='ltr'>θάνατον,</span> <span class='ocrx_word' id='word_1_505' title='bbox 3359 2270 3411 2338; x_wconf 71' lang='lat' dir='ltr'><strong>pi</strong></span> <span class='ocrx_word' id='word_1_506' title='bbox 3459 2268 3515 2319; x_wconf 81' lang='grc' dir='ltr'>δὲ</span> <span class='ocrx_word' id='word_1_507' title='bbox 3555 2254 3753 2321; x_wconf 77' lang='grc' dir='ltr'>τὺν’δι’</span> <span class='ocrx_word' id='word_1_508' title='bbox 3789 2270 3995 2336; x_wconf 77' lang='grc' dir='ltr'>ὓδατος.</span> 
     </span>
    </p>
   </div>
   <div class='ocr_carea' id='block_1_67' title="bbox 2446 2355 3996 2428">
    <p class='ocr_par' dir='ltr' id='par_1_67' title="bbox 2446 2355 3996 2428">
     <span class='ocr_line' id='line_1_67' title="bbox 2446 2355 3996 2428; baseline 0.006 -22"><span class='ocrx_word' id='word_1_509' title='bbox 2446 2355 2666 2425; x_wconf 87' lang='grc' dir='ltr'>Σίδηρος</span> <span class='ocrx_word' id='word_1_510' title='bbox 2708 2356 2803 2425; x_wconf 86' lang='grc' dir='ltr'>μὲν</span> <span class='ocrx_word' id='word_1_511' title='bbox 2834 2356 2941 2426; x_wconf 84' lang='grc' dir='ltr'>γὰρ</span> <span class='ocrx_word' id='word_1_512' title='bbox 2972 2358 3063 2409; x_wconf 76' lang='grc' dir='ltr'>καὶ</span> <span class='ocrx_word' id='word_1_513' title='bbox 3094 2359 3148 2408; x_wconf 82' lang='lat' dir='ltr'><strong>at</strong></span> <span class='ocrx_word' id='word_1_514' title='bbox 3191 2358 3278 2411; x_wconf 83' lang='grc' dir='ltr'>διὰ</span> <span class='ocrx_word' id='word_1_515' title='bbox 3325 2359 3537 2428; x_wconf 75' lang='grc' dir='ltr'>σιδήρου</span> <span class='ocrx_word' id='word_1_516' title='bbox 3569 2359 3834 2425; x_wconf 82' lang='grc' dir='ltr'>κολάσεις,</span> <span class='ocrx_word' id='word_1_517' title='bbox 3865 2362 3996 2416; x_wconf 79' lang='grc' dir='ltr'>οῐτι</span> 
     </span>
    </p>
   </div>
   <div class='ocr_carea' id='block_1_68' title="bbox 2446 2443 3991 2520">
    <p class='ocr_par' dir='ltr' id='par_1_68' title="bbox 2446 2443 3991 2520">
     <span class='ocr_line' id='line_1_68' title="bbox 2446 2443 3991 2520; baseline 0.004 -24"><span class='ocrx_word' id='word_1_518' title='bbox 2446 2443 2589 2496; x_wconf 80' lang='grc' dir='ltr'>ἄλλοι</span> <span class='ocrx_word' id='word_1_519' title='bbox 2627 2444 2861 2506; x_wconf 86' lang='grc' dir='ltr'>θάνατοι,</span> <span class='ocrx_word' id='word_1_520' title='bbox 2893 2444 2984 2507; x_wconf 75' lang='grc' dir='ltr'><strong>οὓς</strong></span> <span class='ocrx_word' id='word_1_521' title='bbox 3014 2447 3062 2498; x_wconf 74' lang='lat' dir='ltr'><strong>ot</strong></span> <span class='ocrx_word' id='word_1_522' title='bbox 3089 2445 3301 2508; x_wconf 82' lang='grc' dir='ltr'>πλείους</span> <span class='ocrx_word' id='word_1_523' title='bbox 3330 2447 3485 2517; x_wconf 85' lang='grc' dir='ltr'>ἡμῶν</span> <span class='ocrx_word' id='word_1_524' title='bbox 3530 2449 3991 2520; x_wconf 83' lang='grc' dir='ltr'>ὑπομεμενήκασι,</span> 
     </span>
    </p>
   </div>
   <div class='ocr_carea' id='block_1_69' title="bbox 2446 2535 3996 2610">
    <p class='ocr_par' dir='ltr' id='par_1_69' title="bbox 2446 2535 3996 2610">
     <span class='ocr_line' id='line_1_69' title="bbox 2446 2535 3996 2610; baseline 0.003 -22"><span class='ocrx_word' id='word_1_525' title='bbox 2446 2540 2505 2588; x_wconf 80' lang='grc' dir='ltr'><strong>τὸ</strong></span> <span class='ocrx_word' id='word_1_526' title='bbox 2540 2536 2702 2606; x_wconf 79' lang='grc' dir='ltr'>μηθὲν</span> <span class='ocrx_word' id='word_1_527' title='bbox 2730 2535 3088 2607; x_wconf 76' lang='grc' dir='ltr'>ἐνομίσθησαν</span> <span class='ocrx_word' id='word_1_528' title='bbox 3126 2537 3419 2606; x_wconf 84' lang='grc' dir='ltr'>παραθέσει</span> <span class='ocrx_word' id='word_1_529' title='bbox 3465 2537 3570 2590; x_wconf 80' lang='grc' dir='ltr'><strong>τῶν</strong></span> <span class='ocrx_word' id='word_1_530' title='bbox 3610 2539 3878 2610; x_wconf 83' lang='grc' dir='ltr'>χειρόνων.</span> <span class='ocrx_word' id='word_1_531' title='bbox 3907 2540 3996 2593; x_wconf 78' lang='grc' dir='ltr'>Διὸ</span> 
     </span>
    </p>
   </div>
   <div class='ocr_carea' id='block_1_70' title="bbox 2447 2626 3997 2698">
    <p class='ocr_par' dir='ltr' id='par_1_70' title="bbox 2447 2626 3997 2698">
     <span class='ocr_line' id='line_1_70' title="bbox 2447 2626 3997 2698; baseline 0.002 -19"><span class='ocrx_word' id='word_1_532' title='bbox 2447 2630 2624 2679; x_wconf 87' lang='grc' dir='ltr'>ἐκεῖνα</span> <span class='ocrx_word' id='word_1_533' title='bbox 2657 2626 2754 2696; x_wconf 85' lang='grc' dir='ltr'><strong>μὲν</strong></span> <span class='ocrx_word' id='word_1_534' title='bbox 2785 2629 3197 2698; x_wconf 87' lang='grc' dir='ltr'>σεσιωπήκαμεν</span> <span class='ocrx_word' id='word_1_535' title='bbox 3217 2645 3229 2657; x_wconf 88' lang='grc'><strong>·</strong></span> <span class='ocrx_word' id='word_1_536' title='bbox 3257 2630 3376 2681; x_wconf 72' lang='grc' dir='ltr'>ἐπεὶ</span> <span class='ocrx_word' id='word_1_537' title='bbox 3397 2629 3473 2690; x_wconf 89' lang='grc' dir='ltr'><strong>δέ,</strong></span> <span class='ocrx_word' id='word_1_538' title='bbox 3501 2629 3574 2691; x_wconf 85' lang='grc' dir='ltr'>ὡς</span> <span class='ocrx_word' id='word_1_539' title='bbox 3603 2631 3660 2680; x_wconf 85' lang='grc' dir='ltr'><strong>ἐν</strong></span> <span class='ocrx_word' id='word_1_540' title='bbox 3681 2629 3889 2696; x_wconf 75' lang='grc' dir='ltr'>δεινοζς,</span> <span class='ocrx_word' id='word_1_541' title='bbox 3914 2630 3997 2682; x_wconf 87' lang='grc' dir='ltr'>οὑ-</span> 
     </span>
    </p>
   </div>
   <div class='ocr_carea' id='block_1_71' title="bbox 2446 2716 3997 2799">
    <p class='ocr_par' dir='ltr' id='par_1_71' title="bbox 2446 2716 3997 2799">
     <span class='ocr_line' id='line_1_71' title="bbox 2446 2716 3997 2799; baseline 0.001 -29"><span class='ocrx_word' id='word_1_542' title='bbox 2446 2718 2533 2771; x_wconf 87' lang='grc' dir='ltr'>δὲν</span> <span class='ocrx_word' id='word_1_543' title='bbox 2561 2720 2738 2787; x_wconf 82' lang='grc' dir='ltr'>χεῖρον</span> <span class='ocrx_word' id='word_1_544' title='bbox 2767 2716 2858 2768; x_wconf 85' lang='grc' dir='ltr'><strong>τοῦ</strong></span> <span class='ocrx_word' id='word_1_545' title='bbox 2900 2716 2988 2769; x_wconf 83' lang='grc' dir='ltr'>διὰ</span> <span class='ocrx_word' id='word_1_546' title='bbox 3027 2719 3193 2789; x_wconf 84' lang='grc' dir='ltr'>πυρὸς</span> <span class='ocrx_word' id='word_1_547' title='bbox 3221 2718 3447 2771; x_wconf 86' lang='grc' dir='ltr'>θανάτου</span> <span class='ocrx_word' id='word_1_548' title='bbox 3474 2721 3564 2771; x_wconf 74' lang='grc' dir='ltr'><strong>καὶ</strong></span> <span class='ocrx_word' id='word_1_549' title='bbox 3588 2719 3681 2771; x_wconf 89' lang='grc' dir='ltr'><strong>τοῦ</strong></span> <span class='ocrx_word' id='word_1_550' title='bbox 3699 2719 3784 2771; x_wconf 84' lang='grc' dir='ltr'>δι’</span> <span class='ocrx_word' id='word_1_551' title='bbox 3810 2720 3997 2799; x_wconf 72' lang='grc' dir='ltr'>ὓδατος</span> 
     </span>
    </p>
   </div>
   <div class='ocr_carea' id='block_1_72' title="bbox 2447 2807 3993 2881">
    <p class='ocr_par' dir='ltr' id='par_1_72' title="bbox 2447 2807 3993 2881">
     <span class='ocr_line' id='line_1_72' title="bbox 2447 2807 3993 2881; baseline 0.004 -21"><span class='ocrx_word' id='word_1_552' title='bbox 2447 2809 2783 2877; x_wconf 85' lang='grc' dir='ltr'>νενόμισται,</span> <span class='ocrx_word' id='word_1_553' title='bbox 2814 2807 2980 2861; x_wconf 88' lang='grc' dir='ltr'>ταῦτα</span> <span class='ocrx_word' id='word_1_554' title='bbox 3023 2809 3078 2861; x_wconf 84' lang='grc' dir='ltr'>δὲ</span> <span class='ocrx_word' id='word_1_555' title='bbox 3124 2811 3262 2862; x_wconf 88' lang='grc' dir='ltr'>αὑτά</span> <span class='ocrx_word' id='word_1_556' title='bbox 3302 2827 3474 2879; x_wconf 84' lang='grc' dir='ltr'>φαμεν</span> <span class='ocrx_word' id='word_1_557' title='bbox 3507 2812 3993 2881; x_wconf 77' lang='grc' dir='ltr'>ὑπομεμενηκέναι.</span> 
     </span>
    </p>
   </div>
   <div class='ocr_carea' id='block_1_73' title="bbox 2449 2896 3996 2969">
    <p class='ocr_par' dir='ltr' id='par_1_73' title="bbox 2449 2896 3996 2969">
     <span class='ocr_line' id='line_1_73' title="bbox 2449 2896 3996 2969; baseline 0.002 -20"><span class='ocrx_word' id='word_1_558' title='bbox 2449 2899 2603 2960; x_wconf 83' lang='grc' dir='ltr'>Τινὲς</span> <span class='ocrx_word' id='word_1_559' title='bbox 2641 2899 2736 2966; x_wconf 79' lang='grc' dir='ltr'><strong>μὲν</strong></span> <span class='ocrx_word' id='word_1_560' title='bbox 2768 2896 2874 2968; x_wconf 82' lang='grc' dir='ltr'>γὰρ</span> <span class='ocrx_word' id='word_1_561' title='bbox 2901 2898 3054 2966; x_wconf 87' lang='grc' dir='ltr'>ήμῶν</span> <span class='ocrx_word' id='word_1_562' title='bbox 3087 2897 3400 2968; x_wconf 75' lang='grc' dir='ltr'>ὑποϐρύχιοι</span> <span class='ocrx_word' id='word_1_563' title='bbox 3430 2897 3662 2969; x_wconf 79' lang='grc' dir='ltr'>θαλάττῃ</span> <span class='ocrx_word' id='word_1_564' title='bbox 3709 2900 3797 2951; x_wconf 76' lang='grc' dir='ltr'><strong>καὶ</strong></span> <span class='ocrx_word' id='word_1_565' title='bbox 3835 2916 3996 2952; x_wconf 86' lang='grc' dir='ltr'>ποτα-</span> 
     </span>
    </p>
   </div>
   <div class='ocr_carea' id='block_1_74' title="bbox 2451 2981 3994 3060">
    <p class='ocr_par' dir='ltr' id='par_1_74' title="bbox 2451 2981 3994 3060">
     <span class='ocr_line' id='line_1_74' title="bbox 2451 2981 3994 3060; baseline 0.002 -20"><span class='ocrx_word' id='word_1_566' title='bbox 2451 2993 2565 3058; x_wconf 84' lang='grc' dir='ltr'>μοῖς</span> <span class='ocrx_word' id='word_1_567' title='bbox 2589 2988 2954 3059; x_wconf 78' lang='grc' dir='ltr'>παρεδόθησαν</span> <span class='ocrx_word' id='word_1_568' title='bbox 2974 3003 2986 3016; x_wconf 86' lang='grc'><em>’</em></span> <span class='ocrx_word' id='word_1_569' title='bbox 3015 2991 3064 3041; x_wconf 81' lang='grc' dir='ltr'>οἱ</span> <span class='ocrx_word' id='word_1_570' title='bbox 3087 2989 3142 3041; x_wconf 83' lang='grc' dir='ltr'>δὲ</span> <span class='ocrx_word' id='word_1_571' title='bbox 3164 2990 3260 3058; x_wconf 82' lang='grc' dir='ltr'>τὴν</span> <span class='ocrx_word' id='word_1_572' title='bbox 3279 2981 3364 3042; x_wconf 84' lang='grc' dir='ltr'>διὰ</span> <span class='ocrx_word' id='word_1_573' title='bbox 3389 2991 3555 3060; x_wconf 83' lang='grc' dir='ltr'>πυρὸς</span> <span class='ocrx_word' id='word_1_574' title='bbox 3577 2990 3994 3059; x_wconf 84' lang='grc' dir='ltr'>τιμωρίαν,ὑπέ-</span> 
     </span>
    </p>
   </div>
   <div class='ocr_carea' id='block_1_75' title="bbox 2449 3072 4020 3148">
    <p class='ocr_par' dir='ltr' id='par_1_75' title="bbox 2449 3072 4020 3148">
     <span class='ocr_line' id='line_1_75' title="bbox 2449 3072 4020 3148; baseline -0.001 -19"><span class='ocrx_word' id='word_1_575' title='bbox 2449 3093 2663 3146; x_wconf 87' lang='grc' dir='ltr'>στησαν.</span> <span class='ocrx_word' id='word_1_576' title='bbox 2694 3075 2791 3128; x_wconf 85' lang='grc' dir='ltr'><strong>Διὰ</strong></span> <span class='ocrx_word' id='word_1_577' title='bbox 2812 3075 3072 3129; x_wconf 87' lang='grc' dir='ltr'>τοσούτων</span> <span class='ocrx_word' id='word_1_578' title='bbox 3097 3072 3188 3128; x_wconf 80' lang='grc' dir='ltr'><strong>οὖν</strong></span> <span class='ocrx_word' id='word_1_579' title='bbox 3233 3077 3554 3146; x_wconf 78' lang='grc' dir='ltr'>ἐδοκίμασας</span> <span class='ocrx_word' id='word_1_580' title='bbox 3583 3079 3747 3148; x_wconf 77' lang='grc' dir='ltr'>ἡμᾶς,</span> <span class='ocrx_word' id='word_1_581' title='bbox 3781 3080 3808 3129; x_wconf 85' lang='grc' dir='ltr'>ὁ</span> <span class='ocrx_word' id='word_1_582' title='bbox 3837 3077 4020 3141; x_wconf 58' lang='lat' dir='ltr'><strong>Sang,-</strong></span> 
     </span>
    </p>
   </div>
   <div class='ocr_carea' id='block_1_76' title="bbox 2449 3166 3997 3238">
    <p class='ocr_par' dir='ltr' id='par_1_76' title="bbox 2449 3166 3997 3238">
     <span class='ocr_line' id='line_1_76' title="bbox 2449 3166 3997 3238; baseline -0.001 -18"><span class='ocrx_word' id='word_1_583' title='bbox 2449 3169 2541 3226; x_wconf 79' lang='grc' dir='ltr'><strong>καὶ</strong></span> <span class='ocrx_word' id='word_1_584' title='bbox 2571 3166 2658 3220; x_wconf 84' lang='grc' dir='ltr'>διὰ</span> <span class='ocrx_word' id='word_1_585' title='bbox 2689 3166 2885 3218; x_wconf 91' lang='grc' dir='ltr'>τούτων</span> <span class='ocrx_word' id='word_1_586' title='bbox 2919 3167 3166 3221; x_wconf 82' lang='grc' dir='ltr'>ἁπάντων</span> <span class='ocrx_word' id='word_1_587' title='bbox 3199 3167 3483 3237; x_wconf 81' lang='grc' dir='ltr'>ἐπύρωσας</span> <span class='ocrx_word' id='word_1_588' title='bbox 3515 3169 3678 3238; x_wconf 81' lang='grc' dir='ltr'>ἡμᾶς,</span> <span class='ocrx_word' id='word_1_589' title='bbox 3697 3167 3770 3229; x_wconf 84' lang='grc' dir='ltr'>ὼς</span> <span class='ocrx_word' id='word_1_590' title='bbox 3797 3166 3997 3237; x_wconf 82' lang='grc' dir='ltr'>πυροῦ-</span> 
     </span>
    </p>
   </div>
   <div class='ocr_carea' id='block_1_77' title="bbox 2450 3255 2923 3326">
    <p class='ocr_par' dir='ltr' id='par_1_77' title="bbox 2450 3255 2923 3326">
     <span class='ocr_line' id='line_1_77' title="bbox 2450 3255 2923 3326; baseline -0.002 -18"><span class='ocrx_word' id='word_1_591' title='bbox 2450 3274 2538 3309; x_wconf 89' lang='grc' dir='ltr'><strong>ται</strong></span> <span class='ocrx_word' id='word_1_592' title='bbox 2560 3256 2619 3309; x_wconf 83' lang='grc' dir='ltr'><strong>τὸ</strong></span> <span class='ocrx_word' id='word_1_593' title='bbox 2648 3255 2923 3326; x_wconf 80' lang='grc' dir='ltr'>ἀργύριον.</span> 
     </span>
    </p>
   </div>
   <div class='ocr_carea' id='block_1_78' title="bbox 2532 3345 3995 3422">
    <p class='ocr_par' dir='ltr' id='par_1_78' title="bbox 2532 3345 3995 3422">
     <span class='ocr_line' id='line_1_78' title="bbox 2532 3345 3995 3422; baseline 0.001 -25"><span class='ocrx_word' id='word_1_594' title='bbox 2532 3345 2687 3397; x_wconf 85' lang='grc' dir='ltr'>Ἀλλὰ</span> <span class='ocrx_word' id='word_1_595' title='bbox 2711 3345 2882 3398; x_wconf 90' lang='grc' dir='ltr'>ταῦτα</span> <span class='ocrx_word' id='word_1_596' title='bbox 2905 3345 3078 3398; x_wconf 85' lang='grc' dir='ltr'>πάντα</span> <span class='ocrx_word' id='word_1_597' title='bbox 3104 3345 3391 3422; x_wconf 73' lang='grc' dir='ltr'>ἐπαγαγὼν</span> <span class='ocrx_word' id='word_1_598' title='bbox 3424 3349 3572 3418; x_wconf 80' lang='grc' dir='ltr'>ἡμῖν,</span> <span class='ocrx_word' id='word_1_599' title='bbox 3605 3346 3762 3398; x_wconf 89' lang='grc' dir='ltr'>πάλιν</span> <span class='ocrx_word' id='word_1_600' title='bbox 3795 3353 3856 3400; x_wconf 81' lang='grc' dir='ltr'><strong>σὺ</strong></span> <span class='ocrx_word' id='word_1_601' title='bbox 3898 3363 3995 3399; x_wconf 78' lang='lat' dir='ltr'><strong>au-</strong></span> 
     </span>
    </p>
   </div>
   <div class='ocr_carea' id='block_1_79' title="bbox 2448 3432 3998 3507">
    <p class='ocr_par' dir='ltr' id='par_1_79' title="bbox 2448 3432 3998 3507">
     <span class='ocr_line' id='line_1_79' title="bbox 2448 3432 3998 3507; baseline 0.001 -21"><span class='ocrx_word' id='word_1_602' title='bbox 2448 3435 2536 3497; x_wconf 82' lang='grc' dir='ltr'><strong>τὸς</strong></span> <span class='ocrx_word' id='word_1_603' title='bbox 2559 3434 2827 3505; x_wconf 72' lang='grc' dir='ltr'>ἐξήγαγες,</span> <span class='ocrx_word' id='word_1_604' title='bbox 2849 3436 2991 3505; x_wconf 78' lang='grc' dir='ltr'>ἡμᾶς</span> <span class='ocrx_word' id='word_1_605' title='bbox 3011 3438 3089 3499; x_wconf 85' lang='grc' dir='ltr'>εἰς</span> <span class='ocrx_word' id='word_1_606' title='bbox 3113 3437 3404 3507; x_wconf 82' lang='grc' dir='ltr'>ἀναψυχήν.</span> <span class='ocrx_word' id='word_1_607' title='bbox 3437 3436 3639 3506; x_wconf 47' lang='grc' dir='ltr'>Οὑλγὰρ</span> <span class='ocrx_word' id='word_1_608' title='bbox 3673 3436 3828 3506; x_wconf 87' lang='grc' dir='ltr'>ἡμῶν,</span> <span class='ocrx_word' id='word_1_609' title='bbox 3847 3432 3914 3507; x_wconf 77' lang='grc' dir='ltr'>ἦν</span> <span class='ocrx_word' id='word_1_610' title='bbox 3936 3437 3998 3489; x_wconf 82' lang='grc' dir='ltr'>τὸ</span> 
     </span>
    </p>
   </div>
   <div class='ocr_carea' id='block_1_80' title="bbox 2451 3526 3998 3601">
    <p class='ocr_par' dir='ltr' id='par_1_80' title="bbox 2451 3526 3998 3601">
     <span class='ocr_line' id='line_1_80' title="bbox 2451 3526 3998 3601; baseline 0.001 -22"><span class='ocrx_word' id='word_1_611' title='bbox 2451 3529 2733 3601; x_wconf 81' lang='grc' dir='ltr'>ὑπομεῖναι</span> <span class='ocrx_word' id='word_1_612' title='bbox 2778 3531 2871 3582; x_wconf 80' lang='grc' dir='ltr'>καὶ</span> <span class='ocrx_word' id='word_1_613' title='bbox 2902 3530 3176 3596; x_wconf 77' lang='grc' dir='ltr'>διαφυγεῖν</span> <span class='ocrx_word' id='word_1_614' title='bbox 3209 3529 3276 3581; x_wconf 84' lang='grc' dir='ltr'>τὰ</span> <span class='ocrx_word' id='word_1_615' title='bbox 3305 3526 3557 3592; x_wconf 72' lang='grc' dir='ltr'>τοσαῦτα,</span> <span class='ocrx_word' id='word_1_616' title='bbox 3591 3527 3724 3580; x_wconf 79' lang='grc' dir='ltr'>ἀλλὰ</span> <span class='ocrx_word' id='word_1_617' title='bbox 3772 3526 3864 3579; x_wconf 87' lang='grc' dir='ltr'><strong>σοῦ</strong></span> <span class='ocrx_word' id='word_1_618' title='bbox 3908 3526 3998 3580; x_wconf 79' lang='grc' dir='ltr'><strong>τοῦ</strong></span> 
     </span>
    </p>
   </div>
   <div class='ocr_carea' id='block_1_81' title="bbox 2454 3615 3997 3689">
    <p class='ocr_par' dir='ltr' id='par_1_81' title="bbox 2454 3615 3997 3689">
     <span class='ocr_line' id='line_1_81' title="bbox 2454 3615 3997 3689; baseline -0.001 -18"><span class='ocrx_word' id='word_1_619' title='bbox 2454 3618 2682 3688; x_wconf 87' lang='grc' dir='ltr'>μεγάλου</span> <span class='ocrx_word' id='word_1_620' title='bbox 2717 3620 2961 3689; x_wconf 83' lang='grc' dir='ltr'>Σωτῆρος</span> <span class='ocrx_word' id='word_1_621' title='bbox 2979 3634 2993 3647; x_wconf 90' lang='grc'><strong>·</strong></span> <span class='ocrx_word' id='word_1_622' title='bbox 3022 3618 3094 3680; x_wconf 87' lang='grc' dir='ltr'>ὼς</span> <span class='ocrx_word' id='word_1_623' title='bbox 3116 3617 3222 3688; x_wconf 82' lang='grc' dir='ltr'><strong>γάρ</strong></span> <span class='ocrx_word' id='word_1_624' title='bbox 3246 3618 3530 3687; x_wconf 75' lang='grc' dir='ltr'>εἰσήγαγες</span> <span class='ocrx_word' id='word_1_625' title='bbox 3553 3619 3629 3679; x_wconf 77' lang='grc' dir='ltr'><strong>εἰς</strong></span> <span class='ocrx_word' id='word_1_626' title='bbox 3658 3616 3755 3686; x_wconf 80' lang='grc' dir='ltr'>τὴν</span> <span class='ocrx_word' id='word_1_627' title='bbox 3778 3615 3997 3682; x_wconf 85' lang='grc' dir='ltr'>παγίδα,</span> 
     </span>
    </p>
   </div>
   <div class='ocr_carea' id='block_1_82' title="bbox 2449 3704 3999 3778">
    <p class='ocr_par' dir='ltr' id='par_1_82' title="bbox 2449 3704 3999 3778">
     <span class='ocr_line' id='line_1_82' title="bbox 2449 3704 3999 3778; baseline -0.005 -16"><span class='ocrx_word' id='word_1_628' title='bbox 2449 3711 2590 3762; x_wconf 72' lang='grc' dir='ltr'>οὕτω</span> <span class='ocrx_word' id='word_1_629' title='bbox 2633 3711 2724 3762; x_wconf 73' lang='grc' dir='ltr'><strong>καὶ</strong></span> <span class='ocrx_word' id='word_1_630' title='bbox 2759 3709 3021 3778; x_wconf 84' lang='grc' dir='ltr'>ἐξήγαγες</span> <span class='ocrx_word' id='word_1_631' title='bbox 3062 3708 3138 3768; x_wconf 86' lang='grc' dir='ltr'><strong>είς</strong></span> <span class='ocrx_word' id='word_1_632' title='bbox 3164 3706 3456 3777; x_wconf 77' lang='grc' dir='ltr'>ἀναψυχήν.</span> <span class='ocrx_word' id='word_1_633' title='bbox 3475 3704 3688 3774; x_wconf 86' lang='grc' dir='ltr'>Ἐπειδὴ</span> <span class='ocrx_word' id='word_1_634' title='bbox 3719 3704 3793 3774; x_wconf 79' lang='grc' dir='ltr'>μὴ</span> <span class='ocrx_word' id='word_1_635' title='bbox 3822 3705 3999 3773; x_wconf 81' lang='grc' dir='ltr'>παρά-</span> 
     </span>
    </p>
   </div>
   <div class='ocr_carea' id='block_1_83' title="bbox 2455 3791 3998 3869">
    <p class='ocr_par' dir='ltr' id='par_1_83' title="bbox 2455 3791 3998 3869">
     <span class='ocr_line' id='line_1_83' title="bbox 2455 3791 3998 3869; baseline -0.005 -18"><span class='ocrx_word' id='word_1_636' title='bbox 2455 3817 2588 3869; x_wconf 89' lang='grc' dir='ltr'>μονα</span> <span class='ocrx_word' id='word_1_637' title='bbox 2638 3799 2821 3860; x_wconf 82' lang='grc' dir='ltr'>είασας</span> <span class='ocrx_word' id='word_1_638' title='bbox 2871 3798 3020 3865; x_wconf 85' lang='grc' dir='ltr'>ήμῶν</span> <span class='ocrx_word' id='word_1_639' title='bbox 3057 3797 3125 3848; x_wconf 84' lang='grc' dir='ltr'>τὰ</span> <span class='ocrx_word' id='word_1_640' title='bbox 3154 3795 3467 3866; x_wconf 82' lang='grc' dir='ltr'>σκυθρωπά,</span> <span class='ocrx_word' id='word_1_641' title='bbox 3496 3794 3627 3863; x_wconf 87' lang='grc' dir='ltr'><strong>μηδέ</strong></span> <span class='ocrx_word' id='word_1_642' title='bbox 3670 3796 3746 3855; x_wconf 74' lang='grc' dir='ltr'><strong>εἰς</strong></span> <span class='ocrx_word' id='word_1_643' title='bbox 3777 3791 3998 3864; x_wconf 74' lang='grc' dir='ltr'>ἄπειρον</span> 
     </span>
    </p>
   </div>
   <div class='ocr_carea' id='block_1_84' title="bbox 2450 3883 3997 3960">
    <p class='ocr_par' dir='ltr' id='par_1_84' title="bbox 2450 3883 3997 3960">
     <span class='ocr_line' id='line_1_84' title="bbox 2450 3883 3997 3960; baseline -0.004 -18"><span class='ocrx_word' id='word_1_644' title='bbox 2450 3890 2768 3960; x_wconf 87' lang='grc' dir='ltr'>παρέτεινας</span> <span class='ocrx_word' id='word_1_645' title='bbox 2796 3888 2891 3957; x_wconf 78' lang='grc' dir='ltr'><strong>τὴν</strong></span> <span class='ocrx_word' id='word_1_646' title='bbox 2926 3886 3118 3955; x_wconf 82' lang='grc' dir='ltr'>θλίψιν,</span> <span class='ocrx_word' id='word_1_647' title='bbox 3152 3885 3282 3956; x_wconf 83' lang='grc' dir='ltr'>μηδὲ</span> <span class='ocrx_word' id='word_1_648' title='bbox 3314 3887 3391 3947; x_wconf 82' lang='grc' dir='ltr'><strong>είς</strong></span> <span class='ocrx_word' id='word_1_649' title='bbox 3425 3883 3627 3954; x_wconf 82' lang='grc' dir='ltr'>μακρὸν</span> <span class='ocrx_word' id='word_1_650' title='bbox 3659 3883 3844 3953; x_wconf 86' lang='grc' dir='ltr'>χρόνον</span> <span class='ocrx_word' id='word_1_651' title='bbox 3874 3899 3997 3936; x_wconf 81' lang='grc' dir='ltr'>συν-</span> 
     </span>
    </p>
   </div>
   <div class='ocr_carea' id='block_1_85' title="bbox 2451 3973 3997 4050">
    <p class='ocr_par' dir='ltr' id='par_1_85' title="bbox 2451 3973 3997 4050">
     <span class='ocr_line' id='line_1_85' title="bbox 2451 3973 3997 4050; baseline -0.005 -18"><span class='ocrx_word' id='word_1_652' title='bbox 2451 3979 2728 4050; x_wconf 81' lang='grc' dir='ltr'>εχώρησας</span> <span class='ocrx_word' id='word_1_653' title='bbox 2751 3978 2998 4048; x_wconf 76' lang='grc' dir='ltr'>ἐπιϐῆναι</span> <span class='ocrx_word' id='word_1_654' title='bbox 3019 3977 3113 4030; x_wconf 85' lang='grc' dir='ltr'>ἀνθ</span> <span class='ocrx_word' id='word_1_655' title='bbox 3123 3976 3329 4047; x_wconf 87' lang='grc' dir='ltr'>ρώπους</span> <span class='ocrx_word' id='word_1_656' title='bbox 3347 3977 3442 4036; x_wconf 18' lang='grc' dir='ltr'>,ἐπὶ</span> <span class='ocrx_word' id='word_1_657' title='bbox 3458 3975 3555 4036; x_wconf 85' lang='grc' dir='ltr'>τὰς</span> <span class='ocrx_word' id='word_1_658' title='bbox 3570 3973 3805 4042; x_wconf 82' lang='grc' dir='ltr'>κεφαλὰς</span> <span class='ocrx_word' id='word_1_659' title='bbox 3826 3973 3997 4043; x_wconf 73' lang='grc' dir='ltr'>ἡμῶν·</span> 
     </span>
    </p>
   </div>
   <div class='ocr_carea' id='block_1_86' title="bbox 2452 4062 4000 4136">
    <p class='ocr_par' dir='ltr' id='par_1_86' title="bbox 2452 4062 4000 4136">
     <span class='ocr_line' id='line_1_86' title="bbox 2452 4062 4000 4136; baseline -0.002 -16"><span class='ocrx_word' id='word_1_660' title='bbox 2452 4069 2563 4122; x_wconf 64' lang='lat' dir='ltr'><strong>an?</strong></span> <span class='ocrx_word' id='word_1_661' title='bbox 2589 4069 2708 4120; x_wconf 83' lang='grc' dir='ltr'>οὑδὲ</span> <span class='ocrx_word' id='word_1_662' title='bbox 2750 4069 2806 4119; x_wconf 84' lang='grc' dir='ltr'><strong>ἐν</strong></span> <span class='ocrx_word' id='word_1_663' title='bbox 2834 4067 2911 4136; x_wconf 85' lang='grc' dir='ltr'><strong>τῷ</strong></span> <span class='ocrx_word' id='word_1_664' title='bbox 2951 4067 3080 4136; x_wconf 72' lang='grc' dir='ltr'>πυρὶ</span> <span class='ocrx_word' id='word_1_665' title='bbox 3111 4066 3386 4135; x_wconf 89' lang='grc' dir='ltr'>γενόμενοι</span> <span class='ocrx_word' id='word_1_666' title='bbox 3415 4064 3858 4133; x_wconf 85' lang='grc' dir='ltr'>ἐνυπεμείναμεν,</span> <span class='ocrx_word' id='word_1_667' title='bbox 3883 4062 4000 4117; x_wconf 66' lang='lat' dir='ltr'><strong>eoat</strong></span> 
     </span>
    </p>
   </div>
   <div class='ocr_carea' id='block_1_87' title="bbox 2453 4149 4000 4236">
    <p class='ocr_par' dir='ltr' id='par_1_87' title="bbox 2453 4149 4000 4236">
     <span class='ocr_line' id='line_1_87' title="bbox 2453 4149 4000 4236; baseline -0.003 -26"><span class='ocrx_word' id='word_1_668' title='bbox 2453 4162 2508 4212; x_wconf 73' lang='grc' dir='ltr'><strong>ἐν</strong></span> <span class='ocrx_word' id='word_1_669' title='bbox 2540 4159 2616 4228; x_wconf 82' lang='grc' dir='ltr'>τῷ</span> <span class='ocrx_word' id='word_1_670' title='bbox 2642 4158 2789 4210; x_wconf 87' lang='grc' dir='ltr'>’ὑδατι</span> <span class='ocrx_word' id='word_1_671' title='bbox 2815 4157 3166 4227; x_wconf 79' lang='grc' dir='ltr'>ἐμὸληθέντες</span> <span class='ocrx_word' id='word_1_672' title='bbox 3192 4156 3460 4226; x_wconf 81' lang='grc' dir='ltr'>κατεπόθη</span> <span class='ocrx_word' id='word_1_673' title='bbox 3471 4149 3592 4224; x_wconf 76' lang='grc' dir='ltr'>μεν·</span> <span class='ocrx_word' id='word_1_674' title='bbox 3630 4155 3731 4236; x_wconf 10' lang='grc' dir='ltr'><strong>καίη</strong></span> <span class='ocrx_word' id='word_1_675' title='bbox 3768 4154 3922 4206; x_wconf 87' lang='grc' dir='ltr'>τοῦτο</span> <span class='ocrx_word' id='word_1_676' title='bbox 3942 4153 4000 4206; x_wconf 76' lang='grc' dir='ltr'>δὲ</span> 
     </span>
    </p>
   </div>
   <div class='ocr_carea' id='block_1_88' title="bbox 2451 4245 4001 4318">
    <p class='ocr_par' dir='ltr' id='par_1_88' title="bbox 2451 4245 4001 4318">
     <span class='ocr_line' id='line_1_88' title="bbox 2451 4245 4001 4318; baseline -0.003 -17"><span class='ocrx_word' id='word_1_677' title='bbox 2451 4249 2762 4318; x_wconf 86' lang='grc' dir='ltr'>διήλθομεν·</span> <span class='ocrx_word' id='word_1_678' title='bbox 2799 4247 2877 4298; x_wconf 84' lang='grc' dir='ltr'><strong>διὸ</strong></span> <span class='ocrx_word' id='word_1_679' title='bbox 2909 4246 3182 4304; x_wconf 74' lang='grc' dir='ltr'>λέλεκταιο</span> <span class='ocrx_word' id='word_1_680' title='bbox 3220 4264 3237 4297; x_wconf 74' lang='grc' dir='ltr'><strong>ι</strong></span> <span class='ocrx_word' id='word_1_681' title='bbox 3269 4245 3559 4314; x_wconf 69' lang='grc' dir='ltr'>Διήλθομεν</span> <span class='ocrx_word' id='word_1_682' title='bbox 3589 4245 3675 4298; x_wconf 75' lang='grc' dir='ltr'>διὰ</span> <span class='ocrx_word' id='word_1_683' title='bbox 3697 4245 3885 4315; x_wconf 83' lang='grc' dir='ltr'>πυρὸς,</span> <span class='ocrx_word' id='word_1_684' title='bbox 3908 4246 4001 4296; x_wconf 81' lang='grc' dir='ltr'>καὶ</span> 
     </span>
    </p>
   </div>
   <div class='ocr_carea' id='block_1_89' title="bbox 2453 4336 4001 4408">
    <p class='ocr_par' dir='ltr' id='par_1_89' title="bbox 2453 4336 4001 4408">
     <span class='ocr_line' id='line_1_89' title="bbox 2453 4336 4001 4408; baseline -0.001 -19"><span class='ocrx_word' id='word_1_685' title='bbox 2453 4338 2543 4390; x_wconf 83' lang='grc' dir='ltr'><strong>τὸν</strong></span> <span class='ocrx_word' id='word_1_686' title='bbox 2590 4337 2745 4406; x_wconf 78' lang='grc' dir='ltr'>βυθὸν</span> <span class='ocrx_word' id='word_1_687' title='bbox 2787 4337 2891 4388; x_wconf 92' lang='grc' dir='ltr'><strong>τῶν</strong></span> <span class='ocrx_word' id='word_1_688' title='bbox 2933 4337 3132 4390; x_wconf 85' lang='grc' dir='ltr'>ὑδάτων</span> <span class='ocrx_word' id='word_1_689' title='bbox 3180 4337 3548 4408; x_wconf 72' lang='grc' dir='ltr'>διεξήλθομενσ</span> <span class='ocrx_word' id='word_1_690' title='bbox 3581 4355 3600 4388; x_wconf 71' lang='grc' dir='ltr'><strong>ι</strong></span> <span class='ocrx_word' id='word_1_691' title='bbox 3633 4337 3712 4389; x_wconf 83' lang='grc' dir='ltr'><strong>διὸ</strong></span> <span class='ocrx_word' id='word_1_692' title='bbox 3737 4337 3851 4399; x_wconf 74' lang='grc' dir='ltr'>καὶ,</span> <span class='ocrx_word' id='word_1_693' title='bbox 3889 4355 3908 4387; x_wconf 73' lang='grc' dir='ltr'><strong>ι</strong></span> <span class='ocrx_word' id='word_1_694' title='bbox 3934 4336 4001 4388; x_wconf 87' lang='grc' dir='ltr'>δι’</span> 
     </span>
    </p>
   </div>
   <div class='ocr_carea' id='block_1_90' title="bbox 2458 4427 4002 4497">
    <p class='ocr_par' dir='ltr' id='par_1_90' title="bbox 2458 4427 4002 4497">
     <span class='ocr_line' id='line_1_90' title="bbox 2458 4427 4002 4497; baseline -0.003 -17"><span class='ocrx_word' id='word_1_695' title='bbox 2458 4428 2662 4490; x_wconf 75' lang='grc' dir='ltr'>ὓδατος,</span> <span class='ocrx_word' id='word_1_696' title='bbox 2698 4445 2715 4479; x_wconf 82' lang='grc'>›</span> <span class='ocrx_word' id='word_1_697' title='bbox 2767 4427 2991 4495; x_wconf 79' lang='grc' dir='ltr'>εἴρηται.</span> <span class='ocrx_word' id='word_1_698' title='bbox 3034 4429 3141 4480; x_wconf 84' lang='lat' dir='ltr'><strong>Kal.</strong></span> <span class='ocrx_word' id='word_1_699' title='bbox 3170 4427 3231 4497; x_wconf 87' lang='grc' dir='ltr'>δὴ</span> <span class='ocrx_word' id='word_1_700' title='bbox 3259 4429 3349 4480; x_wconf 72' lang='grc' dir='ltr'><strong>ἐπὶ</strong></span> <span class='ocrx_word' id='word_1_701' title='bbox 3370 4428 3576 4489; x_wconf 88' lang='grc' dir='ltr'>τούτοις</span> <span class='ocrx_word' id='word_1_702' title='bbox 3608 4428 3804 4482; x_wconf 74' lang='grc' dir='ltr'>ἅπασιν</span> <span class='ocrx_word' id='word_1_703' title='bbox 3837 4427 4002 4492; x_wconf 78' lang='grc' dir='ltr'>ἐγγυ-</span> 
     </span>
    </p>
   </div>
   <div class='ocr_carea' id='block_1_91' title="bbox 780 4509 2478 4598">
    <p class='ocr_par' dir='ltr' id='par_1_91' title="bbox 780 4509 2478 4598">
     <span class='ocr_line' id='line_1_91' title="bbox 780 4509 2478 4598; baseline 0.002 -30"><span class='ocrx_word' id='word_1_704' title='bbox 780 4564 784 4568; x_wconf 88' lang='grc'><strong>.</strong></span> <span class='ocrx_word' id='word_1_705' title='bbox 819 4515 1067 4567; x_wconf 89' lang='lat' dir='ltr'><strong>omnibus</strong></span> <span class='ocrx_word' id='word_1_706' title='bbox 1094 4529 1195 4569; x_wconf 89' lang='lat' dir='ltr'><strong>nos</strong></span> <span class='ocrx_word' id='word_1_707' title='bbox 1229 4515 1489 4585; x_wconf 82' lang='lat' dir='ltr'><strong>probasti,</strong></span> <span class='ocrx_word' id='word_1_708' title='bbox 1528 4509 1846 4584; x_wconf 87' lang='lat' dir='ltr'><strong>sumptoque</strong></span> <span class='ocrx_word' id='word_1_709' title='bbox 1869 4516 2135 4584; x_wconf 68' lang='lat' dir='ltr'><strong>patientiae</strong></span> <span class='ocrx_word' id='word_1_710' title='bbox 2160 4525 2213 4570; x_wconf 92' lang='lat' dir='ltr'><strong>et</strong></span> <span class='ocrx_word' id='word_1_711' title='bbox 2237 4533 2356 4586; x_wconf 82' lang='lat' dir='ltr'><strong>per-</strong></span> <span class='ocrx_word' id='word_1_712' title='bbox 2391 4546 2432 4598; x_wconf 75' lang='grc' dir='ltr'>υ</span> <span class='ocrx_word' id='word_1_713' title='bbox 2466 4539 2478 4589; x_wconf 69' lang='grc' dir='ltr'><em>ε</em></span> 
     </span>
    </p>
   </div>
   <div class='ocr_carea' id='block_1_92' title="bbox 2307 4509 4005 4598">
    <p class='ocr_par' dir='ltr' id='par_1_92' title="bbox 2307 4515 4005 4598">
     <span class='ocr_line' id='line_1_92' title="bbox 2307 4515 4005 4598; baseline -0.002 -27"><span class='ocrx_word' id='word_1_714' title='bbox 2307 4533 2356 4571; x_wconf 84' lang='lat' dir='ltr'><strong>r-</strong></span> <span class='ocrx_word' id='word_1_715' title='bbox 2391 4546 2432 4598; x_wconf 79' lang='lat' dir='ltr'><strong>D</strong></span> <span class='ocrx_word' id='word_1_716' title='bbox 2466 4521 2683 4590; x_wconf 41' lang='grc' dir='ltr'>μνάσας,</span> <span class='ocrx_word' id='word_1_717' title='bbox 2703 4521 2847 4588; x_wconf 79' lang='grc' dir='ltr'>ἡμᾶς</span> <span class='ocrx_word' id='word_1_718' title='bbox 2876 4521 2966 4570; x_wconf 78' lang='grc' dir='ltr'><strong>καὶ</strong></span> <span class='ocrx_word' id='word_1_719' title='bbox 2994 4520 3090 4589; x_wconf 88' lang='grc' dir='ltr'><strong>τῆς</strong></span> <span class='ocrx_word' id='word_1_720' title='bbox 3114 4521 3382 4590; x_wconf 78' lang='grc' dir='ltr'>ὑπομονῆς</span> <span class='ocrx_word' id='word_1_721' title='bbox 3405 4519 3559 4588; x_wconf 78' lang='grc' dir='ltr'>ήμῶν</span> <span class='ocrx_word' id='word_1_722' title='bbox 3580 4518 3673 4570; x_wconf 73' lang='grc' dir='ltr'>καὶ</span> <span class='ocrx_word' id='word_1_723' title='bbox 3694 4515 3788 4586; x_wconf 85' lang='grc' dir='ltr'><strong>τῆς</strong></span> <span class='ocrx_word' id='word_1_724' title='bbox 3813 4533 4005 4588; x_wconf 79' lang='grc' dir='ltr'>καρτε-</span> 
     </span>
    </p>
   </div>
   <div class='ocr_carea' id='block_1_93' title="bbox 821 4603 2357 4674">
    <p class='ocr_par' dir='ltr' id='par_1_93' title="bbox 821 4603 2357 4674">
     <span class='ocr_line' id='line_1_93' title="bbox 821 4603 2357 4674; baseline 0.003 -17"><span class='ocrx_word' id='word_1_725' title='bbox 821 4603 1133 4657; x_wconf 67' lang='lat' dir='ltr'><strong>severantize</strong></span> <span class='ocrx_word' id='word_1_726' title='bbox 1152 4611 1362 4659; x_wconf 73' lang='lat' dir='ltr'><strong>nostra:</strong></span> <span class='ocrx_word' id='word_1_727' title='bbox 1386 4606 1772 4674; x_wconf 80' lang='lat' dir='ltr'><strong>experimento,</strong></span> <span class='ocrx_word' id='word_1_728' title='bbox 1803 4607 2038 4661; x_wconf 81' lang='lat' dir='ltr'><strong>eduxisti</strong></span> <span class='ocrx_word' id='word_1_729' title='bbox 2073 4624 2172 4662; x_wconf 87' lang='lat' dir='ltr'><strong>nos</strong></span> <span class='ocrx_word' id='word_1_730' title='bbox 2191 4609 2245 4662; x_wconf 91' lang='lat' dir='ltr'><strong>in</strong></span> <span class='ocrx_word' id='word_1_731' title='bbox 2271 4625 2357 4663; x_wconf 84' lang='lat' dir='ltr'><strong>re-</strong></span> 
     </span>
    </p>
   </div>
   <div class='ocr_carea' id='block_1_94' title="bbox 821 4691 2354 4766">
    <p class='ocr_par' dir='ltr' id='par_1_94' title="bbox 821 4691 2354 4766">
     <span class='ocr_line' id='line_1_94' title="bbox 821 4691 2354 4766; baseline 0.007 -23"><span class='ocrx_word' id='word_1_732' title='bbox 821 4691 1132 4762; x_wconf 88' lang='lat' dir='ltr'><strong>frigerium;</strong></span> <span class='ocrx_word' id='word_1_733' title='bbox 1163 4692 1293 4758; x_wconf 86' lang='lat' dir='ltr'><strong>sive,</strong></span> <span class='ocrx_word' id='word_1_734' title='bbox 1321 4696 1615 4749; x_wconf 89' lang='lat' dir='ltr'><strong>secundum</strong></span> <span class='ocrx_word' id='word_1_735' title='bbox 1641 4694 2043 4766; x_wconf 88' lang='lat' dir='ltr'><strong>Symmachum,</strong></span> <span class='ocrx_word' id='word_1_736' title='bbox 2084 4717 2102 4748; x_wconf 71' lang='grc'><strong>(</strong></span> <span class='ocrx_word' id='word_1_737' title='bbox 2144 4699 2199 4751; x_wconf 87' lang='lat' dir='ltr'><strong>in</strong></span> <span class='ocrx_word' id='word_1_738' title='bbox 2233 4701 2354 4753; x_wconf 83' lang='lat' dir='ltr'><strong>lati-</strong></span> 
     </span>
    </p>
   </div>
   <div class='ocr_carea' id='block_1_95' title="bbox 821 4781 2352 4858">
    <p class='ocr_par' dir='ltr' id='par_1_95' title="bbox 821 4781 2352 4858">
     <span class='ocr_line' id='line_1_95' title="bbox 821 4781 2352 4858; baseline 0.005 -24"><span class='ocrx_word' id='word_1_739' title='bbox 821 4783 1080 4837; x_wconf 89' lang='lat' dir='ltr'><strong>tudinem.</strong></span> <span class='ocrx_word' id='word_1_740' title='bbox 1124 4784 1143 4834; x_wconf 59' lang='grc' dir='ltr'><strong>ι</strong></span> <span class='ocrx_word' id='word_1_741' title='bbox 1179 4781 1293 4837; x_wconf 84' lang='lat' dir='ltr'><strong>Hoc</strong></span> <span class='ocrx_word' id='word_1_742' title='bbox 1319 4793 1491 4838; x_wconf 90' lang='lat' dir='ltr'><strong>autem</strong></span> <span class='ocrx_word' id='word_1_743' title='bbox 1519 4784 1735 4840; x_wconf 84' lang='lat' dir='ltr'><strong>diverso</strong></span> <span class='ocrx_word' id='word_1_744' title='bbox 1759 4787 1916 4841; x_wconf 89' lang='lat' dir='ltr'><strong>modo</strong></span> <span class='ocrx_word' id='word_1_745' title='bbox 1947 4787 2222 4858; x_wconf 86' lang='lat' dir='ltr'><strong>impletum</strong></span> <span class='ocrx_word' id='word_1_746' title='bbox 2251 4798 2352 4845; x_wconf 89' lang='lat' dir='ltr'><strong>est.</strong></span> 
     </span>
    </p>
   </div>
   <div class='ocr_carea' id='block_1_96' title="bbox 821 4869 2354 4948">
    <p class='ocr_par' dir='ltr' id='par_1_96' title="bbox 821 4869 2354 4948">
     <span class='ocr_line' id='line_1_96' title="bbox 821 4869 2354 4948; baseline 0.008 -26"><span class='ocrx_word' id='word_1_747' title='bbox 821 4869 950 4923; x_wconf 83' lang='lat' dir='ltr'><strong>Nam</strong></span> <span class='ocrx_word' id='word_1_748' title='bbox 974 4886 1096 4925; x_wconf 91' lang='lat' dir='ltr'><strong>cum</strong></span> <span class='ocrx_word' id='word_1_749' title='bbox 1124 4887 1290 4928; x_wconf 91' lang='lat' dir='ltr'><strong>unum</strong></span> <span class='ocrx_word' id='word_1_750' title='bbox 1318 4873 1386 4927; x_wconf 90' lang='lat' dir='ltr'><strong>sit</strong></span> <span class='ocrx_word' id='word_1_751' title='bbox 1416 4873 1791 4944; x_wconf 84' lang='lat' dir='ltr'><strong>religiosorum</strong></span> <span class='ocrx_word' id='word_1_752' title='bbox 1819 4875 2098 4941; x_wconf 83' lang='lat' dir='ltr'><strong>hominum</strong></span> <span class='ocrx_word' id='word_1_753' title='bbox 2125 4893 2354 4948; x_wconf 90' lang='lat' dir='ltr'><strong>corpus;</strong></span> 
     </span>
    </p>
   </div>
   <div class='ocr_carea' id='block_1_97' title="bbox 822 4961 2351 5036">
    <p class='ocr_par' dir='ltr' id='par_1_97' title="bbox 822 4961 2351 5036">
     <span class='ocr_line' id='line_1_97' title="bbox 822 4961 2351 5036; baseline 0.007 -21"><span class='ocrx_word' id='word_1_754' title='bbox 822 4968 875 5015; x_wconf 90' lang='lat' dir='ltr'><strong>et</strong></span> <span class='ocrx_word' id='word_1_755' title='bbox 900 4961 986 5015; x_wconf 89' lang='lat' dir='ltr'><strong>alii</strong></span> <span class='ocrx_word' id='word_1_756' title='bbox 1012 4961 1229 5031; x_wconf 90' lang='lat' dir='ltr'><strong>quidem</strong></span> <span class='ocrx_word' id='word_1_757' title='bbox 1256 4961 1368 5017; x_wconf 59' lang='lat' dir='ltr'><strong>hac</strong></span> <span class='ocrx_word' id='word_1_758' title='bbox 1393 4965 1539 5032; x_wconf 87' lang='lat' dir='ltr'><strong>passi</strong></span> <span class='ocrx_word' id='word_1_759' title='bbox 1581 4964 1711 5029; x_wconf 87' lang='lat' dir='ltr'><strong>sint,</strong></span> <span class='ocrx_word' id='word_1_760' title='bbox 1749 4966 1839 5018; x_wconf 90' lang='lat' dir='ltr'><strong>alii</strong></span> <span class='ocrx_word' id='word_1_761' title='bbox 1869 4968 2192 5036; x_wconf 86' lang='lat' dir='ltr'><strong>supplicium</strong></span> <span class='ocrx_word' id='word_1_762' title='bbox 2240 4969 2351 5024; x_wconf 88' lang='lat' dir='ltr'><strong>lue-</strong></span> 
     </span>
    </p>
   </div>
   <div class='ocr_carea' id='block_1_98' title="bbox 823 5053 2354 5125">
    <p class='ocr_par' dir='ltr' id='par_1_98' title="bbox 823 5053 2354 5125">
     <span class='ocr_line' id='line_1_98' title="bbox 823 5053 2354 5125; baseline 0.006 -20"><span class='ocrx_word' id='word_1_763' title='bbox 823 5053 948 5116; x_wconf 90' lang='lat' dir='ltr'><strong>rint,</strong></span> <span class='ocrx_word' id='word_1_764' title='bbox 973 5054 1071 5106; x_wconf 83' lang='lat' dir='ltr'><strong>‘alii</strong></span> <span class='ocrx_word' id='word_1_765' title='bbox 1099 5055 1273 5108; x_wconf 90' lang='lat' dir='ltr'><strong>solum</strong></span> <span class='ocrx_word' id='word_1_766' title='bbox 1301 5056 1499 5108; x_wconf 90' lang='lat' dir='ltr'><strong>mulcta</strong></span> <span class='ocrx_word' id='word_1_767' title='bbox 1520 5057 1781 5111; x_wconf 90' lang='lat' dir='ltr'><strong>bonorum</strong></span> <span class='ocrx_word' id='word_1_768' title='bbox 1817 5060 2092 5112; x_wconf 79' lang='lat' dir='ltr'><strong>exercitati</strong></span> <span class='ocrx_word' id='word_1_769' title='bbox 2120 5060 2354 5125; x_wconf 76' lang='lat' dir='ltr'><strong>fuerint‘;</strong></span> 
     </span>
    </p>
   </div>
   <div class='ocr_carea' id='block_1_99' title="bbox 821 5143 2354 5217">
    <p class='ocr_par' dir='ltr' id='par_1_99' title="bbox 821 5143 2354 5217">
     <span class='ocr_line' id='line_1_99' title="bbox 821 5143 2354 5217; baseline 0.005 -23"><span class='ocrx_word' id='word_1_770' title='bbox 821 5143 910 5195; x_wconf 86' lang='lat' dir='ltr'><strong>alii</strong></span> <span class='ocrx_word' id='word_1_771' title='bbox 947 5143 1067 5211; x_wconf 88' lang='lat' dir='ltr'><strong>fuga</strong></span> <span class='ocrx_word' id='word_1_772' title='bbox 1120 5152 1172 5198; x_wconf 89' lang='lat' dir='ltr'><strong>et</strong></span> <span class='ocrx_word' id='word_1_773' title='bbox 1226 5159 1443 5198; x_wconf 90' lang='lat' dir='ltr'><strong>secessu</strong></span> <span class='ocrx_word' id='word_1_774' title='bbox 1478 5145 1820 5204; x_wconf 81' lang='lat' dir='ltr'><strong>familiarium</strong></span> <span class='ocrx_word' id='word_1_775' title='bbox 1877 5150 2083 5217; x_wconf 82' lang='lat' dir='ltr'><strong>probati</strong></span> <span class='ocrx_word' id='word_1_776' title='bbox 2135 5149 2354 5214; x_wconf 81' lang='lat' dir='ltr'><strong>fuerint,</strong></span> 
     </span>
    </p>
   </div>
   <div class='ocr_carea' id='block_1_100' title="bbox 823 5233 2356 5308">
    <p class='ocr_par' dir='ltr' id='par_1_100' title="bbox 823 5233 2356 5308">
     <span class='ocr_line' id='line_1_100' title="bbox 823 5233 2356 5308; baseline 0.007 -23"><span class='ocrx_word' id='word_1_777' title='bbox 823 5247 928 5285; x_wconf 91' lang='lat' dir='ltr'><strong>non</strong></span> <span class='ocrx_word' id='word_1_778' title='bbox 966 5233 1056 5286; x_wconf 88' lang='lat' dir='ltr'><strong>diu</strong></span> <span class='ocrx_word' id='word_1_779' title='bbox 1084 5241 1268 5300; x_wconf 82' lang='lat' dir='ltr'><strong>postea</strong></span> <span class='ocrx_word' id='word_1_780' title='bbox 1289 5235 1539 5308; x_wconf 87' lang='lat' dir='ltr'><strong>omnium</strong></span> <span class='ocrx_word' id='word_1_781' title='bbox 1580 5235 1703 5290; x_wconf 83' lang='lat' dir='ltr'><strong>ﬁnis</strong></span> <span class='ocrx_word' id='word_1_782' title='bbox 1742 5239 1991 5296; x_wconf 88' lang='lat' dir='ltr'><strong>omnibus</strong></span> <span class='ocrx_word' id='word_1_783' title='bbox 2029 5237 2237 5295; x_wconf 87' lang='lat' dir='ltr'><strong>faustus</strong></span> <span class='ocrx_word' id='word_1_784' title='bbox 2263 5256 2356 5294; x_wconf 83' lang='lat' dir='ltr'><strong>oc-</strong></span> 
     </span>
    </p>
   </div>
   <div class='ocr_carea' id='block_1_101' title="bbox 821 5319 2357 5393">
    <p class='ocr_par' dir='ltr' id='par_1_101' title="bbox 821 5319 2357 5393">
     <span class='ocr_line' id='line_1_101' title="bbox 821 5319 2357 5393; baseline 0.008 -23"><span class='ocrx_word' id='word_1_785' title='bbox 821 5321 1012 5374; x_wconf 90' lang='lat' dir='ltr'><strong>currit.</strong></span> <span class='ocrx_word' id='word_1_786' title='bbox 1043 5319 1176 5374; x_wconf 86' lang='lat' dir='ltr'><strong>Nam</strong></span> <span class='ocrx_word' id='word_1_787' title='bbox 1201 5321 1290 5375; x_wconf 89' lang='lat' dir='ltr'><strong>Dei</strong></span> <span class='ocrx_word' id='word_1_788' title='bbox 1347 5332 1610 5392; x_wconf 85' lang='lat' dir='ltr'><strong>martyres</strong></span> <span class='ocrx_word' id='word_1_789' title='bbox 1647 5333 1819 5380; x_wconf 88' lang='lat' dir='ltr'><strong>morte</strong></span> <span class='ocrx_word' id='word_1_790' title='bbox 1859 5330 2235 5393; x_wconf 81' lang='lat' dir='ltr'><strong>consummati,</strong></span> <span class='ocrx_word' id='word_1_791' title='bbox 2265 5344 2357 5382; x_wconf 88' lang='lat' dir='ltr'><strong>ve-</strong></span> 
     </span>
    </p>
   </div>
   <div class='ocr_carea' id='block_1_102' title="bbox 823 5410 2393 5479">
    <p class='ocr_par' dir='ltr' id='par_1_102' title="bbox 823 5410 2393 5479">
     <span class='ocr_line' id='line_1_102' title="bbox 823 5410 2393 5479; baseline 0.006 -16"><span class='ocrx_word' id='word_1_792' title='bbox 823 5425 943 5463; x_wconf 90' lang='lat' dir='ltr'><strong>rum</strong></span> <span class='ocrx_word' id='word_1_793' title='bbox 996 5410 1328 5479; x_wconf 81' lang='lat' dir='ltr'><strong>refrigerium</strong></span> <span class='ocrx_word' id='word_1_794' title='bbox 1379 5412 1737 5474; x_wconf 80' lang='lat' dir='ltr'><strong>invenerunt,</strong></span> <span class='ocrx_word' id='word_1_795' title='bbox 1780 5421 1840 5466; x_wconf 91' lang='lat' dir='ltr'><strong>ut</strong></span> <span class='ocrx_word' id='word_1_796' title='bbox 1881 5415 2058 5470; x_wconf 88' lang='lat' dir='ltr'><strong>dicere</strong></span> <span class='ocrx_word' id='word_1_797' title='bbox 2109 5419 2355 5473; x_wconf 83' lang='lat' dir='ltr'><strong>valeant:</strong></span> <span class='ocrx_word' id='word_1_798' title='bbox 2392 5423 2393 5426; x_wconf 68' lang='grc'><em>“</em></span> 
     </span>
    </p>
   </div>
   <div class='ocr_carea' id='block_1_103' title="bbox 829 5500 2360 5574">
    <p class='ocr_par' dir='ltr' id='par_1_103' title="bbox 829 5500 2360 5574">
     <span class='ocr_line' id='line_1_103' title="bbox 829 5500 2360 5574; baseline 0.008 -25"><span class='ocrx_word' id='word_1_799' title='bbox 829 5518 847 5549; x_wconf 76' lang='grc' dir='ltr'><strong>ι</strong></span> <span class='ocrx_word' id='word_1_800' title='bbox 880 5500 1219 5564; x_wconf 80' lang='lat' dir='ltr'><strong>Convertere,</strong></span> <span class='ocrx_word' id='word_1_801' title='bbox 1242 5500 1416 5554; x_wconf 91' lang='lat' dir='ltr'><strong>anima</strong></span> <span class='ocrx_word' id='word_1_802' title='bbox 1436 5517 1573 5565; x_wconf 88' lang='lat' dir='ltr'><strong>mea,</strong></span> <span class='ocrx_word' id='word_1_803' title='bbox 1591 5503 1901 5570; x_wconf 84' lang='lat' dir='ltr'><strong>inrequiem</strong></span> <span class='ocrx_word' id='word_1_804' title='bbox 1920 5513 2086 5571; x_wconf 87' lang='lat' dir='ltr'><strong>tuam,</strong></span> <span class='ocrx_word' id='word_1_805' title='bbox 2112 5509 2233 5574; x_wconf 88' lang='lat' dir='ltr'><strong>quia</strong></span> <span class='ocrx_word' id='word_1_806' title='bbox 2257 5508 2360 5562; x_wconf 79' lang='lat' dir='ltr'><strong>Do-</strong></span> 
     </span>
    </p>
   </div>
   <div class='ocr_carea' id='block_1_104' title="bbox 822 5589 2358 5664">
    <p class='ocr_par' dir='ltr' id='par_1_104' title="bbox 822 5589 2358 5664">
     <span class='ocr_line' id='line_1_104' title="bbox 822 5589 2358 5664; baseline 0.007 -23"><span class='ocrx_word' id='word_1_807' title='bbox 822 5591 1003 5643; x_wconf 85' lang='lat' dir='ltr'><strong>minus</strong></span> <span class='ocrx_word' id='word_1_808' title='bbox 1022 5589 1285 5661; x_wconf 86' lang='lat' dir='ltr'><strong>benefecit</strong></span> <span class='ocrx_word' id='word_1_809' title='bbox 1306 5590 1424 5652; x_wconf 85' lang='lat' dir='ltr'><strong>tibi,</strong></span> <span class='ocrx_word' id='word_1_810' title='bbox 1441 5593 1691 5658; x_wconf 85' lang='lat' dir='ltr'><strong>quoniam</strong></span> <span class='ocrx_word' id='word_1_811' title='bbox 1719 5592 1912 5659; x_wconf 87' lang='lat' dir='ltr'><strong>eripuit</strong></span> <span class='ocrx_word' id='word_1_812' title='bbox 1934 5595 2163 5649; x_wconf 86' lang='lat' dir='ltr'><strong>animam</strong></span> <span class='ocrx_word' id='word_1_813' title='bbox 2189 5613 2358 5664; x_wconf 86' lang='lat' dir='ltr'><strong>meam</strong></span> 
     </span>
    </p>
   </div>
   <div class='ocr_carea' id='block_1_105' title="bbox 823 5676 2360 5751">
    <p class='ocr_par' dir='ltr' id='par_1_105' title="bbox 823 5676 2360 5751">
     <span class='ocr_line' id='line_1_105' title="bbox 823 5676 2360 5751; baseline 0.009 -24"><span class='ocrx_word' id='word_1_814' title='bbox 823 5676 890 5734; x_wconf 85' lang='lat' dir='ltr'><strong>de</strong></span> <span class='ocrx_word' id='word_1_815' title='bbox 925 5687 1095 5731; x_wconf 91' lang='lat' dir='ltr'><strong>morte</strong></span> <span class='ocrx_word' id='word_1_816' title='bbox 1117 5677 1182 5740; x_wconf 66' lang='grc' dir='ltr'><strong>ι’,</strong></span> <span class='ocrx_word' id='word_1_817' title='bbox 1234 5697 1250 5728; x_wconf 72' lang='grc' dir='ltr'><strong>ι</strong></span> <span class='ocrx_word' id='word_1_818' title='bbox 1290 5687 1395 5729; x_wconf 86' lang='lat' dir='ltr'><strong>etc.</strong></span> <span class='ocrx_word' id='word_1_819' title='bbox 1429 5676 1550 5733; x_wconf 57' lang='lat' dir='ltr'><strong>Haec</strong></span> <span class='ocrx_word' id='word_1_820' title='bbox 1575 5680 1963 5751; x_wconf 81' lang='lat' dir='ltr'><strong>quippeallinia</strong></span> <span class='ocrx_word' id='word_1_821' title='bbox 2009 5685 2360 5751; x_wconf 75' lang='lat' dir='ltr'><strong>praesentibus</strong></span> 
     </span>
    </p>
   </div>
   <div class='ocr_carea' id='block_1_106' title="bbox 895 5789 1420 5846">
    <p class='ocr_par' dir='ltr' id='par_1_106' title="bbox 895 5789 1420 5846">
     <span class='ocr_line' id='line_1_106' title="bbox 895 5789 1420 5846; baseline 0.002 -4"><span class='ocrx_word' id='word_1_822' title='bbox 895 5791 938 5823; x_wconf 82' lang='grc'><strong>⁸³</strong></span> <span class='ocrx_word' id='word_1_823' title='bbox 966 5789 1107 5845; x_wconf 87' lang='lat' dir='ltr'><strong>Psal.</strong></span> <span class='ocrx_word' id='word_1_824' title='bbox 1141 5803 1280 5844; x_wconf 77' lang='lat' dir='ltr'><strong>cuv.</strong></span> <span class='ocrx_word' id='word_1_825' title='bbox 1308 5791 1357 5846; x_wconf 82' lang='lat'><strong>7.</strong></span> <span class='ocrx_word' id='word_1_826' title='bbox 1390 5789 1420 5832; x_wconf 71' lang='lat'><strong>9</strong></span> 
     </span>
    </p>
   </div>
   <div class='ocr_carea' id='block_1_107' title="bbox 2467 4605 3998 4679">
    <p class='ocr_par' dir='ltr' id='par_1_107' title="bbox 2467 4605 3998 4679">
     <span class='ocr_line' id='line_1_107' title="bbox 2467 4605 3998 4679; baseline -0.004 -18"><span class='ocrx_word' id='word_1_827' title='bbox 2467 4611 2583 4679; x_wconf 86' lang='grc' dir='ltr'>ρίας</span> <span class='ocrx_word' id='word_1_828' title='bbox 2605 4610 2701 4678; x_wconf 81' lang='grc' dir='ltr'>τὴν</span> <span class='ocrx_word' id='word_1_829' title='bbox 2726 4607 2946 4678; x_wconf 83' lang='grc' dir='ltr'>δοκιμὴν</span> <span class='ocrx_word' id='word_1_830' title='bbox 2966 4609 3139 4663; x_wconf 77' lang='grc' dir='ltr'>λαϐὼν</span> <span class='ocrx_word' id='word_1_831' title='bbox 3161 4611 3418 4679; x_wconf 84' lang='grc' dir='ltr'>ἐξήγαγες</span> <span class='ocrx_word' id='word_1_832' title='bbox 3441 4608 3585 4675; x_wconf 80' lang='grc' dir='ltr'>ἡμᾶς</span> <span class='ocrx_word' id='word_1_833' title='bbox 3606 4609 3683 4668; x_wconf 89' lang='grc' dir='ltr'><strong>είς</strong></span> <span class='ocrx_word' id='word_1_834' title='bbox 3702 4605 3998 4674; x_wconf 81' lang='grc' dir='ltr'>ἀναψυχήν·</span> 
     </span>
    </p>
   </div>
   <div class='ocr_carea' id='block_1_108' title="bbox 2462 4687 3997 4774">
    <p class='ocr_par' dir='ltr' id='par_1_108' title="bbox 2462 4687 3997 4774">
     <span class='ocr_line' id='line_1_108' title="bbox 2462 4687 3997 4774; baseline -0.003 -23"><span class='ocrx_word' id='word_1_835' title='bbox 2462 4699 2493 4767; x_wconf 84' lang='grc' dir='ltr'>ἢ</span> <span class='ocrx_word' id='word_1_836' title='bbox 2531 4699 2669 4752; x_wconf 80' lang='grc' dir='ltr'>κατὰ</span> <span class='ocrx_word' id='word_1_837' title='bbox 2691 4699 2778 4751; x_wconf 77' lang='grc' dir='ltr'>τὸν</span> <span class='ocrx_word' id='word_1_838' title='bbox 2808 4698 3116 4769; x_wconf 89' lang='grc' dir='ltr'>Σύμμαχον,</span> <span class='ocrx_word' id='word_1_839' title='bbox 3150 4717 3168 4749; x_wconf 87' lang='grc'><strong><em>‹</em></strong></span> <span class='ocrx_word' id='word_1_840' title='bbox 3193 4701 3271 4759; x_wconf 83' lang='grc' dir='ltr'><strong>είς</strong></span> <span class='ocrx_word' id='word_1_841' title='bbox 3297 4698 3355 4748; x_wconf 87' lang='grc' dir='ltr'><strong>εὑ</strong></span> <span class='ocrx_word' id='word_1_842' title='bbox 3367 4696 3650 4766; x_wconf 90' lang='grc' dir='ltr'>ρυχωρίαν.</span> <span class='ocrx_word' id='word_1_843' title='bbox 3672 4715 3690 4761; x_wconf 59' lang='grc' dir='ltr'><strong>ι</strong></span> <span class='ocrx_word' id='word_1_844' title='bbox 3717 4696 3822 4774; x_wconf 67' lang='lat' dir='ltr'><strong>Kal.</strong></span> <span class='ocrx_word' id='word_1_845' title='bbox 3851 4687 3997 4747; x_wconf 70' lang='grc' dir='ltr'>τοῦτὲ</span> 
     </span>
    </p>
   </div>
   <div class='ocr_carea' id='block_1_109' title="bbox 2462 4777 3990 4865">
    <p class='ocr_par' dir='ltr' id='par_1_109' title="bbox 2462 4777 3990 4865">
     <span class='ocr_line' id='line_1_109' title="bbox 2462 4777 3990 4865; baseline -0.001 -25"><span class='ocrx_word' id='word_1_846' title='bbox 2462 4789 2516 4840; x_wconf 84' lang='grc' dir='ltr'><strong>δὲ</strong></span> <span class='ocrx_word' id='word_1_847' title='bbox 2550 4788 2844 4860; x_wconf 79' lang='grc' dir='ltr'>ἐπληροῦτο</span> <span class='ocrx_word' id='word_1_848' title='bbox 2863 4790 3129 4859; x_wconf 85' lang='grc' dir='ltr'>διαφόρως</span> <span class='ocrx_word' id='word_1_849' title='bbox 3147 4806 3161 4818; x_wconf 87' lang='grc'><strong>·</strong></span> <span class='ocrx_word' id='word_1_850' title='bbox 3194 4787 3308 4849; x_wconf 82' lang='grc' dir='ltr'>ἐνὸς</span> <span class='ocrx_word' id='word_1_851' title='bbox 3336 4786 3442 4855; x_wconf 87' lang='grc' dir='ltr'>γὰρ</span> <span class='ocrx_word' id='word_1_852' title='bbox 3470 4787 3618 4847; x_wconf 84' lang='grc' dir='ltr'>δντος</span> <span class='ocrx_word' id='word_1_853' title='bbox 3640 4784 3732 4837; x_wconf 90' lang='grc' dir='ltr'><strong>τοῦ</strong></span> 
     </span>
    </p>
   </div>
   <div class='ocr_carea' id='block_1_110' title="bbox 2464 4872 3991 4948">
    <p class='ocr_par' dir='ltr' id='par_1_110' title="bbox 2464 4872 3991 4948">
     <span class='ocr_line' id='line_1_110' title="bbox 2464 4872 3991 4948; baseline -0.002 -18"><span class='ocrx_word' id='word_1_854' title='bbox 2464 4878 2630 4930; x_wconf 76' lang='grc' dir='ltr'>σεὸῶν</span> <span class='ocrx_word' id='word_1_855' title='bbox 2671 4879 2934 4948; x_wconf 81' lang='grc' dir='ltr'>σώματος,</span> <span class='ocrx_word' id='word_1_856' title='bbox 2964 4879 3056 4933; x_wconf 75' lang='grc' dir='ltr'><strong>καὶ</strong></span> <span class='ocrx_word' id='word_1_857' title='bbox 3088 4878 3192 4930; x_wconf 90' lang='grc' dir='ltr'><strong>τῶν</strong></span> <span class='ocrx_word' id='word_1_858' title='bbox 3223 4876 3317 4946; x_wconf 86' lang='grc' dir='ltr'><strong>μὲν</strong></span> <span class='ocrx_word' id='word_1_859' title='bbox 3352 4877 3476 4929; x_wconf 86' lang='grc' dir='ltr'>τάδε</span> <span class='ocrx_word' id='word_1_860' title='bbox 3513 4872 3870 4937; x_wconf 74' lang='grc' dir='ltr'>πεπονθότων,</span> <span class='ocrx_word' id='word_1_861' title='bbox 3897 4874 3991 4928; x_wconf 58' lang='grc' dir='ltr'><strong>τῶι</strong></span> 
     </span>
    </p>
   </div>
   <div class='ocr_carea' id='block_1_111' title="bbox 2462 4965 3996 5037">
    <p class='ocr_par' dir='ltr' id='par_1_111' title="bbox 2462 4965 3996 5037">
     <span class='ocr_line' id='line_1_111' title="bbox 2462 4965 3996 5037; baseline -0.001 -18"><span class='ocrx_word' id='word_1_862' title='bbox 2462 4969 2519 5019; x_wconf 81' lang='grc' dir='ltr'><strong>δὲ</strong></span> <span class='ocrx_word' id='word_1_863' title='bbox 2545 4968 2943 5037; x_wconf 85' lang='grc' dir='ltr'>ὑπομεινάντων</span> <span class='ocrx_word' id='word_1_864' title='bbox 2971 4968 3255 5036; x_wconf 87' lang='grc' dir='ltr'>τιμωρίαν,</span> <span class='ocrx_word' id='word_1_865' title='bbox 3290 4966 3397 5019; x_wconf 91' lang='grc' dir='ltr'><strong>τῶν</strong></span> <span class='ocrx_word' id='word_1_866' title='bbox 3427 4966 3481 5018; x_wconf 83' lang='grc' dir='ltr'>δὲ</span> <span class='ocrx_word' id='word_1_867' title='bbox 3507 4968 3573 5035; x_wconf 79' lang='grc' dir='ltr'>τῇ</span> <span class='ocrx_word' id='word_1_868' title='bbox 3602 4965 3706 5018; x_wconf 87' lang='grc' dir='ltr'><strong>τῶν</strong></span> <span class='ocrx_word' id='word_1_869' title='bbox 3733 4966 3996 5037; x_wconf 83' lang='grc' dir='ltr'>ὑπαρχόν-</span> 
     </span>
    </p>
   </div>
   <div class='ocr_carea' id='block_1_112' title="bbox 2463 5055 3999 5130">
    <p class='ocr_par' dir='ltr' id='par_1_112' title="bbox 2463 5055 3999 5130">
     <span class='ocr_line' id='line_1_112' title="bbox 2463 5055 3999 5130; baseline 0.001 -21"><span class='ocrx_word' id='word_1_870' title='bbox 2463 5075 2567 5109; x_wconf 92' lang='grc' dir='ltr'><strong>των</strong></span> <span class='ocrx_word' id='word_1_871' title='bbox 2603 5058 2770 5129; x_wconf 76' lang='grc' dir='ltr'>ζημία</span> <span class='ocrx_word' id='word_1_872' title='bbox 2816 5058 2952 5130; x_wconf 79' lang='grc' dir='ltr'>μόνῃ</span> <span class='ocrx_word' id='word_1_873' title='bbox 2997 5056 3441 5126; x_wconf 85' lang='grc' dir='ltr'>δοκιμασθέντων,</span> <span class='ocrx_word' id='word_1_874' title='bbox 3469 5055 3575 5107; x_wconf 90' lang='grc' dir='ltr'><strong>τῶν</strong></span> <span class='ocrx_word' id='word_1_875' title='bbox 3618 5057 3672 5109; x_wconf 85' lang='grc' dir='ltr'>δὲ</span> <span class='ocrx_word' id='word_1_876' title='bbox 3715 5056 3797 5110; x_wconf 76' lang='grc' dir='ltr'><strong>διὰ</strong></span> <span class='ocrx_word' id='word_1_877' title='bbox 3830 5059 3999 5128; x_wconf 78' lang='grc' dir='ltr'>φυγῆς</span> 
     </span>
    </p>
   </div>
   <div class='ocr_carea' id='block_1_113' title="bbox 2464 5146 4000 5224">
    <p class='ocr_par' dir='ltr' id='par_1_113' title="bbox 2464 5146 4000 5224">
     <span class='ocr_line' id='line_1_113' title="bbox 2464 5146 4000 5224; baseline 0.002 -28"><span class='ocrx_word' id='word_1_878' title='bbox 2464 5147 2555 5197; x_wconf 74' lang='grc' dir='ltr'>καὶ</span> <span class='ocrx_word' id='word_1_879' title='bbox 2581 5147 2677 5224; x_wconf 82' lang='grc' dir='ltr'><strong>τῆς</strong></span> <span class='ocrx_word' id='word_1_880' title='bbox 2709 5147 2813 5200; x_wconf 88' lang='grc' dir='ltr'><strong>τῶν</strong></span> <span class='ocrx_word' id='word_1_881' title='bbox 2840 5147 3051 5198; x_wconf 75' lang='grc' dir='ltr'>οἰκείων</span> <span class='ocrx_word' id='word_1_882' title='bbox 3086 5146 3472 5214; x_wconf 85' lang='grc' dir='ltr'>ἀναχωρήσεως</span> <span class='ocrx_word' id='word_1_883' title='bbox 3510 5148 4000 5216; x_wconf 84' lang='grc' dir='ltr'>ἐγγυμνασθέντων,</span> 
     </span>
    </p>
   </div>
   <div class='ocr_carea' id='block_1_114' title="bbox 2463 5235 4002 5311">
    <p class='ocr_par' dir='ltr' id='par_1_114' title="bbox 2463 5235 4002 5311">
     <span class='ocr_line' id='line_1_114' title="bbox 2463 5235 4002 5311; baseline 0 -23"><span class='ocrx_word' id='word_1_884' title='bbox 2463 5238 2560 5289; x_wconf 83' lang='grc' dir='ltr'><strong>οὑκ</strong></span> <span class='ocrx_word' id='word_1_885' title='bbox 2603 5240 2680 5300; x_wconf 84' lang='grc' dir='ltr'><strong>εἰς</strong></span> <span class='ocrx_word' id='word_1_886' title='bbox 2725 5238 2928 5307; x_wconf 86' lang='grc' dir='ltr'>μακρὸν</span> <span class='ocrx_word' id='word_1_887' title='bbox 2972 5237 3032 5288; x_wconf 81' lang='grc' dir='ltr'><strong>τὸ</strong></span> <span class='ocrx_word' id='word_1_888' title='bbox 3075 5235 3284 5311; x_wconf 84' lang='grc' dir='ltr'>πάντων</span> <span class='ocrx_word' id='word_1_889' title='bbox 3320 5236 3467 5298; x_wconf 81' lang='grc' dir='ltr'>τέλος</span> <span class='ocrx_word' id='word_1_890' title='bbox 3497 5239 3610 5300; x_wconf 89' lang='grc' dir='ltr'>τοῖς</span> <span class='ocrx_word' id='word_1_891' title='bbox 3644 5240 3803 5290; x_wconf 80' lang='grc' dir='ltr'>πᾶσιν</span> <span class='ocrx_word' id='word_1_892' title='bbox 3834 5237 4002 5289; x_wconf 77' lang='grc' dir='ltr'>αἴσιον</span> 
     </span>
    </p>
   </div>
   <div class='ocr_carea' id='block_1_115' title="bbox 2459 5324 4002 5398">
    <p class='ocr_par' dir='ltr' id='par_1_115' title="bbox 2459 5324 4002 5398">
     <span class='ocr_line' id='line_1_115' title="bbox 2459 5324 4002 5398; baseline -0.004 -16"><span class='ocrx_word' id='word_1_893' title='bbox 2459 5328 2694 5398; x_wconf 47' lang='grc' dir='ltr'>ὑπήντα.</span> <span class='ocrx_word' id='word_1_894' title='bbox 2725 5329 2787 5380; x_wconf 84' lang='lat' dir='ltr'><strong>0i</strong></span> <span class='ocrx_word' id='word_1_895' title='bbox 2820 5328 2916 5397; x_wconf 86' lang='grc' dir='ltr'><strong>μὲν</strong></span> <span class='ocrx_word' id='word_1_896' title='bbox 2942 5326 3049 5394; x_wconf 84' lang='grc' dir='ltr'>γὰρ</span> <span class='ocrx_word' id='word_1_897' title='bbox 3077 5325 3169 5377; x_wconf 89' lang='grc' dir='ltr'><strong>τοῦ</strong></span> <span class='ocrx_word' id='word_1_898' title='bbox 3204 5324 3336 5377; x_wconf 75' lang='grc' dir='ltr'>θεοῦ</span> <span class='ocrx_word' id='word_1_899' title='bbox 3374 5327 3642 5397; x_wconf 85' lang='grc' dir='ltr'>μάρτυρες</span> <span class='ocrx_word' id='word_1_900' title='bbox 3673 5327 3757 5379; x_wconf 84' lang='grc' dir='ltr'><strong>διὰ</strong></span> <span class='ocrx_word' id='word_1_901' title='bbox 3787 5326 3880 5379; x_wconf 88' lang='grc' dir='ltr'><strong>τοῦ</strong></span> <span class='ocrx_word' id='word_1_902' title='bbox 3909 5325 4002 5377; x_wconf 84' lang='grc' dir='ltr'>θα-</span> 
     </span>
    </p>
   </div>
   <div class='ocr_carea' id='block_1_116' title="bbox 2463 5414 4000 5486">
    <p class='ocr_par' dir='ltr' id='par_1_116' title="bbox 2463 5414 4000 5486">
     <span class='ocr_line' id='line_1_116' title="bbox 2463 5414 4000 5486; baseline -0.003 -17"><span class='ocrx_word' id='word_1_903' title='bbox 2463 5417 2620 5470; x_wconf 85' lang='grc' dir='ltr'>νάτου</span> <span class='ocrx_word' id='word_1_904' title='bbox 2653 5415 3039 5479; x_wconf 86' lang='grc' dir='ltr'>τελειωθέντες,</span> <span class='ocrx_word' id='word_1_905' title='bbox 3069 5415 3164 5485; x_wconf 84' lang='grc' dir='ltr'>τὴν</span> <span class='ocrx_word' id='word_1_906' title='bbox 3191 5414 3410 5485; x_wconf 62' lang='grc' dir='ltr'><strong>άληθῶς⁸</strong></span> <span class='ocrx_word' id='word_1_907' title='bbox 3443 5416 3715 5486; x_wconf 75' lang='grc' dir='ltr'>ἀναψυχὴν</span> <span class='ocrx_word' id='word_1_908' title='bbox 3757 5415 4000 5484; x_wconf 78' lang='grc' dir='ltr'>εὕραντο,</span> 
     </span>
    </p>
   </div>
   <div class='ocr_carea' id='block_1_117' title="bbox 2464 5503 4002 5575">
    <p class='ocr_par' dir='ltr' id='par_1_117' title="bbox 2464 5503 4002 5575">
     <span class='ocr_line' id='line_1_117' title="bbox 2464 5503 4002 5575; baseline -0.006 -15"><span class='ocrx_word' id='word_1_909' title='bbox 2464 5509 2537 5571; x_wconf 80' lang='grc' dir='ltr'>ὡς</span> <span class='ocrx_word' id='word_1_910' title='bbox 2575 5508 2829 5562; x_wconf 88' lang='grc' dir='ltr'>δύνασθαι</span> <span class='ocrx_word' id='word_1_911' title='bbox 2865 5507 3055 5575; x_wconf 80' lang='grc' dir='ltr'>φάναι·</span> <span class='ocrx_word' id='word_1_912' title='bbox 3091 5527 3108 5556; x_wconf 74' lang='grc' dir='ltr'><strong>ι</strong></span> <span class='ocrx_word' id='word_1_913' title='bbox 3133 5506 3498 5574; x_wconf 77' lang='grc' dir='ltr'>Ἐπίστρεψον,</span> <span class='ocrx_word' id='word_1_914' title='bbox 3535 5507 3567 5574; x_wconf 82' lang='grc' dir='ltr'><strong>ἡ</strong></span> <span class='ocrx_word' id='word_1_915' title='bbox 3598 5505 3740 5572; x_wconf 77' lang='grc' dir='ltr'>ψυχή</span> <span class='ocrx_word' id='word_1_916' title='bbox 3775 5503 4002 5572; x_wconf 48' lang='lat' dir='ltr'><strong>natust;</strong></span> 
     </span>
    </p>
   </div>
   <div class='ocr_carea' id='block_1_118' title="bbox 2463 5591 4002 5667">
    <p class='ocr_par' dir='ltr' id='par_1_118' title="bbox 2463 5591 4002 5667">
     <span class='ocr_line' id='line_1_118' title="bbox 2463 5591 4002 5667; baseline -0.003 -19"><span class='ocrx_word' id='word_1_917' title='bbox 2463 5599 2558 5667; x_wconf 81' lang='grc' dir='ltr'>τὴν</span> <span class='ocrx_word' id='word_1_918' title='bbox 2608 5594 2905 5652; x_wconf 71' lang='grc' dir='ltr'>ἀνάπαυσιν</span> <span class='ocrx_word' id='word_1_919' title='bbox 2956 5611 3068 5658; x_wconf 91' lang='grc' dir='ltr'>σου,</span> <span class='ocrx_word' id='word_1_920' title='bbox 3098 5596 3179 5648; x_wconf 82' lang='grc' dir='ltr'>ὃτι</span> <span class='ocrx_word' id='word_1_921' title='bbox 3219 5595 3418 5662; x_wconf 83' lang='grc' dir='ltr'>Κύριος</span> <span class='ocrx_word' id='word_1_922' title='bbox 3456 5591 3784 5662; x_wconf 75' lang='grc' dir='ltr'>εὐηργέτησέ</span> <span class='ocrx_word' id='word_1_923' title='bbox 3808 5607 3897 5643; x_wconf 83' lang='grc' dir='ltr'>σε·</span> <span class='ocrx_word' id='word_1_924' title='bbox 3924 5592 4002 5645; x_wconf 80' lang='grc' dir='ltr'>ὅτι</span> 
     </span>
    </p>
   </div>
   <div class='ocr_carea' id='block_1_119' title="bbox 2463 5680 4000 5756">
    <p class='ocr_par' dir='ltr' id='par_1_119' title="bbox 2463 5680 4000 5756">
     <span class='ocr_line' id='line_1_119' title="bbox 2463 5680 4000 5756; baseline -0.003 -17"><span class='ocrx_word' id='word_1_925' title='bbox 2463 5688 2700 5754; x_wconf 83' lang='grc' dir='ltr'>ἐξείλατο</span> <span class='ocrx_word' id='word_1_926' title='bbox 2743 5687 2837 5741; x_wconf 57' lang='grc' dir='ltr'>τὴν</span> <span class='ocrx_word' id='word_1_927' title='bbox 2879 5685 3050 5756; x_wconf 77' lang='grc' dir='ltr'>ψυχήν</span> <span class='ocrx_word' id='word_1_928' title='bbox 3096 5702 3194 5754; x_wconf 89' lang='grc' dir='ltr'><strong>μου</strong></span> <span class='ocrx_word' id='word_1_929' title='bbox 3234 5685 3295 5737; x_wconf 81' lang='grc' dir='ltr'><strong>ἐκ</strong></span> <span class='ocrx_word' id='word_1_930' title='bbox 3328 5684 3570 5744; x_wconf 91' lang='grc' dir='ltr'>θανάτου,</span> <span class='ocrx_word' id='word_1_931' title='bbox 3603 5701 3620 5733; x_wconf 72' lang='grc' dir='ltr'><strong>ι</strong></span> <span class='ocrx_word' id='word_1_932' title='bbox 3651 5682 3830 5736; x_wconf 79' lang='grc' dir='ltr'>καὶτὰ</span> <span class='ocrx_word' id='word_1_933' title='bbox 3859 5680 4000 5754; x_wconf 74' lang='grc' dir='ltr'>ἑξῆς.</span> 
     </span>
    </p>
   </div>
  </div>
