  <div class='ocr_page' id='page_1' title='image "/cluster/home/n/w/nwhite01/storage/ocr_20150623/23/coo.31924054873041/348.png"; bbox 0 0 4300 6422; ppageno 0'>
   <div class='ocr_carea' id='block_1_1' title="bbox 372 496 475 552">
    <p class='ocr_par' dir='ltr' id='par_1_1' title="bbox 372 496 475 552">
     <span class='ocr_line' id='line_1_1' title="bbox 372 496 475 552; baseline 0.019 -3"><span class='ocrx_word' id='word_1_1' title='bbox 372 496 475 552; x_wconf 87' lang='lat'><strong>665</strong></span> 
     </span>
    </p>
   </div>
   <div class='ocr_carea' id='block_1_2' title="bbox 1452 497 2421 555">
    <p class='ocr_par' dir='ltr' id='par_1_2' title="bbox 1452 497 2421 555">
     <span class='ocr_line' id='line_1_2' title="bbox 1452 497 2421 555; baseline -0.003 0"><span class='ocrx_word' id='word_1_2' title='bbox 1452 498 1946 555; x_wconf 70' lang='lat' dir='ltr'><strong>COMMENTARIA</strong></span> <span class='ocrx_word' id='word_1_3' title='bbox 1985 497 2050 552; x_wconf 84' lang='lat' dir='ltr'><strong>IN</strong></span> <span class='ocrx_word' id='word_1_4' title='bbox 2087 497 2421 554; x_wconf 84' lang='lat' dir='ltr'><strong>PSALMOS.</strong></span> 
     </span>
    </p>
   </div>
   <div class='ocr_carea' id='block_1_3' title="bbox 3466 503 3566 557">
    <p class='ocr_par' dir='ltr' id='par_1_3' title="bbox 3466 503 3566 557">
     <span class='ocr_line' id='line_1_3' title="bbox 3466 503 3566 557; baseline 0 0"><span class='ocrx_word' id='word_1_5' title='bbox 3466 503 3566 557; x_wconf 81' lang='lat'><strong>663</strong></span> 
     </span>
    </p>
   </div>
   <div class='ocr_carea' id='block_1_4' title="bbox 384 600 1962 688">
    <p class='ocr_par' dir='ltr' id='par_1_4' title="bbox 384 600 1962 688">
     <span class='ocr_line' id='line_1_4' title="bbox 384 600 1962 688; baseline 0.002 -22"><span class='ocrx_word' id='word_1_6' title='bbox 384 613 607 682; x_wconf 82' lang='grc' dir='ltr'>Ἀδελφα</span> <span class='ocrx_word' id='word_1_7' title='bbox 639 631 743 685; x_wconf 88' lang='grc' dir='ltr'><strong>γαρ</strong></span> <span class='ocrx_word' id='word_1_8' title='bbox 780 628 844 667; x_wconf 89' lang='grc' dir='ltr'><strong>αν</strong></span> <span class='ocrx_word' id='word_1_9' title='bbox 877 615 961 684; x_wconf 79' lang='grc' dir='ltr'>εἴη</span> <span class='ocrx_word' id='word_1_10' title='bbox 1003 615 1172 668; x_wconf 88' lang='grc' dir='ltr'>ταῦτα</span> <span class='ocrx_word' id='word_1_11' title='bbox 1196 612 1302 668; x_wconf 87' lang='grc' dir='ltr'><strong>των</strong></span> <span class='ocrx_word' id='word_1_12' title='bbox 1325 614 1410 667; x_wconf 81' lang='grc' dir='ltr'>διὰ</span> <span class='ocrx_word' id='word_1_13' title='bbox 1435 615 1541 668; x_wconf 86' lang='grc' dir='ltr'><strong>τῶν</strong></span> <span class='ocrx_word' id='word_1_14' title='bbox 1575 600 1710 685; x_wconf 88' lang='grc' dir='ltr'><strong>μετά</strong></span> <span class='ocrx_word' id='word_1_15' title='bbox 1737 620 1921 688; x_wconf 85' lang='grc' dir='ltr'>χεῖρας</span> <span class='ocrx_word' id='word_1_16' title='bbox 1950 654 1962 687; x_wconf 54' lang='grc' dir='ltr'><strong>γ</strong></span> 
     </span>
    </p>
   </div>
   <div class='ocr_carea' id='block_1_5' title="bbox 1991 600 3565 688">
    <p class='ocr_par' dir='ltr' id='par_1_5' title="bbox 1991 602 3565 686">
     <span class='ocr_line' id='line_1_5' title="bbox 1991 602 3565 686; baseline -0.003 -19"><span class='ocrx_word' id='word_1_17' title='bbox 1991 681 1994 686; x_wconf 90' lang='lat'><strong><em>_</em></strong></span> <span class='ocrx_word' id='word_1_18' title='bbox 2023 621 2182 669; x_wconf 90' lang='lat' dir='ltr'><strong>sunt:</strong></span> <span class='ocrx_word' id='word_1_19' title='bbox 2211 633 2227 664; x_wconf 77' lang='grc' dir='ltr'><strong>ι</strong></span> <span class='ocrx_word' id='word_1_20' title='bbox 2264 612 2366 682; x_wconf 85' lang='lat' dir='ltr'><strong>Qui</strong></span> <span class='ocrx_word' id='word_1_21' title='bbox 2404 617 2583 682; x_wconf 83' lang='lat' dir='ltr'><strong>posuit</strong></span> <span class='ocrx_word' id='word_1_22' title='bbox 2609 602 2840 664; x_wconf 82' lang='lat' dir='ltr'><strong>animam</strong></span> <span class='ocrx_word' id='word_1_23' title='bbox 2867 625 3042 664; x_wconf 87' lang='lat' dir='ltr'><strong>meam</strong></span> <span class='ocrx_word' id='word_1_24' title='bbox 3073 621 3136 664; x_wconf 85' lang='lat' dir='ltr'><strong>ad</strong></span> <span class='ocrx_word' id='word_1_25' title='bbox 3164 611 3350 675; x_wconf 89' lang='lat' dir='ltr'><strong>vitam,</strong></span> <span class='ocrx_word' id='word_1_26' title='bbox 3381 621 3432 666; x_wconf 91' lang='lat' dir='ltr'><strong>et</strong></span> <span class='ocrx_word' id='word_1_27' title='bbox 3461 628 3565 665; x_wconf 86' lang='lat' dir='ltr'><strong>non</strong></span> 
     </span>
    </p>
   </div>
   <div class='ocr_carea' id='block_1_6' title="bbox 371 705 1914 778">
    <p class='ocr_par' dir='ltr' id='par_1_6' title="bbox 371 705 1914 778">
     <span class='ocr_line' id='line_1_6' title="bbox 371 705 1914 778; baseline 0.001 -21"><span class='ocrx_word' id='word_1_28' title='bbox 371 706 679 772; x_wconf 80' lang='grc' dir='ltr'><strong>φασκόντων</strong></span> <span class='ocrx_word' id='word_1_29' title='bbox 698 725 710 737; x_wconf 76' lang='grc' dir='ltr'><strong>ο</strong></span> <span class='ocrx_word' id='word_1_30' title='bbox 747 725 764 756; x_wconf 80' lang='grc' dir='ltr'><strong>ι</strong></span> <span class='ocrx_word' id='word_1_31' title='bbox 794 706 898 758; x_wconf 89' lang='grc' dir='ltr'><strong>Τοῦ</strong></span> <span class='ocrx_word' id='word_1_32' title='bbox 929 705 1149 776; x_wconf 77' lang='grc' dir='ltr'><strong>θεμένου</strong></span> <span class='ocrx_word' id='word_1_33' title='bbox 1180 705 1273 776; x_wconf 82' lang='grc' dir='ltr'>τὴν</span> <span class='ocrx_word' id='word_1_34' title='bbox 1302 708 1476 777; x_wconf 83' lang='grc' dir='ltr'>ψυχήν</span> <span class='ocrx_word' id='word_1_35' title='bbox 1512 724 1610 777; x_wconf 90' lang='grc' dir='ltr'><strong>μου</strong></span> <span class='ocrx_word' id='word_1_36' title='bbox 1641 709 1722 770; x_wconf 77' lang='grc' dir='ltr'>,εἰς</span> <span class='ocrx_word' id='word_1_37' title='bbox 1753 707 1914 778; x_wconf 83' lang='grc' dir='ltr'>ζωὴν,</span> 
     </span>
    </p>
   </div>
   <div class='ocr_carea' id='block_1_7' title="bbox 370 793 1920 863">
    <p class='ocr_par' dir='ltr' id='par_1_7' title="bbox 370 793 1920 863">
     <span class='ocr_line' id='line_1_7' title="bbox 370 793 1920 863; baseline 0.001 -20"><span class='ocrx_word' id='word_1_38' title='bbox 370 793 463 844; x_wconf 69' lang='grc' dir='ltr'><strong>καὶ</strong></span> <span class='ocrx_word' id='word_1_39' title='bbox 497 793 568 863; x_wconf 85' lang='grc' dir='ltr'>μὴ</span> <span class='ocrx_word' id='word_1_40' title='bbox 608 793 784 856; x_wconf 78' lang='grc' dir='ltr'><strong>δόντος</strong></span> <span class='ocrx_word' id='word_1_41' title='bbox 817 795 894 856; x_wconf 85' lang='grc' dir='ltr'><strong>είς</strong></span> <span class='ocrx_word' id='word_1_42' title='bbox 932 793 1086 846; x_wconf 83' lang='grc' dir='ltr'>σάλον</span> <span class='ocrx_word' id='word_1_43' title='bbox 1133 795 1256 856; x_wconf 88' lang='grc' dir='ltr'>τοὺς</span> <span class='ocrx_word' id='word_1_44' title='bbox 1287 794 1447 856; x_wconf 84' lang='grc' dir='ltr'>πόδας</span> <span class='ocrx_word' id='word_1_45' title='bbox 1475 809 1571 862; x_wconf 88' lang='grc' dir='ltr'><strong>μου</strong></span> <span class='ocrx_word' id='word_1_46' title='bbox 1592 811 1604 822; x_wconf 92' lang='grc'><strong>·</strong></span> <span class='ocrx_word' id='word_1_47' title='bbox 1646 812 1664 843; x_wconf 83' lang='grc'><strong>›</strong></span> <span class='ocrx_word' id='word_1_48' title='bbox 1695 793 1786 846; x_wconf 75' lang='grc' dir='ltr'><strong>καὶ</strong></span> <span class='ocrx_word' id='word_1_49' title='bbox 1817 793 1920 845; x_wconf 90' lang='grc' dir='ltr'>πά-</span> 
     </span>
    </p>
   </div>
   <div class='ocr_carea' id='block_1_8' title="bbox 369 882 1918 954">
    <p class='ocr_par' dir='ltr' id='par_1_8' title="bbox 369 882 1918 954">
     <span class='ocr_line' id='line_1_8' title="bbox 369 882 1918 954; baseline -0.001 -19"><span class='ocrx_word' id='word_1_50' title='bbox 369 882 450 936; x_wconf 90' lang='grc' dir='ltr'><strong>λιν</strong></span> <span class='ocrx_word' id='word_1_51' title='bbox 469 900 482 913; x_wconf 72' lang='grc'>⁸</span> <span class='ocrx_word' id='word_1_52' title='bbox 516 902 534 933; x_wconf 69' lang='grc' dir='ltr'><strong>ι</strong></span> <span class='ocrx_word' id='word_1_53' title='bbox 562 886 670 938; x_wconf 83' lang='lat' dir='ltr'><strong>Ka&#39;t</strong></span> <span class='ocrx_word' id='word_1_54' title='bbox 701 884 960 954; x_wconf 77' lang='grc' dir='ltr'><strong>ἐξήγαγες</strong></span> <span class='ocrx_word' id='word_1_55' title='bbox 992 885 1135 952; x_wconf 78' lang='grc' dir='ltr'>ἡμᾶς</span> <span class='ocrx_word' id='word_1_56' title='bbox 1164 885 1241 945; x_wconf 82' lang='grc' dir='ltr'><strong>είς</strong></span> <span class='ocrx_word' id='word_1_57' title='bbox 1264 884 1559 954; x_wconf 84' lang='grc' dir='ltr'>ἀναψυχήν.</span> <span class='ocrx_word' id='word_1_58' title='bbox 1586 885 1646 936; x_wconf 83' lang='lat' dir='ltr'><strong>Ol</strong></span> <span class='ocrx_word' id='word_1_59' title='bbox 1674 883 1728 934; x_wconf 89' lang='grc' dir='ltr'><strong>δὲ</strong></span> <span class='ocrx_word' id='word_1_60' title='bbox 1762 884 1817 935; x_wconf 85' lang='grc' dir='ltr'>ὲν</span> <span class='ocrx_word' id='word_1_61' title='bbox 1842 883 1918 952; x_wconf 88' lang='grc' dir='ltr'><strong>τῷ</strong></span> 
     </span>
    </p>
   </div>
   <div class='ocr_carea' id='block_1_9' title="bbox 371 973 1916 1046">
    <p class='ocr_par' dir='ltr' id='par_1_9' title="bbox 371 973 1916 1046">
     <span class='ocr_line' id='line_1_9' title="bbox 371 973 1916 1046; baseline -0.001 -20"><span class='ocrx_word' id='word_1_62' title='bbox 371 975 470 1046; x_wconf 87' lang='grc' dir='ltr'><strong>βίῳ</strong></span> <span class='ocrx_word' id='word_1_63' title='bbox 519 975 911 1045; x_wconf 78' lang='grc' dir='ltr'><strong>πεφυλαγμένοι</strong></span> <span class='ocrx_word' id='word_1_64' title='bbox 963 976 1053 1028; x_wconf 79' lang='grc' dir='ltr'><strong>καὶ</strong></span> <span class='ocrx_word' id='word_1_65' title='bbox 1100 975 1196 1044; x_wconf 83' lang='grc' dir='ltr'>τὴν</span> <span class='ocrx_word' id='word_1_66' title='bbox 1238 973 1328 1026; x_wconf 84' lang='grc' dir='ltr'><strong>τοῦ</strong></span> <span class='ocrx_word' id='word_1_67' title='bbox 1373 973 1606 1044; x_wconf 83' lang='grc' dir='ltr'><strong>διωγμοῦ</strong></span> <span class='ocrx_word' id='word_1_68' title='bbox 1648 974 1916 1043; x_wconf 80' lang='grc' dir='ltr'>πυρκαϊὰν</span> 
     </span>
    </p>
   </div>
   <div class='ocr_carea' id='block_1_10' title="bbox 367 1051 1916 1132">
    <p class='ocr_par' dir='ltr' id='par_1_10' title="bbox 367 1051 1916 1132">
     <span class='ocr_line' id='line_1_10' title="bbox 367 1051 1916 1132; baseline -0.004 -15"><span class='ocrx_word' id='word_1_69' title='bbox 367 1065 789 1117; x_wconf 75' lang='grc' dir='ltr'>ἀποσϐεσθεῖσαν</span> <span class='ocrx_word' id='word_1_70' title='bbox 829 1063 1160 1132; x_wconf 80' lang='grc' dir='ltr'>τεθεαμένοι,</span> <span class='ocrx_word' id='word_1_71' title='bbox 1194 1063 1248 1113; x_wconf 83' lang='grc' dir='ltr'><strong>ὲν</strong></span> <span class='ocrx_word' id='word_1_72' title='bbox 1293 1061 1480 1132; x_wconf 77' lang='grc' dir='ltr'>εἰρήνῃ</span> <span class='ocrx_word' id='word_1_73' title='bbox 1529 1051 1724 1131; x_wconf 73' lang='grc' dir='ltr'>φαιδρᾷ.</span> <span class='ocrx_word' id='word_1_74' title='bbox 1753 1077 1916 1112; x_wconf 84' lang='grc' dir='ltr'>κατα-</span> 
     </span>
    </p>
   </div>
   <div class='ocr_carea' id='block_1_11' title="bbox 369 1150 1916 1224">
    <p class='ocr_par' dir='ltr' id='par_1_11' title="bbox 369 1150 1916 1224">
     <span class='ocr_line' id='line_1_11' title="bbox 369 1150 1916 1224; baseline -0.005 -16"><span class='ocrx_word' id='word_1_75' title='bbox 369 1157 607 1220; x_wconf 86' lang='grc' dir='ltr'>στάντες,</span> <span class='ocrx_word' id='word_1_76' title='bbox 634 1157 732 1224; x_wconf 84' lang='grc' dir='ltr'>τῆς</span> <span class='ocrx_word' id='word_1_77' title='bbox 769 1155 1044 1223; x_wconf 78' lang='grc' dir='ltr'>ἀναψυχῆς</span> <span class='ocrx_word' id='word_1_78' title='bbox 1084 1153 1292 1221; x_wconf 73' lang='grc' dir='ltr'>ἔτυχον,</span> <span class='ocrx_word' id='word_1_79' title='bbox 1318 1153 1409 1203; x_wconf 73' lang='grc' dir='ltr'><strong>καὶ</strong></span> <span class='ocrx_word' id='word_1_80' title='bbox 1434 1154 1510 1213; x_wconf 85' lang='grc' dir='ltr'><strong>είς</strong></span> <span class='ocrx_word' id='word_1_81' title='bbox 1537 1150 1704 1203; x_wconf 80' lang='grc' dir='ltr'>εὕδιον</span> <span class='ocrx_word' id='word_1_82' title='bbox 1728 1150 1916 1219; x_wconf 79' lang='grc' dir='ltr'>λιμένα</span> 
     </span>
    </p>
   </div>
   <div class='ocr_carea' id='block_1_12' title="bbox 365 1227 1910 1316">
    <p class='ocr_par' dir='ltr' id='par_1_12' title="bbox 365 1227 1910 1316">
     <span class='ocr_line' id='line_1_12' title="bbox 365 1227 1910 1316; baseline -0.005 -17"><span class='ocrx_word' id='word_1_83' title='bbox 365 1248 814 1316; x_wconf 85' lang='grc' dir='ltr'>καταντήσαντες,</span> <span class='ocrx_word' id='word_1_84' title='bbox 847 1245 940 1297; x_wconf 74' lang='grc' dir='ltr'>καὶ</span> <span class='ocrx_word' id='word_1_85' title='bbox 972 1243 1066 1312; x_wconf 84' lang='grc' dir='ltr'>τῆς</span> <span class='ocrx_word' id='word_1_86' title='bbox 1106 1244 1239 1312; x_wconf 89' lang='grc' dir='ltr'><strong>μετά</strong></span> <span class='ocrx_word' id='word_1_87' title='bbox 1269 1242 1361 1294; x_wconf 89' lang='grc' dir='ltr'><strong>τοῦ</strong></span> <span class='ocrx_word' id='word_1_88' title='bbox 1384 1227 1618 1310; x_wconf 84' lang='grc' dir='ltr'>διωγμοῦ</span> <span class='ocrx_word' id='word_1_89' title='bbox 1648 1241 1910 1311; x_wconf 86' lang='grc' dir='ltr'>εὐφροσύ-</span> 
     </span>
    </p>
   </div>
   <div class='ocr_carea' id='block_1_13' title="bbox 364 1331 1910 1405">
    <p class='ocr_par' dir='ltr' id='par_1_13' title="bbox 364 1331 1910 1405">
     <span class='ocr_line' id='line_1_13' title="bbox 364 1331 1910 1405; baseline -0.005 -16"><span class='ocrx_word' id='word_1_90' title='bbox 364 1353 459 1405; x_wconf 86' lang='grc' dir='ltr'><strong>νης</strong></span> <span class='ocrx_word' id='word_1_91' title='bbox 489 1335 901 1396; x_wconf 82' lang='grc' dir='ltr'>ἀπολαύσαντες.</span> <span class='ocrx_word' id='word_1_92' title='bbox 937 1335 1162 1401; x_wconf 86' lang='grc' dir='ltr'>Νοήσεις</span> <span class='ocrx_word' id='word_1_93' title='bbox 1191 1334 1246 1385; x_wconf 86' lang='grc' dir='ltr'><strong>δὲ</strong></span> <span class='ocrx_word' id='word_1_94' title='bbox 1275 1334 1417 1394; x_wconf 82' lang='grc' dir='ltr'>ὅπως</span> <span class='ocrx_word' id='word_1_95' title='bbox 1447 1333 1652 1403; x_wconf 75' lang='grc' dir='ltr'>εἴρηται</span> <span class='ocrx_word' id='word_1_96' title='bbox 1685 1331 1910 1384; x_wconf 80' lang='grc' dir='ltr'>ἐνταῦθα</span> 
     </span>
    </p>
   </div>
   <div class='ocr_carea' id='block_1_14' title="bbox 367 1414 1903 1495">
    <p class='ocr_par' dir='ltr' id='par_1_14' title="bbox 367 1414 1903 1495">
     <span class='ocr_line' id='line_1_14' title="bbox 367 1414 1903 1495; baseline -0.003 -17"><span class='ocrx_word' id='word_1_97' title='bbox 367 1427 440 1478; x_wconf 79' lang='grc' dir='ltr'>τό’</span> <span class='ocrx_word' id='word_1_98' title='bbox 461 1445 478 1476; x_wconf 84' lang='grc'><strong>‹</strong></span> <span class='ocrx_word' id='word_1_99' title='bbox 503 1426 858 1488; x_wconf 79' lang='grc' dir='ltr'>Ἐπεὸίϐασας</span> <span class='ocrx_word' id='word_1_100' title='bbox 879 1414 1190 1495; x_wconf 75' lang='grc' dir='ltr'>ἀνθρώποῦς</span> <span class='ocrx_word' id='word_1_101' title='bbox 1213 1426 1303 1476; x_wconf 72' lang='grc' dir='ltr'>ἐπὶ</span> <span class='ocrx_word' id='word_1_102' title='bbox 1327 1424 1421 1485; x_wconf 83' lang='grc' dir='ltr'>τὰς</span> <span class='ocrx_word' id='word_1_103' title='bbox 1445 1423 1680 1491; x_wconf 82' lang='grc' dir='ltr'>κεφαλὰς</span> <span class='ocrx_word' id='word_1_104' title='bbox 1699 1423 1872 1493; x_wconf 82' lang='grc' dir='ltr'>ἡμῶν,</span> <span class='ocrx_word' id='word_1_105' title='bbox 1887 1443 1903 1472; x_wconf 79' lang='grc' dir='ltr'><strong>ι</strong></span> 
     </span>
    </p>
   </div>
   <div class='ocr_carea' id='block_1_15' title="bbox 365 1513 1906 1587">
    <p class='ocr_par' dir='ltr' id='par_1_15' title="bbox 365 1513 1906 1587">
     <span class='ocr_line' id='line_1_15' title="bbox 365 1513 1906 1587; baseline -0.003 -19"><span class='ocrx_word' id='word_1_106' title='bbox 365 1517 624 1587; x_wconf 79' lang='grc' dir='ltr'>παραθεὶς</span> <span class='ocrx_word' id='word_1_107' title='bbox 657 1517 716 1569; x_wconf 81' lang='grc' dir='ltr'>τὸ</span> <span class='ocrx_word' id='word_1_108' title='bbox 744 1518 800 1567; x_wconf 83' lang='grc' dir='ltr'>ὲν</span> <span class='ocrx_word' id='word_1_109' title='bbox 835 1516 1002 1586; x_wconf 81' lang='grc' dir='ltr'>ἑτέρῳ</span> <span class='ocrx_word' id='word_1_110' title='bbox 1032 1515 1339 1586; x_wconf 82' lang='grc' dir='ltr'>εἰρημένον·</span> <span class='ocrx_word' id='word_1_111' title='bbox 1388 1534 1408 1564; x_wconf 72' lang='grc' dir='ltr'><strong>ε</strong></span> <span class='ocrx_word' id='word_1_112' title='bbox 1434 1515 1544 1566; x_wconf 74' lang='lat' dir='ltr'><strong>Kal</strong></span> <span class='ocrx_word' id='word_1_113' title='bbox 1589 1513 1681 1564; x_wconf 91' lang='grc' dir='ltr'><strong>νῦν</strong></span> <span class='ocrx_word' id='word_1_114' title='bbox 1731 1513 1906 1580; x_wconf 81' lang='grc' dir='ltr'>ῦψωσε</span> 
     </span>
    </p>
   </div>
   <div class='ocr_carea' id='block_1_16' title="bbox 362 1603 1907 1677">
    <p class='ocr_par' dir='ltr' id='par_1_16' title="bbox 362 1603 1907 1677">
     <span class='ocr_line' id='line_1_16' title="bbox 362 1603 1907 1677; baseline -0.004 -18"><span class='ocrx_word' id='word_1_115' title='bbox 362 1607 600 1677; x_wconf 85' lang='grc' dir='ltr'>κεφαλήν</span> <span class='ocrx_word' id='word_1_116' title='bbox 636 1623 734 1676; x_wconf 87' lang='grc' dir='ltr'><strong>μου</strong></span> <span class='ocrx_word' id='word_1_117' title='bbox 769 1607 860 1658; x_wconf 72' lang='grc' dir='ltr'>ἐπὶ</span> <span class='ocrx_word' id='word_1_118' title='bbox 898 1605 1121 1675; x_wconf 82' lang='grc' dir='ltr'>ἐχθρούς</span> <span class='ocrx_word' id='word_1_119' title='bbox 1157 1604 1604 1674; x_wconf 87' lang='grc' dir='ltr'>μου.Ἐκύκλωσα</span> <span class='ocrx_word' id='word_1_120' title='bbox 1630 1605 1720 1655; x_wconf 74' lang='grc' dir='ltr'><strong>καὶ</strong></span> <span class='ocrx_word' id='word_1_121' title='bbox 1746 1603 1907 1654; x_wconf 76' lang='grc' dir='ltr'>ἔθυσα</span> 
     </span>
    </p>
   </div>
   <div class='ocr_carea' id='block_1_17' title="bbox 359 1694 1909 1767">
    <p class='ocr_par' dir='ltr' id='par_1_17' title="bbox 359 1694 1909 1767">
     <span class='ocr_line' id='line_1_17' title="bbox 359 1694 1909 1767; baseline -0.002 -18"><span class='ocrx_word' id='word_1_122' title='bbox 359 1699 416 1749; x_wconf 85' lang='grc' dir='ltr'><strong>ἑν</strong></span> <span class='ocrx_word' id='word_1_123' title='bbox 441 1699 506 1766; x_wconf 83' lang='grc' dir='ltr'>τῇ</span> <span class='ocrx_word' id='word_1_124' title='bbox 534 1700 700 1767; x_wconf 82' lang='grc' dir='ltr'>σκηνῇ</span> <span class='ocrx_word' id='word_1_125' title='bbox 734 1713 824 1749; x_wconf 90' lang='grc' dir='ltr'><strong>σου</strong></span> <span class='ocrx_word' id='word_1_126' title='bbox 858 1697 1044 1750; x_wconf 82' lang='grc' dir='ltr'>θυσίαν</span> <span class='ocrx_word' id='word_1_127' title='bbox 1069 1695 1401 1765; x_wconf 88' lang='grc' dir='ltr'>ἀλαλαγμοῦ.</span> <span class='ocrx_word' id='word_1_128' title='bbox 1434 1696 1667 1765; x_wconf 81' lang='grc' dir='ltr'>»Ὥσπερ</span> <span class='ocrx_word' id='word_1_129' title='bbox 1687 1694 1792 1764; x_wconf 91' lang='grc' dir='ltr'><strong>γάρ</strong></span> <span class='ocrx_word' id='word_1_130' title='bbox 1818 1713 1909 1747; x_wconf 86' lang='grc' dir='ltr'>κα-</span> 
     </span>
    </p>
   </div>
   <div class='ocr_carea' id='block_1_18' title="bbox 358 1774 1907 1856">
    <p class='ocr_par' dir='ltr' id='par_1_18' title="bbox 358 1774 1907 1856">
     <span class='ocr_line' id='line_1_18' title="bbox 358 1774 1907 1856; baseline -0.002 -17"><span class='ocrx_word' id='word_1_131' title='bbox 358 1787 424 1840; x_wconf 85' lang='grc' dir='ltr'>τὰ</span> <span class='ocrx_word' id='word_1_132' title='bbox 469 1788 590 1848; x_wconf 82' lang='grc' dir='ltr'>τοὺς</span> <span class='ocrx_word' id='word_1_133' title='bbox 636 1787 741 1839; x_wconf 89' lang='grc' dir='ltr'><strong>τῶν</strong></span> <span class='ocrx_word' id='word_1_134' title='bbox 789 1785 1038 1856; x_wconf 85' lang='grc' dir='ltr'>διωγμῶν</span> <span class='ocrx_word' id='word_1_135' title='bbox 1081 1787 1299 1856; x_wconf 83' lang='grc' dir='ltr'>καιροὺς</span> <span class='ocrx_word' id='word_1_136' title='bbox 1332 1785 1674 1855; x_wconf 74' lang='grc' dir='ltr'>ἐπανίστησιν</span> <span class='ocrx_word' id='word_1_137' title='bbox 1720 1774 1907 1848; x_wconf 74' lang='grc' dir='ltr'>όΘεὸς</span> 
     </span>
    </p>
   </div>
   <div class='ocr_carea' id='block_1_19' title="bbox 356 1876 1901 1949">
    <p class='ocr_par' dir='ltr' id='par_1_19' title="bbox 356 1876 1901 1949">
     <span class='ocr_line' id='line_1_19' title="bbox 356 1876 1901 1949; baseline -0.003 -17"><span class='ocrx_word' id='word_1_138' title='bbox 356 1879 670 1949; x_wconf 84' lang='grc' dir='ltr'>ἀνθρώπους</span> <span class='ocrx_word' id='word_1_139' title='bbox 697 1881 785 1932; x_wconf 73' lang='grc' dir='ltr'>ἐπὶ</span> <span class='ocrx_word' id='word_1_140' title='bbox 804 1879 899 1943; x_wconf 81' lang='grc' dir='ltr'>τὰς</span> <span class='ocrx_word' id='word_1_141' title='bbox 921 1878 1154 1948; x_wconf 84' lang='grc' dir='ltr'>κεφαλὰς</span> <span class='ocrx_word' id='word_1_142' title='bbox 1176 1878 1348 1948; x_wconf 86' lang='grc' dir='ltr'>ήμῶν,</span> <span class='ocrx_word' id='word_1_143' title='bbox 1371 1876 1510 1929; x_wconf 79' lang='grc' dir='ltr'>οὕτω</span> <span class='ocrx_word' id='word_1_144' title='bbox 1545 1877 1680 1945; x_wconf 90' lang='grc' dir='ltr'><strong>μετά</strong></span> <span class='ocrx_word' id='word_1_145' title='bbox 1718 1876 1901 1938; x_wconf 88' lang='grc' dir='ltr'>ταῦτα,</span> 
     </span>
    </p>
   </div>
   <div class='ocr_carea' id='block_1_20' title="bbox 2020 702 3565 772">
    <p class='ocr_par' dir='ltr' id='par_1_20' title="bbox 2020 702 3565 772">
     <span class='ocr_line' id='line_1_20' title="bbox 2020 702 3565 772; baseline -0.001 -13"><span class='ocrx_word' id='word_1_146' title='bbox 2020 706 2167 760; x_wconf 89' lang='lat' dir='ltr'><strong>dedit</strong></span> <span class='ocrx_word' id='word_1_147' title='bbox 2225 706 2279 758; x_wconf 91' lang='lat' dir='ltr'><strong>in</strong></span> <span class='ocrx_word' id='word_1_148' title='bbox 2340 704 2758 768; x_wconf 76' lang='lat' dir='ltr'><strong>commotionem</strong></span> <span class='ocrx_word' id='word_1_149' title='bbox 2815 702 2978 771; x_wconf 82' lang='lat' dir='ltr'>pedes</span> <span class='ocrx_word' id='word_1_150' title='bbox 3043 717 3250 771; x_wconf 86' lang='lat' dir='ltr'><strong>meos;</strong></span> <span class='ocrx_word' id='word_1_151' title='bbox 3293 723 3310 755; x_wconf 77' lang='grc' dir='ltr'><strong>ι</strong></span> <span class='ocrx_word' id='word_1_152' title='bbox 3356 719 3418 757; x_wconf 88' lang='lat' dir='ltr'><strong>ac</strong></span> <span class='ocrx_word' id='word_1_153' title='bbox 3446 721 3565 772; x_wconf 86' lang='lat' dir='ltr'><strong>rur-</strong></span> 
     </span>
    </p>
   </div>
   <div class='ocr_carea' id='block_1_21' title="bbox 2019 793 3565 862">
    <p class='ocr_par' dir='ltr' id='par_1_21' title="bbox 2019 793 3565 862">
     <span class='ocr_line' id='line_1_21' title="bbox 2019 793 3565 862; baseline -0.002 -13"><span class='ocrx_word' id='word_1_154' title='bbox 2019 810 2136 850; x_wconf 89' lang='lat' dir='ltr'><strong>sum</strong></span> <span class='ocrx_word' id='word_1_155' title='bbox 2178 814 2190 849; x_wconf 90' lang='lat'><strong>:</strong></span> <span class='ocrx_word' id='word_1_156' title='bbox 2232 813 2250 845; x_wconf 78' lang='grc' dir='ltr'><strong>ι</strong></span> <span class='ocrx_word' id='word_1_157' title='bbox 2286 793 2351 846; x_wconf 91' lang='lat' dir='ltr'><strong>Et</strong></span> <span class='ocrx_word' id='word_1_158' title='bbox 2376 794 2611 848; x_wconf 81' lang='lat' dir='ltr'><strong>eduxisti</strong></span> <span class='ocrx_word' id='word_1_159' title='bbox 2638 807 2739 847; x_wconf 90' lang='lat' dir='ltr'><strong>nos</strong></span> <span class='ocrx_word' id='word_1_160' title='bbox 2769 793 2822 846; x_wconf 92' lang='lat' dir='ltr'><strong>in</strong></span> <span class='ocrx_word' id='word_1_161' title='bbox 2856 793 3217 862; x_wconf 77' lang='lat' dir='ltr'><strong>refrigerium.</strong></span> <span class='ocrx_word' id='word_1_162' title='bbox 3259 811 3278 844; x_wconf 74' lang='grc' dir='ltr'><strong>ι</strong></span> <span class='ocrx_word' id='word_1_163' title='bbox 3321 793 3423 859; x_wconf 87' lang='lat' dir='ltr'><strong>Qui</strong></span> <span class='ocrx_word' id='word_1_164' title='bbox 3470 808 3565 846; x_wconf 89' lang='lat' dir='ltr'><strong>au-</strong></span> 
     </span>
    </p>
   </div>
   <div class='ocr_carea' id='block_1_22' title="bbox 2017 883 3565 954">
    <p class='ocr_par' dir='ltr' id='par_1_22' title="bbox 2017 883 3565 954">
     <span class='ocr_line' id='line_1_22' title="bbox 2017 883 3565 954; baseline 0.001 -16"><span class='ocrx_word' id='word_1_165' title='bbox 2017 894 2123 940; x_wconf 90' lang='lat' dir='ltr'><strong>tem</strong></span> <span class='ocrx_word' id='word_1_166' title='bbox 2163 886 2485 954; x_wconf 74' lang='lat' dir='ltr'><strong>superstites</strong></span> <span class='ocrx_word' id='word_1_167' title='bbox 2508 883 2706 937; x_wconf 76' lang='lat' dir='ltr'><strong>servati</strong></span> <span class='ocrx_word' id='word_1_168' title='bbox 2746 892 2892 945; x_wconf 87' lang='lat' dir='ltr'><strong>sunt,</strong></span> <span class='ocrx_word' id='word_1_169' title='bbox 2924 884 3350 951; x_wconf 87' lang='lat' dir='ltr'><strong>restinctumque</strong></span> <span class='ocrx_word' id='word_1_170' title='bbox 3380 900 3565 953; x_wconf 81' lang='lat' dir='ltr'><strong>perse-</strong></span> 
     </span>
    </p>
   </div>
   <div class='ocr_carea' id='block_1_23' title="bbox 2016 974 3562 1047">
    <p class='ocr_par' dir='ltr' id='par_1_23' title="bbox 2016 974 3562 1047">
     <span class='ocr_line' id='line_1_23' title="bbox 2016 974 3562 1047; baseline -0.001 -17"><span class='ocrx_word' id='word_1_171' title='bbox 2016 977 2250 1030; x_wconf 84' lang='lat' dir='ltr'><strong>cutionis</strong></span> <span class='ocrx_word' id='word_1_172' title='bbox 2280 974 2588 1029; x_wconf 87' lang='lat' dir='ltr'><strong>incendium</strong></span> <span class='ocrx_word' id='word_1_173' title='bbox 2612 974 2885 1047; x_wconf 78' lang='lat' dir='ltr'><strong>viderunt,</strong></span> <span class='ocrx_word' id='word_1_174' title='bbox 2911 976 2963 1026; x_wconf 91' lang='lat' dir='ltr'><strong>in</strong></span> <span class='ocrx_word' id='word_1_175' title='bbox 2993 974 3227 1043; x_wconf 81' lang='lat' dir='ltr'><strong>jucunda</strong></span> <span class='ocrx_word' id='word_1_176' title='bbox 3259 990 3390 1042; x_wconf 86' lang='lat' dir='ltr'><strong>pace</strong></span> <span class='ocrx_word' id='word_1_177' title='bbox 3430 990 3562 1029; x_wconf 88' lang='lat' dir='ltr'><strong>con-</strong></span> 
     </span>
    </p>
   </div>
   <div class='ocr_carea' id='block_1_24' title="bbox 2017 1064 3559 1133">
    <p class='ocr_par' dir='ltr' id='par_1_24' title="bbox 2017 1064 3559 1133">
     <span class='ocr_line' id='line_1_24' title="bbox 2017 1064 3559 1133; baseline 0.001 -15"><span class='ocrx_word' id='word_1_178' title='bbox 2017 1066 2213 1131; x_wconf 90' lang='lat' dir='ltr'><strong>stituti,</strong></span> <span class='ocrx_word' id='word_1_179' title='bbox 2245 1064 2600 1132; x_wconf 70' lang='lat' dir='ltr'><strong>refrigerium</strong></span> <span class='ocrx_word' id='word_1_180' title='bbox 2647 1064 2793 1117; x_wconf 89' lang='lat' dir='ltr'><strong>nacti</strong></span> <span class='ocrx_word' id='word_1_181' title='bbox 2831 1071 2978 1124; x_wconf 88' lang='lat' dir='ltr'><strong>sunt,</strong></span> <span class='ocrx_word' id='word_1_182' title='bbox 3016 1073 3070 1117; x_wconf 88' lang='lat' dir='ltr'><strong>et</strong></span> <span class='ocrx_word' id='word_1_183' title='bbox 3116 1066 3168 1116; x_wconf 88' lang='lat' dir='ltr'><strong>in</strong></span> <span class='ocrx_word' id='word_1_184' title='bbox 3208 1065 3559 1133; x_wconf 88' lang='lat' dir='ltr'><strong>tranquil-lum</strong></span> 
     </span>
    </p>
   </div>
   <div class='ocr_carea' id='block_1_25' title="bbox 2015 1151 3560 1224">
    <p class='ocr_par' dir='ltr' id='par_1_25' title="bbox 2015 1151 3560 1224">
     <span class='ocr_line' id='line_1_25' title="bbox 2015 1151 3560 1224; baseline -0.001 -16"><span class='ocrx_word' id='word_1_185' title='bbox 2015 1163 2228 1224; x_wconf 91' lang='lat' dir='ltr'><strong>portum</strong></span> <span class='ocrx_word' id='word_1_186' title='bbox 2271 1155 2523 1223; x_wconf 76' lang='lat' dir='ltr'><strong>ingressi,</strong></span> <span class='ocrx_word' id='word_1_187' title='bbox 2550 1161 2670 1223; x_wconf 90' lang='lat' dir='ltr'><strong>post</strong></span> <span class='ocrx_word' id='word_1_188' title='bbox 2709 1153 3140 1223; x_wconf 84' lang='lat' dir='ltr'><strong>persecutionem</strong></span> <span class='ocrx_word' id='word_1_189' title='bbox 3192 1153 3373 1205; x_wconf 70' lang='lat' dir='ltr'><strong>laetitia</strong></span> <span class='ocrx_word' id='word_1_190' title='bbox 3414 1151 3560 1208; x_wconf 81' lang='lat' dir='ltr'><strong>frue-</strong></span> 
     </span>
    </p>
   </div>
   <div class='ocr_carea' id='block_1_26' title="bbox 2012 1243 3553 1314">
    <p class='ocr_par' dir='ltr' id='par_1_26' title="bbox 2012 1243 3553 1314">
     <span class='ocr_line' id='line_1_26' title="bbox 2012 1243 3553 1314; baseline 0 -16"><span class='ocrx_word' id='word_1_191' title='bbox 2012 1247 2227 1299; x_wconf 85' lang='lat' dir='ltr'><strong>bantur.</strong></span> <span class='ocrx_word' id='word_1_192' title='bbox 2273 1243 2412 1298; x_wconf 88' lang='lat' dir='ltr'><strong>Sane</strong></span> <span class='ocrx_word' id='word_1_193' title='bbox 2458 1245 2724 1314; x_wconf 77' lang='lat' dir='ltr'><strong>intelligas</strong></span> <span class='ocrx_word' id='word_1_194' title='bbox 2783 1260 2886 1312; x_wconf 89' lang='lat' dir='ltr'><strong>qua</strong></span> <span class='ocrx_word' id='word_1_195' title='bbox 2940 1246 3148 1296; x_wconf 89' lang='lat' dir='ltr'><strong>ratione</strong></span> <span class='ocrx_word' id='word_1_196' title='bbox 3189 1244 3278 1297; x_wconf 91' lang='lat' dir='ltr'><strong>hic</strong></span> <span class='ocrx_word' id='word_1_197' title='bbox 3308 1245 3553 1298; x_wconf 84' lang='lat' dir='ltr'><strong>dicatur:</strong></span> 
     </span>
    </p>
   </div>
   <div class='ocr_carea' id='block_1_27' title="bbox 2017 1333 3557 1407">
    <p class='ocr_par' dir='ltr' id='par_1_27' title="bbox 2017 1333 3557 1407">
     <span class='ocr_line' id='line_1_27' title="bbox 2017 1333 3557 1407; baseline 0.003 -24"><span class='ocrx_word' id='word_1_198' title='bbox 2017 1352 2034 1383; x_wconf 83' lang='grc'><strong>(</strong></span> <span class='ocrx_word' id='word_1_199' title='bbox 2069 1334 2378 1402; x_wconf 89' lang='lat' dir='ltr'><strong>lmposuisti</strong></span> <span class='ocrx_word' id='word_1_200' title='bbox 2413 1334 2656 1407; x_wconf 81' lang='lat' dir='ltr'><strong>homines</strong></span> <span class='ocrx_word' id='word_1_201' title='bbox 2685 1349 2849 1403; x_wconf 90' lang='lat' dir='ltr'><strong>super</strong></span> <span class='ocrx_word' id='word_1_202' title='bbox 2872 1334 3047 1401; x_wconf 85' lang='lat' dir='ltr'><strong>capita</strong></span> <span class='ocrx_word' id='word_1_203' title='bbox 3082 1341 3289 1396; x_wconf 87' lang='lat' dir='ltr'><strong>nostra,</strong></span> <span class='ocrx_word' id='word_1_204' title='bbox 3323 1352 3340 1384; x_wconf 74' lang='grc' dir='ltr'><strong>ι</strong></span> <span class='ocrx_word' id='word_1_205' title='bbox 3372 1333 3415 1387; x_wconf 90' lang='lat' dir='ltr'><strong>si</strong></span> <span class='ocrx_word' id='word_1_206' title='bbox 3445 1333 3557 1387; x_wconf 87' lang='lat' dir='ltr'><strong>haec</strong></span> 
     </span>
    </p>
   </div>
   <div class='ocr_carea' id='block_1_28' title="bbox 2007 1422 3558 1495">
    <p class='ocr_par' dir='ltr' id='par_1_28' title="bbox 2007 1422 3558 1495">
     <span class='ocr_line' id='line_1_28' title="bbox 2007 1422 3558 1495; baseline -0.001 -17"><span class='ocrx_word' id='word_1_207' title='bbox 2007 1422 2257 1479; x_wconf 82' lang='lat' dir='ltr'><strong>conferas</strong></span> <span class='ocrx_word' id='word_1_208' title='bbox 2291 1440 2414 1478; x_wconf 89' lang='lat' dir='ltr'><strong>cum</strong></span> <span class='ocrx_word' id='word_1_209' title='bbox 2446 1426 2545 1479; x_wconf 92' lang='lat' dir='ltr'><strong>hoc</strong></span> <span class='ocrx_word' id='word_1_210' title='bbox 2577 1427 2802 1480; x_wconf 87' lang='lat' dir='ltr'><strong>alterius</strong></span> <span class='ocrx_word' id='word_1_211' title='bbox 2831 1425 3022 1495; x_wconf 89' lang='lat' dir='ltr'><strong>psalmi</strong></span> <span class='ocrx_word' id='word_1_212' title='bbox 3057 1425 3202 1478; x_wconf 90' lang='lat' dir='ltr'><strong>dicto</strong></span> <span class='ocrx_word' id='word_1_213' title='bbox 3234 1442 3245 1477; x_wconf 95' lang='lat'>:</span> <span class='ocrx_word' id='word_1_214' title='bbox 3284 1442 3301 1474; x_wconf 78' lang='grc' dir='ltr'><strong>ι</strong></span> <span class='ocrx_word' id='word_1_215' title='bbox 3329 1422 3391 1476; x_wconf 86' lang='grc' dir='ltr'>Ει</span> <span class='ocrx_word' id='word_1_216' title='bbox 3413 1439 3558 1477; x_wconf 90' lang='lat' dir='ltr'><strong>nunc</strong></span> 
     </span>
    </p>
   </div>
   <div class='ocr_carea' id='block_1_29' title="bbox 2006 1513 3556 1584">
    <p class='ocr_par' dir='ltr' id='par_1_29' title="bbox 2006 1513 3556 1584">
     <span class='ocr_line' id='line_1_29' title="bbox 2006 1513 3556 1584; baseline -0.001 -16"><span class='ocrx_word' id='word_1_217' title='bbox 2006 1514 2263 1568; x_wconf 82' lang='lat' dir='ltr'><strong>exaltavit</strong></span> <span class='ocrx_word' id='word_1_218' title='bbox 2282 1523 2442 1583; x_wconf 93' lang='lat' dir='ltr'><strong>caput</strong></span> <span class='ocrx_word' id='word_1_219' title='bbox 2471 1530 2646 1569; x_wconf 89' lang='lat' dir='ltr'><strong>meum</strong></span> <span class='ocrx_word' id='word_1_220' title='bbox 2674 1530 2835 1584; x_wconf 88' lang='lat' dir='ltr'><strong>super</strong></span> <span class='ocrx_word' id='word_1_221' title='bbox 2858 1516 3106 1568; x_wconf 88' lang='lat' dir='ltr'><strong>inimicos</strong></span> <span class='ocrx_word' id='word_1_222' title='bbox 3136 1513 3556 1569; x_wconf 84' lang='lat' dir='ltr'><strong>meos.Circuivi</strong></span> 
     </span>
    </p>
   </div>
   <div class='ocr_carea' id='block_1_30' title="bbox 2006 1602 3557 1672">
    <p class='ocr_par' dir='ltr' id='par_1_30' title="bbox 2006 1602 3557 1672">
     <span class='ocr_line' id='line_1_30' title="bbox 2006 1602 3557 1672; baseline 0.001 -16"><span class='ocrx_word' id='word_1_223' title='bbox 2006 1612 2057 1656; x_wconf 92' lang='lat' dir='ltr'><strong>et</strong></span> <span class='ocrx_word' id='word_1_224' title='bbox 2087 1603 2358 1656; x_wconf 86' lang='lat' dir='ltr'><strong>immolavi</strong></span> <span class='ocrx_word' id='word_1_225' title='bbox 2413 1604 2468 1655; x_wconf 89' lang='lat' dir='ltr'><strong>in</strong></span> <span class='ocrx_word' id='word_1_226' title='bbox 2516 1603 2868 1656; x_wconf 88' lang='lat' dir='ltr'><strong>tabernaculo</strong></span> <span class='ocrx_word' id='word_1_227' title='bbox 2896 1613 2990 1656; x_wconf 91' lang='lat' dir='ltr'><strong>tuo</strong></span> <span class='ocrx_word' id='word_1_228' title='bbox 3021 1603 3254 1657; x_wconf 86' lang='lat' dir='ltr'><strong>hostiam</strong></span> <span class='ocrx_word' id='word_1_229' title='bbox 3282 1602 3557 1672; x_wconf 73' lang='lat' dir='ltr'><strong>iubilatio-</strong></span> 
     </span>
    </p>
   </div>
   <div class='ocr_carea' id='block_1_31' title="bbox 2007 1686 3553 1758">
    <p class='ocr_par' dir='ltr' id='par_1_31' title="bbox 2007 1686 3553 1758">
     <span class='ocr_line' id='line_1_31' title="bbox 2007 1686 3553 1758; baseline 0.004 -20"><span class='ocrx_word' id='word_1_230' title='bbox 2007 1687 2174 1742; x_wconf 73' lang='lat' dir='ltr'><strong>nis”.</strong></span> <span class='ocrx_word' id='word_1_231' title='bbox 2213 1707 2232 1739; x_wconf 72' lang='grc' dir='ltr'><strong>ι</strong></span> <span class='ocrx_word' id='word_1_232' title='bbox 2285 1686 2748 1752; x_wconf 85' lang='lat' dir='ltr'><strong>Quemadmodum</strong></span> <span class='ocrx_word' id='word_1_233' title='bbox 2791 1690 2932 1743; x_wconf 91' lang='lat' dir='ltr'><strong>enim</strong></span> <span class='ocrx_word' id='word_1_234' title='bbox 2980 1691 3374 1758; x_wconf 86' lang='lat' dir='ltr'><strong>persecutionis</strong></span> <span class='ocrx_word' id='word_1_235' title='bbox 3414 1700 3553 1745; x_wconf 87' lang='lat' dir='ltr'><strong>tem-</strong></span> 
     </span>
    </p>
   </div>
   <div class='ocr_carea' id='block_1_32' title="bbox 2007 1773 3553 1850">
    <p class='ocr_par' dir='ltr' id='par_1_32' title="bbox 2007 1773 3553 1850">
     <span class='ocr_line' id='line_1_32' title="bbox 2007 1773 3553 1850; baseline 0.003 -18"><span class='ocrx_word' id='word_1_236' title='bbox 2007 1794 2134 1848; x_wconf 92' lang='lat' dir='ltr'><strong>pore</strong></span> <span class='ocrx_word' id='word_1_237' title='bbox 2160 1780 2386 1849; x_wconf 89' lang='lat' dir='ltr'><strong>imponit</strong></span> <span class='ocrx_word' id='word_1_238' title='bbox 2415 1779 2556 1834; x_wconf 88' lang='lat' dir='ltr'><strong>Deus</strong></span> <span class='ocrx_word' id='word_1_239' title='bbox 2584 1781 2828 1836; x_wconf 89' lang='lat' dir='ltr'><strong>homines</strong></span> <span class='ocrx_word' id='word_1_240' title='bbox 2859 1797 3020 1849; x_wconf 89' lang='lat' dir='ltr'><strong>super</strong></span> <span class='ocrx_word' id='word_1_241' title='bbox 3045 1783 3218 1850; x_wconf 87' lang='lat' dir='ltr'><strong>capita</strong></span> <span class='ocrx_word' id='word_1_242' title='bbox 3242 1773 3443 1845; x_wconf 79' lang='lat' dir='ltr'><strong>nostra,</strong></span> <span class='ocrx_word' id='word_1_243' title='bbox 3478 1783 3553 1836; x_wconf 87' lang='lat' dir='ltr'><strong>ita</strong></span> 
     </span>
    </p>
   </div>
   <div class='ocr_carea' id='block_1_33' title="bbox 2011 1871 3552 1942">
    <p class='ocr_par' dir='ltr' id='par_1_33' title="bbox 2011 1871 3552 1942">
     <span class='ocr_line' id='line_1_33' title="bbox 2011 1871 3552 1942; baseline 0.001 -18"><span class='ocrx_word' id='word_1_244' title='bbox 2011 1880 2293 1940; x_wconf 84' lang='lat' dir='ltr'><strong>postquam</strong></span> <span class='ocrx_word' id='word_1_245' title='bbox 2321 1871 2502 1924; x_wconf 85' lang='lat' dir='ltr'><strong>eduxit</strong></span> <span class='ocrx_word' id='word_1_246' title='bbox 2533 1886 2632 1926; x_wconf 89' lang='lat' dir='ltr'><strong>nos</strong></span> <span class='ocrx_word' id='word_1_247' title='bbox 2663 1873 2715 1925; x_wconf 88' lang='lat' dir='ltr'><strong>in</strong></span> <span class='ocrx_word' id='word_1_248' title='bbox 2747 1871 3114 1942; x_wconf 78' lang='lat' dir='ltr'><strong>refrigerium,</strong></span> <span class='ocrx_word' id='word_1_249' title='bbox 3149 1873 3349 1925; x_wconf 81' lang='lat' dir='ltr'><strong>exaltat</strong></span> <span class='ocrx_word' id='word_1_250' title='bbox 3374 1874 3552 1940; x_wconf 84' lang='lat' dir='ltr'><strong>capita</strong></span> 
     </span>
    </p>
   </div>
   <div class='ocr_carea' id='block_1_34' title="bbox 350 1959 1962 2040">
    <p class='ocr_par' dir='ltr' id='par_1_34' title="bbox 350 1965 1962 2040">
     <span class='ocr_line' id='line_1_34' title="bbox 350 1965 1962 2040; baseline -0.002 -18"><span class='ocrx_word' id='word_1_251' title='bbox 350 1971 444 2021; x_wconf 72' lang='grc' dir='ltr'><strong>ὅτε</strong></span> <span class='ocrx_word' id='word_1_252' title='bbox 472 1970 732 2040; x_wconf 81' lang='grc' dir='ltr'>ἐξήγαγεν</span> <span class='ocrx_word' id='word_1_253' title='bbox 760 1971 903 2038; x_wconf 78' lang='grc' dir='ltr'>ἡμᾶς</span> <span class='ocrx_word' id='word_1_254' title='bbox 943 1969 1022 2030; x_wconf 86' lang='grc' dir='ltr'><strong>είς</strong></span> <span class='ocrx_word' id='word_1_255' title='bbox 1065 1966 1360 2036; x_wconf 84' lang='grc' dir='ltr'>ἀναψυχὴν,</span> <span class='ocrx_word' id='word_1_256' title='bbox 1392 1967 1514 2034; x_wconf 85' lang='grc' dir='ltr'>ύψοῖ</span> <span class='ocrx_word' id='word_1_257' title='bbox 1541 1965 1639 2027; x_wconf 88' lang='grc' dir='ltr'><strong>τάς</strong></span> <span class='ocrx_word' id='word_1_258' title='bbox 1672 1965 1907 2032; x_wconf 86' lang='grc' dir='ltr'>κεφαλὰς</span> <span class='ocrx_word' id='word_1_259' title='bbox 1937 1966 1962 2018; x_wconf 79' lang='lat' dir='ltr'><strong>E</strong></span> 
     </span>
    </p>
   </div>
   <div class='ocr_carea' id='block_1_35' title="bbox 1991 1959 3551 2040">
    <p class='ocr_par' dir='ltr' id='par_1_35' title="bbox 2006 1959 3551 2032">
     <span class='ocr_line' id='line_1_35' title="bbox 2006 1959 3551 2032; baseline 0.002 -20"><span class='ocrx_word' id='word_1_260' title='bbox 2006 1970 2191 2014; x_wconf 88' lang='lat' dir='ltr'><strong>nostra</strong></span> <span class='ocrx_word' id='word_1_261' title='bbox 2243 1975 2406 2028; x_wconf 89' lang='lat' dir='ltr'><strong>super</strong></span> <span class='ocrx_word' id='word_1_262' title='bbox 2453 1961 2702 2016; x_wconf 88' lang='lat' dir='ltr'><strong>inimicos</strong></span> <span class='ocrx_word' id='word_1_263' title='bbox 2748 1969 2983 2016; x_wconf 90' lang='lat' dir='ltr'><strong>nostros.</strong></span> <span class='ocrx_word' id='word_1_264' title='bbox 3033 1959 3196 2030; x_wconf 82' lang='lat' dir='ltr'><strong>quue</strong></span> <span class='ocrx_word' id='word_1_265' title='bbox 3240 1961 3551 2032; x_wconf 89' lang='lat' dir='ltr'><strong>prophetice</strong></span> 
     </span>
    </p>
   </div>
   <div class='ocr_carea' id='block_1_36' title="bbox 355 2055 1906 2129">
    <p class='ocr_par' dir='ltr' id='par_1_36' title="bbox 355 2055 1906 2129">
     <span class='ocr_line' id='line_1_36' title="bbox 355 2055 1906 2129; baseline -0.003 -18"><span class='ocrx_word' id='word_1_266' title='bbox 355 2061 508 2129; x_wconf 85' lang='grc' dir='ltr'>ἡμῶν</span> <span class='ocrx_word' id='word_1_267' title='bbox 530 2061 622 2112; x_wconf 80' lang='grc' dir='ltr'><strong>ἐπὶ</strong></span> <span class='ocrx_word' id='word_1_268' title='bbox 647 2059 769 2121; x_wconf 79' lang='grc' dir='ltr'>τοὺς</span> <span class='ocrx_word' id='word_1_269' title='bbox 798 2059 1018 2128; x_wconf 75' lang='grc' dir='ltr'>ἐχθροὺς</span> <span class='ocrx_word' id='word_1_270' title='bbox 1042 2059 1214 2128; x_wconf 84' lang='grc' dir='ltr'>ἡμῶν.</span> <span class='ocrx_word' id='word_1_271' title='bbox 1243 2058 1350 2110; x_wconf 78' lang='grc' dir='ltr'>Καὶ</span> <span class='ocrx_word' id='word_1_272' title='bbox 1382 2055 1535 2109; x_wconf 89' lang='grc' dir='ltr'>τοῦτο</span> <span class='ocrx_word' id='word_1_273' title='bbox 1563 2055 1906 2126; x_wconf 76' lang='grc' dir='ltr'>προφητικῶς</span> 
     </span>
    </p>
   </div>
   <div class='ocr_carea' id='block_1_37' title="bbox 353 2147 1904 2222">
    <p class='ocr_par' dir='ltr' id='par_1_37' title="bbox 353 2147 1904 2222">
     <span class='ocr_line' id='line_1_37' title="bbox 353 2147 1904 2222; baseline -0.004 -18"><span class='ocrx_word' id='word_1_274' title='bbox 353 2152 539 2221; x_wconf 65' lang='grc' dir='ltr'>ἐδήλου</span> <span class='ocrx_word' id='word_1_275' title='bbox 565 2155 592 2205; x_wconf 88' lang='grc' dir='ltr'><strong>ό</strong></span> <span class='ocrx_word' id='word_1_276' title='bbox 613 2153 812 2222; x_wconf 83' lang='grc' dir='ltr'>φήσας·</span> <span class='ocrx_word' id='word_1_277' title='bbox 857 2169 874 2201; x_wconf 76' lang='grc' dir='ltr'><strong>ι</strong></span> <span class='ocrx_word' id='word_1_278' title='bbox 902 2151 1011 2202; x_wconf 73' lang='grc' dir='ltr'>Καὶ</span> <span class='ocrx_word' id='word_1_279' title='bbox 1039 2150 1129 2203; x_wconf 91' lang='grc' dir='ltr'><strong>νῦν</strong></span> <span class='ocrx_word' id='word_1_280' title='bbox 1161 2147 1339 2219; x_wconf 72' lang='grc' dir='ltr'>ὖψωσε</span> <span class='ocrx_word' id='word_1_281' title='bbox 1389 2149 1624 2218; x_wconf 87' lang='grc' dir='ltr'>κεφαλήν</span> <span class='ocrx_word' id='word_1_282' title='bbox 1672 2163 1769 2217; x_wconf 87' lang='grc' dir='ltr'><strong>μου</strong></span> <span class='ocrx_word' id='word_1_283' title='bbox 1814 2147 1904 2199; x_wconf 74' lang='grc' dir='ltr'><strong>ἐπὶ</strong></span> 
     </span>
    </p>
   </div>
   <div class='ocr_carea' id='block_1_38' title="bbox 331 2235 1904 2313">
    <p class='ocr_par' dir='ltr' id='par_1_38' title="bbox 331 2235 1904 2313">
     <span class='ocr_line' id='line_1_38' title="bbox 331 2235 1904 2313; baseline -0.003 -18"><span class='ocrx_word' id='word_1_284' title='bbox 331 2235 575 2312; x_wconf 59' lang='grc' dir='ltr'>ίὲχθρούς</span> <span class='ocrx_word' id='word_1_285' title='bbox 609 2259 728 2313; x_wconf 90' lang='grc' dir='ltr'>μου.</span> <span class='ocrx_word' id='word_1_286' title='bbox 760 2241 1147 2310; x_wconf 85' lang='grc' dir='ltr'>Είσελεύσομαι</span> <span class='ocrx_word' id='word_1_287' title='bbox 1179 2242 1257 2302; x_wconf 77' lang='grc' dir='ltr'>εις</span> <span class='ocrx_word' id='word_1_288' title='bbox 1282 2239 1372 2292; x_wconf 84' lang='grc' dir='ltr'><strong>τὸν</strong></span> <span class='ocrx_word' id='word_1_289' title='bbox 1403 2235 1548 2292; x_wconf 77' lang='grc' dir='ltr'>οἶκόν</span> <span class='ocrx_word' id='word_1_290' title='bbox 1584 2257 1673 2291; x_wconf 90' lang='grc' dir='ltr'><strong>σου</strong></span> <span class='ocrx_word' id='word_1_291' title='bbox 1701 2240 1756 2290; x_wconf 88' lang='grc' dir='ltr'><strong>ἑν</strong></span> <span class='ocrx_word' id='word_1_292' title='bbox 1790 2237 1904 2291; x_wconf 85' lang='grc' dir='ltr'>ὁλο-</span> 
     </span>
    </p>
   </div>
   <div class='ocr_carea' id='block_1_39' title="bbox 352 2329 1904 2402">
    <p class='ocr_par' dir='ltr' id='par_1_39' title="bbox 352 2329 1904 2402">
     <span class='ocr_line' id='line_1_39' title="bbox 352 2329 1904 2402; baseline -0.002 -17"><span class='ocrx_word' id='word_1_293' title='bbox 352 2333 722 2401; x_wconf 72' lang='grc' dir='ltr'>καυτώμασιν.</span> <span class='ocrx_word' id='word_1_294' title='bbox 761 2352 778 2384; x_wconf 78' lang='grc' dir='ltr'><strong>ι</strong></span> <span class='ocrx_word' id='word_1_295' title='bbox 816 2334 876 2384; x_wconf 73' lang='lat' dir='ltr'><strong>lii</strong></span> <span class='ocrx_word' id='word_1_296' title='bbox 914 2333 1010 2402; x_wconf 87' lang='grc' dir='ltr'><strong>μὲν</strong></span> <span class='ocrx_word' id='word_1_297' title='bbox 1038 2333 1143 2402; x_wconf 86' lang='grc' dir='ltr'>γὰρ</span> <span class='ocrx_word' id='word_1_298' title='bbox 1176 2331 1317 2398; x_wconf 70' lang='grc' dir='ltr'>ἅγιοι</span> <span class='ocrx_word' id='word_1_299' title='bbox 1337 2329 1429 2382; x_wconf 87' lang='grc' dir='ltr'><strong>τοῦ</strong></span> <span class='ocrx_word' id='word_1_300' title='bbox 1459 2330 1590 2383; x_wconf 88' lang='grc' dir='ltr'><strong>Θεοῦ</strong></span> <span class='ocrx_word' id='word_1_301' title='bbox 1636 2330 1904 2401; x_wconf 88' lang='grc' dir='ltr'>μάρτυρες</span> 
     </span>
    </p>
   </div>
   <div class='ocr_carea' id='block_1_40' title="bbox 355 2405 1902 2491">
    <p class='ocr_par' dir='ltr' id='par_1_40' title="bbox 355 2405 1902 2491">
     <span class='ocr_line' id='line_1_40' title="bbox 355 2405 1902 2491; baseline -0.001 -18"><span class='ocrx_word' id='word_1_302' title='bbox 355 2422 491 2491; x_wconf 90' lang='grc' dir='ltr'><strong>μετά</strong></span> <span class='ocrx_word' id='word_1_303' title='bbox 520 2421 644 2484; x_wconf 76' lang='grc' dir='ltr'>τοὺς</span> <span class='ocrx_word' id='word_1_304' title='bbox 671 2423 931 2491; x_wconf 82' lang='grc' dir='ltr'>μεγάλους</span> <span class='ocrx_word' id='word_1_305' title='bbox 960 2405 1165 2483; x_wconf 77' lang='grc' dir='ltr'>ἄθλους,</span> <span class='ocrx_word' id='word_1_306' title='bbox 1197 2420 1288 2483; x_wconf 81' lang='grc' dir='ltr'><strong>οὓς</strong></span> <span class='ocrx_word' id='word_1_307' title='bbox 1312 2420 1776 2491; x_wconf 82' lang='grc' dir='ltr'>ὑπομεμενήκασι,</span> <span class='ocrx_word' id='word_1_308' title='bbox 1817 2419 1902 2471; x_wconf 86' lang='grc' dir='ltr'>διὰ</span> 
     </span>
    </p>
   </div>
   <div class='ocr_carea' id='block_1_41' title="bbox 353 2506 1899 2581">
    <p class='ocr_par' dir='ltr' id='par_1_41' title="bbox 353 2506 1899 2581">
     <span class='ocr_line' id='line_1_41' title="bbox 353 2506 1899 2581; baseline -0.004 -17"><span class='ocrx_word' id='word_1_309' title='bbox 353 2511 523 2581; x_wconf 84' lang='grc' dir='ltr'>πυρὸς</span> <span class='ocrx_word' id='word_1_310' title='bbox 572 2512 665 2563; x_wconf 77' lang='grc' dir='ltr'><strong>καὶ</strong></span> <span class='ocrx_word' id='word_1_311' title='bbox 706 2510 891 2572; x_wconf 70' lang='grc' dir='ltr'>ὓδατος</span> <span class='ocrx_word' id='word_1_312' title='bbox 915 2509 1225 2572; x_wconf 83' lang='grc' dir='ltr'>διελθόντες,</span> <span class='ocrx_word' id='word_1_313' title='bbox 1251 2510 1330 2571; x_wconf 78' lang='grc' dir='ltr'><strong>εἰς</strong></span> <span class='ocrx_word' id='word_1_314' title='bbox 1355 2506 1626 2577; x_wconf 73' lang='grc' dir='ltr'>ἀναψυχὴν</span> <span class='ocrx_word' id='word_1_315' title='bbox 1663 2507 1899 2578; x_wconf 89' lang='grc' dir='ltr'>παρελή-</span> 
     </span>
    </p>
   </div>
   <div class='ocr_carea' id='block_1_42' title="bbox 352 2589 1902 2670">
    <p class='ocr_par' dir='ltr' id='par_1_42' title="bbox 352 2589 1902 2670">
     <span class='ocr_line' id='line_1_42' title="bbox 352 2589 1902 2670; baseline -0.005 -18"><span class='ocrx_word' id='word_1_316' title='bbox 352 2600 582 2669; x_wconf 84' lang='grc' dir='ltr'>φθησαν.</span> <span class='ocrx_word' id='word_1_317' title='bbox 618 2595 748 2670; x_wconf 71' lang='grc' dir='ltr'>Εἶτα</span> <span class='ocrx_word' id='word_1_318' title='bbox 776 2599 864 2651; x_wconf 86' lang='grc' dir='ltr'><strong>τὸν</strong></span> <span class='ocrx_word' id='word_1_319' title='bbox 886 2601 1014 2650; x_wconf 86' lang='grc' dir='ltr'>ἑπου</span> <span class='ocrx_word' id='word_1_320' title='bbox 1024 2598 1199 2668; x_wconf 89' lang='grc' dir='ltr'>ράνιον</span> <span class='ocrx_word' id='word_1_321' title='bbox 1226 2595 1323 2648; x_wconf 87' lang='grc' dir='ltr'>τοῦ.</span> <span class='ocrx_word' id='word_1_322' title='bbox 1345 2595 1475 2648; x_wconf 90' lang='grc' dir='ltr'>Θεοῦ</span> <span class='ocrx_word' id='word_1_323' title='bbox 1498 2589 1642 2647; x_wconf 77' lang='grc' dir='ltr'>οἷκον</span> <span class='ocrx_word' id='word_1_324' title='bbox 1661 2594 1749 2646; x_wconf 80' lang='grc' dir='ltr'>τὸν</span> <span class='ocrx_word' id='word_1_325' title='bbox 1779 2593 1902 2664; x_wconf 84' lang='grc' dir='ltr'>ἀλη-</span> 
     </span>
    </p>
   </div>
   <div class='ocr_carea' id='block_1_43' title="bbox 351 2681 1899 2754">
    <p class='ocr_par' dir='ltr' id='par_1_43' title="bbox 351 2681 1899 2754">
     <span class='ocr_line' id='line_1_43' title="bbox 351 2681 1899 2754; baseline -0.004 -16"><span class='ocrx_word' id='word_1_326' title='bbox 351 2686 496 2739; x_wconf 84' lang='grc' dir='ltr'>θινὸν</span> <span class='ocrx_word' id='word_1_327' title='bbox 536 2686 908 2749; x_wconf 78' lang='grc' dir='ltr'>ἀπολαϐόντες,</span> <span class='ocrx_word' id='word_1_328' title='bbox 959 2686 1168 2754; x_wconf 76' lang='grc' dir='ltr'>φασίνο·</span> <span class='ocrx_word' id='word_1_329' title='bbox 1211 2702 1228 2733; x_wconf 75' lang='grc' dir='ltr'><strong>ι</strong></span> <span class='ocrx_word' id='word_1_330' title='bbox 1265 2682 1647 2751; x_wconf 82' lang='grc' dir='ltr'>Είσελεύσομαι</span> <span class='ocrx_word' id='word_1_331' title='bbox 1694 2681 1771 2744; x_wconf 76' lang='grc' dir='ltr'>εἰς</span> <span class='ocrx_word' id='word_1_332' title='bbox 1810 2681 1899 2733; x_wconf 84' lang='grc' dir='ltr'><strong>τὸν</strong></span> 
     </span>
    </p>
   </div>
   <div class='ocr_carea' id='block_1_44' title="bbox 349 2771 1898 2845">
    <p class='ocr_par' dir='ltr' id='par_1_44' title="bbox 349 2771 1898 2845">
     <span class='ocr_line' id='line_1_44' title="bbox 349 2771 1898 2845; baseline -0.003 -17"><span class='ocrx_word' id='word_1_333' title='bbox 349 2771 494 2828; x_wconf 69' lang='grc' dir='ltr'>οἶκόν</span> <span class='ocrx_word' id='word_1_334' title='bbox 526 2793 615 2829; x_wconf 85' lang='grc' dir='ltr'><strong>σου</strong></span> <span class='ocrx_word' id='word_1_335' title='bbox 657 2779 712 2828; x_wconf 89' lang='grc' dir='ltr'><strong>ἑν</strong></span> <span class='ocrx_word' id='word_1_336' title='bbox 756 2776 1180 2845; x_wconf 87' lang='grc' dir='ltr'>όλοκαυτώμασι.</span> <span class='ocrx_word' id='word_1_337' title='bbox 1209 2793 1226 2824; x_wconf 79' lang='grc' dir='ltr'><strong>ι</strong></span> <span class='ocrx_word' id='word_1_338' title='bbox 1247 2773 1333 2834; x_wconf 78' lang='grc' dir='ltr'>Ὠς</span> <span class='ocrx_word' id='word_1_339' title='bbox 1357 2771 1462 2842; x_wconf 88' lang='grc' dir='ltr'>γὰρ</span> <span class='ocrx_word' id='word_1_340' title='bbox 1491 2771 1578 2823; x_wconf 89' lang='grc' dir='ltr'><strong>διά</strong></span> <span class='ocrx_word' id='word_1_341' title='bbox 1609 2771 1775 2841; x_wconf 84' lang='grc' dir='ltr'>πυρὸς</span> <span class='ocrx_word' id='word_1_342' title='bbox 1807 2772 1898 2824; x_wconf 75' lang='grc' dir='ltr'><strong>καὶ</strong></span> 
     </span>
    </p>
   </div>
   <div class='ocr_carea' id='block_1_45' title="bbox 350 2859 1897 2932">
    <p class='ocr_par' dir='ltr' id='par_1_45' title="bbox 350 2859 1897 2932">
     <span class='ocr_line' id='line_1_45' title="bbox 350 2859 1897 2932; baseline -0.004 -13"><span class='ocrx_word' id='word_1_343' title='bbox 350 2865 537 2929; x_wconf 63' lang='grc' dir='ltr'>ὕδατος</span> <span class='ocrx_word' id='word_1_344' title='bbox 569 2867 878 2931; x_wconf 75' lang='grc' dir='ltr'>διελθόντες,</span> <span class='ocrx_word' id='word_1_345' title='bbox 903 2866 970 2919; x_wconf 81' lang='grc' dir='ltr'><strong>τὰ</strong></span> <span class='ocrx_word' id='word_1_346' title='bbox 1013 2864 1214 2918; x_wconf 79' lang='grc' dir='ltr'>ἑαυτῶν</span> <span class='ocrx_word' id='word_1_347' title='bbox 1256 2861 1690 2932; x_wconf 84' lang='grc' dir='ltr'>ὁλοκαυτώματα,</span> <span class='ocrx_word' id='word_1_348' title='bbox 1725 2864 1780 2914; x_wconf 82' lang='grc' dir='ltr'><strong>ἑν</strong></span> <span class='ocrx_word' id='word_1_349' title='bbox 1818 2859 1897 2925; x_wconf 74' lang='grc' dir='ltr'>οἷς</span> 
     </span>
    </p>
   </div>
   <div class='ocr_carea' id='block_1_46' title="bbox 348 2952 1896 3028">
    <p class='ocr_par' dir='ltr' id='par_1_46' title="bbox 348 2952 1896 3028">
     <span class='ocr_line' id='line_1_46' title="bbox 348 2952 1896 3028; baseline -0.002 -22"><span class='ocrx_word' id='word_1_350' title='bbox 348 2955 748 3026; x_wconf 76' lang='grc' dir='ltr'>ἐμαρτύρησαν,</span> <span class='ocrx_word' id='word_1_351' title='bbox 777 2955 926 3028; x_wconf 87' lang='grc' dir='ltr'>δίκην</span> <span class='ocrx_word' id='word_1_352' title='bbox 963 2954 1147 3017; x_wconf 79' lang='grc' dir='ltr'>θυσίας</span> <span class='ocrx_word' id='word_1_353' title='bbox 1188 2952 1263 3023; x_wconf 89' lang='grc' dir='ltr'>τῷ</span> <span class='ocrx_word' id='word_1_354' title='bbox 1307 2952 1509 3024; x_wconf 79' lang='grc' dir='ltr'>ἑαυτῶν</span> <span class='ocrx_word' id='word_1_355' title='bbox 1534 2952 1896 3022; x_wconf 83' lang='grc' dir='ltr'>προσφέρουσι</span> 
     </span>
    </p>
   </div>
   <div class='ocr_carea' id='block_1_47' title="bbox 347 3037 1896 3116">
    <p class='ocr_par' dir='ltr' id='par_1_47' title="bbox 347 3037 1896 3116">
     <span class='ocr_line' id='line_1_47' title="bbox 347 3037 1896 3116; baseline -0.001 -21"><span class='ocrx_word' id='word_1_356' title='bbox 347 3045 484 3113; x_wconf 81' lang='grc' dir='ltr'>Θεῷ,</span> <span class='ocrx_word' id='word_1_357' title='bbox 521 3045 685 3116; x_wconf 82' lang='grc' dir='ltr'>πολλῇ</span> <span class='ocrx_word' id='word_1_358' title='bbox 717 3046 993 3116; x_wconf 70' lang='grc' dir='ltr'>παρρησίᾳ</span> <span class='ocrx_word' id='word_1_359' title='bbox 1023 3044 1288 3115; x_wconf 87' lang='grc' dir='ltr'>χρώμενοι</span> <span class='ocrx_word' id='word_1_360' title='bbox 1325 3037 1515 3111; x_wconf 74' lang='grc' dir='ltr'>ὲφ⁹“αἷς</span> <span class='ocrx_word' id='word_1_361' title='bbox 1546 3040 1774 3112; x_wconf 78' lang='grc' dir='ltr'>ηὔξαντο</span> <span class='ocrx_word' id='word_1_362' title='bbox 1808 3043 1896 3094; x_wconf 83' lang='grc' dir='ltr'>εὐ-</span> 
     </span>
    </p>
   </div>
   <div class='ocr_carea' id='block_1_48' title="bbox 350 3130 1895 3201">
    <p class='ocr_par' dir='ltr' id='par_1_48' title="bbox 350 3130 1895 3201">
     <span class='ocr_line' id='line_1_48' title="bbox 350 3130 1895 3201; baseline -0.001 -17"><span class='ocrx_word' id='word_1_363' title='bbox 350 3135 490 3200; x_wconf 84' lang='grc' dir='ltr'>χαῖς.</span> <span class='ocrx_word' id='word_1_364' title='bbox 506 3132 744 3198; x_wconf 80' lang='grc' dir='ltr'>Ηῦξαντο</span> <span class='ocrx_word' id='word_1_365' title='bbox 770 3134 825 3186; x_wconf 84' lang='grc' dir='ltr'>δὲ</span> <span class='ocrx_word' id='word_1_366' title='bbox 854 3131 1234 3200; x_wconf 79' lang='grc' dir='ltr'>ἀγωνίσασθαι,</span> <span class='ocrx_word' id='word_1_367' title='bbox 1250 3131 1340 3183; x_wconf 79' lang='grc' dir='ltr'><strong>καὶ</strong></span> <span class='ocrx_word' id='word_1_368' title='bbox 1360 3130 1559 3201; x_wconf 70' lang='grc' dir='ltr'>ταύτην</span> <span class='ocrx_word' id='word_1_369' title='bbox 1578 3131 1895 3200; x_wconf 75' lang='grc' dir='ltr'>ἐποιήσαντο</span> 
     </span>
    </p>
   </div>
   <div class='ocr_carea' id='block_1_49' title="bbox 346 3220 1930 3293">
    <p class='ocr_par' dir='ltr' id='par_1_49' title="bbox 346 3220 1930 3293">
     <span class='ocr_line' id='line_1_49' title="bbox 346 3220 1930 3293; baseline 0 -21"><span class='ocrx_word' id='word_1_370' title='bbox 346 3223 441 3288; x_wconf 82' lang='grc' dir='ltr'><strong>τήν</strong></span> <span class='ocrx_word' id='word_1_371' title='bbox 486 3223 831 3290; x_wconf 77' lang='grc' dir='ltr'>ἐπαγγελίαν,</span> <span class='ocrx_word' id='word_1_372' title='bbox 862 3223 922 3276; x_wconf 86' lang='grc' dir='ltr'><strong>τὸ</strong></span> <span class='ocrx_word' id='word_1_373' title='bbox 961 3223 1119 3293; x_wconf 84' lang='grc' dir='ltr'>μέχρι</span> <span class='ocrx_word' id='word_1_374' title='bbox 1167 3221 1394 3274; x_wconf 88' lang='grc' dir='ltr'>θανάτου</span> <span class='ocrx_word' id='word_1_375' title='bbox 1443 3221 1581 3292; x_wconf 79' lang='grc' dir='ltr'>ὑπὲρ</span> <span class='ocrx_word' id='word_1_376' title='bbox 1618 3220 1930 3283; x_wconf 67' lang='grc' dir='ltr'>εὐσεϐείαςε</span> 
     </span>
    </p>
   </div>
   <div class='ocr_carea' id='block_1_50' title="bbox 343 3309 1962 3387">
    <p class='ocr_par' dir='ltr' id='par_1_50' title="bbox 343 3309 1962 3387">
     <span class='ocr_line' id='line_1_50' title="bbox 343 3309 1962 3387; baseline -0.002 -18"><span class='ocrx_word' id='word_1_377' title='bbox 343 3315 598 3386; x_wconf 80' lang='grc' dir='ltr'>ἀθλῆσαι.”</span> <span class='ocrx_word' id='word_1_378' title='bbox 616 3318 702 3380; x_wconf 82' lang='grc' dir='ltr'>Ὠς</span> <span class='ocrx_word' id='word_1_379' title='bbox 719 3313 811 3370; x_wconf 83' lang='grc' dir='ltr'><strong>οὖν</strong></span> <span class='ocrx_word' id='word_1_380' title='bbox 835 3314 1246 3387; x_wconf 82' lang='grc' dir='ltr'>κατωρθωκότες</span> <span class='ocrx_word' id='word_1_381' title='bbox 1278 3313 1418 3384; x_wconf 82' lang='grc' dir='ltr'>ἆπερ</span> <span class='ocrx_word' id='word_1_382' title='bbox 1441 3312 1692 3382; x_wconf 82' lang='grc' dir='ltr'>ηῦξαντο,</span> <span class='ocrx_word' id='word_1_383' title='bbox 1711 3312 1889 3381; x_wconf 84' lang='grc' dir='ltr'>φασίν·</span> <span class='ocrx_word' id='word_1_384' title='bbox 1919 3309 1962 3365; x_wconf 87' lang='lat' dir='ltr'><strong><em>C</em></strong></span> 
     </span>
    </p>
   </div>
   <div class='ocr_carea' id='block_1_51' title="bbox 415 3420 1888 3494">
    <p class='ocr_par' dir='ltr' id='par_1_51' title="bbox 415 3420 1888 3494">
     <span class='ocr_line' id='line_1_51' title="bbox 415 3420 1888 3494; baseline -0.001 -18"><span class='ocrx_word' id='word_1_385' title='bbox 415 3442 435 3486; x_wconf 70' lang='grc' dir='ltr'><strong>ς</strong></span> <span class='ocrx_word' id='word_1_386' title='bbox 459 3425 742 3480; x_wconf 81' lang='grc' dir='ltr'>’Δποδὼσω</span> <span class='ocrx_word' id='word_1_387' title='bbox 763 3426 951 3488; x_wconf 82' lang='grc' dir='ltr'>σοιτάς</span> <span class='ocrx_word' id='word_1_388' title='bbox 965 3424 1126 3494; x_wconf 85' lang='grc' dir='ltr'>εὐχάς</span> <span class='ocrx_word' id='word_1_389' title='bbox 1153 3441 1273 3494; x_wconf 87' lang='grc' dir='ltr'>μου,</span> <span class='ocrx_word' id='word_1_390' title='bbox 1298 3424 1361 3485; x_wconf 75' lang='grc' dir='ltr'>ἃς</span> <span class='ocrx_word' id='word_1_391' title='bbox 1377 3423 1628 3476; x_wconf 77' lang='grc' dir='ltr'>διέστειλε</span> <span class='ocrx_word' id='word_1_392' title='bbox 1652 3423 1718 3476; x_wconf 90' lang='grc' dir='ltr'><strong>τά</strong></span> <span class='ocrx_word' id='word_1_393' title='bbox 1739 3420 1888 3493; x_wconf 85' lang='grc' dir='ltr'>χείλη</span> 
     </span>
    </p>
   </div>
   <div class='ocr_carea' id='block_1_52' title="bbox 336 3513 1884 3588">
    <p class='ocr_par' dir='ltr' id='par_1_52' title="bbox 336 3513 1884 3588">
     <span class='ocr_line' id='line_1_52' title="bbox 336 3513 1884 3588; baseline -0.001 -21"><span class='ocrx_word' id='word_1_394' title='bbox 336 3531 478 3586; x_wconf 83' lang='grc' dir='ltr'>μου·</span> <span class='ocrx_word' id='word_1_395' title='bbox 516 3517 606 3568; x_wconf 76' lang='grc' dir='ltr'>καὶ</span> <span class='ocrx_word' id='word_1_396' title='bbox 637 3517 860 3588; x_wconf 80' lang='grc' dir='ltr'>ἐλάλησε</span> <span class='ocrx_word' id='word_1_397' title='bbox 889 3516 950 3569; x_wconf 82' lang='grc' dir='ltr'><strong>τὸ</strong></span> <span class='ocrx_word' id='word_1_398' title='bbox 983 3516 1154 3586; x_wconf 87' lang='grc' dir='ltr'>στόμα</span> <span class='ocrx_word' id='word_1_399' title='bbox 1188 3532 1287 3587; x_wconf 89' lang='grc' dir='ltr'><strong>μου</strong></span> <span class='ocrx_word' id='word_1_400' title='bbox 1321 3517 1377 3568; x_wconf 84' lang='grc' dir='ltr'><strong>ἑν</strong></span> <span class='ocrx_word' id='word_1_401' title='bbox 1406 3517 1472 3584; x_wconf 79' lang='grc' dir='ltr'>τῇ</span> <span class='ocrx_word' id='word_1_402' title='bbox 1506 3513 1678 3582; x_wconf 78' lang='grc' dir='ltr'>θλίψει</span> <span class='ocrx_word' id='word_1_403' title='bbox 1717 3531 1834 3583; x_wconf 90' lang='grc' dir='ltr'>μου.</span> <span class='ocrx_word' id='word_1_404' title='bbox 1866 3533 1884 3564; x_wconf 74' lang='grc' dir='ltr'><strong>ι</strong></span> 
     </span>
    </p>
   </div>
   <div class='ocr_carea' id='block_1_53' title="bbox 341 3596 1890 3674">
    <p class='ocr_par' dir='ltr' id='par_1_53' title="bbox 341 3596 1890 3674">
     <span class='ocr_line' id='line_1_53' title="bbox 341 3596 1890 3674; baseline -0.002 -18"><span class='ocrx_word' id='word_1_405' title='bbox 341 3605 478 3656; x_wconf 83' lang='grc' dir='ltr'>Κατ’</span> <span class='ocrx_word' id='word_1_406' title='bbox 511 3603 676 3666; x_wconf 77' lang='grc' dir='ltr'>αὑτὰς</span> <span class='ocrx_word' id='word_1_407' title='bbox 706 3605 812 3674; x_wconf 89' lang='grc' dir='ltr'><strong>γάρ</strong></span> <span class='ocrx_word' id='word_1_408' title='bbox 840 3604 937 3664; x_wconf 70' lang='grc' dir='ltr'>τάξ</span> <span class='ocrx_word' id='word_1_409' title='bbox 968 3603 1202 3672; x_wconf 81' lang='grc' dir='ltr'>θλίψεις,</span> <span class='ocrx_word' id='word_1_410' title='bbox 1236 3603 1363 3674; x_wconf 77' lang='grc' dir='ltr'>περὶ</span> <span class='ocrx_word' id='word_1_411' title='bbox 1390 3596 1463 3656; x_wconf 75' lang='grc' dir='ltr'>ὧν</span> <span class='ocrx_word' id='word_1_412' title='bbox 1497 3602 1747 3672; x_wconf 86' lang='grc' dir='ltr'>ἀνωτέρω</span> <span class='ocrx_word' id='word_1_413' title='bbox 1778 3601 1890 3654; x_wconf 73' lang='grc' dir='ltr'>ελε-</span> 
     </span>
    </p>
   </div>
   <div class='ocr_carea' id='block_1_54' title="bbox 339 3692 1889 3769">
    <p class='ocr_par' dir='ltr' id='par_1_54' title="bbox 339 3692 1889 3769">
     <span class='ocr_line' id='line_1_54' title="bbox 339 3692 1889 3769; baseline 0.003 -25"><span class='ocrx_word' id='word_1_414' title='bbox 339 3708 433 3759; x_wconf 91' lang='grc' dir='ltr'><strong>γον</strong></span> <span class='ocrx_word' id='word_1_415' title='bbox 454 3709 468 3723; x_wconf 81' lang='lat'><strong><em>°</em></strong></span> <span class='ocrx_word' id='word_1_416' title='bbox 506 3711 524 3744; x_wconf 75' lang='grc' dir='ltr'><strong>ι</strong></span> <span class='ocrx_word' id='word_1_417' title='bbox 549 3693 709 3746; x_wconf 86' lang='grc' dir='ltr'>Ἔθου</span> <span class='ocrx_word' id='word_1_418' title='bbox 738 3694 938 3764; x_wconf 82' lang='grc' dir='ltr'>θλίψεις</span> <span class='ocrx_word' id='word_1_419' title='bbox 969 3694 1059 3746; x_wconf 73' lang='grc' dir='ltr'>ἐπὶ</span> <span class='ocrx_word' id='word_1_420' title='bbox 1090 3693 1180 3746; x_wconf 83' lang='grc' dir='ltr'><strong>τὸν</strong></span> <span class='ocrx_word' id='word_1_421' title='bbox 1201 3692 1366 3746; x_wconf 90' lang='grc' dir='ltr'>νῶτον</span> <span class='ocrx_word' id='word_1_422' title='bbox 1384 3692 1558 3769; x_wconf 83' lang='grc' dir='ltr'>ἡμῶν,</span> <span class='ocrx_word' id='word_1_423' title='bbox 1584 3711 1602 3743; x_wconf 66' lang='grc' dir='ltr'><strong>ι</strong></span> <span class='ocrx_word' id='word_1_424' title='bbox 1634 3693 1731 3762; x_wconf 80' lang='grc' dir='ltr'>τὴν</span> <span class='ocrx_word' id='word_1_425' title='bbox 1757 3693 1889 3762; x_wconf 86' lang='grc' dir='ltr'>πρὸς</span> 
     </span>
    </p>
   </div>
   <div class='ocr_carea' id='block_1_55' title="bbox 338 3778 1886 3856">
    <p class='ocr_par' dir='ltr' id='par_1_55' title="bbox 338 3778 1886 3856">
     <span class='ocr_line' id='line_1_55' title="bbox 338 3778 1886 3856; baseline 0 -22"><span class='ocrx_word' id='word_1_426' title='bbox 338 3782 428 3835; x_wconf 80' lang='grc' dir='ltr'><strong>τὸν</strong></span> <span class='ocrx_word' id='word_1_427' title='bbox 446 3778 576 3838; x_wconf 76' lang='grc' dir='ltr'>Θεὸν</span> <span class='ocrx_word' id='word_1_428' title='bbox 597 3785 815 3856; x_wconf 84' lang='grc' dir='ltr'>ἀγάπην</span> <span class='ocrx_word' id='word_1_429' title='bbox 831 3785 1035 3837; x_wconf 86' lang='grc' dir='ltr'>τελείαν</span> <span class='ocrx_word' id='word_1_430' title='bbox 1057 3785 1150 3838; x_wconf 79' lang='grc' dir='ltr'>καὶ</span> <span class='ocrx_word' id='word_1_431' title='bbox 1169 3785 1356 3854; x_wconf 85' lang='grc' dir='ltr'>όλὸκλη</span> <span class='ocrx_word' id='word_1_432' title='bbox 1365 3801 1454 3853; x_wconf 90' lang='grc' dir='ltr'><strong>ρον</strong></span> <span class='ocrx_word' id='word_1_433' title='bbox 1475 3782 1710 3836; x_wconf 77' lang='grc' dir='ltr'>ἑνδεικνύ</span> <span class='ocrx_word' id='word_1_434' title='bbox 1719 3800 1886 3852; x_wconf 88' lang='grc' dir='ltr'>μενοι,</span> 
     </span>
    </p>
   </div>
   <div class='ocr_carea' id='block_1_56' title="bbox 341 3872 1886 3943">
    <p class='ocr_par' dir='ltr' id='par_1_56' title="bbox 341 3872 1886 3943">
     <span class='ocr_line' id='line_1_56' title="bbox 341 3872 1886 3943; baseline 0.001 -19"><span class='ocrx_word' id='word_1_435' title='bbox 341 3874 500 3942; x_wconf 77' lang='grc' dir='ltr'>εὐχὰς</span> <span class='ocrx_word' id='word_1_436' title='bbox 523 3876 755 3929; x_wconf 77' lang='grc' dir='ltr'>ἐτίθεντο</span> <span class='ocrx_word' id='word_1_437' title='bbox 783 3875 874 3928; x_wconf 74' lang='grc' dir='ltr'><strong>καὶ</strong></span> <span class='ocrx_word' id='word_1_438' title='bbox 902 3875 1224 3943; x_wconf 75' lang='grc' dir='ltr'>ἐπαγγελίας</span> <span class='ocrx_word' id='word_1_439' title='bbox 1248 3873 1520 3927; x_wconf 77' lang='grc' dir='ltr'>ἐποιοῦντο</span> <span class='ocrx_word' id='word_1_440' title='bbox 1547 3873 1703 3942; x_wconf 88' lang='grc' dir='ltr'>μέχρι</span> <span class='ocrx_word' id='word_1_441' title='bbox 1723 3872 1886 3926; x_wconf 89' lang='grc' dir='ltr'>θανά-</span> 
     </span>
    </p>
   </div>
   <div class='ocr_carea' id='block_1_57' title="bbox 341 3962 1881 4036">
    <p class='ocr_par' dir='ltr' id='par_1_57' title="bbox 341 3962 1881 4036">
     <span class='ocr_line' id='line_1_57' title="bbox 341 3962 1881 4036; baseline -0.001 -21"><span class='ocrx_word' id='word_1_442' title='bbox 341 3980 428 4017; x_wconf 87' lang='grc' dir='ltr'><strong>του</strong></span> <span class='ocrx_word' id='word_1_443' title='bbox 461 3965 711 4034; x_wconf 81' lang='grc' dir='ltr'>ἑνστῆναι</span> <span class='ocrx_word' id='word_1_444' title='bbox 730 4005 744 4027; x_wconf 92' lang='grc'><strong>,</strong></span> <span class='ocrx_word' id='word_1_445' title='bbox 778 3965 1050 4036; x_wconf 77' lang='grc' dir='ltr'>μονονουχὶ</span> <span class='ocrx_word' id='word_1_446' title='bbox 1080 3965 1276 4035; x_wconf 74' lang='grc' dir='ltr'>ὁμοίως</span> <span class='ocrx_word' id='word_1_447' title='bbox 1302 3963 1378 4032; x_wconf 82' lang='grc' dir='ltr'>τῷ</span> <span class='ocrx_word' id='word_1_448' title='bbox 1399 3962 1590 4031; x_wconf 82' lang='grc' dir='ltr'>Παύλῳ</span> <span class='ocrx_word' id='word_1_449' title='bbox 1607 3962 1852 4029; x_wconf 86' lang='grc' dir='ltr'>λέγοντες</span> <span class='ocrx_word' id='word_1_450' title='bbox 1869 3980 1881 3993; x_wconf 76' lang='grc' dir='ltr'><strong><em>ο</em></strong></span> 
     </span>
    </p>
   </div>
   <div class='ocr_carea' id='block_1_58' title="bbox 344 4053 1884 4126">
    <p class='ocr_par' dir='ltr' id='par_1_58' title="bbox 344 4053 1884 4126">
     <span class='ocr_line' id='line_1_58' title="bbox 344 4053 1884 4126; baseline 0 -20"><span class='ocrx_word' id='word_1_451' title='bbox 344 4075 362 4106; x_wconf 74' lang='grc' dir='ltr'><strong>ι</strong></span> <span class='ocrx_word' id='word_1_452' title='bbox 384 4055 477 4119; x_wconf 91' lang='grc' dir='ltr'>Τίς</span> <span class='ocrx_word' id='word_1_453' title='bbox 513 4058 657 4126; x_wconf 77' lang='grc' dir='ltr'>ἡμᾶς</span> <span class='ocrx_word' id='word_1_454' title='bbox 684 4058 902 4126; x_wconf 83' lang='grc' dir='ltr'>χωρίσει</span> <span class='ocrx_word' id='word_1_455' title='bbox 934 4057 1038 4110; x_wconf 87' lang='grc' dir='ltr'><strong>ἀπὸ</strong></span> <span class='ocrx_word' id='word_1_456' title='bbox 1067 4057 1162 4126; x_wconf 88' lang='grc' dir='ltr'>τῆς</span> <span class='ocrx_word' id='word_1_457' title='bbox 1196 4056 1410 4124; x_wconf 82' lang='grc' dir='ltr'>ἀγάπης</span> <span class='ocrx_word' id='word_1_458' title='bbox 1435 4054 1527 4106; x_wconf 92' lang='grc' dir='ltr'><strong>τοῦ</strong></span> <span class='ocrx_word' id='word_1_459' title='bbox 1560 4053 1729 4117; x_wconf 84' lang='grc' dir='ltr'>Θεοῦ;</span> <span class='ocrx_word' id='word_1_460' title='bbox 1773 4054 1884 4107; x_wconf 89' lang='grc' dir='ltr'>θλί-</span> 
     </span>
    </p>
   </div>
   <div class='ocr_carea' id='block_1_59' title="bbox 337 4143 1882 4216">
    <p class='ocr_par' dir='ltr' id='par_1_59' title="bbox 337 4143 1882 4216">
     <span class='ocr_line' id='line_1_59' title="bbox 337 4143 1882 4216; baseline -0.001 -19"><span class='ocrx_word' id='word_1_461' title='bbox 337 4145 447 4214; x_wconf 86' lang='grc' dir='ltr'>ψις,</span> <span class='ocrx_word' id='word_1_462' title='bbox 477 4145 509 4214; x_wconf 80' lang='grc' dir='ltr'>ἢ</span> <span class='ocrx_word' id='word_1_463' title='bbox 543 4147 884 4216; x_wconf 88' lang='grc' dir='ltr'>στενοχωρία,</span> <span class='ocrx_word' id='word_1_464' title='bbox 915 4147 949 4216; x_wconf 81' lang='grc' dir='ltr'><strong>ἢ</strong></span> <span class='ocrx_word' id='word_1_465' title='bbox 982 4145 1235 4215; x_wconf 79' lang='grc' dir='ltr'>διωγμὸς,</span> <span class='ocrx_word' id='word_1_466' title='bbox 1267 4145 1299 4215; x_wconf 84' lang='grc' dir='ltr'>ἢ</span> <span class='ocrx_word' id='word_1_467' title='bbox 1331 4144 1503 4214; x_wconf 75' lang='grc' dir='ltr'>λιμὸς,</span> <span class='ocrx_word' id='word_1_468' title='bbox 1531 4143 1564 4214; x_wconf 83' lang='grc' dir='ltr'>ἢ</span> <span class='ocrx_word' id='word_1_469' title='bbox 1593 4145 1882 4216; x_wconf 87' lang='grc' dir='ltr'>γυμνότης,</span> 
     </span>
    </p>
   </div>
   <div class='ocr_carea' id='block_1_60' title="bbox 336 4235 1881 4310">
    <p class='ocr_par' dir='ltr' id='par_1_60' title="bbox 336 4235 1881 4310">
     <span class='ocr_line' id='line_1_60' title="bbox 336 4235 1881 4310; baseline 0 -22"><span class='ocrx_word' id='word_1_470' title='bbox 336 4235 370 4306; x_wconf 77' lang='grc' dir='ltr'><strong>ἢ</strong></span> <span class='ocrx_word' id='word_1_471' title='bbox 400 4235 688 4299; x_wconf 83' lang='grc' dir='ltr'>κίνδυνος;›</span> <span class='ocrx_word' id='word_1_472' title='bbox 713 4236 822 4288; x_wconf 87' lang='grc' dir='ltr'>καί·</span> <span class='ocrx_word' id='word_1_473' title='bbox 850 4236 1179 4310; x_wconf 76' lang='grc' dir='ltr'>«Πέπεισμαι</span> <span class='ocrx_word' id='word_1_474' title='bbox 1205 4237 1334 4306; x_wconf 90' lang='grc' dir='ltr'>γάρ.</span> <span class='ocrx_word' id='word_1_475' title='bbox 1363 4238 1443 4290; x_wconf 84' lang='grc' dir='ltr'><strong>ὅτι</strong></span> <span class='ocrx_word' id='word_1_476' title='bbox 1491 4235 1612 4289; x_wconf 77' lang='grc' dir='ltr'>οὔτε</span> <span class='ocrx_word' id='word_1_477' title='bbox 1640 4236 1881 4300; x_wconf 78' lang='grc' dir='ltr'>θάνατος,</span> 
     </span>
    </p>
   </div>
   <div class='ocr_carea' id='block_1_61' title="bbox 336 4311 1882 4398">
    <p class='ocr_par' dir='ltr' id='par_1_61' title="bbox 336 4311 1882 4398">
     <span class='ocr_line' id='line_1_61' title="bbox 336 4311 1882 4398; baseline 0.001 -20"><span class='ocrx_word' id='word_1_478' title='bbox 336 4323 457 4379; x_wconf 78' lang='grc' dir='ltr'>οὔτε</span> <span class='ocrx_word' id='word_1_479' title='bbox 482 4325 614 4394; x_wconf 80' lang='grc' dir='ltr'>ζωὴ,</span> <span class='ocrx_word' id='word_1_480' title='bbox 645 4324 764 4377; x_wconf 75' lang='grc' dir='ltr'>οὔτε</span> <span class='ocrx_word' id='word_1_481' title='bbox 797 4311 1060 4379; x_wconf 76' lang='grc' dir='ltr'>ἐνεστῶτα</span> <span class='ocrx_word' id='word_1_482' title='bbox 1079 4367 1094 4391; x_wconf 95' lang='grc'><strong>,</strong></span> <span class='ocrx_word' id='word_1_483' title='bbox 1128 4326 1249 4380; x_wconf 78' lang='grc' dir='ltr'>οὔτε</span> <span class='ocrx_word' id='word_1_484' title='bbox 1281 4328 1533 4398; x_wconf 80' lang='grc' dir='ltr'>μέλλοντα</span> <span class='ocrx_word' id='word_1_485' title='bbox 1557 4369 1570 4392; x_wconf 94' lang='grc'><strong>,</strong></span> <span class='ocrx_word' id='word_1_486' title='bbox 1604 4328 1882 4398; x_wconf 86' lang='grc' dir='ltr'>δυνήσεται</span> 
     </span>
    </p>
   </div>
   <div class='ocr_carea' id='block_1_62' title="bbox 333 4415 1882 4496">
    <p class='ocr_par' dir='ltr' id='par_1_62' title="bbox 333 4415 1882 4496">
     <span class='ocr_line' id='line_1_62' title="bbox 333 4415 1882 4496; baseline 0.002 -29"><span class='ocrx_word' id='word_1_487' title='bbox 333 4418 480 4487; x_wconf 76' lang='grc' dir='ltr'>ἡμᾶς</span> <span class='ocrx_word' id='word_1_488' title='bbox 502 4415 727 4487; x_wconf 84' lang='grc' dir='ltr'>χωρίσαι</span> <span class='ocrx_word' id='word_1_489' title='bbox 757 4416 862 4468; x_wconf 85' lang='grc' dir='ltr'><strong>ἀπὸ</strong></span> <span class='ocrx_word' id='word_1_490' title='bbox 893 4416 990 4496; x_wconf 77' lang='grc' dir='ltr'><strong>τῆς</strong></span> <span class='ocrx_word' id='word_1_491' title='bbox 1019 4417 1248 4488; x_wconf 69' lang='grc' dir='ltr'>ἀγάπης</span> <span class='ocrx_word' id='word_1_492' title='bbox 1266 4417 1359 4471; x_wconf 90' lang='grc' dir='ltr'><strong>τοῦ</strong></span> <span class='ocrx_word' id='word_1_493' title='bbox 1391 4419 1523 4472; x_wconf 91' lang='grc' dir='ltr'>Θεοῦ</span> <span class='ocrx_word' id='word_1_494' title='bbox 1548 4419 1645 4487; x_wconf 84' lang='grc' dir='ltr'>τῆς</span> <span class='ocrx_word' id='word_1_495' title='bbox 1668 4421 1724 4496; x_wconf 82' lang='grc' dir='ltr'><strong>ἑν</strong></span> <span class='ocrx_word' id='word_1_496' title='bbox 1750 4418 1882 4486; x_wconf 81' lang='grc' dir='ltr'>Χρι-</span> 
     </span>
    </p>
   </div>
   <div class='ocr_carea' id='block_1_63' title="bbox 335 4494 1878 4579">
    <p class='ocr_par' dir='ltr' id='par_1_63' title="bbox 335 4494 1878 4579">
     <span class='ocr_line' id='line_1_63' title="bbox 335 4494 1878 4579; baseline 0.002 -23"><span class='ocrx_word' id='word_1_497' title='bbox 335 4503 442 4574; x_wconf 83' lang='grc' dir='ltr'>στῷ</span> <span class='ocrx_word' id='word_1_498' title='bbox 479 4503 669 4573; x_wconf 87' lang='grc' dir='ltr'>Ἰησοῦ.</span> <span class='ocrx_word' id='word_1_499' title='bbox 701 4523 719 4556; x_wconf 80' lang='grc' dir='ltr'><strong>ι</strong></span> <span class='ocrx_word' id='word_1_500' title='bbox 743 4502 953 4569; x_wconf 84' lang='grc' dir='ltr'>Ταύτας</span> <span class='ocrx_word' id='word_1_501' title='bbox 980 4502 1070 4559; x_wconf 82' lang='grc' dir='ltr'><strong>οὖν</strong></span> <span class='ocrx_word' id='word_1_502' title='bbox 1090 4519 1218 4576; x_wconf 84' lang='grc' dir='ltr'>φησι</span> <span class='ocrx_word' id='word_1_503' title='bbox 1243 4508 1340 4571; x_wconf 87' lang='grc' dir='ltr'>τὰς</span> <span class='ocrx_word' id='word_1_504' title='bbox 1364 4508 1522 4579; x_wconf 83' lang='grc' dir='ltr'>εὐχὰς</span> <span class='ocrx_word' id='word_1_505' title='bbox 1549 4494 1878 4570; x_wconf 73' lang='grc' dir='ltr'>ἀποδεδωκέτ</span> 
     </span>
    </p>
   </div>
   <div class='ocr_carea' id='block_1_64' title="bbox 333 4592 1878 4666">
    <p class='ocr_par' dir='ltr' id='par_1_64' title="bbox 333 4592 1878 4666">
     <span class='ocr_line' id='line_1_64' title="bbox 333 4592 1878 4666; baseline 0 -20"><span class='ocrx_word' id='word_1_506' title='bbox 333 4609 418 4646; x_wconf 90' lang='grc' dir='ltr'><strong>ναι</strong></span> <span class='ocrx_word' id='word_1_507' title='bbox 448 4592 523 4662; x_wconf 82' lang='grc' dir='ltr'>τῷ</span> <span class='ocrx_word' id='word_1_508' title='bbox 538 4592 675 4663; x_wconf 85' lang='grc' dir='ltr'>Θεῷ,</span> <span class='ocrx_word' id='word_1_509' title='bbox 701 4593 766 4659; x_wconf 78' lang='grc' dir='ltr'>ἃς</span> <span class='ocrx_word' id='word_1_510' title='bbox 792 4594 1044 4648; x_wconf 81' lang='grc' dir='ltr'>διέστειλε</span> <span class='ocrx_word' id='word_1_511' title='bbox 1062 4594 1129 4647; x_wconf 91' lang='grc' dir='ltr'><strong>τά</strong></span> <span class='ocrx_word' id='word_1_512' title='bbox 1147 4596 1294 4666; x_wconf 86' lang='grc' dir='ltr'>χείλη</span> <span class='ocrx_word' id='word_1_513' title='bbox 1316 4592 1510 4662; x_wconf 84' lang='grc' dir='ltr'>αὐτῶν,</span> <span class='ocrx_word' id='word_1_514' title='bbox 1542 4599 1634 4650; x_wconf 61' lang='grc' dir='ltr'><strong>καὶ⁵</strong></span> <span class='ocrx_word' id='word_1_515' title='bbox 1654 4595 1878 4665; x_wconf 79' lang='grc' dir='ltr'>ἑλάλησε</span> 
     </span>
    </p>
   </div>
   <div class='ocr_carea' id='block_1_65' title="bbox 2005 2047 3551 2119">
    <p class='ocr_par' dir='ltr' id='par_1_65' title="bbox 2005 2047 3551 2119">
     <span class='ocr_line' id='line_1_65' title="bbox 2005 2047 3551 2119; baseline 0.002 -20"><span class='ocrx_word' id='word_1_516' title='bbox 2005 2047 2311 2101; x_wconf 85' lang='lat' dir='ltr'><strong>declarabat</strong></span> <span class='ocrx_word' id='word_1_517' title='bbox 2356 2050 2449 2117; x_wconf 91' lang='lat' dir='ltr'><strong>qui</strong></span> <span class='ocrx_word' id='word_1_518' title='bbox 2494 2048 2629 2102; x_wconf 83' lang='lat' dir='ltr'><strong>dixit</strong></span> <span class='ocrx_word' id='word_1_519' title='bbox 2666 2067 2679 2102; x_wconf 89' lang='lat'><strong>:</strong></span> <span class='ocrx_word' id='word_1_520' title='bbox 2720 2067 2738 2099; x_wconf 77' lang='grc' dir='ltr'><strong>ι</strong></span> <span class='ocrx_word' id='word_1_521' title='bbox 2781 2050 2844 2102; x_wconf 86' lang='lat' dir='ltr'><strong>Et</strong></span> <span class='ocrx_word' id='word_1_522' title='bbox 2886 2065 3033 2103; x_wconf 89' lang='lat' dir='ltr'><strong>nunc</strong></span> <span class='ocrx_word' id='word_1_523' title='bbox 3086 2049 3340 2103; x_wconf 78' lang='lat' dir='ltr'><strong>cxaltavit</strong></span> <span class='ocrx_word' id='word_1_524' title='bbox 3388 2057 3551 2119; x_wconf 85' lang='lat' dir='ltr'><strong>caput</strong></span> 
     </span>
    </p>
   </div>
   <div class='ocr_carea' id='block_1_66' title="bbox 2006 2139 3547 2206">
    <p class='ocr_par' dir='ltr' id='par_1_66' title="bbox 2006 2139 3547 2206">
     <span class='ocr_line' id='line_1_66' title="bbox 2006 2139 3547 2206; baseline 0.002 -17"><span class='ocrx_word' id='word_1_525' title='bbox 2006 2153 2181 2190; x_wconf 90' lang='lat' dir='ltr'><strong>meum</strong></span> <span class='ocrx_word' id='word_1_526' title='bbox 2237 2152 2398 2206; x_wconf 90' lang='lat' dir='ltr'><strong>super</strong></span> <span class='ocrx_word' id='word_1_527' title='bbox 2443 2139 2694 2194; x_wconf 85' lang='lat' dir='ltr'><strong>inimicos</strong></span> <span class='ocrx_word' id='word_1_528' title='bbox 2741 2155 2914 2195; x_wconf 89' lang='lat' dir='ltr'><strong>meos.</strong></span> <span class='ocrx_word' id='word_1_529' title='bbox 2963 2139 3204 2195; x_wconf 87' lang='lat' dir='ltr'><strong>lntroibo</strong></span> <span class='ocrx_word' id='word_1_530' title='bbox 3237 2143 3290 2193; x_wconf 87' lang='lat' dir='ltr'><strong>in</strong></span> <span class='ocrx_word' id='word_1_531' title='bbox 3331 2141 3547 2194; x_wconf 92' lang='lat' dir='ltr'><strong>domum</strong></span> 
     </span>
    </p>
   </div>
   <div class='ocr_carea' id='block_1_67' title="bbox 2002 2226 3548 2300">
    <p class='ocr_par' dir='ltr' id='par_1_67' title="bbox 2002 2226 3548 2300">
     <span class='ocr_line' id='line_1_67' title="bbox 2002 2226 3548 2300; baseline 0.004 -22"><span class='ocrx_word' id='word_1_532' title='bbox 2002 2236 2148 2278; x_wconf 90' lang='lat' dir='ltr'><strong>tuam</strong></span> <span class='ocrx_word' id='word_1_533' title='bbox 2197 2228 2251 2279; x_wconf 92' lang='lat' dir='ltr'><strong>in</strong></span> <span class='ocrx_word' id='word_1_534' title='bbox 2292 2227 2642 2290; x_wconf 75' lang='lat' dir='ltr'><strong>holocaustis.</strong></span> <span class='ocrx_word' id='word_1_535' title='bbox 2680 2248 2699 2279; x_wconf 85' lang='grc'><strong>›</strong></span> <span class='ocrx_word' id='word_1_536' title='bbox 2735 2226 2869 2280; x_wconf 86' lang='lat' dir='ltr'><strong>Nam</strong></span> <span class='ocrx_word' id='word_1_537' title='bbox 2930 2231 3109 2283; x_wconf 85' lang='lat' dir='ltr'><strong>sancti</strong></span> <span class='ocrx_word' id='word_1_538' title='bbox 3147 2229 3239 2284; x_wconf 91' lang='lat' dir='ltr'><strong>Dei</strong></span> <span class='ocrx_word' id='word_1_539' title='bbox 3285 2239 3548 2300; x_wconf 85' lang='lat' dir='ltr'><strong>martyres</strong></span> 
     </span>
    </p>
   </div>
   <div class='ocr_carea' id='block_1_68' title="bbox 2003 2319 3548 2390">
    <p class='ocr_par' dir='ltr' id='par_1_68' title="bbox 2003 2319 3548 2390">
     <span class='ocr_line' id='line_1_68' title="bbox 2003 2319 3548 2390; baseline 0.001 -19"><span class='ocrx_word' id='word_1_540' title='bbox 2003 2325 2123 2385; x_wconf 88' lang='lat' dir='ltr'><strong>post</strong></span> <span class='ocrx_word' id='word_1_541' title='bbox 2174 2331 2388 2387; x_wconf 90' lang='lat' dir='ltr'><strong>magna,</strong></span> <span class='ocrx_word' id='word_1_542' title='bbox 2444 2333 2564 2387; x_wconf 70' lang='lat' dir='ltr'><strong>quae</strong></span> <span class='ocrx_word' id='word_1_543' title='bbox 2617 2319 3016 2383; x_wconf 90' lang='lat' dir='ltr'><strong>sustinuerunt,</strong></span> <span class='ocrx_word' id='word_1_544' title='bbox 3074 2320 3401 2381; x_wconf 85' lang='lat' dir='ltr'><strong>certamina,</strong></span> <span class='ocrx_word' id='word_1_545' title='bbox 3450 2336 3548 2390; x_wconf 88' lang='lat' dir='ltr'><strong>per</strong></span> 
     </span>
    </p>
   </div>
   <div class='ocr_carea' id='block_1_69' title="bbox 2001 2395 3546 2482">
    <p class='ocr_par' dir='ltr' id='par_1_69' title="bbox 2001 2395 3546 2482">
     <span class='ocr_line' id='line_1_69' title="bbox 2001 2395 3546 2482; baseline 0.003 -21"><span class='ocrx_word' id='word_1_546' title='bbox 2001 2409 2178 2478; x_wconf 86' lang='lat' dir='ltr'><strong>ignem</strong></span> <span class='ocrx_word' id='word_1_547' title='bbox 2223 2417 2276 2464; x_wconf 90' lang='lat' dir='ltr'><strong>et</strong></span> <span class='ocrx_word' id='word_1_548' title='bbox 2327 2424 2521 2479; x_wconf 88' lang='lat' dir='ltr'><strong>aquam</strong></span> <span class='ocrx_word' id='word_1_549' title='bbox 2569 2414 2929 2482; x_wconf 78' lang='lat' dir='ltr'><strong>transgressi,</strong></span> <span class='ocrx_word' id='word_1_550' title='bbox 2979 2414 3033 2464; x_wconf 92' lang='lat' dir='ltr'><strong>in</strong></span> <span class='ocrx_word' id='word_1_551' title='bbox 3076 2411 3419 2480; x_wconf 69' lang='lat' dir='ltr'><strong>refrigerium</strong></span> <span class='ocrx_word' id='word_1_552' title='bbox 3457 2395 3546 2465; x_wconf 87' lang='lat' dir='ltr'><strong>re-</strong></span> 
     </span>
    </p>
   </div>
   <div class='ocr_carea' id='block_1_70' title="bbox 2000 2499 3544 2571">
    <p class='ocr_par' dir='ltr' id='par_1_70' title="bbox 2000 2499 3544 2571">
     <span class='ocr_line' id='line_1_70' title="bbox 2000 2499 3544 2571; baseline 0.003 -18"><span class='ocrx_word' id='word_1_553' title='bbox 2000 2501 2140 2569; x_wconf 89' lang='lat' dir='ltr'><strong>cepti</strong></span> <span class='ocrx_word' id='word_1_554' title='bbox 2183 2509 2330 2555; x_wconf 86' lang='lat' dir='ltr'><strong>sunt.</strong></span> <span class='ocrx_word' id='word_1_555' title='bbox 2364 2499 2565 2556; x_wconf 89' lang='lat' dir='ltr'><strong>Deinde</strong></span> <span class='ocrx_word' id='word_1_556' title='bbox 2605 2503 2771 2571; x_wconf 88' lang='lat' dir='ltr'><strong>petita</strong></span> <span class='ocrx_word' id='word_1_557' title='bbox 2814 2504 2904 2556; x_wconf 90' lang='lat' dir='ltr'><strong>illa</strong></span> <span class='ocrx_word' id='word_1_558' title='bbox 2944 2503 3151 2557; x_wconf 62' lang='lat' dir='ltr'><strong>caelesti</strong></span> <span class='ocrx_word' id='word_1_559' title='bbox 3190 2516 3251 2555; x_wconf 89' lang='lat' dir='ltr'><strong>ac</strong></span> <span class='ocrx_word' id='word_1_560' title='bbox 3281 2518 3406 2556; x_wconf 85' lang='lat' dir='ltr'><strong>vera</strong></span> <span class='ocrx_word' id='word_1_561' title='bbox 3440 2502 3544 2557; x_wconf 75' lang='lat' dir='ltr'><strong>&#39;Dei</strong></span> 
     </span>
    </p>
   </div>
   <div class='ocr_carea' id='block_1_71' title="bbox 2000 2575 3542 2655">
    <p class='ocr_par' dir='ltr' id='par_1_71' title="bbox 2000 2575 3542 2655">
     <span class='ocr_line' id='line_1_71' title="bbox 2000 2575 3542 2655; baseline 0.002 -12"><span class='ocrx_word' id='word_1_562' title='bbox 2000 2590 2181 2655; x_wconf 89' lang='lat' dir='ltr'><strong>domo,</strong></span> <span class='ocrx_word' id='word_1_563' title='bbox 2214 2593 2365 2646; x_wconf 89' lang='lat' dir='ltr'><strong>aiunt</strong></span> <span class='ocrx_word' id='word_1_564' title='bbox 2398 2611 2410 2645; x_wconf 93' lang='lat'>:</span> <span class='ocrx_word' id='word_1_565' title='bbox 2449 2609 2467 2642; x_wconf 77' lang='grc' dir='ltr'><strong>ι</strong></span> <span class='ocrx_word' id='word_1_566' title='bbox 2501 2592 2810 2647; x_wconf 89' lang='lat' dir='ltr'><strong>lntroiboin</strong></span> <span class='ocrx_word' id='word_1_567' title='bbox 2844 2575 3060 2647; x_wconf 88' lang='lat' dir='ltr'><strong>domum</strong></span> <span class='ocrx_word' id='word_1_568' title='bbox 3096 2601 3244 2647; x_wconf 90' lang='lat' dir='ltr'><strong>tuam</strong></span> <span class='ocrx_word' id='word_1_569' title='bbox 3288 2595 3342 2646; x_wconf 90' lang='lat' dir='ltr'><strong>in</strong></span> <span class='ocrx_word' id='word_1_570' title='bbox 3389 2593 3542 2646; x_wconf 90' lang='lat' dir='ltr'><strong>holo-</strong></span> 
     </span>
    </p>
   </div>
   <div class='ocr_carea' id='block_1_72' title="bbox 1997 2679 3543 2757">
    <p class='ocr_par' dir='ltr' id='par_1_72' title="bbox 1997 2679 3543 2757">
     <span class='ocr_line' id='line_1_72' title="bbox 1997 2679 3543 2757; baseline 0.001 -22"><span class='ocrx_word' id='word_1_571' title='bbox 1997 2682 2220 2736; x_wconf 84' lang='lat' dir='ltr'><strong>caustis.</strong></span> <span class='ocrx_word' id='word_1_572' title='bbox 2261 2699 2281 2732; x_wconf 78' lang='grc'><strong>»</strong></span> <span class='ocrx_word' id='word_1_573' title='bbox 2337 2679 2530 2750; x_wconf 87' lang='lat' dir='ltr'><strong>Utpote</strong></span> <span class='ocrx_word' id='word_1_574' title='bbox 2576 2683 2720 2736; x_wconf 90' lang='lat' dir='ltr'><strong>enim</strong></span> <span class='ocrx_word' id='word_1_575' title='bbox 2764 2684 2854 2751; x_wconf 90' lang='lat' dir='ltr'><strong>qui</strong></span> <span class='ocrx_word' id='word_1_576' title='bbox 2905 2698 3000 2757; x_wconf 86' lang='lat' dir='ltr'><strong>per</strong></span> <span class='ocrx_word' id='word_1_577' title='bbox 3054 2686 3228 2754; x_wconf 89' lang='lat' dir='ltr'><strong>ignem</strong></span> <span class='ocrx_word' id='word_1_578' title='bbox 3260 2691 3312 2737; x_wconf 91' lang='lat' dir='ltr'><strong>et</strong></span> <span class='ocrx_word' id='word_1_579' title='bbox 3351 2698 3543 2752; x_wconf 90' lang='lat' dir='ltr'><strong>aquam</strong></span> 
     </span>
    </p>
   </div>
   <div class='ocr_carea' id='block_1_73' title="bbox 1997 2767 3556 2844">
    <p class='ocr_par' dir='ltr' id='par_1_73' title="bbox 1997 2767 3556 2844">
     <span class='ocr_line' id='line_1_73' title="bbox 1997 2767 3556 2844; baseline 0.004 -26"><span class='ocrx_word' id='word_1_580' title='bbox 1997 2767 2333 2844; x_wconf 85' lang='lat' dir='ltr'><strong>transierint,</strong></span> <span class='ocrx_word' id='word_1_581' title='bbox 2366 2767 2678 2841; x_wconf 79' lang='lat' dir='ltr'><strong>holocausta</strong></span> <span class='ocrx_word' id='word_1_582' title='bbox 2713 2784 2831 2836; x_wconf 85' lang='lat' dir='ltr'><strong>sua,</strong></span> <span class='ocrx_word' id='word_1_583' title='bbox 2858 2771 3012 2840; x_wconf 82' lang='lat' dir='ltr'><strong>queis</strong></span> <span class='ocrx_word' id='word_1_584' title='bbox 3044 2773 3361 2840; x_wconf 75' lang='lat' dir='ltr'><strong>martyrium</strong></span> <span class='ocrx_word' id='word_1_585' title='bbox 3393 2774 3556 2840; x_wconf 85' lang='lat' dir='ltr'><strong>passi-</strong></span> 
     </span>
    </p>
   </div>
   <div class='ocr_carea' id='block_1_74' title="bbox 1996 2856 3540 2924">
    <p class='ocr_par' dir='ltr' id='par_1_74' title="bbox 1996 2856 3540 2924">
     <span class='ocr_line' id='line_1_74' title="bbox 1996 2856 3540 2924; baseline 0.003 -14"><span class='ocrx_word' id='word_1_586' title='bbox 1996 2863 2121 2910; x_wconf 89' lang='lat' dir='ltr'><strong>sunt</strong></span> <span class='ocrx_word' id='word_1_587' title='bbox 2168 2856 2337 2910; x_wconf 90' lang='lat' dir='ltr'><strong>instar</strong></span> <span class='ocrx_word' id='word_1_588' title='bbox 2376 2856 2564 2913; x_wconf 70' lang='lat' dir='ltr'><strong>hostiae</strong></span> <span class='ocrx_word' id='word_1_589' title='bbox 2606 2860 2714 2914; x_wconf 93' lang='lat' dir='ltr'><strong>Deo</strong></span> <span class='ocrx_word' id='word_1_590' title='bbox 2743 2875 2843 2915; x_wconf 88' lang='lat' dir='ltr'><strong>suo</strong></span> <span class='ocrx_word' id='word_1_591' title='bbox 2863 2859 3116 2924; x_wconf 76' lang='lat' dir='ltr'><strong>oll&#39;erunt,</strong></span> <span class='ocrx_word' id='word_1_592' title='bbox 3149 2862 3318 2913; x_wconf 89' lang='lat' dir='ltr'><strong>multa</strong></span> <span class='ocrx_word' id='word_1_593' title='bbox 3364 2862 3447 2915; x_wconf 91' lang='lat' dir='ltr'><strong>usi</strong></span> <span class='ocrx_word' id='word_1_594' title='bbox 3482 2862 3540 2915; x_wconf 91' lang='lat' dir='ltr'><strong>in</strong></span> 
     </span>
    </p>
   </div>
   <div class='ocr_carea' id='block_1_75' title="bbox 1994 2945 3540 3021">
    <p class='ocr_par' dir='ltr' id='par_1_75' title="bbox 1994 2945 3540 3021">
     <span class='ocr_line' id='line_1_75' title="bbox 1994 2945 3540 3021; baseline 0.005 -23"><span class='ocrx_word' id='word_1_595' title='bbox 1994 2946 2244 3014; x_wconf 84' lang='lat' dir='ltr'><strong>precibus</strong></span> <span class='ocrx_word' id='word_1_596' title='bbox 2273 2945 2564 3003; x_wconf 84' lang='lat' dir='ltr'><strong>fundendis</strong></span> <span class='ocrx_word' id='word_1_597' title='bbox 2597 2949 2812 3004; x_wconf 85' lang='lat' dir='ltr'><strong>ﬁducia.</strong></span> <span class='ocrx_word' id='word_1_598' title='bbox 2844 2949 3085 3005; x_wconf 89' lang='lat' dir='ltr'><strong>Orabant</strong></span> <span class='ocrx_word' id='word_1_599' title='bbox 3119 2952 3317 3021; x_wconf 89' lang='lat' dir='ltr'><strong>quippe</strong></span> <span class='ocrx_word' id='word_1_600' title='bbox 3339 2959 3398 3004; x_wconf 91' lang='lat' dir='ltr'><strong>ut</strong></span> <span class='ocrx_word' id='word_1_601' title='bbox 3420 2966 3540 3006; x_wconf 90' lang='lat' dir='ltr'><strong>cer-</strong></span> 
     </span>
    </p>
   </div>
   <div class='ocr_carea' id='block_1_76' title="bbox 1946 3034 3538 3112">
    <p class='ocr_par' dir='ltr' id='par_1_76' title="bbox 1946 3034 3538 3112">
     <span class='ocr_line' id='line_1_76' title="bbox 1946 3034 3538 3112; baseline 0.006 -25"><span class='ocrx_word' id='word_1_602' title='bbox 1946 3034 1948 3038; x_wconf 76' lang='grc'><em>’</em></span> <span class='ocrx_word' id='word_1_603' title='bbox 1996 3036 2194 3089; x_wconf 82' lang='lat' dir='ltr'><strong>lamina</strong></span> <span class='ocrx_word' id='word_1_604' title='bbox 2215 3037 2448 3109; x_wconf 87' lang='lat' dir='ltr'><strong>inirent,</strong></span> <span class='ocrx_word' id='word_1_605' title='bbox 2476 3038 2576 3092; x_wconf 91' lang='lat' dir='ltr'><strong>hac</strong></span> <span class='ocrx_word' id='word_1_606' title='bbox 2615 3040 2738 3092; x_wconf 90' lang='lat' dir='ltr'><strong>data</strong></span> <span class='ocrx_word' id='word_1_607' title='bbox 2764 3041 3146 3108; x_wconf 75' lang='lat' dir='ltr'><strong>promissione,</strong></span> <span class='ocrx_word' id='word_1_608' title='bbox 3191 3057 3248 3097; x_wconf 88' lang='lat' dir='ltr'><strong>se</strong></span> <span class='ocrx_word' id='word_1_609' title='bbox 3273 3057 3442 3112; x_wconf 78' lang='lat' dir='ltr'><strong>usque</strong></span> <span class='ocrx_word' id='word_1_610' title='bbox 3470 3043 3538 3096; x_wconf 87' lang='lat' dir='ltr'><strong>ad</strong></span> 
     </span>
    </p>
   </div>
   <div class='ocr_carea' id='block_1_77' title="bbox 1993 3130 3542 3205">
    <p class='ocr_par' dir='ltr' id='par_1_77' title="bbox 1993 3130 3542 3205">
     <span class='ocr_line' id='line_1_77' title="bbox 1993 3130 3542 3205; baseline 0.006 -25"><span class='ocrx_word' id='word_1_611' title='bbox 1993 3135 2216 3180; x_wconf 91' lang='lat' dir='ltr'><strong>mortem</strong></span> <span class='ocrx_word' id='word_1_612' title='bbox 2237 3131 2351 3197; x_wconf 86' lang='lat' dir='ltr'><strong>pro</strong></span> <span class='ocrx_word' id='word_1_613' title='bbox 2379 3130 2576 3198; x_wconf 85' lang='lat' dir='ltr'><strong>pietate</strong></span> <span class='ocrx_word' id='word_1_614' title='bbox 2606 3137 2928 3187; x_wconf 88' lang='lat' dir='ltr'><strong>certaturos.</strong></span> <span class='ocrx_word' id='word_1_615' title='bbox 2955 3130 3161 3202; x_wconf 85' lang='lat' dir='ltr'><strong>Utpote</strong></span> <span class='ocrx_word' id='word_1_616' title='bbox 3187 3149 3316 3188; x_wconf 80' lang='lat' dir='ltr'><strong>vero</strong></span> <span class='ocrx_word' id='word_1_617' title='bbox 3333 3149 3391 3189; x_wconf 92' lang='lat' dir='ltr'><strong>re</strong></span> <span class='ocrx_word' id='word_1_618' title='bbox 3407 3135 3542 3205; x_wconf 80' lang='lat' dir='ltr'><strong>bene</strong></span> 
     </span>
    </p>
   </div>
   <div class='ocr_carea' id='block_1_78' title="bbox 1992 3216 3139 3290">
    <p class='ocr_par' dir='ltr' id='par_1_78' title="bbox 1992 3216 3139 3290">
     <span class='ocr_line' id='line_1_78' title="bbox 1992 3216 3139 3290; baseline 0.006 -19"><span class='ocrx_word' id='word_1_619' title='bbox 1992 3227 2140 3287; x_wconf 86' lang='lat' dir='ltr'><strong>gesta</strong></span> <span class='ocrx_word' id='word_1_620' title='bbox 2170 3233 2268 3286; x_wconf 91' lang='lat' dir='ltr'><strong>pro</strong></span> <span class='ocrx_word' id='word_1_621' title='bbox 2297 3234 2401 3289; x_wconf 89' lang='lat' dir='ltr'><strong>qua</strong></span> <span class='ocrx_word' id='word_1_622' title='bbox 2429 3222 2630 3290; x_wconf 87' lang='lat' dir='ltr'><strong>precati</strong></span> <span class='ocrx_word' id='word_1_623' title='bbox 2659 3216 2894 3286; x_wconf 77' lang='lat' dir='ltr'><strong>fuerant,</strong></span> <span class='ocrx_word' id='word_1_624' title='bbox 2920 3222 3139 3278; x_wconf 87' lang='lat' dir='ltr'><strong>dicunt:</strong></span> 
     </span>
    </p>
   </div>
   <div class='ocr_carea' id='block_1_79' title="bbox 2061 3417 3535 3494">
    <p class='ocr_par' dir='ltr' id='par_1_79' title="bbox 2061 3417 3535 3494">
     <span class='ocr_line' id='line_1_79' title="bbox 2061 3417 3535 3494; baseline 0.007 -24"><span class='ocrx_word' id='word_1_625' title='bbox 2061 3417 2225 3476; x_wconf 74' lang='lat' dir='ltr'><strong>Vens.</strong></span> <span class='ocrx_word' id='word_1_626' title='bbox 2261 3419 2346 3484; x_wconf 76' lang='grc'><strong>14,</strong></span> <span class='ocrx_word' id='word_1_627' title='bbox 2391 3420 2474 3475; x_wconf 80' lang='grc'><strong>15.</strong></span> <span class='ocrx_word' id='word_1_628' title='bbox 2506 3438 2524 3471; x_wconf 82' lang='grc' dir='ltr'><strong>ι</strong></span> <span class='ocrx_word' id='word_1_629' title='bbox 2558 3419 2796 3476; x_wconf 80' lang='lat' dir='ltr'><strong>Reddam</strong></span> <span class='ocrx_word' id='word_1_630' title='bbox 2827 3419 2925 3476; x_wconf 88' lang='lat' dir='ltr'><strong>tibi</strong></span> <span class='ocrx_word' id='word_1_631' title='bbox 2955 3430 3079 3477; x_wconf 76' lang='lat' dir='ltr'><strong>vota</strong></span> <span class='ocrx_word' id='word_1_632' title='bbox 3100 3423 3239 3489; x_wconf 81' lang='lat' dir='ltr'><strong>mea,</strong></span> <span class='ocrx_word' id='word_1_633' title='bbox 3269 3441 3387 3494; x_wconf 67' lang='lat' dir='ltr'><strong>quae</strong></span> <span class='ocrx_word' id='word_1_634' title='bbox 3419 3427 3535 3481; x_wconf 72' lang='lat' dir='ltr'><strong>dis-</strong></span> 
     </span>
    </p>
   </div>
   <div class='ocr_carea' id='block_1_80' title="bbox 1988 3510 3534 3568">
    <p class='ocr_par' dir='ltr' id='par_1_80' title="bbox 1988 3510 3534 3568">
     <span class='ocr_line' id='line_1_80' title="bbox 1988 3510 3534 3568; baseline 0.005 -8"><span class='ocrx_word' id='word_1_635' title='bbox 1988 3510 2262 3564; x_wconf 79' lang='lat' dir='ltr'><strong>tinxerunt</strong></span> <span class='ocrx_word' id='word_1_636' title='bbox 2301 3510 2448 3564; x_wconf 81' lang='lat' dir='ltr'><strong>labia</strong></span> <span class='ocrx_word' id='word_1_637' title='bbox 2489 3525 2640 3565; x_wconf 80' lang='lat' dir='ltr'><strong>mea:</strong></span> <span class='ocrx_word' id='word_1_638' title='bbox 2672 3519 2724 3567; x_wconf 93' lang='lat' dir='ltr'><strong>et</strong></span> <span class='ocrx_word' id='word_1_639' title='bbox 2763 3511 3003 3566; x_wconf 90' lang='lat' dir='ltr'><strong>locutum</strong></span> <span class='ocrx_word' id='word_1_640' title='bbox 3033 3520 3117 3568; x_wconf 89' lang='lat' dir='ltr'><strong>est</strong></span> <span class='ocrx_word' id='word_1_641' title='bbox 3164 3528 3227 3568; x_wconf 88' lang='lat' dir='ltr'><strong>os</strong></span> <span class='ocrx_word' id='word_1_642' title='bbox 3274 3529 3453 3568; x_wconf 89' lang='lat' dir='ltr'><strong>meum</strong></span> <span class='ocrx_word' id='word_1_643' title='bbox 3478 3516 3534 3568; x_wconf 90' lang='lat' dir='ltr'><strong>in</strong></span> 
     </span>
    </p>
   </div>
   <div class='ocr_carea' id='block_1_81' title="bbox 1991 3599 3654 3672">
    <p class='ocr_par' dir='ltr' id='par_1_81' title="bbox 1991 3599 3654 3672">
     <span class='ocr_line' id='line_1_81' title="bbox 1991 3599 3654 3672; baseline 0.002 -22"><span class='ocrx_word' id='word_1_644' title='bbox 1991 3599 2335 3654; x_wconf 85' lang='lat' dir='ltr'><strong>tribulatione</strong></span> <span class='ocrx_word' id='word_1_645' title='bbox 2382 3616 2552 3655; x_wconf 65' lang='lat' dir='ltr'><strong>mea.»</strong></span> <span class='ocrx_word' id='word_1_646' title='bbox 2595 3600 2652 3655; x_wconf 92' lang='lat' dir='ltr'><strong>ln</strong></span> <span class='ocrx_word' id='word_1_647' title='bbox 2705 3601 2840 3672; x_wconf 87' lang='lat' dir='ltr'><strong>ipsis</strong></span> <span class='ocrx_word' id='word_1_648' title='bbox 2892 3617 3129 3672; x_wconf 86' lang='lat' dir='ltr'><strong>namque</strong></span> <span class='ocrx_word' id='word_1_649' title='bbox 3176 3602 3542 3656; x_wconf 77' lang='lat' dir='ltr'><strong>tribulationi-&#39;</strong></span> <span class='ocrx_word' id='word_1_650' title='bbox 3645 3646 3654 3653; x_wconf 44' lang='grc' dir='ltr'>ς</span> 
     </span>
    </p>
   </div>
   <div class='ocr_carea' id='block_1_82' title="bbox 1988 3673 3535 3762">
    <p class='ocr_par' dir='ltr' id='par_1_82' title="bbox 1988 3673 3535 3762">
     <span class='ocr_line' id='line_1_82' title="bbox 1988 3673 3535 3762; baseline 0.003 -22"><span class='ocrx_word' id='word_1_651' title='bbox 1988 3687 2110 3751; x_wconf 85' lang='lat' dir='ltr'><strong>bus,</strong></span> <span class='ocrx_word' id='word_1_652' title='bbox 2145 3688 2211 3742; x_wconf 93' lang='lat' dir='ltr'><strong>de</strong></span> <span class='ocrx_word' id='word_1_653' title='bbox 2232 3673 2428 3762; x_wconf 78' lang='lat' dir='ltr'><strong>quibus</strong></span> <span class='ocrx_word' id='word_1_654' title='bbox 2461 3705 2623 3759; x_wconf 88' lang='lat' dir='ltr'><strong>supra</strong></span> <span class='ocrx_word' id='word_1_655' title='bbox 2657 3692 2948 3746; x_wconf 85' lang='lat' dir='ltr'><strong>dicebant:</strong></span> <span class='ocrx_word' id='word_1_656' title='bbox 2988 3710 3005 3754; x_wconf 73' lang='grc' dir='ltr'><strong>ι</strong></span> <span class='ocrx_word' id='word_1_657' title='bbox 3039 3691 3273 3746; x_wconf 88' lang='lat' dir='ltr'><strong>Posuisti</strong></span> <span class='ocrx_word' id='word_1_658' title='bbox 3305 3685 3535 3745; x_wconf 76' lang='lat' dir='ltr'><strong>tribula-</strong></span> 
     </span>
    </p>
   </div>
   <div class='ocr_carea' id='block_1_83' title="bbox 1983 3778 3527 3852">
    <p class='ocr_par' dir='ltr' id='par_1_83' title="bbox 1983 3778 3527 3852">
     <span class='ocr_line' id='line_1_83' title="bbox 1983 3778 3527 3852; baseline 0.005 -24"><span class='ocrx_word' id='word_1_659' title='bbox 1983 3778 2164 3848; x_wconf 89' lang='lat' dir='ltr'><strong>tiones</strong></span> <span class='ocrx_word' id='word_1_660' title='bbox 2216 3781 2269 3833; x_wconf 92' lang='lat' dir='ltr'><strong>in</strong></span> <span class='ocrx_word' id='word_1_661' title='bbox 2324 3781 2490 3836; x_wconf 92' lang='lat' dir='ltr'><strong>dorso</strong></span> <span class='ocrx_word' id='word_1_662' title='bbox 2539 3789 2782 3844; x_wconf 67' lang='lat' dir='ltr'><strong>nostro,»</strong></span> <span class='ocrx_word' id='word_1_663' title='bbox 2839 3781 3132 3851; x_wconf 82' lang='lat' dir='ltr'><strong>perfectam</strong></span> <span class='ocrx_word' id='word_1_664' title='bbox 3163 3793 3217 3836; x_wconf 90' lang='lat' dir='ltr'><strong>et</strong></span> <span class='ocrx_word' id='word_1_665' title='bbox 3262 3783 3527 3852; x_wconf 79' lang='lat' dir='ltr'><strong>integram</strong></span> 
     </span>
    </p>
   </div>
   <div class='ocr_carea' id='block_1_84' title="bbox 1986 3868 3532 3943">
    <p class='ocr_par' dir='ltr' id='par_1_84' title="bbox 1986 3868 3532 3943">
     <span class='ocr_line' id='line_1_84' title="bbox 1986 3868 3532 3943; baseline 0.004 -21"><span class='ocrx_word' id='word_1_666' title='bbox 1986 3884 2111 3943; x_wconf 73' lang='lat' dir='ltr'><strong>erga</strong></span> <span class='ocrx_word' id='word_1_667' title='bbox 2143 3868 2307 3924; x_wconf 88' lang='lat' dir='ltr'><strong>Deum</strong></span> <span class='ocrx_word' id='word_1_668' title='bbox 2334 3872 2654 3926; x_wconf 87' lang='lat' dir='ltr'><strong>charitatem</strong></span> <span class='ocrx_word' id='word_1_669' title='bbox 2687 3872 3025 3938; x_wconf 82' lang='lat' dir='ltr'><strong>exhibentes,</strong></span> <span class='ocrx_word' id='word_1_670' title='bbox 3059 3888 3245 3941; x_wconf 88' lang='lat' dir='ltr'><strong>preces</strong></span> <span class='ocrx_word' id='word_1_671' title='bbox 3290 3873 3532 3928; x_wconf 79' lang='lat' dir='ltr'><strong>effunde-</strong></span> 
     </span>
    </p>
   </div>
   <div class='ocr_carea' id='block_1_85' title="bbox 1987 3965 3533 4037">
    <p class='ocr_par' dir='ltr' id='par_1_85' title="bbox 1987 3965 3533 4037">
     <span class='ocr_line' id='line_1_85' title="bbox 1987 3965 3533 4037; baseline 0.002 -17"><span class='ocrx_word' id='word_1_672' title='bbox 1987 3968 2116 4020; x_wconf 87' lang='lat' dir='ltr'><strong>bant</strong></span> <span class='ocrx_word' id='word_1_673' title='bbox 2151 3979 2204 4020; x_wconf 87' lang='lat' dir='ltr'><strong>et</strong></span> <span class='ocrx_word' id='word_1_674' title='bbox 2230 3967 2498 4034; x_wconf 87' lang='lat' dir='ltr'><strong>promissa</strong></span> <span class='ocrx_word' id='word_1_675' title='bbox 2527 3967 2748 4028; x_wconf 88' lang='lat' dir='ltr'><strong>dabant,</strong></span> <span class='ocrx_word' id='word_1_676' title='bbox 2784 3982 2841 4022; x_wconf 88' lang='lat' dir='ltr'><strong>se</strong></span> <span class='ocrx_word' id='word_1_677' title='bbox 2870 3965 2937 4019; x_wconf 87' lang='lat' dir='ltr'><strong>ad</strong></span> <span class='ocrx_word' id='word_1_678' title='bbox 2966 3975 3189 4021; x_wconf 88' lang='lat' dir='ltr'><strong>mortem</strong></span> <span class='ocrx_word' id='word_1_679' title='bbox 3219 3983 3391 4036; x_wconf 89' lang='lat' dir='ltr'><strong>usque</strong></span> <span class='ocrx_word' id='word_1_680' title='bbox 3419 3967 3533 4037; x_wconf 80' lang='lat' dir='ltr'><strong>per-</strong></span> 
     </span>
    </p>
   </div>
   <div class='ocr_carea' id='block_1_86' title="bbox 1986 4060 3526 4122">
    <p class='ocr_par' dir='ltr' id='par_1_86' title="bbox 1986 4060 3526 4122">
     <span class='ocr_line' id='line_1_86' title="bbox 1986 4060 3526 4122; baseline 0.003 -10"><span class='ocrx_word' id='word_1_681' title='bbox 1986 4063 2353 4122; x_wconf 86' lang='lat' dir='ltr'><strong>severaturos,</strong></span> <span class='ocrx_word' id='word_1_682' title='bbox 2402 4065 2610 4112; x_wconf 89' lang='lat' dir='ltr'><strong>tantum</strong></span> <span class='ocrx_word' id='word_1_683' title='bbox 2679 4075 2785 4113; x_wconf 88' lang='lat' dir='ltr'><strong>non</strong></span> <span class='ocrx_word' id='word_1_684' title='bbox 2835 4061 3106 4120; x_wconf 68' lang='lat' dir='ltr'><strong>dicentes</strong></span> <span class='ocrx_word' id='word_1_685' title='bbox 3144 4077 3266 4114; x_wconf 92' lang='lat' dir='ltr'><strong>cum</strong></span> <span class='ocrx_word' id='word_1_686' title='bbox 3326 4060 3526 4117; x_wconf 88' lang='lat' dir='ltr'><strong>Paulo:</strong></span> 
     </span>
    </p>
   </div>
   <div class='ocr_carea' id='block_1_87' title="bbox 1991 4134 3530 4218">
    <p class='ocr_par' dir='ltr' id='par_1_87' title="bbox 1991 4134 3530 4218">
     <span class='ocr_line' id='line_1_87' title="bbox 1991 4134 3530 4218; baseline 0.006 -21"><span class='ocrx_word' id='word_1_687' title='bbox 1991 4165 2007 4197; x_wconf 74' lang='grc' dir='ltr'><strong>ι</strong></span> <span class='ocrx_word' id='word_1_688' title='bbox 2031 4145 2165 4212; x_wconf 86' lang='lat' dir='ltr'><strong>Quis</strong></span> <span class='ocrx_word' id='word_1_689' title='bbox 2186 4163 2287 4202; x_wconf 88' lang='lat' dir='ltr'><strong>nos</strong></span> <span class='ocrx_word' id='word_1_690' title='bbox 2319 4134 2593 4218; x_wconf 82' lang='lat' dir='ltr'><strong>separabit</strong></span> <span class='ocrx_word' id='word_1_691' title='bbox 2620 4165 2648 4203; x_wconf 94' lang='lat' dir='ltr'><strong>a</strong></span> <span class='ocrx_word' id='word_1_692' title='bbox 2681 4151 2946 4206; x_wconf 86' lang='lat' dir='ltr'><strong>charitate</strong></span> <span class='ocrx_word' id='word_1_693' title='bbox 2979 4151 3108 4205; x_wconf 83' lang='lat' dir='ltr'><strong>Dei?</strong></span> <span class='ocrx_word' id='word_1_694' title='bbox 3130 4151 3426 4213; x_wconf 87' lang='lat' dir='ltr'><strong>tribulatio,</strong></span> <span class='ocrx_word' id='word_1_695' title='bbox 3461 4138 3530 4206; x_wconf 82' lang='lat' dir='ltr'><strong>an</strong></span> 
     </span>
    </p>
   </div>
   <div class='ocr_carea' id='block_1_88' title="bbox 1984 4237 3527 4307">
    <p class='ocr_par' dir='ltr' id='par_1_88' title="bbox 1984 4237 3527 4307">
     <span class='ocr_line' id='line_1_88' title="bbox 1984 4237 3527 4307; baseline 0.003 -18"><span class='ocrx_word' id='word_1_696' title='bbox 1984 4237 2254 4306; x_wconf 75' lang='lat' dir='ltr'><strong>angustia,</strong></span> <span class='ocrx_word' id='word_1_697' title='bbox 2283 4253 2351 4291; x_wconf 91' lang='lat' dir='ltr'><strong>an</strong></span> <span class='ocrx_word' id='word_1_698' title='bbox 2381 4241 2705 4307; x_wconf 86' lang='lat' dir='ltr'><strong>persecutio,</strong></span> <span class='ocrx_word' id='word_1_699' title='bbox 2743 4256 2812 4293; x_wconf 90' lang='lat' dir='ltr'><strong>an</strong></span> <span class='ocrx_word' id='word_1_700' title='bbox 2859 4241 3050 4305; x_wconf 82' lang='lat' dir='ltr'><strong>fames,</strong></span> <span class='ocrx_word' id='word_1_701' title='bbox 3084 4256 3152 4293; x_wconf 89' lang='lat' dir='ltr'><strong>an</strong></span> <span class='ocrx_word' id='word_1_702' title='bbox 3184 4239 3424 4301; x_wconf 85' lang='lat' dir='ltr'><strong>nuditas,</strong></span> <span class='ocrx_word' id='word_1_703' title='bbox 3458 4244 3527 4293; x_wconf 86' lang='lat' dir='ltr'><strong>an</strong></span> 
     </span>
    </p>
   </div>
   <div class='ocr_carea' id='block_1_89' title="bbox 1983 4322 3527 4399">
    <p class='ocr_par' dir='ltr' id='par_1_89' title="bbox 1983 4322 3527 4399">
     <span class='ocr_line' id='line_1_89' title="bbox 1983 4322 3527 4399; baseline 0.003 -19"><span class='ocrx_word' id='word_1_704' title='bbox 1983 4328 2281 4396; x_wconf 89' lang='lat' dir='ltr'><strong>periculum</strong></span> <span class='ocrx_word' id='word_1_705' title='bbox 2304 4322 2388 4382; x_wconf 72' lang='lat'><strong>7‘?</strong></span> <span class='ocrx_word' id='word_1_706' title='bbox 2414 4348 2434 4380; x_wconf 72' lang='grc' dir='ltr'><strong>ι</strong></span> <span class='ocrx_word' id='word_1_707' title='bbox 2470 4337 2557 4384; x_wconf 91' lang='lat' dir='ltr'><strong>et:</strong></span> <span class='ocrx_word' id='word_1_708' title='bbox 2589 4348 2607 4380; x_wconf 86' lang='grc'><em>‹</em></span> <span class='ocrx_word' id='word_1_709' title='bbox 2630 4329 2822 4385; x_wconf 88' lang='lat' dir='ltr'><strong>Certus</strong></span> <span class='ocrx_word' id='word_1_710' title='bbox 2853 4346 2972 4386; x_wconf 82' lang='lat' dir='ltr'><strong>sum</strong></span> <span class='ocrx_word' id='word_1_711' title='bbox 2995 4332 3158 4394; x_wconf 88' lang='lat' dir='ltr'><strong>enim,</strong></span> <span class='ocrx_word' id='word_1_712' title='bbox 3192 4330 3333 4399; x_wconf 90' lang='lat' dir='ltr'><strong>quod</strong></span> <span class='ocrx_word' id='word_1_713' title='bbox 3354 4345 3527 4398; x_wconf 88' lang='lat' dir='ltr'><strong>neque</strong></span> 
     </span>
    </p>
   </div>
   <div class='ocr_carea' id='block_1_90' title="bbox 1983 4417 3525 4492">
    <p class='ocr_par' dir='ltr' id='par_1_90' title="bbox 1983 4417 3525 4492">
     <span class='ocr_line' id='line_1_90' title="bbox 1983 4417 3525 4492; baseline 0.001 -23"><span class='ocrx_word' id='word_1_714' title='bbox 1983 4431 2150 4481; x_wconf 90' lang='lat' dir='ltr'><strong>mors,</strong></span> <span class='ocrx_word' id='word_1_715' title='bbox 2191 4431 2369 4488; x_wconf 89' lang='lat' dir='ltr'><strong>neque</strong></span> <span class='ocrx_word' id='word_1_716' title='bbox 2395 4417 2526 4483; x_wconf 85' lang='lat' dir='ltr'><strong>vita,</strong></span> <span class='ocrx_word' id='word_1_717' title='bbox 2558 4434 2733 4486; x_wconf 91' lang='lat' dir='ltr'><strong>neque</strong></span> <span class='ocrx_word' id='word_1_718' title='bbox 2776 4419 3080 4486; x_wconf 66' lang='lat' dir='ltr'><strong>praesentia,</strong></span> <span class='ocrx_word' id='word_1_719' title='bbox 3118 4433 3291 4487; x_wconf 89' lang='lat' dir='ltr'><strong>neque</strong></span> <span class='ocrx_word' id='word_1_720' title='bbox 3339 4417 3525 4492; x_wconf 83' lang='lat' dir='ltr'><strong>futura</strong></span> 
     </span>
    </p>
   </div>
   <div class='ocr_carea' id='block_1_91' title="bbox 1982 4495 3524 4585">
    <p class='ocr_par' dir='ltr' id='par_1_91' title="bbox 1982 4495 3524 4585">
     <span class='ocr_line' id='line_1_91' title="bbox 1982 4495 3524 4585; baseline 0.001 -26"><span class='ocrx_word' id='word_1_721' title='bbox 1982 4513 2238 4585; x_wconf 73' lang='lat' dir='ltr'><strong>poterunt</strong></span> <span class='ocrx_word' id='word_1_722' title='bbox 2260 4521 2360 4562; x_wconf 86' lang='lat' dir='ltr'><strong>nos</strong></span> <span class='ocrx_word' id='word_1_723' title='bbox 2388 4523 2641 4577; x_wconf 86' lang='lat' dir='ltr'><strong>separare</strong></span> <span class='ocrx_word' id='word_1_724' title='bbox 2667 4522 2696 4559; x_wconf 90' lang='lat' dir='ltr'><strong>a</strong></span> <span class='ocrx_word' id='word_1_725' title='bbox 2728 4506 2992 4561; x_wconf 88' lang='lat' dir='ltr'><strong>charitate</strong></span> <span class='ocrx_word' id='word_1_726' title='bbox 3017 4505 3132 4570; x_wconf 91' lang='lat' dir='ltr'><strong>Dei,</strong></span> <span class='ocrx_word' id='word_1_727' title='bbox 3181 4495 3300 4577; x_wconf 74' lang='lat' dir='ltr'><strong>qua:</strong></span> <span class='ocrx_word' id='word_1_728' title='bbox 3327 4515 3427 4562; x_wconf 86' lang='lat' dir='ltr'><strong>est</strong></span> <span class='ocrx_word' id='word_1_729' title='bbox 3468 4509 3524 4560; x_wconf 90' lang='lat' dir='ltr'><strong>in</strong></span> 
     </span>
    </p>
   </div>
   <div class='ocr_carea' id='block_1_92' title="bbox 1978 4595 3518 4661">
    <p class='ocr_par' dir='ltr' id='par_1_92' title="bbox 1978 4595 3518 4661">
     <span class='ocr_line' id='line_1_92' title="bbox 1978 4595 3518 4661; baseline -0.001 -11"><span class='ocrx_word' id='word_1_730' title='bbox 1978 4596 2197 4652; x_wconf 88' lang='lat' dir='ltr'><strong>Christo</strong></span> <span class='ocrx_word' id='word_1_731' title='bbox 2223 4595 2476 4653; x_wconf 70' lang='lat' dir='ltr'><strong>Jesu&quot;.i</strong></span> <span class='ocrx_word' id='word_1_732' title='bbox 2514 4597 2636 4652; x_wconf 66' lang='lat' dir='ltr'><strong>Haec</strong></span> <span class='ocrx_word' id='word_1_733' title='bbox 2670 4613 2728 4655; x_wconf 78' lang='lat' dir='ltr'><strong>se</strong></span> <span class='ocrx_word' id='word_1_734' title='bbox 2749 4607 2871 4651; x_wconf 85' lang='lat' dir='ltr'><strong>vota</strong></span> <span class='ocrx_word' id='word_1_735' title='bbox 2905 4598 3012 4652; x_wconf 89' lang='lat' dir='ltr'><strong>Deo</strong></span> <span class='ocrx_word' id='word_1_736' title='bbox 3063 4598 3365 4654; x_wconf 88' lang='lat' dir='ltr'><strong>reddidisse</strong></span> <span class='ocrx_word' id='word_1_737' title='bbox 3420 4599 3518 4661; x_wconf 86' lang='lat' dir='ltr'><strong>ait,</strong></span> 
     </span>
    </p>
   </div>
   <div class='ocr_carea' id='block_1_93' title="bbox 331 4682 1962 4764">
    <p class='ocr_par' dir='ltr' id='par_1_93' title="bbox 331 4682 1956 4764">
     <span class='ocr_line' id='line_1_93' title="bbox 331 4682 1956 4764; baseline 0.002 -31"><span class='ocrx_word' id='word_1_738' title='bbox 331 4682 391 4733; x_wconf 83' lang='grc' dir='ltr'><strong>τὸ</strong></span> <span class='ocrx_word' id='word_1_739' title='bbox 420 4682 589 4753; x_wconf 82' lang='grc' dir='ltr'>στόμα</span> <span class='ocrx_word' id='word_1_740' title='bbox 619 4682 794 4737; x_wconf 80' lang='grc' dir='ltr'>αὐτῶν</span> <span class='ocrx_word' id='word_1_741' title='bbox 825 4687 883 4737; x_wconf 80' lang='grc' dir='ltr'>ὲν</span> <span class='ocrx_word' id='word_1_742' title='bbox 909 4686 974 4754; x_wconf 80' lang='grc' dir='ltr'>τῇ</span> <span class='ocrx_word' id='word_1_743' title='bbox 1006 4683 1176 4753; x_wconf 78' lang='grc' dir='ltr'>θλίψει</span> <span class='ocrx_word' id='word_1_744' title='bbox 1208 4686 1402 4739; x_wconf 80' lang='grc' dir='ltr'>αὐτῶν.</span> <span class='ocrx_word' id='word_1_745' title='bbox 1435 4687 1542 4740; x_wconf 77' lang='lat' dir='ltr'><strong>Kal</strong></span> <span class='ocrx_word' id='word_1_746' title='bbox 1568 4683 1785 4738; x_wconf 88' lang='grc' dir='ltr'>τοιαῦτά</span> <span class='ocrx_word' id='word_1_747' title='bbox 1814 4701 1877 4751; x_wconf 89' lang='grc' dir='ltr'><strong>γε</strong></span> <span class='ocrx_word' id='word_1_748' title='bbox 1911 4695 1956 4764; x_wconf 77' lang='grc' dir='ltr'><strong>ι)</strong></span> 
     </span>
    </p>
   </div>
   <div class='ocr_carea' id='block_1_94' title="bbox 1991 4682 3516 4764">
    <p class='ocr_par' dir='ltr' id='par_1_94' title="bbox 1991 4687 3516 4757">
     <span class='ocr_line' id='line_1_94' title="bbox 1991 4687 3516 4757; baseline -0.001 -17"><span class='ocrx_word' id='word_1_749' title='bbox 1991 4703 2103 4757; x_wconf 64' lang='lat' dir='ltr'><strong>quae</strong></span> <span class='ocrx_word' id='word_1_750' title='bbox 2131 4687 2496 4753; x_wconf 82' lang='lat' dir='ltr'><strong>distinxerunt</strong></span> <span class='ocrx_word' id='word_1_751' title='bbox 2523 4687 2666 4740; x_wconf 88' lang='lat' dir='ltr'><strong>labia</strong></span> <span class='ocrx_word' id='word_1_752' title='bbox 2703 4697 2824 4751; x_wconf 84' lang='lat' dir='ltr'><strong>sua,</strong></span> <span class='ocrx_word' id='word_1_753' title='bbox 2856 4695 2909 4742; x_wconf 91' lang='lat' dir='ltr'><strong>et</strong></span> <span class='ocrx_word' id='word_1_754' title='bbox 2955 4689 3191 4742; x_wconf 91' lang='lat' dir='ltr'><strong>locutum</strong></span> <span class='ocrx_word' id='word_1_755' title='bbox 3219 4696 3304 4743; x_wconf 89' lang='lat' dir='ltr'><strong>est</strong></span> <span class='ocrx_word' id='word_1_756' title='bbox 3332 4702 3392 4742; x_wconf 87' lang='lat' dir='ltr'><strong>os</strong></span> <span class='ocrx_word' id='word_1_757' title='bbox 3420 4701 3516 4740; x_wconf 83' lang='lat' dir='ltr'><strong>eo-</strong></span> 
     </span>
    </p>
   </div>
   <div class='ocr_carea' id='block_1_95' title="bbox 329 4766 1873 4846">
    <p class='ocr_par' dir='ltr' id='par_1_95' title="bbox 329 4766 1873 4846">
     <span class='ocr_line' id='line_1_95' title="bbox 329 4766 1873 4846; baseline 0.003 -24"><span class='ocrx_word' id='word_1_758' title='bbox 329 4766 396 4841; x_wconf 81' lang='grc' dir='ltr'>ἦν</span> <span class='ocrx_word' id='word_1_759' title='bbox 423 4791 440 4823; x_wconf 75' lang='grc' dir='ltr'><strong>ι</strong></span> <span class='ocrx_word' id='word_1_760' title='bbox 462 4772 530 4835; x_wconf 76' lang='grc' dir='ltr'>τὰ</span> <span class='ocrx_word' id='word_1_761' title='bbox 553 4772 972 4844; x_wconf 83' lang='grc' dir='ltr'>ὁλοκαυτώματα</span> <span class='ocrx_word' id='word_1_762' title='bbox 989 4793 1007 4825; x_wconf 70' lang='grc' dir='ltr'><strong>ι</strong></span> <span class='ocrx_word' id='word_1_763' title='bbox 1035 4774 1210 4827; x_wconf 83' lang='grc' dir='ltr'>αὐτῶν</span> <span class='ocrx_word' id='word_1_764' title='bbox 1235 4793 1254 4825; x_wconf 76' lang='grc' dir='ltr'><strong>ι</strong></span> <span class='ocrx_word' id='word_1_765' title='bbox 1279 4775 1676 4846; x_wconf 85' lang='grc' dir='ltr'>μεμυαλωμένα</span> <span class='ocrx_word' id='word_1_766' title='bbox 1697 4793 1714 4824; x_wconf 73' lang='grc' dir='ltr'><strong>ι</strong></span> <span class='ocrx_word' id='word_1_767' title='bbox 1749 4774 1873 4844; x_wconf 86' lang='grc' dir='ltr'>ἁλη-</span> 
     </span>
    </p>
   </div>
   <div class='ocr_carea' id='block_1_96' title="bbox 331 4860 1875 4933">
    <p class='ocr_par' dir='ltr' id='par_1_96' title="bbox 331 4860 1875 4933">
     <span class='ocr_line' id='line_1_96' title="bbox 331 4860 1875 4933; baseline 0.002 -21"><span class='ocrx_word' id='word_1_768' title='bbox 331 4860 457 4924; x_wconf 89' lang='grc' dir='ltr'>θῶς.</span> <span class='ocrx_word' id='word_1_769' title='bbox 513 4861 580 4913; x_wconf 81' lang='grc' dir='ltr'><strong>Αἱ</strong></span> <span class='ocrx_word' id='word_1_770' title='bbox 628 4861 756 4929; x_wconf 89' lang='grc' dir='ltr'>γοῦν</span> <span class='ocrx_word' id='word_1_771' title='bbox 800 4862 967 4932; x_wconf 77' lang='grc' dir='ltr'>ψυχαὶ</span> <span class='ocrx_word' id='word_1_772' title='bbox 1007 4862 1182 4916; x_wconf 86' lang='grc' dir='ltr'>αὐτῶν</span> <span class='ocrx_word' id='word_1_773' title='bbox 1205 4901 1220 4924; x_wconf 93' lang='grc'><strong>,</strong></span> <span class='ocrx_word' id='word_1_774' title='bbox 1255 4862 1512 4933; x_wconf 86' lang='grc' dir='ltr'>φέρουσαι</span> <span class='ocrx_word' id='word_1_775' title='bbox 1544 4863 1604 4915; x_wconf 82' lang='grc' dir='ltr'><strong>τὸ</strong></span> <span class='ocrx_word' id='word_1_776' title='bbox 1636 4864 1752 4913; x_wconf 90' lang='grc' dir='ltr'>πῖον</span> <span class='ocrx_word' id='word_1_777' title='bbox 1784 4864 1875 4915; x_wconf 77' lang='grc' dir='ltr'>καὶ</span> 
     </span>
    </p>
   </div>
   <div class='ocr_carea' id='block_1_97' title="bbox 326 4948 1876 5022">
    <p class='ocr_par' dir='ltr' id='par_1_97' title="bbox 326 4948 1876 5022">
     <span class='ocr_line' id='line_1_97' title="bbox 326 4948 1876 5022; baseline 0.001 -20"><span class='ocrx_word' id='word_1_778' title='bbox 326 4949 546 5004; x_wconf 78' lang='grc' dir='ltr'>δυνατὸν</span> <span class='ocrx_word' id='word_1_779' title='bbox 594 4951 693 5020; x_wconf 84' lang='grc' dir='ltr'>τῆς</span> <span class='ocrx_word' id='word_1_780' title='bbox 741 4951 971 5016; x_wconf 83' lang='grc' dir='ltr'>πίστεως</span> <span class='ocrx_word' id='word_1_781' title='bbox 996 4990 1012 5016; x_wconf 92' lang='grc'><strong>,</strong></span> <span class='ocrx_word' id='word_1_782' title='bbox 1059 4948 1207 5006; x_wconf 76' lang='grc' dir='ltr'>εἷπον</span> <span class='ocrx_word' id='word_1_783' title='bbox 1252 4951 1316 5005; x_wconf 87' lang='grc' dir='ltr'><strong>ἂν</strong></span> <span class='ocrx_word' id='word_1_784' title='bbox 1357 4953 1417 5006; x_wconf 83' lang='grc' dir='ltr'>τὸ</span> <span class='ocrx_word' id='word_1_785' title='bbox 1452 4955 1509 5005; x_wconf 83' lang='grc' dir='ltr'>ὲν</span> <span class='ocrx_word' id='word_1_786' title='bbox 1540 4951 1706 5022; x_wconf 84' lang='grc' dir='ltr'>ἑτέρῳ</span> <span class='ocrx_word' id='word_1_787' title='bbox 1731 4951 1876 5004; x_wconf 82' lang='grc' dir='ltr'>λελε-</span> 
     </span>
    </p>
   </div>
   <div class='ocr_carea' id='block_1_98' title="bbox 326 5038 1876 5112">
    <p class='ocr_par' dir='ltr' id='par_1_98' title="bbox 326 5038 1876 5112">
     <span class='ocr_line' id='line_1_98' title="bbox 326 5038 1876 5112; baseline 0.002 -22"><span class='ocrx_word' id='word_1_788' title='bbox 326 5038 524 5108; x_wconf 85' lang='grc' dir='ltr'>γμένον</span> <span class='ocrx_word' id='word_1_789' title='bbox 545 5055 556 5067; x_wconf 91' lang='grc'><strong>·</strong></span> <span class='ocrx_word' id='word_1_790' title='bbox 592 5058 612 5091; x_wconf 73' lang='grc' dir='ltr'><strong>ι</strong></span> <span class='ocrx_word' id='word_1_791' title='bbox 642 5041 783 5093; x_wconf 84' lang='grc' dir='ltr'>Ὢσεὶ</span> <span class='ocrx_word' id='word_1_792' title='bbox 815 5042 1030 5106; x_wconf 87' lang='grc' dir='ltr'>στέατος</span> <span class='ocrx_word' id='word_1_793' title='bbox 1083 5044 1174 5096; x_wconf 79' lang='grc' dir='ltr'><strong>καὶ</strong></span> <span class='ocrx_word' id='word_1_794' title='bbox 1202 5043 1447 5112; x_wconf 86' lang='grc' dir='ltr'>πιότητος</span> <span class='ocrx_word' id='word_1_795' title='bbox 1476 5041 1808 5112; x_wconf 78' lang='grc' dir='ltr'>ἐμπλησθείη</span> <span class='ocrx_word' id='word_1_796' title='bbox 1841 5045 1876 5112; x_wconf 84' lang='grc' dir='ltr'>ὴ</span> 
     </span>
    </p>
   </div>
   <div class='ocr_carea' id='block_1_99' title="bbox 327 5127 1873 5204">
    <p class='ocr_par' dir='ltr' id='par_1_99' title="bbox 327 5127 1873 5204">
     <span class='ocr_line' id='line_1_99' title="bbox 327 5127 1873 5204; baseline 0.005 -25"><span class='ocrx_word' id='word_1_797' title='bbox 327 5127 470 5198; x_wconf 80' lang='grc' dir='ltr'>ψυχή</span> <span class='ocrx_word' id='word_1_798' title='bbox 512 5145 644 5197; x_wconf 81' lang='grc' dir='ltr'>μου,</span> <span class='ocrx_word' id='word_1_799' title='bbox 678 5130 771 5182; x_wconf 74' lang='grc' dir='ltr'>καὶ</span> <span class='ocrx_word' id='word_1_800' title='bbox 808 5131 957 5200; x_wconf 69' lang='grc' dir='ltr'>χείλη</span> <span class='ocrx_word' id='word_1_801' title='bbox 991 5133 1354 5201; x_wconf 81' lang='grc' dir='ltr'>ἀγαλλιάσεως</span> <span class='ocrx_word' id='word_1_802' title='bbox 1381 5133 1579 5186; x_wconf 76' lang='grc' dir='ltr'>αἰνέσει</span> <span class='ocrx_word' id='word_1_803' title='bbox 1615 5133 1675 5185; x_wconf 81' lang='grc' dir='ltr'>τὸ</span> <span class='ocrx_word' id='word_1_804' title='bbox 1702 5134 1873 5204; x_wconf 86' lang='grc' dir='ltr'>στόμα</span> 
     </span>
    </p>
   </div>
   <div class='ocr_carea' id='block_1_100' title="bbox 330 5214 1876 5293">
    <p class='ocr_par' dir='ltr' id='par_1_100' title="bbox 330 5214 1876 5293">
     <span class='ocr_line' id='line_1_100' title="bbox 330 5214 1876 5293; baseline 0.005 -26"><span class='ocrx_word' id='word_1_805' title='bbox 330 5231 449 5284; x_wconf 90' lang='grc' dir='ltr'>μου.</span> <span class='ocrx_word' id='word_1_806' title='bbox 477 5233 495 5265; x_wconf 73' lang='grc' dir='ltr'><strong>ι</strong></span> <span class='ocrx_word' id='word_1_807' title='bbox 524 5214 675 5268; x_wconf 76' lang='grc' dir='ltr'>Οὕτω</span> <span class='ocrx_word' id='word_1_808' title='bbox 704 5214 830 5281; x_wconf 89' lang='grc' dir='ltr'>γοῦν</span> <span class='ocrx_word' id='word_1_809' title='bbox 863 5235 880 5266; x_wconf 75' lang='grc' dir='ltr'><strong>ι</strong></span> <span class='ocrx_word' id='word_1_810' title='bbox 907 5220 1302 5290; x_wconf 82' lang='grc' dir='ltr'>μεμυαλωμένα</span> <span class='ocrx_word' id='word_1_811' title='bbox 1323 5241 1340 5273; x_wconf 84' lang='grc'>›</span> <span class='ocrx_word' id='word_1_812' title='bbox 1367 5221 1578 5289; x_wconf 82' lang='grc' dir='ltr'>λέγεται</span> <span class='ocrx_word' id='word_1_813' title='bbox 1600 5220 1668 5273; x_wconf 84' lang='grc' dir='ltr'>τὰ</span> <span class='ocrx_word' id='word_1_814' title='bbox 1691 5223 1876 5293; x_wconf 80' lang='grc' dir='ltr'>εὐτρα-</span> 
     </span>
    </p>
   </div>
   <div class='ocr_carea' id='block_1_101' title="bbox 327 5303 1871 5378">
    <p class='ocr_par' dir='ltr' id='par_1_101' title="bbox 327 5303 1871 5378">
     <span class='ocr_line' id='line_1_101' title="bbox 327 5303 1871 5378; baseline 0.005 -22"><span class='ocrx_word' id='word_1_815' title='bbox 327 5303 401 5372; x_wconf 80' lang='grc' dir='ltr'>φῆ</span> <span class='ocrx_word' id='word_1_816' title='bbox 431 5304 523 5356; x_wconf 80' lang='grc' dir='ltr'><strong>καὶ</strong></span> <span class='ocrx_word' id='word_1_817' title='bbox 547 5304 703 5356; x_wconf 84' lang='grc' dir='ltr'>πίονα</span> <span class='ocrx_word' id='word_1_818' title='bbox 725 5307 816 5357; x_wconf 65' lang='grc' dir='ltr'><strong>καὶ⁵</strong></span> <span class='ocrx_word' id='word_1_819' title='bbox 841 5307 1063 5377; x_wconf 89' lang='grc' dir='ltr'>λιπαρά.</span> <span class='ocrx_word' id='word_1_820' title='bbox 1082 5309 1336 5362; x_wconf 83' lang='grc' dir='ltr'>Τοιαῦται</span> <span class='ocrx_word' id='word_1_821' title='bbox 1358 5310 1413 5361; x_wconf 82' lang='grc' dir='ltr'>δὲ</span> <span class='ocrx_word' id='word_1_822' title='bbox 1434 5309 1787 5378; x_wconf 88' lang='grc' dir='ltr'>τυγχάνουσιν</span> <span class='ocrx_word' id='word_1_823' title='bbox 1815 5313 1871 5364; x_wconf 81' lang='lat' dir='ltr'><strong>al</strong></span> 
     </span>
    </p>
   </div>
   <div class='ocr_carea' id='block_1_102' title="bbox 326 5393 1872 5471">
    <p class='ocr_par' dir='ltr' id='par_1_102' title="bbox 326 5393 1872 5471">
     <span class='ocr_line' id='line_1_102' title="bbox 326 5393 1872 5471; baseline 0.006 -26"><span class='ocrx_word' id='word_1_824' title='bbox 326 5393 433 5446; x_wconf 87' lang='grc' dir='ltr'><strong>τῶν</strong></span> <span class='ocrx_word' id='word_1_825' title='bbox 463 5393 702 5463; x_wconf 86' lang='grc' dir='ltr'>ἀθλητῶν</span> <span class='ocrx_word' id='word_1_826' title='bbox 732 5395 824 5447; x_wconf 89' lang='grc' dir='ltr'><strong>τοῦ</strong></span> <span class='ocrx_word' id='word_1_827' title='bbox 854 5396 986 5450; x_wconf 88' lang='grc' dir='ltr'>Θεοῦ</span> <span class='ocrx_word' id='word_1_828' title='bbox 1017 5400 1210 5471; x_wconf 75' lang='grc' dir='ltr'>ψυχαὶ,</span> <span class='ocrx_word' id='word_1_829' title='bbox 1241 5402 1304 5452; x_wconf 82' lang='grc' dir='ltr'>ὲκ</span> <span class='ocrx_word' id='word_1_830' title='bbox 1333 5400 1439 5452; x_wconf 86' lang='grc' dir='ltr'><strong>τῶν</strong></span> <span class='ocrx_word' id='word_1_831' title='bbox 1475 5399 1629 5454; x_wconf 86' lang='grc' dir='ltr'>θείων</span> <span class='ocrx_word' id='word_1_832' title='bbox 1659 5403 1750 5454; x_wconf 76' lang='grc' dir='ltr'><strong>καὶ</strong></span> <span class='ocrx_word' id='word_1_833' title='bbox 1787 5402 1872 5455; x_wconf 88' lang='grc' dir='ltr'>λο-</span> 
     </span>
    </p>
   </div>
   <div class='ocr_carea' id='block_1_103' title="bbox 325 5481 1870 5564">
    <p class='ocr_par' dir='ltr' id='par_1_103' title="bbox 325 5481 1870 5564">
     <span class='ocr_line' id='line_1_103' title="bbox 325 5481 1870 5564; baseline 0.006 -31"><span class='ocrx_word' id='word_1_834' title='bbox 325 5481 494 5550; x_wconf 76' lang='grc' dir='ltr'>γικῶν</span> <span class='ocrx_word' id='word_1_835' title='bbox 518 5481 727 5552; x_wconf 85' lang='grc' dir='ltr'>τροφῶν</span> <span class='ocrx_word' id='word_1_836' title='bbox 764 5501 782 5533; x_wconf 74' lang='grc' dir='ltr'><strong>ι</strong></span> <span class='ocrx_word' id='word_1_837' title='bbox 806 5486 1222 5558; x_wconf 77' lang='grc' dir='ltr'>μεμυαλωμέναι</span> <span class='ocrx_word' id='word_1_838' title='bbox 1242 5528 1255 5547; x_wconf 89' lang='grc'><strong>,</strong></span> <span class='ocrx_word' id='word_1_839' title='bbox 1283 5507 1301 5538; x_wconf 76' lang='grc' dir='ltr'><strong>ι</strong></span> <span class='ocrx_word' id='word_1_840' title='bbox 1337 5489 1429 5540; x_wconf 77' lang='grc' dir='ltr'><strong>καὶ</strong></span> <span class='ocrx_word' id='word_1_841' title='bbox 1457 5488 1616 5558; x_wconf 81' lang='grc' dir='ltr'>μηδὲν</span> <span class='ocrx_word' id='word_1_842' title='bbox 1649 5490 1870 5564; x_wconf 72' lang='grc' dir='ltr'>ύποκεί-</span> 
     </span>
    </p>
   </div>
   <div class='ocr_carea' id='block_1_104' title="bbox 329 5573 1872 5653">
    <p class='ocr_par' dir='ltr' id='par_1_104' title="bbox 329 5573 1872 5653">
     <span class='ocr_line' id='line_1_104' title="bbox 329 5573 1872 5653; baseline 0.006 -29"><span class='ocrx_word' id='word_1_843' title='bbox 329 5589 485 5641; x_wconf 86' lang='grc' dir='ltr'>μενον</span> <span class='ocrx_word' id='word_1_844' title='bbox 509 5573 743 5644; x_wconf 73' lang='grc' dir='ltr'>ἔχουσαι,</span> <span class='ocrx_word' id='word_1_845' title='bbox 772 5575 901 5645; x_wconf 83' lang='grc' dir='ltr'>μηδὲ</span> <span class='ocrx_word' id='word_1_846' title='bbox 927 5577 1160 5641; x_wconf 78' lang='grc' dir='ltr'>ἀσθενές·</span> <span class='ocrx_word' id='word_1_847' title='bbox 1192 5579 1270 5632; x_wconf 87' lang='grc' dir='ltr'><strong>διό</strong></span> <span class='ocrx_word' id='word_1_848' title='bbox 1299 5597 1475 5653; x_wconf 74' lang='grc' dir='ltr'>φασιν·</span> <span class='ocrx_word' id='word_1_849' title='bbox 1506 5600 1524 5630; x_wconf 84' lang='grc'><strong>‹</strong></span> <span class='ocrx_word' id='word_1_850' title='bbox 1548 5579 1872 5634; x_wconf 83' lang='grc' dir='ltr'>Ὀλοκαυτὼ-</span> 
     </span>
    </p>
   </div>
   <div class='ocr_carea' id='block_1_105' title="bbox 309 5661 1863 5740">
    <p class='ocr_par' dir='ltr' id='par_1_105' title="bbox 309 5661 1863 5740">
     <span class='ocr_line' id='line_1_105' title="bbox 309 5661 1863 5740; baseline 0.006 -28"><span class='ocrx_word' id='word_1_851' title='bbox 309 5676 478 5727; x_wconf 84' lang='grc' dir='ltr'>-ματα</span> <span class='ocrx_word' id='word_1_852' title='bbox 528 5663 924 5734; x_wconf 77' lang='grc' dir='ltr'>μιμυαλωμένα</span> <span class='ocrx_word' id='word_1_853' title='bbox 956 5666 1150 5719; x_wconf 89' lang='grc' dir='ltr'>ἀνοίσω</span> <span class='ocrx_word' id='word_1_854' title='bbox 1173 5684 1253 5720; x_wconf 88' lang='grc' dir='ltr'><strong>σοι</strong></span> <span class='ocrx_word' id='word_1_855' title='bbox 1288 5661 1421 5737; x_wconf 85' lang='grc' dir='ltr'><strong>μετά</strong></span> <span class='ocrx_word' id='word_1_856' title='bbox 1443 5668 1807 5740; x_wconf 80' lang='grc' dir='ltr'>θυμιάματος.</span> <span class='ocrx_word' id='word_1_857' title='bbox 1844 5689 1863 5722; x_wconf 70' lang='grc' dir='ltr'><strong>ι</strong></span> 
     </span>
    </p>
   </div>
   <div class='ocr_carea' id='block_1_106' title="bbox 1978 4777 3528 4858">
    <p class='ocr_par' dir='ltr' id='par_1_106' title="bbox 1978 4777 3528 4858">
     <span class='ocr_line' id='line_1_106' title="bbox 1978 4777 3528 4858; baseline 0.004 -28"><span class='ocrx_word' id='word_1_858' title='bbox 1978 4793 2099 4858; x_wconf 79' lang='lat' dir='ltr'><strong>rum</strong></span> <span class='ocrx_word' id='word_1_859' title='bbox 2136 4779 2192 4851; x_wconf 6' lang='lat' dir='ltr'><strong>in,</strong></span> <span class='ocrx_word' id='word_1_860' title='bbox 2221 4777 2568 4831; x_wconf 89' lang='lat' dir='ltr'><strong>tribulatione</strong></span> <span class='ocrx_word' id='word_1_861' title='bbox 2599 4779 2860 4847; x_wconf 86' lang='lat' dir='ltr'><strong>ipsorum.</strong></span> <span class='ocrx_word' id='word_1_862' title='bbox 2902 4778 2966 4831; x_wconf 90' lang='lat' dir='ltr'><strong>Et</strong></span> <span class='ocrx_word' id='word_1_863' title='bbox 2997 4780 3111 4853; x_wconf 64' lang='lat' dir='ltr'><strong>haec</strong></span> <span class='ocrx_word' id='word_1_864' title='bbox 3156 4795 3300 4835; x_wconf 83' lang='lat' dir='ltr'><strong>vere-</strong></span> <span class='ocrx_word' id='word_1_865' title='bbox 3331 4795 3528 4836; x_wconf 86' lang='lat' dir='ltr'><strong>eorum.</strong></span> 
     </span>
    </p>
   </div>
   <div class='ocr_carea' id='block_1_107' title="bbox 1987 4858 3519 4938">
    <p class='ocr_par' dir='ltr' id='par_1_107' title="bbox 1987 4858 3519 4938">
     <span class='ocr_line' id='line_1_107' title="bbox 1987 4858 3519 4938; baseline 0.005 -21"><span class='ocrx_word' id='word_1_866' title='bbox 1987 4885 2004 4917; x_wconf 75' lang='grc' dir='ltr'><strong>ι</strong></span> <span class='ocrx_word' id='word_1_867' title='bbox 2042 4867 2357 4920; x_wconf 85' lang='lat' dir='ltr'><strong>holocausta</strong></span> <span class='ocrx_word' id='word_1_868' title='bbox 2409 4866 2721 4922; x_wconf 89' lang='lat' dir='ltr'><strong>medullata.</strong></span> <span class='ocrx_word' id='word_1_869' title='bbox 2755 4858 2793 4918; x_wconf 84' lang='grc' dir='ltr'>ι’</span> <span class='ocrx_word' id='word_1_870' title='bbox 2816 4860 3028 4922; x_wconf 56' lang='lat' dir='ltr'><strong>Anima!</strong></span> <span class='ocrx_word' id='word_1_871' title='bbox 3053 4870 3235 4938; x_wconf 82' lang='lat' dir='ltr'><strong>itaque</strong></span> <span class='ocrx_word' id='word_1_872' title='bbox 3277 4869 3519 4936; x_wconf 87' lang='lat' dir='ltr'><strong>ipsorum</strong></span> 
     </span>
    </p>
   </div>
   <div class='ocr_carea' id='block_1_108' title="bbox 1983 4942 3518 5028">
    <p class='ocr_par' dir='ltr' id='par_1_108' title="bbox 1983 4942 3518 5028">
     <span class='ocr_line' id='line_1_108' title="bbox 1983 4942 3518 5028; baseline 0.003 -21"><span class='ocrx_word' id='word_1_873' title='bbox 1983 4953 2192 5024; x_wconf 87' lang='lat' dir='ltr'><strong>adipem</strong></span> <span class='ocrx_word' id='word_1_874' title='bbox 2237 4967 2302 5007; x_wconf 90' lang='lat' dir='ltr'><strong>ac</strong></span> <span class='ocrx_word' id='word_1_875' title='bbox 2348 4953 2604 5028; x_wconf 80' lang='lat' dir='ltr'><strong>virtutem</strong></span> <span class='ocrx_word' id='word_1_876' title='bbox 2653 4944 2776 5012; x_wconf 79' lang='lat' dir='ltr'><strong>ﬁdei</strong></span> <span class='ocrx_word' id='word_1_877' title='bbox 2813 4955 3068 5022; x_wconf 79' lang='lat' dir='ltr'><strong>ferentes,</strong></span> <span class='ocrx_word' id='word_1_878' title='bbox 3113 4955 3244 5009; x_wconf 87' lang='lat' dir='ltr'><strong>illud</strong></span> <span class='ocrx_word' id='word_1_879' title='bbox 3280 4942 3518 5011; x_wconf 79' lang='lat' dir='ltr'><strong>dixerint</strong></span> 
     </span>
    </p>
   </div>
   <div class='ocr_carea' id='block_1_109' title="bbox 1983 5037 3517 5120">
    <p class='ocr_par' dir='ltr' id='par_1_109' title="bbox 1983 5037 3517 5120">
     <span class='ocr_line' id='line_1_109' title="bbox 1983 5037 3517 5120; baseline 0.001 -21"><span class='ocrx_word' id='word_1_880' title='bbox 1983 5037 2089 5100; x_wconf 87' lang='lat' dir='ltr'><strong>alio</strong></span> <span class='ocrx_word' id='word_1_881' title='bbox 2126 5050 2181 5099; x_wconf 85' lang='lat' dir='ltr'><strong>in</strong></span> <span class='ocrx_word' id='word_1_882' title='bbox 2218 5047 2427 5115; x_wconf 87' lang='lat' dir='ltr'><strong>psalmo</strong></span> <span class='ocrx_word' id='word_1_883' title='bbox 2468 5043 2737 5118; x_wconf 75' lang='lat' dir='ltr'><strong>posituri):</strong></span> <span class='ocrx_word' id='word_1_884' title='bbox 2776 5048 2963 5103; x_wconf 70' lang='lat' dir='ltr'><strong>«Sicut</strong></span> <span class='ocrx_word' id='word_1_885' title='bbox 3007 5048 3164 5115; x_wconf 85' lang='lat' dir='ltr'><strong>adipe</strong></span> <span class='ocrx_word' id='word_1_886' title='bbox 3192 5054 3246 5100; x_wconf 92' lang='lat' dir='ltr'><strong>et</strong></span> <span class='ocrx_word' id='word_1_887' title='bbox 3292 5047 3517 5120; x_wconf 82' lang='lat' dir='ltr'><strong>pingue-</strong></span> 
     </span>
    </p>
   </div>
   <div class='ocr_carea' id='block_1_110' title="bbox 1976 5135 3516 5209">
    <p class='ocr_par' dir='ltr' id='par_1_110' title="bbox 1976 5135 3516 5209">
     <span class='ocr_line' id='line_1_110' title="bbox 1976 5135 3516 5209; baseline 0.003 -20"><span class='ocrx_word' id='word_1_888' title='bbox 1976 5136 2100 5189; x_wconf 89' lang='lat' dir='ltr'><strong>dine</strong></span> <span class='ocrx_word' id='word_1_889' title='bbox 2147 5135 2422 5203; x_wconf 88' lang='lat' dir='ltr'><strong>repleatur</strong></span> <span class='ocrx_word' id='word_1_890' title='bbox 2453 5138 2632 5191; x_wconf 90' lang='lat' dir='ltr'><strong>anima</strong></span> <span class='ocrx_word' id='word_1_891' title='bbox 2662 5152 2800 5203; x_wconf 89' lang='lat' dir='ltr'><strong>mea,</strong></span> <span class='ocrx_word' id='word_1_892' title='bbox 2852 5145 2905 5192; x_wconf 90' lang='lat' dir='ltr'><strong>et</strong></span> <span class='ocrx_word' id='word_1_893' title='bbox 2954 5137 3109 5191; x_wconf 88' lang='lat' dir='ltr'><strong>labiis</strong></span> <span class='ocrx_word' id='word_1_894' title='bbox 3139 5137 3516 5209; x_wconf 78' lang='lat' dir='ltr'><strong>exsultationis</strong></span> 
     </span>
    </p>
   </div>
   <div class='ocr_carea' id='block_1_111' title="bbox 1973 5217 3514 5298">
    <p class='ocr_par' dir='ltr' id='par_1_111' title="bbox 1973 5217 3514 5298">
     <span class='ocr_line' id='line_1_111' title="bbox 1973 5217 3514 5298; baseline 0.003 -22"><span class='ocrx_word' id='word_1_895' title='bbox 1973 5223 2209 5277; x_wconf 89' lang='lat' dir='ltr'><strong>laudabit</strong></span> <span class='ocrx_word' id='word_1_896' title='bbox 2252 5239 2313 5279; x_wconf 88' lang='lat' dir='ltr'><strong>os</strong></span> <span class='ocrx_word' id='word_1_897' title='bbox 2341 5226 2626 5280; x_wconf 57' lang='lat' dir='ltr'><strong>meum&#39;h</strong></span> <span class='ocrx_word' id='word_1_898' title='bbox 2674 5226 2765 5282; x_wconf 92' lang='lat' dir='ltr'><strong>Sic</strong></span> <span class='ocrx_word' id='word_1_899' title='bbox 2791 5243 2917 5298; x_wconf 89' lang='lat' dir='ltr'><strong>ergo</strong></span> <span class='ocrx_word' id='word_1_900' title='bbox 2947 5217 3329 5291; x_wconf 86' lang='lat' dir='ltr'><strong>crassitudine,</strong></span> <span class='ocrx_word' id='word_1_901' title='bbox 3359 5228 3514 5295; x_wconf 89' lang='lat' dir='ltr'><strong>adipe</strong></span> 
     </span>
    </p>
   </div>
   <div class='ocr_carea' id='block_1_112' title="bbox 1972 5302 3512 5382">
    <p class='ocr_par' dir='ltr' id='par_1_112' title="bbox 1972 5302 3512 5382">
     <span class='ocr_line' id='line_1_112' title="bbox 1972 5302 3512 5382; baseline 0.003 -16"><span class='ocrx_word' id='word_1_902' title='bbox 1972 5321 2025 5366; x_wconf 92' lang='lat' dir='ltr'><strong>et</strong></span> <span class='ocrx_word' id='word_1_903' title='bbox 2061 5311 2384 5381; x_wconf 78' lang='lat' dir='ltr'><strong>pinguedine</strong></span> <span class='ocrx_word' id='word_1_904' title='bbox 2423 5302 2645 5382; x_wconf 80' lang='lat' dir='ltr'><strong>referta,</strong></span> <span class='ocrx_word' id='word_1_905' title='bbox 2668 5302 2673 5307; x_wconf 71' lang='grc'><em>’</em></span> <span class='ocrx_word' id='word_1_906' title='bbox 2695 5335 2713 5367; x_wconf 77' lang='grc' dir='ltr'><strong>ι</strong></span> <span class='ocrx_word' id='word_1_907' title='bbox 2735 5317 3023 5371; x_wconf 88' lang='lat' dir='ltr'><strong>medullata</strong></span> <span class='ocrx_word' id='word_1_908' title='bbox 3048 5334 3066 5366; x_wconf 74' lang='grc' dir='ltr'><strong>ι</strong></span> <span class='ocrx_word' id='word_1_909' title='bbox 3100 5309 3373 5373; x_wconf 87' lang='lat' dir='ltr'><strong>dicuntur.</strong></span> <span class='ocrx_word' id='word_1_910' title='bbox 3409 5315 3512 5371; x_wconf 87' lang='lat' dir='ltr'><strong>Ta-</strong></span> 
     </span>
    </p>
   </div>
   <div class='ocr_carea' id='block_1_113' title="bbox 1973 5403 3511 5477">
    <p class='ocr_par' dir='ltr' id='par_1_113' title="bbox 1973 5403 3511 5477">
     <span class='ocr_line' id='line_1_113' title="bbox 1973 5403 3511 5477; baseline 0.005 -23"><span class='ocrx_word' id='word_1_911' title='bbox 1973 5403 2049 5455; x_wconf 91' lang='lat' dir='ltr'><strong>les</strong></span> <span class='ocrx_word' id='word_1_912' title='bbox 2098 5416 2261 5470; x_wconf 85' lang='lat' dir='ltr'><strong>porro</strong></span> <span class='ocrx_word' id='word_1_913' title='bbox 2307 5412 2448 5477; x_wconf 77' lang='lat' dir='ltr'><strong>sunt</strong></span> <span class='ocrx_word' id='word_1_914' title='bbox 2481 5406 2807 5460; x_wconf 88' lang='lat' dir='ltr'><strong>athletarum</strong></span> <span class='ocrx_word' id='word_1_915' title='bbox 2841 5405 2929 5460; x_wconf 89' lang='lat' dir='ltr'><strong>Dei</strong></span> <span class='ocrx_word' id='word_1_916' title='bbox 2977 5406 3190 5471; x_wconf 68' lang='lat' dir='ltr'><strong>animae,</strong></span> <span class='ocrx_word' id='word_1_917' title='bbox 3233 5406 3430 5461; x_wconf 82' lang='lat' dir='ltr'><strong>divinis</strong></span> <span class='ocrx_word' id='word_1_918' title='bbox 3455 5414 3511 5461; x_wconf 86' lang='lat' dir='ltr'><strong>et</strong></span> 
     </span>
    </p>
   </div>
   <div class='ocr_carea' id='block_1_114' title="bbox 1967 5487 3504 5568">
    <p class='ocr_par' dir='ltr' id='par_1_114' title="bbox 1967 5487 3504 5568">
     <span class='ocr_line' id='line_1_114' title="bbox 1967 5487 3504 5568; baseline 0.004 -24"><span class='ocrx_word' id='word_1_919' title='bbox 1967 5487 2400 5549; x_wconf 33' lang='lat' dir='ltr'><strong>rationabilibus&#39;</strong></span> <span class='ocrx_word' id='word_1_920' title='bbox 2424 5496 2561 5554; x_wconf 88' lang='lat' dir='ltr'><strong>cibis</strong></span> <span class='ocrx_word' id='word_1_921' title='bbox 2595 5516 2613 5548; x_wconf 75' lang='grc' dir='ltr'><strong>ι</strong></span> <span class='ocrx_word' id='word_1_922' title='bbox 2639 5497 2960 5560; x_wconf 66' lang='lat' dir='ltr'><strong>medullataa,</strong></span> <span class='ocrx_word' id='word_1_923' title='bbox 2998 5515 3017 5548; x_wconf 75' lang='grc' dir='ltr'><strong>ι</strong></span> <span class='ocrx_word' id='word_1_924' title='bbox 3057 5497 3186 5562; x_wconf 79' lang='lat' dir='ltr'><strong>nihil</strong></span> <span class='ocrx_word' id='word_1_925' title='bbox 3215 5496 3504 5568; x_wconf 82' lang='lat' dir='ltr'><strong>abjectum,</strong></span> 
     </span>
    </p>
   </div>
   <div class='ocr_carea' id='block_1_115' title="bbox 1966 5581 3507 5658">
    <p class='ocr_par' dir='ltr' id='par_1_115' title="bbox 1966 5581 3507 5658">
     <span class='ocr_line' id='line_1_115' title="bbox 1966 5581 3507 5658; baseline 0.005 -23"><span class='ocrx_word' id='word_1_926' title='bbox 1966 5581 2237 5637; x_wconf 83' lang='lat' dir='ltr'><strong>inﬁrmum</strong></span> <span class='ocrx_word' id='word_1_927' title='bbox 2286 5584 2440 5658; x_wconf 69' lang='lat' dir='ltr'><strong>nihil,</strong></span> <span class='ocrx_word' id='word_1_928' title='bbox 2461 5585 2722 5641; x_wconf 86' lang='lat' dir='ltr'><strong>habentes</strong></span> <span class='ocrx_word' id='word_1_929' title='bbox 2763 5604 2776 5639; x_wconf 90' lang='lat'>:</span> <span class='ocrx_word' id='word_1_930' title='bbox 2830 5600 2999 5655; x_wconf 85' lang='lat' dir='ltr'><strong>quare</strong></span> <span class='ocrx_word' id='word_1_931' title='bbox 3052 5587 3273 5656; x_wconf 83' lang='lat' dir='ltr'><strong>dicunt:</strong></span> <span class='ocrx_word' id='word_1_932' title='bbox 3301 5585 3507 5643; x_wconf 70' lang='lat' dir='ltr'><strong>«Holo-</strong></span> 
     </span>
    </p>
   </div>
   <div class='ocr_carea' id='block_1_116' title="bbox 1969 5664 3503 5735">
    <p class='ocr_par' dir='ltr' id='par_1_116' title="bbox 1969 5664 3503 5735">
     <span class='ocr_line' id='line_1_116' title="bbox 1969 5664 3503 5735; baseline 0.005 -9"><span class='ocrx_word' id='word_1_933' title='bbox 1969 5681 2158 5727; x_wconf 86' lang='lat' dir='ltr'><strong>causta</strong></span> <span class='ocrx_word' id='word_1_934' title='bbox 2190 5672 2480 5730; x_wconf 79' lang='lat' dir='ltr'><strong>medullata</strong></span> <span class='ocrx_word' id='word_1_935' title='bbox 2531 5675 2750 5731; x_wconf 66' lang='lat' dir='ltr'><strong>oﬂeram</strong></span> <span class='ocrx_word' id='word_1_936' title='bbox 2795 5664 3048 5735; x_wconf 48' lang='lat' dir='ltr'><strong>tibi&#39;eum</strong></span> <span class='ocrx_word' id='word_1_937' title='bbox 3076 5671 3355 5734; x_wconf 60' lang='lat' dir='ltr'><strong>incenso.»</strong></span> <span class='ocrx_word' id='word_1_938' title='bbox 3410 5675 3503 5734; x_wconf 60' lang='lat' dir='ltr'><strong>Inv</strong></span> 
     </span>
    </p>
   </div>
   <div class='ocr_carea' id='block_1_117' title="bbox 394 5796 1962 5889">
    <p class='ocr_par' dir='ltr' id='par_1_117' title="bbox 394 5810 1962 5886">
     <span class='ocr_line' id='line_1_117' title="bbox 394 5810 1962 5886; baseline 0.01 -22"><span class='ocrx_word' id='word_1_939' title='bbox 394 5810 441 5842; x_wconf 86' lang='lat'><strong>&quot;°</strong></span> <span class='ocrx_word' id='word_1_940' title='bbox 468 5810 612 5867; x_wconf 83' lang='lat' dir='ltr'><strong>Psal.</strong></span> <span class='ocrx_word' id='word_1_941' title='bbox 650 5830 798 5884; x_wconf 67' lang='grc' dir='ltr'>τινι,</span> <span class='ocrx_word' id='word_1_942' title='bbox 823 5818 875 5874; x_wconf 84' lang='lat'><strong>6.</strong></span> <span class='ocrx_word' id='word_1_943' title='bbox 950 5820 990 5850; x_wconf 81' lang='grc'><strong>⁷¹</strong></span> <span class='ocrx_word' id='word_1_944' title='bbox 1022 5816 1178 5874; x_wconf 79' lang='lat' dir='ltr'><strong>Rom.</strong></span> <span class='ocrx_word' id='word_1_945' title='bbox 1212 5836 1326 5886; x_wconf 81' lang='lat' dir='ltr'><strong>vui,</strong></span> <span class='ocrx_word' id='word_1_946' title='bbox 1357 5819 1442 5878; x_wconf 78' lang='lat'><strong>55.</strong></span> <span class='ocrx_word' id='word_1_947' title='bbox 1520 5823 1564 5855; x_wconf 86' lang='lat'>&quot;</span> <span class='ocrx_word' id='word_1_948' title='bbox 1595 5821 1732 5879; x_wconf 83' lang='lat' dir='ltr'><strong>Ibid.</strong></span> <span class='ocrx_word' id='word_1_949' title='bbox 1768 5821 1854 5878; x_wconf 79' lang='grc'><strong>58.</strong></span> <span class='ocrx_word' id='word_1_950' title='bbox 1924 5822 1962 5855; x_wconf 75' lang='grc'><strong>⁷³</strong></span> 
     </span>
    </p>
   </div>
   <div class='ocr_carea' id='block_1_118' title="bbox 1991 5796 2394 5889">
    <p class='ocr_par' dir='ltr' id='par_1_118' title="bbox 1999 5796 2394 5889">
     <span class='ocr_line' id='line_1_118' title="bbox 1999 5796 2394 5889; baseline 0.005 -14"><span class='ocrx_word' id='word_1_951' title='bbox 1999 5821 2138 5877; x_wconf 81' lang='lat' dir='ltr'><strong>Psal.</strong></span> <span class='ocrx_word' id='word_1_952' title='bbox 2167 5796 2302 5889; x_wconf 72' lang='lat' dir='ltr'><strong>un,</strong></span> <span class='ocrx_word' id='word_1_953' title='bbox 2325 5821 2394 5877; x_wconf 86' lang='lat'><strong>6.-</strong></span> 
     </span>
    </p>
   </div>
  </div>
