4300 6420
782 486 890 546 667

1468 491 1734 547 FUSEBII
1765 486 2247 546 CIESARIENSIS
2283 485 2434 544 OPP.
2469 487 2648 543 PARS
2675 487 2762 544 Ill.
2809 518 2878 528 —
2907 485 3312 574 EXEGETICA.

3926 486 4031 540 {368

786 632 870 671 (el
893 629 1013 670 sum
1054 629 1182 668 vero
1214 612 1344 666 illud
1387 612 1660 681 intelligas
1715 624 1783 665 ex
1817 609 1920 662 hoc
1951 608 2138 662 dicto:
2186 625 2204 657 ι
2235 605 2351 660 Fiat
2380 613 2426 668 Α
2453 607 2484 658 Β

2331 613 2351 660 ι
2380 613 2426 668 Α
2453 607 2684 675 Νοήσεις
2705 603 2760 656 δὲ
2784 604 2877 657 καὶ
2906 603 2967 656 τὸ
2999 602 3249 673 θυμίαμα
3272 600 3379 654 άπὸ
3405 600 3501 669 τῆς
3526 599 3788 670 λεγούσης
3809 601 3990 670 φωνῆς
4008 618 4025 633 .

789 707 964 759 oratio
1016 720 1132 758 mea
1186 705 1330 758 sicut
1375 705 1664 756 incensum
1714 698 1771 752 in
1810 706 2104 766 conspectu
2138 696 2346 750 tuo".r

788 796 1078 866 ﬂatigitur
1105 796 1321 855 animae,
1375 790 1646 862 spirituali
1696 791 1818 859 igne
1877 795 2140 858 purgatae,
2198 788 2352 842 holo—

788 897 978 943 csusta
1035 886 1227 942 fuere:
1280 884 1392 938 sive
1441 879 1788 936 sacerdotum
1831 879 2007 934 instar
2055 879 2187 948 ipse
2227 892 2351 933 cor-

789 998 918 1053 pora
951 996 1074 1044 sua,
1124 985 1312 1046 utpote
1342 975 1464 1043 igne
1491 977 1894 1033 consummata,
1928 970 1985 1024 in
2031 969 2350 1024 holocausta

784 1074 1123 1130 obtulerunt.
1177 1068 1465 1123 Orationes
1495 1072 1677 1118 autem
1709 1063 1956 1131 ipsarum
1989 1062 2346 1131 thymiamata

791 1166 1018 1220 fuerint.
1074 1160 1344 1227 Quoniam
1402 1172 1533 1211 vero
1582 1156 1805 1216 arietes,
1860 1155 2025 1208 boves
2066 1163 2121 1207 et
2169 1154 2352 1205 hircos

784 1256 1067 1309 oblaturas
1107 1267 1165 1306 se
1198 1250 1549 1320 pollicentur,
1579 1253 1757 1300 tecum
1793 1251 2013 1312 reputes
2043 1243 2204 1297 velim
2229 1243 2345 1296 haec

785 1344 903 1412 ipsa
970 1355 1034 1396 ex
1095 1339 1470 1410 apostolorum
1530 1331 1840 1388 Servatoris
1911 1346 2146 1402 persona
2204 1331 2352 1387 dicta

783 1435 975 1496 fuisse,
1003 1444 1217 1501 perque
1253 1429 1460 1492 hircos,
1493 1427 1661 1505 boves
1728 1431 1784 1479 et
1845 1425 2044 1479 arietes
2079 1439 2198 1484 eos,
2255 1425 2349 1495 qui

783 1541 890 1581 suo
940 1522 1312 1593 apostolorum
1368 1519 1535 1573 ductu
1578 1516 1819 1582 fuerunt,
1871 1515 2163 1586 intelligas.
2215 1514 2350 1569 Nam

785 1617 963 1686 primo
993 1615 1098 1685 ipsi
1133 1620 1401 1684 martyres
1455 1608 1550 1665 Dei
1596 1609 1783 1675 fuere;
1840 1609 2036 1664 deinde
2068 1608 2212 1664 alios
2265 1609 2348 1663 sui

787 1701 1032 1755 inﬁnitos
1090 1699 1396 1754 imitatores
1444 1705 1499 1753 et
1551 1698 1778 1752 aemulos
1826 1697 2160 1761 excitarunt,
2211 1711 2349 1766 quos

786 1795 943 1864 quasi
975 1795 1244 1848 culturam
1269 1807 1426 1848 suam
1456 1791 1568 1846 Deo
1597 1790 1851 1846 oﬂ‘erunt.
1885 1791 2099 1845 Arietes
2120 1790 2348 1855 dixeris,

789 1884 1064 1954 principes
1108 1883 1501 1942 Ecclesiarum,
1544 1882 1612 1936 de
1663 1881 1866 1950 quibus
1908 1879 1966 1933 in
2022 1878 2350 1949 praecedenti

2461 717 2479 748 ι
2504 696 2835 768 Γενηθήτωή
2856 697 3130 768 προσευχή
3161 713 3260 766 μου
3281 695 3356 757 ὼς
3371 692 3615 763 θυμίαμα
3633 691 3862 744 ἐνώπιόν
3876 710 3988 745 σου.
4004 712 4024 743 r

2452 786 2618 844 Αὒται
2645 789 2742 860 μὲν
2765 785 2856 841 οὖν
2879 789 2934 842 αί
2961 787 3151 858 ψυχαὶ,
3181 786 3257 857 τῷ
3284 782 3635 855 πνευματικῷ
3657 785 3791 857 πυρὶ
3817 785 4026 857 καθαρ-

2453 882 2668 941 θεῖσαι,
2720 879 3142 951 ὁλοκαυτώματα
3182 879 3505 948 γεγόνασιν,
3552 876 3585 948 ἢ
3627 877 3783 948 δίκην
3817 877 4030 949 ἱερείων

2452 965 2610 1024 αὗται
2627 970 2693 1022 τὰ
2711 969 2916 1022 ἑαυτῶν
2940 970 3178 1040 ὀνόματα
3195 968 3294 1038 (1),
3317 967 3392 1030 ὡς
3415 965 3481 1020 ἂν
3500 964 3586 1019 διὰ
3615 965 3785 1037 τυρὸς
3811 965 4028 1019 τελειω-

2455 1062 2632 1124 θέντα,
2659 1052 3082 1130 ὁλοκαυτώματα
3111 1059 3570 1130 προσηνέγκαντο.
3615 1058 3678 1110 Δί
3708 1057 3764 1110 δὲ
3792 1074 4026 1128 προσευ-

2454 1155 2545 1224 χαὶ
2572 1153 2750 1207 αὐτῶν
2777 1151 2884 1207 εἶεν
2913 1152 2978 1207 ἂν
3001 1151 3067 1205 τὰ
3089 1151 3426 1222 θυμιάματα.
3475 1151 3627 1204 Ἐπεὶ
3648 1151 3705 1204 δὲ
3724 1153 3911 1223 κριοὺς
3932 1153 4029 1206 καὶ

2455 1246 2581 1316 βόας
2617 1245 2756 1315 μετὰ
2792 1245 3041 1317 χιμάρων
3077 1245 3307 1298 ἀνοίσειν
3327 1243 3766 1312 ἐπαγγέλλονται,
3801 1243 4030 1316 ἐπιστή-

2455 1354 2566 1400 σεις
2605 1338 2752 1400 ὅπως
2781 1337 2996 1408 εἴρηται
3028 1337 3122 1390 καί
3147 1335 3318 1388 ταῦτα
3341 1337 3405 1389 ὲκ
3440 1334 3730 1406 προσώπου
3760 1335 3866 1389 τῶν
3888 1336 4025 1389 ἀπο-

2453 1425 2654 1478 στόλων
2678 1424 2770 1478 τοῦ
2815 1425 3063 1496 Σωτῆρος
3089 1464 3104 1488 ,
3150 1424 3274 1486 τοὺς
3316 1423 3407 1477 ὑπ’
3432 1425 3610 1477 αὐτῶν
3647 1424 4029 1496 προηγμένους

2451 1518 2717 1589 χιμάρους
2750 1518 2844 1571 καὶ
2890 1517 3020 1588 βόας
3052 1517 3144 1571 καὶ
3186 1518 3372 1587 κριοὺς
3413 1519 3631 1587 νοήσας.
3683 1516 3895 1590 Πρῶτοι
3927 1516 4030 1588 μὸν

2451 1613 2558 1682 γάρ
2591 1612 2862 1682 μάρτυρες
2891 1611 3044 1665 αὐτοὶ
3077 1610 3170 1663 τοῦ
3199 1608 3334 1664 Θεοῦ
3366 1610 3654 1679 γεγόνασιν
3673 1627 3685 1642 ·
3711 1607 3831 1665 εἶτα
3857 1623 4030 1683 μιμη-

2449 1707 2548 1768 τὰς
2581 1704 2789 1758 ἑαυτῶν
2809 1704 2903 1756 καὶ
2926 1702 3171 1773 ζηλωτὰς
3199 1703 3422 1773 μυρίους
3448 1702 3638 1764 ἄλλους
3667 1704 4032 1775 κατεστήσαν-

2450 1812 2511 1847 το
2532 1836 2546 1858 ,
2578 1795 2670 1858 οὒς
2699 1794 2886 1865 ὥσπερ
2916 1796 3089 1847 οίκεῖα
3116 1794 3355 1865 γεώργια
3380 1792 3458 1863 τῷ
3489 1792 3607 1864 Θεῷ
3638 1794 4027 1866 προσφέρουσι.

2452 1886 2654 1956 Κριοὺς
2683 1885 2780 1955 μὲν
2809 1885 2934 1947 τοὺς
2967 1885 3232 1953 ἄρχοντας
3263 1881 3369 1935 τῶν
3397 1880 3750 1953 Ἐκκλησιῶν,
3795 1883 3922 1953 περὶ
3951 1876 4028 1936 ὧν

789 1978 998 2046 psalmo
1017 1975 1330 2042 dicebatur_:
1371 1991 1389 2022 ι
1420 1971 1594 2026 luduti
1628 1979 1757 2026 sunt
1794 1972 1996 2026 arietes
2027 1970 2344 2024 ovium":r
2385 1962 2426 2016 Β
2455 1996 2487 2030 κ

2333 1987 2344 2020 ι
2385 1962 2426 2016 Β
2455 1978 2544 2031 καὶ
2573 1979 2630 2029 ὲν
2654 1975 2732 2046 τῷ
2765 1975 2869 2047 πρὸ
2904 1974 3093 2027 τούτου
3125 1973 3322 2044 ψαλμῷ
3354 1973 3604 2042 ἐλέγετο·
3643 1993 3662 2026 ι
3684 1973 4031 2028 Ἐνεδύσαντο

787 2082 926 2136 quos
960 2066 1106 2121 velut
1139 2078 1362 2133 gregum
1392 2061 1560 2116 duces
1588 2062 1690 2131 ipsi
1717 2062 2154 2126 constituerunt;
2188 2061 2353 2115 bores

788 2167 992 2221 autem,
1034 2157 1248 2210 animas
1288 2155 1342 2208 in
1383 2154 1644 2208 armentis
1677 2152 1936 2209 Ecclesia:
1979 2154 2350 2219 constitutas;

789 2249 990 2304 etenim
1026 2265 1044 2298 ι
1069 2246 1150 2301 An
1183 2246 1250 2303 de
1297 2246 1491 2309 bobus,
1528 2246 1723 2315 inquit,
1777 2259 1909 2300 cura
1959 2251 2044 2300 est
2073 2243 2181 2298 Deo
2226 2243 2348 2298 7‘?»

790 2340 886 2396 sed
925 2341 988 2395 de
1023 2333 1183 2394 nebis
1229 2355 1457 2410 prorsus
1499 2339 1758 2408 loquitur.
1809 2335 1958 2390 Hirci
1997 2352 2126 2392 vero
2152 2335 2354 2390 fuerint

791 2434 826 2487 ii
869 2433 961 2504 qui
989 2448 1177 2488 recens
1207 2433 1343 2495 nati,
1367 2440 1420 2486 et
1454 2430 1712 2500 procellae
1753 2442 1999 2498 tempore
2054 2428 2163 2482 orti
2209 2429 2350 2484 sint.

789 2524 970 2590 Quare
998 2524 1299 2580 secundum
1326 2523 1569 2592 reliquos
1590 2521 1942 2590 interpretes,
1973 2539 1991 2570 ι
2015 2528 2069 2575 et
2093 2521 2348 2585 deserti,»

792 2609 977 2686 utpote
1025 2615 1118 2686 qui
1168 2615 1606 2685 persecutionem
1675 2612 1989 2682 eﬂ'ugerint,
2061 2621 2349 2666 vocantur.

793 2708 860 2762 Et
885 2709 986 2764 hos
1031 2710 1215 2777 itaque
1248 2706 1406 2778 quasi
1433 2707 1677 2760 novellos
1706 2712 1759 2759 et
1805 2705 1875 2758 ab
1920 2719 1979 2759 se
2018 2704 2214 2759 ductos
2245 2703 2354 2758 Deo

788 2798 1045 2866 oll'erunt,
1079 2781 1377 2867 gloriantes
1407 2794 1608 2867 singuli
1635 2795 1702 2850 de
1732 2795 1799 2849 iis
1819 2809 1960 2864 quos
1980 2795 2348 2849 adduxerunt.

791 2889 916 2945 llaec
951 2892 1132 2960 itaque
1162 2905 1192 2944 a
1221 2890 1382 2944 nobis
1413 2889 1578 2943 modo
1613 2887 1911 2957 spirituali,
1953 2895 2008 2941 et
2040 2885 2350 2940 divinarum

790 2980 1204 3051 Scripturarum
1250 2979 1536 3050 promissis
1581 2985 1973 3042 consentanea,
2005 2976 2352 3032 considerata

791 3080 944 3126 sunt.
1003 3069 1069 3122 Et
1117 3083 1249 3124 sane
1295 3083 1391 3138 par
1431 3075 1516 3123 est
1572 3067 1689 3122 haec
1729 3081 1850 3137 qua:
1895 3065 2008 3135 jam
2051 3053 2352 3120 tractamus

795 3163 954 3216 verba
1000 3163 1081 3216 sic
1108 3161 1430 3231 intelligere,
1465 3159 1646 3230 potius
1673 3173 1836 3228 quam
1880 3156 2201 3213 Iudaeorum
2235 3157 2353 3212 ine-

793 3266 914 3328 ptas
953 3257 1078 3313 illas
1106 3256 1320 3311 fabulas
1350 3255 1725 3318 admittamus,
1757 3253 1926 3309 Deum
1957 3251 2169 3308 scilicet
2197 3250 2351 3304 holo-

795 3349 1024 3412 caustis,
1077 3348 1451 3419 thymiamatis
1523 3361 1744 3422 sensum
1819 3343 2186 3407 moventibus,
2260 3349 2354 3396 aut

794 3441 1050 3503 arietum,
1105 3439 1269 3495 boum
1322 3447 1376 3494 et
1428 3437 1708 3492 hircorum
1757 3436 2023 3506 sanguine
2074 3434 2352 3489 delectari.

793 3530 924 3597 Qum
953 3545 1086 3585 sane
1118 3528 1302 3583 omnia
1347 3545 1443 3598 per
1491 3530 1812 3600 prophetam
1864 3529 1981 3599 ipse
2026 3528 2166 3586 Deus
2192 3545 2357 3600 repu-

794 3623 903 3676 diat
932 3622 1018 3676 bis
1066 3620 1286 3676 verbis:
1325 3638 1344 3671 ι
1368 3619 1526 3686 Quid
1543 3621 1675 3675 mihi
1708 3620 2111 3676 multitudinem
2145 3620 2356 3676 sacriﬁ-

793 3715 1003 3768 ciorum
1029 3719 1356 3778 vestrorum,
1384 3712 1515 3767 dicit
1548 3710 1846 3768 Dominus:
1879 3714 2074 3782 plenus
2102 3727 2222 3768 sum
2257 3713 2359 3766 ho-

795 3803 1054 3857 locaustis
1095 3802 1353 3864 arietum,
1400 3809 1457 3856 et
1512 3802 1729 3872 adipem
1783 3817 2070 3873 agnorum,
2133 3803 2357 3872 sangui-

795 3908 1024 3962 nemque
1071 3903 1351 3948 taurorum
1397 3901 1453 3948 et
1492 3893 1776 3951 hircorum
1824 3894 1970 3950 nolo.
2029 3893 2166 3960 Quis
2210 3893 2356 3948 enim

799 3987 915 4043 hcc
955 3989 1236 4057 requisivit
1283 3988 1352 4043 de
1401 3990 1654 4046 manibus
1707 3991 2068 4046 vcstris"?r
2121 3989 2188 4046 Et
2221 3991 2359 4045 aiias

799 4081 916 4135 haec
946 4081 1226 4135 contraria
1265 4079 1470 4156 fuerint
1512 4082 1580 4138 iis
1612 4097 1739 4152 qua:
1779 4083 1937 4152 prius
1975 4083 2186 4153 psalmo
2232 4096 2360 4136 χιιι

795 4174 941 4228 dicta
982 4179 1132 4235 sunt,
1167 4173 1260 4227 ubi
1310 4188 1378 4228 ex
1417 4187 1650 4243 persona
1701 4172 1793 4238 Dei
1855 4172 2062 4230 fertur:
2107 4190 2128 4224 ‹
2154 4169 2273 4226 Non
2303 4171 2357 4226 in

798 4264 1084 4320 sacriﬁciis
1113 4265 1233 4320 tuis-
1251 4279 1478 4334 arguam
1511 4272 1567 4321 te
1587 4265 1673 4326 ’⁸;
1706 4283 1724 4317 ι
1763 4272 1850 4321 et:
1890 4284 1909 4316 ι
1941 4263 2060 4318 Non
2098 4263 2355 4334 accipiam

796 4354 866 4408 de
895 4357 1064 4408 domo
1081 4363 1179 4407 tua
1214 4355 1438 4420 vitulos,
1483 4369 1661 4424 neque
1690 4353 1757 4408 de
1795 4355 2052 4424 gregi‘ms
2091 4355 2202 4410 tuis
2241 4353 2357 4409 hir-

799 4461 914 4500 cos.
954 4446 1222 4512 Quoniam
1247 4461 1379 4501 mea:
1404 4455 1531 4501 sunt
1563 4461 1753 4500 omnes
1781 4445 1909 4500 fera:
1956 4447 2239 4508 silvarum,
2268 4446 2360 4515 ju-

801 4544 981 4589 menta
1016 4537 1070 4590 in
1104 4534 1384 4591 montibus
1433 4545 1491 4591 et
1517 4534 1777 4600 boves";
1814 4552 1833 4585 ι
1871 4535 1974 4589 sub
2006 4533 2119 4589 haec
2146 4542 2356 4590 autem:

2454 2070 2502 2120 οί
2527 2070 2671 2140 κριοὶ
2683 2067 2790 2120 τῶν
2809 2066 3093 2137 προϐάτων
3111 2084 3123 2096 ·
3146 2086 3166 2119 ι
3187 2065 3278 2130 οὒς
3300 2066 3487 2138 ὥσπερ
3508 2066 3770 2137 ποιμνίων
3787 2066 4028 2138 ἡγουμέ-

2452 2178 2573 2224 νους
2601 2161 2754 2215 αὐτοὶ
2782 2159 3120 2229 κατέστησαν
3145 2176 3159 2190 ⁸
3215 2159 3342 2230 βόας
3367 2159 3424 2212 δὲ
3466 2157 3563 2222 τὰς
3605 2159 3662 2212 ὲν
3695 2160 3760 2230 τῇ
3800 2158 4000 2230 Ἑκκλη

2455 2252 2543 2322 σίᾳ
2569 2251 2968 2322 ἀγελαζομένας
2987 2250 3162 2321 ψυχάς
3182 2268 3197 2282 ο
3231 2269 3249 2302 ι
3268 2251 3359 2332 Ml)
3383 2250 3490 2323 γὰρ
3534 2252 3642 2305 τῶν
3679 2251 3844 2321 βοῶν,
3872 2250 4026 2320 φησι,

2455 2343 2605 2414 μέλει
2652 2342 2730 2413 τῷ
2770 2342 2924 2412 Θεῷ;
2959 2361 2976 2393 ι
3014 2343 3048 2414 ἢ
3082 2341 3148 2394 δι’
3179 2342 3569 2413 ἡμᾶς’πάντως
3595 2341 3776 2410 λέγει’
3805 2343 4030 2426 χίμαροι

2449 2431 2507 2485 δὲ
2541 2435 2588 2485 οἱ
2615 2435 2917 2504 άρτιγενεῖς
2947 2433 3041 2486 καὶ
3072 2432 3148 2502 τῷ
3177 2432 3352 2503 καιρῷ
3378 2430 3472 2484 τοῦ
3501 2431 3766 2502 χειμῶνος
3796 2449 4028 2503 γεγενη-

2455 2524 2601 2594 μένοι
2652 2520 2761 2577 εἷεν
2806 2523 2871 2577 ἄν
2969 2524 3060 2576 Διὸ
3091 2525 3230 2578 κατὰ
3260 2526 3384 2588 τοὺς
3414 2523 3633 2588 λοιποὺς
3666 2525 4026 2596 ἑρμηνευτὴς,

2458 2633 2477 2665 ι
2501 2616 2594 2668 καὶ
2609 2615 2806 2687 ἔρημοι
2822 2655 2838 2681 ,
2863 2634 2881 2668 ι
2905 2615 2980 2678 ὡς
3000 2615 3089 2668 τὸν
3107 2615 3199 2669 τοῦ
3217 2615 3452 2686 διωγμοῦ
3473 2615 3659 2687 καιρὸν
3675 2616 4025 2685 ἐκφυγόντες,

2456 2708 2864 2781 ὠνομάσθησαν.
2898 2707 3253 2772 Καὶετούτους
3279 2707 3562 2780 τοιγαροῦν
3589 2707 3663 2772 ὡς
3689 2708 3756 2762 ἂν
3776 2706 4024 2777 νεογνοὺς

2464 2800 2544 2852 ca‘:
2589 2800 2680 2853 ὑπ’
2712 2799 2890 2854 αὐτῶν
2916 2799 3294 2872 προηγμένους
3339 2797 3417 2868 τῷ
3457 2797 3577 2870 Θεῷ
3628 2798 3992 2870 προσάγουσιν

2459 2891 2679 2955 ἕκαστος
2720 2893 2804 2960 ἐφ’
2837 2886 2919 2956 οἷς
2961 2892 3304 2962 προηγάγετο
3353 2890 3766 2962 σεμνυνόμενος.
3841 2891 4026 2944 Ταῦτα

2454 2985 2553 3055 μὲν
2579 2979 2670 3036 οῦν
2693 2983 3074 3054 πνευματικῶς
3100 2983 3193 3036 καὶ
3216 2983 3530 3054 πρεπόντως
3551 2985 3616 3052 τῇ
3643 2981 3752 3035 τῶν
3773 2981 4028 3036 θεοπνεύ-

2453 3093 2590 3130 στων
2603 3075 2640 3126 Γ
2645 3074 2829 3146 ραφῶν
2852 3074 3152 3145 ἐπαγγελίᾳ
3174 3074 3505 3145 τεθεώρηται
3527 3076 3678 3144 ἡμῖν.
3700 3075 3808 3127 Καὶ
3827 3075 4028 3147 πρέπει

2451 3185 2513 3236 γε
2542 3169 2707 3232 δντως
2738 3166 2954 3220 ἀκούειν
2980 3165 3088 3219 τῶν
3117 3166 3511 3237 προκειμένων,
3537 3165 3570 3236 ἢ
3598 3165 3739 3219 κατὰ
3763 3165 3860 3228 τὰς
3895 3167 4028 3221 Ἰου-

2451 3258 2616 3312 δαίων
2636 3257 2892 3320 ταπεινὰς
2926 3257 3246 3328 μυθολογίας
3268 3255 3680 3326 ὁλοκαυτώμασι
3706 3257 3914 3329 χαίρειν
3935 3259 4026 3310 τὸν

2455 3351 2606 3414 Θεὸν,
2638 3350 2671 3422 ἢ
2703 3349 3039 3420 θυμιάμασιν
3067 3349 3362 3420 αἰσθητοῖς,
3392 3349 3425 3419 ἢ
3460 3349 3628 3420 κριῶν
3653 3349 3746 3403 atat
3773 3349 3910 3420 βοῶν
3932 3351 4028 3404 καὶ

2455 3439 2705 3511 χιμάρων
2735 3439 2960 3510 αἰμασιν
2994 3439 3380 3492 ὑπονοούντων.
3424 3439 3489 3489 Ἀ
3516 3437 3579 3509 δὴ
3611 3437 3788 3492 πάντα
3819 3439 3906 3492 διὰ
3928 3437 4028 3493 τοῦ

2456 3530 2734 3599 προφήτου
2765 3528 2925 3592 αὐτὸς
2957 3529 2984 3581 ὁ
3009 3527 3141 3591 Θεὸς
3176 3529 3521 3595 παραιτεῖται
3553 3526 3725 3596 λέγων
3745 3542 3758 3556 ·
3809 3545 3828 3578 ι
3849 3526 3914 3579 Τί
3938 3544 4031 3598 μοι

2457 3619 2660 3689 πλῆθος
2677 3619 2785 3673 τῶν
2817 3620 3018 3674 θυσιῶν
3041 3621 3226 3690 ὑμῶν;
3260 3620 3404 3689 λέγει
3424 3619 3655 3692 Κύριοςο
3684 3619 3894 3691 πλήρης
3915 3619 4032 3689 είμὶ

2455 3711 2918 3782 ὁλοκαυτωμάτων
2947 3713 3142 3782 κριῶν,
3175 3715 3266 3766 καὶ
3301 3713 3464 3785 στέαρ
3495 3711 3672 3784 ἀρνῶν
3695 3713 3788 3765 καὶ
3819 3711 4034 3782 αἵματα

2457 3802 2671 3874 ταύρων
2699 3803 2793 3856 καὶ
2818 3803 3032 3874 τράγων
3055 3804 3114 3856 ού
3148 3803 3425 3873 βούλομαι.
3476 3803 3571 3866 Τίς
3587 3802 3707 3874 ,γὰρ
3737 3799 4032 3872 ὲξεζήτησε

2458 3895 2624 3949 ταῦτα
2640 3897 2705 3950 ὲκ
2724 3895 2829 3948 τῶν
2853 3895 3049 3967 χειρῶν
3059 3891 3226 3967 ’ὑμῶν
3245 3913 3290 3960 ς»
3311 3897 3420 3950 Καὶ
3445 3895 3618 3958 ἄλλως
3640 3898 3688 3963 γ’
3705 3894 3770 3948 ἂν
3795 3895 3880 3965 εἴη
3901 3895 4036 3948 ταῦ-

2457 4005 2524 4040 τα
2552 3988 2771 4041 ἐναντία
2799 3991 2909 4050 τοῖς
2940 3986 3249 4058 ἔμπροσθεν
3281 3986 3422 4040 κατὰ
3447 3986 3538 4039 τὸν
3575 3985 3669 4057 μθ¹
3701 3987 3911 4058 ψαλμὸν
3943 3986 4032 4040 λε-

2457 4075 2756 4147 λεγμένοις,
2779 4079 2835 4130 ὲν
2857 4071 2936 4140 οἷς
2957 4079 3021 4130 ὲκ
3040 4077 3329 4148 προσώπου
3356 4077 3446 4131 τοῦ
3465 4076 3600 4130 Θεοῦ
3623 4077 3863 4146 ἐλέγετο*
3884 4079 4030 4133 «Οὐκ

2459 4166 2552 4220 ἐπὶ
2577 4170 2695 4232 ταῖς
2727 4167 2936 4232 θυσίαις
2958 4186 3052 4223 σου
3085 4169 3286 4238 ἐλέγξω
3311 4185 3370 4222 σε
3389 4185 3403 4199 ο
3433 4187 3451 4218 ι
3483 4169 3610 4223 καί·
3643 4188 3662 4221 ι
3685 4170 3760 4223 Ού
3791 4168 4033 4240 λήψομαι

2459 4259 2525 4311 ἐκ
2552 4257 2644 4311 τοῦ
2675 4257 2822 4312 οἴκου
2847 4277 2940 4314 σου
2967 4261 3230 4331 μόσχους,
3262 4261 3382 4315 οὐδὲ
3409 4262 3474 4315 ὲκ
3505 4261 3611 4314 τῶν
3635 4261 3896 4332 ποιμνίων
3937 4278 4030 4316 σου

2460 4348 2753 4420 χιμάρους
2785 4351 2865 4405 ὅτι
2897 4351 3006 4421 ἐμά
3031 4352 3148 4405 ἐστι
3179 4352 3356 4405 πάντα
3389 4351 3459 4405 τὰ
3489 4350 3655 4423 θηρία
3677 4351 3771 4406 τοῦ
3798 4350 4030 4424 δρυμοῦ,

2463 4443 2633 4512 κτήνη
2662 4441 2720 4494 ὲν
2744 4443 2856 4506 τοῖς
2882 4441 3033 4512 δρεσι
3063 4443 3161 4496 καὶ
3187 4443 3308 4512 βόες
3325 4459 3338 4473 ·
3362 4462 3378 4494 ι
3435 4442 3530 4495 καὶ
3559 4443 3686 4514 ἑξῆς
3709 4458 3722 4472 ⁸
3762 4460 3782 4492 ι
3802 4442 3894 4512 Μὴ
3929 4441 4034 4510 φά-

2460 4549 2626 4602 γομαι
2652 4533 2789 4603 κρέα
2808 4532 3040 4603 ταύρων,
3065 4534 3098 4605 ἢ
3123 4532 3259 4605 αἷμα
3281 4534 3448 4605 κριῶν
3474 4535 3700 4605 πίομαι;
3724 4554 3742 4586 ι
3774 4532 3898 4598 Πῶς
3921 4532 4031 4604 γάρ

808 4646 827 4678 ε
864 4625 1115 4696 Nunquid
1145 4627 1485 4681 manducabo
1512 4641 1707 4705 carnes
1741 4635 2046 4689 taurorum,
2097 4634 2190 4680 aut
2233 4641 2362 4680 san-
2396 4661 2437 4716 υ
2463 4624 2506 4674 ὲ]

2337 4655 2362 4667 ο
2396 4661 2437 4716 D
2463 4623 2688 4686 ἐκείνοις
2717 4623 2979 4694 σύμφωνα
3016 4623 3081 4678 ἂν
3111 4625 3202 4713 εἴη
3221 4626 3290 4679 τὰ
3313 4626 3544 4696 ώςπερὶ
3570 4624 4032 4694 ὁλοκαυτωμάτων

803 4715 1017 4784 guinem
1043 4713 1316 4768 hircorum
1331 4715 1627 4783 potabo“?
1651 4734 1669 4767 ›
1699 4715 1800 4780 Qui
1832 4714 1976 4769 enim
2022 4713 2130 4770 illis
2163 4729 2360 4771 conso-
2397 4712 2424 4716 ⁷
2463 4730 2501 4765 κη

2323 4733 2360 4766 ι-
2397 4712 2424 4716 ’
2463 4714 2556 4766 καὶ
2582 4712 2751 4784 κριῶν
2776 4714 2869 4767 καὶ
2894 4713 3028 4784 βοῶν
3059 4720 3151 4770 καὶ⁸
3174 4712 3422 4788 χιμάρων
3438 4715 3672 4770 ἐνταῦθα
3697 4715 4021 4786 λελεγμένας

801 4813 933 4860 nent
972 4819 1094 4875 quas
1122 4803 1188 4857 de
1213 4804 1566 4867 holocaustis.
1595 4807 1877 4867 arietibus.
1906 4806 2081 4863 bobus
2105 4813 2170 4863 et.
2188 4805 2358 4862 hircis

802 4893 892 4949 hic
933 4892 1265 4947 traduntur?
1305 4891 1368 4947 Et
1397 4907 1530 4949 sane
1575 4896 1690 4964 ipse
1725 4894 1892 4950 David
1938 4897 2191 4966 superius
2221 4911 2350 4950 con»

803 4987 1004 5040 titendo
1034 4986 1281 5057 dixerat:
1319 5003 1337 5036 ι
1361 4985 1630 5052 Quoniam
1654 4986 1699 5041 si
1721 4988 1988 5044 voluisses
2009 4989 2361 5052 sacriﬁcium,

803 5075 1075 5132 dedissem
1105 5078 1315 5146 utique,
1343 5077 1678 5133 holocaustis
1719 5093 1829 5131 non
1853 5077 2268 5135 delectaberis"
2296 5097 2311 5145 ;
2338 5099 2354 5129 ι

803 5175 859 5221 et
891 5165 945 5219 in
975 5167 1089 5221 alio
1121 5169 1315 5224 iterum
1341 5188 1354 5223 :
1394 5186 1414 5220 ι
1441 5167 1786 5226 Sacriﬁcium
1816 5178 1871 5226 et
1901 5172 2234 5228 oblationem
2270 5187 2362 5226 no-

805 5255 980 5317 luis“,
1012 5271 1211 5327 corpus
1241 5261 1675 5328 autemaptasti
1724 5259 1880 5314 mihi.
1931 5259 2262 5319 Holocausta
2306 5271 2361 5317 et

805 5361 906 5415 pro
936 5354 1160 5415 peccato
1205 5364 1313 5404 non
1343 5358 1495 5420 grata
1528 5342 1766 5406 habuisti
1789 5353 1888 5406 ⁸⁸.»

878 5435 1044 5528 Vitas.
1069 5436 1251 5528 16-20.
1289 5459 1309 5492 ι
1341 5439 1552 5528 γεηίιε,
1593 5443 1776 5498 audite
1801 5452 1857 5498 et
1887 5445 2142 5510 narrabo,
2171 5459 2364 5500 omnes

806 5527 901 5595 qui
930 5529 1133 5584 timetis
1163 5527 1581 5603 Deum,quanta
1607 5531 1734 5589 fecit
1757 5534 1949 5599 anima:
1979 5549 2161 5590 mea.»
2194 5535 2359 5590 Iidem

810 5619 1068 5689 superius
1128 5619 1406 5678 dicebant:
1451 5622 1685 5680 (Venite
1730 5633 1785 5680 et
1839 5625 2017 5680 videte
2053 5640 2219 5695 opera
2244 5625 2361 5689 Dei,

2461 4805 2570 4858 Καὶ
2605 4805 2710 4876 μὴν
2741 4805 2901 4868 αύτὸς
2937 4809 2966 4860 ὁ
2994 4808 3155 4862 Δαυῖδ
3181 4809 3267 4862 διὰ
3307 4808 3413 4859 τῶν
3448 4801 3756 4878 ἔμπροσθεν
3779 4805 4028 4877 ἐξομολο-

2460 4898 2720 4967 γούμενος
2746 4896 2929 4965 ἔλεγεν
2951 4914 2964 4927 °
3007 4917 3027 4950 ι
3053 4901 3192 4962 Ὅτι,
3224 4903 3272 4953 εί
3301 4898 3568 4970 ἠθέλησας
3597 4898 3783 4952 θυσίαν
3808 4939 3823 4963 ,
3857 4899 4032 4954 ἔδωκα

2465 4988 2566 5053 ἂν,
2599 4991 3023 5063 ὁλοκαυτώματα
3065 4993 3165 5044 ούκ
3208 4991 3538 5061 εύδοκήσεις.
3568 5009 3586 5042 ι
3645 4990 3753 5044 Καὶ
3782 4990 3940 5060 πάλιν
3973 4994 4031 5045 ὲν

2468 5083 2636 5154 ἑτέρῳ
2655 5101 2668 5116 ·
2702 5105 2720 5136 ι
2743 5081 2942 5136 Θυσίαν
2963 5083 3054 5136 καὶ
3081 5081 3393 5154 προσφορὰν
3420 5083 3518 5135 οὐκ
3545 5070 3804 5151 ἐθέλησας
3821 5123 3834 5146 ,
3873 5083 4030 5153 σῶμα

2466 5174 2521 5227 δὲ
2547 5177 2855 5247 κατηρτίσω
2885 5192 2993 5246 μοι.
3039 5172 3483 5244 ὐλοκαυτώματα
3502 5173 3594 5226 καὶ
3613 5173 3740 5244 περὶ
3758 5175 4031 5247 ἁμαρτίας

2467 5268 2565 5319 οὐκ
2595 5269 2919 5337 ηὑδόκησας.
2963 5285 2983 5319 ι

2542 5439 2753 5501 «Δεῦτε,
2775 5439 3062 5506 ἀκούσατε,
3078 5439 3532 5508 καὶδιηγήσομαι,
3548 5438 3749 5500 πάντες
3767 5437 3817 5490 οί
3840 5434 4032 5504 «90606-

2471 5547 2619 5600 μενοι
2639 5531 2728 5584 τὸν
2756 5531 2908 5594 Θεὸν,
2941 5533 3039 5584 ὅσα
3073 5531 3294 5601 ἐποίησε
3326 5532 3392 5601 τῇ
3415 5530 3558 5600 ψυχῇ
3585 5545 3709 5599 μου.
3733 5547 3754 5578 ι
3787 5525 3850 5579 Ol
3880 5523 4032 5577 αὐτοὶ

2470 5623 2563 5675 καὶ
2590 5624 2648 5676 ὲν
2674 5627 2785 5688 τοῖς
2817 5623 3120 5695 ἔμπροσθεν
3149 5623 3331 5690 ελεγον
3349 5640 3363 5653 ο
3398 5615 3399 5620 “
3427 5640 3447 5673 ι
3474 5620 3638 5675 Δεῦτε
3668 5619 3762 5672 καὶ
3795 5615 3930 5669 ἴδετε
3962 5607 4032 5669 τά

955 5753 1266 5837 Rsahcuz,
1294 5759 1355 5837 ε.
1392 5759 1442 5837 ’⁸
1463 5757 1614 5837 Psal:
1637 5760 1908 5837 nivale
1977 5760 2025 5791 "
2047 5758 2068 5814 Ι
2094 5761 2220 5837 θος.
2247 5777 2324 5827 ιι,
2355 5759 2408 5816 9.
2486 5761 2531 5794 "’
2557 5762 2577 5817 Ι

2355 5759 2408 5816 9.
2486 5761 2531 5794 ’⁷
2557 5762 2660 5820 lsa.
2698 5763 2851 5829 1,Η,
2889 5766 2974 5818 1‘2.
3045 5763 3090 5796 ’⁸
3119 5760 3262 5816 Psal.
3295 5776 3454 5825 uix,
3494 5760 3548 5815 8.
3619 5756 3666 5790 '"
3701 5755 3913 5837 ibid.9,
3937 5755 4026 5814 £0.

813 5824 860 5857 ⁸⁸
899 5826 1027 5880 ibid.
1063 5830 1144 5882 l5.
1219 5831 1263 5883 ἰ
1294 5828 1433 5883 Psal.
1469 5845 1521 5892 ι..
1555 5832 1638 5885 18.
1710 5828 1918 5887 "Psal.
1961 5846 2144 5897 xxxix,
2179 5831 2211 5882 7

886 5921 961 5993 (Ι)
986 5920 1292 5994 Legendnm
1328 5922 1569 5994 σώματα.
