4300 6410
298 507 408 565 sco
490 486 493 489 ’
1390 506 1895 565 COMMENTARIA
1933 508 2003 564 lN
2041 508 2377 591 PSALMOS.
3445 521 3551 576 om

294 629 429 705 ἔργα
460 628 554 682 τοῦ
582 626 717 683 Θεοῦ
738 668 753 692 ,
808 626 1035 700 φοϐερὸς
1067 627 1124 680 ὲν
1158 625 1372 695 βουλαῖς
1408 625 1547 693 ὑπὲρ
1574 618 1699 687 τοὺς
1732 622 1880 686 υἱοὺς
1905 632 1954 686 Α
1984 631 1992 675 1

1854 639 1880 686 ς
1905 632 1954 686 Α
1984 625 2250 681 terribilis
2285 627 2341 680 in
2390 627 2642 683 consiliis
2698 640 2863 697 super
2907 623 3047 681 ﬁlios
3089 627 3424 683 hominum.»
3483 629 3552 685 Ει

294 724 399 777 τῶν
415 720 716 794 ἀνθρώπιον
733 738 746 752 ο
762 740 779 771 »
800 721 895 774 καὶ
918 718 1289 788 ταῦταδέλεγον
1303 720 1415 780 τοῖς
1430 717 1626 769 ἔθνεσι.
1648 716 1755 770 Καὶ
1770 714 1864 767 νῦν
1979 713 1992 766 Ι

1849 733 1864 767 θ
1979 713 2065 768 his
2091 724 2283 785 gentes
2316 716 2755 786 alloquebantur.
2805 715 2961 771 Nunc
2992 715 3159 791 igitur
3190 718 3292 786 ipsi
3326 719 3547 774 eosdem

292 811 387 869 οὖν
401 814 624 868 πάλιψοί
640 815 793 866 αὐτοὶ
810 814 991 875 αὐτοῖς
1006 812 1117 871 τοῖς
1145 808 1464 879 προσφωνοῦ
1471 826 1520 861 σι
1537 808 1833 876 φάσκοντες
1850 823 1863 837 ο

298 924 319 957 ι
338 889 500 959 Ᾰεῦτε
532 905 626 959 καὶ
653 888 940 961 ἀκούσατε,
962 903 1055 955 καὶ
1080 900 1429 972 διηγήσομαι.
1460 921 1476 952 »
1500 901 1654 963 Τίνες
1668 900 1724 952 δὲ
1744 900 1865 953 δεῦ-

292 1016 386 1063 τε;
420 998 660 1067 ἐπιλέγει
691 996 838 1066 ἑξῆς·
870 1015 888 1046 ι
912 996 1117 1055 Πάντες
1144 992 1533 1062 οίφοδούμενοι
1557 992 1645 1045 τὸν
1666 992 1860 1045 Θεόνί

291 1090 385 1155 οὓς
412 1090 668 1162 ἀνωτέρω
693 1088 823 1143 ποτὲ
851 1086 949 1158 μὲν
970 1085 1149 1138 πᾶσαν
1170 1084 1265 1154 τὴν
1288 1084 1391 1153 γῆν
1414 1084 1711 1155 ὠνόμαζον,
1736 1084 1863 1136 ποτὲ

292 1184 350 1239 δὲ
395 1184 573 1238 πάντα
600 1183 669 1236 τά
699 1181 843 1251 ἔθνη.
886 1180 1021 1243 Τοὺς
1083 1178 1274 1240 αὐτοὺς
1322 1176 1428 1249 γάρ
1462 1177 1555 1229 καὶ
1619 1177 1710 1228 ἐπὶ
1770 1175 1863 1227 τοῦ

292 1276 556 1350 παρόντος
590 1272 805 1345 δηλοῦσι
821 1270 984 1340 φοδου
992 1270 1182 1340 μένους
1195 1269 1284 1322 τὸν
1300 1267 1431 1321 Θεὸν
1446 1266 1860 1331 ἀποκαλοῦντες.

293 1368 557 1429 Πολλάκις
582 1364 639 1418 δὲ
667 1364 759 1417 καὶ
787 1365 844 1414 ὲν
876 1361 1080 1433 ἑτέροις
1112 1359 1472 1430 ἀπεδείξαμεν
1495 1400 1510 1423 ,
1541 1359 1613 1423 ὡς
1648 1360 1770 1421 τοὺς
1804 1356 1865 1422 ἐξ

291 1458 462 1513 ἐθνῶν
507 1452 890 1515 θεοσεϐοῦντας
936 1451 1301 1520 φοϐουμένους
1331 1449 1421 1503 τὸν
1448 1448 1651 1521 Κύριον
1678 1447 1861 1501 καλεῖν

291 1548 480 1602 εἴωθεν
499 1550 527 1600 δ
547 1545 733 1613 Λόγος.
754 1544 906 1598 Ἐπεὶ
928 1544 1104 1596 τοίνυν
1129 1542 1317 1614 μνείας
1335 1542 1502 1595 δεῖται
1520 1541 1581 1593 τὸ
1605 1541 1863 1610 κήρυγμα

292 1638 352 1692 τὸ
376 1634 749 1699 ἀποστολικὸν,
785 1632 1096 1701 ἀναγκαίως
1122 1630 1543 1701 ἐπαγγέλλονται
1568 1628 1665 1700 τὴν
1691 1630 1863 1699 ἑρμη-

291 1727 439 1784 νείαν
458 1724 795 1798 παραδώσειν
814 1727 925 1787 τοῖς
943 1724 1119 1777 ἔθνεσι
1138 1723 1385 1792 λέγοντες
1404 1738 1417 1752 ·
1446 1740 1465 1772 ι
1487 1719 1650 1783 Δεῦτε
1670 1758 1684 1783 ,
1707 1720 1864 1773 ἀκού-

280 1820 445 1881 σατε,
475 1818 569 1871 καὶ
594 1816 920 1888 διηγήσομαι
941 1832 955 1846 ο
982 1814 1261 1885 ιεΛέγουσι
1286 1812 1343 1865 δὲ
1369 1812 1537 1867 ταῦτα
1561 1812 1635 1875 ὼς
1663 1811 1718 1876 ἐξ
1745 1812 1863 1874 ἑνὸς

293 1904 556 1975 στόματος
591 1903 679 1958 διὰ
709 1905 809 1977 τὴν
834 1904 1112 1958 τελείωσιν
1136 1920 1149 1933 ·
1182 1905 1229 1956 οἱ
1258 1902 1366 1973 γὰρ
1397 1904 1595 1966 πάντες
1618 1902 1676 1955 ἓν
1707 1904 1863 1972 γεγό-

1978 806 2306 874 compellant
2340 806 2424 862 bis
2446 808 2625 863 verbis
2656 826 2671 861 :
2708 828 2727 859 ι
2751 805 2966 871 Venite,
2983 814 3039 862 et
3090 806 3295 872 audite,
3331 820 3385 864 et
3419 826 3547 865 nar-

1978 897 2129 950 rabo.
2165 918 2185 950 »
2230 896 2483 963 Quinam,
2520 898 2737 954 venite?
2790 899 2984 956 deinde
3051 900 3211 955 infert
3246 919 3260 954 ;
3295 917 3315 951 ι
3338 899 3551 957 Omnes

1974 988 2071 1056 qui
2102 988 2308 1067 timetis
2336 988 2532 1045 Deum:
2571 1011 2588 1043 »
2623 1007 2764 1061 quos
2793 1007 2961 1062 supra
2988 992 3149 1046 modo
3182 1006 3397 1047 omnem
3431 1004 3550 1050 ter-

1976 1094 2093 1132 ram
2129 1093 2603 1156 nuncupaverant,
2637 1084 2797 1138 modo
2824 1100 3015 1139 omnes
3046 1091 3255 1155 gentes.
3306 1083 3543 1140 Eosdem

1974 1171 2118 1223 enim
2171 1172 2224 1225 in
2275 1175 2533 1243 pnesenti
2565 1173 2881 1239 declarant,
2915 1192 3039 1230 cum
3077 1177 3329 1231 timentes
3370 1175 3547 1232 Deum

1973 1265 2318 1332 compellant.
2372 1264 2699 1337 Plerumque
2736 1268 2793 1323 in
2824 1268 2946 1323 aliis
2966 1270 3542 1336 commonstravimus,

1970 1367 2064 1406 eos
2086 1368 2151 1406 ex
2184 1355 2439 1424 gentibus
2460 1360 2553 1427 qui
2581 1360 2725 1429 piam
2756 1359 2945 1415 colunt
2973 1360 3309 1430 religionem,
3344 1362 3541 1417 timen-

1969 1446 2052 1499 tes
2086 1443 2375 1501 Dominum
2434 1449 2769 1521 Scripturam
2825 1452 3097 1522 appellare
3152 1455 3346 1509 solere.
3401 1453 3541 1521 Quo-

1970 1536 2117 1590 niam
2179 1537 2349 1609 igitur
2411 1543 2729 1609 praadicatio
2781 1545 3093 1614 evangelica
3142 1546 3538 1601 commentario

1968 1635 2109 1696 eget,
2156 1642 2214 1698 se
2248 1629 2368 1698 ejus
2403 1631 2913 1700 interpretationem
2964 1633 3263 1689 tradituros
3290 1650 3534 1691 necessa-

1968 1722 2053 1773 rio
2102 1722 2356 1792 gentibus
2412 1724 2759 1793 pollicentur,
2796 1724 3043 1780 dicentes
3079 1745 3092 1779 :
3126 1744 3145 1776 ι
3176 1724 3385 1792 Venite;
3430 1742 3532 1782 an-

1970 1812 2099 1875 dite,
2135 1821 2189 1867 et
2236 1814 2528 1869 narrabo.»
2573 1813 2696 1869 Haec
2720 1830 2887 1884 porro
2942 1816 3100 1885 quasi
3153 1832 3223 1889 ex
3269 1833 3380 1872 uno
3437 1833 3536 1881 ore

1969 1905 2255 1975 proferunt
2280 1915 2503 1977 propter
2517 1907 3042 1962 consummationem
3066 1912 3083 1962 :'
3109 1923 3300 1964 omnes
3329 1908 3535 1978 quippe

290 2014 414 2051 νασι
448 1996 821 2059 τελειωθέντες
848 1998 906 2049 ὲν
936 1994 1141 2067 Κυρίῳ.
1188 1995 1298 2047 Καὶ
1328 1994 1499 2046 ταῦτα
1532 1992 1775 2058 θεσπίζει
1804 1994 1865 2047 τὸ
1896 1986 1939 2041 Β
1968 1997 1983 2049 i

1851 2005 1865 2046 >
1896 1986 1939 2041 Β
1968 1997 2020 2049 in
2047 1996 2273 2073 Christo
2300 1998 2668 2052 consummati
2698 2012 2866 2052 unum
2914 1996 3090 2054 effecti
3124 2006 3275 2053 sunt.
3332 1996 3399 2051 Et
3426 1998 3549 2055 hoc.

293 2083 514 2159 Πνεῦμα
532 2086 591 2139 τὸ
610 2086 764 2155 άγιον
780 2086 855 2149 ὡς
874 2084 932 2150 ἐξ
952 2085 1067 2148 ἑνὸς
1084 2082 1244 2154 χοροῦ
1265 2083 1357 2136 τοῦ
1380 2082 1734 2137 άποστολικοῦ
1753 2086 1865 2147 τοῖς

291 2182 467 2234 ἔθνεσι
497 2176 873 2251 προσφωνοῦν,
904 2174 1365 2246 ὲπαγγελλόμενόν
1388 2173 1861 2245 τεδιερμηνεύειν,

265 2262 268 2267 ’
292 2271 391 2324 ὅσα
418 2269 670 2341 ἐποίησεν
696 2269 725 2321 δ
759 2268 890 2332 Θεὸς
918 2269 986 2338 τῇ
1013 2266 1156 2337 ψυχῇ
1187 2266 1384 2320 αὐτῶν.
1440 2266 1615 2318 Πάλαι
1651 2266 1749 2335 μὲν
1773 2262 1863 2319 οὖν

292 2360 476 2430 ἔλεγον
492 2376 507 2390 ·
542 2380 564 2409 ησ
577 2358 749 2412 ’Δεῦτε
775 2358 869 2411 καὶ
896 2357 1032 2410 ἴδετε
1054 2356 1122 2409 τά
1148 2354 1282 2427 ἔργα
1309 2352 1400 2407 τοῦ
1426 2354 1582 2419 Θεοῦ,
1609 2354 1684 2418 ὡς
1709 2355 1862 2424 μετέ-

292 2452 491 2526 στρεψέ
521 2454 651 2517 ποτε
670 2450 767 2522 τὴν
790 2448 1063 2503 θάλασσαν
1084 2449 1163 2511 είς
1188 2429 1375 2518 ξηράν,
1402 2446 1497 2499 καὶ
1519 2448 1593 2511 ὼς
1618 2449 1673 2500 ὲν
1703 2464 1864 2500 ποτα-

295 2542 383 2615 μῷ
407 2542 615 2611 διῆλθον
645 2538 784 2593 ποδί.
801 2557 820 2590 »
859 2539 992 2591 Νυνὶ
1006 2537 1061 2590 δὲ
1085 2536 1266 2589 οὐκέτι
1287 2536 1357 2587 τὰ
1384 2535 1615 2595 παλαιά,
1641 2534 1773 2588 ἀλλά
1795 2536 1863 2587 τὰ

291 2636 390 2705 τῆς
421 2635 547 2697 νέας
572 2634 666 2687 καὶ
686 2631 877 2700 καινῆς
907 2630 1143 2700 ἱστορίας
1166 2626 1598 2699 παραδεδώκασι,
1625 2628 1721 2689 τάς
1741 2627 1865 2678 ἐαυ-

292 2725 401 2779 τῶν
448 2722 675 2795 πράξεις
718 2720 1120 2791 ὑφηγούμενοι,
1173 2719 1266 2772 καὶ
1298 2718 1396 2781 τάς
1422 2721 1501 2779 είς
1531 2718 1727 2780 αὐτοὺς
1759 2717 1864 2770 ὑπὸ

292 2815 385 2870 τοῦ
415 2813 549 2869 Θεοῦ
576 2813 869 2883 γενομένας
899 2810 1234 2881 εὐεργεσίας.
1285 2809 1377 2862 Διό
1410 2826 1572 2879 φασιν
1595 2826 1608 2839 ·
1677 2828 1696 2859 ι
1725 2809 1863 2862 Ὅσα

291 2908 515 2979 ἐποίησε
550 2908 617 2977 τῇ
644 2904 788 2975 ψυχῇ
822 2919 982 2973 μουοι
1016 2898 1135 2955 εἶτα
1168 2901 1475 2973 διηγοῦνται
1499 2900 1595 2971 τὴν
1625 2901 1862 2969 ἐπαγγέ-

292 2986 414 3054 λίαν
440 2997 788 3069 πληροῦντες.
837 2995 941 3059 Τίς,
962 2993 1018 3047 δὲ
1050 2995 1083 3064 ἠ
1113 2993 1389 3064 διήγησις;
1443 3011 1462 3045 ι
1505 2992 1650 3063 Πρὸς
1682 2992 1862 3055 αὑτὸν,

295 3079 467 3161 φησι,
509 3087 587 3160 τῷ
625 3087 848 3159 στόματί
903 3102 1002 3157 μου
1055 3084 1361 3156 ἐκέκραξα,
1422 3084 1516 3137 καὶ
1546 3083 1735 3153 ’ύψωσα
1761 3083 1866 3136 ὑπὸ

295 3184 393 3253 τὴν
415 3179 665 3251 γλῶσσάν
689 3196 809 3250 μου.
840 3198 857 3229 »
906 3177 1121 3248 Ἐπειδὴ
1142 3176 1251 3247 γὰρ
1276 3175 1373 3239 τὰς
1393 3178 1471 3254 εἰς
1499 3176 1692 3238 αὐτοὺς
1711 3175 1865 3246 εὐερ-

1969 2086 2207 2159 Spiritus
2258 2096 2484 2145 sanctus
2521 2090 2679 2160 quasi
2729 2105 2794 2144 ex
2851 2104 2961 2144 uno
3007 2090 3310 2159 apostolico
3360 2090 3531 2145 choro

1966 2178 2217 2247 gentibus
2244 2179 2477 2250 loquens
2505 2180 2840 2235 vaticinatur
2865 2199 2879 2249 ;
2928 2196 2991 2235 ac
3022 2181 3308 2251 pollicetur
3338 2196 3397 2236 se
3435 2179 3534 2236 de-

1966 2270 2301 2325 claraturum
2352 2279 2560 2341 quanta
2615 2273 2804 2327 fecerit
2846 2271 2989 2328 Deus
3029 2273 3226 2328 animae
3264 2273 3527 2342 ipsorum.

1964 2357 2102 2413 Olim
2133 2360 2359 2429 quidem
2389 2377 2403 2412 :
2437 2360 2713 2424 dicebant,
2756 2379 2773 2412 ι
2800 2360 2994 2418 Venite
3025 2370 3080 2417 et
3134 2363 3313 2418 videte
3368 2378 3532 2432 opera

1956 2442 2080 2513 Dei,
2111 2453 2204 2520 qui
2244 2452 2541 2521 aliquando
2593 2455 2860 2508 convertit
2901 2470 3051 2510 mare
3088 2454 3146 2509 in
3190 2455 3420 2517 aridam.
3478 2461 3534 2509 et

1966 2543 2018 2596 in
2049 2542 2272 2599 flumine
2303 2548 2743 2614 pertransierunt
2764 2547 2919 2618 pede.
2973 2566 2993 2602 »
3019 2546 3174 2603 Nunc
3209 2557 3388 2603 autem
3424 2538 3533 2602 non
3602 2572 3605 2573 ν

1965 2641 2143 2688 vetera
2169 2636 2424 2701 ulterius,
2457 2638 2552 2693 sed
2594 2653 2658 2693 ea
2690 2654 2811 2708 quae
2838 2654 3034 2693 novam
3072 2648 3321 2707 spectant
3359 2639 3533 2693 histo-

1964 2726 2101 2778 riam
2149 2725 2393 2789 tradunt,
2437 2736 2589 2797 gesta
2622 2743 2743 2791 sua,
2793 2743 3009 2783 necnon
3052 2742 3083 2780 a
3114 2726 3226 2782 Deo
3277 2728 3381 2783 sibi
3419 2729 3549 2783 c6l-~

1965 2813 2071 2866 lata
2134 2812 2397 2868 beneﬁcia
2435 2823 2745 2871 narrantes.
2770 2814 2951 2881 Quare
2984 2815 3174 2868 dicunt
3206 2831 3221 2868 :
3268 2833 3287 2866 ι
3316 2814 3533 2881 Quanta

1966 2904 2093 2958 fecit
2122 2903 2317 2958 animae
2352 2919 2516 2972 meai;
2541 2925 2560 2958 »
2595 2904 2791 2959 deinde
2822 2904 3110 2975 promissis
3163 2913 3369 2961 stantes
3406 2920 3532 2960 nar-

1964 2997 2227 3052 rationem
2249 2997 2559 3053 ordiuntur.
2584 2999 2714 3065 Qua:
2741 2997 2982 3053 narratio
3013 2998 3139 3052 illa?
3181 2999 3198 3048 ἀ
3221 2997 3300 3052 Ad
3329 2998 3527 3068 ipsum,

1968 3087 2161 3157 inquit,
2230 3103 2326 3143 ore
2354 3104 2474 3143 meo
2505 3090 2757 3153 clamavi,
2797 3098 2852 3145 et
2911 3089 3141 3144 exaltavi
3197 3088 3301 3144 sub
3349 3090 3531 3159 lingua

1940 3193 2140 3231 mea.»
2184 3176 2318 3231 Nam
2355 3179 2488 3247 quia
2526 3178 2620 3233 Dei
2653 3193 2783 3249 erga
2827 3195 2885 3234 se
2928 3178 3189 3233 beneficia
3244 3193 3532 3236 recensue-

296 3272 482 3344 γεσίας
524 3270 615 3325 τοῦ
648 3268 784 3324 Θεοῦ
816 3269 1289 3339 κατηριθμήσαντο
1314 3311 1326 3333 ,
1360 3266 1436 3330 ὡς
1480 3264 1857 3337 ὲπυρώθησαν,
1890 3309 1931 3365 C
1966 3285 1993 3321 r

1897 3309 1931 3365 Ε
1966 3278 2110 3333 runt,
2165 3270 2443 3339 quomodo
2485 3270 2696 3324 scilicet
2745 3271 2869 3340 igne
2897 3269 3188 3324 examinati
3232 3277 3286 3323 et
3319 3270 3531 3339 probati
3592 3330 3595 3333 λ

295 3364 370 3429 ὥς
395 3363 826 3435 ἐδοκιμάσθησαν
847 3400 861 3422 ,
893 3360 968 3422 ὡς
994 3359 1236 3430 εἰσῆλθον
1260 3358 1339 3421 είς
1371 3357 1471 3420 τάς
1503 3356 1708 3426 θλίψεις
1727 3397 1740 3420 ,
1788 3356 1864 3419 ὡς

296 3442 614 3525 ὑπέμειναν,
639 3452 714 3515 ὡς
735 3452 946 3521 διῆλθον
964 3451 1052 3503 διά
1076 3451 1245 3521 πυρὸς
1267 3450 1360 3502 καὶ
1383 3448 1591 3512 ὓδατος,
1614 3449 1688 3511 ὡς
1713 3446 1867 3515 ἐξῆλ-

298 3549 388 3602 θον
410 3548 488 3610 εἰς
511 3534 789 3616 ἀναψυχήν
807 3560 820 3573 ·
849 3544 929 3596 ὅτι
959 3543 1032 3611 μὴ
1062 3542 1246 3612 ἀργῶς
1268 3541 1437 3595 ταῦτα
1461 3542 1641 3604 αὐτοῖς
1668 3542 1863 3602 πάντα,

299 3636 331 3711 ἡ
361 3639 479 3693 θεία
503 3636 798 3708 δεδώρηται
827 3636 983 3706 χάρις
1007 3650 1020 3663 ⁸
1055 3634 1188 3687 ἀλλά
1221 3634 1327 3703 γάρ
1352 3632 1528 3686 αὐτῶν
1556 3631 1624 3691 τὰ
1659 3632 1866 3701 μεγάλα

300 3746 362 3783 συ
370 3728 750 3801 μδαλλομένων
766 3728 844 3789 είς
859 3726 918 3778 τὸ
938 3724 1232 3795 μαρτύριον
1252 3717 1587 3776 διδάσκουσιν
1606 3722 1865 3790 ἀναγκαί-

300 3840 392 3885 3);.
421 3820 642 3893 Πρῶτον
681 3818 781 3889 μὲν
809 3817 918 3887 γάρ
936 3810 1174 3884 ,φασὶν,’
1204 3814 1455 3867 οὐδέποτε
1486 3812 1865 3893 ἀνεχωροῦμεν
1892 3823 1900 3830 ‘

300 3886 582 3983 εὐχόμενοι
617 3886 711 3964 καὶ
745 3886 973 3979 βοῶντες
1000 3908 1135 3977 πρὸς
1162 3904 1341 3959 αὐτόν.
1412 3886 1684 3974 Ἐϐοώμεν
1716 3905 1772 3957 δὲ
1803 3905 1862 3956 ού

301 4005 512 4075 κραυγῇ
543 4001 638 4055 καὶ⁵
662 4002 812 4070 φωνῇ
844 3996 1086 4067 γεγωνῷ,
1123 3996 1235 4059 ἀλλ’
1270 4014 1288 4045 ι
1314 3994 1418 4046 ὑπὸ
1445 3993 1539 4065 τὴν
1566 3994 1815 4062 γλῶσσαν
1841 4014 1859 4045 »

302 4092 430 4156 εἵσω
454 4092 764 4161 συνέχοντες
786 4087 961 4141 αὐτῶν
984 4086 1080 4149 τὰς
1108 4085 1256 4155 βοάς·
1284 4084 1502 4156 ᾔδειμεν
1520 4085 1646 4157 γάρ,
1671 4086 1752 4139 ὅτι
1774 4087 1866 4139 καὶ

303 4164 628 4233 σιωπώντων
656 4176 840 4232 ἀκούει
867 4177 896 4228 ὁ
919 4174 1073 4237 Θεὸς,
1097 4172 1186 4226 καί
1213 4175 1317 4226 είσι
1344 4175 1583 4244 κραυγαὶ
1608 4174 1784 4247 ψυχῆς
1805 4176 1864 4229 οὐ

305 4273 388 4327 διὰ
418 4271 660 4344 γλώττης
691 4267 1091 4342 προφερόμεναι
1111 4307 1125 4331 ,
1157 4268 1378 4339 ἀρρήτῳ
1400 4268 1457 4321 δὲ
1482 4268 1707 4340 δυνάμει
1733 4269 1867 4341 πρὸς

305 4363 392 4418 τὸν
411 4363 543 4417 Θεὸν
569 4360 1043 4432 ἀναπεμπόμεναι.
1079 4359 1189 4413 Καὶ
1214 4358 1371 4414 τοῦτό
1400 4362 1543 4414 ἐστιν
1570 4360 1600 4415 ὃ
1632 4361 1867 4428 ἐδίδαξεν

305 4458 332 4512 5
347 4456 534 4529 Σαηὴρ
556 4453 722 4508 είπών
740 4470 752 4486 ·
778 4448 1025 4505 «Εῖσελθε
1052 4450 1133 4513 είς
1146 4450 1205 4504 τὸ
1223 4452 1465 4522 ταμιεῖόν
1483 4469 1597 4514 σου,
1614 4452 1707 4507 καὶ
1726 4451 1869 4505 κλεῖ·

306 4562 396 4600 σον
416 4546 515 4618 τὴν
543 4544 711 4615 θύραν
741 4558 832 4594 σου
852 4582 867 4606 ,
898 4539 994 4593 καὶ
1024 4539 1317 4611 πρόσευξαι
1342 4556 1356 4571 ο
1383 4540 1477 4594 καὶ
1507 4542 1536 4593 ὁ
1563 4542 1749 4612 Πατήρ
1774 4557 1866 4594 σου

1968 3360 2097 3423 sint,
2128 3361 2480 3430 quomodoi‘n
2511 3360 2773 3415 aerumnis
2823 3362 2985 3431 positi
3024 3376 3119 3415 eas
3148 3360 3532 3427 sustinuerint,

1962 3469 2072 3521 quo
2092 3461 2263 3523 ‘pacto
2293 3454 2619 3509 transierint
2643 3444 2763 3521 per
2787 3454 2964 3523 ignem
2995 3461 3051 3506 et
3097 3467 3313 3522 aquam,
3360 3461 3415 3507 et
3446 3454 3532 3507 in-

1965 3547 2139 3614 gressi
2174 3545 2285 3600 sint
2316 3545 2371 3598 in
2430 3543 2815 3614 refrigerium;
2848 3542 2992 3613 quod
3027 3558 3135 3596 non
3186 3544 3301 3596 haec
3346 3543 3534 3599 omnia

1965 3638 2069 3692 sibi
2108 3635 2309 3690 frustra
2367 3633 2552 3689 divina
2588 3635 2762 3704 gratia
2808 3634 3136 3697 contulerit;
3192 3633 3288 3689 sed
3340 3633 3532 3689 isthtec

1964 3727 2066 3781 sibi
2105 3726 2339 3780 maxime
2369 3725 2436 3780 ad
2483 3728 2802 3797 martyrium
2855 3725 3183 3797 profuerint,
3220 3727 3532 3779 necessario

1963 3818 2210 3873 edocent.
2251 3815 2440 3872 Primo
2500 3816 2743 3887 quidem,
2800 3818 2974 3880 aiunt,
3033 3830 3310 3884 nunquam
3367 3816 3530 3869 ﬁnem

1962 3908 2217 3978 precandi
2254 3909 2435 3977 ipsum
2467 3918 2520 3963 et
2542 3906 2813 3963 clamandi
2848 3908 3094 3963 fecimus.
3129 3905 3313 3976 Neque
3350 3916 3530 3961 tamen

1964 3996 2072 4049 alta
2102 4003 2156 4050 et
2186 4009 2387 4050 sonora
2407 4009 2542 4052 voce
2564 3996 2955 4057 clamabamus,
2978 3996 3071 4052 Sed
3110 4013 3129 4045 ι
3158 3996 3260 4049 sub
3285 3995 3534 4065 lingua,»-

1966 4093 2113 4149 intus
2155 4094 2426 4150 clamores
2459 4102 2682 4156 nostros
2711 4091 3152 4161 comprimentes.
3193 4088 3531 4144 Noveramus

1964 4188 2168 4257 quippe
2199 4185 2367 4240 Deum
2401 4186 2487 4241 vel
2539 4191 2785 4239 tacentes
2836 4183 3048 4245 audire,
3078 4193 3309 4252 esseQue
3332 4182 3533 4235 clamo-

1964 4296 2054 4336 res
2084 4296 2195 4343 non
2246 4280 2434 4351 lingua
2482 4280 2581 4337 sed
2629 4286 2812 4335 mente
2868 4277 3133 4346 prolatos,
3172 4291 3236 4330 ac
3271 4274 3530 4339 ineffabili

1968 4356 2173 4429 virtute
2214 4373 2293 4430 ad
2341 4372 2511 4428 Deum
2559 4370 2815 4427 emissos.
2878 4368 3228 4438 Idipsumque
3255 4383 3286 4422 a
3334 4366 3533 4422 Serva-

1950 4475 2085 4523 tore
2153 4467 2381 4523 docetur
2430 4465 2518 4520 his
2575 4462 2799 4518 verbis:
2854 4460 3044 4515 tlntra
3106 4458 3162 4511 in
3217 4457 3528 4512 cubiculum

1969 4567 2148 4628 tuum,
2176 4567 2232 4612 et
2267 4558 2454 4611 clauso
2498 4551 2641 4608 ostio
2669 4565 2800 4606 ora:
2836 4558 2891 4607 et
2920 4549 3080 4603 Pater
3107 4554 3236 4602 tuus
3263 4548 3354 4617 qui
3384 4548 3530 4602 videt

306 4639 331 4691 5
361 4636 569 4707 βλέπων
598 4636 655 4687 ὲν
686 4632 763 4703 τῷ
788 4630 1011 4702 κρυπτῷ
1042 4631 1309 4686 ἀποδώσει
1335 4648 1437 4686 σοι.
1467 4651 1485 4683 »
1561 4631 1745 4696 Οὕτως
1771 4627 1863 4685 οὖν
1896 4647 1939 4701 D
1964 4652 2004 4705 ί,

1835 4650 1863 4683 ν
1896 4647 1939 4701 D
1964 4652 2020 4705 in
2044 4648 2385 4709 abscondito,
2420 4643 2611 4699 reddet
2636 4642 2735 4698 tibi
2750 4643 2817 4699 ⁸³.
2848 4662 2868 4708 »
2896 4642 2986 4697 Sic
3001 4640 3166 4711 igitur
3192 4639 3283 4693 hic
3299 4640 3530 4708 loquun-

307 4729 398 4781 καὶ
426 4724 657 4780 ἐνταῦθά
679 4739 872 4792 φασιν,
897 4723 977 4775 ὅτι
1011 4741 1029 4773 ι
1049 4723 1192 4794 Πρὸς
1220 4723 1378 4777 αὑτὸν
1401 4721 1479 4791 τῷ
1508 4722 1731 4792 στόματί
1764 4740 1865 4793 μου

306 4817 575 4889 ἐκέκραξα
601 4816 695 4869 καὶ
721 4814 909 4884 ῦψωσα
940 4814 1043 4867 ὑπὸ
1065 4813 1162 4885 τὴν
1183 4799 1432 4882 γλῶσσάν
1456 4829 1577 4882 μου·
1604 4831 1622 4863 »
1653 4813 1790 4866 κατά
1810 4814 1867 4867 δὲ

306 4907 395 4960 τὸν
426 4907 736 4978 Σύμμαχον,
766 4905 974 4959 ιΑύτὸν
992 4906 1201 4975 ,1φασὶ,
1239 4905 1317 4975 τῷ
1346 4903 1571 4975 στόματί
1608 4920 1708 4973 μου
1736 4906 1881 4957 ἐπε-ν

304 4997 639 5070 καλεσάμην,
687 4998 779 5052 καὶ
806 4996 991 5069 ὑψώθη
1024 4998 1359 5067 παραχρῆμα
1391 4997 1425 5066 ἡ
1458 4993 1677 5063 γλῶσσά
1707 5014 1861 5066 μου.)

316 5087 453 5141 Ἀλλ’
475 5091 535 5141 οὺ
565 5090 720 5158 μόνον
746 5089 873 5151 ταῖς
884 5089 1067 5158 εὐχαῖς
1090 5074 1447 5158 ἐσχολάζομεν
1468 5085 1560 5138 καὶ
1585 5088 1705 5149 ταῖς
1732 5086 1868 5158 πρὸς

304 5178 395 5232 τὸν
422 5179 551 5232 Θεὸν
579 5181 793 5251 δεήσεσι
824 5180 916 5234 καὶ
950 5162 1277 5251 ἱκετηρίαιςὲ
1302 5177 1436 5232 ἀλλὰ
1462 5178 1554 5231 καὶ
1577 5179 1754 5250 ἔργοις
1774 5180 1869 5232 αὐ-

305 5272 892 5343 τοίςςάπεστρεφόμεθα
925 5273 1020 5341 μὲν
1050 5273 1226 5325 πᾶσαν
1253 5270 1484 5334 ἀδικίαν,
1507 5269 1583 5333 ὡς
1609 5270 1741 5341 μηδὲ
1771 5272 1869 5342 ἑμ-

306 5359 524 5413 6λέπειν
544 5360 680 5430 αὐτῇ
699 5360 920 5424 ἐθέλειν,
943 5361 976 5432 ἢ
997 5361 1090 5415 καὶ
1110 5361 1187 5432 τῷ
1209 5360 1285 5431 νῷ
1308 5343 1658 5430 ἐνθυμεῖσθαί
1676 5377 1729 5413 τι
1757 5359 1869 5413 ἀδι-

305 5466 419 5505 xcv.
453 5448 516 5500 Et
537 5447 642 5520 γάρ
668 5464 720 5500 τι
739 5449 974 5504 τοιοῦτον
999 5450 1334 5521 ἐνενοοῦμεν,
1362 5449 1469 5503 οὐδ’
1493 5449 1867 5504 είσακούεσθαι

305 5538 445 5604 ἄξιοι
470 5536 535 5591 ἂν
755 5536 835 5590 διό
860 5542 1021 5607 φασιν
1039 5558 1053 5572 ο
1116 5559 1135 5592 ι
1170 5540 1404 5594 Ἀδικίαν
1433 5539 1480 5593 εί
1513 5538 1780 5609 ἐθεώρουν
1810 5540 1869 5592 ὲν

306 5629 503 5700 καρδίᾳ
530 5644 629 5699 μου
649 5666 665 5693 ,
700 5626 774 5699 μὴ
802 5630 1167 5687 εἰσακούσατω
1199 5630 1417 5703 Κύριος.
1444 5649 1463 5681 »
1512 5628 1663 5683 Ἐπεὶ
1692 5627 1869 5701 τοίνυν

270 5726 275 5729 ’
307 5720 528 5792 ttat-241v
554 5719 790 5777 διάνοιαν
818 5721 1071 5797 τοιαύτην
1099 5719 1210 5795 εἶχε
1235 5723 1328 5778 καὶ
1371 5723 1470 5788 τάς
1501 5720 1866 5795 εὒχάςτοιαύο

380 5902 429 5942 ⁸³
461 5902 648 5981 blattb.
684 5918 756 5969 γι,
780 5901 831 5958 6.

1881 5830 1959 5845 *αισ-

1971 4751 2058 4797 tur
2100 4761 2113 4796 :
2168 4759 2186 4791 ι
2210 4740 2289 4793 Ad
2326 4738 2501 4809 ipsum
2530 4749 2626 4790 ore
2667 4750 2790 4790 meo
2835 4734 3062 4789 clamavi
3089 4738 3143 4787 et
3169 4731 3398 4787 exaltavi
3427 4732 3531 4787 sub
3616 4744 3619 4747 ·

1968 4834 2150 4903 lingua
2192 4842 2346 4894 mea;
2398 4846 2417 4879 »
2444 4826 2743 4883 secundum
2779 4824 3162 4897 Symmachum
3184 4838 3315 4878 vero
3344 4840 3358 4875 :
3397 4840 3416 4872 ι
3444 4821 3531 4892 lp-

1970 4941 2112 4987 sum,
2162 4922 2348 4983 aiunt,
2393 4934 2490 4975 ore
2542 4932 2667 4975 meo
2719 4916 2999 4979 invocavi,
3043 4924 3097 4971 et
3165 4913 3398 4968 exaltata
3444 4920 3531 4967 est

1950 5013 2257 5079 confestim
2298 5012 2482 5065 anima
2532 5025 2710 5066 mea.»
2766 5007 2877 5063 Sed
2923 5022 3035 5062 non
3067 5002 3277 5060 tantum
3324 5004 3530 5057 oratio-

1969 5107 2152 5167 nibus,
2232 5102 2491 5172 precibus
2549 5108 2604 5156 et
2662 5089 3153 5169 supplicationibus
3228 5091 3295 5146 ad
3354 5089 3528 5146 Deum

1965 5194 2183 5251 emissis
2208 5193 2551 5257 vacavimus;
2583 5188 2683 5246 sed
2712 5188 2845 5259 ipsis
2892 5185 3150 5257 operibus
3188 5181 3528 5259 iniquitatem

1967 5298 2182 5341 omnem
2212 5283 2458 5339 aversati.
2480 5296 2703 5348 sumus;
2745 5279 2819 5333 ita
2873 5283 2934 5330 ut
2978 5290 3045 5329 ne
3089 5270 3304 5341 quidem
3346 5269 3526 5338 respi-

1967 5390 2091 5431 cere
2136 5372 2290 5430 illa’m
2331 5374 2689 5437 voluerimus,
2723 5376 2817 5424 aut
2846 5365 3133 5436 quidpiam
3166 5362 3411 5431 iniquum
3442 5362 3525 5416 vel

1969 5468 2152 5522 animo
2179 5467 2445 5537 cogitare.
2482 5463 2617 5518 Nam
2653 5463 2698 5518 si
2728 5460 2860 5532 quid
2893 5456 3066 5513 simile
3105 5454 3523 5523 cogitassemus,

1973 5575 2084 5616 non
2114 5558 2264 5629 digni
2307 5572 2527 5612 eramus
2570 5556 2664 5627 qui
2711 5550 3112 5609 exaudiremur.
3164 5544 3524 5612 Quamobrem

1969 5652 2163 5706 aiunt:
2201 5670 2221 5703 ι
2248 5649 2590 5720 lniquitatem
2625 5650 2671 5703 si
2714 5644 2898 5717 aspexi
2932 5643 2987 5695 in
3031 5638 3196 5695 corde
3236 5651 3378 5697 meo,
3413 5650 3531 5717 non

1969 5742 2226 5803 exaudiat
2254 5741 2576 5798 Dominus.»
2634 5725 2773 5805 Quia
2804 5749 2935 5806 ergo
2976 5732 3073 5788 tali
3106 5734 3286 5787 mente
3325 5722 3531 5798 pradi-
