4300 6416
850 481 943 536 871

1494 475 1757 532 EUSEBII
1798 475 2272 532 CASSARIENSIS
2313 471 2467 532 OPP.
2511 475 2692 532 PARS
2729 475 2816 531 lll.
2847 505 2911 518 —
2951 472 3352 530 EXEGETICA.

3926 473 4039 524 672

851 608 937 652 tus
968 596 1100 649 tales
1136 593 1410 649 orationes
1444 572 1721 660 'fundebat,
1753 594 1874 662 jure
1925 595 2054 648 dicit
2085 612 2104 644 ι
2132 592 2381 662 Propter-
2415 601 2456 654 Α
2484 611 2549 646 τα

2339 608 2381 644 r—
2415 601 2456 654 Α
2484 610 2580 656 τας
2613 593 2945 663 ἀνέπεμπεν,
3000 593 3218 654 είκότως
3249 591 3404 660 φησί’
3443 607 3460 640 ι
3483 588 3581 641 Διά
3606 587 3759 641 τοῦτο
3783 589 4037 658 είσήκου-

851 703 910 742 ea
949 686 1217 740 exaudivit
1267 684 1428 750 Deus,
1474 694 1526 739 et
1573 686 1801 740 attendit
1833 685 1950 738 voci
1987 683 2383 753 deprecationis

850 792 1028 830 meae.)
1089 776 1151 828 Et
1188 776 1297 828 haec
1348 777 1403 829 in
1436 791 1601 831 causa
1636 783 1786 830 erant
1837 790 1935 828 cur
1986 774 2126 829 Deus
2158 782 2278 843 post
2306 782 2384 827 tot

849 866 1192 928 tentationes,
1225 865 1473 919 eduxerit
1505 880 1603 918 nos
1639 867 1690 917 in
1725 864 2083 934 refrigerium.
2121 863 2226 937 Pro
2263 863 2383 932 qui-

849 959 944 1009 bus
974 956 1223 1009 omnibus
1252 954 1489 1008 debitum
1521 956 1815 1024 gratiarum
1867 955 2100 1008 actionis
2125 954 2383 1024 hymnum

850 1042 957 1096 Deo
988 1045 1321 1106 emittentes,
1360 1050 1530 1095 totum
1580 1058 1884 1097 sermonem
1930 1044 2032 1098 hoc
2079 1057 2176 1096 ceu
2211 1041 2388 1110 sigillo

847 1135 1215 1187 concludunt:
1272 1135 1294 1183 ι’
1316 1134 1639 1188 Benedictus
1685 1134 1847 1196 Deus,
1901 1134 1994 1202 qui
2033 1148 2142 1186 non
2187 1133 2384 1185 amovit

829 1227 1145 1280 .urationem
1181 1241 1352 1279 meam
1384 1233 1436 1279 et
1496 1226 1924 1281 misericordiam
1958 1239 2126 1280 suam
2165 1238 2196 1276 a
2244 1238 2380 1276 me.»

846 1318 968 1373 Hziec
995 1333 1158 1387 porro
1201 1319 1382 1370 omnia
1406 1317 1605 1370 chorus
1634 1317 1963 1384 apostolicus
1992 1331 2058 1370 ex
2083 1315 2243 1370 unius
2267 1330 2387 1382 pcr-

845 1425 999 1473 sona,
1025 1408 1481 1468 benedictionem,
1527 1406 1740 1459 laudem
1794 1413 1846 1460 et
1903 1407 2193 1475 gratiarum
2221 1405 2386 1457 actio-

845 1511 962 1550 nem
994 1510 1092 1564 pro
1119 1495 1392 1549 omnibus
1437 1510 1599 1563 supra
1649 1495 1958 1548 memoratis
1993 1493 2101 1548 Deo
2133 1491 2384 1558 offerens,

844 1593 966 1656 post
998 1597 1074 1640 tot
1103 1587 1342 1656 prolatos
1372 1601 1651 1641 sermones
1679 1586 2008 1656 obsignavit.

845 1699 893 1750 1.
946 1697 1011 1750 ΙΝ
1052 1698 1268 1752 FINEM
1315 1697 1382 1750 IN
1737 1695 2056 1752 PSALMUS
2085 1694 2376 1751 CANTICI.

911 1880 1074 1934 Vens.
1104 1880 1156 1939 2,
1191 1880 1244 1934 5.
1285 1899 1303 1930 ι
1323 1879 1466 1933 Deus
1498 1878 1820 1932 misereatur
1837 1877 2006 1930 nostri
2031 1885 2082 1929 et
2108 1875 2387 1929 benedicat

2487 700 2573 735 σεν
2598 685 2625 733 ό
2655 683 2783 746 Θεὸς
2811 683 2902 734 καὶ
2932 681 3198 753 προσέσχε
3221 682 3285 748 τῇ
3314 679 3460 747 φωνῇ
3487 677 3582 746 τῆς
3606 675 3836 747 δεήσεως
3864 694 3981 746 μου.
4007 694 4032 727 ι

2490 775 2598 827 Καὶ
2615 772 2785 826 ταῦτα
2811 769 2877 842 ἦν
2909 772 2976 824 τὰ
3009 770 3156 823 αῐτια
3184 770 3248 822 δι’
3273 771 3307 823 ἃ
3331 768 3593 838 ἐξήγαγεν
3623 768 3769 836 ἡμᾶς
3797 770 3876 829 είς
3898 769 4038 820 ἀνα-

2482 865 2653 934 ψυχὴν
2675 864 2808 932 μετὰ
2827 865 2948 926 τοὺς
2966 861 3246 924 τοσούτους
3269 858 3616 929 πειρασμούς.
3657 858 3768 926 Ἐφ’
3789 853 3868 920 οἷς
3891 858 4037 910 ἄπα,-

2486 973 2535 1007 σι
2565 956 2652 1008 τὸν
2683 953 3017 1022 ὀφειλόμενον
3045 952 3451 1023 εὐχαριστήριον
3495 949 3656 1020 ὕμνον
3683 949 4034 1018 ἀναπέμπον-

2484 1063 2570 1107 τες
2602 1045 2677 1113 τῷ
2707 1044 2840 1113 Θειρ,
2871 1044 3278 1112 ἑπισφράγισμα
3306 1041 3398 1093 τοῦ
3430 1041 3620 1102 παντὸς
3648 1038 3922 1091 ποιοῦνται
3943 1037 4035 1090 λό-

2485 1151 2580 1200 γου
2611 1135 2903 1202 φάσκοντες
2923 1150 2936 1162 ·
2966 1151 2984 1183 ι
3007 1132 3304 1202 Εὐλογητὸς
3327 1134 3355 1184 ό
3384 1131 3532 1194 Θεὸς,
3563 1130 3619 1192 ὃς
3643 1130 3742 1181 οὐκ
3767 1130 4033 1198 ἀπέστρε-

2484 1226 2550 1294 ψε
2573 1225 2667 1295 τὴν
2692 1225 2992 1295 προσευχήν
3019 1241 3136 1294 μου,
3187 1224 3278 1276 καὶ
3299 1223 3356 1276 τὸ
3379 1223 3520 1285 ἕλεος
3545 1221 3704 1275 αὐτοῦ
3726 1223 3818 1274 ἀπ’
3841 1223 3864 1271 ὲ
3873 1220 4025 1290 μοῦ.»

2484 1316 2661 1369 Ταῦτα
2685 1316 2748 1368 δὲ
2765 1316 2936 1368 πάντα
2967 1317 2994 1366 ὁ
3021 1315 3176 1384 χορὸς
3206 1315 3234 1366 ὁ
3265 1314 3611 1377 ἀποστολικὸς
3631 1313 3690 1376 ἐξ
3713 1313 3830 1374 ἐνὸς
3861 1301 4030 1380 προσ-

2485 1409 2628 1461 ώπου
2672 1407 2808 1478 μετὰ
2843 1408 3045 1468 πάντας
3095 1407 3216 1468 τοὺς
3267 1405 3650 1474 προλεχθέντας
3699 1405 3885 1470 λόγους
3932 1404 4033 1453 e7:-

2484 1500 2863 1570 εσφραγίσατο,
2892 1496 3134 1564 εὐλογίαν
3160 1495 3250 1548 καὶ
3271 1494 3566 1562 δοξολογίαν
3584 1495 3674 1546 ml
3689 1492 4034 1564 εὐχαριστίαν

2485 1591 2577 1641 ἐπὶ
2611 1580 2740 1641 πᾶσι
2779 1591 2888 1649 τοῖς
2921 1586 3285 1657 προλεχθεῖσιν
3319 1584 3651 1653 ἀναπέμπων
3683 1583 3760 1652 τῷ

2486 1699 2534 1751 1.
2575 1695 2680 1748 ΕΙΣ
2714 1697 2798 1748 ΤΟ
2826 1695 3043 1749 ΤΕΛΟΣ
3084 1695 3174 1747 ΕΝ
3198 1690 3467 1828 ῙέξΝοιΣ
3507 1689 3794 1742 ΨΑΛΜΟΣ
3831 1688 4040 1756 ῼΛΗΣ.-

2559 1896 2576 1928 ι
2600 1879 2654 1930 ’0
2675 1877 2802 1939 Θεὸς
2823 1877 3149 1946 οἰκτειρήσαι
3170 1877 3309 1944 ἡμᾶς
3323 1873 3414 1926 καὶ
3434 1873 3718 1942 εὐλογῆσαι
3735 1871 3898 1942 ἡμᾶς,
3916 1873 4034 1924 ὲπι-

841 1970 1517 2032 nobis,illuminetvultum
1531 1983 1683 2022 suum
1699 1967 2385 2035 supernos,etmisereatur
2415 1946 2458 2002 Β
2487 1985 2539 2034 φι

2329 1981 2385 2018 ur
2415 1946 2458 2002 Β
2487 1968 2644 2034 φάναι
2667 1967 2724 2019 τὸ
2746 1967 3027 2037 πρόσωπον
3045 1964 3205 2017 αὐτοῦ
3223 1967 3304 2031 ἐφ’
3320 1965 3465 2032 ἡμᾶς
3480 1964 3573 2015 καὶ
3589 1959 3804 2030 ὲλεήσαι
3829 1962 3861 2028 ὴ
3870 1962 3990 2029 μᾶς.
4008 1979 4027 2009 ι

841 2060 1067 2114 nostri.»
1111 2058 1355 2113 Praesens
1384 2073 1596 2126 quoque
1613 2057 1870 2125 psalmus,
1897 2055 2235 2124 evangelicus
2261 2069 2380 2108 cum

840 2149 934 2212 sit,
985 2148 1158 2202 eidem
1205 2163 1267 2202 ac
1313 2148 1622 2219 praecedens
1659 2149 1824 2201 haeret
1871 2146 2181 2209 sententiae;
2215 2160 2383 2214 quare

847 2239 962 2293 «ad
1016 2240 1218 2294 ﬁnem)
1256 2247 1309 2291 et
1360 2240 1474 2308 ipse
1530 2240 1788 2302 remittit,
1846 2245 2007 2305 atque
2070 2235 2383 2289 «canticum

842 2327 1035 2396 psalmi
1055 2346 1074 2378 ι
1107 2327 1455 2393 inscribitur;
1487 2329 1612 2394 quia
1643 2327 1732 2380 ille
1755 2341 1970 2395 quoque
1995 2325 2233 2394 psalmus
2262 2338 2385 2378 can-

842 2417 934 2470 tici
966 2432 1086 2471 esse
1113 2417 1415 2472 dicebatur.
1459 2415 1717 2470 Fortasse
1743 2429 1872 2468 vero
1913 2413 2033 2468 ideo
2072 2424 2260 2469 neuter
2289 2429 2382 2468 eo-

842 2522 963 2560 rum
990 2507 1149 2573 cujus
1205 2507 1314 2560 sint
1366 2521 1643 2560 sermones
1680 2506 1731 2558 in
1766 2506 1922 2558 titulo
1952 2505 2210 2568 declarat,
2240 2503 2384 2573 quod

843 2595 1191 2650 manifestum
1244 2597 1318 2663 sit
1356 2610 1602 2663 quaenam
1637 2610 1880 2663 personae
1928 2595 1980 2647 in
2035 2603 2262 2662 utroque
2307 2594 2388 2645 lo-

843 2693 1071 2755 quentes
1099 2685 1443 2741 inducantur.
1470 2684 1676 2739 Etenim
1700 2685 1937 2754 gentium
1962 2684 2386 2753 przecones,-sive

842 2776 1072 2844 apostoli
1125 2774 1428 2831 Servatoris
1470 2776 1665 2837 nostri,
1728 2776 1785 2829 in
1825 2769 2054 2844 utroque
2099 2790 2386 2829 assumun-

849 2870 961 2916 tu'r.
1021 2863 1121 2928 Qui
1153 2866 1334 2917 statim
1368 2865 1432 2918 ab
1455 2865 1678 2918 exordio
1707 2865 1760 2918 in
1787 2865 2035 2935 praesenti
2063 2865 2269 2933 psalmo
2287 2879 2387 2918 nec

844 2954 1058 3006 occulte
1090 2954 1390 3007 acclamant
1419 2955 1472 3007 in
1501 2964 1642 3006 terra
1673 2960 1725 3007 et
1766 2954 1819 3006 in
1866 2954 2115 3007 omnibus
2139 2954 2386 3022 gentibus

844 3043 1079 3097 salutare
1136 3043 1252 3107 Dei,
1307 3053 1363 3097 et
1428 3045 1571 3095 viam
1631 3043 1748 3111 ejus
1797 3045 2050 3111 cognosci
2083 3049 2384 3110 precantes,

843 3129 1034 3196 deinde
1056 3130 1239 3183 aiunt:
1277 3149 1295 3180 ‹
1319 3129 1690 3190 Conﬂteantur
1715 3130 1812 3183 tibi
1838 3131 2041 3199 pepuli,
2073 3129 2232 3190 Deus.
2261 3145 2388 3183 con-

845 3218 1096 3294 ﬁteantur
1125 3219 1220 3272 tibi
1274 3220 1454 3288 populi
1485 3235 1696 3274 omnes.
1741 3218 2012 3274 Laetentur
2037 3231 2088 3274 et
2118 3221 2386 3275 exsultent

843 3291 1083 3384 gentes.»
1127 3308 1296 3374 Quem
1328 3325 1630 3364 sermonem
1662 3310 1901 3364 secundo
1932 3311 1997 3363 ad
2029 3310 2267 3364 vaticinii
2296 3311 2386 3363 ﬁr-
2410 3285 2451 3340 θ

843 3399 1082 3466 mitatem
1137 3409 1408 3469 repetunt.
1451 3399 1664 3455 Chorus
1693 3402 1856 3472 igitur
1893 3402 2244 3469 apostolicus,
2292 3402 2383 3471 qui

843 3493 995 3561 prius
1020 3492 1255 3546 dixerat:
1283 3511 1299 3542 ‹
1345 3491 1576 3546 Jubilate
1619 3491 1749 3553 Deo,
1786 3493 1961 3568 omnis
2004 3492 2239 3557 terra“;
2267 3511 2284 3542 ι
2332 3499 2385 3546 et

848 3598 1099 3636 rursum:
1143 3602 1160 3633 ι
1188 3582 1376 3638 Omnis
1407 3590 1549 3637 terra
1580 3583 1768 3636 adoret
1813 3589 1864 3635 te
1879 3583 1956 3649 3';
1982 3602 2000 3633 ι
2040 3583 2379 3650 iterumque:

853 3690 871 3722 ι
897 3671 1223 3757 Benedicite,
1257 3684 1464 3742 gentes,
1495 3672 1668 3728 Deum
1711 3680 1958 3727 nostrum
1980 3673 2054 3739 ⁸⁶;
2083 3692 2101 3724 ι
2144 3674 2197 3726 in
2242 3689 2383 3741 praeo

843 3762 984 3817 senti
1030 3763 1238 3831 psalmo
1272 3764 1543 3824 similiter.
1585 3763 2015 3817 animadvertens
2051 3779 2244 3832 magno
2280 3764 2382 3816 sibi

841 3867 982 3920 opus
1027 3867 1148 3906 esse
1205 3854 1272 3907 ad
1332 3852 1568 3922 faustum
1618 3854 1939 3923 evangelicae
1988 3854 2384 3922 praedicationis

842 3942 1045 3994 exitum
1080 3940 1172 3995 Dei
1205 3943 1423 4005 auxilio,
1461 3942 1615 4011 quasi
1656 3941 1759 3996 Sibi
1809 3943 2103 3996 accinendo
2148 3943 2226 3997 sic
2259 3958 2382 4012 pre-

843 4038 1027 4082 catur:
1067 4049 1084 4080 ι
1109 4032 1248 4085 Deus
1275 4033 1591 4086 misereatur
1623 4032 1792 4086 nostri
1825 4041 1878 4087 et
1897 4025 2177 4087 benedicat
2207 4033 2383 4096 nobis,

843 4119 1111 4198 illuminet
1145 4119 1351 4174 vultum
1392 4137 1548 4176 suum
1583 4138 1745 4192 super
1785 4137 1923 4186 nos,
1963 4131 2016 4178 et
2063 4125 2385 4178 misereatur

846 4211 1073 4262 nostri.»
1150 4210 1259 4265 Nos
1304 4213 1500 4282 quippe
1557 4212 1693 4275 nihil
1749 4208 1983 4265 dicimus
2040 4228 2184 4275 esse,
2248 4212 2384 4264 nihil

847 4313 1005 4367 posse
1033 4300 1281 4363 fatemur,
1317 4295 1449 4354 cum‘
1472 4302 1606 4355 viles
1632 4301 1900 4365 homines,
1944 4302 2234 4370 simplices.
2259 4317 2386 4369 pau-

845 4405 999 4459 peres
1027 4400 1079 4444 et
1093 4392 1368 4446 hominum
1397 4393 1655 4460 postremi
1686 4393 1876 4465 simus.
1909 4391 2025 4460 Ipse
2054 4407 2180 4445 vero
2211 4391 2376 4455 Deus,

845 4483 938 4552 qui
973 4497 1070 4537 nos
1099 4484 1151 4536 in
1183 4483 1370 4539 salutis
1401 4484 1636 4552 gentium
1664 4482 1940 4537 ministros
1972 4481 2190 4549 adlegit,
2215 4482 2384 4549 primo

846 4572 1060 4640 quidem
1109 4572 1430 4626 misereatur
1462 4572 1653 4632 nostri,
1692 4580 1890 4625 nostrae
1921 4571 2128 4625 scilicet
2157 4570 2382 4622 inﬁrmi-
2413 4603 2460 4660 υ

846 4662 972 4715 tatis
1027 4661 1495 4714 commiseratione
1544 4667 1863 4726 moveatur;
1914 4659 2107 4713 deinde
2175 4658 2379 4727 aliquid

848 4752 1065 4818 adjiciat
1092 4751 1236 4820 quod
1263 4750 1572 4805 confortare
1612 4752 1812 4816 valeat;
1855 4751 1907 4805 id
1938 4758 2039 4811 est,
2083 4758 2140 4804 ut
2170 4750 2384 4804 benedi-

849 4849 935 4893 cat
961 4841 1136 4903 nobis,
1170 4839 1544 4894 benedictione
1575 4853 1703 4893 sane
1746 4839 2042 4908 apirituali;
2096 4855 2202 4908 quo
2239 4839 2382 4892 illius

847 4933 1016 4999 gratia
1066 4932 1117 4984 in
1145 4946 1243 4985 nos
1273 4932 1578 4999 impleatur,
1609 4935 1668 4980 ut
1697 4943 1791 4996 par
1819 4937 1921 4991 est,
1953 4929 2260 4996 hujusmodi
2289 4930 2383 4983 be-

845 5021 1115 5081 nedictio:
1184 5020 1480 5085 «Crescite,
1517 5029 1570 5074 et
1601 5017 2056 5088 multiplicamini,
2102 5029 2154 5073 et
2185 5020 2385 5087 replete

846 5117 1145 5172 tcrram,et
1167 5110 1515 5164 dominamini
1544 5111 1800 5166 illiuss’n
1846 5107 1968 5162 Haec
1993 5109 2135 5161 enim
2165 5124 2194 5161 a
2226 5110 2380 5177 prin-

850 5201 989 5267 cipio
1019 5202 1073 5252 in
1100 5201 1284 5256 mundi
1325 5209 1512 5254 exortu
1546 5201 1689 5255 dicta
1736 5209 1896 5258 sunt:
1927 5214 2047 5268 quae
2077 5197 2243 5252 Judaei
2275 5215 2380 5253 non

851 5293 955 5344 alio
991 5306 1154 5360 quam
1209 5298 1470 5361 c0rporeo
1516 5305 1686 5354 more,
1740 5306 1836 5360 per
1879 5289 2380 5357 multiplicationem

851 5379 1067 5449 impleta
1112 5387 1324 5450 putant.
1362 5379 1470 5435 Nos
1515 5387 1691 5433 autem
1739 5381 1909 5448 gnari
1943 5380 2134 5432 animae
2171 5393 2382 5448 quoque

849 5471 1056 5539 prolem
1088 5487 1211 5526 esse
1285 5479 1444 5538 atque
1489 5469 1786 5539 discipulos
1835 5485 1953 5525 esse
2005 5469 2382 5538 magistrorum

854 5559 1011 5620 ﬁlios,
1051 5559 1356 5626 hujusmodi
1397 5559 1824 5614 benedictionem
1876 5555 2133 5626 consequi
2192 5573 2381 5626 preca-

859 5664 1010 5712 mur,
1030 5658 1086 5702 ut
1124 5664 1432 5706 crescamus
1483 5662 1536 5704 et
1589 5651 2007 5730 multiplicemur
2044 5649 2385 5712 multitudine

920 5822 968 5858 "‘
990 5821 1132 5880 Psal.
1160 5839 1279 5886 va.
1309 5825 1356 5880 1.
1430 5828 1474 5861 ⁸⁸
1499 5827 1626 5883 ibid.
1662 5827 1713 5881 4.

2481 2059 2588 2109 Καὶ
2618 2059 2645 2108 ὁ
2675 2055 2858 2126 παρὼν
2877 2054 3088 2123 ’ψαλμὸς
3114 2053 3460 2121 εὐαγγελικὸς
3482 2050 3576 2115 ὣν,
3609 2051 3704 2120 τῆς
3730 2050 3895 2119 αὐτῆς
3916 2048 4035 2117 ἐχε-

2481 2165 2566 2198 ται
2597 2145 2672 2215 τῷ
2700 2145 2804 2215 πρὸ
2831 2144 2991 2198 αὐτοῦ
3024 2143 3256 2203 διανοίας
3276 2159 3288 2171 ’
3332 2141 3516 2209 διόπερ
3567 2157 3585 2190 ι
3608 2141 3686 2201 είς
3727 2138 3786 2190 τὸ
3837 2138 3982 2198 τέλος
4007 2154 4028 2186 ι

2480 2235 2828 2304 παραπέμπει
2856 2232 2948 2283 καὶ
2974 2230 3130 2292 αὐτὸς
3156 2269 3170 2292 ,
3189 2248 3224 2286 ἰ
3242 2228 3352 2299 ᾠδή
3379 2246 3396 2278 ι
3435 2244 3493 2279 τε
3524 2245 3542 2278 ι
3564 2226 3806 2296 ψαλμοῦ»
3847 2227 4036 2293 ἐπιγέ-

2480 2340 2720 2394 γραπται
2744 2336 2758 2350 ⁶
2790 2322 2909 2373 ἐπεὶ
2937 2323 3179 2381 κάκεῖνος
3202 2318 3411 2388 ψαλμὸς
3438 2317 3574 2386 ᾠδῆς
3618 2318 3830 2384 ἐλέγετο
3873 2313 4032 2369 εἶναι.

2479 2416 2702 2483 Μήποτε
2739 2413 2793 2464 δὲ
2827 2413 2885 2464 τὸ
2919 2412 3060 2472 τίνος
3092 2406 3195 2462 εἷεν
3219 2410 3361 2478 λόγοι
3387 2409 3662 2479 οὐδέτερος
3683 2408 3858 2461 αὐτῶν
3879 2409 3935 2459 ὲν
3962 2409 4031 2479 τῇ

2482 2506 2765 2574 προγραφῇ
2798 2503 3083 2570 παρίστησι
3109 2501 3195 2553 διὰ
3219 2501 3276 2552 τὸ
3308 2499 3530 2570 ἐναργὲς
3557 2499 3661 2552 τῶν
3685 2496 4032 2568 προφητικῦς

2480 2596 2812 2664 εἰσηγμένων
2861 2596 2918 2646 ὲν
2949 2594 3128 2654 αὐτοῖς
3161 2589 3475 2661 προσώπων.
3541 2592 3602 2643 Οἱ
3636 2590 3870 2660 κήρυκες
3903 2588 4034 2656 γοῦν

2480 2685 2585 2738 τῶν
2610 2684 2773 2737 ἐθνῶν
2791 2723 2805 2748 ,
2839 2685 2888 2736 οί
2915 2683 3194 2736 ἀπόστολοι
3222 2682 3416 2753 δηλαδὴ
3449 2683 3540 2734 τοῦ
3576 2683 3823 2751 Σωτῆρος
3852 2680 4030 2750 ἡμῶν,

2481 2779 2535 2828 ὲν
2569 2776 2808 2846 ἑκατέρῳ
2839 2775 3272 2846 παρελήφθησαν.
3305 2773 3507 2825 Αὐτίκα
3537 2772 3664 2839 γοῦν
3695 2773 3786 2824 καὶ
3815 2771 3900 2823 διὰ
3923 2771 4032 2825 τών

2482 2867 2846 2937 προκειμένων
2875 2866 3195 2927 ἀκαλύπτως
3227 2864 3520 2917 ἀναϐοῶσιν
3558 2867 3613 2915 ὲν
3645 2865 3723 2932 τῇ.
3743 2865 3813 2932 γῇ
3848 2863 3941 2915 καὶ
3971 2864 4033 2915 ὲν

2483 2959 2613 3008 πᾶσι
2633 2960 2740 3018 τοῖς
2763 2955 2935 3008 ἔθνεσι
2952 2957 3012 3008 τό
3031 2972 3088 3011 τε
3112 2956 3370 3025 σωτήριον
3391 2953 3483 3005 τοῦ
3499 2952 3628 3006 Θεοῦ
3650 2993 3663 3015 ,
3687 2954 3778 3005 καὶ
3799 2953 3895 3022 τὴν
3913 2952 4030 3005 ὁδὸν

2484 3044 2642 3099 αὐτοῦ
2669 3043 2969 3114 γνωσθῆναι
2991 3045 3264 3113 εὐχόμενοι
3283 3061 3297 3075 ·
3321 3041 3418 3096 εἷθ’
3439 3042 3564 3111 ὲξῆς
3580 3059 3593 3073 ο
3633 3061 3650 3092 ι
3685 3041 4029 3113 Ἐξομολογη-

2485 3137 2761 3189 σάσθωσάν
2790 3153 2869 3188 σοι
2898 3137 3045 3200 λαοὶ,
3082 3121 3119 3188 ό
3149 3136 3277 3198 Θεὸς
3297 3176 3310 3197 ,
3347 3134 3919 3203 ὲξομολογησάσθωσάν
3950 3151 4029 3187 σοι

2483 3227 2598 3281 λαοὶ
2651 3228 2864 3289 πάντες.
2941 3226 3406 3297 Εὐφρανθήτωσαν
3453 3227 3544 3278 καὶ
3594 3223 4032 3291 ἁγαλλιάσθωσαν

2483 3320 2658 3387 ἔθνη.)
2693 3317 2799 3369 Kal
2825 3311 2974 3378 αὖθις
3007 3295 3314 3386 δευτεροῦσι
3342 3295 3431 3368 τὸν
3459 3314 3612 3381 λόγον
3642 3315 3720 3374 είς
3751 3312 4030 3380 βεϐαίωσιν

2482 3407 2585 3459 τῶν
2614 3405 3032 3475 θεσπιςομένων.
3079 3405 3134 3457 Ὀ
3163 3404 3317 3474 χορὸς
3349 3403 3523 3456 τοίνυν
3556 3405 3582 3454 ὁ
3610 3401 3977 3465 ἀποστολικὸς,
4005 3403 4030 3455 5

2481 3497 2566 3548 διὰ
2585 3495 2690 3548 τῶν
2710 3495 3010 3565 ἔμπροσθεν
3028 3493 3275 3563 εἰρηκώς·
3301 3512 3317 3543 ι
3341 3491 3659 3565 Ἀλαλάξατε
3676 3489 3753 3559 τῷ
3767 3491 3904 3560 Θεῷ,
3929 3491 4032 3543 πᾶ-

2483 3589 2593 3654 σαὴ
2611 3585 2681 3654 γῆ
2697 3604 2743 3636 ’θ
2773 3585 2864 3638 καὶ
2883 3580 3036 3646 αὖθις
3051 3601 3064 3613 ο
3090 3603 3107 3632 ι
3131 3585 3330 3651 Πᾶσαή
3350 3581 3961 3654 γῆπροσκυνησάτωσαν
3976 3597 4024 3632 ον

2483 3652 2772 3728 καὶ-πάλινο
2803 3693 2820 3723 ι
2845 3673 3149 3756 Εὐλογεῑτε,
3170 3672 3316 3742 ἔθνη,
3336 3652 3576 3723 τὸν’Θεὸν
3603 3672 3634 3739 ἡ
3644 3669 3755 3739 μῶν
3775 3687 3788 3699 ·
3817 3688 3834 3720 ι
3860 3671 3951 3723 καὶ
3974 3673 4030 3723 ὲν

2482 3763 2556 3833 τῷ
2585 3764 2720 3834 μετὰ
2748 3766 2929 3833 χεῖρας
2956 3763 3170 3832 ὁμοίως,
3195 3761 3352 3830 ὁρῶν,
3371 3761 3449 3812 ὃτι
3478 3758 3674 3831 πολλῆς
3704 3758 3871 3811 δεῖται
3908 3775 4032 3812 συν-

2483 3855 2664 3926 εργίας
2692 3855 2823 3907 Θεοῦ
2856 3855 2934 3916 είς
2975 3852 3302 3923 κατόρθωσιν
3342 3849 3432 3902 τοῦ
3482 3849 3826 3917 εὐαγγελικοῦ
3863 3851 4030 3921 κηρύ-

2483 3961 2707 4012 γματος,
2723 3944 2907 4014 ὥσπερ
2929 3942 3237 4012 κατεπᾴδων
3260 3939 3431 4010 ἑαυτῷ
3449 3941 3514 3992 δι’
3535 3939 3696 4008 εὐχῆς
3719 3956 3877 4008 φησιν
3894 3957 3906 3969 ·
3935 3958 3954 3990 ι
3975 3941 4031 3992 Ὁ
4070 4000 4075 4004 ,

2482 4035 2607 4096 Θεὸς
2627 4035 2958 4104 οἱκτειρήσαι
2979 4035 3123 4103 ἡμᾶς
3145 4034 3236 4085 καὶ
3265 4031 3546 4101 εὐλογήσαι
3574 4031 3747 4099 ἡμᾶς,
3776 4029 4050 4098 ὲπιφάναι·

2482 4123 2541 4174 τὸ
2573 4122 2855 4192 πρόσωπον
2883 4121 3042 4176 αὐτοῦ
3088 4124 3171 4189 ἐφ’
3203 4122 3346 4190 ἡμᾶς
3371 4160 3386 4185 ,
3417 4120 3509 4172 καὶ
3555 4113 3776 4189 ὲλεήσαι
3821 4119 3982 4189 ἡμᾶς.
4006 4138 4024 4169 ι

2495 4211 2679 4280 Ἡμεῖς
2712 4210 2807 4279 μὲν
2839 4210 2944 4279 γὰρ
2973 4212 3191 4272 ἑαυτοὺς
3231 4211 3291 4261 τὸ
3327 4209 3490 4281 μηθὲν
3530 4205 3665 4261 εἶναι
3698 4225 3904 4278 φαμεν,
3941 4209 4031 4261 καὶ

2482 4302 2542 4353 τὸ
2578 4301 2738 4371 μηδὲν
2763 4300 3012 4354 δύνασθαι
3037 4299 3397 4369 ὁμολογοῦμεν
3417 4339 3431 4361 ,
3463 4284 3692 4362 εὐτελεῖς
3742 4301 3891 4362 ὄντες
3938 4302 4031 4353 καὶ

2488 4391 2688 4444 ἰδιῶται
2711 4431 2725 4454 ,
2758 4390 2983 4460 πένητές
3007 4407 3068 4442 τε
3102 4390 3193 4442 καὶ
3225 4391 3436 4443 πάντων
3463 4391 3675 4460 ἔσχατοι
3700 4390 3994 4459 ἀνθρώπων
4013 4408 4026 4420 ·

2484 4482 2640 4543 αὐτὸς
2659 4480 2713 4532 δὲ
2732 4482 2759 4532 ὁ
2773 4479 2900 4542 Θεὸς
2921 4479 3198 4549 βουληθεὶς
3220 4482 3363 4550 ἡμᾶς
3379 4481 3650 4550 ὑπηρέτας
3670 4479 3916 4547 γενέσθαι
3935 4481 4029 4548 τῆς

2483 4571 2587 4623 τῶν
2607 4570 2771 4623 ὲθνῶν
2794 4571 3078 4642 σωτηρίας,
3103 4570 3315 4640 πρῶτον
3344 4571 3438 4641 μὲν
3460 4570 3843 4637 οἰκτειρήσειεν
3867 4571 4026 4638 ἡμᾶς,

2484 4653 2658 4710 οἶκτον
2686 4657 2838 4728 ἡμῶν
2866 4656 3039 4709 λαϐὼν
3065 4658 3161 4727 τῆς
3188 4658 3465 4722 ἀσθενείας
3486 4675 3498 4687 ο
3553 4654 3666 4708 εἶτα
3696 4657 3951 4726 προσθείη
3978 4675 4028 4710 τι

2486 4746 2546 4796 τὸ
2570 4745 2856 4816 δυνάμενον
2884 4747 3026 4816 ἡμᾶς
3046 4747 3354 4817 δυναμῶσαι
3379 4764 3391 4776 ·
3439 4745 3594 4797 τοῦτο
3622 4746 3677 4798 δὲ
3698 4742 3763 4815 ἦν
3792 4747 3850 4798 τὸ
3880 4747 4028 4800 εὐλο-

2485 4835 2646 4904 γῆσαι
2676 4839 2862 4907 ἡμᾶς’,
2902 4837 3116 4907 εὐλογία
3143 4838 3205 4907 δὴ
3237 4840 3567 4906 πνευματικῇ
3593 4876 3607 4899 ,
3643 4837 3714 4899 ὡς
3741 4837 3806 4889 ἂν
3836 4838 3926 4890 xal
3953 4840 4028 4901 είς

2490 4927 2632 4995 ἡμᾶς
2667 4927 2974 4998 πληρωθείη
3027 4929 3341 4999 πρεπόντως
3369 4930 3432 4997 τῇ
3466 4927 3624 4980 αὐτοῦ
3656 4927 3833 4996 χάριτι
3865 4930 3896 4999 ή
3934 4929 4029 4996 φά-

2491 5030 2689 5068 σκουσα
2742 5017 2989 5084 εὐλογία·
3043 5005 3382 5078 ιἈύξάνεσθε
3407 5017 3498 5070 καὶ
3543 5017 3901 5088 πληθύνεσθε,
3941 5019 4029 5070 καὶ

2489 5106 2802 5175 πληρώσατε
2821 5107 2915 5178 τὴν
2940 5108 3058 5176 γῆν,
3085 5107 3175 5160 καὶ
3199 5109 3650 5177 κατακυριεύσατε
3676 5109 3858 5179 αὐτῆς.
3875 5109 4029 5161 »Ταῦ-

2487 5211 2551 5246 τα
2583 5195 2678 5264 μὲν
2697 5199 2802 5270 γὰρ
2826 5199 2916 5251 καὶ
2939 5198 3102 5252 πάλαι
3123 5199 3236 5250 κατ’
3263 5198 3431 5268 ἀρχὰς
3452 5200 3542 5251 ἐπὶ
3566 5201 3658 5269 τῆς
3683 5200 4027 5268 κοσμοποιίας

2487 5284 2666 5355 εἴρητο
2685 5304 2697 5316 ·
2732 5289 2993 5359 ἐνομίσθη¹
3018 5307 3076 5342 τε
3115 5290 3381 5352 Ἰουδαίοις
3405 5291 3502 5343 οὐκ
3534 5290 3703 5352 άλλως
3731 5289 3764 5358 ἢ
3794 5305 4026 5357 σωματι-

2487 5375 2595 5438 κῶς
2625 5377 2792 5446 μόνως
2817 5379 2903 5432 διὰ
2932 5381 3029 5449 τῆς
3054 5364 3393 5443 πολυτελείας
3424 5379 3774 5450 πληροῦσθαι.
3845 5378 4026 5445 Ἡμεῖς

2487 5464 2563 5526 δὲ,
2596 5466 2808 5531 εἰδότες,
2834 5469 2906 5531 ὡς
2926 5469 3036 5524 ἔστι
3064 5472 3155 5524 καὶ
3181 5471 3354 5539 ψυχῆς
3379 5471 3594 5538 ἔκγονα,
3618 5465 3944 5520 διδασκάλων
3967 5477 4024 5514 κ

2490 5554 2670 5618 παῖδες
2706 5560 2752 5610 οἱ
2790 5559 3204 5628 μαθητευόμενοι
3229 5601 3241 5623 ,
3282 5559 3530 5629 τοιαύτης
3573 5557 3822 5626 ἀξιοῦμεν
3850 5555 4027 5622 τυχεῖν

2489 5646 2728 5714 εὐλογίας
2749 5687 2762 5712 ,
2779 5647 2852 5711 ὡς
2875 5650 2939 5703 ἂν
2961 5650 3211 5722 αὐξηθείη
3221 5669 3314 5722 μεν
3338 5650 3431 5703 καὶ
3453 5647 3774 5716 πληθυνθείη
3783 5662 3878 5717 μεν
3895 5644 4024 5714 πλή·

1867 5827 1910 5859 εδ
1937 5811 2064 5882 ibid.
2089 5824 2142 5882 8.
2215 5825 2262 5865 ον
2289 5823 2422 5880 Gen.
2456 5841 2492 5890 I,
2526 5824 2620 5880 es.
