4300 6410
284 481 394 559 im
1373 501 1871 558 LOMMENTABIA
1908 500 1977 557 IN
2013 500 2348 557 PSALMOS.
3381 507 3495 581 δτι,

290 622 373 673 θει
393 620 500 673 τῶν
523 627 967 690 μαθητευομενων
985 658 1000 683 ,
1026 617 1248 688 μυριάσι
1270 635 1327 670 τε
1347 618 1453 672 τῶν
1473 619 1538 671 δι’
1560 620 1714 691 ἡμῶν
1741 636 1843 673 σωο
1870 626 1915 682 Α
1943 619 1988 672 di

1870 626 1915 682 Α
1943 619 2350 687 discipulorum,
2367 616 2752 687 atqueinﬁnito
2770 633 2956 673 eorum
2974 618 3066 688 qui
3090 634 3185 690 per
3214 634 3313 675 nos
3337 622 3483 675 salu-
3524 598 3546 651 ἶ

288 698 559 779 ζομένων,
588 708 662 770 ὡς
686 707 752 760 ἂν
785 709 987 758 εἰπεῖν·
1032 725 1049 757 ι
1074 706 1373 777 Εὐλογητὸς
1411 709 1439 759 6
1464 706 1594 787 Θεὸς
1626 710 1653 760 6
1690 708 1836 761 εὐλο-
1941 716 1986 760 te

1782 726 1836 761 ο-
1941 716 2044 783 tem
2075 704 2393 761 obtinebunt
2424 721 2670 770 numero,
2692 714 2750 760 ut
2774 707 3018 778 dicamus
3045 728 3057 762 :
3111 727 3128 759 ι
3160 709 3480 766 Benedictus

285 800 461 869 γήσας
482 800 626 868 ήμᾶς
644 799 699 849 ἐν
716 796 861 866 πάσῃ
890 794 1103 866 εὐλογίᾳ
1117 795 1451 864 πνευματικῇ
1474 796 1529 846 ἐν
1543 797 1653 857 τοῖς
1681 798 1838 850 ἐπουο

288 889 491 960 ρανίοις
520 890 577 941 ἐν
608 885 845 959 Χριστῷ.
879 904 897 935 ι
926 885 1107 947 Οῦτως
1148 880 1238 938 οὖν
1277 886 1306 937 ὁ
1335 884 1464 948 Θεὸς
1508 887 1835 957 οἰκτειρήσαι

285 982 431 1051 ἡμᾶς
472 979 754 1050 πρότερον,
794 975 891 1033 εἶτ’
933 979 1275 1048 οἰκτειρήσας
1326 977 1617 1047 εὐλογήσαι
1667 980 1832 1048 ἡμᾶς.

286 1067 456 1121 Τοῦτο
484 1068 539 1123 δὲ
569 1070 668 1121 οὐκ
698 1068 867 1131 ἄλλως
890 1066 1057 1132 ἔσται,
1085 1070 1133 1121 εἰ
1167 1068 1240 1137 μὴ
1266 1068 1522 1135 ἐπιφάναι
1571 1068 1631 1120 τὸ
1673 1067 1836 1139 πρόσ-

290 1176 433 1212 ωπον
464 1160 625 1212 αὐτοῦ
646 1160 729 1229 ἐφ’
759 1160 922 1230 ἡμᾶς,
949 1158 1084 1211 ὥστε
1112 1158 1205 1210 καὶ
1231 1161 1376 1229 ἡμᾶς
1401 1161 1571 1211 εἰπεῖν
1590 1176 1602 1189 -
1644 1179 1661 1209 ι
1686 1160 1836 1229 Ἐση-

290 1248 491 1320 μειώθη
521 1252 762 1321 ἐφ’ήμᾶς
780 1250 841 1303 τὸ
870 1249 982 1318 φῶς
1010 1248 1102 1301 τοῦ
1130 1248 1416 1320 προσώπου
1450 1267 1565 1313 σου,
1594 1249 1783 1320 Κύριε.
1810 1268 1828 1300 ι

294 1339 360 1395 1'6
401 1339 458 1393 δὲ
502 1340 875 1409 ἐπιλεγόμενον
913 1337 1057 1404 ἑξῆς,
1090 1356 1107 1385 ι
1138 1338 1227 1391 καὶ
1264 1324 1479 1408 ἐλεήσαι
1519 1334 1684 1408 ἡμᾶς,
1712 1357 1730 1389 ι
1763 1337 1834 1409 μὴ

288 1430 531 1501 κείμενον
577 1433 707 1501 μήτε
748 1432 805 1484 ἐν
846 1429 924 1500 τῷ
970 1430 1255 1501 Ἐὁραῖκῷ,
1304 1432 1438 1500 μήτε
1487 1431 1544 1482 ἐν
1585 1433 1695 1492 τοῖς
1730 1429 1834 1483 λοι-

285 1524 406 1584 ποῖς
455 1524 830 1593 ἐρμηνευταῖς,
890 1523 1199 1592 ἀναγκαίως
1252 1522 1553 1575 ὼὸέλισται.
1609 1521 1725 1575 Τῶν
1778 1522 1835 1575 66

288 1612 683 1683 προλεχθέντων
729 1614 993 1684 εὐχόμεθα
1030 1618 1226 1684 τυχεῖν,
1272 1614 1354 1665 ἵνα
1394 1612 1703 1682 δυνηθῶμεν
1737 1613 1832 1682 τὴν

288 1702 399 1756 δδὸν
443 1702 603 1755 αὐτοῦ
632 1706 874 1775 γνωστὴν
907 1706 1126 1773 ποιῆσαι
1154 1706 1210 1756 ἐν
1238 1705 1382 1773 πάσῃ
1420 1707 1483 1773 τῇ
1512 1707 1600 1773 γῇ.
1633 1705 1721 1756 Διὸ
1748 1705 1832 1756 λέ-

285 1797 495 1845 λεκται·
535 1812 552 1844 ι
588 1794 691 1847 Τοῦ
727 1796 925 1863 γνῶναι
957 1800 1015 1850 ἐν
1050 1798 1116 1866 τῇ
1154 1797 1223 1865 γῇ
1253 1794 1349 1865 τὴν
1376 1795 1492 1848 ὁδόν
1526 1811 1638 1848 σου.
1675 1815 1693 1845 ι
1740 1797 1831 1858 Τίς

284 1886 338 1940 δὲ
379 1888 411 1955 ή
443 1885 511 1955 γῆ
539 1886 632 1941 καὶ
660 1887 740 1950 τίς
770 1891 802 1959 ή
838 1889 953 1952 ὁδὸς
980 1888 1072 1941 τοῦ
1105 1886 1272 1951 Θεοῦ;
1304 1887 1375 1957 Γῆ
1425 1886 1522 1955 μὲν
1548 1888 1746 1950 πάντες
1782 1890 1830 1940 οἱ

1937 796 2078 851 Deus
2088 796 2465 867 quibenedixit
2482 812 2580 853 nos
2597 798 2651 851 in
2670 799 2817 852 omni
2832 798 3205 854 benedictione
3217 800 3481 869 spirituali

1936 888 2001 942 in‘
2015 887 2328 943 caelestibus
2361 886 2417 942 in
2459 887 2785 943 Christo“.i
2813 886 2903 943 Sic
2930 904 3057 959 ergo
3074 889 3217 945 Deus
3247 891 3480 960 primum

1933 978 2458 1046 misereaturnostri,
2481 978 2673 1034 deinde
2699 981 2951 1035 misertus
2981 981 3266 1035 benedicat
3295 981 3478 1036 nobis.

1932 1069 1990 1124 Id
2018 1084 2180 1139 porro
2207 1084 2547 1139 nequaquam
2575 1071 2804 1135 eveniet,
2844 1071 2949 1126 nisi
2980 1071 3243 1128 illuminet
3270 1073 3477 1126 vultum

1934 1175 2088 1218 suum
2116 1176 2277 1230 super
2307 1176 2441 1215 nos:
2478 1162 2552 1214 ita
2582 1168 2640 1214 ut
2664 1170 2718 1215 et
2762 1170 2862 1217 n'os
2889 1160 3135 1216 dicamus
3164 1180 3177 1216 :
3220 1179 3239 1212 ι
3283 1161 3465 1231 Signa:

1934 1260 2043 1305 tum
2073 1259 2157 1307 est
2187 1267 2349 1322 super
2395 1268 2496 1307 nos
2542 1254 2723 1309 lumen
2772 1252 2949 1309 vultus
2973 1254 3072 1316 tui,
3117 1252 3421 1308 Domine”.
3452 1273 3470 1305 ι

1932 1338 2083 1403 Quod
2142 1342 2389 1410 sequitur
2436 1354 2628 1410 porro,
2668 1360 2687 1393 ι
2730 1350 2784 1397 et
2834 1343 3154 1397 misereatur
3197 1352 3399 1406 nostri,
3451 1360 3470 1394 ι

1931 1446 2052 1485 cum
2076 1446 2250 1501 neque
2273 1432 2329 1485 in
2353 1431 2638 1497 Hebraico,
2667 1443 2843 1503 neque
2881 1433 2938 1487 in
2974 1434 3192 1503 reliquis
3216 1433 3461 1502 interpr-0

1930 1520 2074 1595 tibus
2101 1520 2325 1589 legatur,
2344 1522 2519 1586 obelo,
2550 1530 2610 1576 ut
2634 1530 3050 1578 consentaneum
3079 1530 3485 1588 erat,notatum‘

1929 1616 2030 1663 est.
2062 1598 2186 1663 Ideo
2211 1620 2389 1665 autem
2409 1612 2521 1679 jam
2557 1620 2849 1667 memorata
2877 1612 3091 1681 assequi
3123 1627 3397 1683 rogamus,
3422 1620 3475 1667 ut

1932 1701 2068 1753 viain
2090 1702 2206 1771 ejus
2238 1704 2290 1754 in
2316 1703 2566 1756 universa
2601 1710 2745 1756 terra
2770 1715 2950 1758 notam
2985 1705 3160 1760 facere
3184 1706 3474 1759 valeamus.

1929 1789 2106 1855 Quare
2151 1792 2390 1846 dicitur:
2431 1811 2449 1843 ι
2498 1791 2567 1846 Ut
2601 1808 2990 1863 cognoscamus
3041 1796 3099 1849 in
3148 1804 3291 1850 terra
3336 1797 3475 1850 viam

1929 1892 2095 1935 tuam.
2127 1901 2147 1934 ›
2184 1883 2440 1948 Quaenam
2471 1891 2615 1941 terra
2644 1883 2786 1959 illa?
2833 1898 2953 1953 qua:
3003 1884 3087 1938 via
3132 1883 3275 1939 Dei?»
3312 1884 3475 1941 Terr:

288 1976 379 2046 τὴν
405 1975 509 2043 γῆν
534 1975 802 2039 οἰκοῦντες
829 1977 1099 2048 ἄνθρωποι
1129 1976 1220 2029 καὶ
1253 1977 1429 2029 πάντα
1457 1975 1527 2029 τὰ
1559 1975 1677 2029 καθ’
1707 1975 1833 2047 ὃλης
1866 1980 1908 2039 Β
1934 1974 1986 2027 ni

1738 1975 1833 2047 λης
1866 1980 1908 2039 Β
1934 1974 2188 2028 nimirum
2236 1982 2363 2028 sunt
2398 1989 2587 2029 omnes
2619 1974 2863 2030 homines
2893 1982 3090 2029 terram
3140 1976 3436 2031 incolentes

288 2066 379 2136 τῆς
408 2066 724 2137 οἰκουμένης
760 2066 883 2136 ἔθνη
906 2084 921 2098 ο
962 2068 1078 2131 ὁδὸς
1114 2068 1169 2120 δὲ
1203 2067 1296 2120 τοῦ
1339 2064 1470 2120 Θεοῦ
1509 2067 1537 2117 6
1582 2066 1833 2136 θεοσεϐὴς

275 2155 426 2226 βίος·
461 2151 522 2209 οὐ
548 2157 607 2209 τὸ
634 2157 784 2220 τέλος
808 2158 942 2227 πρὸς
980 2158 1139 2210 αὐτὸν
1170 2158 1290 2226 ἄγει
1330 2157 1420 2220 τὸν
1446 2156 1598 2221 Θεὸν,
1633 2156 1705 2219 ὡς
1743 2156 1833 2209 ἐπὶ

278 2248 609 2319 μητρόπολιν
636 2248 871 2317 ἀγαθῶν.
906 2250 1015 2302 Καὶ
1044 2250 1203 2312 αὐτὸς
1233 2249 1289 2301 66
1332 2251 1360 2302 6
1394 2250 1653 2320 σωτήριος
1682 2249 1833 2315 λόγος

281 2336 366 2406 εἴη
396 2335 460 2389 ἂν
493 2335 732 2399 όδὸς’τοῦ
764 2335 917 2389 Θεοῦ.
962 2336 1051 2388 Διὸ
1092 2335 1217 2407 ἑξῆς
1249 2337 1436 2405 ῶσπερ
1471 2336 1832 2407 διερμηνεύων

281 2424 375 2496 τὴν
405 2426 642 2479 διάνοιαν
668 2426 942 2494 ἐπιλέγει·
983 2445 1001 2478 ‹
1046 2427 1133 2481 Ἐν
1157 2428 1288 2479 πᾶσι
1313 2430 1421 2496 τοῖς
1449 2425 1622 2479 ἔθνεσι
1655 2427 1714 2479 τὸ
1738 2442 1834 2478 σω-

278 2516 460 2585 τήριόν
500 2533 611 2571 σου.
646 2535 665 2568 ι
698 2518 880 2580 Ὅπως
927 2512 1018 2570 οὖν
1054 2516 1363 2587 δυνηθῶμεν
1394 2519 1449 2569 ἐν
1481 2517 1627 2588 πάσῃ
1656 2519 1720 2587 τῇ
1760 2518 1828 2586 γῇ

278 2608 372 2659 καί
404 2608 461 2659 ἐν
502 2610 633 2661 πᾶσι
679 2601 796 2671 τοῖς
836 2608 1011 2662 ἔθνεσι
1053 2612 1164 2671 τοῖς
1209 2610 1307 2678 τὴν
1354 2610 1453 2679 γῆν
1485 2607 1689 2661 οἰκοῦσι
1734 2609 1830 2678 τὴν

276 2698 393 2750 ὁδόν
426 2716 519 2751 σου
546 2700 638 2751 καὶ
660 2699 722 2751 τὸ
746 2700 1009 2770 σωτήριόν
1036 2716 1152 2764 σου,
1181 2700 1373 2752 ταύτὸν
1397 2700 1504 2769 γάρ
1528 2701 1660 2763 ἐστι,
1695 2716 1831 2766 γνω-

278 2788 402 2840 στὸν
428 2789 669 2858 ποιῆσαι,
696 2776 1034 2859 οἰκτείρησον
1060 2790 1228 2859 ἡμᾶς,
1250 2792 1278 2842 6
1308 2791 1457 2853 Θεὸς,
1486 2790 1578 2842 καὶ
1608 2789 1828 2858 εὐλόγη-

276 2894 370 2931 σον
402 2880 566 2949 ἡμᾶς,
612 2880 702 2932 καί
741 2880 801 2931 τὸ
830 2880 1113 2949 πρόσωπόν
1142 2897 1232 2932 σου
1265 2880 1521 2947 ἐπίφανον
1557 2880 1638 2947 ἐφ’
1664 2881 1827 2949 ἡμᾶς,

277 2968 365 3021 ἵνα
397 2968 768 3040 πληρωθέντες
797 2970 969 3038 φωτὸς
995 2971 1057 3022 ἐκ
1087 2970 1180 3023 τοῦ
1206 2969 1491 3040 προσώπου
1519 2985 1634 3034 σου,
1667 2986 1830 3023 κατα-

271 3058 571 3130 λάμψωμεν
603 3061 807 3123 πάντας
834 3060 1167 3131 ἀνθρώπους.
1196 3060 1258 3112 Εἰ
1286 3059 1393 3129 γὰρ
1419 3060 1490 3130 μὴ
1523 3059 1671 3114 ταῦθ’
1696 3061 1831 3129 ἡμῖν

276 3150 584 3222 ὑπάρξειεν,
615 3152 762 3205 οὐδέν
786 3154 946 3221 ἐσμεν
976 3154 1133 3223 ἡμεῖς
1164 3151 1299 3223 πρὸς
1326 3153 1423 3222 τὴν
1458 3151 1551 3205 τοῦ
1578 3152 1831 3223 τηλικού-

272 3258 368 3295 του
403 3242 719 3313 πράγματος
748 3242 1101 3315 κατόρθωσιν.
1217 3231 1220 3234 ’

353 3372 371 3406 ι
416 3324 1020 3426 Ἐξομολογησάσθωσάν
1066 3372 1145 3408 σοι
1176 3354 1313 3418 λαοὶ,
1348 3354 1377 3406 6
1406 3354 1556 3417 Θεὸς,
1581 3352 1827 3423 ἐξομολο-
1850 3321 1894 3377 C'
1994 3356 2051 3411 VI

1891 3323 1894 3374 ί
1994 3356 2157 3413 Vens.
2180 3357 2290 3412 L8.
2321 3375 2339 3410 ι
2376 3358 2746 3414 Conﬁteantur
2772 3358 2869 3412 tibi
2891 3339 3094 3428 populi.
3120 3356 3287 3419 Deus.
3310 3356 3479 3412 conﬁ-
3562 3340 3589 3363 ’λ

201 3506 204 3509 ν
271 3446 630 3516 γησάσθωσάν
668 3464 748 3499 σοι
776 3446 894 3500 λαοὶ
926 3447 1143 3509 πάντες.
1174 3445 1659 3515 Εὐφρανθήτωσαν.
1692 3462 1710 3494 ι
1748 3442 1827 3495 Τά

278 3536 378 3608 μὲν
406 3537 593 3608 πρῶτα
620 3540 825 3605 ἑαυτοῖς
846 3532 1147 3608 ἐπηύξαντο
1166 3539 1214 3588 οἰ
1240 3535 1347 3587 τῶν
1373 3534 1539 3587 ἐθνῶν
1562 3535 1820 3605 κήρυκες·

274 3626 345 3681 τά
369 3627 424 3680 66
457 3628 786 3697 προκείμενα
812 3630 923 3689 τοῖς
950 3628 1010 3679 τὸ
1036 3626 1103 3677 δι’
1135 3624 1312 3678 αὐτῶν
1350 3625 1608 3694 κήρυγμα
1650 3639 1826 3693 παρα-

269 3716 603 3788 δεξαμένοις.
646 3718 755 3770 Καὶ
782 3717 845 3788 δὴ
875 3719 967 3770 καί
996 3715 1208 3787 πρῶτον
1243 3714 1557 3793 μένιαύτοῖς
1584 3713 1829 3784 ἐξομολο-

274 3811 485 3880 γήσεως
512 3808 786 3879 ἐνδοθῖὲιναι
806 3809 997 3891 χώραν
1021 3806 1291 3879 εὔχονται,
1321 3807 1469 3869 ὅπως
1495 3804 1565 3857 τά
1593 3806 1859 3891 πρότεραν

273 3900 483 3954 ἑαυτῶν
531 3900 973 3972 πλημμελήματα
1020 3900 1115 3953 καὶ
1160 3899 1258 3961 τὰς
1316 3898 1374 3951 ἐν
1425 3892 1857 3969 εἰδωλολατρείᾳ”

271 3988 590 4054 δυσσεϐείας
629 3990 1047 4061 ἀπορρὐψωνται
1092 3988 1180 4043 διὰ
1220 3989 1319 4059 τῆς
1368 3987 1824 4060 ἐξομολογήσεως⁶

274 4081 524 4153 δεύτερον
552 4083 919 4154 καθαρθέντας
948 4084 1141 4145 αὐτοὺς
1169 4085 1348 4151 τυχεῖν
1382 4082 1714 4153 εὐφροσύνης
1740 4082 1831 4134 καὶ

272 4171 643 4240 ἀγαλλιάσεως
667 4173 766 4242 τῆς
798 4172 948 4244 παρά
975 4171 1051 4242 τῷ
1078 4171 1196 4242 Θεῷ
1218 4171 1547 4224 ’ἱκετεύουσα
1569 4171 1658 4223 Διὸ
1680 4171 1829 4241 πρῶ-

273 4279 365 4315 τον
390 4263 547 4330 φασίν
565 4279 580 4295 ο
619 4281 639 4314 ι
680 4259 1287 4332 Ἐξομολογησάσθωσάν
1309 4277 1391 4329 σοι
1419 4260 1556 4326 λαοὶ,
1578 4263 1606 4313 6
1630 4260 1777 4323 Θεός.
1806 4279 1823 4310 ι

289 4354 433 4407 Ἀλλ’.
459 4353 578 4405 ἐπεὶ
612 4353 886 4407 συνέϐαινε
918 4354 1082 4423 μήπω
1107 4353 1342 4404 συνεῖναι
1364 4352 1517 4421 ἡμᾶς.
1543 4351 1726 4414 ποίους
1752 4353 1829 4403 εἰ-

274 4446 478 4519 ρήκασι
522 4442 681 4506 λαούς
701 4460 741 4504 ·,
763 4444 885 4495 ἐπεὶ
917 4444 1012 4495 καὶ
1046 4441 1107 4493 τὸ
1150 4442 1413 4495 Ἰουδαίων
1458 4440 1606 4504 ἔθνος
1646 4441 1828 4513 ἀθροί-

271 4552 459 4607 σματα
489 4534 582 4587 καὶ
614 4533 775 4596 λαοὺς
818 4532 1075 4603 ἐκέκτητο
1094 4547 1107 4560 ·
1140 4531 1466 4599 ἀναγκαίως,
1500 4533 1584 4585 ἵνα
1627 4534 1829 4602 νοήσω-

274 4644 379 4699 μεν
404 4625 569 4678 ποίων
581 4623 981 4695 ἐμνημόνευσαν
1009 4621 1172 4685 λαῶν,
1196 4621 1500 4704 δευτεροῦσι
1518 4623 1832 4695 τρανοῦντες
1863 4655 1907 4708 D
1933 4624 1972 4679 N

1794 4640 1832 4686 ις
1863 4655 1907 4708 D
1933 4624 2069 4680 Num
2104 4625 2239 4679 forte
2290 4640 2385 4694 per
2415 4622 2620 4692 priores
2675 4622 2833 4685 illos',
2893 4620 3201 4676 Iudaeorum
3248 4625 3492 4693 populos,

268 4719 373 4786 τὴν
417 4716 650 4769 διάνοιαν
689 4717 745 4767 ἐν
786 4713 862 4784 τῷ
900 4712 1107 4781 λέγειν·
1151 4733 1168 4765 ι
1225 4701 1829 4784 Ἐξομολογησάσθωσάν

274 4824 363 4860 σοι
382 4790 498 4859 λαοὶ
515 4807 730 4869 πάντες.
770 4824 788 4856 ι
823 4805 1044 4875 Μήποτε
1071 4804 1127 4857 δὲ
1158 4805 1242 4860 διὰ
1273 4806 1378 4859 τῶν
1405 4806 1680 4877 προτέρων
1706 4806 1829 4868 τοὺς

275 4897 431 4966 παρά
471 4896 739 4959 Ἰουδαίοις
764 4894 924 4957 λαοὺς
950 4895 1292 4962 αἰνίττονται,
1318 4896 1456 4966 ὑπὲρ
1484 4894 1659 4946 αὐτῶν
1687 4893 1830 4965 πρῶ-

275 5003 373 5041 τον
399 4973 513 5058 τὴν
535 4988 697 5059 εὐχήν
736 4986 1170 5057 ἀναπέμψαντες,
1211 4987 1298 5041 διὰ
1321 4987 1390 5041 .δέ
1430 4985 1535 5039 τῶν
1567 4985 1828 5056 δευτέρων

274 5075 406 5138 τοὺς
437 5075 495 5144 ἐξ
538 5075 705 5130 ἐθνῶν
742 5075 935 5141 λαούς;
962 5076 1137 5147 Ὅπερ
1177 5076 1264 5130 ῑνα
1301 5076 1571 5146 γνώριμον
1607 5073 1829 5142 γένηται

235 5204 240 5209 μ
276 5166 393 5227 τοῖς
425 5167 824 5236 ἐντυγχάνουσι,
858 5167 1108 5235 διασαφεῖ
1135 5165 1354 5235 φάσκων
1382 5168 1411 5219 6
1440 5163 1595 5232 λόγος
1616 5179 1631 5194 ·
1669 5182 1687 5212 ι
1724 5162 1828 5215 Εὐ-

285 5252 673 5325 φρανθήτωσαν
700 5257 794 5310 καὶ
820 5256 1261 5325 ἀγαλλιάσθωσαν
1292 5256 1437 5327 ἐθνη.
1476 5274 1495 5306 ι
1532 5253 1743 5324 Ἐπειδὴ
1771 5253 1830 5306 δέ

284 5343 366 5405 δὶς
410 5343 489 5407 τὸ,
542 5363 560 5394 ι
613 5345 1191 5417 ἐξομολογήσασθωσάν
1240 5364 1341 5411 σοι,
1394 5364 1413 5397 ι
1467 5344 1697 5415 εἴρηται,
1734 5336 1837 5413 ὅρα

283 5435 497 5507 μήποτε
528 5435 588 5488 τὸ
620 5436 716 5506 μὲν
744 5437 959 5506 πρῶτον
988 5438 1171 5509 ἐδήλου
1208 5438 1317 5491 τῶν
1349 5434 1622 5508 προτέρων
1653 5435 1833 5504 ἀμαρ-

282 5522 539 5593 τημάτων
576 5524 673 5593 τὴν
697 5524 999 5595 ὁμολογίαν,
1032 5526 1092 5578 τὸ
1128 5526 1185 5579 δὲ
1209 5526 1476 5597 δεύτερον,
1516 5524 1615 5593 τὴν
1639 5524 1723 5592 ἐφ’
1754 5519 1835 5589 οἷς

282 5616 472 5686 ἔτυχον
498 5614 718 5684 ἀγαθοῖς
747 5616 1109 5687 εὐχαριστίαν.
1146 5618 1489 5688 Λαμὸἀνεται
1511 5616 1629 5687 ,γὰρ
1660 5619 1692 5687 ἡ
1720 5617 1833 5683 ἐξο-

288 5707 574 5781 μολόγησις
609 5708 701 5761 καί
728 5708 834 5761 ἐπὶ·
847 5707 1210 5779 εὐχαριστίας.
1247 5707 1401 5761 Οὕτω
1429 5707 1556 5776 γοῦν
1585 5710 1625 5760 όν
1644 5708 1833 5780 Σωτήρ

368 5864 409 5899 ⁵⁸
429 5850 621 5938 Ephes.
656 5883 692 5930 ι.
713 5864 767 5922 5.
840 5820 1048 5941 ’ἔριδι
1078 5881 1150 5930 iv,
1179 5828 1230 5920 7.
1341 5865 1386 5898 "
1405 5863 1592 5921 Matth.
1625 5880 1702 5930 ιι,
1737 5864 1824 5921 25.

1933 2071 1986 2117 et
2009 2071 2193 2132 gentes
2220 2064 2531 2132 universum
2565 2063 2748 2133 orbem
2781 2071 3136 2132 occupantes;
3170 2064 3255 2118 via
3298 2072 3471 2119 auten.

1933 2152 2045 2217 Dei,
2068 2162 2148 2207 est
2177 2154 2428 2223 religiosa
2452 2154 2582 2218 vita,
2608 2154 2764 2223 cujus
2814 2153 2934 2208 linis
2969 2155 3033 2207 ad
3059 2154 3235 2223 ipsum
3272 2153 3439 2208 Deum
3458 2209 3471 2220 ,

1931 2263 2028 2303 ceu
2074 2248 2141 2301 ad
2193 2246 2477 2317 quamdam
2530 2248 2797 2302 bonorum
2852 2247 3187 2316 metropolim
3238 2245 3472 2302 deducit.

1929 2338 2153 2408 Ipseque
2181 2337 2434 2393 salutaris
2459 2324 2639 2392 sermo
2658 2338 2743 2391 via
2772 2336 2866 2391 Dei
2894 2338 3077 2392 fuerit.
3118 2336 3474 2403 Quamobrem

1930 2428 2187 2483 subhaec
2236 2429 2381 2482 velut
2420 2428 2739 2482 sententiam
2788 2428 3062 2497 explicans
3092 2428 3318 2498 adjicit:
3359 2446 3378 2479 ι
3418 2428 3476 2483 la

1929 2520 2180 2573 omnibus
2221 2519 2470 2588 gentibus
2516 2519 2755 2573 salutare
2782 2526 2955 2573 tuum.
2989 2538 3007 2570 ι
3063 2517 3133 2573 Ut
3173 2520 3353 2589 itaque
3385 2535 3473 2574 va-

1928 2610 2133 2663 leamus
2155 2610 2209 2662 in
2238 2610 2382 2663 omni
2408 2617 2550 2664 terra
2576 2620 2629 2664 et
2650 2610 2705 2663 in
2730 2610 2981 2664 omnibus
3004 2610 3254 2679 gentibus
3281 2618 3477 2669 terram

1927 2699 2289 2755 incolentibus
2312 2701 2453 2754 viam
2480 2708 2627 2754 tuam
2650 2708 2704 2755 et
2725 2701 2962 2756 salutare
2988 2711 3159 2764 tuum,
3188 2714 3311 2761 nam
3337 2700 3477 2755 idem

1928 2791 2102 2861 ipsum
2141 2799 2245 2855 est,
2280 2799 2465 2845 notum
2502 2790 2699 2853 facere,
2736 2793 2992 2847 miserere
3016 2790 3390 2855 nostri,Deus,
3425 2800 3478 2846 et

1928 2882 2151 2938 benedic
2200 2882 2392 2945 nobis,
2436 2883 2747 2952 vultumque
2799 2890 2951 2935 tuum
3016 2876 3255 2936 illumina
3310 2895 3478 2953 super

1926 2991 2057 3041 nos;
2090 2983 2147 3029 ut
2181 2975 2385 3049 lumine
2415 2975 2596 3029 vultus
2634 2975 2710 3029 tui
2741 2976 2967 3044 repleti,
3018 2989 3205 3029 omnes
3232 2975 3478 3031 homines

1927 3066 2278 3122 illustremus.
2311 3067 2523 3121 Atenim
2566 3068 2670 3122 nisi
2699 3067 2811 3122 haec
2844 3067 2999 3122 nobis
3032 3066 3323 3132 adfuerint,
3341 3069 3477 3123 nihil

1929 3158 1995 3213 ad
2018 3167 2222 3213 tantam
2250 3174 2365 3213 rem
2392 3157 2770 3229 perficiendam
2805 3174 3009 3215 sumus.

1926 3450 2138 3498 teantur
2153 3445 2249 3499 tibi
2268 3446 2448 3514 populi
2468 3445 2673 3500 omnes.
2693 3444 2981 3512 Latentur.
3017 3466 3034 3497 ι
3055 3445 3245 3500 Priora
3259 3446 3477 3515 quidem

1924 3535 2027 3589 sibi
2044 3549 2322 3605 praecones
2345 3538 2582 3606 gentium
2601 3536 2975 3606 postularunt;
2997 3538 3107 3591 haec
3128 3553 3257 3592 vero
3285 3539 3353 3593 iis
3382 3536 3477 3606 qui

1925 3624 2357 3695 praedicationem
2383 3640 2537 3679 suam
2561 3624 2908 3694 exceperunt.
2925 3624 2988 3677 Et
3003 3627 3174 3694 primo
3190 3627 3325 3695 ipsis
3346 3642 3480 3680 cond

1925 3713 2176 3771 fessionis
2204 3717 2382 3771 locum
2400 3717 2514 3771 dari
2536 3725 2841 3788 precantur,
2875 3726 2933 3772 ut
2963 3734 3056 3787 per
3081 3716 3476 3773 confessionem

1926 3808 2151 3877 pristina
2197 3806 2389 3862 delicta
2431 3817 2485 3862 et
2524 3808 2834 3863 idololatria:
2887 3794 3210 3877 impietatem
3268 3808 3480 3864 abster-

1926 3904 2072 3968 gant.
2112 3895 2360 3952 Secundo
2389 3906 2577 3968 rogant
2606 3906 2665 3952 ut
2694 3899 2900 3968 purgati
2933 3899 3168 3955 lasiitiam
3204 3908 3256 3954 et
3295 3901 3478 3955 exsul-

1926 3988 2183 4043 tationem
2222 4002 2253 4041 a
2297 3987 2405 4042 Deo
2464 3997 2884 4058 consequantur.
2934 3988 3110 4054 Quare
3168 3992 3340 4059 primo
3393 3992 3479 4046 dl-

1927 4088 2056 4133 cunt
2108 4098 2122 4133 :
2166 4078 2589 4134 «Conﬁteantur
2651 4080 2747 4132 tibi
2810 4082 3023 4151 populi,
3092 4080 3252 4138 Deus.
3303 4102 3322 4135 ι
3370 4083 3477 4139 Sed

1925 4170 2050 4239 quia
2084 4171 2320 4224 nondum
2354 4170 2511 4225 nobis
2532 4156 2722 4223 notum
2752 4172 3011 4248 erat,'q‘ui
3042 4170 3226 4242 populi
3269 4173 3473 4230 indica-

1925 4270 2152 4327 rentur;
2193 4276 2316 4316 nam
2366 4262 2481 4332 ipsa
2514 4256 2731 4332 qucque
2774 4261 3159 4333 Judaicalgens
3207 4274 3381 4320 cmtus
3422 4273 3478 4320 et

1928 4352 2150 4420 populos
2174 4350 2395 4420 habuit;
2427 4358 2486 4404 ut
2518 4350 2755 4406 sciamus
2778 4352 2975 4420 quibus
3002 4352 3067 4406 de
3101 4353 3315 4421 populis
3349 4369 3479 4423 aga-

1928 4450 2037 4505 tur,
2065 4442 2376 4497 necessario
2406 4448 2674 4510 repetunt.
2705 4450 3042 4510 mentemque
3095 4457 3248 4497 suam
3297 4444 3479 4497 decla-

1928 4542 2049 4587 rant
2082 4534 2168 4589 his
2187 4534 2405 4587 verbis:
2453 4550 2471 4583 ι
2508 4518 2879 4587 Conﬁteantur
2893 4532 2991 4586 tibi
3017 4533 3196 4602 populi
3222 4547 3428 4589 omnes.
3452 4534 3483 4587 ιΔ

1934 4714 2291 4778 subindicant,
2349 4727 2446 4782 pro
2494 4712 2704 4780 illisque
2752 4711 3051 4767 orationem
3097 4712 3271 4782 primo
3322 4714 3481 4768 emit-

1931 4814 2083 4873 tunt;
2121 4820 2215 4874 per
2241 4802 2508 4859 secundos
2536 4807 2734 4865 autem,
2760 4802 2998 4871 gentium
3034 4802 3295 4873 populos?
3323 4801 3478 4868 Quod

1932 4903 1991 4948 ut
2022 4891 2314 4960 legentibus
2367 4890 2585 4957 planum
2631 4886 2742 4952 ﬁat,
2780 4887 2865 4942 his
2910 4888 3087 4943 verbis
3121 4880 3428 4943 declaratur
3460 4906 3475 4941 :

1938 5002 1956 5035 ι
2003 4982 2272 5036 Laetamur
2300 4988 2354 5034 et
2375 4979 2645 5034 exsultent
2663 4987 2869 5050 gentes.
2909 4998 2927 5031 ι
2947 4979 3217 5046 Quoniam
3246 4993 3372 5033 vero
3392 4978 3478 5034 bis

1880 5062 1881 5065 6
1933 5073 2083 5137 illud,
2119 5090 2139 5123 ι
2182 5070 2540 5125 confiteantur
2567 5069 2700 5135 tibi,
2739 5090 2757 5123 ι
2797 5071 2999 5124 dictum
3044 5080 3153 5136 est;
3206 5065 3479 5138 perpende

1933 5178 2063 5219 num
2099 5162 2330 5232 primum
2357 5155 2709 5231 pristinorum
2736 5161 3050 5215 delictorum
3080 5158 3478 5215 confessionem

1934 5251 2225 5323 signiﬁcet;
2264 5251 2559 5306 secundum
2590 5265 2736 5313 vero,
2772 5251 3066 5320 gratiarum
3124 5264 3221 5319 pro
3264 5249 3477 5305 collatis

1934 5344 2097 5400 bonis
2119 5342 2405 5397 actionem.
2424 5342 2559 5397 Nam
2581 5340 2850 5397 confessio
2878 5341 3038 5396 etiam
3065 5340 3475 5411 pro'gratiarum

1936 5436 2145 5490 actione
2189 5442 2503 5504 usurpatur.
2538 5432 2628 5487 Sic
2655 5434 2796 5487 enim
2835 5431 3086 5487 Servatur
3114 5432 3317 5511 gratias
3366 5431 3476 5500 agit

1937 5528 2164 5583 dicens:
2206 5545 2226 5579 ι
2274 5526 2548 5601 Conﬁteor
2580 5525 2735 5591 tibi,
2779 5522 2958 5587 Pater,
3001 5520 3225 5578 Domine
3260 5520 3385 5577 celi
3418 5527 3475 5575 et

1933 5626 2091 5675 terrae
2115 5619 2181 5672 ⁹⁶.
2222 5638 2242 5671 ›
2274 5617 2405 5674 Post
2429 5618 2655 5688 primam
2688 5632 2817 5677 vero
2862 5624 2914 5670 et
2942 5616 3233 5670 secundam
3263 5610 3477 5668 confes-

1937 5707 2162 5772 sionem,
2190 5706 2301 5777 jam
2324 5706 2484 5763 tertio
2513 5705 2894 5777 pro-gentibus
2930 5703 3037 5760 illis
3063 5701 3324 5759 confessis
3352 5714 3481 5773 pte-
