4300 6402
813 491 918 544 G75

1500 482 1763 539 EUSEBII
1804 476 2284 538 CIESARIENSIS
2323 477 2472 531 OPP.
2512 476 2692 531 PARS
2724 474 2813 529 Ill.
2852 504 2919 515 -—
2951 470 3361 527 EXEGETICA.

3962 439 4069 519 sis

810 624 1021 669 cantur.
1082 610 1289 677 Quibus
1349 607 1567 662 verbis?
1615 626 1633 657 ι
1693 605 1967 660 Laetentur
2020 612 2075 657 et
2119 602 2508 663 exsultentA-i

2370 609 2389 652 t
2419 608 2464 663 Α
2490 597 2809 669 ηὐχαρίστει
2834 594 3008 677 λέγων
3028 611 3040 623 ·
3078 612 3097 644 ι
3122 586 3578 661 Ἐξομολογοῦμαί
3601 603 3705 649 σοι,
3735 584 3937 654 Πάτερ,
3962 581 4066 637 Κύ-

810 714 1018 779 gentes.
1061 723 1079 755 ι
1112 702 1228 768 Qua
1261 715 1387 755 vero
1431 700 1499 754 de
1535 714 1703 753 causa
1729 740 1744 763 ,
1776 696 1972 751 deinde
2001 695 2161 749 docet
2202 697 2281 748 sic
2315 694 2394 746 lo-

810 814 1023 870 quens:
1060 813 1080 846 c
1118 796 1385 861 Quoniam
1410 792 1683 863 judicabis
1704 792 1932 862 populos
1955 791 2009 843 in
2045 788 2337 857 aequitate;
2371 807 2387 839 ι

812 886 1042 959 populos
1100 892 1279 937 autem
1310 898 1419 937 non
1469 883 1719 952 aliquos,
1782 880 1905 933 aliis
1966 877 2252 941 dimissis;
2297 876 2394 932 sed

812 994 1024 1039 omnes,
1056 983 1115 1029 ut
1142 974 1579 1029 demonstratum
1626 972 1879 1043 superius
1926 979 2051 1026 est:
2094 970 2189 1039 qui
2241 970 2394 1039 gnari

814 1072 1036 1138 insuper
1069 1083 1129 1122 se
1157 1066 1254 1122 abs
1293 1076 1346 1121 te
1372 1067 1595 1119 ductum
1628 1066 1732 1130 iri,
1783 1075 1841 1118 ut
1866 1065 2011 1117 viam
2038 1063 2141 1117 sibi
2171 1077 2199 1115 a
2239 1062 2395 1118 nobis

814 1160 1105 1215 indicatam
1139 1158 1548 1229 perambulent,
1578 1156 1700 1224 jure
1733 1155 1919 1209 laetitia
1946 1161 2000 1208 et
2032 1153 2396 1208 exsultatione

796 1250 1186 1321 ireplehuntur.
1225 1246 1332 1300 Pro
1359 1247 1450 1299 illo
1482 1254 1685 1305 autem,
1717 1261 1736 1293 ι
1769 1250 1823 1296 et
1845 1242 2142 1303 exsultent,
2183 1259 2200 1290 ι
2228 1240 2395 1309 Aqui-

814 1337 883 1398 la,
916 1353 937 1385 ι
966 1340 1019 1389 et
1050 1331 1396 1399 laudabunt;
1432 1350 1450 1382 ι
1489 1328 1847 1399 Symmachus
1878 1341 2027 1390 vero,
2058 1346 2076 1377 ι
2136 1334 2189 1381 et
2234 1325 2399 1379 bene-

2498 707 2579 761 ριε
2601 689 2695 742 τοῦ
2729 686 2958 758 οὐρανοῦ
2976 672 3080 737 ’καὶ
3110 684 3208 754 τῆς
3238 683 3361 752 γῆς.
3397 700 3415 731 ι
3454 676 3609 733 Μετά
3637 677 3695 731 δέ
3718 677 3819 749 τὴν
3848 674 4071 746 πρώτην

2495 783 2589 835 καὶ⁵
2634 780 2889 850 δευτέραν
2942 774 3327 846 ἐξομολόγησιν
3372 770 3693 841 ἐπεύχονται
3734 771 3849 832 τοῖς
3894 765 4072 822 ἔθνεσι

2494 878 2605 937 τοῖς
2651 866 3207 941 ἐξομολογησαμένοις
3250 865 3319 917 τά
3366 864 3547 934 τρίτα*
3582 860 3715 914 Τίνα
3756 860 3815 913 δὲ
3859 858 4071 922 ταῦταδ

2501 987 2518 1019 ι
2565 962 3037 1035 Εὐφρανθήτωσαν
3070 960 3163 1011 καὶ
3210 956 3660 1026 ἀγαλλιάσθωσαν
3704 953 3851 1023 ἔθνη.
3898 972 3917 1003 ι
3959 951 4069 1004 Καὶ

2494 1057 2581 1111 διὰ
2627 1055 2788 1131 ποίαν
2826 1052 3024 1114 αίτίαν,
3054 1051 3181 1122 ἑξῆς
3213 1049 3452 1103 διδάσκει
3488 1046 3683 1114 λέγων·
3722 1062 3742 1095 ι
3779 1044 3901 1095 Ὅτι
3947 1058 4072 1113 κρι-

2495 1151 2603 1211 νεῖς
2635 1146 2798 1208 λαοὺς
2841 1146 2898 1197 ἐν
2948 1142 3222 1212 εὐθύτητι,
3264 1160 3281 1193 ι
3328 1140 3422 1193 καὶ
3469 1138 3549 1191 ὅτι
3589 1136 3772 1199 λαοὺς,
3814 1135 3875 1187 οὐ
3920 1134 4073 1197 τινάς

2500 1237 2617 1306 μὲν,
2652 1234 2803 1297 τινὰς
2830 1233 2885 1286 δέ
2924 1232 3018 1285 οὐ·
3062 1231 3197 1285 ἀλλὰ
3244 1231 3452 1292 πάντας
3481 1227 3621 1281 κατὰ
3651 1224 3718 1278 τά
3765 1223 4075 1295 ἔμπροσθεν

2494 1325 2855 1397 δεδηλωμένα.
2896 1324 3017 1375 Ἔτι
3063 1322 3121 1375 δὲ
3148 1323 3366 1389 γνόντα,
3408 1321 3489 1372 ὅτι
3527 1316 3920 1389 ὀδηγηθήσεται
3966 1313 4075 1369 ὐπὸ

815 1427 1013 1487 ιίἰρθηι,
1046 1446 1062 1477 ι
1101 1423 1441 1495 interpretati
1501 1430 1651 1477 sunt.
1699 1418 2127 1474 «‘Conﬁteantur
2154 1418 2250 1471 tibi
2302 1432 2398 1487 po-
2499 1436 2513 1469 c

2374 1448 2398 1457 —
2499 1417 2593 1470 σοῦ
2634 1418 2771 1488 πρὸς
2814 1416 2874 1469 τὸ
2918 1414 3132 1484 βαδίσαι
3158 1415 3256 1483 τὴν
3298 1412 3413 1465 ὁδὸν
3447 1411 3547 1482 τὴν
3573 1409 3664 1480 ὐφ’
3698 1407 3857 1479 ἡμῶν
3888 1409 4072 1471 αὐτοῖς

816 1520 946 1589 puli,
976 1518 1139 1580 Deus,
1171 1518 1542 1572 conliteantur
1573 1514 1667 1568 tibi
1728 1512 1913 1583 populi
1970 1525 2161 1565 omnes
2202 1528 2216 1562 :
2250 1518 2396 1563 terra
2498 1528 2514 1578 γ

2374 1524 2396 1562 a
2498 1509 2929 1583 γνωριζομένην,
2959 1507 3181 1569 εἰκότως
3208 1504 3546 1576 εὐφροσύνης
3576 1504 3669 1557 καὶ
3700 1502 4072 1570 ἀγαλλιάσεως

813 1611 960 1665 dedit
990 1612 1225 1665 fructum
1251 1624 1431 1663 suum.
1468 1627 1485 1659 ν
1526 1607 1599 1661 De
1643 1605 1802 1661 bonis
1837 1604 2120 1674 promissis
2150 1601 2259 1655 tuis
2305 1601 2396 1654 [ιε-
2498 1616 2511 1650 ι

2370 1630 2396 1640 -
2498 1598 2885 1669 πλησθήσεται.
2932 1598 3074 1650 Ἀντί
3116 1596 3171 1649 δέ
3222 1594 3339 1658 τοῦ,
3372 1614 3389 1645 ι
3428 1596 3521 1647 καὶ
3550 1591 4019 1662 ἀγαλλιάσθωσαν.
4048 1612 4067 1643 ι

815 1704 1089 1758 tabundus
1117 1703 1349 1773 Spiritus
1390 1712 1635 1765 sanctus,
1666 1698 1858 1753 iisdem
1899 1696 2126 1750 vocibus
2173 1692 2395 1757 insistit,
2504 1710 2513 1740 ‹

2381 1735 2395 1757 ,
2504 1710 2520 1741 ι
2548 1692 2638 1743 καὶ
2671 1691 2969 1743 αἰνέσουσιν
3010 1708 3028 1740 ι
3065 1690 3093 1739 ό
3126 1686 3402 1749 ’Ἃκύλας-
3436 1688 3463 1738 ὁ
3494 1685 3548 1737 δέ
3581 1684 3897 1756 Σύμμαχος,
3928 1702 3947 1734 ι
3980 1682 4078 1737 καὶ

814 1796 969 1863 quasi
1001 1798 1067 1850 de
1117 1796 1390 1849 communi
1452 1793 1828 1847 universorum
1890 1789 2169 1844 hominum
2224 1788 2398 1840 salute
2500 1798 2512 1832 ε

2379 1802 2398 1840 3
2500 1780 2935 1852 εὐφημείτωσαν,
2964 1799 2981 1831 ι
3018 1779 3387 1850 ήρμήνευσαν.
3417 1795 3435 1827 ι
3461 1774 4077 1846 Ἐξομολογησάσθωσάν

815 1885 1134 1939 delectatus.
1166 1884 1345 1949 Quare
1390 1884 1476 1938 bis
1511 1893 1661 1941 terve
1712 1879 1982 1945 resumit,
2015 1895 2191 1949 neque
2222 1879 2337 1931 vult
2369 1892 2397 1929 a
2502 1894 2513 1927 ‹

2381 1892 2397 1929 ι
2502 1893 2583 1927 σοι
2617 1875 2754 1937 λαοὶ,
2791 1876 2818 1926 ό
2849 1873 3000 1936 Θεὸς,
3039 1869 3632 1942 ἐξομολογησάσθωσάν
3674 1886 3756 1922 σοι
3795 1868 3913 1922 λαοί
3942 1868 4079 1923 πάνὶ

815 1977 1041 2031 salutari
1088 1988 1142 2030 et
1187 1976 1499 2045 evangelica
1553 1974 1769 2028 cantico
1826 1972 2101 2027 secedere.
2162 1968 2395 2023 Rursum
2430 1956 2513 2017 Βπ

2381 1984 2395 2020 ι
2430 1956 2471 2010 Β
2499 1984 2608 2030 τες·
2653 1965 2723 2034 γῆ
2752 1965 2935 2017 ιεδωκε
2965 1966 3057 2018 τὸν
3086 1964 3297 2033 καρπὸν
3340 1962 3530 2033 αὐτῆς.
3563 1980 3581 2013 ι
3624 1962 3745 2015 Ἐπὶ
3788 1963 3909 2024 ταῖς
3942 1977 4079 2033 χρη-

816 2066 998 2136 itaque
1022 2069 1096 2121 ait
1128 2084 1141 2119 :
1175 2088 1192 2119 ι
1216 2066 1594 2121 Conﬁteantur
1621 2065 1717 2119 tibi
1748 2063 1953 2133 populi,
1987 2061 2148 2115 Deus.
2190 2080 2207 2111 ι
2241 2059 2395 2126 Quod
2502 2076 2514 2109 ι

2382 2060 2395 2111 l
2502 2061 2650 2121 σταῖς
2704 2057 2797 2109 καὶ
2846 2055 3076 2124 ἀγαθαῖς
3122 2054 3479 2124 ἐπαγγελίαις
3531 2054 3957 2126 εὐφραινόμενον
4014 2050 4080 2107 τὺ

815 2174 945 2214 sane
980 2159 1273 2212 maximum
1302 2166 1421 2214 erat
1458 2158 1805 2219 miraculum,
1826 2156 1952 2225 quia
1975 2154 2146 2209 ειυόωί
2178 2154 2396 2224 quidem
2500 2151 2513 2201 l

2381 2169 2396 2207 I
2500 2149 2723 2220 Πνεῦμα
2763 2148 2823 2201 τὸ
2869 2147 3043 2215 ἅγιον,
3090 2150 3207 2209 ταῖς
3250 2148 3441 2209 αὐταῖς
3472 2144 3797 2217 ἐνδιατρίϐει
3850 2146 4079 2214 φωναῖς,

816 2248 1196 2303 universorum
1228 2248 1323 2303 Dei
1359 2250 1565 2304 cultum
1597 2262 1626 2301 a
1656 2248 1903 2318 patribus
1926 2246 2125 2309 edocti,
2154 2246 2206 2299 in
2231 2245 2399 2298 idolo—
2498 2243 2514 2296 ὲ

2386 2276 2399 2284 -
2498 2242 2687 2315 ὥσπερ
2720 2240 2999 2313 ἐντρυφῶν
3026 2243 3093 2311 τῇ
3127 2242 3281 2311 κοινῇ
3316 2240 3531 2293 πάντων
3564 2237 3868 2310 ἀνθρώπων
3900 2253 4084 2308 σωτη-

817 2342 989 2397 latriaa
1029 2356 1273 2395 errorem
1310 2340 1625 2411 frequenter
1668 2340 2023 2409 proruebant.
2064 2336 2255 2409 POpuli
2298 2352 2397 2391 au-

814 2441 925 2489 tem
960 2448 1056 2503 per
1097 2434 1285 2489 orbem
1314 2433 1583 2497 universi,
1608 2433 1701 2503 qui
1732 2447 1763 2485 a
1789 2432 1973 2487 multis
1996 2440 2144 2487 retro
2184 2433 2398 2487 saeculis

813 2525 989 2581 errori
1014 2524 1183 2579 dediti
1216 2531 1394 2587 erant,
1425 2539 1669 2593 eousque
1718 2538 1899 2578 mores
1929 2522 2316 2588 immutabuut,
2342 2532 2400 2576 ut

816 2632 926 2671 non
959 2618 1134 2671 solum
1162 2626 1213 2671 te
1236 2613 1479 2671 omnium
1512 2616 1679 2670 Deum
1717 2622 2045 2685 agnoscant;
2099 2614 2193 2671 sed
2235 2614 2398 2667 etiam

815 2708 1065 2764 ediscant
1098 2710 1199 2764 tibi
1231 2711 1433 2784 duplici
1481 2710 1592 2780 jam
1645 2708 1849 2763 tradito
1896 2724 2046 2763 more
2100 2710 2395 2764 conﬁteri:

816 2803 960 2871 quod
994 2811 1053 2855 ut
1092 2806 1309 2857 eveniat
1341 2803 1453 2873 jam
1484 2802 1804 2857 vaticinium
1858 2810 2106 2868 matura;
2148 2809 2207 2855 ut
2242 2809 2399 2856 aiter-

815 2906 1012 2946 narum
1073 2893 1499 2962 promissionum
1550 2891 1748 2946 oculati
1806 2898 1975 2946 testes
2025 2891 2218 2947 simus.
2276 2889 2399 2945 Haec

815 2998 981 3053 porro
1006 2982 1085 3036 sic
1116 2982 1432 3053 accipienda
1466 2990 1617 3043 sunt,
1644 2988 1703 3035 ut
1742 2982 1956 3051 possint
1996 2992 2063 3036 ex
2106 2983 2399 3053 prOpheta-

815 3089 939 3129 rum
974 3089 1206 3144 persona
1231 3075 1337 3127 dici
1366 3090 1380 3139 ;
1418 3076 1487 3126 ita
1518 3078 1575 3125 ut
1601 3082 1723 3141 qua:
1752 3080 1880 3126 ante
1914 3071 2217 3141 diapsalma
2246 3078 2396 3134 sunt,

817 3165 1185 3235 apostolorum
1214 3176 1460 3235 persona:
1489 3160 1858 3225 conveniant;
1888 3157 2011 3229 qua:
2048 3174 2176 3214 vero
2208 3174 2399 3215 secun-

814 3257 945 3311 dum
980 3255 1281 3325 diapsalma
1313 3260 1615 3324 ponuntur,
1654 3252 2043 3321 prophetarum
2080 3252 2273 3313 choro,
2305 3251 2397 3320 qui

815 3365 879 3406 ea
908 3364 1023 3420 qua:
1047 3363 1147 3402 uos
1188 3345 1455 3411 videmus,
1502 3344 1606 3415 ipsi
1633 3358 1851 3414 quoque
1883 3343 2203 3413 conspicere
2251 3341 2401 3412 tragi-

816 3444 1029 3498 tabant.
1054 3447 1108 3494 et
1138 3449 1317 3493 tamen
1346 3453 1457 3492 non
1485 3435 1739 3491 viderunt
1766 3435 2066 3491 secundum
2104 3433 2400 3489 Salvatoris

816 3543 1007 3583 vocem
1038 3528 1105 3580 ’⁸.
1162 3526 1363 3581 Deinde
1431 3525 1668 3581 dicitur:
1717 3543 1737 3577 ι
1780 3524 1949 3579 Terra
1981 3525 2129 3581 dedit
2167 3526 2401 3580 fructum

816 3634 1010 3686 suum;
1040 3639 1057 3671 ι
1089 3620 1223 3683 sive,
1254 3618 1555 3675 secundum
1582 3617 1971 3689 Symmachum
1999 3637 2011 3673 :
2052 3636 2071 3669 σ
2105 3616 2274 3673 Terra
2304 3617 2400 3672 da-

2502 2336 2613 2409 ρίᾳ.
2647 2335 2737 2387 Διὸ
2772 2331 3214 2403 ὲπαναλαμϐάνει
3247 2331 3497 2403 δεύτερον
3529 2330 3623 2382 καὶ
3654 2329 3859 2402 τρίτον,
3893 2328 3989 2382 καὶ
4016 2328 4084 2382 οὐ

2502 2427 2748 2498 βούλεται
2793 2425 3097 2499 ἀναχωρεῖν
3129 2423 3224 2477 τοῦ
3273 2422 3543 2493 σωτηρίου
3592 2421 3689 2475 καὶ
3722 2417 4085 2488 εὐαγγελικοῦ

2499 2518 2757 2590 ᾄσματος.
2802 2517 2970 2570 Πάλιν
3015 2511 3107 2569 οὖν
3158 2530 3341 2587 φησιν·
3397 2532 3415 2563 ι
3464 2511 4086 2583 Ἐξομολογησάσθωσάν

2501 2629 2581 2664 σοι
2622 2610 2757 2677 λαοὶ,
2797 2613 2826 2664 ό
2870 2611 3021 2674 Θεός.
3064 2628 3083 2661 ι
3128 2610 3193 2661 '0
3236 2608 3299 2679 δὴ
3344 2607 3598 2679 μέγιστον
3638 2599 3707 2675 ἦν
3740 2604 3953 2673 θαῦμα,
3995 2602 4081 2656 ὅτι

2511 2702 2750 2757 Ἰουδαῖοι
2778 2703 2897 2773 μὲν,
2937 2704 3001 2755 ἐκ
3030 2700 3280 2772 πατέρων
3312 2699 3403 2751 τὸν
3430 2697 3538 2751 τῶν
3567 2696 3703 2751 ὅλων
3731 2696 3863 2748 Θεὸν
3895 2694 4077 2748 σέϐειν

2496 2794 2882 2865 δεδιδαγμένοι,
2915 2794 3154 2865 συνεχῶς
3186 2791 3664 2864 ἐξετραχηλίζοντο
3693 2790 3787 2843 ἐπὶ
3816 2787 3918 2859 τὴν
3947 2786 4085 2841 πλά-

2496 2905 2594 2960 νην
2624 2889 2723 2959 τῆς
2747 2887 3188 2958 εἰδωλολατρείας
3207 2903 3223 2917 ·
3255 2885 3374 2939 λαοὶ
3397 2884 3454 2939 δὲ
3488 2884 3685 2948 πάντες
3711 2885 3760 2937 ot
3803 2881 3924 2937 καθ’
3951 2881 4087 2953 ὅλης

2496 2983 2596 3055 τῆς
2630 2980 2951 3052 οίκουμένης
2978 2981 3042 3033 ἐκ
3073 2979 3168 3033 τοῦ
3206 2977 3420 3051 μακροῦ
3448 2976 3644 3041 αίῶνος
3674 2974 4085 3046 πεπλανημένοι

2499 3076 2579 3137 είς
2620 3072 2891 3143 τοσαύτην
2928 3071 3118 3141 ἥξουσι
3167 3070 3488 3143 μεταϐολὴν,
3527 3067 3604 3132 ὡς
3641 3068 3717 3140 μὴ
3755 3068 3915 3139 μόνον
3956 3069 4082 3120 ἐπι-

2500 3165 2701 3236 γνῶναί
2727 3182 2786 3218 σε
2812 3163 2904 3218 τὸν
2935 3165 3027 3217 ἐπὶ
3060 3165 3275 3218 πάντων
3298 3163 3453 3227 Θεὸν,
3482 3160 3620 3216 ἀλλά
3648 3162 3743 3216 καὶ
3768 3162 4084 3233 ἐπιστήμην

2501 3254 2787 3309 ἀναλαϐεῖν
2823 3252 2917 3307 τοῦ
2965 3254 3400 3326 ἐξομολογεῖσθαι
3446 3269 3528 3306 σοι
3576 3251 3717 3306 κατά
3756 3252 3851 3307 τὸν
3886 3252 4086 3307 ἀποδο-

2503 3347 2663 3401 θέντα
2702 3346 2880 3399 διττὸν
2915 3346 3147 3419 τρόπον’
3194 3346 3333 3417 ὅπερ
3385 3345 3472 3398 ἴνα
3520 3344 3743 3415 γένηται
3782 3342 3886 3415 ήδη
3925 3342 4081 3409 ποτὶ,

2501 3439 2726 3510 τάχυνον
2750 3438 2819 3493 τὰ
2847 3438 2948 3509 τῆς
2978 3438 3334 3510 προφητείας,
3364 3438 3450 3491 ἵνα
3498 3436 3765 3491 αὐτόπται
3804 3435 3915 3489 τῶν
3950 3438 4089 3491 aler-

2502 3532 2628 3585 νίων
2660 3530 3000 3601 ἐπαγγελιῶν
3032 3530 3346 3602 γενοίμεθα.
3394 3530 3711 3585 ’Δκουστέον
3740 3529 3795 3583 δὲ
3822 3527 3931 3582 τῶν
3955 3543 4089 3599 προ-

2501 3624 2767 3695 κειμένων
2800 3623 2876 3686 ὼς
2913 3623 3227 3695 δυναμένων
3253 3624 3347 3678 καὶ
3380 3624 3445 3676 ἐκ
3481 3621 3772 3694 προσώπου
3816 3619 3925 3673 τῶν
3951 3634 4088 3690 προ-

816 3711 895 3765 bit
927 3722 1244 3781 proventum
1292 3725 1475 3769 suum.
1536 3729 1555 3761 ι
1592 3707 1731 3765 Vere
1790 3725 2024 3780 namque
2065 3709 2278 3767 fructus
2314 3725 2402 3767 se-
2502 3735 2514 3769 ι

2389 3741 2402 3751 ·
2502 3716 2686 3788 φητῶν
2712 3716 2992 3785 λέγεσθαι·
3025 3716 3154 3771 ὥστ’
3196 3712 3336 3770 εἶναι
3365 3716 3432 3770 τὰ
3462 3715 3561 3787 μὲν
3582 3715 3688 3786 πρὸ
3721 3712 3819 3767 τοῦ
3842 3710 4087 3782 ’διαψάλ-

814 3802 1055 3857 cundum
1112 3809 1272 3856 terra:
1319 3809 1569 3856 naturam
1618 3808 1743 3863 est,
1806 3817 1969 3858 nosse
2021 3802 2399 3858 universorum
2506 3829 2512 3881 ι

2388 3818 2399 3855 |
2506 3826 2690 3886 ματος,
2730 3810 3035 3880 ἁρμόζοντα
3077 3809 3155 3879 τῷ
3186 3808 3462 3879 προσώπῳ
3493 3807 3602 3861 τῶν
3646 3805 3979 3871 ἀποστόλων,
4014 3803 4086 3858 τά

815 3894 1007 3959 Deum,
1032 3895 1237 3965 eosque
1265 3896 1423 3965 queis
1460 3896 1515 3948 in
1552 3894 1639 3947 illa
1668 3894 1917 3950 habitare
1942 3910 2265 3955 concessum
2294 3903 2398 3960 est,
2500 3904 2513 3958 ε

2386 3935 2398 3960 ι
2500 3904 2558 3958 δὲ
2591 3904 2727 3976 μετὰ
2751 3904 2812 3957 τὸ
2837 3903 3136 3974 διάψαλμα,
3162 3902 3241 3972 τῷ
3269 3901 3417 3973 χορῷ
3448 3902 3557 3956 τῶν
3586 3902 3904 3973 προφητῶν,
3942 3902 4084 3955 olle.-

814 3988 1029 4043 debitas
1089 3989 1196 4058 ipsi
1242 3988 1621 4044 confessiones
1679 3997 1733 4042 et
1798 3988 2099 4058 gratiarum
2159 3988 2403 4041 actiones
2500 4018 2512 4045 η

2386 4004 2403 4041 ⁵
2500 4016 2590 4063 νες
2614 3997 2920 4069 ἐπεθύμουν
2957 3997 3083 4050 ίδεῖν
3106 3995 3143 4050 ἃ
3172 3997 3331 4066 ἡμεῖς
3370 3995 3661 4065 βλέπομεν,
3688 3994 3783 4048 καὶ
3814 3995 3915 4048 οὐκ
3943 3994 4084 4049 εἶδον

816 4081 1086 4135 emittere.
1124 4079 1257 4135 Nam
1289 4096 1352 4135 ea
1383 4081 1454 4154 de
1477 4094 1647 4135 causa
1666 4089 1829 4135 terra:
1863 4082 2192 4137 elementum
2212 4080 2405 4135 condi—
2502 4109 2514 4143 π

2384 4108 2405 4120 ·
2502 4091 2643 4144 κατά
2675 4090 2773 4161 τὴν
2814 4092 3081 4161 σωτήριον
3131 4088 3334 4159 φωνήν.
3376 4086 3533 4157 Ἑξῆς
3570 4086 3781 4151 τούτοις
3826 4085 4082 4158 εἴρηται*

817 4192 931 4236 tum
954 4188 1059 4244 est,
1090 4188 1148 4235 ut
1171 4181 1264 4252 qui
1293 4181 1346 4235 in
1385 4182 1475 4235 illa
1506 4189 1859 4237 versarentur
1883 4225 1898 4249 ,
1936 4181 2155 4252 pietatis
2177 4181 2402 4236 fructus
2507 4205 2515 4233 ‹

2390 4197 2402 4236 ι
2507 4204 2525 4235 ε
2558 4185 2632 4255 Γῆ
2661 4184 2827 4237 ἔδωκε
2852 4182 2943 4236 τὸν
2970 4180 3178 4253 καρπὸν
3207 4179 3375 4251 αὐτῆς
3394 4198 3407 4211 ·
3443 4198 3462 4232 ι
3500 4178 3534 4250 ἢ
3567 4177 3710 4233 κατὰ
3737 4178 3830 4232 τὸν
3859 4178 4088 4251 Σύμμα-

816 4272 1154 4348 proferrent;
1201 4271 1294 4328 sed
1324 4274 1395 4327 ob
1426 4272 1585 4342 primi
1631 4272 1869 4327 hominis
1898 4272 2399 4344 pmvaricationem
2500 4295 2514 4341 π

2387 4287 2399 4324 I
2500 4294 2627 4343 χονο
2672 4296 2690 4329 ι
2738 4275 2817 4346 Γῆ
2852 4273 3011 4328 δώσει
3043 4274 3143 4345 τὴν
3183 4272 3354 4344 φορὰν
3405 4271 3593 4341 αὐτῆς.
3632 4289 3651 4322 ›
3702 4270 3931 4342 Καρπὸς
3974 4270 4085 4341 γάρ

814 4369 1020 4424 dictum
1060 4374 1184 4423 est:
1230 4384 1247 4417 ι
1287 4363 1567 4420 Maledicta
1607 4372 1753 4419 terra
1793 4365 1847 4419 in
1888 4366 2149 4435 operibus
2180 4365 2310 4419 tuis.
2342 4364 2399 4417 In
2501 4386 2512 4417 ι

2386 4380 2399 4416 I
2501 4365 2577 4429 ὡς
2608 4366 2822 4436 άληθῶς
2850 4368 2878 4419 ό
2911 4366 3053 4419 κατά
3097 4364 3257 4434 φύσιν
3282 4363 3383 4435 τῆς
3424 4362 3529 4433 γῆς
3561 4364 3678 4417 ἐστι
3704 4362 3767 4416 τὸ
3793 4362 4084 4433 γνωρίζειν

816 4461 1004 4516 dolore
1027 4456 1281 4514 comedes
1328 4456 1499 4527 ipsam
1555 4455 1811 4510 omnibus
1842 4455 2037 4509 diebus
2096 4454 2218 4509 vitai
2274 4462 2399 4507 tum.
2500 4474 2514 4505 π

2388 4493 2399 4505 .
2500 4457 2592 4509 τὸν
2623 4457 2715 4509 ἐπὶ
2740 4457 2957 4510 πάντων
2979 4454 3135 4519 Θεὸν,
3162 4453 3375 4519 καὶτὰς
3408 4454 3763 4526 ὀφειλομένας
3788 4454 3940 4526 αὐτῷ
3968 4455 4086 4521 ἐξο-

816 4551 1016 4624 Spinas
1046 4558 1102 4608 et
1130 4550 1366 4605 tribulos
1395 4547 1723 4620 germinabit
1745 4548 1844 4602 tibi
1879 4546 1947 4599 θ’.
1987 4565 2025 4630 »⁸
2046 4547 2115 4599 At
2144 4561 2253 4599 non
2286 4553 2403 4598 erat
2507 4568 2514 4620 ι

2385 4553 2403 4597 t
2507 4549 2827 4621 μολογήσεις
2869 4549 2963 4601 καὶ
2996 4547 3341 4619 εὐχαριστίας
3388 4548 3730 4619 ἀναπέμπειν
3755 4549 3881 4612 τοὺς
3915 4549 4083 4601 οἰκεῖν

816 4643 906 4699 hic
937 4642 1149 4697 fructus
1168 4649 1327 4695 terra:
1349 4640 1653 4701 secundum
1680 4650 1970 4703 naturam;
2003 4636 2098 4692 sed
2116 4632 2397 4707 praedictio
2429 4654 2477 4713 ο
2504 4659 2514 4694 ε

2383 4651 2397 4689 ›
2429 4654 2477 4713 ο
2504 4641 2673 4711 αὐτὴν
2703 4640 3121 4711 ἐπιτραπέντας.
3160 4640 3281 4693 Ἐπὶ
3306 4639 3466 4693 τοῦτο
3494 4642 3593 4711 μὲν
3618 4640 3726 4711 γὰρ
3747 4640 4081 4695 κατεσκεύα-

817 4736 1040 4791 malitia:
1107 4749 1229 4804 quae
1276 4742 1475 4805 praeter
1532 4742 1782 4787 naturam
1840 4732 1900 4787 in
1955 4720 2405 4800 ea'pullulatura,

818 4833 956 4882 erat.
1010 4823 1145 4879 Nam
1186 4835 1384 4895 praeter
1416 4835 1666 4879 naturam
1706 4824 1879 4896 spina:
1921 4831 1975 4879 et
2006 4822 2191 4879 tribuli
2225 4822 2401 4877 oborti

818 4926 948 4973 sunt
973 4925 1199 4986 propter
1230 4917 1733 4986 praevaricationem
1766 4933 1876 4972 non
1904 4916 2084 4972 solum
2108 4915 2269 4987 primi
2306 4914 2402 4969 ho-

818 5008 999 5063 minis.
1027 5008 1119 5062 sed
1149 5008 1311 5061 etiam
1332 5022 1520 5063 eorum
1553 5008 1649 5079 qui
1685 5019 1807 5077 post
1834 5009 1986 5063 illum
2038 5008 2096 5063 in
2143 5008 2399 5077 impieta-

819 5115 927 5164 tem
956 5109 1195 5181 prolapsi
1228 5116 1378 5169 sunt.
1405 5109 1542 5177 Quia
1600 5111 1656 5166 in
1710 5112 1978 5181 principio
2010 5108 2231 5180 quando
2266 5108 2404 5163 dixit

822 5198 1002 5256 Deus:
1045 5221 1063 5253 ι
1100 5201 1379 5257 Germinet
1404 5211 1549 5257 terra
1582 5202 1806 5257 herbam
1832 5200 1939 5255 feni
1962 5241 1977 5264 ,
2034 5201 2400 5256 seminantem

820 5306 1028 5356 semen,
1060 5294 1359 5349 secundum
1390 5308 1563 5364 genus
1588 5302 1641 5347 et
1669 5290 2400 5362 similitudinem,etlignum

822 5383 1160 5439 [hictiferum
1218 5385 1400 5440 ferens
1452 5384 1709 5448 fructum,
1744 5384 1904 5453 cujus
1936 5398 2126 5438 semen
2175 5383 2231 5436 in
2282 5384 2403 5451 ipso

824 5478 892 5533 sit
924 5476 1221 5531 secundum
1268 5492 1440 5547 genus
1486 5492 1652 5546 super
1682 5487 1884 5531 terram
1916 5475 1992 5542 ";
2055 5492 2077 5527 ι
2132 5488 2399 5545 nusquam

816 5570 1026 5627 mentio
1058 5562 1337 5638 spinarum
1389 5585 1452 5623 ac
1494 5570 1819 5624 tribulorum
1848 5575 1962 5633 est;
2022 5582 2202 5636 neque
2255 5575 2401 5621 terra

809 5667 1007 5722 isthaec
1043 5669 1421 5739 produxisset.
1459 5667 1565 5723 nisi
1616 5667 1929 5722 hominibus
1973 5665 2401 5735 inobsequentiaa

786 5765 1115 5829 SUbGecuta
1139 5776 1275 5829 ultio
1304 5783 1468 5831 esset.
1500 5771 1554 5827 In
1587 5773 1809 5828 malitia:
1831 5787 1982 5845 ergo,
2007 5787 2127 5843 qua:
2154 5770 2397 5825 homini-

862 5953 1090 6015 "Luc.
1132 5968 1182 6015 χ,
1223 5952 1311 6004 ΕΗ.
1391 5950 1591 6008 “Gen.
1630 5970 1708 6019 ιιι,
1751 5954 1831 6009 l7.
1950 5953 1995 5985 ’³
2020 5949 2157 6007 Gen.
2209 5966 2248 6015 ι,
2306 5950 2394 6005 ll.

2508 4742 2652 4787 σται⁴
2671 4732 2732 4785 τὸ
2762 4734 2861 4804 τῆς
2892 4734 2994 4805 γῆς
3028 4736 3305 4805 στοιχεῖον,
3352 4736 3444 4788 ἐπὶ
3474 4733 3534 4788 τὸ
3563 4734 3689 4798 τοὺς
3727 4736 3784 4788 ἐν
3815 4736 3953 4806 αὐτῇ
3982 4736 4083 4800 τὰς

2504 4823 2788 4895 διατριϐὰς
2833 4827 3188 4897 ποιουμένους
3232 4826 3513 4892 εὐσεϐείας
3559 4826 3889 4902 προσφέρειν
3945 4845 4081 4899 καρ-

2506 4916 2641 4980 πούς
2663 4932 2675 4945 ·
2704 4916 2791 4971 διά
2816 4916 2872 4970 δὲ
2906 4917 3005 4990 τὴν
3026 4917 3127 4973 τοῦ
3159 4918 3375 4992 πρώτου
3410 4920 3600 4990 ἀνδρὸς
3622 4918 3934 4994 παράϐασιν
3963 4919 4078 4973 ἐλέ-

2505 5007 2646 5079 χθη’
2687 5028 2705 5062 ι
2746 5009 3175 5082 Ἐπικατάρατος
3205 5012 3239 5083 ἠ
3268 5012 3343 5083 γῆ
3374 5014 3433 5065 ἐν
3464 5014 3575 5075 τοῖς
3611 5009 3793 5081 ἔργοις
3833 5026 3947 5066 σου.
3993 5012 4080 5067 Ἐν

2503 5100 2699 5166 λύπαις
2749 5102 2899 5177 φάγῃ
2948 5103 3118 5174 αὐτὴν
3166 5106 3347 5169 πάσας
3384 5103 3482 5167 τάς
3531 5102 3743 5173 ἡμέρας
3782 5101 3884 5172 τῆς
3935 5102 4079 5175 ζωῆς

2506 5208 2601 5245 σου
2620 5210 2632 5222 ·
2664 5193 2905 5257 ἀκάνθας
2929 5195 3022 5247 καὶ
3045 5194 3330 5267 τριϐόλους
3352 5194 3597 5248 ἀνατελεῖ
3620 5211 3725 5249 σοι.
3759 5213 3777 5245 ι
3814 5195 3952 5249 Ἀλλ’
3980 5198 4076 5250 οὐκ

2502 5278 2568 5353 ἦν
2596 5280 2804 5349 οὐτοςὸ
2845 5287 2987 5339 κατὰ
3032 5286 3194 5356 φύσιν
3226 5288 3441 5361 καρπὸς
3474 5287 3574 5358 τῆς
3604 5287 3739 5358 γῆς’
3776 5289 4075 5362 πρόρρησις
4104 5314 4107 5317 ·

2503 5375 2559 5429 δὲ
2588 5378 2687 5449 τῆς
2723 5380 3019 5451 μελλούσης
3048 5380 3203 5449 φύειν
3231 5375 3288 5433 ἐν
3317 5380 3453 5452 αὐτῇ
3488 5382 3637 5452 παρά
3671 5380 3835 5450 φύσιν
3858 5382 4071 5445 κακίας.

2503 5470 2661 5541 Παρὰ
2690 5472 2850 5541 φύσιν
2874 5473 2983 5545 γὰρ
3012 5472 3069 5527 αί
3096 5473 3328 5529 ἄκανθαι
3359 5476 3453 5527 καὶ
3485 5473 3718 5546 τρίϐολοι
3737 5473 3828 5529 διὰ
3847 5473 3948 5546 τὴν
3968 5492 4073 5529 πα-

2504 5563 2731 5635 ράϐασιν
2764 5568 3065 5621 ὑποστάσαι
3093 5568 3154 5619 οὐ
3192 5568 3350 5638 μόνον
3391 5569 3485 5622 τοῦ
3516 5567 3731 5639 πρώτου
3764 5569 4072 5641 ἀνθρώπων

2502 5657 2635 5713 ἀλλά
2666 5662 2759 5713 καὶ
2783 5660 2893 5714 τῶν
2927 5662 3042 5731 μετ’
3071 5660 3231 5713 αὐτὸν
3260 5661 3607 5731 ἠσεϐηκότων
3627 5678 3639 5691 ·
3675 5662 3798 5715 ἐπεὶ
3824 5662 3946 5715 κατ’
3974 5661 4075 5730 ἀρ-

2501 5748 2621 5820 χὰς,
2654 5752 2741 5805 ὅτε
2789 5747 2942 5805 εἶπεν
2971 5754 2999 5806 ὁ
3043 5752 3201 5817 Θεός·
3234 5772 3254 5806 σ
3290 5752 3705 5824 Βλαστησάτωή
3732 5752 3805 5823 γῆ
3847 5752 4077 5825 βοτάνην
