4300 6404
305 482 411 541 67⁸1

1426 486 1926 545 COMMENTARIA
1969 489 2033 543 IN
2075 489 2409 549 PSALMOS.
2450 469 2467 561 ξ

3445 504 3547 557 678

302 600 521 671 χόρτου·
554 599 775 671 σπεῖρον
809 597 1030 671 σπέρμα
1057 598 1197 653 κατά
1230 599 1386 669 γένος
1419 602 1512 655 καὶ
1544 602 1665 656 καθ’
1699 604 1880 674 ὁμοιό-
1906 608 1949 665 Λ
1978 604 2000 659 t

1847 605 1880 654 ι-
1906 608 1949 665 Λ
1978 604 2081 659 bus
2124 591 2310 676 postea
2361 606 2621 673 inhaesit,
2673 608 2961 680 imaginem
2988 649 3004 673 ,
3045 611 3216 681 spinae
3262 619 3316 668 et
3366 616 3545 679 tribuli

299 708 457 763 τητα,
496 692 591 745 καὶ
643 690 797 755 ξύλον
860 691 1138 763 κάρπιμον
1186 693 1372 746 ποιοῦν
1422 692 1653 766 καρπὸν,
1701 690 1762 749 οὗ
1809 696 1870 748 τὸ

300 783 524 853 σπέρμα
556 781 719 835 αὐτοῦ
759 783 817 836 ἐν
861 782 1009 853 αὐτῷ
1041 783 1180 836 κατὰ
1224 784 1378 851 γένος
1407 783 1500 837 ἐπὶ
1531 784 1632 854 τῆς
1665 785 1770 855 γῆς
1790 803 1804 818 ο
1845 805 1864 837 ι

296 871 505 942 οὐδαμῆ
540 872 724 943 μνήμη
758 872 979 940 γέγονεν
1010 872 1259 926 ἀκανθῶν
1286 873 1405 925 οὐδὲ
1435 872 1699 944 τριϐόλων
1724 892 1735 904 ·
1761 874 1867 927 οὐδ’

300 961 366 1014 ἂν
398 960 563 1030 ἔφυσε
591 961 763 1014 ταῦτα
791 963 824 1031 ἡ
847 961 941 1031 γῆ,
971 964 1018 1014 εί
1047 963 1119 1032 μὴ
1148 962 1214 1015 τὰ
1236 962 1333 1031 τῆς
1368 964 1652 1035 παρακοῆς
1677 966 1871 1034 ἐπηκο-

298 1051 557 1123 λούθησεν
585 1051 877 1124 ἀνθρώπῳ.
908 1052 1018 1123 Τῆς
1060 1052 1189 1120 γοῦν
1224 1052 1447 1123 ὕστερον
1490 1054 1869 1125 ἐπισυμϐάσης

300 1142 604 1214 ἀνθρώποις
630 1143 826 1206 κακίας
868 1143 1071 1206 εἰκόνες
1099 1143 1341 1213 ἐφύησαν
1370 1144 1601 1198 ἄκανθαι
1629 1145 1721 1198 καὶ
1751 1144 1868 1215 τρί-

298 1231 463 1285 ϐολοι.
496 1232 657 1285 Ὅθεν
690 1231 777 1284 ἵνα
818 1231 988 1285 ταῦτα
1034 1232 1321 1302 ἀπόληται,
1369 1235 1480 1305 πῦρ
1510 1231 1639 1305 ἦλθε
1692 1234 1869 1305 βαλεῖν

297 1317 391 1371 ἐπὶ
432 1316 528 1389 τὴν
559 1318 662 1387 γῆν
701 1320 729 1370 6
768 1319 975 1388 Σωτήρ.
1025 1321 1134 1373 Καὶ
1165 1321 1228 1391 δὴ
1269 1322 1363 1375 τοῦ
1409 1324 1676 1395 σωτηρίου
1710 1324 1869 1393 λόγου

295 1410 450 1482 δίκην
477 1412 647 1482 πυρὸς
687 1412 783 1475 τὰς
810 1413 1048 1477 ἀκάνθας
1082 1416 1174 1467 καὶ
1210 1418 1336 1480 τοὺς
1365 1416 1643 1488 τριϐόλους
1678 1418 1871 1485 ἀφανί-

293 1501 495 1566 ζοντος,
524 1502 777 1557 νεωθεῖσα
808 1505 904 1575 τῆς
931 1506 1182 1576 κακίαςή
1213 1506 1380 1577 ψυχὴ,
1408 1507 1498 1559 τὸν
1529 1508 1869 1577 προσήκοντα

291 1594 427 1665 αὐτῇ
460 1595 553 1647 καὶ
578 1595 909 1666 κατάλληλον
941 1597 1153 1667 καρπὸν
1191 1592 1494 1650 ἀποδίδωσι.
1533 1599 1728 1669 Διόπερ
1750 1598 1868 1652 λαοὶ

296 1689 395 1758 μὲν
445 1689 646 1751 πάντες
696 1690 1178 1760 ἐξομολογοῦνται·
1225 1690 1349 1761 ἔθνη
1397 1691 1453 1743 δὲ
1501 1691 1593 1743 ἐπὶ
1622 1692 1721 1761 τῆς
1765 1692 1865 1761 γῆς

291 1779 627 1853 ὀδηγοῦνται.
664 1782 885 1845 Τούτοις
916 1799 975 1834 τε
1017 1782 1343 1845 ἀκολούθως,
1376 1783 1725 1853 ἐπενήνεκται
1767 1784 1826 1835 τό
1850 1800 1862 1813 ·

299 1891 317 1925 ι
349 1873 422 1944 Γῆ
455 1872 621 1927 ἔδωκε
662 1874 754 1927 τὸν
794 1875 1006 1945 καρπὸν
1048 1874 1237 1944 αὐτῆς.
1300 1873 1603 1945 Εὐλογήσαι
1649 1876 1797 1945 ἡμᾶς
1838 1877 1867 1928 6

290 1964 441 2029 Θεὸς,
489 1967 519 2017 6
550 1964 681 2029 Θεὸς
720 1966 900 2037 ἡμῶν,
945 1966 1240 2037 εὐλογήσαι
1279 1966 1425 2037 ἡμᾶς
1471 1968 1500 2019 6
1546 1966 1700 2030 Θεός.
1752 1968 1864 2021 Καὶ
1898 1954 1938 2009 Β

290 2056 682 2127 φοϐηθήτωσαν
734 2058 895 2111 αὑτὸν
944 2054 1120 2112 ’πάντα
1164 2059 1233 2111 τά
1280 2059 1494 2130 πέρατα
1535 2060 1634 2131 τῆς
1667 2060 1788 2129 γῆς.
1838 2078 1858 2111 ι

291 2148 413 2200 Εἴτε
440 2148 489 2200 οἱ
520 2148 806 2201 ἀπόστολοι
834 2149 929 2202 τοῦ
953 2150 1204 2221 Σωτῆρος
1232 2150 1410 2221 ἡμῶν,
1433 2153 1540 2205 εἴτε
1569 2153 1615 2204 οἱ
1648 2151 1865 2206 παλαιοὶ

287 2237 386 2292 τοῦ
412 2237 547 2292 Θεοῦ
604 2241 881 2311 προφῆται
911 2241 1174 2313 (ἐκατέρῳ
1214 2243 1323 2313 γὰρ
1352 2242 1591 2314 τάγματι
1625 2243 1867 2315 ἐφαρμό-

289 2331 369 2395 ζει
394 2330 463 2385 τά
495 2331 820 2402 λεγόμενα),
853 2332 1100 2403 εὔχονται
1144 2334 1244 2405 τῆς
1274 2335 1430 2406 παρά
1474 2335 1568 2388 τοῦ
1600 2335 1734 2389 Θεοῦ
1769 2336 1863 2389 εὑ-

286 2419 471 2491 λογίας
509 2426 714 2493 τυχεῖν,
753 2419 821 2495 ἦς
851 2424 944 2477 καὶ
976 2423 1235 2495 ἀνωτέρω
1277 2424 1375 2496 τὴν
1408 2424 1645 2480 διάνοιαν
1674 2442 1865 2499 παρε-

287 2514 588 2585 στήσαμεν,
639 2515 948 2580 δεικνύντες
1000 2518 1149 2581 ὅπως
1190 2517 1272 2581 τὸ,
1336 2536 1355 2568 ι
1412 2517 1719 2582 Δὺξάνεσθε
1771 2502 1865 2574 καὶ

284 2607 623 2679 πληθύνεσθε
656 2609 751 2662 καὶ
797 2607 1121 2682 πληρώσατε
1165 2609 1265 2679 τὴν
1314 2609 1442 2680 γῆν,
1488 2612 1583 2664 καὶ
1621 2627 1864 2664 κατακυ-

297 2701 543 2771 ριεύσατε
585 2701 775 2771 αὐτῆς,
813 2721 831 2752 ι
870 2702 962 2755 ἐπὶ
994 2700 1195 2754 τούτων
1227 2701 1532 2772 ἐπληροῦτο
1564 2720 1864 2773 πνευματι-

295 2791 429 2855 κῶς.
458 2793 694 2859 Πάρεστι
726 2793 854 2861 γοῦν
886 2793 1032 2864 ἐργῳ
1058 2793 1413 2863 παραλαϐεῖν,
1440 2794 1513 2857 ὡς
1540 2798 1572 2865 ή
1606 2794 1867 2866 σύμπασα

240 2930 253 2941 .
294 2885 365 2955 γῆ
399 2885 495 2953 τῆς
529 2883 750 2937 ἐκείνων
788 2884 1035 2961 διαδοχῆς
1068 2882 1379 2955 ἐπληρώθη.
1412 2886 1482 2938 Αἵ
1505 2902 1565 2937 τε
1593 2884 1716 2939 καθ’
1739 2885 1867 2956 ὅλης

285 2975 386 3045 τῆς
414 2975 735 3047 οἰκουμένης
762 2974 1055 3045 ἱδρυθεῖσαι
1080 2974 1174 3029 τοῦ
1201 2966 1861 3048 ΣαγτῆροςὴμῶνῈκκλη-

288 3068 421 3130 σίαι,
450 3068 545 3121 καὶ
575 3069 624 3121 οί
656 3068 778 3121 καθ’
812 3069 1048 3139 ἐκάστην
1085 3070 1404 3142 μυρίανδροι
1430 3069 1550 3124 λαοὶ
1578 3070 1679 3141 τῆς
1710 3071 1865 3125 εὐλο-

285 3161 412 3229 γίας
459 3160 639 3215 αὐτῶν
686 3163 1009 3233 ἐμφαίνουσι
1042 3162 1110 3215 τὰ
1141 3161 1580 3233 ἀποτελέσματα.
1618 3163 1865 3234 Πρεπόν-

1973 697 2182 751 suborti
2235 705 2385 757 sunt.
2444 700 2849 767 Quamobrem,
2903 711 2963 755 ut
3013 702 3127 758 haec
3197 704 3548 773 dispeream,

1972 786 2149 854 ignem
2188 785 2242 839 in
2274 795 2477 842 terram
2525 788 2753 843 missurn
2790 788 3045 844 Servator
3089 791 3257 845 venit.
3306 791 3372 845 Et
3420 808 3551 847 sane

1970 877 2197 932 salutari
2238 879 2408 933 verbo
2439 880 2583 949 ignis
2617 881 2791 935 instar
2817 882 3003 950 spinas
3038 890 3091 937 et
3122 884 3356 940 tribulos
3386 887 3551 940 absu-

1971 976 2150 1023 mente
2172 1006 2187 1029 .
2236 978 2498 1023 renovata
2529 973 2710 1025 anima
2740 972 3000 1026 malitiam
3050 989 3259 1031 exuens
3283 1015 3299 1040 ,
3348 992 3550 1031 conve-

1968 1066 2204 1113 mentem
2233 1060 2335 1114 sibi
2360 1067 2411 1115 et
2440 1062 3129 1129 consentaneumiructum
3148 1065 3374 1135 profert.
3402 1066 3548 1133 Qua-

1970 1158 2192 1220 propter
2231 1153 2418 1223 populi
2462 1168 2655 1209 omnes
2689 1154 3056 1222 conﬁtentur;
3091 1153 3277 1227 gentes
3309 1173 3441 1219 vero
3492 1159 3544 1214 in

1970 1254 2112 1299 terra
2135 1244 2467 1317 diriguntur.
2500 1247 2580 1301 Ad
2607 1247 2720 1302 haec
2750 1254 2930 1302 autem
2959 1260 3352 1319 consequenter
3376 1249 3544 1305 infer-

1969 1343 2058 1388 tur
2081 1336 2255 1391 illud:
2301 1356 2319 1389 ε
2362 1336 2532 1392 Terra
2563 1336 2711 1393 dedit
2760 1337 2997 1391 fructum
3042 1336 3223 1394 suum.
3256 1341 3544 1397 Benedicat

1968 1442 2075 1481 nos
2099 1426 2263 1493 Deus,
2303 1428 2448 1484 Deus
2470 1439 2684 1504 noster,
2714 1427 3001 1483 benedicat
3030 1446 3132 1486 nos
3166 1432 3326 1495 Deus,
3356 1440 3409 1486 et
3435 1448 3545 1485 me-

1968 1526 2123 1572 tuant
2145 1535 2269 1573 eum
2298 1536 2491 1577 omnes
2519 1523 2655 1579 ﬁnes
2693 1532 2872 1578 terrae.
2915 1543 2933 1575 ι
2972 1522 3098 1579 Sive
3139 1526 3367 1593 apostoli
3416 1524 3549 1578 Scr-

1966 1611 2173 1665 vatoris
2203 1614 2408 1676 nostri,
2441 1614 2555 1668 sive
2598 1614 2765 1684 prisci
2820 1608 2896 1667 illi
2936 1613 3028 1668 Dei
3078 1616 3351 1685 pr0phetze
3401 1617 3549 1684 (nam

1967 1704 2185 1772 utrique
2240 1704 2420 1760 ordini
2474 1706 2587 1760 haec
2638 1708 2785 1761 dicta
2835 1708 3193 1777 competunt),
3251 1708 3342 1763 Dei
3385 1709 3552 1763 bene-

1967 1792 2261 1849 dictionem
2298 1798 2561 1870 consequi
2616 1806 2939 1867 preczlntur,
2992 1799 3151 1867 cujus
3182 1779 3415 1853 mentem
3453 1815 3551 1854 su-

1966 1900 2064 1955 pra
2091 1887 2511 1953 declaravimus,
2546 1905 2671 1944 cum
2710 1890 2865 1951 illud,
2904 1909 2923 1941 ι
2965 1889 3217 1946 Crsecite
3254 1900 3309 1944 et
3360 1890 3549 1944 multi-

1968 1978 2245 2048 plicamini
2266 1988 2319 2035 et
2342 1983 2542 2051 replete
2568 1992 2789 2046 terram,
2808 1990 2861 2036 et
2881 1981 3236 2046 dominamini
3266 1983 3413 2037 illius
3427 1982 3493 2045 “,
3518 1998 3545 2035 δ

1968 2071 2023 2123 in
2079 2071 2213 2140 ipsis
2251 2072 2611 2142 spiritualiter
2639 2073 2969 2142 completum
3005 2090 3128 2129 esse
3166 2073 3542 2143 probaremus.

1968 2165 2120 2222 Licet
2161 2163 2330 2233 igitur
2366 2166 2451 2219 vel
2480 2180 2549 2220 ex
2578 2164 2748 2236 gestis
2773 2164 2937 2219 rebus
2970 2164 3291 2233 intelligere,
3324 2164 3546 2217 univero

1969 2275 2084 2315 sam
2113 2269 2316 2315 terram
2346 2272 2538 2312 eorum
2580 2256 2933 2312 successione
2973 2256 3237 2325 repletam
3271 2270 3412 2310 esse.
3444 2254 3549 2309 Ec-

1969 2352 2150 2407 clesiae
2199 2361 2440 2419 namque
2506 2347 2817 2403 Servatoris
2872 2347 3046 2401 nosui
3108 2362 3204 2417 per
3241 2348 3553 2402 universam

1968 2449 2171 2499 terr‘am
2205 2442 2461 2507 fundata,
2490 2448 2545 2497 et
2579 2440 2851 2495 innumeri
2906 2455 3004 2510 per
3057 2433 3303 2510 singulas
3357 2453 3549 2493 earum

1968 2536 2189 2606 populi,
2236 2532 2666 2589 benedictionem
2722 2530 2964 2600 ipsorum
3014 2530 3339 2599 completam
3391 2530 3567 2583 exhi-

1970 2629 2120 2681 bent.
2154 2625 2294 2697 Ipsis
2320 2640 2484 2695 porro
2521 2624 2777 2680 convenit
2800 2622 2955 2684 illud,
2990 2641 3007 2673 ‹
3038 2621 3182 2677 Deus
3206 2629 3413 2683 noster,
3443 2639 3462 2671 ι
3494 2620 3554 2675 in

1968 2720 2071 2773 hoc
2098 2720 2246 2774 dicto
2275 2731 2616 2787 expressum,
2656 2735 2674 2767 ‹
2710 2714 3002 2769 Benedicat
3049 2728 3151 2768 nos
3198 2711 3373 2774 Deus,
3406 2710 3551 2768 Deus

1968 2810 2183 2868 noster;
2228 2820 2245 2853 ι
2274 2809 2460 2871 utpote
2482 2799 2576 2871 qui
2617 2809 2896 2869 paternam
2931 2796 3023 2851 Dei
3058 2797 3146 2851 sui
3183 2796 3551 2866 cognitionem

1967 2893 2269 2948 obtineant.
2301 2888 2500 2944 Verum
2550 2888 2746 2941 deinde
2788 2886 2922 2941 illud
2979 2886 3283 2956 adjiciunt:
3321 2902 3340 2934 ι
3382 2884 3552 2938 Bene-

1968 2987 2116 3039 dicat
2142 2998 2242 3038 nos
2265 2981 2447 3046 Deus;
2481 2998 2500 3031 ι
2535 2989 2719 3049 utpote
2750 2979 2841 3048 qui
2872 2993 2981 3031 non
3017 2978 3258 3047 ipsorum
3298 2982 3547 3041 tantum,

1968 3076 2063 3132 sed
2090 3076 2252 3130 etiam
2274 3088 2464 3129 eorum
2490 3074 2758 3135 omnium,
2792 3070 2885 3140 qui
2939 3085 3034 3139 per
3059 3084 3154 3124 eos
3191 3068 3421 3122 salutem
3448 3052 3549 3119 nal-

1969 3168 2108 3223 cturi
2140 3176 2288 3230 sunt,
2316 3164 2460 3220 Deus
2511 3164 2603 3218 sit.
2635 3161 2768 3217 Post
2797 3162 2912 3215 haec
2942 3160 3125 3215 omnia
3171 3170 3350 3213 autem
3380 3158 3558 3215 totius

282 3271 393 3319 τως
426 3254 482 3307 δὲ
515 3256 698 3319 αὐτοῖς
718 3256 802 3339 τὸ,
837 3272 857 3308 σ
904 3257 962 3310 '0
984 3255 1116 3321 Θεὸς
1152 3257 1331 3328 ἡμῶν,
1369 3276 1389 3310 ι
1427 3258 1485 3309 ἐν
1512 3254 1610 3326 τῷ,
1646 3274 1665 3307 ι
1702 3254 1931 3352 Εὐλο-ἐ
1972 3278 1980 3331 ι

1850 3254 1931 3352 ἕο
1972 3259 2265 3331 prophetiae
2322 3257 2781 3326 complementum
2839 3253 3132 3324 obsignant
3183 3252 3270 3307 his
3325 3252 3548 3309 verbis:

285 3350 449 3419 γήσαι
482 3350 630 3420 ἡμᾶς
662 3350 691 3401 6
730 3349 883 3413 Θεὸς,
914 3352 944 3403 6
973 3349 1105 3413 Θεὸς
1133 3350 1322 3421 ήμῶνο
1361 3369 1380 3402 ι
1411 3350 1487 3414 ὡς
1528 3348 1594 3403 ἂν
1630 3350 1862 3421 πάτριον
1896 3343 1931 3352 “
1969 3371 1983 3404 ι

1849 3366 1862 3401 ν
1896 3343 1931 3352 “
1969 3371 1986 3404 ι
2032 3351 2096 3405 Et
2125 3357 2371 3406 metuant
2390 3364 2514 3405 eum
2544 3361 2733 3402 omnes
2760 3347 2896 3401 ﬁnes
2927 3357 3104 3400 terrae.
3145 3364 3164 3398 ι
3192 3343 3547 3414 Quandoqui-

283 3440 610 3512 κεκτημένοι
631 3440 803 3494 τὸτοῦ
836 3441 971 3494 Θεοῦ
1003 3440 1183 3495 αὐτῶν
1211 3441 1516 3514 γνώρισμα.
1560 3440 1698 3494 Ἀλλ’
1737 3439 1863 3510 ἑξῆς
1962 3461 1981 3498 ί

1846 3457 1863 3503 ῖ
1962 3445 2085 3499 dem
2124 3442 2269 3497 enim
2314 3458 2334 3493 ι
2372 3440 2587 3495 initium
2627 3439 2909 3510 sapientiae
2945 3438 3110 3492 timor
3137 3436 3355 3491 Domini
3406 3436 3475 3500 ",
3524 3455 3544 3489 ο

283 3532 741 3586 ἐπισυνάπτουσιν
776 3534 1045 3605 ἀορίστως
1078 3534 1331 3601 λέγοντες
1369 3533 1451 3594 τὸ,
1489 3550 1507 3583 ι
1552 3531 1860 3602 Εὑλογήσαι

242 3688 243 3691 η
284 3621 432 3690 ἡμᾶς
461 3621 489 3672 6
517 3620 683 3683 Θειός⁸
724 3639 743 3673 ι
788 3620 860 3686 ὼς
900 3620 1096 3692 μηκέτι
1127 3622 1302 3691 μόνων
1340 3620 1563 3682 αὐτῶν,
1599 3618 1737 3673 ἀλλὰ
1766 3620 1860 3674 καὶ

284 3710 505 3763 πάντων
544 3709 652 3763 τῶν
684 3709 751 3763 δι’
780 3711 960 3764 αὐτῶν
985 3709 1379 3782 σωθησομένων
1404 3709 1535 3763 Θεὸν
1562 3708 1709 3762 ὄντα.
1750 3709 1860 3762 Καὶ

287 3798 426 3871 μετά
470 3799 647 3854 πάντα
688 3792 749 3854 τὸ
796 3802 1169 3874 συμπέρασμα
1208 3800 1311 3871 τῆς
1356 3800 1485 3871 ὅλης
1527 3800 1861 3871 προφητείας

282 3891 781 3963 ἐπισφραγίζοντασ
803 3884 1082 3963 λέγοντες·
1136 3913 1155 3945 ι
1195 3896 1305 3948 Καὶ
1345 3892 1735 3965 φοϐηθήτωσαν
1767 3894 1863 3945 αὑ-

279 3982 375 4037 τὸν
405 3984 583 4039 πάντα
606 3984 675 4039 τὰ
704 3987 917 4056 πέρατα
946 3987 1045 4054 τῆς
1070 3986 1197 4057 γῆς.
1234 4006 1253 4039 ι
1295 3984 1513 4057 Ἐπειδὴ
1542 3984 1648 4057 γὰρ
1684 4003 1701 4035 ⁸
1720 3984 1863 4056 ἀρχὴ

284 4080 480 4147 σοφίας
524 4078 688 4148 φόϐος
728 4081 958 4153 Κυρίου,
1008 4100 1028 4133 ι
1071 4078 1382 4150 ἀναγκαίως
1415 4078 1603 4150 ὥσπερ
1634 4080 1863 4145 εἰσαγω-

283 4170 387 4241 γὴν
416 4171 516 4242 τῆς
551 4172 860 4238 θεοσεϐείας
902 4174 994 4227 τὸν
1042 4174 1203 4243 φόϐον
1241 4172 1336 4226 τοῦ
1377 4171 1515 4225 Θεοῦ
1547 4170 1862 4240 ἐγγενέσθαι

1967 3535 2279 3592 necessario
2306 3540 2624 3605 precantur,
2658 3541 2719 3587 ut
2747 3532 2948 3594 timor,
3008 3529 3167 3599 quasi
3212 3527 3450 3583 initiatio
3483 3527 3554 3583 ad

1964 3628 2107 3698 piam
2134 3627 2474 3696 religionem,
2519 3624 2777 3680 omnibus
2807 3622 3144 3686 hominibus,
3169 3620 3334 3676 etiam
3365 3628 3551 3675 extre-

1965 3735 2052 3774 ma
2076 3728 2235 3775 terra:
2269 3718 2671 3781 incolentibus,
2722 3717 3021 3787 ingeratur.
3053 3712 3210 3779 Quod
3256 3718 3377 3782 post
3410 3710 3553 3765 divi-

1968 3826 2099 3866 num
2157 3808 2462 3864 Salvatoris
2510 3808 2685 3863 nostri
2738 3806 3034 3860 adventum
3094 3804 3377 3873 impletum
3416 3809 3548 3859 est:

1969 3914 2094 3975 post
2123 3903 2275 3957 illum
2305 3903 2450 3956 enim
2475 3900 2530 3954 in
2549 3914 2765 3954 omnem
2796 3908 2997 3967 terram
3020 3897 3194 3974 exivit
3218 3911 3388 3952 sonus
3420 3911 3549 3965 apo-

1970 3996 2238 4053 stolorum
2272 3993 2413 4064 ejus,
2446 4000 2500 4048 et
2529 3992 2584 4046 in
2612 3990 2747 4045 ﬁnes
2775 3990 2926 4044 orbis
2947 3996 3107 4043 terra:
3131 3987 3293 4042 verba
3336 4001 3550 4042 eorum.

1969 4086 2045 4143 De
2100 4086 2188 4141 his
2239 4098 2459 4156 quoque
2503 4092 2665 4137 terrae
2695 4082 2896 4136 ﬁnibus
2932 4080 3189 4150 superius
3222 4078 3549 4133 dicebatur:

1976 4198 1994 4231 ι
2037 4172 2247 4257 Exaudi
2278 4194 2400 4243 nos,
2428 4176 2571 4232 Deus
2600 4177 2854 4230 Salvator
2886 4182 3095 4238 noster,
3132 4188 3259 4243 spes
3305 4172 3551 4226 omnium

283 4263 453 4315 πᾶσιν
478 4262 785 4335 ἀνθρώποις
831 4267 945 4329 τοῖς
986 4266 1080 4319 καὶ
1132 4265 1293 4337 μέχρι
1323 4264 1431 4318 τῶν
1478 4263 1724 4334 ἐσχάτων
1763 4262 1865 4333 τῆς
1974 4280 1981 4324 ι

1850 4279 1865 4325 ς
1974 4272 2163 4325 ﬁnium
2191 4279 2352 4326 terra:
2375 4311 2392 4339 ,
2422 4277 2477 4325 et
2494 4284 2684 4324 eorum
2708 4268 2883 4341 quiin
2907 4267 3045 4322 mari
3069 4260 3199 4321 sunt
3236 4266 3396 4333 longe
3418 4262 3486 4315 ”.
3525 4279 3548 4315 ι

286 4354 392 4425 γῆς
426 4355 667 4411 οἰκοῦσιν
707 4357 1031 4428 ἐπεύχονται
1054 4375 1067 4388 ·
1100 4356 1130 4410 6
1169 4356 1233 4427 δὴ
1275 4356 1370 4409 καὶ
1396 4354 1700 4427 ἐπληροῦτο
1728 4353 1868 4426 μετά

282 4449 384 4522 τὴν
424 4449 520 4504 τοῦ
544 4450 804 4523 Σωτῆρος
865 4450 1022 4523 ήμῶν
1056 4450 1397 4520 θεοφάνειαν,
1430 4450 1549 4523 μεθ’
1594 4450 1661 4519 ἢν
1704 4451 1784 4513 είς
1818 4452 1997 4503 πᾶσαν
2035 4452 2133 4522 τὴν
2194 4450 2299 4521 γῆν
2362 4446 2586 4527 ἐξῆλθεν
2617 4448 2649 4501 6
2678 4445 2929 4517 φθόγγος»
2944 4444 3055 4498 τῶν
3093 4439 3404 4498 ἀποστόλων
3454 4438 3556 4493 αύ-

282 4539 402 4605 τοῦ,
441 4541 537 4594 καὶ
576 4543 657 4604 είς
696 4540 764 4595 τὰ
795 4539 1008 4613 πέρατα
1036 4540 1136 4611 τῆς
1173 4542 1499 4615 οἰκουμένης
1535 4540 1610 4594 τά
1640 4541 1859 4613 ῥήματα
1895 4539 2095 4593 αὐτῶν.
2122 4541 2258 4611 Περὶ
2277 4538 2480 4594 τούτων
2505 4539 2562 4593 δὲ
2592 4538 2702 4592 τῶν
2728 4537 2978 4609 περάτων
3015 4534 3117 4605 τῆς
3158 4532 3259 4603 γῆς
3312 4528 3407 4603 καὶ
3466 4527 3556 4581 διὰ

281 4634 391 4689 τῶν
415 4629 723 4704 ἔμπροσθεν
751 4630 967 4700 ἐλέγετο
991 4647 1005 4660 ⁸
1046 4650 1066 4683 ‹
1118 4631 1454 4694 Ἐπάκουσον
1482 4630 1665 4705 ἡμῶν,
1695 4633 1724 4684 6
1746 4628 1880 4693 Θεὸς
1916 4630 1945 4681 6
1982 4630 2183 4702 ιΣωτὴρ
2225 4629 2404 4701 ἡμῶν,
2449 4630 2483 4700 ἡ
2548 4626 2701 4690 ἐλπὶς
2747 4625 2965 4679 πάντων
2987 4622 3101 4676 τῶν
3146 4621 3397 4691 περάτων
3454 4616 3557 4686 τῆς

280 4726 387 4796 γῆς
414 4727 509 4779 καὶ
534 4723 644 4778 τῶν
666 4726 724 4777 ἐν
768 4722 1013 4794 θαλάσσῃ
1043 4723 1294 4796 μακράν..
2495 4793 2597 4796 Α-
2667 4791 2695 4796 _
2717 4791 2744 4796 _
2768 4793 2776 4796 _
2798 4791 2820 4796 _
2846 4790 2980 4796 ____~
3023 4790 3052 4796 _
3103 4789 3283 4796 ______
3339 4773 3350 4796 _.

334 4789 448 4873 m
468 4818 556 4873 T0
578 4816 799 4872 TE.on
822 4815 909 4887 ro
929 4789 1128 4868 inim
1157 4789 1451 4870 {rs/mos
1478 4814 1654 4887 ῼΔΗΣ
1684 4814 1804 4867 32'.
1886 4811 1936 4871 ι)
1966 4806 2009 4860 ,ι
2048 4801 2113 4858 1N
2142 4797 2350 4855 FINEM
2371 4793 2622 4862 DAVIDI,
2666 4790 2988 4849 PSALMUS
3013 4789 3304 4848 omne].
3339 4789 3553 4859 van.
3595 4838 3602 4845 .

216 4906 243 4918 γ’
358 4951 377 4985 ε
424 4932 735 5004 Ἀναστὴσαυ
779 4932 808 4985 6
851 4928 1018 4995 Θεὸς,
1052 4929 1145 4984 καὶ
1176 4928 1754 5003 διασκορπισθήτωσαν
1809 4929 1861 4980 ot

1855 4930 1861 4978 ί
2039 4914 2206 4970 Vm.
2229 4912 2347 4967 2-4.
2367 4929 2388 4963 ι
2420 4908 2692 4979 Exsurgat
2710 4906 2874 4972 Deus,
2898 4917 2953 4963 et
2979 4906 3316 4977 dissipentur
3346 4902 3553 4962 inimici

283 5024 468 5097 ἐχθροὶ
503 5000 696 5093 αὑτοῦ,
735 5024 831 5078 καὶ
860 5023 1182 5095 φυγέτωσαν
1226 5023 1345 5080 ἀπὸ
1370 5000 1660 5095 προσώπου
1695 5018 1861 5073 αὑτοῦ
1972 5030 1981 5063 4

1860 5052 1861 5055 η
1972 5010 2117 5082 ejus,
2150 5015 2205 5063 et
2232 5004 2443 5076 fugiant
2466 5003 2559 5072 qui
2587 5001 2817 5058 oderunt
2842 5017 2966 5057 eum
2988 5016 3018 5055 a
3038 5000 3178 5057 facie
3203 5001 3342 5071 ejus.
3368 5020 3387 5053 ι
3417 5001 3558 5055 Tres

276 5093 346 5171 οῖ
367 5093 651 5189 μισοῦντες
679 5093 925 5171 αὐτόνξι
972 5117 1037 5171 οι
1084 5116 1182 5189 μὲν
1214 5116 1321 5189 πρὸ
1364 5093 1457 5170 τοῦ
1503 5113 1639 5187 μετά
1675 5115 1863 5183 χεῖρας
1969 5119 1974 5174 ἶ

1858 5130 1863 5170 ς
1969 5101 2165 5174 psalmi
2194 5106 2321 5153 ante
2342 5106 2664 5172 praesentem
2682 5102 3084 5165 consequenter
3106 5093 3291 5164 positi,
3311 5093 3556 5158 vocatioo;

280 5180 432 5281 τρεῖς
450 5207 648 5279 ἐφεξῆς
681 5209 778 5282 τὴν
804 5208 997 5280 κλῆσιν
1017 5180 1127 5263 τᾶίν
1166 5180 1334 5262 ἐθνίῦν
1368 5180 1712 5279 προεφιίΝουν
1737 5180 1863 5257 ’-ὧν
1973 5213 1978 5251 1

1856 5222 1863 5252 ι
1973 5210 2092 5251 nem
2107 5192 2348 5263 gentium
2370 5189 2810 5260 praenuntiabant
2828 5206 2840 5241 :
2857 5187 3100 5257 equibus
3121 5200 3243 5239 urv
3260 5202 3278 5234 ι
3301 5180 3554 5239 Psalmus

279 5274 433 5375 δ’μν
464 5274 535 5365 ξεν
557 5319 577 5352 ι
605 5274 835 5373 mn,
855 5274 1001 5373 ᾦδῆς
1034 5319 1052 5353 ι
1084 5274 1466 5372 ἐπεγέγραπτο
1493 5274 1624 5367 (τῷ
1645 5296 1823 5350 Δαυῖδ·
1842 5315 1861 5348 ι
1972 5312 1977 5339 ε

1858 5323 1861 5339 ι
1972 5288 2172 5345 cantici
2201 5285 2397 5341 Davidi
2428 5304 2449 5337 ι
2472 5286 2767 5355 inscriptus
2795 5290 2942 5347 erat;
2964 5292 3199 5350 sequens
3218 5292 3367 5340 vero,
3386 5274 3556 5330 «Can—

280 5370 386 5450 όδ⁹
414 5392 678 5464 ἑπόμενος
710 5370 749 5444 (-
780 5370 903 5464 ᾨδὴ
944 5370 1191 5464 ψαλμοῦ·
1245 5370 1324 5445 »ϐό
1370 5391 1428 5444 δὲ
1484 5390 1665 5461 τρίτος
1715 5406 1733 5439 ι
1779 5389 1867 5442 Ἐν
1969 5394 1978 5439 1

1849 5406 1867 5442 ν
1969 5387 2132 5439 ticum
2152 5381 2381 5450 psalmi;
2420 5398 2438 5430 ι
2456 5378 2652 5435 tertius
2671 5395 2688 5427 ι
2716 5373 2774 5430 In
2787 5374 3002 5446 hymnis
3016 5370 3257 5441 psalmus
3278 5370 3499 5421 cantici.
3528 5386 3547 5418 ι

283 5485 474 5559 ὕμνοις
771 5460 1010 5556 ᾠδῆς.-)
1060 5460 1305 5550 -Είκότως
1350 5481 1638 5557 τοιγαροῦν
1690 5482 1785 5535 κα)⁵
1838 5486 1867 5536 6
1966 5478 1981 5533 ἆ

1852 5486 1867 5536 5
1966 5476 2094 5533 Jure
2108 5475 2289 5543 itaque
2307 5486 2547 5543 prazsens
2568 5468 2810 5540 psalmus
2822 5480 2943 5521 curn
2956 5460 3300 5531 evangelicus
3317 5460 3443 5513 item
3455 5460 3550 5519 sit,

286 5550 427 5652 μετά
457 5550 664 5650 κείρας,
696 5550 1047 5646 εὐαγγελικὸς
1071 5576 1148 5631 ὢν
1176 5580 1269 5631 καὶ
1294 5550 1476 5640 αὐτὸς,
1514 5550 1608 5627 καλ⁵
1644 5575 1703 5627 οὐ
1736 5576 1863 5652 περὶ
1971 5586 1984 5623 :

1857 5596 1863 5627 ι
1971 5585 2033 5623 ac
2049 5582 2157 5621 non
2192 5564 2367 5619 solum
2382 5564 2449 5617 de
2466 5560 2749 5615 vocatione
2764 5557 3027 5628 gentium,
3058 5551 3152 5607 sed
3174 5552 3339 5605 etiam
3352 5550 3420 5604 de
3433 5550 3555 5640 ipso

190 5654 197 5660 I
283 5641 387 5745 τῆς
428 5641 674 5745 κλήσεως
706 5641 822 5724 τῶν.
847 5641 1021 5723 ἐθνῶν
1069 5670 1250 5740 μόνον,
1290 5666 1425 5721 ἀλλά
1466 5667 1559 5719 καὶ
1599 5666 1726 5737 περὶ
1765 5641 1861 5718 τοῦ

1851 5667 1861 5717 i
1973 5660 2257 5715 Servatore
2288 5653 2624 5725 prophetiam
2644 5652 2941 5712 contineat,
2970 5666 2990 5699 ‹
3022 5646 3075 5698 in
3102 5645 3261 5698 linem
3288 5641 3499 5704 Davidi,
3527 5660 3549 5691 υ

248 5800 253 5804 -
564 5760 729 5817 αὑτοῦ
758 5759 1097 5833 προφητείαν
1128 5759 1415 5830 περιέχων,
1454 5774 1472 5807 ι
1511 5759 1588 5803 pte
1620 5755 1680 5806 τὸ
1711 5756 1863 5819 τέλος

1831 5775 1863 5819 ς
1972 5768 2130 5824 atque
2169 5769 2187 5800 ι
2227 5750 2468 5817 psahnus
2510 5745 2765 5807 cantici,»
2806 5740 3028 5813 perinde
3092 5748 3255 5809 atque
3304 5740 3529 5805 superio

346 5920 565 5979 “Gen.
609 5937 647 5983 l.
694 5922 784 5979 28.
861 5920 909 5953 "
934 5920 1077 5977 Psal.
1111 5938 1199 5978 cx.
1246 5922 1327 5976 10.
1437 5914 1649 5973 "Psal.
1695 5930 1842 5979 Lxrv,
1876 5915 1927 5970 6.
