4300 6406
814 482 918 537 679

1523 476 1787 533 EUSEB‘II
1826 475 2298 533 cxssanmnsrs
2333 450 2480 534 ore.
2523 481 2704 535 PARS
2736 482 2805 537 ιι.
2839 511 2904 522 -
2945 482 3350 539 εχεοετιωι.

3909 489 4014 542 680

810 616 919 662 res,
946 599 1238 668 inscriptus
1257 605 1360 654 est.
1381 597 1483 651 Par
1497 606 1612 652 erat
1636 599 1778 650 enim
1795 612 2070 652 sermones
2097 598 2358 652 bonorum

2462 599 2537 668 τῷ
2563 601 2722 652 Δαυῒδ
2745 621 2762 650 ι
2788 600 3200 670 ἐπιγέγραπται,
3227 601 3319 654 καὶ
3344 618 3361 650 ι
3388 600 3594 669 ψαλμὸς
3620 600 3788 670 ᾠδῆς»
3819 604 4014 671 ὁμοίως

810 695 1076 763 promissa
1103 694 1514 761 complectentes
1540 731 1554 754 ,
1607 707 1716 744 non
1752 692 1911 745 modo
1965 692 2232 759 psalmos,
2267 691 2360 744 sed

813 800 922 839 una
950 786 1182 854 psalmos
1203 783 1422 847 cantici,
1446 791 1499 837 et
1523 783 1733 837 cantica
1758 782 1950 851 psalmi
1974 784 2176 845 vocari,
2203 791 2362 851 atque

818 895 838 927 ι
878 878 932 929 in
967 877 1121 930 ﬁnem
1154 895 1172 926 ι
1204 860 1506 940 remittere;
1539 875 1664 943 quia
1687 889 1751 927 ea
1781 888 1899 942 qua:
1941 874 1996 927 in
2046 873 2241 926 horum
2267 889 2360 927 va-

811 950 1013 1024 ticiniis
1050 967 1317 1037 feruntur.
1345 967 1617 1020 diuturnis
1640 975 1761 1035 post
1790 965 2124 1034 temporibus
2154 965 2208 1018 in
2233 978 2362 1018 con—

811 1058 1167 1112 summatione
1196 1057 1378 1111 saeculi
1408 1054 1730 1123 perﬁcienda
1777 1061 1951 1108 erant.
2008 1052 2107 1108 Hic
2149 1069 2361 1123 quoque

811 1145 1047 1214 psalmus
1077 1161 1108 1198 a
1137 1143 1340 1214 Spiritu
1375 1142 1691 1213 prophetico
1728 1155 1794 1196 ex
1826 1155 2056 1209 persona
2081 1143 2358 1211 apostolo-

809 1251 927 1289 rum
959 1237 1339 1304 pronuntiatus
1369 1240 1472 1287 est.
1509 1231 1659 1286 Sicut
1695 1246 1824 1300 ergo
1852 1233 1906 1286 in
1936 1232 2360 1300 praecedentibus

806 1311 1054 1388 orabant,
1087 1325 1248 1379 Deum
1275 1324 1377 1377 sibi
1409 1321 1472 1375 ad
1524 1322 1884 1390 evangelicam
1923 1320 2357 1389 praedicationem

807 1417 1106 1486 adjutorem
1134 1421 1421 1468 evocantes
1448 1430 1462 1480 ;
1495 1413 1678 1466 eodem
1705 1427 1918 1480 quoque
1949 1413 2107 1466 modo
2137 1412 2190 1465 in
2221 1428 2360 1481 pra:-

807 1506 947 1561 senti
985 1506 1230 1559 ulterius
1260 1502 1528 1572 progressi
1567 1502 1754 1556 dicunt
1786 1520 1799 1555 :
1843 1520 1860 1552 ι
1905 1502 2225 1558 Benedictus
2257 1502 2360 1556 Do-

809 1597 986 1650 minus
1023 1593 1260 1664 quotidie
1297 1611 1312 1659 ;
1349 1607 1664 1661 prosperum
1709 1593 1809 1646 iter
1833 1591 1992 1647 faciet
2025 1594 2180 1648 nobis
2217 1593 2358 1648 Deus

743 1680 746 1685 ’
807 1686 1120 1740 salutarium
1150 1694 1452 1737 nostrorum
1481 1701 1493 1735 :
1534 1702 1552 1733 ι
1578 1689 1631 1736 et
1649 1685 1841 1736 iterum
1871 1702 1882 1737 :
1915 1701 1932 1734 ι
1963 1682 2354 1749 Manda,Deus,

812 1777 993 1829 virtuti
1016 1784 1137 1839 tuas,
1168 1776 1424 1828 conﬁrma
1460 1775 1582 1837 hoc,
1614 1772 1754 1827 Deus
1774 1813 1788 1835 ,
1838 1773 1981 1843 quod
2016 1784 2268 1843 operatus
2299 1789 2359 1828 es

810 1865 860 1918 in
897 1866 1068 1920 nobis.
1119 1885 1136 1915 ι
1193 1864 1354 1919 Vides
1409 1865 1552 1919 enim
1603 1863 1870 1932 quomodo
1922 1873 2243 1933 precentur,
2298 1872 2357 1916 ut

2459 693 2570 749 τοῖς
2602 692 2705 760 πρὸ
2747 690 2927 743 αὐτοῦ.
2962 692 3106 743 Ἔδει
3135 691 3242 762 γάρ
3275 693 3399 753 τοὺς
3447 692 3553 743 τῶν
3581 691 3796 759 ἀγαθῶν
3843 697 4014 762 έπαγ-

2460 783 2735 849 γελτικοὺς
2779 783 2965 849 λόγους
3015 783 3087 853 μὴ
3124 785 3280 857 μόνον
3314 783 3576 852 ψαλμοὺς,
3616 784 3728 836 ἀλλ’
3755 786 3888 853 ὁμοῦ
3920 788 4015 839 καὶ

2460 870 2597 922 κατὰ
2626 869 2684 922 τὸ
2711 871 2838 922 αὐτὸ
2865 871 3111 939 ψαλμοὺς
3139 870 3289 940 ᾠδῶν
3333 874 3424 923 καὶ
3465 872 3608 940 ᾠδάς
3637 872 3863 942 ψαλμῶν
3899 875 4016 927 ὀνο-

2447 948 2722 1029 μάζεσθαι
2743 961 2834 1012 καὶ
2854 979 2872 1010 t
2895 963 2972 1022 εἰς
3012 961 3071 1012 τὸ
3102 961 3248 1023 τέλος
3272 981 3289 1012 ι
3313 963 3678 1030 ἀναπέμπειν·
3713 963 3788 1024 ὼς
3822 963 3887 1016 ἂν
3914 981 4015 1034 μα-

2459 1053 2607 1121 κροῖς
2645 1049 2866 1119 ὕστερον
2891 1051 3101 1120 χρόνοις
3130 1053 3220 1103 ἐπὶ
3254 1051 3527 1121 συντελείᾳ
3551 1051 3645 1104 τοῦ
3674 1053 3862 1116 αἰῶνος
3888 1054 4014 1122 μελ-
4027 1051 4127 1059 “”””

2458 1140 2654 1192 λόντων
2683 1139 3014 1209 πληροῦσθαι
3035 1139 3142 1192 τῶν
3170 1141 3226 1190 έν
3251 1141 3430 1202 αὐτοῖς
3463 1139 3881 1209 θεσπιζομένων.
3910 1140 4011 1193 Λέ-

2459 1231 2644 1282 λεκται
2672 1231 2726 1283 δὲ
2762 1231 2853 1283 καὶ
2888 1230 3046 1294 αὐτὸς
3086 1233 3186 1284 ὑπὸ
3221 1231 3314 1284 τοῦ
3343 1233 3675 1302 προφητικώ
3701 1233 4010 1301 Πνεύματος

2459 1325 2522 1376 ἐκ
2570 1323 2857 1394 προσώπου
2902 1323 3009 1377 τῶν
3055 1323 3382 1399 ἀποστόλων.
3416 1325 3622 1395 ’Ὠσπερ
3650 1321 3742 1378 οὖν
3777 1325 3864 1378 διὰ
3903 1325 4011 1378 τῶν

2458 1416 2760 1487 ἔμπροσθεν
2811 1415 3105 1485 έπηύχοντο
3161 1417 3369 1478 ἑαυτοῖς
3419 1415 3839 1486 ἀνακαλούμενοι
3880 1415 4037 1468 Θεὸν’

2460 1507 2713 1577 συνεργὸν
2739 1508 2816 1568 εἰς
2841 1507 2900 1558 τὸ
2923 1506 3266 1573 εύαγγελικὸν
3299 1507 3576 1576 κήρυγμα,
3603 1507 3692 1560 τὸν
3718 1507 3876 1560 αὐτὸν
3897 1506 4013 1577 τρό-

2457 1614 2554 1650 πον
2581 1598 2672 1649 καὶ
2698 1597 2754 1648 ὲν
2785 1599 2894 1658 τοῖς
2923 1596 3299 1666 προκειμένοις
3323 1599 3369 1648 οἱ
3402 1597 3553 1650 αὐτοὶ
3586 1596 3878 1668 προϊόντες,
3910 1615 4011 1667 φα-

2459 1689 2568 1741 σίνσ
2601 1707 2618 1737 ι
2644 1686 2941 1756 Εὐλογητὸς
2978 1686 3178 1755 Κύριος
3210 1686 3417 1755 ἡμέραν
3443 1686 3561 1739 καθ’
3592 1686 3799 1757 ἡμέραν
3819 1701 3834 1716 ⁴
3872 1703 4009 1740 κατ-

2456 1777 2700 1832 ευοδώσει
2733 1781 2861 1847 ἡμῖν
2907 1780 2934 1829 ό
2989 1778 3116 1839 Θεὸς
3161 1777 3266 1828 τῶν
3319 1775 3594 1845 σωτηρίων
3634 1776 3822 1846 ἡμῶν·
3858 1795 3875 1827 ι
3917 1777 4010 1828 καὶ

2459 1868 2613 1922 πάλιν
2635 1885 2646 1897 ·
2679 1888 2697 1918 ι
2736 1868 3024 1930 Ἕντειλαι,
3054 1869 3081 1918 ὁ
3106 1866 3254 1929 Θεὸς,
3293 1868 3391 1935 τὴν
3420 1866 3644 1934 δύναμίν
3687 1883 3776 1919 σου
3801 1884 3812 1897 ·
3855 1867 4009 1919 δυνά-

807 1956 946 2013 Deus
970 1959 1070 2012 sibi
1094 1972 1407 2027 prosperum
1439 1967 1539 2014 iter
1565 1966 1737 2026 paret,
1763 1972 1928 2026 seque
1973 1956 2271 2021 conﬁrmet,
2300 1966 2358 2010 ut

2462 1975 2656 2028 μωσον,
2696 1961 2723 2010 ό
2767 1956 2914 2020 Θεὸς,
2951 1959 3104 2010 τοῦτο
3146 1958 3174 2008 ὃ
3213 1934 3554 2027 κατειργάσω
3597 1960 3744 2028 ἡμῖν,
3783 1976 3800 2009 ι
3849 1959 4008 2029 Ὁρᾷς

805 2049 1078 2120 Evangelii
1105 2065 1323 2104 cursum
1373 2051 1490 2102 sine
1520 2049 1676 2102 obice
1724 2047 2021 2116 perﬁciant.
2075 2046 2359 2116 Evangeliu

804 2141 1079 2194 camitem
1109 2139 1540 2209 prmdicationem
1591 2145 1772 2206 aperte
1819 2144 2121 2191 memorant
2173 2138 2360 2193 dicen—

804 2240 922 2287 tes:
959 2250 977 2282 ι
1012 2230 1271 2282 Dominus
1305 2228 1451 2281 dabit
1473 2227 1692 2281 verbum
1740 2226 2232 2295 evangelizantibus
2258 2231 2360 2281 vir-

807 2331 923 2378 tute
951 2322 1139 2375 multa.
1177 2338 1194 2370 ι
1233 2318 1344 2373 lmo
1368 2319 1690 2388 quibusnam
1722 2319 2068 2390 Evangelium
2100 2320 2360 2388 praedica-

805 2414 913 2468 turi
937 2420 1117 2486 essent
1139 2411 1503 2463 vaticinantur
1530 2411 1615 2465 his
1642 2410 1820 2465 verbis
1847 2429 1861 2464 :
1891 2427 1910 2461 ι
1945 2408 2170 2464 Venient
2201 2410 2359 2479 legati

804 2519 873 2557 ex
908 2501 1160 2571 IEgypto,
1185 2500 1458 2569 Ethiopia
1483 2501 1719 2569 porriget
1741 2515 1957 2554 manum
1990 2516 2142 2556 suam
2180 2499 2307 2555 Deo.
2334 2519 2354 2552 ι

806 2593 961 2647 Clare
997 2593 1138 2646 enim
1175 2592 1323 2646 hisce
1357 2591 1532 2645 verbis
1569 2590 1837 2660 Aﬁgyptiis
1871 2590 2218 2661 Evangelium
2261 2608 2359 2645 an-

807 2684 1092 2742 nuntiant,
1147 2682 1460 2735 idololatras
1523 2681 1961 2735 subindicantes:
2011 2698 2074 2736 ex
2130 2682 2357 2752 [Ἐς-γριο

795 2776 1037 2843 namque
1063 2771 1367 2827 idololatria
1391 2780 1568 2823 ortum
1587 2772 1813 2840 accepit.
1832 2772 2132 2836 Quinetiam
2148 2771 2359 2824 Aithio-

805 2866 945 2935 piam
975 2863 1082 2917 Deo
1109 2879 1322 2916 manum
1355 2863 1625 2933 porrigere
1669 2877 1821 2916 suam
1865 2863 2086 2924 dicunt,
2120 2870 2354 2916 extrema

805 2969 960 3013 terra:
987 2956 1372 3026 signiﬁcantes.
1405 2954 1607 3009 Deinde
1638 2969 1763 3008 vero
1796 2955 1977 3007 omnia
2007 2967 2171 3022 regna
2201 2961 2358 3005 terr-.e

803 3047 1086 3102 confertim
1119 3047 1399 3108 advocant,
1446 3045 1654 3113 hocque
1706 3045 1812 3097 ritu
1845 3045 2128 3096 universas
2176 3050 2359 3112 gentes

805 3140 1127 3210 signiﬁcant.
1158 3139 1227 3192 Ut
1267 3146 1444 3192 autem
1488 3152 1550 3191 ea
1579 3152 1696 3206 qua:
1739 3138 1794 3188 in
1823 3136 2080 3188 vaticinio
2105 3133 2357 3188 fereban-

2459 2048 2565 2117 γὰρ
2592 2049 2738 2110 ὅπως
2770 2048 3195 2117 κατευοδωθῆναι
3223 2047 3325 2101 ὑπὸ
3355 2048 3445 2099 τοῦ
3478 2047 3608 2100 Θεοῦ
3645 2050 3735 2101 καὶ
3761 2049 4008 2118 δυναμω-

2460 2138 2613 2207 θῆναι
2653 2139 2732 2202 είς
2761 2138 2819 2190 τὸ
2859 2138 3145 2199 ἀκωλύτως
3176 2138 3264 2190 τὸν
3308 2139 3502 2209 δρόμον
3546 2139 3637 2191 τοῦ
3679 2141 4007 2207 Εὐαγγελίου

2458 2229 2731 2281 τελειῶσαι
2775 2228 3037 2298 εύχονται.
3088 2229 3404 2298 Μέμνηνται
3448 2230 3504 2281 δὲ
3550 2229 3733 2298 σαφῶς
3775 2232 3868 2282 καὶ
3913 2228 4008 2281 τοῦ

2459 2321 2805 2388 εὐαγγελικοῦ
2849 2318 3198 2388 κηρύγματος
3229 2319 3516 2385 -λέγοντες’
3568 2339 3584 2369 ι
3613 2319 3812 2391 Κύριος
3851 2319 4008 2372 δώσει

2463 2412 2607 2482 ῥῆμα
2644 2414 2753 2472 τοῖς
2794 2409 3289 2479 εὐαγγελιζομένοις
3315 2410 3538 2479 δυνάμει
3573 2410 3774 2480 πολλῇ·
3815 2430 3834 2461 ,
3876 2411 4008 2464 ἀλλά

2459 2503 2552 2554 καὶ
2576 2502 2712 2553 τίσιν
2742 2499 2968 2570 ἤμελλον
2993 2500 3275 2571 κηρύττειν
3299 2500 3356 2551 τὸ
3381 2501 3706 2568 Εὑαγγέλιον
3729 2501 4008 2564 θεσπίζου-

2461 2609 2541 2644 σιν
2568 2593 2623 2645 ὲν
2655 2587 2734 2654 οἷς
2773 2608 2936 2658 φασιν
2956 2609 2967 2621 ο
3007 2610 3025 2642 ι
3065 2590 3568 2661 ῘἮξουσιξπρέσϐεις
3610 2591 3668 2654 eg
3699 2591 4006 2658 Αἰγύπτουο

2458 2682 2707 2735 Αἰθιοπία
2748 2682 3045 2752 προφθάσει
3073 2684 3228 2752 χεῖρα
3269 2682 3434 2750 αὐτῆς
3459 2682 3536 2752 τῷ
3577 2682 3714 2751 Θεῷ.
3753 2702 3769 2733 ι
3818 2683 4007 2751 Σαφῶς

2458 2775 2562 2844 γὰρ
2589 2774 2674 2826 διὰ
2718 2773 2918 2826 τούτων
2960 2775 3234 2839 Αἴγυπτον
3266 2773 3723 2840 εὐαγγελίζονται,
3770 2775 3895 2836 τοὺς
3928 2777 4005 2826 εί-

2457 2866 2789 2935 δωλολάτρας
2821 2864 3176 2933 αἰνιττόμενοι
3199 2879 3215 2895 ο
3249 2863 3370 2918 ἐπεὶ
3408 2863 3465 2929 ἐξ
3501 2865 3770 2932 Αἰγύπτου
3814 2866 4008 2935 κατήρ

2460 2956 2583 3019 ξατο
2618 2960 2650 3027 ἡ
2681 2957 3100 3027 εἰδωλολατρεία.
3139 2953 3294 3007 Ἀλλά
3324 2935 3416 3008 καί
3431 2956 3526 3026 τὴν
3567 2956 3842 3010 Αἰθιοπίαν
3878 2974 4006 3028 προ-

2459 3047 2657 3113 φθάσαι
2698 3052 2850 3119 χεῖρα
2891 3049 3056 3114 αὐτῆς
3098 3047 3173 3116 τῷ
3219 3031 3335 3115 Θεῷ
3378 3064 3526 3115 φασι,
3574 3048 3641 3099 τὰ
3681 3048 3882 3117 ἔσχατα
3908 3047 4005 3116 τῆς

2457 3119 2771 3204 οἰκουμένης
2810 3136 3108 3205 δηλοῦντες.
3153 3135 3264 3189 Εἶθ’
3306 3136 3430 3205 ἑξῆς
3465 3137 3560 3198 τάς
3600 3136 3869 3205 βασιλείας
3909 3138 4005 3207 τῆς

804 3239 915 3294 tur,
947 3246 1092 3283 nunc
1116 3230 1332 3283 tandem
1365 3243 1526 3296 opere
1545 3227 1948 3293 perﬁcerentur,
1969 3227 2023 3278 in
2057 3227 2174 3294 ipso
2206 3228 2354 3294 prin-

2459 3224 2558 3292 γῆς
2589 3224 2762 3287 πάσας
2805 3225 3011 3295 ἀθρόως
3041 3227 3384 3294 συγκαλοῦσι,
3423 3227 3528 3279 τῶν
3557 3227 3722 3279 ἐθνῶν
3757 3228 4005 3280 ἁπάντων

740 3322 743 3326 ’
804 3323 947 3392 cipio
976 3320 1207 3392 Spiritus
1239 3329 1458 3375 sanctus
1500 3335 1593 3389 per
1642 3319 1892 3373 Davidem
1933 3333 2118 3387 preces
2161 3319 2358 3375 emittit

804 3412 1024 3468 dicens:
1048 3417 1066 3463 ι
1095 3411 1358 3482 Exsurgat
1381 3412 1520 3466 Deus
1543 3417 1595 3465 et
1615 3411 1946 3479 dissipentur
1963 3410 2166 3464 inimici
2183 3411 2315 3478 ejus.
2334 3430 2351 3461 ›

798 3503 1094 3572 Pergraves
1117 3503 1256 3557 enim
1283 3503 1481 3555 inimici
1507 3501 1598 3556 Dei
1618 3501 1728 3568 jam
1756 3500 1882 3553 olim
1913 3500 1968 3552 in
1998 3513 2186 3553 omnes
2204 3510 2358 3553 terrae

804 3595 1130 3650 habitatores
1153 3595 1489 3665 tyrannidem
1528 3593 1871 3656 exercebant,
1907 3591 2125 3660 maligni
2173 3591 2359 3644 videli-

803 3698 888 3741 cet
916 3686 1185 3740 dasmones
1209 3725 1224 3749 ,
1265 3687 1356 3754 qui
1401 3683 1756 3752 multiplicum
1802 3681 2083 3735 numinum
2120 3694 2356 3734 errorem

803 3779 858 3832 in
893 3780 1199 3832 universum
1233 3778 1415 3831 orbem
1463 3775 1804 3829 induxerant.
1835 3773 2002 3828 Nemo
2039 3786 2201 3840 porro
2242 3779 2357 3841 erat

802 3869 894 3937 qui
925 3869 1062 3921 mala
1087 3868 1430 3937 propelleret,
1475 3881 1582 3919 non
1615 3865 1698 3918 vir
1743 3865 1978 3933 sapiens,
2017 3879 2120 3917 non
2149 3863 2353 3931 justus,

805 3975 910 4012 non
940 3959 1214 4028 propheta,
1240 3959 1347 4012 im‘o
1382 3973 1480 4012 nec
1513 3957 1781 4027 quispiam
1815 3971 1880 4010 ex
1907 3955 2113 4024 angelis
2149 3963 2202 4009 et
2231 3969 2356 4008 san-

805 4051 908 4104 ctis
937 4051 1238 4119 spiritibus,
1274 4050 1388 4104 sive
1414 4065 1481 4103 ex
1512 4047 1825 4103 coelestibus
1859 4047 2162 4115 divinisque
2185 4047 2355 4097 virtu-

807 4144 970 4198 tibus.
1032 4142 1367 4210 Quapropter
1396 4141 1559 4194 Deum
1591 4147 1742 4210 rogat
1793 4151 1850 4193 ut
1897 4146 2174 4208 exsurgat,
2207 4146 2259 4192 et
2291 4154 2356 4192 et

804 4236 953 4305 regio
982 4234 1174 4288 throno
1225 4248 1324 4288 suo
1369 4235 1649 4286 excitetur.
1705 4229 1839 4284 Nam
1883 4231 1974 4285 Dei
2021 4231 2353 4300 providentia

805 4333 936 4380 tunc
972 4340 1207 4387 cessare,
1244 4338 1435 4376 vacare
1468 4329 1520 4375 et
1545 4336 1639 4375 ceu
1666 4323 1943 4398 quiescere
1974 4320 2194 4381 dicitur,
2232 4335 2354 4373 cum

805 4433 868 4472 ex
898 4417 1100 4472 divitiis
1127 4415 1403 4475 bonitatis,
1451 4421 1503 4466 et
1533 4428 1599 4466 ex
1641 4412 1898 4480 patientia
1927 4410 2355 4479 longanimitate-1

806 4524 910 4577 que
936 4523 1031 4562 sua
1062 4515 1348 4576 peccantes
1368 4513 1421 4558 et
1448 4518 1573 4574 erga
1602 4517 1659 4558 se
1688 4503 1848 4572 impie
1880 4508 2098 4569 agentes
2131 4501 2352 4563 tolerat;

2456 3312 2638 3366 τοῦτον
2673 3317 3077 3385 σημαινομένων
3108 3318 3194 3370 τὸν
3222 3319 3437 3389 τρόπον.
3473 3321 3587 3372 ’Ἰνα
3613 3320 3667 3371 δὲ
3699 3320 3764 3372 τὰ
3789 3319 3876 3371 διὰ
3899 3319 4006 3372 τῶν

2456 3404 2624 3470 λόγων
2666 3408 3104 3478 προφητευόμενα
3145 3410 3243 3480 ήδη
3287 3412 3415 3463 ποτὲ
3461 3411 3552 3463 καὶ
3595 3411 3658 3462 δι’
3691 3411 3861 3480 ἔργων
3903 3429 4008 3481 χω-

2458 3498 2615 3568 ρήσῃ,
2646 3497 2938 3567 ἀρχόμενον
2971 3499 3031 3552 τὸ
3063 3501 3281 3570 Πνεῦμα
3311 3503 3370 3554 τὸ
3410 3504 3758 3572 προφητικὸν,
3789 3503 3874 3554 δια
3910 3501 4004 3555 τοῦ

2455 3588 2614 3640 Δαυῖδ
2637 3589 2796 3658 εὐχὴν
2825 3591 3300 3660 ἀναπέμπειλέγον
3324 3611 3337 3624 ’
3363 3612 3381 3644 ι
3411 3595 3713 3664 Ἀναστήτω
3732 3596 3759 3646 ὁ
3781 3575 4004 3663 Κύριος,

2456 3681 2546 3730 καὶ
2565 3679 3128 3751 διασκορπισθήτωσαν
3149 3685 3197 3735 oi
3226 3685 3408 3754 ἐχθροὶ
3439 3683 3620 3737 αὑτοῦ.
3665 3703 3682 3735 ›
3708 3685 3880 3743 Δεινοὶ
3898 3683 4006 3754 γάρ

2455 3771 2636 3840 ἐχθροὶ
2670 3771 2762 3824 τοῦ
2792 3771 2923 3823 Θεοῦ
2955 3775 3376 3844 κατετυράννουν
3414 3775 3576 3828 πάλαι
3609 3775 3865 3846 πρότερον
3898 3774 4004 3826 τῶν

2455 3861 2546 3912 ἐπὶ
2566 3860 2664 3928 γῆς
2679 3861 2946 3925 ἁπάντων,
2970 3864 3018 3914 οἰ
3035 3863 3129 3932 τὴν
3147 3864 3399 3916 πολύθεον
3416 3866 3619 3935 πλάνην
3636 3865 3755 3918 καθ’
3770 3866 3896 3935 ὅλης
3909 3867 4008 3944 τῇς

2455 3950 2770 4030 οἰκουμένης
2811 3953 3202 4021 συστησάμενοι
3253 3955 3476 4024 πονηροὶ
3513 3955 3777 4024 δαίμονες.
3821 3957 4008 4030 Οὐδείς

2454 4028 2513 4092 τε
2547 4037 2610 4114 ἦν
2639 4041 2925 4112 ὲπαμύνων
2955 4046 3064 4106 τοῖς
3097 4045 3302 4106 κακοῖς,
3352 4045 3412 4096 οὐ
3460 4047 3616 4113 σοφὸς
3650 4047 3803 4118 ἀνὴρ,
3836 4028 3902 4099 οὐ.
3930 4049 4008 4100 δί-

2455 4150 2624 4197 καιος,
2672 4134 2731 4186 οὐ
2766 4136 3063 4205 προφήτης·
3110 4134 3220 4187 ἀλλ’
3251 4136 3368 4187 οὐδὲ
3410 4136 3651 4203 ἀγγέλων
3683 4139 3818 4207 τιςῆ
3850 4156 4008 4192 πνευ-

2458 4224 2636 4292 μάτων
2676 4224 2865 4296 ἀγίων,
2901 4224 2932 4296 ἢ
2968 4225 3073 4276 τῶν
3107 4227 3225 4277 κατ’
3259 4225 3484 4294 οὐρανὸν
3517 4225 3674 4280 θείων
3705 4226 4002 4298 δυνάμεων.

2453 4314 2544 4365 Διὸ
2570 4314 2630 4382 δὴ
2662 4315 2819 4367 αὐτὸν
2849 4316 3136 4389 ἀναστῆναι
3169 4315 3258 4369 τὸν
3295 4316 3445 4380 Θεὸν,
3487 4319 3577 4368 καὶ
3610 4317 3700 4370 τοῦ
3733 4318 4004 4387 βασιλικοῦ

2453 4403 2788 4472 διεγερθῆναι
2841 4406 3027 4474 θρόνου
3088 4407 3408 4476 παρακαλεῖ.
3468 4409 3715 4478 Ἠρεμεῖν
3772 4411 3866 4479 μὲν
3916 4412 4006 4464 καὶ

2455 4495 2737 4565 ἡσυχάζειν
2767 4497 2858 4550 καὶ
2887 4497 3072 4568 ὥσπερ
3103 4500 3518 4553 διαναπαύεσθαι
3545 4503 3609 4554 τὰ
3635 4504 3732 4572 τῆς
3757 4503 3848 4556 τοῦ
3873 4505 4004 4558 Θεοῦ

807 4597 1008 4651 moveri
1050 4602 1228 4649 autem
1258 4602 1310 4648 et.
1343 4593 1565 4647 excitari
1613 4592 1830 4652 dicitur,
1875 4605 1996 4642 cum
2041 4598 2347 4659 peccatores

2459 4588 2697 4657 προνοίας
2730 4588 2960 4655 λέγεται,
2997 4592 3212 4645 ἐπειδάν
3243 4593 3319 4662 τῷ
3348 4592 3556 4662 πλούτῳ
3588 4595 3684 4662 τῆς
3717 4595 4004 4664 χρηστότη-

806 4701 1090 4757 aggressus
1119 4686 1412 4739 ulciscitur.
1459 4683 1530 4738 Ut
1563 4685 1726 4754 igitur
1756 4681 2036 4736 memorati
2073 4681 2256 4733 hostes
2291 4682 2348 4730 li-

2449 4697 2536 4741 τος
2562 4679 2722 4731 αὑτοῦ
2753 4681 2841 4731 καὶ
2877 4684 2940 4750 τῇ
2979 4683 3322 4754 μακροθυμίᾳ
3355 4685 3492 4756 φέρῃ
3525 4686 3649 4746 τοὺς
3674 4686 4006 4754 ἁμαρτάνον-

808 4792 927 4831 nem
966 4776 1202 4830 facerent
1231 4775 1543 4829 dominandi
1574 4774 1915 4839 hominibus,
1946 4772 2054 4828 Deo
2086 4772 2352 4841 supplicat

2459 4788 2543 4832 τας
2587 4770 2678 4822 καὶ
2719 4773 2796 4833 εἰς
2826 4772 2982 4823 αὐτὸν
3010 4774 3353 4838 ἀσεϐοῦντας·
3392 4777 3450 4827 τὸ
3500 4776 3556 4827 δὲ
3607 4775 3865 4831 κινεῖσθαι
3916 4779 4006 4830 καὶ

811 4873 868 4920 ut
893 4874 1148 4934 exsurgat
1193 4879 1420 4932 seseque
1447 4864 1682 4916 concitet
1715 4862 1780 4916 ad
1831 4863 2114 4924 ultionem,
2169 4867 2226 4914 ut
2259 4858 2349 4927 qui

2459 4860 2832 4923 Βιανίστασθαι,
2878 4863 3090 4915 ἐπειδὰν
3128 4865 3224 4926 τὰς
3282 4865 3584 4934 ὲκδικήσεις
3610 4865 4006 4934 ποιῆσαιὲπεξ-

809 4956 935 5012 olim
963 4957 1017 5009 in
1051 4970 1215 5008 unum
1260 4954 1568 5023 congregati
1616 4961 1791 5014 erant,
1822 4961 1876 5007 et
1904 4952 2203 5022 improbam
2237 4965 2353 5003 mu-

746 5064 753 5070 '
807 5053 903 5102 tuo
932 5045 1276 5102 concordiam
1313 5045 1564 5106 inierant,
1598 5058 1714 5097 eam
1747 5043 1953 5098 scilicet
1979 5059 2098 5113 quae
2126 5041 2352 5096 diaboli-

811 5151 928 5190 cam
968 5135 1325 5188 idololatriam
1362 5133 1672 5200 spectabat,
1726 5131 2115 5200 dissiparentur
2166 5132 2353 5201 procul

811 5227 1060 5296 dispersi.
1113 5226 1155 5279 li
1200 5239 1328 5280 vero
1377 5225 1580 5277 inimici
1616 5223 1708 5276 Dei
1746 5231 1918 5283 erant,
1972 5238 2202 5293 eumque
2229 5223 2348 5276 ode-

813 5325 952 5377 rant.
983 5320 1073 5386 qui
1104 5332 1280 5371 aerem
1307 5325 1461 5370 terra:
1482 5316 1804 5370 eminentem
1838 5313 2133 5382 replebant,
2176 5322 2229 5369 et
2256 5314 2355 5366 im-

812 5408 1134 5477 probitatem
1168 5407 1311 5462 illam
1343 5409 1656 5477 multiplicis
1679 5406 1878 5462 erroris
1903 5405 2174 5469 fovebant,
2205 5407 2355 5476 impii

814 5513 1005 5567 nempe
1034 5499 1250 5567 quidam
1283 5508 1336 5552 et
1363 5498 1505 5552 athei
1537 5499 1826 5551 daemones.
1859 5495 1959 5561 Qui
1984 5494 2198 5551 Deo‘vel
2233 5505 2354 5549 tan-

813 5594 926 5638 tum
959 5597 1327 5642 commovente
1357 5603 1432 5650 se,
1465 5595 1516 5640 et
1541 5587 1604 5640 ad
1627 5587 1926 5640 facinorum
1953 5587 2204 5641 ultionem
2239 5599 2356 5640 sese

813 5678 1098 5743 excitante,
1123 5680 1294 5744 primo
1326 5678 1537 5747 quidem
1566 5678 1811 5748 dissipati
1833 5685 1885 5730 et
1910 5678 1998 5730 alii
2022 5679 2204 5745 procul
2237 5677 2356 5729 aliis

815 5765 1064 5832 dispersi,
1095 5767 1286 5822 deinde
1315 5769 1370 5821 in
1389 5766 1564 5836 fugam
1591 5769 1729 5822 versi
1756 5774 1916 5830 sunt,
1950 5782 2011 5820 ac
2035 5775 2219 5836 postea
2251 5768 2356 5821 sic-

818 5863 875 5908 ut
902 5854 1083 5910 deﬁcit
1119 5857 1299 5914 fumus
1331 5858 1671 5924 defecerunt,
1696 5866 1750 5914 et
1784 5858 1929 5931 sicut
1954 5857 2206 5917 liquescit
2232 5875 2355 5914 cera

2453 4949 2544 5000 ιὼν
2590 4952 2698 5012 τοῖς
2732 4951 3147 5019 ἁμαρτάνουσιν.
3203 4955 3296 5006 ’ἶν’
3331 4950 3421 5007 οὖν
3457 4953 3554 5023 ἤδη
3588 4953 3715 5004 ποτε
3763 4954 4005 5007 παύσων-

2448 5056 2536 5092 ται
2582 5044 2696 5103 ταῖς
2727 5042 2865 5093 κατά
2906 5043 3011 5094 τῶν
3061 5046 3357 5116 ἀνθρώπων
3410 5045 3742 5106 δυναστείαις
3784 5046 3832 5096 οἰ
3879 5062 4006 5115 προ-

2451 5131 2721 5202 λεχθέντες
2755 5134 2957 5204 ἐχθροὶ,
2992 5136 3334 5206 διαναστῆναι
3374 5138 3461 5188 τὸν
3511 5137 3638 5189 Θεὸν
3687 5136 3779 5189 καὶ
3818 5136 3996 5203 διεγεῖ-

2455 5241 2539 5294 ραι
2585 5223 2772 5277 έαυτὸν
2823 5225 2900 5288 εἰς
2949 5227 3220 5297 ἐκδίκησιν
3261 5227 3508 5294 ἱκετεύει,
3548 5228 3692 5291 ὅπως
3746 5230 3792 5280 οἰ
3843 5226 4005 5280 πάλαι

2453 5313 2591 5367 κατά
2615 5316 2675 5367 τὸ
2699 5314 2829 5369 αὐτὸ
2861 5317 3180 5386 συνηγμένοι
3207 5319 3297 5370 καὶ
3322 5317 3493 5388 κακὴν
3527 5319 3840 5388 συμφωνίαν
3874 5315 4005 5387 πρὸς

2453 5403 2706 5473 ἀλλήλους
2761 5403 3007 5473 θέμενοι,
3077 5406 3173 5475 τὴν
3223 5408 3319 5477 τῆς
3369 5408 3682 5478 δαιμονικῆς
3729 5406 4010 5493 εἰδωλολαγ

2453 5494 2634 5563 τρείας
2657 5535 2671 5558 ,
2713 5495 3131 5549 διασκεδασθῶσι
3187 5497 3400 5568 μακρὰν
3437 5499 3674 5570 ἀλλήλων
3706 5499 4002 5567 γενόμενοι.

2467 5585 2674 5655 Ἐχθροὶ
2703 5587 2759 5638 δὲ
2807 5585 2899 5638 τοῦ
2953 5586 3085 5639 Θεοῦ
3130 5591 3224 5642 καὶ
3253 5590 3531 5659 μισοῦντες
3578 5590 3736 5642 αὑτὸν
3762 5584 3924 5658 ἦσαν,
3957 5586 4002 5637 οδ

2454 5677 2540 5728 τὸν
2575 5678 2712 5749 ὑπὲρ
2762 5678 2861 5746 γῆς
2897 5678 3031 5749 ἀέρα
3076 5681 3404 5752 πληροῦντες
3450 5682 3543 5735 καὶ
3573 5683 3670 5751 τὴν
3703 5681 3760 5732 ὲν
3804 5675 3984 5748 ἀνθρώ

2456 5785 2573 5832 ποις
2603 5769 2907 5840 πολυπλανῆ
2949 5772 3142 5825 κακίαν
3186 5772 3527 5842 ἐνεργοῦντες
3569 5771 3843 5833 δυσσεϐεῖς
3865 5786 4000 5822 τινες

2457 5862 2548 5913 καὶ
2591 5861 2736 5917 ἀθεοι
2777 5861 3041 5932 δαίμονεςο
3077 5865 3146 5927 οἳ,
3187 5864 3489 5934 κινηθέντος
3518 5863 3678 5917 αὐτοῦ
3732 5864 3885 5934 μόνον
3915 5858 3998 5914 τοῖ
