4300 6414
282 516 375 571 CSI

1373 514 1869 570 COMMENTARIA
1907 515 1972 570 IN
2009 513 2345 569 I'SALMOS.
2414 536 2419 541 λ

3362 516 3472 570 6θί

279 630 433 696 Θεοῦ,
465 617 559 687 καὶ
584 633 675 686 ἐπὶ
703 634 801 703 τὴν
836 634 939 687 τῶν
979 632 1356 705 πραττομένων
1409 634 1681 705 ἐκδίκησιν
1706 637 1828 688 ἐαυ-
1856 656 1897 707 Α

1930 650 1959 688 a
1993 635 2129 700 facie
2156 633 2440 704 ignis,‘sic
2471 640 2524 687 et
2565 632 2640 686 illi
2689 632 2913 702 perituri
2968 640 3140 688 erant.
3194 632 3471 699 Quomodo

278 722 367 775 τὸν
399 722 776 793 διεγείραντος,
818 723 1030 794 πρῶτον
1074 724 1582 794 μένέσκορπίζοντο
1616 726 1830 795 μακρὰν

279 812 533 883 ἀλλήλων,
561 812 1095 882 διασκεδαννύμενοι,
1127 810 1221 866 εἴτ’
1271 812 1503 884 ἐχρῶντο
1536 817 1698 884 φυγῇ·
1737 816 1830 867 καὶ⁵

283 903 418 971 μετά
462 901 631 954 ταῦτα
684 902 757 965 ὡς
810 902 1047 955 ἐκλείπει
1088 904 1291 965 καπνὸς
1327 902 1583 969 ἐξέλιπον,
1617 904 1710 956 καὶ
1756 903 1831 965 ὡς

278 996 500 1061 τήκεται
524 991 686 1061 κηρὸς
718 991 824 1043 ἀπὸ
853 991 1139 1062 προσώπου
1186 993 1369 1062 πυρὸς,
1400 991 1570 1055 οὕτως
1603 991 1829 1062 ἦμελλον

256 1033 628 1135 Ιὰπόλλυσθαῖ
661 1033 1007 1152 ὉΝοήσειςτωδὲ
1056 1084 1203 1145 ὅπως
1238 1033 1589 1145 ώςῖἐκλείπέι
1626 1033 1831 1144 liga-wh;

282 1172 521 1237 ἐξέλιπον
550 1176 597 1225 oi
618 1173 797 1243 ἐχθροὶ⁸
826 1172 1008 1233 αὐτοῦ,
1045 1174 1336 1242 ἐπιστήσας
1381 1173 1456 1236 ὼς
1495 1173 1555 1225 τὸ
1589 1172 1688 1240 μὲν
1728 1188 1830 1225 πα-

280 1265 426 1319 λαιὸν
477 1265 992 1335 μετεσχηματίζοντο
1032 1254 1111 1327 εἰς
1160 1258 1420 1330 ἀγγέλους
1452 1262 1645 1331 φωτὸς,
1672 1263 1830 1324 αὐτὸς

278 1355 336 1407 δὲ
362 1357 391 1409 6
415 1353 654 1418 διάϐολος
699 1356 791 1407 καὶ
834 1356 880 1407 οἱ
922 1355 1151 1407 διάκονοι
1173 1352 1334 1408 αὐτοῦ
1379 1352 1514 1405 κατὰ
1545 1353 1635 1405 τὸν
1681 1352 1831 1404 Ἀπό-

282 1442 484 1505 στολον,
531 1444 589 1505 ὃς
625 1459 801 1513 φησιν·
841 1462 859 1493 ι
890 1442 1056 1505 Αὐτὸς
1099 1443 1206 1512 γὰρ
1234 1444 1264 1493 6
1295 1441 1533 1501 Σατανᾶς
1563 1455 1831 1509 μετασχη-

283 1526 564 1602 ματίζεται
592 1536 670 1596 είς
697 1532 919 1601 ἄγγελον
950 1532 1139 1601 φωτός.
1175 1552 1192 1583 ι
1222 1532 1294 1585 Οὐ
1329 1532 1469 1601 μέγα
1507 1527 1599 1583 οὖν
1644 1532 1691 1582 εί
1736 1529 1829 1583 καὶ

279 1624 332 1675 οἱ
359 1623 590 1677 διάκονοι
622 1623 786 1682 αὑτοῦ
841 1622 1391 1694 μετασχηματίζονται
1446 1623 1524 1683 είς
1574 1620 1829 1689 ἀγγέλους

279 1714 635 1783 δικαιοσύνης,
664 1714 1085 1790 ἐχρησμοδότουν
1123 1729 1183 1765 τε
1214 1712 1330 1765 τότε
1361 1710 1503 1763 κατὰ
1537 1711 1707 1763 πάντα
1738 1708 1827 1760 τό-

280 1820 399 1867 πον,
425 1804 675 1872 μαντείας
704 1805 793 1857 καὶ
816 1804 1106 1875 θερατπίας
1127 1802 1600 1872 ἐπαγγελλόμενοι,
1618 1801 1691 1863 ώς
1709 1801 1831 1862 τοὺς

276 1890 664 1961 δεισιδαίμονας
713 1892 856 1944 θύειν
905 1893 1082 1954 αὐτοῖς
1127 1891 1244 1944 καθ’
1290 1888 1588 1961 ὑπερϐολὴν
1640 1889 1832 1959 μανίας

1929 735 2107 781 autem
2131 728 2271 780 sicut
2290 724 2471 779 deﬁcit
2491 723 2668 779 fumus
2690 723 2985 778 defecerint
3010 714 3469 795 adversarii'ejus,

1929 816 2217 885 intelliges,
2252 817 2296 869 si
2352 813 2749 868 animadvertas
2796 828 2900 881 qua
2946 814 3152 867 ratione
3182 816 3309 868 olim
3363 816 3477 886 ipse

1928 909 2177 963 diabolus
2214 915 2266 960 et
2305 907 2539 961 ministri
2578 908 2696 975 ejus
2732 906 3249 963 transformarentur
3287 909 3339 962 in
3369 923 3477 961 an-

1929 999 2076 1068 gelos
2115 996 2274 1057 lucis,
2316 995 2613 1049 secundum
2652 996 2995 1063 Apostolum,
3027 996 3273 1066 quivait:
3319 996 3479 1067 «Ipse

1926 1090 2070 1143 enim
2110 1088 2338 1141 Satanas
2375 1085 2793 1140 transformatur
2830 1087 2885 1140 in
2913 1088 3156 1157 angelum
3195 1068 3330 1143 lucis
3361 1089 3426 1139 ⁸⁷.
3452 1107 3471 1138 ι

1928 1176 2044 1230 Νοη
2075 1190 2323 1244 magnum
2349 1175 2529 1244 itaque
2548 1174 2823 1242 quidpiam
2847 1175 2893 1233 si
2914 1175 3142 1235 ministri
3165 1176 3281 1243 ejus
3302 1182 3479 1230 trans-

1930 1265 2295 1319 formarentur
2326 1266 2374 1317 in
2407 1265 2625 1333 angelus
2650 1265 2901 1331 justitiaa,
2934 1280 3031 1319 nec
3059 1266 3104 1319 si
3137 1272 3265 1319 tunc
3301 1265 3477 1320 omni-

1929 1356 2031 1413 bus
2057 1356 2113 1409 in
2142 1357 2276 1409 locis
2303 1357 2521 1408 oracula
2558 1355 2777 1409 ederent
2800 1397 2815 1420 ,
2856 1355 3111 1409 vaticinia
3159 1363 3211 1410 et
3243 1343 3480 1411 curatio~

1930 1464 2025 1505 nes
2075 1449 2540 1519 pollicentes;-ita
2588 1456 2644 1501 ut
2701 1448 3064 1517 superstitiosi
3103 1447 3345 1502 homines
3383 1462 3480 1517 per

1930 1552 2193 1592 summam
2224 1539 2491 1591 insaniam
2525 1537 2609 1591 vel
2637 1537 2741 1591 sibi
2776 1538 3094 1593 charissima
3126 1538 3256 1607 ipsis
3283 1538 3478 1592 immo-

1929 1629 2120 1682 larent.
2150 1626 2305 1681 Nunc
2327 1642 2457 1682 vero
2495 1640 2682 1680 eorum
2714 1627 2953 1679 omnium
2984 1628 3141 1680 ruina
3172 1634 3223 1680 et
3248 1622 3479 1681 desertio

1929 1721 2187 1791 contigit,
2234 1722 2310 1773 ita
2357 1726 2417 1772 ut
2462 1734 2531 1773 ne
2568 1720 2651 1772 vel
2679 1734 2865 1772 eorum
2900 1721 3154 1772 memoria
3184 1719 3418 1789 supersit
3460 1739 3474 1772 :

1928 1812 2305 1880 eistinctoque
2340 1810 2581 1879 ipsorum
2626 1809 2749 1879 igne
2779 1807 3093 1863 defecerunt
3130 1811 3271 1864 sicut
3303 1810 3481 1866 deﬁcit

1932 1904 2132 1958 fumus.
2175 1901 2353 1967 Quare
2380 1900 2579 1954 alio'in
2618 1900 2737 1953 loco
2772 1898 2970 1953 dicitur
3001 1917 3016 1953 :
3050 1918 3071 1951 ‹
3104 1901 3360 1955 Ascendit
3396 1902 3481 1956 fu-

279 1980 372 2032 καὶ
416 1979 485 2031 τὰ.
531 1978 733 2032 ἑαυτῶν
765 1979 1009 2046 φίλτατα.
1059 1977 1192 2029 Νυνὶ¹
1237 1975 1293 2027 δὲ
1352 1975 1568 2027 ἐκείνων
1615 1974 1824 2026 πάντων
1860 1990 1897 2046 Β

1928 2009 2046 2048 mus
2081 1993 2134 2046 in
2174 1992 2253 2045 ira
2291 1992 2408 2060 ejus
2436 1991 2502 2053 νβ.
2542 2010 2560 2042 ι
2603 1988 2733 2043 Nam
2765 1990 2844 2042 ira
2882 1989 2976 2043 Dei
3008 1989 3269 2046 invadens
3305 1992 3475 2061 ipsos.

276 2071 576 2141 ἀφανισμὸς
602 2071 693 2123 καὶ
730 2070 929 2140 ἐρημία
955 2068 1193 2137 γέγονεν,
1214 2069 1287 2130 ὡς
1319 2066 1451 2138 μηδὲ
1482 2066 1697 2136 μνήμην
1732 2065 1828 2115 αύ-

276 2159 384 2211 τῶν
442 2158 798 2211 ἐπιλιπέσθαι·
831 2157 1070 2223 ἐξέλιπον
1120 2156 1174 2208 δὲ
1226 2155 1301 2219 ὡς
1350 2153 1586 2207 ἐκλείπει
1630 2153 1832 2214 καπνὸς

278 2247 700 2310 ἁποσὸεσθέντος
728 2247 902 2304 αὐτῶν
933 2245 1025 2299 τοῦ
1055 2244 1244 2317 πυρός·
1278 2244 1355 2296 διὸ
1384 2244 1476 2296 καὶ
1501 2241 1725 2311 ἀλλαχοῦ
1758 2240 1834 2293 εἴ-

280 2358 458 2413 ρηται”
521 2361 539 2392 ι
586 2340 771 2410 Ἀνέϐη
818 2339 1019 2401 καπνὸς
1068 2341 1122 2389 ἐν
1153 2337 1287 2406 ὀργῇ
1329 2332 1510 2388 αὑτοῦ.
1549 2353 1567 2384 ι
1636 2334 1698 2385 Ἡ
1725 2331 1832 2403 γὰρ

277 2433 371 2485 τοῦ
403 2431 537 2486 Θεοῦ
564 2430 702 2503 όργὴ
729 2429 934 2492 τούτοις
961 2428 1140 2489 αὐτοῖς
1172 2424 1498 2488 ἐπελθοῦσα,
1518 2424 1578 2477 τὸ
1609 2422 1718 2493 πῦρ
1746 2424 1834 2489 αὐτ

280 2523 386 2577 τῶν
504 2521 830 2590 κατέφλεγον
866 2519 973 2582 τὰς»
998 2517 1103 2570 τῶν
1140 2515 1433 2587 ἀνθρώπων
1477 2514 1651 2584 ψυχὰς
1700 2530 1830 2565 κατ·

279 2602 515 2667 ἐσϐεσενο
535 2608 594 2667 οὗ
617 2612 947 2675 σϐεσθέντος,
965 2609 1133 2680 ἀνέϐη
1156 2610 1374 2672 καπνός.
1393 2608 1549 2661 Ἀλλά
1568 2608 1661 2660 καὶ
1683 2600 1832 2669 οὗτος

275 2700 525 2766 ὄκαπνὸς
547 2702 735 2773 μηκέθ’
751 2701 1156 2770 ὑποκαιόμενος,
1180 2699 1311 2770 μηδὲ
1332 2698 1466 2769 ἔχων
1485 2698 1673 2753 ὁπόθεν
1712 2698 1835 2751 ὑπο-

280 2797 403 2866 στῆ,
424 2796 676 2849 ἐκλείπει.
695 2794 861 2860 Ἐπεὶ,
886 2795 942 2847 δὲ
963 2796 989 2845 6
1010 2792 1140 2855 Θεὸς
1164 2793 1276 2861 φῶς
1302 2794 1437 2855 ἐστι,
1460 2794 1550 2859 καὶ
1572 2794 1754 2845 σκοτία
1774 2795 1832 2846 ἐν

276 2885 427 2956 αὐτῷ
448 2887 550 2939 οὐκ
582 2884 723 2938 ἐστιν
750 2884 992 2961 οὐδεμία,
1021 2883 1176 2936 τοῦτο
1199 2882 1259 2934 τὸ
1286 2882 1400 2951 φῶς
1427 2885 1538 2945 τοῖς
1573 2882 1718 2952 ωὑτῷ
1749 2882 1834 2950 φί-

278 2978 390 3042 λοις
422 2977 610 3047 σοφίας
645 2977 737 3031 καὶ¹
772 2975 1039 3044 γνώσεως,
1065 2975 1159 3027 καὶ
1196 2972 1833 3044 ἀληθείαςμαρμαρυγάς

276 3070 573 3140 ἐκπέμπει,
595 3069 669 3131 ὼς
686 3068 847 3137 φάναι
874 3067 1084 3129 αὐτοὺς,
1112 3086 1129 3117 ι
1152 3064 1484 3138 Ἑσημειώθη
1504 3065 1586 3133 ἐφ’
1609 3066 1751 3135 ἡμᾶς
1774 3066 1834 3119 τὸ

280 3162 393 3229 φῶς
420 3160 513 3215 τοῦ
544 3159 831 3231 προσώπου
860 3162 979 3219 σου,
1008 3156 1192 3227 Κύριε.
1231 3174 1250 3206 ι
1285 3155 1406 3217 Τοῖς
1438 3154 1494 3207 δὲ
1529 3153 1832 3224 προλεχθεία

278 3268 363 3304 σιν
394 3250 607 3321 ἐχθροῖς
634 3245 793 3303 αὑτοῦ
822 3246 932 3318 πῦρ
971 3244 1302 3313 καταφλέγον
1333 3244 1592 3312 γίγνεται.
1638 3242 1726 3295 Διὸ
1748 3240 1833 3292 λέ-

276 3316 462 3395 λεκται
481 3316 538 3394 ἐν
559 3340 781 3411 ἑτέροιςο
821 3357 839 3389 ι
868 3316 985 3409 Πῦρ
1016 3336 1240 3389 ἐνώπιον
1280 3333 1440 3388 αὐτοῦ
1474 3332 1822 3404 καυθήσεται,
1854 3316 1897 3372 C

281 3433 372 3485 καὶ
385 3430 566 3500 κύκλῳ
583 3429 745 3483 αὐτοῦ
763 3428 1010 3495 καταιγὶς
1035 3426 1253 3495 σφοδράι
1270 3443 1289 3481 ι
1308 3423 1577 3498 καὶ,ιΠῦρ
1591 3423 1823 3476 ἐναντίον

280 3522 441 3577 αὐτοῦ
474 3522 819 3591 καυθήσεται,
855 3519 949 3572 καὶ
972 3518 1179 3585 φλογιεῖ
1211 3516 1414 3577 πάντας
1448 3515 1573 3578 τοὺς
1601 3512 1824 3584 ἐχθροὺς

279 3614 462 3668 αὐτοῦ.
496 3632 515 3665 ι
559 3614 667 3666 Καὶ
702 3614 762 3665 ἐν
792 3610 869 3681 τῷ
902 3608 1036 3679 μετά
1062 3610 1247 3678 χεῖρας
1277 3607 1326 3658 οἱ
1360 3604 1541 3675 ἐχθροὶ
1567 3606 1633 3683 οὑν
1669 3604 1824 3673 μόνον

278 3704 546 3759 ἐκλείπειν
569 3701 645 3765 ὡς
666 3700 886 3765 καπνὸς,
912 3685 1044 3753 ἀλλὰ
1071 3698 1163 3751 καὶ
1184 3697 1263 3760 ὡς
1285 3698 1503 3766 τήκεται
1532 3695 1699 3766 κηρὸς
1719 3695 1824 3747 ἀπὸ

280 3793 567 3869 προσώπου
592 3791 781 3863 πυρὸς,
803 3790 971 3854 οὕτως
1009 3787 1327 3861 ἐκτήκεσθαι
1360 3787 1629 3857 εἴρηνταιο
1676 3785 1823 3837 ἐπει-

277 3890 450 3959 δήπερ
477 3883 628 3938 αὑτοὶ
668 3882 891 3947 ἑαυτοὺς
918 3881 1140 3953 ἐχθροὺς
1164 3878 1263 3932 τοῦ
1290 3876 1422 3931 Θεοῦ
1449 3877 1818 3955 πεποιήκασιν.

286 3981 346 4031 Ὀ
388 3977 507 4050 γὰρ.
532 3970 661 4043 Θεὸς
693 3975 879 4045 ἀγαπᾷ
910 3972 975 4026 τὰ
1008 3971 1136 4026 ὄντα
1168 3971 1362 4035 πάντα,
1405 3970 1498 4022 καὶ
1528 3967 1675 4022 οὐδὲν
1708 3966 1823 4036 βδε-

278 4070 531 4125 λύσσεται
556 4062 629 4122 ὧν
652 4068 921 4137 ἐποίησεψ
948 4061 1067 4121 οὐδὲ
1086 4064 1192 4135 γὰρ
1224 4061 1393 4134 μισῶν
1418 4077 1471 4113 τι
1495 4058 1823 4115 κατεσκεύα-

279 4162 360 4227 ζε·
393 4160 474 4215 διὸ
512 4160 716 4224 οὐδενὸς
742 4159 931 4230 ἐχθρὸς
953 4158 1131 4220 αὑτός.
1155 4157 1217 4209 Οἱ
1240 4155 1297 4207 δέ
1319 4152 1678 4224 μακρύνοντες
1702 4154 1823 4206 ἐαυ-
1851 4185 1856 4188 -

282 4256 399 4317 τοὺς
429 4253 522 4305 ἀπ’
555 4252 739 4315 αὑτοῦ,
780 4252 872 4304 καὶ
917 4245 1352 4321 ἐχθροποιοῦντες
1393 4246 1646 4309 ἑαυτοὺς,
1702 4247 1823 4297 ἐπι-

284 4347 515 4400 σπῶνται
551 4345 646 4415 τὴν
671 4336 963 4398 ἀπώλειαν*
1004 4342 1079 4405 ὡς
1115 4338 1383 4408 λέγεσθαι·
1434 4355 1452 4389 ι
1486 4340 1603 4391 Ὅτι
1643 4339 1748 4406 ἰδοὺ
1771 4340 1821 4391 οἱ

282 4416 639 4511 μακρύνοντες
664 4434 885 4497 ἑαυτοὺς
905 4432 1019 4497 ἀπὸ,
1032 4430 1122 4484 σοῦ
1146 4426 1482 4482 ἀπολοῦνται.
1514 4448 1532 4479 ι
1576 4430 1730 4483 Οὕτω
1764 4428 1820 4482 δὲ

278 4516 369 4583 καὶ
400 4525 611 4598 μισοῦσι
652 4524 743 4577 τὸν
783 4522 913 4575 Θεὸν
951 4523 999 4574 oi
1044 4518 1113 4572 τὰ
1143 4519 1233 4571 ὐπ’
1282 4515 1440 4570 αὐτοῦ
1479 4518 1821 4591 μεμισημένα

278 4617 623 4689 πράττοντες.
651 4611 833 4665 Ταῦτα
874 4612 969 4681 μὲν
996 4603 1089 4662 οὖν
1128 4606 1247 4665 καθ’
1280 4606 1373 4659 ἐνα
1411 4602 1642 4675 λελέχθω
1696 4608 1818 4678 τρό-

1931 2085 2107 2154 ignem
2136 2085 2396 2160 ipsorum,
2420 2097 2527 2152 quo
2557 2082 2764 2136 animas
2794 2082 3075 2160 hominum
3098 2082 3475 2146 incendebant.

1929 2157 2179 2229 restinxit
2208 2193 2221 2228 :
2251 2189 2359 2244 quo
2385 2174 2669 2239 restincto,
2710 2170 2953 2228 ascendit
2993 2157 3190 2230 fumus.
3231 2174 3335 2230 Sed
3361 2175 3478 2245 ipse

1929 2264 2111 2319 fumus
2163 2279 2286 2318 cum
2336 2265 2473 2334 ignis
2512 2278 2621 2318 non
2672 2264 2867 2327 subsit,
2910 2279 3008 2318 nec
3047 2264 3242 2319 habeat
3278 2266 3334 2319 in
3371 2282 3479 2337 quo

1930 2355 2213 2419 subsistat,
2254 2355 2454 2410 deﬁcit.
2514 2355 2653 2422 Quia
2699 2370 2825 2410 vero
2863 2354 3005 2411 Deus
3038 2358 3129 2410 lux
3156 2365 3256 2424 est,
3307 2366 3361 2412 et
3400 2366 3479 2413 te-

1928 2444 2110 2500 nebrae
2146 2445 2292 2500 ineo
2320 2460 2429 2499 non
2469 2453 2597 2501 sunt
2639 2446 2781 2510 ullae,
2816 2445 2932 2500 haec
2980 2446 3072 2499 lux
3123 2446 3310 2502 amicis
3364 2447 3480 2503 suis

1934 2536 2228 2605 sapientia,
2282 2536 2520 2593 scientiae
2567 2544 2621 2590 et
2662 2536 2905 2591 veritatis
2938 2537 3121 2592 radios
3158 2538 3371 2600 emittit,
3407 2539 3480 2592 ita

1930 2635 1988 2680 ut
2012 2627 2192 2681 dicant
2221 2644 2235 2679 :
2277 2645 2295 2677 ι
2327 2626 2607 2696 Signatum
2649 2639 2733 2682 est
2777 2643 2939 2697 super
2968 2644 3067 2684 nos
3093 2629 3273 2684 lumen
3303 2631 3481 2687 vultus

1931 2718 2029 2780 tui.
2064 2716 2288 2791 Domine
2310 2716 2390 2783 ";
2423 2735 2442 2767 ι
2476 2716 2711 2772 inimicis
2742 2726 2920 2771 autem
2956 2720 3070 2773 suis
3093 2734 3253 2787 supra
3277 2724 3483 2775 memo-

1930 2812 2063 2865 ratis
2090 2796 2228 2880 ignis
2256 2823 2579 2863 consumens
2603 2816 2705 2862 est.
2759 2808 2937 2873 Quare
2960 2810 3085 2862 alibi
3114 2810 3314 2863 dictum
3346 2818 3430 2864 est
3463 2829 3477 2865 :

1935 2920 1955 2953 ι
1993 2901 2133 2969 Ignis
2159 2900 2213 2953 in
2236 2907 2530 2968 conspectu
2569 2898 2687 2966 ejus
2720 2896 3054 2961 exardescet,
3081 2906 3133 2953 et
3164 2898 3217 2952 in
3248 2900 3479 2965 circuitu

1931 2991 2049 3061 ejus
2087 2998 2374 3059 tempestas
2402 2988 2578 3042 valida
2602 2989 2654 3053 ¹;
2702 3006 2720 3039 ι
2754 2995 2808 3042 et
2839 3006 2852 3041 :
2883 3006 2901 3037 ‹
2931 2986 3072 3057 Ignis
3110 2988 3163 3041 in
3187 2995 3480 3057 conspectu

1932 3084 2050 3152 ejus
2106 3080 2439 3146 exardescet,
2474 3089 2526 3135 et
2576 3076 2925 3133 inﬂammahit
2980 3092 3168 3132 omnes
3225 3078 3473 3132 inimicos

1931 3169 2049 3236 ejus
2070 3152 2143 3222 ’.ι
2185 3168 2244 3222 ln
2284 3168 2533 3239 praesenti
2561 3182 2773 3237 quoque
2797 3166 3000 3221 inimici
3035 3167 3152 3236 ejus
3176 3182 3282 3221 non
3322 3166 3481 3220 modo

1934 3267 1993 3312 ut
2021 3258 2198 3314 fumus
2225 3258 2475 3321 deiicere,
2500 3258 2594 3313 sed
2625 3257 2766 3314 sicut
2789 3256 2904 3311 ﬂuit
2933 3272 3057 3312 cera
3088 3273 3117 3312 a
3152 3257 3286 3313 facie
3317 3258 3479 3328 ignis,

1930 3349 2005 3403 ita
2030 3356 2083 3404 et
2112 3349 2229 3418 ipsi
2274 3348 2576 3418 liquescere
2604 3348 2879 3403 dicuntur.
2936 3347 3201 3413 Quoniam
3234 3350 3332 3418 ipsi
3361 3351 3482 3404 Sese

1928 3439 2176 3494 inimicos
2202 3436 2295 3493 Dei
2324 3439 2740 3492 constituerunt.
2807 3434 2949 3517 Deus
2978 3438 3123 3491 enim
3155 3441 3335 3492 omnia
3362 3454 3482 3509 quae

1928 3538 2055 3586 sunt
2092 3538 2267 3595 amat,
2310 3538 2364 3585 et
2407 3529 2540 3584 nihil
2580 3527 2691 3582 odit
2736 3541 2923 3581 eorum
2951 3542 3071 3597 qua:
3110 3525 3235 3581 fecit
3264 3548 3277 3583 :
3306 3545 3480 3598 neque
3546 3588 3550 3593 ,

1892 3617 1896 3621 ’
1927 3622 2070 3678 enim
2112 3621 2314 3691 aliquid
2359 3619 2600 3676 condidit
2633 3617 2778 3688 quod
2804 3602 3004 3672 odisset
3030 3635 3046 3683 ;
3078 3632 3249 3686 quare
3278 3619 3479 3675 nullius

1930 3710 2184 3765 inimicus
2216 3710 2331 3778 ipse
2356 3717 2459 3764 est.
2532 3706 2635 3773 Qui
2662 3722 2790 3762 vero
2816 3721 2932 3788 sese
2965 3704 3031 3758 ab
3060 3702 3175 3774 ipso
3201 3694 3366 3774 longe
3392 3721 3480 3784 re.

1927 3812 2162 3865 movent,
2205 3802 2483 3870 ipsiusque
2508 3816 2575 3854 se
2609 3800 2857 3853 inimicos
2885 3794 3140 3860 elliciunt,
3182 3796 3477 3867 perniciem

1927 3890 2030 3945 sibi
2053 3891 2350 3956 attrahunt,
2385 3892 2458 3944 ita
2489 3886 2546 3943 ut
2572 3879 2785 3943 dicatur
2819 3905 2833 3941 :
2873 3886 3038 3952 «Quia
3056 3902 3182 3942 ecce
3210 3888 3300 3956 qui
3327 3888 3478 3942 elon-

1925 3990 2052 4052 gant
2082 3995 2140 4035 se
2176 3995 2206 4032 a
2247 3987 2320 4043 te,
2344 3980 2662 4049 peribunt'.
2694 3998 2711 4029 ι
2745 3978 2834 4031 Sic
2863 3984 3040 4031 autem
3068 3972 3121 4031 et
3151 3975 3317 4031 Deum
3345 3976 3477 4032 ode-

1926 4080 2073 4139 runt,
2123 4070 2217 4141 qui
2258 4070 2454 4140 peresa
2494 4069 2957 4139 ipsi'perpetrant.
3010 4065 3338 4138 Ilzecigitur
3366 4084 3476 4125 uno

1927 4165 2086 4219 modo
2134 4163 2295 4217 dicta.
2327 4160 2544 4215 fuerint.
2603 4146 2742 4217 Cum
2788 4175 2951 4236 porro
2977 4160 3155 4215 omnis
3198 4146 3476 4229 prophetia

1925 4248 2233 4325 evangelica
2255 4254 2347 4319 sit,
2388 4253 2703 4308 consideres
2729 4253 2890 4308 velim
2914 4268 3044 4308 num
3076 4252 3189 4305 haec
3217 4250 3283 4304 ad
3308 4249 3477 4304 Deum
3522 4248 3523 4251 “

1926 4344 2160 4417 Verbum
2188 4342 2511 4407 referantur,
2551 4342 2697 4413 quod
2737 4341 2951 4412 quidem
2995 4341 3121 4395 olim
3167 4341 3221 4393 in
3252 4348 3478 4409 paterno

1926 4422 2049 4492 sinu
2094 4434 2464 4506 requiescehat
2496 4442 2526 4488 ‘:
2552 4452 2595 4486 -ι
2623 4433 2683 4488 In
2731 4432 2997 4504 principio
3034 4452 3053 4483 ι
3102 4432 3246 4509 enim
3300 4447 3321 4479 ι
3356 4430 3487 4509 erati1
3520 4440 3521 4443 ‘

1930 4496 2187 4591 Verbum:
2215 4532 2269 4581 et
2296 4523 2529 4580 Verbum
2556 4531 2674 4579 erat
2720 4496 2862 4604 apud
2892 4496 3079 4585 Deum,
3110 4525 3163 4575 et
3192 4506 3333 4604 Deus
3358 4496 3487 4573 (πασέ

1925 4607 2163 4672 Verbum
2191 4616 2231 4668 ⁸.
2273 4633 2292 4666 ι
2331 4614 2396 4668 Ει
2445 4633 2459 4669 :
2512 4611 2673 4666 (Hoc
2731 4602 2957 4665 eratin
3010 4602 3274 4680 principio
3330 4607 3474 4678 apud

442 4705 594 4760 Ἐπεὶ
640 4703 695 4758 δέ
740 4705 774 4774 ἡ
815 4703 961 4755 πᾶσα
1002 4697 1301 4772 προφητεία
1330 4696 1652 4768 εὐαγγελικὴ
1696 4716 1823 4768 τυγ-
1851 4700 1896 4754 It

1928 4706 2091 4761 Deum
2115 4707 2156 4769 ',
2178 4725 2200 4755 ι
2229 4706 2404 4775 ipsum
2430 4711 2547 4758 erat
2566 4685 2882 4772 Unigenitus
2908 4699 3022 4765 Dei,
3049 4700 3244 4769 quiest
3270 4698 3325 4753 in
3349 4699 3475 4753 sinu

274 4800 446 4871 χάνει,
478 4797 574 4851 θέα
613 4799 815 4867 μήποτε
843 4793 1013 4847 ταῦτα
1044 4794 1122 4855 είς
1158 4792 1247 4845 τὸν
1270 4789 1399 4843 Θεὸν
1428 4789 1597 4856 Λόγον
1622 4791 1819 4860 ἀναφέ-

278 4907 447 4959 ρεται,
474 4889 533 4953 ὃς
562 4884 629 4960 ἦν
661 4886 757 4958 μὲν
803 4884 967 4939 πάλαι
1006 4886 1064 4938 ἐν
1098 4885 1208 4946 τοῖς
1236 4880 1451 4943 κόλποις
1481 4880 1821 4951 ἀναπαυόμε-

274 4996 360 5043 νος
387 4978 479 5032 τοῦ
500 4978 728 5053 Πατρός
767 4997 787 5029 ι
824 4977 912 5030 Ἐν
943 4976 1113 5047 ἀρχῇ)
1142 4974 1247 5043 γὰρ
1279 4966 1373 5043 (ἦν
1394 4973 1424 5023 6
1452 4972 1651 5039 Λόγοςν
1671 4971 1764 5024 καὶ
1795 4973 1823 5023 6

273 5071 444 5137 Λόγος
469 5064 536 5139 ἦν
565 5068 697 5140 πρὸς
725 5062 813 5124 τὸν
847 5067 998 5130 Θεὸν,
1024 5066 1118 5120 καὶ
1143 5063 1271 5127 Θεὸς
1296 5058 1362 5133 ἦν
1392 5065 1419 5115 ὁ
1448 5062 1667 5130 Λόγος.)
1693 5062 1817 5115 Καί·

277 5151 473 5223 (οὗτος
494 5154 562 5229 ἦν
591 5160 648 5211 ἐν
671 5142 811 5230 ἀρχῇ
847 5156 982 5229 πρὸς
1000 5156 1091 5209 τὸν
1121 5154 1270 5220 Θεὸν,
1306 5174 1325 5206 ι
1366 5153 1525 5226 αὒτὸς
1555 5149 1622 5223 ἦν
1648 5153 1677 5204 6
1703 5153 1817 5206 Mo-

273 5244 492 5315 νογενὴς
534 5244 627 5298 τοῦ
669 5244 803 5299 Θεοῦ
838 5247 870 5297 6
899 5242 975 5299 ὥν
999 5245 1079 5307 είς
1114 5244 1203 5297 τὸν
1240 5242 1434 5297 κόλπον
1461 5239 1554 5294 τοῦ
1588 5240 1814 5314 Πατρός.
1840 5278 1843 5279 ν

282 5336 432 5392 Ἐπεὶ
463 5335 520 5389 δὲ
547 5335 759 5406 μορφὴν
782 5334 967 5388 δούλου
988 5333 1185 5396 λαὸὼν,
1210 5334 1303 5388 καὶ
1326 5334 1557 5405 σχήματι
1581 5330 1819 5403 εὑρεθεὶς

273 5432 345 5495 ὡς
376 5426 673 5498 ἄνθρωπος,
697 5425 1054 5479 ἐταπείνωσεν
1075 5424 1263 5479 ἑαυτὸν
1298 5422 1455 5497 μέχρι
1487 5422 1734 5499 θανάτου,
1760 5423 1819 5477 τὸ

274 5522 493 5594 Πνεῦμα
520 5520 581 5574 τὸ
618 5521 769 5588 ἅγιον
804 5503 1024 5582 εἰκότως
1052 5517 1151 5589 τὴν
1190 5517 1478 5573 ἀνάστασιν
1521 5514 1681 5569 αὑτοῦ
1733 5515 1818 5570 θε-

272 5614 450 5679 σπίζει
477 5612 648 5683 λέγον·
668 5628 687 5662 ι
710 5610 1015 5681 ’Δναστήτω
1037 5610 1067 5662 6
1098 5609 1249 5676 Θεὸς,
1285 5611 1377 5665 καὶ
1403 5595 1817 5680 διασκορπισθή-

1924 4797 2120 4851 Patris.
2170 4795 2320 4861 ,Quia
2357 4809 2484 4849 vero
2515 4791 2742 4847 formam
2774 4792 2921 4859 servi~
2948 4782 3220 4864 accipiens
3239 4806 3259 4856 ,‘
3288 4799 3341 4851 et
3372 4790 3477 4843 ha-
3518 4820 3533 4826 --

1924 4890 2039 4943 hitu
2066 4887 2316 4942 inventus
2334 4893 2393 4939 ut
2417 4886 2597 4949 homo,
2610 4884 3273 4956 humiliavitsemetipsum
3302 4896 3474 4952 usque

1926 4978 1993 5032 ad
2017 4984 2276 5042 mortem;
2304 4976 2426 5044 jure
2448 4974 2692 5046 Spiritus
2720 4985 2943 5032 sanctus
2970 4974 3091 5045 ejus
3117 4972 3473 5029 resurrectio-

1925 5085 2045 5124 nem
2092 5067 2415 5121 vaticinatur
2462 5066 2672 5131 dicens,
2714 5084 2734 5118 ‹
2771 5066 3038 5135 Exsurgat
3062 5064 3204 5121 Deus
3232 5072 3287 5130 et
3310 5062 3473 5118 dissie

1923 5160 2115 5225 pentur
2160 5152 2365 5207 inimici
2398 5170 2412 5205 :
2453 5171 2473 5205 ι
2514 5153 2605 5208 ubi
2651 5168 2749 5223 per
2789 5153 2956 5217 illud,
3012 5170 3032 5204 ι
3065 5151 3243 5216 Deus.
3274 5170 3295 5202 ι
3329 5143 3471 5205 Deus

1924 5244 2154 5300 Verbum
2183 5236 2539 5314 intelligitur.
2565 5244 2672 5298 Aut
2712 5242 2887 5297 oratio
2924 5241 3015 5296 illa
3035 5243 3103 5299 de
3130 5241 3346 5298 Christo
3363 5237 3471 5293 hoc

1924 5335 2145 5408 profert.
2203 5352 2222 5384 ι
2259 5331 2561 5407 Exsurgat,
2592 5353 2613 5387 ι
2647 5341 2703 5390 et
2755 5335 2823 5390 ad
2872 5335 3245 5411 universorum
3299 5330 3470 5385 Deum

1923 5427 2214 5493 emittitur;
2254 5427 2342 5480 ita
2393 5436 2457 5482 ut
2499 5425 2665 5492 illud,
2707 5446 2726 5479 ι
2760 5427 2921 5494 Deus,
2948 5434 2975 5480 ι
3010 5427 3094 5485 sic
3122 5423 3419 5499 accipiatur
3450 5438 3468 5475 :

1923 5518 1967 5573 Ο
1999 5517 2161 5579 Deus,
2196 5525 2453 5589 exsurgat
2479 5516 2729 5574 Christus
2755 5525 2903 5587 tuus,
2933 5528 2987 5575 et
3006 5512 3333 5585 dissipentur
3361 5508 3469 5568 ini-

1923 5607 2211 5679 miciejus.
2271 5606 2591 5688 Congregati
2643 5625 2873 5682 namque
2916 5614 3050 5664 sunt
3101 5604 3304 5661 inimici
3347 5604 3472 5675 eius

298 5804 302 5808 '
340 5795 383 5827 "
406 5792 451 5847 II
485 5791 611 5849 Cor.
638 5756 718 5859 xl,
753 5789 839 5845 ιι.
912 5760 960 5821 δ’
981 5764 1125 5859 Psal.
1159 5804 1293 5855 mi,
1332 5789 1385 5845 9.
1461 5787 1668 5846 "Psal.
1712 5782 1786 5855 iv,
1817 5787 1868 5842 7.

1948 5786 2130 5843 'Psal.
2176 5802 2323 5853 κως,
2359 5790 2411 5845 5.
2513 5793 2532 5822 ²
2560 5787 2705 5849 Psal.
2758 5804 2900 5853 xcw,
2947 5788 3000 5842 5.
3075 5758 3260 5842 ³Ρεα1.
3294 5794 3468 5855 um.

270 5863 356 5919 £7.
432 5864 453 5896 ⁸
480 5860 637 5918 Joan.
668 5858 786 5928 1,1.
862 5863 882 5895 '
905 5858 1037 5913 ibid.
1068 5859 1147 5917 2..

582 5958 843 6018 Ριτιιοι..
903 5954 1019 6018 Gn.
1072 5950 1309 6013 XXIII.

2967 5942 3044 6003 2'2
