4300 6416
734 493 839 548 683

1412 495 1683 553 EUSEBII
1726 492 2214 550 CESARIENSIS
2255 490 2407 547 OPP.
2448 490 2628 546 PARS
2667 490 2750 545 Ill.
2792 522 2861 534 —
2899 490 3307 548 EXEGETICA.

3888 496 3995 551 681

737 621 978 679 tempore
1030 610 1301 679 passionis
1356 609 1562 679 ipsius,
1618 608 1839 679 quando
1909 627 1926 658 ι
1969 607 2306 661 fremuerunt
2339 607 2435 665 Ατ

2297 614 2306 658 t
2339 607 2382 665 Α
2410 620 2590 657 τωσαν
2613 606 2662 655 οἱ
2691 603 2872 675 ἐχθροὶ
2897 595 3078 657 αὐτοῦ’
3095 623 3113 655 ι
3147 602 3281 656 Θεοῦ
3304 605 3595 674 νοουμένου
3617 605 3709 659 τοῦ
3731 606 3864 660 Θεοῦ
3888 610 3995 662 Λό-

733 708 942 770 gentes,
989 711 1041 756 et
1088 701 1271 772 populi
1302 701 1546 755 meditati
1582 709 1709 755 sunt
1746 701 1949 754 inania.
2002 700 2306 754 Astiterunt

732 805 904 859 reges,
941 799 995 846 et
1044 791 1317 862 principes
1348 777 1720 864 convenerunt
1752 791 1806 844 in
1837 805 2007 844 unum
2041 790 2305 844 adversus

731 877 1015 934 Dominum
1033 889 1088 935 et
1105 880 1369 936 adversus
1393 881 1673 935 Christum
1705 881 1824 948 ejus
1840 879 1879 934 '.
1895 898 1913 930 ι
1937 878 2114 934 Hosce
2141 892 2305 948 porro

729 985 918 1024 omnes
954 971 1286 1025 resurrectio
1331 969 1536 1024 Christi
1586 985 1654 1024 ex
1705 969 1936 1023 mortuis
1966 967 2252 1038 dissipavit
2289 986 2300 1020 :

729 1071 965 1130 tuncque
1013 1059 1332 1115 defecerunt
1367 1069 1426 1111 ut
1457 1059 1640 1113 deﬁcit
1671 1057 1877 1122 fumus,
1909 1065 1966 1114 et
1995 1059 2136 1112 sicut
2189 1056 2306 1109 ﬂuit

727 1167 853 1207 cera
887 1167 916 1206 a
954 1151 1092 1206 facie
1143 1152 1302 1223 ignis.
1375 1149 1530 1205 Hunc
1564 1166 1698 1206 sane
1720 1151 1999 1205 Christum
2041 1149 2131 1204 Dei
2179 1149 2306 1202 odio

694 1234 1058 1306 habuerunt,
1111 1256 1172 1296 ac
1217 1241 1514 1294 etiamnum
1564 1240 1818 1305 oderunt,
1855 1240 1946 1310 qui
1996 1238 2306 1307 frequenter

726 1336 892 1406 impia
922 1335 1088 1399 dicta,
1113 1335 1358 1390 convicia
1389 1345 1441 1388 et
1461 1334 1776 1404 blasphema
1806 1335 1970 1388 verba
1999 1332 2302 1402 proferunt,

724 1427 848 1496 ejus
870 1426 1171 1483 Ecclesiam
1201 1437 1517 1498 oppugnant
1547 1442 1610 1482 ac
1641 1426 1944 1481 doctrinam
1969 1426 2307 1479 calumnian-

725 1528 837 1574 tur.
868 1518 1001 1572 Nam
1033 1520 1168 1575 alias
1194 1520 1373 1574 nullos
1411 1519 1653 1589 reperire
1683 1526 1768 1574 est
1794 1519 1890 1589 qui
1923 1519 2304 1574 universorum

728 1610 896 1665 Deum
929 1610 1180 1677 oderint;
1213 1626 1388 1680 neque
1422 1609 1565 1665 enim
1598 1610 1702 1680 ipsi
1735 1610 1880 1665 atbei
1909 1616 1962 1665 et
1988 1609 2172 1680 impii,
2206 1625 2302 1664 ne-

2410 713 2528 764 γου.
2553 695 2622 748 Ἦ
2651 697 2748 766 τῆς
2777 697 2941 766 εὐχῆς
2977 697 3104 766 περὶ
3133 695 3232 767 μέν
3254 682 3351 748 τοῦ
3379 697 3612 766 Χριστοῦ
3637 698 3994 770 λετούσηςτὸ.

2416 807 2433 840 ι
2460 789 2764 858 Ἀναστήτω
2783 812 2801 851 ,·
2822 807 2838 838 ι
2861 788 2992 858 πρὸς
3003 787 3060 841 δέ
3077 787 3166 841 τὸν
3183 787 3317 840 Θεὸν
3332 787 3437 839 τῶν
3455 787 3588 841 ὅλων
3602 789 3996 860 ἀναπεμπομέ-

2410 898 2526 950 νης”
2549 875 2656 954 ῖν“ᾗ
2670 881 2751 944 τὸ,
2769 899 2786 930 ι
2808 881 2834 932 ὁ
2852 880 3002 942 Θεὸς,
3017 899 3035 930 ι
3056 879 3299 942 ἀντὶτοῦ,
3316 872 3366 937 ,ὦ
3379 879 3498 940 Θεέ,
3518 880 3799 951 ἀναστήτω
3812 882 3840 932 ὁ
3856 883 3996 952 Χρι-

2413 974 2534 1035 στός
2547 990 2660 1037 σου,
2675 973 2769 1026 xui
2783 972 3356 1043 διασκορπισθήτωσαν
3386 974 3434 1023 οἱ
3452 971 3634 1042 ἐχθροὶ
3649 971 3836 1025 αὑτοῦ.
3864 973 3995 1025 Συν-

2409 1065 2650 1136 ήχθησαν
2690 1066 2786 1136 μὲν
2803 1065 2909 1135 γὰρ
2939 1067 2986 1117 οἱ
3009 1064 3192 1134 ἐχθροὶ⁸
3207 1063 3371 1117 αὐτοῦ
3403 1063 3541 1117 κατὰ
3556 1065 3643 1118 τὸν
3660 1063 3752 1117 τοῦ
3787 1064 3994 1129 πάθους

2410 1150 2574 1203 αὑτοῦ
2593 1151 2802 1220 καιρὸν,
2834 1151 3068 1221 ὁπηνίκα
3086 1172 3102 1202 ι
3134 1149 3409 1221 ἐφρύαξαν
3444 1151 3590 1222 ἔθνη,
3609 1153 3703 1205 xui
3730 1152 3847 1206 λαοὶ
3864 1155 3995 1223 ἐμε-

2408 1239 2641 1309 λέτησαν
2666 1240 2816 1292 κενά.
2837 1241 2919 1292 Πα
2929 1240 3257 1310 ρέστησανρί,
3284 1240 3521 1311 βασιλεῖς
3545 1244 3639 1296 καὶ
3656 1246 3704 1296 oi
3732 1244 3994 1314 ἄρχοντες

2411 1330 2752 1402 συνήχθησαν
2769 1332 2859 1384 ἐπὶ
2879 1333 2940 1384 τὸ
2964 1332 3094 1384 αὐτὸ
3113 1333 3254 1386 κατὰ
3282 1333 3374 1386 τοῦ
3394 1334 3600 1406 Κυρίου
3627 1340 3719 1388 καὶ
3735 1335 3873 1388 κατά
3895 1335 3991 1388 τοῦ

2408 1423 2645 1494 Χριστοῦ
2663 1423 2846 1477 αὑτοῦ.
2863 1443 2880 1474 ι
2904 1424 3125 1478 Πάντων
3143 1426 3198 1479 δέ
3213 1425 3415 1480 τούτων
3432 1427 3859 1498 διασκορπισμὺν
3875 1429 3908 1499 ἡ
3923 1429 3992 1480 ἐκ

2407 1516 2615 1587 νεκρῶν
2634 1517 2925 1579 ἀνάστασις
2940 1516 3031 1569 τοῦ
3045 1518 3280 1588 Χριστοῦ
3307 1520 3726 1590 κατειργάσατο’
3744 1519 3992 1586 ἐξέλιπόν

2406 1627 2465 1663 τε
2475 1610 2549 1673 ὡς
2561 1610 2799 1662 ἐκλείπει
2815 1610 3040 1674 καπνὸς,
3056 1611 3146 1663 καὶ
3162 1611 3237 1675 ὼς
3253 1611 3483 1683 τήκεται
3506 1611 3673 1682 κηρὸς
3696 1613 3805 1666 ἀπὸ
3821 1629 3993 1685 προσ-

725 1719 831 1772 que
865 1703 1084 1772 maligni
1111 1704 1404 1767 daemones,
1448 1717 1625 1773 neque
1656 1702 1856 1772 impuri
1888 1703 2113 1772 spiritus
2143 1701 2198 1756 id
2224 1702 2308 1755 di-
2407 1721 2423 1754 ι

2290 1731 2308 1741 -
2407 1701 2557 1756 ὡπου
2593 1705 2784 1775 πυρός.
2819 1705 2927 1757 Καὶ
2969 1703 3155 1756 τοῦτόν
3188 1722 3250 1772 γε
3297 1705 3390 1758 τὸν
3452 1705 3684 1776 Χριστὸν
3724 1703 3818 1759 τοῦ
3851 1705 3988 1760 Θεοῦ

723 1793 922 1847 xerint.
957 1795 1024 1844 At
1051 1793 1329 1850 Christum
1362 1793 1455 1848 Dei
1487 1808 1545 1848 se
1568 1792 1694 1847 odio
1726 1792 1928 1847 habere
1958 1801 2142 1863 aperte
2176 1809 2306 1864 pro-
2409 1797 2421 1847 ἐ

2289 1823 2306 1833 -
2409 1795 2694 1866 ἐμίσησαν,
2729 1796 2946 1866 μισοῦσί
2982 1813 3041 1849 τε
3075 1797 3240 1850 εἰσέτι
3269 1799 3361 1850 xui
3391 1797 3508 1863 νῦν,
3538 1799 3586 1850 οἱ
3619 1798 3859 1868 συνεχῶς
3885 1800 3987 1852 αὐ·-

727 1884 967 1949 litentur,
1010 1884 1199 1955 primo
1251 1885 1287 1938 ii
1339 1885 1406 1941 de
1439 1887 1640 1956 quibus
1665 1887 1780 1956 ipse
1816 1903 1911 1957 per
1963 1886 2304 1956 prophetiam
2337 1957 2368 1963 _
2409 1905 2425 1938 ιτ

2291 1901 2304 1938 I
2337 1957 2368 1963 _
2409 1886 2498 1939 τὸν
2533 1887 2709 1950 ἀθέοις
2740 1888 2917 1957 λόγοις
2951 1888 3044 1941 και
3082 1870 3367 1963 λοιδορίαις
3399 1889 3864 1960 βλασφημοῦντες,
3890 1893 3989 1963 τήν

723 1979 796 2031 ita
829 1977 973 2032 fatur
1016 1998 1030 2032 :
1088 1996 1106 2028 ι
1159 1975 1348 2031 Locuti
1392 1987 1519 2032 sunt
1557 1979 1842 2033 adversum
1870 1994 1956 2034 me
1997 1981 2178 2047 lingua
2207 1976 2307 2030 do-
2337 1957 2421 2027 Βῆ

2291 2005 2307 2017 -
2337 1957 2378 2014 Β
2405 1993 2465 2030 τε
2509 1977 2832 2049 Ἐκκλησίαν
2862 1979 3024 2032 αὑτοῦ
3059 1957 3441 2050 πολεμοῦντες,
3485 1957 3578 2035 καὶ
3600 1957 3707 2053 τὴν
3737 1957 3989 2037 διδασκα-

722 2070 835 2122 losa
854 2108 869 2133 ,
902 2077 956 2123 et
985 2066 1331 2122 sermonibus
1360 2061 1470 2118 odii
1499 2061 1970 2121 circumdederunt
2002 2079 2106 2127 me,
2125 2070 2187 2139 et.
2209 2080 2296 2120 οι·
2407 2067 2420 2119 1

2291 2094 2296 2104 ι
2407 2067 2525 2121 λίαν
2547 2069 2937 2134 διαϐάλλοντες.
2990 2072 3197 2136 Ἄλλως
3229 2072 3336 2144 γὰρ
3363 2073 3455 2126 τὸν
3488 2076 3580 2127 ἐπὶ
3603 2075 3822 2128 πάντων
3854 2075 3989 2128 Θὼν

722 2165 1099 2230 pugnaverunt
1126 2173 1211 2212 me
1236 2156 1424 2227 gratis.
1457 2155 1564 2212 Pro
1586 2172 1651 2212 eo
1675 2165 1734 2212 ut
1756 2173 1841 2214 me
1863 2157 2172 2228 diligerent,
2203 2156 2302 2211 de-
2405 2171 2420 2206 ι

2289 2185 2302 2195 -
2405 2155 2503 2210 οὐκ
2552 2155 2618 2212 ἂν
2678 2158 2826 2229 εὖροι
2878 2159 3169 2228 μισοῦντάς
3212 2177 3385 2225 τινας⁶
3430 2163 3549 2216 οὐδὲ
3587 2164 3695 2235 γὰρ
3740 2167 3893 2218 αὐτοὶ
3935 2166 3987 2219 οἱ

720 2252 1011 2306 trahebant
1055 2250 1208 2304 mihi.
1272 2249 1336 2303 Et
1386 2259 1687 2320 posuerunt
1719 2250 2006 2306 adversum
2041 2265 2127 2304 me
2160 2250 2302 2304 mala
2405 2249 2418 2302 ί

2287 2265 2302 2304 ι
2405 2247 2549 2302 ἄθεοι
2585 2251 2679 2303 καὶ
2710 2251 3007 2315 δυσσεϐεῖς·
3049 2253 3172 2305 ἀλλ’
3220 2254 3342 2306 οὐδὲ
3369 2257 3418 2307 οἱ
3451 2238 3674 2326 πονηροὶ
3711 2257 3985 2326 δαίμονες,

719 2359 820 2414 pro
847 2344 1029 2408 bonis,
1073 2350 1126 2397 et
1156 2343 1339 2398 odium
1368 2359 1466 2414 pro
1500 2343 1792 2399 dilectione
1821 2345 2014 2410 mea";
2053 2362 2071 2393 ι
2108 2343 2302 2398 deinde
2403 2355 2417 2390 ε

2287 2359 2302 2398 3
2403 2338 2522 2391 οὐδὲ
2546 2339 2613 2391 τὰ
2644 2339 2930 2411 ἀκάθαρτα
2960 2340 3245 2411 πνεύματα
3272 2341 3416 2394 τοῦτ’
3446 2342 3512 2396 ἂν
3542 2343 3765 2397 εἴποιεν.
3797 2344 3900 2397 Τὸν
3926 2344 3985 2397 δὲ

719 2435 813 2504 qui
846 2441 970 2504 post
999 2433 1123 2490 illos
1153 2435 1316 2489 etiam
1344 2425 1500 2490 nunc
1534 2435 1590 2489 in
1632 2435 1810 2506 ipsum
1851 2436 2164 2507 blasphema
2211 2436 2298 2490 di-
2400 2430 2417 2482 1

2287 2465 2298 2477 .
2400 2430 2634 2503 Χριστὸν
2662 2431 2752 2483 τοῦ
2796 2431 2930 2484 Θεοῦ
2969 2431 3417 2502 ὁμολογουμένως
3442 2433 3732 2503 ἐμίσησαν·
3779 2434 3985 2504 πρῶτοι

721 2532 810 2580 cta
857 2525 1162 2596 proferunt.
1223 2525 1489 2582 Caeterum
1536 2541 1726 2581 omnes
1778 2526 1983 2586 inimici
2036 2527 2190 2598 ejus,
2245 2536 2298 2583 et
2404 2540 2419 2592 ε

2284 2536 2298 2582 ι
2404 2523 2500 2592 μὲν
2552 2524 2770 2587 ἐκεῖνοι,
2796 2524 2925 2595 περὶ
2954 2515 3027 2576 ὧν
3053 2524 3213 2587 αὐτὸς
3240 2523 3328 2576 διὰ
3357 2524 3455 2595 τῆς
3483 2525 3822 2597 προφητείας
3846 2525 3982 2594 ἐφα-

717 2617 812 2687 qui
873 2617 1107 2672 oderunt
1167 2632 1290 2671 eum
1351 2618 1601 2688 dissipati
1661 2625 1790 2673 sunt
1834 2618 2225 2689 letlugerunt
2265 2635 2296 2674 ει
2401 2632 2415 2666 <

2288 2640 2296 2674 ι
2401 2631 2547 2667 σκεν·
2602 2635 2618 2666 ι
2670 2615 2964 2685 Ἐλάλησαν
2998 2615 3117 2669 κατ’
3152 2615 3285 2686 ἐμοῦ
3316 2615 3535 2689 γλώσσῃ
3572 2617 3739 2688 δολία,
3773 2618 3865 2670 xui
3905 2616 3986 2670 λό-

719 2709 861 2766 facie
908 2711 1130 2766 virtutis
1159 2713 1301 2782 ejus,
1344 2707 1770 2781 'del‘eceruntque
1820 2710 1961 2766 sicut
1993 2711 2174 2767 deficit
2207 2713 2295 2768 fu-
2398 2724 2417 2775 ἰ

2283 2745 2295 2758 .
2398 2724 2514 2775 γοις
2538 2707 2727 2778 μίσους
2742 2707 3057 2762 ἐκύκλωσάν
3078 2725 3164 2779 με,
3185 2708 3279 2761 xui
3296 2707 3641 2780 ἐπολέμησάν
3661 2725 3727 2778 με
3751 2708 3981 2778 δωρεάν.

717 2817 878 2870 mus,
911 2812 967 2859 et
1010 2805 1152 2860 sicut
1190 2803 1307 2863 ﬂuit
1337 2819 1462 2860 cera
1508 2819 1537 2856 a
1587 2803 1727 2859 facie
1760 2804 1923 2876 ignis.
1978 2803 2150 2860 Nemo
2193 2807 2295 2877 igi-
2410 2799 2415 2810 ”

2283 2836 2295 2847 .
2410 2799 2553 2852 Ἀντὶ
2578 2798 2672 2852 τοῦ
2707 2800 2926 2871 ἀγαπᾷν
2945 2817 3010 2871 με
3039 2801 3372 2854 ἐνδιέϐαλλόν
3410 2819 3494 2872 με.
3528 2801 3831 2855 Καὶέθεντο
3860 2804 3981 2855 κατ’

715 2907 808 2954 tur
831 2915 899 2954 ex
931 2900 1243 2955 odientibus
1272 2915 1396 2954 eum
1431 2900 1653 2969 impune
1682 2915 1928 2970 unquam
1959 2910 2026 2956 ex
2056 2902 2158 2954 hac
2181 2899 2293 2955 vita
2396 2891 2413 2941 ἒ

2283 2920 2293 2954 ι
2396 2890 2529 2961 ἐμοῦ
2546 2891 2690 2944 κακὰ
2717 2892 2836 2944 ἀντὶ
2849 2891 3088 2960 ἀγαθῶν,
3110 2881 3202 2947 xui
3221 2896 3372 2964 μῖσος
3385 2893 3504 2947 ἀντὶ
3530 2895 3627 2964 τῆς
3648 2892 3981 2964 ἀγαπήσεώς

716 2989 989 3062 migravit.
1018 2990 1123 3048 Sed
1155 2991 1627 3062 etiam'principcs
1663 2992 2031 3058 sacerdotum,
2064 2991 2290 3060 Scribat,

714 3082 979 3140 Pharisaei
1013 3091 1068 3139 et
1098 3084 1408 3148 Sadducaei,
1440 3085 1535 3154 qui
1559 3084 1790 3139 insidias
1828 3085 1959 3138 olim
1994 3085 2099 3154 ipsi
2131 3101 2292 3155 para-

715 3179 868 3241 runt,
902 3175 976 3229 ita
1006 3173 1347 3239 defecerunt,
1374 3182 1431 3227 ut
1467 3178 1647 3243 neque
1696 3173 1961 3228 memoria
1997 3188 2186 3228 eorum
2221 3176 2289 3231 ad

679 3272 681 3274 ’
715 3268 820 3325 hoc
838 3282 1014 3337 usque
1038 3273 1276 3335 tempus,
1313 3281 1490 3336 neque
1521 3279 1720 3320 nomen
1743 3265 1890 3334 apud
1923 3264 2140 3321 Judaeos
2169 3282 2286 3323 ser-

713 3364 891 3414 vetur.
931 3358 1086 3414 Tunc
1115 3367 1227 3413 tota
1257 3373 1446 3414 eorum
1495 3359 1646 3413 natio
1691 3358 1746 3412 in
1782 3373 1972 3415 omnes
2003 3363 2196 3430 gentes
2217 3360 2294 3414 di-

716 3467 906 3523 spersa
941 3452 1319 3524 dissipataque
1357 3459 1461 3508 est.
1496 3450 1921 3522 Insequentibus
1979 3468 2108 3509 vero
2154 3460 2291 3508 tem-

713 3546 940 3615 poribus
965 3550 1233 3616 quotqu‘ot
1258 3545 1572 3601 Ecclesiam
1619 3545 1739 3616 ejus
1777 3553 2183 3617 oppugnarunt,
2218 3545 2292 3601 si-

713 3636 917 3691 militer
938 3647 992 3692 et
1024 3637 1129 3707 ipsi
1160 3636 1477 3693 defecerunt
1501 3637 1644 3692 sicut
1667 3636 1848 3693 deﬁcit
1871 3637 2073 3702 furnus,
2101 3645 2154 3692 et
2189 3638 2292 3692 sic-

713 3737 774 3782 ut
805 3727 923 3783 ﬂuit
955 3744 1080 3783 cera
1123 3744 1151 3783 a
1207 3727 1347 3785 faeie
1380 3730 1543 3800 ignis.
1582 3729 1794 3785 Inimici
1834 3745 1966 3801 ergo
1997 3729 2203 3786 Christi
2236 3739 2289 3786 et

712 3820 806 3891 qui
843 3819 1077 3879 oderunt
1101 3836 1226 3875 eum
1254 3821 1384 3875 talia
1411 3820 1561 3891 passi
1612 3828 1774 3886 sunt;
1831 3821 2173 3890 maximeque
2204 3820 2289 3873 in-

712 3913 956 3968 visibiles
988 3922 1042 3967 et
1069 3913 1268 3967 occulti
1306 3912 1536 3976 inimici,
1585 3912 1810 3983 maligni
1843 3927 2037 3982 nempe
2085 3912 2288 3966 daemo-

713 4019 812 4059 nes
836 4012 888 4058 et
915 4005 1142 4074 spiritus
1168 4020 1426 4075 nequam,
1457 4004 1550 4074 qui
1582 4005 1711 4059 olim
1756 4005 2056 4058 multorum
2105 4004 2289 4058 numi-

711 4111 845 4150 num
878 4096 1086 4150 erroris
1109 4105 1364 4151 auctores
1398 4104 1556 4151 erant
1591 4115 1603 4150 :
1637 4096 1730 4166 qui
1765 4105 1889 4167 post
1925 4097 2290 4151 resurrectio-

713 4202 837 4242 nem
873 4203 940 4242 ex
971 4188 1220 4241 mortuis
1252 4189 1498 4257 penitus'
1525 4189 1778 4257 dissipati
1829 4196 1979 4243 sunt.
2015 4188 2290 4258 lidemque

711 4279 816 4351 ipsi
841 4280 1210 4350 liquescentes
1239 4281 1384 4334 sicut
1413 4294 1539 4334 cera
1558 4294 1586 4332 a
1610 4280 1747 4335 facie
1778 4280 1943 4350 ignis,
1977 4280 2289 4335 clamabant

709 4375 957 4430 dicentes
997 4393 1010 4429 :
1071 4392 1090 4424 ‹
1125 4372 1275 4438 Sine,
1305 4373 1437 4445 quid
1475 4373 1634 4428 nobis
1669 4381 1722 4429 et
1751 4374 1870 4438 tibi,
1897 4372 1998 4427 Fili
2033 4373 2165 4428 Dei?
2195 4389 2288 4428 ve-

708 4465 842 4523 nisti
868 4474 992 4521 ante
1020 4473 1236 4537 tempus
1266 4474 1524 4537 torquere
1556 4480 1658 4521 nos
1675 4467 1715 4522 ⁸.
1750 4484 1769 4517 ι
1805 4463 1940 4518 Nam
1965 4464 2184 4520 deitatis
2208 4465 2290 4536 ip-

708 4561 827 4617 sius
869 4559 1174 4616 invisibiles
1205 4569 1261 4615 et
1295 4559 1497 4616 occulti
1530 4558 1692 4624 radii,
1732 4566 2006 4614 tormenta
2038 4559 2287 4614 dolores-

2400 3000 2518 3053 μου’
2550 3003 2567 3033 ι
2616 2983 2803 3049 ἔπειτα
2851 2984 2942 3038 καὶ
2983 2986 3032 3037 οἱ
3068 2986 3183 3055 μετ’
3213 2987 3452 3048 ἐκείνους
3493 2988 3659 3039 εἰσέτι
3690 2974 3793 3040 νῦν
3819 2986 3983 3039 αὐτὸν

2398 3073 2858 3145 βλασφημοῦντες.
2907 3074 3051 3146 Πλὴν
3104 3076 3302 3138 πάντες
3343 3077 3392 3126 οἱ
3429 3075 3612 3146 ἐχθροὶ
3658 3075 3844 3138 αὗτοῦ,
3887 3076 3989 3129 καὶ

2399 3171 2448 3222 οἱ
2483 3167 2767 3240 μισοῦντες
2797 3167 2958 3222 αὑτὸν
2986 3166 3476 3238 διεσκορπίσθησαν
3516 3167 3608 3220 xui
3642 3167 3981 3235 πεφεύγασιν

2393 3262 2504 3315 ἀπὸ
2534 3259 2826 3333 προσώπου
2873 3260 2973 3330 τῆς
3016 3259 3296 3329 δυνάμεως
3347 3258 3530 3311 αὑτοῦ.
3597 3258 3872 3324 Ἐξέλιπόν
3915 3275 3979 3312 τε

2394 3354 2469 3417 ὡς
2507 3353 2744 3407 ἐκλείπει
2777 3352 2980 3416 καπνὸς
3010 3353 3100 3405 xui
3123 3351 3198 3414 ὠς
3234 3351 3457 3422 τήκεται
3488 3351 3655 3422 κηρὸς
3673 3350 3785 3403 ἀπὸ
3806 3367 3976 3422 προσ⁹

2392 3447 2542 3502 ώπου
2593 3447 2786 3520 πυρός.
2846 3445 3053 3499 Αὐτίκα
3097 3441 3226 3514 γοῦν
3287 3444 3461 3506 οὐδεὶς
3495 3442 3712 3496 πώποτε
3739 3443 3848 3497 τῶν
3883 3461 3980 3515 με·

2395 3544 2702 3615 μισηκότων
2729 3543 2889 3596 αὑτὸν
2916 3540 3259 3614 ἀτιμώρητος
3291 3537 3534 3611 διεξῆλθε
3565 3539 3656 3593 τὸν
3683 3540 3815 3611 βίον·
3839 3540 3980 3595 ἀλλά

2391 3633 2486 3686 xui
2518 3635 2582 3685 oi.
2604 3633 2769 3688 πάλαι
2825 3635 2925 3704 τὴν
2962 3633 3252 3704 ἐπιϐουλὴν
3302 3631 3451 3712 αὐτῷ
3483 3631 3845 3712 τυρεύσαντες
3874 3631 3977 3706 ἀρ-

2391 3729 2594 3798 χιερεῖς
2620 3728 2712 3780 xui
2746 3731 3111 3799 γραμματεῖς,
3146 3709 3429 3798 Φαρισαῖοὶ
3486 3725 3581 3777 xui
3629 3709 3978 3779 Σαδδουκαῖοι

2389 3818 2562 3891 οὕτως
2586 3821 2849 3886 ἐξέλιπον,
2900 3819 2974 3883 ὡς
3013 3819 3145 3890 μηδὲ
3185 3820 3404 3888 μνήμην
3438 3816 3616 3869 αὐτῶν
3671 3816 3855 3870 εἰσέτι·
3880 3815 3978 3871 νῦν

2395 3911 2514 3982 μηδ’
2534 3911 2703 3982 ὄνομα
2727 3910 2876 3982 παρά
2907 3910 3182 3972 Ἰουδαίοις
3211 3908 3496 3971 σώζεσθαι.
3532 3909 3663 3960 Τότε
3696 3911 3804 3962 πᾶν
3825 3909 3977 3974 ἔθνος

2391 4003 2568 4056 αὐτῶν
2637 4003 3029 4073 διασκεδασμὸν
3087 4003 3179 4056 καὶ
3232 4001 3661 4073 διασκορπισμὸν
3716 4000 3976 4071 ὑπέμεινε

2390 4099 2469 4159 είς
2497 4096 2672 4149 πάντα
2695 4094 2762 4147 τὰ
2782 4094 2930 4167 ἐθνη’
2959 4094 3051 4148 xui
3083 4097 3140 4147 ἐν
3174 4097 3285 4158 τοῖς
3307 4093 3443 4165 μετά
3472 4092 3726 4155 ταῦτα,δέ
3760 4094 3976 4164 χρόνοις

2393 4189 2592 4252 πάντες
2622 4190 2734 4242 ὅσοι
2763 4189 2863 4265 ,τὴν
2912 4188 3237 4260 Ἐκκλησίαν
3288 4186 3453 4243 αὑτοῦ
3504 4187 3973 4258 πεπολεμήκασιν,

2390 4282 2590 4352 ὁμοίως
2613 4281 2854 4348 ἐξέλιπον
2889 4282 2980 4335 xui
3017 4282 3170 4334 αὐτοὶ
3216 4282 3291 4344 ὼς
3331 4280 3571 4333 ἐκλείπει
3626 4279 3830 4343 καπνὸς
3879 4277 3975 4334 xui

2391 4375 2466 4438 ὡς
2491 4377 2711 4444 τήκεται
2777 4375 2944 4446 κηρὸς
2977 4375 3084 4428 ἀπὸ
3115 4372 3404 4446 προσώπου
3440 4373 3626 4446 πυρός.
3655 4374 3719 4426 Οἱ
3754 4373 3852 4444 μὲν
3880 4369 3974 4426 οὖν

2391 4466 2483 4538 ἐχθ
2495 4466 2573 4538 poi
2601 4466 2692 4521 τοῦ
2715 4465 2952 4540 Χριστοῦ
3002 4467 3097 4521 xui
3152 4469 3199 4520 οἱ
3256 4465 3536 4538 μισοῦντες
3557 4465 3717 4536 αὐτὸν
3745 4462 3974 4518 τοιαῦτα

2392 4557 2712 4624 πεπόνθασι,
2743 4559 2838 4612 xui
2863 4557 2943 4610 ἐτι
2981 4557 3180 4627 μᾶλλον
3203 4558 3250 4609 oi
3274 4555 3496 4628 ἀόρατοι
3519 4557 3612 4609 xui
3638 4557 3864 4623 ἀφανεῖς
3890 4556 3974 4626 ἐχ-

706 4669 813 4725 que
868 4652 998 4707 talia
1066 4652 1378 4707 dicentibus
1441 4652 1788 4707 invexerunt.
1852 4650 2052 4706 Dexter
2124 4652 2404 4726 porrocl

2273 4665 2287 4704 )
2316 4667 2358 4726 C
2393 4652 2529 4724 Opoi,
2556 4650 2778 4724 πονηροὶ
2802 4651 3052 4724 δαίμονες
3075 4651 3166 4705 xui
3196 4649 3444 4722 μοχθηρά
3477 4647 3876 4720 πνεύματα,·δι’
3896 4642 3971 4703 ὧν

709 4745 1012 4800 amicorum
1044 4743 1138 4798 Dei
1161 4744 1298 4798 ordo
1327 4745 1528 4815 quibus
1559 4745 1615 4800 in
1640 4743 1951 4802 Servatoris
1985 4745 2158 4799 nostri
2195 4758 2282 4797 re-
2391 4763 2407 4796 ἰ

2274 4774 2282 4787 -
2391 4745 2460 4798 τὰ
2493 4746 2593 4816 τῆς
2621 4745 2882 4799 πολυθέου
2917 4745 3122 4815 πλάνης
3150 4745 3433 4814 ἐνηργεῖτο
3453 4742 3639 4796 πάλαι·
3679 4735 3754 4795 ὧν
3779 4757 3972 4793 παντε-

710 4837 1056 4894 surrectione
1088 4835 1365 4891 frueretur
1404 4837 1583 4901 bonis,
1634 4837 1895 4908 deinceps
1943 4836 2100 4892 docet
2155 4851 2286 4906 pro-
2392 4837 2408 4889 ἰ

2273 4865 2286 4876 -
2392 4837 2488 4908 λὴς
2513 4837 2941 4909 διασκορπισμὺς
2973 4836 3112 4908 μετά
3159 4836 3259 4906 τὴν
3307 4837 3371 4890 ἐκ
3418 4835 3626 4910 νεκρῶν
3675 4836 3971 4892 ἀνάστασιν

709 4927 895 5000 pbetia
917 4943 1038 4995 quas
1067 4927 1145 4980 ait
1181 4946 1193 4980 :
1233 4944 1252 4978 ι
1287 4925 1505 4996 Etjusti
1541 4929 1790 4983 lzetentur
1823 4936 1876 4981 et
1916 4927 2191 4982 exsultent
2228 4926 2285 4979 in
2392 4948 2407 4998 π

2272 4941 2285 4978 ι
2392 4931 2652 5000 γέγονεν·
2723 4932 2772 4983 οἱ
2819 4930 2871 4990 ιδ’
2927 4929 3108 4993 αὐτοὶ,
3166 4929 3455 5000 τηκόμενοι
3513 4928 3598 4993 ’ὡς
3645 4928 3815 5000 κηρὸς
3863 4928 3970 4983 ἀπὸ

708 5028 1007 5091 conspectu
1056 5020 1171 5085 Dei,
1202 5020 1540 5076 delectentur
1569 5021 1624 5075 in
1655 5021 1862 5076 laetitia.
1909 5041 1927 5073 ι
1963 5019 2106 5086 Quid
2149 5017 2282 5072 illud
2395 5040 2406 5074 τ

2271 5017 2282 5071 |
2395 5022 2687 5094 προσώπου
2753 5022 2942 5093 πυρὸς,
2986 5021 3156 5074 ἐϐόων
3211 5021 3477 5090 λέγοντες·
3511 5041 3529 5073 ι
3568 5021 3690 5075 Ἔα·
3726 5020 3780 5074 τί
3834 5023 3969 5092 ἡμῖν

707 5117 803 5179 sit,
829 5129 940 5174 non
973 5114 1301 5185 simpliciter
1333 5115 1506 5170 laatari
1534 5121 1588 5170 et
1616 5114 1918 5178 exsultare,
1946 5113 2043 5169 sed
2069 5114 2122 5167 in
2151 5127 2284 5166 con-
2395 5133 2405 5168 :

2395 5117 2486 5169 xui
2520 5116 2626 5180 σοὶ,
2692 5117 2787 5170 Υίέ
2834 5114 2998 5180 Θεοῦ;
3055 5111 3259 5179 Ἦλθες
3333 5114 3439 5188 πρὸ
3494 5113 3684 5186 καιροῦ
3747 5113 4000 5186 βασανίη,

709 5216 901 5278 spectu
955 5206 1050 5263 Dei
1106 5217 1161 5263 et
1209 5210 1350 5280 apud
1401 5208 1571 5265 Deum
1611 5209 1695 5264 his
1716 5206 1945 5278 perfrui,
1990 5207 2285 5276 divinaque
2395 5226 2407 5260 <

2270 5221 2285 5260 ε
2395 5225 2483 5261 σαι
2513 5211 2712 5280 ἡμᾶς.)
2749 5210 2814 5261 Αἱ
2848 5208 2957 5279 γὰρ
2983 5207 3080 5278 τῆς
3127 5206 3376 5278 θεότητος
3422 5205 3585 5262 αὑτοῦ
3616 5206 3840 5278 ἀόρατοι
3874 5204 3968 5259 xui

672 5287 986 5372 voluptate
1022 5300 1295 5373 gaudere,
1341 5319 1451 5358 non
1478 5307 1679 5376 [potest
1732 5315 1831 5371 pro
1877 5300 2073 5354 merito
2121 5313 2284 5354 enar-

2267 5327 2284 5337 -
2392 5300 2615 5368 ἀφανεῖς
2647 5302 2882 5364 ἀκτῖνες,
2917 5299 3177 5370 βασάνους
3201 5302 3294 5354 xui
3317 5300 3616 5371 ἀλγηδόνας
3659 5301 3771 5361 τοῖς
3793 5297 3965 5352 ταῦτα

706 5396 842 5452 rari.
2393 5391 2608 5462 λέγουσι
2637 5397 2912 5465 παρεῖχον.
2975 5392 3047 5445 Τὸ
3079 5392 3134 5446 δέ
3169 5411 3231 5462 γε
3279 5393 3452 5458 δεξιὸν
3495 5393 3603 5446 τῶν
3652 5390 3820 5462 φίλων
3869 5387 3963 5442 τοῦ

706 5493 840 5547 Θεοῦ
862 5493 1046 5565 τάγμα
1067 5478 1269 5547 ὁποίων
1292 5492 1563 5546 ἀπέλαυεν
1625 5488 1845 5558 ἀγαθῶν
1874 5490 1932 5543 ἐν
1992 5492 2055 5561 τῇ
2089 5487 2182 5542 τοῦ
2231 5487 2484 5560 Σωτῆρος
2545 5489 2701 5561 ήμῶν
2751 5489 3064 5554 ἀναστάσει,
3127 5490 3253 5562 ἐξῆς
3282 5491 3518 5545 διδάσκει
3562 5491 3596 5560 ή
3659 5482 3938 5559 προφητείι

706 5569 954 5658 λέγουσα·
999 5611 1016 5640 ι
1065 5590 1174 5642 Καὶ
1211 5589 1258 5641 οἱ
1293 5588 1490 5640 δίκαιοι
1540 5585 2021 5657 εὐφρανθήτωσαν,
2071 5583 2518 5654 ἀγαλλιάσθωσαν
2579 5584 2808 5640 ἐνώπιον
2868 5587 3161 5652 τοῦ-Θεοῦ,
3211 5588 3599 5658 τερφθήτωσαν
3646 5586 3704 5638 ἐν
3761 5582 3959 5651 εὐφροθ

706 5687 893 5757 σύνη.»
934 5687 1144 5739 Ὀποῖον
1173 5684 1229 5736 δέ
1269 5684 1384 5735 ἐστι
1417 5683 1479 5736 τὸ
1533 5683 1606 5753 μὴ
1666 5680 1852 5744 ἁπλῶς
1902 5678 2289 5752 εὐφραίνεσθαι
2327 5680 2421 5733 xui
2485 5680 2765 5752 ἀγαλλιᾷν,
2792 5682 2914 5756 ⁵ἀλλ’
2949 5681 3179 5736 ἐνώπιον
3233 5683 3325 5736 τοῦ
3364 5662 3497 5737 Θεὸῡ
3535 5682 3627 5736 xui
3685 5675 3840 5749 πάρά

707 5782 824 5853 Θεῷ
850 5782 1050 5837 τούτων
1071 5781 1379 5845 ἀπολαύειν,
1419 5781 1579 5852 ἡδονῇ
1604 5796 1660 5832 τε
1688 5778 1808 5850 θείᾳ
1841 5779 2130 5850 ἐντρυφᾷν,
2173 5777 2272 5829 οὐκ
2310 5775 2452 5832 ἐστιν
2477 5778 2713 5846 ἐπαξίως
2736 5779 2876 5851 λόγῳ
2906 5777 3287 5852 διηγήσασθαι.

792 5960 965 6017 'Psal.
988 5974 1046 6028 ιι,
1079 5962 1132 6025 1,
1162 5965 1215 6021 2.
1292 5967 1310 5995 "
1339 5962 1482 6020 Psal.
1513 5979 1662 6030 cvm,
1683 5964 1798 6020 3-5.
1876 5967 1897 5998 ⁸
1923 5963 2110 6019 Matth.
2137 5978 2258 6030 vin,
2286 5960 2378 6022 29.
