4300 6400
307 495 417 557 685

1422 497 1924 554 COMMENTARIA
1963 498 2030 553 IN
2071 500 2404 560 PSALMOS.

3445 517 3548 573 686

387 630 408 665 ο
442 610 639 684 ’ᾼσατε
675 612 752 684 τῷ
805 613 944 685 Θεῷ,
971 609 1172 682 ψᾶλατε
1198 614 1274 684 τῷ
1307 616 1526 685 ὀνόματι
1562 617 1746 690 αὐτοῦς
1776 617 1890 671 ὁδο-
1919 663 1923 672 .

2063 615 2228 674 Vsns.
2256 619 2309 684 5,
2349 619 2404 676 6..
2451 637 2469 671 ι
2511 618 2738 677 Cantate
2784 622 2913 690 Deo,
2949 624 3221 694 psalmum
3254 627 3422 684 dicite
3459 646 3556 682 no-

321 706 573 777 ποιήσατε
606 705 684 776 τῷ
704 706 1052 778 ἐπιϐεϐηκότι
1073 708 1166 760 ἐπὶ
1202 707 1472 778 δυσμῶν.»
1506 710 1607 762 Τὸν
1637 712 1734 780 μὲν
1761 711 1888 782 περὶ

317 798 420 853 τῶν
449 799 658 871 ἐχθρῶν
691 801 782 853 καὶ
839 801 1139 870 μισούντων
1171 801 1260 854 τὸν
1291 801 1424 854 Θεὸν
1461 802 1617 870 λόγον
1643 803 1730 856 διά
1760 802 1888 873 βρα-

314 892 450 961 χέων
483 886 778 962 ἐπετέμετο
794 894 826 964 ἡ
845 893 1162 964 προφητεία·
1191 893 1280 946 τὸν
1304 893 1360 946 δὲ
1389 894 1642 964 περὶτῶν
1665 894 1887 947 δικαίων

313 982 554 1048 ἐξαπλοῖ,
585 984 990 1056 ἐνδιατρίϐουσα
1015 987 1080 1056 τῇ
1113 985 1241 1057 περὶ
1291 986 1471 1038 αὐτῶν
1507 988 1714 1059 μνήμῃ.
1775 987 1886 1040 Καὶ

312 1075 376 1146 δὴ
410 1077 470 1130 τὸ
520 1074 743 1146 Πνεῦμα
773 1076 833 1129 τὸ
855 1075 1007 1144 ἅγιον
1037 1075 1469 1148 παρακελεύεται
1516 1072 1626 1140 τοῖς
1660 1075 1886 1138 δικαίοις

312 1167 459 1238 ᾅδειν
489 1169 582 1223 καὶ
612 1169 830 1240 ψάλλειν
861 1169 938 1240 τῷ
967 1168 1108 1239 Θεῷ,
1165 1171 1240 1233 ὼς
1285 1169 1350 1222 ἂν
1383 1170 1470 1223 διά
1500 1169 1703 1222 τούτων
1763 1168 1886 1240 μέλ-

312 1259 495 1314 λουσιν
516 1261 804 1315 ἀπολαύειν
829 1262 929 1332 τῆς
961 1261 1112 1325 θείας
1141 1261 1478 1333 εὐφροσύνης
1506 1263 1598 1316 καὶ
1624 1263 1721 1333 τῆς
1753 1280 1886 1334 προ-

211 1419 216 1423 _
312 1352 598 1426 λεχθείσης
627 1354 908 1427 τερπωλῆς
934 1355 1027 1407 καὶ
1080 1354 1471 1423 ἀγαλλιάσεως.
1503 1355 1612 1408 Καὶ
1655 1355 1885 1426 ἐπείπερ

310 1446 424 1499 τῶν
448 1446 542 1500 δύο
576 1445 798 1512 τούτων,
855 1447 996 1516 λέγω
1044 1447 1101 1501 δὲ
1133 1447 1226 1500 τοῦ
1261 1447 1405 1519 ᾄδειν
1435 1447 1529 1501 καὶ
1557 1448 1798 1518 ψάλλειν,
1826 1448 1886 1500 τὸ

317 1536 418 1607 μὲν
452 1539 696 1608 κρεῖττον
725 1531 791 1606 ἦν
820 1534 880 1588 τὸ
934 1526 1100 1606 ᾅδειν,
1147 1535 1208 1586 τὸ
1244 1536 1301 1588 δὲ
1339 1534 1675 1608 ὑποϐεϐηκὸς
1707 1539 1768 1590 τὸ
1818 1537 1884 1590 δι’

312 1628 548 1700 ὀργάνου
580 1626 996 1699 ἀνακρούεσθαι,
1046 1627 1268 1691 εἰκότως
1296 1627 1356 1680 τὸ
1389 1628 1490 1698 μὲν
1522 1633 1767 1700 κρεῖττον
1796 1630 1884 1682 ἀν-

311 1721 480 1792 έθηκε
504 1719 580 1790 τῷ
605 1719 742 1790 Θεῷ,
774 1719 834 1772 τὸ
850 1719 907 1772 δέ
929 1719 1024 1775 διὰ
1048 1719 1141 1774 τοῦ
1161 1721 1392 1792 ὀργάνου
1410 1721 1652 1792 ἐνεργεῖν
1677 1721 1754 1792 τῷ
1770 1723 1884 1776 ὀνό-

317 1831 447 1884 ματι
482 1812 666 1870 αὑτοῦ.
715 1835 735 1867 ‹
764 1815 964 1887 ’ᾼσατε
991 1834 1007 1866 ι
1070 1815 1200 1887 γάρ,
1236 1816 1389 1886 φησὶ,
1456 1834 1474 1866 ι
1511 1815 1590 1886 τῷ
1617 1815 1755 1886 Θεῷ,
1789 1816 1884 1870 καὶ

311 1905 518 1976 ψάλατε
550 1905 628 1977 τῷ
667 1906 890 1978 ὀνόματι
939 1906 1160 1962 αὐτοῦ.»
1199 1907 1348 1979 ’ᾼδει
1395 1908 1453 1961 δέ
1493 1908 1571 1979 τῷ
1612 1908 1741 1979 ,Θεῷ
1766 1908 1882 1964 ὁδι’

312 1999 482 2070 ὒγιῶν
512 2000 796 2072 δογμάτων
822 2001 920 2072 τὴν
953 1999 1127 2072 ψυχὴν
1169 2002 1597 2074 πεπαιδευμένος
1654 2002 1750 2056 καὶ
1790 2003 1890 2067 τάς
1919 1979 1963 2035 Β

1943 2131 1945 2134 ‹
1992 2088 2098 2157 ipsi
2120 2091 2479 2158 transmittit;
2516 2091 2701 2162 psallit
2729 2108 2858 2148 vero
2884 2095 3093 2150 nomini
3114 2096 3255 2166 ejus,
3304 2097 3398 2168 qui
3426 2113 3554 2170 cor-

313 2093 629 2167 Ιπρεπούσας
651 2093 799 2164 αύτῷ
825 2093 1102 2163 θεολογίας
1119 2097 1186 2148 ἐκ
1215 2095 1452 2160 διανοίας
1473 2094 1890 2166 κεκαθαρμένης

307 2185 670 2255 ἀναπέμπων⁹
709 2183 899 2254 ψάλλει
931 2185 988 2238 δέ
1018 2184 1097 2256 τῷ
1133 2185 1355 2256 ὀνόματι
1389 2185 1578 2252 αὑτοῦ,
1611 2188 1641 2239 ὁ
1670 2185 1758 2240 διά
1781 2186 1890 2240 τῶν

305 2277 404 2332 ⁶τοῦ
454 2278 700 2349 σώματος
733 2280 998 2351 κινήσεων
1025 2279 1119 2332 καὶ
1145 2277 1235 2331 διά
1270 2278 1370 2348 τῆς
1391 2277 1500 2332 τῶν
1519 2278 1890 2350 αἰσθητηρίων

311 2368 594 2439 ἐνεργείας
612 2367 835 2422 τοιαῦτα
861 2369 1134 2446 πράττων,
1163 2369 1240 2432 ὡς
1267 2368 1580 2436 δοξάζεσθαι
1625 2369 1694 2421 δι’
1724 2367 1889 2422 αὐτοῦ

311 2459 464 2530 παρά
481 2462 594 2524 τοῖς
613 2461 780 2534 ὁρῶσι
804 2461 864 2514 τὸ
883 2461 1052 2533 ὄνομα
1077 2461 1168 2516 τοῦ
1195 2461 1350 2516 Θεοῦ.
1412 2461 1598 2517 Ταῦτα
1650 2463 1749 2534 μὲν
1797 2458 1889 2516 οῦν

311 2550 504 2622 πρῶτα
536 2552 988 2624 παρακελεύεται·
1012 2553 1092 2625 τῷ
1136 2553 1244 2608 τῶν
1289 2554 1515 2608 δικαίων
1544 2555 1690 2626 χορῷ
1719 2555 1890 2626 πράτ-

305 2658 422 2697 τειν
442 2645 471 2697 ὀ
501 2643 677 2713 λόγος·
717 2645 846 2715 ἑξῆς
875 2646 931 2699 δὲ
949 2646 1179 2718 πρᾶγμά
1208 2664 1260 2699 τι
1285 2649 1458 2700 ποιεῖν
1477 2647 1684 2718 ἑτέροις
1707 2649 1890 2718 χρήσι-

313 2753 412 2806 μον
442 2736 788 2810 προστάττει.
819 2740 934 2792 Ἵνα
987 2741 1096 2810 γάρ
1150 2739 1314 2810 ἐπιϐῇ
1341 2741 1369 2792 ό
1395 2739 1528 2802 Θεὸς
1549 2739 1626 2808 τῷ
1651 2739 1758 2791 τῶν
1793 2739 1887 2792 ἀν-

306 2823 542 2897 θρώπων
578 2825 698 2896 βίῳ,
735 2827 828 2879 καὶ
846 2827 995 2890 ὅπως
1027 2829 1454 2900 ἐμπεριπατήσῃ
1494 2830 1608 2889 τοῖς
1643 2828 1736 2880 ἐπὶ
1762 2829 1884 2899 γῆς,

305 2918 406 2991 τὴν
433 2918 548 2973 ὁδὸν
579 2919 728 2991 αύτῷ
758 2915 908 2974 λείαν
951 2921 1045 2975 καὶ
1088 2921 1293 2992 ὁμαλὴν
1339 2919 1748 2994 ἀπεργάζεσθαι
1773 2920 1888 2974 δια-

306 3013 589 3066 κελεύεται
611 3013 853 3083 φάσκων⁸
889 3033 908 3066 ι
931 3007 1335 3086 Ὀδοποιήσατεο
1351 3033 1370 3066 ι
1404 3013 1437 3085 ἢ
1468 3013 1610 3068 κατά
1633 3013 1726 3067 τὸν
1742 3013 1888 3084 Σύμ-

309 3123 504 3178 μαχον,
573 3125 590 3158 ι
624 3106 1080 3180 Καταστρώοάτε⁸
1109 3127 1126 3160 ι
1179 3107 1320 3162 κατά
1371 3107 1429 3162 δέ
1482 3107 1573 3161 τὸν
1637 3106 1884 3170 Ἀκύλαν,

313 3219 334 3251 ε
372 3199 917 3268 Ἀποσκολοπίσατε,›
951 3201 1196 3255 τουτέστι
1249 3204 1357 3255 πᾶν
1386 3201 1597 3255 σκολιὸν
1637 3201 1886 3270 ἀφέλετε,

307 3294 404 3348 καὶ
434 3297 541 3348 πᾶν
571 3297 742 3378 τραχύ
777 3293 1220 3370 καταστρώσατε,
1249 3295 1323 3359 ὡς
1341 3293 1406 3348 ἂν
1432 3295 1641 3364 γένοιτο
1662 3294 1778 3348 λεία
1793 3294 1887 3348 καὶ⁸
1911 3325 1957 3383 C

305 3389 486 3461 ὁμαλὴ
514 3388 610 3442 τοῦ
641 3387 776 3442 Θεοῦ
806 3391 839 3459 ὴ
890 3390 971 3452 είς
1011 3388 1333 3458 ἀνθρώπους
1388 3389 1604 3461 πορεία.
1636 3388 1805 3442 Τοῦτο
1831 3389 1889 3443 δέ

306 3480 404 3534 καὶ
441 3481 669 3545 Ἡσαΐας
716 3481 905 3551 ἐδήλου
946 3481 1138 3548 λέγων·
1195 3500 1212 3531 ι
1249 3481 1604 3551 Ἑτοιμάσατε
1653 3479 1751 3552 τὴν
1776 3480 1892 3533 ὁδὸν

309 3574 536 3645 Κυρίου,
574 3573 789 3638 εὐθείας
840 3577 1041 3628 ποιεῖτε
1095 3563 1192 3637 τάς
1224 3573 1443 3644 τρίϐους
1492 3571 1679 3628 αὑτοῦ.
1735 3575 1892 3627 Πᾶσα

304 3665 528 3740 φάραγξ
581 3666 1020 3739 πληρωθήσεται,
1067 3669 1160 3719 καὶ
1221 3668 1327 3720 πᾶν
1371 3665 1496 3738 ὅρος
1557 3666 1651 3720 καὶ
1704 3665 1893 3736 βουνὸς

308 3760 800 3832 ταπεινωθήσεται.
857 3761 968 3814 Καὶ
1007 3759 1158 3814 ἔσται
1191 3759 1261 3813 τά
1305 3758 1494 3813 σκολιά
1535 3759 1617 3821 εἰς
1653 3759 1887 3824 εὐθεῖαν,

307 3855 472 3926 καὶὴ
521 3857 749 3928 τραχεῖα
811 3857 891 3919 εἰς
946 3853 1096 3918 ὁδοὺς
1151 3854 1318 3917 λείας,
1363 3853 1456 3906 καὶ
1502 3851 1691 3922 ὄψεται
1741 3853 1890 3905 πᾶσα

314 3949 450 4022 σὰρξ
477 3949 538 4002 τὸ
573 3950 838 4024 σωτήριον
867 3948 960 4003 τοῦ
989 3947 1176 4002 Θεοῦ.»
1220 3946 1481 4000 Ἐνταῦθα
1503 3945 1560 3999 δὲ
1602 3945 1662 3999 ού
1693 3945 1888 4018 πρότε-

313 4056 406 4110 ρον
437 4038 696 4115 ὁδοποιεῖν
749 4039 958 4093 κελεύει
1023 4039 1056 4112 ἢ
1113 4039 1328 4110 πρῶτον
1376 4039 1575 4102 αὐτοὺς
1620 4036 1890 4109 μαθόντας

311 4134 461 4195 ὅπως
491 4132 596 4203 χρὴ
623 4132 766 4204 ᾅδειν
804 4131 880 4203 τῷ
927 4131 1045 4203 Θεῷ
1077 4132 1171 4185 καὶ
1225 4132 1374 4193 ὅπως
1408 4130 1630 4202 ψάλλειν
1671 4129 1748 4201 τῷ
1772 4131 1889 4183 ὀνό-

316 4243 446 4297 ματι
464 4225 646 4280 αὐτοῦ.
675 4226 859 4279 Ταῦτα
887 4224 996 4298 γάρ
1024 4225 1400 4298 προμαθόντας
1440 4226 1535 4278 καὶ
1567 4224 1748 4297 ἔργοις
1772 4227 1891 4278 ἐπι-

313 4317 653 4381 τελέσαντας,
704 4317 828 4388 ἐξῆς
874 4317 1119 4387 βούλεται
1165 4317 1446 4380 ὁδοποιεῖν,
1500 4318 1746 4371 τουτέστι
1791 4316 1892 4382 τάς

312 4409 468 4482 παρὰ
499 4410 604 4464 τῶν
635 4410 934 4482 ἀνθρώπων
953 4409 1128 4480 ψυχὰς
1159 4409 1618 4480 παρασκευάζειν,
1643 4411 1891 4485 καθαράς

312 4521 370 4559 τε
404 4503 499 4558 καὶ
531 4502 780 4574 ἑτοίμους
811 4501 981 4571 αύτάς
1025 4500 1428 4573 ἀπεργάζεσθαι
1457 4503 1537 4565 εις
1577 4503 1677 4573 τὴν
1706 4504 1891 4574 ἐπιδη-

317 4597 444 4671 μίαν
476 4593 568 4650 τοῦ
592 4593 1024 4667 προδηλωθέντος
1051 4591 1206 4646 Θεοῦ.
1233 4592 1325 4644 Διό
1345 4609 1527 4664 φησιν’
1559 4612 1576 4659 ι
1614 4595 1891 4665 Ὀδοποιή-

1997 708 2130 762 mini
2174 711 2314 778 ejus,
2345 710 2449 764 iter
2475 709 2637 767 facite
2664 714 2736 777 ei,
2768 715 2861 784 qui
2905 717 3157 771 ascendit
3204 733 3368 788 super
3397 734 3556 773 occa-

1995 815 2136 854 sum.
2179 821 2196 852 ›
2231 801 2548 858 Sermonem
2573 804 2642 858 de
2666 804 2900 860 inimicis
2923 816 2977 861 et
3002 810 3259 863 osoribus
3289 810 3384 865 Dei
3426 809 3559 865 Ver-

1994 892 2047 946 bi
2099 895 2425 962 compendio
2453 895 2686 948 absolvit
2709 895 3027 964 prOpbetia;
3061 898 3132 953 de
3158 886 3342 967 justis'
3373 909 3557 974 autem

1993 985 2169 1039 fusius
2193 988 2323 1055 agit,
2353 1002 2652 1057 eorumque
2678 991 3189 1045 commemorationi
3220 993 3446 1047 insistit.
3492 993 3558 1047 Et

1993 1090 2123 1130 sane
2148 1074 2386 1145 Spiritus
2409 1087 2636 1134 sanctus
2658 1080 2814 1148 jubet
2840 1082 3023 1151 justos
3049 1093 3269 1139 cantare
3303 1094 3357 1138 et
3405 1086 3556 1154 psal-

1992 1165 2104 1220 lere
2137 1164 2278 1232 Deo;
2300 1176 2489 1238 utpote
2516 1170 2609 1239 qui
2629 1169 2714 1225 bis
2736 1182 3016 1237 vacantes,
3045 1173 3282 1227 divinam
3310 1174 3555 1230 laetitiam

1991 1266 2458 1330 memoratamque
2480 1260 2898 1319 delectationem
2928 1274 2982 1319 et
3013 1267 3433 1334 exsultationem
3456 1284 3557 1323 na-

1992 1351 2135 1405 cturi
2163 1351 2294 1405 sint.
2331 1351 2469 1419 Quia
2503 1369 2630 1410 vero
2665 1371 2733 1410 ex
2777 1356 2865 1412 his
2911 1357 3150 1421 duobus,
3200 1360 3457 1416 nimirum
3487 1377 3555 1417 ex

1992 1451 2158 1497 cantu
2190 1451 2245 1498 et
2291 1461 2360 1501 e-x
2411 1433 2735 1517 psalmodia,
2791 1451 3157 1519 praestabilior
3189 1464 3379 1509 cantus
3413 1462 3553 1517 erat.

1992 1542 2156 1604 atque
2183 1534 2414 1590 inferior
2447 1536 2551 1607 ipsi
2574 1546 2692 1593 erat
2724 1539 3076 1596 instrumenti
3126 1544 3394 1612 pulsatio;
3432 1546 3557 1615 jure

1990 1629 2132 1697 quod
2169 1634 2524 1698 praestantius
2583 1643 2700 1688 erat
2756 1634 2868 1692 Deo
2923 1635 3151 1702 addixit,
3209 1637 3557 1701 instrumaiti

1976 1733 2120 1788 .vero
2150 1722 2418 1777 actionem
2455 1725 2664 1799 nomini
2693 1726 2833 1796 ejus.
2868 1727 3009 1784 Nam
3044 1730 3244 1801 inquit,
3279 1748 3298 1783 ι
3341 1740 3559 1788 cantate

1991 1808 2123 1875 Deo,
2152 1819 2208 1867 et
2235 1814 2503 1883 psalmum
2532 1814 2699 1871 dicite
2739 1819 2946 1873 nomini
2978 1821 3120 1890 ejus.
3178 1840 3196 1874 ι
3241 1822 3351 1878 Deo
3375 1833 3557 1880 autem

1990 1912 2192 1968 cantat,
2225 1905 2385 1972 cujus
2415 1907 2596 1962 anima
2626 1924 2760 1964 sana
2791 1909 3040 1965 doctrina
3070 1912 3322 1972 instituta
3363 1924 3468 1979 est,
3501 1923 3558 1970 et

1991 1997 2348 2066 congruentia
2388 1997 2681 2072 divinaque
2731 2001 2897 2056 verba
2943 2017 3011 2058 ex
3051 2019 3186 2074 pura
3216 2007 3556 2062 conscientia

1991 2180 2173 2248 poreis
2205 2181 2444 2238 matibus
2483 2191 2536 2237 et
2586 2183 2832 2238 sensibﬂi
2896 2187 3109 2242 actione
3149 2189 3276 2244 talia
3307 2190 3553 2258 exhibet,

1990 2287 2111 2342 quae
2142 2281 2480 2343 spectatores
2501 2274 2568 2328 ad
2594 2291 2792 2333 nomen
2823 2276 2917 2334 Dei
2959 2280 3134 2350 gloria
3168 2282 3555 2338 celebrandum

1991 2364 2273 2443 inducant.
2299 2364 2425 2420 Haec
2453 2366 2618 2438 igitur
2643 2369 2819 2437 primo
2840 2369 3069 2438 jubetur
3105 2372 3382 2442 justorum
3422 2375 3555 2429 cho-

1990 2472 2086 2513 rus
2113 2474 2371 2530 peragere
2391 2476 2408 2527 ;
2440 2460 2641 2516 deinde
2660 2476 2790 2516 vero
2810 2462 2984 2518 eidem
3005 2465 3317 2536 pmcipitur
3341 2474 3400 2520 ut
3420 2481 3559 2536 opus

1990 2548 2112 2603 aliis
2137 2550 2269 2604 utile
2303 2550 2568 2619 perficiat.
2606 2551 2741 2607 Nam
2774 2560 2832 2607 ut
2875 2554 3020 2610 Deus
3052 2556 3120 2609 ad
3146 2555 3428 2612 hominum
3469 2574 3561 2630 ge-

1989 2655 2094 2696 nus
2119 2642 2366 2703 accedat.
2395 2651 2449 2698 et
2471 2658 2593 2700 cum
2632 2645 2922 2717 terrigenis
2956 2648 3317 2718 perambulet,
3362 2653 3558 2719 praeci-

1989 2733 2067 2803 pit
2099 2741 2158 2788 ut
2185 2734 2331 2789 viam
2368 2734 2582 2791 facilem
2608 2744 2771 2807 atque
2800 2738 3019 2809 planam
3053 2740 3157 2811 ipsi
3185 2742 3452 2806 muniant,
3476 2743 3560 2798 di-

1987 2840 2117 2880 cens
2151 2843 2167 2882 :
2205 2842 2225 2874 ο
2266 2826 2376 2882 lter
2398 2826 2591 2892 facite;
2625 2847 2646 2880 ι
2682 2830 2796 2904 sive
2825 2830 3127 2884 secundum
3149 2830 3556 2903 Symmachum,

1993 2935 2011 2967 ι
2043 2915 2316 2986 Sternite;
2346 2938 2363 2970 ι
2400 2919 2700 2974 secundum
2729 2919 2982 2991 Aquilam
3009 2936 3158 2985 vero,
3188 2940 3207 2972 ι
3242 2923 3288 2975 Δ
3317 2926 3557 2980 surculis

1987 3013 2270 3077 mundate,
2302 3032 2321 3064 ι
2359 3013 2412 3066 id
2434 3019 2540 3078 est,
2571 3027 2730 3068 omne
2758 3020 3065 3067 tortuosum
3090 3011 3390 3077 aulerte,_et
3412 3014 3559 3084 quod

1988 3119 2244 3176 asperum
2274 3111 2380 3170 est,
2417 3105 2665 3170 sternite,
2696 3111 2755 3158 ut
2786 3103 2890 3158 iter
2925 3102 3020 3159 Dei
3051 3103 3119 3159 ad
3147 3103 3396 3161 homines
3441 3106 3560 3178 pla-

1987 3213 2120 3254 num
2149 3196 2419 3268 facileque
2469 3198 2683 3252 evadat.
2728 3195 2968 3268 ldipsum
3003 3196 3085 3253 sic
3115 3196 3282 3254 Isaias
3315 3198 3559 3254 declara-

1989 3291 2104 3345 vit'
2137 3309 2150 3345 :
2188 3309 2207 3342 ι
2247 3289 2444 3345 Parate
2472 3290 2618 3344 viam
2645 3288 2884 3355 Domini,
2917 3297 3100 3345 rectas
3125 3289 3286 3346 facite
3337 3292 3560 3347 semitas

1990 3383 2129 3454 ejus.
2168 3381 2360 3440 Omnis
2384 3383 2541 3438 vallis
2583 3383 2918 3453 implebitur,
2961 3390 3016 3437 et
3060 3383 3239 3460 omnis
3295 3398 3452 3439 mons
3509 3393 3562 3439 et

1991 3477 2147 3532 collis
2195 3477 2594 3532 bumiliabitur.
2635 3475 2702 3531 Et
2735 3486 2898 3532 erunt
2926 3483 3177 3533 tortuosa
3217 3475 3272 3530 in
3301 3477 3443 3531 viam
3475 3493 3562 3533 re-

1991 3579 2161 3632 ctam,
2190 3577 2244 3624 et
2271 3585 2464 3640 aspera
2491 3569 2548 3624 in
2569 3571 2688 3625 vias
2735 3571 2947 3639 planas.
3012 3568 3078 3622 Et
3127 3571 3336 3626 videbit
3382 3571 3562 3626 omnis

1990 3677 2121 3715 caro
2147 3664 2388 3718 salutare
2415 3662 2530 3718 Dei.
2567 3683 2586 3714 ι
2625 3662 2725 3717 Hic
2743 3679 2873 3718 vero
2900 3677 3008 3717 non
3035 3664 3188 3732 prius
3237 3667 3342 3718 iter
3381 3664 3562 3718 facere

1985 3752 2163 3821 jubet,
2220 3769 2386 3823 quam
2437 3754 2763 3809 edidicerint
2820 3754 2915 3824 qui
2971 3754 3275 3808 canendum
3311 3762 3560 3824 oporteat

1990 3842 2101 3898 Deo
2160 3850 2214 3898 et
2267 3843 2612 3914 psallendum
2661 3845 2871 3898 nomini
2927 3843 3068 3913 ejus.
3125 3843 3223 3900 His
3256 3845 3557 3906 institutos,

1990 3944 2281 4008 postquam
2313 3937 2366 3992 id
2396 3937 2574 4006 reipsa
2607 3925 2982 4006 praestiterint',
3019 3937 3123 3992 iter
3155 3936 3351 3992 deinde
3382 3938 3560 3994 facere

1989 4030 2255 4102 praecipit,
2297 4029 2351 4084 id
2385 4037 2489 4092 est,
2521 4030 2790 4083 humanas
2825 4029 3035 4084 animas
3071 4045 3415 4100 praeparare,
3458 4048 3560 4102 pu-

1990 4139 2187 4194 rasque
2218 4122 2339 4176 illas
2373 4129 2427 4176 et
2456 4121 2522 4174 ad
2549 4120 2720 4190 ipsius
2752 4118 2845 4174 Dei
2873 4120 3164 4176 adventum
3199 4129 3418 4192 paratas
3448 4123 3559 4177 elli-

1989 4232 2134 4272 cere.
2164 4213 2528 4282 Quamobrem
2561 4213 2638 4267 ait
2676 4233 2688 4267 :
2728 4231 2746 4263 ι
2788 4212 2894 4268 lter
2917 4213 3080 4269 facite
3109 4213 3160 4269 ei
3182 4214 3274 4284 qui
3312 4214 3557 4270 ascendit

1992 4323 2158 4379 super
2183 4321 2462 4370 occasum,
2498 4305 2765 4360 Dominus
2788 4320 2988 4360 nomen
3024 4305 3123 4360 illi.
3174 4324 3191 4356 ι
3244 4304 3341 4359 llic
3394 4321 3560 4375 porro
3627 4332 3631 4335 -

1991 4382 2280 4452 DOminum
2315 4411 2454 4461 nova
2477 4469 2481 4471 _
2501 4411 2636 4452 voce
2683 4395 2985 4452 secundum
3017 4393 3338 4451 Hebraicam
3371 4395 3560 4449 lectio-

1988 4505 2111 4546 nem
2143 4491 2415 4560 expressit
2478 4505 2495 4546 :
2556 4489 2736 4559 ipsum
2768 4488 2987 4558 quippe,
3005 4542 3013 4545 ,,
3045 4488 3119 4552 ia,
3168 4487 3503 4555 nuncupavit
3538 4504 3552 4540 :

1989 4599 2159 4654 quare
2191 4581 2575 4655 Symmachus,
2614 4598 2633 4631 ‹
2673 4579 2775 4636 Per
2804 4580 2863 4632 ia
2887 4578 3208 4634 vocabulum
3237 4577 3380 4646 ejus,
3423 4597 3442 4629 ι
3473 4579 3556 4630 in-

315 4666 446 4744 σατε
499 4685 577 4758 τῷ
614 4666 962 4756 ἐπιϐεϐηκότι
1014 4683 1108 4735 ἐπὶ
1163 4680 1402 4752 δυσμῶν,
1468 4680 1670 4752 Κύριος
1715 4683 1923 4755 ὄνομα]

1992 4681 2324 4746 terpretatus
2353 4681 2438 4728 est
2473 4691 2486 4726 :
2522 4673 2711 4743 quinta
2740 4683 2872 4723 vero
2903 4669 3092 4734 editio,
3129 4685 3148 4720 ι
3179 4666 3236 4722 ιη
3271 4670 3324 4722 ia
3356 4683 3553 4723 nomen
3598 4699 3606 4708 -

315 4781 518 4852 αὐτῷ.»
553 4780 803 4852 Κὲκληκε
856 4778 911 4831 δὲ
949 4777 1040 4830 τὸν
1092 4774 1292 4848 Κύριον
1341 4772 1570 4828 ἐνταῦθα
1597 4776 1886 4848 καινοτέρα

315 4877 465 4947 φωνῇ
526 4874 667 4928 κατά
733 4873 832 4946 τὴν
887 4871 1178 4945 Ἑϐραῖκὴν
1235 4868 1398 4933 λέξιν·
1451 4867 1511 4921 ἴα
1562 4867 1672 4940 γὰρ
1727 4871 1888 4923 αὑτὸν

311 4968 616 5040 ὠνόμασεν·
646 4968 766 5022 ὅθεν
788 4970 816 5022 ό
843 4966 1156 5038 Σύμμαχος,
1213 4982 1232 5014 ι
1261 4963 1357 5017 Διά
1387 4961 1481 5015 τοῦ
1518 4961 1578 5014 la
1623 4963 1656 5032 ἠ
1693 4962 1888 5032 ὀνομα-

317 5060 406 5113 σία
435 5059 652 5124 αὐτοῦ,ι
685 5060 1046 5132 ἡρμήνευσεν·
1079 5057 1190 5129 ήδέ
1221 5055 1455 5127 πέμπτη
1477 5053 1708 5116 ἕκδοσις,
1740 5072 1758 5104 ι
1800 5055 1888 5106 Ἑν

317 5153 390 5225 τῷ
416 5153 478 5206 τα
503 5153 565 5206 τὸ
615 5153 786 5224 ὄνομα
843 5152 1060 5206 αὐτοῦ.»
1096 5150 1342 5222 ᾙνίξατο
1383 5147 1439 5202 δὲ
1480 5146 1541 5199 τὸ
1592 5146 1761 5215 ὄνομα
1791 5146 1885 5198 τοῦ

317 5245 583 5316 Σωτῆρος¹
603 5244 776 5316 Ἰησοῦ
815 5245 902 5298 διὰ
929 5245 1029 5315 τῆς
1063 5243 1286 5316 πρώτης
1319 5239 1606 5310 συλλαϐῆς.
1631 5239 1740 5292 Καὶ
1767 5239 1890 5292 τοῦ-

322 5354 403 5392 τον
433 5335 772 5408 τὸψΚύριον,
807 5331 867 5390 οῦ
895 5337 956 5390 τὸ
983 5336 1154 5407 δνομά
1173 5350 1334 5405 φησιν
1363 5330 1501 5388 εἶναι
1531 5332 1620 5385 διὰ
1655 5329 1750 5384 τοῦ
1805 5331 1886 5393 la,

319 5425 348 5499 ἦ
400 5429 458 5480 ἐν
502 5424 580 5497 τῷ
635 5427 716 5490 τα,
766 5426 1150 5504 ἐπιϐεϐηκέναι
1207 5429 1299 5481 ἐπὶ
1351 5423 1567 5495 δυσμῶν
1626 5421 1885 5477 διδάσκει·

227 5572 235 5579 ,
324 5519 573 5594 σημαίνει
605 5518 661 5572 δὲ
709 5519 809 5590 τὴν
840 5522 921 5584 είς
945 5519 1263 5592 ἀνθρώπους
1314 5517 1478 5574 αὐτοῦ
1535 5514 1767 5586 πάροδον
1795 5520 1889 5572 καὶ

316 5616 414 5688 τὴν
433 5614 695 5685 ἐνσαρκον
723 5611 1036 5682 ἐπιδημίαν.
1068 5612 1141 5665 Ού
1194 5611 1304 5684 γὰρ
1336 5611 1427 5666 τδν
1463 5612 1519 5665 ἐν
1546 5611 1724 5684 μορφῇ
1754 5609 1888 5666 Θεοῦ

317 5709 450 5765 Θεὸν
465 5707 640 5778 Λόγον
666 5706 872 5777 γυμνὸν
892 5703 1163 5769 ἐπιδείξας
1190 5704 1385 5773 φώτων
1401 5704 1558 5778 δίκην
1584 5702 1888 5775 ἐξήστραψε

322 5803 408 5860 τὸν
429 5803 536 5859 uin
564 5801 865 5876 ἀνθρώπων
899 5798 1030 5871 βίον,
1065 5799 1278 5871 μορφὴν
1297 5799 1354 5854 δέ
1380 5800 1566 5867 δούλου
1591 5798 1769 5855 λαϐὼν
1797 5800 1892 5854 καὶ

387 5963 534 6018 ’lsa.
565 5979 654 6027 ει,
695 5958 808 6018 5-5.
890 5961 933 5994 “
962 5958 1159 6018 Enhes.
1195 5974 1264 6023 vt,
1299 5958 1386 6015 12.

1990 4768 2134 4839 ejus.
2174 4786 2195 4819 ι
2235 4764 2340 4822 Per
2358 4766 2592 4837 primam
2628 4769 2807 4816 autem
2834 4761 3096 4832 syllabam
3118 4776 3321 4816 nomen
3351 4759 3553 4815 Serva-

1993 4862 2126 4918 toris
2152 4858 2282 4916 Jesu
2321 4857 2710 4915 subindicavit.
2755 4853 2821 4909 Et
2853 4855 2944 4909 hic
2974 4862 3059 4909 est
3083 4853 3348 4909 Dominus
3399 4854 3557 4922 cujus

1989 4968 2188 5010 nomen
2214 4966 2310 5023 per
2343 4952 2419 5015 ia,
2469 4950 2552 5005 vel
2595 4949 2652 5004 in
2682 4949 2737 5003 ia
2767 4947 2900 5003 dicit
2930 4963 3054 5003 esse
3103 4965 3116 5001 :
3159 4956 3214 5004 et
3246 4946 3559 5003 ascendisse

1989 5060 2110 5101 eum
2142 5043 2210 5098 ad
2243 5055 2504 5097 occasum
2536 5039 2721 5103 docet,
2751 5037 3130 5111 signiﬁcatque
3150 5039 3270 5108 ejus
3306 5039 3359 5091 in
3392 5051 3555 5090 carne

1990 5136 2281 5191 transitum
2313 5133 2382 5188 ad
2417 5133 2688 5191 homines.
2727 5133 2912 5204 Neque
2955 5135 3102 5188 enim
3163 5145 3309 5194 cum,
3362 5129 3453 5199 qui
3500 5130 3557 5183 in

1991 5229 2162 5283 forma
2197 5225 2292 5280 Dei
2316 5233 2458 5290 erat,
2491 5225 2661 5281 Deum
2695 5223 2928 5280 Verbum
2957 5222 3164 5277 nudum
3196 5221 3460 5276 exhibens
3481 5219 3558 5272 lu-

1990 5322 2070 5376 cis
2105 5319 2300 5383 instar,
2329 5319 2631 5372 humanum
2670 5328 2842 5389 genus
2894 5313 3220 5378 illustravit;
3257 5311 3354 5368 sed
3380 5309 3554 5365 forma

1992 5412 2135 5468 servi
2165 5421 2411 5481 accepta,
2449 5411 2731 5478 radiisque
2757 5407 2978 5463 deitatis
3004 5421 3118 5462 sua:
3149 5402 3462 5464 contractis,
3499 5411 3556 5457 et

1990 5505 2045 5560 in
2067 5517 2297 5572 corpore
2319 5501 2478 5572 quasi
2503 5501 2811 5563 demersus,
2844 5513 2972 5554 cum
3002 5498 3069 5553 ad
3096 5509 3352 5551 occasum
3383 5508 3555 5563 usque

1992 5596 2238 5653 mortalis
2268 5585 2408 5652 vita
2433 5595 2744 5651 devenisset
2770 5600 2955 5664 (quam
2991 5593 3154 5647 vitam
3175 5589 3394 5644 divinus
3407 5587 3554 5658 Apo-

1993 5701 2167 5755 stolus
2193 5699 2445 5754 tenebras
2469 5703 2647 5762 vocat,
2673 5694 2863 5750 dicens
2916 5713 2929 5748 :
2998 5710 3016 5744 ι
3062 5691 3335 5752 Adversus
3368 5687 3555 5745 mundi

1993 5803 2235 5850 rectores
2260 5793 2610 5851 tenebrarum
2641 5789 2902 5844 harum”
2937 5788 2980 5859 ι)
3005 5805 3019 5854 ;
3047 5787 3161 5842 sive
3219 5785 3382 5841 etiam
3431 5798 3557 5840 cum
