4300 6440
726 510 827 563 657
1384 512 1648 569 EUSEBII
1699 511 2169 568 CESARIENSIS
2206 513 2351 567 OPP.
2390 514 2568 569 PARS
2604 515 2689 569 ιιι.
2731 547 2797 557 -
2836 516 3273 601 ΕΧΕΟΕἸΊΕΑ..
3822 522 3926 578 688

731 630 904 695 ipsam
958 635 1183 681 mortem
1210 627 1485 693 subiisset,
1531 629 1845 684 ascendisse
1872 629 2074 683 dicitur
2108 644 2270 700 super
2299 637 2343 693 Α

2303 637 2345 693 Α
2371 631 2467 696 τὰς
2489 634 2707 696 ἀκτῖνας
2728 634 2825 705 τῆς
2840 634 3028 688 ἑαυτοῦ
3053 633 3299 705 θεότητος
3320 632 3616 699 συστείλας,
3640 632 3927 708 κᾱὶῶσπερ

730 744 1005 785 occasum.
1031 729 1165 787 Huic
1200 732 1364 802 igitur
1393 732 1641 797 Domino,
1689 735 1781 803 qui
1835 734 2079 789 ascendit
2112 749 2276 804 super

724 835 996 886 occasum,
1028 822 1184 890 cujus
1216 838 1411 877 nomen
1442 822 1571 878 Jesu
1592 808 1687 893 per
1716 825 1770 876 ia
1794 824 2150 894 signiﬁcatur,
2173 824 2276 878 iter

710 912 903 966 facite.
936 911 1057 966 Haec
1082 929 1245 981 porro
1267 914 1563 983 apostolico
1595 914 1765 968 choro
1797 914 2015 983 spiritus
2044 914 2276 985 prophe-

726 1004 865 1059 ticus
919 1006 1182 1077 praecipit,
1227 1016 1278 1060 ct
1314 1007 1443 1060 illud
1492 1022 1614 1062 cum
1651 1007 1930 1061 alacritate
1963 1015 2017 1063 et
2078 1008 2273 1062 fiducia

727 1110 915 1167 magna
967 1098 1143 1167 ipsum
1200 1098 1654 1169 peragerejubet.
1688 1098 2048 1164 Quamobrem
2080 1098 2275 1154 deinde

725 1186 923 1243 infert:
962 1206 980 1239 ι
1015 1188 1080 1242 Et
1102 1189 1368 1244 exsultate
1392 1190 1446 1243 in
1472 1198 1767 1259 conspecm
1793 1190 1943 1258 ejus;
1978 1209 1996 1241 ›
2040 1189 2155 1245 sive
2186 1206 2275 1245 se-

726 1278 960 1333 cundum
1013 1278 1421 1350 Symmachum,
1480 1299 1497 1331 ι
1541 1278 1607 1333 Ει
1660 1280 1962 1349 gloriamini
2013 1280 2069 1333 in
2138 1278 2275 1335 facie

726 1371 862 1438 ejus.
929 1390 946 1422 ι
995 1370 1169 1424 Aliam
1215 1386 1428 1442 quoque
1479 1372 1723 1443 praedicti
1776 1371 1988 1425 Domini
2029 1371 2274 1425 notitiam

726 1460 927 1529 prabet
945 1458 1174 1515 dicens:
1211 1478 1229 1511 ι
1261 1460 1438 1515 Patris
1462 1460 1830 1530 orphanorum
1868 1468 1921 1515 et
1962 1460 2164 1530 judicis
2195 1459 2276 1513 vi-

724 1550 975 1604 duarum.
1014 1570 1032 1602 ›
1069 1549 1184 1607 Nisi
1215 1552 1357 1607 enim
1390 1559 1543 1621 pater
1594 1552 1960 1621 orphanorum
2000 1559 2053 1606 et
2079 1549 2275 1605 vindex
2308 1582 2309 1585 η

720 1643 994 1711 judexque
1016 1643 1297 1698 viduarum
1338 1644 1475 1698 eﬂici
1502 1645 1759 1715 dignatus
1785 1652 1950 1711 esset,
1994 1643 2141 1697 nulla
2172 1642 2274 1711 ipsi

725 1734 863 1788 ratio
890 1733 1083 1789 fuisset
1116 1751 1237 1789 cum
1269 1735 1563 1790 humilibus
1592 1743 1768 1789 terrae.
1800 1734 1867 1788 At
1896 1735 2023 1804 quia
2054 1749 2151 1803 per
2170 1733 2273 1786 hu-

724 1825 1000 1879 manitatis
1042 1840 1325 1881 excessum
1359 1826 1614 1896 dignatus
1646 1814 1729 1879 est
1761 1825 2056 1880 ascendere
2111 1838 2273 1892 super

724 1930 997 1982 oceasum,
1032 1925 1085 1972 et
1129 1919 1182 1971 in
1217 1918 1455 1973 tenebris
1493 1917 1860 1985 orphanorum
1892 1924 2046 1987 pater
2069 1914 2270 1979 vocari,

722 2017 775 2063 et
804 2008 1086 2065 viduarum
1124 1993 1429 2081 patrocinio
1477 2010 1802 2073 carentium,
1862 2009 2273 2076 animarumque

723 2100 997 2164 orbarum,
1037 2100 1202 2170 judex
1246 2109 1300 2155 et
1334 2101 1480 2154 ultor
1522 2098 1695 2165 efﬁci;
1730 2098 1854 2168 jure
1892 2099 1958 2153 a’d
2001 2099 2272 2169 orphanos

723 2192 964 2247 cmlestis
988 2190 1166 2247 Patris
1202 2193 1441 2262 ignaros,
1466 2202 1519 2248 et
1539 2195 1603 2249 ad
1622 2194 1811 2249 viduas
1835 2192 2044 2247 animas
2072 2207 2274 2261 sponso

722 2282 881 2337 orbas
910 2284 1053 2337 viam
1083 2284 1331 2353 apparari
1357 2284 1529 2353 jubet.
1554 2284 1703 2340 Alias
1727 2298 1942 2354 quoque
1975 2282 2273 2339 Providen-

725 2375 811 2428 tiae
867 2375 1130 2429 rationem
1177 2374 1290 2428 haec
1352 2376 1620 2431 sententia
1655 2374 2031 2437 deelaraverit,
2072 2374 2273 2429 docens

726 2464 914 2520 viduas
934 2473 988 2520 et
1016 2464 1308 2534 orphanos,
1327 2464 1490 2520 orbos
1528 2472 1579 2519 et
1616 2465 1918 2535 patrocinio
1943 2474 2192 2520 carentes
2219 2464 2273 2518 in

727 2554 929 2609 mundo
968 2556 1199 2625 relinqui
1229 2570 1337 2609 non
1384 2556 1502 2610 sine
1548 2554 1751 2610 ratione
1783 2563 1837 2609 et
1864 2555 2125 2625 sapientia
2157 2553 2271 2619 Dei;

725 2645 820 2703 sed
868 2646 935 2699 ad
985 2646 1104 2715 ejus
1151 2638 1399 2716 gloriam,
1433 2646 1659 2715 ejusque
1688 2644 1885 2700 divina
1920 2645 2276 2716 providentia:

724 2746 1118 2811 argumentum.
1145 2737 1295 2808 Sarpe
1328 2738 1509 2808 itaque
1540 2738 1768 2808 orphani
1797 2738 2115 2809 parentibus
2132 2737 2272 2801 orbi,

724 2832 1035 2887 accuratius
1062 2830 1237 2886 edocti
1263 2837 1315 2886 et
1349 2830 1547 2885 litteris
1578 2830 1811 2885 instituti
1843 2829 2014 2895 fuere,
2044 2844 2205 2909 qua/tn
2238 2828 2275 2881 ii

723 2921 814 2991 qui
845 2937 875 2975 a
908 2921 1223 2991 parentibus
1262 2921 1477 2976 educati
1506 2929 1664 2988 sunt;
1709 2921 1955 2990 itemque
2009 2921 2277 2975 diuturnae

722 3013 846 3067 vita!
872 3021 925 3067 et
955 3013 1147 3066 annosi
1178 3015 1504 3067 exstiterunt
1538 3030 1549 3065 :
1586 3026 1761 3081 neque
1800 3012 1976 3066 solum
2009 3011 2275 3065 iis‘victui

722 3105 1030 3160 necessaria
1060 3102 1308 3168 adfuere;
1334 3103 1443 3157 imo
1462 3102 1625 3159 etiam
1661 3102 1906 3171 praeclari
1939 3111 1992 3156 et
2037 3102 2276 3158 illustres

722 3208 943 3251 evasere
971 3194 1092 3248 viri.
1125 3190 1360 3256 Parique
1390 3194 1552 3248 modo
1594 3194 1850 3248 mulieres
1900 3192 1958 3247 in
1992 3192 2273 3248 viduitatis

722 3284 1078 3343 infortunium
1112 3288 1293 3355 lapsa,
1338 3285 1609 3351 alacriori,
1654 3284 1879 3341 feliciori
1934 3299 1995 3339 ac
2053 3286 2272 3355 religio-
2301 3325 2343 3382 α

727 3380 861 3434 siori
894 3380 1002 3433 vita
1037 3378 1332 3448 perfuncta:
1366 3384 1513 3441 sunt,
1537 3391 1697 3448 quam
1726 3376 1831 3431 illa:
1857 3391 1976 3447 quae
1999 3377 2054 3430 in
2087 3377 2278 3445 conju-

722 3470 813 3539 gi'o
832 3470 999 3526 vitam
1030 3478 1271 3542 egerant.
1307 3469 1450 3527 Deus
1482 3471 1683 3541 quippe
1721 3470 1844 3539 plus
1873 3470 2133 3539 orphanis
2158 3482 2281 3537 pro-

726 3559 904 3628 spicit,
950 3576 1113 3631 quam
1168 3567 1347 3630 patres
1404 3560 1565 3627 ﬁliis;
1598 3568 1653 3614 et
1687 3560 1971 3615 viduarum
2016 3566 2279 3629 patronus

724 3652 1026 3722 vindexque
1052 3659 1155 3706 est.
1182 3646 1361 3716 Quare
1388 3651 1591 3705 dictum
1630 3657 1713 3703 est
1743 3669 1757 3706 :
1804 3669 1823 3701 ‹
1876 3649 2053 3709 Patris
2082 3651 2279 3721 orpha-

725 3745 920 3796 n'orum
950 3741 1222 3809 etjudicis
1241 3741 1548 3798 viduarum.
1582 3759 1600 3791 ι
1627 3738 1734 3795 Pro
1763 3740 1856 3795 illo
1879 3749 2079 3808 autem,
2114 3760 2133 3793 ι
2175 3743 2279 3808 Qui

727 3832 971 3888 as‘cen‘dit
998 3848 1160 3901 super
1198 3848 1491 3897 occasum;
1531 3850 1549 3883 ι
1586 3829 1964 3901 Symmachus,
2000 3851 2018 3883 ι
2055 3832 2155 3900 Qui
2189 3850 2280 3888 ve-

732 3924 881 3977 liitur
927 3925 981 3978 in
1031 3924 1349 3978 inhabitata.
1417 3944 1436 3976 »
1496 3923 1851 3980 lnhabitatam
1900 3940 2064 3995 porro
2099 3934 2277 3990 vocat,

730 4015 1148 4085 alienigenarum
1182 4024 1237 4072 et
1275 4024 1655 4071 extranearum
1698 4016 1939 4084 gentium
1967 4016 2277 4087 regionem;

730 4134 851 4188 quae
888 4118 1009 4173 aliis
1042 4120 1098 4173 iu
1145 4119 1283 4175 iocis
1318 4121 1593 4175 desertum
1649 4121 1952 4190 nuncupari
2010 4121 2169 4177 solet.
2206 4120 2283 4177 Ae

729 4240 923 4282 rursus
940 4240 1037 4295 pro
1061 4224 1173 4288 illo,
1212 4246 1231 4275 ι
1254 4225 1455 4294 judicis
1483 4224 1809 4293 viduarum;
1848 4245 1866 4278 ι
1902 4226 2118 4296 Aquila,
2146 4247 2165 4278 ί
2195 4226 2286 4297 ju-

729 4334 961 4391 dicantis
992 4334 1218 4399 viduas;
1280 4353 1297 4385 ι
1356 4332 1736 4404 Symmachus,
1782 4350 1800 4384 ι
1838 4334 2155 4389 ulciscentis
2202 4333 2285 4388 vi-

730 4441 897 4517 duas.
930 4460 949 4493 ›
982 4440 1242 4510 Apposite
1296 4440 1584 4495 admodum
1640 4446 1850 4510 patrem
1886 4440 2280 4507 orphanorum,

731 4541 1015 4596 viduarum
1030 4541 1270 4612 judicem
1288 4550 1463 4596 vocat.
1498 4541 1636 4607 Quia
1671 4540 1815 4596 enim
1847 4555 1957 4595 non
1978 4556 2169 4597 omnes
2203 4542 2287 4595 vi-

733 4649 852 4704 duae
884 4634 1071 4704 eodem
1116 4648 1241 4703 vitae
1276 4648 1540 4703 rinstituto
1594 4658 1741 4714 sunt,
1778 4630 2110 4717 idijudicans
2164 4646 2282 4717 ipse

2376 736 2605 800 καταδὺς
2632 740 2689 791 ἐν
2720 738 2794 808 τῷ
2817 737 3044 806 σώματι,
3066 738 3169 800 ,ἐπὶ
3199 737 3414 808 δυσμῶν
3436 754 3496 789 τε
3520 737 3804 807 γενόμενος
3832 737 3925 790 τοῦ

2374 826 2564 895 θνητοῦ
2596 826 2728 895 βίου,
2754 826 2849 896 (ὃν
2867 828 2895 879 6
2923 825 3061 887 θεῖος
3096 825 3405 888 Ἀπόστολος
3435 825 3619 887 σκότος
3648 823 3927 896 ὠνόμασεν

2375 916 2562 969 είπών·
2608 937 2623 967 ι
2650 917 2790 987 Πρὸς
2810 919 2933 978 τοὺς
2960 917 3402 987 κοσμοκράτορας
3434 914 3525 969 τοῦ
3550 916 3769 979 σκότους
3796 916 3927 970 τού-

2372 1008 2510 1078 του·)
2547 1028 2567 1059 ι
2589 1008 2619 1079 ἢ
2644 1012 2700 1061 ἐν
2731 1008 2877 1078 αὐτῷ
2897 1008 3127 1071 καταδὺς
3154 1007 3230 1078 τῷ
3275 1006 3503 1077 θανάτῳ,
3537 1006 3780 1061 λέλεκται
3810 1008 3930 1059 ἐπι-

2375 1100 2665 1171 ϐεϐηκέναι
2687 1101 2777 1153 ἐπὶ
2800 1100 3035 1171 δυσμῶν.
3063 1099 3250 1170 Τούτῳ
3276 1095 3393 1164 οὖν,
3446 1099 3599 1168 φησὶ,
3626 1097 3704 1169 τῷ
3746 1098 3928 1151 ἐπιδε-

2375 1193 2561 1262 δηκότι
2600 1194 2690 1245 ἐπὶ
2733 1182 2951 1262 δύσμῶν
2995 1192 3202 1263 Κυρίῳ,
3233 1188 3293 1245 οῦ
3331 1191 3389 1245 τὸ
3432 1190 3603 1260 Ἰησοῦ
3631 1190 3800 1261 ὀνομα
3841 1188 3929 1242 διὰ

2348 1282 2467 1359 ,τοῦ
2532 1284 2593 1334 la
2647 1284 2987 1354 σημαίνεται,
3046 1282 3413 1352 ὁδοποιήσατε.
3470 1280 3800 1351 Προστάττει
3869 1279 3927 1332 δέ

2373 1374 2544 1428 ταῦτα
2596 1374 2654 1427 τὸ
2691 1375 2911 1444 Πνεῦμα
2968 1372 3028 1426 τὸ
3090 1360 3420 1445 προφητῖκὸν
3466 1372 3542 1442 τῷ
3591 1370 3929 1442 ἀποστολικῷ

2372 1465 2534 1536 χορῷ,
2571 1466 2663 1518 καὶ
2692 1465 2849 1519 τοῦτο
2877 1466 3131 1537 πράττειν
3181 1465 3276 1517 σὺν
3309 1463 3470 1532 πολλῇ
3525 1461 3800 1532 προθυμίᾳ
3834 1461 3929 1515 καὶ

2373 1557 2651 1629 παρρησίᾳ
2676 1556 3063 1609 ἐπικελεύεται.
3112 1554 3202 1625 Διό
3251 1552 3489 1620 ἐπιλέγει
3536 1550 3679 1621 ἑξῆς
3752 1570 3769 1601 ι
3820 1551 3930 1605 Καὶ

2374 1647 2698 1715 ἀγαλλιᾶσθε
2730 1646 2954 1700 ἐνώπιον
3010 1644 3226 1698 αὺτοῦ-ι
3261 1644 3293 1712 ἢ
3324 1642 3462 1697 κατὰ
3487 1641 3577 1694 τὸν
3616 1633 3926 1715 Σύμμαχον,

2380 1759 2396 1790 ι
2422 1740 2529 1793 Καὶ
2556 1728 2854 1810 γαυριᾶσθε
2877 1740 2956 1800 εἰς
2988 1738 3274 1807 πρόσωπον
3300 1734 3518 1788 αὑτοῦ.»
3553 1734 3663 1786 Kal.
3718 1732 3843 1786 ἄλλο
3872 1732 3930 1787 δὲ

2372 1830 2650 1900 γνώρισμα
2681 1829 2859 1882 δίδωσι
2888 1827 2977 1881 τοῦ
3010 1826 3435 1898 προδηλωθέντος
3481 1826 3705 1896 Κυρίου,
3736 1825 3929 1894 λέγων’

2380 1940 2398 1972 ι
2436 1921 2540 1973 Τοῦ
2574 1922 2777 1991 πατρὸς
2802 1919 2907 1972 τῶν
2938 1918 3183 1988 ὀρφανῶν
3213 1918 3307 1971 καὶ
3337 1916 3523 1989 κριτοῦ
3555 1916 3659 1969 τῶν
3686 1915 3924 1987 χηρῶν.»

2303 1990 2344 2043 Β
2373 2012 2435 2063 Εί
2472 2013 2544 2083 μὴ
2586 1990 2693 2083 γὰρ
2724 2010 2969 2083 ὀρφανῶν
2995 2009 3190 2080 ἠξίωσε
3223 2007 3467 2076 γενέσθαι
3510 2008 3711 2079 πατὴρ,
3748 2004 3931 2077 χηρῶν

2372 2120 2429 2156 τε
2452 2103 2660 2165 έκδικος
2691 2104 2781 2155 καὶ
2830 2101 3041 2173 κριτὴς,
3092 2098 3264 2161 οὐδείς
3307 2093 3374 2167 ἦν
3410 2096 3556 2166 αύτῷ
3597 2096 3752 2164 λόγος
3795 2095 3932 2168 πρὸς

2372 2196 2495 2259 τοὺς
2519 2193 2609 2245 ἐπὶ
2652 2193 2753 2263 γῆς
2804 2190 3108 2254 ταπεινούς.
3172 2189 3321 2242 Ἐπεὶ
3374 2189 3429 2242 δὲ
3478 2188 3598 2240 καθ’
3632 2186 3934 2257 ὑπερϐολὴν

2373 2285 2774 2355 φιλανθρωπίας
2800 2279 3408 2353 κατηξίωσενέπιὸἧναι
3449 2280 3539 2331 ἐπὶ
3568 2277 3804 2347 δυσμῶν,
3837 2280 3932 2329 καὶ
3976 2351 3979 2356 _

2372 2376 2478 2429 τῶν
2506 2378 2562 2429 ἐν
2592 2374 2668 2443 τῷ
2690 2375 2863 2444 σκότῳ
2885 2372 3131 2444 ὀρφανῶν
3159 2371 3489 2442 χρηματίσαι
3521 2368 3719 2439 πατὴρ,
3739 2367 3845 2419 τῶν
3873 2383 3933 2419 τε

2372 2467 2744 2537 άπεριστάτων
2767 2465 2948 2535 χηρῶν
2971 2481 3028 2516 τε
3055 2463 3147 2515 καὶ
3180 2464 3399 2533 ἐρήμων
3430 2459 3615 2530 ψυχῶν
3635 2460 3823 2530 κριτὴς
3842 2461 3935 2511 καὶ

2374 2560 2579 2622 ἔκδικος
2611 2557 2878 2626 γενέσθαι’
2915 2556 3136 2618 εἰκότως
3184 2554 3277 2626 τὴν
3307 2553 3420 2607 ὀδδν
3451 2553 3807 2624 τὴν,άγουσαν
3844 2553 3937 2604 ἐπὶ

2373 2654 2493 2715 τοὺς
2520 2650 2787 2722 ὀρφανοὺς
2844 2649 2968 2710 τοὺς
2993 2648 3081 2700 τὸν
3115 2647 3429 2717 ἐπουράνιον
3466 2644 3794 2714 ’ἀγνοοῦντας
3818 2644 3934 2696 Πα-

2372 2744 2524 2813 τέρα,
2557 2742 2647 2794 ἐπί
2696 2757 2755 2793 τε
2802 2740 2900 2802 τὰς
2946 2740 3308 2810 ἐστερημένας
3340 2728 3711 2807 τοῦ’νυμφίου
3764 2737 3937 2806 χήρας

2373 2836 2547 2906 ψυχὰς
2578 2835 2837 2889 ὁδοποιεῖν
2868 2829 3314 2903 παρακελεύεται.
3365 2829 3474 2882 Καὶ
3528 2828 3699 2889 ἄλλως
3733 2827 3808 2891 δέ,
3840 2823 3934 2877 τοῦ

2376 2927 2499 2998 περὶ
2524 2924 2785 2997 Προνοίας
2808 2924 2965 2991 λόγου
2997 2923 3189 2990 γένοιτ’
3240 2920 3305 2974 ἂν
3336 2921 3367 2990 ή
3414 2918 3618 2972 διάνοια
3656 2934 3936 2989 παραστα-

2373 3017 2519 3089 τικὴ,
2559 3018 2901 3079 διδάσκουσα,
2931 3015 3012 3066 ὃτι
3035 3013 3198 3083 χῆραι
3241 3012 3333 3064 καὶ
3366 3010 3589 3080 ὀρφανοὶ
3618 3009 3811 3080 ἔρημοι
3842 3009 3937 3060 καὶ

2374 3110 2719 3179 ἀπερίστατοι
2744 3104 3159 3159 καταλείπονται
3181 3102 3238 3153 ἐν
3260 3100 3337 3170 τῷ
3362 3098 3462 3169 βίῳ
3488 3098 3588 3151 οὐκ
3632 3098 3758 3151 ἄνευ
3778 3097 3936 3165 λόγου

2375 3202 2467 3253 καὶ
2498 3199 2687 3267 σοφίας
2708 3194 2863 3260 Θεοῦ,
2892 3194 3004 3247 ἀλλ’
3030 3195 3109 3255 είς
3132 3190 3284 3255 δόξαν
3304 3189 3466 3243 αὐτοῦ
3490 3191 3581 3242 καὶ
3609 3193 3689 3253 είς
3719 3189 3938 3254 ἔνδειξιν

2374 3292 2473 3359 τῆς
2499 3288 2661 3344 αὑτοῦ
2695 3288 2843 3350 θείας
2868 3286 3189 3356 ἐπισκοπῆς.
3223 3282 3485 3347 Πολλάκις
3503 3282 3631 3349 γοῦν
3659 3284 3707 3335 οί
3741 3282 3939 3349 γονέων

2383 3380 2729 3452 ἐστερημένοι
2758 3378 2943 3441 παῖδες
2965 3377 3187 3449 ὀρφανοὶ
3219 3374 3415 3445 μᾶλλον
3445 3374 3552 3427 τῶν
3577 3374 3681 3427 ὑπὸ
3706 3373 3941 3442 πατράσι

2382 3455 2893 3544 τραφέντωνλόγων
2926 3470 3015 3523 καὶ
3050 3468 3291 3531 παιδείας
3340 3466 3617 3537 μετέσχον,
3656 3463 3940 3537 μακρόϐιοί

2383 3581 2441 3622 τε
2474 3565 2563 3618 καὶ
2610 3564 2945 3633 πολυχρόνιοι
2998 3562 3267 3630 γεγόνασι·
3300 3559 3393 3613 καὶ
3436 3558 3497 3611 ού
3531 3558 3687 3628 μόνον
3740 3555 3943 3627 τροφῆς

2384 3656 2719 3727 ηὐπόρησαν,
2738 3651 2870 3706 ἀλλὰ
2888 3653 2981 3706 καὶ
3012 3653 3090 3715 είς
3120 3652 3415 3722 ἐπισήμους
3442 3648 3639 3719 ἄνδρας
3655 3645 3941 3719 προῆλθον.
3986 3670 3993 3677 τ

2386 3748 2493 3802 Καὶ
2526 3749 2775 3815 γυναῖκες
2803 3744 3059 3807 ὡσαύτως
3090 3743 3285 3816 χηρίαν
3311 3742 3705 3811 δυστυχήσασαι
3747 3738 3942 3808 μᾶλλον

2384 3842 2491 3894 τῶν
2514 3843 2571 3894 ἐν
2601 3837 2827 3909 συζυγία
2860 3837 2970 3907 βίον
2998 3836 3227 3906 εὓθυμον
3258 3835 3348 3887 καὶ
3374 3834 3573 3887 ἄλυπον
3595 3832 3688 3885 καὶ
3721 3830 3942 3900 θεοσεϐῆ

2386 3932 2675 4003 διεξῆλθον·
2708 3930 2799 3983 τοῦ
2848 3928 2981 3983 Θεοῦ
3014 3931 3126 3990 τοῖς
3154 3928 3251 3993 μὲν
3298 3927 3549 3996 ὀρφανοῖς
3599 3924 3734 3993 ὑπὲρ
3769 3923 3943 3975 πάντα

2388 4024 2597 4094 πατέρα
2630 4014 3013 4082 καταστάντος,
3046 4019 3164 4079 ταῖς
3210 4015 3267 4067 δὲ
3316 4017 3511 4086 χήραις
3564 4012 3944 4081 ἀντιλήπτορος

2390 4130 2483 4182 καὶ
2509 4126 2739 4180 ἐκδίκου.
2763 4125 2852 4178 Διό
2879 4124 3105 4196 εἴρηται·
3153 4142 3170 4174 ι
3199 4120 3304 4174 Τοῦ
3346 4119 3547 4191 πατρὸς
3570 4117 3678 4171 τῶν
3698 4115 3944 4188 ὀρφανῶν

2391 4229 2484 4282 καὶ
2513 4227 2696 4298 κριτοῦ
2736 4225 2842 4279 τῶν
2890 4224 3124 4297 χηρῶν.»
3159 4222 3311 4276 ’Ἀντί
3342 4220 3398 4273 δὲ
3433 4218 3551 4285 τοῦ,
3590 4237 3611 4270 ι
3652 4218 3739 4290 Τῷ
3765 4217 3947 4271 ἐπιδει-

2392 4333 2583 4403 6ηκότι
2616 4332 2707 4385 ἐπὶ
2735 4330 3006 4401 δυσμ‹ἶ›ν,ι
3039 4331 3067 4382 ό
3088 4329 3396 4400 Σύμμαχοςυ
3440 4346 3458 4378 ι
3487 4324 3577 4395 Τῷ
3603 4320 3947 4394 ἐποχουμένῳ

2395 4437 2452 4488 ἐν
2482 4437 2548 4505 τῇ
2587 4433 2874 4505 ἀοικήτῳ.)
2915 4433 3194 4503 Ἀοίκητον
3229 4431 3285 4483 δὲ
3318 4429 3473 4483 καλεῖ
3513 4428 3610 4498 τὴν
3652 4425 3758 4479 τῶν
3792 4423 3945 4478 ἁλλο-

2394 4539 2564 4610 γενῶν
2587 4540 2680 4593 καὶ
2709 4539 3017 4609 ἀλλοφύλων
3046 4536 3211 4591 ἐθνῶν
3238 4536 3440 4607 χώραν’
3478 4533 3545 4603 ἢν
3594 4532 3794 4607 ἔρημον
3834 4530 3949 4583 ὀνο-

2400 4649 2586 4719 μάζειν
2618 4650 2674 4700 ἐν
2699 4648 2905 4716 ἐτέροις
2947 4644 3133 4698 εἴωθεν
3174 4643 3203 4694 6
3233 4642 3405 4709 λόγος.
3444 4637 3553 4691 Καὶ
3599 4636 3759 4690 πάλιν
3805 4633 3944 4696 ἀντὶ,

735 4766 979 4823 quaenam
1007 4766 1065 4808 se
1102 4752 1295 4824 dignae,
1326 4767 1448 4824 qua:
1480 4768 1589 4808 non
1618 4752 1794 4826 digna:
1839 4754 1968 4818 sint,
2008 4752 2174 4822 judex
2198 4744 2290 4807 ea-
2324 4778 2343 4834 ι

2324 4778 2368 4834 D
2402 4770 2421 4804 ι
2454 4753 2544 4807 τοῦ
2571 4751 2757 4827 κριτοῦ
2779 4750 2885 4804 τῶν
2907 4748 3141 4821 χηρῶν,›
3172 4749 3200 4799 ὀ
3244 4745 3339 4815 μὲν
3378 4742 3627 4806 Ἀκύλας,
3650 4759 3668 4791 ι
3695 4736 3948 4792 δικαστοῦ

736 4873 855 4912 rum
889 4857 1259 4913 constituitur.
1292 4855 1475 4927 Neque
1503 4865 1685 4914 tamen
1734 4859 1853 4927 pari
1897 4857 2059 4913 modo
2086 4857 2287 4929 orpha-

737 4979 928 5023 norum
948 4964 1114 5034 judex
1148 4962 1311 5017 fuerit
1343 4982 1355 5016 :
1387 4977 1541 5034 aeque
1556 4964 1699 5018 enim
1729 4963 1837 5018 illis
1868 4978 1966 5018 ceu
1992 4972 2146 5033 pater
2162 4978 2290 5034 pro—

739 5070 921 5140 spiCit.
2112 5070 2113 5073 “

2394 4859 2629 4930 χηρῶν,›
2650 4860 2677 4910 ὁ
2708 4856 2763 4909 δὲ
2790 4854 3100 4925 Σύμμαχος,
3120 4869 3139 4902 ι
3168 4850 3262 4903 καὶ
3276 4845 3687 4919 ὐπερδικοῦντος
3708 4843 3943 4915 χηρῶν,›

2395 4958 2764 5036 ἡρμήνευσαν.
2802 4961 3013 5032 Σφόδρα
3031 4958 3089 5012 δὲ
3133 4952 3372 5028 ἀκριϐῶς
3396 4951 3643 5025 ὀρφανῶν
3671 4951 3767 5022 μὲν
3788 4950 3950 5004 αὑτὸν

2396 5068 2609 5145 πατέρα
2632 5064 2913 5129 ἀποκαλεῖ,
2944 5060 3128 5134 χηρῶν
3169 5060 3227 5114 δὲ
3269 5058 3481 5131 κριτήν.
3524 5055 3677 5108 Ἐπεὶ
3718 5054 3825 5126 γὰρ
3876 5053 3952 5125 μὴ

741 5166 909 5221 πᾶσαι
936 5167 1097 5238 χῆραι
1122 5150 1220 5236 τῆς
1246 5168 1365 5238 ῐσης
1398 5166 1697 5238 ὑπάρχουσι
1760 5158 2144 5237 προαίρέσεως,
2202 5163 2488 5235 διακρίνων
2557 5160 2651 5223 τὰς
2709 5158 2863 5227 ἀξίας
2896 5155 3057 5212 αὑτοῦ
3127 5155 3221 5210 καὶ
3258 5152 3355 5217 τὰς
3401 5151 3481 5223 μὴ
3519 5148 3791 5213 τοιαύτας,
3835 5164 3953 5218 κρι-

738 5262 837 5333 τὴς
863 5263 1038 5315 αὐτῶν
1068 5261 1406 5317 καθίσταται.
1434 5265 1509 5315 Οὐ
1554 5262 1657 5333 μὴν
1696 5262 1788 5313 καὶ
1816 5260 2061 5332 ὀρφανῶν
2094 5261 2293 5329 ὁμοίως
2327 5259 2519 5327 γένοιτ’
2561 5258 2628 5312 ἂν
2650 5256 2872 5327 κριτής·
2903 5252 2961 5319 ἐξ
2990 5252 3108 5305 ἴσου
3140 5250 3248 5320 γάρ
3271 5246 3473 5302 τούτων
3537 5244 3740 5317 πατρὸς
3799 5240 3952 5310 δίκην

742 5358 973 5425 προνοεῖ.

817 5468 977 5535 Vaas.
1010 5477 1061 5531 7.
1102 5498 1120 5531 ι
1159 5477 1301 5535 Deus
1344 5478 1399 5532 in
1431 5478 1550 5533 loco
1583 5486 1775 5535 sancto
1801 5464 1929 5544 sua,
1964 5478 2107 5538 Deus
2137 5482 2294 5535 inha-

750 5572 925 5625 bitare
944 5567 1073 5624 facit
1106 5572 1267 5624 unius
1286 5569 1455 5625 moris
1487 5570 1541 5625 in
1569 5571 1754 5627 domo.
1791 5591 1811 5625 ι
1844 5569 1981 5637 Quia
2032 5572 2299 5628 memora-

746 5671 860 5716 tum
896 5660 1193 5729 Dominum,
1214 5663 1371 5731 quasi
1417 5661 1724 5731 deprimens
1750 5661 2009 5718 humilem
2033 5664 2089 5719 iu
2120 5666 2297 5719 locum

746 5753 1063 5816 deduxerat,
1105 5752 1293 5808 dicens
1311 5754 1624 5809 ascendisse
1646 5770 1813 5824 super
1841 5768 2119 5820 occasum,
2148 5771 2297 5812 esse-

748 5858 854 5913 que
886 5851 1092 5913 patrem
1126 5845 1490 5915 orphanorum
1512 5855 1566 5899 et
1590 5845 1827 5913 judicem
1858 5847 2178 5915 viduarum;
2204 5862 2300 5901 ne-

749 5940 986 5995 cessario
1032 5940 1097 5995 ad
1126 5939 1246 6015 ejus
1293 5937 1545 5995 deitatem
1598 5937 2015 6009 praedicandam,
2046 5922 2295 6004 vertitur,

2477 5501 2495 5534 ι
2532 5481 2589 5534 '0
2618 5460 2749 5542 Θεὸς
2781 5480 2837 5530 ἐν
2875 5475 3024 5547 τόπῳ
3058 5474 3196 5544 ἁγιῳ
3227 5470 3411 5535 αὑτοῦ,
3443 5467 3627 5531 ὀΘεὺς
3658 5459 3953 5523 κατοικίζει

2404 5572 2762 5643 μονοτρόπους
2789 5572 2847 5621 ἐν
2891 5553 3087 5637 ὀῖκῳ.»
3134 5564 3348 5634 Ἐπειδὴ
3403 5560 3492 5616 τὸν
3550 5552 3957 5643 προδηλωθέντα

2400 5641 2601 5736 Κύριον
2630 5652 2778 5717 κάτω
2800 5677 2899 5721 που
2930 5658 3021 5712 ἐπι
3066 5661 3127 5712 τὸ
3169 5655 3418 5712 ταπεινὸν
3468 5653 3776 5739 κατήγαγεν
3802 5644 3835 5699 6
3872 5641 3957 5739 1:5-

2399 5732 2513 5822 γος,
2542 5748 2921 5821 ἐπιϐεϐηκέναι
2949 5748 3040 5800 ἐπὶ
3066 5744 3281 5816 δυσμῶν
3314 5745 3490 5813 φήσας
3510 5736 3689 5796 αὐτὸν,
3709 5732 3959 5801 ὀρφανῶν

2401 5862 2458 5898 τε
2480 5840 2618 5897 εἶναι
2648 5841 2860 5911 πατέρα
2882 5839 2975 5894 καὶ
3000 5838 3181 5910 χηρῶν
3207 5835 3417 5907 κριτὴν,
3447 5823 3755 5896 ἀναγκαίως
3800 5822 3960 5872 ἐπαν-

2402 5936 2617 6008 έρχεται
2652 5933 2741 5988 ἐπὶ
2791 5932 2887 6000 τὴν
2952 5930 3081 5998 περὶ
3119 5926 3281 5983 αὐτοῦ
3337 5920 3632 5990 θεολογίαν,
3673 5913 3944 5974 διδάσκωνΔ
