4300 6400
400 478 516 532 ϐἓςίνΔ

1509 475 2007 530 COMMENTABIA
2048 475 2109 529 IN
2150 476 2482 531 PSALMOS.

3468 549 3476 565 Ι
3501 479 3603 533 690

397 597 480 651 ὅτι
503 587 620 657 ταῖς
655 595 750 665 μὲν
777 593 1181 665 προλεχθείσαις
1211 592 1440 660 δυσμαῖς
1468 591 1554 642 διά
1582 608 1730 653 τινας
1749 593 1949 644 οίκονο-
1977 597 2024 652 Α
2051 591 2095 645 dt

1903 609 1949 643 ο-
1977 597 2024 652 Α
2051 591 2252 645 docens
2271 606 2394 644 eum
2414 590 2477 643 ad
2507 590 2818 659 praedictum
2845 605 3098 646 occasum
3129 607 3223 660 per
3249 590 3601 653 oeconomiam

403 688 528 758 μίας
554 686 683 755 πρὸς
719 685 920 755 βραχὺν
951 682 1213 735 ὲπιϐαίνει
1244 681 1449 750 χρόνον·
1481 682 1540 732 τό
1573 699 1635 748 γε
1677 683 1779 752 μὴν
1805 683 1956 751 οἰκη-

397 778 582 846 τήριον
619 773 782 826 αὐτοῦ
811 778 904 827 καὶ
941 776 973 844 ή
997 773 1274 843 πρέπουσα
1324 771 1470 840 αὐτῷ
1497 771 1740 842 διατριϐὴ
1769 770 1866 824 οὐκ
1897 773 1953 824 ὲν

398 865 625 934 δυσμαῖς
679 865 847 927 ἐστιν,
906 883 923 914 ι
953 863 1062 917 ἀλλ’
1090 865 1146 914 ὲν
1206 862 1353 931 τόπῳ
1377 863 1535 932 ἁγίῳο
1573 882 1589 910 ι
1638 864 1671 932 ἢ
1698 864 1838 915 κατὰ
1863 863 1950 915 τὸν

412 950 658 1014 Ἀκύλαν,
693 953 786 1002 «ὲν
819 951 1115 1021 οἱκητηρίῳ
1151 951 1464 1020 ήγιασμένῳ
1499 951 1714 1003 αὐτοῦ’)
1747 953 1778 1022 ἢ
1815 951 1955 1005 κατὰ

397 1040 487 1092 τὸν
518 1041 830 1111 Σύμμαχον,
890 1060 908 1092 ι
942 1043 998 1092 ὲν
1044 1041 1328 1110 βασιλείοις
1357 1042 1531 1110 ἁγίοις
1551 1043 1763 1097 αὐτοῦ.ι
1801 1043 1953 1095 Ἐστι

402 1132 500 1202 μὲν
525 1133 632 1201 γὰρ
662 1132 806 1202 αὐτῷ
842 1132 1000 1195 τόπος
1021 1134 1318 1203 ἐμπρέπων
1359 1135 1452 1187 καὶ
1484 1135 1735 1204 ἁρμόζων
1762 1139 1826 1208 τῇ
1856 1136 1955 1188 αύ-

396 1221 488 1274 τοῦ
520 1223 746 1292 Θεότητι·
764 1223 910 1290 ὅμως
934 1223 977 1274 δ’
995 1218 1104 1287 οὖν,
1124 1224 1497 1296 φιλάνθρωπος
1517 1226 1612 1288 ὢν,
1645 1225 1740 1277 τοῦ
1758 1226 1951 1278 οἰκείου

402 1313 658 1383 μεγέθους
709 1313 1148 1380 ὑποκαταϐαἰνει,
1205 1315 1621 1383 συγκαταϐαίνει
1655 1332 1712 1367 τε
1755 1318 1866 1380 τοῖς
1898 1319 1955 1369 ὲν

396 1401 622 1472 δυσμαῖς
646 1401 880 1455 οἰκοῦσιν
908 1405 1155 1475 ὀρφανοῖς
1207 1407 1300 1458 καὶ
1351 1409 1564 1477 χήραις.
1608 1405 1697 1457 Διὸ
1727 1407 1819 1458 καὶ
1870 1406 1957 1457 ἁλ-

396 1491 557 1561 λαχοῦ
601 1493 829 1562 εἴρηται·
891 1514 910 1544 ιι
959 1497 1076 1549 Ὅτι
1129 1497 1235 1548 ἰδοὺ
1295 1497 1494 1565 Κύριος
1543 1495 1744 1565 Κύριος
1795 1495 1956 1546 ἔκπο-

400 1580 611 1650 βεύεται
643 1583 732 1633 καὶ
757 1583 1120 1653 καταϐήσεται
1149 1587 1211 1635 ὲκ
1238 1583 1330 1635 τοῦ
1351 1586 1515 1636 τόπου
1546 1581 1730 1637 αὑτοῦ.
1757 1601 1773 1633 ι
1811 1583 1955 1634 Κατ-

399 1669 492 1724 ιὼν
522 1670 577 1724 δὲ
630 1671 836 1724 ἐνθένδε
894 1673 987 1726 καὶ
1043 1671 1333 1725 ἐπιϐαίνων
1374 1672 1465 1723 ἐπὶ
1513 1671 1739 1743 δυσμὰς,
1793 1672 1950 1723 ὁποῖα

395 1762 775 1845 διαπράττεται
819 1764 1154 1834 θεασώμεθα.
1220 1784 1236 1815 ι
1266 1764 1592 1828 Κατοικίζει,
1653 1764 1804 1834 φησὶ,
1864 1779 1956 1833 μο-
2000 1814 2004 1818 .

397 1858 686 1928 νοτρόπους
709 1861 764 1910 ὲν
782 1857 965 1928 οἴκῳ.»
999 1857 1153 1910 Κατὰ
1188 1857 1242 1908 δὲ
1286 1856 1374 1908 τὸν
1409 1855 1718 1926 Σύμμαχον,
1751 1873 1769 1906 ι
1794 1853 1955 1906 Δίδω-

2059 683 2126 736 ad
2165 683 2325 736 breve
2370 689 2580 749 tempus
2626 679 2955 734 ascendisse.
3012 678 3354 735 Domicilium
3409 683 3606 754 quippe

2055 773 2174 841 ejus
2205 781 2260 828 et
2286 773 2552 842 condigna
2574 773 2744 841 ipsius
2778 771 3036 826 habitatio
3061 786 3169 825 non
3206 772 3260 826 in
3287 788 3481 829 occasu
3498 785 3601 840 est;

2055 865 2145 918 sed
2192 881 2211 914 ι
2252 864 2305 916 ἰη
2336 863 2454 917 loco
2501 869 2722 928 sancto;
2775 881 2794 913 ι
2855 863 2967 917 sive
3001 862 3294 918 secundum
3331 863 3601 932 Aquilam,

2061 972 2078 1003 ι
2125 951 2517 1006 inbabitaculo
2555 950 2892 1006 sanctiﬁcata
2921 967 3052 1017 suo;
3095 969 3113 1002 ι
3160 961 3251 1005 aut
3305 955 3601 1010 secundum

2059 1043 2462 1114 Symmachum,
2490 1060 2507 1090 ‹
2534 1042 2587 1094 in
2619 1042 2763 1111 regia
2793 1050 2978 1097 sancta
3012 1058 3130 1097 sua.
3164 1064 3179 1094 ι
3217 1037 3310 1097 Est
3336 1045 3476 1099 enim
3498 1046 3600 1115 ipsi

2056 1136 2215 1190 locus
2237 1130 2562 1197 condeCens,
2600 1141 2652 1185 et
2686 1133 2873 1186 deitati
2906 1132 3025 1202 ejus
3055 1137 3480 1201 consentaneus;
3505 1137 3599 1190 sed

2053 1233 2235 1280 tamen
2270 1224 2543 1284 humanus
2572 1238 2694 1277 cum
2750 1224 2842 1288 sit,
2888 1238 2919 1276 a
2965 1225 3184 1292 propria
3233 1226 3602 1296 magnitudine

2055 1316 2355 1378 descendit,
2387 1314 2754 1385 orphanisque
2786 1323 2841 1368 et
2875 1313 3056 1369 viduis
3094 1315 3148 1367 in
3200 1331 3398 1371 occasu
3450 1317 3602 1372 habi-

2056 1405 2297 1459 tantibus
2346 1419 2465 1460 sese
2527 1411 2866 1474 attemperat.
2926 1403 3102 1469 Quare
3156 1405 3281 1459 alibi
3331 1407 3530 1463 dicitur
3585 1430 3594 1462 :

2062 1513 2080 1545 ι
2115 1494 2254 1559 Quia
2275 1509 2401 1550 ecce
2423 1494 2683 1549 Dominus
2716 1493 2975 1550 Dominus
3009 1495 3282 1565 egreditur
3303 1505 3355 1551 et
3383 1497 3601 1554 descen-

2057 1584 2146 1638 det
2181 1584 2248 1640 de
2273 1584 2394 1637 loco
2429 1599 2548 1639 suo.
2594 1604 2612 1636 ι
2643 1583 2780 1640 Cum
2804 1592 2980 1640 autem
3015 1587 3137 1642 inde
3166 1571 3525 1652 descenderit,
3547 1598 3601 1644 et

2056 1675 2362 1730 ascenderit
2421 1689 2586 1744 super
2627 1689 2904 1740 occasum,
2954 1691 3072 1744 qua:
3101 1685 3372 1746 operetur,
3413 1678 3598 1732 videa—

2058 1781 2200 1820 mus.
2243 1784 2260 1816 ι
2302 1762 2612 1818 Inhabitare
2668 1763 2814 1829 facit,
2863 1766 3058 1835 inquit,
3105 1769 3266 1823 unius
3329 1758 3495 1824 moris
3543 1769 3596 1823 in

2057 1856 2237 1910 domo.
2280 1874 2296 1906 ι
2331 1853 2642 1908 Secundum
2671 1853 3050 1924 Symmachum
3098 1866 3298 1924 autem,
3335 1878 3354 1911 ‹
3385 1839 3490 1914 ’θοι
3514 1860 3595 1914 in-

401 1965 484 2000 σιν
511 1951 676 2001 οἰκεῖν
703 1950 949 2018 μοναχοῖς
979 1947 1203 2000 οἰκίαν-ι
1268 1946 1361 1998 καὶ
1388 1946 1525 1998 κατὰ
1561 1946 1648 1998 τὸν
1709 1943 1952 2006 Ἀκύλαν,
1986 1939 2026 1992 Β
2056 1946 2099 1998 b:

1900 1960 1952 2006 .ν,
1986 1939 2026 1992 Β
2056 1945 2400 1999 habitandam
2426 1944 2706 2000 monachis
2733 1945 2978 2012 domum;
3030 1965 3046 1996 ι
3085 1949 3380 2002 secundum
3432 1952 3598 2020 Aqui-

403 2058 420 2090 ι
440 2037 662 2101 Καθίςει
691 2040 993 2108 μονογενεῖς
1022 2036 1275 2089 οἴκονδε·›
1312 2037 1449 2089 κατὰ
1479 2038 1534 2089 δὲ
1562 2037 1660 2106 τὴν
1694 2036 1947 2105 πέμπτην

395 2129 622 2192 ἔκδοσιν,
693 2149 710 2180 ι
736 2129 1044 2190 Κατοικίζει
1087 2127 1412 2198 μονοζώνους
1471 2130 1528 2181 ὲν
1569 2130 1720 2198 οἴκῳ.
1765 2147 1784 2179 ι
1843 2129 1948 2180 Καὶ

394 2220 534 2272 τοῦτ’
570 2216 637 2294 ἦν
664 2221 724 2273 τὺ
752 2221 964 2290 πρῶτον
986 2220 1145 2272 αὐτοῦ
1197 2219 1539 2290 κατόρθωμα*
1569 2220 1597 2272 ὃ
1633 2219 1697 2290 δὴ
1731 2221 1823 2273 καί¹
1851 2220 1947 2288 μέ-

394 2328 577 2380 γιστον
607 2311 712 2365 τῶν
741 2311 903 2364 αὑτοῦ
956 2311 1387 2382 κατορθωμάτων
1418 2311 1495 2382 τῷ
1521 2312 1628 2363 τῶν
1651 2309 1948 2383 ἀνθρώπων

391 2400 688 2472 δεδώρηται
727 2401 891 2468 γένει.
951 2402 1023 2453 Τὸ
1073 2399 1202 2469 γοῦν
1259 2392 1470 2471 πρῶτον
1506 2401 1689 2471 τάγμα
1737 2402 1844 2454 τῶν
1892 2402 1947 2453 ὲν

394 2491 614 2562 Χριστῷ
641 2493 1051 2564 προκοπτόντων
1101 2493 1160 2547 τὸ
1204 2493 1330 2546 -τῶν
1383 2495 1627 2564 μοναχῶν
1671 2494 1943 2562 τυγχάνει.

347 2581 349 2590 ’
392 2581 615 2634 Σπάνιοι
646 2581 703 2632 δέ
743 2584 877 2633 εἰσιν
906 2575 1066 2636 οὗτοι·
1134 2581 1214 2635 διὸ
1263 2583 1401 2636 κατὰ
1456 2585 1545 2636 τὸν
1598 2583 1823 2635 Ἀκύλαν
1857 2601 1949 2652 μο-

393 2672 626 2737 νογενεῖς
687 2666 1080 2739 ὠνομάσθησαν
1100 2659 1514 2741 ἀφωμοιωμένοι
1559 2670 1636 2740 τῷ
1677 2673 1949 2739 μονογενεί

396 2759 509 2828 Υίῷ
539 2742 629 2811 τοῦ
663 2757 816 2812 Θεοῦ.
855 2758 1009 2813 Κατὰ
1033 2743 1098 2812 δὲ
1118 2761 1242 2822 τοὺς
1282 2760 1672 2829 Ἐϐδομήκοντα
1697 2761 1947 2830 μονότρο-

383 2867 485 2903 ¹ποι
542 2851 915 2920 τυγχάνουσιν,
965 2850 1078 2903 ἀλλ’
1107 2851 1166 2903 ού
1215 2850 1555 2920 πολύτροποι,
1604 2851 1721 2904 οὐδὲ
1763 2851 1947 2904 ἄλλοτε

394 2940 565 3006 ἄλλως
587 2941 678 2993 τὸν
713 2939 915 2993 ἑαυτῶν
942 2940 1356 3010 μεταϐάλλοντες
1388 2941 1603 3012 τρόπον,
1655 2941 1748 2993 ἕνα
1775 2940 1829 2992 δὲ
1864 2943 1950 3011 μό-

380 3047 484 3085 ’νον
508 3031 912 3101 κατορθοῦντες,
946 3033 1035 3085 τὸν
1063 3036 1141 3095 εἰς
1173 3032 1336 3103 ἄκρον
1363 3034 1561 3103 ἥκοντα
1587 3036 1802 3103 ἀρετῆς.
1837 3037 1947 3088 Μο-

395 3124 654 3189 νοζώνους
679 3125 734 3176 δὲ
771 3125 1017 3193 αὑτοὺςή
1050 3125 1268 3194 πέμπτη
1297 3125 1504 3187 ἕκδοσις
1552 3125 1850 3196 ὠνόμασεν,
1873 3129 1946 3188 ὡς

396 3211 460 3264 ἂν
491 3214 744 3282 μονήρεις
765 3212 856 3266 καὶ
876 3211 994 3264 καθ’
1007 3215 1228 3275 ἑαυτοὺς
1256 3213 1675 3290 ἀνεζωσμένους.
1707 3213 1943 3266 Τοιοῦτοι

394 3303 451 3356 δὲ
477 3278 674 3366 πάντες
707 3305 841 3358 εἰσὶν
869 3305 918 3356 οἰ
951 3304 1042 3359 τὸν
1077 3306 1282 3374 μονήρη
1306 3281 1398 3357 καὶ
1441 3278 1601 3371 άγνὸν
1631 3304 1942 3374 κατορθοῦν·
1975 3278 2015 3334 C

395 3407 485 3455 τες
513 3392 646 3461 βίον,
672 3387 745 3445 ὧν
778 3391 982 3462 πρῶτοι
1013 3393 1295 3460 γεγόνασιν
1329 3394 1375 3444 οἰ
1401 3392 1492 3444 τοῦ
1525 3393 1770 3462 Σωτῆρος
1797 3392 1949 3462 ἡμῶν

399 3482 652 3554 μαθηταὶ,
680 3479 760 3547 οἷς
820 3484 1020 3555 εἴρητο·
1063 3502 1081 3534 ι
1122 3484 1211 3553 Μὴ
1245 3483 1516 3554 κτήσησθε
1571 3485 1787 3554 χρυσὸν,
1821 3484 1950 3557 μηδὲ

396 3574 628 3644 ἄργυρον
656 3575 736 3636 εἰς
774 3574 874 3637 τὰς
930 3573 1102 3637 ζώνας
1134 3573 1307 3643 ὑμῶν,
1376 3574 1448 3643 μὴ
1492 3575 1669 3643 πήραν
1704 3577 1781 3637 εἰς
1811 3576 1947 3639 όδὸν,

400 3663 530 3733 μηδὲ
559 3663 896 3733 ὑποδήματα,
922 3663 1054 3734 μηδὲ
1089 3663 1332 3733 ῥάϐδον.»
1380 3665 1467 3717 Ἐν
1497 3664 1604 3736 γὰρ
1653 3666 1729 3734 τῷ
1776 3666 1950 3739 λέγειν

401 3752 473 3822 μὴ
495 3752 604 3805 δεῖν
626 3752 926 3824 κτήσασθαι
945 3753 1139 3824 χρυσὸν
1169 3753 1299 3823 μηδὲ
1323 3753 1555 3824 ἄργυρον
1571 3756 1648 3814 είς
1663 3753 1759 3816 τὰς
1780 3754 1952 3818 ζώνας

396 3843 797 3914 ἀνεζωσμένους
850 3845 1043 3907 αὐτοὺς
1102 3844 1328 3912 εἰσάγει.
1364 3843 1518 3897 Οὕτω
1573 3844 1627 3896 δὲ
1660 3846 1754 3897 καὶ
1787 3847 1950 3899 πᾶσιν

399 3932 527 4001 ἡμῖν
582 3933 610 3984 ὁ
651 3933 964 3999 Ἀπόστολος
1019 3933 1444 4005 παρακελεύεται
1503 3934 1692 4001 λέγων·
1743 3953 1760 3986 ι
1784 3935 1949 4006 Στῆτε

396 4019 489 4076 οὖν
512 4022 941 4096 περιζωσάμενοι
969 4026 1067 4095 τὴν
1091 4028 1257 4093 ὀσφὺν
1283 4027 1432 4096 ὑμῶν
1461 4029 1517 4079 ὲν
1551 4025 1822 4096 ἀληθείᾳ.»
1842 4030 1952 4080 Καὶ

395 4115 445 4168 οἰ
484 4113 544 4167 τὸ
564 4106 761 4186 ’Πάσχα
790 4117 848 4168 δὲ
875 4116 1141 4178 ἐσθίοντες
1167 4116 1470 4168 ἐκελεύοντο
1496 4115 1592 4178 τὰς
1621 4115 1787 4184 ὀσφῦς
1809 4117 1950 4186 ἔχειν

397 4205 854 4276 περιεζωσμένας.
890 4205 1056 4259 Τοῦτο
1085 4205 1148 4276 δὴ
1180 4202 1272 4261 οῦν
1303 4208 1517 4281 πρῶτον
1563 4207 1813 4278 κατορθοῖ
1841 4213 1950 4272 τοῖς

397 4297 454 4348 ὲν
506 4294 732 4365 δυσμαῖς
779 4295 1014 4348 οἰκοῦσιν
1067 4297 1405 4369 ἐπιδημήσας
1432 4301 1487 4361 ,ό
1549 4298 1945 4369 θεσπιζόμενος.

410 4386 539 4446 Ἀπὸ
557 4385 664 4457 γὰρ
687 4385 794 4438 τῶν
825 4386 1220 4458 προλεχθέντων
1258 4390 1504 4460 ὀρφανῶν
1527 4391 1618 4443 καὶ
1646 4391 1754 4446 τῶν
1783 4393 1948 4463 δηλω-

397 4475 589 4530 θεισῶν
629 4476 810 4546 χηρῶν
839 4476 1131 4548 ξάφορίσας,
1194 4479 1466 4552 ὲξαίρετον
1514 4482 1605 4533 καὶ
1629 4480 1948 4550 τιμιώτατον

397 4566 572 4638 ἑαυτῷ
603 4567 785 4638 τάγμα
811 4568 872 4620 τὸ
903 4569 1010 4622 τῶν
1046 4571 1388 4641 μονοτρόπων
1422 4570 1713 4635 κατοικίζει
1751 4573 1944 4635 αὐτοὺς
1974 4609 2021 4667 D

397 4660 455 4712 ἑν
485 4659 637 4728 οἴκῳ,
667 4658 940 4731 δηλαδὴ-ὲν
969 4661 1034 4729 τῇ
1071 4661 1360 4733 Ἐκκλησία
1393 4661 1575 4724 αὑτοῦ,
1613 4664 1942 4733 παραμένειν

398 4750 492 4818 καὶ
513 4753 782 4804 κατοικεῖν
840 4754 898 4808 ὲν
954 4753 1087 4822 αὐτῇ
1121 4752 1386 4817 καταξιῶν
1418 4755 1631 4816 αὐτούς.
1682 4755 1836 4808 Μετὰ
1889 4755 1945 4807 δὲ

396 4839 612 4903 τούτους
646 4841 891 4912 δεύτερον
939 4843 1094 4913 ἔργον
1128 4845 1448 4914 κοινωφελὲς
1479 4848 1570 4899 καὶ
1611 4847 1689 4906 εἰς
1718 4844 1946 4908 πολλοὺς

396 4927 664 4984 διαϐαῖνον
706 4930 972 5000 κατορθοῖ,
1013 4951 1030 4982 ι
1047 4930 1264 4999 ¹ἐξάγων
1314 4934 1514 5003 πεπεδη
1525 4934 1713 5004 μένους
1747 4934 1802 4985 ὲν
1852 4934 1944 4985 άν-

396 5015 600 5085 δρείᾳοι
639 5019 704 5087 τῇ
728 5017 834 5087 γὰρ
860 5019 1053 5071 ἑαυτοῦ
1079 5019 1295 5090 ἀνδρείᾳ.
1319 5019 1499 5089 ἐξάγει
1541 5025 1666 5084 τοὺς
1688 5020 1944 5090 πρότερον

399 5108 604 5174 σειραῖς
639 5107 918 5178 ἁμαρτιῶν
946 5110 1367 5180 πεπεδημένους.
1432 5112 1575 5166 Ἀντί
1598 5112 1654 5164 δὲ
1679 5110 1793 5174 τοῦ,
1828 5129 1847 5162 ι
1887 5114 1945 5166 ἐν

398 5195 635 5266 ἀνδρείᾳ,
658 5199 735 5258 εἰς
757 5199 1069 5262 ἀπόλυσιν,›
1110 5203 1444 5272 ἡρμήνευσεν
1472 5205 1501 5256 ό
1533 5202 1840 5271 Σύμμαχος,
1870 5204 1944 5254 εἰ-

399 5283 533 5338 πών’
573 5301 593 5337 ι
633 5284 843 5353 Ἐξάγει
880 5289 1191 5358 δεδεμένους
1231 5293 1309 5354 είς
1368 5291 1676 5345 ἀπόλυσιν.»
1721 5292 1945 5361 Νοήσεις

397 5375 457 5431 δὶ
483 5377 752 5430 καὶτοῦτο
774 5380 836 5430 ὲκ
859 5379 954 5447 τῆς
981 5379 1241 5454 λεγούσης
1281 5384 1338 5435 ἐν
1393 5383 1587 5454 Ἡσαΐᾳ
1615 5383 1944 5453 προφητείας

401 5468 479 5530 εἰς
500 5465 660 5521 αὺτοῦ
688 5466 974 5536 πρόσωπον
1023 5470 1117 5522 τοῦ
1152 5472 1377 5542 Κυρίου’
1425 5491 1443 5524 ι
1479 5473 1608 5526 Ἰδοὺ
1641 5472 1844 5525 δέδωκά
1887 5489 1944 5525 σε

401 5557 764 5629 εἰςδιαθήκην
787 5555 992 5625 γένους,
1027 5560 1105 5622 εἰς
1158 5562 1271 5631 φῶς
1305 5561 1490 5627 ἐθνῶν,
1515 5562 1718 5632 ἀνοῖξαι
1748 5563 1943 5638 ὀφθαλ-

405 5647 536 5716 μοὺς
570 5647 801 5716 τυφλῶν,
831 5647 1040 5714 ἐξάγειν
1074 5650 1137 5701 ἐκ
1167 5649 1733 5723 δεσμῶνδεδεμὲνους,
1768 5654 1861 5706 καὶ
1888 5653 1945 5717 ἐξ

478 5843 724 5898 “Matth.
776 5861 826 5910 κ,
861 5845 912 5908 9,
952 5844 1033 5896 10.
1119 5846 1158 5876 ⁸³
1189 5843 1378 5915 Ephes.
1408 5865 1478 5915 vr,
1513 5851 1592 5902 Ν.

2055 2037 2182 2100 lam,
2233 2053 2260 2108 λι
2300 2034 2498 2090 Sedere
2529 2034 2657 2089 facit
2700 2036 3005 2106 uni-genitos
3040 2037 3213 2105 domi;
3253 2059 3270 2091 ι
3302 2041 3596 2096 secundum

2055 2125 2298 2194 quintam
2348 2125 2659 2188 editionem,
2713 2115 3082 2182 «inhabitare
3130 2128 3259 2183 facit
3305 2147 3412 2183 una
3462 2147 3596 2189 zona

2055 2216 2378 2284 praecinctos
2408 2213 2575 2267 domi.
2619 2232 2639 2265 ι
2672 2213 2737 2268 Et
2767 2216 2898 2271 illud
2925 2226 3042 2272 erat
3067 2221 3302 2287 primum
3331 2222 3447 2292 ejus
3470 2238 3600 2292 pra:-

2054 2307 2260 2372 elarum
2292 2320 2451 2374 opus,
2483 2304 2626 2375 quod
2663 2306 2955 2359 maximum
2985 2309 3105 2376 ejus
3155 2309 3367 2366 facinus
3412 2320 3497 2368 est
3541 2316 3594 2366 in

2054 2398 2280 2467 gratiam
2338 2398 2558 2451 humani
2616 2385 2832 2467 generis
2870 2398 3094 2453 editum.
3150 2399 3365 2457 Primus
3419 2403 3598 2474 itaque
3643 2440 3647 2444 ~

2053 2489 2186 2541 ordo
2213 2502 2400 2541 eorum
2422 2489 2513 2557 qui
2539 2489 2592 2541 in
2619 2487 2834 2543 Christo
2861 2488 3167 2557 proﬁciunt,
3197 2497 3280 2543 est
3303 2492 3598 2545 monacho—

2053 2595 2193 2633 rum.
2222 2579 2325 2634 Sed
2353 2581 2459 2634 rari
2487 2589 2612 2633 sunt
2638 2583 2752 2648 illi;
2787 2597 2954 2650 quare
3000 2582 3296 2648 secundum
3345 2584 3593 2653 Aquilam

2055 2672 2318 2741 unigeniti
2356 2674 2528 2726 vocati
2561 2680 2706 2735 sunt,
2744 2657 2951 2729 similes
2989 2674 3115 2727 facti
3158 2675 3430 2745 unigenito
3462 2673 3597 2730 Filio
3658 2687 3665 2698 '

2051 2764 2167 2819 Dei.
2200 2761 2505 2818 Secundum
2535 2763 2673 2815 LXX
2695 2772 2892 2827 autem,
2914 2765 3096 2828 unius,
3120 2780 3226 2818 non
3256 2767 3455 2822 diversi
3482 2781 3598 2823 mo-

2054 2857 2130 2910 ris
2159 2865 2303 2919 sunt,
2332 2871 2506 2925 neque
2534 2856 2762 2911 subinde
2791 2871 2994 2910 morem
3031 2848 3261 2920 variant,
3305 2858 3401 2912 sed
3431 2873 3592 2912 unum

2054 2948 2236 2999 colunt
2268 2945 2360 3015 qui
2389 2945 2456 2999 ad
2488 2945 2704 3000 virtutis
2734 2961 2992 3000 cacumen
3029 2947 3262 3000 advenit.
3288 2945 3435 3015 lpsos
3467 2962 3594 3002 vero

2053 3038 2213 3091 unius
2239 3053 2390 3091 zonae
2426 3038 2612 3107 quinta
2640 3037 2808 3091 editio
2837 3039 3072 3100 vocavit,
3111 3046 3294 3106 utpote
3335 3039 3426 3107 qui
3460 3026 3592 3093 soli—

2053 3128 2197 3190 tarii,
2233 3134 2285 3181 et
2318 3142 2412 3195 per
2460 3129 2666 3195 seipsos
2717 3127 2989 3196 praecincti
3023 3128 3151 3182 sint.
3212 3126 3368 3182 Tales
3417 3135 3592 3182 autem

2053 3227 2198 3280 sunt,
2222 3223 2486 3285 quotquot
2509 3216 2860 3269 monasticam
2880 3223 3195 3285 castamque
3221 3219 3382 3269 vitam
3407 3226 3592 3286 agunt,

2049 3322 2277 3376 quorum
2331 3307 2489 3376 primi
2540 3306 2690 3361 fuere
2740 3305 3037 3360 Salvatoris
3091 3308 3261 3362 nostri
3321 3308 3590 3377 discipuli,

2049 3399 2246 3468 quibus
2275 3399 2476 3453 dictum
2509 3407 2590 3453 est
2623 3417 2636 3451 :
2677 3417 2696 3448 ι
2739 3397 2911 3452 Nolite
2960 3399 3239 3466 possidere
3278 3415 3469 3453 aurum
3499 3415 3594 3454 ne—

2048 3505 2152 3557 que
2200 3500 2479 3559 argentum
2537 3490 2590 3542 in
2645 3489 2793 3542 zonis
2838 3489 3053 3560 vestris,
3095 3504 3267 3556 neque
3306 3504 3486 3558 peram
3538 3490 3591 3543 in

2049 3579 2214 3640 viam,
2243 3592 2420 3646 neque
2447 3577 2833 3640 calceamenta,
2868 3592 3040 3645 neque
3072 3577 3356 3646 virgam“.
3403 3597 3420 3628 ι
3457 3575 3591 3631 Cum

2049 3667 2248 3721 dicitur
2274 3667 2438 3730 enim,
2469 3681 2575 3718 non
2609 3675 2858 3735 oportere
2886 3667 3163 3736 possidere
3202 3681 3392 3720 aurum
3421 3682 3594 3735 neque

2050 3758 2403 3827 argentumin
2435 3761 2610 3819 zonis,
2648 3758 2804 3825 ipsos
2830 3759 2982 3812 zonis
3010 3757 3330 3825 praecinctOs
3366 3757 3589 3812 indicat.

2052 3849 2140 3902 Sic
2171 3854 2348 3901 autem
2384 3849 2636 3902 omnibus
2690 3849 2847 3903 nobis
2893 3848 3182 3916 Apostolus
3229 3848 3473 3916 praecipit
3511 3848 3594 3907 ιίἰτ

2049 3952 2213 3992 cens:
2254 3955 2272 3983 ι
2317 3936 2475 3992 State
2524 3938 2690 4007 igitur
2737 3939 3014 4006 pmcincti
3054 3938 3265 3993 lumbos
3293 3947 3503 3994 vestros
3536 3940 3590 3992 in

2050 4028 2274 4082 veritate
2300 4029 2363 4080 ι’.
2397 4046 2413 4077 ι
2444 4025 2682 4095 Itemque
2708 4028 2798 4096 qui
2823 4027 3020 4095 pascha
3045 4028 3417 4096 comedebant,
3453 4030 3594 4083 lum-

2050 4116 2147 4168 bos
2180 4117 2501 4185 praecinctos
2534 4115 2731 4169 habere
2756 4115 3104 4182 jubebantur.
3155 4116 3210 4170 id
3265 4117 3430 4186 igitur
3477 4118 3590 4185 pri-

2049 4219 2195 4257 mum
2211 4219 2347 4271 opus
2364 4202 2733 4256 habitantibus
2759 4203 2812 4255 in
2837 4218 3035 4256 occasu
3065 4202 3361 4256 adventans
3376 4201 3590 4255 exhibet

2049 4297 2096 4352 is
2123 4296 2215 4365 qui
2243 4296 2298 4348 in
2327 4293 2581 4348 vaticinio
2627 4293 2815 4348 fertur.
2861 4292 2992 4346 Nam
3037 4309 3103 4348 ex
3160 4295 3472 4348 memoratis
3501 4309 3589 4348 or-

2050 4388 2244 4458 phanis
2262 4393 2316 4441 et
2347 4385 2524 4441 viduis
2551 4385 2815 4440 adlectum
2845 4383 2949 4438 sibi
2977 4392 3321 4454 praestantem
3353 4385 3501 4438 illum
3538 4393 3591 4439 et

2051 4476 2498 4549 pretiosissimum
2549 4477 2709 4530 unius
2758 4475 2924 4528 moris
2969 4475 3236 4553 ordinem,
3287 4474 3590 4530 inhabitare

2051 4569 2178 4624 facit
2207 4569 2262 4623 in
2285 4568 2466 4630 domo,
2498 4566 2705 4621 scilicet
2733 4565 2788 4617 in
2844 4561 3086 4619 Ecclesia
3121 4579 3241 4624 sua,
3289 4563 3588 4632 dignosque

2044 4677 2138 4717 eos
2168 4660 2359 4715 habuit
2382 4659 2476 4728 qui
2506 4659 2561 4710 in
2584 4670 2647 4710 ea
2672 4661 2949 4709 manerent
2975 4661 3029 4708 et
3063 4652 3388 4707 habitarent.
3429 4649 3587 4706 Post-

2043 4768 2201 4823 quam
2226 4753 2372 4821 ipsos
2397 4749 2612 4818 delegit,
2647 4745 2791 4799 aliud
2839 4760 2976 4814 opus
3004 4751 3244 4815 praestat,
3285 4744 3340 4797 in
3389 4744 3588 4797 multo-

2043 4859 2161 4898 rum
2191 4842 2476 4895 utilitatem
2507 4846 2563 4892 et
2594 4839 3040 4900 emolumentum,
3101 4854 3120 4887 ι
3181 4835 3419 4890 educens
3465 4833 3587 4887 vin-

2044 4942 2160 4988 ctos
2188 4933 2242 4986 in
2282 4930 2600 4985 fortitudine
2644 4948 2657 4983 :
2720 4947 2740 4980 ι
2797 4942 2921 4983 nam
2957 4927 3160 4980 virtute
3212 4940 3313 4980 sua
3363 4936 3457 4978 eos
3493 4926 3586 4990 qui

2043 5025 2245 5095 pridem
2269 5029 2616 5091 peccatorum
2647 5019 2878 5076 vinculis
2904 5015 3431 5086 constringebantur,
3450 5011 3586 5067 edu-

2042 5117 2134 5169 cit.
2158 5113 2262 5167 Pro
2291 5114 2383 5168 illo
2423 5121 2625 5175 autem,
2663 5129 2681 5162 ι
2719 5111 2774 5162 in
2806 5107 3140 5171 fortitudine,
3181 5126 3199 5158 ο
3232 5103 3586 5175 Symmachus

2051 5225 2068 5257 σ
2098 5206 2151 5260 in
2176 5201 2544 5260 dimissionem
2584 5222 2604 5256 ι
2643 5204 3026 5270 interpretatus
3050 5207 3134 5254 est
3152 5199 3337 5253 dicens
3364 5213 3417 5249 ει
3441 5194 3585 5248 Edu-

2042 5299 2116 5352 cit
2143 5298 2355 5351 vinctos
2377 5297 2436 5351 in
2457 5293 2850 5351 dimissionem.
2886 5311 2913 5352 ,ι
2948 5283 3072 5346 Hae
3114 5303 3274 5358 porro
3318 5287 3583 5356 intelligas

2042 5404 2108 5442 ex
2139 5386 2417 5456 prophetia
2443 5385 2614 5446 Isaiae,
2643 5397 2762 5452 qua:
2796 5398 2861 5437 ex
2889 5383 3055 5450 ipsius
3099 5377 3309 5432 Domini
3348 5391 3580 5444 persona

2045 5479 2122 5531 sic
2145 5476 2382 5544 loquitur
2409 5493 2422 5529 :
2462 5492 2482 5525 ι
2521 5471 2659 5525 Ecce
2685 5471 2806 5525 dedi
2840 5479 2894 5524 te
2933 5471 2986 5522 in
3015 5474 3389 5522 testamentum
3420 5478 3580 5534 gene-

2045 5562 2143 5633 ris,
2179 5568 2234 5622 in
2261 5570 2434 5622 lucem
2473 5566 2734 5636 gentium,
2781 5563 2848 5617 ad
2878 5559 3224 5630 aperiendum
3268 5556 3454 5610 oculos
3484 5568 3581 5607 cm-

2045 5674 2257 5726 corum,
2293 5658 2358 5713 ad
2399 5655 2735 5714 educendum
2783 5668 2848 5708 ex
2891 5650 3121 5734 vinculis
3174 5641 3385 5716 ligatos,
3421 5651 3481 5700 et
3506 5660 3574 5700 ex
