4300 6404
711 488 811 548 ιλιι

1380 479 1645 538 EUSEBII
1683 473 2161 534 CIESARIENSIS
2201 470 2349 528 OPP.
2393 466 2571 522 PARS
2613 466 2699 521 ilI.
2741 496 2809 505 -
2848 461 3256 519 EXEGETICA.

3853 457 3961 513 892

715 607 876 662 domo
903 607 1166 662 custodia:
1191 605 1444 660 sedentes
1476 605 1531 658 in
1567 601 1809 658 tenebris
1839 602 1902 653 ’³.
1944 620 1961 652 3
2001 597 2108 654 Eos
2137 597 2282 650 enim
2312 597 2354 651 Α

2319 597 2357 651 Α
2382 591 2533 645 οἴκου
2571 588 2820 660 φυλακῆς
2847 587 3192 658 καθημένους
3220 588 3282 639 ἐν
3304 585 3533 640 σκότει.»
3566 585 3705 648 Τοὺς
3731 581 3840 654 γάρ
3863 581 3962 636 πά·

715 701 808 766 qui
838 699 967 752 olim
998 697 1285 751 diabolicis
1315 697 1551 750 vinculis
1594 691 2132 762 constringebantur.
2163 689 2279 744 dia-

2381 685 2467 737 λαι
2496 684 2715 753 δεσμοῖς
2748 680 3073 743 διαεολικοίς
3125 678 3608 749 κατεσφιγμένσυς,
3656 676 3749 730 καὶ
3773 677 3838 746 τῇ
3865 691 3962 728 πο-

715 790 892 843 holico
920 790 1214 844 multorum
1249 788 1533 842 numinum
1589 786 1764 839 errori
1813 784 2048 850 deditos,
2085 783 2291 864 solutis

2379 776 2555 846 λυθέῳ
2585 773 2679 828 καὶ
2739 772 3023 843 δαιμονικῇ
3068 770 3244 842 πλάνῃ
3287 770 3740 842 προστετηκότας,
3796 766 3961 830 λύσας

716 881 947 936 vinculis
981 881 1189 945 eduxit,
1224 893 1490 935 concessa
1521 885 1872 948 peccatorum
1930 874 2278 930 remissione.

716 972 826 1026 lmo
859 976 1027 1028 etiam
1066 990 1160 1028 eos
1194 974 1288 1044 qui
1350 988 1380 1027 a
1441 971 1640 1026 sazculo
1698 970 1754 1024 in
1812 976 1987 1024 morte
2041 966 2280 1038 colligati

715 1073 871 1118 erant
927 1082 1113 1120 secum
1148 1063 1517 1126 resuscitavit,
1553 1077 1676 1115 cum
1709 1061 1907 1115 acerba
1933 1059 2129 1114 mortis
2162 1059 2282 1112 vin-

717 1156 840 1209 cula
875 1155 1150 1210 solvisset.
1189 1153 1303 1207 Hoc
1328 1161 1505 1207 autem
1537 1152 1663 1208 fecit
1695 1172 1712 1213 ι
1756 1153 1812 1206 in
1839 1152 2070 1214 virtute;
2111 1170 2129 1202 ι
2155 1165 2283 1204 nam

716 1253 938 1316 accepta
977 1247 1215 1300 hominis
1242 1245 1415 1298 forma
1440 1260 1644 1314 perque
1666 1244 1964 1297 humanum
1990 1258 2190 1312 corpus
2209 1239 2284 1296 vi-

714 1339 889 1392 riliter
916 1354 1105 1408 agens,
1137 1339 1352 1392 vinctos
1380 1338 1636 1407 superius
1680 1344 2008 1389 memoratos
2051 1349 2116 1388 ex
2163 1334 2282 1387 vin-

716 1430 860 1485 culis
890 1429 1095 1484 eduxit.
1133 1428 1256 1485 Haec
1281 1437 1438 1482 erant
1471 1429 1732 1497 praeclara
1765 1425 1857 1481 Dei
1891 1424 2052 1480 Verbi
2091 1426 2158 1480 ad
2185 1425 2284 1479 ho-

716 1523 893 1576 mines
920 1520 1265 1574 adventantis
1298 1519 1564 1581 facinora,
1597 1519 1796 1588 quibus
1829 1517 2027 1573 deinde
2052 1518 2284 1586 subiun-

717 1606 862 1673 gitur
900 1625 925 1674 ε,
957 1623 974 1656 ι
1017 1603 1283 1658 Similiter
1329 1619 1424 1659 eos
1466 1603 1559 1672 qui
1593 1611 1942 1673 exasperant,
1985 1603 2085 1671 qui-
2129 1600 2284 1655 habi-

719 1696 1229 1765 tantinsepulcris.
1276 1715 1293 1747 ›
1339 1692 1495 1762 Quod
1553 1691 1911 1764 Symmachus
1961 1693 2066 1747 hoc
2124 1700 2284 1762 pacto
2333 1704 2348 1710 "

717 1789 919 1842 clarius
953 1798 1000 1841 et
1039 1789 1278 1857 apertius
1311 1785 1605 1857 explicavit
1635 1803 1646 1838 :
1689 1805 1707 1836 ι
1743 1784 2170 1854 Inobsequentes
2189 1799 2286 1838 au-

719 1889 826 1936 tem
860 1880 1241 1935 inhabitabunt
1269 1887 1436 1934 aestus
1469 1877 1809 1944 siccitatem;
1854 1897 1872 1929 ›
1899 1877 2099 1946 Aquila
2129 1893 2282 1940 vero,

724 1988 742 2018 «ι
785 1970 1166 2025 Verumtamen
1200 1970 1527 2024 absistentes
1566 1966 1942 2021 inhabitarunt
1965 1945 2154 2022 laevem
2189 1983 2283 2038 pc-
2316 1945 2357 2000 Β

716 2068 879 2115 tram.
922 2080 939 2112 ι
969 2057 1092 2130 Ipse
1115 2061 1315 2129 quippe
1349 2057 1563 2112 volebat
1592 2058 1987 2114 exacerbantes
2034 2072 2066 2110 a
2088 2057 2283 2112 vincu—

721 2153 788 2206 Iis
816 2168 1013 2208 eruere
1046 2158 1099 2206 et
1131 2152 1384 2206 liberare.
1418 2151 1487 2204 At
1519 2151 1596 2205 illi
1632 2150 1688 2204 in
1718 2147 2032 2219 hujusmodi
2077 2150 2286 2204 inobse-

719 2244 946 2314 quentia
975 2250 1411 2313 perseverantes,
1453 2242 1733 2312 Deumque
1761 2257 1824 2295 ea
1856 2242 1912 2295 in
1960 2255 2018 2294 re
2068 2255 2286 2294 exacer-

719 2336 916 2389 bantes
947 2343 1000 2389 et
1043 2342 1456 2404 exasperantes,
1512 2333 1567 2387 in
1611 2332 1880 2404 sepulcris
1925 2332 2039 2386 suis
2074 2332 2286 2407 habita-

719 2426 876 2489 bunt,
903 2425 977 2480 ita
1001 2435 1061 2481 ut
1087 2426 1154 2482 de
1177 2426 1286 2479 illis
1317 2426 1534 2479 dicatur
1571 2443 1584 2479 :
1625 2444 1642 2476 ι
1683 2424 1815 2479 Sine
1847 2431 2094 2478 mortuos
2130 2438 2285 2492 sepe-

719 2515 819 2571 lire
851 2527 1096 2572 mortuos
1133 2531 1263 2571 suos
1299 2516 1379 2583 υς
1413 2535 1438 2565 ι
1470 2515 1586 2570 sive
1633 2515 1797 2570 etiam
1835 2535 1852 2566 ι
1903 2515 2287 2570 inhabitabunt

719 2619 886 2666 aestus
919 2609 1222 2663 siccitatem
1245 2625 1259 2674 ;
1282 2603 1320 2658 ἰ
1347 2615 1531 2677 utpote
1559 2607 1650 2677 qui
1677 2607 1805 2661 ituri
1830 2608 1942 2662 sint
1983 2626 2001 2658 ι
2034 2608 2286 2679 inignem

718 2709 1002 2765 aeternum,
1038 2707 1285 2769 paratum
1312 2699 1529 2756 diabolo
1555 2710 1610 2755 et
1637 2699 1843 2770 angelis
1875 2700 1995 2769 ejus
2015 2700 2076 2751 ’⁸.
2109 2719 2128 2750 ι

791 2876 954 2933 Vsus.
983 2878 1036 2943 8,
1065 2877 1121 2933 9.
1153 2877 1350 2942 «Deus,
1385 2894 1508 2937 cum
1537 2877 1876 2949 egredereris
1911 2878 1966 2931 in
1992 2885 2289 2947 conspectu

721 2972 902 3042 papuli
920 2971 1022 3034 tui,
1053 2984 1175 3023 cum
1191 2972 1560 3040 pertransires
1584 2971 1636 3024 in
1663 2957 1899 3026 deserto.
1924 2968 2282 3039 Diapsalma.»

720 3041 816 3115 Dei
852 3059 1087 3114 Verbum
1122 3075 1234 3114 non
1257 3060 1415 3115 modo
1463 3061 1517 3114 in
1561 3041 2034 3115 consummatione
2063 3060 2290 3134 saeculo-

721 3167 842 3205 rum
875 3152 940 3205 ad
964 3151 1210 3207 homines
1239 3152 1546 3217 advenisse,
1596 3152 1690 3207 sed
1722 3139 1885 3205 etiam
1911 3151 2087 3221 ipsum
2123 3149 2290 3206 fuisse

720 3241 866 3312 quod
909 3254 1006 3312 per
1053 3241 1298 3314 Moysem-
1347 3243 1572 3297 oracula
1632 3241 1911 3308 fundebat,
1947 3241 2036 3295 hic
2063 3241 2290 3297 docetur
2316 3293 2358 3350 Ο

721 3335 810 3388 his
833 3334 1013 3389 verbis
1043 3351 1056 3387 :
1093 3354 1110 3386 ι
1151 3335 1320 3398 Deus,
1355 3351 1479 3389 cum
1514 3335 1852 3405 egredereris
1908 3334 1965 3388 in
1993 3341 2288 3404 conspectu

719 3427 906 3496 populi
939 3427 1038 3491 tui,
1066 3441 1188 3480 cum
1222 3427 1587 3495 pertra-rtsires
1609 3427 1662 3480 iu
1679 3427 1897 3482 deserto
1918 3466 1932 3490 ,
1959 3434 2105 3481 terra
2144 3433 2290 3480 mota

719 3525 827 3579 cst,
855 3519 1054 3572 etenim
1108 3517 1233 3571 οωιί
1283 3518 1709 3575 distillaverunt.
1749 3537 1767 3570 ι
1824 3516 1980 3572 Tunc
2008 3520 2174 3581 enim,
2207 3518 2292 3572 in-

720 3609 860 3678 quit,
894 3622 1020 3661 cum
1068 3606 1328 3663 educeres
1369 3609 1508 3664 ﬁlios
1561 3610 1726 3665 Israel
1779 3626 1843 3665 ex
1873 3620 2014 3666 terra
2045 3609 2288 3681 Eg'ypti,

723 3699 868 3756 fama
900 3715 1082 3756 rerum
1111 3699 1167 3754 in
1201 3700 1435 3772 Egypto
1467 3709 1738 3772 gestarum
1774 3702 1842 3755 ad
1885 3685 2075 3758 omnes
2099 3718 2290 3772 perva-

721 3800 904 3862 gante,
957 3794 1216 3849 universa
1272 3801 1416 3846 terra
1466 3802 1612 3850 mota
1650 3801 1752 3848 est.
1791 3792 1898 3849 Sed
1922 3802 2055 3868 tunc
2071 3794 2288 3865 quidem

723 3893 869 3937 terra
897 3891 1043 3939 mota
1076 3891 1192 3948 est;
1227 3883 1340 3938 sive
1391 3883 1554 3948 fama,
1588 3884 1870 3939 utdictum
1915 3894 2019 3949 est,
2045 3886 2288 3941 omnium

724 3974 1123 4044 terrigenarum.
1147 3991 1307 4030 aures
1333 3963 1589 4044 implente
1615 3994 1630 4042 ;
1662 3977 1775 4030 sive
1801 3977 1963 4032 etiam
1993 3978 2112 4048 ipso
2133 3985 2290 4036 terra:

722 4067 990 4122 elemento
1018 4067 1085 4121 de
1113 4070 1346 4123 adventu
1372 4069 1466 4125 Dei
1496 4071 1738 4125 laetante.
1772 4069 1929 4136 Quod
1968 4071 2094 4125 item
2130 4071 2290 4127 docet

723 4155 864 4209 alius
917 4156 1161 4225 psalmus
1212 4158 1299 4213 his
1348 4160 1575 4236 verbis:
1615 4180 1632 4212 ι
1675 4162 1735 4215 In
1793 4161 1945 4216 exitu
2003 4163 2170 4216 Israel
2222 4163 2288 4217 de

724 4243 982 4315 Egypto,
1005 4246 1199 4303 domus
1214 4247 1386 4304 Jacob
1407 4249 1473 4305 de
1484 4251 1681 4319 pOpulo
1694 4251 1951 4320 barbaro,
1972 4260 2182 4307 montes
2198 4269 2291 4307 ex-

721 4334 1058 4389 sultaverunt
1080 4345 1139 4392 ut
1166 4339 1386 4401 arietes,
1409 4349 1461 4394 et
1481 4341 1648 4395 colles
1670 4341 1811 4396 sicut
1827 4342 2149 4412 agniovium
2174 4344 2236 4396 “.
2263 4361 2283 4396 ι

722 4421 890 4478 Terra
923 4425 1107 4496 itaque
1131 4430 1376 4498 gaudens
1418 4433 1903 4500 commovebatur;
1950 4433 2075 4488 curii
2106 4439 2287 4490 autem

720 4511 1120 4571 distillaverunt
1184 4538 1196 4572 :
1262 4520 1393 4589 quid
1449 4520 1888 4590 distillaverunt,
1944 4525 2049 4580 nisi
2104 4525 2286 4583 cibum

718 4609 1146 4679 inexspectatum
1173 4610 1229 4688 in
1251 4609 1467 4666 deserto
1496 4611 1816 4684 degentibus
1843 4615 2145 4685 delapsum,
2172 4617 2287 4672 sive

717 4699 883 4752 etiam
951 4699 1166 4756 divinos
1216 4717 1495 4758 sermones
1517 4713 1570 4759 et
1621 4705 1766 4776 leges
1813 4722 1933 4777 quae
1980 4708 2285 4762 animarum

720 4788 1125 4844 rationabi-Iium
1182 4793 1291 4847 cibi
1323 4795 1491 4848 sunt?
1514 4782 1674 4852 Mota
1700 4808 1782 4852 est
1828 4810 2007 4854 autem
2033 4807 2196 4866 terra,
2232 4808 2286 4854 et

719 4879 847 4933 cmli
873 4877 1277 4935 distillaverunt
1305 4901 1324 4932 ι
1363 4898 1392 4935 a
1419 4882 1558 4938 facie
1592 4885 1684 4939 Dei
1716 4885 1891 4954 Sinai,
1927 4908 1945 4941 ι
1986 4889 2039 4944 id
2071 4897 2178 4952 est,
2227 4891 2286 4944 in

720 4979 906 5026 monte
927 4970 1079 5026 Sinai
1102 4975 1324 5029 oracula
1346 4974 1579 5031 edentis.
1635 4975 1759 5032 Haec
1809 4995 1941 5034 vero
1971 4982 2173 5037 clarius
2204 4983 2286 5035 in-

718 5069 1048 5132 terpretatus
1083 5061 1443 5137 Symmachus
1459 5073 1544 5119 est
1564 5065 1753 5122 dicens
1788 5086 1802 5120 :
1843 5088 1860 5120 ι
1895 5069 2062 5129 Terra
2097 5087 2285 5127 move-

721 5149 900 5215 batur,
932 5152 1130 5205 caalum
1157 5168 1286 5226 vero
1317 5153 1599 5209 distillavit
1641 5171 1670 5209 a
1695 5155 1834 5212 facie
1868 5158 1962 5215 Dei
2000 5161 2164 5229 hujus
2201 5161 2286 5216 Si-

718 5239 947 5300 nai,eta
973 5241 1111 5296 facie
1146 5241 1262 5304 Dei,
1295 5245 1386 5300 Dei
1419 5245 1604 5301 Israel.
1646 5267 1664 5299 ι
1699 5247 1838 5302 Νυιιι
1870 5249 2009 5306 forte
2036 5254 2286 5309 caelestes

716 5328 950 5382 virtutes
975 5345 1072 5384 ceu
1101 5333 1344 5387 nutrices
1373 5339 1617 5404 quaedam
1647 5356 1678 5394 e
1709 5355 1945 5396 mamma
1993 5344 2076 5397 Iac
2105 5344 2284 5398 infan-

719 5415 865 5470 tibus
880 5415 1143 5476 distillare
1192 5421 1476 5492 facientes,
1522 5430 1600 5484 sic
1626 5439 1681 5486 et
1721 5432 1852 5502 ipsa:
1881 5433 2196 5489 alimentum
2216 5451 2284 5490 ex

721 5520 782 5558 se
815 5507 881 5561 iis
902 5508 995 5577 qui
1021 5516 1149 5565 tunc
1195 5514 1434 5572 infantes
1485 5521 1666 5575 animo
1692 5534 1870 5588 erant,
1900 5526 2285 5582 subministra-

719 5597 889 5687 ruut?
925 5600 1212 5687 _Quarelex
1265 5623 1295 5660 a
1345 5609 1525 5680 Moyse
1580 5612 1779 5675 edicta,
1831 5614 2154 5687 paedagogus
2216 5619 2286 5676 ab

719 5679 977 5746 Apostolo
1000 5697 1186 5740 vocata
1221 5688 1321 5744 fuit
1354 5691 1417 5747 ⁸⁷.

2379 866 2491 919 τῶν
2521 864 2744 935 δεσμῶν
2764 863 3021 932 ἐξήγαγε,
3051 864 3174 927 δοὺς
3210 865 3403 934 ἄφεσιν
3461 862 3764 934 ἁμαρτιῶν.
3801 860 3963 914 Ἀλλά

2383 961 2480 1014 καὶ
2507 959 2636 1022 τοὺς
2676 959 2734 1010 ἐν
2786 955 2865 1028 τῷ
2929 956 3143 1026 θανάτῳ
3177 956 3432 1027 δεσμίους
3469 955 3627 1019 ὄντας
3676 953 3737 1019 ἐξ
3765 953 3961 1017 αἰῶνος

2384 1050 2772 1120 συνανέστησεν
2804 1048 3000 1118 ἐαυτῷ,
3035 1048 3202 1111 λύσας
3229 1048 3338 1102 τῶν
3367 1048 3579 1119 πικρῶν
3601 1046 3695 1100 τοῦ
3729 1046 3959 1100 Θανάτου

2382 1139 2616 1211 δεσμῶν.
2648 1139 2760 1193 Kal.
2816 1137 2975 1190 τοῦτο
3007 1136 3241 1207 ἔπραξεν
3305 1156 3323 1188 ι
3349 1139 3406 1194 ἐν
3437 1135 3715 1209 ἀνδρείᾳου
3771 1133 3963 1203 ἀνδρὸς

2382 1232 2489 1301 γάρ
2519 1232 2703 1302 σχῆμα
2731 1229 2929 1294 λαϐὼν,
2975 1230 3067 1283 καὶ⁸
3116 1229 3179 1282 δι’
3220 1229 3556 1301 ἀνθρωπείου
3588 1226 3837 1299 σώματος
3869 1227 3961 1279 ἀν-

2381 1323 2725 1396 ὁρισάμενος,
2751 1320 2988 1394 ἐξήγαγε
3017 1320 3124 1373 τῶν
3148 1321 3361 1391 δεσμῶν
3388 1322 3513 1386 τοὺς
3545 1318 3959 1393 προλεχθέντας.

2383 1415 2549 1469 Ταῦτ’
2570 1413 2637 1486 ἦν
2666 1417 2732 1469 τὰ
2751 1414 3154 1488 κατορθώματα
3182 1414 3281 1484 τῆς
3303 1417 3382 1479 είς
3423 1414 3740 1486 ἀνθρώπους
3771 1413 3960 1484 ἐπιδη-

2386 1510 2511 1582 μίας
2541 1507 2635 1562 τοῦ
2668 1509 2800 1562 Θεοῦ
2865 1508 3059 1577 Λόγου,
3114 1502 3194 1570 οἷς
3239 1507 3365 1578 ἑξῆς
3405 1509 3635 1578 εἴρηταιο
3672 1525 3690 1559 ι
3728 1497 3966 1578 Ὁμοίως

2383 1602 2507 1664 τοὺς
2530 1600 3069 1672 παραπικραίνοντας
3084 1601 3210 1663 τοὺς
3235 1598 3618 1664 κατοικοῦντας
3639 1602 3696 1653 ἐν
3714 1601 3921 1669 τάφοιςτ
3934 1618 3958 1650 ν

2387 1697 2560 1765 ’Όπερ
2587 1696 2614 1746 6
2644 1693 2933 1770 Σύμμαχος
2972 1693 3285 1764 ἡρμήνευσε
3330 1691 3665 1763 λευκότερον,
3696 1692 3966 1763 διασαφή-

2387 1803 2484 1848 σας
2512 1785 2608 1855 τὴν
2649 1785 2882 1837 διάνοιαν
2907 1786 3000 1838 καὶ
3031 1783 3219 1838 εἰπών’
3261 1803 3279 1836 ι
3307 1785 3368 1836 Οἱ
3402 1783 3460 1836 δὲ
3499 1783 3745 1848 ἀπειθεῖς
3777 1802 3962 1839 κατοι-

2387 1879 2614 1948 κήσουσι
2645 1875 2924 1938 καύσωνος
2959 1874 3283 1946 ξηρότηταοι
3316 1877 3345 1928 6
3377 1874 3433 1928 δὲ
3466 1873 3715 1938 Ἀκύλας,
3762 1894 3780 1926 ι
3814 1875 3966 1947 Πλὴν

2387 1969 2741 2040 ἀφιστάμενοι
2769 2009 2782 2033 ,
2831 1969 3023 2039 φησιν,
3069 1969 3387 2039 ἐσκήνωσαν
3470 1966 3889 2040 λεωπετρίανδε.
3938 1987 3956 2019 ι

2399 2061 2676 2114 Ἐϐούλετο
2706 2060 2936 2132 μὲνγὰρ
2968 2060 3129 2124 αὐτὸς
3151 2059 3245 2113 καὶ
3282 2059 3409 2123 τοῦς
3431 2059 3966 2131 παραπικραίνοντας

2386 2151 2670 2220 ἐξαγαγεῖν
2700 2152 2794 2204 καὶ
2826 2149 3186 2221 ἐλευθερῶσαι
3214 2149 3322 2203 τῶν
3365 2150 3598 2221 δεσμῶν.
3647 2152 3961 2222 Ἐπιμένονο

2385 2263 2476 2308 τες
2502 2245 2560 2298 δέ
2579 2240 2726 2298 οῦτοι
2785 2247 2851 2316 τῇ
2887 2244 3161 2316 ἀπειθείᾳ,
3213 2243 3605 2316 παροξύνοντές
3633 2263 3693 2298 τε
3721 2248 3780 2300 ἐν
3817 2247 3966 2316 αὐτῷ

2385 2337 2559 2406 τούτῳ
2609 2338 2703 2391 καὶ
2723 2337 3253 2409 παραπικραίνοντες
3280 2339 3371 2392 τδν
3400 2338 3552 2403 Θεὸν,
3577 2340 3965 2410 κατοικήσουσι

2386 2428 2512 2490 τοὺς
2546 2426 2751 2479 ἑαυτῶν
2782 2426 3100 2496 τάφους,ώς
3121 2426 3368 2496 λέγεσθαι
3384 2428 3514 2500 περὶ
3540 2427 3734 2482 αὐτῶν·
3763 2429 3967 2497 «Ἄφες

2385 2514 2511 2578 τοὺς
2532 2517 2756 2587 νεκροὺς
2783 2515 3007 2569 θάπτειν
3044 2517 3169 2579 τοὺς
3211 2515 3417 2571 ἑαυτῶν
3447 2517 3723 2590 νεκρούς-ι
3755 2517 3787 2589 ἢ
3814 2527 3963 2572 «κατι

2385 2611 2662 2680 οικήοουσι
2709 2611 2988 2674 καύσωνος
3048 2609 3338 2682 ξηρότητα·
3371 2631 3390 2664 ι
3447 2612 3524 2676 ώς
3568 2611 3635 2666 ἂν
3681 2612 3964 2683 μέλλοντες

2390 2701 2717 2771 πορεύεσθαι
2751 2722 2768 2754 ι
2803 2704 2882 2766 είς
2909 2703 2970 2756 τὸ
3009 2703 3121 2775 πῦρ
3149 2704 3210 2756 τὸ
3235 2703 3453 2760 αἰώνιον
3483 2705 3545 2758 τὸ
3565 2704 3964 2777 ἡτοιμασμένον

2387 2793 2464 2863 τῷ
2490 2793 2717 2864 διαϐόλῳ
2735 2795 2952 2858 καὶτοῖς
2983 2795 3232 2864 ἀγγέλοις
3254 2795 3436 2849 αὑτοῦ.
3451 2815 3470 2847 ι

2467 2905 2485 2937 ι
2525 2887 2584 2940 Ὀ
2624 2887 2790 2955 Θεὸς,
2832 2891 2889 2941 ἐν
2920 2889 2998 2960 τῷ
3053 2889 3446 2960 ἐκπορεύεσθαι
3495 2905 3554 2941 σε
3597 2887 3825 2942 ἐνώπιον
3871 2885 3965 2941 τοῦ

2389 2975 2518 3030 λαοῦ
2549 2994 2674 3040 σου,
2721 2980 2778 3031 ἐν
2825 2978 2902 3048 τῷ
2941 2979 3237 3032 διαϐαίνειν
3281 2997 3340 3031 σε
3388 2981 3446 3032 ἐν
3483 2981 3548 3049 τῇ
3582 2980 3792 3051 ἐρήμῳ.
3836 2982 3964 3034 Διά-

2388 3070 2594 3140 ψαλμα.
2623 3091 2650 3118 ο
2677 3071 2799 3124 ’Ότι
2827 3071 2900 3140 μὴ
2931 3070 3088 3140 μόνον
3129 3071 3187 3122 ἐν
3225 3052 3290 3140 τῇ
3318 3068 3593 3139 συντελείᾳ
3617 3068 3726 3121 τῶν
3755 3069 3966 3123 αἰώνων

2390 3161 2698 3233 ἀνθρώποις
2737 3161 3000 3232 ἐπεδήμει
3051 3162 3080 3213 6
3120 3161 3213 3214 τοῦ
3259 3161 3393 3214 Θεοῦ
3442 3162 3641 3230 Λόγος,
3689 3161 3823 3215 ἀλλὰ
3871 3160 3963 3216 καὶ

2393 3253 2656 3325 πρότερον
2687 3253 2849 3315 αὐτὸς
2890 3248 2958 3323 ἦν
3005 3255 3034 3305 6
3072 3253 3159 3306 διὰ
3200 3251 3478 3316 Μωῡσέως
3509 3251 3857 3325 χρηματίζων
3882 3293 3896 3316 ,
3936 3255 3964 3305 6

2392 3342 2582 3414 παρὼν
2613 3342 2852 3396 διδάσκει
2883 3340 3038 3409 λόγος
3077 3343 3328 3410 φάσκωνο
3358 3361 3375 3392 ι
3414 3341 3471 3393 '0
3503 3340 3653 3406 Θεὸς,
3682 3342 3741 3394 ἐν
3765 3341 3843 3412 τῷ
3874 3344 3964 3394 ἐκ·

2390 3433 2713 3504 πορεύεσθαί
2744 3450 2804 3485 σε
2839 3432 3066 3486 ἐνώπιον
3089 3433 3180 3486 τοῦ
3201 3431 3330 3487 λαοῦ
3359 3450 3475 3498 σου,
3494 3434 3551 3486 ἐν
3569 3433 3645 3504 τῷ
3671 3432 3965 3487 διαϐαίνειν

2390 3541 2449 3577 σε
2482 3526 2540 3578 ἐν
2571 3527 2637 3597 τῇ
2684 3527 2911 3597 ἐρήμῳ,
2941 3525 3013 3596 γῆ
3057 3525 3274 3597 ἐσείσθη
3299 3565 3313 3590 ,
3366 3526 3461 3578 καὶ
3502 3531 3611 3597 γὰρ
3652 3527 3703 3579 οἱ
3747 3525 3966 3598 οὐρανοὶ

2387 3615 2641 3681 ἔσταξαν.
2673 3637 2692 3669 ι
2720 3617 2829 3671 Καὶ
2862 3617 2981 3671 τότε
3003 3617 3132 3688 γὰρ,
3152 3619 3304 3688 φησὶ,
3323 3617 3444 3670 καθ’
3467 3617 3525 3671 ὃν
3555 3619 3742 3689 χρόνον
3769 3617 3965 3688 ἐξῆγες

2387 3709 2513 3772 τοὺς
2543 3710 2694 3772 υἱοὺς
2727 3709 2940 3780 Ἰσραὴλ
2971 3709 3079 3762 ἀπὸ
3101 3710 3203 3780 γῆς
3228 3708 3576 3780 Αίγύπτου,ή
3606 3710 3868 3780 σύμπασα
3891 3710 3961 3779 γῆ

2388 3802 2593 3854 ἐσείετο
2634 3801 2735 3871 τῆς
2782 3803 2969 3872 φήμης
3013 3801 3119 3853 τῶν
3167 3802 3223 3854 ἐν
3267 3800 3522 3870 Αἰγύπτῳ
3562 3801 3963 3871 πεπραγμένων

2387 3889 2776 3964 διατρεχούσης
2789 3894 2869 3954 είς
2885 3891 3114 3953 πάντας.
3134 3891 3271 3944 Ἀλλ’
3295 3893 3327 3960 ή
3353 3891 3450 3960 μὲν
3477 3891 3549 3960 γῆ
3580 3891 3702 3943 τότε
3726 3892 3927 3944 ἐσείετο
3946 3907 3960 3918 ⁸

2387 3983 2504 4050 ἢτοι
2543 3984 2642 4055 τῆς
2671 3984 2892 4054 φήμης,
2936 3982 3012 4045 ὡς
3057 3982 3272 4052 εἴρηται
3293 4022 3306 4046 ,
3341 3981 3439 4045 τὰς
3473 3981 3688 4035 πάντων
3719 3982 3826 4037 τῶν
3868 3981 3965 4034 ἐπὶ.

2387 4077 2490 4145 γῆς
2522 4071 2690 4136 ἀκοὰς
2722 4071 3034 4143 πληρούσης
3058 4109 3073 4135 ,
3111 4072 3143 4141 ἢ
3201 4072 3292 4124 καὶ
3342 4069 3505 4124 αὑτοῦ
3551 4069 3644 4123 τοῦ
3699 4070 3962 4141 στοιχείου

2388 4147 2664 4236 γαίροντος
2692 4163 2784 4216 ἐπὶ
2814 4166 2882 4234 τῇ
2912 4162 3162 4217 ἐπιϐάσει
3201 4162 3295 4216 τοῦ
3328 4161 3483 4215 Θεοῦ.
3527 4163 3592 4214 Ὃ
3630 4161 3693 4230 δὴ
3720 4161 3961 4215 διδάσκει

2388 4253 2483 4304 καὶ
2529 4250 2713 4322 ἕτερος
2745 4248 2960 4320 ψαλμὸς
2997 4249 3205 4318 λέγων’
3242 4268 3260 4301 ι
3303 4251 3390 4304 Ἐν
3429 4249 3592 4320 ἐξόδῳ
3653 4248 3862 4321 Ἰσραήλ
3901 4243 3964 4311 ἐξ

2387 4341 2660 4410 Αἰγύπτου
2685 4382 2699 4406 ,
2726 4340 2875 4394 οἴκου
2920 4339 3110 4395 Ἰακὼϐ
3160 4342 3225 4394 ἐκ
3252 4341 3381 4395 λαοῦ
3418 4341 3691 4414 βαρϐάρου
3717 4381 3730 4404 ,
3762 4340 3830 4393 τὰ
3861 4339 3961 4413 ὅρη

2389 4434 2715 4504 ἐσκίρτησαν
2740 4433 2814 4497 ὡς
2845 4434 3023 4503 κριοὶ,
3050 4433 3144 4486 καὶ
3173 4436 3221 4487 οἱ
3251 4434 3427 4504 βουνοὶ
3462 4436 3538 4498 ὼς
3564 4433 3726 4505 ἀρνία
3760 4431 3964 4501 προϐά-

2386 4541 2512 4577 των.
2547 4542 2565 4574 ι
2586 4523 2648 4575 Ἡ
2684 4523 2778 4592 μὲν
2813 4516 2906 4575 οῦιν
2931 4521 3001 4592 γῆ
3035 4523 3297 4594 χαίρουσα
3345 4523 3569 4577 ἐσείετοο
3593 4524 3643 4574 οἱ
3667 4522 3723 4574 δὲ
3746 4521 3964 4591 οὐρανοὶ

2319 4641 2369 4702 ι)
2393 4615 2641 4683 ἐσταξαν.
2678 4615 2741 4667 Τί
2773 4613 2828 4666 δέ
2873 4613 3100 4681 ἔσταξαν
3121 4657 3135 4682 ,
3179 4617 3292 4671 ἀλλ’
3326 4617 3444 4686 ήτοι
3483 4616 3582 4686 τὴν
3613 4615 3818 4686 τροφὴν
3861 4615 3963 4685 τὴν

2389 4706 2703 4779 παραδόξως
2730 4704 3038 4775 ἐνεχθεῖσαν
3071 4709 3181 4770 toi;
3225 4708 3317 4759 ἐπὶ
3358 4707 3456 4776 τῆς
3499 4706 3708 4778 ἐρήμου
3732 4746 3746 4772 ,
3790 4705 3823 4775 ἥ
3867 4706 3962 4760 καὶ

2386 4800 2510 4863 τοὺς
2535 4798 2710 4859 θείους
2735 4796 2926 4863 λόγους
2947 4815 3006 4850 τε
3033 4799 3125 4852 καὶ
3151 4798 3347 4868 νόμους
3371 4797 3573 4869 τροφὴν
3597 4798 3754 4862 ὄντας
3773 4797 3960 4868 ψυχῶν

2385 4889 2647 4959 λογικῶν;
2689 4888 2923 4941 Ἐσείετο
2947 4889 3003 4942 δὲ
3035 4891 3068 4960 ή
3099 4889 3170 4957 γῆ
3194 4927 3209 4951 ,
3258 4891 3350 4942 καὶ
3378 4888 3606 4955 ἐπαξαν
3646 4892 3697 4943 οἱ
3743 4891 3961 4962 ούρανοὶ⁹

2391 5003 2408 5033 ι
2437 4982 2543 5037 ἀπὸ
2574 4980 2865 5053 προσώπου
2895 4979 2989 5034 τοῦ
3019 4979 3153 5033 Θεοῦ
3187 4980 3279 5033 τοῦ
3320 4981 3502 5048 Σιναῒ,
3535 5001 3553 5034 ι
3590 4983 3833 5038 τουτέστι
3865 4983 3959 5038 τοῦ

2385 5077 2442 5127 ἐν
2480 5075 2556 5145 τῷ
2596 5074 2713 5144 δρει
2746 5072 2896 5128 Σιναῖ
2930 5072 3385 5144 χρηματίσαντος.
3413 5076 3522 5128 Καὶ
3549 5074 3720 5129 ταῦτα
3763 5077 3821 5131 δὲ
3865 5066 3962 5131 σα-

2387 5163 2642 5236 φέστερον
2664 5165 3005 5234 ήρμήνευσεν
3029 5163 3057 5213 6
3076 5161 3367 5232 Σύμμαχος
3389 5164 3574 5217 εἰπών’
3605 5185 3621 5216 ι
3636 5166 3708 5238 Γῆ
3733 5168 3957 5234 ἐσείετο,

2387 5255 2610 5326 οὐρανὸς
2629 5255 2684 5307 δὲ
2711 5252 3014 5317 ἀπέσταξεν
3042 5251 3150 5305 ἀπὺ
3177 5253 3465 5324 προσώπου
3491 5257 3582 5310 τοῦ
3604 5259 3738 5314 Θεοῦ
3770 5260 3958 5313 τούτου

2384 5347 2477 5400 τοῦ
2501 5346 2670 5409 Σινατ,
2690 5345 2782 5398 καὶ
2805 5345 2912 5398 ἀπὸ
2935 5344 3225 5414 προσώπου
3252 5346 3346 5399 τοῦ
3362 5348 3515 5414 Θεοῦ,
3533 5351 3667 5404 Θεοῦ
3685 5351 3918 5421 Ἰσραήλ.
3933 5369 3951 5400 ι

2384 5437 2616 5508 Μήποτε
2647 5435 2703 5488 δὲ
2733 5435 2828 5488 καὶ
2856 5435 2913 5486 αἱ
2957 5434 3197 5504 οὐράνιοι
3239 5436 3494 5507 δυνάμεις
3540 5439 3728 5511 ὥσπερ
3771 5441 3958 5509 τροφοί

2390 5544 2530 5592 τινες
2556 5529 2649 5580 καὶ
2674 5526 2884 5597 τιθηνοὶ
2904 5525 3012 5580 ἀπὸ
3034 5525 3202 5599 θηλῆς
3220 5528 3361 5596 γάλα
3390 5531 3599 5600 νηπίοις
3623 5525 3958 5594 ἀποστάζου-

2394 5633 2504 5682 σαι,
2546 5618 2717 5680 οὕτως
2741 5617 2834 5671 καὶ
2859 5611 3020 5671 αὗται
3051 5620 3149 5690 τὴν
3180 5620 3241 5686 ἐξ
3273 5620 3450 5673 αὐτῶν
3477 5620 3739 5693 χορηγίαν
3763 5624 3956 5694 παρεῖ-

2393 5725 2484 5778 χον
2514 5711 2626 5771 τοῖς
2656 5709 2776 5762 τότε
2798 5709 2898 5774 τὰς
2927 5711 3103 5782 ψυχὰς
3129 5713 3373 5784 νηπίοις;
3401 5712 3478 5765 Δι’
3502 5711 3532 5765 ὃ
3554 5714 3647 5767 καὶ
3685 5714 3956 5790 παιδαγω-

719 5765 811 5834 γὸς
847 5772 1154 5865 ωνόμασται
1185 5782 1332 5850 παρά
1368 5781 1443 5852 τῷ
1479 5785 1781 5856 Ἀτιεττὲλῳ
1815 5789 1842 5839 ὁ
1873 5788 1960 5842 διὰ
2004 5792 2278 5856 Μωῦσέως
2313 5765 2562 5868 λαληθεὶς
2593 5765 2767 5866 λόγος.

796 5885 834 5916 ³³
865 5889 969 5942 Isa.
996 5907 1125 5958 XLII,
1155 5897 1212 5965 6,,
1250 5898 1301 5952 7.
1386 5903 1426 5932 ""
1453 5901 1583 5958 Luc.
1613 5921 1687 5971 ix,
1724 5905 1812 5961 60.
1895 5908 1934 5939 ’⁵
1961 5907 2146 5967 Matth.
2186 5929 2310 5982 XXV,
2343 5933 2354 5969 4

2343 5914 2428 5971 ιι.
2512 5880 2726 5973 ιεῬεςιι.
2751 5930 2908 5981 ειμι,
2945 5917 2991 5983 ι,
3021 5919 3073 5974 ι.
3156 5919 3329 5974 "Gal.
3366 5936 3443 5985 ιιι,
3471 5920 3558 5976 2t.
