4300 6398
390 490 494 551 ίῦὅ

1513 482 2014 541 COMMENTARIA
2055 482 2123 536 IN
2162 482 2504 540 PSALMOS.

3525 483 3629 537 696

464 623 483 656 ί
513 603 718 675 Βροχὴν
743 603 986 656 ἑκούσιον
1013 604 1276 674 ἀφοριεῖς,
1299 605 1326 655 6
1357 603 1506 666 Θεὸς,
1531 605 1596 672 τῇ
1630 598 1962 671 κληρονομίᾳ

2035 647 2039 658 ,
2138 599 2305 657 Vens.
2341 603 2426 668 10,
2457 603 2543 656 11.
2577 619 2595 652 ι
2629 599 2874 655 Pluviam
2901 599 3263 657 voluntariam
3295 602 3625 673 segregabis,

389 711 483 748 om
503 734 518 758 ,
552 696 644 748 καὶ
676 694 939 765 ἠσθένησε
961 734 975 758 ,
1014 696 1077 748 σὺ
1109 694 1163 746 δὲ
1193 693 1505 763 κατηρτίσω
1536 693 1727 761 αὐτὴν.
1767 710 1786 741 ι
1822 691 1954 743 Τότε

390 785 521 854 μὲν,
567 784 761 854 φησιν,
804 802 821 833 ι
852 787 907 836 ὲν
943 782 1020 853 τῷ
1069 780 1463 852 ὲκπορεύεσθαί
1499 798 1556 832 σε
1594 779 1822 832 ἐνώπιον
1859 778 1952 832 τοῦ

385 877 514 931 λαοῦ
547 893 638 929 σου
658 917 672 940 ,
713 878 805 930 καὶ
844 878 900 929 ὲν
932 875 1010 946 τῷ
1039 875 1331 928 διαϐαίνειν
1356 891 1415 925 σε
1446 874 1502 926 ὲν
1531 875 1597 943 τῇ
1631 873 1822 942 ἐρήμῳ
1843 910 1857 934 ,
1883 872 1953 940 γῆ

385 965 601 1037 ἐσείσθη
619 1006 633 1028 ,
663 967 756 1019 καὶ
804 968 853 1019 ot
881 967 1098 1038 οὐρανοὶ
1126 965 1354 1029 ἓσταξαν
1375 981 1389 994 ο
1418 985 1435 1016 ι
1458 965 1549 1017 ἐπὶ
1576 964 1632 1017 δὲ
1672 963 1766 1017 τοῦ
1817 979 1955 1033 παρ-

382 1055 533 1118 όντος
556 1096 570 1118 ,
602 1057 688 1109 ὂτε
733 1057 1060 1128 ἐπιδέδηκας
1087 1057 1177 1108 ἐπὶ
1203 1056 1442 1126 δυσμῶν,
1475 1055 1636 1126 ἕτερα
1679 1054 1956 1125 παράδοξα

385 1148 640 1216 είργάσω.
696 1148 772 1218 Τῇ
797 1149 906 1219 γὰρ
947 1148 1279 1219 κληρονομίᾳ
1314 1166 1406 1201 σου
1443 1147 1723 1220 ἀφώρισας
1754 1147 1952 1218 βροχὴν

382 1238 644 1292 ἑκούσιον.
675 1241 1021 1309 κληρονομία
1050 1241 1105 1292 δὲ
1139 1241 1302 1293 αὑτοῦ
1333 1243 1416 1305 τίς
1443 1239 1509 1312 ἦν
1540 1241 1678 1312 μετὰ
1696 1242 1785 1294 τὸν
1823 1241 1954 1313 πρό-

381 1347 536 1400 τερον
578 1331 702 1383 λαὸν
742 1331 914 1401 ἀλλ’ἢ
960 1332 1019 1395 ἐξ
1061 1331 1230 1384 ἐθνῶν
1280 1333 1602 1403 Ἐκκλησία,
1640 1331 1828 1404 ὥσπερ
1858 1328 1950 1386 οὖν

377 1421 616 1475 διδάσκει
653 1422 823 1490 λέγων
863 1424 1023 1487 αὐτὸς
1067 1427 1122 1488 ὲν
1160 1427 1397 1498 δευτέρῳ
1429 1428 1659 1498 ψαλμῷ·
1696 1447 1714 1478 ι
1749 1429 1952 1498 Κύριος

375 1509 498 1590 ἐἷπε
521 1514 654 1583 πρὸς
675 1514 741 1584 μέ
760 1532 772 1544 ⁸
792 1516 917 1578 Υἱός
937 1535 1036 1587 μου
1065 1515 1114 1570 εἷ
1138 1520 1223 1582 σὺ,
1251 1519 1360 1587 ἐγὼ
1386 1521 1450 1591 σή
1461 1538 1525 1589 με
1536 1537 1624 1591 ρον
1647 1521 1951 1589 γεγέννηκά

377 1619 459 1658 σε.
494 1605 723 1674 Αίτησαι
749 1608 878 1677 παρ’
917 1607 1086 1678 ὲμοῦ,
1116 1611 1210 1662 καὶ
1235 1609 1390 1662 δώσω
1429 1627 1508 1662 σοι
1539 1611 1664 1680 ἔθνη
1689 1612 1787 1680 τὴν
1820 1612 1950 1680 κλη-

378 1696 634 1764 ρονομίαν
667 1711 758 1748 σου
793 1699 886 1750 καὶ
916 1698 1014 1769 τὴν
1043 1699 1367 1768 κατάσχεσίν
1400 1717 1494 1752 σου
1524 1699 1591 1752 τά
1620 1700 1830 1769 πέρατα
1852 1703 1949 1771 τῆς

372 1786 494 1855 γῆς.
539 1807 556 1836 ι
588 1788 712 1850 Υἱὸς
745 1791 852 1860 γὰρ
881 1790 1014 1842 Θεοῦ
1054 1791 1405 1861 κελευόμενος
1446 1794 1580 1863 πρὸς
1606 1793 1701 1846 τοῦ
1737 1795 1948 1864 Πατρὸς

2061 690 2224 755 Deus,
2257 691 2557 747 haereditati
2587 699 2712 755 tuae,
2745 698 2798 745 et
2836 691 3108 745 infirmata
3135 699 3237 759 est,
3267 699 3324 745 tu
3351 708 3478 747 vero
3507 706 3630 762 per-

2060 783 2236 838 fecisti
2264 799 2404 838 eam.
2436 804 2454 836 ›
2511 783 2686 848 Tunc,
2747 785 2945 854 inquit,
2987 803 3005 834 ι
3031 799 3155 836 cum
3207 786 3548 854 egredereris
3574 785 3628 838 in

2057 882 2351 944 conspectu
2385 874 2564 943 populi
2582 875 2680 938 tui,
2703 883 2894 928 etcum
2919 874 3281 943 pertransires
3309 875 3363 928 in
3389 875 3626 939 deserto,

2058 973 2204 1018 terra
2237 973 2385 1018 mota
2406 973 2511 1027 est,
2544 971 2600 1017 et
2624 963 2749 1017 ρωὶί
2779 963 3200 1017 distillaverunt.
3241 981 3258 1012 ι
3281 961 3338 1014 1η
3371 965 3628 1031 ρηεεθηιὶ

2057 1062 2239 1109 autem
2262 1071 2400 1120 cum.
2419 1055 2715 1109 ascendisti
2744 1069 2907 1123 super
2926 1068 3207 1114 occasum,
3241 1051 3509 1105 mirabilia
3523 1053 3628 1106 alia

2057 1139 2404 1218 perpetrasti.
2440 1147 2573 1201 Nam
2607 1147 2906 1201 haereditati
2926 1156 3030 1200 tuae
3062 1147 3361 1214 segregasti
3386 1145 3625 1212 pluviam

2056 1239 2440 1295 voluntariam.
2478 1238 2779 1293 [hereditas
2810 1253 2972 1307 porro
3022 1237 3169 1290 illius
3223 1249 3470 1304 quaenam
3508 1243 3627 1289 erat

2055 1339 2176 1401 post
2211 1332 2445 1401 priorem
2473 1331 2624 1384 illum
2655 1332 2936 1400 populum,
2963 1328 3066 1383 nisi
3089 1326 3330 1380 Ecclesia
3360 1325 3622 1396 gentium.

2055 1427 2113 1470 ut
2146 1420 2260 1486 ipse
2285 1418 2445 1471 docet
2476 1416 2532 1472 in
2563 1417 2803 1473 secundo
2862 1417 3107 1487 psalmo:
3143 1433 3160 1465 ι
3191 1414 3452 1468 Dominus
3487 1414 3625 1469 dixit

2053 1507 2118 1560 ad
2147 1523 2232 1562 me
2268 1527 2279 1560 :
2320 1507 2491 1563 Filius
2514 1524 2669 1563 meus
2699 1525 2758 1563 es
2793 1515 2872 1575 tu,
2907 1523 3007 1579 ego
3033 1507 3192 1561 hodie
3223 1507 3381 1577 genui
3408 1517 3480 1561 te.
3527 1506 3626 1561 Po-

2055 1599 2197 1651 stula
2229 1612 2259 1650 a
2291 1612 2397 1660 me,
2421 1605 2475 1652 et
2506 1599 2648 1654 dabo
2679 1600 2780 1653 tibi
2801 1608 2986 1669 gentes
3045 1599 3414 1654 baareditatem
3446 1607 3618 1665 tuam,

2051 1696 2104 1742 et
2125 1689 2528 1758 possessionem
2549 1698 2691 1742 tuam
2709 1692 2974 1746 terminos
2988 1699 3144 1747 terrae
3164 1694 3228 1746 ¹⁸.
3260 1712 3276 1744 ι
3304 1692 3434 1744 Nam
3453 1691 3621 1747 Filius

2053 1779 2168 1842 Dei,
2203 1781 2289 1834 cui
2331 1778 2490 1835 Pater
2539 1781 2786 1850 praecipit
2817 1791 2875 1834 ut
2909 1790 3056 1852 petat
3108 1783 3163 1837 in
3223 1784 3618 1848 hereditatem,

370 1877 541 1928 αἰτεῖν
563 1878 945 1949 κληρονομίαν,
973 1880 1095 1932 οὔτε
1129 1882 1393 1934 Ἰουδαίων
1420 1883 1590 1946 ἔθνος,
1613 1884 1746 1937 ἀλλά
1773 1885 1949 1938 πάντα

2054 1888 2162 1926 non
2195 1869 2504 1926 Iudaeorum
2535 1883 2768 1942 gentem,
2796 1873 2888 1926 sed
2914 1887 3104 1928 omnes
3133 1883 3321 1943 gentes
3357 1884 3408 1929 et
3434 1878 3624 1930 termi—

369 1966 436 2018 τά
471 1966 594 2037 ἔθνη
624 1973 715 2022 καὶ
745 1969 812 2022 τὰ
840 1972 1051 2042 πέρατα
1081 1973 1177 2042 τῆς
1206 1973 1338 2042 γῆς,
1375 1975 1460 2037 τίς
1497 1973 1561 2027 ἂν
1596 1976 1802 2042 γένοιτο
1840 1975 1872 2046 ἢ
1913 1979 1941 2028 6

2051 1979 2152 2018 nos
2197 1972 2376 2027 terras,
2413 1965 2668 2034 quisnam
2709 1964 2894 2028 fuerit,
2954 1965 3060 2020 nisi
3090 1966 3182 2034 qui
3220 1965 3520 2022 Ecclesiam
3554 1984 3620 2022 ex

367 2055 466 2125 τὴν
508 2055 566 2120 ἐξ
601 2057 766 2110 ἐθνῶν
800 2059 1129 2130 Ἐκκλησίαν
1164 2064 1565 2134 συστησάμενος
1589 2080 1602 2127 ;
1629 2065 1812 2134 Ταύτῃ
1846 2061 1938 2117 οὖν

365 2147 433 2215 τῇ
469 2146 799 2220 κληρονομίᾳ
831 2151 994 2203 αὑτοῦ
1036 2151 1278 2223 ἀφώρισε
1320 2153 1519 2226 βροχὴν
1545 2155 1794 2208 ἑκούσιον
1818 2172 1830 2183 '
1859 2155 1938 2208 διὸ

365 2236 613 2292 λέλεκται
649 2242 775 2312 περὶ
816 2242 982 2294 αὑτοῦ
1004 2261 1016 2273 ·
1067 2262 1084 2294 ε
1117 2244 1503 2316 Καταϐήσεται
1542 2247 1616 2311 ὡς
1649 2247 1802 2310 ὑετὸς
1843 2247 1936 2301 ἐπὶ

365 2328 566 2395 πόκον,
599 2332 691 2384 καὶ
719 2333 848 2385 ὡσεὶ
879 2335 1134 2402 σταγόνες
1164 2336 1454 2400 στάζουσαι
1499 2340 1590 2390 ἐπὶ
1635 2338 1731 2409 τὴν
1755 2339 1878 2408 γῆν.
1911 2359 1929 2390 ι

364 2421 536 2489 Λόγος
578 2423 636 2474 δὲ
664 2419 730 2493 ῆν
760 2425 1111 2493 εύαγγελικὸς
1148 2429 1180 2497 ὴ
1221 2417 1387 2500 βροχὴ
1414 2431 1446 2500 ἡ
1473 2430 1723 2491 ἑκουσία,
1755 2431 1848 2483 καὶ
1874 2430 1935 2483 τὸ

364 2514 462 2583 τῆς
489 2515 695 2584 Καινῆς
710 2518 982 2588 Διαθήκης
1007 2520 1074 2596 κη
1086 2536 1266 2590 ρυγμα
1286 2524 1350 2592 τῇ
1378 2522 1436 2588 ἐξ
1458 2523 1624 2576 ἐθνῶν
1641 2523 1934 2593 Ἐκκλησία

364 2605 813 2676 παραδεδομένον.
850 2610 1004 2679 Καλὴ
1033 2610 1088 2662 δὲ
1119 2612 1150 2682 ἡ
1189 2613 1475 2684 προσθήκη
1508 2615 1607 2684 τῆς
1641 2615 1932 2678 «ἑκουσίας

363 2694 588 2764 βροχῆς·
632 2717 651 2748 ι
691 2698 780 2750 διὰ
828 2701 1101 2766 Μωῡσέως
1149 2704 1244 2773 μὲν
1269 2705 1376 2774 γὰρ
1420 2705 1516 2774 οὐχ
1555 2705 1797 2770 ἑκούσιος
1821 2710 1931 2772 τοῖς

361 2785 609 2848 παλαιοίς
635 2788 924 2858 παρείχετο
946 2791 1118 2859 λόγος,
1147 2795 1268 2846 ἐπεὶ
1296 2796 1355 2846 οὺ
1394 2797 1534 2848 κατά
1573 2796 1795 2868 γνώμην
1835 2798 1931 2871 τὴν

358 2875 523 2930 αὑτοῦ
546 2878 928 2948 ὲνομοθετείτο·
959 2883 1038 2935 διὸ
1071 2884 1204 2954 πρὸς
1234 2887 1427 2948 αὐτοὺς
1455 2885 1635 2955 ἔλεγεν
1664 2889 1692 2940 6
1719 2889 1926 2962 Σωτήρο

363 2985 381 3015 ι
420 2968 659 3039 Μωϋσῆς
685 2971 820 3040 πρὸς
853 2971 948 3042 τὴν
974 2973 1402 3045 σκληροκαρδίαν
1433 2977 1586 3047 ὑμῶν
1607 2978 1864 3050 ἔγραψεν·
1904 3001 1924 3033 ι

357 3057 386 3108 ὁ
407 3057 464 3110 δὲ
495 3059 649 3127 λόγος
681 3064 709 3115 6
733 3063 1087 3132 εύαγγελικὸς
1119 3067 1258 3118 κατὰ
1285 3067 1478 3138 βουλὴν
1509 3071 1601 3123 καὶ
1627 3070 1768 3122 κατὰ
1795 3088 1928 3142 προ-

355 3149 570 3218 αίρεσιν
595 3152 728 3206 Θεοῦ
753 3157 1038 3228 ἁφωρίσθη
1068 3176 1086 3209 ι
1117 3161 1182 3229 τῇ
1210 3158 1541 3232 κληρονομίᾳ
1581 3181 1598 3212 ι
1643 3162 1806 3214 αὐτοῦ
1824 3201 1837 3225 ,
1862 3162 1928 3234 ἣν

355 3237 732 3308 ὰςθενήσασαν
773 3245 878 3311 σὺ,
926 3248 1095 3315 φησὶ,
1147 3250 1490 3320 κατηρτίσω.’
1548 3252 1688 3304 κατά
1733 3251 1789 3304 δὲ
1834 3251 1925 3304 τὸν

369 3329 628 3395 Ἀκύλαν,
677 3350 695 3382 ι
741 3334 1198 3407 Μεμοχθηκυῖαν,
1239 3341 1401 3410 φησὶ,
1446 3343 1510 3394 σὺ
1553 3341 1792 3410 ἧδρασας
1833 3343 1930 3395 αὐ·-

352 3419 485 3487 τήν·
537 3437 556 3469 ›
597 3421 736 3473 κατά
778 3423 833 3475 δὲ
875 3426 965 3477 τὸν
1007 3426 1327 3498 Σύμμαχον,
1371 3448 1389 3480 ι
1426 3432 1526 3483 Ἦν
1563 3431 1922 3502 ἐξεπόνησας,

353 3507 520 3583 φησι,
560 3502 658 3562 καὶ
697 3511 958 3581 ἦδρασας.
1001 3535 1019 3566 ι
1061 3518 1135 3569 Ού
1165 3519 1246 3570 δεῖ
1279 3520 1336 3573 δὲ
1374 3521 1584 3574 πολλῶν
1633 3522 1804 3590 λόγων
1845 3527 1926 3588 είς

351 3594 415 3649 τὸ
439 3600 787 3668 παραστῆσαι
814 3603 962 3666 ὅπως
996 3607 1028 3675 ή
1071 3605 1131 3671 ὲξ
1174 3607 1342 3663 ἐθνῶν
1373 3613 1536 3666 πάλαι
1573 3614 1834 3684 πρότερον
1857 3611 1924 3686 ἦν

355 3690 734 3762 μεμοχθηκυῖα
768 3694 951 3756 πόνοις
996 3699 1090 3750 καὶ
1139 3700 1358 3771 μόχθοις
1402 3705 1500 3774 τῆς
1541 3705 1921 3778 είδωλολάτρου

351 3779 562 3870 πλάνης
595 3786 1052 3855 καταπονηθείσα·
1084 3790 1428 3862 ἀσθενήσασά
1462 3814 1518 3847 τε
1546 3792 1613 3866 ἦν
1645 3798 1724 3860 είς
1751 3799 1921 3870 ὑπερ-

350 3869 534 3942 ϐολὴν,
569 3872 644 3936 ὡς
671 3874 941 3947 μηδεμίαν
973 3879 1030 3930 ἐν
1057 3880 1190 3950 αὐτῇ
1219 3883 1640 3954 καταλειφθῆναι
1671 3869 1919 3958 δύναμιν.

364 3962 503 4015 Ἀλλ’
533 3964 813 4019 ἀναλαϐὼν
853 3970 1021 4041 αὐτὴν
1054 3973 1081 4024 6
1114 3973 1302 4045 Σωτὴρ
1336 3976 1698 4046 κατηρτίσατο
1725 3979 1917 4050 αὐτὴν,

348 4053 581 4123 ἐδράσας
625 4057 719 4109 ἐπὶ
760 4059 856 4129 τὴν
901 4061 1103 4133 πέτραν
1140 4061 1247 4135 ’τὴν
1293 4067 1508 4136 ἀρραγῆ
1547 4067 1637 4119 καὶ
1671 4068 1919 4125 ἄσειστον

344 4145 448 4214 τῆς
493 4147 655 4200 αὐτοῦ
690 4151 942 4215 πίστεωςσ
973 4154 1000 4205 ὃ
1038 4154 1100 4224 δὴ
1147 4157 1238 4207 καὶ
1279 4158 1641 4227 ἐπηγγείλατο
1670 4164 1916 4233 ποιήσειν

343 4234 535 4286 εἰπών·
571 4255 589 4287 ι
627 4239 763 4296 ,Ἐπὶ
788 4240 886 4310 τὴν
912 4242 1115 4312 πέτραν
1145 4245 1480 4315 οἰκοδομήσω
1521 4266 1620 4317 μου
1649 4251 1746 4320 τὴν
1792 4254 1914 4306 Ἐκ-

343 4328 592 4397 κλησίαν·
632 4331 726 4384 καὶ
758 4331 918 4386 πύλαι
949 4334 1074 4404 ᾅδου
1108 4338 1168 4389 οὑ
1205 4327 1619 4408 κατισχύσουσιν
1654 4347 1844 4417 αὐτῆς.
1889 4367 1907 4400 ι

351 4418 619 4489 Ἐδράσας
644 4422 699 4474 δὲ
725 4424 894 4494 αὐτὴν
923 4427 1017 4479 καὶ
1045 4431 1531 4501 καταρτισάμενος,
1555 4435 1622 4488 τὰ
1648 4435 1760 4501 ζῶα
1787 4441 1911 4492 ἑαυ-

338 4508 434 4560 τοῦ
481 4510 782 4581 κατῴκισεν
825 4518 882 4569 ὲν
923 4517 1080 4588 αὐτῇ.
1119 4519 1239 4572 Ζῶα
1276 4522 1331 4574 δὲ
1372 4524 1490 4577 τίνα
1514 4525 1579 4578 ἂν
1612 4528 1783 4592 εἴποις
1815 4528 1908 4582 τοῦ

337 4599 473 4709 Θεοῦ
498 4602 530 4671 ἢ
560 4604 752 4709 τάςιὲκ
792 4608 893 4709 τῆς
934 4612 1062 4709 παρ’
1094 4612 1241 4683 αὐτῷ
1284 4615 1427 4686 ζωῆς
1470 4619 1775 4690 ἀρυομένας
1809 4621 1901 4673 καὶ
1931 4653 1976 4709 D

336 4691 772 4765 ζωοποιουμένας
821 4700 1026 4782 ψυχάςς
1079 4705 1189 4756 Καὶ
1238 4707 1408 4760 ταῦτα
1453 4712 1658 4773 πάντα,
1706 4691 1941 4782 φησὶν,ί

341 4803 360 4874 ι
396 4786 697 4858 ἡτοίμασας
740 4810 759 4842 ι
799 4779 884 4847 διά
911 4795 1010 4864 τῆς
1057 4796 1155 4865 σῆς
1198 4802 1558 4872 χρηστότητος
1595 4804 1688 4865 καὶ
1713 4779 1901 4874 ιριλαν-

335 4871 660 4946 θρωπίας,ἢ
691 4877 784 4932 διὰ
818 4899 837 4931 ι
876 4882 975 4952 τῆς
1005 4883 1103 4952 σῆς
1137 4871 1514 4959 ἀγαθωσύνης,
1551 4910 1569 4941 ι
1597 4871 1735 4945 κατά
1776 4897 1902 4959 τοὺς

332 4963 554 5029 λοιποὺς
592 4970 958 5040 ἑρμηνευτάς,
997 4994 1015 5026 ι
1061 4975 1137 5046 τῷ
1178 4979 1396 5050 πτωχῷ.
1435 5002 1452 5033 ι
1488 4985 1704 5053 Πτωχὸν
1733 4986 1788 5038 δὲ
1821 4989 1903 5040 ὲν-

331 5053 505 5108 ταῦθα
537 5057 773 5129 κέκληκε
804 5065 1080 5131 μυστικῶς
1122 5067 1210 5120 τὸν
1242 5071 1380 5124 κατά
1413 5074 1588 5144 σάρκα
1617 5075 1898 5146 ἄνθρωπον

330 5145 426 5197 τοῦ
459 5148 706 5221 Σωτῆρος
736 5153 911 5222 ἡμῶν,
938 5157 996 5220 ὃς
1032 5176 1051 5209 ι
1092 5159 1344 5225 πλούσιος
1377 5163 1452 5216 ὢν
1494 5145 1798 5235 ὲπτὼχεύσε
1833 5171 1898 5224 δι’

538 5239 624 5292 ἵνα
649 5242 808 5311 ἡμεῖς
841 5248 904 5316 τῇ
937 5248 1098 5301 αὐτοῦ
1141 5252 1380 5321 πτωχείᾳ.
1420 5253 1825 5326 πλουτήσωμεν,
1874 5280 1893 5313 ι

343 5321 558 5415 Ἰιξδῆλου
603 5327 660 5380 δὲ
701 5329 862 5382 αὐτοῦ
912 5335 1023 5403 τὴν·
1056 5338 1324 5408 πτωχείαν
1369 5341 1458 5393 καί
1501 5321 1660 5405 αὐτὸς
1705 5321 1897 5415 λέγων·

337 5430 356 5461 ι
389 5413 605 5510 Μάθετε
633 5419 727 5470 ἀπ’
764 5420 899 5510 ἐμοῦ
918 5463 943 5510 ,γ
965 5426 1046 5479 ὅτι
1083 5432 1254 5501 πρᾶός
1287 5435 1396 5501 είμι
1427 5435 1520 5484 καὶ
1545 5413 1796 5501 ταπεινὸς
1827 5443 1892 5510 τῇ

331 5502 546 5601 καρδίᾳ.
578 5527 624 5601 Δ»
671 5509 855 5601 τούτῳ
885 5509 977 5566 οὖν
1008 5517 1085 5587 τῷ
1113 5523 1311 5593 πτωχῷ
1348 5524 1376 5576 6
1413 5523 1544 5587 Θεὸς
1585 5527 1678 5579 καὶ
1708 5502 1895 5601 Πατὴρ

329 5591 495 5645 αὐτοῦ
539 5597 606 5668 τῇ
647 5599 809 5653 αὐτοῦ
838 5591 1338 5680 φιλανθρωπίᾳ-καὶ
1381 5614 1705 5687 χρηστότητι
1749 5591 1897 5688 ἡτοί-

410 5775 622 5856 ’iysal.
676 5798 736 5849 ll,
779 5786 826 5850 7,
861 5787 912 5842 8.
993 5789 1033 5820 ²⁹
1059 5786 1199 5844 Psal.
1253 5807 1400 5856 LXXI,
1432 5791 1482 5850 6.

333 5855 406 5906 xl,
435 5843 522 5903 9.9.

1636 5799 1799 5857 μείης.
1835 5819 1886 5866 x,
1922 5803 1973 5858 5.
2051 5804 2091 5837 “
2123 5801 2309 5857 Matth.
2352 5820 2439 5868 xv,
2479 5804 2564 5858 18.

2047 2055 2301 2124 gentibus
2364 2055 2700 2110 constituit?
2754 2054 2893 2110 Huic
2934 2058 3115 2126 itaque
3173 2056 3471 2112 haereditati
3507 2075 3620 2114 suae

2045 2148 2346 2218 segregavit
2393 2149 2630 2218 pluviam
2660 2151 3022 2204 voluntariam
3056 2170 3068 2204 :
3103 2165 3270 2219 quare
3314 2150 3505 2204 de‘illo
3536 2152 3618 2205 di—

2045 2249 2194 2293 ctum
2252 2247 2334 2294 est
2373 2260 2384 2293 :
2427 2259 2444 2291 ι
2487 2239 2794 2296 Descendet
2851 2241 2994 2296 sicut
3023 2242 3206 2312 pluvia
3251 2243 3304 2295 in
3332 2242 3528 2304 vellus,
3564 2253 3622 2295 et

2044 2331 2185 2384 sicut
2218 2331 2495 2384 stillicidia
2549 2331 2812 2384 stillantia
2843 2348 3009 2401 super
3039 2344 3237 2392 terram
3283 2334 3345 2386 ‘9.
3370 2352 3387 2384 ι
3427 2332 3617 2386 Pluvia

2043 2430 2218 2476 autem
2253 2421 2555 2476 voluntaria
2584 2429 2698 2477 erat
2720 2422 2940 2476 verbum
2973 2425 3342 2496 evangelicum
3377 2465 3390 2489 ,
3415 2434 3467 2480 et
3489 2440 3619 2495 pra:-

2041 2509 2243 2563 dicatio
2270 2510 2401 2566 Novi
2434 2510 3303 2584 TestamentiEcclesiaagentium
3341 2512 3619 2567 tradita.E

2040 2613 2100 2653 re
2129 2599 2381 2669 adjicitur
2404 2601 2471 2655 ad
2505 2621 2522 2654 ι
2561 2603 2797 2672 pluviam
2824 2622 2841 2654 ι
2878 2587 3046 2671 ἱΙΙυό,’
3097 2621 3115 2654 ι
3155 2603 3554 2658 voluntariam:
3589 2623 3612 2655 ι

2039 2706 2164 2744 nam
2191 2708 2288 2761 per
2321 2693 2562 2764 Moysem
2619 2711 2730 2749 non
2791 2695 3161 2749 voluntarium
3199 2695 3441 2764 antiquis
3505 2695 3614 2749 illis

2038 2784 2357 2840 tradebatur
2377 2786 2624 2851 verbum,
2658 2788 2785 2856 quia
2814 2803 2922 2843 non
2951 2789 3254 2843 secundum
3284 2789 3458 2858 ipsius
3485 2770 3613 2844 sen-

2038 2876 2262 2929 tcntiam
2287 2876 2376 2931 lex
2412 2875 2665 2930 dabatur;
2703 2875 3072 2941 Quamobrem
3105 2879 3226 2933 illos
3253 2880 3332 2933 sic
3363 2879 3612 2935 Salvator

2038 2967 2333 3036 alloquitur
2380 2987 2391 3021 :
2449 2987 2468 3018 (
2501 2967 2718 3038 Moyses
2775 2968 2840 3022 ad
2895 2967 3156 3022 duritiam
3212 2969 3396 3024 cordis
3439 2971 3610 3024 vestri

2037 3059 2258 3128 scripsit
2303 3061 2370 3132 ἕο.
2408 3080 2426 3112 ι
2494 3061 2562 3115 At
2618 3063 2844 3117 verbum
2885 3061 3253 3131 evangeliorum
3308 3062 3609 3116 secundum

2035 3155 2372 3208 voluntatem
2430 3159 2485 3208 et
2543 3153 2863 3211 electionem
2914 3151 3008 3208 Dei
3060 3171 3077 3203 ι
3114 3152 3410 3206 haereditati
3441 3171 3459 3204 ι
3489 3153 3608 3223 ejus
3652 3199 3659 3206 .

2033 3245 2292 3298 traditum
2315 3252 2396 3300 est
2425 3263 2436 3298 :
2465 3260 2628 3315 quam
2655 3245 2925 3300 inﬁrmam
2954 3253 3034 3308 tu,
3066 3245 3262 3315 inquit,
3295 3245 3606 3315 pcrfecisti;

2038 3334 2336 3388 secundum
2392 3334 2676 3402 Aquilam,
2757 3353 2775 3386 ι
2808 3335 3190 3397 laborantem.
3253 3338 3482 3408 inquit,
3547 3347 3606 3393 tu

2037 3422 2277 3478 fundasti
2331 3437 2490 3488 eam;
2552 3443 2569 3474 ι
2629 3425 2930 3478 secundum
2992 3423 3380 3495 Symmachum
3453 3444 3602 3492 vero.

2040 3533 2246 3587 (quam
2301 3517 2617 3579 elaborasti,
2673 3517 2887 3586 inquit,
2953 3527 3006 3571 et
3051 3518 3310 3575 fundasti.
3343 3540 3362 3571 ι
3419 3519 3607 3592 Neque

2033 3610 2217 3663 multis
2241 3623 2376 3677 opus
2423 3607 2766 3662 sermonibus
2810 3616 2894 3662 est
2939 3608 3008 3662 ad
3053 3609 3439 3664 declarandum
3494 3628 3605 3682 quo

2031 3712 2191 3771 pacto
2220 3701 2460 3771 gentium
2496 3699 2738 3754 Ecclesia
2792 3701 3000 3769 pridem
3027 3701 3262 3766 defessa,
3293 3702 3602 3758 laboribus-

2029 3806 2134 3860 que
2164 3790 2370 3845 erroris
2407 3789 2674 3845 idolorum
2709 3790 2958 3844 confecta
2991 3799 3157 3853 esset,
3193 3807 3257 3846 ac
3289 3808 3453 3861 supra
3481 3809 3600 3846 mo-

2028 3883 2156 3936 dum
2175 3882 2411 3943 infirma,
2443 3889 2502 3933 ut
2532 3880 2681 3934 nulla
2743 3881 2847 3950 ipsi
2906 3881 3080 3935 virtus
3135 3889 3464 3950 superesset.
3494 3880 3601 3935 Sed

2028 3976 2197 4044 ipsam
2235 3974 2493 4028 Servator
2533 3981 2844 4041 susceptam
2890 3973 3139 4041 perfecit,
3173 3974 3336 4041 inque
3362 3973 3515 4027 firma
3544 3983 3601 4030 θι

2028 4065 2247 4119 immota
2275 4075 2428 4133 petra
2487 4065 2610 4118 fidei
2651 4079 2766 4118 sua:
2830 4062 3117 4117 fundavit:
3150 4065 3296 4133 quod
3334 4080 3393 4120 se
3427 4064 3601 4120 factu-

2025 4171 2144 4208 rum
2182 4157 2463 4225 pollicitus
2499 4165 2616 4210 erat
2650 4156 2878 4210 dicens:
2919 4175 2936 4206 ι
2979 4156 3151 4227 Supra
3189 4166 3395 4227 petram
3427 4158 3596 4213 aedifi-

2022 4245 2162 4305 cabo
2204 4243 2504 4300 Ecclesiam
2539 4262 2737 4309 meam,
2771 4255 2824 4301 et
2858 4253 3028 4317 porta:
3068 4249 3227 4301 inferi
3258 4264 3363 4302 non
3398 4263 3600 4317 prmva~

2020 4337 2208 4390 lebunt
2241 4337 2504 4394 adversus
2533 4327 2689 4395 eam.‘
2710 4341 2775 4392 υ.
2817 4359 2834 4390 ι
2862 4339 3157 4409 Postquam
3201 4354 3330 4395 vero
3353 4340 3597 4396 fundavit

2018 4436 2072 4483 et
2099 4429 2327 4500 perfecit
2358 4471 2371 4495 ,
2408 4431 2667 4485 animalia
2707 4445 2804 4484 sua
2829 4430 3076 4483 habitare
3113 4431 3236 4484 fecit
3269 4432 3323 4484 in
3354 4448 3439 4486 ea.
3465 4431 3595 4486 Ani-

2017 4524 2176 4575 malia
2209 4538 2336 4577 vero
2378 4522 2469 4576 Dei
2500 4537 2619 4592 quae
2666 4522 2870 4576 dixeris
2899 4505 3040 4583 esse,
3076 4522 3185 4575 nisi
3217 4521 3429 4577 animas
3479 4525 3592 4577 vita

2016 4628 2135 4681 qua:
2167 4614 2308 4683 apud
2340 4598 2515 4682 ipsum
2546 4622 2646 4675 est,
2675 4613 2970 4665 instructas
3001 4619 3052 4665 et
3084 4612 3426 4667 donatas?Et
3452 4615 3565 4670 haec

2007 4703 2204 4773 inquit,
2238 4704 2419 4786 omnia
2451 4701 2902 4772 perdulcedinem
2916 4709 2969 4755 et
2999 4703 3392 4787 humanitatem
3415 4693 3590 4787 tuam:

2008 4797 2121 4851 sive
2164 4784 2263 4866 per
2293 4815 2310 4845 ι
2342 4795 2641 4848 bonitatem
2676 4800 2824 4847 tuam
2849 4813 2866 4845 ι
2904 4772 3204 4850 secundum
3235 4799 3477 4868 reliquos
3501 4772 3589 4852 in:

2006 4868 2290 4959 terpretes,
2311 4903 2328 4935 ι
2356 4885 2580 4954 pauperi
2615 4878 2850 4955 parasti.
2880 4907 2898 4938 ι
2918 4885 3220 4958 Pauperem
3259 4890 3345 4943 hic
3361 4893 3589 4960 mystice

2007 4991 2164 5036 vocat
2192 4979 2464 5031 hominem
2491 4977 2792 5033 Salvatoris
2820 4981 2996 5035 nostri
3021 4982 3318 5036 secundum
3343 4997 3582 5047 carnem,

2010 5072 2100 5140 qui
2129 5089 2147 5120 ι
2179 5083 2301 5120 cum
2329 5067 2479 5123 dives
2501 5079 2664 5134 esset,
2682 5087 2884 5140 egenus
2913 5079 3133 5140 prepter
3155 5089 3254 5128 nos
3278 5072 3450 5128 factus
3476 5082 3582 5138 est,

2009 5171 2066 5218 ut
2099 5177 2200 5215 nos
2233 5161 2351 5229 ejus
2394 5161 2577 5231 inopia
2607 5162 2804 5220 divites
2830 5177 3080 5219 essemus
3109 5168 3175 5217 ²¹.
3218 5185 3234 5216 ι
3260 5163 3424 5217 Suam
3455 5182 3583 5221 vero

2007 5257 2122 5324 ipse
2151 5253 2386 5324 inopiam
2418 5255 2496 5307 his
2547 5253 2717 5308 verbis
2749 5251 3045 5308 declaravit
3075 5273 3086 5306 :
3123 5273 3140 5304 ι
3178 5254 3380 5312 Discite
3407 5272 3436 5310 a
3471 5273 3576 5322 me,

2009 5347 2137 5417 quia
2169 5346 2315 5401 mitis
2349 5361 2470 5401 sum
2523 5352 2578 5398 et
2621 5338 2844 5396 humilis
2869 5347 3034 5400 corde
3068 5346 3131 5397 ’³.
3173 5365 3192 5397 ι
3242 5343 3380 5402 Huic
3414 5350 3578 5420 igitur

2002 5437 2224 5514 pauperi
2265 5435 2406 5492 Deus
2428 5443 2481 5490 et
2509 5435 2668 5488 Pater
2691 5436 2808 5505 ejus
2829 5437 3162 5492 humanitate
3195 5454 3257 5493 ac
3288 5441 3576 5498 dulcedine

2000 5547 2108 5588 sua.
2127 5527 2388 5597 praedicta
2410 5527 2592 5581 omnia
2648 5527 3008 5597 praeparavit;
3058 5529 3304 5585 videlicet
3334 5531 3570 5599 pluviam

2002 5622 2392 5682 voluntariam.
2436 5617 2713 5690 prafatam
2751 5619 3120 5674 limrcditatem
3169 5631 3222 5676 et
3273 5635 3570 5678 memorata

2678 5807 2724 5837 ³³
2756 5802 2794 5854 ll
2826 5804 2952 5861 Cor.
2985 5822 3099 5868 vui,
3139 5817 3186 5858 ιο.
3306 5809 3348 5838 ³³
3380 5810 3561 5863 Maii.
