4300 6444
820 490 926 544 625

1503 488 1763 543 EUSEBII
1801 487 2269 545 CESARIENSIS
2307 489 2457 544 OPP.
2496 489 2671 543 PARS
2708 489 2793 543 Ill.
2834 518 2901 528 ——
2936 486 3377 543 ΕΧΕΕΕἹῚΩᾹ.Δ

3910 489 4018 544 696

820 596 1091 659 animalia.
1127 604 1484 670 Quamobrem
1540 616 1661 675 post
1713 608 1827 661 haec
1867 608 2049 662 omnia
2080 606 2309 661 infertur
2344 623 2355 657 :
2390 615 2434 671 Α
2468 626 2518 676 με

2344 623 2355 657 :
2390 615 2434 671 Α
2468 625 2605 676 μασε
2652 607 2719 659 τὰ
2764 604 3124 675 προλεχθὼτα
3155 606 3347 657 πάνταο
3379 603 3519 671 λέγω
3560 605 3619 657 δὲ
3649 606 3743 674 τὴν
3769 605 4016 658 ἑκούσιον

825 714 845 747 ι
867 692 1073 747 Parasti
1100 695 1151 747 in
1184 694 1468 749 dulcedine
1516 705 1608 749 tua
1636 696 1876 764 pauperi.-
1900 684 1909 691 ⁶
1931 696 2191 751 Dominus
2212 696 2361 751 dabit

818 784 1037 837 verbum
1064 785 1561 853 evangelizantibus
1590 787 1785 840 virtute
1817 787 2003 840 multa.
2043 807 2062 839 ι
2095 786 2218 842 Haec
2236 795 2363 841 sunt

817 874 1076 941 pmclara
1100 872 1311 929 Domini
1356 889 1541 942 opera,
1574 876 1664 942 qui
1724 878 1965 931 ascendit
1995 892 2159 948 super
2202 894 2360 934 occa-

818 980 954 1018 sum.
984 964 1247 1039 Quoniam
1282 981 1410 1019 vero
1438 980 1499 1019 ea
1528 962 1780 1020 omnibus
1808 968 2074 1023 declarari
2100 970 2359 1039 oportuit,

816 1056 867 1107 id
891 1056 1053 1109 etiam
1087 1057 1206 1125 ipse
1259 1054 1517 1110 Dominus
1568 1064 1691 1124 post
1710 1058 1916 1125 reliqua
1958 1060 2137 1112 omnia
2180 1059 2359 1114 edicit.

813 1145 1111 1212 Quomodo
1138 1153 1191 1199 et
1232 1162 1334 1215 qua
1367 1148 1620 1200 ratione?
1646 1142 1969 1207 Hominibus
2014 1150 2232 1219 quidem
2270 1153 2359 1219 qui

814 1251 911 1290 nec
935 1235 1207 1305 proprium
1234 1238 1454 1290 verbum
1483 1230 1582 1291 nec
1612 1238 1884 1305 propriam
1912 1240 2230 1307 sapientiam
2266 1241 2362 1294 ba-

812 1329 958 1390 bent,
985 1327 1077 1382 sed
1108 1329 1199 1397 qui
1234 1329 1458 1382 omnino
1518 1330 1681 1384 rudes
1707 1330 2035 1385 etineruditi
2062 1338 2209 1396 sunt,
2244 1332 2362 1401 ipse

810 1417 1031 1470 verbum
1082 1417 1447 1486 suppeditabit
1493 1418 1705 1486 plenum
1752 1419 2115 1473 inenarrabili
2142 1420 2358 1472 virtute.

808 1504 913 1573 ipsi
972 1518 1099 1559 vero
1136 1506 1373 1559 roborati
1424 1513 1475 1560 et
1530 1509 1727 1562 tradito
1771 1510 1876 1563 sibi
1928 1510 2092 1564 verbo
2143 1508 2393 1576 diserti,

808 1609 1082 1663 praecones
1112 1594 1375 1648 bonorum
1430 1597 1595 1649 totius
1626 1599 1814 1651 mundi
1866 1598 2283 1657 constituentur,
2307 1608 2361 1650 ut

810 1695 1103 1739 memorata
1138 1686 1445 1743 hominibus
1499 1691 1755 1744 omnibus
1806 1692 2149 1745 annuntient.
2185 1691 2363 1756 Quare

808 1780 1197 1843 consequenter
1224 1787 1347 1846 post
1376 1780 1630 1847 praeclara
1682 1782 1773 1834 illa
1826 1778 2037 1835 Domini
2070 1796 2233 1850 Opera
2268 1782 2361 1835 ad~

804 1864 990 1931 jicitur
1014 1866 1144 1918 illud
1187 1885 1199 1919 :

2464 696 2677 766 βροχὴν,
2704 694 2801 764 τὴν
2821 693 3143 765 δηλωθείσαν
3164 692 3541 763 κληρονομίαν,
3563 692 3630 744 τὰ
3651 692 4015 763 προλεχθέντα

2460 786 2593 851 ζῶα.
2629 784 2718 837 Διδ
2758 786 2866 847 τοῖς
2912 785 3073 836 πᾶσιν
3108 785 3455 853 ὲπενήνεκται
3488 782 3585 845 τὸ,
3622 800 3643 833 ι
3683 782 4016 851 Ἠτοὶμαοας

2460 879 2518 929 ὲν
2562 878 2629 944 τῇ
2660 872 2980 944 χρηστότητι
3010 889 3119 925 ισου
3280 872 3497 943 πτωχῷ.
3538 870 3737 943 Κύριος
3764 872 3922 925 δώσει
3952 871 4015 924 τὸ

2462 966 2609 1035 ῥῆμα
2656 966 2767 1025 τοξ
2814 962 3312 1033 εὐαγγελιζομένοις
3356 962 3578 1031 δυνάμει
3628 962 3813 1032 πολλῇ.
3867 982 3885 1013 ι
3927 963 4013 1015 Τά

2466 1055 2560 1124 μὲν
2623 1052 3015 1123 κατορθώματα
3063 1052 3157 1106 τοῦ
3208 1051 3591 1122 ὲπιϐεϐηκότος
3642 1053 3733 1105 ἐπὶ
3791 1052 4012 1123 δυσμῶν

2461 1143 2663 1214 Κυρίου
2691 1143 2931 1196 τοιαῦτα.
2972 1144 3122 1196 Ἑπεῖ
3150 1143 3193 1195 δ’
3226 1144 3389 1213 ἐχρῆν
3413 1142 3550 1195 αὐτὰ
3580 1141 3874 1206 ὲξάκουστα
3902 1145 4012 1196 πᾶ-

2463 1251 2545 1287 σιν
2580 1234 2880 1304 ἀνθρώποις
2910 1232 3389 1301 γενέσθαι,.πάλιν
3413 1235 3443 1285 ὀ
3482 1234 3641 1297 αὐτὸς
3677 1233 3876 1304 Κύριος
3912 1238 4010 1288 καὶ

2458 1326 2615 1378 τοῦτο
2655 1325 2791 1397 πρὸς
2828 1326 2943 1387 τοῖς
2984 1323 3161 1385 ἄλλοις
3202 1325 3451 1378 ἐπιτελεῖ.
3500 1323 3623 1385 Πῶς
3656 1324 3712 1376 δὲ
3758 1324 3850 1377 καὶ
3887 1324 4009 1375 τίνα

2458 1418 2682 1487 τρόπον;
2740 1416 3066 1484 Ἀνθρώποις
3114 1414 3186 1483 μὴ
3214 1413 3432 1483 ἔχουσιν
3482 1414 3610 1467 ἴδιον
3653 1414 3806 1483 λόγον
3827 1453 3843 1475 ,
3873 1415 4008 1484 μηδὲ

2458 1506 2660 1559 οἰκείαν
2710 1505 2919 1574 σοφίαν,
2955 1504 3229 1566 παντελῶς
3272 1503 3329 1556 δὲ
3377 1502 3609 1566 ἰδιώταις
3648 1505 4009 1575 ἀνεπιστήμο-

2460 1606 2563 1657 σιν,
2610 1590 2768 1653 αὑτὸς
2812 1593 3195 1664 ἐπιχορηγήσει
3246 1592 3394 1661 ῥῆμα
3428 1593 3618 1661 μεστὸν
3661 1593 3864 1661 ἀφάτου
3910 1593 4007 1646 καὶ

2459 1685 2657 1755 πολλῆς
2694 1675 2989 1752 δυνάμεως.
3036 1685 3097 1736 Oi
3137 1684 3195 1734 δὲ
3237 1682 3635 1753 δυναμωθέντες
3672 1686 3764 1738 καὶ
3796 1701 4006 1754 στομω-

2459 1774 2641 1836 θέντες
2676 1774 2776 1827 ὑπὸ
2804 1773 2894 1826 τοῦ
2932 1772 3258 1842 δωρηθέντος
3289 1774 3469 1836 αὐτοῖς
3502 1775 3740 1847 ῥήματος
3770 1776 4006 1845 κήρυκες

2460 1865 2673 1933 ἀγαθῶν
2719 1864 2809 1916 τοῦ
2853 1863 3049 1926 παντὸς
3092 1862 3292 1933 κόσμου
3324 1862 3745 1934 καταστήσονται
3778 1866 4006 1933 εὐαγγε-

808 1954 1069 2026 λιζόμενοι
1118 1959 1279 2011 πᾶσιν
1326 1960 1631 2028 ἀνθρώποις
1674 1961 1742 2013 τὰ
1792 1936 2212 2032 προλελεγμένα.
2266 1962 2356 2013 Διὸ
2393 1958 2696 2021 ἀκολούθως
2732 1962 2842 2020 τοῖς
2882 1955 2975 2009 τοῦ
3008 1957 3210 2011 Κυοίου
3277 1956 3688 2028 κατορθώμασιν
3753 1960 4007 2047 ἐπινήνε-

808 2062 927 2099 κται
953 2048 1011 2100 τό
1040 2065 1055 2078 σ

881 2181 900 2214 ι
933 2163 1194 2220 Dominus
1216 2166 1363 2221 dabit
1386 2172 1605 2223 verbum
1634 2171 2128 2241 evangelizantibus
2160 2176 2357 2228 virtute
2386 2184 2429 2235 Β
2532 2193 2550 2223 ι

2308 2193 2357 2227 te
2386 2184 2429 2235 Β
2532 2193 2550 2223 ι
2603 2178 2802 2241 mich
2847 2169 3003 2221 δώσει
3042 2168 3187 2238 ῥῆμα
3232 2169 3345 2229 τοῖς
3380 2167 3873 2239 εύαγγελιζομένοις
3907 2168 4000 2223 δυ-

808 2253 993 2305 multa.
1035 2273 1051 2306 ›
1074 2254 1446 2311 Necessarium
1472 2274 1602 2313 vero
1644 2259 1745 2313 fuit
1776 2262 1825 2314 id
1860 2278 1959 2316 nos
1990 2278 2338 2333 cognoscere,

806 2344 933 2411 quia
954 2347 1204 2415 superius
1230 2349 1447 2417 quidam
1488 2350 1630 2416 jussi
1661 2359 1788 2404 sunt
1814 2366 2011 2405 canere
2039 2364 2091 2406 et
2122 2353 2353 2421 psallere

813 2430 937 2497 Deo,
964 2434 1176 2502 iterque
1206 2435 1383 2490 facere
1414 2436 1463 2488 ei
1487 2436 1579 2505 qui
1607 2438 1852 2491 ascendit
1879 2454 2040 2508 super
2062 2454 2350 2495 occasum:

829 2520 965 2597 dque
994 2521 1230 2577 declarat
1284 2524 1518 2578 dicens:
1557 2544 1576 2576 ι
1628 2524 1887 2582 Dominus
1935 2529 2083 2584 dabit
2132 2530 2350 2585 verbum

806 2611 1297 2679 evangelizantibus
1328 2606 1533 2669 virtute
1580 2617 1763 2670 multa.
1807 2636 1826 2668 ›
1874 2616 1968 2672 His
2009 2620 2152 2672 enim
2184 2636 2350 2675 evan-

806 2698 1182 2767 gelizantibus,
1208 2702 1299 2775 qui
1334 2717 1435 2756 suo
1453 2705 1519 2756 ad
1545 2706 1789 2760 homines
1810 2707 2065 2762 transitui
2096 2709 2236 2762 viam
2264 2725 2352 2778 pa-

808 2787 1024 2851 rabunt,
1067 2788 1182 2858 ipse
1214 2792 1306 2861 qui
1346 2794 1749 2849 annuutiandus
1780 2795 1846 2848 ab
1898 2795 2030 2864 ipsis
2071 2807 2173 2856 est.
2195 2797 2353 2852 dabit

810 2879 1025 2931 verbum
1056 2880 1319 2935 divinum.
1351 2881 1484 2935 Nam
1514 2882 1692 2936 multi'
1723 2893 1877 2938 erant
1919 2886 2160 2953 ejusdem
2201 2888 2350 2941 verbi

804 2966 1045 3037 capaces,
1065 2985 1184 3023 cum
1215 2972 1415 3025 virtute
1442 2973 1609 3024 multa
1635 2991 1649 3025 :
1679 2988 2038 3044 magnumque
2071 2977 2202 3045 ipsis
2239 2988 2352 3031 erat

807 3056 1113 3127 hujusmodi
1143 3060 1390 3122 verbum,
1415 3064 1557 3132 quod
1588 3063 1653 3116 ad
1692 3062 1965 3131 Evangelii
1994 3067 2349 3129 ministerium

808 3150 1093 3208 suﬁiceret.
1134 3152 1255 3223 Ipse
1294 3168 1525 3223 namque
1579 3153 1841 3209 Dominus
1893 3156 2189 3225 perfectum
2236 3142 2351 3213 erat

805 3239 901 3295 Dei
930 3241 1186 3295 Verbum.
1213 3241 1253 3294 li
1283 3258 1410 3297 vero
1439 3245 1530 3314 qui
1554 3246 1775 3299 verbum
1833 3256 2157 3316 acceperunt
2201 3246 2349 3303 brevi

828 3315 1044 3399 [undam
1090 3331 1307 3387 virtutis
1342 3332 1461 3400 ejus
1508 3332 1686 3387 afﬂatu
1724 3315 2192 3403 dignatirvirtute
2229 3350 2349 3389 cum

808 3420 976 3477 multa
996 3420 1368 3492 praedicantes,
1387 3422 1705 3477 universum
1729 3424 1912 3477 orbem
1951 3408 2236 3501 Evangelia
2265 3440 2349 3480 re-

2450 2263 2607 2331 νάμει
2648 2260 2834 2329 πολλῇ.
2873 2278 2891 2309 ι
2936 2258 3250 2325 Ἀναγκαῖον
3288 2257 3344 2309 δὲ
3390 2253 3457 2327 ἦν
3495 2258 3694 2326 γνῶναι
3722 2249 3868 2329 ἡμᾶς
3908 2261 4002 2313 καὶ

2452 2354 2623 2405 τοῦτο.
2678 2350 2891 2419 Ἐπειδὴ
2934 2350 3186 2419 ἀνωτέρω
3239 2347 3631 2419 παρεκελεύετό
3671 2364 3809 2401 τισιν
3855 2348 4001 2420 ᾄδειν

2452 2443 2546 2497 καὶ
2589 2442 2809 2511 ψάλλειν
2848 2438 2925 2509 τῷ
2964 2438 3101 2509 Θεῷ,
3143 2439 3403 2492 ὁδοποιεῖν
3451 2456 3509 2490 τε
3548 2438 3625 2507 τῷ
3656 2439 3998 2509 ὲπιόεϐηκότι

2450 2536 2540 2588 ἐπὶ
2590 2532 2843 2602 δυσμῶν,
2890 2530 3247 2601 παρέστησεν
3283 2527 3476 2597 εἰπών·
3526 2548 3545 2579 ι
3597 2528 3798 2601 Κύριος
3838 2529 3997 2583 δώσει

2451 2626 2601 2696 ῥῆμα
2633 2626 2744 2688 τοῖς
2777 2619 3278 2689 εὐαγγελιζομένοις
3318 2618 3541 2689 δυνάμει
3585 2618 3771 2689 πολλῇ.
3810 2637 3828 2669 ι
3858 2617 3995 2691 Τού-

2447 2732 2559 2777 τοις
2592 2714 2698 2784 γὰρ
2727 2716 2837 2775 τοῖς
2864 2708 3365 2779 εὐαγγελιζομένοις
3384 2706 3825 2762 καιὸδοποιοῦσιν
3850 2708 3999 2779 αὐτῷ

2448 2804 2543 2874 τήν
2570 2806 2651 2865 εἰς
2670 2802 2982 2873 ἀνθρώπους
3010 2798 3236 2869 πάροδον
3251 2798 3409 2860 αὐτὸς
3432 2800 3460 2851 ὁ
3491 2798 3623 2868 πρὸς
3646 2798 3829 2853 αὐτῶν
3848 2816 3998 2853 ’κατ-

2450 2893 2835 2962 αγγελλόμενος
2892 2890 3049 2943 δώσει
3116 2888 3262 2958 ῥῆμα
3334 2887 3531 2940 θεῖκόν.
3586 2888 3837 2943 Τοσοῦτοι
3887 2890 3998 2959 γὰρ

2446 2976 2584 3052 ἦσαν
2631 2976 2923 3050 χωρητικοὶ
2968 2976 3062 3028 σὺν
3107 2974 3270 3045 πολλῇ
3305 2976 3558 3045 δυνάμει⁶
3601 2977 3693 3030 καὶ
3735 2978 3873 3047 μέγα
3922 2975 3991 3048 ἦν

2449 3074 2629 3135 αὐτοῖς
2655 3072 2802 3124 τουτὶ
2825 3070 2884 3123 τὸ
2916 3069 3066 3139 ῥῆμα
3091 3068 3184 3120 καὶ
3221 3066 3487 3138 αὔταρκες
3514 3069 3591 3132 είς
3619 3067 3715 3138 τὴν
3752 3068 3842 3121 τοῦ
3887 3070 3995 3123 Εὐ-

2448 3160 2695 3228 αγγελίου
2738 3158 3029 3211 διακονίαν.
3079 3157 3246 3219 Αὐτὸς
3282 3156 3379 3225 μὲν
3422 3154 3526 3227 γὰρ
3556 3158 3584 3209 ὁ
3612 3156 3813 3225 Κύριος
3851 3159 3879 3210 ὁ
3906 3158 3994 3210 τέ-

2446 3250 2587 3311 λειος
2630 3245 2699 3318 ἦν
2728 3247 2820 3300 τοῦ
2863 3247 2995 3300 Θεοῦ
3028 3248 3216 3314 Λόγος.
3255 3247 3319 3298 Οί
3348 3245 3404 3297 δὲ
3438 3244 3588 3315 ῥῆμα
3624 3244 3874 3309 λαϐόντες
3900 3249 3995 3299 καὶ

2449 3338 2700 3410 βραχείας
2725 3338 2866 3401 τινὸς
2887 3338 2985 3407 τῆς
3010 3336 3171 3389 αὐτοῦ
3190 3337 3462 3405 δυνάμεως
3487 3334 3828 3405 ἑμπνεύσεως
3864 3353 3994 3389 κατ-

2447 3428 2760 3492 αξιωθέντες
2788 3414 2903 3497 τὴν
2941 3426 3226 3497 σύμπασαν
3266 3425 3531 3496 ἐπλήρουν
3557 3425 3872 3496 οἰκουμένην
3898 3427 3990 3479 τοῦ

802 3511 1139 3578 pleverunt:
1165 3511 1310 3579 quod
1339 3511 1453 3579 ipse
1483 3512 1670 3567 iisdem
1718 3513 1989 3582 pollicitus
2038 3492 2123 3568 his
2152 3498 2349 3569 verbis
2374 3492 2414 3546 ε
2447 3518 2500 3571 Ei

2295 3516 2349 3569 iis
2374 3492 2414 3546 ο
2447 3518 2773 3586 Εὑαγγελίου
2816 3492 2909 3570 συν
2950 3492 3127 3587 πολλῇ
3158 3492 3794 3586 δυνάμει-τκηρύττοντες.
3823 3492 3993 3570 Τοῦτο

808 3607 924 3653 erat
955 3618 967 3651 :
1008 3618 1026 3649 ι
1053 3596 1163 3654 Vos
1189 3610 1364 3653 autem
1392 3602 1668 3670 accipietis
1694 3603 1943 3657 virtutem
1969 3604 2349 3673 supervenien—

810 3692 880 3745 tis
915 3689 1150 3759 Spiritus
1192 3689 1364 3744 sancti
1394 3691 1446 3743 in
1489 3705 1585 3745 vos
1606 3692 1685 3756 “;
1719 3710 1737 3742 ι
1769 3688 2074 3755 Secundum
2106 3691 2349 3764 Symma-

808 3781 966 3835 chum
1023 3788 1252 3853 autem:
1317 3799 1335 3829 ι
1398 3778 1678 3842 Dominus,
1747 3782 1943 3850 inquit,
1994 3770 2141 3838 dedit
2187 3786 2348 3839 verba

810 3870 1200 3940 cvangelizanti
1226 3872 1486 3928 exercitui
1514 3872 1705 3926 multo.
1748 3889 1767 3923 ι
1795 3870 1986 3951 Ingens
2008 3883 2185 3931 autem
2234 3886 2350 3931 erat

810 3962 1103 4018 Salvatoris
1132 3964 1299 4019 nostri
1328 3963 1623 4028 exercitus,
1664 3978 1849 4017 eorum
1909 3956 2114 4020 scilicet
2153 3966 2348 4036 quibus

808 4053 971 4107 verba
1018 4053 1108 4105 illa
1138 4051 1262 4118 data
1292 4056 1344 4106 'et
1385 4051 1700 4105 annuntiata
1739 4049 1993 4118 fuerant;
2031 4053 2204 4123 primo
2224 4044 2347 4123 qui?

809 4141 927 4195 den.
962 4140 1327 4209 apostolorum
1360 4137 1641 4216 duodecim
1664 4158 1679 4205 ;
1704 4134 1941 4196 secundo
1960 4143 2346 4212 discipulorum

807 4230 1178 4299 septuaginta;
1222 4235 1413 4300 praeter
1453 4228 1568 4283 hac
1603 4245 1729 4285 vero
1760 4230 1988 4285 aliorum
2031 4234 2348 4307 quingento—

807 4333 950 4379 rum,
973 4318 1171 4387 quibus
1192 4317 1358 4373 Simul
1386 4323 1509 4387 post
1529 4320 1980 4374 resurrectionem
2008 4324 2275 4392 apparuit,
2292 4332 2349 4377 ut

808 4407 1023 4461 divinus
1068 4406 1356 4479 Apostolus
1381 4404 1701 4462 testiﬁcatur
1731 4407 1814 4461 his
1834 4409 2013 4463 verbis
2046 4428 2061 4466 2
2095 4429 2113 4462 ι
2149 4410 2349 4467 Deinde

807 4498 956 4552 visus
977 4503 1061 4552 est
1099 4482 1220 4565 pius
1235 4511 1396 4566 quam
1435 4497 1744 4565 quingentis
1776 4495 2209 4554 fratribussimul
2243 4515 2349 4555 :ex

806 4586 1005 4654 quibus
1031 4586 1187 4651 multi
1234 4592 1452 4640 manent
1481 4601 1652 4654 usque
1694 4586 1889 4653 adhuc,
1920 4589 2135 4658 quidam
2172 4602 2348 4646 autem

806 4675 1144 4730 dormierunt
1170 4676 1215 4706 “
1238 4665 1259 4741 ;’
1289 4694 1308 4726 ι
1334 4685 1516 4745 postea
1548 4677 1823 4748 subjungit
1854 4696 1865 4731 :
1912 4696 1931 4729 ι
1969 4677 2166 4734 Deinde
2199 4682 2349 4735 visus

2448 3610 2574 3677 γοῦν
2602 3608 2692 3661 καὶ
2724 3608 3022 3679 ὲπήγγελτο
3052 3609 3231 3671 αὐτοῖς
3250 3609 3314 3660 δι’
3340 3606 3527 3661 ἑαυτοῦ
3551 3608 3744 3675 φήσας·
3766 3627 3785 3659 ι
3806 3608 3992 3678 Ὑμεῖς

2449 3700 2505 3753 δὲ
2534 3699 2764 3768 λήψεσθε
2795 3698 3019 3769 δύναμιν
3045 3698 3356 3761 ἐπελθόντος
3380 3697 3472 3750 τοῦ
3501 3697 3653 3765 ἁγίου
3681 3696 3992 3769 Πνεύματος

2449 3790 2531 3857 ἐφ’
2560 3786 2722 3859 ὑμᾶς.
2756 3807 2773 3838 ι
2801 3788 2958 3841 Κατά
2983 3788 3037 3840 δὲ
3062 3787 3151 3839 τδν
3175 3787 3484 3857 Σύμμαχον,
3514 3807 3533 3838 ι
3563 3782 3784 3859 Κύριος,
3806 3788 3987 3857 φησιν,

2446 3878 2609 3931 ἔδωκε
2660 3878 2842 3947 ῥήσεις
2872 3878 2947 3945 (1)
2981 3876 3427 3947 εὐαγγελιζομὲνῃ
3464 3878 3687 3948 στρατιᾷ
3728 3876 3914 3949 πολλῇ.
3964 3897 3985 3928 ›

2446 3965 2675 4037 Στρατιὰ
2706 3965 2760 4017 δὲ
2781 3961 2847 4035 ἦν
2877 3964 3042 4035 πολλὴ
3065 3963 3155 4017 τοῦ
3189 3964 3434 4035 Σωτῆρος
3460 3963 3613 4033 ἡμῶν
3640 3966 3673 4033 ή
3703 3963 3808 4016 τῶν
3838 3962 3991 4032 εὑάγσ-

2447 4055 2803 4125 γελιζομένων
2833 4054 2930 4117 τὰς
2955 4054 3195 4117 δοθείσας
3218 4056 3397 4117 αὐτοῖς
3427 4054 3628 4124 ῥήσεις,
3651 4052 3863 4124 πρῶτον
3893 4055 3991 4125 μὲν

2448 4145 2752 4198 ἀποστόλων
2801 4144 2887 4197 t6"
2930 4145 3115 4198 ἔπειτα
3160 4145 3409 4217 μαθητῶν
3440 4144 3501 4197 ο⁶’
3536 4146 3629 4197 καὶ
3667 4146 3757 4198 ἐπὶ
3786 4145 4014 4210 τούτοις¹

2448 4232 2644 4303 ἐτέρων
2678 4239 2749 4302 φ’,
2795 4230 2875 4295 οἷς
2904 4232 3111 4302 ἀθρόως
3147 4235 3315 4303 ἐφάνη
3364 4231 3502 4303 μετά
3544 4234 3643 4304 τὴν
3679 4234 3986 4294 ἀνάστασιν,

2448 4322 2520 4386 ὡς
2548 4323 2577 4373 ὁ
2610 4322 2747 4387 θεῖος
2779 4323 3152 4395 ἐμαρτύρησεν
3176 4324 3489 4392 Ἀπόστολος
3510 4324 3694 4378 εἰπών’
3718 4344 3735 4376 ι
3763 4326 3989 4380 Ἔπειτα

2448 4410 2602 4481 ὤφθη
2633 4412 2816 4465 ἐπάνω
2848 4420 2900 4480 φ’
2927 4411 3169 4480 ἀδελφοῖς
3196 4412 3427 4480 ἐφάπαξ·
3464 4412 3525 4477 ἐξ
3561 4406 3635 4466 ὧν
3674 4414 3722 4465 οἱ
3751 4411 4005 4472 πλείονες·

2453 4503 2669 4572 μένουσι
2710 4503 2815 4567 ἓως
2859 4504 3013 4572 ἄρτι,
3044 4504 3183 4565 τινὲς
3218 4504 3274 4556 δὲ
3317 4505 3408 4558 καὶ
3442 4503 3819 4574 ἐκοιμήθησαν
3858 4519 3877 4552 ι
3908 4495 3989 4563 οἷς

2448 4593 2700 4661 ἐπιλέγει·
2753 4611 2771 4644 ι
2805 4594 3030 4645 Ἔπειτα
3072 4592 3225 4664 ὤφθη
3256 4597 3365 4656 τοῖς
3410 4592 3721 4654 ἀποστόλοις
3746 4592 3928 4644 πᾶσιν.
3964 4608 3987 4640 ›

2449 4678 2623 4735 Ἦσαν
2650 4683 2757 4751 γὰρ
2786 4683 2903 4748 (sic)
2931 4678 3068 4751 ἦσαν
3110 4684 3200 4735 καὶ
3247 4684 3381 4753 μετά
3429 4679 3553 4744 τοὺς
3599 4681 3684 4746 ιδ’,
3718 4682 3815 4734 καὶ
3848 4680 3989 4751 μετά

808 4774 890 4821 est
944 4766 1201 4835 apostolis
1254 4766 1503 4819 omnibus
1537 4768 1603 4818 ’⁸.
1646 4785 1665 4817 ι
1724 4766 1789 4820 Et
1831 4774 1983 4822 erant
2035 4784 2165 4824 sane
2224 4786 2345 4824 cum
2379 4787 2506 4841 ητα

2295 4786 2345 4823 m
2379 4815 2421 4841 τι
2447 4772 2570 4833 τοὺς
2617 4778 2680 4834 o',
2723 4770 2815 4823 καὶ
2871 4770 3005 4838 μετὰ
3034 4772 3160 4834 τοὺς
3200 4778 3248 4840 φ’
3276 4772 3452 4840 ἕτεροι
3476 4767 3711 4841 ’πλείους
3755 4771 3988 4840 κήρυκες

808 4856 916 4910 illis
952 4855 1254 4917 duodecim,
1290 4869 1430 4929 cum
1466 4855 1572 4909 illis
1610 4858 1975 4926 septuaginta,
2006 4866 2060 4913 et
2088 4876 2209 4914 eum
2244 4860 2347 4915 illis

809 4936 1135 5015 quingentis,
1188 4944 1278 4998 alii
1325 4944 1461 4998 bene
1511 4932 1663 4997 multi
1725 4943 1995 5016 Evangelii
2052 4965 2353 5025 praecones,

810 5030 1123 5100 apostolicis
1168 5032 1522 5100 temporibus,
1563 5039 1616 5085 et
1645 5038 1766 5100 post
1819 5031 1939 5087 illos
1987 5036 2098 5097 alii,
2126 5037 2218 5105 qui
2254 5052 2348 5105 per

808 5126 976 5174 totum
1002 5121 1185 5193 orbem
1217 5121 1272 5174 in
1297 5120 1551 5175 Ecclesiis
1566 5120 1914 5190 Evangelium
1942 5124 2058 5191 ejus
2088 5128 2347 5193 praedica-

810 5216 957 5272 runt,
981 5210 1179 5279 quibus
1214 5223 1308 5263 rex
1340 5210 1598 5264 virtutum
1646 5209 1835 5265 Dilecti
1868 5212 2117 5270 virtutem
2152 5230 2344 5285 suppe-

800 5295 1038 5354 ditabat.
1068 5297 1201 5351 Aliae
1228 5298 1356 5351 item
1396 5306 1587 5364 praeter
1632 5300 1750 5352 illas
1782 5306 1937 5355 erant
1960 5298 2148 5356 Dilecti
2174 5305 2345 5358 virtu-

810 5394 916 5447 tes.
939 5385 1187 5440 cmlestes
1221 5388 1476 5440 nimirum
1511 5389 1801 5453 exercitus,
1829 5391 2024 5459 angeli.
2057 5395 2347 5465 archange-

810 5472 849 5526 li
875 5480 929 5529 et
956 5475 1124 5529 divini
1147 5475 1385 5544 spiritus.
1421 5472 1511 5529 Hae
1531 5475 1761 5533 virtutes
1786 5479 1975 5534 Dilecti
1996 5490 2169 5537 erant.
2202 5482 2346 5551 Qua-

876 5625 926 5660 ³⁸
946 5625 1066 5680 Act.
1103 5643 1143 5691 ι,
1176 5627 1229 5682 8.
1302 5628 1388 5680 "l
1416 5629 1541 5683 Cor.
1578 5645 1664 5692 xv,
1706 5630 1760 5683 6.
1834 5631 1879 5665 “
1900 5631 2026 5687 ibid.
2058 5634 2083 5685 τ

881 5781 961 5851 υ)
998 5780 1237 5849 Drusius,
1266 5782 1785 5850 εὑαγγελιῖηηένοις,

2450 4858 2539 4910 τοῦ
2566 4858 2913 4926 Εύαγγελίου,
2960 4861 3098 4913 κατά
3123 4875 3181 4912 τε
3214 4860 3338 4921 τοὺς
3366 4858 3585 4927 χρόνους
3612 4859 3736 4920 τοὺς
3766 4857 3990 4910 ἀποστο-

2449 4948 2652 5012 λικοὺς,
2682 4949 2775 5001 καὶ
2811 4950 2922 5016 μετ’
2957 4951 3194 5011 ἐκείνους
3228 4950 3400 5019 ἕτεροι
3434 4949 3483 5000 οι
3524 4947 3663 5001 κατά
3698 4948 3871 4999 πᾶσαν
3892 4946 3988 5017 τὴν

2448 5040 2763 5110 οἰκουμένην
2797 5040 2853 5091 ὲν
2889 5043 3005 5105 ταῖς
3038 5038 3377 5108 Ἑκκλησίαις
3399 5037 3559 5091 αὐτοῦ
3580 5037 3640 5091 τδ
3668 5038 3988 5107 Εὐαγγέλιον

2451 5128 2611 5182 αὑτοῦ
2636 5129 3005 5201 κηρύττοντες,
3029 5126 3108 5193 οἷς
3126 5133 3157 5183 ὀ
3185 5128 3430 5199 βασιλεὺς
3460 5120 3575 5183 τῶν
3598 5126 3869 5199 δυνάμεων
3891 5127 3987 5200 τὴν

2448 5217 2537 5270 τοῦ
2574 5218 2873 5290 ’Δγαπητοῦ
2918 5221 3138 5290 δύναμιν
3188 5221 3453 5289 ἐχορήγει.
3491 5220 3707 5289 Ἐτεραι
3747 5219 3803 5271 δὲ
3841 5216 3988 5288 παρὰ

2449 5307 2666 5371 ταύταις
2692 5308 2783 5362 τοῦ
2818 5308 3119 5380 Ἀγαπητοῦ
3142 5309 3394 5379 δυνάμεις
3423 5305 3561 5380 ἦσαν
3594 5312 3648 5364 αἱ
3678 5311 3795 5363 κατ’
3828 5308 3987 5377 ούρα-

2448 5397 2538 5450 νόν
2563 5402 2826 5472 στρατιαὶ,
2854 5402 3069 5470 ἄγγελοι
3101 5402 3192 5453 καὶ
3221 5401 3564 5473 ἀρχάγγελοι,
3589 5402 3680 5452 καὶ
3708 5398 3988 5469 πνεύματα

2450 5488 2583 5545 θεῖα.
2619 5485 2932 5564 Δῦταιγάρ
2970 5487 3108 5564 ἦσαν
3148 5496 3201 5549 αἱ
3238 5493 3489 5563 δυνάμεις
3529 5490 3621 5545 τοῦ
3662 5478 3985 5560 Ἀγαπητοῧ.
