4300 6404
315 504 419 560 697

1418 489 1912 548 COMMENTARI'A
1949 488 2014 545 IN
2052 490 2385 549 PSALMOS.

3409 460 3510 547 eos

313 621 406 677 Διδ
435 620 634 692 Κύριος
674 618 781 672 τῶν
821 616 1097 688 δυνάμεων
1133 613 1505 683 ἀνηγόρευται.
1564 610 1862 681 ’Δγαπητὺς
1892 618 1934 674 Α
1964 625 2011 665 re

1806 610 1862 673 ὺς
1892 618 1934 674 Α
1964 625 2023 665 re
2052 610 2312 667 Dominus
2343 613 2602 673 virtutum
2646 620 2889 669 vocatur.
2938 613 3175 675 Dilectus
3203 620 3377 668 autem
3412 610 3504 665 Dei

309 712 372 766 δὲ
390 711 485 765 τοῦ
512 711 645 764 Θεοῦ
675 710 759 773 τίς
782 706 849 780 ἦν
875 709 908 780 ἢ
950 710 977 760 6
1005 704 1308 775 Μονογενὴς
1339 704 1466 765 Υἱὸς
1497 703 1586 754 τοῦ
1612 702 1776 765 Θεοῦ;
1812 695 1855 769 ᾧ

309 807 345 874 ἡ
382 803 617 875 πατρικὴ
647 803 794 870 φωνὴ
825 798 1117 871 ἐμαρτύρει
1165 797 1380 865 φήσασα
1402 811 1415 823 ο
1448 812 1466 843 ε
1507 789 1673 856 Οὗτός
1712 795 1855 844 ἐστιν

309 897 340 949 6
388 893 515 955 Υἱός
566 910 664 963 μου
708 895 737 944 6
775 890 1071 959 ἀγαπητὸς,
1106 889 1183 949 είς
1221 884 1279 937 ὃν
1319 884 1610 953 ηὑδόκησα’
1647 904 1664 934 ι
1692 875 1856 943 Οὗτος

304 980 486 1033 τοίνυν
528 980 558 1031 6
602 978 849 1049 βασιλεὺς
896 977 1004 1029 τῶν
1044 975 1145 1027 τοῦ
1194 973 1497 1044 ’Δγαπητοῦ
1537 972 1814 1042 δυνάμεων
1838 1009 1852 1032 ,

266 1081 272 1086 ’
309 1068 496 1141 ὥσπερ
536 1072 654 1132 ταῖς
702 1072 821 1121 κατ’
866 1068 1085 1137 οὐρανὸν
1134 1066 1421 1134 δυνάμεσιν
1472 1065 1719 1134 ἐχορήγει
1757 1065 1855 1127 τάς

308 1140 498 1216 ἑαυτοῦ
531 1160 859 1231 εὐεργεσίας,
897 1159 1067 1220 οὕτως
1103 1159 1197 1211 καὶ
1232 1161 1340 1219 τοῖς
1370 1158 1460 1209 ἐπὶ
1490 1157 1590 1225 γῆς
1630 1140 1856 1223 εύαγγε-

308 1256 607 1326 λιζομένοις
641 1255 817 1307 δίδωσι
843 1252 903 1303 τὸ
938 1249 1282 1318 εὑαγγελικὸν
1319 1248 1467 1317 ῥῆμα
1506 1246 1598 1297 σὺν
1632 1245 1853 1315 δυνάμει

307 1348 495 1418 πολλῇ.
528 1348 636 1399 Καὶ
660 1345 809 1397 αὐτοὶ
846 1344 901 1396 δὲ
932 1339 1072 1396 οῦτοι
1100 1344 1149 1394 οἱ
1182 1342 1272 1393 ἐπὶ
1306 1339 1408 1408 γῆς
1438 1336 1683 1408 στρατιαὶ
1712 1332 1852 1405 ἦσαν

305 1439 471 1495 αὐτοῦ
504 1428 605 1490 καὶ
651 1434 902 1504 δυνάμεις
945 1431 1127 1485 αὑτοῦ.
1155 1430 1242 1483 Διὸ
1277 1427 1413 1481 κατὰ
1440 1426 1528 1479 τὸν
1564 1426 1851 1496 Σύμμαχον

305 1528 567 1584 λέλεκται⁸
607 1544 625 1576 ι
656 1522 901 1584 Βασιλεῖς
930 1521 1036 1573 τῶν
1077 1518 1368 1589 στρατειῶν
1407 1515 1785 1585 ἠγαπήθησαν,
1824 1532 1842 1565 ι

302 1620 360 1689 ἢ,
404 1617 674 1686 ἀγαπητοὶ
725 1616 984 1682 ἐγένοντο.
1026 1610 1241 1673 Τούτοις
1281 1610 1337 1662 δὲ
1378 1609 1555 1670 αὐτοῖς
1598 1607 1689 1659 καὶ
1725 1606 1850 1660 ἄλλο

299 1708 545 1779 χάρισμα
576 1706 906 1777 ἐδωρήσατο·
932 1703 1086 1756 τοῦτο
1123 1702 1179 1753 δὲ
1210 1696 1276 1771 ἦν
1306 1700 1363 1751 τὸ
1393 1698 1659 1753 διελέσθαι
1681 1696 1849 1749 σκύλα

300 1801 382 1863 είς
420 1798 725 1869 ὡραιότητα
760 1797 852 1849 τοῦ
900 1796 1068 1849 οἴκου.
1128 1790 1405 1863 Ὠραιότης
1452 1791 1546 1859 μὲν
1595 1790 1742 1842 οἴκου
1782 1787 1850 1840 τὰ

298 1891 661 1962 διαπρέποντα
708 1889 766 1940 ἐν
804 1890 869 1956 τῇ
918 1883 1208 1953 Ἐκκλησία
1236 1882 1327 1936 τοῦ
1368 1880 1500 1933 Θεοῦ
1542 1880 1625 1949 εἴη
1658 1879 1721 1931 ἂν
1748 1879 1847 1931 τάρ-

1954 702 2079 772 quis
2104 701 2285 766 fuerit,
2316 702 2422 757 nisi
2453 700 2768 773 Unigenitus
2801 702 2969 774 Filius
2997 704 3113 768 Dei,
3145 704 3231 758 eui
3254 703 3368 758 haec
3415 716 3507 771 ra—

1956 801 2109 847 terna
2136 808 2239 846 vox
2264 793 2657 848 testiﬁcabatur
2685 812 2697 847 :
2737 814 2755 846 ι
2793 793 2891 847 Hic
2920 802 3005 849 est
3032 792 3201 848 Filius
3238 809 3390 848 meus
3422 793 3506 847 di-

1955 884 2147 946 lectus,
2188 882 2243 937 in
2273 899 2381 952 quo
2410 884 2540 941 mihi
2578 886 2879 954 complacui
2908 885 2994 939 "?
3030 904 3049 936 ι
3076 883 3174 938 Hic
3196 884 3372 953 itaque
3410 899 3502 938 rex

1954 974 2209 1026 virtutum
2237 972 2445 1035 Dilecti,
2474 974 2922 1042 quemadmodum
2947 974 3261 1042 coelestibus
3282 973 3499 1031 virtutie

1953 1064 2053 1118 bus
2085 1064 2343 1118 beneﬁcia
2388 1078 2487 1118 sua
2530 1067 2975 1121 subministrabat
2996 1107 3008 1128 ,
3042 1067 3119 1121 sic
3146 1074 3200 1120 et
3229 1065 3500 1134 evangeli-

1955 1152 2203 1207 zantibu’s
2248 1136 2302 1205 in
2350 1160 2492 1227 terra
2542 1155 2765 1209 verbum
2821 1156 2914 1208 dat
2972 1155 3334 1225 evangelicum
3374 1168 3498 1207 cum

1951 1241 2150 1301 virtute
2184 1242 2369 1294 multa.
2401 1241 2441 1294 li
2474 1256 2601 1295 vero
2650 1243 2773 1311 ipsi,
2806 1246 2898 1311 qui
2954 1244 3007 1296 in
3041 1252 3182 1297 terra
3212 1242 3496 1312 degebant,

1951 1334 2222 1387 exercitus
2248 1340 2302 1387 et
2331 1334 2559 1388 virtutes
2600 1335 2718 1402 ejus
2766 1346 2939 1389 erant.
2996 1334 3171 1401 Quare
3200 1333 3497 1389 secundum

1952 1424 2331 1493 Symmachum
2379 1425 2612 1494 dicitur,
2654 1445 2671 1475 ι
2717 1424 2890 1495 Reges
2931 1427 3261 1481 exercituum
3316 1425 3497 1479 dilecti

1950 1521 2098 1576 sunt,
2129 1535 2146 1564 ι
2179 1516 2291 1570 sive
2321 1517 2500 1571 dilecti
2530 1528 2836 1573 evaserunt.
2885 1517 2981 1571 His
3010 1534 3136 1573 vero
3169 1519 3300 1588 ipsis
3329 1519 3495 1571 altera

1948 1606 2120 1674 gratia
2172 1606 2367 1659 collata
2405 1616 2517 1671 est;
2554 1608 2606 1661 id
2649 1618 2785 1671 erat,
2818 1618 2875 1663 ut
2908 1610 3207 1665 dividerent
3237 1610 3406 1679 spolia
3440 1610 3495 1663 in

1949 1697 2184 1765 speciem
2216 1696 2427 1751 domus.
2460 1697 2679 1767 Species
2715 1701 2931 1768 quidem
2962 1703 3154 1757 domus
3178 1700 3377 1757 fuerint
3402 1716 3497 1755 or-

1950 1786 2060 1838 nati
2089 1792 2142 1839 et
2167 1785 2346 1840 decori
2378 1786 2452 1838 illi
2486 1779 2539 1840 in
2570 1786 2809 1843 Ecclesia
2858 1790 2949 1843 Dei
2981 1789 3229 1857 ordines;
3266 1807 3494 1862 quorum

1950 1891 2009 1930 se
2038 1874 2288 1945 cupidum
2318 1876 2585 1945 quispiam
2610 1876 3030 1940 fatetur,dicens
3056 1898 3068 1933 :
3095 1896 3113 1927 ι
3139 1877 3383 1942 Domine,
3414 1880 3497 1933 di-

297 1961 500 2051 γματα”
547 1973 622 2032 ὧν
658 1978 758 2031 καὶ
784 1975 1119 2045 ἐπιθυμητὴς
1144 1972 1391 2042 ὁμολογεῖ
1432 1989 1513 2033 τις
1550 1970 1843 2037 γεγονέναι,
1880 1961 1918 2012 Β
1948 1968 1995 2020 le

1796 1988 1843 2033 ιι,
1880 1961 1918 2012 Β
1948 1968 2049 2020 lexi
2080 1966 2329 2020 decorem
2352 1966 2543 2021 domus
2571 1975 2693 2031 tuae,
2721 1978 2772 2021 et
2798 1969 2971 2021 locum
3006 1967 3347 2047 habitationis
3380 1968 3494 2036 glo-

298 2070 497 2139 ιρήσαςο
529 2084 548 2119 ι
595 2066 807 2137 Κύριε,
841 2063 1100 2133 ἠγάπησα
1153 2060 1477 2130 εὐπρέπειαν
1531 2058 1678 2110 οἴκου
1727 2075 1841 2121 σου,

296 2158 392 2210 καὶ
434 2155 597 2207 τόπον
650 2151 999 2223 σκηνώματος
1045 2149 1196 2219 δόξης
1250 2165 1362 2201 σου.
1416 2168 1435 2199 ι
1485 2148 1592 2199 Καὶ
1650 2145 1840 2197 πάλιν·

301 2264 322 2298 ι
358 2246 500 2300 Μίαν
524 2245 809 2316 ᾐτησάμην
841 2241 990 2312 παρὰ
1022 2240 1221 2311 Κυρίου
1242 2280 1255 2301 ,
1289 2238 1488 2306 ταύτην
1520 2236 1751 2307 ζητήσω,
1784 2237 1844 2288 τὸ

295 2340 563 2390 κατοικεῖν
598 2352 663 2405 με
689 2336 745 2386 ὲν
772 2335 903 2402 οἴκῳ
936 2330 1138 2401 Κυρίου
1178 2330 1350 2405 πάσας
1389 2329 1484 2389 τὰς
1515 2326 1844 2396 ἡμέραςτῆς

295 2426 439 2495 ζωῆς
481 2402 616 2495 μου,
663 2423 758 2477 τοῦ
803 2424 1023 2493 θεωρεῖν
1070 2440 1136 2493 με
1165 2402 1263 2492 την
1288 2418 1619 2491 τερπνότητα
1644 2417 1843 2485 Κυρίου

295 2518 390 2571 καὶ
420 2516 838 2570 ἐπισκέπτεσθαι
859 2514 948 2568 τὸν
983 2513 1105 2567 ναὸν
1134 2513 1316 2566 αὑτοῦ.
1358 2532 1377 2563 ι

364 2625 443 2678 Τὰ
460 2627 625 2694 ’Ἅγια
642 2624 817 2677 τοίνυν
839 2622 946 2675 τῶν
971 2622 1137 2690 ἁγίων
1158 2622 1241 2695 εἴη
1268 2622 1333 2675 ἂν
1364 2624 1403 2691 ἡ
1428 2622 1720 2691 τερπνὸτης
1751 2622 1843 2673 καὶ

294 2715 559 2785 ὡραιότης
591 2711 684 2764 τοῦ
712 2711 857 2785 οἴκου
898 2710 991 2773 τοῦ
1034 2710 1188 2763 θεοῦ.
1231 2710 1409 2763 Ταῦτα
1443 2710 1499 2762 δέ
1540 2712 1651 2761 ἐστι
1694 2708 1762 2762 τὰ
1788 2711 1844 2760 ὲν

296 2804 612 2876 σωφροσύνῃ
643 2804 733 2855 καὶ
769 2801 976 2870 ἁγνείᾳ,
1010 2803 1101 2855 καὶ
1130 2794 1454 2873 δικαιοσύνῃ,
1484 2799 1575 2852 καὶ
1601 2802 1717 2862 ταῖς
1741 2801 1846 2852 λοι-

294 2898 422 2956 παῖς
450 2896 668 2964 ἀρεταῖς
698 2891 1060 2961 διαλάμποντα
1088 2894 1187 2962 τῆς
1232 2890 1547 2960 Ἐκκλησίας
1583 2890 1674 2943 τοῦ
1711 2891 1843 2943 Θεοῦ

293 2987 564 3055 τάγματα.
596 2984 689 3047 Εἰς
720 2985 775 3037 δὲ
796 2985 894 3055 τὴν
922 2983 1220 3061 ὡραιότητα
1248 2981 1446 3051 ταύτην
1480 2982 1647 3035 σκύλα
1678 2983 1842 3035 διελέ-

295 3076 419 3129 σθαι
450 3078 560 3137 τοῖς
599 3075 761 3128 αὑτοῦ
804 3073 1154 3144 στρατιώταις
1198 3073 1494 3144 ἐδωρήσατο
1538 3075 1566 3125 6
1601 3074 1843 3142 βασιλεὺς

294 3167 400 3219 τῶν
448 3166 740 3234 δυνάμεων.
803 3166 919 3217 Τῶν
976 3164 1082 3235 γὰρ
1130 3164 1403 3233 πολεμίων,
1439 3164 1843 3234 ἀνατραπέντων

293 3259 389 3312 καὶ
438 3259 515 3320 είς
558 3257 731 3325 φυγὴν
778 3256 1184 3327 κεχωρηκότων,
1224 3254 1363 3321 λέγω
1394 3255 1451 3305 δὲ
1489 3255 1593 3309 τῶν
1623 3255 1839 3322 ἀφανῶν

294 3349 389 3402 καὶ
432 3348 676 3417 ἀοράτων
704 3348 997 3415 δυνάμεων,
1036 3346 1161 3414 περ).
1199 3340 1271 3397 ὧν
1312 3346 1561 3416 ἀνωτέρω
1605 3346 1833 3413 ἐλέγετο·

300 3457 319 3489 ο
384 3438 689 3507 Ἀναστήτω
746 3439 774 3488 6
832 3436 962 3497 Θεὸς
1024 3436 1115 3486 καὶ
1173 3434 1737 3507 διασκορπισθήτωσαν
1789 3438 1837 3488 ot

236 3586 237 3589 η
293 3525 476 3596 ἐχθροὶ
503 3524 687 3587 αὑτοῦ,
718 3523 1028 3590 φυγέτωσαν
1060 3523 1255 3586 πάντες
1296 3526 1342 3576 οἱ
1379 3526 1653 3594 μισοῦντες
1683 3525 1839 3579 αὑτὸν

292 3617 401 3671 ἀπὸ
450 3614 735 3687 προσώπου
778 3614 974 3675 αὑτοῦ,
1028 3633 1045 3664 ›
1088 3617 1133 3665 οἱ
1174 3614 1265 3666 τοῦ
1318 3616 1533 3684 νικητοῦ
1583 3616 1838 3683 βασιλέως

296 3704 623 3775 στρατιῶται
656 3702 721 3755 τὰ
766 3703 931 3756 σκύλα
963 3704 1160 3755 τούτων
1192 3706 1269 3767 είς
1300 3706 1517 3766 ἑαυτοὺς
1544 3704 1833 3775 διῃροῦντο.

295 3775 494 3849 Σκύλά
524 3793 579 3846 δὲ
626 3788 765 3863 ἦμεν
798 3795 957 3863 ἡμεῖς
994 3794 1086 3846 καὶ
1133 3794 1238 3846 πᾶν
1282 3794 1342 3846 τὸ
1392 3795 1495 3846 τῶν
1544 3792 1839 3864 ἀνθρώπων

298 3884 473 3954 γένος,
503 3882 565 3936 τὸ
604 3883 769 3937 πάλαι
814 3884 1073 3955 πρότερον
1120 3885 1421 3954 ὑποχείριον
1465 3882 1571 3935 τῶν
1603 3885 1837 3936 ἀντικει-

299 3974 474 4045 μένων
512 3973 790 4042 δυνάμεων
821 3974 1206 4043 γεγενημένον·
1235 3967 1309 4026 ὧν
1340 3972 1759 4036 ἀπελασθεισῶν,
1789 3977 1837 4027 οἱ

294 4065 389 4121 τοῦ
418 4065 663 4135 Σωτῆρος
686 4063 838 4135 ἡμῶν
862 4063 1092 4135 μαθηταὶ
1118 4066 1209 4117 καί⁵
1237 4063 1534 4129 ἀπόστολοι,
1565 4068 1657 4117 καὶ
1687 4067 1839 4133 εὐαγ-

295 4156 572 4228 γελισταὶ,
601 4156 636 4224 ἡ
679 4172 737 4208 τε
780 4156 937 4227 λοιπὴ
989 4154 1147 4209 αὑτοῦ
1201 4155 1483 4223 στρατεία,
1531 4157 1628 4219 τὰς
1674 4156 1836 4210 πάλαι

298 4247 559 4319 πρότερον
596 4246 987 4317 ισκυλευμένας
1012 4244 1205 4313 ψυχὰς,
1239 4237 1421 4315 κτῆμα
1453 4247 1579 4299 ίδιον
1617 4248 1837 4318 ποιησά-

298 4353 478 4408 μενοι,
528 4334 856 4406 διενείμαντο
909 4336 986 4397 είς
1030 4333 1305 4402 ἀλλήλους.
1351 4333 1557 4397 Παῦλος
1603 4336 1698 4406 μὲν
1747 4331 1837 4389 οῦν

294 4426 403 4481 ἀπὸ
457 4424 803 4497 Ἰερουσαλὴμ
851 4424 941 4477 atat
987 4422 1169 4492 κύκλῳ
1210 4424 1368 4494 μέχρι
1402 4424 1496 4477 τοῦ
1551 4423 1836 4495 Ἰλλυρικοῦ

295 4517 364 4570 τά
393 4514 453 4580 ἐξ
481 4514 647 4569 ἐθνῶν
677 4511 968 4586 ἐκληροῦτο
999 4512 1185 4567 σκύλα·
1209 4514 1411 4583 Πέτρος
1450 4513 1693 4567 δὲηπάλιν
1724 4513 1837 4565 ὲτέ-

1932 2055 2036 2107 riae
2071 2064 2178 2107 tua:
2205 2054 2277 2118 '3;
2312 2073 2331 2105 ›
2369 2069 2431 2108 ac
2460 2071 2675 2109 rursum
2703 2074 2715 2109 :
2762 2074 2780 2107 ι
2825 2056 2995 2111 Unam
3025 2042 3159 2125 ,petii
3185 2071 3213 2107 a
3245 2054 3491 2119 Domino.

1924 2141 2080 2194 lianc
2104 2142 2392 2209 requiram,
2418 2149 2478 2195 ut
2504 2144 2796 2197 iubabitem
2826 2146 2880 2199 in
2907 2146 3065 2199 domo
3095 2143 3303 2198 Domini
3319 2145 3494 2199 omni-

1942 2231 2041 2285 bus
2059 2230 2249 2285 diebus
2278 2232 2397 2284 vitae
2428 2247 2557 2285 mea:
2582 2249 2595 2290 ;
2617 2241 2673 2285 ut
2710 2233 2915 2287 videam
2936 2234 3262 2304 voluptatem
3283 2232 3491 2287 Domini

1941 2330 1994 2378 et
2026 2323 2237 2377 visitem
2272 2324 2531 2393 templum
2562 2325 2680 2393 ejus
2708 2324 2771 2378 ".
2808 2344 2829 2375 ι

2014 2603 2212 2657 Sancta
2268 2615 2581 2661 sanctorum
2638 2608 2819 2674 itaque
2872 2608 3119 2675 voiup'tas
3174 2622 3239 2661 ac
3281 2608 3487 2676 species

1942 2693 2134 2748 domus
2164 2693 2255 2748 Dei
2291 2695 2507 2750 fuerint.
2539 2694 2604 2747 lli
2638 2710 2802 2763 porro
2834 2706 2960 2750 sunt
2990 2697 3245 2752 Ecclesia:
3286 2696 3376 2752 Dei
3402 2714 3489 2751 or-

1942 2782 2113 2844 dines.
2164 2784 2539 2852 temperantia,
2596 2785 2888 2847 castitate,
2932 2786 3143 2853 justitia
3189 2797 3242 2840 et
3278 2789 3489 2842 caeteris

1943 2873 2233 2928 virtutibus
2264 2873 2550 2942 fulgentes.
2584 2872 2661 2926 Ad
2694 2875 2855 2927 talem
2889 2890 3018 2944 ergo
3056 2876 3285 2943 speciem
3315 2876 3499 2945 spolia-

1943 2964 2182 3019 dividere
2207 2980 2299 3018 rex
2326 2966 2584 3019 virtutum
2609 2966 2872 3020 militibus
2899 2967 3012 3021 suis
3040 2964 3500 3025 concessit.,Ver-‘

1944 3055 2019 3109 sis
2052 3056 2193 3109 enim
2250 3063 2303 3127 et
2352 3055 2547 3125 fugatis
2602 3056 2856 3122 inimicis,
2899 3059 3126 3111 occultis
3159 3058 3401 3113 videlicet
3432 3066 3488 3114 et

1944 3144 2305 3202 invisibilibus
2336 3147 2646 3210 virtutibus,
2671 3147 2736 3199 de
2762 3147 2961 3216 quibus
3003 3149 3248 3218 superius
3269 3149 3457 3203 diceba

1946 3244 2032 3289 tur
2060 3254 2071 3288 :
2105 3254 2123 3286 ι
2163 3235 2428 3306 Exsurgat
2461 3235 2623 3299 Deus,
2652 3244 2705 3290 et
2735 3236 3070 3307 dissipentur
3102 3240 3303 3296 inimici
3342 3240 3483 3309 ejus,

1865 3297 1907 3351 θ
1940 3325 2145 3394 fugiant
2204 3340 2391 3379 omnes
2430 3326 2521 3394 qui
2561 3326 2790 3379 oderunt
2843 3297 2965 3380 eum
3016 3344 3045 3381 a
3086 3327 3221 3383 facie
3265 3297 3418 3398 ejus;
3457 3348 3480 3381 ι

1939 3415 2160 3469 victoris
2189 3416 2331 3484 regis
2363 3417 2561 3470 milites
2595 3416 2763 3485 spolia
2804 3431 2989 3470 eorum
3041 3419 3180 3472 inter
3214 3434 3272 3474 se
3299 3420 3484 3474 distri-

1936 3508 2191 3562 buerunt.
2225 3507 2405 3578 Spolia
2438 3515 2616 3561 autem
2658 3522 2755 3563 nos
2785 3523 3041 3577 eramus;
3074 3517 3351 3580 totumque
3384 3511 3484 3565 bo-

1938 3600 2141 3651 minum
2192 3614 2381 3667 genus,
2418 3598 2545 3652 olim
2596 3598 2925 3655 adversariis
2966 3590 3259 3655 virtutibus
3304 3601 3483 3657 subdi-

1936 3701 2069 3741 tum.
2104 3688 2312 3752 Quibus
2359 3690 2591 3757 repulsis
2639 3688 2933 3759 Salvatoris
2980 3692 3149 3764 nostri
3208 3692 3478 3764 discipuli,

1939 3780 2163 3847 apostoli
2204 3788 2257 3833 et
2283 3782 2642 3853 evangelista,
2677 3789 2730 3835 et
2778 3782 3018 3852 reliquus
3053 3762 3171 3851 eius
3212 3762 3481 3839 exercitus

1938 3871 2167 3933 animas,
2201 3886 2321 3939 qua:
2350 3873 2476 3926 olim
2502 3882 2669 3942 raptae
2698 3872 2933 3937 fuerant,
2963 3875 3118 3943 quasi
3155 3875 3208 3929 in
3238 3884 3478 3946 potesta—

1936 3967 2042 4011 tem
2069 3952 2123 4012 et
2155 3958 2411 4015 ditionem
2459 3976 2611 4015 suam
2653 3961 2918 4025 redactas,
2946 3964 3083 4018 inter
3104 3979 3162 4026 se
3190 3966 3481 4020 distribue-

1936 4056 2079 4103 runt.
2110 4047 2308 4104 Paulus
2338 4050 2601 4119 siquidem
2622 4050 2692 4105 ab
2717 4049 3012 4108 Jerusalem
3045 4062 3098 4110 et
3131 4056 3320 4111 vicinis
3346 4057 3487 4111 locis

1938 4156 2107 4209 usque
2152 4136 2225 4194 ad
2276 4140 2565 4210 Illyricum,
2594 4142 2832 4210 gentium
2876 4144 3048 4213 spolia
3093 4132 3316 4200 sortitus
3346 4153 3475 4200 est:

1935 4230 2127 4288 Petrus
2164 4233 2289 4285 item
2321 4232 2545 4286 aliarum
2571 4234 2831 4302 gentium,
2861 4233 3096 4290 Joannes
3120 4235 3321 4311 pariter
3354 4236 3486 4289 alia-

1934 4336 2077 4385 rum,
2104 4336 2169 4376 ex
2200 4321 2419 4390 reliquis
2450 4326 2708 4392 apostolis
2739 4325 2947 4395 singuli
2974 4325 3198 4379 aliarum
3231 4326 3479 4384 similiter

1936 4412 2174 4481 gentium
2206 4414 2379 4481 spolia
2405 4413 2705 4470 obtinuere.
2745 4415 2821 4470 Ex
2850 4416 3048 4487 quibus
3082 4418 3268 4486 spoliis
3296 4419 3477 4473 excel-

1936 4502 2165 4556 lentiora
2194 4502 2412 4557 donaria
2439 4503 2505 4583 ad
2522 4505 2752 4575 speciem
2773 4502 2965 4561 domus
2994 4505 3085 4560 Dei
3108 4511 3475 4579 segregat-unt.

296 4622 404 4675 ρων
436 4605 601 4658 ἐθνῶν
630 4602 722 4674 καὶ⁹
771 4602 1017 4669 Ἰωάννης
1050 4599 1304 4663 ὡσαύτως
1334 4598 1563 4671 ἐτέρων,
1607 4599 1698 4653 καὶ
1728 4596 1834 4649 τῶν
1866 4623 1909 4678 D
1936 4597 1994 4657 υς

1779 4596 1834 4649 ὗν
1866 4623 1909 4678 D
1936 4593 2291 4657 Quamobrem
2322 4594 2523 4652 dictum
2551 4601 2667 4648 est:
2708 4612 2726 4643 ι
2764 4593 2826 4648 Et
2864 4596 3059 4666 speciei
3104 4596 3297 4652 domus
3340 4596 3477 4651 divi-

292 4694 495 4749 λοιπῶν
538 4692 842 4749 ἀποστόλων
882 4692 1106 4765 ἕκαστος
1145 4690 1549 4761 παραπλησίως.
1599 4688 1711 4757 Ἀφ’
1760 4681 1834 4740 ὧν

295 4782 504 4837 σκύλων
544 4782 613 4837 τὰ
655 4781 903 4855 ιξαίρετα
931 4780 1272 4849 ἀναθήματα,
1309 4782 1388 4844 εἰς
1418 4780 1718 4851 ὡραιότητα
1740 4777 1832 4830 τοῦ

294 4874 441 4927 οἴκου
467 4870 715 4927 τοῦὊεοῦ
746 4870 1035 4942 ἀφώριζον.
1066 4868 1155 4922 Διὸ
1182 4867 1443 4922 λέλεκται·
1466 4888 1484 4921 ι
1508 4868 1616 4922 Καὶ
1635 4868 1831 4938 ὡραιό-

292 4978 414 5031 τητι
475 4960 569 5013 τοῦ
616 4961 764 5013 οῐκου
820 4958 1080 5012 διελέσθαι
1128 4955 1314 5011 σκύλα.
1363 4957 1485 5011 Ἐἀν
1528 4954 1833 5025 ,κοιμηθῆτε

292 5050 395 5105 ἀνὰ
441 5051 601 5120 μέσον
630 5050 737 5105 τῶν
768 5048 977 5119 κλήρων
1022 5047 1283 5118 πτέρυγες
1326 5047 1646 5118 περιστερᾶς
1680 5062 1833 5115 περι-

291 5138 696 5210 ηργυρωμίναι,
747 5140 841 5194 καὶ
871 5138 939 5191 τὰ
984 5138 1292 5208 μετάφρενα
1337 5136 1502 5207 αὐτῆς
1531 5137 1592 5188 ὲν
1635 5134 1834 5206 χλωρό-

291 5243 427 5319 ι-ητιΔ
458 5227 709 5319 χρυιιίουιΔ
750 5244 769 5277 ι
797 5224 1205 5319 μνημονεύσας
1236 5229 1273 5319 6
1322 5226 1474 5319 λόγος
1514 5224 1621 5279 τῶν
1668 5226 1834 5319 εὐαγ-

293 5312 645 5387 γὶλιζομὲνων
687 5314 908 5386 δυνάμει
953 5316 1136 5391 1πολλῇ.
1169 5316 1262 5369 τοῦ
1303 5332 1362 5370 τε
1413 5312 1558 5391 οἴκου
1598 5314 1690 5366 καὶ
1736 5315 1834 5385 τῆς

291 5405 619 5479 ὡραιότητος
654 5398 845 5466 αὑτοῦ,
880 5405 958 5458 ea
982 5388 1114 5475 mp
1150 5408 1238 5458 καὶ
1278 5402 1384 5457 τῶν
1423 5404 1479 5454 ὲν
1516 5388 1661 5471 αὑτῷ
1686 5403 1830 5457 ’σκύο

292 5494 426 5558 λων,
482 5492 563 5547 διν
603 5486 679 5546 ὧν
741 5492 980 5564 ᾐνίττετο
1033 5492 1127 5563 τὴν
1188 5491 1504 5563 Ἐκκλησίαν
1556 5489 1646 5565 τοῦ
1699 5491 1831 5545 Θεοῦ

293 5587 385 5640 καὶ
437 5584 563 5647 τοὺς
608 5585 674 5637 ιν
722 5584 858 5655 αὐτῇ
904 5582 1329 5654 διαπρέπονταςο
1391 5580 1690 5651 ἀκολούθως
1744 5582 1832 5636 διὰ

292 5674 400 5729 τῶν
434 5674 571 5744 μετά
600 5675 782 5744 χεῖρας
811 5674 905 5728 καὶ
939 5674 1048 5728 τῶν
1086 5673 1449 5753 θεοπνεύστων
1479 5673 1831 5746 ἀναγνωσμά-

1939 4681 2066 4737 dere
2096 4681 2286 4753 spolia.
2325 4681 2383 4737 Si
2402 4682 2697 4739 ,dormiatis
2738 4684 2879 4740 inter
2908 4687 3113 4743 medios
3145 4689 3319 4743 cleros
3344 4702 3474 4757 pen-

1939 4787 2023 4828 nae
2046 4773 2305 4829 colan
2324 4770 2697 4843 deargentatae,
2726 4783 2778 4830 et
2810 4778 3105 4847 posteriora
3134 4777 3254 4846 ejus
3280 4778 3333 4830 in
3362 4777 3476 4846 pal-

1938 4865 2049 4921 lore
2062 4865 2201 4920 auri‘.
2218 4882 2239 4917 ι
2258 4861 2547 4935 Postquam
2586 4867 3059 4937 eyangelizantium
3082 4868 3279 4923 virtute
3306 4867 3475 4923 multa

1937 4942 2237 5025 domusque
2259 4968 2322 5007 ac
2380 4955 2593 5026 speciei
2613 4956 2752 5025 eius.
2784 4971 2993 5012 necnon
3030 4958 3321 5026 spoliorum
3355 4972 3478 5027 quae

1936 5044 1993 5102 in
2022 5045 2135 5115 ipsa
2163 5050 2340 5109 erant,
2369 5046 2524 5117 queis
2562 5044 2799 5101 Ecclesia
2836 5046 2928 5102 Dei
2968 5054 3022 5105 et
3048 5049 3088 5103 ii
3124 5049 3216 5117 qui
3260 5047 3315 5101 in
3358 5048 3474 5120 ipsa

1921 5134 2217 5203 .conspicui
2242 5134 2392 5193 fuere
2420 5136 2920 5202 subindicabautur,
2957 5139 3157 5193 mentio
3181 5138 3320 5193 facta
3347 5146 3473 5206 est;

1936 5232 2331 5308 consequenter
2353 5228 2408 5281 in
2438 5225 2647 5296 iis-qua:
2667 5226 2777 5296 jam
2795 5236 3091 5321 tractamus
3119 5227 3373 5284 divinitus
3396 5229 3475 5282 in-

1936 5316 2167 5385 spirata:
2195 5317 2451 5373 lectiones
2473 5316 2879 5383 commemorat;
2896 5334 2995 5373 nos
3012 5320 3086 5373 ita
3110 5318 3469 5388 compellans:

1938 5404 2024 5459 oSi
2042 5404 2321 5481 dormiatis
2336 5408 2472 5461 inter
2498 5408 2701 5464 medios
2714 5408 2937 5463 cleros.»
2962 5407 3104 5463 Cleri
3131 5414 3327 5472 autem,
3360 5408 3476 5465 sive

1930 5496 2095 5552 fortes
2125 5496 2395 5559 Ecclesiae.
2429 5496 2557 5570 sunt
2574 5496 2739 5554 Vetus
2765 5507 2818 5553 et
2843 5496 3050 5571 Novum
3066 5497 3474 5554 Testamentum

1932 5584 2023 5639 Dei
2058 5603 2071 5638 :
2106 5586 2385 5657 docetque,
2427 5601 2522 5642 eos
2565 5589 2653 5658 qui
2686 5589 2740 5642 in
2770 5587 2948 5643 medio
2980 5603 3163 5644 eorum
3193 5578 3474 5645 versantur

1896 5738 1901 5741 ν
1933 5689 2133 5732 nenuas
2160 5677 2421 5733 columbae
2458 5678 3169 5749 deargentatasinventuros
3196 5694 3347 5747 esse;
3376 5694 3473 5733 cu-

365 5825 406 5855 "
439 5823 623 5879 Matth.
660 5840 739 5891 ut,
773 5825 875 5890 i7;
908 5807 1037 5891 sim,
1068 5826 1119 5880 5.
1188 5824 1372 5882 “Psal
1421 5841 1545 5891 ur,
1580 5826 1631 5882 8.
1708 5824 1913 5883 “Psal.
1948 5840 2093 5895 χχιιι,
2125 5827 2178 5882 4.
