4300 6466
1471 490 1736 547 EUSEBH
1776 486 2252 546 CESARIENSIS
2291 485 2441 542 OPP.
2485 483 2664 538 PARS
2702 483 2790 539 lli.
2830 514 2900 523 —
2939 481 3348 540 EXEGETICA.

3932 485 4032 541 τοο

783 618 872 685 jus
905 614 1165 668 columba:
1217 611 1519 679 posteriora
1566 611 1698 666 dicit
1727 625 1848 664 esse
1875 603 2166 678 in'pallore
2213 605 2352 660 auri.
2386 611 2431 666 Α
2458 621 2481 655 τ

2339 645 2352 658 ο
2386 611 2431 666 Δ
2458 621 2565 656 των
2623 602 2721 672 τὴν
2775 602 2994 672 μνήμην
3052 602 3278 652 ποιεῖται
3329 599 3403 664 ὡς
3453 602 3586 672 πρὸς
3639 603 3786 672 ἡμᾶς
3819 600 4030 683 λέγων·

782 706 916 762 Nam
949 722 1068 760 cum
1104 705 1342 775 Spiritus
1374 711 1596 758 sanctus
1647 700 1894 755 columba
1927 714 2049 755 esse
2091 697 2356 768 intelliga-

783 804 894 859 tur,
916 809 1035 864 quae
1059 794 1222 848 verba
1248 794 1304 846 in
1331 791 1512 845 Veteri
1542 797 1591 844 et
1618 789 1766 844 Novo
1789 788 2136 844 Testamento
2168 787 2354 856 legun-

785 893 895 950 tur,
953 883 1252 941 secundum
1285 882 1483 936 nudam
1514 889 1567 936 et
1595 880 1807 935 obviam
1839 879 2122 934 lectionem
2145 918 2160 941 ,
2196 875 2352 947 quasi

784 977 887 1032 sub
952 977 1019 1031 lis
1051 975 1264 1029 occulta
1288 982 1438 1035 sunt,
1472 972 1592 1038 alis,
1624 973 1865 1041 inquam,
1898 970 2195 1030 deauratis,
2226 967 2354 1037 quia

782 1071 995 1139 eloquia
1045 1069 1261 1123 Domini
1307 1073 1588 1136 argentum
1624 1075 1748 1120 sunt
1796 1065 1919 1134 igne
1964 1061 2351 1122 examinatum,

782 1161 1069 1231 probatum
1096 1169 1275 1214 terrae.
1334 1156 1501 1212 Sensa
1535 1167 1714 1211 autem
1751 1156 1803 1209 iu
1830 1151 2101 1224 profundo
2125 1151 2356 1206 abscon-

782 1251 916 1311 dita,
971 1264 1092 1320 quae
1137 1256 1447 1302 memoratae
1492 1246 1778 1307 columbae,
1827 1244 2085 1298 nimirum
2107 1237 2353 1311 Spiritus

783 1340 983 1403 sancti,
1017 1339 1408 1409 posterioribus
1439 1335 1824 1408 comparanda,
1858 1335 1912 1388 in
1936 1335 2140 1404 pallore
2161 1334 2354 1388 dicun-

784 1440 872 1483 tur
903 1444 1048 1492 esse,
1092 1430 1218 1498 quia
1243 1430 1512 1482 sententia
1543 1437 1595 1481 et
1623 1427 1915 1496 purissima
1952 1441 2106 1481 mens
2135 1426 2236 1480 sub
2270 1425 2353 1480 di-

783 1521 965 1574 ctione
997 1518 1313 1574 abscondita
1350 1518 1468 1571 auri
1507 1518 1681 1572 instar
1721 1516 1955 1587 effulget.
2011 1515 2215 1585 Hisque
2239 1531 2354 1569 rur-

785 1626 904 1665 sum
939 1625 1038 1663 nos
1068 1608 1356 1677 compellat
1379 1607 1699 1676 omnes,qui
1731 1608 1785 1660 in
1818 1607 1979 1660 domo
2005 1605 2100 1661 Dei
2126 1621 2352 1676 congre-

785 1703 895 1771 gati
939 1716 1149 1765 sumus,
1193 1714 1330 1769 quos
1365 1700 1537 1768 spolia
1569 1699 1820 1769 superius
1842 1697 2192 1771 nuncupavit.
2243 1697 2350 1753 Pro

2471 713 2490 745 ι
2513 694 2635 747 Ἐὰν
2674 691 2974 763 κοιμηθῆτε
3019 691 3123 745 ἀνά
3159 691 3320 762 μέσον
3351 691 3459 744 τῶν
3505 692 3737 764 κλήρων.
3770 712 3800 745 r
3825 675 4034 765 Κλῆροι

2462 785 2519 837 δὲ
2559 785 2656 855 τῆς
2698 783 3020 854 Ἐκκλησίας
3052 783 3189 834 εἰσὶν
3232 783 3266 852 ἥ
3322 799 3381 836 τε
3431 781 3644 837 Παλαιά
3674 785 3764 836 καὶ
3797 786 4034 856 ήΚαινή

2461 874 2700 944 Διαθήκη
2729 873 2822 927 τοῦ
2847 872 2982 926 Θεοῦ
3000 891 3012 903 ο
3039 868 3112 925 ὧν
3141 873 3266 936 τοὺς
3289 875 3347 926 ὲν
3372 873 3522 944 μέσῳ
3547 874 4033 945 διαστρεφομένους

2459 962 2695 1015 διδάσκει
2731 962 3004 1032 πτέρυγας
3032 963 3357 1034 περιστερᾶς
3389 964 3911 1035 περιηργυρωμένας
3943 965 4036 1017 εὐ-

2466 1057 2676 1127 ρήσεινο
2713 1051 2780 1127 ἦς
2810 1059 3136 1127 περιστερᾶς
3171 1057 3240 1110 τά
3284 1058 3593 1128 μετάφρενα
3633 1054 3769 1110 εἶναι
3810 1059 3868 1110 ἐν
3892 1059 4034 1128 χλω-

2465 1149 2650 1218 ρότητι
2675 1150 2917 1220 χρυσίου.
2954 1151 3060 1204 Τοῦ
3088 1153 3196 1224 γὰρ
3235 1154 3386 1220 άγίου
3428 1152 3744 1220 Πνεύματος
3782 1166 4033 1220 περιπε-

2465 1241 2560 1310 ρᾶς
2595 1241 2902 1312 νοουμένου,
2932 1245 2980 1295 oi
3014 1245 3070 1296 ὲν
3105 1245 3317 1314 Παλαιᾷ
3352 1243 3443 1295 καὶ
3473 1244 3660 1313 Καινῇ
3679 1240 4031 1311 λελαλημένοι

2461 1331 2627 1400 λόγοι,
2650 1333 2791 1385 κατὰ
2824 1335 2919 1404 μὲν
2955 1333 3051 1406 τὴν
3082 1334 3396 1387 ἐπιπόλαιον
3423 1333 3747 1403 ἀνάγνωσιν,
3774 1332 4032 1403 πτέρυξιν

2459 1423 2646 1492 ὥσπερ
2678 1424 3148 1496 ἐγκεκαλυμμένοι
3173 1424 3518 1494 τυγχάνουσι,
3549 1423 3642 1475 καὶ
3679 1419 3901 1493 πτέρυξι
3931 1437 4030 1474 περ

2461 1515 2950 1586 ριηργυρωμέναις,
2997 1515 3182 1586 ἐπειδὴ
3224 1515 3291 1568 τά
3336 1514 3488 1582 λόγια
3520 1515 3725 1585 Κυρίου
3767 1513 4030 1585 ἀργύριόν

2458 1607 2572 1658 ἐστι
2598 1606 3010 1676 πεπυρωμένον,
3037 1606 3277 1676 δοκίμιον
3297 1607 3362 1676 τῇ
3385 1602 3559 1674 γῇ·τά
3579 1603 3634 1656 δὲ
3659 1603 3799 1682 καψ
3830 1603 4028 1674 βάθους

2457 1698 2877 1767 έγκεκρυμμένα
2905 1699 3168 1768 νοήματα,
3205 1699 3346 1769 ἅπερ
3380 1696 3521 1749 ἔοικε
3553 1697 3903 1767 μεταφρένοις
3925 1695 4027 1766 τῆς

2456 1784 2810 1855 ἀποδοθείσης
2846 1790 3194 1857 περιστερᾶς,
3228 1785 3427 1856 δηλαδὴ
3469 1785 3561 1839 τοῦ
3592 1785 4026 1856 ἀγίουΠνεύμα-

2453 1893 2563 1938 τος,
2600 1877 2655 1927 ὲν
2689 1876 2988 1948 χλωρότητι
3016 1878 3230 1947 λέγεται
3261 1876 3417 1943 εἶναι,
3445 1879 3543 1950 τῆς
3572 1876 4024 1975 ὲγκεκρυμμένης

783 1791 878 1846 illo
909 1799 1122 1855 autem,
1174 1807 1192 1840 ι
1239 1789 1294 1841 Si
1330 1789 1635 1852 dormiatis,
1676 1807 1693 1838 ›
1737 1787 2095 1856 Symmachus
2143 1788 2222 1841 sic
2249 1787 2348 1840 ha-

782 1885 894 1944 bet,
955 1901 972 1932 ι
1011 1881 1067 1935 Si
1093 1883 1397 1936 recideritis
1442 1883 1582 1935 inter
1628 1881 1824 1935 clerus.
1865 1899 1884 1930 ›
1930 1878 2061 1933 Nam
2089 1878 2346 1940 dormire,

782 1989 928 2028 nunc
954 1974 1293 2042 requiescere
1327 1973 1616 2040 signiﬁcat.
1653 1971 1722 2024 lis
1748 1971 1910 2039 igitur
1943 1972 2034 2040 qui
2062 1984 2346 2026 sacrorum
2381 1965 2423 2022 Β
2451 1985 2480 2019 τ

2325 1984 2346 2022 a
2381 1965 2423 2022 Β
2451 1971 2516 2037 τῇ
2563 1966 2701 2029 λέξει
2745 1967 2982 2032 διανοίας
3030 1971 3120 2022 καὶ
3153 1971 3246 2022 τοῦ
3287 1972 3670 2042 καθαρωτάτου
3700 1969 3788 2022 νοῦ
3820 1965 4023 2040 χρυσοῦ

781 2065 1073 2120 verborum
1100 2063 1473 2117 exercitationi
1505 2069 1717 2124 vacant,
1738 2062 2035 2116 bortatorio
2053 2061 2210 2115 modo
2233 2075 2353 2129 pro-
2449 2060 2476 2112 6

2328 2085 2353 2100 ο
2449 2060 2603 2130 δίκην
2637 2061 3138 2132 ἀπαστράπτοντος.
3167 2063 3348 2115 Ταῦτα
3382 2064 3436 2116 δὲ
3472 2065 3829 2132 ἀναφωνεῖται
3855 2063 4026 2116 πᾶσιν

782 2157 1018 2210 mittitur
1051 2154 1354 2209 divinarum
1381 2151 1783 2223 Scripturarum
1816 2153 2020 2207 utilitas
2055 2172 2067 2206 :
2103 2167 2226 2205 nam
2259 2166 2345 2206 sa-
2444 2152 2476 2219 ή

2324 2181 2345 2191 -
2444 2152 2574 2220 ἡμῖν
2609 2155 2719 2215 τοῖς
2754 2155 2810 2204 ὲν
2841 2152 2918 2222 τῷ
2942 2153 3075 2222 οἴκῳ
3104 2153 3197 2207 τοῦ
3229 2155 3361 2208 Θεοῦ
3400 2155 3772 2225 συνηγμένοις,
3807 2153 3900 2216 οὓς
3933 2152 4022 2206 δια

780 2262 999 2302 crarum
1030 2247 1320 2300 lectionum
1353 2246 1517 2300 dictio
1548 2253 1774 2315 purgata
1807 2253 1891 2299 est
1921 2245 2092 2298 instar
2133 2243 2343 2314 argenti
2441 2260 2478 2290 τε

2327 2243 2343 2298 i
2441 2243 2551 2295 τῶν
2581 2243 2886 2315 ἔμπροσθεν
2921 2246 3090 2298 σκύλα
3108 2247 3135 2297 6
3161 2246 3314 2315 λόγος
3341 2247 3636 2316 ὠνόμαζεν.
3658 2247 3802 2299 Ἀντὶ
3821 2245 3880 2298 δὲ
3899 2243 4017 2304 τοῦ.

781 2337 902 2408 igne
929 2338 1243 2402 examinati,
1279 2340 1576 2394 secundum
1606 2337 1748 2391 hanc
1769 2336 2088 2392 sententiam
2121 2356 2133 2391 :
2174 2355 2192 2386 ι
2216 2335 2340 2390 Elo-
2445 2350 2463 2383 ι

2319 2366 2340 2376 -
2445 2350 2463 2383 ι
2487 2333 2611 2386 Ἐἀν
2638 2335 2951 2406 κοιμηθῆτε,
2985 2355 3002 2386 ι
3044 2337 3184 2389 κατὰ
3214 2338 3305 2389 τὸν
3333 2336 3644 2406 Σύμμαχον,
3684 2355 3701 2385 ι
3725 2335 3849 2388 Ἐἀν
3875 2345 4017 2390 ἀνα-

779 2432 906 2499 quia
929 2429 1140 2484 Domini
1171 2430 1292 2500 igne
1321 2429 1627 2482 examinata
1655 2427 1698 2458 ³⁸
1720 2446 1732 2491 ;
1758 2445 1776 2478 ι
1807 2441 1869 2480 ac
1898 2441 2114 2480 rursum
2143 2443 2156 2479 ι
2186 2447 2203 2480 ι
2225 2427 2342 2480 Elo—
2446 2442 2477 2476 π

2321 2455 2342 2467 ο
2446 2423 2646 2495 πέσητε
2673 2426 2874 2494 μεταξύ
2912 2426 3019 2479 τῶν
3052 2431 3285 2498 κλήρων,
3320 2447 3337 2478 ι
3375 2428 3607 2499 εἴρηται.
3639 2426 3711 2478 Τὸ
3752 2426 3860 2497 γὰρ
3905 2443 4019 2480 κοιν-

779 2523 904 2590 quia
945 2521 1155 2576 Domini
1187 2520 1398 2589 eluquia
1444 2527 1618 2583 casta,
1648 2525 1952 2586 argentum
1992 2517 2112 2586 igne
2140 2518 2342 2572 exami-
2388 2535 2390 2538 ·
2448 2532 2477 2585 μ

2325 2549 2342 2558 -
2388 2535 2390 2538 ·
2448 2515 2681 2586 μηθῆναι
2706 2517 2797 2570 νῦν
2817 2519 3275 2572 διαναπαύσεσθαι
3297 2519 3594 2590 δηλοῖ.Τοῖς
3614 2516 3706 2572 οὖν
3728 2518 3834 2570 τῶν
3857 2519 4023 2590 ίερῶν

781 2619 989 2671 natum,
1027 2608 1308 2676 probatum
1336 2615 1515 2670 terrae,
1551 2614 1838 2676 purgatum
1885 2606 2189 2676 septuplum
2218 2606 2283 2662 ³¹.
2319 2626 2337 2657 ›
2441 2607 2475 2658 ἀ

2320 2626 2337 2657 ›
2441 2607 2708 2678 ἀσκηταίς
2744 2609 2918 2678 λόγων
2944 2612 3359 2682 προτρεπτικῶς
3387 2614 3418 2682 ή
3450 2610 3831 2682 προσφώνησις
3854 2612 4018 2680 ἑπαγ-

782 2699 1062 2754 Sententia
1095 2712 1222 2752 vero
1252 2700 1551 2768 spiritualis
1595 2705 1861 2776 praestans
1909 2706 1963 2752 et
2009 2699 2188 2769 magni
2223 2716 2344 2769 pre-
2444 2716 2478 2767 γ

2324 2730 2344 2742 -
2444 2700 2690 2767 γέλλεται
2723 2702 2820 2773 τήν
2847 2704 2912 2757 ὲκ
2937 2703 3043 2757 τῶν
3073 2704 3227 2757 θείων
3253 2704 3423 2772 λόγων
3443 2704 3709 2772 ὠφέλειαν
3729 2720 3742 2734 ο
3766 2703 3800 2772 ἧ
3823 2719 3882 2754 τε
3908 2701 4022 2774 γάρ

779 2791 839 2845 tii
873 2805 1012 2855 esse,
1064 2805 1186 2845 cum
1238 2791 1459 2858 dicitur,
1501 2810 1519 2842 ι
1553 2791 1614 2845 in
1660 2791 1864 2861 pallore
1915 2790 2067 2854 auri,
2103 2810 2120 2842 ι
2161 2791 2342 2845 decla-
2442 2792 2477 2844 λη

2319 2821 2342 2832 -
2442 2792 2584 2856 λέξις
2633 2795 2740 2848 τῶν
2789 2795 2946 2866 ίερῶν
2994 2797 3434 2866 ἀναγνωσμάτων
3484 2795 3815 2868 κεκάθαρται
3865 2798 4017 2868 δίκην

780 2890 946 2938 ratur.
2445 2885 2706 2957 ἀργυρίου
2753 2887 3172 2958 πεπυρωμένου,
3209 2887 3347 2940 κατά
3389 2886 3481 2940 τὸν
3533 2868 3778 2958 φήσαντα
3818 2890 3973 2957 λόγον
3998 2905 4014 2921 ⁸

780 3001 800 3033 ι
829 2980 909 3034 Τά
939 2981 1093 3049 λόγια
1135 2979 1339 3052 Κυρίου
1386 2979 1789 3050 πεπυρωμένα·
1825 2997 1843 3029 ι
1876 2979 1971 3031 καὶ
1998 2979 2182 3030 πάλινο
2252 2996 2270 3028 ι
2333 2978 2414 3030 Τά
2451 2980 2604 3048 λόγια
2640 2982 2843 3054 Κυρίου
2891 2982 3045 3050 λόγια
3092 2983 3248 3049 άγνά,
3293 2981 3564 3053 ἀργύριον·
3602 2985 4018 3054 πεπυρωμένον,

780 3072 1019 3140 δοκίμιον
1041 3074 1103 3141 τῇ
1131 3075 1222 3142 γῇ,
1245 3070 1705 3141 κεκαθαρισμένον
1730 3070 2139 3131 ὲπταπλασίως·
2177 3087 2198 3119 ι
2227 3069 2260 3139 ἥ
2283 3086 2341 3122 τε
2378 3069 2584 3126 διάνοια
2608 3077 2639 3144 ή
2671 3073 3010 3144 πνευματικὴ
3038 3074 3312 3143 ἐξαίρετος
3372 3074 3466 3125 καὶ
3529 3073 3888 3144 πολυτίμητος
3931 3076 4018 3130 διά

780 3163 874 3215 τοῦ
920 3163 1201 3232 λέγεσθαι,
1240 3183 1258 3216 ι
1282 3165 1368 3217 Ἐν
1410 3165 1709 3236 χλωρότητι
1749 3164 1995 3236 χρυσίου,
2025 3183 2043 3215 ι
2083 3163 2436 3234 παρίσταται.

846 3277 1012 3334 Vens.
1043 3280 1228 3334 lb-l'l.
1276 3299 1294 3332 ι
1334 3280 1465 3336 Dum
1494 3281 1755 3336 discernit
1809 3281 2046 3337 celestis
2069 3297 2226 3351 reges
2258 3298 2348 3337 su-
2377 3299 2418 3356 ο

761 3383 873 3447 per
901 3387 1018 3425 eam
1053 3372 1176 3426 nive
1203 3372 1600 3427 dealbabuntur
1645 3373 1700 3424 in
1749 3372 1985 3426 Selmon.
2026 3390 2044 3424 ι
2084 3370 2189 3424 Pro
2224 3373 2336 3436 illo,

785 3479 803 3511 ι
820 3458 951 3514 Dum
967 3460 1229 3515 discernit
1249 3461 1508 3526 cmlestis,
1522 3482 1540 3511 ι
1561 3468 1613 3512 et
1629 3469 1842 3523 caetera,
1860 3460 1938 3513 sic
1956 3461 2339 3528 interpretatur

780 3549 1137 3621 Symmachus
1173 3570 1185 3604 :
1230 3570 1248 3602 ι
1280 3550 1505 3616 Quando
1535 3549 1868 3620 dispensavit
1899 3559 2090 3620 potens
2115 3566 2340 3621 regnare

779 3642 949 3704 illam,
984 3642 1138 3709 quasi
1166 3640 1286 3694 nive
1311 3640 1557 3694 dealbata
1584 3653 1716 3696 erat.
1792 3641 2009 3697 Selmon
2039 3651 2194 3698 mons
2223 3642 2337 3709 Dei,

777 3748 934 3809 mons
955 3731 1191 3802 pinguis,
1211 3747 1367 3786 mons
1386 3733 1702 3799 altissimus,
1720 3749 1876 3790 mons
1896 3736 2109 3805 pinguis
2134 3754 2146 3789 :
2171 3750 2339 3804 quare

778 3824 994 3876 curiose
1024 3824 1418 3891 investigantur
1471 3834 1680 3878 montes
1704 3826 1947 3880 excelsi?
1976 3825 2128 3879 Mons
2151 3827 2206 3878 in
2231 3841 2338 3895 quo

780 3913 1107 3967 desideravit
1147 3913 1288 3969 Deus
1329 3914 1595 3979 habitare,
1629 3924 1681 3970 et
1707 3914 1966 3970 Dominus
1994 3898 2254 3971 habitabit
2281 3917 2337 3971 in

783 4003 964 4060 ﬁnem.
998 4024 1016 4056 ›
1054 4004 1146 4061 His
1171 4015 1349 4061 autem
1373 4010 1650 4075 docemur,
1677 4025 1800 4063 cum
1824 4010 2060 4065 cwlestis
2088 4011 2194 4075 ille,
2228 4012 2338 4065 sive

781 4093 1082 4147 caelestium
1119 4095 1414 4150 incolarum
1457 4097 1631 4165 Deus,
1685 4099 1993 4168 praedictam
2041 4101 2344 4153 columbam

779 4185 1000 4254 regibus
1029 4192 1186 4239 terrae
1224 4177 1466 4252 donavit,
1500 4188 1553 4241 id
1578 4198 1680 4252 est,
1713 4191 1781 4245 iis
1815 4189 1906 4258 qui
1935 4189 1989 4243 in
2016 4197 2159 4245 terra
2193 4189 2344 4260 regni

779 4276 901 4345 ejus
933 4279 1471 4340 consortes'fuerunt
1510 4281 1587 4349 (hi
1637 4269 1798 4350 porro
1847 4288 2003 4355 erant
2048 4281 2341 4351 prophetat,

779 4361 918 4437 justi
956 4377 1009 4423 et
1042 4370 1114 4438 pii
1143 4371 1266 4434 viri,
1309 4386 1372 4425 ac
1399 4371 1654 4441 discipuli
1704 4382 1756 4425 et
1787 4374 2015 4442 apostoli
2044 4371 2345 4428 Salvatoris

782 4460 976 4524 nostri,
1022 4461 1219 4532 quibus
1259 4460 1521 4531 Spiritum
1553 4469 1800 4516 sanctum
1827 4464 2072 4530 caelestis
2091 4464 2180 4518 ille
2206 4463 2346 4518 Deus

783 4549 1110 4617 distribuit);
1157 4562 1288 4606 tunc
1333 4569 1427 4607 eos
1465 4554 1558 4622 qui
1595 4553 1763 4606 divini
1813 4551 2050 4621 Spiritus
2082 4554 2240 4610 donis
2265 4572 2348 4609 or-

785 4641 897 4692 nati
931 4639 1164 4707 l‘uerant,
1193 4643 1364 4698 instar
1397 4645 1538 4698 nivis
1563 4644 1821 4698 candidos
1850 4645 2133 4715 clarosque
2154 4646 2340 4701 fuisse.

785 4733 963 4800 Quare
995 4733 1195 4786 dictum
1239 4744 1363 4790 est:
1404 4756 1422 4788 ‹
1461 4735 1663 4806 thuid
1732 4736 2081 4806 suspicamini
2133 4748 2344 4804 montes

783 4825 1137 4894 coagulatos?
1172 4846 1192 4878 ›
1243 4824 1613 4897 Objurgantur
1655 4829 1861 4883 scilicet
1901 4827 1994 4898 qui
2045 4827 2242 4896 aliquid
2272 4832 2349 4885 si-

782 4915 909 4970 mile
935 4917 1199 4971 exsistere
1227 4918 1560 4972 arbitrantur
1592 4938 1604 4972 :
1633 4918 1783 4972 addit
1807 4935 1936 4974 vero
1966 4935 2070 4988 qua
2098 4920 2162 4972 de
2185 4935 2349 4974 causa

782 5021 893 5059 non
937 5016 1182 5076 oporteat
1221 5010 1436 5079 quidvis
1467 5009 1611 5064 aliud
1642 5026 1763 5064 cum
1808 5011 1928 5080 ipso
1970 5009 2238 5072 conferre,
2267 5012 2348 5064 di-

783 5114 912 5154 cens
943 5140 955 5151 .
991 5100 1173 5155 «Mons
1204 5103 1258 5156 in
1291 5099 1397 5172 quo
1426 5103 1824 5172 beneplacitum
1852 5113 1934 5157 est
1969 5102 2077 5158 Deo
2105 5101 2347 5157 habitare

783 5190 838 5242 in
876 5203 940 5242 eo
978 5207 988 5242 :
1025 5192 1221 5243 etenim
1253 5191 1514 5248 Dominus
1548 5183 1812 5248 habitabit
1849 5193 1902 5246 in
1936 5194 2115 5248 tinem.
2157 5214 2174 5245 ι
2213 5193 2344 5248 Nam

783 5279 873 5332 ille
899 5280 1050 5334 solus
1084 5295 1240 5334 mons
1270 5293 1352 5336 est
1383 5285 1436 5336 in
1469 5300 1576 5360 quo
1606 5283 1749 5340 Deus
1778 5282 2024 5338 habitare
2051 5285 2342 5354 c00ptavit,

783 5379 836 5424 et
861 5371 915 5425 in
947 5389 1052 5441 quo
1071 5371 1230 5428 Pater
1259 5374 1592 5431 domicilium
1625 5377 1785 5430 habet
1810 5377 1863 5428 in
1883 5376 2075 5429 sarcula
2104 5378 2341 5441 inﬁnita;

787 5477 953 5530 quare
986 5479 1094 5518 non
1120 5465 1273 5519 decet
1309 5465 1471 5518 alium
1505 5481 1629 5519 cum
1657 5467 1750 5520 illo
1771 5464 2036 5519 conferre.
2082 5465 2214 5521 Nam‘
2240 5467 2342 5520 etsi

783 5552 852 5606 de
875 5555 993 5610 aliis
1023 5556 1226 5611 dictum
1260 5556 1363 5612 fuit
1392 5557 1523 5612 illud
1548 5596 1563 5620 ,
1618 5575 1636 5606 ι
1671 5555 1986 5613 lnhabitabo
2033 5557 2086 5611 in
2135 5560 2240 5614 illis
2287 5567 2340 5614 et

788 5642 1150 5716 inambulabo,
1181 5655 1234 5702 et
1262 5662 1355 5701 ero
1390 5648 1606 5700 illorum
1636 5643 1866 5710 Deus,et
1895 5635 1996 5718 ipsi
2029 5658 2188 5704 erunt
2206 5650 2339 5703 mihi

785 5731 1016 5806 Ῥορυίυε
1042 5737 1113 5804 ³¹;
1153 5757 1171 5788 ι
1205 5747 1259 5791 at
1289 5754 1396 5793 non
1426 5738 1647 5809 perinde
1678 5738 1730 5792 in
1762 5739 1895 5808 ipsis
1923 5740 2126 5794 habitat
2150 5750 2201 5796 et
2223 5757 2338 5795 am-

2535 3300 2552 3332 ι
2577 3264 2662 3333 Ἐν
2694 3279 2772 3350 τῷ
2794 3279 3118 3333 διαστέλλειν
3148 3279 3237 3331 τὸν
3265 3279 3511 3348 οὐράνιον
3544 3277 3779 3348 βασιλεῖς
3811 3281 3896 3332 ἐπ’
3920 3281 4022 3333 αὐ-

2443 3374 2565 3444 τὴν,
2603 3370 3024 3442 χιονωθήσονται
3051 3373 3107 3423 ὲν
3133 3370 3373 3440 Σελμών.
3398 3391 3414 3422 ι
3439 3372 3581 3422 Ἀντὶ
3615 3372 3728 3434 τοῦ,
3770 3392 3788 3424 ι
3813 3374 3899 3425 Ἐν
3939 3363 4024 3442 τῷ

2439 3465 2767 3518 διαστέλλειν
2787 3464 2878 3516 τὸν
2896 3462 3211 3533 ἐπουράνιον
3237 3483 3254 3513 ι
3288 3464 3380 3515 καὶ
3404 3463 3471 3515 τά
3502 3462 3646 3532 ἑξῆς,
3671 3466 3697 3516 6
3725 3463 4016 3535 Σύμμαχος

2439 3556 2623 3609 τοῦτον
2653 3557 2960 3626 ἡρμήνευσε
3002 3553 3093 3607 τὸν
3131 3554 3357 3621 τρόπον’
3401 3572 3418 3603 ι
3444 3553 3632 3606 Ὁπότε
3661 3554 4016 3624 κατεμέριζεν

2439 3651 2467 3702 6
2505 3648 2687 3709 ἱκανὸς
2718 3644 3020 3716 βασιλεύειν
3054 3645 3243 3715 αὐτὴν,
3288 3643 3360 3705 ώς
3410 3643 3737 3714 χιονισθεῖσα
3768 3641 3855 3715 ἦν.
3889 3642 4020 3695 Σελ-

2445 3739 2558 3809 μὼν
2603 3739 2726 3808 ὅρος
2771 3736 2928 3799 Θεοῦ,
2969 3737 3092 3808 ὅρος
3146 3736 3450 3806 εὐτροφὶας,
3487 3735 3611 3806 ϐρος
3660 3723 4014 3805 ὑψηλότατον,

2440 3833 2564 3902 δρος
2606 3829 2922 3899 εὐτροφίας·
2958 3830 3037 3890 είς
3077 3827 3129 3878 τί
3177 3825 3662 3896 περισπουδάζεται
3709 3825 3776 3877 τὰ
3816 3825 3915 3894 ὅρη
3937 3825 4008 3878 τά

2443 3921 2655 3992 ὑψηλάς
2687 3920 2758 3972 Τὸ
2794 3919 2917 3989 ὅρος
2948 3921 3082 3988 ὅπερ
3114 3917 3375 3987 ἐπόθησεν
3407 3919 3435 3967 6
3467 3917 3596 3979 Θεὸς
3633 3918 3712 3978 είς
3743 3917 3805 3968 τὸ
3831 3932 4015 3969 κατοι-

2444 4018 2558 4068 κεῖν
2606 4016 2663 4065 ὲν
2708 4012 2873 4081 αὐτῷ,
2905 4012 2998 4064 καὶ
3025 4009 3224 4082 Κύριος
3251 4008 3660 4079 κατασκηνώσει
3687 4010 3764 4071 είς
3785 4008 3955 4072 τέλος.
3988 4029 4007 4058 ι

2445 4105 2694 4158 Διδάσκει
2727 4104 2782 4156 δὲ
2796 4094 2842 4156 ”ό
2870 4101 3042 4170 λόγος,
3076 4101 3149 4163 ὼς
3180 4101 3286 4172 ἄρα
3325 4099 3464 4152 κατὰ
3499 4099 3588 4151 τὸν
3613 4101 3797 4168 καιρὸν
3826 4100 3882 4152 ὲν
3908 4093 3952 4166 ᾧ
3983 4102 4014 4152 6

2446 4198 2784 4269 ἐπουράνιος,
2812 4195 3008 4264 δηλαδὴ
3037 4197 3064 4247 6
3084 4195 3191 4247 τῶν
3212 4195 3267 4245 ὲν
3289 4194 3532 4264 οὐρανοῖς
3551 4191 3838 4245 οἰκούντων
3858 4191 4009 4256 Θεὸς,
4053 4204 4056 4206 ’

2446 4289 2542 4359 τὴν
2590 4287 2972 4360 προλεχθεῖσαν
3021 4285 3345 4356 περιστερὰν
3395 4283 3719 4353 κατεμέριζε
3753 4285 3865 4346 τοῖς
3919 4286 4010 4335 ἐπὶ

2446 4381 2544 4449 τῆς
2585 4381 2686 4448 γῆς
2737 4376 3032 4446 βασιλεῦσι,
3064 4376 3302 4428 τουτέστι
3327 4378 3438 4438 τοῖς
3467 4375 3522 4425 ὲν
3561 4377 3624 4443 τῇ
3655 4364 3724 4445 γῖῇ
3766 4375 4009 4444 μετόχοις

2447 4470 2547 4538 τῆς
2579 4467 2740 4520 αὐτοῦ
2787 4465 3077 4535 βασιλείας,
3114 4465 3420 4535 (προφῆται
3466 4463 3521 4515 δὲ
3565 4460 3706 4532 ἦσαν
3737 4455 3899 4525 οὗτοι,
3928 4461 4008 4514 δί-

2449 4560 2592 4614 καιοί
2623 4575 2680 4610 τε
2708 4558 2800 4610 καὶ
2825 4555 3084 4623 θεοφιλεῖς
3105 4555 3309 4625 ἀνδρες,
3340 4555 3390 4605 οἴ
3412 4572 3468 4606 τε
3496 4553 3730 4624 μαθηταὶ
3757 4554 3850 4606 καί
3876 4549 4011 4604 ἀπό-

2453 4650 2624 4701 στολοι
2657 4647 2748 4699 τοῦ
2778 4647 3023 4716 Σωτῆρος
3051 4644 3228 4714 ήμῶν,
3260 4641 3340 4707 οἷς
3371 4644 3430 4696 τὸ
3464 4643 3683 4714 Πνεῦμα
3714 4644 3774 4697 τὸ
3799 4645 3952 4710 ἅγιον
3981 4643 4009 4693 6

2449 4742 2578 4804 Θεὸς
2607 4741 2905 4812 διεμέριζεν
2929 4739 2957 4789 6
2983 4737 3111 4790 ὲπού
3123 4738 3345 4808 ρανιος,)
3368 4736 3540 4806 χιόνος
3561 4737 3714 4806 δίκην
3740 4732 4012 4805 ἐλαμπρύ-

2449 4849 2601 4884 νοντο
2628 4835 2677 4884 οἱ
2711 4831 2818 4883 τῶν
2845 4827 2938 4882 τοῦ
2968 4827 3109 4881 θείου
3139 4828 3451 4898 Πνεύματος
3510 4825 3859 4898 χαρισμάτων
3888 4841 4012 4878 κατ-

2449 4921 2770 4992 αξιούμενοι.
2816 4918 2906 4972 Διὸ
2921 4916 3182 4971 λέλεκται·
3217 4919 3362 4970 «Ἵνα
3387 4916 3439 4968 τί
3477 4913 3879 4985 ὑπολαμϐάνετε
3910 4913 4008 4984 ὅρη

2449 5012 2830 5083 τετυρωμένα;
2855 5029 2871 5060 ι
2893 5010 3278 5079 Ἐπιτιμῶντος
3303 5008 3396 5061 τοῦ
3429 5007 3585 5073 λόγου
3614 5008 3723 5067 τοῖς
3753 5005 3936 5074 ἓτερόν
3958 5022 4009 5057 τι

2450 5104 2756 5174 νομίζουσιν
2784 5104 2965 5173 ὅμοιον
2995 5102 3141 5171 αὐτῷ
3169 5098 3324 5154 εῖναι.
3345 5097 3610 5164 Ἐπιλέγει
3633 5097 3688 5149 δὲ
3711 5098 3802 5149 καὶ
3833 5096 4009 5149 αἰτίαν

2449 5194 2513 5246 δι’
2545 5196 2610 5266 ἢν
2637 5197 2697 5248 οὐ
2729 5195 2988 5265 προσήκει
3015 5191 3498 5260 ἀντιπαραϐάλλειν
3520 5187 3666 5259 αὐτῷ
3697 5190 3878 5260 ἕτερον
3897 5205 3909 5217 °
3933 5187 4009 5240 διό

2453 5303 2478 5334 ο
2499 5303 2583 5355 ησι
2603 5304 2616 5316 ο
2651 5306 2668 5337 ι
2697 5287 2768 5339 Τὸ
2804 5287 2927 5358 ὅρος
2955 5285 2982 5336 ὃ
3009 5284 3303 5353 ηὐδόκησεν
3331 5284 3358 5333 6
3392 5281 3521 5345 Θεὸς
3546 5284 3816 5340 κατοικεῖν
3845 5281 3901 5332 ὲν
3921 5277 4011 5332 αῦ-

2449 5377 2556 5446 τῷ·
2590 5379 2682 5430 καὶ
2723 5379 2831 5447 γὰρ
2882 5378 2910 5427 6
2956 5375 3158 5446 Κύριος
3208 5373 3615 5445 κατασκηνώσει
3661 5378 3738 5436 είς
3781 5373 3953 5428 τέλος.
3984 5389 4004 5421 ι

2447 5470 2621 5523 Μόνον
2656 5471 2763 5540 γάρ
2792 5474 2906 5522 ἐστι
2933 5468 3090 5520 τοῦτο
3120 5469 3175 5519 ὲν
3202 5460 3245 5535 ᾧ
3266 5467 3562 5536 ηὐδόκησεν
3599 5469 3627 5519 6
3662 5467 3792 5528 Θεὸς
3824 5479 4008 5517 κατοι-

2448 5565 2579 5623 κεῖν,
2611 5564 2702 5614 καὶ
2729 5564 2784 5613 ὲν
2808 5557 2849 5628 ᾧ
2877 5565 2904 5614 6
2935 5561 3122 5630 Πατὴρ
3148 5560 3474 5626 κατασκηνοί
3501 5559 3580 5618 είς
3606 5556 3860 5624 ἀπείρους
3885 5551 4007 5606 alt?)-

2445 5669 2568 5713 νας·
2600 5651 2679 5702 διὸ
2719 5651 2777 5701 οὐ
2826 5651 3088 5719 προσήκει
3117 5648 3300 5716 ἕτερον
3327 5642 3811 5714 ἀντιπαραϐάλλειν
3837 5639 4004 5712 αὐτῷ.

2444 5742 2506 5794 Et
2537 5741 2644 5810 γὰρ
2672 5741 2765 5793 καὶ
2805 5739 3049 5791 λέλεκται
3085 5739 3210 5808 περὶ
3242 5737 3441 5806 ἑτέρων
3468 5735 3552 5799 τὸ,
3588 5753 3607 5786 ι
3632 5734 3926 5808 Ἐνοικήσω
3946 5733 4004 5784 ἐν

863 5889 906 5921 ’θ
935 5887 1074 5944 Psal.
1121 5906 1250 5954 xm,
1286 5892 1374 5944 3L
1456 5895 1494 5926 ³¹
1522 5891 1665 5948 Psal.
1707 5910 1781 5958 ιι,
1815 5894 1862 5944 '7.
1940 5896 1983 5926 ³²
2009 5894 2179 5952 Levit.
2211 5913 2359 5962 nvi,
2394 5895 2495 5964 12;
2534 5893 2561 5948 ll

1286 5892 1374 5944 3L
1456 5895 1494 5926 "
1522 5891 1665 5948 Psal.
1707 5910 1781 5958 ιι,
1815 5894 1862 5944 7.
1940 5896 1983 5926 ³²
2009 5894 2179 5952 Levit.
2211 5913 2359 5962 nvi,
2394 5895 2495 5964 12.;
2534 5893 2572 5948 ll
2605 5897 2730 5950 Cor.
2770 5910 2841 5958 vi,
2887 5892 2972 5948 l6.
