4300 6398
250 498 344 554 τοι

1369 491 1874 549 COMMENTARIA
1911 492 1977 546 IN
2017 491 2356 549 PSALMOS.

3379 496 3481 553 ’ΖΜ

248 619 432 682 αὐτοῖς
471 618 565 673 καὶ
611 615 1062 688 ἐμπεριπατήσω,
1089 612 1183 666 καὶ
1214 610 1406 681 ἔσομαι
1449 611 1626 664 αὐτῶν
1665 609 1816 673 Θεὸς,
1848 609 1946 684 ΑΕ

1779 627 1816 673 ς,
1848 629 1893 684 Α
1921 609 2092 673 bulat,
2125 617 2287 680 atque
2322 610 2376 664 in
2403 617 2584 665 monte
2611 625 2717 665 suo
2760 628 2777 665 :
2815 610 3013 666 etenim
3047 610 3208 667 Pater
3236 613 3290 667 in
3320 611 3477 678 Filio,

247 711 343 766 καὶ
371 711 527 765 αὐτοὶ
569 708 778 762 ἔσονταί
828 724 928 778 μου
957 705 1113 767 λαός’
1154 722 1171 753 ι
1212 701 1324 755 ἀλλ’
1349 702 1448 770 οὐχ
1479 699 1650 763 οὕτως
1682 701 1818 753 ἐνοι-

248 805 335 857 κεῖ
367 802 458 855 καὶ
484 802 847 872 ὲμπεριπατεῖ
874 798 931 852 ὲν
962 795 1189 857 τούτοις,
1214 793 1288 855 ὡς
1310 795 1366 845 ἐν
1394 792 1468 863 τῷ
1491 791 1654 844 αὑτοῦ
1679 791 1814 863 ὀρει-

246 897 276 950 6
300 895 410 967 γὰρ
433 893 620 964 Πατὴρ
641 893 697 944 ὲν
723 890 797 961 τῷ
820 887 931 959 Υἱῷ
962 887 1053 941 καὶ
1074 887 1102 938 6
1140 885 1264 947 Υἱὸς
1287 886 1342 936 ὲν
1362 881 1440 954 τῷ
1460 882 1632 953 Πατρί
1647 899 1660 912 ·
1691 903 1708 932 ι
1728 882 1821 935 καὶ

249 988 308 1041 ὲν
336 986 486 1058 αὐτῷ
513 984 779 1058 ηὐδόκησε
805 984 911 1036 πᾶν
936 980 996 1032 τὸ
1011 979 1117 1049 πλή
1127 993 1284 1056 ρωμᾳ¹
1307 976 1406 1046 τῆς
1427 974 1676 1044 θεότητος
1697 990 1823 1026 κατ-

247 1077 472 1147 οικῆσαι
490 1093 503 1107 °
540 1095 560 1129 ι
588 1075 682 1129 καὶ
705 1074 763 1127 οὐ
807 1072 936 1125 ποτὲ
986 1071 1082 1142 μὲν
1109 1067 1320 1139 ᾤκησεν
1348 1069 1404 1119 ὲν
1433 1065 1600 1135 αὐτῷ,
1633 1063 1819 1118 ἄλλοτε

249 1170 308 1225 δὲ
334 1168 499 1224 αὐτοῦ
528 1168 737 1238 ἀπέστη
755 1183 768 1195 ο
798 1163 910 1219 ἀλλ’
941 1165 1020 1225 εἰς
1049 1163 1106 1215 τὸ
1133 1163 1354 1231 ἄπειρον
1377 1158 1526 1220 τέλος
1551 1157 1636 1210 ἀεὶ¹
1660 1159 1688 1210 6
1717 1157 1824 1207 Ha.-

250 1261 356 1334 τηρ
375 1262 433 1315 ὲν
453 1259 531 1330 τῷ
556 1257 668 1328 Υίῷ
689 1259 946 1310 κατοικεῖ.
966 1255 1135 1316 Αὐτὸς
1154 1252 1209 1305 δέ
1235 1255 1378 1304 ἐστιν
1402 1251 1435 1320 ὴ
1460 1250 1644 1319 εἰρήνη
1667 1245 1822 1316 ἡμῶν

255 1352 398 1406 κατὰ
417 1351 509 1405 τὸν
537 1348 870 1404 ’Δπόστολον.
890 1347 979 1399 Διὸ
998 1347 1091 1400 καὶ
1106 1341 1332 1414 Σαλμὼν
1351 1339 1470 1412 (sic)
1492 1339 1822 1408 ὠνόμασται,

1923 707 1977 754 et
2004 699 2176 756 Filius
2218 703 2273 756 in
2316 700 2500 765 Patre,
2545 719 2562 752 ι
2597 701 2732 756 etin
2760 702 2878 772 ipso
2911 704 3238 772 complacuit
3270 719 3483 760 omnem

1925 792 2314 861 plenitudinem
2335 792 2635 848 divinitatis
2667 793 2965 848 inhabitare
2985 795 3029 825 "
3058 812 3071 850 :
3099 814 3118 846 ›
3147 811 3322 865 neque
3341 797 3485 851 enim

1927 884 2088 938 modo
2118 883 2381 951 habitavit
2411 885 2466 940 in
2499 885 2613 950 illo,
2651 886 2810 941 modo
2839 887 3065 942 recessit
3097 888 3164 947 ab
3191 902 3291 952 eo;
3316 889 3409 943 sed
3433 889 3486 942 in

1929 974 2197 1029 inﬁnitum
2234 991 2297 1030 ac
2329 992 2543 1047 semper
2567 977 2727 1033 Pater
2757 979 2813 1033 in
2852 977 2987 1032 Filio
3029 977 3311 1032 inhabitat.
3367 976 3489 1049 Ipse

1928 1074 2106 1120 autem
2123 1077 2205 1121 est
2225 1083 2327 1137 pax
2342 1077 2549 1130 nostra,
2576 1071 2878 1125 secundum
2896 1069 3210 1140 Apostolum
3225 1070 3285 1122 “.
3309 1068 3490 1134 Quare

1931 1155 2148 1211 Szlmon
2176 1165 2425 1240 vocat-ur,
2467 1159 2520 1214 id
2542 1167 2659 1225 est,
2689 1160 2836 1227 Pax;
2868 1170 2923 1214 et
2956 1161 3108 1215 locus
3146 1158 3239 1213 Dei
3269 1175 3370 1229 pax
3402 1159 3489 1212 di-

1929 1247 2106 1310 citur,
2169 1248 2466 1303 secundum
2517 1248 2691 1316 illud,
2751 1267 2770 1300 ι
2813 1248 2871 1303 ln
2927 1264 3060 1320 pace
3109 1256 3297 1304 sancta
3339 1247 3491 1303 locus

1929 1337 2047 1406 ejus
2076 1337 2138 1392 ³⁸.
2169 1359 2189 1390 ι

254 1446 395 1516 ὅπερ
422 1445 568 1496 ἐστὶν
592 1443 827 1513 Εἰρήνη’
858 1439 952 1493 καὶ
985 1439 1148 1501 τόπος
1176 1435 1270 1490 τοῦ
1299 1434 1430 1489 Θεοῦ
1460 1434 1493 1503 ή
1524 1431 1712 1502 εἰρήνη
1747 1427 2011 1492 λέλεκται,
2043 1429 2182 1482 κατὰ
2210 1431 2291 1494 τὺ,
2329 1451 2346 1483 ι
2372 1433 2460 1486 Ἐν
2492 1433 2680 1504 εἰρήνῃ
2713 1432 2841 1504 ἁγίᾳ
2884 1433 2912 1484 6
2946 1433 3110 1493 τόπος
3139 1431 3324 1484 αὑτοῦ.
3363 1451 3380 1478 ι

335 1555 352 1588 ι
389 1535 462 1589 T6
490 1534 642 1606 ἅρμα
672 1531 767 1586 τοῦ
815 1531 947 1585 Θεοῦ
983 1529 1390 1602 μυριοπλάσιον,
1419 1525 1650 1596 χιλιάδες
1675 1519 1830 1590 εὐθη-

258 1626 511 1682 νούντων·
528 1624 729 1696 Κύριος
759 1625 816 1678 ὲν
845 1624 1026 1685 αὐτοῖς
1049 1623 1108 1675 ἐν
1125 1619 1274 1674 Σιναῒ
1289 1621 1347 1672 ὲν
1367 1617 1444 1688 τῷ
1468 1609 1624 1686 ἁγίῳ.
1642 1637 1658 1665 ι
1680 1615 1833 1666 Ἀπο-

257 1719 381 1781 δοὺς
417 1719 445 1771 6
473 1718 630 1786 λόγος
667 1716 887 1788 πρώτην
921 1714 1018 1785 τήν
1049 1714 1177 1784 περὶ
1205 1708 1297 1764 τοῦ
1331 1711 1490 1778 ἁγίου
1517 1706 1831 1777 Πνεύματος

259 1807 607 1864 διδασκαλίαν
633 1806 719 1859 διὰ
747 1805 846 1875 τῆς
875 1803 1222 1874 περιστερᾶς,
1250 1800 1436 1853 ἔπειτα
1464 1798 1558 1869 τὴν
1587 1797 1830 1869 περὶτοῦ

263 1899 393 1954 Υίοῦ
425 1899 512 1952 διὰ
554 1896 646 1951 τοῦ
677 1896 834 1968 ὅρους
858 1894 950 1947 τοῦ
979 1893 1134 1958 Θεοῦ,
1167 1891 1480 1946 καταϐαίνει
1519 1889 1700 1943 λοιπὸν
1743 1889 1832 1940 ἐπὶ
1866 1928 1907 1986 Β

262 1992 360 2056 τὰς
385 1987 784 2060 ὑποϐεϐηκυίας
810 1987 1065 2056 δυνάμεις
1084 2002 1096 2015 ·
1123 1983 1410 2056 παριστὰς,
1437 1985 1539 2045 ὅτι,
1574 1984 1622 2034 εί
1647 1981 1739 2033 καὶ
1764 1980 1832 2033 τὰ

268 2080 503 2154 μάλιστα
527 2079 586 2132 τὸ
617 2078 742 2149 ὅρος
785 2076 846 2129 τὸ
887 2075 1143 2128 άποδοθὲν
1189 2073 1424 2127 τοιοῦτον
1454 2074 1726 2142 τυγχάνει,
1758 2071 1833 2133 ὼς

267 2177 323 2227 ὲν
370 2171 519 2242 αὐτῷ
567 2173 840 2224 κατοικεῖν
887 2168 994 2220 πᾶν
1039 2168 1098 2219 τὸ
1141 2165 1414 2236 πλήρωμα
1439 2166 1536 2235 τῆς
1564 2163 1833 2232 πατρικῆς

268 2263 540 2336 θεότητος,
559 2262 671 2316 ἀλλ’
688 2264 748 2315 οὐ
779 2262 934 2334 μόνον
958 2260 1112 2313 τοῦτο
1142 2258 1328 2328 κτῆμά
1349 2260 1465 2309 ἐστι
1488 2255 1580 2309 τοῦ
1603 2254 1832 2324 Πατρὸς,

269 2345 380 2429 ἔχει
423 2357 479 2410 δὲ
503 2357 616 2409 καὶ
639 2354 803 2415 ἄλλας
832 2351 1228 2424 ὑποϐεϐηκυίας
1269 2347 1576 2410 διακονικὰς
1609 2345 1701 2399 καὶ
1735 2345 1838 2397 λει-

267 2447 563 2519 τουργικὰς
585 2447 858 2516 δυνάμεις,
885 2445 950 2508 ἃς
987 2444 1181 2515 μυρίας
1207 2440 1374 2504 οὔσας
1411 2440 1504 2494 καὶ
1530 2438 1746 2501 πολλὰς,
1769 2439 1836 2508 τῇ

270 2558 329 2593 τε
355 2536 907 2610 ἀρετῇιδιαφερούσας
933 2537 1021 2605 ὑφ’
1050 2537 1144 2588 ἕνα
1186 2519 1346 2602 ζυγὸν
1376 2531 1836 2601 καταδησάμενος,

270 2631 423 2703 ἅρμα
449 2628 622 2698 ἑαυτῷ
644 2628 962 2694 κατέζευξεν
987 2631 1014 2680 6
1031 2627 1406 2698 παμϐασιλεὺς
1445 2625 1595 2686 Θεὸς,
1629 2623 1714 2690 ὑφ’
1732 2624 1840 2691 ήνι-

272 2721 380 2793 ὁχῳ
410 2720 488 2790 τῷ
517 2722 809 2787 Μονογενεῖ
837 2718 996 2771 αὑτοῦ
1029 2718 1201 2787 Λόγῳ.
1225 2716 1298 2768 Τὸ
1323 2716 1379 2768 δὲ
1406 2714 1607 2767 τούτων
1641 2711 1838 2782 πλῆθος

275 2815 366 2867 καὶ
395 2812 591 2882 Δανιὴλ
617 2813 644 2864 6
670 2813 949 2882 προφήτης
984 2812 1040 2863 ὲν
1067 2812 1132 2880 τῇ
1165 2807 1387 2879 θεοπτίᾳ
1430 2807 1721 2877 παρίστησι
1754 2803 1842 2855 λέ-

271 2919 411 2974 γων·
443 2922 461 2954 ι
483 2903 686 2975 Μύριαι
715 2902 969 2974 μυριάδες
989 2900 1362 2972 ἐλειτούργουν
1392 2897 1842 2975 αύτῷ,κα“ιχίλιαι

276 2969 511 3069 χιλιάδες
536 2969 990 3068 παρειστήκεισαν
1017 2969 1320 3066 ἔμπροσθεν
1350 2991 1530 3045 αὑτοῦ.
1565 3011 1582 3041 ι
1600 2985 1668 3061 ᾯ
1703 2969 1842 3060 συμ-

278 3086 469 3159 φώνως
495 3089 587 3141 καὶ
619 3087 711 3140 νῦν
746 3087 991 3141 λέλεκται
1009 3104 1022 3117 ·
1056 3105 1074 3137 ι
1097 3085 1170 3138 T6
1195 3087 1344 3156 ἅρμα
1372 3083 1463 3137 τοῦ
1491 3083 1625 3137 Θεοῦ
1663 3099 1845 3153 μυριο-

278 3181 525 3242 πλάσιον,
563 3179 798 3249 χιλιάδες
829 3177 1214 3248 εὐθηνούντων.
1247 3196 1264 3227 ι
1286 3175 1422 3228 Ἀνθ’
1452 3167 1511 3227 οὗ
1552 3176 1580 3227 6
1621 3173 1846 3243 Σύμμα-

2003 1522 2170 1577 νιιιιε.
2208 1523 2294 1577 18.
2319 1543 2338 1573 ι
2363 1523 2570 1591 Currus
2595 1525 2686 1581 Dei
2709 1526 2895 1581 decem
2927 1527 3166 1580 millibus
3193 1525 3492 1594 multiplex,

1932 1615 2098 1668 millia
2128 1617 2444 1678 laetantium,
2475 1615 2737 1671 Dominus
2769 1619 2823 1671 in
2850 1618 2952 1683 eis,
2993 1618 3048 1671 in
3078 1615 3248 1680 Sinai,
3283 1616 3338 1669 in
3365 1631 3495 1670 san-

1933 1717 2038 1763 cto.
2083 1728 2101 1760 ›
2140 1707 2270 1763 Post
2296 1708 2522 1778 primam
2555 1707 2809 1762 traditam
2837 1708 2905 1764 de
2935 1707 3143 1778 Spiritu
3184 1716 3373 1784 sancto
3401 1706 3498 1759 do-

1933 1800 2163 1854 ctrinam
2196 1816 2290 1870 per
2317 1799 2584 1853 columbae
2609 1799 3021 1854 similitudinem
3043 1839 3058 1864 ,
3102 1799 3406 1869 deindeque
3433 1799 3499 1853 de

1935 1888 2070 1944 Filio
2103 1905 2198 1960 per
2225 1889 2450 1959 ﬁguram
2483 1890 2680 1943 montis
2711 1888 2835 1953 Dei,
2869 1889 2935 1943 ad
2971 1888 3256 1942 inferiores
3281 1889 3499 1943 demum

1939 1988 2234 2051 potestates
2260 1980 2541 2037 descendit
2571 1998 2584 2048 ;
2614 1980 2918 2044 declarans,
2955 1978 3166 2033 etiamsi
3210 1992 3367 2032 mons
3411 1979 3501 2032 ille

1939 2083 2270 2130 memoratus
2321 2075 2633 2145 hujusmodi
2663 2075 2793 2140 'sit,
2855 2080 2914 2128 ut
2963 2073 3018 2126 in
3071 2071 3189 2142 ipso
3241 2070 3501 2124 inhabitet

1940 2166 2118 2220 omnis
2162 2165 2444 2235 plenitudo
2476 2175 2714 2236 paternae
2737 2164 3069 2226 divinitatis,
3101 2178 3209 2216 non
3250 2177 3371 2216 esse
3413 2169 3499 2213 ta-

1940 2269 2062 2308 men
2097 2257 2267 2310 solam
2317 2254 2496 2310 Patris
2536 2255 2975 2326 possessionem;
3023 2255 3118 2308 sed
3148 2255 3323 2324 ipsum
3369 2252 3502 2305 alias

1943 2344 2140 2398 habere
2171 2344 2523 2399 administras
2544 2325 2602 2399 et
2631 2344 2877 2399 subditas
2908 2343 3156 2403 virtutes.
3191 2358 3349 2412 quas,
3380 2325 3506 2398 licet

1942 2429 2154 2485 inﬁnito
2184 2446 2412 2486 numero
2435 2430 2757 2499 sint,'atque
2791 2429 2989 2483 virtute
3029 2435 3371 2498 praestantes,
3402 2426 3507 2481 sub

1943 2537 2053 2576 uno
2077 2524 2209 2592 jugo
2233 2522 2495 2591 colligans
2523 2520 2765 2574 omnium
2785 2535 2878 2573 rex
2911 2519 2998 2572 ille
3026 2516 3167 2572 Deus
3196 2516 3379 2570 currui
3405 2515 3507 2571 ade

1939 2613 2120 2684 junxit
2153 2628 2273 2676 suo,
2309 2613 2590 2681 aurigante
2616 2610 2906 2680 Unigenito
2931 2607 3106 2663 Verbo
3130 2622 3249 2662 suo.
3301 2606 3508 2660 Harum

1945 2717 2073 2756 vero
2105 2701 2505 2755 multitudinem
2549 2701 2605 2753 in
2645 2699 2827 2753 divina
2873 2714 2968 2753 sua
3019 2698 3228 2752 visione
3270 2696 3510 2751 declarat

1946 2792 2154 2857 Daniel,
2183 2793 2369 2848 dicens
2401 2814 2413 2848 :
2457 2811 2475 2843 ι
2506 2791 2695 2846 Decies
2727 2791 2940 2850 millies~
2960 2792 3098 2844 dena
3136 2791 3300 2843 millia
3348 2789 3510 2845 mini~

1947 2896 2192 2952 strabant
2218 2895 2289 2957 ei,
2315 2901 2367 2947 et
2389 2892 2558 2946 millia
2590 2890 2819 2944 millium
2847 2889 3099 2944 astabant
3133 2888 3186 2941 in
3214 2895 3510 2959 conspectu

1949 2989 2068 3057 ejus
2097 2989 2164 3044 “.
2201 3007 2221 3040 ι
2257 2987 2356 3042 Cui
2383 2984 2583 3039 accinit
2611 2983 2700 3046 hic
2727 2983 2879 3037 locus
2910 2999 2922 3035 :
2967 3000 2984 3032 ι
3022 2981 3229 3036 Currus
3255 2980 3344 3034 Dei
3377 2981 3512 3033 mul-

1950 3083 2114 3153 tiplex
2145 3079 2315 3135 millia
2354 3077 2672 3148 letantium.
2704 3095 2722 3128 ι
2775 3075 2881 3129 Pro
2911 3089 3017 3144 quo
3047 3069 3402 3143 SymmaChus
3431 3073 3512 3126 sic

1952 3176 2360 3245 interpretatur,
2398 3170 2662 3227 :Vectura
2690 3167 2785 3223 Dei
2816 3167 3078 3222 denorum
3108 3164 3354 3228 millium,
3390 3162 3511 3217 mil-

280 3291 373 3345 χος
399 3273 766 3345 ἡρμήνευσεν·
799 3268 1059 3342 ςὈχησις
1083 3267 1174 3321 τοῦ
1198 3267 1331 3320 Θεοῦ
1356 3266 1646 3337 μυριάδων,
1675 3263 1848 3334 χιλιά-
1875 3281 1918 3337 C
1952 3269 1978 3322 |1

1811 3281 1848 3315 ιο
1875 3281 1918 3337 c
1952 3269 2022 3322 lia
2054 3267 2387 3322 sonantium.
2418 3282 2440 3315 ι
2482 3259 2622 3328 Quid
2653 3259 2807 3324 illud,
2841 3277 2858 3309 ι
2883 3257 3246 3318 sonantium,»
3280 3255 3385 3309 nisi
3412 3269 3509 3308 vo-

281 3368 370 3430 δες
419 3365 713 3436 ἠχούντων.
743 3382 762 3414 ι
802 3363 866 3415 Τί
916 3362 971 3414 δὲ
1007 3381 1023 3412 ι
1055 3361 1326 3430 ἠχούντων
1356 3379 1373 3409 ι
1405 3360 1437 3429 ἢ
1487 3358 1700 3420 πάντως
1747 3373 1846 3409 που

285 3458 467 3529 φωνάς
498 3458 722 3529 πλήρεις
750 3454 1053 3524 δοξολογίας
1085 3455 1177 3506 καὶ
1205 3452 1508 3520 θεολογίας;
1543 3445 1642 3504 Οἷα
1666 3449 1757 3502 καὶ
1781 3448 1849 3502 τὰ

285 3548 555 3619 σεραφεὶμ
577 3549 989 3617 ἀναγέγραπται
1016 3544 1166 3615 παρὰ
1193 3543 1270 3613 τῷ
1305 3543 1500 3612 Ἡσαΐᾳ
1531 3541 1733 3611 βοῶντα
1758 3540 1851 3592 καὶ

283 3638 508 3708 λέγοντα
526 3655 538 3668 ·
569 3656 589 3689 ι
605 3639 809 3705 Ἀγιος,
837 3637 1007 3704 ἅγιος,
1040 3634 1192 3702 ἅγιος
1217 3632 1419 3704 Κύριος
1448 3629 1692 3695 Σαϐαὼθ,
1715 3630 1853 3701 πλή-

289 3749 388 3804 ρης
422 3731 571 3783 πᾶσα
597 3731 630 3800 ὴ
656 3731 725 3798 γῆ
753 3728 853 3798 τῆς
871 3727 1028 3797 δόξης
1047 3725 1229 3779 αὐτοῦ.
1261 3743 1278 3776 ι
1300 3725 1386 3777 Ἐν
1407 3723 1626 3785 ταύταις
1648 3723 1703 3775 δὲ
1732 3726 1852 3787 ταῖς

286 3822 488 3894 χιλιάσι
551 3821 645 3876 καὶ
693 3822 814 3884 ταῖς
867 3818 1090 3890 μυριάσι
1132 3820 1253 3880 ταῖς
1304 3814 1734 3886 ὑπεζευγμέναις
1775 3815 1854 3886 τῷ

288 3915 491 3989 ἅρματι
519 3911 612 3967 τοῦ
643 3911 778 3966 Θεοῦ
820 3912 914 3964 καὶ⁴
941 3911 1100 3974 αὐτὸς
1141 3912 1169 3963 6
1203 3907 1405 3980 Κύριος
1432 3907 1592 3978 μέσος
1633 3907 1855 3977 ἐμπολι-

285 4007 523 4072 τεύεται,
555 4002 742 4074 ὥσπερ
771 4001 999 4075 ἡνιοχῶν
1027 4001 1195 4064 αὐτὰς
1223 4003 1314 4054 καὶ
1339 3996 1416 4070 τῷ
1449 3999 1722 4068 Πνεύματι
1751 4016 1855 4050 πα·-

291 4095 661 4168 ρασκευάζων.
709 4095 801 4148 Διὸ
843 4094 1169 4162 ὲπιλέγεται,
1213 4111 1232 4142 ι
1260 4092 1456 4162 Κύριος
1495 4092 1552 4143 ὲν
1600 4091 1798 4154 αὐτοῖς.
1829 4110 1848 4142 ι

289 4187 448 4251 Ποϊος
480 4187 553 4240 δὲη
569 4187 791 4258 Κύριος,
823 4185 1074 4256 σημαίνει
1102 4181 1305 4253 προῖὼν
1330 4183 1422 4235 καὶ
1444 4181 1692 4250 φάσκωνο
1727 4197 1746 4231 ι
1769 4182 1858 4232 Ἐν

290 4277 443 4333 Σινατ
473 4280 529 4331 ὲν
555 4277 819 4349 τῷάγίῳ.
853 4296 871 4328 ι
900 4275 1069 4337 Αὐτὸς
1093 4273 1202 4344 γάρ
1235 4275 1458 4336 ἐκεῖνος,
1493 4273 1679 4343 φησὶν,
1703 4274 1730 4328 6
1754 4271 1860 4325 Κύ-

292 4388 409 4448 ριος
444 4371 473 4422 6
514 4371 571 4423 ἑν
618 4369 768 4422 Σιναῒ
800 4368 878 4438 τῷ
904 4367 1043 4437 άγίῳ
1073 4365 1188 4438 ὄρει
1214 4355 1429 4433 ὀφθείς⁸
1466 4360 1533 4436 ἦν
1564 4364 1620 4418 δὲ
1651 4357 1802 4427 οὗτος
1829 4365 1857 4416 6

288 4462 385 4517 τοῦ
420 4460 553 4519 Θεοῦ
579 4460 771 4529 Λόγος,
804 4457 1003 4532 δηλαδὴ
1047 4462 1158 4522 τοῖς
1201 4457 1305 4511 ὑπὸ
1335 4457 1396 4510 τὸ
1421 4456 1572 4528 ἆρμα
1601 4456 1692 4510 τοῦ
1724 4453 1856 4507 Θεοῦ

289 4554 455 4626 ιζευγ
462 4553 657 4622 μένοις.
679 4551 768 4604 Διὸ
779 4551 839 4603 οὐ
860 4549 936 4621 τῷ
1130 4548 1536 4620 τετραγράμμῳ
1548 4547 1806 4616 κέχρηται
1823 4546 1854 4614 ή

1950 3377 2041 3414 ces
2069 3359 2318 3413 laudibus
2353 3355 2661 3424 divinisque
2684 3350 3027 3406 sermonibus
3053 3350 3240 3418 plenas
3269 3346 3515 3400 emitten-

1951 3451 2118 3507 tium?
2147 3448 2339 3515 Qualia
2369 3445 2640 3515 serapbim
2669 3442 2810 3512 apud
2835 3439 3030 3493 Isaiam
3078 3438 3314 3491 clamare
3340 3449 3401 3488 ac
3424 3434 3511 3488 di-

1951 3557 2073 3598 cere
2103 3541 2363 3609 scriptum
2387 3542 2470 3591 est
2501 3554 2513 3588 :
2553 3552 2570 3585 ι
2607 3530 2859 3593 Sanctus,
2887 3535 3132 3589 sanctus,
3156 3533 3378 3580 sanctus
3407 3521 3513 3576 Do-

1952 3633 2131 3687 minus
2157 3628 2414 3690 Sabaoth,
2435 3627 2593 3697 plena
2615 3632 2698 3681 est
2712 3623 2891 3679 omnis
2906 3628 3050 3675 terra
3078 3615 3250 3689 gloria
3274 3614 3392 3683 ejus
3409 3613 3473 3666 ³⁷.
3489 3631 3509 3665 ι

1953 3725 2096 3779 Inter
2146 3723 2261 3778 haec
2308 3721 2476 3775 millia
2516 3727 2569 3774 et
2595 3717 2733 3772 dena
2767 3715 2970 3778 millia,
3022 3727 3142 3782 qua:
3190 3709 3284 3764 Dei
3333 3709 3516 3761 currui

1950 3818 2141 3888 juncta
2170 3821 2328 3874 sunt,
2364 3812 2576 3867 medius
2602 3814 2852 3864 versatur
2881 3805 2998 3875 ipse
3032 3801 3294 3856 Dominus
3313 3839 3327 3863 ,
3358 3799 3515 3867 quasi

1957 3907 2212 3976 aurigans
2243 3919 2306 3958 ac
2334 3900 2559 3972 Spiritui
2589 3909 2897 3968 praeparans
2923 3896 3089 3962 ipsas.
3153 3888 3517 3955 Quamobrem

1957 3999 2322 4068 subjungitur,
2360 4013 2380 4046 ι
2412 3993 2671 4047 Dominus
2717 3989 2769 4042 in
2804 3987 2905 4041 eis.
2943 4004 2960 4036 ι
3014 3983 3118 4049 Qui
3153 3982 3224 4037 sit
3258 3979 3519 4033 Dominus

1958 4086 2186 4143 subinde
2208 4085 2447 4139 declarat
2481 4081 2564 4134 his
2588 4077 2786 4140 verbis,
2825 4093 2844 4127 ι
2882 4075 2940 4128 In
2975 4072 3148 4136 Sinai,
3181 4072 3236 4124 in
3272 4075 3513 4125 sancto.»

1958 4183 2087 4236 Nam
2116 4181 2248 4249 ipse,
2282 4176 2480 4246 inquit,
2513 4174 2774 4228 Dominus
2800 4180 2882 4226 est
2916 4171 3009 4239 qui
3042 4169 3095 4223 in
3125 4174 3306 4221 monte
3331 4172 3520 4218 sancto

1961 4271 2108 4325 Sinni
2137 4269 2287 4323 visus
2311 4274 2432 4333 est;
2466 4274 2582 4320 erat
2612 4272 2790 4319 autem
2820 4262 2908 4316 ille
2941 4259 3035 4313 Dei
3070 4257 3304 4311 Verbum
3327 4293 3341 4318 ,
3369 4254 3520 4307 visus

1959 4361 2163 4415 scilicet
2192 4358 2259 4412 iis
2288 4356 2381 4427 qui
2433 4357 2534 4411 sub
2562 4370 2727 4408 curru
2772 4351 2865 4405 Dei
2908 4351 3082 4419 juncti
3114 4354 3289 4401 erant.
3340 4343 3519 4408 Quare

1959 4451 2223 4507 Hebraica
2255 4451 2434 4514 lectio,
2476 4463 2585 4502 non
2634 4453 3048 4513 tetragrammo,
3087 4439 3200 4493 sive
3234 4450 3364 4490 voce
3391 4449 3521 4504 qua-

1959 4551 2083 4596 tuor
2103 4544 2404 4598 litterarum
2437 4540 2630 4602 utitur,
2660 4535 2754 4591 sed
2778 4534 3042 4587 elementa
3073 4528 3380 4583 communia
3414 4525 3522 4578 Do-

302 4613 562 4717 ’ἐϐραῖκὴ
593 4613 756 4708 λέξις,
789 4613 1068 4713 στοιχείοις
1095 4613 1159 4694 δὲ
1188 4613 1384 4704 κοινοίς
1409 4613 1730 4708 ἔτδνκερὶον
1759 4613 1857 4687 πεὲ
1889 4613 1934 4669 D
1961 4649 2000 4686 m

1815 4652 1857 4686 ε-
1889 4613 1934 4669 D
1961 4634 2164 4686 minum
2193 4645 2498 4686 memorans
2524 4628 2752 4695 usurpat
2777 4623 2833 4676 in
2852 4622 2964 4684 illo,
2996 4618 3288 4673 «Dominus
3307 4617 3360 4668 in
3381 4616 3513 4669 eis.»

295 4734 465 4812 ριέχει
508 4736 566 4788 ὲν
609 4733 706 4806 τῷ,
745 4752 763 4785 ι
789 4733 992 4806 Κύριος
1027 4735 1083 4787 ὲν
1133 4731 1335 4796 αὐτοῖς.
1369 4733 1513 4784 »Ἵνα
1541 4731 1648 4799 γὰρ
1675 4729 1856 4797 ἕτερον

292 4829 618 4902 παραστήσῃ
642 4825 828 4882 τοῦτον
859 4824 952 4877 τοῦ
981 4825 1235 4896 ἀνωτέρω
1276 4823 1361 4877 διὰ
1388 4820 1480 4874 τοῦ
1514 4817 1856 4889 τετραγράμ-

295 4939 396 4992 μου
424 4918 785 4994 σημανθέντος
812 4917 968 4980 Θεοῦ,
997 4918 1084 4970 ὅτε
1120 4916 1218 4986 μὲν
1251 4936 1268 4966 ‹
1296 4915 1356 4968 16
1378 4915 1526 4984 ἆρμα
1550 4909 1642 4962 τοῦ
1671 4908 1803 4960 Θεοῦ
1833 4927 1851 4958 ι

293 5012 528 5081 ἐλέγετο,
563 5009 650 5066 διὰ
696 5009 802 5062 τῶν
846 5009 1242 5078 άνεκφωνήτων
1277 5008 1403 5076 παρ’
1442 5001 1706 5073 Ἑϐραίοις
1739 4999 1859 5070 ἐδη-

291 5107 452 5163 λοῦτο
479 5105 754 5183 στοιχείων
776 5119 790 5135 ·
824 5103 941 5156 νυνὶ
972 5101 1028 5155 δὲ
1060 5103 1166 5164 τοῖς
1198 5098 1520 5169 κοινοτέροις
1550 5097 1860 5166 χαρακτῆρ-

293 5213 400 5262 σιν,
418 5191 498 5259 οἷς
523 5197 620 5250 καλ⁸
637 5197 665 5248 6
689 5197 818 5267 παρ’
845 5192 1152 5266 ἀνθρώποις
1171 5192 1442 5262 γράφεται
1464 5186 1530 5238 κύ
1541 5202 1668 5256 ριος.
1688 5187 1864 5260 Ἀκρι-

294 5280 406 5347 ϐὦς
437 5283 493 5336 δὲ
529 5285 619 5337 καὶ
643 5283 734 5336 τὸν
759 5283 920 5340 τόπον
944 5281 1364 5352 ἐπισημαίνεται
1387 5276 1476 5329 τὸν
1509 5295 1526 5326 ι
1555 5277 1612 5328 ἐν
1638 5274 1808 5339 Σιναῖ,
1836 5293 1854 5326 ι

297 5376 385 5430 ινα
427 5376 645 5446 σημήνῃ
670 5373 759 5428 τὸν
791 5376 882 5427 ἐπὶ
910 5375 1011 5444 γῆς
1049 5373 1280 5444 ὀφθέντα
1307 5369 1528 5439 Κύριον.
1563 5368 1771 5438 Σφόδρα
1805 5366 1860 5419 δὲ

303 5466 607 5530 ἀκολούθως
629 5450 865 5533 ἐπιλέγει
894 5463 1041 5533 ἐξῆς’
1305 5459 1312 5464 ’

411 5584 429 5615 ι
482 5561 725 5632 Ἀνέϐης.
770 5561 848 5623 εἰς
925 5557 1094 5626 ὕψος,
1163 5550 1585 5625 ᾐχμαλώτευσας
1654 5551 1856 5620 αἰχμα-

312 5656 538 5709 λωσίαν·
613 5651 800 5716 ἔλαϐες
865 5650 1071 5724 δόματα
1134 5647 1193 5698 ὲν
1248 5642 1573 5715 ἀνθρώποις.
1617 5659 1635 5691 ι
1679 5641 1856 5694 Αἰνετ-

1965 4724 2032 4779 Ut
2057 4725 2202 4779 enim
2248 4738 2370 4777 eum
2402 4720 2566 4773 alium
2590 4731 2711 4772 esse
2749 4714 3049 4769 declararet
3090 4711 3157 4764 ab
3185 4725 3270 4772 eo,
3303 4708 3393 4776 qui
3428 4721 3520 4759 su-

1960 4819 2142 4887 perius
2192 4831 2287 4885 per
2334 4826 2528 4866 nomen
2558 4815 2793 4879 quatuor
2823 4808 3124 4860 litterarum
3155 4800 3515 4860 indicabatur,

1963 4885 2093 4972 Deo,
2130 4919 2254 4960 cum
2288 4921 2307 4953 ι
2339 4915 2536 4955 currus
2567 4897 2660 4953 Dei
2697 4916 2716 4948 ι
2749 4896 3043 4958 diceretur,
3073 4889 3350 4945 elementis
3375 4885 3516 4955 apud

1959 5001 2210 5055 Hebraeos
2235 4992 2600 5048 ineﬂ‘abilibus
2622 5004 2755 5045 usus
2799 4995 2918 5052 est;
2950 4997 3094 5038 nunc
3115 4994 3244 5035 vero
3276 4991 3518 5051 commu-

1961 5092 2205 5150 nioribus
2235 5084 2664 5146 characteribus,
2711 5080 2909 5148 quibus
2960 5074 3230 5128 indicatur
3263 5068 3518 5123 dominus

1962 5183 2186 5254 quilibet
2215 5177 2355 5248 apud
2384 5177 2648 5230 homines.
2700 5169 2904 5222 Locum
2941 5168 3066 5251 item
3097 5168 3348 5218 accurate
3378 5156 3520 5212 indic

1962 5253 2066 5336 cat,
2104 5291 2122 5322 ι
2156 5272 2211 5326 in
2240 5268 2422 5333 Sinai,
2460 5287 2478 5319 ι
2511 5275 2570 5319 ut
2609 5263 2938 5334 signiﬁcaret
2971 5258 3254 5312 Dominum
3288 5253 3342 5305 in
3373 5259 3521 5304 terra

1963 5368 2159 5422 visum.
2228 5361 2430 5418 Deinde
2484 5354 2877 5425 consequenter
2935 5348 3222 5404 admodum
3283 5341 3451 5396 infert
3500 5356 3518 5396 :

2033 5546 2199 5600 Vens.
2228 5542 2319 5597 22.
2382 5559 2400 5590 ι
2439 5534 2745 5592 Ascendisti
2777 5533 2830 5607 in
2859 5529 3046 5588 altum,
3075 5522 3263 5592 cepisti
3296 5519 3521 5589 captivi-

1965 5646 2148 5707 tatem,
2184 5630 2438 5703 accepisti
2477 5624 2619 5681 dona
2668 5626 2724 5678 in
2764 5616 3092 5694 hominibus.
3132 5631 3148 5663 ι
3191 5612 3521 5666 Descensum

378 5887 420 5924 ⁸³
444 5890 652 5945 Coloss.
689 5906 724 5954 ι,
772 5890 854 5945 l9.
934 5891 978 5925 ιδ
998 5887 1195 5959 Ephes.
1233 5902 1296 5952 ιι,
1341 5885 1428 5942 Η.
1493 5863 1702 5938 “Psal.
1737 5895 1895 5944 Lxxv,
1930 5879 1983 5935 '5.
2059 5878 2076 5910 ³

1243 5902 1296 5952 ιι,
1341 5885 1428 5942 Η.
1493 5885 1537 5932 ³⁸
1560 5863 1702 5938 Psal.
1737 5895 1895 5944 Lxxv,
1930 5879 1983 5935 '5.
2059 5878 2103 5910 ³⁸
2123 5875 2259 5930 Dan.
2292 5886 2388 5936 vn,
2426 5868 2504 5922 ιο.
2583 5846 2622 5897 ⁵⁷
2651 5863 2753 5920 lsa.
2785 5876 2858 5923 vi,
2890 5857 2941 5912 3.
