4300 6428
886 495 987 550 703

1542 486 1809 544 EUSEBII
1841 483 2316 562 CESARIENSIS
2351 483 2500 540 OPP.
2538 481 2716 536 PARS
2752 479 2838 534 lll.
2878 508 2942 519 -—
2984 469 3386 532 EXEGETICA.
3639 499 3677 550 ὲ

3976 477 4082 531 70-6

887 597 1046 681 porro
1070 608 1190 676 ejus
1212 605 1516 660 subindicat
1536 620 1658 657 cum
1687 604 1780 666 ait,
1809 603 2133 658 «ascendisti
2170 587 2227 658 ξι
2258 618 2429 672 neque
2458 610 2500 664 Α
2527 617 2583 651 τε

2382 618 2429 657 ιθ
2458 610 2500 664 Α
2527 617 2673 651 τεται
2721 598 2775 650 δὲ
2831 594 2993 648 αὐτοῦ
3025 594 3122 665 την
3161 595 3401 657 κάθοδον,
3453 591 3540 644 διὰ
3579 592 3670 644 τοῦ
3706 593 3902 661 φάναι,
3944 612 3962 643 ‹
3986 595 4080 646 ἀν-

884 701 1027 754 enim
1087 711 1407 750 ascensurus
1465 702 1615 757 erat,
1681 694 1786 747 nisi
1840 694 1992 762 prius
2044 693 2430 747 descendisset.

891 807 910 839 ε
931 771 1060 842 Nam
1097 788 1188 856 qui
1216 786 1514 848 descendit,
1542 786 1657 854 ipse
1681 793 1763 838 est
1796 795 1846 838 et
1886 785 1975 854 qui
2003 785 2245 839 ascendit
2274 800 2436 854 super

887 894 1071 933 omnes
1113 878 1302 937 caelos,
1339 885 1398 929 ut
1427 876 1676 943 impleret
1721 877 1900 929 omnia
1933 876 1994 928 ³⁸.
2031 893 2049 926 ι
2092 873 2228 940 Quid
2259 882 2434 928 autem

888 970 1014 1024 fecit
1061 983 1180 1021 cum
1217 966 1589 1021 ascendisset?
1643 964 1916 1034 Captivam
1951 967 2106 1020 duxit
2159 967 2435 1034 captivita-

890 1072 1020 1121 tem,
1051 1069 1104 1114 et
1129 1061 1335 1128 accepit
1362 1059 1499 1111 dona
1526 1057 1578 1108 in
1605 1056 1931 1110 hominibus.
1991 1057 2162 1121 Quam
2191 1071 2316 1108 vero
2349 1071 2438 1108 ca-

887 1153 1183 1221 ptivitatem
1205 1151 1469 1218 captivam
1493 1148 1665 1207 duxit,
1692 1149 1794 1200 nisi
1826 1150 2080 1216 praedicta
2115 1148 2438 1216 spolia,quae

887 1244 1084 1296 milites
1127 1243 1210 1295 sui
1247 1241 1543 1293 diviserant
1576 1239 1599 1290 ?
1639 1237 1741 1290 Sed
1793 1240 1955 1291 etiam
1996 1237 2255 1306 largiente
2284 1235 2440 1290 Putre

888 1349 989 1388 suo
1017 1333 1224 1400 accepit
1254 1331 1391 1383 dona
1424 1331 1475 1383 in
1505 1330 1834 1393 hominibus,
1892 1329 2184 1382 secundum
2213 1329 2440 1396 promis-

889 1423 1096 1475 sionem
1134 1420 1196 1472 ad
1239 1420 1410 1486 ipsum
1459 1418 1655 1470 factam
1704 1418 1789 1471 his
1838 1418 2019 1471 verbis
2053 1438 2064 1470 :
2104 1438 2120 1466 ε
2157 1417 2374 1472 Postula
2410 1433 2437 1470 a

889 1526 996 1573 me,
1047 1494 1100 1563 ct
1145 1509 1283 1561 dabo
1316 1509 1411 1561 tibi
1444 1517 1630 1576 gentes
1666 1505 2028 1560 haereditatem
2054 1514 2203 1559 tuam
2233 1517 2285 1558 et
2319 1522 2440 1575 pos-

892 1599 1190 1654 sessionem
1216 1605 1363 1650 tuam
1389 1597 1646 1649 terminos
1675 1605 1849 1651 terrae.
1881 1597 1922 1628 ⁸³
1958 1614 1976 1646 ι
2008 1596 2257 1664 Acceptis
2287 1611 2314 1649 a
2341 1595 2440 1648 Pa-

891 1699 974 1744 tre
1022 1688 1327 1757 hujusmodi
1378 1687 1534 1742 donis
1573 1706 1590 1738 ι
1623 1689 1677 1740 in
1713 1687 2038 1750 hominibus,
2072 1706 2090 1736 ι
2129 1703 2277 1740 suam
2309 1702 2440 1740 con-

895 1780 1070 1834 stituit
1117 1778 1434 1834 Eeelesiam.
1494 1775 1591 1832 llis
1639 1778 1927 1846 subjicitur
1971 1796 1983 1830 :
2039 1794 2058 1825 ‹
2097 1776 2302 1829 Etenim
2336 1792 2440 1829 non

895 1871 1174 1925 credentes
1215 1870 1557 1935 inhabitare;
1597 1889 1615 1921 ι
1663 1867 1806 1937 quod
1832 1868 2033 1922 clarius
2060 1869 2440 1936 interpretatus

2531 689 2664 758 έϐης
2682 702 2695 716 ⁶
2728 707 2746 739 ι
2783 688 2842 738 ού
2874 685 2981 756 γάρ
3009 683 3073 737 ἂν
3101 683 3272 745 ἄλλως
3307 682 3492 752 ἀνέϐη,
3519 681 3566 731 εί
3599 680 3672 751 μὴ
3699 682 3956 754 πρότερον
3983 699 4080 734 κα-

2531 777 2867 846 ταϐεϐήκει.ι
2891 777 2947 827 ὐ
2963 776 3068 846 γὰρ
3104 774 3364 837 καταϐάς,
3391 774 3548 836 αὑτός
3576 775 3689 825 ἐστι
3719 775 3808 826 καὶ
3832 777 3860 826 6
3879 774 4082 837 ἀναϐὰς

2533 870 2782 938 ὑπεράνω
2812 867 3022 918 πάντων
3044 866 3150 918 τῶν
3177 865 3438 934 οὐρανῶν,
3467 865 3550 916 ἵνα
3581 862 3835 933 πληρώσῃ
3861 864 3928 917 τὰ
3956 868 4085 918 πάν-

2533 976 2617 1011 τα.
2653 977 2668 1008 ι
2691 957 2918 1019 Ἀναϐὰς
2951 957 3008 1008 δὲ
3036 957 3088 1008 τί
3119 957 3377 1026 ἐπραξενς
3416 954 3854 1026 ᾙχμαλώτευσεν
3891 957 4086 1024 αἰχμα-

2533 1048 2750 1110 λωσίαν,
2787 1049 2879 1100 καὶ
2929 1046 3082 1098 ἔλαϐε
3127 1047 3330 1116 δόματα
3374 1048 3430 1098 ἐν
3477 1045 3793 1116 ἀνθρώποις.
3833 1046 3995 1098 Ποίαν
4025 1046 4082 1098 δὲ

2537 1138 2903 1209 αἰχμαλωσίαν
2927 1137 3338 1208 ᾐχμαλώτευσεν
3361 1139 3393 1208 ἢ
3419 1138 3486 1190 τά
3511 1137 3868 1209 προλεχθέντα
3894 1136 4084 1198 σκύλα,

2535 1229 2570 1282 ἃ
2595 1229 2924 1299 διενείμαντο
2952 1231 3000 1280 οἱ
3035 1228 3196 1280 αὑτοῦ
3227 1228 3583 1298 στρατιῶται;
3629 1227 3784 1280 Ἀλλά
3816 1228 3906 1280 καὶ
3931 1227 4089 1280 ἔλαϐε

2535 1321 2738 1390 δόματα
2767 1323 2822 1372 ἐν
2848 1319 3171 1390 ἀνθρώποις,
3188 1319 3278 1371 τοῦ
3310 1320 3518 1390 Πατρὸς
3537 1319 4087 1390 αύτῷδεδωρημένου,

2537 1413 2653 1466 καθ’
2682 1414 2745 1481 ἢν
2775 1410 3102 1481 ἐπήγγελται
3145 1411 3278 1481 πρὸς
3308 1409 3467 1462 αὑτὸν
3507 1409 3850 1478 ἐπαγγελίαν,
3879 1411 4050 1479 φήσας
4073 1409 4090 1438 δ

2542 1517 2560 1550 ‹
2590 1498 2816 1568 Αῐτησαι
2848 1501 2975 1568 παρ’
2993 1498 3149 1566 ἐμοῦ,
3174 1501 3265 1551 καὶ
3289 1497 3440 1551 δώσω
3465 1516 3543 1550 σοι
3576 1499 3699 1569 ἔθνη
3724 1499 3818 1567 τὴν
3847 1499 4095 1570 κληρονο-

2541 1590 2666 1660 μίαν
2693 1606 2781 1641 σου
2803 1588 2894 1642 καλ⁸
2917 1591 3015 1660 τὴν
3040 1589 3360 1658 κατάσχεσίν
3385 1605 3474 1642 σου
3495 1589 3562 1641 τὰ
3584 1589 3789 1659 πέρατα
3810 1591 3909 1658 τῆς
3930 1591 4051 1659 γῆς.
4067 1610 4084 1642 ι

2538 1681 2718 1733 Ταῦτα
2739 1679 2792 1733 δὲ
2806 1681 2873 1732 τά
2899 1681 3102 1751 δόματα
3124 1701 3140 1731 ι
3162 1672 3222 1732 ἐν
3244 1679 3544 1751 ἀνθρώποις
3568 1700 3584 1730 ι
3613 1680 3858 1752 παρὰτοῦ
3882 1682 4091 1752 [ἰατρὸς

2541 1770 2736 1834 λαϐὼν,
2776 1773 3134 1841 συνεστήσατο
3171 1773 3269 1840 τὴν
3309 1771 3626 1840 Ἐκκλησίαν
3669 1772 3848 1823 αὐτοῦ.
3876 1773 4094 1834 Τούτοις

2541 1861 2662 1931 ἑξῆς
2706 1863 2944 1931 εἴρηται·
2985 1879 3002 1910 t
3034 1862 3142 1912 Kal
3185 1861 3292 1930 γάρ
3319 1860 3663 1923 ἀπειθοῦντες
3700 1861 3790 1913 τοῦ
3821 1879 4099 1933 κατασληο

897 1959 1252 2030 Symmacbus
1282 1967 1384 2022 est,
1436 1977 1454 2009 ι
1491 1957 1678 2016 Adhuc
1706 1965 1758 2012 et
1782 1959 1835 2011 in
1862 1973 1966 2011 non
1992 1958 2333 2012 credentibus
2362 1958 2442 2010 in-
2473 1962 2514 2016 Β
2542 1952 2595 2003 νῦ

2399 1975 2442 2010 ι-
2473 1962 2514 2016 Β
2542 1951 2737 2003 νῶσαι·
2769 1970 2787 2001 ι
2821 1953 2954 2020 ὅπερ
2984 1951 3308 2021 σαφέστερον
3345 1951 3618 2003 ἀπέδωκεν
3639 1955 3667 2004 6
3700 1951 3989 2023 Σύμμαχος
4020 1955 4095 2004 εί·-

898 2050 1160 2103 habitare.
1206 2069 1225 2100 ι
1271 2049 1405 2101 Nam
1437 2055 1492 2101 et
1525 2045 1679 2109 illud,
1713 2047 1910 2115 inquit,
1965 2062 1994 2099 a
2023 2045 2178 2100 Patre
2215 2049 2438 2116 accepit,

861 2202 870 2210 ι
896 2147 955 2193 ιιι
984 2140 1310 2193 inhabitaret
1345 2139 1399 2192 in
1427 2133 1507 2193 eis
1544 2141 1637 2207 qui
1669 2137 1795 2191 olim
1825 2152 1933 2191 non
1976 2137 2315 2191 crediderant
2335 2178 2348 2200 ,
2391 2148 2443 2191 et

898 2231 1080 2300 pietati
1107 2231 1160 2282 in
1188 2229 1353 2284 Deum
1385 2229 1844 2287 contradixerant.
1900 2229 2031 2281 Nam
2064 2229 2202 2283 hanc
2233 2244 2444 2298 quoque

901 2326 1214 2389 potestatem
1242 2320 1470 2387 accepit,
1499 2327 1559 2372 ut
1587 2319 1642 2372 in
1662 2318 1838 2371 medio
1862 2333 1968 2370 non
2004 2317 2343 2386 credentium
2362 2317 2445 2369 in-

903 2412 1184 2476 babitaret,
1232 2418 1486 2480 atque'ex
1517 2411 1649 2478 ipsis
1680 2425 1788 2463 non
1817 2408 2159 2463 credentibus
2190 2408 2326 2462 dona
2357 2422 2446 2460 ac-

901 2485 1118 2574 ciperet.
1148 2501 1440 2570 Postquam
1470 2507 1646 2556 autem
1679 2512 1757 2555 tot
1780 2511 2042 2570 praecepta
2071 2507 2192 2568 post
2218 2500 2447 2570 prephe—

898 2596 1027 2648 tiam
1077 2596 1202 2649 data
1251 2602 1395 2656 sunt,
1432 2592 1688 2663 deinceps
1733 2592 1968 2662 Spiritus
2017 2601 2258 2656 sanctus,
2291 2593 2446 2661 quasi

898 2684 1171 2756 pmclaris
1202 2683 1644 2752 mirabilibusque
1677 2684 1842 2752 gestis
1877 2684 2152 2753 operibus,
2180 2690 2258 2735 tot
2281 2684 2446 2737 bono-

899 2791 1018 2830 rum
1049 2775 1289 2844 largitori
1318 2774 1587 2828 benedicit
1609 2773 1694 2828 his
1718 2774 1893 2828 verbis
1927 2791 1938 2825 :
1981 2792 1999 2822 ‹
2022 2772 2278 2826 Dominus
2310 2771 2447 2825 Deus

899 2865 1236 2930 benedictus,
1290 2864 1606 2918 benedictus
1651 2862 1912 2918 Dominus
1966 2861 2225 2932 quotidie.
2261 2881 2279 2913 ι
2334 2860 2448 2913 Non

901 2957 1038 3010 ultra
1087 2957 1248 3020 enim,
1291 2955 1485 3023 inquit,
1520 2954 1766 3007 homines
1821 2953 2083 3022 malignos
2115 2952 2337 3020 spiritus
2365 2965 2450 3004 er-

901 3061 1024 3100 rore
1055 3047 1202 3098 ducti
1228 3047 1434 3105 colunt,
1466 3043 1560 3097 sed
1594 3043 1820 3114 singulis
1847 3043 2036 3097 diebus
2061 3050 2112 3095 et
2144 3042 2290 3118 hpris
2315 3056 2450 3110 pra:-

901 3137 1104 3190 dictum
1141 3135 1424 3188 Dominum
1476 3133 1824 3187 henedicunt.
1889 3132 2006 3202 Ipse
2034 3129 2449 3186 vero'Dominus

909 3245 928 3278 ι
958 3242 1270 3296 prosperum
1301 3227 1402 3280 iter
1425 3224 1583 3278 faciet
1611 3225 1785 3287 nobis,
1810 3245 1828 3277 ι
1868 3241 1988 3278 cum
2013 3226 2127 3295 ipse
2150 3226 2220 3278 sit
2254 3243 2272 3274 ι
2311 3223 2449 3277 Deus

904 3317 1222 3371 salutarium
1250 3326 1612 3370 nostrorum.»
1649 3315 1772 3370 Haac
1803 3331 1929 3371 vero
1957 3333 2022 3370 ex
2048 3331 2273 3385 persona
2301 3315 2452 3368 chori

905 3407 1268 3476 apostolorum
1302 3406 1536 3476 Spiritus
1562 3415 1784 3460 sanctus
1810 3407 2080 3474 loquitur,
2117 3413 2175 3458 ut
2205 3405 2273 3458 ab
2302 3405 2454 3457 initio

906 3498 1170 3550 sermonis
1203 3497 1617 3552 deelaravimus.
1649 3497 1910 3561 Quoniam
1941 3497 2105 3564 igitur
2135 3510 2453 3565 prosperum

907 3588 1007 3640 iter
1038 3602 1067 3639 a
1099 3586 1206 3643 Deo
1235 3588 1310 3640 illi
1339 3588 1720 3656 precabantur,
1749 3597 1806 3640 ut
1830 3602 1952 3640 eum
1980 3587 2208 3648 adirent,
2243 3586 2316 3640 uti
2343 3586 2452 3654 jam

908 3683 1066 3730 antea
1098 3676 1304 3730 dictum
1327 3684 1429 3739 est,
1469 3677 1776 3732 necessario
1811 3677 1998 3730 dicunt
2029 3695 2044 3728 :
2085 3696 2102 3728 ι
2134 3675 2452 3730 Benedictus

909 3766 1164 3822 Dominus
1194 3765 1452 3835 quotidie,
1486 3766 1800 3836 prosperum
1833 3769 1932 3821 iter
1957 3767 2115 3821 faciet
2135 3769 2288 3822 nobis
2314 3765 2454 3822 Deus

910 3844 1224 3910 salutarium
1256 3845 1584 3910 ndstrorum.
1625 3877 1644 3911 ›
1710 3857 1816 3912 Pro
1841 3859 1934 3912 illo
1963 3867 2161 3922 autem,
2201 3877 2218 3910 ι
2253 3859 2455 3914 saluta-

909 3944 1049 3998 rium
1074 3952 1437 4008 nostrorum,»
1479 3946 1833 4017 Symmachus
1871 3967 1888 3999 ι
1915 3947 2207 4018 Salvatoris
2236 3950 2404 4002 nostri
2428 3967 2445 3999 ι

911 4026 1290 4102 interpretatus
1314 4044 1430 4102 est;
1463 4052 1560 4105 pro
1580 4052 1686 4105 quo
1706 4021 1920 4092 rursum
1937 4037 2255 4092 Hebraicum
2276 4054 2454 4094 exem-

912 4123 1050 4194 plar,
1086 4121 1380 4178 Salvatoris
1412 4127 1581 4180 nostri
1603 4125 1730 4180 Jesu
1762 4143 1956 4183 nomen
1994 4129 2451 4183 commemoravit.

919 4213 1102 4273 (Deus
1137 4225 1342 4281 noster,
1362 4214 1502 4271 Deus
1539 4217 1715 4271 salvos
1742 4217 1996 4281 faciendi,
2028 4227 2080 4272 et
2108 4216 2318 4271 Domini
2350 4217 2456 4272 Do-

912 4305 1043 4360 mini
1075 4307 1251 4361 exitus
1265 4307 1480 4367 'morlis.
1524 4326 1542 4360 ι
1575 4305 1697 4360 Haec
1729 4323 1941 4361 rursum
1971 4323 2046 4381 ex.
2065 4323 2296 4377 persona
2330 4312 2456 4376 apo—

913 4396 1172 4450 stolorum
1217 4397 1526 4466 prophetice
1555 4396 1695 4450 dicta
1728 4405 1872 4449 sunt.
1921 4395 2059 4460 Quia
2088 4397 2230 4452 enim
2261 4397 2326 4450 de
2350 4396 2456 4452 Deo

911 4487 1062 4558 prius
1088 4489 1252 4544 locuti
1282 4495 1839 4558 sunt,consequenter
1869 4490 1921 4542 in
1952 4490 2200 4559 praesenti
2230 4490 2416 4543 dicunt
2441 4509 2453 4541 :

917 4596 937 4626 ι
973 4575 1114 4632 Deus
1147 4585 1350 4636 noster.
1380 4578 1518 4633 Deus
1549 4581 1728 4634 salvos
1758 4580 2009 4646 faciendi,
2037 4589 2090 4633 et
2116 4578 2324 4635 Domini
2355 4579 2457 4634 Do-

911 4666 1045 4719 mini
1068 4667 1246 4719 exitus
1274 4669 1490 4729 mortis;
1514 4685 1532 4718 ι
1566 4667 1680 4722 sive
1707 4668 2001 4724 secundum
2027 4666 2401 4737 Symmachum
2436 4689 2448 4723 :

917 4780 936 4810 ε
976 4759 1119 4815 Deus
1152 4762 1328 4825 nobis,
1353 4759 1492 4815 Deus
1525 4763 1580 4830 in
1610 4764 1858 4828 salutem,
1890 4771 1944 4818 et
1974 4761 2186 4815 Domini
2209 4763 2452 4817 domina-

912 4853 1048 4907 toris
1070 4855 1327 4920 exitusjn
1353 4863 1599 4907 mortem.
1637 4872 1655 4904 ι
1692 4851 1824 4906 Nam
1855 4869 1977 4908 cum
2009 4854 2095 4907 hic
2124 4854 2271 4908 solus
2313 4854 2453 4912 Deus

915 4947 1006 5008 sit,
1042 4946 1089 4998 is
1119 4959 1249 4998 sane
1283 4947 1460 5001 exitus
1504 4945 1706 5001 invenit
1743 4946 1897 5014 queis
1925 4960 1954 4998 a
1980 4955 2153 5002 morte
2184 4948 2448 5002 evaderet.

914 5033 1354 5104 Quandoquidem
1399 5036 1574 5090 omnis
1605 5035 1769 5090 homo
1800 5035 1864 5089 ad
1906 5035 2204 5107 ingressum
2239 5041 2455 5109 quidem

915 5125 1103 5177 mortis
1128 5126 1387 5192 pervenit,
1419 5124 1658 5177 nondum
1689 5133 1869 5180 tamen
1900 5126 1967 5180 ab
1992 5142 2056 5180 eo
2091 5130 2238 5184 exire
2260 5131 2452 5198 potuit.

916 5213 1172 5269 Dominus
1214 5224 1390 5270 autem
1426 5216 1512 5269 hic
1541 5224 1888 5281 memoratus,
1919 5219 2008 5286 qui
2033 5218 2144 5285 jam
2166 5221 2458 5274 communi-

917 5305 1018 5359 bus
1047 5305 1323 5358 elementis
1354 5306 1406 5359 in
1437 5306 1865 5367 Hebraieolibro
1895 5308 2167 5371 scribitur,
2197 5325 2318 5362 cum
2356 5309 2457 5364 ἐι-

919 5395 1026 5449 itus
1055 5412 1083 5449 a
1111 5406 1282 5450 morte
1310 5398 1596 5465 aperuerit,
1621 5395 1758 5449 Deus
1782 5399 1939 5451 saluti
1964 5401 2299 5468 cognominis
2331 5401 2458 5455 εσθ-

919 5490 1038 5537 ctus
1068 5491 1165 5536 est.
1209 5482 1562 5549 Quamobrem
1593 5484 1787 5538 dicitur
1815 5504 1828 5539 :
1868 5505 1888 5537 ε
1920 5487 2058 5542 Deus
2085 5496 2286 5551 noster,
2318 5487 2456 5542 Deus

921 5572 1098 5625 salvos
1135 5571 1382 5628 faciendi.
1425 5594 1442 5623 ι
1484 5573 1660 5639 Quare
1706 5576 1795 5629 hic
1829 5575 1942 5644 ipse
1988 5575 2125 5630 Jobo
2156 5580 2456 5636 vaticinans

922 5663 1171 5718 dicebat:
1211 5681 1228 5712 ι
1258 5662 1468 5719 Venisti
1508 5674 1683 5721 autem
1731 5666 1785 5720 in
1821 5667 2019 5723 fontem
2073 5670 2258 5736 maris,
2294 5683 2347 5727 et
2403 5673 2455 5725 in

967 5834 1039 5874 ιιι
1068 5839 1240 5906 enim
1294 5859 1361 5903 tv,
1409 5845 1488 5896 ιο.
1568 5839 1776 5900 ⁸⁹Ρς.·.ῐ.
1819 5865 1875 5910 ιι,
1910 5848 1959 5900 8.

2540 2041 2687 2094 πών·
2721 2043 2871 2095 «Ἔτι
2911 2044 3005 2095 καὶ
3052 2044 3107 2093 ἐν
3155 2041 3435 2094 ἀπειθοῦσι
3478 2043 3908 2112 κατασκηνῶσαι.
3939 2063 3957 2094 ι
3988 2045 4097 2097 Καὶ

2540 2137 2694 2189 τοῦτο
2725 2137 2852 2206 γὰρ,
2887 2137 3038 2207 φησι,
3070 2135 3217 2206 παρά
3240 2135 3332 2188 τοῦ
3364 2137 3573 2208 Πατρὸς
3605 2136 3781 2199 ἔλαϐε,
3823 2136 3881 2189 τὸ
3929 2153 4096 2190 κατα-

2544 2229 2814 2299 σκηνῶσαι
2839 2231 2894 2281 ἐν
2918 2231 3027 2290 τοῖς
3058 2227 3222 2280 πάλαι
3247 2227 3528 2280 ἀπειθοῦσι
3552 2228 3645 2280 καὶ
3677 2227 4010 2296 ἀντιλέγουσι
4030 2229 4096 2299 τῇ

2541 2322 2633 2375 τοῦ
2660 2321 2791 2374 Θεοῦ
2821 2322 3085 2391 εὐσεϐείᾳ.
3115 2320 3224 2373 Καὶ
3255 2320 3455 2390 ταύτην
3479 2321 3584 2390 γὰρ
3618 2318 3802 2390 είληφε
3833 2305 4100 2390 τὴνίέξου-

2546 2413 2684 2476 σίαν,
2715 2411 2852 2464 ὥστε
2885 2413 2941 2463 ἐν
2976 2411 3124 2480 μέσῳ
3162 2411 3267 2462 τῶν
3311 2409 3671 2463 ἀπειθούντων
3702 2408 4096 2479 κατασκηνοῦν,

2544 2506 2602 2568 ἐξ
2634 2503 2808 2557 αὐτῶν
2853 2519 2910 2554 τε
2955 2501 3060 2554 τῶν
3106 2501 3466 2554 ἀπειθούντων
3493 2499 3782 2570 λαμϐάνειν
3811 2499 3986 2569 ἐαυτῷ
4012 2499 4068 2552 δό

2548 2611 2707 2665 ματα.
2739 2592 3013 2645 Τοσούτων
3064 2591 3126 2661 δὴ
3183 2591 3515 2661 μαθημάτων
3567 2588 3972 2660 παραδοθέντων
4014 2589 4102 2642 διά

2543 2688 2641 2756 τῆς
2664 2685 3013 2755 προφητείας,
3037 2683 3160 2753 ἐξῆς
3180 2683 3240 2735 τὸ
3261 2680 3483 2752 Πνεῦμα
3507 2681 3567 2733 τὸ
3591 2682 3762 2749 ἅγιον,
3786 2681 3861 2743 ὼς
3887 2681 3978 2733 ἐπὶ
4007 2698 4100 2750 με-

2546 2776 2725 2843 γάλοις
2758 2776 2851 2828 καὶ
2879 2772 3198 2844 παραδόξοις
3228 2771 3657 2842 κατορθώμασιν,
3681 2771 3889 2838 εὐλογεῐ
3909 2771 3997 2823 τὸν
4020 2787 4103 2822 τοι

2548 2867 2746 2919 σούτων
2777 2865 2993 2934 ἀγαθῶν
3019 2865 3218 2933 δοτῆρα
3249 2863 3451 2930 φάσκον
3473 2880 3486 2891 ·
3522 2880 3540 2912 ι
3565 2862 3765 2932 Κύριος
3799 2864 3826 2914 6
3858 2861 3987 2924 Θεὸς
4012 2861 4102 2912 εύ-

2546 2950 2787 3027 λογητὸς,
2832 2956 3117 3026 εὐλογητὸς
3158 2954 3359 3026 Κύριος
3403 2953 3612 3025 ἡμέραν
3656 2955 3772 3006 καθ’
3815 2954 4043 3024 ἡμέραν.
4075 2970 4095 3003 ι

2549 3049 2740 3101 Οὐκέτι
2773 3048 2899 3118 γὰρ,
2933 3048 3114 3118 φησὶν,
3149 3046 3419 3118 ἀνθρωττοι
3448 3045 3700 3114 δαίμονας
3728 3045 3993 3114 πονηροὺς
4016 3060 4104 3096 πε-

2548 3137 2899 3208 πλανημένως
2924 3138 3250 3204 δοξάζουσιν,
3277 3136 3391 3189 ἀλλ’
3418 3137 3503 3204 ἐφ’
3522 3136 3754 3208 ἑκάστης
3781 3137 3987 3208 ἡμέρας
4011 3137 4102 3188 καὶ

2550 3227 2667 3279 καθ’
2695 3229 2926 3298 ἑκάστην
2963 3228 3110 3297 ὥραν
3157 3228 3247 3280 τὸν
3292 3225 3697 3297 προδηλωθέντα
3724 3225 3922 3296 Κύριον
3951 3225 4100 3277 εὐλο-

2479 3300 2519 3354 C
2551 3317 2826 3386 γοῦσιν.⁹0
2851 3318 2906 3370 δὲ
2939 3317 3098 3381 αὐτὸς
3123 3319 3320 3388 Κύριος
3354 3335 3370 3367 t
3402 3315 3756 3370 κατευοδὼσει
3781 3317 3930 3386 ἡμῖν,
3956 3335 3974 3366 ›
4006 3317 4102 3368 αῦ-

2552 3409 2640 3472 τὸς
2667 3408 2740 3461 ὢν
2769 3427 2785 3458 ι
2813 3411 2840 3464 6
2857 3409 2987 3471 Θεὸς
3006 3408 3110 3462 τῶν
3135 3407 3411 3481 σωτηριῶν
3439 3407 3614 3478 ἡμῶν.
3637 3426 3653 3456 ι
3674 3407 3836 3474 Λέγει
3854 3407 3909 3459 δὲ
3935 3405 4103 3459 ταῦτα

2550 3500 2610 3550 τὸ
2636 3499 2855 3570 Πνεῦμα
2887 3500 2946 3552 τὸ
2977 3499 3127 3567 ἅγιον
3150 3500 3213 3550 ἐκ
3238 3489 3525 3570 προσώπου
3553 3496 3643 3549 τοῦ
3665 3496 3825 3568 χοροῦ
3847 3497 3954 3549 τῶν
3975 3499 4104 3549 ἀπο-

2554 3590 2768 3654 στόλων,
2815 3592 3001 3660 ὤσπερ
3031 3586 3126 3644 οὖν
3182 3590 3272 3643 καὶ
3302 3590 3588 3659 ἀρχόμενοι
3607 3587 3699 3641 τοῦ
3749 3589 3902 3656 λόγου
3968 3604 4104 3656 παρ-

2551 3684 2875 3752 εστήσαμεν.
2927 3683 3077 3736 Ἐπεὶ
3116 3682 3292 3736 τοίνυν
3331 3685 3429 3752 τῆς
3463 3681 3630 3735 ὲκτοῦ
3647 3680 3780 3734 Θεοῦ
3811 3680 4104 3735 κατευοδώ-

2553 3789 2686 3834 σεως
2716 3772 2918 3825 ἐδέοντο
2946 3768 3109 3836 οὗτοι,
3137 3773 3215 3835 είς
3250 3773 3311 3824 τὸ
3337 3772 3647 3843 ὁδοποιῆσαι
3677 3771 3843 3840 αὐτῷ,
3875 3771 4015 3824 κατά
4037 3771 4104 3822 τὰ

2552 3862 2852 3933 ἔμπροσθεν
2876 3861 3151 3932 εἰρημένα,
3186 3861 3492 3928 ἀναγκαίως
3541 3861 3720 3928 φασίν·
3761 3879 3778 3910 ι
3806 3859 4105 3930 Εὐλογητὸς

2551 3953 2750 4023 Κύριος
2803 3954 3012 4025 ἡμέραν
3061 3951 3178 4007 καθ’
3214 3951 3457 4022 ἡμέραν,
3504 3942 3855 4003 κατευοδώσει
3901 3952 4028 4020 ἡμῖν
4077 3953 4105 4001 6

2551 4045 2678 4108 Θεὸς
2719 4046 2825 4098 τῶν
2868 4045 3142 4116 σωτηριῶν
3178 4042 3352 4113 ἡμῶν.
3383 4061 3401 4095 ι
3423 4043 3565 4094 Ἀντί
3589 4042 3644 4094 δὲ
3677 4041 3791 4104 τοῦ,
3821 4061 3840 4092 ι
3865 4041 3972 4094 τῶν
4001 4059 4104 4094 σω-

2551 4134 2748 4205 τηριῶν
2776 4133 2951 4205 ἡμῶν,
2985 4153 3002 4185 ι
3032 4135 3060 4190 6
3085 4133 3398 4202 Σύμμαχος,
3437 4149 3455 4181 ι
3482 4130 3574 4181 τοῦ
3602 4130 3850 4199 Σωτῆρος
3873 4128 4049 4199 ἡμῶν,
4082 4148 4100 4179 ι

2550 4225 2889 4294 ἡρμὴνευσεν
2908 4241 2922 4255 ⁸
2956 4224 3071 4277 ἀνθ’
3097 4219 3157 4277 οῦ
3184 4223 3244 4275 τὸ
3290 4222 3570 4293 Ἐϐραῖκὸν
3602 4221 3758 4275 πάλιν
3785 4209 3880 4274 τοῦ
3913 4220 4108 4288 ὀνόμα-

2552 4331 2641 4376 τος
2678 4312 2768 4366 τοῦ
2801 4314 3049 4384 Σωτῆρος
3093 4311 3245 4383 ἡμῶν
3283 4311 3454 4382 Ἰησοῦ
3509 4312 3794 4381 μέμνηται.
3835 4331 3852 4361 ι
3879 4309 3934 4362 Ὀ
3977 4308 4107 4379 Θεὸς

2555 4402 2729 4473 ἡμῶν,
2771 4405 2799 4454 6
2827 4402 2957 4464 Θεὸς
3004 4401 3098 4454 τοῦ
3131 4399 3340 4466 σώζειν,
3371 4401 3465 4454 καὶ
3497 4399 3590 4452 τοῦ
3646 4401 3849 4471 Κυρίου
3902 4397 4106 4467 Κυρίου

2556 4496 2612 4548 at
2653 4491 2870 4558 διέξοδοι
2910 4492 3001 4545 τοῦ
3047 4491 3293 4548 θανάτου.
3329 4513 3347 4544 ι
3389 4492 3555 4546 Πάλιν
3596 4493 3660 4544 ὲκ
3692 4488 3973 4559 προσώπου
4000 4487 4107 4542 τῶν

2559 4583 2863 4637 ἀποστόλων
2883 4581 3227 4652 προφητικῶς
3245 4583 3338 4635 καὶ
3361 4579 3528 4634 ταῦτα
3553 4577 3816 4631 λέλεκται.
3835 4575 3985 4628 Ἐπεὶ
4001 4576 4108 4645 γὰρ
4169 4601 4171 4604 ⁴

2557 4674 2909 4745 ἐθεολόγησαν
2948 4671 3036 4724 διὰ
3073 4671 3179 4724 τῶν
3216 4668 3538 4741 ἔμπροσθεν,
3574 4665 3876 4727 ἀκολούθως
3905 4667 3996 4717 καὶ
4021 4666 4105 4718 διὰ

2556 4765 2662 4818 τῶν
2707 4764 2841 4835 μετά
2879 4763 3061 4833 χεῖράς
3086 4778 3278 4831 φασιν·
3319 4777 3336 4809 ‹
3359 4759 3416 4810 '0
3447 4757 3574 4820 Θεὸς
3601 4756 3776 4826 ἡμῶν,
3806 4759 3834 4808 6
3861 4755 3990 4817 Θεὸς
4015 4756 4106 4808 τοῦ

2559 4855 2768 4922 σώζειν,
2801 4857 2893 4908 καὶ
2917 4854 3009 4906 τοῦ
3037 4854 3239 4922 Κυρίου
3272 4850 3477 4919 Κυρίου
3507 4852 3560 4902 αἱ
3594 4849 3812 4914 διέξοδοι
3836 4847 3928 4899 τοῦ
3959 4847 4110 4900 θανά·

2557 4962 2648 4998 του
2664 4961 2678 4978 ο
2705 4963 2723 4996 ›
2749 4943 2782 5014 ἢ
2809 4943 2944 4996 κατά
2975 4943 3066 4996 τὸν
3094 4942 3387 5011 Σύμμαχον
3408 4953 3420 4966 °
3460 4958 3478 4990 ι
3501 4939 3557 4991 '0
3580 4938 3708 5001 Θεὸς
3730 4939 3856 5009 ἡμῖν
3880 4937 4008 5000 Θεὸς
4031 4941 4107 5002 είς

2563 5036 2851 5105 σωτηρίαν,
2884 5035 2974 5087 καὶ
3001 5034 3093 5087 τοῦ
3115 5032 3319 5101 Κυρίου
3355 5031 3447 5083 τοῦ
3479 5029 3734 5083 δεσπότου
3768 5029 3822 5086 αἱ
3855 5029 3931 5091 είς
3953 5027 4109 5082 θάνα-

2558 5128 2648 5179 τον
2678 5125 2861 5189 ἔξοδοι.
2894 5144 2913 5176 ›
2947 5124 3116 5186 Μόνος
3149 5121 3255 5192 γὰρ
3302 5117 3452 5184 οὗτος
3495 5119 3624 5182 Θεὸς
3667 5118 3740 5173 ῶν
3783 5117 3874 5172 τοῦ
3919 5117 4108 5181 σώζειν

2561 5217 2766 5282 ἐξόδους
2785 5217 2971 5286 εὕρετο
2988 5215 3080 5268 τοῦ
3103 5213 3350 5266 θανάτου.
3369 5210 3583 5282 Ἐπειδὴ
3609 5211 3712 5274 πᾶς
3733 5211 4010 5283 ἄνθρωπος
4031 5211 4108 5270 είς

2566 5310 2659 5378 μὲν
2692 5309 2790 5378 τὴν
2819 5308 3015 5360 εἴσοδον
3047 5303 3139 5357 τοῦ
3174 5303 3398 5357 θανάτου
3432 5303 3680 5372 ἔφθασεν,
3710 5301 3887 5353 ούκέτι
3929 5300 3984 5352 δέ
4017 5301 4107 5352 καὶ

2559 5400 2840 5465 διεξελθεῖν
2885 5399 3041 5452 αὐτὸν
3090 5396 3460 5465 δεδύνηται.’0
3490 5393 3542 5445 δὲ
3571 5393 3656 5445 διά
3696 5391 3803 5444 τῶν
3830 5391 4106 5458 παρόντων

2559 5489 2878 5559 δηλούμενος
2897 5489 3120 5558 Κύριος,
3146 5486 3239 5538 καὶ
3272 5486 3364 5538 νῦν
3387 5484 3476 5535 διὰ
3493 5482 3598 5535 τῶν
3629 5480 3815 5533 κοινῶν
3837 5475 4105 5545 στοιχείων

2561 5581 2618 5632 ὲν
2649 5579 3001 5649 τῇ,”Εϐραῖκῇ
3029 5575 3191 5645 βίϐλῳ
3210 5576 3569 5645 γραφόμενος,
3594 5568 3852 5632 διεξόδους
3885 5565 4102 5634 ποιησά-

2566 5687 2719 5740 μενος
2747 5668 2838 5721 τοῦ
2872 5667 3118 5728 θανάτου,
3145 5665 3331 5732 γέγονε
3363 5662 3492 5723 Θεὸς
3521 5657 3799 5727 ἐπώνυμος
3820 5652 4099 5726 σωτηρίας.
