4300 6400
215 518 319 575 ’105

1327 513 1825 568 COMMENTARIA
1861 515 1934 567 ΙΝ
1973 514 2306 570 PSALMOS.

3314 521 3412 576 706

213 632 303 686 Διὸ
338 633 609 686 λέλεκται·
644 650 661 680 ι
686 631 740 683 '0
790 631 919 693 Θεὸς
969 631 1142 700 ὴμῶν,
1171 634 1198 684 6
1228 631 1356 694 Θεὸς
1388 631 1478 683 τοῦ
1512 631 1718 694 σώζειν.
1747 651 1764 683 ι
1801 639 1842 693 Α
1870 648 1911 684 Vt

1713 651 1764 684 ,ι
1801 639 1842 693 Α
1870 633 2113 701 vestigiis
2164 630 2344 712 abyssi
2393 630 2699 684 ambulasti.
2751 630 3079 700 Aperiuntur
3117 643 3288 686 autem
3317 634 3411 688 tihi

213 723 302 776 Διὸ
334 723 422 774 καί
460 721 537 792 τῷ
579 720 695 774 Ἰὼϐ
738 723 766 772 6
797 721 954 783 αὐτὸς
988 717 1140 784 οὗτος
1174 722 1521 791 χρηματίζων
1549 721 1730 788 ἔλεγεν
1753 737 1768 753 ·

220 810 447 875 «Ἦλθες
472 813 528 865 δὲ
558 815 649 865 ἐπὶ
677 816 856 882 πηγὴν
889 812 1185 881 θαλάσσης·
1211 815 1266 864 tv
1294 813 1349 864 δὲ
1383 813 1580 880 ἴχνεσιν
1609 814 1771 865 ἀϐύσ-

216 919 307 955 σου
354 903 1122 972 περιεπάτησας.Ἀνοίγονται
1172 902 1229 955 δέ
1280 919 1360 955 σοι
1409 903 1556 972 φόϐῳ
1610 905 1770 956 πύλαι

215 993 466 1047 θανάτου.
523 993 769 1064 Πυλωροὶ
816 994 872 1045 δὲ
925 993 1050 1064 ᾅδου
1107 993 1302 1054 ἰδόντες
1356 1010 1413 1044 σε
1457 993 1708 1063 ἔπτηξαν.
1747 1015 1765 1044 ι

214 1085 516 1156 Διαρρήδην
547 1085 639 1137 καὶ
667 1086 723 1137 tv
748 1084 970 1146 ἐκείνοις
998 1085 1094 1153 τὴν
1132 1086 1210 1145 είς
1238 1083 1326 1136 τὸν
1356 1084 1580 1137 θάνατον
1610 1085 1770 1138 αὑτοῦ

215 1176 437 1230 κάθοδον
481 1177 574 1228 καὶ
619 1175 716 1246 τὴν
769 1176 974 1227 ἐκεῖθεν
1023 1174 1252 1237 διέξοδον
1278 1176 1563 1244 παριστὰς,
1589 1175 1771 1244 ὥσπερ

215 1263 306 1319 οὖν
333 1267 427 1319 καὶ
459 1269 516 1319 ἐν
542 1270 651 1326 τοῖς
675 1266 1068 1336 προκειμένοις,
1099 1263 1179 1326 οἷς
1216 1264 1518 1327 ἀκολούθως
1547 1267 1644 1335 τὴν
1668 1267 1772 1317 τῶν

218 1355 423 1426 ἐχθρῶν
469 1355 630 1408 αὑτοῦ
676 1353 958 1424 συντριὸὴν
991 1353 1229 1406 διδάσκει
1269 1353 1438 1420 λέγων
1460 1371 1471 1382 ·
1521 1371 1537 1402 ι
1571 1354 1715 1424 Πλὴν
1745 1356 1772 1405 ὁ

216 1444 346 1507 Θεὸς
381 1445 660 1498 συνθλάσει
695 1443 934 1513 κεφαλὰς
966 1442 1172 1512 ἐχθρῶν
1213 1441 1395 1493 αὐτοῦ.
1427 1461 1444 1492 ι
1482 1443 1588 1493 Καὶ
1620 1441 1772 1493 τοῦτο

216 1536 273 1589 δέ
303 1538 514 1606 νοήσεις
558 1525 820 1607 παραθεὶς
850 1537 946 1606 τὴν
977 1538 1032 1588 tv
1056 1535 1223 1606 ἑτέρῳ
1254 1536 1512 1602 λέγουσαν
1557 1535 1737 1602 φωνήν
1756 1552 1768 1564 ·

223 1644 240 1676 ι
270 1626 340 1678 Συ
372 1627 748 1696 ἐκραταίωσας
777 1628 840 1696 τῇ
868 1625 1089 1694 δυνάμει
1131 1642 1222 1677 σου
1254 1625 1348 1695 τὴν
1379 1623 1666 1684 θάλασσαν,
1709 1624 1772 1676 σὺ

220 1718 540 1786 συνέτριψας
558 1719 654 1778 τὰς
681 1719 920 1786 κεφαλὰς
948 1717 1055 1771 τῶν
1082 1718 1384 1788 δρακόντων
1411 1718 1501 1768 ἐπὶ
1529 1715 1620 1768 τοῦ
1653 1716 1775 1768 ὓδα-

217 1826 325 1871 τος.
351 1810 420 1862 Σὺ
456 1809 780 1871 συνέθλασας
805 1809 902 1878 τὴν
930 1810 1168 1878 κεφαλὴν
1191 1809 1282 1862 τοῦ
1312 1809 1617 1879 δράκοντος.
1643 1827 1659 1858 ι
1682 1807 1804 1859 Διὰ·

219 1899 326 1969 γὰρ
350 1898 550 1951 τούτων
569 1901 660 1951 καὶ
695 1902 744 1951 οἰ
765 1899 945 1969 ἐχθροὶ
973 1899 1065 1952 τοῦ
1100 1899 1231 1952 Θεοῦ
1261 1898 1621 1968 ἐδηλώθησαν,
1653 1897 1777 1967 περὶ

1870 723 2058 775 timore
2093 729 2260 790 porta:
2305 718 2488 789 inferi.
2543 717 2760 773 Ostiarii
2790 735 2916 773 vero
2948 721 3144 775 inferni
3173 721 3412 776 videntes

1869 820 1921 865 te
1962 813 2240 866 conterriti
2287 819 2413 865 sunt
2453 811 2518 862 ⁸ο.
2559 830 2576 861 ι
2617 810 2824 864 Diserte
2858 813 2910 864 in
2943 813 3052 866 illis
3083 792 3416 882 quoque'de-

1871 919 2118 959 scensum
2155 905 2272 972 ejus
2297 903 2349 956 in
2377 911 2604 956 mortem
2641 911 2693 956 et
2733 905 2932 959 exitum
2965 903 3088 958 inde
3111 904 3412 969 declarans,

1871 998 2315 1066 quemadmodum
2347 1004 2400 1050 et
2431 996 2484 1049 in
2519 997 2890 1066 prmsentibus,
2920 1007 3102 1067 postea
3134 1014 3260 1052 vero
3287 1007 3419 1052 co‘n—

1871 1095 2155 1156 sequenter
2202 1087 2543 1140 inimicorum
2575 1103 2796 1140 suorum
2845 1077 3218 1142 contritionem
3260 1068 3417 1142 docet

1872 1181 1956 1232 his
1982 1179 2160 1232 verbis
2193 1198 2204 1230 :
2243 1197 2260 1228 ι
2294 1175 2677 1231 Verumtamen
2727 1178 2867 1233 Deus
2899 1179 3196 1248 confringet
3237 1173 3418 1247 capita

1871 1270 2212 1322 inimicorum
2239 1282 2481 1320 suorum.
2522 1285 2540 1316 ι
2603 1266 2726 1322 Haec
2750 1283 2909 1337 porro
2941 1269 3222 1337 intelliges,
3250 1267 3296 1322 si
3323 1280 3419 1321 v0-

1871 1375 1985 1413 cem
2016 1360 2122 1412 alio
2149 1359 2202 1411 in
2237 1358 2445 1426 psalmo
2473 1360 2699 1426 positam
2724 1359 2847 1412 huic
2875 1370 3172 1428 compares,
3191 1337 3413 1426 nempe:

1877 1473 1893 1501 ς
1926 1449 2002 1503 Tu
2034 1449 2365 1503 confirmasti
2395 1449 2589 1502 virtute
2611 1459 2701 1502 tua
2725 1465 2892 1510 mare,
2923 1459 2976 1502 tu
3003 1450 3298 1503 contrivisti
3329 1464 3419 1502 ca-

1871 1542 1980 1610 pita
2002 1540 2296 1593 draconum
2329 1539 2383 1591 in
2417 1553 2575 1609 aqua.
2608 1537 2687 1590 Tu
2716 1539 3026 1607 confregisti
3056 1546 3212 1606 caput
3236 1539 3422 1591 draco.

1872 1636 1976 1688 nis.
2019 1652 2035 1683 ›
2074 1632 2168 1686 His
2195 1631 2339 1685 enim
2371 1635 2572 1692 inimici
2629 1631 2716 1685 Dei
2747 1632 3108 1693 declarantur,
3138 1629 3203 1681 de
3224 1628 3419 1697 quibus

1874 1726 1956 1777 hic
1980 1724 2182 1777 dictum
2219 1729 2300 1776 est
2327 1739 2339 1774 :
2377 1739 2395 1771 ι
2427 1723 2805 1775 Verumtamen
2841 1721 2980 1774 Deus
3003 1720 3302 1786 confringet
3329 1732 3420 1771 ca-

1873 1815 1982 1883 pita
2014 1814 2354 1866 inimicorum
2382 1826 2620 1864 suorum.
2662 1830 2681 1862 ι
2741 1811 2905 1866 Erant
2933 1818 3109 1864 autem
3136 1811 3211 1862 illi
3230 1809 3423 1862 draco-

1877 1922 1971 1959 nes
2002 1906 2054 1957 iu
2083 1908 2218 1960 mari
2251 1914 2303 1959 et
2329 1907 2381 1959 iu
2405 1907 2622 1959 humida
2655 1902 2953 1959 substantia
2993 1912 3204 1965 nantes,
3235 1901 3422 1955 videli-

218 1981 294 2040 div
320 1988 549 2041 ἐνταῦθα
570 1987 814 2040 λέλεκται
834 2005 846 2017 ’
875 2007 892 2036 ‹
923 1989 1067 2058 Πλὴν
1095 1990 1123 2039 6
1153 1988 1282 2050 Θεὸς
1311 1988 1590 2040 συνθλάσει
1613 2004 1778 2055 κεφα-
1810 2001 1848 2053 Β
1877 2012 1916 2049 ει

1722 2004 1778 2039 α’
1810 2001 1848 2053 Β
1877 2005 1959 2050 cet
1989 1997 2309 2050 adversariae
2353 2005 2645 2066 potestates
2689 1982 2778 2049 Dei
2813 1994 3061 2055 inimicae,
3093 1993 3155 2045 in'
3179 1992 3337 2045 salsis
3367 1997 3420 2043 et

220 2079 316 2142 λὰς
357 2079 564 2150 ἐχθρῶν
607 2078 790 2132 αὑτοῦ.
824 2074 1028 2129 »Ἦσαν
1062 2077 1118 2129 δέ
1150 2075 1291 2131 οὗτοι
1333 2079 1620 2148 δράκοντες
1646 2080 1691 2129 οἰ
1722 2079 1778 2129 ἐν

222 2168 462 2238 θαλάσσῃ
512 2167 604 2220 καὶ
649 2168 740 2219 ἐπὶ
769 2166 938 2237 ὑγρᾶς
967 2165 1152 2227 ούσέας
1197 2165 1499 2234 νηχόμενοι,
1528 2166 1778 2232 δυνάμεις

187 2259 418 2330 ·δηλαδὴ
447 2258 818 2328 ἀντικείμεναι
855 2257 1043 2327 ἐχθραί
1079 2256 1170 2309 τοῦ
1197 2256 1350 2319 Θεοῦ,
1379 2258 1490 2318 τοῖς
1519 2256 1777 2326 ἁλμυροῖς

220 2351 315 2403 καὶ
373 2353 614 2422 ρευστοίς
680 2348 770 2401 τοῦ
824 2348 935 2417 βίου
996 2347 1228 2418 κύμασιν
1283 2344 1774 2418 ἐγκαλινδούμεναι.

225 2442 384 2495 Ὅθεν
414 2444 505 2495 καί⁷
533 2443 590 2495 tv
617 2440 693 2512 τῷ
733 2439 851 2492 Ἰὼϐ
883 2439 1095 2507 ἐλέγετο
1112 2456 1123 2468 ·
1151 2435 1379 2500 ιτΗλθες
1403 2438 1458 2490 δὲ
1480 2438 1570 2490 ἐπὶ
1599 2437 1777 2506 πηγὴν

223 2533 532 2604 θαλάσσης,
585 2536 642 2586 tv
691 2532 748 2585 δὲ
797 2534 994 2602 ἴχνεσιν
1053 2530 1306 2583 ἀϐύσσου.
1355 2529 1774 2598 περιεπάτησας.

236 2625 563 2692 Ἀνοίγονται
591 2623 646 2676 δέ
678 2640 758 2676 σοι
794 2622 940 2692 φόϐῳ
979 2621 1144 2674 πύλαι
1175 2621 1422 2673 θανάτου.
1452 2619 1696 2688 Πυλωροὶ
1723 2619 1777 2669 δὲ

222 2716 368 2786 ᾅδου,
395 2715 592 2786 ἰδόντες
625 2730 704 2774 σε,
737 2713 994 2782 ἔπτηξαν.
1027 2731 1046 2762 ι
1078 2710 1514 2781 Συντριϐομένων
1541 2709 1649 2778 γὰρ
1672 2708 1779 2759 τῶν

224 2803 470 2873 κεφαλῶν
512 2804 618 2856 τῶν
661 2803 985 2874 δρακόντων,
1020 2801 1284 2871 ἔπτησσον
1326 2802 1373 2852 οἰ
1421 2800 1656 2869 πυλωροὶ
1686 2798 1778 2851 τοῦ

222 2895 380 2967 ᾆδουυ
413 2893 491 2946 διὸ
528 2894 620 2946 καὶ
664 2892 811 2962 φόϐῳ
843 2891 938 2954 τὰς
969 2890 1141 2952 πύλας
1174 2891 1386 2959 ἤνοιγον
1427 2888 1520 2940 τοῦ
1554 2888 1778 2940 θανάτου

222 2985 300 3056 τῷ
333 2986 431 3048 τὰς
461 2985 698 3053 κεφαλὰς
727 2983 831 3036 τῶν
859 2980 1064 3051 ἐχθρῶν
1095 2977 1256 3032 αὑτοῦ
1276 2976 1596 3034 ,συνθλῶντι.
1623 2970 1778 3030 Οὗτοι

222 3079 277 3132 δὲ
303 3080 350 3131 οἱ
391 3077 574 3148 ἐχθροὶ
610 3075 703 3129 τοῦ
740 3075 942 3145 Κυρίου
967 3072 1026 3125 τὸ
1058 3071 1266 3124 πάντων
1301 3067 1596 3140 ἀνθρώπων
1651 3085 1780 3120 κατ-

224 3172 458 3225 επάτουν
503 3169 674 3237 γένος.
716 3169 804 3220 Διὸ
822 3167 1064 3220 λέλεκται
1087 3166 1208 3234 ἑξῆς
1228 3181 1241 3194 °
1273 3183 1289 3215 ι
1321 3161 1573 3233 Κορυφὴν
1599 3162 1778 3231 τριχὸς

222 3258 685 3335 διαπορευομένων
731 3264 788 3315 ὲν
830 3259 1222 3331 πλημμελείαις
1262 3257 1456 3310 αὐτῶν.
1499 3276 1516 3308 ι
1569 3255 1777 3308 Τούτων

223 3353 333 3424 γὰρ
379 3356 406 3406 6
452 3353 579 3416 Θεὸς
612 3351 892 3406 συνθλάσει
923 3351 1020 3413 τὰς
1063 3349 1317 3418 κεφαλὰς,
1351 3349 1500 3417 φησι,
1535 3347 1639 3399 τῶν
1671 3347 1782 3400 δια-

226 3444 600 3513 πορευομένων
646 3444 742 3504 τὰς
768 3443 873 3494 τῶν
903 3435 1199 3512 ἀνθρώπων
1232 3439 1490 3506 κεφαλάς.
1512 3439 1653 3490 Ἀντί¹
1678 3433 1781 3509 γὰρ

223 3534 340 3596 τοῦ,
381 3553 397 3584 ι
427 3534 666 3604 κορυφὴν
717 3533 918 3602 τριχὸς,
965 3530 1204 3601 κορυφὴν
1253 3529 1512 3600 ἕντριχον,
1545 3547 1564 3578 )
1612 3531 1785 3599 ἡρμή-

225 3640 412 3676 νευσεν
459 3625 485 3677 6
528 3624 838 3692 Σύμμαχος.
875 3622 1099 3691 Κορυφὴ
1131 3622 1185 3672 δὲ
1215 3620 1455 3692 ἐντριχος
1497 3623 1530 3691 ἡ
1579 3620 1784 3690 κεφαλὴ

226 3715 332 3769 τῶν
376 3714 672 3785 ἀνθρώπων
721 3713 1059 3782 σημαίνεται.
1092 3711 1307 3763 Τούτων
1353 3708 1444 3763 οὖν
1473 3712 1647 3763 αὐτῶν
1681 3711 1784 3764 τῶν

227 3807 435 3879 ἐχθρῶν
467 3806 677 3871 ἑαυτοῦ,
701 3806 807 3859 τῶν
835 3805 1092 3876 πρότερον
1119 3803 1213 3865 τὰς
1240 3803 1346 3855 τῶν
1377 3802 1676 3873 ἀνθρώπων
1704 3821 1787 3854 κε-

228 3899 402 3968 φαλὰς
428 3898 887 3970 διαπορευομένων
921 3897 1014 3949 καὶ
1038 3896 1141 3948 ὑπὸ
1164 3898 1273 3957 τοῖς
1305 3892 1509 3946 ἑαυτῶν
1537 3893 1660 3945 ποσὶ
1689 3912 1785 3947 κα-

229 3991 630 4055 ταπατούντων,
662 3993 689 4044 6
712 3991 808 4054 τὰς
832 3988 1094 4055 διεξόδους
1117 3986 1209 4039 τοῦ
1238 3986 1464 4039 θανάτου
1493 3985 1786 4054 πεποιημέ-

232 4100 318 4145 νος
363 4082 491 4142 Θεὸς
537 4082 635 4145 τὰς
680 4064 913 4150 κεφαλὰς
949 4077 1409 4132 συνθλάσει.“Αντὶ
1441 4075 1497 4127 δὲ
1527 4073 1639 4134 τοῦ,
1680 4093 1696 4124 ι
1729 4075 1784 4126 tv

234 4172 628 4242 πλημμελείαις
654 4173 846 4236 αὐτῶν,
880 4189 897 4221 ι
936 4171 965 4221 6
995 4169 1302 4239 Σύμμαχος,
1341 4185 1358 4216 ι
1391 4167 1446 4217 tv
1477 4167 1592 4224 ταῖς
1617 4163 1788 4232 πλημ-

237 4264 474 4334 μελείαις
500 4264 685 4333 αὐτῆς,
720 4282 738 4314 ι
774 4262 1107 4332 ἡρμήνευσεν
1141 4257 1305 4312 είπῶν
1331 4275 1344 4288 ·
1381 4275 1398 4308 ι
1426 4255 1682 4327 Κορυφὴν
1707 4253 1789 4305 tv-

233 4371 415 4427 τριχον
448 4355 916 4424 ἀναστρεφομένην
934 4353 991 4404 tv
1009 4354 1126 4414 ταῖς
1141 4351 1244 4421 πλη
1255 4350 1532 4420 μμελείαις
1553 4348 1736 4417 αὐτῆς.
1764 4365 1782 4398 ι

235 4446 368 4500 οὐδὲ
400 4447 508 4516 γὰρ
541 4445 712 4508 ἄλλως
743 4443 962 4508 δυνατὸν
1002 4437 1070 4512 ῆν
1113 4445 1224 4501 τοῖς
1257 4432 1469 4512 ἐχθροῖς
1513 4438 1605 4492 τοῦ
1654 4437 1787 4490 Θεοῦ

234 4539 562 4593 καταπατεῖν
601 4535 839 4607 κορυφὴν
870 4533 1128 4604 ἕντριχον,
1162 4533 1403 4586 τουτέστι
1434 4530 1530 4593 τὰς
1560 4530 1666 4584 τῶν
1695 4532 1788 4583 ἀν-

1879 2084 2204 2141 volubilibus
2251 2088 2371 2140 vitae
2405 2087 2655 2140 fluctibus
2699 2086 2966 2138 volutata.
3012 2083 3188 2148 Quare
3230 2082 3285 2134 in
3320 2079 3420 2134 Job

1877 2193 2089 2247 quoque
2116 2178 2396 2232 dicebatur
2425 2197 2438 2232 :
2485 2196 2502 2228 ι
2544 2177 2748 2232 Venisti
2777 2185 2952 2230 autem
2983 2176 3037 2227 in
3077 2174 3277 2228 fontem
3306 2187 3422 2224 ma-

1878 2270 1975 2330 ris,
2004 2276 2054 2322 et
2079 2270 2132 2322 in
2160 2269 2400 2338 vestigiis
2425 2269 2603 2336 abyssi
2637 2267 2942 2320 ambulasti.
2979 2265 3303 2334 Aperiuntur
3327 2277 3424 2314 au-

1876 2365 1982 2409 tem
2009 2359 2108 2411 tibi
2141 2360 2332 2414 timore
2383 2369 2549 2428 portat
2577 2359 2752 2413 inferi.
2819 2357 3038 2411 Ostiarii
3069 2369 3194 2408 vero
3227 2351 3424 2406 inferni

1876 2448 2117 2502 videntes
2145 2455 2196 2502 te
2229 2450 2508 2504 conterriti
2539 2460 2719 2504 sunt.»
2748 2449 3008 2517 Contritis
3040 2461 3269 2514 namque
3295 2442 3424 2495 dra-

1877 2554 2072 2592 conum
2115 2540 2386 2606 capitibus
2429 2541 2635 2594 ostiarii
2686 2539 2880 2594 iuferni
2924 2538 3202 2592 conterriti
3250 2544 3422 2591 sum“:

1877 2645 2042 2698 quare
2069 2629 2261 2682 timore
2292 2630 2526 2697 correpti
2549 2636 2731 2697 portas
2762 2630 2951 2682 mortis
2977 2629 3152 2695 capita
3179 2628 3428 2681 inimico-

1878 2734 1994 2771 rum
2018 2733 2238 2771 suorum
2275 2717 2634 2787 confringeuti
2665 2718 2999 2786 aperiebant.
3045 2715 3109 2769 Hi
3158 2731 3284 2770 vero
3326 2717 3430 2769 ini-

1880 2810 2003 2863 mici
2044 2809 2256 2862 Domini
2302 2809 2610 2862 universum
2643 2809 2916 2861 hominum
2942 2824 3111 2876 genus
3150 2809 3430 2860 conculca-

1878 2903 2025 2956 bant.
2081 2901 2421 2970 Quapropter
2453 2899 2679 2954 inferius
2707 2897 2904 2951 dicitur
2934 2917 2946 2951 :
2982 2914 3000 2946 ι
3041 2897 3302 2949 Verticem
3338 2911 3429 2949 ca-

1879 2995 1991 3063 pilli
2023 2992 2506 3062 perambulantium
2537 2991 2588 3043 in
2621 2989 2829 3043 delictis
2856 2987 2990 3041 suis.
3027 3004 3044 3036 ι
3079 2984 3279 3038 Horum
3300 3027 3315 3050 ,
3345 2984 3428 3036 in-

1878 3085 2014 3152 quit,
2048 3082 2188 3136 Deus
2222 3080 2402 3148 capita.
2427 3078 2749 3147 confringet,
2778 3073 3284 3145 perambulantium,
3327 3070 3425 3134 ait,

1877 3181 1930 3224 et
1964 3174 2286 3226 calcantium
2337 3169 2512 3238 capita
2557 3169 2853 3226 hominum.
2907 3163 3012 3218 Pro
3055 3163 3144 3216 illo
3175 3176 3426 3231 namque,

1886 3282 1902 3313 ‹
1932 3264 2186 3316 verticem
2235 3263 2438 3331 capilli,
2484 3279 2503 3312 »
2541 3258 2915 3330 Symmachus,
2977 3274 2994 3305 ι
3042 3253 3297 3308 verticem
3341 3266 3431 3305 ca-

1883 3354 2147 3422 pillatum,
2187 3371 2207 3402 ι
2261 3353 2440 3405 vertit.
2483 3348 2679 3403 Vertex
2721 3358 2896 3400 autem
2927 3343 3225 3413 capillatus.
3255 3348 3430 3412 ipsum

1883 3442 1894 3474 ε
1927 3440 2158 3494 .>,.ιίιιυιη
2182 3446 2343 3506 caput
2366 3436 2650 3506 significat.
2685 3433 2883 3486 Horum
2915 3433 3098 3501 itaque
3124 3433 3226 3487 sibi
3254 3432 3431 3485 inimi-

1884 3546 2093 3593 corum,
2139 3530 2230 3598 qui
2268 3529 2418 3597 prius
2471 3527 2748 3579 hominum
2791 3523 2967 3592 capita
3007 3522 3254 3576 terebant
3283 3521 3434 3589 pedi-

1884 3625 2092 3692 busque
2121 3622 2234 3677 suis
2268 3619 2570 3684 calcabant,
2601 3617 2776 3686 capita
2808 3615 3106 3684 confringet
3140 3613 3302 3692 Deus,
3339 3613 3433 3682 qui

1885 3725 2063 3770 exitus
2095 3713 2284 3766 mortis
2328 3710 2522 3764 effecit.
2588 3706 2694 3760 Pro
2726 3707 2817 3759 illo
2841 3713 3041 3766 autem,
3085 3723 3102 3753 ι
3138 3703 3189 3756 in
3221 3701 3432 3774 delictis

1884 3805 2018 3866 suis,
2052 3822 2069 3853 ι
2105 3800 2480 3873 Symmachus,
2511 3819 2528 3850 ι
2563 3799 2616 3853 in
2659 3797 2870 3852 delictis
2914 3797 3029 3863 ejus
3067 3812 3083 3844 ι
3114 3793 3433 3860 interpreta-

1886 3902 1973 3948 tus
1997 3901 2100 3954 est,
2124 3892 2312 3945 dicens
2343 3909 2358 3943 :
2397 3888 2690 3943 «Verticem
2715 3887 3019 3956 capillatum
3049 3882 3346 3942 revolutum
3377 3879 3434 3934 in

1886 3983 2099 4037 delictis
2122 3982 2258 4048 ejus.
2277 3999 2292 4030 ι
2311 3979 2494 4049 Neque
2516 3981 2656 4034 enim
2678 3980 2782 4032 alio
2799 3978 2954 4030 modo
2973 3981 3213 4043 poterant
3229 3971 3435 4026 inimici

1887 4075 1977 4128 Dei
1996 4073 2248 4127 verticem
2267 4071 2600 4139 capillatum,
2623 4069 2765 4123 idest
2794 4067 3070 4120 hominum
3086 4065 3283 4134 capita,
3305 4078 3436 4117 con-

1886 4166 2118 4228 culcare,
2137 4162 2236 4216 nisi
2257 4159 2487 4230 propriis
2500 4159 2710 4212 delictis
2726 4173 2790 4228 ac
2806 4156 3041 4226 peccatis
3052 4154 3288 4223 depressi
3304 4151 3438 4208 fuis-

1891 4262 2028 4310 sent.
2066 4251 2246 4317 Quare
2287 4250 2354 4304 iis
2379 4250 2468 4318 q‘ui
2498 4250 2632 4302 tales
2670 4260 2776 4301 n0n
2806 4255 2961 4299 erant
3000 4245 3211 4300 dicebat
3243 4242 3438 4320 Serva-
3494 4289 3496 4291 .

1891 4355 1970 4400 tor
2005 4364 2018 4397 :
2068 4363 2086 4394 ι
2113 4340 2285 4397 Vestri
2320 4349 2498 4396 autem
2523 4340 2701 4409 capilli
2726 4339 2919 4407 capitis
2954 4352 3140 4391 omnes
3168 4335 3436 4389 numerati

1889 4443 2014 4488 sunt
2033 4433 2098 4488 δι.
2130 4450 2149 4483 ι
2170 4430 2300 4484 Nam
2327 4431 2712 4500 discipulorum
2733 4429 2907 4498 capilli
2932 4425 3126 4500 singuli
3156 4423 3438 4478 nobiiiot‘is

1888 4523 2134 4591 corporis
2161 4522 2353 4591 partis,
2395 4528 2459 4574 ut
2485 4504 2777 4574 necessarii
2813 4528 2865 4570 et
2898 4517 2962 4570 ad
2993 4523 3239 4568 ornatum
3268 4512 3436 4567 totius

237 4629 468 4701 θρὼπων
498 4595 759 4696 κεφαλας,
793 4595 841 4678 ἐι
873 4625 946 4696 μὴ
965 4595 1103 4685 ’ταῖς
1143 4621 1368 4686 οἰκείαις
1395 4621 1791 4694 πλημμελείαις
1822 4644 1868 4702 D
1893 4630 1935 4669 οι

1743 4638 1791 4684 ις
1822 4644 1868 4702 D
1893 4613 2232 4699 conferentes
2251 4653 2266 4677 ,
2307 4595 2710 4666 enumeratione
2741 4616 2793 4661 et
2817 4604 3059 4659 custodia
3081 4603 3259 4656 divina
3289 4601 3437 4671 digni

237 4690 328 4774 καὶ
354 4690 646 4791 ἁμαρτίαις
677 4690 1083 4771 τεταπεῂίνωντο.
1109 4713 1197 4765 Διὸ
1223 4715 1335 4775 τοῖς
1372 4713 1445 4784 μὴ
1483 4690 1738 4774 τοιούτοις
1765 4714 1793 4765 6
1822 4690 1863 4702 ν
1895 4703 1935 4758 ft

1765 4714 1793 4765 ό
1822 4690 1863 4702 ”
1895 4690 2078 4768 fuere;
2111 4711 2171 4756 ut
2213 4717 2281 4756 ne
2321 4699 2641 4754 raderentnr
2663 4695 2924 4751 novacula
2953 4692 3316 4755 inimicorum,
3344 4690 3437 4760 qui

463 4783 670 4877 έλεγεν·
704 4827 722 4860 ι
744 4806 925 4878 Ὑμῶν
953 4804 1010 4858 δὲ
1033 4803 1125 4857 καὶ
1148 4802 1202 4855 αἰ
1226 4802 1407 4874 τρίχες
1430 4783 1525 4872 τῆς
1554 4802 1791 4872 κεφαλῆς
1893 4813 1937 4866 p4

1740 4803 1791 4872 ἧς
1893 4795 2268 4866 perambulant
2308 4799 2361 4848 et
2388 4790 2710 4845 conculcant
2745 4802 2960 4850 omnem
2985 4785 3240 4842 verticem
3273 4783 3438 4851 capit.

239 4877 412 4956 πᾶσαι
449 4877 823 4972 ἠριθμημέναι
859 4897 1012 4950 εἰσίν.
1045 4912 1065 4946 ι
1101 4893 1219 4947 Τῶν
1251 4893 1360 4964 γὰρ
1393 4893 1570 4946 αὐτῶν
1615 4894 1791 4964 μαθη-
1897 4889 1937 4941 la

1169 4893 1219 4946 ῑιν
1251 4893 1360 4964 γὰρ
1393 4893 1570 4946 αὐτῶν
1615 4894 1791 4964 μαθη-
1897 4889 2060 4941 latum
2094 4886 2394 4941 revolutum
2418 4881 2472 4934 in
2495 4879 2708 4936 delictis
2727 4877 2867 4948 ejus.

240 4995 348 5048 τῶν
375 4967 700 5065 και-ἑκάστη
728 4991 848 5066 θρὶξ
877 4990 970 5044 τοῦ
998 4987 1320 5060 τιμιωτέρου
1351 4986 1551 5057 μέρους
1576 4985 1668 5038 τοῦ
1698 4985 1972 5055 σώματος,
2013 4979 2087 5041 ὡς
2113 4975 2382 5046 ἀναγκαία
2414 4969 2506 5026 xiii.
2559 4971 2759 5066 κόσμῳ
2820 4968 2910 5023 τοῦ
2970 4967 3167 5066 παντὸς
3201 4969 3439 5043 συμῧαλ-

242 5091 462 5161 λομένη,
489 5060 719 5161 ἀριθμού
762 5060 1091 5157 κατηξίωται
1121 5082 1263 5136 θείου
1290 5082 1380 5135 καὶ
1414 5080 1656 5151 φυλακῆς
1679 5098 1692 5111 ·
1723 5080 1798 5143 ὡς
1834 5077 1896 5130 ἂν
1924 5075 1997 5146 μὴ
2031 5071 2300 5143 ξυρηθῶσι
2323 5068 2402 5139 τῷ
2434 5065 2579 5138 ξυρῷ
2594 5065 2702 5119 τῶν
2746 5063 2973 5161 ἐχθρῶνξ
3005 5060 3111 5114 τῶν
3138 5062 3440 5140 ἐμπεριπα-

497 5155 946 5238 καταπατούντων
979 5181 1160 5234 πᾶσαν
1181 5175 1421 5246 κορυφὴν
1442 5174 1681 5243 ἔντριχον
1704 5175 1803 5246 τὴν
1839 5167 2312 5240 ἀναστρεφομένην
2341 5165 2398 5218 ἐν
2431 5160 2822 5233 πλημμελείαις
2846 5155 3032 5226 αὐτῆς.

319 5320 338 5350 ε
367 5295 502 5352 Εἶπε
553 5298 754 5368 Κύριος
776 5311 790 5328 ⁸
808 5296 902 5351 Ἐκ
923 5295 1100 5348 Βασὰν
1131 5291 1459 5364 ἐπιστρέψω,
1486 5289 1795 5360 ἐπιστρέψω
1966 5283 2017 5338 Vl

1739 5309 1795 5343 ιω
1966 5283 2130 5339 Vens.
2163 5283 2254 5337 23.
2301 5302 2320 5334 ι
2356 5281 2502 5336 Dixit
2550 5277 2826 5340 Dominus,
2871 5271 2948 5325 Lx
2985 5269 3164 5326 Basan
3216 5281 3437 5322 conver-

249 5395 304 5448 tv
341 5390 516 5460 βυθοῖς
542 5360 833 5458 θαλασσης.
860 5406 880 5438 ι
915 5383 1082 5440 Πάλιν
1128 5360 1399 5440 κὰνταύθα
1442 5399 1460 5431 ι
1490 5381 1518 5432 6
1544 5380 1742 5451 Κύριος
1772 5400 1790 5432 ι
1899 5388 1947 5433 ta

1739 5400 1742 5408 ι
1772 5400 1790 5432 ι
1899 5388 2027 5441 tam,
2051 5384 2359 5432 convertam
2389 5376 2444 5428 in
2475 5365 2799 5442 profundum
2829 5364 3016 5420 maris.
3046 5382 3066 5416 ι
3106 5360 3204 5416 Hic
3223 5373 3437 5413 rursum

249 5487 307 5540 ού
326 5450 414 5537 διὰ
431 5450 844 5550 τετραγράμμου
867 5481 995 5550 παρ’
1019 5477 1282 5550 Ἑϐραίοις
1303 5450 1698 5542 ὲκπεφώνηται,
1713 5471 1800 5526 διὰ
1905 5491 1923 5523 ι

1746 5471 1800 5526 ιὰ
1905 5491 1923 5523 ι
1952 5469 2235 5534 Dominus,
2269 5487 2288 5520 ι
2317 5483 2426 5522 non
2453 5465 2543 5519 illa
2566 5457 3132 5533 quatuor.litterarum
3148 5466 3277 5508 voce
3301 5450 3440 5520 apud

252 5577 309 5629 δὲ
331 5574 436 5629 τῶν
805 5544 1272 5639 στοιχείωνίἭδη
1324 5566 1379 5619 δὲ
1402 5564 1581 5636 τρίτον
1614 5563 1799 5618 τοῦτον
1902 5563 1950 5619 H

1743 5582 1799 5618 ον
1902 5563 2155 5619 Hebraeos
2181 5559 2520 5629 exprimitur,
2563 5552 2657 5610 sed
2694 5548 3153 5609 communioribus
3200 5544 3439 5619 elemen-

255 5667 516 5736 ἐδήλωσεν
539 5666 572 5733 ἡ
594 5634 836 5730 παροῦσα
853 5634 1042 5730 Γραφὴ
1065 5634 1334 5727 ἐφιστῶσα
1361 5634 1451 5711 τὸν
1480 5655 1554 5717 ὡς
1577 5654 1641 5708 ἂν
1661 5655 1802 5714 thro;
1903 5655 1953 5710 ti:

1740 5673 1802 5714 tot
1903 5655 1990 5710 tis.
2021 5649 2248 5720 Jamque
2277 5649 2436 5703 tertio
2460 5648 2605 5701 hunc
2629 5656 2864 5715 praesens
2894 5641 3162 5710 scriptura
3197 5634 3438 5689 nomina-

212 5756 224 5779 ‘
255 5723 356 5822 τις..
387 5723 632 5824 δεύτερον
660 5723 1045 5822 ΚύριονλΕπεί
1071 5723 1163 5806 καὶ
1193 5754 1252 5805 ἐν
1275 5749 1353 5820 τῷ
1384 5741 1640 5818 φάσκοντι
1669 5747 1801 5816 ψαλ-
1904 5763 1910 5775 ε

1735 5747 1801 5801 ιλ-
1904 5746 2000 5810 vit,
2023 5741 2428 5811 secundumque
2452 5738 2772 5824 Dominum,
2816 5739 2877 5788 ut
2913 5730 3182 5817 quispiam
3222 5723 3433 5812 dixerit,

327 5913 370 5945 ⁸⁸
398 5911 498 5968 Job
533 5923 756 5967 nm".
787 5909 870 5963 ω(
891 5907 994 5964 ω-
1068 5907 1112 5953 ."
1142 5901 1328 5961 ﬂatth.
1367 5921 1420 5969 x,
1455 5903 1524 5957 30
