4300 6414
803 510 910 568 7οἸ

1510 499 1780 560 EUSEBll
1819 497 2298 555 CJESARIENSIS
2335 499 2483 555 OPP.
2527 498 2706 555 PARS
2743 499 2830 555 ΙΙΙ.
2871 531 2940 540 -—
2978 498 3392 557 EXEGE'I‘ICA.

3951 500 4053 557 708

804 625 1039 681 induxit.
1073 622 1353 692 Siquidem
1384 619 1438 672 in
1460 618 1670 689 psalmo
1703 616 1794 686 qui
1831 616 1911 671 sic
1942 616 2103 669 habet
2128 634 2145 667 τ
2177 634 2195 665 ι
2225 614 2370 669 Dixit
2400 625 2444 679 Α
2477 619 2536 689 μζ

2477 618 2562 689 μῷ
2583 637 2595 648 ·
2633 638 2650 670 ι
2679 613 2812 671 Εῖπε
2836 610 3038 689 Κύριος
3069 616 3149 686 τῷ
3177 615 3365 688 Κυρίῳ
3392 631 3514 687 μου.
3553 615 3736 670 Κάθου
3768 616 3832 670 ἐκ
3864 615 4052 684 δεξιῶν

804 717 1066 770 Dominus
1124 712 1353 766 Domino
1385 725 1506 764 meo
1543 728 1556 762 :
1599 707 1738 762 Sede
1773 723 1802 760 a
1838 705 2046 761 dextris
2071 706 2305 770 meis“,
2345 725 2364 759 ι

804 809 1011 879 primus
1055 822 1150 876 per
1184 803 1478 858 ineffabilia
1505 800 1646 870 apud
1684 799 1941 854 Hebraeos
1973 807 2210 868 quatuor
2257 802 2369 853 ele-

804 907 980 954 menta
1020 898 1318 962 scribitur;
1350 895 1624 950 secundus
1658 901 1859 954 autem,
1885 906 2047 962 quem
2076 892 2158 947 sui
2196 890 2374 945 Domi-

801 1006 928 1045 num
979 988 1246 1058 Propheta
1304 986 1546 1041 declarat
1587 984 1797 1045 dicens,
1831 1000 1850 1033 ‹
1882 980 2112 1036 Ι)οωίηο
2141 996 2262 1036 meo
2287 1022 2302 1046 ,
2346 1002 2364 1034 ι

800 1085 918 1138 aliis
952 1082 1236 1137 elementis
1268 1079 1616 1148 exprimitur,
1647 1076 1803 1146 queis
1828 1074 2078 1144 cujusvis
2108 1075 2252 1130 servi
2279 1074 2372 1130 do-

799 1177 980 1229 minus
1008 1172 1365 1243 significatur.
1403 1169 1494 1223 Sic
1519 1183 1650 1238 ergo
1677 1184 1826 1222 nunc
1854 1182 2073 1238 quoque
2095 1167 2208 1237 jam
2259 1174 2370 1221 ter-

798 1268 872 1320 tio
903 1267 992 1321 ille
1017 1265 1303 1328 Dominus,
1332 1262 1426 1333 qui
1449 1277 1624 1330 usque
1655 1259 1722 1313 ad
1758 1259 2033 1314 infernum
2064 1259 2366 1326 descendit,

796 1361 1083 1426 exitusque
1127 1357 1321 1409 mortis
1357 1340 1589 1424 paravit,
1625 1350 1947 1421 vulgaribus
1995 1357 2050 1404 et
2092 1350 2368 1405 consuetis

797 1450 940 1519 apud
979 1447 1234 1503 Hebmos
1262 1445 1548 1500 elementis
1598 1440 1945 1511 exprimitur.
2002 1439 2182 1506 Quare
2213 1440 2370 1513 Sym-

797 1544 1027 1596 machus
1078 1539 1363 1609 δεσπότην,
1407 1539 1522 1593 sive
1560 1536 1943 1590 dominatorem
1981 1535 2368 1605 interpretatus

795 1642 900 1689 est.
930 1633 1034 1690 ,Hic
1079 1647 1209 1703 ergo
1243 1630 1526 1692 Dominus,
1557 1627 1807 1681 videlicet
1835 1626 1930 1681 Dei
1961 1624 2222 1689 Verbum,
2272 1627 2366 1691 ait,

803 1744 821 1777 ι
858 1723 1128 1778 ExBasan
1161 1731 1509 1786 convertam;
1553 1740 1570 1770 ι
1613 1734 1675 1774 ac
1709 1733 1962 1783 rursum,
1991 1737 2011 1770 ι
2042 1719 2367 1774 Convertam

795 1835 861 1873 ex
895 1818 1166 1888 profundo
1193 1816 1378 1870 maris.
1409 1833 1427 1865 ι
1456 1813 1675 1868 Proillo
1697 1821 1900 1876 autem,
1932 1831 1950 1863 ι
1981 1820 2315 1873 convertam,
2345 1829 2362 1862 ι

796 1927 860 1965 ac
891 1911 1152 1973 secundo,
1192 1927 1209 1959 ι
1242 1916 1577 1969 convertam,
1623 1926 1640 1957 ι
1681 1903 2046 1976 Symmachus
2085 1904 2165 1959 sic
2202 1905 2370 1957 inter-

2478 728 2602 782 μου,
2633 730 2650 762 ι
2681 709 2767 763 διὰ
2794 708 2900 769 τῶν
2932 709 3329 781 άνεκφωνήτων
3374 710 3505 779 παρ’
3546 707 3816 780 Ἑϐραίοις
3855 709 4048 765 τεττά-

2477 821 2585 874 ρων
2619 801 2892 875 στοιχείων
2920 801 3249 872 ἐγέγραπτο.
3290 799 3347 853 Ὀ
3376 799 3432 853 δὲ
3461 799 3731 869 δεύτερος,
3762 799 3821 853 ὃν
3852 801 4048 856 ἐαυτοῦ

2475 896 2675 966 Κύρ.ον
2700 898 2727 947 ό
2751 895 3034 965 προφήτης
3053 893 3240 964 ἐδήλου
3262 892 3507 961 φάσκων,
3534 891 3654 962 «Τῷ
3673 893 3862 964 Κυρίῳ
3887 911 4045 964 μου,›

2475 989 2677 1058 ἑτέροις
2711 988 2995 1057 στοιχείοις
3028 985 3300 1058 ἐδηλοῦτο,
3331 980 3411 1048 οἷς
3443 985 3536 1039 καὶ
3564 986 3671 1049 πᾶς
3697 987 3726 1040 6
3750 987 3808 1038 ἐν
3836 984 4050 1060 ἀνθρώ-

2473 1095 2594 1141 ποις
2623 1078 2808 1130 δούλου
2840 1077 3027 1148 κύριος
3073 1075 3417 1147 σημαίνεται.
3452 1074 3637 1139 Οὕτως
3681 1069 3774 1128 οὗν
3813 1077 3908 1129 καὶ
3961 1077 4051 1129 ἐν-

2471 1172 2645 1225 ταῦθα
2691 1171 2790 1242 ήδη
2828 1169 3006 1241 τρίτον
3055 1171 3084 1222 6
3136 1169 3329 1240 μέχρις
3366 1168 3494 1240 ᾅδου
3542 1166 3788 1231 καταὸὰς
3828 1168 3924 1224 καὶ
3967 1167 4050 1221 δι-

2472 1262 2682 1328 εξόδους
2720 1261 2951 1316 Θανάτου
2985 1261 3351 1332 πεποιημένος
3399 1262 3602 1332 Κύριος
3650 1250 3745 1314 διὰ¹
3781 1259 3891 1313 τῶν
3917 1263 4051 1332 παρ’

2484 1356 2749 1428 Ἐὅραίοις
2796 1353 2988 1416 κοινῶς
3018 1351 3376 1424 γραφομένων
3410 1352 3684 1422 στοιχείων
3714 1349 4048 1422 ὠνόμασται.

2469 1447 2669 1516 Διόπερ
2697 1447 2724 1498 ό
2753 1445 3045 1515 Σύμμαχος
3077 1460 3094 1493 ι
3124 1443 3389 1513 δεσπότην
3420 1461 3437 1492 ι
3471 1443 3818 1513 ἡρμήνευσεν
3863 1441 4047 1495 αὐτόν.

2472 1534 2639 1604 Οὗτος
2666 1535 2756 1593 οὖν
2779 1543 2806 1592 6
2838 1537 3062 1610 Κύριος,
3087 1535 3247 1599 αύτδς
3274 1538 3302 1588 6
3329 1534 3422 1588 τοῦ
3456 1534 3591 1588 Θεοῦ
3627 1529 3796 1603 Λόγος
3823 1534 4048 1606 δηλαδὴ,

2471 1627 2589 1683 εἷπε
2605 1648 2616 1659 ·
2631 1650 2647 1679 ι
2673 1629 2960 1683 ἘκΒασὰν
2977 1627 3304 1697 ἐπιστρέψω·
3323 1625 3442 1679 »καὶ
3459 1625 3620 1680 πάλιν
3636 1643 3646 1653 ·
3661 1643 3680 1676 ι
3705 1625 4049 1696 Ἐπιστρέψω
4131 1657 4135 1666 -

2470 1726 2533 1776 ἐκ
2554 1713 2732 1792 βυθῶν
2760 1721 3087 1792 θαλάσσης.)
3110 1721 3252 1774 Ἀντὶ
3276 1721 3332 1774 δὲ
3352 1719 3468 1784 τοῦ,
3497 1739 3514 1771 ι
3546 1719 3880 1791 ἐπιστρέψω,
3905 1739 3924 1772 ι
3955 1719 4050 1773 καὶ

2468 1817 2562 1870 τοῦ
2593 1818 2862 1889 δεύτερον,
2896 1836 2914 1868 ι
2939 1815 3271 1888 ἐπιστρέψω,
3304 1835 3321 1868 ι
3358 1817 3386 1867 6
3412 1814 3707 1886 Σύμμαχος
3731 1814 3920 1869 τοῦτον
3949 1816 4050 1886 ήρ-

2474 1911 2706 1981 μήνευσε
2727 1912 2816 1964 τὸν
2847 1911 3046 1983 τρόπον
3067 1929 3079 1941 ·
3109 1930 3128 1962 ‹
3157 1906 3288 1966 Εῐπε
3315 1909 3520 1981 Κύριος
3538 1928 3549 1939 ·
3571 1909 3700 1962 Ἀπὸ
3721 1909 3902 1963 Βασάν
3928 1911 4050 1961 ἐπι-

795 2008 1060 2073 pretatur,
1100 2020 1117 2052 ι
1141 1968 1297 2053 Dixit
1327 1968 1589 2051 Dominus
1622 2014 1635 2048 :
1794 1993 1972 2047 Basan
2002 2000 2278 2056 revertar,
2315 2000 2369 2046 et
2399 1968 2441 2022 Β
2472 1968 2532 2053 ξπ

2472 1968 2708 2072 στρέψω,
2737 2002 2831 2054 καί
2858 1968 3193 2073 άναστρέψαι
3236 1968 3448 2071 ποιήσῶ
3493 1968 3600 2054 άπὸ
3637 1999 3812 2070 βυθῶν
3844 1998 4048 2053 θαλάσ-

795 2093 990 2147 reverti
1041 2091 1236 2145 faciam
1283 2106 1352 2144 ex
1401 2084 1674 2157 profundo
1724 2083 1912 2137 maris.
1953 2102 1970 2134 ι
2009 2079 2204 2136 Viden‘
2248 2097 2369 2151 quae

791 2195 957 2251 opera
999 2180 1232 2234 ediderit
1280 2176 1547 2230 Dominus
1585 2188 1711 2228 cum
1761 2169 2137 2227 descendisset
2162 2172 2217 2225 in
2243 2186 2369 2242 pro-

791 2274 1020 2334 fundum
1045 2271 1253 2327 maris?
1282 2267 1563 2338 Confregit
1586 2266 1764 2337 capita
1793 2264 2094 2319 draconum
2125 2265 2179 2317 in
2203 2279 2365 2334 aqua,

791 2380 1005 2424 necnon
1036 2363 1265 2433 capillos
1295 2360 1642 2416 inimicorum
1676 2372 1924 2420 suorum,
1948 2356 2042 2426 qui
2066 2375 2084 2408 ι
2111 2357 2363 2411 verticem

790 2459 1105 2530 capillatum
1140 2457 1196 2510 in
1235 2454 1452 2510 delictis
1484 2472 1501 2503 ›
1536 2449 1968 2515 conculcabant;
2000 2449 2197 2503 reverti
2240 2448 2366 2503 fecit

789 2568 858 2607 ex
905 2551 1083 2606 Basan
1113 2556 1168 2604 et
1211 2563 1276 2603 ex
1306 2545 1580 2618 profundo
1626 2544 1797 2599 maris
1841 2544 2052 2598 animas
2089 2543 2212 2597 istic
2235 2542 2364 2597 olim

790 2644 1091 2699 demersas.
1134 2641 1319 2696 Basan
1367 2647 1549 2692 autem
1585 2636 1893 2705 explicatur
1937 2634 2258 2706 ignominia,
2309 2634 2366 2686 in

788 2752 954 2808 quam
1006 2735 1267 2804 delapsus
1315 2739 1400 2788 est
1441 2729 1706 2785 Dominus
1757 2743 1854 2799 per
1904 2734 2203 2782 memorata
2257 2725 2365 2781 ele-

787 2838 972 2883 menta
1019 2827 1314 2889 indicatus,
1358 2825 1450 2894 qui
1498 2823 1859 2894 ignominiam
1895 2820 2227 2890 contempsit
2266 2835 2365 2890 pre

787 2924 964 2979 salute
993 2936 1183 2976 eorum
1214 2921 1305 2989 qui
1339 2920 1463 2974 istic
1505 2918 1560 2971 in
1611 2915 1925 2988 captivitate
1948 2915 2153 2969 detenti
2185 2921 2360 2968 erant.

785 3016 1152 3086 Quamobrem
1200 3014 1404 3067 dicitur
1433 3031 1448 3066 :
1479 3030 1498 3062 ι
1536 3010 1680 3064 Dixit
1730 3009 2032 3064 Dominus:
2067 3006 2145 3060 Ex
2185 3005 2361 3060 Basan

783 3117 1123 3175 convertam,
1138 3114 1457 3162 convertam
1487 3119 1551 3158 ex
1578 3101 1852 3172 profundo
1883 3101 2089 3155 maris:
2119 3109 2140 3151 ι’
2165 3097 2361 3153 deinde

783 3184 1083 3272 adjicitur:
1110 3218 1128 3250 ι
1164 3196 1235 3252 Ut
1266 3196 1570 3265 intingatur
1619 3207 1716 3264 pcs
1749 3202 1876 3247 tuus
1904 3192 1962 3246 in
2004 3191 2289 3272 sanguine.
2333 3209 2352 3242 ›

2472 2111 2591 2164 σης.
2624 2111 2642 2144 ι
2692 2092 2855 2164 Ὁρᾷς
2889 2094 3047 2146 ὁποῖα
3100 2090 3496 2165 κατορθώματα
3539 2091 3831 2164 εἰργάσατο
3877 2099 4047 2148 καταέ

2468 2185 2571 2248 ϐὰς
2618 2186 2699 2249 εἰς
2730 2186 2854 2248 τοὺς
2897 2183 3089 2254 βυθοὺς
3115 2185 3214 2256 τῆς
3254 2184 3526 2256 θαλάσσης
3556 2187 3583 2237 6
3627 2183 3867 2254 Κύριοςς
3921 2200 4046 2238 συν-

2469 2278 2658 2332 έθλασε
2690 2277 2786 2341 τὰς
2821 2276 3061 2346 κεφαλὰς
3091 2277 3200 2331 τῶν
3238 2277 3545 2350 δρακόντων
3569 2277 3660 2330 ἐπὶ
3691 2277 3786 2330 τοῦ
3829 2275 4043 2341 ὓδατος,

2470 2371 2562 2424 καὶ
2590 2371 2688 2434 τὰς
2718 2370 2907 2441 τρίχας
2929 2369 3034 2422 τῶν
3061 2368 3267 2440 ἐχθρῶν
3287 2351 3463 2422 αὑτοῦ
3490 2368 3601 2422 τῶν
3631 2386 3650 2420 ι
3675 2369 3775 2440 τὴν
3800 2369 4046 2440 ἐντριχον

2469 2461 2708 2533 κορυφὴν
2753 2454 2810 2514 ἐν
2855 2460 3252 2532 πλημμελείαις
3289 2479 3306 2511 ι
3350 2459 3821 2531 διαπορευομένων
3851 2473 3868 2492 ·
3918 2461 4046 2513 ἐπι-

2469 2555 2696 2624 στρέψαι
2754 2555 2808 2608 δὲ
2854 2555 3024 2607 ἐποίει
3068 2553 3174 2606 ἀπὸ
3207 2553 3385 2608 Βασὰν
3431 2553 3526 2606 καί⁸
3581 2552 3688 2605 ἀπὸ
3738 2551 3916 2622 βυθῶν
3946 2551 4046 2625 τῆς

2466 2647 2742 2718 θαλάσσης
2799 2645 2898 2710 τὰς
2973 2645 3140 2698 πάλαι
3213 2644 3778 2714 καταπεποντωμένας
3847 2644 4044 2700 αὐτόσε

2464 2739 2660 2810 ψυχάς.
2694 2738 2872 2791 Βασὰν
2906 2738 2960 2790 δέ
2991 2739 3328 2810 ἡρμήνευται
3356 2736 3607 2809 αἰσχύνη,
3636 2736 3764 2790 ἔνθα
3795 2737 3863 2793 δι’
3893 2739 4043 2810 ἡμᾶς

2465 2831 2728 2903 κατῆλθεν
2765 2833 2793 2883 6
2824 2831 2910 2884 διὰ
2952 2831 3060 2885 τῶν
3111 2831 3416 2903 εἰρημένων
3450 2830 3729 2901 στοιχείων
3779 2831 4041 2903 δηλωθείς

2464 2924 2689 2995 Κύριος,
2721 2925 2978 3002 αἰσχύνης
3011 2927 3428 2997 καταφρονήσας
3463 2923 3600 2995 ὑπὲρ
3634 2924 3906 2996 σωτηρίας
3931 2923 4042 2978 τῶν

2465 3020 2651 3073 αὐτόθι
2680 3020 3252 3091 καταδεδουλωμένων.
3278 3020 3370 3073 Διὸ
3398 3018 3648 3074 λέλεκται
3673 3037 3686 3051 ·
3718 3039 3736 3072 ‹
3766 3015 3903 3074 Εἷπε
3928 3020 4042 3075 Κύ-

2467 3129 2615 3182 ριος·
2660 3111 2964 3166 ἘκΒασὰν
3009 3112 3318 3184 ἐπιστρέψω
3347 3152 3361 3175 ,
3407 3112 3719 3183 ἐπιστρέψω
3767 3114 3830 3166 ἐκ
3864 3112 4042 3183 βυθῶν

2467 3202 2739 3274 θαλάσσης
2762 3219 2774 3232 ·
2808 3222 2825 3254 ι
2860 3198 2958 3255 εἶθ’
2985 3201 3112 3273 ἐξῆς
3136 3202 3421 3256 λέλεκται·
3468 3223 3486 3255 ι
3521 3205 3706 3267 Ὅπως
3736 3203 3802 3257 ἂν
3838 3205 3982 3279 βαφῇ
4012 3198 4040 3260 6

781 3269 890 3349 Pro
918 3307 1027 3364 quo
1070 3288 1434 3363 Symmachus
1458 3288 1872 3357 interpretatur.
1914 3303 1933 3336 ι
1967 3269 2357 3354 Utconfringa-
2387 3325 2427 3381 ϐ
2467 3315 2536 3349 πο

2471 3296 2602 3360 ποῦς
2650 3269 2743 3350 σου
2796 3297 2852 3349 ἐν
2883 3269 3095 3370 αἵματι.
3129 3315 3147 3347 ι
3191 3295 3329 3349 Ἀνθ’
3377 3291 3492 3350 οὗό
3537 3269 4042 3371 Σύμμαχος-ἡρμή-

784 3397 872 3440 tur
896 3401 992 3457 pes
1019 3391 1148 3439 tuus
1169 3399 1294 3438 cum
1325 3381 1610 3450 sanguine.
1636 3387 1689 3435 et
1718 3379 1921 3432 lambat
1946 3378 2130 3448 lingua
2160 3392 2357 3431 canum
2398 3378 2418 3381 '
2462 3408 2536 3442 νει

2471 3407 2647 3442 νευσεν
2675 3388 2869 3443 εἰπών·
2907 3408 2924 3439 ‹
2957 3390 3144 3452 Ὅπως
3175 3387 3522 3462 συγκατεάξῃ
3552 3391 3581 3442 6
3613 3388 3749 3454 ποῦς
3778 3407 3869 3444 σου
3903 3390 4041 3462 μετὰ

784 3487 1001 3546 tuorum
1032 3477 1099 3531 ab
1132 3489 1461 3546 unoquoque
1498 3471 1848 3528 inimicorum
1879 3479 2122 3527 tuorum.
2164 3490 2183 3522 ι
2222 3469 2358 3525 Nam

782 3586 907 3624 cum
963 3568 1216 3624 inimicos
1270 3581 1404 3623 suos
1455 3571 1783 3629 contereret,
1838 3571 1892 3618 et
1937 3564 2116 3634 capita
2168 3578 2356 3618 eorum

780 3662 1176 3734 confringeret,
1204 3661 1396 3734 pedem
1426 3676 1585 3717 suum
1617 3657 1885 3729 sanguine
1918 3673 1987 3713 ex
2033 3657 2210 3728 capite
2253 3657 2358 3711 ini-

779 3757 904 3812 mici
940 3758 1024 3811 sui
1057 3753 1259 3808 fluente
1288 3753 1552 3823 replebat.
1578 3750 1761 3818 Quare
1815 3752 1871 3804 in
1924 3748 2065 3805 lsaia
2113 3751 2350 3806 dicitur:

782 3866 803 3901 ι
843 3846 980 3916 Quis
1008 3854 1117 3902 est
1168 3845 1256 3900 hic
1311 3844 1406 3915 qui
1453 3843 1604 3898 venit
1649 3859 1716 3899 ex
1771 3841 1966 3907 Edom,
1998 3843 2165 3898 rubor
2189 3845 2355 3899 vesti-

779 3947 1084 3994 mentorum
1113 3953 1179 3992 ex
1212 3937 1383 3992 Bosor
1400 3936 1484 3990 "7
1511 3956 1528 3988 ι
1570 3950 1632 3990 ac
1666 3934 1861 3991 deinde
1888 3955 1900 3990 :
1939 3954 1956 3986 ‹
1983 3934 2165 4002 Quare
2189 3937 2354 3991 rubra

777 4034 1104 4086 vestimenta
1127 4039 1242 4096 tua,
1271 4039 1326 4086 et
1361 4030 1691 4102 indumenta
1714 4037 1806 4084 tua
1837 4029 1983 4084 sicut
2013 4029 2208 4083 calcati
2239 4035 2352 4083 tor-

777 4122 1005 4186 cularis,
1037 4121 1228 4192 plenus
1260 4122 1683 4177 conculcata“?
1719 4143 1737 4175 ›
1776 4123 1978 4177 Postea
2031 4121 2350 4192 rogantibus

776 4214 853 4268 ita
880 4212 1182 4282 .respOndet
1213 4231 1225 4265 :
1266 4230 1284 4263 ι
1326 4211 1544 4267 Calcavi
1577 4213 1726 4283 ipsos
1753 4215 1809 4269 in
1858 4214 2048 4268 furore
2082 4227 2204 4267 meo
2226 4212 2291 4267 ".
2325 4232 2343 4264 )

773 4300 876 4360 Hic
921 4305 1047 4358 item
1097 4310 1225 4374 post
1263 4304 1471 4358 calcata
1521 4304 1820 4359 draconum
1859 4306 2064 4375 capita,
2097 4303 2299 4359 dicitur
2331 4324 2343 4360 :

777 4416 798 4449 ι
830 4394 904 4452 Ut
945 4395 1330 4467 confringatur
1381 4410 1479 4465 pes
1519 4403 1650 4450 tuus
1694 4411 1819 4450 cum
1869 4397 2154 4468 sanguine,
2186 4416 2204 4448 ι
2239 4395 2345 4464 vel,

777 4507 797 4540 ι
839 4487 909 4544 Ut
942 4489 1244 4559 intingatur
1269 4503 1366 4558 pes
1397 4495 1527 4542 tuus
1551 4487 1604 4540 in
1631 4487 1918 4559 sanguine,
1951 4495 2005 4543 et
2042 4488 2226 4559 lingua
2253 4503 2345 4543 ca-

2460 3484 2709 3554 αἴματος,
2751 3482 2846 3536 καὶ
2893 3481 3035 3554 λάψῃ
3079 3480 3365 3554 ήγλῶσσα
3410 3481 3516 3534 τῶν
3562 3483 3738 3537 κυνῶν
3793 3500 3885 3537 σου
3932 3483 4041 3538 ἀπὸ

2459 3575 2688 3637 ἑκάστου
2744 3574 2852 3627 τῶν
2902 3573 3110 3648 ἐχθρῶν
3160 3591 3272 3627 σου.
3321 3592 3339 3625 ›
3403 3574 3712 3646 Συντρίὸων
3758 3575 3866 3647 γὰρ
3911 3577 4040 3641 τοὺς

2459 3664 2653 3718 ἑαυτοῦ
2700 3663 2926 3736 ἐχθροὺς
2958 3665 3053 3717 καὶ
3099 3663 3197 3728 τὰς
3251 3662 3490 3732 κεφαλὰς
3538 3662 3717 3717 αὐτῶν
3765 3663 4035 3728 συνθλῶν,

2456 3757 2694 3828 ἐπλήρου
2742 3755 2832 3808 τὸν
2865 3753 3059 3809 ἐαυτοῦ
3104 3754 3240 3806 πόδα
3271 3754 3523 3824 αἵματος,
3557 3750 3650 3805 τοῦ
3698 3753 3762 3805 ἐκ
3788 3751 3896 3806 τῶν
3943 3768 4038 3808 κε-

2457 3844 2640 3917 φαλῶν
2689 3845 2784 3900 τοῦ
2820 3847 3015 3918 ἐχθροῦ
3067 3843 3232 3898 αὑτοῦ
3287 3845 3525 3916 ῥυέντος.
3579 3843 3672 3896 Διὸ
3722 3843 3937 3912 ἐλέγετο
3976 3845 4036 3898 ἐν

2466 3940 2695 4009 Ἡσαΐᾳ·
2736 3958 2754 3989 ‹
2789 3939 2883 4000 Τίς
2915 3931 3071 4000 οὗτος
3122 3939 3150 3991 6
3199 3933 3644 4008 παραγενόμενος
3695 3932 3757 3998 ἐξ
3802 3932 4032 4006 Ἐδὼμ,

2454 4034 2704 4105 ἐρύθημα
2741 4033 2971 4103 ἱματίων
3001 4033 3065 4084 ἐκ
3086 4029 3256 4101 Βοσόρ
3282 4046 3295 4093 ;
3326 4048 3342 4080 ι
3370 4028 3462 4081 καὶ
3493 4027 3619 4097 ἐξῆς
3638 4045 3653 4058 ο
3677 4047 3696 4081 ι
3722 4026 3820 4081 Διὰ
3851 4027 3902 4079 τί
3939 4041 4033 4078 σου

2453 4123 2656 4195 ἐρυθρά
2695 4122 2762 4175 τά
2793 4123 3000 4192 ἱμάτια,
3046 4119 3136 4174 καὶ
3167 4120 3235 4173 τά
3268 4117 3540 4190 ἐνδύματά
3568 4111 3664 4170 σου
3702 4116 3778 4180 ὡς
3813 4117 4032 4170 ἀποπα-

2451 4217 2612 4288 τητοῦ
2639 4213 2820 4286 ληνοῦ,
2847 4214 3060 4286 πλήρης
3088 4229 3303 4282 πεπατη
3315 4211 3480 4283 μένης
3505 4226 3519 4275 ;
3551 4228 3568 4260 ι
3594 4205 3707 4262 Εἴθ’
3737 4209 3864 4280 ἐξῆς
3893 4209 4030 4262 ἀπο-

2451 4311 2694 4382 κρίνεται
2727 4309 2862 4382 πρὸς
2888 4308 3013 4371 τοὺς
3041 4307 3443 4380 ἐρωτήσαντας,
3479 4303 3573 4357 καί
3611 4320 3743 4374 φησι
3767 4319 3779 4333 ·
3825 4320 3843 4354 ι
3876 4303 4029 4356 Κατ-

2451 4402 2700 4473 επάτησα
2724 4401 2920 4464 αὐτοὺς
2955 4402 3012 4453 ἐν
3042 4399 3198 4471 θυμῷ
3231 4395 3353 4471 μου.
3407 4416 3425 4449 ι
3454 4398 3563 4451 Καὶ
3598 4394 3832 4450 ἐνταῦθα
3846 4392 4028 4447 τοίνυν

2452 4492 2589 4565 μετὰ
2633 4492 2730 4563 τὴν
2781 4489 3069 4562 συντριδὴν
3100 4490 3208 4542 τῶν
3253 4486 3510 4558 ,κεφαλῶν
3551 4485 3661 4540 τῶν
3720 4483 4029 4556 δρακόντων

770 4595 900 4638 num
923 4589 1142 4637 tuorum
1168 4599 1235 4639 ex
1260 4580 1498 4636 inimicis
1529 4581 1597 4635 ab
1624 4580 1762 4651 ipso.
1805 4599 1823 4631 ι
1867 4577 1974 4634 Pro
2004 4595 2113 4650 quo
2141 4580 2343 4636 clarius
2448 4586 2536 4639 λέλ

2471 4586 2720 4639 .έλεκται·
2757 4603 2774 4635 ι
2809 4584 2992 4647 Ὅπως
3023 4582 3088 4636 ἂν
3136 4579 3483 4655 συγκατεάξῃ
3511 4581 3540 4632 6
3570 4576 3705 4641 ποῦς
3741 4591 3836 4630 σου
3888 4573 4027 4646 μετὰ

771 4670 1136 4745 Symmachus
1171 4672 1560 4741 interpretatus
1594 4680 1680 4727 est
1721 4671 1933 4734 dicens,
1971 4687 1989 4720 ι
2027 4669 2092 4723 Et
2133 4671 2339 4727 lambat
2369 4685 2414 4742 υ
2443 4680 2536 4750 αῖμ

2471 4680 2695 4750 εἵματος,
2711 4699 2728 4730 ι
2748 4677 2804 4748 ἦ,
2825 4677 3043 4740 «Ὅπως
3067 4675 3211 4747 βαφῇ
3234 4678 3262 4729 6
3279 4674 3412 4738 ποῦς
3436 4690 3528 4727 σου
3553 4674 3611 4725 ἐν
3637 4672 3848 4741 αἵματι,
3868 4669 3963 4724 καὶ
3988 4674 4023 4742 ή

768 4765 954 4835 lingua
982 4779 1180 4818 canum
1215 4772 1458 4828 tuorum.
1489 4765 1558 4820 ab
1608 4777 1941 4834 unoquoque
1988 4761 2340 4818 inimicorum
2438 4769 2536 4840 γλᾶ

2471 4769 2661 4823 ’λῶσσα
2716 4767 2822 4821 τῶν
2857 4766 3032 4821 κυνῶν
3087 4784 3180 4820 σου
3237 4766 3297 4832 ἐξ
3353 4763 3562 4836 ἐχθρῶν
3610 4763 3736 4834 παρ’
3774 4761 3959 4817 αὑτοῦ.
4000 4778 4020 4812 ι

768 4864 1010 4911 tuorum.
1055 4875 1074 4909 ι
1110 4854 1288 4913 Canes
1323 4873 1488 4928 porro
1518 4856 1736 4912 Domini
1788 4853 2112 4926 sanguinem
2153 4855 2340 4910 inimi-
2452 4865 2536 4916 ’Av

2471 4861 2594 4916 Ανθ’
2623 4854 2684 4915 οὗ
2719 4860 3037 4933 λευκότερον
3065 4863 3094 4914 6
3115 4860 3410 4931 Σύμμαχος
3441 4856 3787 4929 ήρμήνευσεν
3812 4852 3982 4906 εἰπών
4005 4870 4020 4884 ·

766 4963 957 5003 corum
991 4948 1113 5017 ejus
1146 4947 1469 5016 lambentes,
1505 4964 1646 5020 quos
1673 4963 1797 5004 esse
1827 4946 2059 5012 dixeris,
2085 4948 2192 5003 nisi
2217 4963 2336 5020 gre-
2443 4973 2461 5006 ι
2492 4956 2536 5009 Κ

2492 4956 2603 5009 Καὶ
2635 4953 2777 5026 λάψῃ
2806 4956 2839 5025 ἡ
2876 4953 3096 5022 γλῶσσα
3141 4951 3250 5006 τῶν
3288 4947 3466 5006 κυνῶν
3498 4945 3589 5000 ἇου
3631 4945 3744 5000 ἀπὸ
3791 4942 4023 4999 ἑκάστου

764 5042 849 5112 gis
896 5041 1071 5113 ipsius
1111 5041 1380 5114 custodes.
1412 5041 1704 5114 pervigiles
1748 5041 1843 5112 qui
1891 5039 2192 5095 Ecclesiam
2220 5040 2338 5110 ejus
2437 5047 2536 5100 τῶν

2471 5047 2546 5100 ῶν
2576 5047 2785 5120 ἐχθρῶν
2832 5063 2946 5100 σου.
2979 5066 2996 5098 ι
3031 5045 3216 5110 Κύνας
3249 5044 3306 5097 δὲ
3338 5040 3432 5095 τοῦ
3480 5038 3684 5110 Κυρίου
3718 5036 4024 5102 λάπτοντας

763 5141 1007 5202 tuentur,
1063 5137 1179 5191 sive
1204 5134 1430 5191 ultrices
1476 5134 1744 5206 quasdam
1789 5135 2190 5214 virtuteskquaa
2217 5149 2341 5188 con-
2436 5139 2536 5190 τδρ

2471 5139 2497 5190 6
2519 5134 2656 5210 αἷμα
2688 5139 2795 5193 τῶν
2826 5137 3038 5209 ἐχθρῶν
3069 5133 3233 5190 αὐτοῦ
3266 5131 3418 5195 τίνας
3447 5129 3512 5185 ἂν
3540 5130 3714 5192 εἴποις
3744 5128 3777 5198 ἢ
3808 5130 3934 5191 τοὺς
3953 5128 4022 5181 τὰ

761 5227 1004 5283 terendis
1037 5226 1274 5284 inimicis
1289 5227 1408 5299 ejus
1435 5227 1778 5290 incumbunt,
1798 5241 2025 5297 quaeque
2038 5226 2334 5296 perniciem
2443 5229 2532 5282 ποί

2471 5229 2667 5300 ποίμνια
2710 5228 2877 5283 αὑτοῦ
2913 5227 3274 5298 φυλάττοντας
3308 5222 3553 5298 φύλακάς
3591 5236 3744 5283 τινας
3789 5219 4021 5292 ἐγρηγό-

764 5337 956 5376 eorum
983 5321 1387 5392 quodammodo
1411 5320 1704 5393 degustare
1726 5317 2022 5389 satagunt?
2443 5337 2536 5391 ρου

2471 5339 2589 5386 κους,
2616 5322 2714 5395 τὴν
2746 5319 3071 5391 Ἐκκλησίαν
3104 5315 3267 5371 αύτοῦ
3304 5305 3692 5387 φρουροῦντας,
3770 5328 4016 5384 τιμωρη-

758 5419 917 5481 τικάς
935 5436 1086 5483 τινας
1109 5418 1366 5489 δυνάμεις
1390 5415 1828 5488 ἐπεμϐαινούσας
1852 5417 1918 5486 τῇ
1976 5414 2234 5487 συντριϐῇ
2261 5414 2370 5469 τῶν
2408 5416 2618 5489 ἐχθρῶν
2644 5393 2810 5472 αὐτοῦ
2829 5458 2842 5482 ,
2901 5416 2996 5469 καὶ
3028 5413 3215 5484 ὥσπερ
3263 5410 3626 5480 ἀπογεύεσθαι
3671 5393 4018 5477 πειρωμένοις

759 5514 853 5585 τῆς
885 5506 1160 5575 ἀπωλείας
1192 5511 1370 5566 αὐτῶν
1395 5527 1411 5576 ;

823 5626 992 5682 Vens.
1023 5627 1112 5691 25,
1144 5627 1234 5683 26.
1269 5645 1290 5679 ι
1347 5625 1464 5682 Visi
1514 5634 1644 5682 sunt
1688 5625 1971 5697 ingressus
2009 5624 2112 5689 tui,
2163 5625 2330 5691 Deus,

752 5724 1037 5792 ingressus
1066 5719 1158 5774 Dei
1185 5723 1313 5786 mei,
1352 5720 1499 5791 regis
1533 5719 1676 5782 mei,
1703 5720 1921 5789 quiest
1965 5718 2019 5771 in
2053 5727 2264 5773 sancto.
2304 5735 2322 5769 ι
2431 5715 2526 5770 τοῦ

2471 5715 2526 5770 οὗ
2559 5715 2692 5770 θεοῦ
2729 5734 2854 5787 μου,
2894 5714 2988 5768 τοῦ
3026 5715 3287 5786 βασιλέως
3317 5732 3442 5786 μου,
3484 5712 3576 5768 τοῦ
3604 5717 3661 5768 ἐν
3688 5711 3768 5784 τῷ
3801 5709 3958 5782 άγίῳ.
3979 5728 4004 5792 γι
4039 5771 4047 5786 ⁸

751 5791 878 5871 Haec
903 5813 1304 5883 consequenter
1331 5811 1768 5884 praecedentibus
1793 5811 2150 5882 adjiciuntur.
2185 5809 2326 5877 Quia
2430 5811 2536 5863 Kal

2471 5811 2540 5863 Lal
2565 5807 2733 5864 ταῦτα
2753 5810 2865 5873 τοῖς
2897 5807 3268 5880 προλεχθεῖσιν
3295 5807 3602 5870 ἀκολούθως
3629 5791 4002 5876 ἐπενήνεκταί

2511 5647 2527 5678 ί
2573 5625 2985 5699 Ἐυεωρήθησαν
3025 5627 3080 5678 αἱ
3118 5624 3328 5698 πορεῖαί
3371 5645 3485 5690 σου,
3512 5624 3664 5687 ϐὡς,
3706 5625 3758 5676 αἱ
3797 5638 4010 5692 napus;

822 5968 866 6000 θ’
891 5965 1034 6024 Psal.
1062 5983 1175 6038 six,
1203 5968 1254 6026 t.
1309 5969 1375 6016 -η
1399 5969 1504 6027 lsa.
1535 5977 1690 6036 um,
1715 5968 1767 6023 f.
1881 5967 2084 6025 “ibid.
2110 5966 2165 6024 2.
2241 5965 2286 6000 “
2314 5965 2446 6022 ibid.
2484 5965 2536 6021 5.
