4300 6400
251 497 353 555 909

1380 486 1879 547 COMMENTARIA
1920 486 1986 541 IN
2026 485 2364 543 PSALMOS.

3388 485 3490 542 7W

259 594 478 684 Ἐπειδὴ
516 610 627 683 7&9
671 610 741 665 τὰ
792 608 1157 681 θεσπιζὸμενα
1205 609 1334 683 πρὶν
1378 608 1629 679 γενέσθαι
1690 625 1854 681 προ-η

1928 588 2071 662 enim
2101 621 2222 676 quae
2245 606 2299 659 in
2329 602 2591 659 vaticinio
2634 601 2909 669 feruntur,
2958 610 3252 674 antequam
3305 606 3490 657 essent

247 702 536 775 ιθεωρεῖτο
561 704 675 766 τοῖς
708 702 883 770 ἁγίοις
910 701 1003 754 τοῦ
1034 700 1167 763 Θεοῦ
1193 700 1515 773 προφήταις,
1550 699 1638 752 διὰ
1661 698 1820 751 τοῦτό

247 810 411 865 φησιν
446 792 687 861 ὁλόγος·
736 810 757 843 ι
803 792 1216 869 Ἐθεωρήθησαν
1258 793 1313 845 αἱ
1359 792 1573 862 πορεῖαί
1631 808 1745 853 σου,
1792 791 1821 842 6

245 888 396 951 Θεός.
425 909 445 941 ι
473 889 633 942 Ποίαι
657 888 713 941 δὲ
737 890 977 960 πορεῖαι;
1011 885 1146 940 ἀλλὰ
1174 884 1362 958 πρώτη
1400 885 1502 956 μὴν
1536 887 1567 955 ὴ
1597 885 1820 948 κάθοδος

242 978 466 1051 αὐτοῦὴ
504 980 563 1032 ὲν
591 978 761 1041 Σιναῒ,
790 979 882 1031 καὶ
917 977 1077 1031 πάλιν
1116 978 1151 1047 ἡ
1185 976 1445 1038 ἀνάϐασις
1474 979 1506 1049 ή
1552 979 1631 1039 είς
1666 976 1817 1045 ὕψος,

244 1071 343 1127 καὶ
374 1068 533 1135 αὖθις
571 1070 900 1143 ήκάθοδοςή
928 1071 1018 1124 ἐπὶ
1042 1070 1223 1123 Βασὰν
1264 1070 1357 1122 καὶ
1399 1070 1432 1139 ἡ
1467 1068 1675 1122 ἐκεῖθεν
1697 1071 1818 1122 ὲπι-

245 1163 485 1238 στροφὴ,
534 1164 570 1235 ἡ
611 1181 669 1217 τε
718 1165 877 1236 μέχρι
925 1162 1019 1237 τοῦ
1069 1162 1301 1215 θανάτου
1348 1160 1678 1225 κατάϐασις,
1726 1150 1837 1213 καὶ

243 1254 495 1309 ἐντεῦθεν
544 1246 763 1320 διέξοδοι
808 1252 968 1306 αὐτοῦ
994 1292 1009 1316 ,
1056 1254 1151 1306 καὶ
1188 1253 1291 1306 ἐπὶ
1317 1253 1538 1321 πᾶσινή
1589 1252 1651 1303 ὲκ
1713 1250 1819 1303 τῶν

242 1348 424 1419 βυθῶν
450 1350 551 1421 τῆς
573 1347 846 1417 Θαλάσσης
877 1345 1138 1409 ἐπάνοδος
1162 1362 1178 1411 ;
1206 1339 1375 1398 Αῦται
1410 1345 1578 1397 πᾶσαι
1605 1345 1818 1414 πορεῖαι

243 1438 385 1514 ἦσαν
416 1440 512 1495 τοῦ
546 1439 870 1512 δηλουμένου
910 1437 1139 1510 Κυρίου,
1171 1438 1372 1500 αἵτινες
1408 1439 1519 1499 τοῖς
1558 1434 1649 1488 τοῦ
1684 1433 1817 1487 Θεοῦ

247 1536 554 1608 προφήταις
574 1530 953 1603 ὲθεωρήθησαν
978 1530 1106 1601 πρὶν
1140 1528 1420 1597 γενέσθαι·
1464 1526 1543 1579 διὸ
1580 1527 1671 1580 καὶ
1700 1530 1819 1591 ταῖς

246 1625 611 1699 προφητικαῖς
648 1620 1033 1693 ⁸’παρεδόθησαν
1097 1620 1357 1691 Γραφαῖς.
1426 1618 1665 1681 Εἰκότως
1725 1614 1818 1671 οὖν

246 1714 489 1787 εἴρηταιο
517 1731 536 1763 ι
577 1710 987 1784 Ἐθεωρήθησαν
1032 1712 1086 1764 αὶ
1136 1711 1349 1782 πορεῖαί
1379 1728 1468 1763 σου
1496 1751 1510 1775 ,
1541 1711 1568 1763 6
1606 1709 1754 1774 Θεὸς.
1793 1730 1811 1762 ι

245 1803 357 1861 Εἶτ’
397 1804 753 1875 άσφαλίζεται
800 1804 1066 1858 διδάσκων
1119 1802 1273 1856 ποίου
1318 1802 1451 1855 Θεοῦ
1498 1805 1555 1856 αἱ
1604 1807 1817 1875 πορεῖαι

247 1898 660 1971 ὲθεωρήθησαν·
706 1897 786 1950 διὸ
826 1895 1065 1963 ἐπιλέγει
1091 1911 1105 1925 °
1157 1914 1174 1945 ι
1207 1896 1271 1947 Ai
1310 1898 1521 1967 πορεῖαι
1550 1894 1643 1948 τοῦ
1681 1894 1816 1948 Θεοῦ

1922 698 2361 769 praevidebantur
2386 712 2414 749 a
2439 696 2644 751 sanctis
2666 694 2759 751 Dei
2786 694 3086 764 prophetis,
3110 694 3232 750 ideo
3253 692 3450 748 dicitur
3467 710 3485 747 :

1926 808 1944 841 ι
1991 788 2101 844 Visi
2160 797 2291 849 sunt
2340 789 2619 857 ingressus
2666 788 2766 849 tui,
2802 786 2963 840 Deus.
2995 806 3015 840 ι
3051 786 3152 852 Qui
3181 786 3485 857 ingressus.
3522 852 3530 856 ,

1920 881 2029 935 nisi
2085 881 2317 951 primum
2377 880 2678 935 descensus
2707 879 2825 947 ejus
2866 880 2920 932 in
2949 878 3127 941 Sinai,
3158 892 3227 931 ac
3267 892 3487 931 rursum

1921 988 2186 1044 ascensus
2220 973 2277 1026 in
2313 972 2505 1035 altum,
2544 972 2851 1040 iterumque
2876 970 3174 1025 descensus
3204 970 3259 1023 in
3306 968 3489 1023 Basan

1921 1079 1984 1117 ac
2012 1077 2295 1133 regressus
2317 1062 2373 1115 in
2405 1062 2596 1124 altum,
2628 1068 2682 1117 et
2722 1076 2914 1116 rursus
2942 1060 3204 1116 demissio
3238 1059 3359 1128 ejus
3391 1074 3489 1114 us-

1922 1171 2027 1225 que
2057 1152 2150 1208 ‘ad
2207 1162 2464 1217 mortem,
2492 1160 2546 1208 et
2592 1154 2773 1208 exitus
2817 1154 2964 1209 illius
2988 1170 3050 1207 ex
3072 1167 3160 1217 ea,
3184 1167 3246 1206 ac
3290 1161 3489 1221 praeter

1923 1250 2037 1303 haec
2095 1248 2279 1302 omnia
2341 1248 2549 1302 reditus
2577 1262 2640 1301 ex
2672 1245 2945 1316 profundo
2974 1245 3169 1300 maris?
3200 1243 3262 1297 IIi
3294 1248 3510 1299 omnes

1921 1340 2202 1411 ingressus
2246 1345 2403 1393 erant
2449 1340 2733 1399 memorati
2779 1338 3014 1405 Domini,
3047 1338 3139 1407 qui
3198 1347 3485 1407 antequam

1919 1426 2247 1485 exSisterent
2278 1446 2307 1483 a
2342 1430 2622 1501 prophetis
2659 1428 2752 1484 Dei
2807 1428 2910 1484 visi
2957 1435 3086 1483 sunt
3119 1446 3132 1480 :
3161 1442 3330 1497 quare
3361 1439 3488 1496 pro—

1920 1520 2150 1590 pheticis
2181 1520 2235 1575 in
2271 1510 2508 1591 scriptis
2538 1522 2846 1591 consignati
2885 1527 3033 1576 sunt.
3088 1518 3217 1575 Jure
3255 1533 3384 1589 ergo
3409 1516 3489 1572 di-

1918 1621 2066 1668 ctum
2100 1621 2185 1669 est
2221 1632 2235 1669 :
2275 1631 2294 1664 ι
2330 1612 2445 1667 Visi
2478 1622 2606 1668 sunt
2635 1615 2913 1684 ingressus
2944 1614 3046 1675 tui,
3074 1612 3237 1667 Deus.
3332 1609 3496 1665 Dein-

1919 1705 2093 1775 deque
2118 1721 2230 1760 rem
2252 1704 2542 1759 conﬁrmat
2570 1704 2821 1758 indicans
2846 1705 3134 1774 cujusnam
3163 1702 3253 1758 Dei
3280 1703 3492 1773 ingres-

1894 1798 2015 1853 ‘sus
2047 1798 2149 1851 visi
2179 1796 2415 1865 fuerint;
2451 1811 2575 1850 nam
2607 1796 2795 1863 adjicit
2825 1815 2837 1848 :
2869 1814 2886 1846 ι
2923 1795 3210 1866 Ingressus
3241 1794 3337 1850 Dei
3358 1794 3488 1858 mei,

1876 1902 1877 1905 ‘
1920 1890 2064 1959 regis
2110 1888 2237 1943 mei.
2274 1908 2295 1941 3
2343 1887 2461 1942 Non
2507 1887 2825 1956 simpliciter
2851 1884 2976 1950 Dei,
3011 1897 3101 1941 aut
3149 1888 3294 1954 regis
3323 1926 3339 1951 ,
3394 1884 3490 1941 sed

250 1968 499 2063 pompeii
528 1968 790 2061 βασιλέως
823 1972 944 2061 μου.
975 2008 994 2040 ι
1026 1989 1101 2041 Ού
1147 1988 1254 2059 γὰρ
1284 1988 1467 2052 ἁπλῶς
1512 1988 1667 2052 Θεοῦ,
1699 1988 1818 2041 οὐδὲ
1850 1968 1854 2021 Ῑ

1927 1998 1944 2030 ι
1973 1978 2064 2033 Dei
2095 1979 2223 2033 mei.
2248 1998 2265 2029 ›
2296 1977 2411 2035 Hoc
2440 1993 2605 2048 porro
2628 1978 2805 2032 simile
2837 1975 2998 2030 fuerit
3030 1975 3132 2039 illi,
3152 1995 3171 2026 ι
3201 1974 3347 2029 Dixit
3384 1974 3492 2028 Do-

250 2083 510 2154 βασιλέως
530 2122 545 2147 ,
582 2081 717 2135 ἀλλὰ
742 2080 837 2135 τοῦ
885 2100 904 2133 ι
932 2080 1067 2134 Θεοῦ
1110 2099 1231 2152 μου.
1283 2100 1302 2131 ι
1342 2080 1510 2133 Τοῦτο
1550 2081 1607 2134 δὲ
1639 2082 1819 2151 ὅμοιον

246 2176 500 2263 τυγχάνει
528 2174 606 2245 τῷ
624 2214 638 2239 ,
669 2193 687 2225 ι
719 2168 854 2227 Εἶπε
881 2172 1083 2245 Κύριος
1107 2172 1185 2243 τῷ
1218 2173 1406 2244 Κυρίῳ
1433 2190 1532 2243 μου
1554 2189 1565 2202 ·
1616 2192 1634 2224 ι
1667 2176 1694 2226 6
1723 2174 1820 2244 μὲν

246 2258 355 2342 7&9
376 2258 594 2340 πρῶτος
621 2268 650 2320 6
671 2267 764 2320 ἐπὶ
792 2266 1007 2321 πάντων
1040 2266 1124 2335 εἴη
1156 2264 1221 2319 ἂν
1250 2265 1409 2329 Θεός·
1438 2267 1466 2317 6
1488 2266 1544 2318 δὲ
1569 2264 1821 2338 δεύτερος

247 2361 449 2433 Κύριος
491 2360 520 2412 ὁ
565 2357 807 2413 ἀκούων·
863 2376 881 2408 ι
916 2355 1098 2411 Κάθου
1139 2357 1204 2410 ὲκ
1253 2354 1441 2421 δεξιῶν
1495 2374 1615 2428 μου,
1640 2376 1658 2408 ι
1692 2358 1821 2427 ἐμὸς

246 2450 503 2523 τυγχάνει
522 2448 724 2520 Κύριος
742 2463 756 2477 ’
790 2445 889 2509 διὸ,
913 2465 930 2496 ι
956 2439 1091 2497 Εἷπε
1115 2443 1317 2517 Κύριος
1336 2442 1411 2515 τῷ
1440 2444 1629 2515 Κυρίῳ
1654 2460 1773 2514 μου.
1796 2461 1815 2493 ι

248 2542 359 2597 Καὶ
382 2540 618 2623 ἐνταῦθα
638 2539 820 2617 Ιτοίνυν
849 2537 940 2591 τὸν
985 2535 1234 2608 δεύτερον
1294 2537 1572 2607 σημαίνων
1602 2537 1630 2587 ὁ
1661 2534 1821 2597 αὐτὸς

248 2636 533 2708 προφήτης
582 2634 782 2705 φησίν·
819 2651 838 2684 ι
871 2634 937 2685 Al.
978 2634 1192 2705 πορεῖαι
1240 2631 1335 2685 τοῦ
1378 2631 1513 2684 Θεοῦ
1547 2648 1645 2702 μου
1669 2669 1683 2693 ,
1726 2628 1819 2681 τοῦ

244 2725 513 2796 βασιλέως
544 2742 677 2796 μου,
725 2722 821 2776 τοῦ
856 2724 924 2802 ,ὲν
956 2722 1035 2793 τῷ
1078 2722 1287 2792 ἁγίῳ..)
1349 2720 1474 2773 Ἐὰν
1519 2710 1627 2789 γὰρ
1678 2718 1821 2785 λέγω

249 2816 627 2889 θεωρουμένας
663 2814 920 2886 πορείας,
978 2812 1051 2884 μή
1088 2830 1172 2875 τις
1209 2809 1477 2883 νομιζέτω
1532 2827 1598 2880 με
1642 2809 1821 2878 λέγειν

214 2905 340 2962 ’τοῦ
373 2906 470 2959 ἐπὶ
515 2905 732 2959 πάντων
768 2901 907 2955 Θεοῦ
928 2919 939 2931 ·
976 2901 1109 2955 ἀλλὰ
1153 2899 1247 2954 τοῦ
1284 2899 1417 2953 Θεοῦ
1451 2916 1550 2971 μου
1594 2899 1686 2952 καὶ
1726 2896 1819 2951 τοῦ

1921 2070 2104 2124 minus
2135 2069 2363 2124 Domino
2397 2084 2516 2124 meo
2556 2088 2569 2123 :
2620 2088 2639 2122 ι
2688 2070 2894 2138 primus
2953 2067 3151 2136 quippe
3206 2066 3492 2120 universo-

1922 2175 2045 2214 rum
2080 2158 2221 2215 Deus
2254 2158 2420 2214 iuerit
2446 2176 2461 2224 ;
2492 2158 2766 2213 secundus
2790 2171 2918 2210 vero
2946 2152 3227 2215 Dominus,
3264 2151 3357 2221 qui
3400 2164 3494 2204 au-

1921 2251 2021 2314 dit,
2060 2270 2079 2302 ι
2120 2248 2257 2305 Sede
2286 2266 2316 2304 a
2340 2249 2547 2305 dextris
2576 2252 2716 2303 meis
2730 2250 2794 2314 “,
2835 2267 2853 2299 ι
2888 2262 3041 2301 meus
3060 2243 3323 2299 Dominus
3351 2248 3435 2296 est
3470 2258 3487 2295 :

1921 2359 2110 2415 quare,
2148 2362 2167 2395 ι
2212 2342 2358 2397 Dixit
2399 2341 2663 2398 Dominus
2695 2341 2922 2397 Domino
2946 2354 3085 2394 meo.
3120 2356 3138 2390 ι
3176 2335 3277 2390 Hic
3323 2335 3493 2405 igitur

1922 2436 2072 2489 illum
2111 2435 2354 2490 secundo
2384 2435 2505 2489 loco
2551 2434 2785 2505 positum
2815 2435 2929 2503 ipse
2966 2430 3234 2500 Propheta
3283 2426 3494 2497 signiﬁ-

1921 2540 2054 2580 cans
2083 2524 2217 2579 dicit
2246 2543 2275 2579 ιη
2298 2543 2317 2575 ι
2356 2525 2643 2595 Ingressus
2671 2522 2763 2580 Dei
2786 2522 2914 2586 mei,
2951 2521 3095 2591 regis
3133 2521 3264 2584 mei,
3296 2520 3496 2589 quiest

1923 2618 1977 2670 in
2014 2623 2226 2671 sancto.
2263 2614 2442 2669 iNam
2499 2631 2623 2670 cum
2670 2616 2956 2686 ingressus
3012 2612 3183 2667 videri
3232 2610 3378 2674 dico,
3426 2624 3496 2664 ne

1922 2707 2047 2777 quis
2073 2708 2347 2763 existimet
2376 2708 2758 2764 universorum
2784 2703 2879 2760 Dei
2917 2703 3041 2759 illos
3066 2718 3222 2768 esse;
3260 2701 3356 2758 sed
3398 2699 3495 2756 Dei

1921 2799 2062 2861 mei,
2095 2798 2239 2869 regis
2268 2800 2374 2853 mei
2417 2799 2701 2869 ingressus
2726 2803 2875 2851 sunt.
2908 2792 3109 2850 Verum
3134 2794 3263 2864 quia
3300 2811 3320 2845 ι
3356 2808 3495 2863 pra:-

1920 2897 2187 2945 venerunt
2214 2888 2489 2960 principes
2517 2886 2797 2955 conjuncti
2825 2884 3207 2954 psallentibus,
3235 2883 3288 2936 in
3311 2882 3493 2937 medio

250 2998 520 3071 βασιλέως
564 3013 667 3077 μου
708 2996 941 3065 πορεῖαι.
997 2992 1135 3045 Ἀλλ’
1183 2992 1378 3063 ἐπειδὴ
1418 3010 1436 3043 ι
1476 2990 1820 3062 προέφθασαν

1918 2981 2333 3051 juvencularum
2390 2976 2915 3050 tympanistriarum.
2962 2994 2981 3026 ι
3037 2972 3103 3029 Hi
3164 2972 3310 3029 enim
3383 2972 3491 3043 ipsi

144 3120 157 3131 -
248 3093 508 3164 ἄρχοντες
567 3090 815 3161 ἐχόμενοι
872 3086 1178 3157 ψαλλόντων
1236 3087 1294 3139 ὲν
1363 3084 1513 3155 μέσῳ
1568 3082 1821 3138 νεανίδων

248 3186 716 3262 τυμπανιστριῶν.
754 3205 774 3238 ι
809 3184 973 3238 Αὐτοὶ
1010 3182 1116 3254 7&9
1148 3173 1293 3234 οῦτοι
1324 3181 1372 3234 οἱ
1415 3178 1823 3251 προφθάσαντες

1924 3073 2201 3143 principes
2231 3071 2326 3141 qui
2364 3073 2766 3141 praevenerunt,
2794 3067 2908 3121 sive
2938 3064 3032 3137 qui
3073 3066 3296 3130 canu‘nt,
3335 3073 3390 3119 et
3435 3064 3494 3119 in

1929 3163 2137 3236 Spiritu
2171 3171 2365 3233 sancto
2393 3161 2577 3233 futura
2601 3158 2991 3231 praenuntiant,
3019 3154 3497 3236 praevideruntin-

250 3230 533 3356 E9;0vrsc;,
566 3230 685 3353 ⁸ίὶοὶ
710 3280 924 3352 ᾅδοντες
948 3230 1040 3332 καί
1069 3230 1341 3347 ὖνεύματι
1371 3230 1508 3344 ἀγίὶρ
1534 3230 1595 3326 τὸ
1633 3230 1823 3343 μέλλον
1851 3323 1854 3350 1

1929 3230 2155 3331 gressus
2206 3255 2301 3311 Dei
2345 3230 2453 3311 mei
2502 3230 2646 3325 regis
2693 3251 2819 3308 mei.
2876 3250 2957 3305 Illi
3004 3264 3133 3306 vero
3158 3288 3174 3314 ,
3221 3230 3499 3320 propheta

251 3367 639 3441 θεσπίζοντες,
682 3368 1103 3442 προεθεώρησαν
1150 3365 1247 3441 τᾲς
1295 3365 1516 3435 πορείας
1560 3360 1653 3415 τοῦ
1688 3358 1823 3414 Θεοῦ

256 3483 359 3537 μου
392 3464 602 3519 καὶτοῦ
631 3462 894 3534 βασιλέως
931 3478 1053 3531 μου.
1091 3452 1247 3513 Οὗτοι
1274 3457 1330 3511 δὲ
1364 3452 1503 3527 ἦσαν
1528 3455 1579 3507 οἱ
1614 3452 1824 3525 προφῆ-

250 3575 363 3622 ται,
397 3560 446 3611 οἱ
487 3556 897 3629 προφθάσαντες
930 3554 1056 3617 τοὺς
1100 3551 1238 3623 μετὰ
1262 3549 1435 3604 ταῦτα
1466 3546 1828 3620 προελθόντας

253 3648 603 3711 ἀποστόλους.
635 3646 739 3700 Δύο
775 3644 884 3720 7&9
918 3643 1092 3716 χορῶν
1121 3644 1219 3713 τὴν
1251 3639 1343 3694 τοῦ
1376 3639 1625 3710 Σωτῆρος
1670 3636 1827 3708 ήμῶν

256 3741 533 3811 θεολογίαν
554 3737 858 3811 ἀνθρώποις
892 3734 1368 3809 παραδεδωκότων,
1393 3731 1421 3783 6
1448 3730 1546 3802 μὲν
1580 3728 1825 3800 προφθά-

257 3850 357 3897 σας
388 3832 547 3904 χορὸς
576 3826 644 3903 ἦν
670 3832 699 3884 6
732 3826 1089 3900 προφητικδς,
1139 3827 1166 3879 6
1198 3823 1255 3878 δὲ
1300 3821 1550 3893 δεύτερος
1587 3816 1827 3872 ἐπελθὼν

256 3926 286 3979 6
307 3925 421 3981 τῶν
460 3921 772 3977 ἀποστόλων
807 3920 900 3974 καὶ
940 3916 1193 3991 μαθητῶν
1230 3914 1323 3969 τοῦ
1374 3913 1645 3984 Σωτῆρος.
1680 3909 1827 3981 Πλὴν

257 4016 396 4073 ἀλλὰ
424 4014 806 4088 ὲθεωρήθησαν
848 4014 903 4066 αἱ
930 4013 1144 4082 πορεῖαι
1185 4008 1278 4065 τοῦ
1310 4006 1635 4079 δηλωθέντος
1660 4000 1823 4055 Θεοῦ·

257 4109 293 4181 ἢ
332 4110 446 4173 τοῖς
499 4108 625 4178 μὲν,
656 4104 971 4168 ἀποστόλοις
1015 4100 1426 4172 ὲθεωρήθησαν,
1470 4097 1519 4151 οἳ
1569 4097 1662 4150 καὶ
1709 4094 1829 4165 ὄψει

225 4199 569 4274 ·παρέλαὸον
623 4197 692 4251 τὰ
744 4196 911 4250 πάλαι
970 4192 1271 4265 προγνώσει
1334 4188 1825 4261 προπεφωνημένα.

259 4285 423 4345 Οὗτοι
459 4289 557 4360 μὲν
593 4283 685 4341 οὖν
718 4274 906 4348 αὐτοῖς
948 4283 1243 4353 ὀφθαλμοῖς
1272 4279 1370 4344 τὰς
1410 4278 1630 4349 πορείας
1670 4274 1833 4331 ἐθεώ-

263 4398 434 4456 ρησαν
481 4379 575 4433 τοῦ
615 4377 785 4433 Θεοῦ⁸
835 4375 1185 4449 προέφθασαν
1230 4372 1288 4427 δὲ
1331 4372 1527 4435 αὐτοὺς
1574 4371 1831 4443 ἄρχοντές

158 4475 167 4483 ’
257 4491 403 4538 τινες
433 4466 578 4528 οῦτοι
607 4474 656 4525 οἱ
699 4469 945 4542 ἐχόμενοι
984 4467 1092 4522 τῶν
1123 4466 1448 4539 ψαλλόντων.
1485 4464 1744 4537 Σημαίνει
1775 4461 1833 4515 δὲ

258 4568 289 4621 ὁ
313 4565 470 4635 λόγος
497 4564 591 4617 τὸν
617 4561 779 4616 Δαυῒδ
811 4558 975 4622 αὑτὸν
1005 4560 1247 4623 καὶτοὺς
1278 4558 1373 4612 σὺν
1396 4556 1543 4628 αὑτῷ
1570 4556 1664 4611 καλ⁴
1696 4553 1835 4610 κατὰ

260 4662 387 4726 τοὺς
420 4652 619 4722 αὐτοὺς
662 4655 887 4729 χρόνους
924 4653 1258 4735 ἡγουμένους
1288 4651 1382 4727 τοῦ
1427 4650 1590 4706 λαοῦ⁹
1642 4650 1835 4729 οἵτινες
1866 4652 1910 4709 D

254 4752 512 4829 ἐχόμενοι
541 4750 647 4806 τῶν
695 4748 1005 4821 ψαλλόντων
1040 4746 1391 4819 προέφθασαν
1435 4746 1493 4799 ὲν
1535 4744 1686 4815 μέσῳ
1713 4758 1838 4797 νεα-

263 4848 427 4904 νίδων
451 4840 910 4918 τυμπανιστριῶν.
932 4837 1190 4893 Τοιαῦται
1220 4832 1438 4908 δεῆσαν
1463 4838 1519 4890 αἱ
1552 4833 1838 4889 Ἰουδαῖιιαλ⁵

268 4938 605 5012 συναγωγαὶ,
633 4936 845 4999 ἀτελεῖς
871 4933 966 4988 καὶ
1004 4930 1168 4985 εἰσέτι
1196 4930 1454 4994 νεάνιδες,
1496 4930 1652 4984 πλέον
1685 4928 1839 4996 οὐδὲν

260 5025 628 5103 ἐπιστάμεναι
672 5029 707 5102 ἢ
752 5026 1053 5099 τυμπάνοις
1095 5019 1329 5095 χρῆσθαι
1356 5024 1469 5093 τοῖς
1510 5021 1839 5091 σωματικοῖς

266 5123 517 5199 ὀργάνοις
552 5124 617 5176 ὲκ
654 5121 815 5193 δορᾶς
836 5116 1060 5189 ,νεκρῶν
1093 5113 1247 5179 ζώων
1290 5112 1832 5183 κατεσκευασμένοις.

268 5211 361 5267 Διδ
384 5212 808 5283 τυμπανίστριαι
836 5208 1101 5281 εἴρηνται,
1131 5202 1209 5276 τῷ
1238 5200 1401 5284 μηδὲν
1430 5200 1614 5271 ἕτερον
1640 5201 1837 5255 εἰδέναι

270 5304 306 5379 ἢ
334 5304 405 5359 τὰ
439 5304 725 5375 σωματικὰ
745 5302 848 5364 ,τοῦ
871 5302 1039 5374 νόμου
1064 5296 1517 5371 παραγγέλματα.

348 5416 500 5472 κἘν
525 5404 1183 5497 ’Ἐκκλησίαιςεύλογεῖτε
1210 5413 1301 5466 τὸν
1348 5409 1479 5463 Θεὸν
1521 5405 1724 5478 Κύριον
1778 5406 1844 5459 ὲκ

233 5508 468 5584 ’πηγῶν
504 5480 747 5582 ,Ἰσραήλξ
779 5528 797 5563 ι
856 5480 1011 5563 Μετὰ
1050 5480 1185 5572 ’τοὺς
1218 5504 1705 5579 προθεωρήσαντας
1748 5497 1846 5562 τὰς

1949 5487 2099 5542 mino
2128 5482 2196 5538 de
2242 5480 2484 5535 fontibus
2530 5480 2715 5532 Israel.
2755 5490 2773 5523 ι
2811 5480 2884 5523 De
2917 5483 2930 5520 ι

276 5580 369 5660 τοῦ
423 5580 755 5674 δηλωθέντος
786 5598 923 5654 Θεοῦ
959 5600 1183 5672 πορείας
1199 5639 1216 5665 ,
1265 5592 1568 5655 ἀκολούθως
1599 5592 1636 5663 ,ὁ
1690 5589 1846 5660 λόγος

1947 5581 2061 5653 jam
2107 5580 2391 5655 memorati
2441 5580 2726 5642 ingressus
2771 5580 2806 5635 ι)

2024 5675 2036 5686 ⁸
2240 5685 2247 5686 κ
2274 5672 2591 5686 ι-------ι-..
2639 5660 2773 5686 Alt.“-

348 5945 397 5977 “
414 5945 559 6002 P88].
589 5959 701 6008 crx,
736 5942 790 5999 1.

1928 3364 2141 3421 nempe,
2174 3348 2474 3419 apostolus,
2503 3346 2597 3418 qui
2646 3352 2771 3416 post
2820 3348 3495 3413 venere,pra:verterunt.

1926 3442 2141 3498 Etenim
2200 3456 2324 3495 cum
2363 3440 2476 3495 duo
2508 3438 2662 3494 chori
2714 3435 3013 3491 Salvatoris
3066 3432 3240 3489 nostri
3284 3431 3499 3487 theolo-

1926 3534 2072 3605 giam
2124 3531 2437 3587 hominibus
2487 3530 2831 3592 tradiderint,
2878 3526 2971 3595 qui
3020 3520 3228 3595 primus
3272 3522 3497 3599 prodiit,

1927 3624 2280 3696 propheticus
2309 3623 2689 3691 chorus‘erat;
2721 3618 2812 3690 qui
2844 3631 2973 3671 vero
3011 3615 3286 3677 secundus
3312 3606 3501 3669 aeces-

1928 3716 2018 3780 sit,
2054 3715 2434 3785 apostolorum
2458 3722 2513 3769 et
2530 3710 2920 3782 discipulorum
2950 3706 3151 3761 Chrisii
3176 3704 3380 3758 chorus
3402 3718 3500 3758 ex-

1928 3807 2086 3863 stitit.
2120 3806 2389 3862 Caaterum
2421 3806 2523 3861 visi
2556 3810 2687 3860 sunt
2732 3803 3012 3871 ingressus
3039 3796 3323 3852 memorati
3359 3794 3497 3865 Dei;

1929 3900 2044 3956 sive
2070 3897 2330 3968 apostolis
2359 3895 2581 3966 quidem
2611 3893 2712 3949 visi
2761 3898 2910 3953 sunt,
2930 3876 3031 3959 qui
3079 3901 3202 3958 quae
3250 3886 3382 3941 olim
3430 3900 3501 3941 ex

1932 3987 2680 4064 praescientiapraenuntiata
2716 3984 2930 4039 fuerant
2978 3983 3113 4054 ipsis
3153 3979 3329 4037 oculis
3366 3993 3502 4035 con-

1932 4094 2246 4160 spexerunt.
2294 4085 2361 4141 Hi
2399 4085 2582 4154 itaque
2629 4080 2830 4138 oculati
2865 4075 3148 4151 ingressus
3194 4077 3289 4133 Dei
3329 4085 3502 4157 testes

1932 4152 2084 4238 fuere
2116 4201 2128 4235 :
2164 4181 2311 4251 ipsos
2344 4152 2524 4231 tamen
2550 4179 2925 4245 praevenerunt
2956 4171 3229 4242 principes
3281 4152 3503 4240 quidam

1933 4275 2212 4346 conjuncti
2263 4268 2622 4344 psallentibus
2653 4286 2666 4321 :
2700 4265 2857 4337 queis
2934 4263 3313 4346 signiﬁcantur
3373 4274 3501 4314 cum

1934 4341 2055 4441 ipse
2090 4341 2283 4430 David,
2330 4372 2442 4419 tum
2500 4362 2537 4418 ii
2589 4362 2682 4431 qui
2732 4372 2841 4413 una
2898 4372 3020 4410 cum
3050 4370 3117 4410 eo
3168 4341 3299 4441 tunc
3332 4352 3501 4407 duces
3615 4386 3619 4392 -

1939 4435 2123 4532 populi
2154 4462 2329 4513 erant.
2381 4451 2447 4507 Ili
2481 4446 2762 4521 conjuncti
2816 4443 3178 4518 psallentibus
3224 4435 3501 4532 pratens—

1934 4526 2062 4601 runt
2085 4545 2139 4600 in
2155 4544 2333 4599 medio
2350 4533 2763 4612 juvencularum
2794 4531 3324 4604 tympanistriarum.
3340 4526 3503 4583 Tales

1938 4648 2085 4693 certe
2113 4644 2268 4691 erant
2313 4631 2554 4687 Iudaica:
2582 4630 2887 4699 synagogas,
2927 4617 3259 4690 imperfectae
3290 4616 3504 4672 scilicet

1939 4737 1993 4786 et
2043 4726 2221 4782 adhuc
2258 4722 2581 4795 juvenculae,
2614 4716 2767 4772 nulla
2816 4713 2927 4799 filia
2967 4708 3197 4783 scientia
3235 4705 3509 4799 praeditas,

1938 4832 2103 4893 quam
2139 4826 2199 4874 ut
2221 4814 2490 4890 tympanis
2520 4810 2635 4866 sive
2660 4795 2941 4877 corporeis
2972 4797 3352 4857 instrumentis
3375 4795 3501 4852 ute-

1940 4889 2153 4977 rentur,
2198 4889 2264 4966 ex
2293 4916 2632 4964 mortuorum
2668 4898 2988 4955 animalium
3032 4893 3170 4967 pelle
3216 4889 3501 4947 confectis.

1941 5006 2122 5073 Quare
2180 4996 2576 5075 tympanistria:
2635 4993 2945 5071 dicuntur,_
2976 4986 3124 5061 quod
3166 4983 3303 5041 nihil
3357 4978 3517 5036 aliud

1943 5103 2192 5163 nossent,
2217 5108 2379 5166 quam
2405 5102 2668 5161 corporea
2690 5086 2826 5157 legis
2848 5090 3139 5156 praecepta.

2016 5393 2187 5461 Vsus.
2213 5391 2305 5459 27,
2331 5388 2421 5445 28.
2450 5405 2469 5439 ι
2497 5385 2557 5441 In
2588 5379 2845 5439 Ecclesiis
2873 5371 3173 5461 benedicite
3227 5364 3365 5461 Deo
3400 5362 3513 5461 Do:

2530 5473 2715 5532 Israel.
2755 5490 2773 5523 ι
2811 5468 2884 5523 De
2917 5460 2984 5520 iis
3023 5464 3238 5517 locutus
3278 5457 3372 5528 qui
3412 5454 3508 5511 Dei
