4300 6462
825 495 916 547 7ll
1478 492 1740 548 EUSEBII
1779 490 2248 548 CAESARIENSIS
2283 489 2432 544 OPP.
2474 489 2650 545 PARS
2688 491 2776 548 III.
2818 524 2875 534 -
2922 493 3325 548 EXEUMILA.

824 611 983 678 pibus
1033 609 1139 662 illis
1177 609 1271 677 qui
1328 617 1702 678 prtevenerunt
1763 610 1965 663 diversi
2022 616 2214 673 erant;
2243 609 2364 676 jure

2465 610 2555 660 καὶ
2578 611 2868 680 sesequ
2899 611 3071 680 ’ἑτεροι
3114 608 3250 682 ἦσαν
3274 606 3412 664 οῦτοι
3443 611 3589 680 παρὰ
3623 613 3746 674 τοὺς
3783 611 4020 681 προφθά-

823 708 999 755 cmtus
1033 701 1243 754 illorum
1270 700 1537 755 ecclesias
1571 707 1748 762 vocat,
1780 702 1934 767 queis
1959 700 2237 767 prophetia
2269 714 2366 752 nec

2471 717 2664 764 σαντας
2695 702 2984 772 ἄρχοντας,
3035 703 3255 764 εἰκότως
3287 703 3380 754 καὶ
3423 703 3521 766 τὰς
3570 702 3812 765 συνόδους
3843 703 4020 756 αὐτῶν

3921 496 4020 550 τις

821 791 1052 845 n’sscure
1101 788 1403 842 Servatoris
1449 779 1621 842 nostri
1667 789 1928 842 ecclesias
1960 795 2361 842 commemorat.

821 878 1083 936 Jubentur
1109 893 1268 946 porro
1299 877 1350 929 hi
1388 878 1612 931 secundi
1638 917 1652 939 ,
1683 891 1792 929 non
1825 879 1879 928 in
1909 875 2084 929 medio
2109 876 2368 945 juvencu-

825 969 992 1021 larum
1041 967 1567 1036 tympanistriarum,
1613 967 1706 1020 sed
1758 967 1812 1018 in
1858 966 2105 1019 ecclesiis
2146 966 2366 1019 benedi-

821 1075 940 1113 cere
969 1058 1095 1112 Deo.
1125 1059 1254 1124 Quis
1303 1059 1374 1111 sit
1417 1057 1557 1111 Deus
1600 1058 1688 1111 ille
1721 1074 1841 1110 mox
1896 1059 2097 1110 indicat
2154 1058 2358 1118 dicens,

824 1168 842 1199 ι
880 1148 1122 1202 Domino.
1159 1169 1176 1198 ι
1217 1147 1367 1201 Unde
1398 1163 1523 1201 vero
1577 1149 1627 1200 id
1690 1148 1985 1210 hauserint,
2035 1147 2179 1216 quod
2211 1163 2362 1216 Opor-

745 1297 749 1302 ,
816 1249 923 1295 teat
950 1229 1204 1294 Ecclesiis
1229 1240 1448 1292 Domini
1479 1239 1552 1310 (I)
1580 1239 1896 1306 theologiam
1919 1240 2152 1304 trade-re,
2188 1254 2366 1292 neces-

817 1332 960 1384 sario
1015 1331 1247 1398 explicat
1292 1329 1374 1382 his
1433 1331 1611 1384 verbis
1639 1353 1651 1383 ;
1683 1347 1700 1378 ι
1736 1328 1963 1383 Domino
2009 1316 2358 1384 de'fontibus

815 1421 1008 1486 Israel,
1049 1442 1066 1472 ι
1117 1421 1534 1489 vulgaribusque
1569 1421 1763 1474 iterum
1819 1421 2232 1474 characteribus
2275 1420 2361 1473 hic

817 1513 1076 1567 Dominus
1104 1513 1442 1581 exprimitur.
1489 1512 1688 1567 Fontes
1718 1528 1842 1566 vero
1871 1512 2052 1575 Israel,
2088 1512 2362 1581 propheti-

813 1622 889 1659 ca:
937 1605 1228 1674 Scriptura:
1281 1613 1405 1658 sunt
1453 1612 1613 1672 atque
1643 1605 1724 1656 lex
1755 1603 1972 1672 Moysis.
2028 1603 2102 1656 Ex
2161 1604 2359 1672 quibus

814 1694 969 1762 quasi
1001 1709 1064 1746 ex
1089 1693 1347 1751 fontibus.
1374 1708 1468 1762 per
1500 1693 1690 1746 hausta
1738 1691 1803 1746 de
1849 1691 2129 1745 Salvatore
2174 1699 2360 1746 nostro

816 1785 1148 1845 testimonia,
1186 1784 1408 1836 secundi
1442 1784 1515 1835 illi
1548 1786 1601 1836 in
1639 1785 1883 1838 ecclesiis
1918 1784 2236 1838 benedicere
2259 1784 2357 1852 ipsi

807 1876 1082 1944 jubentur.
1108 1874 1304 1928 Deinde
1328 1875 1643 1944 subjungit:
1682 1892 1699 1924 σ
1741 1873 1814 1927 Ibi
1849 1872 2126 1942 Benjainin
2171 1875 2358 1928 adole-

2465 792 2756 861 ἐκκλησίας
2777 792 3053 856 ἀποκαλεῖ,
3091 794 3368 862 μονονουχὶ
3393 796 3572 862 γυμνῇ
3599 796 3664 863 τῇ
3694 794 3898 863 κεφαλῇ
3923 791 4020 855 τὰς

2463 883 2557 935 τοῦ
2597 884 2844 953 Σωτῆρος
2874 885 3030 953 ἡμῶν
3069 884 3362 952 ἐκκλησίας
3409 885 3877 955 προαγορευούσης
3922 884 4020 952 τῆς

2466 973 2810 1042 προφητείας.
2851 971 3164 1024 Κελεύονται
3199 973 3254 1024 δέ
3282 967 3424 1023 οὗτοι
3459 973 3506 1022 οί
3551 969 3790 1040 δεύτεροι
3829 971 3928 1022 ούκ
3962 973 4019 1021 ἐν

2469 1064 2614 1133 μέσῳ
2670 1063 2916 1114 νεανίδων
2947 1061 3384 1132 τυμπανιστριῶν
3406 1102 3420 1123 ,
3444 1061 3557 1114 ἀλλ’
3601 1062 3659 1112 ἐν
3705 1060 4019 1129 ἐκκλησίαις

2464 1153 2699 1219 εὐλογεῖν
2731 1153 2818 1204 τὸν
2853 1153 3002 1204 Θεόν.
3054 1153 3160 1205 Kal.
3195 1155 3343 1203 ποῖον
3389 1152 3540 1215 Θεὸν,
3589 1152 3746 1204 πάλιν
3776 1152 4016 1218 ἐπιλέγει

2463 1244 2608 1310 ἐξῆς,
2648 1263 2663 1291 ι
2695 1243 2915 1314 Κύριον.
2949 1263 2966 1293 ›
3003 1243 3110 1294 Καὶ
3157 1241 3316 1294 πόθεν
3354 1241 3684 1312 ἀρυομένους
3726 1242 3860 1311 χρῆν
3897 1244 4016 1302 ταῖς

2463 1333 2772 1402 ἐκκλησίαις
2810 1333 2905 1403 τὴν
2946 1333 3038 1384 τοῦ
3090 1332 3292 1402 Κυρίου
3347 1332 3692 1402 παραδιδόναι
3745 1332 4016 1399 θεολογίαν

2463 1424 2765 1490 ἀναγκαίως
2826 1425 3116 1494 παρίστησι
3155 1423 3355 1490 λέγων·
3407 1443 3426 1473 ι
3463 1423 3661 1494 Κύριον
3719 1425 3779 1475 ἐκ
3827 1424 4014 1491 πηγῶν

2473 1513 2719 1584 Ἰσραὴλ,
2763 1533 2780 1564 ι
2830 1519 2942 1576 τοῖς
2979 1514 3302 1583 κοινοτέροις
3353 1515 3688 1584 χαρακτῆρσι
3742 1513 4016 1566 κάνταῦθα

2462 1605 2619 1657 πάλιν
2652 1605 2745 1657 τοῦ
2779 1606 2983 1674 Κυρίου
3015 1605 3432 1674 σημαινομένου.
3476 1606 3653 1674 Πηγαὶ
3702 1605 3758 1656 δέ
3801 1603 4015 1675 Ἰσραὴλ

2467 1697 2519 1745 αἱ
2571 1697 2898 1766 προφητικαὶ
2948 1697 3157 1766 Γραφαὶ
3185 1696 3555 1764 τυγχάνουσιν,
3584 1697 3616 1765 ἦ
3653 1713 3710 1748 τε
3739 1697 4014 1755 Μωῡσέως

2461 1786 2745 1855 νομοθεσία
2766 1803 2777 1814 ο
2813 1786 2868 1850 ἐξ
2902 1781 2973 1838 ὧν
2995 1785 3180 1855 ῶσπερ
3208 1786 3314 1838 ἀπὸ
3352 1786 3540 1855 πηγῶν
3564 1786 3890 1856 ἀρυομένους
3915 1784 4013 1844 τὰς

2463 1877 2591 1945 περὶ
2641 1875 2734 1928 τοῦ
2767 1877 3010 1947 Σωτῆρος
3051 1876 3202 1946 ἡμῶν
3239 1877 3536 1946 μαρτυρίας
3583 1875 3817 1943 εὐλογεῖν
3852 1873 4012 1926 αὑτὸν

813 1969 1087 2021 διιεηιιιιιιε
1158 1967 1211 2019 in
1274 1967 1468 2020 mentis
1516 1981 1762 2020 excessu.
1801 1983 1818 2015 ι
1857 1964 1962 2017 Pro
2015 1965 2106 2017 illo
2152 1971 2354 2027 autem,

2459 1967 2515 2017 ἐν
2563 1969 2680 2028 ταῖς
2719 1966 3030 2036 ἐκκλησίαις
3081 1969 3194 2028 τοῖς
3238 1967 3506 2037 δευτέροις
3559 1965 4008 2036 παρακελεύεται.

815 2076 835 2108 ι
869 2059 962 2121 ibi,
990 2077 1006 2108 ι
1035 2057 1388 2128 Symmachus
1411 2059 1505 2119 ait,
1533 2075 1550 2107 ι
1579 2057 1668 2109 ubi
1703 2056 1983 2124 Bcnjamin
2020 2056 2307 2118 minimus;
2334 2075 2350 2107 ι

809 2149 1000 2216 Aquila
1050 2161 1176 2200 vero
1216 2147 1485 2208 similiter,
1525 2163 1542 2195 ι
1577 2146 1650 2198 ibi
1698 2145 1973 2212 Benjamin
2029 2145 2225 2208 brevis,
2258 2146 2359 2197 im-

810 2252 1005 2307 perans
1042 2237 1194 2305 ipsis.
1234 2256 1252 2287 ι
1291 2227 1567 2303 Benjamin
1597 2250 1721 2289 vero
1748 2235 1954 2303 junior,
1990 2236 2243 2289 minimus
2267 2245 2357 2287 aut

809 2330 1161 2384 brevissimus
1217 2325 1414 2380 Paulus
1463 2336 1580 2380 erat
1643 2326 1856 2381 divinus
1909 2327 2220 2396 Apostolus,
2290 2342 2354 2381 ex

808 2421 948 2478 tribu
991 2418 1290 2486 Benjamin,
1329 2417 1584 2471 Ilebrzeus
1610 2433 1677 2472 ex
1706 2417 1943 2472 Hebraeis
1962 2459 1976 2484 ,
2006 2419 2355 2486 quemadmo-

809 2511 936 2564 dum
963 2512 1078 2579 ipse
1127 2509 1283 2563 docet
1331 2510 1415 2563 his
1447 2510 1625 2564 verbis
1660 2527 1673 2562 :
1715 2527 1734 2560 ι
1773 2508 2130 2564 Circumcisio
2165 2519 2356 2564 octavo

808 2601 913 2662 die,
949 2616 1013 2654 ex
1038 2615 1231 2670 genere
1266 2599 1447 2661 Israel,
1481 2600 1550 2655 de
1583 2602 1725 2654 tribu
1761 2602 2065 2671 Benjamin,
2098 2603 2356 2658 Hebraeus

808 2707 873 2746 ex
900 2691 1136 2748 Hebrazis
1158 2691 1221 2742 ⁵⁷.
1267 2712 1284 2742 i
1325 2689 1516 2745 Iunior
1549 2708 1675 2747 vero
1704 2692 1922 2753 dicitur.
1959 2695 2072 2748 sive
2100 2695 2355 2748 minimus

808 2793 899 2838 aut
927 2785 1126 2847 brevis,
1157 2784 1282 2853 quia
1324 2783 1373 2836 id
1407 2784 1521 2852 ipse
1575 2785 1812 2838 declarat
1844 2786 2030 2840 dicens
2063 2806 2076 2841 :
2115 2806 2132 2836 ‹
2171 2785 2357 2839 Novis-

809 2879 956 2934 δίαιθ’
997 2885 1173 2930 autem
1219 2876 1459 2930 omnium
1513 2876 1668 2946 quasi
1708 2877 1952 2931 abortivo
1997 2878 2147 2931 visus
2175 2886 2257 2931 est
2304 2883 2357 2930 et

807 2969 938 3022 mihi
960 2969 1024 3022 ⁵⁸.
1061 2987 1078 3018 ι
1133 2967 1356 3021 Proillo
1391 2975 1595 3031 autem,
1635 2985 1653 3018 ι
1686 2969 1741 3021 in
1795 2970 1994 3023 mentis
2039 2984 2288 3031 excessu,
2331 2989 2348 3019 ι

804 3061 1038 3130 Aquila,
1095 3061 1116 3110 ι
1171 3061 1441 3129 imperans
1494 3061 1664 3129 ipsis;
1705 3081 1721 3110 I
1765 3061 2067 3115 Theodotio
2126 3071 2304 3115 autem
2337 3104 2350 3125 ,

811 3171 829 3202 ‹
866 3157 1160 3222 praeceptor
1204 3165 1430 3216 eorum;
1467 3171 1485 3203 ι
1529 3152 1713 3221 quinta
1759 3152 1944 3217 editio,
1999 3173 2017 3204 ‹
2071 3154 2354 3209 instituen-

2458 2051 2588 2108 Εἶτα
2628 2055 2894 2124 ἐπιλέγει·
2925 2075 2942 2106 ι
2977 2057 3120 2109 Ἐκεῖ
3146 2057 3397 2126 Βενιαμὶν
3437 2055 3694 2126 νεώτερος
3729 2059 3784 2108 ἐν
3817 2056 4010 2107 ἐκστά-

2459 2164 2556 2200 σει.
2592 2167 2608 2197 ι
2655 2149 2794 2198 Ἀντὶ
2828 2147 2883 2200 δὲ
2908 2147 3000 2200 τοῦ
3036 2167 3054 2199 ‹
3089 2151 3238 2210 ἐκεῖ,
3285 2168 3302 2199 ι
3338 2151 3364 2200 6
3409 2147 3730 2217 Σύμμαχος,
3781 2166 3799 2197 ι
3837 2149 3966 2198 ὅπου
3994 2187 4008 2210 ,

2458 2239 2619 2308 φησὶ,
2681 2239 2932 2306 Βενιαμὶν
2999 2239 3026 2289 ὁ
3086 2241 3438 2310 μικρότατος·
3484 2257 3501 2289 ι
3560 2236 3652 2288 καὶ
3702 2237 3730 2286 ό
3784 2237 4011 2298 Ἀκύλας

2455 2327 2650 2396 ὁμοίως
2673 2345 2686 2358 ’
2716 2347 2732 2377 ι
2770 2330 2930 2390 Ἐκεῖ,
2956 2330 3105 2398 φησι,
3133 2330 3386 2398 Βενιαμὶν
3412 2330 3439 2380 6
3462 2328 3680 2398 βραχὺς,
3701 2327 4009 2398 ἐπικρατῶν

2455 2417 2650 2469 αὐτῶν.
2689 2437 2706 2467 ι
2761 2418 3012 2486 Βενιαμὶν
3061 2419 3116 2471 δέ
3158 2418 3414 2490 νεώτερος
3460 2421 3550 2472 καὶ
3605 2418 3921 2489 μικρότατος
3971 2419 4006 2487 ἦ

2458 2507 2784 2578 βραχύτατος
2816 2509 3023 2571 Παῦλος
3053 2505 3118 2580 ῆν
3139 2512 3166 2562 6
3193 2510 3331 2572 θεῖος
3377 2511 3708 2575 Ἀπόστολος,
3741 2512 3909 2581 φυλῆς
3933 2510 4008 2562 ὼν

2455 2600 2727 2668 Βενιαμὶν,
2784 2599 3028 2669 Ἐϐραῖος
3066 2600 3124 2663 ἐξ
3180 2600 3473 2673 Ἐϐραίων,
3516 2601 3692 2664 καθὼς
3737 2602 3896 2665 αὐτὸς
3932 2600 4009 2654 δι-

2455 2690 2636 2742 δάσκει
2684 2690 2888 2758 λέγων’
2947 2710 2964 2741 ι
3008 2692 3283 2763 Περιτομὴ
3328 2695 3664 2763 ὀκταήμερος
3709 2692 3772 2744 ἐκ
3817 2693 4008 2759 γένους

2467 2781 2697 2852 Ἰσραὴλ,
2727 2782 2896 2852 φυλῆς
2942 2784 3228 2852 Βενιαμὶν,
3275 2783 3519 2855 Ἐϐραῖος
3563 2784 3618 2850 ἐξ
3666 2782 3944 2854 Ἑϐραίων.
3983 2801 4002 2834 ι

2455 2871 2728 2942 Νεώτερος
2755 2873 2809 2925 δὲ
2845 2873 3076 2943 εἴρηται,
3107 2873 3513 2944 ἢ¹μικρότατος,
3547 2875 3578 2944 ἢ
3628 2873 3850 2944 βραχὺς,
3887 2874 4008 2927 ἐπεὶ

2455 2964 2547 3015 καὶ
2579 2963 2737 3024 αὐτὸς
2766 2962 2918 3016 τοῦτο
2941 2963 3174 3015 διδάσκει
3201 2963 3372 3029 λέγων
3394 2979 3406 2992 ·
3443 2981 3460 3012 ι
3490 2963 3750 3033 Ὕστερον
3780 2963 3835 3015 δέ
3869 2963 4004 3015 πάν-

2452 3071 2557 3106 των
2595 3052 2781 3124 ῶσπερ
2815 3053 2891 3122 τῷ
2929 3052 3235 3122 ἐκτρώματι
3273 3052 3426 3122 ῶφθη
3477 3053 3660 3122 κάμοί.
3696 3072 3713 3102 ι
3770 3052 3912 3105 Ἀντὶ
3949 3052 4004 3106 δέ

2452 3145 2577 3210 τοῦ,
2609 3163 2627 3195 ι
2655 3145 2711 3197 ἐν
2754 3144 3042 3204 ἐκστάσει,
3089 3162 3108 3193 ι
3144 3143 3171 3192 6
3222 3143 3317 3211 μὲν
3353 3141 3607 3207 Ἀκύλας,
3649 3160 3667 3193 ι
3700 3142 4004 3212 ἐπικρατῶν

805 3251 933 3306 tem,
967 3262 984 3294 ι
1052 3250 1144 3296 aut
1204 3260 1223 3293 ι
1261 3241 1563 3310 docentem,
1597 3263 1616 3295 ι
1653 3244 1990 3314 interpretati
2042 3255 2188 3301 sunt.
2243 3246 2351 3314 Nec

2453 3233 2660 3286 αὐτῶνθ
2692 3250 2710 3281 ι
2743 3233 2770 3284 6
2796 3231 2850 3282 δὲ
2887 3230 3194 3293 Θεοδοτίων,
3226 3248 3242 3280 ι
3270 3232 3556 3301 παιδευτὴς
3595 3228 3796 3283 αὐτῶν·
3836 3250 3853 3280 ›
3889 3233 3922 3301 η
3949 3231 4005 3283 δὲ

804 3335 991 3390 multis
1046 3335 1224 3390 verbis
1264 3350 1400 3405 opus
1448 3336 1513 3390 ad
1563 3337 2048 3406 comprobandum,
2104 3348 2349 3394 sanctum

804 3424 1139 3496 Apostolum,
1174 3426 1265 3495 qui
1298 3424 1576 3494 Benjamin
1600 3435 1847 3490 vocatur,
1875 3426 2135 3483 Ecclesiis
2179 3430 2352 3498 impe—

803 3530 945 3577 rare,
979 3529 1271 3584 earumque
1300 3523 1682 3585 praceptorem
1716 3532 1857 3570 esse.
1907 3515 2026 3571 Non
2059 3519 2208 3572 solus
2250 3519 2348 3571 ita-

803 3601 907 3676 q'he
936 3605 1215 3674 Beniamin
1247 3606 1320 3659 ibi
1347 3613 1462 3659 erat
1487 3645 1502 3668 ,
1531 3605 1783 3660 videlicet
1811 3606 1876 3659 'in
1925 3604 2184 3665 Ecclesiis
2215 3605 2308 3661 Dei
2333 3625 2348 3673 ;

804 3695 896 3749 sed
924 3695 1085 3748 etiam
1129 3712 1146 3742 ι
1174 3693 1453 3762 principes
1481 3691 1618 3746 Juda
1645 3693 1812 3746 duces
1835 3707 2043 3757 eorum,
2077 3695 2350 3766 principes

801 3785 1080 3848 Zabulon,
1142 3784 1415 3852 principes
1463 3782 1768 3853 Nephtbali.
1809 3802 1827 3834 ι
1863 3781 1958 3839 His
2004 3800 2164 3854 porro
2213 3779 2352 3842 indi.

803 3879 996 3927 cantur
1027 3871 1217 3939 reliqui
1241 3871 1491 3939 apostoli,
1519 3886 1748 3940 quorum
1779 3871 1868 3924 alii
1898 3887 1962 3927 ex
1991 3875 2138 3929 tribu
2188 3873 2347 3944 Juda,

803 3962 892 4013 alii
918 3971 984 4014 ex
1007 3961 1151 4014 tribu
1172 3959 1432 4026 Zabulon,
1465 3961 1556 4014 alii
1583 3975 1649 4016 ex
1680 3961 1823 4014 tribu
1858 3957 2142 4033 Nephihali
2168 3975 2346 4020 erant.

803 4051 981 4119 Quare
1013 4052 1204 4105 horum
1237 4060 1435 4107 terram
1465 4064 1725 4109 memorat
1754 4053 1988 4124 Spiritus
2010 4065 2232 4114 sanctus
2255 4075 2350 4130 per

802 4141 994 4196 Isaiam
1051 4142 1362 4211 prophetam
1431 4144 1670 4200 dicens:
1713 4163 1730 4195 ι
1769 4143 1936 4200 Terra
1995 4146 2239 4203 Zabulon
2295 4158 2349 4205 et

805 4248 944 4288 terra
985 4231 1344 4305 Nepbthalim,
1391 4235 1531 4287 viam
1577 4236 1742 4290 maris
1769 4275 1784 4297 ,
1816 4244 1967 4293 trans
2035 4238 2347 4303 Iordanem,

800 4323 1013 4378 Galilma
1049 4324 1289 4396 gentium
1312 4323 1374 4376 ".
1415 4343 1432 4375 ι
1472 4325 1587 4393 Ipse
1613 4341 1825 4395 quoque
1877 4329 2131 4385 servator
2167 4339 2350 4387 trans-

802 4417 919 4471 iens
961 4417 1113 4486 juxta
1164 4431 1311 4470 mare
1342 4413 1594 4484 Galilaaaa,
1627 4416 1828 4471 istbinc
1877 4435 2006 4475 suos
2057 4421 2349 4493 discipulos

801 4510 1032 4564 vocavit.
1093 4509 1289 4579 Aperte
1334 4510 1514 4578 itaque
1564 4509 1723 4563 docet
1779 4508 2038 4566 Ecclesiis
2088 4514 2350 4584 imperare

2454 3324 2671 3393 πέμπτη
2695 3322 2916 3385 ἐκδοσις,
2948 3341 2964 3373 ι
2990 3323 3322 3386 παιδάὸντα,
3338 3322 3768 3394 »ἢμδιδάσκοντοι
3793 3341 3812 3373 ι
3829 3324 4005 3393 ἡρμή-

2451 3430 2662 3467 νευσαν.
2696 3414 2768 3465 υύ
2801 3414 2880 3466 δεῖ
2905 3414 2961 3468 δὲ
2990 3416 3119 3484 ἡμῖν
3149 3415 3403 3467 πλειόνων
3436 3415 3606 3482 λόγων
3640 3416 3716 3476 είς
3737 3414 4004 3480 ἀπόδειξιν

2448 3503 2541 3557 τοῦ
2571 3506 2790 3574 κρατεῖν
2831 3503 2937 3556 τῶν
2991 3503 3350 3575 Ἐκκλησιῶν,
3385 3507 3475 3558 καὶ
3508 3504 3794 3576 παιδευτὴν
3827 3505 4003 3559 αὐτῶν

2450 3590 2583 3648 εἶναι
2611 3595 2699 3647 τὸν
2732 3595 2871 3666 ἱερὸν
2899 3595 3209 3656 ’Δπόστολον
3234 3595 3485 3668 Βενιαμὶν
3511 3595 4000 3668 ὠνομασμένον.οὑ

2453 3685 2609 3755 μόνος
2642 3685 2698 3738 δὲ
2742 3686 2848 3757 ἄρα
2893 3689 2921 3739 6
2966 3686 3218 3756 Βενιαμὶν
3247 3684 3313 3756 ἦν
3353 3689 3494 3755 ἐκεῖ,
3529 3687 3724 3758 δηλαδὴ
3773 3689 3837 3741 ιέν
3882 3691 4002 3752 ταῖς

2462 3777 2800 3846 Ἑκκλησίαις
2829 3777 2920 3830 τοῦ
2951 3778 3261 3843 Θεοῦ,·ἀλλά
3306 3780 3396 3830 καὶ
3427 3798 3446 3829 ι
3472 3781 3518 3832 οἱ
3548 3777 3802 3848 ἄρχοντες
3834 3777 4003 3832 ’ἰούδα

2425 3859 2708 3939 ’ἡγεμόνες
2741 3869 2948 3932 αὐτῶν,
2994 3870 3132 3921 οἵτε
3182 3869 3438 3937 ἄρχοντες
3488 3866 3766 3920 Ζαϐουλὼν
3819 3869 3910 3921 καὶ
3951 3870 4000 3920 οῖ

2447 3961 2702 4031 ἄρχοντες
2730 3959 3058 4029 Νεφθαλείμ.
3089 3959 3343 4028 Σημαίνει
3372 3957 3428 4009 δέ
3457 3960 3485 4009 6
3507 3957 3659 4025 λόγος
3687 3959 3773 4011 διὰ
3801 3957 4001 4011 τούτων

2445 4051 2570 4114 τοὺς
2609 4051 2826 4114 λοιποὺς
2859 4047 3202 4111 ἀποστόλους,
3242 4042 3316 4100 ὧν
3343 4049 3389 4100 οί
3429 4049 3525 4118 μὲν
3557 4044 3692 4118 ἦσαν
3734 4050 3797 4102 ἐκ
3831 4049 4001 4120 φυλῆς

2459 4143 2645 4205 Ἰούδα,
2676 4144 2725 4194 oi
2752 4141 2807 4194 δέ
2834 4143 2897 4193 ἐκ
2930 4139 3102 4209 φυλῆς
3127 4138 3409 4192 Ζαϐουλὼν
3433 4139 3527 4192 καὶ
3552 4134 3888 4210 Νεφθαλείμ.
3911 4140 4002 4192 Διὸ
4065 4134 4069 4138 ’

2445 4233 2543 4305 τῆς
2585 4236 2785 4289 τούτων
2825 4235 3091 4307 μέμνηται
3137 4232 3318 4305 χώρας
3363 4233 3423 4285 τὸ
3473 4234 3622 4301 ᾰγιον
3657 4234 3877 4304 Πνεῦμα
3912 4233 4002 4286 διὰ
4096 4263 4100 4268 ~

2449 4327 2676 4391 _'H3atou
2698 4326 2794 4378 τοῦ
2820 4326 3091 4396 προφήτου
3126 4325 3277 4392 λέγον
3299 4343 3310 4354 ·
3343 4345 3359 4375 ι
3386 4325 3458 4395 Γῆ
3489 4323 3767 4378 Ζαϐουλὼν
3811 4325 3902 4378 καὶ
3929 4326 3999 4396 γῆ

2446 4418 2790 4487 Νεφθαλεὶμ,
2841 4417 2955 4469 ὁδὸν
2990 4416 3261 4485 θαλάσσης
3286 4457 3300 4480 ,
3339 4416 3513 4487 πέραν
3555 4415 3646 4468 τοῦ
3707 4416 3997 4486 Ἰορδάνου,

2447 4509 2697 4561 Γαλιλαία
2719 4506 2823 4560 τῶν
2849 4505 3033 4559 ἐθνῶν.
3050 4526 3067 4558 ι
3087 4507 3196 4561 Καὶ⁵
3220 4505 3377 4568 αὐτὸς
3397 4507 3452 4560 δέ
3477 4508 3504 4558 6
3523 4506 3727 4576 Σωτὴρ,
3753 4524 3999 4576 παραγα-

803 4601 976 4668 primo
1027 4599 1274 4664 Paulum,
1329 4601 1704 4656 brevissimum
1737 4609 1788 4655 et
1819 4603 2099 4656 minimum
2123 4647 2138 4670 ,
2169 4621 2230 4660 ac
2254 4607 2344 4675 ju-

2447 4601 2558 4667 γὼν
2589 4598 2736 4670 παρά
2763 4598 2857 4670 τὴν
2891 4598 3158 4652 θάλασσαν
3188 4598 3285 4668 τῆς
3311 4597 3614 4660 Γαλιλαίας,
3649 4599 3773 4659 τοὺς
3808 4598 3998 4651 ἐαυτοῦ

802 4693 1006 4746 niorem
1061 4692 1269 4746 exteris
1308 4693 1567 4762 apostolis
1594 4732 1608 4755 ,
1637 4695 1692 4748 in
1740 4693 1935 4747 mentis
1985 4709 2210 4750 excessu
2249 4697 2347 4750 ali-

802 4781 1018 4852 quando
1048 4782 1304 4852 positum,
1341 4783 1556 4853 quando
1585 4784 2009 4854 persequebatur
2039 4784 2342 4842 Ecclesiam

802 4872 918 4937 Dei,
955 4886 1181 4942 eamque
1214 4875 1476 4938 vastabat,
1510 4876 1623 4929 sive
1670 4875 1886 4944 quando
1927 4876 1982 4929 in
2019 4878 2345 4932 revelatione

788 4964 1132 5020 'Salvatorem
1165 4966 1332 5030 vidit;
1362 4967 1444 5020 vel
1477 4967 1693 5036 quando
1725 4978 1911 5037 raptus
1939 4975 2023 5024 est
2044 4969 2096 5022 in
2132 4971 2348 5039 paradi-

801 5069 918 5108 sum
951 5071 1119 5124 usque
1148 5056 1212 5109 ad
1240 5056 1462 5110 tertium
1485 5055 1702 5110 caelum.
1741 5055 1873 5112 Post
1919 5056 2144 5112 Paulum
2191 5075 2343 5124 vero,

801 5155 1024 5202 cameras
1069 5148 1341 5216 apostolos
1375 5165 1394 5197 ι
1434 5147 1527 5210 ibi,
1569 5165 1587 5198 ι
1625 5147 1831 5202 scilicet
1863 5149 1917 5201 in
1957 5149 2073 5218 ipsa
2105 5149 2347 5206 Ecclesia

800 5245 989 5292 ornate
1043 5247 1351 5294 versaturos
1406 5238 1750 5302 vaticinatur,
1796 5240 2176 5310 principesque
2233 5241 2348 5297 fore

801 5339 1018 5387 nostros
1045 5331 1278 5386 ex-tribu
1310 5331 1470 5396 Juda,
1499 5346 1563 5386 ac
1593 5331 1866 5402 principes
1901 5331 2163 5399 Zabulon,
2199 5335 2346 5406 prin-

800 5425 947 5493 cipes
978 5423 1283 5493 Nephthali.
1319 5423 1375 5478 Si
1409 5425 1531 5496 quis
1559 5439 1688 5478 vero
1730 5440 1825 5495 per
1878 5426 2045 5479 otium
2094 5436 2344 5482 accurate

802 5515 1163 5584 perquisierit,
1207 5514 1470 5584 cujusque
1517 5515 1743 5585 apostoli
1813 5515 2011 5570 tribum
2062 5518 2338 5585 reperiet:

870 5696 914 5728 "
941 5695 1170 5765 Philipp.
1221 5710 1301 5756 ιιι,
1342 5695 1395 5748 5.
1466 5694 1551 5748 ⁸⁸1
1579 5665 1704 5748 Cor.
1751 5711 1839 5762 xv,
1873 5695 1926 5748 8.
2002 5694 2044 5726 “
2070 5692 2174 5749 lsa.
2207 5711 2282 5758 Ix,
2325 5695 2373 5747 I.

2456 4682 2696 4761 μαθητὰς
2724 4690 2928 4744 ἐνθένδε
2973 4691 3300 4744 ἀνεκαλεῖτο.
3333 4687 3522 4755 Σαφῶς
3552 4683 3644 4739 οὖν
3690 4690 4000 4756 ἐπικρατεῖν

2450 4784 2554 4834 τῶν
2595 4783 2919 4854 Ἐκκλησιῶν
2949 4784 3158 4854 πρῶτον
3190 4785 3285 4853 μὲν
3314 4782 3520 4834 Παῦλον
3547 4781 3636 4834 τὸν
3671 4781 3998 4852 βραχύτατον
4042 4788 4054 4798 ⁸

2451 4875 2542 4926 καὶ
2572 4875 2918 4947 μικρότατον,
2951 4877 3043 4929 καὶ
3072 4874 3334 4928 νεώτατον
3359 4873 3469 4924 τῶν
3497 4873 3802 4926 ἀποστόλων
3829 4873 3998 4927 ἐδίδα-

2452 4962 2570 5030 ξεν,
2604 4968 2659 5018 ἐν
2702 4967 2958 5019 ’ἐκστάσει
2989 4968 3116 5021 ποτὲ
3157 4966 3472 5035 γενόμενον,
3527 4960 3616 5016 ’ὅτε
3668 4963 3854 5017 ἐδίωκε
3903 4966 4000 5037 τὴν

2463 5057 2782 5128 Ἐκκλησίαν
2811 5057 2902 5110 τοῦ
2938 5058 3103 5121 Θεοῦ,
3148 5057 3240 5109 καὶ
3275 5055 3489 5125 ἐπόρθει
3514 5055 3700 5125 αὐτὴν,
3744 5055 3779 5125 ἢ
3809 5055 3895 5108 ὅτε
3944 5059 4000 5112 ἐν

2451 5150 2780 5218 ἀποκαλύψει
2806 5151 2893 5205 τὸν
2926 5152 3152 5222 Σωτῆρα
3187 5147 3437 5201 τεθέατο·
3474 5147 3506 5216 ἦ
3539 5148 3627 5200 ὅτε
3664 5149 3885 5219 ἡρπάγη
3923 5151 4002 5212 είς

2450 5241 2540 5293 τὸν
2587 5243 2907 5314 παράδεισον
2949 5243 3052 5304 ἕως
3093 5240 3273 5311 τρίτου
3324 5239 3579 5310 ούρανοῦ·
3635 5241 3769 5310 μετὰ
3825 5241 3878 5293 δὲ
3910 5239 4001 5297 τὸν

2453 5332 2660 5387 Παῦλον
2698 5336 2826 5397 τοὺς
2873 5334 3090 5394 λοιποὺς
3140 5329 3461 5393 ἀποστόλους
3492 5331 3606 5382 ἐκεῖ
3655 5331 3712 5382 ἐν
3757 5332 3820 5399 τῇ
3863 5330 3998 5396 αὐτῇ

2462 5422 2750 5497 Ἐκκλησία
2814 5424 3132 5497 διαπρέπειν
3185 5421 3457 5487 θεσπίζει,
3526 5420 3788 5492 ἄρχοντας
3844 5420 4000 5478 ὄντας

2451 5517 2746 5590 ἡμετέρους
2774 5519 2838 5572 ἐκ
2863 5517 3033 5588 φυλῆς
3072 5514 3258 5579 Ἰούδα,
3291 5515 3384 5569 καί
3420 5513 3682 5584 ἄρχοντας
3717 5505 3999 5566 Ζαϐουλὼν

873 5853 949 5922 (Ι)
996 5851 1048 5905 Id
1095 5860 1176 5907 cst
1203 5892 1216 5914 ,
1268 5851 1429 5905 Deum
1461 5852 1605 5905 illum
1649 5866 1754 5907 me
1788 5851 1839 5902 in
1879 5847 2109 5902 Ecclesia
2144 5849 2445 5918 pra-dicare.
