4300 6464
345 496 441 550 715

1450 494 1950 553 COMMENTARIA
1989 494 2056 552 IN
2096 498 2431 555 PSALMOS.

3434 505 3491 563 Ἠ
3506 509 3535 562 ιι

337 612 428 664 καὶ
459 611 720 696 ἄρχοντας
758 613 1091 684 Νεφθαλείμ.
1137 615 1258 682 Ἐπὶ
1292 618 1480 689 σχολῆς
1507 620 1550 672 δ’
1590 601 1665 673 ἄν
1686 637 1770 683 τις
1802 639 1886 690 φι-
1919 629 1958 681 Α
1989 637 2035 674 n:

1832 640 1886 671 ›ι-
1919 629 1958 681 Α
1989 637 2112 674 nam
2146 623 2319 678 cuivis
2353 623 2614 705 quaerenti
2637 623 2796 678 datur
2823 639 2855 680 a
2904 624 3188 684 Servatore
3231 629 3530 686 inveniendi

335 702 663 774 λοκαλήσας,
720 703 815 775 τὴν
868 704 1093 759 ἑκάστου
1155 708 1261 760 τῶν
1315 710 1620 763 ἀποστόλων
1672 713 1889 784 εὑρήσει

337 792 539 862 φυλήν
595 794 715 846 ἐπεὶ
769 797 928 848 παντὶ
977 796 1057 866 τῷ
1098 799 1358 868 ζητοῦντι
1409 802 1440 870 ἡ
1490 801 1588 870 τῆς
1629 803 1890 873 εὑρέσεως

332 882 536 935 δέδοται
560 884 662 936 ὑπὸ
680 885 773 937 τοῦ
809 886 1055 958 Σωτῆρος
1085 889 1401 956 ἐπαγγελία.

408 991 426 1022 ι
457 973 744 1038 Ἔντειλαι,
776 977 804 1026 ὁ
844 975 994 1042 Θεὸς,
1029 977 1125 1048 τὴν
1153 978 1374 1050 δύναμιν
1406 998 1518 1046 σου,
1555 983 1887 1053 δυνάμωσον,

331 1066 359 1118 δ
378 1065 528 1128 Θεὸς,
554 1067 710 1119 τοῦτο
725 1067 754 1119 δ
775 1069 1120 1140 κατειργάσω
1144 1071 1290 1140 ἡμῖν.
1313 1090 1332 1122 ι
1362 1073 1590 1126 ’Ἑπεται
1612 1076 1889 1129 καὶταῦτα

332 1158 442 1218 τοῖς
490 1156 882 1227 προλεχθεῖσιν.
933 1160 1147 1230 Ἐπειδὴ
1187 1160 1292 1231 γὰρ
1329 1165 1678 1234 προφητικῶς
1725 1149 1888 1236 προσ-

332 1244 553 1299 έταττεν
583 1250 611 1299 ὁ
648 1247 803 1315 λόγος
829 1252 939 1313 τοῖς
969 1251 1279 1316 ἀποστόλοις
1303 1254 1360 1305 ἐν
1389 1255 1700 1325 ἐκκλησίαις
1736 1258 1886 1310 εὐλο-⁸

332 1336 447 1400 γεῖν
473 1336 562 1389 τὸν
594 1336 816 1409 Κύριον,
847 1341 939 1392 καὶ
985 1341 1139 1395 τοῦτο
1177 1347 1344 1398 ποιεῖν
1385 1344 1686 1418 μὴ-ἐτέρων
1728 1349 1886 1401 τινῶν

329 1429 682 1498 ὁρμωμένους
730 1432 933 1500 λόγων,
969 1436 1082 1489 ἀλλ’
1131 1439 1194 1490 ἐκ
1246 1439 1350 1492 τῶν
1401 1440 1586 1510 πηγῶν
1653 1441 1882 1512 Ἰσραὴλ,

332 1519 635 1584 ἀκολούθως
672 1522 810 1594 ὑπὲρ
841 1525 1017 1578 αὐτῶν
1044 1527 1206 1599 εὐχὴν
1233 1530 1540 1600 ἀναπέμπει
1575 1531 1635 1584 τὸ
1664 1533 1883 1602 Πνεῦμα

279 1623 286 1628 ’
329 1609 388 1661 τὸ
413 1614 763 1682 προφητικὸν,
796 1617 1000 1682 φάσκον
1023 1637 1034 1648 ’
1063 1637 1081 1670 ι
1114 1621 1396 1687 Ἕντειλαι,
1429 1625 1457 1674 ὁ
1491 1623 1637 1687 Θεὸς,
1666 1625 1763 1694 τὴν
1789 1623 1880 1676 δύ-

329 1701 488 1772 ναμίν
534 1720 624 1755 σου
649 1721 662 1735 ’
700 1725 718 1758 ι
761 1707 892 1760 ὡσεὶ
935 1710 1262 1782 σαφέστερον
1313 1713 1492 1781 ἔλεγεν
1518 1729 1531 1743 ‘
1594 1715 1882 1768 Ἐπισπευο

331 1792 473 1846 σάτω
508 1794 550 1872 ἡ.
565 1793 791 1865 δύναμίς
822 1813 937 1860 σου,
974 1799 1066 1852 καὶ
1093 1804 1416 1875 συνεργείτω
1447 1807 1556 1868 τοῖς
1594 1807 1846 1878 ἀνδράσιν
1865 1825 1878 1837 ·

327 1881 464 1936 ἀλλά
501 1884 594 1936 καὶ
616 1885 713 1956 ήδη
743 1888 872 1940 ποτέ
897 1892 961 1960 τῇ
987 1891 1131 1960 ίσχύῖ
1157 1909 1248 1945 σου
1278 1893 1345 1945 δι’
1374 1894 1548 1966 ἔργων
1581 1899 1880 1968 χωρησάτω

1991 714 2279 779 promissio
2301 715 2361 768 5°.

2060 983 2220 1047 erns.
2256 982 2346 1037 29.
2386 1001 2404 1032 ι
2444 983 2656 1049 Manda,
2687 984 2849 1049 Deus,
2881 985 3064 1039 virtuti
3092 993 3235 1052 tua;
3276 989 3531 1042 conﬁrma

1940 1077 1946 1082 '
1989 1074 2110 1135 hoc,
2143 1072 2305 1137 Deus,
2334 1073 2478 1143 quod
2511 1083 2766 1142 operatus
2801 1077 2948 1149 es_in
2982 1076 3159 1130 nobis.
3189 1096 3206 1128 ι
3243 1075 3367 1131 Haec
3397 1094 3531 1147 prae-

1988 1156 2305 1218 cedentibus
2361 1173 2775 1219 connectuntur.
2836 1165 2973 1232 Quia
3026 1168 3167 1222 enim
3225 1169 3531 1239 propheticr

1987 1254 2296 1323 praecipitur
2350 1255 2609 1324 apostolis
2656 1255 2711 1309 in
2763 1256 3012 1311 ecclesiis
3073 1256 3387 1311 benedicere
3429 1256 3531 1310 Do-

1987 1346 2167 1413 mino,
2205 1346 2364 1416 idque
2403 1357 2658 1417 praestare
2701 1363 2810 1401 non
2859 1347 2980 1402 aliis
3013 1349 3350 1404 sermonibus
3378 1365 3530 1404 exor-

1987 1451 2076 1491 sos
2100 1478 2113 1501 ,
2146 1438 2240 1491 sed
2270 1454 2335 1493 ex
2373 1438 2611 1493 fo‘ntibus
2665 1438 2864 1504 Israel;
2897 1441 3292 1508 consequenter
3328 1455 3428 1510 pro
3467 1427 3562 1496 iis.

1984 1527 2278 1580 orationem
2337 1527 2573 1596 Spiritus
2625 1528 2977 1598 prepbeticus
3022 1528 3267 1593 ell‘undit,
3299 1530 3486 1586 dicens
3516 1521 3557 1586 Ξ.

1987 1636 2004 1667 ι
2046 1617 2258 1684 Manda,
2291 1617 2451 1683 Deus,
2485 1619 2670 1672 virtuti
2700 1628 2845 1681 tuae;
2886 1638 2906 1670 ι
2945 1634 3007 1673 ac
3040 1621 3086 1674 si
3120 1621 3358 1688 apertius
3391 1622 3536 1675 dice-

1982 1716 2063 1762 ret
2099 1728 2110 1762 :
2147 1708 2386 1764 Festinet
2408 1710 2579 1764 virtus
2611 1715 2700 1762 tua
2724 1748 2737 1771 ,
2765 1709 2980 1778 illisque
3008 1710 3138 1765 viris
3163 1719 3482 1781 coaperetur
3508 1729 3522 1775 ;

1946 1786 2078 1853 °sed
2127 1801 2209 1854 vel
2241 1815 2362 1855 sero
2395 1801 2614 1854 tandem
2665 1800 2866 1853 virtute
2917 1806 3009 1852 tua
3063 1815 3183 1869 quae
3223 1802 3534 1871 prophetice

1920 1890 1957 1961 χ
1983 1890 2127 1944 dicta
2157 1898 2283 1946 sunt
2314 1906 2478 1960 opere
2504 1891 2878 1959 compleantur
2904 1909 2916 1944 :
2953 1897 3005 1943 et
3034 1891 3137 1944 hoc
3180 1891 3356 1960 ipsum
3385 1894 3528 1961 quod

325 1974 395 2027 τὰ
423 1977 875 2048 προφητευόμενα
897 1996 909 2009 ·
947 1982 1214 2036 καὶτοῦτο
1242 1985 1300 2037 δὲ
1326 1985 1354 2037 ὃ
1385 1969 1725 2057 xm:sz
1756 1976 1884 2059 ἡμῖν
1917 1969 1960 2002 Β
1986 1998 2016 2035 0

1835 1993 1884 2042 ῖν
1917 1969 1960 2002 ⁸³
1986 1990 2240 2051 operatus
2279 1998 2338 2036 es
2377 1983 2431 2035 in
2481 1981 2640 2061 nopis
2686 1989 2969 2050 postquam
3012 1980 3255 2034 futurum
3285 1997 3405 2036 esse
3435 1999 3529 2036 vo-

239 2074 242 2076 '
325 2067 392 2135 τῇ
428 2069 492 2136 σῇ
520 2066 680 2139 βουλῇ
715 2071 1025 2142 προορίσας,
1061 2074 1155 2126 καὶ
1185 2076 1313 2127 αὐτὸ
1344 2076 1655 2147 δυνάμωσον
1678 2095 1693 2111 ⁶
1737 2080 1882 2142 ὅπως

319 2157 390 2236 τῇ
428 2159 494 2228 σῇ
521 2157 743 2230 δυνάμει
771 2156 949 2232 ἔργοις
989 2163 1374 2237 ἐπιτελεσθείη.
1401 2168 1464 2219 Τί
1494 2168 1547 2220 δὲ
1575 2164 1642 2238 ἦν
1665 2169 1819 2223 τοῦτο
1846 2171 1877 2240 ἢ

324 2244 384 2297 τὸ
415 2245 540 2317 ἑξῆς
591 2249 1001 2320 ἐπιφερόμενον,
1044 2271 1062 2303 ι
1105 2254 1224 2306 Ἐπὶ
1266 2255 1356 2309 τὸν
1391 2257 1514 2309 ναόν
1548 2274 1639 2310 σου
1688 2257 1778 2311 τὸν
1824 2261 1880 2310 ἐν

333 2337 805 2411 Ἰερουσαλὴμοοὶ
832 2343 1036 2397 οἴσουσι
1074 2344 1313 2415 βασιλεῖς
1340 2347 1513 2418 δῶρα;
1547 2369 1564 2400 ι
1591 2349 1747 2404 τοῦτο
1775 2352 1879 2423 γὰρ

322 2429 458 2505 αὐτὸ·
478 2433 940 2576 ἐπαγγειλάζιενος
979 2438 1111 2506 ἡμῖν
1140 2438 1449 2509 δυνάμωσον
1479 2441 1746 2508 γενέσθαι.
1779 2443 1881 2494 Βα-

324 2519 489 2576 σιλεῖς
523 2523 581 2576 δὲ
622 2523 709 2576 διὰ
736 2542 766 2576 τ
799 2524 892 2576 ὗτο
924 2528 979 2576 αἱ
1033 2527 1294 2576 Βασιλεῖαι
1332 2531 1431 2576 τῆς
1464 2531 1566 2576 γῆς
1614 2533 1853 2576 εἶητινται

324 2519 489 2584 σιλεῖς
523 2523 581 2576 δὲ
622 2523 709 2577 διὰ
736 2519 892 2578 τοῦτο
924 2528 979 2578 αἱ
1032 2527 1294 2596 βασιλεῖαι
1332 2531 1431 2600 τῆς
1464 2531 1566 2600 γῆς
1614 2533 1875 2603 εἴρηνται,

318 2608 425 2662 τῶν
447 2610 616 2666 ἐθνῶν
636 2615 885 2667 ἀπάντων
909 2617 1094 2694 τοῦτον
1123 2623 1528 2691 σημαινομένων
1547 2624 1637 2677 τὸν
1658 2627 1872 2695 τρόπον.

318 2697 472 2762 Νεὼς
509 2699 566 2752 δέ
591 2702 648 2753 ἐν
689 2703 1056 2774 Ἰερουσαλὴμ,
1086 2707 1168 2775 ἐφ’
1194 2708 1252 2759 ὃν
1280 2709 1348 2761 τὰ
1381 2710 1526 2780 δῶρα
1565 2711 1798 2766 οἴσουσιν
1826 2715 1874 2764 οἱ

296 2790 576 2861 βασιλεῖς,
605 2793 712 2845 οὐδ’
742 2795 926 2865 ἔτερος
977 2796 1042 2848 ἂν
1066 2793 1163 2867 ἐἴη
1197 2799 1295 2868 τῆς
1341 2799 1615 2868 βασιλείας
1655 2803 1760 2855 τῶν
1787 2804 1875 2854 ού-

320 2883 528 2956 ρανῶνο
585 2887 741 2957 εἰπερ
794 2888 949 2957 τσμεν
1009 2890 1354 2962 Ἰερουσαλὴμ
1403 2894 1757 2963 ἐπουράνιον,
1807 2897 1872 2966 ἣν

294 2975 514 3052 ’ἔδειξεν
553 2976 582 3029 ὁ
615 2977 814 3031 εἰπών·
855 2999 873 3031 ι
908 2981 970 3033 Ἦ
1001 2981 1054 3033 δὲ
1088 2983 1199 3036 ἄνω
1240 2983 1590 3056 Ἰερουσαλὴμ
1614 2987 1871 3060 ἐλευθέρα
1895 2971 1907 2981 ’

314 3068 482 3133 ἐστὶν,
502 3070 631 3153 ,ἥτις
650 3071 766 3123 ἐστὶ
797 3073 977 3144 μήτηρ
997 3070 1179 3144 ὴμῶνο
1209 3077 1360 3138 ι’καὶ,
1392 3095 1409 3126 I
1437 3078 1871 3154 Προσεληλύθατε

314 3157 456 3211 Σιὼν
477 3160 595 3230 θρει
628 3159 892 3223 καιπόλει
914 3162 1047 3216 Θεοῦ
1077 3163 1294 3230 ζῶντος,
1340 3167 1689 3240 Ἰερουσαλὴμ
1713 3171 1872 3223 ἐπου-

1985 2074 2191 2128 luntate
2219 2083 2307 2127 tua
2348 2073 2656 2135 delinieras,
2689 2074 2948 2126 conﬁrma
2975 2111 2989 2134 ,
3019 2079 3080 2128 ut
3125 2079 3389 2141 potestate
3438 2082 3528 2126 tua

1982 2177 2068 2215 res
2103 2162 2218 2232 ipsa
2264 2161 2594 2230 perﬁciatur.
2626 2160 2764 2226 Quid
2815 2169 2992 2216 autem
3030 2162 3170 2216 aliud
3213 2161 3342 2214 illud
3389 2174 3524 2222 erat.

1980 2269 2141 2324 quam
2173 2253 2223 2307 id
2253 2252 2398 2321 quod
2424 2252 2689 2321 sequitur,
2730 2269 2748 2302 ι
2785 2252 2864 2306 Ad
2895 2254 3148 2323 templum
3184 2263 3330 2306 tuum
3361 2253 3413 2305 in
3436 2251 3527 2305 Je-

1981 2347 2215 2400 rusalem
2259 2345 2357 2398 tibi
2409 2327 2635 2398 oﬂ‘erent
2682 2359 2837 2414 reges
2868 2346 3136 2399 munera?
3175 2365 3192 2396 ι
3233 2344 3344 2398 Hoc
3387 2346 3528 2398 enim

1979 2439 2154 2508 ipsum
2180 2436 2324 2506 quod
2359 2436 2516 2491 nobis
2549 2437 2847 2506 promisisti
2892 2437 3170 2502 conﬁrma,
3210 2445 3268 2491 ut
3299 2438 3525 2491 eveniat.

1981 2529 2152 2600 Reges
2181 2537 2360 2582 autem
2387 2541 2552 2596 regna
2599 2535 2757 2581 terra:
2803 2527 3130 2596 signiﬁcant,
3167 2543 3272 2597 qua
3320 2529 3530 2582 ratione

1978 2619 2243 2673 universa:
2264 2627 2449 2687 gentes
2483 2611 2808 2672 indicantur.
2842 2617 3121 2688 Templum
3151 2628 3328 2673 autem
3358 2619 3412 2671 in
3440 2617 3530 2672 Jc-

1975 2709 2234 2770 rusalem,
2289 2725 2396 2778 quo
2445 2707 2690 2762 deferent
2744 2725 2901 2778 reges
2951 2724 3196 2772 munera,
3230 2726 3338 2764 non
3380 2710 3526 2763 aliud

1975 2795 2135 2853 fuerit
2168 2813 2328 2868 quam
2359 2813 2581 2868 regnum
2616 2800 2898 2854 caelorum.
2950 2798 3206 2855 Novimus
3257 2801 3524 2869 siquidem

1972 2889 2268 2946 Jerusalem
2300 2892 2571 2944 cmlestem
2628 2903 2788 2957 quam
2840 2889 3096 2943 indicavit
3139 2891 3408 2960 quispiam
3439 2890 3523 2944 his

1974 2983 2193 3038 verbis:
2225 3001 2243 3032 ‹
2273 2981 2346 3036 Ea
2390 2997 2518 3036 vero
2563 2998 2682 3052 qua:
2725 2997 2942 3036 sursum
2986 2990 3070 3036 est
3101 2979 3419 3046 Jerusalem,
3455 2981 3523 3034 li-

1973 3076 2102 3131 bera
2130 3083 2233 3138 est,
2263 3090 2384 3145 qua:
2412 3082 2495 3130 est
2547 3083 2718 3128 mater
2762 3086 2945 3128 nostra
2965 3076 3005 3105 "
3034 3092 3048 3140 ;
3092 3096 3111 3125 ι
3144 3082 3196 3128 et
3227 3093 3238 3127 :
3267 3091 3286 3123 (
3332 3073 3526 3128 Acces-

1971 3163 2123 3219 sistis
2170 3163 2237 3216 ad
2283 3163 2414 3217 Sion
2462 3170 2700 3217 montem
2743 3172 2795 3217 et
2835 3162 3109 3217 civitatem
3157 3161 3250 3218 Dei
3293 3163 3525 3218 viventis

319 3252 509 3321 ρανίῳ.
543 3271 562 3303 ι
617 3253 831 3324 Ταύτης
882 3249 974 3308 οὖν
1020 3257 1122 3326 τῆς
1172 3259 1487 3331 ἐπουρανίου
1534 3262 1736 3327 πόλεως
1783 3266 1874 3318 τοῦ
1902 3274 1944 3331 C
1975 3253 2017 3309 J4

1825 3266 1874 3318 αὖ
1902 3274 1944 3331 C
1975 3253 2273 3311 Jerusalem
2308 3243 2581 3310 cmlestem
2604 3257 2668 3309 ".
2708 3274 2726 3306 ι
2759 3254 2911 3321 Quod
2937 3255 3099 3327 igitur
3120 3256 3174 3310 in
3205 3257 3296 3310 illa
3314 3256 3523 3314 caelesti

319 3340 455 3395 Θεοῦ
482 3343 542 3395 τὸ
571 3342 849 3415 ἐξαίρετον,
878 3346 971 3398 καὶ
1001 3347 1270 3401 ἀνώτατον
1299 3352 1392 3403 καὶ
1418 3354 1657 3422 κρεῖττον
1683 3356 1710 3406 ὁ
1743 3354 1875 3416 νεώς

312 3436 424 3487 ἐστι
450 3434 542 3487 τσῦ
577 3434 731 3488 Θεοῦ.
774 3437 892 3488 Ἐπὶ
921 3432 1106 3491 τοῦτον
1136 3441 1310 3494 τοίνυν
1336 3443 1425 3495 τὸν
1457 3443 1590 3496 νεών
1618 3461 1731 3506 σου,
1768 3463 1872 3516 φη-

313 3524 416 3588 σὶν,
469 3524 550 3576 σοὶ
594 3526 795 3579 οἴσουσι
829 3528 1065 3595 βασιλεῖς
1109 3529 1283 3599 δῶραο
1325 3535 1372 3584 οἱ
1423 3533 1519 3602 τὴν
1563 3533 1748 3603 λοιπὴν
1780 3535 1873 3607 δη-

311 3612 440 3685 λαδὴ
473 3614 624 3666 πόλιν
649 3615 747 3685 τὴν
775 3616 1090 3686 ἐπουράνιον
1134 3619 1406 3684 οἰκοῦντες
1436 3621 1669 3690 βασιλεῖς
1700 3624 1866 3691 ὄντες,

312 3705 394 3758 διὰ
421 3704 482 3758 τὸ
505 3705 873 3778 κατηξιῶσθαι
901 3708 999 3776 τῆς
1031 3708 1304 3778 βασιλείας
1325 3713 1430 3766 τῶν
1477 3715 1738 3785 οὐρανῶν,
1775 3717 1870 3770 καὶ

308 3796 394 3851 διὰ
420 3797 578 3852 τοῦτο
600 3797 1010 3868 συμϐασιλεύειν
1030 3799 1107 3871 τῷ
1130 3801 1337 3856 ἑαυτῶν
1368 3804 1573 3876 Κυρίῳ.
1611 3825 1628 3856 ι
1666 3807 1729 3858 Εἰ
1761 3808 1867 3878 γὰρ

312 3890 744 3962 συναπεθάνομεν
766 3932 780 3956 ,
811 3891 903 3945 καὶ
951 3891 1253 3965 συζήσομεν
1278 3935 1291 3959 ,
1323 3897 1418 3949 καὶ
1447 3898 1496 3949 εί
1530 3898 1868 3969 ὑπομένομεν

306 3981 457 4046 Θεὸν,
492 3984 600 4036 καὶ,
620 3983 1132 4055 συμϐασιλεύσομεν.
1172 4004 1191 4036 ι
1217 3981 1373 4040 Οὗτοι
1403 3983 1494 4041 οὖν
1532 3989 1582 4041 οἱ
1611 3988 1863 4058 βασιλεῖς,

304 4078 379 4143 ὡς
407 4079 473 4134 ἂν
504 4080 608 4149 ὑπὸ
657 4080 874 4150 μεγάλῳ
913 4081 1158 4151 ἀρχιερεῖ
1192 4080 1269 4150 τῷ
1301 4081 1592 4149 Μονογενεῖ
1616 4079 1709 4133 τοῦ
1733 4080 1864 4134 Θεοῦ

306 4173 757 4245 λειτουργοῦντες,
787 4175 947 4243 ἱερεῖς
967 4190 1026 4225 τε
1050 4172 1218 4234 ὄντες,
1245 4174 1338 4224 καὶ
1361 4173 1511 4226 αὐτοὶ
1537 4173 1681 4244 δῶρα
1707 4191 1866 4244 προσ-

305 4263 537 4317 οίσουσιν
567 4266 647 4327 είς
686 4265 776 4317 τὸν
809 4265 933 4318 ναὸν
972 4265 1135 4317 αὐτοῦ
1162 4266 1255 4317 τὸν
1284 4265 1618 4334 ἐπουράνιον,
1651 4282 1862 4319 συνεισ-
1932 4324 1933 4327 η

306 4356 582 4428 ερχόμενοι
620 4355 698 4425 τῷ
737 4356 953 4427 μεγάλῳ
984 4357 1244 4428 ἀρχιερεῖ.
1275 4357 1460 4419 Ὅπως
1494 4355 1550 4408 δὲ
1583 4356 1737 4409 τοῦτο
1769 4357 1862 4424 γέ-

305 4446 459 4521 νηται
481 4452 573 4521 καὶ
599 4449 664 4502 δι’
690 4449 862 4518 ἔργων
886 4451 1233 4520 προχωρήσῃ,
1261 4447 1568 4515 ἀναγκαίως
1594 4449 1863 4518 ἐπηύξατο

305 4541 497 4595 εἰπών’
534 4560 554 4592 ι
592 4540 878 4602 Ἐντειλαι,
907 4541 936 4592 ὁ
969 4539 1121 4602 Θεὸς,
1163 4538 1258 4608 τὴν
1294 4537 1516 4607 δύναμίν
1551 4555 1666 4603 σου,
1706 4539 1862 4591 δυνά-

307 4650 513 4704 μωσον,
555 4635 584 4686 ὁ
616 4630 764 4696 Θεὸς,
797 4631 953 4685 τοῦτο
984 4631 1012 4685 ὃ
1051 4628 1389 4700 κατειργάσω
1435 4631 1580 4698 ἡμῖν.
1620 4650 1637 4682 I

378 4744 397 4777 ι
419 4726 767 4795 Ἐπιτίμησον
781 4726 892 4788 τοῖς
909 4723 1114 4796 θηρίοις
1128 4721 1220 4775 τοῦ
1240 4720 1502 4790 καλάμου.
1517 4740 1534 4772 ι
1546 4722 1751 4792 Ὥσπερ
1768 4720 1862 4791 ηύο

305 4817 430 4884 ξατο
447 4818 771 4888 συνεργῆσαι
784 4820 894 4880 τοῖς
907 4815 1275 4889 προλεχθεῖσιν
1287 4811 1470 4864 εἰπών’
1492 4828 1510 4861 ι
1525 4813 1810 4872 Ἔντειλαι,
1833 4816 1860 4865 ὁ

302 4909 448 4974 Θεὸς,
476 4911 574 4984 τὴν
599 4893 823 4980 δύναμιν
845 4926 957 4962 σοῦ’
978 4928 1003 4960 9
1027 4909 1120 4962 καὶ
1137 4905 1506 4975 «Δυνάμωσον,
1525 4902 1716 4974 ὁΘεὸς,
1742 4904 1858 4956 τοῦ-

301 5001 397 5054 τοὸ
422 5003 765 5073 κατειργάσω
779 5005 909 5073 ἡμῖν
929 5019 944 5033 °
978 5021 997 5054 ι
1023 5001 1165 5054 οῦτω
1180 4998 1339 5052 πάλιν
1363 4994 1574 5065 εὔχεται
1593 4995 1659 5048 τά
1681 4995 1823 5048 κωλύ
1839 5027 1855 5036 -

305 5109 444 5162 ματα
470 5092 710 5146 ἐκποδὼν
737 5093 966 5166 ἀρθῆναι
1005 5093 1069 5145 ἐκ
1113 5091 1298 5162 μέσου,
1325 5089 1469 5145 ὅπως
1513 5085 1802 5150 ἀκωλύτως
1828 5090 1855 5140 ὁ

299 5183 450 5253 λόγος
498 5184 788 5259 διαδράμῃ.
836 5183 1087 5258 Συνεώρα
1133 5182 1239 5253 γὰρ
1281 5181 1346 5252 τῇ
1388 5177 1687 5249 προγνώσει
1728 5180 1854 5241 τοὺς

303 5274 594 5347 μέλλοντας
627 5274 1010 5334 ἐπανίστασθαι
1050 5274 1127 5345 τῷ
1169 5269 1501 5341 εύαγγελικῷ
1540 5268 1849 5340 κηρύγματι

299 5359 561 5440 διωγμοὺς
586 5368 680 5421 καὶ
703 5357 827 5430 τοὺς
862 5368 1081 5440 νοητοὺς
1117 5366 1308 5437 θῆρας,
1336 5357 1409 5417 ὧν
1433 5361 1627 5433 ηὔχετο
1656 5363 1853 5433 ῥυσθῆ-

301 5476 382 5512 ναι
412 5456 653 5512 ὁείπώψ
693 5475 710 5507 I
747 5456 838 5527 Μὴ
871 5456 1125 5527 παραδῷς
1167 5459 1279 5517 τοῖς
1321 5451 1525 5523 θηρίοις
1561 5449 1734 5519 ψυχὰς
1767 5450 1851 5515 ἐξ-
1905 5527 1916 5536 ι

303 5549 725 5623 ομολογουμένας
789 5564 903 5600 σοι’
942 5567 962 5599 ι
999 5547 1160 5619 θηρία
1202 5547 1259 5600 δέ
1314 5544 1555 5613 καλάμου
1607 5540 1846 5626 νοήσεις,

306 5633 483 5714 μαθὼν
509 5640 616 5697 ἀπὸ
641 5640 732 5695 τοῦ
771 5639 889 5693 Ἰὼϐ
917 5640 1063 5703 ὅπως
1088 5641 1296 5711 εῐρηται
1328 5636 1432 5691 ύπό
1456 5633 1548 5688 τοῦ
1570 5631 1809 5685 διαϐόλου
1831 5650 1843 5662 ·

307 5755 323 5788 I
370 5737 505 5790 Ὑπὸ
533 5729 841 5789 παντοδαπά
882 5731 1072 5801 δένδρα
1117 5733 1391 5801 κοιμᾶται,
1426 5724 1572 5781 παοά
1600 5723 1847 5776 πάπυοον

1978 3341 2069 3399 Dei
2116 3345 2332 3398 civitate
2384 3345 2748 3414 praestantius,
2794 3345 3081 3399 sublimius
3119 3353 3173 3400 et
3213 3346 3405 3400 melius
3429 3346 3518 3399 hc:

1971 3435 2149 3498 betur,
2183 3436 2438 3505 templum
2482 3435 2574 3490 Dei
2603 3446 2704 3490 est.
2749 3437 2807 3490 In
2833 3436 2933 3489 hoc
2959 3437 3159 3507 templo
3181 3446 3295 3502 tuo,
3326 3438 3522 3508 inquit,

1972 3526 2068 3580 tibi
2129 3525 2356 3582 oﬂ‘ere'nt
2406 3542 2560 3596 reges
2640 3527 3023 3596 munera:qui
3089 3529 3300 3582 scilicet
3361 3529 3525 3586 aliam

1970 3614 2116 3668 illam
2170 3615 2442 3670 civitatem
2498 3616 2774 3671 caelestem
2833 3616 3115 3678 incolunt,
3155 3625 3309 3691 vere
3342 3631 3521 3686 reges.

1967 3706 2095 3776 quia
2167 3721 2333 3775 regno
2410 3707 2669 3760 caelorum
2749 3707 2953 3777 dignati
3042 3714 3215 3772 sunt;
3293 3706 3523 3778 ideoque

1969 3813 2072 3852 una
2134 3813 2256 3852 cum
2330 3797 2557 3853 Domino
2610 3813 2711 3852 suo
2769 3806 3014 3869 regnant.
3055 3817 3072 3849 ‹
3108 3797 3243 3851 Nam
3284 3798 3331 3853 si
3371 3814 3523 3854 com-

1965 3891 2163 3945 mortui
2194 3905 2415 3956 sumus,
2467 3899 2522 3945 et
2568 3891 2933 3956 convivemus,
2994 3899 3047 3945 et
3081 3892 3127 3946 si
3186 3892 3521 3948 sustinemus

1965 3979 2132 4036 Deum
2183 3990 2234 4034 et
2262 4028 2263 4031 η
2287 3979 2825 4049 conregnabimus”.
2862 3998 2880 4030 ι
2919 3977 2982 4031 lli
3020 3979 3199 4047 itaque
3225 3993 3398 4048 reges,
3436 3993 3522 4032 ut-

1965 4081 2084 4140 pote
2112 4071 2204 4141 qui
2232 4072 2333 4126 sub
2367 4067 2926 4140 nIagno'sacerdOtum
2961 4071 3204 4139 principe
3233 4068 3521 4139 Unigenito

1963 4162 2057 4217 Dei
2087 4163 2446 4217 ministerium
2471 4163 2686 4224 obeant,
2714 4170 2768 4215 et
2799 4161 3110 4227 sacerdotes
3133 4162 3263 4223 sint,
3296 4175 3520 4215 munera

1962 4260 2014 4307 et
2047 4251 2149 4322 ipsi
2177 4251 2231 4304 in
2260 4251 2517 4320 templum
2567 4251 2682 4320 ejus
2714 4250 2932 4305 cmleste
2971 4249 3215 4310 atl‘erent,
3240 4262 3347 4300 una
3381 4259 3518 4302 cum

1962 4358 2159 4414 magno
2188 4341 2530 4397 sacerdotum
2561 4341 2804 4411 principe
2855 4341 3208 4394 introeuntes.
3241 4336 3309 4391 Ut
3336 4349 3515 4393 autem

1964 4435 2065 4489 hoc
2091 4435 2184 4487 tiat
2210 4440 2264 4488 et
2289 4447 2452 4503 opere
2480 4431 2834 4500 compleatur,
2872 4429 3183 4484 necessario
3217 4426 3297 4482 sic
3327 4437 3517 4496 preca-

1963 4531 2048 4578 tus
2074 4531 2156 4578 est
2184 4542 2198 4577 :
2235 4540 2253 4572 ι
2287 4521 2511 4586 Manda,
2533 4519 2694 4581 Deus,
2728 4517 2916 4571 virtuti
2939 4517 3357 4576 tum:contirma
3385 4516 3510 4582 hoc,

1893 4603 1937 4657 Ῑ)
1965 4615 2126 4682 Deus,
2158 4614 2302 4684 quod
2334 4620 2588 4681 operatus
2613 4625 2674 4664 es
2701 4609 2755 4662 in
2782 4607 2959 4662 nobis.
2996 4626 3012 4658 ι

2032 4704 2198 4761 Vens.
2231 4706 2291 4759 51
2327 4705 2413 4758 55.
2459 4721 2477 4752 I
2517 4701 2734 4770 lncrepa
2772 4698 2912 4754 feras
2941 4698 3245 4755 arundinis.
3277 4719 3294 4751 ι
3315 4698 3514 4765 Quem-

1941 4797 2248 4853 admodum
2292 4804 2542 4864 precatus
2589 4793 2786 4856 fuerat,
2826 4799 2883 4849 ut
2932 4791 3220 4861 praedictos
3266 4791 3516 4849 homines

1959 4890 2240 4961 adjuvaret
2270 4871 2456 4942 dicens
2501 4905 2513 4939 :
2571 4903 2589 4935 ι
2613 4885 2830 4947 blanda,
2877 4883 3039 4949 Deus,
3070 4884 3258 4938 virtuti
3314 4892 3455 4947 tuae;
3489 4903 3506 4933 ι

1958 4992 2011 5038 et
2032 5023 2046 5045 ,
2083 5001 2101 5032 ι
2123 4979 2397 5034 Conﬁrma
2423 4978 2547 5041 hoc,
2576 4976 2742 5038 Deus.
2774 4977 2916 5047 quod
2947 4983 3203 5047 operatus
3232 4990 3291 5029 es
3323 4974 3374 5026 in
3410 4990 3512 5029 no-

1960 5076 2077 5139 bis;
2104 5092 2120 5124 I
2160 5073 2239 5127 sic
2268 5070 2429 5124 modo
2462 5078 2736 5140 precatur,
2773 5077 2831 5122 ut
2862 5069 3047 5123 obices
3087 5066 3153 5122 de
3189 5066 3365 5120 medio
3409 5065 3511 5119 tol-

1959 5169 2157 5234 lantur,
2219 5171 2273 5220 et
2331 5165 2450 5219 sine
2510 5162 2893 5231 impedimento
2958 5175 3137 5215 sermo
3201 5144 3501 5227 percurrat.

1956 5259 2299 5318 Praescientia
2328 5260 2526 5328 quippe
2550 5263 2773 5311 noverat
2803 5270 2896 5310 eas
2922 5269 3042 5324 quae
3071 5251 3333 5305 adversus
3363 5266 3502 5321 pra:-

1955 5351 2280 5406 dicationem
2324 5345 2687 5416 evangelicam
2724 5343 3023 5399 excitanda:
3060 5346 3213 5393 erant
3247 5353 3501 5407 persecu-

1950 5447 2146 5508 tiones,
2193 5440 2612 5511 spiritualesque
2649 5436 2813 5498 feras,
2868 5450 2898 5488 a
2942 5431 3142 5500 quibus
3171 5431 3305 5498 eripi
3339 5445 3498 5499 roga-

1952 5537 2042 5590 bat
2091 5535 2180 5589 ille
2207 5534 2299 5603 qui
2340 5534 2451 5586 haec
2485 5531 2807 5600 loquebatur
2847 5547 2860 5580 :
2913 5523 3032 5579 (Ne
3065 5522 3251 5577 tradas
3306 5523 3496 5576 bestiis

1950 5628 2158 5683 animas
2205 5625 2523 5679 conﬁtentes
2577 5618 2790 5674 tibi“.I
2854 5616 2985 5682 Quae
3033 5615 3142 5670 sint
3203 5612 3307 5666 ille
3351 5614 3496 5666 terre

1951 5702 2232 5774 arundinis
2262 5715 2552 5784 intelligas.
2589 5714 2634 5765 si
2681 5726 2710 5763 a
2738 5710 2839 5764 Job
2872 5707 3088 5763 ediscas
3129 5704 3260 5774 quid
3289 5704 3492 5758 dictum

363 5889 407 5924 '°
435 5892 619 5947 Matth.
655 5865 748 5956 vn,
782 5891 830 5956 7,
869 5890 923 5944 8.
995 5890 1037 5921 "
1066 5887 1239 5941 Galat.
1277 5905 1348 5951 Iv,
1379 5886 1467 5940 26.
1544 5885 1587 5916 "
1615 5881 1778 5937 Hebr.
1815 5897 1910 5935 XII.
1943 5878 2030 5932 22.
2109 5875 2154 5907 ⁸³
2182 5873 2221 5927 ΙΙ
2249 5871 2388 5927 Tim.
2425 5887 2485 5950 ιι,
2519 5859 2719 5932 11,12.
2796 5866 2842 5896 ”
2868 5862 3010 5918 Psal.
3037 5876 3225 5919 ωιιιιι.
3257 5859 3343 5913 l9.

534 5991 803 6048 Pu‘non.
851 5988 968 6047 Gn.
1014 5984 1248 6048 XXIII.

3109 5956 3184 6014 23
