4300 6410
822 495 923 551 71³3

1483 488 1750 549 EUSEBII
1790 486 2259 546 cmsamausrs
2296 487 2444 543 orp.
2484 486 2664 542 rans
2702 488 2787 542 ιιι.
2826 516 2899 531 -
2934 468 3348 543 EXEGETICA.

3950 488 4050 541 715

818 617 887 670 de
912 614 1127 669 diabolo
1158 613 1227 667 sit
1260 630 1321 665 :4
1361 611 1473 667 Sub
1512 613 1689 665 omnis
1708 612 1920 681 generis
1943 605 2377 671 arborihus‘dor-
2407 614 2449 668 Α
2478 627 2516 662 κη

2355 638 2377 648 -
2407 614 2449 668 Α
2478 609 2570 662 καὶ
2609 608 2846 678 κάλαμον
2882 609 2975 661 καὶ
3019 607 3298 677 βούτομον.
3338 626 3359 659 ι
3388 605 3464 661 Οὐ
3514 605 3619 677 γάρ
3660 603 3807 676 παρᾶ
3857 604 4048 674 συκῆν,

824 708 941 772 mit,
972 708 1123 776 juxta
1151 721 1437 776 papyrum,
1470 706 1741 758 calamum
1774 711 1826 756 et
1855 703 2089 755 caricem
2105 702 2204 755 ⁸⁵.»
2263 700 2379 753 Non

815 800 967 865 juxta
999 796 1181 859 ﬁcum,
1210 798 1399 858 vitem,
1450 798 1622 849 oleam
1678 804 1771 847 aut
1824 794 2079 861 palmam,
2115 800 2207 844 aut
2251 794 2378 859 quid

819 892 886 945 iis
907 890 1085 945 simile
1112 929 1126 951 ,
1161 888 1252 943 sed
1276 888 1429 956 juxta
1453 902 1734 957 papyrum,
1767 887 2035 937 calamum
2064 893 2116 936 et
2144 882 2377 935 caricem

817 980 1099 1048 quiescere
1138 978 1317 1046 ipsum
1358 977 1463 1038 ait,
1498 976 1764 1033 infirmas.
1803 973 2025 1043 frigidas
2062 972 2380 1039 nullumque

819 1072 1052 1124 fructum
1086 1070 1289 1123 bonum
1334 1066 1685 1137 profer-entes
1731 1068 1943 1119 animas
1996 1065 2079 1118 his
2132 1063 2381 1118 Subindi-

816 1176 987 1226 cans;
1024 1161 1181 1224 juxta
1207 1159 1328 1212 illas
1361 1158 1561 1227 quippe
1587 1157 1751 1211 draco
1785 1158 2119 1225 quiescebat.
2169 1155 2379 1209 Truces

816 1262 992 1303 autem
1030 1250 1133 1303 illa:
1184 1248 1311 1303 ferre
1357 1247 1663 1310 arundinis,
1695 1256 1824 1302 sunt
1868 1246 2197 1302 adversaria:
2230 1256 2379 1315 pote-

815 1351 1005 1405 states,
1037 1340 1257 1409 maligni
1292 1339 1586 1402 daemones,
1641 1351 1695 1393 et
1740 1340 1999 1393 venenosi
2045 1339 2377 1407 reptilesque

815 1435 1060 1504 spiritus,
1092 1448 1231 1502 quos
1266 1438 1323 1484 ut
1354 1430 1594 1499 increpet
1638 1429 1801 1492 Deus,
1856 1428 2096 1498 Spiritus
2148 1437 2376 1481 sanctus

813 1534 967 1594 rogat
996 1524 1146 1578 hisce
1178 1524 1389 1578 verbis:
1430 1541 1447 1573 ι
1472 1520 1696 1589 lncrepa
1732 1522 1873 1575 feras
1911 1522 2217 1577 arundinis.
2254 1542 2270 1573 ι
2313 1522 2375 1574 Et

812 1618 1285 1687 congregationem
1332 1623 1644 1681 taurorum;
1692 1618 1825 1679 sive,
1869 1616 2166 1673 secundum
2218 1617 2376 1687 Sym-

812 1705 1085 1769 machum,
1153 1715 1391 1762 ccmtum
1448 1706 1847 1776 prmgrandium
1877 1726 1891 1773 ;
1925 1728 1943 1759 ι
1998 1722 2198 1762 vaccas
2246 1710 2373 1762 item

811 1799 1133 1869 populorum
1169 1798 1435 1868 increpari
1472 1798 1711 1867 postulat
1760 1818 1771 1851 ε

812 1895 1061 1962 pulcrum
1130 1900 1184 1946 et
1250 1894 1414 1953 tauri,
1483 1900 1608 1947 sunt
1668 1892 1701 1946 ii
1780 1892 1920 1946 inter
1998 1890 2219 1945 δυάδος
2282 1890 2374 1959 qui

810 1986 964 2038 verbi
1015 1992 1393 2053 persecutores
1444 1990 1590 2037 sunt.
1654 1982 1749 2035 llis
1794 1983 1942 2036 aliud
1971 1998 2108 2051 opus
2149 1981 2378 2051 subjun-

810 2081 975 2147 gitur,
1017 2086 1112 2131 «ut
1136 2076 1493 2131 excludantur
1535 2075 1571 2126 ii
1610 2075 1702 2143 qui
1730 2076 1939 2142 probati
1985 2082 2114 2129 sunt
2172 2088 2373 2143 argen-

809 2177 899 2223 tu;
927 2187 944 2217 ι
990 2166 1132 2235 quod
1174 2164 1437 2232 liquidius
1480 2164 1715 2233 explicat
1747 2162 2107 2234 Symmachus
2150 2160 2370 2214 dicens:

815 2259 955 2324 «Qui
987 2258 1228 2312 calcibus
1277 2257 1483 2326 pellunt
1512 2273 1608 2311 eos
1637 2254 1729 2327 qui
1775 2255 1993 2325 probati
2036 2262 2165 2307 sunt
2208 2253 2367 2323 quasi

804 2350 1129 2419 probatione
1176 2350 1440 2419 argenti.»
1498 2346 1562 2400 Hi
1613 2362 1847 2416 namque
1876 2346 2044 2409 tauri,
2082 2352 2135 2399 et
2166 2359 2371 2399 memo-

808 2451 939 2495 rata:
969 2454 1167 2504 vacem,
1202 2454 1231 2493 a
1267 2438 1395 2493 feris
1432 2437 1719 2491 arundinis
1758 2436 1996 2505 agitatae,
2051 2434 2257 2488 nullum
2294 2419 2375 2485 la-

811 2534 987 2602 pidem
1012 2548 1121 2586 non
1145 2539 1383 2593 movent,
1417 2536 1474 2604 ut
1517 2529 1693 2583 sancti
1726 2527 1817 2581 Dei
1849 2543 1876 2579 a
1903 2542 1996 2596 spe
2027 2526 2129 2579 sibi
2168 2540 2371 2595 propo-

810 2629 914 2680 sita
963 2624 1341 2680 deturbentur.
1385 2622 1572 2676 Sancti
1603 2635 1732 2674 vero
1767 2618 1859 2673 Dei
1888 2629 2013 2671 sunt
2036 2618 2129 2688 qui
2160 2616 2371 2687 probati

808 2725 937 2771 sunt
974 2724 1222 2787 argento.
1263 2712 1730 2780 Quemadmodum
1775 2710 1920 2765 enim
1973 2728 1990 2760 ι
2016 2711 2229 2779 eloquia
2268 2707 2371 2763 Do-

808 2809 941 2863 mini
970 2816 1144 2870 casta,
1176 2814 1460 2877 argentum
1493 2804 1615 2875 igne
1643 2802 2119 2869 examinatum”;
2151 2824 2169 2853 ι
2211 2801 2295 2857 sic
2319 2808 2372 2855 et

808 2902 1051 2957 homines
1092 2899 1184 2956 Dei
1242 2898 1452 2969 probati
1510 2904 1640 2951 sunt
1695 2904 1753 2950 ut
1817 2903 2147 2965 argentum:
2200 2906 2373 2963 quare

762 3057 767 3065 ,
804 2997 1025 3050 dicunt:
1064 3014 1081 3045 ‹
1105 2992 1357 3047 Probasti
1387 3005 1508 3053 nos,
1538 2988 1702 3049 Deus,
1749 2989 1871 3058 igne
1916 3003 2019 3043 nos
2050 2985 2369 3042 examinasti

806 3086 948 3140 sicut
976 3085 1316 3139 examinatur
1367 3088 1651 3151 argentum
1671 3079 1771 3131 ⁸⁷.»
1810 3079 1983 3151 igitur
2029 3078 2155 3134 ferae
2204 3094 2372 3132 arun-

2482 700 2600 779 ούδὲ
2634 701 2782 771 παρὰ
2806 700 3067 771 ἄμπελον,
3094 701 3212 768 οὐδὲ
3266 699 3414 769 παρὰ
3462 696 3724 768 ὲλαίαν,ἢ
3750 695 3987 764 φοίνικα,
4017 696 4051 765 ἦ

2481 808 2532 843 τι
2578 791 2684 843 τῶν
2727 791 2934 854 τούτοις
2982 790 3400 862 παραπλησίων,
3450 787 3585 841 ἀλλὰ
3614 788 3761 858 παρὰ
3804 785 4053 856 πάπυρον

2462 884 2573 936 καλ⁸
2605 882 2844 952 κάλαμον
2876 885 2965 935 καὶ
2994 882 3249 952 βούτομον
3279 878 3647 933 ἀναπαύεσθαί
3677 896 3838 949 φησιν
3866 879 4050 939 αὐτὸν,

2480 976 2578 1037 τὰς
2606 976 2828 1037 ἀτόνους
2860 977 2953 1028 καὶ
2979 975 3281 1044 καθύγρους
3307 974 3398 1026 καὶ
3430 971 3637 1043 μηδένα,
3659 970 3867 1041 καρπὸν
3894 971 4054 1037 ἀναγ-

2483 1068 2633 1117 καῖον
2685 1064 3061 1135 προφερούσας
3105 1064 3281 1133 ψυχὰς
3342 1063 3529 1117 τοῦτον
3579 1061 3922 1131 αἰνιξάμενος
3962 1060 4052 1112 τὸν

2479 1156 2709 1227 τρόπον·
2764 1156 2913 1227 παρά
2960 1155 3234 1219 τοιαύταις
3278 1155 3386 1225 γάρ
3429 1152 3727 1206 ἀνεπαύετο
3757 1154 3784 1205 ὁ
3814 1152 4049 1221 δράκων.

2480 1249 2638 1301 Δεινὰ
2670 1248 2725 1300 δὲ
2751 1247 2912 1317 Θηρία
2936 1248 3181 1317 καλάμου
3215 1248 3564 1317 τυγχάνουσιν
3593 1248 3647 1298 αί
3683 1243 4051 1313 ἀντικείμεναι

2477 1340 2753 1410 δυνάμεις,
2794 1340 2848 1391 οἵ
2882 1325 2940 1391 τε
2989 1340 3213 1410 πονηροὶ
3251 1339 3499 1409 δαίμονες
3535 1338 3628 1391 καὶ
3654 1337 3723 1391 τὰ
3756 1336 3933 1390 ἰοϐόλα
3960 1335 4053 1388 καὶ

2478 1430 2780 1501 ἐρπυστικὰ
2824 1429 3127 1500 πνεύματα,
3178 1423 3257 1491 οἷς
3301 1428 3621 1497 ἐπιτιμῆσαι
3669 1427 3760 1479 τὸν
3812 1425 3945 1477 Θεὸν
3993 1424 4053 1476 τὸ

2477 1522 2697 1593 Πνεῦμα
2724 1522 2785 1574 τὸ
2818 1523 2969 1590 ἅγιον
2999 1522 3085 1574 διὰ
3115 1521 3221 1573 τῶν
3254 1522 3387 1591 μετά
3411 1524 3605 1590 χεῖρας
3622 1515 3840 1589 εὔχεται
3873 1517 4049 1586 λέγονο

2482 1631 2500 1661 ‹
2554 1614 2904 1682 Ἐπιτίμησον
2948 1614 3057 1676 τοῖς
3102 1612 3309 1683 Θηρίοις
3355 1611 3450 1664 τοῦ
3494 1609 3763 1679 καλάμου.
3796 1627 3813 1659 ι
3848 1608 3959 1660 Kal.
3983 1610 4074 1679 τῇ.

2479 1708 2761 1774 συναγωγῇ
2812 1704 2867 1757 δὲ
2916 1704 3023 1757 τῶν
3070 1704 3301 1774 ταύρων,
3342 1702 3397 1772 ἢ,
3428 1701 3567 1755 κατά
3614 1700 3703 1753 τὸν
3740 1699 4049 1771 Σύμμαχον,

1841 1814 2017 1853 vaccze
2050 1806 2231 1853 autem
2279 1812 2375 1867 po-
2410 1819 2449 1873 Β
2484 1816 2501 1847 ι
2538 1798 2737 1866 συνόδῳ
2786 1794 3186 1865 παμμεγέθων,
3234 1814 3251 1845 ο
3305 1794 3398 1847 καὶ
3450 1796 3539 1846 ταῖ

2352 1827 2375 1835 -
2410 1819 2449 1873 Β
2484 1816 2501 1847 ι
2538 1798 2737 1866 συνόδῳ
2786 1794 3186 1865 παμμεγέθων,
3234 1814 3251 1845 ο
3305 1794 3398 1847 καὶ
3450 1796 3571 1857 ταῖς
3625 1784 3887 1862 δαμάλεσι
3943 1790 4050 1844 τῶν

2474 1888 2616 1941 λαῶν
2671 1888 2993 1958 ἐπιτιμῆσαι
3043 1886 3305 1939 ίκετεύει’
3359 1886 3618 1956 δαμάλεις
3663 1885 3719 1937 δὲ
3765 1883 3909 1937 λαῶν
3955 1883 4049 1937 καὶ

2474 1978 2662 2049 ταῦροι
2711 1979 2760 2030 οἱ
2814 1978 2963 2049 παρά
3006 1978 3277 2041 Ἰουδαίοις
3332 1978 3438 2029 είσὶ
3476 1976 3698 2030 διῶκται
3733 1975 3827 2029 τοῦ
3867 1976 4046 2043 λόγου.

2481 2064 2584 2122 Ὧν
2633 2070 2807 2141 ἔργων
2852 2070 2911 2121 τὸ
2962 2068 3088 2137 ἑξῆς
3131 2068 3507 2139 ἐπιλεγόμενον
3546 2072 3603 2122 ὲν
3646 2067 3743 2139 τῷ,
3775 2088 3792 2119 ι
3824 2067 3919 2122 τοῦ
3964 2070 4051 2121 ὲκ-

2473 2160 2784 2232 κλεισθῆναι
2844 2161 2970 2223 τοὺς
3025 2160 3514 2230 δεδοκιμασμένους
3565 2160 3642 2230 τῷ
3691 2160 3972 2233 ἀργυρίῳ·
4026 2177 4047 2211 ι

2473 2253 2609 2323 ὅπερ
2655 2253 2985 2321 σαφέστερον
3030 2252 3369 2323 ⁴ίλρμήνευσεν
3416 2253 3443 2303 ὁ
3498 2250 3790 2322 Σύμμαχος
3847 2250 4048 2304 είπών’

2480 2364 2497 2395 ι
2530 2346 2653 2407 Τοῖς
2676 2343 3077 2406 διαλακτίζουσι
3106 2344 3231 2406 τοὺς
3257 2343 3574 2413 εὐδοκήτους
3595 2343 3927 2414 ὼςκδοκιμὴν
3954 2345 4052 2417 ἀρ-

2474 2434 2686 2505 γυρίου.
2726 2426 2936 2488 ιὈῦτοι
2973 2432 3082 2503 γάρ
3124 2434 3174 2485 οἱ
3226 2430 3440 2504 ταῦροι,
3474 2434 3568 2485 καὶ
3594 2432 3649 2484 αἱ
3672 2432 4051 2504 προλεχθεῖσαι

2472 2527 2750 2596 δαμάλεις,
2787 2526 2890 2577 ὑπὸ
2918 2524 3026 2577 τῶν
3069 2523 3271 2594 Θηρίων
3302 2523 3393 2577 τοῦ
3447 2524 3693 2595 καλάμου
3734 2524 4051 2596 ἐνεργούμε-

2474 2636 2579 2679 ναι,
2611 2617 2709 2686 τὴν
2740 2618 2919 2669 πᾶσαν
2956 2614 3231 2667 ποιοῦνται
3286 2614 3519 2686 σπουδὴν
3564 2614 3700 2686 πρὸς
3740 2615 3800 2668 τὸ
3844 2615 4051 2670 ἐκκλει-

2474 2712 2663 2782 σθῆναι
2694 2713 2819 2789 τοὺς
2852 2710 3039 2779 ἁγίους
3072 2710 3166 2762 τοῦ
3199 2709 3333 2763 Θεοῦ
3371 2711 3470 2782 τῆς
3506 2711 3922 2783 ἐπηγγελμένης
3954 2712 4051 2767 αὐ-

2471 2805 2580 2864 τοῖς
2610 2803 2839 2866 ἐλπίδος.
2872 2803 3052 2869 Ἀγιοι
3100 2800 3166 2865 δὲ,
3204 2800 3337 2854 Θεοῦ
3387 2803 3434 2855 οι
3480 2802 3927 2873 δεδοκιμασμένοι
3976 2802 4052 2873 τῷ

2472 2894 2733 2965 ἀργυρίῳ.
2777 2895 2983 2965 Ὥσπερ
3014 2893 3122 2966 γὰρ
3150 2913 3167 2946 ι
3196 2894 3263 2948 τὰ
3288 2885 3441 2963 λόγια
3470 2895 3673 2965 Κυρίου
3697 2894 3857 2963 am,
3883 2893 4051 2969 ἀργύ-

2475 3002 2587 3055 ριον
2616 2980 3027 3056 πεπυρωμένον,
3060 3005 3078 3038 ι
3107 2984 3279 3048 οὕτως
3314 2984 3407 3037 καὶ
3430 2985 3479 3036 οί
3504 2984 3598 3038 τοῦ
3623 2985 3756 3038 Θεοῦ
3780 2985 4051 3059 ἄνθρωποι

2480 3076 2923 3147 δεδοκιμασμένοι
2972 3075 3109 3128 είσὶν
3155 3077 3230 3137 ὡς
3281 3075 3344 3128 τὸ
3396 3075 3685 3155 ἀργύριον·
3741 3077 3819 3131 διό
3860 3082 4045 3147 φασιν·

805 3179 974 3241 dinis,
1012 3176 1357 3246 congregatio
1382 3184 1686 3236 taurorum,
1719 3183 1772 3227 et
1797 3188 1975 3227 vacca:
2006 3174 2352 3243 populorum,
2395 3177 2438 3233 C,
2477 3187 2494 3219 ι

2351 3220 2352 3226 η
2395 3177 2438 3233 c,
2477 3187 2494 3219 ι
2537 3167 2897 3239 Ἐδοκίμασας
2920 3169 3086 3239 ἡμᾶς,
3112 3168 3141 3219 ὁ
3173 3166 3323 3231 Θεὸς,
3359 3167 3647 3238 ὲπύρωσας
3676 3169 3821 3239 ἡμᾶς
3850 3170 3925 3234 ὡς
3952 3188 4049 3224 m-

804 3285 900 3323 eos
937 3269 1029 3339 qui
1061 3268 1271 3337 probati
1304 3274 1433 3320 sunt
1464 3272 1693 3337 argento
1726 3280 1757 3319 a
1802 3266 2083 3335 proposita
2133 3265 2236 3319 sibi
2274 3280 2369 3334 spe

804 3359 1091 3415 excludere
1120 3364 1393 3429 satagunt.
1450 3356 1594 3422 Sive,
1624 3356 1921 3412 secundum
1960 3355 2369 3427 Symmachum,

810 3470 829 3503 ι
855 3451 1107 3508 Calcibus
1142 3451 1351 3521 pellunt
1381 3464 1475 3505 eos
1519 3451 1613 3521 qui
1644 3448 1859 3521 probati
1895 3460 2021 3504 sunt
2052 3450 2209 3520 quasi
2244 3464 2372 3519 pro-

802 3545 1020 3599 batione
1058 3544 1321 3615 argenti.)
1368 3540 1443 3597 Ut
1467 3558 1535 3597 ne
1568 3542 1752 3612 itaque
1784 3541 1862 3595 illi
1890 3556 2055 3611 supra
2080 3541 2212 3595 dicti
2240 3555 2369 3595 san-

803 3638 906 3691 ctis
943 3637 1041 3693 Dei
1077 3636 1464 3706 impedimento
1497 3634 1628 3692 sint.
1658 3634 1971 3689 necessario
2020 3633 2228 3687 dictum
2253 3640 2367 3688 est:

808 3735 1072 3803 clncrcpa
1130 3729 1272 3786 feras
1320 3727 1629 3787 arundinis,
1679 3727 2031 3796 congregatio
2079 3735 2371 3779 taurorum

804 3826 859 3877 in
912 3822 1095 3876 vaccis
1141 3819 1523 3890 populorum.)
1580 3816 1701 3869 Alia
1755 3817 1884 3871 item
1925 3817 2140 3871 ratione
2184 3823 2371 3889 tauros

804 3912 1072 3982 intelligas
1091 3908 1400 3964 Iudaeorum
1426 3906 1731 3977 principes:
1763 3920 1959 3961 vaccas
1983 3912 2162 3961 autem
2180 3921 2369 3961 eorum

803 4016 1105 4074 synagogas
1160 4002 1228 4056 iis
1280 3998 1549 4061 subditas,
1595 4006 1649 4053 et
1700 3997 1929 4067 populos
1981 3998 2075 4067 qui
2127 4006 2371 4067 tempore

803 4092 1075 4165 passionis
1107 4079 1414 4146 Servatdris
1439 4090 1614 4145 nostri
1646 4091 2083 4146 insurrexerunt.
2103 4088 2218 4145 .Cui
2243 4086 2369 4144 sea;

802 4186 986 4239 tentia;
1042 4182 1367 4253 astipulatur
1402 4196 1509 4236 vox
1565 4181 1658 4235 illa
1702 4196 1772 4236 ex
1835 4179 2009 4250 ipsius
2066 4178 2368 4235 Salvatoris

805 4292 1036 4347 persona
1090 4276 1143 4329 in
1170 4273 1382 4345 psalmo
1422 4272 1726 4341 niposita
1754 4290 1769 4327 :
1810 4271 2115 4338 «Quoniam
2140 4271 2370 4326 circum-

801 4370 1064 4425 dederunt
1096 4383 1181 4422 me
1206 4365 1363 4420 vituli
1396 4364 1576 4426 multi,
1607 4364 1750 4417 tauri
1783 4365 2012 4434 pingues
2036 4363 2367 4419 obsederunt

801 4478 909 4516 me.
948 4460 1311 4529 Aperuerunt
1348 4457 1400 4508 in
1434 4470 1519 4509 me
1554 4469 1619 4509 os
1649 4469 1810 4508 suum
1830 4455 1934 4508 ⁵⁸.»
1977 4453 2145 4521 Queis
2176 4454 2367 4509 subin-

2473 3260 2658 3333 ροῦται
2708 3259 2769 3313 τὸ
2810 3259 3091 3331 ἀργύριον.
3134 3279 3150 3310 ι
3181 3262 3245 3313 Οί
3279 3255 3369 3314 οὖν
3399 3260 3560 3332 Θῆρες
3591 3261 3640 3313 ei
3680 3262 3774 3313 τοῦ
3807 3262 4048 3334 καλάμου

2473 3353 2567 3406 καὶ
2602 3354 2633 3423 ή
2679 3351 2966 3423 συναγωγὴ
2997 3352 3105 3403 τῶν
3135 3351 3370 3423 ταύρων,
3404 3353 3493 3405 καὶ
3538 3353 3592 3404 αί
3640 3352 3900 3422 δαμάλεις
3943 3354 4049 3407 τῶν

2471 3440 2634 3503 λαῶν,
2668 3441 2793 3504 τοὺς
2816 3440 3300 3519 δεδοκιμασμένους
3324 3440 3401 3511 τῷ
3427 3424 3672 3512 ἀργυρίῳ
3695 3441 4051 3514 ἀποκλεισθῆ-

2472 3549 2557 3585 ναι
2598 3529 2953 3595 σπουδάζουσι
2992 3533 3090 3602 τῆς
3140 3531 3553 3601 ἐπηγγελμένης
3588 3533 3769 3597 αὐτοῖς
3813 3532 4045 3598 ἐλπίδος.

2472 3609 2567 3685 Ἢ,
2618 3621 2757 3675 κατὰ
2805 3622 2896 3675 τὸν
2930 3619 3252 3691 Σύμμαχον,
3299 3640 3315 3673 ι
3365 3622 3774 3687 Διαλακτίζουσι
3831 3624 4051 3689 τούτους

2472 3711 2667 3774 αὐτοὺς
2718 3712 3041 3783 εύδοκήτους
3082 3711 3242 3775 ὄντας
3302 3712 3377 3775 ὡς
3428 3713 3655 3784 δοκιμὴν
3702 3715 3987 3788 ἀργυρίου.
4024 3736 4042 3767 ι

2475 3805 2568 3856 Ἵν’
2597 3801 2688 3857 οὖν
2721 3804 2794 3875 μὴ
2829 3804 3075 3874 ἐμποδὼν
3106 3805 3365 3872 γένωνται
3415 3808 3527 3869 τοῖς
3574 3807 3749 3874 ἁγίοις
3779 3808 3873 3861 τοῦ
3914 3809 4050 3865 Θεοῦ

2472 3897 2519 3949 oi
2553 3895 2955 3966 προλεχθέντες,
3002 3894 3311 3963 ἀναγκαίως
3352 3892 3596 3966 εἴρηται·
3631 3916 3649 3947 ι
3694 3897 4047 3971 Ἐπιτίμησον

2470 3990 2581 4049 τοῖς
2613 3986 2819 4057 Θηρίοις
2847 3985 2942 4038 τοῦ
2976 3985 3248 4055 καλάμου,
3291 3985 3324 4055 ἡ
3375 3988 3663 4059 συναγωγὴ
3697 3989 3803 4043 τῶν
3832 3992 4049 4064 ταύρων

2473 4080 2529 4131 ὲν
2571 4082 2690 4142 ταῖς
2728 4077 2990 4148 δαμάλεσι
3033 4076 3141 4130 τῶν
3174 4076 3336 4129 λαῶν.
3385 4097 3402 4129 ι
3441 4080 3547 4132 Καὶ
3594 4076 3768 4144 ἄλλως
3816 4082 4048 4154 ταύρους

2471 4174 2682 4244 νοήσεις
2711 4174 2835 4236 τοὺς
2869 4172 3131 4227 Ἰουδαίων
3168 4173 3433 4244 ἄρχοντας
3453 4194 3466 4205 ·
3503 4168 3763 4245 δαμάλεις
3788 4178 3849 4230 δὲ.
3868 4178 4049 4233 αὐτῶν

2469 4266 2569 4330 τάς
2607 4266 2711 4319 ὑπὸ
2753 4266 2971 4330 τούτους
3014 4266 3335 4336 συναγωγάς
3390 4268 3481 4321 καὶ⁸
3542 4271 3667 4334 τοὺς
3716 4269 3878 4335 λαοὺς
3921 4272 4049 4337 τοὺς

2472 4359 2861 4422 ὲπισυστάντας
2911 4357 3051 4413 κατά
3094 4359 3155 4411 τὸ
3206 4359 3375 4423 πάθος
3429 4358 3523 4413 τοῦ
3572 4361 3823 4432 Σωτῆρος
3864 4363 4045 4433 ἡμῶν.

2471 4448 2752 4517 Μαρτυρεῖ
2773 4446 2830 4498 δὲ
2854 4445 2931 4514 τῷ
2965 4445 3108 4517 λόγῳ
3135 4449 3167 4516 ἠ
3202 4448 3261 4512 ἐξ
3287 4446 3449 4501 αὑτοῦ
3484 4449 3775 4519 προσώπου
3804 4450 3898 4513 τοῦ
3932 4448 4044 4505 Σω-

801 4551 1020 4605 dicabat
1045 4551 1320 4622 principes
1360 4550 1574 4617 Judaici
1619 4552 1826 4623 pepuli,
1868 4567 2079 4607 necnon
2116 4552 2364 4605 multitu~
2400 4530 2444 4585 D
2472 4555 2499 4590 τ

2346 4582 2364 4593 ,
2400 4530 2444 4585 D
2472 4538 2635 4608 τῆρος
2663 4538 2719 4588 ὲν
2744 4544 2824 4589 κα¹
2852 4536 3049 4607 ψαλμῷ
3078 4538 3227 4609 φωνὴ
3255 4538 3563 4607 φάσκουσα·
3599 4560 3619 4593 ι
3653 4543 3771 4595 Ὅτι
3805 4542 4044 4597 ἐκύκλω-

799 4644 981 4698 dinetn
1039 4644 1172 4715 ipsis
1221 4644 1495 4699 subditam
1549 4659 1671 4715 qua;
1721 4644 2012 4700 adversum
2074 4657 2133 4698 se
2181 4642 2367 4696 insur~

802 4737 963 4791 rexit.

876 5010 893 5043 ι
917 4991 1133 5063 Dissipa
1173 4998 1363 5062 gentes
1411 5005 1532 5060 quae
1562 4996 1703 5047 bella
1745 4992 1987 5045 volunt.i
2032 4991 2165 5060 Quae
2203 5009 2366 5065 supe-

798 5085 915 5140 rius
944 5084 1217 5148 feruntur,
1264 5083 1331 5137 de
1385 5083 1718 5139 adversariis
1769 5084 2139 5153 potestatibus
2193 5093 2249 5141 et
2299 5084 2367 5139 de

799 5176 1137 5245 principibus
1167 5175 1511 5231 Judaiorum'
1548 5186 1803 5229 enarrata
1848 5184 2016 5231 sunt:
2071 5176 2187 5232 haec
2239 5190 2368 5231 vero

800 5267 867 5320 de
900 5266 1137 5321 inimicis
1179 5266 1436 5321 Ecclesia:
1484 5281 1549 5319 ex
1590 5266 1923 5337 reliquarum
1973 5267 2216 5336 gentium
2264 5284 2367 5321 nu-

800 5374 968 5413 mero.
1010 5355 1357 5427 Prospiciens
1393 5372 1628 5427 namque
1662 5356 1902 5428 Spiritus
1931 5364 2156 5413 sanctus
2183 5374 2364 5413 eosex

798 5449 1049 5519 gentibus
1075 5448 1169 5517 qui
1206 5447 1260 5501 in
1307 5448 1694 5502 incredulitate
1740 5447 2144 5518 perseveraturi
2183 5456 2363 5513 erant,

800 5541 1062 5597 adversus
1094 5538 1278 5593 ﬁdeles
1301 5539 1439 5594 bella
1462 5548 1518 5595 et
1546 5542 1955 5610 persecutiones
1973 5548 2218 5596 moturos
2242 5556 2364 5596 esse

798 5641 989 5685 contra
1030 5629 1336 5685 Ecclesiam
1380 5630 1495 5689 Dei.
1545 5633 1863 5687 necessario
1916 5632 2018 5686 hac
2065 5632 2132 5687 de
2176 5649 2235 5687 re
2282 5633 2364 5688 sic

798 5732 1051 5792 precatur
1090 5741 1104 5777 :
1143 5741 1162 5773 ι
1183 5721 1399 5792 Dissipa
1428 5732 1619 5792 gentes
1646 5739 1767 5793 qua:
1796 5723 1937 5779 bella
1966 5724 2206 5777 volunt.)
2266 5723 2363 5780 His

797 5830 1035 5895 namque
1066 5814 1372 5885 dissipatis,
1413 5816 1586 5885 gratia
1619 5816 1933 5887 evangelica
1982 5816 2160 5870 locum
2190 5816 2361 5872 habe-

2469 4627 2567 4681 σάν
2610 4644 2676 4697 με
2723 4626 2910 4697 μόσχοι
2953 4626 3155 4692 πολλοὶ,
3206 4628 3396 4700 ταῦροι
3430 4625 3611 4694 πίονες
3637 4633 3924 4703 περιέσχον
3955 4651 4041 4704 με.

2472 4718 2723 4783 Ἤνοιξαν
2749 4719 2835 4770 ἐπ’
2864 4717 2965 4788 ἐμὲ
2998 4717 3058 4770 τὸ
3088 4719 3260 4790 στόμα
3294 4721 3491 4776 αὐτῶν.
3527 4742 3546 4774 ι
3579 4722 3657 4773 Δι’
3692 4717 3766 4775 ὧν
3804 4724 4047 4793 ᾐνίττετο

2467 4811 2591 4873 τοὺς
2617 4812 2882 4881 ἄρχοντας
2906 4809 2999 4863 τοῦ
3026 4810 3297 4866 Ἰουδαίων
3319 4812 3447 4867 λαοῦ
3488 4812 3583 4866 καὶ
3616 4812 3687 4867 τά
3716 4814 3807 4867 ὑπ’
3850 4815 4046 4881 αὐτοὺς

2471 4900 2648 4971 πλήθη
2673 4901 2741 4954 τά
2770 4902 3130 4956 ὲπισυστάντα
3160 4907 3280 4957 κατ’
3309 4903 3491 4958 αὐτοῦ.

2543 5010 2561 5042 ι
2601 4994 2993 5064 Διασκόρπισον
3024 4994 3149 5065 ἔθνη
3191 4996 3257 5050 τὰ
3294 4996 3419 5058 τοὺς
3459 4994 3724 5066 πολέμους
3748 4996 3989 5057 Θέλοντα.
4022 5021 4042 5055 ι

2466 5082 2547 5135 Τὰ
2578 5076 2674 5155 μὲν
2712 5084 2957 5156 ἀνώτερα
3003 5088 3131 5159 περὶ
3173 5087 3279 5139 τῶν
3317 5086 3705 5157 ἀντικειμένων
3741 5091 4044 5163 δυνάμεων,

2464 5174 2557 5227 καὶ
2607 5177 2732 5248 περὶ
2778 5178 2885 5232 τῶν
2934 5180 3207 5249 ἀρχόντων
3255 5177 3349 5264 τορ
3392 5178 3656 5234 Ἰουδαίων
3702 5181 3887 5247 ἔθνους
3928 5185 4052 5253 ἐδη-

2464 5264 2647 5333 λοῦτο,
2694 5269 2761 5323 τὰ
2797 5268 2853 5321 δὲ
2899 5268 3235 5339 προκείμενα
3278 5268 3404 5338 περὶ
3441 5269 3549 5322 τῶν
3591 5272 3648 5325 ὲν
3689 5275 3801 5337 τοῖς
3840 5273 4046 5336 λοιποῖς

2463 5356 2637 5412 ἔθνεσι
2671 5361 2942 5433 πολεμίων
2968 5361 3069 5431 τῆς
3115 5360 3461 5431 Ἐκκλησίας.
3504 5362 3718 5435 Ἐπειδὴ
3752 5362 3861 5436 γᾶρ
3900 5366 4047 5438 ἐώρα
4094 5382 4097 5385 ·

2464 5448 2526 5501 τὸ
2555 5453 2775 5524 Πνεῦμα
2808 5453 2869 5507 τὸ
2914 5454 3066 5519 ὄργιον
3112 5454 3237 5516 τοὺς
3280 5455 3338 5506 ὲν
3372 5454 3599 5527 ἀπιστίᾳ
3644 5456 4047 5526 ἀπομείναντας

2464 5542 2571 5596 τῶν
2622 5547 2788 5601 ἐθνῶν
2815 5546 3352 5615 ὲπαναστησομένους
3392 5548 3502 5609 τοῖς
3533 5552 3761 5615 πιστοῖς,
3804 5550 3899 5602 καὶ
3928 5548 4048 5601 διω-

2463 5638 2633 5706 γμοὺς
2674 5639 2813 5693 κατά
2868 5639 2965 5708 τῆς
3012 5638 3335 5708 Ἐκκλησίας
3378 5638 3471 5692 τοῦ
3522 5639 3656 5693 Θεοῦ
3700 5642 4042 5710 κινήσοντας,

2464 5728 2772 5795 ἀναγκαίως
2822 5728 2913 5781 καὶ
2960 5729 3086 5798 περὶ
3129 5728 3314 5780 τούτου
3367 5727 3583 5799 εὔχεται
3625 5730 3810 5799 λέγον·
3858 5749 3875 5781 ι
3917 5731 4044 5783 Δια-

2464 5820 2751 5890 σκόρπισον
2795 5821 2921 5890 ἔθνη
2973 5821 3042 5877 τά
3093 5823 3217 5885 τοὺς
3268 5821 3536 5893 πολέμους
3586 5823 3825 5878 Θέλοντα.
3861 5843 3879 5876 ι
3914 5827 4037 5878 Δια-

868 5974 909 6002 ⁵³
933 5970 1034 6024 Joh
1060 5985 1145 6032 xc,
1186 5969 1266 6023 16.
1344 5971 1389 6001 ⁸⁸
1418 5969 1559 6025 Psal.
1600 5987 1671 6036 xi,
1698 5970 1750 6025 7.
1828 5973 1870 6001 ⁵⁷
1898 5969 2038 6026 l’sal.
2072 5986 2195 6038 va,
2232 5970 2318 6037 l0,
2396 5974 2439 6007 ⁸⁸
2472 5973 2566 6027 Psa

1344 5971 1389 6001 ⁸⁸
1418 5969 1559 6025 Psal.
1600 5987 1671 6036 xi,
1698 5970 1750 6025 7.
1828 5973 1870 6001 ⁵⁷
1898 5969 2038 6026 l’sal.
2072 5986 2195 6038 va,
2232 5970 2318 6037 l0,
2396 5974 2439 6007 ⁸⁸
2472 5973 2615 6029 Psal.
2642 5992 2751 6040 ui,
2787 5976 2870 6043 l5,
2902 5976 2984 6030 Μ.
