4300 6402
314 517 411 570 717

1430 522 1927 583 COMMENTARIA
1966 522 2034 582 ΙΝ
2070 525 2409 585 PSALMOS.

3421 525 3521 585 718

311 633 751 707 σκορπιζομένων
775 638 883 711 γὰρ
934 641 1155 707 τούτων,
1199 636 1231 715 ἡ
1280 636 1437 718 χάρις
1554 648 1878 721 εύαγγελικὴ
1908 651 1949 706 Α
1980 648 2009 701 b

1825 650 1878 721 ιὴ
1908 651 1949 706 A
1980 648 2079 703 bit.
2138 647 2256 703 Jam
2302 646 2543 701 futurum
2598 653 2714 701 erat
2760 652 2819 699 ut
2856 644 3027 715 gratia
3078 649 3415 715 operaretur,
3455 644 3523 697 ab

305 727 487 799 χώραν
510 730 639 795 ἔξει.
673 733 910 803 Ἤμελλε
933 733 1025 788 τοῦ
1052 738 1288 807 ἐνεργεῖν
1320 738 1414 790 καὶ
1442 738 1500 802 ἐξ
1526 738 1702 791 αὐτῶν
1724 738 1873 809 πρώ-

304 836 409 873 των
462 821 723 891 ἀρχεσθαι
773 824 879 877 τῶν
930 826 1049 878 καθ’
1106 820 1403 899 ὑπερϐολὴν
1459 829 1869 900 εἰδωλολατρῶν.

302 910 587 979 Αἰγύπτιοι
617 914 672 967 δὲ
700 911 839 987 ἦσαν
877 919 925 969 οἱ
954 918 1167 971 πάντων
1216 918 1514 991 ἀνθρώπων
1542 922 1633 974 καὶ
1662 924 1874 976 πάντων

302 1001 472 1055 ἐθνῶν
494 1002 1057 1077 δεισιδαιμονέστατοι.
1082 1010 1170 1062 Διὸ
1194 1008 1323 1079 ἑξῆς
1341 1012 1599 1081 ἐπιλέγειί
1622 1012 1874 1077 ι’Ἡξουσι

304 1090 561 1166 πρέσϐεις
588 1096 646 1162 ὲξ
670 1096 961 1175 Αἰγύπτου.
998 1120 1015 1150 ι
1051 1102 1207 1155 Κατά
1245 1102 1299 1154 δὲ
1324 1104 1415 1157 τὸν
1452 1104 1699 1170 Ἀκύλαν,
1736 1110 1753 1151 ὁ
1787 1105 1875 1159 Οἵ-

304 1203 483 1241 σουσιν
510 1191 887 1260 ἐσπευσμένως
912 1181 969 1258 ἐξ
994 1193 1265 1261 Αἰγύπτου
1283 1212 1295 1226 ·
1335 1216 1352 1245 ι
1382 1195 1521 1249 κατὰ
1544 1197 1599 1249 δὲ
1618 1198 1708 1250 τὸν
1732 1182 1875 1268 Σύμ-

305 1291 495 1349 μαχον,
530 1301 547 1332 ι
573 1280 901 1336 Ἐλθέτωσαν
946 1286 1272 1354 ὲκφάναντες
1313 1291 1360 1339 ot
1409 1286 1465 1350 ἐξ
1518 1289 1811 1358 Αἰγύπτου.
1851 1309 1869 1341 ι

302 1369 412 1423 Καὶ⁹
464 1372 524 1424 τὸ
574 1371 672 1442 μὲν
721 1376 935 1429 πάντων
985 1375 1378 1448 εἰδωλολατρῶν
1422 1379 1577 1445 γένος
1626 1378 1714 1431 διά
1766 1380 1874 1432 τῶν

301 1457 668 1530 ἐλευσομένων
692 1461 749 1528 ἐξ
778 1463 1050 1531 Αἰγύπτου
1086 1465 1178 1517 καὶ
1207 1465 1605 1535 διαϐησομένων
1644 1468 1735 1520 ἐπὶ
1775 1468 1873 1537 τὴν

300 1548 395 1601 τοῦ
434 1550 791 1621 Θεοῦγνῶσιν
828 1555 1148 1627 δεδήλωται·
1185 1557 1271 1610 διὰ
1307 1558 1361 1611 δὲ
1407 1558 1498 1611 τοῦ
1532 1559 1658 1629 ὲξῆς
1698 1560 1875 1613 έπιλεη
1914 1612 1922 1617 ,

302 1633 554 1705 γομένου·
576 1656 593 1688 ι
612 1640 860 1694 Αἰθιοπία
881 1643 1180 1713 προφθάσει
1210 1648 1363 1715 χεῖρα
1389 1648 1554 1718 αὐτῆς
1574 1647 1651 1717 τῷ
1678 1648 1815 1719 Θεῷ,
1849 1668 1867 1701 ι

300 1724 369 1778 τὰ
402 1727 547 1798 ἄκρα
584 1730 683 1801 τῆς
727 1733 835 1786 τῶν
873 1734 1170 1816 ἀνθρώπων
1220 1738 1567 1809 οἰκουμένης..
1616 1739 1873 1810 Σημαίνεὶ

260 1900 263 1903 ν
300 1819 410 1891 γὰρ
454 1822 482 1873 ό
513 1819 690 1890 λόγος,
736 1826 811 1887 ὡς
844 1826 950 1897 ἄρα
1001 1826 1059 1890 ἐξ
1106 1829 1356 1882 ἁπάντων
1400 1831 1507 1883 τῶν
1557 1830 1725 1885 ἐθνῶν
1767 1831 1875 1885 τῶν

302 1910 394 1964 ἀπ’
424 1912 685 1985 ἀνατολῆς
711 1914 861 1986 ήλίου
897 1917 1055 1989 μέχρι
1108 1920 1324 1989 δυσμῶν
1369 1922 1605 1991 ἥξουσιν,
1649 1924 1785 1993 κατά
1814 1921 1875 1979 τὺ

1974 740 2042 795 iis
2093 739 2367 809 prioribus
2418 737 2684 808 orsa,qui
2732 740 2894 808 supra
2951 735 3170 790 modum
3223 729 3523 811 idololatra:

1972 840 2161 886 erant:
2204 830 2443 905 Egyptii
2480 837 2657 884 autem
2690 828 2765 881 illi
2808 836 2962 883 erant
3002 826 3241 881 omnium
3282 825 3523 895 gentium

1973 937 2037 975 ac
2065 922 2387 991 populorum
2420 919 2963 990 superstitiosissimi.
2995 917 3172 984 Quare
3188 918 3377 988 postea
3403 915 3529 970 sub:

1969 1014 2149 1083 jungit
2188 1032 2200 1067 :
2246 1033 2263 1065 ι
2294 1012 2523 1067 Venient
2566 1012 2724 1081 legati
2775 1027 2838 1065 ex
2888 1009 3172 1085 Egypto.»
3217 1006 3524 1063 Secundum

1974 1106 2224 1175 Aquilam
2260 1121 2410 1165 vero,
2466 1124 2484 1155 ι
2511 1103 2709 1159 Ferent
2756 1102 3075 1157 festinanter
3099 1115 3161 1154 ex
3197 1097 3431 1169 JEgypto
3457 1115 3472 1163 ;
3500 1114 3518 1148 ι

1976 1197 2273 1251 secundum
2329 1194 2737 1267 Symmachum,
2794 1192 3068 1249 «Veniant
3121 1190 3402 1247 efferentes
3458 1196 3526 1243 ex

1975 1286 2261 1363 Egypto.»
2296 1287 2599 1356 Totumque
2640 1287 3047 1340 idololatrarum
3077 1298 3268 1355 genus,
3301 1290 3393 1352 per
3430 1292 3526 1335 eos

1974 1381 2067 1449 qui
2104 1395 2167 1434 ex
2205 1378 2437 1450 Egypto
2468 1376 2703 1441 venturi,
2749 1386 2803 1431 et
2836 1376 2902 1431 ad
2937 1375 3027 1431 Dei
3058 1375 3302 1430 notitiam
3354 1382 3529 1427 trans;

1974 1471 2103 1524 ituri
2131 1478 2279 1534 sunt,
2314 1471 2621 1537 indicatur;
2654 1486 2753 1541 per
2794 1470 2845 1523 id
2876 1483 3005 1523 vero
3045 1466 3188 1536 quod
3223 1479 3346 1519 mox
3374 1462 3545 1518 addit

1974 1570 2098 1615 tur:
2149 1580 2167 1612 ι
2191 1560 2467 1631 Ᾰζῑιιὶορῑιι
2496 1562 2735 1631 porriget
2788 1564 3004 1613 manum
3031 1558 3182 1613 suam
3216 1556 3345 1620 Deo,
3376 1574 3395 1606 ι
3434 1560 3530 1609 ειέ

1974 1652 2142 1708 trema
2174 1652 2322 1707 orbls
2357 1652 2754 1723 significantur.
2798 1649 3114 1705 Declaratur
3136 1663 3299 1720 porro
3320 1662 3385 1701 ex
3411 1646 3532 1700 uni-

1973 1743 2144 1798 versis
2176 1735 2427 1812 gentibus
2456 1742 2524 1796 ab
2555 1742 2765 1796 oriente
2804 1741 2917 1796 sole
2950 1754 3122 1809 usque
3164 1736 3232 1793 ad
3275 1736 3555 1795 occidcn‘~

1974 1818 2438 1889 tem‘accesSuros
2486 1848 2628 1897 esse,
2678 1840 2737 1886 ut
2770 1831 2900 1886 alibi
2949 1830 3153 1885 dicitur
3187 1848 3200 1883 :
3239 1827 3531 1882 «nemini-

1976 1934 2197 1981 scentur
2222 1935 2275 1980 et
2310 1931 2695 1980 convertentur
2720 1922 2787 1977 ad
2814 1921 3115 1977 Dominum‘
3133 1920 3373 1975 unitersi
3395 1918 3530 1974 lines

300 2003 508 2073 φάσκον
543 2007 600 2060 ὲν
635 2008 842 2080 ἑτέροις
868 2009 1074 2078 λόγιοψ
1117 2030 1134 2061 ι
1168 2011 1580 2084 Μνησθήσονται
1614 2017 1707 2069 καὶ
1753 2018 1873 2069 έπι-
1904 2010 1945 2063 Β
1974 2020 1998 2067 ιι

1829 2035 1873 2069 ι-
1904 2010 1945 2063 Β
1974 2020 2132 2068 ωτι-ω
2176 2031 2190 2067 :
2238 2020 2292 2068 et
2338 2012 2641 2067 adorabunt
2666 2012 2723 2065 in
2753 2017 3049 2080 conspectu
3089 2008 3209 2079 ejus
3260 2006 3527 2063 universa:

302 2099 701 2168 στραφήσονται
752 2101 886 2171 πρὸς
938 2102 1141 2174 Κύριον
1190 2105 1362 2157 πάντα
1412 2105 1479 2157 τὰ
1523 2106 1733 2177 πέρατα
1768 2108 1869 2178 τῆς

298 2190 420 2260 γῆς,
450 2190 545 2244 καὶ
590 2195 1053 2265 προσκυνήσουσιν
1103 2194 1329 2249 ἐνώπιον
1377 2198 1538 2251 αὑτοῦ
1596 2201 1762 2269 πᾶσαι
1807 2201 1866 2257 at

299 2284 524 2353 πατριαὶ
571 2283 678 2336 τῶν
722 2284 908 2339 ἐθνῶν.
945 2306 963 2338 ι
1001 2288 1154 2341 Κατὰ
1198 2289 1252 2342 δὲ
1290 2290 1379 2342 τὸν
1424 2292 1678 2346 Ἀκύλαν’
1716 2311 1733 2343 ι
1770 2295 1867 2347 Αἰ-

176 2440 181 2446 ,
297 2371 441 2443 θιοψ,
467 2376 620 2446 φησὶ,
651 2376 917 2449 δρομώσει
941 2382 1096 2451 χεῖρα
1118 2380 1281 2435 αὑτοῦ
1307 2382 1383 2453 τῷ
1412 2381 1554 2453 Θεῷ·
1595 2371 1620 2435 ι’
1647 2385 1784 2438 κατά
1810 2385 1867 2438 δὲ

295 2463 386 2517 ¹ιιὸν
416 2465 739 2538 Σύμμαχον·
775 2488 792 2519 ι
834 2470 1083 2523 Αἰθιοπία
1130 2473 1414 2527 σπευσάτω
1459 2470 1671 2527 διδοῦσα
1711 2477 1867 2545 χεῖρα

295 2552 373 2624 τῷ
406 2546 541 2626 Θεῷ.
584 2577 601 2608 ι
640 2559 793 2611 Ἐστι
838 2560 895 2612 δὲ
946 2562 1040 2615 κα)⁵
1092 2562 1232 2616 κατά
1289 2564 1385 2634 τὴν
1427 2564 1663 2637 ἱστορίαν
1711 2564 1867 2617 τοῦτο

297 2645 684 2716 πεπληρῶσθαι
720 2649 883 2716 φάναι
923 2651 1014 2703 ἐπὶ
1040 2652 1134 2705 τοῦ
1168 2654 1441 2717 Αἰθίοπος,
1471 2647 1531 2705 οὗ
1567 2655 1865 2725 μέμνηνται
1914 2642 1915 2645 η

292 2734 401 2788 τῶν
433 2736 742 2790 ἀποστόλων
774 2741 828 2793 αἰ
863 2740 1115 2811 Πράξεις.
1163 2743 1356 2812 Σχεδὸν
1380 2742 1495 2814 γὰρ
1529 2742 1866 2815 προέφθασεν

293 2819 448 2892 οὗτος
480 2826 550 2880 τά
594 2828 753 2882 λοιπὰ
787 2830 935 2902 ἔθνη,
990 2832 1345 2899 καταξιωθεὶς
1377 2835 1482 2905 πρὸ
1523 2835 1738 2890 πάντων
1768 2837 1867 2907 τῆς

292 2919 547 2990 γνώσεως
572 2921 665 2974 τοῦ
694 2923 961 2995 Σωτῆρος.
994 2924 1256 3002 Ὄπωςδὲ
1294 2926 1386 2979 καὶ
1428 2927 1681 2998 πρέσϐεις
1707 2924 1867 2999 ἦλθον

294 3009 354 3075 ἐξ
398 3010 674 3079 Αἰγύπτου
708 3013 851 3067 κατά
893 3014 990 3087 τήν
1035 3017 1305 3087 ἱστορίαν,
1349 3018 1519 3072 πάλιν
1545 3020 1600 3073 αἱ
1636 3021 1868 3093 Πράξεις

292 3100 401 3155 τῶν
453 3102 762 3157 ἀποστόλων
807 3104 1074 3177 δηλοῦσιν,
1126 3109 1183 3159 ὲν
1235 3102 1321 3173 αἶς
1373 3110 1600 3181 εἰρηται,
1648 3112 1724 3175 ὡς
1763 3113 1869 3184 ἄρα

294 3194 436 3249 κατά
482 3195 580 3278 τὴν
628 3197 838 3269 ἡμέραν
884 3197 985 3269 τῆς
1031 3200 1405 3272 Πεντηκοστῆς
1446 3184 1507 3255 rb
1552 3203 1774 3275 Πνεῦμα
1808 3205 1869 3258 τὸ

293 3280 449 3355 ἅγιον
490 3284 773 3361 ἐπλήρωσε
812 3290 903 3343 τὸν
946 3286 1091 3344 οἶκον
1135 3291 1261 3345 ἔνθα
1291 3289 1430 3364 ἦσαν
1469 3295 1519 3346 οἱ
1564 3295 1865 3361 ἀπόστολοι,

295 3379 515 3433 ὲκάθισέ
543 3398 601 3433 τε
635 3382 727 3434 ἐπὶ
762 3383 887 3445 τοὺς
916 3383 1187 3453 παρόντας
1221 3362 1491 3448 ἃπαντας⁸
1527 3388 1583 3438 ὲν
1614 3382 1705 3489 οἷς,
1733 3383 1870 3458 ἦσαν
1896 3362 1937 3419 C

295 3470 503 3545 Πάρθοι
536 3472 630 3525 καὶ
662 3472 839 3541 Μῆδοι
877 3474 967 3526 καὶ
1011 3474 1293 3545 Ἐλαμϊτιιι
1341 3478 1433 3528 καὶ
1473 3479 1522 3529 οἱ
1563 3470 1874 3545 κατᾷικοῦν-

293 3580 385 3627 τες
422 3561 522 3635 τὴν
567 3564 1020 3635 Μεσοποταμίαν,
1057 3566 1314 3619 Ἰουδαίαν
1346 3584 1405 3619 τε
1452 3570 1545 3621 καὶ
1582 3571 1874 3625 Καππαδο-

296 3657 439 3719 κίαν,
471 3655 674 3709 Πόντον
721 3657 815 3709 καὶ
856 3656 953 3728 τὴν
990 3658 1191 3722 Ἀσίαν,
1222 3659 1459 3730 Φρυγίαν
1490 3678 1550 3713 τε
1587 3661 1680 3714 καὶ
1715 3663 1873 3733 Παμ-

296 3745 512 3816 φυλίαν,
546 3745 819 3814 Αἷγυπτον
850 3746 943 3799 καὶ
969 3745 1038 3799 τά
1079 3748 1217 3819 μέρη
1252 3748 1350 3819 τῆς
1381 3747 1586 3819 Δισύης
1608 3750 1708 3823 τῆς
1734 3751 1876 3805 κατὰ

297 3838 575 3909 Κυρήνην.
622 3830 781 3892 Οὗτοι
833 3838 895 3910 δὴ
943 3836 1037 3892 οὖν
1090 3840 1287 3903 πάντες
1330 3839 1568 3913 ὡσπερεὶ
1618 3842 1875 3919 πρέσϐεις

298 3931 588 4001 ἐτύγχανον
644 3932 751 3987 τῶν
801 3934 1001 3998 ἐθνῶν,
1052 3934 1154 4005 τῆς
1199 3935 1293 3990 τοῦ
1349 3936 1503 4006 ἁγίου
1561 3931 1877 4008 Πνὲύματος

256 4038 257 4041 ‘
298 4020 553 4094 ἀπαρχῆς
610 4023 1025 4094 κατηξιωμένοι.
1066 4002 1225 4077 Ἀλλά
1274 4002 1407 4096 γὰρ’
1438 4025 1575 4097 μετά
1616 4002 1759 4089 ,ίτούς
1816 4026 1875 4090 ἐξ

300 4112 600 4183 Αἰγύπτου,
650 4115 745 4168 καὶ
792 4116 930 4185 μετὰ
976 4116 1075 4188 τήν
1133 4115 1522 4187 προφθάσασαν
1571 4117 1871 4183 Αἰθιοπίαν,

298 4206 428 4276 ἑξῆς
460 4208 517 4259 αἰ
547 4206 729 4259 λοιπαὶ
772 4206 1035 4277 βασιλεῖαι
1075 4208 1176 4278 τῆς
1204 4207 1307 4277 γῆς
1335 4208 1642 4272 καλοῦνται,
1676 4208 1873 4281 δηλαδὴ

299 4299 395 4351 καὶ
420 4296 488 4351 τά
520 4297 623 4350 ὑπὸ
649 4297 871 4361 ταύταις
903 4297 1050 4369 ἔθνη.
1082 4298 1173 4351 Διὸ
1209 4298 1549 4367 ὲπιλέγεται·
1579 4320 1597 4351 ι
1627 4303 1691 4353 Αἰ
1723 4301 1874 4370 βασι-

298 4388 437 4441 λεῖαι
462 4386 561 4457 τῆς
600 4386 721 4457 γῆς,
774 4386 939 4457 ᾅσατε
979 4385 1057 4456 τῷ
1086 4385 1463 4457 Θεῷ,²ψάλατε
1494 4387 1570 4459 τῷ
1599 4390 1804 4461 Κυρίῳ.
1848 4409 1867 4441 ι

306 4480 374 4531 Ἀ
415 4478 512 4531 καὶ
548 4477 655 4530 οὐδ’
693 4475 863 4541 ἄλλως
993 4476 1081 4530 διά
1131 4478 1297 4549 μόνης
1342 4478 1441 4549 τῆς
1485 4480 1578 4534 τοῦ
1624 4481 1872 4552 Σωτῆρος

302 4567 459 4642 ἡμῶν
488 4567 835 4632 διδασκαλίας
868 4568 1054 4632 τέλους
1096 4570 1409 4640 ἐτύγχανεν.
1446 4573 1561 4627 Οὐκ
1600 4573 1745 4627 ἐστιν
1782 4570 1871 4627 οὖν

299 4662 472 4727 ἔθνος,
514 4662 577 4716 οὺ
622 4660 792 4734 χώρα,
844 4662 904 4714 οὐ
956 4660 1110 4729 γένος
1127 4661 1479 4734 ’άνθρώπων,
1526 4666 1587 4719 οὐ
1630 4666 1871 4737 βασιλεία

1974 2104 2195 2160 familia:
2225 2104 2534 2175 gentium".
2564 2122 2579 2155 ι
2603 2102 2909 2157 Secundum
2928 2099 3215 2170 Aquilam:
3236 2117 3255 2149 ι
3275 2097 3529 2168 ιΕιίιίοιιε

1975 2211 2263 2251 accurrere
2304 2194 2465 2248 faciet
2520 2209 2740 2247 manum
2789 2208 2943 2249 suam
2992 2190 3133 2258 Deo;
3163 2210 3183 2242 ι
3226 2187 3525 2246 secundum

1976 2286 2409 2358 Symmachum:
2447 2283 2764 2355 «Ethiopia
2828 2282 3048 2339 festinet
3118 2282 3249 2337 dare
3305 2294 3530 2335 manum

1975 2378 2136 2433 Deo.»
2179 2376 2259 2431 Ex
2287 2377 2517 2432 historia
2554 2392 2717 2448 porro
2766 2376 2890 2431 licet
2937 2390 3057 2430 eam
3097 2389 3211 2430 rem
3255 2372 3529 2443 impletam

1973 2469 2157 2524 dicere
2191 2468 2246 2522 in
2279 2466 2561 2539 JEtbiOpe,
2588 2468 2748 2538 cujus
2778 2467 3108 2521 mentionem
3144 2465 3349 2519 habent
3394 2462 3530 2517 Acta

1973 2554 2367 2630 apostolorum.
2432 2559 2555 2629 Ipse
2606 2558 2841 2629 namque
2891 2563 3118 2612 ceteras
3164 2563 3353 2625 gentes
3413 2551 3527 2607 fcrc

1976 2650 2258 2721 pmvenit,
2290 2650 2594 2706 Salvatoris
2624 2651 2937 2720 cognitione
2964 2656 3090 2704 ante
3130 2663 3320 2702 omnes
3343 2646 3533 2716 digna:-

1972 2750 2082 2796 tus.
2123 2739 2409 2807 Quomodo
2443 2736 2623 2794 autem
2673 2726 2832 2809 legati
2882 2739 3129 2794 venerint
3172 2752 3235 2791 ex
3269 2734 3528 2806 Egypto,

1973 2848 2191 2889 rursum
2243 2839 2504 2887 enarrant
2552 2830 2690 2884 Acta
2745 2830 3137 2899 apostolorum,
3186 2826 3279 2882 ubi
3307 2825 3529 2888 dicitur,

1974 2925 2030 2979 in
2069 2924 2157 2980 die
2205 2921 2558 2979 Pentecostes
2616 2920 2881 2992 Spiritum
2932 2929 3181 2976 sanctum
3236 2918 3534 2988 replevisse

1974 3014 2215 3077 domum,
2246 3012 2340 3067 ubi
2375 3018 2533 3066 erant
2566 3014 2821 3082 apostoli,
2867 3010 3185 3080 sedisseque
3214 3023 3380 3078 supra
3413 3024 3536 3063 om-

1976 3123 2075 3163 nes
2128 3106 2224 3178 qui
2277 3105 2526 3161 aderant.
2568 3104 2625 3158 In
2672 3104 2872 3174 quibus
2913 3110 3069 3158 erant
3115 3101 3321 3165 Parthi,
3367 3099 3529 3165 Medi,

1975 3198 2236 3264 Elamitaa,
2293 3196 2484 3267 et'qui
2544 3196 2891 3252 habitabant
2930 3193 3395 3265 Mesopotamiam,
3436 3190 3536 3246 Συ·-

1975 3289 2143 3344 dicam
2195 3296 2249 3343 et
2298 3287 2721 3359 Cappadociam,
2758 3285 2995 3339 Pontum
3023 3294 3077 3341 et
3109 3285 3319 3349 Asiam,
3359 3282 3531 3354 Phry-

1971 3381 2114 3451 giam
2146 3388 2201 3436 et
2247 3380 2646 3450 Pamphyliam,
2686 3374 2980 3449 Egyptum
3021 3384 3076 3431 et
3133 3385 3317 3447 partes
3350 3374 3532 3447 Libya

1972 3472 2120 3525 circa
2149 3468 2499 3541 Cyrenem“.
2542 3467 2607 3521 Hi
2638 3468 2804 3539 igitur
2837 3482 3029 3534 omnes
3074 3482 3175 3520 ceu
3210 3467 3370 3536 legati
3399 3482 3532 3537 gen-

1973 3566 2107 3620 tium
2165 3571 2341 3628 erant,
2391 3562 2628 3634 Spiritus
2675 3561 2848 3617 sancti
2884 3559 3137 3631 primitiis
3176 3558 3378 3631 donati.
3428 3561 3527 3613 At-

1976 3660 2122 3713 enim
2154 3664 2281 3729 post
2297 3656 2605 3727 Egyptios.
2646 3660 2771 3726 post
2812 3651 3146 3723 [Ethiopiam
3179 3665 3299 3721 qua:
3328 3664 3533 3720 praeve-

1974 3760 2151 3815 nerat,
2194 3758 2387 3805 caetera
2415 3746 2613 3804 deinde
2660 3761 2822 3817 regna
2859 3755 3018 3801 terrae
3044 3750 3333 3805 vocantur,
3380 3741 3530 3796 vide-

1974 3842 2103 3897 licet
2181 3850 2371 3912 gentes
2434 3840 2504 3896 iis
2559 3838 2837 3913 subjectae.
2915 3835 3092 3902 Quare
3148 3831 3530 3906 subjungltur:

1980 3932 2208 4005 «Regna
2261 3944 2439 4000 terrae,
2497 3939 2713 3988 cantate
2769 3928 2897 3992 Deo,
2967 3928 3183 3999 psallite
3241 3924 3527 3981 Domino.»

1976 4027 2107 4093 Quae
2136 4042 2245 4081 non
2298 4026 2407 4079 alio
2454 4021 2615 4078 modo
2658 4036 2820 4093 quam
2871 4026 2965 4090 per
3010 4033 3175 4075 unam
3226 4018 3535 4075 Senatoris

1974 4119 2149 4174 nostri
2197 4117 2504 4173 doctrinam
2547 4112 2708 4170 tinem
2763 4118 3115 4183 acceperunt.
3154 4109 3316 4165 Nulla
3366 4109 3536 4180 igitur

1974 4225 2125 4283 gens,
2152 4208 2301 4263 nulla
2332 4208 2504 4280 regio,
2525 4206 2737 4261 nullum
2770 4221 2942 4277 genus
2982 4192 3528 4268 hominum,nullum

1974 4302 2030 4356 in
2063 4307 2178 4355 toto
2206 4299 2337 4356 orbe
2358 4314 2614 4371 regnum,
2660 4298 2717 4353 in
2755 4313 2864 4369 quo
2894 4314 3003 4353 non
3035 4296 3219 4367 populi
3256 4293 3363 4350 Deo
3380 4308 3532 4375 con-

1972 4395 2181 4467 gregati
2202 4394 2418 4465 jussum
2448 4402 2843 4464 exsequantur.
2897 4391 2998 4445 Hic
3021 4404 3152 4445 vero
3182 4388 3399 4445 rursum
3439 4402 3536 4443 cao

1973 4500 2102 4541 nere
2150 4483 2281 4550 Deo,
2334 4478 2564 4555 psallere
2606 4482 2832 4537 Domino
2876 4482 3050 4550 jubet
3101 4495 3208 4545 non
3256 4495 3354 4549 per
3400 4479 3532 4534 illud

1973 4583 2207 4647 quatuor
2233 4577 2537 4631 litterarum
2570 4588 2787 4635 nomen,
2837 4559 2932 4628 sed
2963 4588 3029 4627 eo
3072 4571 3166 4641 qui
3216 4571 3533 4645 vulgaribus

1974 4652 2259 4725 elementis
2300 4669 2634 4724 enuntiatur;
2674 4663 2849 4733 Atque
2895 4671 2954 4717 ut
2992 4664 3534 4735 ‘clariusfperspicia-

299 4753 423 4813 καθ’
464 4753 593 4827 ὅλης
621 4755 720 4826 τῆς
761 4753 1100 4824 οἰκουμένης,
1134 4752 1260 4811 ἔνθα
1309 4756 1428 4826 σύχὶ
1476 4756 1592 4810 λαοί⁵
1634 4758 1712 4829 τῷ
1752 4757 1869 4829 Θεῷ
1903 4763 1945 4817 D
1974 4779 1997 4817 ll

1837 4757 1869 4829 ᾖ
1903 4763 1945 4817 D
1974 4776 2095 4817 mus
2124 4762 2247 4832 quis
2288 4761 2357 4816 sit
2396 4760 2485 4815 ille
2512 4757 2794 4822 Dominus,
2846 4756 3070 4813 subdit:
3112 4776 3130 4808 ι
3157 4744 3258 4824 Qui
3292 4749 3535 4813 ascendit

300 4847 590 4910 συστάντες
619 4846 681 4899 τὸ
711 4846 983 4918 κέλευσμα
1014 4845 1434 4917 ἀποπληροῦσιν.
1458 4848 1625 4917 Πάλιν
1655 4850 1711 4904 δὲ
1745 4852 1870 4905 κάν-

298 4937 471 4991 ταῦθα
499 4937 644 5009 ᾅδειν
674 4939 776 5009 μὲν
801 4937 1121 5011 προστάττει
1147 4935 1229 5007 τῷ
1259 4936 1398 5007 Θεῷ,
1436 4939 1656 5009 ψάλλειν
1697 4942 1754 4996 δὲ
1791 4942 1870 5011 τῷ

298 5028 488 5100 Κυρίῳ
503 5031 600 5101 οὐχ
622 5030 706 5084 ἵνα
723 5030 799 5103 (Ι)
816 5030 909 5084 τοῦ
924 5030 1369 5103 τετραγράμμου.
1383 5031 1460 5101 τῷ
1474 5032 1530 5084 δὲ
1548 5035 1871 5107 κοινοτέροις

301 5121 583 5190 στοιχείοις
627 5121 939 5194 δηλουμένῳ
978 5124 1217 5194 ὀνόματι.
1254 5122 1364 5201 Καὶ
1403 5124 1490 5177 ἵνα
1542 5125 1868 5197 σαφέστερον

298 5209 515 5281 γνῶμεν
529 5211 612 5275 τίς
627 5230 754 5267 ποτε
775 5212 842 5286 ἦν
860 5211 1013 5279 οὗτος
1030 5217 1059 5268 ὁ
1084 5213 1303 5286 Κύριος,
1322 5216 1674 5271 ὲπισυνάπτει
1695 5217 1869 5287 λέγων

300 5306 425 5378 ἑξῆς
442 5322 456 5334 ⁸
493 5324 513 5358 ι
543 5308 634 5379 Τῷ
680 5310 1026 5381 ὲπιόεὸηκότι
1068 5312 1160 5364 ἐπὶ
1202 5310 1292 5365 τὸν
1325 5311 1549 5383 οὐρανὸν
1579 5312 1671 5366 τοῦ
1703 5315 1868 5387 ούρα-

299 5397 391 5452 νοῦ
442 5399 585 5454 κατὰ
626 5400 886 5466 ἀνατολάς
907 5420 921 5435 ο
977 5423 995 5456 ι
1048 5404 1249 5474 σφόδρα
1296 5402 1630 5467 ἀκολούθως·
1684 5406 1868 5476 ἐπειδὴ

298 5489 407 5560 γὰρ
453 5488 543 5543 διὰ
598 5490 707 5543 τῶν
758 5493 1012 5564 ἀνωτέρω
1060 5495 1274 5565 εἰρητο·
1309 5513 1327 5546 ι
1374 5495 1748 5565 Ὁδοποιήσατε
1792 5496 1870 5567 τῷ

300 5579 650 5652 memmi
703 5582 800 5635 ἐπὶ
854 5583 1094 5654 δυσμῶν,
1148 5586 1348 5656 Κύριος
1404 5586 1573 5658 ὄνομα
1629 5588 1804 5659 αὐτῷ·
1836 5576 1864 5639 ἰ

301 5671 605 5737 ἀκολούθως
629 5672 718 5727 διὰ
755 5672 865 5727 τῶν
893 5674 1031 5745 μετὰ
1064 5677 1249 5746 χεῖρας
1277 5676 1457 5730 οὐκέτι
1488 5676 1869 5749 ὲπιδεόηκέναι

305 5765 463 5819 αὐτὸν
503 5766 596 5821 ἐπὶ
635 5766 851 5837 δυσμῶν
884 5783 1067 5839 φησιν,
1098 5767 1209 5821 ἀλλ’
1240 5752 1330 5821 ἐπὶ
1364 5769 1453 5825 τὸν
1487 5770 1710 5843 οὐρανὸν
1750 5752 1877 5826 κατή

376 5880 417 5909 λ’
440 5878 587 5936 Psai.
621 5898 735 5945 nt,
766 5884 854 5938 28.
932 5884 974 5915 ”
1002 5884 1121 5939 Act.
1155 5900 1216 5948 ll,
1246 5874 1395 5941 1—10.

376 5971 449 6042 (ι)
471 5970 609 6043 Lege
634 5975 695 6026 οὐ
724 5974 827 6029 διά.

1978 4870 2141 4924 super
2170 4853 2365 4907 caelum
2401 4851 2527 4906 emli
2557 4851 2623 4905 ad
2652 4850 2955 4905 orientem:
2987 4869 3005 4901 ι
3049 4849 3211 4918 idque
3240 4848 3531 4903 admodum

1977 4952 2390 5015 consequenter,
2414 4944 2540 5015 quia
2568 4943 2818 5013 superius
2850 4941 3055 4996 dictum
3088 4942 3225 4994 fuit:
3264 4957 3283 4991 ι
3314 4940 3420 4994 lter
3455 4938 3535 4993 fa-

1976 5037 2083 5094 cite
2107 5037 2154 5092 ei
2178 5036 2271 5105 qui
2298 5036 2543 5097 ascendit
2567 5052 2729 5107 super
2749 5048 3025 5096 occasum,
3054 5031 3313 5085 Dominus
3334 5045 3530 5085 nomen

1946 5118 2105 5184 'illi.»
2149 5128 2192 5183 E
2223 5146 2283 5186 re
2333 5131 2389 5186 in
2435 5129 2687 5202 presenti
2732 5142 2843 5182 non
2891 5126 2967 5180 ait
2995 5124 3172 5193 ipsum
3217 5121 3532 5177 ascendisse

1973 5238 2136 5293 super
2180 5228 2458 5300 occasum,
2516 5222 2609 5278 sed
2660 5235 2825 5291 super
2876 5216 3073 5273 caelum
3117 5212 3185 5267 ad
3236 5214 3529 5268 orientem.

1971 5314 2076 5369 Par
2104 5317 2302 5387 quippe
2338 5324 2589 5372 eratnos
2625 5313 2719 5384 qui
2758 5312 3081 5367 descensum
3123 5307 3243 5377 ejus
3284 5304 3526 5362 edidice-

1973 5422 2180 5472 ramus,
2223 5408 2455 5464 reditum
2482 5391 2635 5462 'item
2683 5402 2920 5461 edoceri.
2983 5399 3295 5455 Descensus
3338 5398 3523 5467 itaque

1975 5507 2033 5553 ut
2081 5498 2301 5557 deitatis
2343 5515 2455 5557 sua:
2486 5499 2693 5554 lumina
2723 5494 3025 5552 occultaret
3055 5491 3123 5546 ad
3159 5504 3411 5545 occasum
3446 5486 3530 5541 fa-

1974 5598 2099 5643 ctus
2121 5600 2234 5655 est;
2255 5593 2260 5597 ’
2280 5604 2544 5646 ascensus
2572 5595 2750 5643 autem
2798 5582 2920 5656 ejus
2947 5584 3014 5639 ad
3053 5584 3249 5639 cmlum
3278 5580 3427 5643 cmli,
3460 5581 3528 5634 ad

1979 5680 2267 5747 orientem,
2302 5681 2373 5737 ob
2406 5681 2699 5753 gloriosam
2757 5677 2877 5748 eius
2914 5677 2970 5731 in
3026 5674 3223 5731 ccelum
3262 5670 3527 5739 remigia;

1979 5772 2196 5828 fionem.
2237 5771 2351 5829 Hoc
2382 5786 2544 5843 porro
2572 5769 2776 5825 dictum
2805 5767 3054 5839 exemplo
3079 5764 3210 5821 sotis
3233 5761 3528 5832 intelligas.
