  <div class='ocr_page' id='page_1' title='image "/cluster/home/n/w/nwhite01/storage/ocr_20150623/23/coo.31924054873041/375.png"; bbox 0 0 4300 6464; ppageno 0'>
   <div class='ocr_carea' id='block_1_1' title="bbox 843 500 943 555">
    <p class='ocr_par' dir='ltr' id='par_1_1' title="bbox 843 500 943 555">
     <span class='ocr_line' id='line_1_1' title="bbox 843 500 943 555; baseline 0 0"><span class='ocrx_word' id='word_1_1' title='bbox 843 500 943 555; x_wconf 82' lang='grc'><strong>’119</strong></span> 
     </span>
    </p>
   </div>
   <div class='ocr_carea' id='block_1_2' title="bbox 1412 449 3346 549">
    <p class='ocr_par' dir='ltr' id='par_1_2' title="bbox 1412 449 3346 549">
     <span class='ocr_line' id='line_1_2' title="bbox 1412 449 3346 549; baseline 0.002 -4"><span class='ocrx_word' id='word_1_2' title='bbox 1412 449 1416 452; x_wconf 7' lang='grc' dir='ltr'><em>ἠ</em></span> <span class='ocrx_word' id='word_1_3' title='bbox 1510 491 1775 547; x_wconf 82' lang='lat' dir='ltr'><strong>EUSEBII</strong></span> <span class='ocrx_word' id='word_1_4' title='bbox 1811 488 2279 548; x_wconf 59' lang='lat' dir='ltr'><strong>CESARIENSIS</strong></span> <span class='ocrx_word' id='word_1_5' title='bbox 2316 489 2463 547; x_wconf 84' lang='lat' dir='ltr'><strong>OPP.</strong></span> <span class='ocrx_word' id='word_1_6' title='bbox 2504 488 2682 546; x_wconf 76' lang='lat' dir='ltr'><strong>PARS</strong></span> <span class='ocrx_word' id='word_1_7' title='bbox 2717 489 2804 544; x_wconf 92' lang='grc'><strong>111.</strong></span> <span class='ocrx_word' id='word_1_8' title='bbox 2841 517 2910 531; x_wconf 89' lang='grc'><strong>--</strong></span> <span class='ocrx_word' id='word_1_9' title='bbox 2938 489 3346 549; x_wconf 77' lang='lat' dir='ltr'><strong>EXEGETICA.</strong></span> 
     </span>
    </p>
   </div>
   <div class='ocr_carea' id='block_1_3' title="bbox 3937 497 4042 552">
    <p class='ocr_par' dir='ltr' id='par_1_3' title="bbox 3937 497 4042 552">
     <span class='ocr_line' id='line_1_3' title="bbox 3937 497 4042 552; baseline 0 0"><span class='ocrx_word' id='word_1_10' title='bbox 3937 497 4042 552; x_wconf 72' lang='grc' dir='ltr'><strong>τεο</strong></span> 
     </span>
    </p>
   </div>
   <div class='ocr_carea' id='block_1_4' title="bbox 828 602 2526 680">
    <p class='ocr_par' dir='ltr' id='par_1_4' title="bbox 828 604 2526 674">
     <span class='ocr_line' id='line_1_4' title="bbox 828 604 2526 674; baseline -0.006 -8"><span class='ocrx_word' id='word_1_11' title='bbox 828 608 995 666; x_wconf 70' lang='grc' dir='ltr'>’ὃὶευι</span> <span class='ocrx_word' id='word_1_12' title='bbox 1036 608 1182 664; x_wconf 88' lang='lat' dir='ltr'><strong>enim</strong></span> <span class='ocrx_word' id='word_1_13' title='bbox 1225 606 1304 665; x_wconf 81' lang='lat' dir='ltr'><strong>sol</strong></span> <span class='ocrx_word' id='word_1_14' title='bbox 1339 607 1391 658; x_wconf 93' lang='lat' dir='ltr'><strong>in</strong></span> <span class='ocrx_word' id='word_1_15' title='bbox 1432 604 1713 660; x_wconf 85' lang='lat' dir='ltr'><strong>occidente</strong></span> <span class='ocrx_word' id='word_1_16' title='bbox 1743 606 1955 660; x_wconf 94' lang='lat' dir='ltr'><strong>occulte</strong></span> <span class='ocrx_word' id='word_1_17' title='bbox 1997 604 2373 674; x_wconf 72' lang='lat' dir='ltr'><strong>progreditur,</strong></span> <span class='ocrx_word' id='word_1_18' title='bbox 2411 617 2453 665; x_wconf 71' lang='grc' dir='ltr'>Α</span> <span class='ocrx_word' id='word_1_19' title='bbox 2481 605 2526 656; x_wconf 61' lang='lat' dir='ltr'><strong>tu</strong></span> 
     </span>
    </p>
   </div>
   <div class='ocr_carea' id='block_1_5' title="bbox 2344 602 4042 680">
    <p class='ocr_par' dir='ltr' id='par_1_5' title="bbox 2360 602 4042 680">
     <span class='ocr_line' id='line_1_5' title="bbox 2360 602 4042 680; baseline 0.004 -25"><span class='ocrx_word' id='word_1_20' title='bbox 2360 647 2373 668; x_wconf 89' lang='lat'><strong>,</strong></span> <span class='ocrx_word' id='word_1_21' title='bbox 2411 617 2453 665; x_wconf 71' lang='grc' dir='ltr'><strong>Α</strong></span> <span class='ocrx_word' id='word_1_22' title='bbox 2481 603 2761 667; x_wconf 74' lang='grc' dir='ltr'>ἀνατολάς.</span> <span class='ocrx_word' id='word_1_23' title='bbox 2810 604 2957 657; x_wconf 83' lang='grc' dir='ltr'>Ἔδει</span> <span class='ocrx_word' id='word_1_24' title='bbox 2989 608 3105 675; x_wconf 76' lang='grc' dir='ltr'><strong>γὰρ</strong></span> <span class='ocrx_word' id='word_1_25' title='bbox 3126 604 3293 675; x_wconf 75' lang='grc' dir='ltr'>ἡμᾶς,</span> <span class='ocrx_word' id='word_1_26' title='bbox 3323 604 3420 676; x_wconf 79' lang='grc' dir='ltr'><strong>τὴν</strong></span> <span class='ocrx_word' id='word_1_27' title='bbox 3459 602 3677 657; x_wconf 88' lang='grc' dir='ltr'>κάθοδον</span> <span class='ocrx_word' id='word_1_28' title='bbox 3712 605 3874 661; x_wconf 76' lang='grc' dir='ltr'>αὐτοῦ</span> <span class='ocrx_word' id='word_1_29' title='bbox 3909 623 4042 680; x_wconf 86' lang='grc' dir='ltr'>προ·</span> 
     </span>
    </p>
   </div>
   <div class='ocr_carea' id='block_1_6' title="bbox 838 690 2380 768">
    <p class='ocr_par' dir='ltr' id='par_1_6' title="bbox 838 690 2380 768">
     <span class='ocr_line' id='line_1_6' title="bbox 838 690 2380 768; baseline -0.006 -13"><span class='ocrx_word' id='word_1_30' title='bbox 838 698 1136 768; x_wconf 86' lang='lat' dir='ltr'><strong>deindcque</strong></span> <span class='ocrx_word' id='word_1_31' title='bbox 1164 704 1446 766; x_wconf 77' lang='lat' dir='ltr'><strong>postquam</strong></span> <span class='ocrx_word' id='word_1_32' title='bbox 1472 695 1538 748; x_wconf 85' lang='lat' dir='ltr'><strong>ad</strong></span> <span class='ocrx_word' id='word_1_33' title='bbox 1571 695 1892 749; x_wconf 77' lang='lat' dir='ltr'><strong>orientalem</strong></span> <span class='ocrx_word' id='word_1_34' title='bbox 1924 694 2257 748; x_wconf 86' lang='lat' dir='ltr'><strong>horizontem</strong></span> <span class='ocrx_word' id='word_1_35' title='bbox 2284 690 2380 746; x_wconf 86' lang='lat' dir='ltr'><strong>ad-</strong></span> 
     </span>
    </p>
   </div>
   <div class='ocr_carea' id='block_1_7' title="bbox 836 785 2384 855">
    <p class='ocr_par' dir='ltr' id='par_1_7' title="bbox 836 785 2384 855">
     <span class='ocr_line' id='line_1_7' title="bbox 836 785 2384 855; baseline -0.004 -12"><span class='ocrx_word' id='word_1_36' title='bbox 836 791 1005 855; x_wconf 82' lang='lat' dir='ltr'><strong>venit,</strong></span> <span class='ocrx_word' id='word_1_37' title='bbox 1048 795 1191 844; x_wconf 87' lang='lat' dir='ltr'><strong>recta</strong></span> <span class='ocrx_word' id='word_1_38' title='bbox 1223 788 1277 841; x_wconf 93' lang='lat' dir='ltr'><strong>in</strong></span> <span class='ocrx_word' id='word_1_39' title='bbox 1307 787 1447 842; x_wconf 65' lang='lat' dir='ltr'><strong>caelo</strong></span> <span class='ocrx_word' id='word_1_40' title='bbox 1478 785 1671 855; x_wconf 82' lang='lat' dir='ltr'><strong>pergit,</strong></span> <span class='ocrx_word' id='word_1_41' title='bbox 1718 785 1900 838; x_wconf 83' lang='lat' dir='ltr'><strong>omnia</strong></span> <span class='ocrx_word' id='word_1_42' title='bbox 1930 785 2268 849; x_wconf 86' lang='lat' dir='ltr'><strong>illuminans,</strong></span> <span class='ocrx_word' id='word_1_43' title='bbox 2302 785 2384 837; x_wconf 86' lang='lat' dir='ltr'><strong>lu-</strong></span> 
     </span>
    </p>
   </div>
   <div class='ocr_carea' id='block_1_8' title="bbox 840 871 2383 947">
    <p class='ocr_par' dir='ltr' id='par_1_8' title="bbox 840 871 2383 947">
     <span class='ocr_line' id='line_1_8' title="bbox 840 871 2383 947; baseline -0.003 -15"><span class='ocrx_word' id='word_1_44' title='bbox 840 879 1123 947; x_wconf 88' lang='lat' dir='ltr'><strong>cidamque</strong></span> <span class='ocrx_word' id='word_1_45' title='bbox 1152 877 1292 931; x_wconf 89' lang='lat' dir='ltr'><strong>diem</strong></span> <span class='ocrx_word' id='word_1_46' title='bbox 1323 876 1581 938; x_wconf 84' lang='lat' dir='ltr'><strong>etﬁciens,</strong></span> <span class='ocrx_word' id='word_1_47' title='bbox 1632 873 1817 929; x_wconf 83' lang='lat' dir='ltr'><strong>eadem</strong></span> <span class='ocrx_word' id='word_1_48' title='bbox 1866 872 2077 927; x_wconf 87' lang='lat' dir='ltr'><strong>ratione</strong></span> <span class='ocrx_word' id='word_1_49' title='bbox 2123 871 2383 927; x_wconf 87' lang='lat' dir='ltr'><strong>Dominus</strong></span> 
     </span>
    </p>
   </div>
   <div class='ocr_carea' id='block_1_9' title="bbox 842 962 2381 1035">
    <p class='ocr_par' dir='ltr' id='par_1_9' title="bbox 842 962 2381 1035">
     <span class='ocr_line' id='line_1_9' title="bbox 842 962 2381 1035; baseline -0.005 -12"><span class='ocrx_word' id='word_1_50' title='bbox 842 970 928 1023; x_wconf 89' lang='lat' dir='ltr'><strong>hic</strong></span> <span class='ocrx_word' id='word_1_51' title='bbox 954 968 1291 1029; x_wconf 88' lang='lat' dir='ltr'><strong>enuntiatus,</strong></span> <span class='ocrx_word' id='word_1_52' title='bbox 1323 965 1415 1035; x_wconf 91' lang='lat' dir='ltr'><strong>qui</strong></span> <span class='ocrx_word' id='word_1_53' title='bbox 1453 972 1695 1034; x_wconf 86' lang='lat' dir='ltr'><strong>tempore</strong></span> <span class='ocrx_word' id='word_1_54' title='bbox 1740 964 2015 1033; x_wconf 85' lang='lat' dir='ltr'><strong>passionis</strong></span> <span class='ocrx_word' id='word_1_55' title='bbox 2056 969 2111 1016; x_wconf 90' lang='lat' dir='ltr'><strong>et</strong></span> <span class='ocrx_word' id='word_1_56' title='bbox 2164 962 2381 1023; x_wconf 87' lang='lat' dir='ltr'><strong>mortis,</strong></span> 
     </span>
    </p>
   </div>
   <div class='ocr_carea' id='block_1_10' title="bbox 840 1052 2385 1131">
    <p class='ocr_par' dir='ltr' id='par_1_10' title="bbox 840 1052 2385 1131">
     <span class='ocr_line' id='line_1_10' title="bbox 840 1052 2385 1131; baseline -0.003 -20"><span class='ocrx_word' id='word_1_57' title='bbox 840 1073 1115 1118; x_wconf 84' lang='lat' dir='ltr'><strong>occasu-tn,</strong></span> <span class='ocrx_word' id='word_1_58' title='bbox 1142 1066 1199 1110; x_wconf 93' lang='lat' dir='ltr'><strong>ut</strong></span> <span class='ocrx_word' id='word_1_59' title='bbox 1229 1058 1303 1109; x_wconf 91' lang='lat' dir='ltr'><strong>ita</strong></span> <span class='ocrx_word' id='word_1_60' title='bbox 1344 1056 1543 1117; x_wconf 88' lang='lat' dir='ltr'><strong>dicam,</strong></span> <span class='ocrx_word' id='word_1_61' title='bbox 1581 1054 2118 1123; x_wconf 11' lang='lat' dir='ltr'><strong>fecerat,tpostquam</strong></span> <span class='ocrx_word' id='word_1_62' title='bbox 2147 1052 2385 1131; x_wconf 76' lang='lat' dir='ltr'><strong>regionis</strong></span> 
     </span>
    </p>
   </div>
   <div class='ocr_carea' id='block_1_11' title="bbox 840 1142 2387 1214">
    <p class='ocr_par' dir='ltr' id='par_1_11' title="bbox 840 1142 2387 1214">
     <span class='ocr_line' id='line_1_11' title="bbox 840 1142 2387 1214; baseline -0.002 -13"><span class='ocrx_word' id='word_1_63' title='bbox 840 1149 985 1202; x_wconf 86' lang='lat' dir='ltr'><strong>illius</strong></span> <span class='ocrx_word' id='word_1_64' title='bbox 1009 1142 1232 1205; x_wconf 86' lang='lat' dir='ltr'><strong>cursum</strong></span> <span class='ocrx_word' id='word_1_65' title='bbox 1262 1144 1607 1207; x_wconf 82' lang='lat' dir='ltr'><strong>confecisset,</strong></span> <span class='ocrx_word' id='word_1_66' title='bbox 1637 1153 1821 1214; x_wconf 89' lang='lat' dir='ltr'><strong>postea</strong></span> <span class='ocrx_word' id='word_1_67' title='bbox 1844 1144 2044 1198; x_wconf 80' lang='lat' dir='ltr'><strong>dicitur</strong></span> <span class='ocrx_word' id='word_1_68' title='bbox 2072 1144 2387 1199; x_wconf 84' lang='lat' dir='ltr'><strong>ascendisse</strong></span> 
     </span>
    </p>
   </div>
   <div class='ocr_carea' id='block_1_12' title="bbox 839 1234 2386 1309">
    <p class='ocr_par' dir='ltr' id='par_1_12' title="bbox 839 1234 2386 1309">
     <span class='ocr_line' id='line_1_12' title="bbox 839 1234 2386 1309; baseline -0.005 -14"><span class='ocrx_word' id='word_1_69' title='bbox 839 1254 1001 1309; x_wconf 74' lang='lat' dir='ltr'><strong>Super</strong></span> <span class='ocrx_word' id='word_1_70' title='bbox 1033 1240 1233 1293; x_wconf 70' lang='lat' dir='ltr'><strong>caelum</strong></span> <span class='ocrx_word' id='word_1_71' title='bbox 1264 1238 1387 1291; x_wconf 59' lang='lat' dir='ltr'><strong>caeli</strong></span> <span class='ocrx_word' id='word_1_72' title='bbox 1437 1236 1501 1289; x_wconf 86' lang='lat' dir='ltr'><strong>ad</strong></span> <span class='ocrx_word' id='word_1_73' title='bbox 1547 1237 1828 1290; x_wconf 83' lang='lat' dir='ltr'><strong>orientem.</strong></span> <span class='ocrx_word' id='word_1_74' title='bbox 1876 1234 2386 1304; x_wconf 84' lang='lat' dir='ltr'><strong>SecundumAqui-</strong></span> 
     </span>
    </p>
   </div>
   <div class='ocr_carea' id='block_1_13' title="bbox 839 1325 2379 1397">
    <p class='ocr_par' dir='ltr' id='par_1_13' title="bbox 839 1325 2379 1397">
     <span class='ocr_line' id='line_1_13' title="bbox 839 1325 2379 1397; baseline -0.003 -15"><span class='ocrx_word' id='word_1_75' title='bbox 839 1331 944 1383; x_wconf 87' lang='lat' dir='ltr'><strong>Iam</strong></span> <span class='ocrx_word' id='word_1_76' title='bbox 972 1345 1132 1386; x_wconf 88' lang='lat' dir='ltr'><strong>vero:</strong></span> <span class='ocrx_word' id='word_1_77' title='bbox 1158 1348 1175 1379; x_wconf 82' lang='grc' dir='ltr'><strong>ι</strong></span> <span class='ocrx_word' id='word_1_78' title='bbox 1198 1329 1301 1394; x_wconf 85' lang='lat' dir='ltr'><strong>Qui</strong></span> <span class='ocrx_word' id='word_1_79' title='bbox 1331 1327 1571 1383; x_wconf 87' lang='lat' dir='ltr'><strong>ascendit</strong></span> <span class='ocrx_word' id='word_1_80' title='bbox 1600 1326 1660 1397; x_wconf 29' lang='lat' dir='ltr'><strong>in.</strong></span> <span class='ocrx_word' id='word_1_81' title='bbox 1684 1326 1890 1382; x_wconf 60' lang='lat' dir='ltr'><strong>caelum</strong></span> <span class='ocrx_word' id='word_1_82' title='bbox 1910 1326 2033 1379; x_wconf 70' lang='lat' dir='ltr'><strong>coeli</strong></span> <span class='ocrx_word' id='word_1_83' title='bbox 2058 1326 2124 1379; x_wconf 90' lang='lat' dir='ltr'><strong>ab</strong></span> <span class='ocrx_word' id='word_1_84' title='bbox 2146 1325 2338 1391; x_wconf 91' lang='lat' dir='ltr'><strong>initio;</strong></span> <span class='ocrx_word' id='word_1_85' title='bbox 2361 1344 2379 1377; x_wconf 73' lang='grc' dir='ltr'><strong>ι</strong></span> 
     </span>
    </p>
   </div>
   <div class='ocr_carea' id='block_1_14' title="bbox 838 1415 2390 1488">
    <p class='ocr_par' dir='ltr' id='par_1_14' title="bbox 838 1415 2390 1488">
     <span class='ocr_line' id='line_1_14' title="bbox 838 1415 2390 1488; baseline -0.005 -13"><span class='ocrx_word' id='word_1_86' title='bbox 838 1420 1132 1475; x_wconf 86' lang='lat' dir='ltr'><strong>secundum</strong></span> <span class='ocrx_word' id='word_1_87' title='bbox 1164 1417 1542 1488; x_wconf 85' lang='lat' dir='ltr'><strong>Symmachum</strong></span> <span class='ocrx_word' id='word_1_88' title='bbox 1567 1436 1579 1470; x_wconf 92' lang='lat'><strong>:</strong></span> <span class='ocrx_word' id='word_1_89' title='bbox 1609 1435 1627 1467; x_wconf 81' lang='grc' dir='ltr'><strong>ι</strong></span> <span class='ocrx_word' id='word_1_90' title='bbox 1647 1415 1750 1481; x_wconf 86' lang='lat' dir='ltr'><strong>Qui</strong></span> <span class='ocrx_word' id='word_1_91' title='bbox 1777 1416 1990 1470; x_wconf 80' lang='lat' dir='ltr'><strong>vehitur</strong></span> <span class='ocrx_word' id='word_1_92' title='bbox 2021 1417 2075 1469; x_wconf 92' lang='lat' dir='ltr'><strong>in</strong></span> <span class='ocrx_word' id='word_1_93' title='bbox 2109 1416 2245 1469; x_wconf 77' lang='lat' dir='ltr'><strong>cmlo</strong></span> <span class='ocrx_word' id='word_1_94' title='bbox 2269 1417 2390 1469; x_wconf 69' lang='lat' dir='ltr'><strong>caeli</strong></span> 
     </span>
    </p>
   </div>
   <div class='ocr_carea' id='block_1_15' title="bbox 837 1506 2389 1577">
    <p class='ocr_par' dir='ltr' id='par_1_15' title="bbox 837 1506 2389 1577">
     <span class='ocr_line' id='line_1_15' title="bbox 837 1506 2389 1577; baseline -0.001 -14"><span class='ocrx_word' id='word_1_95' title='bbox 837 1526 901 1563; x_wconf 82' lang='lat' dir='ltr'><strong>ex</strong></span> <span class='ocrx_word' id='word_1_96' title='bbox 933 1509 1156 1577; x_wconf 62' lang='lat' dir='ltr'><strong>prima:</strong></span> <span class='ocrx_word' id='word_1_97' title='bbox 1198 1506 1331 1560; x_wconf 89' lang='lat' dir='ltr'><strong>Illud</strong></span> <span class='ocrx_word' id='word_1_98' title='bbox 1362 1515 1563 1571; x_wconf 88' lang='lat' dir='ltr'><strong>autem,</strong></span> <span class='ocrx_word' id='word_1_99' title='bbox 1599 1525 1618 1557; x_wconf 82' lang='grc' dir='ltr'><strong>ι</strong></span> <span class='ocrx_word' id='word_1_100' title='bbox 1668 1522 1733 1561; x_wconf 86' lang='lat' dir='ltr'><strong>ex</strong></span> <span class='ocrx_word' id='word_1_101' title='bbox 1774 1507 1968 1576; x_wconf 91' lang='lat' dir='ltr'><strong>prima,</strong></span> <span class='ocrx_word' id='word_1_102' title='bbox 1999 1525 2018 1557; x_wconf 71' lang='grc' dir='ltr'><strong>ι</strong></span> <span class='ocrx_word' id='word_1_103' title='bbox 2052 1515 2135 1569; x_wconf 88' lang='lat' dir='ltr'><strong>et,</strong></span> <span class='ocrx_word' id='word_1_104' title='bbox 2174 1524 2191 1554; x_wconf 76' lang='lat' dir='ltr'><strong><em>c</em></strong></span> <span class='ocrx_word' id='word_1_105' title='bbox 2218 1507 2284 1560; x_wconf 80' lang='lat' dir='ltr'><strong>ab</strong></span> <span class='ocrx_word' id='word_1_106' title='bbox 2307 1507 2389 1561; x_wconf 91' lang='lat' dir='ltr'><strong>in-</strong></span> 
     </span>
    </p>
   </div>
   <div class='ocr_carea' id='block_1_16' title="bbox 838 1596 2388 1673">
    <p class='ocr_par' dir='ltr' id='par_1_16' title="bbox 838 1596 2388 1673">
     <span class='ocr_line' id='line_1_16' title="bbox 838 1596 2388 1673; baseline -0.002 -22"><span class='ocrx_word' id='word_1_107' title='bbox 838 1600 985 1660; x_wconf 65' lang='lat' dir='ltr'><strong>itio,»</strong></span> <span class='ocrx_word' id='word_1_108' title='bbox 1018 1598 1185 1673; x_wconf 85' lang='lat' dir='ltr'><strong>probe</strong></span> <span class='ocrx_word' id='word_1_109' title='bbox 1215 1612 1511 1667; x_wconf 78' lang='lat' dir='ltr'><strong>cognoscas</strong></span> <span class='ocrx_word' id='word_1_110' title='bbox 1551 1597 1774 1651; x_wconf 86' lang='lat' dir='ltr'><strong>audiens</strong></span> <span class='ocrx_word' id='word_1_111' title='bbox 1819 1596 2153 1651; x_wconf 88' lang='lat' dir='ltr'><strong>Servatorem</strong></span> <span class='ocrx_word' id='word_1_112' title='bbox 2186 1597 2259 1649; x_wconf 90' lang='lat' dir='ltr'><strong>ita</strong></span> <span class='ocrx_word' id='word_1_113' title='bbox 2310 1596 2388 1649; x_wconf 90' lang='lat' dir='ltr'><strong>lo-</strong></span> 
     </span>
    </p>
   </div>
   <div class='ocr_carea' id='block_1_17' title="bbox 837 1688 2385 1761">
    <p class='ocr_par' dir='ltr' id='par_1_17' title="bbox 837 1688 2385 1761">
     <span class='ocr_line' id='line_1_17' title="bbox 837 1688 2385 1761; baseline -0.003 -18"><span class='ocrx_word' id='word_1_114' title='bbox 837 1698 1089 1760; x_wconf 82' lang='lat' dir='ltr'><strong>quentem</strong></span> <span class='ocrx_word' id='word_1_115' title='bbox 1139 1710 1199 1743; x_wconf 73' lang='grc' dir='ltr'><strong>ει</strong></span> <span class='ocrx_word' id='word_1_116' title='bbox 1237 1689 1415 1753; x_wconf 88' lang='lat' dir='ltr'><strong>Pater,</strong></span> <span class='ocrx_word' id='word_1_117' title='bbox 1450 1692 1687 1761; x_wconf 86' lang='lat' dir='ltr'><strong>gloriﬁca</strong></span> <span class='ocrx_word' id='word_1_118' title='bbox 1737 1707 1821 1746; x_wconf 91' lang='lat' dir='ltr'><strong>me</strong></span> <span class='ocrx_word' id='word_1_119' title='bbox 1860 1690 2031 1761; x_wconf 78' lang='lat' dir='ltr'><strong>gloria</strong></span> <span class='ocrx_word' id='word_1_120' title='bbox 2076 1704 2238 1757; x_wconf 89' lang='lat' dir='ltr'><strong>quam</strong></span> <span class='ocrx_word' id='word_1_121' title='bbox 2291 1688 2385 1741; x_wconf 75' lang='lat' dir='ltr'><strong>lia-</strong></span> 
     </span>
    </p>
   </div>
   <div class='ocr_carea' id='block_1_18' title="bbox 838 1782 2081 1852">
    <p class='ocr_par' dir='ltr' id='par_1_18' title="bbox 838 1782 2081 1852">
     <span class='ocr_line' id='line_1_18' title="bbox 838 1782 2081 1852; baseline -0.003 -18"><span class='ocrx_word' id='word_1_122' title='bbox 838 1782 927 1834; x_wconf 85' lang='lat' dir='ltr'><strong>bui</strong></span> <span class='ocrx_word' id='word_1_123' title='bbox 958 1790 1245 1851; x_wconf 83' lang='lat' dir='ltr'><strong>antequam</strong></span> <span class='ocrx_word' id='word_1_124' title='bbox 1280 1782 1513 1837; x_wconf 89' lang='lat' dir='ltr'><strong>mundus</strong></span> <span class='ocrx_word' id='word_1_125' title='bbox 1548 1791 1692 1844; x_wconf 81' lang='lat' dir='ltr'><strong>esset</strong></span> <span class='ocrx_word' id='word_1_126' title='bbox 1723 1782 1861 1852; x_wconf 90' lang='lat' dir='ltr'><strong>apud</strong></span> <span class='ocrx_word' id='word_1_127' title='bbox 1886 1782 2021 1837; x_wconf 76' lang='lat' dir='ltr'><strong>te“.</strong></span> <span class='ocrx_word' id='word_1_128' title='bbox 2062 1798 2081 1831; x_wconf 72' lang='grc' dir='ltr'><strong>ι</strong></span> 
     </span>
    </p>
   </div>
   <div class='ocr_carea' id='block_1_19' title="bbox 2492 694 4046 768">
    <p class='ocr_par' dir='ltr' id='par_1_19' title="bbox 2492 694 4046 768">
     <span class='ocr_line' id='line_1_19' title="bbox 2492 694 4046 768; baseline 0.003 -21"><span class='ocrx_word' id='word_1_129' title='bbox 2492 694 2887 765; x_wconf 84' lang='grc' dir='ltr'>μεμαθηκότας,</span> <span class='ocrx_word' id='word_1_130' title='bbox 2912 695 3020 747; x_wconf 69' lang='grc' dir='ltr'><strong>διαὶ</strong></span> <span class='ocrx_word' id='word_1_131' title='bbox 3060 695 3154 765; x_wconf 80' lang='grc' dir='ltr'>τὴν</span> <span class='ocrx_word' id='word_1_132' title='bbox 3189 695 3443 749; x_wconf 76' lang='grc' dir='ltr'><strong>ἐπάνοδον</strong></span> <span class='ocrx_word' id='word_1_133' title='bbox 3474 694 3801 765; x_wconf 78' lang='grc' dir='ltr'>διδαχθῆναι.</span> <span class='ocrx_word' id='word_1_134' title='bbox 3841 697 3906 750; x_wconf 83' lang='grc' dir='ltr'><strong>Ἦ</strong></span> <span class='ocrx_word' id='word_1_135' title='bbox 3949 700 4046 768; x_wconf 78' lang='grc' dir='ltr'>μὲν</span> 
     </span>
    </p>
   </div>
   <div class='ocr_carea' id='block_1_20' title="bbox 2488 779 4047 857">
    <p class='ocr_par' dir='ltr' id='par_1_20' title="bbox 2488 779 4047 857">
     <span class='ocr_line' id='line_1_20' title="bbox 2488 779 4047 857; baseline 0.001 -20"><span class='ocrx_word' id='word_1_136' title='bbox 2488 780 2578 837; x_wconf 85' lang='grc' dir='ltr'><strong>οὖν</strong></span> <span class='ocrx_word' id='word_1_137' title='bbox 2606 779 2824 848; x_wconf 83' lang='grc' dir='ltr'>κάθοδος</span> <span class='ocrx_word' id='word_1_138' title='bbox 2868 784 2954 838; x_wconf 79' lang='grc' dir='ltr'>διὰ</span> <span class='ocrx_word' id='word_1_139' title='bbox 2999 784 3093 838; x_wconf 88' lang='grc' dir='ltr'><strong>τοῦ</strong></span> <span class='ocrx_word' id='word_1_140' title='bbox 3143 785 3434 840; x_wconf 78' lang='grc' dir='ltr'>καλύπτειν</span> <span class='ocrx_word' id='word_1_141' title='bbox 3477 784 3642 839; x_wconf 83' lang='grc' dir='ltr'>αὑτοῦ</span> <span class='ocrx_word' id='word_1_142' title='bbox 3672 788 3739 839; x_wconf 85' lang='grc' dir='ltr'>τὰ</span> <span class='ocrx_word' id='word_1_143' title='bbox 3762 786 3913 856; x_wconf 86' lang='grc' dir='ltr'>φῶτα</span> <span class='ocrx_word' id='word_1_144' title='bbox 3948 790 4047 857; x_wconf 75' lang='grc' dir='ltr'>τῆς</span> 
     </span>
    </p>
   </div>
   <div class='ocr_carea' id='block_1_21' title="bbox 2489 866 4049 947">
    <p class='ocr_par' dir='ltr' id='par_1_21' title="bbox 2489 866 4049 947">
     <span class='ocr_line' id='line_1_21' title="bbox 2489 866 4049 947; baseline 0.001 -21"><span class='ocrx_word' id='word_1_145' title='bbox 2489 874 2735 944; x_wconf 82' lang='grc' dir='ltr'><strong>θεότητος</strong></span> <span class='ocrx_word' id='word_1_146' title='bbox 2776 877 2865 928; x_wconf 74' lang='grc' dir='ltr'>ἐπὶ</span> <span class='ocrx_word' id='word_1_147' title='bbox 2911 876 3130 945; x_wconf 80' lang='grc' dir='ltr'>δυσμῶν</span> <span class='ocrx_word' id='word_1_148' title='bbox 3178 878 3419 945; x_wconf 78' lang='grc' dir='ltr'>ἐγίνετο·</span> <span class='ocrx_word' id='word_1_149' title='bbox 3452 880 3486 947; x_wconf 77' lang='grc' dir='ltr'><strong>ἡ</strong></span> <span class='ocrx_word' id='word_1_150' title='bbox 3526 877 3582 930; x_wconf 84' lang='grc' dir='ltr'>δὲ</span> <span class='ocrx_word' id='word_1_151' title='bbox 3620 866 3799 940; x_wconf 78' lang='grc' dir='ltr'>ἄνοδος</span> <span class='ocrx_word' id='word_1_152' title='bbox 3832 877 3924 929; x_wconf 76' lang='grc' dir='ltr'>ἐπὶ</span> <span class='ocrx_word' id='word_1_153' title='bbox 3955 878 4049 929; x_wconf 79' lang='grc' dir='ltr'><strong>τὸν</strong></span> 
     </span>
    </p>
   </div>
   <div class='ocr_carea' id='block_1_22' title="bbox 2487 963 4049 1037">
    <p class='ocr_par' dir='ltr' id='par_1_22' title="bbox 2487 963 4049 1037">
     <span class='ocr_line' id='line_1_22' title="bbox 2487 963 4049 1037; baseline 0.003 -21"><span class='ocrx_word' id='word_1_154' title='bbox 2487 965 2708 1035; x_wconf 84' lang='grc' dir='ltr'>οὐρανὸν</span> <span class='ocrx_word' id='word_1_155' title='bbox 2740 964 2831 1029; x_wconf 84' lang='grc' dir='ltr'><strong>τοῦ</strong></span> <span class='ocrx_word' id='word_1_156' title='bbox 2861 963 3086 1036; x_wconf 82' lang='grc' dir='ltr'>ούρανοῦ</span> <span class='ocrx_word' id='word_1_157' title='bbox 3132 966 3250 1018; x_wconf 82' lang='grc' dir='ltr'>κατ’</span> <span class='ocrx_word' id='word_1_158' title='bbox 3282 966 3539 1029; x_wconf 81' lang='grc' dir='ltr'>ἀνατολὰς</span> <span class='ocrx_word' id='word_1_159' title='bbox 3588 966 3676 1019; x_wconf 85' lang='grc' dir='ltr'>διὰ</span> <span class='ocrx_word' id='word_1_160' title='bbox 3714 966 3812 1037; x_wconf 82' lang='grc' dir='ltr'>τὴν</span> <span class='ocrx_word' id='word_1_161' title='bbox 3844 967 4049 1034; x_wconf 76' lang='grc' dir='ltr'>ἔνδοξον</span> 
     </span>
    </p>
   </div>
   <div class='ocr_carea' id='block_1_23' title="bbox 2490 1043 4051 1125">
    <p class='ocr_par' dir='ltr' id='par_1_23' title="bbox 2490 1043 4051 1125">
     <span class='ocr_line' id='line_1_23' title="bbox 2490 1043 4051 1125; baseline 0.002 -20"><span class='ocrx_word' id='word_1_162' title='bbox 2490 1052 2650 1105; x_wconf 82' lang='grc' dir='ltr'>αὑτοῦ</span> <span class='ocrx_word' id='word_1_163' title='bbox 2697 1055 2775 1115; x_wconf 78' lang='grc' dir='ltr'><strong>είς</strong></span> <span class='ocrx_word' id='word_1_164' title='bbox 2826 1053 3080 1123; x_wconf 82' lang='grc' dir='ltr'>οὐρανοὺς</span> <span class='ocrx_word' id='word_1_165' title='bbox 3116 1054 3569 1109; x_wconf 76' lang='grc' dir='ltr'>ἀτωκατάστασιν.</span> <span class='ocrx_word' id='word_1_166' title='bbox 3624 1043 3853 1125; x_wconf 83' lang='grc' dir='ltr'>Νοήσεις</span> <span class='ocrx_word' id='word_1_167' title='bbox 3896 1055 3954 1108; x_wconf 84' lang='grc' dir='ltr'>δὲ</span> <span class='ocrx_word' id='word_1_168' title='bbox 3988 1055 4051 1108; x_wconf 81' lang='grc' dir='ltr'><strong>τὸ</strong></span> 
     </span>
    </p>
   </div>
   <div class='ocr_carea' id='block_1_24' title="bbox 2488 1143 4116 1215">
    <p class='ocr_par' dir='ltr' id='par_1_24' title="bbox 2488 1143 4116 1215">
     <span class='ocr_line' id='line_1_24' title="bbox 2488 1143 4116 1215; baseline 0.003 -22"><span class='ocrx_word' id='word_1_169' title='bbox 2488 1143 2803 1213; x_wconf 69' lang='grc' dir='ltr'><strong>λελεγμένον</strong></span> <span class='ocrx_word' id='word_1_170' title='bbox 2842 1146 2907 1197; x_wconf 69' lang='grc' dir='ltr'>ἐκ</span> <span class='ocrx_word' id='word_1_171' title='bbox 2955 1144 3048 1197; x_wconf 89' lang='grc' dir='ltr'><strong>τοῦ</strong></span> <span class='ocrx_word' id='word_1_172' title='bbox 3099 1144 3237 1198; x_wconf 82' lang='grc' dir='ltr'>κατὰ</span> <span class='ocrx_word' id='word_1_173' title='bbox 3280 1145 3369 1197; x_wconf 80' lang='grc' dir='ltr'><strong>τὸν</strong></span> <span class='ocrx_word' id='word_1_174' title='bbox 3412 1145 3559 1215; x_wconf 66' lang='grc' dir='ltr'>ἥλιον</span> <span class='ocrx_word' id='word_1_175' title='bbox 3590 1144 4045 1215; x_wconf 70' lang='grc' dir='ltr'><strong>παραδείγματος.</strong></span> <span class='ocrx_word' id='word_1_176' title='bbox 4112 1163 4116 1167; x_wconf 62' lang='lat'><em>‘</em></span> 
     </span>
    </p>
   </div>
   <div class='ocr_carea' id='block_1_25' title="bbox 2493 1226 4049 1309">
    <p class='ocr_par' dir='ltr' id='par_1_25' title="bbox 2493 1226 4049 1309">
     <span class='ocr_line' id='line_1_25' title="bbox 2493 1226 4049 1309; baseline 0 -21"><span class='ocrx_word' id='word_1_177' title='bbox 2493 1236 2706 1306; x_wconf 81' lang='grc' dir='ltr'>’Ὥσπερ</span> <span class='ocrx_word' id='word_1_178' title='bbox 2730 1236 2838 1308; x_wconf 85' lang='grc' dir='ltr'>γὰρ</span> <span class='ocrx_word' id='word_1_179' title='bbox 2884 1237 2913 1288; x_wconf 85' lang='grc' dir='ltr'><strong>ό</strong></span> <span class='ocrx_word' id='word_1_180' title='bbox 2954 1236 3101 1306; x_wconf 71' lang='grc' dir='ltr'>ἥλιος</span> <span class='ocrx_word' id='word_1_181' title='bbox 3124 1278 3139 1300; x_wconf 90' lang='grc'><strong>,</strong></span> <span class='ocrx_word' id='word_1_182' title='bbox 3188 1236 3328 1291; x_wconf 80' lang='grc' dir='ltr'>κατὰ</span> <span class='ocrx_word' id='word_1_183' title='bbox 3370 1237 3574 1309; x_wconf 80' lang='grc' dir='ltr'>δυσμάς</span> <span class='ocrx_word' id='word_1_184' title='bbox 3611 1226 3917 1308; x_wconf 87' lang='grc' dir='ltr'>γενό’μενος,</span> <span class='ocrx_word' id='word_1_185' title='bbox 3950 1237 4049 1306; x_wconf 81' lang='grc' dir='ltr'>τὴν</span> 
     </span>
    </p>
   </div>
   <div class='ocr_carea' id='block_1_26' title="bbox 2488 1323 4050 1397">
    <p class='ocr_par' dir='ltr' id='par_1_26' title="bbox 2488 1323 4050 1397">
     <span class='ocr_line' id='line_1_26' title="bbox 2488 1323 4050 1397; baseline 0 -20"><span class='ocrx_word' id='word_1_186' title='bbox 2488 1326 2665 1397; x_wconf 82' lang='grc' dir='ltr'>ἀφανῆ</span> <span class='ocrx_word' id='word_1_187' title='bbox 2695 1326 2917 1395; x_wconf 81' lang='grc' dir='ltr'>πορείαν</span> <span class='ocrx_word' id='word_1_188' title='bbox 2950 1329 3202 1390; x_wconf 82' lang='grc' dir='ltr'>ποιεῖται,</span> <span class='ocrx_word' id='word_1_189' title='bbox 3232 1323 3329 1381; x_wconf 72' lang='grc' dir='ltr'>εἶτ’</span> <span class='ocrx_word' id='word_1_190' title='bbox 3355 1328 3446 1380; x_wconf 70' lang='grc' dir='ltr'><strong>ἐπὶ</strong></span> <span class='ocrx_word' id='word_1_191' title='bbox 3480 1328 3571 1381; x_wconf 84' lang='grc' dir='ltr'>τὸν</span> <span class='ocrx_word' id='word_1_192' title='bbox 3602 1326 3909 1382; x_wconf 80' lang='grc' dir='ltr'><strong>ἀνατολικὸν</strong></span> <span class='ocrx_word' id='word_1_193' title='bbox 3936 1325 4050 1396; x_wconf 84' lang='grc' dir='ltr'>ὁρί-</span> 
     </span>
    </p>
   </div>
   <div class='ocr_carea' id='block_1_27' title="bbox 2496 1412 4053 1493">
    <p class='ocr_par' dir='ltr' id='par_1_27' title="bbox 2496 1412 4053 1493">
     <span class='ocr_line' id='line_1_27' title="bbox 2496 1412 4053 1493; baseline 0.001 -26"><span class='ocrx_word' id='word_1_194' title='bbox 2496 1414 2652 1479; x_wconf 81' lang='grc' dir='ltr'>ζοντα</span> <span class='ocrx_word' id='word_1_195' title='bbox 2707 1418 3083 1487; x_wconf 73' lang='grc' dir='ltr'><strong>καταντήσας,</strong></span> <span class='ocrx_word' id='word_1_196' title='bbox 3134 1418 3261 1471; x_wconf 76' lang='grc' dir='ltr'>εὐθὺ</span> <span class='ocrx_word' id='word_1_197' title='bbox 3301 1416 3396 1471; x_wconf 88' lang='grc' dir='ltr'><strong>τοῦ</strong></span> <span class='ocrx_word' id='word_1_198' title='bbox 3441 1416 3685 1488; x_wconf 79' lang='grc' dir='ltr'>ούρανοῦ</span> <span class='ocrx_word' id='word_1_199' title='bbox 3716 1416 3938 1493; x_wconf 80' lang='grc' dir='ltr'>φέρεται</span> <span class='ocrx_word' id='word_1_200' title='bbox 3982 1412 4053 1469; x_wconf 80' lang='grc' dir='ltr'>τὰ</span> 
     </span>
    </p>
   </div>
   <div class='ocr_carea' id='block_1_28' title="bbox 2496 1506 4050 1581">
    <p class='ocr_par' dir='ltr' id='par_1_28' title="bbox 2496 1506 4050 1581">
     <span class='ocr_line' id='line_1_28' title="bbox 2496 1506 4050 1581; baseline 0.001 -22"><span class='ocrx_word' id='word_1_201' title='bbox 2496 1506 2777 1577; x_wconf 87' lang='grc' dir='ltr'>σύμπαντα</span> <span class='ocrx_word' id='word_1_202' title='bbox 2809 1507 3054 1576; x_wconf 79' lang='grc' dir='ltr'><strong>φωτίζων</strong></span> <span class='ocrx_word' id='word_1_203' title='bbox 3083 1509 3175 1561; x_wconf 75' lang='grc' dir='ltr'><strong>καὶ</strong></span> <span class='ocrx_word' id='word_1_204' title='bbox 3219 1508 3470 1580; x_wconf 85' lang='grc' dir='ltr'>λαμπρὰν</span> <span class='ocrx_word' id='word_1_205' title='bbox 3502 1509 3713 1580; x_wconf 80' lang='grc' dir='ltr'><strong>ἡμέραν</strong></span> <span class='ocrx_word' id='word_1_206' title='bbox 3750 1507 4050 1581; x_wconf 75' lang='grc' dir='ltr'>ἐργαζόμε-</span> 
     </span>
    </p>
   </div>
   <div class='ocr_carea' id='block_1_29' title="bbox 2492 1599 4053 1679">
    <p class='ocr_par' dir='ltr' id='par_1_29' title="bbox 2492 1599 4053 1679">
     <span class='ocr_line' id='line_1_29' title="bbox 2492 1599 4053 1679; baseline -0.001 -28"><span class='ocrx_word' id='word_1_207' title='bbox 2492 1612 2597 1661; x_wconf 86' lang='grc' dir='ltr'>νος,</span> <span class='ocrx_word' id='word_1_208' title='bbox 2645 1599 2783 1652; x_wconf 85' lang='grc' dir='ltr'>κατὰ</span> <span class='ocrx_word' id='word_1_209' title='bbox 2822 1599 2915 1651; x_wconf 86' lang='grc' dir='ltr'><strong>τὸν</strong></span> <span class='ocrx_word' id='word_1_210' title='bbox 2963 1599 3122 1652; x_wconf 86' lang='grc' dir='ltr'>αὑτὸν</span> <span class='ocrx_word' id='word_1_211' title='bbox 3153 1599 3350 1670; x_wconf 85' lang='grc' dir='ltr'>τρόπον</span> <span class='ocrx_word' id='word_1_212' title='bbox 3397 1601 3488 1654; x_wconf 77' lang='grc' dir='ltr'>καὶ</span> <span class='ocrx_word' id='word_1_213' title='bbox 3514 1602 3567 1679; x_wconf 45' lang='grc' dir='ltr'>,ό</span> <span class='ocrx_word' id='word_1_214' title='bbox 3609 1599 3930 1670; x_wconf 84' lang='grc' dir='ltr'>δηλούμενος</span> <span class='ocrx_word' id='word_1_215' title='bbox 3967 1601 4053 1651; x_wconf 70' lang='grc' dir='ltr'><strong>ὲν-</strong></span> 
     </span>
    </p>
   </div>
   <div class='ocr_carea' id='block_1_30' title="bbox 2489 1679 4131 1761">
    <p class='ocr_par' dir='ltr' id='par_1_30' title="bbox 2489 1679 4131 1761">
     <span class='ocr_line' id='line_1_30' title="bbox 2489 1679 4131 1761; baseline 0.002 -21"><span class='ocrx_word' id='word_1_216' title='bbox 2489 1687 2665 1741; x_wconf 87' lang='grc' dir='ltr'>ταῦθα</span> <span class='ocrx_word' id='word_1_217' title='bbox 2697 1688 2918 1759; x_wconf 80' lang='grc' dir='ltr'>Κύριος,</span> <span class='ocrx_word' id='word_1_218' title='bbox 2962 1689 3058 1758; x_wconf 82' lang='grc' dir='ltr'>τὴν</span> <span class='ocrx_word' id='word_1_219' title='bbox 3100 1679 3443 1744; x_wconf 75' lang='grc' dir='ltr'><strong>ἀποδοθεῖσαν</strong></span> <span class='ocrx_word' id='word_1_220' title='bbox 3491 1691 3781 1759; x_wconf 75' lang='grc' dir='ltr'>κατάδυσιν</span> <span class='ocrx_word' id='word_1_221' title='bbox 3823 1690 4131 1761; x_wconf 82' lang='grc' dir='ltr'>ποιησά-</span> 
     </span>
    </p>
   </div>
   <div class='ocr_carea' id='block_1_31' title="bbox 2495 1770 4137 1851">
    <p class='ocr_par' dir='ltr' id='par_1_31' title="bbox 2495 1770 4137 1851">
     <span class='ocr_line' id='line_1_31' title="bbox 2495 1770 4137 1851; baseline 0.001 -21"><span class='ocrx_word' id='word_1_222' title='bbox 2495 1796 2651 1848; x_wconf 82' lang='grc' dir='ltr'>μενος</span> <span class='ocrx_word' id='word_1_223' title='bbox 2694 1778 2834 1831; x_wconf 87' lang='grc' dir='ltr'>κατὰ</span> <span class='ocrx_word' id='word_1_224' title='bbox 2863 1780 2952 1832; x_wconf 83' lang='grc' dir='ltr'>τὸν</span> <span class='ocrx_word' id='word_1_225' title='bbox 2983 1778 3171 1851; x_wconf 81' lang='grc' dir='ltr'>καιρὸν</span> <span class='ocrx_word' id='word_1_226' title='bbox 3201 1778 3291 1844; x_wconf 85' lang='grc' dir='ltr'><strong>τοῦ</strong></span> <span class='ocrx_word' id='word_1_227' title='bbox 3327 1780 3528 1845; x_wconf 79' lang='grc' dir='ltr'><strong>πάθους</strong></span> <span class='ocrx_word' id='word_1_228' title='bbox 3555 1783 3648 1835; x_wconf 78' lang='grc' dir='ltr'>καὶ</span> <span class='ocrx_word' id='word_1_229' title='bbox 3674 1779 3772 1834; x_wconf 86' lang='grc' dir='ltr'><strong>τοῦ</strong></span> <span class='ocrx_word' id='word_1_230' title='bbox 3803 1779 4053 1840; x_wconf 85' lang='grc' dir='ltr'>θανάτου,</span> <span class='ocrx_word' id='word_1_231' title='bbox 4128 1770 4137 1779; x_wconf 60' lang='grc'>”</span> 
     </span>
    </p>
   </div>
   <div class='ocr_carea' id='block_1_32' title="bbox 837 1870 4051 1946">
    <p class='ocr_par' dir='ltr' id='par_1_32' title="bbox 837 1870 4051 1946">
     <span class='ocr_line' id='line_1_32' title="bbox 837 1870 4051 1946; baseline -0.001 -19"><span class='ocrx_word' id='word_1_232' title='bbox 837 1874 931 1945; x_wconf 80' lang='grc' dir='ltr'>τὴν</span> <span class='ocrx_word' id='word_1_233' title='bbox 982 1874 1160 1945; x_wconf 84' lang='grc' dir='ltr'>χώραν</span> <span class='ocrx_word' id='word_1_234' title='bbox 1207 1875 1596 1946; x_wconf 77' lang='grc' dir='ltr'>διαπορευθεὶς,</span> <span class='ocrx_word' id='word_1_235' title='bbox 1645 1878 1779 1946; x_wconf 80' lang='grc' dir='ltr'>μετὰ</span> <span class='ocrx_word' id='word_1_236' title='bbox 1801 1876 1968 1929; x_wconf 80' lang='grc' dir='ltr'>ταῦτα</span> <span class='ocrx_word' id='word_1_237' title='bbox 2012 1874 2224 1941; x_wconf 80' lang='grc' dir='ltr'>λέγεται</span> <span class='ocrx_word' id='word_1_238' title='bbox 2257 1870 2645 1939; x_wconf 75' lang='grc' dir='ltr'>ἀναϐεϐηκέναι</span> <span class='ocrx_word' id='word_1_239' title='bbox 2708 1872 2799 1925; x_wconf 66' lang='grc' dir='ltr'>ἐπὶ</span> <span class='ocrx_word' id='word_1_240' title='bbox 2844 1873 2934 1926; x_wconf 87' lang='grc' dir='ltr'>τὸν</span> <span class='ocrx_word' id='word_1_241' title='bbox 2978 1873 3202 1945; x_wconf 78' lang='grc' dir='ltr'>οὐρανὸν</span> <span class='ocrx_word' id='word_1_242' title='bbox 3264 1874 3356 1928; x_wconf 89' lang='grc' dir='ltr'><strong>τοῦ</strong></span> <span class='ocrx_word' id='word_1_243' title='bbox 3420 1875 3643 1945; x_wconf 85' lang='grc' dir='ltr'>ούρανοῦ</span> <span class='ocrx_word' id='word_1_244' title='bbox 3683 1876 3800 1928; x_wconf 88' lang='grc' dir='ltr'>κατ’</span> <span class='ocrx_word' id='word_1_245' title='bbox 3860 1874 4051 1925; x_wconf 78' lang='grc' dir='ltr'>ἀνα-το·-</span> 
     </span>
    </p>
   </div>
   <div class='ocr_carea' id='block_1_33' title="bbox 836 1964 3138 2047">
    <p class='ocr_par' dir='ltr' id='par_1_33' title="bbox 836 1964 3138 2047">
     <span class='ocr_line' id='line_1_33' title="bbox 836 1964 3138 2047; baseline 0.002 -30"><span class='ocrx_word' id='word_1_246' title='bbox 836 1965 948 2027; x_wconf 73' lang='grc' dir='ltr'>λάς.</span> <span class='ocrx_word' id='word_1_247' title='bbox 988 1967 1610 2047; x_wconf 16' lang='grc' dir='ltr'>ΚατὰδὲτὸνὶἈκύλαν,</span> <span class='ocrx_word' id='word_1_248' title='bbox 1654 1985 1671 2017; x_wconf 78' lang='grc' dir='ltr'><strong>ι</strong></span> <span class='ocrx_word' id='word_1_249' title='bbox 1708 1968 1797 2038; x_wconf 80' lang='grc' dir='ltr'><strong>Τῷ</strong></span> <span class='ocrx_word' id='word_1_250' title='bbox 1830 1965 2173 2037; x_wconf 76' lang='grc' dir='ltr'>ὲπιὸεὸηκότι</span> <span class='ocrx_word' id='word_1_251' title='bbox 2214 1968 2270 2018; x_wconf 81' lang='grc' dir='ltr'>ἐν</span> <span class='ocrx_word' id='word_1_252' title='bbox 2329 1966 2543 2037; x_wconf 86' lang='grc' dir='ltr'>οὐρανῷ</span> <span class='ocrx_word' id='word_1_253' title='bbox 2574 1964 2801 2037; x_wconf 88' lang='grc' dir='ltr'>ούρανοῦ</span> <span class='ocrx_word' id='word_1_254' title='bbox 2842 1967 3076 2037; x_wconf 83' lang='grc' dir='ltr'>ἀρχῆθεν</span> <span class='ocrx_word' id='word_1_255' title='bbox 3124 1984 3138 1997; x_wconf 83' lang='grc'><strong>’</strong></span> 
     </span>
    </p>
   </div>
   <div class='ocr_carea' id='block_1_34' title="bbox 3213 1966 4053 2037">
    <p class='ocr_par' dir='ltr' id='par_1_34' title="bbox 3213 1966 4053 2037">
     <span class='ocr_line' id='line_1_34' title="bbox 3213 1966 4053 2037; baseline -0.005 -16"><span class='ocrx_word' id='word_1_256' title='bbox 3213 1986 3232 2021; x_wconf 77' lang='grc' dir='ltr'><strong>ι</strong></span> <span class='ocrx_word' id='word_1_257' title='bbox 3298 1970 3452 2023; x_wconf 80' lang='grc' dir='ltr'>Κατὰ</span> <span class='ocrx_word' id='word_1_258' title='bbox 3499 1970 3558 2022; x_wconf 78' lang='grc' dir='ltr'>δὲ</span> <span class='ocrx_word' id='word_1_259' title='bbox 3607 1970 3697 2022; x_wconf 85' lang='grc' dir='ltr'>τὸν</span> <span class='ocrx_word' id='word_1_260' title='bbox 3740 1966 4053 2037; x_wconf 80' lang='grc' dir='ltr'>Σύμμαχον,</span> 
     </span>
    </p>
   </div>
   <div class='ocr_carea' id='block_1_35' title="bbox 841 2056 4055 2131">
    <p class='ocr_par' dir='ltr' id='par_1_35' title="bbox 841 2056 4055 2131">
     <span class='ocr_line' id='line_1_35' title="bbox 841 2056 4055 2131; baseline 0 -23"><span class='ocrx_word' id='word_1_261' title='bbox 841 2076 859 2108; x_wconf 74' lang='grc' dir='ltr'><strong>ι</strong></span> <span class='ocrx_word' id='word_1_262' title='bbox 900 2056 987 2128; x_wconf 80' lang='grc' dir='ltr'>Τῷ</span> <span class='ocrx_word' id='word_1_263' title='bbox 1015 2059 1353 2130; x_wconf 69' lang='grc' dir='ltr'>ἐποχουμένῳ</span> <span class='ocrx_word' id='word_1_264' title='bbox 1399 2060 1491 2111; x_wconf 65' lang='grc' dir='ltr'><strong>ἐπὶ</strong></span> <span class='ocrx_word' id='word_1_265' title='bbox 1532 2059 1622 2111; x_wconf 81' lang='grc' dir='ltr'><strong>τὸν</strong></span> <span class='ocrx_word' id='word_1_266' title='bbox 1671 2060 1898 2129; x_wconf 83' lang='grc' dir='ltr'>οὐρανὸν</span> <span class='ocrx_word' id='word_1_267' title='bbox 1932 2059 2022 2113; x_wconf 89' lang='grc' dir='ltr'><strong>τοῦ</strong></span> <span class='ocrx_word' id='word_1_268' title='bbox 2062 2058 2288 2131; x_wconf 82' lang='grc' dir='ltr'>ούρανοῦ</span> <span class='ocrx_word' id='word_1_269' title='bbox 2357 2061 2420 2112; x_wconf 75' lang='grc' dir='ltr'>ὲκ</span> <span class='ocrx_word' id='word_1_270' title='bbox 2452 2058 2692 2130; x_wconf 86' lang='grc' dir='ltr'>πρώτης,</span> <span class='ocrx_word' id='word_1_271' title='bbox 2742 2077 2761 2111; x_wconf 74' lang='grc' dir='ltr'><strong>ι</strong></span> <span class='ocrx_word' id='word_1_272' title='bbox 2817 2059 3051 2130; x_wconf 75' lang='grc' dir='ltr'>εἴρηται.</span> <span class='ocrx_word' id='word_1_273' title='bbox 3085 2060 3157 2113; x_wconf 84' lang='grc' dir='ltr'><strong>Τὸ</strong></span> <span class='ocrx_word' id='word_1_274' title='bbox 3195 2060 3271 2124; x_wconf 80' lang='grc' dir='ltr'>δὲ,</span> <span class='ocrx_word' id='word_1_275' title='bbox 3303 2080 3322 2112; x_wconf 79' lang='grc' dir='ltr'><strong>ι</strong></span> <span class='ocrx_word' id='word_1_276' title='bbox 3348 2063 3411 2114; x_wconf 82' lang='grc' dir='ltr'>ὲκ</span> <span class='ocrx_word' id='word_1_277' title='bbox 3442 2059 3659 2131; x_wconf 86' lang='grc' dir='ltr'>πρώτης</span> <span class='ocrx_word' id='word_1_278' title='bbox 3690 2077 3710 2111; x_wconf 73' lang='grc' dir='ltr'><strong><em>ι</em></strong></span> <span class='ocrx_word' id='word_1_279' title='bbox 3738 2059 3849 2123; x_wconf 77' lang='grc' dir='ltr'>καὶ,</span> <span class='ocrx_word' id='word_1_280' title='bbox 3882 2076 3900 2109; x_wconf 78' lang='grc' dir='ltr'><strong>ι</strong></span> <span class='ocrx_word' id='word_1_281' title='bbox 3956 2058 4055 2127; x_wconf 81' lang='grc' dir='ltr'>άρ·</span> 
     </span>
    </p>
   </div>
   <div class='ocr_carea' id='block_1_36' title="bbox 834 2146 4054 2241">
    <p class='ocr_par' dir='ltr' id='par_1_36' title="bbox 834 2146 4054 2241">
     <span class='ocr_line' id='line_1_36' title="bbox 834 2146 4054 2241; baseline -0.002 -34"><span class='ocrx_word' id='word_1_282' title='bbox 834 2153 1015 2223; x_wconf 81' lang='grc' dir='ltr'>χῆθεν,</span> <span class='ocrx_word' id='word_1_283' title='bbox 1049 2172 1068 2205; x_wconf 77' lang='grc' dir='ltr'><strong>ι</strong></span> <span class='ocrx_word' id='word_1_284' title='bbox 1103 2155 1311 2223; x_wconf 82' lang='grc' dir='ltr'>νοήσεις</span> <span class='ocrx_word' id='word_1_285' title='bbox 1354 2152 1516 2206; x_wconf 78' lang='grc' dir='ltr'>αὐτοῦ</span> <span class='ocrx_word' id='word_1_286' title='bbox 1549 2154 1797 2222; x_wconf 85' lang='grc' dir='ltr'>λέγοντος</span> <span class='ocrx_word' id='word_1_287' title='bbox 1840 2153 2052 2207; x_wconf 83' lang='grc' dir='ltr'>ἀκούων</span> <span class='ocrx_word' id='word_1_288' title='bbox 2082 2154 2177 2207; x_wconf 86' lang='grc' dir='ltr'><strong>τοῦ</strong></span> <span class='ocrx_word' id='word_1_289' title='bbox 2212 2154 2457 2225; x_wconf 80' lang='grc' dir='ltr'>Σωτῆρος</span> <span class='ocrx_word' id='word_1_290' title='bbox 2499 2171 2513 2185; x_wconf 88' lang='grc'>·</span> <span class='ocrx_word' id='word_1_291' title='bbox 2549 2173 2567 2205; x_wconf 77' lang='grc' dir='ltr'><strong>ι</strong></span> <span class='ocrx_word' id='word_1_292' title='bbox 2607 2154 2806 2225; x_wconf 85' lang='grc' dir='ltr'>Πάτερ,</span> <span class='ocrx_word' id='word_1_293' title='bbox 2853 2153 3072 2219; x_wconf 81' lang='grc' dir='ltr'>δόξασόν</span> <span class='ocrx_word' id='word_1_294' title='bbox 3123 2172 3189 2227; x_wconf 84' lang='grc' dir='ltr'><strong>με</strong></span> <span class='ocrx_word' id='word_1_295' title='bbox 3235 2158 3299 2225; x_wconf 77' lang='grc' dir='ltr'>τῇ</span> <span class='ocrx_word' id='word_1_296' title='bbox 3584 2148 3726 2223; x_wconf 75' lang='grc' dir='ltr'>εἶχον</span> <span class='ocrx_word' id='word_1_297' title='bbox 3791 2150 3897 2221; x_wconf 85' lang='grc' dir='ltr'><strong>πρὸ</strong></span> <span class='ocrx_word' id='word_1_298' title='bbox 3957 2146 4054 2201; x_wconf 88' lang='grc' dir='ltr'><strong>τοῦ</strong></span> 
     </span>
    </p>
   </div>
   <div class='ocr_carea' id='block_1_37' title="bbox 833 2240 1716 2315">
    <p class='ocr_par' dir='ltr' id='par_1_37' title="bbox 833 2240 1716 2315">
     <span class='ocr_line' id='line_1_37' title="bbox 833 2240 1716 2315; baseline 0.002 -20"><span class='ocrx_word' id='word_1_299' title='bbox 833 2244 925 2296; x_wconf 86' lang='grc' dir='ltr'><strong>τὸν</strong></span> <span class='ocrx_word' id='word_1_300' title='bbox 958 2242 1160 2313; x_wconf 79' lang='grc' dir='ltr'>κόσμον</span> <span class='ocrx_word' id='word_1_301' title='bbox 1194 2240 1331 2297; x_wconf 82' lang='grc' dir='ltr'>εἶναι</span> <span class='ocrx_word' id='word_1_302' title='bbox 1366 2243 1517 2315; x_wconf 81' lang='grc' dir='ltr'>παρὰ</span> <span class='ocrx_word' id='word_1_303' title='bbox 1549 2245 1648 2298; x_wconf 91' lang='grc' dir='ltr'>σοί.</span> <span class='ocrx_word' id='word_1_304' title='bbox 1695 2263 1716 2297; x_wconf 77' lang='grc' dir='ltr'><strong>ι</strong></span> 
     </span>
    </p>
   </div>
   <div class='ocr_carea' id='block_1_38' title="bbox 908 2354 2606 2445">
    <p class='ocr_par' dir='ltr' id='par_1_38' title="bbox 908 2354 2586 2426">
     <span class='ocr_line' id='line_1_38' title="bbox 908 2354 2586 2426; baseline 0.007 -17"><span class='ocrx_word' id='word_1_305' title='bbox 908 2354 1071 2411; x_wconf 68' lang='lat' dir='ltr'><strong>Vns.</strong></span> <span class='ocrx_word' id='word_1_306' title='bbox 1104 2356 1287 2412; x_wconf 78' lang='lat' dir='ltr'><strong>5l-56.</strong></span> <span class='ocrx_word' id='word_1_307' title='bbox 1325 2376 1344 2408; x_wconf 79' lang='grc' dir='ltr'><strong>ι</strong></span> <span class='ocrx_word' id='word_1_308' title='bbox 1370 2358 1507 2414; x_wconf 86' lang='lat' dir='ltr'><strong>Ecce</strong></span> <span class='ocrx_word' id='word_1_309' title='bbox 1537 2359 1689 2414; x_wconf 85' lang='lat' dir='ltr'><strong>dabit</strong></span> <span class='ocrx_word' id='word_1_310' title='bbox 1721 2360 1837 2413; x_wconf 85' lang='lat' dir='ltr'><strong>voci</strong></span> <span class='ocrx_word' id='word_1_311' title='bbox 1896 2374 2008 2415; x_wconf 67' lang='lat' dir='ltr'><strong>suae</strong></span> <span class='ocrx_word' id='word_1_312' title='bbox 2049 2365 2232 2415; x_wconf 81' lang='lat' dir='ltr'><strong>vocem</strong></span> <span class='ocrx_word' id='word_1_313' title='bbox 2286 2361 2395 2414; x_wconf 91' lang='lat' dir='ltr'><strong>vir-</strong></span> <span class='ocrx_word' id='word_1_314' title='bbox 2426 2365 2470 2420; x_wconf 86' lang='grc' dir='ltr'><strong>Β</strong></span> <span class='ocrx_word' id='word_1_315' title='bbox 2567 2394 2586 2426; x_wconf 72' lang='grc' dir='ltr'>ι</span> 
     </span>
    </p>
   </div>
   <div class='ocr_carea' id='block_1_39' title="bbox 2448 2354 4146 2445">
    <p class='ocr_par' dir='ltr' id='par_1_39' title="bbox 2448 2366 4047 2445">
     <span class='ocr_line' id='line_1_39' title="bbox 2448 2366 4047 2445; baseline -0.001 -19"><span class='ocrx_word' id='word_1_316' title='bbox 2448 2366 2470 2420; x_wconf 61' lang='lat'><strong>3</strong></span> <span class='ocrx_word' id='word_1_317' title='bbox 2567 2394 2586 2426; x_wconf 73' lang='grc' dir='ltr'><strong>ι</strong></span> <span class='ocrx_word' id='word_1_318' title='bbox 2636 2374 2763 2428; x_wconf 82' lang='grc' dir='ltr'>Ἰδοὺ</span> <span class='ocrx_word' id='word_1_319' title='bbox 2808 2372 2966 2427; x_wconf 84' lang='grc' dir='ltr'>δώσει</span> <span class='ocrx_word' id='word_1_320' title='bbox 3009 2377 3076 2445; x_wconf 77' lang='grc' dir='ltr'>τῇ</span> <span class='ocrx_word' id='word_1_321' title='bbox 3128 2376 3275 2445; x_wconf 78' lang='grc' dir='ltr'>φωνῇ</span> <span class='ocrx_word' id='word_1_322' title='bbox 3325 2372 3487 2425; x_wconf 84' lang='grc' dir='ltr'>αὐτοῦ</span> <span class='ocrx_word' id='word_1_323' title='bbox 3533 2372 3711 2443; x_wconf 82' lang='grc' dir='ltr'>φωνὴν</span> <span class='ocrx_word' id='word_1_324' title='bbox 3751 2371 4047 2444; x_wconf 51' lang='grc' dir='ltr'>δυνάμεως</span> 
     </span>
    </p>
   </div>
   <div class='ocr_carea' id='block_1_40' title="bbox 837 2447 2381 2520">
    <p class='ocr_par' dir='ltr' id='par_1_40' title="bbox 837 2447 2381 2520">
     <span class='ocr_line' id='line_1_40' title="bbox 837 2447 2381 2520; baseline 0.004 -22"><span class='ocrx_word' id='word_1_325' title='bbox 837 2447 992 2511; x_wconf 86' lang='lat' dir='ltr'><strong>tutis,</strong></span> <span class='ocrx_word' id='word_1_326' title='bbox 1052 2448 1174 2503; x_wconf 88' lang='lat' dir='ltr'><strong>date</strong></span> <span class='ocrx_word' id='word_1_327' title='bbox 1209 2451 1433 2519; x_wconf 80' lang='lat' dir='ltr'><strong>gloriam</strong></span> <span class='ocrx_word' id='word_1_328' title='bbox 1482 2449 1589 2505; x_wconf 88' lang='lat' dir='ltr'><strong>Deo</strong></span> <span class='ocrx_word' id='word_1_329' title='bbox 1649 2466 1811 2520; x_wconf 86' lang='lat' dir='ltr'><strong>super</strong></span> <span class='ocrx_word' id='word_1_330' title='bbox 1855 2448 2075 2506; x_wconf 64' lang='lat' dir='ltr'><strong>Israel.»</strong></span> <span class='ocrx_word' id='word_1_331' title='bbox 2126 2450 2381 2505; x_wconf 86' lang='lat' dir='ltr'><strong>Notitiam</strong></span> 
     </span>
    </p>
   </div>
   <div class='ocr_carea' id='block_1_41' title="bbox 838 2538 2383 2609">
    <p class='ocr_par' dir='ltr' id='par_1_41' title="bbox 838 2538 2383 2609">
     <span class='ocr_line' id='line_1_41' title="bbox 838 2538 2383 2609; baseline 0.003 -16"><span class='ocrx_word' id='word_1_332' title='bbox 838 2539 1037 2609; x_wconf 63' lang='lat' dir='ltr'><strong>prabet</strong></span> <span class='ocrx_word' id='word_1_333' title='bbox 1062 2540 1345 2594; x_wconf 86' lang='lat' dir='ltr'><strong>memorati</strong></span> <span class='ocrx_word' id='word_1_334' title='bbox 1384 2538 1596 2594; x_wconf 88' lang='lat' dir='ltr'><strong>Domini</strong></span> <span class='ocrx_word' id='word_1_335' title='bbox 1619 2542 1809 2597; x_wconf 89' lang='lat' dir='ltr'><strong>dicens</strong></span> <span class='ocrx_word' id='word_1_336' title='bbox 1838 2560 1852 2596; x_wconf 96' lang='lat'><strong>:</strong></span> <span class='ocrx_word' id='word_1_337' title='bbox 1879 2562 1897 2595; x_wconf 74' lang='grc' dir='ltr'><strong>ι</strong></span> <span class='ocrx_word' id='word_1_338' title='bbox 1927 2542 2065 2597; x_wconf 88' lang='lat' dir='ltr'><strong>Ecce</strong></span> <span class='ocrx_word' id='word_1_339' title='bbox 2096 2538 2244 2597; x_wconf 79' lang='lat' dir='ltr'><strong>dabit</strong></span> <span class='ocrx_word' id='word_1_340' title='bbox 2265 2544 2383 2597; x_wconf 89' lang='lat' dir='ltr'><strong>voci</strong></span> 
     </span>
    </p>
   </div>
   <div class='ocr_carea' id='block_1_42' title="bbox 837 2627 2386 2685">
    <p class='ocr_par' dir='ltr' id='par_1_42' title="bbox 837 2627 2386 2685">
     <span class='ocr_line' id='line_1_42' title="bbox 837 2627 2386 2685; baseline 0.002 -3"><span class='ocrx_word' id='word_1_341' title='bbox 837 2642 950 2682; x_wconf 64' lang='lat' dir='ltr'><strong>sua</strong></span> <span class='ocrx_word' id='word_1_342' title='bbox 983 2642 1172 2682; x_wconf 90' lang='lat' dir='ltr'><strong>vocem</strong></span> <span class='ocrx_word' id='word_1_343' title='bbox 1208 2628 1479 2681; x_wconf 63' lang='lat' dir='ltr'><strong>virtutis.»</strong></span> <span class='ocrx_word' id='word_1_344' title='bbox 1523 2627 1624 2683; x_wconf 85' lang='lat' dir='ltr'><strong>Hic</strong></span> <span class='ocrx_word' id='word_1_345' title='bbox 1678 2646 1804 2685; x_wconf 90' lang='lat' dir='ltr'><strong>vere</strong></span> <span class='ocrx_word' id='word_1_346' title='bbox 1837 2630 1963 2685; x_wconf 85' lang='lat' dir='ltr'><strong>licet</strong></span> <span class='ocrx_word' id='word_1_347' title='bbox 2017 2630 2241 2684; x_wconf 78' lang='lat' dir='ltr'><strong>formam</strong></span> <span class='ocrx_word' id='word_1_348' title='bbox 2291 2632 2386 2685; x_wconf 87' lang='lat' dir='ltr'><strong>de-</strong></span> 
     </span>
    </p>
   </div>
   <div class='ocr_carea' id='block_1_43' title="bbox 834 2718 2381 2794">
    <p class='ocr_par' dir='ltr' id='par_1_43' title="bbox 834 2718 2381 2794">
     <span class='ocr_line' id='line_1_43' title="bbox 834 2718 2381 2794; baseline 0.002 -21"><span class='ocrx_word' id='word_1_349' title='bbox 834 2720 1072 2775; x_wconf 79' lang='lat' dir='ltr'><strong>scribere</strong></span> <span class='ocrx_word' id='word_1_350' title='bbox 1114 2718 1331 2773; x_wconf 88' lang='lat' dir='ltr'><strong>virtutis</strong></span> <span class='ocrx_word' id='word_1_351' title='bbox 1363 2719 1481 2789; x_wconf 89' lang='lat' dir='ltr'><strong>ejus</strong></span> <span class='ocrx_word' id='word_1_352' title='bbox 1504 2760 1519 2783; x_wconf 90' lang='lat'><strong>,</strong></span> <span class='ocrx_word' id='word_1_353' title='bbox 1552 2721 1644 2791; x_wconf 90' lang='lat' dir='ltr'><strong>qui</strong></span> <span class='ocrx_word' id='word_1_354' title='bbox 1673 2739 1692 2772; x_wconf 76' lang='grc' dir='ltr'><strong>ι</strong></span> <span class='ocrx_word' id='word_1_355' title='bbox 1723 2721 1777 2775; x_wconf 94' lang='lat' dir='ltr'><strong>in</strong></span> <span class='ocrx_word' id='word_1_356' title='bbox 1807 2721 2073 2792; x_wconf 88' lang='lat' dir='ltr'><strong>principio</strong></span> <span class='ocrx_word' id='word_1_357' title='bbox 2095 2730 2211 2777; x_wconf 86' lang='lat' dir='ltr'><strong>erat</strong></span> <span class='ocrx_word' id='word_1_358' title='bbox 2242 2722 2381 2794; x_wconf 89' lang='lat' dir='ltr'><strong>apud</strong></span> 
     </span>
    </p>
   </div>
   <div class='ocr_carea' id='block_1_44' title="bbox 826 2795 2381 2883">
    <p class='ocr_par' dir='ltr' id='par_1_44' title="bbox 826 2795 2381 2883">
     <span class='ocr_line' id='line_1_44' title="bbox 826 2795 2381 2883; baseline 0.003 -20"><span class='ocrx_word' id='word_1_359' title='bbox 826 2795 1003 2865; x_wconf 47' lang='lat' dir='ltr'><strong>&#39;Deum</strong></span> <span class='ocrx_word' id='word_1_360' title='bbox 1020 2811 1087 2876; x_wconf 82' lang='lat'><strong>&quot;,</strong></span> <span class='ocrx_word' id='word_1_361' title='bbox 1124 2828 1140 2862; x_wconf 82' lang='grc' dir='ltr'><strong>ι</strong></span> <span class='ocrx_word' id='word_1_362' title='bbox 1170 2809 1263 2866; x_wconf 86' lang='lat' dir='ltr'><strong>Dei</strong></span> <span class='ocrx_word' id='word_1_363' title='bbox 1293 2809 1475 2875; x_wconf 81' lang='lat' dir='ltr'><strong>Verbi,</strong></span> <span class='ocrx_word' id='word_1_364' title='bbox 1507 2812 1649 2883; x_wconf 87' lang='lat' dir='ltr'><strong>quod</strong></span> <span class='ocrx_word' id='word_1_365' title='bbox 1674 2828 1774 2868; x_wconf 87' lang='lat' dir='ltr'><strong>vox</strong></span> <span class='ocrx_word' id='word_1_366' title='bbox 1801 2814 1919 2881; x_wconf 89' lang='lat' dir='ltr'><strong>ejus</strong></span> <span class='ocrx_word' id='word_1_367' title='bbox 1963 2828 2069 2867; x_wconf 92' lang='lat' dir='ltr'><strong>non</strong></span> <span class='ocrx_word' id='word_1_368' title='bbox 2104 2813 2381 2867; x_wconf 90' lang='lat' dir='ltr'><strong>hominum</strong></span> 
     </span>
    </p>
   </div>
   <div class='ocr_carea' id='block_1_45' title="bbox 834 2903 2377 2977">
    <p class='ocr_par' dir='ltr' id='par_1_45' title="bbox 834 2903 2377 2977">
     <span class='ocr_line' id='line_1_45' title="bbox 834 2903 2377 2977; baseline 0.002 -23"><span class='ocrx_word' id='word_1_369' title='bbox 834 2904 952 2958; x_wconf 90' lang='lat' dir='ltr'><strong>voci</strong></span> <span class='ocrx_word' id='word_1_370' title='bbox 999 2903 1216 2970; x_wconf 75' lang='lat' dir='ltr'><strong>similis,</strong></span> <span class='ocrx_word' id='word_1_371' title='bbox 1269 2903 1365 2959; x_wconf 87' lang='lat' dir='ltr'><strong>sed</strong></span> <span class='ocrx_word' id='word_1_372' title='bbox 1408 2904 1591 2959; x_wconf 85' lang='lat' dir='ltr'><strong>divina</strong></span> <span class='ocrx_word' id='word_1_373' title='bbox 1639 2909 1840 2961; x_wconf 90' lang='lat' dir='ltr'><strong>virtute</strong></span> <span class='ocrx_word' id='word_1_374' title='bbox 1892 2907 2049 2977; x_wconf 84' lang='lat' dir='ltr'><strong>plena</strong></span> <span class='ocrx_word' id='word_1_375' title='bbox 2102 2908 2191 2961; x_wconf 81' lang='lat' dir='ltr'><strong>sit.</strong></span> <span class='ocrx_word' id='word_1_376' title='bbox 2242 2905 2377 2960; x_wconf 80' lang='lat' dir='ltr'><strong>Nam</strong></span> 
     </span>
    </p>
   </div>
   <div class='ocr_carea' id='block_1_46' title="bbox 840 2993 2385 3067">
    <p class='ocr_par' dir='ltr' id='par_1_46' title="bbox 840 2993 2385 3067">
     <span class='ocr_line' id='line_1_46' title="bbox 840 2993 2385 3067; baseline 0.002 -20"><span class='ocrx_word' id='word_1_377' title='bbox 840 2993 1048 3059; x_wconf 73' lang='lat' dir='ltr'><strong>«dabit,</strong></span> <span class='ocrx_word' id='word_1_378' title='bbox 1112 2996 1307 3067; x_wconf 85' lang='lat' dir='ltr'><strong>inquit,</strong></span> <span class='ocrx_word' id='word_1_379' title='bbox 1376 2997 1496 3051; x_wconf 90' lang='lat' dir='ltr'><strong>voci</strong></span> <span class='ocrx_word' id='word_1_380' title='bbox 1553 2994 1673 3052; x_wconf 63' lang='lat' dir='ltr'><strong>sua:</strong></span> <span class='ocrx_word' id='word_1_381' title='bbox 1708 3012 1895 3052; x_wconf 88' lang='lat' dir='ltr'><strong>vocem</strong></span> <span class='ocrx_word' id='word_1_382' title='bbox 1958 3000 2236 3051; x_wconf 65' lang='lat' dir='ltr'><strong>virtutis.»</strong></span> <span class='ocrx_word' id='word_1_383' title='bbox 2282 2996 2385 3050; x_wconf 80' lang='lat' dir='ltr'><strong>Su-</strong></span> 
     </span>
    </p>
   </div>
   <div class='ocr_carea' id='block_1_47' title="bbox 838 3087 2381 3166">
    <p class='ocr_par' dir='ltr' id='par_1_47' title="bbox 838 3087 2381 3166">
     <span class='ocr_line' id='line_1_47' title="bbox 838 3087 2381 3166; baseline 0 -25"><span class='ocrx_word' id='word_1_384' title='bbox 838 3087 1018 3153; x_wconf 81' lang='lat' dir='ltr'><strong>perius</strong></span> <span class='ocrx_word' id='word_1_385' title='bbox 1049 3088 1177 3143; x_wconf 87' lang='lat' dir='ltr'><strong>item</strong></span> <span class='ocrx_word' id='word_1_386' title='bbox 1208 3088 1492 3143; x_wconf 83' lang='lat' dir='ltr'><strong>dicebatur</strong></span> <span class='ocrx_word' id='word_1_387' title='bbox 1530 3107 1544 3143; x_wconf 94' lang='lat'><strong>:</strong></span> <span class='ocrx_word' id='word_1_388' title='bbox 1600 3107 1619 3139; x_wconf 72' lang='grc' dir='ltr'><strong><em>ο</em></strong></span> <span class='ocrx_word' id='word_1_389' title='bbox 1650 3089 1918 3166; x_wconf 40' lang='lat' dir='ltr'><strong>Dominus;</strong></span> <span class='ocrx_word' id='word_1_390' title='bbox 1962 3089 2112 3144; x_wconf 87' lang='lat' dir='ltr'><strong>dabit</strong></span> <span class='ocrx_word' id='word_1_391' title='bbox 2154 3090 2381 3144; x_wconf 84' lang='lat' dir='ltr'><strong>verbum</strong></span> 
     </span>
    </p>
   </div>
   <div class='ocr_carea' id='block_1_48' title="bbox 852 3172 2381 3247">
    <p class='ocr_par' dir='ltr' id='par_1_48' title="bbox 852 3172 2381 3247">
     <span class='ocr_line' id='line_1_48' title="bbox 852 3172 2381 3247; baseline 0.003 -17"><span class='ocrx_word' id='word_1_392' title='bbox 852 3172 1348 3247; x_wconf 74' lang='lat' dir='ltr'><strong>:vangclizantibus,</strong></span> <span class='ocrx_word' id='word_1_393' title='bbox 1401 3179 1602 3235; x_wconf 89' lang='lat' dir='ltr'><strong>virtute</strong></span> <span class='ocrx_word' id='word_1_394' title='bbox 1650 3181 1871 3234; x_wconf 64' lang='lat' dir='ltr'><strong>multa.»</strong></span> <span class='ocrx_word' id='word_1_395' title='bbox 1915 3180 2054 3247; x_wconf 88' lang='lat' dir='ltr'><strong>Quia</strong></span> <span class='ocrx_word' id='word_1_396' title='bbox 2087 3182 2229 3236; x_wconf 84' lang='lat' dir='ltr'><strong>enim</strong></span> <span class='ocrx_word' id='word_1_397' title='bbox 2281 3196 2381 3235; x_wconf 92' lang='lat' dir='ltr'><strong>vox</strong></span> 
     </span>
    </p>
   </div>
   <div class='ocr_carea' id='block_1_49' title="bbox 840 3260 2380 3341">
    <p class='ocr_par' dir='ltr' id='par_1_49' title="bbox 840 3260 2380 3341">
     <span class='ocr_line' id='line_1_49' title="bbox 840 3260 2380 3341; baseline 0.001 -18"><span class='ocrx_word' id='word_1_398' title='bbox 840 3269 954 3337; x_wconf 84' lang='lat' dir='ltr'><strong>ejus</strong></span> <span class='ocrx_word' id='word_1_399' title='bbox 1010 3269 1209 3323; x_wconf 90' lang='lat' dir='ltr'><strong>virtute</strong></span> <span class='ocrx_word' id='word_1_400' title='bbox 1265 3270 1594 3340; x_wconf 87' lang='lat' dir='ltr'><strong>replebatur,</strong></span> <span class='ocrx_word' id='word_1_401' title='bbox 1676 3272 1871 3325; x_wconf 89' lang='lat' dir='ltr'><strong>merito</strong></span> <span class='ocrx_word' id='word_1_402' title='bbox 1944 3260 2380 3341; x_wconf 67' lang='lat' dir='ltr'><strong>praedicationem</strong></span> 
     </span>
    </p>
   </div>
   <div class='ocr_carea' id='block_1_50' title="bbox 836 3360 2381 3431">
    <p class='ocr_par' dir='ltr' id='par_1_50' title="bbox 836 3360 2381 3431">
     <span class='ocr_line' id='line_1_50' title="bbox 836 3360 2381 3431; baseline 0.003 -18"><span class='ocrx_word' id='word_1_403' title='bbox 836 3374 988 3413; x_wconf 85' lang='lat' dir='ltr'><strong>suam</strong></span> <span class='ocrx_word' id='word_1_404' title='bbox 1033 3360 1529 3431; x_wconf 84' lang='lat' dir='ltr'><strong>evangelizantibus</strong></span> <span class='ocrx_word' id='word_1_405' title='bbox 1559 3364 1781 3418; x_wconf 87' lang='lat' dir='ltr'><strong>verbum</strong></span> <span class='ocrx_word' id='word_1_406' title='bbox 1828 3363 1991 3417; x_wconf 87' lang='lat' dir='ltr'><strong>dabat</strong></span> <span class='ocrx_word' id='word_1_407' title='bbox 2016 3378 2139 3417; x_wconf 93' lang='lat' dir='ltr'><strong>cum</strong></span> <span class='ocrx_word' id='word_1_408' title='bbox 2184 3364 2381 3418; x_wconf 80' lang='lat' dir='ltr'><strong>virtute</strong></span> 
     </span>
    </p>
   </div>
   <div class='ocr_carea' id='block_1_51' title="bbox 835 3450 2380 3525">
    <p class='ocr_par' dir='ltr' id='par_1_51' title="bbox 835 3450 2380 3525">
     <span class='ocr_line' id='line_1_51' title="bbox 835 3450 2380 3525; baseline 0.002 -21"><span class='ocrx_word' id='word_1_409' title='bbox 835 3451 1022 3507; x_wconf 80' lang='lat' dir='ltr'><strong>multa.</strong></span> <span class='ocrx_word' id='word_1_410' title='bbox 1061 3450 1209 3522; x_wconf 82' lang='lat' dir='ltr'><strong>Opus</strong></span> <span class='ocrx_word' id='word_1_411' title='bbox 1239 3463 1414 3507; x_wconf 91' lang='lat' dir='ltr'><strong>autem</strong></span> <span class='ocrx_word' id='word_1_412' title='bbox 1446 3454 1619 3525; x_wconf 83' lang='lat' dir='ltr'><strong>ipsum</strong></span> <span class='ocrx_word' id='word_1_413' title='bbox 1654 3455 1906 3509; x_wconf 88' lang='lat' dir='ltr'><strong>virtutem</strong></span> <span class='ocrx_word' id='word_1_414' title='bbox 1942 3454 2203 3509; x_wconf 88' lang='lat' dir='ltr'><strong>declarat.</strong></span> <span class='ocrx_word' id='word_1_415' title='bbox 2244 3453 2380 3507; x_wconf 86' lang='lat' dir='ltr'><strong>Nam</strong></span> 
     </span>
    </p>
   </div>
   <div class='ocr_carea' id='block_1_52' title="bbox 834 3542 2383 3614">
    <p class='ocr_par' dir='ltr' id='par_1_52' title="bbox 834 3542 2383 3614">
     <span class='ocr_line' id='line_1_52' title="bbox 834 3542 2383 3614; baseline 0.001 -17"><span class='ocrx_word' id='word_1_416' title='bbox 834 3558 957 3597; x_wconf 91' lang='lat' dir='ltr'><strong>cum</strong></span> <span class='ocrx_word' id='word_1_417' title='bbox 977 3545 1209 3614; x_wconf 81' lang='lat' dir='ltr'><strong>simplici</strong></span> <span class='ocrx_word' id='word_1_418' title='bbox 1254 3546 1445 3599; x_wconf 88' lang='lat' dir='ltr'><strong>vocula</strong></span> <span class='ocrx_word' id='word_1_419' title='bbox 1492 3544 1775 3614; x_wconf 87' lang='lat' dir='ltr'><strong>discipulis</strong></span> <span class='ocrx_word' id='word_1_420' title='bbox 1804 3546 1918 3603; x_wconf 92' lang='lat' dir='ltr'><strong>suis</strong></span> <span class='ocrx_word' id='word_1_421' title='bbox 1944 3544 2193 3609; x_wconf 78' lang='lat' dir='ltr'><strong>dixisset,</strong></span> <span class='ocrx_word' id='word_1_422' title='bbox 2235 3564 2253 3596; x_wconf 79' lang='grc' dir='ltr'><strong>ι</strong></span> <span class='ocrx_word' id='word_1_423' title='bbox 2276 3542 2383 3599; x_wconf 73' lang='lat' dir='ltr'><strong>Ve-</strong></span> 
     </span>
    </p>
   </div>
   <div class='ocr_carea' id='block_1_53' title="bbox 835 3636 2379 3706">
    <p class='ocr_par' dir='ltr' id='par_1_53' title="bbox 835 3636 2379 3706">
     <span class='ocr_line' id='line_1_53' title="bbox 835 3636 2379 3706; baseline 0.001 -18"><span class='ocrx_word' id='word_1_424' title='bbox 835 3638 963 3697; x_wconf 84' lang='lat' dir='ltr'><strong>nite,</strong></span> <span class='ocrx_word' id='word_1_425' title='bbox 1010 3636 1299 3705; x_wconf 88' lang='lat' dir='ltr'><strong>sequimini</strong></span> <span class='ocrx_word' id='word_1_426' title='bbox 1346 3652 1452 3699; x_wconf 87' lang='lat' dir='ltr'><strong>me,</strong></span> <span class='ocrx_word' id='word_1_427' title='bbox 1483 3644 1539 3690; x_wconf 80' lang='lat' dir='ltr'><strong>et</strong></span> <span class='ocrx_word' id='word_1_428' title='bbox 1572 3637 1765 3691; x_wconf 82' lang='lat' dir='ltr'><strong>faciam</strong></span> <span class='ocrx_word' id='word_1_429' title='bbox 1820 3652 1915 3694; x_wconf 89' lang='lat' dir='ltr'><strong>vos</strong></span> <span class='ocrx_word' id='word_1_430' title='bbox 1946 3638 2247 3706; x_wconf 88' lang='lat' dir='ltr'><strong>piscatores</strong></span> <span class='ocrx_word' id='word_1_431' title='bbox 2280 3637 2379 3689; x_wconf 90' lang='lat' dir='ltr'><strong>bo-</strong></span> 
     </span>
    </p>
   </div>
   <div class='ocr_carea' id='block_1_54' title="bbox 2488 2460 4067 2535">
    <p class='ocr_par' dir='ltr' id='par_1_54' title="bbox 2488 2460 4067 2535">
     <span class='ocr_line' id='line_1_54' title="bbox 2488 2460 4067 2535; baseline -0.002 -16"><span class='ocrx_word' id='word_1_432' title='bbox 2488 2466 2606 2520; x_wconf 88' lang='grc' dir='ltr'>δότε</span> <span class='ocrx_word' id='word_1_433' title='bbox 2635 2465 2787 2529; x_wconf 80' lang='grc' dir='ltr'>δόξαν</span> <span class='ocrx_word' id='word_1_434' title='bbox 2815 2463 2892 2535; x_wconf 79' lang='grc' dir='ltr'>τῷ</span> <span class='ocrx_word' id='word_1_435' title='bbox 2924 2463 3041 2534; x_wconf 85' lang='grc' dir='ltr'>Θεῷ</span> <span class='ocrx_word' id='word_1_436' title='bbox 3073 2464 3165 2515; x_wconf 77' lang='grc' dir='ltr'><strong>ἐπὶ</strong></span> <span class='ocrx_word' id='word_1_437' title='bbox 3196 2464 3284 2516; x_wconf 85' lang='grc' dir='ltr'><strong>τὸν</strong></span> <span class='ocrx_word' id='word_1_438' title='bbox 3316 2461 3545 2535; x_wconf 85' lang='grc' dir='ltr'>Ἰσραήλ.</span> <span class='ocrx_word' id='word_1_439' title='bbox 3581 2482 3600 2513; x_wconf 74' lang='grc' dir='ltr'><strong>ι</strong></span> <span class='ocrx_word' id='word_1_440' title='bbox 3636 2460 3925 2534; x_wconf 84' lang='grc' dir='ltr'>Γνώρισμα</span> <span class='ocrx_word' id='word_1_441' title='bbox 3956 2464 4067 2517; x_wconf 61' lang='grc' dir='ltr'>τοῦι</span> 
     </span>
    </p>
   </div>
   <div class='ocr_carea' id='block_1_55' title="bbox 2487 2554 4051 2627">
    <p class='ocr_par' dir='ltr' id='par_1_55' title="bbox 2487 2554 4051 2627">
     <span class='ocr_line' id='line_1_55' title="bbox 2487 2554 4051 2627; baseline 0.001 -18"><span class='ocrx_word' id='word_1_442' title='bbox 2487 2555 2811 2627; x_wconf 84' lang='grc' dir='ltr'>δηλωθέντος</span> <span class='ocrx_word' id='word_1_443' title='bbox 2855 2555 3061 2627; x_wconf 78' lang='grc' dir='ltr'>Κυρίου</span> <span class='ocrx_word' id='word_1_444' title='bbox 3108 2554 3436 2626; x_wconf 87' lang='grc' dir='ltr'>παραδίδωσι</span> <span class='ocrx_word' id='word_1_445' title='bbox 3485 2554 3683 2622; x_wconf 85' lang='grc' dir='ltr'>λέγων·</span> <span class='ocrx_word' id='word_1_446' title='bbox 3720 2573 3737 2606; x_wconf 84' lang='grc' dir='ltr'><strong>ι</strong></span> <span class='ocrx_word' id='word_1_447' title='bbox 3783 2555 3910 2609; x_wconf 83' lang='grc' dir='ltr'>Ἰδοὺ</span> <span class='ocrx_word' id='word_1_448' title='bbox 3951 2555 4051 2609; x_wconf 79' lang='grc' dir='ltr'><strong>δώ-</strong></span> 
     </span>
    </p>
   </div>
   <div class='ocr_carea' id='block_1_56' title="bbox 2490 2644 4052 2720">
    <p class='ocr_par' dir='ltr' id='par_1_56' title="bbox 2490 2644 4052 2720">
     <span class='ocr_line' id='line_1_56' title="bbox 2490 2644 4052 2720; baseline -0.001 -18"><span class='ocrx_word' id='word_1_449' title='bbox 2490 2667 2572 2703; x_wconf 86' lang='grc' dir='ltr'>σει</span> <span class='ocrx_word' id='word_1_450' title='bbox 2596 2652 2661 2720; x_wconf 77' lang='grc' dir='ltr'>τῇ</span> <span class='ocrx_word' id='word_1_451' title='bbox 2695 2650 2841 2718; x_wconf 76' lang='grc' dir='ltr'>φωνῇ</span> <span class='ocrx_word' id='word_1_452' title='bbox 2866 2645 3029 2700; x_wconf 81' lang='grc' dir='ltr'>αὐτοῦ</span> <span class='ocrx_word' id='word_1_453' title='bbox 3061 2646 3237 2716; x_wconf 81' lang='grc' dir='ltr'>φωνὴν</span> <span class='ocrx_word' id='word_1_454' title='bbox 3265 2645 3559 2716; x_wconf 82' lang='grc' dir='ltr'>δυνάμεως.</span> <span class='ocrx_word' id='word_1_455' title='bbox 3600 2662 3619 2697; x_wconf 72' lang='grc' dir='ltr'><strong>ι</strong></span> <span class='ocrx_word' id='word_1_456' title='bbox 3659 2645 3933 2700; x_wconf 75' lang='grc' dir='ltr'>Ἐντεῦθεν</span> <span class='ocrx_word' id='word_1_457' title='bbox 3958 2644 4052 2701; x_wconf 81' lang='grc' dir='ltr'>οὖν</span> 
     </span>
    </p>
   </div>
   <div class='ocr_carea' id='block_1_57' title="bbox 2488 2736 4053 2811">
    <p class='ocr_par' dir='ltr' id='par_1_57' title="bbox 2488 2736 4053 2811">
     <span class='ocr_line' id='line_1_57' title="bbox 2488 2736 4053 2811; baseline -0.001 -17"><span class='ocrx_word' id='word_1_458' title='bbox 2488 2741 2700 2811; x_wconf 83' lang='grc' dir='ltr'>άληθῶς</span> <span class='ocrx_word' id='word_1_459' title='bbox 2732 2742 2845 2792; x_wconf 76' lang='grc' dir='ltr'>ἐστι</span> <span class='ocrx_word' id='word_1_460' title='bbox 2876 2739 3274 2809; x_wconf 87' lang='grc' dir='ltr'>χαρακτηρίσαι</span> <span class='ocrx_word' id='word_1_461' title='bbox 3300 2738 3397 2809; x_wconf 82' lang='grc' dir='ltr'>τὴν</span> <span class='ocrx_word' id='word_1_462' title='bbox 3428 2737 3625 2809; x_wconf 80' lang='grc' dir='ltr'>ἀρετὴν</span> <span class='ocrx_word' id='word_1_463' title='bbox 3663 2757 3680 2789; x_wconf 85' lang='grc' dir='ltr'><strong>ι</strong></span> <span class='ocrx_word' id='word_1_464' title='bbox 3711 2736 3805 2792; x_wconf 87' lang='grc' dir='ltr'><strong>τοῦ</strong></span> <span class='ocrx_word' id='word_1_465' title='bbox 3823 2740 3881 2793; x_wconf 75' lang='grc' dir='ltr'>ἐν</span> <span class='ocrx_word' id='word_1_466' title='bbox 3907 2740 4053 2811; x_wconf 77' lang='grc' dir='ltr'>ἀρχῇ</span> 
     </span>
    </p>
   </div>
   <div class='ocr_carea' id='block_1_58' title="bbox 2489 2827 4055 2900">
    <p class='ocr_par' dir='ltr' id='par_1_58' title="bbox 2489 2827 4055 2900">
     <span class='ocr_line' id='line_1_58' title="bbox 2489 2827 4055 2900; baseline 0 -19"><span class='ocrx_word' id='word_1_467' title='bbox 2489 2829 2621 2900; x_wconf 81' lang='grc' dir='ltr'>πρὸς</span> <span class='ocrx_word' id='word_1_468' title='bbox 2654 2828 2743 2881; x_wconf 85' lang='grc' dir='ltr'>τὸν</span> <span class='ocrx_word' id='word_1_469' title='bbox 2770 2828 2903 2881; x_wconf 83' lang='grc' dir='ltr'>Θεὸν</span> <span class='ocrx_word' id='word_1_470' title='bbox 2934 2847 2953 2879; x_wconf 69' lang='grc' dir='ltr'><strong>ι</strong></span> <span class='ocrx_word' id='word_1_471' title='bbox 2973 2827 3107 2881; x_wconf 83' lang='grc' dir='ltr'>Θεοῦ</span> <span class='ocrx_word' id='word_1_472' title='bbox 3140 2828 3333 2896; x_wconf 89' lang='grc' dir='ltr'>Λόγου,</span> <span class='ocrx_word' id='word_1_473' title='bbox 3360 2830 3421 2881; x_wconf 83' lang='grc' dir='ltr'>ὲκ</span> <span class='ocrx_word' id='word_1_474' title='bbox 3444 2829 3535 2882; x_wconf 81' lang='grc' dir='ltr'><strong>τοῦ</strong></span> <span class='ocrx_word' id='word_1_475' title='bbox 3556 2830 3652 2899; x_wconf 82' lang='grc' dir='ltr'>τὴν</span> <span class='ocrx_word' id='word_1_476' title='bbox 3680 2829 3859 2900; x_wconf 80' lang='grc' dir='ltr'>φωνὴν</span> <span class='ocrx_word' id='word_1_477' title='bbox 3888 2829 4055 2883; x_wconf 81' lang='grc' dir='ltr'>αὐτοῦ</span> 
     </span>
    </p>
   </div>
   <div class='ocr_carea' id='block_1_59' title="bbox 2492 2917 4053 2995">
    <p class='ocr_par' dir='ltr' id='par_1_59' title="bbox 2492 2917 4053 2995">
     <span class='ocr_line' id='line_1_59' title="bbox 2492 2917 4053 2995; baseline 0.001 -21"><span class='ocrx_word' id='word_1_478' title='bbox 2492 2922 2565 2991; x_wconf 81' lang='grc' dir='ltr'>μὴ</span> <span class='ocrx_word' id='word_1_479' title='bbox 2593 2920 2781 2989; x_wconf 76' lang='grc' dir='ltr'>ὁμοίαν</span> <span class='ocrx_word' id='word_1_480' title='bbox 2814 2917 2951 2974; x_wconf 77' lang='grc' dir='ltr'>εῖναι</span> <span class='ocrx_word' id='word_1_481' title='bbox 2984 2918 3307 2991; x_wconf 78' lang='grc' dir='ltr'>ἀνθρώποις,</span> <span class='ocrx_word' id='word_1_482' title='bbox 3346 2921 3621 2992; x_wconf 85' lang='grc' dir='ltr'>δυνάμεως</span> <span class='ocrx_word' id='word_1_483' title='bbox 3658 2922 3714 2975; x_wconf 79' lang='grc' dir='ltr'>δὲ</span> <span class='ocrx_word' id='word_1_484' title='bbox 3756 2922 4053 2995; x_wconf 80' lang='grc' dir='ltr'>πεπληρῶ-</span> 
     </span>
    </p>
   </div>
   <div class='ocr_carea' id='block_1_60' title="bbox 2490 3010 4056 3085">
    <p class='ocr_par' dir='ltr' id='par_1_60' title="bbox 2490 3010 4056 3085">
     <span class='ocr_line' id='line_1_60' title="bbox 2490 3010 4056 3085; baseline 0.004 -22"><span class='ocrx_word' id='word_1_485' title='bbox 2490 3012 2611 3064; x_wconf 84' lang='grc' dir='ltr'>σθαι</span> <span class='ocrx_word' id='word_1_486' title='bbox 2645 3010 2811 3074; x_wconf 88' lang='grc' dir='ltr'>θείας.</span> <span class='ocrx_word' id='word_1_487' title='bbox 2854 3030 2872 3063; x_wconf 77' lang='grc' dir='ltr'><strong>ι</strong></span> <span class='ocrx_word' id='word_1_488' title='bbox 2903 3010 3072 3063; x_wconf 87' lang='grc' dir='ltr'>Δώσει</span> <span class='ocrx_word' id='word_1_489' title='bbox 3113 3030 3131 3062; x_wconf 76' lang='grc' dir='ltr'><strong>ι</strong></span> <span class='ocrx_word' id='word_1_490' title='bbox 3161 3012 3289 3083; x_wconf 85' lang='grc' dir='ltr'>γὰρ,</span> <span class='ocrx_word' id='word_1_491' title='bbox 3334 3013 3486 3083; x_wconf 71' lang='grc' dir='ltr'>φησὶ,</span> <span class='ocrx_word' id='word_1_492' title='bbox 3521 3031 3540 3064; x_wconf 75' lang='grc' dir='ltr'><strong>ι</strong></span> <span class='ocrx_word' id='word_1_493' title='bbox 3569 3016 3635 3084; x_wconf 80' lang='grc' dir='ltr'>τῇ</span> <span class='ocrx_word' id='word_1_494' title='bbox 3686 3016 3835 3085; x_wconf 82' lang='grc' dir='ltr'><strong>φωνῇ</strong></span> <span class='ocrx_word' id='word_1_495' title='bbox 3888 3015 4056 3068; x_wconf 79' lang='grc' dir='ltr'>αὑτοῦ</span> 
     </span>
    </p>
   </div>
   <div class='ocr_carea' id='block_1_61' title="bbox 2489 3089 4097 3175">
    <p class='ocr_par' dir='ltr' id='par_1_61' title="bbox 2489 3089 4097 3175">
     <span class='ocr_line' id='line_1_61' title="bbox 2489 3089 4097 3175; baseline 0.001 -18"><span class='ocrx_word' id='word_1_496' title='bbox 2489 3102 2668 3174; x_wconf 80' lang='grc' dir='ltr'>φωνὴν</span> <span class='ocrx_word' id='word_1_497' title='bbox 2701 3103 3001 3174; x_wconf 80' lang='grc' dir='ltr'>δυνάμεως.</span> <span class='ocrx_word' id='word_1_498' title='bbox 3036 3121 3055 3153; x_wconf 75' lang='grc' dir='ltr'><strong>ι</strong></span> <span class='ocrx_word' id='word_1_499' title='bbox 3081 3104 3191 3156; x_wconf 76' lang='grc' dir='ltr'><strong>Καὶ</strong></span> <span class='ocrx_word' id='word_1_500' title='bbox 3231 3103 3485 3175; x_wconf 81' lang='grc' dir='ltr'><strong>ἀνωτέρω</strong></span> <span class='ocrx_word' id='word_1_501' title='bbox 3513 3104 3570 3157; x_wconf 80' lang='grc' dir='ltr'>δὲ</span> <span class='ocrx_word' id='word_1_502' title='bbox 3606 3104 3846 3173; x_wconf 78' lang='grc' dir='ltr'>ὲλέγετο’</span> <span class='ocrx_word' id='word_1_503' title='bbox 3882 3125 3902 3157; x_wconf 76' lang='grc' dir='ltr'><strong>ι</strong></span> <span class='ocrx_word' id='word_1_504' title='bbox 3941 3106 4053 3160; x_wconf 79' lang='grc' dir='ltr'><strong>Κύ-</strong></span> <span class='ocrx_word' id='word_1_505' title='bbox 4088 3089 4097 3101; x_wconf 68' lang='grc'><strong>’</strong></span> 
     </span>
    </p>
   </div>
   <div class='ocr_carea' id='block_1_62' title="bbox 2491 3192 4052 3268">
    <p class='ocr_par' dir='ltr' id='par_1_62' title="bbox 2491 3192 4052 3268">
     <span class='ocr_line' id='line_1_62' title="bbox 2491 3192 4052 3268; baseline 0.003 -22"><span class='ocrx_word' id='word_1_506' title='bbox 2491 3210 2603 3265; x_wconf 91' lang='grc' dir='ltr'>ριος</span> <span class='ocrx_word' id='word_1_507' title='bbox 2657 3192 2814 3246; x_wconf 85' lang='grc' dir='ltr'>δώσει</span> <span class='ocrx_word' id='word_1_508' title='bbox 2878 3194 3027 3264; x_wconf 77' lang='grc' dir='ltr'>ῥῆμα</span> <span class='ocrx_word' id='word_1_509' title='bbox 3092 3196 3204 3256; x_wconf 87' lang='grc' dir='ltr'>τοῖς</span> <span class='ocrx_word' id='word_1_510' title='bbox 3276 3192 3773 3266; x_wconf 77' lang='grc' dir='ltr'>εύαγγελιζομένοις</span> <span class='ocrx_word' id='word_1_511' title='bbox 3827 3196 4052 3268; x_wconf 83' lang='grc' dir='ltr'>δυνάμει</span> 
     </span>
    </p>
   </div>
   <div class='ocr_carea' id='block_1_63' title="bbox 2489 3284 4051 3360">
    <p class='ocr_par' dir='ltr' id='par_1_63' title="bbox 2489 3284 4051 3360">
     <span class='ocr_line' id='line_1_63' title="bbox 2489 3284 4051 3360; baseline 0.003 -22"><span class='ocrx_word' id='word_1_512' title='bbox 2489 3286 2672 3356; x_wconf 82' lang='grc' dir='ltr'>πολλῇ.</span> <span class='ocrx_word' id='word_1_513' title='bbox 2711 3304 2730 3337; x_wconf 74' lang='grc' dir='ltr'><strong>ι</strong></span> <span class='ocrx_word' id='word_1_514' title='bbox 2770 3284 2983 3355; x_wconf 69' lang='grc' dir='ltr'>Ἐπειδὴ</span> <span class='ocrx_word' id='word_1_515' title='bbox 3016 3285 3123 3356; x_wconf 83' lang='grc' dir='ltr'>γὰρ</span> <span class='ocrx_word' id='word_1_516' title='bbox 3164 3287 3198 3356; x_wconf 68' lang='grc' dir='ltr'>ᾖ</span> <span class='ocrx_word' id='word_1_517' title='bbox 3247 3286 3395 3356; x_wconf 83' lang='grc' dir='ltr'>φωνὴ</span> <span class='ocrx_word' id='word_1_518' title='bbox 3424 3286 3585 3340; x_wconf 82' lang='grc' dir='ltr'>αὐτοῦ</span> <span class='ocrx_word' id='word_1_519' title='bbox 3614 3288 3935 3360; x_wconf 85' lang='grc' dir='ltr'>πεπλήρωτο</span> <span class='ocrx_word' id='word_1_520' title='bbox 3962 3291 4051 3343; x_wconf 86' lang='grc' dir='ltr'>δυ-</span> 
     </span>
    </p>
   </div>
   <div class='ocr_carea' id='block_1_64' title="bbox 2486 3373 4050 3450">
    <p class='ocr_par' dir='ltr' id='par_1_64' title="bbox 2486 3373 4050 3450">
     <span class='ocr_line' id='line_1_64' title="bbox 2486 3373 4050 3450; baseline 0.001 -23"><span class='ocrx_word' id='word_1_521' title='bbox 2486 3376 2718 3445; x_wconf 88' lang='grc' dir='ltr'>νάμεως,</span> <span class='ocrx_word' id='word_1_522' title='bbox 2754 3374 2973 3437; x_wconf 75' lang='grc' dir='ltr'>εἰκότως</span> <span class='ocrx_word' id='word_1_523' title='bbox 3011 3373 3104 3427; x_wconf 74' lang='grc' dir='ltr'><strong>καὶ</strong></span> <span class='ocrx_word' id='word_1_524' title='bbox 3153 3376 3263 3437; x_wconf 84' lang='grc' dir='ltr'>τοῖς</span> <span class='ocrx_word' id='word_1_525' title='bbox 3303 3374 3801 3444; x_wconf 74' lang='grc' dir='ltr'>εύαγγελιζομένοις</span> <span class='ocrx_word' id='word_1_526' title='bbox 3831 3376 3894 3430; x_wconf 81' lang='grc' dir='ltr'>τὸ</span> <span class='ocrx_word' id='word_1_527' title='bbox 3925 3380 4050 3450; x_wconf 71' lang='grc' dir='ltr'>περὶ</span> 
     </span>
    </p>
   </div>
   <div class='ocr_carea' id='block_1_65' title="bbox 2486 3462 4053 3540">
    <p class='ocr_par' dir='ltr' id='par_1_65' title="bbox 2486 3462 4053 3540">
     <span class='ocr_line' id='line_1_65' title="bbox 2486 3462 4053 3540; baseline 0.002 -22"><span class='ocrx_word' id='word_1_528' title='bbox 2486 3464 2647 3519; x_wconf 78' lang='grc' dir='ltr'>αὑτοῦ</span> <span class='ocrx_word' id='word_1_529' title='bbox 2671 3465 2929 3536; x_wconf 85' lang='grc' dir='ltr'>κήρυγμα</span> <span class='ocrx_word' id='word_1_530' title='bbox 2950 3462 3116 3518; x_wconf 76' lang='grc' dir='ltr'>ἐδίδου</span> <span class='ocrx_word' id='word_1_531' title='bbox 3142 3464 3289 3536; x_wconf 78' lang='grc' dir='ltr'>ῥῆμα</span> <span class='ocrx_word' id='word_1_532' title='bbox 3315 3465 3409 3517; x_wconf 86' lang='grc' dir='ltr'>σὺν</span> <span class='ocrx_word' id='word_1_533' title='bbox 3431 3465 3654 3537; x_wconf 87' lang='grc' dir='ltr'>δυνάμει</span> <span class='ocrx_word' id='word_1_534' title='bbox 3678 3466 3863 3538; x_wconf 83' lang='grc' dir='ltr'>πολλῇ.</span> <span class='ocrx_word' id='word_1_535' title='bbox 3891 3469 4053 3540; x_wconf 90' lang='grc' dir='ltr'>Παρί-</span> 
     </span>
    </p>
   </div>
   <div class='ocr_carea' id='block_1_66' title="bbox 2486 3554 4054 3631">
    <p class='ocr_par' dir='ltr' id='par_1_66' title="bbox 2486 3554 4054 3631">
     <span class='ocr_line' id='line_1_66' title="bbox 2486 3554 4054 3631; baseline 0.002 -21"><span class='ocrx_word' id='word_1_536' title='bbox 2486 3574 2640 3627; x_wconf 87' lang='grc' dir='ltr'>στησι</span> <span class='ocrx_word' id='word_1_537' title='bbox 2670 3556 2728 3610; x_wconf 78' lang='grc' dir='ltr'>δὲ</span> <span class='ocrx_word' id='word_1_538' title='bbox 2759 3556 2819 3608; x_wconf 85' lang='grc' dir='ltr'><strong>τὸ</strong></span> <span class='ocrx_word' id='word_1_539' title='bbox 2850 3554 3009 3627; x_wconf 74' lang='grc' dir='ltr'>ἔργον</span> <span class='ocrx_word' id='word_1_540' title='bbox 3058 3556 3155 3627; x_wconf 86' lang='grc' dir='ltr'><strong>τὴν</strong></span> <span class='ocrx_word' id='word_1_541' title='bbox 3184 3555 3598 3628; x_wconf 78' lang='grc' dir='ltr'>δύναμιν.-Ψιλῇ</span> <span class='ocrx_word' id='word_1_542' title='bbox 3628 3557 3733 3630; x_wconf 84' lang='grc' dir='ltr'>γὰρ</span> <span class='ocrx_word' id='word_1_543' title='bbox 3758 3562 3908 3631; x_wconf 76' lang='grc' dir='ltr'>φωνῇ</span> <span class='ocrx_word' id='word_1_544' title='bbox 3938 3562 4054 3623; x_wconf 81' lang='grc' dir='ltr'>τοῖς</span> 
     </span>
    </p>
   </div>
   <div class='ocr_carea' id='block_1_67' title="bbox 2487 3638 4053 3719">
    <p class='ocr_par' dir='ltr' id='par_1_67' title="bbox 2487 3638 4053 3719">
     <span class='ocr_line' id='line_1_67' title="bbox 2487 3638 4053 3719; baseline 0.001 -17"><span class='ocrx_word' id='word_1_545' title='bbox 2487 3638 2649 3702; x_wconf 77' lang='grc' dir='ltr'>αὑτοῦ</span> <span class='ocrx_word' id='word_1_546' title='bbox 2696 3647 2961 3718; x_wconf 86' lang='grc' dir='ltr'>μαθηταῖς</span> <span class='ocrx_word' id='word_1_547' title='bbox 3008 3647 3205 3700; x_wconf 78' lang='grc' dir='ltr'>εἰπών·</span> <span class='ocrx_word' id='word_1_548' title='bbox 3273 3666 3291 3698; x_wconf 82' lang='grc' dir='ltr'><strong>ι</strong></span> <span class='ocrx_word' id='word_1_549' title='bbox 3342 3646 3503 3700; x_wconf 83' lang='grc' dir='ltr'>Δεῦτε</span> <span class='ocrx_word' id='word_1_550' title='bbox 3552 3647 3892 3702; x_wconf 84' lang='grc' dir='ltr'>ἀκολουθεῖτὲ</span> <span class='ocrx_word' id='word_1_551' title='bbox 3936 3665 4053 3719; x_wconf 85' lang='grc' dir='ltr'>μοι,</span> 
     </span>
    </p>
   </div>
   <div class='ocr_carea' id='block_1_68' title="bbox 832 3722 2530 3810">
    <p class='ocr_par' dir='ltr' id='par_1_68' title="bbox 832 3722 2530 3794">
     <span class='ocr_line' id='line_1_68' title="bbox 832 3722 2530 3794; baseline 0 -18"><span class='ocrx_word' id='word_1_552' title='bbox 832 3724 1154 3788; x_wconf 77' lang='grc' dir='ltr'>ηιὶηυηι⁶³,›</span> <span class='ocrx_word' id='word_1_553' title='bbox 1207 3739 1345 3794; x_wconf 91' lang='lat' dir='ltr'><strong>opus</strong></span> <span class='ocrx_word' id='word_1_554' title='bbox 1402 3725 1578 3794; x_wconf 90' lang='lat' dir='ltr'><strong>ipsum</strong></span> <span class='ocrx_word' id='word_1_555' title='bbox 1631 3727 1831 3781; x_wconf 89' lang='lat' dir='ltr'><strong>virtute</strong></span> <span class='ocrx_word' id='word_1_556' title='bbox 1882 3741 1983 3780; x_wconf 85' lang='lat' dir='ltr'><strong>sua</strong></span> <span class='ocrx_word' id='word_1_557' title='bbox 2038 3726 2233 3781; x_wconf 85' lang='lat' dir='ltr'><strong>edebat</strong></span> <span class='ocrx_word' id='word_1_558' title='bbox 2270 3722 2449 3787; x_wconf 81' lang='lat' dir='ltr'><strong>:acC</strong></span> <span class='ocrx_word' id='word_1_559' title='bbox 2482 3754 2530 3789; x_wconf 69' lang='grc' dir='ltr'><strong>κε</strong></span> 
     </span>
    </p>
   </div>
   <div class='ocr_carea' id='block_1_69' title="bbox 2370 3722 4068 3810">
    <p class='ocr_par' dir='ltr' id='par_1_69' title="bbox 2370 3722 4068 3810">
     <span class='ocr_line' id='line_1_69' title="bbox 2370 3722 4068 3810; baseline 0.001 -22"><span class='ocrx_word' id='word_1_560' title='bbox 2370 3744 2379 3781; x_wconf 69' lang='grc' dir='ltr'><strong>ι</strong></span> <span class='ocrx_word' id='word_1_561' title='bbox 2407 3722 2449 3776; x_wconf 68' lang='grc' dir='ltr'><strong><em>ε</em></strong></span> <span class='ocrx_word' id='word_1_562' title='bbox 2482 3737 2574 3789; x_wconf 75' lang='grc' dir='ltr'>καὶ</span> <span class='ocrx_word' id='word_1_563' title='bbox 2589 3738 2795 3806; x_wconf 78' lang='grc' dir='ltr'>ποιήσω</span> <span class='ocrx_word' id='word_1_564' title='bbox 2810 3737 2951 3805; x_wconf 80' lang='grc' dir='ltr'>ὑμᾶς</span> <span class='ocrx_word' id='word_1_565' title='bbox 2968 3734 3133 3810; x_wconf 75' lang='grc' dir='ltr'>άλιεῑς</span> <span class='ocrx_word' id='word_1_566' title='bbox 3149 3734 3466 3807; x_wconf 80' lang='grc' dir='ltr'>ἀνθρώπων,</span> <span class='ocrx_word' id='word_1_567' title='bbox 3505 3755 3523 3786; x_wconf 76' lang='grc' dir='ltr'><strong>ι</strong></span> <span class='ocrx_word' id='word_1_568' title='bbox 3551 3734 3776 3806; x_wconf 82' lang='grc' dir='ltr'>δυνάμει</span> <span class='ocrx_word' id='word_1_569' title='bbox 3802 3736 3862 3789; x_wconf 87' lang='grc' dir='ltr'><strong>τὸ</strong></span> <span class='ocrx_word' id='word_1_570' title='bbox 3893 3724 4068 3808; x_wconf 61' lang='grc' dir='ltr'>ἔργον</span> 
     </span>
    </p>
   </div>
   <div class='ocr_carea' id='block_1_70' title="bbox 834 3803 2385 3885">
    <p class='ocr_par' dir='ltr' id='par_1_70' title="bbox 834 3803 2385 3885">
     <span class='ocr_line' id='line_1_70' title="bbox 834 3803 2385 3885; baseline 0.008 -20"><span class='ocrx_word' id='word_1_571' title='bbox 834 3830 1049 3870; x_wconf 83' lang='lat' dir='ltr'><strong>rursum</strong></span> <span class='ocrx_word' id='word_1_572' title='bbox 1081 3830 1203 3871; x_wconf 92' lang='lat' dir='ltr'><strong>cum</strong></span> <span class='ocrx_word' id='word_1_573' title='bbox 1237 3818 1581 3885; x_wconf 64' lang='lat' dir='ltr'><strong>praecepisset</strong></span> <span class='ocrx_word' id='word_1_574' title='bbox 1616 3818 1805 3873; x_wconf 88' lang='lat' dir='ltr'><strong>iisdem</strong></span> <span class='ocrx_word' id='word_1_575' title='bbox 1828 3803 2043 3874; x_wconf 58' lang='lat' dir='ltr'><strong>&#39;dicens</strong></span> <span class='ocrx_word' id='word_1_576' title='bbox 2080 3822 2093 3873; x_wconf 84' lang='lat'><strong>:</strong></span> <span class='ocrx_word' id='word_1_577' title='bbox 2131 3839 2149 3870; x_wconf 78' lang='grc' dir='ltr'><strong>ι</strong></span> <span class='ocrx_word' id='word_1_578' title='bbox 2180 3820 2385 3877; x_wconf 84' lang='lat' dir='ltr'><strong>Euntes</strong></span> 
     </span>
    </p>
   </div>
   <div class='ocr_carea' id='block_1_71' title="bbox 830 3906 2383 3981">
    <p class='ocr_par' dir='ltr' id='par_1_71' title="bbox 830 3906 2383 3981">
     <span class='ocr_line' id='line_1_71' title="bbox 830 3906 2383 3981; baseline 0.004 -23"><span class='ocrx_word' id='word_1_579' title='bbox 830 3906 1020 3961; x_wconf 85' lang='lat' dir='ltr'><strong>docete</strong></span> <span class='ocrx_word' id='word_1_580' title='bbox 1043 3921 1231 3962; x_wconf 88' lang='lat' dir='ltr'><strong>omnes</strong></span> <span class='ocrx_word' id='word_1_581' title='bbox 1256 3916 1444 3978; x_wconf 84' lang='lat' dir='ltr'><strong>gentes</strong></span> <span class='ocrx_word' id='word_1_582' title='bbox 1475 3908 1528 3961; x_wconf 92' lang='lat' dir='ltr'><strong>in</strong></span> <span class='ocrx_word' id='word_1_583' title='bbox 1551 3910 1770 3964; x_wconf 84' lang='lat' dir='ltr'><strong>nomine</strong></span> <span class='ocrx_word' id='word_1_584' title='bbox 1801 3909 2036 3973; x_wconf 72' lang='lat' dir='ltr'><strong>meo“,i</strong></span> <span class='ocrx_word' id='word_1_585' title='bbox 2071 3924 2236 3981; x_wconf 88' lang='lat' dir='ltr'><strong>opere</strong></span> <span class='ocrx_word' id='word_1_586' title='bbox 2265 3911 2383 3965; x_wconf 85' lang='lat' dir='ltr'><strong>vir-</strong></span> 
     </span>
    </p>
   </div>
   <div class='ocr_carea' id='block_1_72' title="bbox 832 3998 2382 4073">
    <p class='ocr_par' dir='ltr' id='par_1_72' title="bbox 832 3998 2382 4073">
     <span class='ocr_line' id='line_1_72' title="bbox 832 3998 2382 4073; baseline 0.004 -22"><span class='ocrx_word' id='word_1_587' title='bbox 832 4006 997 4053; x_wconf 78' lang='lat' dir='ltr'><strong>tutem</strong></span> <span class='ocrx_word' id='word_1_588' title='bbox 1028 3998 1302 4054; x_wconf 82' lang='lat' dir='ltr'><strong>exhibuit:</strong></span> <span class='ocrx_word' id='word_1_589' title='bbox 1334 4015 1396 4055; x_wconf 90' lang='lat' dir='ltr'><strong>ac</strong></span> <span class='ocrx_word' id='word_1_590' title='bbox 1429 4017 1645 4056; x_wconf 87' lang='lat' dir='ltr'><strong>rursum</strong></span> <span class='ocrx_word' id='word_1_591' title='bbox 1682 4016 1807 4055; x_wconf 92' lang='lat' dir='ltr'><strong>cum</strong></span> <span class='ocrx_word' id='word_1_592' title='bbox 1842 4000 2074 4057; x_wconf 88' lang='lat' dir='ltr'><strong>diceret:</strong></span> <span class='ocrx_word' id='word_1_593' title='bbox 2116 4020 2134 4053; x_wconf 80' lang='grc' dir='ltr'><strong>ι</strong></span> <span class='ocrx_word' id='word_1_594' title='bbox 2160 4000 2382 4073; x_wconf 84' lang='lat' dir='ltr'><strong>Oportet</strong></span> 
     </span>
    </p>
   </div>
   <div class='ocr_carea' id='block_1_73' title="bbox 832 4090 2380 4163">
    <p class='ocr_par' dir='ltr' id='par_1_73' title="bbox 832 4090 2380 4163">
     <span class='ocr_line' id='line_1_73' title="bbox 832 4090 2380 4163; baseline 0.005 -22"><span class='ocrx_word' id='word_1_595' title='bbox 832 4090 1113 4161; x_wconf 72' lang='lat' dir='ltr'><strong>prmdicari</strong></span> <span class='ocrx_word' id='word_1_596' title='bbox 1148 4090 1493 4161; x_wconf 82' lang='lat' dir='ltr'><strong>Evangelium</strong></span> <span class='ocrx_word' id='word_1_597' title='bbox 1546 4094 1699 4163; x_wconf 75' lang='lat' dir='ltr'><strong>regni</strong></span> <span class='ocrx_word' id='word_1_598' title='bbox 1732 4095 1785 4148; x_wconf 93' lang='lat' dir='ltr'><strong>in</strong></span> <span class='ocrx_word' id='word_1_599' title='bbox 1838 4103 1951 4149; x_wconf 91' lang='lat' dir='ltr'><strong>toto</strong></span> <span class='ocrx_word' id='word_1_600' title='bbox 1980 4096 2117 4150; x_wconf 88' lang='lat' dir='ltr'><strong>orbe</strong></span> <span class='ocrx_word' id='word_1_601' title='bbox 2141 4096 2195 4149; x_wconf 90' lang='lat' dir='ltr'><strong>in</strong></span> <span class='ocrx_word' id='word_1_602' title='bbox 2229 4096 2380 4151; x_wconf 89' lang='lat' dir='ltr'><strong>testi-</strong></span> 
     </span>
    </p>
   </div>
   <div class='ocr_carea' id='block_1_74' title="bbox 832 4182 2381 4257">
    <p class='ocr_par' dir='ltr' id='par_1_74' title="bbox 832 4182 2381 4257">
     <span class='ocr_line' id='line_1_74' title="bbox 832 4182 2381 4257; baseline 0.006 -23"><span class='ocrx_word' id='word_1_603' title='bbox 832 4182 1069 4237; x_wconf 87' lang='lat' dir='ltr'><strong>monium</strong></span> <span class='ocrx_word' id='word_1_604' title='bbox 1094 4182 1349 4236; x_wconf 89' lang='lat' dir='ltr'><strong>omnibus</strong></span> <span class='ocrx_word' id='word_1_605' title='bbox 1379 4183 1743 4252; x_wconf 71' lang='lat' dir='ltr'><strong>gentibus“,i</strong></span> <span class='ocrx_word' id='word_1_606' title='bbox 1780 4186 1931 4241; x_wconf 91' lang='lat' dir='ltr'><strong>verbi</strong></span> <span class='ocrx_word' id='word_1_607' title='bbox 1963 4187 2217 4243; x_wconf 89' lang='lat' dir='ltr'><strong>virtutem</strong></span> <span class='ocrx_word' id='word_1_608' title='bbox 2248 4187 2381 4257; x_wconf 88' lang='lat' dir='ltr'><strong>ipsis</strong></span> 
     </span>
    </p>
   </div>
   <div class='ocr_carea' id='block_1_75' title="bbox 831 4265 2382 4345">
    <p class='ocr_par' dir='ltr' id='par_1_75' title="bbox 831 4265 2382 4345">
     <span class='ocr_line' id='line_1_75' title="bbox 831 4265 2382 4345; baseline 0.003 -19"><span class='ocrx_word' id='word_1_609' title='bbox 831 4273 1091 4344; x_wconf 84' lang='lat' dir='ltr'><strong>operibus</strong></span> <span class='ocrx_word' id='word_1_610' title='bbox 1128 4273 1835 4345; x_wconf 69' lang='lat' dir='ltr'><strong>conspiciendam-praebuit</strong></span> <span class='ocrx_word' id='word_1_611' title='bbox 1861 4318 1876 4338; x_wconf 88' lang='lat'><strong>,</strong></span> <span class='ocrx_word' id='word_1_612' title='bbox 1905 4287 1958 4331; x_wconf 92' lang='lat' dir='ltr'><strong>et</strong></span> <span class='ocrx_word' id='word_1_613' title='bbox 2011 4277 2147 4331; x_wconf 88' lang='lat' dir='ltr'><strong>alias</strong></span> <span class='ocrx_word' id='word_1_614' title='bbox 2198 4265 2382 4331; x_wconf 37' lang='lat' dir='ltr'><strong>sic-lo-</strong></span> 
     </span>
    </p>
   </div>
   <div class='ocr_carea' id='block_1_76' title="bbox 829 4364 2378 4436">
    <p class='ocr_par' dir='ltr' id='par_1_76' title="bbox 829 4364 2378 4436">
     <span class='ocr_line' id='line_1_76' title="bbox 829 4364 2378 4436; baseline 0.001 -16"><span class='ocrx_word' id='word_1_615' title='bbox 829 4374 988 4420; x_wconf 83' lang='lat' dir='ltr'><strong>cutus</strong></span> <span class='ocrx_word' id='word_1_616' title='bbox 1021 4384 1037 4421; x_wconf 89' lang='lat'><strong>:</strong></span> <span class='ocrx_word' id='word_1_617' title='bbox 1068 4384 1085 4418; x_wconf 81' lang='grc' dir='ltr'><strong>ι</strong></span> <span class='ocrx_word' id='word_1_618' title='bbox 1107 4364 1281 4435; x_wconf 84' lang='lat' dir='ltr'><strong>Supra</strong></span> <span class='ocrx_word' id='word_1_619' title='bbox 1312 4375 1520 4436; x_wconf 79' lang='lat' dir='ltr'><strong>petram</strong></span> <span class='ocrx_word' id='word_1_620' title='bbox 1549 4365 1826 4427; x_wconf 68' lang='lat' dir='ltr'><strong>mdiﬁcabo</strong></span> <span class='ocrx_word' id='word_1_621' title='bbox 1862 4367 2152 4423; x_wconf 86' lang='lat' dir='ltr'><strong>Ecclesiam</strong></span> <span class='ocrx_word' id='word_1_622' title='bbox 2180 4384 2378 4434; x_wconf 90' lang='lat' dir='ltr'><strong>meam,</strong></span> 
     </span>
    </p>
   </div>
   <div class='ocr_carea' id='block_1_77' title="bbox 828 4456 2375 4542">
    <p class='ocr_par' dir='ltr' id='par_1_77' title="bbox 828 4456 2375 4542">
     <span class='ocr_line' id='line_1_77' title="bbox 828 4456 2375 4542; baseline 0.001 -30"><span class='ocrx_word' id='word_1_623' title='bbox 828 4468 882 4512; x_wconf 87' lang='lat' dir='ltr'><strong>et</strong></span> <span class='ocrx_word' id='word_1_624' title='bbox 916 4466 1085 4527; x_wconf 64' lang='lat' dir='ltr'><strong>porta:</strong></span> <span class='ocrx_word' id='word_1_625' title='bbox 1123 4457 1281 4514; x_wconf 79' lang='lat' dir='ltr'><strong>inferi</strong></span> <span class='ocrx_word' id='word_1_626' title='bbox 1312 4474 1419 4513; x_wconf 89' lang='lat' dir='ltr'><strong>non</strong></span> <span class='ocrx_word' id='word_1_627' title='bbox 1447 4460 1817 4528; x_wconf 64' lang='lat' dir='ltr'><strong>praevalebunt</strong></span> <span class='ocrx_word' id='word_1_628' title='bbox 1842 4456 2104 4517; x_wconf 88' lang='lat' dir='ltr'><strong>adversus</strong></span> <span class='ocrx_word' id='word_1_629' title='bbox 2138 4464 2375 4542; x_wconf 71' lang='lat' dir='ltr'><strong>eam“,i</strong></span> 
     </span>
    </p>
   </div>
   <div class='ocr_carea' id='block_1_78' title="bbox 828 4550 2379 4627">
    <p class='ocr_par' dir='ltr' id='par_1_78' title="bbox 828 4550 2379 4627">
     <span class='ocr_line' id='line_1_78' title="bbox 828 4550 2379 4627; baseline 0.004 -25"><span class='ocrx_word' id='word_1_630' title='bbox 828 4565 887 4604; x_wconf 89' lang='lat' dir='ltr'><strong>re</strong></span> <span class='ocrx_word' id='word_1_631' title='bbox 921 4550 1040 4619; x_wconf 89' lang='lat' dir='ltr'><strong>ipsa</strong></span> <span class='ocrx_word' id='word_1_632' title='bbox 1071 4550 1179 4603; x_wconf 90' lang='lat' dir='ltr'><strong>vim</strong></span> <span class='ocrx_word' id='word_1_633' title='bbox 1226 4550 1539 4605; x_wconf 84' lang='lat' dir='ltr'><strong>declaravit.</strong></span> <span class='ocrx_word' id='word_1_634' title='bbox 1588 4550 1787 4606; x_wconf 86' lang='lat' dir='ltr'><strong>Eodem</strong></span> <span class='ocrx_word' id='word_1_635' title='bbox 1840 4567 2065 4627; x_wconf 90' lang='lat' dir='ltr'><strong>prorsus</strong></span> <span class='ocrx_word' id='word_1_636' title='bbox 2115 4554 2275 4608; x_wconf 84' lang='lat' dir='ltr'><strong>modo</strong></span> <span class='ocrx_word' id='word_1_637' title='bbox 2326 4555 2379 4608; x_wconf 88' lang='lat' dir='ltr'><strong>in</strong></span> 
     </span>
    </p>
   </div>
   <div class='ocr_carea' id='block_1_79' title="bbox 829 4639 2375 4711">
    <p class='ocr_par' dir='ltr' id='par_1_79' title="bbox 829 4639 2375 4711">
     <span class='ocr_line' id='line_1_79' title="bbox 829 4639 2375 4711; baseline 0.006 -20"><span class='ocrx_word' id='word_1_638' title='bbox 829 4639 1043 4695; x_wconf 68' lang='lat' dir='ltr'><strong>caeteris</strong></span> <span class='ocrx_word' id='word_1_639' title='bbox 1092 4642 1345 4696; x_wconf 89' lang='lat' dir='ltr'><strong>omnibus</strong></span> <span class='ocrx_word' id='word_1_640' title='bbox 1402 4643 1521 4711; x_wconf 84' lang='lat' dir='ltr'><strong>ejus</strong></span> <span class='ocrx_word' id='word_1_641' title='bbox 1558 4643 1823 4698; x_wconf 74' lang='lat' dir='ltr'><strong>doctrina:</strong></span> <span class='ocrx_word' id='word_1_642' title='bbox 1859 4644 2041 4700; x_wconf 88' lang='lat' dir='ltr'><strong>verbis</strong></span> <span class='ocrx_word' id='word_1_643' title='bbox 2086 4645 2375 4701; x_wconf 90' lang='lat' dir='ltr'><strong>admistam</strong></span> 
     </span>
    </p>
   </div>
   <div class='ocr_carea' id='block_1_80' title="bbox 830 4731 2380 4809">
    <p class='ocr_par' dir='ltr' id='par_1_80' title="bbox 830 4731 2380 4809">
     <span class='ocr_line' id='line_1_80' title="bbox 830 4731 2380 4809; baseline 0.005 -25"><span class='ocrx_word' id='word_1_644' title='bbox 830 4731 1067 4785; x_wconf 91' lang='lat' dir='ltr'><strong>divinam</strong></span> <span class='ocrx_word' id='word_1_645' title='bbox 1106 4732 1225 4800; x_wconf 90' lang='lat' dir='ltr'><strong>ejus</strong></span> <span class='ocrx_word' id='word_1_646' title='bbox 1262 4733 1517 4789; x_wconf 85' lang='lat' dir='ltr'><strong>virtutem</strong></span> <span class='ocrx_word' id='word_1_647' title='bbox 1555 4736 1951 4804; x_wconf 85' lang='lat' dir='ltr'><strong>deprehendas.</strong></span> <span class='ocrx_word' id='word_1_648' title='bbox 2006 4737 2177 4809; x_wconf 85' lang='lat' dir='ltr'><strong>Cujus</strong></span> <span class='ocrx_word' id='word_1_649' title='bbox 2212 4754 2380 4794; x_wconf 87' lang='lat' dir='ltr'><strong>causa</strong></span> 
     </span>
    </p>
   </div>
   <div class='ocr_carea' id='block_1_81' title="bbox 830 4823 2373 4885">
    <p class='ocr_par' dir='ltr' id='par_1_81' title="bbox 830 4823 2373 4885">
     <span class='ocr_line' id='line_1_81' title="bbox 830 4823 2373 4885; baseline 0.005 -10"><span class='ocrx_word' id='word_1_650' title='bbox 830 4823 1034 4877; x_wconf 90' lang='lat' dir='ltr'><strong>dictum</strong></span> <span class='ocrx_word' id='word_1_651' title='bbox 1063 4830 1147 4878; x_wconf 71' lang='lat' dir='ltr'><strong>est</strong></span> <span class='ocrx_word' id='word_1_652' title='bbox 1172 4843 1184 4878; x_wconf 95' lang='lat'><strong>:</strong></span> <span class='ocrx_word' id='word_1_653' title='bbox 1223 4842 1239 4874; x_wconf 81' lang='grc' dir='ltr'><strong>ι</strong></span> <span class='ocrx_word' id='word_1_654' title='bbox 1265 4823 1402 4879; x_wconf 82' lang='lat' dir='ltr'><strong>Ecce</strong></span> <span class='ocrx_word' id='word_1_655' title='bbox 1425 4827 1575 4880; x_wconf 82' lang='lat' dir='ltr'><strong>dabit</strong></span> <span class='ocrx_word' id='word_1_656' title='bbox 1610 4828 1729 4881; x_wconf 87' lang='lat' dir='ltr'><strong>voci</strong></span> <span class='ocrx_word' id='word_1_657' title='bbox 1753 4844 1864 4883; x_wconf 70' lang='lat' dir='ltr'><strong>suae</strong></span> <span class='ocrx_word' id='word_1_658' title='bbox 1891 4845 2077 4884; x_wconf 91' lang='lat' dir='ltr'><strong>vocem</strong></span> <span class='ocrx_word' id='word_1_659' title='bbox 2106 4831 2373 4885; x_wconf 62' lang='lat' dir='ltr'><strong>virtutis.»</strong></span> 
     </span>
    </p>
   </div>
   <div class='ocr_carea' id='block_1_82' title="bbox 834 4911 2383 4992">
    <p class='ocr_par' dir='ltr' id='par_1_82' title="bbox 834 4911 2383 4992">
     <span class='ocr_line' id='line_1_82' title="bbox 834 4911 2383 4992; baseline 0.005 -24"><span class='ocrx_word' id='word_1_660' title='bbox 834 4911 937 4968; x_wconf 79' lang='lat' dir='ltr'><strong>Sed</strong></span> <span class='ocrx_word' id='word_1_661' title='bbox 977 4913 1137 4967; x_wconf 87' lang='lat' dir='ltr'><strong>etiam</strong></span> <span class='ocrx_word' id='word_1_662' title='bbox 1192 4914 1276 4968; x_wconf 85' lang='lat' dir='ltr'><strong>his</strong></span> <span class='ocrx_word' id='word_1_663' title='bbox 1307 4914 1525 4969; x_wconf 77' lang='lat' dir='ltr'><strong>traditis</strong></span> <span class='ocrx_word' id='word_1_664' title='bbox 1572 4917 1859 4981; x_wconf 89' lang='lat' dir='ltr'><strong>institutis,</strong></span> <span class='ocrx_word' id='word_1_665' title='bbox 1894 4920 1997 4975; x_wconf 88' lang='lat' dir='ltr'><strong>sub</strong></span> <span class='ocrx_word' id='word_1_666' title='bbox 2039 4920 2151 4975; x_wconf 59' lang='lat' dir='ltr'><strong>haec</strong></span> <span class='ocrx_word' id='word_1_667' title='bbox 2193 4923 2383 4992; x_wconf 64' lang='lat' dir='ltr'><strong>praeci-</strong></span> 
     </span>
    </p>
   </div>
   <div class='ocr_carea' id='block_1_83' title="bbox 830 5003 2381 5084">
    <p class='ocr_par' dir='ltr' id='par_1_83' title="bbox 830 5003 2381 5084">
     <span class='ocr_line' id='line_1_83' title="bbox 830 5003 2381 5084; baseline 0.007 -27"><span class='ocrx_word' id='word_1_668' title='bbox 830 5007 941 5073; x_wconf 85' lang='lat' dir='ltr'><strong>pit:</strong></span> <span class='ocrx_word' id='word_1_669' title='bbox 982 5022 1000 5056; x_wconf 80' lang='grc' dir='ltr'><strong>ι</strong></span> <span class='ocrx_word' id='word_1_670' title='bbox 1023 5003 1155 5060; x_wconf 90' lang='lat' dir='ltr'><strong>Date</strong></span> <span class='ocrx_word' id='word_1_671' title='bbox 1184 5006 1409 5075; x_wconf 76' lang='lat' dir='ltr'><strong>gloriam</strong></span> <span class='ocrx_word' id='word_1_672' title='bbox 1467 5006 1574 5062; x_wconf 83' lang='lat' dir='ltr'><strong>Deo</strong></span> <span class='ocrx_word' id='word_1_673' title='bbox 1611 5024 1775 5078; x_wconf 88' lang='lat' dir='ltr'><strong>super</strong></span> <span class='ocrx_word' id='word_1_674' title='bbox 1808 5008 2000 5066; x_wconf 90' lang='lat' dir='ltr'><strong>Israel:</strong></span> <span class='ocrx_word' id='word_1_675' title='bbox 2033 5014 2381 5084; x_wconf 82' lang='lat' dir='ltr'><strong>magniﬁcen-</strong></span> 
     </span>
    </p>
   </div>
   <div class='ocr_carea' id='block_1_84' title="bbox 831 5094 2376 5172">
    <p class='ocr_par' dir='ltr' id='par_1_84' title="bbox 831 5094 2376 5172">
     <span class='ocr_line' id='line_1_84' title="bbox 831 5094 2376 5172; baseline 0.006 -25"><span class='ocrx_word' id='word_1_676' title='bbox 831 5095 907 5147; x_wconf 87' lang='lat' dir='ltr'><strong>tia</strong></span> <span class='ocrx_word' id='word_1_677' title='bbox 938 5094 1058 5163; x_wconf 85' lang='lat' dir='ltr'><strong>ejus</strong></span> <span class='ocrx_word' id='word_1_678' title='bbox 1093 5102 1149 5150; x_wconf 87' lang='lat' dir='ltr'><strong>et</strong></span> <span class='ocrx_word' id='word_1_679' title='bbox 1176 5096 1350 5150; x_wconf 87' lang='lat' dir='ltr'><strong>virtus</strong></span> <span class='ocrx_word' id='word_1_680' title='bbox 1376 5097 1495 5166; x_wconf 89' lang='lat' dir='ltr'><strong>ejus</strong></span> <span class='ocrx_word' id='word_1_681' title='bbox 1524 5098 1579 5152; x_wconf 83' lang='lat' dir='ltr'><strong>iu</strong></span> <span class='ocrx_word' id='word_1_682' title='bbox 1624 5098 1914 5155; x_wconf 61' lang='lat' dir='ltr'><strong>nubibus.»</strong></span> <span class='ocrx_word' id='word_1_683' title='bbox 1968 5101 2110 5162; x_wconf 85' lang='lat' dir='ltr'><strong>Illud</strong></span> <span class='ocrx_word' id='word_1_684' title='bbox 2137 5102 2376 5172; x_wconf 86' lang='lat' dir='ltr'><strong>quidem,</strong></span> 
     </span>
    </p>
   </div>
   <div class='ocr_carea' id='block_1_85' title="bbox 839 5174 2377 5262">
    <p class='ocr_par' dir='ltr' id='par_1_85' title="bbox 839 5174 2377 5262">
     <span class='ocr_line' id='line_1_85' title="bbox 839 5174 2377 5262; baseline 0.007 -25"><span class='ocrx_word' id='word_1_685' title='bbox 839 5207 856 5237; x_wconf 74' lang='grc' dir='ltr'><strong>ε</strong></span> <span class='ocrx_word' id='word_1_686' title='bbox 884 5186 1012 5240; x_wconf 89' lang='lat' dir='ltr'><strong>Date</strong></span> <span class='ocrx_word' id='word_1_687' title='bbox 1056 5174 1290 5258; x_wconf 27' lang='lat' dir='ltr'><strong>gloriam.</strong></span> <span class='ocrx_word' id='word_1_688' title='bbox 1316 5186 1475 5253; x_wconf 67' lang='lat' dir='ltr'><strong>Deo,»</strong></span> <span class='ocrx_word' id='word_1_689' title='bbox 1506 5191 1763 5247; x_wconf 90' lang='lat' dir='ltr'><strong>omnibus</strong></span> <span class='ocrx_word' id='word_1_690' title='bbox 1788 5190 2011 5258; x_wconf 82' lang='lat' dir='ltr'><strong>dicitur,</strong></span> <span class='ocrx_word' id='word_1_691' title='bbox 2049 5190 2142 5262; x_wconf 75' lang='lat' dir='ltr'><strong>qui</strong></span> <span class='ocrx_word' id='word_1_692' title='bbox 2190 5194 2258 5248; x_wconf 85' lang='lat' dir='ltr'><strong>ad</strong></span> <span class='ocrx_word' id='word_1_693' title='bbox 2288 5210 2377 5249; x_wconf 92' lang='lat' dir='ltr'><strong>sa-</strong></span> 
     </span>
    </p>
   </div>
   <div class='ocr_carea' id='block_1_86' title="bbox 835 5277 2382 5352">
    <p class='ocr_par' dir='ltr' id='par_1_86' title="bbox 835 5277 2382 5352">
     <span class='ocr_line' id='line_1_86' title="bbox 835 5277 2382 5352; baseline 0.004 -21"><span class='ocrx_word' id='word_1_694' title='bbox 835 5280 1059 5334; x_wconf 86' lang='lat' dir='ltr'><strong>lutarem</strong></span> <span class='ocrx_word' id='word_1_695' title='bbox 1085 5277 1240 5333; x_wconf 88' lang='lat' dir='ltr'><strong>ﬁdem</strong></span> <span class='ocrx_word' id='word_1_696' title='bbox 1267 5288 1561 5345; x_wconf 86' lang='lat' dir='ltr'><strong>vocantur;</strong></span> <span class='ocrx_word' id='word_1_697' title='bbox 1594 5282 1727 5336; x_wconf 90' lang='lat' dir='ltr'><strong>illud</strong></span> <span class='ocrx_word' id='word_1_698' title='bbox 1749 5291 1951 5348; x_wconf 88' lang='lat' dir='ltr'><strong>autem,</strong></span> <span class='ocrx_word' id='word_1_699' title='bbox 1990 5302 2008 5333; x_wconf 80' lang='grc' dir='ltr'><strong>ι</strong></span> <span class='ocrx_word' id='word_1_700' title='bbox 2037 5299 2200 5352; x_wconf 87' lang='lat' dir='ltr'><strong>super</strong></span> <span class='ocrx_word' id='word_1_701' title='bbox 2220 5283 2382 5339; x_wconf 92' lang='lat' dir='ltr'><strong>Israel</strong></span> 
     </span>
    </p>
   </div>
   <div class='ocr_carea' id='block_1_87' title="bbox 835 5365 2379 5447">
    <p class='ocr_par' dir='ltr' id='par_1_87' title="bbox 835 5365 2379 5447">
     <span class='ocr_line' id='line_1_87' title="bbox 835 5365 2379 5447; baseline 0.003 -26"><span class='ocrx_word' id='word_1_702' title='bbox 835 5365 1233 5447; x_wconf 85' lang='lat' dir='ltr'><strong>magniﬁcentia</strong></span> <span class='ocrx_word' id='word_1_703' title='bbox 1290 5369 1464 5438; x_wconf 64' lang='lat' dir='ltr'><strong>ejus,»</strong></span> <span class='ocrx_word' id='word_1_704' title='bbox 1524 5369 1790 5439; x_wconf 88' lang='lat' dir='ltr'><strong>signiﬁcat</strong></span> <span class='ocrx_word' id='word_1_705' title='bbox 1818 5386 1913 5427; x_wconf 91' lang='lat' dir='ltr'><strong>eos</strong></span> <span class='ocrx_word' id='word_1_706' title='bbox 1950 5386 2013 5425; x_wconf 85' lang='lat' dir='ltr'><strong>ex</strong></span> <span class='ocrx_word' id='word_1_707' title='bbox 2061 5370 2258 5426; x_wconf 90' lang='lat' dir='ltr'><strong>lsraele</strong></span> <span class='ocrx_word' id='word_1_708' title='bbox 2285 5372 2379 5441; x_wconf 93' lang='lat' dir='ltr'><strong>qui</strong></span> 
     </span>
    </p>
   </div>
   <div class='ocr_carea' id='block_1_88' title="bbox 832 5460 2380 5532">
    <p class='ocr_par' dir='ltr' id='par_1_88' title="bbox 832 5460 2380 5532">
     <span class='ocr_line' id='line_1_88' title="bbox 832 5460 2380 5532; baseline 0 -17"><span class='ocrx_word' id='word_1_709' title='bbox 832 5460 1048 5517; x_wconf 86' lang='lat' dir='ltr'><strong>deitatis</strong></span> <span class='ocrx_word' id='word_1_710' title='bbox 1098 5460 1216 5529; x_wconf 81' lang='lat' dir='ltr'><strong>ejus</strong></span> <span class='ocrx_word' id='word_1_711' title='bbox 1257 5476 1534 5530; x_wconf 75' lang='lat' dir='ltr'><strong>praecones</strong></span> <span class='ocrx_word' id='word_1_712' title='bbox 1574 5460 1814 5524; x_wconf 79' lang='lat' dir='ltr'><strong>fuerunt,</strong></span> <span class='ocrx_word' id='word_1_713' title='bbox 1856 5464 2130 5532; x_wconf 81' lang='lat' dir='ltr'><strong>apostolos</strong></span> <span class='ocrx_word' id='word_1_714' title='bbox 2174 5464 2380 5518; x_wconf 85' lang='lat' dir='ltr'><strong>scilicet</strong></span> 
     </span>
    </p>
   </div>
   <div class='ocr_carea' id='block_1_89' title="bbox 833 5540 2377 5622">
    <p class='ocr_par' dir='ltr' id='par_1_89' title="bbox 833 5540 2377 5622">
     <span class='ocr_line' id='line_1_89' title="bbox 833 5540 2377 5622; baseline 0.002 -18"><span class='ocrx_word' id='word_1_715' title='bbox 833 5560 887 5604; x_wconf 88' lang='lat' dir='ltr'><strong>et</strong></span> <span class='ocrx_word' id='word_1_716' title='bbox 919 5540 1304 5620; x_wconf 75' lang='lat' dir='ltr'><strong>evangelistas,</strong></span> <span class='ocrx_word' id='word_1_717' title='bbox 1337 5566 1365 5604; x_wconf 89' lang='lat' dir='ltr'><strong>a</strong></span> <span class='ocrx_word' id='word_1_718' title='bbox 1394 5551 1593 5619; x_wconf 87' lang='lat' dir='ltr'><strong>quibus</strong></span> <span class='ocrx_word' id='word_1_719' title='bbox 1633 5552 2031 5621; x_wconf 81' lang='lat' dir='ltr'><strong>magniﬁcentia</strong></span> <span class='ocrx_word' id='word_1_720' title='bbox 2059 5553 2200 5622; x_wconf 87' lang='lat' dir='ltr'><strong>ejus,</strong></span> <span class='ocrx_word' id='word_1_721' title='bbox 2230 5553 2377 5607; x_wconf 87' lang='lat' dir='ltr'><strong>vide-</strong></span> 
     </span>
    </p>
   </div>
   <div class='ocr_carea' id='block_1_90' title="bbox 763 5642 2372 5709">
    <p class='ocr_par' dir='ltr' id='par_1_90' title="bbox 763 5642 2372 5709">
     <span class='ocr_line' id='line_1_90' title="bbox 763 5642 2372 5709; baseline 0.001 -13"><span class='ocrx_word' id='word_1_722' title='bbox 763 5646 770 5656; x_wconf 92' lang='lat'>&#39;</span> <span class='ocrx_word' id='word_1_723' title='bbox 836 5644 959 5698; x_wconf 87' lang='lat' dir='ltr'><strong>licet</strong></span> <span class='ocrx_word' id='word_1_724' title='bbox 1021 5642 1255 5708; x_wconf 88' lang='lat' dir='ltr'><strong>deitatis,</strong></span> <span class='ocrx_word' id='word_1_725' title='bbox 1330 5644 1679 5699; x_wconf 82' lang='lat' dir='ltr'><strong>noscebatur.</strong></span> <span class='ocrx_word' id='word_1_726' title='bbox 1740 5642 1917 5709; x_wconf 86' lang='lat' dir='ltr'><strong>Quare</strong></span> <span class='ocrx_word' id='word_1_727' title='bbox 1967 5645 2094 5698; x_wconf 88' lang='lat' dir='ltr'><strong>alibi</strong></span> <span class='ocrx_word' id='word_1_728' title='bbox 2135 5643 2372 5699; x_wconf 89' lang='lat' dir='ltr'><strong>dicitur:</strong></span> 
     </span>
    </p>
   </div>
   <div class='ocr_carea' id='block_1_91' title="bbox 2486 3826 4051 3895">
    <p class='ocr_par' dir='ltr' id='par_1_91' title="bbox 2486 3826 4051 3895">
     <span class='ocr_line' id='line_1_91' title="bbox 2486 3826 4051 3895; baseline -0.001 -14"><span class='ocrx_word' id='word_1_729' title='bbox 2486 3827 2689 3881; x_wconf 77' lang='grc' dir='ltr'><strong>ἐποίει⁸</strong></span> <span class='ocrx_word' id='word_1_730' title='bbox 2728 3828 2829 3880; x_wconf 62' lang='grc' dir='ltr'>καὶ</span> <span class='ocrx_word' id='word_1_731' title='bbox 2860 3826 3019 3879; x_wconf 89' lang='grc' dir='ltr'>πάλιν</span> <span class='ocrx_word' id='word_1_732' title='bbox 3072 3826 3440 3895; x_wconf 76' lang='grc' dir='ltr'>ἐντειλάμενος</span> <span class='ocrx_word' id='word_1_733' title='bbox 3483 3826 3664 3889; x_wconf 83' lang='grc' dir='ltr'>αὐτοῖς</span> <span class='ocrx_word' id='word_1_734' title='bbox 3715 3826 3809 3879; x_wconf 79' lang='grc' dir='ltr'>καὶ</span> <span class='ocrx_word' id='word_1_735' title='bbox 3848 3826 4051 3880; x_wconf 60' lang='grc' dir='ltr'>εἰπών*</span> 
     </span>
    </p>
   </div>
   <div class='ocr_carea' id='block_1_92' title="bbox 2487 3915 4056 3990">
    <p class='ocr_par' dir='ltr' id='par_1_92' title="bbox 2487 3915 4056 3990">
     <span class='ocr_line' id='line_1_92' title="bbox 2487 3915 4056 3990; baseline 0.001 -20"><span class='ocrx_word' id='word_1_736' title='bbox 2487 3937 2508 3969; x_wconf 72' lang='grc' dir='ltr'><strong>ο</strong></span> <span class='ocrx_word' id='word_1_737' title='bbox 2546 3917 2901 3989; x_wconf 79' lang='grc' dir='ltr'>Πορευθέντες</span> <span class='ocrx_word' id='word_1_738' title='bbox 2964 3915 3333 3987; x_wconf 82' lang='grc' dir='ltr'>μαθητεύσατε</span> <span class='ocrx_word' id='word_1_739' title='bbox 3376 3917 3553 3981; x_wconf 80' lang='grc' dir='ltr'>πάντα</span> <span class='ocrx_word' id='word_1_740' title='bbox 3585 3916 3653 3970; x_wconf 74' lang='grc' dir='ltr'>τὰ</span> <span class='ocrx_word' id='word_1_741' title='bbox 3692 3916 3817 3987; x_wconf 75' lang='grc' dir='ltr'>ἔθνη</span> <span class='ocrx_word' id='word_1_742' title='bbox 3858 3920 3916 3970; x_wconf 78' lang='grc' dir='ltr'><strong>ὲν</strong></span> <span class='ocrx_word' id='word_1_743' title='bbox 3968 3917 4056 3990; x_wconf 74' lang='grc' dir='ltr'>τῷ</span> 
     </span>
    </p>
   </div>
   <div class='ocr_carea' id='block_1_93' title="bbox 2480 4004 4051 4080">
    <p class='ocr_par' dir='ltr' id='par_1_93' title="bbox 2480 4004 4051 4080">
     <span class='ocr_line' id='line_1_93' title="bbox 2480 4004 4051 4080; baseline -0.002 -19"><span class='ocrx_word' id='word_1_744' title='bbox 2480 4009 2703 4080; x_wconf 83' lang='grc' dir='ltr'>ὀνόματί</span> <span class='ocrx_word' id='word_1_745' title='bbox 2734 4026 2856 4079; x_wconf 90' lang='grc' dir='ltr'>μου,</span> <span class='ocrx_word' id='word_1_746' title='bbox 2902 4026 2919 4059; x_wconf 70' lang='grc' dir='ltr'><strong>ι</strong></span> <span class='ocrx_word' id='word_1_747' title='bbox 2951 4007 3095 4077; x_wconf 79' lang='grc' dir='ltr'>ἔργῳ</span> <span class='ocrx_word' id='word_1_748' title='bbox 3118 4008 3223 4079; x_wconf 85' lang='grc' dir='ltr'><strong>τὴν</strong></span> <span class='ocrx_word' id='word_1_749' title='bbox 3254 4007 3477 4077; x_wconf 86' lang='grc' dir='ltr'>δύναμιν</span> <span class='ocrx_word' id='word_1_750' title='bbox 3509 4007 3711 4060; x_wconf 78' lang='grc' dir='ltr'>ἐδείκνυ</span> <span class='ocrx_word' id='word_1_751' title='bbox 3731 4024 3745 4037; x_wconf 76' lang='grc' dir='ltr'><strong>ο</strong></span> <span class='ocrx_word' id='word_1_752' title='bbox 3774 4006 3867 4061; x_wconf 72' lang='grc' dir='ltr'><strong>καὶ</strong></span> <span class='ocrx_word' id='word_1_753' title='bbox 3894 4004 4051 4072; x_wconf 79' lang='grc' dir='ltr'>αὖθις.</span> 
     </span>
    </p>
   </div>
   <div class='ocr_carea' id='block_1_94' title="bbox 2481 4092 4050 4170">
    <p class='ocr_par' dir='ltr' id='par_1_94' title="bbox 2481 4092 4050 4170">
     <span class='ocr_line' id='line_1_94' title="bbox 2481 4092 4050 4170; baseline -0.001 -16"><span class='ocrx_word' id='word_1_754' title='bbox 2481 4098 2679 4154; x_wconf 77' lang='grc' dir='ltr'>είπών·</span> <span class='ocrx_word' id='word_1_755' title='bbox 2719 4119 2737 4151; x_wconf 79' lang='grc' dir='ltr'><strong>ι</strong></span> <span class='ocrx_word' id='word_1_756' title='bbox 2792 4102 2887 4152; x_wconf 75' lang='grc' dir='ltr'>Δεῖ</span> <span class='ocrx_word' id='word_1_757' title='bbox 2931 4092 3265 4170; x_wconf 82' lang='grc' dir='ltr'>κηρυχθῆναι</span> <span class='ocrx_word' id='word_1_758' title='bbox 3309 4097 3368 4152; x_wconf 78' lang='grc' dir='ltr'><strong>τὸ</strong></span> <span class='ocrx_word' id='word_1_759' title='bbox 3397 4098 3720 4167; x_wconf 82' lang='grc' dir='ltr'>Εύαγγέλιον</span> <span class='ocrx_word' id='word_1_760' title='bbox 3762 4099 3859 4169; x_wconf 83' lang='grc' dir='ltr'>τῆς</span> <span class='ocrx_word' id='word_1_761' title='bbox 3904 4099 4050 4169; x_wconf 83' lang='grc' dir='ltr'>βασι-</span> 
     </span>
    </p>
   </div>
   <div class='ocr_carea' id='block_1_95' title="bbox 2480 4189 4048 4265">
    <p class='ocr_par' dir='ltr' id='par_1_95' title="bbox 2480 4189 4048 4265">
     <span class='ocr_line' id='line_1_95' title="bbox 2480 4189 4048 4265; baseline 0 -21"><span class='ocrx_word' id='word_1_762' title='bbox 2480 4191 2627 4255; x_wconf 86' lang='grc' dir='ltr'>λείας</span> <span class='ocrx_word' id='word_1_763' title='bbox 2666 4189 2731 4245; x_wconf 85' lang='grc' dir='ltr'><strong>ὲν</strong></span> <span class='ocrx_word' id='word_1_764' title='bbox 2765 4192 2862 4265; x_wconf 81' lang='grc' dir='ltr'><strong>ὅλῃ</strong></span> <span class='ocrx_word' id='word_1_765' title='bbox 2911 4193 2977 4261; x_wconf 83' lang='grc' dir='ltr'>τῇ</span> <span class='ocrx_word' id='word_1_766' title='bbox 3011 4190 3305 4262; x_wconf 75' lang='grc' dir='ltr'>οἰκουμένῃ</span> <span class='ocrx_word' id='word_1_767' title='bbox 3350 4192 3428 4254; x_wconf 88' lang='grc' dir='ltr'><strong>είς</strong></span> <span class='ocrx_word' id='word_1_768' title='bbox 3458 4189 3749 4261; x_wconf 83' lang='grc' dir='ltr'>μαρτύριον</span> <span class='ocrx_word' id='word_1_769' title='bbox 3779 4192 3909 4243; x_wconf 78' lang='grc' dir='ltr'>πᾶσι</span> <span class='ocrx_word' id='word_1_770' title='bbox 3936 4193 4048 4255; x_wconf 70' lang='grc' dir='ltr'>τοῖς</span> 
     </span>
    </p>
   </div>
   <div class='ocr_carea' id='block_1_96' title="bbox 2480 4279 4048 4352">
    <p class='ocr_par' dir='ltr' id='par_1_96' title="bbox 2480 4279 4048 4352">
     <span class='ocr_line' id='line_1_96' title="bbox 2480 4279 4048 4352; baseline -0.001 -17"><span class='ocrx_word' id='word_1_771' title='bbox 2480 4282 2677 4346; x_wconf 77' lang='grc' dir='ltr'>ἔθνεσι,</span> <span class='ocrx_word' id='word_1_772' title='bbox 2706 4301 2723 4333; x_wconf 75' lang='grc' dir='ltr'><strong>ι</strong></span> <span class='ocrx_word' id='word_1_773' title='bbox 2761 4282 2854 4335; x_wconf 86' lang='grc' dir='ltr'><strong>τοῦ</strong></span> <span class='ocrx_word' id='word_1_774' title='bbox 2886 4281 3042 4350; x_wconf 83' lang='grc' dir='ltr'>λόγου</span> <span class='ocrx_word' id='word_1_775' title='bbox 3076 4281 3173 4352; x_wconf 83' lang='grc' dir='ltr'>τὴν</span> <span class='ocrx_word' id='word_1_776' title='bbox 3201 4280 3425 4350; x_wconf 84' lang='grc' dir='ltr'>δύναμιν</span> <span class='ocrx_word' id='word_1_777' title='bbox 3453 4281 3631 4343; x_wconf 80' lang='grc' dir='ltr'>αὐτοῖς</span> <span class='ocrx_word' id='word_1_778' title='bbox 3661 4279 3839 4351; x_wconf 68' lang='grc' dir='ltr'>ἐρίοις</span> <span class='ocrx_word' id='word_1_779' title='bbox 3861 4282 4048 4352; x_wconf 85' lang='grc' dir='ltr'>παρεῖ-</span> 
     </span>
    </p>
   </div>
   <div class='ocr_carea' id='block_1_97' title="bbox 2480 4370 4047 4444">
    <p class='ocr_par' dir='ltr' id='par_1_97' title="bbox 2480 4370 4047 4444">
     <span class='ocr_line' id='line_1_97' title="bbox 2480 4370 4047 4444; baseline -0.001 -19"><span class='ocrx_word' id='word_1_780' title='bbox 2480 4391 2572 4444; x_wconf 88' lang='grc' dir='ltr'><strong>χεν</strong></span> <span class='ocrx_word' id='word_1_781' title='bbox 2605 4374 2767 4444; x_wconf 69' lang='grc' dir='ltr'><strong>ὁρᾷψ</strong></span> <span class='ocrx_word' id='word_1_782' title='bbox 2802 4373 2894 4425; x_wconf 75' lang='grc' dir='ltr'>καῖ</span> <span class='ocrx_word' id='word_1_783' title='bbox 2937 4372 3119 4426; x_wconf 72' lang='grc' dir='ltr'>ἄλλοτε</span> <span class='ocrx_word' id='word_1_784' title='bbox 3153 4372 3355 4441; x_wconf 82' lang='grc' dir='ltr'>φήσας’</span> <span class='ocrx_word' id='word_1_785' title='bbox 3395 4390 3415 4421; x_wconf 71' lang='grc' dir='ltr'><strong>ι</strong></span> <span class='ocrx_word' id='word_1_786' title='bbox 3461 4370 3583 4423; x_wconf 74' lang='grc' dir='ltr'>Ἐπὶ</span> <span class='ocrx_word' id='word_1_787' title='bbox 3612 4371 3711 4442; x_wconf 79' lang='grc' dir='ltr'><strong>τὴν</strong></span> <span class='ocrx_word' id='word_1_788' title='bbox 3742 4372 3943 4443; x_wconf 84' lang='grc' dir='ltr'>πέτραν</span> <span class='ocrx_word' id='word_1_789' title='bbox 3969 4372 4047 4424; x_wconf 78' lang='lat' dir='ltr'><strong>ol—</strong></span> 
     </span>
    </p>
   </div>
   <div class='ocr_carea' id='block_1_98' title="bbox 2480 4461 4043 4533">
    <p class='ocr_par' dir='ltr' id='par_1_98' title="bbox 2480 4461 4043 4533">
     <span class='ocr_line' id='line_1_98' title="bbox 2480 4461 4043 4533; baseline 0 -17"><span class='ocrx_word' id='word_1_790' title='bbox 2480 4463 2767 4532; x_wconf 83' lang='grc' dir='ltr'>κοδομήσω</span> <span class='ocrx_word' id='word_1_791' title='bbox 2813 4478 2912 4532; x_wconf 88' lang='grc' dir='ltr'><strong>μου</strong></span> <span class='ocrx_word' id='word_1_792' title='bbox 2955 4461 3054 4532; x_wconf 80' lang='grc' dir='ltr'><strong>τὴν</strong></span> <span class='ocrx_word' id='word_1_793' title='bbox 3094 4461 3435 4531; x_wconf 85' lang='grc' dir='ltr'>Ἐκκλησίαν,</span> <span class='ocrx_word' id='word_1_794' title='bbox 3482 4462 3574 4514; x_wconf 75' lang='grc' dir='ltr'>καὶ</span> <span class='ocrx_word' id='word_1_795' title='bbox 3619 4463 3782 4516; x_wconf 81' lang='grc' dir='ltr'>πύλαι</span> <span class='ocrx_word' id='word_1_796' title='bbox 3820 4464 3945 4533; x_wconf 76' lang='grc' dir='ltr'>ᾅδου</span> <span class='ocrx_word' id='word_1_797' title='bbox 3983 4464 4043 4517; x_wconf 83' lang='grc' dir='ltr'><strong>ού</strong></span> 
     </span>
    </p>
   </div>
   <div class='ocr_carea' id='block_1_99' title="bbox 2480 4538 4041 4622">
    <p class='ocr_par' dir='ltr' id='par_1_99' title="bbox 2480 4538 4041 4622">
     <span class='ocr_line' id='line_1_99' title="bbox 2480 4538 4041 4622; baseline -0.002 -16"><span class='ocrx_word' id='word_1_798' title='bbox 2480 4553 2891 4621; x_wconf 84' lang='grc' dir='ltr'>κατισχύσουσιν</span> <span class='ocrx_word' id='word_1_799' title='bbox 2913 4538 3109 4621; x_wconf 73' lang='grc' dir='ltr'>αὐτῆς,</span> <span class='ocrx_word' id='word_1_800' title='bbox 3136 4572 3153 4604; x_wconf 69' lang='grc' dir='ltr'><strong>ι</strong></span> <span class='ocrx_word' id='word_1_801' title='bbox 3191 4550 3339 4621; x_wconf 81' lang='grc' dir='ltr'>αὐτῷ</span> <span class='ocrx_word' id='word_1_802' title='bbox 3378 4552 3655 4622; x_wconf 85' lang='grc' dir='ltr'>πράγματι</span> <span class='ocrx_word' id='word_1_803' title='bbox 3682 4553 3780 4622; x_wconf 84' lang='grc' dir='ltr'>τὴν</span> <span class='ocrx_word' id='word_1_804' title='bbox 3815 4552 4041 4622; x_wconf 86' lang='grc' dir='ltr'>δύναμιν</span> 
     </span>
    </p>
   </div>
   <div class='ocr_carea' id='block_1_100' title="bbox 2482 4639 4044 4713">
    <p class='ocr_par' dir='ltr' id='par_1_100' title="bbox 2482 4639 4044 4713">
     <span class='ocr_line' id='line_1_100' title="bbox 2482 4639 4044 4713; baseline -0.001 -16"><span class='ocrx_word' id='word_1_805' title='bbox 2482 4642 2876 4713; x_wconf 77' lang='grc' dir='ltr'>παρεστήσατο.</span> <span class='ocrx_word' id='word_1_806' title='bbox 2912 4641 3013 4695; x_wconf 85' lang='grc' dir='ltr'>Τδν</span> <span class='ocrx_word' id='word_1_807' title='bbox 3045 4643 3203 4696; x_wconf 77' lang='grc' dir='ltr'>αὐτὸν</span> <span class='ocrx_word' id='word_1_808' title='bbox 3230 4639 3323 4697; x_wconf 82' lang='grc' dir='ltr'>οὖν</span> <span class='ocrx_word' id='word_1_809' title='bbox 3351 4642 3548 4713; x_wconf 81' lang='grc' dir='ltr'>τρόπον</span> <span class='ocrx_word' id='word_1_810' title='bbox 3581 4643 3675 4697; x_wconf 73' lang='grc' dir='ltr'><strong>καὶ</strong></span> <span class='ocrx_word' id='word_1_811' title='bbox 3700 4645 3812 4705; x_wconf 83' lang='grc' dir='ltr'>τοῖς</span> <span class='ocrx_word' id='word_1_812' title='bbox 3842 4641 4044 4703; x_wconf 72' lang='grc' dir='ltr'>λοιποῖς</span> 
     </span>
    </p>
   </div>
   <div class='ocr_carea' id='block_1_101' title="bbox 2481 4734 4042 4805">
    <p class='ocr_par' dir='ltr' id='par_1_101' title="bbox 2481 4734 4042 4805">
     <span class='ocr_line' id='line_1_101' title="bbox 2481 4734 4042 4805; baseline -0.001 -18"><span class='ocrx_word' id='word_1_813' title='bbox 2481 4734 2653 4787; x_wconf 77' lang='grc' dir='ltr'>ἅπασι</span> <span class='ocrx_word' id='word_1_814' title='bbox 2677 4737 2787 4798; x_wconf 86' lang='grc' dir='ltr'>τοῖς</span> <span class='ocrx_word' id='word_1_815' title='bbox 2818 4736 2915 4805; x_wconf 79' lang='grc' dir='ltr'>τῆς</span> <span class='ocrx_word' id='word_1_816' title='bbox 2943 4734 3281 4798; x_wconf 85' lang='grc' dir='ltr'>διδασκαλίας</span> <span class='ocrx_word' id='word_1_817' title='bbox 3310 4734 3473 4788; x_wconf 84' lang='grc' dir='ltr'>αὑτοῦ</span> <span class='ocrx_word' id='word_1_818' title='bbox 3504 4736 3711 4805; x_wconf 78' lang='grc' dir='ltr'>ῥήμασι</span> <span class='ocrx_word' id='word_1_819' title='bbox 3742 4750 4042 4805; x_wconf 82' lang='grc' dir='ltr'>συγκεκρα-</span> 
     </span>
    </p>
   </div>
   <div class='ocr_carea' id='block_1_102' title="bbox 2484 4820 4043 4901">
    <p class='ocr_par' dir='ltr' id='par_1_102' title="bbox 2484 4820 4043 4901">
     <span class='ocr_line' id='line_1_102' title="bbox 2484 4820 4043 4901; baseline 0.001 -22"><span class='ocrx_word' id='word_1_820' title='bbox 2484 4827 2648 4898; x_wconf 84' lang='grc' dir='ltr'>μένην</span> <span class='ocrx_word' id='word_1_821' title='bbox 2678 4828 2855 4899; x_wconf 77' lang='grc' dir='ltr'>εὕροις</span> <span class='ocrx_word' id='word_1_822' title='bbox 2884 4829 2949 4883; x_wconf 84' lang='grc' dir='ltr'><strong>ἃν</strong></span> <span class='ocrx_word' id='word_1_823' title='bbox 2974 4830 3073 4901; x_wconf 78' lang='grc' dir='ltr'><strong>τὴν</strong></span> <span class='ocrx_word' id='word_1_824' title='bbox 3105 4829 3290 4901; x_wconf 85' lang='grc' dir='ltr'>θεῖκὴν</span> <span class='ocrx_word' id='word_1_825' title='bbox 3328 4826 3572 4899; x_wconf 87' lang='grc' dir='ltr'>δύναμιν.</span> <span class='ocrx_word' id='word_1_826' title='bbox 3609 4820 3682 4879; x_wconf 66' lang='lat' dir='ltr'><strong>Ob</strong></span> <span class='ocrx_word' id='word_1_827' title='bbox 3714 4827 3871 4899; x_wconf 78' lang='grc' dir='ltr'>χάριν</span> <span class='ocrx_word' id='word_1_828' title='bbox 3897 4828 4043 4898; x_wconf 74' lang='grc' dir='ltr'>εἴρη-</span> 
     </span>
    </p>
   </div>
   <div class='ocr_carea' id='block_1_103' title="bbox 2480 4919 4037 4992">
    <p class='ocr_par' dir='ltr' id='par_1_103' title="bbox 2480 4919 4037 4992">
     <span class='ocr_line' id='line_1_103' title="bbox 2480 4919 4037 4992; baseline 0.003 -22"><span class='ocrx_word' id='word_1_829' title='bbox 2480 4935 2568 4972; x_wconf 90' lang='grc' dir='ltr'><strong>ται</strong></span> <span class='ocrx_word' id='word_1_830' title='bbox 2588 4936 2600 4950; x_wconf 92' lang='grc'><strong>·</strong></span> <span class='ocrx_word' id='word_1_831' title='bbox 2631 4939 2648 4970; x_wconf 82' lang='grc' dir='ltr'><strong>ι</strong></span> <span class='ocrx_word' id='word_1_832' title='bbox 2682 4920 2813 4991; x_wconf 74' lang='grc' dir='ltr'>Ἰδοὺ</span> <span class='ocrx_word' id='word_1_833' title='bbox 2837 4920 3001 4974; x_wconf 82' lang='grc' dir='ltr'>δώσει</span> <span class='ocrx_word' id='word_1_834' title='bbox 3023 4924 3089 4992; x_wconf 86' lang='grc' dir='ltr'>τῇ</span> <span class='ocrx_word' id='word_1_835' title='bbox 3113 4924 3260 4991; x_wconf 80' lang='grc' dir='ltr'>φωνῇ</span> <span class='ocrx_word' id='word_1_836' title='bbox 3287 4919 3449 4973; x_wconf 83' lang='grc' dir='ltr'>αὑτοῦ</span> <span class='ocrx_word' id='word_1_837' title='bbox 3482 4920 3663 4989; x_wconf 83' lang='grc' dir='ltr'>φωνὴν</span> <span class='ocrx_word' id='word_1_838' title='bbox 3691 4920 3986 4990; x_wconf 86' lang='grc' dir='ltr'>δυνάμεως.</span> <span class='ocrx_word' id='word_1_839' title='bbox 4004 4942 4037 4975; x_wconf 78' lang='grc'><strong>·»</strong></span> 
     </span>
    </p>
   </div>
   <div class='ocr_carea' id='block_1_104' title="bbox 2495 5008 4043 5082">
    <p class='ocr_par' dir='ltr' id='par_1_104' title="bbox 2495 5008 4043 5082">
     <span class='ocr_line' id='line_1_104' title="bbox 2495 5008 4043 5082; baseline 0.001 -19"><span class='ocrx_word' id='word_1_840' title='bbox 2495 5008 2651 5063; x_wconf 70' lang='grc' dir='ltr'>Ἀλλὰ</span> <span class='ocrx_word' id='word_1_841' title='bbox 2687 5010 2795 5081; x_wconf 83' lang='grc' dir='ltr'>γὰρ</span> <span class='ocrx_word' id='word_1_842' title='bbox 2824 5012 2997 5065; x_wconf 84' lang='grc' dir='ltr'>ταῦτα</span> <span class='ocrx_word' id='word_1_843' title='bbox 3018 5010 3333 5073; x_wconf 87' lang='grc' dir='ltr'>παιδεύσας,</span> <span class='ocrx_word' id='word_1_844' title='bbox 3352 5008 3477 5079; x_wconf 75' lang='grc' dir='ltr'>ἑξῆς</span> <span class='ocrx_word' id='word_1_845' title='bbox 3496 5010 3917 5080; x_wconf 86' lang='grc' dir='ltr'>παρακελεύεται</span> <span class='ocrx_word' id='word_1_846' title='bbox 3941 5012 4043 5082; x_wconf 89' lang='grc' dir='ltr'><strong>φά-</strong></span> 
     </span>
    </p>
   </div>
   <div class='ocr_carea' id='block_1_105' title="bbox 2484 5100 4044 5173">
    <p class='ocr_par' dir='ltr' id='par_1_105' title="bbox 2484 5100 4044 5173">
     <span class='ocr_line' id='line_1_105' title="bbox 2484 5100 4044 5173; baseline 0.001 -20"><span class='ocrx_word' id='word_1_847' title='bbox 2484 5116 2626 5154; x_wconf 88' lang='grc' dir='ltr'>σκων</span> <span class='ocrx_word' id='word_1_848' title='bbox 2652 5122 2664 5133; x_wconf 90' lang='grc'><strong>·</strong></span> <span class='ocrx_word' id='word_1_849' title='bbox 2703 5122 2721 5153; x_wconf 75' lang='grc' dir='ltr'><strong>ι</strong></span> <span class='ocrx_word' id='word_1_850' title='bbox 2752 5104 2878 5156; x_wconf 83' lang='grc' dir='ltr'>Δότε</span> <span class='ocrx_word' id='word_1_851' title='bbox 2908 5103 3063 5169; x_wconf 83' lang='grc' dir='ltr'>δόξαν</span> <span class='ocrx_word' id='word_1_852' title='bbox 3093 5100 3173 5171; x_wconf 83' lang='grc' dir='ltr'>τῷ</span> <span class='ocrx_word' id='word_1_853' title='bbox 3200 5101 3317 5171; x_wconf 88' lang='grc' dir='ltr'><strong>Θεῷ</strong></span> <span class='ocrx_word' id='word_1_854' title='bbox 3352 5101 3559 5155; x_wconf 78' lang='grc' dir='ltr'>ὲπὶτὸν</span> <span class='ocrx_word' id='word_1_855' title='bbox 3599 5102 3844 5173; x_wconf 86' lang='grc' dir='ltr'>Ἰσραήλ·</span> <span class='ocrx_word' id='word_1_856' title='bbox 3877 5103 3909 5173; x_wconf 83' lang='grc' dir='ltr'>ή</span> <span class='ocrx_word' id='word_1_857' title='bbox 3949 5120 4044 5173; x_wconf 82' lang='grc' dir='ltr'>με·</span> 
     </span>
    </p>
   </div>
   <div class='ocr_carea' id='block_1_106' title="bbox 2481 5188 4042 5270">
    <p class='ocr_par' dir='ltr' id='par_1_106' title="bbox 2481 5188 4042 5270">
     <span class='ocr_line' id='line_1_106' title="bbox 2481 5188 4042 5270; baseline 0.001 -29"><span class='ocrx_word' id='word_1_858' title='bbox 2481 5188 2845 5261; x_wconf 84' lang='grc' dir='ltr'>γαλοπρέπεια</span> <span class='ocrx_word' id='word_1_859' title='bbox 2873 5191 3035 5270; x_wconf 81' lang='grc' dir='ltr'>αὑτοῦ</span> <span class='ocrx_word' id='word_1_860' title='bbox 3072 5191 3167 5244; x_wconf 61' lang='grc' dir='ltr'><strong>καὶ⁵</strong></span> <span class='ocrx_word' id='word_1_861' title='bbox 3194 5193 3227 5260; x_wconf 77' lang='grc' dir='ltr'><strong>ἡ</strong></span> <span class='ocrx_word' id='word_1_862' title='bbox 3256 5190 3479 5261; x_wconf 86' lang='grc' dir='ltr'>δύναμις</span> <span class='ocrx_word' id='word_1_863' title='bbox 3505 5190 3664 5244; x_wconf 81' lang='grc' dir='ltr'>αὐτοῦ</span> <span class='ocrx_word' id='word_1_864' title='bbox 3701 5192 3758 5245; x_wconf 82' lang='grc' dir='ltr'>ὲν</span> <span class='ocrx_word' id='word_1_865' title='bbox 3799 5194 3917 5255; x_wconf 88' lang='grc' dir='ltr'>ταῖς</span> <span class='ocrx_word' id='word_1_866' title='bbox 3960 5208 4042 5245; x_wconf 83' lang='grc' dir='ltr'><strong>νε-</strong></span> 
     </span>
    </p>
   </div>
   <div class='ocr_carea' id='block_1_107' title="bbox 2480 5279 4040 5355">
    <p class='ocr_par' dir='ltr' id='par_1_107' title="bbox 2480 5279 4040 5355">
     <span class='ocr_line' id='line_1_107' title="bbox 2480 5279 4040 5355; baseline 0 -22"><span class='ocrx_word' id='word_1_867' title='bbox 2480 5280 2684 5349; x_wconf 86' lang='grc' dir='ltr'>φέλαις.</span> <span class='ocrx_word' id='word_1_868' title='bbox 2728 5303 2746 5336; x_wconf 74' lang='grc' dir='ltr'><strong><em>ι</em></strong></span> <span class='ocrx_word' id='word_1_869' title='bbox 2767 5284 2839 5336; x_wconf 86' lang='grc' dir='ltr'>Τὸ</span> <span class='ocrx_word' id='word_1_870' title='bbox 2874 5284 2971 5355; x_wconf 77' lang='grc' dir='ltr'>μὲν</span> <span class='ocrx_word' id='word_1_871' title='bbox 3010 5279 3124 5346; x_wconf 83' lang='grc' dir='ltr'>οὖν,</span> <span class='ocrx_word' id='word_1_872' title='bbox 3160 5301 3179 5333; x_wconf 76' lang='grc' dir='ltr'><strong>ι</strong></span> <span class='ocrx_word' id='word_1_873' title='bbox 3216 5283 3342 5337; x_wconf 90' lang='grc' dir='ltr'>Δότε</span> <span class='ocrx_word' id='word_1_874' title='bbox 3370 5282 3522 5347; x_wconf 78' lang='grc' dir='ltr'>δόξαν</span> <span class='ocrx_word' id='word_1_875' title='bbox 3545 5282 3621 5352; x_wconf 87' lang='grc' dir='ltr'>τῷ</span> <span class='ocrx_word' id='word_1_876' title='bbox 3652 5280 3789 5353; x_wconf 81' lang='grc' dir='ltr'>Θεῷ,</span> <span class='ocrx_word' id='word_1_877' title='bbox 3828 5302 3846 5333; x_wconf 74' lang='grc' dir='ltr'><strong>ι</strong></span> <span class='ocrx_word' id='word_1_878' title='bbox 3876 5285 4040 5335; x_wconf 80' lang='grc' dir='ltr'>πᾶσιν</span> 
     </span>
    </p>
   </div>
   <div class='ocr_carea' id='block_1_108' title="bbox 2485 5373 4036 5446">
    <p class='ocr_par' dir='ltr' id='par_1_108' title="bbox 2485 5373 4036 5446">
     <span class='ocr_line' id='line_1_108' title="bbox 2485 5373 4036 5446; baseline 0 -21"><span class='ocrx_word' id='word_1_879' title='bbox 2485 5374 2691 5446; x_wconf 75' lang='grc' dir='ltr'>εἴρηται</span> <span class='ocrx_word' id='word_1_880' title='bbox 2730 5378 2842 5438; x_wconf 83' lang='grc' dir='ltr'>τοῖς</span> <span class='ocrx_word' id='word_1_881' title='bbox 2869 5374 3221 5446; x_wconf 78' lang='grc' dir='ltr'>κεκλημένοις</span> <span class='ocrx_word' id='word_1_882' title='bbox 3259 5375 3362 5428; x_wconf 85' lang='grc' dir='ltr'><strong>ὑπὸ</strong></span> <span class='ocrx_word' id='word_1_883' title='bbox 3400 5375 3495 5445; x_wconf 81' lang='grc' dir='ltr'>τὴν</span> <span class='ocrx_word' id='word_1_884' title='bbox 3527 5377 3786 5445; x_wconf 81' lang='grc' dir='ltr'>σωτήριον</span> <span class='ocrx_word' id='word_1_885' title='bbox 3824 5373 4000 5427; x_wconf 87' lang='grc' dir='ltr'>πίστιν</span> <span class='ocrx_word' id='word_1_886' title='bbox 4023 5392 4036 5403; x_wconf 92' lang='grc'><strong>·</strong></span> 
     </span>
    </p>
   </div>
   <div class='ocr_carea' id='block_1_109' title="bbox 2488 5464 4032 5539">
    <p class='ocr_par' dir='ltr' id='par_1_109' title="bbox 2488 5464 4032 5539">
     <span class='ocr_line' id='line_1_109' title="bbox 2488 5464 4032 5539; baseline -0.003 -20"><span class='ocrx_word' id='word_1_887' title='bbox 2488 5464 2559 5519; x_wconf 87' lang='grc' dir='ltr'>Τὸ</span> <span class='ocrx_word' id='word_1_888' title='bbox 2585 5466 2660 5530; x_wconf 86' lang='grc' dir='ltr'><strong>δὲ,</strong></span> <span class='ocrx_word' id='word_1_889' title='bbox 2690 5487 2708 5518; x_wconf 73' lang='grc' dir='ltr'><strong>ι</strong></span> <span class='ocrx_word' id='word_1_890' title='bbox 2738 5466 2839 5525; x_wconf 69' lang='grc' dir='ltr'>ἐπὶ,</span> <span class='ocrx_word' id='word_1_891' title='bbox 2872 5466 2962 5519; x_wconf 85' lang='grc' dir='ltr'>τὸν</span> <span class='ocrx_word' id='word_1_892' title='bbox 3012 5467 3221 5539; x_wconf 78' lang='grc' dir='ltr'>Ἰσραὴλ</span> <span class='ocrx_word' id='word_1_893' title='bbox 3258 5469 3291 5537; x_wconf 85' lang='grc' dir='ltr'><strong>ἡ</strong></span> <span class='ocrx_word' id='word_1_894' title='bbox 3330 5466 3767 5537; x_wconf 83' lang='grc' dir='ltr'>μεγαλοπρέπεια</span> <span class='ocrx_word' id='word_1_895' title='bbox 3795 5464 3978 5528; x_wconf 81' lang='grc' dir='ltr'>αὑτοῦ,</span> <span class='ocrx_word' id='word_1_896' title='bbox 4015 5483 4032 5515; x_wconf 78' lang='grc' dir='ltr'><strong>ι</strong></span> 
     </span>
    </p>
   </div>
   <div class='ocr_carea' id='block_1_110' title="bbox 2486 5550 4087 5631">
    <p class='ocr_par' dir='ltr' id='par_1_110' title="bbox 2486 5550 4087 5631">
     <span class='ocr_line' id='line_1_110' title="bbox 2486 5550 4087 5631; baseline -0.001 -22"><span class='ocrx_word' id='word_1_897' title='bbox 2486 5558 2735 5627; x_wconf 84' lang='grc' dir='ltr'>σημαίνει</span> <span class='ocrx_word' id='word_1_898' title='bbox 2776 5558 2901 5620; x_wconf 82' lang='grc' dir='ltr'>τοὺς</span> <span class='ocrx_word' id='word_1_899' title='bbox 2945 5556 3003 5621; x_wconf 79' lang='grc' dir='ltr'><strong>ἐξ</strong></span> <span class='ocrx_word' id='word_1_900' title='bbox 3044 5558 3254 5631; x_wconf 78' lang='grc' dir='ltr'>Ἰσραὴλ</span> <span class='ocrx_word' id='word_1_901' title='bbox 3290 5558 3608 5630; x_wconf 81' lang='grc' dir='ltr'>γενομένους</span> <span class='ocrx_word' id='word_1_902' title='bbox 3652 5558 3750 5629; x_wconf 79' lang='grc' dir='ltr'>τῆς</span> <span class='ocrx_word' id='word_1_903' title='bbox 3789 5556 4037 5625; x_wconf 80' lang='grc' dir='ltr'>θεότητος</span> <span class='ocrx_word' id='word_1_904' title='bbox 4084 5550 4087 5553; x_wconf 59' lang='grc'><em>’</em></span> 
     </span>
    </p>
   </div>
   <div class='ocr_carea' id='block_1_111' title="bbox 2484 5643 4033 5718">
    <p class='ocr_par' dir='ltr' id='par_1_111' title="bbox 2484 5643 4033 5718">
     <span class='ocr_line' id='line_1_111' title="bbox 2484 5643 4033 5718; baseline -0.001 -20"><span class='ocrx_word' id='word_1_905' title='bbox 2484 5644 2646 5698; x_wconf 83' lang='grc' dir='ltr'>αὑτοῦ</span> <span class='ocrx_word' id='word_1_906' title='bbox 2675 5646 2934 5717; x_wconf 83' lang='grc' dir='ltr'>κήρυκας,</span> <span class='ocrx_word' id='word_1_907' title='bbox 2959 5646 3280 5711; x_wconf 77' lang='grc' dir='ltr'>ἀποστόλους</span> <span class='ocrx_word' id='word_1_908' title='bbox 3300 5646 3496 5718; x_wconf 82' lang='grc' dir='ltr'>δηλαδὴ</span> <span class='ocrx_word' id='word_1_909' title='bbox 3522 5648 3612 5700; x_wconf 74' lang='grc' dir='ltr'>καὶ</span> <span class='ocrx_word' id='word_1_910' title='bbox 3630 5643 4033 5714; x_wconf 70' lang='grc' dir='ltr'>εὐαγγελιστάς,</span> 
     </span>
    </p>
   </div>
   <div class='ocr_carea' id='block_1_112' title="bbox 903 5796 4026 5865">
    <p class='ocr_par' dir='ltr' id='par_1_112' title="bbox 903 5796 4026 5865">
     <span class='ocr_line' id='line_1_112' title="bbox 903 5796 4026 5865; baseline 0.001 -15"><span class='ocrx_word' id='word_1_911' title='bbox 903 5799 941 5827; x_wconf 62' lang='grc' dir='ltr'>θ’</span> <span class='ocrx_word' id='word_1_912' title='bbox 969 5796 1122 5853; x_wconf 76' lang='lat' dir='ltr'><strong>Joan.</strong></span> <span class='ocrx_word' id='word_1_913' title='bbox 1157 5815 1287 5862; x_wconf 77' lang='lat' dir='ltr'><strong>xm,</strong></span> <span class='ocrx_word' id='word_1_914' title='bbox 1318 5799 1370 5854; x_wconf 82' lang='lat'><strong>5.</strong></span> <span class='ocrx_word' id='word_1_915' title='bbox 1448 5799 1489 5833; x_wconf 81' lang='grc'><strong>⁶²</strong></span> <span class='ocrx_word' id='word_1_916' title='bbox 1518 5798 1673 5853; x_wconf 78' lang='lat' dir='ltr'><strong>Joan.</strong></span> <span class='ocrx_word' id='word_1_917' title='bbox 1706 5816 1741 5864; x_wconf 88' lang='lat' dir='ltr'><strong>I,</strong></span> <span class='ocrx_word' id='word_1_918' title='bbox 1769 5800 1819 5852; x_wconf 87' lang='lat' dir='ltr'><strong>l.</strong></span> <span class='ocrx_word' id='word_1_919' title='bbox 1892 5800 1935 5831; x_wconf 82' lang='lat'><strong>”</strong></span> <span class='ocrx_word' id='word_1_920' title='bbox 1958 5799 2141 5853; x_wconf 72' lang='lat' dir='ltr'><strong>Matth.</strong></span> <span class='ocrx_word' id='word_1_921' title='bbox 2182 5816 2252 5863; x_wconf 80' lang='grc' dir='ltr'><strong>ιν,</strong></span> <span class='ocrx_word' id='word_1_922' title='bbox 2282 5800 2365 5854; x_wconf 75' lang='grc'><strong>19.</strong></span> <span class='ocrx_word' id='word_1_923' title='bbox 2443 5799 2487 5831; x_wconf 76' lang='grc'><strong>⁸⁵</strong></span> <span class='ocrx_word' id='word_1_924' title='bbox 2512 5798 2700 5853; x_wconf 77' lang='lat' dir='ltr'><strong>Matth.</strong></span> <span class='ocrx_word' id='word_1_925' title='bbox 2736 5814 2921 5863; x_wconf 83' lang='lat' dir='ltr'><strong>xxvm,</strong></span> <span class='ocrx_word' id='word_1_926' title='bbox 2955 5799 3040 5855; x_wconf 83' lang='lat' dir='ltr'><strong>l9.</strong></span> <span class='ocrx_word' id='word_1_927' title='bbox 3115 5801 3159 5833; x_wconf 86' lang='lat'><strong>&quot;</strong></span> <span class='ocrx_word' id='word_1_928' title='bbox 3192 5801 3373 5855; x_wconf 76' lang='lat' dir='ltr'><strong>Matth.</strong></span> <span class='ocrx_word' id='word_1_929' title='bbox 3428 5817 3575 5865; x_wconf 71' lang='lat' dir='ltr'><strong>xxiv,</strong></span> <span class='ocrx_word' id='word_1_930' title='bbox 3612 5801 3696 5856; x_wconf 74' lang='grc' dir='ltr'><strong>Η.</strong></span> <span class='ocrx_word' id='word_1_931' title='bbox 3772 5799 3817 5830; x_wconf 81' lang='grc'><strong><em>⁸⁸</em></strong></span> <span class='ocrx_word' id='word_1_932' title='bbox 3844 5797 4026 5854; x_wconf 62' lang='lat' dir='ltr'><strong>Matth.</strong></span> 
     </span>
    </p>
   </div>
   <div class='ocr_carea' id='block_1_113' title="bbox 838 5870 1060 5927">
    <p class='ocr_par' dir='ltr' id='par_1_113' title="bbox 838 5870 1060 5927">
     <span class='ocr_line' id='line_1_113' title="bbox 838 5870 1060 5927; baseline -0.005 -9"><span class='ocrx_word' id='word_1_933' title='bbox 838 5883 940 5927; x_wconf 76' lang='lat' dir='ltr'><strong>xu,</strong></span> <span class='ocrx_word' id='word_1_934' title='bbox 984 5870 1060 5919; x_wconf 67' lang='lat' dir='ltr'><strong>Ill.</strong></span> 
     </span>
    </p>
   </div>
  </div>
