4300 6430
283 523 376 576 721

1396 520 1897 578 COMMENTARIA
1936 518 2000 572 IN
2041 517 2377 573 PSALMOS.

3404 513 3508 566 7‘23

248 643 402 712 ’παρ’
430 637 508 705 οἷς
545 645 579 712 ή
629 641 1064 712 μεγαλοπρέπεια
1105 640 1266 695 αὑτοῦ
1314 641 1637 711 ὲγνωρίζετο
1661 659 1674 671 ·
1710 639 1852 692 οὕτω
1888 648 1924 699 Α

1827 659 1852 692 ι.)
1888 648 1924 699 Α
1961 637 2270 702 «Quoniam
2324 637 2530 690 elevata
2588 643 2672 689 est
2746 634 3145 703 magniﬁcentia
3197 642 3285 686 tua
3342 645 3525 697 super.

275 731 370 800 τῆς
402 731 652 800 θεότητος
685 732 847 785 αὑτοῦ
882 732 1234 802 καλουμένης.
1261 732 1350 784 Διὸ
1374 731 1614 785 λέλεκται
1644 734 1700 784 ὲν
1731 733 1848 784 ἑτέ·-

277 825 388 887 poi;
411 837 424 849 ·
461 839 480 871 ι
523 821 641 873 Ὅτι
685 822 894 892 ἐπήρθη
928 825 958 891 ὴ
999 821 1438 892 μεγαλοπρέπειά
1473 838 1564 872 σου
1599 821 1850 889 ὑπεράνω

274 909 381 961 τῶν
413 911 670 982 οὐρανῶν.
722 932 738 963 ι
770 914 889 964 Ὅτι
922 913 977 965 δὲ
1013 913 1072 964 ού
1101 912 1300 976 πάντες
1329 915 1379 964 oi
1413 911 1469 977 ἐξ
1514 911 1727 981 Ἰσραὴλ
1757 906 1847 963 οὖ-

277 1019 356 1054 τοι
399 1004 632 1074 Ἰσραὴλ,
665 1004 782 1056 οὐδὲ
825 1005 902 1056 ὅτι
943 1005 1049 1055 είσὶ
1105 1004 1322 1075 σπέρμα
1358 1004 1604 1073 Ἀδραάμ
1653 1006 1849 1067 πάντες

277 1093 440 1147 τέκνα
462 1111 474 1123 ·
509 1095 601 1146 καὶ
626 1094 701 1156 ὡς
735 1095 794 1147 ού
822 1093 889 1146 τὰ
923 1095 1085 1146 τέκνα
1128 1095 1226 1163 τῆς
1251 1093 1452 1164 σαρκὸς
1481 1091 1649 1145 ταῦτα
1681 1094 1846 1146 τέκνα

276 1183 369 1234 τοῦ
408 1183 568 1236 Θεοῦ·
611 1184 730 1236 οὐδὲ
753 1187 779 1236 6
804 1185 860 1235 ὲν
890 1182 965 1252 τῷ
1003 1181 1220 1253 φανουέᾦ
1265 1183 1509 1245 Ἰουδαῖός
1532 1184 1698 1246 ἐστιν,
1731 1185 1850 1237 οὐδὲ

278 1273 395 1340 ήέν
429 1271 506 1341 τῷ
537 1271 753 1341 φανερῷ
804 1271 860 1321 ὲν
911 1271 1071 1340 σαρκὶ
1121 1271 1408 1343 περιτομὴ,
1442 1273 1553 1324 ἀλλ’
1599 1275 1627 1325 6
1671 1275 1728 1324 ὲν
1773 1271 1850 1341 τῷ

278 1364 500 1434 κρυπτῷ
533 1362 798 1425 Ἰουδαῖος,
830 1367 921 1417 καὶ
947 1366 1212 1436 περιτομὴ
1238 1364 1458 1434 καρδίας
1487 1367 1542 1416 ὲν
1560 1365 1845 1433 πνεύματι,

275 1455 334 1506 ού
364 1455 670 1524 γράμματι,
705 1455 940 1509 διδάσκει
974 1457 1157 1525 σαφῶς
1184 1458 1211 1508 6
1245 1457 1578 1519 Ἀπόστολος.
1609 1458 1729 1510 Ἐπὶ
1758 1458 1848 1509 τὸν

288 1543 501 1614 Ἰσραὴλ
521 1545 748 1616 τοίνύνή
784 1549 1225 1617 μεγαλοπρέπεια
1266 1547 1426 1599 αὑτοῦ
1450 1565 1462 1576 ·
1493 1547 1625 1600 ἀλλά
1652 1548 1744 1600 καὶ
1770 1567 1786 1597 ι
1815 1551 1846 1618 ὴ

273 1633 498 1702 δύναμις
542 1636 702 1687 αὐτοῦ
730 1639 784 1689 ὲν
809 1642 924 1700 ταῖς
959 1639 1235 1707 νεφέλαις·
1275 1659 1292 1689 ι
1327 1640 1453 1710 περὶ
1497 1633 1571 1691 ὧν
1623 1639 1848 1705 Ἡσαΐας

275 1724 515 1787 θεσπίζει
552 1726 746 1793 λέγων·
789 1746 808 1778 ι
841 1729 948 1781 Καὶ
984 1731 1102 1791 ταῖς
1135 1728 1379 1796 νεφέλαις
1425 1730 1736 1800 ἐντελοῦμαι
1775 1733 1846 1802 μὴ

276 1813 460 1884 βρέξαι
503 1817 592 1868 ἐπὶ
641 1817 731 1868 τὸν
777 1818 1070 1888 ἀμπελῶνα
1101 1820 1272 1872 ὑετόν.
1313 1839 1330 1871 ι
1378 1819 1592 1889 Ἐδήλου
1637 1821 1692 1873 δὲ
1738 1823 1845 1892 ἄρα

274 1907 404 1968 τοὺς
441 1909 724 1976 προφήτας
754 1910 843 1962 καὶ
892 1910 1015 1973 τοὺς
1057 1909 1164 1962 τῶν
1209 1911 1364 1964 θείων
1410 1912 1740 1982 μαθημάτων
1768 1913 1848 1966 δι-

1950 729 2228 782 υωιοεθτδ
2273 725 2427 791 Quod
2474 735 2651 778 autem
2686 739 2792 777 non
2838 737 3026 776 omnes
3065 722 3160 790 qui
3205 737 3271 775 ex
3305 719 3504 773 Israele

1951 823 2097 882 sunt,
2129 819 2290 873 Israel
2320 815 2548 871 vocandi
2579 818 2719 882 sint;
2752 830 2924 884 neque
2950 815 3078 883 quia
3111 829 3295 868 semen
3334 810 3505 865 Abra-

1949 910 2031 963 hae
2058 917 2204 970 sunt,
2244 907 2364 961 ideo
2399 921 2588 960 omnes
2636 905 2729 957 ﬁlii
2771 905 2891 972 ejus
2936 905 3074 968 sint;
3123 902 3377 970 quodque
3413 901 3504 953 ﬁlii

1949 1002 2134 1054 carnis
2161 1015 2269 1054 non
2321 1001 2413 1052 ﬁlii
2448 998 2539 1052 Dei
2588 997 2780 1057 sinl“,
2831 1011 3004 1064 neque
3059 995 3149 1063 qui
3198 995 3377 1063 palam
3411 991 3508 1046 Ju-

1949 1091 2118 1152 daaus.
2151 1106 2276 1144 vere
2316 1090 2441 1144 talis
2471 1092 2562 1147 sit.
2597 1104 2771 1157 neque
2801 1103 2928 1142 vera
2960 1086 3308 1140 circumcisio
3338 1086 3410 1139 sit
3443 1101 3506 1139 ea

1949 1196 2070 1250 qua
2105 1181 2159 1235 in
2189 1185 2356 1238 carne
2389 1179 2481 1241 ﬁt;
2519 1180 2613 1234 sed
2642 1178 2865 1233 Iudaeus
2891 1193 3048 1232 verus
3089 1177 3142 1230 in
3182 1176 3418 1238 occulto,
3453 1185 3508 1228 et

1949 1273 2299 1327 circumcisio
2329 1271 2509 1326 cordis
2546 1271 2598 1324 in
2631 1271 2824 1340 spiritu
2849 1312 2862 1334 ,
2910 1285 3018 1323 non
3048 1267 3102 1321 in
3131 1269 3310 1321 littera
3341 1268 3502 1330 sit“,

1949 1363 2097 1414 clare
2127 1362 2286 1415 docet
2312 1362 2620 1431 Apostolus.
2665 1359 2841 1442 Super
2873 1358 3041 1413 Israel
3091 1358 3257 1427 igitur
3296 1357 3505 1425 magni-

1950 1452 2164 1505 ﬁcentia
2190 1453 2348 1521 ejus;
2391 1450 2486 1507 sed
2511 1452 2676 1506 etiam
2713 1469 2730 1501 ι
2758 1451 2932 1504 virtus
2955 1449 3073 1518 ejus
3105 1451 3156 1501 in
3189 1449 3454 1503 nubibus:
3478 1467 3500 1501 ι

1931 1545 2015 1618 ,ϐε
2049 1546 2246 1614 quibus
2295 1545 2462 1600 Isaias
2487 1545 2814 1599 vaticinatur
2867 1543 3089 1596 dicens:
3135 1560 3151 1592 ι
3179 1540 3244 1594 Et
3270 1541 3503 1597 nubibus

1950 1636 2220 1689 mandabo
2248 1650 2316 1689 ne
2344 1636 2531 1704 pluant
2557 1651 2722 1705 supra
2749 1636 2961 1690 vineam
2999 1633 3335 1703 pluviam";
3363 1651 3379 1682 ι
3417 1632 3502 1685 in.-

1949 1729 2142 1782 dicans
2197 1727 2404 1782 scilicet
2457 1727 2771 1796 prOphetas,
2824 1734 2879 1781 et
2913 1726 3218 1780 divinarum
3251 1724 3500 1792 discipli~

1949 1833 2140 1872 narum
2194 1817 2465 1879 doctores,
2497 1817 2610 1884 qui,
2644 1815 3093 1870 subministrante
3122 1814 3351 1884 Spiritu,
3392 1828 3506 1868 co:-

1949 1909 2070 1963 lesti
2099 1909 2278 1977 pluvia
2304 1909 2514 1962 animas
2544 1908 2823 1962 hominum
2855 1914 2914 1960 ut
2941 1909 3142 1961 bonum
3178 1923 3362 1978 agrum
3390 1906 3508 1960 irri-

270 1996 589 2062 δισκάλους,
624 2001 672 2052 οἳ
704 2003 769 2071 τῇ
807 2001 899 2053 τοῦ
943 2001 1256 2068 Πνεύματος
1283 2003 1520 2074 χορηγίᾳ·
1559 2004 1648 2055 τὸν
1689 2005 1850 2074 οὐρά·
1882 1990 1920 2047 Β
1951 2015 1968 2069 Ε

1806 2005 1850 2057 i-
1882 1990 1920 2047 Β
1951 2000 2170 2069 gabant.
2211 2001 2285 2052 Ita
2318 2015 2446 2069 ergo
2474 1999 2649 2053 virtus
2684 1998 2803 2068 ejus
2837 1999 2891 2051 in
2929 1997 3190 2052 nubibus.
3239 2016 3257 2047 ι
3281 1997 3504 2051 Mirabi-

272 2104 383 2139 νιον
412 2089 564 2141 ὑετὸν
587 2092 704 2152 ταῖς
741 2089 849 2142 τῶν
884 2089 1178 2160 ἀνθρώπων
1201 2091 1397 2160 ψυχαῖς
1443 2091 1628 2163 ὥσπερ
1651 2095 1709 2144 ὲν
1743 2093 1848 2164 χώ-

275 2194 394 2247 ραις
424 2178 651 2244 ἀγαθαῖς
677 2180 990 2249 ὲπήρδευον.
1039 2179 1220 2243 Οὕτως
1273 2176 1364 2233 οὖν
1414 2182 1505 2234 καὶ
1543 2184 1575 2252 ἡ
1623 2182 1847 2251 δύναμις

273 2266 436 2322 αὑτοῦ
484 2270 540 2321 ὲν
562 2270 682 2331 ταῖς
716 2269 980 2337 νεφέλαις.
1017 2287 1037 2322 ι
1064 2271 1383 2341 Θαυμαστὸς
1426 2273 1454 2323 6
1497 2271 1625 2334 Θεὸς
1653 2274 1710 2323 ὲν
1737 2276 1846 2335 τοῖς

273 2357 448 2424 ἁγίοις
472 2357 656 2421 αὑτοῦ,
691 2377 708 2409 ι
748 2359 950 2431 ἑτέροις
971 2357 1086 2413 οὖσι
1108 2361 1254 2433 παρὰ
1276 2363 1399 2425 τοὺς
1424 2364 1846 2433 προωνομασμέ-

272 2465 392 2510 νους
414 2450 696 2518 προφήτας
727 2449 820 2501 καὶ
848 2451 1216 2513 ἀποστόλους.έ
1233 2451 1387 2515 Τίνες
1412 2452 1454 2505 δ’
1483 2452 1546 2504 ἂν
1573 2449 1678 2505 εἶεν
1706 2447 1846 2508 οὗτοι

272 2539 383 2590 ἀλλ’
409 2541 459 2590 oi
485 2537 544 2603 ἐξ
574 2541 824 2613 ἀπάντων
848 2540 954 2593 τῶν
981 2542 1151 2596 ἐθνῶν
1182 2544 1401 2611 ἁγνείας
1425 2545 1516 2597 καὶ
1543 2545 1844 2615 ἁγιωσύνης

272 2627 594 2709 ἡξιωμένοι;
626 2631 682 2681 ὲν
709 2625 788 2692 οἷς
816 2631 908 2682 καὶ
942 2631 1251 2702 θαυμαστός
1274 2635 1420 2686 ἐστιν
1444 2636 1471 2686 6
1498 2635 1648 2699 Θεὸς,
1675 2635 1846 2698 διδοὺς

272 2718 452 2779 αὐτοῖς
479 2716 705 2786 δύναμιν
745 2719 838 2770 καὶ
878 2722 1228 2790 κραταίωσιν.
1259 2723 1345 2775 Διὸ
1388 2723 1652 2791 συνῆπται
1691 2724 1840 2795 ἑξῆς·

277 2824 295 2854 ι
337 2805 394 2857 Ὀ
420 2805 552 2868 Θεὸς
595 2807 809 2876 Ἰσραὴλ
834 2808 994 2869 αὐτὸς
1020 2808 1178 2861 δώσει
1205 2810 1431 2880 δύναμιν
1457 2814 1548 2864 xui.
1578 2816 1845 2883 κραταίω-

273 2912 354 2946 σιν
386 2894 463 2964 τῷ
493 2894 607 2964 λαῷ
634 2896 820 2959 αὑτοῦ,
847 2897 1133 2968 εὐλογητὸς
1159 2900 1186 2951 6
1215 2901 1364 2964 Θεός.
1400 2921 1418 2952 ι
1446 2903 1612 2956 Πάλιν
1641 2905 1694 2957 δὲ
1719 2907 1840 2958 κάνο

272 2985 441 3038 ταῦθα
481 2985 709 3055 δύναμιν
756 2988 1064 3056 ἀναγκαίως
1093 2989 1286 3043 διδόναι
1313 2991 1554 3046 λέλεκται
1591 2995 1666 3064 τῷ
1704 2997 1843 3066 ἁγίῳ

216 3113 221 3119 .
275 3073 381 3138 λαῷ
409 3073 595 3138 αὑτοῦ,
645 3075 730 3127 ἵνα
776 3076 995 3146 δύνηται
1043 3077 1254 3146 λέγειν·
1288 3097 1307 3130 ‹
1349 3080 1531 3134 Πάντα
1582 3085 1745 3153 ίσχύω
1785 3086 1841 3136 ἐν

270 3165 348 3234 τῷ
373 3166 754 3237 ἐνδυναμοῦντί
786 3185 870 3238 με.
903 3188 920 3219 ι
946 3171 1089 3225 Ἔδει
1119 3171 1245 3242 γὰρ,
1276 3173 1461 3243 ὥσπερ
1481 3178 1592 3237 τοῖς
1616 3177 1838 3244 εὐαγγε-

273 3255 569 3326 λιζομένοις
598 3258 773 3311 δέδοτο
797 3259 947 3329 ῥῆμα
980 3263 1074 3314 σὺν
1101 3263 1324 3334 δυνάμει
1357 3266 1546 3336 πολλῇ,
1573 3267 1836 3334 οὓτωικαὶ

1953 2092 2019 2146 lis
2068 2089 2209 2144 Deus
2245 2091 2299 2143 in
2349 2091 2552 2145 sanctis
2608 2090 2776 2152 suis,»
2833 2089 2929 2158 qui
2978 2089 3068 2142 alii
3120 2097 3303 2142 sunta
3339 2104 3507 2172 supra

1952 2182 2264 2235 memoratis
2313 2181 2590 2248 prophetis
2643 2189 2697 2234 et
2766 2180 3049 2251 apostolis.
3106 2178 3338 2245 Quinam
3396 2180 3500 2244 illi,

1951 2271 2057 2326 nisi
2098 2273 2188 2340 qui
2225 2287 2290 2325 ex
2317 2272 2571 2324 omnibus
2616 2271 2870 2341 gentibus
2907 2273 3161 2327 castitate
3206 2279 3259 2327 et
3303 2272 3505 2328 sancti-

1950 2363 2132 2417 monia
2165 2362 2352 2416 donati
2387 2363 2547 2416 sunt?
2576 2362 2642 2437 in
2670 2363 2868 2430 quibus
2918 2363 3201 2417 mirabilis
3227 2361 3370 2418 Deus
3397 2371 3502 2425 est,

1951 2458 2044 2527 qui
2074 2457 2330 2511 virtutem
2356 2463 2410 2510 et
2439 2455 2605 2508 robur
2628 2454 2760 2522 ipsis
2792 2455 3069 2522 impertiit.
3103 2455 3280 2519 Quare
3311 2453 3506 2510 deinde

1951 2547 2296 2617 subjungitur
2326 2565 2337 2599 :
2400 2565 2416 2596 ι
2440 2544 2581 2599 Deus
2630 2544 2794 2599 Israel
2844 2544 2960 2611 ipse
2994 2542 3143 2596 dabit
3172 2544 3422 2597 virtutem
3452 2549 3507 2596 et

1951 2641 2324 2695 fortitudinem
2371 2637 2512 2706 plebi
2578 2652 2709 2700 suae,
2760 2633 3082 2690 benedictus
3141 2632 3337 2688 Deus.»
3405 2631 3505 2689 Hic

1950 2745 2168 2786 rursum
2224 2730 2474 2782 virtutem
2529 2735 2721 2782 sancto
2771 2727 2972 2795 populo
3021 2727 3141 2796 ejus
3191 2726 3502 2780 necessario

1948 2820 2061 2873 dari
2097 2819 2193 2880 ait,
2244 2825 2303 2870 ut
2332 2818 2504 2886 possit
2534 2816 2715 2869 dicere
2755 2835 2766 2868 :
2825 2835 2842 2866 ι
2868 2814 3061 2869 Omnia
3091 2823 3311 2885 passum
3342 2815 3395 2868 in
3438 2830 3504 2868 eo

1948 2911 2039 2980 qui
2089 2925 2173 2962 me
2220 2908 2608 2962 coniortat“.»
2646 2901 2901 2974 Oportuit’
2927 2907 3096 2968 enim,
3130 2913 3186 2958 ut
3223 2905 3498 2972 evangeli-

1949 2999 2208 3053 zantibus
2232 2999 2456 3052 verbum
2487 2997 2671 3050 datum
2720 2994 2895 3048 fuerat
2922 3005 3042 3047 cum
3077 2996 3276 3048 virtute
3305 2993 3498 3054 multa,

1949 3087 2020 3140 ita
2053 3102 2271 3156 quoque
2306 3086 2506 3155 populo
2553 3085 2673 3153 ejus
2723 3084 2889 3137 robur
2920 3091 2973 3137 et
3004 3083 3254 3137 virtutem
3291 3081 3499 3136 sdbmi-

1947 3176 2192 3239 nistrari,
2227 3183 2286 3229 ut
2320 3176 2491 3244 possit
2536 3185 2724 3230 contra
2756 3175 3027 3230 versutias
3074 3174 3276 3228 diaboli
3315 3173 3499 3227 consi-

1947 3277 2110 3333 stere,
2144 3283 2206 3322 ac
2238 3268 2462 3337 perinde
2492 3274 2653 3336 atque
2685 3266 2885 3320 Paulus
2917 3267 3099 3319 dicere
3131 3284 3142 3318 :
3190 3284 3208 3316 ι
3238 3263 3370 3330 Quis
3400 3279 3500 3318 nos

269 3347 346 3423 τῷ
390 3347 501 3418 λαῷ
541 3349 702 3426 αὑτοῦ
753 3351 1080 3420 κραταίωσιν
1134 3355 1229 3407 καὶ
1270 3356 1495 3427 δύναμιν
1553 3360 1830 3428 παρέχειν,
1860 3344 1902 3398 (ί
1937 3377 1967 3415 εκ

1798 3377 1830 3421 ι,
1860 3344 1902 3398 (λ
1937 3359 2205 3430 separabit
2237 3375 2266 3412 a
2297 3358 2565 3413 charitate
2593 3358 2720 3411 Dei?
2757 3357 3061 3419 tribulatio,
3112 3371 3178 3409 an
3219 3355 3496 3424 angustia,

270 3437 406 3505 πρὸς
439 3439 498 3490 τὸ
525 3439 778 3493 δύνασθαι
817 3442 1063 3496 ἵστασθαι
1110 3447 1243 3515 πρὸς
1275 3445 1388 3514 ,τάς
1420 3447 1697 3517 μεθοδείας
1741 3450 1831 3502 τοῦ

1942 3468 2008 3506 an
2041 3449 2370 3521 persecutio,
2399 3463 2466 3501 an
2496 3447 2726 3500 fames"
2747 3448 2769 3499 ?
2791 3466 2809 3498 ι
2847 3457 2901 3501 et
2929 3449 3014 3501 his
3041 3447 3260 3502 similia.

269 3527 530 3595 διαϐόλου,
557 3535 647 3584 καὶ
687 3533 861 3600 λέγειν
895 3535 1094 3604 ὁμοίως
1155 3535 1381 3607 Παύλῳ·
1438 3555 1457 3590 t
1491 3541 1586 3603 Τίς
1643 3544 1787 3612 ἡμᾶς
1825 3547 2045 3615 χωρίσει
2089 3544 2196 3597 ἀπὸ
2236 3543 2336 3612 τῆς
2378 3541 2593 3609 ἀγάπης
2644 3537 2737 3616 τφῧ
2777 3538 2950 3602 θεοῧζ
3001 3538 3174 3606 θλίψις
3220 3537 3252 3607 ἦ
3322 3551 3501 3595 mw“

269 3621 460 3689 χωρία,
493 3621 805 3692 ἢδιωγμὸς.
847 3625 878 3695 ἢ
925 3625 1108 3694 λιμός;
1141 3644 1160 3676 ι
1194 3629 1288 3680 καὶ
1317 3628 1384 3680 τὰ.
1422 3629 1630 3694 τούτοις
1666 3634 2037 3705 παραπλήσια.

271 3731 378 3783 ΕΙΣ
419 3729 505 3784 ΤΟ
545 3733 798 3793 ΤΕΛΟΣ,
851 3733 1034 3788 ΥΠΕΡ
1093 3735 1226 3789 ΤΩΝ
1273 3737 1833 3798 ΑΛΛΟΙΩΘΗΣΟΜΕ-

463 3827 466 3831 -
703 3804 861 3866 NaN,
901 3805 988 3875 To
1028 3806 1245 3860 AAYIA.
1285 3807 1407 3862 Ξιιυ.
1535 3817 1537 3820 ‘

348 3909 366 3940 ι
406 3889 586 3944 Σῶσὸν
642 3909 728 3962 με,
775 3893 804 3944 6
846 3893 996 3958 Θεὸς,
1030 3894 1109 3947 ὅτι
1158 3897 1474 3968 εἰσήλθοσαν
1523 3901 1688 3955 ὕδατα
1733 3904 1837 3967 ἕως

272 3979 447 4051 ψυχῆς
505 3999 623 4051 μου.
670 4002 687 4034 ι
750 3985 1016 4054 Τέτταρές
1072 3988 1206 4054 εἰσιν
1264 3990 1311 4040 οἱ
1371 3991 1834 4062 ἐπιγεγραμμένοι

278 4090 295 4119 ι
342 4071 510 4142 ’Υπὲρ
535 4073 643 4126 τῶν
664 4064 1170 4145 ἀλλοιωθησομένων
1188 4095 1199 4107 ο
1240 4097 1257 4128 ι
1293 4078 1384 4131 δύο
1411 4080 1509 4149 μὲν
1531 4075 1624 4133 τοῦ
1654 4084 1832 4147 Δαυῒδ,

242 4171 243 4176 ‘
274 4164 298 4214 6
332 4162 468 4230 μετὰ
494 4166 678 4232 χεῖρας
702 4167 793 4218 καὶ
818 4168 846 4217 6
878 4166 1102 4219 νθ¹οιτῶν
1133 4168 1191 4220 δὲ
1219 4168 1350 4220 υἱῶν
1371 4171 1513 4240 Κορὲ
1538 4167 1637 4238 εἷς,
1668 4178 1695 4227 6
1732 4177 1833 4246 μδ’,

276 4250 366 4297 καὶ
413 4251 505 4300 τοῦ
548 4250 717 4318 Ἀσάφ
760 4253 960 4319 ὁμοίως
1005 4255 1032 4304 6
1073 4253 1166 4306 οϐ’.
1213 4254 1335 4309 Ἐπὶ
1379 4257 1592 4313 πάντων
1630 4261 1684 4315 δὲ
1718 4265 1839 4317 ἀντὶ·

276 4335 388 4398 τοῦ,
433 4355 451 4388 ι
495 4339 665 4411 Ὑπὲρ
714 4341 820 4392 τῶν
865 4341 1390 4417 ἀλλοιωθησομένων,
1427 4371 1445 4400 ι
1480 4353 1508 4402 6
1543 4353 1639 4421 μὲν
1680 4355 1836 4407 Ἀκύ-

275 4426 388 4489 λας,
425 4446 442 4477 ι
493 4429 614 4480 Ἐπὶ
657 4430 876 4500 κρίνων,
913 4452 930 4484 ι
977 4434 1301 4488 ἐκδέδωκεν·
1350 4440 1378 4489 6
1419 4441 1476 4492 δὲ
1523 4443 1833 4513 Σύμμαχος,

278 4537 298 4566 ι
344 4517 514 4586 ’Υπὲρ
553 4518 659 4570 τῶν
702 4520 895 4574 ἀνθῶν.
934 4541 952 4573 ι
1002 4522 1059 4577 '0
1086 4527 1180 4594 μὲν
1208 4522 1296 4579 οὖν
1334 4529 1414 4597 μδ¹
1440 4529 1536 4600 τὴν
1582 4535 1709 4602 περὶ
1743 4534 1834 4585 τοῦ

1937 3744 2002 3798 1N
2051 3743 2298 3806 FINEM,
2337 3739 2474 3794 PRO
2525 3729 2612 3792 IIS
2662 3738 2776 3805 QUI
2833 3734 3494 3799 COMMUTABUNTUR.

2369 3806 2500 3864 IPSI
2542 3808 2773 3862 DAVID.
2816 3807 3043 3861 LXVIII.
3081 3828 3084 3831 ·

2007 3902 2172 3956 Vens.
2205 3903 2260 3963 2,
2291 3903 2342 3956 5.
2384 3921 2400 3952 ι
2441 3903 2659 3956 Salvum
2690 3916 2775 3954 me
2814 3899 2916 3960 iac,
2946 3897 3107 3956 Deus,
3141 3894 3395 3963 quoniam
3423 3895 3499 3948 in-

1939 4001 2221 4048 traverunt
2242 4009 2393 4063 aqua:
2421 4007 2591 4060 usque
2621 3992 2686 4043 ad
2709 3990 2943 4042 animam
2974 4001 3218 4040 meam.»
3254 3984 3501 4050 Quatuor

1938 4086 2128 4155 psalmi
2167 4103 2189 4137 ‹
2240 4083 2348 4139 Pro
2399 4083 2465 4136 iis
2516 4081 2608 4149 qui
2649 4077 3129 4132 commutabuntur
3183 4095 3202 4128 ι
3248 4077 3495 4147 inscripti

1939 4179 2086 4226 sunt.
2119 4171 2235 4224 Duo
2268 4168 2507 4230 Davidis,
2542 4178 2734 4235 nempe
2768 4166 2855 4218 hic
2904 4181 3062 4233 quem
3115 4173 3410 4220 tractamus
3444 4175 3498 4222 et

1941 4279 2030 4316 ιιι
2062 4282 2074 4315 :
2105 4262 2336 4314 ﬁliorum
2365 4257 2502 4312 Core
2524 4272 2684 4317 unus,
2705 4257 2910 4311 scilicet
2933 4270 3055 4308 χιιι
3080 4272 3093 4318 ;
3123 4255 3322 4323 Αειιιὶιῖ
3347 4256 3498 4310 sinui-

1937 4354 2056 4406 liler
2089 4365 2272 4410 eum.
2306 4348 2362 4401 In
2390 4347 2644 4401 omnibus
2694 4360 2856 4414 porro
2883 4345 3029 4398 illius
3060 4345 3197 4408 loco,
3232 4367 3248 4394 ι
3295 4346 3399 4399 Pro
3430 4347 3496 4402 iis

1937 4442 2028 4510 qui
2061 4441 2560 4499 commutabuntur.
2602 4458 2619 4488 ι
2658 4437 2872 4504 Aquila,
2908 4453 2925 4485 ι
2961 4434 3135 4506 Super
3158 4437 3286 4502 lilia,
3323 4456 3340 4488 ι
3377 4438 3493 4491 edi-

1939 4535 2018 4586 dit
2047 4552 2060 4598 ;
2087 4531 2441 4602 Symmachus
2473 4545 2620 4589 vero,
2653 4545 2671 4576 ι
2715 4527 2819 4579 Pro
2847 4525 3088 4580 ﬁoribus.
3128 4546 3146 4576 ι
3187 4525 3497 4598 ρυιιάιδαεεν

285 4607 592 4675 Ἀγαπητοῦ
641 4614 974 4682 προφητείαν
1013 4619 1273 4686 περιεῖχε,
1320 4619 1418 4688 τῆς
1458 4637 1516 4692 τε
1566 4615 1625 4684 ἐξ
1668 4621 1833 4675 ἐθνῶν
1940 4626 1983 4677 si

1794 4641 1833 4675 »ν
1940 4626 2112 4678 simus
2140 4625 2321 4691 itaque
2351 4629 2579 4690 quartus
2609 4619 2674 4671 de
2707 4616 2911 4669 Dilecto
2950 4617 3306 4685 prophetiam,
3331 4627 3492 4686 atque

285 4697 605 4791 Ἑῄκκλησίας
642 4701 748 4772 τὴν
781 4703 888 4756 ἀπὸ
928 4705 1034 4758 τῶν
1064 4708 1314 4778 χειρόνων
1355 4711 1447 4763 ἐπὶ
1488 4711 1556 4763 τά
1603 4713 1832 4783 κρείττω
1863 4701 1906 4755 Ῑ)
1933 4733 1983 4791 ε(

1795 4733 1832 4767 ω
1863 4701 1906 4755 Ῑ)
1933 4717 2170 4791 gentium
2212 4713 2468 4766 Ecclesiae
2500 4725 2528 4760 a
2569 4708 2846 4777 pejoribus
2880 4707 2944 4759 ad
2981 4706 3203 4760 meliora
3246 4709 3493 4760 immuta-

270 4789 588 4845 ἀλλοίωσιν·
631 4793 660 4844 6
702 4794 758 4846 δὲ
803 4801 1161 4866 πεντηκοστὸς
1207 4800 1391 4866 ἔνατος
1430 4802 1698 4874 ἀποϐολὴν
1738 4805 1830 4858 τοῦ
1936 4789 1968 4862 ti

1794 4805 1830 4858 ιῢ
1936 4789 2156 4868 tionem,
2210 4800 2626 4870 complectitur;
2665 4795 3148 4866 quinquagesimus
3181 4813 3357 4852 nonus
3397 4803 3492 4852 ab-

272 4878 552 4934 ’Ίουδαίων
582 4881 765 4948 ἔθνους
794 4887 886 4938 καὶ
915 4888 1024 4940 τῶν
1057 4890 1362 4960 ἀλλοφύλων
1402 4892 1568 4946 ἐθνῶν
1609 4895 1707 4963 τὴν
1740 4897 1834 4949 ἐπὶ
1921 4899 1970 4966 ,Ῑι

1787 4898 1834 4949 τὶ
1921 4897 2220 4966 jectionem
2243 4891 2453 4946 Iudaici
2475 4890 2679 4961 populi,
2699 4889 3228 4959 alienigenarumque
3251 4890 3485 4957 gentium

271 4967 339 5019 τὰ
367 4968 624 5023 κάλλιστα
655 4971 981 5044 μεταϐολήν·
1023 4977 1050 5028 6
1077 4977 1133 5028 δὲ
1159 4979 1232 5031 οϐ’
1266 4977 1419 5044 αὖθις
1447 4981 1545 5050 τὴν
1574 4981 1667 5033 τοῦ
1706 4984 1833 5036 ’Ῑουιν
1936 5003 1965 5043 a

1791 5003 1833 5035 Η
1936 4989 2002 5043 ad
2053 4982 2499 5053 praestantissima
2525 4980 2934 5035 conversionem
2966 4996 2979 5042 ;
3020 4992 3234 5034 rursum
3269 4989 3489 5047 sepltta-

271 5056 434 5111 δαίων
459 5059 642 5124 ἔθνους
669 5063 1002 5130 ἀπόπτωσιν,
1029 5067 1121 5122 καὶ
1154 5068 1244 5120 τοῦ
1267 5071 1516 5142 Σωτῆρος
1542 5071 1699 5140 ήμῶν
1733 5074 1828 5143 τὴν
1936 5093 1965 5146 g

1791 5092 1828 5143 ιν
1936 5075 2172 5146 gesimus
2212 5085 2387 5126 nonus
2436 5070 2645 5126 Judaici
2678 5070 2859 5138 populi
2894 5070 3123 5138 lapsum,
3156 5076 3210 5121 et
3243 5066 3489 5122 Salvato-

272 5147 677 5220 ὲνανθρὼπησιν
711 5155 978 5224 σημαίνει.
1008 5157 1240 5220 Εἰκότως
1268 5155 1361 5212 οὖν
1389 5162 1481 5215 καὶ
1510 5161 1538 5212 6
1563 5160 1699 5230 μετὰ
1724 5166 1832 5235 χεῖ-
1938 5171 1970 5221 ri

1788 5166 1832 5210 ἶ-
1938 5171 2012 5223 ris
2066 5168 2239 5222 nostri
2293 5165 2717 5220 incarnationem
2781 5161 3068 5230 signiﬁcat.
3118 5158 3248 5213 Jure
3307 5159 3486 5227 itaque

277 5240 680 5331 puga-1hr”
725 5245 832 5298 τῶν
871 5248 1392 5318 ἀλλοιωθησομένων,
1446 5269 1463 5300 ι
1497 5249 1552 5318 ἢ,
1599 5270 1617 5300 ι
1665 5253 1832 5325 ’Υπὲρ
1935 5277 1975 5331 p

1787 5271 1832 5325 ῑρ
1935 5275 2172 5331 praesens
2202 5261 2329 5314 item
2360 5259 2621 5328 psalmus,
2661 5273 2679 5303 ι
2715 5253 2818 5307 Pro
2855 5255 2922 5309 iis
2950 5254 3040 5323 qui
3072 5252 3485 5307 commutabun-

273 5327 379 5379 τῶν
401 5328 596 5392 ἀνθῶν,
629 5351 648 5380 ι
679 5336 818 5386 κατά
839 5339 928 5390 τὸν
962 5339 1356 5410 Σύμμαχον,’ή,
1389 5359 1407 5390 ι
1431 5341 1552 5393 Ἐπὶ
1575 5343 1824 5413 κρίνων.»
1934 5327 1971 5404 Il

1783 5364 1824 5400 ,ι
1934 5327 2060 5415 iur;
2110 5372 2128 5402 ι
2162 5357 2254 5403 aut
2304 5368 2320 5398 ι
2358 5327 2460 5400 Pro
2499 5345 2742 5413 ﬁoribus,
2789 5366 2804 5395 ι
2851 5351 2908 5396 ιιι
2951 5342 3341 5412 Symmachus;
3369 5348 3481 5402 aut,

277 5415 418 5510 κατὰ
446 5416 548 5510 τὸν-
569 5418 820 5510 ᾈἋκύλαν,
847 5426 1270 5499 ἐπιγέγραπται·
1299 5431 1487 5502 ἐπειδὴ
1515 5433 1614 5503 τὴν
1646 5435 1752 5487 ὲπὶ⁸
1769 5435 1828 5488 τὸ
1939 5461 1957 5492 ι

1783 5435 1828 5488 τὸ
1939 5461 1957 5492 ι
1994 5442 2167 5510 Super
2190 5440 2323 5504 lilia,
2363 5457 2390 5489 ι.
2420 5447 2479 5491 ut
2515 5437 2728 5507 Aquila.
2761 5434 3056 5502 inscriptus
3085 5441 3189 5495 est,
3222 5432 3346 5502 quia
3384 5447 3481 5500 po.

277 5507 454 5599 χεῖρον
502 5507 777 5599 ἀλλοίωσιν
812 5515 904 5584 τοῦ
939 5518 1344 5592 ἐκπεριτομῆς
1375 5519 1502 5578 λαοῦ
1546 5523 1638 5575 καὶ
1670 5525 1828 5586 αὐτὸς
1927 5548 1975 5599 pi

1787 5542 1828 5586 ις
1927 5531 2043 5599 puli
2069 5507 2135 5587 ex
2165 5528 2584 5586 circumcisione
2614 5527 2679 5582 ad
2707 5527 2890 5599 pejora
2930 5524 3278 5580 mutationem
3311 5523 3485 5576 conti—

276 5597 539 5692 περιέχει,
567 5597 677 5692 οὒς,
703 5596 860 5673 κρίνα
887 5608 978 5660 καὶ
1005 5610 1138 5680 ἄνθη
1168 5613 1305 5666 κατὰ
1333 5612 1521 5684 καιρὸν
1544 5613 1826 5683 ὀφθέντας,
1928 5596 1974 5692 ιιι

1783 5632 1826 5679 ς,
1928 5596 2042 5692 net,
2094 5622 2186 5690 qui
2231 5633 2354 5674 cum
2406 5618 2535 5672 Iiliis
2590 5623 2642 5671 et
2684 5596 2910 5669 ﬁoribus
2957 5615 3084 5668 olim
3129 5611 3333 5667 similes
3379 5613 3481 5665 visi

276 5688 320 5754 ή
340 5689 433 5741 ἐπὶ
472 5688 538 5742 τὰ
564 5691 726 5761 χείρω
758 5693 1022 5763 διεδέξατο
1066 5703 1350 5776 μεταϐολή.
1384 5697 1680 5764 Ἀνθεσιίδὲ
1728 5707 1828 5757 αὺ-
1928 5689 1974 5762 II‘

1781 5707 1828 5757 ’a-
1928 5688 2184 5773 inissent,
2235 5709 2346 5777 jam
2390 5706 2456 5760 ad
2507 5705 2776 5760 deteriora
2829 5702 3188 5758 declinarunt.
3233 5699 3479 5755 Floribus

281 5801 557 5933 1,Ηῗέἓιι
595 5821 711 5873 vm,
786 5812 839 5868 2.
917 5815 960 5848 ⁸⁸
991 5813 1143 5872 Rom.
1182 5835 1256 5886 Ix,
1287 5820 1394 5876 6-8.
1497 5822 1540 5854 "
1564 5820 1718 5878 liom.
1755 5840 1814 5889 ιι,
1848 5807 1936 5894 Ξ8,
1975 5832 1979 5850 ⁴

1778 5840 1814 5889 ι,
1848 5807 1936 5894 εδ,
1975 5824 2066 5886 29.
2168 5829 2214 5860 το
2254 5829 2359 5880 lsa.
2395 5842 2446 5889 ν,
2481 5823 2531 5878 α
2633 5805 2934 5893 "Pliilipp.
2970 5837 3043 5884 Iv,
3087 5820 3172 5875 ιδ.
3249 5821 3291 5851 τ·
3322 5818 3476 5876 Rom.
