4300 6398
784 514 885 569 125

1449 510 1715 567 EUSEBII
1754 493 2228 565 CJESARIENSIS
2267 504 2415 559 OPP.
2455 500 2636 557 PARS
2671 499 2757 557 Ill.
2789 529 2858 540 ——
2896 494 3312 562 EXEGEI‘ICA.,

3901 486 4003 540 ιιι

780 636 963 684 autem
991 626 1115 710 illos
1154 626 1322 682 Isaias
1374 636 1653 695 comparat
1682 627 1905 681 dicens:
1941 644 1959 675 ι
1992 624 2182 678 Omnis
2206 636 2336 681 caro
2366 624 2409 682 Λ

2435 619 2561 681 τοὺς
2588 614 2920 688 παραϐάλλει
2948 613 3043 674 καὶ
3074 613 3102 662 6
3137 610 3359 674 Ἠσαῖας
3386 606 3590 675 λέγωντ
3632 625 3648 656 ι
3686 606 3841 658 Πᾶσα
3867 604 4003 675 σάρξ

780 719 986 783 fenum,
1018 723 1071 771 et
1101 717 1275 771 omnis
1302 718 1471 786 gloria
1505 716 1625 785 ejus
1655 717 1809 786 quasi
1845 716 1943 771 llos
1975 714 2105 768 feni.
2144 713 2336 768 Exsic-

779 813 961 859 catum
990 814 1074 860 est
1122 805 1325 869 fenum,
1365 813 1419 859 et
1450 804 1550 859 flos
1589 804 1787 859 decidit
1814 804 1881 855 υ.
1929 824 1945 853 ι
1997 800 2163 868 Queis
2216 816 2339 870 spec

778 896 987 951 ciosum
1020 895 1167 950 illum
1190 896 1256 949 ad
1285 895 1445 949 breve
1470 903 1684 964 tempus
1710 893 1989 959 florentem
2016 905 2337 961 corporeum

778 981 1083 1039 Iudaeorum
1116 985 1320 1039 cultum
1359 983 1485 1038 feno
1516 992 1571 1043 et
1598 983 1822 1038 ﬂoribus
1854 982 2082 1037 confert.
2114 979 2173 1035 In
2198 996 2337 1051 prae-

780 1078 919 1133 senti
950 1092 1166 1149 quoque
1193 1076 1367 1131 floridi
1398 1084 1585 1131 eorum
1622 1083 1795 1131 status
1819 1076 1884 1130 ad
1910 1076 2181 1129 deteriora
2214 1090 2337 1127 mu—

778 1168 1037 1223 tationem
1072 1175 1126 1221 et
1156 1166 1565 1222 conversionem
1597 1164 1835 1220 declarat
1876 1166 1929 1219 in
1964 1164 2336 1235 sequentibus,

779 1260 872 1315 ubi
911 1259 1112 1315 dicitur
1143 1279 1155 1315 :
1184 1278 1203 1314 ι
1240 1256 1359 1313 Fiat
1391 1273 1574 1314 mensa
1630 1272 1817 1313 eorum
1870 1272 2053 1310 coram
2104 1255 2238 1325 ipsis
2284 1255 2338 1308 in

778 1348 1068 1419 laqueum,
1119 1355 1174 1403 et
1227 1348 1282 1400 in
1328 1346 1738 1404 retributionem
1791 1353 1845 1400 et
1890 1346 1943 1420 in
1997 1344 2337 1400 scandalum.

778 1437 1150 1507 Obscurentur
1178 1437 1321 1493 oculi
1363 1452 1575 1501 eorum,
1627 1452 1696 1492 ne
1747 1436 1988 1504 videant,
2046 1454 2063 1487 ι
2117 1442 2223 1490 etc.
2276 1435 2340 1491 Et

776 1528 905 1596 quia
936 1528 1116 1597 longis
1146 1513 1333 1596 postea
1354 1526 1691 1596 temporibus
1730 1525 1843 1583 haec
1874 1534 2132 1580 eventura
2156 1531 2335 1584 erant,

779 1614 1117 1678 necessario,
1160 1631 1177 1677 ι
1211 1611 1271 1666 ln
1310 1612 1494 1679 tinem,
1536 1630 1556 1669 ι
1592 1610 1915 1680 inscriptum
1963 1618 2065 1677 est.
2102 1609 2167 1663 Et
2212 1624 2339 1664 vero

778 1718 956 1772 neque
992 1701 1259 1773 psalmus,
1298 1716 1474 1771 neque
1516 1702 1809 1765 canticum,
1860 1716 2036 1771 neque
2084 1701 2336 1771 hymnus,

783 1791 1110 1861 neque'quid
1141 1790 1318 1846 simile
1346 1798 1430 1845 est
1458 1808 1470 1845 :
1503 1791 1630 1860 quia
1680 1805 1743 1845 ea
1786 1804 1905 1865 qua:
1933 1791 2341 1860 subsequuntur

780 1897 890 1936 non
940 1890 1303 1949 consentanea
1332 1881 1425 1955 tali
1477 1882 1635 1944 titulo
1686 1890 1860 1937 erant.
1913 1881 2093 1947 Quare
2136 1884 2341 1949 dixeris

2443 711 2651 782 χόρτος,
2682 708 2774 761 καὶ
2799 708 2948 761 πᾶσα
2966 703 3104 768 δόξα
3134 703 3303 773 αὐτῆς
3331 699 3406 764 ὡς
3446 699 3603 763 άνθος
3630 698 3822 769 χόρτου
3842 715 3855 729 ο
3883 696 4005 768 ἐξη-

2447 802 2614 874 ράνθη
2647 803 2675 853 6
2716 800 2929 871 χόρτος,
2961 797 3142 850 καὶτὸ
3183 793 3341 857 ἄνθος
3368 791 3592 858 ἐξέπεσε
3618 807 3630 819 ·
3669 808 3688 842 ι
3739 789 3804 843 δι’
3829 782 3903 842 ὢν
3945 789 4007 841 τὸ

2444 896 2578 967 πρὸς
2618 892 2822 965 βραχύν
2850 903 2970 944 τινα
3009 888 3196 959 χρόνον
3229 885 3465 957 ἀνθῆσαν
3494 882 3588 936 καὶ
3619 881 3817 954 ὡραῖον
3845 880 4008 950 ἀρθὲν

2442 988 2541 1059 τῆς
2567 984 2883 1056 σωματικῆς
2912 981 3185 1061 ξιουδαίων
3228 975 3520 1048 θρησκείας
3562 975 3739 1047 χόρτῳ
3776 972 3872 1027 καὶ
3914 972 4009 1038 άν-

2443 1077 2591 1133 θεσιν
2638 1074 2942 1137 ἀπεικάζει.
2980 1072 3088 1124 Κιῖι
3130 1068 3218 1122 διὰ
3257 1067 3366 1123 τῶν
3409 1065 3783 1138 προκειμένων
3828 1062 4009 1118 τοίνυν

2443 1172 2539 1243 τὴν
2570 1171 2850 1225 ἀλλοίωσιν
2882 1168 2973 1222 καὶ⁵
3005 1167 3103 1237 τὴν
3138 1164 3228 1217 ἐπὶ
3266 1164 3328 1217 τὸ
3355 1166 3533 1234 χεῖρον
3584 1158 3879 1232 μεταϐολὴν
3909 1158 4011 1227 τῆς

2445 1263 2611 1332 ἄνθης
2638 1262 2756 1333 (sic)
2800 1258 2976 1314 αὐτῶν
3021 1257 3315 1328 παρίστησι
3358 1254 3560 1327 προϊὼν
3587 1256 3616 1309 6
3642 1252 3797 1321 λόγος
3838 1253 3895 1304 ἐν
3928 1245 4011 1314 οἷς

2446 1371 2577 1423 φησι
2600 1371 2612 1383 ⁸
2654 1372 2672 1404 ⁸
2707 1350 2991 1422 Γενηθήτω
3025 1346 3327 1420 ἡτράπεζα
3368 1344 3547 1402 αὐτῶν
3579 1342 3805 1423 ἐνώπιον
3832 1340 4012 1395 αὐτῶν

2445 1416 2524 1508 εἰς
2554 1442 2756 1512 παγίδα
2797 1416 3002 1503 καὶ-είς
3046 1416 3398 1493 άνταπόδοσ;ν
3436 1436 3529 1489 καὶ
3576 1438 3661 1513 είς⁵
3689 1416 4010 1491 σκάνδαλον.

2446 1533 2888 1605 Σκοτισθήτωσαν
2915 1534 2965 1586 οἱ
2989 1529 3256 1600 ὀφθαλμοὶ
3282 1526 3577 1582 αὐτῶντοῦ
3609 1525 3683 1596 μὴ
3719 1524 3957 1595 βλέπειν,
3988 1543 4009 1572 ι

2444 1626 2539 1695 καὶ
2563 1625 2629 1679 τὰ
2652 1625 2797 1695 ἑξῆς.
2823 1624 2933 1679 Καὶ
2960 1621 3255 1692 ἐπειδήπερ
3292 1621 3518 1691 μακροῖς
3545 1616 3769 1686 ὕστερον
3801 1613 4016 1686 χρόνοις

2443 1717 2617 1772 ταῦτα
2646 1716 2713 1769 δι’
2742 1715 2915 1788 ἔργων
2947 1710 3142 1785 χωρεῖν
3169 1711 3409 1783 ἔμελλον,
3432 1707 3739 1776 ἀναγκαίως
3774 1725 3794 1758 ι
3828 1707 3923 1769 Είς
3953 1704 4016 1765 τὸ

2446 1808 2595 1872 τέλος
2632 1828 2650 1859 ι
2688 1805 3123 1878 προγέγραπται.
3158 1801 3295 1855 Οὔτε
3341 1802 3398 1855 δὲ
3442 1800 3653 1871 ψαλμός
3684 1801 3851 1863 ἐστιν,
3891 1797 4016 1852 οὗτε

2445 1900 2573 1971 ᾠδὴ,
2607 1898 2729 1952 οῦτε
2774 1897 2958 1968 ὕμνος,
2981 1894 3104 1950 οὔτε
3145 1912 3199 1950 τι
3240 1892 3477 1949 τοιοῦτον
3499 1911 3512 1924 ·
3542 1892 3662 1944 ἐπεὶ
3690 1890 3839 1963 ’μηδὲ
3885 1906 4019 1947 κατ-

782 1974 1119 2046 praphetiam
1144 1989 1266 2043 esse
1298 1989 1366 2029 ex
1394 1988 1625 2045 persona
1658 1973 1963 2031 Servatoris
1985 1976 2162 2034 nostri
2192 1992 2346 2031 enar-
2376 1978 2417 2036 Β

2447 1991 2647 2062 άλληλα
2673 1987 2742 2061 ἦν
2787 1988 2855 2043 τὰ
2886 1986 3246 2057 ἐπιλεγόμενα
3303 1984 3525 2055 τοιαύτῃ
3566 1985 3881 2055 προγραφῇ.
3926 1978 4021 2034 Διὸ

780 2066 955 2160 rantis
998 2080 1061 2122 ea
1095 2082 1216 2136 quae
1253 2066 1357 2133 sibi
1393 2075 1582 2137 postea
1619 2067 2002 2136 contigerunt;
2033 2068 2344 2137 praedictio-

782 2156 1013 2227 nemque
1040 2173 1228 2237 eorum
1256 2172 1375 2227 quae
1397 2156 1600 2213 ludatis
1628 2167 1749 2227 post
1782 2165 1966 2214 tantos
1996 2174 2166 2214 ausus
2198 2159 2344 2213 illata

783 2256 931 2309 sunt.
967 2248 1194 2316 Drditur
1231 2250 1414 2320 itaque
1461 2249 1718 2305 Servator
1756 2251 2058 2311 orationem
2092 2252 2346 2319 emittens

781 2341 850 2412 ad
895 2340 1109 2405 Patrem
1162 2341 1246 2397 liis
1297 2342 1540 2409 verbis:
1598 2360 1617 2388 ο
1662 2341 1878 2397 Salvum
1913 2358 1998 2398 me
2047 2343 2152 2405 fac,
2181 2341 2344 2407 Deus,

782 2431 1040 2502 quoniam
1110 2433 1451 2502 intraverunt
1520 2449 1674 2504 aqua:
1734 2449 1908 2503 usque
1975 2434 2043 2487 ad
2108 2434 2345 2488 animam

783 2538 979 2589 meam.
1014 2542 1033 2587 ι
1079 2521 1453 2595 Ἦάεηιυιηυε
1490 2523 1620 2594 mihi
1658 2525 1727 2578 de
1754 2525 2020 2585 industria
2055 2526 2183 2579 haec
2220 2540 2343 2585 cum

783 2613 944 2676 dictis
973 2615 1030 2681 in
1060 2615 1385 2686 praecedenti
1421 2616 1633 2685 psalmo
1667 2615 1958 2685 conjuncta
1988 2631 2129 2670 esse.
2164 2614 2223 2668 in
2252 2614 2347 2673 illo

784 2720 1018 2776 namque
1068 2705 1387 2776 dicebatur:
1438 2725 1455 2761 ι
1516 2704 1658 2769 Dixit
1692 2704 1990 2760 Dominus:
2044 2705 2122 2758 Ex
2171 2705 2347 2768 Basan

782 2804 1117 2868 convertam,
1151 2807 1463 2854 convertam
1493 2812 1557 2851 ex
1584 2797 1855 2867 profundo
1898 2797 2067 2864 maris
2090 2796 2167 2861 7‘;
2224 2816 2243 2847 ι
2293 2796 2347 2850 in

784 2888 889 2945 hoc
916 2903 1064 2953 vero,
1093 2907 1112 2940 ι
1148 2888 1277 2945 Veni
1310 2890 1365 2944 in
1396 2890 1735 2952 altitudinem
1760 2890 1949 2953 maris,
1970 2898 2024 2944 et
2053 2897 2348 2961 tempestas

784 2981 1042 3047 demersit
1066 2991 1171 3038 me.
1209 3002 1227 3034 ι
1255 2981 1507 3052 Oportuit
1529 2983 1670 3043 enim
1691 2982 1907 3037 edoceri
1933 2997 2033 3037 nos
2060 2997 2169 3052 quo
2189 2990 2348 3055 pacto

785 3073 1131 3139 descenderit
1162 3075 1422 3132 Dominus
1442 3078 1496 3130 in
1528 3076 1724 3139 Basan,
1750 3076 1895 3145 quod
1918 3082 2002 3149 est
2026 3062 2346 3147 ignominia,

783 3174 841 3220 et
868 3166 1140 3237 quomodo
1168 3168 1384 3231 dixerit,
1421 3186 1439 3219 ι
1474 3166 1797 3229 Convertam
1829 3182 1897 3222 ex
1935 3166 2206 3238 profundo
2234 3182 2351 3223 ma-

786 3259 886 3313 ris.
935 3277 954 3310 ι
982 3256 1181 3331 Quare
1231 3258 1346 3312 haec
1394 3259 1510 3329 ipsa
1561 3257 1616 3312 in
1650 3259 1902 3328 presenti
1952 3258 2234 3320 declarat:
2281 3256 2349 3313 de

785 3349 1082 3421 ignominia
1124 3349 1345 3423 quidem
1380 3351 1436 3405 in
1467 3350 1839 3421 sequentibus,
1865 3350 2053 3408 dicens
2084 3370 2095 3404 :
2137 3369 2156 3402 ‹
2199 3349 2347 3416 Quo-
2376 3338 2417 3392 ί)

788 3441 935 3504 niam
960 3450 1180 3512 propter
1204 3449 1259 3497 te
1304 3443 1540 3507 sustinui
1568 3443 1942 3513 opprobrium,
1973 3442 2189 3512 operuit
2216 3455 2349 3497 con-

773 3528 935 3584 fusio
958 3528 1149 3595 faciem
1188 3545 1402 3597 meam;
1445 3550 1464 3582 ι
1500 3546 1564 3586 ac
1586 3546 1818 3593 rursus:
1848 3550 1867 3583 ι
1904 3529 1985 3599 Tu
2013 3531 2125 3599 scis
2148 3531 2352 3601 impro-

789 3620 999 3691 perium
1019 3636 1202 3680 meum
1234 3628 1287 3677 et
1312 3621 1689 3678 confusionem
1716 3637 1889 3677 meam
1915 3630 1970 3677 et
1994 3623 2351 3678 reverentiam

790 3728 987 3768 meam.
1019 3732 1037 3765 ι
1077 3712 1149 3768 De
1174 3714 1444 3784 profundo
1473 3721 1652 3780 autem
1681 3715 1848 3779 maris
1880 3714 2036 3780 illud,
2068 3734 2087 3767 ι
2133 3713 2353 3775 Salvum

751 3802 754 3807 “
792 3816 879 3857 me
912 3792 1019 3866 fac,
1051 3801 1214 3866 Deus,
1241 3804 1496 3873 quoniam
1529 3804 1871 3868 intraverunt
1904 3819 2058 3875 aqua!
2072 3790 2255 3875 usque
2288 3803 2355 3858 ad

759 3892 1030 3948 -animam
1061 3908 1259 3949 meam.
1300 3891 1503 3949 lnﬁxus
1537 3910 1658 3953 sum
1712 3895 1765 3949 in
1814 3896 1946 3950 limo
1992 3894 2270 3966 profundi,
2303 3900 2358 3949 et

794 3990 903 4038 non
928 3992 1013 4047 est
1038 3976 1376 4046 substantia.
1409 3985 1543 4042 Veni
1594 3988 1648 4041 in
1698 3986 2040 4042 altitudinem
2080 3987 2270 4055 maris.
2304 3992 2359 4039 et

791 4082 1087 4145 tempestas
1125 4074 1382 4139 demersit
1407 4090 1531 4130 me.“
1564 4095 1581 4127 ι
1626 4073 1752 4134 Haec
1779 4076 1922 4144 enim
1961 4081 2210 4145 magnam
2246 4072 2359 4127 affi—

795 4166 1019 4229 nitatem
1053 4164 1289 4223 habeant
1320 4181 1443 4239 cum
1466 4167 1535 4227 iis
1556 4182 1677 4237 qua;
1705 4170 1760 4221 in
1800 4166 2125 4239 praecedenti
2151 4165 2361 4235 psalmo

797 4256 941 4315 dicta
976 4266 1131 4321 sunt,
1174 4272 1370 4329 nempe
1415 4258 1469 4312 in
1518 4259 1651 4313 illo:
1689 4277 1707 4310 ι
1747 4256 1893 4312 Dixit
1931 4257 2230 4321 Dominus:
2284 4254 2361 4315 Ex

798 4349 974 4411 Basan
998 4358 1338 4417 convertam,
1372 4359 1682 4413 convertam
1715 4366 1782 4405 ex
1806 4349 2077 4417 prefundo,
2118 4349 2305 4403 maris.
2337 4367 2356 4412 ε

798 4366 974 4411 nasan
998 4366 1338 4417 convertam,
1372 4366 1682 4413 convertam
1715 4366 1782 4405 ex
1844 4366 2077 4411 rorunuo,
2118 4366 2305 4403 maris.
2337 4367 2356 4412 ε

797 4441 934 4508 Quia
981 4441 1036 4498 in
1069 4442 1161 4499 illo
1210 4444 1327 4513 ipse
1374 4441 1637 4501 Dominus
1690 4441 1772 4502 sic
1806 4366 2076 4505 ﬁicebat;
2116 4447 2170 4495 et
2217 4454 2364 4495 nunc

798 4533 1498 4605 quoqueeumdem'ipsum
1542 4547 1664 4605 esse
1702 4531 1795 4602 qui
1835 4532 1948 4596 haec
1975 4531 2210 4600 loquitur
2251 4532 2363 4596 exi—

801 4621 1151 4677 stimandum.

764 4854 770 4861 -
875 4822 995 4893 Ipse
1021 4823 1186 4892 igitur
1221 4836 1379 4891 quem
1407 4838 1515 4879 non
1563 4824 1739 4879 alium
1760 4840 1883 4880 esse
1928 4813 2088 4895 quani
2116 4823 2209 4881 Dei
2236 4823 2364 4880 Ver-

806 4915 933 4971 bum
965 4916 1216 4984 superius
1253 4912 1764 4982 demonstravimus,
1804 4919 2105 4974 orationem
2137 4917 2365 4972 effundit

808 5007 875 5063 ad
902 5006 1138 5071 Patrem,
1168 5004 1402 5060 hominis
1430 5020 1594 5076 quem
1624 5008 1918 5076 assumpsit
1949 5000 2223 5075 cruciatus
2257 5008 2367 5066 sibi

808 5098 1059 5169 proprios
1092 5103 1381 5166 reputans,
1423 5092 1593 5169 quare
1643 5098 1757 5151 ait:
1797 5116 1816 5149 ‹
1854 5094 2071 5154 Salvum
2123 5117 2208 5156 me
2258 5100 2362 5165 fac,

809 5186 974 5253 Deus,
1004 5190 1260 5258 quoniam
1291 5188 1631 5244 intraverunt
1660 5204 1813 5260 aquae
1841 5204 2014 5259 usque
2034 5191 2104 5246 ad
2131 5193 2368 5253 animam

810 5293 1005 5335 meam.
1056 5278 1258 5335 lnlixus
1297 5294 1416 5333 sum
1449 5280 1505 5333 in
1555 5281 1685 5351 limo
1729 5280 2003 5351 profundi,
2039 5291 2095 5337 et
2130 5299 2237 5338 non
2283 5292 2369 5341 est

812 5370 1133 5427 substantia.
1162 5369 1296 5424 Veni
1317 5370 1378 5450 in
1406 5370 1742 5445 altitudinem
1770 5374 1961 5437 maris,
1993 5384 2046 5428 et
2074 5381 2367 5444 tempestas

815 5464 1072 5518 demerslt
1099 5475 1203 5515 me.
1246 5480 1263 5512 ι
1296 5460 1613 5517 Praecedens
1636 5465 1819 5532 utique
1845 5452 2086 5536 psalmus
2111 5466 2195 5529 bis
2221 5482 2369 5522 com-

815 5552 1091 5625 pellabat:
1125 5570 1145 5601 ε
1184 5551 1289 5604 lter
1309 5551 1470 5607 facite
1514 5553 1564 5608 ei
1617 5552 1711 5622 qui
1740 5555 1984 5610 ascendit
2021 5570 2183 5624 super
2213 5570 2370 5611 occa-

816 5656 960 5709 sum,
999 5640 1259 5696 Dominus
1306 5656 1499 5697 nomen
1542 5644 1620 5698 illi
1641 5643 1705 5699 ".
1756 5663 1774 5695 ι
1812 5644 2011 5711 Deinde
2062 5661 2215 5700 suam
2246 5660 2368 5701 cum

890 5794 1177 5862 "lsa.n.,
1208 5798 1262 5863 ι»,
1306 5800 1355 5853 7.
1432 5798 1477 5829 τι
1514 5772 1654 5853 Psal.
1696 5816 1861 5865 mn,
1900 5800 1989 5854 es.
2064 5800 2109 5831 τι
2149 5800 2277 5854 ibid.
2317 5798 2371 5853 5.

2444 2083 2619 2146 εἴποις
2668 2081 2732 2135 ἂν
2784 2080 3118 2153 προφητείαν
3166 2080 3230 2132 ἐκ
3274 2076 3565 2148 προσώπου
3608 2074 3702 2127 τοῦ
3763 2074 4017 2145 Σωτῆρος

2446 2175 2601 2246 ἡμῶν
2629 2173 2913 2237 διεξιόντος
2974 2171 3043 2224 τὰ
3076 2170 3203 2240 περὶ
3234 2168 3397 2222 αὐτὸν
3434 2164 3838 2237 συμϐεϐηκότα,
3887 2182 4019 2236 προ-
4136 2166 4139 2169 ’

2446 2267 2788 2339 αναφώνησίν
2829 2284 2887 2320 τε
2932 2266 3041 2325 τῶν
3090 2265 3359 2327 Ἰουδαίοις
3379 2262 3711 2316 ἐπελθόντων
3765 2260 3900 2332 μετὰ
3950 2260 4019 2314 τά

2446 2359 2563 2411 κατ’
2598 2358 2792 2419 αὐτοὺς
2831 2354 3224 2426 τετολμημένα.
3264 2352 3589 2424 Ἀρχόμενος
3619 2351 3663 2404 δ’
3695 2345 3787 2404 οὖν
3834 2350 3862 2402 6
3900 2350 4016 2402 Σω-

2444 2450 2567 2521 τὴρ,
2594 2450 2761 2520 εὐχὴν
2786 2448 3097 2517 ἀναπέμπει
3122 2444 3257 2515 πρὸς
3287 2442 3378 2495 τὸν
3404 2442 3621 2513 Πατέρα
3637 2440 3810 2509 λέγων
3834 2457 3849 2471 θ
3879 2458 3895 2491 t
3914 2438 4015 2492 Σῶ-

2449 2544 2540 2598 σόν
2595 2560 2683 2613 με,
2731 2543 2761 2594 6
2812 2539 2964 2602 Θεὸς,
3013 2539 3095 2591 ὅτι
3143 2534 3458 2605 είσήλθοσαν
3511 2532 3678 2585 ὕδατα
3707 2532 3812 2593 ἐως
3841 2530 4019 2601 ψυχῆς

2451 2651 2571 2704 μου.
2614 2651 2633 2685 ›
2669 2630 2778 2684 Καί
2823 2647 2911 2700 μοι
2949 2624 3275 2687 saxeum:
3306 2624 3460 2691 λόγον
3500 2621 3671 2676 ταῦτα
3709 2623 3821 2684 τοῖς
3854 2622 3911 2673 ἐν
3940 2619 4018 2691 τῷ

2448 2723 2798 2796 προλεχθέντι
2834 2719 3100 2790 συνῆφθαι
3145 2716 3362 2787 ψαλμῷ.
3410 2717 3495 2769 Ἐν
3538 2714 3730 2785 ἐκείνῳ
3774 2713 3873 2784 μὲν
3911 2711 4020 2783 γάρ

2448 2814 2662 2881 ἐλέγετο
2683 2827 2696 2841 ·
2735 2830 2753 2862 t
2786 2806 2919 2863 Εἷπε
2955 2806 3157 2878 Κύριος
3178 2823 3191 2835 ο
3228 2805 3321 2857 Ἐκ
3351 2804 3528 2859 Βασὰν
3554 2801 3885 2874 ἐπιστρέψω,
3910 2803 4020 2853 ἐπι-

2458 2904 2674 2977 στρέψω
2714 2903 2778 2956 ἐκ
2825 2900 3000 2971 βυθῶν
3032 2901 3335 2971 θαλάσσης·
3371 2917 3390 2950 ι
3426 2899 3485 2950 ἐν
3518 2894 3691 2965 τούτῳ
3717 2894 3797 2955 δέ,
3835 2911 3854 2943 ι
3885 2888 4020 2945 Ἦλ-

2448 2994 2538 3053 θον
2568 2995 2646 3055 εἰς
2693 2992 2763 3045 τὰ
2797 2990 2932 3061 βάθη
2978 2991 3075 3061 τῆς
3108 2989 3402 3059 θαλάσσης,
3461 2987 3556 3039 καὶ
3598 2983 3851 3051 καταίγὶς
3890 2998 4021 3035 κατ-

2446 3084 2693 3139 επόντισέ
2738 3099 2824 3154 με.
2860 3101 2877 3132 ι
2915 3080 3061 3134 Ἔδει
3107 3079 3214 3149 γὰρ
3246 3080 3391 3150 ἡμᾶς
3417 3076 3727 3147 διδαχθῆναι
3774 3071 3893 3137 πῶς
3940 3075 4020 3136 είς

2447 3176 2543 3247 τὴν
2572 3173 2750 3227 Βασὰν
2781 3170 3046 3241 κατῆλθεν
3084 3172 3113 3222 6
3158 3169 3380 3245 Κύριος,
3418 3166 3553 3236 ὅπερ
3586 3165 3730 3219 ἐστὶν
3768 3162 4018 3233 αίσχύνη,

2451 3268 2681 3332 καὶπῶς
2708 3266 2911 3334 ἔλεγεν,
2943 3283 2961 3318 ι
3000 3265 3186 3318 Ἐπιστ
3199 3262 3346 3335 ρέψω
3376 3262 3440 3339 ἐκ
3468 3258 3644 3330 βυθῶν
3676 3257 3968 3329 θαλάσσης.
3995 3276 4015 3309 ι

2450 3362 2541 3415 Διὸ
2573 3361 2638 3432 δὴ
2664 3359 2832 3413 ταῦτα
2864 3357 3002 3410 αὐτὰ
3027 3356 3117 3411 διὰ
3142 3356 3251 3409 τῶν
3280 3350 3654 3424 προκειμένων
3690 3350 4017 3422 παρίστησι’

2451 3452 2579 3524 περὶ
2613 3450 2711 3521 μέν
2753 3448 2852 3519 τῆς
2885 3447 3144 3522 αἰσχύνης
3186 3443 3390 3516 προῖὼν
3438 3442 3533 3499 καὶ
3579 3440 3790 3524 λέγων’
3841 3457 3859 3491 t
3901 3439 4021 3492 Ὅτι

2452 3521 2613 3598 ἓνεκα
2660 3539 2756 3595 σοῦ
2803 3542 3085 3611 ὑπήνεγκα
3128 3536 3447 3606 ὀνειδισμὸν,
3482 3521 3747 3604 ἐκάλυψεν
3790 3529 4022 3604 ἐντροπὴ

2453 3635 2513 3687 τὸ
2539 3634 2827 3707 πρόσωπόν
2868 3650 2967 3703 μου
2996 3649 3010 3662 ·
3050 3651 3068 3682 ι
3112 3631 3205 3684 καὶ
3248 3626 3436 3694 αὖθις·
3471 3648 3489 3680 ι
3517 3628 3589 3683 Σὺ
3621 3625 3905 3695 γινώσκεις
3933 3624 4024 3679 τὸν

2455 3726 2754 3798 ὁνειδισμόν
2788 3743 2886 3797 μου
2912 3725 3006 3777 καὶ
3030 3724 3129 3793 τὴν
3162 3721 3420 3792 αἰσχύνην
3460 3738 3561 3792 μου
3588 3720 3683 3773 καὶ
3716 3718 3815 3790 τὴν
3841 3719 4025 3789 ἐντρο-

2458 3821 2566 3889 πήν
2620 3824 2761 3890 μου’·
2807 3837 2826 3870 ι
2882 3818 3010 3888 περὶ
3058 3816 3115 3869 δέ
3159 3815 3254 3869 τοῦ
3301 3814 3461 3886 βυθοῦ
3499 3813 3597 3885 τῆς
3630 3811 3904 3882 θαλάσσης
3939 3808 4021 3872 τὸ,

2463 3929 2481 3960 ι
2518 3899 2697 3962 Σῶσόν
2723 3904 2810 3980 με,
2838 3910 2866 3962 6
2890 3907 3040 3971 Θεὸς,
3066 3908 3147 3960 ὅτι
3172 3906 3489 3977 εἰσήλθοσαν
3519 3902 3687 3965 ὕδατα
3716 3900 3823 3965 ἕως
3846 3900 4026 3970 ψυχῆς

2463 4016 2585 4070 μου.
2603 3995 2995 4068 Ἐνεπάγηνείς
3025 3996 3157 4067 ὕλην
3182 3993 3459 4065 (1)βυθοῦ,
3490 3994 3583 4047 καλ¹
3611 3993 3710 4044 οὐκ
3730 3990 3876 4044 εστιν
3893 3983 4025 4043 61:6-
4072 4054 4073 4061 κ

2462 4109 2667 4156 στάσις.
2702 4086 2903 4145 Ἦλθον
2934 4092 3013 4153 εἰς
3040 4088 3108 4141 τὰ
3148 4086 3285 4159 βάθη
3317 4087 3417 4157 τῆς
3439 4085 3735 4155 θαλάσσης,
3759 4083 3851 4136 καὶ
3895 4098 4027 4136 κατ-

2461 4184 2606 4251 αιγὶς
2634 4181 2983 4237 κατεπόντισε
3041 4197 3129 4251 με.
3177 4199 3195 4231 ι
3234 4177 3417 4232 Ταῦτα
3451 4177 3560 4248 γάρ
3618 4176 3875 4245 πλείστην
3913 4173 4026 4245 ἔχοι

2464 4275 2529 4329 ἂν
2558 4273 2876 4328 ἀκολουθίαν
2905 4272 3040 4343 πρὸς
3065 4270 3131 4325 τὰ
3171 4271 3230 4323 ἐν
3258 4268 3335 4339 τῷ
3364 4269 3470 4340 πρὸ
3497 4268 3689 4322 τούτου
3714 4264 3914 4337 ψαλμῷ
3941 4264 4000 4316 λε
4033 4260 4037 4263 ’

2462 4363 2726 4435 λεγμένα·
2759 4364 2817 4416 ἐν
2845 4361 2942 4433 τῷ,
2979 4382 2997 4413 ι
3032 4356 3198 4415 Εἶπεν
3236 4362 3264 4413 6
3288 4360 3490 4430 Κύριος
3510 4374 3523 4387 ·
3563 4358 3658 4410 Ἐκ
3689 4355 3868 4409 Βασάν
3908 4356 4027 4407 ἐπι-

2466 4455 2701 4527 στρέψω,
2737 4453 3048 4525 ἐπιστρέψω
3093 4453 3158 4505 ἐκ
3205 4449 3381 4521 βυθῶν
3411 4449 3708 4518 θαλάσσης.
3746 4467 3765 4498 ι
3811 4444 4026 4531 Ἐπειδὴ

2465 4549 2523 4601 ἐν
2552 4546 2743 4615 ἐκείνῳ
2774 4544 2934 4607 αὐτὸς
2962 4540 3030 4614 ἦν
3057 4544 3085 4595 6
3106 4543 3309 4613 Κύριος
3350 4542 3380 4594 6
3414 4538 3585 4592 ταῦτα
3611 4537 3811 4606 λέγων’
3840 4535 4029 4589 ἔπειτα

2395 4660 2437 4713 ι)
2467 4638 2557 4690 καὶ
2588 4635 2684 4688 νῦν
2724 4634 2817 4690 τὸν
2843 4632 3001 4686 αὑτὸν
3030 4628 3169 4686 εἶναι
3197 4628 3443 4699 ἡγεῖσθαι
3476 4627 3569 4679 τὸν
3602 4626 3672 4679 τὰ
3697 4618 4029 4696 προκείμενα

2457 4727 2746 4794 ιδιεξιόντα.

2535 4839 2705 4901 Αὐτὸς
2732 4834 3037 4913 τοιγαροῦν,
3065 4833 3123 4888 δν
3161 4834 3268 4911 οὐδ’
3307 4834 3489 4903 ἕτερον
3524 4829 3663 4884 εἶναι
3689 4830 3724 4900 ἢ
3764 4826 3864 4912 τοῦ.
3892 4823 4028 4879 Θεοῦ

2468 4924 2635 4991 Λόγον
2660 4923 2745 4977 διὰ
2780 4922 2886 4975 τῶν
2909 4920 3213 4993 ἔμπροσθεν
3243 4922 3683 4992 παρεστήσαμεν,
3711 4917 3875 4989 εὐχὴν
3899 4916 4031 4977 ἀνα-

2470 5014 2676 5084 πέμπει
2706 5012 2784 5084 τῷ
2810 5012 3003 5084 Πατρὶ,
3042 5008 3456 5081 ίδιοποιούμενος
3480 5011 3550 5065 τὰ
3579 5010 3700 5065 καθ’
3732 5003 3792 5062 οὗ
3821 4993 4031 5077 ἀνείλη-

2471 5094 2568 5174 φεν
2598 5104 2883 5179 ἀνθρώπου
2913 5102 3057 5180 πάθη
3075 5088 3095 5134 "
3123 5104 3204 5157 διό
3232 5120 3364 5172 φησι
3386 5119 3400 5133 ·
3437 5121 3455 5153 ι
3492 5100 3672 5153 Σῶσόν
3704 5114 3792 5169 με,
3820 5099 3848 5150 6
3876 5095 4027 5160 Θεὸς,

2469 5196 2549 5247 ὅτι
2580 5196 2895 5268 είσήλθοσαν
2924 5194 3089 5249 ὕδατα
3118 5196 3221 5258 ἕως
3247 5193 3427 5262 ψυχῆς
3454 5207 3574 5261 μου.
3619 5187 3921 5258 Ἐνεπάγην
3950 5189 4031 5253 είς

2473 5284 2601 5353 ὓλην
2629 5284 2812 5354 βυθοῦ,
2840 5284 2934 5338 καὶ
2972 5284 3073 5338 οὐκ
3104 5284 3249 5336 ἐστιν
3284 5282 3599 5341 ὑπόστασις.
3624 5273 3826 5330 Ἦλθον
3853 5279 3932 5341 είς
3962 5278 4031 5329 τὰ

2476 5375 2610 5445 βάθη
2641 5376 2740 5446 τῆς
2771 5365 3065 5445 θαλάσσης,
3093 5374 3186 5427 καὶ
3222 5371 3472 5439 καταιγὶς
3505 5368 3858 5422 κατεπόντισέ
3888 5384 3975 5437 με.
4004 5385 4023 5418 ι

2486 5466 2541 5519 '0
2568 5452 2669 5536 μὲν
2698 5462 2788 5521 οὖν
2818 5467 2925 5538 πρὸ
2958 5465 3145 5519 τούτου
3171 5462 3381 5533 ψαλμὸς
3414 5458 3746 5531 προσεφώνει
3772 5458 3995 5537 φάσκων
4013 5473 4027 5487 ο

2454 5556 2455 5559 “
2480 5575 2497 5606 ι
2547 5556 2923 5628 Ὀδοποιήσατε
2951 5555 3029 5624 τῷ
3065 5552 3410 5624 ἐπιδεδηκότι
3448 5553 3540 5605 ἐπὶ
3564 5549 3806 5621 δυσμῶν,
3829 5549 4033 5617 Κύριος

2474 5646 2641 5717 ὄνομα
2675 5649 2848 5717 αὐτῷ·
2890 5666 2909 5699 ι
2949 5642 3046 5697 εἷθ’
3079 5644 3204 5715 ἐξῆς
3234 5646 3332 5716 τὴν
3356 5645 3471 5715 ἅμα
3494 5640 3799 5711 ἀνθρώποις
3824 5638 4030 5708 διατρι-

890 5885 1178 5945 (limior.
1208 5886 1471 5969 luterpres
1500 5888 1692 5963 legisse
1713 5891 1924 5955 videtur
1951 5882 2082 5957 ίλύν,
2117 5889 2264 5961 quod
2292 5886 2639 5944 verisimilius
2661 5894 2744 5943 est
2772 5896 2826 5941 et
2846 5884 3004 5940 nobis
3025 5897 3239 5957 quoque
3271 5882 3441 5951 magis
3480 5880 3673 5948 placet.
3707 5876 3862 5935 Enn.
