4300 6400
250 505 357 563 ’Ξεὸ

1373 510 1875 565 COMMENTARIA
1913 511 1978 565 IN
2017 509 2350 566 PSALMOS.

3403 504 3503 558 7'26

248 626 347 697 δὴν
372 626 538 684 αὐτου
578 628 869 700 παρίστησι
896 629 1154 711 λέγων’]
1185 630 1292 684 Καὶ
1321 630 1647 698 ἀγαλλιᾶσθε
1681 629 1812 683 ἐνώ-

1930 630 2231 684 nominibus
2258 628 2741 683 commorationem
2765 626 3083 680 enuntiabat
3118 626 3310 680 dicens
3339 645 3350 678 :
3386 645 3401 675 ε
3436 622 3500 677 lit

248 732 368 770 πιον
398 716 586 782 αὑτοῦ,
611 718 708 776 τοῦ
733 720 936 791 πατρὸς
958 720 1066 773 τῶν
1098 719 1346 790 ὀρφανῶν
1375 720 1468 773 καλ¹
1494 720 1676 791 κριτοῦ
1708 721 1815 772 τῶν

245 805 448 878 χηρῶν.
495 830 511 859 ο
545 809 653 861 Καὶ
689 809 797 862 τῶν
833 810 1088 880 μαθητῶν
1114 810 1170 862 δέ
1210 809 1374 864 αὐτοῦ
1411 810 1503 863 καὶ
1547 809 1654 863 τῶν
1686 811 1821 862 ἀπο-

246 899 449 952 στόλων
492 900 591 970 τὴν
626 900 816 972 κλῆσιν
870 902 1057 971 ἐδήλου
1108 904 1166 954 ἐν
1211 898 1331 971 τῷ,
1362 921 1379 953 ι
1424 901 1624 973 Κύριος
1663 900 1821 955 δώσει

246 992 397 1062 ῥῆμα
433 997 559 1057 ἑοῖς
604 993 1109 1064 εὐαγγελιζομένοις
1160 995 1384 1065 δυνάμει
1418 995 1605 1064 πολλῇ.
1640 1014 1658 1045 ι
1709 990 1820 1047 Εἶθ’

242 1084 368 1157 ἑξῆς
396 1089 477 1151 είς
504 1086 592 1140 τὸν
621 1087 844 1142 θάνατον
870 1085 1031 1141 αὐτοῦ
1064 1086 1285 1140 κάθοδον
1330 1088 1424 1140 καὶ¹
1456 1086 1552 1157 τὴν
1595 1086 1823 1153 διέξοδον

242 1178 341 1248 τὴν
369 1178 619 1232 ἐντεῦθεν
649 1179 926 1232 ἐδίδασκεν
955 1180 1011 1231 ἐν
1039 1178 1135 1249 τῷ,
1170 1197 1188 1230 ι
1223 1179 1330 1231 Καὶ
1358 1178 1451 1230 τοῦ
1484 1178 1686 1249 Κυρίου
1713 1180 1824 1232 Κυ-

243 1271 360 1343 ρίου
394 1273 449 1325 αἱ
470 1271 691 1336 διέξοδοι
709 1270 799 1323 τοῦ
830 1270 1059 1323 θανάτου
1083 1287 1096 1299 ·
1128 1289 1145 1321 ι
1184 1271 1278 1322 καὶ
1303 1272 1359 1321 ἐν
1386 1270 1484 1341 τῷ,
1523 1288 1540 1319 ι
1566 1265 1701 1322 Εἷπε
1720 1268 1827 1322 Κύ-

244 1382 375 1435 ριος⁸
394 1365 487 1418 Ἐκ
502 1364 679 1417 Βασάν
695 1362 1024 1433 ἐπιστρέψω,
1040 1362 1348 1433 ἐπιστρέψω
1360 1364 1423 1415 ἐκ
1442 1361 1615 1432 βυθῶν
1634 1362 1826 1416 θαλάσ-

244 1473 403 1527 σης’›
438 1456 531 1509 ἐπὶ
557 1456 690 1519 πᾶσι
720 1454 778 1507 δὲ
805 1454 1015 1517 τούτοις
1046 1455 1143 1524 τὴν
1173 1456 1252 1516 είς
1283 1455 1541 1524 οὐρανοὺς
1569 1453 1825 1509 ἐπάνοδον

242 1546 515 1622 αὑτοῦδιά
547 1546 641 1599 τοῦ
665 1546 828 1601 αὐτοῦ
859 1546 1045 1619 ἐδήλου
1078 1546 1281 1614 λέγων’
1312 1546 1563 1601 ιΨάλατε
1594 1545 1673 1615 τῷ
1705 1546 1824 1615 Θεῷ

242 1640 317 1711 τῷ
333 1638 683 1710 ἐπιϐεϐηκότι
710 1640 800 1692 ἐπὶ
828 1641 918 1693 τὸν
934 1639 1162 1711 οὐρανὸν
1184 1636 1277 1690 τοῦ
1296 1637 1525 1708 ούρανοῦ
1552 1639 1672 1691 κατ’
1702 1639 1827 1691 ἀνα-

241 1730 420 1793 τολάς.
463 1751 481 1782 ι
518 1730 701 1784 Ταῦτα
732 1734 829 1803 μὲν
858 1750 949 1785 ουν
979 1734 1036 1783 ἐν
1066 1731 1294 1795 ἐκείνοις
1315 1748 1326 1760 ·
1351 1729 1440 1784 διὰ
1467 1730 1524 1784 δὲ
1556 1730 1663 1783 τῶν
1680 1747 1823 1802 προ-

242 1822 518 1891 κειμένων
553 1821 621 1875 τὰ
650 1823 726 1884 ὡς
750 1825 808 1876 ἐν
837 1822 1161 1893 παραδρομῇ
1199 1822 1321 1875 τότε
1350 1821 1653 1891 λελεγμένα
1686 1822 1825 1875 πλατ

240 1913 411 1977 τύνει,
453 1903 665 1977 δεικνἾυς
692 1915 839 1977 ὅπως
876 1914 1125 1967 λέλεκτο·
1166 1932 1183 1963 ι
1216 1914 1327 1967 Καὶ
1360 1914 1452 1967 τοῦ
1480 1915 1685 1986 Κυρίου
1708 1917 1825 1969 Κυ-

1926 722 2196 775 exsullale
2230 720 2285 773 in
2311 725 2605 787 conspectu
2643 718 2781 786 ejus,
2815 718 2989 786 patris
3028 717 3398 787 orphanorum
3447 724 3501 769 et

1921 813 2125 884 judicis
2151 812 2435 866 viduarum
2457 811 2524 864 ⁷⁸.
2554 829 2571 860 ι
2611 808 3011 878 Discipulorum
3038 808 3163 860 item
3199 816 3253 860 et
3284 817 3502 876 aposto-

1926 910 2101 963 lorum
2126 921 2349 963 suorum
2380 903 2721 959 vocationem
2748 902 3063 956 declarabat
3092 901 3148 953 in
3178 900 3304 954 illo:
3345 919 3363 951 ι
3396 899 3501 952 Do-

1925 1000 2107 1054 minus
2174 997 2324 1051 dabit
2398 996 2622 1049 verbum
2689 992 3223 1062 evangelizantibus,
3302 991 3501 1046 virtute

1926 1092 2185 1146 multa".
2234 1109 2250 1141 ι
2302 1088 2417 1144 Sub
2450 1088 2565 1142 haec
2608 1086 2727 1157 ejus
2778 1085 2846 1140 ad
2892 1094 3117 1138 mortem
3152 1083 3497 1145 descensum,

1924 1184 2122 1240 etinde
2142 1182 2372 1243 reditum
2405 1180 2591 1236 docuit
2624 1180 2696 1233 ita
2728 1177 2905 1233 fatus:
2929 1197 2946 1227 ι
2974 1176 3038 1230 Et
3054 1174 3498 1230 DominiDomini

1924 1278 2099 1331 exitus
2130 1275 2322 1329 mortis
2342 1274 2422 1341 ἐς
2467 1292 2485 1323 ι
2523 1279 2578 1327 et
2602 1271 2653 1325 in
2690 1272 2804 1338 illo,
2842 1290 2860 1321 ι
2910 1269 3052 1323 Dixit
3077 1264 3337 1322 Dominus
3373 1285 3386 1321 :
3421 1264 3498 1321 Ex

1926 1367 2100 1421 Basan
2124 1374 2459 1429 convertam,
2482 1371 2794 1418 convertam
2837 1378 2907 1417 ex
2945 1360 3215 1432 profundo
3261 1359 3447 1414 maris.
3472 1377 3490 1409 ι

1924 1460 2005 1514 Ad
2036 1460 2148 1514 ιιωο
2188 1467 2367 1513 autem
2397 1457 2600 1523 omnia,
2657 1454 2892 1510 reditum
2940 1455 3061 1524 ejus
3101 1453 3166 1507 ad
3197 1454 3393 1507 cmlum
3444 1453 3497 1505 in

1925 1549 2112 1604 eodem
2162 1551 2372 1620 psalmo
2425 1552 2506 1606 sic
2556 1548 2871 1606 enarravit:
2932 1567 2950 1597 ι
2996 1545 3220 1603 Psallite
3268 1546 3376 1600 lleo
3405 1548 3498 1614 qui

1926 1641 2172 1697 ascendit
2199 1658 2363 1714 super
2400 1644 2597 1697 coalum
2647 1642 2767 1696 caeli
2804 1641 2868 1695 ad
2900 1634 3187 1695 orientem
3212 1640 3278 1693 ⁸ο.
3322 1658 3340 1689 ι
3376 1637 3500 1692 ιιιιεο

1928 1733 2025 1787 ibi.
2086 1731 2454 1802 ln-praesenti
2502 1741 2681 1787 autem
2714 1747 2832 1799 quae
2870 1733 3024 1803 quasi
3080 1735 3133 1787 in
3182 1739 3499 1786 transcursu

1928 1833 2061 1878 tunc
2109 1812 2253 1878 dicta
2304 1822 2518 1878 fuerant
2578 1822 2755 1878 fusius
2807 1822 3001 1891 aperit,
3050 1821 3346 1882 ostendens
3393 1834 3502 1890 quo

1932 1930 2099 1970 sensu
2149 1913 2352 1968 dictum
2379 1914 2447 1968 de
2487 1913 2717 1967 Domino
2749 1912 2908 1968 fuerit
2944 1931 2956 1967 :
3006 1931 3022 1963 ι
3060 1911 3126 1965 Et
3155 1911 3369 1966 Domini
3402 1911 3503 1966 Do-

200 2032 203 2033 ν
244 2004 360 2077 ρίου
404 2006 461 2057 αἱ
505 2003 722 2064 διέξοδοι
763 2004 855 2057 τοῦ
888 2005 1143 2069 θανάτου,
1186 2024 1203 2055 ι
1240 2007 1444 2075 καὶτὸ,
1490 2026 1508 2057 ι
1552 2003 1685 2059 Εἷπε
1715 2007 1827 2059 Κύ-

1930 2007 2060 2060 mini
2102 2006 2281 2060 exitus
2316 2005 2529 2068 m’ortis,
2584 2023 2601 2055 ι
2638 2012 2799 2074 atque
2848 2001 2981 2056 illud
3010 2043 3024 2065 ,
3060 2021 3095 2052 ι.
3120 2001 3262 2055 Dixit
3317 2000 3502 2055 Domi.

245 2113 389 2167 ριος·
446 2097 540 2149 Ἐκ
574 2096 757 2150 Βασὰν
801 2098 1136 2168 ἐπιστρέψω,
1178 2097 1493 2169 ἐπιστρέψω
1541 2099 1607 2151 ἐκ
1649 2098 1825 2168 βυθῶν

241 2186 539 2257 Θαλάσσης.
570 2207 588 2238 ›
625 2188 809 2241 Ταῦτα
836 2188 943 2259 γάρ
974 2191 1053 2252 είς
1084 2187 1284 2251 πλάτος
1312 2188 1406 2247 ἐπὶ
1437 2188 1826 2259 τοῦπαρόντος

241 2271 571 2351 διεξέρχεται
600 2281 778 2349 λέγων
798 2299 810 2311 ·
843 2301 860 2333 ‹
884 2280 1072 2333 Σῶσόν
1109 2298 1195 2352 με,
1225 2282 1253 2332 6
1283 2278 1435 2345 Θεὸς,
1465 2283 1547 2335 ὅτι
1587 2280 1827 2351 εἰσήλθο-

242 2387 342 2427 σαν
380 2372 549 2425 ῦδατα
580 2372 685 2435 ’ἐως
734 2372 911 2444 ψυχῆς
947 2390 1070 2443 μου.
1112 2376 1414 2447 Ἐνεπάγην
1455 2376 1531 2439 είς
1568 2374 1699 2445 ὓλην
1731 2374 1823 2444 βυ-

239 2463 359 2527 θοῦ,
390 2464 486 2516 καὶ
531 2463 630 2517 οὐκ
675 2463 821 2517 ἐστιν
861 2466 1177 2530 ὑπόστασις.
1209 2464 1409 2529 *Ηλθον
1456 2470 1537 2531 είς
1576 2467 1647 2521 τὰ
1689 2466 1825 2537 βάθη

240 2556 340 2625 τῆς
383 2556 659 2628 θαλάσσης
708 2558 803 2611 καὶ
844 2560 1094 2629 καταιγὶς
1127 2560 1481 2615 κατεπόντισέ
1532 2578 1617 2631 με.
1648 2579 1667 2612 1
1703 2561 1830 2612 Πει-

244 2650 492 2721 εασμοὺς
528 2649 586 2702 δέ
630 2651 724 2703 καὶ
758 2649 1029 2721 διωγμοὺς
1060 2653 1152 2712 καὶ
1184 2652 1577 2714 ἐπαναστάσεις
1617 2651 1827 2705 ἀσεϐῶν

242 2738 454 2810 ἀνδρῶν
479 2737 645 2792 ὕδατα
677 2740 860 2793 καλεῖν
890 2740 1079 2794 εἴωθεν
1107 2742 1145 2805 δν
1164 2742 1368 2812 Λόγος·
1410 2740 1565 2795 Οῦτω
1598 2740 1728 2809 γοῦν
1754 2741 1829 2794 ετ-

246 2848 408 2902 ρηται
454 2829 721 2901 ἀλλαχοῦ·
764 2851 782 2883 ‹
820 2833 923 2885 Τὸν
974 2834 1272 2906 χείμαρρον
1324 2833 1538 2905 διῆλθεν
1597 2836 1630 2905 ἡ
1682 2834 1828 2906 ψυχὴ

243 2925 433 2998 ἡμῶν·
462 2925 570 2997 ἄρα
596 2924 808 2995 διῆλθεν
835 2927 868 2996 ἡ
893 2925 1037 2996 ψυχὴ
1064 2925 1220 2996 ἡμῶν
1260 2926 1321 2978 τὸ
1356 2925 1502 2998 ὕδωρ
1530 2926 1832 2980 ἀνυπόστα-

242 3030 353 3073 τον.
397 3034 416 3067 ι
448 3016 559 3069 Καὶ
595 3015 755 3080 αὐτὸς
788 3016 844 3069 δέ
875 3018 902 3068 6
938 3017 1127 3088 Σωτὴρ
1161 3017 1408 3071 ἐδίδασκε
1432 3018 1589 3072 τοῦτο
1612 3012 1827 3088 λέγων·

250 3128 268 3159 ι
306 3108 530 3179 Κατέὸη
565 3110 599 3179 ἡ
650 3107 839 3180 βροχὴ,
886 3103 1047 3179 ¹ἦλθον
1091 3110 1138 3161 οἱ
1170 3113 1427 3181 ποταμοὶ,
1475 3110 1741 3164 ἔπνευσαν
1779 3111 1829 3163 οἱ

243 3200 456 3270 ἄνεμοι,
489 3201 583 3254 καὶ
628 3200 1006 3273 προσέρρηξαν
1043 3204 1109 3272 τῇ
1151 3202 1296 3274 οἰκίᾳ
1342 3204 1549 3275 ἐκείνῃ,
1586 3202 1682 3256 καὶ
1728 3204 1829 3255 οὐκ

243 3292 409 3346 ἔπεσε
429 3309 441 3322 ·
465 3292 821 3365 τεθεμελίωτο
854 3294 964 3368 γάρ
1002 3296 1091 3346 ἐπὶ
1152 3295 1250 3366 τὴν
1282 3295 1510 3367 πέτρανζ
1541 3315 1560 3347 ι
1606 3296 1713 3349 Καὶ
1742 3294 1830 3348 διά

1927 2118 2031 2157 nus
2064 2122 2076 2155 :
2115 2099 2189 2154 Ex
2222 2098 2394 2154 Basan
2422 2106 2762 2162 convertam,
2794 2106 3105 2151 convertam
3128 2103 3195 2150 ex
3228 2094 3503 2165 profundo

1925 2192 2113 2248 maris.
2158 2211 2175 2242 ι
2230 2190 2357 2244 Haec
2391 2191 2536 2245 enim
2578 2190 2753 2244 fusius
2789 2188 2845 2243 in
2879 2189 3135 2259 praesenti
3168 2196 3387 2242 enarrat
3416 2186 3503 2241 di-

1926 2300 2057 2339 cens
2084 2302 2098 2337 :
2132 2302 2152 2334 ι
2186 2280 2408 2339 Salvum
2438 2297 2525 2337 me
2549 2281 2655 2345 fac,
2682 2282 2846 2345 Deus,
2874 2282 3133 2351 quoniam
3165 2281 3503 2335 intraverunt

1926 2390 2080 2446 aqua:
2113 2389 2285 2444 usque
2320 2372 2385 2432 ad
2410 2374 2645 2430 animam
2678 2386 2873 2427 meam.
2906 2370 3111 2430 lnfims
3145 2387 3265 2426 sum
3294 2371 3348 2425 in
3376 2371 3503 2425 limo

1926 2465 2206 2536 profundi,
2240 2474 2294 2520 et
2337 2479 2447 2525 non
2494 2470 2593 2518 est.
2633 2463 2959 2519 substantia.
3002 2460 3137 2516 Veni
3174 2463 3228 2516 in
3259 2461 3502 2515 altitudi-

1928 2574 2054 2613 nem
2089 2558 2280 2623 maris,
2315 2564 2368 2612 et
2398 2563 2693 2626 tempestas
2722 2555 2980 2610 demersit
3024 2570 3129 2608 me.
3168 2573 3186 2605 ›
3224 2552 3517 2608 Τριηιιιίυ-Δ

1928 2668 2025 2706 nes
2058 2659 2260 2719 autem,
2309 2650 2623 2704 vexationes
2657 2658 2711 2702 et
2757 2644 2994 2703 insultus
3040 2645 3329 2714 impiorum
3359 2644 3504 2697 viro-

1927 2760 2070 2808 rum,
2124 2758 2294 2813 aquas
2334 2755 2529 2795 vocare
2574 2738 2870 2808 Scripturae
2925 2754 3044 2793 mos
3083 2745 3187 2793 est.
3237 2736 3314 2791 lta
3358 2737 3501 2791 enim

1928 2835 2131 2890 dicitur
2195 2832 2323 2887 alibi
2381 2850 2394 2886 :
2464 2849 2483 2883 ι
2553 2830 2872 2884 Torrentem
2909 2828 3262 2899 pertransivit
3323 2830 3503 2884 anima

1928 2934 2137 2990 nostra,
2168 2923 2397 2979 forsitan
2431 2922 2821 2994 pertransisset
2850 2920 3031 2974 anima
3077 2928 3261 2975 nostra
3305 2935 3503 2991 aquam

1931 3020 2049 3076 sine
2084 3017 2251 3072 fundo
2276 3016 2342 3070 ⁸¹.
2387 3034 2406 3067 ι
2440 3012 2793 3083 ldipsumque
2839 3012 2981 3066 idem
3035 3010 3292 3065 Servator
3344 3011 3504 3085 docet

1931 3112 2015 3166 his
2046 3109 2229 3165 verbis
2258 3126 2270 3161 :
2306 3125 2324 3157 ι
2377 3104 2667 3161 Descendit
2696 3104 2902 3175 pluvia,
2953 3110 3222 3157 venerunt
3255 3100 3501 3165 ﬂumina,

1931 3201 2199 3256 [laverunt
2229 3190 2398 3261 venti,
2431 3205 2486 3253 et
2516 3197 2859 3267 impegerunt
2893 3197 2949 3250 in
2981 3195 3202 3250 domum
3255 3194 3423 3260 illam,
3450 3201 3505 3249 et

1930 3308 2039 3345 non
2077 3289 2276 3346 cecidit
2308 3309 2320 3342 :
2354 3287 2578 3342 fundata
2610 3287 2756 3341 enim
2782 3294 2902 3341 erat
2938 3301 3101 3358 supra
3136 3296 3344 3357 petram
3368 3286 3433 3340 θ’.
3478 3305 3499 3339 ι
3596 3332 3601 3339 .

246 3384 355 3438 τῶν
401 3385 776 3456 προκειμένων
821 3386 1001 3439 τοίνυν
1050 3387 1176 3450 τοὺς
1226 3389 1563 3459 πειρασμοῦς
1596 3369 1690 3439 xix!
1732 3385 1828 3450 τάς

1933 3383 1988 3437 ln
2020 3382 2105 3443 his
2138 3382 2319 3450 itaque
2350 3379 2513 3434 dictis
2537 3379 2871 3433 tentationes
2908 3388 2962 3432 et
3008 3380 3239 3434 insidias
3271 3378 3375 3434 sibi
3406 3393 3506 3447 pa-

247 3475 370 3530 κατ’
396 3476 561 3529 αὐτοῦ
591 3476 903 3541 ἐπιϐουλὰς,
944 3477 1111 3537 ὕδατα
1157 3480 1440 3550 ὀνομάζων
1486 3477 1823 3547 εἰσεληλυθέ-

1926 3480 2095 3534 ratas,
2129 3486 2299 3542 aquas
2339 3484 2687 3539 nuncupans,
2742 3484 2914 3537 usque
2943 3468 3012 3522 ad
3061 3469 3298 3522 animam
3347 3483 3503 3522 suam

247 3585 335 3622 ναι
358 3566 463 3630 ἓως
492 3567 593 3638 τῆς
618 3569 800 3639 ψυχῆς
833 3569 995 3623 αὑτοῦ
1030 3569 1289 3623 διδάσκει.
1336 3571 1458 3624 Ἐπὶ
1487 3571 1586 3642 μὲν
1612 3567 1702 3624 οὖν
1728 3570 1823 3624 τοῦ

1930 3563 2141 3619 venisse
2192 3559 2371 3615 docet.
2427 3558 2503 3614 De
2560 3556 2696 3613 Jobo
2758 3573 2928 3621 sane,
2980 3560 3195 3613 tametsi
3245 3565 3503 3621 strenuus

261 3656 401 3721 Ίὼὸ,
458 3658 661 3729 καίπερ
706 3658 855 3721 ὄντος
904 3657 1139 3729 ἀθλητοῦ
1196 3661 1464 3729 γενναίου,
1519 3662 1826 3734 γέγραπται

248 3747 487 3821 εἰρηκὼς
527 3750 555 3800 6
590 3748 721 3813 Θεὸς
767 3749 844 3820 τῷ
883 3751 1225 3829 πιιράέοντι·
1272 3771 1296 3831 ét
1339 3752 1469 3805 Ἰδοὺ
1514 3753 1691 3807 πάντα
1728 3756 1827 3808 ὅσα

250 3840 669 3911 ὑπάρχει”αύτῷ
699 3840 891 3913 δίδωμι
924 3844 980 3907 ἐν
1011 3845 1077 3914 τῇ
1109 3843 1249 3915 χειρί
1281 3861 1394 3911 σου,
1422 3846 1580 3916 μόνον
1606 3845 1703 3916 τὴν
1729 3846 1828 3915 ψυ-

249 3932 351 4004 χὴν
377 3932 542 3986 αὐτοῦ
570 3932 912 4002 διαφύλαξον.
948 3953 967 3986 ι
1017 3935 1278 3989 Ἐνταῦθα
1305 3936 1359 3989 δέ
1398 3938 1495 4007 τὴν
1528 3937 1704 4007 ψυχὴν
1732 3940 1828 3991 αύ-

216 4024 348 4111 ’τὴν
398 4025 426 4077 6
478 4024 755 4097 πειράζων
806 4025 1092 4097 πειράζειλ
1126 4028 1247 4098 ἥτις
1294 4022 1522 4098 ποτέἦν
1554 4023 1712 4099 αὕτη,
1760 4024 1828 4100 ἦς

252 4116 499 4187 μέμνητο
522 4115 615 4169 καὶ⁵
646 4115 807 4180 αὐτὸς
833 4115 1005 4185 λέγων
1025 4133 1039 4149 °
1080 4136 1103 4169 ι
1140 4115 1329 4180 Οὐδεὶς
1358 4116 1502 4185 αἴρει
1529 4117 1626 4187 τὴν
1650 4117 1827 4189 ψυχήν

253 4223 356 4279 μου
388 4208 481 4260 ἀπ’
518 4204 686 4276 ἐμοῦ·
717 4203 964 4270 ἐξουσίαν
996 4205 1109 4278 ἔχω.
1133 4205 1304 4257 θεῖναι
1332 4205 1523 4275 αὐτὴν,
1546 4207 1644 4264 καὶ
1678 4206 1831 4272 ἐξου-

254 4297 378 4356 σίαν
419 4297 529 4365 ἔχω
567 4294 749 4359 λαϐεῖν
777 4295 984 4364 αὐτὴν.’
1007 4284 1048 4351 ἰ,
1080 4296 1174 4357 καὶ
1214 4295 1403 4348 πάλιν·
1446 4314 1463 4346 ι
1509 4297 1619 4366 Τὴν
1651 4297 1827 4369 ψυχήν

254 4402 359 4456 μὀυ
399 4382 591 4461 τίθημι
631 4384 773 4455 ὑπὲρ
811 4384 921 4437 τῶν
960 4385 1258 4463 προϐάτων·
1282 4403 1416 4462 μου·
1450 4404 1470 4438 1
1516 4389 1628 4452 καὶ,
1667 4408 1683 4439 ι
1715 4389 1828 4441 Νῦν

251 4478 288 4546 ἡ
314 4475 458 4545 ψυχή
489 4490 587 4544 μου
615 4474 974 4544 τετάρακται·
1018 4494 1038 4527 ι
1068 4476 1181 4537 καὶ,
1219 4494 1237 4526 ι
1268 4464 1571 4548 Περίλυπός
1598 4478 1762 4531 ηέστιν
1794 4480 1827 4548 ἡ

252 4567 397 4638 ψυχή
451 4582 553 4638 μου
612 4565 725 4630 ἕως
763 4566 1013 4621 θανάτου.
1055 4587 1073 4619 1
1123 4567 1286 4623 Ὅθεν
1342 4570 1437 4645 καὶ
1480 4568 1576 4623 νῦν
1629 4586 1823 4640 φησιν·

261 4678 287 4717 ι,
315 4660 453 4722 Ὅτι,
477 4657 794 4730 είσήλθοσαν
824 4658 990 4714 ὕδατα
1017 4658 1121 4723 ἕως
1152 4659 1329 4731 ψυχῆς
1375 4678 1475 4731 μου
1496 4677 1508 4691 ’
1546 4679 1566 4713 1
1604 4659 1744 4713 κατά
1770 4658 1826 4712 δὲ

1929 3656 2128 3710 athleta
2161 3662 2299 3720 erat,
2336 3653 2541 3708 dixisse
2567 3651 2736 3707 Deum
2769 3652 3023 3707 tentatori
3062 3649 3269 3706 fertur:
3311 3670 3327 3703 ι
3366 3648 3501 3705 Ecce

1928 3749 2110 3803 omnia
2152 3763 2490 3818 quaicnnque
2521 3747 2624 3816 ipsi
2660 3754 2789 3801 sunt
2816 3747 2887 3801 do
2923 3746 2975 3799 in
3011 3761 3173 3799 manu
3232 3753 3345 3807 tua,
3383 3752 3503 3797 tan-

1930 3848 2042 3897 lllm
2081 3840 2317 3893 animam
2348 3838 2468 3906 ejus
2497 3847 2711 3892 servato
2734 3837 2799 3889 ⁸³.
2839 3854 2857 3887 ι
2888 3827 2994 3890 llic
3024 3825 3151 3890 vero
3182 3835 3352 3905 ipsam
3385 3836 3504 3889 ani-

1928 3946 2069 3984 mam
2096 3936 2333 3985 tentato:
2354 3927 2689 3997 aggreditur,
2715 3940 2833 3997 eam
2860 3925 3032 3995 ipsam
3072 3924 3280 3981 scilicet
3305 3925 3370 3979 de
3396 3940 3503 3995 qua

1928 4020 2190 4075 Dominus
2209 4019 2339 4073 dicit
2355 4037 2397 4072 ιι
2422 4016 2743 4072 Nemotollit
2762 4016 2994 4069 animam
3018 4017 3191 4081 meam
3210 4030 3391 4075 ante;
3409 4031 3506 4086 po-

1929 4118 2177 4165 testatem
2190 4110 2363 4173 babeo
2378 4107 2611 4177 ponendi
2640 4107 2868 4172 illam,et
2886 4114 3207 4177 potestatem
3227 4108 3403 4173 habeo
3417 4123 3505 4167 ac-

1930 4200 2176 4272 cipiendi;
2194 4216 2315 4256 eam
2334 4200 2400 4257 ³³.
2424 4218 2458 4261 η»
2492 4196 2558 4252 Et
2591 4200 2819 4259 iterum;
2850 4198 3147 4253 (Animam
3167 4198 3340 4253 meam
3362 4215 3505 4269 pono

1932 4310 2029 4366 pro
2063 4293 2258 4348 ovibus
2294 4291 2428 4346 meis
2452 4291 2519 4356 ⁸⁵,
2561 4310 2579 4342 ι
2616 4299 2690 4354 et,
2724 4308 2741 4341 ‹
2774 4287 2930 4343 Nunc
2947 4290 3125 4349 anima
3155 4303 3272 4344 mea
3290 4290 3504 4346 turbata

1928 4385 2068 4441 est“
2084 4382 2101 4451 ‘;
2116 4382 2451 4451 net,cTristis
2467 4390 2549 4438 est
2566 4383 2744 4436 anima
2763 4397 2880 4436 mea
2899 4396 3067 4450 usque
3081 4379 3147 4433 ad
3167 4381 3465 4436 mortem".
3480 4401 3498 4433 ι

1932 4476 2296 4544 Quamobrem
2338 4491 2485 4530 nunc
2511 4488 2729 4544 quoque
2760 4474 2835 4525 ait
2874 4490 2885 4526 :
2919 4490 2935 4522 ι
2966 4470 3231 4547 Quoniam
3264 4470 3505 4526 intrave-

1929 4576 2057 4623 runt
2076 4583 2229 4639 aqua:
2258 4583 2429 4638 usque
2442 4566 2509 4620 ad
2531 4566 2766 4619 animam
2801 4566 2973 4617 mea‘m
2996 4582 3006 4615 :
3032 4578 3053 4613 ι
3075 4563 3185 4616 sive
3203 4562 3502 4617 secundum

1933 4657 2316 4730 Symmachum
2344 4667 2359 4713 :'
2382 4677 2400 4709 ι
2426 4657 3222 4723 Quoniamaccesseruntaquae
3243 4669 3415 4723 usque
3436 4655 3501 4708 ad

253 4751 347 4804 τὸν
398 4719 723 4823 Σύμμάχον·
782 4770 800 4801 ι
833 4752 955 4805 Ὅτι
987 4719 1447 4824 ἐπῆλθένιὶῦδατα
1496 4754 1598 4817 ἕως
1651 4752 1828 4822 ψυχῆς

1934 4750 2170 4802 animam
2185 4762 2380 4802 meam.
2409 4765 2426 4799 ι
2454 4745 2653 4799 Deinde
2674 4742 2954 4813 subjungit
2981 4760 2993 4796 :
3030 4760 3047 4792 ι
3077 4741 3278 4797 lnfixus
3298 4759 3416 4798 sum
3449 4745 3504 4797 in

259 4844 447 4911 μου.“›
498 4839 935 4911 Εἶταλέπιλέγει·
969 4862 993 4899 ι
1036 4845 1339 4915 Ἐνεπάγην
1373 4848 1450 4907 εἰς
1478 4844 1608 4914 ὓλην
1645 4842 1827 4914 βυθοῦ,

258 4932 354 4993 καὶ
378 4934 478 4998 οὐκ
520 4931 666 4986 ἐστιν
697 4932 993 4994 ὑπόστασις
1018 4948 1032 4962 υ
1070 4952 1088 4983 ι
1118 4933 1260 4991 κατά
1296 4934 1353 4986 δὲ
1381 4934 1469 4987 τὸν
1495 4932 1786 5003 Σύμμαχον
1813 4950 1824 4961 ·

264 5042 283 5073 ι
332 5024 697 5097 Ἐὀαπτίσθην
740 5028 820 5089 είς
864 5025 1202 5097 ἀπεράντους
1230 5026 1571 5089 καταδύσεις,
1600 5025 1696 5079 καὶ
1732 5028 1833 5079 ούκ

259 5116 375 5167 ἐστι
400 5116 607 5181 στάσις,
640 5135 671 5169 ιΔ
693 5116 1003 5188 ἡρμήνευσε
1026 5135 1039 5147 ·
1072 5116 1277 5188 σφόδρα
1306 5115 1640 5179 ἀκολούθως.
1666 5115 1833 5170 Ἔνθα

258 5202 367 5278 γὰρ
391 5204 492 5258 οὐκ
511 5202 791 5276 ἦνστάσις
816 5207 1041 5280 ἑτέροις,
1070 5206 1156 5259 διὰ
1180 5205 1242 5258 τὸ
1267 5207 1471 5269 πάντας
1500 5206 1625 5264 τοὺς
1647 5205 1832 5258 αὐτόθι

262 5294 621 5359 κατελθόντας
670 5297 868 5369 ὀλίσθῳ
914 5299 1229 5370 περιπεσεῖν
1280 5298 1373 5350 καὶ
1429 5295 1831 5366 κατασύρεσθαι

264 5385 371 5437 ὑπὸ
410 5372 522 5439 τῶν
552 5385 645 5438 τοῦ
678 5385 909 5439 θανάτου
954 5389 1259 5458 ῥευμάτων,
1290 5386 1520 5440 ἐνταῦθα
1549 5386 1642 5439 καὶ
1671 5387 1834 5451 αὐτὸς

262 5471 446 5547 ἦλθον,
475 5474 815 5545 ὁπηνίκα-είς
848 5477 916 5529 τὰ
955 5476 1094 5550 βάθη
1120 5480 1221 5548 τῆς
1261 5478 1533 5547 θαλάσσης
1566 5475 1797 5547 ἐλήλυθα
1816 5495 1829 5507 ’

269 5566 324 5637 ἢ.
353 5565 606 5629 κατάντὸν
641 5564 950 5637 Σύμμαχον,
980 5587 997 5619 ι
1030 5570 1292 5640 Εἰσῆλθον
1319 5570 1398 5631 είς
1437 5567 1504 5621 τὰ
1547 5566 1685 5637 βάθη
1727 5569 1835 5621 τῶν

267 5659 493 5719 ὑδάτων,
539 5659 632 5712 καὶ
664 5658 873 5731 ῥεῖθρον
915 5659 1182 5721 ἐπέκλυσέ
1218 5679 1303 5732 με.
1344 5681 1363 5711 ι
1400 5659 1510 5713 Καὶ
1551 5657 1620 5712 τά
1660 5676 1837 5730 παρα-

270 5750 471 5820 πλήσια
503 5750 561 5804 δέ
609 5751 816 5815 τούτοις
849 5751 941 5804 καὶ
979 5752 1162 5815 Ἰωνᾶς
1209 5754 1238 5805 6
1280 5732 1562 5825 προφήτης
1596 5750 1704 5804 ἀπὸ
1737 5752 1837 5820 τῆς

340 5906 385 5972 ’ἦ
421 5905 564 5962 Psal.
604 5924 770 5972 mnu,
804 5907 857 5971 5,
900 5906 965 5961 6-.
1042 5909 1097 5939 "’
1129 5908 1257 5964 ibid.
1300 5907 1385 5962 12.

1936 4839 2354 4908 limoprofundi,
2389 4848 2442 4891 et
2472 4837 2580 4891 n'on
2628 4847 2712 4891 est
2758 4835 3101 4899 substantia;
3143 4854 3160 4886 ι
3204 4834 3502 4889 secundum
3542 4896 3547 4901 ,

1938 4924 2322 5000 Symmachum
2340 4941 2499 4980 vero:
2527 4944 2543 4976 ι
2565 4923 2858 4993 [inmersus
2876 4940 2994 4981 sum
3014 4924 3069 4978 in
3089 4924 3327 4977 infinitas
3349 4938 3502 4976 vora-

1937 5021 2108 5092 gines,
2148 5026 2201 5073 et
2233 5032 2341 5071 non
2372 5022 2465 5073 est
2508 5024 2707 5079 status,
2758 5035 2775 5066 ι
2822 5008 3160 5084 explicatur;
3201 5020 3253 5067 et
3281 5011 3503 5081 quidem

1936 5130 1967 5167 e
2002 5122 2058 5165 re
2087 5107 2400 5163 admodum.
2430 5104 2564 5160 Nam
2597 5107 2686 5161 ubi
2726 5105 2909 5163 nullus
2952 5104 3129 5163 standi
3158 5101 3351 5156 modus
3382 5102 3504 5157 aliis

1938 5210 2075 5265 erat,
2114 5200 2241 5268 quia
2268 5206 2536 5268 quotquot
2561 5212 2626 5252 eo
2660 5196 3056 5250 descenderant
3102 5192 3156 5245 in
3209 5192 3503 5260 perniciem

1940 5294 2110 5353 ibant,
2135 5298 2188 5344 et
2234 5304 2264 5342 a
2300 5289 2556 5348 ﬂuctibus
2592 5282 2784 5343 mortis
2821 5283 3263 5346 detrahebantur,
3314 5282 3504 5337 eodem

1942 5382 2145 5439 accessi
2191 5383 2409 5451 quando
2442 5362 2567 5434 veni.
2612 5372 2666 5431 in
2710 5376 3059 5430 altitudinem
3116 5374 3499 5440 marisgsive,

1943 5475 2242 5534 secundum
2280 5471 2687 5546 Symmachum,
2737 5488 2755 5520 ι
2791 5466 3076 5537 Ingressus
3109 5480 3228 5521 sum
3276 5464 3330 5517 in
3379 5478 3502 5531 pro-

1944 5569 2168 5625 fundum
2200 5582 2486 5637 aquarum,
2513 5562 2795 5619 et'fiuctus
2826 5559 3106 5622 inundavit
3130 5573 3231 5612 me.
3270 5575 3287 5607 ι
3324 5554 3388 5607 Εἰ
3418 5553 3504 5607 his

1943 5658 2139 5714 similia
2175 5655 2344 5711 Jonas
2384 5655 2644 5725 propheta
2667 5667 2697 5705 a
2725 5661 2913 5706 ventre
2940 5650 3045 5705 ceti
3087 5652 3340 5717 precatus
3367 5644 3522 5711 seris

1944 5752 2123 5814 bitur;
2164 5749 2239 5802 ait
2266 5748 2429 5817 igitur
2462 5725 2588 5802 ille:
2638 5765 2667 5794 ι
2698 5741 3040 5798 Circumfusa
3072 5749 3156 5794 est
3198 5738 3328 5791 mihi
3364 5751 3503 5806 aqua.

1496 5905 1708 5961 "ibid.
1749 5904 1828 5958 21,

1930 5905 2032 5937 ’⁹·⁸⁰
2074 5905 2203 5959 ibid.
2242 5903 2328 5957 54.
2405 5903 2446 5935 ³³
2472 5899 2614 5954 Psal.
2653 5898 2915 5962 cxxm,5.
2992 5894 3240 5950 B’Siatth.
3277 5908 3373 5958 vn,
3410 5889 3503 5950 25.

155 5948 161 5953 ’
271 5972 315 6006 ιι
348 5948 770 6042 J~oi1".i','€."33’
797 5948 1044 6048 fcianjx,
1082 5948 1284 6037 ιέωἺι
1305 5948 1455 6036 ibid.
1502 5948 1708 6033 ίδξἺᾶ
1744 5948 1828 6030 ῑὸέ

1954 5990 2051 6043 xu,
2243 5948 2843 6034 ii'MattbfrsvtTSS:
