4300 6462
818 468 918 534 iii

1489 472 1760 530 EUSEBH
1790 472 2264 548 CxESARlENSIS
2299 471 2452 528 OPR.
2505 467 2685 525 PARS
2723 469 2809 526 lll.
2852 500 2921 509 —
2961 467 3369 526 EXEGETILA.

3916 469 4016 524 738

814 607 988 662 usque
1017 592 1083 646 ad
1116 592 1348 646 animam
1395 605 1593 655 meam,
1641 591 1873 660 abyssus
1917 591 2106 645 ultima
2136 593 2368 644 clrcum-
2394 597 2440 652 Α
2469 607 2512 642 κ(

2316 606 2368 643 n-
2394 597 2440 652 Α
2469 589 2670 652 κοιλίας
2696 587 2788 641 106
2814 589 3010 660 κήτους
3035 589 3442 659 ἀναγέγραπται
3467 587 3756 657 ηύγμένος.
3790 585 3949 653 Λέγει
3971 586 4014 640 δ’

811 684 960 738 dedit
987 699 1090 737 me.
1119 682 1291 737 Subiit
1338 689 1501 752 caput
1545 699 1722 738 meum
1776 683 1843 737 ad
1889 681 2184 737 divisiones
2212 697 2366 735 mon-

813 786 968 838 tium,
1007 773 1257 829 descendi
1288 774 1339 826 in
1371 781 1593 836 terram,
1636 773 1794 839 cujus
1831 783 2010 828 vectes
2042 783 2168 828 sunt
2198 773 2368 828 admi-

814 865 994 920 nicula
1026 875 1225 919 aeterna
1247 864 1312 916 ⁸⁸.
1366 882 1384 914 ι
1418 862 1756 932 Quapropter
1794 865 2039 933 exemplo
2066 862 2214 918 Jonas
2243 878 2369 934 pro-

811 956 987 1025 pheta:
1017 971 1149 1009 usus
1187 952 1443 1009 Servator
1471 961 1554 1008 est
1590 953 1655 1006 ad
1690 968 1802 1017 eos,
1835 955 1925 1022 qui
1966 956 2176 1025 signum
2218 956 2286 1009 ab
2311 970 2370 1014 se

816 1045 1084 1113 petebant,
1120 1044 1344 1098 dicens:
1405 1061 1423 1092 ι
1472 1041 1758 1096 Generatio
1808 1060 1972 1113 prava
2023 1053 2078 1099 et
2127 1044 2410 1099 adultera'

816 1137 1026 1204 signum
1061 1136 1274 1203 querit,
1302 1142 1354 1188 et
1386 1133 1596 1203 signum
1646 1150 1754 1188 non
1786 1135 2004 1209 dabitur
2049 1136 2120 1199 ei,
2159 1137 2265 1190 nisi
2304 1138 2371 1190 si-

815 1240 976 1295 gnum
1005 1222 1154 1279 Jonas
1188 1224 1478 1294 prophetae.
1518 1224 1668 1278 Sicut
1706 1227 1850 1280 enim
1897 1225 1997 1281 fuit
2047 1223 2213 1279 Jonas
2241 1241 2367 1303 pro-

815 1316 975 1384 pheta
999 1314 1052 1367 in
1077 1321 1262 1367 ventre
1290 1315 1390 1366 ceti
1419 1314 1594 1391 tribus
1611 1311 1802 1369 diebus
1822 1326 1876 1369 et
1898 1315 2066 1370 tribus
2089 1315 2337 1369 noctibus
2353 1355 2368 1378 ,

815 1405 895 1459 sic
923 1406 1023 1459 erit
1048 1413 1100 1458 et
1129 1404 1297 1458 Filius
1326 1405 1560 1460 hominis
1591 1405 1644 1458 in
1676 1405 1838 1460 corde
1866 1414 2023 1460 terra:
2052 1405 2229 1462 tribus
2257 1407 2370 1462 die-

816 1497 919 1552 bus
948 1507 1000 1552 et
1027 1497 1202 1551 tribus
1232 1498 1565 1552 noctibus".
1601 1517 1618 1548 ›
1652 1497 1758 1551 Cor
1782 1504 1940 1551 terra:
1959 1506 2116 1552 vocat
2143 1499 2196 1554 id
2228 1481 2370 1568 quod

818 1587 905 1642 hic
937 1588 1137 1642 dicitur
1166 1587 1490 1656 profundum
1523 1589 1709 1650 maris,
1745 1588 1941 1643 inferni
1970 1589 2087 1642 loca
2123 1590 2370 1644 subindi-

816 1695 967 1734 cans.
999 1678 1358 1745 Quamobrem
1389 1679 1443 1732 in
1484 1677 1585 1732 Job
1613 1695 1830 1749 quoque
1875 1681 2092 1734 oracula
2143 1680 2372 1734 fundens

816 1770 934 1840 ipse
979 1766 1237 1837 Dominus
1267 1769 1465 1839 similia
1514 1769 1810 1848 declaravit
1840 1771 2070 1826 dicens:
2109 1790 2126 1822 ι
2169 1770 2372 1828 Venisti

818 1867 997 1915 autem
1032 1861 1096 1913 ad
1149 1859 1349 1915 fontem
1392 1860 1578 1924 maris,
1629 1861 1684 1914 in
1735 1863 1982 1932 vestigiis
2012 1877 2140 1916 vero
2190 1863 2371 1932 abyssi

818 1949 1198 2005 deambulasti.
1228 1949 1564 2020 Aperiuntur
1601 1949 1699 2003 tibi
1729 1950 1924 2004 timore
1950 1957 2118 2019 portae
2145 1951 2334 2008 mortis
2359 1967 2372 2004 :

818 2032 1026 2099 ostiarii
1051 2044 1250 2099 inferni
1280 2044 1527 2097 videntes
1556 2051 1610 2098 te
1637 2045 1918 2119 conterriti
1941 2053 2070 2099 sunt
2092 2045 2156 2098 ’°.
2200 2065 2218 2096 ι
2283 2064 2288 2068 ·

2467 677 2556 733 οὖν
2579 681 2670 734 καί
2693 680 2852 742 αὑτός
2872 695 2883 709 ·
2915 696 2934 730 ι
2965 677 3264 749 Περιεχύθη
3293 695 3380 747 μοι
3405 675 3544 746 ὕδωρ
3564 675 3665 738 ἕως
3689 675 3863 745 ψυχῆς
3893 690 4015 745 μου·

2468 771 2696 834 ἄϐυσσος
2723 771 2996 824 ἐκύκλωσέ
3027 787 3091 840 με
3115 769 3338 840 ἐσχάτη.
3366 768 3548 837 Ἔδυή
3579 767 3784 836 κεφαλή
3816 783 3916 836 μου
3940 766 4019 829 εἰς

2471 863 2701 933 σχισμὰς
2732 864 2921 934 ὀρέων,
2952 862 3182 932 κατέϐην
3207 864 3286 925 είς
3315 861 3435 931 γῆν,
3466 856 3532 930 ἦς
3563 861 3609 912 οἱ
3642 858 3823 929 μοχλοὶ
3853 859 4022 934 αὐτῆς

2470 955 2683 1022 κάτοχοι
2741 952 2964 1007 αἰώνιοι.
3009 972 3027 1004 ›
3083 953 3280 1021 Διόπερ
3335 950 3412 1020 τῷ
3469 945 4022 1019 παραδείγματιὲτοῦ

2482 1045 2632 1097 Ἰωνᾶ
2669 1044 2928 1114 κέχρηται
2949 1046 2994 1104 ,ὁ
3027 1043 3214 1112 Σωτὴρ
3245 1042 3379 1112 πρὸς
3416 1043 3539 1104 τοὺς
3572 1043 3897 1110 αἰτήσαντας
3927 1039 4024 1091 αὑιι

2468 1135 2558 1188 τὸν
2606 1127 2846 1205 σημεῖον,
2897 1133 3094 1186 εἰπών’
3129 1152 3147 1183 ‹
3182 1132 3345 1186 Γενεὰ
3387 1132 3597 1202 πονηρὰ
3642 1131 3735 1184 καὶ
3781 1130 4024 1200 μοιχαλὶς

2470 1223 2691 1292 σημεῖον
2729 1221 2989 1291 ἐπιζητεῖ,
3025 1220 3117 1272 καὶ
3160 1224 3378 1292 σημεῖον
3405 1221 3463 1273 ού
3493 1220 3771 1291 δοθήσεται
3795 1220 3931 1289 αὐτῇ
3976 1218 4026 1271 ει

2474 1312 2547 1383 μὴ
2595 1313 2656 1367 τὸ
2701 1315 2922 1382 σημεῖον
2977 1313 3130 1366 Ἰωνᾶ
3184 1311 3277 1364 τοῦ
3326 1314 3622 1384 προφήτου.
3661 1313 3869 1382 Ὥσπερ
3917 1311 4028 1381 γάρ

2469 1404 2684 1473 ἐγένετο
2723 1405 2901 1466 Ἰωνᾶς
2927 1406 2955 1456 ό
2995 1405 3277 1475 προφήτης
3308 1406 3363 1456 ἐν
3395 1407 3459 1475 τῇ
3493 1404 3666 1474 κοιλίᾳ
3708 1403 3802 1457 106
3827 1403 4029 1474 κήτους

2468 1499 2616 1567 τρεῖς
2648 1496 2860 1568 ἡμέρας
2893 1497 2984 1549 καὶ
3020 1501 3167 1567 τρεῖς
3207 1496 3425 1560 νύκτας,
3461 1496 3630 1561 οὕτως
3673 1497 3823 1550 ἔσται
3869 1497 3963 1548 καὶ
4000 1497 4028 1546 ὁ

2472 1587 2598 1649 Υἱὸς
2628 1587 2721 1640 106
2748 1586 3032 1659 ἀνθρώπου
3057 1589 3114 1640 ἐν
3142 1591 3205 1658 τῇ
3237 1588 3430 1659 καρδίᾳ.
3457 1589 3554 1658 τῆς
3595 1588 3696 1656 γῆς
3724 1591 3871 1658 τρεῖς
3899 1586 4020 1656 ήμέι

2477 1696 2572 1749 ρας
2610 1681 2703 1731 καὶ
2725 1682 2871 1752 τρεῖς
2912 1679 3129 1742 νύκτας.
3169 1699 3187 1731 ι
3224 1678 3464 1749 Καρδίαν
3488 1679 3543 1732 δὲ
3568 1681 3670 1750 γῆς
3693 1679 3763 1732 τὰ
3800 1677 4034 1732 ἐνταῦθα

2471 1769 2733 1839 λεγόμενα
2766 1769 2904 1838 βάθη
2933 1768 3207 1838 Θαλάσσης
3245 1769 3517 1837 ὀνομάζει,
3547 1770 3616 1822 τά
3643 1770 3742 1823 106
3771 1770 3895 1840 ᾆδον
3929 1788 4034 1840 χω-

2476 1860 2564 1930 ρία
2600 1858 2985 1929 αἰνιττόμενος.
3016 1859 3104 1910 Διὸ
3138 1857 3230 1911 καὶ
3267 1861 3323 1911 ἐν
3354 1858 3433 1927 τῷ
3474 1858 3594 1912 Ἰὼϐ
3627 1860 3980 1930 χρηματίζων
4006 1861 4035 1913 ὸ

2480 1949 2641 2013 αὐτὸς
2670 1949 2872 2020 Κύριος
2901 1950 2970 2002 τὰ
3006 1949 3165 2018 ὃμοια
3198 1950 3434 2021 παρίστη
3464 1949 3632 2018 λέγων
3652 1947 3683 1979 ·’
3706 1968 3724 2001 ι
3748 1947 3948 2014 τΗλθες
3979 1952 4036 2004 δὲ

2485 2045 2576 2104 ἐπὶ
2603 2044 2784 2115 πηγὴν
2808 2043 3098 2114 θαλάσσης,
3125 2045 3182 2098 tv
3206 2043 3263 2096 δὲ
3289 2043 3485 2114 ἴχνεσιν
3514 2042 3747 2111 ἀϐύσσου
3776 2044 4037 2114 περιεπά-

818 2154 1006 2208 τησας.
1034 2137 1357 2204 Ἀνοίγονται
1387 2136 1444 2188 δέ
1477 2153 1558 2190 σοι
1594 2136 1738 2206 φόϐῳ
1767 2137 1929 2190 πύλαι
1957 2138 2202 2202 θανάτου,
2242 2137 2478 2208 πυλωροὶ
2508 2137 2634 2208 ε’ξνδου¹
2657 2137 2850 2198 ίδόντες
2875 2153 2933 2188 σε
2967 2133 3254 2205 ἔπτηξαν.»

894 2251 1052 2306 Vides
1086 2259 1262 2306 autem
1295 2252 1566 2322 quomodo
1613 2253 1700 2307 hic
1754 2270 1970 2326 quoque
2001 2270 2126 2310 cum
2170 2254 2371 2332 fontem
2405 2265 2448 2318 Β

820 2342 988 2396 maris
1041 2343 1404 2407 nominasset,
1459 2351 1512 2398 et
1569 2343 1899 2412 adjecisset,
1953 2364 1971 2396 ι
2028 2346 2084 2399 In
2133 2345 2372 2415 vestigiis

822 2432 1004 2502 abyssi
1032 2433 1338 2499 ambulasti,
1376 2452 1395 2484 ι
1430 2433 1668 2487 declaret
1699 2435 1828 2502 quid
1856 2434 1926 2491 sit
1961 2435 2209 2505 abyssus,
2243 2436 2373 2504 quid

821 2535 988 2582 mare,
1020 2521 1352 2590 subjiciens:
1400 2539 1418 2571 ι
1460 2520 1790 2593 Aperiuntur
1819 2530 1998 2576 autem
2053 2522 2151 2576 tibi
2181 2524 2375 2578 timore

803 2604 989 2681 porta:
1021 2612 1230 2673 mortis,
1259 2610 1468 2665 ostiarii
1501 2625 1628 2665 vero
1666 2610 1863 2666 inferni
1896 2611 2135 2667 videntes
2166 2620 2218 2668 te
2247 2629 2375 2667 con-

823 2703 1000 2757 territi
1031 2710 1176 2773 sunt.
1219 2722 1236 2754 I
1296 2700 1394 2758 Hic
1430 2702 1596 2772 igitur
1623 2701 1785 2758 etiam
1836 2704 2161 2773 profundum
2209 2705 2374 2759 maris

825 2795 1016 2858 mortis
1047 2795 1295 2866 regiones
1326 2793 1632 2857 adumbrat,
1676 2809 1785 2863 quo
1820 2794 2156 2850 descendens
2187 2793 2373 2852 Salva-

824 2891 1007 2948 toreo
1051 2884 1308 2939 Dominus
1361 2889 1567 2944 noster,
1607 2883 1756 2938 solus
1789 2885 1913 2939 inde
1962 2900 2242 2954 regressus
2272 2894 2372 2939 est.

824 2974 1002 3042 Quare
1051 2964 1105 3029 in
1152 2975 1740 3055 pracedenti‘q'uoque
1793 2978 2004 3045 psalmo
2047 2976 2370 3032 dicebatur:

831 3087 847 3116 ‹
883 3065 950 3118 Ει
977 3064 1186 3128 Domini
1216 3066 1426 3121 Domini
1456 3068 1635 3123 exitus
1657 3069 1846 3123 mortis
1870 3069 1952 3134 ⁹¹;
1985 3088 2002 3118 ›
2034 3083 2096 3122 ac
2125 3082 2372 3124 rursum:

832 3176 849 3206 ι
887 3155 1032 3210 Dixit
1061 3155 1362 3212 Dominus:
1389 3156 1470 3212 Ex
1499 3158 1674 3214 Basan
1699 3167 2030 3224 convertam,
2065 3166 2373 3214 convertam

825 3263 889 3301 ex
935 3246 1202 3318 profundo
1229 3250 1395 3304 maris
1417 3251 1483 3304 θ’.
1522 3269 1540 3302 ι
1586 3249 1690 3304 Pro
1717 3251 1810 3304 illo
1835 3257 2033 3315 autem,
2077 3268 2097 3301 ι
2148 3252 2214 3303 Ει
2249 3258 2378 3304 tcm-

833 3344 1012 3407 pestas,
1055 3337 1311 3405 demersit
1359 3355 1464 3405 me,
1525 3360 1546 3392 ι
1597 3341 1812 3410 Aquila,
1870 3359 1888 3392 ι
1943 3341 2009 3393 Et
2057 3340 2376 3409 profluvium

850 3429 1107 3483 nundavit
1134 3446 1249 3498 me;
1274 3450 1291 3483 ι
1316 3430 1670 3504 Symmachus
1689 3447 1839 3498 vero,
1872 3450 1890 3483 ι
1914 3431 1975 3486 Ει
2003 3435 2198 3486 fluctus
2222 3432 2378 3485 inun-

2556 2256 2715 2324 Ὁρᾷς
2740 2254 2848 2324 γὰρ
2892 2256 3038 2316 ὅπως
3078 2253 3172 2318 καὶ
3203 2254 3260 2306 ἐν
3297 2254 3505 2317 τούτοις
3546 2253 3726 2324 πηγὴν
3763 2252 4038 2323 Θαλάσσης

2475 2344 2767 2415 ὀνομάσας,
2798 2344 2891 2397 καὶ
2922 2343 3172 2414 προσθεὶς
3197 2344 3281 2404 τὸ,
3313 2361 3332 2394 ‹
3368 2343 3470 2395 "Ev
3496 2343 3554 2395 δι
3580 2343 3778 2412 ἴχνεσιν
3802 2341 4036 2395 ἀϐύσσου

2476 2433 2897 2504 περιεπάτησας,
2935 2452 2954 2484 ›
2987 2432 3082 2503 τὴν
3114 2433 3346 2487 ἄϐυσσον
3380 2434 3473 2486 καὶ
3499 2433 3595 2502 τὴν
3625 2432 3896 2486 θάλασσαν
3915 2433 4037 2504 τίνα

2474 2525 2589 2578 ἐστὶ
2634 2525 2887 2592 διασαφεῖ
2923 2523 3186 2591 ἐπιλέγων
3210 2539 3224 2552 ·
3262 2542 3280 2574 ι
3326 2523 3650 2590 Ἀνοίγονται
3690 2523 3745 2575 δέ
3774 2540 3854 2576 σοι
3889 2523 4039 2594 φόϐῳ

2475 2615 2633 2668 πύλαι
2657 2615 2907 2677 θανάτου,
2936 2614 3171 2685 πυλωροὶ
3193 2614 3248 2666 δὲ
3279 2614 3402 2684 ᾅδου
3433 2614 3627 2678 ἰδόντες
3657 2632 3716 2668 σε
3743 2613 4030 2686 ἔπτηξαν.»

2475 2702 2681 2756 Οὐκοῦν
2710 2703 2801 2756 καὶ
2833 2704 2890 2755 tv
2915 2705 3027 2765 τοῖς
3059 2703 3438 2773 προκειμένοις
3460 2703 3527 2756 τὰ
3550 2703 3688 2773 βάθη
3717 2704 3812 2774 τῆς
3841 2702 4040 2756 θαλάσσ-

2477 2809 2575 2862 σης
2615 2793 2682 2845 τὰ
2721 2793 2814 2845 τοῦ
2861 2792 3091 2845 θανάτου
3133 2792 3306 2863 χωρία
3349 2792 3660 2855 αἰνίττεται,
3707 2793 3834 2847 ἔνθα
3883 2793 4039 2863 μόνος

2477 2882 2719 2945 καταϐάς
2743 2885 2771 2935 ὁ
2794 2882 2980 2952 Σωτὴρ
3009 2883 3102 2935 καὶ
3127 2881 3327 2953 Κύριος
3348 2883 3380 2952 ή
3390 2883 3503 2953 μῶν
3529 2882 3823 2952 διεξῆλθεν.
3857 2884 3949 2936 Διὸ
3983 2885 4040 2936 tv

2474 2971 2552 3042 τῷ
2597 2972 2703 3042 πρὸ
2739 2971 2925 3024 τούτου
2964 2970 3162 3040 ψαλμῷ
3209 2971 3427 3038 ἐλέγετο
3451 2987 3464 3002 ·
3497 2989 3518 3021 ι
3557 2971 3663 3023 Καὶ
3696 2971 3788 3024 τοῦ
3833 2970 4039 3040 Κυρίου

2476 3061 2676 3132 Κυρίου
2706 3063 2758 3112 αἱ
2789 3061 3006 3124 διέξοδοι
3039 3060 3130 3113 106
3164 3059 3390 3126 θανάτου
3417 3076 3430 3088 ·
3468 3078 3488 3110 ι
3514 3060 3604 3112 καὶ
3629 3060 3787 3114 πάλιν
3806 3077 3822 3093 ο
3861 3079 3880 3112 ι
3904 3057 4039 3114 Eine

2476 3152 2694 3223 Κύριοςο
2715 3153 2806 3204 Ἐκ
2822 3151 2998 3206 Βασάν
3015 3152 3342 3222 ἐπιστρέψω,
3362 3151 3669 3222 ἐπιστρέψω
3685 3153 3748 3204 ἐκ
3765 3150 3938 3221 βυθῶν
3955 3151 4044 3205 θα·

2476 3244 2728 3319 λάσσηςιι
2749 3245 2890 3298 ’Δντὶ
2920 3243 2977 3308 δὲ
3016 3243 3108 3296 τοῦ
3129 3259 3142 3273 ο
3195 3261 3212 3292 ι
3237 3228 3240 3231 ’
3261 3241 3371 3296 Καὶ
3411 3238 3658 3309 καταιγὶς
3690 3241 4041 3297 κατεπόντισέ

2481 3353 2566 3404 με,
2596 3355 2614 3387 ι
2647 3339 2675 3388 ό
2701 3336 2798 3406 μὲν
2814 3335 3059 3397 Ἀκύλας,
3091 3353 3110 3386 ι
3141 3335 3249 3387 Καὶ
3281 3334 3406 3404 ῥοῦς
3437 3335 3697 3387 ἐπέκλυσέ
3727 3351 3793 3403 με
3821 3350 3831 3359 ·
3871 3353 3890 3385 ι
3929 3336 3958 3387 ό
3985 3333 4041 3386 δὲ

2479 3427 2788 3497 Σύμμαχος,
2826 3445 2844 3476 ι
2871 3427 2980 3479 Καὶ
3008 3424 3216 3496 ῥεῖθρον
3238 3425 3499 3480 ὲπέκλυσέ
3523 3442 3641 3495 ita,»
3681 3425 4038 3494 ήρμήνευσεν.

832 3520 974 3574 Javit
1019 3536 1126 3586 me,
1177 3541 1196 3576 ι
1241 3525 1575 3593 interpretati
1610 3531 1759 3580 sunt.
1800 3523 1934 3577 Nam
1977 3523 2267 3578 verisimile
2294 3530 2378 3576 est
2433 3592 2438 3593 ί
2481 3519 2530 3570 El

2343 3530 2378 3576 it
2433 3592 2438 3593 ν
2481 3519 2637 3581 Εἰκὸς
2684 3518 2790 3590 γὰρ
2837 3517 2963 3588 περὶ
3009 3517 3170 3570 αὑτὸν
3199 3517 3478 3586 γεγονέναι
3529 3517 3625 3581 τὰς
3663 3517 4041 3587 ἀντικειμένας

832 3611 1171 3669 adversariae
1214 3592 1512 3684 potestates
1572 3615 1626 3668 in
1684 3614 1914 3678 circuitu
1962 3615 2078 3683 ejus
2145 3613 2382 3675 stetisse,
2412 3592 2453 3649 (ἶ
2486 3611 2530 3664 δι

2345 3629 2382 3675 3,
2412 3592 2453 3649 Ο
2486 3611 2756 3680 δυνάμεις,
2785 3612 2893 3674 ὅτε,
2923 3609 3112 3674 ἐπιϐὰς
3145 3614 3210 3681 τῇ
3247 3611 3509 3684 Θαλάσσῃ,
3536 3611 3811 3684 συνέτριϐε
3840 3613 3939 3675 τὰς
3962 3628 4043 3666 κε-

829 3703 1048 3770 quando
1079 3703 1358 3772 ingressus
1390 3720 1537 3759 mare
1586 3706 1848 3776 confregit
1878 3708 2052 3777 capita
2082 3707 2378 3760 draconum

833 3790 886 3840 in
920 3802 1079 3857 aqua.
1113 3787 1373 3874 Quocirca
1404 3792 1460 3847 in
1489 3795 1808 3862 praecedenti
1828 3797 2039 3863 psalmo
2065 3795 2378 3850 dicebatur:

837 3897 856 3929 ‹
901 3877 968 3931 Et
1000 3878 1212 3934 Domini
1262 3880 1471 3937 Domini
1509 3884 1687 3939 exitus
1738 3886 1946 3940 mortis.
2005 3883 2381 3940 Verumtamen

836 3965 973 4020 Deus
999 3954 1298 4038 confringet
1326 3971 1498 4039 capita
1519 3972 1861 4032 inimicorum
1885 3973 2185 4028 suorum".
2219 3993 2240 4038 i~
2263 3971 2381 4026 Non

833 4058 976 4110 enim
1009 4057 1114 4109 alio
1161 4059 1321 4112 modo
1361 4062 1482 4114 illos
1517 4064 1708 4119 mortis
1747 4065 1927 4130 exitus
1975 4063 2378 4134 pertransisset,

834 4147 938 4202 nisi
972 4147 1328 4217 confregisset
1375 4151 1551 4219 capita
1604 4153 1944 4208 inimicorum
1995 4168 2238 4216 suorum,
2290 4153 2382 4223 qui

837 4240 956 4292 istic
987 4244 1160 4292 erant.
1203 4237 1355 4303 Quod
1404 4240 1448 4293 si
1480 4241 1602 4308 quis
1632 4242 1742 4295 haec
1769 4259 1839 4296 eo
1878 4243 2081 4297 dixisse
2131 4240 2383 4315 Davidem

837 4339 1006 4399 putet,
1035 4331 1179 4400 quod
1207 4332 1325 4400 ipse
1345 4334 1408 4385 .in
1435 4334 1632 4388 multas
1661 4336 1985 4400 tentationes
2012 4335 2263 4390 inciderit
2289 4375 2303 4399 ,
2337 4335 2382 4388 is

838 4422 1133 4491 perpendat
1157 4422 1426 4492 quomodo
1463 4424 1674 4493 possint
1721 4427 1907 4491 isthch
1938 4425 2125 4481 Davidi
2168 4441 2383 4495 compe-

838 4522 987 4568 tere:
1023 4531 1042 4564 ι
1076 4512 1346 4568 Dederunt
1372 4515 1425 4567 in
1447 4528 1631 4569 escam
1663 4531 1833 4570 meam
1867 4515 1955 4578 fel,
1987 4524 2040 4570 et
2069 4517 2125 4568 in
2155 4515 2244 4569 siti
2267 4529 2385 4569 mea

839 4609 1157 4671 potaverunt
1203 4619 1289 4657 me
1339 4612 1530 4680 aceto;
1570 4622 1588 4656 ι
1646 4615 1738 4659 aut
1759 4606 1890 4659 illud
1915 4646 1938 4684 ,λ
1979 4626 1994 4656 ι
2032 4604 2151 4683 Fiat
2202 4621 2385 4660 mensa

836 4709 1024 4748 eorum
1053 4708 1236 4747 coram
1267 4695 1399 4762 ipsis
1425 4696 1483 4748 in
1513 4696 1783 4764 laqueum,
1824 4680 1953 4761 et,in
2002 4680 2386 4770 retributiones

837 4794 886 4839 et
917 4786 971 4840 in
1003 4785 1335 4841 scandalum.
1375 4784 1746 4841 Obscurentur
1791 4789 1930 4842 oculi
1965 4782 2152 4864 eorum
2203 4804 2270 4843 ne
2302 4788 2385 4841 vi»

837 4877 1019 4939 deant,
1049 4881 1104 4928 et
1131 4874 1351 4929 dorsum
1383 4889 1570 4928 eorum
1597 4890 1810 4945 semper
1839 4879 2083 4933 incurva.
2116 4899 2133 4930 ι
2163 4879 2390 4935 (latera-

2489 3700 2662 3767 φαλὰς
2685 3700 2793 3752 τῶν
2817 3701 3121 3771 δρακόντων
3149 3702 3240 3754 ἐπὶ
3262 3701 3353 3754 106
3381 3701 3588 3765 ὓδατος.
3612 3703 3703 3755 Διὸ
3747 3703 3838 3756 καὶ
3865 3705 3922 3756 ἐν
3964 3703 4042 3772 τῷ

2487 3791 2592 3859 πρὸ
2630 3792 2818 3843 τούτου
2851 3791 3065 3859 ἐλέγετο
3092 3793 3288 3863 ψαλμῷ
3315 3812 3326 3823 ·
3365 3811 3384 3843 ‹
3416 3794 3524 3845 Καὶ
3555 3793 3647 3846 τοῦ
3687 3795 3890 3865 Κυρίου
3927 3795 4040 3847 Κυ-

2490 3881 2603 3952 ρίου
2633 3883 2686 3935 αί
2713 3881 2928 3944 διέξοδοι
2965 3883 3056 3935 τοῦ
3084 3883 3328 3937 θανάτου.
3359 3883 3503 3954 Πλὴν
3527 3886 3555 3935 ὁ
3592 3884 3727 3946 Θεὸς
3764 3883 4043 3937 συνθλάσει

2487 3971 2848 4048 κεφαλάςοτῶν
2871 3971 3084 4042 ἐχθρῶν
3101 3971 3285 4025 αὑτοῦ.
3335 3991 3357 4022 ι
3384 3973 3452 4024 OL’;
3483 3972 3590 4043 γὰρ
3616 3971 3680 4024 ἂν
3708 3971 3880 4034 ἄλλως
3903 3971 4042 4038 διεξ-

2489 4059 2729 4132 εληλύθει
2771 4061 2867 4125 τὰς
2895 4062 3152 4129 διεξόδους
3190 4061 3281 4115 τοῦ
3321 4061 3600 4134 θανάτουῆ
3630 4062 3926 4131 συνθλάσας
3947 4063 4042 4125 τὰς

2490 4150 2722 4218 κεφαλάς
2745 4151 2853 4204 τῶν
2879 4152 3061 4204 αὐτόθι
3092 4152 3300 4223 ἐχθρῶν
3327 4152 3512 4208 αὑτοῦ.
3550 4153 3674 4205 Ἐάν
3695 4152 3751 4204 δέ
3771 4169 3854 4216 τις
3876 4151 4044 4205 ταῦτα

2491 4238 2683 4312 νομίζῃ
2715 4241 2890 4306 λέγειν
2915 4242 3004 4294 τὸν
3039 4243 3198 4296 Δαυῒδ
3231 4243 3318 4295 διὰ
3353 4244 3413 4295 τὸ
3455 4242 3666 4305 πολλοῖς
3696 4257 4043 4314 περιπεπτω-

2491 4335 2639 4387 κέναι
2683 4337 3022 4404 πειρασμοῖς,
3069 4333 3410 4404 ἐπιστησάτω
3449 4333 3566 4395 πῶς
3601 4329 3710 4385 οἷόν
3755 4350 3812 4385 τε
3856 4329 3923 4404 ἦν
3968 4331 4045 4401 τῷ

2490 4425 2650 4480 Δαυῒδ
2682 4424 2939 4496 ἁρμόζειν
2971 4425 3030 4477 τὸ
3057 4424 3267 4492 λέγειν’
3311 4445 3327 4476 ι
3365 4424 3610 4476 Ἐδωκαν
3645 4426 3722 4488 είς
3763 4424 3823 4477 τὸ
3854 4409 4048 4494 βρῶμά

2494 4537 2594 4590 μου
2622 4517 2803 4590 χολὴν,
2833 4516 2923 4568 καὶ
2948 4517 3026 4578 είς
3046 4516 3144 4585 τὴν
3164 4515 3319 4582 δίψαν
3351 4530 3450 4583 μου
3478 4513 3730 4566 ἐπότισάν
3767 4530 3831 4584 με
3859 4503 4004 4580 ὅξος·
4022 4533 4040 4565 ι

2491 4608 2524 4676 ἢ
2549 4606 2629 4673 τὸ,
2668 4622 2686 4656 ι
2721 4602 3005 4672 Γενηθήτω
3038 4603 3070 4670 ἠ
3116 4598 3360 4670 τράπεζα
3389 4599 3566 4652 αὐτῶν
3603 4601 3830 4655 ἐνώπιον
3869 4600 4048 4672 αὐτῶν

2493 4700 2571 4761 είς
2594 4696 2792 4766 παγίδα
2830 4695 2924 4748 καὶ
2952 4695 3029 4755 είς
3056 4693 3431 4756 ἀνταποδόσεις
3478 4693 3572 4745 καὶ
3609 4693 3690 4756 είς
3733 4691 4046 4748 σκάνδαλον,

2493 4787 2936 4857 Σκοτισθήτωσαν
2977 4787 3022 4836 οί
3050 4783 3313 4854 ὀφθαλμοὶ
3345 4784 3522 4837 αὐτῶν
3555 4782 3647 4835 106
3687 4783 3760 4853 μὴ
3811 4782 4044 4851 βλέπειν.

2494 4876 2711 4932 καὶτὸν
2743 4877 2909 4931 νῶτον
2940 4875 3114 4928 αὐτῶν
3149 4876 3234 4929 διὰ
3272 4876 3471 4938 παντὸς
3503 4874 3844 4945 σύγκαμψον.
3885 4892 3902 4923 ι
3939 4874 4047 4926 Καὶ

838 4982 943 5033 que
969 4966 1056 5021 bis
1084 4964 1286 5034 similia.
1308 4965 1354 5020 si
1381 4966 1505 5034 quis
1541 4965 1645 5020 sibi
1676 4966 1971 5041 collegerit,
2005 4968 2223 5024 Davidis
2261 4985 2387 5039 per-
2487 4969 2536 5021 τέ

2346 4987 2387 5010 ·-
2418 4961 2556 5049 ρτὰ
2610 4969 2771 5022 λοιπά
2832 4967 2889 5020 δὲ
2941 4967 3146 5030 τούτοις
3192 4967 3548 5039 παραπλήσια
3599 4962 3916 5033 συναγαγών
3962 4981 4044 5028 τις

840 5069 986 5109 sonm
1015 5055 1326 5110 nullatenus
1361 5069 1657 5125 congruere
1697 5056 2077 5122 deprehendet.
2117 5059 2385 5129 Interpre-

841 5145 1032 5197 tationi
1062 5158 1238 5199 autem
1276 5145 1350 5197 illi
1399 5145 1465 5198 de
1495 5143 1780 5200 Servatore
1827 5157 2013 5201 nostro
2049 5151 2389 5206 evidentibus

842 5235 1169 5301 argumentis
1199 5232 1356 5298 ﬁdem
1389 5235 1642 5287 conciliat
1671 5227 1958 5289 sacrorum
1982 5233 2388 5305 Evangeliorum

844 5321 1231 5385 testimonium,
1260 5339 1382 5377 cum
1411 5325 1477 5377 ab
1510 5325 1667 5378 allato
1701 5325 1858 5390 tona}
1881 5328 2148 5396 exemplo,
2183 5336 2295 5381 tum
2323 5345 2384 5386 ea

845 5413 1007 5482 hujus
1048 5412 1241 5483 psalmi
1283 5414 1448 5479 dicto,
1502 5433 1520 5464 ι
1558 5413 1822 5479 Quoniam
1853 5418 2006 5471 zelus
2051 5415 2241 5472 domus
2286 5427 2391 5473 tua:

851 5504 1082 5558 comedit
1123 5519 1228 5567 me,
1269 5524 1287 5555 ι
1314 5507 1455 5573 quod
1485 5507 1536 5560 in
1576 5505 1863 5576 Evangelio
1902 5507 2197 5562 secundum
2227 5508 2391 5564 Joan-

852 5609 997 5656 nem,
1041 5595 1328 5663 ipsissimis
1364 5597 1538 5650 verbis
1590 5597 1864 5666 impletum
1904 5598 2246 5663 declaratur,
2301 5601 2390 5654 ubi

919 5745 1130 5800 "Joan.
1174 5765 1230 5814 ll,
1271 5752 1322 5814 6,
1367 5750 1412 5802 7.
1509 5749 1750 5805 "Matth.
1788 5768 1884 5817 xu,
1922 5752 2010 5816 39,
2050 5752 2138 5806 40.

825 5817 899 5876 ιι)
934 5817 1062 5887 sum.
1102 5818 1188 5872 es.

2236 5751 2403 5810 "Job
2442 5737 2643 5810 xxxviii
2667 5795 2680 5821 ,
2716 5755 2800 5823 16,
2832 5755 2914 5810 l7.

2491 5060 2685 5130 ἐαυτῷ,
2715 5059 2863 5130 εὖροι
2895 5059 2964 5123 ἂν,
2999 5060 3246 5130 οὐδαμῶς
3284 5056 3590 5128 ἁρμόζοντα
3630 5054 3708 5127 τῷ
3747 5055 3842 5109 106
3889 5055 4047 5111 Δαυτδ

2493 5151 2782 5222 προσώπῳ.
2820 5149 2928 5220 Τὴν
2958 5149 3013 5202 δέ
3053 5166 3115 5217 γε
3147 5149 3238 5202 ἐπὶ
3281 5148 3371 5199 τὸν
3409 5145 3674 5217 ήμέτερον
3704 5147 3930 5220 Σωτῆρα
3958 5150 4047 5220 ἐρ-

2495 5240 2716 5308 μηνείαν
2744 5238 3069 5292 πιστώσεται
3102 5239 3386 5308 σφραγῖσιν
3418 5237 3833 5306 ἀναμφιλέκτοις
3866 5242 3898 5308 ή
3941 5239 4046 5291 τῶν

2493 5329 2650 5399 ἱερῶν
2678 5329 3017 5398 Εὑαγγελίων
3053 5327 3346 5398 μαρτυρία,
3373 5329 3478 5381 ams
3504 5345 3560 5394 τε
3587 5329 3679 5382 τοῦ
3715 5329 4048 5399 παρατεθέν-

2494 5437 2581 5482 τος
2613 5420 2704 5473 106
2747 5421 2900 5473 Ἰωνᾶ
2940 5417 3391 5489 παραδείγματος,
3423 5419 3516 5473 καὶ
3541 5421 3647 5472 άπὸ
3678 5419 3771 5472 106
3798 5417 4048 5486 λέγεσθαι

2497 5512 2552 5560 ὲν
2591 5513 2699 5573 τοῖς
2733 5510 3126 5581 προκειμένοις,
3162 5528 3178 5559 ι
3213 5510 3328 5560 Ὅτι
3363 5512 3391 5562 ό
3426 5509 3583 5578 ζῆλος
3627 5507 3718 5560 106
3757 5507 3901 5561 οδιου
3954 5519 4045 5557 σου

2499 5601 2771 5670 κατέφαγε
2817 5617 2916 5672 με·
2953 5621 2970 5650 ›
3025 5601 3158 5670 ὅπερ
3196 5586 3465 5666 αὑτολεξεὶ
3515 5598 3926 5670 μεμαρτύρηται
3970 5599 4039 5651 είς

3011 5757 3052 5786 ⁹⁴
3094 5754 3235 5811 Psal.
3281 5771 3444 5814 uvii,
3485 5753 3544 5806 9.1
3681 5751 3728 5783 “
3769 5749 3916 5803 ihid..
3959 5743 4027 5802 Ἔ
