4300 6408
347 502 448 554 7‘29

1461 501 1959 556 COMMENTARIA
2000 502 2062 558 ΙΝ
2105 501 2273 556 PSAL
2283 501 2436 557 MOS.
3447 507 3548 561 730

344 618 504 670 αὐτὸν
550 618 969 689 πεπληρωμένον
1011 620 1066 670 ἐν
1099 619 1174 689 τῷ
1205 617 1343 671 κατὰ
1377 619 1626 688 Ἰωάννην
1666 621 1902 687 Εύαγγεο
1932 627 1974 680 Α
2003 623 2034 672 d

1850 637 1902 672 εο
1932 627 1974 680 Α
2003 621 2201 678 dicitur
2237 639 2250 674 :
2292 640 2309 672 ι
2365 619 2431 672 Et
2470 618 2708 673 ascendit
2737 618 2894 673 Jesus
2939 618 3348 694 Jerosolymam,
3381 629 3433 673 et
3462 623 3547 675 in-

343 708 460 778 λίῳ,
485 711 542 761 ἐν
571 702 617 776 ᾧ
639 709 972 780 γέγραπται·
1011 729 1028 760 ι
1063 710 1170 761 Kal
1201 709 1365 779 ἀνέϐη
1393 713 1422 763 6
1461 710 1664 780 Ἰησοῦς
1690 713 1768 773 είς
1806 711 1900 762 Ἰε-

349 799 634 869 ροσόλυμα,
669 801 761 852 καὶ
788 794 943 871 εὗρεν
973 802 1027 853 ἐν
1055 800 1131 868 τῷ
1166 799 1293 869 ίερῷ
1323 800 1562 869 πρόϐατα
1591 801 1897 865 πωλοῦντας

343 890 435 944 καὶ
469 890 594 959 βόας
635 891 728 942 καὶ
767 891 1109 960 περιστεράς.
1147 909 1163 940 ι
1214 886 1324 941 Εἶθ’
1357 889 1430 952 ὡς
1472 891 1635 959 ήλασε
1680 891 1898 954 τούτους

345 981 542 1034 εἰπών·
575 1000 593 1031 ι
634 982 833 1050 Ἀρατε
854 981 1022 1033 ταῦτα
1068 980 1333 1042 ἐντεῦθεν,
1369 981 1442 1050 μὴ
1476 983 1673 1033 ποιεῖτε
1706 982 1796 1033 τὸν
1825 978 1900 1033 οἶ-

344 1089 437 1125 κον
473 1071 567 1125 τοῦ
612 1073 823 1142 Πατρός
875 1088 975 1142 μου
1017 1068 1161 1124 οἷκον
1199 1071 1479 1141 ἐμπορίου,
1518 1090 1536 1121 ›
1588 1072 1827 1139 ἐπιλέγει
1872 1075 1900 1124 ὁ

344 1165 764 1238 εύαγγελιστής·
820 1185 838 1217 ι
888 1164 1263 1235 Ἐμνήσθησαν
1317 1166 1364 1216 οἱ
1424 1163 1659 1233 μαθηταὶ
1715 1165 1895 1229 αὐτοῦ,

343 1256 423 1308 ὅτι
455 1259 834 1329 γεγραμμένον
865 1258 1038 1310 ἐστίν·
1078 1257 1136 1309 '0
1161 1257 1316 1326 ζῆλος
1348 1255 1440 1308 τοῦ
1469 1258 1614 1307 οἴκου
1638 1271 1729 1306 σου
1778 1271 1902 1308 κατ-

341 1345 511 1415 έφαγέ
559 1367 644 1417 με.
683 1369 701 1400 ι
757 1349 913 1402 Ἀλλά
955 1347 1046 1401 καὶ
1097 1348 1175 1410 τὸ,
1209 1366 1226 1397 ι
1277 1347 1518 1398 Ἔδωκαν
1563 1346 1640 1407 εἰς
1708 1343 1900 1413 βρῶμά

342 1450 444 1502 μου
469 1435 648 1504 χολὴν,
673 1437 766 1491 καὶ
789 1439 865 1498 είς
890 1437 987 1504 τὴν
1013 1435 1168 1504 δίψαν
1193 1453 1291 1506 μου
1326 1435 1576 1487 ἐπότισάν
1613 1448 1677 1502 με
1711 1432 1850 1497 ὅξος,
1873 1451 1889 1482 ι

339 1524 396 1575 ἐν
427 1526 538 1586 τοῖς
566 1526 699 1594 μετὰ
731 1529 916 1596 χεῖρας
943 1525 1210 1594 κείμενον,
1240 1527 1304 1578 ἐκ
1346 1519 1631 1595 προσώπου
1661 1519 1750 1574 τοῦ
1788 1521 1898 1571 Σωα

337 1613 498 1683 τῆρος
551 1614 706 1684 ήμῶν
770 1615 1185 1686 μεμαρτύρηται
1238 1613 1583 1682 λελεγμένον,
1615 1611 1751 1664 κατὰ
1806 1610 1895 1661 τὸν

350 1702 617 1775 Ἰωάννην,
647 1705 907 1776 φήσαντα·
943 1723 960 1756 ι
994 1705 1147 1758 Μετὰ
1168 1703 1339 1757 ταῦτα
1368 1702 1488 1756 ἰδὼν
1510 1705 1537 1755 6
1570 1699 1789 1770 Ἰησοῦς,
1818 1699 1896 1751 ὅτι

336 1795 511 1847 πάντα
537 1794 842 1867 τετέλεσται
869 1796 990 1866 ήδη,
1019 1795 1107 1848 ἵνα
1133 1794 1390 1864 πληρωθῇ
1415 1796 1445 1863 ή
1478 1790 1685 1862 Γραφὴ,
1710 1790 1855 1857 λέγει
1879 1807 1901 1854 ⁸,

336 1881 501 1951 Διψῶ·
545 1883 757 1954 Λεκάνη
786 1883 961 1937 ἔκειτο
1000 1883 1152 1950 ὄξους
1183 1884 1351 1952 μεστή
1374 1901 1385 1912 ·
1425 1882 1658 1949 σπόγγον
1685 1876 1775 1932 οὖν
1812 1895 1898 1948 με-

2005 710 2151 763 venit
2180 710 2235 762 in
2272 709 2470 777 templo
2502 708 2792 763 vendentes
2828 721 2954 762 oves
2986 715 3038 761 et
3072 708 3235 762 boves
3262 719 3314 762 et
3340 711 3548 763 colum-

2005 801 2122 856 bas.
2161 820 2177 852 ι
2210 800 2412 854 Deinde
2433 811 2712 870 postquam
2741 800 2987 868 ejecisset
3008 815 3105 854 eos
3128 800 3349 853 dicens:
3385 821 3403 852 ι
3442 803 3552 854 Au-

2007 891 2139 946 ferte
2175 893 2278 946 ista
2314 891 2479 956 hinc;
2517 891 2683 945 nolite
2723 890 2901 943 facere
2954 889 3170 943 domum
3222 889 3398 946 Palris
3446 894 3549 946 uici

2004 983 2220 1035 domum
2270 982 2668 1050 negotiationis,
2699 1001 2717 1032 ι
2746 981 2930 1034 subdit
2978 981 3346 1048 evangelista:
3385 1000 3403 1031 ι
3446 981 3550 1035 Re-

2005 1069 2210 1122 cordati
2236 1076 2362 1122 sunt
2382 1069 2628 1137 discipuli
2654 1071 2769 1137 ejus
2799 1070 2922 1136 quia
2951 1070 3207 1136 scriptum
3232 1077 3314 1122 est
3344 1088 3355 1123 :
3392 1070 3550 1123 Zelus

2005 1157 2197 1210 domus
2251 1158 2353 1212 tum
2402 1156 2635 1209 comedit
2687 1172 2772 1210 me
2792 1156 2855 1211 “.
2922 1176 2939 1206 ι
2998 1156 3103 1209 Sed
3165 1157 3325 1214 etiam
3376 1157 3544 1221 illud,

2011 1267 2027 1297 ι
2065 1247 2337 1301 Dederunt
2369 1248 2421 1300 in
2453 1263 2631 1302 escam
2667 1263 2838 1301 meam
2865 1247 2955 1310 fel,
2995 1256 3047 1301 et
3079 1249 3132 1301 in
3175 1248 3270 1301 siti.
3293 1262 3410 1302 mea
3451 1263 3550 1316 po-

2004 1345 2257 1391 taverunt
2290 1354 2374 1391 me
2402 1346 2574 1398 aceto,
2612 1356 2628 1387 »
2671 1337 2812 1404 quod
2848 1338 2903 1391 in
2937 1337 3037 1390 hoc
3066 1338 3272 1406 psalmo
3298 1338 3545 1400 habetur,

2002 1442 2067 1479 ex
2100 1443 2326 1496 persona
2358 1427 2654 1481 Salvatoris
2685 1427 3073 1480 nostridictum
3103 1427 3426 1488 declaratur,
3457 1444 3541 1481 se-

2002 1517 2237 1569 cundum
2275 1514 2556 1576 Joannem,
2601 1517 2694 1585 qui
2745 1518 2819 1568 ait
2850 1534 2860 1568 :
2897 1536 2913 1566 ι
2952 1515 3142 1571 Postea
3176 1518 3362 1570 videns
3391 1516 3548 1574 Jesus

2000 1607 2123 1674 quia
2172 1607 2352 1659 omnia
2384 1615 2754 1660 consummata
2788 1615 2934 1670 sunt,
2968 1609 3368 1676 ut'impleretur
3402 1607 3548 1661 Scri-

2000 1704 2177 1764 ptura,
2200 1695 2337 1748 dixit
2367 1715 2380 1749 :
2416 1693 2572 1749 Sitio.
2596 1693 2702 1748 Vas
2727 1705 2841 1749 erat
2867 1698 3098 1764 positum
3129 1706 3281 1753 aceto
3310 1699 3543 1766 plenum.

2001 1783 2081 1838 Illi
2121 1789 2297 1838 autem
2332 1785 2609 1852 spongiam
2645 1783 2856 1852 plenam
2906 1791 3058 1838 aceto
3088 1799 3210 1838 cum
3253 1785 3375 1841 felle
3421 1787 3546 1857 hys.

2001 1889 2133 1944 SOpO
2183 1868 2692 1943 circumponeiites,
2737 1875 3047 1931 obtulerunt
3090 1877 3170 1931 ori
3225 1877 3360 1944 ejus.
3411 1877 3545 1941 Cum

336 1974 456 2026 στὸν
503 1975 822 2045 ποιήσαντες
859 1975 1012 2039 δξους
1066 1975 1200 2044 μετά
1244 1973 1424 2046 χολῆς,
1462 1972 1694 2040 ὑσσώπῳ
1737 1986 1889 2039 περι·
1916 1975 1958 2028 Β
1986 1981 2034 2020 el

1847 1986 1889 2022 t-
1916 1975 2115 2034 Bergo
2160 1965 2456 2034 accepisset
2507 1963 2664 2018 Jesus
2717 1974 2926 2019 acetum
2983 1981 3106 2020 cum
3157 1966 3316 2033 felle,
3367 1968 3501 2021 dixit
3530 2009 3542 2033 .

333 2065 536 2129 θέντες,
584 2067 960 2135 προσήνεγκαν
1010 2065 1174 2118 αὑτοῦ
1219 2065 1294 2135 τῷ
1337 2064 1580 2132 στόματι.
1631 2063 1757 2113 Ὅτε
1802 2056 1895 2112 οὖν

332 2157 520 2210 ἐλαϐεν
565 2159 594 2209 6
643 2156 845 2227 Ἰησοῦς
888 2159 948 2210 τὸ
988 2158 1105 2222 ὅξος
1140 2156 1277 2228 μετά
1309 2155 1493 2225 χολῆς,
1531 2150 1647 2205 εἷπε
1675 2169 1686 2182 ·
1734 2150 1895 2202 Τετέ-

330 2250 516 2303 λεσται
568 2251 662 2304 καὶ
706 2249 841 2321 αὕτη
885 2253 916 2320 ἡ
964 2250 1173 2322 Γραφὴ,
1212 2269 1230 2300 ι
1271 2250 1366 2304 καὶ
1398 2247 1465 2300 τὰ
1511 2245 1668 2300 λοιπά
1711 2245 1765 2296 δὲ
1819 2244 1896 2303 εἰς

1999 2057 2388 2109 Consummata
2417 2066 2500 2110 est
2526 2065 2578 2110 et
2607 2057 2721 2111 ιιτεο
2772 2055 3050 2127 Scriptura
3072 2060 3138 2121 ",
3178 2077 3196 2109 ι
3248 2068 3301 2112 et
3351 2067 3545 2114 caetera

1999 2161 2120 2215 qua:
2146 2147 2212 2199 ad
2239 2162 2525 2215 personam
2559 2146 2867 2204 Servatoris
2913 2152 3083 2204 nostri
3112 2152 3418 2206 referuntur
3449 2169 3464 2217 ;
3492 2159 3547 2209 et

1999 2237 2114 2290 sine
2143 2237 2251 2289 ulla
2288 2237 2543 2291 violentia
2574 2240 3075 2307 interpretationem
3107 2243 3245 2296 banc
3271 2251 3489 2297 tuentur

331 2341 626 2411 πρόσωπσν
665 2339 759 2394 τοῦ
805 2342 1052 2412 Σωτῆρος
1095 2341 1248 2411 ἡμῶν
1288 2341 1680 2411 ἀναφερόμενα,
1727 2336 1886 2400 σώζοι
1910 2330 2226 2387 ἀναὸίαστον
2259 2330 2334 2402 (Ι)
2370 2331 2466 2399 τὴν
2496 2333 2805 2401 ἑρμηνείαν.

405 2452 425 2484 ι
448 2433 743 2486 Ἐκοπίασα
786 2434 1024 2505 κράζων,
1079 2423 1438 2506 ἐδραγχίασεν
1477 2438 1504 2486 6
1530 2434 1732 2504 λάρυγξ
1767 2449 1889 2502 μου,

330 2525 575 2590 ἐξέλιπον
617 2528 664 2578 oi
705 2525 970 2596 ὀφθαλμοί
1015 2544 1114 2597 μου
1155 2527 1262 2579 ἀπὸ
1293 2526 1385 2579 τοῦ
1428 2525 1663 2589 ἐλπίζειν
1704 2541 1769 2594 με
1814 2526 1892 2586 είς

329 2615 419 2668 τὸν
456 2615 587 2667 Θεόν
623 2633 744 2685 μου.
774 2635 804 2666 4
869 2617 979 2669 Kal
1017 2617 1188 2670 ταῦτα
1233 2619 1291 2669 ἐν
1333 2617 1413 2687 τῷ
1456 2617 1594 2668 κατὰ
1645 2617 1890 2683 Ἰωάννην

329 2703 634 2774 ἐπληροῦτο
659 2705 972 2774 Εὐαγγελίῳ
994 2722 1006 2734 ·
1053 2707 1109 2758 ἐν
1147 2699 1191 2772 ᾧ
1221 2708 1460 2776 εἱστήκει
1497 2709 1525 2758 6
1569 2704 1769 2776 Ἰησοῦς
1802 2705 1891 2774 καὶ

330 2792 527 2863 ἕκραζε
569 2794 776 2862 λέγων·
820 2814 838 2846 ι
879 2797 999 2848 Ἐάν
1045 2813 1130 2860 τις
1171 2797 1326 2866 διψᾷ,
1374 2796 1613 2867 ἐρχέσθω
1653 2797 1787 2866 πρὸς
1821 2795 1889 2863 μὲ

331 2885 424 2937 καὶ
458 2884 683 2937 πινέτω·
712 2905 730 2936 ι
764 2882 917 2948 αὖθις
954 2886 1009 2938 δέ
1042 2889 1275 2958 εἴρηται·
1316 2905 1334 2938 ι
1379 2886 1582 2957 Ἰησοῦς
1612 2887 1667 2939 δέ
1694 2886 1888 2956 ἐκραζε

254 2984 288 3036 ⁸,
330 2978 425 3029 καὶ
473 2976 685 3044 ἔλεγεν·
736 2978 792 3031 '0
833 2979 1094 3032 πιστεύων
1139 2981 1217 3042 είς
1265 2979 1363 3048 ἐμὲ
1415 2979 1476 3031 οὐ
1525 2969 1766 3031 πιστεύει
1813 2979 1890 3041 είς

329 3069 451 3140 ἐμὲ,
500 3070 611 3122 ἀλλ’
644 3073 721 3132 είς
761 3071 850 3122 τὸν
892 3070 1179 3140 πέμψαντά
1222 3086 1305 3140 με.
1343 3069 1449 3122 Kal
1483 3072 1510 3122 ὁ
1543 3069 1757 3139 θεωρῶν
1791 3070 1889 3140 ἐμὲ

2069 2425 2232 2480 Vens.
2265 2425 2320 2488 4,
2353 2424 2405 2478 5.
2453 2443 2469 2475 ι
2516 2425 2782 2480 Labora‘vi
2835 2426 3100 2492 clamans,
3154 2443 3332 2484 rauca:
3389 2431 3546 2484 facta:

1996 2534 2124 2578 sunt
2175 2521 2360 2575 fauces
2397 2537 2548 2585 meae,
2580 2520 2897 2576 defecerunt
2928 2522 3068 2576 oculi
3101 2524 3202 2576 mei
3236 2522 3359 2577 dum
3385 2539 3545 2593 spero

1993 2613 2047 2665 in
2077 2612 2245 2666 Deum
2279 2627 2476 2666 meum.
2504 2630 2523 2663 ι
2557 2611 2677 2666 Ηαξο
2702 2627 2914 2682 quoque
2951 2614 3006 2666 in
3030 2612 3319 2683 Evangelio
3349 2629 3546 2668 secun-

1996 2703 2124 2756 dum
2157 2702 2416 2757 Joannem
2453 2704 2671 2772 impleta
2720 2704 2984 2767 feruntur,
3015 2707 3231 2774 quando
3259 2707 3434 2759 stabat
3457 2704 3546 2761 Je-

1995 2810 2089 2848 sus
2121 2800 2175 2847 et
2204 2793 2287 2848 his
2312 2793 2492 2848 verbis
2525 2795 2797 2848 clamabat
2826 2815 2837 2849 :
2875 2814 2892 2846 ι
2933 2795 2986 2849 Si
3021 2795 3145 2865 quis
3192 2797 3327 2861 sitit,
3363 2799 3546 2852 veniat

1996 2884 2060 2936 ad
2093 2898 2177 2936 me
2211 2892 2262 2936 et
2301 2883 2449 2936 liibat
2474 2885 2540 2938 “.
2576 2904 2594 2934 ι
2627 2883 2840 2940 Rursus
2891 2878 3106 2955 quoque
3150 2888 3354 2940 dictum
3406 2894 3493 2941 est
3523 2904 3539 2943 :

2003 2992 2020 3024 ι
2061 2972 2221 3027 Jesus
2254 2981 2429 3026 autem
2464 2973 2732 3027 clamabat
2763 2982 2817 3029 et
2836 2975 3041 3028 dicebat
3075 2995 3088 3028 :
3126 2975 3228 3040 Qui
3277 2977 3443 3030 credit
3485 2976 3543 3030 in

1999 3079 2105 3126 me,
2133 3079 2239 3118 non
2275 3063 2448 3118 credit
2479 3063 2533 3117 in
2567 3080 2671 3131 me,
2696 3065 2789 3119 sed
2814 3066 2865 3118 in
2892 3080 3011 3119 eum
3045 3067 3133 3137 qui
3156 3081 3239 3120 me
3283 3066 3448 3120 misit".
3473 3066 3542 3120 Et

330 3160 524 3232 θεωρεῖ
552 3161 641 3213 τὸν
676 3161 964 3232 πέμψαντά
1005 3179 1090 3232 με.
1134 3160 1272 3229 Ἐγὼ
1299 3161 1411 3230 φῶς
1443 3165 1521 3224 είς
1563 3160 1653 3212 τὸν
1687 3160 1886 3229 κόσμον
1918 3151 1960 3206 C
1994 3169 2027 3221 q

1842 3178 1886 3212 αν
1918 3151 1960 3206 C
1994 3153 2084 3221 qui
2117 3152 2259 3206 videt
2288 3167 2391 3214 me,
2424 3152 2568 3206 videt
2602 3152 2725 3206 eum
2759 3155 2851 3222 qui
2881 3153 3027 3207 misit
3067 3169 3167 3207 me.
3198 3152 3306 3222 Ego
3355 3154 3444 3206 lux
3483 3154 3540 3207 in

329 3249 590 3323 ἐλήλυθα,
625 3252 707 3305 ἵνα
749 3254 853 3314 πᾶς
885 3254 913 3305 6
942 3253 1216 3318 ,πιστεύων
1245 3254 1323 3314 είς
1356 3253 1454 3322 ἐμὲ
1477 3249 1554 3304 ’ἐν
1597 3255 1660 3322 τῇ
1701 3251 1887 3321 σκοτίᾳ

331 3344 409 3415 μή
462 3345 640 3415 μείνῃ.
671 3365 688 3396 ι
731 3345 838 3397 Kal
888 3344 978 3397 ἐπὶ
1011 3343 1102 3396 τοῦ
1131 3343 1380 3413 Λαζάρου
1425 3342 1481 3395 δέ
1525 3343 1731 3414 ἐπάρας
1762 3344 1885 3404 τοὺς

327 3431 636 3504 ὀφθαλμοὺς
677 3432 840 3486 αὐτοῦ
884 3434 962 3494 εἰς
1006 3433 1098 3484 τὸν
1139 3432 1365 3501 οὐρανὸν
1419 3429 1564 3484 εἶπε·
1624 3450 1642 3480 ι
1683 3433 1881 3499 Πάτερ,

329 3525 632 3596 εὐχαριστῶ
665 3541 765 3587 σοι,
801 3525 882 3576 ὄτι
914 3521 1150 3592 ήκουσάς
1186 3540 1307 3590 μου.
1355 3521 1492 3588 Ἐγὼ
1523 3521 1579 3572 δὲ
1612 3521 1775 3590 ᾔδειν,
1803 3521 1882 3572 ὃτι

329 3615 559 3669 πάντοτέ
594 3631 692 3684 μου
727 3614 959 3675 ἀκούεις.
1008 3613 1116 3665 Kal
1161 3612 1331 3663 ταῦτα
1377 3609 1561 3672 εἰπὼν,
1604 3613 1752 3680 φωνῇ
1790 3628 1885 3680 με-

328 3704 470 3775 γάλῃ
512 3703 852 3775 ἐκραύγασε·
904 3704 1139 3773 Λάζαρε,
1185 3701 1340 3772 δεῦρο
1387 3702 1506 3768 ἐξω.
1543 3721 1560 3752 ι
1608 3701 1762 3753 Ἀλλά
1793 3703 1883 3752 καὶ

328 3799 448 3849 κατ’
476 3796 606 3848 αὐτὸ
632 3795 692 3847 τὺ
721 3793 886 3857 πάθος
916 3796 1114 3864 ἱστορεῖ
1141 3796 1168 3846 6
1190 3791 1463 3856 Ματθαίος
1488 3791 1685 3860 λέγων·
1726 3791 1885 3843 «Ἀπὸ

329 3885 384 3939 δέ
425 3887 589 3957 ἒκτης
617 3885 776 3956 ὥρας.
814 3885 1000 3947 σκότος
1046 3884 1258 3953 ἐγένετο
1308 3884 1401 3936 ’ἐπὶ
1445 3885 1623 3936 πᾶσαν
1650 3883 1746 3952 τὴν
1784 3884 1885 3953 γῆν

329 3978 433 4041 ἕως
459 3977 607 4049 ὥρας
633 3978 843 4046 ἐνάτης.
879 3975 1012 4046 Περὶ
1039 3974 1095 4027 δὲ
1123 3973 1220 4045 τὴν
1251 3974 1444 4042 ἐνάτην
1467 3973 1632 4043 ὥραν,
1667 3973 1887 4044 ἀνεϐόη-

332 4086 422 4122 σεν
477 4071 505 4120 ὁ
544 4067 747 4138 Ἰησοῦς
800 4069 946 4137 φωνῇ
1008 4051 1226 4136 μεγάλη
1262 4064 1467 4132 λέγων·
1513 4063 1677 4127 Ἠλεὶ,
1720 4063 1882 4130 Ἠλεὶ,

329 4160 492 4230 Λαμά
522 4158 870 4228 Σασαχθανεί.
899 4158 1082 4209 »Τότε
1111 4157 1206 4226 μὲν
1231 4151 1324 4207 οὖν
1356 4152 1527 4206 συνὼν
1561 4154 1882 4226 ἀνθρώποις,

331 4247 538 4310 πάντας
579 4246 716 4316 βοῶν
744 4246 1039 4316 παρεκάλει
1068 4245 1223 4314 ἥκειν
1252 4243 1344 4295 καὶ
1379 4243 1623 4296 σπεύδειν
1669 4246 1758 4298 ἐπὶ
1788 4245 1884 4315 τὴν

329 4335 491 4388 αὐτοῦ
535 4335 906 4388 διδασκαλίαν·
965 4335 1055 4387 καὶ
1098 4332 1186 4386 τὸν
1233 4338 1544 4407 τεταρταῖον
1593 4335 1648 4387 δὲ
1696 4336 1916 4410 νεκρὸν

335 4424 469 4494 μετά
511 4423 747 4495 μεγάλης
786 4423 1095 4478 ἀνεκαλεῖτο
1134 4424 1400 4493 κραυγῆς.
1449 4425 1604 4478 Ἀλλά
1636 4426 1727 4478 καὶ
1757 4426 1882 4497 περὶ

1995 3244 2255 3296 mundum
2283 3244 2425 3305 veni,
2457 3249 2516 3295 ut
2554 3243 2732 3297 omnis
2755 3244 2847 3312 qui
2881 3245 3050 3299 credit
3082 3245 3136 3296 in
3166 3260 3268 3308 me,
3293 3245 3359 3297 in
3383 3252 3534 3299 tene-

1991 3333 2103 3386 bris
2127 3347 2234 3386 non
2253 3333 2545 3386 maneat".
2576 3352 2594 3383 ι
2628 3332 2686 3385 Ει
2715 3349 2873 3402 super
2891 3333 3148 3386 Lazarum
3182 3335 3398 3389 elevatis
3417 3349 3538 3389 ocuo

1995 3422 2061 3475 lis
2081 3422 2195 3477 suis
2244 3423 2298 3474 in
2341 3423 2537 3475 cadum
2577 3423 2756 3478 dixit:
2797 3440 2815 3473 ‹
2851 3422 3028 3486 Pater,
3072 3427 3269 3493 gratias
3317 3441 3416 3495 ago
3438 3427 3534 3479 tibi

1993 3514 2118 3582 quia
2154 3513 2350 3568 audisti
2379 3529 2484 3568 me.
2515 3512 2625 3584 Ego
2655 3523 2831 3567 autem
2881 3515 3114 3568 sciebam
3167 3517 3292 3584 quia
3318 3505 3537 3586 Semper

1992 3620 2078 3659 me
2101 3603 2275 3659 audis.
2310 3604 2514 3659 Etcum
2540 3605 2653 3659 haec
2679 3605 2922 3670 dixisset,
2953 3620 3084 3658 voce
3108 3619 3299 3674 magna
3334 3606 3536 3660 clama—

1989 3696 2067 3748 vit
2104 3713 2116 3746 :
2152 3695 2374 3758 Lazare,
2425 3697 2541 3752 veni
2597 3696 2826 3751 foras”.
2867 3716 2885 3747 ι
2923 3694 3028 3750 Sed
3085 3698 3246 3750 etiam
3302 3696 3367 3750 de
3416 3698 3536 3766 ipso

1992 3787 2262 3854 passionis
2284 3795 2526 3858 tempore
2555 3788 2668 3842 haec
2685 3795 2872 3840 narrat
2903 3788 3182 3841 Matthaaus
3211 3808 3224 3841 :
3261 3806 3278 3837 ι
3317 3789 3359 3840 Α
3383 3797 3534 3847 sexta

1991 3885 2169 3931 autem
2205 3879 2339 3932 hora
2370 3881 2602 3933 tenebrae
2644 3878 2800 3932 facta:
2857 3884 2983 3932 sunt
3027 3891 3191 3945 super
3230 3878 3532 3932 universam

1991 3974 2188 4021 terram
2239 3983 2411 4037 usque
2464 3967 2528 4020 ad
2559 3969 2744 4020 horam
2787 3981 3005 4020 nonam.
3054 3965 3118 4018 Et
3146 3967 3291 4019 circa
3346 3967 3531 4022 horam

1990 4071 2185 4110 nonam
2232 4058 2482 4116 clamavit
2525 4056 2686 4111 Jesus
2737 4072 2869 4111 voce
2922 4071 3113 4123 magna
3148 4056 3334 4110 dicens
3371 4074 3385 4110 :
3425 4055 3530 4122 Eli,

1989 4147 2092 4208 Eli,
2125 4144 2283 4200 Lama
2327 4146 2691 4200 Sabachtbani
2717 4147 2783 4200 ".
2825 4167 2844 4199 ι
2884 4146 3036 4201 Tunc
3087 4149 3266 4216 itaque
3289 4165 3408 4201 cum
3435 4148 3535 4202 lio-

1990 4238 2226 4294 minibus
2283 4237 2503 4308 degens,
2555 4239 2836 4294 clamando
2889 4254 3076 4294 omnes
3128 4240 3529 4304 cohortabatur,

1990 4336 2050 4381 ut
2079 4329 2321 4382 venirent
2365 4338 2801 4398 maturarentque
2844 4328 2911 4382 ad
2947 4328 3066 4396 ejus
3098 4328 3395 4382 doctrinam
3429 4347 3444 4382 :
3477 4338 3531 4390 et

1989 4414 2411 4484 quatriduanum
2445 4424 2714 4469 mortuum
2764 4416 2998 4468 clamore
3029 4429 3223 4482 magno
3249 4415 3527 4471 evocabat.

330 4490 426 4585 τὴν
456 4490 647 4586 ἐνάτην
680 4490 827 4586 ὥραν
856 4513 951 4567 τοῦ
983 4490 1186 4578 πάθους
1213 4490 1409 4568 ἀνεϐόα
1440 4518 1588 4587 φωνῇ
1640 4490 1876 4587 μεγάλῇ·
1914 4490 1955 4543 D
1987 4505 2028 4559 Si

1831 4490 1876 4587 ᾖ·
1914 4490 1955 4543 D
1987 4505 2092 4560 Sed
2125 4507 2286 4560 etiam
2321 4508 2465 4560 circa
2490 4522 2692 4568 nouam
2715 4506 2982 4575 passionis
3021 4505 3230 4565 boram.
3263 4507 3529 4564 clamabat

332 4607 423 4660 καὶ
470 4605 608 4677 μετὰ
661 4604 832 4657 ταῦτα
874 4603 1066 4658 πάλιν·
1128 4623 1147 4655 ι
1177 4603 1399 4672 Κράξας
1445 4608 1592 4675 φωνῇ
1652 4597 1877 4674 μεγάλῃ,

331 4698 507 4766 ἀφῆκε
550 4697 610 4748 τὸ
651 4692 884 4764 πνεῦμα.
944 4694 1054 4748 Kal
1100 4695 1208 4747 ἰδοὺ
1257 4694 1316 4745 τὸ
1355 4695 1743 4762 καταπέτασμα
1787 4690 1879 4743 τοῦ

330 4787 455 4840 ναοῦ
482 4784 700 4855 ἐσχίσθη
722 4785 800 4845 εἰς
822 4783 932 4845 δύο,
959 4785 1050 4836 καὶ⁵
1077 4785 1109 4853 ή
1132 4784 1202 4853 γῆ
1225 4783 1462 4854 ἐσείσθη,
1487 4785 1579 4837 καὶ
1603 4785 1658 4834 αἱ
1686 4782 1879 4852 πέτραι

332 4877 660 4947 ἐρῤάγησαν,
695 4874 790 4926 καὶ
824 4871 892 4924 τά
920 4878 1152 4942 μνημεῖα
1179 4871 1543 4942 ἀνεῴχθησαν,
1581 4872 1671 4924 καὶ
1714 4873 1880 4926 πολλὰ

333 4964 556 5034 σώματα
594 4963 702 5016 τῶν
739 4963 1150 5032 κεκοιμημένων
1193 4962 1359 5028 ἁγίων
1397 4963 1736 5032 ἠγέρθησαν·
1761 4981 1776 5011 ι
1815 4963 1884 5016 τά

331 5054 566 5108 τοσαῦτα
606 5054 703 5124 τῆς
738 5054 976 5124 μεγάλης
1013 5049 1175 5105 αὐτοῦ
1211 5050 1395 5119 φωνῆς
1440 5052 1677 5120 ἐνεργεῖν
1725 5048 1883 5102 δυνα-

336 5142 522 5212 μένης.
559 5141 621 5193 Εἰ
650 5135 707 5192 δέ
733 5140 1038 5212 ἐπιστήσειέ
1084 5157 1186 5201 τις,
1229 5138 1304 5200 ὡς
1348 5139 1405 5205 ἐξ
1444 5139 1648 5192 ἐκείνου
1685 5139 1776 5190 καὶ
1803 5141 1882 5200 εἰς

332 5233 489 5303 δεῦρο
527 5231 648 5284 καθ’
683 5231 810 5300 ὅλης
841 5233 939 5301 τῆς
970 5231 1266 5301 ἀνθρώπων
1310 5229 1629 5299 οἰκουμένης
1664 5228 1721 5278 ἐν
1762 5233 1882 5291 ταῖς

335 5323 646 5392 ἐκκλησίαις
696 5321 857 5374 αὐτοῦ
908 5321 1024 5391 βοᾷ,
1080 5320 1324 5374 σπεύδειν
1374 5321 1464 5374 ἐπὶ
1518 5319 1576 5371 τὸ
1623 5318 1880 5382 ζωοποιδν

335 5411 494 5465 αὑτοῦ
527 5413 678 5482 πόμα
700 5410 1045 5480 παρακαλῶν,
1073 5411 1165 5464 καὶ
1191 5409 1316 5472 τοὺς
1345 5412 1463 5472 ταῖς
1493 5408 1628 5479 πρὸς
1658 5408 1880 5463 θάνατον

334 5501 626 5573 ἁμαρτίαις
698 5497 1132 5569 νενεκρωμένους
1189 5496 1659 5564 ἀνακαλούμενος·
1705 5496 1782 5565 τῷ
1821 5512 1879 5548 τε

1981 4611 2111 4651 voce
2138 4611 2332 4666 magna
2364 4617 2376 4650 :
2404 4611 2482 4678 Iac
2524 4606 2707 4666 postea
2765 4610 2981 4649 rursum
3021 4614 3033 4648 :
3066 4612 3083 4644 ι
3114 4594 3367 4652 Clamans
3398 4612 3530 4650 voce

1986 4700 2201 4754 magna,
2233 4687 2412 4741 emisit
2435 4687 2704 4757 spiritum.
2737 4686 2802 4738 Et
2831 4700 2958 4739 ecce
2981 4685 3152 4738 velum
3184 4686 3365 4756 templi
3388 4688 3530 4739 scis-

1991 4793 2111 4831 sum
2139 4786 2222 4832 est
2245 4779 2297 4831 in
2319 4778 2446 4840 duo,
2482 4785 2535 4830 et
2564 4784 2707 4846 terra
2734 4785 2878 4830 mota
2926 4785 3030 4841 est,
3068 4787 3122 4832 et
3148 4789 3307 4847 petrae
3346 4778 3530 4831 scissa

1987 4877 2132 4931 sunt,
2164 4878 2216 4923 et
2247 4876 2592 4922 monumenta
2618 4876 2801 4937 aperta
2829 4877 2974 4931 sunt,
3001 4878 3054 4923 et
3101 4871 3264 4923 multa
3297 4882 3528 4935 corpora

1990 4944 2300 5013 sanctorum
2326 4957 2417 5026 qui
2463 4951 2796 5013 dormierant
2825 4966 3235 5015 resurrexerunt
3269 4960 3307 5012 ¹.
3347 4975 3366 5008 ι
3402 4957 3527 5010 Haec

1988 5049 2195 5106 scilicet
2224 5062 2417 5118 magna
2447 5050 2615 5118 ipsius
2647 5066 2750 5104 vox
2803 5052 2961 5105 edere
3020 5057 3247 5117 poterat.
3281 5048 3433 5114 Quod
3481 5051 3527 5102 si

1983 5137 2104 5204 quis
2124 5135 2428 5191 consideret
2462 5138 2552 5207 qui
2601 5138 2788 5192 abillo
2828 5138 2895 5191 ad
2952 5138 3052 5190 hoc
3096 5152 3266 5206 usque
3314 5145 3526 5205 tempus

1984 5243 2078 5294 per
2106 5234 2279 5280 totum
2302 5229 2487 5283 orbem
2535 5231 2588 5282 in
2629 5229 2876 5282 ecclesiis
2904 5230 3018 5283 suis
3040 5229 3154 5298 ipse
3182 5231 3396 5290 clamet,
3433 5243 3526 5280 co-

1984 5316 2212 5374 hortans
2240 5319 2484 5389 singulos
2525 5326 2585 5371 ut
2627 5325 2898 5371 maturent
2951 5320 3016 5372 ad
3051 5319 3318 5372 vivincum
3351 5317 3524 5385 ipsius

1983 5412 2202 5475 potum;
2236 5421 2301 5462 ac
2351 5421 2610 5462 revocans
2661 5406 2781 5460 illos
2819 5407 2912 5476 qui
2943 5407 3259 5461 mortalibus
3290 5407 3525 5473 peccatis

1985 5499 2236 5553 exstiuca
2290 5508 2448 5565 Sunt;
2499 5497 2683 5552 audiat
2735 5499 2864 5554 item
2913 5500 3229 5553 clamantem
3273 5497 3528 5567 passione

404 5656 450 5688 ’δ
485 5653 641 5708 Joan.
668 5668 728 5715 ιι,
755 5649 939 5706 {3-17.
1011 5649 1057 5718 οἳ
1092 5647 1246 5703 Joan.
1285 5645 1622 5718 xix,38_-§0.
1696 5649 1744 5687 -“
1781 5648 1934 5703 Joan.
1977 5666 2070 5714 vn,

1824 5665 1934 5703 )an.
1977 5666 2070 5714 vn,
2112 5651 2200 5706 57.
2277 5653 2320 5684 ⁸⁷
2359 5650 2511 5706 Joan.
2544 5667 2642 5715 xu,
2683 5650 2868 5706 4H6.
2943 5651 2988 5685 ⁸⁸
3025 5647 3178 5705 Joan.
3221 5664 3297 5716 ιι,
3335 5650 3522 5718 «δί-ὣ,

339 5725 381 5757 "
422 5722 608 5778 Matth.
649 5737 817 5784 xxvn,
855 5719 943 5784 45,
991 5715 1078 5772 ιθ.
1156 5721 1170 5749 ί
1217 5719 1359 5778 ibid.
1411 5715 1586 5771 50-52.

411 5833 486 5903 (ι)
518 5831 1090 5896 Σὼζοι-άναϐίαστον.
1120 5830 1278 5887 Forte
1307 5829 1466 5894 σώζει
1492 5830 1905 5900 ἀκατασίαστον,
1939 5815 2021 5896 vel
2052 5826 2109 5897 ᾴε

811 5833 1090 5887 ιϐΙαστον.
1120 5830 1278 5887 Forte
1307 5829 1466 5894 σώζει
1492 5830 1905 5900 ἀκαταῦίαστον,
1939 5815 2021 5896 vel
2052 5826 2320 5897 ᾴὸίαστον.
2358 5825 2509 5882 Eun.
