4300 6394
806 502 908 556 735

1457 489 1721 547 EUSEBII
1758 479 2231 543 C£SARIENSIS
2265 475 2416 534 OPP.
2456 471 2637 529 PARS
2672 469 2760 526 Ill.
2800 499 2871 514 —
2906 466 3315 563 EDEGETICA.

3914 461 4029 557 ἴω.

748 666 751 669 .
805 618 949 672 Deus
972 630 1099 669 num
1134 614 1260 683 quid
1288 621 1568 683 peccatum
1602 626 1632 664 a
1671 624 1757 662 me
1804 608 1892 662 sit.
1923 605 2106 673 Neque
2146 600 2290 656 enim
2317 597 2361 652 si

2394 599 2438 655 Α
2468 593 2803 662 συκοφάντας
2837 591 3066 660 ἔστησαν
3100 574 3165 641 ἐν’
3186 590 3252 658 τῇ
3289 562 3404 639 κατ’
3439 583 3571 655 ἐμοῦ
3602 583 3921 683 κατηγορίᾳ,
3954 586 4019 639 σὺ

804 707 1047 777 quaedam
1072 706 1205 759 mihi
1259 704 1454 758 delicta
1486 704 1749 761 inessent,
1786 698 1882 751 tibi
1908 700 2091 750 essent
2125 690 2355 745 occulta.

802 795 871 849 Et
902 796 1057 856 alias,
1090 794 1135 847 si
1166 806 1348 847 nostra
1382 791 1499 859 ipse
1532 795 1748 857 peccata
1782 784 2056 847 abstersit,
2081 791 2134 835 et
2186 780 2360 833 factus

802 896 887 942 est
915 901 1012 956 pro
1056 884 1216 939 nobis
1265 881 1636 941 maledictum,
1670 879 1743 931 ita
1784 885 1843 929 ut
1884 874 1951 929 de
1978 874 2069 928 illo
2095 872 2307 927 dicatur
2344 886 2357 920 :

810 998 827 1029 ι
868 977 988 1046 ipse
1021 982 1244 1045 peccata
1286 981 1469 1026 nostra
1519 977 1717 1039 portat,
1743 977 1795 1023 et
1836 983 1937 1037 pro
1966 966 2123 1020 nobis
2152 965 2361 1018 crucia—

802 1080 911 1123 tur.
947 1068 1009 1121 Et
1040 1072 1155 1137 ipse
1181 1067 1494 1119 vulneratus
1528 1069 1611 1115 est
1644 1068 1863 1130 propter
1893 1065 2113 1127 peccata
2150 1062 2358 1116 nostra,

806 1163 1108 1213 infirmatus
1139 1167 1221 1211 est
1264 1164 1480 1222 propter
1519 1151 1833 1219 iniquitates
1892 1154 2130 1200 nostras.
2162 1143 2223 1197 Et
2260 1142 2357 1196 Do.

807 1252 990 1304 minus
1024 1246 1250 1301 tradidit
1280 1260 1401 1297 eum
1452 1243 1689 1312 peccatis
1748 1238 2007 1292 nostris’.
2042 1255 2062 1287 ι
2102 1233 2245 1297 Haec,
2280 1234 2362 1286 in-

798 1344 941 1409 quit,
988 1339 1185 1393 delicta
1254 1350 1353 1404 pro
1399 1331 1712 1387 hominibus
1779 1327 1991 1396 suscepi
2030 1341 2042 1375 :
2081 1330 2140 1378 tu
2192 1324 2357 1386 nosti,

807 1431 967 1493 Deus,
998 1430 1125 1499 quia
1157 1441 1263 1481 non
1298 1422 1611 1491 abscondita
1656 1421 1751 1474 tibi
1807 1427 1951 1473 sunt.
1992 1416 2174 1485 Neque
2206 1416 2351 1471 enim

806 1531 999 1593 praeter
1028 1519 1315 1574 consilium
1348 1527 1509 1569 tuum
1549 1512 1736 1566 isthch
1787 1510 2022 1565 suscepi.
2051 1507 2229 1575 Quare
2271 1508 2360 1560 illa

807 1614 996 1669 notitia
1029 1622 1123 1664 tua
1152 1612 1313 1679 digna
1348 1604 1594 1662 effecisti.

877 1892 1041 1947 Vens.
1072 1893 1121 1945 7.
1153 1910 1170 1941 ι
1210 1890 1328 1945 Non
1356 1887 1683 1953 erubescant
1729 1886 1784 1939 in
1806 1899 1893 1937 me
1923 1882 2015 1951 qui
2041 1887 2359 1949 exspectant

807 1994 881 2049 te,
936 1984 1182 2043 Domine,
1232 1980 1456 2045 Domine
1497 1978 1779 2031 virtutum.
1820 1992 1838 2024 ι
1870 1970 2008 2037 Quia
2063 1968 2361 2023 doctrinam

809 2092 981 2131 meam
1009 2074 1281 2142 sapientes
1327 2070 1491 2137 hujus
1523 2068 1707 2123 saeculi
1749 2066 2126 2125 criminantur,
2162 2063 2362 2129 ipsam-

702 2144 709 2153 ‘
808 2183 913 2237 que
938 2164 1147 2235 pellunt
1174 2170 1235 2215 ut
1267 2159 1578 2230 insipientia
1619 2164 1673 2212 et
1724 2156 1952 2213 stultitia
1987 2154 2198 2223 plenam
2239 2166 2361 2221 pro-

809 2266 928 2328 pter
988 2254 1402 2325 ignominiosam
1454 2266 1692 2313 crucem,
1745 2264 1937 2319 precor
1970 2263 2033 2301 ac
2084 2261 2232 2316 rogo,
2267 2260 2361 2299 eos

810 2349 903 2417 qui
935 2347 1163 2401 credunt
1206 2346 1259 2398 in
1290 2360 1375 2398 me
1408 2343 1506 2398 abs
1534 2351 1586 2397 te
1625 2342 1828 2396 servari
1878 2339 2257 2397 immutabil'es.
2288 2338 2360 2389 ita

809 2446 870 2493 ut
927 2453 1201 2508 nunquam
1263 2436 1606 2491 erubescant.
1641 2433 1820 2499 Quare
1850 2440 1907 2485 tu
1941 2433 2077 2500 ipse,
2116 2430 2358 2492 Domine,

809 2529 1037 2584 Domine
1094 2529 1376 2587 virtutum,
1411 2540 1504 2579 eos
1558 2524 1653 2593 qui
1704 2531 1922 2592 propter
1998 2519 2358 2588 cognitionem

810 2629 957 2674 tuam
1020 2633 1049 2671 a
1099 2634 1185 2672 me
1238 2616 1494 2670 traditam
1544 2615 1951 2683 impugnantur,
2020 2610 2113 2682 qui
2178 2611 2359 2679 gravia

810 2723 1021 2777 semper
1042 2708 1344 2776 patiuntur,
1363 2712 1416 2760 et
1441 2719 1613 2773 usque
1639 2703 1705 2758 ad
1731 2692 1959 2758 mortem
1980 2707 2348 2770 perseverant,

809 2817 877 2854 ne
924 2799 1290 2867 derelinquas,
1324 2812 1391 2851 ne
1443 2796 1499 2850 in
1548 2811 1634 2850 me
1674 2802 1954 2865 sperantes
2018 2793 2357 2848 confundan-

808 2898 918 2957 tur,
949 2891 1041 2961 qui
1077 2897 1131 2944 te
1174 2888 1342 2943 Deum
1400 2887 1565 2942 Israel
1612 2886 1924 2955 exquirunt.
1953 2884 2179 2938 Etiamsi
2219 2885 2360 2937 enim

808 2995 860 3037 te
888 2984 1016 3037 olim
1045 2997 1155 3036 non
1184 2987 1493 3041 noscerent,
1522 2980 1649 3047 quia
1672 2977 2008 3032 daemonibus
2038 2977 2197 3031 malis
2232 2975 2360 3031 sub-

808 3072 909 3127 diti
942 3081 1099 3127 erant
1123 3090 1137 3139 ;
1168 3080 1221 3125 at
1242 3072 1352 3140 jam
1380 3085 1499 3123 cum
1519 3076 1572 3123 te
1590 3079 1838 3131 noscant,
1858 3070 1911 3121 in
1940 3069 2181 3122 omnium
2213 3068 2357 3121 obli-

810 3164 1023 3219 vionem
1056 3172 1343 3225 venerunt,
1375 3162 1535 3229 teque
1572 3160 1746 3214 solum
1796 3159 2086 3229 quaerendo
2114 3174 2363 3237 persevej-

2462 681 2625 749 οἶδας,
2677 685 2860 753 φησὶν,
2907 686 2935 735 ὁ
2962 681 3127 743 Θεὸς,
3175 679 3228 731 εἴ
3252 677 3372 730 τινά
3411 692 3500 746 μοι
3544 673 4015 746 πεπλημμέληται.

2460 775 2534 829 Οὐ
2575 775 2683 846 γάρ
2728 774 2795 828 ἂν
2831 772 3137 843 ὲκρύϐησάν
3189 786 3283 831 σε,
3331 768 3382 820 εῐ
3422 781 3565 829 τινες
3611 760 3750 836 ἦσαν
3795 765 3853 817 ὲν
3899 765 4020 835 ἐμοὶ

2462 866 2843 937 πλημμέλειαι.
2872 864 2979 918 Καὶ
3005 863 3197 923 άλλως,
3224 863 3272 914 εἰ
3295 859 3392 922 τὰς
3413 856 3684 928 ἡμετέρας
3715 856 4022 926 ἀνεμάξατο

2462 958 2760 1028 ἁμαρτίας,
2798 956 2890 1009 καὶ
2920 955 3143 1022 γέγονεν
3178 952 3316 1021 ὑπὲρ
3360 948 3513 1022 ήμῶν
3555 948 3796 1019 κατάρα,
3827 947 3902 1009 ὡς
3933 947 4022 1000 λέ-

2460 1048 2649 1115 γεσθαι
2699 1048 2826 1116 π’ρι
2878 1045 3073 1099 αὑτοῦ·
3132 1063 3149 1094 ι
3185 1038 3350 1121 Οὗτος
3399 1042 3497 1104 τὰς
3543 1039 3814 1110 ἁμαρτίας
3857 1038 4019 1109 ήμῶν

2462 1137 2636 1209 φέρει,
2671 1135 2764 1187 καὶ
2812 1135 2939 1203 περὶ
2966 1132 3120 1202 ήμῶν
3163 1132 3428 1185 ὁδυνᾶται.
3475 1130 3585 1182 Καὶ
3628 1126 3787 1190 αὐτὸς
3825 1127 4022 1199 ὲτραυτ

2465 1227 2696 1296 ματίσθη
2731 1225 2818 1278 διά
2849 1225 2947 1287 τὰς
2978 1216 3245 1294 ἁμαρτίας
3282 1222 3455 1292 ήμῶν,
3486 1222 3578 1273 καὶ
3623 1218 4020 1290 μεμαλάκισται

2459 1318 2544 1371 διὰ
2571 1317 2671 1380 τὰς
2703 1316 2928 1385 ἀνομίας
2960 1314 3132 1386 ήμῶν.
3160 1314 3269 1367 Καὶ
3291 1312 3492 1383 Κύριος
3526 1310 3834 1382 παρέδωκεν
3859 1310 4019 1363 αὐτὸν

2460 1412 2573 1469 ταῖς
2598 1409 2889 1479 ἁμαρτίαις
2912 1408 3119 1478 ήμῶν.»
3153 1406 3260 1459 Καὶ
3285 1404 3502 1467 ταύτας,
3535 1403 3685 1474 φησὶ,
3716 1405 3811 1466 τὰς
3841 1404 4022 1475 πλημ-

2463 1499 2679 1567 μελείας
2718 1500 2869 1569 ,ὑπὲρ
2931 1498 3228 1569 ἀνθρώπων
3281 1495 3641 1566 ἀνεδεξάμην·
3706 1497 3769 1548 σὺ
3824 1494 4017 1561 ἔγνως,

2458 1590 2486 1639 ὁ
2520 1588 2667 1650 Θεὸς,
2691 1589 2810 1640 ἐπεὶ
2859 1588 2932 1659 μή
2975 1588 3361 1658 ἀπεκρύϐήσάν
3391 1604 3470 1641 σε.
3510 1587 3583 1639 Οὐ
3625 1584 3732 1655 γάρ
3763 1584 3885 1654 δίχα
3916 1583 4020 1652 τῆς

2461 1680 2557 1747 σῆς
2590 1679 2891 1749 βουλήσεως
2951 1682 3151 1743 ταύτας
3199 1678 3564 1747 ἀνεδεξάμην·
3608 1677 3689 1730 διὸ
3732 1676 3826 1728 καὶ
3862 1675 4019 1740 ἀξίας

2459 1768 2554 1837 τῆς
2583 1768 2779 1820 σαυτοῦ
2805 1768 3056 1836 γνώσεως
3079 1768 3245 1845 αῦτάς
3270 1769 3524 1837 ἐποιήσω.

2506 1896 2523 1926 ι
2536 1878 2625 1949 Μὴ
2641 1879 3051 1949 αἰσχυνθείησαν
3067 1879 3260 1948 ὲπἚμὲ
3282 1880 3331 1931 οἱ
3350 1878 3707 1948 ὑπομένοντες
3724 1894 3802 1941 σε,
3824 1877 4018 1949 Κύριε,

2394 1949 2435 2002 Β
2463 1967 2631 2039 Κύριε
2656 1970 2762 2023 τῶν
2793 1970 3088 2041 δυνάμεων.
3105 1990 3123 2022 ι
3144 1970 3359 2041 Ἐπειδὴ
3388 1970 3484 2041 τὴν
3512 1971 3646 2041 ἐμὴν
3675 1970 4020 2026 διδασκαλίαν

2462 2061 2509 2113 οἱ
2551 2062 2702 2129 σοφοὶ
2744 2062 2836 2113 τοῦ
2866 2062 3059 2124 αἰῶνος
3090 2061 3273 2116 τούτου
3313 2062 3701 2126 διαϐάλλουσιν,
3738 2063 4019 2117 ἐλαύνουσί

2460 2169 2517 2204 τε
2555 2152 2721 2222 αὐτὴν
2757 2153 2831 2215 ὡς
2869 2154 3069 2223 μεστὴν
3103 2154 3407 2225 ἀφροσύνης
3436 2155 3528 2211 καὶ
3574 2157 3779 2225 μωρίας
3806 2156 3892 2209 διὰ
3926 2158 4019 2210 τὸν

2461 2244 2817 2296 ἐπονείδιστον
2852 2244 3099 2313 σταυρὸν,
3127 2245 3385 2298 ἀντιϐολῶ
3416 2245 3508 2315 κα).
3539 2246 3745 2315 δέομαι,
3776 2247 3900 2309 τοὺς
3939 2250 4018 2310 είς

2460 2338 2558 2406 ἐμὲ
2588 2335 2935 2397 πιστεύοντας
2964 2308 3449 2403 ιέυλάττεσθαιύπὺ
3483 2308 3574 2387 σοῦ
3608 2308 4013 2405 ἀδιατρέπτους,

2460 2430 2533 2492 ὡς
2572 2430 2775 2499 μήποτε
2804 2426 3275 2498 καταιηυνθῆναι.
3306 2428 3395 2479 Διὸ
3432 2428 3493 2480 σὺ
3528 2427 3715 2491 αὐτὸς,
3748 2422 3793 2480 ὦ
3819 2429 4012 2498 Κύριε,

2460 2520 2629 2591 Κύριε
2671 2518 2777 2571 τῶν
2818 2517 3115 2588 δυνάμεων,
3166 2519 3287 2582 τοὺς
3337 2516 3768 2588 πολεμουμένους
3797 2516 3885 2571 διά
3917 2520 4015 2591 τήν

2462 2611 2558 2682 σὴν
2606 2610 2835 2679 γνῶσιν,
2887 2610 2953 2680 ἢν
3000 2610 3089 2662 ὑπ’
3140 2609 3271 2679 ἐμοῦ
3330 2609 3729 2681 παρειλήφασι,
3788 2611 4015 2664 πάντοτε

2460 2702 2823 2773 ὑπομένοντας
2850 2702 2918 2754 τά
2944 2701 3093 2754 δεινά
3122 2702 3213 2757 καὶ
3249 2702 3404 2774 μέχρι
3430 2702 3659 2757 θανάτου
3692 2703 4017 2775 καρτεροῦν-

2459 2811 2585 2856 τας,
2625 2793 2697 2864 μὴ
2731 2792 3123 2864 ὲγκαταλείπῃς
3148 2832 3163 2855 ,
3202 2793 3332 2864 μηδὲ
3374 2794 3769 2864 ὲντραπείησαν
3812 2794 4015 2866 θαρσή-

2463 2899 2649 2945 σαντες
2693 2884 2776 2933 ἐπ’
2805 2882 2958 2951 ἐμοὶ,
2999 2884 3049 2935 οί
3091 2882 3150 2934 σὲ
3192 2882 3281 2933 τὸν
3310 2880 3437 2934 Θεὸν
3470 2881 3560 2933 τοῦ
3598 2881 3811 2952 Ἰσραήλ
3855 2880 4016 2952 ἐκζη-

2458 2973 2693 3036 τοῦντες.
2714 2974 2774 3025 Εί
2800 2974 2906 3045 γάρ
2922 2974 3017 3026 καὶ⁸
3038 2972 3103 3026 τά
3138 2973 3365 3044 μάλιστα
3388 2968 3524 3042 ἦσάν
3543 2974 3671 3026 ποτε
3702 2974 4017 3041 ἀγνοοῦντες

2462 3082 2520 3117 σε
2559 3066 2645 3118 διά
2680 3066 2739 3119 τὸ
2770 3066 2986 3135 δαίμοσι
3026 3068 3281 3135 πονηροῖς
3314 3063 3692 3127 δεδουλῶσθαι,
3732 3065 3867 3118 ἀλλὰ
3897 3066 4012 3131 νῦν,

2462 3156 2767 3223 ἐπιγνόντες
2813 3172 2903 3217 σε,
2957 3155 3171 3207 πάντων
3217 3152 3312 3223 μὲν
3358 3150 3523 3221 λήθην
3571 3152 3923 3222 ἐποιήσαντο,
3957 3153 4017 3206 σε

810 3261 953 3309 rant.
982 3253 1343 3320 Quamobrem
1374 3251 1641 3321 supplicio
1674 3266 1743 3305 ne
1788 3251 2215 3313 confundantur,
2255 3266 2358 3305 neu

2394 3272 2429 3329 ε
2461 3246 2517 3297 δὲ
2579 3246 2732 3314 μόνον
2789 3243 3085 3297 διατελοῦσι
3141 3241 3445 3313 ζητοῦντες.
3514 3241 3603 3293 Διδ
3660 3243 3886 3295 ἱκετεύω
3943 3243 4015 3314 μή

754 3368 757 3371 η
815 3362 835 3394 ι
875 3343 1172 3412 ignominia
1220 3340 1542 3408 ameiantur;
1584 3360 1603 3391 ι
1651 3342 1737 3394 sic
1784 3342 1928 3395 enim
1975 3343 2361 3411 interpretatus

812 3428 1171 3502 Symmachus
1219 3438 1348 3485 est:
1387 3449 1404 3481 ι
1446 3430 1525 3485 Ne
1584 3428 1990 3484 confundantur
2039 3446 2201 3499 super
2253 3446 2359 3492 me.

778 3590 785 3591 ί
811 3523 904 3592 qui
939 3524 1256 3591 exspectant
1286 3530 1359 3589 te,
1389 3522 1614 3577 Domine
1638 3522 1782 3576 Deus
1809 3522 2093 3584 virtutum,
2124 3536 2191 3574 ne
2212 3522 2366 3589 igno-

802 3611 979 3665 minia
1025 3610 1331 3664 afﬁciantur
1376 3625 1539 3680 super
1578 3626 1665 3666 me
1696 3611 1791 3681 qui
1837 3621 2085 3679 quaerunt
2116 3618 2187 3673 te,
2224 3610 2365 3665 Deus

812 3701 999 3756 israel.
1044 3720 1062 3750 ι
1104 3698 1372 3755 Observes
1431 3716 1593 3770 porro
1666 3701 1942 3771 quomodo
1999 3700 2205 3755 dictum
2271 3700 2361 3761 sit,

784 3790 789 3796 ‘
820 3809 839 3841 ι
886 3788 1134 3850 Domine,
1166 3787 1388 3843 Domine
1426 3791 1721 3855 virtutum;
1758 3810 1776 3842 ι
1813 3790 1885 3844 ita
1930 3799 1988 3844 ut
2039 3804 2233 3843 nomen
2264 3788 2366 3841 Do-

816 3878 946 3931 mini
972 3877 1276 3945 repetitum,
1308 3884 1362 3931 et
1400 3877 1466 3931 ad
1496 3876 1665 3932 Deum
1703 3877 2081 3935 universorum
2137 3880 2364 3932 relatum

816 3968 905 4022 sit.
2109 3949 2112 3953 ’

887 4079 1055 4134 Vsus.
1084 4081 1137 4142 8,
1166 4079 1219 4133 9.
1256 4098 1274 4130 ι
1313 4079 1580 4145 Quoniam
1638 4089 1859 4151 prepter
1906 4084 1959 4135 te
2010 4080 2243 4135 sustinui
2271 4095 2369 4149 op-

814 4172 1121 4243 probrium,
1153 4173 1365 4241 operuit
1408 4172 1656 4225 c0nfusio
1714 4172 1903 4226 faciem
1953 4186 2150 4225 meam.
2194 4191 2212 4222 ι
2253 4170 2365 4225 Cm-

816 4262 941 4327 teri,
975 4263 1172 4331 inquit,
1208 4262 1457 4322 homines
1496 4262 1565 4313 ob
1609 4268 1826 4329 peccata
1876 4276 1974 4316 sua
2006 4262 2362 4330 correptioni-

816 4352 920 4424 bus
943 4362 995 4405 ct
1022 4352 1331 4422 opprobriis
1383 4352 1782 4419 subjiciuntur;
1809 4338 1907 4421 ego
1955 4367 2084 4405 vero
2108 4352 2199 4419 qui
2240 4366 2367 4419 pec-

818 4453 996 4497 catum
1034 4460 1141 4497 non
1174 4444 1319 4506 novi,
1354 4453 1576 4511 propter
1610 4451 1662 4497 te
1706 4443 1937 4497 sustinui
1992 4443 2363 4513 Opprobrium,

814 4534 943 4601 quia
974 4540 1030 4587 tu
1059 4534 1194 4602 ipse,
1223 4533 1365 4588 Deus
1420 4534 1698 4588 hominum
1748 4544 1974 4595 amator,
1999 4549 2099 4602 pro
2131 4533 2364 4586 humano

816 4612 1015 4698 genere
1045 4638 1131 4675 me
1165 4632 1443 4691 peccatum
1468 4622 1671 4688 fecisti;
1701 4634 1757 4677 ut
1788 4624 1879 4692 qui
1911 4623 2143 4676 credunt
2169 4623 2223 4676 in
2252 4638 2357 4687 me,

813 4709 1025 4783 justitia
1054 4709 1370 4767 efﬁciantur.
1402 4713 1514 4768 Imo
1551 4714 1712 4768 etiam
1744 4732 1762 4763 ι
1794 4721 2011 4782 propter
2042 4722 2091 4766 te
2129 4713 2361 4766 sustinui

816 4802 1185 4872 opprobrium,
1217 4821 1235 4853 ι
1266 4817 1387 4855 cum
1415 4819 1483 4857 ex
1518 4804 1795 4858 voluntate
1824 4812 1916 4857 tua
1937 4818 2020 4858 me
2040 4802 2107 4857 ad
2136 4802 2361 4855 nihilum

815 4893 1019 4961 redegi,
1069 4901 1123 4947 et
1177 4892 1245 4945 ad
1282 4900 1511 4947 mortem
1542 4908 1714 4963 usque
1754 4895 2018 4964 depressi,
2076 4910 2183 4964 quo
2230 4904 2365 4949 tem-

816 4990 1387 5054 pore‘praatereuntes
1438 4984 1908 5053 blasphemabant,
1964 4995 2242 5041 moventes
2273 5000 2364 5040 ca-

816 5075 926 5143 pita
962 5089 1058 5127 sua
1086 5082 1142 5129 et
1170 5074 1410 5131 dicentes
1440 5094 1453 5129 :
1490 5094 1508 5127 ι
1541 5074 1676 5139 Vah,
1704 5075 1797 5145 qui
1820 5073 2054 5130 destruis
2082 5076 2361 5145 templum,

818 5173 871 5221 et
921 5165 974 5217 in
1025 5165 1199 5219 tribus
1240 5166 1429 5221 diebus
1484 5168 1740 5230 aedificas,
1775 5167 1985 5221 salvum
2040 5167 2128 5222 fac
2175 5177 2362 5223 temet-

820 5256 1020 5325 ipsum.
1047 5255 1104 5308 Si
1143 5253 1311 5311 Filius
1337 5256 1429 5312 Dei
1458 5274 1539 5328 es,
1566 5258 1832 5314 descende
1855 5258 1921 5313 de
1949 5261 2133 5314 cruce.
2168 5259 2366 5314 Simili—
2398 5327 2405 5342 .

822 5351 902 5397 ter
924 5352 977 5398 et
1012 5345 1286 5413 principes
1325 5348 1665 5402 sacerdotum
1700 5348 1987 5403 illudentes
2018 5362 2139 5401 cum
2187 5363 2365 5404 sacer-

823 5434 1040 5489 dotibus
1086 5443 1138 5489 et
1162 5434 1371 5490 Scribis
1414 5444 1476 5491 et
1520 5435 1809 5494 Plisrisaeis
1846 5439 2099 5494 dicebant
2156 5454 2169 5489 :
2217 5440 2364 5493 Alios

826 5523 1005 5576 salvos
1061 5522 1209 5587 fecit,
1240 5525 1487 5594 seipsum'
1530 5542 1639 5581 non
1685 5536 1858 5596 potest
1909 5529 2118 5583 salvum
2167 5527 2363 5583 facere.

828 5611 886 5665 Si
938 5627 1034 5667 rex
1092 5616 1271 5669 lsrael.
1303 5625 1408 5679 est,
1443 5618 1737 5675 desCendat
1790 5635 1932 5675 nunc
1975 5620 2043 5675 de
2105 5634 2286 5680 cruce.
2312 5628 2366 5674 et
2400 5692 2403 5693 ν

768 5698 785 5786 ς
825 5702 1107 5758 credemus
1146 5705 1217 5758 ei.
1259 5702 1502 5774 speravit
1564 5711 1617 5771 in
1664 5709 1853 5775 Deum,
1890 5711 2083 5785 eripiat
2130 5726 2273 5777 eum,
2317 5711 2363 5765 si

822 5884 827 5888 .
900 5832 919 5878 τ
957 5832 1215 5910 Ιεαηιιιι,
1256 5836 1374 5897 4-6.

2464 3334 3143 3405 καταιηυνθῆναιαῦτοὺς,
3181 3334 3313 3405 μηδὲ
3347 3353 3365 3387 ι
3391 3332 3763 3403 ἀσχήμονῆσαι
3787 3350 3801 3364 ·
3832 3352 3851 3385 ι
3875 3332 4017 3392 οὕτω

2462 3428 2569 3497 γάρ
2593 3428 2928 3498 ἡρμήνευσεν
2956 3428 2983 3479 ὁ
3008 3425 3297 3496 Σύμμαχος
3317 3423 3482 3477 εἰπών
3498 3444 3510 3454 ·
3545 3444 3562 3473 ι
3586 3424 3676 3495 Μὴ
3697 3430 4017 3495 καταισχυν-

2464 3517 2681 3587 Οείησαν
2724 3516 2809 3568 ἐπ’
2858 3514 2979 3585 ἐμοὶ
3028 3514 3077 3565 oi
3121 3513 3522 3582 προσδοκῶντές
3566 3530 3658 3575 σε,
3705 3513 3877 3584 Κύριε
3914 3514 4016 3567 Θεὲ

2462 3607 2569 3659 τῶν
2605 3607 2882 3677 δυνάμεων
2905 3623 2917 3636 ’
2956 3605 3030 3676 μὴ
3055 3606 3489 3676 άσχημονήσαιεν
3528 3604 3613 3657 ἐπ’
3645 3604 3745 3661 ἐμὲ
3771 3608 3820 3659 οἱ
3854 3604 4017 3677 ἐκζη-

2464 3699 2676 3761 τοῦντές
2709 3696 2807 3760 ’σε,
2854 3697 2952 3749 Θεὲ
2990 3695 3083 3749 τοῦ
3123 3697 3355 3769 Ἰσραήλ.
3388 3713 3407 3747 ι
3451 3695 3745 3769 ’Ἑπίτήρει
3782 3697 3839 3750 δὲ
3869 3698 4016 3761 ὅπως

2466 3791 2675 3861 εἴρηται
2695 3789 2773 3851 τὸ,
2793 3807 2811 3839 ι
2836 3783 3025 3857 Κύριε,
3052 3785 3221 3856 Κύριε
3232 3786 3339 3839 τῶν
3353 3787 3650 3857 δυνάμεων,
3671 3805 3691 3839 ι
3716 3786 4019 3856 δευτεροῦν·

2466 3900 2553 3945 τος
2585 3881 2676 3934 τοῦ
2705 3880 2861 3947 λόγου
2905 3878 3001 3951 τὴν
3034 3880 3371 3951 κυριολογίαν
3391 3880 3485 3932 καὶ
3504 3876 3599 3930 ἐπὶ
3617 3876 3710 3929 τὸν
3742 3876 3849 3931 τῶν
3882 3878 4016 3962 ὂλῳν

2466 3972 2597 4025 Θεὸν
2621 3972 3047 4042 ἀναπέμποντος.

2543 4105 2560 4137 ι
2591 4087 2711 4138 Ὅτι
2742 4084 2902 4136 ἕνεκά
2939 4100 3031 4137 σου
3074 4082 3353 4159 ὑπήνεγκα
3394 4079 3713 4150 ὀνειδισμὸν,
3754 4079 4017 4149 ἐκάλυψεν

2465 4176 2711 4246 ἐντροπὴ·
2731 4175 2792 4227 τὸ
2825 4174 3111 4245 πρόσωπόν
3146 4178 3264 4244 μου.
3292 4192 3310 4224 ι
3374 4174 3437 4225 Ol
3481 4172 3576 4243 μὲν
3604 4172 3799 4236 λοιποὶ,
3832 4176 4013 4244 φησιν,
4050 4190 4055 4195 ‘

2466 4266 2731 4335 ἄνθρωποι
2770 4265 2835 4317 δι’
2869 4266 3072 4327 οἰκείας
3114 4265 3385 4336 ἁμαρτίας
3423 4263 3675 4334 ἐλέγχοις
3696 4264 3788 4319 καὶ
3824 4265 4013 4320 ὀνειδιο

2467 4358 2621 4425 σμοῖς
2662 4353 3079 4408 ὑποϐάλλονται·
3125 4355 3233 4422 ἐγὼ
3267 4354 3322 4407 δὲ
3362 4355 3389 4405 ὁ
3436 4354 3510 4424 μὴ
3545 4354 3704 4421 γνοὺς
3744 4354 4015 4425 ἁμαρτίαν

2464 4445 2627 4497 ἕνεκά
2654 4461 2744 4495 σου
2776 4444 3054 4513 ὑπήνεγκα
3076 4445 3401 4515 ὀνειδισμὸν·
3439 4444 3729 4515 ἐπειδήπερ
3765 4444 3828 4502 σὺ
3857 4444 4017 4509 αὐτὸς

2465 4536 2494 4587 ὁ
2516 4534 2887 4604 φιλάνθρωπος
2909 4533 3039 4596 Θεὸς
3072 4534 3210 4604 ὑπὲρ
3245 4535 3339 4596 τοῦ
3364 4535 3470 4588 τῶν
3500 4531 3796 4608 ἀνθρώπων
3825 4535 4015 4604 γένους

2466 4626 2734 4697 ἁμαρτίαν
2765 4642 2829 4695 με
2860 4625 3136 4695 ἐποίησας,
3178 4627 3323 4689 ὅπως
3355 4628 3405 4678 οἱ
3436 4627 3776 4689 πιστεύοντες
3805 4628 3891 4689 είς-
3914 4629 4013 4698 ἐμὲ
4046 4677 4055 4687 ,

2462 4719 2719 4785 γένωνται
2736 4715 3066 4784 δικαιοσύνη.
3085 4715 3241 4768 Ἀλλὰ
3267 4718 3359 4771 καὶ
3382 4736 3401 4768 ι
3422 4717 3583 4769 ἕνεκά
3612 4733 3703 4769 σου
3734 4717 4014 4786 ὑπήνεγκα

2467 4806 2793 4875 ὀνειδισμὸν,
2826 4824 2844 4856 ι
2882 4805 2968 4857 διά
2995 4804 3092 4875 τὴν
3116 4804 3213 4874 σὴν
3261 4804 3449 4875 βουλὴν
3491 4803 3735 4866 κενώσας
3782 4806 4014 4873 ἐμαυτὸν

2464 4898 2556 4950 καὶ
2608 4880 2767 4967 μέχρι
2817 4895 3043 4949 θανάτου
3110 4894 3475 4959 ταπεινώσας,
3526 4894 3655 4946 καθ’
3713 4896 3772 4947 ὃν
3827 4898 4012 4966 καιρὸν

2462 4989 2510 5039 οἱ
2571 4975 3071 5057 παραπορευόμενοι
3129 4984 3505 5054 ἐϐλασφήμουν
3586 4982 3858 5049 κινοῦντες
3916 4986 4014 5056 τὰς

2464 5078 2699 5146 κεφαλάς
2724 5076 2901 5131 αὐτῶν
2927 5076 3018 5129 καὶ
3044 5076 3287 5144 λέγοντες
3310 5092 3323 5104 ·
3371 5093 3389 5123 ι
3419 5072 3532 5126 Οὐὰ
3561 5078 3588 5128 ὁ
3620 5076 3900 5133 καταλύων
3922 5078 4013 5132 τὸν

2462 5171 2616 5231 ναὸν,
2664 5171 2758 5241 καὶ
2799 5170 2855 5221 ὲν
2906 5170 3080 5239 τρισὶν
3138 5166 3367 5237 ἡμέραις
3435 5168 3762 5237 οἰκοδομῶν,
3840 5170 4014 5226 σῶσον

2466 5263 2703 5317 σεαυτόν.
2755 5260 2967 5323 amb;
3015 5255 3066 5313 εἷ
3131 5256 3223 5310 τοῦ
3266 5256 3428 5324 Θεοῦ,
3471 5259 3734 5330 κατάϐηθι
3772 5261 3880 5314 ἀπὸ
3917 5260 4012 5320 τοῦ

2465 5352 2711 5423 σταυροῦ.
2760 5351 2985 5422 Ὁμοίως
3022 5350 3078 5403 δὲ
3117 5350 3210 5403 καὶ
3250 5351 3298 5403 οί
3347 5351 3617 5422 ἀρχιερεῖς
3659 5352 4012 5421 ἐμπαίζοντες

2466 5441 2603 5511 μετὰ
2652 5442 2760 5495 τῶν
2801 5442 2987 5513 ἱερέων
3022 5441 3116 5495 καὶ
3152 5440 3527 5511 Γραμματέων
3569 5440 3664 5494 καὶ
3706 5441 4012 5513 Φαρισαίων

2463 5532 2665 5601 ἔλεγον*
2691 5528 2917 5596 ’Δλλους
2956 5532 3175 5597 ἔσωσεν,
3221 5530 3409 5586 ἑαυτὸν
3451 5531 3511 5584 οὐ
3557 5531 3774 5585 δύναται
3813 5530 4009 5593 σῶσαι,

2464 5624 2527 5675 Εἰ
2575 5623 2821 5693 βασιλεὺς
2859 5622 3072 5693 Ἰσραήλ
3112 5624 3260 5688 ἔστι,
3312 5621 3599 5675 καταϐάτω
3636 5621 3729 5675 νῦν
3765 5619 3873 5674 άπδ
3916 5619 4009 5675 τοῦ

2467 5717 2717 5783 σταυροῦ,
2763 5714 2853 5769 καὶ
2896 5700 3252 5783 πιστεύσομεν
3296 5710 3462 5765 αὐτῶ.
3508 5709 3769 5764 nemo“
3796 5708 3889 5764 ἐπὶ
3917 5710 4010 5765 τὸν
