4300 6418
286 514 388 569 737

1390 502 1887 561 COMMENTABIA
1926 500 1993 554 IN
2028 500 2361 557 PSALMOS.

3366 503 3469 560 758

283 608 443 681 Θεὸνέ
478 625 727 698 ῥυσάσθω
781 624 963 686 αὑτὸν,
1012 622 1061 675 εί
1111 620 1253 674 θέλει
1301 620 1479 674 αὑτόν.
1521 616 1662 673 Eine
1704 618 1833 688 γὰρ,
1858 588 1886 680 Il

1935 617 2052 670 vult
2087 631 2233 671 eum.
2288 614 2641 679 Dixit'enim,
2675 615 2801 684 quia
2848 613 3020 671 Filius
3067 616 3159 671 Dei
3210 632 3325 671 sum
3366 616 3408 669 ⁸.
3451 638 3471 669 ι

283 718 363 771 ὅτι
401 715 533 770 Θεοῦ
560 716 686 779 Υἱός
726 717 859 785 εἱμι.
900 733 918 766 ι
958 713 1139 767 Ταῦτα
1181 712 1245 783 δὴ
1295 707 1387 764 οὖν
1432 709 1696 772 θεσπίζων
1740 710 1832 762 ἐπὶ

280 806 373 860 τοῦ
426 807 706 877 παρόντος,
758 805 950 876 φησίν·
1003 805 1168 871 ιὌτι
1213 802 1375 855 ἓνεκά
1419 819 1510 854 σου
1554 801 1833 870 ὑπήνεγκα

281 897 596 968 ὀνειδισμὸν,
634 895 898 964 ἐκάλυψεν
936 893 1168 965 ἐντροπὴ
1208 893 1269 946 τὸ
1308 892 1591 963 πρόσωπόν
1662 907 1781 961 μου.
1808 909 1825 941 ι

282 990 356 1042 Οὑ
399 990 507 1061 γὰρ
555 989 619 1042 δι’
670 988 941 1058 ἁμαρτίας
985 986 1142 1056 ἐμὰς,
1192 984 1311 1036 οὑδὲ
1354 982 1443 1036 διὰ
1488 982 1833 1052 παρανόμους

280 1081 538 1149 πράξεις,
572 1079 719 1142 ἀλλ’,
759 1096 777 1129 ι
812 1077 973 1130 ἕνεκά
1007 1093 1097 1128 σου
1137 1094 1155 1126 ι
1206 1076 1299 1127 καὶ
1336 1074 1427 1126 τὸν
1476 1061 1832 1143 προλεχθέντα
1871 1106 1877 1111 η

286 1191 305 1222 ι
343 1169 640 1240 ὀνειδισμὸν
673 1168 962 1238 ὑπέμεινα,
986 1167 1080 1219 καὶ
1106 1166 1166 1218 τὸ
1190 1164 1476 1235 πρόσωπόν
1511 1181 1609 1233 μου
1642 1162 1834 1215 ἐκάλυ-

278 1260 377 1329 ψεν
416 1260 646 1330 ὲντροπή
669 1276 682 1289 ·
710 1278 727 1309 ι
765 1258 822 1328 ἢ,
854 1247 992 1309 κατά
1033 1254 1123 1308 τὸν
1158 1253 1466 1327 Σύμμαχον,
1500 1270 1518 1302 ι
1544 1250 1832 1319 Ἐκάλυψεν

279 1352 650 1422 ἀσχημόνησις
672 1350 732 1403 τὸ
765 1349 1048 1419 πρόσωπον
1071 1345 1253 1400 αὑτοῦ.
1286 1366 1304 1396 ι
1337 1346 1443 1398 Καὶ
1458 1342 1627 1397 ταῦτα
1655 1343 1833 1408 πάντα

281 1442 563 1511 ὑπέμεινα,
600 1442 781 1511 φησὶν,
800 1438 971 1492 ἕνεκά
996 1455 1107 1501 σου,
1142 1436 1415 1489 τουτέστιν
1438 1435 1597 1487 ἕνεκα
1611 1434 1704 1486 τοῦ
1738 1432 1830 1486 σοῦ

280 1531 598 1601 θελήματος.
646 1530 803 1583 Ἀλλά
844 1529 937 1582 καὶ
982 1546 1009 1579 ι.
1029 1524 1531 1597 ἀπηλλοτριωμένος
1573 1522 1831 1593 ἐγενήθην

218 1655 222 1660 -
277 1625 388 1686 τοῖς
408 1622 649 1690 ἀδελφοῖς
689 1638 822 1693 μου,
854 1620 948 1673 καὶ
987 1618 1142 1685 ξένος
1178 1620 1287 1680 τοῖς
1317 1618 1447 1678 υἱοῖς
1490 1614 1589 1683 τῆς
1632 1612 1831 1683 μητρός

283 1730 403 1783 μου.
437 1731 469 1763 ι,
494 1711 597 1771 Δύο
626 1711 683 1763 δὲ
706 1712 957 1779 τάγματα
978 1704 1035 1763 ἓν
1059 1706 1265 1769 τούτοις
1285 1704 1625 1775 παρίστησιν⁸
1656 1701 1713 1753 ἓν
1736 1702 1830 1771 μὲν

279 1801 339 1855 τδ
359 1800 468 1854 τῶν
500 1798 708 1870 ἀληθῶς
740 1797 975 1865 ἀδελφῶν
1003 1794 1164 1849 αὑτοῦ
1185 1834 1199 1858 ,
1229 1789 1309 1859 οἷς
1347 1791 1573 1862 ἐγενήθη
1604 1788 1833 1859 ἀπηλλο-

277 1889 593 1961 τριωμένος·
628 1888 810 1959 ἕτερον
841 1881 897 1939 δὲ
917 1886 977 1938 τὺ
1004 1885 1111 1937 τῶν
1136 1883 1264 1936 υἱῶν
1284 1882 1384 1951 τῆς
1415 1880 1616 1951 μητρὸς
1645 1877 1829 1940 αὑτοῦ,
1872 1928 1877 1961 ᾧ

251 1952 339 2041 ,οὑ
509 1952 744 2049 ἀδελφῶν
788 1977 951 2032 αὑτοῦ
972 2015 986 2040 ,
1018 1971 1098 2038 οἷς
1125 1974 1352 2045 ἐγενήθη
1377 1972 1543 2039 ξένος.
1588 1972 1697 2024 Καὶ
1722 1968 1836 2041 μὴν
1868 1952 1908 2005 Β

280 2074 446 2145 ἐχρῆν
479 2074 624 2137 υἱοὺς
657 2070 857 2143 μητρὸς
889 2066 1071 2130 αὑτοῦ,
1104 2066 1260 2129 ὄντας
1302 2064 1581 2131 ἀδελφοὺς,
1617 2064 1710 2116 καὶ
1743 2063 1838 2117 αὐ-

276 2166 404 2227 τοὺς
439 2163 635 2234 ὁμοίως
673 2165 784 2225 τοῖς
825 2159 1105 2231 προτέροις
1138 2155 1510 2227 χρηματίζειν.
1569 2152 1703 2205 Ἀλλ’
1739 2153 1838 2204 οὐκ

278 2256 525 2325 ὠνόμασε
547 2255 672 2317 τοὺς
700 2252 843 2314 υἱοὺς
864 2251 961 2321 τῆς
1002 2248 1202 2319 μητρὸς
1225 2246 1501 2314 ἀδελφοὺς,
1529 2243 1601 2306 ὡς
1622 2241 1839 2313 ἐτέρους

277 2347 436 2411 ὄντας
457 2344 654 2416 δηλαδὴ
677 2342 828 2415 παρὰ
851 2342 911 2394 τὺ
935 2340 1144 2411 πρῶτον
1177 2338 1359 2407 τάγμα
1387 2334 1494 2387 τῶν
1522 2332 1839 2404 ὀνομασθέν-

276 2434 651 2505 τωνάδελφῶν
682 2432 872 2488 αὑτοῦ.
912 2432 988 2503 (1)
1020 2432 1113 2493 Et;
1139 2425 1229 2482 οὖν
1258 2427 1515 2496 ἀδελφοὺς
1547 2425 1643 2495 μὲν
1678 2421 1836 2493 αὑτοῦ

279 2528 623 2597 γεγεγονέναι
648 2527 771 2589 τοὺς
798 2523 958 2578 αὑτοῦ
989 2520 1251 2594 μαθητὰς,
1280 2520 1406 2589 περὶ
1416 2512 1487 2570 ὧν
1504 2518 1596 2571 καὶ
1610 2516 1841 2603 ἐνὲτέρᾳ

280 2617 459 2687 φησίν·
492 2634 510 2667 ι
550 2613 865 2681 Ἀπαγγελῶ
878 2612 939 2665 τὸ
962 2612 1132 2681 ὄνομά
1154 2627 1246 2663 σου
1280 2613 1391 2671 τοῖς
1430 2607 1672 2674 ἀδελφοῖς
1701 2620 1800 2673 μου
1821 2642 1835 2666 ,

279 2702 373 2763 καὶ
390 2712 449 2761 ὲν
475 2708 624 2778 μέσῳ
646 2706 975 2776 Ἑκκλησίας
992 2704 1217 2773 ὑμνήσω
1234 2717 1314 2753 σε.
1340 2719 1358 2749 ι
1378 2699 1487 2752 Καὶ
1507 2700 1563 2750 ὲν
1578 2696 1658 2766 τῷ
1670 2697 1840 2763 Εὐαγ-

278 2800 440 2870 γελίῳ
460 2801 526 2869 τῇ
550 2796 737 2867 Μαρίᾳ
775 2794 960 2864 φανεὶς
992 2792 1128 2863 μετά
1156 2792 1253 2861 τὴν
1286 2790 1350 2843 ὲκ
1382 2786 1587 2858 νεκρῶν
1609 2786 1838 2839 ἀνάστα-

278 2907 362 2944 σιν
387 2889 562 2957 ἐλεγε-
588 2907 606 2939 ι
630 2885 865 2956 Πορεύου
899 2883 1032 2955 πρὸς
1062 2882 1187 2944 τοὺς
1210 2877 1476 2947 ἀδελφούς
1508 2894 1628 2947 μου,
1652 2877 1744 2928 καὶ
1759 2871 1836 2927 εἱ-

278 2997 377 3036 πον
403 2981 601 3042 αὐτοῖς’
637 2958 933 3031 Ἀναϐαίνω
961 2974 1095 3045 πρὸς
1118 2973 1209 3025 τὸν
1236 2971 1451 3041 Πατέρα
1484 2986 1582 3038 μου
1611 2969 1703 3020 καὶ
1724 2968 1836 3019 Πά-

278 3073 410 3145 τέρα
444 3071 615 3143 ὑμῶν,
637 3072 731 3124 καὶ
754 3068 884 3122 Θεόν
904 3080 1003 3138 μου
1027 3066 1120 3119 καὶ
1135 3063 1266 3117 Θεὸν
1284 3061 1454 3133 ὑμῶν.
1470 3080 1487 3113 ι
1508 3060 1729 3122 Τούτοις
1747 3054 1837 3112 οὖν

276 3169 386 3228 τοῖς
419 3163 661 3232 ἀδελφοῖς
693 3160 855 3215 αὑτοῦ
891 3156 1389 3230 ἀπηλλοτριωμένος
1423 3151 1652 3222 ἐγενήθη
1698 3150 1841 3203 κατά

278 3258 468 3327 καιρὸν
488 3254 581 3308 τοῦ
607 3244 933 3325 δηλουμένου
956 3250 1177 3313 πάθους,
1202 3249 1289 3300 ὅτε
1314 3247 1510 3339 πάντες
1528 3246 1575 3296 οἱ
1604 3244 1837 3339 μαθηταὶ
1864 3283 1904 3339 C

277 3347 441 3401 αὐτοῦ
470 3346 696 3415 ἀφέντες
722 3344 881 3398 αὑτὸν
924 3343 1149 3412 ἔφευγον
1172 3379 1187 3405 ,
1215 3337 1377 3400 αὑτός
1399 3354 1457 3388 τε
1482 3339 1510 3388 ὁ
1542 3337 1833 3407 κορυφαῖος

276 3425 384 3492 τῶν
405 3438 713 3507 ἀποστόλων
740 3436 942 3507 Πέτρος
968 3436 1238 3505 ἠρνήσατο
1269 3429 1428 3484 αὑτὸν
1467 3430 1666 3501 τρίτον.
1705 3428 1837 3481 Τού-

276 3549 389 3595 τοις
409 3505 556 3597 {sv/0;
582 3530 673 3583 ιιαὶ¹
693 3505 1196 3598 ἀπηλλοτριωμένος
1213 3521 1463 3593 ἐγενήθη
1491 3523 1603 3605 τοῖς
1623 3519 1682 3572 δὲ
1704 3522 1837 3582 υἱοῖς

276 3620 378 3690 τῆς
408 3616 609 3689 μητρὸς
636 3615 818 3678 αὐτοῦ,
851 3616 911 3667 οὑ
947 3614 1051 3684 μὴν
1074 3612 1169 3665 καὶ
1200 3610 1443 3680 ἀδελφοῖς
1470 3604 1615 3662 οὖσιν
1652 3606 1833 3669 αὑτοῦ,

279 3712 426 3778 ξένος
452 3700 660 3779 γέγονε.
717 3707 1003 3777 Μέμνηται
1048 3705 1105 3758 δὲ
1140 3704 1201 3757 τὸ
1228 3701 1553 3771 Εὑαγγέλιον
1596 3698 1835 3768 ἀδελφῶν

278 3800 442 3856 αὐτοῦ
469 3801 571 3856 καὶ
596 3799 817 3871 μητρὸς,
836 3799 944 3862 ὅτε,
967 3796 1139 3850 ἐλθὼν
1159 3798 1236 3858 εἱς
1266 3795 1365 3864 τὴν
1394 3791 1625 3862 πατρίδα
1650 3788 1833 3854 αὐτοῦ,

280 3894 553 3946 ιδίδασκεν
587 3893 644 3945 ὲν
676 3894 747 3962 τῇ
777 3890 1084 3960 συναγωγῇ,
1116 3888 1189 3951 ὡς
1220 3883 1617 3956 ἐκπλήσσεσθαι
1642 3882 1837 3948 αὐτοὺς

278 3976 598 4053 καὶλέγειν·
637 4001 656 4034 ι
688 3981 855 4035 Πόθεν
887 3980 1061 4052 τούτῳ
1094 3981 1126 4050 ή
1159 3977 1317 4047 σοφία
1355 3976 1522 4045 αὖτη;
1552 3975 1662 4044 Οὐχ
1685 3968 1835 4035 οὗτός
1912 4042 1915 4043 ,

279 4075 426 4127 ἐστιν
448 4073 476 4124 ὁ
494 4070 588 4124 τοῦ
616 4069 860 4132 τέκτονος
884 4069 1025 4133 υίός;
1057 4068 1168 4136 υύχ
1187 4069 1225 4137 ἡ
1267 4067 1448 4136 μήτηρ
1474 4060 1637 4116 αὐτοῦ
1670 4061 1761 4113 καὶ
1785 4061 1841 4112 οἱ

278 4161 690 4232 ἀδελφοὶ-αὑτοῦ
720 4162 812 4213 καὶ
829 4162 885 4214 αἱ
914 4159 1134 4227 ἀδελφαὶ
1147 4154 1307 4209 αὑτοῦ
1336 4156 1502 4209 πᾶσαι
1533 4152 1667 4223 πρὸς
1691 4153 1835 4223 ήμᾶς

278 4256 413 4319 etot;
441 4254 609 4306 Πόθεν
645 4253 817 4324 τούτῳ
828 4251 996 4305 ταῦτα
1060 4251 1269 4312 πάντας
1297 4264 1316 4298 ι
1336 4245 1460 4298 Ἐὰν
1484 4244 1580 4314 μὲν
1604 4237 1694 4295 οὗν
1713 4242 1837 4304 τοὺς

279 4349 340 4399 ὲν
375 4344 454 4415 τῷ
497 4342 641 4415 μετά
666 4346 851 4414 χεῖρας
900 4338 1218 4411 λεγομένους
1260 4336 1407 4400 υἱοὺς
1444 4334 1644 4406 μητρὸς
1673 4333 1835 4386 αὑτοῦ

278 4435 499 4498 τούτους
534 4431 671 4487 εἶναι
706 4431 1048 4501 ὲκλάὁοιμεν,
1080 4427 1292 4499 ἀνάγκη
1315 4428 1412 4506 τήν
1439 4424 1595 4493 ἁγίαν
1628 4421 1836 4493 Παρθέ-

280 4546 369 4583 νον
401 4528 612 4599 μητέρα
631 4528 792 4595 φάναι
828 4522 1103 4593 γεγονέναι
1127 4520 1234 4573 τῶν
1259 4508 1460 4572 λοιπῶν
1482 4514 1720 4585 ἀδελφῶν
1738 4515 1836 4567 αὑ-

1933 706 2057 762 Htec
2104 722 2251 761 nunc
2306 707 2611 761 vaticinans
2661 706 2839 760 dicit:
2883 725 2903 758 ι
2944 705 3208 772 Quoniam
3261 715 3481 775 propter

1931 806 1985 853 te
2038 798 2275 852 sustinui
2315 798 2683 867 opprobrium,
2714 799 2926 867 operuit
2977 796 3225 850 confusio
3286 798 3478 855 faciem

1930 904 2125 943 meam.
2154 907 2173 940 ι
2203 887 2320 941 Non
2345 889 2487 942 enim
2523 888 2591 941 ob
2624 898 2837 957 peccata
2872 896 2925 942 et
2968 888 3211 957 improba
3240 885 3483 942 facinora

1931 994 2087 1043 mea;
2120 978 2213 1033 sed
2245 997 2264 1029 ι
2301 987 2519 1048 pr0pter
2548 984 2600 1032 te
2648 996 2668 1029 ›
2702 977 3015 1047 praedictum
3065 995 3083 1027 ι
3120 976 3480 1046 opprobrium

1930 1070 2186 1131 sustinui,
2206 1078 2259 1122 et
2294 1069 2509 1137 operuit
2537 1068 2786 1122 confusio
2812 1067 3002 1121 faciem
3032 1083 3205 1122 meam
3236 1085 3250 1133 ;
3284 1086 3303 1119 ι
3344 1070 3480 1129 sive,

1932 1159 2226 1214 secundum
2279 1157 2656 1229 Symmachum
2692 1177 2705 1213 :
2741 1176 2763 1211 ι
2799 1159 3021 1228 Operuit
3062 1158 3354 1228 ignominia
3396 1156 3486 1211 fa-

1931 1251 2069 1304 ciem
2095 1250 2235 1319 ejus.
2272 1270 2289 1302 ι
2328 1248 2393 1303 Et
2418 1249 2529 1306 haec
2556 1250 2759 1315 omnia,
2787 1250 2961 1319 inquit
2987 1289 3002 1310 ,
3033 1258 3252 1320 propter
3281 1260 3331 1304 te
3359 1264 3486 1318 pas—
3512 1284 3517 1289 ι

1932 1352 2025 1394 sus
2062 1355 2206 1405 sum,
2235 1340 2290 1394 id
2338 1347 2442 1405 est,
2486 1350 2704 1409 propter
2751 1342 3081 1394 voluntatem
3118 1350 3284 1396 tuam.
3338 1340 3481 1407 Quin
3582 1322 3589 1357 ί

1929 1432 2087 1485 etiam
2134 1452 2153 1484 ι
2209 1442 2498 1489 extraneus
2550 1432 2725 1487 factus
2771 1448 2889 1487 sum
2940 1432 3201 1486 fratribus
3233 1432 3390 1494 meis,
3430 1441 3486 1488 et

1930 1518 2246 1586 peregrinus
2290 1518 2417 1571 ﬁliis
2453 1519 2644 1574 matris
2692 1534 2843 1573 mese.
2891 1538 2909 1570 ι
2946 1518 3090 1573 Duos
3140 1521 3227 1574 hic
3269 1520 3488 1575 ordines

1930 1606 2237 1675 signiﬁcat;
2284 1606 2511 1661 alterum
2565 1622 2751 1660 eorum
2804 1608 2897 1675 qui
2951 1623 3076 1663 vere
3137 1608 3335 1663 fratres
3369 1610 3502 1680 ejus'

1930 1702 2102 1759 erant,
2137 1696 2334 1766 quibus
2356 1703 2648 1750 extraneus
2682 1694 2866 1750 factus
2883 1706 2999 1762 est;
3032 1698 3259 1752 alterum
3295 1714 3485 1754 eorum

1896 1822 1909 1833 .
1932 1786 2021 1853 qui
2052 1781 2146 1836 filii
2182 1782 2387 1837 .matris
2438 1783 2557 1852 ejus
2586 1792 2762 1850 erant,
2794 1783 2885 1839 sed
2934 1799 3041 1838 non
3097 1784 3296 1841 fratres
3343 1786 3493 1854 ejus,

1932 1877 2128 1946 quibus
2154 1876 2469 1946 peregrinus
2499 1875 2720 1932 effectus
2748 1884 2850 1932 est.
2902 1875 2968 1931 Et
3011 1885 3193 1933 tamen
3246 1882 3487 1949 oportuit

1939 1964 2077 2019 filios
2112 1964 2303 2020 matris
2328 1965 2468 2043 ejus,
2500 1980 2623 2033 cum
2660 1964 2854 2022 fratres
2886 1966 3006 2036 ejus
3032 1975 3236 2033 essent,
3260 1967 3488 2036 perinde

1936 2064 2096 2124 atque
2142 2055 2353 2134 priores
2388 2055 2709 2124 nuncupari
2768 2054 2982 2111 fratres.
3011 2055 3080 2113 At
3130 2054 3270 2110 filios
3300 2056 3490 2117 matris

1936 2146 2129 2200 fratres
2153 2159 2261 2203 non
2284 2145 2519 2207 vocavit,
2551 2154 2736 2214 utpote
2768 2146 2904 2200 alios
2925 2155 2980 2199 et
2999 2145 3242 2200 diversos
3276 2160 3305 2197 a
3338 2148 3487 2215 prio—

1937 2252 1995 2291 re
2019 2236 2210 2290 ordine
2239 2226 2441 2290 .eorum
2474 2236 2566 2305 qui
2612 2236 2810 2292 fratres
2838 2236 3015 2311 vocati
3066 2230 3211 2291 sunt.
3268 2234 3487 2291 Fratres

1936 2344 2065 2399 ergo
2093 2328 2235 2395 ejus.
2266 2327 2519 2397 discipuli
2556 2328 2921 2394 existimandi,
2947 2328 3013 2383 de
3033 2328 3228 2398 quibus
3254 2328 3378 2382 alibi
3406 2328 3489 2381 di-

1937 2421 2010 2475 cit
2043 2440 2055 2474 :
2092 2439 2110 2472 ι
2143 2419 2385 2489 Narrabo
2417 2435 2612 2481 nomen
2646 2429 2798 2474 tuum
2852 2420 3114 2477 fratribus
3169 2422 3324 2484 meis,
3354 2427 3407 2475 et
3432 2421 3487 2481 in

1938 2512 2112 2567 medio
2129 2512 2390 2566 Ecclesiae
2412 2512 2642 2567 laudabo
2665 2519 2717 2565 te
2740 2513 2783 2569 °.
2824 2530 2843 2564 ι
2878 2511 2943 2565 Ει
2973 2513 3025 2565 in
3055 2511 3343 2581 Evangelio
3370 2519 3488 2581 post

1936 2605 2387 2659 resurrectionem
2430 2619 2496 2658 ex
2541 2603 2791 2667 mortuis,
2830 2618 2953 2657 cum
2995 2601 3175 2657 Mariae
3209 2604 3357 2658 visus
3383 2612 3486 2664 est,
3530 2664 3533 2669 ι
3598 2610 3602 2617 ·

1936 2690 2147 2748 dicebat
2191 2712 2205 2747 :
2252 2712 2271 2744 ι
2305 2692 2453 2748 Vade
2493 2693 2560 2747 ad
2610 2692 2807 2748 fratres
2860 2708 3030 2756 meos,
3086 2693 3286 2749 et.dic
3333 2692 3485 2746 illis:

1935 2783 2183 2839 Ascendo
2202 2784 2269 2837 ad
2290 2783 2503 2837 Patrem
2522 2798 2700 2837 meum
2731 2794 2783 2836 et
2807 2781 3017 2837 Patrem
3035 2791 3296 2846 vestrum,
3321 2781 3487 2837 Deum

1934 2891 2113 2933 meum
2146 2884 2200 2930 et
2231 2874 2399 2931 Deum
2429 2882 2669 2929 vestrum
2695 2874 2759 2927 ιθ.
2797 2880 2825 2926 ι
2852 2873 2947 2927 [lis
2986 2875 3169 2942 itaque
3227 2874 3486 2928 fratribus

1936 2968 2358 3023 suisextraneus
2388 2966 2565 3021 factus
2594 2974 2678 3021 est
2712 2973 2951 3035 tempore
2973 2964 3241 3035 pradictze
3275 2966 3486 3035 passio-

1936 3060 2039 3120 nis,
2075 3058 2293 3128 quando
2330 3072 2519 3112 omnes
2560 3056 2815 3127 discipuli
2840 3056 2958 3125 ejus
2991 3055 3179 3110 relicto
3216 3071 3280 3110 eo
3316 3056 3487 3125 fugie-

1937 3150 2085 3212 bant,
2116 3150 2336 3219 ipseque
2388 3149 2693 3223 prtecipuus
2751 3148 3119 3217 apostolorum
3174 3146 3368 3202 Petrus
3406 3156 3487 3202 ter

1938 3243 2151 3311 negavit
2177 3224 2321 3295 eum.
2353 3238 2450 3295 His
2499 3240 2817 3312 peregrinus
2865 3247 2919 3293 et
2946 3248 3237 3294 extraneus
3265 3238 3493 3292 effectus.

1937 3339 2038 3391 est.
2077 3331 2238 3410 Filiis.
2281 3333 2408 3385 item
2467 3331 2659 3385 matris
2689 3346 2821 3393 suae,
2850 3331 2941 3400 qui
2990 3330 3185 3385 fratres
3240 3331 3324 3384 sui
3376 3344 3486 3384 non

1935 3427 2111 3486 erant,
2142 3420 2455 3491 peregrinus
2502 3417 2627 3473 fuit.
2674 3418 2916 3472 Meminit
2945 3432 3106 3487 porro
3139 3417 3480 3487 Evangelium

1937 3510 2164 3565 fratrum
2216 3517 2270 3564 et
2316 3508 2505 3562 matris
2538 3507 2677 3577 ejus,
2706 3507 2798 3561 ubi
2849 3521 2971 3560 cum
3007 3508 3247 3559 venisset
3292 3508 3345 3559 in
3391 3520 3487 3574 pa-

1935 3601 2089 3654 triam
2116 3614 2298 3663 suam,
2330 3598 2562 3653 docebat
2606 3598 2661 3651 in
2718 3610 3008 3667 synagoga,
3041 3596 3111 3648 ita
3148 3588 3207 3648 ut
3237 3596 3337 3665 ipsi
3370 3603 3487 3649 stu-

1934 3697 2120 3759 perent
2153 3704 2216 3743 ac
2242 3689 2529 3743 dicerent:
2577 3707 2595 3740 ι
2633 3686 2786 3742 Unde
2840 3686 2965 3739 huic
3013 3685 3276 3754 sapientia
3324 3684 3489 3739 haec!

1932 3778 2122 3833 Nonne
2148 3778 2237 3832 hic
2259 3787 2345 3832 est
2369 3777 2505 3831 fabri
2539 3777 2716 3848 filius?
2744 3774 2933 3830 Nonne
2960 3764 3131 3828 mater
3152 3772 3269 3841 ejus
3295 3785 3347 3843 et
3372 3765 3487 3828 ira.
3513 3809 3516 3812 ~

1934 3875 2045 3921 tres
2066 3867 2207 3934 ejus,
2241 3873 2295 3919 et
2322 3856 2539 3921 sorores
2589 3867 2709 3935 ejus
2750 3878 2939 3919 omnes
2980 3862 3121 3931 apud
3169 3878 3269 3917 nos
3318 3856 3487 3927 sunt?

1934 3962 2087 4018 Unde
2123 3961 2251 4015 huic
2300 3961 2415 4014 haec
2450 3961 2631 4014 omnia
2664 3960 2743 4013 “?
2777 3980 2795 4011 ι
2824 3948 2881 4013 Si
2910 3959 3074 4028 igitur
3122 3958 3264 4013 filios
3296 3960 3487 4013 matris

1932 4054 2052 4124 ejus
2081 4053 2138 4108 in
2180 4054 2283 4130 hoc
2336 4053 2544 4125 psalmo
2574 4052 2654 4106 sic
2686 4059 2932 4113 vocatos,
2964 4064 3067 4130 pro
3098 4050 3217 4106 istis
3250 4050 3484 4120 accipia-

1934 4161 2076 4213 mus,
2110 4126 2333 4201 necesse
2360 4151 2444 4199 est
2487 4158 2587 4205 nos
2635 4150 2877 4197 sanctam
2914 4126 3206 4211 Virginem,
3246 4143 3486 4211 reliquo-

1932 4252 2053 4291 rum
2094 4238 2324 4291 fratrum
2365 4235 2481 4305 ejus
2515 4243 2739 4289 matrem
2788 4235 2988 4290 dicere.
3023 4232 3218 4287 Verum
3248 4231 3490 4289 Jacobus

1894 4333 2025 4400 Aqui
2066 4330 2264 4384 dicitur
2322 4328 2488 4382 frater
2518 4326 2751 4388 Domini,
2782 4341 2887 4379 non
2922 4326 3135 4379 videtur
3168 4325 3485 4393 peregrinus

1934 4424 2034 4493 ipsi
2064 4422 2251 4487 fuisse,
2282 4402 2537 4475 nec-fidei
2565 4419 2618 4471 in
2658 4418 2833 4487 ipsum
2864 4425 3188 4478 extraneus;
3210 4414 3321 4467 imo
3352 4428 3484 4467 vero

1935 4528 2075 4566 unus
2106 4526 2171 4565 ex
2221 4510 2289 4564 iis
2345 4508 2437 4578 qui
2468 4521 2593 4577 cum
2649 4506 2836 4573 primis
2884 4503 3026 4555 inter
3051 4515 3336 4571 germanos
3362 4501 3515 4568 ejus

278 4589 414 4674 τοῦ..
603 4589 940 4687 ἐπιφαίνεται
974 4612 1223 4673 Ἰάκωϐος
1257 4612 1285 4663 ὁ
1309 4607 1645 4680 χρηματίσας
1667 4604 1830 4658 αὑτοῦ
1864 4615 1886 4669 [

1934 4601 2227 4670 discipulos
2256 4605 2447 4670 erant;
2482 4596 2554 4649 ita
2580 4601 2636 4651 ut
2666 4595 2786 4661 ipse
2806 4591 3011 4661 primus
3042 4589 3484 4659 Hierosolymita-

252 4762 253 4765 η
278 4709 505 4779 ἀδελφὸς
529 4703 1054 4774 οὑκιάπεξενωμένος
1068 4699 1237 4753 αὑτοῦ·
1252 4698 1508 4767 γεγονὼς,
1535 4696 1653 4749 οὐδὲ
1681 4695 1833 4748 ἀλλό-
1854 4760 1875 4781 ⁸

244 4806 247 4807 ⁷
277 4818 428 4873 τριος
458 4801 558 4871 τῆς
585 4803 664 4864 εἱς
690 4799 849 4853 αὑτὸν
875 4797 1127 4856 πίστεως,
1153 4786 1231 4854 εἷς
1260 4790 1316 4842 δὲ
1340 4788 1445 4842 τῶν
1479 4788 1681 4859 σφόδρα
1698 4804 1831 4857 γνη-

281 4893 412 4946 σίων
447 4892 611 4946 αὐτοῦ
643 4890 915 4963 μαθητῶν⁹
947 4888 1020 4950 ὼς
1050 4884 1254 4940 καὶτὸν
1280 4880 1464 4953 θρόνον
1480 4878 1833 4942 ἀναδέξασθαι

280 4982 497 5054 πρῶτον
518 4985 617 5054 τῆς
640 4985 697 5037 ἐν
729 4981 1114 5054 Ἰεροσολύμοις
1150 4973 1490 5043 Ἐκιιλησίας.
1525 4971 1633 5024 Καὶ
1653 4972 1701 5022 οἱ
1732 4969 1838 5022 λοιρ

281 5078 371 5130 ποὶ
396 5077 453 5131 δὲ
479 5076 641 5131 αὐτοῦ
673 5076 918 5146 ἀδελφοὶ,
955 5077 1003 5128 εἰ
1034 5072 1132 5127 καὶ
1157 5068 1227 5126 τὰ
1254 5068 1481 5141 μάλιστα
1513 5062 1631 5117 κατ’
1662 5062 1833 5133 ἀρχὰς

279 5170 379 5223 οὐκ
405 5150 685 5222 ἐπίστευον
714 5170 793 5232 εἱς
825 5168 1005 5232 αὐτὸν,
1032 5163 1167 5220 ἀλλά
1197 5160 1333 5234 μετὰ
1360 5158 1530 5212 ταῦτα
1559 5154 1706 5224 δῆλοί
1726 5157 1835 5206 εἰσι

283 5259 685 5321 πιστεύσαντες.
720 5256 942 5327 Ἱστορεῖ
962 5257 1004 5309 δ’
1035 5252 1125 5311 οὖν
1156 5254 1216 5307 τὸ
1250 5249 1591 5318 Εὐαγγέλιον,
1624 5245 1698 5308 ὡς
1727 5245 1833 5316 ἀρα

280 5352 313 5423 ἡ
347 5353 524 5423 μήτηρ
549 5346 719 5403 αὐτοῦ
742 5350 836 5402 καὶ
855 5350 904 5401 οἱ
931 5348 1146 5417 ἀδελφοὶ
1170 5344 1332 5401 αὑτοῦ
1365 5340 1703 5409 εἱστήκεισαν
1730 5336 1834 5401 ἔξω

282 5440 567 5513 ζητοῦντες
592 5437 817 5510 λαλῆσαι
838 5437 1005 5508 αὐτῷ.
1031 5437 1139 5490 Καὶ
1165 5438 1221 5488 ὲν
1247 5436 1365 5494 ταῖς
1392 5429 1625 5519 Πράξεσι
1645 5427 1701 5480 δὲ
1722 5424 1828 5519 τῶν

228 5566 231 5567 ν
282 5530 589 5588 ἀποστόλων
610 5518 875 5591 λέλεκται,
907 5526 981 5591 ὡς
1011 5527 1118 5597 ἀρα
1134 5520 1272 5595 ἦσαν
1297 5522 1345 5575 οἱ
1374 5517 1654 5572 ἀπόστολοι
1678 5518 1827 5586 κοινῇ

284 5623 479 5685 πάντες
506 5616 1031 5693 προσκαρτεροῦντες
1060 5617 1127 5686 τῇ
1160 5610 1429 5685 προσευχῇ
1472 5607 1566 5659 σὺν
1601 5604 1831 5676 Μαριὰμ

1932 4710 2014 4748 me
2042 4690 2295 4745 Ecclesiae
2323 4689 2576 4740 thronum
2626 4682 2914 4750 acciperet.
2953 4678 3183 4751 lieliqni
3206 4679 3331 4733 item
3362 4679 3489 4748 ejus

1931 4785 2147 4843 fratres,
2177 4779 2279 4834 etsi
2315 4792 2343 4830 a
2367 4773 2635 4844 principio
2668 4787 2775 4826 non
2799 4770 3083 4827 crederent
3117 4772 3172 4824 in
3197 4771 3397 4840 ipsum,
3424 4762 3483 4850 at

1931 4883 2135 4931 certum
2185 4877 2267 4925 est
2314 4883 2409 4922 eos
2467 4877 2654 4937 postea
2707 4864 3020 4933 credidisse.
3076 4863 3272 4917 Narrat
3335 4861 3481 4917 enim

1932 4963 2273 5035 Evangelium
2304 4961 2368 5025 “,
2394 4969 2620 5013 matrem
2668 4965 2722 5011 et
2768 4956 2966 5012 fratres
2997 4955 3117 5025 ejus
3166 4954 3311 5008 foras
3352 4960 3479 5008 ste-

1934 5060 2067 5114 tisse
2088 5034 2402 5125 rquzerentes
2424 5066 2547 5106 eum
2579 5050 2797 5120 alloqui.
2833 5046 2901 5102 Et
2931 5048 2985 5103 in
3018 5047 3242 5101 Actibus
3268 5034 3483 5113 apesto-

1937 5151 2109 5204 lorum
2145 5145 2187 5177 “
2209 5142 2429 5207 dicitur,
2480 5140 2648 5195 fuisse
2675 5140 2949 5210 apostolos
2984 5153 3091 5191 una
3131 5146 3483 5208 perseveran-

1936 5248 2018 5295 tes
2046 5238 2102 5291 in
2129 5233 2376 5290 oratione
2398 5247 2519 5292 eum
2555 5230 2725 5284 Maria
2751 5223 2923 5292 matre
2946 5230 3064 5299 ejus
3108 5232 3162 5280 et
3217 5222 3479 5275 frairibus

1938 5333 2075 5403 ejus.
2126 5327 2229 5394 Qui
2280 5340 2408 5396 ergo
2444 5323 2784 5379 existimetur
2836 5323 2904 5377 iis
2953 5317 3268 5392 peregrinus
3319 5314 3482 5369 esse?

1932 5420 2122 5475 Nullus
2167 5419 2349 5485 itaque
2395 5413 2549 5467 locus
2586 5420 2857 5481 superest
2890 5418 2949 5463 ut
2980 5408 3047 5463 de
3096 5406 3165 5460 iis
3214 5405 3426 5461 dicatur
3457 5420 3476 5456 ι

1939 5530 1959 5563 ι
1994 5510 2294 5564 Ειιτιιιιειιιι
2319 5504 2495 5559 factus
2526 5516 2645 5557 sum
2676 5501 2936 5557 fratribus
2957 5498 3112 5561 meis,
3145 5502 3199 5550 et
3236 5490 3476 5564 peregri-

1936 5619 2037 5657 nus
2069 5600 2193 5654 filiis
2225 5597 2415 5652 matris
2453 5608 2607 5649 mea.
2630 5610 2671 5661 ‘r
2702 5593 2820 5649 Non
2861 5590 3006 5647 enim
3038 5590 3105 5645 iis
3138 5584 3479 5667 peregrinus,

352 5736 375 5768 '
413 5690 602 5788 Matth.
642 5730 1036 5809 xxvtl_,_40-43.
1112 5729 1133 5762 '
1168 5724 1313 5782 Psal.
1355 5737 1469 5786 nl,
1509 5720 1599 5774 23.
1679 5718 1719 5749 ¹⁹
1757 5715 1914 5809 Joan'.
1958 5731 2048 5779 xx,
2089 5713 2175 5767 l7.
2264 5690 2303 5743 ’ί
2347 5707 2530 5764 Matth.
2584 5720 2706 5773 xm,
2764 5703 2947 5762 54-56.
3062 5704 3105 5735 η
3145 5695 3331 5754 Matth.
3372 5709 3475 5764 ω,

287 5805 373 5859 Π.
452 5804 496 5837 ¹³
537 5805 658 5857 Act.
698 5816 736 5865 ι,
768 5799 866 5856 14.

358 5897 433 5968 (1)
466 5896 666 5952 Tutus
691 5892 929 5946 vitiatus.
