  <div class='ocr_page' id='page_1' title='image "/cluster/home/n/w/nwhite01/storage/ocr_20150623/23/coo.31924054873041/385.png"; bbox 0 0 4300 6430; ppageno 0'>
   <div class='ocr_carea' id='block_1_1' title="bbox 818 530 922 586">
    <p class='ocr_par' dir='ltr' id='par_1_1' title="bbox 818 530 922 586">
     <span class='ocr_line' id='line_1_1' title="bbox 818 530 922 586; baseline -0.019 0"><span class='ocrx_word' id='word_1_1' title='bbox 818 530 922 586; x_wconf 79' lang='grc'><strong>739</strong></span> 
     </span>
    </p>
   </div>
   <div class='ocr_carea' id='block_1_2' title="bbox 1509 514 3348 591">
    <p class='ocr_par' dir='ltr' id='par_1_2' title="bbox 1509 514 3348 591">
     <span class='ocr_line' id='line_1_2' title="bbox 1509 514 3348 591; baseline 0.004 -10"><span class='ocrx_word' id='word_1_2' title='bbox 1509 522 1775 583; x_wconf 80' lang='lat' dir='ltr'><strong>EUSEB&quot;</strong></span> <span class='ocrx_word' id='word_1_3' title='bbox 1812 514 2286 584; x_wconf 64' lang='lat' dir='ltr'><strong>CESARIENSIS</strong></span> <span class='ocrx_word' id='word_1_4' title='bbox 2324 530 2481 585; x_wconf 67' lang='lat' dir='ltr'><strong>OPP.</strong></span> <span class='ocrx_word' id='word_1_5' title='bbox 2516 531 2693 588; x_wconf 79' lang='lat' dir='ltr'><strong>PARS</strong></span> <span class='ocrx_word' id='word_1_6' title='bbox 2723 532 2805 588; x_wconf 88' lang='lat' dir='ltr'><strong>lll.</strong></span> <span class='ocrx_word' id='word_1_7' title='bbox 2832 566 2900 575; x_wconf 94' lang='lat'><strong><em>—</em></strong></span> <span class='ocrx_word' id='word_1_8' title='bbox 2939 534 3348 591; x_wconf 78' lang='lat' dir='ltr'><strong>EXEGETICA.</strong></span> 
     </span>
    </p>
   </div>
   <div class='ocr_carea' id='block_1_3' title="bbox 3956 531 4062 590">
    <p class='ocr_par' dir='ltr' id='par_1_3' title="bbox 3956 531 4062 590">
     <span class='ocr_line' id='line_1_3' title="bbox 3956 531 4062 590; baseline 0.009 -1"><span class='ocrx_word' id='word_1_9' title='bbox 3956 531 4062 590; x_wconf 70' lang='grc' dir='ltr'><strong>πθ</strong></span> 
     </span>
    </p>
   </div>
   <div class='ocr_carea' id='block_1_4' title="bbox 817 638 2368 725">
    <p class='ocr_par' dir='ltr' id='par_1_4' title="bbox 817 642 2368 712">
     <span class='ocr_line' id='line_1_4' title="bbox 817 642 2368 712; baseline 0.003 -14"><span class='ocrx_word' id='word_1_10' title='bbox 817 643 914 698; x_wconf 85' lang='lat' dir='ltr'><strong>sed</strong></span> <span class='ocrx_word' id='word_1_11' title='bbox 944 642 1170 698; x_wconf 87' lang='lat' dir='ltr'><strong>multum</strong></span> <span class='ocrx_word' id='word_1_12' title='bbox 1204 643 1474 712; x_wconf 75' lang='lat' dir='ltr'><strong>pretiosits</strong></span> <span class='ocrx_word' id='word_1_13' title='bbox 1498 652 1635 705; x_wconf 87' lang='lat' dir='ltr'><strong>erat,</strong></span> <span class='ocrx_word' id='word_1_14' title='bbox 1664 645 1737 697; x_wconf 91' lang='lat' dir='ltr'><strong>ita</strong></span> <span class='ocrx_word' id='word_1_15' title='bbox 1774 652 1831 697; x_wconf 92' lang='lat' dir='ltr'><strong>ut</strong></span> <span class='ocrx_word' id='word_1_16' title='bbox 1856 645 2168 702; x_wconf 72' lang='lat' dir='ltr'><strong>nullatenus</strong></span> <span class='ocrx_word' id='word_1_17' title='bbox 2197 647 2368 703; x_wconf 23' lang='lat' dir='ltr'><strong>credet</strong></span> 
     </span>
    </p>
   </div>
   <div class='ocr_carea' id='block_1_5' title="bbox 2394 638 4061 725">
    <p class='ocr_par' dir='ltr' id='par_1_5' title="bbox 2414 638 4061 725">
     <span class='ocr_line' id='line_1_5' title="bbox 2414 638 4061 725; baseline 0 -21"><span class='ocrx_word' id='word_1_18' title='bbox 2414 662 2461 716; x_wconf 80' lang='grc' dir='ltr'>Α</span> <span class='ocrx_word' id='word_1_19' title='bbox 2487 656 2553 725; x_wconf 80' lang='grc' dir='ltr'>τῇ</span> <span class='ocrx_word' id='word_1_20' title='bbox 2588 654 2753 724; x_wconf 81' lang='grc' dir='ltr'>μητρὶ</span> <span class='ocrx_word' id='word_1_21' title='bbox 2781 651 2943 705; x_wconf 82' lang='grc' dir='ltr'>αὑτοῦ</span> <span class='ocrx_word' id='word_1_22' title='bbox 2969 654 3061 706; x_wconf 70' lang='grc' dir='ltr'><strong>καὶ</strong></span> <span class='ocrx_word' id='word_1_23' title='bbox 3083 638 3194 717; x_wconf 84' lang='grc' dir='ltr'>τοῖς</span> <span class='ocrx_word' id='word_1_24' title='bbox 3223 652 3468 722; x_wconf 78' lang='grc' dir='ltr'><strong>ἀδελφοῖς</strong></span> <span class='ocrx_word' id='word_1_25' title='bbox 3495 651 3678 706; x_wconf 78' lang='grc' dir='ltr'>αὐτοῦ.</span> <span class='ocrx_word' id='word_1_26' title='bbox 3715 651 3836 716; x_wconf 85' lang='grc' dir='ltr'>Πῶς</span> <span class='ocrx_word' id='word_1_27' title='bbox 3856 648 3950 707; x_wconf 81' lang='grc' dir='ltr'>οὖν</span> <span class='ocrx_word' id='word_1_28' title='bbox 3974 652 4061 705; x_wconf 78' lang='grc' dir='ltr'>δύο</span> 
     </span>
    </p>
   </div>
   <div class='ocr_carea' id='block_1_6' title="bbox 816 735 2381 805">
    <p class='ocr_par' dir='ltr' id='par_1_6' title="bbox 816 735 2381 805">
     <span class='ocr_line' id='line_1_6' title="bbox 816 735 2381 805; baseline 0.006 -17"><span class='ocrx_word' id='word_1_29' title='bbox 816 752 876 790; x_wconf 84' lang='lat' dir='ltr'><strong>re.</strong></span> <span class='ocrx_word' id='word_1_30' title='bbox 907 735 1065 789; x_wconf 91' lang='lat' dir='ltr'><strong>liceat</strong></span> <span class='ocrx_word' id='word_1_31' title='bbox 1087 744 1415 789; x_wconf 88' lang='lat' dir='ltr'><strong>memoratos</strong></span> <span class='ocrx_word' id='word_1_32' title='bbox 1450 735 1649 790; x_wconf 77' lang='lat' dir='ltr'><strong>fratres</strong></span> <span class='ocrx_word' id='word_1_33' title='bbox 1670 737 1792 805; x_wconf 85' lang='lat' dir='ltr'><strong>ejus</strong></span> <span class='ocrx_word' id='word_1_34' title='bbox 1822 735 1963 793; x_wconf 84' lang='lat' dir='ltr'><strong>ﬁlios</strong></span> <span class='ocrx_word' id='word_1_35' title='bbox 1988 738 2168 793; x_wconf 68' lang='lat' dir='ltr'><strong>Mariae</strong></span> <span class='ocrx_word' id='word_1_36' title='bbox 2192 739 2381 797; x_wconf 83' lang='lat' dir='ltr'><strong>fuisse.</strong></span> 
     </span>
    </p>
   </div>
   <div class='ocr_carea' id='block_1_7' title="bbox 813 826 2387 901">
    <p class='ocr_par' dir='ltr' id='par_1_7' title="bbox 813 826 2387 901">
     <span class='ocr_line' id='line_1_7' title="bbox 813 826 2387 901; baseline 0.005 -22"><span class='ocrx_word' id='word_1_37' title='bbox 813 827 919 880; x_wconf 78' lang='lat' dir='ltr'><strong>Alii</strong></span> <span class='ocrx_word' id='word_1_38' title='bbox 956 841 1089 882; x_wconf 84' lang='lat' dir='ltr'><strong>sane</strong></span> <span class='ocrx_word' id='word_1_39' title='bbox 1118 826 1323 882; x_wconf 78' lang='lat' dir='ltr'><strong>fuerint</strong></span> <span class='ocrx_word' id='word_1_40' title='bbox 1350 830 1442 899; x_wconf 86' lang='lat' dir='ltr'><strong>qui</strong></span> <span class='ocrx_word' id='word_1_41' title='bbox 1477 830 1533 882; x_wconf 88' lang='lat' dir='ltr'><strong>in</strong></span> <span class='ocrx_word' id='word_1_42' title='bbox 1568 831 1779 899; x_wconf 84' lang='lat' dir='ltr'><strong>psalmo</strong></span> <span class='ocrx_word' id='word_1_43' title='bbox 1813 829 1906 882; x_wconf 83' lang='lat' dir='ltr'><strong>ﬁlii</strong></span> <span class='ocrx_word' id='word_1_44' title='bbox 1947 832 2136 885; x_wconf 86' lang='lat' dir='ltr'><strong>matris</strong></span> <span class='ocrx_word' id='word_1_45' title='bbox 2158 830 2277 901; x_wconf 86' lang='lat' dir='ltr'><strong>ejus</strong></span> <span class='ocrx_word' id='word_1_46' title='bbox 2305 833 2387 887; x_wconf 91' lang='lat' dir='ltr'><strong>di-</strong></span> 
     </span>
    </p>
   </div>
   <div class='ocr_carea' id='block_1_8' title="bbox 812 918 2386 991">
    <p class='ocr_par' dir='ltr' id='par_1_8' title="bbox 812 918 2386 991">
     <span class='ocr_line' id='line_1_8' title="bbox 812 918 2386 991; baseline 0.004 -20"><span class='ocrx_word' id='word_1_47' title='bbox 812 925 1033 982; x_wconf 90' lang='lat' dir='ltr'><strong>cuntur,</strong></span> <span class='ocrx_word' id='word_1_48' title='bbox 1075 919 1387 989; x_wconf 85' lang='lat' dir='ltr'><strong>quibusque</strong></span> <span class='ocrx_word' id='word_1_49' title='bbox 1427 929 1723 975; x_wconf 76' lang='lat' dir='ltr'><strong>extraneas</strong></span> <span class='ocrx_word' id='word_1_50' title='bbox 1764 920 1943 975; x_wconf 84' lang='lat' dir='ltr'><strong>factus</strong></span> <span class='ocrx_word' id='word_1_51' title='bbox 1974 926 2076 974; x_wconf 91' lang='lat' dir='ltr'><strong>est.</strong></span> <span class='ocrx_word' id='word_1_52' title='bbox 2111 918 2386 991; x_wconf 84' lang='lat' dir='ltr'><strong>lntelligas</strong></span> 
     </span>
    </p>
   </div>
   <div class='ocr_carea' id='block_1_9' title="bbox 813 1011 2386 1085">
    <p class='ocr_par' dir='ltr' id='par_1_9' title="bbox 813 1011 2386 1085">
     <span class='ocr_line' id='line_1_9' title="bbox 813 1011 2386 1085; baseline 0.003 -22"><span class='ocrx_word' id='word_1_53' title='bbox 813 1024 976 1078; x_wconf 90' lang='lat' dir='ltr'><strong>porro</strong></span> <span class='ocrx_word' id='word_1_54' title='bbox 998 1018 1227 1066; x_wconf 86' lang='lat' dir='ltr'><strong>matrem</strong></span> <span class='ocrx_word' id='word_1_55' title='bbox 1258 1011 1479 1081; x_wconf 88' lang='lat' dir='ltr'><strong>quidem</strong></span> <span class='ocrx_word' id='word_1_56' title='bbox 1509 1012 1629 1080; x_wconf 85' lang='lat' dir='ltr'><strong>ejus</strong></span> <span class='ocrx_word' id='word_1_57' title='bbox 1661 1026 1785 1067; x_wconf 88' lang='lat' dir='ltr'><strong>esse</strong></span> <span class='ocrx_word' id='word_1_58' title='bbox 1805 1011 2119 1066; x_wconf 73' lang='lat' dir='ltr'><strong>Iudaeorum</strong></span> <span class='ocrx_word' id='word_1_59' title='bbox 2143 1012 2386 1085; x_wconf 82' lang='lat' dir='ltr'><strong>Synago-</strong></span> 
     </span>
    </p>
   </div>
   <div class='ocr_carea' id='block_1_10' title="bbox 809 1104 2383 1179">
    <p class='ocr_par' dir='ltr' id='par_1_10' title="bbox 809 1104 2383 1179">
     <span class='ocr_line' id='line_1_10' title="bbox 809 1104 2383 1179; baseline 0.003 -24"><span class='ocrx_word' id='word_1_60' title='bbox 809 1112 931 1172; x_wconf 88' lang='lat' dir='ltr'><strong>gam</strong></span> <span class='ocrx_word' id='word_1_61' title='bbox 982 1119 1311 1173; x_wconf 90' lang='lat' dir='ltr'><strong>omnemque</strong></span> <span class='ocrx_word' id='word_1_62' title='bbox 1363 1104 1744 1179; x_wconf 81' lang='lat' dir='ltr'><strong>cegnationem</strong></span> <span class='ocrx_word' id='word_1_63' title='bbox 1796 1105 2095 1160; x_wconf 87' lang='lat' dir='ltr'><strong>secundum</strong></span> <span class='ocrx_word' id='word_1_64' title='bbox 2145 1122 2383 1171; x_wconf 84' lang='lat' dir='ltr'><strong>carnem,</strong></span> 
     </span>
    </p>
   </div>
   <div class='ocr_carea' id='block_1_11' title="bbox 809 1193 2385 1262">
    <p class='ocr_par' dir='ltr' id='par_1_11' title="bbox 809 1193 2385 1262">
     <span class='ocr_line' id='line_1_11' title="bbox 809 1193 2385 1262; baseline 0.003 -16"><span class='ocrx_word' id='word_1_65' title='bbox 809 1204 997 1246; x_wconf 87' lang='lat' dir='ltr'><strong>eorum</strong></span> <span class='ocrx_word' id='word_1_66' title='bbox 1047 1194 1257 1247; x_wconf 82' lang='lat' dir='ltr'><strong>scilicet</strong></span> <span class='ocrx_word' id='word_1_67' title='bbox 1300 1193 1393 1262; x_wconf 87' lang='lat' dir='ltr'><strong>qui</strong></span> <span class='ocrx_word' id='word_1_68' title='bbox 1437 1206 1503 1247; x_wconf 77' lang='lat' dir='ltr'><strong>ex</strong></span> <span class='ocrx_word' id='word_1_69' title='bbox 1540 1194 1963 1249; x_wconf 74' lang='lat' dir='ltr'><strong>circumcisione</strong></span> <span class='ocrx_word' id='word_1_70' title='bbox 2002 1203 2196 1261; x_wconf 89' lang='lat' dir='ltr'><strong>erant;</strong></span> <span class='ocrx_word' id='word_1_71' title='bbox 2248 1196 2385 1251; x_wconf 80' lang='lat' dir='ltr'><strong>ﬁlios</strong></span> 
     </span>
    </p>
   </div>
   <div class='ocr_carea' id='block_1_12' title="bbox 807 1276 2382 1356">
    <p class='ocr_par' dir='ltr' id='par_1_12' title="bbox 807 1276 2382 1356">
     <span class='ocr_line' id='line_1_12' title="bbox 807 1276 2382 1356; baseline 0.002 -19"><span class='ocrx_word' id='word_1_72' title='bbox 807 1286 1277 1355; x_wconf 80' lang='lat' dir='ltr'><strong>vero.hujusmodi</strong></span> <span class='ocrx_word' id='word_1_73' title='bbox 1302 1286 1517 1351; x_wconf 81' lang='lat' dir='ltr'><strong>matris,</strong></span> <span class='ocrx_word' id='word_1_74' title='bbox 1550 1296 1645 1342; x_wconf 83' lang='lat' dir='ltr'><strong>eos</strong></span> <span class='ocrx_word' id='word_1_75' title='bbox 1678 1288 1771 1355; x_wconf 92' lang='lat' dir='ltr'><strong>qui</strong></span> <span class='ocrx_word' id='word_1_76' title='bbox 1799 1276 1979 1356; x_wconf 88' lang='lat' dir='ltr'><strong>ipsum</strong></span> <span class='ocrx_word' id='word_1_77' title='bbox 2016 1287 2382 1355; x_wconf 88' lang='lat' dir='ltr'><strong>abnegarunt,</strong></span> 
     </span>
    </p>
   </div>
   <div class='ocr_carea' id='block_1_13' title="bbox 808 1377 2378 1434">
    <p class='ocr_par' dir='ltr' id='par_1_13' title="bbox 808 1377 2378 1434">
     <span class='ocr_line' id='line_1_13' title="bbox 808 1377 2378 1434; baseline 0.002 -6"><span class='ocrx_word' id='word_1_78' title='bbox 808 1392 872 1430; x_wconf 89' lang='lat' dir='ltr'><strong>ac</strong></span> <span class='ocrx_word' id='word_1_79' title='bbox 901 1377 1161 1431; x_wconf 83' lang='lat' dir='ltr'><strong>dixerunt</strong></span> <span class='ocrx_word' id='word_1_80' title='bbox 1200 1396 1211 1430; x_wconf 91' lang='lat'>:</span> <span class='ocrx_word' id='word_1_81' title='bbox 1254 1396 1271 1426; x_wconf 83' lang='grc' dir='ltr'><strong>ι</strong></span> <span class='ocrx_word' id='word_1_82' title='bbox 1317 1377 1472 1431; x_wconf 89' lang='lat' dir='ltr'><strong>Hunc</strong></span> <span class='ocrx_word' id='word_1_83' title='bbox 1498 1388 1679 1432; x_wconf 87' lang='lat' dir='ltr'><strong>autem</strong></span> <span class='ocrx_word' id='word_1_84' title='bbox 1710 1379 1989 1433; x_wconf 85' lang='lat' dir='ltr'><strong>nescimus</strong></span> <span class='ocrx_word' id='word_1_85' title='bbox 2014 1378 2156 1433; x_wconf 86' lang='lat' dir='ltr'><strong>unde</strong></span> <span class='ocrx_word' id='word_1_86' title='bbox 2182 1378 2251 1433; x_wconf 86' lang='lat' dir='ltr'><strong>sit</strong></span> <span class='ocrx_word' id='word_1_87' title='bbox 2283 1380 2378 1434; x_wconf 64' lang='grc' dir='ltr'><strong>η’.»</strong></span> 
     </span>
    </p>
   </div>
   <div class='ocr_carea' id='block_1_14' title="bbox 794 1467 2383 1541">
    <p class='ocr_par' dir='ltr' id='par_1_14' title="bbox 794 1467 2383 1541">
     <span class='ocr_line' id='line_1_14' title="bbox 794 1467 2383 1541; baseline 0.004 -21"><span class='ocrx_word' id='word_1_88' title='bbox 794 1467 953 1533; x_wconf 76' lang='grc' dir='ltr'>Μεο,</span> <span class='ocrx_word' id='word_1_89' title='bbox 991 1484 1114 1523; x_wconf 90' lang='lat' dir='ltr'><strong>cum</strong></span> <span class='ocrx_word' id='word_1_90' title='bbox 1152 1469 1302 1522; x_wconf 90' lang='lat' dir='ltr'><strong>illum</strong></span> <span class='ocrx_word' id='word_1_91' title='bbox 1356 1470 1703 1541; x_wconf 85' lang='lat' dir='ltr'><strong>peregrinum</strong></span> <span class='ocrx_word' id='word_1_92' title='bbox 1744 1471 2143 1533; x_wconf 75' lang='lat' dir='ltr'><strong>existimarent,</strong></span> <span class='ocrx_word' id='word_1_93' title='bbox 2167 1472 2383 1526; x_wconf 88' lang='lat' dir='ltr'><strong>dicebat</strong></span> 
     </span>
    </p>
   </div>
   <div class='ocr_carea' id='block_1_15' title="bbox 806 1559 2384 1632">
    <p class='ocr_par' dir='ltr' id='par_1_15' title="bbox 806 1559 2384 1632">
     <span class='ocr_line' id='line_1_15' title="bbox 806 1559 2384 1632; baseline 0.004 -20"><span class='ocrx_word' id='word_1_94' title='bbox 806 1559 930 1613; x_wconf 74' lang='lat' dir='ltr'><strong>eis:</strong></span> <span class='ocrx_word' id='word_1_95' title='bbox 970 1578 987 1609; x_wconf 83' lang='grc' dir='ltr'><strong>ι</strong></span> <span class='ocrx_word' id='word_1_96' title='bbox 1027 1559 1137 1613; x_wconf 81' lang='lat' dir='ltr'><strong>Cur</strong></span> <span class='ocrx_word' id='word_1_97' title='bbox 1156 1560 1424 1629; x_wconf 86' lang='lat' dir='ltr'><strong>loquelam</strong></span> <span class='ocrx_word' id='word_1_98' title='bbox 1476 1577 1649 1617; x_wconf 90' lang='lat' dir='ltr'><strong>meam</strong></span> <span class='ocrx_word' id='word_1_99' title='bbox 1692 1578 1799 1616; x_wconf 93' lang='lat' dir='ltr'><strong>non</strong></span> <span class='ocrx_word' id='word_1_100' title='bbox 1829 1563 2050 1617; x_wconf 85' lang='lat' dir='ltr'><strong>nostis?</strong></span> <span class='ocrx_word' id='word_1_101' title='bbox 2090 1564 2221 1632; x_wconf 90' lang='lat' dir='ltr'><strong>quia</strong></span> <span class='ocrx_word' id='word_1_102' title='bbox 2272 1580 2384 1618; x_wconf 89' lang='lat' dir='ltr'><strong>non</strong></span> 
     </span>
    </p>
   </div>
   <div class='ocr_carea' id='block_1_16' title="bbox 805 1638 2382 1726">
    <p class='ocr_par' dir='ltr' id='par_1_16' title="bbox 805 1638 2382 1726">
     <span class='ocr_line' id='line_1_16' title="bbox 805 1638 2382 1726; baseline 0.005 -23"><span class='ocrx_word' id='word_1_103' title='bbox 805 1652 1037 1719; x_wconf 81' lang='lat' dir='ltr'><strong>potestis</strong></span> <span class='ocrx_word' id='word_1_104' title='bbox 1086 1652 1277 1706; x_wconf 90' lang='lat' dir='ltr'><strong>audire</strong></span> <span class='ocrx_word' id='word_1_105' title='bbox 1307 1668 1615 1708; x_wconf 86' lang='lat' dir='ltr'><strong>sermonem</strong></span> <span class='ocrx_word' id='word_1_106' title='bbox 1662 1670 1842 1708; x_wconf 87' lang='lat' dir='ltr'><strong>meum</strong></span> <span class='ocrx_word' id='word_1_107' title='bbox 1872 1656 1937 1707; x_wconf 71' lang='grc' dir='ltr'><strong>ιδ.</strong></span> <span class='ocrx_word' id='word_1_108' title='bbox 1975 1676 1991 1707; x_wconf 83' lang='grc' dir='ltr'><strong>ι</strong></span> <span class='ocrx_word' id='word_1_109' title='bbox 2030 1638 2382 1726; x_wconf 80' lang='lat' dir='ltr'><strong>Peregrinum</strong></span> 
     </span>
    </p>
   </div>
   <div class='ocr_carea' id='block_1_17' title="bbox 802 1743 2384 1814">
    <p class='ocr_par' dir='ltr' id='par_1_17' title="bbox 802 1743 2384 1814">
     <span class='ocr_line' id='line_1_17' title="bbox 802 1743 2384 1814; baseline 0.004 -18"><span class='ocrx_word' id='word_1_110' title='bbox 802 1743 968 1797; x_wconf 88' lang='lat' dir='ltr'><strong>etiam</strong></span> <span class='ocrx_word' id='word_1_111' title='bbox 1006 1744 1154 1797; x_wconf 91' lang='lat' dir='ltr'><strong>illum</strong></span> <span class='ocrx_word' id='word_1_112' title='bbox 1188 1746 1448 1814; x_wconf 91' lang='lat' dir='ltr'><strong>putabant</strong></span> <span class='ocrx_word' id='word_1_113' title='bbox 1478 1761 1602 1799; x_wconf 90' lang='lat' dir='ltr'><strong>cum</strong></span> <span class='ocrx_word' id='word_1_114' title='bbox 1635 1745 1879 1801; x_wconf 85' lang='lat' dir='ltr'><strong>dicerent</strong></span> <span class='ocrx_word' id='word_1_115' title='bbox 1916 1767 1927 1801; x_wconf 93' lang='lat'>:</span> <span class='ocrx_word' id='word_1_116' title='bbox 1966 1766 1985 1799; x_wconf 87' lang='grc'><em>‹</em></span> <span class='ocrx_word' id='word_1_117' title='bbox 2024 1746 2216 1803; x_wconf 85' lang='lat' dir='ltr'><strong>Nonne</strong></span> <span class='ocrx_word' id='word_1_118' title='bbox 2248 1749 2384 1803; x_wconf 87' lang='lat' dir='ltr'><strong>bene</strong></span> 
     </span>
    </p>
   </div>
   <div class='ocr_carea' id='block_1_18' title="bbox 802 1832 2382 1905">
    <p class='ocr_par' dir='ltr' id='par_1_18' title="bbox 802 1832 2382 1905">
     <span class='ocr_line' id='line_1_18' title="bbox 802 1832 2382 1905; baseline 0.006 -19"><span class='ocrx_word' id='word_1_119' title='bbox 802 1832 1035 1889; x_wconf 87' lang='lat' dir='ltr'><strong>dicimus</strong></span> <span class='ocrx_word' id='word_1_120' title='bbox 1062 1850 1183 1899; x_wconf 89' lang='lat' dir='ltr'><strong>nos,</strong></span> <span class='ocrx_word' id='word_1_121' title='bbox 1209 1837 1337 1905; x_wconf 86' lang='lat' dir='ltr'><strong>quia</strong></span> <span class='ocrx_word' id='word_1_122' title='bbox 1369 1834 1749 1893; x_wconf 86' lang='lat' dir='ltr'><strong>Samaritanus</strong></span> <span class='ocrx_word' id='word_1_123' title='bbox 1778 1855 1837 1894; x_wconf 90' lang='lat' dir='ltr'><strong>es</strong></span> <span class='ocrx_word' id='word_1_124' title='bbox 1876 1847 2027 1903; x_wconf 88' lang='lat' dir='ltr'><strong>tu,et</strong></span> <span class='ocrx_word' id='word_1_125' title='bbox 2056 1840 2382 1895; x_wconf 61' lang='lat' dir='ltr'><strong>diemonium</strong></span> 
     </span>
    </p>
   </div>
   <div class='ocr_carea' id='block_1_19' title="bbox 801 1926 2395 2003">
    <p class='ocr_par' dir='ltr' id='par_1_19' title="bbox 801 1926 2395 2003">
     <span class='ocr_line' id='line_1_19' title="bbox 801 1926 2395 2003; baseline 0.005 -22"><span class='ocrx_word' id='word_1_126' title='bbox 801 1926 970 1982; x_wconf 89' lang='lat' dir='ltr'><strong>habes</strong></span> <span class='ocrx_word' id='word_1_127' title='bbox 1003 1928 1083 1979; x_wconf 60' lang='lat'><strong>‘8?</strong></span> <span class='ocrx_word' id='word_1_128' title='bbox 1126 1948 1143 1979; x_wconf 74' lang='grc' dir='ltr'><strong>ι</strong></span> <span class='ocrx_word' id='word_1_129' title='bbox 1180 1929 1362 1994; x_wconf 82' lang='lat' dir='ltr'><strong>Quare</strong></span> <span class='ocrx_word' id='word_1_130' title='bbox 1391 1929 1611 1984; x_wconf 88' lang='lat' dir='ltr'><strong>dicebat</strong></span> <span class='ocrx_word' id='word_1_131' title='bbox 1644 1932 1725 1986; x_wconf 89' lang='lat' dir='ltr'><strong>eis</strong></span> <span class='ocrx_word' id='word_1_132' title='bbox 1758 1950 1771 1986; x_wconf 91' lang='lat'><strong>:</strong></span> <span class='ocrx_word' id='word_1_133' title='bbox 1811 1950 1828 1982; x_wconf 80' lang='grc' dir='ltr'><strong>ι</strong></span> <span class='ocrx_word' id='word_1_134' title='bbox 1871 1931 1985 2003; x_wconf 82' lang='lat' dir='ltr'><strong>Ego</strong></span> <span class='ocrx_word' id='word_1_135' title='bbox 2008 1936 2133 1988; x_wconf 86' lang='lat' dir='ltr'><strong>veni</strong></span> <span class='ocrx_word' id='word_1_136' title='bbox 2182 1935 2235 1988; x_wconf 92' lang='lat' dir='ltr'><strong>in</strong></span> <span class='ocrx_word' id='word_1_137' title='bbox 2280 1950 2395 1990; x_wconf 79' lang='lat' dir='ltr'><strong>no-.</strong></span> 
     </span>
    </p>
   </div>
   <div class='ocr_carea' id='block_1_20' title="bbox 2488 738 4061 823">
    <p class='ocr_par' dir='ltr' id='par_1_20' title="bbox 2488 738 4061 823">
     <span class='ocr_line' id='line_1_20' title="bbox 2488 738 4061 823; baseline 0 -27"><span class='ocrx_word' id='word_1_138' title='bbox 2488 760 2641 797; x_wconf 87' lang='grc' dir='ltr'>ναται</span> <span class='ocrx_word' id='word_1_139' title='bbox 2667 743 2872 807; x_wconf 84' lang='grc' dir='ltr'>τούτοις</span> <span class='ocrx_word' id='word_1_140' title='bbox 2900 741 3046 807; x_wconf 85' lang='grc' dir='ltr'>ξένος</span> <span class='ocrx_word' id='word_1_141' title='bbox 3072 738 3207 795; x_wconf 77' lang='grc' dir='ltr'>εἷναι</span> <span class='ocrx_word' id='word_1_142' title='bbox 3242 742 3548 823; x_wconf 76' lang='grc' dir='ltr'>νομίζεσθαι</span> <span class='ocrx_word' id='word_1_143' title='bbox 3569 744 3759 809; x_wconf 81' lang='grc' dir='ltr'>;Ὦστε</span> <span class='ocrx_word' id='word_1_144' title='bbox 3788 744 3861 815; x_wconf 82' lang='grc' dir='ltr'>μὴ</span> <span class='ocrx_word' id='word_1_145' title='bbox 3880 744 4061 815; x_wconf 86' lang='grc' dir='ltr'>χώραν</span> 
     </span>
    </p>
   </div>
   <div class='ocr_carea' id='block_1_21' title="bbox 2487 829 4061 905">
    <p class='ocr_par' dir='ltr' id='par_1_21' title="bbox 2487 829 4061 905">
     <span class='ocr_line' id='line_1_21' title="bbox 2487 829 4061 905; baseline 0.002 -20"><span class='ocrx_word' id='word_1_146' title='bbox 2487 832 2629 903; x_wconf 78' lang='grc' dir='ltr'>ἔχειν</span> <span class='ocrx_word' id='word_1_147' title='bbox 2671 832 2799 904; x_wconf 80' lang='grc' dir='ltr'>περὶ</span> <span class='ocrx_word' id='word_1_148' title='bbox 2840 829 3041 885; x_wconf 89' lang='grc' dir='ltr'>τούτων</span> <span class='ocrx_word' id='word_1_149' title='bbox 3073 831 3325 901; x_wconf 83' lang='grc' dir='ltr'>λέγεσθαι</span> <span class='ocrx_word' id='word_1_150' title='bbox 3355 832 3436 898; x_wconf 83' lang='grc' dir='ltr'>τὸ,</span> <span class='ocrx_word' id='word_1_151' title='bbox 3470 851 3487 883; x_wconf 83' lang='grc' dir='ltr'><strong>ι</strong></span> <span class='ocrx_word' id='word_1_152' title='bbox 3532 832 4061 905; x_wconf 79' lang='grc' dir='ltr'>Ἀπηλλοτριωμένος</span> 
     </span>
    </p>
   </div>
   <div class='ocr_carea' id='block_1_22' title="bbox 2488 922 4062 996">
    <p class='ocr_par' dir='ltr' id='par_1_22' title="bbox 2488 922 4062 996">
     <span class='ocr_line' id='line_1_22' title="bbox 2488 922 4062 996; baseline 0.002 -19"><span class='ocrx_word' id='word_1_153' title='bbox 2488 924 2748 995; x_wconf 81' lang='grc' dir='ltr'><strong>ἐγενήθην</strong></span> <span class='ocrx_word' id='word_1_154' title='bbox 2780 926 2892 987; x_wconf 86' lang='grc' dir='ltr'>τοῖς</span> <span class='ocrx_word' id='word_1_155' title='bbox 2917 922 3165 993; x_wconf 84' lang='grc' dir='ltr'><strong>ἀδελφοῖς</strong></span> <span class='ocrx_word' id='word_1_156' title='bbox 3195 942 3293 995; x_wconf 87' lang='grc' dir='ltr'><strong>μου</strong></span> <span class='ocrx_word' id='word_1_157' title='bbox 3320 963 3333 987; x_wconf 92' lang='grc'><strong>,</strong></span> <span class='ocrx_word' id='word_1_158' title='bbox 3364 926 3457 977; x_wconf 79' lang='grc' dir='ltr'>καὶ</span> <span class='ocrx_word' id='word_1_159' title='bbox 3484 924 3629 990; x_wconf 79' lang='grc' dir='ltr'>ξένος</span> <span class='ocrx_word' id='word_1_160' title='bbox 3662 929 3775 988; x_wconf 88' lang='grc' dir='ltr'>τοῖς</span> <span class='ocrx_word' id='word_1_161' title='bbox 3803 928 3937 989; x_wconf 85' lang='grc' dir='ltr'>υίοῖς</span> <span class='ocrx_word' id='word_1_162' title='bbox 3964 926 4062 996; x_wconf 81' lang='grc' dir='ltr'><strong>τῆς</strong></span> 
     </span>
    </p>
   </div>
   <div class='ocr_carea' id='block_1_23' title="bbox 2491 1010 4065 1088">
    <p class='ocr_par' dir='ltr' id='par_1_23' title="bbox 2491 1010 4065 1088">
     <span class='ocr_line' id='line_1_23' title="bbox 2491 1010 4065 1088; baseline 0.001 -20"><span class='ocrx_word' id='word_1_163' title='bbox 2491 1017 2691 1087; x_wconf 86' lang='grc' dir='ltr'>μητρός</span> <span class='ocrx_word' id='word_1_164' title='bbox 2720 1018 2839 1086; x_wconf 88' lang='grc' dir='ltr'>μου.</span> <span class='ocrx_word' id='word_1_165' title='bbox 2884 1034 2902 1067; x_wconf 73' lang='grc' dir='ltr'><strong>ι</strong></span> <span class='ocrx_word' id='word_1_166' title='bbox 2925 1017 2999 1069; x_wconf 79' lang='grc' dir='ltr'><strong>Οὐ</strong></span> <span class='ocrx_word' id='word_1_167' title='bbox 3030 1015 3138 1085; x_wconf 83' lang='grc' dir='ltr'><strong>γὰρ</strong></span> <span class='ocrx_word' id='word_1_168' title='bbox 3164 1012 3232 1088; x_wconf 84' lang='grc' dir='ltr'>ἦν</span> <span class='ocrx_word' id='word_1_169' title='bbox 3256 1010 3458 1071; x_wconf 85' lang='grc' dir='ltr'>τούτων</span> <span class='ocrx_word' id='word_1_170' title='bbox 3478 1018 3643 1083; x_wconf 80' lang='grc' dir='ltr'>ξένος,</span> <span class='ocrx_word' id='word_1_171' title='bbox 3659 1017 3794 1071; x_wconf 81' lang='grc' dir='ltr'>ἀλλὰ</span> <span class='ocrx_word' id='word_1_172' title='bbox 3809 1020 3899 1070; x_wconf 67' lang='grc' dir='ltr'>καὶ</span> <span class='ocrx_word' id='word_1_173' title='bbox 3926 1019 4065 1087; x_wconf 81' lang='grc' dir='ltr'>ἄγαν</span> 
     </span>
    </p>
   </div>
   <div class='ocr_carea' id='block_1_24' title="bbox 2485 1105 4065 1178">
    <p class='ocr_par' dir='ltr' id='par_1_24' title="bbox 2485 1105 4065 1178">
     <span class='ocr_line' id='line_1_24' title="bbox 2485 1105 4065 1178; baseline 0.003 -21"><span class='ocrx_word' id='word_1_174' title='bbox 2485 1106 2682 1177; x_wconf 83' lang='grc' dir='ltr'>τίμιος·</span> <span class='ocrx_word' id='word_1_175' title='bbox 2715 1105 2789 1169; x_wconf 84' lang='grc' dir='ltr'>ὡς</span> <span class='ocrx_word' id='word_1_176' title='bbox 2815 1105 3006 1175; x_wconf 85' lang='grc' dir='ltr'>μηκέτι</span> <span class='ocrx_word' id='word_1_177' title='bbox 3027 1106 3151 1169; x_wconf 77' lang='grc' dir='ltr'>τοὺς</span> <span class='ocrx_word' id='word_1_178' title='bbox 3177 1106 3571 1177; x_wconf 86' lang='grc' dir='ltr'>προλεχθέντας</span> <span class='ocrx_word' id='word_1_179' title='bbox 3607 1107 3768 1160; x_wconf 84' lang='grc' dir='ltr'>αὐτοῦ</span> <span class='ocrx_word' id='word_1_180' title='bbox 3805 1107 4065 1178; x_wconf 80' lang='grc' dir='ltr'>ἀδελφοὺς</span> 
     </span>
    </p>
   </div>
   <div class='ocr_carea' id='block_1_25' title="bbox 2488 1185 4063 1269">
    <p class='ocr_par' dir='ltr' id='par_1_25' title="bbox 2488 1185 4063 1269">
     <span class='ocr_line' id='line_1_25' title="bbox 2488 1185 4063 1269; baseline 0.001 -19"><span class='ocrx_word' id='word_1_181' title='bbox 2488 1198 2634 1262; x_wconf 81' lang='grc' dir='ltr'>υἱοὺς</span> <span class='ocrx_word' id='word_1_182' title='bbox 2680 1193 2815 1251; x_wconf 72' lang='grc' dir='ltr'>εἶναι</span> <span class='ocrx_word' id='word_1_183' title='bbox 2861 1185 2956 1269; x_wconf 80' lang='grc' dir='ltr'><strong>τῆς</strong></span> <span class='ocrx_word' id='word_1_184' title='bbox 2996 1198 3213 1269; x_wconf 77' lang='grc' dir='ltr'><strong>Μαρίας</strong></span> <span class='ocrx_word' id='word_1_185' title='bbox 3251 1200 3522 1269; x_wconf 76' lang='grc' dir='ltr'>ἡγεῖσθαι,</span> <span class='ocrx_word' id='word_1_186' title='bbox 3553 1197 3728 1269; x_wconf 81' lang='grc' dir='ltr'>ἐτεροι</span> <span class='ocrx_word' id='word_1_187' title='bbox 3770 1198 3813 1251; x_wconf 71' lang='grc' dir='ltr'>δ’</span> <span class='ocrx_word' id='word_1_188' title='bbox 3851 1199 3916 1253; x_wconf 80' lang='grc' dir='ltr'>ἂν</span> <span class='ocrx_word' id='word_1_189' title='bbox 3955 1195 4063 1252; x_wconf 88' lang='grc' dir='ltr'>εἷεν</span> 
     </span>
    </p>
   </div>
   <div class='ocr_carea' id='block_1_26' title="bbox 2487 1288 4064 1362">
    <p class='ocr_par' dir='ltr' id='par_1_26' title="bbox 2487 1288 4064 1362">
     <span class='ocr_line' id='line_1_26' title="bbox 2487 1288 4064 1362; baseline 0.002 -21"><span class='ocrx_word' id='word_1_190' title='bbox 2487 1290 2637 1359; x_wconf 87' lang='grc' dir='ltr'>παρὰ</span> <span class='ocrx_word' id='word_1_191' title='bbox 2664 1291 2885 1351; x_wconf 80' lang='grc' dir='ltr'>τούτους</span> <span class='ocrx_word' id='word_1_192' title='bbox 2916 1289 2963 1341; x_wconf 75' lang='grc' dir='ltr'>οἱ</span> <span class='ocrx_word' id='word_1_193' title='bbox 3004 1288 3092 1342; x_wconf 87' lang='grc' dir='ltr'>διὰ</span> <span class='ocrx_word' id='word_1_194' title='bbox 3123 1288 3217 1342; x_wconf 92' lang='grc' dir='ltr'><strong>τοῦ</strong></span> <span class='ocrx_word' id='word_1_195' title='bbox 3249 1289 3462 1360; x_wconf 71' lang='grc' dir='ltr'>ψαλμοῦ</span> <span class='ocrx_word' id='word_1_196' title='bbox 3512 1289 3793 1360; x_wconf 81' lang='grc' dir='ltr'><strong>λεγόμενοι</strong></span> <span class='ocrx_word' id='word_1_197' title='bbox 3825 1290 3927 1342; x_wconf 75' lang='grc' dir='ltr'>υἱοὶ</span> <span class='ocrx_word' id='word_1_198' title='bbox 3964 1291 4064 1362; x_wconf 81' lang='grc' dir='ltr'><strong>τῆς</strong></span> 
     </span>
    </p>
   </div>
   <div class='ocr_carea' id='block_1_27' title="bbox 2490 1368 4064 1448">
    <p class='ocr_par' dir='ltr' id='par_1_27' title="bbox 2490 1368 4064 1448">
     <span class='ocr_line' id='line_1_27' title="bbox 2490 1368 4064 1448; baseline 0.003 -23"><span class='ocrx_word' id='word_1_199' title='bbox 2490 1374 2695 1443; x_wconf 87' lang='grc' dir='ltr'>μητρὸς</span> <span class='ocrx_word' id='word_1_200' title='bbox 2718 1373 2904 1437; x_wconf 80' lang='grc' dir='ltr'>αὐτοῦ,</span> <span class='ocrx_word' id='word_1_201' title='bbox 2938 1368 3020 1436; x_wconf 74' lang='grc' dir='ltr'>οἷς</span> <span class='ocrx_word' id='word_1_202' title='bbox 3050 1373 3195 1437; x_wconf 80' lang='grc' dir='ltr'>ξένος</span> <span class='ocrx_word' id='word_1_203' title='bbox 3212 1375 3465 1445; x_wconf 79' lang='grc' dir='ltr'>ἐγενήθη.</span> <span class='ocrx_word' id='word_1_204' title='bbox 3492 1375 3725 1447; x_wconf 84' lang='grc' dir='ltr'>Νοήσεις</span> <span class='ocrx_word' id='word_1_205' title='bbox 3756 1375 3811 1428; x_wconf 87' lang='grc' dir='ltr'><strong>δέ</strong></span> <span class='ocrx_word' id='word_1_206' title='bbox 3849 1377 4064 1448; x_wconf 88' lang='grc' dir='ltr'>μητέρα</span> 
     </span>
    </p>
   </div>
   <div class='ocr_carea' id='block_1_28' title="bbox 2489 1464 4066 1537">
    <p class='ocr_par' dir='ltr' id='par_1_28' title="bbox 2489 1464 4066 1537">
     <span class='ocr_line' id='line_1_28' title="bbox 2489 1464 4066 1537; baseline 0.003 -21"><span class='ocrx_word' id='word_1_207' title='bbox 2489 1465 2587 1534; x_wconf 78' lang='grc' dir='ltr'>μὲν</span> <span class='ocrx_word' id='word_1_208' title='bbox 2616 1466 2714 1535; x_wconf 80' lang='grc' dir='ltr'>τὴν</span> <span class='ocrx_word' id='word_1_209' title='bbox 2738 1464 2843 1518; x_wconf 90' lang='grc' dir='ltr'><strong>τῶν</strong></span> <span class='ocrx_word' id='word_1_210' title='bbox 2868 1464 3133 1517; x_wconf 80' lang='grc' dir='ltr'><strong>Ἰουδαίων</strong></span> <span class='ocrx_word' id='word_1_211' title='bbox 3156 1464 3481 1535; x_wconf 83' lang='grc' dir='ltr'>Συναγωγὴν</span> <span class='ocrx_word' id='word_1_212' title='bbox 3498 1466 3591 1518; x_wconf 76' lang='grc' dir='ltr'>καὶ</span> <span class='ocrx_word' id='word_1_213' title='bbox 3608 1466 3787 1523; x_wconf 80' lang='grc' dir='ltr'>πᾶσαν</span> <span class='ocrx_word' id='word_1_214' title='bbox 3807 1465 3904 1537; x_wconf 82' lang='grc' dir='ltr'>τὴν</span> <span class='ocrx_word' id='word_1_215' title='bbox 3926 1468 4066 1521; x_wconf 82' lang='grc' dir='ltr'>κατὰ</span> 
     </span>
    </p>
   </div>
   <div class='ocr_carea' id='block_1_29' title="bbox 2488 1555 4063 1630">
    <p class='ocr_par' dir='ltr' id='par_1_29' title="bbox 2488 1555 4063 1630">
     <span class='ocr_line' id='line_1_29' title="bbox 2488 1555 4063 1630; baseline 0.002 -21"><span class='ocrx_word' id='word_1_216' title='bbox 2488 1558 2665 1628; x_wconf 84' lang='grc' dir='ltr'>σάρκα</span> <span class='ocrx_word' id='word_1_217' title='bbox 2699 1557 3011 1625; x_wconf 78' lang='grc' dir='ltr'>συγγένειαν</span> <span class='ocrx_word' id='word_1_218' title='bbox 3047 1555 3154 1608; x_wconf 86' lang='grc' dir='ltr'><strong>τῶν</strong></span> <span class='ocrx_word' id='word_1_219' title='bbox 3189 1558 3253 1609; x_wconf 89' lang='grc' dir='ltr'><strong>ἐκ</strong></span> <span class='ocrx_word' id='word_1_220' title='bbox 3292 1556 3595 1628; x_wconf 81' lang='grc' dir='ltr'><strong>περιτομῆς</strong></span> <span class='ocrx_word' id='word_1_221' title='bbox 3624 1574 3637 1588; x_wconf 68' lang='grc' dir='ltr'><strong>ο</strong></span> <span class='ocrx_word' id='word_1_222' title='bbox 3672 1558 3818 1621; x_wconf 79' lang='grc' dir='ltr'>υἱοὺς</span> <span class='ocrx_word' id='word_1_223' title='bbox 3859 1558 3918 1611; x_wconf 84' lang='grc' dir='ltr'><strong>δέ</strong></span> <span class='ocrx_word' id='word_1_224' title='bbox 3965 1559 4063 1630; x_wconf 87' lang='grc' dir='ltr'><strong>τῆς</strong></span> 
     </span>
    </p>
   </div>
   <div class='ocr_carea' id='block_1_30' title="bbox 2483 1648 4065 1724">
    <p class='ocr_par' dir='ltr' id='par_1_30' title="bbox 2483 1648 4065 1724">
     <span class='ocr_line' id='line_1_30' title="bbox 2483 1648 4065 1724; baseline 0 -23"><span class='ocrx_word' id='word_1_225' title='bbox 2483 1648 2737 1720; x_wconf 78' lang='grc' dir='ltr'><strong>τοιαύτης</strong></span> <span class='ocrx_word' id='word_1_226' title='bbox 2769 1649 2971 1720; x_wconf 82' lang='grc' dir='ltr'>μητρὸς</span> <span class='ocrx_word' id='word_1_227' title='bbox 2994 1650 3119 1712; x_wconf 84' lang='grc' dir='ltr'>τοὺς</span> <span class='ocrx_word' id='word_1_228' title='bbox 3163 1649 3568 1721; x_wconf 81' lang='grc' dir='ltr'>ἀρνησαμένους</span> <span class='ocrx_word' id='word_1_229' title='bbox 3588 1650 3768 1715; x_wconf 81' lang='grc' dir='ltr'>αὐτὸν,</span> <span class='ocrx_word' id='word_1_230' title='bbox 3800 1652 3893 1704; x_wconf 72' lang='grc' dir='ltr'>καὶ</span> <span class='ocrx_word' id='word_1_231' title='bbox 3914 1652 4065 1724; x_wconf 73' lang='grc' dir='ltr'>εἰρη-</span> 
     </span>
    </p>
   </div>
   <div class='ocr_carea' id='block_1_31' title="bbox 2485 1738 4063 1815">
    <p class='ocr_par' dir='ltr' id='par_1_31' title="bbox 2485 1738 4063 1815">
     <span class='ocr_line' id='line_1_31' title="bbox 2485 1738 4063 1815; baseline -0.001 -20"><span class='ocrx_word' id='word_1_232' title='bbox 2485 1741 2676 1804; x_wconf 87' lang='grc' dir='ltr'>κότας·</span> <span class='ocrx_word' id='word_1_233' title='bbox 2719 1759 2736 1791; x_wconf 84' lang='grc' dir='ltr'><strong>ι</strong></span> <span class='ocrx_word' id='word_1_234' title='bbox 2762 1740 2960 1793; x_wconf 89' lang='grc' dir='ltr'>Τοῦτον</span> <span class='ocrx_word' id='word_1_235' title='bbox 2985 1739 3041 1792; x_wconf 86' lang='grc' dir='ltr'>δὲ</span> <span class='ocrx_word' id='word_1_236' title='bbox 3080 1740 3179 1792; x_wconf 79' lang='grc' dir='ltr'>οὐκ</span> <span class='ocrx_word' id='word_1_237' title='bbox 3223 1738 3441 1809; x_wconf 78' lang='grc' dir='ltr'>οἴδαμεν</span> <span class='ocrx_word' id='word_1_238' title='bbox 3503 1739 3665 1794; x_wconf 86' lang='grc' dir='ltr'>πόθεν</span> <span class='ocrx_word' id='word_1_239' title='bbox 3705 1740 3883 1793; x_wconf 82' lang='grc' dir='ltr'>ἐστίν’</span> <span class='ocrx_word' id='word_1_240' title='bbox 3917 1760 3936 1792; x_wconf 73' lang='grc' dir='ltr'><strong>ι</strong></span> <span class='ocrx_word' id='word_1_241' title='bbox 3973 1740 4063 1815; x_wconf 68' lang='grc' dir='ltr'><strong>Διὸ</strong></span> 
     </span>
    </p>
   </div>
   <div class='ocr_carea' id='block_1_32' title="bbox 2484 1831 4063 1905">
    <p class='ocr_par' dir='ltr' id='par_1_32' title="bbox 2484 1831 4063 1905">
     <span class='ocr_line' id='line_1_32' title="bbox 2484 1831 4063 1905; baseline -0.001 -17"><span class='ocrx_word' id='word_1_242' title='bbox 2484 1835 2665 1904; x_wconf 80' lang='grc' dir='ltr'>ἔλεγεν</span> <span class='ocrx_word' id='word_1_243' title='bbox 2702 1835 2881 1896; x_wconf 81' lang='grc' dir='ltr'>αὐτοῖς</span> <span class='ocrx_word' id='word_1_244' title='bbox 2901 1872 2914 1897; x_wconf 94' lang='grc'><strong>,</strong></span> <span class='ocrx_word' id='word_1_245' title='bbox 2951 1833 3135 1905; x_wconf 84' lang='grc' dir='ltr'>ἐπειδὴ</span> <span class='ocrx_word' id='word_1_246' title='bbox 3166 1832 3313 1900; x_wconf 81' lang='grc' dir='ltr'>ξένον</span> <span class='ocrx_word' id='word_1_247' title='bbox 3346 1833 3505 1886; x_wconf 80' lang='grc' dir='ltr'>αὐτὸν</span> <span class='ocrx_word' id='word_1_248' title='bbox 3538 1831 3804 1903; x_wconf 79' lang='grc' dir='ltr'>ἐνόμιζον·</span> <span class='ocrx_word' id='word_1_249' title='bbox 3848 1852 3866 1884; x_wconf 81' lang='grc' dir='ltr'><strong>ι</strong></span> <span class='ocrx_word' id='word_1_250' title='bbox 3890 1833 3989 1887; x_wconf 75' lang='grc' dir='ltr'>Διὰ</span> <span class='ocrx_word' id='word_1_251' title='bbox 4010 1832 4063 1886; x_wconf 91' lang='grc' dir='ltr'><strong>τί</strong></span> 
     </span>
    </p>
   </div>
   <div class='ocr_carea' id='block_1_33' title="bbox 2484 1917 4062 1998">
    <p class='ocr_par' dir='ltr' id='par_1_33' title="bbox 2484 1917 4062 1998">
     <span class='ocr_line' id='line_1_33' title="bbox 2484 1917 4062 1998; baseline -0.001 -20"><span class='ocrx_word' id='word_1_252' title='bbox 2484 1926 2580 1998; x_wconf 81' lang='grc' dir='ltr'>τὴν</span> <span class='ocrx_word' id='word_1_253' title='bbox 2606 1927 2791 1980; x_wconf 78' lang='grc' dir='ltr'>λαλιὰν</span> <span class='ocrx_word' id='word_1_254' title='bbox 2832 1926 2930 1997; x_wconf 84' lang='grc' dir='ltr'>τὴν</span> <span class='ocrx_word' id='word_1_255' title='bbox 2972 1927 3110 1998; x_wconf 86' lang='grc' dir='ltr'>ἐμὴν</span> <span class='ocrx_word' id='word_1_256' title='bbox 3149 1926 3209 1978; x_wconf 85' lang='grc' dir='ltr'>οὐ</span> <span class='ocrx_word' id='word_1_257' title='bbox 3247 1917 3577 1995; x_wconf 64' lang='grc' dir='ltr'>γινώσκετεζ</span> <span class='ocrx_word' id='word_1_258' title='bbox 3624 1926 3705 1979; x_wconf 82' lang='grc' dir='ltr'>ὅτι</span> <span class='ocrx_word' id='word_1_259' title='bbox 3742 1926 3801 1979; x_wconf 89' lang='grc' dir='ltr'><strong>ού</strong></span> <span class='ocrx_word' id='word_1_260' title='bbox 3831 1924 4062 1980; x_wconf 80' lang='grc' dir='ltr'>δύνασθε</span> 
     </span>
    </p>
   </div>
   <div class='ocr_carea' id='block_1_34' title="bbox 799 2018 2368 2092">
    <p class='ocr_par' dir='ltr' id='par_1_34' title="bbox 799 2019 2368 2092">
     <span class='ocr_line' id='line_1_34' title="bbox 799 2019 2368 2092; baseline 0.005 -20"><span class='ocrx_word' id='word_1_261' title='bbox 799 2019 949 2074; x_wconf 91' lang='lat' dir='ltr'><strong>mine</strong></span> <span class='ocrx_word' id='word_1_262' title='bbox 979 2019 1158 2074; x_wconf 87' lang='lat' dir='ltr'><strong>Patris</strong></span> <span class='ocrx_word' id='word_1_263' title='bbox 1193 2022 1319 2085; x_wconf 89' lang='lat' dir='ltr'><strong>mei,</strong></span> <span class='ocrx_word' id='word_1_264' title='bbox 1352 2033 1405 2075; x_wconf 88' lang='lat' dir='ltr'><strong>et</strong></span> <span class='ocrx_word' id='word_1_265' title='bbox 1435 2037 1541 2075; x_wconf 88' lang='lat' dir='ltr'><strong>non</strong></span> <span class='ocrx_word' id='word_1_266' title='bbox 1578 2022 1829 2092; x_wconf 86' lang='lat' dir='ltr'><strong>accipitis</strong></span> <span class='ocrx_word' id='word_1_267' title='bbox 1874 2038 1998 2089; x_wconf 89' lang='lat' dir='ltr'><strong>me;</strong></span> <span class='ocrx_word' id='word_1_268' title='bbox 2028 2024 2075 2077; x_wconf 90' lang='lat' dir='ltr'><strong>si</strong></span> <span class='ocrx_word' id='word_1_269' title='bbox 2114 2024 2254 2078; x_wconf 84' lang='lat' dir='ltr'><strong>alius</strong></span> <span class='ocrx_word' id='word_1_270' title='bbox 2288 2040 2368 2081; x_wconf 87' lang='lat' dir='ltr'><strong>ve-</strong></span> 
     </span>
    </p>
   </div>
   <div class='ocr_carea' id='block_1_35' title="bbox 2394 2018 4060 2092">
    <p class='ocr_par' dir='ltr' id='par_1_35' title="bbox 2415 2018 4060 2091">
     <span class='ocr_line' id='line_1_35' title="bbox 2415 2018 4060 2091; baseline -0.003 -15"><span class='ocrx_word' id='word_1_271' title='bbox 2415 2022 2456 2076; x_wconf 89' lang='lat' dir='ltr'>B</span> <span class='ocrx_word' id='word_1_272' title='bbox 2485 2018 2699 2074; x_wconf 85' lang='grc' dir='ltr'>ἀκούειν</span> <span class='ocrx_word' id='word_1_273' title='bbox 2732 2021 2822 2074; x_wconf 76' lang='grc' dir='ltr'>τὸν</span> <span class='ocrx_word' id='word_1_274' title='bbox 2860 2021 3014 2090; x_wconf 87' lang='grc' dir='ltr'>λόγον</span> <span class='ocrx_word' id='word_1_275' title='bbox 3041 2021 3132 2074; x_wconf 82' lang='grc' dir='ltr'>τὸν</span> <span class='ocrx_word' id='word_1_276' title='bbox 3172 2021 3323 2091; x_wconf 88' lang='grc' dir='ltr'>ἐμόν.</span> <span class='ocrx_word' id='word_1_277' title='bbox 3356 2039 3373 2071; x_wconf 75' lang='lat' dir='ltr'><strong>i</strong></span> <span class='ocrx_word' id='word_1_278' title='bbox 3410 2018 3570 2072; x_wconf 84' lang='grc' dir='ltr'>Ξένον</span> <span class='ocrx_word' id='word_1_279' title='bbox 3602 2018 3659 2072; x_wconf 84' lang='grc' dir='ltr'><strong>δέ</strong></span> <span class='ocrx_word' id='word_1_280' title='bbox 3692 2019 3854 2072; x_wconf 83' lang='grc' dir='ltr'>αὐτὸν</span> <span class='ocrx_word' id='word_1_281' title='bbox 3901 2019 4060 2073; x_wconf 76' lang='grc' dir='ltr'>πάλιν</span> 
     </span>
    </p>
   </div>
   <div class='ocr_carea' id='block_1_36' title="bbox 798 2111 2381 2181">
    <p class='ocr_par' dir='ltr' id='par_1_36' title="bbox 798 2111 2381 2181">
     <span class='ocr_line' id='line_1_36' title="bbox 798 2111 2381 2181; baseline 0.003 -17"><span class='ocrx_word' id='word_1_282' title='bbox 798 2112 943 2166; x_wconf 83' lang='lat' dir='ltr'><strong>nerit</strong></span> <span class='ocrx_word' id='word_1_283' title='bbox 975 2111 1028 2164; x_wconf 91' lang='lat' dir='ltr'><strong>in</strong></span> <span class='ocrx_word' id='word_1_284' title='bbox 1066 2111 1289 2164; x_wconf 90' lang='lat' dir='ltr'><strong>nomine</strong></span> <span class='ocrx_word' id='word_1_285' title='bbox 1316 2112 1561 2180; x_wconf 82' lang='lat' dir='ltr'><strong>proprio,</strong></span> <span class='ocrx_word' id='word_1_286' title='bbox 1590 2112 1769 2181; x_wconf 92' lang='lat' dir='ltr'><strong>ipsum</strong></span> <span class='ocrx_word' id='word_1_287' title='bbox 1807 2112 2090 2181; x_wconf 76' lang='lat' dir='ltr'><strong>accipietis</strong></span> <span class='ocrx_word' id='word_1_288' title='bbox 2128 2116 2191 2165; x_wconf 86' lang='grc'><strong>¹⁷.</strong></span> <span class='ocrx_word' id='word_1_289' title='bbox 2236 2132 2253 2164; x_wconf 77' lang='grc' dir='ltr'><strong>ι</strong></span> <span class='ocrx_word' id='word_1_290' title='bbox 2290 2112 2381 2169; x_wconf 92' lang='lat' dir='ltr'><strong>Sic</strong></span> 
     </span>
    </p>
   </div>
   <div class='ocr_carea' id='block_1_37' title="bbox 797 2201 2383 2273">
    <p class='ocr_par' dir='ltr' id='par_1_37' title="bbox 797 2201 2383 2273">
     <span class='ocr_line' id='line_1_37' title="bbox 797 2201 2383 2273; baseline 0.001 -16"><span class='ocrx_word' id='word_1_291' title='bbox 797 2201 966 2272; x_wconf 81' lang='lat' dir='ltr'><strong>igitur</strong></span> <span class='ocrx_word' id='word_1_292' title='bbox 1004 2202 1333 2273; x_wconf 84' lang='lat' dir='ltr'><strong>peregrinus</strong></span> <span class='ocrx_word' id='word_1_293' title='bbox 1364 2210 1420 2256; x_wconf 91' lang='lat' dir='ltr'><strong>et</strong></span> <span class='ocrx_word' id='word_1_294' title='bbox 1448 2214 1743 2259; x_wconf 78' lang='lat' dir='ltr'><strong>extraneus</strong></span> <span class='ocrx_word' id='word_1_295' title='bbox 1771 2203 1947 2260; x_wconf 82' lang='lat' dir='ltr'><strong>factus</strong></span> <span class='ocrx_word' id='word_1_296' title='bbox 1978 2214 2063 2260; x_wconf 89' lang='lat' dir='ltr'><strong>est</strong></span> <span class='ocrx_word' id='word_1_297' title='bbox 2109 2204 2238 2260; x_wconf 82' lang='lat' dir='ltr'><strong>ﬁliis</strong></span> <span class='ocrx_word' id='word_1_298' title='bbox 2268 2222 2383 2259; x_wconf 89' lang='lat' dir='ltr'><strong>ma-</strong></span> 
     </span>
    </p>
   </div>
   <div class='ocr_carea' id='block_1_38' title="bbox 797 2294 2381 2369">
    <p class='ocr_par' dir='ltr' id='par_1_38' title="bbox 797 2294 2381 2369">
     <span class='ocr_line' id='line_1_38' title="bbox 797 2294 2381 2369; baseline 0.004 -21"><span class='ocrx_word' id='word_1_299' title='bbox 797 2296 901 2351; x_wconf 83' lang='lat' dir='ltr'><strong>tris</strong></span> <span class='ocrx_word' id='word_1_300' title='bbox 927 2300 1062 2350; x_wconf 69' lang='grc' dir='ltr'>δύω.</span> <span class='ocrx_word' id='word_1_301' title='bbox 1092 2294 1217 2349; x_wconf 66' lang='lat' dir='ltr'><strong>Haec</strong></span> <span class='ocrx_word' id='word_1_302' title='bbox 1256 2310 1419 2364; x_wconf 88' lang='lat' dir='ltr'><strong>porro</strong></span> <span class='ocrx_word' id='word_1_303' title='bbox 1457 2298 1643 2350; x_wconf 88' lang='lat' dir='ltr'><strong>omnia</strong></span> <span class='ocrx_word' id='word_1_304' title='bbox 1680 2298 1945 2354; x_wconf 85' lang='lat' dir='ltr'><strong>sustinuit</strong></span> <span class='ocrx_word' id='word_1_305' title='bbox 1987 2298 2056 2354; x_wconf 92' lang='lat' dir='ltr'><strong>ob</strong></span> <span class='ocrx_word' id='word_1_306' title='bbox 2084 2314 2225 2364; x_wconf 89' lang='lat' dir='ltr'><strong>eam,</strong></span> <span class='ocrx_word' id='word_1_307' title='bbox 2261 2315 2381 2369; x_wconf 63' lang='lat' dir='ltr'><strong>quas</strong></span> 
     </span>
    </p>
   </div>
   <div class='ocr_carea' id='block_1_39' title="bbox 796 2386 2381 2465">
    <p class='ocr_par' dir='ltr' id='par_1_39' title="bbox 796 2386 2381 2465">
     <span class='ocr_line' id='line_1_39' title="bbox 796 2386 2381 2465; baseline 0.005 -25"><span class='ocrx_word' id='word_1_308' title='bbox 796 2399 922 2440; x_wconf 74' lang='lat' dir='ltr'><strong>mox</strong></span> <span class='ocrx_word' id='word_1_309' title='bbox 952 2386 1198 2452; x_wconf 80' lang='lat' dir='ltr'><strong>aﬂertur,</strong></span> <span class='ocrx_word' id='word_1_310' title='bbox 1233 2401 1479 2453; x_wconf 90' lang='lat' dir='ltr'><strong>causam,</strong></span> <span class='ocrx_word' id='word_1_311' title='bbox 1502 2405 1666 2459; x_wconf 88' lang='lat' dir='ltr'><strong>quam</strong></span> <span class='ocrx_word' id='word_1_312' title='bbox 1695 2394 2010 2448; x_wconf 88' lang='lat' dir='ltr'><strong>necessario</strong></span> <span class='ocrx_word' id='word_1_313' title='bbox 2048 2390 2242 2465; x_wconf 88' lang='lat' dir='ltr'><strong>aperit,</strong></span> <span class='ocrx_word' id='word_1_314' title='bbox 2296 2394 2381 2448; x_wconf 85' lang='lat' dir='ltr'><strong>di-</strong></span> 
     </span>
    </p>
   </div>
   <div class='ocr_carea' id='block_1_40' title="bbox 795 2492 969 2532">
    <p class='ocr_par' dir='ltr' id='par_1_40' title="bbox 795 2492 969 2532">
     <span class='ocr_line' id='line_1_40' title="bbox 795 2492 969 2532; baseline 0.011 -2"><span class='ocrx_word' id='word_1_315' title='bbox 795 2492 927 2531; x_wconf 79' lang='lat' dir='ltr'><strong>cens</strong></span> <span class='ocrx_word' id='word_1_316' title='bbox 956 2496 969 2532; x_wconf 76' lang='lat'><strong>2</strong></span> 
     </span>
    </p>
   </div>
   <div class='ocr_carea' id='block_1_41' title="bbox 2483 2110 4061 2184">
    <p class='ocr_par' dir='ltr' id='par_1_41' title="bbox 2483 2110 4061 2184">
     <span class='ocr_line' id='line_1_41' title="bbox 2483 2110 4061 2184; baseline 0 -19"><span class='ocrx_word' id='word_1_317' title='bbox 2483 2112 2712 2184; x_wconf 78' lang='grc' dir='ltr'>ἡγοῦντο</span> <span class='ocrx_word' id='word_1_318' title='bbox 2741 2112 3007 2180; x_wconf 86' lang='grc' dir='ltr'>λέγοντες·</span> <span class='ocrx_word' id='word_1_319' title='bbox 3046 2132 3063 2163; x_wconf 78' lang='grc' dir='ltr'><strong>ι</strong></span> <span class='ocrx_word' id='word_1_320' title='bbox 3089 2113 3163 2164; x_wconf 84' lang='grc' dir='ltr'><strong>Οὐ</strong></span> <span class='ocrx_word' id='word_1_321' title='bbox 3197 2111 3375 2174; x_wconf 87' lang='grc' dir='ltr'>καλῶς</span> <span class='ocrx_word' id='word_1_322' title='bbox 3399 2113 3562 2182; x_wconf 75' lang='grc' dir='ltr'>ἡμεῖς</span> <span class='ocrx_word' id='word_1_323' title='bbox 3586 2110 3815 2182; x_wconf 85' lang='grc' dir='ltr'>λέγομεν</span> <span class='ocrx_word' id='word_1_324' title='bbox 3849 2111 3929 2164; x_wconf 83' lang='grc' dir='ltr'>ὅτι</span> <span class='ocrx_word' id='word_1_325' title='bbox 3955 2110 4061 2165; x_wconf 89' lang='grc' dir='ltr'>Σα-</span> 
     </span>
    </p>
   </div>
   <div class='ocr_carea' id='block_1_42' title="bbox 2489 2200 4063 2277">
    <p class='ocr_par' dir='ltr' id='par_1_42' title="bbox 2489 2200 4063 2277">
     <span class='ocr_line' id='line_1_42' title="bbox 2489 2200 4063 2277; baseline -0.007 -17"><span class='ocrx_word' id='word_1_326' title='bbox 2489 2206 2748 2277; x_wconf 82' lang='grc' dir='ltr'>μαρείτης</span> <span class='ocrx_word' id='word_1_327' title='bbox 2764 2200 2813 2257; x_wconf 78' lang='grc' dir='ltr'>εἴ</span> <span class='ocrx_word' id='word_1_328' title='bbox 2838 2205 2921 2265; x_wconf 78' lang='grc' dir='ltr'>σὺ,</span> <span class='ocrx_word' id='word_1_329' title='bbox 2956 2204 3049 2257; x_wconf 72' lang='grc' dir='ltr'>καὶ</span> <span class='ocrx_word' id='word_1_330' title='bbox 3069 2204 3341 2275; x_wconf 91' lang='grc' dir='ltr'>δαιμόνιον</span> <span class='ocrx_word' id='word_1_331' title='bbox 3369 2203 3540 2273; x_wconf 82' lang='grc' dir='ltr'>ἔχεις;</span> <span class='ocrx_word' id='word_1_332' title='bbox 3575 2222 3592 2255; x_wconf 78' lang='grc' dir='ltr'><strong>ι</strong></span> <span class='ocrx_word' id='word_1_333' title='bbox 3620 2204 3711 2256; x_wconf 85' lang='grc' dir='ltr'>Διό</span> <span class='ocrx_word' id='word_1_334' title='bbox 3742 2203 3894 2272; x_wconf 74' lang='grc' dir='ltr'>ἔλεγε</span> <span class='ocrx_word' id='word_1_335' title='bbox 3926 2204 4063 2275; x_wconf 73' lang='grc' dir='ltr'>πρὸς</span> 
     </span>
    </p>
   </div>
   <div class='ocr_carea' id='block_1_43' title="bbox 2484 2294 4061 2367">
    <p class='ocr_par' dir='ltr' id='par_1_43' title="bbox 2484 2294 4061 2367">
     <span class='ocr_line' id='line_1_43' title="bbox 2484 2294 4061 2367; baseline -0.001 -16"><span class='ocrx_word' id='word_1_336' title='bbox 2484 2297 2697 2361; x_wconf 85' lang='grc' dir='ltr'>αύτούς·</span> <span class='ocrx_word' id='word_1_337' title='bbox 2725 2317 2743 2349; x_wconf 82' lang='grc' dir='ltr'><strong>ι</strong></span> <span class='ocrx_word' id='word_1_338' title='bbox 2768 2295 2909 2365; x_wconf 83' lang='grc' dir='ltr'><strong>Ἐγὼ</strong></span> <span class='ocrx_word' id='word_1_339' title='bbox 2932 2296 3161 2367; x_wconf 84' lang='grc' dir='ltr'>ἐλήλυθα</span> <span class='ocrx_word' id='word_1_340' title='bbox 3181 2294 3325 2365; x_wconf 81' lang='grc' dir='ltr'>ἐντῷ</span> <span class='ocrx_word' id='word_1_341' title='bbox 3343 2296 3567 2364; x_wconf 89' lang='grc' dir='ltr'>ὀνόματι</span> <span class='ocrx_word' id='word_1_342' title='bbox 3589 2294 3682 2347; x_wconf 86' lang='grc' dir='ltr'><strong>τοῦ</strong></span> <span class='ocrx_word' id='word_1_343' title='bbox 3700 2296 3911 2367; x_wconf 84' lang='grc' dir='ltr'>Πατρός</span> <span class='ocrx_word' id='word_1_344' title='bbox 3936 2313 4061 2366; x_wconf 91' lang='grc' dir='ltr'>μου,</span> 
     </span>
    </p>
   </div>
   <div class='ocr_carea' id='block_1_44' title="bbox 2486 2386 4063 2461">
    <p class='ocr_par' dir='ltr' id='par_1_44' title="bbox 2486 2386 4063 2461">
     <span class='ocr_line' id='line_1_44' title="bbox 2486 2386 4063 2461; baseline -0.003 -15"><span class='ocrx_word' id='word_1_345' title='bbox 2486 2393 2578 2446; x_wconf 75' lang='grc' dir='ltr'><strong>καὶ</strong></span> <span class='ocrx_word' id='word_1_346' title='bbox 2610 2393 2671 2444; x_wconf 82' lang='grc' dir='ltr'>οὐ</span> <span class='ocrx_word' id='word_1_347' title='bbox 2704 2389 3009 2461; x_wconf 81' lang='grc' dir='ltr'>λαμϐάνετέ</span> <span class='ocrx_word' id='word_1_348' title='bbox 3053 2404 3149 2459; x_wconf 86' lang='grc' dir='ltr'>με·</span> <span class='ocrx_word' id='word_1_349' title='bbox 3176 2387 3270 2451; x_wconf 76' lang='grc' dir='ltr'>ἐὰν</span> <span class='ocrx_word' id='word_1_350' title='bbox 3298 2386 3454 2450; x_wconf 63' lang='grc' dir='ltr'>ἄλλος</span> <span class='ocrx_word' id='word_1_351' title='bbox 3480 2387 3607 2458; x_wconf 77' lang='grc' dir='ltr'>ἔλθῃ</span> <span class='ocrx_word' id='word_1_352' title='bbox 3646 2389 3702 2439; x_wconf 88' lang='grc' dir='ltr'><strong>ἐν</strong></span> <span class='ocrx_word' id='word_1_353' title='bbox 3734 2387 3812 2457; x_wconf 84' lang='grc' dir='ltr'>τῷ</span> <span class='ocrx_word' id='word_1_354' title='bbox 3840 2388 4063 2458; x_wconf 87' lang='grc' dir='ltr'>ὀνόματι</span> 
     </span>
    </p>
   </div>
   <div class='ocr_carea' id='block_1_45' title="bbox 2484 2477 4065 2555">
    <p class='ocr_par' dir='ltr' id='par_1_45' title="bbox 2484 2477 4065 2555">
     <span class='ocr_line' id='line_1_45' title="bbox 2484 2477 4065 2555; baseline -0.006 -16"><span class='ocrx_word' id='word_1_355' title='bbox 2484 2484 2562 2555; x_wconf 84' lang='grc' dir='ltr'><strong>τῷ</strong></span> <span class='ocrx_word' id='word_1_356' title='bbox 2584 2485 2718 2554; x_wconf 81' lang='grc' dir='ltr'>ἰδίῳ,</span> <span class='ocrx_word' id='word_1_357' title='bbox 2747 2486 2951 2536; x_wconf 85' lang='grc' dir='ltr'>ἐκεῖνον</span> <span class='ocrx_word' id='word_1_358' title='bbox 2970 2477 3226 2550; x_wconf 74' lang='grc' dir='ltr'>λήψεσθε.</span> <span class='ocrx_word' id='word_1_359' title='bbox 3249 2497 3267 2530; x_wconf 79' lang='lat' dir='ltr'><strong>i</strong></span> <span class='ocrx_word' id='word_1_360' title='bbox 3290 2477 3445 2531; x_wconf 78' lang='grc' dir='ltr'>Οὕτω</span> <span class='ocrx_word' id='word_1_361' title='bbox 3468 2478 3658 2531; x_wconf 69' lang='grc' dir='ltr'>τοίνυν</span> <span class='ocrx_word' id='word_1_362' title='bbox 3678 2477 3825 2543; x_wconf 80' lang='grc' dir='ltr'>ξένος</span> <span class='ocrx_word' id='word_1_363' title='bbox 3856 2478 3952 2532; x_wconf 71' lang='grc' dir='ltr'>καὶ</span> <span class='ocrx_word' id='word_1_364' title='bbox 3971 2477 4065 2533; x_wconf 82' lang='grc' dir='ltr'><strong>ἀλ-</strong></span> 
     </span>
    </p>
   </div>
   <div class='ocr_carea' id='block_1_46' title="bbox 794 2566 4065 2650">
    <p class='ocr_par' dir='ltr' id='par_1_46' title="bbox 794 2566 4065 2650">
     <span class='ocr_line' id='line_1_46' title="bbox 794 2566 4065 2650; baseline -0.005 -9"><span class='ocrx_word' id='word_1_365' title='bbox 794 2566 1003 2640; x_wconf 72' lang='grc' dir='ltr'><strong>λότριος</strong></span> <span class='ocrx_word' id='word_1_366' title='bbox 1031 2569 1219 2640; x_wconf 80' lang='grc' dir='ltr'>γέγονε</span> <span class='ocrx_word' id='word_1_367' title='bbox 1245 2576 1357 2637; x_wconf 80' lang='grc' dir='ltr'>τοῖς</span> <span class='ocrx_word' id='word_1_368' title='bbox 1388 2575 1523 2638; x_wconf 78' lang='grc' dir='ltr'>υἱοῖς</span> <span class='ocrx_word' id='word_1_369' title='bbox 1548 2573 1646 2646; x_wconf 79' lang='grc' dir='ltr'><strong>τῆς</strong></span> <span class='ocrx_word' id='word_1_370' title='bbox 1670 2577 1875 2648; x_wconf 79' lang='grc' dir='ltr'>μητρὸς</span> <span class='ocrx_word' id='word_1_371' title='bbox 1898 2578 2084 2633; x_wconf 84' lang='grc' dir='ltr'>αὐτοῦ.</span> <span class='ocrx_word' id='word_1_372' title='bbox 2114 2576 2300 2636; x_wconf 88' lang='grc' dir='ltr'>Ταῦτα</span> <span class='ocrx_word' id='word_1_373' title='bbox 2314 2572 2370 2636; x_wconf 82' lang='grc' dir='ltr'><strong>δέ</strong></span> <span class='ocrx_word' id='word_1_374' title='bbox 2408 2581 2586 2636; x_wconf 84' lang='grc' dir='ltr'>πάντα</span> <span class='ocrx_word' id='word_1_375' title='bbox 2609 2578 2867 2650; x_wconf 84' lang='grc' dir='ltr'>ὑπέμεινε</span> <span class='ocrx_word' id='word_1_376' title='bbox 2884 2575 2972 2629; x_wconf 84' lang='grc' dir='ltr'>διὰ</span> <span class='ocrx_word' id='word_1_377' title='bbox 2998 2574 3096 2646; x_wconf 83' lang='grc' dir='ltr'>τὴν</span> <span class='ocrx_word' id='word_1_378' title='bbox 3124 2572 3521 2642; x_wconf 79' lang='grc' dir='ltr'>ἐπιλεγομένην</span> <span class='ocrx_word' id='word_1_379' title='bbox 3572 2572 3773 2634; x_wconf 84' lang='grc' dir='ltr'>αἰτίαν,</span> <span class='ocrx_word' id='word_1_380' title='bbox 3818 2574 3882 2644; x_wconf 76' lang='grc' dir='ltr'>ἣν</span> <span class='ocrx_word' id='word_1_381' title='bbox 3898 2574 4065 2641; x_wconf 82' lang='grc' dir='ltr'>ἀναγ-</span> 
     </span>
    </p>
   </div>
   <div class='ocr_carea' id='block_1_47' title="bbox 794 2658 2195 2741">
    <p class='ocr_par' dir='ltr' id='par_1_47' title="bbox 794 2658 2195 2741">
     <span class='ocr_line' id='line_1_47' title="bbox 794 2658 2195 2741; baseline 0.014 -26"><span class='ocrx_word' id='word_1_382' title='bbox 794 2658 965 2725; x_wconf 76' lang='grc' dir='ltr'>καίως</span> <span class='ocrx_word' id='word_1_383' title='bbox 988 2664 1282 2737; x_wconf 77' lang='grc' dir='ltr'>παρίστησι</span> <span class='ocrx_word' id='word_1_384' title='bbox 1311 2662 1506 2735; x_wconf 75' lang='grc' dir='ltr'>λέγων’</span> <span class='ocrx_word' id='word_1_385' title='bbox 1910 2724 1917 2731; x_wconf 79' lang='grc'><strong>.</strong></span> <span class='ocrx_word' id='word_1_386' title='bbox 2190 2736 2195 2741; x_wconf 81' lang='grc'><strong>,</strong></span> 
     </span>
    </p>
   </div>
   <div class='ocr_carea' id='block_1_48' title="bbox 866 2762 2367 2847">
    <p class='ocr_par' dir='ltr' id='par_1_48' title="bbox 866 2762 2367 2847">
     <span class='ocr_line' id='line_1_48' title="bbox 866 2762 2367 2847; baseline 0.005 -14"><span class='ocrx_word' id='word_1_387' title='bbox 866 2762 1029 2835; x_wconf 69' lang='lat' dir='ltr'><strong>Vnus.</strong></span> <span class='ocrx_word' id='word_1_388' title='bbox 1060 2780 1245 2836; x_wconf 78' lang='grc'><strong>10-15.</strong></span> <span class='ocrx_word' id='word_1_389' title='bbox 1286 2797 1306 2832; x_wconf 83' lang='grc'><strong><em>‹</em></strong></span> <span class='ocrx_word' id='word_1_390' title='bbox 1345 2782 1612 2847; x_wconf 83' lang='lat' dir='ltr'><strong>Quoniam</strong></span> <span class='ocrx_word' id='word_1_391' title='bbox 1653 2782 1803 2837; x_wconf 82' lang='lat' dir='ltr'><strong>zelus</strong></span> <span class='ocrx_word' id='word_1_392' title='bbox 1848 2782 2044 2840; x_wconf 89' lang='lat' dir='ltr'><strong>domus</strong></span> <span class='ocrx_word' id='word_1_393' title='bbox 2079 2792 2186 2840; x_wconf 64' lang='lat' dir='ltr'><strong>tua:</strong></span> <span class='ocrx_word' id='word_1_394' title='bbox 2215 2802 2367 2841; x_wconf 92' lang='lat' dir='ltr'><strong>com-</strong></span> 
     </span>
    </p>
   </div>
   <div class='ocr_carea' id='block_1_49' title="bbox 790 2860 2369 2946">
    <p class='ocr_par' dir='ltr' id='par_1_49' title="bbox 790 2860 2369 2946">
     <span class='ocr_line' id='line_1_49' title="bbox 790 2860 2369 2946; baseline 0.003 -17"><span class='ocrx_word' id='word_1_395' title='bbox 790 2874 904 2929; x_wconf 85' lang='lat' dir='ltr'><strong>edit</strong></span> <span class='ocrx_word' id='word_1_396' title='bbox 932 2890 1041 2939; x_wconf 68' lang='lat' dir='ltr'><strong>me,</strong></span> <span class='ocrx_word' id='word_1_397' title='bbox 1092 2881 1146 2929; x_wconf 88' lang='lat' dir='ltr'><strong>et</strong></span> <span class='ocrx_word' id='word_1_398' title='bbox 1188 2876 1482 2946; x_wconf 87' lang='lat' dir='ltr'><strong>opprobria</strong></span> <span class='ocrx_word' id='word_1_399' title='bbox 1522 2860 1973 2946; x_wconf 82' lang='lat' dir='ltr'><strong>exprobrantium</strong></span> <span class='ocrx_word' id='word_1_400' title='bbox 2016 2877 2119 2933; x_wconf 89' lang='lat' dir='ltr'><strong>tibi</strong></span> <span class='ocrx_word' id='word_1_401' title='bbox 2165 2879 2369 2933; x_wconf 81' lang='lat' dir='ltr'><strong>cecide-</strong></span> 
     </span>
    </p>
   </div>
   <div class='ocr_carea' id='block_1_50' title="bbox 790 2968 2369 3037">
    <p class='ocr_par' dir='ltr' id='par_1_50' title="bbox 790 2968 2369 3037">
     <span class='ocr_line' id='line_1_50' title="bbox 790 2968 2369 3037; baseline 0.001 -17"><span class='ocrx_word' id='word_1_402' title='bbox 790 2975 919 3021; x_wconf 87' lang='lat' dir='ltr'><strong>runt</strong></span> <span class='ocrx_word' id='word_1_403' title='bbox 950 2984 1113 3037; x_wconf 88' lang='lat' dir='ltr'><strong>super</strong></span> <span class='ocrx_word' id='word_1_404' title='bbox 1146 2983 1253 3022; x_wconf 91' lang='lat' dir='ltr'><strong>me.</strong></span> <span class='ocrx_word' id='word_1_405' title='bbox 1299 2988 1317 3021; x_wconf 76' lang='grc' dir='ltr'><strong>ι</strong></span> <span class='ocrx_word' id='word_1_406' title='bbox 1366 2968 1505 3034; x_wconf 88' lang='lat' dir='ltr'><strong>Quia</strong></span> <span class='ocrx_word' id='word_1_407' title='bbox 1534 2969 1680 3023; x_wconf 91' lang='lat' dir='ltr'><strong>enim</strong></span> <span class='ocrx_word' id='word_1_408' title='bbox 1732 2969 1902 3022; x_wconf 89' lang='lat' dir='ltr'><strong>multa</strong></span> <span class='ocrx_word' id='word_1_409' title='bbox 1955 2984 2091 3024; x_wconf 90' lang='lat' dir='ltr'><strong>usus</strong></span> <span class='ocrx_word' id='word_1_410' title='bbox 2151 2969 2369 3035; x_wconf 80' lang='lat' dir='ltr'><strong>ﬁducia,</strong></span> 
     </span>
    </p>
   </div>
   <div class='ocr_carea' id='block_1_51' title="bbox 787 3059 2371 3131">
    <p class='ocr_par' dir='ltr' id='par_1_51' title="bbox 787 3059 2371 3131">
     <span class='ocr_line' id='line_1_51' title="bbox 787 3059 2371 3131; baseline 0.001 -16"><span class='ocrx_word' id='word_1_411' title='bbox 787 3075 883 3117; x_wconf 91' lang='lat' dir='ltr'><strong>eos</strong></span> <span class='ocrx_word' id='word_1_412' title='bbox 914 3061 1008 3131; x_wconf 89' lang='lat' dir='ltr'><strong>qui</strong></span> <span class='ocrx_word' id='word_1_413' title='bbox 1031 3062 1251 3115; x_wconf 90' lang='lat' dir='ltr'><strong>domum</strong></span> <span class='ocrx_word' id='word_1_414' title='bbox 1285 3059 1464 3116; x_wconf 89' lang='lat' dir='ltr'><strong>Patris</strong></span> <span class='ocrx_word' id='word_1_415' title='bbox 1495 3061 1602 3125; x_wconf 90' lang='lat' dir='ltr'><strong>sui,</strong></span> <span class='ocrx_word' id='word_1_416' title='bbox 1638 3060 1863 3114; x_wconf 89' lang='lat' dir='ltr'><strong>domum</strong></span> <span class='ocrx_word' id='word_1_417' title='bbox 1902 3061 2287 3131; x_wconf 82' lang='lat' dir='ltr'><strong>negotiationis</strong></span> <span class='ocrx_word' id='word_1_418' title='bbox 2317 3070 2371 3116; x_wconf 84' lang='lat' dir='ltr'><strong>et</strong></span> 
     </span>
    </p>
   </div>
   <div class='ocr_carea' id='block_1_52' title="bbox 788 3152 2366 3226">
    <p class='ocr_par' dir='ltr' id='par_1_52' title="bbox 788 3152 2366 3226">
     <span class='ocr_line' id='line_1_52' title="bbox 788 3152 2366 3226; baseline 0.001 -17"><span class='ocrx_word' id='word_1_419' title='bbox 788 3156 1106 3225; x_wconf 80' lang='lat' dir='ltr'><strong>Speluncam</strong></span> <span class='ocrx_word' id='word_1_420' title='bbox 1133 3156 1407 3208; x_wconf 87' lang='lat' dir='ltr'><strong>latronum</strong></span> <span class='ocrx_word' id='word_1_421' title='bbox 1436 3152 1731 3218; x_wconf 83' lang='lat' dir='ltr'><strong>faciebant,</strong></span> <span class='ocrx_word' id='word_1_422' title='bbox 1757 3155 2089 3225; x_wconf 80' lang='lat' dir='ltr'><strong>coarguebat</strong></span> <span class='ocrx_word' id='word_1_423' title='bbox 2114 3162 2169 3210; x_wconf 91' lang='lat' dir='ltr'><strong>et</strong></span> <span class='ocrx_word' id='word_1_424' title='bbox 2198 3156 2366 3226; x_wconf 86' lang='lat' dir='ltr'><strong>pelle-</strong></span> 
     </span>
    </p>
   </div>
   <div class='ocr_carea' id='block_1_53' title="bbox 786 3245 2361 3320">
    <p class='ocr_par' dir='ltr' id='par_1_53' title="bbox 786 3245 2361 3320">
     <span class='ocr_line' id='line_1_53' title="bbox 786 3245 2361 3320; baseline 0.001 -19"><span class='ocrx_word' id='word_1_425' title='bbox 786 3247 911 3313; x_wconf 90' lang='lat' dir='ltr'><strong>bat,</strong></span> <span class='ocrx_word' id='word_1_426' title='bbox 940 3247 1065 3302; x_wconf 91' lang='lat' dir='ltr'><strong>ideo</strong></span> <span class='ocrx_word' id='word_1_427' title='bbox 1093 3246 1498 3301; x_wconf 87' lang='lat' dir='ltr'><strong>insidiabantur</strong></span> <span class='ocrx_word' id='word_1_428' title='bbox 1519 3246 1643 3317; x_wconf 91' lang='lat' dir='ltr'><strong>ipsi.</strong></span> <span class='ocrx_word' id='word_1_429' title='bbox 1680 3245 1836 3312; x_wconf 87' lang='lat' dir='ltr'><strong>Quod</strong></span> <span class='ocrx_word' id='word_1_430' title='bbox 1860 3246 2100 3303; x_wconf 86' lang='lat' dir='ltr'><strong>declarat</strong></span> <span class='ocrx_word' id='word_1_431' title='bbox 2128 3263 2361 3320; x_wconf 82' lang='lat' dir='ltr'><strong>evange-</strong></span> 
     </span>
    </p>
   </div>
   <div class='ocr_carea' id='block_1_54' title="bbox 784 3337 2356 3409">
    <p class='ocr_par' dir='ltr' id='par_1_54' title="bbox 784 3337 2356 3409">
     <span class='ocr_line' id='line_1_54' title="bbox 784 3337 2356 3409; baseline 0.003 -19"><span class='ocrx_word' id='word_1_432' title='bbox 784 3339 931 3401; x_wconf 86' lang='lat' dir='ltr'><strong>lista,</strong></span> <span class='ocrx_word' id='word_1_433' title='bbox 960 3340 1184 3393; x_wconf 89' lang='lat' dir='ltr'><strong>dicens:</strong></span> <span class='ocrx_word' id='word_1_434' title='bbox 1223 3356 1242 3389; x_wconf 73' lang='grc' dir='ltr'><strong>ι</strong></span> <span class='ocrx_word' id='word_1_435' title='bbox 1280 3337 1346 3392; x_wconf 88' lang='lat' dir='ltr'><strong>Et</strong></span> <span class='ocrx_word' id='word_1_436' title='bbox 1384 3353 1551 3409; x_wconf 87' lang='lat' dir='ltr'><strong>prope</strong></span> <span class='ocrx_word' id='word_1_437' title='bbox 1591 3347 1710 3394; x_wconf 89' lang='lat' dir='ltr'><strong>erat</strong></span> <span class='ocrx_word' id='word_1_438' title='bbox 1760 3338 1971 3396; x_wconf 84' lang='lat' dir='ltr'><strong>Pascha</strong></span> <span class='ocrx_word' id='word_1_439' title='bbox 2022 3339 2356 3407; x_wconf 73' lang='lat' dir='ltr'><strong>Judteorum,</strong></span> 
     </span>
    </p>
   </div>
   <div class='ocr_carea' id='block_1_55' title="bbox 785 3414 2367 3500">
    <p class='ocr_par' dir='ltr' id='par_1_55' title="bbox 785 3414 2367 3500">
     <span class='ocr_line' id='line_1_55' title="bbox 785 3414 2367 3500; baseline 0 -18"><span class='ocrx_word' id='word_1_440' title='bbox 785 3440 837 3482; x_wconf 89' lang='lat' dir='ltr'><strong>et</strong></span> <span class='ocrx_word' id='word_1_441' title='bbox 862 3428 1112 3483; x_wconf 83' lang='lat' dir='ltr'><strong>ascendit</strong></span> <span class='ocrx_word' id='word_1_442' title='bbox 1140 3414 1298 3483; x_wconf 71' lang='lat' dir='ltr'><strong>Iesus</strong></span> <span class='ocrx_word' id='word_1_443' title='bbox 1340 3426 1735 3500; x_wconf 79' lang='lat' dir='ltr'><strong>Jerosolymam</strong></span> <span class='ocrx_word' id='word_1_444' title='bbox 1768 3448 1782 3483; x_wconf 87' lang='lat'><strong>:</strong></span> <span class='ocrx_word' id='word_1_445' title='bbox 1818 3437 1873 3484; x_wconf 89' lang='lat' dir='ltr'><strong>et</strong></span> <span class='ocrx_word' id='word_1_446' title='bbox 1906 3429 2113 3484; x_wconf 87' lang='lat' dir='ltr'><strong>invenit</strong></span> <span class='ocrx_word' id='word_1_447' title='bbox 2142 3429 2196 3484; x_wconf 92' lang='lat' dir='ltr'><strong>in</strong></span> <span class='ocrx_word' id='word_1_448' title='bbox 2230 3437 2367 3483; x_wconf 91' lang='lat' dir='ltr'><strong>tem-</strong></span> 
     </span>
    </p>
   </div>
   <div class='ocr_carea' id='block_1_56' title="bbox 785 3504 2366 3591">
    <p class='ocr_par' dir='ltr' id='par_1_56' title="bbox 785 3504 2366 3591">
     <span class='ocr_line' id='line_1_56' title="bbox 785 3504 2366 3591; baseline 0.001 -17"><span class='ocrx_word' id='word_1_449' title='bbox 785 3523 876 3591; x_wconf 86' lang='lat' dir='ltr'><strong>plo</strong></span> <span class='ocrx_word' id='word_1_450' title='bbox 910 3520 1207 3578; x_wconf 85' lang='lat' dir='ltr'><strong>vendentes</strong></span> <span class='ocrx_word' id='word_1_451' title='bbox 1259 3537 1389 3578; x_wconf 86' lang='lat' dir='ltr'><strong>oves</strong></span> <span class='ocrx_word' id='word_1_452' title='bbox 1432 3504 1487 3578; x_wconf 82' lang='lat' dir='ltr'><strong>et</strong></span> <span class='ocrx_word' id='word_1_453' title='bbox 1538 3524 1726 3588; x_wconf 83' lang='lat' dir='ltr'><strong>boves,</strong></span> <span class='ocrx_word' id='word_1_454' title='bbox 1769 3529 1823 3577; x_wconf 90' lang='lat' dir='ltr'><strong>et</strong></span> <span class='ocrx_word' id='word_1_455' title='bbox 1871 3522 2366 3577; x_wconf 89' lang='lat' dir='ltr'><strong>nummulariorum</strong></span> 
     </span>
    </p>
   </div>
   <div class='ocr_carea' id='block_1_57' title="bbox 784 3612 2368 3686">
    <p class='ocr_par' dir='ltr' id='par_1_57' title="bbox 784 3612 2368 3686">
     <span class='ocr_line' id='line_1_57' title="bbox 784 3612 2368 3686; baseline 0 -17"><span class='ocrx_word' id='word_1_456' title='bbox 784 3612 974 3669; x_wconf 83' lang='lat' dir='ltr'><strong>ell‘udit</strong></span> <span class='ocrx_word' id='word_1_457' title='bbox 1021 3630 1097 3671; x_wconf 70' lang='grc' dir='ltr'><strong>ωε</strong></span> <span class='ocrx_word' id='word_1_458' title='bbox 1144 3622 1203 3671; x_wconf 86' lang='lat' dir='ltr'><strong>et</strong></span> <span class='ocrx_word' id='word_1_459' title='bbox 1250 3630 1491 3672; x_wconf 86' lang='lat' dir='ltr'><strong>mensas.</strong></span> <span class='ocrx_word' id='word_1_460' title='bbox 1527 3614 1593 3669; x_wconf 88' lang='lat' dir='ltr'><strong>Et</strong></span> <span class='ocrx_word' id='word_1_461' title='bbox 1619 3615 1688 3672; x_wconf 90' lang='lat' dir='ltr'><strong>iis</strong></span> <span class='ocrx_word' id='word_1_462' title='bbox 1713 3616 1807 3686; x_wconf 90' lang='lat' dir='ltr'><strong>qui</strong></span> <span class='ocrx_word' id='word_1_463' title='bbox 1850 3616 2137 3672; x_wconf 89' lang='lat' dir='ltr'><strong>columbas</strong></span> <span class='ocrx_word' id='word_1_464' title='bbox 2167 3614 2368 3671; x_wconf 83' lang='lat' dir='ltr'><strong>vende-</strong></span> 
     </span>
    </p>
   </div>
   <div class='ocr_carea' id='block_1_58' title="bbox 784 3692 2367 3769">
    <p class='ocr_par' dir='ltr' id='par_1_58' title="bbox 784 3692 2367 3769">
     <span class='ocr_line' id='line_1_58' title="bbox 784 3692 2367 3769; baseline 0.001 -8"><span class='ocrx_word' id='word_1_465' title='bbox 784 3707 917 3761; x_wconf 79' lang='lat' dir='ltr'><strong>bant</strong></span> <span class='ocrx_word' id='word_1_466' title='bbox 961 3707 1138 3762; x_wconf 66' lang='lat' dir='ltr'><strong>dixit:</strong></span> <span class='ocrx_word' id='word_1_467' title='bbox 1174 3704 1397 3763; x_wconf 69' lang='lat' dir='ltr'><strong>Auferte</strong></span> <span class='ocrx_word' id='word_1_468' title='bbox 1450 3692 1557 3763; x_wconf 88' lang='lat' dir='ltr'><strong>ista</strong></span> <span class='ocrx_word' id='word_1_469' title='bbox 1622 3708 1773 3769; x_wconf 84' lang='lat' dir='ltr'><strong>hinc,</strong></span> <span class='ocrx_word' id='word_1_470' title='bbox 1839 3716 1893 3762; x_wconf 92' lang='lat' dir='ltr'><strong>et</strong></span> <span class='ocrx_word' id='word_1_471' title='bbox 1955 3708 2128 3763; x_wconf 88' lang='lat' dir='ltr'><strong>nolite</strong></span> <span class='ocrx_word' id='word_1_472' title='bbox 2187 3706 2367 3763; x_wconf 80' lang='lat' dir='ltr'><strong>facere</strong></span> 
     </span>
    </p>
   </div>
   <div class='ocr_carea' id='block_1_59' title="bbox 782 3799 2367 3871">
    <p class='ocr_par' dir='ltr' id='par_1_59' title="bbox 782 3799 2367 3871">
     <span class='ocr_line' id='line_1_59' title="bbox 782 3799 2367 3871; baseline 0.001 -18"><span class='ocrx_word' id='word_1_473' title='bbox 782 3799 1004 3855; x_wconf 88' lang='lat' dir='ltr'><strong>domum</strong></span> <span class='ocrx_word' id='word_1_474' title='bbox 1033 3799 1215 3857; x_wconf 84' lang='lat' dir='ltr'><strong>Patris</strong></span> <span class='ocrx_word' id='word_1_475' title='bbox 1240 3800 1369 3866; x_wconf 91' lang='lat' dir='ltr'><strong>mei,</strong></span> <span class='ocrx_word' id='word_1_476' title='bbox 1417 3799 1621 3855; x_wconf 89' lang='lat' dir='ltr'><strong>donum</strong></span> <span class='ocrx_word' id='word_1_477' title='bbox 1662 3800 2049 3871; x_wconf 78' lang='lat' dir='ltr'><strong>negotiationis</strong></span> <span class='ocrx_word' id='word_1_478' title='bbox 2081 3801 2143 3855; x_wconf 66' lang='lat'><strong>‘3.</strong></span> <span class='ocrx_word' id='word_1_479' title='bbox 2188 3820 2207 3853; x_wconf 77' lang='grc' dir='ltr'><strong>ι</strong></span> <span class='ocrx_word' id='word_1_480' title='bbox 2235 3800 2367 3867; x_wconf 83' lang='lat' dir='ltr'><strong>Qui-</strong></span> 
     </span>
    </p>
   </div>
   <div class='ocr_carea' id='block_1_60' title="bbox 781 3890 2362 3964">
    <p class='ocr_par' dir='ltr' id='par_1_60' title="bbox 781 3890 2362 3964">
     <span class='ocr_line' id='line_1_60' title="bbox 781 3890 2362 3964; baseline 0.002 -20"><span class='ocrx_word' id='word_1_481' title='bbox 781 3890 890 3947; x_wconf 85' lang='lat' dir='ltr'><strong>bus</strong></span> <span class='ocrx_word' id='word_1_482' title='bbox 941 3892 1222 3963; x_wconf 89' lang='lat' dir='ltr'><strong>subjungit</strong></span> <span class='ocrx_word' id='word_1_483' title='bbox 1260 3910 1293 3957; x_wconf 21' lang='grc' dir='ltr'>ς,</span> <span class='ocrx_word' id='word_1_484' title='bbox 1327 3909 1347 3944; x_wconf 75' lang='grc' dir='ltr'><strong>ι</strong></span> <span class='ocrx_word' id='word_1_485' title='bbox 1408 3891 1699 3947; x_wconf 82' lang='lat' dir='ltr'><strong>Recordati</strong></span> <span class='ocrx_word' id='word_1_486' title='bbox 1742 3901 1869 3948; x_wconf 89' lang='lat' dir='ltr'><strong>sunt</strong></span> <span class='ocrx_word' id='word_1_487' title='bbox 1922 3892 2176 3963; x_wconf 90' lang='lat' dir='ltr'><strong>discipuli</strong></span> <span class='ocrx_word' id='word_1_488' title='bbox 2224 3893 2362 3964; x_wconf 89' lang='lat' dir='ltr'><strong>ejus,</strong></span> 
     </span>
    </p>
   </div>
   <div class='ocr_carea' id='block_1_61' title="bbox 781 3985 2368 4055">
    <p class='ocr_par' dir='ltr' id='par_1_61' title="bbox 781 3985 2368 4055">
     <span class='ocr_line' id='line_1_61' title="bbox 781 3985 2368 4055; baseline 0.001 -16"><span class='ocrx_word' id='word_1_489' title='bbox 781 3985 911 4054; x_wconf 80' lang='lat' dir='ltr'><strong>quia</strong></span> <span class='ocrx_word' id='word_1_490' title='bbox 978 3986 1243 4055; x_wconf 86' lang='lat' dir='ltr'><strong>scriptum</strong></span> <span class='ocrx_word' id='word_1_491' title='bbox 1307 3996 1391 4043; x_wconf 90' lang='lat' dir='ltr'><strong>est</strong></span> <span class='ocrx_word' id='word_1_492' title='bbox 1433 4005 1449 4042; x_wconf 85' lang='lat'><strong>:</strong></span> <span class='ocrx_word' id='word_1_493' title='bbox 1502 3985 1663 4041; x_wconf 87' lang='lat' dir='ltr'><strong>Zelus</strong></span> <span class='ocrx_word' id='word_1_494' title='bbox 1714 3986 1911 4043; x_wconf 91' lang='lat' dir='ltr'><strong>domus</strong></span> <span class='ocrx_word' id='word_1_495' title='bbox 1979 3994 2085 4042; x_wconf 67' lang='lat' dir='ltr'><strong>tuae</strong></span> <span class='ocrx_word' id='word_1_496' title='bbox 2131 3988 2368 4042; x_wconf 88' lang='lat' dir='ltr'><strong>comedit</strong></span> 
     </span>
    </p>
   </div>
   <div class='ocr_carea' id='block_1_62' title="bbox 779 4074 2366 4152">
    <p class='ocr_par' dir='ltr' id='par_1_62' title="bbox 779 4074 2366 4152">
     <span class='ocr_line' id='line_1_62' title="bbox 779 4074 2366 4152; baseline 0.003 -22"><span class='ocrx_word' id='word_1_497' title='bbox 779 4078 950 4132; x_wconf 80' lang='lat' dir='ltr'><strong>me“.</strong></span> <span class='ocrx_word' id='word_1_498' title='bbox 979 4096 997 4127; x_wconf 73' lang='grc' dir='ltr'><strong>ι</strong></span> <span class='ocrx_word' id='word_1_499' title='bbox 1019 4075 1125 4132; x_wconf 85' lang='lat' dir='ltr'><strong>Sed</strong></span> <span class='ocrx_word' id='word_1_500' title='bbox 1169 4078 1334 4133; x_wconf 89' lang='lat' dir='ltr'><strong>etiam</strong></span> <span class='ocrx_word' id='word_1_501' title='bbox 1366 4074 1658 4150; x_wconf 79' lang='lat' dir='ltr'><strong>opprobria</strong></span> <span class='ocrx_word' id='word_1_502' title='bbox 1691 4080 2138 4152; x_wconf 83' lang='lat' dir='ltr'><strong>exprobrantium</strong></span> <span class='ocrx_word' id='word_1_503' title='bbox 2168 4078 2279 4135; x_wconf 90' lang='lat' dir='ltr'><strong>Deo</strong></span> <span class='ocrx_word' id='word_1_504' title='bbox 2310 4081 2366 4135; x_wconf 92' lang='lat' dir='ltr'><strong>in</strong></span> 
     </span>
    </p>
   </div>
   <div class='ocr_carea' id='block_1_63' title="bbox 735 4171 2368 4244">
    <p class='ocr_par' dir='ltr' id='par_1_63' title="bbox 735 4171 2368 4244">
     <span class='ocr_line' id='line_1_63' title="bbox 735 4171 2368 4244; baseline 0.002 -18"><span class='ocrx_word' id='word_1_505' title='bbox 735 4171 738 4174; x_wconf 76' lang='grc'><strong>’</strong></span> <span class='ocrx_word' id='word_1_506' title='bbox 779 4186 840 4226; x_wconf 82' lang='lat' dir='ltr'><strong>se</strong></span> <span class='ocrx_word' id='word_1_507' title='bbox 882 4172 1173 4239; x_wconf 85' lang='lat' dir='ltr'><strong>recipiens,</strong></span> <span class='ocrx_word' id='word_1_508' title='bbox 1207 4188 1397 4226; x_wconf 90' lang='lat' dir='ltr'><strong>eorum</strong></span> <span class='ocrx_word' id='word_1_509' title='bbox 1456 4175 1602 4229; x_wconf 87' lang='lat' dir='ltr'><strong>ultor</strong></span> <span class='ocrx_word' id='word_1_510' title='bbox 1632 4173 1772 4228; x_wconf 83' lang='lat' dir='ltr'><strong>fuit:</strong></span> <span class='ocrx_word' id='word_1_511' title='bbox 1820 4174 2177 4244; x_wconf 85' lang='lat' dir='ltr'><strong>quamobrem</strong></span> <span class='ocrx_word' id='word_1_512' title='bbox 2222 4172 2368 4230; x_wconf 14' lang='lat' dir='ltr'><strong>idice-</strong></span> 
     </span>
    </p>
   </div>
   <div class='ocr_carea' id='block_1_64' title="bbox 779 4261 2366 4334">
    <p class='ocr_par' dir='ltr' id='par_1_64' title="bbox 779 4261 2366 4334">
     <span class='ocr_line' id='line_1_64' title="bbox 779 4261 2366 4334; baseline 0.002 -19"><span class='ocrx_word' id='word_1_513' title='bbox 779 4263 873 4316; x_wconf 91' lang='lat' dir='ltr'><strong>bat</strong></span> <span class='ocrx_word' id='word_1_514' title='bbox 902 4281 915 4317; x_wconf 93' lang='lat'>:</span> <span class='ocrx_word' id='word_1_515' title='bbox 944 4282 962 4314; x_wconf 81' lang='grc' dir='ltr'><strong>ι</strong></span> <span class='ocrx_word' id='word_1_516' title='bbox 990 4261 1052 4316; x_wconf 83' lang='grc' dir='ltr'><strong>Ει</strong></span> <span class='ocrx_word' id='word_1_517' title='bbox 1083 4263 1376 4333; x_wconf 91' lang='lat' dir='ltr'><strong>opprobria</strong></span> <span class='ocrx_word' id='word_1_518' title='bbox 1420 4265 1867 4334; x_wconf 80' lang='lat' dir='ltr'><strong>exprobrantium</strong></span> <span class='ocrx_word' id='word_1_519' title='bbox 1912 4264 2007 4319; x_wconf 88' lang='lat' dir='ltr'><strong>tibi</strong></span> <span class='ocrx_word' id='word_1_520' title='bbox 2050 4264 2366 4320; x_wconf 83' lang='lat' dir='ltr'><strong>ceciderunt</strong></span> 
     </span>
    </p>
   </div>
   <div class='ocr_carea' id='block_1_65' title="bbox 779 4355 2364 4427">
    <p class='ocr_par' dir='ltr' id='par_1_65' title="bbox 779 4355 2364 4427">
     <span class='ocr_line' id='line_1_65' title="bbox 779 4355 2364 4427; baseline 0.001 -16"><span class='ocrx_word' id='word_1_521' title='bbox 779 4371 942 4425; x_wconf 82' lang='lat' dir='ltr'><strong>super</strong></span> <span class='ocrx_word' id='word_1_522' title='bbox 970 4371 1076 4412; x_wconf 74' lang='lat' dir='ltr'><strong>me.</strong></span> <span class='ocrx_word' id='word_1_523' title='bbox 1119 4376 1139 4409; x_wconf 71' lang='grc' dir='ltr'><strong>ι</strong></span> <span class='ocrx_word' id='word_1_524' title='bbox 1174 4355 1293 4412; x_wconf 85' lang='lat' dir='ltr'><strong>Non</strong></span> <span class='ocrx_word' id='word_1_525' title='bbox 1320 4355 1500 4413; x_wconf 75' lang='lat' dir='ltr'><strong>ferens</strong></span> <span class='ocrx_word' id='word_1_526' title='bbox 1531 4357 1676 4413; x_wconf 89' lang='lat' dir='ltr'><strong>enim</strong></span> <span class='ocrx_word' id='word_1_527' title='bbox 1708 4373 1807 4413; x_wconf 89' lang='lat' dir='ltr'><strong>eos</strong></span> <span class='ocrx_word' id='word_1_528' title='bbox 1838 4359 1932 4427; x_wconf 89' lang='lat' dir='ltr'><strong>qui</strong></span> <span class='ocrx_word' id='word_1_529' title='bbox 1957 4357 2217 4427; x_wconf 88' lang='lat' dir='ltr'><strong>operibus</strong></span> <span class='ocrx_word' id='word_1_530' title='bbox 2248 4357 2364 4414; x_wconf 85' lang='lat' dir='ltr'><strong>suis</strong></span> 
     </span>
    </p>
   </div>
   <div class='ocr_carea' id='block_1_66' title="bbox 779 4448 2364 4523">
    <p class='ocr_par' dir='ltr' id='par_1_66' title="bbox 779 4448 2364 4523">
     <span class='ocr_line' id='line_1_66' title="bbox 779 4448 2364 4523; baseline -0.001 -18"><span class='ocrx_word' id='word_1_531' title='bbox 779 4451 1135 4523; x_wconf 83' lang='lat' dir='ltr'><strong>opprobrium</strong></span> <span class='ocrx_word' id='word_1_532' title='bbox 1166 4450 1448 4522; x_wconf 79' lang='lat' dir='ltr'><strong>religionis</strong></span> <span class='ocrx_word' id='word_1_533' title='bbox 1480 4449 1691 4520; x_wconf 78' lang='lat' dir='ltr'><strong>legibus</strong></span> <span class='ocrx_word' id='word_1_534' title='bbox 1718 4448 2050 4512; x_wconf 77' lang='lat' dir='ltr'><strong>inferebant,</strong></span> <span class='ocrx_word' id='word_1_535' title='bbox 2088 4449 2364 4519; x_wconf 88' lang='lat' dir='ltr'><strong>principes</strong></span> 
     </span>
    </p>
   </div>
   <div class='ocr_carea' id='block_1_67' title="bbox 777 4539 2363 4616">
    <p class='ocr_par' dir='ltr' id='par_1_67' title="bbox 777 4539 2363 4616">
     <span class='ocr_line' id='line_1_67' title="bbox 777 4539 2363 4616; baseline -0.004 -15"><span class='ocrx_word' id='word_1_536' title='bbox 777 4546 953 4616; x_wconf 84' lang='lat' dir='ltr'><strong>gentis</strong></span> <span class='ocrx_word' id='word_1_537' title='bbox 984 4544 1337 4615; x_wconf 83' lang='lat' dir='ltr'><strong>coarguebat.</strong></span> <span class='ocrx_word' id='word_1_538' title='bbox 1369 4542 1553 4610; x_wconf 83' lang='lat' dir='ltr'><strong>Quare</strong></span> <span class='ocrx_word' id='word_1_539' title='bbox 1583 4542 1774 4596; x_wconf 82' lang='lat' dir='ltr'><strong>turbas</strong></span> <span class='ocrx_word' id='word_1_540' title='bbox 1808 4548 1863 4597; x_wconf 92' lang='lat' dir='ltr'><strong>et</strong></span> <span class='ocrx_word' id='word_1_541' title='bbox 1902 4539 2205 4611; x_wconf 88' lang='lat' dir='ltr'><strong>discipulos</strong></span> <span class='ocrx_word' id='word_1_542' title='bbox 2234 4556 2363 4597; x_wconf 91' lang='lat' dir='ltr'><strong>suos</strong></span> 
     </span>
    </p>
   </div>
   <div class='ocr_carea' id='block_1_68' title="bbox 2550 2778 4063 2856">
    <p class='ocr_par' dir='ltr' id='par_1_68' title="bbox 2550 2778 4063 2856">
     <span class='ocr_line' id='line_1_68' title="bbox 2550 2778 4063 2856; baseline 0.001 -20"><span class='ocrx_word' id='word_1_543' title='bbox 2550 2802 2569 2836; x_wconf 78' lang='grc' dir='ltr'><strong>ι</strong></span> <span class='ocrx_word' id='word_1_544' title='bbox 2611 2784 2732 2837; x_wconf 87' lang='grc' dir='ltr'><strong>Ὅτι</strong></span> <span class='ocrx_word' id='word_1_545' title='bbox 2762 2783 2790 2836; x_wconf 88' lang='grc' dir='ltr'><strong>ὀ</strong></span> <span class='ocrx_word' id='word_1_546' title='bbox 2831 2778 2990 2853; x_wconf 73' lang='grc' dir='ltr'>ζῆλος</span> <span class='ocrx_word' id='word_1_547' title='bbox 3036 2780 3132 2835; x_wconf 91' lang='grc' dir='ltr'><strong>τοῦ</strong></span> <span class='ocrx_word' id='word_1_548' title='bbox 3160 2781 3313 2836; x_wconf 63' lang='grc' dir='ltr'>οἴκου</span> <span class='ocrx_word' id='word_1_549' title='bbox 3371 2800 3467 2837; x_wconf 90' lang='grc' dir='ltr'><strong>σου</strong></span> <span class='ocrx_word' id='word_1_550' title='bbox 3500 2782 3781 2855; x_wconf 81' lang='grc' dir='ltr'>κατέφαγέ</span> <span class='ocrx_word' id='word_1_551' title='bbox 3835 2801 3935 2856; x_wconf 88' lang='grc' dir='ltr'><strong>με,</strong></span> <span class='ocrx_word' id='word_1_552' title='bbox 3968 2783 4063 2838; x_wconf 75' lang='grc' dir='ltr'>καὶ</span> 
     </span>
    </p>
   </div>
   <div class='ocr_carea' id='block_1_69' title="bbox 2471 2861 4061 2951">
    <p class='ocr_par' dir='ltr' id='par_1_69' title="bbox 2471 2861 4061 2951">
     <span class='ocr_line' id='line_1_69' title="bbox 2471 2861 4061 2951; baseline 0.001 -22"><span class='ocrx_word' id='word_1_553' title='bbox 2471 2878 2524 2929; x_wconf 83' lang='grc' dir='ltr'>οἱ</span> <span class='ocrx_word' id='word_1_554' title='bbox 2580 2874 2873 2945; x_wconf 83' lang='grc' dir='ltr'>ὀνειδισμοὶ</span> <span class='ocrx_word' id='word_1_555' title='bbox 2916 2873 3028 2929; x_wconf 90' lang='grc' dir='ltr'><strong>τῶν</strong></span> <span class='ocrx_word' id='word_1_556' title='bbox 3094 2874 3457 2951; x_wconf 78' lang='grc' dir='ltr'>ὀνειδιζόντων</span> <span class='ocrx_word' id='word_1_557' title='bbox 3525 2893 3584 2929; x_wconf 89' lang='grc' dir='ltr'><strong>σε</strong></span> <span class='ocrx_word' id='word_1_558' title='bbox 3645 2878 3922 2932; x_wconf 89' lang='grc' dir='ltr'>ἐπέπεσαν</span> <span class='ocrx_word' id='word_1_559' title='bbox 3973 2861 4061 2933; x_wconf 81' lang='grc' dir='ltr'><strong>ἐπ’</strong></span> 
     </span>
    </p>
   </div>
   <div class='ocr_carea' id='block_1_70' title="bbox 2475 2963 4060 3041">
    <p class='ocr_par' dir='ltr' id='par_1_70' title="bbox 2475 2963 4060 3041">
     <span class='ocr_line' id='line_1_70' title="bbox 2475 2963 4060 3041; baseline 0.004 -24"><span class='ocrx_word' id='word_1_560' title='bbox 2475 2965 2595 3035; x_wconf 84' lang='grc' dir='ltr'>ἐμέ.</span> <span class='ocrx_word' id='word_1_561' title='bbox 2643 2982 2661 3015; x_wconf 75' lang='grc' dir='ltr'><strong>ι</strong></span> <span class='ocrx_word' id='word_1_562' title='bbox 2720 2963 2937 3035; x_wconf 80' lang='grc' dir='ltr'>Ἐπειδὴ</span> <span class='ocrx_word' id='word_1_563' title='bbox 2983 2963 3124 3035; x_wconf 84' lang='grc' dir='ltr'>γὰρ,</span> <span class='ocrx_word' id='word_1_564' title='bbox 3190 2964 3358 3036; x_wconf 84' lang='grc' dir='ltr'>πολλῇ</span> <span class='ocrx_word' id='word_1_565' title='bbox 3415 2966 3702 3038; x_wconf 75' lang='grc' dir='ltr'>παρρησίᾳ</span> <span class='ocrx_word' id='word_1_566' title='bbox 3757 2966 4060 3041; x_wconf 78' lang='grc' dir='ltr'>χρώμενος,</span> 
     </span>
    </p>
   </div>
   <div class='ocr_carea' id='block_1_71' title="bbox 2475 3052 4061 3133">
    <p class='ocr_par' dir='ltr' id='par_1_71' title="bbox 2475 3052 4061 3133">
     <span class='ocr_line' id='line_1_71' title="bbox 2475 3052 4061 3133; baseline 0.003 -25"><span class='ocrx_word' id='word_1_567' title='bbox 2475 3057 2601 3119; x_wconf 83' lang='grc' dir='ltr'>τοὺς</span> <span class='ocrx_word' id='word_1_568' title='bbox 2641 3056 2732 3109; x_wconf 84' lang='grc' dir='ltr'><strong>τὸν</strong></span> <span class='ocrx_word' id='word_1_569' title='bbox 2774 3052 2921 3110; x_wconf 81' lang='grc' dir='ltr'>οἶκον</span> <span class='ocrx_word' id='word_1_570' title='bbox 2973 3057 3069 3110; x_wconf 90' lang='grc' dir='ltr'><strong>τοῦ</strong></span> <span class='ocrx_word' id='word_1_571' title='bbox 3126 3058 3340 3129; x_wconf 80' lang='grc' dir='ltr'>Πατρὸς</span> <span class='ocrx_word' id='word_1_572' title='bbox 3379 3058 3551 3131; x_wconf 36' lang='grc' dir='ltr'>αὐτοῦ,</span> <span class='ocrx_word' id='word_1_573' title='bbox 3582 3055 3729 3114; x_wconf 80' lang='grc' dir='ltr'>οἷκον</span> <span class='ocrx_word' id='word_1_574' title='bbox 3793 3062 4061 3133; x_wconf 75' lang='grc' dir='ltr'>ἐμπορίου</span> 
     </span>
    </p>
   </div>
   <div class='ocr_carea' id='block_1_72' title="bbox 2472 3138 4063 3224">
    <p class='ocr_par' dir='ltr' id='par_1_72' title="bbox 2472 3138 4063 3224">
     <span class='ocr_line' id='line_1_72' title="bbox 2472 3138 4063 3224; baseline 0.005 -24"><span class='ocrx_word' id='word_1_575' title='bbox 2472 3149 2564 3201; x_wconf 82' lang='grc' dir='ltr'>καὶ</span> <span class='ocrx_word' id='word_1_576' title='bbox 2640 3138 2901 3220; x_wconf 82' lang='grc' dir='ltr'>σπήλαιον</span> <span class='ocrx_word' id='word_1_577' title='bbox 2961 3150 3173 3221; x_wconf 81' lang='grc' dir='ltr'>λῃστῶν</span> <span class='ocrx_word' id='word_1_578' title='bbox 3248 3149 3537 3223; x_wconf 77' lang='grc' dir='ltr'>ποιοῦντας</span> <span class='ocrx_word' id='word_1_579' title='bbox 3590 3143 3789 3224; x_wconf 74' lang='grc' dir='ltr'>ἤλεγχέ</span> <span class='ocrx_word' id='word_1_580' title='bbox 3848 3170 3909 3206; x_wconf 91' lang='grc' dir='ltr'><strong>τε</strong></span> <span class='ocrx_word' id='word_1_581' title='bbox 3968 3154 4063 3208; x_wconf 74' lang='grc' dir='ltr'>καὶ</span> 
     </span>
    </p>
   </div>
   <div class='ocr_carea' id='block_1_73' title="bbox 2472 3241 4063 3318">
    <p class='ocr_par' dir='ltr' id='par_1_73' title="bbox 2472 3241 4063 3318">
     <span class='ocr_line' id='line_1_73' title="bbox 2472 3241 4063 3318; baseline -0.006 -23"><span class='ocrx_word' id='word_1_582' title='bbox 2472 3241 2687 3318; x_wconf 71' lang='grc' dir='ltr'>ᾐλαυνε,</span> <span class='ocrx_word' id='word_1_583' title='bbox 2722 3241 2912 3295; x_wconf 84' lang='grc' dir='ltr'>τούτου</span> <span class='ocrx_word' id='word_1_584' title='bbox 2941 3242 3099 3314; x_wconf 84' lang='grc' dir='ltr'>χάριν</span> <span class='ocrx_word' id='word_1_585' title='bbox 3156 3243 3511 3297; x_wconf 86' lang='grc' dir='ltr'>ἐπεϐούλευον</span> <span class='ocrx_word' id='word_1_586' title='bbox 3554 3244 3722 3317; x_wconf 79' lang='grc' dir='ltr'>αὐτῷ·</span> <span class='ocrx_word' id='word_1_587' title='bbox 3760 3245 3789 3298; x_wconf 82' lang='grc' dir='ltr'><strong>ὃ</strong></span> <span class='ocrx_word' id='word_1_588' title='bbox 3825 3244 3889 3316; x_wconf 81' lang='grc' dir='ltr'>δὴ</span> <span class='ocrx_word' id='word_1_589' title='bbox 3922 3262 4063 3318; x_wconf 48' lang='grc' dir='ltr'>παρέ</span> 
     </span>
    </p>
   </div>
   <div class='ocr_carea' id='block_1_74' title="bbox 2388 3309 4060 3412">
    <p class='ocr_par' dir='ltr' id='par_1_74' title="bbox 2388 3309 4060 3412">
     <span class='ocr_line' id='line_1_74' title="bbox 2388 3309 4060 3412; baseline 0.004 -25"><span class='ocrx_word' id='word_1_590' title='bbox 2388 3309 2431 3366; x_wconf 77' lang='lat' dir='ltr'><strong><em>C</em></strong></span> <span class='ocrx_word' id='word_1_591' title='bbox 2469 3309 2677 3408; x_wconf 74' lang='grc' dir='ltr'>ίστησιν</span> <span class='ocrx_word' id='word_1_592' title='bbox 2695 3337 2722 3388; x_wconf 90' lang='grc' dir='ltr'><strong>ὀ</strong></span> <span class='ocrx_word' id='word_1_593' title='bbox 2737 3309 3325 3408; x_wconf 76' lang='grc' dir='ltr'>εὐαγγελιστὴςείπὼν·</span> <span class='ocrx_word' id='word_1_594' title='bbox 3350 3358 3369 3390; x_wconf 77' lang='grc' dir='ltr'><strong>ι</strong></span> <span class='ocrx_word' id='word_1_595' title='bbox 3388 3337 3496 3393; x_wconf 74' lang='grc' dir='ltr'>Καὶ</span> <span class='ocrx_word' id='word_1_596' title='bbox 3512 3335 3579 3412; x_wconf 80' lang='grc' dir='ltr'>ἦν</span> <span class='ocrx_word' id='word_1_597' title='bbox 3602 3309 3769 3409; x_wconf 78' lang='grc' dir='ltr'>ἐγγὺς</span> <span class='ocrx_word' id='word_1_598' title='bbox 3784 3339 3844 3393; x_wconf 83' lang='grc' dir='ltr'>τὸ</span> <span class='ocrx_word' id='word_1_599' title='bbox 3864 3309 4060 3411; x_wconf 62' lang='grc' dir='ltr'>Πάσχα</span> 
     </span>
    </p>
   </div>
   <div class='ocr_carea' id='block_1_75' title="bbox 2466 3421 4053 3503">
    <p class='ocr_par' dir='ltr' id='par_1_75' title="bbox 2466 3421 4053 3503">
     <span class='ocr_line' id='line_1_75' title="bbox 2466 3421 4053 3503; baseline 0.003 -24"><span class='ocrx_word' id='word_1_600' title='bbox 2466 3426 2572 3480; x_wconf 91' lang='grc' dir='ltr'><strong>τῶν</strong></span> <span class='ocrx_word' id='word_1_601' title='bbox 2618 3426 2905 3490; x_wconf 86' lang='grc' dir='ltr'>Ἰουδαίων,</span> <span class='ocrx_word' id='word_1_602' title='bbox 2939 3429 3031 3482; x_wconf 76' lang='grc' dir='ltr'>καὶ</span> <span class='ocrx_word' id='word_1_603' title='bbox 3063 3428 3230 3500; x_wconf 79' lang='grc' dir='ltr'>ἀνέϐη</span> <span class='ocrx_word' id='word_1_604' title='bbox 3259 3430 3287 3481; x_wconf 94' lang='grc' dir='ltr'><strong>ὀ</strong></span> <span class='ocrx_word' id='word_1_605' title='bbox 3329 3421 3536 3501; x_wconf 75' lang='grc' dir='ltr'>Ἰησοῦς</span> <span class='ocrx_word' id='word_1_606' title='bbox 3565 3430 3647 3494; x_wconf 82' lang='grc' dir='ltr'><strong>είς</strong></span> <span class='ocrx_word' id='word_1_607' title='bbox 3686 3430 4053 3503; x_wconf 63' lang='grc' dir='ltr'>Ἀεροσόλυμαο</span> 
     </span>
    </p>
   </div>
   <div class='ocr_carea' id='block_1_76' title="bbox 2468 3519 4053 3595">
    <p class='ocr_par' dir='ltr' id='par_1_76' title="bbox 2468 3519 4053 3595">
     <span class='ocr_line' id='line_1_76' title="bbox 2468 3519 4053 3595; baseline 0.001 -21"><span class='ocrx_word' id='word_1_608' title='bbox 2468 3520 2560 3574; x_wconf 80' lang='grc' dir='ltr'>καὶ</span> <span class='ocrx_word' id='word_1_609' title='bbox 2589 3536 2747 3592; x_wconf 82' lang='grc' dir='ltr'>ευρεν</span> <span class='ocrx_word' id='word_1_610' title='bbox 2786 3522 2843 3572; x_wconf 85' lang='grc' dir='ltr'><strong>ἐν</strong></span> <span class='ocrx_word' id='word_1_611' title='bbox 2871 3519 2947 3590; x_wconf 84' lang='grc' dir='ltr'>τῷ</span> <span class='ocrx_word' id='word_1_612' title='bbox 2979 3521 3108 3593; x_wconf 82' lang='grc' dir='ltr'>ἱερῷ</span> <span class='ocrx_word' id='word_1_613' title='bbox 3142 3522 3457 3587; x_wconf 82' lang='grc' dir='ltr'>πωλοῦντας</span> <span class='ocrx_word' id='word_1_614' title='bbox 3492 3523 3742 3594; x_wconf 86' lang='grc' dir='ltr'>πρόϐατα</span> <span class='ocrx_word' id='word_1_615' title='bbox 3774 3524 3868 3579; x_wconf 74' lang='grc' dir='ltr'>καὶ</span> <span class='ocrx_word' id='word_1_616' title='bbox 3904 3523 4053 3595; x_wconf 78' lang='grc' dir='ltr'>βόας,</span> 
     </span>
    </p>
   </div>
   <div class='ocr_carea' id='block_1_77' title="bbox 2469 3603 4055 3690">
    <p class='ocr_par' dir='ltr' id='par_1_77' title="bbox 2469 3603 4055 3690">
     <span class='ocr_line' id='line_1_77' title="bbox 2469 3603 4055 3690; baseline 0.003 -24"><span class='ocrx_word' id='word_1_617' title='bbox 2469 3615 2563 3667; x_wconf 74' lang='grc' dir='ltr'>καὶ</span> <span class='ocrx_word' id='word_1_618' title='bbox 2589 3607 2697 3667; x_wconf 75' lang='grc' dir='ltr'><strong>τῶν</strong></span> <span class='ocrx_word' id='word_1_619' title='bbox 2732 3613 3094 3669; x_wconf 89' lang='grc' dir='ltr'>κολλυϐιστῶν</span> <span class='ocrx_word' id='word_1_620' title='bbox 3116 3603 3298 3686; x_wconf 79' lang='grc' dir='ltr'>ἐξέχεε</span> <span class='ocrx_word' id='word_1_621' title='bbox 3314 3617 3380 3669; x_wconf 77' lang='grc' dir='ltr'><strong>τὰ</strong></span> <span class='ocrx_word' id='word_1_622' title='bbox 3404 3617 3650 3688; x_wconf 82' lang='grc' dir='ltr'>κέρματα</span> <span class='ocrx_word' id='word_1_623' title='bbox 3678 3618 3772 3670; x_wconf 73' lang='grc' dir='ltr'>καὶ</span> <span class='ocrx_word' id='word_1_624' title='bbox 3797 3617 3898 3682; x_wconf 83' lang='grc' dir='ltr'><strong>τὰς</strong></span> <span class='ocrx_word' id='word_1_625' title='bbox 3923 3635 4055 3690; x_wconf 89' lang='grc' dir='ltr'>τρα-</span> 
     </span>
    </p>
   </div>
   <div class='ocr_carea' id='block_1_78' title="bbox 2468 3704 4058 3781">
    <p class='ocr_par' dir='ltr' id='par_1_78' title="bbox 2468 3704 4058 3781">
     <span class='ocr_line' id='line_1_78' title="bbox 2468 3704 4058 3781; baseline 0.004 -23"><span class='ocrx_word' id='word_1_626' title='bbox 2468 3704 2657 3772; x_wconf 77' lang='grc' dir='ltr'>πέζας.</span> <span class='ocrx_word' id='word_1_627' title='bbox 2676 3708 2787 3760; x_wconf 77' lang='grc' dir='ltr'><strong>Καὶ</strong></span> <span class='ocrx_word' id='word_1_628' title='bbox 2800 3709 2913 3771; x_wconf 87' lang='grc' dir='ltr'>τοῖς</span> <span class='ocrx_word' id='word_1_629' title='bbox 2932 3707 3029 3771; x_wconf 85' lang='grc' dir='ltr'><strong>τὰς</strong></span> <span class='ocrx_word' id='word_1_630' title='bbox 3048 3708 3380 3780; x_wconf 83' lang='grc' dir='ltr'>περιστερὰς</span> <span class='ocrx_word' id='word_1_631' title='bbox 3405 3709 3675 3763; x_wconf 87' lang='grc' dir='ltr'>πωλοῦσιν</span> <span class='ocrx_word' id='word_1_632' title='bbox 3691 3707 3866 3763; x_wconf 76' lang='grc' dir='ltr'>εἷπενι</span> <span class='ocrx_word' id='word_1_633' title='bbox 3896 3711 4058 3781; x_wconf 56' lang='grc' dir='ltr'>’Δραε-</span> 
     </span>
    </p>
   </div>
   <div class='ocr_carea' id='block_1_79' title="bbox 2465 3786 4061 3872">
    <p class='ocr_par' dir='ltr' id='par_1_79' title="bbox 2465 3786 4061 3872">
     <span class='ocr_line' id='line_1_79' title="bbox 2465 3786 4061 3872; baseline 0.003 -21"><span class='ocrx_word' id='word_1_634' title='bbox 2465 3815 2524 3852; x_wconf 90' lang='grc' dir='ltr'><strong>τε</strong></span> <span class='ocrx_word' id='word_1_635' title='bbox 2553 3798 2725 3853; x_wconf 79' lang='grc' dir='ltr'>ταῦτα</span> <span class='ocrx_word' id='word_1_636' title='bbox 2759 3798 3029 3864; x_wconf 83' lang='grc' dir='ltr'>ἐντεῦθεν,</span> <span class='ocrx_word' id='word_1_637' title='bbox 3056 3786 3150 3855; x_wconf 67' lang='grc' dir='ltr'><strong>καὶ</strong></span> <span class='ocrx_word' id='word_1_638' title='bbox 3185 3800 3265 3872; x_wconf 78' lang='grc' dir='ltr'>μὴ</span> <span class='ocrx_word' id='word_1_639' title='bbox 3294 3804 3497 3855; x_wconf 87' lang='grc' dir='ltr'>ποιεῖτε</span> <span class='ocrx_word' id='word_1_640' title='bbox 3526 3802 3615 3855; x_wconf 77' lang='grc' dir='ltr'><strong>τὸν</strong></span> <span class='ocrx_word' id='word_1_641' title='bbox 3643 3798 3790 3855; x_wconf 82' lang='grc' dir='ltr'>οἶκον</span> <span class='ocrx_word' id='word_1_642' title='bbox 3822 3792 3915 3855; x_wconf 86' lang='grc' dir='ltr'><strong>τοῦ</strong></span> <span class='ocrx_word' id='word_1_643' title='bbox 3944 3802 4061 3856; x_wconf 65' lang='lat' dir='ltr'><strong>Ila-</strong></span> 
     </span>
    </p>
   </div>
   <div class='ocr_carea' id='block_1_80' title="bbox 2465 3884 4054 3964">
    <p class='ocr_par' dir='ltr' id='par_1_80' title="bbox 2465 3884 4054 3964">
     <span class='ocr_line' id='line_1_80' title="bbox 2465 3884 4054 3964; baseline -0.001 -21"><span class='ocrx_word' id='word_1_644' title='bbox 2465 3889 2592 3963; x_wconf 86' lang='grc' dir='ltr'>τρός</span> <span class='ocrx_word' id='word_1_645' title='bbox 2608 3908 2707 3961; x_wconf 91' lang='grc' dir='ltr'><strong>μου</strong></span> <span class='ocrx_word' id='word_1_646' title='bbox 2729 3887 2876 3943; x_wconf 78' lang='grc' dir='ltr'>οἷκον</span> <span class='ocrx_word' id='word_1_647' title='bbox 2896 3892 3159 3964; x_wconf 79' lang='grc' dir='ltr'>ἐμπορίου</span> <span class='ocrx_word' id='word_1_648' title='bbox 3180 3907 3191 3920; x_wconf 87' lang='grc'><em>’</em></span> <span class='ocrx_word' id='word_1_649' title='bbox 3220 3910 3239 3942; x_wconf 69' lang='grc' dir='ltr'><strong>ι</strong></span> <span class='ocrx_word' id='word_1_650' title='bbox 3270 3890 3532 3959; x_wconf 82' lang='grc' dir='ltr'>ἐπιλέγει·</span> <span class='ocrx_word' id='word_1_651' title='bbox 3562 3911 3580 3942; x_wconf 82' lang='grc' dir='ltr'><strong>ι</strong></span> <span class='ocrx_word' id='word_1_652' title='bbox 3604 3884 3984 3963; x_wconf 80' lang='grc' dir='ltr'>Ἐμνήσθησαν</span> <span class='ocrx_word' id='word_1_653' title='bbox 4004 3894 4054 3945; x_wconf 78' lang='grc' dir='ltr'>οἱ</span> 
     </span>
    </p>
   </div>
   <div class='ocr_carea' id='block_1_81' title="bbox 2469 3974 4055 4056">
    <p class='ocr_par' dir='ltr' id='par_1_81' title="bbox 2469 3974 4055 4056">
     <span class='ocr_line' id='line_1_81' title="bbox 2469 3974 4055 4056; baseline 0.003 -21"><span class='ocrx_word' id='word_1_654' title='bbox 2469 3982 2709 4053; x_wconf 73' lang='grc' dir='ltr'>μαθηταὶ</span> <span class='ocrx_word' id='word_1_655' title='bbox 2734 3982 2921 4047; x_wconf 84' lang='grc' dir='ltr'>αὐτοῦ,</span> <span class='ocrx_word' id='word_1_656' title='bbox 2949 3984 3031 4036; x_wconf 87' lang='grc' dir='ltr'>ὃτι</span> <span class='ocrx_word' id='word_1_657' title='bbox 3063 3974 3450 4056; x_wconf 87' lang='grc' dir='ltr'>γεγραμμένον</span> <span class='ocrx_word' id='word_1_658' title='bbox 3480 3984 3647 4036; x_wconf 88' lang='grc' dir='ltr'>ἐστίν·</span> <span class='ocrx_word' id='word_1_659' title='bbox 3679 3984 3737 4038; x_wconf 89' lang='lat'><strong>&#39;0</strong></span> <span class='ocrx_word' id='word_1_660' title='bbox 3767 3983 3930 4055; x_wconf 78' lang='grc' dir='ltr'>ζῆλος</span> <span class='ocrx_word' id='word_1_661' title='bbox 3957 3984 4055 4039; x_wconf 89' lang='grc' dir='ltr'><strong>τοῦ</strong></span> 
     </span>
    </p>
   </div>
   <div class='ocr_carea' id='block_1_82' title="bbox 2466 4064 4053 4149">
    <p class='ocr_par' dir='ltr' id='par_1_82' title="bbox 2466 4064 4053 4149">
     <span class='ocr_line' id='line_1_82' title="bbox 2466 4064 4053 4149; baseline 0.002 -21"><span class='ocrx_word' id='word_1_662' title='bbox 2466 4075 2615 4129; x_wconf 77' lang='grc' dir='ltr'>οἴκου</span> <span class='ocrx_word' id='word_1_663' title='bbox 2652 4093 2745 4129; x_wconf 87' lang='grc' dir='ltr'><strong>σου</strong></span> <span class='ocrx_word' id='word_1_664' title='bbox 2768 4066 3161 4147; x_wconf 74' lang='grc' dir='ltr'>κατέφαγέμε.</span> <span class='ocrx_word' id='word_1_665' title='bbox 3196 4096 3215 4129; x_wconf 74' lang='grc' dir='ltr'><strong>ι</strong></span> <span class='ocrx_word' id='word_1_666' title='bbox 3262 4076 3421 4129; x_wconf 80' lang='grc' dir='ltr'>Ἀλλὰ</span> <span class='ocrx_word' id='word_1_667' title='bbox 3451 4064 3690 4140; x_wconf 78' lang='grc' dir='ltr'>καὶτοὺς</span> <span class='ocrx_word' id='word_1_668' title='bbox 3718 4076 4053 4149; x_wconf 80' lang='grc' dir='ltr'>ὀνειδισμοὺς</span> 
     </span>
    </p>
   </div>
   <div class='ocr_carea' id='block_1_83' title="bbox 2464 4167 4050 4243">
    <p class='ocr_par' dir='ltr' id='par_1_83' title="bbox 2464 4167 4050 4243">
     <span class='ocr_line' id='line_1_83' title="bbox 2464 4167 4050 4243; baseline 0.003 -24"><span class='ocrx_word' id='word_1_669' title='bbox 2464 4167 2573 4243; x_wconf 74' lang='grc' dir='ltr'><strong>τῶν</strong></span> <span class='ocrx_word' id='word_1_670' title='bbox 2599 4168 2967 4233; x_wconf 79' lang='grc' dir='ltr'>ὀνειδιζόντων</span> <span class='ocrx_word' id='word_1_671' title='bbox 3001 4170 3092 4223; x_wconf 84' lang='grc' dir='ltr'>τὸν</span> <span class='ocrx_word' id='word_1_672' title='bbox 3130 4168 3261 4223; x_wconf 83' lang='grc' dir='ltr'>Θεὸν</span> <span class='ocrx_word' id='word_1_673' title='bbox 3290 4171 3370 4232; x_wconf 78' lang='grc' dir='ltr'>εἰς</span> <span class='ocrx_word' id='word_1_674' title='bbox 3400 4168 3592 4222; x_wconf 85' lang='grc' dir='ltr'>ἐαυτὸν</span> <span class='ocrx_word' id='word_1_675' title='bbox 3628 4168 4050 4241; x_wconf 81' lang='grc' dir='ltr'>ἀναλαμϐάνων,</span> 
     </span>
    </p>
   </div>
   <div class='ocr_carea' id='block_1_84' title="bbox 2466 4248 4049 4334">
    <p class='ocr_par' dir='ltr' id='par_1_84' title="bbox 2466 4248 4049 4334">
     <span class='ocr_line' id='line_1_84' title="bbox 2466 4248 4049 4334; baseline 0.003 -22"><span class='ocrx_word' id='word_1_676' title='bbox 2466 4259 2676 4326; x_wconf 78' lang='grc' dir='ltr'>ἔκδικος</span> <span class='ocrx_word' id='word_1_677' title='bbox 2709 4263 2924 4331; x_wconf 86' lang='grc' dir='ltr'>ἐγένετο</span> <span class='ocrx_word' id='word_1_678' title='bbox 2949 4248 3172 4316; x_wconf 84' lang='grc' dir='ltr'>τούτων·</span> <span class='ocrx_word' id='word_1_679' title='bbox 3190 4260 3269 4315; x_wconf 85' lang='grc' dir='ltr'>διὸ</span> <span class='ocrx_word' id='word_1_680' title='bbox 3284 4260 3456 4331; x_wconf 75' lang='grc' dir='ltr'>ἐλεγεο</span> <span class='ocrx_word' id='word_1_681' title='bbox 3489 4280 3509 4317; x_wconf 76' lang='grc' dir='ltr'><strong>ι</strong></span> <span class='ocrx_word' id='word_1_682' title='bbox 3532 4263 3642 4316; x_wconf 81' lang='grc' dir='ltr'><strong>Καὶ</strong></span> <span class='ocrx_word' id='word_1_683' title='bbox 3669 4263 3719 4315; x_wconf 80' lang='lat' dir='ltr'><strong>ot</strong></span> <span class='ocrx_word' id='word_1_684' title='bbox 3752 4262 4049 4334; x_wconf 71' lang='grc' dir='ltr'>ὀνειδισμοὶ</span> 
     </span>
    </p>
   </div>
   <div class='ocr_carea' id='block_1_85' title="bbox 2401 4341 4050 4429">
    <p class='ocr_par' dir='ltr' id='par_1_85' title="bbox 2401 4341 4050 4429">
     <span class='ocr_line' id='line_1_85' title="bbox 2401 4341 4050 4429; baseline 0.002 -24"><span class='ocrx_word' id='word_1_685' title='bbox 2401 4366 2407 4371; x_wconf 81' lang='lat'>&#39;</span> <span class='ocrx_word' id='word_1_686' title='bbox 2466 4354 2573 4407; x_wconf 91' lang='grc' dir='ltr'><strong>τῶν</strong></span> <span class='ocrx_word' id='word_1_687' title='bbox 2601 4355 2963 4420; x_wconf 75' lang='grc' dir='ltr'>ὀνειδιζόντων</span> <span class='ocrx_word' id='word_1_688' title='bbox 3005 4372 3065 4408; x_wconf 89' lang='grc' dir='ltr'><strong>σε</strong></span> <span class='ocrx_word' id='word_1_689' title='bbox 3098 4341 3372 4409; x_wconf 76' lang='grc' dir='ltr'>ἐπέπεσαν</span> <span class='ocrx_word' id='word_1_690' title='bbox 3394 4342 3487 4407; x_wconf 51' lang='grc' dir='ltr'><strong>ἐπί</strong></span> <span class='ocrx_word' id='word_1_691' title='bbox 3507 4355 3630 4427; x_wconf 87' lang='grc' dir='ltr'>ἐμέ.</span> <span class='ocrx_word' id='word_1_692' title='bbox 3665 4374 3684 4409; x_wconf 76' lang='grc' dir='ltr'><strong>ι</strong></span> <span class='ocrx_word' id='word_1_693' title='bbox 3716 4356 3791 4409; x_wconf 82' lang='grc' dir='ltr'><strong>Οὐ</strong></span> <span class='ocrx_word' id='word_1_694' title='bbox 3820 4356 3929 4429; x_wconf 84' lang='grc' dir='ltr'>γὰρ</span> <span class='ocrx_word' id='word_1_695' title='bbox 3954 4355 4050 4426; x_wconf 79' lang='grc' dir='ltr'>φέ-</span> 
     </span>
    </p>
   </div>
   <div class='ocr_carea' id='block_1_86' title="bbox 2471 4449 4047 4525">
    <p class='ocr_par' dir='ltr' id='par_1_86' title="bbox 2471 4449 4047 4525">
     <span class='ocr_line' id='line_1_86' title="bbox 2471 4449 4047 4525; baseline 0.001 -22"><span class='ocrx_word' id='word_1_696' title='bbox 2471 4466 2576 4520; x_wconf 90' lang='grc' dir='ltr'><strong>ρων</strong></span> <span class='ocrx_word' id='word_1_697' title='bbox 2596 4451 2719 4512; x_wconf 79' lang='grc' dir='ltr'>τοὺς</span> <span class='ocrx_word' id='word_1_698' title='bbox 2745 4449 2837 4503; x_wconf 78' lang='grc' dir='ltr'><strong>διὰ</strong></span> <span class='ocrx_word' id='word_1_699' title='bbox 2867 4450 2975 4503; x_wconf 87' lang='grc' dir='ltr'><strong>τῶν</strong></span> <span class='ocrx_word' id='word_1_700' title='bbox 3003 4450 3219 4505; x_wconf 75' lang='grc' dir='ltr'>οἰκείων</span> <span class='ocrx_word' id='word_1_701' title='bbox 3242 4451 3420 4525; x_wconf 78' lang='grc' dir='ltr'>ἔργων</span> <span class='ocrx_word' id='word_1_702' title='bbox 3451 4451 3654 4516; x_wconf 76' lang='grc' dir='ltr'>ὄνειδος</span> <span class='ocrx_word' id='word_1_703' title='bbox 3687 4450 4047 4524; x_wconf 86' lang='grc' dir='ltr'>προστρίϐον-</span> 
     </span>
    </p>
   </div>
   <div class='ocr_carea' id='block_1_87' title="bbox 2466 4540 4050 4615">
    <p class='ocr_par' dir='ltr' id='par_1_87' title="bbox 2466 4540 4050 4615">
     <span class='ocr_line' id='line_1_87' title="bbox 2466 4540 4050 4615; baseline 0.002 -20"><span class='ocrx_word' id='word_1_704' title='bbox 2466 4559 2564 4605; x_wconf 87' lang='grc' dir='ltr'><strong>τας</strong></span> <span class='ocrx_word' id='word_1_705' title='bbox 2584 4540 2661 4611; x_wconf 84' lang='grc' dir='ltr'>τῷ</span> <span class='ocrx_word' id='word_1_706' title='bbox 2692 4541 2791 4613; x_wconf 89' lang='grc' dir='ltr'><strong>τῆς</strong></span> <span class='ocrx_word' id='word_1_707' title='bbox 2825 4541 3128 4608; x_wconf 87' lang='grc' dir='ltr'>θεοσεϐείας</span> <span class='ocrx_word' id='word_1_708' title='bbox 3168 4544 3337 4615; x_wconf 84' lang='grc' dir='ltr'>νόμῳ,</span> <span class='ocrx_word' id='word_1_709' title='bbox 3371 4544 3498 4608; x_wconf 86' lang='grc' dir='ltr'>τοὺς</span> <span class='ocrx_word' id='word_1_710' title='bbox 3535 4544 3790 4614; x_wconf 71' lang='grc' dir='ltr'>ἐλέγχους</span> <span class='ocrx_word' id='word_1_711' title='bbox 3811 4544 4050 4598; x_wconf 82' lang='grc' dir='ltr'>ἐποιεῖτο</span> 
     </span>
    </p>
   </div>
   <div class='ocr_carea' id='block_1_88' title="bbox 775 4626 2368 4708">
    <p class='ocr_par' dir='ltr' id='par_1_88' title="bbox 775 4631 2361 4704">
     <span class='ocr_line' id='line_1_88' title="bbox 775 4631 2361 4704; baseline -0.003 -12"><span class='ocrx_word' id='word_1_712' title='bbox 775 4637 1191 4701; x_wconf 84' lang='lat' dir='ltr'><strong>cohortabatur,</strong></span> <span class='ocrx_word' id='word_1_713' title='bbox 1232 4634 1423 4691; x_wconf 91' lang='lat' dir='ltr'><strong>dicens</strong></span> <span class='ocrx_word' id='word_1_714' title='bbox 1459 4654 1471 4689; x_wconf 91' lang='lat'><strong>:</strong></span> <span class='ocrx_word' id='word_1_715' title='bbox 1511 4653 1532 4686; x_wconf 75' lang='grc' dir='ltr'><strong>ι</strong></span> <span class='ocrx_word' id='word_1_716' title='bbox 1573 4633 1752 4704; x_wconf 90' lang='lat' dir='ltr'><strong>Super</strong></span> <span class='ocrx_word' id='word_1_717' title='bbox 1800 4632 2117 4688; x_wconf 86' lang='lat' dir='ltr'><strong>cathedram</strong></span> <span class='ocrx_word' id='word_1_718' title='bbox 2159 4631 2361 4704; x_wconf 83' lang='lat' dir='ltr'><strong>Moysis</strong></span> 
     </span>
    </p>
   </div>
   <div class='ocr_carea' id='block_1_89' title="bbox 2394 4626 4045 4708">
    <p class='ocr_par' dir='ltr' id='par_1_89' title="bbox 2396 4626 4045 4708">
     <span class='ocr_line' id='line_1_89' title="bbox 2396 4626 4045 4708; baseline 0.001 -21"><span class='ocrx_word' id='word_1_719' title='bbox 2396 4655 2437 4708; x_wconf 71' lang='grc' dir='ltr'>ο</span> <span class='ocrx_word' id='word_1_720' title='bbox 2467 4634 2608 4688; x_wconf 81' lang='grc' dir='ltr'>κατὰ</span> <span class='ocrx_word' id='word_1_721' title='bbox 2621 4634 2728 4687; x_wconf 89' lang='grc' dir='ltr'><strong>τῶν</strong></span> <span class='ocrx_word' id='word_1_722' title='bbox 2758 4634 3034 4705; x_wconf 82' lang='grc' dir='ltr'>ἀρχόντων</span> <span class='ocrx_word' id='word_1_723' title='bbox 3057 4634 3151 4688; x_wconf 85' lang='grc' dir='ltr'><strong>τοῦ</strong></span> <span class='ocrx_word' id='word_1_724' title='bbox 3168 4635 3372 4701; x_wconf 76' lang='grc' dir='ltr'>ἔθνους.</span> <span class='ocrx_word' id='word_1_725' title='bbox 3397 4636 3488 4690; x_wconf 88' lang='grc' dir='ltr'>Διό</span> <span class='ocrx_word' id='word_1_726' title='bbox 3503 4638 3613 4700; x_wconf 86' lang='grc' dir='ltr'>τοῖς</span> <span class='ocrx_word' id='word_1_727' title='bbox 3628 4632 3804 4706; x_wconf 76' lang='grc' dir='ltr'>ὄχλοις</span> <span class='ocrx_word' id='word_1_728' title='bbox 3826 4626 4045 4701; x_wconf 79' lang='grc' dir='ltr'>καὶτοῖς</span> 
     </span>
    </p>
   </div>
   <div class='ocr_carea' id='block_1_90' title="bbox 776 4724 2368 4817">
    <p class='ocr_par' dir='ltr' id='par_1_90' title="bbox 776 4724 2349 4795">
     <span class='ocr_line' id='line_1_90' title="bbox 776 4724 2349 4795; baseline -0.005 -10"><span class='ocrx_word' id='word_1_729' title='bbox 776 4731 1034 4785; x_wconf 86' lang='lat' dir='ltr'><strong>sederunt</strong></span> <span class='ocrx_word' id='word_1_730' title='bbox 1066 4726 1273 4782; x_wconf 60' lang='lat' dir='ltr'><strong>Scriba;</strong></span> <span class='ocrx_word' id='word_1_731' title='bbox 1297 4733 1351 4781; x_wconf 91' lang='lat' dir='ltr'><strong>et</strong></span> <span class='ocrx_word' id='word_1_732' title='bbox 1382 4724 1643 4781; x_wconf 66' lang='lat' dir='ltr'><strong>Pharisaei</strong></span> <span class='ocrx_word' id='word_1_733' title='bbox 1681 4744 1696 4780; x_wconf 90' lang='lat'><strong>:</strong></span> <span class='ocrx_word' id='word_1_734' title='bbox 1728 4724 1911 4778; x_wconf 90' lang='lat' dir='ltr'><strong>omnia</strong></span> <span class='ocrx_word' id='word_1_735' title='bbox 1940 4739 2071 4795; x_wconf 92' lang='lat' dir='ltr'><strong>ergo</strong></span> <span class='ocrx_word' id='word_1_736' title='bbox 2090 4738 2349 4794; x_wconf 66' lang='lat' dir='ltr'><strong>quaacun-</strong></span> 
     </span>
    </p>
   </div>
   <div class='ocr_carea' id='block_1_91' title="bbox 2394 4724 4042 4817">
    <p class='ocr_par' dir='ltr' id='par_1_91' title="bbox 2404 4726 4042 4817">
     <span class='ocr_line' id='line_1_91' title="bbox 2404 4726 4042 4817; baseline 0 -36"><span class='ocrx_word' id='word_1_737' title='bbox 2404 4740 2424 4771; x_wconf 61' lang='grc' dir='ltr'>θ</span> <span class='ocrx_word' id='word_1_738' title='bbox 2464 4726 2733 4798; x_wconf 84' lang='grc' dir='ltr'>μαθηταῖς</span> <span class='ocrx_word' id='word_1_739' title='bbox 2757 4726 2921 4781; x_wconf 84' lang='grc' dir='ltr'>αὑτοῦ</span> <span class='ocrx_word' id='word_1_740' title='bbox 2956 4728 3183 4799; x_wconf 75' lang='grc' dir='ltr'>παρῄνει</span> <span class='ocrx_word' id='word_1_741' title='bbox 3198 4729 3394 4798; x_wconf 71' lang='grc' dir='ltr'>λέγωνσ</span> <span class='ocrx_word' id='word_1_742' title='bbox 3432 4749 3451 4781; x_wconf 77' lang='grc' dir='ltr'><strong>ι</strong></span> <span class='ocrx_word' id='word_1_743' title='bbox 3497 4729 3617 4782; x_wconf 80' lang='grc' dir='ltr'><strong>Ἐπὶ</strong></span> <span class='ocrx_word' id='word_1_744' title='bbox 3641 4727 3742 4798; x_wconf 82' lang='grc' dir='ltr'><strong>τῆς</strong></span> <span class='ocrx_word' id='word_1_745' title='bbox 3774 4728 4042 4817; x_wconf 74' lang='grc' dir='ltr'>καθέδρας</span> 
     </span>
    </p>
   </div>
   <div class='ocr_carea' id='block_1_92' title="bbox 774 4815 2352 4893">
    <p class='ocr_par' dir='ltr' id='par_1_92' title="bbox 774 4815 2352 4893">
     <span class='ocr_line' id='line_1_92' title="bbox 774 4815 2352 4893; baseline -0.004 -18"><span class='ocrx_word' id='word_1_746' title='bbox 774 4838 882 4893; x_wconf 89' lang='lat' dir='ltr'><strong>que</strong></span> <span class='ocrx_word' id='word_1_747' title='bbox 905 4818 1144 4875; x_wconf 74' lang='lat' dir='ltr'><strong>dixerint</strong></span> <span class='ocrx_word' id='word_1_748' title='bbox 1175 4817 1335 4873; x_wconf 84' lang='lat' dir='ltr'><strong>vobis</strong></span> <span class='ocrx_word' id='word_1_749' title='bbox 1371 4815 1533 4871; x_wconf 81' lang='lat' dir='ltr'><strong>facile</strong></span> <span class='ocrx_word' id='word_1_750' title='bbox 1567 4825 1621 4871; x_wconf 90' lang='lat' dir='ltr'><strong>et</strong></span> <span class='ocrx_word' id='word_1_751' title='bbox 1648 4822 1880 4883; x_wconf 89' lang='lat' dir='ltr'><strong>servate,</strong></span> <span class='ocrx_word' id='word_1_752' title='bbox 1900 4815 2198 4871; x_wconf 88' lang='lat' dir='ltr'><strong>secundum</strong></span> <span class='ocrx_word' id='word_1_753' title='bbox 2223 4830 2352 4886; x_wconf 88' lang='lat' dir='ltr'><strong>ope-</strong></span> 
     </span>
    </p>
   </div>
   <div class='ocr_carea' id='block_1_93' title="bbox 773 4912 2351 4980">
    <p class='ocr_par' dir='ltr' id='par_1_93' title="bbox 773 4912 2351 4980">
     <span class='ocr_line' id='line_1_93' title="bbox 773 4912 2351 4980; baseline -0.004 -9"><span class='ocrx_word' id='word_1_754' title='bbox 773 4934 835 4971; x_wconf 87' lang='lat' dir='ltr'><strong>ra</strong></span> <span class='ocrx_word' id='word_1_755' title='bbox 859 4924 1043 4971; x_wconf 92' lang='lat' dir='ltr'><strong>autem</strong></span> <span class='ocrx_word' id='word_1_756' title='bbox 1073 4929 1265 4969; x_wconf 88' lang='lat' dir='ltr'><strong>eorum</strong></span> <span class='ocrx_word' id='word_1_757' title='bbox 1296 4914 1469 4967; x_wconf 90' lang='lat' dir='ltr'><strong>nolite</strong></span> <span class='ocrx_word' id='word_1_758' title='bbox 1502 4912 1701 4968; x_wconf 78' lang='lat' dir='ltr'><strong>facere.</strong></span> <span class='ocrx_word' id='word_1_759' title='bbox 1740 4912 1939 4968; x_wconf 90' lang='lat' dir='ltr'><strong>Dicunt</strong></span> <span class='ocrx_word' id='word_1_760' title='bbox 1966 4914 2132 4980; x_wconf 90' lang='lat' dir='ltr'><strong>enim,</strong></span> <span class='ocrx_word' id='word_1_761' title='bbox 2158 4922 2212 4968; x_wconf 91' lang='lat' dir='ltr'><strong>et</strong></span> <span class='ocrx_word' id='word_1_762' title='bbox 2242 4926 2351 4965; x_wconf 92' lang='lat' dir='ltr'><strong>non</strong></span> 
     </span>
    </p>
   </div>
   <div class='ocr_carea' id='block_1_94' title="bbox 773 5003 2351 5075">
    <p class='ocr_par' dir='ltr' id='par_1_94' title="bbox 773 5003 2351 5075">
     <span class='ocr_line' id='line_1_94' title="bbox 773 5003 2351 5075; baseline -0.006 -11"><span class='ocrx_word' id='word_1_763' title='bbox 773 5006 1073 5066; x_wconf 77' lang='lat' dir='ltr'><strong>faciunt&quot;.</strong></span> <span class='ocrx_word' id='word_1_764' title='bbox 1128 5027 1146 5057; x_wconf 78' lang='grc' dir='ltr'><strong>ι</strong></span> <span class='ocrx_word' id='word_1_765' title='bbox 1195 5003 1401 5061; x_wconf 87' lang='lat' dir='ltr'><strong>Deinde</strong></span> <span class='ocrx_word' id='word_1_766' title='bbox 1446 5019 1577 5059; x_wconf 89' lang='lat' dir='ltr'><strong>vero</strong></span> <span class='ocrx_word' id='word_1_767' title='bbox 1615 5020 1849 5075; x_wconf 87' lang='lat' dir='ltr'><strong>arguens</strong></span> <span class='ocrx_word' id='word_1_768' title='bbox 1898 5005 2013 5059; x_wconf 76' lang='lat' dir='ltr'><strong>haec</strong></span> <span class='ocrx_word' id='word_1_769' title='bbox 2050 5004 2131 5058; x_wconf 65' lang='lat' dir='ltr'><strong>in,</strong></span> <span class='ocrx_word' id='word_1_770' title='bbox 2161 5017 2351 5059; x_wconf 85' lang='lat' dir='ltr'><strong>eorum</strong></span> 
     </span>
    </p>
   </div>
   <div class='ocr_carea' id='block_1_95' title="bbox 774 5091 2351 5167">
    <p class='ocr_par' dir='ltr' id='par_1_95' title="bbox 774 5091 2351 5167">
     <span class='ocr_line' id='line_1_95' title="bbox 774 5091 2351 5167; baseline -0.006 -11"><span class='ocrx_word' id='word_1_771' title='bbox 774 5111 1060 5167; x_wconf 60' lang='lat' dir='ltr'><strong>personam</strong></span> <span class='ocrx_word' id='word_1_772' title='bbox 1093 5091 1403 5166; x_wconf 72' lang='lat' dir='ltr'><strong>proferebat</strong></span> <span class='ocrx_word' id='word_1_773' title='bbox 1437 5111 1451 5147; x_wconf 86' lang='lat'><strong>:</strong></span> <span class='ocrx_word' id='word_1_774' title='bbox 1485 5113 1505 5146; x_wconf 77' lang='grc' dir='ltr'><strong>ι</strong></span> <span class='ocrx_word' id='word_1_775' title='bbox 1550 5094 1643 5150; x_wconf 67' lang='lat' dir='ltr'><strong>Vm</strong></span> <span class='ocrx_word' id='word_1_776' title='bbox 1664 5095 1842 5161; x_wconf 88' lang='lat' dir='ltr'><strong>vobis,</strong></span> <span class='ocrx_word' id='word_1_777' title='bbox 1876 5096 2083 5151; x_wconf 64' lang='lat' dir='ltr'><strong>Scriba:</strong></span> <span class='ocrx_word' id='word_1_778' title='bbox 2124 5104 2177 5150; x_wconf 86' lang='lat' dir='ltr'><strong>et</strong></span> <span class='ocrx_word' id='word_1_779' title='bbox 2208 5094 2351 5148; x_wconf 81' lang='lat' dir='ltr'><strong>Pha-</strong></span> 
     </span>
    </p>
   </div>
   <div class='ocr_carea' id='block_1_96' title="bbox 770 5187 2347 5260">
    <p class='ocr_par' dir='ltr' id='par_1_96' title="bbox 770 5187 2347 5260">
     <span class='ocr_line' id='line_1_96' title="bbox 770 5187 2347 5260; baseline -0.003 -16"><span class='ocrx_word' id='word_1_780' title='bbox 770 5190 911 5245; x_wconf 84' lang='lat' dir='ltr'><strong>risaei</strong></span> <span class='ocrx_word' id='word_1_781' title='bbox 943 5188 1261 5259; x_wconf 62' lang='lat' dir='ltr'><strong>hypocriten,</strong></span> <span class='ocrx_word' id='word_1_782' title='bbox 1294 5188 1420 5257; x_wconf 88' lang='lat' dir='ltr'><strong>quia</strong></span> <span class='ocrx_word' id='word_1_783' title='bbox 1445 5187 1702 5245; x_wconf 87' lang='lat' dir='ltr'><strong>clauditis</strong></span> <span class='ocrx_word' id='word_1_784' title='bbox 1737 5204 1965 5260; x_wconf 86' lang='lat' dir='ltr'><strong>regnum</strong></span> <span class='ocrx_word' id='word_1_785' title='bbox 1995 5190 2262 5245; x_wconf 66' lang='lat' dir='ltr'><strong>caelorum</strong></span> <span class='ocrx_word' id='word_1_786' title='bbox 2291 5187 2347 5240; x_wconf 91' lang='lat' dir='ltr'><strong>i—n</strong></span> 
     </span>
    </p>
   </div>
   <div class='ocr_carea' id='block_1_97' title="bbox 770 5279 2344 5351">
    <p class='ocr_par' dir='ltr' id='par_1_97' title="bbox 770 5279 2344 5351">
     <span class='ocr_line' id='line_1_97' title="bbox 770 5279 2344 5351; baseline -0.003 -15"><span class='ocrx_word' id='word_1_787' title='bbox 770 5292 1065 5351; x_wconf 82' lang='lat' dir='ltr'><strong>conspectu</strong></span> <span class='ocrx_word' id='word_1_788' title='bbox 1098 5280 1379 5335; x_wconf 87' lang='lat' dir='ltr'><strong>hominum</strong></span> <span class='ocrx_word' id='word_1_789' title='bbox 1409 5283 1453 5313; x_wconf 76' lang='grc' dir='ltr'><strong>ἰ</strong></span> <span class='ocrx_word' id='word_1_790' title='bbox 1477 5300 1496 5349; x_wconf 67' lang='grc' dir='ltr'><strong>;ς</strong></span> <span class='ocrx_word' id='word_1_791' title='bbox 1534 5302 1553 5335; x_wconf 75' lang='grc' dir='ltr'><strong>ι</strong></span> <span class='ocrx_word' id='word_1_792' title='bbox 1593 5298 1657 5338; x_wconf 91' lang='lat' dir='ltr'><strong>ac</strong></span> <span class='ocrx_word' id='word_1_793' title='bbox 1686 5296 1907 5338; x_wconf 87' lang='lat' dir='ltr'><strong>rursum</strong></span> <span class='ocrx_word' id='word_1_794' title='bbox 1942 5301 1954 5335; x_wconf 93' lang='lat'>:</span> <span class='ocrx_word' id='word_1_795' title='bbox 1998 5300 2021 5333; x_wconf 72' lang='grc' dir='ltr'><strong>ι</strong></span> <span class='ocrx_word' id='word_1_796' title='bbox 2054 5280 2147 5336; x_wconf 63' lang='grc' dir='ltr'><strong>ναξ</strong></span> <span class='ocrx_word' id='word_1_797' title='bbox 2166 5279 2344 5342; x_wconf 88' lang='lat' dir='ltr'><strong>vobis,</strong></span> 
     </span>
    </p>
   </div>
   <div class='ocr_carea' id='block_1_98' title="bbox 771 5371 2341 5444">
    <p class='ocr_par' dir='ltr' id='par_1_98' title="bbox 771 5371 2341 5444">
     <span class='ocr_line' id='line_1_98' title="bbox 771 5371 2341 5444; baseline -0.003 -16"><span class='ocrx_word' id='word_1_798' title='bbox 771 5373 976 5428; x_wconf 61' lang='lat' dir='ltr'><strong>Scriba:</strong></span> <span class='ocrx_word' id='word_1_799' title='bbox 1029 5380 1084 5427; x_wconf 87' lang='lat' dir='ltr'><strong>et</strong></span> <span class='ocrx_word' id='word_1_800' title='bbox 1140 5372 1421 5438; x_wconf 71' lang='lat' dir='ltr'><strong>Pharisaei,</strong></span> <span class='ocrx_word' id='word_1_801' title='bbox 1451 5376 1579 5444; x_wconf 90' lang='lat' dir='ltr'><strong>quia</strong></span> <span class='ocrx_word' id='word_1_802' title='bbox 1632 5375 1838 5432; x_wconf 85' lang='lat' dir='ltr'><strong>similes</strong></span> <span class='ocrx_word' id='word_1_803' title='bbox 1897 5372 2031 5428; x_wconf 82' lang='lat' dir='ltr'><strong>estis</strong></span> <span class='ocrx_word' id='word_1_804' title='bbox 2077 5371 2341 5443; x_wconf 87' lang='lat' dir='ltr'><strong>sepulcris</strong></span> 
     </span>
    </p>
   </div>
   <div class='ocr_carea' id='block_1_99' title="bbox 764 5461 2345 5537">
    <p class='ocr_par' dir='ltr' id='par_1_99' title="bbox 764 5461 2345 5537">
     <span class='ocr_line' id='line_1_99' title="bbox 764 5461 2345 5537; baseline -0.004 -15"><span class='ocrx_word' id='word_1_805' title='bbox 764 5464 1038 5522; x_wconf 85' lang='lat' dir='ltr'><strong>dealbatis</strong></span> <span class='ocrx_word' id='word_1_806' title='bbox 1067 5466 1131 5517; x_wconf 84' lang='lat'><strong>&quot;.</strong></span> <span class='ocrx_word' id='word_1_807' title='bbox 1172 5485 1191 5518; x_wconf 74' lang='grc' dir='ltr'><strong>ι</strong></span> <span class='ocrx_word' id='word_1_808' title='bbox 1226 5464 1307 5521; x_wconf 90' lang='lat' dir='ltr'><strong>0b</strong></span> <span class='ocrx_word' id='word_1_809' title='bbox 1344 5467 1484 5522; x_wconf 87' lang='lat' dir='ltr'><strong>tales</strong></span> <span class='ocrx_word' id='word_1_810' title='bbox 1519 5468 1703 5537; x_wconf 87' lang='lat' dir='ltr'><strong>itaque</strong></span> <span class='ocrx_word' id='word_1_811' title='bbox 1752 5466 2151 5536; x_wconf 84' lang='lat' dir='ltr'><strong>correptiones,</strong></span> <span class='ocrx_word' id='word_1_812' title='bbox 2213 5461 2345 5518; x_wconf 89' lang='lat' dir='ltr'><strong>insi-</strong></span> 
     </span>
    </p>
   </div>
   <div class='ocr_carea' id='block_1_100' title="bbox 766 5554 2343 5631">
    <p class='ocr_par' dir='ltr' id='par_1_100' title="bbox 766 5554 2343 5631">
     <span class='ocr_line' id='line_1_100' title="bbox 766 5554 2343 5631; baseline -0.003 -18"><span class='ocrx_word' id='word_1_813' title='bbox 766 5558 885 5613; x_wconf 85' lang='lat' dir='ltr'><strong>dias</strong></span> <span class='ocrx_word' id='word_1_814' title='bbox 934 5558 1039 5627; x_wconf 87' lang='lat' dir='ltr'><strong>ipsi</strong></span> <span class='ocrx_word' id='word_1_815' title='bbox 1078 5569 1361 5628; x_wconf 86' lang='lat' dir='ltr'><strong>pararunt.</strong></span> <span class='ocrx_word' id='word_1_816' title='bbox 1422 5559 1765 5631; x_wconf 87' lang='lat' dir='ltr'><strong>Quapropter</strong></span> <span class='ocrx_word' id='word_1_817' title='bbox 1805 5560 1896 5613; x_wconf 89' lang='lat' dir='ltr'><strong>bic</strong></span> <span class='ocrx_word' id='word_1_818' title='bbox 1948 5558 2023 5612; x_wconf 90' lang='lat' dir='ltr'><strong>ait</strong></span> <span class='ocrx_word' id='word_1_819' title='bbox 2056 5578 2067 5611; x_wconf 90' lang='lat'><strong>:</strong></span> <span class='ocrx_word' id='word_1_820' title='bbox 2106 5576 2125 5609; x_wconf 76' lang='grc' dir='ltr'><strong>ι</strong></span> <span class='ocrx_word' id='word_1_821' title='bbox 2181 5554 2343 5611; x_wconf 87' lang='lat' dir='ltr'><strong>Zelus</strong></span> 
     </span>
    </p>
   </div>
   <div class='ocr_carea' id='block_1_101' title="bbox 764 5650 2341 5727">
    <p class='ocr_par' dir='ltr' id='par_1_101' title="bbox 764 5650 2341 5727">
     <span class='ocr_line' id='line_1_101' title="bbox 764 5650 2341 5727; baseline -0.003 -23"><span class='ocrx_word' id='word_1_822' title='bbox 764 5654 959 5705; x_wconf 76' lang='lat' dir='ltr'><strong>domus</strong></span> <span class='ocrx_word' id='word_1_823' title='bbox 988 5660 1094 5704; x_wconf 70' lang='lat' dir='ltr'><strong>tuae</strong></span> <span class='ocrx_word' id='word_1_824' title='bbox 1112 5654 1346 5708; x_wconf 87' lang='lat' dir='ltr'><strong>comedit</strong></span> <span class='ocrx_word' id='word_1_825' title='bbox 1364 5669 1473 5719; x_wconf 85' lang='lat' dir='ltr'><strong>me,</strong></span> <span class='ocrx_word' id='word_1_826' title='bbox 1497 5662 1551 5710; x_wconf 87' lang='lat' dir='ltr'><strong>et</strong></span> <span class='ocrx_word' id='word_1_827' title='bbox 1571 5653 1863 5727; x_wconf 88' lang='lat' dir='ltr'><strong>opprobria</strong></span> <span class='ocrx_word' id='word_1_828' title='bbox 1892 5650 2341 5717; x_wconf 81' lang='lat' dir='ltr'><strong>exprobrantium</strong></span> 
     </span>
    </p>
   </div>
   <div class='ocr_carea' id='block_1_102' title="bbox 765 5740 2343 5817">
    <p class='ocr_par' dir='ltr' id='par_1_102' title="bbox 765 5740 2343 5817">
     <span class='ocr_line' id='line_1_102' title="bbox 765 5740 2343 5817; baseline -0.004 -18"><span class='ocrx_word' id='word_1_829' title='bbox 765 5746 862 5802; x_wconf 88' lang='lat' dir='ltr'><strong>tibi</strong></span> <span class='ocrx_word' id='word_1_830' title='bbox 898 5746 1215 5802; x_wconf 86' lang='lat' dir='ltr'><strong>ceciderunt</strong></span> <span class='ocrx_word' id='word_1_831' title='bbox 1243 5763 1409 5817; x_wconf 89' lang='lat' dir='ltr'><strong>super</strong></span> <span class='ocrx_word' id='word_1_832' title='bbox 1431 5763 1536 5802; x_wconf 88' lang='lat' dir='ltr'><strong>me.</strong></span> <span class='ocrx_word' id='word_1_833' title='bbox 1564 5745 1629 5799; x_wconf 85' lang='lat' dir='ltr'><strong>Et</strong></span> <span class='ocrx_word' id='word_1_834' title='bbox 1659 5745 1851 5816; x_wconf 86' lang='lat' dir='ltr'><strong>operui</strong></span> <span class='ocrx_word' id='word_1_835' title='bbox 1881 5744 1935 5797; x_wconf 94' lang='lat' dir='ltr'><strong>in</strong></span> <span class='ocrx_word' id='word_1_836' title='bbox 1980 5742 2192 5812; x_wconf 87' lang='lat' dir='ltr'><strong>jejunio</strong></span> <span class='ocrx_word' id='word_1_837' title='bbox 2222 5740 2343 5793; x_wconf 83' lang='lat' dir='ltr'><strong>ani-</strong></span> 
     </span>
    </p>
   </div>
   <div class='ocr_carea' id='block_1_103' title="bbox 1399 5900 1925 5961">
    <p class='ocr_par' dir='ltr' id='par_1_103' title="bbox 1399 5900 1925 5961">
     <span class='ocr_line' id='line_1_103' title="bbox 1399 5900 1925 5961; baseline -0.011 -4"><span class='ocrx_word' id='word_1_838' title='bbox 1399 5907 1441 5935; x_wconf 80' lang='grc'><strong>¹⁸</strong></span> <span class='ocrx_word' id='word_1_839' title='bbox 1480 5904 1633 5957; x_wconf 79' lang='lat' dir='ltr'><strong>Joan.</strong></span> <span class='ocrx_word' id='word_1_840' title='bbox 1680 5916 1797 5961; x_wconf 78' lang='lat' dir='ltr'>VIII,</span> <span class='ocrx_word' id='word_1_841' title='bbox 1839 5900 1925 5952; x_wconf 75' lang='grc' dir='ltr'>ιδ.</span> 
     </span>
    </p>
   </div>
   <div class='ocr_carea' id='block_1_104' title="bbox 839 5903 2227 6027">
    <p class='ocr_par' dir='ltr' id='par_1_104' title="bbox 839 5903 2227 6027">
     <span class='ocr_line' id='line_1_104' title="bbox 839 5903 2223 5966; baseline -0.007 -8"><span class='ocrx_word' id='word_1_842' title='bbox 839 5906 878 5934; x_wconf 63' lang='grc' dir='ltr'>¹δ</span> <span class='ocrx_word' id='word_1_843' title='bbox 916 5903 1068 5957; x_wconf 80' lang='lat' dir='ltr'><strong>Joan.</strong></span> <span class='ocrx_word' id='word_1_844' title='bbox 1117 5922 1191 5966; x_wconf 69' lang='grc' dir='ltr'><strong>ιτ,</strong></span> <span class='ocrx_word' id='word_1_845' title='bbox 1232 5905 1321 5959; x_wconf 64' lang='lat' dir='ltr'><strong>Q9.</strong></span> <span class='ocrx_word' id='word_1_846' title='bbox 1399 5907 1441 5935; x_wconf 80' lang='grc'><strong>¹⁸</strong></span> <span class='ocrx_word' id='word_1_847' title='bbox 1480 5904 1633 5957; x_wconf 79' lang='lat' dir='ltr'><strong>Joan.</strong></span> <span class='ocrx_word' id='word_1_848' title='bbox 1680 5916 1797 5961; x_wconf 82' lang='lat' dir='ltr'><strong>vni,</strong></span> <span class='ocrx_word' id='word_1_849' title='bbox 1839 5903 1925 5952; x_wconf 74' lang='grc' dir='ltr'>ιδ.</span> <span class='ocrx_word' id='word_1_850' title='bbox 2007 5903 2050 5927; x_wconf 77' lang='grc'>¹⁶</span> <span class='ocrx_word' id='word_1_851' title='bbox 2094 5903 2223 5950; x_wconf 83' lang='lat' dir='ltr'><strong>ibid.</strong></span> 
     </span>
     <span class='ocr_line' id='line_1_105' title="bbox 839 5967 2227 6027; baseline -0.006 0"><span class='ocrx_word' id='word_1_852' title='bbox 839 5976 1017 6027; x_wconf 69' lang='lat' dir='ltr'><strong>Matth.</strong></span> <span class='ocrx_word' id='word_1_853' title='bbox 1066 5992 1222 6027; x_wconf 71' lang='lat' dir='ltr'><strong>um.</strong></span> <span class='ocrx_word' id='word_1_854' title='bbox 1264 5978 1317 6027; x_wconf 75' lang='lat'><strong>‘2.</strong></span> <span class='ocrx_word' id='word_1_855' title='bbox 1361 5976 1411 6027; x_wconf 73' lang='grc' dir='ltr'>ὖ.</span> <span class='ocrx_word' id='word_1_856' title='bbox 1491 5976 1530 6005; x_wconf 79' lang='grc' dir='ltr'><strong>ἰ</strong></span> <span class='ocrx_word' id='word_1_857' title='bbox 1574 5973 1703 6027; x_wconf 89' lang='lat' dir='ltr'><strong>ibid.</strong></span> <span class='ocrx_word' id='word_1_858' title='bbox 1740 5972 1789 6023; x_wconf 73' lang='grc' dir='ltr'><strong>ὗ.</strong></span> <span class='ocrx_word' id='word_1_859' title='bbox 1870 5972 1912 5999; x_wconf 81' lang='grc'>¹²</span> <span class='ocrx_word' id='word_1_860' title='bbox 1956 5967 2088 6022; x_wconf 87' lang='lat' dir='ltr'><strong>ibid.</strong></span> <span class='ocrx_word' id='word_1_861' title='bbox 2138 5967 2227 6019; x_wconf 72' lang='grc'><strong>27.</strong></span> 
     </span>
    </p>
   </div>
   <div class='ocr_carea' id='block_1_105' title="bbox 763 5976 1411 6039">
    <p class='ocr_par' dir='ltr' id='par_1_105' title="bbox 763 5976 1411 6039">
     <span class='ocr_line' id='line_1_106' title="bbox 763 5976 1411 6039; baseline -0.002 -10"><span class='ocrx_word' id='word_1_862' title='bbox 763 5979 809 6008; x_wconf 76' lang='grc'>’³</span> <span class='ocrx_word' id='word_1_863' title='bbox 836 5976 1017 6029; x_wconf 71' lang='lat' dir='ltr'><strong>Matth.</strong></span> <span class='ocrx_word' id='word_1_864' title='bbox 1066 5992 1222 6039; x_wconf 69' lang='lat' dir='ltr'><strong>um,</strong></span> <span class='ocrx_word' id='word_1_865' title='bbox 1264 5978 1317 6039; x_wconf 75' lang='lat'><strong>‘2,</strong></span> <span class='ocrx_word' id='word_1_866' title='bbox 1361 5976 1411 6028; x_wconf 72' lang='grc' dir='ltr'>ὖ.</span> 
     </span>
    </p>
   </div>
   <div class='ocr_carea' id='block_1_106' title="bbox 2007 5893 2899 5962">
    <p class='ocr_par' dir='ltr' id='par_1_106' title="bbox 2007 5893 2899 5962">
     <span class='ocr_line' id='line_1_107' title="bbox 2007 5893 2899 5962; baseline -0.004 -12"><span class='ocrx_word' id='word_1_867' title='bbox 2007 5899 2050 5927; x_wconf 79' lang='grc'>¹⁶</span> <span class='ocrx_word' id='word_1_868' title='bbox 2094 5896 2223 5950; x_wconf 87' lang='lat' dir='ltr'><strong>ibid.</strong></span> <span class='ocrx_word' id='word_1_869' title='bbox 2266 5894 2354 5950; x_wconf 64' lang='lat'><strong>48.</strong></span> <span class='ocrx_word' id='word_1_870' title='bbox 2434 5896 2473 5927; x_wconf 82' lang='grc'>¹⁷</span> <span class='ocrx_word' id='word_1_871' title='bbox 2512 5893 2670 5948; x_wconf 81' lang='lat' dir='ltr'><strong>Joan.</strong></span> <span class='ocrx_word' id='word_1_872' title='bbox 2717 5910 2767 5962; x_wconf 82' lang='grc' dir='ltr'><strong>ν,</strong></span> <span class='ocrx_word' id='word_1_873' title='bbox 2814 5894 2899 5947; x_wconf 71' lang='grc'>45.</span> 
     </span>
    </p>
   </div>
   <div class='ocr_carea' id='block_1_107' title="bbox 2457 4819 4041 4895">
    <p class='ocr_par' dir='ltr' id='par_1_107' title="bbox 2457 4819 4041 4895">
     <span class='ocr_line' id='line_1_108' title="bbox 2457 4819 4041 4895; baseline 0.002 -23"><span class='ocrx_word' id='word_1_874' title='bbox 2457 4819 2734 4882; x_wconf 83' lang='grc' dir='ltr'>Μωῡσέως</span> <span class='ocrx_word' id='word_1_875' title='bbox 2770 4819 3030 4895; x_wconf 80' lang='grc' dir='ltr'>ἐκάθισαν</span> <span class='ocrx_word' id='word_1_876' title='bbox 3061 4823 3110 4875; x_wconf 81' lang='lat' dir='ltr'><strong>ot</strong></span> <span class='ocrx_word' id='word_1_877' title='bbox 3139 4821 3490 4894; x_wconf 86' lang='grc' dir='ltr'>Γραμματεῖς</span> <span class='ocrx_word' id='word_1_878' title='bbox 3516 4821 3611 4872; x_wconf 81' lang='grc' dir='ltr'>καὶ</span> <span class='ocrx_word' id='word_1_879' title='bbox 3649 4821 3699 4873; x_wconf 79' lang='lat' dir='ltr'><strong>ot</strong></span> <span class='ocrx_word' id='word_1_880' title='bbox 3726 4821 4041 4891; x_wconf 74' lang='grc' dir='ltr'>Φαρισαῖοι·</span> 
     </span>
    </p>
   </div>
   <div class='ocr_carea' id='block_1_108' title="bbox 2458 4907 4038 4985">
    <p class='ocr_par' dir='ltr' id='par_1_108' title="bbox 2458 4907 4038 4985">
     <span class='ocr_line' id='line_1_109' title="bbox 2458 4907 4038 4985; baseline 0.002 -22"><span class='ocrx_word' id='word_1_881' title='bbox 2458 4908 2633 4964; x_wconf 83' lang='grc' dir='ltr'>πάντα</span> <span class='ocrx_word' id='word_1_882' title='bbox 2660 4907 2753 4965; x_wconf 82' lang='grc' dir='ltr'>οὖν</span> <span class='ocrx_word' id='word_1_883' title='bbox 2774 4914 2872 4968; x_wconf 81' lang='grc' dir='ltr'>ὅσα</span> <span class='ocrx_word' id='word_1_884' title='bbox 2896 4911 2961 4966; x_wconf 83' lang='grc' dir='ltr'>ἂν</span> <span class='ocrx_word' id='word_1_885' title='bbox 2995 4912 3222 4967; x_wconf 80' lang='grc' dir='ltr'>εἴπωσιν</span> <span class='ocrx_word' id='word_1_886' title='bbox 3246 4914 3374 4985; x_wconf 84' lang='grc' dir='ltr'>ὑμῖν</span> <span class='ocrx_word' id='word_1_887' title='bbox 3408 4913 3669 4983; x_wconf 86' lang='grc' dir='ltr'>ποιήσατε</span> <span class='ocrx_word' id='word_1_888' title='bbox 3685 4909 3777 4965; x_wconf 77' lang='grc' dir='ltr'>καὶ</span> <span class='ocrx_word' id='word_1_889' title='bbox 3801 4916 4038 4984; x_wconf 57' lang='grc' dir='ltr'>τηρεῖτεα</span> 
     </span>
    </p>
   </div>
   <div class='ocr_carea' id='block_1_109' title="bbox 2458 5003 4043 5079">
    <p class='ocr_par' dir='ltr' id='par_1_109' title="bbox 2458 5003 4043 5079">
     <span class='ocr_line' id='line_1_110' title="bbox 2458 5003 4043 5079; baseline 0.001 -23"><span class='ocrx_word' id='word_1_890' title='bbox 2458 5003 2599 5058; x_wconf 77' lang='grc' dir='ltr'>κατὰ</span> <span class='ocrx_word' id='word_1_891' title='bbox 2715 5004 2783 5057; x_wconf 81' lang='grc' dir='ltr'>τὰ</span> <span class='ocrx_word' id='word_1_892' title='bbox 2809 5004 2945 5075; x_wconf 78' lang='grc' dir='ltr'>ἔργα</span> <span class='ocrx_word' id='word_1_893' title='bbox 2973 5004 3150 5059; x_wconf 83' lang='grc' dir='ltr'>αὐτῶν</span> <span class='ocrx_word' id='word_1_894' title='bbox 3188 5004 3265 5076; x_wconf 81' lang='grc' dir='ltr'>μὴ</span> <span class='ocrx_word' id='word_1_895' title='bbox 3292 5007 3514 5062; x_wconf 85' lang='grc' dir='ltr'>ποιεῖτε.</span> <span class='ocrx_word' id='word_1_896' title='bbox 3543 5004 3777 5073; x_wconf 87' lang='grc' dir='ltr'>Λέγουσι</span> <span class='ocrx_word' id='word_1_897' title='bbox 3804 5005 3915 5076; x_wconf 83' lang='grc' dir='ltr'><strong>γὰρ</strong></span> <span class='ocrx_word' id='word_1_898' title='bbox 3948 5006 4043 5060; x_wconf 71' lang='grc' dir='ltr'>καὶ</span> 
     </span>
    </p>
   </div>
   <div class='ocr_carea' id='block_1_110' title="bbox 2456 5094 4037 5170">
    <p class='ocr_par' dir='ltr' id='par_1_110' title="bbox 2456 5094 4037 5170">
     <span class='ocr_line' id='line_1_111' title="bbox 2456 5094 4037 5170; baseline 0.004 -21"><span class='ocrx_word' id='word_1_899' title='bbox 2456 5098 2517 5150; x_wconf 84' lang='grc' dir='ltr'><strong>ού</strong></span> <span class='ocrx_word' id='word_1_900' title='bbox 2548 5097 2811 5151; x_wconf 81' lang='grc' dir='ltr'>ποιοῦσιν.</span> <span class='ocrx_word' id='word_1_901' title='bbox 2846 5118 2863 5149; x_wconf 78' lang='lat' dir='ltr'><strong>i</strong></span> <span class='ocrx_word' id='word_1_902' title='bbox 2896 5094 3152 5170; x_wconf 74' lang='grc' dir='ltr'>Εἶθ’ἐξῆς</span> <span class='ocrx_word' id='word_1_903' title='bbox 3178 5098 3494 5169; x_wconf 84' lang='grc' dir='ltr'>ἀπελέγχων</span> <span class='ocrx_word' id='word_1_904' title='bbox 3522 5099 3719 5163; x_wconf 82' lang='grc' dir='ltr'>αὐτοὺς</span> <span class='ocrx_word' id='word_1_905' title='bbox 3746 5101 3826 5164; x_wconf 83' lang='grc' dir='ltr'><strong>είς</strong></span> <span class='ocrx_word' id='word_1_906' title='bbox 3858 5101 4037 5156; x_wconf 84' lang='grc' dir='ltr'>αὐτῶν</span> 
     </span>
    </p>
   </div>
   <div class='ocr_carea' id='block_1_111' title="bbox 2456 5190 4042 5267">
    <p class='ocr_par' dir='ltr' id='par_1_111' title="bbox 2456 5190 4042 5267">
     <span class='ocr_line' id='line_1_112' title="bbox 2456 5190 4042 5267; baseline 0.005 -25"><span class='ocrx_word' id='word_1_907' title='bbox 2456 5190 2743 5262; x_wconf 89' lang='grc' dir='ltr'>πρόσωπον</span> <span class='ocrx_word' id='word_1_908' title='bbox 2776 5191 2982 5260; x_wconf 70' lang='grc' dir='ltr'>ἔλεγεν·</span> <span class='ocrx_word' id='word_1_909' title='bbox 3005 5213 3023 5245; x_wconf 84' lang='grc' dir='ltr'><strong>ι</strong></span> <span class='ocrx_word' id='word_1_910' title='bbox 3048 5194 3186 5247; x_wconf 77' lang='grc' dir='ltr'>Οὐαὶ</span> <span class='ocrx_word' id='word_1_911' title='bbox 3214 5193 3362 5261; x_wconf 68' lang='grc' dir='ltr'>ὑμῖν,</span> <span class='ocrx_word' id='word_1_912' title='bbox 3380 5193 3732 5265; x_wconf 84' lang='grc' dir='ltr'>Γραμματεῖς</span> <span class='ocrx_word' id='word_1_913' title='bbox 3750 5196 3843 5249; x_wconf 79' lang='grc' dir='ltr'>καὶ</span> <span class='ocrx_word' id='word_1_914' title='bbox 3872 5197 4042 5267; x_wconf 78' lang='grc' dir='ltr'>Φαρι-</span> 
     </span>
    </p>
   </div>
   <div class='ocr_carea' id='block_1_112' title="bbox 2456 5275 4034 5360">
    <p class='ocr_par' dir='ltr' id='par_1_112' title="bbox 2456 5275 4034 5360">
     <span class='ocr_line' id='line_1_113' title="bbox 2456 5275 4034 5360; baseline 0.003 -23"><span class='ocrx_word' id='word_1_915' title='bbox 2456 5288 2594 5339; x_wconf 83' lang='grc' dir='ltr'>σαῖοι</span> <span class='ocrx_word' id='word_1_916' title='bbox 2630 5285 2946 5358; x_wconf 71' lang='grc' dir='ltr'>ὑποκριταὶ,</span> <span class='ocrx_word' id='word_1_917' title='bbox 2978 5286 3057 5339; x_wconf 82' lang='grc' dir='ltr'>ὅτι</span> <span class='ocrx_word' id='word_1_918' title='bbox 3079 5275 3288 5339; x_wconf 80' lang='grc' dir='ltr'>κλείετέ</span> <span class='ocrx_word' id='word_1_919' title='bbox 3312 5286 3409 5359; x_wconf 78' lang='grc' dir='ltr'>τὴν</span> <span class='ocrx_word' id='word_1_920' title='bbox 3434 5286 3711 5358; x_wconf 83' lang='grc' dir='ltr'>βασιλείαν</span> <span class='ocrx_word' id='word_1_921' title='bbox 3734 5286 3843 5341; x_wconf 87' lang='grc' dir='ltr'><strong>τῶν</strong></span> <span class='ocrx_word' id='word_1_922' title='bbox 3872 5289 4034 5360; x_wconf 72' lang='grc' dir='ltr'>οὐρα-ι</span> 
     </span>
    </p>
   </div>
   <div class='ocr_carea' id='block_1_113' title="bbox 2452 5374 4033 5449">
    <p class='ocr_par' dir='ltr' id='par_1_113' title="bbox 2452 5374 4033 5449">
     <span class='ocr_line' id='line_1_114' title="bbox 2452 5374 4033 5449; baseline 0 -22"><span class='ocrx_word' id='word_1_923' title='bbox 2452 5374 2557 5429; x_wconf 90' lang='grc' dir='ltr'><strong>νῶν</strong></span> <span class='ocrx_word' id='word_1_924' title='bbox 2587 5375 2896 5449; x_wconf 77' lang='grc' dir='ltr'>ἔμπροσθεν</span> <span class='ocrx_word' id='word_1_925' title='bbox 2930 5375 3038 5428; x_wconf 85' lang='grc' dir='ltr'><strong>τῶν</strong></span> <span class='ocrx_word' id='word_1_926' title='bbox 3075 5376 3406 5447; x_wconf 84' lang='grc' dir='ltr'>ἀνθρώπων·</span> <span class='ocrx_word' id='word_1_927' title='bbox 3448 5398 3466 5430; x_wconf 76' lang='grc' dir='ltr'><strong>ι</strong></span> <span class='ocrx_word' id='word_1_928' title='bbox 3512 5378 3608 5431; x_wconf 70' lang='grc' dir='ltr'>καὶ</span> <span class='ocrx_word' id='word_1_929' title='bbox 3643 5376 3824 5431; x_wconf 69' lang='grc' dir='ltr'><strong>πάλιν⁸</strong></span> <span class='ocrx_word' id='word_1_930' title='bbox 3858 5388 3881 5428; x_wconf 76' lang='grc' dir='ltr'><strong>ι</strong></span> <span class='ocrx_word' id='word_1_931' title='bbox 3899 5377 4033 5431; x_wconf 82' lang='grc' dir='ltr'><strong>Οὐαὶ</strong></span> 
     </span>
    </p>
   </div>
   <div class='ocr_carea' id='block_1_114' title="bbox 2446 5456 4031 5539">
    <p class='ocr_par' dir='ltr' id='par_1_114' title="bbox 2446 5456 4031 5539">
     <span class='ocr_line' id='line_1_115' title="bbox 2446 5456 4031 5539; baseline 0 -22"><span class='ocrx_word' id='word_1_932' title='bbox 2446 5464 2592 5535; x_wconf 85' lang='grc' dir='ltr'>ὑμῖν,</span> <span class='ocrx_word' id='word_1_933' title='bbox 2630 5469 2979 5537; x_wconf 84' lang='grc' dir='ltr'>γραμματεῖς</span> <span class='ocrx_word' id='word_1_934' title='bbox 3017 5468 3109 5519; x_wconf 76' lang='grc' dir='ltr'>καὶ</span> <span class='ocrx_word' id='word_1_935' title='bbox 3146 5469 3458 5539; x_wconf 82' lang='grc' dir='ltr'>Φαρισαῖοι,</span> <span class='ocrx_word' id='word_1_936' title='bbox 3508 5456 3590 5520; x_wconf 78' lang='grc' dir='ltr'><strong>δτι</strong></span> <span class='ocrx_word' id='word_1_937' title='bbox 3632 5464 4031 5538; x_wconf 76' lang='grc' dir='ltr'>παρομοιάζετε</span> 
     </span>
    </p>
   </div>
   <div class='ocr_carea' id='block_1_115' title="bbox 2443 5546 4032 5629">
    <p class='ocr_par' dir='ltr' id='par_1_115' title="bbox 2443 5546 4032 5629">
     <span class='ocr_line' id='line_1_116' title="bbox 2443 5546 4032 5629; baseline -0.001 -20"><span class='ocrx_word' id='word_1_938' title='bbox 2443 5557 2633 5627; x_wconf 86' lang='grc' dir='ltr'>τάφοις</span> <span class='ocrx_word' id='word_1_939' title='bbox 2683 5557 3104 5629; x_wconf 86' lang='grc' dir='ltr'>κεκονιαμένοις.</span> <span class='ocrx_word' id='word_1_940' title='bbox 3138 5579 3156 5611; x_wconf 70' lang='grc' dir='ltr'><strong>ι</strong></span> <span class='ocrx_word' id='word_1_941' title='bbox 3197 5546 3317 5612; x_wconf 89' lang='grc' dir='ltr'><strong>Τῶν</strong></span> <span class='ocrx_word' id='word_1_942' title='bbox 3359 5557 3488 5628; x_wconf 89' lang='grc' dir='ltr'>γοῦν</span> <span class='ocrx_word' id='word_1_943' title='bbox 3522 5556 3775 5611; x_wconf 87' lang='grc' dir='ltr'>τοιούτων</span> <span class='ocrx_word' id='word_1_944' title='bbox 3795 5556 4032 5626; x_wconf 78' lang='grc' dir='ltr'>ἐλέγχων</span> 
     </span>
    </p>
   </div>
   <div class='ocr_carea' id='block_1_116' title="bbox 2446 5632 4028 5721">
    <p class='ocr_par' dir='ltr' id='par_1_116' title="bbox 2446 5632 4028 5721">
     <span class='ocr_line' id='line_1_117' title="bbox 2446 5632 4028 5721; baseline 0 -22"><span class='ocrx_word' id='word_1_945' title='bbox 2446 5646 2607 5704; x_wconf 70' lang='grc' dir='ltr'>ἕνεκα</span> <span class='ocrx_word' id='word_1_946' title='bbox 2626 5649 2722 5719; x_wconf 87' lang='grc' dir='ltr'>τὴν</span> <span class='ocrx_word' id='word_1_947' title='bbox 2739 5648 3027 5721; x_wconf 80' lang='grc' dir='ltr'>ἐπιϐουλὴν</span> <span class='ocrx_word' id='word_1_948' title='bbox 3046 5649 3194 5721; x_wconf 80' lang='grc' dir='ltr'>αύτῷ</span> <span class='ocrx_word' id='word_1_949' title='bbox 3222 5632 3695 5703; x_wconf 74' lang='grc' dir='ltr'>συνεσκευάσαντο.</span> <span class='ocrx_word' id='word_1_950' title='bbox 3728 5648 3926 5718; x_wconf 82' lang='grc' dir='ltr'>Διόπερ</span> <span class='ocrx_word' id='word_1_951' title='bbox 3946 5649 4028 5700; x_wconf 53' lang='grc' dir='ltr'><strong>ἐνί</strong></span> 
     </span>
    </p>
   </div>
   <div class='ocr_carea' id='block_1_117' title="bbox 2448 5736 4028 5811">
    <p class='ocr_par' dir='ltr' id='par_1_117' title="bbox 2448 5736 4028 5811">
     <span class='ocr_line' id='line_1_118' title="bbox 2448 5736 4028 5811; baseline -0.001 -20"><span class='ocrx_word' id='word_1_952' title='bbox 2448 5737 2619 5793; x_wconf 86' lang='grc' dir='ltr'>ταῦθά</span> <span class='ocrx_word' id='word_1_953' title='bbox 2637 5756 2820 5811; x_wconf 76' lang='grc' dir='ltr'>φησιν·</span> <span class='ocrx_word' id='word_1_954' title='bbox 2858 5759 2875 5789; x_wconf 85' lang='grc' dir='ltr'><strong>ι</strong></span> <span class='ocrx_word' id='word_1_955' title='bbox 2899 5740 2956 5792; x_wconf 87' lang='grc' dir='ltr'><strong>Ὀ</strong></span> <span class='ocrx_word' id='word_1_956' title='bbox 2989 5739 3147 5808; x_wconf 76' lang='grc' dir='ltr'>ζῆλος</span> <span class='ocrx_word' id='word_1_957' title='bbox 3177 5738 3270 5793; x_wconf 83' lang='grc' dir='ltr'><strong>τοῦ</strong></span> <span class='ocrx_word' id='word_1_958' title='bbox 3300 5738 3447 5792; x_wconf 78' lang='grc' dir='ltr'>οἴκου</span> <span class='ocrx_word' id='word_1_959' title='bbox 3489 5756 3579 5792; x_wconf 86' lang='grc' dir='ltr'><strong>σου</strong></span> <span class='ocrx_word' id='word_1_960' title='bbox 3614 5736 3890 5807; x_wconf 82' lang='grc' dir='ltr'>κατέφαγέ</span> <span class='ocrx_word' id='word_1_961' title='bbox 3922 5753 3987 5806; x_wconf 88' lang='grc' dir='ltr'><strong>με</strong></span> <span class='ocrx_word' id='word_1_962' title='bbox 4010 5772 4028 5800; x_wconf 77' lang='lat'><strong>,</strong></span> 
     </span>
    </p>
   </div>
   <div class='ocr_carea' id='block_1_118' title="bbox 3014 5887 4021 5961">
    <p class='ocr_par' dir='ltr' id='par_1_118' title="bbox 3014 5887 4021 5961">
     <span class='ocr_line' id='line_1_119' title="bbox 3014 5887 4021 5961; baseline 0 -14"><span class='ocrx_word' id='word_1_963' title='bbox 3014 5895 3056 5925; x_wconf 80' lang='grc'>¹⁸</span> <span class='ocrx_word' id='word_1_964' title='bbox 3095 5894 3251 5950; x_wconf 87' lang='lat' dir='ltr'><strong>Joan.</strong></span> <span class='ocrx_word' id='word_1_965' title='bbox 3297 5911 3357 5961; x_wconf 88' lang='grc' dir='ltr'><strong>ιι,</strong></span> <span class='ocrx_word' id='word_1_966' title='bbox 3398 5895 3563 5949; x_wconf 73' lang='lat'><strong>15-16</strong></span> <span class='ocrx_word' id='word_1_967' title='bbox 3688 5894 3729 5927; x_wconf 81' lang='lat'><strong>&quot;</strong></span> <span class='ocrx_word' id='word_1_968' title='bbox 3759 5892 3889 5949; x_wconf 88' lang='lat' dir='ltr'><strong>ibid.</strong></span> <span class='ocrx_word' id='word_1_969' title='bbox 3934 5887 4021 5947; x_wconf 72' lang='lat' dir='ltr'><strong>t7.</strong></span> 
     </span>
    </p>
   </div>
  </div>
