4300 6462
299 505 390 559 741

1414 480 1917 559 COMMENTARIA
1958 506 2024 559 [Ν
2062 506 2400 566 PSALMOS.

294 622 384 675 καὶ
412 624 461 675 οἱ
493 620 790 691 ὀνειδισμοὶ
816 621 924 675 τῶν
962 622 1323 685 ὀνειδιζόντων
1372 640 1431 674 σε
1467 624 1736 681 ἐπέπεσαν
1769 623 1854 675 ἐπ’
1884 627 1912 680 Α

1924 640 2100 680 .mam
2157 641 2353 693 meam,
2397 638 2449 682 et
2479 628 2677 684 factum
2716 631 2876 687 estin
2908 633 3253 703 opprobrium
3306 634 3456 692 mihi.
3497 657 3515 687 ι

293 713 412 783 ἐμέ.
507 713 617 765 Καὶ
681 712 1025 781 συνεκάλυψα
1099 714 1155 764 ἐν
1231 713 1451 783 νηστείᾳ
1518 712 1616 782 τὴν
1677 713 1853 783 ψυχήν

282 820 442 877 μου,
492 804 584 857 καὶ
643 804 874 873 ἐγενήθη
933 807 1011 866 εἰς
1070 803 1404 873 ὀνειδισμοὺς
1460 805 1600 874 ἐμοί.
1644 825 1659 855 ι
1725 806 1853 856 Ὅτε

295 894 414 967 μὲν,
463 895 646 965 φησὶν,
696 895 879 966 ἐώρων
929 897 1019 947 τὸν
1068 896 1157 947 σὺν
1200 892 1345 948 οἷκον
1394 897 1573 965 πάσης
1615 895 1855 967 πληρού-

296 1003 453 1056 μενον
493 985 738 1055 ἀνομίας,
767 987 858 1039 καὶ
892 988 1021 1038 ποτὲ
1056 987 1150 1056 μὲν
1177 987 1490 1057 γιγνόμενον
1518 983 1662 1039 οἶκον
1695 990 1856 1056 ἐμπο-

294 1077 429 1149 ρίου,
458 1077 586 1129 ποτὲ
611 1078 666 1129 δὲ
684 1077 943 1147 σπήλαιον
966 1076 1193 1148 λῃστῶν,
1227 1076 1564 1146 πυρούμενος
1589 1077 1691 1129 ὑπὸ
1711 1076 1853 1129 θείου

292 1169 475 1241 ζήλου,
503 1168 729 1241 ἤλαυνον
760 1170 883 1232 τοὺς
912 1169 1054 1221 ἔνδον
1085 1170 1551 1240 παρανομοῦντας·
1593 1168 1727 1221 ἀλλὰ
1762 1172 1854 1222 καὶ

288 1262 376 1314 ὅτε
426 1263 547 1325 ταῖς
585 1261 791 1316 ἑαυτῶν
814 1256 1092 1331 ἀθεμίτοις
1139 1262 1399 1332 πράξεσιν
1442 1262 1642 1323 ὄνειδος
1692 1280 1848 1332 περι-

288 1353 457 1424 ῆπτόν
474 1353 642 1423 σοιτῷ
662 1353 799 1423 Θεῷ,
817 1347 876 1407 οὗ
892 1353 986 1424 τὴν
1003 1353 1308 1407 θεοσέϐειαν
1320 1355 1727 1425 ἐπηγγέλλοντο,
1752 1353 1854 1405 πά-

286 1443 367 1498 λιν
399 1447 478 1508 εἰς
514 1445 703 1498 ἐαυτὸν
766 1445 1156 1516 ἀναλαμϐάνων
1199 1448 1325 1514 τοὺς
1363 1446 1631 1509 τοιούτους
1669 1445 1852 1498 ὀνειδι-

289 1528 476 1605 σμοὺς,
493 1534 877 1606 ἠναγκαζόμην
895 1537 1173 1607 παρρησίᾳ
1188 1535 1440 1605 χρῆσθαι,
1461 1537 1551 1588 καὶ
1562 1538 1652 1588 τοὺ
1663 1554 1686 1588 :
1701 1536 1851 1603 ἐλέγ-

287 1643 412 1698 χους
440 1628 621 1690 αὐτοῖς
654 1627 1058 1698 θεραπευτικῶς
1092 1628 1435 1698 προσφέρειν·
1472 1629 1559 1680 ὅτε
1580 1628 1634 1679 δὲ
1665 1627 1848 1697 ἐώρων

286 1719 623 1789 ἀναισθήτως
652 1719 846 1780 αὐτοὺς
866 1717 1104 1787 ἔχοντας,
1130 1720 1219 1771 καὶ¹
1256 1718 1328 1788 μὴ
1357 1719 1847 1789 ἐπιστρεφομένους

284 1811 408 1872 τοὺς
441 1810 605 1879 ἐμοὺς
632 1808 911 1879 ἐλέγχους,
954 1809 1377 1879 άποκλαιόμενος
1406 1810 1584 1863 αὐτῶν
1620 1809 1716 1881 τὴν
1741 1812 1851 1863 άπαη

284 1901 497 1964 ὠλειαν,
538 1902 819 1977 ἐνήστευην
852 1903 942 1955 καὶ
966 1902 1292 1954 κατεπόνουν
1326 1903 1559 1972 ἐμαυτὸν
1576 1903 1714 1973 ὑπὲρ
1749 1903 1847 1957 αύ-

282 1991 407 2045 τῶν.
430 1994 503 2045 ’οί
535 1991 591 2044 δὲ
626 1993 719 2044 καὶ
750 1988 921 2055 οὕτως
954 1991 1222 2055 ὠνείδιζόν
1268 2010 1356 2062 μοι
1388 1992 1728 2064 διασύροντες
1756 1995 1847 2047 καὶ

282 2082 629 2155 χλευάζοντες
647 2082 741 2155 τὴν
769 2084 905 2155 ἐμὴν
936 2083 1206 2154 νηστείαν.
1231 2084 1559 2155 Βουλόμενος
1580 2085 1635 2138 δὲ
1668 2086 1848 2148 αὐτοῖς

280 2171 642 2244 ὑπογραμμὸν
675 2173 961 2243 μετανοίας
984 2172 1273 2234 δεικνύναι,
1300 2175 1360 2225 οὐ
1398 2174 1556 2243 μόνον
1573 2174 1848 2242 νηστείαις

281 2264 514 2336 ἐμαυτὸν
545 2264 890 2328 κατεπόνουν,
921 2263 1055 2317 άλλά
1086 2264 1177 2316 καὶ
1211 2264 1272 2316 τὸ
1292 2263 1408 2317 ἐνδυ
1418 2267 1493 2335 μά
1521 2281 1620 2334 μου
1648 2264 1846 2317 σάκκον

280 2355 600 2427 ἐποιούμην,
633 2355 877 2420 κολάζων
908 2354 1000 2408 καὶ
1039 2355 1444 2426 τιμωρούμενος
1476 2355 1571 2426 τὴν
1608 2355 1845 2425 ἐμαυτοῦ

281 2447 480 2518 σάρκα,
510 2447 658 2518 αύτῷ
679 2465 738 2501 τε
764 2447 909 2519 ἔργῳ
939 2447 1138 2519 τρόπον
1162 2445 1597 2527 ἐξομολογήσεως
1616 2447 1707 2501 καὶ
1740 2448 1846 2501 τῶν

279 2536 559 2610 προτέρων
605 2539 1016 2611 ἁμαρτημάτων
1054 2534 1373 2609 καθάρσεως
1421 2539 1726 2603 ἐπιδεικνὺς
1752 2541 1847 2593 αὺ-

276 2633 410 2694 τεῖς.
446 2633 508 2683 Οἱ
540 2614 712 2685 δὲκαὶ
744 2632 911 2685 ταῦτα
928 2632 1192 2700 γελῶντες
1212 2633 1333 2685 ἀντὶ
1355 2632 1669 2703 παραϐολῆς
1689 2650 1756 2702 με
1771 2627 1846 2685 εἷ-

278 2738 390 2792 χον,
424 2723 803 2793 συνερχόμενοι
840 2724 938 2793 μὲν
962 2723 1078 2792 ἅμα
1108 2725 1201 2776 καὶ
1234 2724 1369 2795 πρὸς
1381 2728 1500 2787 ταῖς
1515 2723 1719 2778 ἑαυτῶν
1738 2722 1845 2778 πύ-

275 2809 395 2877 λαις
426 2812 796 2884 καθεζόμενοι,
831 2814 1008 2867 πᾶσαν
1030 2813 1085 2865 δὲ
1108 2815 1205 2884 τὴν
1236 2814 1443 2868 ἑαυτῶν
1473 2815 1685 2886 ὁμιλίαν
1716 2816 1855 2889 περὶ,

276 2895 411 2976 ἐμοῦ
439 2903 781 2975 ποιούμενοι,
827 2905 921 2959 καὶ
955 2906 1235 2980 μονονουχὶ
1268 2906 1678 2977 άδολεσχοῦντες
1709 2909 1843 2979 πρὸς

274 2994 537 3068 ἀλλήλους
570 2998 626 3049 ἐν
654 2998 721 3068 τῇ
745 2997 863 3050 κατ’
885 2997 1017 3068 ἐμοῦ
1047 2998 1229 3070 χλεύῃ.
1268 2999 1379 3052 Οὐκ
1399 3000 1635 3070 άπήρκει
1663 3001 1718 3054 δὲ
1746 3003 1845 3054 αὑ-

274 3090 385 3151 τοῖς
426 3085 698 3159 διασύρειν
729 3089 823 3142 καὶ
864 3084 1148 3159 χλευάζειν
1190 3089 1287 3153 τὰς
1318 3089 1455 3162 ἐμὰς
1486 3092 1625 3164 ὑπὲρ
1665 3093 1844 3145 αὐτῶν

274 3180 566 3251 ἀσκήσεις,
590 3175 740 3234 Δάλλά
771 3181 866 3234 καὶ
901 3181 1179 3251 συμπόσια
1216 3183 1669 3254 συγκροτοῦντες.,
1703 3186 1843 3257 ᾠδὰς

274 3273 368 3357 καὶ
394 3273 614 3345 ᾅσματα
641 3276 720 3338 εἰς
745 3274 843 3344 ἐμὲ
865 3273 1142 3343 διεξῄεσαν
1160 3275 1599 3345 οἰνοφλυγοῦντες
1624 3278 1718 3330 καὶ
1748 3296 1842 3349 με-
1868 3311 1912 3370 C

275 3356 597 3435 θυσκόμενοι
624 3366 681 3418 ἐν
707 3361 825 3427 ταῖς
855 3366 973 3417 κατ’
1002 3362 1137 3433 ἐμοῦ
1159 3366 1481 3435 παροινίαις.
1518 3368 1632 3436 Ἐφ’
1663 3365 1742 3433 οἷς
1762 3371 1840 3423 ἔτι

276 3456 473 3529 μιξλλον
500 3451 610 3525 ἐγὼ
640 3456 1036 3510 συνεκάλυπτον
1069 3458 1127 3509 ἐν
1158 3459 1381 3531 νηστείᾳ
1403 3459 1500 3530 τὴν
1523 3459 1701 3533 ψυχήν
1725 3482 1848 3533 μου,

272 3548 368 3602 καὶ
401 3548 659 3619 ἐτιθέμην
685 3540 747 3601 τδ
782 3546 985 3618 ἔνδυμά
1017 3566 1116 3619 μου
1151 3549 1374 3619 σάκκον,
1405 3551 1503 3621 τὴν
1539 3553 1717 3606 αὐτῶν
1739 3542 1847 3606 άπ-

272 3637 468 3693 ὡλειαν
501 3638 943 3713 ἀποκλαιόμενος.
970 3639 1060 3693 Διὸ
1096 3639 1235 3693 κατὰ
1256 3640 1348 3694 τὸν
1364 3641 1592 3695 Ἀκύλαν
1608 3643 1845 3714 εἴρηται·

278 3750 295 3782 ι
338 3732 449 3785 Kal
492 3730 732 3785 ἔκλαυσα
752 3732 810 3784 ἐν
850 3731 1073 3803 νηστείᾳ
1102 3731 1279 3801 ψυχήν
1325 3748 1426 3802 μου
1446 3772 1461 3797 ,
1491 3734 1586 3787 καὶ
1615 3733 1846 3807 ἐγενήθη

273 3825 353 3890 είς
374 3810 710 3896 ὀνειδισμοὺς
737 3824 878 3895 ἐμοί.
898 3824 1009 3877 Καὶ
1033 3823 1230 3877 ἔδωκεν
1256 3823 1463 3878 ἐνδυσίν
1492 3843 1592 3896 μου
1618 3826 1841 3890 σάκκον,

272 3917 370 3971 καὶ
400 3911 668 3988 ἐγενόμην
689 3916 873 3980 αὐτοῖς
896 3917 975 3979 είς
992 3914 1327 3987 παραϐολήν.
1368 3915 1614 3988 Ὠμίλουν
1637 3918 1696 3970 ἐν
1724 3918 1846 3988 ἐμοὶ

271 4010 568 4081 καθήμενοι
601 4008 805 4080 πύλην·
872 4009 966 4063 καὶ
998 4008 1200 4080 ψαλμοὶ
1239 4009 1496 4063 πινόντων
1515 4010 1781 4079 μέθυσμα.
1822 4029 1843 4060 ι

271 4097 413 4152 κατὰ
439 4098 497 4151 δὲ
525 4096 615 4152 τὸν
637 4097 948 4169 Σύμμαχονο
984 4116 1002 4148 ι
1042 4099 1153 4151 Καὶ
1180 4097 1395 4152 κλάοντι
1431 4097 1569 4167 μετὰ
1596 4097 1849 4167 νηστείας

270 4189 368 4258 τὴν
400 4187 577 4258 ψυχήν
608 4206 709 4260 μου
739 4189 954 4257 ἐγένετο
985 4190 1065 4251 είς
1094 4188 1292 4251 ὄνειδος
1324 4190 1465 4258 ἐμοί.
1496 4189 1605 4242 Καὶ
1632 4188 1847 4243 τάσσων

270 4281 333 4334 τὸ
354 4281 471 4334 ἐνδυ
479 4282 554 4351 μά
577 4299 679 4352 μου
710 4281 932 4359 σάκκον,
955 4282 1049 4336 καὶ
1070 4281 1334 4351 ἐγενόμην
1360 4281 1540 4345 αὐτοῖς
1561 4283 1639 4346 εἰς
1670 4299 1849 4353 παρα-

271 4372 455 4441 ϐολήν.
489 4358 881 4444 Διηγοῢντόίμε
926 4373 1223 4444 καθήμενοι
1254 4376 1310 4427 ἐν
1344 4373 1482 4445 πύλῃ
1502 4415 1516 4438 ,
1551 4375 1645 4428 καὶ⁸
1686 4374 1849 4444 ἔψαλ-

271 4461 364 4516 λόν
394 4479 462 4532 με
517 4463 567 4515 οί
608 4461 855 4526 πίνοντες
897 4463 1171 4535 μέθυσμα.
1216 4484 1235 4516 ι
1287 4466 1446 4519 Ἀλλὰ
1482 4466 1690 4530 τούτοις
1724 4484 1849 4521 συν-

273 4547 522 4614 εξετάσαι
549 4550 861 4619 ἀναγκαῖον,
894 4551 1010 4616 πῶς
1027 4552 1237 4624 εἴρηται
1269 4555 1376 4607 ὑπὸ
1388 4556 1481 4609 τοῦ
1514 4557 1763 4627 Σωτῆρος
1788 4558 1846 4610 ἐν

1956 714 2114 779 Cum,
2145 715 2573 787 inquit,domum
2616 730 2762 776 tuam
2791 723 3029 778 viderem
3063 726 3209 779 omni
3239 726 3522 795 iniquitate

1956 808 2239 876 repletam,
2262 819 2315 863 et
2339 812 2501 866 modo
2533 813 2754 867 domum
2788 816 3192 885 negotiationis,
3212 818 3371 873 modo
3401 816 3524 888 spe-

1955 898 2170 969 luncam
2205 902 2477 956 latronum
2527 904 2795 969 effectam,
2840 908 3025 961 divino
3067 890 3329 965 incensus
3382 913 3516 973 zelo,

1955 1003 2048 1043 eos
2094 993 2187 1060 qui
2235 993 2380 1047 intus
2417 995 2761 1063 iniquitatem
2798 1000 3166 1067 operabantur
3214 1002 3371 1070 ejeci.
3408 1002 3521 1055 lmo

1953 1083 2114 1135 etiam
2157 1100 2280 1137 cum
2311 1085 2537 1142 nefariis
2569 1090 2737 1159 gestis
2764 1092 2878 1143 suis
2908 1093 3255 1160 opprobrium
3286 1096 3383 1148 tibi
3410 1094 3521 1149 Deo

1954 1175 2235 1243 inferrent,
2259 1194 2572 1249 ergaquem
2616 1188 2795 1234 tamen
2832 1183 3149 1252 religionem
3184 1185 3520 1253 proﬁteban-

1952 1276 2060 1330 tur,
2097 1267 2153 1321 in
2184 1282 2268 1321 tne
2294 1283 2511 1322 rursum
2542 1270 2832 1339 opprobria
2870 1271 3181 1339 hujusmodi
3229 1275 3519 1343 recipiens,

1918 1366 1922 1373 '
1950 1360 2282 1415 necessitate
2309 1361 2649 1430 compulsus,
2685 1364 3058 1432 correptiones
3089 1365 3223 1434 ipsis
3248 1367 3313 1420 ad
3347 1382 3522 1421 reme-

1950 1450 2097 1504 dium
2141 1452 2514 1506 admovebam.
2568 1452 2639 1507 Ut
2694 1455 2943 1510 videbam
3003 1464 3182 1510 autem
3218 1459 3338 1513 illos
3372 1461 3522 1515 nullo

1950 1558 2113 1597 sensu
2159 1544 2385 1607 moveri,
2414 1560 2590 1615 neque
2624 1547 2946 1615 resipiscere
2989 1565 3055 1603 ex
3102 1542 3523 1618 reprehensione

1949 1647 2086 1693 mea,
2110 1647 2297 1685 eorum
2334 1636 2626 1702 perniciem
2654 1636 2943 1703 deplorans
2971 1637 3304 1706 jejunabam,
3328 1657 3523 1710 meque

1946 1722 2161 1775 illorttm
2188 1736 2354 1777 causa
2373 1722 2744 1776 niacerabam.
2762 1725 2841 1777 llli
2871 1734 3048 1778 autem
3075 1734 3207 1779 tunc
3233 1728 3394 1795 etiam
3417 1745 3515 1783 ex-

1946 1812 2284 1880 probrabant
2307 1812 2461 1875 mihi,
2482 1820 2535 1866 et
2560 1812 2823 1881 jejunium
2847 1829 3025 1867 meum
3046 1814 3283 1884 profusis
3297 1818 3522 1872 cachin-

1945 1901 2035 1955 nis
2062 1901 2383 1978 irridebant.
2412 1902 2547 1956 Cum
2592 1903 2782 1957 vellem
2816 1919 2980 1972 porro
3011 1908 3315 1976 exemplum
3344 1911 3520 1977 paeni-

1880 1964 1921 2017 B
1952 1993 2132 2045 tentia!
2163 1992 2298 2062 ipsis
2331 2008 2656 2063 preponere,
2699 2010 2807 2048 non
2838 1996 2998 2050 modo
3028 1997 3253 2066 jejuniis
3285 2013 3370 2053 me
3402 2014 3517 2051 ma-

1950 2084 2222 2149 cerabam,
2260 2084 2353 2138 sed
2387 2086 2551 2139 etiam
2594 2101 2692 2155 pro
2738 2087 3063 2143 vestimento
3098 2090 3363 2158 ponebam
3394 2092 3519 2145 cili-

1951 2176 2117 2241 cium,
2143 2188 2361 2231 carnem
2420 2192 2593 2231 meam
2654 2179 2929 2249 castigans
2971 2188 3024 2234 et
3066 2181 3330 2251 puniens,"
3354 2192 3519 2253 atque

1951 2269 2069 2340 ipso
2118 2285 2281 2339 opere
2327 2269 2544 2323 modum
2580 2270 2944 2328 confessionis
2971 2281 3133 2344 atque
3184 2278 3521 2345 purgationis

1948 2358 2305 2427 pristinorum
2333 2368 2679 2429 peccatorum
2708 2361 2845 2431 ipsis
2881 2368 3405 2423 commonstrabam.
3442 2368 3521 2424 llli

1948 2468 2077 2507 vero
2122 2453 2237 2509 haec
2280 2469 2498 2524 quoque
2528 2452 2841 2510 deridentes
2863 2472 2961 2526 pro
3001 2460 3257 2527 parabola
3297 2476 3382 2516 me
3424 2463 3520 2515 ha-
3612 2498 3619 2517 κ

1947 2546 2203 2609 buerunt,
2233 2546 2395 2602 simul
2423 2549 2834 2613 convenientes,
2862 2558 2915 2605 et
2958 2551 3025 2604 ad
3059 2561 3242 2621 portas
3273 2568 3403 2608 suas
3433 2569 3522 2608 se-

1946 2636 2157 2701 dentes,
2190 2638 2256 2692 de
2287 2654 2372 2693 me
2418 2655 2523 2693 una
2579 2640 2849 2710 colloquia
2896 2641 3211 2713 miscentes,
3238 2660 3301 2700 ac
3331 2653 3520 2699 mutuo

1946 2740 2120 2795 nugas
2161 2736 2480 2797 spargentes
2518 2729 2646 2782 dum
2692 2745 2776 2782 me
2829 2731 3147 2788 irriderent.
3207 2734 3396 2805 Neque
3433 2742 3521 2793 sat

1945 2817 2054 2871 illis
2085 2815 2185 2870 fuit
2215 2818 2360 2887 quod
2400 2834 2485 2873 me
2517 2820 2856 2884 deluderent,
2889 2816 3050 2893 atque
3086 2825 3154 2879 ob
3179 2841 3297 2880 mea
3326 2843 3426 2897 pro
3455 2828 3520 2881 il-
3576 2808 3581 2817 ³

1944 2909 2011 2963 lis
2040 2917 2293 2978 suscepta
2326 2911 2586 2964 exercitia
2621 2912 2913 2965 ridiculum
2949 2924 3201 2983 agerent;
3228 2914 3323 2971 sed
3351 2916 3515 2969 etiam

1945 3002 2196 3055 convivia
2230 3010 2476 3071 agentes,
2508 3004 2809 3059 cantilenas
2835 3005 2963 3059 vino
2997 3006 3137 3075 capti
3175 3014 3229 3060 et
3276 3006 3434 3069 ebrii,
3461 3006 3515 3059 in

1945 3108 2030 3147 me
2057 3092 2457 3148 debacchantes
2482 3093 2734 3148 edebant.
2774 3094 2890 3160 Qua
2927 3094 2994 3150 de
3030 3090 3195 3149 causa
3215 3111 3314 3166 ego
3347 3096 3518 3149 multo

1945 3184 2120 3253 magis
2144 3184 2454 3254 operiebam
2491 3186 2545 3239 in
2574 3186 2782 3255 jejunio
2829 3186 3066 3241 animam
3097 3203 3292 3250 meam,
3327 3195 3380 3245 et
3418 3201 3516 3256 po-

1947 3277 2139 3335 nebam
2164 3276 2547 3331 vestimentum
2592 3293 2771 3331 meum
2800 3278 3065 3339 cilicium,
3099 3279 3321 3332 exitium
3374 3279 3521 3346 ipso~

1951 3382 2070 3420 rum
2093 3368 2403 3437 deplorans.
2436 3356 2634 3433 Quare,
2653 3368 2953 3424 secundum
2984 3370 3253 3439 Aquilam,
3279 3370 3477 3423 dicitur

1956 3479 1973 3509 α
2016 3460 2081 3515 Et
2122 3462 2327 3530 ploravi
2382 3461 2437 3515 in
2465 3462 2676 3530 jejunio
2704 3464 2939 3517 animam
2991 3478 3188 3527 meam,
3216 3472 3269 3517 et
3312 3463 3514 3517 factum

1951 3556 2034 3603 est
2070 3551 2123 3604 in
2149 3550 2444 3620 opprobria
2473 3551 2627 3604 mihi.
2660 3549 2726 3603 Et
2754 3550 2903 3606 dedit
2927 3553 3309 3627 vestimentum
3336 3568 3513 3605 meum

1951 3656 2193 3703 saccum,
2214 3651 2268 3697 et
2299 3642 2477 3698 factus
2509 3658 2629 3697 sum
2659 3643 2768 3697 illis
2789 3644 2841 3697 in
2874 3645 3205 3713 parabolam.
3238 3643 3519 3712 Collaque-

1951 3733 2153 3786 bantur
2197 3733 2251 3786 in
2293 3749 2380 3788 me
2412 3734 2664 3790 sedentes
2692 3735 2759 3789 ad
2809 3744 3019 3805 portam
3068 3753 3080 3787 :
3123 3740 3176 3787 et
3208 3734 3400 3803 psalmi
3436 3734 3491 3788 bi

1949 3824 2191 3878 bentium
2223 3827 2576 3892 ebrietatem;
2615 3847 2633 3878 ι
2667 3826 2965 3882 secundum
3004 3824 3388 3895 Symmachum
3418 3840 3515 3878 au-

1950 3924 2058 3969 tem
2090 3936 2103 3970 :
2145 3935 2161 3965 ι
2203 3915 2269 3968 Et
2308 3917 2544 3988 pigranti
2576 3924 2698 3987 post
2716 3918 2925 3987 jejunia
2951 3916 3185 3970 animam
3212 3932 3406 3978 meam,
3440 3914 3519 3970 fa-

1949 4021 2094 4063 ctum
2142 4009 2302 4063 estin
2335 4009 2685 4079 0pprobrium
2721 4007 2953 4061 mihi.Et
2987 4024 3194 4077 ponens
3228 4008 3518 4061 indumen-

1947 4110 2061 4154 tum
2092 4117 2269 4167 meum
2292 4116 2545 4164 saccum,
2577 4107 2632 4155 et
2667 4100 2844 4155 faetus
2884 4116 3004 4154 sum
3048 4099 3155 4155 illis
3202 4100 3255 4153 in
3287 4100 3517 4169 parabo-

1948 4192 2077 4246 lam.
2107 4190 2450 4244 Enarrabant
2493 4206 2580 4245 me
2603 4191 2855 4246 sedentes
2897 4192 2951 4245 in
3006 4182 3183 4260 porta,
3220 4198 3273 4245 et
3306 4188 3476 4259 psalle

1948 4285 2079 4340 bant
2103 4298 2189 4338 me
2209 4283 2458 4339 bibentes
2489 4285 2827 4339 ebrietatem.
2862 4303 2880 4335 ›
2910 4282 2976 4337 At
3006 4284 3198 4337 horum
3231 4283 3517 4337 occasione

1947 4366 2493 4443 disquirendumest,
2526 4390 2625 4430 cur
2650 4391 2680 4429 a
2708 4373 2998 4431 Servatore
3021 4374 3228 4428 dictum
3261 4373 3315 4426 in
3343 4370 3489 4425 Evan

1946 4468 2087 4538 gelio
2120 4466 2283 4522 fuerit
2318 4487 2330 4522 :
2367 4486 2386 4520 ι
2429 4468 2591 4524 Venit
2640 4468 2878 4524 Joannes
2934 4482 3109 4536 neque
3146 4464 3516 4533 ‘manducans.

1950 4573 2127 4626 neque
2164 4559 2379 4622 bibens,
2414 4567 2468 4612 et
2498 4559 2727 4614 dicunt:
2763 4550 3096 4612 Daamoniuln
3146 4554 3325 4607 habet.
3358 4542 3519 4606 Venit

275 4638 643 4709 Εὑαγγελίοις’
684 4658 704 4692 ι
735 4635 937 4693 *Ηλθεν
993 4641 1241 4713 Ἰωάννης
1290 4644 1425 4714 μήτε
1469 4643 1662 4696 ἐσθίων
1704 4644 1843 4714 μήτε
1875 4658 1912 4711 ι]

1948 4649 2117 4704 Filius
2157 4650 2395 4704 hominis
2440 4651 2778 4721 manducans
2825 4658 2880 4704 et
2926 4648 3139 4708 bibens,
3172 4654 3224 4700 et
3274 4642 3512 4698 dicunt:

276 4729 471 4796 πίνων,
510 4733 604 4786 καὶ
629 4732 895 4800 λέγουσιν·
942 4732 1390 4807 Δαιμόνιονέχει.
1417 4731 1620 4788 *Ηλθεν
1656 4739 1684 4789 ὁ
1718 4736 1843 4800 Υἱὸς

275 4820 372 4874 τοῦ
397 4821 683 4893 ἀνθρώπου
708 4821 901 4876 ἐσθίων
928 4823 1020 4876 καὶ
1051 4823 1241 4891 πίνων,
1277 4826 1370 4878 καὶ
1405 4826 1671 4893 λέγουσιν·
1712 4827 1843 4880 ’ἰδοὺ

278 4910 563 4985 ἄνθρωπος
596 4914 767 4983 φάγος
793 4916 888 4969 καὶ
919 4915 1200 4986 οἰνοπότης
1221 4957 1236 4981 ,
1280 4917 1523 4971 τελωνῶν
1556 4918 1708 4986 φίλος
1753 4921 1847 4973 καὶ

280 5004 638 5075 ἁμαρτωλῶν.
665 5026 683 5059 ι
714 5007 852 5060 Ἀλλ’
870 5010 1014 5079 ἐρεῖς
1027 5006 1198 5062 ταῦτα
1223 5011 1341 5062 κατ’
1362 5010 1534 5081 ἀρχὰς
1558 5006 1651 5062 τοῦ
1668 5011 1846 5080 Εὐαγ-

280 5095 461 5165 γελίου
506 5097 806 5167 γίγνεσθαι,
840 5100 930 5153 ὅτε
957 5099 1043 5153 διὰ
1073 5096 1134 5152 τὸ
1170 5096 1243 5171 μὴ
1275 5101 1550 5171 νηστεύειν
1580 5102 1705 5165 τοὺς
1745 5120 1849 5174 μα-

281 5187 449 5258 θητὰς
470 5190 656 5265 αὑτοῦ,
686 5190 782 5262 τὴν
808 5193 947 5264 ὑπὲρ
975 5192 1149 5247 αὐτῶν
1177 5193 1468 5262 ἀπολογίαν
1510 5192 1848 5263 ποιούμενος,

280 5278 516 5348 ἔφασκεν
535 5298 548 5310 ⁸
575 5300 593 5332 ι
603 5282 678 5334 Οὐ
690 5281 939 5338 δύνανται
954 5287 1003 5337 ot
1024 5284 1232 5339 υίοὶτοῦ
1248 5285 1533 5356 νυμφῶνος
1548 5284 1847 5355 νηστεύειν,

282 5369 365 5439 ἐφ’
395 5370 518 5423 ὅσον
550 5372 664 5440 μετ’
691 5372 870 5425 αὐτῶν
894 5376 1040 5428 ἐστιν
1072 5378 1101 5429 ὀ
1128 5377 1358 5448 νυμφίος
1376 5393 1391 5407 ⁸
1417 5376 1712 5448 ἀρθήσεται
1748 5378 1842 5433 ἀπ’

282 5460 459 5518 αὐτῶν
503 5461 532 5512 ὀ
569 5461 819 5531 νυμφίος,
867 5463 961 5515 καὶ
998 5463 1119 5519 τότε
1170 5465 1567 5538 νηστεύσουσιν.
1604 5485 1625 5518 ι
1687 5468 1848 5540 Ὁρᾷς

244 5618 245 5621 η
281 5552 411 5625 γὰρ.
439 5552 517 5615 ὡς
555 5553 648 5605 καὶ
680 5551 840 5616 αὐτὸς
871 5555 1137 5623 ἠπίστατο
1173 5559 1262 5610 τὸν
1298 5557 1396 5627 τῆς
1436 5558 1689 5629 νηστείας
1725 5579 1847 5615 και-

286 5645 405 5719 ρόν;
432 5645 496 5698 Εἰ
510 5638 685 5697 τοίνυν
705 5642 793 5699 τὸν
820 5645 1009 5720 καιρὸν
1036 5648 1127 5702 τοῦ
1151 5649 1353 5711 πάθους
1380 5649 1542 5703 αὑτοῦ
1568 5652 1848 5718 συνεξετάο

300 5754 435 5800 rem
464 5738 576 5802 τοῖς
603 5736 737 5809 μετὰ
763 5741 949 5811 χεῖρας
974 5744 1370 5815 προκειμένοις,
1406 5741 1585 5813 εὕροις
1608 5744 1673 5797 ἂν
1701 5746 1850 5812 ὅπως

362 5918 402 5947 ⁸³
436 5916 627 5975 Matth.
676 5936 752 5985 ιι,
805 5920 889 5990 18,
933 5922 1019 5979 19.
1097 5925 1142 5956 ’³
1185 5920 1373 5979 Matth.
1418 5938 1498 5989 ιι,
1545 5922 1632 5977 15.

1948 4742 2087 4796 Ecce
2117 4742 2281 4795 homo
2306 4756 2471 4795 vorax
2509 4748 2563 4795 et
2602 4748 2819 4810 potator
2848 4741 2978 4803 vini,
3012 4726 3429 4808 publicanorum
3461 4741 3517 4788 et

1950 4840 2296 4902 peccatorum
2337 4834 2547 4886 amicus
2568 4833 2634 4884 ”.
2665 4853 2684 4884 ι
2714 4830 2822 4887 Sed
2848 4831 2999 4887 dicas
3027 4830 3142 4884 haec
3168 4826 3321 4882 initio
3341 4824 3522 4900 Evan-~

1952 4919 2073 4988 gelii
2098 4918 2242 4973 facta
2269 4933 2412 4985 esse,
2441 4918 2661 4989 quando
2687 4937 2753 4976 eo
2774 4920 2921 4991 quod
2953 4918 3207 4989 discipuli
3242 4916 3359 4983 ejus
3406 4928 3513 4967 non

1949 5013 2287 5083 jejunarent,
2338 5027 2437 5082 pro
2475 5013 2635 5083 ipsis,
2666 5014 2879 5084 objecta
2909 5013 3186 5083 depellens
3207 5051 3220 5074 ,
3247 5008 3462 5074 dicebat
3497 5029 3511 5063 :

1959 5123 1977 5156 ι
2040 5102 2157 5156 Non
2213 5110 2441 5173 possunt
2497 5104 2591 5159 lilii
2648 5105 2867 5158 thalami
2923 5103 3197 5173 sponsalis
3238 5099 3512 5177 jejunare,

1951 5193 2189 5265 quandiu
2230 5210 2351 5249 cum
2407 5196 2517 5251 illis
2564 5206 2645 5250 est
2695 5210 2968 5265 sponsus:
3008 5194 3281 5247 auferetur
3315 5191 3383 5243 ab
3435 5192 3514 5242 eis

1955 5303 2213 5358 sponsus,
2246 5295 2301 5340 et
2333 5290 2464 5343 tunc
2487 5289 2813 5358 jejunabunt
2837 5289 2900 5338 “.
2942 5305 2960 5337 ι
2997 5282 3186 5337 Viden’
3219 5281 3365 5351 quod
3400 5281 3516 5350 ipSe

1950 5394 2167 5450 quoque
2212 5379 2404 5449 ieiunii
2452 5378 2664 5451 tempus
2690 5380 2859 5450 probe
2898 5377 3096 5434 sciret?
3133 5374 3187 5428 Si
3222 5390 3350 5442 ergo
3381 5385 3515 5426 tem-

1952 5486 2054 5541 pus
2096 5471 2369 5539 passionis
2420 5473 2594 5542 ipsius
2649 5487 2772 5527 cum
2822 5461 2889 5525 iis
2918 5483 3037 5538 qua:
3067 5466 3181 5540 jam
3216 5474 3514 5517 tractamus

1955 5563 2254 5633 contuleris
2313 5565 2697 5635 deprehendes,
2749 5560 3019 5633 quomodo
3069 5560 3184 5630 haec
3247 5555 3522 5624 completa-

1955 5655 2176 5719 fuerint,
2208 5657 2429 5725 quando
2487 5657 2701 5713 sublato
2741 5656 2956 5711 demum
3007 5667 3229 5723 sponso,
3260 5645 3513 5715 discipuli

1951 5747 2072 5817 ejus
2093 5747 2436 5818 jejunabant.
2463 5749 2647 5819 Neque
2675 5749 2786 5805 veri
2817 5746 3067 5803 absimile
3088 5753 3197 5807 est,
3229 5753 3350 5796 eum
3373 5751 3518 5810 prac-

3423 521 3523 576 Ἱίίὶ
3592 530 3595 533 ’
