4300 6416
783 493 886 546 743

1501 485 1766 545 EUSEBII
1804 483 2280 543 CESARIENSIS
2311 483 2457 543 OPP.
2498 482 2674 542 PARS
2711 486 2794 540 Ill.
2834 515 2904 529 -—
2942 488 3342 544 ΕΧΕΕΕΤΙΓΔ.

3891 495 3995 550 7H

781 612 1051 663 videntem
1104 623 1163 663 se
1206 608 1353 662 brevi
1398 617 1520 677 post
1574 618 1814 678 tempore
1847 608 1981 678 ipsis
2028 617 2344 663 extraneum
2375 621 2418 669 Α
2445 625 2479 659 τκ

2294 623 2344 660 m
2375 621 2418 669 Α
2445 607 2611 660 ταῦτα
2641 607 2956 679 ἐπληροῦτο,
2991 611 3077 662 ὅτε
3114 610 3296 664 λοιπὸν
3325 610 3608 680 αἰρομένου
3637 612 3730 664 τοῦ
3763 616 3992 684 νυμφίου

782 699 916 762 fore,
944 709 998 754 et
1031 708 1202 754 totum
1248 715 1314 754 ex
1359 701 1782 754 circumcisione
1826 701 2080 769 populum
2117 700 2340 769 sangui-

782 807 902 845 nem
935 807 1091 845 suum
1126 792 1528 860 postulaturum
1556 807 1700 855 esse,
1732 790 1951 845 Petrum
1992 799 2336 861 negaturum,

781 875 834 933 et
865 881 991 933 talia
1043 890 1233 933 contra
1279 891 1338 936 Se
1385 881 1744 950 perpetranda
1786 897 1946 946 esse;
1999 890 2057 935 ut
2096 881 2338 934 futurum

779 978 926 1026 esset
977 972 1226 1025 tenebras
1277 973 1459 1024 omnia
1518 971 1726 1024 circum
1783 970 2106 1032 obvolvere,
2170 973 2336 1024 solem

778 1063 952 1131 ipsum
986 1062 1291 1123 obscurari,
1340 1061 1516 1116 velum
1564 1061 1746 1128 templi
1798 1062 1995 1123 scindi,
2050 1063 2337 1130 omniaque

775 1156 902 1209 olim
932 1156 986 1208 in
1016 1153 1216 1208 lsraele
1249 1152 1555 1207 veneranda
1587 1153 1788 1217 everti;
1817 1152 2070 1206 nimirum
2111 1169 2332 1222 regnum

775 1246 1364 1309 eorum,sacerdotidm
1388 1253 1441 1298 et
1472 1244 1668 1298 Sancta
1701 1253 2041 1309 sanctorum;
2072 1245 2334 1298 omnium-

774 1353 880 1406 que
914 1352 1100 1391 eorum
1141 1335 1501 1401 abjectionem
1540 1341 1593 1387 et
1633 1334 1900 1387 excidium
1933 1333 2218 1388 confertim
2250 1334 2332 1389 fu-
2363 1326 2371 1334 ’

774 1434 956 1480 turum
987 1444 1001 1479 :
1038 1440 1145 1478 non
1176 1424 1310 1486 veri,
1342 1423 1586 1491 inquam,
1610 1424 1858 1478 absimile
1897 1432 1999 1487 est,
2031 1425 2205 1494 ipsum
2239 1425 2331 1479 ho-

773 1532 894 1570 rum
917 1533 1081 1570 causa
1106 1525 1410 1570 macerasse
1447 1517 1500 1570 in
1525 1516 1734 1584 jejunio
1757 1519 2012 1584 animam
2065 1535 2240 1582 suam,
2274 1528 2330 1574 et

772 1610 1022 1678 posuisse
1055 1609 1434 1662 vestimentum
1464 1623 1623 1660 suum
1656 1624 1897 1663 saccum.
1939 1605 2057 1675 Qua
2081 1612 2147 1664 de
2167 1627 2328 1678 causa

772 1701 923 1769 impii
951 1700 1195 1753 homines
1217 1700 1391 1768 ipsum
1422 1700 1737 1762 irridebant,
1762 1701 1888 1754 dum
1923 1702 2041 1756 loco
2065 1705 2331 1772 parabolae

771 1788 1021 1844 futilibus
1045 1790 1159 1843 suis
1191 1790 1533 1844 sermonibus
1580 1799 1941 1859 nugarentur;
1970 1792 2186 1861 alioque
2222 1793 2328 1846 diei

771 1893 1011 1951 tempore
1042 1881 1094 1934 in
1129 1882 1295 1950 portis
1343 1882 1578 1946 collecti,
1609 1897 1704 1935 eos
1728 1883 1821 1950 qui
1856 1884 2202 1950 praeteribant
2234 1900 2329 1954 per

768 1975 1068 2027 calumnias
1117 1974 1172 2026 in
1225 1973 1399 2041 ipsutn
1443 1981 1680 2026 structas
1719 1973 1774 2024 in
1809 1988 2047 2027 errorem
2093 1975 2325 2029 deduce-
2361 1960 2404 2018 Β

766 2078 921 2134 rent;
965 2075 1210 2136 tempore
1242 2073 1422 2118 autem
1455 2064 1582 2127 cibi,
1615 2065 1741 2118 vino
1771 2073 1824 2118 et
1845 2064 2095 2118 ebrietati
2129 2081 2326 2120 vacan-

767 2173 867 2221 tes.
896 2161 1198 2215 cantilenas
1248 2165 1438 2210 contra
1487 2158 1662 2219 ipsum
1709 2157 1954 2211 ederent.
2007 2156 2184 2223 Quare
2237 2159 2328 2213 ille

765 2253 1044 2325 Operiebat
1077 2252 1129 2304 in
1168 2249 1378 2318 jejunio
1411 2249 1646 2302 aniuum
1679 2264 1856 2312 suam,
1889 2257 1943 2303 et
1988 2253 2221 2320 ponebat
2249 2253 2325 2306 in-

735 2344 1083 2398 dumentum
1133 2354 1290 2394 suum
1328 2353 1570 2397 saccum.
1606 2339 1768 2406 idque
1791 2355 1890 2408 pro
1919 2339 2146 2394 aliorum
2180 2343 2326 2396 salu-

763 2442 818 2488 te
846 2448 914 2486 ex
938 2431 1197 2486 bonitatis
1223 2430 1605 2497 exsuperantia
1637 2431 1944 2498 praestabat.

2443 700 2533 751 καὶ
2560 700 2609 752 οἱ
2642 700 2874 770 μαθηταὶ
2894 700 3056 753 αὑτοῦ
3079 702 3382 776 ἐνῄατευον.
3413 703 3525 769 Ἐφ’
3542 697 3621 766 οἷς
3644 704 3744 757 οὐκ
3771 706 3996 770 ἀπεικὸς

2438 785 2503 861 ῆν
2528 791 2621 843 καὶ
2655 791 2814 844 αὑτὸν
2842 791 3175 862 προορῶντα,
3202 791 3277 854 ὡς
3300 793 3492 863 μικρὸν
3513 793 3734 865 ὕστερον
3761 797 3998 865 ἀπηλλο-

2436 881 2731 951 τριωμένος
2762 882 2910 934 ἔσται
2953 883 3150 946 αὐτοῖς,
3183 883 3277 935 καὶ
3307 883 3380 946 ὡς
3405 883 3464 935 τὸ
3495 886 3599 936 πᾶν
3625 885 3774 952 ἔθνος
3803 886 3898 940 τοῦ
3933 891 3996 940 ἐκ

2439 972 2736 1042 περιτομῆς
2767 971 2893 1024 λαοῦ
2933 972 2992 1023 τὸ
3020 967 3156 1041 αἷμα
3191 972 3355 1024 αὑτοῦ
3390 974 3762 1044 ἐξαιτήσεται,
3799 980 3889 1029 καὶ
3920 979 3986 1040 ὼς

2437 1065 2638 1134 Πέτρος
2663 1063 2819 1115 αὐτὸν
2849 1064 3160 1134 ἀρνήσεται,
3194 1065 3287 1117 καὶ
3308 1065 3528 1119 τοιαῦτα
3549 1069 3665 1120 κατ’
3686 1069 3846 1121 αὑτοῦ
3876 1070 3990 1121 τολ-

2438 1154 2758 1224 μηθήσεται,
2782 1152 2921 1205 ὥστε
2958 1154 3139 1217 σκότος
3172 1155 3441 1208 διαλαϐεῖν
3470 1157 3528 1209 τὸ
3555 1159 3822 1228 περιέχον,
3842 1159 3994 1230 ἥλιόν

2432 1262 2491 1296 τε
2521 1244 2680 1297 αὑτὸν
2712 1245 3054 1314 σκοτισθῆναι
3078 1287 3091 1308 ,
3122 1247 3214 1298 καὶ
3247 1246 3306 1298 τὸ
3341 1247 3733 1318 καταπέτασμα
3765 1249 3858 1302 τοῦ
3888 1249 3993 1303 νεὼ

2435 1337 2744 1405 σχισθῆναι,
2805 1337 3174 1406 ἀνατραπῆναι
3220 1354 3277 1389 τε
3339 1339 3516 1391 πάντα
3573 1338 3640 1391 τὰ
3678 1340 3842 1393 πάλαι
3895 1340 3990 1394 τοῦ

2443 1425 2654 1496 Ἰσραὴλ
2685 1424 2874 1494 σεμνὰ,
2910 1425 3050 1493 λέγω
3080 1426 3135 1478 δὲ
3159 1425 3254 1496 τὴν
3281 1425 3547 1495 βασιλείαν
3569 1429 3746 1482 αὐτῶν
3779 1429 3873 1482 καὶ
3894 1431 3992 1499 τὴν

2434 1517 2725 1587 ἱερωσύνην
2759 1516 2851 1568 καὶ
2884 1515 2952 1568 τά
2976 1518 3139 1585 ’Ἅγια
3167 1518 3272 1569 τῶν
3304 1518 3493 1584 ἁγίωνο
3526 1519 3740 1572 πάντων
3775 1537 3831 1572 τε
3867 1521 3993 1572 τού-

2431 1627 2537 1663 των
2570 1608 2835 1678 ἀποϐολὴν
2874 1609 2967 1660 καὶ
2992 1609 3297 1680 ἀνατροπὴν
3331 1609 3527 1680 ἀθρόαν
3554 1611 3803 1679 γενέσθαι
3822 1626 3837 1640 ⁸
3866 1612 3991 1665 τού-ι

2429 1719 2534 1754 των
2564 1700 2726 1754 ἓνεκα
2764 1701 2862 1753 ούκ
2903 1701 3128 1763 ἀπεικὸς
3159 1697 3225 1771 ἦν
3262 1701 3420 1753 αὑτὸν
3455 1704 3769 1754 καταπονεῖν
3797 1705 3853 1754 ἐν
3891 1719 3988 1772 νη-

2432 1793 2582 1863 στείᾳ
2612 1792 2705 1863 τὴν
2740 1791 2913 1862 ψυχὴν
2936 1791 3120 1855 αὑτοῦ,
3154 1791 3246 1845 καὶ
3269 1791 3472 1844 τιθέναι
3497 1790 3556 1843 τὸ
3592 1791 3792 1862 ἔνδυμα
3821 1793 3987 1846 αὑτοῦ

2431 1884 2630 1937 σάκκον
2668 1885 2752 1951 ἐφ’
2780 1878 2823 1951 ᾧ
2853 1885 2944 1936 καὶ
2981 1867 3263 1953 ἐχλεύαζον
3298 1883 3458 1936 αὑτὸν
3488 1885 3535 1936 οί
3580 1884 3793 1946 ἀσεϐεῖς
3820 1924 3833 1947 ,
3869 1884 3989 1936 ἀντὶ

2431 1973 2739 2046 παραϐολῆς
2758 1977 2876 2038 ταῖς
2907 1973 3024 2028 κατ’
3051 1975 3213 2028 αὑτοῦ
3230 1976 3538 2045 διηγήσεσιν
3558 1976 3984 2045 ἀδολεσχοῦντες·

2429 2069 2627 2122 καὶτὸν
2647 2068 2742 2138 μὲν
2769 2067 2924 2120 ἀλλον
2943 2067 3130 2138 καιρὸν
3155 2066 3253 2137 τῇς
3280 2067 3511 2137 ἡμέρας,
3538 2070 3594 2119 ἐν
3625 2069 3744 2130 ταῖς
3792 2067 3988 2129 πύλαις

2432 2159 2811 2228 συναγόμενοι,
2833 2145 2968 2221 τοὺςᾝ
2990 2158 3056 2209 δι’
3087 2158 3264 2211 αὐτῶν
3304 2159 3678 2229 διερχομένους
3711 2161 3832 2222 ταῖς
3866 2157 3984 2212 κατ’

2430 2247 2591 2299 αὑτοῦ
2623 2246 2891 2308 διαϐολαῖς
2912 2245 3174 2300 ἐπλάνων⁸
3207 2248 3264 2299 ἐν
3285 2246 3341 2298 δέ
3360 2248 3436 2317 τῷ
3452 2247 3627 2318 καιρῴ
3647 2248 3744 2316 τῆς
3761 2249 3984 2317 τροφῆς,

2430 2342 2554 2410 οἴνῳ
2585 2340 2677 2392 καὶ
2719 2338 2855 2410 μέθῃ
2891 2338 3256 2407 σχολάζοντες,
3295 2337 3436 2407 ᾠδὰς
3483 2339 3822 2392 συνετίθεσαν
3869 2343 3986 2394 κατ’

2430 2432 2610 2485 αὑτοῦ.
2642 2430 2731 2482 Διὸ
2757 2430 3152 2483 συνεκάλυπτεν
3179 2431 3236 2483 ἐν
3264 2431 3481 2500 νηστείᾳ
3499 2431 3595 2501 τὴν
3607 2431 3782 2500 ψυχὴν
3801 2430 3986 2500 αὑτοῦ,

764 2524 860 2576 καὶ
890 2521 1094 2575 ἐτίθετο
1123 2521 1183 2574 τὸ
1251 2520 1452 2589 ἔνδυμα
1498 2520 1660 2574 αὐτοῦ
1696 2521 1925 2587 σάκκον,
1995 2523 2131 2594 ὑπὲρ
2169 2522 2266 2595 τῆς
2329 2524 2529 2596 ἐτέρων
2577 2523 2874 2593 σωτηρίας,
2919 2522 2985 2575 δι’
3034 2522 3334 2593 ὑπερϐολὴν
3379 2522 3783 2595 φιλανθρωπίας
3817 2522 3987 2576 ταῦτα

764 2619 1038 2688 πράττων.

836 2735 1002 2789 Vens.
1028 2733 1114 2811 14..
1145 2751 1165 2783 ‹
1185 2731 1296 2802 Ego
1329 2747 1458 2786 vero
1481 2733 1781 2786 orationem
1811 2747 1986 2787 meam
2015 2735 2080 2788 ad
2116 2742 2185 2798 te,
2220 2734 2320 2787 Do-

764 2829 930 2891 mine,
963 2834 1175 2896 tempus
1231 2825 1572 2894 beneplaciti,
1619 2823 1800 2879 Deus:
1861 2825 1940 2879 ln-
1978 2811 2321 2880 multitudine

763 2901 1145 2979 iiiisericordix
1172 2925 1276 2970 tua:
1299 2917 1491 2971 exaudi
1522 2932 1626 2971 me.
1669 2937 1687 2969 ›
1722 2915 1801 2970 Illi
1835 2918 2073 2986 quidem,
2101 2919 2193 2982 ait,
2227 2918 2322 2971 de-

761 3010 1027 3071 ridebant,
1071 3006 1526 3072 alﬂictionemquc
1570 3019 1742 3057 meam
1783 3004 2157 3058 traducebant.
2209 3005 2322 3073 Ego

761 3116 888 3155 vero
920 3098 1354 3169 perseverabam,
1385 3097 1682 3149 orationem
1734 3111 1908 3150 meam
1940 3097 2040 3149 tibi
2095 3095 2320 3150 Domino

760 3191 1012 3247 offerens.
1045 3191 1310 3244 Observes
1356 3203 1521 3257 porro
1571 3187 1751 3251 velim,
1796 3187 2116 3242 Hebraicam
2176 3186 2320 3243 Scri-

767 3289 980 3353 pturam
1009 3281 1097 3334 hic
1123 3295 1337 3350 quoque
1366 3286 1601 3348 quatuor
1646 3279 1948 3332 litterarum
1974 3294 2106 3334 voce
2133 3279 2316 3334 Dom!-

2500 2748 2516 2778 ι
2555 2725 2723 2794 Κάγὼ
2744 2725 2799 2792 δέ
2823 2727 2854 2795 ἡ
2883 2727 3150 2797 προσευχὴ
3177 2743 3274 2795 μου
3316 2724 3450 2797 πρὸς
3479 2726 3556 2792 σὲ,
3580 2727 3771 2800 Κύριε,
3797 2722 3986 2803 καιρος

2424 2817 2685 2880 εὐδοκίας,
2724 2819 2752 2870 δ
2778 2816 2907 2879 Θεός
2926 2827 2939 2845 ⁸
2969 2817 3026 2894 ἐν
3064 2817 3141 2888 τῷ
3172 2818 3362 2888 πλήθει
3389 2818 3483 2872 τοῦ
3515 2819 3696 2880 ἐλέους
3724 2830 3818 2874 σου
3853 2823 3986 2874 ἐπά-

2425 2904 2615 2956 κουσόν
2652 2921 2771 2971 μου.
2807 2923 2825 2955 ι
2861 2905 2922 2957 Ol
2956 2905 3053 2974 μὲν
3106 2906 3417 2975 ἐχλεύαζον,
3447 2909 3597 2977 φησὶ,
3618 2909 3711 2962 καὶ
3739 2900 3984 2982 διέσυρον

2426 2995 2524 3058 τὰς
2573 2994 2711 3064 ἐμάς
2756 2993 3043 3057 κακώσεις
3093 2995 3202 3062 ἐγὼ
3251 2996 3306 3047 δὲ
3363 2998 3852 3070 προσεκαρτέρουν,
3886 3003 3982 3073 τὴν

2426 3087 2564 3156 ἐμὴν
2597 3086 2898 3156 προσευχήν
2924 3101 3004 3137 σοι
3035 3085 3113 3154 τῷ
3134 3085 3320 3155 Κυρίῳ
3339 3085 3779 3160 προσαναφέρων.
3816 3092 3981 3163 Τήρει

2422 3177 2498 3242 δὲ,
2533 3177 2607 3240 ὡς
2643 3177 2734 3228 καὶ
2767 3175 2994 3229 ἐνταῦθα
3028 3175 3118 3228 τὸν
3155 3176 3355 3246 Κύριον
3385 3178 3471 3230 διὰ
3498 3178 3591 3251 τοῦ
3636 3183 3980 3252 τετραγράμέ

2426 3287 2527 3339 μου
2559 3270 2592 3338 ἠ
2631 3268 2888 3339 Ἐϐραῖκὴ
2918 3269 3332 3338 ἐπισημαίνεται
3363 3273 3568 3341 γραφή.
3594 3273 3895 3344 Εὺχόμενος
3925 3275 3981 3328 δέ

765 3391 891 3429 num
925 3375 1245 3443 exprimere.
1274 3371 1348 3425 Te
1375 3387 1504 3426 vero
1539 3369 1826 3424 Dominum
1858 3371 2157 3440 deprecans
2182 3371 2323 3426 dice-
2347 3343 2388 3400 Ο
2423 3381 2463 3416 π

2280 3387 2323 3426 ε.
2347 3343 2388 3400 C
2423 3364 2556 3434 πρὸς
2587 3362 2642 3414 σέ
2665 3362 2754 3415 τὸν
2784 3361 2984 3432 Κύριον
3002 3362 3171 3415 ταῦτα
3192 3362 3393 3430 ἑλεγονδ
3438 3382 3456 3415 ι
3483 3366 3688 3436 Καιρὸς
3717 3365 3978 3428 εὐδοκίας,

761 3466 886 3522 ham
921 3484 933 3519 :
970 3483 987 3515 ‹
1026 3464 1262 3533 Tempus
1298 3463 1645 3532 beneplaciti,
1677 3459 1859 3526 Deus;
1902 3481 1920 3513 ι
1956 3462 2093 3525 sive,
2125 3474 2322 3516 secun-

762 3558 888 3611 dum
911 3554 1292 3626 Symmachum
1318 3570 1331 3606 :
1361 3570 1378 3603 ι
1399 3552 1634 3622 Tempus
1659 3550 2138 3605 reconciliationis.
2157 3549 2318 3612 Deus,

760 3650 815 3703 in
839 3647 1181 3702 multitudine
1216 3643 1606 3698 misericordia:
1645 3650 1751 3695 tua:
1770 3641 1967 3695 exaudi
2000 3656 2104 3695 me.
2142 3659 2160 3692 ι
2188 3639 2320 3694 Nam

731 3763 734 3770 τ
760 3742 805 3795 si
836 3739 968 3794 alias
1000 3753 1101 3791 vox
1133 3743 1227 3788 tua
1265 3733 1442 3788 Patris
1465 3733 1569 3787 mei
1602 3732 1733 3785 mihi
1757 3732 1871 3785 haec
1893 3730 2176 3786 testificata
2204 3739 2316 3784 est:

766 3851 785 3882 ‹
827 3830 925 3884 Hic
956 3838 1040 3884 est
1078 3827 1247 3881 Filius
1297 3840 1450 3880 meus
1498 3823 1728 3878 dilectus
1774 3824 1829 3876 in
1865 3838 1972 3893 quo
2021 3822 2151 3875 mihi
2185 3822 2322 3876 bene

759 3922 1060 3992 complacui
1101 3911 1181 3988 ²⁸;
1225 3939 1242 3971 ι
1280 3932 1425 3972 nunc
1463 3915 1699 3970 maxime
1730 3923 1940 3985 tempus
1996 3912 2318 3984 beneplaciti

758 4022 846 4069 est
880 4027 1087 4082 :quare
1115 4026 1310 4080 precor
1356 4017 1416 4062 ut
1449 4010 1504 4062 in
1552 4006 1898 4060 multitudine
1935 4004 2321 4074 misericordiae

759 4111 870 4157 tua;
898 4101 1156 4155 exaudias
1187 4116 1288 4164 me,
1320 4107 1372 4153 et
1406 4099 1457 4150 in
1505 4096 1735 4150 veritate
1777 4096 1970 4150 salutis
2003 4102 2110 4148 tua?
2135 4108 2319 4148 serves

758 4209 864 4248 me.
913 4191 1032 4251 Non
1080 4193 1370 4243 humanam
1418 4191 1616 4259 quippe
1666 4188 1882 4257 postulo
1938 4186 2188 4248 salutem,
2224 4183 2320 4238 sed

757 4301 961 4340 veram.
993 4283 1140 4337 Talis
1165 4279 1330 4351 porro
1356 4289 1440 4335 est
1480 4295 1600 4349 quae
1628 4296 1694 4334 ex
1718 4289 1770 4332 te
1800 4277 2068 4348 provenit,
2099 4290 2203 4346 qua
2233 4290 2321 4339 me

758 4392 891 4446 rogo
941 4375 1077 4444 eripi
1131 4389 1160 4426 a
1192 4373 1308 4425 luto
1339 4380 1401 4423 ut
1443 4386 1552 4424 non
1599 4369 1810 4438 inligar.
1839 4369 1884 4420 A
1911 4383 2019 4437 quo
2045 4369 2181 4432 luto,
2213 4363 2319 4419 nisi

758 4467 825 4520 de
863 4480 970 4534 quo
999 4464 1248 4532 superius
1274 4459 1556 4515 dicebam:
1606 4476 1624 4507 ι
1674 4457 1874 4510 lniixus
1918 4470 2036 4510 sum
2087 4455 2142 4507 in
2192 4453 2320 4506 limo

758 4557 1032 4629 profundi,
1067 4565 1119 4609 et
1151 4569 1255 4607 non
1280 4563 1363 4608 est
1393 4550 1725 4606 substantia?
1752 4567 1770 4600 ›
1795 4547 1926 4601 Nam
1954 4547 2044 4616 qui
2069 4546 2319 4615 superius

655 4647 664 4654 ’
757 4653 923 4704 limus
973 4647 1225 4718 profundi
1287 4646 1467 4698 dictus
1524 4653 1638 4706 est,
1696 4641 1785 4695 hic
1842 4641 2013 4694 lutum
2066 4647 2391 4732 vocatur.D

758 4741 855 4799 His
940 4756 1098 4811 porro
1175 4738 1440 4807 significat
1533 4734 1859 4791 solutionem
1933 4731 2178 4800 corporis
2262 4729 2318 4781 in

759 4842 966 4896 morte,
1031 4832 1097 4884 de
1153 4845 1260 4900 qua
1325 4830 1381 4882 in
1448 4829 1554 4881 alio
1599 4828 1679 4881 sic
1726 4824 2095 4894 loquebatur:
2133 4839 2152 4872 ι
2199 4819 2316 4872 Νοη

759 4927 1106 4995 derelinques
1145 4922 1381 4975 animam
1436 4934 1609 4972 meam
1654 4919 1710 4972 in
1759 4917 1990 4978 inferno,
2023 4928 2124 4968 nec
2162 4911 2318 4966 dabis

757 5028 1006 5077 sanctum
1033 5024 1183 5068 tuum
1216 5012 1402 5067 videre
1425 5010 1829 5079 corruptionem
1861 5009 1927 5062 '°.
1970 5026 1988 5058 ι
2023 5004 2126 5070 Qui
2156 5003 2318 5073 igitur

760 5127 790 5164 ιι
824 5116 998 5164 morte
1025 5107 1356 5168 detinentur,
1405 5102 1806 5171 corruptionem
1849 5098 2018 5168 passi,
2061 5097 2114 5150 in
2146 5109 2316 5163 eaque

758 5177 1064 5262 constituti,
1100 5213 1222 5262 cum
1258 5197 1312 5250 in
1355 5211 1417 5250 ea
1447 5191 1879 5264 permanserint,
1909 5188 2057 5242 inﬁxi
2092 5196 2218 5242 sunt
2261 5188 2316 5240 in

759 5295 873 5348 luto
907 5311 920 5346 :
953 5307 1051 5362 ego
1082 5303 1210 5343 vero
1238 5287 1453 5341 etiamsi
1497 5281 1891 5360 descenderim,
1921 5279 1985 5333 ad
2021 5279 2192 5332 lutum
2225 5293 2315 5332 us-

759 5383 1189 5456 que-humilians
1223 5379 1508 5446 meipsum,
1536 5390 1730 5444 precor
1767 5382 1945 5456 tamen
1978 5371 2063 5425 his
2091 5371 2271 5425 verbis
2298 5389 2310 5423 :

2422 3454 2451 3505 ὁ
2486 3453 2633 3516 Θεός·
2671 3473 2687 3505 ι
2717 3453 2772 3524 ἢ,
2803 3452 2940 3506 κατά
2969 3454 3059 3505 τὸν
3073 3454 3382 3524 Σύμμαχονο
3420 3456 3649 3525 ᾳκαιρὸς
3674 3456 3977 3528 διαλλαγῆς.

2435 3544 2490 3597 '0
2507 3544 2656 3609 Θεὸς,
2686 3547 2742 3598 ἐν
2765 3545 2842 3615 τῷ
2857 3545 3156 3616 πλήθειτοῦ
3179 3545 3360 3609 ἐλέους
3376 3563 3467 3599 σου
3489 3548 3786 3600 ἐπάκουσόν
3809 3565 3928 3618 μου.
3955 3567 3975 3598 ι

2422 3635 2484 3690 El
2510 3636 2616 3708 γὰρ
2653 3636 2745 3690 καί
2777 3638 2905 3688 ποτε
2929 3635 3113 3689 ἄλλοτε
3143 3636 3368 3708 ήσὴτοῦ
3397 3636 3607 3707 Πατρὸς
3640 3630 3979 3710 ἐμαρτύρησε

2421 3730 2570 3800 φωνὴ
2604 3730 2848 3797 λέγουσα·
2894 3749 2911 3782 t
2938 3725 3103 3793 Οὗτός
3129 3733 3274 3783 ἐστιν
3293 3733 3320 3782 ὁ
3353 3730 3476 3793 Υἱός
3507 3749 3604 3800 μου
3635 3735 3662 3784 ὁ
3681 3733 3976 3802 ἀγαπητὸς,

2419 3826 2477 3877 ἐν
2500 3819 2543 3892 ᾧ
2573 3824 2866 3895 ηὑδόκησα.
2899 3842 2917 3875 ι
2967 3823 3123 3876 Ἀλλά
3149 3823 3242 3876 νῦν
3275 3823 3506 3892 μάλιστα
3529 3825 3719 3894 καιρός
3753 3827 3867 3877 ἐστι
3883 3827 3980 3896 τῆς

2419 3915 2682 3978 εὐδοκίας·
2712 3913 2790 3966 διδ
2820 3912 3045 3966 ἱκετεύω
3076 3915 3134 3965 ἐν
3184 3912 3259 3982 τῷ
3301 3913 3488 3982 πλήθει
3520 3914 3614 3966 τοῦ
3657 3915 3839 3978 ἐλέους
3885 3933 3975 3968 σου

2419 4003 2719 4057 ἐπακοῦσαι
2746 4019 2868 4073 μου,
2895 4002 2989 4055 καὶ
3017 4003 3073 4058 ἐν
3094 4002 3320 4072 ἀληθείᾳ
3336 4003 3436 4072 τῆς
3458 4003 3727 4073 σωτηρίας
3751 4019 3844 4056 σου
3875 4004 3978 4055 σῶ-

2421 4092 2508 4145 σαί
2537 4111 2623 4162 με.
2659 4093 2731 4146 Οὐ
2768 4092 2876 4162 γάρ
2906 4091 3255 4163 ,ἀνθρωπίνης
3286 4092 3484 4162 δέομαι
3503 4092 3776 4162 σωτηρίας
3795 4131 3808 4155 ,
3842 4092 3978 4147 ἀλλά

2419 4183 2513 4252 τῆς
2534 4183 2782 4253 ἀληθοῦς
2819 4182 3051 4250 Τοιαύτη
3086 4182 3144 4234 δέ
3179 4184 3324 4235 ἐστιν
3422 4182 3572 4253 παρά
3611 4181 3726 4247 σοῦ,
3757 4181 3878 4236 καθ’
3911 4183 3978 4252 ἢν

2421 4272 2896 4342 σωθῆναιὶκετεύω
2909 4273 3016 4326 ἀπὸ
3037 4272 3227 4343 πηλοῦ,
3247 4274 3336 4326 ἵνα
3364 4274 3437 4344 μὴ
3464 4273 3714 4344 ἐμπγῶ.
3749 4273 3977 4326 Ποίουδέ

2419 4363 2659 4433 πηλοῦ,ἣ
2687 4367 2814 4434 περ)¹
2824 4358 2884 4416 οῦ
2897 4365 3148 4435 ἀνωτέρω
3166 4365 3368 4432 ελεγονο
3397 4385 3414 4416 ι
3437 4366 3734 4436 Ἐνεπάγην
3750 4368 3827 4430 είς
3847 4363 3978 4436 ὕλην

2422 4450 2602 4523 βυθοῦ,
2626 4445 2719 4506 καὶ
2745 4455 2844 4507 οὐκ
2860 4453 3002 4507 ἐστιν
3024 4456 3314 4518 ὑπόστασις
3333 4472 3347 4519 ;
3377 4475 3394 4507 ι
3414 4456 3475 4508 Ἦ
3500 4455 3606 4524 γάρ
3625 4457 3878 4530 ἀνωτέρω
3891 4456 3979 4509 λεια

2420 4545 2604 4614 χθεῖσα
2625 4545 2736 4606 ίλὺς
2754 4544 2913 4615 βυθοῦ
2934 4545 3166 4598 ἐνταῦθα
3182 4535 3348 4616 πηλὸς
3369 4545 3703 4616 ὠνόμασται.
3717 4547 3790 4616 Ση
3801 4547 3975 4615 μαίνει

2420 4636 2475 4688 δὲ
2499 4635 2583 4688 διὰ
2604 4634 2802 4688 τούτων
2825 4635 2922 4706 τὴν
2951 4635 3042 4688 τοῦ
3089 4635 3336 4706 σώματος
3357 4637 3425 4712 ἐν
3465 4635 3541 4706 τῷ
3566 4635 3776 4705 θανάτῳ
3803 4636 3961 4690 λύσιν.

2419 4727 2547 4798 περὶ
2594 4723 2660 4798 ἦς
2718 4728 2773 4779 ἐν
2830 4721 2998 4799 ἐτέρῳ
3039 4727 3273 4795 ῑφασκεν
3305 4743 3318 4756 ·
3359 4746 3378 4779 ι
3429 4727 3541 4779 Οὐκ
3572 4727 3974 4795 ἐγκαταλείψεις

2417 4819 2514 4887 τὴν
2565 4815 2739 4887 ψυχήν
2793 4836 2892 4888 μου
2943 4815 3022 4872 sic
3070 4819 3158 4872 τὸν
3224 4819 3355 4889 ᾇδαην
3384 4854 3399 4883 ,
3460 4816 3580 4870 οὐδὲ
3636 4816 3826 4879 δώσεις
3886 4818 3975 4872 τὸν

2416 4908 2556 4961 ὅσιόν
2599 4927 2702 4962 σου
2753 4910 2878 4961 ίδεϊν
2926 4909 3237 4982 διαφθοράν.
3282 4928 3300 4960 ι
3345 4907 3546 4977 Οί-μέν
3589 4903 3681 4960 οῦν
3731 4908 3834 4960 ὑπὸ
3881 4909 3974 4961 τοῦ

2418 5000 2645 5054 θανάτου
2693 5001 3068 5073 κρατηθέντες,
3107 5000 3399 5072 διαφθορὰν
3442 4999 3826 5070 ὑπομείναντες
3885 5002 3976 5053 καὶ

2417 5093 2473 5144 ἐν
2509 5093 2680 5165 φθορᾷ
2713 5093 3009 5163 γενόμενοι,
3045 5090 3492 5163 ἐναπομείναντές
3515 5107 3574 5143 τε
3603 5091 3760 5160 αὐτῇ,
3784 5089 3978 5144 ἐνεπά-

2417 5201 2588 5253 γησαν
2611 5187 2690 5248 εἰς
2720 5185 2809 5238 τὸν
2843 5183 3029 5254 πηλόν.
3070 5183 3209 5252 Ἐγὼ
3238 5183 3294 5255 δὲ
3328 5183 3377 5234 εί
3402 5182 3496 5235 καὶ
3517 5180 3781 5253 κατῆλθον
3808 5178 3974 5233 κενώ-

2421 5292 2519 5338 σας
2564 5275 2792 5347 ἐμαυτὺν
2853 5275 3011 5347 μέχρι
3056 5275 3243 5328 τούτου
3264 5291 3276 5304 ·
3329 5273 3442 5328 ἀλλ’
3491 5273 3713 5327 ἱκετεύω
3758 5273 3971 5340 ’λέγων’

2427 5388 2444 5418 ι
2470 5368 2647 5421 Σῶσόν
2678 5366 2867 5439 μεάπδ
2889 5365 3080 5437 πηλοῦ,
3105 5367 3192 5420 ἵνα
3227 5364 3299 5437 μὴ
3327 5365 3575 5436 ἐμπαγῶ.
3606 5383 3623 5416 ι
3649 5363 3728 5417 Τά
3759 5363 3815 5418 δὲ
3849 5363 3973 5435 ἑξῆς

764 5452 792 5528 «ά
829 5474 986 5543 Eripe
1015 5487 1100 5525 me
1134 5472 1200 5526 de
1245 5471 1473 5533 luto,'tit
1519 5481 1628 5520 non
1677 5454 1898 5535 inligar.
1928 5481 1946 5513 ι
1974 5459 2104 5527 Quae
2142 5477 2304 5532 porro
2410 5462 2462 5513 ἐς

2274 5477 2304 5515 o
2410 5460 2765 5530 ἐπιλεγόμενα
2794 5459 2894 5523 τὰς
2927 5462 2984 5511 ἐν
3016 5458 3161 5541 αὑ.τῴ
3187 5458 3263 5529 τῷ
3293 5452 3504 5528 θανάτῳ
3535 5455 3788 5527 δυνάμεις
3834 5469 3972 5524 παρ-

761 5567 1185 5635 subsequuntur,
1210 5561 1435 5613 virtutes
1457 5557 1512 5610 in
1540 5557 1654 5625 ipsa
1679 5563 1850 5608 morte
1878 5553 2009 5607 sitas
2026 5552 2304 5619 denotant,

761 5675 791 5712 a
818 5658 1012 5728 quibus
1044 5655 1174 5724 eripi
1206 5669 1262 5707 se
1295 5659 1446 5722 rogat
1475 5648 1661 5703 dicens
1689 5665 1701 5699 :
1734 5665 1753 5698 ι
1792 5645 2010 5700 Liberer
2034 5644 2103 5698 ab
2128 5645 2194 5699 iis
2215 5644 2307 5715 qui

761 5750 993 5804 oderunt
1019 5763 1125 5810 me,
1156 5754 1209 5800 et
1244 5744 1308 5800 de
1339 5740 1622 5813 profundis
1647 5751 1930 5810 aquarum.
1959 5733 2072 5789 Non
2108 5752 2191 5792 me
2216 5736 2310 5792 de—

841 5933 884 5965 "
916 5928 1096 5983 Matth.
1141 5943 1222 5992 tit,
1267 5926 1362 5993 l7;
1395 5941 1524 5992 xvn,
1553 5924 1603 5978 ὅ.
1681 5923 1722 5952 ⁸⁸
1763 5919 1907 5974 Psal.
1949 5935 2035 5985 xv,
2078 5918 2162 5972 10.

2414 5553 2647 5624 ίστησιν·
2680 5555 2770 5623 ἀφ’
2795 5547 2869 5607 ὧν
2915 5532 3172 5621 ρυσθῆναι
3203 5550 3416 5622 εὔχεται
3447 5550 3635 5619 λέγων·
3656 5567 3673 5600 ι
3698 5547 3972 5617 Ῥυσθείην

2413 5647 2476 5697 ἐκ
2495 5646 2601 5698 τῶν
2628 5646 2922 5717 μισούντων
2939 5714 2942 5718 i
2952 5661 3016 5714 με
3046 5645 3138 5698 καὶ
3161 5647 3224 5698 ἐκ
3252 5643 3358 5699 τῶν
3383 5641 3584 5713 βαθέων
3613 5640 3720 5695 τῶν
3745 5637 3966 5710 ὑδάτων.

2413 5737 2501 5807 Μή
2529 5754 2593 5807 με
2621 5736 3064 5791 καταποπισάτω
3100 5735 3349 5803 καταιγὶς
3391 5732 3598 5799 ὓδατος,
3636 5730 3768 5803 μηδὲ
3805 5745 3971 5783 κατα·
