4300 6432
331 507 437 568 ’145

1441 511 1939 568 (ἸΟΜΜΕΝΤΑΚΙᾹ
1977 513 2043 568 ΙΝ
2082 513 2414 569 PSALMOS.

3420 524 3518 582 ἶ.ιὸ

326 606 492 684 πιέτω
518 645 583 700 με
611 628 784 698 βυθός.
818 647 835 679 ι
873 628 1051 682 Ταῦτα
1079 630 1133 682 δὲ
1159 629 1225 683 τὰ
1258 630 1418 686 ὕδατα
1445 634 1495 685 οἵ
1524 649 1581 685 τε
1607 637 1662 687 ὲν
1689 635 1868 698 αὑτοῖς
1894 642 1938 698 Α

1968 646 2170 706 mergat
2197 641 2491 705 tempestas
2522 649 2690 703 aquae,
2736 652 2907 706 neque
2952 636 3239 692 absorbeat
3281 651 3366 692 me
3391 652 3519 709 pro-

323 720 602 789 δράκοντες
635 719 723 772 καὶ
771 719 854 772 διὰ
901 719 1007 770 τῶν
1053 719 1354 791 ἔμπροσθεν
1409 723 1703 792 ὲδηλοῦντο,
1732 727 1868 778 κατά

324 809 410 862 τό·
453 829 471 862 ι
501 810 678 863 Σῶσόν
709 827 794 880 με,
829 812 857 862 ὁ
884 809 1031 872 Θεὸς,
1075 811 1154 862 ὅτι
1195 812 1504 882 είσήλθοσαν
1564 813 1725 868 ὕδατα
1767 816 1867 879 ἓως

322 902 492 973 ψυχῆς
530 919 656 972 μου·
693 902 987 972 Ἐνεπὰγην
1022 903 1100 964 εἰς
1125 899 1252 972 ὓλην
1280 903 1458 972 βυθοῦ,
1484 905 1574 957 καὶ
1597 905 1694 957 οὑκ
1725 905 1868 959 ἔστιν

323 993 628 1055 ὑπόστασις·
659 989 860 1045 τΗλθον
922 995 1000 1056 είς
1057 993 1125 1046 τὰ
1159 994 1292 1066 βάθη
1326 996 1424 1064 τῆς
1458 996 1745 1067 θαλάσσης,
1776 998 1869 1049 καὶ

293 1085 568 1152 “καταιγ“ις
600 1083 945 1137 κατεπόντισέ
983 1101 1068 1154 με.
1102 1105 1120 1135 ι
1175 1084 1331 1137 Ἀλλὰ
1361 1084 1448 1138 διὰ
1483 1087 1578 1156 μὲν
1599 1085 1702 1138 τῶν
1735 1104 1868 1156 προ-

319 1177 488 1248 τέρων
515 1176 612 1247 τὴν
640 1175 857 1229 κάθοδον
895 1175 1055 1228 αὑτοῦ
1086 1175 1182 1246 τὴν
1211 1179 1287 1240 εἰς
1316 1176 1484 1230 ταῦτα
1509 1179 1761 1250 παρίστη,
1786 1179 1870 1232 διὰ

315 1263 374 1317 δὲ
400 1263 504 1318 τῶν
536 1264 668 1335 μετὰ
697 1267 876 1336 χεῖρας
898 1264 1131 1334 τὴνράπὸ
1153 1264 1355 1318 τούτων
1382 1266 1657 1321 ἐπάνοδον.
1685 1286 1701 1317 ι
1750 1269 1870 1320 Ῥυ-

320 1353 500 1424 σθείην
524 1375 541 1406 ι
567 1355 672 1426 γάρ
704 1371 863 1423 φησιν
899 1373 917 1405 ι
960 1357 1025 1408 ὲκ
1057 1354 1164 1407 τῶν
1193 1354 1398 1424 βαθέων
1429 1357 1533 1409 τῶν
1557 1358 1758 1411 ὑδάτων
1781 1359 1871 1411 καὶ

323 1449 394 1517 μή
438 1466 502 1519 με
535 1449 970 1502 καταποντισάτω
1017 1449 1263 1516 καταιγὶς
1297 1448 1504 1513 ὑδατός,
1541 1450 1671 1520 μηδὲ
1705 1467 1870 1502 κατα-

319 1541 484 1592 πιέτω
519 1558 583 1610 με
629 1539 801 1610 βυθὸς,
833 1541 961 1611 μηδὲ
1016 1542 1255 1611 συσχέτω
1306 1542 1391 1592 ἐπ’
1435 1541 1531 1610 ἐμὲ
1588 1541 1761 1611 φρέαρ
1811 1541 1870 1592 τὸ

321 1628 493 1697 στόμα
532 1629 713 1681 αὑτοῦ.
758 1648 774 1678 ι
805 1628 914 1690 Τὰς
950 1629 1044 1697 μὲν
1071 1630 1178 1699 γὰρ
1210 1628 1396 1691 λοιπὰς
1428 1627 1531 1679 τῶν
1577 1626 1869 1698 ἀνθρώπων

316 1718 488 1787 ψυχὰς
518 1720 768 1773 κατέπιεν
796 1722 823 1772 ό
846 1720 1067 1782 θάνατος
1098 1721 1338 1790 ἰσχύσας,
1357 1719 1448 1772 καὶ
1469 1719 1526 1771 τὸ
1550 1719 1724 1790 φρέαρ
1749 1737 1870 1771 συν-

317 1811 439 1880 έσχε
484 1813 574 1863 καὶ
639 1811 921 1864 ἀπέκλεισε
962 1811 1037 1881 τῷ
1077 1811 1267 1864 ἑαυτοῦ
1320 1811 1562 1880 στόματι.
1596 1811 1772 1882 Φρέαρ
1814 1811 1870 1864 δὲ

319 1901 491 1970 στόμα
537 1900 654 1970 ἕχον
692 1902 849 1964 αὑτὸς
882 1901 944 1954 ἂν
973 1900 1182 1970 λεχθείη
1216 1903 1244 1952 ό
1277 1900 1517 1963 Θάνατος,
1541 1901 1568 1951 ό
1597 1899 1654 1966 eg
1679 1899 1871 1964 αἰῶνος

1971 725 2220 780 fundum.
2255 744 2274 777 ι
2309 725 2402 779 Hae
2438 739 2565 779 vero
2597 740 2766 795 aquae,
2795 737 2848 781 et
2877 725 3137 783 dracones
3164 728 3218 782 in
3257 727 3388 796 ipsis
3427 727 3521 784 de-

1968 824 2174 887 gentes,
2212 814 2478 885 superius
2539 816 2917 870 indicabantur
2971 817 3024 871 in
3059 817 3150 870 illo
3192 837 3206 871 :
3241 835 3259 868 ι
3296 816 3520 872 Salvum

1967 923 2053 962 me
2087 907 2188 970 fac,
2221 905 2380 968 Deus,
2421 907 2674 975 quoniam
2710 907 3044 962 intraverunt
3071 921 3221 976 aquae
3251 921 3427 976 usque
3450 908 3522 962 ad

1966 999 2198 1052 animam
2254 1010 2445 1050 meam.
2491 996 2692 1049 lnfixus
2739 1013 2859 1052 sum
2892 997 2943 1049 in
2989 997 3116 1049 limo
3155 995 3428 1066 profundi,
3465 1005 3521 1053 ει

1967 1105 2076 1144 non
2104 1097 2188 1144 est
2221 1085 2542 1142 substantia.
2575 1086 2709 1141 Veni
2764 1089 2818 1142 in
2873 1087 3207 1142 altitudinem
3245 1086 3432 1150 maris,
3465 1097 3518 1142 et

1969 1189 2262 1250 tempestas
2312 1180 2568 1235 demersit
2611 1195 2713 1233 me.
2755 1199 2774 1231 ι
2821 1177 2928 1233 Sed
2977 1179 3127 1249 prius
3158 1177 3372 1248 quidem
3398 1177 3522 1248 ejus

1967 1273 2023 1328 in
2056 1287 2226 1342 aquas
2253 1272 2549 1328 descensus
2576 1271 2986 1339 declarabatur;
3021 1275 3075 1324 in
3106 1270 3189 1325 bis
3220 1276 3396 1324 autem
3436 1283 3524 1322 re-

1969 1379 2185 1433 gressus
2238 1363 2361 1417 inde
2414 1371 2649 1418 notatur.
2683 1381 2701 1413 ι
2741 1362 2978 1427 Liberer,
3026 1362 3218 1432 inquit,
3283 1359 3348 1415 de
3395 1375 3521 1430 pro-

1971 1452 2150 1508 fundis
2165 1468 2448 1523 aquarum,
2467 1462 2519 1506 et
2531 1468 2638 1507 non
2654 1469 2737 1508 me
2753 1453 3024 1524 demergat
3038 1460 3329 1522 tempestas
3345 1465 3520 1519 aquae,

1969 1559 2144 1613 neque
2168 1543 2452 1598 absorbeat
2474 1559 2558 1598 me
2573 1542 2920 1614 profundum,
2951 1558 3126 1612 neque
3148 1551 3331 1610 urgeat
3357 1555 3521 1609 super

1969 1649 2054 1690 me
2075 1643 2266 1706 puteus
2293 1648 2354 1688 os
2379 1649 2557 1688 suum.
2585 1655 2603 1687 ι
2620 1635 2854 1689 Οωιετοε
2885 1636 3080 1704 quippe
3104 1633 3381 1687 hominum
3404 1631 3521 1684 ani-

1971 1737 2087 1776 mas
2116 1735 2258 1776 mors
2283 1721 2573 1791 absorpsit,
2591 1733 2644 1776 et
2665 1723 2961 1791 praevaluit.
2984 1737 3047 1776 ac
3071 1729 3265 1791 puteus
3288 1721 3440 1782 ιιιεὶι,
3465 1726 3519 1773 et

1934 1829 1948 1841 ·
1971 1812 2342 1868 conclusitore
2370 1829 2489 1868 suo.
2521 1813 2723 1867 Putcus
2751 1821 2928 1866 autem
2948 1827 3043 1866 ore
3065 1814 3380 1874 instructus,
3401 1811 3517 1880 ipsa

1973 1916 2120 1956 mors
2143 1918 2265 1957 esse
2293 1902 2523 1967 dicatur,
2554 1918 2673 1973 quae
2695 1903 2762 1956 ab
2786 1902 2939 1957 initio
2964 1917 3150 1958 omnes
3171 1902 3350 1958 istbuc
3378 1901 3518 1956 dela-

318 1993 522 2055 πάντας
560 1991 967 2056 καταπεπωκὼς
996 1995 1118 2055 τοὺς
1152 1995 1228 2055 εἰς
1261 1992 1420 2045 αὑτὸν
1447 1991 1866 2044 καταπεπτωκό-
1899 1983 1938 2038 Β

1968 2007 2096 2063 psos
2124 1993 2443 2064 deglutivit:
2477 2001 2530 2049 et
2564 2003 2848 2063 postquam
2873 1992 3171 2063 deglulivit,
3203 1991 3514 2056 momordit,

316 2099 432 2146 τας,
468 2101 555 2135 κα.
616 2084 750 2152 μετὰ
793 2084 852 2136 τὸ
902 2087 1180 2137 καταπιεῖν
1232 2081 1487 2144 ἐνδακὼν,
1544 2081 1730 2153 ὥσπερ
1777 2084 1866 2134 καὶ

317 2175 635 2238 ἀποκλείσας
662 2177 714 2227 τὸ
744 2174 931 2228 ἑαυτοῦ
960 2175 1149 2244 στόμα,
1178 2174 1312 2245 πρὸς
1337 2174 1395 2226 τὸ
1428 2177 1498 2243 μή
1531 2189 1652 2226 τινα
1683 2172 1868 2225 παλιν-

312 2265 598 2336 δρομῆσαι.
638 2265 750 2316 Ἐπ’
785 2265 913 2334 ἐμοῦ
943 2265 998 2317 δὲ
1048 2265 1119 2334 μὴ
1152 2263 1353 2332 γένοιτο
1385 2262 1558 2315 τοῦτο.
1599 2263 1690 2315 Διὸ
1722 2264 1869 2316 ἀντι-

317 2354 452 2406 ϐολῶ
487 2371 543 2423 σε
569 2355 657 2405 τὸν
685 2354 900 2423 Πατέρα
932 2353 1100 2420 λέγων
1120 2371 1132 2382 ·
1167 2371 1183 2402 ι
1215 2354 1301 2422 Μή
1333 2369 1397 2422 με
1428 2352 1868 2423 καταποντισάτω

317 2383 452 2406 υυΛω
487 2383 512 2404 υ
569 2383 657 2405 ’ὓυν
687 2383 900 2423 ιιιιωερει
933 2383 987 2405 Λῧ
1167 2383 1183 2402 ι
1215 2383 1301 2422 ιῐιιδ
1333 2383 1397 2422 με
1430 2383 1868 2406 λιι-αλιυνιιυιιυω

317 2383 816 2519 καταιγὲχὺδατος,
876 2443 1366 2515 μηδὲίκαταπιέτω
1418 2459 1482 2512 με
1527 2417 1708 2511 βυθὸςῖ
1736 2443 1868 2512 μηδὲ

321 2533 575 2604 συσχέτω
606 2537 692 2587 ἐπ’
725 2535 823 2604 ἐμὲ
871 2535 1044 2604 φρέαρ
1077 2535 1135 2586 τὸ
1180 2535 1348 2604 στόμα
1380 2532 1563 2586 αὑτοῦ·
1606 2551 1624 2584 ι
1664 2531 1696 2602 ἢ
1731 2531 1868 2584 κατὰ

318 2622 407 2673 τὸν
461 2622 767 2692 Σύμμαχον,
813 2607 831 2673 ι
881 2623 1029 2692 Μηδὲ
1082 2623 1432 2692 ὲπιπωμάσαι
1471 2639 1558 2692 μοι
1603 2621 1776 2691 φρέαρ
1806 2621 1868 2673 τὸ

318 2712 490 2784 στόμα
514 2713 695 2766 αὑτοῦ.
741 2731 758 2764 υ
795 2713 901 2765 Καὶ
934 2713 1025 2765 νῦν
1059 2713 1168 2782 μὲν
1221 2713 1422 2770 ὑδάτων
1478 2712 1742 2782 μέμνηται
1775 2711 1868 2765 καὶ

319 2801 492 2873 βυθῶν
547 2804 639 2857 καὶ
689 2805 916 2874 φρέατος
938 2821 950 2832 ο
1008 2803 1064 2854 ὲν
1117 2804 1174 2856 δὲ
1204 2802 1279 2872 τῷ
1303 2801 1386 2855 κα¹
1417 2801 1612 2873 ψαλμῷ
1636 2803 1704 2855 τὰ
1730 2801 1869 2855 αὑτά

314 2894 482 2949 ταῦτα
533 2893 829 2966 σημαίνων,
871 2893 1074 2965 ἑτέροις
1104 2892 1324 2963 ὀνόμασι
1371 2893 1630 2964 κέχρηται
1659 2892 1864 2960 λέγων’

321 3006 341 3039 ι
362 2985 544 3040 Ῥῦσαι
575 2985 680 3039 ἀπὸ
707 2985 975 3055 ῥομφαίας
1001 2984 1096 3055 τὴν
1119 2983 1298 3058 ⁸ψυχήν
1326 2999 1446 3054 μου,
1477 2985 1570 3038 καὶ
1594 2984 1659 3038 ἐκ
1689 2985 1867 3056 χειρὸς

316 3077 473 3140 κυνὸς
497 3076 592 3146 τὴν
618 3075 868 3145 μονογενῆ
900 3091 1017 3145 μου.
1041 3074 1218 3127 Σῶσόν
1245 3091 1309 3144 με
1343 3076 1404 3126 ἐκ
1435 3075 1696 3146 στόματος
1719 3075 1865 3130 λέον-

316 3183 423 3231 τος,
454 3167 546 3219 καὶ
575 3166 680 3220 ἀπὸ
722 3165 964 3240 κεράτων
1006 3164 1382 3236 μονοκερώτων
1426 3165 1522 3237 τὴν
1546 3166 1867 3220 ταπείνωσίν

322 3275 441 3329 μου.
485 3277 503 3310 ι
536 3256 644 3310 Καὶ
671 3254 842 3310 ταῦτα
872 3255 980 3327 γὰρ
1009 3257 1133 3328 περὶ
1165 3256 1271 3308 τῶν
1323 3257 1379 3310 ἐν
1429 3254 1507 3326 τῷ
1556 3256 1868 3326 καλουμένῳ

317 3349 418 3423 ᾄδῃ
439 3348 711 3418 δυνάμεων
731 3347 1111 3416 ἀντικειμένων
1140 3346 1400 3410 λέλεκται,
1424 3345 1499 3408 ὼς
1527 3345 1650 3408 τοὺς
1667 3347 1864 3411 τόπους

316 3440 655 3513 διηγούμενοι
685 3456 758 3491 πα
769 3439 1122 3507 ρεστήσαμεν.
1431 3453 1433 3455 ·

388 3501 780 3584 ξἘίο-άκουσόν
819 3501 939 3598 μου,
993 3501 1183 3597 Κύριε,
1232 3529 1312 3580 ὅτι
1368 3526 1599 3599 χρηστὸν
1629 3526 1689 3580 τὸ
1722 3525 1865 3590 ἔλεός
1906 3501 1913 3506 ’

320 3640 410 3678 σου
430 3639 441 3653 ·
473 3622 610 3685 κατά
653 3621 710 3674 τὸ
754 3619 966 3690 πλῆθος.
990 3620 1095 3670 τῶν
1123 3619 1416 3689 οἰκτιρμῶν
1449 3637 1542 3672 σου
1580 3618 1863 3688 ὲπίόλεψσν

317 3715 402 3767 ἐπ’
429 3712 548 3783 ἐμέ.
586 3732 604 3764 ι
635 3711 743 3763 Καὶ
794 3709 1018 3763 ἐνταῦθα
1043 3709 1128 3761 διὰ
1149 3709 1240 3762 τοῦ
1268 3711 1394 3781 παρ’
1422 3709 1688 3781 Ἑϐραίοις
1709 3711 1865 3764 ἀνεκε-

319 3806 560 3875 φωνήτου
616 3802 704 3855 τὸν
752 3800 941 3854 ἑαυτοῦ
975 3801 1190 3872 Πατέρα
1241 3803 1268 3854 ό
1319 3800 1504 3874 Σωτὴρ
1531 3801 1864 3856 ἐπικαλεῖται

317 3896 486 3966 λέγων
507 3913 520 3926 ·
563 3895 774 3966 Ἐπειδὴ
804 3895 928 3947 τάδε
961 3895 1054 3947 καὶ
1085 3893 1208 3947 τάδε
1245 3894 1436 3966 ᾔτησα,
1467 3895 1554 3950 ἵνα
1583 3894 1656 3967 μὴ
1685 3895 1863 3966 ἐμπά-

319 4005 399 4057 γω
421 3990 500 4051 εἰς
524 3988 612 4041 τὸν
646 3987 831 4060 πηλὸν,
849 3988 941 4040 καὶ
968 3987 1113 4050 ὅπως
1161 3986 1408 4057 ῥυσθείην
1437 3989 1501 4039 ὲκ
1525 3987 1630 4040 τῶν
1662 3979 1865 4058 βαθέων

317 4074 422 4133 τῶν
441 4078 666 4144 ὑδάτων,
691 4078 758 4130 τά
786 4094 844 4129 τε
862 4075 1067 4139 τούτοις
1089 4076 1233 4145 ἑξῆς,
1259 4076 1447 4129 τούτου
1470 4076 1626 4148 χάριν
1650 4076 1863 4130 ἐπίνευ-

321 4171 410 4225 σόν
444 4188 544 4240 μου
573 4173 638 4240 τῇ
681 4169 878 4241 δεήσει,
911 4162 955 4220 ὦ
990 4167 1181 4238 Κύριε,
1215 4184 1234 4218 ι
1266 4167 1346 4220 ὃτι
1376 4167 1604 4238 χρηστὸν
1631 4165 1690 4220 τὸ
1718 4167 1865 4229 ἔλεός

321 4260 542 4331 οου,καὶ
563 4259 699 4312 κατὰ
713 4261 772 4311 τὸ
791 4259 991 4327 πλῆθος
1017 4257 1123 4309 τῶν
1141 4256 1433 4326 οίκτιρμῶν
1461 4272 1551 4308 σου
1574 4255 1862 4325 ὲπίϐλεψον

318 4355 404 4404 ἐπ’
431 4352 550 4424 ἐμέ.
578 4351 668 4422 Μὴ
701 4350 1034 4420 ἀπόστρεψον
1060 4347 1122 4400 τὸ
1146 4345 1433 4416 πρόσωπόν
1483 4361 1575 4398 σου
1611 4346 1718 4399 ἀπὸ
1769 4346 1860 4400 τοῦ

316 4444 501 4507 παιδός
542 4459 654 4494 σου.
693 4459 710 4494 ι
750 4441 839 4496 Ἐν
870 4434 948 4503 οἷς
999 4436 1300 4510 παρακαλεῖ
1342 4435 1645 4506 ἐπώλέψαι,
1672 4438 1861 4510 καὶμὴ

315 4531 648 4604 ἀποστρέψαι
679 4530 737 4582 τὸ
759 4529 1041 4601 πρόσωπον
1071 4527 1132 4594 ἐξ
1163 4526 1324 4580 αὑτοῦ
1346 4542 1360 4557 ·
1395 4519 1461 4580 ἵν’
1485 4527 1669 4600 ὥσπερ
1695 4529 1862 4598 μέγας

317 4621 653 4692 ἀγωνοθέτης
698 4619 968 4694 δοκιμάσῃ»
985 4617 1074 4672 τὸν
1103 4616 1285 4686 ἀγῶνα
1315 4616 1373 4671 ὃν
1411 4617 1615 4718 ὑπέστη
1649 4619 1741 4673 καὶ
1764 4619 1861 4690 τὴν
1891 4658 1938 4718 D

315 4714 587 4786 ὑπομονὴν
630 4711 724 4765 καὶ
772 4709 869 4780 τὴν
892 4709 1229 4773 ταπείνωσιν,
1270 4710 1351 4780 ἐφ’
1473 4709 1858 4780 σεμνυνόμενος

317 4806 457 4873 ἀξιοί
495 4804 583 4857 τὸν
630 4801 842 4871 Πατέρα
889 4799 962 4871 μὴ
999 4799 1328 4872 ἀποστρέψαι
1380 4797 1439 4853 τὸ
1478 4800 1762 4870 πρόσωπον
1802 4799 1861 4866 ἐξ
1913 4864 1917 4868 ι

318 4895 501 4960 αὑτοῦ,
548 4894 658 4947 ἀλλ’
713 4891 990 4962 ἐπιϐλέψαι
1058 4893 1136 4955 είς
1198 4891 1376 4946 αὑτόν.
1403 4885 1535 4943 Εἶτα
1589 4891 1859 4959 ἐπιλέγειο

322 5003 342 5038 ι
381 4988 499 5039 Ὅτι
541 4984 805 5057 θλίβομαι,
839 4984 973 5054 ταχὺ
1013 4983 1308 5037 ἐπάκουσόν
1339 4998 1466 5052 μουο
1494 5001 1512 5032 ι
1540 4980 1578 5052 ἢ
1611 4982 1750 5036 κατά
1774 4971 1864 5039 τόν

330 5076 578 5140 Ἀκύλαν,
617 5095 636 5126 ι
673 5078 791 5129 ὐτι
835 5074 1013 5129 στενόν
1047 5091 1155 5145 μοι,
1187 5075 1323 5145 ταχὺ
1354 5072 1649 5126 ὲπάκουσόν
1689 5091 1808 5145 μου.
1839 5094 1858 5128 ι

316 5167 544 5238 Νοήσεις
584 5168 640 5220 δὲ
680 5157 782 5221 κάν
800 5166 983 5221 τούτου
1013 5165 1109 5237 τὴν
1129 5165 1366 5221 διάνοιαν
1394 5165 1688 5234 ἐπιστήσας
1716 5165 1864 5228 ὅπως

316 5259 536 5332 εἴρηται,
558 5259 636 5324 τὸ,
672 5277 691 5309 ι
713 5259 875 5329 Στενὴ
897 5260 989 5313 καὶ
1015 5259 1391 5329 τεθλιμμένηὴ
1417 5256 1532 5320 ὁδὸς
1562 5257 1594 5327 ἠ
1624 5256 1863 5325 ἀπάγου-

320 5365 387 5404 σα
417 5351 496 5410 είς
529 5347 626 5417 τὴν
654 5346 816 5418 ζωὴν.
841 5349 933 5402 καὶ
965 5347 1131 5415 ὀλίγοι
1159 5347 1294 5402 εἰσιν
1325 5347 1374 5398 οἱ
1405 5343 1763 5416 εἰσερχόμενοι
1792 5345 1857 5398 δι’

317 5439 504 5509 αὐτῆς.
550 5455 570 5491 ι
611 5434 828 5508 Πρῶτος
863 5437 992 5506 γοῦν
1036 5437 1197 5501 αὑτὸς
1231 5437 1326 5507 τὴν
1357 5434 1544 5505 στενὴν
1570 5434 1737 5505 αὑτὴν
1765 5438 1860 5492 καὶ

317 5530 413 5604 τὴν
436 5527 792 5599 τεθλιμμένην
815 5525 1036 5592 ὁδεύσας
1057 5526 1238 5596 ἔλεγεν
1255 5543 1268 5557 ·
1309 5545 1329 5578 ι
1356 5527 1472 5580 Ὀτι
1506 5525 1661 5595 στενή
1695 5541 1804 5594 μοι,
1832 5547 1851 5579 ι

316 5621 430 5685 καὶ,
466 5638 486 5672 ι
529 5620 612 5673 ὅτι
647 5617 914 5688 θλίϐομαι,
945 5617 1080 5687 ταχὺ
1114 5617 1408 5672 ἐπάκουσον
1441 5630 1559 5686 μου·
1588 5632 1606 5665 ι
1644 5615 1857 5686 Ἐδήλου

314 5711 374 5770 δὲ
397 5713 492 5768 καὶ
515 5711 601 5779 διὰ
626 5709 732 5766 τῶν
756 5707 1057 5781 ἔμπροσθεν
1082 5707 1179 5779 τὴν
1211 5707 1384 5779 θλίψιν
1416 5705 1605 5762 ἑαυτοῦ
1637 5707 1732 5764 καὶ
1761 5707 1881 5780 τὴν-

385 5892 434 5927 ¹⁷
469 5891 612 5948 Psal.
653 5891 900 5955 xxt,-2|,
937 5890 1026 5945 22.
1103 5891 1148 5924 ’⁸
1185 5889 1371 5947 Matth.
1415 5906 1507 5957 VII,
1550 5889 1632 5944 Η.

475 5987 743 6048 Panos.
791 5986 905 6048 Gn.
940 5986 1170 6049 XXIII.

1966 2098 2032 2137 ac
2061 2083 2108 2138 si
2131 2084 2452 2140 occlusissct
2473 2101 2535 2140 os
2555 2083 2732 2149 snam,
2756 2099 2824 2138 ne
2851 2084 2974 2154 quis
2997 2082 3120 2137 inde
3138 2089 3512 2137 reverteretur.

1967 2173 2179 2230 Mecum
2207 2184 2384 2231 autem
2418 2193 2486 2232 ne
2510 2176 2625 2246 pari
2655 2176 2815 2230 modo
2843 2184 3046 2247 agatur.
3082 2174 3257 2241 Quare
3285 2175 3378 2228 tibi
3412 2172 3515 2226 Pa-

1967 2267 2038 2319 tri
2081 2268 2326 2336 supplico
2363 2269 2549 2322 dicens
2579 2288 2591 2322 :
2621 2287 2639 2318 ι
2673 2267 2789 2321 Non
2822 2283 2907 2322 me
2929 2268 3199 2336 demergat
3221 2273 3511 2336 tempestas

1967 2371 2137 2425 aquae,
2165 2374 2338 2428 neque
2385 2360 2672 2414 absorbeat
2720 2374 2805 2414 me
2836 2357 3184 2428 profundum,
3226 2372 3398 2426 neque
3429 2371 3511 2409 ur-

1966 2458 2086 2516 geat
2121 2464 2284 2518 super
2320 2465 2404 2505 me
2436 2460 2630 2521 puteus
2672 2465 2733 2504 os
2774 2465 2962 2517 suum;
3003 2469 3022 2502 »
3061 2449 3174 2505 sive
3222 2447 3508 2504 secundum

1968 2533 2345 2605 Symmachum
2383 2558 2396 2594 :
2437 2558 2457 2592 ι
2494 2539 2677 2610 Neque
2720 2539 2934 2595 obturet
2982 2554 3143 2610 super
3188 2549 3294 2593 me‘
3323 2545 3510 2607 puteus

1967 2642 2028 2682 os
2059 2643 2236 2683 suum.
2272 2649 2290 2682 ι
2327 2629 2519 2702 Etjam
2553 2632 2770 2701 quidem
2801 2638 2989 2704 aqbas,
3047 2628 3312 2701 profunda
3337 2637 3390 2684 et
3418 2644 3511 2699 pu-

1965 2726 2108 2773 teum
2135 2728 2400 2774 memorat
2430 2738 2442 2774 :
2476 2720 2531 2774 in
2565 2720 2820 2776 vicesimo
2862 2729 3040 2775 autem
3090 2718 3264 2789 primo
3303 2718 3513 2787 psalmo

1965 2807 2150 2862 eadem
2182 2811 2295 2879 ipsa
2339 2811 2459 2864 aliis
2493 2811 2773 2864 vocabulis
2809 2811 3012 2865 indicat
3047 2810 3234 2865 dicens
3267 2827 3280 2862 :
3316 2827 3336 2859 ι
3377 2808 3518 2863 Erue

1966 2913 1998 2952 ιι
2030 2897 2250 2964 framea,
2280 2899 2442 2965 Deus,
2477 2900 2714 2954 animam
2744 2911 2944 2967 meam,
2976 2907 3028 2956 ct
3053 2900 3118 2956 de
3152 2915 3316 2954 manu
3363 2900 3517 2954 canis

1967 2986 2289 3055 unigenitam
2343 3003 2538 3043 meam.
2597 2987 2754 3042 Salva
2785 3004 2871 3043 me
2919 3005 2985 3044 ex
3038 3004 3132 3045 ore
3163 2989 3356 3054 leonis,
3397 2997 3451 3044 et
3483 3004 3516 3042 a

1967 3078 2223 3135 cornibus
2259 3079 2599 3134 unicornium
2657 3079 3013 3135 humilitatem
3063 3096 3236 3134 meam
3270 3082 3335 3141 ⁸⁷,
3380 3100 3398 3132 ι
3450 3079 3517 3132 Ει

1967 3169 2081 3223 haec
2115 3170 2182 3224 de
2208 3169 2539 3228 adversariis
2573 3173 2936 3243 pctestattbus
2968 3173 3023 3226 in
3063 3171 3292 3236 inferno,
3334 3177 3392 3224 ut
3423 3187 3514 3224 vo-
3607 3233 3614 3244 ,

1970 3268 2114 3327 cant,
2147 3261 2466 3332 degentibus
2497 3264 2642 3318 dicta
2669 3268 2819 3326 sunt,
2857 3271 2915 3317 ut
2938 3264 2991 3318 in
3025 3263 3334 3335 hujusmodi
3370 3264 3516 3318 loco-

1888 3328 1936 3391 ῧ
1967 3360 2088 3398 rum
2116 3328 2476 3430 explicatione
2499 3348 2912 3414 declaravimus.

2043 3519 2206 3578 Vens.
2254 3521 2458 3576 17—21.
2519 3539 2538 3572 ι
2583 3519 2788 3575 Exaudi
2827 3535 2932 3583 me,
2981 3517 3229 3584 Domine,
3259 3521 3514 3590 quoniam

1964 3617 2195 3686 benigna
2231 3621 2314 3670 est
2346 3612 2714 3668 misericordia
2744 3620 2857 3678 tua,
2890 3601 3191 3668 secundum
3217 3613 3518 3670 multitudi-

1965 3723 2088 3764 nem
2147 3706 2554 3762 miseratiouum
2609 3711 2823 3759 tuarum
2869 3703 3076 3773 respice
3121 3703 3175 3781 in
3208 3721 3312 3760 me.
3351 3724 3370 3757 ι
3418 3704 3516 3761 llic

1964 3785 2178 3871 quoque
2214 3797 2472 3854 ineffabili
2509 3787 2653 3868 apud
2685 3797 2936 3852 Hebraeos
2965 3809 3096 3851 voce
3129 3796 3385 3858 Servator
3411 3794 3516 3852 Pa-

1965 3901 2100 3946 trem
2123 3905 2280 3945 suum
2303 3890 2518 3948 invocat
2546 3888 2731 3944 dicens
2762 3907 2775 3943 :
2807 3885 2939 3952 Quia
2967 3885 3082 3942 haec
3108 3895 3161 3942 et
3187 3888 3280 3941 illa
3307 3890 3510 3959 rogavi,

1963 3993 2027 4039 ut
2053 3998 2120 4038 ne
2148 3982 2339 4052 infigar
2360 3981 2414 4036 in
2432 3981 2563 4044 luto,
2588 3988 2646 4035 ut
2669 3981 2863 4034 liberer
2881 3965 2909 4031 a
2926 3978 3208 4048 profundis
3230 3995 3514 4051 aquarum,

1964 4083 2022 4131 et
2056 4081 2248 4132 caetera
2280 4072 2399 4141 quaé
2441 4078 2761 4141 sequuntur,
2782 4069 2918 4127 ideo
2943 4085 3121 4144 annue
3153 4071 3514 4126 obsecrationi

1964 4177 2115 4224 meae,
2139 4175 2172 4216 o
2198 4159 2440 4225 Domine,
2475 4177 2495 4210 ι
2537 4159 2791 4229 quoniam
2821 4159 3052 4230 benigna
3084 4169 3168 4215 est
3206 4160 3516 4214 misericor-

1962 4251 2050 4305 dia
2079 4260 2190 4316 tua,
2227 4259 2278 4306 et
2321 4249 2616 4307 secundum
2666 4249 3068 4306 multitudinem
3107 4252 3511 4307 miseratiunum

1929 4369 1931 4371 -
1963 4351 2177 4398 tuarum
2216 4345 2424 4414 respice
2455 4343 2511 4396 in
2541 4357 2645 4398 me.
2685 4341 2763 4398 Ne
2802 4350 3016 4398 avertas
3065 4341 3255 4398 faciem
3297 4350 3442 4396 tuam
3479 4356 3511 4396 a

1921 4447 1924 4450 ί
1961 4439 2131 4506 puero
2157 4443 2271 4490 tuo.
2312 4455 2329 4487 ι
2372 4433 2580 4502 Quibus
2606 4444 2757 4506 rogat
2784 4441 2844 4488 ut
2872 4435 3142 4503 respiciat,
3175 4449 3273 4497 nec
3308 4439 3513 4490 avertat

1963 4527 2157 4583 faciem
2187 4544 2340 4584 suam
2384 4532 2430 4581 a'
2459 4543 2536 4591 se,
2586 4534 2645 4580 ut
2709 4525 2866 4596 quasi
2912 4540 3138 4594 magnus
3187 4525 3511 4594 agonotbeta

1964 4621 2154 4691 probet
2181 4620 2325 4690 quod
2348 4627 2624 4693 certamen
2653 4617 2899 4688 subierit,
2939 4631 3097 4687 quam
3126 4617 3436 4686 patientiam
3457 4627 3509 4673 e'

1965 4711 2319 4766 humilitatem
2352 4729 2366 4766 :
2399 4709 2465 4765 de
2489 4723 2594 4779 qua
2623 4707 2904 4778 gloriatus,
2943 4706 3152 4761 Patrem
3185 4715 3338 4778 rogat
3362 4717 3421 4764 ut
3444 4726 3507 4765 nc

1967 4811 2174 4859 avertat
2203 4803 2392 4856 faciem
2421 4815 2596 4860 suam.
2632 4799 2725 4854 sed
2753 4799 3111 4870 se'rcspiciat.
3150 4797 3352 4857 Dehinc
3384 4801 3514 4857 sub-

1932 4962 1934 4964 ,
1962 4894 2139 4965 jungit
2167 4912 2180 4946 :
2221 4912 2239 4944 ι
2270 4891 2534 4958 Quoniam
2565 4891 2814 4956 tribulor,
2832 4891 3089 4947 velociter
3115 4890 3309 4947 exaudi
3332 4906 3417 4946 me
3441 4909 3457 4958 ;
3483 4911 3504 4944 ι

1966 4986 2080 5041 sive
2101 4983 2394 5039 secundum
2426 4981 2694 5052 Aquilam,
2721 5001 2741 5034 ι
2767 4982 2902 5048 Quia
2925 4990 3210 5052 angustum
3239 4982 3390 5046 mibi,
3417 4998 3510 5038 ve.

1963 5077 2149 5130 lociter
2179 5071 2373 5129 exaudi
2400 5088 2504 5128 me.
2548 5093 2566 5126 ι
2605 5072 2754 5128 Hanc
2783 5090 2946 5145 porro
2984 5074 3305 5130 sententiam
3345 5073 3505 5128 intel-

1961 5167 2117 5236 liges,
2149 5166 2196 5219 si
2231 5162 2540 5218 consideres
2571 5165 2715 5235 quod
2748 5165 2950 5220 dictum
2983 5173 3066 5220 est
3093 5183 3106 5220 :
3141 5181 3159 5216 ι
3190 5164 3506 5232 Augustae:

1964 5263 2111 5310 arcta
2146 5253 2234 5306 via
2277 5260 2360 5307 est
2389 5268 2511 5322 qua:
2559 5254 2705 5308 ducit
2754 5251 3043 5317 ad-vitam,
3093 5259 3148 5306 et
3190 5251 3344 5319 pauci
3377 5255 3504 5305 sunt

1963 5347 2054 5418 qui
2089 5344 2468 5415 ingrediuntur
2490 5360 2594 5415 per
2621 5361 2738 5400 eam
2769 5346 2833 5400 ’³.
2876 5366 2895 5400 ι
2935 5344 3051 5416 Ipse
3077 5343 3257 5413 igitur,
3279 5340 3372 5410 qui
3392 5341 3502 5411 pri-

1964 5453 2087 5494 mus
2115 5437 2216 5491 hac
2261 5444 2491 5506 angusta
2540 5443 2596 5491 et
2650 5445 2798 5491 arcta
2838 5437 2921 5491 via
2962 5433 3202 5496 incessit,
3238 5429 3497 5487 dicebat:

1971 5547 1990 5580 ι
2023 5525 2286 5594 Quoniam
2315 5534 2544 5596 angusta
2577 5524 2730 5587 mihi,
2768 5545 2786 5578 ι
2819 5536 2893 5589 et,
2921 5543 2939 5575 ι
2967 5523 3218 5594 quoniam
3246 5521 3497 5582 tribulor.

1963 5617 2218 5674 velociter
2236 5617 2431 5672 exaudi
2459 5632 2564 5671 me.
2595 5633 2612 5666 ι
2643 5614 2698 5670 In
2719 5616 3087 5687 superioribus
3097 5626 3312 5684 quoque
3333 5613 3503 5667 tribu...

1963 5711 2216 5765 lationem
2263 5703 2646 5780 et‘angustiam
2692 5706 2970 5775 suamsic
2997 5704 3302 5762 declarabat
3328 5720 3398 5762 ιι
3436 5701 3505 5759 Et

3148 5973 3221 6037 25
