4300 6402
782 453 885 511 7‘7

1389 448 1676 506 EUSEBH
1718 449 2196 508 CESABIENSlS
2234 442 2387 510 OPP.
2428 450 2611 509 PARS
2650 450 2738 507 Ill.
2783 482 2849 494 —
2888 450 3313 510 EXEGETICA.

3907 457 4015 511 ⁷ιῖ

776 569 967 642 operui
1006 568 1060 623 in
1083 566 1291 638 jejunio
1328 567 1561 620 animam
1608 581 1805 632 meam,
1839 574 1894 622 et
1928 566 2129 623 factum
2157 578 2245 625 est
2270 569 2340 635 in

2408 570 2699 633 ,στένωσιν
2732 570 2934 639 λέγων·
2972 588 2990 623 ι
3030 569 3138 623 Kal
3184 568 3528 640 συνεκάλυψα
3565 571 3623 623 ἐν
3664 570 3885 644 νηστείᾳ
3913 570 4015 643 τὴν

690 656 693 659 ’
777 659 1328 733 ορρτυδνίυωωίιιί.
1383 657 1448 712 Ει
1499 659 1654 728 posui
1715 660 2097 715 vestimentum
2160 676 2339 715 meum

776 744 1017 811 saccum.
1052 751 1311 808 iPatrem
1344 752 1527 821 itaque
1560 750 1783 821 rogabat
1802 752 1917 807 haec
1962 761 2019 806 ut
2048 753 2340 823 respiceret

666 872 669 877 ν
775 846 1224 904 etconsideraret
1252 859 1373 915 quae
1410 860 1508 914 pro
1534 844 1693 898 nobis
1727 844 2024 899 certamina
2066 844 2341 899 sustinue-

772 940 864 995 rit.
895 937 1073 1004 Quare
1097 936 1308 992 dicebat
1347 956 1359 990 :
1390 954 1411 986 ‹
1446 933 1665 990 Intende
1691 935 1885 989 animae
1914 950 2066 1000 meae,
2092 943 2145 991 et
2172 936 2339 992 libera

770 1044 912 1085 eam.
955 1047 974 1079 ο
1012 1026 1213 1085 Deinde
1235 1042 1362 1083 vero
1394 1034 1539 1081 recte
1571 1025 1711 1080 facta
1747 1026 2042 1083 ostendens
2076 1042 2197 1093 sua,
2219 1043 2341 1098 qua:

770 1126 831 1171 ut
868 1118 959 1173 ille
1005 1117 1265 1189 respiciat
1316 1117 1589 1181 obsecrat,
1638 1106 1859 1188 pergit:
1903 1135 1921 1168 ι
1960 1116 2189 1189 PrOpter
2236 1118 2341 1172 ini-

769 1210 942 1264 micos
974 1225 1124 1265 meos
1152 1210 1299 1280 eripe
1336 1225 1440 1264 me.
1472 1209 1550 1264 Tu
1584 1209 1693 1265 scis
1732 1209 2125 1281 improperium
2159 1225 2337 1278 meum

768 1309 821 1353 et
840 1316 942 1356 con
952 1301 1219 1357 fusionem
1237 1316 1433 1365 meam,
1454 1311 1504 1357 et
1520 1302 1876 1357 reverentiam
1891 1317 2084 1357 meam.
2102 1321 2119 1353 ι
2142 1302 2339 1369 Quem-

770 1392 1064 1447 admodum
1091 1394 1235 1448 enim
1266 1409 1427 1463 supra
1462 1393 1674 1448 dicebat
1708 1412 1721 1447 :
1755 1412 1773 1444 ι
1811 1392 1891 1447 Τιι
1928 1395 2038 1449 scis
2078 1394 2340 1463 insipien-

770 1484 901 1536 tiam
930 1499 1126 1547 meam,
1165 1492 1218 1539 et
1250 1483 1445 1538 delicta
1471 1497 1588 1538 mea
1628 1500 1658 1536 a
1711 1490 1764 1538 te
1797 1497 1904 1536 non
1942 1491 2068 1537 sunt
2108 1482 2341 1538 abscon-

772 1572 923 1638 dita;
956 1592 985 1624 η»
1028 1573 1109 1628 sic
1141 1582 1196 1627 et
1243 1588 1407 1634 nunc,
1454 1579 1570 1636 tua,
1602 1572 1803 1642 inquit,
1836 1572 2142 1643 cognitione
2176 1570 2337 1641 digna

773 1669 901 1717 sunt
938 1661 1273 1732 improperia
1324 1678 1461 1717 mea.
1517 1661 1591 1718 De
1654 1662 1762 1718 illis
1805 1678 2021 1733 quoque
2086 1662 2338 1738 superius

772 1756 963 1825 agebat
987 1754 1175 1810 dicens
1218 1775 1232 1809 :
1265 1774 1291 1806 ‹
1324 1755 1629 1830 Qpprobria
1653 1756 2097 1826 exprobrantium
2126 1744 2225 1810 tibi
2249 1770 2339 1810 ce-

770 1846 1021 1902 ciderunt
1054 1862 1217 1918 super
1244 1862 1350 1902 me.
1386 1866 1404 1898 »
1449 1846 1898 1918 Quandoquidem
1946 1848 2111 1918 igitur
2139 1863 2205 1901 ex
2246 1848 2337 1916 ju-

2441 661 2618 733 ψυχήν
2653 677 2775 733 μου,
2821 662 2913 714 καὶ
2964 660 3191 732 ἐγενήθη
3239 661 3318 724 είς
3361 660 3694 731 ὀνειδισμοὺς
3730 661 3871 733 ἐμοί.
3902 663 4016 717 Kal

2441 753 2641 825 ἐθέμην
2694 752 2755 805 τὸ
2796 751 2999 823 ἐνδυμά
3048 769 3147 824 μου
3189 751 3409 805 σάκκον.
3458 772 3476 805 ι
3526 752 3649 818 Ἐπὶ
3679 755 3887 817 τούτοις
3919 748 4016 807 οὖν

2442 846 2537 897 καὶ
2581 842 2879 916 παρεκάλει
2924 843 3015 897 τὸν
3056 844 3275 915 Πατέρα
3301 842 3565 915 ἐμϐλέψαι
3594 845 3687 898 καὶ
3714 843 4013 899 θεάσασθαι

2438 937 2566 998 τοὺς
2597 934 2789 998 ἄθλους
2817 932 2909 997 οῦς
2966 934 3106 1006 ὑπὲρ
3157 934 3312 1006 ἡμῶν
3365 934 3655 1004 ύπέμεινε’
3700 934 3781 988 διὸ
3821 934 4009 1004 ἐλι-εγε⁸

2448 1046 2465 1078 ι
2506 1027 2748 1098 Πρόσχες
2795 1029 2861 1098 τῇ
2914 1025 3057 1097 ψυχῇ
3105 1044 3241 1098 μου,
3287 1026 3382 1080 καί
3431 1025 3702 1098 λύτρωσαι
3754 1025 3944 1096 αὑτήν.
3988 1045 4009 1077 ι

2441 1115 2573 1172 Εἶτα
2603 1118 2813 1182 δεικνὺς
2856 1118 3019 1172 αὑτοῦ
3061 1118 3130 1172 τὰ
3163 1118 3559 1190 κατορθώματα
3613 1112 3694 1182 οἷς
3743 1118 4014 1189 ἐμὸλέψαι

2442 1210 2758 1281 παρεκάλει,
2794 1209 3050 1279 ἐπιλέγει·
3075 1228 3095 1267 ι
3122 1211 3321 1273 Ἕνεκα
3347 1209 3455 1263 τῶν
3482 1208 3690 1281 ἐχθρῶν
3718 1226 3819 1280 μου
3848 1208 4013 1279 ῥῦσαί

2444 1320 2531 1373 με.
2564 1303 2634 1357 Σὺ
2660 1300 2986 1371 γιγνώσκεις
3013 1302 3103 1355 τὸν
3129 1302 3423 1373 ὀνειδισμὸν
3454 1319 3552 1373 μου
3574 1302 3667 1355 καὶ
3693 1302 3790 1373 τὴν
3823 1302 4014 1372 αἰσχύ-

2440 1404 2536 1453 νην
2570 1406 2691 1459 μου,
2719 1388 2813 1442 καὶ
2841 1390 2938 1460 τὴν
2969 1390 3234 1460 ἐντροπὴν
3280 1408 3399 1459 μου.
3439 1410 3457 1443 ι
3500 1389 3587 1453 Ὠς
3617 1391 3724 1463 γὰρ
3756 1391 4014 1464 ἀνωτέρω

2440 1477 2624 1547 ἐλεγε’
2692 1496 2711 1529 ι
2764 1479 2835 1531 Σὺ
2888 1479 3057 1547 ἐγνως
3118 1480 3216 1550 τὴν
3268 1480 3575 1552 ἀφροσύνην
3632 1498 3754 1553 μου,
3802 1484 3899 1537 καὶ
3950 1485 4009 1537 αἱ

2440 1572 2806 1643 πλημμέλειαί
2843 1590 2943 1642 μου
2973 1572 3079 1625 ἀπὸ
3105 1572 3197 1625 σοῦ
3233 1573 3330 1626 οὐκ
3364 1573 3752 1645 ἀπεκρύϐησαν
3772 1593 3788 1605 ’
3821 1594 3839 1627 ι
3871 1572 4013 1629 οὕτω

2439 1664 2530 1717 καὶ
2555 1663 2650 1718 νῦν
2694 1666 2792 1735 τῆς
2841 1666 2959 1736 σῆς,
2994 1665 3151 1736 φησὶ,
3195 1663 3446 1734 γνώσεως
3488 1667 3839 1737 τυγχάνουσιν
3872 1667 4039 1733 ἄξιοι,

2438 1756 2488 1807 oi
2538 1754 2829 1826 ὀνειδισμοί
2882 1772 3008 1826 μου.
3069 1756 3288 1827 Ἐδήλου
3320 1756 3375 1810 δὲ
3422 1757 3552 1828 περὶ
3600 1758 3800 1812 τούτων
3831 1760 3926 1813 καὶ
3952 1761 4013 1813 ἐν

2439 1849 2549 1910 τοῖς
2580 1846 2884 1918 ἔμπροσθεν
2916 1846 3088 1916 λέγων
3108 1864 3121 1878 ·
3156 1866 3174 1898 ι
3217 1850 3326 1903 Kal
3347 1851 3396 1901 oi
3428 1850 3719 1922 ὀνειδισμοὶ
3745 1852 3853 1905 τῶν
3876 1854 4012 1907 ὀνει-

732 1928 739 1933 ’
770 1938 915 1994 dicio
941 1947 1035 1995 tuo
1066 1948 1123 1995 et
1156 1948 1292 1994 nutu
1321 1940 1613 2011 opprobria
1665 1942 1899 1996 sustinui
1931 1949 1985 1996 et
2041 1940 2335 2011 ignominia

2435 1938 2688 2002 διζόντων
2747 1954 2806 1990 σε
2838 1936 3112 1992 ἐπέπεσαν
3154 1938 3240 1991 ἐπ’
3292 1940 3413 2010 ἐμέ.
3446 1959 3463 1990 ι
3509 1939 3660 1994 Ἐπεὶ
3703 1941 3879 1997 τοίνυν
3941 1945 4009 2015 σῇ

768 2032 982 2102 plenam
1016 2032 1348 2103 passionem,
1384 2032 1506 2086 ideo
1535 2033 1699 2087 dico:
1731 2049 1750 2083 ι
1797 2030 1878 2086 Tu
1915 2032 2023 2087 scis
2062 2032 2335 2102 imprope-

766 2123 911 2177 rium
945 2138 1123 2179 meum
1153 2130 1207 2178 et
1234 2121 1613 2177 confusionem
1656 2137 1831 2177 meam
1881 2130 1934 2177 et
1976 2122 2335 2177 reverentiam

764 2227 965 2268 meam.
1008 2232 1025 2264 ι
1060 2210 1449 2268 Confusionem
1482 2212 1625 2268 nosti
1663 2227 1861 2278 meam,
1902 2227 2011 2267 non
2054 2212 2334 2281 indignam

766 2305 961 2360 notitia
1012 2311 1137 2369 tua,
1188 2312 1243 2361 et
1295 2308 1654 2363 reverentiam
1708 2322 1804 2361 seu
1854 2306 2137 2377 pudorem,
2171 2319 2333 2375 quem

768 2396 1029 2461 sustinui,
1063 2410 1186 2451 cum
1220 2415 1239 2447 ι
1280 2388 1503 2454 dersum
1530 2415 1708 2455 meum
1738 2398 1861 2454 dedi
1909 2398 1977 2453 ad
2021 2398 2252 2469 ﬂagella,
2281 2405 2335 2451 et

764 2488 961 2543 faciem
1004 2492 1180 2545 meam
1206 2489 1273 2545 ad
1322 2492 1529 2562 alapas.
1567 2511 1585 2544 ι
1623 2491 1808 2563 Neque
1859 2492 1976 2561 pari
2026 2498 2188 2560 atque
2233 2502 2334 2559 ego

764 2578 979 2635 ratione
1006 2580 1319 2636 cruciantes
1354 2596 1441 2637 me
1488 2584 1631 2639 nosti
1679 2603 1692 2637 :
1732 2597 1913 2653 neque
1955 2581 2097 2637 enim
2129 2580 2204 2633 illi
2238 2594 2334 2635 co-

762 2671 1007 2743 gnitione
1030 2680 1123 2727 tua
1152 2672 1320 2744 digni.
1344 2672 1521 2740 Quare
1554 2676 1623 2730 de
1650 2675 1757 2729 illis
1790 2674 1912 2728 dico
1939 2693 1951 2726 :
1981 2691 2000 2723 ι
2035 2670 2239 2726 Contra
2279 2677 2333 2727 te

761 2773 892 2821 sunt
929 2780 1118 2821 omnes
1137 2766 1230 2836 qui
1268 2765 1533 2821 tribulant
1562 2782 1667 2822 me.
1707 2786 1726 2819 ι
1763 2763 1839 2820 lta
1868 2780 2034 2837 porro
2062 2770 2252 2818 contra
2279 2771 2333 2817 te

760 2864 912 2925 sunt,
943 2866 1004 2913 ut
1036 2859 1309 2914 contraria
1364 2858 1461 2914 tibi
1501 2860 1785 2930 eligentes,
1816 2873 2013 2930 meque
2062 2857 2329 2919 cruciant,

758 2950 896 3005 nihil
927 2951 1179 3007 utilitatis
1230 2967 1295 3006 ex
1340 2951 1649 3007 ministerio
1698 2966 1819 3005 meo
1859 2950 2029 3014 nacti,
2067 2956 2230 3018 atque
2272 2946 2331 3001 in

756 3058 919 3098 suam
948 3044 1246 3114 perniciem
1279 3042 1567 3098 cruciant.
1594 3041 1757 3097 Addit
1789 3050 1978 3111 postea
2014 3059 2030 3095 :
2067 3057 2086 3090 ι
2122 3037 2332 3107 Impro-

760 3135 969 3206 perium
995 3135 1328 3205 exspectavit
1361 3150 1458 3189 cor
1493 3149 1673 3190 meum
1703 3140 1757 3188 et
1786 3122 2080 3188 miseriam.
2122 3150 2139 3182 ι
2173 3129 2331 3196 Quod

759 3226 965 3282 clarius
1022 3226 1416 3296 interpretatus
1475 3223 1840 3297 Symmachus
1911 3232 1994 3279 est
2063 3223 2253 3278 dicens
2312 3240 2324 3275 :

2392 2022 2395 2027 ’
2435 2027 2613 2099 κρίσει
2668 2029 2760 2081 καὶ
2793 2026 2869 2098 σῷ
2907 2027 3174 2100 πνεύματι
3196 2030 3321 2093 τοὺς
3348 2030 3678 2101 ὀνειδισμοὺς
3722 2032 4008 2105 ὑπέμεινα,

2435 2120 2529 2172 καὶ
2563 2118 2622 2170 τὸ
2664 2117 2863 2189 μεστὸν
2902 2119 3163 2189 αἰσχύνης
3207 2118 3269 2172 τὸ
3306 2120 3492 2185 πάθος,
3516 2121 3791 2183 διάτοῦτό
3832 2140 4005 2195 φημι·

2496 2212 2566 2263 Σὺ
2594 2210 2880 2279 γινώσκεις
2911 2212 3002 2264 τὸν
3031 2212 3329 2281 ὀνειδισμόν
3367 2230 3467 2283 μου
3496 2215 3587 2268 καὶ
3620 2215 3717 2286 τὴν
3748 2214 4010 2288 αἰσχύνην

2436 2318 2559 2372 μου,
2598 2303 2691 2354 καὶ
2723 2302 2821 2372 τὴν
2869 2304 3134 2373 ἐντροπὴν
3167 2320 3288 2374 μου.
3328 2324 3345 2355 ι
3385 2304 3495 2375 Τὴν
3550 2305 3647 2376 μὲν
3690 2306 3828 2379 ἐμὴν
3864 2303 4010 2372 οἶδας

2434 2386 2695 2464 αἰσχύνην
2729 2392 2828 2446 οὐκ
2871 2380 3035 2448 οὖσαν
3077 2393 3300 2459 ἀναξίαν
3333 2396 3429 2467 τῆς
3468 2397 3563 2467 σῆς
3591 2396 3861 2464 γνώσεως.
3900 2400 4010 2454 Kal

2432 2487 2530 2557 τὴν
2578 2470 2843 2559 ἐντροπὴν
2893 2504 3017 2558 μου,
3073 2488 3139 2558 ἣν
3194 2487 3482 2559 ὑπέμεινα,
3518 2506 3537 2539 ι
3576 2489 3667 2542 τὸν
3705 2489 3870 2543 νῶτόν
3907 2506 4009 2561 μου

2431 2579 2555 2643 δοὺς
2590 2581 2667 2644 είς
2704 2581 2973 2651 μάστιγας
3026 2581 3119 2634 καὶ
3163 2580 3263 2654 τᾲς
3310 2583 3565 2651 σιαγόνας
3600 2600 3702 2654 μου
3736 2583 3815 2647 είς
3851 2584 4011 2655 ῥαπί-

2434 2687 2633 2739 σματα,
2671 2687 2690 2721 ι
2720 2669 3029 2739 γινώσκεις.
3059 2671 3256 2726 Οὐκέτι
3287 2671 3343 2725 δὲ
3366 2672 3565 2743 ὁμοίως
3590 2674 3714 2745 ἐμοὶ
3743 2676 3868 2738 τοὺς
3897 2673 4009 2728 θλί-

2431 2762 2624 2827 ϐοντάς
2672 2780 2738 2834 με
2779 2762 3099 2832 γινώσκειςο
3147 2764 3209 2817 οὐ
3252 2764 3361 2836 γὰρ
3400 2764 3497 2836 τῆς
3544 2765 3643 2836 σῆς
3681 2765 4009 2837 τυγχάνουσι

2428 2854 2681 2923 γνώσεως
2727 2854 2886 2922 ἄξιοι.
2938 2855 3029 2909 Διὸ
3084 2857 3211 2927 περὶ
3243 2855 3422 2911 αὐτῶν
3465 2875 3640 2928 φημι,
3675 2874 3695 2909 ι
3738 2857 4009 2913 Ἑναντίον

2432 2943 2527 2999 σοῦ
2556 2946 2757 3010 πάντες
2807 2948 2857 2999 οἱ
2883 2946 3154 3012 θλίϐοντές
3189 2965 3277 3019 με.
3305 2968 3323 3000 ι
3345 2948 3499 3002 Οὕτω
3530 2948 3587 3001 δέ
3610 2950 3746 3002 εἰσιν
3769 2948 4009 3005 ἐναντίον

2431 3038 2546 3102 σοῦ,
2578 3040 2655 3104 ὼς
2681 3038 2748 3093 τὰ
2787 3039 3003 3093 ἐναντία
3036 3042 3119 3093 σοὶ
3142 3032 3515 3114 προῃρημένοι
3535 3059 3549 3072 ο
3587 3040 3827 3110 θλίϐουσι
3857 3042 3915 3097 δέ
3941 3061 4008 3115 με

2434 3132 2598 3204 μηδὲν
2626 3132 2989 3204 ὠφελούμενοι
3021 3134 3086 3187 ἐκ
3127 3134 3229 3205 τῆς
3257 3133 3393 3204 ἐμῆς
3424 3132 3737 3205 θεραπείας,
3765 3136 3859 3190 καὶ
3900 3135 4009 3191 θλί-

2431 3225 2582 3279 ϐουσι
2607 3224 2695 3279 διὰ
2719 3224 2821 3295 τῆς
2835 3224 3015 3278 αὐτῶν
3036 3224 3326 3289 ἀπωλείας.
3343 3222 3457 3278 Εἶτ’
3482 3225 3726 3295 ἐπιλέγει
3747 3244 3760 3257 ·
3786 3246 3804 3278 ι
3841 3229 4009 3281 Ὀνει-

765 3338 785 3371 ι
821 3319 1213 3389 Improperium
1246 3318 1512 3390 confregit
1540 3335 1637 3374 cor
1664 3334 1863 3383 meum,
1890 3327 1943 3373 et
1974 3318 2221 3397 dolebam
2249 3334 2264 3382 ;
2302 3336 2320 3369 ι

2430 3316 2618 3387 δισμὸν
2664 3316 3064 3387 προσεδόκησεν
3115 3316 3149 3388 ἠ
3198 3315 3395 3388 καρδία
3450 3333 3552 3389 μου
3599 3319 3694 3372 καὶ
3730 3318 4008 3373 ταλαιπω-

757 3408 952 3479 Aquila
986 3425 1139 3474 vero,
1172 3428 1192 3463 ι
1236 3410 1650 3483 lmpmperium,
1698 3411 1899 3483 inquit,
1936 3409 2196 3467 contrivit
2232 3424 2327 3465 cor

758 3515 958 3563 meum,
987 3508 1041 3556 et
1065 3500 1383 3573 desperatus
1418 3518 1558 3559 sum.
1585 3523 1604 3556 ι

2432 3409 2551 3480 ρίαν
2570 3425 2583 3438 °
2629 3426 2648 3459 ι
2677 3408 2705 3461 ὃ
2735 3407 2799 3477 δὴ
2825 3407 3153 3481 σαφέστερον
3181 3409 3523 3481 ήρμήνευσεν
3550 3411 3579 3463 ὁ
3612 3410 3909 3483 Σύμμαχος
3925 3414 4005 3466 εἰ·

2430 3498 2578 3554 πών·
2622 3518 2641 3550 ι
2691 3499 3015 3570 Ὀνειδισμδς
3041 3499 3268 3565 κατέαξε
3298 3500 3396 3572 τὴν
3455 3500 3679 3573 καρδίαν
3728 3519 3856 3595 μου,
3910 3504 4006 3557 καὶ

754 3592 1002 3667 ἠνιώμην
1036 3613 1048 3627 ι
1106 3616 1124 3648 ι
1161 3600 1191 3650 ὁ
1250 3597 1307 3651 δὲ
1381 3587 1630 3666 Ἀκύλας,
1680 3617 1698 3650 ι
1754 3597 2104 3669 Ὀνειδισμδς,
2162 3599 2314 3671 φησι,
2346 3592 2629 3667 συνέτριψε
2657 3594 2755 3665 τὴν
2776 3592 2998 3666 καρδίαν
3034 3611 3157 3665 μου,
3182 3594 3274 3646 καὶ
3305 3593 3681 3669 άπεγνώσθην.
3727 3587 3747 3648 ὃ

830 3687 997 3747 Vsus.
1034 3690 1240 3748 22-25.
1276 3711 1295 3744 ι
1334 3692 1400 3747 Ει
1444 3694 1681 3750 sustinui
1707 3693 1799 3764 qui
1830 3694 1995 3749 simul
2030 3695 2327 3749 contrista-

751 3788 928 3848 retur,
955 3793 1008 3839 et
1031 3799 1139 3839 non
1165 3783 1364 3853 fuit;et
1382 3786 1475 3857 qui
1500 3785 1897 3849 consolaretur,
1920 3794 2092 3840 etnon
2125 3781 2325 3841 inveni.

752 3871 827 3927 Et
866 3872 1135 3929 dederunt
1158 3875 1212 3929 in
1252 3885 1433 3932 escam
1466 3890 1641 3931 meam
1671 3873 1761 3940 fel,
1795 3886 1849 3931 et
1876 3878 1931 3931 in
1962 3876 2051 3932 siti
2082 3890 2201 3931 mea
2227 3890 2327 3946 po-

751 3973 1012 4021 taverunt
1052 3983 1140 4023 me
1186 3976 1359 4025 aceto.
1400 3989 1418 4023 ι
1446 3968 1755 4026 Secundum
1806 3968 2188 4042 Symmachum
2224 3983 2322 4023 au-

754 4066 869 4112 tem
902 4077 914 4112 :
950 4077 968 4110 ‹
1002 4058 1068 4112 Et
1088 4062 1472 4131 exspectabam
1522 4064 1615 4133 qui
1661 4063 1824 4119 simul
1878 4063 2318 4126 contristaretur,

755 4157 813 4205 et
841 4165 951 4204 non
978 4148 1112 4217 fuit;
1150 4159 1204 4207 et
1235 4158 1631 4219 consolantem,
1662 4162 1716 4211 et
1745 4169 1853 4210 non
1888 4154 2093 4211 inveni.
2128 4153 2193 4207 Et
2237 4153 2321 4205 in-

751 4239 1015 4311 jiciebant
1045 4242 1101 4295 in
1124 4241 1305 4297 cibum
1332 4257 1509 4298 meum
1542 4243 1634 4308 fel,
1666 4252 1721 4300 et
1746 4245 1800 4300 in
1832 4246 1920 4301 siti
1950 4259 2069 4299 mea
2100 4252 2322 4315 potave-

751 4337 885 4385 runt
916 4346 1001 4387 me
1031 4340 1204 4388 aceto.
1244 4353 1263 4386 ι
1295 4332 1604 4406 Discipulos
1622 4335 1741 4405 ejus
1759 4345 2001 4407 tempore
2023 4338 2319 4408 passionis,

750 4424 877 4493 ipso
898 4423 1178 4490 derelicto,
1204 4425 1480 4499 effugisse,
1504 4443 1679 4498 neque
1702 4438 1886 4483 tamen
1909 4430 2097 4485 dolore
2120 4444 2323 4486 vacuos

753 4514 946 4584 fuisse,
971 4514 1127 4575 docet
1155 4521 1525 4594 Evangelium.
1556 4522 1693 4577 Cum
1712 4522 1858 4577 enim
1890 4522 2082 4579 Petrus
2108 4523 2323 4580 ﬂevisse

2448 3700 2456 3706 '
2508 3709 2526 3740 ι
2571 3690 2680 3743 Kal.
2712 3689 2977 3759 ὑπέμεινα
3015 3686 3471 3759 συλλυπούμενον,
3499 3688 3593 3743 καὶ
3617 3690 3713 3760 οὐχ
3739 3689 3999 3762 ὑπῆρξεν,

2435 3783 2529 3836 καὶ
2572 3779 3009 3853 παρακαλοῦντα,
3038 3780 3132 3859 καὶ
3180 3780 3279 3850 οὐχ
3327 3771 3503 3851 εὗρον.
3534 3781 3646 3835 Kal
3685 3781 3891 3837 ἔδωκαν
3922 3784 4003 3847 είς

2430 3877 2490 3929 τὸ
2518 3876 2711 3947 βρῶμά
2738 3892 2837 3946 μου
2864 3859 3044 3945 χολὴν,
3080 3875 3173 3927 καὶ
3195 3876 3273 3939 είς
3302 3876 3400 3947 τὴν
3425 3876 3581 3951 δίψαν
3614 3894 3715 3948 μου
3746 3879 4003 3933 ἐπότισάν

2430 3983 2498 4038 με
2531 3966 2670 4030 ὅξος.
2716 3984 2734 4016 ι
2784 3964 2941 4018 Κατὰ
2972 3964 3027 4016 δὲ
3058 3965 3149 4017 τὸν
3180 3963 3471 4035 Σύμμαχον
3493 3980 3506 3994 ⁸
3547 3984 3566 4015 ι
3596 3966 3707 4020 Kal
3743 3967 4001 4039 ἀνέμενον

2429 4056 2884 4126 συλλυπούμενον,
2916 4056 3009 4108 καὶ¹
3036 4047 3396 4127 οὐχ’ύπῆρξε,
3434 4057 3528 4111 καὶ
3560 4060 3998 4131 παρηγοροῦντα,

2428 4147 2521 4200 καὶ¹
2564 4146 2660 4215 οὐχ
2708 4145 2957 4218 εὕρισκον
2985 4163 2997 4176 ·
3028 4148 3138 4201 Καὶ
3186 4147 3468 4201 ἐνέὅαλλον
3524 4151 3605 4213 εἰς
3656 4149 3753 4222 τὴν
3793 4154 3999 4224 τροφήν

2431 4255 2533 4308 μου
2585 4238 2766 4308 χολὴν,
2807 4240 2899 4292 καὶ
2931 4241 2988 4291 ἐν
3015 4241 3081 4311 τῇ
3116 4239 3256 4311 δίψει
3297 4258 3398 4312 μου
3430 4241 3687 4297 ἐπότισάν
3713 4261 3779 4315 με
3803 4244 3946 4309 ὅξος.
3972 4263 3993 4296 ι

2432 4332 2552 4384 ’ὐτι
2583 4332 2680 4402 μὲν
2695 4333 2743 4384 οί
2763 4332 3002 4404 μαθηταὶ
3028 4332 3213 4398 αὑτοῦ,
3241 4334 3627 4407 καταλιπόντες
3655 4336 3837 4401 αὑτὸν,
3870 4338 3999 4406 ἐφυ-

2428 4442 2523 4494 γον
2556 4425 2695 4480 κατὰ
2732 4426 2824 4482 τὸν
2853 4426 2946 4481 τοῦ
2991 4428 3195 4492 πάθους
3226 4430 3434 4501 καιρὸν,
3463 4430 3611 4502 ὅμως
3641 4430 3686 4484 δ’
3714 4431 3871 4496 ἐκτὸς
3906 4431 3997 4485 λύ-

2428 4533 2536 4587 πης
2566 4518 2665 4571 ούκ
2693 4513 2854 4589 ἦσαν,
2876 4519 3117 4573 διδάσκει
3141 4520 3201 4573 τὸ
3226 4521 3571 4589 Εὑαγγέλιον.
3599 4522 3725 4576 Ὅτε
3752 4521 3860 4595 γὰρ
3892 4524 3997 4577 Πέ-

752 4623 941 4665 amare
993 4611 1299 4681 scribatur;
1337 4630 1401 4669 ac
1448 4615 1645 4685 reliqui
1687 4616 2003 4686 congregati
2058 4616 2114 4670 in
2159 4616 2319 4672 domo

2420 4624 2546 4679 τρος
2586 4608 2999 4681 ἀναγέγραπται
3042 4608 3525 4682 ἀποκλαυσάμενος
3578 4611 3815 4682 πικρῶςξ
3838 4611 3893 4664 οῖ
3933 4630 3993 4665 τε

748 4714 863 4755 una
903 4699 1130 4757 latuisse
1169 4713 1397 4776 propter
1430 4716 1632 4761 metum
1666 4707 1982 4762 Iudaeorum
2037 4706 2319 4775 ferantur;

753 4803 1096 4861 nequaquam
1118 4794 1480 4852 dolorevaeui
1503 4809 1679 4854 erant.
1714 4798 1840 4855 Haec
1864 4800 2031 4871 igitur
2060 4799 2128 4855 de
2152 4801 2323 4855 choro

752 4880 1126 4951 apostolorum
1154 4884 1299 4938 dicta
1336 4885 1503 4943 fuisse
1530 4897 1724 4959 putare
1754 4899 2181 4947 consentaneum
2212 4907 2320 4946 non

752 4979 868 5041 est;
902 4972 994 5029 sed
1036 4974 1104 5030 de
1140 4977 1516 5034 cruciantibus
1555 4980 1708 5035 illum
1738 4983 1803 5037 de
1825 4984 2027 5054 quibus
2060 4983 2267 5039 dictum
2304 5002 2318 5040 :

757 5079 778 5112 ι
815 5060 1017 5116 Contra
1070 5070 1123 5119 te
1172 5072 1301 5125 sunt
1334 5082 1523 5124 omnes
1565 5070 1657 5139 qui
1710 5072 1973 5127 tribulant
2016 5089 2121 5129 me.
2155 5092 2174 5127 ι
2211 5072 2322 5142 Ego

751 5152 952 5223 quippe
978 5156 1159 5212 omnia
1203 5173 1302 5229 pro
1330 5160 1547 5215 illorum
1578 5163 1755 5220 salute
1784 5166 2032 5235 agebam,
2066 5169 2321 5237 operiens

754 5241 813 5295 in
842 5243 1051 5313 jejunio
1082 5248 1317 5304 animam
1353 5267 1550 5318 meam,
1588 5270 1751 5311 sacco
1804 5265 1963 5312 utens
2016 5256 2320 5312 indumenti

752 5332 875 5389 loco
906 5355 921 5402 ;
962 5337 1039 5391 illi
1060 5353 1189 5395 vero
1220 5342 1288 5397 iis
1307 5346 1581 5400 contraria
1606 5349 2012 5419 perpetrabant,
2042 5348 2204 5403 modo
2226 5362 2324 5402 ex-

746 5429 1076 5497 probrantes
1125 5435 1579 5509 traducentesque
1618 5440 1829 5511 jejunia
1879 5456 2021 5506 mea,
2077 5456 2204 5495 mox
2265 5438 2320 5492 in

743 5524 1240 5592 cempotationibus
1268 5530 1382 5586 suis
1412 5538 1602 5586 contra
1635 5549 1719 5589 me
1755 5533 2072 5605 psallentes,
2108 5548 2171 5587 ac
2202 5546 2322 5588 om-

754 5614 843 5666 nia
888 5615 1068 5689 poliqs
1100 5629 1341 5689 agentes,
1377 5638 1540 5691 quam
1572 5631 1631 5677 ut
1664 5640 1879 5680 mecum
1918 5624 2321 5679 contristaren-

746 5711 863 5760 iur.
901 5706 1010 5778 Ego
1039 5725 1165 5765 vero
1207 5727 1305 5782 pro
1354 5716 1461 5771 illis
1492 5716 1681 5773 dolore
1717 5717 2033 5783 alliciebar;
2065 5716 2142 5771 illi
2189 5728 2321 5770 vero

753 5807 863 5847 non
892 5812 998 5851 una
1031 5814 1243 5856 mecum
1273 5801 1527 5859 dolebant
1550 5814 1605 5862 et
1629 5806 1969 5876 angebantur
2000 5825 2013 5861 :
2041 5820 2142 5861 nec
2170 5802 2322 5875 QUiS‘

751 5885 899 5956 piam
936 5888 1074 5945 inter
1100 5890 1220 5975 illos
1250 5890 1352 5949 fuit
1383 5896 1474 5968 qui
1504 5911 1591 5954 me
1623 5895 2020 5954 consolaretur.
2053 5892 2323 5984 Sednihil

2422 4699 2598 4754 λοιποὶ
2627 4701 2953 4771 συνηγμένοι
2982 4700 3076 4754 καὶ
3111 4702 3201 4771 ὑφ’
3238 4702 3333 4754 ἕνα
3388 4702 3822 4773 κρυπταζόμενοι
3850 4698 3995 4756 οἶκον

2422 4774 2619 4845 διὰττδν
2643 4791 2804 4861 φόϐον
2827 4791 2934 4844 τῶν
2972 4791 3255 4858 Ἰουδαίων,
3273 4794 3375 4847 ούκ
3398 4794 3501 4861 ἔξω
3533 4794 3707 4865 λύπης
3727 4790 3991 4865 ὑπῆρχον.

2423 4884 2537 4937 Οὐκ
2565 4884 2630 4948 ἂν
2651 4880 2743 4939 οὖν
2765 4885 3025 4956 ἁρμόσειε
3057 4885 3230 4940 ταῦτα
3262 4888 3388 4959 περὶ
3413 4887 3505 4941 τοῦ
3528 4886 3701 4959 ,χοροῦ
3727 4887 3834 4941 τῶν
3858 4890 3994 4942 ἁπο-

2424 4976 2624 5030 στόλων
2672 4976 2943 5046 λέγεσθαι,
2980 4975 3113 5031 ἀλλὰ
3160 4980 3288 5050 περὶ
3330 4979 3438 5033 τῶν
3492 4978 3777 5037 θλιϐόντων
3810 4980 3992 5043 αὐτὸν,

2422 5068 2549 5140 περὶ
2576 5061 2651 5123 ὧν
2697 5068 2908 5137 ἔλεγεν*
2948 5086 2967 5119 ι
2991 5069 3256 5125 Ἐναντίον
3295 5071 3388 5126 σοῦ
3424 5071 3621 5135 πάντες
3640 5073 3688 5126 oi
3723 5071 3993 5134 θλίϐοντές

2425 5178 2511 5231 με.
2543 5181 2561 5214 ι
2606 5155 2745 5231 Ἐγὼ
2783 5161 2883 5233 μὲν
2914 5160 3022 5234 γὰρ
3072 5164 3250 5218 πάντα
3296 5166 3433 5236 ὑπὲρ
3459 5165 3558 5235 τῆς
3596 5165 3777 5221 αὐτῶν
3820 5182 3993 5235 σωτη-

2425 5252 2543 5322 ρίας
2579 5252 2811 5318 ἐποίουν,
2869 5254 3156 5311 καλύπτων
3180 5259 3238 5311 ἐν
3268 5256 3490 5327 νηστείᾳ
3521 5258 3620 5329 τὴν
3652 5258 3830 5331 ψυχήν
3866 5274 3990 5329 μου,

2424 5342 2612 5413 σάκκῳ
2642 5361 2701 5397 τε
2740 5343 2994 5415 ἐνδύματι
3026 5344 3304 5416 χρώμενος
3322 5362 3335 5375 ·
3362 5346 3411 5398 οἱ
3442 5345 3497 5399 δὲ
3526 5346 3595 5401 τὰ
3625 5348 3839 5403 ἐναντία
3866 5345 3993 5401 τού-
4076 5348 4079 5349 ⁷

2420 5453 2531 5499 τοις
2553 5436 2838 5509 ἔπραττον,
2872 5437 2994 5490 τοτέ
3024 5438 3124 5508 μὲν
3163 5436 3506 5504 ὀνειδίζοντες
3533 5441 3626 5494 καὶ
3647 5436 3989 5511 διασύροντες

2419 5526 2518 5590 τὰς
2561 5527 2699 5598 ἐμὰς
2722 5526 2989 5599 νηστείας,
3017 5528 3136 5583 τοτὲ
3160 5528 3216 5581 δὲ
3248 5528 3305 5580 ἐν
3334 5531 3453 5593 ταῖς
3475 5531 3779 5604 παροινίαις
3810 5527 3988 5583 αὐτῶν

2421 5618 2538 5669 κατ’
2576 5617 2708 5688 ἐμοῦ
2740 5617 3051 5689 ψάλλοντες,
3075 5618 3170 5673 καὶ
3196 5617 3371 5673 πάντα
3402 5621 3599 5690 μᾶλλον
3627 5622 3659 5693 ἢ
3693 5618 3990 5675 συλλυπού-

2424 5729 2590 5782 μενοι.
2624 5712 2795 5781 Κάγὼ
2832 5714 2929 5783 μὲν
2966 5714 3106 5785 ὑπὲρ
3138 5711 3315 5765 αὐτῶν
3353 5714 3531 5785 ἀλγῶν
3564 5714 3909 5786 ἐλυπούμην
3937 5713 3985 5767 οἱ

2418 5804 2474 5857 δὲ
2506 5804 2567 5858 οὐ
2598 5805 2891 5877 συνήλγουν
2924 5822 3032 5877 μοι,
3056 5804 3174 5857 οὐδὲ
3204 5804 3540 5876 συνέπασχον
3557 5824 3571 5838 ·
3597 5806 3710 5860 ἀλλ’
3736 5805 3857 5860 ούδέ
3879 5820 3984 5859 πα·-

2420 5896 2687 5968 ράκλητός
2722 5914 2805 5961 τις
2849 5897 3027 5953 αὐτῶν
3070 5897 3149 5962 είς
3182 5896 3319 5969 ἐμὴν
3363 5897 3711 5971 παραμυθίαν
3740 5897 3981 5971 εὕρηται.
