4300 6460
290 543 395 594 7ιεῖ

1407 523 1904 603 ροιιιιειιτλιιιιι
1932 528 2009 589 ιιι
2047 527 2382 588 ιδειιιιιοε.

3395 536 3507 595 750

289 654 369 707 Πά
386 667 468 706 ιτα
489 650 545 706 δὲ
570 650 638 705 τά
657 652 782 706 κατ’
810 649 942 722 ἐμοῦ
975 644 1365 722 ἐγχειροῦντες,
1395 651 1475 714 εἰς
1507 650 1606 722 μὲν
1630 651 1690 704 τδ
1713 650 1853 724 βρῶ-
1881 654 1924 712 A
1954 664 1982 703 c

1809 650 1853 703 3-
1881 654 1924 712 Α
1954 657 2144 704 contra
2169 663 2255 704 me
2284 662 2392 702 non
2417 644 2809 718 aggredlentes,
2832 651 2892 704 in
2917 665 3096 707 escam
3126 667 3297 707 meam
3327 655 3394 708 fel
3423 657 3507 710 ln-

288 745 364 816 μά
417 761 516 815 μου
573 742 731 814 χολὴν
772 742 1011 805 ἔόαλλον,
1061 743 1235 796 καίτοι
1282 743 1487 815 τροφὰς
1510 746 1692 810 αὐτοῖς
1721 744 1855 817 ἐμοῦ

293 833 544 898 πλουσίας
577 834 977 905 παρεχομένου⁹
1011 833 1233 902 διψῶντι
1257 834 1316 887 δέ
1339 853 1427 905 μοι
1457 835 1575 901 δξος
1609 836 1729 890 ἀντὶ
1756 854 1854 892 πο-

293 927 378 983 τοῦ
439 927 796 1000 προσέφερον.
842 927 1108 998 Τοιαύτην.
1163 926 1220 980 δέ
1283 941 1370 998 μοι
1419 927 1647 1000 ἐκίρνων
1694 929 1853 1002 χολὴν

285 1022 470 1078 ὁποίαν
515 1019 701 1090 ἐδήλου
754 1021 782 1071 ὁ
828 1019 1161 1090 προφητικὸς
1213 1020 1366 1089 λόγος
1417 1021 1615 1097 είπών·
1660 1042 1679 1074 ι
1729 1024 1853 1088 Πῶς

282 1111 557 1184 ὲστράφης
584 1113 663 1174 είς
694 1111 934 1179 πικρίαν,
962 1112 995 1178 ή
1022 1108 1260 1179 ἄμπελος
1286 1112 1324 1180 ή
1360 1110 1645 1180 ἀλλοτρίας
1671 1131 1690 1164 ι
1712 1111 1855 1182 Νοή-

285 1219 398 1264 σεις
431 1202 487 1255 δὲ
520 1203 666 1266 ὅπως
701 1202 954 1273 τρέφεται
985 1203 1012 1254 ό
1042 1200 1233 1271 Σωτήρ
1259 1200 1412 1272 ἡμῶν
1448 1200 1731 1255 ἐπακούων
1758 1203 1855 1255 αὺ-

281 1291 375 1346 τοῦ
403 1292 683 1362 λέγοντος·
712 1311 731 1344 ι
778 1291 1053 1354 Ἐπείνων,
1096 1293 1188 1345 καὶ
1221 1291 1456 1345 ἐδώκατέ
1492 1309 1579 1362 μοι
1622 1279 1812 1362 φαγεῖν
1835 1308 1849 1322 ·

284 1387 500 1456 ἐδίψων,
554 1387 647 1439 καὶ
697 1367 980 1439 ἐποτίσατέ
1045 1402 1129 1456 με.
1171 1403 1188 1436 ι
1229 1387 1290 1438 Εἰ
1319 1386 1372 1438 δὲ
1402 1387 1531 1440 ἀντὶ
1572 1387 1851 1458 τροφίμων

283 1477 508 1550 καρπῶν
539 1477 647 1530 τῶν
668 1476 756 1532 διὰ
780 1477 1034 1540 εὐσεϐοῦς
1065 1476 1183 1546 βίον
1214 1477 1415 1547 πικράς
1440 1492 1524 1540 τις
1556 1478 1849 1549 προσφέροι

283 1571 398 1624 κατ’
423 1569 584 1624 αὐτοῦ
615 1570 977 1641 βλασφημίας,
1011 1572 1151 1640 τῇτε
1180 1569 1491 1642 διδασκαλίᾳ
1515 1570 1678 1624 αὑτοῦ
1712 1588 1852 1642 παρ-

281 1660 543 1731 εμπλέκοι
599 1659 732 1712 ἄθεα
789 1660 882 1712 καὶ
930 1660 1098 1729 ψευδῆ
1148 1659 1411 1730 δόγματα,
1468 1653 1622 1724 οὗτος
1669 1662 1749 1724 είς
1790 1661 1851 1713 τὸ

281 1751 474 1824 βρῶμα
507 1752 668 1805 αὐτοῦ
719 1753 875 1823 χολὴν
913 1752 1188 1822 ἐμϐάλλει,
1223 1753 1313 1806 καὶ
1340 1752 1560 1822 διψῶντι
1586 1749 1724 1806 οἶνον
1755 1755 1848 1806 ἐκ·

278 1845 504 1914 τροπίαν
539 1845 628 1897 τὸν
671 1846 733 1898 ὲκ
768 1845 868 1914 τῆς
914 1844 1124 1906 εὐθείας
1169 1845 1289 1899 ὁδοῦ
1329 1846 1877 1916 παρατετραμμένον“

277 1936 510 1988 δίδωσιν.
536 1935 766 1989 Τοιαῦτα
787 1936 842 1988 δὲ
865 1935 1117 1998 ἐθέσπιζε
1149 1955 1214 1989 πε
1225 1938 1276 2010 pi.
1303 1937 1395 1990 τοῦ
1430 1937 1692 1990 Ἰουδαίων
1718 1937 1846 1992 λαοῦ

1954 739 2223 808 iecerunt,
2245 738 2459 793 etiamsi
2480 753 2577 807 ego
2599 739 2773 800 lautos
2797 740 2901 796 illis
2921 743 3072 798 cibos
3100 750 3507 813 apposuissem:
3591 814 3595 819 _

1955 832 2160 888 sitienti
2191 847 2320 887 vero
2353 831 2482 885 mihi
2519 841 2728 887 acetum
2766 847 2861 901 pro
2890 843 3020 902 potu
3050 835 3367 894 offerebant.
3399 838 3512 894 Hu-

1949 925 2189 995 jusmodi
2206 940 2335 980 vero
2364 925 2496 978 mihi
2516 924 2586 979 fel
2604 925 2921 989 miscebant,
2949 930 3106 996 quale
3127 929 3368 984 declarat
3391 947 3514 1001 pro-

1952 1007 2203 1088 pheticus
2229 1032 2409 1072 sermo
2441 1019 2629 1074 dicens
2656 1038 2669 1073 :
2708 1039 2726 1070 ι
2760 1019 3048 1086 Quomodo
3075 1036 3336 1077 conversa
3369 1039 3428 1078 es
3454 1026 3511 1080 in

1955 1109 2392 1173 amaritudinem,
2425 1110 2551 1164 vitis
2599 1112 2775 1164 aliena
2808 1111 2874 1142 ³⁸·
2900 1112 2921 1163 ?
2951 1131 2968 1162 ι
3023 1113 3302 1177 Quomodo
3326 1125 3510 1170 autem

1954 1199 2129 1272 alatur
2151 1198 2418 1255 Servator
2462 1210 2666 1266 noster,
2711 1202 2977 1273 intelliges
3008 1205 3053 1257 si
3092 1206 3265 1273 ipsum
3316 1206 3510 1261 audias

1953 1291 2222 1346 dicentem
2253 1310 2266 1346 :
2297 1311 2317 1343 ι
2350 1292 2584 1356 Esurivl,
2620 1303 2674 1349 et
2703 1294 2930 1349 dedistis
2969 1295 3098 1348 milii
3140 1295 3508 1363 manducare;

1953 1385 2122 1448 sitivi,
2147 1393 2200 1440 et
2225 1384 2454 1441 dedistis
2485 1386 2616 1439 mihi
2648 1385 2832 1440 bibere
2859 1386 2923 1438 ".
2956 1405 2981 1438 ι
3003 1386 3155 1452 Quod
3188 1388 3231 1442 si
3262 1402 3359 1457 pro
3390 1386 3514 1441 fru--

1951 1481 2132 1536 ctibns
2183 1479 2250 1536 ad
2310 1481 2560 1534 alendum
2609 1481 2964 1550 opportunis,
3022 1496 3117 1550 per
3163 1482 3304 1551 piam
3344 1481 3510 1536 vitam

1951 1572 2225 1641 praebitis,
2267 1574 2490 1628 acerbas
2530 1580 2723 1627 contra
2765 1574 2939 1643 ipsum
2982 1573 3347 1641 blasphemias
3387 1572 3511 1642 quis

1951 1662 2209 1731 proferat,
2239 1671 2296 1718 et
2334 1664 2595 1717 doctrinae
2641 1664 2760 1732 ejus
2800 1664 2953 1718 athea
2985 1673 3036 1718 et
3089 1664 3223 1718 falsa
3259 1663 3512 1733 dogmata

1951 1754 2270 1818 admisceat,
2321 1755 2366 1808 is
2400 1755 2463 1807 ad
2500 1769 2679 1809 escam
2724 1755 2842 1823 ejus
2885 1755 2951 1808 fel
2994 1756 3188 1822 injicit,
3218 1762 3273 1809 et
3307 1758 3512 1811 sitienti

1949 1848 2157 1905 vinum.
2187 1861 2412 1915 vappam
2446 1861 2476 1899 ιι
2506 1854 2652 1900 recta
2677 1847 2758 1898 via
2783 1845 3153 1900 deﬂectentem
3177 1847 3352 1902 olfert.
3375 1847 3511 1903 Hac

1951 1946 2130 1993 autem
2164 1938 2231 1992 de
2259 1937 2480 1992 Iudaico
2515 1939 2712 2008 populo
2745 1937 2953 2008 Moyses
2976 1938 3034 1990 in
3065 1952 3260 2007 magno
3282 1940 3509 1994 cantico

276 2027 512 2096 Μωῦσῆς
547 2030 603 2080 ὲν
633 2029 841 2102 μεγάλῃ
879 2027 986 2098 ᾠδῇ
1027 2029 1381 2101 προφητικῶς
1415 2030 1712 2099 ἀναφωνῶν
1755 2032 1847 2086 καὶ
1882 2027 1922 2055 υ
1953 2046 1974 2102 ς

1817 2032 1847 2084 ιι
1882 2027 1922 2055 υ
1953 2030 2265 2102 prophetica
2303 2031 2631 2084 vaticinatus
2655 2037 2756 2096 est,
2788 2031 2900 2083 haec
2931 2029 3234 2085 vociferans
3277 2049 3289 2084 :
3328 2050 3344 2080 ι
3371 2030 3515 2108 Nam

277 2118 477 2186 λέγων·
530 2136 547 2169 ι
596 2120 688 2172 Ἐκ
721 2120 828 2192 γάρ
861 2121 1104 2192 ἀμπέλου
1137 2123 1382 2193 Σοδόμων
1412 2125 1443 2193 ή
1473 2123 1715 2194 ἄμπελος
1746 2126 1845 2177 αὐ-

275 2209 403 2271 τῶν..
440 2211 532 2262 καὶ
561 2212 592 2281 ἠ
628 2211 892 2282 κληματὶς
917 2213 1091 2267 αὐτῶν
1119 2215 1182 2267 ὲκ
1212 2215 1513 2286 Γομόρρας·
1538 2218 1569 2286 ή
1607 2214 1864 2287 σταφυλὴ.

249 2303 454 2358 ἀὐτῶν
484 2305 724 2375 σταφυλὴ
753 2305 934 2376 χολῆς,¹
961 2306 1154 2378 βότρυς
1187 2308 1412 2380 πικρίας
1438 2307 1633 2361 αὐτῶν.
1669 2327 1686 2359 ι
1723 2310 1847 2362 Ἔν-

275 2395 370 2450 θεν
416 2397 638 2460 εἰκότως
679 2402 792 2462 τοῖς
827 2399 1010 2462 αὐτοῖς
1047 2402 1138 2454 καὶ
1169 2400 1255 2454 διά
1296 2401 1512 2454 Ἡσαΐου
1559 2402 1845 2473 καταμέμ-

279 2507 436 2559 φεται
466 2491 528 2546 τὸ
557 2491 777 2561 Πνεῦμα
806 2490 960 2560 λέγον
982 2509 994 2521 '
1021 2492 1280 2562 «Ἔμεινα
1304 2493 1388 2546 ἵνα
1413 2480 1610 2564 ποιήσῂ
1640 2509 1844 2562 σταφυ-

272 2581 395 2652 λὴν,
426 2583 648 2654 ἐποίησε
679 2581 736 2634 δὲ
771 2580 1008 2644 ἀκάνθας
1032 2599 1043 2611 '
1081 2602 1098 2633 ι
1137 2581 1246 2634 Καὶ
1274 2580 1432 2634 πάλιν
1454 2582 1740 2649 ·ιἜμεινα
1760 2581 1846 2633 ἵνα

275 2674 475 2744 ποιήσῃ
505 2673 708 2745 κρίσιν,
735 2675 956 2744 ἐποίησε
987 2672 1044 2725 δὲ
1075 2672 1320 2742 ἀνομίαν,
1351 2674 1441 2726 καὶ
1469 2673 1528 2725 οὐ
1570 2671 1846 2726 δικαιοσύ-

276 2781 394 2836 νην,
446 2765 582 2818 άλλὰ
631 2767 896 2837 κραυγήν.
940 2785 959 2818 ι
1001 2767 1219 2836 Ἔργοις
1265 2765 1548 2837 τοιγαροῦν
1581 2765 1672 2818 καί
1706 2763 1881 2837 πρά-’

277 2855 413 2922 ξεσι,
442 2856 623 2928 πικρῷ
654 2875 712 2911 τε
741 2857 886 2932 λόγῳ
914 2859 1005 2911 καὶ
1035 2858 1134 2930 βίῳ
1164 2858 1366 2910 ἔδωκαν
1418 2860 1497 2922 είς
1543 2859 1604 2913 τὺ
1647 2857 1843 2930 βρῶμα

274 2949 369 3003 τοῦ
412 2950 662 3021 θυτῆρος
694 2950 873 3021 χολὴν,
912 2950 1005 3006 καὶ
1037 2952 1113 3012 εἰς
1146 2950 1244 3020 τὴν
1273 2949 1429 3019 δίψαν
1456 2949 1622 3004 αὑτοῦ
1664 2950 1844 3003 ἐπότι-

278 3061 374 3098 σαν
407 3045 566 3098 αὑτὸν
604 3044 740 3108 ὅξος.
794 3045 944 3097 Ἐπεὶ
973 3045 1029 3099 δὲ
1062 3045 1165 3096 ἔδει
1191 3046 1285 3098 καὶ
1313 3043 1452 3097 κατὰ
1471 3043 1568 3115 τ’ὴν
1604 3045 1842 3116 ἱστορίαν

275 3136 366 3190 τὸν
395 3137 492 3207 τῆς
524 3137 852 3206 προφητείας
884 3137 1097 3208 άποπλη
1109 3135 1338 3207 ρωθῆναι
1376 3135 1551 3204 λόγον,
1578 3132 1718 3190 κατὰ
1754 3136 1845 3189 τὸν

278 3229 468 3302 καιρὸν
500 3229 592 3282 τοῦ
630 3228 832 3291 πάθους
855 3229 1018 3283 αὑτοῦ
1060 3231 1262 3301 ἱστορεί
1284 3232 1312 3282 ὁ
1338 3227 1724 3298 εὐαγγελιστὴς
1754 3229 1842 3281 λέ-

1951 2137 2017 2176 ex
2045 2125 2199 2175 vinea
2250 2117 2607 2174 Sodomorum
2644 2121 2800 2174 vinea
2826 2134 3034 2182 eorum,
3073 2127 3125 2174 et
3156 2121 3359 2188 palmes
3387 2111 3508 2189 ejii's

1947 2227 2018 2267 ex
2044 2210 2368 2268 Gomorrha.
2401 2209 2750 2277 Uva-eorum,
2782 2227 2881 2264 uva
2906 2210 3064 2271 fellis,
3091 2211 3277 2265 botrus
3309 2212 3512 2264 amari-

1953 2296 2160 2353 tudinis
2187 2313 2375 2353 eorum
2406 2298 2472 2351 ’°.
2513 2318 2530 2350 ι
2570 2297 2709 2354 Hinc
2741 2297 2988 2354 similiter
3020 2298 3252 2368 Spiritus
3279 2314 3372 2356 eos
3411 2316 3511 2371 per

1951 2388 2147 2443 Isaiam
2172 2389 2350 2459 arguit
2371 2390 2557 2445 dicens
2589 2409 2602 2445 :
2635 2409 2653 2442 ι
2684 2389 3001 2465 Exspectavi
3026 2402 3083 2446 ut
3106 2393 3305 2448 faceret
3328 2407 3506 2457 uvam,

1928 2485 2075 2540 [fecit
2105 2493 2285 2539 autem
2319 2487 2504 2555 spinas
2533 2486 2608 2552 ³¹;
2644 2504 2662 2537 ι
2691 2500 2741 2542 et
2773 2503 3022 2552 rursum:
3043 2506 3064 2538 ‹
3106 2487 3422 2556 Exspectavi
3449 2497 3510 2541 ut

1951 2575 2152 2631 faceret
2177 2577 2468 2646 judicium,
2519 2577 2646 2634 fecit
2689 2588 2868 2634 autem
2914 2580 3275 2649 iniquitatem,
3309 2587 3362 2634 et
3401 2595 3511 2633 non

1946 2668 2217 2738 justitiam
2250 2669 2342 2726 sed
2379 2670 2670 2725 clamorem
2705 2671 2769 2722 ".
2815 2689 2833 2721 ι
2869 2668 3135 2740 Operibus
3175 2685 3306 2738 ergo
3333 2679 3389 2725 et
3426 2687 3512 2724 re-

1950 2761 2054 2815 bus
2084 2763 2275 2831 gestis,
2320 2762 2518 2817 acerbo
2567 2777 2821 2817 sermone
2870 2772 2923 2818 et
2975 2763 3083 2818 vita
3135 2761 3401 2817 dederunt
3454 2763 3512 2816 in

1948 2863 2130 2904 escam
2164 2847 2438 2904 Servatori
2472 2849 2562 2914 fel,
2594 2858 2646 2904 et
2673 2851 2735 2903 in
2769 2851 2860 2906 siti
2885 2850 3003 2920 ejus
3033 2861 3360 2921 potaverunt
3383 2868 3512 2908 eum

1949 2952 2121 2996 aceto.
2137 2942 2274 3007 Quia
2292 2956 2418 2996 vero
2439 2942 2733 2996 secundum
2748 2943 3030 2996 historiam
3049 2959 3262 3013 quoque
3279 2945 3513 3015 prophe-

1948 3036 2038 3089 tia:
2067 3049 2368 3090 sermonem
2386 3035 2598 3104 impleri
2620 3035 2878 3103 oportuit,
2904 3033 3017 3088 haec
3040 3035 3106 3089 de
3126 3042 3367 3103 tempore
3384 3052 3512 3106 pas-

1951 3127 2121 3182 sionis
2138 3127 2257 3195 ejus
2273 3135 2459 3181 narrat
2487 3128 2817 3198 evangelista
2834 3127 3019 3182 dicens
3038 3142 3050 3178 :
3068 3145 3089 3176 ‹
3108 3125 3300 3182 Postea
3329 3128 3510 3183 sciens

1949 3219 2108 3276 Jesus
2128 3221 2254 3290 quia
2275 3221 2456 3275 omnia
2478 3227 2857 3278 consummata
2882 3228 3010 3275 sunt
3031 3220 3163 3289 jam,
3190 3229 3245 3273 ut
3261 3234 3512 3275 consum-

276 3337 416 3390 γωψ
449 3339 468 3371 ι
507 3320 661 3375 Μετὰ
689 3320 842 3374 τοῦτο
871 3321 1022 3385 εἰδὼς
1049 3323 1078 3374 ό
1123 3319 1346 3392 Ἰησοῦς,
1381 3320 1461 3373 ὅτι
1495 3319 1669 3372 πάντα
1699 3319 1846 3379 τετέρ
1871 3361 1914 3418 C
1950 3331 1974 3369 Il

1814 3349 1846 3368 ,—
1871 3361 1914 3418 C
1950 3322 2191 3370 maretur
2222 3312 2526 3385 Scriptura,
2559 3313 2693 3377 dixit
2730 3332 2742 3367 :
2779 3311 2934 3367 Sitio.
2977 3311 3084 3369 Vas
3122 3323 3238 3368 erat
3275 3314 3512 3384 positum

276 3413 604 3486 λεσταιήδης,
642 3415 727 3468 ἵνα
753 3415 1010 3486 πληρωθῇ
1045 3417 1077 3485 ή
1114 3416 1324 3488 Γραφὴ,
1353 3413 1518 3483 λέγει·
1549 3413 1716 3482 Διψῶ.
1742 3414 1846 3465 Λε-

278 3505 414 3577 κάνη
448 3507 623 3559 ἔκειτο
654 3506 804 3572 ὄξους
839 3508 1028 3576 μεστή.
1065 3507 1310 3573 Σπόγγον
1340 3502 1432 3560 οὖν
1460 3504 1657 3575 μεστὸν
1690 3505 1847 3574 ποιή-

279 3616 469 3661 σαντες
507 3599 660 3664 ὖξους
711 3598 848 3668 μετὰ
889 3598 1048 3668 χολῆς
1097 3597 1190 3650 καὶ
1247 3595 1484 3666 ὑσσώπῳ
1535 3594 1846 3666 περιθέντες

277 3692 654 3763 προσήνεγκαν
702 3688 865 3743 αὑτοῦ
912 3688 986 3759 τῷ
1030 3687 1288 3758 στόματι.
1320 3687 1446 3739 Ὅτε
1474 3682 1566 3739 οὖν
1606 3685 1791 3738 ἔλαϐεν
1817 3689 1848 3739 ὁ

289 3757 494 3853 Ἰησοῦς
529 3757 600 3836 τὸ
648 3782 766 3846 ὅξος
808 3757 1066 3852 μετὰήτῆς
1110 3757 1290 3851 χολῆς,
1333 3775 1485 3832 εἶπε·
1522 3777 1842 3831 Τετέλεσται

276 3877 370 3928 καὶ¹
411 3875 550 3945 αὓτη
579 3877 612 3946 ἡ
646 3875 854 3946 Γραφή.
888 3875 994 3926 Καὶ
1031 3874 1217 3936 κλίνας
1246 3872 1341 3944 τὴν
1377 3868 1637 3942 κεφαλὴν,
1669 3869 1845 3940 ἀφῆκε

276 3965 336 4020 τὸ
369 3963 604 4035 πνεῦμα.
644 3982 661 4013 ι
698 3963 806 4016 Καὶ
839 3963 1022 4034 ἐπειδὴ
1056 3963 1239 4028 κλίνας
1280 3962 1375 4034 τὴν
1415 3961 1652 4033 κεφαλὴν
1679 3960 1847 4032 παρέ-

276 4057 416 4111 δωκε
436 4057 494 4110 τὸ
519 4055 732 4125 πνεῦμα
767 4055 904 4127 μετὰ
932 4056 1031 4126 τὴν
1062 4054 1451 4128 συμπλήρωσιν
1480 4054 1578 4125 τῆς
1603 4052 1844 4125 Γραφῆς,

277 4151 500 4213 εἰκότως
545 4150 638 4202 καὶ
679 4149 735 4200 ὲν
779 4146 854 4218 τῷ
904 4146 1100 4218 ψαλμῷ
1129 4147 1292 4218 μέχρι
1339 4146 1526 4201 τούτου
1557 4145 1625 4199 τὰ
1655 4143 1846 4198 ἑαυτοῦ

277 4241 608 4313 περιγράφει
648 4225 814 4313 πάθη.
853 4238 962 4294 Εἶτ’
1000 4239 1246 4296 ἐντεῦθεν
1279 4241 1436 4294 ὁποία
1469 4238 1848 4310 μετελεύσεται

276 4335 473 4399 αὐτοὺς
508 4334 769 4401 θεσπίζει·
809 4353 827 4386 ι
867 4334 1206 4406 Γενηθήτωή
1237 4333 1483 4403 τράπεζα
1515 4333 1694 4387 αὐτῶν
1717 4334 1849 4387 ἑνώ-

279 4446 401 4485 πιον
443 4429 621 4484 αὐτῶν
653 4431 731 4491 είς
764 4428 985 4496 παγίδα,
1031 4426 1122 4479 καὶ
1160 4427 1240 4488 είς
1265 4426 1616 4479 ἀνταπόδοσιν
1655 4428 1748 4481 καὶ
1774 4430 1850 4491 είς

280 4519 591 4575 σκάνδαλον.
630 4538 650 4571 ι
699 4520 906 4588 Ὥσπερ
932 4517 1073 4571 κατά
1109 4533 1227 4569 τινα
1282 4517 1590 4586 συνήθειαν,
1626 4517 1692 4571 τὰ
1726 4518 1852 4588 μέλ-

277 4613 435 4668 λοντα
463 4611 536 4675 ὡς
565 4611 928 4682 παρῳχηκότα
963 4607 1332 4680 προφέρεσθαι
1365 4607 1552 4661 εἴωθεν
1583 4609 1847 4680 ήΓραφή’

1948 3415 2100 3462 aceto
2127 3407 2364 3478 plenum.
2398 3406 2479 3461 Illi
2544 3413 2722 3460 autem
2773 3407 3054 3476 spongiam
3101 3407 3313 3475 plenam
3359 3414 3513 3461 aceto

1946 3515 2070 3555 cum
2123 3500 2246 3555 felle
2294 3508 2348 3556 et
2383 3500 2619 3572 liyssopo
2668 3498 3144 3567 circuinponentes
3200 3499 3512 3553 obtulerunt

1947 3593 2029 3646 ori
2079 3593 2219 3662 ejus.
2267 3591 2410 3647 Cum
2444 3606 2573 3662 ergo
2616 3591 2912 3659 accepisset
2963 3596 3173 3642 acetum
3207 3604 3330 3642 cum
3359 3588 3508 3654 felle,

1947 3681 2116 3737 dixit:
2146 3681 2533 3736 Consummata
2561 3689 2644 3736 est
2672 3689 2726 3735 et
2752 3681 2865 3734 haec
2896 3678 3196 3748 Scriptura.
3224 3677 3318 3754 Et,
3353 3679 3513 3732 incli-

1946 3781 2078 3826 nato
2101 3774 2297 3842 capite,
2343 3772 2566 3826 tradidit
2621 3771 2870 3842 spiritum
2907 3770 2971 3822 ³³.
3015 3789 3033 3820 i
3068 3768 3336 3834 Quoniam
3380 3783 3512 3824 vero

1948 3865 2208 3919 inclinato
2238 3863 2416 3934 capite
2449 3863 2670 3917 tradidit
2700 3863 2947 3934 spiritum
2993 3868 3115 3931 post
3165 3874 3514 3915 consumma-

1949 3955 2150 4009 tionem
2206 3953 2522 4020 Scripturae,
2576 3955 2702 4024 jure
2748 3956 2802 4009 in
2859 3955 3068 4023 psalmo
3104 3952 3168 4007 ad
3201 3953 3303 4007 hoc
3333 3969 3512 4024 usque

1947 4058 2162 4118 tempus
2194 4047 2469 4102 cruciatus
2499 4047 2906 4102 circumscribit
2951 4061 3101 4102 suos.
3145 4044 3352 4101 Deinde
3385 4061 3514 4100 vero

1948 4157 2068 4213 qua:
2104 4141 2237 4210 ipsis
2283 4141 2424 4195 mala
2463 4146 2724 4195 eventura
2775 4142 2884 4196 sint
2934 4141 3302 4195 vaticinatur:
3344 4158 3363 4191 ι
3397 4139 3514 4193 Fiat

1949 4247 2135 4286 mensa
2163 4246 2352 4287 eorum
2389 4245 2573 4286 coram
2606 4230 2817 4302 ipsisin
2853 4233 3126 4301 laqueum,
3171 4240 3224 4286 et
3256 4232 3309 4285 in
3352 4231 3514 4284 retri-

1949 4324 2225 4378 butionem
2240 4330 2301 4377 et
2322 4322 2375 4377 in
2395 4322 2734 4378 scandalum.
2775 4342 2793 4375 ι
2824 4322 2990 4389 Quasi
3020 4341 3081 4378 ex
3115 4323 3513 4378 consuetudine

1934 4417 2088 4470 solet
2134 4413 2413 4483 Scriptura
2463 4414 2645 4468 futura
2678 4416 2835 4485 quasi
2879 4416 3151 4485 praeterita
3186 4415 3508 4482 vaticinari;

1950 4524 2118 4580 quare
2146 4509 2367 4579 jamjam
2391 4507 2604 4562 dicebat
2635 4525 2651 4563 :
2680 4525 2700 4558 ι
2732 4506 3004 4562 Dederunt
3030 4507 3084 4559 in
3117 4521 3300 4560 escam
3335 4521 3512 4559 meam

1954 4602 2045 4666 fel,
2089 4622 2107 4654 ι
2150 4617 2214 4656 ac
2243 4603 2289 4657 si
2315 4601 2538 4664 diceret,
2571 4598 2807 4661 dabuuu;
2841 4616 2863 4647 ι
2903 4606 2956 4651 et
2985 4597 3039 4650 in
3080 4599 3172 4650 siti
3199 4613 3317 4651 mea
3357 4605 3513 4667 pota-

278 4705 480 4779 άρτίως
509 4704 638 4772 γοῦν
679 4703 829 4770 ἔλεγε
857 4702 936 4765 τὺ,
977 4720 996 4752 ι
1028 4701 1270 4754 Ἔδωκαν
1295 4701 1374 4762 είς
1407 4699 1466 4751 τὸ
1510 4699 1705 4771 βρῶμά
1740 4718 1838 4770 μου
1873 4713 1916 4768 υ
1942 4719 1972 4757 v

1819 4719 1838 4751 δ
1873 4706 2136 4768 Dverunt
2198 4712 2283 4751 me
2331 4705 2512 4760 aceto,
2541 4711 2564 4744 ι
2607 4691 2661 4746 id
2714 4697 2799 4746 est
2842 4689 3113 4754 potabant.
3177 4689 3314 4744 Alibi
3378 4707 3517 4761 quo-

279 4797 462 4869 χολὴν,
506 4815 526 4848 ι
571 4793 689 4847 άντὶ
727 4793 841 4857 τοῦ,
896 4790 1180 4854 δώσουσι,
1214 4809 1232 4840 ι
1272 4790 1364 4842 καὶ
1411 4791 1489 4851 εὶς
1550 4791 1647 4859 τήν
1693 4789 1848 4858 δίψαν

283 4907 384 4961 μου
447 4885 704 4940 ὲπότισάν
763 4901 829 4954 με
887 4883 1036 4950 δξοςσ
1079 4903 1098 4936 ›
1136 4883 1254 4936 ἀντὶ
1303 4879 1427 4943 τοῦ,
1499 4880 1845 4933 ποτίσοινσι.

278 4981 389 5036 Καὶ
434 4979 663 5052 άλλαχοῦ
695 4978 750 5031 δὲ
778 4978 976 5049 ὁμοίως
1023 4975 1270 5048 εἴρηταισ
1307 4991 1326 5025 ι
1366 4972 1754 5043 Διεμερίσαντο
1783 4972 1850 5024 τά

283 5073 470 5143 ἱμάτιά
504 5089 606 5144 μου
639 5074 867 5135 ἑαυτοῖς,
894 5071 985 5124 καὶ
1023 5071 1116 5124 ἐπὶ
1141 5069 1231 5128 τὸν
1267 5065 1556 5138 ἱματισμόν
1588 5081 1686 5136 μου
1720 5063 1844 5116 ἔϐα-

279 5162 370 5218 λον
411 5164 631 5236 κλῆρον·
674 5183 693 5214 ι
729 5162 822 5217 καὶ
854 5162 1042 5216 πάλιν·
1086 5180 1103 5212 ι
1139 5158 1492 5232 Παρεστησαν
1523 5155 1570 5206 οἱ
1607 5153 1848 5225 βασιλεῖς

279 5254 380 5324 τῆς
416 5255 540 5324 γῆς,
575 5236 679 5308 ’καὶ
733 5257 780 5308 οί
813 5255 1067 5327 ἄρχοντες
1099 5250 1441 5323 συνήχθησαν
1471 5245 1564 5329 an
1608 5245 1668 5298 τὸ
1693 5247 1843 5311 αὐτὸ,

284 5342 424 5399 κατὰ
481 5345 573 5397 τοῦ
623 5346 826 5417 Κυρίου
874 5343 1139 5400 καὶκατὰ
1181 5341 1274 5396 τοῦ
1323 5336 1554 5410 Χριστοῦ
1602 5336 1787 5391 αὑτοῦ.
1825 5357 1844 5390 ι

293 5434 525 5507 ὐμοίως
567 5435 674 5510 γάρ
714 5439 807 5489 καὶ⁵
835 5435 1002 5490 ταῦτα
1035 5434 1293 5506 μέλλοντα
1327 5427 1603 5501 γίγνεσθαι
1642 5427 1720 5492 ὡς
1749 5429 1850 5500 ήδη

285 5528 652 5602 παρῳχηκότα
685 5529 1132 5599 προανεφωνεῖτο.
1164 5524 1318 5580 Οὕτω
1374 5523 1467 5576 καὶ
1493 5521 1592 5574 ὅσα
1637 5520 1850 5590 νομίζε-

285 5641 375 5678 ται
407 5618 815 5692 προστακτικῶς
850 5619 884 5690 ἥ
928 5618 1190 5683 εὑκτικῶς
1223 5615 1493 5686 λέγεσθαι,
1526 5613 1632 5667 ,καὶ
1660 5612 1851 5691 ταῦτα

267 5693 608 5789 ,προφητικῷ
655 5711 840 5784 τρόπῳ
881 5710 1354 5784 προαγορευτικῶς
1383 5705 1697 5774 ἐξακούεται
1718 5719 1731 5734 ³
1763 5700 1853 5758 οἷά

1951 4808 2061 4864 que
2091 4789 2342 4846 similiter
2373 4787 2572 4840 dicitur
2599 4803 2611 4839 :
2649 4801 2671 4834 ι
2710 4782 3022 4836 ῡίν-ίεετιιηι
3053 4783 3155 4836 sibi
3189 4783 3519 4837 vestimenta

1957 4899 2096 4946 mea,
2123 4889 2177 4935 et
2208 4893 2370 4948 super
2402 4885 2601 4933 vestem
2637 4890 2808 4930 meam
2844 4877 3118 4930 miserunt
3146 4883 3348 4930 sortem
3374 4874 3420 4905 ⁸⁸
3448 4891 3463 4941 ;
3496 4894 3514 4925 δ

1951 4989 2022 5028 ac
2050 4986 2266 5027 rursum
2303 4987 2368 5022 ;-‹
2405 4969 2709 5024 Astiterunt
2747 4984 2900 5039 reges
2949 4976 3128 5031 teme,
3159 4976 3212 5020 et
3241 4966 3524 5036 principes

1954 5068 2325 5120 convenerunt
2354 5060 2405 5113 in
2441 5075 2606 5116 unum
2641 5057 2901 5113 adversus
2926 5055 3212 5109 Dominum
3242 5059 3294 5107 et
3322 5052 3521 5106 adver-

1955 5171 2048 5210 sus
2076 5151 2353 5207 Christum
2381 5151 2499 5220 ejus
2530 5152 2595 5207 ⁸⁸.
2631 5171 2648 5202 ι
2689 5149 2821 5204 Nam
2852 5149 3096 5204 similiter
3128 5146 3240 5200 haec
3272 5159 3392 5214 qua;
3427 5141 3522 5198 fu-

1951 5255 2075 5318 tura
2105 5252 2281 5309 erant,
2320 5247 2476 5314 quasi
2515 5246 2627 5315 jam
2661 5245 2936 5313 praaterita
2978 5239 3515 5311 prtenuutiabttntur.

1954 5337 2078 5392 Pari
2134 5338 2341 5392 ratione
2388 5348 2724 5408 quaecunque
2769 5342 3028 5406 putantur
3070 5333 3387 5402 imperando
3425 5337 3521 5384 aut

1953 5428 2191 5502 optando
2223 5429 2352 5493 dici,
2387 5429 2702 5500 prophetico
2748 5441 2897 5481 more
2929 5423 3279 5496 pmnuntiari
3315 5428 3521 5493 putan-

1953 5522 2080 5577 dum
2107 5528 2192 5577 est
2246 5539 2260 5576 :
2305 5523 2484 5591 qualia
2521 5525 2648 5575 sunt
2705 5520 2818 5572 haec
2863 5525 2984 5588 qua:
3024 5525 3340 5571 tractamus.
3373 5509 3516 5566 Illud

1955 5615 2097 5670 enim
2132 5631 2144 5666 :
2176 5630 2194 5664 ι
2231 5611 2352 5667 Fiat
2396 5628 2582 5668 mensa
2635 5625 2847 5675 eorum,
2888 5629 2906 5660 ι
2944 5609 3233 5690 intelligas,
3265 5623 3284 5656 ι
3315 5603 3405 5660 ﬁet
3439 5623 3453 5660 :
3490 5623 3510 5657 ι

1956 5715 2004 5760 el
2038 5701 2168 5761 illud
2196 5723 2212 5760 ι
2240 5704 2643 5762 «Obscurentur
2671 5701 2816 5760 oculi
2836 5717 3046 5767 eorum,
3074 5721 3095 5754 ι
3123 5715 3222 5771 pro
3257 5715 3276 5750 ι
3313 5697 3520 5756 obscu-

359 5918 425 5950 ’⁸⁸
464 5916 747 5974 Jerem.n.
783 5911 874 5969 ει.
949 5913 992 5946 ’⁸
1029 5912 1223 5981 Matth.
1263 5928 1393 5980 xxv,
1433 5903 1523 5969 35.
1600 5909 1644 5944 ³⁸
1686 5909 1838 5970 Deut.
1879 5928 2049 5981 xxxn,

1826 5954 1838 5969 .
1879 5928 2049 5981 χχιιι,
2094 5911 2183 5968 32.
2260 5911 2300 5945 ³¹
2339 5908 2446 5966 lsa.
2491 5925 2542 5976 ν,
2581 5907 2638 5963 2.
2714 5908 2757 5941 "
2801 5905 2936 5963 ibid.
2980 5904 3037 5961 7.·
3093 5903 3154 5963 ,³⁸
3194 5895 3352 5958 Joan.
3395 5917 3519 5973 In,

289 5971 479 6048 28-50.
506 5971 519 5972 ί
559 5987 603 6019 ³⁸
640 5971 786 6043 Paul.
830 5998 945 6054 im,
987 5971 1073 6042 19.
1146 5985 1192 6018 ³⁸
1234 5971 1391 6042 Ρδειί
1422 6000 1486 6055 ιι,
1524 5981 1576 6038 2.
