4300 6414
729 531 824 586 751

1297 555 1299 558 ι
1381 523 1649 582 EUSEBII
1687 513 2157 580 CAESARIENSIS
2192 519 2338 578 OPP.
2380 519 2556 578 PARS
2594 521 2683 578 Ill.
2718 551 2787 564 -
2822 521 3228 579 EXEGETICA.

3819 530 3923 587 752

705 649 1018 714 nbuntun;
1056 663 1073 698 ι
1104 653 1156 700 et
1186 646 1462 716 sequentia
1508 647 1776 701 similiter.
1818 643 1932 698 Non
1964 645 2109 700 enim
2139 658 2268 698 cono
2295 655 2342 710 Α
2371 643 2396 694 ὲ

2225 659 2268 696 ιο
2295 655 2342 710 Α
2371 643 2484 695 ἐστι
2513 641 2579 695 τά
2612 643 2748 712 μετὰ
2770 646 2971 715 χεῖρας.
2996 644 3067 696 Τὸ
3094 645 3218 716 γὰρ,
3249 664 3266 695 ι
3308 644 3642 717 mmemor;
3678 646 3923 719 τράπεζα

722 746 1040 797 sectaneum
1072 745 1175 803 est,
1213 752 1334 791 eum
1361 737 1454 806 qui
1486 734 1644 791 nobis
1688 736 1929 805 praecipit
1981 745 2038 790 ut
2073 734 2270 789 malum

720 845 822 902 pro
857 830 998 884 malo
1016 844 1129 884 non
1158 828 1466 894 reddamus,
1501 828 1593 884 sed
1617 842 1898 896 precemur
1934 843 2038 896 pro
2071 826 2138 882 iis
2179 827 2271 896 qui

721 923 881 986 nobis
903 923 1202 976 molestiam
1228 928 1436 983 creant,
1464 929 1516 973 et
1545 927 1600 972 ut
1631 918 2034 981 benedicamus,
2058 933 2158 974 nec
2184 933 2272 972 ex-

722 1028 1018 1076 secremur,
1050 1013 1406 1080 inimicosque
1434 1011 1743 1082 diligamus,
1782 1009 2090 1078 hujusmodi
2131 1011 2270 1064 mala

721 1107 841 1161 aliis
876 1104 1183 1175 imprecari.
1208 1103 1323 1157 Non
1355 1103 1590 1173 Optativo
1622 1103 1801 1172 igitur,
1827 1117 2000 1172 neque
2039 1103 2272 1173 impera-

723 1199 831 1252 tivo
863 1196 1042 1260 modo,
1068 1196 1162 1251 sed
1213 1196 1509 1251 secundum
1563 1195 1812 1248 traditam
1847 1195 2108 1249 rationem
2157 1196 2270 1248 haec

641 1347 645 1352 ,
722 1289 1034 1359 prophetice
1057 1288 1398 1356 pronuntiata
1431 1295 1575 1340 sunt.
1601 1285 1706 1339 Pro
1728 1286 1794 1340 iis
1814 1285 1956 1338 enim
1990 1299 2110 1354 qua:
2136 1299 2268 1338 con-

721 1388 805 1434 tra
857 1397 942 1435 me
995 1379 1112 1434 ausi
1154 1387 1552 1449 perpetrarunt,
1587 1379 1700 1432 haec
1755 1379 1901 1448 ipsos
1957 1378 2263 1447 excipient:

720 1488 906 1528 mensa
943 1487 1130 1527 eorum
1189 1472 1293 1527 illis
1340 1487 1448 1524 non
1497 1471 1562 1523 ad
1606 1470 2058 1540 suppeditandum
2085 1469 2266 1523 cibum

720 1565 844 1626 erit,
871 1563 966 1619 sed
986 1566 1039 1618 in
1071 1563 1338 1632 laqueum,
1365 1571 1417 1616 et
1449 1566 1501 1614 in
1525 1561 1907 1616 retributiones
1937 1571 1990 1615 et
2025 1562 2080 1615 in
2109 1576 2268 1616 scan-

719 1653 924 1716 dalum,
959 1654 1085 1722 quia
1111 1652 1374 1706 dederunt
1410 1653 1463 1706 in
1489 1666 1669 1706 escam
1700 1665 1870 1705 meam
1906 1649 1996 1706 fel.
2027 1650 2262 1706 Mensam

712 1759 885 1813 porro
910 1743 1121 1798 Judaici
1151 1744 1331 1813 populi
1369 1758 1527 1812 quam
1565 1741 1766 1796 dixeris
1808 1757 1949 1805 esse,
1987 1742 2092 1797 nisi
2131 1741 2268 1796 divi-

709 1839 866 1892 aiitus
916 1837 1204 1907 inspiratas
1254 1834 1580 1903 Scripturas,
1613 1848 1748 1903 quas
1788 1833 2035 1887 meditari
2069 1839 2123 1888 et
2152 1848 2266 1887 me.-

713 1927 944 1982 moriter
983 1926 1232 1997 proferre
1270 1925 1477 1981 solent?
1508 1923 1744 1989 Quarum
1790 1923 2172 1992 contemplatio
2210 1931 2263 1977 et

2371 734 2566 800 αὐτῶν,
2605 755 2623 786 ι
2653 735 2939 788 ἀκουστέον
2971 737 3089 788 ἀντὶ
3115 737 3228 801 τοῦ,
3259 757 3276 790 ι
3305 741 3619 809 γενήσεται·
3656 759 3675 791 ι
3713 740 3806 794 καὶ
3841 740 3922 804 τὸ,

2379 844 2396 875 ι
2447 826 2882 897 Σκοτισθήτωσαν
2924 829 2973 879 oi.
3016 829 3278 898 ὀφθαλμοὶ
3315 830 3510 894 αὐτῶν,
3553 850 3572 883 ι
3621 832 3741 884 ἀντὶ⁵
3805 831 3922 898 τοῦ,

2378 936 2396 968 ι
2430 919 2886 990 σκοτισθήσονται·
2938 938 2956 971 ι
3005 922 3096 973 καὶ
3124 921 3191 974 τά
3225 923 3348 992 έξῆς
3397 923 3603 987 τούτοις
3637 923 3926 995 παραπληι-

2373 1014 2521 1078 σίως.
2560 1015 2647 1073 Ού,
2675 1015 2783 1087 γὰρ
2813 1015 2923 1085 ἔχει
2951 1015 3104 1082 λόγον
3134 1015 3223 1067 τὸν
3255 1018 3382 1085 ἡμῖν
3419 1016 3819 1089 προστάττοντα
3849 1017 3925 1088 μὴ

2369 1104 2765 1161 ἀνταποδιδόναι
2787 1111 2970 1184 ,κακον
3008 1111 3126 1164 ἀντὶ
3157 1109 3345 1173 κακοῦ,
3371 1108 3504 1162 ἀλλὰ
3533 1107 3928 1180 προσεύχεσθαι

2372 1197 2514 1268 ὑπὲρ
2535 1197 2640 1251 τῶν
2673 1201 2773 1270 ὲπη
2785 1199 3099 1270 ρεαζόντων,
3131 1202 3225 1253 καὶ
3254 1199 3491 1267 εὐλογεῖν
3527 1199 3620 1252 καὶ
3653 1198 3727 1269 μὴ
3758 1215 3927 1251 κατα-

2372 1289 2580 1360 ρᾶσθαι,
2613 1291 2827 1360 ἀγαπᾷν
2863 1291 2917 1343 δὲ
2945 1293 3038 1343 καὶ
3073 1291 3195 1354 τοὺς
3239 1289 3483 1362 ἐχθροὺς.
3515 1288 3673 1342 αὑτὸν
3703 1287 3928 1340 τοιαῦτα

2371 1379 2721 1449 κατεύχεσθαι
2782 1382 3005 1450 ἑτέροις.
3054 1382 3165 1433 Ούκ
3219 1380 3484 1443 εύκτικῶς
3542 1379 3751 1443 τοίνυν,
3809 1378 3926 1430 οὐδὲ

2367 1471 2793 1542 προστακτικῶς,
2823 1474 2960 1526 κατά
2994 1473 3052 1525 δὲ
3082 1473 3170 1524 τὸν
3204 1472 3528 1526 ἀποδοθέντα
3560 1471 3759 1542 τρόπον
3793 1485 3926 1540 προ-

2365 1561 2603 1630 φητικῶς
2639 1562 2732 1615 καὶ
2760 1562 2928 1617 ταῦτα
2953 1562 3219 1616 λέλεκται.
3259 1563 3397 1617 Ἀνθ’
3426 1555 3501 1617 ὧν
3529 1562 3638 1634 γὰρ
3667 1561 3928 1633 τετολμή-

2366 1668 2492 1704 κασι
2545 1653 2637 1706 καὶ
2686 1652 3040 1724 διεπράξαντο
3086 1657 3206 1708 κατ’
3253 1653 3409 1724 ἐμοῦ,
3457 1653 3685 1708 τοιαῦτα
3729 1651 3927 1718 αὐτοὺς

2363 1741 2685 1805 διαδέξεται*
2723 1747 2754 1814 ἡ
2795 1743 3036 1814 τράπεζα
3068 1744 3242 1798 αὐτῶν
3293 1744 3441 1797 ἔσται
3494 1743 3673 1808 αὐτοῖς
3708 1743 3809 1796 οὐκ
3848 1744 3928 1805 είς

2364 1831 2658 1902 παράθεσιν
2705 1835 2930 1904 τροφῆς,
2967 1834 3080 1888 ἀλλ’
3127 1836 3208 1897 είς
3240 1834 3438 1902 παγίδα
3469 1834 3562 1888 xai.
3595 1834 3673 1896 εἰς
3704 1833 3931 1886 ἀνταπο-

2363 1925 2534 1987 δόσεις
2585 1925 2679 1977 mi.
2730 1927 2808 1989 ei;
2856 1926 3166 1990 σκάνδαλον,
3224 1925 3339 1978 ἀνθ’
3386 1919 3460 1979 ὦν
3510 1924 3714 1979 ἔδωκαν
3748 1927 3830 1990 εἰς
3867 1926 3932 1978 τὸ

719 2018 1092 2088 intelligentia,
1125 2017 1428 2070 animarum
1462 2015 1861 2068 rationabilium
1891 2025 2075 2066 escam
2114 2028 2263 2066 com-
2295 2003 2334 2057 Β
2365 2015 2417 2086 βε

2236 2042 2263 2052 -
2295 2003 2334 2057 Β
2365 2015 2558 2086 βρῶμά
2583 2031 2684 2085 μου
2717 2015 2896 2087 χολήν.
2923 2016 3210 2088 Τράπεζαν
3241 2015 3297 2068 δὲ
3322 2015 3414 2068 τοῦ
3455 2015 3722 2071 Ἰουδαίων
3743 2015 3930 2079 ἔθνους

717 2110 996 2179 plectitur,
1019 2108 1184 2162 dictio
1209 2115 1386 2162 autem
1418 2121 1616 2160 mensae
1645 2105 1762 2158 loco
1790 2114 1893 2160 est.

2367 2106 2485 2158 τίνα
2508 2104 2572 2158 ἂν
2603 2107 2770 2170 εἴποις
2793 2107 2824 2177 ἦ
2845 2108 2940 2171 τὰς
2963 2107 3339 2170 θεοπνεύστους
3358 2107 3596 2177 Γραφάς,
3612 2107 3678 2184 ἀς
3702 2107 3937 2178 μελετᾷν

717 2202 808 2252 καὶ
855 2199 1299 2270 ἀποστοματίζειν
1340 2197 1623 2262 εἰώθασιν;
1655 2191 1729 2250 ὧν
1756 2200 1787 2268 ή
1827 2198 1925 2267 μὲν
1959 2197 2156 2268 θεωρία
2219 2199 2308 2250 καὶ
2345 2200 2378 2268 ἡ
2431 2199 2633 2269 νόησις,
2658 2199 2838 2269 ψυχῶν
2861 2202 3063 2272 τροφὴν
3093 2200 3319 2269 λογικῶν
3352 2201 3666 2273 περιέχει,ή
3697 2200 3754 2254 δὲ
3784 2197 3938 2267 λέξις

712 2291 987 2362 τραπέζης
1018 2289 1198 2359 χώραν
1233 2290 1492 2360 περιέχει.
1528 2313 1531 2317 ·

784 2402 936 2457 Hanc
980 2403 1160 2471 itaque
1189 2417 1432 2457 mensam
1472 2417 1679 2468 eorum,
1712 2418 1903 2474 nempe
1938 2403 2149 2459 obviam
2183 2404 2265 2460 di-

713 2494 962 2548 vinarum
987 2491 1388 2561 Scripturarum
1416 2494 1726 2561 lectionem,
1749 2496 1881 2565 ipsis
1902 2499 1956 2549 in
1987 2496 2259 2566 laqueum,

712 2594 769 2637 et
793 2583 848 2638 in
876 2583 1258 2638 retributiones
1279 2581 1404 2638 etin
1430 2585 1743 2639 scandalum
1767 2584 1880 2640 fore
1899 2586 2259 2656 praenuntiat;

715 2681 876 2744 atque
911 2689 1020 2728 non
1063 2681 1256 2728 natura
1298 2673 1460 2728 talem
1492 2690 1633 2738 esse,
1669 2675 1762 2731 sed
1793 2677 1923 2746 ipsis
1952 2676 2263 2746 huiusmodi

713 2765 973 2821 laturam.
1008 2763 1064 2819 Id
1095 2766 1239 2821 enim
1273 2766 1359 2826 his
1380 2766 1558 2821 verbis
1597 2767 1930 2838 signiﬁcatur
1965 2786 1979 2822 :
2011 2787 2030 2819 ι
2066 2767 2264 2823 Coram

711 2857 846 2928 ipsis
873 2856 964 2910 ﬁat
992 2871 1180 2912 mensa
1210 2871 1396 2912 eorum
1427 2860 1479 2911 in
1509 2859 1755 2928 laqueum
1786 2867 1840 2915 et
1869 2859 1921 2912 in
1950 2859 2266 2914 retributio-

710 2959 810 3004 nes
853 2953 908 3003 et
936 2947 994 3000 in
1044 2946 1380 3002 scandalum.
1421 2966 1440 2999 ι
1492 2947 1603 3004 Hoc
1639 2956 1816 3002 autem
1859 2963 2020 3018 opere
2061 2949 2116 3004 in
2158 2949 2264 3003 illis

710 3039 1030 3107 completur.
1071 3036 1290 3094 Divinas
1343 3055 1578 3108 namque
1628 3039 1938 3109 Scripturas
1990 3041 2262 3116 legentes,

711 3131 907 3184 exinde
951 3130 1158 3199 laqueis
1197 3130 1592 3198 complicantur
1622 3146 1637 3181 :
1665 3145 1850 3184 earum
1887 3131 2086 3201 quippe
2117 3132 2261 3185 dicta

711 3228 905 3289 praeter
924 3236 1106 3276 veram
1131 3221 1410 3275 scientiam
1434 3219 1783 3290 excipientes,
1813 3225 2127 3292 rectumque
2152 3239 2266 3278 ver-

711 3311 903 3368 borum
948 3327 1168 3366 sensum
1201 3319 1531 3373 evertentes;
1579 3312 1645 3367 iis
1675 3313 1741 3367 ad
1785 3328 1891 3367 non
1933 3314 2260 3369 credendum

712 3401 989 3459 Servatori
1034 3401 1240 3457 seducti
1284 3411 1430 3459 sunt.
1482 3405 1595 3456 lmo
1625 3405 1785 3458 etiam
1836 3420 2022 3461 mensa
2071 3421 2260 3461 eorum

685 3492 844 3566 ipsis
897 3493 949 3546 in
1018 3494 1399 3550 retributiones
1457 3495 1700 3550 vertitur.
1764 3496 1918 3563 Quod
1980 3499 2123 3554 enim
2189 3500 2267 3553 le-

709 3587 916 3641 ctiones
943 3601 1052 3641 non
1080 3586 1409 3658 intelligant,
1441 3589 1522 3642 vel
1548 3589 1674 3644 inde
1701 3589 2003 3644 facinorum
2037 3606 2263 3646 suorum

707 3681 763 3732 in
796 3679 971 3748 ipsum
997 3693 1190 3749 poenas
1218 3679 1392 3733 luunt.
1421 3678 1601 3745 Quare
1626 3679 1982 3752 Symmachus
2011 3698 2107 3752 pro
2136 3683 2262 3747 illo,

714 3790 732 3819 ι
759 3776 812 3824 et
843 3770 898 3822 in
931 3769 1352 3828 retributiones.
1375 3789 1393 3821 ι
1416 3772 1610 3837 vertit,
1636 3791 1652 3822 ι
1681 3781 1732 3825 et
1765 3772 1818 3825 in
1851 3773 2174 3842 supplicium
2199 3791 2213 3839 ;
2241 3793 2258 3824 ι

708 3862 839 3932 quin
866 3862 1027 3916 etiam
1062 3861 1116 3916 in
1148 3861 1464 3916 scandalum
1489 3878 1671 3917 coram
1702 3863 1833 3933 ipsis
1860 3879 2049 3918 mensa
2077 3848 2265 3918 eorum

707 3957 955 4008 vertitur.
1001 3952 1155 4008 Nuda
1196 3955 1396 4024 quippe
1444 3956 1608 4009 verba
1652 3956 1890 4025 legentes
1922 3955 2262 4028 impingunt,

709 4050 967 4099 arcanum
1017 4060 1204 4100 eorum
1252 4061 1472 4101 sensum
1518 4061 1625 4100 non
1672 4049 1966 4116 capientes.
2021 4047 2263 4115 Exempli

709 4149 874 4191 causa
893 4175 908 4200 ,
936 4150 1058 4190 cum
1081 4137 1342 4202 audiunt,
1367 4147 1456 4204 ut,
1488 4139 1804 4194 adveniente
1829 4139 2044 4217 Christo
2061 4179 2076 4203 ,
2099 4139 2262 4194 simul

709 4236 895 4298 pascet
923 4228 1081 4298 lupus
1103 4244 1226 4284 cum
1257 4243 1396 4299 agno
1416 4272 1430 4293 ,
1459 4240 1512 4284 et
1542 4231 1742 4298 pardus
1767 4246 1890 4287 cum
1925 4230 2077 4299 haedo
2101 4245 2264 4285 accu-

713 4319 866 4373 babit
887 4358 901 4383 ,
933 4319 1017 4374 leo
1046 4326 1098 4374 et
1130 4319 1231 4374 bos
1262 4320 1546 4374 comedent
1576 4322 1756 4389 paleas
1799 4321 1880 4387 ³⁶;
1931 4323 2046 4375 haec
2091 4329 2144 4376 et
2185 4323 2261 4376 si-

711 4411 861 4464 milia
893 4400 999 4464 non
1030 4410 1426 4480 intelligentes,
1461 4409 1781 4464 adveniente
1811 4409 2030 4464 Christo
2063 4410 2116 4463 in
2147 4409 2262 4464 haec

708 4503 1044 4573 impingunt;
1069 4502 1195 4571 quia
1224 4502 1338 4556 haec
1363 4515 1468 4556 non
1493 4501 1737 4556 sensibili
1767 4501 1928 4555 modo
1948 4501 2004 4554 in
2026 4501 2144 4570 ejus
2168 4501 2265 4556 ad-

706 4602 872 4650 ventu
895 4597 1258 4665 contigerunt.
1295 4591 1388 4647 Sic
1415 4607 1546 4664 ergo
1576 4592 1832 4663 praedicta
1861 4599 2049 4646 eorum
2074 4608 2260 4649 mensa

2443 2401 2654 2472 Ταύτην
2677 2401 2852 2456 τοίνυν
2875 2403 2970 2472 τὴν
2993 2400 3268 2473 τράπεζαν
3303 2399 3502 2464 αὐτῶν,
3520 2402 3616 2471 τὴν
3643 2404 3935 2476 πρόχειρον

2369 2491 2474 2545 τῶν
2523 2490 2677 2543 θείων
2710 2490 2937 2561 Γραφῶν
2979 2490 3279 2558 ἀνάγνωσιν
3310 2487 3664 2560 προαγορεύει
3711 2491 3932 2546 ἔσεσθαι

2366 2582 2548 2644 αὐτοῖς
2577 2583 2654 2644 εἰς
2679 2581 2877 2648 παγίδα
2901 2583 2992 2634 καὶ
3019 2583 3096 2644 είς
3122 2580 3500 2643 ἀνταποδόσεις
3535 2582 3627 2634 καὶ
3663 2583 3742 2645 είς
3769 2583 3930 2637 σκάν-

2365 2673 2520 2726 δαλον
2540 2691 2552 2704 ο
2591 2673 2684 2740 καὶ
2712 2673 2925 2725 ἔσεσθαι
2956 2673 3120 2742 αὐτὴν
3152 2672 3402 2742 τοιαύτην
3435 2671 3636 2737 αὐτοῖς,
3675 2674 3736 2725 ού
3772 2672 3929 2743 φύσει

2365 2763 2526 2819 οὖσαν
2557 2765 2829 2835 τοιαύτην,
2854 2766 2966 2818 ἀλλ’
2999 2767 3180 2829 αὐτοῖς
3214 2765 3431 2818 ἔσεσθαι
3463 2765 3736 2836 τοιαύτην.
3763 2767 3930 2821 Τοῦτο

2365 2855 2471 2926 γὰρ
2497 2856 2745 2926 σημαίνει
2774 2858 2801 2908 ό
2837 2855 2999 2922 λόγος·
3019 2849 3237 2908 εἰπώνοι
3278 2855 3533 2911 Ἐνώπιον
3562 2857 3739 2910 αὐτῶν
3770 2874 3932 2930 γενη-

2366 2948 2510 3018 θήτω
2541 2951 2573 3018 ἡ
2605 2949 2848 3016 τράπεζα
2876 2949 3052 3002 αὐτῶν
3090 2952 3167 3013 εἰς
3209 2951 3429 3018 παγίδα,
3465 2952 3558 3004 καὶ
3580 2953 3659 3015 είς
3697 2954 3928 3007 ἀνταποο

2362 3040 2536 3102 δόσεις
2569 3041 2662 3093 καὶ
2685 3044 2763 3102 είς
2791 3042 3102 3093 σκάνδαλον.
3129 3060 3146 3090 ι
3175 3042 3357 3112 Ἔργῳ
3371 3042 3427 3093 δὲ
3448 3042 3604 3095 τοῦτο
3632 3045 3715 3107 είς-
3734 3045 3928 3106 αὐτοὺς

2367 3129 2684 3200 πληροῦται.
2719 3131 2848 3192 Ταῖς
2879 3131 3005 3197 γοῦν
3039 3131 3207 3193 θείαις
3238 3131 3480 3201 Γραφαῖς
3514 3134 3926 3202 ἐντυγχάνοντες

2368 3222 2425 3287 ἐξ
2473 3220 2651 3275 αὐτῶν
2683 3221 2869 3288 παγίσι
2910 3222 3333 3294 περιπείρονται,
3369 3223 3568 3293 ἑτέρως
3597 3225 3630 3294 ἢ
3667 3225 3807 3278 κατὰ
3837 3225 3929 3279 τὸν

2367 3315 2539 3384 ἀληθῆ
2559 3313 2679 3366 νοῦν
2699 3312 3122 3383 ἐκλαμϐάνοντες
3145 3312 3239 3377 τὰς
3258 3314 3449 3380 λέξεις,
3472 3313 3565 3366 καὶ
3585 3315 3926 3388 διαστρέφον-

2364 3425 2454 3470 τες
2472 3407 2561 3459 τὸν
2585 3407 2642 3458 ὲν
2666 3405 2854 3468 αὑταῖς
2870 3405 3024 3474 ὀρθὸν
3045 3405 3220 3473 λόγον,
3235 3407 3290 3474 ἐξ
3307 3407 3483 3460 αὐτῶν
3505 3425 3565 3460 τε
3584 3410 3663 3472 είς
3673 3410 3925 3466 ἀπιστίαν

2365 3499 2457 3557 τοῦ
2491 3497 2740 3568 Σωτῆρος
2776 3498 3236 3568 περιπειρόμενοι.
3278 3496 3434 3551 Ἀλλὰ
3467 3498 3560 3551 καὶ
3593 3500 3670 3562 είς
3696 3499 3929 3553 ἀνταπο-

2363 3591 2535 3654 δόσεις
2556 3589 2763 3659 γίνεται
2787 3590 2966 3663 αὐτοῖς
2989 3591 3020 3660 ἡ
3040 3590 3283 3660 τράπεζα
3312 3589 3508 3644 αὐτῶν.
3543 3591 3627 3644 Ἐν
3648 3592 3755 3663 γὰρ
3780 3590 3928 3663 αὐτῷ

2363 3683 2536 3752 τούτῳ
2567 3682 2643 3751 τῷ
2679 3680 2751 3752 μὴ
2787 3682 3018 3735 συνιέναι
3048 3682 3116 3736 τὰ
3144 3681 3572 3753 ἀναγνώσματα,
3605 3682 3926 3746 ἀπολαμϐά-

2364 3790 2542 3826 νουσιν
2667 3772 2900 3844 ἔδρασαν
2933 3775 3050 3825 κατ’
3081 3773 3241 3826 αὐτοῦ
3275 3775 3372 3844 τὴν
3402 3774 3695 3846 τιμωρίαν.·
3727 3775 3926 3846 Διόπερ

2360 3865 2392 3915 ό
2415 3859 2707 3932 Σύμμαχος
2732 3862 2851 3914 ἀντὶ
2875 3861 2989 3927 τοῦ,
3018 3881 3035 3911 ι
3065 3863 3156 3914 καὶ
3188 3862 3268 3924 είς
3291 3862 3668 3926 ἀνταποδόσεις
3689 3863 3823 3926 ,καὶ
3840 3864 3926 3928 εἰς

2365 3955 2671 4022 τιμωρίαν,
2720 3953 3078 4022 ἡρμήνευσεν.
3134 3951 3292 4004 Ἀλλά
3351 3952 3445 4004 καὶ
3492 3954 3571 4015 είς
3630 3953 3924 4006 σκάνδαλον

2364 4046 2569 4114 γίνεται
2606 4043 2832 4096 ὲνώπιον
2865 4041 3041 4106 αὐτῶν
3075 4045 3106 4112 ὴ
3138 4041 3381 4113 τράπεζα
3413 4041 3609 4096 αὐτῶν.
3643 4043 3924 4096 Σκανδαλί·

2365 4135 2542 4200 ζονται
2571 4135 2678 4206 γὰρ
2704 4133 3116 4204 ἐντυγχάνοντες
3142 4133 3320 4202 ψιλαῖς
3349 4135 3465 4196 ταῖς
3495 4133 3691 4199 λέξεσι,
3726 4135 3818 4186 καὶ
3849 4133 3924 4204 μὴ
3948 4167 3955 4172 -

2325 4287 2337 4294 ,
2365 4227 2631 4291 συνιέντες
2658 4227 2755 4297 τὴν
2778 4228 2835 4280 ἐν
2863 4227 3050 4289 αὐταῖς
3078 4225 3307 4297 θεωρίαν
3328 4241 3340 4253 ⁸
3366 4222 3475 4278 οἷον
3497 4225 3801 4291 ἀκούοντες,
3825 4227 3921 4293 ὡς,

2364 4319 2680 4382 ἐπιστάντος
2703 4317 2794 4370 τοῦ
2817 4316 3072 4388 Χριστοῦ,
3097 4317 3528 4392 συμὸοσκήσεται
3576 4316 3736 4381 λύκος
3786 4315 3923 4387 μετὰ

2357 4409 2542 4479 ἀρνὸς,
2561 4407 2653 4460 καὶ
2675 4406 2934 4478 πάρδαλις
2961 4405 3420 4458 συναναπαύσεται
3444 4406 3616 4477 ὲρίφῳ
3632 4446 3650 4471 ,
3674 4408 3767 4460 καὶ
3787 4406 3923 4461 λέων

2361 4499 2457 4552 καὶ
2495 4497 2619 4568 βοῦς
2651 4491 2879 4566 φάγεται
2909 4498 3112 4568 ἄχυρω
3163 4497 3331 4551 ταῦτα
3369 4497 3461 4550 καὶ
3493 4497 3561 4551 τὰ
3592 4498 3813 4552 τοιαῦτα
3845 4499 3920 4572 μὴ

2365 4590 2652 4652 συνιέντες,
2684 4587 3114 4650 σκανδαλίζονται
3153 4590 3244 4642 ἐπὶ
3271 4588 3348 4659 τῷ
3374 4589 3650 4658 ἐληλυθότι
3679 4589 3918 4662 Χριστῷ,

709 4686 812 4742 fuit
839 4700 1025 4740 coram
1051 4687 1184 4756 ipsis
1217 4685 1274 4740 in
1303 4686 1555 4755 laqueum
1579 4723 1596 4750 ,
1623 4693 1677 4739 et
1708 4685 1762 4739 in
1790 4684 2176 4739 retributiones
2207 4691 2260 4739 et
2291 4694 2336 4749 ι)
2363 4683 2407 4738 δη

2217 4691 2260 4739 et
2291 4694 2336 4749 ι)
2363 4683 2446 4738 ὅτι
2479 4681 2553 4752 μὴ
2597 4678 2868 4749 αἰσθητῶς
2900 4679 3110 4746 ἐγένετο
3134 4681 3303 4733 ταῦτα
3331 4681 3386 4732 ἐν
3417 4680 3682 4752 τῇαύτοῦ
3715 4699 3915 4754 παρου-

708 4779 766 4834 in
795 4775 1131 4831 scandalum.
1161 4776 1392 4848 Haecque
1420 4777 1566 4847 passi
1615 4784 1773 4838 sunt,
1815 4777 1942 4846 quia
1984 4776 2261 4830 obscurati

708 4854 837 4926 sunt
866 4869 1009 4923 oculi
1032 4883 1219 4923 eorum
1244 4877 1303 4929 ut
1328 4885 1436 4924 non
1470 4869 1714 4924 viderent
1736 4909 1750 4932 ,
1779 4869 1905 4938 quia
1937 4874 2261 4937 respuerant

706 4964 882 5016 lucem
907 4957 1301 5015 illuminantem
1328 4974 1542 5013 omnem
1573 4959 1873 5023 hominem,
1899 4965 1954 5014 et
1983 4959 2109 5028 quia
2137 4973 2263 5013 ocu-

706 5056 787 5109 los
819 5053 1080 5107 habentes
1109 5066 1218 5106 non
1249 5050 1507 5105 videbant
1529 5089 1546 5114 ,
1574 5061 1628 5105 et
1654 5066 1813 5106 aures
1857 5049 2120 5106 habentes
2151 5065 2259 5104 non

706 5144 1017 5201 audiebant.
1065 5142 1428 5198 lncrassatum
1462 5143 1605 5196 enim
1645 5151 1729 5197 est
1774 5159 1868 5197 cor
1913 5157 2126 5206 eorum,
2175 5159 2261 5197 se-

706 5235 943 5290 cundum
967 5235 1181 5298 Isaiam,
1204 5239 1274 5288 'et
1297 5235 1482 5290 oculos
1506 5236 1850 5310 obturarunt,
1877 5249 2144 5306 auresque
2167 5249 2258 5304 ag-

709 5339 1006 5400 gravarunt
1027 5328 1095 5383 η.
1131 5329 1310 5394 Quare
1335 5327 1421 5379 hic
1442 5327 1834 5396 praenuntiatur
1861 5347 1873 5381 :
1905 5345 1922 5378 ι
1947 5326 2256 5382 Obscuren-

707 5427 798 5472 tur
815 5418 957 5473 oculi
985 5432 1174 5471 eorum
1201 5433 1269 5470 ne
1296 5414 1533 5470 videant.
1567 5435 1584 5468 ι
1615 5416 1792 5469 Alium
1820 5431 2037 5491 quoque
2063 5432 2254 5472 casum

708 5506 894 5567 eorum
923 5511 1067 5563 clare
1088 5507 1417 5562 vaticinatur
1442 5507 1528 5561 his
1554 5508 1736 5563 verbis
1759 5527 1771 5561 :
1794 5527 1810 5558 ι
1832 5507 1897 5562 Et
1920 5506 2142 5563 dorsum
2167 5523 2257 5562 eo-

707 5614 831 5657 rum
862 5613 1074 5669 semper
1104 5600 1324 5652 incurva
1345 5637 1360 5662 ,
1396 5581 1495 5650 {id
1521 5604 1604 5652 est
1629 5637 1642 5659 ,
1671 5616 1688 5648 ι
1722 5598 2032 5654 incurvabis
2057 5617 2072 5666 ;
2109 5618 2128 5651 ι
2157 5606 2209 5653 et
2236 5615 2249 5651 :

683 5712 690 5720 -
715 5690 971 5746 (Edunde
993 5705 1158 5759 super
1184 5704 1276 5744 eos
1298 5691 1433 5743 iram
1459 5697 1628 5752 tuam,
1645 5691 1897 5752 iscilicet,
1921 5690 2247 5756 redundes”

708 5790 762 5836 et
787 5799 801 5835 :
839 5778 1046 5835 (Furor
1076 5781 1168 5835 ira:
1203 5789 1308 5834 tua:
1335 5781 1756 5851 comprehendat
1785 5786 2211 5851 eos,mimirum
2233 5825 2247 5852 ,

775 5938 827 5975 "
861 5940 966 5995 133.
1007 5953 1084 6001 xt,
1123 5935 1173 5993 6.
1253 5938 1293 5970 ³⁷
1332 5934 1435 5992 lsa.
1476 5953 1546 6000 vl,
1590 5938 1671 5994 lO.

2363 4775 2471 4844 σίᾳ.
2512 4771 2696 4836 Οὕτως
2718 4767 2808 4826 οὖν
2835 4772 2868 4841 ἠ
2901 4771 3213 4824 ἀποδοθείσα
3237 4772 3410 4826 αὐτῶν
3431 4772 3677 4846 τράπεζα
3700 4774 3917 4842 γέγονεν

2362 4864 2588 4919 ὲνώπιον
2621 4864 2798 4918 αὐτῶν
2830 4863 2908 4925 είς
2940 4862 3160 4930 παγίδα,
3193 4864 3286 4916 καὶ
3316 4867 3393 4928 είς
3418 4865 3798 4928 ἀνταποδόσεις
3825 4867 3917 4920 καὶ

2363 4957 2441 5017 είς
2463 4955 2770 5010 σκάνδαλον.
2790 4953 2894 5007 Καὶ
2911 4952 3076 5006 ταῦτα
3098 4955 3443 5020 πεπόνθασιν,
3465 4954 3756 5026 ἐπειδήπερ
3773 4957 3919 5012 ὲσκο-

2360 5046 2621 5118 τίσθησαν
2647 5047 2696 5098 οἱ
2723 5042 2986 5114 ὀφθαλμοὶ
3013 5044 3188 5097 αὐτῶν
3217 5045 3311 5098 τοῦ
3349 5044 3421 5116 μὴ
3455 5044 3669 5114 βλέπειν
3693 5084 3709 5108 ,
3743 5045 3829 5100 διὰ
3860 5048 3919 5101 τὺ

2365 5138 2705 5211 παρῃτῆσθαι
2726 5137 2787 5191 τὺ
2815 5135 2929 5205 φῶς
2955 5135 3015 5188 τὸ
3041 5136 3268 5205 φωτίζον
3297 5137 3471 5190 πάντα
3490 5135 3800 5207 ἄνθρωπον,
3826 5138 3918 5191 καὶ

2363 5230 2484 5289 (uti.
2506 5229 2811 5300 ὀφθαλμοὺς
2845 5225 3052 5296 ἔχοντες
3082 5228 3179 5281 οὐκ
3219 5227 3459 5289 ἔϐλεπον,
3490 5226 3585 5279 καὶ
3619 5219 3730 5282 ὦτα
3771 5229 3917 5298 έχον-

2359 5338 2448 5384 τες
2487 5323 2586 5374 οὐκ
2641 5321 2852 5391 ἤκουον.
2906 5318 3206 5389 Ἐπαχύνθη
3251 5319 3358 5390 γὰρ
3390 5321 3424 5388 ἡ
3470 5319 3663 5392 καρδία
3697 5319 3910 5386 αὐτῶν,

2310 5408 2316 5412 ’
2359 5411 2496 5467 κατά
2520 5412 2610 5467 τὸν
2651 5410 2889 5474 Ἡσαΐαν,
2936 5409 3024 5462 καὶ
3066 5411 3191 5474 τοὺς
3221 5409 3526 5480 ὀφθαλμοὺς
3567 5411 3908 5484 ἐκάμμυσαν,

2362 5507 2454 5561 xui.
2497 5506 2562 5560 τὰ
2600 5502 2735 5560 ὦτα·
2777 5504 3062 5574 ὲϐἀρυναν.
3104 5504 3192 5559 Διὸ
3223 5507 3597 5579 ’προαγορεύει
3636 5509 3854 5578 φάσκων
3881 5508 3912 5560 ό

2359 5598 2541 5666 λόγος’
2585 5597 3059 5668 (Σκοτισθήτωσαν
3094 5599 3150 5652 oi
3197 5598 3459 5670 ὀφθαλμοὶ
3497 5601 3674 5655 αὐτῶν
3713 5599 3804 5653 τοῦ
3834 5598 3909 5671 μὴ

2362 5690 2592 5761 βλέπειν.
2620 5690 2776 5745 »Ίίαὶ
2799 5689 2924 5742 ἄλλο
2948 5689 3002 5742 δὲ
3025 5689 3265 5764 ἐναργῶς
3295 5691 3502 5762 συμϐὰν
3521 5693 3702 5755 αὐτοῖς
3728 5689 3912 5744 θεσπί-

2359 5783 2439 5849 ζει
2458 5771 2659 5852 λέγωνέ
2690 5801 2713 5838 ι
2734 5779 2842 5838 Καὶ
2863 5780 2952 5834 τὸν
2974 5781 3138 5836 νῶτον
3160 5782 3336 5838 αὐτῶν
3360 5781 3643 5847 διαπαντὸς
3667 5781 3913 5854 σύγκαμ-
