4300 6406
374 539 476 596 755

1477 545 1966 602 COMMENTARIA
2005 547 2070 602 1N
2109 544 2457 602 PSALMOS.

3470 536 3574 594 7“

372 659 492 728 ψον,
517 675 535 710 ι
578 659 698 712 ἀντὶ
736 659 828 712 τοῦ
849 702 862 725 ,
908 677 925 710 ι
954 660 1316 731 συγκάμψεις·
1345 679 1362 712 ι
1406 663 1517 725 καὶ,
1545 681 1562 714 ι
1591 665 1815 736 Ἐκχεον
1846 669 1930 720 ἐπ’
1958 678 2003 730 Α
2038 684 2056 713 ι

1921 671 1930 687 ’
1958 678 2003 730 Α
2038 684 2056 713 ε
2087 665 2522 736 comprehendet.
2552 683 2568 712 ι
2599 661 2878 728 Quomodo
2907 666 3083 716 autem
3117 659 3303 715 isthme
3329 664 3449 728 past
3472 655 3571 711 Ju-

372 748 565 812 αὐτοὺς
584 749 680 821 τὴν
695 751 858 822 ὀργήν
893 756 982 804 σου
1006 793 1019 816 ,
1047 772 1063 802 ι
1099 754 1214 804 amt
1239 752 1354 814 τοῦ,
1378 772 1395 803 ι
1419 754 1628 824 ἐκχεεῖς
1645 774 1658 785 ·
1674 775 1691 808 ι
1715 757 1826 822 καὶ,
1853 778 1869 810 ι
1901 761 1930 810 ό

373 839 540 910 θυι..δς
570 841 667 912 τῆς
708 843 874 912 ὀργῆς
921 859 1012 895 σου
1048 843 1347 902 καταλάϐοι,
1371 846 1584 909 αὐτοὺς,
1607 867 1624 897 ι
1663 847 1781 900 ἀντὶ
1813 850 1926 912 τοῦ,

379 949 399 982 ι
420 933 836 1004 καταλήψεται.»
874 935 1056 997 Ὅπως
1084 934 1140 987 δὲ
1177 936 1269 987 καὶ
1296 935 1463 989 ταῦτα
1501 939 1633 1008 μετὰ
1664 940 1759 1009 τὴν
1789 942 1928 994 κατά

371 1020 465 1075 τοῦ
491 1024 737 1094 Σωτῆρος
764 1023 916 1094 ἡμῶν
942 1024 1155 1093 τόλμαν.
1170 1025 1247 1095 τῷ
1290 1026 1552 1081 Ἰουδαίων
1577 1027 1917 1097 συμϐέϐηκεν

373 1110 547 1174 ἔθνει,
588 1113 648 1164 ού
685 1112 940 1183 δυσχερὲς
977 1113 1325 1182 καταμαθεῖν.
1377 1113 1546 1167 Πάλαι
1580 1115 1674 1182 μὲν
1707 1114 1813 1186 γὰρ
1840 1113 1928 1167 διὰ

370 1203 470 1264 τὰς
495 1197 930 1273 είδὼλολατρείας
948 1203 1122 1256 αὐτῶν
1152 1204 1243 1280 ἐχθ
1254 1207 1362 1274 poi;
1384 1206 1474 1256 καὶ
1498 1205 1772 1274 πολεμίοις
1794 1206 1927 1276 πρὸς

371 1294 547 1364 ὀλίγον
572 1295 757 1364 καιρὸν
779 1294 1084 1348 ἐδουλοῦντο
1103 1310 1116 1324 ·
1145 1292 1240 1348 εἶτ’
1265 1293 1415 1360 αὖθις
1436 1296 1533 1367 τὴν
1557 1287 1760 1349 οἰκείαν
1780 1298 1928 1350 ἐλευ-

373 1384 557 1455 θερίαν
589 1383 885 1453 ἐλάμϐανον
905 1401 919 1415 ⁸
949 1385 1230 1456 αὐτόνομοί
1261 1404 1319 1440 τε
1362 1387 1456 1440 καὶ
1499 1387 1924 1440 αὑτοὸασίλευτοι

371 1476 653 1539 διετέλουν,
676 1475 736 1526 τὸ
751 1475 888 1546 ἱερὸν
913 1477 1002 1528 καὶ
1024 1476 1120 1548 τὴν
1140 1479 1196 1529 ἐν
1222 1478 1368 1548 αὑτῷ
1396 1477 1530 1530 κατὰ
1551 1477 1638 1529 τὸν
1653 1478 1927 1541 Μωῦσέως

372 1567 534 1636 νόμον
572 1565 820 1636 λατρείαν
850 1567 1242 1637 διατρέχοντες·
1287 1568 1421 1637 μετὰ
1453 1568 1508 1620 δέ
1541 1569 1637 1637 τὴν
1663 1567 1801 1620 κατά
1830 1567 1922 1620 τοῦ

375 1657 622 1726 Σωτῆρος
648 1657 803 1727 ἡμῶν
826 1657 1137 1728 ἐπιϐουλὴν,
1163 1658 1376 1712 πάντων
1403 1659 1611 1730 ἁθρόως
1637 1657 1927 1728 ἐστερήθη-

375 1763 506 1805 σαν·
549 1748 855 1819 πολιορκίαν
881 1766 938 1802 τε
969 1751 1062 1802 καὶ
1094 1750 1329 1805 δουλείαν
1369 1749 1465 1821 τὴν
1493 1750 1595 1803 ὑπὸ
1642 1749 1927 1819 Ῥωμαίοις

375 1837 783 1907 ὑπομείναντες,
823 1839 1093 1909 διέμειναν
1126 1840 1266 1893 οὕτω
1304 1841 1577 1902 ταπεινοὶ,
1612 1842 1704 1893 καὶ
1739 1835 1924 1910 μηκέτ’

374 1927 660 1985 ἀνανεῦσαι
690 1928 1028 2000 δεδυνημένοι
1048 1948 1061 1961 ·
1101 1931 1129 1983 ὃ
1152 1931 1214 2000 δὴ
1249 1932 1550 2001 σημαίνειὴ
1587 1930 1718 2001 μετὰ
1745 1923 1926 2000 χεῖρας

2029 757 2265 812 daeorum
2294 763 2483 810 contra
2512 753 2849 809 Servatorem
2878 758 3122 805 nostrum
3158 750 3334 804 audax
3360 749 3569 802 facinus

2027 847 2172 918 genti
2200 841 2560 917 coniigerint,
2600 860 2708 898 non
2738 841 2952 897 difficile
2983 842 3263 895 intellectu
3291 849 3398 895 est.
3427 839 3564 892 Nam

2029 941 2154 992 olim
2185 939 2422 1008 quidem,
2453 936 2768 990 idololatriae
2797 949 2907 989 sua:
2933 947 3116 991 causa,
3146 931 3486 984 inimicorum
3517 938 3570 984 et

2029 1030 2265 1084 hostium
2318 1025 2566 1082 servituti
2612 1025 2678 1079 ad
2725 1025 2888 1078 breve
2923 1028 3139 1090 tempus
3181 1018 3569 1082 tradebantur;

2027 1117 2322 1192 deindein
2363 1117 2647 1187 pristinam
2691 1115 2991 1170 libertatem
3031 1108 3478 1172 restituebantur,
3509 1125 3605 1162 ac:

2028 1213 2114 1269 sui
2152 1191 2316 1281 juris'
2341 1211 2562 1279 suisque
2603 1191 2825 1276 regibus
2867 1203 3067 1262 subditi
3107 1201 3402 1271 degebant,
3435 1209 3548 1256 tem
3583 1235 3588 1246 .

2025 1304 2206 1373 plum,
2237 1303 2550 1370 cultumque
2593 1300 2664 1353 ibi
2694 1315 2758 1353 ex
2805 1297 3002 1366 Moysis
3049 1296 3163 1363 lege
3198 1293 3569 1364 praescriptum

2027 1391 2485 1460 frequentabant;
2517 1397 2639 1457 post
2669 1385 2891 1441 insidias
2921 1398 3050 1437 vero
3089 1389 3277 1436 contra
3318 1379 3567 1434 Salvato-

2026 1498 2137 1536 rem
2167 1491 2414 1536 nostrum
2446 1487 2686 1549 structas
2707 1518 2721 1542 ,
2754 1476 3008 1531 omnibus
3047 1471 3330 1528 confertim
3374 1469 3568 1541 privati

2025 1579 2155 1628 sunt
2181 1592 2192 1626 :
2221 1581 2383 1640 atque
2409 1570 2692 1624 obsidione
2717 1575 2769 1622 et
2798 1566 3056 1620 servitute
3078 1565 3334 1618 Romanis
3355 1576 3572 1631 Oppres-

2025 1664 2106 1726 si,
2146 1663 2225 1716 sic
2255 1661 2456 1730 abjecti
2477 1699 2490 1722 ,
2524 1675 2592 1712 ne
2617 1649 2832 1727 q'uidem
2862 1664 3027 1725 caput
3053 1657 3261 1725 erigere
3288 1654 3565 1712 audentes.

2025 1760 2420 1810 remanserunt.
2467 1749 2622 1815 Quod
2664 1749 2762 1801 hac
2803 1747 3082 1817 prOphetia
3124 1746 3456 1816 signiﬁcatur
3483 1744 3568 1798 his

2025 1844 2241 1899 verbis:
2273 1861 2291 1893 ι
2325 1840 2387 1894 Et
2417 1840 2636 1894 dorsum
2667 1853 2851 1894 eorum
2898 1852 3108 1906 semper
3150 1839 3394 1892 incurva.
3426 1855 3444 1886 ι
3473 1836 3567 1888 Αι-

2025 1934 2184 1990 tende
2209 1947 2336 1987 vero
2366 1931 2432 1985 ad
2464 1929 2594 1983 illud
2616 1968 2630 1992 ,
2657 1947 2674 1978 ‹
2701 1943 2931 1996 semper.
2963 1945 2980 1977 ι
3005 1925 3118 1980 Non
3145 1927 3287 1989 enim
3317 1927 3382 1980 ad
3411 1926 3570 1980 breve

364 2020 675 2090 προφητεία
707 2020 764 2072 ἐν
788 2020 864 2090 τῷ
891 2022 1065 2090 λέγειν
1083 2039 1095 2052 ·
1136 2041 1154 2072 ι
1180 2023 1286 2075 Kal
1311 2023 1400 2074 τὸν
1423 2022 1588 2076 νῶτον
1617 2023 1791 2076 αὐτῶν
1819 2023 1930 2076 δια·
1960 2015 2000 2074 Β
2030 2036 2062 2080 ιι

1871 2041 1930 2074 α·
1960 2015 2000 2074 Β
2030 2036 2240 2095 tempus
2271 2032 2329 2079 ut
2356 2023 2482 2078 olim
2505 2062 2519 2086 ,
2551 2020 2642 2076 sed
2665 2038 2683 2070 ι
2712 2034 2942 2088 semper,
2971 2037 2988 2069 ι
3013 2018 3105 2071 ait.
3129 2015 3232 2071 Pro
3251 2031 3359 2085 quo
3377 2017 3566 2086 Aquila

372 2109 569 2172 παντὸς
607 2109 974 2180 σύγκαμψον.»
1029 2111 1265 2181 Πρόσχες
1294 2111 1399 2182 γὰρ
1427 2114 1573 2175 ὅπως
1596 2112 1806 2183 εἴρηται
1843 2114 1922 2177 τὸ,

377 2217 396 2249 ‹
423 2199 742 2264 διαπαντός·
773 2220 792 2252 ι
832 2203 889 2254 οὐ
931 2201 1037 2272 γὰρ
1069 2202 1204 2274 πρὸς
1236 2203 1410 2269 ὀλίγον
1442 2204 1562 2256 τινὰ
1599 2203 1786 2273 χρόνον
1823 2221 1925 2258 κα-

372 2287 481 2352 θὼς
505 2290 686 2344 άλλοτε
710 2292 938 2360 ἐγένετο,
966 2293 1115 2357 ἀλλὰ,
1149 2313 1166 2344 ι
1186 2293 1533 2357 διαπαντὸς,›
1563 2294 1742 2365 φησίν.
1788 2296 1924 2348 ’Δνθ’

371 2371 482 2431 οἷνό
515 2379 615 2448 μὲν
650 2379 876 2443 Ἀκύλας
913 2382 1248 2452 ἡρμήνευσε·
1275 2401 1308 2442 ⁴ι
1333 2383 1442 2434 Kal
1468 2383 1591 2444 τοὺς
1612 2380 1809 2444 νώτους
1832 2384 1927 2436 αύ-

370 2467 478 2521 τῶν
502 2469 785 2539 ἐνδελεχῶς
812 2451 1076 2524 ἀτόνωσον
1095 2488 1106 2500 ·
1133 2491 1150 2522 ι
1179 2475 1205 2525 ὁ
1308 2472 1596 2542 Σύμμαχος
1615 2489 1628 2502 ·
1661 2491 1678 2523 ι
1699 2473 1806 2525 Καὶ
1829 2474 1926 2534 τὰς

370 2561 542 2630 ὀσφῦς
574 2563 749 2616 αὐτῶν
787 2564 1071 2632 διαπαντὸς
1104 2564 1458 2636 ὲξάρθρωσον.
1487 2585 1505 2616 ι
1549 2566 1664 2624 Καὶ,
1687 2565 1841 2618 τοῦτο
1870 2566 1926 2619 δὲ

372 2652 553 2715 αὐτοῖς
594 2653 788 2723 συνέϐη
817 2670 828 2684 ·
863 2656 982 2707 ἐπεὶ
1009 2658 1040 2724 ἠ
1071 2651 1204 2726 ὀργὴ
1242 2655 1335 2707 τοῦ
1374 2655 1504 2708 Θεοῦ
1534 2656 1710 2708 ούκέτι
1747 2655 1926 2726 μέτρῳ

375 2742 516 2796 κατὰ
542 2745 601 2796 τὸ
620 2745 844 2797 παλαιὸν
869 2745 1125 2816 μετῆλθεν
1153 2745 1345 2810 αὐτούς
1366 2764 1389 2782 ·‹
1409 2749 1443 2815 ἡ
1478 2747 1623 2798 πᾶσα
1641 2747 1696 2798 δὲ
1720 2746 1925 2816 ἀθρόως

374 2832 491 2886 κατ’
514 2833 689 2884 αὐτῶν
713 2834 956 2906 ἐξεχύθη.
976 2819 1068 2888 ’Διὸ
1087 2836 1387 2903 ἐπιλέγεται
1409 2854 1421 2865 ·
1446 2855 1462 2886 ι
1478 2837 1698 2904 Ἐκχεον
1721 2837 1805 2888 ἐπ’
1828 2839 1924 2889 αύ-

371 2923 496 2986 τοὺς
522 2924 618 2993 τὴν
643 2925 808 2996 ὀργήν
833 2943 952 2987 σου,
977 2928 1068 2978 καὶ
1091 2929 1118 2979 ό
1141 2927 1307 2995 θυμὸς
1331 2926 1427 2994 τῆς
1449 2927 1616 2996 ὀργῆς
1646 2945 1736 2980 σου
1763 2945 1927 2980 κατα-

370 3013 523 3067 λάϐοι
553 3017 764 3081 αὐτούς.
793 3039 809 3069 ι
847 3018 1016 3070 Τοῦτο
1037 3017 1092 3070 δὲ
1120 3018 1211 3071 καὶ
1244 3020 1299 3069 ἐν
1327 3019 1490 3089 ἑτέρῳ
1518 3018 1766 3087 δηλοῦται
1791 3019 1928 3088 ψαλ-

374 3101 459 3172 μῷ
491 3104 566 3175 τῷ
592 3107 850 3178 φήσαντι·
890 3125 906 3157 ι
944 3107 1120 3169 Ἰνατί,
1143 3107 1168 3157 ὁ
1188 3106 1336 3169 Θεὸς,
1361 3107 1562 3160 ἀπώσω
1600 3110 1679 3170 είς
1700 3108 1848 3169 τέλος
1871 3125 1918 3170 ς»

371 3195 479 3248 Καὶ
503 3197 531 3248 ό
569 3195 709 3261 θεῖος
727 3198 1114 3263 δέἈπόστολος
1139 3197 1346 3263 τούτοις
1377 3200 1680 3270 συμφώνως
1710 3200 1919 3268 ἔλεγεν·

377 3305 396 3337 ι
422 3288 662 3356 Ἔφθασε
691 3290 748 3342 δὲ
783 3291 869 3343 ἐπ’
899 3291 1092 3354 αὐτοὺς
1123 3293 1155 3361 ὴ
1194 3291 1327 3368 ὀργὴ
1358 3294 1435 3355 είς
1463 3293 1661 3356 τέλος.»
1702 3291 1921 3362 Πρῶτον

2029 2117 2413 2185 interpretatus
2452 2120 2572 2168 est;
2604 2130 2621 2162 ι
2654 2109 2718 2163 Ει
2763 2111 2924 2164 dorsa
2971 2123 3156 2164 eorum
3204 2107 3570 2161 indesinenter

2026 2221 2218 2261 enerva
2248 2223 2262 2272 ;
2298 2223 2316 2256 ι
2349 2202 2705 2273 Symmachus
2760 2215 2924 2264 vero,
2958 2220 2974 2251 ι
3010 2198 3074 2253 Ει
3125 2199 3336 2253 lumbos
3378 2213 3565 2253 eorum

2026 2312 2237 2364 semper
2286 2295 2529 2348 debilita-.
2567 2291 2766 2358 »ρυοά
2820 2293 2980 2346 etiam
3037 2291 3234 2346 accidit
3287 2291 3426 2357 illis;
3486 2291 3568 2344 ira

2024 2386 2222 2454 quippe
2253 2384 2345 2438 Dei
2376 2396 2484 2436 non
2515 2399 2637 2436 cum
2661 2396 2918 2437 mensura
2950 2382 3183 2450 quadam
3205 2422 3219 2444 ,
3251 2388 3309 2435 ut
3331 2371 3569 2449 antiqui-

2028 2485 2133 2536 ius,
2163 2474 2464 2527 invasiteos
2484 2489 2498 2538 ;
2518 2471 2610 2526 sed
2638 2479 2750 2525 tota
2773 2470 3056 2525 confertim
3072 2469 3238 2525 eﬂ‘usa
3250 2477 3352 2525 est.
3377 2469 3571 2536 Quam-

2024 2565 2207 2620 obrem
2253 2565 2506 2620 additur:
2536 2583 2555 2616 ‹
2586 2562 2808 2617 Effunde
2852 2576 3012 2631 super
3053 2574 3147 2615 eos
3188 2561 3323 2613 iram
3373 2567 3521 2613 tuam
3546 2597 3563 2620 .

2023 2665 2078 2712 et
2116 2657 2266 2710 furor
2306 2657 2399 2710 iraa
2441 2663 2544 2710 tuae
2579 2653 2999 2724 comprehendat
3028 2666 3192 2718 eos.»
3221 2649 3331 2705 Hoc
3358 2651 3413 2704 in
3460 2651 3570 2703 alio

2025 2750 2152 2804 item
2206 2746 2412 2816 psalmo
2462 2747 2776 2801 enuntiatur
2832 2743 2918 2798 his
2970 2742 3196 2796 verbis:
3252 2759 3270 2792 ι
3328 2739 3570 2808 thuid,

2025 2838 2165 2894 Deus
2186 2877 2201 2901 ,
2235 2838 2475 2907 repulisti
2506 2836 2559 2889 in
2590 2835 2747 2890 finem
2773 2835 2864 2886 “‘t
2901 2853 2918 2885 ι
2948 2833 3041 2886 His
3068 2833 3230 2887 etiam
3260 2831 3436 2885 afﬁnia
3470 2831 3566 2884 ba.

2025 2931 2113 2986 bet
2137 2929 2353 2984 divinus
2382 2927 2670 2997 Apostolus
2698 2946 2712 2981 :
2741 2944 2758 2976 ι
2787 2925 3033 2979 Pervenit
3068 2923 3121 2977 in
3147 2937 3241 2977 eos
3269 2923 3346 2975 ira
3397 2923 3453 2975 in
3504 2922 3567 2976 fl:

2025 3035 2148 3074 nem
2176 3020 2239 3074 ³⁸.
2271 3037 2289 3070 ι
2319 3017 2501 3072 Primo
2528 3018 2706 3087 itaque
2736 3030 2923 3070 mensa
2967 3029 3155 3069 eorum
3196 3013 3297 3068 fuit
3338 3012 3469 3080 ipsis
3507 3013 3581 3065 in.

2026 3111 2278 3177 laqueum
2305 3149 2330 3173 ,,
2353 3108 2547 3163 deinde
2579 3109 2719 3163 oculi
2749 3121 2935 3182 eorum
2965 3105 3240 3160 obscurati
3269 3112 3398 3159 sunt
3423 3120 3438 3168 ;
3469 3117 3567 3171 po-

2026 3209 2140 3255 stea
2171 3201 2393 3256 dorsum
2426 3215 2611 3254 eorum
2643 3214 2856 3269 semper
2881 3199 3218 3251 incurvatum
3250 3203 3366 3258 est,
3396 3192 3566 3248 effusa

2024 3289 2232 3356 scilicet
2259 3290 2313 3341 in
2344 3289 2466 3341 illos
2495 3289 2572 3340 ira
2603 3286 2717 3341 Dei.
2751 3286 2865 3340 Sub
2891 3287 3004 3339 haec
3034 3295 3214 3339 autem
3245 3282 3393 3336 aliud
3426 3280 3574 3352 ipsis.

370 3372 511 3446 οὖνὴ
539 3380 781 3450 τράπεζα
809 3381 982 3434 αὐτῶν
1011 3383 1221 3450 ἐγένετο
1248 3382 1426 3444 αὐτοῖς
1448 3386 1526 3446 είς
1551 3382 1743 3450 παγίδα
1763 3398 1778 3413 ·
1806 3377 1922 3434 εἶτα
1949 3375 1990 3429 C
2022 3395 2068 3434 et

1248 3382 1426 3444 αὐτοῖς
1448 3386 1526 3446 είς
1551 3382 1743 3450 παγίδα
1763 3398 1778 3413 ·
1806 3377 1922 3434 εἶτα
1949 3375 1990 3429 C
2022 3389 2341 3435 eventurum
2372 3380 2696 3434 vaticinatur
2721 3378 2906 3432 dicens
2931 3395 2942 3429 :

370 3469 421 3521 οί
451 3469 714 3540 ὀφθαλμοὶ
745 3470 921 3524 αὐτῶν
948 3472 1278 3534 ἐσκοτίζοντο
1297 3489 1308 3501 ·
1340 3468 1456 3524 εἶτα
1487 3473 1515 3525 ὁ
1542 3471 1707 3534 νῶτος
1739 3470 1914 3528 αὐτῶν
1948 3469 2232 3530 διαπαντὸς
2253 3468 2579 3538 ἐκάμπτετο,
2612 3466 2708 3536 τῆς
2737 3464 2829 3518 τοῦ
2857 3463 2987 3517 Θεοῦ
3015 3464 3182 3535 ὀργῆς
3230 3464 3318 3518 ἐπ’
3371 3463 3563 3528 αὐτοὺς

306 3593 308 3596 -
372 3558 715 3630 ἐκκαιομένης.
749 3557 902 3614 Μετὰ
921 3562 978 3614 δὲ
995 3560 1164 3616 ταῦτα
1184 3562 1309 3616 ἄλλο
1327 3579 1379 3616 τι
1398 3563 1715 3631 γενήσεσθαι
1743 3563 1922 3625 αὐτοῖς
1959 3558 2310 3631 προαγορεύει
2336 3559 2574 3629 φάσκων·

446 3675 767 3748 «Γενηθήτω
801 3678 834 3748 η
875 3677 1097 3741 ἔπαυλις
1138 3679 1313 3734 αὐτῶν
1350 3681 1719 3753 ὴρημωμὲνη·
1746 3701 1763 3734 ι
1803 3683 1920 3735 ἀντὶ

373 3765 486 3832 τοῦ,
507 3767 918 3838 γενηθήσεται·
942 3789 960 3823 ι
984 3773 1075 3824 καὶ
1091 3773 1146 3825 ἐν
1163 3774 1272 3835 τοῖς
1287 3773 1463 3842 σκηνώ
1470 3772 1826 3843 μασίναύτῶν.
1846 3775 1919 3847 μὴ

372 3857 514 3914 ἔστω
539 3861 568 3913 ό
603 3860 891 3914 κατοικῶν·
925 3882 943 3914 ι
976 3863 1092 3916 ἀντὶ
1117 3863 1228 3928 τοῦ,
1257 3863 1342 3933 μὴ
1379 3865 1602 3922 ἔσεται.
1639 3865 1784 3918 Ἔδει
1810 3866 1920 3939 γὰρ

378 3953 512 4022 μηδέ
572 3951 726 4004 τοῦτο
763 3953 1048 4024 παρελθεῖν
1079 3956 1177 4026 τὴν
1209 3956 1545 4027 προφητικὴν
1576 3955 1770 4025 γνῶσιν
1792 3971 1808 3986 ·
1847 3958 1922 4021 ὡς

375 4038 482 4110 ἄρα
513 4041 604 4093 καὶ
632 4041 665 4111 ή
698 4039 920 4104 ἔπαυλις
945 4041 1122 4095 αὐτῶν
1160 4042 1310 4097 ἔσται
1342 4045 1541 4115 ἔρημος
1562 4047 1578 4073 ·’
1605 4043 1637 4114 ἢ
1667 4042 1805 4097 κατὰ
1833 4044 1922 4097 τὸν

375 4131 686 4202 Σύμμαχον,
717 4149 736 4183 ι
759 4131 1008 4204 ἀοίκητος
1027 4150 1040 4163 ·
1091 4152 1108 4184 ι
1133 4133 1165 4203 ἢ
1191 4134 1329 4187 κατὰ
1347 4136 1436 4187 τὸν
1473 4135 1717 4199 Ἀκύλαν,
1746 4155 1765 4187 ι
1783 4138 1923 4206 ἠφα-

373 4221 613 4291 νισμένη.
630 4240 648 4272 ι
673 4222 932 4276 Ἔπαυλιν
957 4223 1014 4276 δέ
1040 4221 1216 4276 αὐτῶν
1234 4225 1330 4294 τὴν
1364 4225 1709 4297 Ἰερουσαλὴμ
1731 4226 1944 4298 ὀνομά-’

376 4307 457 4373 ζει
480 4348 494 4373 ,
526 4308 704 4363 οὐκέτι
736 4309 868 4363 Θεοῦ
899 4310 1050 4363 πόλιν
1074 4307 1238 4364 οὖσαν
1257 4352 1271 4375 ,
1318 4313 1432 4366 ἀλλ’
1465 4315 1641 4369 αὐτῶν
1677 4315 1918 4371 ἔπαυλιν.

376 4395 468 4450 Arb
493 4397 586 4449 καὶ
613 4395 814 4467 ἔρημον
843 4396 1008 4467 αὐτὴν
1035 4391 1444 4473 ἔσεσθαίφησιν
1462 4418 1478 4435 ·
1511 4403 1538 4454 ὃ
1568 4403 1630 4474 δὴ
1656 4407 1748 4458 καὶ
1770 4405 1922 4476 -ἔργῳ

374 4486 666 4541 δείκνυται.
701 4484 812 4540 Εἶτ’
844 4487 1117 4556 ἐπιλέγει·
1172 4492 1318 4545 «Καὶ
1347 4495 1405 4558 ἐν
1437 4496 1546 4559 τοῖς
1579 4495 1922 4567 σκηνώμασιν

376 4580 551 4635 αὐτῶν
599 4578 672 4650 μὴ
696 4577 833 4632 ἔστω
861 4581 888 4631 ό
920 4579 1185 4632 κατοικῶν
1207 4620 1223 4644 ,
1249 4601 1267 4634 ι
1305 4583 1363 4647 ἐξ
1392 4584 1565 4638 αὐτῶν
1592 4585 1790 4657 δηλαδὴ
1817 4587 1923 4642 τῶν

380 4669 542 4724 πάλαι
561 4667 854 4740 οἰκητόρων
873 4684 886 4698 ·
908 4669 936 4721 ὃ
955 4669 1046 4721 καὶ
1071 4670 1198 4723 αὐτὸ
1223 4673 1516 4743 ὀφθαλμοῖς
1538 4676 1579 4750 ἡ
1592 4675 1812 4746 ἀλήθεια
1829 4676 1920 4730 τοῦ

378 4761 532 4830 λόγου
549 4761 886 4832 παρίστησιν.
903 4761 964 4813 Εί
981 4759 1108 4829 γοῦν
1126 4771 1209 4823 τις
1223 4762 1462 4830 ἀφίκοιτο
1478 4765 1554 4827 είς
1570 4766 1694 4827 τοὺς
1708 4766 1918 4830 τόπους,

380 4849 475 4904 ῐδοι
501 4849 565 4904 ἃν
589 4851 685 4922 τὴν
717 4851 956 4921 ἐσχάτην
976 4849 1204 4920 ἐρημίαν
1234 4852 1324 4905 τοῦ
1347 4854 1507 4907 τόπου
1526 4870 1540 4885 ·
1581 4855 1842 4910 Ἰουδαίων
1865 4857 1923 4911 δὲ

2085 3675 2252 3732 Vsus.
2277 3675 2463 3731 26-29.
2501 3694 2520 3727 ι
2553 3673 2669 3728 Fiat
2698 3671 2955 3728 habitatio
2981 3684 3168 3726 eorum
3193 3671 3436 3731 deserta;
3468 3686 3485 3718 ι
3508 3669 3560 3721 id

2019 3777 2133 3831 est,
2156 3769 2243 3837 ﬁet
2272 3781 2292 3820 :
2323 3785 2341 3817 ‹
2371 3778 2420 3822 el
2449 3767 2502 3820 in
2529 3766 2888 3821 tabernaculis
2915 3778 3099 3819 eorum
3123 3777 3234 3816 non
3262 3760 3331 3815 sit
3360 3759 3452 3828 qui
3478 3759 3561 3813 in-

2020 3859 2254 3921 habitet,
2300 3877 2318 3908 »
2350 3858 2586 3921 scilicet,
2621 3874 2722 3912 non
2767 3857 2884 3910 erit.
2921 3856 2988 3908 At
3022 3853 3165 3908 enim
3194 3850 3558 3921 propheticam

2018 3950 2261 4003 notitiam
2303 3947 2356 4000 id
2397 3949 2672 4018 praeterire
2712 3964 2819 4002 non
2859 3945 3132 4016 oportuit,
3175 3942 3319 4012 quod
3367 3955 3560 4011 nempe

2019 4039 2280 4094 habitatio
2305 4054 2490 4094 eorum
2517 4039 2732 4093 deserta
2759 4038 2934 4090 futura
2959 4039 3060 4102 sit;
3090 4036 3202 4088 sive
3222 4073 3237 4097 ,
3265 4032 3559 4088 secundum

2022 4130 2402 4203 Symmachum
2419 4169 2434 4193 ,
2458 4129 2858 4183 «inhabitabilis
2880 4128 3050 4194 pvel,
3075 4124 3367 4182 secundum
3389 4122 3541 4191 Aqui-

2019 4223 2160 4290 lam',
2182 4241 2200 4273 ι
2223 4222 2418 4277 deleta.
2445 4240 2462 4273 ι
2486 4219 2883 4281 Habitationem
2921 4233 3109 4275 eorum
3148 4223 3302 4271 vocat
3341 4213 3557 4269 Jeroso-

2020 4315 2216 4384 lymam
2237 4353 2250 4378 ,
2281 4327 2399 4382 qua;
2427 4325 2537 4367 non
2569 4312 2712 4366 ultra
2740 4311 2936 4364 civitas
2968 4310 3060 4364 Dei
3089 4316 3202 4370 est,
3237 4306 3328 4361 sed
3371 4320 3558 4361 eorum

2021 4404 2302 4459 habitatio.
2347 4403 2525 4469 Quare
2570 4403 2839 4458 desertam
2883 4400 2997 4454 fore
3045 4399 3216 4464 dicit;
3257 4399 3398 4469 quod
3441 4398 3558 4469 ipso

2021 4510 2182 4565 opere
2213 4493 2618 4563 comprobatus.
2654 4490 2846 4546 Subdit
2875 4496 3101 4560 postea:
3135 4509 3152 4541 ι
3182 4488 3247 4542 Et
3283 4490 3336 4546 iu
3378 4491 3560 4543 taber-

2019 4587 2232 4643 naculis
2275 4600 2460 4654 eorum
2508 4599 2616 4638 non
2661 4581 2733 4636 sit
2761 4580 2852 4650 qui
2896 4581 3191 4644 inhabitet,
3225 4599 3242 4632 ι
3267 4593 3330 4634 ex
3364 4580 3557 4649 priscis

2023 4677 2233 4732 scilicet
2264 4674 2457 4729 incolis
2483 4691 2498 4739 ;
2533 4672 2677 4742 quod
2706 4672 2882 4741 ipsum
2911 4673 3072 4726 etiam
3100 4669 3272 4724 oculis
3301 4670 3378 4723 rei
3421 4669 3560 4722 veri-

2020 4778 2103 4842 tas
2128 4766 2301 4823 offert.
2335 4765 2390 4820 Si
2421 4766 2544 4834 quis
2584 4763 2728 4820 enim
2768 4764 2887 4818 loca
2923 4762 3124 4824 adeat,
3149 4770 3442 4820 extremam
3482 4760 3556 4814 ibi

2023 4858 2361 4932 solitudinem
2387 4853 2683 4924 conspiciet
2709 4870 2723 4925 ;
2747 4851 3053 4911 Iudaeorum
3077 4849 3478 4907 nulloaudente
3501 4848 3556 4903 in

378 4937 564 4991 οὐδένα
599 4933 875 5008 τολμῶντα
907 4940 1200 4993 ἐπιϐαίνειν
1222 4944 1286 5012 τῇ
1323 4944 1492 5007 πόλει,
1522 4944 1727 5014 μήτιγε
1757 4948 1924 5000 οίκετν
1953 4961 1998 5017 ι)
2025 4965 2076 5004 ιιι

1856 4950 1924 5000 εἴν
1953 4961 1998 5017 ι)
2025 4950 2210 5004 urbem
2238 4948 2498 5001 accedere
2517 4985 2532 5009 ,
2557 4946 2754 5000 nedum
2780 4943 2941 4999 isthic
2963 4943 3203 5001 habitare
3227 4960 3244 5006 ;
3268 4943 3373 4996 imo
3393 4941 3554 4994 etiam

376 5027 588 5118 αύτόθι·
611 5027 738 5118 ⁴άλλ’
766 5027 884 5081 ούδέ
911 5028 1119 5100 οἴκησις
1154 5029 1410 5104 Ἰουδαῖκὴ
1439 5032 1831 5103 περιλέλειπται
1859 5038 1917 5089 ἐν

377 5115 456 5186 τῷ
480 5115 628 5188 τόταρ
653 5160 667 5184 ,
716 5117 790 5180 ῶς
816 5136 935 5172 τινα
959 5119 1065 5172 τῶν
1101 5117 1361 5189 Ἑλλήνων
1391 5125 1554 5177 οίκετν
1581 5125 1638 5176 ἐν
1663 5125 1799 5196 αὐτῇ
1825 5125 1915 5180 δύ-

377 5208 587 5260 νασθαι.
621 5209 711 5260 Διὸ
737 5209 1010 5262 λέλεκται·
1048 5229 1065 5260 ι
1092 5212 1196 5263 Kal.
1222 5213 1278 5263 ἐν
1299 5217 1415 5276 τοῖς
1447 5213 1916 5284 σκηνώμασινάὑ-
1940 5243 1947 5250 -

374 5296 480 5347 τῶν
510 5297 584 5365 μὴ
603 5297 738 5350 ἔστω
758 5303 784 5351 ό
806 5301 1086 5352 κατοικῶν·
1111 5319 1129 5352 ι
1151 5300 1182 5370 ἦ
1209 5302 1347 5356 κατὰ
1367 5304 1456 5358 τὸν
1479 5305 1810 5374 Σύμμαχον-ι
1835 5309 1919 5360 Ἐν

376 5388 493 5448 ταῖς
518 5390 737 5455 σκηναῖς
751 5391 925 5443 αὐτῶν
948 5390 1019 5460 μὴ
1039 5390 1174 5442 ἔστω
1194 5393 1222 5444 ὁ
1244 5393 1520 5448 κατοικῶν.
1544 5412 1563 5444 ι
1595 5394 1790 5464 Ἀρόην
1809 5396 1915 5467 γὰρ

377 5477 442 5528 ἐκ
485 5475 696 5546 βάθρων
739 5479 904 5532 πᾶσαι
946 5479 1120 5532 αὐτῶν
1159 5483 1213 5534 ai
1246 5484 1438 5552 σκηναὶ
1472 5483 1560 5537 καὶ
1596 5485 1650 5536 ai
1679 5485 1925 5555 οἰκήσεις,

2022 5041 2223 5098 nullum
2257 5036 2663 5097 ibiJudmorum
2690 5036 3052 5092 habitaculum
3081 5035 3324 5090 relictum
3353 5039 3434 5086 est
3465 5034 3555 5086 ubi

2022 5129 2326 5185 Graecorum
2374 5129 2644 5198 quispiam
2691 5127 2952 5203 habitare.
2981 5127 3174 5195 possit.
3218 5123 3558 5193 Quapropter

2020 5220 2220 5275 dictum
2249 5227 2368 5275 est:
2393 5239 2412 5272 ‹
2441 5219 2503 5272 Et
2532 5221 2588 5272 in
2617 5216 3194 5270 tabernaculis-eorum
3225 5227 3332 5266 non
3362 5212 3435 5267 sit
3459 5214 3552 5282 qui

2023 5310 2316 5374 inhabitet;
2343 5330 2361 5361 ι
2385 5311 2489 5373 vel,
2510 5306 2802 5363 secundum
2835 5305 3232 5376 Symmachum,
3249 5316 3272 5352 ι
3290 5301 3347 5356 in
3375 5302 3553 5357 taber-

2017 5396 2224 5454 naculis
2247 5411 2432 5452 eorum
2457 5411 2562 5451 non
2582 5395 2652 5450 sit
2675 5385 2766 5463 qui
2791 5393 3065 5448 inhabitet.
3080 5389 3386 5446 rRadicitus
3405 5390 3547 5444 enim

2017 5495 2123 5543 et-a
2154 5485 2704 5543 fundamentisomnia
2728 5484 3074 5540 tabernacula
3101 5491 3154 5536 et
3168 5481 3438 5536 domicilia
3463 5493 3551 5535 eo-

379 5569 830 5638 κατεσκάφησανεε
869 5571 1005 5642 Ὅρα
1035 5573 1441 5627 τοίνυν-ὁπόσων
1467 5575 1918 5655 ἐμνημόνευσενρδ
2014 5593 2077 5632 ru

1849 5578 1918 5634 ινδ
2014 5592 2133 5632 rum
2158 5578 2337 5635 excisa
2361 5585 2506 5634 sunt.
2535 5577 2910 5634 Animadverte
2935 5575 3096 5645 igitur
3115 5571 3250 5643 quot
3272 5578 3326 5625 et.
3347 5582 3547 5639 quanta

379 5657 553 5726 λόγος,
580 5660 809 5730 ἐρημίας
828 5660 920 5714 τοῦ
947 5661 1099 5732 ἁγίου
1120 5664 1282 5717 τόπου
1303 5703 1317 5728 ,
1341 5666 1640 5738 ἀφανισμοῦ
1662 5665 1914 5736 τῶν-σκη-

2015 5665 2104 5719 hic
2129 5673 2516 5739 memorentur,
2546 5667 2718 5721 sancti
2761 5665 2864 5719 loci
2904 5663 3171 5724 solitudo,
3213 5659 3420 5716 evulsio
3467 5669 3545 5713 ta-

381 5749 640 5819 νωμάτων
667 5750 860 5815 αὐτῶν,
893 5751 980 5804 τοῦ
1009 5753 1192 5818 ἔθνους
1217 5751 1508 5821 παντελοῦς
1523 5754 1909 5821 ταπεινώσεοκ,
1938 5795 1944 5800 ς
2014 5757 2079 5814 bu

1857 5773 1944 5821 s.~
2014 5753 2428 5814 bernaculorum
2469 5757 2738 5828 ipsorum,
2782 5765 3016 5815 extrema
3061 5753 3232 5830 gentis
3277 5750 3507 5822 abjectia
3539 5793 3555 5820 ,

448 5899 492 5931 ⁸³
530 5900 671 5958 Psal.
715 5920 903 5971 LXXIII,
947 5906 996 5962 i.
1072 5907 1112 5939 ³⁹
1151 5906 1172 5962 l
1210 5907 1398 5967 Thess.
1442 5925 1506 5976 It,
1549 5889 1631 5962 l6.
