  <div class='ocr_page' id='page_1' title='image "/cluster/home/n/w/nwhite01/storage/ocr_20150623/23/coo.31924054873041/393.png"; bbox 0 0 4300 6428; ppageno 0'>
   <div class='ocr_carea' id='block_1_1' title="bbox 807 564 912 619">
    <p class='ocr_par' dir='ltr' id='par_1_1' title="bbox 807 564 912 619">
     <span class='ocr_line' id='line_1_1' title="bbox 807 564 912 619; baseline -0.01 0"><span class='ocrx_word' id='word_1_1' title='bbox 807 564 912 619; x_wconf 66' lang='grc'><strong>75³5</strong></span> 
     </span>
    </p>
   </div>
   <div class='ocr_carea' id='block_1_2' title="bbox 1481 513 3337 618">
    <p class='ocr_par' dir='ltr' id='par_1_2' title="bbox 1481 513 3337 618">
     <span class='ocr_line' id='line_1_2' title="bbox 1481 513 3337 618; baseline -0.006 -2"><span class='ocrx_word' id='word_1_2' title='bbox 1481 557 1749 618; x_wconf 82' lang='lat' dir='ltr'><strong>EUSEBll</strong></span> <span class='ocrx_word' id='word_1_3' title='bbox 1786 553 2262 615; x_wconf 59' lang='lat' dir='ltr'><strong>cmssnmms</strong></span> <span class='ocrx_word' id='word_1_4' title='bbox 2300 554 2446 611; x_wconf 73' lang='lat' dir='ltr'><strong>ore.</strong></span> <span class='ocrx_word' id='word_1_5' title='bbox 2487 513 2667 612; x_wconf 58' lang='lat' dir='ltr'><strong>ius</strong></span> <span class='ocrx_word' id='word_1_6' title='bbox 2704 552 2789 613; x_wconf 72' lang='grc' dir='ltr'>ιιι.</span> <span class='ocrx_word' id='word_1_7' title='bbox 2832 583 2901 596; x_wconf 88' lang='grc'><strong><em>-</em></strong></span> <span class='ocrx_word' id='word_1_8' title='bbox 2929 549 3337 609; x_wconf 78' lang='lat' dir='ltr'><strong>EXEGETICA.</strong></span> 
     </span>
    </p>
   </div>
   <div class='ocr_carea' id='block_1_3' title="bbox 3909 546 4014 604">
    <p class='ocr_par' dir='ltr' id='par_1_3' title="bbox 3909 546 4014 604">
     <span class='ocr_line' id='line_1_3' title="bbox 3909 546 4014 604; baseline 0 0"><span class='ocrx_word' id='word_1_9' title='bbox 3909 546 4014 604; x_wconf 79' lang='lat'><strong>756</strong></span> 
     </span>
    </p>
   </div>
   <div class='ocr_carea' id='block_1_4' title="bbox 807 665 2505 750">
    <p class='ocr_par' dir='ltr' id='par_1_4' title="bbox 807 678 2505 750">
     <span class='ocr_line' id='line_1_4' title="bbox 807 678 2505 750; baseline -0.004 -16"><span class='ocrx_word' id='word_1_10' title='bbox 807 679 1013 735; x_wconf 80' lang='lat' dir='ltr'><strong>mentis.</strong></span> <span class='ocrx_word' id='word_1_11' title='bbox 1049 695 1239 734; x_wconf 85' lang='lat' dir='ltr'><strong>eorum</strong></span> <span class='ocrx_word' id='word_1_12' title='bbox 1273 680 1630 742; x_wconf 82' lang='lat' dir='ltr'><strong>obscuratio,</strong></span> <span class='ocrx_word' id='word_1_13' title='bbox 1689 680 1994 750; x_wconf 80' lang='lat' dir='ltr'><strong>ignorantia</strong></span> <span class='ocrx_word' id='word_1_14' title='bbox 2042 678 2348 731; x_wconf 82' lang='lat' dir='ltr'><strong>divinarum</strong></span> <span class='ocrx_word' id='word_1_15' title='bbox 2382 688 2424 744; x_wconf 70' lang='grc' dir='ltr'>Α</span> <span class='ocrx_word' id='word_1_16' title='bbox 2455 692 2505 728; x_wconf 71' lang='grc' dir='ltr'>σ)</span> 
     </span>
    </p>
   </div>
   <div class='ocr_carea' id='block_1_5' title="bbox 2315 665 4013 750">
    <p class='ocr_par' dir='ltr' id='par_1_5' title="bbox 2315 665 4013 748">
     <span class='ocr_line' id='line_1_5' title="bbox 2315 665 4013 748; baseline -0.004 -19"><span class='ocrx_word' id='word_1_17' title='bbox 2315 692 2348 729; x_wconf 89' lang='lat' dir='ltr'><strong>n</strong></span> <span class='ocrx_word' id='word_1_18' title='bbox 2382 688 2424 744; x_wconf 71' lang='grc' dir='ltr'>Α</span> <span class='ocrx_word' id='word_1_19' title='bbox 2455 675 2741 746; x_wconf 85' lang='grc' dir='ltr'>σκοτισμοῦ</span> <span class='ocrx_word' id='word_1_20' title='bbox 2767 678 2864 748; x_wconf 79' lang='grc' dir='ltr'>τῆς</span> <span class='ocrx_word' id='word_1_21' title='bbox 2892 675 3125 738; x_wconf 78' lang='grc' dir='ltr'><strong>διανοίας</strong></span> <span class='ocrx_word' id='word_1_22' title='bbox 3159 672 3371 735; x_wconf 77' lang='grc' dir='ltr'>αὐτῶν,</span> <span class='ocrx_word' id='word_1_23' title='bbox 3402 669 3655 740; x_wconf 78' lang='grc' dir='ltr'>ἀνοησίας</span> <span class='ocrx_word' id='word_1_24' title='bbox 3694 665 3813 721; x_wconf 83' lang='grc' dir='ltr'>’τῶν</span> <span class='ocrx_word' id='word_1_25' title='bbox 3854 666 4013 722; x_wconf 79' lang='grc' dir='ltr'>θείων</span> 
     </span>
    </p>
   </div>
   <div class='ocr_carea' id='block_1_6' title="bbox 809 756 2355 840">
    <p class='ocr_par' dir='ltr' id='par_1_6' title="bbox 809 756 2355 840">
     <span class='ocr_line' id='line_1_6' title="bbox 809 756 2355 840; baseline -0.001 -18"><span class='ocrx_word' id='word_1_26' title='bbox 809 768 1249 839; x_wconf 69' lang='lat' dir='ltr'><strong>Scripturarum;</strong></span> <span class='ocrx_word' id='word_1_27' title='bbox 1304 785 1424 840; x_wconf 70' lang='lat' dir='ltr'><strong>quae</strong></span> <span class='ocrx_word' id='word_1_28' title='bbox 1478 785 1584 824; x_wconf 84' lang='lat' dir='ltr'><strong>non</strong></span> <span class='ocrx_word' id='word_1_29' title='bbox 1635 756 1742 823; x_wconf 88' lang='lat' dir='ltr'><strong>alio</strong></span> <span class='ocrx_word' id='word_1_30' title='bbox 1791 777 2035 838; x_wconf 89' lang='lat' dir='ltr'><strong>tempore</strong></span> <span class='ocrx_word' id='word_1_31' title='bbox 2090 769 2355 837; x_wconf 86' lang='lat' dir='ltr'><strong>completa</strong></span> 
     </span>
    </p>
   </div>
   <div class='ocr_carea' id='block_1_7' title="bbox 807 856 2353 931">
    <p class='ocr_par' dir='ltr' id='par_1_7' title="bbox 807 856 2353 931">
     <span class='ocr_line' id='line_1_7' title="bbox 807 856 2353 931; baseline -0.001 -16"><span class='ocrx_word' id='word_1_32' title='bbox 807 868 970 923; x_wconf 86' lang='lat' dir='ltr'><strong>sunt,</strong></span> <span class='ocrx_word' id='word_1_33' title='bbox 1002 877 1160 930; x_wconf 78' lang='lat' dir='ltr'><strong>quam</strong></span> <span class='ocrx_word' id='word_1_34' title='bbox 1192 870 1316 931; x_wconf 85' lang='lat' dir='ltr'><strong>post</strong></span> <span class='ocrx_word' id='word_1_35' title='bbox 1349 863 1511 931; x_wconf 82' lang='lat' dir='ltr'><strong>impia</strong></span> <span class='ocrx_word' id='word_1_36' title='bbox 1539 856 1637 915; x_wconf 84' lang='lat' dir='ltr'><strong>sua</strong></span> <span class='ocrx_word' id='word_1_37' title='bbox 1670 862 1724 915; x_wconf 93' lang='lat' dir='ltr'><strong>in</strong></span> <span class='ocrx_word' id='word_1_38' title='bbox 1756 860 2030 915; x_wconf 88' lang='lat' dir='ltr'><strong>Christum</strong></span> <span class='ocrx_word' id='word_1_39' title='bbox 2064 859 2152 915; x_wconf 89' lang='lat' dir='ltr'><strong>Dei</strong></span> <span class='ocrx_word' id='word_1_40' title='bbox 2183 867 2353 930; x_wconf 87' lang='lat' dir='ltr'><strong>gesta.</strong></span> 
     </span>
    </p>
   </div>
   <div class='ocr_carea' id='block_1_8' title="bbox 806 952 2357 1022">
    <p class='ocr_par' dir='ltr' id='par_1_8' title="bbox 806 952 2357 1022">
     <span class='ocr_line' id='line_1_8' title="bbox 806 952 2357 1022; baseline 0.001 -19"><span class='ocrx_word' id='word_1_41' title='bbox 806 952 983 1016; x_wconf 85' lang='lat' dir='ltr'><strong>Quare</strong></span> <span class='ocrx_word' id='word_1_42' title='bbox 1006 953 1197 1006; x_wconf 91' lang='lat' dir='ltr'><strong>horum</strong></span> <span class='ocrx_word' id='word_1_43' title='bbox 1223 970 1443 1008; x_wconf 78' lang='lat' dir='ltr'><strong>causam</strong></span> <span class='ocrx_word' id='word_1_44' title='bbox 1470 953 1765 1008; x_wconf 73' lang='lat' dir='ltr'><strong>secundum</strong></span> <span class='ocrx_word' id='word_1_45' title='bbox 1790 953 1900 1007; x_wconf 63' lang='lat' dir='ltr'><strong>haec</strong></span> <span class='ocrx_word' id='word_1_46' title='bbox 1924 953 2201 1022; x_wconf 76' lang='lat' dir='ltr'><strong>prophetia</strong></span> <span class='ocrx_word' id='word_1_47' title='bbox 2231 967 2357 1006; x_wconf 85' lang='lat' dir='ltr'><strong>nar—</strong></span> 
     </span>
    </p>
   </div>
   <div class='ocr_carea' id='block_1_9' title="bbox 805 1045 2353 1115">
    <p class='ocr_par' dir='ltr' id='par_1_9' title="bbox 805 1045 2353 1115">
     <span class='ocr_line' id='line_1_9' title="bbox 805 1045 2353 1115; baseline 0.005 -21"><span class='ocrx_word' id='word_1_48' title='bbox 805 1051 890 1095; x_wconf 88' lang='lat' dir='ltr'><strong>rat</strong></span> <span class='ocrx_word' id='word_1_49' title='bbox 940 1045 1024 1097; x_wconf 90' lang='lat' dir='ltr'><strong>his</strong></span> <span class='ocrx_word' id='word_1_50' title='bbox 1071 1046 1252 1099; x_wconf 88' lang='lat' dir='ltr'><strong>verbis</strong></span> <span class='ocrx_word' id='word_1_51' title='bbox 1277 1045 1632 1111; x_wconf 68' lang='lat' dir='ltr'><strong>:.¢Quoniant</strong></span> <span class='ocrx_word' id='word_1_52' title='bbox 1689 1061 1845 1114; x_wconf 82' lang='lat' dir='ltr'><strong>quem</strong></span> <span class='ocrx_word' id='word_1_53' title='bbox 1895 1053 1953 1099; x_wconf 89' lang='lat' dir='ltr'><strong>tu</strong></span> <span class='ocrx_word' id='word_1_54' title='bbox 2003 1049 2353 1115; x_wconf 84' lang='lat' dir='ltr'><strong>percussisti,</strong></span> 
     </span>
    </p>
   </div>
   <div class='ocr_carea' id='block_1_10' title="bbox 806 1123 2356 1205">
    <p class='ocr_par' dir='ltr' id='par_1_10' title="bbox 806 1123 2356 1205">
     <span class='ocr_line' id='line_1_10' title="bbox 806 1123 2356 1205; baseline 0.005 -18"><span class='ocrx_word' id='word_1_55' title='bbox 806 1136 1075 1202; x_wconf 81' lang='lat' dir='ltr'><strong>persecuti</strong></span> <span class='ocrx_word' id='word_1_56' title='bbox 1097 1123 1255 1203; x_wconf 80' lang='lat' dir='ltr'><strong>sunt,</strong></span> <span class='ocrx_word' id='word_1_57' title='bbox 1276 1145 1331 1192; x_wconf 91' lang='lat' dir='ltr'><strong>et</strong></span> <span class='ocrx_word' id='word_1_58' title='bbox 1356 1153 1520 1205; x_wconf 78' lang='lat' dir='ltr'><strong>super</strong></span> <span class='ocrx_word' id='word_1_59' title='bbox 1544 1136 1781 1192; x_wconf 77' lang='lat' dir='ltr'><strong>dolorem</strong></span> <span class='ocrx_word' id='word_1_60' title='bbox 1809 1139 2088 1195; x_wconf 78' lang='lat' dir='ltr'><strong>vulnerum</strong></span> <span class='ocrx_word' id='word_1_61' title='bbox 2114 1156 2356 1195; x_wconf 89' lang='lat' dir='ltr'><strong>meorum</strong></span> 
     </span>
    </p>
   </div>
   <div class='ocr_carea' id='block_1_11' title="bbox 807 1220 2358 1307">
    <p class='ocr_par' dir='ltr' id='par_1_11' title="bbox 807 1220 2358 1307">
     <span class='ocr_line' id='line_1_11' title="bbox 807 1220 2358 1307; baseline 0.006 -29"><span class='ocrx_word' id='word_1_62' title='bbox 807 1226 1166 1289; x_wconf 83' lang='lat' dir='ltr'><strong>addiderunt,</strong></span> <span class='ocrx_word' id='word_1_63' title='bbox 1199 1249 1217 1280; x_wconf 74' lang='grc' dir='ltr'>ι</span> <span class='ocrx_word' id='word_1_64' title='bbox 1245 1239 1348 1282; x_wconf 86' lang='lat' dir='ltr'><strong>etc.</strong></span> <span class='ocrx_word' id='word_1_65' title='bbox 1401 1229 1591 1283; x_wconf 83' lang='lat' dir='ltr'><strong>Omnia</strong></span> <span class='ocrx_word' id='word_1_66' title='bbox 1635 1231 1889 1299; x_wconf 77' lang='lat' dir='ltr'><strong>superius</strong></span> <span class='ocrx_word' id='word_1_67' title='bbox 1927 1220 2177 1307; x_wconf 77' lang='lat' dir='ltr'><strong>enarrata</strong></span> <span class='ocrx_word' id='word_1_68' title='bbox 2224 1233 2358 1302; x_wconf 89' lang='lat' dir='ltr'><strong>ipsis</strong></span> 
     </span>
    </p>
   </div>
   <div class='ocr_carea' id='block_1_12' title="bbox 807 1322 2356 1392">
    <p class='ocr_par' dir='ltr' id='par_1_12' title="bbox 807 1322 2356 1392">
     <span class='ocr_line' id='line_1_12' title="bbox 807 1322 2356 1392; baseline 0.003 -19"><span class='ocrx_word' id='word_1_69' title='bbox 807 1327 1064 1374; x_wconf 78' lang='lat' dir='ltr'><strong>eventura</strong></span> <span class='ocrx_word' id='word_1_70' title='bbox 1093 1338 1214 1376; x_wconf 88' lang='lat' dir='ltr'><strong>esse</strong></span> <span class='ocrx_word' id='word_1_71' title='bbox 1240 1322 1407 1385; x_wconf 90' lang='lat' dir='ltr'><strong>dicit,</strong></span> <span class='ocrx_word' id='word_1_72' title='bbox 1433 1337 1539 1376; x_wconf 91' lang='lat' dir='ltr'><strong>non</strong></span> <span class='ocrx_word' id='word_1_73' title='bbox 1573 1333 1794 1392; x_wconf 76' lang='lat' dir='ltr'><strong>propter</strong></span> <span class='ocrx_word' id='word_1_74' title='bbox 1821 1323 2087 1377; x_wconf 81' lang='lat' dir='ltr'><strong>idolorum</strong></span> <span class='ocrx_word' id='word_1_75' title='bbox 2114 1324 2318 1378; x_wconf 89' lang='lat' dir='ltr'><strong>cultum</strong></span> <span class='ocrx_word' id='word_1_76' title='bbox 2341 1341 2356 1392; x_wconf 94' lang='lat'><strong>;</strong></span> 
     </span>
    </p>
   </div>
   <div class='ocr_carea' id='block_1_13' title="bbox 806 1411 2352 1484">
    <p class='ocr_par' dir='ltr' id='par_1_13' title="bbox 806 1411 2352 1484">
     <span class='ocr_line' id='line_1_13' title="bbox 806 1411 2352 1484; baseline 0.003 -21"><span class='ocrx_word' id='word_1_77' title='bbox 806 1411 901 1464; x_wconf 75' lang='lat' dir='ltr'><strong>sed</strong></span> <span class='ocrx_word' id='word_1_78' title='bbox 929 1413 1216 1482; x_wconf 73' lang='lat' dir='ltr'><strong>«quoniam</strong></span> <span class='ocrx_word' id='word_1_79' title='bbox 1248 1428 1404 1481; x_wconf 87' lang='lat' dir='ltr'><strong>quem</strong></span> <span class='ocrx_word' id='word_1_80' title='bbox 1433 1423 1488 1468; x_wconf 93' lang='lat' dir='ltr'><strong>tu</strong></span> <span class='ocrx_word' id='word_1_81' title='bbox 1516 1414 1836 1484; x_wconf 82' lang='lat' dir='ltr'><strong>percussisti</strong></span> <span class='ocrx_word' id='word_1_82' title='bbox 1866 1417 2139 1483; x_wconf 84' lang='lat' dir='ltr'><strong>persecuti</strong></span> <span class='ocrx_word' id='word_1_83' title='bbox 2172 1423 2352 1470; x_wconf 68' lang='lat' dir='ltr'><strong>sunt.»</strong></span> 
     </span>
    </p>
   </div>
   <div class='ocr_carea' id='block_1_14' title="bbox 808 1503 2360 1578">
    <p class='ocr_par' dir='ltr' id='par_1_14' title="bbox 808 1503 2360 1578">
     <span class='ocr_line' id='line_1_14' title="bbox 808 1503 2360 1578; baseline 0.006 -23"><span class='ocrx_word' id='word_1_84' title='bbox 808 1503 888 1558; x_wconf 84' lang='grc' dir='ltr'>τυ</span> <span class='ocrx_word' id='word_1_85' title='bbox 933 1521 1168 1574; x_wconf 85' lang='lat' dir='ltr'><strong>namque</strong></span> <span class='ocrx_word' id='word_1_86' title='bbox 1205 1506 1502 1560; x_wconf 88' lang='lat' dir='ltr'><strong>secundum</strong></span> <span class='ocrx_word' id='word_1_87' title='bbox 1536 1508 1674 1560; x_wconf 88' lang='lat' dir='ltr'><strong>hanc</strong></span> <span class='ocrx_word' id='word_1_88' title='bbox 1709 1509 2044 1578; x_wconf 81' lang='lat' dir='ltr'><strong>prepbetiam</strong></span> <span class='ocrx_word' id='word_1_89' title='bbox 2067 1549 2080 1572; x_wconf 95' lang='lat'><strong>,</strong></span> <span class='ocrx_word' id='word_1_90' title='bbox 2112 1528 2130 1559; x_wconf 89' lang='grc'><strong>‹</strong></span> <span class='ocrx_word' id='word_1_91' title='bbox 2159 1508 2360 1565; x_wconf 82' lang='lat' dir='ltr'><strong>Percu-</strong></span> 
     </span>
    </p>
   </div>
   <div class='ocr_carea' id='block_1_15' title="bbox 803 1595 2351 1670">
    <p class='ocr_par' dir='ltr' id='par_1_15' title="bbox 803 1595 2351 1670">
     <span class='ocr_line' id='line_1_15' title="bbox 803 1595 2351 1670; baseline 0.004 -24"><span class='ocrx_word' id='word_1_92' title='bbox 803 1595 935 1647; x_wconf 88' lang='lat' dir='ltr'><strong>tiam</strong></span> <span class='ocrx_word' id='word_1_93' title='bbox 981 1605 1288 1662; x_wconf 85' lang='lat' dir='ltr'><strong>pastorem,</strong></span> <span class='ocrx_word' id='word_1_94' title='bbox 1338 1606 1391 1651; x_wconf 89' lang='lat' dir='ltr'><strong>et</strong></span> <span class='ocrx_word' id='word_1_95' title='bbox 1433 1595 1817 1667; x_wconf 84' lang='lat' dir='ltr'><strong>dispergentur</strong></span> <span class='ocrx_word' id='word_1_96' title='bbox 1860 1613 1996 1655; x_wconf 81' lang='lat' dir='ltr'><strong>oves</strong></span> <span class='ocrx_word' id='word_1_97' title='bbox 2021 1602 2203 1670; x_wconf 78' lang='lat' dir='ltr'><strong>gregis</strong></span> <span class='ocrx_word' id='word_1_98' title='bbox 2233 1601 2298 1665; x_wconf 72' lang='lat'><strong>‘°,</strong></span> <span class='ocrx_word' id='word_1_99' title='bbox 2333 1620 2351 1652; x_wconf 74' lang='grc' dir='ltr'>ι</span> 
     </span>
    </p>
   </div>
   <div class='ocr_carea' id='block_1_16' title="bbox 805 1687 2357 1762">
    <p class='ocr_par' dir='ltr' id='par_1_16' title="bbox 805 1687 2357 1762">
     <span class='ocr_line' id='line_1_16' title="bbox 805 1687 2357 1762; baseline 0.006 -25"><span class='ocrx_word' id='word_1_100' title='bbox 805 1687 1113 1741; x_wconf 86' lang='lat' dir='ltr'><strong>rationibus</strong></span> <span class='ocrx_word' id='word_1_101' title='bbox 1155 1688 1250 1742; x_wconf 87' lang='lat' dir='ltr'><strong>abs</strong></span> <span class='ocrx_word' id='word_1_102' title='bbox 1295 1697 1348 1743; x_wconf 90' lang='lat' dir='ltr'><strong>te</strong></span> <span class='ocrx_word' id='word_1_103' title='bbox 1391 1691 1624 1758; x_wconf 86' lang='lat' dir='ltr'><strong>cognitis</strong></span> <span class='ocrx_word' id='word_1_104' title='bbox 1663 1690 2006 1760; x_wconf 85' lang='lat' dir='ltr'><strong>percussisti.</strong></span> <span class='ocrx_word' id='word_1_105' title='bbox 2033 1689 2186 1746; x_wconf 87' lang='lat' dir='ltr'><strong>Unde</strong></span> <span class='ocrx_word' id='word_1_106' title='bbox 2217 1693 2357 1762; x_wconf 86' lang='lat' dir='ltr'><strong>apud</strong></span> 
     </span>
    </p>
   </div>
   <div class='ocr_carea' id='block_1_17' title="bbox 805 1777 2356 1861">
    <p class='ocr_par' dir='ltr' id='par_1_17' title="bbox 805 1777 2356 1861">
     <span class='ocr_line' id='line_1_17' title="bbox 805 1777 2356 1861; baseline 0.007 -33"><span class='ocrx_word' id='word_1_107' title='bbox 805 1777 1126 1845; x_wconf 83' lang='lat' dir='ltr'><strong>Apostolum</strong></span> <span class='ocrx_word' id='word_1_108' title='bbox 1155 1781 1352 1833; x_wconf 90' lang='lat' dir='ltr'><strong>dicitur</strong></span> <span class='ocrx_word' id='word_1_109' title='bbox 1376 1799 1387 1834; x_wconf 93' lang='lat'>:</span> <span class='ocrx_word' id='word_1_110' title='bbox 1415 1800 1432 1831; x_wconf 80' lang='grc' dir='ltr'><strong>ι</strong></span> <span class='ocrx_word' id='word_1_111' title='bbox 1462 1782 1517 1834; x_wconf 90' lang='lat' dir='ltr'><strong>Si</strong></span> <span class='ocrx_word' id='word_1_112' title='bbox 1543 1783 1685 1836; x_wconf 88' lang='lat' dir='ltr'><strong>enim</strong></span> <span class='ocrx_word' id='word_1_113' title='bbox 1719 1784 1938 1853; x_wconf 85' lang='lat' dir='ltr'><strong>proprio</strong></span> <span class='ocrx_word' id='word_1_114' title='bbox 1963 1781 2100 1839; x_wconf 84' lang='lat' dir='ltr'><strong>Filio</strong></span> <span class='ocrx_word' id='word_1_115' title='bbox 2124 1799 2223 1861; x_wconf 83' lang='lat' dir='ltr'><strong>suo</strong></span> <span class='ocrx_word' id='word_1_116' title='bbox 2248 1799 2356 1840; x_wconf 79' lang='lat' dir='ltr'><strong>non</strong></span> 
     </span>
    </p>
   </div>
   <div class='ocr_carea' id='block_1_18' title="bbox 803 1872 2350 1943">
    <p class='ocr_par' dir='ltr' id='par_1_18' title="bbox 803 1872 2350 1943">
     <span class='ocr_line' id='line_1_18' title="bbox 803 1872 2350 1943; baseline 0.004 -21"><span class='ocrx_word' id='word_1_117' title='bbox 803 1872 1041 1938; x_wconf 84' lang='lat' dir='ltr'><strong>pepercit</strong></span> <span class='ocrx_word' id='word_1_118' title='bbox 1065 1912 1077 1930; x_wconf 85' lang='lat'><strong>.</strong></span> <span class='ocrx_word' id='word_1_119' title='bbox 1108 1875 1198 1927; x_wconf 88' lang='lat' dir='ltr'><strong>sed</strong></span> <span class='ocrx_word' id='word_1_120' title='bbox 1231 1890 1327 1943; x_wconf 87' lang='lat' dir='ltr'><strong>pro</strong></span> <span class='ocrx_word' id='word_1_121' title='bbox 1361 1877 1515 1931; x_wconf 91' lang='lat' dir='ltr'><strong>nobis</strong></span> <span class='ocrx_word' id='word_1_122' title='bbox 1546 1877 1799 1931; x_wconf 90' lang='lat' dir='ltr'><strong>omnibus</strong></span> <span class='ocrx_word' id='word_1_123' title='bbox 1827 1877 2048 1933; x_wconf 83' lang='lat' dir='ltr'><strong>tradidit</strong></span> <span class='ocrx_word' id='word_1_124' title='bbox 2076 1878 2226 1933; x_wconf 92' lang='lat' dir='ltr'><strong>illum</strong></span> <span class='ocrx_word' id='word_1_125' title='bbox 2253 1879 2350 1934; x_wconf 71' lang='grc' dir='ltr'>δ’.»</span> 
     </span>
    </p>
   </div>
   <div class='ocr_carea' id='block_1_19' title="bbox 804 1961 2358 2031">
    <p class='ocr_par' dir='ltr' id='par_1_19' title="bbox 804 1961 2358 2031">
     <span class='ocr_line' id='line_1_19' title="bbox 804 1961 2358 2031; baseline 0.008 -18"><span class='ocrx_word' id='word_1_126' title='bbox 804 1961 903 2014; x_wconf 82' lang='lat' dir='ltr'><strong>Cui</strong></span> <span class='ocrx_word' id='word_1_127' title='bbox 936 1963 1212 2018; x_wconf 85' lang='lat' dir='ltr'><strong>tradiderit</strong></span> <span class='ocrx_word' id='word_1_128' title='bbox 1240 1983 1361 2021; x_wconf 92' lang='lat' dir='ltr'><strong>eum</strong></span> <span class='ocrx_word' id='word_1_129' title='bbox 1381 2008 1394 2031; x_wconf 95' lang='lat'><strong>,</strong></span> <span class='ocrx_word' id='word_1_130' title='bbox 1425 1967 1593 2024; x_wconf 80' lang='lat' dir='ltr'><strong>Isaias</strong></span> <span class='ocrx_word' id='word_1_131' title='bbox 1623 1970 1841 2024; x_wconf 88' lang='lat' dir='ltr'><strong>docebit</strong></span> <span class='ocrx_word' id='word_1_132' title='bbox 1872 1971 1958 2025; x_wconf 89' lang='lat' dir='ltr'><strong>bis</strong></span> <span class='ocrx_word' id='word_1_133' title='bbox 1989 1970 2203 2027; x_wconf 84' lang='lat' dir='ltr'><strong>verbis:</strong></span> <span class='ocrx_word' id='word_1_134' title='bbox 2241 1990 2261 2022; x_wconf 73' lang='grc' dir='ltr'><strong>ι</strong></span> <span class='ocrx_word' id='word_1_135' title='bbox 2293 1971 2358 2025; x_wconf 90' lang='lat' dir='ltr'><strong>Et</strong></span> 
     </span>
    </p>
   </div>
   <div class='ocr_carea' id='block_1_20' title="bbox 2456 762 4014 844">
    <p class='ocr_par' dir='ltr' id='par_1_20' title="bbox 2456 762 4014 844">
     <span class='ocr_line' id='line_1_20' title="bbox 2456 762 4014 844; baseline -0.008 -19"><span class='ocrx_word' id='word_1_136' title='bbox 2456 773 2820 844; x_wconf 87' lang='grc' dir='ltr'>Γραμμάτων,</span> <span class='ocrx_word' id='word_1_137' title='bbox 2854 770 2890 824; x_wconf 73' lang='grc' dir='ltr'>ἃ</span> <span class='ocrx_word' id='word_1_138' title='bbox 2919 770 3012 823; x_wconf 70' lang='grc' dir='ltr'><strong>καὶ</strong></span> <span class='ocrx_word' id='word_1_139' title='bbox 3043 770 3143 822; x_wconf 85' lang='grc' dir='ltr'><strong>οὑκ</strong></span> <span class='ocrx_word' id='word_1_140' title='bbox 3174 766 3356 821; x_wconf 77' lang='grc' dir='ltr'>ἄλλοτε</span> <span class='ocrx_word' id='word_1_141' title='bbox 3381 762 3681 836; x_wconf 73' lang='grc' dir='ltr'><strong>ἐπληροῦτο</strong></span> <span class='ocrx_word' id='word_1_142' title='bbox 3712 763 3790 824; x_wconf 83' lang='grc' dir='ltr'><strong>είς</strong></span> <span class='ocrx_word' id='word_1_143' title='bbox 3817 762 4014 823; x_wconf 81' lang='grc' dir='ltr'>αὐτοὺς</span> 
     </span>
    </p>
   </div>
   <div class='ocr_carea' id='block_1_21' title="bbox 2456 851 4014 937">
    <p class='ocr_par' dir='ltr' id='par_1_21' title="bbox 2456 851 4014 937">
     <span class='ocr_line' id='line_1_21' title="bbox 2456 851 4014 937; baseline -0.01 -18"><span class='ocrx_word' id='word_1_144' title='bbox 2456 867 2489 937; x_wconf 77' lang='grc' dir='ltr'>ἢ</span> <span class='ocrx_word' id='word_1_145' title='bbox 2526 865 2660 936; x_wconf 89' lang='grc' dir='ltr'><strong>μετά</strong></span> <span class='ocrx_word' id='word_1_146' title='bbox 2693 864 2753 917; x_wconf 83' lang='grc' dir='ltr'><strong>τὸ</strong></span> <span class='ocrx_word' id='word_1_147' title='bbox 2784 861 3049 930; x_wconf 73' lang='grc' dir='ltr'>ἀσεϐῆσαι</span> <span class='ocrx_word' id='word_1_148' title='bbox 3076 861 3151 923; x_wconf 76' lang='grc' dir='ltr'>εἰς</span> <span class='ocrx_word' id='word_1_149' title='bbox 3183 859 3275 913; x_wconf 81' lang='grc' dir='ltr'><strong>τὸν</strong></span> <span class='ocrx_word' id='word_1_150' title='bbox 3312 855 3541 928; x_wconf 83' lang='grc' dir='ltr'>Χριστὸν</span> <span class='ocrx_word' id='word_1_151' title='bbox 3573 853 3665 914; x_wconf 72' lang='grc' dir='ltr'>τοῦ</span> <span class='ocrx_word' id='word_1_152' title='bbox 3706 853 3861 906; x_wconf 80' lang='grc' dir='ltr'>Θεοῦ.</span> <span class='ocrx_word' id='word_1_153' title='bbox 3924 851 4014 904; x_wconf 84' lang='grc' dir='ltr'><strong>Διὸ</strong></span> 
     </span>
    </p>
   </div>
   <div class='ocr_carea' id='block_1_22' title="bbox 2458 943 4016 1026">
    <p class='ocr_par' dir='ltr' id='par_1_22' title="bbox 2458 943 4016 1026">
     <span class='ocr_line' id='line_1_22' title="bbox 2458 943 4016 1026; baseline -0.012 -13"><span class='ocrx_word' id='word_1_154' title='bbox 2458 958 2698 1026; x_wconf 68' lang='grc' dir='ltr'>ἐπιλέγει</span> <span class='ocrx_word' id='word_1_155' title='bbox 2719 957 2925 1018; x_wconf 81' lang='grc' dir='ltr'>τούτοις</span> <span class='ocrx_word' id='word_1_156' title='bbox 2952 954 3077 1024; x_wconf 79' lang='grc' dir='ltr'><strong>ὲξῆς</strong></span> <span class='ocrx_word' id='word_1_157' title='bbox 3101 952 3197 1022; x_wconf 73' lang='grc' dir='ltr'>τὴν</span> <span class='ocrx_word' id='word_1_158' title='bbox 3227 951 3404 1005; x_wconf 73' lang='grc' dir='ltr'>αἰτίαν</span> <span class='ocrx_word' id='word_1_159' title='bbox 3433 943 3533 1002; x_wconf 83' lang='grc' dir='ltr'>ὧδε</span> <span class='ocrx_word' id='word_1_160' title='bbox 3565 947 3845 1015; x_wconf 81' lang='grc' dir='ltr'><strong>φάσκουσα</strong></span> <span class='ocrx_word' id='word_1_161' title='bbox 3882 961 4016 1014; x_wconf 85' lang='grc' dir='ltr'>προ-</span> 
     </span>
    </p>
   </div>
   <div class='ocr_carea' id='block_1_23' title="bbox 2457 1037 4017 1125">
    <p class='ocr_par' dir='ltr' id='par_1_23' title="bbox 2457 1037 4017 1125">
     <span class='ocr_line' id='line_1_23' title="bbox 2457 1037 4017 1125; baseline -0.012 -18"><span class='ocrx_word' id='word_1_162' title='bbox 2457 1052 2650 1125; x_wconf 76' lang='grc' dir='ltr'>φητεία</span> <span class='ocrx_word' id='word_1_163' title='bbox 2667 1069 2678 1081; x_wconf 92' lang='grc'><strong>·</strong></span> <span class='ocrx_word' id='word_1_164' title='bbox 2714 1070 2731 1102; x_wconf 84' lang='grc' dir='ltr'><strong>ι</strong></span> <span class='ocrx_word' id='word_1_165' title='bbox 2757 1052 2876 1102; x_wconf 78' lang='grc' dir='ltr'>Ὅτι</span> <span class='ocrx_word' id='word_1_166' title='bbox 2905 1048 2963 1101; x_wconf 85' lang='grc' dir='ltr'>ὃν</span> <span class='ocrx_word' id='word_1_167' title='bbox 2985 1049 3051 1100; x_wconf 84' lang='grc' dir='ltr'><strong>σὺ</strong></span> <span class='ocrx_word' id='word_1_168' title='bbox 3079 1044 3378 1111; x_wconf 74' lang='grc' dir='ltr'>ὲπάταξας,</span> <span class='ocrx_word' id='word_1_169' title='bbox 3410 1039 3737 1104; x_wconf 70' lang='grc' dir='ltr'>κατεδίωξαν</span> <span class='ocrx_word' id='word_1_170' title='bbox 3761 1081 3776 1104; x_wconf 91' lang='grc'><em>,</em></span> <span class='ocrx_word' id='word_1_171' title='bbox 3805 1038 3898 1091; x_wconf 74' lang='grc' dir='ltr'>καὶ</span> <span class='ocrx_word' id='word_1_172' title='bbox 3925 1037 4017 1089; x_wconf 66' lang='grc' dir='ltr'><strong>ἐπὶ</strong></span> 
     </span>
    </p>
   </div>
   <div class='ocr_carea' id='block_1_24' title="bbox 2455 1126 4016 1213">
    <p class='ocr_par' dir='ltr' id='par_1_24' title="bbox 2455 1126 4016 1213">
     <span class='ocr_line' id='line_1_24' title="bbox 2455 1126 4016 1213; baseline -0.013 -13"><span class='ocrx_word' id='word_1_173' title='bbox 2455 1148 2518 1199; x_wconf 81' lang='grc' dir='ltr'>τὸ</span> <span class='ocrx_word' id='word_1_174' title='bbox 2554 1145 2713 1212; x_wconf 78' lang='grc' dir='ltr'>ἄλγος</span> <span class='ocrx_word' id='word_1_175' title='bbox 2754 1142 2866 1196; x_wconf 80' lang='grc' dir='ltr'><strong>τῶν</strong></span> <span class='ocrx_word' id='word_1_176' title='bbox 2886 1138 3211 1213; x_wconf 84' lang='grc' dir='ltr'><strong>τραυμάτων</strong></span> <span class='ocrx_word' id='word_1_177' title='bbox 3243 1153 3342 1208; x_wconf 90' lang='grc' dir='ltr'><strong>μου</strong></span> <span class='ocrx_word' id='word_1_178' title='bbox 3370 1133 3709 1206; x_wconf 75' lang='grc' dir='ltr'>προσέθηκαν</span> <span class='ocrx_word' id='word_1_179' title='bbox 3729 1173 3743 1196; x_wconf 87' lang='grc'><em>,</em></span> <span class='ocrx_word' id='word_1_180' title='bbox 3767 1149 3786 1181; x_wconf 73' lang='grc' dir='ltr'>ι</span> <span class='ocrx_word' id='word_1_181' title='bbox 3825 1129 3918 1182; x_wconf 72' lang='grc' dir='ltr'><strong>καὶ</strong></span> <span class='ocrx_word' id='word_1_182' title='bbox 3948 1126 4016 1180; x_wconf 82' lang='grc' dir='ltr'><strong>τά</strong></span> 
     </span>
    </p>
   </div>
   <div class='ocr_carea' id='block_1_25' title="bbox 2459 1224 4017 1311">
    <p class='ocr_par' dir='ltr' id='par_1_25' title="bbox 2459 1224 4017 1311">
     <span class='ocr_line' id='line_1_25' title="bbox 2459 1224 4017 1311; baseline -0.017 -15"><span class='ocrx_word' id='word_1_183' title='bbox 2459 1242 2601 1311; x_wconf 75' lang='grc' dir='ltr'>ἑξῆς.</span> <span class='ocrx_word' id='word_1_184' title='bbox 2627 1239 2708 1292; x_wconf 85' lang='grc' dir='ltr'>Τὰ</span> <span class='ocrx_word' id='word_1_185' title='bbox 2729 1234 3089 1308; x_wconf 79' lang='grc' dir='ltr'>προλεχθέντα</span> <span class='ocrx_word' id='word_1_186' title='bbox 3114 1232 3293 1285; x_wconf 86' lang='grc' dir='ltr'>πάντα</span> <span class='ocrx_word' id='word_1_187' title='bbox 3316 1224 3685 1298; x_wconf 75' lang='grc' dir='ltr'>συμὸήσεσθαι</span> <span class='ocrx_word' id='word_1_188' title='bbox 3709 1224 3892 1284; x_wconf 82' lang='grc' dir='ltr'>αὐτοῖς</span> <span class='ocrx_word' id='word_1_189' title='bbox 3920 1237 4017 1291; x_wconf 81' lang='grc' dir='ltr'><strong>φη-</strong></span> 
     </span>
    </p>
   </div>
   <div class='ocr_carea' id='block_1_26' title="bbox 2461 1312 4016 1402">
    <p class='ocr_par' dir='ltr' id='par_1_26' title="bbox 2461 1312 4016 1402">
     <span class='ocr_line' id='line_1_26' title="bbox 2461 1312 4016 1402; baseline -0.016 -14"><span class='ocrx_word' id='word_1_190' title='bbox 2461 1352 2563 1396; x_wconf 89' lang='grc' dir='ltr'>σιν,</span> <span class='ocrx_word' id='word_1_191' title='bbox 2597 1333 2659 1385; x_wconf 78' lang='grc' dir='ltr'><strong>οὐ</strong></span> <span class='ocrx_word' id='word_1_192' title='bbox 2679 1333 2765 1385; x_wconf 80' lang='grc' dir='ltr'><strong>διά</strong></span> <span class='ocrx_word' id='word_1_193' title='bbox 2785 1346 2906 1382; x_wconf 88' lang='grc' dir='ltr'>τινα</span> <span class='ocrx_word' id='word_1_194' title='bbox 2931 1322 3386 1393; x_wconf 83' lang='grc' dir='ltr'>είδωλολατρείαν,</span> <span class='ocrx_word' id='word_1_195' title='bbox 3419 1319 3528 1373; x_wconf 84' lang='grc' dir='ltr'>ἀλλ’</span> <span class='ocrx_word' id='word_1_196' title='bbox 3561 1337 3579 1369; x_wconf 80' lang='grc' dir='ltr'><strong>ι</strong></span> <span class='ocrx_word' id='word_1_197' title='bbox 3603 1319 3683 1370; x_wconf 80' lang='grc' dir='ltr'>ὅτι</span> <span class='ocrx_word' id='word_1_198' title='bbox 3703 1316 3765 1402; x_wconf 34' lang='grc' dir='ltr'><strong>’ὃν</strong></span> <span class='ocrx_word' id='word_1_199' title='bbox 3793 1315 3856 1367; x_wconf 78' lang='grc' dir='ltr'><strong>σὺ</strong></span> <span class='ocrx_word' id='word_1_200' title='bbox 3884 1312 4016 1364; x_wconf 78' lang='grc' dir='ltr'>ἐπά-</span> 
     </span>
    </p>
   </div>
   <div class='ocr_carea' id='block_1_27' title="bbox 2457 1404 4016 1489">
    <p class='ocr_par' dir='ltr' id='par_1_27' title="bbox 2457 1404 4016 1489">
     <span class='ocr_line' id='line_1_27' title="bbox 2457 1404 4016 1489; baseline -0.016 -10"><span class='ocrx_word' id='word_1_201' title='bbox 2457 1422 2651 1489; x_wconf 83' lang='grc' dir='ltr'>ταξας,</span> <span class='ocrx_word' id='word_1_202' title='bbox 2685 1417 3027 1483; x_wconf 79' lang='grc' dir='ltr'>κατεδίωξαν.</span> <span class='ocrx_word' id='word_1_203' title='bbox 3052 1435 3074 1467; x_wconf 82' lang='grc'>›</span> <span class='ocrx_word' id='word_1_204' title='bbox 3103 1416 3178 1468; x_wconf 78' lang='grc' dir='ltr'><strong>Σὺ</strong></span> <span class='ocrx_word' id='word_1_205' title='bbox 3210 1413 3304 1483; x_wconf 83' lang='grc' dir='ltr'><strong>μὲν</strong></span> <span class='ocrx_word' id='word_1_206' title='bbox 3331 1410 3436 1481; x_wconf 82' lang='grc' dir='ltr'>γὰρ</span> <span class='ocrx_word' id='word_1_207' title='bbox 3466 1407 3606 1463; x_wconf 77' lang='grc' dir='ltr'><strong>κατά</strong></span> <span class='ocrx_word' id='word_1_208' title='bbox 3627 1408 3725 1478; x_wconf 80' lang='grc' dir='ltr'><strong>τὴν</strong></span> <span class='ocrx_word' id='word_1_209' title='bbox 3752 1404 4016 1472; x_wconf 79' lang='grc' dir='ltr'>λέγουσαν</span> 
     </span>
    </p>
   </div>
   <div class='ocr_carea' id='block_1_28' title="bbox 2461 1498 4018 1591">
    <p class='ocr_par' dir='ltr' id='par_1_28' title="bbox 2461 1498 4018 1591">
     <span class='ocr_line' id='line_1_28' title="bbox 2461 1498 4018 1591; baseline -0.016 -19"><span class='ocrx_word' id='word_1_210' title='bbox 2461 1517 2825 1591; x_wconf 80' lang='grc' dir='ltr'>προφητείαν,</span> <span class='ocrx_word' id='word_1_211' title='bbox 2881 1532 2897 1564; x_wconf 83' lang='grc' dir='ltr'><strong>ι</strong></span> <span class='ocrx_word' id='word_1_212' title='bbox 2927 1508 3155 1572; x_wconf 78' lang='grc' dir='ltr'>Πατάξω</span> <span class='ocrx_word' id='word_1_213' title='bbox 3199 1505 3290 1558; x_wconf 82' lang='grc' dir='ltr'><strong>τὸν</strong></span> <span class='ocrx_word' id='word_1_214' title='bbox 3337 1503 3598 1573; x_wconf 83' lang='grc' dir='ltr'>ποιμένα,</span> <span class='ocrx_word' id='word_1_215' title='bbox 3640 1499 3731 1591; x_wconf 75' lang='grc' dir='ltr'>καὶ</span> <span class='ocrx_word' id='word_1_216' title='bbox 3766 1498 4018 1591; x_wconf 78' lang='grc' dir='ltr'>διασκορ-</span> 
     </span>
    </p>
   </div>
   <div class='ocr_carea' id='block_1_29' title="bbox 2458 1585 4017 1680">
    <p class='ocr_par' dir='ltr' id='par_1_29' title="bbox 2458 1585 4017 1680">
     <span class='ocr_line' id='line_1_29' title="bbox 2458 1585 4017 1680; baseline -0.018 -16"><span class='ocrx_word' id='word_1_217' title='bbox 2458 1585 2778 1680; x_wconf 70' lang='grc' dir='ltr'>πίσθήσεται</span> <span class='ocrx_word' id='word_1_218' title='bbox 2809 1603 2878 1658; x_wconf 75' lang='grc' dir='ltr'><strong>τά</strong></span> <span class='ocrx_word' id='word_1_219' title='bbox 2908 1599 3150 1673; x_wconf 78' lang='grc' dir='ltr'>πρόϐατα</span> <span class='ocrx_word' id='word_1_220' title='bbox 3175 1597 3275 1666; x_wconf 78' lang='grc' dir='ltr'>τῆς</span> <span class='ocrx_word' id='word_1_221' title='bbox 3306 1594 3536 1663; x_wconf 77' lang='grc' dir='ltr'>ποίμνης</span> <span class='ocrx_word' id='word_1_222' title='bbox 3555 1630 3578 1654; x_wconf 79' lang='lat'><strong>,</strong></span> <span class='ocrx_word' id='word_1_223' title='bbox 3597 1609 3622 1640; x_wconf 70' lang='grc' dir='ltr'>ι</span> <span class='ocrx_word' id='word_1_224' title='bbox 3647 1589 3712 1680; x_wconf 51' lang='grc' dir='ltr'><strong>διέ</strong></span> <span class='ocrx_word' id='word_1_225' title='bbox 3733 1586 3826 1680; x_wconf 68' lang='grc' dir='ltr'><strong>οὓς</strong></span> <span class='ocrx_word' id='word_1_226' title='bbox 3855 1585 4017 1680; x_wconf 67' lang='grc' dir='ltr'>αυτὸς</span> 
     </span>
    </p>
   </div>
   <div class='ocr_carea' id='block_1_30' title="bbox 2457 1678 4022 1768">
    <p class='ocr_par' dir='ltr' id='par_1_30' title="bbox 2457 1678 4022 1768">
     <span class='ocr_line' id='line_1_30' title="bbox 2457 1678 4022 1768; baseline -0.019 -11"><span class='ocrx_word' id='word_1_227' title='bbox 2457 1678 2813 1768; x_wconf 35' lang='grc' dir='ltr'>οἶδας-λόγους</span> <span class='ocrx_word' id='word_1_228' title='bbox 2841 1692 3131 1759; x_wconf 81' lang='grc' dir='ltr'>ὲπάταξας.</span> <span class='ocrx_word' id='word_1_229' title='bbox 3164 1688 3328 1742; x_wconf 87' lang='grc' dir='ltr'>Ὅθεν</span> <span class='ocrx_word' id='word_1_230' title='bbox 3350 1686 3559 1756; x_wconf 73' lang='grc' dir='ltr'>εἴρηται</span> <span class='ocrx_word' id='word_1_231' title='bbox 3583 1679 3732 1751; x_wconf 78' lang='grc' dir='ltr'>παρὰ</span> <span class='ocrx_word' id='word_1_232' title='bbox 3749 1678 3827 1749; x_wconf 79' lang='grc' dir='ltr'><strong>τῷ</strong></span> <span class='ocrx_word' id='word_1_233' title='bbox 3859 1679 4022 1729; x_wconf 83' lang='grc' dir='ltr'>Ἀπο-</span> 
     </span>
    </p>
   </div>
   <div class='ocr_carea' id='block_1_31' title="bbox 2460 1768 4024 1866">
    <p class='ocr_par' dir='ltr' id='par_1_31' title="bbox 2460 1768 4024 1866">
     <span class='ocr_line' id='line_1_31' title="bbox 2460 1768 4024 1866; baseline -0.02 -16"><span class='ocrx_word' id='word_1_234' title='bbox 2460 1796 2653 1866; x_wconf 69' lang='grc' dir='ltr'>στόλῳ*</span> <span class='ocrx_word' id='word_1_235' title='bbox 2678 1815 2697 1845; x_wconf 75' lang='grc' dir='ltr'><strong>ι</strong></span> <span class='ocrx_word' id='word_1_236' title='bbox 2718 1793 2781 1844; x_wconf 80' lang='lat' dir='ltr'><strong>Et</strong></span> <span class='ocrx_word' id='word_1_237' title='bbox 2800 1789 2906 1859; x_wconf 82' lang='grc' dir='ltr'>γὰρ</span> <span class='ocrx_word' id='word_1_238' title='bbox 2925 1784 3019 1839; x_wconf 83' lang='grc' dir='ltr'><strong>τοῦ</strong></span> <span class='ocrx_word' id='word_1_239' title='bbox 3043 1779 3304 1837; x_wconf 80' lang='grc' dir='ltr'>ίδίουΥίοῦ</span> <span class='ocrx_word' id='word_1_240' title='bbox 3329 1778 3428 1832; x_wconf 71' lang='grc' dir='ltr'><strong>οὐκ</strong></span> <span class='ocrx_word' id='word_1_241' title='bbox 3449 1773 3719 1866; x_wconf 77' lang='grc' dir='ltr'>ἐφείσατο,</span> <span class='ocrx_word' id='word_1_242' title='bbox 3746 1768 4024 1866; x_wconf 40' lang='grc' dir='ltr'>ἀλλ’-ὑπὲρ</span> 
     </span>
    </p>
   </div>
   <div class='ocr_carea' id='block_1_32' title="bbox 2456 1863 4018 1960">
    <p class='ocr_par' dir='ltr' id='par_1_32' title="bbox 2456 1863 4018 1960">
     <span class='ocr_line' id='line_1_32' title="bbox 2456 1863 4018 1960; baseline -0.018 -18"><span class='ocrx_word' id='word_1_243' title='bbox 2456 1892 2488 1960; x_wconf 80' lang='grc' dir='ltr'><strong>ἡ</strong></span> <span class='ocrx_word' id='word_1_244' title='bbox 2499 1863 2613 1959; x_wconf 82' lang='grc' dir='ltr'><strong>μῶν</strong></span> <span class='ocrx_word' id='word_1_245' title='bbox 2644 1884 2858 1938; x_wconf 85' lang='grc' dir='ltr'>πάντων</span> <span class='ocrx_word' id='word_1_246' title='bbox 2890 1877 3198 1948; x_wconf 74' lang='grc' dir='ltr'>παρέδωκεν</span> <span class='ocrx_word' id='word_1_247' title='bbox 3227 1871 3403 1926; x_wconf 73' lang='grc' dir='ltr'>αὐτόν.</span> <span class='ocrx_word' id='word_1_248' title='bbox 3444 1886 3463 1920; x_wconf 70' lang='grc' dir='ltr'>ι</span> <span class='ocrx_word' id='word_1_249' title='bbox 3496 1867 3539 1918; x_wconf 85' lang='grc' dir='ltr'>Τ</span> <span class='ocrx_word' id='word_1_250' title='bbox 3547 1865 3690 1960; x_wconf 30' lang='grc' dir='ltr'><strong>ίνιᾼδὲΔ</strong></span> <span class='ocrx_word' id='word_1_251' title='bbox 3706 1863 4018 1960; x_wconf 70' lang='grc' dir='ltr'>παρέδωκεν</span> 
     </span>
    </p>
   </div>
   <div class='ocr_carea' id='block_1_33' title="bbox 2458 1953 4021 2041">
    <p class='ocr_par' dir='ltr' id='par_1_33' title="bbox 2458 1953 4021 2041">
     <span class='ocr_line' id='line_1_33' title="bbox 2458 1953 4021 2041; baseline -0.021 -8"><span class='ocrx_word' id='word_1_252' title='bbox 2458 1953 2646 2041; x_wconf 52' lang='lat' dir='ltr'><strong>dimov,</strong></span> <span class='ocrx_word' id='word_1_253' title='bbox 2689 1973 2912 2034; x_wconf 82' lang='grc' dir='ltr'>Ἡσαΐας</span> <span class='ocrx_word' id='word_1_254' title='bbox 2955 1966 3150 2031; x_wconf 76' lang='grc' dir='ltr'>διδάξει</span> <span class='ocrx_word' id='word_1_255' title='bbox 3183 1964 3380 2033; x_wconf 83' lang='grc' dir='ltr'>λέγων·</span> <span class='ocrx_word' id='word_1_256' title='bbox 3424 1979 3441 2013; x_wconf 80' lang='grc' dir='ltr'><strong>ι</strong></span> <span class='ocrx_word' id='word_1_257' title='bbox 3464 1959 3574 2013; x_wconf 78' lang='grc' dir='ltr'><strong>Καὶ</strong></span> <span class='ocrx_word' id='word_1_258' title='bbox 3611 1955 3810 2026; x_wconf 81' lang='grc' dir='ltr'>Κύριος</span> <span class='ocrx_word' id='word_1_259' title='bbox 3847 1953 4021 2025; x_wconf 82' lang='grc' dir='ltr'>παρέ-</span> 
     </span>
    </p>
   </div>
   <div class='ocr_carea' id='block_1_34' title="bbox 805 2047 2503 2134">
    <p class='ocr_par' dir='ltr' id='par_1_34' title="bbox 805 2050 2503 2131">
     <span class='ocr_line' id='line_1_34' title="bbox 805 2050 2503 2131; baseline 0.012 -27"><span class='ocrx_word' id='word_1_260' title='bbox 805 2050 1072 2109; x_wconf 89' lang='lat' dir='ltr'><strong>Dominus</strong></span> <span class='ocrx_word' id='word_1_261' title='bbox 1104 2058 1327 2111; x_wconf 86' lang='lat' dir='ltr'><strong>tradidit</strong></span> <span class='ocrx_word' id='word_1_262' title='bbox 1357 2075 1480 2113; x_wconf 86' lang='lat' dir='ltr'><strong>eum</strong></span> <span class='ocrx_word' id='word_1_263' title='bbox 1515 2061 1750 2129; x_wconf 84' lang='lat' dir='ltr'><strong>peccatis</strong></span> <span class='ocrx_word' id='word_1_264' title='bbox 1781 2063 1986 2116; x_wconf 84' lang='lat' dir='ltr'><strong>nostris</strong></span> <span class='ocrx_word' id='word_1_265' title='bbox 2014 2063 2098 2117; x_wconf 64' lang='grc' dir='ltr'><strong>ηε</strong></span> <span class='ocrx_word' id='word_1_266' title='bbox 2133 2081 2152 2115; x_wconf 83' lang='grc'>›</span> <span class='ocrx_word' id='word_1_267' title='bbox 2185 2078 2352 2131; x_wconf 88' lang='lat' dir='ltr'><strong>quare</strong></span> <span class='ocrx_word' id='word_1_268' title='bbox 2382 2056 2423 2112; x_wconf 85' lang='grc' dir='ltr'><strong>Β</strong></span> <span class='ocrx_word' id='word_1_269' title='bbox 2450 2071 2503 2124; x_wconf 70' lang='grc' dir='ltr'><strong>δυ</strong></span> 
     </span>
    </p>
   </div>
   <div class='ocr_carea' id='block_1_35' title="bbox 2320 2047 4018 2134">
    <p class='ocr_par' dir='ltr' id='par_1_35' title="bbox 2321 2047 4018 2134">
     <span class='ocr_line' id='line_1_35' title="bbox 2321 2047 4018 2134; baseline -0.013 -15"><span class='ocrx_word' id='word_1_270' title='bbox 2321 2079 2352 2119; x_wconf 86' lang='lat' dir='ltr'><strong>e</strong></span> <span class='ocrx_word' id='word_1_271' title='bbox 2382 2056 2423 2112; x_wconf 82' lang='grc' dir='ltr'><strong>Β</strong></span> <span class='ocrx_word' id='word_1_272' title='bbox 2450 2071 2624 2124; x_wconf 80' lang='grc' dir='ltr'>δωκεν</span> <span class='ocrx_word' id='word_1_273' title='bbox 2661 2067 2820 2122; x_wconf 80' lang='grc' dir='ltr'>αὑτὸν</span> <span class='ocrx_word' id='word_1_274' title='bbox 2858 2060 3152 2134; x_wconf 75' lang='grc' dir='ltr'>ἁμαρτίαις</span> <span class='ocrx_word' id='word_1_275' title='bbox 3195 2055 3382 2128; x_wconf 76' lang='grc' dir='ltr'>ἡμῶν·</span> <span class='ocrx_word' id='word_1_276' title='bbox 3413 2072 3430 2104; x_wconf 75' lang='grc' dir='ltr'>ι</span> <span class='ocrx_word' id='word_1_277' title='bbox 3487 2050 3567 2104; x_wconf 80' lang='grc' dir='ltr'><strong>διὸ</strong></span> <span class='ocrx_word' id='word_1_278' title='bbox 3612 2050 3832 2116; x_wconf 74' lang='grc' dir='ltr'>γέγονεν</span> <span class='ocrx_word' id='word_1_279' title='bbox 3879 2047 4018 2119; x_wconf 84' lang='grc' dir='ltr'>ὑπὲρ</span> 
     </span>
    </p>
   </div>
   <div class='ocr_carea' id='block_1_36' title="bbox 806 2142 2358 2221">
    <p class='ocr_par' dir='ltr' id='par_1_36' title="bbox 806 2142 2358 2221">
     <span class='ocr_line' id='line_1_36' title="bbox 806 2142 2358 2221; baseline 0.009 -29"><span class='ocrx_word' id='word_1_280' title='bbox 806 2142 982 2198; x_wconf 79' lang='lat' dir='ltr'><strong>factus</strong></span> <span class='ocrx_word' id='word_1_281' title='bbox 1009 2153 1093 2198; x_wconf 91' lang='lat' dir='ltr'><strong>est</strong></span> <span class='ocrx_word' id='word_1_282' title='bbox 1125 2161 1221 2215; x_wconf 87' lang='lat' dir='ltr'><strong>pro</strong></span> <span class='ocrx_word' id='word_1_283' title='bbox 1254 2149 1415 2202; x_wconf 89' lang='lat' dir='ltr'><strong>nobis</strong></span> <span class='ocrx_word' id='word_1_284' title='bbox 1446 2148 1813 2203; x_wconf 87' lang='lat' dir='ltr'><strong>maledictum.</strong></span> <span class='ocrx_word' id='word_1_285' title='bbox 1846 2149 1982 2204; x_wconf 90' lang='lat' dir='ltr'><strong>Nam</strong></span> <span class='ocrx_word' id='word_1_286' title='bbox 2011 2166 2134 2206; x_wconf 89' lang='lat' dir='ltr'><strong>cum</strong></span> <span class='ocrx_word' id='word_1_287' title='bbox 2164 2166 2358 2221; x_wconf 86' lang='lat' dir='ltr'><strong>pecca-</strong></span> 
     </span>
    </p>
   </div>
   <div class='ocr_carea' id='block_1_37' title="bbox 803 2237 2356 2309">
    <p class='ocr_par' dir='ltr' id='par_1_37' title="bbox 803 2237 2356 2309">
     <span class='ocr_line' id='line_1_37' title="bbox 803 2237 2356 2309; baseline 0.008 -24"><span class='ocrx_word' id='word_1_288' title='bbox 803 2240 916 2286; x_wconf 91' lang='lat' dir='ltr'><strong>tum</strong></span> <span class='ocrx_word' id='word_1_289' title='bbox 949 2252 1054 2288; x_wconf 90' lang='lat' dir='ltr'><strong>non</strong></span> <span class='ocrx_word' id='word_1_290' title='bbox 1084 2245 1304 2303; x_wconf 72' lang='lat' dir='ltr'><strong>nossrt,</strong></span> <span class='ocrx_word' id='word_1_291' title='bbox 1339 2237 1481 2293; x_wconf 89' lang='lat' dir='ltr'><strong>Deus</strong></span> <span class='ocrx_word' id='word_1_292' title='bbox 1513 2239 1661 2292; x_wconf 74' lang='lat' dir='ltr'><strong>illurn</strong></span> <span class='ocrx_word' id='word_1_293' title='bbox 1695 2255 1791 2309; x_wconf 89' lang='lat' dir='ltr'><strong>pro</strong></span> <span class='ocrx_word' id='word_1_294' title='bbox 1821 2243 1977 2297; x_wconf 89' lang='lat' dir='ltr'><strong>nobis</strong></span> <span class='ocrx_word' id='word_1_295' title='bbox 2018 2240 2197 2298; x_wconf 77' lang='lat' dir='ltr'><strong>effecit</strong></span> <span class='ocrx_word' id='word_1_296' title='bbox 2236 2258 2356 2298; x_wconf 88' lang='lat' dir='ltr'><strong>esse</strong></span> 
     </span>
    </p>
   </div>
   <div class='ocr_carea' id='block_1_38' title="bbox 802 2330 2356 2404">
    <p class='ocr_par' dir='ltr' id='par_1_38' title="bbox 802 2330 2356 2404">
     <span class='ocr_line' id='line_1_38' title="bbox 802 2330 2356 2404; baseline 0.006 -24"><span class='ocrx_word' id='word_1_297' title='bbox 802 2334 1085 2396; x_wconf 88' lang='lat' dir='ltr'><strong>peccatum</strong></span> <span class='ocrx_word' id='word_1_298' title='bbox 1110 2370 1123 2392; x_wconf 86' lang='lat'><strong>,</strong></span> <span class='ocrx_word' id='word_1_299' title='bbox 1161 2336 1218 2380; x_wconf 87' lang='lat' dir='ltr'><strong>ut</strong></span> <span class='ocrx_word' id='word_1_300' title='bbox 1260 2344 1361 2384; x_wconf 86' lang='lat' dir='ltr'><strong>nos</strong></span> <span class='ocrx_word' id='word_1_301' title='bbox 1410 2330 1581 2386; x_wconf 89' lang='lat' dir='ltr'><strong>simus</strong></span> <span class='ocrx_word' id='word_1_302' title='bbox 1618 2333 1935 2400; x_wconf 56' lang='lat' dir='ltr'><strong>justitiawin</strong></span> <span class='ocrx_word' id='word_1_303' title='bbox 1981 2334 2118 2404; x_wconf 92' lang='lat' dir='ltr'><strong>ipso.</strong></span> <span class='ocrx_word' id='word_1_304' title='bbox 2163 2333 2268 2389; x_wconf 87' lang='lat' dir='ltr'><strong>Sed</strong></span> <span class='ocrx_word' id='word_1_305' title='bbox 2303 2343 2356 2389; x_wconf 90' lang='lat' dir='ltr'><strong>et</strong></span> 
     </span>
    </p>
   </div>
   <div class='ocr_carea' id='block_1_39' title="bbox 809 2419 2356 2492">
    <p class='ocr_par' dir='ltr' id='par_1_39' title="bbox 809 2419 2356 2492">
     <span class='ocr_line' id='line_1_39' title="bbox 809 2419 2356 2492; baseline 0.008 -23"><span class='ocrx_word' id='word_1_306' title='bbox 809 2437 829 2468; x_wconf 73' lang='grc' dir='ltr'><strong>ι</strong></span> <span class='ocrx_word' id='word_1_307' title='bbox 860 2419 1021 2474; x_wconf 88' lang='lat' dir='ltr'><strong>homo</strong></span> <span class='ocrx_word' id='word_1_308' title='bbox 1070 2419 1170 2472; x_wconf 84' lang='lat' dir='ltr'><strong>fuit</strong></span> <span class='ocrx_word' id='word_1_309' title='bbox 1215 2423 1267 2474; x_wconf 89' lang='lat' dir='ltr'><strong>in</strong></span> <span class='ocrx_word' id='word_1_310' title='bbox 1314 2423 1467 2492; x_wconf 89' lang='lat' dir='ltr'><strong>plaga</strong></span> <span class='ocrx_word' id='word_1_311' title='bbox 1509 2424 1840 2480; x_wconf 88' lang='lat' dir='ltr'><strong>constitutus</strong></span> <span class='ocrx_word' id='word_1_312' title='bbox 1864 2462 1878 2487; x_wconf 90' lang='lat'><strong>,</strong></span> <span class='ocrx_word' id='word_1_313' title='bbox 1911 2433 1967 2479; x_wconf 92' lang='lat' dir='ltr'><strong>et</strong></span> <span class='ocrx_word' id='word_1_314' title='bbox 2007 2426 2184 2482; x_wconf 86' lang='lat' dir='ltr'><strong>sciens</strong></span> <span class='ocrx_word' id='word_1_315' title='bbox 2215 2425 2356 2482; x_wconf 76' lang='lat' dir='ltr'><strong>ferre</strong></span> 
     </span>
    </p>
   </div>
   <div class='ocr_carea' id='block_1_40' title="bbox 803 2510 2347 2587">
    <p class='ocr_par' dir='ltr' id='par_1_40' title="bbox 803 2510 2347 2587">
     <span class='ocr_line' id='line_1_40' title="bbox 803 2510 2347 2587; baseline 0.005 -24"><span class='ocrx_word' id='word_1_316' title='bbox 803 2510 1170 2567; x_wconf 82' lang='lat' dir='ltr'><strong>inﬁrmitatem</strong></span> <span class='ocrx_word' id='word_1_317' title='bbox 1198 2533 1210 2566; x_wconf 89' lang='lat'>:</span> <span class='ocrx_word' id='word_1_318' title='bbox 1246 2521 1298 2567; x_wconf 92' lang='lat' dir='ltr'><strong>et</strong></span> <span class='ocrx_word' id='word_1_319' title='bbox 1327 2515 1502 2570; x_wconf 85' lang='lat' dir='ltr'><strong>vibice</strong></span> <span class='ocrx_word' id='word_1_320' title='bbox 1530 2515 1649 2587; x_wconf 79' lang='lat' dir='ltr'><strong>ejus</strong></span> <span class='ocrx_word' id='word_1_321' title='bbox 1678 2529 1779 2571; x_wconf 89' lang='lat' dir='ltr'><strong>nos</strong></span> <span class='ocrx_word' id='word_1_322' title='bbox 1807 2518 1982 2571; x_wconf 87' lang='lat' dir='ltr'><strong>sanati</strong></span> <span class='ocrx_word' id='word_1_323' title='bbox 2009 2533 2208 2573; x_wconf 81' lang='lat' dir='ltr'><strong>sumus</strong></span> <span class='ocrx_word' id='word_1_324' title='bbox 2235 2519 2299 2570; x_wconf 76' lang='lat'><strong>&quot;.</strong></span> <span class='ocrx_word' id='word_1_325' title='bbox 2330 2536 2347 2570; x_wconf 74' lang='grc' dir='ltr'>ι</span> 
     </span>
    </p>
   </div>
   <div class='ocr_carea' id='block_1_41' title="bbox 802 2599 2355 2675">
    <p class='ocr_par' dir='ltr' id='par_1_41' title="bbox 802 2599 2355 2675">
     <span class='ocr_line' id='line_1_41' title="bbox 802 2599 2355 2675; baseline 0.005 -22"><span class='ocrx_word' id='word_1_326' title='bbox 802 2599 993 2670; x_wconf 87' lang='lat' dir='ltr'><strong>Plagas</strong></span> <span class='ocrx_word' id='word_1_327' title='bbox 1021 2603 1200 2672; x_wconf 88' lang='lat' dir='ltr'><strong>itaque</strong></span> <span class='ocrx_word' id='word_1_328' title='bbox 1224 2611 1277 2658; x_wconf 86' lang='lat' dir='ltr'><strong>et</strong></span> <span class='ocrx_word' id='word_1_329' title='bbox 1303 2605 1504 2658; x_wconf 81' lang='lat' dir='ltr'><strong>vibices</strong></span> <span class='ocrx_word' id='word_1_330' title='bbox 1531 2606 1758 2675; x_wconf 89' lang='lat' dir='ltr'><strong>accepit,</strong></span> <span class='ocrx_word' id='word_1_331' title='bbox 1786 2612 1840 2660; x_wconf 91' lang='lat' dir='ltr'><strong>et</strong></span> <span class='ocrx_word' id='word_1_332' title='bbox 1868 2606 1981 2661; x_wconf 73' lang='lat' dir='ltr'><strong>haec</strong></span> <span class='ocrx_word' id='word_1_333' title='bbox 2010 2608 2190 2661; x_wconf 88' lang='lat' dir='ltr'><strong>omnia</strong></span> <span class='ocrx_word' id='word_1_334' title='bbox 2211 2648 2225 2670; x_wconf 89' lang='lat'><strong>,</strong></span> <span class='ocrx_word' id='word_1_335' title='bbox 2254 2605 2355 2660; x_wconf 86' lang='lat' dir='ltr'><strong>Pa-</strong></span> 
     </span>
    </p>
   </div>
   <div class='ocr_carea' id='block_1_42' title="bbox 801 2693 2350 2767">
    <p class='ocr_par' dir='ltr' id='par_1_42' title="bbox 801 2693 2350 2767">
     <span class='ocr_line' id='line_1_42' title="bbox 801 2693 2350 2767; baseline 0.009 -25"><span class='ocrx_word' id='word_1_336' title='bbox 801 2699 887 2745; x_wconf 90' lang='lat' dir='ltr'><strong>tre</strong></span> <span class='ocrx_word' id='word_1_337' title='bbox 909 2693 1124 2748; x_wconf 80' lang='lat' dir='ltr'><strong>volente</strong></span> <span class='ocrx_word' id='word_1_338' title='bbox 1148 2702 1200 2748; x_wconf 94' lang='lat' dir='ltr'><strong>et</strong></span> <span class='ocrx_word' id='word_1_339' title='bbox 1231 2697 1575 2763; x_wconf 89' lang='lat' dir='ltr'><strong>permittente</strong></span> <span class='ocrx_word' id='word_1_340' title='bbox 1595 2737 1609 2761; x_wconf 92' lang='lat'><strong>,</strong></span> <span class='ocrx_word' id='word_1_341' title='bbox 1642 2713 1836 2767; x_wconf 88' lang='lat' dir='ltr'><strong>passus</strong></span> <span class='ocrx_word' id='word_1_342' title='bbox 1858 2707 1962 2754; x_wconf 91' lang='lat' dir='ltr'><strong>est.</strong></span> <span class='ocrx_word' id='word_1_343' title='bbox 1990 2699 2350 2765; x_wconf 81' lang='lat' dir='ltr'><strong>Quamobrem</strong></span> 
     </span>
    </p>
   </div>
   <div class='ocr_carea' id='block_1_43' title="bbox 803 2781 2355 2858">
    <p class='ocr_par' dir='ltr' id='par_1_43' title="bbox 803 2781 2355 2858">
     <span class='ocr_line' id='line_1_43' title="bbox 803 2781 2355 2858; baseline 0.008 -22"><span class='ocrx_word' id='word_1_344' title='bbox 803 2783 858 2836; x_wconf 85' lang='lat' dir='ltr'><strong>in</strong></span> <span class='ocrx_word' id='word_1_345' title='bbox 892 2781 1149 2837; x_wconf 84' lang='lat' dir='ltr'><strong>Zacharia</strong></span> <span class='ocrx_word' id='word_1_346' title='bbox 1185 2788 1443 2856; x_wconf 80' lang='lat' dir='ltr'><strong>prepbeta</strong></span> <span class='ocrx_word' id='word_1_347' title='bbox 1487 2789 1689 2843; x_wconf 89' lang='lat' dir='ltr'><strong>dictum</strong></span> <span class='ocrx_word' id='word_1_348' title='bbox 1732 2801 1852 2845; x_wconf 88' lang='lat' dir='ltr'><strong>est:</strong></span> <span class='ocrx_word' id='word_1_349' title='bbox 1881 2810 1898 2840; x_wconf 78' lang='grc' dir='ltr'>ι</span> <span class='ocrx_word' id='word_1_350' title='bbox 1930 2789 2152 2846; x_wconf 83' lang='lat' dir='ltr'><strong>Framea</strong></span> <span class='ocrx_word' id='word_1_351' title='bbox 2177 2833 2192 2858; x_wconf 92' lang='lat'><strong>,</strong></span> <span class='ocrx_word' id='word_1_352' title='bbox 2234 2809 2355 2850; x_wconf 83' lang='lat' dir='ltr'><strong>sus-</strong></span> 
     </span>
    </p>
   </div>
   <div class='ocr_carea' id='block_1_44' title="bbox 802 2874 2352 2952">
    <p class='ocr_par' dir='ltr' id='par_1_44' title="bbox 802 2874 2352 2952">
     <span class='ocr_line' id='line_1_44' title="bbox 802 2874 2352 2952; baseline 0.008 -26"><span class='ocrx_word' id='word_1_353' title='bbox 802 2874 970 2929; x_wconf 81' lang='lat' dir='ltr'><strong>citare</strong></span> <span class='ocrx_word' id='word_1_354' title='bbox 997 2891 1159 2944; x_wconf 86' lang='lat' dir='ltr'><strong>super</strong></span> <span class='ocrx_word' id='word_1_355' title='bbox 1183 2890 1452 2947; x_wconf 84' lang='lat' dir='ltr'><strong>pastorem</strong></span> <span class='ocrx_word' id='word_1_356' title='bbox 1481 2895 1680 2946; x_wconf 91' lang='lat' dir='ltr'><strong>meum,</strong></span> <span class='ocrx_word' id='word_1_357' title='bbox 1708 2890 1762 2937; x_wconf 90' lang='lat' dir='ltr'><strong>et</strong></span> <span class='ocrx_word' id='word_1_358' title='bbox 1791 2897 1954 2952; x_wconf 88' lang='lat' dir='ltr'><strong>super</strong></span> <span class='ocrx_word' id='word_1_359' title='bbox 1978 2884 2151 2938; x_wconf 86' lang='lat' dir='ltr'><strong>virum</strong></span> <span class='ocrx_word' id='word_1_360' title='bbox 2180 2885 2352 2941; x_wconf 84' lang='lat' dir='ltr'><strong>civem</strong></span> 
     </span>
    </p>
   </div>
   <div class='ocr_carea' id='block_1_45' title="bbox 801 2964 2354 3045">
    <p class='ocr_par' dir='ltr' id='par_1_45' title="bbox 801 2964 2354 3045">
     <span class='ocr_line' id='line_1_45' title="bbox 801 2964 2354 3045; baseline 0.006 -26"><span class='ocrx_word' id='word_1_361' title='bbox 801 2967 940 3034; x_wconf 81' lang='lat' dir='ltr'><strong>ejus.</strong></span> <span class='ocrx_word' id='word_1_362' title='bbox 974 2964 1202 3023; x_wconf 87' lang='lat' dir='ltr'><strong>Percute</strong></span> <span class='ocrx_word' id='word_1_363' title='bbox 1232 2979 1531 3038; x_wconf 88' lang='lat' dir='ltr'><strong>pastorem,</strong></span> <span class='ocrx_word' id='word_1_364' title='bbox 1564 2979 1617 3025; x_wconf 89' lang='lat' dir='ltr'><strong>et</strong></span> <span class='ocrx_word' id='word_1_365' title='bbox 1655 2972 2037 3043; x_wconf 86' lang='lat' dir='ltr'><strong>dispergantur</strong></span> <span class='ocrx_word' id='word_1_366' title='bbox 2070 2989 2197 3030; x_wconf 86' lang='lat' dir='ltr'><strong>oves</strong></span> <span class='ocrx_word' id='word_1_367' title='bbox 2228 2990 2354 3045; x_wconf 78' lang='lat' dir='ltr'><strong>gre-</strong></span> 
     </span>
    </p>
   </div>
   <div class='ocr_carea' id='block_1_46' title="bbox 799 3059 2354 3133">
    <p class='ocr_par' dir='ltr' id='par_1_46' title="bbox 799 3059 2354 3133">
     <span class='ocr_line' id='line_1_46' title="bbox 799 3059 2354 3133; baseline 0.006 -22"><span class='ocrx_word' id='word_1_368' title='bbox 799 3061 882 3124; x_wconf 83' lang='lat' dir='ltr'><strong>gis</strong></span> <span class='ocrx_word' id='word_1_369' title='bbox 917 3059 979 3112; x_wconf 72' lang='grc'><strong>⁸⁸.</strong></span> <span class='ocrx_word' id='word_1_370' title='bbox 1015 3079 1029 3108; x_wconf 72' lang='grc' dir='ltr'>ι</span> <span class='ocrx_word' id='word_1_371' title='bbox 1059 3060 1115 3112; x_wconf 83' lang='grc' dir='ltr'>1η</span> <span class='ocrx_word' id='word_1_372' title='bbox 1162 3059 1452 3131; x_wconf 77' lang='lat' dir='ltr'><strong>Evangelia</strong></span> <span class='ocrx_word' id='word_1_373' title='bbox 1495 3070 1670 3117; x_wconf 85' lang='lat' dir='ltr'><strong>autem</strong></span> <span class='ocrx_word' id='word_1_374' title='bbox 1711 3064 1828 3133; x_wconf 88' lang='lat' dir='ltr'><strong>ipse</strong></span> <span class='ocrx_word' id='word_1_375' title='bbox 1871 3063 2126 3119; x_wconf 86' lang='lat' dir='ltr'><strong>Servator</strong></span> <span class='ocrx_word' id='word_1_376' title='bbox 2172 3075 2354 3122; x_wconf 87' lang='lat' dir='ltr'><strong>noster</strong></span> 
     </span>
    </p>
   </div>
   <div class='ocr_carea' id='block_1_47' title="bbox 800 3150 2348 3222">
    <p class='ocr_par' dir='ltr' id='par_1_47' title="bbox 800 3150 2348 3222">
     <span class='ocr_line' id='line_1_47' title="bbox 800 3150 2348 3222; baseline 0.005 -18"><span class='ocrx_word' id='word_1_377' title='bbox 800 3150 1044 3220; x_wconf 82' lang='lat' dir='ltr'><strong>passioni</strong></span> <span class='ocrx_word' id='word_1_378' title='bbox 1087 3151 1302 3206; x_wconf 80' lang='lat' dir='ltr'><strong>vicinus</strong></span> <span class='ocrx_word' id='word_1_379' title='bbox 1353 3152 1636 3222; x_wconf 86' lang='lat' dir='ltr'><strong>discipulis</strong></span> <span class='ocrx_word' id='word_1_380' title='bbox 1683 3155 2081 3222; x_wconf 64' lang='lat' dir='ltr'><strong>praenuntiabat</strong></span> <span class='ocrx_word' id='word_1_381' title='bbox 2120 3157 2348 3212; x_wconf 86' lang='lat' dir='ltr'><strong>dicens:</strong></span> 
     </span>
    </p>
   </div>
   <div class='ocr_carea' id='block_1_48' title="bbox 808 3237 2355 3319">
    <p class='ocr_par' dir='ltr' id='par_1_48' title="bbox 808 3237 2355 3319">
     <span class='ocr_line' id='line_1_48' title="bbox 808 3237 2355 3319; baseline 0.01 -29"><span class='ocrx_word' id='word_1_382' title='bbox 808 3260 826 3290; x_wconf 76' lang='grc' dir='ltr'><strong>ι</strong></span> <span class='ocrx_word' id='word_1_383' title='bbox 856 3237 1058 3296; x_wconf 88' lang='lat' dir='ltr'><strong>Omnes</strong></span> <span class='ocrx_word' id='word_1_384' title='bbox 1090 3258 1186 3297; x_wconf 89' lang='lat' dir='ltr'><strong>vos</strong></span> <span class='ocrx_word' id='word_1_385' title='bbox 1214 3244 1718 3299; x_wconf 81' lang='lat' dir='ltr'><strong>scandalizabimini</strong></span> <span class='ocrx_word' id='word_1_386' title='bbox 1748 3248 1801 3299; x_wconf 86' lang='lat' dir='ltr'><strong>in</strong></span> <span class='ocrx_word' id='word_1_387' title='bbox 1832 3263 1935 3302; x_wconf 87' lang='lat' dir='ltr'><strong>me.</strong></span> <span class='ocrx_word' id='word_1_388' title='bbox 1971 3245 2243 3319; x_wconf 89' lang='lat' dir='ltr'><strong>Scriptum</strong></span> <span class='ocrx_word' id='word_1_389' title='bbox 2271 3258 2355 3305; x_wconf 90' lang='lat' dir='ltr'><strong>est</strong></span> 
     </span>
    </p>
   </div>
   <div class='ocr_carea' id='block_1_49' title="bbox 801 3331 2352 3406">
    <p class='ocr_par' dir='ltr' id='par_1_49' title="bbox 801 3331 2352 3406">
     <span class='ocr_line' id='line_1_49' title="bbox 801 3331 2352 3406; baseline 0.005 -20"><span class='ocrx_word' id='word_1_390' title='bbox 801 3331 944 3386; x_wconf 83' lang='lat' dir='ltr'><strong>enim</strong></span> <span class='ocrx_word' id='word_1_391' title='bbox 974 3350 985 3384; x_wconf 88' lang='lat'>:</span> <span class='ocrx_word' id='word_1_392' title='bbox 1033 3331 1334 3386; x_wconf 86' lang='lat' dir='ltr'><strong>Percutiam</strong></span> <span class='ocrx_word' id='word_1_393' title='bbox 1375 3340 1676 3404; x_wconf 83' lang='lat' dir='ltr'><strong>pastorem,</strong></span> <span class='ocrx_word' id='word_1_394' title='bbox 1707 3343 1772 3399; x_wconf 83' lang='lat' dir='ltr'><strong>et</strong></span> <span class='ocrx_word' id='word_1_395' title='bbox 1818 3336 2197 3406; x_wconf 82' lang='lat' dir='ltr'><strong>dispergentur</strong></span> <span class='ocrx_word' id='word_1_396' title='bbox 2224 3353 2352 3393; x_wconf 84' lang='lat' dir='ltr'><strong>oves</strong></span> 
     </span>
    </p>
   </div>
   <div class='ocr_carea' id='block_1_50' title="bbox 798 3423 2350 3497">
    <p class='ocr_par' dir='ltr' id='par_1_50' title="bbox 798 3423 2350 3497">
     <span class='ocr_line' id='line_1_50' title="bbox 798 3423 2350 3497; baseline 0.006 -22"><span class='ocrx_word' id='word_1_397' title='bbox 798 3424 975 3493; x_wconf 85' lang='lat' dir='ltr'><strong>gregis</strong></span> <span class='ocrx_word' id='word_1_398' title='bbox 1001 3424 1069 3480; x_wconf 80' lang='lat'><strong>“.</strong></span> <span class='ocrx_word' id='word_1_399' title='bbox 1095 3443 1112 3475; x_wconf 75' lang='grc' dir='ltr'>ι</span> <span class='ocrx_word' id='word_1_400' title='bbox 1140 3423 1196 3477; x_wconf 86' lang='lat' dir='ltr'><strong>In</strong></span> <span class='ocrx_word' id='word_1_401' title='bbox 1231 3425 1332 3478; x_wconf 89' lang='lat' dir='ltr'><strong>hoc</strong></span> <span class='ocrx_word' id='word_1_402' title='bbox 1363 3425 1608 3481; x_wconf 88' lang='lat' dir='ltr'><strong>similiter</strong></span> <span class='ocrx_word' id='word_1_403' title='bbox 1635 3427 1840 3497; x_wconf 90' lang='lat' dir='ltr'><strong>psalmo</strong></span> <span class='ocrx_word' id='word_1_404' title='bbox 1865 3428 1933 3482; x_wconf 86' lang='lat' dir='ltr'><strong>iis</strong></span> <span class='ocrx_word' id='word_1_405' title='bbox 1960 3429 2132 3482; x_wconf 79' lang='lat' dir='ltr'><strong>aﬂinia</strong></span> <span class='ocrx_word' id='word_1_406' title='bbox 2161 3429 2350 3484; x_wconf 87' lang='lat' dir='ltr'><strong>dicun-</strong></span> 
     </span>
    </p>
   </div>
   <div class='ocr_carea' id='block_1_51' title="bbox 802 3516 2350 3590">
    <p class='ocr_par' dir='ltr' id='par_1_51' title="bbox 802 3516 2350 3590">
     <span class='ocr_line' id='line_1_51' title="bbox 802 3516 2350 3590; baseline 0.006 -24"><span class='ocrx_word' id='word_1_407' title='bbox 802 3524 911 3576; x_wconf 84' lang='lat' dir='ltr'><strong>tur,</strong></span> <span class='ocrx_word' id='word_1_408' title='bbox 948 3531 1171 3586; x_wconf 90' lang='lat' dir='ltr'><strong>nempe,</strong></span> <span class='ocrx_word' id='word_1_409' title='bbox 1207 3536 1224 3568; x_wconf 82' lang='grc' dir='ltr'><strong>ι</strong></span> <span class='ocrx_word' id='word_1_410' title='bbox 1252 3516 1516 3583; x_wconf 81' lang='lat' dir='ltr'><strong>Quoniam</strong></span> <span class='ocrx_word' id='word_1_411' title='bbox 1550 3534 1707 3586; x_wconf 86' lang='lat' dir='ltr'><strong>quem</strong></span> <span class='ocrx_word' id='word_1_412' title='bbox 1737 3528 1792 3573; x_wconf 92' lang='lat' dir='ltr'><strong>tu</strong></span> <span class='ocrx_word' id='word_1_413' title='bbox 1824 3521 2138 3587; x_wconf 84' lang='lat' dir='ltr'><strong>percussisti</strong></span> <span class='ocrx_word' id='word_1_414' title='bbox 2169 3537 2350 3590; x_wconf 82' lang='lat' dir='ltr'><strong>perse-</strong></span> 
     </span>
    </p>
   </div>
   <div class='ocr_carea' id='block_1_52' title="bbox 786 3607 2347 3680">
    <p class='ocr_par' dir='ltr' id='par_1_52' title="bbox 786 3607 2347 3680">
     <span class='ocr_line' id='line_1_52' title="bbox 786 3607 2347 3680; baseline 0.004 -22"><span class='ocrx_word' id='word_1_415' title='bbox 786 3607 911 3680; x_wconf 86' lang='lat' dir='ltr'><strong>cuti</strong></span> <span class='ocrx_word' id='word_1_416' title='bbox 943 3615 1087 3661; x_wconf 91' lang='lat' dir='ltr'><strong>sunt.</strong></span> <span class='ocrx_word' id='word_1_417' title='bbox 1115 3627 1133 3659; x_wconf 75' lang='grc' dir='ltr'>ι</span> <span class='ocrx_word' id='word_1_418' title='bbox 1152 3607 1315 3662; x_wconf 87' lang='lat' dir='ltr'><strong>Pater</strong></span> <span class='ocrx_word' id='word_1_419' title='bbox 1344 3608 1506 3678; x_wconf 80' lang='lat' dir='ltr'><strong>igitur</strong></span> <span class='ocrx_word' id='word_1_420' title='bbox 1537 3609 1758 3679; x_wconf 82' lang='lat' dir='ltr'><strong>preprio</strong></span> <span class='ocrx_word' id='word_1_421' title='bbox 1779 3607 1926 3663; x_wconf 85' lang='lat' dir='ltr'><strong>Filio</strong></span> <span class='ocrx_word' id='word_1_422' title='bbox 1953 3627 2061 3664; x_wconf 89' lang='lat' dir='ltr'><strong>non</strong></span> <span class='ocrx_word' id='word_1_423' title='bbox 2086 3611 2347 3680; x_wconf 87' lang='lat' dir='ltr'><strong>pepercit,</strong></span> 
     </span>
    </p>
   </div>
   <div class='ocr_carea' id='block_1_53' title="bbox 801 3697 2349 3766">
    <p class='ocr_par' dir='ltr' id='par_1_53' title="bbox 801 3697 2349 3766">
     <span class='ocr_line' id='line_1_53' title="bbox 801 3697 2349 3766; baseline 0.001 -13"><span class='ocrx_word' id='word_1_424' title='bbox 801 3697 896 3753; x_wconf 84' lang='lat' dir='ltr'><strong>sed</strong></span> <span class='ocrx_word' id='word_1_425' title='bbox 931 3713 1028 3766; x_wconf 91' lang='lat' dir='ltr'><strong>pro</strong></span> <span class='ocrx_word' id='word_1_426' title='bbox 1062 3699 1218 3755; x_wconf 90' lang='lat' dir='ltr'><strong>nobis</strong></span> <span class='ocrx_word' id='word_1_427' title='bbox 1251 3701 1506 3755; x_wconf 86' lang='lat' dir='ltr'><strong>omnibus</strong></span> <span class='ocrx_word' id='word_1_428' title='bbox 1541 3700 1762 3754; x_wconf 88' lang='lat' dir='ltr'><strong>tradidit</strong></span> <span class='ocrx_word' id='word_1_429' title='bbox 1797 3701 1968 3756; x_wconf 90' lang='lat' dir='ltr'><strong>illum.</strong></span> <span class='ocrx_word' id='word_1_430' title='bbox 2007 3700 2071 3754; x_wconf 82' lang='lat' dir='ltr'><strong>Vi</strong></span> <span class='ocrx_word' id='word_1_431' title='bbox 2104 3703 2263 3756; x_wconf 90' lang='lat' dir='ltr'><strong>etiam</strong></span> <span class='ocrx_word' id='word_1_432' title='bbox 2297 3709 2349 3756; x_wconf 89' lang='lat' dir='ltr'><strong>et</strong></span> 
     </span>
    </p>
   </div>
   <div class='ocr_carea' id='block_1_54' title="bbox 800 3790 2351 3863">
    <p class='ocr_par' dir='ltr' id='par_1_54' title="bbox 800 3790 2351 3863">
     <span class='ocr_line' id='line_1_54' title="bbox 800 3790 2351 3863; baseline 0.001 -19"><span class='ocrx_word' id='word_1_433' title='bbox 800 3791 1010 3846; x_wconf 77' lang='lat' dir='ltr'><strong>ratione</strong></span> <span class='ocrx_word' id='word_1_434' title='bbox 1033 3790 1264 3860; x_wconf 88' lang='lat' dir='ltr'><strong>quadam</strong></span> <span class='ocrx_word' id='word_1_435' title='bbox 1291 3792 1405 3861; x_wconf 90' lang='lat' dir='ltr'><strong>ipse</strong></span> <span class='ocrx_word' id='word_1_436' title='bbox 1433 3803 1515 3847; x_wconf 91' lang='lat' dir='ltr'><strong>est</strong></span> <span class='ocrx_word' id='word_1_437' title='bbox 1543 3792 1633 3860; x_wconf 81' lang='lat' dir='ltr'><strong>qui</strong></span> <span class='ocrx_word' id='word_1_438' title='bbox 1663 3794 1966 3861; x_wconf 88' lang='lat' dir='ltr'><strong>percussit,</strong></span> <span class='ocrx_word' id='word_1_439' title='bbox 1996 3794 2120 3862; x_wconf 85' lang='lat' dir='ltr'><strong>quia</strong></span> <span class='ocrx_word' id='word_1_440' title='bbox 2153 3794 2351 3863; x_wconf 88' lang='lat' dir='ltr'><strong>permi-</strong></span> 
     </span>
    </p>
   </div>
   <div class='ocr_carea' id='block_1_55' title="bbox 801 3881 2351 3955">
    <p class='ocr_par' dir='ltr' id='par_1_55' title="bbox 801 3881 2351 3955">
     <span class='ocr_line' id='line_1_55' title="bbox 801 3881 2351 3955; baseline 0.002 -20"><span class='ocrx_word' id='word_1_441' title='bbox 801 3882 872 3935; x_wconf 82' lang='lat' dir='ltr'><strong>sit</strong></span> <span class='ocrx_word' id='word_1_442' title='bbox 901 3882 1076 3949; x_wconf 88' lang='lat' dir='ltr'><strong>ipsum</strong></span> <span class='ocrx_word' id='word_1_443' title='bbox 1110 3881 1235 3934; x_wconf 90' lang='lat' dir='ltr'><strong>talia</strong></span> <span class='ocrx_word' id='word_1_444' title='bbox 1268 3883 1495 3951; x_wconf 78' lang='lat' dir='ltr'><strong>perpeti.</strong></span> <span class='ocrx_word' id='word_1_445' title='bbox 1531 3883 1611 3940; x_wconf 90' lang='lat' dir='ltr'><strong>llli</strong></span> <span class='ocrx_word' id='word_1_446' title='bbox 1644 3898 1771 3937; x_wconf 85' lang='lat' dir='ltr'><strong>vero</strong></span> <span class='ocrx_word' id='word_1_447' title='bbox 1798 3899 1906 3938; x_wconf 90' lang='lat' dir='ltr'><strong>non</strong></span> <span class='ocrx_word' id='word_1_448' title='bbox 1937 3885 2093 3940; x_wconf 89' lang='lat' dir='ltr'><strong>modo</strong></span> <span class='ocrx_word' id='word_1_449' title='bbox 2129 3899 2351 3955; x_wconf 84' lang='lat' dir='ltr'><strong>percus-</strong></span> 
     </span>
    </p>
   </div>
   <div class='ocr_carea' id='block_1_56' title="bbox 801 3973 2349 4053">
    <p class='ocr_par' dir='ltr' id='par_1_56' title="bbox 801 3973 2349 4053">
     <span class='ocr_line' id='line_1_56' title="bbox 801 3973 2349 4053; baseline 0.003 -28"><span class='ocrx_word' id='word_1_450' title='bbox 801 3979 1008 4034; x_wconf 81' lang='lat' dir='ltr'><strong>serunt,</strong></span> <span class='ocrx_word' id='word_1_451' title='bbox 1043 3973 1138 4026; x_wconf 90' lang='lat' dir='ltr'><strong>sed</strong></span> <span class='ocrx_word' id='word_1_452' title='bbox 1174 3973 1269 4027; x_wconf 88' lang='lat' dir='ltr'><strong>abs</strong></span> <span class='ocrx_word' id='word_1_453' title='bbox 1309 3987 1366 4029; x_wconf 88' lang='lat' dir='ltr'><strong>se</strong></span> <span class='ocrx_word' id='word_1_454' title='bbox 1414 3975 1724 4043; x_wconf 86' lang='lat' dir='ltr'><strong>abjecerunt</strong></span> <span class='ocrx_word' id='word_1_455' title='bbox 1756 3983 1808 4028; x_wconf 94' lang='lat' dir='ltr'><strong>et</strong></span> <span class='ocrx_word' id='word_1_456' title='bbox 1849 3976 2034 4043; x_wconf 89' lang='lat' dir='ltr'><strong>procul</strong></span> <span class='ocrx_word' id='word_1_457' title='bbox 2081 3976 2349 4053; x_wconf 65' lang='lat' dir='ltr'><strong>persecuti</strong></span> 
     </span>
    </p>
   </div>
   <div class='ocr_carea' id='block_1_57' title="bbox 801 4066 2354 4137">
    <p class='ocr_par' dir='ltr' id='par_1_57' title="bbox 801 4066 2354 4137">
     <span class='ocr_line' id='line_1_57' title="bbox 801 4066 2354 4137; baseline 0.005 -21"><span class='ocrx_word' id='word_1_458' title='bbox 801 4071 930 4116; x_wconf 84' lang='lat' dir='ltr'><strong>sunt</strong></span> <span class='ocrx_word' id='word_1_459' title='bbox 962 4078 1083 4117; x_wconf 89' lang='lat' dir='ltr'><strong>eum</strong></span> <span class='ocrx_word' id='word_1_460' title='bbox 1123 4082 1136 4117; x_wconf 92' lang='lat'>:</span> <span class='ocrx_word' id='word_1_461' title='bbox 1170 4080 1293 4119; x_wconf 90' lang='lat' dir='ltr'><strong>cum</strong></span> <span class='ocrx_word' id='word_1_462' title='bbox 1327 4080 1425 4134; x_wconf 85' lang='lat' dir='ltr'><strong>par</strong></span> <span class='ocrx_word' id='word_1_463' title='bbox 1460 4066 1650 4123; x_wconf 80' lang='lat' dir='ltr'><strong>fuisset</strong></span> <span class='ocrx_word' id='word_1_464' title='bbox 1687 4070 1877 4123; x_wconf 88' lang='lat' dir='ltr'><strong>saltem</strong></span> <span class='ocrx_word' id='word_1_465' title='bbox 1913 4083 2228 4137; x_wconf 89' lang='lat' dir='ltr'><strong>percussum</strong></span> <span class='ocrx_word' id='word_1_466' title='bbox 2259 4084 2354 4124; x_wconf 79' lang='lat' dir='ltr'><strong>ex-</strong></span> 
     </span>
    </p>
   </div>
   <div class='ocr_carea' id='block_1_58' title="bbox 800 4145 2351 4229">
    <p class='ocr_par' dir='ltr' id='par_1_58' title="bbox 800 4145 2351 4229">
     <span class='ocr_line' id='line_1_58' title="bbox 800 4145 2351 4229; baseline 0.007 -23"><span class='ocrx_word' id='word_1_467' title='bbox 800 4155 1005 4223; x_wconf 88' lang='lat' dir='ltr'><strong>cipere.</strong></span> <span class='ocrx_word' id='word_1_468' title='bbox 1036 4160 1089 4210; x_wconf 83' lang='lat' dir='ltr'><strong>et</strong></span> <span class='ocrx_word' id='word_1_469' title='bbox 1122 4171 1283 4211; x_wconf 88' lang='lat' dir='ltr'><strong>nosse</strong></span> <span class='ocrx_word' id='word_1_470' title='bbox 1301 4157 1575 4214; x_wconf 86' lang='lat' dir='ltr'><strong>Christum</strong></span> <span class='ocrx_word' id='word_1_471' title='bbox 1608 4176 1704 4229; x_wconf 91' lang='lat' dir='ltr'><strong>pro</strong></span> <span class='ocrx_word' id='word_1_472' title='bbox 1730 4145 1886 4215; x_wconf 75' lang='lat' dir='ltr'><strong>nobis</strong></span> <span class='ocrx_word' id='word_1_473' title='bbox 1909 4168 2181 4215; x_wconf 86' lang='lat' dir='ltr'><strong>mortuum</strong></span> <span class='ocrx_word' id='word_1_474' title='bbox 2208 4177 2351 4225; x_wconf 89' lang='lat' dir='ltr'><strong>esse,</strong></span> 
     </span>
    </p>
   </div>
   <div class='ocr_carea' id='block_1_59' title="bbox 799 4245 2350 4326">
    <p class='ocr_par' dir='ltr' id='par_1_59' title="bbox 799 4245 2350 4326">
     <span class='ocr_line' id='line_1_59' title="bbox 799 4245 2350 4326; baseline 0.006 -27"><span class='ocrx_word' id='word_1_475' title='bbox 799 4245 1001 4301; x_wconf 81' lang='lat' dir='ltr'><strong>factum</strong></span> <span class='ocrx_word' id='word_1_476' title='bbox 1053 4262 1152 4326; x_wconf 68' lang='lat' dir='ltr'><strong>pro</strong></span> <span class='ocrx_word' id='word_1_477' title='bbox 1205 4248 1362 4306; x_wconf 89' lang='lat' dir='ltr'><strong>nobis</strong></span> <span class='ocrx_word' id='word_1_478' title='bbox 1414 4251 1799 4318; x_wconf 89' lang='lat' dir='ltr'><strong>maledictum;</strong></span> <span class='ocrx_word' id='word_1_479' title='bbox 1832 4269 2026 4325; x_wconf 87' lang='lat' dir='ltr'><strong>quem,</strong></span> <span class='ocrx_word' id='word_1_480' title='bbox 2076 4268 2199 4307; x_wconf 91' lang='lat' dir='ltr'><strong>cum</strong></span> <span class='ocrx_word' id='word_1_481' title='bbox 2235 4263 2350 4309; x_wconf 78' lang='lat' dir='ltr'><strong>non</strong></span> 
     </span>
    </p>
   </div>
   <div class='ocr_carea' id='block_1_60' title="bbox 800 4338 2349 4415">
    <p class='ocr_par' dir='ltr' id='par_1_60' title="bbox 800 4338 2349 4415">
     <span class='ocr_line' id='line_1_60' title="bbox 800 4338 2349 4415; baseline 0.006 -25"><span class='ocrx_word' id='word_1_482' title='bbox 800 4346 985 4393; x_wconf 85' lang='lat' dir='ltr'><strong>nosset</strong></span> <span class='ocrx_word' id='word_1_483' title='bbox 1014 4348 1292 4407; x_wconf 89' lang='lat' dir='ltr'><strong>peccatum</strong></span> <span class='ocrx_word' id='word_1_484' title='bbox 1316 4380 1330 4404; x_wconf 92' lang='lat'><strong>,</strong></span> <span class='ocrx_word' id='word_1_485' title='bbox 1349 4341 1501 4401; x_wconf 81' lang='lat' dir='ltr'><strong>Deus</strong></span> <span class='ocrx_word' id='word_1_486' title='bbox 1529 4356 1628 4412; x_wconf 84' lang='lat' dir='ltr'><strong>pro</strong></span> <span class='ocrx_word' id='word_1_487' title='bbox 1649 4338 1815 4400; x_wconf 80' lang='lat' dir='ltr'><strong>nobis</strong></span> <span class='ocrx_word' id='word_1_488' title='bbox 1837 4353 2116 4415; x_wconf 88' lang='lat' dir='ltr'><strong>peccatum</strong></span> <span class='ocrx_word' id='word_1_489' title='bbox 2144 4345 2317 4399; x_wconf 73' lang='lat' dir='ltr'><strong>effecit</strong></span> <span class='ocrx_word' id='word_1_490' title='bbox 2335 4385 2349 4407; x_wconf 94' lang='lat'><strong>,</strong></span> 
     </span>
    </p>
   </div>
   <div class='ocr_carea' id='block_1_61' title="bbox 801 4418 2352 4500">
    <p class='ocr_par' dir='ltr' id='par_1_61' title="bbox 801 4418 2352 4500">
     <span class='ocr_line' id='line_1_61' title="bbox 801 4418 2352 4500; baseline 0.004 -17"><span class='ocrx_word' id='word_1_491' title='bbox 801 4437 862 4483; x_wconf 90' lang='lat' dir='ltr'><strong>ut</strong></span> <span class='ocrx_word' id='word_1_492' title='bbox 908 4442 1008 4484; x_wconf 88' lang='lat' dir='ltr'><strong>nos</strong></span> <span class='ocrx_word' id='word_1_493' title='bbox 1045 4429 1343 4487; x_wconf 78' lang='lat' dir='ltr'><strong>elﬁciamur</strong></span> <span class='ocrx_word' id='word_1_494' title='bbox 1377 4432 1590 4500; x_wconf 86' lang='lat' dir='ltr'><strong>justitia</strong></span> <span class='ocrx_word' id='word_1_495' title='bbox 1641 4432 1735 4487; x_wconf 84' lang='lat' dir='ltr'><strong>Dei</strong></span> <span class='ocrx_word' id='word_1_496' title='bbox 1777 4434 1831 4488; x_wconf 92' lang='lat' dir='ltr'><strong>in</strong></span> <span class='ocrx_word' id='word_1_497' title='bbox 1881 4418 1994 4490; x_wconf 86' lang='lat' dir='ltr'><strong>illo.</strong></span> <span class='ocrx_word' id='word_1_498' title='bbox 2042 4435 2352 4491; x_wconf 79' lang='lat' dir='ltr'><strong>Meminisse</strong></span> 
     </span>
    </p>
   </div>
   <div class='ocr_carea' id='block_1_62' title="bbox 799 4509 2352 4592">
    <p class='ocr_par' dir='ltr' id='par_1_62' title="bbox 799 4509 2352 4592">
     <span class='ocr_line' id='line_1_62' title="bbox 799 4509 2352 4592; baseline 0.006 -23"><span class='ocrx_word' id='word_1_499' title='bbox 799 4518 926 4572; x_wconf 89' lang='lat' dir='ltr'><strong>item</strong></span> <span class='ocrx_word' id='word_1_500' title='bbox 961 4527 1172 4588; x_wconf 89' lang='lat' dir='ltr'><strong>oportet</strong></span> <span class='ocrx_word' id='word_1_501' title='bbox 1204 4519 1352 4577; x_wconf 61' lang='lat' dir='ltr'><strong>Isaiae</strong></span> <span class='ocrx_word' id='word_1_502' title='bbox 1382 4538 1571 4578; x_wconf 89' lang='lat' dir='ltr'><strong>vocum</strong></span> <span class='ocrx_word' id='word_1_503' title='bbox 1603 4539 1726 4592; x_wconf 76' lang='lat' dir='ltr'><strong>quae</strong></span> <span class='ocrx_word' id='word_1_504' title='bbox 1755 4525 1833 4582; x_wconf 89' lang='lat' dir='ltr'><strong>sic</strong></span> <span class='ocrx_word' id='word_1_505' title='bbox 1866 4525 2065 4584; x_wconf 83' lang='lat' dir='ltr'><strong>habent</strong></span> <span class='ocrx_word' id='word_1_506' title='bbox 2090 4542 2103 4578; x_wconf 89' lang='lat'><strong>:</strong></span> <span class='ocrx_word' id='word_1_507' title='bbox 2133 4543 2151 4573; x_wconf 89' lang='grc'><strong>‹</strong></span> <span class='ocrx_word' id='word_1_508' title='bbox 2181 4509 2352 4579; x_wconf 70' lang='lat' dir='ltr'><strong>Homo</strong></span> 
     </span>
    </p>
   </div>
   <div class='ocr_carea' id='block_1_63' title="bbox 798 4608 2346 4688">
    <p class='ocr_par' dir='ltr' id='par_1_63' title="bbox 798 4608 2346 4688">
     <span class='ocr_line' id='line_1_63' title="bbox 798 4608 2346 4688; baseline 0.006 -26"><span class='ocrx_word' id='word_1_509' title='bbox 798 4608 854 4663; x_wconf 85' lang='lat' dir='ltr'><strong>in</strong></span> <span class='ocrx_word' id='word_1_510' title='bbox 885 4610 1038 4679; x_wconf 86' lang='lat' dir='ltr'><strong>plaga</strong></span> <span class='ocrx_word' id='word_1_511' title='bbox 1068 4612 1435 4678; x_wconf 86' lang='lat' dir='ltr'><strong>constitutus,</strong></span> <span class='ocrx_word' id='word_1_512' title='bbox 1463 4624 1518 4670; x_wconf 88' lang='lat' dir='ltr'><strong>et</strong></span> <span class='ocrx_word' id='word_1_513' title='bbox 1551 4615 1728 4671; x_wconf 88' lang='lat' dir='ltr'><strong>sciens</strong></span> <span class='ocrx_word' id='word_1_514' title='bbox 1764 4615 1904 4670; x_wconf 80' lang='lat' dir='ltr'><strong>ferre</strong></span> <span class='ocrx_word' id='word_1_515' title='bbox 1938 4613 2306 4688; x_wconf 81' lang='lat' dir='ltr'><strong>inﬁrmitatem</strong></span> <span class='ocrx_word' id='word_1_516' title='bbox 2332 4635 2346 4672; x_wconf 88' lang='lat'>:</span> 
     </span>
    </p>
   </div>
   <div class='ocr_carea' id='block_1_64' title="bbox 2456 2137 4021 2236">
    <p class='ocr_par' dir='ltr' id='par_1_64' title="bbox 2456 2137 4021 2236">
     <span class='ocr_line' id='line_1_64' title="bbox 2456 2137 4021 2236; baseline -0.028 -8"><span class='ocrx_word' id='word_1_517' title='bbox 2456 2162 2612 2236; x_wconf 78' lang='grc' dir='ltr'>ἡμῶν</span> <span class='ocrx_word' id='word_1_518' title='bbox 2633 2147 2864 2229; x_wconf 67' lang='grc' dir='ltr'>κπάρα.</span> <span class='ocrx_word' id='word_1_519' title='bbox 2895 2155 2986 2224; x_wconf 80' lang='grc' dir='ltr'><strong>Μὴ</strong></span> <span class='ocrx_word' id='word_1_520' title='bbox 3009 2153 3200 2222; x_wconf 77' lang='grc' dir='ltr'>γνόντα</span> <span class='ocrx_word' id='word_1_521' title='bbox 3222 2148 3331 2220; x_wconf 79' lang='grc' dir='ltr'><strong>γὰρ</strong></span> <span class='ocrx_word' id='word_1_522' title='bbox 3356 2144 3518 2200; x_wconf 76' lang='grc' dir='ltr'>αὑτὸν</span> <span class='ocrx_word' id='word_1_523' title='bbox 3544 2139 3813 2221; x_wconf 67' lang='grc' dir='ltr'>ἁμαρτίαν</span> <span class='ocrx_word' id='word_1_524' title='bbox 3887 2137 4021 2236; x_wconf 61' lang='grc' dir='ltr'>Θερς</span> 
     </span>
    </p>
   </div>
   <div class='ocr_carea' id='block_1_65' title="bbox 2457 2226 4020 2323">
    <p class='ocr_par' dir='ltr' id='par_1_65' title="bbox 2457 2226 4020 2323">
     <span class='ocr_line' id='line_1_65' title="bbox 2457 2226 4020 2323; baseline -0.018 -17"><span class='ocrx_word' id='word_1_525' title='bbox 2627 2226 2791 2320; x_wconf 74' lang='grc' dir='ltr'>ἡμῶν</span> <span class='ocrx_word' id='word_1_526' title='bbox 2819 2242 3088 2316; x_wconf 75' lang='grc' dir='ltr'>ἁμαρτίαν</span> <span class='ocrx_word' id='word_1_527' title='bbox 3117 2239 3396 2308; x_wconf 75' lang='grc' dir='ltr'>ἐποίησεν,</span> <span class='ocrx_word' id='word_1_528' title='bbox 3427 2237 3517 2290; x_wconf 80' lang='grc' dir='ltr'>ῐνα</span> <span class='ocrx_word' id='word_1_529' title='bbox 3547 2235 3704 2305; x_wconf 66' lang='grc' dir='ltr'>ἡμεῖς</span> <span class='ocrx_word' id='word_1_530' title='bbox 3733 2226 4020 2323; x_wconf 72' lang='grc' dir='ltr'>γενώμεθα</span> 
     </span>
    </p>
   </div>
   <div class='ocr_carea' id='block_1_66' title="bbox 2424 2320 4022 2410">
    <p class='ocr_par' dir='ltr' id='par_1_66' title="bbox 2424 2320 4022 2410">
     <span class='ocr_line' id='line_1_66' title="bbox 2424 2320 4022 2410; baseline -0.009 -12"><span class='ocrx_word' id='word_1_531' title='bbox 2424 2341 2428 2346; x_wconf 84' lang='lat'>‘</span> <span class='ocrx_word' id='word_1_532' title='bbox 2455 2320 2762 2410; x_wconf 67' lang='grc' dir='ltr'>δικαιοσύνη</span> <span class='ocrx_word' id='word_1_533' title='bbox 2790 2341 2847 2393; x_wconf 74' lang='grc' dir='ltr'><strong>ιν</strong></span> <span class='ocrx_word' id='word_1_534' title='bbox 2874 2335 3040 2406; x_wconf 75' lang='grc' dir='ltr'>αὐτῷ.</span> <span class='ocrx_word' id='word_1_535' title='bbox 3057 2332 3214 2387; x_wconf 80' lang='grc' dir='ltr'>Ἀλλὰ</span> <span class='ocrx_word' id='word_1_536' title='bbox 3241 2330 3334 2384; x_wconf 75' lang='grc' dir='ltr'>και</span> <span class='ocrx_word' id='word_1_537' title='bbox 3375 2347 3398 2378; x_wconf 69' lang='grc' dir='ltr'><strong>ο</strong></span> <span class='ocrx_word' id='word_1_538' title='bbox 3431 2326 3711 2396; x_wconf 76' lang='grc' dir='ltr'>ἄνθρωπος</span> <span class='ocrx_word' id='word_1_539' title='bbox 3748 2324 3806 2376; x_wconf 75' lang='grc' dir='ltr'>ὲν</span> <span class='ocrx_word' id='word_1_540' title='bbox 3834 2320 4022 2410; x_wconf 64' lang='grc' dir='ltr'>πληγῇ</span> 
     </span>
    </p>
   </div>
   <div class='ocr_carea' id='block_1_67' title="bbox 2455 2408 4017 2501">
    <p class='ocr_par' dir='ltr' id='par_1_67' title="bbox 2455 2408 4017 2501">
     <span class='ocr_line' id='line_1_67' title="bbox 2455 2408 4017 2501; baseline -0.02 -10"><span class='ocrx_word' id='word_1_541' title='bbox 2455 2438 2528 2490; x_wconf 79' lang='grc' dir='ltr'>ὢν</span> <span class='ocrx_word' id='word_1_542' title='bbox 2548 2476 2563 2501; x_wconf 86' lang='grc'><em>,</em></span> <span class='ocrx_word' id='word_1_543' title='bbox 2593 2435 2688 2489; x_wconf 69' lang='grc' dir='ltr'><strong>καὶ</strong></span> <span class='ocrx_word' id='word_1_544' title='bbox 2720 2408 2872 2494; x_wconf 72' lang='grc' dir='ltr'>είδὼς</span> <span class='ocrx_word' id='word_1_545' title='bbox 2906 2427 3093 2500; x_wconf 80' lang='grc' dir='ltr'>φέρειν</span> <span class='ocrx_word' id='word_1_546' title='bbox 3128 2423 3393 2496; x_wconf 76' lang='grc' dir='ltr'>μαλακίαν</span> <span class='ocrx_word' id='word_1_547' title='bbox 3422 2419 3610 2487; x_wconf 76' lang='grc' dir='ltr'>γέγονε</span> <span class='ocrx_word' id='word_1_548' title='bbox 3629 2432 3642 2445; x_wconf 71' lang='grc' dir='ltr'><strong><em>ο</em></strong></span> <span class='ocrx_word' id='word_1_549' title='bbox 3673 2413 3767 2466; x_wconf 67' lang='grc' dir='ltr'><strong>καὶ</strong></span> <span class='ocrx_word' id='word_1_550' title='bbox 3795 2410 3875 2482; x_wconf 82' lang='grc' dir='ltr'>τῷ</span> <span class='ocrx_word' id='word_1_551' title='bbox 3901 2408 4017 2481; x_wconf 77' lang='grc' dir='ltr'><strong>μώ-</strong></span> 
     </span>
    </p>
   </div>
   <div class='ocr_carea' id='block_1_68' title="bbox 2454 2502 4018 2601">
    <p class='ocr_par' dir='ltr' id='par_1_68' title="bbox 2454 2502 4018 2601">
     <span class='ocr_line' id='line_1_68' title="bbox 2454 2502 4018 2601; baseline -0.02 -18"><span class='ocrx_word' id='word_1_552' title='bbox 2454 2530 2593 2582; x_wconf 87' lang='grc' dir='ltr'>λωπι</span> <span class='ocrx_word' id='word_1_553' title='bbox 2629 2522 2797 2578; x_wconf 74' lang='grc' dir='ltr'>αὐτοῦ</span> <span class='ocrx_word' id='word_1_554' title='bbox 2814 2522 2974 2593; x_wconf 75' lang='grc' dir='ltr'>ἡμεῖς</span> <span class='ocrx_word' id='word_1_555' title='bbox 3014 2517 3260 2586; x_wconf 78' lang='grc' dir='ltr'>ίάθημεν.</span> <span class='ocrx_word' id='word_1_556' title='bbox 3286 2531 3304 2565; x_wconf 73' lang='grc' dir='ltr'>ι</span> <span class='ocrx_word' id='word_1_557' title='bbox 3332 2507 3536 2563; x_wconf 76' lang='grc' dir='ltr'>υύκοῦν</span> <span class='ocrx_word' id='word_1_558' title='bbox 3562 2506 3657 2560; x_wconf 71' lang='grc' dir='ltr'><strong>καὶ</strong></span> <span class='ocrx_word' id='word_1_559' title='bbox 3674 2503 3895 2601; x_wconf 63' lang='grc' dir='ltr'><strong>Δ’πληγεὶς</strong></span> <span class='ocrx_word' id='word_1_560' title='bbox 3923 2502 4018 2601; x_wconf 38' lang='grc' dir='ltr'>καὶ</span> 
     </span>
    </p>
   </div>
   <div class='ocr_carea' id='block_1_69' title="bbox 2459 2596 4022 2693">
    <p class='ocr_par' dir='ltr' id='par_1_69' title="bbox 2459 2596 4022 2693">
     <span class='ocr_line' id='line_1_69' title="bbox 2459 2596 4022 2693; baseline -0.02 -19"><span class='ocrx_word' id='word_1_561' title='bbox 2459 2619 2728 2693; x_wconf 82' lang='grc' dir='ltr'>μώλωπας</span> <span class='ocrx_word' id='word_1_562' title='bbox 2773 2614 2960 2684; x_wconf 69' lang='grc' dir='ltr'>εἴληφε</span> <span class='ocrx_word' id='word_1_563' title='bbox 2981 2652 2995 2674; x_wconf 84' lang='grc'><em>,</em></span> <span class='ocrx_word' id='word_1_564' title='bbox 3045 2609 3138 2663; x_wconf 76' lang='grc' dir='ltr'>καὶ</span> <span class='ocrx_word' id='word_1_565' title='bbox 3178 2604 3348 2661; x_wconf 76' lang='grc' dir='ltr'>ταῦτα</span> <span class='ocrx_word' id='word_1_566' title='bbox 3397 2596 3883 2693; x_wconf 34' lang='grc' dir='ltr'>πάνταμπέπονθε,</span> <span class='ocrx_word' id='word_1_567' title='bbox 3908 2596 4022 2693; x_wconf 66' lang='grc' dir='ltr'><strong>Δ’τοῦ</strong></span> 
     </span>
    </p>
   </div>
   <div class='ocr_carea' id='block_1_70' title="bbox 2454 2684 4016 2781">
    <p class='ocr_par' dir='ltr' id='par_1_70' title="bbox 2454 2684 4016 2781">
     <span class='ocr_line' id='line_1_70' title="bbox 2454 2684 4016 2781; baseline -0.02 -15"><span class='ocrx_word' id='word_1_568' title='bbox 2454 2684 2664 2781; x_wconf 64' lang='grc' dir='ltr'>ίΙατρὸς</span> <span class='ocrx_word' id='word_1_569' title='bbox 2689 2704 3012 2779; x_wconf 78' lang='grc' dir='ltr'>βουλομένου</span> <span class='ocrx_word' id='word_1_570' title='bbox 3026 2703 3118 2755; x_wconf 71' lang='grc' dir='ltr'>καὶ</span> <span class='ocrx_word' id='word_1_571' title='bbox 3134 2693 3534 2767; x_wconf 72' lang='grc' dir='ltr'>συγχωροῦντος</span> <span class='ocrx_word' id='word_1_572' title='bbox 3551 2690 3692 2744; x_wconf 76' lang='grc' dir='ltr'>οὕτω</span> <span class='ocrx_word' id='word_1_573' title='bbox 3713 2687 3863 2756; x_wconf 90' lang='grc' dir='ltr'>γίγνε</span> <span class='ocrx_word' id='word_1_574' title='bbox 3872 2684 4016 2781; x_wconf 80' lang='grc' dir='ltr'>σθαι.</span> 
     </span>
    </p>
   </div>
   <div class='ocr_carea' id='block_1_71' title="bbox 2455 2777 4017 2873">
    <p class='ocr_par' dir='ltr' id='par_1_71' title="bbox 2455 2777 4017 2873">
     <span class='ocr_line' id='line_1_71' title="bbox 2455 2777 4017 2873; baseline -0.019 -15"><span class='ocrx_word' id='word_1_575' title='bbox 2455 2804 2544 2857; x_wconf 85' lang='grc' dir='ltr'><strong>Διὸ</strong></span> <span class='ocrx_word' id='word_1_576' title='bbox 2563 2777 2618 2855; x_wconf 63' lang='grc' dir='ltr'>έν</span> <span class='ocrx_word' id='word_1_577' title='bbox 2648 2777 2742 2873; x_wconf 62' lang='grc' dir='ltr'>μὲν</span> <span class='ocrx_word' id='word_1_578' title='bbox 2758 2795 3000 2869; x_wconf 74' lang='grc' dir='ltr'>Ζαχαρία</span> <span class='ocrx_word' id='word_1_579' title='bbox 3019 2793 3095 2864; x_wconf 77' lang='grc' dir='ltr'>τῷ</span> <span class='ocrx_word' id='word_1_580' title='bbox 3114 2790 3365 2862; x_wconf 78' lang='grc' dir='ltr'>προφήτῃ</span> <span class='ocrx_word' id='word_1_581' title='bbox 3384 2787 3654 2839; x_wconf 82' lang='grc' dir='ltr'>λέλεκται·</span> <span class='ocrx_word' id='word_1_582' title='bbox 3684 2799 3702 2833; x_wconf 80' lang='grc' dir='ltr'><strong>ι</strong></span> <span class='ocrx_word' id='word_1_583' title='bbox 3723 2777 4017 2873; x_wconf 79' lang='grc' dir='ltr'>Ῥομφαία,</span> 
     </span>
    </p>
   </div>
   <div class='ocr_carea' id='block_1_72' title="bbox 2455 2869 4020 2965">
    <p class='ocr_par' dir='ltr' id='par_1_72' title="bbox 2455 2869 4020 2965">
     <span class='ocr_line' id='line_1_72' title="bbox 2455 2869 4020 2965; baseline -0.018 -16"><span class='ocrx_word' id='word_1_584' title='bbox 2455 2869 2763 2965; x_wconf 81' lang='grc' dir='ltr'>ὲξεγέρθητι</span> <span class='ocrx_word' id='word_1_585' title='bbox 2791 2891 2884 2942; x_wconf 73' lang='grc' dir='ltr'><strong>ἐπὶ</strong></span> <span class='ocrx_word' id='word_1_586' title='bbox 2914 2889 3004 2941; x_wconf 86' lang='grc' dir='ltr'><strong>τὸν</strong></span> <span class='ocrx_word' id='word_1_587' title='bbox 3037 2885 3266 2955; x_wconf 81' lang='grc' dir='ltr'>ποιμένα</span> <span class='ocrx_word' id='word_1_588' title='bbox 3294 2898 3414 2953; x_wconf 88' lang='grc' dir='ltr'>μου,</span> <span class='ocrx_word' id='word_1_589' title='bbox 3440 2879 3534 2933; x_wconf 68' lang='grc' dir='ltr'>καὶ</span> <span class='ocrx_word' id='word_1_590' title='bbox 3567 2877 3651 2930; x_wconf 73' lang='grc' dir='ltr'><strong>ἐπ’</strong></span> <span class='ocrx_word' id='word_1_591' title='bbox 3676 2875 3844 2944; x_wconf 77' lang='grc' dir='ltr'>ἄνδρα</span> <span class='ocrx_word' id='word_1_592' title='bbox 3867 2869 4020 2965; x_wconf 74' lang='grc' dir='ltr'>πολί-</span> 
     </span>
    </p>
   </div>
   <div class='ocr_carea' id='block_1_73' title="bbox 2453 2959 4016 3055">
    <p class='ocr_par' dir='ltr' id='par_1_73' title="bbox 2453 2959 4016 3055">
     <span class='ocr_line' id='line_1_73' title="bbox 2453 2959 4016 3055; baseline -0.017 -19"><span class='ocrx_word' id='word_1_593' title='bbox 2453 2959 2758 3055; x_wconf 28' lang='grc' dir='ltr'>τηνναιῦτοῦ.</span> <span class='ocrx_word' id='word_1_594' title='bbox 2795 2976 3039 3042; x_wconf 87' lang='grc' dir='ltr'>Πάταξον</span> <span class='ocrx_word' id='word_1_595' title='bbox 3069 2974 3158 3026; x_wconf 76' lang='grc' dir='ltr'><strong>τὸν</strong></span> <span class='ocrx_word' id='word_1_596' title='bbox 3190 2971 3439 3041; x_wconf 73' lang='grc' dir='ltr'>ποιμένα,</span> <span class='ocrx_word' id='word_1_597' title='bbox 3473 2968 3566 3021; x_wconf 66' lang='grc' dir='ltr'>καί</span> <span class='ocrx_word' id='word_1_598' title='bbox 3589 2959 4016 3055; x_wconf 68' lang='grc' dir='ltr'>διασκορπισθηο</span> 
     </span>
    </p>
   </div>
   <div class='ocr_carea' id='block_1_74' title="bbox 2452 3051 4019 3144">
    <p class='ocr_par' dir='ltr' id='par_1_74' title="bbox 2452 3051 4019 3144">
     <span class='ocr_line' id='line_1_74' title="bbox 2452 3051 4019 3144; baseline -0.017 -16"><span class='ocrx_word' id='word_1_599' title='bbox 2452 3051 2530 3128; x_wconf 80' lang='grc' dir='ltr'><strong>τω</strong></span> <span class='ocrx_word' id='word_1_600' title='bbox 2572 3073 2638 3126; x_wconf 87' lang='grc' dir='ltr'><strong>τά</strong></span> <span class='ocrx_word' id='word_1_601' title='bbox 2683 3070 2926 3144; x_wconf 81' lang='grc' dir='ltr'>πρόσατα</span> <span class='ocrx_word' id='word_1_602' title='bbox 2957 3067 3054 3136; x_wconf 82' lang='grc' dir='ltr'>τῆς</span> <span class='ocrx_word' id='word_1_603' title='bbox 3084 3065 3345 3134; x_wconf 71' lang='grc' dir='ltr'><strong>ποίμνης⁸</strong></span> <span class='ocrx_word' id='word_1_604' title='bbox 3365 3080 3385 3113; x_wconf 74' lang='grc' dir='ltr'>ι</span> <span class='ocrx_word' id='word_1_605' title='bbox 3425 3062 3486 3112; x_wconf 70' lang='grc' dir='ltr'>ἐν</span> <span class='ocrx_word' id='word_1_606' title='bbox 3508 3058 3562 3110; x_wconf 79' lang='grc' dir='ltr'>δὲ</span> <span class='ocrx_word' id='word_1_607' title='bbox 3595 3054 3671 3126; x_wconf 81' lang='grc' dir='ltr'>τῷ</span> <span class='ocrx_word' id='word_1_608' title='bbox 3700 3051 4019 3144; x_wconf 58' lang='grc' dir='ltr'>Εὑαγγελίῳ</span> 
     </span>
    </p>
   </div>
   <div class='ocr_carea' id='block_1_75' title="bbox 2455 3142 4017 3229">
    <p class='ocr_par' dir='ltr' id='par_1_75' title="bbox 2455 3142 4017 3229">
     <span class='ocr_line' id='line_1_75' title="bbox 2455 3142 4017 3229; baseline -0.016 -11"><span class='ocrx_word' id='word_1_609' title='bbox 2455 3163 2614 3226; x_wconf 77' lang='grc' dir='ltr'>αὐτὸς</span> <span class='ocrx_word' id='word_1_610' title='bbox 2657 3165 2685 3215; x_wconf 87' lang='grc' dir='ltr'>ὁ</span> <span class='ocrx_word' id='word_1_611' title='bbox 2712 3142 2898 3229; x_wconf 75' lang='grc' dir='ltr'>Σωτὴρ</span> <span class='ocrx_word' id='word_1_612' title='bbox 2948 3155 3104 3226; x_wconf 78' lang='grc' dir='ltr'>ἡμῶν</span> <span class='ocrx_word' id='word_1_613' title='bbox 3135 3153 3269 3224; x_wconf 86' lang='grc' dir='ltr'>πρὸς</span> <span class='ocrx_word' id='word_1_614' title='bbox 3297 3151 3374 3220; x_wconf 77' lang='grc' dir='ltr'>τῷ</span> <span class='ocrx_word' id='word_1_615' title='bbox 3407 3148 3563 3200; x_wconf 83' lang='grc' dir='ltr'>πάθει</span> <span class='ocrx_word' id='word_1_616' title='bbox 3590 3144 3877 3214; x_wconf 79' lang='grc' dir='ltr'>γενόμενος</span> <span class='ocrx_word' id='word_1_617' title='bbox 3903 3142 4017 3203; x_wconf 76' lang='grc' dir='ltr'>τοῖς</span> 
     </span>
    </p>
   </div>
   <div class='ocr_carea' id='block_1_76' title="bbox 2453 3234 4016 3324">
    <p class='ocr_par' dir='ltr' id='par_1_76' title="bbox 2453 3234 4016 3324">
     <span class='ocr_line' id='line_1_76' title="bbox 2453 3234 4016 3324; baseline -0.017 -15"><span class='ocrx_word' id='word_1_618' title='bbox 2453 3254 2616 3310; x_wconf 77' lang='grc' dir='ltr'>αὐτοῦ</span> <span class='ocrx_word' id='word_1_619' title='bbox 2649 3253 2913 3324; x_wconf 82' lang='grc' dir='ltr'>μαθηταῖς</span> <span class='ocrx_word' id='word_1_620' title='bbox 2959 3247 3284 3301; x_wconf 84' lang='grc' dir='ltr'>διεστέλλετο</span> <span class='ocrx_word' id='word_1_621' title='bbox 3326 3241 3524 3296; x_wconf 57' lang='lat' dir='ltr'><strong>atmiis&quot;</strong></span> <span class='ocrx_word' id='word_1_622' title='bbox 3575 3258 3594 3290; x_wconf 78' lang='grc' dir='ltr'><strong>ι</strong></span> <span class='ocrx_word' id='word_1_623' title='bbox 3619 3236 3825 3296; x_wconf 80' lang='grc' dir='ltr'>Πάντες</span> <span class='ocrx_word' id='word_1_624' title='bbox 3858 3234 4016 3324; x_wconf 60' lang='grc' dir='ltr'>ὑμεῖς</span> 
     </span>
    </p>
   </div>
   <div class='ocr_carea' id='block_1_77' title="bbox 2457 3321 4021 3422">
    <p class='ocr_par' dir='ltr' id='par_1_77' title="bbox 2457 3321 4021 3422">
     <span class='ocr_line' id='line_1_77' title="bbox 2457 3321 4021 3422; baseline -0.019 -22"><span class='ocrx_word' id='word_1_625' title='bbox 2457 3321 2971 3413; x_wconf 75' lang='grc' dir='ltr'>σκανδαλισθήσεσθε</span> <span class='ocrx_word' id='word_1_626' title='bbox 3025 3340 3080 3390; x_wconf 85' lang='grc' dir='ltr'>ὲν</span> <span class='ocrx_word' id='word_1_627' title='bbox 3105 3335 3242 3407; x_wconf 75' lang='grc' dir='ltr'>ἐμοί.</span> <span class='ocrx_word' id='word_1_628' title='bbox 3275 3321 4021 3422; x_wconf 22' lang='grc' dir='ltr'>ΓέγραπταελγάρῙΔΠατάξω</span> 
     </span>
    </p>
   </div>
   <div class='ocr_carea' id='block_1_78' title="bbox 2450 3413 4016 3519">
    <p class='ocr_par' dir='ltr' id='par_1_78' title="bbox 2450 3413 4016 3519">
     <span class='ocr_line' id='line_1_78' title="bbox 2450 3413 4016 3519; baseline -0.016 -32"><span class='ocrx_word' id='word_1_629' title='bbox 2450 3434 2542 3487; x_wconf 85' lang='grc' dir='ltr'><strong>τὸν</strong></span> <span class='ocrx_word' id='word_1_630' title='bbox 2574 3432 2824 3502; x_wconf 74' lang='grc' dir='ltr'>ποιμένα,</span> <span class='ocrx_word' id='word_1_631' title='bbox 2862 3429 2955 3482; x_wconf 73' lang='grc' dir='ltr'>καὶ</span> <span class='ocrx_word' id='word_1_632' title='bbox 2977 3421 3514 3495; x_wconf 80' lang='grc' dir='ltr'>διασκορπισθήσεται</span> <span class='ocrx_word' id='word_1_633' title='bbox 3547 3418 3614 3470; x_wconf 85' lang='grc' dir='ltr'>τὰ</span> <span class='ocrx_word' id='word_1_634' title='bbox 3641 3413 3895 3519; x_wconf 53' lang='grc' dir='ltr'><strong>πριξϐιιιτα⁹</strong></span> <span class='ocrx_word' id='word_1_635' title='bbox 3917 3413 4016 3480; x_wconf 84' lang='grc' dir='ltr'>τῆς</span> 
     </span>
    </p>
   </div>
   <div class='ocr_carea' id='block_1_79' title="bbox 2447 3515 4018 3596">
    <p class='ocr_par' dir='ltr' id='par_1_79' title="bbox 2447 3515 4018 3596">
     <span class='ocr_line' id='line_1_79' title="bbox 2447 3515 4018 3596; baseline -0.017 -16"><span class='ocrx_word' id='word_1_636' title='bbox 2447 3526 2699 3596; x_wconf 84' lang='grc' dir='ltr'>ποίμνης.</span> <span class='ocrx_word' id='word_1_637' title='bbox 2726 3541 2745 3574; x_wconf 75' lang='grc' dir='ltr'>ι</span> <span class='ocrx_word' id='word_1_638' title='bbox 2791 3521 2900 3575; x_wconf 74' lang='grc' dir='ltr'>Καὶ</span> <span class='ocrx_word' id='word_1_639' title='bbox 2935 3522 2991 3572; x_wconf 83' lang='grc' dir='ltr'>ὲν</span> <span class='ocrx_word' id='word_1_640' title='bbox 3016 3517 3093 3588; x_wconf 85' lang='grc' dir='ltr'>τῷ</span> <span class='ocrx_word' id='word_1_641' title='bbox 3123 3515 3258 3587; x_wconf 85' lang='grc' dir='ltr'><strong>μετά</strong></span> <span class='ocrx_word' id='word_1_642' title='bbox 3287 3516 3471 3584; x_wconf 75' lang='grc' dir='ltr'>χεῖρας</span> <span class='ocrx_word' id='word_1_643' title='bbox 3498 3515 3780 3577; x_wconf 78' lang='grc' dir='ltr'>τοιγαρουν</span> <span class='ocrx_word' id='word_1_644' title='bbox 3805 3515 4018 3596; x_wconf 68' lang='grc' dir='ltr'>τουτοις</span> 
     </span>
    </p>
   </div>
   <div class='ocr_carea' id='block_1_80' title="bbox 2448 3593 4018 3688">
    <p class='ocr_par' dir='ltr' id='par_1_80' title="bbox 2448 3593 4018 3688">
     <span class='ocr_line' id='line_1_80' title="bbox 2448 3593 4018 3688; baseline -0.018 -16"><span class='ocrx_word' id='word_1_645' title='bbox 2448 3593 2751 3688; x_wconf 70' lang='grc' dir='ltr'>συμφώνως</span> <span class='ocrx_word' id='word_1_646' title='bbox 2774 3612 3080 3685; x_wconf 81' lang='grc' dir='ltr'>εῐρηταιτὸ,</span> <span class='ocrx_word' id='word_1_647' title='bbox 3106 3629 3123 3661; x_wconf 83' lang='grc' dir='ltr'><strong>ι</strong></span> <span class='ocrx_word' id='word_1_648' title='bbox 3139 3611 3258 3663; x_wconf 84' lang='grc' dir='ltr'>’Ὁτι</span> <span class='ocrx_word' id='word_1_649' title='bbox 3276 3609 3334 3662; x_wconf 87' lang='grc' dir='ltr'>ὃν</span> <span class='ocrx_word' id='word_1_650' title='bbox 3360 3608 3421 3660; x_wconf 81' lang='grc' dir='ltr'><strong>σὺ</strong></span> <span class='ocrx_word' id='word_1_651' title='bbox 3446 3603 3738 3668; x_wconf 79' lang='grc' dir='ltr'>ἐπάταξας,</span> <span class='ocrx_word' id='word_1_652' title='bbox 3762 3593 4018 3651; x_wconf 81' lang='grc' dir='ltr'>κατεδίω-</span> 
     </span>
    </p>
   </div>
   <div class='ocr_carea' id='block_1_81' title="bbox 2449 3688 4008 3777">
    <p class='ocr_par' dir='ltr' id='par_1_81' title="bbox 2449 3688 4008 3777">
     <span class='ocr_line' id='line_1_81' title="bbox 2449 3688 4008 3777; baseline -0.017 -14"><span class='ocrx_word' id='word_1_653' title='bbox 2449 3709 2563 3774; x_wconf 89' lang='grc' dir='ltr'>ξαν.</span> <span class='ocrx_word' id='word_1_654' title='bbox 2589 3728 2607 3760; x_wconf 75' lang='lat' dir='ltr'><strong>r</strong></span> <span class='ocrx_word' id='word_1_655' title='bbox 2649 3706 2708 3760; x_wconf 86' lang='lat'><strong>&#39;0</strong></span> <span class='ocrx_word' id='word_1_656' title='bbox 2731 3705 2828 3777; x_wconf 76' lang='grc' dir='ltr'><strong>μὲν</strong></span> <span class='ocrx_word' id='word_1_657' title='bbox 2852 3692 2942 3758; x_wconf 81' lang='grc' dir='ltr'><strong>οὖν</strong></span> <span class='ocrx_word' id='word_1_658' title='bbox 2968 3701 3155 3773; x_wconf 78' lang='grc' dir='ltr'>Πατὴρ</span> <span class='ocrx_word' id='word_1_659' title='bbox 3182 3698 3274 3753; x_wconf 84' lang='grc' dir='ltr'>τοῦ</span> <span class='ocrx_word' id='word_1_660' title='bbox 3303 3698 3430 3751; x_wconf 82' lang='grc' dir='ltr'>ίδίου</span> <span class='ocrx_word' id='word_1_661' title='bbox 3452 3695 3584 3748; x_wconf 76' lang='grc' dir='ltr'>Υίοῦ</span> <span class='ocrx_word' id='word_1_662' title='bbox 3609 3694 3707 3746; x_wconf 83' lang='grc' dir='ltr'><strong>οὐκ</strong></span> <span class='ocrx_word' id='word_1_663' title='bbox 3734 3688 4008 3757; x_wconf 67' lang='grc' dir='ltr'>ἐφείσατο.</span> 
     </span>
    </p>
   </div>
   <div class='ocr_carea' id='block_1_82' title="bbox 2447 3782 4017 3869">
    <p class='ocr_par' dir='ltr' id='par_1_82' title="bbox 2447 3782 4017 3869">
     <span class='ocr_line' id='line_1_82' title="bbox 2447 3782 4017 3869; baseline -0.015 -14"><span class='ocrx_word' id='word_1_664' title='bbox 2447 3799 2559 3856; x_wconf 82' lang='grc' dir='ltr'>ἀλλ’</span> <span class='ocrx_word' id='word_1_665' title='bbox 2581 3797 2722 3869; x_wconf 75' lang='grc' dir='ltr'>ὑπὲρ</span> <span class='ocrx_word' id='word_1_666' title='bbox 2740 3794 2893 3868; x_wconf 76' lang='grc' dir='ltr'>ἡμῶν</span> <span class='ocrx_word' id='word_1_667' title='bbox 2919 3794 3133 3849; x_wconf 82' lang='grc' dir='ltr'>πάντων</span> <span class='ocrx_word' id='word_1_668' title='bbox 3158 3790 3470 3862; x_wconf 78' lang='grc' dir='ltr'>παρέδωκεν</span> <span class='ocrx_word' id='word_1_669' title='bbox 3489 3785 3678 3841; x_wconf 85' lang='grc' dir='ltr'>αὑτόν.·</span> <span class='ocrx_word' id='word_1_670' title='bbox 3698 3782 3932 3851; x_wconf 86' lang='grc' dir='ltr'>Δυνάμει</span> <span class='ocrx_word' id='word_1_671' title='bbox 3955 3796 4017 3832; x_wconf 75' lang='grc' dir='ltr'><strong>τε</strong></span> 
     </span>
    </p>
   </div>
   <div class='ocr_carea' id='block_1_83' title="bbox 2449 3869 4014 3958">
    <p class='ocr_par' dir='ltr' id='par_1_83' title="bbox 2449 3869 4014 3958">
     <span class='ocr_line' id='line_1_83' title="bbox 2449 3869 4014 3958; baseline -0.015 -13"><span class='ocrx_word' id='word_1_672' title='bbox 2449 3888 2607 3951; x_wconf 78' lang='grc' dir='ltr'>αὐτὸς</span> <span class='ocrx_word' id='word_1_673' title='bbox 2633 3882 2701 3958; x_wconf 77' lang='grc' dir='ltr'>ἦν</span> <span class='ocrx_word' id='word_1_674' title='bbox 2727 3889 2755 3939; x_wconf 81' lang='grc' dir='ltr'><strong>ὁ</strong></span> <span class='ocrx_word' id='word_1_675' title='bbox 2780 3884 3022 3948; x_wconf 85' lang='grc' dir='ltr'>πατάξας</span> <span class='ocrx_word' id='word_1_676' title='bbox 3049 3881 3135 3935; x_wconf 85' lang='grc' dir='ltr'>διὰ</span> <span class='ocrx_word' id='word_1_677' title='bbox 3166 3880 3257 3933; x_wconf 82' lang='grc' dir='ltr'><strong>τοῦ</strong></span> <span class='ocrx_word' id='word_1_678' title='bbox 3287 3877 3637 3949; x_wconf 78' lang='grc' dir='ltr'>συγχωρῆσαι</span> <span class='ocrx_word' id='word_1_679' title='bbox 3661 3871 3882 3926; x_wconf 82' lang='grc' dir='ltr'>τοιαῦτα</span> <span class='ocrx_word' id='word_1_680' title='bbox 3915 3869 4014 3924; x_wconf 86' lang='grc' dir='ltr'>αὑ-</span> 
     </span>
    </p>
   </div>
   <div class='ocr_carea' id='block_1_84' title="bbox 2447 3960 4015 4050">
    <p class='ocr_par' dir='ltr' id='par_1_84' title="bbox 2447 3960 4015 4050">
     <span class='ocr_line' id='line_1_84' title="bbox 2447 3960 4015 4050; baseline -0.013 -17"><span class='ocrx_word' id='word_1_681' title='bbox 2447 3979 2538 4034; x_wconf 82' lang='grc' dir='ltr'><strong>τὸν</strong></span> <span class='ocrx_word' id='word_1_682' title='bbox 2571 3977 2780 4032; x_wconf 82' lang='grc' dir='ltr'>παθεῖν.</span> <span class='ocrx_word' id='word_1_683' title='bbox 2813 3976 2875 4029; x_wconf 86' lang='grc' dir='ltr'><strong>Οἱ</strong></span> <span class='ocrx_word' id='word_1_684' title='bbox 2899 3974 2955 4030; x_wconf 77' lang='grc' dir='ltr'>δὲ</span> <span class='ocrx_word' id='word_1_685' title='bbox 2980 3974 3078 4028; x_wconf 71' lang='grc' dir='ltr'><strong>οὐκ</strong></span> <span class='ocrx_word' id='word_1_686' title='bbox 3103 3969 3374 4035; x_wconf 69' lang='grc' dir='ltr'>ἐπάταξαν</span> <span class='ocrx_word' id='word_1_687' title='bbox 3406 3967 3583 4038; x_wconf 83' lang='grc' dir='ltr'>μόνον,</span> <span class='ocrx_word' id='word_1_688' title='bbox 3607 3963 3743 4018; x_wconf 83' lang='grc' dir='ltr'>ἀλλὰ</span> <span class='ocrx_word' id='word_1_689' title='bbox 3761 3963 3856 4016; x_wconf 72' lang='grc' dir='ltr'>καὶ</span> <span class='ocrx_word' id='word_1_690' title='bbox 3884 3960 4015 4050; x_wconf 7' lang='grc' dir='ltr'>ἦλα-η</span> 
     </span>
    </p>
   </div>
   <div class='ocr_carea' id='block_1_85' title="bbox 2452 4052 4016 4137">
    <p class='ocr_par' dir='ltr' id='par_1_85' title="bbox 2452 4052 4016 4137">
     <span class='ocr_line' id='line_1_85' title="bbox 2452 4052 4016 4137; baseline -0.013 -12"><span class='ocrx_word' id='word_1_691' title='bbox 2452 4086 2547 4125; x_wconf 90' lang='grc' dir='ltr'><strong>σαν</strong></span> <span class='ocrx_word' id='word_1_692' title='bbox 2573 4070 2630 4137; x_wconf 77' lang='grc' dir='ltr'>ἐξ</span> <span class='ocrx_word' id='word_1_693' title='bbox 2654 4066 2858 4124; x_wconf 69' lang='grc' dir='ltr'>ἑαυτῶν</span> <span class='ocrx_word' id='word_1_694' title='bbox 2880 4066 2973 4119; x_wconf 79' lang='grc' dir='ltr'>καὶ</span> <span class='ocrx_word' id='word_1_695' title='bbox 3000 4063 3213 4134; x_wconf 87' lang='grc' dir='ltr'>μακρὰν</span> <span class='ocrx_word' id='word_1_696' title='bbox 3236 4059 3538 4123; x_wconf 80' lang='grc' dir='ltr'>ἀπεδίωξαν</span> <span class='ocrx_word' id='word_1_697' title='bbox 3559 4055 3721 4111; x_wconf 78' lang='grc' dir='ltr'>αὐτόν</span> <span class='ocrx_word' id='word_1_698' title='bbox 3741 4073 3754 4086; x_wconf 91' lang='grc'><strong>·</strong></span> <span class='ocrx_word' id='word_1_699' title='bbox 3779 4054 3897 4108; x_wconf 81' lang='grc' dir='ltr'>δέον</span> <span class='ocrx_word' id='word_1_700' title='bbox 3921 4052 4016 4108; x_wconf 82' lang='grc' dir='ltr'>καὶ</span> 
     </span>
    </p>
   </div>
   <div class='ocr_carea' id='block_1_86' title="bbox 2451 4143 4015 4229">
    <p class='ocr_par' dir='ltr' id='par_1_86' title="bbox 2451 4143 4015 4229">
     <span class='ocr_line' id='line_1_86' title="bbox 2451 4143 4015 4229; baseline -0.012 -16"><span class='ocrx_word' id='word_1_701' title='bbox 2451 4159 2792 4229; x_wconf 84' lang='grc' dir='ltr'>παταχθέντα</span> <span class='ocrx_word' id='word_1_702' title='bbox 2814 4153 3239 4228; x_wconf 65' lang='grc' dir='ltr'>παραδέξασθαιε</span> <span class='ocrx_word' id='word_1_703' title='bbox 3263 4150 3505 4220; x_wconf 84' lang='grc' dir='ltr'>γνόντας,</span> <span class='ocrx_word' id='word_1_704' title='bbox 3522 4148 3601 4201; x_wconf 83' lang='grc' dir='ltr'><strong>ὅτι</strong></span> <span class='ocrx_word' id='word_1_705' title='bbox 3625 4145 3852 4217; x_wconf 83' lang='grc' dir='ltr'>Χριστὸς</span> <span class='ocrx_word' id='word_1_706' title='bbox 3873 4143 4015 4214; x_wconf 84' lang='grc' dir='ltr'>ὑπὲρ</span> 
     </span>
    </p>
   </div>
   <div class='ocr_carea' id='block_1_87' title="bbox 2449 4240 4014 4324">
    <p class='ocr_par' dir='ltr' id='par_1_87' title="bbox 2449 4240 4014 4324">
     <span class='ocr_line' id='line_1_87' title="bbox 2449 4240 4014 4324; baseline -0.011 -17"><span class='ocrx_word' id='word_1_707' title='bbox 2449 4251 2604 4324; x_wconf 70' lang='grc' dir='ltr'>ἡμῶν</span> <span class='ocrx_word' id='word_1_708' title='bbox 2641 4249 2878 4305; x_wconf 80' lang='grc' dir='ltr'>ἀπέθανε</span> <span class='ocrx_word' id='word_1_709' title='bbox 2904 4289 2918 4314; x_wconf 86' lang='grc'><em>,</em></span> <span class='ocrx_word' id='word_1_710' title='bbox 2963 4247 3246 4317; x_wconf 86' lang='grc' dir='ltr'>γενόμενος</span> <span class='ocrx_word' id='word_1_711' title='bbox 3280 4243 3419 4314; x_wconf 82' lang='grc' dir='ltr'>ὑπὲρ</span> <span class='ocrx_word' id='word_1_712' title='bbox 3443 4241 3600 4313; x_wconf 80' lang='grc' dir='ltr'>ἡμῶν</span> <span class='ocrx_word' id='word_1_713' title='bbox 3629 4241 3841 4310; x_wconf 85' lang='grc' dir='ltr'>κατάρα</span> <span class='ocrx_word' id='word_1_714' title='bbox 3863 4279 3877 4302; x_wconf 86' lang='grc'><em>,</em></span> <span class='ocrx_word' id='word_1_715' title='bbox 3920 4240 4014 4292; x_wconf 81' lang='grc' dir='ltr'>καὶ</span> 
     </span>
    </p>
   </div>
   <div class='ocr_carea' id='block_1_88' title="bbox 2449 4330 4013 4414">
    <p class='ocr_par' dir='ltr' id='par_1_88' title="bbox 2449 4330 4013 4414">
     <span class='ocr_line' id='line_1_88' title="bbox 2449 4330 4013 4414; baseline -0.01 -17"><span class='ocrx_word' id='word_1_716' title='bbox 2449 4346 2530 4398; x_wconf 87' lang='grc' dir='ltr'><strong>ὃτι</strong></span> <span class='ocrx_word' id='word_1_717' title='bbox 2576 4344 2648 4414; x_wconf 80' lang='grc' dir='ltr'><strong>μὴ</strong></span> <span class='ocrx_word' id='word_1_718' title='bbox 2687 4343 2879 4411; x_wconf 83' lang='grc' dir='ltr'>γνόντα</span> <span class='ocrx_word' id='word_1_719' title='bbox 2917 4337 3187 4412; x_wconf 83' lang='grc' dir='ltr'>ἁμαρτίαν</span> <span class='ocrx_word' id='word_1_720' title='bbox 3212 4380 3227 4402; x_wconf 87' lang='grc'>,</span> <span class='ocrx_word' id='word_1_721' title='bbox 3271 4337 3429 4393; x_wconf 79' lang='grc' dir='ltr'>αὑτὸν</span> <span class='ocrx_word' id='word_1_722' title='bbox 3464 4337 3490 4388; x_wconf 85' lang='grc' dir='ltr'>ὁ</span> <span class='ocrx_word' id='word_1_723' title='bbox 3531 4333 3661 4395; x_wconf 83' lang='grc' dir='ltr'>Θεὸς</span> <span class='ocrx_word' id='word_1_724' title='bbox 3692 4333 3828 4402; x_wconf 79' lang='grc' dir='ltr'>ὑπὲρ</span> <span class='ocrx_word' id='word_1_725' title='bbox 3853 4330 4013 4405; x_wconf 74' lang='grc' dir='ltr'>ἡμῶν</span> 
     </span>
    </p>
   </div>
   <div class='ocr_carea' id='block_1_89' title="bbox 2453 4421 4011 4510">
    <p class='ocr_par' dir='ltr' id='par_1_89' title="bbox 2453 4421 4011 4510">
     <span class='ocr_line' id='line_1_89' title="bbox 2453 4421 4011 4510; baseline -0.01 -21"><span class='ocrx_word' id='word_1_726' title='bbox 2453 4434 2724 4506; x_wconf 75' lang='grc' dir='ltr'>ἁμαρτίαν</span> <span class='ocrx_word' id='word_1_727' title='bbox 2757 4433 3007 4502; x_wconf 73' lang='grc' dir='ltr'>ἐποίησεν</span> <span class='ocrx_word' id='word_1_728' title='bbox 3031 4447 3045 4461; x_wconf 78' lang='grc' dir='ltr'><strong>ο</strong></span> <span class='ocrx_word' id='word_1_729' title='bbox 3080 4430 3166 4482; x_wconf 82' lang='grc' dir='ltr'>ἵνα</span> <span class='ocrx_word' id='word_1_730' title='bbox 3199 4429 3356 4497; x_wconf 66' lang='grc' dir='ltr'>ἡμεῖς</span> <span class='ocrx_word' id='word_1_731' title='bbox 3388 4423 3668 4510; x_wconf 71' lang='grc' dir='ltr'>γενώμεθα</span> <span class='ocrx_word' id='word_1_732' title='bbox 3700 4421 4011 4491; x_wconf 72' lang='grc' dir='ltr'>δικαιοσύνη</span> 
     </span>
    </p>
   </div>
   <div class='ocr_carea' id='block_1_90' title="bbox 2449 4513 4009 4594">
    <p class='ocr_par' dir='ltr' id='par_1_90' title="bbox 2449 4513 4009 4594">
     <span class='ocr_line' id='line_1_90' title="bbox 2449 4513 4009 4594; baseline -0.009 -14"><span class='ocrx_word' id='word_1_733' title='bbox 2449 4525 2581 4582; x_wconf 85' lang='grc' dir='ltr'><strong>Θεοῦ</strong></span> <span class='ocrx_word' id='word_1_734' title='bbox 2616 4528 2673 4579; x_wconf 79' lang='grc' dir='ltr'>ὲν</span> <span class='ocrx_word' id='word_1_735' title='bbox 2703 4524 2868 4594; x_wconf 81' lang='grc' dir='ltr'>αὐτῷ.</span> <span class='ocrx_word' id='word_1_736' title='bbox 2895 4519 3274 4591; x_wconf 83' lang='grc' dir='ltr'>Μνημονεῦσαι</span> <span class='ocrx_word' id='word_1_737' title='bbox 3299 4519 3353 4570; x_wconf 70' lang='grc' dir='ltr'>δὲ</span> <span class='ocrx_word' id='word_1_738' title='bbox 3381 4518 3483 4588; x_wconf 78' lang='grc' dir='ltr'><strong>χρὴ</strong></span> <span class='ocrx_word' id='word_1_739' title='bbox 3517 4518 3607 4570; x_wconf 76' lang='grc' dir='ltr'>καὶ</span> <span class='ocrx_word' id='word_1_740' title='bbox 3635 4515 3745 4569; x_wconf 85' lang='grc' dir='ltr'><strong>τῶν</strong></span> <span class='ocrx_word' id='word_1_741' title='bbox 3787 4513 4009 4567; x_wconf 86' lang='grc' dir='ltr'><strong>Ἥσαῖου</strong></span> 
     </span>
    </p>
   </div>
   <div class='ocr_carea' id='block_1_91' title="bbox 2451 4603 4013 4688">
    <p class='ocr_par' dir='ltr' id='par_1_91' title="bbox 2451 4603 4013 4688">
     <span class='ocr_line' id='line_1_91' title="bbox 2451 4603 4013 4688; baseline -0.011 -16"><span class='ocrx_word' id='word_1_742' title='bbox 2451 4618 2661 4688; x_wconf 81' lang='grc' dir='ltr'>φωνῶν,</span> <span class='ocrx_word' id='word_1_743' title='bbox 2689 4616 2753 4668; x_wconf 83' lang='grc' dir='ltr'>δι’</span> <span class='ocrx_word' id='word_1_744' title='bbox 2779 4608 2853 4667; x_wconf 82' lang='grc' dir='ltr'>ὧν</span> <span class='ocrx_word' id='word_1_745' title='bbox 2878 4612 3118 4680; x_wconf 72' lang='grc' dir='ltr'>ἐλέγετο·</span> <span class='ocrx_word' id='word_1_746' title='bbox 3156 4629 3172 4661; x_wconf 81' lang='grc' dir='ltr'><strong>ι</strong></span> <span class='ocrx_word' id='word_1_747' title='bbox 3189 4610 3500 4681; x_wconf 81' lang='grc' dir='ltr'>Ἀνθρωπος</span> <span class='ocrx_word' id='word_1_748' title='bbox 3523 4610 3578 4659; x_wconf 85' lang='grc' dir='ltr'>ὲν</span> <span class='ocrx_word' id='word_1_749' title='bbox 3604 4607 3784 4674; x_wconf 79' lang='grc' dir='ltr'>πληγῇ</span> <span class='ocrx_word' id='word_1_750' title='bbox 3801 4603 3895 4666; x_wconf 83' lang='grc' dir='ltr'><strong>ὣν,</strong></span> <span class='ocrx_word' id='word_1_751' title='bbox 3920 4605 4013 4656; x_wconf 75' lang='grc' dir='ltr'>καὶ</span> 
     </span>
    </p>
   </div>
   <div class='ocr_carea' id='block_1_92' title="bbox 800 4697 2498 4792">
    <p class='ocr_par' dir='ltr' id='par_1_92' title="bbox 800 4700 2498 4792">
     <span class='ocr_line' id='line_1_92' title="bbox 800 4700 2498 4792; baseline 0.006 -38"><span class='ocrx_word' id='word_1_752' title='bbox 800 4710 853 4754; x_wconf 90' lang='lat' dir='ltr'><strong>et</strong></span> <span class='ocrx_word' id='word_1_753' title='bbox 886 4700 1145 4757; x_wconf 87' lang='lat' dir='ltr'><strong>Dominus</strong></span> <span class='ocrx_word' id='word_1_754' title='bbox 1179 4705 1402 4759; x_wconf 91' lang='lat' dir='ltr'><strong>tradidit</strong></span> <span class='ocrx_word' id='word_1_755' title='bbox 1430 4722 1551 4760; x_wconf 90' lang='lat' dir='ltr'><strong>eum</strong></span> <span class='ocrx_word' id='word_1_756' title='bbox 1586 4709 1824 4778; x_wconf 81' lang='lat' dir='ltr'><strong>peccatis</strong></span> <span class='ocrx_word' id='word_1_757' title='bbox 1855 4710 2056 4763; x_wconf 90' lang='lat' dir='ltr'><strong>nostris</strong></span> <span class='ocrx_word' id='word_1_758' title='bbox 2085 4707 2179 4782; x_wconf 54' lang='lat' dir='ltr'><strong>f&#39;;</strong></span> <span class='ocrx_word' id='word_1_759' title='bbox 2210 4725 2228 4758; x_wconf 75' lang='grc' dir='ltr'>ι</span> <span class='ocrx_word' id='word_1_760' title='bbox 2255 4713 2347 4762; x_wconf 82' lang='lat' dir='ltr'><strong>et:</strong></span> <span class='ocrx_word' id='word_1_761' title='bbox 2382 4739 2425 4792; x_wconf 69' lang='grc' dir='ltr'>Β</span> <span class='ocrx_word' id='word_1_762' title='bbox 2454 4713 2498 4764; x_wconf 81' lang='grc' dir='ltr'>εἰ</span> 
     </span>
    </p>
   </div>
   <div class='ocr_carea' id='block_1_93' title="bbox 2312 4697 4010 4792">
    <p class='ocr_par' dir='ltr' id='par_1_93' title="bbox 2333 4697 4010 4792">
     <span class='ocr_line' id='line_1_93' title="bbox 2333 4697 4010 4792; baseline -0.01 -30"><span class='ocrx_word' id='word_1_763' title='bbox 2333 4725 2347 4762; x_wconf 90' lang='lat'><strong>:</strong></span> <span class='ocrx_word' id='word_1_764' title='bbox 2382 4739 2425 4792; x_wconf 69' lang='grc' dir='ltr'>Β</span> <span class='ocrx_word' id='word_1_765' title='bbox 2454 4710 2605 4774; x_wconf 81' lang='grc' dir='ltr'>εἰδὼς</span> <span class='ocrx_word' id='word_1_766' title='bbox 2647 4707 2829 4782; x_wconf 81' lang='grc' dir='ltr'>φέρειν</span> <span class='ocrx_word' id='word_1_767' title='bbox 2877 4705 3173 4777; x_wconf 87' lang='grc' dir='ltr'>μαλακίαν·</span> <span class='ocrx_word' id='word_1_768' title='bbox 3215 4703 3309 4757; x_wconf 75' lang='grc' dir='ltr'>καὶ</span> <span class='ocrx_word' id='word_1_769' title='bbox 3350 4702 3550 4792; x_wconf 72' lang='grc' dir='ltr'>Κύριος</span> <span class='ocrx_word' id='word_1_770' title='bbox 3581 4697 3860 4792; x_wconf 78' lang='grc' dir='ltr'>παρέδωκε</span> <span class='ocrx_word' id='word_1_771' title='bbox 3891 4697 4010 4792; x_wconf 75' lang='grc' dir='ltr'>ταῖς</span> 
     </span>
    </p>
   </div>
   <div class='ocr_carea' id='block_1_94' title="bbox 803 4790 2348 4876">
    <p class='ocr_par' dir='ltr' id='par_1_94' title="bbox 803 4790 2348 4876">
     <span class='ocr_line' id='line_1_94' title="bbox 803 4790 2348 4876; baseline 0.008 -34"><span class='ocrx_word' id='word_1_772' title='bbox 803 4809 826 4841; x_wconf 78' lang='grc' dir='ltr'><strong>ι</strong></span> <span class='ocrx_word' id='word_1_773' title='bbox 854 4790 1119 4857; x_wconf 88' lang='lat' dir='ltr'><strong>Quoniam</strong></span> <span class='ocrx_word' id='word_1_774' title='bbox 1154 4797 1267 4864; x_wconf 90' lang='lat' dir='ltr'><strong>ipse</strong></span> <span class='ocrx_word' id='word_1_775' title='bbox 1302 4809 1521 4867; x_wconf 84' lang='lat' dir='ltr'><strong>peccata</strong></span> <span class='ocrx_word' id='word_1_776' title='bbox 1558 4809 1741 4854; x_wconf 86' lang='lat' dir='ltr'><strong>nostra</strong></span> <span class='ocrx_word' id='word_1_777' title='bbox 1781 4809 1992 4870; x_wconf 89' lang='lat' dir='ltr'><strong>portat,</strong></span> <span class='ocrx_word' id='word_1_778' title='bbox 2029 4810 2213 4876; x_wconf 81' lang='lat' dir='ltr'><strong>et&#39;pro</strong></span> <span class='ocrx_word' id='word_1_779' title='bbox 2247 4815 2348 4855; x_wconf 87' lang='lat' dir='ltr'><strong>no-</strong></span> 
     </span>
    </p>
   </div>
   <div class='ocr_carea' id='block_1_95' title="bbox 799 4883 2351 4957">
    <p class='ocr_par' dir='ltr' id='par_1_95' title="bbox 799 4883 2351 4957">
     <span class='ocr_line' id='line_1_95' title="bbox 799 4883 2351 4957; baseline 0.006 -20"><span class='ocrx_word' id='word_1_780' title='bbox 799 4883 884 4940; x_wconf 80' lang='lat' dir='ltr'><strong>bis</strong></span> <span class='ocrx_word' id='word_1_781' title='bbox 909 4888 1184 4940; x_wconf 87' lang='lat' dir='ltr'><strong>cruciatur</strong></span> <span class='ocrx_word' id='word_1_782' title='bbox 1207 4889 1271 4943; x_wconf 69' lang='lat'><strong>‘7.</strong></span> <span class='ocrx_word' id='word_1_783' title='bbox 1301 4909 1316 4940; x_wconf 77' lang='grc' dir='ltr'>ι</span> <span class='ocrx_word' id='word_1_784' title='bbox 1335 4891 1597 4954; x_wconf 87' lang='lat' dir='ltr'><strong>Quoniam</strong></span> <span class='ocrx_word' id='word_1_785' title='bbox 1629 4889 1941 4949; x_wconf 58' lang='lat' dir='ltr'><strong>vulneratus</strong></span> <span class='ocrx_word' id='word_1_786' title='bbox 1966 4904 2078 4957; x_wconf 87' lang='lat' dir='ltr'><strong>est,</strong></span> <span class='ocrx_word' id='word_1_787' title='bbox 2109 4908 2221 4949; x_wconf 87' lang='lat' dir='ltr'><strong>non</strong></span> <span class='ocrx_word' id='word_1_788' title='bbox 2247 4893 2351 4946; x_wconf 91' lang='lat' dir='ltr'><strong>alia</strong></span> 
     </span>
    </p>
   </div>
   <div class='ocr_carea' id='block_1_96' title="bbox 799 4975 2351 5052">
    <p class='ocr_par' dir='ltr' id='par_1_96' title="bbox 799 4975 2351 5052">
     <span class='ocr_line' id='line_1_96' title="bbox 799 4975 2351 5052; baseline 0.007 -23"><span class='ocrx_word' id='word_1_789' title='bbox 799 4975 866 5032; x_wconf 91' lang='lat' dir='ltr'><strong>de</strong></span> <span class='ocrx_word' id='word_1_790' title='bbox 897 4993 1058 5034; x_wconf 89' lang='lat' dir='ltr'><strong>causa</strong></span> <span class='ocrx_word' id='word_1_791' title='bbox 1101 4983 1203 5035; x_wconf 90' lang='lat' dir='ltr'><strong>nisi</strong></span> <span class='ocrx_word' id='word_1_792' title='bbox 1236 4990 1454 5052; x_wconf 89' lang='lat' dir='ltr'><strong>propter</strong></span> <span class='ocrx_word' id='word_1_793' title='bbox 1484 4991 1704 5051; x_wconf 80' lang='lat' dir='ltr'><strong>peccata</strong></span> <span class='ocrx_word' id='word_1_794' title='bbox 1735 4995 2012 5051; x_wconf 82' lang='lat' dir='ltr'><strong>nostra,et</strong></span> <span class='ocrx_word' id='word_1_795' title='bbox 2047 4987 2351 5041; x_wconf 81' lang='lat' dir='ltr'><strong>inﬁrmatus</strong></span> 
     </span>
    </p>
   </div>
   <div class='ocr_carea' id='block_1_97' title="bbox 799 5072 2349 5142">
    <p class='ocr_par' dir='ltr' id='par_1_97' title="bbox 799 5072 2349 5142">
     <span class='ocr_line' id='line_1_97' title="bbox 799 5072 2349 5142; baseline 0.005 -20"><span class='ocrx_word' id='word_1_796' title='bbox 799 5077 880 5124; x_wconf 83' lang='lat' dir='ltr'><strong>est</strong></span> <span class='ocrx_word' id='word_1_797' title='bbox 908 5078 1123 5140; x_wconf 86' lang='lat' dir='ltr'><strong>propter</strong></span> <span class='ocrx_word' id='word_1_798' title='bbox 1149 5072 1463 5142; x_wconf 88' lang='lat' dir='ltr'><strong>iniquitates</strong></span> <span class='ocrx_word' id='word_1_799' title='bbox 1490 5078 1727 5128; x_wconf 86' lang='lat' dir='ltr'><strong>nostras.</strong></span> <span class='ocrx_word' id='word_1_800' title='bbox 1760 5074 1837 5127; x_wconf 88' lang='lat' dir='ltr'><strong>Illi</strong></span> <span class='ocrx_word' id='word_1_801' title='bbox 1863 5091 1990 5131; x_wconf 88' lang='lat' dir='ltr'><strong>vero</strong></span> <span class='ocrx_word' id='word_1_802' title='bbox 2008 5077 2138 5131; x_wconf 89' lang='lat' dir='ltr'><strong>nihil</strong></span> <span class='ocrx_word' id='word_1_803' title='bbox 2158 5090 2349 5134; x_wconf 71' lang='lat' dir='ltr'><strong>eorum</strong></span> 
     </span>
    </p>
   </div>
   <div class='ocr_carea' id='block_1_98' title="bbox 798 5161 2349 5237">
    <p class='ocr_par' dir='ltr' id='par_1_98' title="bbox 798 5161 2349 5237">
     <span class='ocr_line' id='line_1_98' title="bbox 798 5161 2349 5237; baseline 0.005 -24"><span class='ocrx_word' id='word_1_804' title='bbox 798 5161 1123 5231; x_wconf 74' lang='lat' dir='ltr'><strong>cogitarunt,</strong></span> <span class='ocrx_word' id='word_1_805' title='bbox 1151 5162 1245 5216; x_wconf 88' lang='lat' dir='ltr'><strong>sed</strong></span> <span class='ocrx_word' id='word_1_806' title='bbox 1273 5163 1547 5232; x_wconf 74' lang='lat' dir='ltr'><strong>ejeCerunt</strong></span> <span class='ocrx_word' id='word_1_807' title='bbox 1567 5179 1689 5219; x_wconf 91' lang='lat' dir='ltr'><strong>eum</strong></span> <span class='ocrx_word' id='word_1_808' title='bbox 1718 5172 1771 5219; x_wconf 89' lang='lat' dir='ltr'><strong>et</strong></span> <span class='ocrx_word' id='word_1_809' title='bbox 1799 5166 1894 5220; x_wconf 88' lang='lat' dir='ltr'><strong>abs</strong></span> <span class='ocrx_word' id='word_1_810' title='bbox 1921 5181 1977 5220; x_wconf 89' lang='lat' dir='ltr'><strong>se</strong></span> <span class='ocrx_word' id='word_1_811' title='bbox 2004 5169 2349 5237; x_wconf 80' lang='lat' dir='ltr'><strong>repulerunt,</strong></span> 
     </span>
    </p>
   </div>
   <div class='ocr_carea' id='block_1_99' title="bbox 797 5253 2370 5328">
    <p class='ocr_par' dir='ltr' id='par_1_99' title="bbox 797 5253 2370 5328">
     <span class='ocr_line' id='line_1_99' title="bbox 797 5253 2370 5328; baseline 0.003 -23"><span class='ocrx_word' id='word_1_812' title='bbox 797 5254 1136 5320; x_wconf 84' lang='lat' dir='ltr'><strong>postulantes</strong></span> <span class='ocrx_word' id='word_1_813' title='bbox 1194 5253 1573 5320; x_wconf 87' lang='lat' dir='ltr'><strong>bomicidiam,</strong></span> <span class='ocrx_word' id='word_1_814' title='bbox 1620 5271 1683 5310; x_wconf 90' lang='lat' dir='ltr'><strong>ac</strong></span> <span class='ocrx_word' id='word_1_815' title='bbox 1734 5257 1855 5312; x_wconf 63' lang='lat' dir='ltr'><strong>vita</strong></span> <span class='ocrx_word' id='word_1_816' title='bbox 1907 5259 2200 5328; x_wconf 89' lang='lat' dir='ltr'><strong>principem</strong></span> <span class='ocrx_word' id='word_1_817' title='bbox 2256 5276 2370 5314; x_wconf 62' lang='lat' dir='ltr'><strong>nea.</strong></span> 
     </span>
    </p>
   </div>
   <div class='ocr_carea' id='block_1_100' title="bbox 796 5342 2350 5421">
    <p class='ocr_par' dir='ltr' id='par_1_100' title="bbox 796 5342 2350 5421">
     <span class='ocr_line' id='line_1_100' title="bbox 796 5342 2350 5421; baseline 0.01 -30"><span class='ocrx_word' id='word_1_818' title='bbox 796 5349 1008 5410; x_wconf 85' lang='lat' dir='ltr'><strong>gantes.</strong></span> <span class='ocrx_word' id='word_1_819' title='bbox 1069 5342 1194 5396; x_wconf 85' lang='lat' dir='ltr'><strong>Ideo</strong></span> <span class='ocrx_word' id='word_1_820' title='bbox 1241 5343 1329 5397; x_wconf 89' lang='lat' dir='ltr'><strong>hic</strong></span> <span class='ocrx_word' id='word_1_821' title='bbox 1381 5345 1492 5399; x_wconf 89' lang='lat' dir='ltr'><strong>ait:</strong></span> <span class='ocrx_word' id='word_1_822' title='bbox 1546 5364 1578 5403; x_wconf 27' lang='grc' dir='ltr'>«ν</span> <span class='ocrx_word' id='word_1_823' title='bbox 1612 5344 1875 5412; x_wconf 90' lang='lat' dir='ltr'><strong>Quoniam</strong></span> <span class='ocrx_word' id='word_1_824' title='bbox 1911 5364 2069 5418; x_wconf 89' lang='lat' dir='ltr'><strong>quem</strong></span> <span class='ocrx_word' id='word_1_825' title='bbox 2112 5359 2167 5404; x_wconf 92' lang='lat' dir='ltr'><strong>tu</strong></span> <span class='ocrx_word' id='word_1_826' title='bbox 2226 5366 2350 5421; x_wconf 82' lang='lat' dir='ltr'><strong>per-</strong></span> 
     </span>
    </p>
   </div>
   <div class='ocr_carea' id='block_1_101' title="bbox 793 5430 2351 5507">
    <p class='ocr_par' dir='ltr' id='par_1_101' title="bbox 793 5430 2351 5507">
     <span class='ocr_line' id='line_1_101' title="bbox 793 5430 2351 5507; baseline 0.007 -22"><span class='ocrx_word' id='word_1_827' title='bbox 793 5430 1017 5485; x_wconf 87' lang='lat' dir='ltr'><strong>cussisti</strong></span> <span class='ocrx_word' id='word_1_828' title='bbox 1049 5433 1315 5499; x_wconf 79' lang='lat' dir='ltr'><strong>persecuti</strong></span> <span class='ocrx_word' id='word_1_829' title='bbox 1363 5440 1522 5500; x_wconf 86' lang='lat' dir='ltr'><strong>sunt,</strong></span> <span class='ocrx_word' id='word_1_830' title='bbox 1567 5444 1619 5490; x_wconf 89' lang='lat' dir='ltr'><strong>et</strong></span> <span class='ocrx_word' id='word_1_831' title='bbox 1666 5452 1827 5507; x_wconf 88' lang='lat' dir='ltr'><strong>super</strong></span> <span class='ocrx_word' id='word_1_832' title='bbox 1872 5438 2108 5493; x_wconf 62' lang='lat' dir='ltr'><strong>dolorem</strong></span> <span class='ocrx_word' id='word_1_833' title='bbox 2163 5443 2351 5496; x_wconf 87' lang='lat' dir='ltr'><strong>vulne-</strong></span> 
     </span>
    </p>
   </div>
   <div class='ocr_carea' id='block_1_102' title="bbox 793 5525 2336 5603">
    <p class='ocr_par' dir='ltr' id='par_1_102' title="bbox 793 5525 2336 5603">
     <span class='ocr_line' id='line_1_102' title="bbox 793 5525 2336 5603; baseline 0.009 -30"><span class='ocrx_word' id='word_1_834' title='bbox 793 5538 913 5576; x_wconf 87' lang='lat' dir='ltr'><strong>rum</strong></span> <span class='ocrx_word' id='word_1_835' title='bbox 953 5536 1190 5576; x_wconf 88' lang='lat' dir='ltr'><strong>meorum</strong></span> <span class='ocrx_word' id='word_1_836' title='bbox 1227 5525 1568 5579; x_wconf 88' lang='lat' dir='ltr'><strong>addiderunt.</strong></span> <span class='ocrx_word' id='word_1_837' title='bbox 1599 5545 1618 5577; x_wconf 79' lang='grc' dir='ltr'>ι</span> <span class='ocrx_word' id='word_1_838' title='bbox 1648 5527 1757 5598; x_wconf 83' lang='lat' dir='ltr'><strong>Ego</strong></span> <span class='ocrx_word' id='word_1_839' title='bbox 1799 5529 2012 5599; x_wconf 88' lang='lat' dir='ltr'><strong>quidem</strong></span> <span class='ocrx_word' id='word_1_840' title='bbox 2057 5545 2152 5600; x_wconf 89' lang='lat' dir='ltr'><strong>pro</strong></span> <span class='ocrx_word' id='word_1_841' title='bbox 2201 5532 2336 5603; x_wconf 89' lang='lat' dir='ltr'><strong>ipsis</strong></span> 
     </span>
    </p>
   </div>
   <div class='ocr_carea' id='block_1_103' title="bbox 798 5614 2345 5688">
    <p class='ocr_par' dir='ltr' id='par_1_103' title="bbox 798 5614 2345 5688">
     <span class='ocr_line' id='line_1_103' title="bbox 798 5614 2345 5688; baseline 0.008 -24"><span class='ocrx_word' id='word_1_842' title='bbox 798 5614 1026 5670; x_wconf 80' lang='lat' dir='ltr'><strong>vulnera</strong></span> <span class='ocrx_word' id='word_1_843' title='bbox 1073 5616 1292 5685; x_wconf 77' lang='lat' dir='ltr'><strong>excepi,</strong></span> <span class='ocrx_word' id='word_1_844' title='bbox 1342 5617 1589 5688; x_wconf 88' lang='lat' dir='ltr'><strong>purgatio</strong></span> <span class='ocrx_word' id='word_1_845' title='bbox 1632 5633 1819 5673; x_wconf 90' lang='lat' dir='ltr'><strong>eorum</strong></span> <span class='ocrx_word' id='word_1_846' title='bbox 1862 5619 2116 5684; x_wconf 77' lang='lat' dir='ltr'><strong>effectus,</strong></span> <span class='ocrx_word' id='word_1_847' title='bbox 2156 5631 2209 5677; x_wconf 88' lang='lat' dir='ltr'><strong>et</strong></span> <span class='ocrx_word' id='word_1_848' title='bbox 2257 5637 2345 5676; x_wconf 77' lang='lat' dir='ltr'><strong>re-</strong></span> 
     </span>
    </p>
   </div>
   <div class='ocr_carea' id='block_1_104' title="bbox 794 5701 2345 5773">
    <p class='ocr_par' dir='ltr' id='par_1_104' title="bbox 794 5701 2345 5773">
     <span class='ocr_line' id='line_1_104' title="bbox 794 5701 2345 5773; baseline 0.007 -18"><span class='ocrx_word' id='word_1_849' title='bbox 794 5701 1039 5769; x_wconf 91' lang='lat' dir='ltr'><strong>demptio</strong></span> <span class='ocrx_word' id='word_1_850' title='bbox 1078 5716 1174 5773; x_wconf 83' lang='lat' dir='ltr'><strong>pro</strong></span> <span class='ocrx_word' id='word_1_851' title='bbox 1228 5709 1461 5772; x_wconf 82' lang='lat' dir='ltr'><strong>peccatis</strong></span> <span class='ocrx_word' id='word_1_852' title='bbox 1502 5722 1726 5764; x_wconf 85' lang='lat' dir='ltr'><strong>eorum:</strong></span> <span class='ocrx_word' id='word_1_853' title='bbox 1772 5710 1848 5766; x_wconf 89' lang='lat' dir='ltr'><strong>illi</strong></span> <span class='ocrx_word' id='word_1_854' title='bbox 1895 5705 2022 5766; x_wconf 77' lang='lat' dir='ltr'><strong>vero</strong></span> <span class='ocrx_word' id='word_1_855' title='bbox 2063 5713 2202 5767; x_wconf 87' lang='lat' dir='ltr'><strong>mala</strong></span> <span class='ocrx_word' id='word_1_856' title='bbox 2245 5718 2345 5767; x_wconf 83' lang='lat' dir='ltr'><strong>sua</strong></span> 
     </span>
    </p>
   </div>
   <div class='ocr_carea' id='block_1_105' title="bbox 2454 4786 4011 4873">
    <p class='ocr_par' dir='ltr' id='par_1_105' title="bbox 2454 4786 4011 4873">
     <span class='ocr_line' id='line_1_105' title="bbox 2454 4786 4011 4873; baseline -0.009 -17"><span class='ocrx_word' id='word_1_857' title='bbox 2454 4801 2743 4873; x_wconf 77' lang='grc' dir='ltr'>ἁμαρτίαις</span> <span class='ocrx_word' id='word_1_858' title='bbox 2779 4799 2935 4870; x_wconf 83' lang='grc' dir='ltr'>ήμῶν</span> <span class='ocrx_word' id='word_1_859' title='bbox 2955 4815 2969 4830; x_wconf 78' lang='grc' dir='ltr'><strong><em>ο</em></strong></span> <span class='ocrx_word' id='word_1_860' title='bbox 2993 4816 3010 4849; x_wconf 75' lang='grc' dir='ltr'>ι</span> <span class='ocrx_word' id='word_1_861' title='bbox 3062 4795 3184 4857; x_wconf 73' lang='grc' dir='ltr'>καὶ.</span> <span class='ocrx_word' id='word_1_862' title='bbox 3224 4815 3243 4848; x_wconf 79' lang='grc' dir='ltr'><strong>ι</strong></span> <span class='ocrx_word' id='word_1_863' title='bbox 3271 4797 3391 4848; x_wconf 84' lang='grc' dir='ltr'><strong>Ὅτι</strong></span> <span class='ocrx_word' id='word_1_864' title='bbox 3420 4786 3573 4853; x_wconf 74' lang='grc' dir='ltr'>οὗτος</span> <span class='ocrx_word' id='word_1_865' title='bbox 3604 4790 3698 4853; x_wconf 79' lang='grc' dir='ltr'>τὰς</span> <span class='ocrx_word' id='word_1_866' title='bbox 3741 4788 4011 4860; x_wconf 82' lang='grc' dir='ltr'>ἁμαρτίας</span> 
     </span>
    </p>
   </div>
   <div class='ocr_carea' id='block_1_106' title="bbox 2407 4885 4011 4965">
    <p class='ocr_par' dir='ltr' id='par_1_106' title="bbox 2407 4885 4011 4965">
     <span class='ocr_line' id='line_1_106' title="bbox 2407 4885 4011 4965; baseline -0.009 -18"><span class='ocrx_word' id='word_1_867' title='bbox 2407 4928 2416 4935; x_wconf 59' lang='grc' dir='ltr'><em>ν</em></span> <span class='ocrx_word' id='word_1_868' title='bbox 2451 4894 2607 4965; x_wconf 80' lang='grc' dir='ltr'>ἡμῶν</span> <span class='ocrx_word' id='word_1_869' title='bbox 2635 4892 2805 4965; x_wconf 80' lang='grc' dir='ltr'>φέρει,</span> <span class='ocrx_word' id='word_1_870' title='bbox 2830 4890 2924 4945; x_wconf 73' lang='grc' dir='ltr'>καὶ</span> <span class='ocrx_word' id='word_1_871' title='bbox 2946 4890 3071 4958; x_wconf 80' lang='grc' dir='ltr'>περὶ</span> <span class='ocrx_word' id='word_1_872' title='bbox 3097 4889 3252 4960; x_wconf 80' lang='grc' dir='ltr'>ἡμῶν</span> <span class='ocrx_word' id='word_1_873' title='bbox 3274 4888 3550 4941; x_wconf 83' lang='grc' dir='ltr'>ὀδυνᾶται·</span> <span class='ocrx_word' id='word_1_874' title='bbox 3575 4903 3593 4934; x_wconf 77' lang='grc' dir='ltr'>ι</span> <span class='ocrx_word' id='word_1_875' title='bbox 3624 4885 3703 4938; x_wconf 84' lang='grc' dir='ltr'><strong>ὅτι</strong></span> <span class='ocrx_word' id='word_1_876' title='bbox 3730 4900 3790 4937; x_wconf 91' lang='grc' dir='ltr'><strong>τε</strong></span> <span class='ocrx_word' id='word_1_877' title='bbox 3819 4885 4011 4952; x_wconf 74' lang='grc' dir='ltr'>ἐτραυ-</span> 
     </span>
    </p>
   </div>
   <div class='ocr_carea' id='block_1_107' title="bbox 2457 4974 4008 5055">
    <p class='ocr_par' dir='ltr' id='par_1_107' title="bbox 2457 4974 4008 5055">
     <span class='ocr_line' id='line_1_107' title="bbox 2457 4974 4008 5055; baseline -0.009 -15"><span class='ocrx_word' id='word_1_878' title='bbox 2457 4984 2690 5055; x_wconf 82' lang='grc' dir='ltr'>ματίσθη</span> <span class='ocrx_word' id='word_1_879' title='bbox 2715 4985 2774 5036; x_wconf 81' lang='grc' dir='ltr'>οὺ</span> <span class='ocrx_word' id='word_1_880' title='bbox 2803 4984 2866 5036; x_wconf 79' lang='grc' dir='ltr'>δι’</span> <span class='ocrx_word' id='word_1_881' title='bbox 2898 4974 3022 5035; x_wconf 84' lang='grc' dir='ltr'>ἀλλο</span> <span class='ocrx_word' id='word_1_882' title='bbox 3042 4999 3125 5047; x_wconf 83' lang='grc' dir='ltr'>τι,</span> <span class='ocrx_word' id='word_1_883' title='bbox 3148 4980 3283 5037; x_wconf 80' lang='grc' dir='ltr'><strong>ἀλλά</strong></span> <span class='ocrx_word' id='word_1_884' title='bbox 3309 4978 3396 5032; x_wconf 81' lang='grc' dir='ltr'><strong>διά</strong></span> <span class='ocrx_word' id='word_1_885' title='bbox 3423 4977 3516 5039; x_wconf 87' lang='grc' dir='ltr'>τὰς</span> <span class='ocrx_word' id='word_1_886' title='bbox 3540 4975 3810 5048; x_wconf 81' lang='grc' dir='ltr'>ἁμαρτίας</span> <span class='ocrx_word' id='word_1_887' title='bbox 3828 4974 4008 5044; x_wconf 81' lang='grc' dir='ltr'>ἡμῶν,</span> 
     </span>
    </p>
   </div>
   <div class='ocr_carea' id='block_1_108' title="bbox 2454 5065 4011 5146">
    <p class='ocr_par' dir='ltr' id='par_1_108' title="bbox 2454 5065 4011 5146">
     <span class='ocr_line' id='line_1_108' title="bbox 2454 5065 4011 5146; baseline -0.007 -17"><span class='ocrx_word' id='word_1_888' title='bbox 2454 5076 2546 5130; x_wconf 75' lang='grc' dir='ltr'><strong>καὶ</strong></span> <span class='ocrx_word' id='word_1_889' title='bbox 2576 5075 2971 5146; x_wconf 84' lang='grc' dir='ltr'>μεμαλάκισται</span> <span class='ocrx_word' id='word_1_890' title='bbox 3001 5071 3088 5124; x_wconf 82' lang='grc' dir='ltr'>διὰ</span> <span class='ocrx_word' id='word_1_891' title='bbox 3117 5073 3213 5136; x_wconf 84' lang='grc' dir='ltr'><strong>τάς</strong></span> <span class='ocrx_word' id='word_1_892' title='bbox 3241 5067 3463 5138; x_wconf 83' lang='grc' dir='ltr'>ἀνομίας</span> <span class='ocrx_word' id='word_1_893' title='bbox 3495 5069 3680 5138; x_wconf 75' lang='grc' dir='ltr'>ἡμῶν.</span> <span class='ocrx_word' id='word_1_894' title='bbox 3716 5069 3777 5122; x_wconf 77' lang='lat' dir='ltr'><strong>Oi</strong></span> <span class='ocrx_word' id='word_1_895' title='bbox 3805 5066 3864 5119; x_wconf 77' lang='grc' dir='ltr'>δὲ</span> <span class='ocrx_word' id='word_1_896' title='bbox 3889 5065 4011 5120; x_wconf 82' lang='grc' dir='ltr'>τού-</span> 
     </span>
    </p>
   </div>
   <div class='ocr_carea' id='block_1_109' title="bbox 2453 5158 4010 5237">
    <p class='ocr_par' dir='ltr' id='par_1_109' title="bbox 2453 5158 4010 5237">
     <span class='ocr_line' id='line_1_109' title="bbox 2453 5158 4010 5237; baseline -0.004 -19"><span class='ocrx_word' id='word_1_897' title='bbox 2453 5182 2560 5220; x_wconf 88' lang='grc' dir='ltr'>των</span> <span class='ocrx_word' id='word_1_898' title='bbox 2593 5166 2688 5237; x_wconf 68' lang='grc' dir='ltr'><strong>μὲν</strong></span> <span class='ocrx_word' id='word_1_899' title='bbox 2715 5165 2862 5219; x_wconf 80' lang='grc' dir='ltr'>οὐδὲν</span> <span class='ocrx_word' id='word_1_900' title='bbox 2885 5165 3249 5235; x_wconf 84' lang='grc' dir='ltr'>διενοήθησαν,</span> <span class='ocrx_word' id='word_1_901' title='bbox 3277 5161 3478 5232; x_wconf 73' lang='grc' dir='ltr'>ἡλασαν</span> <span class='ocrx_word' id='word_1_902' title='bbox 3500 5160 3556 5217; x_wconf 71' lang='grc' dir='ltr'>δὲ</span> <span class='ocrx_word' id='word_1_903' title='bbox 3583 5159 3742 5212; x_wconf 82' lang='grc' dir='ltr'>αὑτὸν</span> <span class='ocrx_word' id='word_1_904' title='bbox 3761 5158 3855 5212; x_wconf 63' lang='grc' dir='ltr'><strong>καί⁵</strong></span> <span class='ocrx_word' id='word_1_905' title='bbox 3878 5159 4010 5213; x_wconf 76' lang='grc' dir='ltr'>ἀπε-</span> 
     </span>
    </p>
   </div>
   <div class='ocr_carea' id='block_1_110' title="bbox 2450 5251 4010 5327">
    <p class='ocr_par' dir='ltr' id='par_1_110' title="bbox 2450 5251 4010 5327">
     <span class='ocr_line' id='line_1_110' title="bbox 2450 5251 4010 5327; baseline -0.001 -19"><span class='ocrx_word' id='word_1_906' title='bbox 2450 5255 2637 5321; x_wconf 83' lang='grc' dir='ltr'>δίωξαν</span> <span class='ocrx_word' id='word_1_907' title='bbox 2667 5255 2871 5312; x_wconf 80' lang='grc' dir='ltr'>ἑαυτῶν</span> <span class='ocrx_word' id='word_1_908' title='bbox 2897 5297 2910 5320; x_wconf 92' lang='grc'><em>,</em></span> <span class='ocrx_word' id='word_1_909' title='bbox 2945 5255 3353 5327; x_wconf 85' lang='grc' dir='ltr'>ὲξαιτησάμενοι</span> <span class='ocrx_word' id='word_1_910' title='bbox 3385 5254 3481 5323; x_wconf 75' lang='grc' dir='ltr'>μὲν</span> <span class='ocrx_word' id='word_1_911' title='bbox 3507 5252 3597 5305; x_wconf 80' lang='grc' dir='ltr'><strong>τὸν</strong></span> <span class='ocrx_word' id='word_1_912' title='bbox 3620 5251 3782 5322; x_wconf 82' lang='grc' dir='ltr'>φονέα</span> <span class='ocrx_word' id='word_1_913' title='bbox 3802 5292 3816 5316; x_wconf 85' lang='grc'><em>,</em></span> <span class='ocrx_word' id='word_1_914' title='bbox 3841 5253 3931 5306; x_wconf 85' lang='grc' dir='ltr'><strong>τὸν</strong></span> <span class='ocrx_word' id='word_1_915' title='bbox 3952 5253 4010 5306; x_wconf 65' lang='grc' dir='ltr'>δὲ</span> 
     </span>
    </p>
   </div>
   <div class='ocr_carea' id='block_1_111' title="bbox 2450 5344 4006 5419">
    <p class='ocr_par' dir='ltr' id='par_1_111' title="bbox 2450 5344 4006 5419">
     <span class='ocr_line' id='line_1_111' title="bbox 2450 5344 4006 5419; baseline -0.003 -17"><span class='ocrx_word' id='word_1_916' title='bbox 2450 5348 2688 5418; x_wconf 75' lang='grc' dir='ltr'>ἀρχηγὸν</span> <span class='ocrx_word' id='word_1_917' title='bbox 2719 5350 2817 5419; x_wconf 81' lang='grc' dir='ltr'>τῆς</span> <span class='ocrx_word' id='word_1_918' title='bbox 2855 5347 2999 5418; x_wconf 78' lang='grc' dir='ltr'>ζωῆς</span> <span class='ocrx_word' id='word_1_919' title='bbox 3024 5347 3404 5417; x_wconf 85' lang='grc' dir='ltr'>ἀρνησάμενοι.</span> <span class='ocrx_word' id='word_1_920' title='bbox 3435 5345 3524 5397; x_wconf 87' lang='grc' dir='ltr'><strong>Διό</strong></span> <span class='ocrx_word' id='word_1_921' title='bbox 3549 5361 3709 5414; x_wconf 83' lang='grc' dir='ltr'>φησιν</span> <span class='ocrx_word' id='word_1_922' title='bbox 3741 5344 3972 5398; x_wconf 75' lang='grc' dir='ltr'>ἐνταῦθα</span> <span class='ocrx_word' id='word_1_923' title='bbox 3991 5361 4006 5375; x_wconf 89' lang='grc'><strong>·</strong></span> 
     </span>
    </p>
   </div>
   <div class='ocr_carea' id='block_1_112' title="bbox 2456 5435 4011 5503">
    <p class='ocr_par' dir='ltr' id='par_1_112' title="bbox 2456 5435 4011 5503">
     <span class='ocr_line' id='line_1_112' title="bbox 2456 5435 4011 5503; baseline -0.002 -13"><span class='ocrx_word' id='word_1_924' title='bbox 2456 5440 2606 5493; x_wconf 78' lang='grc' dir='ltr'>«Ὅτι</span> <span class='ocrx_word' id='word_1_925' title='bbox 2633 5442 2691 5494; x_wconf 84' lang='grc' dir='ltr'>ὃν</span> <span class='ocrx_word' id='word_1_926' title='bbox 2719 5443 2782 5496; x_wconf 85' lang='grc' dir='ltr'><strong>σὺ</strong></span> <span class='ocrx_word' id='word_1_927' title='bbox 2814 5438 3086 5502; x_wconf 85' lang='grc' dir='ltr'>ὲπάταξας</span> <span class='ocrx_word' id='word_1_928' title='bbox 3106 5477 3120 5501; x_wconf 83' lang='grc'>,</span> <span class='ocrx_word' id='word_1_929' title='bbox 3147 5435 3471 5501; x_wconf 84' lang='grc' dir='ltr'>κατεδίωξαν</span> <span class='ocrx_word' id='word_1_930' title='bbox 3496 5474 3510 5499; x_wconf 89' lang='grc'><em>,</em></span> <span class='ocrx_word' id='word_1_931' title='bbox 3538 5436 3630 5490; x_wconf 73' lang='grc' dir='ltr'>καὶ</span> <span class='ocrx_word' id='word_1_932' title='bbox 3655 5436 3746 5491; x_wconf 65' lang='grc' dir='ltr'><strong>ἐπὶ</strong></span> <span class='ocrx_word' id='word_1_933' title='bbox 3767 5435 3828 5487; x_wconf 83' lang='grc' dir='ltr'><strong>τὸ</strong></span> <span class='ocrx_word' id='word_1_934' title='bbox 3847 5435 4011 5503; x_wconf 69' lang='grc' dir='ltr'>ἄλγος</span> 
     </span>
    </p>
   </div>
   <div class='ocr_carea' id='block_1_113' title="bbox 2450 5526 4013 5601">
    <p class='ocr_par' dir='ltr' id='par_1_113' title="bbox 2450 5526 4013 5601">
     <span class='ocr_line' id='line_1_113' title="bbox 2450 5526 4013 5601; baseline -0.001 -22"><span class='ocrx_word' id='word_1_935' title='bbox 2450 5528 2558 5582; x_wconf 83' lang='grc' dir='ltr'><strong>τῶν</strong></span> <span class='ocrx_word' id='word_1_936' title='bbox 2577 5531 2903 5601; x_wconf 83' lang='grc' dir='ltr'>τραυμάτων</span> <span class='ocrx_word' id='word_1_937' title='bbox 2931 5546 3032 5600; x_wconf 86' lang='grc' dir='ltr'><strong>μου</strong></span> <span class='ocrx_word' id='word_1_938' title='bbox 3058 5527 3418 5598; x_wconf 83' lang='grc' dir='ltr'>προσέθηκαν.</span> <span class='ocrx_word' id='word_1_939' title='bbox 3447 5549 3463 5578; x_wconf 74' lang='grc' dir='ltr'>ι</span> <span class='ocrx_word' id='word_1_940' title='bbox 3521 5527 3658 5594; x_wconf 88' lang='grc' dir='ltr'><strong>Ἐγὼ</strong></span> <span class='ocrx_word' id='word_1_941' title='bbox 3686 5528 3781 5598; x_wconf 79' lang='grc' dir='ltr'>μὲν</span> <span class='ocrx_word' id='word_1_942' title='bbox 3813 5526 3923 5596; x_wconf 84' lang='grc' dir='ltr'>γὰρ</span> <span class='ocrx_word' id='word_1_943' title='bbox 3942 5526 4013 5578; x_wconf 80' lang='grc' dir='ltr'>τὰ</span> 
     </span>
    </p>
   </div>
   <div class='ocr_carea' id='block_1_114' title="bbox 2448 5616 4011 5693">
    <p class='ocr_par' dir='ltr' id='par_1_114' title="bbox 2448 5616 4011 5693">
     <span class='ocr_line' id='line_1_114' title="bbox 2448 5616 4011 5693; baseline -0.004 -18"><span class='ocrx_word' id='word_1_944' title='bbox 2448 5620 2589 5693; x_wconf 84' lang='grc' dir='ltr'>ὑπὲρ</span> <span class='ocrx_word' id='word_1_945' title='bbox 2625 5623 2801 5679; x_wconf 79' lang='grc' dir='ltr'>αὐτῶν</span> <span class='ocrx_word' id='word_1_946' title='bbox 2832 5620 3157 5689; x_wconf 84' lang='grc' dir='ltr'>άνεδεχόμην</span> <span class='ocrx_word' id='word_1_947' title='bbox 3187 5617 3500 5690; x_wconf 79' lang='grc' dir='ltr'>τραύματα,</span> <span class='ocrx_word' id='word_1_948' title='bbox 3535 5617 3812 5689; x_wconf 84' lang='grc' dir='ltr'>καθαρμὸς</span> <span class='ocrx_word' id='word_1_949' title='bbox 3833 5616 4011 5668; x_wconf 78' lang='grc' dir='ltr'>αὐτῶν</span> 
     </span>
    </p>
   </div>
   <div class='ocr_carea' id='block_1_115' title="bbox 2447 5705 4010 5783">
    <p class='ocr_par' dir='ltr' id='par_1_115' title="bbox 2447 5705 4010 5783">
     <span class='ocr_line' id='line_1_115' title="bbox 2447 5705 4010 5783; baseline -0.006 -15"><span class='ocrx_word' id='word_1_950' title='bbox 2447 5711 2753 5783; x_wconf 78' lang='grc' dir='ltr'>γενόμενος,</span> <span class='ocrx_word' id='word_1_951' title='bbox 2779 5712 2875 5765; x_wconf 69' lang='grc' dir='ltr'>καὶ</span> <span class='ocrx_word' id='word_1_952' title='bbox 2901 5710 3188 5780; x_wconf 70' lang='grc' dir='ltr'>ἀντίψυχον</span> <span class='ocrx_word' id='word_1_953' title='bbox 3209 5708 3298 5764; x_wconf 79' lang='grc' dir='ltr'>διὰ</span> <span class='ocrx_word' id='word_1_954' title='bbox 3322 5709 3418 5773; x_wconf 85' lang='grc' dir='ltr'>τὰς</span> <span class='ocrx_word' id='word_1_955' title='bbox 3441 5710 3712 5781; x_wconf 62' lang='grc' dir='ltr'>ἁμαρτίας</span> <span class='ocrx_word' id='word_1_956' title='bbox 3737 5705 3933 5760; x_wconf 80' lang='grc' dir='ltr'>αὐτῶν·</span> <span class='ocrx_word' id='word_1_957' title='bbox 3958 5705 4010 5758; x_wconf 84' lang='grc' dir='ltr'>οι</span> 
     </span>
    </p>
   </div>
   <div class='ocr_carea' id='block_1_116' title="bbox 872 5879 4002 5974">
    <p class='ocr_par' dir='ltr' id='par_1_116' title="bbox 872 5879 4002 5974">
     <span class='ocr_line' id='line_1_116' title="bbox 872 5879 4002 5974; baseline 0.005 -43"><span class='ocrx_word' id='word_1_958' title='bbox 872 5879 1262 5974; x_wconf 44' lang='grc' dir='ltr'><strong>δῗΑΡἏῬΙΣΙ-..Χιέἷι</strong></span> <span class='ocrx_word' id='word_1_959' title='bbox 1307 5883 1360 5974; x_wconf 48' lang='lat'><strong>&#39;1;</strong></span> <span class='ocrx_word' id='word_1_960' title='bbox 1405 5887 1818 5974; x_wconf 34' lang='lat' dir='ltr'><strong>=L‘g‘)thm.pvm,</strong></span> <span class='ocrx_word' id='word_1_961' title='bbox 1858 5887 1942 5946; x_wconf 66' lang='grc' dir='ltr'><strong>Ξθ.</strong></span> <span class='ocrx_word' id='word_1_962' title='bbox 2019 5890 2065 5923; x_wconf 71' lang='grc' dir='ltr'>δ’</span> <span class='ocrx_word' id='word_1_963' title='bbox 2106 5888 2208 5947; x_wconf 85' lang='lat' dir='ltr'><strong>lsa.</strong></span> <span class='ocrx_word' id='word_1_964' title='bbox 2251 5904 2368 5957; x_wconf 82' lang='lat' dir='ltr'>LIII,</span> <span class='ocrx_word' id='word_1_965' title='bbox 2408 5891 2461 5944; x_wconf 81' lang='lat'><strong>6.</strong></span> <span class='ocrx_word' id='word_1_966' title='bbox 2539 5890 2586 5922; x_wconf 72' lang='lat'><strong>&quot;</strong></span> <span class='ocrx_word' id='word_1_967' title='bbox 2627 5890 2753 5944; x_wconf 85' lang='lat' dir='ltr'><strong>ibid.</strong></span> <span class='ocrx_word' id='word_1_968' title='bbox 2797 5890 2847 5943; x_wconf 79' lang='lat'><strong>5.</strong></span> <span class='ocrx_word' id='word_1_969' title='bbox 2924 5889 3148 5974; x_wconf 72' lang='lat' dir='ltr'><strong>“Zach.</strong></span> <span class='ocrx_word' id='word_1_970' title='bbox 3183 5893 3371 5957; x_wconf 80' lang='lat' dir='ltr'><strong>xm,7.</strong></span> <span class='ocrx_word' id='word_1_971' title='bbox 3448 5895 3490 5927; x_wconf 74' lang='lat'><strong>&quot;</strong></span> <span class='ocrx_word' id='word_1_972' title='bbox 3530 5888 4002 5958; x_wconf 73' lang='lat' dir='ltr'><strong>Mattb.nvt,3|.</strong></span> 
     </span>
    </p>
   </div>
   <div class='ocr_carea' id='block_1_117' title="bbox 807 5948 1715 6018">
    <p class='ocr_par' dir='ltr' id='par_1_117' title="bbox 807 5948 1715 6018">
     <span class='ocr_line' id='line_1_117' title="bbox 807 5948 1715 6018; baseline 0.008 -16"><span class='ocrx_word' id='word_1_973' title='bbox 807 5951 854 5990; x_wconf 67' lang='grc' dir='ltr'><strong>δ’</strong></span> <span class='ocrx_word' id='word_1_974' title='bbox 895 5948 996 6004; x_wconf 88' lang='lat' dir='ltr'><strong>lsa.</strong></span> <span class='ocrx_word' id='word_1_975' title='bbox 1037 5965 1152 6016; x_wconf 79' lang='lat' dir='ltr'><strong>Lm,</strong></span> <span class='ocrx_word' id='word_1_976' title='bbox 1193 5952 1244 6006; x_wconf 87' lang='lat'><strong>6.</strong></span> <span class='ocrx_word' id='word_1_977' title='bbox 1319 5954 1360 5986; x_wconf 67' lang='grc'><strong>⁸⁷</strong></span> <span class='ocrx_word' id='word_1_978' title='bbox 1405 5954 1530 6011; x_wconf 90' lang='lat' dir='ltr'><strong>ibid.</strong></span> <span class='ocrx_word' id='word_1_979' title='bbox 1572 5960 1622 6018; x_wconf 73' lang='grc'>4,</span> <span class='ocrx_word' id='word_1_980' title='bbox 1665 5958 1715 6010; x_wconf 84' lang='grc'>5.</span> 
     </span>
    </p>
   </div>
  </div>
