4300 6464
288 558 389 614 757

1411 557 1917 614 COMMENTARIA
1954 556 2023 612 IN
2060 556 2393 614 PSALMOS.

3411 564 3513 619 758

282 674 341 730 δὲ
369 675 710 747 προσέθηκαν
735 676 858 747 ἐμοϊ
880 677 948 728 τά
968 675 1169 729 ἑαυτῶν
1190 676 1349 729 κακά.
1386 694 1403 726 ι
1420 677 1665 730 Ἐδωκαν
1686 697 1703 728 ι
1726 678 1856 747 γοῦν
1885 684 1911 740 Α

1955 678 2086 733 mihi
2114 679 2486 734 addiderunt.¢
2512 678 2781 739 Dederunt
2810 699 2827 731 ι
2851 679 3038 751 ίείιιιιιι
3066 680 3121 735 in
3138 695 3317 752 escam
3337 697 3512 738 meam

287 768 398 831 «είς
420 767 481 819 τὸ
736 784 836 837 μου
863 768 1045 838 χολὴν,
1072 766 1164 819 καῖ
1190 769 1267 831 είς
1294 768 1389 838 τὴν
1420 768 1701 839 δίψαν’μου
1729 770 1856 821 ἐπό-

280 860 439 912 τισάν
466 876 531 929 με
556 858 673 923 ὅξος
694 878 705 890 ·
738 879 755 911 ι
801 861 862 913 οὐ
890 860 1047 930 μόνον
1077 859 1197 912 καθ’
1224 859 1282 921 δν
1310 860 1547 930 ἔπασχον
1570 862 1659 914 ὑπ’
1683 862 1857 914 αὐτῶν

282 952 471 1022 καιρὸν
490 992 506 1014 ,
541 951 675 1005 ἀλλὰ
706 954 799 1004 καὶ
823 955 880 1005 ἐν
903 955 1015 1014 τοῖς
1034 951 1170 1021 μετά
1182 952 1352 1004 ταῦτα
1368 953 1577 1025 χρόνοις
1597 957 1714 1017 ταῖς
1737 956 1857 1006 κατ’

286 1043 419 1113 ἐμοῦ
453 1043 821 1115 βλασφημίαις
852 1044 1275 1115 παραμένοντες.
1301 1045 1390 1097 Διὸ
1414 1045 1555 1098 κατὰ
1580 1045 1670 1099 τὸν
1701 1045 1859 1097 Ἀκύ-

281 1131 399 1200 ἒαν,
426 1136 545 1190 ἀντὶ
574 1136 688 1199 τοῦ,
712 1155 728 1187 ι
757 1134 1117 1207 προσέθηκαν,
1140 1154 1156 1183 ι
1191 1134 1598 1204 διηγήσονται,
1622 1137 1852 1207 εἴρηται·

284 1228 422 1280 κατά
443 1227 498 1279 δὲ
517 1226 607 1279 τὸν
626 1226 937 1296 Σύμμαχον,
970 1243 987 1276 ι
1012 1223 1319 1294 ἐξηγοῦντο.
1343 1244 1361 1277 ι
1388 1225 1461 1278 Οὐ
1487 1224 1595 1294 γὰρ
1618 1226 1727 1295 ἀπή
1739 1242 1854 1295 ρκει

280 1319 344 1371 τὸ
372 1319 518 1385 ἅπαξ
557 1318 687 1370 ποτέ
724 1316 1089 1388 τραυματίσαι
1117 1316 1311 1380 αὐτὸν,
1356 1317 1451 1369 καὶ
1486 1316 1707 1370 τοιαῦτα
1739 1318 1854 1369 κατ’

282 1410 448 1463 αὐτοῦ
467 1411 729 1481 τολμῆσαι
746 1427 758 1440 ·
779 1408 890 1462 ἀλλ’
909 1408 1096 1481 ὥσπερ
1114 1409 1205 1461 ἐπὶ
1225 1407 1639 1479 κατορθώμασιν
1657 1409 1855 1475 ἐγκαυ-

284 1502 517 1575 χὼμενοι
550 1507 659 1566 τοῖς
690 1502 895 1555 ἑαυτῶν
924 1501 1161 1565 τέκνοις,
1195 1500 1262 1553 τά
1305 1502 1423 1553 κατ’
1456 1500 1618 1554 αὑτοῦ
1649 1500 1851 1569 τολμη-

282 1596 444 1650 θέντα
494 1595 675 1657 αὐτοῖς
712 1592 1012 1664 διηγοῦντο.
1057 1592 1210 1645 Ἐπεὶ
1240 1590 1418 1643 τοίνυν
1460 1589 1852 1667 αὑτοὶιταύτην

283 1689 493 1741 εἵλαντο
521 1686 619 1758 τὴν
653 1686 842 1757 μερίδα
864 1725 877 1747 ,
926 1684 1211 1749 διώξαντες
1246 1682 1343 1753 μὲν
1368 1683 1426 1736 ὃν
1457 1684 1520 1736 σὺ
1552 1682 1847 1745 ἐπάταξας,

281 1780 508 1850 ἀνομίας
533 1779 589 1831 δὲ
619 1779 711 1831 καὶ
730 1778 981 1842 ἀσεϐείας
1000 1780 1094 1847 ’ἐφ’
1119 1778 1342 1838 ἑαυτοὺς
1368 1774 1462 1828 κα)⁸
1486 1776 1577 1827 ἐπὶ
1598 1773 1664 1827 τά
1686 1774 1851 1850 τέκνα

280 1868 457 1923 αὐτῶν
512 1867 922 1939 σωρεύσαντες·
977 1867 1197 1929 είκότως
1246 1865 1556 1933 ἐπιλέγεται
1605 1848 1846 1927 τούτοις*

288 1982 307 2012 ι
332 1958 572 2032 Πρόσθες
592 1960 816 2031 ἀνομίαν
839 1959 929 2012 ἐπὶ
950 1959 1047 2028 τὴν
1079 1957 1305 2028 ἀνομίαν
1322 1956 1497 2010 αὐτῶν
1515 1975 1525 1986 ·
1542 1977 1560 2009 ι
1588 1957 1704 2010 ἀντὶ
1730 1954 1845 2019 τοῦ,

286 2071 309 2104 α
335 2030 730 2123 προσθήσεις-ι
771 2050 919 2103 ἔσται
953 2050 1059 2120 γὰρ
1092 2050 1272 2113 αὐτοῖς
1318 2048 1502 2102 κακῶν
1545 2048 1846 2119 προσθήκη.
1882 2030 1923 2083 Β

262 2144 363 2219 7Τά
392 2144 488 2214 μὲν
521 2143 628 2214 γὰρ
653 2144 717 2195 ἐκ
741 2141 833 2194 τοῦ
868 2142 951 2211 ἐφ’
984 2143 1115 2212 ἡμῖν
1148 2139 1448 2210 ἀνθρώποις
1472 2139 1752 2209 γίγνεται,
1784 2138 1852 2191 τὰ

256 2234 338 2286 ’δέ
371 2236 434 2287 ἐκ
468 2233 573 2286 τῶν
605 2231 1107 2285 ἐπακολουθούντων
1137 2229 1332 2294 ἔξωθεν
1363 2229 1440 2301 τῷ
1467 2230 1550 2299 ἐφ’
1582 2231 1731 2300 ἡμῖν.
1762 2229 1851 2281 Διὸ

281 2324 526 2378 λέλεκταί
560 2341 659 2377 που
692 2324 823 2396 πρὸς
846 2324 937 2376 τὸν
960 2322 1090 2375 Θεόν
1109 2340 1121 2351 ·
1162 2342 1178 2373 ι
1206 2320 1358 2376 Μετά
1381 2321 1526 2374 ὁσίου
1552 2319 1847 2390 ὁσιωθήσῃ,

284 2418 378 2470 καὶ
421 2417 558 2487 μετά
602 2414 857 2487 στρεϐλοῖ)
905 2412 1277 2485 διαστρέψειςο
1301 2432 1318 2463 ι
1356 2411 1466 2464 Καὶ
1506 2411 1563 2463 ἐν
1595 2409 1673 2481 τῷ
1705 2410 1851 2478 νόμῳ

280 2508 338 2560 δὲ
365 2509 578 2578 εἴρηται
610 2508 673 2560 ἐκ
705 2506 995 2577 προσώπου
1034 2502 1219 2558 αὐτοῦ.
1240 2505 1278 2554 ἰ
1300 2502 1408 2555 Καὶ
1432 2501 1525 2554 ἐὰν
1548 2497 1848 2571 πορευθῆτε

285 2596 421 2667 πρὸς
450 2597 517 2667 μὲ
545 2596 794 2663 πλάγιοι,
826 2592 1159 2666 πορεύσομαι
1192 2589 1345 2659 κάγὼ
1369 2588 1502 2661 πρὸς
1528 2589 1669 2658 ὑμᾶς
1694 2584 1851 2654 θυμῷ

283 2685 517 2755 πλαγίῳ.
544 2704 564 2737 ι
612 2684 763 2738 Ἐπεὶ
808 2683 984 2737 τοίνυν
1013 2682 1165 2735 αὐτοὶ
1196 2680 1382 2751 ὥσπερ
1416 2676 1607 2749 μακρῷ
1635 2674 1849 2745 σχοινίῳ

280 2775 381 2840 τὰς
411 2776 639 2846 ἀνομίας
667 2775 873 2829 εαυτῶν
906 2774 1281 2828 ἐπεσπάσαντο
1302 2812 1315 2834 ,
1346 2770 1567 2831 είκότως
1604 2767 1696 2821 καὶ
1726 2767 1789 2819 σὺ
1822 2768 1849 2818 ὁ

278 2866 486 2929 δίκαιος
520 2865 709 2937 κριτὴς
748 2863 1073 2935 προσθήσεις
1105 2862 1327 2932 ἀνομίαν
1359 2859 1450 2912 ἐπὶ
1486 2857 1583 2929 τὴν
1622 2855 1848 2925 ἀνομίαν

280 2957 492 3012 αὐτῶν⁸
530 2955 789 3027 δευτέραν
818 2953 999 3016 αὐτοῖς
1025 2953 1159 3024 πρὸς
1190 2954 1256 3023 τῇ
1299 2949 1537 3022 προτέρᾳ
1568 2937 1847 3015 λὀγιζόμε-

281 3066 392 3114 νος.
440 3047 598 3101 Ἀλλά
640 3048 733 3102 καὶ
768 3064 785 3098 ι
820 3045 911 3117 Μὴ
958 3044 1378 3105 είσελθέτωσαν,
1423 3039 1618 3111 φησιν,
1672 3040 1727 3090 ἐν
1773 3037 1851 3089 δι-

281 3140 543 3212 καιοσύνῃ
574 3156 685 3192 σου.
713 3156 731 3189 ι
793 3138 855 3189 Ἦ
892 3137 987 3206 μὲν
1024 3134 1131 3205 γὰρ
1176 3132 1241 3204 σὴ
1274 3130 1587 3200 δικαιοσύνη
1613 3128 1849 3191 δικαίους

280 3231 631 3293 εἰσκαλεῖται,
656 3229 749 3283 καὶ
778 3230 982 3291 πάντας
1003 3229 1082 3290 είς
1104 3224 1172 3277 τὰ
1204 3222 1467 3278 ἐνδοτάτω
1493 3222 1592 3292 τῆς
1623 3220 1724 3290 σῆς
1753 3220 1848 3288 βα-

283 3323 486 3385 σιλείας
516 3321 657 3375 κατά
685 3319 783 3384 τὰς
814 3317 1143 3388 ἐπαγγελίας
1171 3315 1489 3385 ὑποδέχεται
1511 3331 1523 3345 ’
1574 3315 1621 3365 0i
1652 3312 1708 3365 δὲ
1741 3329 1848 3364 τοι-

280 3415 419 3468 αῦτα
443 3414 811 3485 τολμήσαντες
834 3372 945 3464 οὐκ.
964 3372 1369 3462 εἰσελεύσονταῖ
1392 3405 1527 3477 μετὰ
1554 3404 1660 3458 τῶν
1683 3407 1745 3474 τῇ
1781 3405 1844 3473 σῇ
1875 3372 1917 3431 C

280 3505 593 3581 δικαιοσύνῃ
625 3501 1110 3571 συνελευσομένων·
1152 3497 1265 3553 ἀλλ’
1298 3498 1416 3551 οὐδὲ
1472 3496 1847 3567 ὲγγραφήσον-

281 3615 371 3651 ται
404 3598 463 3650 ἐν
497 3593 662 3666 βίϐλῳ
692 3592 939 3659 ζώντων·
980 3590 1284 3643 τούναντίον
1323 3589 1379 3641 δὲ
1418 3587 1690 3640 πείσονται
1739 3587 1849 3647 τοῖς

280 3686 726 3757 ἐγγραφομένοις.
761 3684 823 3735 El
855 3680 1069 3752 γὰρκαὶ
1103 3678 1307 3751 πρῶτοι
1338 3677 1438 3747 τῆς
1471 3676 1610 3746 ἐμῆς
1630 3676 1849 3745 χάριτος

280 3775 599 3845 ἀξιωθέντες
636 3767 1011 3845 ἐνεγράφησάν
1044 3788 1175 3824 ποτε
1201 3772 1256 3823 ἐν
1284 3772 1350 3839 τῇ
1385 3767 1551 3838 βίϐλῳ
1582 3764 1690 3819 τῶν
1716 3764 1849 3829 ζὼν-

281 3887 388 3924 των
420 3868 507 3922 διὰ
538 3867 663 3930 τοὺς
701 3864 850 3936 παρά
882 3864 959 3935 τῷ
988 3862 1107 3934 Θεῷ
1150 3860 1353 3927 ζῶντας
1387 3858 1627 3929 πατέρας
1650 3854 1846 3920 αὐτῶν,

280 3960 356 4024 ὡς
378 3960 472 4013 καὶ
494 3960 674 4022 αὐτοῖς
698 3957 938 4011 δεδόσθαι
960 3956 1059 4019 τάς
1081 3954 1409 4023 ἐπαγγελίας
1428 3970 1441 3983 ·
1468 3951 1581 4005 ἀλλ’
1603 3951 1723 4005 ἐπεὶ
1750 3966 1852 4002 τοι-

280 4050 429 4123 αῦτα,
466 4050 861 4122 τετολμήκασιν
886 4090 901 4115 ,
960 4066 979 4099 ι
1018 4047 1515 4116 Ἐξαλειφθήτωσαν
1557 4045 1621 4097 ἐκ
1667 4039 1847 4111 βίϐλου

282 4142 513 4207 ζώντων.
543 4161 562 4195 ι
614 4141 901 4211 Διασαφῶν
932 4140 989 4194 δὲ
1012 4142 1112 4209 τὴν
1150 4138 1354 4190 ἔννοιαν
1393 4136 1493 4205 τῆς
1528 4134 1707 4204 βίϐλου
1739 4132 1847 4185 τῶν

282 4233 520 4299 ζώντων,
551 4233 788 4302 ἐπιλέγει
826 4233 951 4302 ἑξῆς
970 4249 983 4261 ·
1027 4250 1045 4282 ‹
1066 4230 1174 4283 Καὶ
1204 4228 1340 4299 μετά
1365 4226 1594 4285 δικαίων,
1612 4224 1686 4295 μὴ
1710 4240 1847 4295 γρα-

283 4324 560 4395 φήτωσαν.
575 4342 593 4376 ι
615 4324 871 4393 Ἐκλογῆς
891 4322 998 4392 γὰρ
1017 4320 1338 4390 γιγνομένης
1358 4316 1464 4370 τῶν
1486 4315 1624 4368 κατά
1644 4316 1733 4369 τὸν
1753 4316 1847 4368 ἀν-

282 4415 551 4489 θρώπινον
584 4414 695 4484 βίον
715 4453 730 4477 ,
768 4415 818 4467 οἱ
853 4414 949 4483 μὲν
974 4412 1116 4489 ζωῆς
1144 4410 1282 4477 ἄξιοι
1312 4409 1411 4478 τῆς
1441 4408 1589 4478 παρά
1622 4408 1698 4478 τῷ
1732 4404 1847 4476 Θεῷ

280 4487 373 4564 διὰ
414 4506 514 4579 τὴν
544 4504 748 4559 οἰκείαν
770 4487 1112 4573 δικαιοσύνην
1143 4501 1481 4572 ἀνάγραπτοι
1528 4492 1846 4569 γενήσονται

281 4599 413 4672 παρ’
441 4597 587 4669 αὐτῷ
606 4614 619 4628 ο
644 4597 693 4649 οἱ
720 4595 774 4649 δὲ
802 4593 1095 4663 ἀπόϐλητοι
1116 4592 1212 4661 τῆς
1242 4591 1422 4660 βίϐλου
1454 4591 1666 4644 ἔσονται
1688 4592 1734 4643 0i
1758 4589 1846 4642 τὸν
1889 4603 1893 4606 ’

1960 770 2063 835 fel,
2094 781 2148 825 et
2181 772 2234 825 in
2268 771 2356 826 siti
2388 786 2505 825 mea
2540 780 2863 841 potaverunt
2898 788 2983 827 me
3012 780 3168 826 aceto
3192 791 3215 839 ;
3236 792 3258 826 ι
3287 789 3394 827 non
3425 787 3517 831 so-

1959 864 2069 917 lum
2120 874 2360 933 tempore
2407 864 2674 934 passionis
2709 879 2875 927 meae,
2921 863 3016 919 sed
3062 866 3115 917 in
3159 866 3525 933 sequentibus

1958 956 2275 1027 blasphema
2302 964 2492 1010 contra
2519 971 2604 1010 me
2635 956 2782 1008 dicta
2812 953 3054 1025 proferre
3082 966 3526 1024 perseverantes-

1958 1044 2162 1113 Quare,
2188 1045 2485 1122 secundum
2517 1046 2767 1111 Aquilam
2790 1082 2805 1109 ,
2834 1058 2930 1113 pro
2953 1044 3066 1107 illo,
3092 1062 3109 1093 ι
3136 1043 3514 1109 addiderunt,»

1958 1138 2179 1202 dicitur,
2208 1140 2252 1187 ἰ
2287 1138 2660 1202 enarrabunt;
2703 1156 2720 1189 ι
2776 1135 3075 1191 secundum
3133 1132 3514 1204 Symmachum

1960 1245 2088 1293 vero
2117 1248 2136 1280 ι
2165 1230 2514 1284 enarrabant.
2550 1248 2568 1280 ι
2598 1227 2717 1305 Non
2765 1230 2909 1281 enim
2951 1234 3035 1280 sat
3075 1226 3182 1280 illis
3226 1225 3329 1280 fuit
3370 1228 3515 1296 quod

1957 1320 2125 1376 semel
2184 1320 2362 1389 ipsum
2412 1322 2827 1382 vulnerassent,
2876 1324 2932 1373 et
2979 1318 3109 1370 talia
3154 1328 3343 1372 contra
3389 1332 3513 1377 cum

1954 1413 2071 1465 ausi
2118 1411 2389 1476 fuissent;
2431 1412 2522 1467 sed
2572 1410 2729 1479 quasi
2778 1426 2835 1465 re
2884 1410 3023 1465 bene
3066 1417 3216 1479 gesta
3255 1407 3511 1478 gloriosi,

1954 1520 2120 1561 ausus
2170 1520 2304 1560 suos
2348 1505 2475 1559 iiliis
2514 1504 2862 1557 enarrabant.
2919 1502 3185 1568 Quoniam
3231 1500 3393 1570 igitur
3434 1499 3511 1555 illi

1953 1598 2113 1650 talem
2144 1598 2448 1665 portionem
2483 1601 2857 1665 cooptarunt,
2890 1609 3049 1663 quem
3095 1603 3150 1646 tu
3194 1591 3513 1662 percussisti

1953 1698 2367 1761 persequentes,
2402 1688 2721 1758 iniquitates
2748 1695 2928 1741 autem
2950 1695 3005 1741 et
3035 1687 3338 1755 impietates
3372 1684 3427 1739 in
3454 1698 3515 1739 se

1950 1789 2005 1836 et
2038 1781 2091 1833 in
2120 1781 2259 1834 filios
2284 1794 2416 1834 suos
2440 1784 2827 1833 coacervantes
2852 1791 2867 1840 ;
2905 1776 3027 1844 jure
3057 1776 3342 1844 adjicitur:
3367 1791 3385 1825 ι
3406 1773 3513 1845 Ap-

1951 1886 2093 1941 pone
2130 1869 2470 1940 iniquitatem
2518 1881 2682 1936 super
2726 1865 3067 1935 iniquitatem
3104 1863 3378 1931 ipsorum,
3414 1880 3431 1912 ι
3458 1861 3513 1916 id

1952 1970 2066 2027 est,
2098 1979 2117 2013 ι
2150 1974 2388 2031 appones
2418 1977 2432 2014 :
2466 1977 2483 2011 ι
2512 1957 2651 2027 ipsis
2690 1969 2924 2025 namque
2958 1954 3225 2007 malorum
3268 1951 3511 2007 accessio

1951 2056 2074 2111 erit.
2128 2053 2245 2107 Alia
2294 2050 2437 2106 enim
2490 2050 2651 2105 nobis
2694 2044 3009 2103 hominibus
3049 2059 3117 2097 ex
3158 2041 3513 2097 interioribus

1951 2146 2248 2211 eveniunt;
2288 2144 2392 2198 alia
2433 2152 2560 2198 vero
2608 2141 2827 2195 aliunde
2870 2155 2933 2194 ex
2987 2136 3337 2207 sequentibus
3366 2133 3509 2187 inte-

1952 2240 2097 2293 riora
2150 2245 2360 2291 nostra.
2410 2233 2590 2299 Quare
2643 2230 2839 2308 alicubi
2894 2228 3006 2283 Deo
3054 2226 3289 2282 dicitur:
3321 2243 3339 2274 ι
3371 2223 3510 2288 Cum

1952 2337 2145 2384 sancto
2167 2334 2396 2381 sanctus’
2408 2324 2539 2387 eris,
2562 2332 2615 2377 et
2634 2337 2755 2375 cum
2789 2334 3043 2390 perverso
3070 2312 3505 2388 pervcrteris“.i

1951 2420 2010 2474 In
2044 2419 2159 2488 lege
2191 2430 2406 2487 quoque
2438 2430 2503 2469 ex
2535 2412 2705 2483 ipsiuS
2743 2424 2971 2480 persona
3002 2408 3243 2462 dicitur:
3277 2424 3294 2455 ι
3325 2404 3383 2458 Si
3413 2418 3508 2458 ve-

1950 2512 2114 2567 niatis
2143 2509 2209 2563 ad
2242 2523 2327 2563 me
2354 2505 2590 2576 obliqui,
2619 2502 2871 2557 accedam
2900 2508 2955 2553 et
2982 2513 3083 2568 ego
3111 2499 3176 2551 ad
3206 2511 3302 2551 vos
3327 2495 3512 2548 animo

1950 2604 2175 2673 obliquo
2202 2602 2321 2654 δἐι
2352 2598 2487 2666 Quia
2521 2599 2684 2668 igitur
2714 2596 2791 2651 illi
2820 2592 2975 2665 quasi
3006 2588 3249 2645 funiculo
3278 2587 3509 2655 oblongo

1950 2695 2173 2760 peccata
2209 2702 2307 2741 sua
2340 2686 2666 2748 trahebant,
2700 2684 2824 2753 jure
2858 2690 2914 2735 tu
2945 2693 3161 2752 quoque
3192 2676 3377 2745 justus
3411 2673 3507 2742 ju-

1950 2782 2054 2836 dex
2096 2794 2335 2849 appones
2379 2776 2715 2846 iniquitatem
2763 2788 2927 2841 super
2973 2769 3316 2839 iniquitatem
3361 2765 3511 2835 ipso-

1951 2887 2069 2926 rum
2098 2888 2113 2937 ;
2143 2868 2210 2924 ad
2239 2869 2473 2939 priorem
2500 2866 2677 2927 illam,
2707 2864 2866 2917 aliam
2902 2863 3194 2931 imputans.
3226 2855 3337 2910 lmo
3367 2869 3507 2925 quo-

1951 2978 2056 3035 que
2098 2961 2211 3015 ait:
2246 2957 2407 3013 «Non
2460 2958 2661 3011 intrent
2709 2957 2763 3009 in
2806 2952 3073 3023 justitiam
3120 2958 3290 3004 tuam.
3322 2966 3340 2999 ι
3368 2945 3509 2999 Nam

1946 3053 2160 3123 justitia
2195 3050 2412 3133 quidem
2452 3056 2546 3102 tua
2587 3047 2767 3116 justos
2809 3042 3069 3104 advocat,
3105 3052 3407 3106 omnesque
3436 3035 3536 3095 ad,

1952 3146 2139 3199 intima
2186 3128 2355 3214 regni
2386 3142 2465 3196 tui
2504 3138 2802 3195 secundum
2835 3133 3253 3205 promissionem
3290 3128 3505 3197 recipit.

1951 3235 2055 3303 Qui
2102 3251 2229 3290 vero
2283 3235 2411 3288 talia
2461 3233 2578 3287 ausi
2624 3237 2750 3285 sunt
2798 3243 2903 3281 non
2954 3224 3237 3280 intrabunt
3282 3236 3405 3275 cum
3440 3219 3511 3279 iis

1950 3328 2044 3398 qui
2080 3341 2185 3381 una
2218 3341 2342 3381 cum
2372 3323 2585 3393 justitia
2619 3330 2710 3375 tua
2742 3316 3044 3388 ingressuri
3082 3320 3250 3372 sunt:
3285 3312 3378 3368 sed
3413 3324 3509 3371 no-

1950 3433 2055 3489 que
2078 3418 2135 3472 in
2160 3417 2299 3471 libro
2322 3414 2615 3469 viventium
2638 3412 2947 3466 scribentur
2971 3425 2985 3473 ;
3014 3407 3122 3461 imo
3145 3402 3417 3459 contraria
3439 3400 3509 3455 iis

1950 3508 2043 3580 qui
2090 3506 2349 3577 descripti
2396 3512 2524 3559 sunt
2555 3504 2847 3574 patientur.
2897 3498 3121 3552 Etiamsi
3154 3496 3297 3551 enim
3333 3492 3509 3565 gratia

1950 3600 2134 3656 donati
2166 3615 2284 3655 mea
2315 3595 2611 3667 aliquando
2644 3596 2700 3649 in
2738 3593 2879 3648 libro
2912 3589 3209 3645 viventium
3238 3628 3253 3654 ,
3292 3594 3505 3657 patrum

1950 3707 2172 3747 suorum
2213 3689 2354 3761 apud
2414 3688 2579 3743 Deum
2630 3685 2923 3742 viventium
2979 3695 3175 3744 causa,
3211 3675 3510 3749 conscripti

1951 3787 2184 3847 fuerint,
2231 3786 2304 3837 ita
2352 3791 2410 3837 ut
2462 3791 2512 3835 et
2535 3780 2667 3850 ipsis
2716 3778 2987 3849 promissa
3034 3773 3217 3830 oblata
3266 3770 3407 3833 sint;
3453 3776 3510 3826 at

1948 3878 2203 3948 quoniam
2256 3875 2385 3928 talia
2468 3883 2597 3928 sunt
2658 3870 2811 3933 ausi,
2865 3888 2884 3919 ι
2933 3867 3214 3922 deleantur
3262 3862 3327 3917 de
3368 3860 3509 3915 libro

1950 3966 2263 4023 viventium.
2298 3984 2316 4015 ι
2344 3963 2491 4017 Libri
2522 3970 2700 4015 autem
2731 3958 3024 4015 viventium
3048 3949 3510 4019 rationemexpli-

1948 4073 2115 4119 cans,
2151 4053 2334 4111 subdit
2364 4060 2549 4123 postea
2569 4091 2583 4116 ,
2617 4068 2635 4101 ι
2666 4048 2734 4103 Ει
2765 4063 2887 4103 cum
2916 4046 3078 4115 justis
3116 4059 3228 4099 non
3260 4042 3507 4098 scriban-

1951 4156 2059 4203 tur.
2092 4166 2111 4199 ι
2136 4144 2412 4201 Electione
2444 4143 2642 4213 quippe
2675 4138 2821 4195 facta
2850 4152 3036 4197 eorum
3068 4136 3162 4209 qui
3209 4134 3263 4188 in
3303 4129 3506 4186 mundo

1947 4245 2106 4293 erant
2138 4235 2422 4288 hominum
2442 4270 2457 4295 ,
2495 4231 2587 4283 alii
2631 4230 2847 4299 quidem
2878 4226 3137 4296 vitaque
3168 4220 3307 4293 apud
3338 4219 3507 4293 Deum
3574 4275 3582 4286 ,

1948 4338 2031 4384 est
2060 4326 2246 4397 digni,
2281 4324 2351 4379 ob
2382 4322 2655 4395 prapriam
2688 4319 2955 4391 justitiam
3001 4316 3143 4386 apud
3190 4315 3368 4382 ipsum
3413 4310 3507 4368 de-

1947 4422 2287 4489 scribentur;
2314 4418 2404 4488 qui
2430 4425 2608 4476 autem
2636 4412 2871 4472 exrlibro
2899 4409 3244 4465 delebuntur,
3278 4402 3315 4456 ii
3345 4412 3508 4458 erunt
3541 4425 3546 4430 α

1946 4516 2041 4587 qui
2074 4515 2199 4569 vita:
2236 4513 2537 4584 principem
2584 4507 2955 4578 repudiarunt.
3003 4498 3068 4552 Et
3119 4498 3207 4551 hic
3253 4495 3375 4552 ﬁnis
3402 4496 3508 4552 erit

1949 4624 2137 4664 eorum
2178 4607 2272 4677 qui
2304 4606 2415 4674 jam
2460 4606 2758 4657 memorata
2809 4600 2999 4649 contra
3040 4588 3379 4645 Servatorem
3408 4600 3505 4644 no-

281 4691 524 4764 ἀρχηγὸν
554 4689 652 4760 τῆς
680 4685 825 4759 ζωῆς
858 4682 1339 4763 παραιτησάμενοι.
1391 4684 1499 4736 Καὶ
1540 4682 1697 4736 τοῦτο
1747 4682 1843 4752 μὲν
1875 4693 1911 4749 ι]

1947 4709 2118 4759 strum
2150 4696 2397 4770 aggressi
2426 4701 2572 4749 sunt.
2603 4691 2732 4756 Qme
2763 4692 3063 4756 sequuntur
3092 4677 3295 4744 autem,
3328 4680 3383 4736 in
3414 4681 3505 4734 lm-

280 4784 343 4837 τὸ
365 4782 515 4846 τέλος
534 4778 733 4838 τῶν,τά
760 4776 1118 4857 προλεχθέντα
1145 4774 1284 4827 κατά
1307 4774 1399 4827 τοῦ
1423 4774 1671 4845 Σωτῆρος
1692 4774 1723 4842 ἡ
1732 4772 1843 4842 μῶν

278 4874 690 4945 τετολμηκότων
706 4888 719 4902 ⁶
755 4873 823 4925 τὰ
844 4872 888 4925 δ’
913 4870 1037 4940 ἑξῆς
1064 4871 1091 4922 ό
1120 4867 1273 4933 λόγος
1302 4868 1394 4921 ἐπὶ
1418 4867 1478 4920 τὸ
1504 4865 1845 4937 φαιδρότερον

283 4964 606 5036 μεταϐάλλει
624 5001 640 5025 ,
666 4960 911 5014 ἐντεῦθεν
933 4957 1112 5012 λοιπὸν
1134 4956 1235 5028 τῆς
1256 4954 1609 5026 εὐαγγελικῆς
1628 4953 1865 5024 χάριτος,

281 5057 681 5128 ἀπαρχόμενος.

359 5185 377 5218 ι
397 5166 620 5236 Πτωχὸς
652 5165 745 5219 καὶ
776 5162 955 5232 ἀλγῶν
980 5159 1089 5231 ἐγὼ
1123 5162 1237 5232 είμι
1261 5201 1275 5224 ,
1322 5162 1356 5231 ἡ
1388 5157 1625 5229 σωτηρία
1676 5160 1843 5223 ωουλδ

283 5257 431 5323 Θεὸς,
454 5251 773 5312 ἀντελάϐετό
826 5274 947 5327 μου.
972 5275 992 5307 ι
1057 5251 1117 5308 '0
1146 5251 1313 5305 εἰπὼν
1360 5252 1419 5303 ἐν
1457 5247 1807 5317 Εὑαγγελίοις
1828 5266 1840 5277 ·

287 5369 307 5403 ι
330 5348 547 5403 Μάθετι
591 5350 686 5403 ἀπ’
713 5349 877 5420 ἐμοῦ,
916 5349 1001 5401 ὅτι
1033 5343 1205 5415 πρᾶός
1235 5344 1350 5413 ειμι
1380 5340 1472 5395 καὶ⁵
1496 5338 1744 5401 ταπεινὸς
1774 5341 1841 5410 τῇ

284 5438 480 5511 καρδίᾳ
492 5478 507 5498 .
534 5456 553 5489 ι
580 5436 667 5490 διὰ
690 5437 797 5491 τῶν
811 5434 1178 5507 προκειμένων
1199 5430 1411 5499 πτωχὸς
1427 5427 1519 5487 καὶ
1532 5425 1716 5495 ἀλγῶν
1732 5424 1844 5493 ἐγώ

285 5528 431 5598 ειμι,
466 5524 619 5596 φησί.
682 5524 901 5593 Πτωχὸς
932 5523 988 5577 δὲ
1023 5518 1091 5591 ἧν
1128 5518 1223 5573 τὸν.
1248 5515 1471 5577 πλοῦτον
1494 5514 1591 5585 τῆς
1624 5514 1841 5575 αίωνίου

285 5597 557 5688 βασιλείας
585 5597 929 5684 ἀποθέμενος.
960 5612 1051 5667 Διό
1082 5608 1289 5681 φησιν-ὁ
1314 5605 1548 5667 Παῦλος-
1574 5622 1605 5654 ιι
1638 5604 1843 5675 Ἰησοῦς

284 5710 516 5783 Χριστὸς
540 5708 792 5769 πλούσιος
809 5703 906 5769 ὢν,
929 5706 996 5759 δι’
1020 5706 1169 5778 ἡμᾶς
1190 5701 1549 5772 ἐπτώχευσεν,
1581 5699 1668 5751 ἵνα
1684 5701 1843 5769 ἡμεῖς

234 5878 241 5881 Α
282 5803 349 5871 τῇ
365 5800 531 5854 αὐτοῦ
558 5798 796 5877 πτωχείᾳ
815 5796 1252 5868 πλουτήσωμενι
1273 5791 1429 5854 Ἀλλά
1460 5791 1554 5845 καὶ
1574 5809 1591 5853 ι
1615 5789 1838 5859 ἀλγῶνςι

1952 4795 2147 4853 tioram
2193 4790 2424 4844 formam
2475 4790 2786 4837 mutantur:
2839 4794 2963 4835 nam
3012 4778 3135 4834 inde
3183 4773 3506 4847 evangelica

1951 4873 2641 4956 gratimjnitiumducitur.
2690 4928 2693 4931 ,

2019 5146 2185 5203 Vsus.
2220 5140 2328 5206 .50.,
2358 5141 2446 5196 3t.
2473 5158 2491 5193 ι
2514 5139 2622 5211 Ego
2648 5152 2765 5193 sum
2792 5152 2998 5206 pauper
3027 5142 3080 5190 et
3105 5132 3293 5188 dolens
3313 5172 3334 5196 ,
3358 5129 3504 5185 salus

1950 5251 2042 5298 tua
2062 5279 2080 5302 ,
2122 5233 2550 5302 Deus,.suscepit
2592 5247 2696 5285 me.
2722 5248 2740 5281 ι
2763 5228 2866 5294 Qui
2899 5229 2961 5281 in
2991 5224 3305 5295 Evangeliis.
3324 5222 3463 5277 dixit
3488 5242 3501 5276 :

1956 5350 1974 5381 ι
1996 5325 2202 5383 Discite
2222 5340 2253 5378 a
2277 5337 2364 5378 me
2392 5323 2520 5393 quia
2576 5319 2721 5390 mitis
2748 5332 2867 5370 sum
2894 5323 2949 5370 et
2978 5314 3194 5371 humilis
3219 5308 3380 5365 corde
3400 5309 3499 5371 “,p

1950 5424 2005 5476 in
2040 5415 2291 5489 praesenti
2310 5431 2370 5473 se
2400 5425 2687 5484 pauperem
2719 5418 2773 5461 et
2801 5407 3072 5463 dolentem
3105 5401 3259 5456 dicit.
3294 5399 3502 5469 Pauper

1948 5520 2127 5569 autem
2156 5517 2311 5571 erat,
2341 5502 2603 5577 depositis
2641 5498 2835 5555 aeterni
2857 5496 3008 5566 regni
3036 5492 3260 5549 divitiis.
3309 5490 3507 5558 Quam-

1948 5604 2131 5659 obrem
2162 5600 2237 5655 ait
2254 5598 2456 5655 Paulus
2477 5612 2490 5649 :
2514 5614 2530 5644 ι
2552 5590 2712 5648 Iesus
2730 5590 2982 5645 Christus
3005 5598 3128 5670 cum
3157 5582 3317 5641 dives.
3335 5587 3501 5641 esset,

1950 5701 2172 5766 propter
2200 5706 2302 5748 nos
2341 5690 2500 5767 inops
2528 5683 2898 5743 ell‘ectusest,
2930 5684 2991 5738 ut
3033 5674 3283 5743 nosejus
3322 5671 3503 5743 inopia

1951 5764 2147 5841 divites
2168 5764 2416 5838 essemus
2438 5778 2508 5837 ’λι
2531 5796 2549 5830 ι
2574 5773 2680 5832 Sed
2693 5772 2861 5833 etiam
2886 5787 2905 5824 ι
2924 5767 3121 5825 dolens
3136 5786 3157 5819 ι
3177 5764 3314 5831 fuit;
3336 5776 3510 5834 quare

353 5954 402 5987 ⁸⁸
438 5950 583 6011 Psal.
626 5940 767 6020 nu,
792 5949 884 6020 26,
923 5950 1015 6006 Π.
1089 5949 1133 5985 υ
1172 5946 1347 6006 Levit.
1388 5961 1535 6015 Li“,
1573 5943 1665 6012 25,
1703 5942 1820 6005 ΞΜ
1872 5944 1911 5977 ⁸·

1950 5938 2143 5995 Matth.
2186 5951 2266 5999 ιι,
2299 5933 2399 5995 29.
2492 5931 2534 5964 "
2575 5928 2617 5985 ll
2642 5925 2780 5988 _Cor.
2820 5938 2937 5989 rut,
2970 5920 3026 5979 9.
