4300 6404
805 511 910 572 159

1467 509 1731 568 EUSEBH
1765 508 2240 566 CAESARIENSIS
2277 507 2426 564 OPP.
2457 503 2634 562 PARS
2670 501 2842 561 lll.—
2870 497 3273 556 EXEGETICA.

3885 499 3986 556 760

796 646 960 702 supra
992 631 1197 686 dicebat
1227 650 1239 685 :
1273 650 1291 682 ι
1320 629 1383 684 Et
1411 646 1574 702 super
1599 631 1840 686 dolorem
1870 630 2153 684 vulnerum
2184 643 2328 683 meo-

2433 625 2646 694 γέγονε·
2683 624 2762 676 διὸ
2783 621 2964 688 ἔλεγεν
2990 617 3244 688 ἀνωτέρω
3263 634 3276 647 ·
3319 635 3336 667 ι
3359 614 3468 669 Καὶ
3495 616 3585 670 ἐπὶ
3614 615 3674 669 τὸ
3693 615 3852 684 ἄλγος
3875 614 3986 668 τῶν

793 739 914 780 rum
939 725 1278 781 addiderunt;
1311 745 1329 778 ι
1356 726 1579 780 Dolebat
1603 727 1745 780 enim
1778 741 1876 794 pro
1909 726 1976 781 iis
2004 726 2092 794 qui
2125 725 2176 778 in
2209 740 2331 794 per-

792 812 1000 866 niciem-
1035 815 1215 876 ibant,
1260 825 1313 868 ct
1354 815 1657 885 patiebatur
1695 830 1880 868 eorum
1921 829 2084 868 causa
2125 817 2217 883 qui
2265 814 2333 868 ad

791 901 1014 956 salutem
1055 903 1152 957 abs
1195 919 1254 958 se
1297 912 1636 972 procuratam
1679 918 1786 956 non
1832 904 2166 958 accederent.
2210 901 2332 958 Ideo

791 1010 887 1050 seu
934 996 1120 1051 dolens
1176 997 1479 1049 clama-bat:
1512 1013 1530 1045 ε
1560 994 1602 1048 Ο
1632 999 1906 1064 generatio
1957 995 2231 1050 incredula
2280 1004 2333 1050 et

787 1101 1070 1156 perversa,
1112 1102 1393 1155 quousque
1436 1087 1712 1142 vobiscum
1748 1088 1886 1141 ero?
1927 1104 2209 1157 quousque
2235 1104 2332 1144 vos

787 1179 961 1246 patiar
989 1179 1075 1230 "?
1103 1199 1120 1229 ι
1149 1177 1272 1231 Ideo
1300 1179 1459 1232 dicit:
1488 1197 1505 1228 ι
1531 1178 1639 1248 Ego
1669 1186 1787 1233 sum
1814 1194 2015 1246 pauper
2039 1187 2092 1233 et
2119 1179 2327 1244 dolens,

787 1269 934 1323 salus
963 1276 1055 1322 tua
1075 1308 1089 1332 ,
1119 1268 1293 1331 Deus,
1327 1269 1566 1338 suscepit
1596 1267 1702 1322 me.
1735 1288 1752 1319 ι
1781 1267 1876 1322 His
1911 1283 2072 1338 porro
2102 1270 2328 1324 salutem

771 1359 1094 1412 .subindicat
1115 1375 1221 1428 qua
1243 1368 1364 1428 post
1386 1369 1607 1414 mortem
1632 1359 1916 1414 donandus
1936 1369 2034 1414 est.
2051 1359 2183 1414 Nam
2206 1375 2327 1414 cum

786 1448 990 1516 pridem
1039 1450 1235 1504 inﬁxus
1279 1451 1332 1523 in
1373 1451 1502 1502 limo
1555 1448 1841 1518 prolundi,
1881 1451 2087 1504 venerit
2121 1452 2174 1504 in
2206 1451 2330 1505 alti-

785 1542 1027 1596 tudinem
1063 1544 1228 1594 maris
1248 1583 1261 1604 ,
1300 1550 1356 1596 ut
1390 1543 1440 1594 in
1473 1542 1750 1611 prophetia
1781 1541 2029 1605 «licebat,
2058 1542 2169 1612 jam
2200 1557 2327 1597 vero

785 1632 954 1696 dicit,
999 1650 1017 1683 ‹
1049 1632 1207 1688 Salus
1258 1644 1347 1686 tua
1369 1674 1383 1695 ,
1416 1633 1555 1690 Dens
1580 1673 1594 1696 ,
1654 1635 1889 1703 suscepit
1941 1651 2063 1690 me:
2098 1654 2116 1686 ι
2145 1644 2326 1704 aperte

783 1725 1022 1780 declarat
1072 1739 1167 1788 se,
1217 1734 1496 1796 postquam
1544 1726 1599 1780 in
1648 1725 1984 1790 altitudinem
2031 1727 2195 1781 maris
2235 1743 2328 1782 vea

781 1821 966 1876 nerat,
993 1822 1272 1884 postquam
1299 1823 1588 1870 memorata
1616 1816 1865 1885 superius
1891 1832 2085 1886 passus
2116 1817 2289 1872 fuerat
2299 1858 2322 1892 ,

782 1904 1154 1977 patrocinium
1187 1918 1538 1961 consecutum
1582 1912 1741 1961 esse.‘
1770 1905 1946 1971 Quare
1981 1909 2034 1960 in
2070 1908 2326 1963 vicesimo

2434 714 2757 787 τραυμάτων
2790 729 2888 783 μου
2924 707 3282 781 προσέθηκαν.
3325 727 3344 758 ι
3381 706 3568 774 Ἤλγει
3613 706 3720 775 γὰρ
3757 707 3847 759 ἐπὶ
3872 708 3985 769 τοῖς

2433 806 2835 877 ἀπολλυμένοις,
2863 803 2955 855 καὶ
2977 802 3076 854 ύπε
3087 800 3319 874 ρέπασχε
3343 796 3447 850 τῶν
3473 798 3544 868 μὴ
3569 797 3894 869 προσιόντων
3917 799 3981 868 τῇ

2432 900 2496 952 δι’
2535 896 2696 952 αὑτοῦ
2741 891 3136 966 προξενουμένῃ
3167 891 3423 961 σωτηρίᾳ.
3475 889 3563 941 Διὸ
3587 887 3773 956 ῶσπερ
3804 886 3982 954 ἀλγῶν

2433 991 2559 1043 ἐϐόα
2576 1008 2588 1019 ·
2625 1007 2642 1040 ι
2668 985 2736 1040 Ὦ
2768 985 2927 1055 γενεά
2953 984 3144 1037 ἄπιστε
3176 982 3268 1036 καὶ
3293 981 3709 1052 διεστραμμένη,
3731 981 3835 1044 ἓως
3855 981 3981 1033 πότε

2435 1080 2549 1152 μεθ’
2603 1079 2752 1149 ὑμῶν
2797 1078 2942 1146 είμι;
2988 1074 3091 1136 ἕως
3137 1072 3263 1124 πότε
3321 1071 3579 1141 ἀνέχομαι
3616 1069 3799 1140 ύμῶνς
3837 1089 3854 1120 ι
3891 1070 3982 1123 Διό

2433 1191 2562 1244 φησι
2585 1189 2598 1202 ·
2640 1191 2657 1222 ι
2682 1168 2900 1238 Πτωχὸς
2929 1167 3022 1219 καὶ
3043 1165 3219 1232 ἀλγῶν
3251 1163 3360 1232 ἐγώ
3385 1165 3523 1233 εἰμι’
3552 1164 3584 1232 ή
3607 1161 3842 1232 σωτηρία
3865 1179 3978 1227 σου,

2430 1264 2457 1315 ὁ
2503 1261 2666 1325 Θεὸς,
2697 1256 3015 1314 ἀντελάϐετό
3046 1272 3164 1326 μου.
3192 1274 3209 1306 ι
3237 1255 3531 1307 Αίνίττεται
3569 1252 3624 1305 δέ
3663 1251 3751 1305 διὰ
3779 1252 3982 1305 τούτων

2428 1357 2525 1426 τὴν
2567 1353 2702 1426 μετά
2732 1353 2822 1406 τὸν
2851 1351 3072 1406 θάνατον
3105 1347 3262 1404 αὐτοῦ
3296 1345 3583 1418 σωτηρίαν.
3639 1346 3701 1400 El
3734 1345 3836 1415 γὰρ
3867 1345 3981 1396 ἐνε-

2428 1448 2574 1517 πάγη
2602 1447 2680 1510 είς
2714 1444 2844 1516 ὓλην
2871 1443 3029 1515 βυθοῦ
3054 1483 3068 1504 ,
3107 1441 3200 1494 καὶ
3224 1436 3382 1511 ἦλθεν
3408 1443 3484 1503 εἰς
3512 1437 3581 1491 τά
3608 1437 3744 1508 βάθη
3766 1437 3863 1508 τῆς
3883 1435 3978 1488 θα-

2427 1538 2626 1608 λάσσης
2645 1577 2659 1600 ,
2691 1536 2766 1600 ὡς
2793 1535 2877 1588 διὰ
2909 1535 3017 1588 τῶν
3045 1533 3140 1604 τῆς
3175 1531 3502 1602 προφητείας
3529 1527 3713 1600 ἐδήλου
3732 1567 3748 1592 ,
3783 1529 3896 1582 νυνὶ
3921 1526 3981 1579 δέ

2428 1647 2586 1702 φησιν
2601 1631 2630 1660 ·’
2651 1648 2668 1680 ι
2693 1629 2754 1682 Ἡ
2781 1627 3017 1698 σωτηρία
3049 1642 3164 1686 σου,
3189 1626 3216 1677 ὁ
3241 1623 3370 1686 Θεὸς
3389 1662 3404 1686 ,
3449 1621 3764 1676 ἀντελάϐετό
3797 1637 3896 1690 μου
3915 1635 3927 1650 ·
3953 1639 3972 1669 ο

2428 1719 2611 1788 σαφῶς
2661 1718 2981 1788 παρίστησιν
3027 1713 3359 1784 ἀντιλήψεως
3407 1712 3784 1781 τετυχηκέναι,
3845 1708 3982 1780 μετά

2424 1809 2484 1862 τὸ
2528 1807 2836 1879 ἐληλυθέναι
2873 1809 2951 1870 εἰς
2985 1805 3056 1859 τὰ
3095 1804 3228 1875 βάθη
3265 1803 3364 1873 τῆς
3401 1802 3704 1872 Θαλάσσης,
3747 1801 3882 1871 μετά
3918 1799 3982 1851 τὸ

2426 1899 2744 1953 πεπονθέναι
2770 1898 2838 1951 τά
2862 1897 3236 1968 προλεχθέντα.
3264 1895 3354 1949 Διὸ
3373 1896 3465 1948 καὶ
3491 1897 3547 1948 ἐν
3572 1901 3652 1948 κα¹
3671 1892 3868 1963 ψαλμῷ
3889 1890 4002 1944 τὸνο

784 2004 956 2057 primo
997 1993 1202 2061 psalmo
1250 1994 1505 2061 hymnum
1537 2011 1553 2044 ι
1578 2008 1676 2063 pro
1725 1996 2069 2064 susceptione
2112 1997 2325 2050 matuti-

2429 2008 2447 2040 ε
2471 1989 2610 2058 ὑπὲρ
2645 1988 2746 2058 τῆς
2768 1986 3100 2057 ἀντιλήψεως
3131 1987 3228 2056 τῆς
3255 1984 3478 2055 ἑωθινῆς
3499 2003 3517 2036 ι
3546 1984 3853 2054 ἀνέπεμπεν
3878 1983 3981 2052 ὓμ-

781 2097 849 2134 na
873 2083 946 2134 ⁸³»
968 2084 1186 2137 emittit.
1214 2083 1413 2138 Deinde
1437 2100 1586 2144 vero,
1612 2093 1669 2138 ut
1690 2086 2040 2154 patrocinium
2065 2101 2317 2142 consecu-

782 2179 887 2236 tus,
917 2173 982 2226 ad
1011 2175 1330 2239 jucundiOra
1364 2190 1665 2230 sermonem
1697 2177 1962 2230 convertit
1991 2177 2204 2247 hymnis
2225 2178 2327 2231 Pa-

780 2271 916 2316 trem
943 2263 1245 2327 celebrans,
1273 2280 1394 2317 cum
1421 2264 1528 2328 ait,
1546 2282 1564 2314 ι
1590 2266 1843 2320 Laudabo
1869 2281 2059 2320 nomen
2087 2267 2176 2320 Dei
2203 2282 2326 2320 cum

781 2353 1011 2407 cantico.
1045 2373 1063 2404 ι
1094 2353 1224 2406 Cum
1258 2355 1484 2409 melodia
1517 2363 1694 2410 autem
1727 2363 1778 2409 et
1805 2357 2019 2410 cantico
2049 2371 2326 2412 sermones

781 2442 1042 2512 proferre,
1081 2442 1134 2496 id
1197 2444 1410 2513 signum
1456 2446 1637 2516 gaudii
1689 2453 1744 2499 et
1801 2446 2002 2500 laetitia:
2053 2457 2186 2499 erat.
2224 2446 2327 2502 Sed

778 2534 944 2588 etiam
971 2552 988 2583 ι
1016 2533 1367 2602 magniticabo
1395 2549 1539 2598 eum,
1581 2554 1599 2585 ι
1645 2535 1836 2605 inquit.
1875 2536 2083 2588 scilicot
2114 2535 2326 2590 Patrem

780 2640 958 2680 suum.
983 2622 1084 2688 Qui
1113 2623 1476 2692 magniﬁcabit
1497 2635 1681 2695 postea
1712 2625 1951 2693 subiicit,
1982 2645 1999 2676 ι
2035 2627 2088 2682 in
2115 2627 2321 2692 laude,»

780 2713 913 2777 sive,
937 2710 1232 2766 secundum
1265 2712 1532 2781 Aquilam,
1571 2731 1590 2764 ‹
1631 2713 1685 2766 in
1713 2715 2008 2784 gratiarum
2033 2717 2265 2771 actione.
2305 2737 2323 2769 ›

782 2800 1086 2856 Gratiarum
1117 2818 1247 2857 vero
1277 2804 1538 2859 aetioaem
1603 2813 1656 2859 et
1707 2805 1925 2860 laudem
1968 2822 2074 2877 qua
2113 2806 2326 2862 Patrem

776 2889 950 2945 Filius
1001 2891 1308 2962 magniﬁeat
1362 2881 1648 2962 intelliges,
1705 2895 1751 2948 si
1803 2894 1940 2950 Novi
2000 2895 2330 2952 Testamenti

688 2975 690 2978 ’
779 2982 1050 3052 mysteriis
1103 2983 1340 3037 animum
1369 2983 1650 3046 adhibens,
1694 2984 1785 3039 ubi
1817 2985 2058 3040 Ecclesia
2092 2986 2185 3041 Dei
2234 3003 2328 3057 per

779 3079 950 3125 totum
969 3072 1151 3127 orbem
1171 3073 1236 3126 ad
1268 3073 1560 3142 gratiarum
1588 3075 1846 3141 actiones,
1875 3076 1938 3129 ad
1957 3077 2330 3133 rationabilem

777 3169 833 3214 et
868 3160 993 3215 sine
1008 3159 1157 3214 fumo
1196 3162 1399 3215 cultum
1451 3162 1558 3218 Deo
1589 3163 1922 3219 oﬂ‘erendum
1951 3166 2195 3221 instituta
2223 3178 2326 3225 est.

780 3248 925 3306 Laus
952 3250 1147 3304 istluec
1185 3259 1237 3306 et
1285 3253 1580 3322 gratiarum
1632 3257 1773 3308 actio
1806 3259 2081 3327 corporeis
2112 3260 2326 3324 hostiis,

2424 2095 2530 2132 νον.
2559 2073 2668 2130 Εἶθ’
2693 2076 2768 2140 ὡς
2793 2074 2968 2146 τυχὼν
2995 2075 3322 2146 ἀντιλήψεως
3340 2115 3355 2136 ,
3391 2072 3703 2145 μεταϐάλλει
3735 2073 3860 2134 τοὺς
3890 2071 3978 2124 λό-

2424 2187 2552 2240 γους
2577 2167 2666 2222 ἐπὶ
2693 2167 2752 2220 τὸ
2782 2165 3140 2236 φαιδρότερον,
3176 2164 3374 2235 ὕμνους
3399 2157 3732 2234 ἀναπέμπων
3759 2162 3834 2233 τῷ
3855 2164 3979 2215 ἐαυ-

2425 2261 2516 2314 τοῦ
2554 2260 2754 2329 Πατρὶ,
2792 2260 2849 2310 ἐν
2891 2250 2970 2319 οἷς
3010 2271 3169 2327 φησιν
3197 2273 3210 2284 ·
3270 2274 3288 2304 ι
3312 2254 3516 2306 Λίνέσω
3567 2255 3628 2305 τὸ
3673 2253 3838 2321 ὄνομα
3884 2251 3978 2305 τοῦ

2425 2350 2556 2403 Θεοῦ
2590 2351 2702 2420 μετ’
2731 2348 2922 2418 ᾠδῆς.»
2948 2346 3019 2399 Τὸ
3047 2346 3102 2398 δὲ
3130 2346 3264 2415 μετὰ
3297 2343 3483 2414 μέλους
3519 2343 3609 2395 καὶ
3632 2337 3768 2412 ᾠδῆς
3793 2343 3978 2411 λόγους

2427 2441 2824 2512 προσφέρεσθαι
2851 2438 3112 2509 σύμϐολον
3141 2433 3207 2507 ἦν
3230 2435 3491 2506 θυμηδίας
3515 2435 3607 2488 καὶ
3627 2435 3976 2505 εὐφροσύνης.

2440 2532 2595 2586 Ἀλλὰ
2626 2533 2717 2585 καὶ
2757 2551 2774 2582 ι
2815 2529 3093 2601 μεγαλυνῶ
3148 2527 3330 2592 αὐτὸν,
3367 2547 3385 2579 ι
3420 2526 3613 2598 φησίν·
3647 2526 3801 2597 δῆλον
3829 2527 3873 2580 δ’
3901 2528 3980 2580 ὅτι

2425 2624 2514 2677 τὸν
2547 2622 2704 2677 αὐτοῦ
2747 2621 2986 2692 Πατέρα.
3037 2620 3160 2684 Πῶς
3210 2619 3264 2672 δὲ
3310 2619 3403 2672 καὶ
3456 2617 3618 2671 αὐτὸν
3671 2616 3978 2687 μεγαλυνεῖ,

2427 2713 2659 2781 ἐπιλέγει
2683 2712 2826 2782 ἑξῆς,
2878 2730 2897 2762 ι
2933 2713 2989 2764 ἐν
3027 2711 3278 2764 αἰνέσεν»
3330 2709 3361 2780 ἢ
3421 2707 3559 2760 κατά
3590 2706 3679 2760 τὸν
3724 2705 3972 2770 Ἀκύλαν,

2433 2806 2516 2856 «ἐν
2549 2802 2916 2875 εὐχαριστίᾳ.»
2951 2802 3175 2872 Νοήσεις
3208 2801 3262 2854 δὲ
3283 2800 3378 2869 τὴν
3408 2798 3749 2870 εὐχαριστίαν
3770 2799 3864 2850 καὶ
3883 2796 3979 2867 τὴν

2428 2897 2628 2948 αἴνεσιν
2656 2895 2721 2946 δι’
2743 2890 2810 2964 ἦς
2831 2897 2859 2946 ὁ
2884 2893 3008 2955 Υἱὸς
3039 2892 3323 2962 μεγαλύνει
3371 2890 3461 2943 τὸν
3489 2889 3722 2957 Πατέρα,
3758 2888 3981 2959 ἐπιστή-

2428 3002 2525 3046 σας
2554 2986 2660 3046 τοῖς
2701 2981 3012 3053 μυστηρίοις
3067 2983 3164 3051 τῆς
3225 2980 3426 3049 Καινῆς
3473 2979 3764 3049 Διαθήκης,
3811 2974 3981 3044 ὲννοῖς

2427 3073 2547 3126 καθ’
2580 3071 2718 3140 ὅλης,
2735 3071 2833 3140 τῆς
2861 3071 3181 3139 οἰκουμένης
3209 3073 3242 3138 ἡ
3283 3069 3573 3138 Ἐκκλησία
3592 3069 3684 3121 τοῦ
3707 3069 3840 3122 Θεοῦ
3883 3071 3979 3133 τὰς

2427 3161 2770 3232 εὐχαριστίας
2795 3161 2886 3213 καὶ
2917 3160 3014 3222 τὰς
3045 3160 3264 3228 λογικὰς
3295 3161 3388 3213 καὶ
3423 3160 3694 3222 ἀκάπνους
3725 3159 3980 3231 λατρείας

2427 3252 2711 3322 ἀναφέρειν
2744 3251 2823 3321 τῷ
2868 3249 2984 3320 Θεῷ
3033 3235 3380 3321 παρείληφεν.
3430 3249 3575 3318 Ᾱῦτη
3612 3250 3667 3302 δὲ
3711 3251 3752 3320 Δἡ
3780 3252 3979 3314 αἴνεσις

779 3355 898 3409 (ιιιῖι³
949 3341 1079 3394 olim
1131 3343 1432 3421 secundum
1481 3345 1649 3414 legem
1693 3345 1902 3418 Moysis
1943 3349 2326 3416 oﬂ‘erebantnr,

2429 3345 2520 3397 καὶ
2553 3347 2585 3414 ἡ
2614 3342 2928 3414 εὐχαριστία
2960 3341 3094 3393 πολὺ
3147 3342 3406 3412 κρείττων
3441 3341 3692 3411 τυγχάνει
3722 3341 3828 3396 τῶν
3877 3360 3982 3396 σω-
4014 3386 4016 3388 τ

777 3429 948 3485 multo
977 3433 1321 3500 praastantior
1365 3441 1468 3489 est.
1528 3436 1892 3502 Quamobrem
1943 3440 2129 3509 adjicit
2171 3460 2230 3496 τι
2261 3441 2329 3496 Et

781 3521 1019 3590 placebit
1066 3522 1292 3578 Domino
1333 3540 1500 3595 super
1521 3527 1748 3580 vitulum
1797 3531 2088 3593 novellum,
2122 3546 2327 3588 cornua

778 3609 1165 3678 producentem
1197 3617 1250 3664 et
1282 3613 1531 3681 ungulas.
1565 3633 1582 3664 ι
1624 3612 1679 3667 Si
1716 3631 1948 3685 namque
1977 3619 2042 3672 de
2077 3620 2143 3675 iis
2158 3619 2326 3675 Judaei

779 3699 1100 3768 gloriantur,
1166 3703 1340 3756 sciant
1373 3705 1558 3773 utique
1610 3705 1765 3776 longe
1807 3710 2080 3764 meliorem
2116 3710 2328 3781 Deoque

743 3824 747 3828 ς
781 3793 1136 3861 acccptiarein
1173 3808 1344 3847 meam
1386 3795 1681 3864 gratiarum
1729 3798 1998 3854 actionem
2027 3808 2080 3855 et
2115 3801 2327 3855 laudem

780 3893 942 3946 supra
1007 3883 1316 3936 memoratis
1377 3898 1516 3938 esse.
1591 3884 1952 3948 Quamobrem
2031 3889 2326 3944 secundum

781 3965 1160 4038 Symmachum
1195 3973 1412 4039 dicitur,
1449 3992 1468 4024 ι
1497 3972 1562 4027 Et
1615 3976 1848 4044 placebit
1885 3967 2114 4032 Domino
2135 3980 2323 4051 magis,

779 4074 942 4128 quam
966 4060 1062 4115 bos
1094 4069 1303 4128 taurus,
1347 4066 1576 4135 ungulas
1628 4065 1932 4130 diﬂindcns,
1989 4079 2270 4126 cornutus.
2301 4089 2320 4122 ι

780 4151 889 4204 Cur
916 4152 1003 4205 hic
1037 4153 1265 4207 vitulum
1323 4154 1486 4219 dicat,
1518 4172 1624 4210 non
1660 4159 1803 4213 aliud
1854 4161 2048 4214 animal
2077 4165 2128 4215 iu
2160 4164 2327 4217 sacri-

782 4241 902 4295 ﬁcio
928 4241 1106 4296 oﬂ‘erri
1135 4244 1376 4307 solitum,
1427 4262 1533 4298 nun
1566 4248 1683 4302 sine
1723 4251 1967 4304 examine
2011 4254 2327 4320 prmtermit-

781 4333 1023 4387 tendum.
1084 4332 1343 4390 Nam'ex
1405 4337 1728 4394 animalibus
1791 4341 2087 4396 secundum
2158 4346 2325 4413 legem

781 4421 982 4492 Moysis
1021 4424 1289 4480 immolari
1344 4426 1538 4495 jussis,
1598 4430 1701 4482 alia
1745 4446 1808 4484 ex
1863 4442 2109 4487 armento
2142 4435 2322 4497 boum,

785 4501 896 4562 alia
920 4527 982 4565 ex
1025 4528 1182 4582 grege
1205 4515 1381 4568 ovium
1405 4517 1830 4578 adducebantur,
1859 4519 1964 4572 alia
1988 4537 2053 4573 ex
2097 4522 2324 4575 volatili-

783 4596 924 4664 bus;
959 4615 1181 4667 quorum
1214 4603 1316 4656 alia
1349 4607 1590 4666 masculi,
1622 4609 1725 4659 alia
1761 4607 1969 4664 [culinae
1997 4616 2190 4675 erant;
2223 4611 2324 4664 alia

786 4697 1083 4756 spontanea
1105 4707 1169 4744 ex
1201 4694 1445 4754 arbitrio.
1483 4693 1587 4749 alla
1639 4713 1701 4751 ex
1740 4699 1958 4763 debito;
1987 4701 2088 4752 alia
2118 4701 2325 4754 saeriii~

786 4781 930 4833 cium
963 4780 1234 4844 salutaris,
1270 4784 1372 4836 alia
1423 4801 1517 4854 pro
1564 4798 1785 4856 peccato
1842 4792 2327 4856 vocabantur;alia

795 4886 890 4940 pro
920 4885 1130 4926 summo
1173 4874 1470 4937 sacerdote,
1505 4877 1607 4929 alia
1665 4895 1759 4946 pro
1812 4882 2064 4936 universo
2110 4873 2326 4950 populo,

803 4960 1008 5038 tliapro
1028 4961 1267 5030 principe
1299 4975 1552 5031 peccante
1604 4967 1983 5023 oﬂ‘erebantur.
2022 4971 2156 5025 Cum
2211 4986 2328 5024 ma-

798 5065 952 5118 gnum
982 5049 1162 5120 itaque
1195 5055 1248 5108 in
1278 5055 1361 5110 his
1384 5056 1670 5111 discrimen
1701 5068 1873 5122 esset,
1924 5075 2201 5131 nunquam
2247 5069 2331 5116 ιε·-

796 5154 913 5194 men
945 5155 1042 5209 pro
1066 5141 1304 5210 principe
1324 5146 1560 5213 quolibet
1592 5149 1672 5200 vel
1706 5162 1801 5215 pro
1832 5150 2079 5217 quopiam
2122 5153 2329 5220 privato

804 5227 993 5285 vitulus
1051 5232 1387 5288 oﬂerebatur.
1441 5235 1654 5292 Vitulus
1720 5242 1990 5294 masculus
2040 5244 2327 5312 aliquando

793 5322 1203 5390 immolabatur;
1241 5326 1527 5394 aliquando
1557 5345 1701 5392 vero,
1733 5346 1853 5384 cum
1905 5339 2014 5385 tota
2059 5348 2326 5403 synagoga

788 5410 844 5465 in
872 5420 1150 5479 peccatum
1205 5415 1356 5484 lapsa
1407 5426 1568 5482 esset,
1633 5421 1904 5486 sacerdos,
1954 5424 2043 5490 qui
2095 5424 2328 5478 universi

789 5503 972 5570 poztuli
1011 5517 1105 5558 seu
1136 5514 1295 5572 caput
1322 5517 1454 5571 erat,
1502 5516 1559 5560 ut
1601 5513 1804 5576 peccati
1835 5527 2058 5567 consors
2102 5515 2325 5568 vitulum

792 5589 1066 5648 offerebat.
1098 5591 1221 5648 Hac
1260 5612 1419 5664 porro
1469 5599 1520 5652 in
1564 5597 1799 5652 Levilico
1850 5601 2235 5669 deprehendas,
2273 5605 2326 5659 in

792 5697 898 5752 quo
922 5685 1209 5739 scribitur:
1247 5704 1265 5736 ι
1302 5685 1367 5738 Et
1385 5689 1594 5746 locutus
1621 5699 1701 5742 est
1716 5688 1972 5746 Dominus
1991 5693 2054 5746 ad
2086 5693 2321 5765 llioysem

870 5869 913 5900 ⁴²
955 5866 1136 5922 Matth.
1179 5883 1310 5931 ml,
1357 5868 1437 5923 16.
1511 5871 1554 5901 ⁸⁸
1594 5869 1734 5925 Psal.
1781 5890 1888 5938 ni,
1935 5876 1980 5928 l.

2431 3433 2672 3503 ματικῶν
2691 3431 2910 3496 θυσιῶν,
2930 3431 3035 3485 τῶν
3057 3431 3196 3484 κατά
3223 3432 3312 3485 τὸν
3329 3431 3600 3494 Μωῦσέως
3623 3431 3784 3502 νόμον
3813 3433 3978 3485 πάλαι

2427 3523 2864 3596 προσαγομένων.
2909 3521 2999 3574 Διὸ
3023 3522 3278 3590 ἐπιλέγει·
3313 3542 3330 3574 ι
3357 3524 3466 3575 Καὶ
3499 3523 3682 3594 ἀρέσει
3703 3523 3978 3595 τῷΚυρίῳ

2428 3614 2560 3685 ὑπὲρ
2599 3612 2794 3682 μόσχον
2827 3610 2965 3675 νέον,
3021 3611 3221 3682 κέρατα
3252 3611 3546 3682 ἐκφέροντα
3595 3613 3688 3664 καὶ
3719 3611 3908 3675 ὁπλάς.
3952 3632 3971 3664 ι

2411 3705 2489 3756 Ἐξ
2520 3703 2626 3773 γὰρ
2659 3703 2750 3755 ἐπὶ
2803 3701 3008 3765 τούτοις
3071 3701 3419 3772 σεμνύνονται
3464 3701 3726 3754 Ἰουδαίων
3772 3701 3975 3766 παῖδες,

2427 3794 2678 3855 ἴστωσαν,
2709 3793 2790 3844 ὅτι
2815 3791 2946 3844 πολὺ
2985 3791 3202 3860 βελτίων
3233 3792 3325 3844 καὶ
3354 3791 3430 3860 τῷ
3475 3791 3591 3861 Θεῷ
3616 3792 3980 3864 προτιμοτέρα

2425 3886 2457 3952 ἡ
2482 3884 2585 3954 ἐμὴ
2612 3883 2926 3952 εὐχαριστία
2959 3882 3051 3934 καὶ
3094 3885 3126 3951 ἡ
3157 3881 3262 3952 ἐμὴ
3285 3882 3488 3945 αἵνεσις
3528 3883 3636 3936 τῶν
3661 3885 3980 3954 προλεχθέντ-

2424 3991 2551 4030 των.
2582 3973 2671 4026 Διὸ
2696 3972 2835 4026 κατά
2873 3973 2963 4026 τὸν
3004 3972 3293 4042 Σύμμαχον
3325 3974 3556 4044 εἴρηται·
3597 3993 3615 4025 ι
3649 3976 3758 4028 Καὶ
3793 3975 3977 4046 ἀρέσει

2425 4063 2500 4134 τῷ
2529 4063 2714 4135 Κυρίῳ
2769 4062 3026 4134 μᾶλλονῆ
3082 4062 3205 4141 βοῦς
3252 4062 3448 4133 ταῦρος
3509 4064 3759 4134 διχηλῶν,
3815 4069 3979 4139 κερά.

2429 4173 2607 4226 στης.»
2642 4156 2739 4208 Διά
2765 4158 2816 4209 τί
2838 4156 2893 4209 δέ
2918 4149 3150 4208 ἐνταῦθα
3175 4155 3371 4226 μόσχου
3406 4156 3725 4236 μνημονεύει
3753 4158 3847 4211 καὶ
3879 4160 3978 4230 οὐχ
4067 4227 4070 4229 Α

2425 4250 2606 4321 ἐτέρου
2640 4251 2780 4313 τινὸς
2811 4249 2917 4302 τῶν
2949 4250 3345 4322 προσφέρεσθαι
3371 4248 3633 4302 εἰωθότων
3684 4252 3762 4314 είς
3791 4251 3977 4306 θυσίαν
4016 4242 4021 4246 ’

2426 4338 2596 4404 ζώων,
2623 4339 2767 4404 ἄξιον
2805 4339 2877 4408 μὴ
2941 4338 3308 4402 ἀϐασανίστως
3369 4337 3672 4409 παρελθεῖν.
3711 4336 3829 4390 Τῶν
3869 4337 3976 4408 γὰρ

2425 4429 2564 4483 κατά
2607 4428 2695 4481 τὸν
2722 4416 3009 4490 ’Μωῡσέως
3032 4430 3191 4498 νόμον
3237 4429 3453 4481 θύεσθαι
3501 4427 3977 4498 προσταττομένων

2426 4519 2576 4584 ζώων
2610 4518 2677 4570 τά
2713 4519 2808 4587 μὲν
2839 4518 2897 4582 ἐξ
2943 4517 3142 4590 ἀγέλης
3176 4518 3309 4589 βοῶν
3365 4521 3686 4589 προσήγετο,
3726 4516 3793 4569 τά
3817 4515 3872 4568 δὲ
3913 4519 3976 4570 ἐκ

2430 4611 2730 4680 προϐάτων,
2759 4610 2823 4662 τὰ
2861 4610 2916 4662 δὲ
2953 4609 3057 4662 ἀπὸ
3095 4611 3369 4664 πετεινῶν·
3409 4610 3500 4662 καὶ
3521 4609 3587 4661 τὰ
3626 4608 3722 4678 μὲν
3752 4609 3973 4677 ἄρρενα,

2428 4702 2494 4752 τὰ
2521 4702 2576 4753 δὲ
2607 4701 2784 4772 θήλεα·
2821 4701 2914 4754 καὶ
2951 4699 3018 4752 τὰ
3049 4701 3142 4770 μὲν
3184 4701 3403 4753 ἑκούσια
3430 4698 3592 4751 ’κατά
3641 4698 3971 4768 προαίρεσιν.

2430 4791 2498 4843 τὰ
2528 4792 2584 4844 δὲ
2616 4793 2754 4844 κατά
2785 4791 3020 4861 ὀφειλὴν·
3062 4793 3152 4845 καὶ
3205 4792 3274 4843 τὰ
3322 4791 3420 4860 μὲν
3468 4790 3774 4860 ὠνομάζετο
3817 4790 3974 4844 θυσία

2433 4886 2716 4955 σωτηρίου,
2741 4884 2890 4937 τάδέ
2929 4884 3064 4954 ὑπὲρ
3117 4882 3405 4954 ἁμαρτίας·
3455 4883 3546 4935 καὶ
3590 4883 3658 4934 τά
3715 4882 3973 4953 μένύπέρ

2431 4974 2522 5026 τοῦ
2557 4974 2849 5047 ἀρχιερέως
2878 4976 3260 5046 προσεφέρετο,
3308 4975 3374 5026 τὰ
3404 4973 3461 5027 δὲ
3499 4974 3635 5044 ὑπὲρ
3665 4975 3858 5038 παντὸς
3879 4975 3972 5028 τοῦ

2431 5065 2579 5128 λαοῦ,
2610 5065 2676 5118 τὰ
2703 5065 2758 5118 δέ
2788 5065 2924 5134 ὑπὲρ
2951 5051 3203 5134 ἄρχοντος
3239 5065 3628 5134 ἡμαρτηκότος.
3683 5065 3886 5137 Πολλῆς
3916 5066 3973 5119 δὲ

2429 5157 2591 5227 σίντης
2635 5162 2690 5210 ἐν
2727 5157 2930 5219 τούτοις
2981 5157 3256 5224 διαφορᾶς,
3285 5155 3404 5207 οὐδὲ
3440 5153 3652 5208 πώποτε
3704 5158 3841 5227 ὑπὲρ
3878 5156 3971 5209 τοῦ

2431 5248 2676 5316 τυχόντος
2698 5248 2971 5318 ἄρχοντος,
3005 5245 3108 5297 οὐδ’
3141 5245 3277 5314 ὑπὲρ
3313 5242 3513 5295 ίδιώτου
3571 5246 3756 5318 ἀνδρὸς
3780 5249 3972 5317 μόσχος

2431 5339 2734 5409 ἀνεφέρετο.
2770 5338 2905 5389 Ποτέ
2931 5336 2985 5388 δὲ
3014 5339 3041 5388 ό
3071 5336 3262 5406 μόσχος
3286 5336 3315 5387 ὀ
3342 5334 3512 5406 ἄρρην
3537 5337 3736 5402 ἐθύετο,
3787 5337 3970 5392 ἄλλοτε

2430 5431 2626 5499 πᾶσαή
2660 5427 2942 5498 συναγωγὴ
2977 5424 3216 5496 ἁμαρτίᾳ
3263 5426 3684 5495 περιπεπτώκει.
3716 5428 3853 5496 ὑπὲρ
3900 5419 3969 5497 ἧς

2428 5521 2518 5572 καὶ
2550 5521 2706 5582 αὐτὸς
2737 5522 2788 5570 δ’
2817 5521 2988 5588 ἱερεὺς
3039 5519 3222 5586 ῶσπερ
3282 5518 3486 5589 κεφαλὴ
3533 5517 3606 5570 ὢν
3652 5517 3742 5570 τοῦ
3773 5515 3968 5579 παντὸς

2425 5607 2552 5661 λαοῦ
2584 5610 2683 5677 τῆς
2714 5589 2979 5681 ἁμαρτίας
3029 5608 3276 5670 κοινωνὸς
3330 5610 3421 5661 τὸν
3462 5609 3654 5679 μόσχον
3705 5608 3962 5679 προσῆγε.

2429 5699 2606 5753 Ταῦτα
2631 5699 2686 5752 δὲ
2732 5701 2788 5752 ἐν
2817 5700 3081 5769 Λευιτικῷ
3134 5699 3309 5770 εὕροις
3367 5699 3430 5752 ἂν
3458 5699 3770 5769 ἐπιστήσας,
3831 5699 3890 5754 ὲν
3918 5689 3965 5768 ᾧ
