4300 6398
376 523 468 578 761

1473 524 1960 581 COMMENTARIA
1997 525 2059 581 IN
2096 527 2425 585 PSALMOS.

3437 536 3545 593 762

373 632 693 704 γέγραπται·
726 650 743 683 ι
780 633 886 686 Καὶ
914 634 1133 711 ἐλαλησε
1158 635 1358 707 Κύριος
1390 637 1524 707 πρὸς
1562 636 1798 707 Μωῡσῆν
1825 640 1908 691 λέ-
1935 647 1981 702 Α
2010 641 2071 694 ἀῑι

1842 640 1908 691 ιέ-
1935 647 1981 702 Α
2010 641 2226 698 dicens:
2246 643 2489 715 Loquere
2521 645 2585 701 ad
2603 644 2737 701 ﬁlios
2765 644 2947 712 Israel,
2971 647 3193 703 dicens:
3218 647 3273 703 Si
3296 665 3540 720 summus

372 739 500 791 γωνο
542 723 782 798 Λάλησον
812 725 942 796 πρὸς
971 728 1093 789 τοὺς
1124 728 1267 789 υἱοὺς
1308 728 1518 797 Ἰσραὴλ
1542 728 1728 795 λέγων-
1786 730 1907 782 Ἐὰν

369 813 398 863 6
426 812 703 883 ἀρχιερεὺς
736 816 763 866 6
789 816 1138 885 κεχρισμένος
1175 816 1391 889 ἁμάρτῃ
1452 818 1545 869 τοῦ
1583 818 1707 871 λαὸν
1738 820 1907 891 ἁμαρ-

369 904 498 965 τεῖν,
533 903 626 955 καὶ
655 904 909 973 προσάξει
965 906 1089 975 περὶ
1145 907 1241 976 τῆς
1296 908 1566 979 ἁμαρτίας
1630 910 1787 962 αὐτοῦ
1842 907 1907 981 ἦς

367 992 596 1061 ἥμαρτε,
635 994 828 1062 μόσχον
856 996 917 1045 ἐκ
970 993 1105 1061 βοῶν
1159 994 1382 1065 ἄμωμον
1413 996 1489 1065 τῷ
1544 999 1778 1069 Κυρίῳο»
1817 1005 1908 1055 καὶ

368 1082 510 1151 ἑξῆς·
554 1103 571 1133 ι
610 1084 730 1136 Ἐὰν
770 1085 825 1137 δὲ
858 1086 1002 1136 πᾶσα
1052 1088 1335 1157 συναγωγὴ
1378 1090 1588 1160 Ἰσραὴλ
1649 1093 1904 1164 ἀγνοήσῃ,

367 1172 457 1225 καὶ
494 1172 628 1244 λάθῃ
653 1176 800 1244 Ιόῆμα
851 1175 908 1239 ἐξ
960 1176 1244 1247 ὀφθαλμῶν
1298 1181 1393 1249 τῆς
1433 1184 1763 1253 συναγωγῆς·
1818 1188 1907 1239 καὶ

366 1266 625 1333 ποιήσωσι
663 1267 787 1333 μίαν
813 1266 915 1318 ἀπὸ
941 1266 1125 1319 πασῶν
1160 1268 1263 1320 τῶν
1296 1271 1519 1324 ἐντολῶν
1556 1274 1647 1326 τοῦ
1686 1276 1903 1345 Κυρίου,

364 1353 397 1423 ἢ
430 1354 488 1405 οὐ
527 1354 892 1425 ποιηθὴσεται,
924 1356 1015 1408 καὶ
1049 1357 1421 1427 πλημμελῶσι,
1457 1364 1547 1413 καὶ
1576 1358 1783 1433 γνωσθῇ
1812 1367 1907 1417 αὐ-

364 1446 472 1505 τοῖς
504 1446 536 1512 ἡ
559 1444 797 1515 ἁμαρτία
826 1445 892 1514 ἢν
927 1447 1167 1517 ἥμαρτον
1200 1450 1255 1501 ὲν
1277 1450 1431 1521 αὐτῇ.
1472 1453 1559 1504 καὶ
1591 1455 1903 1525 προσάξειή

366 1535 645 1607 συναγωγὴ
681 1538 873 1606 μόσχον
898 1539 960 1591 ὲκ
991 1539 1124 1609 βοῶν
1157 1543 1280 1613 περὶ
1303 1545 1399 1612 τῆς
1425 1545 1711 1613 ἁμαρτίας.
1755 1565 1771 1597 »
1797 1549 1905 1600 Καὶ

365 1623 499 1691 μετὰ
548 1624 718 1678 ταῦτα
745 1628 777 1696 ἡ
809 1628 1012 1698 ἱστορία
1044 1631 1248 1698 εἰσάγει
1305 1633 1439 1702 ὑπὲρ
1466 1634 1556 1686 τοῦ
1614 1636 1904 1707 ἀρχιερέως

363 1711 547 1766 θυσίαν
597 1715 811 1785 μόσχον,
865 1720 921 1771 ὲν
969 1714 1047 1782 οἷς
1095 1720 1325 1791 εἴρηται·
1393 1741 1411 1772 ι
1449 1725 1553 1776 Καὶ
1591 1728 1901 1797 προσήγαγε

360 1803 596 1873 Μωῦσῆς
625 1806 712 1858 τὸν
739 1807 930 1877 μόσχον
958 1809 1045 1862 τὸν
1064 1813 1186 1879 περ)⁸
1221 1812 1318 1881 τῆς
1344 1814 1627 1883 ἁμαρτίας,
1658 1818 1748 1870 καὶ
1778 1820 1901 1872 ἐπέ·
1925 1805 1930 1809 ’

361 1891 524 1963 θηκεν
548 1920 552 1924 —
581 1896 782 1967 Ἀαρὼν
811 1900 901 1951 καὶ
922 1901 969 1951 οἱ
1002 1901 1103 1953 υίοὶ
1130 1902 1292 1954 αὐτοῦ
1320 1903 1421 1965 τὰς
1464 1908 1649 1977 χεῖρας
1689 1910 1779 1961 ἐπὶ
1806 1910 1903 1980 τὴν

358 1983 592 2052 κεφαλὴν
624 1985 713 2037 τοῦ
741 1988 934 2055 μόσχου
961 1989 1051 2040 τοῦ
1079 1989 1174 2058 τῆς
1206 1992 1494 2064 ἁμαρτίας,
1554 1999 1642 2050 καὶ
1675 1999 1901 2068 ἔσφαξεν

359 2072 567 2125 αὐτόν.»
615 2074 772 2145 Ὁρᾷς
804 2077 893 2129 ἐπὶ
931 2078 1101 2140 ποίοις
1129 2082 1156 2132 6
1192 2083 1384 2152 μόσχος
1423 2090 1783 2159 προσεφέρετο
1812 2092 1901 2142 ἐπὶ

358 2160 504 2232 πάσῃ
529 2165 593 2232 τῇ
624 2169 903 2235 συναγωγῇ
946 2167 1153 2239 Ἰσραὴλ
1202 2173 1534 2246 ἁμαρτούσῃ,
1566 2179 1656 2229 καὶ
1683 2180 1770 2233 ἐπὶ
1800 2181 1899 2252 ἀρ-

356 2253 526 2318 χιερεί
574 2252 945 2323 ἡμαρτηκότι·
994 2258 1087 2310 καὶ
1139 2260 1233 2330 οὐχ
1284 2263 1466 2327 ἁπλῶς
1528 2269 1897 2339 ἡμαρτηκότι,

356 2338 487 2392 ἀλλὰ
516 2342 610 2394 καί⁹
666 2342 741 2413 τῷ
773 2343 884 2415 λαῷ
916 2348 1067 2418 αίτίῳ
1099 2352 1369 2422 γενομένῳ
1423 2338 1712 2427 ἁμαρτίας·
1757 2360 1899 2429 λέγει

355 2429 482 2500 γάρ’
516 2450 533 2481 ι
558 2432 677 2485 Ἐὰν
704 2436 731 2487 6
775 2437 1058 2507 ἀρχιερεὺς
1083 2442 1111 2491 6
1155 2445 1503 2513 κεχρισμένος
1544 2448 1759 2520 ἁμάρτῃ
1804 2450 1897 2503 τοῦ

353 2520 444 2573 τὸν
474 2520 597 2573 λαὸν
624 2524 907 2595 ἁμαρτεῖνο
927 2547 943 2578 »
976 2529 1089 2582 ἀνθ’
1122 2527 1180 2584 οὗ
1208 2533 1235 2583 6
1282 2533 1505 2598 Ἀκύλας
1540 2540 1894 2609 ἡρμήνευσεν·

357 2629 377 2659 ι
416 2612 509 2675 El;
538 2615 912 2686 πλημμέλησιν
948 2619 1041 2671 τοῦ
1075 2620 1257 2674 λαοῦ.»
1300 2626 1449 2678 Ἐπεὶ
1478 2629 1651 2681 τοίνυν
1681 2632 1817 2685 κατὰ
1840 2634 1897 2689 τὸ

356 2702 617 2771 σωτήριον
650 2704 817 2767 πάθος
860 2707 906 2757 οί
966 2708 1239 2779 ἀρχιερεῖς
1276 2714 1371 2765 καὶ
1419 2716 1465 2767 οἱ
1510 2716 1763 2785 ἄρχοντες
1802 2721 1893 2773 τοῦ

365 2786 624 2840 Ἰουδαίων
662 2789 841 2854 ἔθνους
874 2795 1208 2865 συνήχθησαν
1265 2799 1354 2850 ἐπὶ
1398 2802 1456 2853 τὸ
1481 2803 1609 2857 αὐτὸ
1639 2807 1777 2860 κατὰ
1802 2808 1895 2863 τοῦ

354 2879 555 2949 Κυρίου
583 2882 671 2934 καὶ
704 2882 844 2936 κατὰ
886 2886 979 2937 τοῦ
1028 2889 1262 2959 Χριστοῦ
1295 2893 1477 2957 αὐτοῦ,
1522 2897 1599 2967 τῷ
1642 2916 1701 2951 τε
1739 2904 1897 2955 παντὶ

350 2963 456 3034 λαῷ
497 2966 815 3041 διαστροφῆς
846 2974 997 3026 αὐτοὶ
1050 2977 1330 3044 γεγόνασιν
1369 2982 1546 3036 αἴτιοι·
1571 2963 1896 3058 ’γέγραπται

349 3056 474 3126 γάρ·
512 3075 529 3107 ι
563 3060 669 3112 Καὶ
700 3063 746 3112 oi
781 3063 1049 3136 ἀρχιερεῖς
1088 3068 1180 3119 καὶ
1230 3070 1289 3123 τὸ
1319 3074 1586 3143 συνέδριον
1633 3056 1749 3131 ὅλον
1775 3081 1895 3151 ἐζή-

347 3163 471 3201 τουν
498 3149 958 3225 ψευδομαρτυρίαν
986 3161 1122 3213 κατὰ
1142 3162 1233 3215 τοῦ
1276 3164 1465 3233 Ἰησοῦ,
1486 3167 1629 3230 ὅπως
1654 3168 1896 3224 θανωτώ-

351 3257 512 3295 σωσιν
538 3244 747 3297 αὐτόν’»
780 3248 871 3301 καὶ
894 3249 1048 3302 πάλιν
1074 3252 1223 3322 ἑξῆς·
1253 3272 1271 3304 ι
1295 3257 1355 3307 Oi
1409 3256 1464 3308 δὲ
1496 3258 1765 3330 ἀρχιερεῖς
1799 3263 1890 3315 καὶ

347 3332 396 3384 οί
423 3333 775 3407 πρεσϐύτεροι
802 3336 1019 3391 ἔπεισαν
1044 3342 1165 3403 τοὺς
1192 3342 1377 3411 ὄχλους
1398 3346 1483 3423 ἵνα
1514 3350 1771 3419 αἰτήσωσι
1801 3352 1888 3403 τὸν
1914 3323 1957 3381 c

347 3421 654 3493 Βαραϐϐᾶν,
691 3427 780 3480 τὸν
802 3427 858 3480 δὲ
897 3430 1098 3499 Ἰησοῦν
1131 3421 1515 3489 ἀπολέσωσινέ»
1545 3439 1711 3510 Χρεία
1736 3440 1792 3493 δὲ
1820 3436 1888 3512 ἦν

347 3515 661 3585 καθάρσεως
687 3522 798 3582 τοῖς
829 3520 995 3573 ταῦτα
1042 3524 1412 3595 τετολμηκόσι,
1444 3533 1535 3584 καὶ
1577 3532 1761 3597 θυσίας
1791 3536 1888 3588 οὐκ

346 3605 527 3677 ἄλλης,
555 3608 587 3678 ἢ
615 3609 710 3679 τῆς
732 3610 818 3663 διὰ
845 3609 935 3663 τοῦ
971 3612 1186 3682 μόσχου,
1242 3616 1317 3679 ὡς
1357 3621 1766 3692 μεμαρτύρηται
1802 3625 1890 3679 διὰ

345 3698 443 3767 τῆς
468 3700 816 3772 προτεθείσης
840 3703 1333 3774 Γραφῆςοεξκότως,
1358 3710 1469 3763 Ούκ
1484 3711 1732 3782 αἰσθητὸν
1757 3715 1885 3782 ἐγὼ,

348 3790 499 3861 φησι,
534 3783 730 3863 μόσχον
766 3796 1071 3866 προσφέρω,
1099 3795 1186 3850 διὰ
1210 3799 1318 3852 τῶν
1347 3802 1710 3872 προκειμένων
1732 3805 1760 3856 6
1779 3806 1889 3859 Σω-

343 3880 445 3952 τὴρ
477 3881 651 3952 ἡμῶν,
688 3883 822 3938 ἀλλὰ
855 3885 950 3958 τὴν
1005 3887 1246 3960 καθαρὰν
1270 3891 1363 3944 καὶ
1406 3892 1631 3963 ἄναιμον
1677 3892 1884 3961 θυσίαν,

344 3971 409 4039 ἦν
439 3972 596 4034 αὐτὸς
621 3973 728 4041 ἐγὼ
753 3978 1158 4047 συνεστησάμην
1211 3980 1267 4031 ὲν
1291 3982 1353 4049 τῇ
1398 3981 1627 4050 ἐμαυτοῦ
1667 3982 1885 4054 Ἐκκλη-

347 4060 434 4129 σίᾳ
454 4061 539 4114 διὰ
570 4062 667 4132 τῆς
699 4064 925 4135 ἀναίμου
952 4066 1042 4119 καὶ
1063 4067 1270 4137 ἀπύρου
1304 4069 1656 4141 λειτουργίας,
1692 4074 1788 4142 τῆς
1820 4076 1886 4129 δι’

343 4153 614 4217 αἰνέσεωςο
648 4155 766 4223 ἥτις
805 4157 999 4236 ,ἀρέσει
1050 4157 1125 4227 τῷ
1182 4159 1298 4229 Θεῷ
1346 4161 1539 4231 μᾶλλον
1589 4164 1621 4233 ἢ
1659 4166 1686 4218 6
1738 4167 1887 4237 παρὰ

340 4246 563 4299 Μωῦσεῖ
590 4230 902 4317 νενομοθετη
913 4250 1066 4317 μένος
1091 4250 1301 4320 μόσχος.
1336 4230 1422 4305 Διὸ
1446 4230 1710 4309 λέλεκται’
1732 4276 1749 4308 ι
1773 4230 1886 4313 Με-

341 4335 554 4404 γαλυνῶ
583 4336 744 4392 αὐτὸν
770 4340 825 4390 ἐν
855 4339 1067 4392 αἰνέσει.
1097 4340 1206 4393 Καὶ
1234 4342 1417 4413 ἀρέσει
1446 4346 1522 4416 τῷ
1546 4347 1713 4418 Θεῷ,»
1742 4352 1774 4421 ἡ
1806 4352 1887 4405 αῖ-

343 4436 485 4489 νεσις
506 4427 723 4499 δηλαδὴ,
752 4446 771 4480 ι
798 4429 934 4499 ὑπὲρ
957 4430 1153 4501 μόσχον
1180 4434 1317 4499 νέον,
1347 4422 1551 4508 κέρατα
1581 4442 1882 4512 ἐκφέροντα

340 4520 435 4571 καὶ
459 4519 644 4582 ὁπλάς.
672 4540 691 4572 »
731 4520 952 4590 Ἔτυχον
978 4521 1115 4588 δ’,ἂν
1146 4525 1390 4594 ἀφέσεως
1438 4531 1531 4583 καὶ
1574 4532 1884 4603 καθάρσεως

2008 736 2260 792 sacerdos
2282 738 2374 807 qui
2399 745 2593 794 unctus
2622 747 2703 795 est
2730 741 3044 809 peccaverit,
3094 748 3156 795 ut
3206 756 3431 812 peccare
3460 742 3539 797 fa-

2006 824 2113 878 ciat
2133 829 2405 895 populum,
2436 830 2619 885 oﬂ‘eret
2654 846 2749 900 pro
2796 840 3011 900 peccato
3065 848 3162 888 suo
3197 848 3303 902 quo
3348 850 3542 904 pecca~

2006 917 2101 978 vit,
2135 918 2358 971 vitulum
2389 935 2451 973 ex
2478 920 2649 975 bobus
2701 923 3100 977 immaculatum
3145 923 3369 980 Domino
3401 926 3476 993 “;
3514 944 3535 977 »

2006 1019 2068 1059 ac
2100 1005 2292 1061 deinde
2322 1022 2334 1057 :
2375 1025 2391 1056 ‹
2419 1007 2571 1072 Quod
2615 1012 2658 1065 si
2698 1012 2873 1064 omnis
2910 1027 3178 1082 synagoga
3204 1012 3366 1067 Israel
3396 1014 3542 1083 igno-

2007 1098 2222 1159 raverit,
2271 1104 2324 1156 et
2355 1099 2579 1177 latuerit
2623 1102 2841 1154 verbum
2890 1118 2955 1157 ex
3001 1104 3173 1159 oculis
3223 1120 3536 1177 synagogas:

2006 1196 2098 1241 aut
2132 1175 2503 1241 feceritunum
2558 1205 2621 1243 ex
2658 1191 2911 1246 omnibus
2957 1197 3237 1265 praeceptis
3296 1194 3547 1259 Domini;

2005 1285 2097 1331 aut
2130 1278 2473 1343 nonafeccrit,
2509 1286 2561 1335 et
2587 1280 2869 1352 deliquerit
2905 1292 2957 1337 et
3011 1287 3321 1355 cognoverit
3352 1301 3538 1355 pecca-

2003 1377 2116 1422 tum
2144 1385 2299 1424 suum
2330 1387 2437 1440 quo
2479 1374 2749 1440 peccavit;
2779 1373 2969 1439 oll'eret
3017 1386 3286 1447 synagoga
3314 1378 3547 1431 vitulum

2003 1476 2064 1513 ex
2094 1462 2263 1515 bobus
2296 1478 2393 1531 pro
2417 1473 2635 1531 peccato
2663 1465 2728 1519 ⁵⁵.
2762 1486 2780 1516 »
2818 1466 2927 1524 Sub
2953 1468 3064 1522 haec
3096 1476 3271 1521 autem
3319 1484 3416 1537 pro
3466 1485 3551 1523 sa—

2002 1549 2509 1604 cerdoteiuducitur
2560 1555 2613 1607 in
2671 1557 3007 1610 sacriﬁcium
3051 1559 3271 1623 vitulus,
3304 1574 3426 1612 nam
3457 1559 3538 1612 di-

2002 1639 2178 1691 citur:
2209 1658 2226 1689 ι
2251 1638 2316 1693 Ει
2343 1640 2536 1694 obtulit
2558 1641 2766 1711 Moyses
2805 1646 3031 1697 vitulum
3061 1662 3156 1713 pro
3206 1654 3463 1715 peccato:
3488 1654 3542 1700 et

2001 1730 2254 1797 imposuit
2274 1731 2450 1782 Aaron
2468 1739 2521 1785 et
2564 1731 2654 1784 ﬁlii
2698 1733 2815 1801 ejus
2841 1749 3033 1788 manus
3061 1750 3226 1803 super
3281 1745 3442 1805 caput
3462 1738 3543 1790 vi-

2000 1820 2095 1873 tuli
2130 1836 2226 1889 pro
2252 1830 2492 1890 peccato,
2522 1830 2576 1875 et
2598 1822 2895 1878 immolavit
2940 1840 3059 1879 eum
3084 1827 3150 1877 ⁵⁸.
3182 1845 3200 1878 »
3236 1827 3396 1881 Vides
3422 1828 3543 1896 qui-

2001 1913 2102 1965 bus
2122 1912 2187 1967 de
2210 1914 2390 1969 causis
2412 1915 2611 1969 vitulus
2643 1915 2928 1971 oﬁ‘erretur
2969 1933 3065 1986 pro
3088 1918 3341 1973 universa
3373 1934 3539 1989 syna-

1935 1984 2133 2072 B'goga
2166 2000 2380 2058 lsraelis
2425 2014 2707 2073 peccante,
2755 2016 2806 2061 et
2849 2022 2947 2076 pro
3003 2024 3213 2063 summo
3264 2010 3540 2065 sacerdote

2000 2102 2251 2162 peccante
2276 2112 2290 2161 ;
2314 2111 2412 2150 uec
2445 2098 2602 2151 modo
2627 2106 2900 2166 peccante,
2957 2100 3051 2153 sed
3094 2101 3256 2155 etiam
3287 2102 3540 2170 p0puluru

1998 2183 2052 2235 in
2084 2194 2362 2252 peccatum
2402 2186 2722 2252 inducente;
2757 2188 2888 2267 dicit
2939 2191 3114 2244 enim:
3153 2210 3170 2242 ι
3209 2190 3266 2247 Si
3296 2208 3539 2250 summus

1998 2274 2270 2339 sacerdo‘s,
2298 2276 2385 2344 qui
2409 2284 2605 2331 unctus
2625 2288 2726 2339 est,
2762 2283 3081 2347 peccaverit,
3128 2291 3185 2337 ut
3212 2300 3432 2352 peccare
3463 2286 3543 2338 fa-

1996 2365 2440 2435 ciatpopulum.»
2474 2367 2578 2423 Pro
2603 2386 2709 2438 quo
2754 2370 2957 2441 ‘Aquila
3018 2374 3095 2427 sic
3156 2374 3539 2445 interpretatus

1994 2461 2114 2508 est:
2152 2472 2169 2504 ι
2208 2454 2263 2509 In
2315 2456 2568 2512 delictum
2618 2460 2822 2529 populi.
2856 2480 2873 2511 »
2932 2459 3067 2527 Quia
3124 2462 3539 2533 igiturtempore

1996 2548 2265 2615 passionis
2323 2547 2531 2604 Domini
2588 2554 2781 2606 summi
2842 2554 3153 2610 sacerdotes
3184 2565 3235 2610 et
3265 2557 3538 2626 principes

1993 2633 2228 2689 Judaicae
2290 2638 2466 2706 gentis
2526 2650 2893 2695 convenerunt
2949 2644 3002 2697 in
3064 2660 3227 2698 unum
3280 2647 3538 2702 adversus

1994 2731 2274 2787 Dominum
2308 2741 2361 2787 et
2392 2735 2650 2790 adversus
2697 2736 2971 2791 Christum
3005 2740 3145 2807 ejus,
3194 2742 3398 2810 totique
3449 2757 3540 2810 po-

1995 2825 2119 2895 pulo
2180 2825 2540 2893 perversionis
2584 2835 2833 2881 auctores
2893 2827 3063 2891 fuere,
3131 2831 3391 2899 scriptum
3455 2840 3536 2886 est

1992 2916 2164 2972 enim:
2193 2934 2211 2967 ι
2240 2915 2517 2986 Principes
2550 2918 2891 2973 sacerdotum
2941 2927 2995 2974 et
3046 2921 3329 2975 consilium
3364 2928 3533 2976 totum

1992 3007 2303 3077 quaerebant
2324 3008 2516 3064 falsum
2552 3010 2919 3064 testimonium
2950 3016 3136 3066 eontra
3169 3011 3373 3080 Jesum,
3396 3016 3555 3082 quo-'

1994 3097 2153 3151 modo
2184 3099 2344 3153 morti
2371 3099 2779 3155 traderenteum
2803 3102 2876 3169 5";
2905 3120 2924 3153 »
2960 3117 3022 3157 ac
3050 3118 3295 3158 rursum:
3326 3122 3344 3154 ι
3368 3102 3533 3159 Prin-

1992 3190 2138 3257 cipes
2168 3192 2509 3243 sacerdotum
2546 3201 2597 3245 et
2636 3192 2877 3248 seniores
2923 3203 3314 3262 persuaserunt
3359 3197 3532 3253 turbis

1995 3286 2309 3349 utpeterent
2354 3279 2673 3347 Barabbam,
2703 3280 2883 3337 Jesum
2928 3300 3055 3339 vero
3096 3285 3377 3354 perderent
3410 3287 3473 3341 ⁵⁸.
3506 3307 3526 3340 »

1988 3369 2055 3424 lis
2078 3384 2238 3438 porro
2265 3371 2353 3438 qui
2384 3371 2507 3423 talia
2530 3372 2645 3427 ausi
2675 3370 3218 3445 fuerantpurgatione
3230 3393 3366 3447 opus
3392 3387 3527 3443 erat,

1985 3468 2039 3516 et
2069 3462 2355 3526 sacriﬁcio,
2387 3478 2493 3515 non
2522 3463 2628 3518 alio
2652 3478 2811 3532 quam
2848 3465 3025 3529 vituli,
3047 3476 3104 3521 ut
3131 3466 3409 3538 Scriptura
3432 3488 3529 3526 su-

1987 3554 2169 3624 perius
2200 3555 2359 3608 allata
2409 3555 2746 3611 testiﬁcatur.
2779 3556 2908 3613 J’ure
2941 3560 3029 3613 hic
3068 3559 3322 3617 Servator
3347 3571 3532 3617 noster

1987 3646 2096 3699 ait:
2129 3645 2245 3701 Non
2293 3648 2598 3701 sensibilem
2632 3664 2729 3718 ego
2762 3649 2988 3703 vitulum
3022 3650 3255 3719 profero.
3312 3652 3404 3707 sed
3432 3669 3529 3722 pu-

1985 3750 2099 3788 ram
2122 3742 2175 3790 et
2202 3737 2535 3790 incruentam
2586 3737 2835 3801 hostiam,
2878 3756 3035 3809 quam
3068 3758 3166 3813 ego
3194 3743 3308 3812 ipse
3346 3743 3400 3797 in
3429 3743 3529 3797 Ec-

1986 3827 2149 3899 clesia
2185 3842 2321 3890 mea
2350 3828 2630 3891 constitui,
2672 3845 2767 3898 per
2822 3830 3161 3885 incruentum
3207 3841 3259 3886 et
3285 3834 3405 3902 igne
3433 3848 3527 3887 va-

1986 3930 2144 3969 cuum
2173 3914 2548 3977 ministerium,
2583 3919 2724 3985 quod
2758 3918 2914 3972 laude
2961 3921 3323 3988 pcrsolvitur;
3383 3924 3525 3991 quod

1986 4019 2117 4059 sane
2145 4004 2252 4060 Deo
2280 4006 2437 4077 longe
2487 4009 2761 4076 acceptius
2788 4016 2841 4060 et
2874 4010 3079 4078 gratius
3102 4011 3225 4073 erit,
3256 4028 3416 4081 quam
3440 4014 3528 4081 ille

1985 4093 2185 4164 Moysis
2213 4095 2329 4165 lege
2366 4097 2684 4166 assignatus
2714 4098 2936 4152 vitulus.
2961 4097 3298 4170 Quapr0pter
3320 4101 3522 4156 dictum

1984 4192 2067 4239 est
2094 4203 2106 4237 :
2145 4200 2163 4235 ι
2187 4183 2537 4254 Magniﬁcabo
2557 4200 2679 4240 eum
2719 4187 2770 4241 in
2799 4187 2975 4242 laude.
3009 4187 3071 4240 Et
3093 4190 3322 4257 placebit
3342 4190 3468 4251 Deo.
3499 4211 3519 4242 ι

1984 4276 2103 4330 laus
2150 4275 2391 4341 scilicet,
2448 4294 2468 4327 ι
2496 4293 2658 4347 super
2712 4278 2943 4333 vitulum
2989 4281 3277 4347 novellum,
3320 4297 3524 4337 cornua

1983 4364 2363 4435 producentem
2392 4375 2445 4423 et
2472 4368 2719 4439 ungulas.
2760 4387 2780 4421 »
2816 4367 2881 4422 Ει
2907 4385 3037 4425 sane
3071 4372 3302 4425 veniam.
3329 4388 3523 4443 purga-

1982 4460 2286 4530 tioncmque
2306 4474 2429 4515 cum
2467 4462 2737 4530 principes
2763 4462 3123 4525 sacerdotum,
3151 4473 3262 4517 tum
3293 4466 3522 4536 populus

1983 4552 2156 4606 omnis
2217 4542 2490 4631 consecuti
2552 4559 2752 4617 esseut,
2819 4553 2863 4607 si
2925 4569 3120 4609 novum
3187 4561 3241 4609 ct
3288 4551 3523 4613 salutare

337 4608 443 4661 τῶν
476 4611 871 4690 ἡμαρτημένων
922 4613 1103 4678 αὐτοῖς
1150 4617 1198 4668 οί
1235 4619 1504 4689 ἀρχιερεῖς
1552 4624 1643 4675 καὶ
1691 4626 1739 4675 οἱ
1790 4622 1881 4676 τοῦ
1911 4642 2035 4702 ΒΤ,

1821 4622 1881 4676 οὗ
1911 4642 2379 4702 DTestamentum
2428 4623 2803 4712 suscipientes,
2852 4644 2946 4699 tali
2999 4645 3266 4701 sacriﬁcio
3292 4646 3519 4704 fuissent

338 4700 533 4764 παντὸς
559 4700 757 4764 ἔθνους,
783 4703 831 4754 εί
868 4702 1130 4775 κέχρηντο
1154 4707 1322 4779 ταύτῃ
1346 4713 1411 4781 τῇ
1435 4711 1610 4782 θυσία,
1635 4713 1731 4782 τὴν
1756 4730 1876 4766 και-

337 4789 432 4861 νὴν
464 4793 555 4845 καὶ
593 4795 853 4866 σωτήριον
878 4793 1148 4867 Διαθήκην
1179 4801 1620 4873 παραδεξάμενοι.

404 4876 536 4935 Εἶτα
562 4883 723 4955 εὐχὴν
751 4882 1055 4954 ἀναπέμπει
1090 4889 1119 4939 6
1157 4891 1469 4961 προλεχθεὶς
1507 4894 1715 4965 πτωχὸς
1744 4894 1879 4965 ὑπὲρ

337 4969 441 5024 τῶν
468 4973 857 5045 παραπλησίως
882 4975 1028 5047 αὐτῷ
1084 4979 1329 5048 πτωχῶν,
1362 4984 1488 5051 περὶ
1539 4978 1612 5036 ὧν
1648 4985 1880 5038 διδάσκει

337 5061 524 5129 λέγων’
555 5082 574 5113 ι
597 5066 867 5137 Μακάριοι
897 5070 947 5121 οἱ
993 5070 1193 5139 πτωχοὶ
1241 5069 1317 5139 τῷ
1351 5073 1636 5142 πνεύματι,
1669 5075 1749 5127 ὃτι
1787 5076 1881 5127 αύ-

244 5171 259 5225 έ
334 5150 440 5202 τῶν
466 5152 609 5202 ἐστιν
637 5153 669 5221 ἡ
696 5154 933 5222 βασιλεία
983 5158 1086 5211 τῶν
1119 5159 1412 5229 οὐρανῶν.»
1467 5162 1571 5213 Καί
1622 5179 1751 5234 φησι
1791 5164 1879 5217 διὰ

333 5240 429 5310 τῆς
452 5241 632 5311 εὐχῆς
671 5261 689 5292 ι
713 5243 985 5300 Ἰδέτωσαν
1024 5250 1224 5319 πτωχοὶ
1256 5250 1347 5303 καὶ⁹
1370 5250 1867 5321 εύφρανθήτωσαν.»

335 5330 561 5401 Εὔχεται
620 5331 676 5383 δὲ
727 5333 827 5403 ἤδη
874 5338 1001 5389 ποτὲ
1032 5342 1111 5401 είς
1167 5340 1303 5408 ἔργα
1332 5342 1569 5413 χωρῆσαι
1626 5342 1693 5393 τὰ
1743 5360 1874 5414 προ-

333 5422 607 5492 λεχθέντα,
631 5422 769 5475 ὥστε
787 5425 1078 5495 ὀφθαλμοῖς
1103 5430 1238 5483 αὐτὰ
1260 5431 1547 5485 θεάσασθαι
1578 5418 1875 5505 τοὶ-πείρη-

337 5511 528 5579 μένους
562 5513 820 5582 πτωχοὺς,
867 5514 1073 5587 δηλαδὴ
1130 5520 1253 5582 τοὺς
1309 5522 1549 5591 μαθητὰς
1588 5512 1745 5574 αὐτόιέ
1781 5525 1873 5575 καὶ

332 5603 456 5664 τοὺς
479 5604 820 5667 ἀποστόλους,
850 5606 993 5659 Ἰδεῖν
1018 5608 1073 5660 δὲ
1106 5611 1310 5674 τούτοις
1335 5612 1543 5683 εὔχεται
1574 5612 1666 5683 τὴν
1692 5613 1874 5666 ἀποδο-

338 5691 617 5760 μασμένην
644 5694 769 5763 ύμῖν
821 5694 1091 5764 βασιλείαν
1136 5700 1241 5753 ἀπὸ
1291 5703 1586 5773 καταϐολῆς
1613 5705 1864 5774 κόσμου.»

403 5800 670 5883 "1119""-
734 5823 807 5883 Lv.
867 5810 976 5866 1-3.
1053 5814 1098 5847 ἐ
1146 5816 1273 5872 ibid.
1302 5819 1490 5883 15,”.

337 5871 382 5905 "
420 5870 603 5927 Matth.
651 5892 701 5939 ν,
733 5876 785 5932 ὅ.

1589 5818 1632 5850 ⁸⁸
1662 5816 1826 5874 Levit.
1861 5835 1986 5886 vm,
2028 5818 2105 5873 l4.

1979 4734 2083 4789 usi.

2044 4882 2242 4938 Deinde
2261 4882 2538 4939 mendicus
2568 4884 2658 4940 ille
2684 4885 2985 4952 orationem
3013 4887 3238 4942 eﬂundit
3266 4905 3362 4959 pro
3385 4904 3518 4958 pau-

1974 4975 2190 5047 peribus
2217 4974 2301 5027 sui
2329 4973 2619 5039 similibus,
2651 4975 2717 5029 de
2741 4975 2936 5043 quibus
2968 4974 3081 5029 hazc
3108 4978 3300 5033 tradit:
3329 4996 3347 5028 ‹
3371 4977 3516 5035 Beati

1972 5077 2233 5136 pauperes
2285 5062 2504 5131 spiritu,
2560 5062 2814 5133 quoniam
2863 5062 3104 5132 ipsorum
3159 5076 3242 5121 est
3294 5082 3516 5136 regnum

1972 5154 2230 5210 caelorum
2264 5152 2329 5209 '9.
2359 5172 2377 5204 »
2417 5152 2475 5209 In
2500 5153 2745 5208 oratione
2777 5168 2906 5208 vero
2952 5169 3049 5209 sua
3099 5156 3172 5209 ait
3199 5174 3212 5208 :
3244 5174 3260 5205 ι
3292 5154 3517 5211 Videant

1973 5258 2236 5316 pauperes
2264 5232 2319 5298 et
2344 5244 2604 5300 laetentur.
2637 5261 2656 5293 »
2695 5241 2811 5298 Jam
2846 5256 3020 5312 autem
3045 5253 3515 5316 precaturutqua:

1975 5349 2137 5404 supra
2155 5333 2295 5388 dicta
2318 5343 2444 5391 sunt
2472 5333 2738 5398 eveniant,
2770 5336 2841 5388 ita
2872 5346 3213 5405 utpauperes
3247 5337 3359 5402 isti,
3411 5338 3511 5392 sci-

1974 5429 2096 5482 licet
2132 5426 2381 5496 discipuli
2431 5436 2484 5482 et
2536 5426 2764 5494 apostoli
2816 5427 2921 5492 sui,
2967 5427 3199 5482 videant.
3255 5427 3511 5484 Precatur-

1972 5536 2098 5576 vero
2129 5527 2185 5573 ut
2210 5520 2421 5575 laudem
2466 5518 2609 5572 illam
2636 5520 2805 5573 vitulo
2832 5518 3042 5573 novello
3071 5534 3272 5573 cornua
3304 5517 3506 5585 produ-

1975 5617 2130 5665 cente
2168 5617 2222 5664 et
2261 5609 2487 5680 ungulas
2524 5608 2823 5677 gratiorem
2862 5608 3215 5685 conspiciant.
3267 5606 3331 5660 Et
3346 5610 3503 5665 ’saue

1982 5721 2003 5773 ς
2039 5703 2111 5757 Ea
2153 5716 2277 5755 vero
2303 5717 2422 5772 qua:
2478 5716 2693 5755 sursum
2749 5707 2841 5756 est‘
2886 5699 3177 5762 Jerusalem
3209 5700 3371 5755 libora
3395 5711 3500 5765 est,

2197 5821 2236 5851 "
2271 5818 2453 5873 Matth.
2512 5832 2657 5883 xxvi,
2704 5816 2789 5871 59.
2885 5817 2932 5851 "
2980 5816 3164 5871 Matth.
3192 5832 3356 5883 xxvii,
3407 5815 3497 5887 20.
