4300 6400
807 488 913 544 763

1474 479 1744 537 EUSEBlI
1776 477 2253 550 CESABIENSIS
2289 476 2439 535 OPP.
2480 474 2662 531 PARS
2699 473 2787 531 Ill.
2828 505 2894 515 -—
2924 469 3349 527 EXEGETICA.

3913 472 4018 529 τω

805 604 1061 679 quoniam
1102 601 1276 658 oratio
1334 599 1452 669 ejus
1494 598 1768 655 diuturnis
1814 607 2001 668 postea
2025 596 2357 666 temporibus

2460 595 2637 648 θεῖσαν
2656 591 2819 646 αὑτοῦ
2847 593 3048 644 αἰνεσιν
3067 590 3162 660 τήν
3184 589 3322 659 ὑπὲρ
3348 604 3544 658 μοσχον
3561 588 3677 643 νέον
3691 588 3792 642 τὸν
3811 589 4019 662 κέρατα

804 698 1053 756 effectum
1075 702 1367 748 consecuta
1420 698 1524 754 est,
1557 691 1743 745 beatos
1794 688 2118 759 praedicabat
2139 704 2233 743 eos
2264 687 2357 757 qui

804 789 995 843 talium
1047 800 1229 840 rerum
1289 782 1598 852 spectaculo
1631 780 1832 850 dignati
1878 788 2283 849 essentzquare
2304 778 2357 831 in

805 876 1112 939 Evangeliis
1140 871 1421 941 discipulis
1451 871 1566 936 suis
1586 870 1789 924 dixisse
1810 868 2066 923 scribitur
2090 885 2103 922 :
2140 885 2159 919 ι
2180 865 2359 921 Vestri

803 978 984 1023 autem
1046 966 1186 1021 beati
1211 964 1374 1025 oculi,
1428 963 1555 1031 quia
1604 962 1825 1027 vident;
1864 968 1918 1014 et
1947 975 2108 1014 aures
2143 966 2357 1023 vestrae,

807 1063 934 1131 quia
966 1060 1193 1115 audiunt
1246 1058 1310 1108 ‘°.
1348 1076 1367 1110 ι
1403 1055 1527 1111 Haec
1580 1034 2007 1125 quippe'allinia,
2041 1051 2167 1105 huic
2216 1051 2360 1105 dicto

803 1160 979 1218 erant,
1026 1147 1297 1204 «Videant
1348 1162 1619 1218 pauperes
1649 1186 1665 1208 ,
1714 1145 2101 1215 et'laetentur;
2135 1142 2359 1212 quaerite

803 1244 994 1305 Deum,
1023 1253 1076 1297 et
1116 1242 1257 1297 vivet
1292 1241 1472 1295 anima
1508 1245 1713 1294 vestra.
1750 1257 1767 1289 ι
1811 1234 1948 1290 Cum
1988 1249 2084 1304 pro
2110 1234 2360 1304 pauperi-

802 1336 906 1391 bus
946 1339 1213 1404 rogasset,
1271 1332 1419 1401 ipsos
1478 1329 1693 1384 demum
1757 1328 2071 1397 alloquitur,
2120 1325 2359 1395 ipsisque

804 1433 967 1487 vitam
998 1430 1307 1489 denuntiat,
1365 1442 1474 1482 non
1532 1441 1841 1496 corporum,
1888 1424 1983 1480 sed
2008 1424 2309 1478 animarum
2342 1441 2353 1475 :

803 1538 967 1594 quam
1000 1522 1069 1576 ab
1102 1521 1237 1590 ipsis
1266 1518 1432 1574 Deum
1460 1518 1827 1587 quaerentibus
1846 1515 2215 1585 reperiendam
2238 1530 2359 1569 esse

806 1612 1113 1684 pollicetur,
1163 1610 1293 1664 talia
1356 1608 1585 1663 fatuszr
1615 1606 1849 1673 Qu:erite
1874 1606 2063 1670 Deum,
2112 1613 2166 1659 et
2216 1604 2359 1659 vivet

807 1704 988 1758 anima
1020 1710 1216 1757 vestra.
1249 1720 1269 1755 ι
1303 1698 1447 1756 Fons
1476 1700 1676 1769 quippe
1724 1699 1847 1752 vita:
1870 1711 2037 1767 penes
2070 1695 2221 1749 illum
2252 1702 2355 1749 est.

805 1794 1167 1860 Quamobrem
1190 1792 1380 1849 iisdem
1419 1790 1750 1861 pauperibus
1771 1787 2033 1859 praecipit,
2068 1794 2149 1851 ut,
2179 1786 2358 1840 omnia

807 1895 1211 1957 postponentes,
1249 1886 1399 1939 illum
1454 1884 1557 1938 fide
1594 1878 1843 1951 bonaque
1874 1895 1970 1950 spe
2021 1879 2213 1933 muniti
2239 1892 2360 1948 per-

2462 686 2758 757 ἐκφέροντα
2817 685 2909 739 καὶ
2958 682 3155 745 ὁπλάς..
3181 682 3289 734 Καὶ
3326 681 3390 752 δὴ
3439 681 3816 753 πληρουμένης
3853 683 4019 739 αὑτοῦ

2460 776 2559 846 τῆς
2586 775 2751 845 εὐχῆς
2788 776 3019 845 μακροῖς
3047 772 3269 841 ὕστερον
3301 770 3532 841 χρόνοις,
3566 770 3865 842 ἐμακάριζε
3895 773 4018 837 τοὺς

2462 864 2894 936 κατηξιωμένους
2937 865 3035 934 τῆς
3076 862 3183 915 τῶν
3232 863 3570 933 πραγμάτων
3623 862 3769 926 θέας·
3829 861 3911 915 διὸ
3963 865 4020 915 tv

2462 958 2808 1026 Εὑαγγελίοις
2836 957 3243 1027 ἀναγέγραπται
3288 958 3403 1019 τοῖς
3434 952 3891 1027 αὐτοῦνμαθηταῖς
3939 958 4021 1009 εἰ·

2462 1049 2594 1103 πών·
2629 1069 2649 1101 ‹
2682 1049 2859 1119 ’Υμῶν
2886 1049 2943 1101 δὲ
2976 1049 3299 1121 μακάριοιοὶ
3328 1047 3709 1119 ὀφθαλμοὶ,ὃτι
3742 1046 4020 1117 βλέπουσι,

2461 1140 2555 1192 καὶ
2581 1140 2648 1191 τά
2672 1134 2784 1191 ὦτα
2816 1138 2989 1208 ὑμῶν,
3018 1139 3099 1191 ὅτι
3129 1137 3435 1191 ἀκούουσι.»
3493 1136 3679 1191 Ταῦτα
3724 1137 3834 1206 γὰρ
3877 1136 4021 1207 σύμ-

2460 1249 2610 1301 φωνα
2639 1227 2706 1300 ἦν
2738 1229 2815 1299 τῷ
2838 1231 3065 1300 φήσαντι
3103 1229 3262 1300 λόγῳ
3314 1248 3333 1281 ι
3370 1229 3642 1283 Ἰδέτωσαν
3690 1230 3895 1299 πτωχοὶ
3926 1228 4021 1282 καὶ
4107 1250 4111 1255 ·

2460 1320 2929 1392 εύφρανθήτωσαν·
2964 1319 3294 1389 ὲκζητήσατε
3314 1319 3402 1371 τὸν
3432 1319 3585 1384 Θεὸν,
3612 1318 3712 1371 καὶ
3736 1317 3960 1389 ζήσεται
3982 1318 4019 1389 ή

2458 1410 2600 1481 ψυχὴ
2635 1411 2837 1481 ὑμῶν.»
2892 1409 3201 1479 Εύξάμενος
3247 1408 3384 1480 ὑπὲρ
3414 1408 3521 1461 τῶν
3583 1407 3843 1477 πτωχῶν,
3883 1406 4021 1479 πρὸς

2458 1504 2652 1565 αὐτοὺς
2672 1502 2854 1554 λοιπὸν
2880 1504 3108 1554 ποιεῖται
3149 1500 3238 1552 τὸν
3292 1498 3467 1567 λόγον,
3524 1498 3931 1568 εὐαγγελίζεται
3959 1516 4022 1552 τε

2458 1596 2637 1658 αὐτοῖς
2670 1594 2811 1665 ζωήν
2836 1594 2895 1647 ού
2926 1592 3213 1667 σωμάτων,
3265 1591 3399 1645 ἀλλὰ
3429 1592 3635 1664 ψυχῶνο
3692 1593 3787 1647 καὶ
3816 1590 4033 1663 ταύτην

2459 1689 2641 1751 αὐτοῖς
2671 1686 3058 1757 εὑρεθήσεσθαι
3093 1686 3423 1757 ὲκζητήσασι
3448 1686 3537 1739 τὸν
3568 1685 3700 1740 Θεὸν
3744 1684 4021 1755 ἐπαγγέλ-

2459 1781 2624 1834 λεται·
2659 1779 2737 1832 διό
2767 1796 2915 1850 φησι-
2949 1799 2967 1831 ι
2990 1779 3354 1851 Ἐκζητήσατε
3381 1779 3471 1832 τὸν
3490 1777 3639 1844 Θεὸν,
3674 1779 3769 1833 καὶ
3794 1777 4022 1850 ζήσεται

2459 1873 2491 1941 ή
2531 1869 2673 1939 ψυχὴ
2696 1869 2867 1939 ὑμῶν.
2903 1888 2922 1920 ι
2973 1870 3129 1939 Πηγὴ
3185 1869 3293 1940 γάρ
3336 1867 3477 1939 ζωῆς
3530 1870 3658 1940 παρ’
3701 1868 3870 1939 αὐτῷ.
3928 1870 4022 1924 Διὸ

804 1978 1053 2049 quirant;
1086 1979 1161 2035 ita
1191 1978 1337 2034 enim
1374 1990 1468 2031 eos
1499 1976 1609 2029 vita
1650 1974 1845 2027 animae
1880 1974 2118 2027 victuros
2142 1971 2361 2041 pollice-

2462 1965 2638 2021 πάντα
2669 1963 2895 2034 δεύτερα
2917 1962 3171 2033 θεμένους
3225 1962 3348 2026 τοὺς
3398 1962 3719 2034 εἰρημένους
3749 1962 4018 2034 πτωχοὺς,

804 2078 933 2125 tur:
963 2070 1031 2125 de
1077 2085 1185 2141 qua
1234 2069 1347 2123 vita
1380 2068 1514 2121 haec
1573 2064 1863 2136 Apostolus
1921 2063 2144 2118 docuit:
2186 2061 2357 2115 «Nam

806 2162 919 2221 vita
972 2169 1154 2217 vestra
1207 2158 1524 2215 abscondita
1575 2165 1659 2211 est
1698 2171 1821 2210 cum
1873 2154 2095 2209 Christo
2139 2154 2194 2207 in
2228 2151 2355 2207 Deo.

803 2250 941 2307 Cum
964 2257 1151 2304 autem
1184 2248 1435 2304 Christus
1479 2247 1789 2317 apparuerit
1838 2245 1950 2299 vita
1999 2253 2195 2307 vestra,
2230 2251 2361 2295 tunc

804 2355 863 2399 et
913 2356 1010 2397 vos
1045 2356 1168 2396 eum
1200 2341 1293 2395 illo
1337 2337 1672 2410 apparebitis
1720 2337 1773 2390 in
1822 2335 1991 2406 gloria
2016 2334 2080 2387 “.
2121 2353 2140 2385 ι
2167 2333 2359 2388 Postea

805 2433 1021 2489 subdit:
1059 2451 1078 2483 ι
1098 2431 1363 2499 Quoniam
1380 2430 1657 2486 exaudivit
1709 2441 1969 2499 pauperes
1995 2426 2277 2489 Dominus,
2305 2433 2361 2479 et

806 2524 1014 2580 vinctos
1036 2540 1166 2579 suos
1188 2539 1294 2577 non
1323 2523 1588 2592 despexit.
1628 2541 1646 2573 ι
1680 2520 1780 2573 Hic
1817 2534 2035 2573 rursum
2055 2558 2069 2581 ,
2108 2516 2361 2571 «exaudi-

806 2616 905 2679 vit,
932 2636 951 2667 ι
987 2630 1105 2686 pro,
1143 2633 1161 2665 ι
1190 2614 1475 2678 exaudiet;
1516 2634 1534 2665 ι
1569 2621 1622 2669 et
1650 2654 1665 2679 ,
1703 2632 1720 2663 ι
1752 2626 1856 2665 non
1892 2610 2158 2681 despexit,
2186 2628 2204 2660 ι
2240 2622 2357 2678 pro,

812 2719 833 2751 ι
870 2716 978 2754 non
1000 2700 1282 2770 despiciet,
1311 2720 1329 2753 ι
1364 2701 1566 2755 dictum
1589 2709 1691 2755 est.
1723 2698 1857 2754 Cum
1875 2699 1987 2769 jam
2016 2700 2163 2753 enim
2192 2696 2359 2751 dixis-

805 2800 909 2855 set,
945 2808 964 2841 ι
991 2790 1223 2858 Quaerite
1252 2789 1441 2856 Deum,
1489 2800 1543 2846 et
1583 2790 1727 2845 vivet
1777 2791 1957 2845 anima
2001 2798 2219 2852 vestra;
2252 2808 2269 2839 ι
2297 2786 2361 2841 li-

804 2884 997 2938 denter
1029 2884 1127 2947 ait,
1171 2884 1414 2953 quaerite,
1468 2882 1725 2953 quoniam
1778 2880 2031 2937 exaudiet
2074 2894 2355 2951 pauperes.

804 2973 989 3045 Neque
1008 2975 1149 3029 enim
1179 2972 1627 3043 voluptariorum,
1652 2973 2010 3042 superborum
2035 2980 2088 3026 et
2107 2984 2361 3040 arrogan-

806 3068 943 3138 tium
992 3065 1133 3120 Deus
1160 3072 1277 3131 est;
1312 3064 1406 3119 sed
1450 3064 1734 3119 humilium
1767 3072 1819 3120 et
1852 3069 2187 3133 pauperum:
2215 3060 2361 3127 Qua-

805 3168 1026 3229 propter
1041 3158 1239 3213 dicitur
1271 3174 1283 3210 :
1322 3175 1340 3208 ι
1372 3154 1432 3210 In
1458 3171 1619 3226 quem
1651 3158 1956 3225 respiciam,
1994 3155 2102 3209 nisi
2129 3154 2183 3208 in
2206 3168 2361 3208 man-

807 3259 1024 3305 suetum
1056 3258 1108 3305 et
1150 3250 1406 3313 humilem
1458 3255 1513 3304 et
1543 3250 1782 3319 quietum
1812 3256 1867 3304 et
1902 3257 2219 3302 trementem
2241 3262 2361 3302 ser-

2459 2054 2703 2126 ὲκζητείν
2726 2056 2885 2111 αὑτὸν
2915 2057 3235 2127 προστάττει
3266 2056 3402 2127 μετά
3436 2056 3667 2119 πίστεως
3692 2056 3785 2110 καὶ
3809 2056 4022 2127 ἀγαθῆς

2457 2144 2685 2208 ἐλπίδος·
2748 2144 3007 2209 ζήσεσθαι
3058 2146 3163 2216 γὰρ
3196 2146 3389 2211 αὐτοὺς
3456 2145 3850 2215 ἐπαγγέλλεται
3876 2143 4023 2218 ζωὴν

2456 2236 2651 2307 ψυχῆς,
2715 2236 2839 2309 περὶ
2892 2232 2958 2308 ἦς
3003 2239 3093 2289 καὶ
3118 2239 3147 2290 ὁ
3191 2236 3507 2301 Ἀπόστολος
3538 2237 3784 2293 ἐδίδασκε
3808 2236 4016 2306 λέγων·

2464 2348 2481 2379 ι
2506 2330 2567 2380 Ἡ
2596 2328 2702 2399 γὰρ
2732 2328 2841 2397 ζωὴ
2865 2328 3015 2398 ὑμῶν
3047 2328 3347 2399 κέκρυπται
3383 2328 3477 2381 σὺν
3509 2327 3585 2398 τῷ
3617 2327 3834 2400 Χριστῷ
3865 2330 3922 2381 tv
3943 2328 4021 2399 τῷ

2458 2421 2595 2492 Θεῷ.
2640 2422 2803 2474 Ὅταν
2832 2424 2859 2474 ὁ
2899 2420 3126 2492 Χριστὸς
3182 2421 3523 2492 φανερωθῇή
3553 2419 3665 2492 ζωὴ
3700 2421 3871 2492 ὑμῶν,
3898 2422 4019 2475 τότε

2459 2515 2551 2568 καὶ
2582 2515 2737 2584 ὑμεῖς
2767 2514 2861 2566 σὺν
2884 2514 3030 2584 αύτῷ
3060 2513 3502 2585 φανερωθήσεσθε
3533 2516 3591 2567 tv
3642 2514 3787 2588 δόξῃ.
3828 2535 3847 2567 ι
3909 2512 4017 2569 Εἶτ’

2459 2606 2713 2673 ἐπιλέγει-
2762 2604 2915 2658 (Ὅτι
2961 2606 3240 2676 εἰσήκουσε
3280 2605 3388 2659 τῶν
3436 2608 3682 2679 πενήτων
3728 2609 3756 2660 ὁ
3794 2606 4017 2678 Κύριος,

2458 2698 2550 2750 καί
2581 2700 2704 2762 τοὺς
2725 2697 3125 2768 πεπεδημένους
3146 2697 3311 2751 αὑτοῦ
3336 2699 3434 2751 οὐκ
3460 2698 3798 2765 ἑξουδένωσε.
3813 2719 3830 2750 ι
3850 2698 4020 2753 Πάλιν

2457 2788 2513 2842 δὲ
2545 2789 2818 2842 κάνταῦθα
2844 2788 2926 2851 τὸ,
2964 2808 2981 2839 ι
3011 2790 3379 2857 εἰσήκουσεν,ι
3418 2789 3537 2843 ἀντὶ
3582 2789 3699 2853 τοῦ,
3728 2808 3746 2841 ι
3775 2788 4020 2843 εἰσακού-

2459 2896 2629 2939 σεται,
2652 2900 2668 2930 ι
2686 2879 2915 2950 εἴρηται,
2933 2878 3026 2932 καὶ
3051 2879 3129 2942 τὸ,
3168 2898 3185 2930 ι
3218 2880 3315 2934 οὐκ
3334 2879 3703 2946 ὲξουδένωσεν,
3730 2899 3746 2931 ι
3768 2879 4018 2943 ἀντὶτοῦ,

2464 2989 2483 3020 ι
2511 2972 2609 3024 οὐκ
2635 2970 3025 3035 ὲξουδενὼσει.»
3066 2968 3346 3042 Προειπὼν
3377 2970 3505 3042 γὰρ,
3549 2990 3568 3023 ι
3594 2973 3869 3043 Ζητήσατε
3928 2970 4019 3026 τὸν

2458 3060 2609 3124 Θεὸν,
2640 3061 2734 3113 καὶ
2765 3059 2986 3131 ζήσεται
3012 3059 3212 3131 ἡψυχὴ
3242 3059 3447 3130 ὑμῶν,›
3492 3061 3834 3133 θαρσούντως
3863 3064 4018 3135 φησὶ,

2459 3154 2755 3226 Ζητήσατε,
2784 3154 2865 3206 δτι
2918 3154 3287 3208 εἰσακούσεται
3343 3152 3451 3207 τῶν
3477 3156 3744 3225 πενήτων.
3784 3155 3858 3209 Ού
3910 3156 4020 3230 γὰρ

2452 3230 2783 3315 τρυφώντων
2809 3244 2954 3297 ἔστιν
2979 3245 3009 3296 ὁ
3039 3244 3190 3308 Θεὸς,
3218 3243 3335 3296 οὐδὲ
3360 3244 3679 3315 ἐπηρμένων
3701 3245 3795 3299 καὶ⁸
3826 3244 4019 3311 ἀλαζο⁴

808 3356 997 3398 mones
1036 3356 1182 3397 meos
1218 3340 1295 3394 “?
1332 3350 1351 3392 ι
1386 3339 1611 3397 Fiducia
1652 3342 1816 3413 igitur
1858 3340 2110 3395 instructi
2141 3340 2362 3407 quaerite

2464 3334 2781 3404 νευομένων,
2806 3334 2939 3389 ἀλλά
2988 3335 3259 3390 ταπεινῶν
3310 3336 3401 3388 καὶ
3454 3336 3717 3407 πενήτων.
3752 3337 3843 3390 Διὸ
3874 3340 4024 3411 εἰρη-

810 3431 1001 3495 Deum,
1028 3432 1181 3502 gnari
1209 3430 1491 3489 Dominum
1524 3448 1622 3488 vos
1661 3446 1925 3501 pauperes
1957 3430 2357 3493 exauditurum,

806 3534 863 3579 et
896 3526 1103 3580 vinctos
1122 3540 1252 3581 suos
1284 3542 1391 3580 non
1428 3526 1809 3594 despecturum
1832 3536 1990 3588 esse;
2023 3522 2138 3578 sive
2165 3535 2377 3577 secunw

807 3613 938 3667 dum
996 3612 1417 3681 Symmachum:
1451 3634 1468 3664 ι
1500 3613 1566 3667 Et
1602 3614 1813 3667 vinctos
1873 3626 2003 3667 suos
2057 3622 2165 3667 nan
2210 3613 2363 3682 parvi

812 3704 1021 3759 faciet.»
1051 3702 1169 3769 Quo
1190 3712 1348 3775 pacto
1375 3713 1552 3759 autem
1567 3705 1619 3757 lii
1648 3718 1932 3773 pauperes,
1950 3702 2111 3756 vincti
2139 3711 2193 3758 et
2212 3718 2357 3758 com-

811 3794 974 3863 pediti
1009 3792 1501 3865 fuerintintelliges.
1526 3797 1571 3850 si
1594 3782 2033 3851 Paulum'andias
2063 3796 2359 3853 dicentem:

818 3905 835 3935 ι
858 3883 1058 3939 Paulus
1085 3885 1298 3940 vinctus
1326 3884 1454 3941 Jesu
1501 3886 1705 3941 Christi
1731 3884 1775 3915 ⁸³
1801 3902 1814 3938 :
1840 3904 1858 3936 ι
1887 3900 1951 3938 ac
1984 3884 2237 3941 similiter
2286 3902 2365 3942 re-

814 3977 946 4045 liqui
1007 3976 1258 4047 discipuli
1309 3993 1409 4047 pro
1444 3978 1647 4033 Christi
1684 3977 1881 4031 vinctis
1928 3976 2179 4054 habendi.
2224 3977 2365 4043 Quin

701 4062 707 4067 ’
807 4069 972 4123 etiam
1009 4068 1044 4122 ii
1075 4070 1168 4137 qui
1198 4070 1253 4124 in
1284 4071 1631 4124 tabernaculo
1658 4068 1944 4141 (corporis)
1974 4071 2129 4139 quasi
2161 4071 2212 4124 in
2247 4072 2363 4125 vin-

810 4159 949 4213 culis
1000 4164 1147 4223 sunt,
1195 4158 1378 4227 lugent
1422 4160 1792 4229 supplicantes
1824 4175 1853 4214 a
1886 4161 2114 4216 vinculis
2175 4162 2311 4230 eripi
2347 4176 2362 4213 :

809 4260 979 4317 quare
1008 4246 1197 4316 dicunt
1224 4264 1236 4299 :
1276 4263 1293 4295 ι
1312 4243 1517 4319 infelix
1531 4260 1629 4316 ego
1652 4246 1833 4311 homo,
1857 4247 1980 4317 quis
2005 4262 2088 4302 me
2118 4245 2367 4301 liberabit

809 4353 878 4392 ex
914 4352 1139 4407 corpore
1190 4335 1382 4397 mortis
1416 4336 1578 4405 hujus
1608 4336 1686 4391 “2
1722 4356 1739 4389 ι
1774 4330 1887 4403 Qui
1921 4354 2050 4409 ergo
2098 4336 2369 4407 corrupti—

811 4428 905 4483 bili
925 4442 1152 4498 corpore
1180 4429 1363 4484 onusti
1394 4435 1540 4495 sunt,
1575 4435 1628 4484 et
1656 4432 2061 4500 corruptionem
2116 4444 2369 4484 aversan—

813 4525 923 4583 tur,
970 4526 1246 4590 gementes
1294 4519 1349 4573 in
1396 4520 1498 4575 hac
1527 4522 1867 4592 corruptibili
1911 4523 2041 4585 vita,
2078 4521 2243 4576 vincti
2274 4520 2365 4574 Dei

814 4615 962 4673 sunt,
996 4618 1049 4665 et
1076 4607 1365 4681 compediti
1388 4612 1527 4680 ejus,
1555 4628 1786 4682 quorum
1826 4613 2235 4683 deprecationes
2257 4625 2364 4664 non

813 4700 1070 4770 despiciet
1090 4716 1263 4771 neque
1285 4702 1643 4758 aversabitur.
1692 4704 1795 4771 Qui
1821 4721 1949 4759 vero
1990 4702 2206 4757 vincula
2264 4714 2363 4756 sua

814 4791 1171 4863 impinguant,
1198 4800 1251 4849 et
1282 4795 1450 4851 nimia
1478 4796 1752 4865 voluptate
1812 4796 2014 4863 fovent,
2048 4795 2215 4851 vincti
2237 4808 2362 4849 cor—

814 4884 1080 4955 ruptionis
1104 4889 1160 4960 et
1191 4890 1381 4942 mortis
1402 4888 1525 4957 jure
1547 4888 1815 4943 dicantur.

2460 3442 2566 3479 ται·
2614 3445 2632 3477 ι
2674 3426 2796 3479 Ἐπὶ
2819 3426 2938 3480 τίνα
2960 3426 3229 3496 ἐπιϐλέψει)
3267 3428 3299 3497 ἢ
3334 3427 3425 3480 ἐπὶ
3456 3427 3547 3481 τὸν
3580 3429 3751 3500 πρᾶον
3785 3429 3880 3482 καὶ
3924 3447 4020 3485 τα-

2462 3518 2663 3583 πεινὸν,
2698 3519 2793 3571 καὶ
2829 3517 3045 3589 ἡσύχιον
3072 3520 3164 3573 καὶ
3191 3518 3460 3591 τρέμοντά
3485 3536 3583 3590 μου
3608 3521 3733 3585 τοῦς
3759 3519 4016 3591 λόγουςςο

2462 3604 2794 3682 Θαρσοῦντες
2826 3592 2917 3664 οὖν
2939 3609 3204 3682 ζητήσατε
3238 3611 3328 3663 τὸν
3377 3611 3527 3678 Θεὸν,
3554 3612 3772 3678 ειδότες,
3801 3615 3882 3668 ὅτι
3912 3618 4023 3669 εισ-

2463 3702 2751 3758 ακούσεται
2799 3702 2949 3774 ὑμῶν
2998 3702 3104 3755 τῶν
3158 3704 3399 3773 πενήτων
3443 3704 3664 3777 Κύριος,
3750 3707 3845 3761 καὶ
3894 3710 4021 3772 τοὺς

2462 3788 2863 3863 πεπεδημένους
2912 3793 3076 3846 αὐτοῦ
3119 3794 3217 3847 οὐκ
3248 3793 3608 3858 ὲξουδενὼσει’
3656 3796 3689 3868 ἢ
3736 3797 3878 3851 κατὰ
3931 3798 4022 3853 τὸν

2463 3885 2772 3955 Σύμμαχον,
2825 3902 2844 3934 ι
2892 3884 3002 3937 Καὶ
3059 3886 3183 3947 τοὺς
3224 3884 3503 3954 δεσμώτας
3537 3887 3662 3950 τοὺς
3706 3889 3897 3943 ἑαυτοῦ
3924 3891 4024 3945 οὐκ

2464 3976 2800 4041 ὲξευτελίσει.
2834 3993 2853 4027 ι
2914 3976 3143 4047 Νοήσεις
3193 3976 3249 4029 δὲ
3306 3977 3452 4041 ὅπως
3512 3978 3563 4030 οἱ
3618 3980 3823 4049 πτωχοὶ
3879 3976 4022 4037 οῦτοι

2463 4068 2733 4138 δεσμῶται
2756 4069 2851 4119 καὶ
2877 4068 3232 4137 πεπεδημένοι
3254 4067 3535 4137 γεγόνασιν
3566 4070 3774 4125 ἀκούων
3810 4073 4023 4128 Παύλου

2466 4157 2733 4223 λέγοντος·-
2790 4175 2806 4206 ι
2862 4156 3068 4219 Παῦλος
3104 4156 3325 4227 δέσμιος
3387 4156 3560 4227 Ἰησοῦ
3614 4160 3869 4231 Χριστοῦ·
3910 4182 3928 4213 ι

2465 4249 2857 4319 παραπλησίως
2898 4248 2993 4301 καὶ
3054 4250 3103 4301 oi
3158 4249 3335 4304 λοιποὶ
3370 4251 3606 4323 μαθηταὶ
3635 4251 3842 4323 δέσμιοι
3882 4249 4022 4326 ἦσαν

2464 4339 2714 4409 Χριστοῦ.
2764 4339 2922 4392 Ἀλλά
2970 4339 3064 4392 καὶ
3096 4342 3144 4393 oi
3191 4341 3341 4405 ὄντες
3387 4344 3444 4396 tv
3494 4343 3570 4415 τῷ
3626 4347 3809 4416 σκήνει
3836 4344 4021 4418 ὥσπερ

2464 4431 2523 4481 tv
2556 4429 2768 4499 δεσμοῖς
2806 4430 2956 4493 ὄντες
2990 4430 3228 4485 στένουσι
3266 4432 3485 4505 λυθῆναι
3528 4434 3637 4489 τῶν
3674 4435 3886 4507 δεσμῶν
3915 4438 4025 4490 lict--

2464 4522 2721 4585 τεύοντες·
2755 4521 2837 4575 διδ
2861 4538 3007 4590 φασιν·
3044 4540 3063 4573 ι
3093 4524 3443 4595 Ταλαίπωρος
3491 4527 3600 4595 ἐγὼ
3620 4527 3920 4597 ἄνθρωπος,
3939 4529 4022 4593 τίς

2471 4632 2537 4687 με
2567 4615 2784 4685 ῥύσεται
2823 4618 2885 4669 ἐκ
2916 4616 3162 4689 σώματος
3216 4616 3307 4671 τοῦ
3344 4617 3570 4672 θανάτου
3628 4619 3816 4673 τούτου
3844 4636 3858 4685 ;
3882 4638 3902 4671 ι
3957 4621 4020 4675 οι

2470 4706 2570 4776 μὲν
2599 4701 2694 4759 οῦν
2726 4706 2787 4759 τὸ
2816 4705 3047 4778 φθαρτὸν
3077 4706 3233 4778 σῶμα
3277 4707 3622 4781 βαρούμενοι,
3662 4710 3754 4763 καὶ
3773 4709 3873 4781 τὴν
3895 4710 4022 4779 φθο-

2469 4795 2568 4867 ράν
2600 4796 3080 4868 ἀποστρεφόμενοι,
3107 4800 3379 4863 στένοντες
3435 4816 3493 4852 τε
3527 4797 3621 4852 ἐπὶ
3675 4797 3754 4869 τῷ
3801 4798 4021 4872 φθαρτῷ

2470 4885 2588 4956 βίῳ,
2617 4886 2885 4957 δεσμῶται
2918 4888 3009 4942 τοῦ
3049 4889 3182 4944 Θεοῦ
3215 4893 3557 4962 τυγχάνουσι,
3591 4890 3686 4943 καὶ
3720 4890 4023 4963 πεπεδημέ-

813 4998 893 5033 νοι
924 4978 1109 5044 αὑτοῦ,
1137 4972 1212 5033 ὧν
1234 4980 1331 5045 τὰς
1353 4983 1516 5053 εὐχὰς
1545 4985 1644 5038 οὑκ
1674 4981 2036 5048 ὲξουδενὼσει,
2074 4984 2195 5037 οὐδὲ
2226 4982 2720 5053 ἀποστραφήσεται.
2762 4983 2825 5035 Οἱ
2849 4984 2906 5036 δὲ
2936 4986 3058 5048 τοὺς
3081 4986 3285 5040 ἑαυτῶν
3310 4984 3540 5056 δεσμοὺς
3568 4984 3887 5053 πιαίνοντες,
3929 4987 4021 5042 καὶ

812 5070 903 5126 διὰ
936 5072 1133 5145 πολλῆς
1163 5075 1373 5149 τρυφῆς
1400 5076 1764 5148 περιέποντες,
1796 5076 2069 5149 δεσμῶται
2102 5077 2307 5150 φθορᾶς
2343 5076 2435 5130 καὶ
2457 5076 2682 5132 θανάτου
2708 5076 2948 5148 λεχθεῖεν
2975 5079 3041 5134 ἂν
3075 5082 3316 5143 εἰκότως.

888 5188 1047 5249 Vens.
1071 5194 1159 5249 55.
1188 5215 1206 5247 ι
1243 5195 1486 5252 Laudent
1524 5198 1672 5253 illum
1715 5199 1837 5255 coeli
1866 5205 1920 5253 et
1949 5205 2111 5265 terra,
2144 5212 2292 5254 mare
2312 5205 2366 5253 et

815 5279 995 5332 omnia
1023 5284 1232 5351 reptilia
1256 5285 1311 5339 in
1333 5302 1416 5342 eo.
1446 5305 1465 5339 ι
1513 5286 1777 5353 Quoniam
1830 5302 2051 5359 regnum
2103 5290 2364 5346 ctelorum

816 5369 1140 5444 pauperibus
1168 5376 1439 5443 pollicitus
1480 5384 1566 5433 est
1622 5377 1706 5434 his
1753 5377 1969 5433 verbis:
2014 5396 2032 5429 ι
2064 5377 2209 5434 Beati
2237 5394 2365 5451 pau-

816 5473 971 5528 peres
994 5461 1205 5531 spiritu,
1237 5468 1492 5535 quoniam
1534 5468 1773 5539 ipsorum
1823 5475 1907 5525 est
1954 5483 2177 5540 regnum
2198 5472 2364 5529 cisio-

816 5565 935 5604 rum
995 5552 1072 5619 ⁶⁸;
1104 5570 1125 5605 ι
1187 5554 1471 5613 admodum
1530 5569 1933 5631 consequenter.
1965 5570 2247 5635 postquam
2297 5563 2364 5619 de

817 5644 1141 5713 pauperibus
1200 5646 1409 5705 locutus
1428 5659 1513 5707 est
1540 5691 1554 5719 ,
1612 5650 1818 5709 infert:
1859 5651 2145 5711 «Laudent
2209 5656 2361 5711 illum

887 5784 1149 5869 '_'_Ila_tth.
1209 5817 1326 5869 xm,
1384 5779 1469 5859 l6.

887 5806 1149 5855 "lauti.
1209 5817 1326 5869 χιιι,
1384 5806 1469 5859 l6.
1580 5806 1864 5864 "Coloss.
1927 5823 2006 5876 ιιι,
2054 5809 2107 5878 3,
2165 5811 2219 5868 ι.

819 5863 866 5899 ⁸⁸
903 5862 1089 5923 llatth.
1120 5884 1170 5936 v,
1199 5871 1251 5925 '5.
1340 5910 1349 5913 ι

2326 5813 2371 5845 ⁸⁸
2422 5809 2528 5869 ιω.
2582 5826 2729 5877 mi,
2783 5811 2838 5867 2.

2545 5217 2565 5250 ι
2607 5198 2983 5256 Αἰνεσάτωσαν
3015 5198 3174 5251 αὑτὸν
3200 5197 3412 5268 οὐρανοὶ
3436 5200 3528 5253 καὶ
3550 5199 3643 5271 γῆ,
3665 5200 3907 5259 θάλασσα
3930 5200 4023 5256 καὶ

2471 5285 2644 5342 πάντα
2671 5286 2741 5341 τὰ
2762 5288 2994 5359 ἓρποντα
3039 5290 3097 5340 tv
3148 5288 3337 5358 αὐτῇ.»
3393 5288 3608 5363 Ἐπειδὴ
3635 5295 3743 5357 τοῖς
3791 5297 4020 5365 πτωχοῖς

2468 5378 2827 5449 επηγγεῑλατο
2851 5377 3124 5448 βασιλείαν
3179 5378 3422 5451 οὐρανῶν
3464 5381 3653 5447 εἰπὼν,
3686 5401 3707 5436 ι
3748 5384 4021 5455 Μακάριοι

2467 5473 2516 5525 οἱ
2537 5474 2739 5544 πτωχοὶ
2770 5472 2849 5543 τῷ
2875 5472 3160 5544 πνεύματι,
3199 5473 3279 5527 δτι
3316 5473 3494 5547 αὐτῶν
3530 5476 3675 5531 ἔστιν
3714 5478 3748 5548 ή
3778 5473 4021 5546 βασιλεία

2468 5563 2574 5618 τῶν
2593 5564 2887 5643 οὐρανῶνοι
2922 5564 3123 5637 σφόδρα
3143 5564 3446 5629 ἀκολούθως
3476 5566 3615 5637 μιτά
3643 5566 3733 5621 τὸν
3761 5566 3889 5639 περὶ
3915 5564 4020 5621 τῶν

2468 5658 2714 5730 πενήτων
2735 5658 2889 5726 λόγον
2912 5656 3182 5728 ιπιφὲρειδ
3216 5674 3237 5708 ι
3274 5657 3649 5713 Αἱνεσάτωσαν
3674 5656 3833 5715 αὑτὸν
3860 5659 4019 5728 οὐρα.-

2948 5814 2999 5888 ξι·
3040 5814 3265 5869 Philem.
3308 5826 3347 5877 ι,
3380 5797 3431 5867 ιζ
3542 5813 3586 5845 ιι
3611 5810 3766 5870 Rom.
3800 5827 3896 5879 vn,
3927 5811 4014 5869 at.
