4300 6404
233 518 338 575 785

1340 499 1833 559 COMMENTARIA
1857 496 1926 552 ΓΝ
1963 493 2304 550 PSALMOS.

3354 488 3455 559 ’ἔσθ

233 629 366 685 vol.»
419 623 631 694 Ἐπειδὴ
668 620 806 675 κατὰ
845 620 1019 672 πᾶσαν
1050 619 1146 688 τὴν
1184 617 1505 686 οἰκουμένην
1535 615 1675 667 κατά
1729 631 1786 666 τε
1819 619 1859 673 Α
1889 628 1931 666 ει

1745 631 1786 666 τε
1819 619 1859 673 Α
1889 610 2032 666 ςωιί.
2068 628 2085 660 ι
2116 607 2253 673 Quia
2305 619 2432 660 vero
2477 602 2719 658 futurum
2751 606 2976 664 erat,-ut
3008 612 3103 668 per
3148 606 3322 656 toturn
3351 615 3443 656 or-

235 725 337 793 γῆν
365 722 457 774 καὶ
489 717 761 771 Θάλασσαν
787 713 1014 784 ήμελλον
1053 707 1367 778 Ἔκκλησίαι
1389 707 1465 776 τῷ
1506 705 1624 773 Θεῷ
1650 707 1797 758 συνί-

237 812 464 868 στασθαι
493 811 557 862 ἐκ
585 807 690 861 τῶν
740 801 1178 875 προλελεγμένων
1207 797 1455 867 πτωχῶν,
1497 796 1800 858 ἀκολούθως

237 903 618 972 ἐπισυνῆπται,
664 916 679 947 ι
719 896 812 948 καὶ
833 895 903 962 γῆ
961 892 1053 944 καὶ
1095 887 1472 954 θάλασσαδκαὶ
1517 887 1694 964 πάντα
1735 885 1802 938 τὰ

237 961 564 1066 ἐρτιοντα’ἐν
596 990 826 1049 αὐτοῖς.»
850 961 1129 1054 νἝρποντα
1162 981 1216 1032 δέ
1266 979 1359 1031 ἐπὶ
1397 978 1502 1047 γῆς
1554 979 1646 1031 καὶ
1691 961 1795 1029 θα.

238 1065 442 1152 λᾶσσης
467 1077 696 1133 ἐνταῦθα
721 1073 1045 1142 κελευόμενα
1073 1071 1167 1123 σὺν
1196 1065 1404 1138 οὐρανῷ
1421 1066 1514 1118 καὶ
1538 1068 1606 1134 γῇ
1637 1066 1802 1118 αἰνεῖν

239 1174 307 1229 τὰ
335 1174 462 1244 ἐθνη
480 1169 732 1240 τυγχάνει
761 1166 826 1218 τὰ
849 1167 903 1217 ἐν
925 1161 1001 1230 τῷ
1035 1160 1210 1230 θνητῷ
1242 1158 1339 1228 βίῳ
1370 1156 1477 1208 τῶν
1505 1154 1804 1226 ἀνθρώπων

242 1263 484 1336 ἑρπετῶν
499 1261 650 1329 δίκην
679 1259 738 1310 τὸ
756 1252 1085 1307 παλαιὸνέπί
1106 1249 1180 1320 τῷ
1210 1249 1391 1318 στήθει
1420 1247 1511 1299 καὶ
1533 1248 1598 1315 τῇ
1632 1244 1806 1313 κοιλίᾳ

243 1331 599 1425 πορευόμενα.
627 1348 736 1401 Καὶ
758 1344 908 1412 παρὰ
949 1342 1026 1411 τῷ
1069 1341 1266 1408 Ἡσαΐᾳ.
1298 1335 1458 1406 θηρία
1489 1335 1580 1387 καί
1607 1331 1808 1404 ἑρπετὰ

242 1418 585 1514 ἀλληγορικῷ
617 1438 803 1508 τρόπῳ
825 1434 891 1488 τὰ
939 1432 1065 1503 ἐθνη
1105 1430 1385 1500 κέκληται,
1425 1428 1481 1480 ἐν
1531 1418 1611 1487 οἷς
1661 1424 1809 1493 εἰρη-

243 1513 409 1589 ταιογι
437 1532 548 1586 Καὶ
591 1527 1024 1599 συμϐοσκήσεται
1076 1522 1236 1584 λύκος
1307 1517 1444 1591 μετὰ
1494 1516 1671 1585 ἀρνὸς,
1717 1513 1810 1566 καὶ

246 1624 506 1696 πάρδαλις
529 1616 994 1686 συναναπαύσεται
1048 1612 1238 1683 ἐρίφῳ,
1279 1609 1372 1663 καὶ
1392 1607 1525 1659 λέων
1552 1605 1644 1667 ὡς.
1688 1602 1810 1673 βοῦς

248 1695 478 1787 φάγεται
524 1714 720 1784 ἄχυρα.
784 1708 891 1762 Καὶ
933 1704 1140 1760 παιδίον
1187 1703 1378 1772 νήπιον
1429 1697 1518 1750 ἐπὶ
1567 1695 1810 1768 τρώγλην

249 1779 490 1862 ἀσπίδων
526 1779 733 1858 καὶίέπὶ
765 1801 949 1868 κοίτην
976 1795 1211 1864 ἐγγόνων
1253 1791 1490 1848 ἀσπίδων
1541 1788 1635 1859 τὴν
1662 1779 1820 1857 χεῖρα

252 1897 518 1961 ἐπιϐαλεῖ,
545 1897 638 1949 καὶ
659 1896 718 1947 οὺ
763 1892 836 1963 μὴ
865 1890 1263 1957 ἀδικήσουσινοι
1289 1884 1324 1938 ἃ.
1345 1884 1438 1936 καὶ
1453 1877 1817 1953 διερμηνεύων

253 1989 376 2056 ἑξῆς
405 1953 604 2052 όλόγος
644 1953 908 2054 ἐπιφέρει·
947 1998 964 2031 ι
991 1953 1100 2031 Καὶ
1128 1976 1275 2029 ἔσται
1333 1975 1366 2044 ή
1404 1972 1525 2042 ῥίζα
1555 1969 1647 2022 τοῦ
1683 1968 1811 2056 Ἰεσ-
1847 1953 1886 2005 Β

256 2055 344 2132 σαί
367 2077 462 2130 καὶ
497 2077 526 2129 ό
556 2073 905 2140 ἀνιστάμενος
941 2067 1128 2138 ἄρχειν
1173 2061 1360 2128 ἐθνῶν,
1414 2061 1472 2113 ἐν
1512 2056 1658 2125 αὐτῷ
1686 2055 1810 2126 ἔθνη

255 2166 547 2224 ἐλπιοῦσι.ι
575 2162 686 2232 Τῆς
708 2157 800 2213 οὖν
831 2155 1125 2229 μεταόολῆς
1163 2151 1364 2221 ταύτης
1401 2148 1507 2202 τῶν
1538 2144 1703 2199 ἐθνῶν
1723 2145 1814 2197 ἐπὶ

254 2260 320 2331 τῇ
350 2255 447 2310 τοῦ
489 2250 723 2324 Χριστοῦ
755 2247 1024 2320 παρουσίᾳ
1065 2241 1409 2313 γιγνομένης,
1456 2237 1677 2298 εἰκότως
1719 2236 1814 2288 σὺν

255 2327 466 2424 ούρανῷ
527 2345 620 2400 καὶ
665 2346 775 2405 τοῖς
813 2341 930 2394 κατ’
969 2338 1192 2408 οὐρανὸν
1240 2331 1487 2406 ἀγγέλοις
1523 2329 1589 2382 τὰ
1628 2327 1814 2380 ἀποδο-

259 2420 416 2495 θέντα
463 2437 664 2512 ἐρπετὰ
716 2437 881 2488 αἰνεῖν
933 2431 1322 2501 προστάττεται
1375 2425 1464 2477 τὸν
1527 2423 1678 2474 Θεόν.
1729 2420 1818 2471 Διὸ

258 2510 520 2587 λέλεκται·
556 2553 574 2582 ι
603 2526 974 2581 Αἰνεσάτωσαν
1021 2521 1179 2574 αὑτὸν
1224 2516 1437 2589 ούρανοί
1468 2515 1554 2567 καὶ
1595 2513 1687 2582 γῆ,
1727 2510 1820 2563 θά-

259 2624 432 2676 λασσα
465 2622 555 2674 καὶ
603 2618 779 2671 πάντα
818 2614 885 2666 τὰ
938 2612 1176 2682 ἓρποντα
1207 2611 1264 2661 ἐν
1313 2606 1509 2666 αὐτοῖς.
1534 2624 1551 2653 ι
1595 2602 1715 2662 Πῶς
1764 2596 1820 2652 δὲ

260 2714 479 2769 δύναται
510 2711 601 2763 τὸν
629 2707 760 2760 Θεὸν
800 2705 965 2757 αἰνεῖν
995 2701 1062 2754 τὰ
1103 2699 1324 2770 ἑρπετὰ,
1364 2699 1410 2748 εἰ
1453 2696 1525 2765 μὴ
1570 2693 1822 2763 μετάσχοι

263 2806 572 2877 φρονήσεως
600 2800 692 2868 καὶ
747 2795 880 2849 Θεοῦ
937 2793 1221 2862 γνὼσεως;
1273 2788 1478 2842 Οὐκοῦν
1529 2785 1678 2838 θύσει
1723 2783 1820 2855 τὴν

261 2876 451 2954 θυσίαν
479 2895 577 2966 τῆς
612 2890 866 2951 αἰνέσεως
904 2887 997 2939 καὶ
1023 2884 1092 2938 τὰ
1118 2881 1324 2954 ἑρπετά
1347 2897 1361 2944 ;
1391 2880 1511 2934 Ὀτι
1531 2879 1587 2932 δὲ
1614 2876 1819 2948 ἀνθρώ⁶

264 3005 397 3051 πους
425 2987 513 3040 διὰ
546 2983 746 3038 τούτων
779 2981 1090 3040 αἰνίττεται,
1113 2974 1350 3030 διδάσκει
1380 2972 1438 3025 τὸ
1468 2970 1814 3038 Εὑαγγέλιον,

1902 704 2029 757 hem.
2052 701 2106 753 in
2140 711 2284 754 terra
2315 704 2367 751 et
2403 696 2458 750 in
2495 694 2629 748 mari
2661 691 2917 747 Ecclesia:
2963 691 3072 746 Deo
3095 707 3160 746 ex
3195 707 3461 747 memera-

1901 793 1970 847 tis
2003 790 2333 861 pauperibus
2361 787 2844 846 constituerentur,
2883 781 3176 837 secundum
3217 780 3331 834 haec
3363 783 3452 834 ad:

1902 885 2044 938 ditur
2078 901 2090 935 :
2126 892 2236 935 net
2263 887 2407 934 terra
2438 886 2492 932 et
2523 893 2671 932 mare
2709 887 2762 931 et
2784 875 2963 929 omnia
2991 873 3198 942 reptilia
3228 872 3281 925 in
3312 871 3414 925 eis.
3436 890 3455 923 ι

1903 976 2032 1042 Quae
2063 972 2276 1041 reptilia
2308 971 2362 1023 in
2389 977 2533 1024 terra
2555 976 2608 1022 et
2640 970 2694 1022 in
2739 967 2877 1021 mari
2928 982 3031 1019 una
3071 979 3192 1018 cum
3229 973 3374 1016 terra
3409 969 3462 1014 et

1903 1067 2041 1122 cmlo
2081 1064 2302 1126 laudare
2348 1062 2635 1130 iubentur,
2678 1067 2864 1129 gentes
2888 1066 3035 1120 sunt,
3081 1073 3199 1127 quae
3227 1056 3354 1108 olim
3408 1055 3461 1106 in

1906 1157 2118 1212 mortali
2144 1139 2421 1208 hominum
2456 1154 2565 1206 vita
2584 1150 2854 1221 reptilium
2887 1149 3058 1203 instar
3084 1160 3242 1217 supra
3273 1151 3464 1216 pectus

1907 1258 1958 1304 et
2009 1259 2245 1302 ventrem
2278 1245 2682 1316 gradiebantur.
2736 1241 2793 1296 In
2828 1243 2968 1297 Isaia
3013 1255 3230 1310 quoque
3265 1238 3388 1314 fera:
3410 1243 3463 1290 ct

1908 1340 2116 1408 reptilia
2166 1338 2458 1408 allegorico
2490 1351 2639 1391 more
2670 1343 2857 1405 gentes
2892 1340 3173 1396 vocantur,
3226 1345 3350 1385 cum
3379 1330 3460 1388 di-

1908 1435 2049 1487 citur
2080 1451 2093 1486 :
2134 1449 2152 1483 ι
2192 1430 2259 1483 Et
2288 1438 2474 1500 pascet
2498 1429 2656 1498 lupus
2694 1443 2816 1482 cum
2846 1441 3004 1496 agno,
3031 1431 3085 1478 et
3106 1421 3306 1494 pardus
3337 1437 3463 1476 cum

1910 1523 2062 1577 Medo
2090 1521 2396 1583 accubabit,
2439 1528 2492 1573 et
2520 1521 2612 1574 l'co
2647 1519 2806 1588 quasi
2847 1517 2946 1572 bos
2987 1514 3236 1571 comedet
3258 1513 3460 1584 paleas.

1911 1613 1974 1665 Et
2006 1625 2138 1682 puer
2165 1609 2346 1665 infans
2379 1611 2432 1662 in
2465 1609 2670 1663 foveam
2730 1608 2998 1677 aspidum,
3030 1608 3166 1663 etin
3201 1606 3376 1660 cubile
3401 1606 3464 1658 ti-

1914 1706 2107 1758 liorum
2171 1700 2418 1768 aspidum
2475 1713 2693 1752 manum
2746 1699 2984 1766 injiciet;
3017 1707 3076 1754 et
3114 1699 3247 1768 nihil
3274 1696 3468 1752 laedent

1914 1812 2034 1851 eum
2067 1796 2131 1848 “.
2172 1813 2189 1845 ι
2228 1793 2358 1858 Quae
2398 1793 2500 1846 sub
2531 1792 2643 1845 haec
2681 1791 2959 1861 explicans
2988 1790 3187 1844 infert:
3221 1808 3239 1841 ι
3267 1788 3333 1842 Ει
3365 1787 3471 1843 erit

1917 1888 2068 1940 radix
2094 1884 2281 1947 Jessae,
2311 1893 2362 1937 et
2395 1881 2679 1952 quisurgit
2711 1882 2774 1935 ad
2794 1881 3165 1950 imperandum
3193 1881 3467 1951 gentibus,

1918 1971 1970 2023 in
1998 1985 2119 2023 eum
2154 1977 2340 2039 gentes
2379 1967 2752 2037 sperabunt".
2786 1985 2804 2017 ι
2843 1965 3011 2019 Tanta
3032 1966 3198 2035 igitur
3225 1965 3466 2034 gentium

1915 2061 2213 2114 mutatione
2243 2060 2295 2112 in
2328 2060 2558 2112 adventu
2591 2058 2794 2113 Christi
2816 2056 3022 2122 eﬂ‘ecta,
3041 2058 3160 2124 jure
3183 2070 3306 2110 cum
3329 2054 3474 2112 cado

1916 2151 2056 2204 etiis
2076 2151 2170 2219 qui
2201 2149 2255 2202 in
2292 2147 2446 2203 'coelo
2497 2158 2624 2204 sunt
2673 2149 2886 2224 langelis
2947 2147 3204 2217 pnedicta
3258 2146 3468 2215 reptilia

1920 2241 2082 2294 Deum
2126 2239 2330 2293 laudari
2362 2238 2642 2307 iubentur.
2676 2237 2855 2303 Quare
2882 2237 3086 2290 dictum
3115 2250 3199 2292 est
3225 2255 3238 2291 :
3269 2254 3287 2286 ι
3322 2233 3465 2289 Lau-

1917 2332 2043 2384 dent
2072 2331 2221 2383 illum
2263 2331 2382 2384 cceli
2418 2339 2471 2385 et
2501 2337 2668 2393 terra,
2704 2344 2854 2382 mare
2884 2336 2938 2380 et
2980 2329 3158 2381 omnia
3177 2327 3389 2397 reptilia
3414 2326 3474 2379 in

1917 2424 2015 2476 eis.
2049 2441 2064 2470 ι
2105 2422 2387 2486 Quomodo
2419 2421 2873 2490 possuntreptilia
2901 2418 3068 2472 Deum
3104 2418 3342 2484 laudare,
3365 2417 3477 2474 nisi

1920 2511 2200 2581 prudentia
2231 2520 2285 2566 et
2317 2512 2626 2580 cognitione
2659 2509 2751 2564 Dei
2806 2507 3116 2564 instructa?
3145 2507 3224 2561 An
3258 2507 3475 2578 reptilia

1919 2604 2242 2658 sacrificium
2275 2604 2452 2656 laudis
2498 2601 2761 2657 oﬂerent?
2821 2601 2974 2667 Quod
3033 2601 3316 2670 reptilibus
3364 2599 3468 2655 illis

1920 2693 2165 2748 homines
2192 2695 2621 2757 subindicentur,
2659 2698 2819 2747 docet
2853 2692 3197 2761 Evangelium
3231 2689 3314 2745 bis
3350 2705 3475 2745 ver-

1917 2789 2000 2844 bis
2032 2805 2042 2838 :
2079 2810 2095 2838 ι
2126 2785 2408 2842 Genimina
2444 2789 2774 2856 viperarum,
2805 2785 2929 2853 quis
2959 2798 3054 2838 vos
3070 2782 3256 2836 docuit
3285 2781 3474 2850 fugere

1915 2895 1944 2933 a
1981 2887 2204 2933 ventura
2238 2879 2362 2933 ira?
2412 2877 2596 2931 Facite
2643 2891 2769 2946 ergo
2816 2873 3025 2929 fructus
3069 2871 3263 2942 dignos
3299 2871 3473 2941 potni-

1914 2973 2095 3026 tentia:
2117 2971 2180 3023 ⁶³.
2221 2989 2239 3024 ι
3371 2968 3374 2972 ’

264 3085 322 3136 ὲν
417 3079 740 3151 γέγραπταν
789 3095 806 3126 ι
843 3074 1154 3141 Γεννήματα
1180 3067 1420 3139 ἐχιδνῶν,
1441 3066 1524 3129 τίς
1554 3063 1827 3130 ὑπέδειξεν
1862 3065 1986 3136 ὑμῖν
2023 3069 2208 3137 φυγεῖν
2235 3065 2341 3120 ἀπὸ
2366 3065 2462 3136 τῆς
2495 3063 2786 3135 μελλούσης
2812 3060 3013 3135 ὀργῆς
3062 3059 3326 3130 Ποίήσατε
3382 3048 3475 3110 οὗ*

267 3173 511 3246 καρποὺς
541 3171 722 3237 ἀξίους
748 3167 1047 3241 μετανοίας.
1075 3183 1093 3215 ι

344 3293 498 3345 «Ὀτι
516 3288 687 3353 ὁΘεὸς
717 3275 875 3340 σώσει
899 3284 997 3354 τὴν
1025 3283 1181 3345 Σιὼν,
1199 3282 1290 3333 καὶ
1310 3278 1816 3349 οἰκοδομηθήσονται
1841 3284 1884 3342 C
1985 3270 2042 3326 Vi

1771 3294 1816 3329 ιι
1841 3284 1884 3342 c
1985 3270 2151 3326 Vens.
2178 3270 2266 3333 36,
2288 3271 2374 3325 37.
2405 3287 2423 3320 ι
2448 3266 2710 3333 Quoniam
2738 3265 2878 3320 Deus
2901 3230 3102 3318 salvam
3133 3261 3292 3318 faciet
3317 3263 3469 3329 Sion,

269 3387 325 3440 ai.
365 3384 545 3446 πόλεις
576 3381 674 3451 τῆς
730 3377 1038 3439 Ἰουδαίας.ι
1094 3374 1280 3427 Δίτίαν
1327 3372 1613 3427 ἀποδίδωσι
1669 3371 1820 3440 δι’ήν

270 3476 488 3548 οὐρανοὶ
520 3474 615 3529 καὶ
660 3471 732 3539 γῆ
770 3470 862 3522 καὶ
903 3468 1140 3522 θάλασσα
1184 3466 1275 3518 καί
1325 3465 1497 3517 πάντα
1521 3463 1589 3515 τὰ
1626 3463 1684 3513 ἐν
1728 3461 1823 3514 αῦ-

272 3569 380 3630 τοῖς
411 3565 643 3618 αἰνέσειν
697 3562 940 3628 λέγονται
989 3557 1081 3609 τὸν
1122 3555 1369 3608 Θεόν.“Ἡ
1401 3555 1456 3608 δὲ
1488 3555 1634 3608 αἰτία
1680 3553 1823 3606 ἐστὶν

273 3657 432 3727 αῦτη,
477 3673 495 3707 ι
520 3655 641 3725 Ὅτι
671 3655 699 3705 ό
729 3650 860 3712 Θεὸς
891 3648 1052 3702 σώσει
1106 3647 1203 3718 τὴν
1233 3646 1388 3710 Σιὼν,
1413 3646 1507 3700 καὶ
1546 3647 1825 3715 οἰκοδομη-

274 3745 531 3817 θήσονται
569 3742 625 3795 αἰ
682 3739 864 3802 πόλεις
925 3735 1228 3798 Ἰουδαίας.»
1281 3736 1444 3788 Ποίαν
1503 3735 1558 3787 δὲ
1589 3733 1746 3798 Σιὼν,
1790 3735 1824 3805 ἢ

273 3835 510 3909 δηλονότι
538 3833 635 3904 τήν
661 3831 779 3884 καθ’
809 3829 932 3900 ὅλης
953 3829 1048 3899 τῆς
1070 3826 1384 3898 οίκουμένης
1412 3825 1709 3899 ἱδρυθεῖσαν
1731 3824 1826 3878 τοῦ

277 3927 524 3998 Σωτῆρος
566 3922 721 3996 ήμῶν
766 3921 1119 3992 Ἐκκλησίαν;
1145 3920 1330 3992 Πόλεις
1375 3918 1432 3971 δὲ
1477 3918 1728 3998 Ἰουδαίας
1756 3916 1829 3988 μὴ

277 3994 444 4071 ὄκνει⁷
473 3994 650 4085 λέγειν
696 4013 794 4077 τὰς
835 4011 1218 4073 θῖοπνεύστους
1272 4007 1511 4080 Γραφὰς,
1569 4008 1634 4061 δι’
1677 3994 1826 4079 ’ὧνή

292 4108 550 4178 Ἰουδαῖκὴ
580 4104 818 4159 πολιτεία
871 4103 1193 4156 τετύπωται.
1256 4099 1392 4152 Ἀλλ’
1444 4092 1599 4153 αὗται
1636 4098 1732 4168 μὲν
1775 4100 1831 4151 αἱ

281 4197 462 4261 πόλεις
493 4197 817 4268 καθῄρηντο,
849 4194 969 4246 ὅσον
1010 4193 1101 4244 ἐπὶ
1143 4190 1434 4253 Ἰουδαίοις,
1468 4188 1747 4258 οἰκοδομὴν
1775 4189 1831 4241 δέ

282 4289 531 4360 εἰλήφασι
563 4287 648 4340 διὰ
679 4288 778 4357 τῆς
810 4290 866 4338 ἐν
895 4285 1110 4356 Χριστῷ
1141 4285 1332 4353 καινῆς
1361 4283 1725 4345 διδασκαλίας·
1766 4283 1831 4336 δι’

1919 3371 1971 3416 et
2008 3358 2417 3414 aediﬁcabuntur
2445 3356 2694 3409 civitates
2744 3351 2959 3406 Iudaeae.
3004 3371 3022 3402 ι
3061 3351 3290 3407 Causam
3317 3352 3468 3408 eﬂ‘ert

1920 3466 2018 3505 cur
2036 3450 2179 3512 cmli,
2247 3456 2413 3513 terra,
2469 3459 2618 3499 mare
2649 3451 2703 3497 et
2733 3443 2912 3497 omnia
2971 3458 3092 3511 quae
3129 3442 3185 3495 in
3238 3443 3319 3497 eis
3350 3452 3476 3502 sunt

1923 3543 2088 3598 Deum
2117 3541 2399 3596 laudatura
2420 3554 2542 3594 esse
2569 3537 2837 3591 dicantur.
2875 3534 2950 3588 Ea
2985 3548 3112 3588 vero
3135 3541 3217 3588 est
3242 3551 3254 3586 :
3293 3551 3313 3584 ι
3334 3533 3477 3601 Quo-

1923 3636 2068 3689 niam
2106 3633 2244 3687 Deus
2269 3632 2474 3687 salvam
2509 3628 2668 3681 faciet
2698 3625 2852 3690 Sion,
2885 3633 2938 3678 et
2963 3622 3373 3678 mdificabuntur
3396 3638 3478 3677 cn-

1923 3729 2116 3782 vitates
2147 3724 2361 3780 Iudaee.
2385 3741 2403 3773 ι
2437 3720 2607 3786 Quam
2629 3717 2846 3773 Sionem
2866 3716 3030 3779 .dicit,
3056 3714 3158 3769 nisi
3186 3712 3478 3768 Ecclesiam

1929 3815 2233 3873 Servatoris
2267 3811 2438 3867 nostri
2484 3810 2540 3862 in
2575 3815 2688 3861 toto
2716 3806 2846 3860 orbe
2871 3803 3191 3857 fundatam?
3222 3801 3480 3857 Civitates

1930 3914 2106 3961 autem
2140 3903 2336 3959 Judmae
2359 3917 2428 3955 ne
2467 3889 2743 3953 cunéteris
2773 3895 2954 3950 dicere
2982 3892 3244 3947 divinitus
3274 3891 3481 3950 afllatas

1932 3995 2259 4066 Scripturas,
2283 3991 2437 4061 queis
2465 3986 2769 4040 Judaenrum
2804 3981 3109 4051 respublica
3135 3979 3477 4036 informatur.

1933 4087 2037 4143 Sed
2086 4087 2167 4140 hae
2224 4083 2443 4153 quidem
2501 4078 2770 4141 civitates,
2837 4081 3098 4143 quantum
3153 4072 3217 4126 ad
3265 4071 3478 4128 Judaeos

1934 4175 2239 4248 Spectat,de
2261 4171 2436 4227 medio
2468 4169 2692 4223 sublata:
2708 4174 2861 4231 sunt;
2894 4166 2985 4220 sed
3015 4165 3192 4218 denuo
3211 4163 3482 4217 aedificatae

1934 4287 2028 4342 per
2060 4282 2249 4324 novam
2281 4266 2334 4319 in
2353 4264 2568 4318 Christo
2607 4262 2905 4317 doctrinam
2940 4260 3108 4321 fuere,
3146 4264 3249 4327 qua
3277 4264 3329 4311 et
3355 4271 3483 4310 vera

281 4377 349 4451 ἧς
376 4343 470 4430 καὶ
497 4379 529 4448 ή
553 4343 775 4446 ἀληθινή
798 4343 1061 4443 περιτομὴ
1083 4343 1417 4434 συνίσταται,
1458 4371 1550 4425 καὶ
1580 4371 1646 4423 τὰ
1679 4343 1836 4423 πνευ-
1937 4359 1979 4412 Ci

1781 4391 1836 4423 υ.
1937 4355 2275 4412 circumcisio
2328 4352 2602 4416 consistit,
2645 4365 2854 4404 necnon
2891 4348 3192 4418 spiritualia
3226 4343 3478 4404 Sabbata.

286 4441 809 4541 ματικὰέάθὸατα,
854 4441 948 4516 καὶ
990 4441 1059 4516 Ϋαί
1114 4462 1474 4532 πνευματικαί
1521 4463 1696 4514 θυσίαι
1745 4463 1837 4514 καί
1939 4466 1984 4519 SI

1788 4463 1837 4514 αἱ
1939 4446 2242 4519 Spirituales
2269 4446 2460 4500 hostia
2497 4452 2551 4498 et
2575 4442 2755 4498 omnia
2775 4456 2893 4511 qua:
2935 4441 3047 4492 haec
3079 4446 3486 4505 consequuntur

285 4527 462 4612 ῖπάντα
489 4555 695 4618 τούτοις
739 4527 1040 4614 ἀκολούθως
1087 4549 1226 4604 κατὰ
1254 4527 1360 4620 ’τὴν
1411 4548 1702 4618 ἑρμηνείαν
1746 4546 1835 4598 τοῦ
1940 4557 1983 4596 δε

1786 4546 1835 4598 ιῦ
1940 4539 2233 4596 secundum
2283 4536 2776 4605 interpretationem
2833 4532 3129 4602 spiritualis
3178 4531 3328 4600 legis.
3394 4527 3484 4582 Sic

285 4647 650 4720 πνευματικοῦ
677 4645 860 4714 νόμου.
880 4642 1065 4708 Οῦτως
1089 4638 1179 4695 οὖν
1210 4640 1612 4709 οἰκοδομοῦνται
1662 4639 1718 4690 αἱ
1746 4635 1841 4688 πό-
1872 4633 1915 4688 D
1941 4632 1979 4684 it

1788 4635 1841 4688 ό-
1872 4633 1915 4688 D
1941 4632 2120 4700 itaque
2143 4628 2478 4683 aedificantur
2505 4621 2993 4689 civitatesJudaete,
3026 4623 3078 4676 in
3109 4623 3296 4692 eisque
3329 4621 3485 4676 inha-

286 4742 396 4803 λεις
425 4713 522 4810 τῆς
563 4713 835 4796 Ἰουδαίας,
876 4733 970 4799 καὶ
1013 4733 1426 4803 κατοικήσουσιν
1469 4731 1524 4780 ἐν
1567 4728 1754 4789 αὑταῖς
1788 4727 1836 4778 οἰ
1936 4724 1984 4778 bi

1789 4727 1836 4778 οἰ
1936 4724 2184 4778 bitabunt
2215 4723 2361 4776 cives
2393 4727 2446 4773 et
2476 4715 2717 4772 heredes
2753 4716 3142 4786 promissorum
3176 4729 3295 4784 quae
3324 4714 3376 4767 in
3403 4713 3487 4767 di-

287 4802 500 4886 πολίται
522 4827 613 4880 καὶ
629 4828 686 4883 ,οί
717 4821 1036 4893 κληρονόμοι
1066 4819 1172 4872 τῶν
1191 4802 1247 4872 ἐν
1267 4821 1384 4880 ταῖς
1410 4817 1580 4879 θείαις
1599 4816 1838 4886 Γραφαίς
1937 4815 1985 4868 vi

1788 4816 1838 4876 ῖς
1937 4815 2078 4869 vinis
2127 4809 2423 4880 Scripturis
2464 4807 2732 4861 feruntur.
2762 4807 2940 4872 Quare
2966 4805 3172 4859 dictum
3218 4814 3339 4859 est:
3369 4821 3388 4854 ι
3420 4802 3486 4856 Et

289 4918 726 4990 ἐπηγγελμένωνο
752 4915 830 4968 διὸ
861 4913 1128 4967 λέλεκταιο
1164 4929 1184 4961 ι
1216 4911 1325 4963 Καὶ
1353 4907 1839 4979 κληρονομήσουσιν
1935 4904 1987 4957 ἰιε

1787 4920 1839 4956 ιν
1935 4900 2325 4958 ἰιιειιεὰἰιιιιιιιιιι
2357 4898 2521 4950 illam.
2562 4916 2582 4949 ι
2615 4894 2720 4949 Sed
2743 4896 2903 4950 etiam
2937 4911 2955 4945 ι
2995 4909 3177 4948 semen
3209 4906 3485 4948 servorum

291 4983 512 5079 αὐτήνδ
535 4983 716 5061 "sua
752 5009 845 5062 καὶ
906 5025 924 5058 ι
956 5005 1015 5058 τὸ
1043 5003 1262 5074 σπέρμα
1292 5002 1399 5054 τῶν
1447 5001 1644 5054 δούλων
1676 4995 1840 5051 αὐτοῦ
1941 4997 1989 5066 ej

1786 4995 1840 5049 ιῦ
1941 4997 2060 5066 ejus
2080 4991 2374 5066 possidebit
2395 5002 2536 5044 eam.
2564 5007 2582 5041 ι
2615 4987 2765 5044 Servi
2791 4992 2968 5040 autem
2995 4987 3113 5055 ejus
3134 4986 3227 5056 qui
3265 4983 3484 5046 fuerint,

293 5074 603 5165 καθέξουσιν
631 5100 816 5170 αὐτήν.
840 5118 857 5149 ι
912 5096 1092 5149 Δοῦλοι
1125 5093 1182 5145 δὲ
1226 5091 1390 5144 αὐτοῦ
1437 5092 1577 5152 τινες
1605 5087 1669 5141 ἂν
1710 5082 1838 5152 εἷεν,
1947 5087 1991 5142 ni

1794 5104 1838 5152 ν,
1947 5087 2051 5143 nisi
2077 5082 2218 5139 haud
2274 5080 2437 5136 dubie
2481 5077 2777 5135 Salvatoris
2812 5078 2984 5132 nostri
3007 5074 3281 5144 discipuli,
3323 5077 3378 5126 et
3413 5089 3492 5128 se-

292 5191 326 5260 ἢ
352 5164 565 5247 πάντως
589 5187 636 5238 οι
693 5164 787 5238 τοῦ
823 5185 1070 5256 Σωτῆρος
1111 5181 1266 5254 ήμῶν
1318 5178 1587 5250 μαθηται,
1647 5175 1739 5228 καὶ
1782 5174 1844 5226 τδ
1946 5191 1990 5230 ω

1793 5174 1844 5226 εδ
1946 5190 2068 5231 men
2092 5175 2148 5228 in
2169 5170 2426 5227 universo
2451 5173 2581 5225 orbe
2627 5181 2898 5238 sparsum,
2949 5167 3091 5237 quod
3119 5164 3491 5219 haereditatem

297 5279 514 5349 σπέρμα
537 5275 598 5326 τὸ
629 5275 748 5328 καθ’
786 5276 913 5345 ὅλης
962 5276 1059 5344 τῆς
1107 5270 1422 5341 οἰκουμένης
1477 5264 1841 5335 κατασπαρέν,

298 5372 430 5440 ὅπερ
473 5365 569 5436 τὴν
622 5363 978 5435 κληρονομίαν
1027 5364 1126 5434 τὴν
1182 5359 1590 5431 ἐπηγγελμένην
1638 5357 1693 5408 ἐν
1728 5355 1848 5418 ταῖς

299 5460 470 5521 θείαις
495 5456 734 5526 Γραφαῖς
786 5452 1033 5518 καθέξει;
1076 5453 1234 5504 Ἀλλὰ
1264 5441 1389 5504 καί
1419 5466 1436 5498 ι
1464 5450 1511 5500 oi
1533 5445 1848 5514 ἀγαπῶντες

299 5549 357 5602 τὸ
389 5547 560 5615 ὄνομα
585 5540 747 5596 αὑτοῦ
794 5537 1302 5610 κατασκηνώσουσιν
1340 5538 1395 5588 ἐν
1437 5534 1593 5603 αὐτῇ,
1622 5551 1644 5584 ι
1691 5532 1846 5602 δῆλον

302 5642 342 5694 δ’
373 5641 456 5694 ὅτι
485 5641 552 5708 τῇ
573 5636 923 5707 κληρονομίᾳ·
955 5630 1036 5696 οἷς
1080 5632 1414 5703 λεχθήσεταιο
1455 5647 1472 5678 ι
1502 5627 1660 5680 Δεῦτε
1679 5629 1728 5678 οἱ
1757 5627 1844 5678 εῦ-

301 5730 587 5800 λογημένοι
614 5727 707 5783 τοῦ
731 5727 938 5796 Πατρός
974 5741 1094 5796 μου,
1125 5722 1557 5795 κληρονομήσατε
1585 5719 1680 5788 τὴν
1704 5719 1844 5788 ἡτοι-
1876 5757 1882 5765 .

1947 5265 2005 5320 in
2037 5265 2232 5320 divinis
2290 5261 2608 5333 Scripturis‘
2645 5260 2966 5329 promissam
3012 5253 3305 5312 obtinebit?
3339 5253 3454 5310 lmo
3476 5293 3494 5318 ,

1957 5373 1977 5407 ι
2013 5355 2105 5425 qui
2135 5352 2366 5423 diligunt
2417 5365 2613 5406 nomen
2650 5348 2780 5419 ejus‘
2833 5347 3146 5403 habitabunt
3176 5344 3228 5398 in
3278 5360 3363 5409 ea,
3387 5363 3404 5395 ι
3442 5344 3494 5396 id

1950 5455 2054 5509 est,
2106 5444 2162 5499 tn
2212 5459 2275 5499 ea
2295 5441 2638 5500 «hereditate.
2696 5440 2905 5507 Quibus
2961 5437 3208 5491 dicetur:
3241 5432 3490 5494 (Venite,

1950 5534 2213 5590 benedicti
2235 5533 2408 5590 Patris
2434 5534 2557 5596 mei,
2581 5530 2839 5601 percipite
2887 5542 3110 5598 regnum
3143 5525 3297 5580 vobis
3333 5535 3491 5593 para.

1947 5635 2060 5679 tum
2088 5641 2116 5678 a
2148 5626 2549 5682 constitutione
2576 5622 2760 5676 mundi
2790 5621 2854 5672 “.
2907 5639 2925 5670 ι
2966 5617 3118 5684 Quod
3161 5617 3207 5671 si
3251 5610 3489 5668 coelestia

1948 5715 2018 5770 sit
2044 5713 2138 5768 Dei
2167 5714 2356 5772 civitas
2392 5716 2542 5780 Sion,
2582 5712 2646 5768 de
2672 5727 2775 5783 qua
2813 5711 3102 5784 Apostolus
3127 5707 3240 5762 haec
3262 5702 3445 5760 docuit
3470 5717 3488 5753 :

271 5941 276 5946 _
375 5881 548 5937 “Isa.
574 5894 654 5945 ιι,
680 5878 789 5933 6-9.
867 5879 908 5911 "’
932 5879 1064 5934 ibid.
1087 5878 1166 5933 10.
1242 5875 1283 5906 ⁸⁸
1305 5872 1435 5926 Luc.
1471 5886 1552 5938 tu,
1584 5851 1636 5926 8'.
1711 5871 1753 5902 "
1786 5867 1971 5922 Matth.
2002 5882 2123 5931 xxv,
2150 5865 2232 5918 3.1.
