4300 6404
274 517 375 573 769

1377 500 1870 561 COMMENTABIA
1900 499 1967 553 ιΝ
2006 497 2335 552 PSALMOS.

3342 476 3463 560 ’πο

272 632 452 702 ἀλγῶν
482 628 589 701 ἐγώ
614 631 746 701 ειμι,
777 629 811 699 ἡ
845 626 1084 697 σωτηρία
1131 639 1243 685 σου,
1276 624 1305 675 δ
1326 600 1473 686 Θέδς,
1507 617 1822 673 ἀντελάϐετό
1848 628 1891 684 Α
1923 616 1970 669 in

1764 617 1822 670 τό
1848 628 1891 684 Α
1923 616 1976 669 in
1996 614 2243 686 prasenti
2275 576 2457 683 postea
2488 610 2617 665 dicit
2642 629 2657 666 :
2692 628 2712 665 ι
2751 610 2862 683 Ego
2880 626 3008 667 vero
3036 628 3239 678 egenus
3259 622 3311 670 et
3329 627 3461 687 pau-

274 742 409 797 μου·
446 742 465 775 ι
508 721 762 784 ὡσαύτως
797 719 853 772 δὲ
892 719 984 771 xai.
1019 719 1076 770 ὲν
1112 714 1188 784 τῷ
1212 714 1358 786 μετά
1388 715 1569 785 χεῖρας
1617 707 1816 781 προῖὼν

275 804 497 884 φάσκειο
527 831 546 863 ς
586 809 727 880 Ἐγὼ
756 809 812 861 δὲ
847 808 1055 879 πτωχὸς
1086 806 1178 859 καὶ
1209 804 1376 873 πένης
1396 841 1409 866 ,
1453 801 1481 851 ό
1517 799 1666 862 Θεὸς,
1698 798 1819 868 βοή-

261 906 436 976 ’θησόν
463 922 571 975 μοι.
607 922 626 955 ι
653 903 812 955 Ὥστε
846 900 938 953 καὶ
966 898 1051 951 διὰ
1074 896 1231 950 τοῦτο
1265 892 1569 962 ἀναγκαίως
1595 890 1819 961 ἐπιγρά-

277 998 395 1067 φειν
429 1018 445 1048 ι
482 998 562 1060 είς
597 995 656 1047 τὸ
704 993 877 1056 τέλος.
910 1010 929 1044 ι
976 991 1100 1043 Ἐἀν
1155 986 1251 1059 μὲν
1286 982 1377 1039 οὖν
1417 987 1481 1037 ἐκ
1534 980 1818 1054 προσώπου

275 1091 366 1143 τοῦ
398 1088 558 1142 Δαυῒδ
583 1087 810 1155 λέγοιτο,
840 1084 1007 1145 εἴποι..
1042 1081 1106 1134 ἂν
1151 1082 1232 1132 ὅτι
1261 1077 1490 1150 μεγάλου
1527 1074 1820 1145 βασιλεύων

276 1182 490 1245 ἔθνους,
540 1177 743 1249 σφόδρα
799 1172 1194 1233 πλουσιώτατος
1233 1168 1337 1233 ὣν,
1393 1168 1491 1221 ούκ
1533 1166 1715 1236 ἠγνόει
1761 1163 1823 1215 τὸ

276 1273 481 1342 φάσκον
513 1270 717 1339 λόγιον³
749 1286 767 1319 ι
803 1269 949 1336 Ὅσῳ
986 1265 1155 1334 μέγας
1186 1257 1271 1324 εἴ,
1304 1258 1539 1328 τοσούτῳ
1562 1254 1821 1339 ταπεινοῦ

276 1362 527 1426 σεαυτὸν,
558 1363 652 1415 καὶ
691 1356 915 1415 ἐνώπιον
945 1351 1147 1426 Κυρίού
1182 1353 1433 1424 εὑρήσεις
1463 1350 1641 1421 χάριν.
1678 1368 1697 1399 ι
1734 1344 1824 1401 Διὸ

280 1452 675 1525 μετριοφρονῶν
714 1451 807 1503 καὶ
847 1444 1279 1514 ταπεινοφρονιῖη
1311 1444 1404 1495 καὶ
1445 1439 1657 1510 ἀληθῶς
1696 1456 1822 1508 σμιη

276 1544 488 1619 κρύνων
518 1544 705 1598 ἑαυτὸν
726 1583 741 1607 ,
784 1541 878 1595 καὶ
924 1537 1059 1609 πρὸς
1099 1530 1159 1588 τὸ
1204 1534 1426 1605 μέγεθος
1472 1531 1686 1602 ἀφορῶν
1730 1529 1822 1583 τοῦ

278 1638 505 1691 πλούτου
534 1636 634 1705 τῆς
666 1628 1028 1705 χρηστότητος
1058 1627 1150 1681 τοῦ
1172 1625 1305 1679 Θεοῦ
1325 1666 1339 1691 ,
1367 1622 1576 1693 πτωχὸν
1603 1621 1695 1676 καὶ
1729 1621 1824 1674 πέ-

268 1712 413 1801 νητα
461 1727 649 1781 ἑαυτὸν
700 1725 786 1778 διά
831 1723 940 1776 τῶν
985 1717 1355 1792 προκειμένων
1404 1715 1646 1784 ὠνόμασε
1672 1731 1684 1743 ο
1732 1712 1823 1765 καὶ

279 1800 573 1893 ἀρχόμενος
612 1815 667 1869 δὲ
704 1812 796 1866 τοῦ
825 1808 1003 1881 λόγου,
1033 1810 1107 1872 ὼς
1141 1806 1303 1877 μηδὲν
1342 1802 1488 1873 αὑτῷ
1527 1800 1823 1893 suppono:

282 1888 466 1979 μένου,
501 1907 632 1976 μήτε
661 1902 910 1966 πλούτου,
938 1900 1075 1971 μήτε
1111 1895 1400 1967 βασιλείας,
1432 1893 1567 1963 ’μήτε
1606 1891 1703 1961 τῆς
1732 1888 1823 1943 τοῦ

1919 723 2014 777 per
2040 724 2180 774 sum,
2218 706 2376 770 Deus,
2411 703 2601 771 adiuva
2653 718 2758 759 me.
2806 724 2824 757 ›
2858 703 2933 757 Ita
2982 712 3040 758 ut
3088 720 3148 759 ea
3186 706 3252 761 de
3296 720 3462 772 causa

1924 818 1941 849 ι
1974 800 2028 853 in
2074 797 2232 852 ﬁnem
2269 817 2288 849 ι
2341 786 2647 852 necessario
2707 788 3049 850 inscribatur.
3102 796 3255 862 Quod.
3310 800 3356 852 si
3393 812 3465 856 ex

1920 905 2150 961 persona
2184 890 2401 943 Davidis
2433 886 2760 958 proferatur,
2793 888 2942 941 dicas
2974 888 3097 941 licet
3134 889 3305 958 ipsum
3347 904 3465 944 ma-

1920 999 2035 1054 gna
2071 983 2242 1054 gentis
2284 998 2478 1052 regem,
2515 996 2578 1036 ac
2606 981 2931 1037 ditissimum
2958 1020 2971 1042 ,
3022 995 3130 1035 non
3190 981 3467 1050 ignorasse

1888 1086 2097 1129 ‘tamcn
2131 1075 2330 1128 dictum
2383 1073 2560 1128 illud:
2618 1091 2636 1123 ι
2678 1071 2889 1139 Quanto
2944 1072 3116 1138 major
3166 1087 3255 1135 cs,
3315 1079 3468 1126 tanto

1922 1164 2094 1234 magis
2131 1165 2361 1233 teipsum
2410 1163 2667 1227 humilia,
2719 1170 2772 1215 et
2821 1161 2873 1213 in
2918 1168 3208 1228 conspectu
3254 1158 3469 1213 Domini

1923 1257 2163 1310 invenies
2188 1256 2413 1326 gratiam
2441 1256 2529 1307 π’.
2554 1273 2572 1306 ι
2602 1253 2781 1319 Quare
2812 1254 3085 1307 moderate
3117 1260 3169 1306 et
3198 1252 3471 1305 humiliter

1923 1349 2182 1412 sentiens,
2212 1364 2443 1416 vereque
2472 1360 2591 1401 sese
2623 1360 2845 1415 parvum
2891 1352 3165 1414 reputans,
3202 1359 3263 1396 ac
3298 1342 3471 1408 reSpi-

1924 1442 2073 1495 ciens
2104 1439 2526 1510 magnitudinem
2551 1438 2858 1492 divitiarum
2898 1437 3153 1491 bonitatis
3186 1434 3315 1499 Dei,
3351 1449 3474 1503 ege-

1924 1547 2050 1600 num
2085 1546 2143 1585 se
2190 1540 2245 1585 et
2274 1519 2564 1601 pauperem
2620 1530 2676 1582 in
2723 1527 2970 1597 prasenti
3016 1510 3263 1581 vocaviti
3313 1532 3476 1594 atque

1924 1636 2223 1676 sermonem
2255 1620 2493 1682 ordiens,
2527 1632 2590 1671 ac
2624 1618 2669 1673 si
2708 1618 2943 1681 divitia,
2999 1630 3254 1686 regnum,
3310 1617 3477 1671 totius

1924 1713 2102 1783 pepuli
2133 1712 2350 1775 auxilia,
2380 1712 2613 1783 itemque
2652 1709 2859 1779 justitia
2893 1723 2989 1778 per
3033 1708 3477 1763 exercitationem

1924 1809 2252 1880 comparata,
2285 1802 2419 1855 nihil
2449 1802 2551 1857 sibi
2602 1800 2935 1864 conferrent,
2964 1796 3134 1852 solius
3177 1796 3271 1852 Dei
3322 1798 3479 1853 auxi-

1926 1892 2054 1947 lium
2112 1893 2392 1961 expetebat
2448 1892 2679 1949 dicens:
2727 1909 2747 1945 (
2799 1889 2975 1953 Deus,
3036 1888 3091 1943 in
3149 1887 3475 1956 adjutorium

280 1974 480 2062 παντὸς
504 1974 697 2059 -έόνους
727 1993 972 2065 βοηθείας
992 2030 1006 2054 ,
1045 1991 1175 2062 μήτε
1200 1988 1297 2058 τῆς
1337 1984 1396 2049 ἐξ
1423 1984 1703 2054 ἀσκήσεως
1735 1997 1826 2033 πο-
1854 1975 1899 2030 Β
1928 1999 1978 2037 m

1774 1997 1826 2033 ο-
1854 1975 1899 2030 Β
1928 1974 2335 2038 mCumintende
2354 2001 2369 2049 ;
2387 1980 2629 2046 Domine,
2655 1982 2722 2037 ad
2742 1981 3101 2052 adiuvandum
3122 1990 3207 2034 me
3225 1979 3472 2034 festinas

272 2089 556 2161 ,ρισθείσης
597 2084 743 2156 αὐτῷ
784 2080 1142 2151 δικαιοσύνης,
1189 2078 1287 2149 τὴν
1332 2076 1478 2149 παρὰ
1532 2074 1688 2145 μόνου
1737 2070 1829 2161 τοῦ

268 2152 415 2234 ίΘεοῦ
457 2152 910 2251 ﬁdﬁbemv'égﬁtst
925 2172 1095 2241 λέγων
1114 2187 1128 2201 ⁵
1170 2171 1268 2222 «⁷⁸0
1286 2169 1448 2231 Θεὸς,
1476 2168 1554 2231 είς
1578 2164 1674 2236 τὴν
1704 2152 1829 2233 βοή-

278 2272 429 2341 θειάν
458 2287 557 2342 μου
580 2268 829 2341 πρόσχες.
855 2256 1047 2335 Κύριε,
1083 2264 1159 2325 εἰς
1180 2262 1241 2314 τὸ
1261 2258 1521 2330 βοηθῆσαί
1551 2274 1638 2328 μοι
1666 2253 1834 2307 σπεῦσε

285 2378 394 2414 σον.
430 2380 448 2412 ι
495 2358 663 2431 Ὁρῶν
705 2358 762 2411 δὲ
796 2350 1019 2416 πολλοὺς
1064 2350 1540 2420 διαφθονουμένους
1586 2349 1651 2416 τῇ
1694 2342 1832 2397 κατὰ

267 2454 413 2507 ’Θεὸν
436 2450 599 2507 αὑτοῦ
623 2449 867 2521 προκοπῇ
901 2445 994 2498 καὶ
1023 2442 1408 2514 βασκαίνοντας
1434 2439 1596 2495 αὑτοῦ
1624 2440 1689 2509 τῇ
1722 2454 1828 2490 σω-

269 2545 447 2617 ’τηρίᾳ
485 2544 581 2614 τῆς
613 2540 820 2612 ψυχῆς,
867 2534 1170 2607 προσετίθει
1202 2532 1295 2594 τὸ,
1324 2550 1342 2584 ι
1382 2530 1830 2602 Αἰσχυνθήτωσαν
1860 2538 1863 2543 ⁷

270 2638 379 2692 atat
424 2634 840 2703 ὲντραπήτωσαν
890 2629 937 2682 oi
988 2624 1275 2696 ζητοῦντες
1323 2624 1420 2694 τὴν
1470 2623 1644 2693 ψυχήν
1707 2636 1827 2691 μου.

282 2712 815 2791 Ἆποστραφήτωσαν
843 2718 922 2779 είς
952 2714 1018 2769 «ea:
1053 2713 1226 2767 ὀπίσω
1246 2714 1340 2766 καὶ
1367 2708 1831 2779 καταισχυνθήτω-

271 2830 383 2888 ’σαν
413 2816 464 2868 οἱ
497 2810 802 2884 βουλόμενοί
836 2824 925 2879 μοι
961 2808 1125 2861 κακά.
1166 2804 1686 2879 Ἀποστραφήτωσαν
1726 2818 1829 2853 πα-

273 2906 515 2982 τραυτίκα
544 2900 911 2972 αἰσχυνόμενοι
937 2899 986 2951 οἱ
1016 2895 1259 2965 λέγοντές
1290 2910 1410 2965 μοι,
1440 2888 1600 2961 Εὖγε,
1626 2888 1774 2959 εὖγε.
1808 2909 1826 2942 ι

281 2999 382 3054 Διά
398 2996 600 3050 τούτων
614 2994 721 3065 γὰρ
734 2990 979 3062 ὁμολογεῖ
994 2988 1151 3049 αὐτὸς
1174 2986 1269 3056 μὲν
1286 2984 1461 3055 ἑαυτῷ
1488 2984 1562 3055 μὴ
1581 2982 1834 3037 δύνασθαι

282 3088 544 3161 ἀπαρκεῖν
563 3125 577 3150 ,
609 3083 810 3138 δεῖσθαι
845 3080 903 3135 δὲ
933 3080 1029 3143 τῆς
1066 3076 1214 3150 παρά
1255 3076 1348 3130 τοῦ
1370 3076 1671 3148 κρείττονος
1709 3074 1834 3145 βοη-

257 3175 437 3242 ’θείας
454 3193 470 3210 ο
488 3177 599 3243 ὡς,
628 3176 677 3229 εί
712 3173 784 3245 μὴ
810 3172 959 3243 τύχοι
990 3170 1207 3241 ταύτης,
1239 3168 1440 3240 ἔρημος
1467 3165 1717 3237 ἐσόμενος
1743 3165 1836 3217 καὶ

288 3266 740 3339 ἑλεγχϋησόμενος
756 3263 996 3333 ἀσθενὴς
1010 3260 1103 3315 καὶ
1128 3259 1289 3313 πλέον
1302 3259 1451 3312 οὐδὲν
1478 3258 1511 3327 ἢ
1539 3257 1724 3327 θνητὸς
1744 3257 1835 3309 ἀν-

290 3362 536 3431 Θρωπος·
565 3354 765 3419 καϊσῶς
793 3357 839 3409 οἱ
866 3353 1048 3426 ἐχθροὶ
1079 3352 1237 3431 αυτοῦ
1263 3348 1723 3421 ἐπιχαιρεσίκακοί
1758 3364 1838 3399 τι-

286 3424 375 3513 νες
412 3442 565 3512 ὅντες
598 3442 824 3499 ’πεσόντι
1054 3424 1500 3511 ἐπαναϐήσονται.
1542 3438 1605 3492 Εἰ
1631 3437 1685 3490 δὲ
1718 3436 1841 3507 βοη-

283 3537 383 3597 θοῦ
437 3536 588 3611 τῦχοι
636 3537 729 3591 τοῦ
782 3535 937 3601 Θεοῦ,
988 3532 1147 3596 αὐτὸς
1196 3532 1293 3602 μὲν
1355 3530 1503 3583 ἔσται
1546 3527 1837 3610 ἀνώτεροςι

289 3601 549 3704 αἰσχύνην
584 3629 642 3683 δὲ
681 3624 1067 3697 καταχεοῦνται
1106 3625 1155 3675 οί
1192 3601 1292 3691 τῆς
1318 3618 1479 3673 αὑτοῦ
1520 3617 1695 3686 ψυχῆς
1726 3601 1843 3669 ὲπίο

288 3727 498 3788 ϐούλοιο
526 3722 722 3784 οἵτινες
767 3719 850 3787 ἐφ’
878 3716 1080 3787 ἑκάστῃ
1110 3713 1303 3785 πράξει
1327 3710 1465 3764 κατά
1489 3709 1653 3771 πόδας
1676 3705 1839 3761 αὑτοῦ

294 3820 563 3891 βαίνοντες
573 3814 668 3869 καὶ
678 3809 1002 3884 πειρώμενοι
1017 3804 1343 3877 έπιλαμϐάνε
1351 3802 1470 3872 σοαι
1485 3798 1644 3853 αὑτοῦ
1663 3797 1838 3866 λέγειν

286 3889 564 3972 εἰώθασιν,
600 3925 619 3957 ι
648 3899 788 3972 Εὖγε
807 3942 821 3968 ,
853 3896 978 3969 εὖγε
998 3938 1013 3963 ,
1044 3917 1061 3950 ι
1091 3898 1166 3972 ὡς
1186 3895 1251 3949 ἂν
1279 3890 1721 3962 ἐπιτυγχάνοντες
1746 3889 1838 3943 καὶ

286 4006 412 4058 κατ’
439 3999 603 4072 εὐχὰς
634 3997 957 4069 πράττοντες
978 3995 1035 4045 ὲν
1067 3983 1146 4052 οἷς
1175 3988 1335 4042 αὑτὸν
1369 3981 1691 4072 σφάλλεσθαι
1722 3981 1837 4034 ὲνό-

292 4093 467 4165 μιζον.
505 4069 573 4144 iiii
592 4087 647 4142 δὲ
684 4086 776 4139 ἐπὶ
806 4085 897 4137 τὸν
923 4079 1148 4165 Σωτῆρα
1167 4095 1248 4140 τις
1272 4076 1526 4147 ἀναφέροι
1556 4070 1723 4125 ταῦτα
1755 4069 1841 4123 διὰ

286 4161 388 4253 ’τὴν
413 4178 762 4249 ἀποδοθεῖσαν
794 4174 990 4236 αἰτίαν,
1023 4164 1169 4242 ἐρεῖ,
1196 4170 1276 4221 ὅτι
1318 4166 1442 4228 τοὺς
1478 4161 1842 4217 ἐπιϐουλεύον-

289 4252 392 4337 τας
413 4268 579 4324 αὐτοῦ
605 4267 683 4338 τῷ
702 4267 843 4335 λόγῳ
870 4265 962 4318 καὶ
987 4266 1050 4332 τῇ
1079 4258 1412 4329 διδασκαλίᾳ,
1440 4255 1515 4325 τῷ
1534 4271 1594 4307 τε
1623 4252 1841 4324 μεγάλῳ

294 4362 505 4434 σώματι
534 4360 632 4430 τῆς
669 4355 989 4427 Ἐκκλησίας
1026 4349 1186 4405 αὐτοῦ
1227 4346 1444 4420 ϐεωρῷν
1478 4344 1830 4414 ἐπανισταμέ-

1930 2075 2379 2130 Animadvertens
2413 2084 2588 2130 autem
2620 2066 2904 2145 plurimos
2942 2089 3063 2131 esse
3094 2074 3187 2143 qui
3235 2060 3335 2126 suo
3395 2086 3479 2126 se-

1930 2169 2164 2235 cundum
2194 2164 2360 2225 Deum
2391 2165 2674 2237 profectui,
2701 2168 2869 2221 livore
2896 2166 3063 2231 ducti,
3085 2180 3148 2219 ac
3170 2164 3331 2219 saluti
3355 2162 3479 2216 ani-

1929 2274 2030 2313 ma
2054 2272 2164 2313 sua
2207 2256 2527 2321 inviderent,
2557 2258 2703 2311 illud-
2736 2258 2971 2326 adjecit:
3011 2275 3031 2309 ι
3064 2254 3480 2311 Confundantur

1930 2334 1983 2404 et
2010 2357 2354 2404 revereantur
2391 2351 2484 2420 qui
2518 2357 2765 2420 quarunt
2795 2349 3027 2402 animam
3060 2361 3255 2403 meam.
3312 2346 3482 2400 Aver-
3584 2358 3589 2363 ‘

1929 2449 2111 2496 tantur
2157 2450 2455 2497 retrorsum
2501 2450 2555 2497 et
2605 2444 2927 2499 erubescant
2969 2443 3063 2513 qui
3116 2441 3303 2495 volunt
3349 2439 3483 2493 mihi

1929 2529 2087 2581 mala.
2116 2526 2444 2584 Avertantur
2480 2529 2662 2584 statim
2719 2531 3104 2585 erubescentes
3144 2528 3237 2598 qui
3295 2529 3483 2583 dicunt

1928 2619 2080 2683 mihi,
2104 2617 2269 2689 Euge,
2298 2635 2453 2689 euge.
2492 2640 2512 2673 ι
2545 2619 2640 2675 His
2677 2622 2966 2676 conlitetur
2993 2635 3051 2675 se
3078 2634 3187 2674 non
3219 2618 3321 2673 sibi
3349 2620 3486 2675 satis

1928 2725 2068 2773 esse,
2096 2709 2190 2764 sed
2222 2708 2317 2764 Dei
2356 2710 2558 2766 auxilio
2594 2726 2770 2781 egere.
2806 2709 3067 2766 Futurum
3100 2709 3301 2780 quippe
3328 2716 3482 2774 erat,

1931 2800 1977 2856 si
1999 2801 2052 2856 id
2079 2786 2189 2855 non
2210 2812 2652 2872 consequeretur,
2687 2810 2745 2856 ut
2787 2802 3034 2856 desertus
3058 2810 3223 2861 esset,
3244 2816 3311 2855 ac
3334 2802 3486 2855 inﬁr-

1930 2909 2054 2949 mus
2078 2893 2318 2964 nihilque
2340 2893 2508 2964 magis
2530 2909 2690 2963 quam
2721 2895 2962 2948 mortalis
2989 2892 3146 2946 homo
3178 2891 3476 2961 deprehen-

1932 2985 2498 3055 deretur,inimicique
2526 2985 2715 3039 alienis
2734 2984 2889 3039 malis
2920 2983 3238 3053 gaudentes,
3268 2984 3485 3053 lapsum

1937 3092 1994 3133 sc
2020 3076 2261 3133 invasuri
2284 3083 2485 3133 essent.
2523 3074 2581 3132 Si
2624 3091 2754 3131 vero
2788 3076 3085 3145 adjutorem
3134 3073 3301 3129 Deum
3347 3088 3492 3129 ωηο

1937 3170 2248 3239 cisccretur,
2281 3167 2612 3240 superiorem
2646 3172 2713 3223 se"
2735 3167 2847 3223 fore
2877 3167 3172 3237 animaque
3224 3181 3336 3221 sua
3386 3166 3495 3221 ini-

1940 3260 2107 3314 micos
2131 3259 2336 3328 pudore
2364 3258 2626 3319 suli‘usum
2674 3259 2751 3313 iri-
2784 3257 3054 3327 sperabat.
3110 3256 3176 3310 Hi
3221 3256 3365 3312 enim
3424 3254 3493 3310 ad

1941 3350 2149 3420 singula
2180 3360 2327 3419 gesta
2347 3350 2463 3419 ejus
2479 3364 2508 3404 e
2523 3349 2750 3419 vestigio
2772 3350 3079 3404 incedentes
3104 3349 3492 3421 observabant,
3514 3334 3521 3344 ’

1943 3439 2224 3508 ipsumque
2276 3437 2728 3507 comprehendere
2758 3438 3059 3492 studentes
3118 3438 3301 3493 dicere
3345 3439 3495 3494 sole-

1944 3526 2090 3595 bant,
2120 3548 2138 3581 ‹
2179 3528 2325 3599 Euge
2347 3568 2363 3593 ,
2400 3544 2552 3599 euge,
2588 3547 2606 3579 ι
2643 3527 2793 3597 quasi
2835 3542 2889 3581 re
2933 3527 3069 3581 bene
3112 3536 3260 3597 gesta
3304 3537 3361 3582 et
3396 3544 3497 3598 pro

1932 3632 2064 3676 .voto
2095 3620 2439 3682 succedente,
2471 3632 2590 3673 cum
2627 3620 2833 3688 lapsum
2869 3633 2988 3672 cum
3032 3626 3302 3686 putarent.
3340 3616 3496 3685 Quod

1943 3713 1989 3767 si
2014 3712 2136 3782 quis
2163 3713 2277 3766 hac
2306 3710 2372 3765 ad
2407 3711 2736 3765 Salvatorem
2780 3708 2849 3763 ob
2892 3723 3053 3778 super
3078 3704 3330 3763 traditam
3363 3724 3497 3763 can-

1946 3818 2057 3857 sam
2090 3803 2305 3864 referat,
2342 3803 2389 3856 is
2420 3802 2593 3867 dicet,
2640 3802 2815 3872 ipsum
2842 3816 2965 3855 cum
3000 3808 3241 3855 cerneret
3277 3814 3373 3856 eos
3403 3800 3497 3870 qui

1943 3894 2107 3949 verbo
2149 3901 2202 3948 et
2263 3893 2522 3949 doctrina
2574 3880 2687 3949 sua
2730 3906 3029 3962 magnoque
3073 3890 3326 3946 Ecclesia
3385 3875 3497 3947 sua

1943 3982 2159 4053 corpori
2200 3981 2617 4046 insidiabantur,
2654 3982 2930 4051 insurgere
2959 3988 3021 4035 ac
3062 3979 3372 4051 frequenter
3402 3982 3497 4036 ad-

1942 4088 2134 4130 versus
2180 4073 2324 4126 illam
2356 4073 2757 4142 persecutiones
2794 4072 3071 4138 excitare;
3105 4080 3292 4127 eorum
3341 4074 3496 4129 mali-

1940 4168 2067 4221 tiam
2093 4170 2451 4228 exsecratum,
2486 4163 2627 4218 hanc
2657 4148 2970 4234 prophetice
3008 4156 3310 4223 orationem
3359 4167 3495 4221 emi-

1941 4260 2098 4321 sisse,
2126 4257 2335 4325 hocque
2367 4254 2557 4309 orandi
2591 4256 2899 4311 institutum
2927 4254 3199 4313 ‘Ecclesia
3243 4271 3356 4312 sua
3386 4265 3497 4321 tra-

1942 4343 2158 4398 didisse.

293 4473 436 4522 νους,
461 4454 555 4509 καὶ
578 4451 702 4514 τοὺς
737 4447 1003 4517 διωγμοὺς
1035 4443 1273 4514 ,συνεχῶς
1307 4441 1425 4496 κατ’
1452 4438 1621 4510 αὐτῆς
1665 4436 2043 4508 ἐνεργοῦντας,
2076 4436 2595 4510 ἀποτροπιαζόμενος
2656 4437 2833 4492 αὐτῶν
2891 4436 2988 4510 τὴν
3038 4436 3264 4505 κακίαν,
3296 4436 3497 4509 ταύτην

292 4545 642 4623 προφητικῶς
693 4542 966 4615 ἀνέπεμπε
1018 4539 1117 4608 τὴν
1157 4536 1351 4608 εὐχὴν,
1398 4534 1537 4588 οὕτω
1579 4533 1686 4587 δεῖν
1732 4533 1979 4603 εῦχεσθαι
2008 4532 2265 4615 διδάσκων
2287 4531 2383 4603 τὴν
2428 4531 2745 4615 Ἐκκλησίαν
2777 4531 2959 4585 αὐτοῦ.
3074 4584 3077 4585 ,

365 4658 389 4695 ε
417 4618 894 4710 γ’Ᾱγαλλιάσθωσαν
924 4632 1017 4685 καὶ
1042 4630 1496 4703 εὐφρανθήτωσαν
1526 4628 1616 4682 ἐπὶ
1642 4628 1699 4682 σὲ
1720 4626 1852 4681 πάν-
1882 4631 1924 4685 D
2020 4623 2063 4678 ν

1798 4645 1852 4681 ν-
1882 4631 1924 4685 D
2020 4618 2183 4679 Vsus.
2226 4624 2279 4689 5,
2317 4626 2368 4678 6.
2393 4643 2411 4676 ι
2438 4623 2717 4689 Exsultent
2752 4632 2805 4677 et
2836 4623 3082 4676 latentur
3100 4636 3264 4693 super
3295 4632 3346 4679 te
3380 4640 3496 4678 om-

289 4745 386 4797 ντες
415 4733 466 4786 οἱ
508 4724 794 4804 ζητοῦντές
820 4742 899 4779 σε.
928 4743 949 4777 η»
987 4722 1067 4778 Τὰ
1109 4723 1205 4794 μὲν
1248 4722 1438 4794 πρῶτα
1483 4716 1848 4791 ἀνατρεπτικά

292 4820 386 4895 ἧν
421 4822 528 4876 τῶν
564 4820 850 4875 ἐναντίων·
906 4813 1207 4876 ἀκολούθως
1242 4813 1298 4867 δὲ
1339 4812 1407 4865 τὰ
1450 4811 1674 4896 δεύτερα
1711 4809 1845 4879 ὑπὲρ

293 4912 405 4981 ,τῶν
430 4913 645 4967 οἰκείων
685 4907 991 4983 πρεσϐεύει.
1027 4906 1135 4961 Καὶ
1169 4907 1217 4960 εί
1265 4906 1362 4977 μὲν
1399 4906 1428 4957 ὁ
1463 4901 1621 4956 Δαυῖδ
1658 4900 1846 4971 δικαίῳ

299 4988 612 5077 πρέπουσαν
638 5002 798 5074 εὐχὴν
828 5001 1080 5063 ἐποιεῖτο,
1114 4998 1189 5062 ὡς
1214 4997 1279 5051 ἂν
1311 4996 1509 5059 πάντες
1530 4996 1577 5048 oi
1602 4994 1695 5057 τὸν,
1715 4993 1846 5045 Θεὸν

300 5093 605 5164 ζητοῦντες,
639 5087 713 5149 ὧν
759 5089 838 5157 εἷς
886 5091 979 5145 καὶ
1026 5088 1186 5161 αὐτὸς
1229 5083 1723 5159 ἦν,νάγαλλιάσεως
1754 5083 1848 5137 καὶ

299 5182 635 5256 εὐφροσύνης
656 5183 926 5255 μετέχοιεν
944 5180 1050 5235 τῶν
1079 5177 1283 5253 ἐχθρῶν
1311 5173 1811 5246 καταισχυνομένων
1830 5191 1844 5206 ο

300 5276 351 5331 οἱ
386 5268 444 5329 δὲ
482 5274 797 5344 ἀγαπῶντες
828 5276 887 5329 τὸ
925 5274 1184 5345 σωτήριον
1227 5268 1318 5324 τοῦ
1351 5267 1485 5323 Θεοῦ
1525 5267 1728 5336 λέγοιεν
1754 5263 1845 5329 ἂν,

308 5387 328 5421 ι
354 5364 753 5436 Μεγαλυνθήτω
795 5368 828 5426 ό
869 5367 1031 5432 Θεός·
1064 5385 1083 5419 ι
1138 5365 1231 5419 καὶ
1267 5362 1423 5417 τοῦτο
1478 5360 1553 5433 μὴ
1597 5355 1846 5421 εἰσάπαξ,

309 5458 443 5531 μηδὲ
482 5455 563 5511 ἑνί
612 5473 739 5510 ποτε
770 5450 960 5530 καιρῷ
983 5499 998 5522 ,
1032 5457 1165 5514 ἀλλά
1188 5453 1471 5521 διαπαντὸς
1510 5452 1714 5520 λέγοιεν
1733 5488 1749 5511 ,
1773 5467 1851 5502 νι-

307 5549 508 5613 κῶντος
557 5548 615 5601 ὲν
656 5546 838 5611 αὐτοῖς
877 5550 971 5602 καὶ
1000 5549 1064 5603 δι’
1098 5546 1274 5603 αὐτῶν
1315 5546 1422 5598 πᾶν
1465 5542 1557 5597 τὸν
1593 5540 1849 5610 πολέμιον

307 5628 462 5710 γένος
484 5637 578 5695 τοῦ
601 5636 755 5692 Θεοῦ.
784 5627 933 5693 Ειδὶ
955 5641 985 5694 ό
1016 5640 1203 5712 Σωτὴρ
1224 5640 1333 5702 τοῖς
1371 5631 1737 5707 προλεχθεῖσιν
1772 5630 1852 5707 (1)

309 5725 612 5797 ἀκολούθως
646 5729 729 5802 εῐη
764 5729 902 5803 ὑπὲρ
925 5730 1031 5785 τῶν
1076 5730 1135 5796 ἒξ
1172 5729 1419 5786 ἁπάντων
1452 5724 1753 5800 τῶνοὲθνῶν
1776 5725 1854 5787 εἰς

342 5878 345 5879 ν
380 5825 449 5860 ⁷⁸·
475 5821 640 5881 Eccli.
674 5827 753 5885 in,
780 5821 868 5877 20.
1038 5834 1041 5837 λ

390 5918 463 5988 (1)
492 5920 699 5975 Λιίπει.

1948 4733 2044 4773 nes
2076 4718 2167 4787 qui
2199 4725 2445 4787 quarunt
2470 4724 2539 4772 te.
2578 4735 2597 4768 ι
2642 4715 2830 4769 Priora
2869 4708 3085 4783 quidem
3121 4715 3190 4769 ad
3244 4716 3498 4771 inimicos

1948 4795 2266 4865 avertendos
2297 4809 2439 4863 dicta
2488 4813 2650 4873 sunt;
2690 4805 2924 4861 secunda
2955 4822 3083 4861 vero
3111 4821 3208 4876 pro
3240 4807 3498 4863 domesti-

1947 4898 2390 4967 cis.supplicant.
2426 4893 2491 4948 Et
2531 4908 2662 4948 sane
2713 4891 2930 4967 quidem
2964 4893 3146 4951 David
3196 4897 3496 4952 orationem

1942 4989 2090 5059 justo
2122 4993 2504 5057 congruentem
2536 4985 2737 5051 emisit,
2774 4997 3025 5057 precatus
3049 4997 3106 5043 ut
3139 4987 3373 5044 universi
3400 4988 3496 5057 qui

1947 5079 2114 5137 Deum
2148 5077 2448 5148 requirunt,
2483 5092 2549 5133 ex
2578 5093 2807 5148 quorum
2833 5078 2923 5135 ille
2946 5095 3171 5135 numero
3195 5085 3349 5142 erat,
3384 5076 3496 5133 ini-

1951 5172 2105 5227 micis
2127 5169 2329 5241 pudore
2357 5167 2598 5233 suii‘usis,
2621 5168 2996 5226 exsultationis
3018 5177 3071 5225 et
3110 5168 3285 5239 gaudii
3331 5167 3500 5237 parti-

1953 5263 2100 5332 cipes
2130 5260 2257 5316 sint.
2312 5259 2351 5315 li
2387 5276 2515 5316 vero
2559 5262 2653 5331 qui
2681 5262 2911 5332 diligunt
2961 5261 3198 5317 salutare
3227 5256 3342 5323 Dei,
3374 5254 3501 5326 jure

1954 5352 2217 5415 dixerint,
2277 5369 2296 5402 ι
2362 5351 2731 5423 Magniﬁcetur
2787 5351 3074 5417 Dominus;
3117 5370 3135 5402 ι
3188 5347 3348 5403 idque
3390 5360 3499 5402 non

1955 5445 2139 5511 semel,
2169 5442 2263 5500 sed
2287 5445 2431 5499 omni
2450 5454 2710 5516 tempore,
2730 5446 2860 5517 quia
2881 5444 2999 5515 ipse.
3009 5440 3267 5496 Dominus
3287 5440 3341 5493 in
3364 5438 3499 5509 ipsis

1954 5538 2300 5610 ipsorumque
2326 5551 2492 5606 opera
2524 5552 2697 5607 genus
2740 5551 2899 5591 omne
2947 5531 3377 5588 adversariorum
3400 5525 3499 5583 Dei

1956 5629 2223 5702 proﬂigat.
2255 5626 2408 5693 Quod
2453 5627 2500 5684 si
2548 5626 2794 5686 Salvator
2841 5624 3111 5697 pradictis
3139 5622 3318 5678 verbis
3348 5634 3499 5678 usus

1960 5723 2051 5787 sit,
2073 5726 2462 5790 consequenter
2507 5717 2575 5774 de
2624 5719 2874 5774 omnibus
2923 5714 3171 5789 gentibus
3205 5713 3257 5767 in
3287 5725 3347 5768 se
3375 5723 3500 5768 cre-
