4300 6400
265 490 372 553 ’173
1266 530 1270 535 -
1378 492 1849 551 (ΣΟΜΙΕΝΤΑΒΗ

1920 494 1973 550 ΙΝ
2010 490 2346 552 PSALMOS.
3357 496 3467 553 174

268 605 375 680 πρὸ
410 584 571 660 αὖτοῦ
611 588 991 675 τεταγμένοις,
1036 605 1123 659 διὰ
1171 606 1233 658 τὸ
1269 606 1462 678 πολλὴν
1500 608 1635 679 πρὸς
1680 606 1849 672 αὐτὰ⁴

1920 610 2038 664 beat
2089 609 2417 667 afﬁnitatem.
2456 608 2605 667 'Nam
2663 612 2717 667 in
2780 613 3099 683 praecedenti
3146 611 3465 670 dicebatur:

267 695 458 763 σώζειν
485 695 799 750 ἀκολουθίαν
819 710 833 725 ·
862 696 919 747 ἐν
960 694 1088 763 γοῦν
1119 695 1195 766 τῷ
1224 697 1325 767 πρὸ
1354 698 1539 750 τούτου
1564 697 1778 766 ἐλέγετο
1797 714 1814 729 ο

271 810 291 842 ο
330 788 388 844 '0
408 789 559 852 Θεὸς,
602 789 681 852 εἰς
699 787 797 857 τὴν
829 786 1074 859 βοήθειάν
1105 804 1204 858 μου
1232 788 1482 858 πρόσχες.
1514 788 1816 860 Αἰσχυνθή-

265 895 441 934 τωσαν
487 878 582 932 καὶ
627 878 1047 948 ἐντραπήτωσαν
1082 878 1131 929 οἰ
1176 878 1458 947 ζητοῦντες
1502 876 1598 948 τὴν
1641 878 1820 950 ψυχήν

269 987 389 1042 μου.
422 968 923 1041 Ἀποστραφείησαν
954 971 1033 1031 εἰς
1072 968 1136 1021 τὰ
1166 969 1338 1022 ὀπίσω
1376 970 1467 1024 καὶ
1492 987 1816 1041 καταισχυν-

262 1061 489 1133 θείησαν
525 1062 576 1113 οἰ
616 1059 920 1131 βουλόμενοί
951 1076 1040 1130 μοι
1072 1059 1214 1112 κακά
1233 1077 1246 1087 ·
1285 1078 1302 1110 ι
1340 1060 1433 1113 καὶ
1464 1061 1521 1113 ἐν
1544 1062 1653 1124 τοῖς
1684 1060 1820 1131 μετὰ

267 1153 453 1225 χεῖρας
480 1152 537 1206 δὲ
570 1152 771 1223 προῖὼν
808 1154 836 1206 ό
862 1150 1166 1221 λόγοςιταίς
1196 1152 1387 1215 αὑταῖς
1422 1152 1683 1224 κέχρηται
1712 1168 1821 1221 φω-

268 1246 386 1307 ναῖς
407 1244 579 1313 λέγων
599 1261 611 1273 ·
642 1261 661 1294 ι
682 1243 739 1296 '0
766 1243 917 1307 Θεὸς,
945 1244 1022 1306 είς
1046 1241 1143 1313 τὴν
1163 1241 1411 1314 βοήθειάν
1440 1260 1539 1313 μου
1564 1240 1817 1313 πρόσχες,

268 1336 712 1407 αἰσχυνθείησαν·
745 1354 764 1386 ι
808 1335 900 1388 καὶ
944 1336 1011 1389 τὰ
1048 1335 1205 1389 λοιπὰ
1233 1336 1289 1388 δὲ
1323 1337 1420 1406 τῆς
1445 1336 1611 1407 αὐτῆς
1644 1336 1819 1407 ἔχεται

268 1427 522 1491 διανοίας,
550 1424 627 1490 εἰς
659 1426 856 1489 πλάτος
885 1427 1257 1497 ἐκτεινομένου
1284 1428 1377 1479 τοῦ
1406 1428 1563 1495 λόγου
1598 1427 1685 1481 διὰ
1714 1428 1820 1480 τῶν

270 1510 673 1590 προκειμένων,
708 1518 848 1589 ἅπερ
872 1502 971 1571 οὐκ
1002 1518 1108 1595 ἀπὸ
1139 1518 1338 1586 σκόπου
1365 1518 1428 1573 ἄν
1453 1532 1535 1581 τις
1558 1519 1695 1570 είποι
1725 1520 1823 1589 ἁρ-

272 1611 457 1680 μόζειν
477 1610 553 1680 τῷ
576 1610 748 1680 Πατρί
767 1628 780 1641 ·
814 1610 913 1664 Διά
930 1626 988 1662 τε
1016 1608 1076 1662 τό
1097 1609 1351 1677 λέγεσθαι
1387 1612 1443 1663 ἐν
1474 1609 1640 1679 αὐτῷ’
1672 1609 1821 1661 «Ὅτι

157 1740 161 1743 -
273 1704 336 1756 σὺ
362 1698 412 1755 εἴ
436 1703 470 1772 ἡ
500 1702 740 1773 ύπομονή
777 1720 898 1773 μου,
932 1701 1139 1772 Κύριε,
1160 1701 1348 1772 Κύριε,
1379 1703 1411 1772 ἡ
1443 1700 1593 1764 ἐλπίς
1628 1717 1726 1771 μου
1760 1702 1822 1753 ἐκ

270 1794 517 1865 νεότητός
552 1812 651 1864 μου
671 1811 685 1825 ο
719 1813 737 1845 ι
773 1794 909 1847 αὐτὰ
934 1795 1038 1865 γὰρ
1058 1794 1230 1846 ταῦτα
1260 1795 1317 1845 ἐν
1350 1794 1442 1845 καὶ
1466 1790 1543 1861 τῷ
1586 1790 1669 1842 κα¹
1697 1789 1825 1859 ψαλ-

272 1885 357 1955 μῷ
385 1886 445 1950 ἐξ
466 1884 629 1938 αὑτοῦ
659 1884 943 1957 προσώπου
972 1886 1186 1953 ἐλέγετο
1207 1886 1264 1936 ἐν
1293 1882 1525 1947 τούτοιςο
1567 1900 1585 1934 ι
1617 1882 1733 1934 ’Θτι
1760 1883 1821 1935 σὺ

268 1973 320 2029 εἴ
341 1980 370 2031 ό
401 1977 678 2041 ἐκσπάσας
707 1994 773 2047 με
807 1978 870 2029 ἐκ
907 1975 1169 2045 γαστρός·
1203 1993 1221 2025 ι
1260 1974 1351 2027 καὶ
1394 1973 1462 2026 τὰ
1490 1972 1634 2042 ἑξῆς.
1670 1970 1827 2024 Ἀλλὰ
1857 2009 1897 2062 Β

264 2070 364 2121 καὶ
395 2066 454 2119 τὸ
491 2063 616 2137 ἑξῆς
647 2064 1029 2135 ἐπιλεγόμενον
1049 2065 1105 2117 ὲν
1134 2066 1198 2134 τῇ
1237 2062 1372 2133 μετὰ
1397 2065 1583 2134 χεῖρας
1617 2079 1825 2132 προφη-

268 2160 388 2231 τείᾳ
415 2160 471 2212 ἐν
502 2156 597 2227 τῷ,
632 2175 650 2207 ι
691 2156 746 2210 '0
776 2156 908 2219 Θεός
937 2173 1059 2226 μου,
1103 2154 1176 2225 μὴ
1227 2154 1591 2225 ἐγκαταλίπῃς
1615 2155 1824 2224 με,ἒως

267 2250 332 2304 ἂν
363 2245 658 2316 ἀπαγγελῶ
677 2246 766 2302 τὸν
798 2246 1054 2318 βραχίονα
1081 2264 1173 2300 σου
1200 2249 1264 2317 τῇ
1288 2247 1448 2316 γενεᾷ
1476 2247 1623 2316 πάσῃ
1647 2248 1710 2317 τῇ
1738 2247 1827 2318 ἐρ-

269 2343 493 2415 χομένῃ,
518 2362 535 2393 ι
562 2342 895 2413 ἰσοδυναμεῖν
919 2338 1057 2392 ἔοικε
1076 2338 1152 2409 τῷ
1173 2340 1230 2391 ἐν
1250 2339 1333 2392 κα¹
1351 2338 1547 2408 ψαλμῷ
1569 2338 1826 2407 φάσκοντι

268 2432 412 2501 λόγῳ
430 2449 442 2461 ·
468 2450 487 2482 t
510 2430 959 2501 Ἀναγγελήσεται
976 2428 1051 2499 τῷ
1064 2428 1252 2499 Κυρίῳ
1272 2428 1431 2496 γενεὰ
1450 2430 1483 2499 ἡ
1504 2427 1786 2500 ἐρχομένη.
1802 2445 1819 2478 ι

224 2558 227 2561 -
272 2519 515 2592 Πρόσχες
558 2520 664 2592 γὰρ
698 2520 939 2591 ἀκριϐῶς
977 2520 1122 2583 ὅπως
1152 2520 1209 2571 ὲν
1236 2518 1429 2589 ἐκείνῳ
1463 2518 1568 2588 μὲν,
1588 2517 1822 2586 ἐλέγετο,

273 2634 291 2666 t
303 2616 751 2687 ’Δναγγελήσεται
762 2615 839 2685 τῷ
852 2614 1041 2685 Κυρίῳ
1054 2615 1213 2683 γενεὰ
1225 2616 1256 2683 ἡ
1282 2602 1566 2685 ἐρχομένη,
1582 2612 1663 2666 »ἐν
1676 2612 1731 2665 δὲ
1749 2611 1826 2682 τῷ

268 2708 615 2780 προκειμένῳ
636 2747 649 2769 ,
689 2727 707 2759 ι
744 2708 885 2771 Ἕως
912 2706 977 2760 ἂν
1010 2707 1303 2774 ἀπαγγελῶ
1322 2708 1415 2759 τὸν
1448 2705 1705 2778 βραχίονα
1732 2722 1824 2759 σου

267 2801 333 2871 τῇ
360 2800 523 2869 γενεᾷ
546 2800 694 2871 πάσῃ
716 2802 780 2869 τῇ
813 2798 1099 2869 ἐρχομένῃ.
1136 2817 1155 2847 ι
1194 2797 1350 2850 Ἀλλὰ
1388 2798 1480 2850 καὶ
1512 2797 1611 2867 τὴν
1644 2796 1709 2849 ἐκ
1737 2813 1825 2851 νε-

268 2890 413 2963 κρῶν
433 2891 722 2945 ἀνάστασιν
738 2888 897 2943 αὑτοῦ
914 2888 1097 2958 σαφῶς
1111 2890 1432 2960 παρίστησιν
1450 2889 1483 2960 ἠ
1498 2886 1630 2958 μετὰ
1641 2888 1827 2960 χεῖρας

266 2981 571 3055 προφητεία
599 2980 825 3050 λέγουσα
842 2979 900 3045 ἐξ
922 2979 1082 3033 αὑτοῦ
1102 2980 1391 3052 προσώπου
1405 2996 1418 3009 ·
1449 2998 1467 3031 t
1492 2980 1547 3031 Ὀ
1561 2979 1710 3043 Θεὸς,
1744 2978 1828 3041 τίς

148 3146 155 3157 ⁸
263 3073 447 3145 ὅμοιός
476 3074 731 3137 conﬁsa;
760 3071 963 3137 ἔδειξας
981 3088 1068 3142 μοι
1096 3069 1300 3140 θλίψεις
1316 3068 1511 3141 πολλὰς
1536 3070 1627 3123 καὶ
1656 3068 1828 3132 κακὰς

262 3167 359 3220 καὶ
377 3164 708 3237 ἐπιστρέψας
735 3163 1097 3235 ἐζωοποίησάς
1120 3179 1206 3233 με,
1229 3161 1323 3215 καί⁵
1341 3160 1449 3215 τῶν
1467 3159 1716 3229 ἀναγκῶν
1730 3161 1827 3230 τῆς

263 3258 368 3329 γῆς
382 3258 541 3312 πάλιν
552 3257 820 3329 ἀνήγαγες
835 3273 899 3326 με
916 3272 930 3320 ;
957 3276 975 3308 ι
997 3255 1109 3309 Εἶτ’
1122 3249 1213 3308 οὖν
1226 3255 1290 3306 ἐκ
1308 3252 1593 3325 προσώπου
1608 3251 1701 3306 τοῦ
1719 3253 1831 3305 Σωά

1922 714 1941 749 ι
1972 696 2135 763 Deus,
2165 699 2221 753 in
2247 698 2574 769 adjutorium
2605 716 2782 756 meum
2817 702 3032 757 intende
3054 743 3070 762 .
3122 701 3447 759 Confundan

1918 798 2005 843 tur
2053 798 2108 844 et
2154 801 2501 845 revereantur
2547 794 2638 861 qui
2690 802 2935 862 quaerunt
2988 793 3220 847 animam
3270 810 3471 852 meum.

1916 878 2239 933 Avertantur
2290 888 2588 937 retrorsum
2646 890 2699 937 et
2744 883 3067 938 erubescant
3129 885 3220 954 qui
3283 887 3475 941 volunt

1916 969 2047 1023 mihi
2076 970 2218 1023 mala
2253 968 2317 1025 ⁷⁸.
2362 990 2380 1024 ι
2422 970 2482 1025 In
2513 972 2617 1027 hoc
2653 988 2783 1029 vero
2808 1012 2825 1039 ,
2873 990 3034 1043 quem
3084 990 3229 1030 nunc
3279 987 3483 1033 tracta-'

1917 1076 2065 1126 mus,
2104 1061 2389 1131 ipsissimae
2414 1056 2572 1120 voces
2605 1064 3044 1135 insequentibus
3092 1072 3423 1136 usu'rpantur
3456 1086 3471 1122 :

1923 1167 1941 1201 ι
1976 1148 2136 1214 Deus,
2166 1150 2221 1205 in
2248 1151 2578 1220 adjutorium
2609 1168 2788 1209 meum
2820 1153 3041 1209 intende
3066 1195 3079 1217 ,
3134 1155 3477 1211 confundam

1920 1248 2027 1304 tur,
2050 1261 2068 1293 ι
2094 1250 2148 1296 et
2172 1250 2387 1308 cetera,
2421 1258 2637 1315 quoque
2662 1246 2833 1300 eidem
2868 1248 3149 1301 sentenlizn
3178 1247 3479 1311 insistunt;
3510 1256 3513 1257 '

1920 1332 2016 1387 sed
2045 1332 2148 1388 bic-
2161 1332 2339 1389 fusius
2360 1351 2445 1390 res
2474 1338 2819 1401 enarrantur,
2850 1350 2986 1408 quas
3012 1336 3154 1393 Patri
3187 1338 3483 1393 convenire

1920 1438 2026 1478 non
2047 1424 2144 1480 abs
2168 1440 2230 1481 re
2256 1427 2522 1496 quispiam
2552 1428 2771 1483 dixerit.
2795 1428 2930 1484 Cum
2966 1432 3090 1484 item
3117 1430 3172 1483 in
3197 1431 3299 1485 hoc
3333 1430 3484 1513 psall-
3558 1446 3562 1453 '

1920 1533 2009 1571 mo
2034 1518 2267 1581 dicatur,
2295 1537 2314 1570 ι
2349 1517 2614 1583 Quoniam
2632 1528 2689 1573 tu
2714 1538 2773 1575 es
2793 1522 3046 1590 patientia
3065 1536 3205 1583 mea,
3231 1520 3477 1584 Domine.

1928 1607 2153 1664 Domine
2182 1623 2305 1677 spes
2340 1625 2457 1665 mea
2479 1625 2507 1664 a
2530 1612 2808 1680 juventute
2840 1625 2992 1676 mea;
3037 1631 3055 1663 ι
3086 1612 3190 1667 hoc
3220 1612 3393 1682 ipsum
3421 1613 3479 1666 in

1920 1701 2130 1770 psalmo
2160 1715 2274 1764 χιι,
2302 1717 2367 1756 ex
2394 1702 2579 1756 eadem
2608 1717 2840 1773 persona
2880 1703 3118 1757 dicitur:
3152 1721 3170 1753 ι
3208 1701 3476 1768 Quoniam

1904 1799 1980 1844 ~tu
2003 1808 2062 1846 es
2083 1793 2175 1862 qui
2198 1792 2477 1848 extruxisti
2513 1808 2594 1846 me
2618 1792 2685 1847 de
2729 1802 2915 1849 ventre
2941 1796 3009 1858 "’,
3047 1813 3065 1846 ι
3099 1802 3151 1848 et
3174 1795 3473 1864 sequentia.

1924 1879 2029 1936 Sed
2078 1882 2239 1937 etiam
2294 1881 2437 1953 quod
2483 1883 2539 1936 in
2590 1883 2692 1936 hac
2749 1883 3026 1953 prOpbetia
3090 1884 3476 1954 subjungitur,

1930 1989 1948 2021 ι
1981 1970 2123 2026 Deus
2158 1987 2311 2027 meus
2330 2012 2344 2036 ,
2377 1972 2444 2027 ne
2464 1972 2808 2043 derelinquas
2838 1987 2939 2038 me,
2962 1971 3476 2027 donecannuntiem

1924 2060 2204 2114 brachium
2233 2067 2381 2115 tuum
2410 2062 2741 2133 generationi
2764 2063 2912 2117 omni
2932 2078 3051 2133 quae
3075 2071 3295 2118 ventura
3322 2072 3425 2129 est;
3452 2078 3473 2115 ι

1924 2152 2101 2208 simile
2126 2153 2339 2208 videtur
2368 2155 2444 2208 illi
2490 2167 2583 2208 χιιι
2625 2156 2817 2224 psalmi
2868 2155 3034 2217 dicto,
3070 2173 3090 2207 ‹
3129 2137 3481 2210 Ᾰιιῐιιιιιιίοίιί-

1923 2252 2015 2297 tur
2045 2243 2268 2298 Domino
2296 2246 2572 2315 generatio
2590 2254 2821 2300 ventura
2850 2246 2919 2298 ⁸⁸.
2953 2264 2971 2297 ι
2998 2246 3261 2301 Attendas
3281 2245 3481 2315 quippe

1924 2336 2105 2401 velim,
2128 2336 2399 2404 quomodo
2426 2335 2478 2388 in
2504 2336 2595 2389 illo
2615 2336 2829 2405 quidem
2858 2337 3089 2401 dicatur,
3118 2356 3136 2388 ‹
3176 2336 3483 2391 Annuntia—

1925 2426 2073 2480 bitur
2111 2424 2341 2491 Domino
2383 2428 2661 2496 generatio
2691 2434 2956 2493 ventura;
3000 2447 3019 2481 ι
3056 2427 3111 2482 in
3139 2428 3243 2481 hoc
3278 2433 3480 2491 autem,

1932 2534 1951 2567 ι
1976 2516 2157 2572 Donec
2184 2520 2501 2573 annuntiem
2527 2506 2806 2574 brachium
2828 2529 2978 2573 tuum
3005 2519 3335 2590 generationi
3365 2534 3485 2573 om-

1926 2608 1979 2660 ni
2004 2622 2121 2675 qua:
2143 2614 2369 2661 ventura
2408 2617 2509 2663 est.
2552 2627 2570 2660 ι
2609 2606 2751 2672 Quin
2793 2601 3105 2678 etiams'ejus‘
3140 2624 3202 2663 ex
3254 2607 3484 2662 mortuis

1926 2698 2378 2753 resurrectionem
2413 2706 2597 2769 aperte
2622 2701 2861 2755 declarat
2891 2699 3004 2755 haec
3037 2699 3317 2769 prophetia
3338 2738 3353 2763 ,
3414 2713 3484 2753 ex

1923 2791 2044 2861 ejus
2061 2805 2294 2861 persona
2309 2791 2497 2845 dicens
2518 2809 2530 2845 :
2555 2809 2574 2842 ι
2610 2790 2772 2854 Deus,
2787 2791 2910 2859 quis
2937 2790 3132 2845 similis
3152 2790 3284 2843 tibi?
3306 2790 3483 2855 Quan-

1924 2891 2011 2938 tas
2042 2881 2326 2937 ostendisti
2353 2883 2483 2936 mihi
2506 2882 2885 2957 tribulationes
2906 2882 3103 2935 multas
3123 2890 3176 2936 et
3197 2882 3367 2938 malas
3387 2922 3404 2949 ,
3425 2890 3482 2936 et

1926 2987 2223 3047 conversus
2248 2972 2530 3029 viviﬁcasti
2566 2988 2671 3036 me,
2711 2978 2765 3027 et
2786 2971 2855 3026 de
2884 2970 3294 3027 necessitatibus
3322 2979 3483 3027 term

1926 3059 2122 3115 iterum
2149 3059 2411 3116 reduxisti
2443 3061 2561 3116 me?
2598 3080 2618 3113 ›
2654 3059 2780 3114 Sive
2812 3059 2976 3131 igitur
3002 3076 3067 3115 ex
3090 3075 3321 3129 persona
3354 3059 3480 3116 Ser-

1927 3140 2151 3212 vatoris,
2182 3148 2294 3205 sive
2322 3164 2389 3202 ex
2418 3163 2649 3219 persona
2694 3147 2983 3216 cujuslibet
3012 3146 3147 3217 justi
3191 3146 3306 3203 haec
3336 3146 3483 3201 acci-
3510 3190 3511 3193 η

1892 3270 1896 3275 ο
1928 3243 2121 3313 pienda
2142 3249 2289 3297 sunt.
2322 3240 2630 3296 Doctrinam
2674 3240 2819 3305 enim
2866 3232 3296 3310 cumplectuntur
3316 3275 3334 3303 ,
3360 3252 3481 3311 quas

263 3324 450 3424 τῆ-ρος,
474 3349 582 3404 εῑτε
612 3324 675 3403 ἐκ
690 3324 987 3420 προσώπου
1012 3348 1207 3409 παντὸς
1228 3324 1453 3407 δικαίου,
1476 3345 1584 3398 τῶν
1614 3361 1832 3416 προκει-

1920 3324 2032 3390 ἰιοε
2056 3333 2291 3389 instituit
2320 3342 2378 3386 ut
2407 3348 2474 3388 ex
2507 3332 2650 3388 bono
2678 3332 2956 3403 proposito
2984 3331 3165 3385 omnia
3216 3338 3339 3402 post
3391 3330 3487 3386 du-

270 3444 445 3515 μένων
465 3440 773 3496 ἀκουστέον.
798 3440 1044 3511 Περιέχει
1068 3438 1174 3510 γὰρ
1193 3436 1533 3492 διδασκαλίαν
1555 3435 1828 3490 παιδεύου-

269 3554 368 3590 σαν
401 3536 548 3606 ήμᾶς
580 3534 714 3605 μετὰ
744 3532 1032 3594 διαθέσεως
1064 3530 1249 3599 ὑγιοῦς
1282 3530 1457 3583 πάντα
1483 3528 1582 3599 μὲν
1604 3528 1861 3611 δεύτεραί,

267 3628 531 3690 τίθεσθαι,
549 3627 643 3679 ἐπὶ
665 3625 821 3697 μόνον
840 3624 897 3677 δὲ
916 3624 1005 3676 τὸν
1027 3622 1229 3693 Κύριον
1247 3621 1346 3683 τὰς
1366 3620 1573 3674 ἐαυτῶν
1594 3620 1829 3690 ἅναρτᾷν

268 3720 510 3783 ἐλπίδας,
532 3717 668 3771 ὥστε
689 3716 866 3784 λέγειν
887 3713 1033 3786 αὐτῷ
1052 3712 1283 3767 διαθέσει
1307 3710 1552 3781 γνησίαη
1578 3711 1700 3762 Ἐπὶ
1724 3710 1825 3773 σοι,

269 3814 699 3889 Κύριελιλπισα,
730 3812 803 3884 μὴ
830 3807 1272 3880 καταισχυνθείην
1297 3805 1488 3881 εἰςίτὸν
1513 3804 1702 3858 αἰῶνα.
1730 3822 1748 3855 ι
1766 3803 1829 3856 Οἱ

269 3906 482 3987 γὰρέπί
507 3905 718 3976 πλούτῳ
739 3904 831 3958 καὶ⁹
852 3902 1015 3973 πολλῇ
1036 3899 1318 3973 περιουσίᾳ
1350 3897 1484 3968 βίου,
1504 3896 1536 3967 ἢ
1560 3896 1652 3949 ἐπὶ
1668 3894 1831 3961 ἀξιώ-

275 4018 406 4072 μασι
422 4002 721 4070 κοσμικοῑς,
739 3995 771 4069 ἢ
791 3998 881 4049 ἐπὶ
897 3994 1167 4067 ἀρχόντων
1189 3992 1473 4062 οἰκειότητι
1497 3991 1587 4045 και)⁹
1608 4004 1834 4062 προστα-

273 4092 383 4163 σίᾳ,
432 4090 516 4160 ἐφ’
548 4089 721 4167 ἑτέρῳ
750 4090 857 4141 τινὶ
902 4086 1011 4139 τῶν
1044 4084 1247 4155 θνητῶν
1286 4083 1379 4137 καὶ
1423 4082 1701 4151 ἐπικήρων
1736 4078 1833 4144 τὰς

271 4182 478 4236 ἑαυτῶν
521 4180 858 4243 ἀνατιθέντες
908 4177 1147 4241 ἐλπίδας,
1195 4174 1452 4244 αἰσχύνην
1492 4172 1829 4242 ὁφλήσουσιν.

278 4293 297 4325 ι
334 4272 758 4342 Ἐπικατάρατος
774 4270 881 4342 γὰρ
902 4268 1181 4338 ἄνθρωπος
1200 4266 1257 4330 ὃς
1286 4267 1381 4335 τὴν
1398 4263 1584 4317 ἐλπίδα
1609 4262 1719 4334 ἔχει
1746 4262 1832 4317 ἐπ’

273 4363 577 4435 ἄνθρωπον,
639 4362 733 4415 καὶ
790 4358 1030 4430 στηρίξει
1067 4356 1241 4427 σάρκα
1268 4356 1544 4428 βραχίονος
1580 4354 1764 4410 αὐτοῦ.
1810 4373 1829 4406 ι

273 4454 526 4537 Κέκραγέ
565 4470 624 4506 τε
656 4452 792 4522 βοῶν
819 4453 847 4505 ό
890 4450 1041 4519 λόγος
1067 4468 1080 4480 ·
1112 4469 1129 4501 ι
1164 4448 1255 4520 Μὴ
1292 4446 1584 4537 πεποίθατε
1613 4448 1698 4500 ἐπ’
1739 4446 1837 4519 ἄρ-

273 4534 486 4619 χοντας,
524 4543 657 4616 μηδὲ
679 4543 762 4611 ἐφ’
793 4543 947 4605 υίοὺς
988 4540 1307 4613 ἀνθρώπων,
1337 4534 1416 4604 οἷς
1446 4539 1544 4592 οὐκ
1572 4537 1686 4592 ἐστι
1731 4555 1839 4591 σω-

273 4640 437 4713 τηρία
461 4655 497 4679 ἰ
519 4658 537 4689 ι
565 4638 659 4691 καὶ
687 4635 846 4691 πάλιν
868 4652 881 4665 ’
912 4654 929 4687 t
971 4635 1204 4699 Πλοῦτος
1236 4634 1329 4687 ἐὰν
1364 4633 1481 4704 ῥέῃ,
1514 4631 1588 4704 μὴ
1620 4630 1839 4703 προστί-
1874 4688 1877 4693 η

1926 3443 2133 3491 camus,
2162 3427 2216 3482 in
2235 3441 2452 3497 unoque
2476 3425 2706 3481 Domino
2726 3438 2875 3494 spem
2902 3431 3203 3479 statuamus
3216 3430 3484 3484 nostram,

1925 3521 2001 3576 ita
2028 3526 2087 3572 ut
2119 3518 2336 3573 sincero
2364 3516 2559 3573 all‘ectu
2602 3517 2847 3572 dicamus
2878 3533 2892 3571 :
2931 3531 2952 3567 ι
3001 3512 3061 3568 In
3108 3522 3188 3578 te,
3220 3514 3447 3571 Domine
3469 3557 3485 3579 ,

1928 3612 2162 3677 speravi,
2179 3625 2287 3665 non
2309 3609 2613 3669 confundar
2633 3612 2687 3663 in
2703 3616 2983 3669 aeternum.
3006 3624 3026 3658 ι
3052 3604 3154 3672 Qui
3171 3606 3315 3659 enim
3332 3606 3385 3659 in
3403 3607 3510 3660 div

1927 3703 2077 3757 vitiis
2093 3718 2157 3756 ac
2171 3702 2225 3756 in
2241 3678 2477 3773 copio’sis
2490 3704 2616 3758 vitae
2632 3698 3113 3763 facultatibus,sive
3129 3697 3181 3751 in
3196 3696 3486 3752 mundanis

1931 3792 2317 3863 dignitatibus,
2346 3794 2462 3849 sive
2495 3795 2551 3849 in
2584 3794 2891 3865 principum
2942 3790 3123 3844 favore
3154 3798 3207 3867 et
3252 3790 3487 3859 patroci-

1930 3886 2043 3952 nio,
2080 3885 2193 3940 sive
2248 3886 2303 3939 in
2352 3886 2457 3939 alia
2494 3886 2747 3956 quapiam
2782 3882 3090 3936 mortalium
3132 3888 3185 3936 et
3219 3879 3486 3934 lluxarum

1931 3993 2112 4033 rerum
2165 3993 2314 4048 spem
2376 3985 2666 4047 reponunt,
2700 3975 3009 4047 ignominiae
3037 3972 3256 4028 obnoxii
3305 3980 3486 4030 erunt.

1938 4089 1957 4121 ι
2002 4068 2321 4124 Maledictus
2349 4070 2495 4124 enim
2520 4069 2683 4123 homo
2716 4068 2809 4138 qui
2845 4082 2996 4136 spem
3021 4066 3185 4120 habet
3215 4067 3269 4120 in
3306 4064 3486 4121 homi-

1934 4178 2080 4227 nem,
2116 4172 2169 4217 et
2190 4162 2366 4216 ﬁrmat
2397 4176 2618 4216 carnem
2651 4160 2859 4215 brachii
2888 4160 3056 4215 sui“.
3086 4180 3104 4212 ι
3124 4158 3330 4214 Clamat
3363 4163 3488 4213 item

1937 4256 2241 4326 Scriptura,
2276 4272 2293 4306 ι
2330 4253 2506 4310 Nolite
2540 4254 2813 4311 conlidere
2844 4255 2900 4309 in
2929 4252 3290 4324 principibus,
3317 4266 3490 4321 neque

1936 4351 1991 4405 in
2044 4349 2169 4404 ﬁliis
2210 4347 2511 4411 hominum,
2557 4348 2613 4403 in
2656 4348 2857 4419 quibus
2902 4362 3010 4402 non
3052 4352 3139 4400 est
3175 4344 3323 4399 salus
3345 4343 3426 4408 ";
3465 4360 3484 4392 ο

1936 4450 1990 4497 et
2016 4456 2258 4504 rursum,
2293 4459 2311 4492 ι
2354 4439 2565 4496 Divitiae
2607 4441 2653 4497 si
2704 4440 2943 4502 allluant,
2993 4436 3156 4499 nolite
3190 4449 3285 4488 cor
3318 4436 3484 4502 appo-

1892 4538 1893 4541 ‘
1938 4546 2067 4586 nere
2088 4531 2153 4582 ⁸³.
2186 4549 2205 4584 ι
2234 4529 2293 4584 ln
2317 4530 2438 4586 aliis
2462 4531 2588 4587 item
2612 4530 2678 4585 ad
2706 4530 2818 4583 haec
2849 4524 3079 4582 dicenda
3101 4523 3437 4589 instituimur
3468 4538 3483 4574 :

1944 4641 1962 4674 c
2000 4621 2262 4678 Dominus
2312 4622 2442 4676 mihi
2486 4621 2721 4692 adjutor,
2773 4634 2879 4673 non
2922 4615 3122 4669 timebo
3152 4613 3283 4684 quid
3326 4612 3490 4668 faciat

461 4728 703 4801 καρδίαν.
720 4728 853 4780 »Καὶ
879 4730 935 4781 ἐν
960 4726 1163 4798 ἑτέροις
1185 4726 1242 4778 δὲ
1262 4724 1435 4793 λέγειν
1457 4722 1832 4793 διδασκόμεθα·

1939 4714 2069 4769 mihi
2108 4714 2289 4768 homo.
2325 4712 2534 4768 Bonum
2570 4720 2652 4768 est
2682 4710 2950 4767 conlidere
2976 4710 3031 4764 in
3054 4707 3303 4773 Domino,
3325 4721 3491 4777 quam

282 4840 299 4872 ι
332 4820 534 4892 Κύριος
562 4821 682 4892 ἐμοὶ
704 4818 909 4891 βοηθὸς,
933 4820 993 4871 οὐ
1015 4818 1389 4888 φοόηθήσομαι
1412 4814 1465 4867 τί
1492 4815 1708 4885 ποιήσει
1743 4829 1832 4883 μοι

277 4911 580 4983 ἄνθρωπος.
619 4910 843 4980 Ἀγαθὸν
862 4908 1175 4962 πεποιθέναι
1209 4908 1298 4961 ἐπὶ
1330 4905 1551 4977 Κύριον,
1585 4903 1618 4975 ἢ
1652 4918 1836 4957 πεποι-

275 5003 424 5055 θέναι
451 5002 545 5055 ἐπὶ
564 5002 866 5074 ἄνθρωπον.
910 4998 1132 5069 Ἀγαθὸν
1168 4997 1405 5062 ἐλπίζειν
1430 4998 1521 5049 ἐπὶ
1556 4995 1778 5066 Κύριον,
1797 4995 1831 5065 ἢ

274 5091 514 5156 ἐλπίζειν
562 5092 654 5147 ἐπὶ
677 5092 957 5164 ἄρχοντας.
999 5110 1017 5142 ι
1066 5092 1123 5145 '0
1150 5090 1207 5143 δὲ
1244 5088 1422 5158 ἀγαθὰ
1459 5085 1633 5156 ἐαυτῷ
1663 5102 1837 5139 συνει-

273 5180 375 5243 δὼς
404 5182 545 5234 εἴποι
568 5181 636 5235 ἂν
657 5181 735 5253 τῷ
756 5182 944 5254 Κυρίῳ
968 5179 1177 5245 καὶ-τὸ,
1214 5198 1233 5231 ‹
1284 5180 1370 5233 Ἐν
1399 5175 1709 5248 δικαιοσύνῃ
1739 5192 1832 5227 σου

278 5269 437 5340 ῥῦσαί
500 5287 566 5340 με
623 5273 717 5325 καὶ
766 5272 1069 5343 ἐξέλουμε.
1114 5289 1133 5322 ι
1171 5270 1343 5341 Πολλῇ
1376 5269 1483 5339 γὰρ
1517 5264 1833 5335 πεποιθήσει

277 5361 630 5433 τεθάῤῥηκεν,
659 5350 760 5427 ὅτι,
795 5364 934 5418 κατὰ
974 5364 1035 5417 τὸ
1062 5363 1393 5417 δικαιότατον
1428 5359 1617 5431 κρίνας
1641 5356 1836 5421 όΘεὸς,

282 5454 499 5527 εὑρήκει
535 5453 697 5506 αὐτὸν
726 5456 786 5507 οὐ
812 5457 1202 5529 κατακρίσεως,
1234 5455 1352 5509 οὐδὲ
1377 5449 1643 5519 ἀποϐολῆς
1668 5448 1836 5515 ἀξιον,

280 5546 413 5601 ἀλλὰ
439 5544 689 5617 βοηθείας
720 5545 814 5597 καὶ
845 5546 1215 5619 ἀντιλήψεωςέ
1252 5547 1331 5601 διό
1356 5561 1515 5615 φησιν
1534 5559 1547 5573 ⁸
1588 5560 1605 5593 t
1656 5542 1742 5594 Ἐν
1768 5544 1833 5614 τῇ

280 5637 590 5712 δικαιοσύνῃ
619 5652 711 5690 σου
729 5635 887 5709 ῥῦσαί
922 5654 990 5708 με
1027 5641 1121 5694 καὶ
1149 5640 1328 5707 ἐξέλου
1364 5655 1450 5711 με.
1479 5655 1497 5690 ι
1530 5626 1836 5707 Συνειδήσει

1937 4802 2207 4861 conlidere
2245 4802 2301 4857 in
2329 4802 2567 4857 homine.
2620 4800 2827 4857 Bonum
2859 4808 2943 4857 est
2970 4813 3190 4870 sperare
3224 4796 3281 4851 in
3310 4795 3493 4851 Domi-

1940 4912 2031 4961 no,
2066 4910 2228 4966 quam
2277 4909 2499 4964 sperare
2554 4895 2609 4949 in
2656 4895 2991 4967 principibus
3011 4891 3075 4945 “.
3118 4912 3136 4945 ι
3177 4890 3280 4958 Qui
3310 4896 3491 4946 autem

1939 4991 2207 5045 bonorum
2239 4986 2344 5041 sibi
2383 4987 2641 5043 conscius
2670 4996 2775 5057 est,
2808 4988 3038 5043 Domino
3068 4984 3266 5039 dixerit
3312 4981 3443 5036 illud
3474 4999 3488 5035 :

1948 5101 1966 5133 ι
2010 5082 2067 5136 ln
2095 5079 2308 5150 justitia
2357 5085 2451 5132 tua
2499 5080 2671 5136 libera
2730 5096 2817 5136 me
2848 5088 2901 5136 et
2948 5080 3096 5149 eripe
3122 5091 3291 5144 me.)
3326 5072 3492 5128 Multa

1941 5176 2139 5246 quippe
2177 5170 2371 5226 ﬁducia
2400 5173 2659 5243 repletur,
2692 5176 2818 5247 quia
2844 5172 3152 5244 justissimo
3195 5181 3377 5224 secum
3405 5164 3492 5235 ju-

1942 5267 2085 5323 dicio
2117 5262 2259 5318 Deus
2281 5277 2469 5332 agens,
2497 5281 2605 5320 non
2639 5266 3009 5330 damnatione,
3047 5274 3222 5331 neque
3252 5254 3492 5326 repulsa.

1944 5358 2038 5417 sed
2068 5355 2268 5411 auxilio
2289 5362 2343 5409 et
2371 5357 2675 5427 patrocinio
2700 5356 2920 5428 dignum
2948 5350 3247 5422 comperiet
3270 5366 3283 5400 :
3322 5360 3494 5416 quare

1943 5451 2021 5507 ait
2052 5470 2065 5504 :
2104 5466 2122 5501 ι
2167 5448 2225 5503 In
2254 5434 2584 5515 justitiatua
2612 5448 2780 5503 libera
2807 5462 2893 5503 me
2917 5455 2970 5502 et
3004 5445 3150 5513 eripe
3174 5454 3281 5497 me.
3314 5462 3336 5492 ι
3387 5436 3496 5490 Pu-

1941 5560 2111 5616 raque
2162 5543 2494 5598 conscientia
2541 5541 2814 5611 supplices
2842 5553 3003 5595 voces
3036 5537 3103 5591 ad
3139 5534 3302 5597 Deum
3335 5531 3497 5588 emit-

1944 5643 2067 5693 tens
2090 5635 2144 5690 id
2164 5649 2379 5707 quoque
2404 5633 2666 5691 dicebat:
2723 5650 2743 5685 ι
2796 5630 3001 5686 lnclina
3053 5628 3120 5683 ad
3171 5641 3259 5681 me
3307 5637 3496 5680 aurem

357 5840 405 5910 ζ’
433 5839 576 5896 Psal.
602 5836 885 5910 ιιιιβτό.
959 5840 1002 5873 τ’
1025 5839 1167 5897 Psal.
1190 5857 1299 5910 nt,
1331 5842 1417 5898 {0.
1492 5840 1538 5873 ⁸⁸
1566 5836 1694 5895 ibid.
1718 5837 1805 5893 32.
1830 5858 1835 5861 *

1920 5840 1927 5872 ι
1957 5794 2322 5907 .lerem.‘xvu,
2343 5839 2393 5894 εἰ.
2481 5834 2684 5894 "Psal.
2704 5848 2860 5900 την,
2889 5832 2943 5889 ‘2.
3020 5832 3067 5865 ⁸⁸
3098 5829 3241 5886 Psal.
3274 5827 3495 5897 “1,”.

274 5908 331 5942 *⁸
359 5907 505 5967 Pint.
535 5925 702 5977 cxvu,
741 5908 851 5964 7-9.
