4300 6404
827 495 933 552 773

1487 490 1743 546 EUSEBH
1782 488 2250 545 CASSARIENSIS
2287 488 2434 544 OPP.
2474 486 2650 542 PARS
2684 486 2771 540 lll.
2810 514 2880 525 --
2916 483 3319 540 EXEGETICA.

3906 478 4012 534 776

833 616 997 668 tuam,
1027 611 1080 658 et
1129 604 1276 658 salva
1311 616 1406 655 'me
1429 600 1493 652 ⁸³.
1534 620 1551 651 ι
1593 599 1706 654 lmo
1740 601 1896 670 quasi
1938 616 2005 655 ex
2045 599 2363 654 necessitate
2395 614 2437 667 Α
2465 598 2519 649 δὲ

2314 607 2363 652 te
2395 614 2437 667 Α
2465 598 2519 649 δὲ
2547 596 2926 665 κεκαθαρμένη
2951 594 3047 657 τὰς
3078 594 3379 664 ί-κετηρίους
3399 592 3577 660 φωνὰς
3607 590 3738 659 πρὸς
3768 590 3858 643 τὸν
3881 591 4012 645 Θεὸν

829 695 996 750 Deum
1028 695 1102 748 ita
1131 693 1353 763 rogabat
1385 711 1397 745 :
1429 710 1448 742 ι
1480 690 1610 745 Esto
1653 693 1786 745 mihi
1818 693 1870 744 in
1899 690 2065 745 Deum
2096 698 2365 759 protecto-

827 802 943 842 rem
970 792 1022 841 et
1051 786 1107 839 in
1135 785 1311 838 locum
1342 783 1631 845 munitum,
1671 790 1729 836 ut
1760 784 1967 838 salvum
1993 796 2077 837 me
2111 781 2299 835 facias.
2342 802 2359 833 ι

825 877 957 931 Nam
990 891 1111 929 cum
1147 874 1285 929 Deus
1316 874 1546 944 protegit
1567 882 1620 926 et
1641 882 1965 944 pr0pugnat,
1991 888 2099 927 non
2128 888 2225 942 pro
2247 874 2366 926 nul-

824 968 929 1021 lius
962 966 1118 1035 pretii
1161 967 1377 1019 homine
1421 965 1473 1018 id
1528 966 1657 1034 agit,
1701 966 1957 1033 solusque
1993 963 2261 1033 perfectus
2312 965 2363 1017 id

824 1056 931 1109 Deo
957 1055 1137 1110 dicere
1161 1057 1335 1110 valeat
1368 1074 1381 1110 :
1417 1072 1434 1104 ι
1473 1054 1734 1119 Quoniam
1771 1055 2163 1108 firmamentum
2191 1072 2362 1107 meum

822 1155 875 1199 et
902 1146 1167 1216 refugium
1197 1160 1374 1199 meum
1404 1160 1465 1199 es
1497 1155 1597 1200 tu.
1620 1165 1637 1197 ι
1674 1144 1778 1199 Pro
1802 1161 1907 1213 quo
1937 1145 2148 1215 Aquila,
2182 1164 2198 1195 ‹
2227 1146 2367 1210 Quo-

823 1239 969 1295 niam
1004 1247 1152 1308 petra
1184 1254 1302 1292 mea
1337 1246 1391 1291 et
1421 1237 1727 1306 prtesidium
1760 1251 1960 1299 meum,
1998 1255 2015 1287 ι
2049 1237 2367 1304 ἰηιειριειιιο

822 1338 912 1385 tus
937 1337 1053 1395 est;
1081 1327 1438 1398 Symmachus
1458 1322 1605 1390 vero,
1647 1343 1664 1375 ι
1694 1325 1958 1391 Quoniam
1994 1336 2142 1394 petra
2170 1340 2285 1379 mea
2315 1333 2366 1380 et

825 1422 1091 1491 refugium
1121 1434 1298 1474 meum
1326 1434 1384 1473 es
1402 1426 1613 1472 tua—'4
1628 1417 1768 1473 Deus
1796 1433 1969 1478 meus.
1999 1418 2145 1486 eripe
2178 1433 2261 1472 me
2301 1418 2367 1471 de

824 1525 985 1563 manu
1016 1508 1339 1578 peccatoris,
1371 1516 1422 1561 et
1449 1507 1517 1560 de
1556 1522 1716 1560 manu
1744 1515 1931 1558 contra
1963 1506 2129 1575 legem
2160 1506 2366 1575 agentis

824 1607 879 1655 et
924 1599 1114 1667 iniqui.
1145 1596 1407 1663 Quoniam
1441 1605 1499 1649 tu
1548 1612 1605 1652 es
1640 1596 1896 1665 patientia
1929 1610 2068 1658 mea,
2102 1594 2363 1659 Domine,

826 1707 949 1762 spes
981 1706 1096 1743 mea
1124 1706 1150 1741 a
1179 1691 1461 1757 juventute
1505 1684 1649 1742 mea.
1686 1710 1703 1739 ι
1749 1687 1845 1739 Vir
1895 1686 2160 1754 perfectus
2208 1687 2365 1757 quasi

826 1782 1099 1851 propriam
1159 1780 1555 1851 possessionem
1607 1778 1774 1832 Deum
1846 1780 2063 1831 invocat
2138 1778 2361 1839 dicens.

831 1891 850 1920 ι
891 1870 1029 1941 Deus
1055 1884 1204 1923 meus
1238 1887 1249 1921 :
1289 1886 1309 1919 ι
1343 1868 1468 1936 quia
1500 1866 1789 1936 promissio
1824 1866 2004 1935 dignis
2036 1880 2065 1918 a
2100 1864 2206 1919 Deo
2240 1865 2365 1918 data

826 1970 909 2016 est
941 1960 1023 2014 his
1048 1959 1222 2013 verbis
1262 1977 1274 2013 :

824 2053 954 2106 mihi
988 2052 1217 2122 populus
1245 2051 1310 2104 ⁸⁸.
1346 2068 1364 2100 ι
1398 2048 1497 2114 Qui
1520 2062 1651 2100 vero
1680 2045 1831 2108 dicit,
1858 2064 1875 2096 ι
1928 2046 1983 2099 In
2015 2053 2087 2108 te,
2120 2045 2363 2110 Domine,

825 2141 1059 2211 speravi,
1101 2159 1118 2192 ι
1146 2148 1201 2195 et
1228 2138 1408 2193 omnia
1435 2144 1555 2206 post
1585 2137 1789 2204 putavit
1818 2149 1874 2189 ut
1898 2137 1987 2189 uni
2012 2135 2115 2190 Deo
2144 2152 2201 2190 se
2221 2151 2368 2191 eom-

822 2235 1080 2297 mitteret,
1114 2234 1236 2300 jure
1258 2229 1423 2292 dicat,
1454 2247 1475 2279 (
1515 2227 1655 2282 Deus
1684 2244 1859 2283 meus.
1913 2247 1930 2279 ι
1978 2227 2122 2296 Eripi
2152 2242 2281 2282 vero
2308 2242 2368 2283 se

822 2325 890 2377 tle
918 2338 1079 2376 manu
1109 2321 1416 2391 peccatoris
1436 2318 1607 2389 rogat,
1654 2333 1720 2372 ne
1749 2319 1912 2388 gestis
1945 2319 2058 2372 suis
2091 2318 2361 2387 peccatori

824 2414 909 2467 vel
938 2414 1124 2481 iniquo
1154 2412 1346 2466 similis
1375 2411 1566 2465 evadat
1593 2427 1608 2467 ε
1652 2425 1818 2480 quare
1850 2410 2016 2473 addit,
2053 2429 2070 2460 ι
2101 2409 2172 2463 De
2205 2424 2365 2463 manu

822 2510 1125 2574 peccatoris
1152 2514 1203 2560 et
1235 2505 1302 2559 de
1325 2520 1483 2557 manu
1512 2510 1701 2557 contra
1727 2504 1893 2572 legem
1929 2502 2138 2571 agentis
2172 2484 2227 2556 et
2258 2501 2363 2555 ini-

822 2599 943 2668 qui;
984 2617 1002 2649 ι
1025 2612 1085 2650 ac
1113 2613 1179 2650 ne
1198 2597 1263 2651 iis
1287 2596 1562 2664 subjectus
1585 2594 1684 2657 sit;
1711 2594 1802 2647 sed
1820 2593 2011 2646 merito
2040 2592 2227 2656 Deum,
2255 2607 2363 2647 non

822 2690 998 2744 solum
1028 2690 1097 2741 ob
1125 2689 1285 2740 allata
1322 2687 1590 2755 superius,
1624 2685 1716 2740 sed
1746 2685 1904 2737 etiam
1933 2685 2001 2737 ob
2034 2684 2366 2753 subsequen-

820 2791 904 2834 tes
939 2794 1155 2842 causas,
1213 2780 1314 2833 sibi
1362 2776 1526 2830 Deum
1581 2777 1831 2845 appellat.
1890 2774 2045 2835 Nam,
2080 2775 2273 2845 inquit,
2307 2783 2363 2829 tu

818 2872 953 2927 mihi
989 2870 1245 2940 patientia
1276 2885 1356 2929 es.
1390 2878 1444 2921 tu
1476 2884 1600 2937 spes
1645 2882 1760 2937 mea
1800 2881 1829 2919 a
1866 2866 2169 2933 juventute.
2220 2866 2366 2919 Nun-

816 2978 981 3029 quam
1008 2962 1149 3015 enim
1180 2970 1229 3013 te
1252 2969 1565 3029 esspectare
1593 2957 1797 3019 destiti,
1831 2972 2003 3024 neque
2029 2956 2127 3009 fuit
2155 2964 2364 3025 tempus

818 3067 928 3117 quo
984 3068 1094 3106 non
1141 3060 1194 3103 te
1234 3050 1366 3103 mihi
1420 3049 1471 3102 in
1522 3063 1671 3118 spem
1729 3062 2101 3116 proponerem.
2158 3044 2365 3111 Quam-

814 3146 1006 3198 obretn
1053 3157 1185 3213 rogo
1228 3157 1295 3195 ex
1352 3155 1512 3193 manu
1571 3149 1913 3208 peccatorum
1957 3148 2010 3191 ct
2060 3122 2363 3207 iniquorum

816 3234 977 3304 Gripi.

2463 688 2793 755 ἀναπέμπων
2823 725 2837 745 ,
2879 686 2971 737 καὶ
3000 684 3078 744 τὸ,
3115 703 3131 733 ι
3174 682 3362 734 κλῖνον
3384 679 3522 752 πρὸς
3564 678 3631 748 μὲ
3673 679 3733 731 τὸ
3757 674 3848 742 οῦς
3895 695 4011 741 σοι»,

2464 782 2557 833 καὶ
2590 778 2757 830 σῶσόν
2782 794 2867 845 με,
2907 796 2922 826 ι
2962 775 3159 842 ἔλεγεν.
3190 772 3347 824 Ἀλλά
3368 773 3460 825 καὶ
3489 772 3563 833 ὡς
3599 770 3904 838 ἀναγκαίως
3934 769 4015 840 τῷ

2460 871 2578 941 Θεῷ
2624 870 2910 941 παρεκάλει
2951 867 3151 935 λέγων·
3190 882 3208 914 ι
3249 862 3409 915 Γενοῦ
3454 879 3541 931 μοι
3573 864 3649 923 εἰς
3685 861 3814 914 Θεὸν
3848 854 4017 934 ὑπερ-

2462 960 2727 1031 ασπιστὴν
2746 961 2837 1012 καὶ
2871 960 2948 1020 εἰς
2979 956 3138 1009 τόπον
3170 953 3361 1024 ὀχυρὸν
3388 952 3479 1004 τοῦ
3510 951 3678 1005 σῶσαί
3714 953 4019 1022 perlima-

2466 1049 2668 1112 σπίζων
2694 1048 2800 1119 γὰρ
2825 1051 2852 1099 6
2875 1048 3003 1109 Θεὸς
3044 1048 3136 1099 καὶ
3172 1044 3518 1114 ὑπερμαχῶν,
3548 1045 3644 1095 οὐκ
3671 1042 3736 1095 ἂν
3767 1042 3894 1113 περὶ
3930 1059 4019 1112 μι-

2466 1139 2597 1209 κροῦ
2619 1155 2759 1200 τινος
2779 1137 2919 1189 τοῦτ’
2941 1135 3158 1204 ἐποίησε
3178 1152 3190 1163 ·
3228 1135 3383 1203 μόνος
3404 1133 3458 1185 δὲ
3491 1136 3518 1185 6
3543 1132 3744 1193 τέλειος
3774 1131 3915 1183 εἴποι
3950 1131 4019 1183 ἂν

2463 1231 2538 1300 τῷ
2575 1230 2715 1299 Θεῷ·
2755 1248 2770 1279 ι
2811 1230 2928 1279 Ὅτι
2959 1226 3241 1297 στερέωμά
3296 1242 3395 1294 μου
3445 1224 3535 1277 καὶ
3584 1222 3867 1291 καταφυγή
3915 1236 4016 1290 μου

2467 1322 2528 1372 σὺ
2564 1316 2629 1371 εἷ.
2668 1338 2683 1369 ι
2722 1318 2857 1371 Ἀνθ’
2890 1312 2948 1370 οὗ
2972 1320 2999 1369 6
3037 1317 3133 1387 μὲν
3178 1316 3432 1378 Ἀκύλαςο
3486 1332 3505 1365 ι
3543 1314 3661 1365 Ὅτι
3699 1311 3869 1383 πέτρα
3916 1327 4017 1381 μου

2465 1410 2558 1462 καὶ
2608 1410 2866 1479 ὀχύρωμά
2914 1425 3032 1477 μου,
3078 1427 3094 1458 ι
3128 1409 3465 1477 ἡρμήνευσεν
3492 1423 3503 1436 ·
3529 1408 3556 1459 6
3598 1406 3653 1458 δέ
3688 1405 4013 1475 Σύμμαχος’

2471 1501 2619 1552 ι”Οτι
2646 1501 2814 1570 πέτρα
2837 1516 2934 1568 μου
2958 1499 3048 1551 καὶ
3071 1500 3351 1568 καταφυγή
3375 1515 3472 1568 μου
3489 1499 3549 1550 σὺ
3562 1494 3627 1549 εἴ.
3644 1516 3661 1548 ι
3682 1515 3775 1546 -ι
3799 1497 3856 1549 '0
3883 1495 4017 1559 Θεός

2467 1610 2588 1663 μου,
2620 1591 2775 1662 ῥῦσαί
2819 1609 2883 1661 με
2916 1595 2978 1645 ἐκ
3002 1591 3180 1663 χειρὸς
3214 1591 3555 1660 ἁμαρτωλοῦ,
3606 1592 3699 1644 καὶ
3734 1590 3797 1642 ἐκ
3839 1587 4019 1661 χειρὸς

2465 1684 2903 1757 παρανομοῦντος
2931 1683 3026 1747 καῖ
3040 1684 3362 1749 ἀδικοῦντος.
3391 1687 3512 1739 Ὅτι
3541 1688 3604 1739 σὺ
3638 1683 3738 1757 εἷή
3775 1687 4016 1759 ὑπομονή

2470 1793 2591 1846 μου,
2622 1776 2812 1847 Κύριε,
2844 1776 3045 1847 ήέλπίς
3077 1793 3179 1846 μου
3204 1777 3267 1829 ἐκ
3285 1777 3529 1847 νεότητός
3552 1795 3671 1848 μου.
3693 1795 3712 1828 ι
3743 1778 3799 1830 Ὀ
3817 1768 4019 1840 τέλειος

2465 1870 2649 1941 ὥσπερ
2710 1870 2838 1924 ἴδιον
2891 1870 3077 1939 κτῆμα
3125 1870 3216 1922 τὸν
3265 1870 3392 1923 Θεὸν
3433 1869 3763 1923 ἐπικαλεῖται
3812 1871 4013 1940 λέγων’

1326 1976 1343 2008 ι
1381 1957 1487 2010 Ero
1519 1957 1735 2010 illorum
1785 1956 1948 2016 Deus,
1997 1965 2047 2008 et
2071 1956 2173 2023 ipsi
2209 1963 2366 2007 erunt
2396 1975 2436 2029 Β
2470 1980 2487 2011 ι
2537 1962 2594 2014 '0
2632 1961 2761 2025 Θεός
2804 1979 2902 2027 μου
2926 1979 2938 1991 ·
2983 1980 3001 2011 ι

2314 1963 2366 2007 ιιι
2396 1975 2436 2029 Β
2470 1980 2487 2011 ι
2537 1962 2594 2014 '0
2632 1961 2761 2025 Θεός
2804 1979 2938 2027 μου·
2983 1980 3001 2011 ι
3048 1962 3371 2033 Ἐπειδήπερ
3422 1962 3715 2031 ἐπαγγελία
3762 1960 3877 2014 ἐστὶ⁸
3919 1960 4012 2014 τοῦ

2463 2051 2595 2103 Θεοῦ
2651 2054 2776 2123 περὶ
2824 2053 2929 2104 τὼν
2975 2052 3136 2118 ἀξίων
3180 2053 3445 2120 λέγουσα’
3500 2072 3516 2103 ι
3569 2053 3797 2123 Ἔσομαι
3838 2051 4017 2106 αὐτῶν

2464 2141 2614 2206 Θεὸς,
2660 2143 2753 2196 καὶ
2792 2143 2942 2195 αὐτοὶ
2988 2142 3196 2195 ἔσονταί
3239 2160 3328 2213 μοι
3382 2142 3528 2205 λαός.
3570 2161 3586 2193 ι
3640 2144 3695 2195 '0
3731 2142 3787 2195 δὲ
3821 2142 4015 2211 λέγων,

2470 2252 2489 2284 ι
2531 2234 2650 2286 Ἐπὶ
2685 2234 2785 2296 σοὶ,
2826 2234 3016 2303 Κύριε,
3047 2232 3267 2303 ἤλπισα,
3305 2252 3323 2284 ι
3357 2235 3449 2286 καὶ
3471 2234 3643 2287 πάντα
3675 2232 3900 2304 δεύτερα
3931 2231 4019 2285 Θέ-

2467 2341 2642 2393 μενος,
2669 2324 2757 2375 ἐπὶ
2791 2324 2944 2394 μόνον
2974 2325 3029 2377 δὲ
3046 2325 3134 2378 τὸν
3169 2324 3305 2377 Θεὸν
3323 2324 3506 2375 ἐαυτὸν
3529 2324 3838 2395 ὲπιρρίψας,
3872 2322 4019 2375 είκό-

2462 2433 2567 2479 τως
2592 2415 2835 2479 εἴποιᾶν,
2869 2436 2886 2466 ι
2936 2417 2992 2469 '0
3020 2417 3149 2479 Θεός
3180 2433 3300 2485 μου.
3340 2434 3357 2466 ι
3401 2414 3685 2484 Ῥυσθῆναι
3714 2414 3770 2467 δὲ
3814 2416 3877 2466 ἐκ
3903 2431 4017 2483 χει-

2466 2508 2555 2578 ρὸς
2624 2507 2944 2579 ἀμαρτωλοῦ
3018 2507 3269 2578 εὔχεται,
3321 2508 3407 2563 ἵνα
3460 2506 3531 2578 μὴ
3580 2509 3699 2569 ταῖς
3755 2506 4015 2574 πράξεσιν

2462 2596 2642 2665 ὅμοιος
2660 2595 2878 2665 γένηται
2900 2594 2974 2664 τῷ
2994 2581 3318 2665 ἀμαραιιλῷ,
3345 2592 3477 2665 μηδὲ
3500 2592 3576 2663 τῷ
3595 2586 4013 2663 παραὲινομοῦντιο

2463 2686 2542 2739 διὸ
2570 2686 2809 2753 ἐπιλέγει
2830 2702 2842 2714 '
2877 2704 2894 2736 ι
2938 2685 3029 2738 Ἐκ
3045 2684 3223 2755 χειρὸς
3257 2684 3599 2755 ἀμαρτωλοῦ,
3635 2685 3728 2736 καὶ
3750 2685 3812 2736 ἐκ
3835 2683 4016 2756 χειρὸς

2465 2778 2899 2850 παρανομοῦντος
2930 2777 3020 2831 καὶ
3048 2774 3354 2841 ἀδικοῦντος
3376 2795 3387 2806 ·
3425 2796 3443 2828 ι
3483 2776 3617 2831 ἀλλά
3640 2777 3733 2830 καὶ
3760 2776 3904 2838 ὅπως
3940 2777 4015 2847 μὴ

2465 2870 2767 2942 ὑποχείριος
2812 2870 3033 2939 γένηται
3083 2872 3193 2932 τοῖς
3241 2868 3517 2932 τοιούτοις,
3562 2868 3793 2937 εὐλόγως
3834 2866 3890 2920 δὲ
3926 2865 4016 2920 τὸν

2463 2961 2592 3013 Θεὸν
2652 2961 2840 3014 ἑαυτοῦ
2894 2961 3024 3014 Θεὸν
3077 2961 3326 3030 ὀνομάζοι
3378 2960 3463 3023 ἂν,
3521 2959 3788 3031 οὒ.μόνον
3823 2958 3909 3012 διά
3948 2956 4019 3013 τὰ

2464 3050 2765 3121 ἔμπροσθεν
2790 3052 3103 3121 λελεγμένα,
3142 3052 3276 3105 ἀλλά
3319 3053 3412 3104 καὶ¹
3446 3051 3531 3105 διὰ
3556 3052 3652 3115 τάς
3686 3051 3810 3123 ἐξῆς
3834 3051 4017 3104 ἐπιλε-

2464 3141 2696 3209 γομένας
2746 3140 2938 3205 αἰτίας.
2982 3144 3052 3196 Σὺ
3095 3144 3202 3214 γάρ
3245 3162 3365 3214 μου,
3406 3145 3557 3214 φησι,
3582 3144 3863 3215 τυγχάνεις
3890 3145 4020 3198 ὑπο-

2469 3233 2619 3304 μονὴ,
2650 3235 2742 3287 καὶ
2774 3234 2834 3287 σύ
2873 3252 2970 3305 μου
3007 3236 3159 3298 ἐλπὶς
3177 3238 3239 3289 ἐκ
3269 3237 3533 3305 νεότητος.
3554 3236 3629 3289 Οὐ
3660 3235 3769 3305 γὰρ
3802 3236 4017 3289 ταῖιποτε

816 3325 1052 3380 διέλιπόν
1086 3342 1144 3378 σε
1185 3324 1485 3395 ὑπομένων,
1522 3321 1639 3375 οὐδὲ
1662 3321 1848 3389 γέγονέ
1882 3338 1963 3384 τις
1992 3320 2201 3391 καιρὸς,
2236 3322 2294 3373 ἐν
2322 3314 2365 3388 ᾧ
2401 3324 2518 3395 οὐχί
2570 3343 2626 3379 σε
2672 3327 2976 3398 προεθέμην
3017 3328 3251 3398 ἐμαυτοῦ
3306 3327 3509 3380 ἐλπίδα.
3540 3320 3638 3380 Ὧν
3691 3327 3857 3397 χάριν.
3908 3328 4017 3380 ῑχε.

817 3422 961 3475 τεύω
989 3421 1051 3472 ἐκ
1081 3419 1260 3491 χειρὸς
1298 3416 1633 3489 ἁμαρτωλῶν
1663 3418 1753 3469 καὶ
1796 3416 2242 3486 παρανομούντων
2279 3417 2556 3489 ρυσθῆναι.

891 3539 1056 3596 Vens.
1088 3540 1141 3603 6,
1174 3540 1222 3594 7.
1258 3557 1276 3590 ι
1308 3537 1364 3593 In
1396 3544 1449 3591 te
1476 3536 1826 3591 conﬁrmatus
1854 3550 1972 3590 sum
1998 3551 2075 3589 ex.
2097 3515 2269 3598 utero,
2292 3537 2357 3590 de
2386 3546 2431 3607 ο

819 3639 1010 3686 ventre
1038 3631 1226 3684 matris
1249 3640 1379 3683 meae
1405 3637 1459 3681 tu
1488 3644 1547 3681 es
1580 3635 1851 3695 protector
1872 3641 2044 3680 meus.
2087 3644 2105 3677 ι
2144 3624 2219 3680 De
2260 3624 2364 3678 Da-

820 3724 906 3777 vid
943 3739 1157 3793 quoque
1190 3722 1297 3774 dici
1324 3722 1497 3775 valeat
1523 3719 1665 3787 quod
1697 3735 1726 3771 a
1760 3727 1945 3772 tenera
1994 3718 2276 3787 juventute
2306 3718 2362 3773 in

819 3816 930 3870 Deo
959 3814 1212 3884 speravit.
1251 3810 1383 3864 Nam
1411 3810 1629 3879 juvenis
1669 3824 1790 3862 cum
1833 3819 1994 3873 esset,
2033 3817 2085 3863 et
2120 3819 2364 3878 pasceret

819 3920 947 3960 oves
982 3904 1148 3959 Jessae
1178 3905 1347 3974 patris
1377 3902 1483 3965 sui,
1520 3901 1622 3955 [ide
1651 3916 1714 3954 ac
1748 3916 1841 3970 spe
1872 3901 1923 3955 in
1957 3900 2143 3963 Deum,
2170 3903 2223 3956 in
2256 3904 2366 3957 leo-

746 3986 765 3991 ﬁ
818 3986 918 4051 nes
952 4005 1004 4051 et
1035 4012 1189 4051 ursos
1221 3995 1481 4057 irruebat,
1526 3999 1583 4046 ut
1627 4000 1866 4046 servaret
1912 4005 2038 4047 oves
2096 4011 2107 4046 :
2164 3994 2362 4047 bonum

823 4095 1094 4158 pastorem
1126 4088 1393 4149 imitatus,
1437 4076 1503 4139 de
1539 4100 1647 4153 quo
1670 4083 1872 4137 dicitur
1904 4102 1917 4136 :
1954 4103 1973 4134 ι
2008 4082 2365 4148 Quemadmo-

823 4180 951 4233 dum
983 4194 1103 4232 cum
1129 4178 1425 4232 extraxerit
1445 4184 1629 4246 pastor
1658 4191 1724 4229 ex
1755 4190 1850 4229 ore
1896 4174 2067 4228 leonis
2097 4174 2205 4229 duo
2237 4190 2364 4227 cru-

821 4287 903 4333 ra,
944 4280 1043 4329 aut
1095 4269 1411 4339 particulam
1463 4268 1720 4321 auricula:
1748 4266 1814 4321 ⁸⁷.
1862 4286 1877 4317 ι
1913 4264 2019 4319 Sed
2052 4268 2210 4321 ctiam
2241 4280 2364 4321 eum

821 4375 955 4430 puer
994 4366 1156 4420 esset,
1194 4357 1443 4427 spiritum
1480 4357 1770 4425 malignum
1816 4374 1880 4411 ex
1916 4358 2075 4411 Saule
2111 4357 2359 4425 peliebat,

823 4453 986 4523 idque
1009 4452 1059 4505 vi
1096 4452 1215 4504 tidei
1249 4458 1304 4504 ct
1332 4449 1446 4518 spei
1478 4448 1533 4501 in
1569 4448 1754 4501 Deum.
1796 4448 2007 4501 Atenim
2055 4448 2107 4501 id
2149 4462 2365 4516 quoque

818 4549 1003 4619 juveni
1034 4546 1277 4607 cuilibet,
1302 4544 1393 4613 qui
1428 4540 1519 4597 Dei
1545 4542 1808 4597 electione
1839 4540 2090 4610 dignatus
2118 4542 2205 4602 sit,
2227 4555 2363 4609 qua—

822 4641 890 4694 lis
922 4646 1037 4693 erat
1067 4636 1403 4699 Timotheus,
1437 4635 1524 4703 qui
1549 4648 1577 4685 a
1605 4649 1769 4702 puero
1806 4648 1987 4687 sacras
2004 4631 2235 4684 Litteras
2258 4630 2367 4684 edi-

820 4732 1048 4791 dicerat,
1085 4728 1263 4782 dicere
1296 4727 1576 4796 competit,
1615 4744 1633 4776 ι
1673 4723 1810 4793 Spes
1841 4740 1955 4777 mea
2007 4738 2035 4775 a
2082 4722 2366 4790 juventute

825 4835 963 4875 mea.
1007 4838 1025 4870 ι
1068 4818 1198 4870 ιιιιιιι
1247 4825 1446 4882 autem,
1485 4835 1502 4867 ι
1548 4817 1605 4870 lu
1644 4826 1694 4869 te
1727 4816 2074 4869 conﬁrmatus
2126 4827 2246 4866 sum
2298 4828 2364 4867 ex

2536 3559 2555 3593 ι
2605 3541 2728 3601 ,Ἐπὶ
2771 3541 2831 3595 σέ
2875 3541 3265 3613 ἐπεστηρίχθην
3306 3540 3412 3595 ἀπὸ
3445 3541 3693 3612 γαστρὸς,
3721 3541 3784 3593 ἐκ
3816 3537 4019 3602 κοιλίας

2467 3631 2671 3703 μητρός
2705 3650 2805 3703 μου
2836 3632 2898 3685 σύ
2930 3649 3027 3703 μου
3068 3627 3117 3684 εἴ
3158 3632 3481 3702 σκεπαστής.
3527 3652 3545 3684 ι
3572 3632 3642 3685 Τὸ
3669 3631 3765 3702 μὲν
3803 3632 3865 3683 ἐκ
3893 3630 4019 3693 νέας

2459 3721 2671 3791 ἡλικίας
2700 3723 2792 3776 ἐπὶ
2840 3722 2931 3774 τὸν
2980 3722 3110 3775 Θεὸν
3138 3721 3373 3786 ἐλπίζειν
3410 3721 3601 3789 λέγοιτ’
3648 3721 3714 3782 ἂν
3756 3720 3850 3775 καὶ
3890 3719 4018 3791 περὶ

2428 3846 2433 3853 ι
2458 3813 2551 3867 τοῦ
2580 3815 2755 3867 Δαυῖδ.
2791 3814 3067 3886 Ἐπείπερ,
3104 3815 3222 3877 νέος
3248 3813 3321 3866 ὣν
3348 3815 3441 3867 καὶ
3470 3815 3768 3884 ποιμαίνων
3796 3812 3862 3867 τὰ
3885 3813 4017 3884 πρό-

2461 3907 2594 3967 ϐατα
2634 3908 2827 3959 Ἰεσσαὶ
2882 3907 2973 3958 τοῦ
3030 3906 3253 3975 πατρὸς,
3290 3905 3463 3958 πίστει
3494 3905 3587 3958 καὶ
3630 3904 3801 3958 ἐλπίδι
3841 3908 3908 3976 τῇ
3936 3906 4018 3971 είς

2456 3998 2548 4050 τὸν
2576 3998 2706 4051 Θεὸν
2739 3999 2830 4050 καὶ
2858 3998 3033 4050 λέουσι
3067 3996 3159 4049 καὶ
3190 3997 3409 4066 ἄρκτοις
3431 3996 3602 4065 ’ἐπῄει
3631 3998 3729 4066 τῆς
3753 3996 3860 4048 τῶν
3890 4012 4017 4066 προ-

2462 4090 2640 4143 ϐάτων
2686 4090 2953 4160 σωτηρίας
2990 4088 3181 4141 ἕνεκα·
3215 4086 3303 4139 τὸν
3331 4084 3489 4138 καλὸν
3526 4085 3853 4156 μιμούμενος
3891 4088 4011 4139 ποι-

2465 4182 2618 4251 μένα,
2654 4181 2781 4252 περὶ
2813 4172 2871 4232 οῦ
2910 4180 3290 4251 εἴρηται-(Ὃν
3308 4179 3503 4249 τρόπον
3536 4179 3661 4233 ὅταν
3703 4178 3954 4251 ἐκσπάσῃ
3976 4179 4011 4239 ῤ

2463 4272 2663 4343 ποιμὴν
2690 4274 2753 4325 ὲκ
2797 4272 3055 4340 στόματος
3085 4270 3176 4324 τοῦ
3213 4271 3421 4334 λέοντος
3458 4269 3550 4323 δύο
3585 4271 3769 4341 σκέλη,
3796 4272 3830 4343 ἦ
3857 4270 4011 4325 λοϐὸν
4054 4310 4057 4313 γ

2463 4363 2638 4415 ὠτίου.
2670 4382 2688 4414 ι
2726 4350 2882 4415 Ἀ’λλά
2913 4365 3004 4415 καὶ
3031 4363 3307 4433 παιδάριον
3328 4362 3404 4415 ὣν
3434 4363 3627 4433 ἡλαυνε
3644 4364 3702 4417 τὸ
3723 4362 4012 4435 πνεῦματὸ

2466 4454 2697 4527 πονηρὸν
2728 4453 2834 4507 ἀπὸ
2854 4454 2946 4507 τοῦ
2984 4454 3153 4509 Σαοὺλ
3180 4454 3402 4524 δυνάμει
3434 4458 3665 4519 πίστεως
3680 4456 3773 4509 καὶ
3801 4454 4012 4518 ἐλπίδος

2462 4541 2561 4609 τῆς
2580 4542 2657 4603 εἰς
2692 4541 2781 4593 τὸν
2806 4541 2955 4595 Θεόν.
2988 4542 3231 4595 Ἐπειδὰν
3254 4546 3345 4597 καὶ
3377 4545 3483 4608 πᾶς
3509 4546 3536 4598 ὁ
3559 4546 3622 4597 ἐκ
3649 4545 3773 4609 νέας
3801 4546 4016 4615 ἡλικίας

2462 4634 2561 4701 τῆς
2593 4629 2731 4684 κατά
2760 4630 2889 4684 Θεὸν
2922 4633 3147 4703 ἐκλογῆς
3180 4634 3601 4709 κατηξιωμένος,
3616 4628 3725 4697 οἷος
3748 4631 3820 4709 ἦν
3844 4635 4014 4704 Τιμόέ
4040 4664 4045 4667 -

2465 4720 2583 4784 θεὸς
2613 4723 2677 4774 ἐκ
2712 4721 2893 4785 παιδὸς
2918 4722 3044 4791 ἆγια
3071 4724 3372 4795 Γράμματα
3422 4724 3757 4797 μεμαθηκὼς
3772 4726 3852 4788 τὸ,
3883 4744 3901 4777 ι
3946 4726 4012 4781 Ἡ

2466 4810 2619 4874 ἐλπίς
2651 4828 2749 4881 μου
2772 4812 2834 4863 ἐκ
2862 4811 3104 4882 νεότητός
3133 4830 3250 4882 μου.
3281 4833 3299 4864 ι
3321 4816 3391 4868 Τὸ
3412 4814 3486 4878 δὲ,
3513 4833 3531 4865 ι
3556 4815 3677 4867 Ἐπὶ
3709 4814 3768 4866 σὲ
3792 4816 4014 4885 ἐπεστη-

825 4924 997 4975 utero,
1029 4912 1096 4965 de
1121 4917 1306 4963 ventre
1332 4908 1523 4961 matris
1542 4923 1671 4962 mea:
1698 4916 1753 4961 tu
1772 4923 1831 4962 es
1858 4913 2130 4976 protector
2153 4917 2357 4966 meus,»
2393 4880 2437 4935 D
2468 4902 2520 4974 ρί

2313 4923 2357 4966 ,ι
2393 4880 2437 4935 D
2468 4880 2659 4974 ρίχθην
2682 4901 2785 4954 ἀπὸ
2814 4880 3062 4971 γαστρὸς,
3089 4880 3150 4953 ἐκ
3177 4902 3378 4967 κοιλίας
3414 4904 3613 4975 μητρός
3663 4920 3782 4973 μου,
3813 4902 3875 4956 σύ
3908 4880 4011 4975 μου

825 5005 927 5060 soli
952 5001 1237 5056 conveniat
1272 4998 1537 5051 Salvatori
1566 5005 1769 5057 nostro,
1792 4999 1883 5067 qui
1916 4995 2296 5051 immaculatns
2312 5004 2368 5049 et

825 5096 957 5148 tnlnl
989 5092 1305 5159 inquinatus
1334 5098 1451 5142 crat
1496 5103 1604 5158 quo
1645 5095 1885 5157 tempore
1915 5089 1970 5140 in
2003 5095 2156 5141 utero
2191 5094 2368 5156 gesta-

826 5190 999 5235 tiatnr.
1029 5178 1160 5232 Nam
1183 5177 1385 5245 reliqui
1417 5176 1662 5229 homines
1695 5190 1901 5237 omnes,
1944 5175 2073 5243 dum
2096 5184 2250 5229 utero
2270 5188 2364 5243 ge-

828 5272 1061 5326 stinnlur
1105 5278 1158 5323 et
1186 5270 1411 5339 primam
1460 5266 1705 5336 corporis
1757 5265 2192 5321 constitutionem
2227 5264 2365 5318 acci-

828 5364 997 5433 piunt,
1038 5364 1193 5431 quasi
1225 5363 1330 5415 ritu
1360 5361 1663 5431 plantarum
1691 5360 1953 5423 viventes,
1984 5375 2158 5429 neque
2189 5358 2364 5414 sensi-

825 5457 923 5511 bus
971 5469 1144 5523 neque
1195 5462 1372 5509 mente
1424 5467 1616 5508 sensus
1665 5458 1923 5523 sequente
1966 5459 2221 5517 utuntur;
2267 5448 2361 5505 sed

828 5548 983 5601 etiam
1020 5547 1138 5617 ipsa
1170 5547 1414 5616 principe
1439 5545 1605 5599 animi
1642 5553 1795 5613 parte
1826 5529 1880 5599 et
1925 5539 2103 5599 mente
2124 5541 2361 5610 demersi

823 5640 958 5695 nihil
984 5655 1013 5692 a
1045 5653 1224 5693 verme
1263 5636 1535 5691 differunt.
1571 5633 1673 5700 Qui
1704 5644 1882 5689 autem
1914 5632 2021 5687 Deo
2045 5634 2196 5697 dicit,
2244 5650 2263 5682 ι
2304 5630 2361 5684 ln

824 5738 877 5783 te
904 5728 1252 5783 conﬁrmatus
1302 5741 1419 5780 sum
1464 5741 1527 5780 ex
1563 5733 1733 5788 utero,
1773 5742 1791 5774 ι
1844 5737 1948 5775 non
1995 5722 2152 5776 modo
2182 5736 2240 5775 se
2268 5718 2358 5772 Dei

2464 4982 2515 5057 εἴ
2560 4988 2885 5056 σκεπαστὴς,
2924 5006 2941 5037 ι
2975 4987 3117 5057 μόνῳ
3142 4988 3206 5043 ἂν
3256 4991 3482 5063 ἁρμόζοι
3502 4990 3580 5061 τῷ
3611 4991 3820 5062 Σωτῆρι
3856 4993 4014 5063 ἡμῶν

2466 5077 2717 5147 ἀθολωτῳ
2766 5077 2859 5129 καὶ
2903 5076 3184 5147 ἀσυγχύτῳ
3238 5080 3506 5149 γενομένῳ
3557 5077 3675 5131 καθ’
3737 5078 3794 5129 δν
3855 5082 4014 5132 ἐκυο-

2468 5173 2681 5241 φορείτο
2705 5168 2906 5238 καιρόν.
2936 5169 2997 5221 υί
3033 5169 3128 5239 μὲν
3154 5170 3260 5240 γάρ
3302 5170 3473 5223 λοιποὶ
3513 5168 3711 5232 πάντες
3741 5168 4027 5241 ἄνθρωποι

2466 5260 2524 5311 ἐν
2558 5261 2634 5329 τῷ
2666 5258 2996 5323 κυΐσκεσθαι,
3046 5260 3139 5313 καὶ
3185 5260 3403 5333 πρώτην
3430 5259 3719 5329 λαμϐάνειν
3757 5259 4013 5315 σύστασιν

2466 5352 2558 5405 τοῦ
2592 5352 2854 5423 σώματος,
2890 5352 3114 5424 φυτικὴν
3134 5351 3318 5423 ὥσπερ
3339 5351 3482 5420 ζωὴν
3510 5351 3727 5417 ζῶντες,
3755 5351 3875 5406 οὔτε
3903 5353 4014 5415 τοῖς

2464 5443 2554 5495 τοῦ
2577 5442 3216 5515 σώματοςαίσθητηρίοις,
3240 5441 3361 5496 οὔτε
3372 5443 3437 5511 τῇ
3451 5441 3654 5513 διανοίᾳ
3676 5442 4012 5514 παρακολου-

2466 5534 2628 5606 θούσῃ
2679 5524 3001 5606 κέχρηνται·
3039 5535 3171 5611 ἀλλά
3205 5535 3297 5589 καὶ
3326 5533 3385 5586 τὸ
3412 5532 3730 5604 ἡγεμονικὸν
3752 5531 3881 5586 αὐτὸ
3916 5530 4012 5589 καὶ

2464 5627 2553 5680 τὸν
2582 5627 2702 5681 νοῦν
2734 5625 3144 5697 βεϐαπτισμένοι
3170 5666 3183 5689 ,
3211 5625 3360 5680 οὐδὲν
3389 5624 3665 5696 σκώληκος
3691 5618 4011 5691 διενέγκοίν

2466 5719 2550 5772 ἀν.
2596 5720 2654 5771 '0
2687 5718 2741 5773 δὲ
2784 5718 2953 5787 λέγων
2978 5718 3069 5789 τῷ
3106 5717 3243 5788 Θεῷ,
3283 5718 3471 5787 ινἘπὶ
3516 5719 3574 5773 σὲ
3619 5711 4009 5786 ἐπεστηρίχεην

891 5885 936 5915 ⁸⁸
970 5881 1113 5941 Psal.
1151 5897 1278 5944 xu,
1312 5879 1363 5935 3.
1437 5879 1705 5935 "Ezech.
1747 5892 1950 5943 sum,
1976 5876 2064 5931 25.
2143 5875 2185 5908 ⁸⁷
2213 5873 2376 5929 Amos
2401 5887 2479 5936 tn,
2504 5834 2588 5925 η.
