4300 6442
274 546 375 599 ’ἕτῖ

1380 537 1867 591 (ῙΟΜΜΕΝΤΑΒΙᾹ
1911 536 1971 590 ΙΝ
2010 537 2342 593 PSALMOS'.

3341 543 3438 592 ηδ

262 662 370 716 ἀπὸ
396 657 646 727 γαστρὸς,
685 675 701 707 ι
735 656 795 708 οὑ
830 654 986 724 μόνον
1014 654 1207 722 γνῶσιν
1249 656 1496 721 ἐμφαίνει
1520 654 1810 722 κεκτῆσθαι
1840 662 1880 713 Α
1912 668 1960 705 ρ(

1735 654 1810 706 lat
1840 662 1880 713 A
1912 640 2218 723 cognitione
2240 654 2500 708 imbutum
2534 654 2700 708 fuisse
2743 653 2998 717 ostendit,
3021 655 3115 709 sed
3139 655 3301 709 etiam
3332 668 3433 705 ina-

262 749 417 811 Θεοῦ,
446 746 575 800 ἀλλὰ
609 748 699 803 καὶ
727 746 980 817 μεγίστην
1008 744 1201 813 ἀρετὴν
1240 742 1481 812 φιλοθέου
1513 744 1806 812 δονάμεως,

260 840 326 893 δι’
356 837 424 911 ἦς
440 840 525 890 ἐπ’
560 838 718 891 αὑτὸν
758 837 847 889 τὸὺ
880 837 1008 888 Θεὸν
1063 837 1391 907 ἐστηρίζετο.
1434 838 1541 889 Καὶ
1577 835 1811 898 τοιοῦτος

260 927 329 1001 ἦν
378 931 727 998 κυῐσκόμενος
764 927 853 979 καὶ
898 929 953 978 ὲν
982 928 1177 996 γαστρὶ⁸
1209 930 1303 997 τῆς
1327 926 1528 997 μητρὸς
1578 924 1808 993 συλλαμ-

261 1017 573 1079 ϐανόμενος.
597 1016 668 1067 Τὸ
692 1015 769 1075 δὲ,
808 1032 825 1063 ι
874 1016 964 1066 Ἐκ
1003 1013 1203 1076 κοιλίας
1232 1015 1431 1084 μητρός
1468 1009 1641 1083 μουέἷ
1689 1030 1810 1065 σκε-

262 1113 491 1175 παστης,
518 1126 533 1155 ι
572 1105 788 1158 δύναται
818 1107 908 1157 καὶ
929 1106 1017 1156 ἐπὶ
1046 1106 1256 1157 πάντων
1292 1105 1563 1173 ἁρμόζειν.
1603 1105 1663 1157 Εἰ
1706 1104 1809 1175 γάρ

266 1198 340 1265 μὴ
391 1198 523 1249 Θεοῦ
576 1190 801 1265 δύναμις
842 1195 1093 1265 ἐφρούρει
1140 1196 1231 1247 καθι
1282 1194 1540 1262 ἐφύλαττε
1572 1195 1632 1246 τὸ
1672 1194 1811 1247 κατὰ

261 1287 495 1358 γαπρὸς
533 1278 901 1355 προϊσχόμενον,
944 1287 1047 1338 οὐδ’
1078 1284 1142 1338 ἂν
1190 1286 1434 1354 συνέστη,
1470 1286 1655 1338 οὐδ’ἆν
1687 1303 1810 1355 μετ-

260 1376 387 1445 έσχε
425 1375 591 1447 ζωῆς,
634 1379 768 1446 μήτε
798 1380 946 1428 πνεῖν
971 1375 1280 1444 δυνάμενον,
1304 1377 1439 1445 μήτε
1470 1378 1579 1437 τοῖς
1609 1376 1809 1438 λοιποῖς

264 1465 559 1535 κεχρῆσθαι
587 1466 971 1534 αἰσθητηρίοις.
1024 1465 1186 1517 Πάλιν
1220 1464 1277 1516 δὲ
1309 1464 1400 1515 καὶ
1435 1465 1490 1513 ἐν
1519 1464 1689 1532 τούτῳ
1722 1464 1807 1514 λέ-

261 1568 393 1619 γων,
427 1570 444 1602 ι
477 1552 545 1604 Σύ
593 1570 691 1622 μου
733 1550 781 1604 εἴ
823 1554 1145 1622 σκεπαστής,
1186 1572 1202 1603 ι
1236 1552 1509 1619 ἐνέφαινεν
1541 1552 1809 1621 ἐξαίρετόν

262 1659 316 1692 τι
344 1642 798 1713 ἐσχηκέναιηπαρὰ
813 1644 935 1705 τοὺς
956 1642 1169 1704 λοιποὺς
1195 1642 1316 1704 τοὺς
1341 1646 1394 1694 ἐν
1416 1643 1587 1711 κοιλίᾳ
1610 1643 1810 1712 μητρὸς

264 1731 675 1802 συλληφθέντας.
734 1734 881 1803 Τάχα
924 1733 1030 1803 γὰρ
1074 1734 1161 1784 ἐπὶ
1202 1734 1296 1801 μὲν
1340 1735 1435 1803 τῆς
1476 1733 1580 1784 τῶν
1612 1732 1810 1785 λοιπῶν

262 1820 563 1892 ἀνθρώπων
595 1824 854 1888 γενέσεως
883 1823 1026 1877 ἄλλοι
1052 1825 1190 1885 τινὲς
1218 1826 1575 1893 ἐφεστήκασιν
1596 1825 1810 1891 ἄγγελοι

261 1910 659 1981 διακονούμενοι
704 1917 765 1982 τῇ
797 1898 1021 1966 ἑκάστου
1066 1916 1143 1977 εἰς
1169 1914 1257 1966 τὸν
1292 1914 1401 1982 βίον
1436 1915 1681 1984 παρόδῳ·
1721 1915 1809 1965 ἐπὶ

1906 759 2063 811 gnam
2097 758 2155 799 se
2182 743 2452 807 virtutem,
2488 744 2701 811 vimque
2733 743 2930 797 amoris
2960 758 3087 812 erga
3124 745 3309 805 Deum,
3336 756 3441 811 qua

1906 831 1959 882 in
1995 832 2115 898 ipso
2152 831 2593 896 conﬁrmabatur,
2631 833 2883 885 habuisse
2912 833 3263 885 demonstrat.
3294 829 3442 883 Talis

1907 930 2082 975 autem
2112 923 2170 975 in
2208 934 2360 977 utero
2389 932 2442 978 et
2491 923 2545 976 in
2587 930 2771 976 ventre
2818 922 3006 975 matris
3033 921 3325 975 conclusus
3354 922 3443 972 ille

1906 1023 2042 1067 erat.
2076 1014 2211 1067 Illud
2238 996 2388 1077 vero,
2425 1033 2444 1065 ι
2481 1014 2557 1068 De
2576 1022 2764 1068 ventre
2788 1015 2973 1066 matris
2996 1027 3124 1066 mea:
3150 1019 3212 1064 tu
3234 1026 3293 1065 es
3317 1026 3445 1080 pro‘

1906 1114 2095 1168 tector,
2128 1125 2148 1155 ι
2200 1106 2452 1161 omnibus
2486 1107 2777 1159 convenire
2801 1105 2991 1175 possit.
3020 1103 3132 1157 Nisi
3172 1103 3313 1156 enim
3347 1102 3441 1155 Dei

1905 1194 2077 1248 virtus
2108 1195 2404 1249 custodiret
2448 1212 2510 1248 ae
2563 1204 2805 1250 servaret
2856 1194 3021 1247 fetum
3070 1194 3231 1257 uteri,
3266 1207 3442 1261 neque

1908 1285 2255 1351 formaretur,
2307 1303 2481 1356 neque
2525 1288 2648 1340 vitae
2698 1288 2968 1356 particeps
2994 1295 3155 1349 esset,
3192 1300 3314 1339 cum
3344 1299 3445 1338 nec
3500 1296 3503 1297 '

1907 1378 2195 1445 respirare,
2224 1393 2322 1432 nec
2362 1379 2583 1448 reliquis
2627 1378 2875 1433 sensibus
2929 1379 3006 1431 uti
3052 1378 3268 1429 valeret.
3305 1376 3445 1429 Rur-

1907 1479 2133 1535 sumque
2151 1457 2273 1520 cum
2306 1467 2459 1531 dicit,
2483 1486 2500 1517 ι
2526 1467 2606 1521 Τιι
2623 1484 2682 1523 es
2710 1475 2982 1537 protector
3014 1482 3184 1525 meus.
3210 1486 3227 1516 ι
3258 1481 3315 1520 se
3348 1466 3446 1517 ali-

1905 1554 2035 1623 quid
2058 1557 2404 1624 praestantius
2431 1558 2655 1637 reliquis
2690 1558 2998 1612 hominibus
3032 1558 3087 1610 in
3116 1565 3303 1610 ventre
3332 1570 3447 1607 ma-

1906 1645 2006 1699 tris
2066 1648 2340 1715 conceptis
2405 1648 2659 1701 habuisse
2716 1656 3123 1702 commonstrat.
3194 1646 3459 1700 Fortasse.

1906 1736 2102 1802 quippe
2134 1735 2187 1787 in
2229 1736 2560 1805 reliquorum
2590 1737 2870 1789 hominum
2892 1730 3235 1806 generatione
3267 1737 3439 1805 angeli

1882 1822 2126 1890 ‘quidam
2148 1823 2350 1877 adsunt
2384 1824 2721 1894 singulorum
2760 1824 2826 1876 ad
2855 1826 3023 1877 vitam
3052 1824 3316 1893 ingressui
3345 1825 3446 1876 mi-

1911 1912 2238 1978 nistrantes;
2270 1916 2323 1966 in
2351 1913 2693 1981 generatione
2719 1927 2843 1966 vero
2878 1912 3179 1965 Servatoris
3210 1912 3323 1981 ipse
3345 1910 3448 1963 Pa-

262 2000 319 2059 δὲ
348 1999 448 2069 τῆς
477 2002 735 2068 γενέσεως
786 2003 877 2055 τοῦ
934 2004 1179 2074 Σωτῆρος
1202 2044 1214 2067 ,
1248 2004 1404 2066 αὑτὸς
1437 2000 1503 2073 ἦν
1550 2006 1577 2055 ὁ
1624 2004 1804 2074 Πατὴρ
1839 1998 1877 2051 Β
1908 2009 1959 2056 te

1748 2004 1804 2074 ηρ
1839 1998 1877 2051 Β
1908 2009 1988 2056 ter
2018 2009 2290 2070 protector
2317 2002 2434 2071 ejus
2462 2009 2610 2069 erat;
2643 2016 2809 2071 quare
2843 2002 2897 2055 in
2940 2004 3057 2071 ipso
3087 2001 3446 2054 conﬁrmaba~

265 2092 571 2162 σκεπαστὴς
598 2091 757 2146 αὑτοῦ
782 2096 1090 2165 γιγνόμενος
1111 2112 1122 2123 ·
1159 2096 1235 2146 διὸ
1257 2096 1347 2147 καὶ
1376 2097 1467 2147 ἐπὶ
1506 2096 1663 2149 αὑτὸν
1711 2096 1809 2148 ὲπ-

262 2184 596 2255 εστηρίζετο.
633 2185 815 2248 Οὕτως
861 2186 1145 2249 διαπαντὸς
1196 2207 1213 2238 ι
1265 2188 1493 2257 ὑμνησιν
1544 2209 1563 2239 ι
1618 2189 1806 2242 ἑαυτοῦ

261 2272 375 2346 εἶχε
404 2277 492 2328 τὸν
526 2277 757 2348 Πατέρα.
788 2278 876 2329 Διὸ
907 2279 1141 2347 ἐπιλέγει
1161 2298 1173 2311 ·
1213 2298 1231 2329 ι
1284 2282 1369 2333 Ἐν
1393 2282 1473 2333 σοὶ
1504 2284 1534 2350 ἡ
1580 2280 1810 2350 ὑμνησίς

266 2384 369 2435 μου
395 2367 696 2430 διαπαντός,
731 2388 748 2419 ι
776 2370 847 2420 Οὑ
876 2369 983 2439 γὰρ
1023 2370 1227 2423 δι’έλιπέ
1268 2388 1387 2423 τινα
1418 2372 1602 2441 καιρὸν
1630 2372 1809 2441 ὑμνῶν

261 2454 354 2508 τὸν
405 2454 637 2526 Πατέρα,
696 2456 728 2526 ἢ
784 2459 875 2510 καὶ
921 2459 1250 2529 ὑμνούμενος
1305 2462 1393 2512 ὑπ’
1424 2461 1585 2513 αὑτοῦ
1626 2463 1715 2514 ἐπὶ
1743 2465 1807 2532 τῇ

261 2546 493 2617 τοσαύτῃ
515 2549 744 2618 ὑπακοῇ.
792 2550 950 2611 Ἀλλ’,
993 2551 1058 2601 Ἠ
1089 2550 1183 2619 μὲν
1207 2550 1334 2620 ἐμή,
1371 2552 1550 2618 φησὶν,
1587 2552 1806 2612 αἵνεσις,

260 2636 295 2706 ἢ
324 2636 415 2689 καὶ
448 2638 673 2707 ὑμνησις
702 2642 757 2691 ὲν
791 2640 872 2690 σοὶ
892 2640 1077 2708 γέγονε
1106 2640 1410 2701 διαπαντός.
1443 2641 1504 2692 Οἰ
1533 2640 1587 2690 δὲ
1628 2639 1809 2691 πολλοὶ

260 2724 369 2776 τῶν
413 2725 729 2795 ἀνθρώπων,
780 2728 943 2797 μηδὲν
977 2729 1175 2782 τούτων
1214 2729 1579 2797 ἐπιστάμενοι,
1625 2727 1809 2797 ὥσπερ

260 2814 420 2881 τέρας
449 2816 738 2885 ὲκτήσαντό
779 2834 864 2886 με.
894 2818 1182 2888 Τεράστιον
1204 2818 1332 2884 γοῦν
1365 2834 1418 2869 τι
1451 2820 1680 2888 πρᾶγμα
1700 2822 1809 2882 τοῖς

262 2904 473 2967 πολλοῖς
526 2907 804 2975 ἐγενόμην,
856 2906 929 2969 ὡς
956 2908 1182 2976 διάφορα
1228 2908 1353 2979 περὶ
1400 2908 1533 2977 ἐμοῦ
1572 2908 1809 2974 δοξάζειν

262 2992 457 3055 αὑτούς
477 3011 491 3023 ·
534 2994 626 3045 καί
659 3012 803 3056 τινας
847 2996 943 3064 μὲν
966 2994 1095 3047 Θεὸν
1125 2992 1261 3048 εἶναι
1291 2998 1525 3065 ἄσαρκον
1558 2999 1648 3051 καὶ
1670 2998 1811 3051 ἀσώ-

264 3101 450 3154 ματον,
494 3084 707 3155 δοκήσει
762 3087 917 3154 μόνον
966 3086 1193 3153 ὀφθέντα
1242 3089 1332 3139 ἐπὶ
1374 3089 1496 3159 γῆς,
1540 3089 1808 3158 ἡγεῖσθαι,

259 3173 413 3237 τινάς
439 3174 493 3227 δὲ
521 3176 671 3244 ψιλὸν
701 3176 997 3246 ἄνθρωπον,
1038 3177 1111 3240 ὡς
1144 3178 1305 3247 μηδὲν
1336 3178 1491 3231 πλέον
1517 3178 1662 3250 παρὰ
1687 3182 1810 3244 τοὺς

262 3263 478 3327 λοιποὺς
501 3266 767 3335 ἐσχηκότα
790 3284 801 3295 ·
830 3269 922 3320 καὶ
955 3268 1143 3331 ἄλλους
1168 3269 1267 3338 μὲν
1297 3272 1452 3338 ἀραῖς
1486 3272 1577 3324 καὶ
1609 3270 1808 3341 δυσφη-

264 3356 413 3422 μίαις
447 3356 784 3421 ὑποϐάλλειν,
804 3358 1021 3430 ἑτέρους
1052 3360 1106 3411 δὲ
1138 3360 1311 3413 σέϐειν
1351 3362 1441 3413 καὶ
1470 3366 1806 3433 προσκυνεῖν.

262 3446 436 3517 Τέρας
460 3447 515 3498 δὲ
541 3450 653 3510 τοῖς
680 3450 841 3499 πᾶσιν
871 3447 1083 3518 άληθῶς
1107 3449 1324 3516 γέγονεν
1359 3451 1387 3503 ὁ
1412 3452 1542 3521 ἐμὸς
1567 3452 1810 3516 θάνατος.
1832 3488 1839 3493 -

261 3535 334 3587 Τὸ
366 3535 475 3607 γὰρ
504 3537 728 3607 σταυρὸν
777 3538 1059 3606 ὑπομεῖναι
1104 3537 1231 3589 Θεὸν
1267 3540 1411 3603 ὄντα,
1458 3543 1549 3594 καὶ
1590 3541 1811 3596 τοιαῦτα

262 3626 451 3679 παθεῖν
490 3624 578 3678 τὸν
627 3628 830 3697 ἑτέροις
877 3625 1019 3697 ζωὴν
1074 3630 1479 3699 κεχαρισμένον,
1530 3632 1691 3703 τέρας
1743 3626 1811 3703 ἦν

260 3716 490 3786 ἀληθῶς.
543 3714 631 3767 Διό
675 3731 866 3785 φησιν·
916 3732 935 3766 ι
992 3716 1132 3767 Ὠσεὶ
1185 3717 1346 3785 τέρας
1392 3717 1650 3789 ἐγενήθην
1701 3724 1811 3784 τοῖς

262 3806 489 3868 πολλοῖς.
529 3825 547 3856 ι
590 3804 724 3858 Ἀλλ’
749 3807 805 3859 ὲν
837 3808 967 3860 πᾶσι
1000 3808 1202 3869 τούτοις
1229 3808 1313 3869 σὺ,
1341 3810 1489 3875 φησι,
1527 3826 1544 3859 ι
1572 3807 1760 3879 βοηθός
1786 3830 1802 3859 ι

263 3916 362 3967 μου
397 3898 626 3965 γέγονας
659 3916 677 3947 ι
713 3898 969 3969 κραταιός
991 3915 1002 3927 ·
1048 3918 1066 3948 ι
1103 3898 1221 3951 οὑδὲ
1252 3898 1358 3969 γὰρ
1389 3898 1542 3952 ἄλλον
1582 3901 1810 3971 ἐκτησά-

262 4007 368 4059 μην
402 3988 611 4059 βοηθόν.
639 3988 819 4041 Πάντα
846 3989 952 4059 γὰρ
978 3985 1045 4059 ἦν
1075 3990 1297 4060 δεύτερα
1323 3990 1413 4043 καὶ
1441 3990 1809 4061 ὑποϐεϐηκότα

257 4082 356 4152 τὴν
386 4080 522 4151 ὲμὴν
570 4080 791 4150 δύναμιν
815 4096 827 4108 ’
858 4083 921 4135 σὺ
966 4081 1021 4135 δὲ
1059 4080 1233 4151 μόνος,
1266 4081 1323 4134 ὃν
1358 4082 1545 4136 ἐλπίδα
1577 4083 1807 4151 ἐμαυτὸν

259 4168 681 4242 ὑπέγραψάμην,
725 4191 743 4223 ι
775 4172 963 4242 βοηθός
998 4192 1015 4224 ι
1044 4190 1143 4243 μου
1177 4173 1401 4241 γέγονας
1431 4192 1450 4225 ι
1474 4174 1745 4244 κραταιός.
1784 4193 1801 4225 ι

260 4262 366 4315 Καὶ
421 4261 561 4313 κατά
603 4264 691 4315 τὸν
720 4262 1009 4332 Σύμμαχον
1045 4263 1103 4315 δὲ
1140 4264 1339 4335 ὁμοίως
1381 4265 1619 4335 εἴρηται·
1651 4285 1669 4317 ι
1719 4268 1806 4319 Σο).

259 4349 658 4421 ἐπεστηρίχθην
696 4352 805 4404 ἀπὸ
845 4353 1096 4423 γαστρὸς,
1133 4357 1239 4408 ἀπὸ
1268 4356 1374 4408 τῶν
1414 4358 1690 4412 ὲνδοσθίων
1711 4362 1806 4431 τῆς

260 4440 465 4512 μητρός
510 4457 610 4510 μου
662 4442 725 4493 σὺ
771 4442 975 4504 ἐπείδές
1021 4460 1108 4513 με.
1138 4446 1231 4508 Εἰς
1267 4447 1325 4499 σὲ
1365 4449 1395 4517 ἡ
1432 4447 1664 4521 ἀναμονή
1704 4469 1803 4519 μου

258 4532 564 4603 ἐνδελεχῶς,
594 4532 724 4585 ὡσεὶ
753 4533 913 4602 τέρας
956 4534 1219 4605 ἐγενόμην
1243 4540 1354 4600 τοῖς
1377 4540 1616 4601 πολλοῖςο
1657 4544 1719 4595 σὺ
1749 4543 1804 4595 δὲ

257 4625 577 4695 πεποίθησίς
617 4640 715 4695 μου
748 4624 960 4695 ἰσχυρά.
997 4644 1016 4675 ι
1160 4632 1168 4645 ’

333 4757 351 4791 ι
380 4736 722 4810 Πληρωθήτω
736 4737 796 4789 τὸ
817 4737 986 4808 στόμα
1000 4756 1097 4808 μου
1114 4739 1387 4806 αἰνέσεως,
1412 4744 1557 4806 ὅπως
1583 4745 1805 4815 ὑμνήσω

257 4830 355 4902 τὴν
376 4829 529 4898 δόξαν
563 4846 676 4891 σου,
702 4828 827 4900 ὃλην
857 4830 953 4899 τὴν
975 4830 1182 4902 ἡμέραν
1220 4830 1318 4901 τὴν
1342 4835 1804 4907 μιγαλοπρέπειὰν
1840 4834 1841 4837 “

260 4936 376 4974 σου.
410 4939 429 4971 ι
462 4920 599 4991 Ἤδη
634 4922 729 4991 μὲν
762 4920 895 4974 κατὰ
936 4920 1026 4973 τὸν
1061 4918 1391 4991 παρελθόντα
1422 4925 1610 5005 χρόνον
1633 4924 1804 4996 ὑμνη-

260 5006 342 5069 σίς
369 5024 491 5083 μου,
515 5010 697 5079 φησὶν,
745 5010 801 5061 ὲν
845 5007 926 5062 σοὶ
952 5007 1138 5076 γέγονε
1161 5008 1445 5072 διαπαντός
1465 5026 1477 5039 ·
1514 5011 1650 5083 πλὴν
1671 5012 1805 5067 ἀλλὰ

256 5096 353 5150 καὶ
372 5081 499 5167 napi
529 5096 623 5149 τοῦ
650 5096 925 5168 μέλλοντος
942 5095 1148 5166 δέομαι,
1176 5095 1251 5160 ὼς
1277 5095 1343 5151 ἂν
1367 5096 1555 5169 μέχρις
1571 5081 1804 5169 ἐσχάτης

255 5186 404 5256 ὥρας
432 5185 528 5239 τοῦ
561 5186 672 5257 βίου
701 5189 763 5242 τὸ
797 5188 965 5259 στόμα
993 5203 1091 5257 μου
1121 5186 1221 5255 τῆς
1254 5186 1352 5255 σῆς
1386 5188 1639 5251 αἰνέσεως
1669 5189 1804 5259 πλη-

257 5275 416 5346 ρῷτο,
445 5276 539 5329 καὶ
563 5276 732 5339 οὕτως
749 5295 812 5347 γε
840 5276 1107 5350 πληρῷτο,
1135 5277 1210 5339 ὡς
1240 5274 1439 5347 μηδένα
1473 5274 1653 5346 χώραν
1678 5296 1799 5350 alo.

255 5364 520 5428 λάζουσαν
566 5364 706 5435 [xciv
764 5368 891 5439 πρὸς
920 5369 981 5422 τὸ
1012 5366 1136 5422 ἄλλο
1181 5382 1232 5418 τι
1269 5364 1610 5434 φθέγγεσθαι,
1667 5368 1801 5439 μηδὲ

254 5454 558 5527 ἀνθρώποις
605 5456 855 5523 ὁμιλεῖν-η
889 5460 980 5521 καὶ
1024 5457 1177 5511 τοῦτό
1232 5472 1343 5526 μοι
1375 5454 1611 5526 ὑπάρξαι
1664 5459 1799 5523 ἀξιῶ

256 5546 395 5603 κατὰ
425 5546 601 5600 πᾶσαν
627 5547 857 5618 ἡμέραν,
883 5550 974 5605 καὶ
997 5552 1055 5604 ἐν
1078 5550 1155 5622 τῷ
1183 5547 1339 5602 παντὶ
1362 5548 1534 5618 χρόνῳ
1553 5550 1799 5622 τῆςδμῆς

258 5639 402 5709 ζωῆς
418 5638 501 5710 μὴ
529 5638 963 5719 ἀποστερηθῆναι
979 5643 1071 5697 καὶ
1086 5643 1447 5715 ἀπορριφῆναι
1478 5639 1677 5719 ταύτης
1700 5642 1799 5713 τῆς

255 5731 494 5802 χάριτος,
515 5726 615 5782 κᾶν
642 5727 736 5781 ἐπὶ
760 5712 959 5801 γήραος
987 5733 1125 5804 οὐδῷ
1274 5730 1489 5803 φθάσαι,
1520 5712 1654 5802 μηδὲ
1700 5734 1797 5803 μέ-

256 5820 1148 5898 χριςὲσχάτηςτελευτῆςᾶλλοτίμε
1162 5826 1383 5899 πράττει
1428 5826 1455 5895 ἦ
1483 5823 1797 5895 ,τληροῦσθαι

256 5913 313 5965 τὸ
338 5912 509 5978 στόμα
536 5929 636 5980 μου
660 5913 754 5983 τῆς
788 5912 886 5982 σῆς
918 5916 1169 5979 αἰνέσεως
1190 5919 1281 5971 καὶ
1318 5916 1413 5986 τῆς
1447 5915 1543 5985 σῆς
1574 5916 1797 5986 μεγαλο-

496 6007 756 6068 Parant.
790 6005 906 6068 Gn.
944 6009 1174 6073 XXIII.

1912 2100 2020 2144 tur.
2057 2090 2147 2144 Sic
2187 2107 2398 2161 semper
2452 2093 2882 2153 c’cantationem
2916 2111 2934 2143 ι
2971 2093 3156 2146 habuit
3186 2093 3241 2145 in
3269 2090 3447 2145 Patris

1910 2180 2144 2237 laudem.
2178 2181 2355 2246 Quare
2384 2183 2570 2237 subdit
2604 2201 2616 2235 :
2660 2202 2677 2233 ι
2716 2181 2771 2235 ln
2803 2190 2855 2237 te
2882 2183 3117 2236 cantatio
3147 2197 3263 2237 mea
3308 2197 3448 2235 sem-
3496 2240 3497 2243 η

1910 2286 2022 2339 per.
2068 2290 2087 2322 ι
2122 2271 2339 2326 Nullum
2386 2277 2528 2328 enim
2559 2274 2903 2344 praetermisit
2942 2283 3175 2344 tempus,
3209 2274 3337 2341 quin
3368 2274 3448 2326 vel

1909 2361 2122 2417 Patrem
2152 2363 2369 2435 hymnis
2419 2366 2737 2430 celebraret,
2782 2367 2863 2420 vel
2916 2365 2985 2419 ab
3014 2368 3133 2435 ipso
3177 2380 3273 2435 pro
3301 2374 3446 2417 tanta

1908 2454 2264 2523 obsequentia
2311 2457 2694 2511 celebraretur.
2748 2455 2946 2511 Verum
3002 2460 3096 2521 ait,
3144 2455 3286 2510 Laus
3339 2457 3450 2509 sive

1909 2544 2147 2597 cantatio
2168 2560 2285 2599 mea
2309 2546 2363 2599 in
2382 2556 2433 2602 te
2450 2546 2552 2600 fuit
2575 2562 2806 2617 semper.
2834 2546 3119 2601 Hominum
3144 2561 3273 2600 vero
3300 2546 3449 2599 multi

1909 2632 2101 2685 horum
2130 2635 2324 2703 ignari,
2362 2646 2618 2706 tanquam
2659 2639 2963 2708 prodigium
3005 2654 3092 2693 me
3125 2638 3451 2692 habuerunt.

1909 2719 2283 2791 Prodigiosum
2322 2730 2450 2795 ergo
2482 2726 2757 2795 quidpiam
2806 2728 2990 2783 multis
3032 2727 3255 2783 eﬂectus
3308 2742 3450 2791 sum,

1909 2811 1981 2865 ita
2010 2821 2068 2864 ut
2109 2813 2162 2866 in
2215 2816 2394 2869 varias
2429 2817 2496 2869 de
2546 2833 2631 2871 me
2665 2818 2966 2872 'sententias
3001 2819 3247 2882 abirent;
3277 2826 3330 2873 et
3361 2819 3451 2872 alii

1909 2900 2123 2971 quidem
2154 2900 2320 2956 Deum
2349 2918 2513 2959 carne
2555 2920 2781 2958 vacuum
2810 2914 2865 2959 et
2893 2907 3291 2973 incorporeum,
3336 2908 3450 2961 sola

1909 2988 2087 3056 specie
2110 2990 2283 3044 visum
2312 2991 2369 3045 in
2399 2999 2542 3046 terra
2583 3002 2871 3061 putarent;
2906 2996 2997 3049 alii
3029 2995 3233 3049 nudum
3275 2997 3451 3048 homi-

1909 3092 2051 3142 nem,
2085 3077 2221 3132 nihil
2255 3079 2377 3147 plus
2423 3095 2583 3149 quam
2616 3066 3051 3147 alii'babentem;
3085 3081 3175 3134 alii
3198 3095 3450 3135 exsecra-

1910 3166 2151 3227 tionibus
2176 3176 2230 3223 et
2261 3170 2525 3225 conviciis
2555 3186 2640 3226 me
2665 3171 3024 3241 subjicerent;
3075 3171 3162 3224 alii
3213 3170 3451 3224 colerent

1908 3265 1963 3311 et
1994 3258 2302 3313 adorarent.
2334 3258 2477 3315 Mors
2526 3254 2655 3315 vero
2690 3276 2809 3316 mea
2854 3261 3103 3316 omnibus
3149 3260 3449 3330 prodigium

1910 3349 2069 3416 plane
2094 3348 2224 3415 fuit.
2255 3348 2388 3402 Nam
2418 3365 2539 3404 eum
2570 3351 2661 3420 qui
2690 3351 2830 3406 Deus
2869 3361 3014 3406 esset
3048 3367 3264 3406 crucem
3296 3353 3453 3407 susti-

1911 3454 2058 3503 nere,
2090 3448 2143 3494 et
2165 3430 2290 3494 talia
2322 3441 2432 3509 pati
2458 3456 2582 3495 eum
2624 3441 2719 3510 qui
2774 3442 2893 3495 aliis
2939 3443 3102 3496 vitam
3134 3443 3450 3511 impertiret,

1913 3543 2033 3583 vere
2060 3530 2360 3601 prodlgium
2393 3538 2529 3584 erat.
2564 3528 2923 3594 Quamobrem
2955 3532 3069 3587 ait:
3110 3550 3128 3582 ι
3169 3530 3447 3601 Tanquam

1909 3620 2212 3690 prodigium
2240 3619 2416 3675 factus
2447 3637 2566 3675 sum
2585 3622 2789 3676 multis.
2822 3640 2840 3673 ι
2876 3620 2981 3676 Sed
3012 3623 3067 3675 in
3092 3622 3175 3677 his
3198 3625 3449 3679 omnibus

1909 3716 1965 3760 tu
1999 3708 2152 3772 mihi,
2185 3710 2381 3780 inquit,
2420 3730 2437 3762 ι
2475 3712 2691 3781 adjutor
2724 3710 2900 3774 fortis,
2973 3729 2990 3760 ι
3058 3710 3229 3765 fuisti.
3267 3711 3449 3783 Neque

1906 3796 2048 3849 enim
2099 3796 2228 3850 mihi
2278 3800 2416 3854 alius
2454 3798 2671 3868 adjutor
2722 3800 2949 3855 exstitit.
3005 3797 3197 3854 Omnia
3250 3802 3448 3871 quippe

1905 3886 2093 3939 virtuti
2116 3900 2247 3941 meae
2273 3887 2525 3943 inferiora
2555 3899 2608 3943 et
2646 3891 2870 3960 imparia
2894 3900 3047 3944 erant
3082 3910 3094 3944 :
3130 3899 3186 3945 tu
3217 3908 3342 3946 vero
3361 3909 3449 3947 so-

1907 3974 2011 4037 lus,
2046 3990 2205 4044 quem
2232 3976 2362 4029 mihi
2387 3978 2441 4031 in
2466 3994 2613 4048 spem
2644 3980 2895 4050 ascripsi,
2938 3980 3087 4035 fuisti
3129 3982 3260 4035 mihi
3299 4001 3316 4031 ι
3355 3982 3451 4035 ad-

1901 4066 2051 4135 jutor
2080 4066 2255 4121 tbrtis.
2297 4086 2315 4119 ι
2350 4068 2658 4125 Secundum
2681 4071 3063 4141 Symmachum
3095 4073 3223 4127 item
3259 4074 3448 4128 simili-

1906 4168 1986 4213 ter
2019 4159 2238 4225 dicitur,
2280 4180 2297 4210 ι
2339 4159 2457 4214 Tibi
2492 4161 2844 4217 conﬁrmatus
2895 4180 3013 4219 sum
3044 4181 3109 4219 ex
3146 4171 3354 4228 ventre,
3381 4182 3448 4220 ex

1904 4248 2203 4303 visceribus
2233 4249 2421 4305 matris
2460 4264 2592 4304 meae
2624 4258 2680 4304 tu
2714 4247 2993 4322 respexisti
3038 4269 3140 4306 me.
3190 4252 3245 4305 In
3274 4262 3326 4307 te
3356 4268 3450 4320 pa.

1904 4340 2093 4395 tientia
2142 4355 2261 4395 mea
2306 4350 2587 4411 perpetuo,
2633 4351 2886 4412 tauquam
2940 4344 3238 4413 prodigium
3272 4345 3449 4398 factus

1905 4448 2022 4488 sum
2055 4432 2239 4488 multis
2274 4452 2285 4487 :
2317 4441 2375 4487 tu
2404 4449 2531 4489 vero
2562 4434 2757 4488 ﬁducia
2791 4450 2907 4489 mea
2929 4435 3103 4495 fortis.
3146 4453 3163 4483 ι

1974 4734 2136 4789 Vsus.
2179 4732 2327 4787 8-H.
2396 4749 2415 4782 ι
2484 4729 2773 4798 Repleatur
2816 4746 2878 4785 os
2936 4747 3111 4804 meum
3148 4733 3321 4797 laude,
3385 4751 3439 4786 ιι.

1866 4835 2115 4880 ~cantem
2176 4823 2399 4892 gloriam
2453 4830 2643 4884 tuam,
2706 4830 2817 4876 tota
2882 4823 2967 4877 die
3018 4826 3435 4897 magnitudinem

1904 4928 2072 4973 tuam.
2111 4936 2129 4968 ι
2162 4914 2280 4969 Jam
2334 4916 2624 4984 pmterito,
2666 4916 2859 4986 inquit,
2914 4926 3171 4993 tempore,
3202 4920 3439 4974 cantatio

1904 5021 2020 5068 mea
2050 5006 2105 5060 in
2137 5012 2190 5060 te
2223 5004 2323 5060 fuit
2352 5021 2565 5076 semper
2598 5026 2610 5060 :
2663 5018 2913 5063 caiterum
2944 5025 3041 5079 pro
3072 5009 3253 5064 futuro
3301 5026 3439 5079 quo-

1901 5112 2005 5168 que
2032 5096 2297 5167 supplico,
2326 5104 2385 5151 ut
2408 5100 2475 5154 ad
2507 5101 2748 5155 ultimam
2789 5102 2912 5156 vitae
2954 5103 3140 5155 horam
3171 5117 3233 5156 os
3258 5116 3438 5169 meum

1900 5189 2058 5244 laude
2083 5197 2172 5242 tua
2199 5191 2489 5259 repleatur,
2520 5200 2574 5245 et
2604 5194 2674 5246 ita
2708 5193 3000 5263 repleatur,
3032 5199 3090 5247 ut
3116 5191 3257 5245 aliud
3280 5192 3437 5260 quid-

1898 5284 2037 5352 piam
2070 5282 2343 5351 loquendi,
2375 5283 2459 5338 vel
2488 5299 2609 5338 cum
2642 5284 2951 5339 hominibus
2982 5281 3226 5339 versandi
3255 5283 3435 5338 nullus
3458 5278 3467 5289 ”

1899 5373 2133 5445 supersit
2171 5374 2327 5429 locus
2357 5393 2369 5427 :
2398 5390 2590 5447 meque
2618 5375 2859 5446 quotidie
2887 5383 2941 5428 et
2981 5382 3093 5428 toto
3128 5374 3267 5453 vita
3304 5388 3437 5427 mea:

1897 5466 2127 5524 decursu
2182 5466 2255 5519 ita
2302 5474 2673 5537 comparatum
2706 5481 2826 5523 esse
2866 5480 3016 5533 rogo,
3051 5472 3112 5517 ut
3138 5464 3231 5517 tali
3259 5465 3432 5534 gratia

1895 5558 2117 5612 orbatus
2148 5571 2425 5627 nunquam
2455 5571 2554 5610 nec
2574 5556 2830 5625 depulsus
2858 5556 2955 5609 sim
2987 5573 2999 5607 :
3032 5558 3198 5624 utque
3218 5555 3432 5610 etiamsi

1897 5649 1963 5704 ad
1988 5649 2147 5702 limen
2175 5647 2471 5721 senectutis
2499 5646 2785 5709 devenero,
2819 5645 2950 5699 nihil
2998 5645 3141 5699 aliud
3182 5636 3261 5699 ad
3293 5661 3433 5699 mor-

1895 5748 1999 5793 tem
2023 5750 2191 5805 usque
2212 5750 2485 5806 peragam,
2509 5748 2689 5803 quam,
2708 5730 2846 5801 quod
2876 5724 3146 5799 repleatur
3170 5745 3229 5785 os
3251 5745 3429 5785 meum

1895 5830 2052 5884 laude
2084 5835 2138 5880 et
2171 5826 2571 5899 magniﬁcentia
2606 5832 2716 5877 tua.
2751 5822 2855 5877 Pro
2896 5823 2985 5876 illo
3019 5831 3221 5882 autem,
3257 5838 3276 5869 ι
3314 5826 3427 5889 tota
3518 5868 3525 5873 .

1897 5920 2001 5987 die,
2038 5938 2055 5971 ι
2100 5916 2482 5989 Symmachus,
2522 5937 2539 5968 ι
2579 5919 2672 5987 per
2723 5930 2933 5971 omnem
2986 5914 3149 5973 diem,
3204 5929 3221 5961 ι
3260 5907 3427 5965 edidit
