4300 6400
818 516 917 574 779

1472 514 1736 571 EUSEBlI
1776 509 2254 571 cmsaamusns
2291 507 2443 564 oss.
2485 504 2665 561 pass
2700 492 2878 577 mg:-
2908 496 3314 561 EXEGETICA.

3912 500 4020 556 780

820 673 840 705 ι
874 653 1182 723 Repleatur,
1216 655 1412 724 inquit,
1465 670 1529 709 os
1561 670 1740 709 meum
1771 652 1932 707 laude
1960 660 2073 716 tua,
2119 666 2214 720 per
2247 663 2361 703 om-
2388 653 2518 727 Am

2318 664 2361 701 ιο
2388 653 2435 709 Α
2454 645 2743 727 πρεπείας.
2791 643 2935 710 Ἀντὶ
2963 641 3021 705 δὲ
3040 641 3156 707 τοῦ,
3180 660 3198 692 ι
3228 639 3354 710 ὃλην
3385 638 3483 708 τὴν
3512 639 3741 711 ἡμέραν,
3769 656 3787 689 ι
3821 640 3850 691 ὁ
3873 639 4016 709 Σύμα

815 759 938 798 nem
967 742 1130 809 diem,
1172 744 1227 797 in
1268 744 1466 799 decore
1499 754 1591 798 tuo
1624 759 1693 799 ne
1740 742 1971 811 abjicias
2002 756 2089 795 me
2121 748 2363 807 tempore

814 833 1128 889 senectutis.
1184 852 1204 885 ι
1242 829 1377 886 Nam
1430 832 1477 886 si
1526 832 1591 886 ad
1628 838 1964 887 senectutem
1999 840 2171 896 usque
2197 826 2363 878 vitam

814 923 1065 977 devenire
1102 938 1276 977 meam
1312 930 1581 992 oporteat,
1619 935 1749 981 non,
1786 919 2009 972 abnuo:
2038 916 2090 969 id
2122 913 2363 983 supplico

813 1025 1041 1081 tantum,
1066 1026 1125 1069 ut
1152 1029 1214 1069 os
1241 1030 1425 1069 meum
1465 1026 1743 1082 nunquam
1789 1010 1950 1065 linem
1998 1009 2160 1061 faciat
2220 1005 2363 1058 cele-

814 1106 1002 1161 brandi
1028 1106 1241 1161 laudem
1270 1113 1420 1159 tuam
1450 1111 1506 1159 et
1529 1101 1981 1172 magniﬁcentiam
2003 1108 2171 1152 tuam.
2208 1095 2379 1161 Quod

812 1198 857 1252 si
900 1198 1195 1252 senectutis
1229 1209 1395 1250 causa
1442 1193 1736 1263 aliquando
1770 1193 1915 1245 vires
1955 1204 2042 1243 me
2087 1188 2359 1250 deﬁciant,

810 1304 880 1342 ne
912 1298 1044 1342 tunc
1075 1286 1293 1357 quidem
1326 1292 1413 1338 me
1438 1282 1810 1353 derelinquas.
1844 1279 1969 1334 Haec
2018 1280 2071 1332 in
2117 1278 2362 1333 oratione

812 1381 994 1435 dicere
1023 1377 1279 1433 convenit
1312 1384 1426 1430 tum
1462 1374 1744 1439 Davidem,
1774 1382 1887 1428 tum
1922 1372 2166 1444 quemvis
2193 1370 2362 1425 homi-

808 1484 930 1523 nem
977 1468 1311 1537 religiosum.
1346 1463 1729 1519 Animadverte
1775 1477 1937 1533 porro
1980 1461 2250 1531 quomodo
2291 1462 2361 1515 de

809 1558 1088 1615 Salvatore
1111 1558 1177 1613 ab
1200 1557 1461 1628 Apostolo
1491 1556 1714 1610 dicatur
1740 1572 1753 1609 :
1793 1574 1811 1605 ι
1842 1553 2145 1608 Cruciﬁxus
2174 1561 2259 1608 est
2290 1567 2360 1607 ex

804 1652 1139 1714 inﬁrmitate,
1171 1648 1267 1705 sed
1298 1648 1431 1702 vivit
1459 1662 1525 1702 ex
1551 1648 1750 1701 virtute
1784 1644 1878 1700 Dei
1903 1645 1983 1717 ‘3.
2012 1664 2031 1695 ι
2064 1643 2177 1698 Etsi
2211 1642 2353 1698 enim

805 1758 868 1795 ex
898 1741 1213 1795 inﬁrmitate
1243 1738 1537 1792 cruciﬁxus
1563 1738 1633 1792 sit
1672 1754 1688 1804 ;
1717 1746 1771 1789 at
1797 1749 1905 1790 non
1939 1735 2006 1789 ab
2038 1734 2161 1788 aliis
2196 1748 2357 1803 supe-

804 1841 957 1887 ratus
987 1851 1000 1885 :
1029 1832 1144 1902 ipse
1172 1831 1370 1899 quippe
1390 1843 1510 1882 sese
1537 1826 1810 1881 inﬁrmum
1836 1823 2036 1889 effecit,
2072 1838 2237 1892 seque
2260 1822 2355 1877 de-

805 1919 1042 1973 dititium
1073 1918 1382 1972 hominibus
1418 1916 1637 1969 obtulit.
1665 1913 1821 1979 Quod
1852 1914 2016 1968 etiam
2048 1912 2164 1981 ipse
2193 1910 2353 1963 docet

2470 754 2656 808 μαχος,
2688 755 2705 787 ι
2733 735 2872 788 κατά
2891 737 3069 788 πᾶσαν
3105 732 3318 803 ἡμέραν
3355 750 3373 783 ›
3398 729 3654 793 ἐξέδωκ’
3695 748 3713 781 ι
3744 729 4016 801 Πλησθέίη

2462 828 2522 881 τὸ
2548 827 2721 897 στόμα
2760 826 3073 887 σουραῐνους
3105 840 3197 875 σου
3231 839 3302 875 κα
3314 820 3371 889 τὰ
3407 822 3583 875 πᾶσαν
3605 819 3834 889 ἡμέραν,
3863 820 3920 872 ἐν
3948 823 4017 891 τῇ

2462 917 2759 989 εὐπρεπείᾳ
2797 933 2895 977 σου,
2940 913 3013 985 μὴ
3052 912 3330 985 ὰποὸάλῃς
3360 928 3427 981 με
3460 910 3634 981 καιρῷ
3664 912 3866 982 γήρως.
3899 929 3918 962 ι
3952 912 4018 966 Et

2463 1008 2568 1078 γὰρ
2592 1007 2697 1059 δέοι
2752 1008 2843 1058 καὶ
2882 1005 3039 1075 μέχρι
3086 1003 3623 1073 γήρωςηπαρατεῖναι
3654 1000 3750 1070 τὴν
3781 999 4015 1069 ἠλικίαν,

2460 1098 2616 1150 τοῦτο
2646 1097 2742 1165 μὲν
2769 1097 2829 1148 οὐ
2871 1091 3249 1165 παραιτητέον,
3273 1088 3497 1143 ἱκετεύω
3527 1090 3583 1143 δὲ
3603 1088 3675 1159 μὴ
3708 1089 4019 1159 ἀποστερη-

2462 1187 2615 1258 θῆναι
2650 1164 2781 1241 ποτε
2828 1185 2921 1239 τοῦ
2950 1164 3333 1254 πεπληρῶσθαι
3374 1182 3435 1235 τὸ
3464 1183 3635 1253 στόμα
3662 1164 3761 1251 μου
3788 1182 3890 1251 τῆς
3917 1180 4022 1250 σῆς

2460 1280 2714 1342 αἰνέσεως
2754 1279 2847 1331 καὶ
2888 1278 2985 1347 τῆς
3014 1276 3113 1346 σῆς
3150 1273 3635 1345 μεγαλοπρεπείας.
3666 1274 3729 1325 Εἰ
3762 1273 3819 1325 δὲ
3842 1272 4020 1343 καιρῷ

2458 1387 2561 1423 τινι
2582 1368 2669 1423 διὰ
2693 1369 2867 1439 γῆρας
2891 1366 3100 1420 ἐκλίποι
3125 1367 3158 1434 ή
3210 1363 3359 1433 ἰσχύς
3382 1380 3503 1433 μου,
3536 1362 3669 1433 μηδὲ
3699 1362 3817 1414 τότε
3854 1380 3921 1432 με
3949 1364 4021 1415 σὺ

2456 1459 2854 1529 ἐγκαταλίποις.
2901 1458 3083 1512 Ταῦτα
3117 1451 3332 1527 μὲνοῦν
3366 1454 3590 1526 ἁρμόζοι
3623 1455 3689 1509 ἂν
3716 1454 3894 1522 λέγειν
3922 1455 4023 1508 καὶ

2457 1550 2534 1621 τῷ
2553 1550 2713 1604 Δαυῒδ
2741 1551 2833 1603 καὶ
2877 1550 3035 1602 παντὶ
3076 1545 3343 1617 ἀνθρώπῳ
3383 1544 3616 1614 θεοφιλεῖ
3644 1546 3701 1598 ἐν
3730 1548 3848 1607 ταῖς
3880 1544 4016 1614 πρὸς

2455 1643 2544 1694 τὸν
2576 1641 2705 1694 Θεὸν
2747 1640 3065 1711 ἱκετηρίαις.
3114 1638 3234 1690 Ἐπὶ
3257 1636 3313 1690 δέ
3342 1634 3433 1689 τοῦ
3450 1636 3695 1706 Σωτῆρος
3725 1637 4020 1705 ἐπίστησον
4095 1678 4105 1684 .

2446 1732 2599 1795 ὄπως
2624 1734 2833 1803 εἴρηται
2878 1730 2955 1800 τῷ
3000 1729 3299 1799 Ἀποστόλῳ
3327 1728 3405 1793 τὸ,
3438 1747 3456 1779 ι
3499 1726 3840 1799 Ἐσταυρώθη
3876 1728 3931 1780 δὲ
3955 1727 4017 1791 ἐξ

2454 1823 2757 1884 ἀσθενείας,
2790 1821 2922 1876 ἀλλὰ
2950 1821 3012 1891 ζῇ
3046 1822 3108 1873 ἐκ
3137 1820 3413 1890 δυνάμεως
3438 1819 3593 1875 Θεοῦ.
3631 1838 3649 1870 ι
3687 1821 3747 1872 Ei
3780 1820 3890 1889 γὰρ
3920 1820 4017 1872 καὶ

2455 1913 2512 1979 ἐξ
2560 1914 2840 1975 ἀσθενείας
2895 1911 3230 1984 ἐσταυρώθη,
3274 1911 3385 1964 ἀλλ’
3412 1910 3527 1964 οὔτι
3559 1929 3622 1979 γε
3657 1908 3893 1981 νικηθεὶς
3923 1912 4017 1979 ὑφ’

804 2011 889 2064 his
908 2010 1086 2064 verbis
1109 2028 1122 2065 :
1162 2028 1183 2060 ι
1222 2007 1389 2065 Nemo
1419 2008 1560 2061 tollit
1588 2007 1822 2059 animam
1846 2018 2019 2057 meam
2052 2017 2229 2057 a-me:
2257 2002 2351 2081 sed
2372 1986 2433 2068 Β
2454 2006 2502 2056 ἐτ

2322 1986 2433 2081 d3
2454 2005 2672 2073 ἐτέρων,
2704 2004 2863 2066 αὐτὸς
2887 2003 2941 2056 δέ
2981 2002 3169 2055 ἐαυτὸν
3190 2001 3387 2071 ἀσθενῆ
3417 2004 3666 2072 ποιήσας,
3701 2002 3795 2055 καὶ
3823 2000 4020 2054 ἑαυτὸν

801 2114 899 2169 ego
922 2113 1065 2169 pono
1096 2113 1220 2167 eam
1251 2112 1280 2150 a
1311 2097 1537 2166 meipso.
1562 2094 1892 2149 Potestatem
1920 2092 2093 2147 habeo
2118 2094 2349 2162 ponendi

768 2212 771 2217 ·
798 2204 939 2255 eam,
956 2197 1008 2244 et
1029 2196 1351 2259 potestatem
1370 2187 1544 2257 habeo
1566 2184 1862 2255 recipiendi
1883 2198 2002 2239 eam
2018 2184 2083 2239 θ’.
2114 2203 2132 2235 ι
2154 2184 2354 2249 Quem-

799 2278 1089 2334 admodum
1144 2278 1309 2348 igitur
1364 2275 1669 2330 bumiliavit
1717 2275 2086 2345 semetipsum,
2121 2274 2351 2329 formam

774 2362 941 2423 servi
972 2367 1283 2436 accipiens;
1320 2366 1400 2421 sic
1433 2380 1554 2420 sese
1591 2364 1867 2418 inﬁrmum
1921 2364 2119 2429 eﬁ‘ecit,
2183 2372 2241 2418 ut
2284 2364 2353 2417 ab

798 2457 1110 2514 hominibus
1138 2456 1257 2527 capi
1281 2464 1486 2526 posset,
1524 2464 1690 2527 utque
1710 2472 1925 2511 crucem
1956 2457 2183 2522 subiret,
2223 2475 2240 2508 ι
2270 2455 2351 2510 fa-

795 2558 918 2606 ctus
943 2548 1201 2605 obediens
1231 2566 1249 2599 ι
1278 2546 1429 2601 Patri
1464 2567 1482 2599 ι
1519 2564 1694 2619 usque
1726 2550 1791 2604 ad
1838 2558 2086 2613 mortem,
2122 2558 2351 2605 mortem

795 2650 976 2696 autem
1007 2640 1277 2695 crucis”.
1321 2657 1339 2690 ι
1376 2636 1557 2704 Quare
1586 2638 1680 2703 ait;
1729 2658 1747 2691 ι
1787 2640 1923 2694 Cum
1958 2640 2214 2696 defecerit
2238 2642 2351 2696 vir-

795 2743 885 2788 tus
917 2746 1056 2797 mea,
1088 2747 1157 2786 ne
1176 2730 1525 2801 derelinquas
1558 2745 1663 2786 me.
1698 2750 1716 2783 ι
1753 2730 1959 2787 Deinde
1988 2747 2109 2787 cum
2140 2733 2352 2802 passio-

793 2839 916 2877 nem
948 2827 1323 2898 memorasset,
1356 2820 1639 2889 passionis.
1678 2827 1962 2883 auctorum
2020 2821 2348 2876 mentionem

793 2913 923 2967 facit
950 2912 1140 2967 dicens
1170 2931 1183 2964 :
1222 2930 1240 2961 ι
1285 2911 1421 2977 Quia
1457 2911 1710 2966 dixerunt
1741 2911 1950 2968 inimici
1979 2913 2084 2967 mei
2114 2913 2269 2975 mihi,
2297 2921 2351 2967 et

812 3005 885 3074 [ui
907 3002 1288 3059 custodiebant
1316 3002 1554 3055 animam
1600 3016 1806 3068 meam;
1854 3022 1874 3055 ι
1903 3003 2018 3057 sive
2052 3003 2349 3058 secundum

814 3094 1198 3167 Symmachum,
1240 3109 1259 3143 ι
1296 3091 1361 3144 Et
1388 3092 1480 3161 qui
1509 3082 1875 3146 observabant
1896 3093 2130 3146 animam
2154 3108 2347 3160 meam,

796 3184 1091 3241 consilium
1117 3172 1355 3238 inierunt
1387 3181 1549 3238 simul
1581 3182 1825 3239 dicentes
1846 3223 1860 3248 ,
1894 3182 2035 3238 Deus
2064 3183 2352 3255 dereliquit

790 3291 944 3342 eum;
988 3271 1375 3345 persequimini
1417 3280 1471 3328 et
1523 3272 1962 3343 comprehendite
2020 3288 2193 3341 eum;
2222 3276 2351 3343 quia

2454 2096 2723 2167 παραδοὺς
2742 2096 3047 2165 ὑποχείριον
3087 2092 3389 2164 ἀνθρώποις
3411 2110 3423 2123 ·
3459 2094 3488 2146 ὃ
3518 2093 3581 2164 δή
3626 2093 3865 2146 διδάσκει
3911 2093 4017 2161 φά-

2453 2204 2595 2241 σκων
2613 2203 2626 2215 ο
2655 2206 2673 2236 ι
2703 2185 2889 2248 Οὐδεὶς
2934 2185 3075 2255 αἴρει
3116 2184 3213 2255 τὴν
3240 2184 3413 2255 ψυχήν
3442 2200 3540 2253 μου
3568 2184 3660 2236 ἀπ’
3689 2181 3823 2253 ἐμοῦ
3844 2200 3857 2211 ·
3898 2183 4012 2237 ἀλλ’

2452 2276 2559 2345 ἐγὼ
2580 2276 2766 2347 τίθημι
2797 2274 2965 2345 αὐτὴν
2996 2276 3091 2328 ἀπ’
3113 2274 3367 2345 ἐμαυτοῦ.
3412 2274 3683 2339 Ἑξουσίαν
3705 2273 3812 2342 ἔχω
3843 2274 4014 2327 θεῖναι

2451 2368 2639 2440 αὐτὴν,
2671 2368 2764 2439 καὶ
2792 2366 3036 2431 ἐξουσίαν
3060 2365 3167 2437 ἔχω
3200 2364 3380 2418 λαϐεῖν
3412 2366 3601 2436 αὐτήν.
3639 2384 3658 2416 ι
3689 2366 3897 2438 ’Ὠσπερ
3919 2360 4017 2419 οὖν

2451 2461 2713 2514 ἐκένωσεν
2742 2459 2904 2521 αὐτὸς
2935 2458 3121 2512 ἐαυτὸν
3153 2457 3364 2529 μορφὴν
3396 2457 3581 2510 δούλου
3614 2456 3814 2521 λαὸὼν,
3840 2456 4016 2521 οὕτως

2449 2550 2646 2621 ἀσθενῆ
2673 2550 2860 2605 ἐαυτὸν
2907 2544 3216 2621 εἰργάσατο,
3261 2549 3406 2611 ὅπως
3437 2549 3638 2612 ἀλωτὸς
3674 2548 3894 2618 γένηται
3927 2548 4020 2602 ἀνα

2450 2643 2703 2714 θρώποις,
2726 2644 2819 2697 καὶ
2853 2644 2938 2696 ἵνα
2973 2642 3203 2713 σταυρὸν
3226 2641 3469 2711 ὑπομένῃ
3509 2660 3528 2691 ‹
3570 2641 3808 2710 ὑπήκοος
3838 2638 4015 2708 γιγνό-

2452 2752 2610 2805 μενος
2655 2755 2673 2787 ι
2710 2733 2787 2805 τῷ
2839 2735 3013 2805 Πατρὶ
3046 2754 3063 2784 ι
3112 2734 3270 2805 μέχρι
3323 2732 3571 2794 θανάτου,
3631 2732 3725 2785 καὶ
3780 2731 4013 2785 θανάτου

2451 2825 2701 2898 στάυροῦ,
2737 2846 2755 2878 ι
2790 2825 2880 2878 Διό
2925 2841 3086 2895 φησιν
3106 2841 3120 2855 ο
3161 2844 3179 2876 ι
3231 2826 3316 2878 Ἐν
3345 2823 3421 2894 τῷ
3444 2823 3713 2875 ἐκλείπειν
3732 2822 3831 2892 τὴν
3859 2822 4016 2893 ἰσχύν

2452 2934 2553 2988 μου
2585 2917 2657 2987 μὴ
2698 2915 3067 2986 ἐγκαταλίπῃς
3112 2933 3199 2987 με.
3237 2935 3255 2967 ι
3294 2912 3423 2969 Εἶτα
3452 2916 3635 2985 ἐπειδὴ
3673 2914 3765 2967 τοῦ
3807 2913 4015 2976 πάθους

2450 3008 2641 3061 ἐαυτοῦ
2666 3008 3033 3077 ἐμνημόνευσε
3067 3009 3161 3060 καὶ
3189 3008 3295 3060 τῶν
3321 3008 3381 3059 τὸ
3414 3006 3582 3069 πάθος
3624 3006 4015 3078 ἐργασαμένων

2449 3097 2751 3162 ἀκολούθως
2803 3101 3031 3152 ποιεῖται
3080 3098 3298 3168 μνήμην
3344 3098 3546 3165 λέγων’
3580 3117 3596 3148 ‹
3632 3099 3751 3150 Ὅτι
3780 3096 3938 3151 εἶπαν
3959 3099 4015 3149 οι

2448 3190 2631 3262 ἐχθροί
2651 3207 2749 3260 μου
2778 3190 2921 3259 ἐμοὶ,
2945 3189 3039 3242 καὶ
3060 3191 3108 3241 οί
3125 3187 3485 3257 φυλάσσοντες
3509 3190 3608 3259 τὴν
3632 3188 3808 3260 ψυχήν
3835 3205 3936 3259 μου
3957 3205 4005 3239 ἰ

2448 3282 2482 3352 ἢ
2513 3281 2651 3335 κατὰ
2704 3280 2795 3335 τὸν
2830 3279 3138 3350 Σύμμαχον,
3185 3297 3204 3330 ι
3252 3280 3360 3333 Καὶ
3392 3280 3439 3331 οἱ
3482 3279 3871 3350 ἐπιτηροῦντες
3909 3279 4015 3349 τήν

788 3382 899 3424 non
924 3374 1008 3421 est
1038 3365 1131 3437 qui
1161 3363 1376 3435 eripiat.
1411 3383 1427 3414 ι
1465 3362 1590 3419 Haec
1632 3364 1833 3435 quippe
1860 3363 2115 3419 dicebant
2140 3366 2345 3435 princi-
2369 3388 2421 3463 c-
2443 3371 2486 3442 ψ

2316 3394 2345 3417 ρ
2369 3371 2619 3463 ϐ’ψυχήν
2644 3388 2745 3441 μου
2798 3369 3182 3425 ἐϐουλεύσαντο
3216 3371 3308 3423 ἐπὶ
3346 3370 3405 3424 τὸ
3445 3370 3577 3423 αὐτὸ
3623 3370 3904 3439 λέγοντες’
3950 3372 4014 3424 ὐ

789 3472 887 3529 pes
919 3457 1259 3513 sacerdotum
1289 3464 1342 3511 et
1370 3456 1463 3527 qui
1502 3471 1625 3510 cum
1659 3456 1728 3511 iis
1773 3462 1951 3519 erant,
1987 3456 2044 3509 in
2097 3463 2342 3527 tempore
2376 3456 2411 3463 “
2446 3461 2487 3515 Θ

2314 3472 2342 3512 e
2376 3456 2411 3463 ⁷
2446 3460 2577 3525 Θεὸς
2612 3460 2963 3529 ἐγκατέλιπεν
2996 3459 3186 3515 αὐτόν’
3231 3460 3592 3527 καταδιώξατε
3637 3462 3729 3515 καὶ
3774 3460 4012 3515 καταλά-

786 3549 1062 3623 passionis
1096 3543 1376 3605 moventes
1401 3548 1582 3619 capita
1615 3561 1715 3603 sua
1768 3554 1823 3603 et
1876 3547 1957 3601 sic
2004 3546 2291 3617 loquentes
2324 3565 2339 3605 :

790 3659 812 3694 ι
844 3640 947 3709 Qui
976 3638 1208 3697 destruit
1234 3639 1495 3709 templum
1530 3648 1584 3695 et
1616 3639 1674 3693 in
1701 3638 1881 3692 tribus
1912 3635 2106 3694 diebus
2137 3639 2345 3695 excitat

784 3732 939 3797 illud,
965 3733 1100 3789 alios
1127 3732 1307 3787 salvos
1328 3729 1479 3795 fecit,
1515 3730 1756 3801 seipsum
1790 3744 1901 3785 non
1930 3738 2108 3801 potest
2132 3733 2341 3789 salvum

786 3818 985 3883 facere.
1022 3822 1079 3879 Si
1105 3839 1199 3879 rex
1232 3822 1397 3879 Israel
1430 3830 1537 3888 est,
1564 3820 1860 3878 descendat
1887 3835 2034 3879 nunc
2053 3824 2120 3880 de
2148 3839 2335 3892 cruce,

784 3923 840 3971 et
863 3915 1147 3971 credemus
1174 3915 1223 3969 ei
1249 3915 1316 3967 ".
1364 3933 1383 3966 ι

2446 3551 2770 3618 6ε’τε,αὒτὸν,
2794 3553 2875 3606 ὅτι
2922 3553 3024 3607 οὐκ
3065 3552 3209 3605 ἐστιν
3247 3554 3276 3605 ὁ
3309 3552 3584 3622 ῥυόμενος.
3628 3571 3646 3604 ι
3687 3551 3871 3606 Ταῦτα
3901 3553 4012 3625 γὰρ

2446 3643 2628 3714 ἐλεγον
2672 3646 2721 3699 οἱ
2762 3646 3035 3717 ἀρχιερεῖς
3066 3644 3160 3698 καὶ
3183 3645 3231 3697 οί
3268 3645 3363 3697 σὺν
3394 3644 3571 3707 αὐτοῖς
3603 3643 3743 3698 κατὰ
3772 3645 3863 3697 τὸν
3890 3662 4009 3697 και-

2448 3737 2538 3806 ρὸν
2565 3735 2663 3790 τοῦ
2715 3735 2940 3802 πάθους,
2988 3734 3263 3798 κινοῦντες
3292 3734 3468 3788 αὐτῶν
3506 3734 3607 3798 τὰς
3643 3736 3881 3804 κεφαλὰς
3913 3736 4009 3790 καὶ

2442 3812 2719 3895 λέγοντες·
2764 3846 2783 3879 ι
2830 3827 2890 3881 '0
2940 3826 3222 3880 καταλύων
3277 3826 3367 3879 τὸν
3414 3826 3540 3879 ναὸν
3596 3826 3689 3879 καὶ
3716 3829 3774 3893 ἐν
3828 3826 4007 3898 τρισὶν

2442 3918 2678 3989 ήμέραις
2736 3915 2963 3987 ἐγείρων
3018 3901 3218 3978 αὑτὸν,
3245 3901 3448 3977 ἄλλους
3469 3912 3690 3977 ἔσωσεν,
3724 3915 3912 3968 ἐαυτὸν
3944 3916 4008 3969 οὐ

783 4003 998 4062 δύναται
1026 4006 1214 4061 σῶσαι.
1255 4006 1318 4059 Εἰ
1344 4059 1357 4072 ,
1383 4004 1628 4076 βασιλεύς
1659 4006 1776 4059 ἐστι
1824 4005 1915 4061 τοῦ
1962 4007 2173 4082 Ἰσραὴλ
2193 4048 2208 4073 ,
2251 4007 2540 4064 καταϐάτω
2573 4008 2665 4063 νῦν
2694 4006 2802 4061 ἀπὸ
2822 4005 2915 4059 τοῦ
2947 4004 3178 4077 σταυροῦ
3202 4044 3217 4069 ,
3266 4005 3361 4059 καὶ
3389 4005 3750 4085 πιστεύσομεν
3772 4005 3942 4079 αὐτῷ.
3981 4026 4001 4059 ι

855 4118 1020 4174 Vrtur.
1058 4117 1239 4175 1246.
1279 4136 1298 4169 ι
1360 4117 1523 4182 Deus,
1556 4135 1624 4174 ne
1658 4120 1930 4189 elongeris
1971 4136 2003 4175 a
2048 4137 2156 4186 me,
2195 4121 2336 4179 Deus

781 4212 839 4272 in
869 4208 1133 4265 auxilium
1191 4223 1369 4263 meum
1420 4209 1654 4279 respice.
1692 4228 1711 4262 ι
1749 4209 2120 4267 lnimicimei
2169 4227 2336 4284 supra

782 4302 1073 4358 memorati
1112 4297 1389 4365 dicebant,
1424 4318 1442 4351 ι
1477 4299 1620 4356 Deus
1646 4300 1934 4370 dereliquit
1964 4318 2090 4357 eum
2125 4322 2139 4357 :
2181 4322 2201 4355 ι
2235 4318 2335 4374 ego

782 4402 963 4449 autem
988 4406 1125 4463 rogo
1154 4392 1528 4462 deprecorque
1556 4398 1610 4448 te
1656 4389 1824 4445 Deum
1860 4406 2060 4457 meum,
2090 4400 2150 4447 ut
2185 4393 2334 4450 adsis

778 4498 992 4554 semper
1040 4482 1195 4547 mihi,
1232 4498 1409 4553 neque
1436 4482 1628 4552 procul
1659 4497 1691 4536 a
1742 4496 1828 4537 me
1857 4482 2102 4547 recedas,
2137 4484 2231 4538 sed
2266 4486 2335 4539 ad

778 4576 1038 4631 auxilium
1071 4590 1249 4631 meum
1278 4575 1563 4646 respicias.
1586 4572 1663 4629 Te
1689 4574 1887 4644 quippe
1913 4573 2215 4644 adjutorem
2240 4590 2337 4629 na-

2518 4142 2535 4173 ι
2585 4123 2643 4175 '0
2664 4120 2814 4185 Θεὸς,
2843 4119 2915 4191 μὴ
2942 4117 3221 4191 μακρύνῃς
3247 4119 3339 4171 ἀπ’
3362 4116 3494 4189 ἐμοῦ
3514 4134 3528 4149 ο
3557 4119 3585 4169 ὁ
3612 4117 3763 4183 Θεὸς,
3798 4121 3877 4183 είς
3904 4119 4006 4193 τὴν

2444 4213 2688 4286 βοήθειάν
2725 4228 2826 4282 μου
2852 4212 3104 4283 πρόσχες.
3132 4231 3149 4263 ι
3178 4213 3240 4265 Oi
3282 4209 3378 4281 μὲν
3418 4208 3798 4281 προλεχθέντες
3821 4210 4005 4282 ἐχθροί

2445 4324 2546 4377 μου
2592 4305 2802 4373 ἔλεγον·
2850 4324 2869 4357 ι
2911 4305 2970 4359 ’0
3018 4304 3148 4369 Θεὸς
3200 4304 3549 4374 ἐγκατέλιπεν
3596 4305 3790 4358 αὐτόν·
3832 4324 3851 4356 ι
3892 4303 4005 4373 ἐγὼ

2440 4397 2497 4457 δὲ
2524 4393 2784 4448 ἀντισολῶ
2810 4395 2904 4449 καὶ
2947 4395 3135 4467 δέομαί
3165 4414 3225 4450 σε
3264 4396 3355 4450 τὸν
3386 4395 3620 4467 ἐμαυτοῦ
3653 4395 3784 4449 Θεὸν
3816 4397 4005 4467 παρεῖ-

2441 4487 2529 4542 ναί
2591 4504 2679 4558 μοι
2707 4487 3043 4555 διαπαντὸς,
3108 4490 3241 4561 μηδέ
3300 4490 3513 4561 μακράν
3565 4507 3673 4561 μου,
3724 4488 4000 4549 ἵστασθαι,

2442 4579 2727 4652 προσέχειν
2757 4580 2813 4633 δὲ
2861 4582 2941 4645 είς
2973 4581 3070 4653 τὴν
3113 4581 3362 4653 βοήθειάν
3407 4598 3527 4653 μου.
3569 4582 3637 4634 Σὲ
3669 4580 3777 4652 γὰρ
3812 4580 4003 4650 βοηθὸν

777 4673 922 4730 ctus,
946 4667 1115 4739 probe
1154 4668 1270 4722 scio
1309 4678 1396 4721 me
1427 4680 1616 4723 omnes
1646 4665 1902 4720 inimicos
1946 4679 2097 4720 meos
2128 4666 2333 4734 pudore
2362 4660 2409 4716 Ι)
2437 4691 2475 4726 κι

2301 4682 2333 4721 e
2362 4660 2409 4716 D
2437 4671 2729 4741 κτώμενος,
2757 4668 2853 4726 οἷδ’
2887 4674 2967 4751 ὅτι
3009 4673 3209 4744 ὅψομαι
3246 4671 3764 4745 καταισχυνομένους
3796 4670 3999 4735 πάντας

775 4757 1015 4814 suﬂusos
1055 4756 1300 4812 visurum
1351 4772 1492 4812 esse.
1528 4756 1665 4811 Illud
1696 4764 1899 4821 autem,
1933 4774 1951 4807 ι
1997 4754 2339 4811 confundan-

773 4860 885 4915 tur,
923 4869 944 4901 ι
969 4864 1067 4920 pro
1095 4858 1358 4903 consueto
1379 4849 1435 4902 in
1458 4849 1643 4903 divina
1673 4847 1957 4918 Scriptura
1980 4862 2153 4913 more,
2189 4863 2335 4902 nunc

773 4959 992 5017 quoque
1043 4955 1143 5013 pro
1190 4959 1207 4989 ι
1270 4938 1673 4994 confundentur
1726 4959 1744 4991 ι
1781 4938 1990 4995 dictum
2039 4948 2157 5008 est;
2204 4939 2336 4993 illud

774 5036 926 5098 item,
965 5053 984 5084 ι
1041 5041 1094 5088 et
1125 5031 1401 5095 deﬁciant,
1447 5050 1465 5081 ›
1500 5045 1597 5101 pro
1644 5049 1662 5081 ι
1703 5029 1955 5086 deﬁcient
1983 5030 2334 5087 detrahentes

773 5126 967 5182 animae
994 5140 1145 5188 meae,
1188 5143 1207 5176 ι
1256 5122 1488 5194 positum
1519 5130 1643 5187 est;
1699 5121 1814 5176 sive
1844 5121 2139 5176 secundum
2177 5120 2334 5193 Sym-

772 5214 1049 5280 machum,
1091 5234 1109 5267 ι
1148 5214 1448 5270 adversarii
1479 5215 1671 5269 animae
1691 5228 1842 5269 meae.
1880 5232 1899 5265 ι
1932 5212 2214 5279 Quomodo
2234 5230 2333 5271 au-

774 5316 885 5363 tem
917 5308 1124 5379 pudore
1158 5308 1351 5365 suﬂusi
1391 5306 1692 5363 defecerint
1719 5308 1813 5378 qui
1845 5322 2033 5361 necem
2062 5308 2183 5376 ejus
2214 5320 2330 5362 mo-

773 5399 855 5454 liti
885 5408 1035 5465 sunt,
1068 5415 1179 5456 non
1210 5402 1374 5473 longo
1408 5400 1568 5455 nobis
1591 5414 1844 5455 sermone
1871 5396 2176 5466 disquirere
2194 5412 2333 5468 opus

772 5499 857 5548 est
885 5512 898 5546 :
930 5507 1054 5547 nam
1084 5508 1150 5547 ex
1174 5508 1240 5549 eo
1269 5501 1512 5564 tempore
1542 5490 1795 5564 princeps
1817 5489 2161 5545 sacerdotum
2189 5487 2331 5561 apud

774 5600 868 5639 cos
901 5585 1119 5657 penitus
1165 5584 1381 5650 defecit,
1427 5585 1829 5639 Pharisaeorum
1865 5598 1995 5637 vero
2028 5597 2098 5637 ne
2134 5600 2329 5639 nomen

772 5676 987 5745 quidem
1020 5687 1289 5747 superem,
1337 5692 1512 5745 neque
1561 5672 1826 5729 memoria
1861 5672 2327 5744 ulla-dignitatum

2403 4832 2407 4836 _
2441 4780 2541 4833 μου
2570 4761 2985 4835 ωὺςλέχθρούς.
3033 4764 3106 4817 Τὸ
3146 4764 3222 4827 δὲ,
3264 4783 3283 4815 ι
3320 4764 3779 4835 αἰσχυνθήτωσαν,
3823 4782 3842 4815 ι
3880 4780 4001 4816 ςυν-

2437 4853 2674 4927 suum;
2692 4854 2811 4929 θείᾳ
2830 4857 3015 4928 Γραφῇ
3053 4854 3147 4908 ml.
3181 4854 3275 4908 νῦν
3306 4856 3426 4908 ἀντὶ
3456 4853 3571 4917 τοῦ,
3593 4851 4001 4922 ιαίσχυνθήσον-

2435 4962 2525 4999 ται
2558 4966 2576 4999 ι
2608 4949 2853 5020 εἴρηται·
2904 4951 2996 5002 καὶ
3026 4948 3105 5010 τὸ,
3150 4965 3168 4997 ι
3218 4946 3635 5007 ἐκλειπέτωσαν,
3672 4965 3691 4999 ι
3724 4945 3841 4997 ἀντὶ
3880 4944 3998 5007 τοῦ,

2445 5056 2463 5088 ι
2502 5037 2836 5109 ἐκλείψουσιν
2860 5039 2909 5092 οἱ
2944 5037 3371 5101 ἐνδιαωιλλοντες
3399 5038 3499 5109 τὴν
3525 5036 3703 5106 ψυχήν
3736 5051 3835 5105 μου
3858 5052 3872 5065 ο
3908 5055 3927 5086 ι
3961 5035 3997 5107 ἢ

2438 5128 2577 5181 κατὰ
2596 5129 2686 5183 τὸν
2713 5129 3025 5200 Σύμμαχον,
3056 5146 3073 5178 ε
3097 5130 3144 5181 οἱ
3166 5128 3525 5197 ἀντικείμενοι
3563 5129 3628 5197 τῇ
3661 5126 3803 5197 ψυχῇ
3838 5143 3993 5197 μου.»

2442 5217 2622 5283 Ὅπως
2643 5220 2697 5273 δὲ
2723 5219 3096 5273 ἐκλελοίπασιν
3128 5219 3388 5289 αἰσχύνην
3413 5219 3805 5289 καταχεάμενοι
3837 5219 3887 5271 οἱ
3907 5218 4001 5271 τὸν

2438 5306 2660 5363 θάνατον
2704 5309 2849 5379 αὐτῷ
2888 5310 3268 5380 τυρεύσαντες,
3305 5310 3365 5361 οὐ
3405 5308 3626 5380 μακρῶν
3648 5312 3774 5381 ἡμῖν
3805 5310 3885 5363 δεῖ
3908 5310 3995 5363 λό-

2435 5414 2545 5465 γων
2566 5417 2577 5429 ·
2613 5402 2771 5454 ὁπότε
2798 5401 2856 5466 ἐξ
2881 5400 3086 5453 ἐκείνου
3115 5401 3387 5453 ἐκλέλοιπε
3417 5402 3522 5464 πᾶς
3553 5402 3839 5472 ἀρχιερεὺς
3858 5402 3999 5470 παρ’

2435 5490 2635 5556 αὐτοῖς,
2659 5484 2965 5562 Φαρισαίων
3008 5492 3063 5545 δὲ
3106 5493 3225 5545 οὑδέ
3268 5493 3435 5561 δνομα
3464 5492 3543 5545 ἔτι
3582 5492 3845 5555 λείπεται,
3879 5490 3998 5543 οὐδὲ

2438 5587 2622 5657 μνήμη
2667 5584 2777 5637 τῶν
2822 5586 2950 5656 παρ’
2982 5585 3161 5646 αὐτοῖς
3180 5583 3519 5653 ἁξιιιψάτων.
3575 5581 3845 5650 Ἐξέλιπον
3889 5580 3998 5650 γὰρ

2434 5678 2691 5748 ἄρχοντες
2718 5678 2777 5740 ἐξ
2817 5676 2985 5728 Ἰούδα
3026 5678 3116 5728 καὶ
3146 5677 3432 5749 ἡγούμενοι
3466 5679 3657 5732 ἐκτῶν
3688 5674 3875 5747 μηρῶν
3901 5670 3999 5728 αὺ-

756 5848 761 5855 .
848 5873 888 5927 ll
929 5874 1050 5928 Cor.
1087 5873 1285 5935 sunt.
1364 5871 1405 5903 ⁸⁵
1447 5869 1600 5928 loau.
1648 5886 1675 5919 ς
1740 5869 1816 5918 '3.
1895 5871 1939 5900 ’°
1964 5868 2158 5940 Philip.
2197 5888 2257 5938 ιι,
2292 5876 2344 5928 8.
2406 5875 2454 5947 “‘

1280 5912 1285 5924 .
1364 5871 1405 5903 ⁸⁵
1447 5869 1600 5928 luant.
1648 5886 1675 5919 ἰ
1740 5869 1816 5918 l3.
1895 5871 1939 5900 ’°
1964 5868 2158 5940 Philip.
2197 5888 2257 5938 ll,
2292 5876 2344 5928 ὅ.
2406 5875 2459 5947 λ⁹¹
2489 5872 2677 5928 Matth.
2714 5887 2881 5931 xxvtl,
2912 5870 2978 5921 60
