4300 6460
274 546 367 601 781

1380 547 1881 603 COMMENTARIA
1919 547 1985 601 IN
2022 546 2353 601 PSALMOS.

3364 553 3462 605 782

267 659 384 722 τοῦ,
422 659 523 730 τῆς
554 660 869 731 προσδοκίας
896 660 1001 714 τῶν
1034 661 1196 714 ἐθνῶν
1233 664 1527 734 ἐπιστάσης
1557 666 1698 717 κατὰ
1724 666 1820 733 τὴν

1927 679 2128 718 eorum.
2158 646 2479 717 Defecerunt
2507 662 2704 748 quippe
2732 664 3001 733 principes
3033 680 3097 719 ex
3128 663 3268 720 Iuda
3297 669 3465 722 etdu-

270 748 430 800 τοῦτο
478 748 838 810 θεσπίζουσαν
873 750 1357 819 προφητείαν.Καί
1399 751 1519 802 οὕτε
1566 750 1819 819 βασιλεῖς,

270 836 393 890 οὔτε
420 839 699 909 ἡγεμόνες,
727 838 847 890 οὔτε
870 840 1009 901 τινὲς
1028 841 1155 909 παρ’
1175 842 1354 903 αὐτοῖς
1385 841 1647 917 δυνάσται
1665 845 1821 905 εἰσὶν,

272 930 391 982 οὐδέ
423 947 474 999 τι
494 930 674 998 τάγμα
711 928 814 980 τῶν
844 930 1007 981 πάλαι
1038 933 1164 1001 παρ’
1192 932 1372 993 αὐτοῖς
1405 931 1569 984 ὄντων
1612 933 1824 1003 περιλέ-

273 1024 513 1076 λειπται·
570 1024 1043 1093 καταισχυνθέντες
1089 1025 1144 1077 δὲ
1196 1027 1393 1088 πάντες
1454 1026 1822 1079 ἐκλελοίπασιν

275 1118 323 1167 οἰ
350 1116 720 1177 διαϐάλλοντες
767 1116 925 1168 αὑτοῦ
964 1116 1060 1186 τήν
1106 1116 1300 1186 ψυχήν.
1338 1118 1422 1168 Ἐν
1451 1118 1609 1185 ὁποίᾳ
1648 1118 1703 1169 δὲ
1736 1120 1820 1170 αἰ-

277 1206 446 1279 σχύνῃ
496 1206 844 1276 τυγχάνουσιν
892 1208 1055 1260 εἰσέτι
1098 1210 1191 1261 καὶ
1223 1207 1315 1259 νῦν
1340 1209 1388 1259 ot
1418 1208 1522 1259 τῶν
1558 1209 1822 1261 Ἰουδαίων

277 1297 600 1367 προεστάναι
658 1296 1026 1366 νομιζόμενοι,
1069 1296 1298 1368 ὁρῶντες
1338 1299 1556 1360 ἑαυτοὺς
1597 1301 1691 1368 μὲν
1736 1300 1821 1352 διὰ

277 1388 459 1456 πάσης
492 1386 712 1455 Γραφῆς
748 1386 839 1437 ἐπὶ
867 1386 1323 1455 εἰδωλολατρείαις
1353 1387 1818 1456 διαϐεϐλημένους,

275 1479 450 1530 πάντα
476 1478 531 1529 δὲ
566 1476 633 1528 τὰ
671 1476 789 1528 καθ’
818 1477 945 1547 ὅλης
973 1479 1071 1548 τῆς
1103 1479 1425 1548 οἰκουμένης
1452 1478 1575 1549 ἔθνη
1609 1479 1695 1531 διὰ
1721 1480 1821 1547 τῆς

274 1568 366 1620 τοῦ
399 1565 629 1637 Χριστοῦ
675 1567 1013 1631 διδασκαλίας
1044 1568 1141 1637 τῆς
1183 1569 1651 1638 πατροπαραδότου
1690 1569 1823 1621 πλά-

274 1675 372 1728 νης
400 1657 833 1728 μεταϐεϐληκότα
850 1676 862 1687 ·
892 1660 948 1711 ἐν
967 1654 1045 1723 οἷς
1062 1660 1162 1729 ἤδη
1188 1660 1557 1729 τυγχάνουσιν,
1591 1661 1819 1730 ὲντροπῇ

275 1749 504 1819 ὁρῶντες
537 1750 754 1812 ἑαυτοὺς
791 1750 886 1819 μὲν
915 1750 1015 1819 τῆς
1036 1751 1311 1820 βασιλικῆς
1341 1750 1517 1803 αύτῶν
1554 1751 1849 1820 μητροπό-’

277 1840 412 1902 λεως
439 1840 531 1892 καὶ
557 1840 907 1911 ἀποὸλήτους,
930 1842 1185 1911 Ἕλληνας
1214 1842 1269 1893 δὲ
1301 1842 1492 1911 ἄνδρας
1524 1841 1823 1907 ἀλλογενεῖς

277 1932 371 1985 καὶ
420 1931 742 1999 ἀλλοφύλους
784 1933 873 1984 τὸν
918 1933 1077 1985 τόπον
1128 1934 1301 1985 αὐτῶν
1354 1933 1649 1994 οἰκοῦντας,
1684 1932 1823 1985 κατὰ

1922 769 2013 807 ces
2043 769 2108 807 ex
2133 752 2433 807 femoribus
2474 754 2612 821 ejus,
2638 768 2761 807 cum
2794 754 3099 809 advenisset
3131 760 3465 827 exspectatio

1922 843 2159 911 gentium
2191 843 2256 905 ’⁸,
2277 841 2573 897 secundum
2616 843 2949 912 prophetiam
3000 844 3112 898 haec
3165 847 3466 900 vaticinan-

1921 940 2048 986 tem.
2078 933 2154 987 Ac
2183 948 2359 1002 neque
2404 949 2581 1002 reges,
2614 949 2788 1004 neque
2823 935 3009 999 duces,
3046 951 3222 1005 neque
3253 938 3345 991 ulli
3378 953 3468 1007 pe-

1922 1040 2016 1078 nes
2036 1040 2129 1079 eos
2155 1032 2435 1095 magnates
2471 1033 2616 1089 sunt,
2648 1041 2759 1079 non
2790 1026 2921 1080 ordo
2959 1028 3224 1097 quispiam
3256 1029 3467 1098 prisco-

1922 1133 2040 1169 rum
2068 1118 2476 1185 magistratuum
2509 1119 2615 1172 illis
2652 1128 2927 1187 superstes
2978 1128 3095 1186 est;
3149 1121 3243 1175 sed
3274 1136 3465 1177 omnes

1921 1205 2014 1273 qui
2035 1205 2391 1259 detrahebant
2426 1206 2618 1259 anima:
2668 1207 2808 1274 ejus,
2868 1207 3081 1261 confusi
3130 1208 3460 1267 defecerunt.

1922 1296 2135 1360 Quanta
2165 1310 2291 1348 vero
2310 1295 2363 1347 in
2393 1295 2716 1350 confusione
2737 1306 3024 1352 versantur
3055 1300 3338 1370 hodieque,
3371 1305 3464 1372 qui

1920 1383 2121 1439 Judaeis
2173 1399 2404 1453 praeesse
2436 1393 2717 1453 putantur,
2773 1387 3018 1443 videntes
3068 1405 3125 1444 se
3174 1392 3369 1459 passim
3408 1392 3463 1446 in

1924 1472 2222 1542 Scripturis
2242 1475 2558 1529 idololatria:
2578 1477 2796 1531 nomine
2825 1482 3093 1547 accusari,
3121 1496 3308 1537 omnes
3339 1498 3465 1537 vero

1921 1579 2016 1633 per
2040 1564 2222 1617 orbem
2252 1574 2438 1634 gentes
2471 1582 2567 1634 per
2596 1568 3135 1625 Christkdoctrinam
3173 1588 3200 1625 a
3242 1582 3465 1641 paterno

1921 1667 2102 1706 errore
2128 1652 2429 1708 descivisse
2464 1670 2562 1709 :ac
2600 1657 2652 1709 in
2680 1659 2878 1725 quibus
2921 1660 3055 1717 locis
3105 1662 3213 1731 jam
3241 1663 3463 1733 degunt,

1922 1757 2020 1797 nec
2048 1742 2166 1798 sine
2186 1743 2508 1798 confusione
2532 1756 2839 1815 cernentes,
2868 1766 2925 1804 se
2945 1751 3161 1820 quidem
3196 1756 3341 1824 regia
3368 1771 3467 1809 sua

1921 1834 2209 1903 metrOpoli
2231 1842 2485 1890 extrusos
2514 1851 2578 1891 ac
2601 1836 2859 1905 dejectos,
2893 1838 3109 1896 Graecos
3131 1852 3318 1898 autem
3344 1847 3470 1899 alie-

1924 1925 2148 1995 nigeuas
2178 1933 2232 1980 et
2264 1934 2549 1984 extraneos
2577 1930 2749 1983 locum
2788 1948 2943 1985 suum
2973 1933 3305 2005 inpolentes;
3339 1953 3468 2007 gen—

280 2021 460 2083 πάσας
495 2038 551 2074 τε
582 2021 845 2091 ἐπαρχίας
885 2022 976 2074 καὶ
1020 2022 1216 2092 χώρας,
1259 2022 1351 2074 καὶ
1386 2023 1566 2084 πόλεις
1609 2024 1731 2085 τοὺς
1764 2022 1822 2086 ἐξ

1927 2022 2109 2086 tesque
2131 2018 2186 2070 in
2214 2020 2465 2074 omnibus
2494 2022 2809 2090 provinciis,
2838 2024 3149 2094 regionibus
3171 2034 3225 2081 et
3242 2029 3467 2083 urbibus

277 2110 443 2163 ἐθνῶν
466 2112 562 2173 τὰς
588 2110 713 2181 περί
745 2110 837 2162 τοῦ
866 2111 1111 2183 Σωτῆρος
1144 2111 1480 2181 προφητικὰς
1509 2111 1689 2179 φωνὰς
1728 2129 1825 2182 κη-

241 2202 602 2272 ·ρύττοντας;
637 2201 873 2272 Αἰσχύνη
910 2202 965 2253 δὲ
1002 2202 1213 2272 ἀληθῶς
1259 2203 1349 2254 καί
1386 2202 1615 2271 ἐντροπὴ
1642 2202 1825 2254 κατεί-

273 2293 441 2365 ληφεν
474 2294 648 2348 αὐτῶν
695 2294 793 2357 τὰς
825 2294 1019 2363 ψυχὰς,
1052 2296 1143 2347 τὸν
1173 2294 1297 2363 χθὲς
1317 2294 1382 2346 δι’
1415 2293 1590 2346 αὐτῶν
1612 2293 1827 2365 σταυρῷ

274 2384 644 2455 παραδοθέντα
674 2385 796 2438 καθ’
836 2386 961 2456 ὅλης
998 2389 1095 2457 τῆς
1146 2385 1464 2455 οἰκουμένης
1498 2386 1827 2454 προσκυνού-

277 2492 435 2545 μενον
474 2477 567 2528 καί
600 2475 1011 2546 θεολογούμενον
1049 2477 1319 2547 ὁρῶντας·
1355 2476 1391 2530 ἃ
1432 2476 1495 2547 δὴ
1530 2475 1828 2545 ἐπληροῦτο

274 2566 579 2629 ἀκολούθως
602 2570 666 2637 τῇ
695 2566 832 2636 μετὰ
859 2570 1044 2637 χεῖρας
1084 2569 1380 2638 προρρήσει
1409 2568 1695 2636 λεγούσῃ-ε
1724 2567 1826 2618 Πε-

278 2657 675 2727 ριϐαλέσθωσαν
708 2655 962 2726 αἰσχύνην
996 2658 1089 2710 καὶ
1110 2658 1369 2727 ἐντροπὴν
1387 2659 1441 2710 οἰ
1460 2657 1743 2726 ζητοῦντες
1761 2657 1827 2709 τὰ

274 2745 419 2799 κακά
450 2763 588 2815 μοι.»
610 2747 716 2798 Καὶ
744 2741 885 2798 οὗτοι
918 2746 1014 2813 μὲν
1037 2746 1158 2799 τάδε
1188 2747 1477 2799 πείσονται·
1515 2766 1534 2796 ‹
1556 2746 1693 2812 Ἐγὼ
1713 2746 1821 2807 δὲ,›

275 2836 370 2889 ὑπ’
401 2835 577 2889 αὐτῶν
592 2835 658 2888 τὰ
686 2835 915 2897 τοσαῦτα
935 2835 1229 2899 πεπονθὼς,
1260 2855 1277 2885 ι
1313 2837 1615 2900 διαπαντὸς,
1645 2838 1824 2906 φησὶν,

276 2927 464 2990 ὲλπιῶ,
487 2928 581 2980 καὶ
608 2927 895 2999 προσθήσω
922 2928 1013 3005 ἐπὶ
1064 2930 1240 2980 πᾶσαν
1263 2927 1357 2998 τὴν
1399 2927 1598 2981 αἵνεσίν
1652 2946 1765 2980 σου.
1804 2947 1821 2979 ι

288 3016 439 3068 Ἐπεὶ
474 3016 531 3068 δὲ
604 3014 741 3069 κατὰ
794 3015 998 3078 πάντας
1047 3016 1171 3076 τοὺς
1246 3015 1679 3085 ἑρμηνεύσαντας
1731 3015 1826 3077 τὸ,

282 3125 302 3158 ε
331 3106 619 3177 προσθήσω
647 3146 665 3171 ,
707 3125 725 3158 ι
748 3107 993 3160 λέλεκται
1029 3108 1057 3160 ὅ
1090 3124 1149 3159 τε
1200 3106 1425 3168 Ἀκύλας
1451 3107 1610 3175 φησὶ,
1646 3125 1665 3159 ε
1722 3107 1829 3159 Καὶ¹

276 3199 569 3269 προσθήσω
600 3198 693 3251 ἐπὶ
726 3198 902 3261 πάσας
934 3199 1225 3268 ὑμνήσειςο
1270 3218 1289 3249 ›
1321 3200 1414 3251 κα)⁴
1443 3201 1471 3251 6
1497 3198 1785 3269 Σύμμαχος
1811 3239 1825 3263 ,

280 3310 301 3343 ι
347 3291 439 3345 καὶ
472 3290 759 3362 προσθήσω
778 3292 888 3352 τοῖς
922 3288 1131 3359 ὕμνοις
1165 3308 1183 3340 ι
1216 3289 1315 3360 ὅρα
1337 3292 1384 3342 εἰ
1416 3289 1487 3359 μὴ
1518 3289 1829 3360 προσθήκην

1927 2108 2275 2176 propheticas
2306 2107 2617 2165 Servatoris
2649 2126 2809 2166 voces
2840 2113 3232 2182 pradicantcs?
3258 2114 3465 2170 Confu-

1926 2197 2007 2251 sio
2053 2213 2239 2252 revera
2267 2209 2320 2252 et
2348 2200 2644 2269 ignominia
2677 2202 2884 2257 animas
2920 2218 3104 2257 eorum
3138 2205 3355 2269 invasit,
3387 2205 3466 2257 vi-

1925 2287 2114 2341 dentes
2134 2278 2256 2341 eum
2274 2290 2364 2357 qui
2391 2291 2456 2343 ab
2478 2291 2608 2359 ipsis
2631 2291 2884 2346 hesterna
2912 2292 2997 2347 die
3027 2293 3093 2347 ad
3125 2308 3338 2349 crucem
3356 2303 3469 2349 tra-

1926 2375 2068 2429 ditus
2085 2384 2187 2439 est,
2206 2391 2303 2445 per
2317 2385 2488 2431 totum
2509 2364 2693 2435 orbem
2711 2382 2919 2435 adorari
2937 2382 3209 2453 Deumque
3218 2384 3471 2453 praedica—

1926 2464 1971 2515 ri
1989 2482 2008 2530 ς
2030 2479 2148 2533 quae
2167 2480 2297 2519 sane
2314 2466 2531 2536 impleta
2551 2477 2677 2522 sunt
2698 2480 3088 2541 consequenter
3106 2472 3170 2526 ad
3183 2473 3320 2527 hanc
3338 2490 3472 2543 prat-

1925 2554 2214 2608 dictionem
2236 2556 2312 2611 sic
2331 2557 2616 2614 habentem
2647 2578 2659 2616 :
2692 2568 2717 2612 ἰ
2751 2552 3052 2617 induantur
3076 2564 3396 2619 confusione
3421 2573 3474 2620 et

1926 2646 2225 2698 reverentia
2238 2648 2325 2715 qui
2342 2658 2587 2717 quaerunt
2604 2652 2738 2704 mala
2756 2654 2904 2707 mihi.
2919 2653 3011 2707 »Ει
3025 2655 3099 2707 illi
3118 2654 3328 2725 quidem
3347 2656 3474 2709 talia

1926 2736 2232 2803 patientur:
2256 2755 2273 2787 ι
2299 2753 2395 2807 ego
2410 2754 2558 2803 vero,
2586 2761 2604 2793 ι
2633 2743 2727 2806 ait,‘
2752 2751 2830 2796 tot
2846 2746 3002 2800 malis
3024 2746 3324 2803 aﬂ'ectusab
3348 2748 3471 2811 illis.
3538 2806 3539 2809 η

1932 2846 1949 2877 ι
1974 2843 2185 2898 semper
2215 2832 2462 2897 sperabo,
2499 2839 2553 2886 et
2598 2830 2851 2900 adjiciam
2900 2850 3064 2903 super
3102 2852 3316 2891 omnem
3354 2840 3473 2893 lau-

1926 2919 2045 2973 dem
2081 2929 2279 2974 tuam.)
2325 2920 2457 2975 Cum
2486 2931 2665 2977 autem
2705 2925 2774 2976 ab
2804 2926 3055 2980 omnibus
3091 2926 3473 2997 interpretibus

1932 3029 1951 3061 ι
1972 3011 2220 3080 adjiciam
2251 3030 2269 3063 ι
2291 3013 2523 3077 dicatur,
2545 3021 2597 3069 et
2615 3013 2804 3084 Aquila
2827 3017 2905 3070 sic
2922 3016 3135 3081 habeat,
3165 3036 3184 3068 ι
3207 3018 3470 3088 Adjiciam

1928 3119 2090 3173 super
2123 3119 2311 3159 onmes
2339 3105 2591 3176 hymnos,
2635 3125 2653 3158 ι
2687 3106 3040 3178 Symmachus
3070 3126 3217 3175 vero,
3250 3130 3267 3163 ι
3287 3111 3351 3164 Ει
3380 3113 3475 3166 ad-

1924 3192 2108 3261 jiciam
2143 3194 2392 3264 hymnis;
2420 3214 2437 3246 ι
2476 3195 2596 3249 vide
2625 3211 2755 3249 num
2807 3197 3021 3268 hymnis
3057 3198 3234 3255 Patris
3266 3201 3350 3255 sui
3378 3202 3475 3255 ad-

1930 3283 2287 3339 ditamentum
2345 3284 2554 3351 fecerit,
2604 3286 2810 3340 Novum
2856 3286 3259 3345 Testamentum
3296 3291 3475 3347 Veteri

275 3385 567 3451 ἐποιήσατο
601 3383 710 3443 τοῖς
734 3380 832 3433 τοῦ
860 3379 1066 3448 Πατρὸς
1095 3376 1298 3448 ὕμνοις,
1326 3379 1421 3449 τὴν
1464 3378 1666 3448 Καινὴν
1714 3382 1827 3431 Δια-

1939 3376 2168 3431 addens.
2208 3377 2391 3446 Neque
2418 3378 2562 3433 enim
2595 3379 2772 3447 priora
2811 3381 3048 3444 sustulit,
3090 3398 3212 3435 cum
3240 3386 3475 3439 secunda

278 3474 449 3545 θήκην
479 3472 612 3542 πρὸς
644 3474 709 3541 τῇ
757 3470 964 3538 Παλαιᾷ
996 3468 1284 3539 παραδούς.
1314 3471 1387 3522 Οὐ
1438 3470 1543 3540 γὰρ
1557 3470 1729 3523 ἀνεῖλε
1758 3469 1829 3547 τὰ

277 3562 491 3632 πρῶτα,
518 3559 824 3627 εἰσαγαγὼν
854 3558 922 3610 τὰ
952 3557 1195 3628 δεύτερα,
1228 3558 1539 3628 προσθήκην
1557 3560 1614 3611 δὲ
1641 3562 1827 3629 ὲποιή-

276 3666 436 3705 σατο·
470 3649 564 3703 καὶ
593 3648 749 3701 τοῦτό
775 3650 920 3701 ἐστιν
941 3650 1127 3718 εὑρεῖν
1152 3649 1208 3700 ἐν
1232 3650 1350 3710 ταῖς
1378 3647 1538 3700 αὐτοῦ
1576 3648 1827 3703 διδασκα-

273 3740 433 3804 λίαις,
456 3739 521 3792 δι’
550 3732 623 3792 ὧν
656 3756 816 3807 φησιν
838 3754 849 3766 ·
893 3757 910 3789 ‹
933 3738 1158 3810 Ἐρρέθη
1189 3741 1299 3801 τοῖς
1324 3739 1587 3810 ἀρχαίοις,
1627 3740 1700 3791 Ού
1730 3757 1828 3809 φο-

274 3830 513 3894 νεύσεις·
549 3829 658 3899 ὲγὼ
688 3831 742 3883 δὲ
766 3830 907 3900 λέγω
924 3870 939 3893 ,
962 3830 1096 3901 μηδὲ
1118 3829 1441 3899 ὀργίζεσθαι,
1479 3829 1701 3901 Ἐρρέθη
1720 3834 1829 3893 τοῖς

274 3921 539 3993 ἀρχαίοις,
567 3922 639 3975 Οὒ
672 3920 1005 3991 μοιχεύσεις·
1036 3918 1145 3987 ἐγὼ
1189 3920 1247 3973 δὲ
1269 3920 1427 3989 λέγω,
1471 3921 1602 3991 μηδὲ
1646 3920 1829 3973 ἐπιθυ-

277 4016 428 4085 μεῖν·
467 4031 487 4065 ι
524 4013 615 4066 καὶ
647 4013 745 4065 ὅσα
776 4012 909 4068 ἄλλα
938 4012 1160 4067 τοιαῦτα
1191 4012 1502 4085 προσθήκην
1528 4011 1714 4082 ἔχοντα
1742 4013 1829 4065 διὰ

187 4166 189 4169 ι
274 4104 373 4174 τῆς
398 4104 766 4174 πνευματικῆς
787 4103 1016 4174 θεωρίας
1044 4121 1102 4156 τε
1129 4105 1223 4157 καὶ
1240 4103 1527 4176 ἑρμηνείας
1548 4102 1638 4155 τοῦ
1666 4104 1827 4174 νόμου

274 4193 332 4244 ὲν
360 4195 426 4263 τῇ
464 4192 754 4264 Ἐκκλησία
780 4193 943 4247 αὐτοῦ
977 4194 1348 4266 παραδέδοται.
1397 4194 1553 4249 Ἀλλὰ
1594 4196 1685 4248 καὶ
1717 4215 1733 4245 ‹
1771 4197 1829 4249 τὸ

267 4282 451 4353 στόμα
512 4300 613 4353 μου
639 4321 655 4346 ,
745 4284 943 4354 φησὶν,
1001 4285 1285 4352 ἀναγγελεῖ
1348 4287 1446 4356 τὴν
1490 4285 1828 4357 δικαιοσύνην

274 4391 390 4427 σου.
408 4392 435 4425 ι)
455 4373 529 4426 Τὸ
565 4374 673 4445 γὰρ
704 4375 1025 4443 Εὑαγγέλιον
1041 4377 1377 4447 δικαιοσύνην
1399 4379 1648 4447 ἐμφαίνει
1673 4378 1826 4441 Θεοῦ,

272 4469 373 4521 οὐκ
388 4466 658 4529 Ἰουδαίοις
688 4467 868 4537 μόνοις
890 4466 1265 4537 ἀφωρισμένον
1289 4467 1474 4539 ὥσπερ
1497 4472 1526 4521 6
1551 4470 1637 4523 διὰ
1664 4472 1827 4524 Meuia-

275 4558 414 4620 σέως
439 4556 618 4627 νόμος.
651 4555 740 4609 Διό
769 4551 930 4624 φησιν
950 4557 979 4608 6
1018 4554 1332 4619 ’Δπόστολος
1353 4573 1365 4585 ·
1397 4576 1415 4607 ‹
1446 4559 1520 4611 Ού
1550 4559 1658 4630 γὰρ
1673 4560 1827 4613 ἐπαι-

1931 3466 2152 3535 adjecit,
2188 3470 2281 3522 sed
2310 3468 2737 3523 additamentum
2767 3469 2964 3523 effecit.
3022 3471 3174 3536 Quod
3217 3475 3376 3527 etiam
3420 3474 3475 3528 in

1928 3558 2047 3624 ejus
2087 3558 2332 3611 doctrina
2361 3561 2597 3629 reperire
2638 3567 2739 3623 est,
2796 3560 2882 3615 ubi
2922 3561 2998 3613 ait
3047 3556 3061 3613 :'
3100 3581 3118 3612 ι
3143 3543 3351 3618 Dictum
3390 3576 3473 3620 est

1930 3649 2191 3717 antiquis,
2226 3648 2342 3703 Non
2380 3650 2632 3718 occides;
2668 3666 2766 3721 ego
2796 3661 2971 3705 autem
3020 3652 3142 3706 dico
3197 3654 3370 3716 vobis.
3398 3654 3476 3711 Ne

1928 3739 2262 3795 irascamini.
2294 3740 2506 3795 Dictum
2532 3751 2615 3797 est
2644 3744 2900 3813 antiquis,
2928 3743 3044 3799 Non
3076 3747 3471 3815 mmchaberis;
3532 3740 3547 3755 λ

1927 3843 2027 3897 ego
2078 3839 2257 3884 autem
2287 3831 2410 3885 dico
2458 3833 2632 3897 vobis,
2666 3834 2742 3888 l\'e
2787 3836 3189 3905 concupiscatis
3210 3838 3310 3902 ’³,›
3344 3849 3398 3895 et
3427 3845 3469 3895 si

1928 3933 2032 3985 qua
2089 3920 2307 3983 similia,
2359 3936 2478 3989 qua:
2534 3924 2803 3991 spirituaii
2849 3941 3011 3979 sensu
3060 3934 3113 3980 et
3153 3929 3476 3998 interpreta-

1930 4010 2075 4063 tione
2124 4010 2414 4073 intellecta,
2450 4020 2504 4066 et
2551 4013 2975 4069 additamentum
3013 4017 3130 4087 'legi
3166 4018 3470 4082 inferentia.

1928 4101 1982 4155 in
2023 4099 2261 4156 Ecclesia
2315 4104 2435 4173 ejus
2483 4105 2677 4161 tradita
2731 4114 2880 4161 sunt.
2923 4106 3030 4162 Sed
3060 4109 3245 4174 etiam,
3279 4112 3472 4182 inquit.

1933 4207 1950 4237 ί
1972 4202 2034 4242 os
2066 4204 2244 4243 meum
2270 4193 2899 4263 annuntiabitjustitiam
2942 4204 3112 4251 tuam.
3134 4216 3155 4250 ι
3198 4198 3473 4269 Siquidem

1923 4278 2189 4347 justitiam
2223 4280 2316 4336 Dei
2350 4284 2567 4341 exhibet
2593 4285 2959 4357 Evangelium,
2990 4306 3094 4344 non
3116 4290 3314 4347 Judzeis
3339 4295 3474 4347 dun.

1929 4376 2075 4422 taxat
2105 4370 2455 4437 destinatum,
2486 4381 2544 4427 ut
2573 4377 2655 4429 lex
2684 4393 2779 4445 per
2801 4378 3035 4450 Moysem
3080 4380 3225 4435 data.
3269 4381 3470 4445 Quam-

1928 4461 2114 4517 obrem
2146 4464 2219 4516 ait
2246 4462 2571 4543 Apostolus:
2612 4487 2631 4519 ‹
2661 4466 2779 4523 Non
2812 4472 2952 4524 enim
2995 4474 3255 4526 erubesco
3292 4473 3471 4527 Evan-

1928 4554 2147 4623 gelium.
2201 4555 2386 4612 Virtus
2419 4560 2560 4612 enim
2590 4558 2681 4613 Dei
2706 4571 2789 4614 est
2828 4562 2882 4615 in
2917 4562 3142 4617 salutem
3174 4565 3319 4619 omni
3347 4582 3469 4621 cre-

275 4648 537 4719 σχύνομαι
568 4646 628 4699 τὸ
650 4646 996 4715 Εύαγγέλιον.
1032 4646 1266 4717 Δύναμις
1291 4646 1395 4719 γὰρ
1419 4648 1553 4701 Θεοῦ
1580 4652 1724 4704 ἐστιν
1749 4654 1827 4716 εἰς

1929 4646 2097 4710 denti,
2132 4645 2317 4701 Judazo
2347 4652 2577 4717 primum
2608 4658 2660 4703 et
2681 4649 2891 4710 Graeco.
2944 4651 3162 4711 Justitia
3190 4658 3333 4711 enim
3377 4656 3471 4713 Dei

274 4740 546 4811 σωτηρίαν
574 4738 733 4793 παντὶ
759 4738 834 4808 τῷ
860 4739 1187 4802 πιστεύοντι,
1248 4738 1480 4809 Ἰουδαίῳ
1508 4758 1566 4793 τε
1615 4742 1826 4813 πρῶτον

273 4832 367 4893 καὶ
396 4831 634 4901 Ἕλληνι.
672 4830 993 4899 Δικαιοσύνη
1022 4830 1126 4900 γὰρ
1162 4828 1295 4881 Θεοῦ
1327 4830 1385 4882 ἐν
1429 4830 1577 4901 αὐτῷ
1618 4833 1823 4887 ἀποκα-

271 4918 564 4975 λύπτεται.
600 4941 619 4973 ι
650 4921 740 4974 Διὸ
789 4918 1016 4973 ἐνταῦθα
1050 4918 1288 4972 λέλεκται
1310 4934 1325 4943 ’
1367 4937 1387 4968 «
1420 4919 1493 4971 Τὸ
1515 4920 1687 4990 στόμα
1725 4939 1823 4991 μου

273 5007 561 5075 ἀναγγελεῖ
589 5009 686 5079 τὴν
710 5008 1048 5078 δικαιοσύνην
1076 5025 1191 5074 σου,
1215 5007 1341 5078 ὃλην
1368 5007 1465 5077 τὴν
1490 5009 1698 5078 ἡμέραν
1726 5012 1825 5081 τὴν

275 5098 548 5167 σωτηρίαν
575 5116 666 5152 σου
688 5116 702 5129 ν
746 5120 765 5151 ι
800 5100 833 5170 ἢ
860 5098 996 5154 κατὰ
1026 5099 1113 5152 τὸν
1144 5097 1455 5169 Σύμμαχον,
1499 5116 1518 5148 ο
1552 5098 1692 5151 κατὰ
1730 5103 1827 5154 πᾶ-

275 5204 373 5240 σαν
402 5189 615 5260 ήμέραν
645 5193 740 5262 τὴν
769 5192 1037 5262 σωτηρίαν
1069 5208 1182 5245 σου.
1225 5209 1244 5241 ι
1288 5189 1397 5243 Καὶ
1439 5188 1595 5242 τοῦτο
1626 5190 1681 5242 δέ
1715 5194 1829 5246 ἐστι

273 5277 646 5349 πληρούμενον
675 5282 894 5354 θεωρεῖν
918 5281 1035 5335 καθ’
1051 5281 1176 5351 ὅλης
1202 5280 1299 5350 τῆς
1324 5280 1640 5350 οἰκουμένης
1663 5298 1676 5310 ·
1711 5283 1768 5334 ὲν

272 5368 331 5420 τὸ
363 5358 540 5436 στόμα
571 5367 662 5421 τοῦ
698 5370 947 5443 Σωτῆρος
978 5370 1133 5443 ήμῶν
1166 5370 1251 5449 διὰ
1280 5368 1384 5421 τῶν
1416 5366 1573 5422 θείων
1598 5370 1829 5440 Γραφῶν

274 5459 437 5512 πᾶσιν
469 5456 773 5529 ἀνθρώποις
806 5462 889 5530 ἐφ’
920 5464 1151 5532 ἑκάστης
1191 5462 1399 5532 ἡμέρας
1440 5462 1537 5533 τὴν
1564 5462 1629 5515 δι’
1664 5464 1827 5537 αὐτοῦ

273 5545 694 5619 προξενηθεῖσαν
744 5549 914 5602 ἅπασι
957 5550 1226 5621 σωτηρίαν
1252 5549 1524 5620 κηρύττει.
1561 5552 1827 5622 Ἐπιλέγει

271 5639 329 5693 δὲ
354 5639 744 5703 τούτοις,‹”οτι
769 5641 868 5692 οὐκ
886 5641 1052 5708 ἔγνων
1078 5642 1476 5713 γραμματείας.
1509 5662 1527 5694 ι
1550 5644 1658 5707 Τὰς
1680 5645 1826 5709 κλεῖς

270 5731 551 5803 εἰληφότες
584 5734 679 5804 τῆς
707 5731 997 5802 βασιλείας,
1028 5734 1117 5785 καὶ
1146 5735 1282 5805 μήτε
1321 5736 1471 5789 αὐτοὶ
1511 5736 1823 5807 εἰσερχόμε-

1931 4737 1985 4789 in
2017 4751 2082 4791 eo
2111 4737 2377 4793 revelatur
2415 4738 2511 4791 ’δη
2531 4738 2738 4795 Idcirco
2758 4742 2847 4796 hic
2874 4743 3112 4799 dicitur:
3148 4765 3164 4797 ι
3189 4745 3262 4801 Os
3296 4762 3471 4803 meum

1932 4828 2269 4882 annuntiabit
2282 4828 2549 4897 justitiam
2568 4842 2735 4895 tuam,
2756 4842 2866 4887 tota
2892 4834 2978 4891 die
3003 4837 3230 4892 salutem
3255 4848 3396 4894 tuam
3421 4859 3467 4905 ;›

1932 4920 2046 4972 sive
2092 4919 2391 4973 secundum
2440 4920 2846 4990 Symmachum,
2902 4944 2920 4977 ι
2948 4923 3053 4980 Per
3087 4912 3309 4982 omnem
3332 4928 3469 4983 diem

1934 5009 2162 5062 salutem
2200 5016 2409 5065 tuam.»
2453 5009 2618 5083 quue
2648 5029 2743 5083 per
2778 5025 2946 5069 totum
2976 5016 3162 5071 orbem
3194 5019 3469 5088 impletum

1933 5098 2113 5151 videre
2163 5110 2287 5153 est:
2329 5099 2386 5153 in
2432 5117 2541 5172 quo
2571 5119 2634 5158 os
2668 5103 2962 5160 Salvatoris
2994 5108 3165 5160 nostri
3197 5123 3291 5177 per
3333 5109 3472 5165 divi-

1931 5202 2029 5241 nas
2091 5185 2407 5259 Scripturas
2440 5193 2693 5249 omnibus
2726 5196 3033 5251 hominibus
3059 5199 3298 5267 quotidie
3326 5201 3468 5253 salu-

1931 5286 2037 5333 tem
2066 5280 2135 5334 ab
2171 5296 2231 5336 se
2257 5285 2511 5340 omnibus
2558 5294 2900 5355 procuratam
2933 5287 3208 5357 praedicat.
3254 5288 3348 5346 His
3370 5293 3467 5346 ad-

1922 5369 2065 5436 jicit.
2125 5391 2143 5420 ι
2170 5369 2436 5438 Quoniam
2487 5390 2596 5430 non
2630 5380 2855 5447 cognovi
2896 5378 3273 5437 litteraturam.
3322 5401 3339 5433 ι
3368 5382 3469 5448 Qui

1928 5460 2171 5516 clavibus
2209 5466 2362 5535 regni
2393 5468 2647 5534 acceptis,
2679 5483 2850 5538 neque
2878 5469 2977 5538 ipsi
3009 5469 3467 5541 ingrediebantur.

1934 5564 2106 5619 neque
2133 5553 2275 5608 alios
2316 5556 2524 5627 ingredi
2567 5558 2955 5623 concedebant,
2986 5559 3341 5616 litteraturam
3374 5562 3470 5619 de-

1933 5647 2200 5701 tinebant.
2242 5649 2353 5722 Ego
2404 5668 2554 5719 vero,
2608 5654 2801 5724 inquit,
2842 5655 2934 5725 qui
2997 5656 3196 5728 Moysis
3251 5660 3468 5731 scriptis

1930 5754 2037 5794 non
2073 5741 2310 5796 attendo.
2350 5762 2524 5817 neque
2568 5762 2881 5823 corpoream
2928 5750 3061 5820 legis
3115 5753 3465 5810 litteraturam

341 5886 385 5929 θ’
410 5885 545 5973 Gen.
571 5904 719 5954 xLix,
756 5889 836 5943 i0.
914 5890 959 5923 ⁹³
990 5887 1173 5943 Matth.
1203 5909 1252 5960 ν,
1279 5893 1369 5960 2!,
1399 5893 1488 5960 27,
1515 5891 1604 5951 28.
1664 5892 1727 5969 θ’*
1760 5892 1963 5969 Roma,
1997 5894 2077 5959 ίῦ,
2113 5896 2189 5948 17.
