4300 6430
766 530 908 583 .755

800 734 940 802 Quid
968 742 1141 788 autem
1173 734 1355 787 nosti?
1401 731 1457 786 ld
1490 743 1675 800 postea
1699 734 1942 797 declarat
1969 734 2183 790 dicens:
2216 754 2233 786 ι
2258 735 2341 789 ln-

801 827 978 881 troibo
999 826 1051 879 in
1081 824 1349 893 potentias
1393 823 1607 878 Domini
1640 823 1874 889 Domini,
1906 834 1959 879 et
1997 817 2339 881 memorabor

800 913 1023 987 juStitiae
1057 924 1163 970 tuae
1200 916 1427 971 solius.»
1464 915 1597 969 Nam
1634 916 1935 971 litteratura
1966 915 2167 972 Judaais
2206 919 2338 973 solis

798 1011 1152 1081 competebat,
1200 1011 1295 1080 qui
1345 1019 1425 1065 ter
1468 1011 1525 1063 in
1569 1025 1711 1064 anno
1752 1009 2138 1081 Jerosolymam
2188 1011 2339 1067 adire

793 1099 1147 1168 jubebantur;
1177 1112 1350 1167 eaque
1379 1097 1546 1153 multa
1577 1098 1681 1155 alia
1711 1098 1877 1151 ardua
1908 1114 2007 1154 nec
2029 1100 2337 1154 necessaria

797 1193 1123 1248 continebat.
1167 1191 1279 1262 Ego
1305 1206 1437 1247 vero
1482 1190 1536 1243 in
1581 1192 1817 1261 potentia
1880 1188 2091 1244 Domini
2124 1190 2333 1245 Domini

798 1285 850 1336 in
895 1283 1165 1339 Ecclesias
1206 1296 1356 1336 meas
1389 1281 1643 1348 introibo,
1675 1290 1727 1335 et
1753 1282 2091 1336 memorabor
2113 1282 2339 1350 iustitiae

795 1381 898 1428 tuae
928 1374 1115 1429 solius.
1144 1359 1358 1427 Iustitia
1399 1386 1643 1442 namque
1672 1370 1849 1426 Patris
1874 1382 2011 1438 erat,
2064 1382 2122 1427 ut
2150 1388 2336 1429 omnes

794 1464 1039 1519 homines
1082 1462 1297 1518 Graecos
1332 1463 1493 1518 simul
1522 1472 1578 1517 et
1610 1463 1871 1518 barbaros
1904 1478 2002 1519 sua
2030 1463 2337 1533 cognitione

794 1555 1042 1617 donaret,
1074 1560 1127 1607 et
1155 1560 1215 1607 ut
1245 1553 1297 1606 in
1332 1553 1478 1606 omni
1506 1553 1644 1619 loco,
1681 1568 1857 1623 neque
1880 1554 1933 1607 in
1963 1569 2071 1608 uno
2099 1562 2155 1609 ut
2181 1555 2331 1622 olim,

794 1646 898 1698 coli
932 1660 991 1699 se
1021 1645 1365 1714 praeciperet;
1400 1644 1474 1697 ita
1519 1651 1577 1697 ut
1627 1643 1694 1698 ab
1744 1646 1955 1699 oriente
2000 1646 2115 1700 sole
2160 1650 2335 1716 usque

796 1738 862 1790 ad
900 1737 1231 1791 occidentem
1280 1751 1477 1792 nomen
1506 1735 1625 1805 ejus
1661 1737 2030 1793 celebraretur
2070 1739 2127 1794 in
2156 1740 2332 1809 genti-

796 1828 894 1881 bus
916 1828 973 1877 ’⁵.

1466 526 1728 581 EUSEBII
1764 525 2239 583 CESABIENSIS
2276 528 2425 584 OPP.
2469 530 2646 585 PARS
2684 529 2772 584 Ill.
2814 562 2881 571 ——
2920 531 3324 588 EXEGETICA.

800 645 1083 715 discipulis
1123 644 1255 698 meis
1290 642 1509 707 tradidi,
1538 659 1649 698 non
1693 644 1922 714 cognovi
1954 645 2331 699 litteraturam.
2364 653 2407 706 Α
2434 666 2512 700 νοι
2546 649 2623 717 μή

2438 666 2512 700 νοι
2546 649 2679 717 μήτε
2712 648 2915 717 ἑτέροις
2970 648 3370 719 συγχωροῦντες

3892 542 3994 598 784

2443 739 2707 806 κατεῖχον.
2748 736 2887 805 Ἐγὼ
2907 738 2980 801 δὲ,
3010 738 3264 809 φησὶ,,μὴ
3289 738 3365 809 τῷ
3402 741 3675 813 Μωῦσέως
3714 744 3996 814 συγγράμ-

2444 844 2572 897 ματι
2595 827 2889 895 προσέχων,
2911 827 3041 897 μηδὲ
3065 829 3164 891 τάς
3192 829 3283 881 τοῦ
3309 830 3471 899 νόμου
3489 832 3799 900 σωματικὰς
3822 850 3999 904 γραμ-

2444 909 2669 987 ματείας
2699 920 2810 981 τοῖς
2829 919 3064 987 ἐμαυτοῦ
3090 920 3358 991 παραδοὺς
3384 921 3665 990 μαθηταῖς,
3696 924 3795 975 οὐκ
3822 923 3994 989 ἔγνων

2442 1004 2837 1078 γραμματείας.
2874 1008 2938 1060 Τί
2970 1009 3026 1061 δὲ
3066 1009 3272 1076 ἔγνως;
3312 1000 3465 1079 Ἑξῆς
3503 1009 3752 1079 διασαφεῖ
3783 1009 3990 1078 λέγων’

2447 1118 2464 1148 ι
2506 1098 2887 1166 Εἰσελεύσομαι
2913 1102 2992 1162 εἰς
3015 1100 3327 1161 δυναστείας
3370 1100 3570 1171 Κυρίου
3614 1102 3849 1171 Κυρίου,
3898 1102 3995 1155 καὶ

2445 1191 2817 1263 μνησθήσομαι
2837 1193 2961 1262 .,τῆς
2993 1192 3332 1262 δικαιοσύνης
3365 1210 3455 1246 σου
3498 1193 3684 1263 μόνου.’
3719 1213 3737 1244 ι
3768 1196 3834 1247 Δί
3893 1195 3993 1266 μὲν

2440 1281 2546 1352 γὰρ
2573 1286 2946 1353 γραμματεῖαι
3004 1283 3272 1345 Ἰουδαίοις
3316 1284 3495 1355 μόνοις
3540 1286 3841 1356 ἣρμοττον,
3873 1286 3992 1355 τρὶς

2438 1368 2531 1421 τοῦ
2551 1371 2794 1424 ἐνιαυτοῦ
2827 1371 3345 1443 παρακελευομένοις
3377 1376 3621 1445 ἀπαντᾷν
3663 1377 3741 1438 είς
3784 1376 3852 1429 τά
3894 1376 3992 1427 Ἱε-

2441 1463 2728 1534 ροσόλυμα,
2758 1465 2926 1519 πολλά
2948 1483 3005 1518 τε
3027 1467 3158 1520 ἄλλα
3181 1467 3413 1537 δυσχερῆ
3460 1467 3554 1521 καὶ
3585 1469 3683 1520 οὐκ
3722 1468 3993 1534 ἀναγκαῖα

2438 1559 2727 1625 περιεῖχον.
2778 1554 2917 1625 Ἐγὼ
2948 1558 3002 1609 δὲ
3034 1561 3089 1610 ἐν
3112 1559 3392 1629 δυναστείᾳ
3413 1559 3617 1629 Κυρίου
3654 1558 3881 1629 Κυρίου,
3911 1561 3992 1622 είς

2436 1644 2537 1706 τὰς
2563 1645 2797 1715 ἐμαυτοῦ
2844 1648 3162 1719 Ἐκκλησίας
3202 1648 3591 1719 είσελεύσομαι,
3630 1651 3721 1703 καὶ
3754 1648 3993 1720 μνησθή-

2438 1752 2600 1805 σομαι
2625 1738 2724 1807 τῆς
2744 1737 3083 1809 δικαιοσύνης
3110 1756 3200 1793 σου
3232 1740 3412 1809 μόνον.
3440 1739 3756 1810 Δικαιοσύνη
3773 1740 3880 1810 γάρ
3895 1736 3991 1792 τοῦ
4082 1734 4086 1737 ⁷

2436 1825 2647 1896 Πατρὸς
2672 1822 2739 1897 ἦν
2768 1828 2829 1880 τὸ
2851 1828 3054 1892 πάντας
3081 1828 3395 1900 ἀνθρώπους
3432 1831 3693 1901 Ἓλληνας
3740 1831 3854 1901 ἆμα
3896 1829 3991 1882 καὶ

792 1918 1091 1989 βαρϐάρους
1120 1917 1217 1988 τῆς
1266 1916 1427 1971 αὐτοῦ
1457 1915 1853 1985 καταξιωθῆναι
1903 1914 2185 1982 γνώσεως,
2228 1913 2322 1965 καὶ
2364 1912 2426 1965 τὸ
2474 1916 2530 1967 ἐν
2553 1918 2711 1970 παντὶ
2744 1919 2911 1989 τόπῳ,
2942 1920 3073 1975 ἀλλά
3103 1922 3293 1991 μηκέτι
3322 1923 3378 1974 ἐν
3430 1922 3509 1973 ἐνὶ
3553 1922 3833 1993 ἐπιτρέψαι
3894 1922 3990 1973 λα-

787 2015 994 2087 τρεύειν
1020 2012 1193 2085 αὐτῷ·
1257 2014 1395 2069 ὥστε
1433 2011 1539 2065 ἀπὸ
1560 2010 1828 2063 ἀνατολῶν
1872 2009 2021 2079 ἡλίου
2072 2008 2229 2078 μέχρι
2272 2007 2488 2078 δυσμῶν
2531 2010 2842 2078 δοξάζεσθαι
2868 2014 3027 2068 αὐτοῦ
3059 2016 3117 2069 τὸ
3147 2016 3313 2086 ὄνομα
3336 2018 3393 2070 ἐν
3418 2019 3527 2080 τοῖς
3552 2016 3775 2071 ἔθνεσιν.

863 2132 1022 2188 Vens.
1076 2132 1164 2187 17.
1216 2149 1235 2183 ι
1267 2131 1429 2194 Deus,
1463 2130 1697 2184 docuisti
1724 2143 1808 2183 me
1840 2144 1868 2181 a
1895 2127 2172 2196 juventute
2200 2142 2339 2192 mea,
2372 2136 2412 2189 Β
2514 2149 2532 2181 ι
2575 2131 2623 2183 '0

2514 2149 2532 2181 ι
2575 2131 2631 2183 '0
2655 2131 2804 2197 Θεὸς,
2831 2133 3068 2201 ἐδίδαξας
3091 2153 3158 2204 με
3186 2135 3249 2188 ἐκ
3271 2136 3515 2205 νεότητός
3552 2154 3673 2201 μου,
3702 2138 3800 2191 καὶ
3830 2137 3991 2208 μέχρι

786 2235 839 2280 et
876 2240 1050 2295 usque
1088 2238 1235 2277 nunc
1266 2222 1637 2293 pronuntiabo
1678 2219 1947 2274 mirabilia
1976 2229 2121 2289 tuan
2174 2216 2335 2273 Solus

790 2316 1042 2371 Servator
1077 2313 1290 2369 Patrem
1335 2314 1439 2369 sibi
1486 2312 1803 2382 magistrum
1864 2309 2116 2365 ascribit:
2166 2326 2335 2380 quare

787 2405 1120 2461 contribules
1168 2404 1285 2472 ejus
1332 2402 1617 2457 dicebant:
1658 2400 1850 2457 «Unde
1898 2401 2025 2456 huic
2065 2402 2333 2471 sapientia

787 2503 960 2558 tanta,
992 2502 1047 2548 et
1094 2493 1364 2548 virtutes?
1407 2491 1596 2547 Nonne
1640 2491 1728 2547 hic
1760 2499 1844 2546 est
1883 2490 2019 2545 fabri
2056 2490 2328 2545 ﬁlius"?»

787 2584 962 2641 ?robe
988 2585 1187 2655 quippe
1221 2583 1465 2639 sciebant
1494 2583 1668 2652 ipsum
1700 2597 1807 2637 non
1842 2581 2115 2653 magistris
2158 2582 2335 2635 homi-

784 2673 949 2728 nibus
976 2687 1194 2743 operam
1230 2672 1460 2727 dedisse.
1522 2669 1657 2736 Quia
1692 2671 1855 2741 igitur
1879 2671 2050 2726 forma
2080 2671 2221 2726 servi
2244 2685 2333 2724 ac—

785 2771 962 2834 cepta,
1013 2769 1067 2817 et
1141 2761 1331 2815 habitu
1388 2761 1642 2817 inventus
1700 2770 1759 2814 ut
1823 2760 2005 2823 homo,
2072 2760 2334 2830 puerilem

785 2869 1037 2910 emensus
1068 2859 1151 2907 est
1187 2860 1421 2915 atatem,
1456 2867 1517 2905 ac
1561 2850 1787 2921 perinde
1817 2857 1979 2920 atque
2008 2864 2109 2904 nos
2139 2850 2335 2918 juven-

786 2949 915 3002 tutis
948 2960 1125 3001 annos
1159 2944 1423 3007 decurrit,
1472 2945 1674 3012 illoque
1712 2949 1957 3013 tempore
2008 2956 2117 2994 non
2170 2940 2337 2993 disci-

784 3038 968 3108 plinis,
1025 3052 1132 3092 non
1166 3036 1442 3106 magistris
1492 3048 1710 3103 operam
1753 3032 1931 3099 dedit;
1984 3031 2079 3086 sed
2134 3033 2336 3085 virtute

784 3132 967 3185 divina
996 3128 1313 3198 proﬁciebat
1351 3134 1507 3181 astate
1544 3134 1597 3180 et
1626 3124 1893 3195 sapientia
1920 3132 1970 3177 et
1992 3122 2165 3193 gratia
2194 3119 2337 3191 apud

786 3219 950 3276 Deum
989 3225 1043 3273 et
1078 3218 1364 3283 homines,
1409 3216 1531 3285 jure
1567 3216 1653 3269 hic
1680 3216 1754 3269 ait
1794 3234 1809 3269 :
1860 3231 1879 3265 ι
1901 3213 2066 3278 Deus,
2102 3211 2336 3267 docuisti

786 3326 871 3365 me
913 3324 943 3363 a
971 3310 1251 3377 juventutc
1279 3323 1417 3373 mea,
1451 3316 1502 3362 et
1555 3322 1727 3377 usque
1776 3322 1921 3360 nunc
1974 3306 2335 3377 pronuntiabo

784 3400 1054 3456 mirabilia
1084 3408 1174 3453 tua
1200 3416 1215 3467 ;
1243 3417 1261 3451 ι
1293 3402 1436 3469 quod
1468 3398 1631 3453 etiam
1665 3412 1830 3468 penes
1859 3398 2155 3467 discipulos
2182 3411 2332 3452 meos

2434 2217 2525 2269 τοῦ
2554 2218 2648 2273 νῦν
2669 2220 2949 2289 ἀναγγελῶ
2976 2223 3043 2274 τὰ
3069 2222 3345 2294 θαυμάσιά
3368 2240 3483 2277 σου.
3506 2245 3524 2276 ι
3548 2226 3721 2288 Μόνος
3751 2229 3778 2279 6
3804 2228 3992 2298 Σωτὴρ

2432 2305 2523 2357 τὸν
2549 2307 2763 2377 Πατέρα
2794 2309 3109 2364 διδάσκαλον
3137 2314 3496 2383 ἐπιγράφεται
3517 2331 3530 2345 ο
3555 2314 3741 2385 διόπερ
3771 2318 3821 2368 οἱ
3844 2319 3901 2370 ἐν
3922 2321 3992 2389 τῇ

2434 2398 2647 2468 πατρίδι
2680 2399 2841 2452 αὑτοῦ
2867 2400 3047 2469 ἔλεγον
3066 2418 3078 2433 ⁸
3121 2420 3138 2452 ι
3176 2402 3344 2454 Πόθεν
3376 2403 3548 2473 τούτῳ
3580 2406 3727 2458 πᾶσα
3772 2408 3804 2476 ὴ
3834 2408 3994 2475 σοφία

2433 2487 2569 2558 αὕτη
2601 2489 2690 2541 καὶ
2716 2492 2769 2541 αἱ
2802 2490 3055 2560 δυνάμεις
3078 2509 3091 2556 ;
3117 2493 3226 2562 ῡύχ
3258 2489 3408 2556 οὗτός
3448 2496 3593 2545 ἐστιν
3622 2496 3649 2545 6
3682 2495 3775 2547 τοῦ
3808 2497 3995 2551 τέκτο-

2432 2596 2519 2641 νος
2563 2581 2707 2645 υἱός;
2747 2599 2765 2630 ι
2808 2582 3038 2652 ᾞδεσαν
3092 2584 3199 2655 γάρ
3238 2584 3480 2654 ἀκριϐῶς
3533 2584 3606 2656 μὴ
3654 2586 3995 2651 διδασκάλοις

2431 2671 2734 2743 ἀνθρώποις
2766 2675 3175 2745 προσεσχηκότα
3201 2676 3382 2729 αὐτόν.
3432 2676 3582 2729 Ἐπεὶ
3609 2678 3805 2741 τοίνυν,
3858 2696 3995 2751 μορ-

2434 2765 2539 2836 φὴν
2567 2764 2751 2817 δούλου
2775 2763 2970 2829 λαβὼν,
3006 2765 3098 2818 καὶ
3126 2766 3359 2835 σχήματι
3400 2765 3639 2836 εὑρεθεὶς
3668 2768 3742 2830 ὡς
3781 2768 3995 2838 ἀνθρω-

2433 2871 2550 2918 πος,
2583 2854 2678 2924 τὴν
2703 2854 2953 2923 παιδικὴν
2975 2854 3185 2925 διῆλθεν
3214 2855 3425 2925 ἡλικίαν
3444 2895 3460 2921 ,
3490 2856 3588 2909 ικαὶ
3618 2858 3714 2927 τῆς
3744 2860 3994 2927 νεότητος

2432 2943 2527 3014 τὴν
2553 2943 2697 3015 ὤραν
2736 2944 2931 3015 ὁμοίως
2957 2947 3087 3017 ἡμῖν
3118 2946 3431 3015 ὑπέμεινεν·
3465 2948 3585 3000 οῦτε
3617 2950 3672 3001 δὲ
3696 2950 3995 3022 διατριϐαῖς

2419 3034 2752 3105 ίπροσέσχεν,
2771 3035 2891 3088 οὔτε
2915 3036 3251 3099 διδασκάλοις
3274 3038 3413 3090 κατά
3450 3037 3634 3092 τοῦτον
3659 3040 3748 3093 τὸν
3780 3043 3992 3112 χρόνον,

2433 3127 2655 3195 δυνάμει
2686 3124 2742 3177 δὲ
2784 3126 2935 3196 θεῖκῇ
2964 3126 3296 3196 προέκοπτεν
3333 3129 3514 3199 ἡλικίᾳ
3549 3131 3643 3182 καὶ
3685 3134 3863 3203 σοφία,
3900 3134 3995 3186 καὶ

2435 3216 2613 3286 χάριτι
2659 3214 2809 3285 παρά
2834 3214 2950 3285 Θεῷ
2978 3215 3070 3267 καὶ
3120 3214 3453 3286 ἀνθρώποις·
3495 3219 3718 3282 εἰκότως
3763 3220 3997 3275 ἐνταῦθά

2437 3323 2623 3379 φησιν’
2662 3326 2679 3357 ι
2735 3308 2793 3359 '0
2817 3306 2969 3371 Θεὸς,
3004 3306 3244 3373 ἐδίδαξας
3280 3325 3344 3377 με
3373 3310 3436 3361 ἐκ
3466 3311 3714 3380 νεότητός
3742 3329 3863 3381 μου,
3899 3315 3995 3365 καὶ

2439 3400 2599 3469 μέχρι
2622 3399 2713 3452 τοῦ
2740 3398 2832 3452 νῦν
2857 3399 3138 3467 ἀναγγελῶ
3169 3400 3236 3454 τά
3258 3400 3536 3471 θαυμάσια
3564 3419 3656 3455 σου
3682 3421 3695 3433 ·
3723 3421 3742 3454 ι
3764 3403 3855 3456 καὶ
3882 3406 3994 3467 τοῖς

783 3499 1030 3547 servetur
1058 3492 1329 3561 usquead
1358 3489 1882 3543 consummationem
1913 3488 2130 3543 saeculi:
2168 3496 2241 3552 et,
2272 3493 2333 3541 ut
2360 3478 2401 3536 (Ξ
2433 3493 2583 3562 ἐμοῖς
2613 3510 2623 3542 ‹

2438 3493 2583 3562 ἐμοῖς
2613 3491 2905 3562 φυλαχθείη
2936 3491 3197 3563 μαθηταῖς
3227 3492 3387 3565 μέχρι
3412 3493 3718 3559 συντελείας
3739 3494 3831 3547 τοῦ
3864 3495 3996 3548 αίῶ-

781 3583 979 3649 dixerit
1014 3582 1310 3653 quispiam,
1339 3595 1511 3650 usque
1542 3578 1609 3634 ad
1664 3589 2021 3643 senectutem.
2054 3586 2109 3635 et
2137 3578 2203 3632 ad
2244 3594 2337 3634 us-

781 3688 886 3743 que
922 3680 1249 3742 postremam
1297 3669 1842 3731 consummationem,
1893 3675 1946 3722 te
1992 3680 2209 3722 rursum
2238 3666 2333 3722 de-

781 3779 994 3835 precor,
1037 3761 1203 3827 Deus,
1238 3775 1305 3815 ne
1338 3774 1424 3813 me
1474 3758 1858 3828 derelinquas;
1890 3757 1986 3813 sed
2017 3759 2151 3812 milii
2184 3753 2351 3813 adsis

784 3870 847 3910 ac
880 3870 977 3927 per
1008 3868 1095 3907 me
1139 3850 1407 3905 mirabilia
1435 3857 1525 3903 tua
1570 3849 1833 3918 opereris,
1882 3866 1900 3898 ι
1925 3846 2095 3902 donec
2126 3862 2338 3900 annun-

781 3946 1219 4002 tietntbrachium
1262 3952 1413 3997 tuum
1452 3939 1794 4012 generationi
1838 3939 2007 4002 omni,
2045 3954 2166 4009 qua:
2196 3955 2331 3993 ven-

782 4048 903 4092 tura
935 4045 1034 4093 est.
1053 4060 1070 4089 ι
1100 4036 1233 4090 Nam
1263 4049 1523 4106 praesens,
1555 4033 1753 4105 inquit,
1776 4033 2055 4102 generatio
2090 4040 2335 4087 tortuosa

781 4139 937 4183 estet
965 4142 1244 4198 perversa,
1287 4126 1559 4197 generatio
1614 4126 1758 4179 mala
1790 4133 1845 4180 et
1872 4124 2145 4178 adultera.
2182 4122 2333 4189 Qua-

784 4228 1003 4291 propter
1041 4219 1095 4271 in
1150 4216 1332 4270 futura
1380 4215 1729 4285 generatione
1790 4215 2125 4269 annuntiabo
2194 4231 2211 4264 r
2239 4227 2334 4283 po—

782 4314 1005 4369 tentiam
1044 4321 1190 4365 tuam
1220 4316 1274 4362 et
1319 4307 1587 4377 justitiam
1634 4315 1807 4370 tuam,
1840 4306 2003 4370 Deus,
2051 4321 2225 4376 usque
2276 4306 2331 4359 in

782 4399 1077 4462 altisnima,
1103 4404 1156 4451 et
1179 4410 1298 4466 quae
1328 4380 1503 4449 feeisti
1538 4393 1852 4463 magnalia.’
1882 4393 1965 4447 Tu
1993 4395 2128 4462 ipse,
2152 4392 2329 4458 Pater,

782 4506 877 4562 per
910 4497 995 4545 me
1024 4489 1138 4543 haec
1165 4487 1440 4551 omnibus,
1475 4488 1569 4556 qui
1601 4493 1724 4556 post
1772 4484 1940 4539 futuri
1974 4494 2103 4539 sunt
2159 4485 2333 4539 ιιοωὶ-

782 4584 961 4647 nibus,
994 4589 1048 4639 et
1075 4589 1317 4653 yenturaa
1353 4581 1687 4653 generationi
1720 4576 2087 4639 annuntiabis,
2120 4585 2170 4630 et
2198 4592 2332 4646 pra:-

2436 3602 2523 3648 νος
2544 3601 2556 3614 ·
2582 3585 2675 3638 καὶ
2703 3585 2777 3646 ὡς
2801 3583 2865 3637 ἀν
2895 3601 2978 3647 τις
3002 3583 3164 3649 εἴποι,
3202 3586 3361 3656 μέχρι
3396 3587 3580 3658 γήρως
3634 3588 3729 3641 καὶ
3766 3588 3865 3673 τῆς
3912 3591 3995 3653 είς

2436 3677 2601 3747 ἀκρον
2626 3674 2969 3741 τελειώσεως,
3004 3676 3062 3729 σὲ
3095 3677 3254 3730 πάλιν
3284 3678 3372 3731 τὸν
3392 3678 3521 3733 Θεὸν
3549 3680 3773 3743 ίκετεύῳ
3811 3682 3882 3751 μή
3924 3699 3994 3752 με

2438 3768 2839 3837 ἐγκαταλιπεῖν,
2876 3772 3110 3823 συνεῖναι
3139 3768 3196 3822 δέ
3227 3787 3314 3839 μοι
3342 3771 3435 3823 καὶ
3464 3770 3532 3823 τὰ
3577 3772 3852 3842 θαυμάσιά
3899 3790 3995 3826 σου

2436 3860 2671 3927 ἐνεργεῖν
2693 3857 2759 3909 δι’
2793 3856 2947 3927 ἐμοῦ,
2984 3875 3001 3907 t
3034 3856 3137 3919 ἓως
3170 3857 3474 3924 ἀναγγείλω
3498 3857 3585 3910 τὸν
3620 3858 3877 3928 βραχίονά
3897 3874 3993 3911 σου

2434 3952 2501 4019 τῇ
2528 3950 2688 4019 γενεᾷ
2713 3948 2861 4019 πάσῃ
2876 3950 2941 4017 τῇ
2970 3947 3291 4017 ἐρχομένῃ.)
3310 3948 3374 3999 Ἡ
3397 3947 3641 4018 γάρ-νῦν,
3674 3951 3824 4018 φησὶ,
3854 3966 3995 4021 παρ-

2433 4039 2567 4093 οῦσα
2608 4039 2771 4109 γενεά
2822 4037 3006 4091 σκολιὰ
3038 4038 3293 4108 τυγχάνει
3319 4039 3411 4091 καὶ
3437 4038 3857 4111 διεστραμμένη,
3898 4042 3993 4094 καὶ

2434 4127 2591 4197 γενεὰ
2620 4126 2828 4198 πονηρά
2849 4124 2939 4177 καὶ
2971 4125 3233 4196 μοιχαλίς.
3282 4126 3372 4178 Διὸ
3411 4128 3476 4197 τῇ
3521 4129 3682 4198 γενεᾷ
3727 4130 3791 4199 τῇ
3840 4129 3995 4199 ἐρχου

2436 4221 2571 4299 μένῃ
2599 4217 2891 4287 ἀπαγγελῶ
2929 4237 2947 4268 ι
2970 4218 3066 4290 τὴν
3098 4218 3415 4272 δυναστείαν
3440 4235 3532 4271 σου
3561 4220 3656 4272 καὶ
3678 4219 3774 4290 τὴν
3793 4218 3995 4271 δικαιο-

2435 4309 2598 4381 σύνην
2625 4326 2740 4373 σου,
2769 4309 2800 4360 6
2824 4307 2974 4373 Θεὸς,
3004 4310 3107 4372 ἕως
3132 4308 3238 4363 τῶν
3262 4309 3517 4379 ὑψίστων,
3560 4310 3595 4363 ἆ
3640 4327 3698 4378 τε
3736 4310 3993 4379 ἐποίησας

2436 4403 2712 4472 μεγαλεῖα.
2742 4420 2762 4453 i
2796 4402 2865 4453 Σὺ
2887 4401 3043 4465 αὐτὸς
3067 4404 3095 4455 6
3122 4401 3327 4473 Πατὴρ,
3360 4402 3426 4455 δι’
3466 4400 3598 4473 ἐμοῦ
3635 4402 3803 4455 ταῦτα
3856 4403 3991 4455 πᾶσι

2432 4498 2543 4558 τοῖς
2569 4494 2703 4565 μετά
2728 4493 2897 4548 ταῦτα
2930 4494 3311 4566 γενησομένοις
3337 4492 3639 4563 ἀνθρώποις
3670 4494 3763 4546 καὶ
3802 4495 3867 4563 τῇ
3894 4509 3989 4560 γε·

2432 4588 2527 4657 νεᾷ
2552 4587 2617 4656 τῇ
2672 4585 2935 4657 ἐρχομένῃ
2976 4584 3337 4653 ἀπαγγελεῖς,
3384 4585 3477 4636 καὶ
3524 4568 3922 4655 κηρυχθήσεται
3954 4584 3989 4655 ή

3400 690 3413 712 ,
3468 650 3565 713 τάς
3614 654 3993 723 γραμματείας
4084 651 4100 660 ’

780 4676 1053 4731 dicabitur
1076 4675 1288 4745 justitia
1316 4682 1411 4729 tua
1442 4688 1611 4743 usque
1640 4676 1697 4727 in
1726 4671 2012 4726 altissima.
2045 4668 2178 4723 Nam
2209 4684 2333 4722 cum
2430 4681 2623 4733 δικαιοε

2438 4676 2740 4748 δικαιοσύνη
2763 4692 2855 4731 σου
2877 4679 2978 4741 ἕως
2999 4677 3104 4731 τῶν
3132 4675 3387 4743 ὑψίστων.
3407 4674 3731 4745 Σωζομένων
3754 4673 3861 4745 γὰρ
3882 4674 3990 4727 τῶν

780 4768 817 4822 ii
848 4767 941 4838 qui
967 4767 1021 4820 in
1051 4773 1199 4819 terra
1216 4773 1365 4830 sunt,
1388 4766 1615 4821 salutem
1636 4771 2053 4832 consequentur,
2078 4760 2331 4831 gaudium
2364 4822 2406 4840 Ἀ
2436 4754 2528 4822 gert,
2559 4768 2623 4839 γῆ

2438 4754 2528 4822 ἐπὶ
2559 4768 2685 4839 γῆς,
2717 4768 2857 4840 χαρά
2890 4768 3039 4821 ἔσται
3070 4770 3128 4821 ἐν
3160 4767 3424 4836 οὐρανοῖς,
3460 4764 3856 4835 συγχαιρόντων
3879 4762 3990 4815 τῶν

779 4822 883 4913 erit
918 4859 973 4912 in
1020 4855 1196 4919 cmlis,
1226 4856 1456 4925 angelis,
1484 4856 1575 4925 qui
1626 4855 1681 4907 in
1739 4854 2019 4909 altissimis
2061 4852 2326 4917 habitant,
2363 4822 2408 4876 Β
2432 4859 2489 4909 ὲν
2516 4822 2623 4920 τέῖέ

2438 4859 2489 4909 ἐν
2516 4822 2899 4926 τόῖξῦψῖστοις
2933 4822 3237 4909 οἰκούντων,
3249 4822 3490 4923 ἀγγέλων
3625 4822 3731 4905 τῶν
3777 4851 3989 4924 ἀνθρώ-

782 4950 1063 5004 hominum
1101 4946 1262 5001 saluti
1309 4945 1727 5015 gratulantibus.
1772 4944 2057 4999 Senectam
2113 4957 2243 4998 vero
2272 4952 2326 4997 et
2432 4959 2623 4997 πωνσι

2438 4959 2547 4997 πων
2571 4944 2830 5015 σωτηρίᾳ.
2860 4943 3039 5012 Γῆρας
3057 4940 3113 4993 δὲ
3141 4942 3233 4995 καὶ
3263 4941 3523 5013 πρεσδεία
3546 4942 3619 5013 μὴ
3642 4941 3785 4995 δκνει
3813 4941 3992 5009 λέγειν

782 5043 993 5097 senium
1030 5052 1097 5093 ne
1143 5038 1421 5092 cuncteris
1466 5037 1670 5097 dicere,
1703 5051 1821 5091 esse
1850 5035 2245 5105 discipulorum
2278 5046 2333 5087 et
2433 5032 2528 5104 τὴν
2557 5034 2623 5086 τεῖ

2438 5032 2528 5104 τὴν
2557 5034 2866 5104 τελειότητα
2896 5032 3001 5085 τῶν
3029 5032 3190 5085 αὑτοῦ
3222 5032 3473 5104 μαθητῶν
3501 5034 3593 5085 καὶ
3620 5034 3714 5103 τῆς
3767 5033 3992 5105 Ἐκκλη-

783 5131 1038 5186 Ecclesia:
1092 5131 1265 5199 ipsius
1299 5129 1708 5199 perfectionem.
1769 5126 1825 5180 Si
1862 5142 2095 5197 namque
2126 5141 2328 5196 corpus
2436 5126 2555 5189 σίας
2578 5128 2623 5180 αι

2438 5126 2555 5189 σίας
2578 5126 2761 5180 αὑτοῦ.
2794 5125 2856 5177 Et
2884 5124 2989 5194 γὰρ
3026 5124 3181 5195 σῶμα
3202 5124 3360 5177 αὑτοῦ
3395 5126 3427 5193 ἡ
3472 5124 3760 5195 Ἐκκλησία
3790 5126 3991 5196 τυγχά-

781 5227 899 5293 cjus
928 5223 1167 5279 Ecclesia
1183 5230 1286 5289 est,
1310 5233 1367 5277 ut
1393 5221 1887 5291 docuitApostolus
1920 5220 2137 5274 dicens:
2178 5238 2195 5271 ι
2224 5217 2335 5272 Vos
2433 5233 2531 5281 νει,
2555 5218 2623 5280 ὼς

2438 5233 2531 5281 νει,
2555 5218 2629 5280 ὼς
2654 5215 2889 5282 ἐδίδαξεν
2913 5216 2941 5267 6
2982 5216 3296 5279 Ἀπόστολος
3312 5213 3478 5268 εἰπών
3495 5231 3507 5244 ’
3538 5233 3557 5266 t
3580 5215 3762 5285 Ὑμεῖς
3782 5214 3839 5269 δέ
3864 5220 3987 5270 ἐστε

782 5322 959 5369 autem
990 5316 1123 5370 estis
1146 5329 1345 5384 corpus
1374 5311 1576 5369 Christi
1602 5324 1656 5368 et
1677 5312 1914 5367 membra
1937 5327 2001 5365 ex
2026 5318 2179 5381 parte
2197 5311 2281 5377 ";
2309 5328 2326 5359 ι
2439 5308 2595 5380 σῶμα

2439 5308 2595 5380 σῶμα
2640 5308 2873 5380 Χριστοῦ
2919 5310 3012 5363 καὶ
3047 5310 3190 5381 μέλη·
3234 5311 3296 5362 ἐκ
3350 5307 3573 5378 μέρους·
3612 5327 3631 5360 ι
3675 5309 3839 5380 μέρος
3886 5311 3987 5379 τῆς

784 5418 909 5476 pars
943 5404 1199 5463 Ecclesiae
1246 5415 1299 5462 ct
1351 5406 1560 5461 senium
1607 5408 1726 5475 ejus
1772 5413 2079 5476 opportune
2116 5405 2333 5459 dicatur
2449 5400 2623 5453 Ὲκκλτ

2449 5400 2766 5471 Ἐκκλησίας
2801 5402 2892 5453 καὶ
2913 5402 3193 5473 πρεσϐεῖον
3220 5398 3387 5468 αὐτῆς
3429 5398 3620 5468 λέγοιτ’
3662 5401 3726 5454 ἂν
3766 5400 3985 5461 εἰκότως

781 5511 923 5560 esse,
981 5495 1101 5565 ejus
1157 5499 1211 5551 in
1253 5497 1505 5567 praesenti
1553 5498 1661 5550 vita
1715 5498 2013 5551 secundum
2076 5496 2329 5549 virtutem
2435 5491 2613 5559 ἡκατ’

2438 5492 2467 5559 ἠ
2496 5491 2613 5545 κατ’
2644 5490 2841 5562 ἀρετὴν
2862 5491 2955 5563 τὴν
2988 5493 3043 5568 ἐν
3072 5491 3147 5562 τῷ
3174 5489 3395 5560 παρόντι
3418 5490 3517 5563 βίῳ
3544 5490 3843 5555 τελείωσις,
3866 5487 3968 5558 μεθ

782 5588 1199 5651 consummatio,
1249 5598 1373 5658 post
1415 5603 1581 5660 quam
1637 5599 1799 5642 exuta
1857 5587 2071 5641 mortali
2126 5602 2190 5639 ac
2226 5594 2332 5637 ter—
2434 5583 2519 5653 ἢν,
2557 5582 2623 5635 ῶε

2438 5583 2519 5653 ἢν,
2557 5582 2743 5655 ῶσπερ
2764 5584 3144 5654 ἀποδυσαμένη
3169 5581 3258 5635 τὸν
3274 5583 3364 5635 ἐπὶ
3382 5569 3483 5653 γῆς
3501 5582 3689 5655 θνητὸν
3711 5581 3842 5651 βίον,
3864 5580 3989 5633 ἀνα-

786 5692 913 5732 rena
950 5679 1080 5743 vita,
1112 5678 1321 5732 caelesti
1367 5680 1650 5734 mansione
1682 5678 1922 5749 dignata,
1953 5686 2007 5731 et
2038 5677 2331 5745 conjuncta
2433 5669 2623 5728 καινισί

2438 5669 2833 5755 καινισθήσεται
2861 5675 2959 5745 τῆς
2987 5673 3237 5743 οὐρανίου
3271 5662 3542 5747 οιατρισῆς
3590 5670 3974 5739 καταξιωθησθ

785 5764 1038 5823 Ecclesia:
1090 5768 1570 5839 primogenitorum
1621 5764 2019 5839 de‘scriptorum
2062 5770 2115 5822 in
2152 5764 2326 5827 ccelis,
2435 5766 2592 5836 μένη,

2438 5766 2592 5836 μένη,
2633 5768 3009 5839 συναπτομένη
3038 5781 3095 5818 τε
3124 5767 3189 5835 τῇ
3224 5764 3511 5831 Ἐκκλησία
3558 5765 3664 5818 τῶν
3712 5762 3983 5831 πρωτοτό-

854 5925 898 5953 ⁹³
929 5920 1133 5975 Malacli
1200 5940 1237 5990 ι,
1270 5926 1355 5981 ιι.
1432 5926 1478 5957 ⁸⁸
1515 5924 1701 5979 Matth.
1733 5940 1850 5990 xm,
1880 5923 2061 5983 54-55.
2142 5925 2184 5955 υτ
2212 5923 2229 5975 l
2260 5922 2383 5975 Cor.
2409 5936 2507 5987 xu,
2536 5922 2623 5975 Ξῖ.
