4300 6420
289 480 392 537 785

1402 464 1893 523 comssurus
1927 430 2003 517 ιδ’
2029 458 2365 518 psscuos.

3394 453 3492 508 786

286 614 397 653 κων
422 595 529 649 τῶν
563 591 1067 664 ἀπογεγραμμένων
1094 589 1149 642 ἐν
1170 588 1435 657 οὐρανοῖς.
1462 585 1616 640 Οὕτω
1636 585 1847 655 νοήσεις
1874 592 1921 648 Α
1950 599 1984 635 τε

1800 602 1847 647 ις
1874 592 1921 648 Α
1950 580 2321 636 renovabitur.
2364 574 2457 631 Sic
2486 576 2611 630 item
2654 575 2928 644 intelligas
2957 574 3100 644 quod
3137 572 3386 645 superius
3412 574 3494 628 di-

290 687 468 742 καὶτὸ
495 686 747 755 ἀνωτέρω
771 682 1089 754 λελεγμένον
1128 682 1185 733 ἐν
1213 677 1309 748 τῷ,
1349 696 1367 727 ι
1404 676 1496 747 Μὴ
1537 675 1846 746 ἀπορρίψῃς

290 793 356 847 με
394 777 474 838 είς
505 774 692 846 καιρὸν
711 774 915 844 γήρως,
948 774 1004 825 ἐν
1034 769 1109 839 τῷ
1138 767 1405 821 ἐκλείπειν
1429 766 1526 837 τὴν
1562 762 1714 834 ίσχύν
1744 780 1844 833 μου

290 866 365 937 μὴ
408 864 773 936 ἐγκαταλίπῃς
810 880 895 933 με.
950 881 969 913 ι
1020 858 1177 913 Κατὰ
1226 857 1334 930 γὰρ
1390 854 1580 926 ἐτίραν
1624 854 1846 925 ἐκδοχὴν

288 955 644 1027 ὑπερεύχεται
682 955 777 1024 τῆς
833 942 1169 1019 Ἐκκλησίας
1198 944 1396 1010 αὐτοῦ,
1435 945 1524 1000 ἵνα
1566 945 1624 996 ἐν
1672 942 1845 1014 καιρῷ

283 1047 382 1117 τῆς
412 1046 551 1100 κατὰ
579 1046 683 1115 γῆν
712 1041 1048 1114 μακρότητος
1072 1040 1146 1110 μὴ
1169 1036 1533 1111 ἀπορριφθείη
1555 1054 1568 1067 ’
1601 1035 1726 1088 εἰδὲ
1750 1035 1845 1088 καὶ

282 1136 403 1190 τότε
429 1135 668 1190 ἐκλείπει
698 1135 731 1203 ἡ
768 1132 918 1201 ἰσχὺς
940 1129 1143 1200 αὐτῆς,
1190 1128 1322 1199 μηδὲ
1370 1128 1491 1180 τότε
1532 1124 1844 1196 ἐγκαταλει-

282 1230 463 1301 φθείη.
493 1227 786 1299 Συμϐαίνει
817 1226 926 1296 γὰρ
956 1223 1211 1285 πολλάκις
1241 1204 1515 1273 ἐκλείπειν
1540 1216 1684 1277 κατὰ
1718 1216 1843 1278 τοὺς

280 1322 504 1393 καιροὺς
552 1319 659 1372 τῶν
705 1316 957 1387 διωγμῶν
984 1355 999 1379 ,
1045 1313 1262 1368 ἐπειδὰν
1285 1312 1333 1365 οἱ
1377 1308 1563 1363 πολλοὶ
1602 1306 1695 1360 τοῦ
1741 1304 1845 1358 σώ-

282 1429 451 1484 ματος
501 1411 599 1479 τῆς
654 1408 972 1478 Ἐκκλησίας
1012 1407 1075 1459 δι’
1126 1402 1403 1458 ἀσθένειαν
1459 1400 1689 1462 πίστεως
1764 1397 1843 1463 ἐξ·

273 1503 565 1575 ομνύονται
595 1500 692 1571 τὴν
729 1503 927 1553 πίστιν.
970 1498 1078 1551 Καὶ
1128 1497 1332 1566 μήποτε
1379 1490 1549 1544 ταῦτα
1602 1488 1842 1575 ἀναπέμ-

168 1638 171 1641 -
277 1573 438 1649 πεται
457 1594 549 1648 ἐπὶ
584 1593 675 1647 τὸν
704 1590 890 1662 καιρὸν
910 1589 1009 1659 τῆς
1042 1582 1392 1647 ἀποστασίας,
1410 1582 1537 1652 περὶ
1565 1573 1624 1634 οὗ
1647 1577 1836 1650 καιροῦ

271 1956 332 2008 δὲ
385 1957 476 2010 τὸν
535 1956 725 2027 καιρὸν
797 1956 828 2008 ὁ
873 1953 1062 2023 Σωτὴρ
1118 1949 1305 2020 ἐδήλου
1356 1948 1530 2017 λέγων
1553 1961 1567 1975 ’
1634 1963 1653 1996 ι
1686 1941 1832 2015 τΑρα
1864 1942 1905 1997 Β

274 2046 446 2101 ἐλθὼν
499 2049 527 2098 ὁ
577 2047 702 2110 Υἱὸς
745 2045 840 2099 τοῦ
886 2042 1169 2115 ἀνθρώπου
1229 2042 1449 2111 εὑρήσει
1503 2039 1603 2111 τὴν
1654 2038 1836 2091 πίστιν

274 2137 367 2190 ἐπὶ
393 2137 493 2211 τῆς
521 2137 657 2207 γῆς
685 2156 703 2187 ι
733 2138 843 2190 Καὶ
890 2136 1049 2190 πάλιν
1072 2152 1084 2165 ·
1138 2154 1156 2187 ι
1184 2134 1281 2189 Διά
1306 2134 1363 2188 δὲ
1390 2133 1451 2187 τὸ
1475 2129 1837 2201 πληθυνθῆναι

272 2230 372 2299 τὴν
400 2228 647 2299 ἀνομίαν,
670 2227 971 2298 ψυγήσεται
1001 2229 1037 2297 ή
1066 2226 1389 2297 ἀγάπη’τῶν
1412 2222 1640 2278 πολλῶν.
1666 2241 1684 2274 ι
1705 2221 1836 2275 Τότε

272 2319 383 2391 γὰρ
414 2319 564 2372 ἔσται
602 2318 867 2390 γηραλέον
898 2319 993 2371 καὶ
1025 2317 1245 2379 ἀσθενὲς
1276 2317 1337 2369 τὸ
1382 2316 1538 2385 σῶμα
1579 2314 1678 2381 τῆς
1718 2313 1837 2365 Ἐκ-

273 2411 519 2481 κλησίας.
539 2410 676 2464 Ἀλλ’
703 2411 788 2466 ἵνα
824 2410 957 2481 μηδὲ
994 2410 1112 2462 τότε
1154 2409 1356 2480 ερῃμος
1396 2405 1776 2475 καταλειφθείη
1808 2405 1836 2455 ὁ

271 2501 401 2565 λαὸς
431 2500 616 2567 αὐτοῦ,
651 2503 957 2570 ἀναγκαίως
998 2501 1096 2565 τὰς
1135 2501 1493 2573 προκειμένας
1525 2500 1833 2567 ἀναπέμπει

274 2593 487 2659 φωνάς’
527 2611 545 2643 ι
569 2594 626 2644 '0
659 2591 809 2655 Θεὸς,
842 2592 925 2654 τίς
951 2592 1343 2665 ὀμοιωθήσεταί
1368 2608 1479 2655 σοις
1506 2591 1671 2651 Ὅσας
1704 2587 1835 2640 ἔδει·

272 2682 373 2747 ξάς
423 2698 513 2751 μοι
564 2682 768 2751 θλίψεις
812 2684 1010 2747 πολλὰς
1062 2685 1155 2738 καὶ
1199 2684 1378 2748 κακὰς
1406 2702 1424 2734 ι
1469 2682 1559 2735 καὶ
1590 2680 1657 2733 τὰ
1684 2678 1830 2748 ἑξῆς.

275 2772 415 2835 Τοὺς
437 2773 685 2843 ἀκριϐεῖς
716 2774 907 2841 λόγους
936 2774 1058 2828 καθ’
1091 2773 1182 2839 οὓς
1206 2775 1234 2826 6
1264 2774 1393 2836 Θεδς
1420 2771 1513 2825 τοῦ
1550 2770 1676 2824 ίδίου
1702 2770 1832 2823 Υίοῦ

272 2865 375 2918 οὐκ
424 2866 693 2933 ἐφείσατο,
737 2866 851 2919 ἀλλ’
878 2866 1019 2937 ὑπὲρ
1060 2865 1217 2937 ὴμῶν
1261 2866 1475 2919 πάντων
1524 2863 1835 2934 παρέδωκεν

273 2956 457 3020 αὐτὸν,
494 2957 567 3027 μὴ
619 2956 812 3025 γνόντα
859 2974 919 3010 τε
964 2958 1125 3011 αὐτὸν
1172 2954 1443 3028 ἁμαρτίαν
1494 2956 1631 3027 ὑπὲρ
1678 2954 1834 3025 ήμῶν

276 3047 547 3119 ἁμαρτίαν
579 3047 852 3120 ἐποίησεν,
878 3048 1051 3112 οὐδεὶς
1079 3047 1301 3102 δύναται
1340 3046 1563 3101 διελθεῖν
1600 3046 1634 3117 ἢ
1679 3046 1835 3116 μόνος

272 3138 453 3202 αὑτός.
495 3156 513 3191 ι
540 3140 637 3203 Τίς
672 3140 780 3212 γὰρ
828 3140 967 3207 ἔγνω
1002 3138 1125 3195 νοῦν
1160 3138 1386 3211 Κυρίου,
1414 3138 1472 3202 ὃς
1513 3136 1834 3208 συμϐιϐἀσει

274 3228 466 3293 αὑτόν;
496 3248 516 3277 ι
554 3228 675 3281 Οὐδ’
710 3229 777 3282 ἂν
823 3229 1068 3283 ἐπιϐάλοι
1112 3245 1194 3290 τις
1223 3230 1290 3298 τῇ
1331 3226 1425 3283 τοῦ
1467 3224 1601 3280 Θεοῦ
1634 3225 1831 3297 κρίσει,

1946 673 2129 726 citur:
2171 668 2290 723 «Ne
2331 666 2588 738 projicias
2642 681 2728 720 me
2775 667 2830 719 in
2878 673 3125 734 tempere
3172 664 3491 727 senectutis,

1946 784 2068 825 cum
2091 766 2306 822 deﬁciet
2339 765 2511 819 virtus
2547 775 2687 829 mea,
2718 776 2785 817 ne
2813 761 3160 831 derelinquas
3183 776 3323 816 me.»
3358 758 3491 814 Nam

1945 857 2246 915 secundum
2297 856 2459 909 aiiam
2508 853 2899 924 expositionem
2938 865 3039 921 pro
3099 850 3341 905 Ecclesia
3393 866 3494 907 sua

1945 957 2218 1021 precatur,
2249 956 2308 1001 ut
2340 963 2410 1003 ne
2434 948 2488 1001 in
2525 954 2764 1017 tempore
2809 953 3041 1000 terrena:
3088 944 3237 997 illius
3272 944 3494 998 diutur-

1944 1039 2133 1095 nitatis
2174 1038 2513 1109 projiciatur.
2563 1036 2715 1103 Quod
2772 1036 2820 1091 si
2864 1044 2997 1089 tunc
3049 1033 3265 1088 deﬁciat
3317 1033 3494 1091 virtus

1943 1131 2084 1199 ej-us,
2119 1137 2278 1203 rogat
2314 1136 2375 1184 ut
2406 1143 2474 1184 ne
2512 1128 2592 1184 sic
2618 1129 2851 1198 quidem
2888 1127 3318 1196 derelinquatur.
3357 1124 3495 1180 Con-

1942 1224 2103 1292 tingit
2153 1222 2296 1277 enim
2352 1221 2693 1292 plerumque,
2745 1228 2808 1276 ut
2860 1219 3304 1291 persecutionum
3352 1226 3492 1273 tem-

1938 1330 2075 1386 pore
2104 1313 2341 1377 deﬁciat,
2378 1328 2503 1367 cum
2542 1312 2696 1369 multi
2732 1328 2796 1366 ex
2830 1311 3086 1367 Ecclesia:
3131 1324 3358 1380 corpore
3422 1310 3493 1364 ob

1941 1404 2066 1460 ﬁdei
2098 1403 2490 1469 infirmitatem,
2531 1418 2650 1457 eam
2697 1401 2969 1471 abjurant.
3010 1401 3148 1457 Num
3195 1400 3336 1455 forte
3377 1400 3493 1456 hac

1940 1494 2223 1550 referenda
2267 1495 2336 1550 ad
2374 1502 2592 1566 tempus
2626 1493 2971 1559 defectionis,
3008 1494 3077 1550 de
3125 1510 3232 1565 quo
3261 1494 3494 1563 Aposto-

1940 1588 2027 1644 lus
2076 1588 2190 1643 haec
2245 1587 2464 1642 docuit:
2517 1587 2676 1641 «Nisi
2716 1584 3193 1642 venerit‘defectio
3236 1586 3490 1656 primum,

1938 1686 1993 1733 et
2024 1678 2299 1733 revelatus
2357 1676 2522 1732 fuerit
2571 1678 2733 1733 homo
2781 1678 3011 1748 peccati,
3048 1678 3192 1733 ﬁlius
3238 1677 3491 1747 perditio-

1939 1770 2137 1824 nis'h
2183 1767 2297 1824 Hoc
2325 1782 2451 1824 vero
2485 1774 2701 1837 tempus
2750 1766 3006 1823 Servator
3052 1768 3349 1825 declaravit
3383 1768 3469 1823 his

1939 1862 2144 1918 verbis:
2176 1881 2193 1913 ι
2217 1859 2355 1916 Num
2377 1860 2602 1915 veniens
2626 1858 2794 1916 Filius
2818 1860 3055 1916 hominis
3074 1862 3313 1919 inveniet
3332 1861 3491 1917 ﬁdem

1933 1970 2098 2025 super
2130 1965 2325 2009 terram
2348 1954 2425 2007 τ’θῖ
2451 1972 2471 2006 ι
2503 1961 2555 2008 et
2588 1968 2815 2009 rursum
2842 1972 2855 2008 :
2887 1971 2906 2006 ι
2934 1952 3002 2007 Et
3031 1955 3290 2024 quoniam
3318 1954 3495 2010 abun—

1936 2047 2082 2102 davit
2130 2048 2407 2117 iniquitas,
2450 2044 2766 2116 refrigescet
2793 2045 3033 2101 charitas
3074 2046 3369 2101 multorum
3394 2049 3435 2099 1.
3466 2064 3486 2099 ι

1935 2139 2088 2194 Tunc
2119 2140 2262 2194 enim
2292 2153 2492 2207 corpus
2523 2137 2777 2194 Ecclesiae
2804 2136 2958 2193 senio
2986 2135 3291 2193 confectum
3320 2143 3376 2192 et
3404 2136 3492 2192 in-

1935 2230 2147 2286 ﬁrmum
2183 2231 2308 2285 erit.
2344 2228 2543 2285 Verum
2583 2246 2652 2286 ne
2681 2230 2773 2284 illo
2815 2238 3061 2300 tempore
3102 2230 3352 2286 desertus
3389 2242 3491 2299 po-

1934 2322 2095 2392 pulus
2122 2321 2242 2389 ejus
2283 2322 2645 2390 relinquatur.
2688 2323 3002 2377 necessario
3045 2322 3147 2378 has
3175 2321 3381 2392 profert
3405 2337 3495 2379 vo-

1932 2428 2023 2468 ces
2049 2431 2063 2466 :
2094 2431 2111 2463 ι
2142 2410 2306 2474 Deus,
2341 2411 2465 2480 quis
2504 2399 2699 2465 similis
2739 2409 2843 2465 erit
2872 2409 3010 2464 tibi?
3033 2410 3278 2477 Quantas
3307 2420 3494 2469 osten-

1934 2504 2063 2558 disti
2110 2504 2242 2557 mihi
2272 2503 2653 2558 tribulationes
2702 2502 2901 2558 multas
2932 2508 2987 2556 et
3037 2502 3210 2556 mala?
3241 2522 3259 2555 ι
3305 2512 3360 2559 et
3397 2520 3494 2559 cae-

1933 2603 2070 2650 tera.
2103 2593 2239 2648 Nam
2280 2602 2591 2648 accuratam
2620 2592 2893 2648 rationem
2926 2607 3025 2649 cur
3054 2592 3196 2649 Deus
3223 2590 3363 2647 Filio
3390 2608 3493 2649 suo

1934 2701 2042 2740 non
2078 2686 2399 2756 pepercerit,
2436 2684 2532 2741 sed
2576 2699 2676 2755 pro
2712 2684 2873 2740 nobis
2916 2685 3168 2740 omnibus
3209 2684 3494 2739 tradiderit

1934 2776 2085 2831 illum
2107 2792 2123 2842 ;
2156 2790 2219 2828 ac
2241 2790 2364 2829 cum
2391 2782 2671 2845 peccatum
2697 2789 2807 2829 non
2830 2780 3037 2838 nosset,
3068 2781 3346 2844 peccatum
3366 2788 3492 2829 eum

1934 2879 2032 2935 pro
2056 2864 2215 2919 nobis
2235 2862 2494 2927 effecerit,
2528 2878 2689 2919 nemo
2710 2864 2906 2933 praeter
2926 2864 3103 2933 ipsum
3134 2864 3309 2918 solum
3331 2878 3492 2919 enar-

1932 2970 2055 3010 rare
2085 2962 2285 3026 potest.
2326 2972 2344 3006 ι
2374 2953 2510 3021 Quis
2537 2955 2683 3010 enim
2707 2954 2858 3024 novit
2880 2970 3103 3011 sensum
3134 2952 3372 3021 Domini,
3395 2956 3496 3026 qui

1935 3047 2170 3103 instruat
2207 3062 2332 3104 eum
2352 3047 2410 3101 ’ἲ
2437 3065 2456 3100 ι
2492 3036 2675 3117 Neque
2696 3047 2839 3104 enim
2870 3046 3199 3117 quisin'Dei
3223 3046 3489 3116 judicium

1937 3155 2059 3197 sese
2102 3138 2397 3195 immittere
2436 3138 2653 3202 audeat,
2706 3153 2883 3209 neque
2922 3138 3161 3193 consilia.
3188 3137 3491 3207 deprehen-

1936 3230 2064 3285 dere
2088 3231 2281 3299 possit,
2314 3229 2479 3299 queis
2501 3228 2792 3300 Unigenito
2840 3244 2941 3285 suo
2986 3229 3225 3285 ostendit
3268 3229 3491 3285 tribula~

269 3319 379 3372 οὐδ’
412 3319 478 3389 sv
528 3318 735 3389 ἐξεύροι
785 3295 1369 3390 consummasse
1403 3316 1494 3381 οὒς
1542 3295 1835 3380 ἐνεδείξατο
1861 3295 1901 3352 C
1933 3322 1967 3375 u

1785 3331 1835 3368 το
1861 3295 1901 3352 C
1933 3295 2117 3377 tiones
2144 3328 2203 3376 et
2225 3295 2396 3376 multa
2422 3322 2587 3374 mala.
2613 3295 2804 3389 i‘leque
2836 3321 2891 3375 in
2917 3321 2987 3377 iis
3015 3322 3193 3391 ipsum
3223 3320 3483 3382 deseruit,

274 3410 353 3481 τῷ
387 3412 679 3482 Μονογενεῖ
721 3410 923 3480 θλίψεις
952 3410 1151 3474 πολλὰς
1176 3411 1271 3464 καὶ
1296 3408 1470 3463 κακά’
1506 3408 1568 3460 οὐ
1603 3407 1701 3477 μὲν
1728 3404 1838 3459 εἷα-

277 3516 370 3554 σεν
415 3501 575 3555 αὐτὸν
616 3502 926 3561 ἐν,αὺταίς·
969 3499 1083 3552 ἀλλ’
1107 3496 1433 3569 ἐπιστρέψας
1476 3493 1832 3565 ἐζωοποίησεν

269 3590 433 3644 αὐτὸν
468 3592 561 3643 καὶ
592 3594 657 3643 ἐκ
698 3590 803 3642 τῶν
844 3589 1092 3642 ἀϐύσσων
1124 3590 1221 3659 τῆς
1245 3590 1347 3660 γῆς
1379 3588 1537 3643 πάλιν
1562 3588 1831 3659 ἀνήγαγεν

271 3681 452 3737 αὐτόν.
488 3682 697 3752 Σφόδρα
728 3682 784 3734 δὲ
816 3680 1055 3752 ἀκριϐῶς
1084 3682 1293 3753 εῐρηται
1319 3681 1400 3743 τὺ,
1431 3679 1706 3743 ιἝδειξάς
1742 3696 1831 3750 μοι

270 3772 481 3841 θλίψεις
507 3771 704 3835 πολλὰς
734 3770 1017 3841 καὶςκακά.
1040 3790 1057 3821 ι
1078 3768 1223 3823 Ἰδὼν
1246 3769 1355 3840 γὰρ
1373 3768 1479 3832 τὰς.
1500 3768 1706 3838 θλίψεις
1738 3768 1831 3821 καὶ

269 3864 338 3917 τὰ
386 3862 759 3932 ὀνομαζόμενα
801 3860 975 3926 κακὰ,
1021 3848 1137 3931 οὐχ.
1165 3860 1305 3914 ἐάλω
1348 3859 1436 3912 ὑπ’
1467 3858 1664 3921 αὐτῶν,
1710 3857 1831 3911 οὐδὲ

271 3952 478 4025 ἡττήθη
501 3970 514 3982 ·
551 3953 814 4024 κρείττων
843 3953 899 4007 δὲ
932 3952 1147 4007 πάντων
1179 3952 1486 4022 γενόμενος,
1522 3948 1722 4020 θεωρὸς
1761 3943 1829 4018 ἦν

271 4047 476 4101 αὐτῶνο
510 4047 586 4111 ὡς
626 4047 840 4099 πάντων
876 4044 1074 4115 μᾶλλον
1102 4045 1276 4097 εἰπεῖν
1298 4042 1363 4095 ἂν
1390 4041 1470 4104 τὸ,
1505 4059 1524 4091 ι
1548 4040 1636 4093 Ἑν
1671 4040 1830 4092 παντὶ

271 4138 597 4209 θλιϐόμενοι,
644 4136 757 4190 ἀλλ’
782 4136 843 4190 οὐ
892 4132 1401 4205 στενοχωρούμενοι·
1446 4129 1825 4202 ἀπορούμενοι,

271 4229 385 4282 ἀλλ’
417 4229 519 4281 οὐκ
563 4227 1008 4298 ἐξαπορούμενοι.⁸
1060 4222 1535 4293 καταϐαλλόμενοι,
1582 4221 1694 4275 ἀλλ’
1728 4223 1829 4275 οὐκ

270 4318 807 4388 ἐγκαταλειπόμενοι.
841 4335 860 4368 ι
894 4314 1075 4370 Ταῦτα
1120 4314 1228 4383 γὰρ
1254 4312 1465 4377 Παῦλος
1501 4312 1595 4366 καὶ
1636 4314 1684 4366 οί
1723 4330 1829 4366 πα·-

230 4470 236 4477 ,
274 4410 559 4481 ραπλήσιοι
588 4408 767 4479 ὠφελη
778 4408 924 4477 μένοι
950 4406 1042 4461 τὸν
1077 4403 1390 4460 διδάσκαλον
1406 4404 1619 4473 ελεγον.
1637 4404 1827 4459 ’Δϐύσ-

276 4519 399 4566 σους
425 4501 481 4554 δὲ
512 4499 615 4570 γῆς
641 4497 870 4552 ἐνταῦθα
913 4496 1012 4568 τὴν
1051 4494 1160 4550 τῶν
1199 4493 1563 4565 καταχθονίων
1594 4495 1696 4565 γῆν
1720 4493 1827 4565 χώ-

276 4610 375 4664 ραν
402 4591 680 4675 ὠνόμαζεν
698 4606 713 4621 ·
753 4589 782 4642 ὃ
807 4574 869 4658 δή
904 4587 1182 4659 σαφηνίζει
1214 4587 1243 4639 ὀ
1273 4586 1586 4665 ’Δτεόστολος
1611 4585 1785 4654 λέγων
1806 4602 1819 4615 ο

278 4704 298 4735 ι
326 4684 417 4754 Μὴ
445 4684 624 4752 εἴπῃς,
650 4680 695 4733 '1‘
699 4681 745 4743 ίς
771 4678 1133 4752 καταϐήσεται
1152 4679 1229 4741 είς
1254 4678 1352 4748 τὴν
1374 4676 1626 4743 ἄϐυσσον,
1670 4692 1825 4728 τουτ-

272 4775 388 4827 ἐστι
411 4772 641 4846 Χριστὸν
664 4775 728 4825 ἐκ
747 4770 956 4841 νεκρῶν
976 4771 1269 4839 ἀναγαγεῖν
1290 4786 1305 4832 ;
1347 4787 1365 4820 ι
1387 4768 1498 4822 Καὶ
1518 4770 1574 4820 ἐν
1596 4767 1674 4838 τῷ
1706 4765 1825 4820 Ἰὼϐ

271 4866 328 4918 δὲ
348 4868 376 4920 ὁ
401 4864 750 4950 χρηματίζων
775 4860 923 4929 αὐτῷ
948 4861 1150 4933 Κύριος
1176 4860 1325 4950 ἔλεγε
1343 4877 1357 4889 ’
1394 4862 1427 4911 ι’
1451 4857 1622 4922 Ηλθες
1650 4857 1827 4950 δὲῄὲπὶ

272 4956 451 5025 πηγὴν
482 4948 771 5025 θαλάσσης,
807 4956 865 5007 ἐν
904 4952 961 5006 δέ
1002 4952 1200 5022 ἴχνεσιν
1229 4949 1463 5005 ἀϐύσσου
1495 4948 1828 5019 περιεπάτη-

252 5045 738 5115 ⁷σας.Ἀνοίγονται
780 5045 837 5099 δέ
878 5061 960 5097 σοι
993 5043 1141 5114 φόϐῳ
1174 5043 1339 5098 πύλαι
1369 5044 1626 5098 θανάτου”
1657 5045 1829 5098 πυλω-

275 5136 357 5205 pol.
384 5134 441 5187 δέ
474 5135 599 5206 ᾅδου
635 5137 832 5199 ἰδόντες
857 5152 916 5189 σε
948 5132 1200 5204 ἔπτηξαν.
1233 5154 1251 5187 ι
1270 5137 1328 5189 '0
1364 5136 1421 5190 δέ
1462 5134 1627 5189 είπὼν
1648 5134 1830 5189 ἐνταῦ-

274 5224 363 5286 θα,
396 5241 415 5275 ι
444 5225 554 5279 Καὶ
587 5229 651 5279 ἐκ
689 5227 797 5280 τῶν
832 5226 1080 5281 ἀϐύσσων
1105 5226 1204 5292 τῆς
1232 5227 1335 5298 γῆς
1366 5228 1524 5282 πάλιν
1555 5229 1827 5299 ἀνήγαγες

277 5331 369 5384 με,
402 5332 422 5365 ι
453 5316 639 5384 σαφῶς
672 5317 906 5383 ἐδίδαξεν
934 5314 1121 5371 ἑαυτὸν
1147 5318 1565 5395 κατεληλυθέναι
1612 5320 1690 5381 είς
1730 5320 1831 5384 τὰς

273 5404 542 5467 ἀϐύσσους
565 5405 663 5474 τῆς
686 5406 811 5475 γῆς,
840 5411 931 5462 καὶ
961 5408 1120 5462 πάλιν
1142 5407 1537 5478 ἀνεληλυθέναι.
1567 5408 1679 5462 Οὐκ
1709 5406 1826 5465 οῖδα

271 5494 330 5547 δὲ
368 5493 422 5547 εί
444 5511 527 5557 τις
566 5494 783 5579 δύναται
828 5498 1029 5571 ἑτέρως
1062 5497 1307 5554 ἐκλαϐεῖν
1347 5497 1518 5552 ταῦτα
1543 5498 1575 5568 ἢ
1605 5498 1698 5552 ἐπὶ
1731 5499 1823 5554 τὸν

272 5583 505 5655 Σωτῆρα
528 5586 620 5637 καὶ
641 5585 843 5657 Κύριον
869 5588 1021 5653 ἡμῶν
1040 5588 1323 5659 ἀναφέρων
1344 5589 1443 5655 τὴν
1465 5589 1818 5658 προφητείαν.

1932 3412 2026 3469 sed
2057 3426 2357 3468 conversus
2391 3410 2686 3465 viviﬁcavit
2710 3426 2855 3475 eum,
2887 3418 2944 3467 et
2986 3411 3054 3467 de
3085 3412 3298 3482 abyssis
3328 3419 3486 3466 terra:

1930 3504 2125 3559 iterum
2156 3504 2374 3560 reduxit
2409 3517 2555 3558 eum.
2589 3502 3015 3580 Accuratissime
3058 3512 3239 3559 autem
3280 3505 3484 3559 dictum

1929 3594 2031 3650 fuit
2066 3595 2219 3659 illud,
2256 3612 2275 3645 ι
2306 3592 2603 3651 Ostendisti
2630 3593 2762 3648 mihi
2787 3593 3165 3649 tribulationes
3198 3595 3399 3651 multas
3428 3604 3483 3651 et

1929 3687 2088 3742 mala.
2124 3704 2143 3735 i
2202 3684 2341 3739 Cum
2388 3685 2726 3755 prospiceret
2769 3684 2911 3739 enim
2939 3675 3373 3749 ‘tribulationes,
3427 3694 3483 3741 et

1927 3774 2097 3829 multa
2134 3774 2226 3828 illa
2257 3790 2379 3845 qua:
2410 3784 2673 3830 vocantur
2701 3776 2863 3839 mala,
2898 3790 3005 3830 non
3047 3783 3238 3845 captus
3271 3778 3339 3853 ab
3372 3777 3481 3834 illis

1927 3864 2103 3936 neque
2147 3866 2324 3921 victus
2365 3873 2483 3934 est;
2532 3866 2628 3924 sed
2666 3866 2919 3922 omnibus
2954 3867 3199 3937 superior
3233 3867 3476 3933 effectus,

1927 3959 2398 4029 contemplabatur
2442 3974 2538 4024 ea;
2593 3959 2666 4013 ita
2708 3968 2768 4013 ut
2800 3960 2886 4014 his
2924 3959 3149 4015 vocibus
3191 3961 3475 4030 piusquam

1926 4066 2115 4108 omnes
2162 4051 2255 4107 alii
2306 4065 2439 4106 usus
2484 4051 2557 4106 sit
2589 4054 2616 4105 ξ
2640 4069 2660 4101 ι
2690 4048 2747 4105 ln
2780 4050 3035 4106 omnibus
3073 4050 3476 4107 tribulationem

1926 4142 2181 4213 patimur,
2204 4142 2300 4197 sed
2322 4154 2431 4195 non
2456 4142 2831 4211 angustiamur
2857 4161 2871 4195 :
2895 4141 3223 4211 aporiamur.
3249 4143 3345 4199 sed
3368 4152 3477 4197 non

1926 4232 2273 4288 destituimur
2302 4250 2315 4286 ι
2343 4232 2652 4300 dejicimur,
2681 4234 2775 4289 sed
2801 4248 2910 4288 non
2938 4234 3419 4303 derelinquimur’.
3454 4256 3472 4283 ι

1925 4320 2049 4378 Haec
2078 4323 2276 4393 quippe
2306 4321 2532 4388 Paulus,
2579 4334 2633 4378 et
2660 4325 2753 4393 qui
2786 4339 2970 4393 parem
3022 4329 3183 4393 atque
3217 4325 3477 4395 magister

1923 4414 2015 4469 ille
2042 4413 2328 4470 utilitatem
2359 4424 2711 4484 perceperant
2736 4414 3005 4469 dicebant.
3045 4413 3285 4485 Abyssos
3319 4424 3476 4470 terrae

1924 4505 2013 4561 hic
2053 4504 2348 4561 inferorum
2394 4505 2664 4575 regionem
2705 4504 2916 4559 vocavit
2948 4524 2959 4557 :
3000 4504 3144 4574 quod
3181 4506 3475 4574 Apostolus

1924 4596 2155 4667 explicat
2175 4596 2393 4653 dicens:
2422 4615 2439 4647 ι
2470 4594 2547 4651 Ne
2568 4595 2719 4649 dicas
2742 4593 2907 4659 :Quis
2932 4594 3222 4650 descendet
3246 4596 3299 4648 in
3321 4595 3475 4665 abys-

1926 4686 2122 4754 sum‘;
2154 4686 2207 4742 id
2246 4694 2350 4749 est,
2395 4684 2674 4740 Christum
2723 4699 2788 4738 ex
2836 4683 3067 4738 martius
3119 4683 3415 4755 reducere?
3451 4705 3467 4733 ι

1924 4776 1990 4831 Et
2018 4778 2073 4832 in
2100 4775 2204 4832 Job
2223 4782 2438 4846 quoque
2464 4774 2723 4841 Dominus
2749 4774 2842 4842 qui
2874 4774 2927 4828 in
2958 4773 3077 4844 ipso
3098 4774 3317 4829 oracula
3349 4773 3474 4827 fun-

1924 4867 2081 4923 debat
2117 4868 2232 4921 haec
2265 4864 2492 4935 protulit
2520 4883 2534 4918 :
2564 4883 2584 4916 ι
2616 4862 2824 4925 Venisti
2863 4878 2991 4919 vero
3040 4864 3095 4918 in
3129 4862 3330 4918 fontem
3359 4877 3474 4914 ma-

1920 4962 2021 5023 ris,
2055 4959 2110 5013 in
2152 4958 2399 5027 vestigiis
2431 4964 2612 5013 autem
2656 4958 2837 5029 abyssi
2869 4956 3177 5012 ambulastl.
3209 4954 3473 5025 Aperiun-

1922 5060 2012 5105 tur
2041 5064 2171 5104 vero
2216 5049 2312 5105 tibi
2342 5050 2538 5106 timore
2571 5058 2740 5118 portae
2769 5048 2959 5102 mortis
2994 5066 3006 5101 :
3041 5047 3253 5103 ostiarii
3290 5054 3472 5102 autem

1923 5140 2121 5197 inferni
2165 5140 2410 5198 videntes
2456 5151 2509 5197 te
2549 5140 2832 5197 conterriti
2882 5140 3071 5193 sunt“.
3104 5156 3123 5191 ι
3160 5137 3264 5205 Qui
3308 5152 3473 5205 porro

1923 5230 2013 5285 hic
2051 5229 2146 5291 ait,
2210 5247 2227 5280 ι
2260 5229 2326 5284 Et
2376 5229 2444 5285 de
2499 5228 2711 5300 abyssis
2755 5238 2911 5282 terra:
2964 5228 3157 5284 iterum
3205 5224 3471 5283 reduxisti

1925 5336 2031 5386 me,
2062 5340 2083 5373 ι
2115 5322 2261 5377 clare
2281 5321 2470 5377 docuit
2495 5334 2555 5376 se
2580 5325 2635 5375 in
2663 5320 2891 5395 abyssos
2919 5328 3078 5375 terra
3096 5316 3467 5379 descendisse.

1928 5425 1993 5467 ac
2024 5426 2241 5466 rursum
2282 5410 2614 5467 ascendisse.
2644 5408 2755 5466 Nec
2794 5412 2908 5466 scio
2936 5418 3114 5464 utrum
3145 5409 3269 5478 quis
3294 5407 3471 5462 valeat

1929 5501 2041 5557 hac
2067 5498 2172 5555 alio
2207 5501 2457 5569 accipere
2502 5498 2683 5565 modo,
2726 5513 2887 5568 quam
2928 5495 2996 5549 ad
3044 5493 3385 5550 Senatorem
3416 5499 3471 5547 et

1929 5590 2211 5646 Dominum
2227 5599 2471 5645 nostrum
2484 5584 2766 5645 referendo
2779 5587 3131 5657 prophetiam.
3147 5584 3196 5641 Is
3211 5584 3325 5653 ipse
3341 5595 3472 5637 vero

335 5756 665 5851 allibess.
696 5777 782 5851 ll.”
797 5763 968 5851 ’ὄλ-,³⁸
1000 5765 1152 5834 Luc.,
1174 5769 1396 5835 xvm,8.
1479 5770 1492 5799 ‘
1526 5766 1707 5851 Matth.
1742 5778 1889 5837 mv‘,
1940 5770 2023 5824 ﬁ.

1760 5728 1889 5837 iriv‘,
1940 5770 2023 5824 12.
2100 5766 2306 5824 "Rom.
2332 5783 2407 5834 xi,
2438 5766 2523 5823 34.
2604 5765 2623 5796 ³
2650 5762 2951 5830 llCor.'Iv,
2975 5764 3029 5824 8,
3104 5760 3124 5793 ⁸
3147 5759 3301 5815 Rom.
3324 5775 3379 5824 ι,
3404 5757 3458 5813 7.

273 5823 296 5855 ³
316 5822 437 5893 Job,
458 5844 682 5898 XXXVIII,
724 5833 805 5899 l6,
846 5832 929 5886 l7.
