4300 6404
798 447 895 501 7S7
1459 452 1722 507 EUSEBII
1760 453 2234 509 CAESARIENSIS
2271 454 2420 510 OPP.
2461 452 2642 507 PARS
2678 452 2766 509 Ill.
2789 483 2857 496 —
2891 451 3293 508 EXEGETICA.

3893 444 3997 498 788

796 564 1104 633 subiungit:
1130 585 1147 615 ι
1172 566 1537 636 Multiplicasti
1576 572 2030 641 magniﬁcentiam
2068 588 2262 635 meam,
2291 582 2345 627 et
2373 585 2418 636 Α
2458 574 2494 625 't

2298 582 2345 627 et
2373 585 2418 636 Α
2458 574 2515 625 ὐ
2542 573 2585 625 δ’
2618 572 2777 634 αὐτὸς
2807 570 3047 638 ἐπιλέγει
3066 587 3077 599 ·
3114 588 3134 621 ι
3157 568 3509 631 Ἐπλεόνασας
3552 568 3650 637 τὴν
3702 565 3996 637 μεγαλοσύ-

794 668 1089 708 conversus
1112 658 1421 711 consolatus
1444 674 1502 714 es
1534 675 1640 713 me.
1674 680 1691 712 ι
1723 660 2007 725 Quomodo
2034 672 2212 716 autem
2241 662 2345 715 Pa-

796 750 879 796 ter
917 745 1351 815 multiplicaverit
1403 750 1859 817 magniﬁcentiam
1914 752 2187 823 Unigeniti
2236 756 2341 818 sui,

795 833 900 885 nisi
923 850 1041 887 cum
1074 838 1310 890 ostendit
1339 840 1413 891 illi
1446 842 1826 897 tribulationes
1861 844 2056 898 multas
2088 853 2141 900 et
2171 846 2346 897 mala‘!

796 920 1253 1005 Quemadmodum
1304 930 1448 981 enim
1494 932 1817 999 agonotheta
1860 935 2167 1002 quispiam,
2220 951 2342 988 cum

797 1012 1076 1069 adversum
1116 1019 1313 1073 multos
1354 1021 1611 1073 athletam
1642 1032 1853 1077 exercet
1898 1040 2077 1088 suum,
2114 1026 2233 1094 ejus
2279 1026 2346 1079 li-

795 1105 1009 1173 quidius
1061 1108 1315 1163 virtutem
1362 1112 1623 1174 ostendit,
1667 1112 1885 1181 quando
1936 1131 2059 1168 eum
2103 1117 2343 1168 omnium

793 1194 1047 1249 victorem
1084 1200 1371 1267 praedicat;
1400 1200 1583 1253 eodem
1614 1203 1774 1257 modo
1805 1204 1963 1258 Pater
1984 1203 2105 1257 Filii
2132 1206 2342 1275 magni-

793 1286 1061 1340 ﬁcentiam
1095 1301 1151 1342 ut
1177 1291 1431 1346 omnibus
1471 1294 1646 1361 palam
1690 1294 1912 1358 faceret,
1947 1295 2133 1349 multis
2166 1296 2342 1364 ipsum

792 1376 1237 1435 tribulationibus
1265 1389 1317 1435 et
1344 1382 1501 1438 malis
1534 1383 1922 1452 circumdedit;
1958 1392 2016 1438 ut
2050 1393 2201 1455 parta
2221 1403 2345 1441 con-

791 1478 876 1522 tra
930 1485 1119 1525 omnes
1169 1474 1423 1538 victoria,
1485 1476 1626 1545 apud
1691 1491 1880 1530 omnes
1936 1478 2339 1546 prazdicaretur.

790 1558 967 1625 Quare
1000 1563 1073 1613 ait
1102 1581 1114 1615 :
1147 1582 1165 1612 ‹
1196 1562 1564 1633 Multiplicasti
1599 1566 2051 1635 magniﬁcentiam
2082 1583 2286 1633 meam;
2318 1588 2337 1619 ι

790 1648 886 1705 sed
921 1646 1043 1720 post
1088 1652 1199 1705 haec
1233 1655 1437 1718 omnia,
1467 1656 1663 1724 inquit,
1705 1676 1721 1706 ι
1753 1670 2051 1710 conversus
2088 1658 2343 1710 consola-

791 1748 882 1795 tus
910 1757 970 1795 es
1000 1758 1103 1795 me.
1139 1762 1157 1793 ›
1193 1742 1309 1808 Quo
1354 1753 1511 1814 pacto
1548 1747 1858 1801 consolatus
1890 1762 2011 1801 eum
2038 1754 2140 1810 est,
2178 1763 2342 1817 supe-

791 1834 909 1887 rius
952 1832 1133 1886 docuit
1181 1834 1263 1889 his
1310 1836 1485 1890 verbis
1520 1856 1531 1890 :
1564 1855 1581 1887 ι
1610 1836 1677 1889 Et
1715 1852 2011 1892 conversus
2061 1837 2341 1892 viviﬁcasti

2446 683 2539 735 νην
2577 682 2698 734 μου,
2730 664 2821 716 καί¹
2851 661 3179 733 ἐπιστρέψας
3207 660 3579 729 παρεκάλεσάς
3610 676 3696 728 με.
3724 678 3741 709 ι
3779 658 3903 719 Πῶς
3938 657 3999 709 δὲ

2443 754 2759 806 ἐπλεόνασεν
2791 753 2819 804 6
2856 751 3043 821 Πατὴρ
3088 750 3195 821 τὴν
3224 748 3587 819 μεγαλοσύνην
3627 748 3720 800 τοῦ
3754 749 3997 813 Μονογε-

2442 844 2564 905 νοῦς
2590 844 2774 907 αὑτοῦ,
2797 844 2829 913 ἢ
2858 844 2942 895 διὰ
2964 842 3055 894 τοῦ
3082 841 3247 905 δεῖξαι
3277 839 3423 908 αύτῷ
3446 838 3650 907 θλίψεις
3673 838 3868 899 πολλὰς
3900 837 3997 889 καὶ

2442 933 2619 996 κακά;
2656 933 2864 1002 Ὠσπερ
2909 932 3016 1002 γάρ
3061 948 3142 993 τις
3178 928 3535 997 ἀγωνοθέτης,
3567 926 3776 989 πολλοῖς
3815 941 3995 995 παρα-

2444 1022 2649 1075 ϐάλλων
2678 1022 2766 1073 τον
2802 1022 2991 1073 ἑαυτοῦ
3016 1021 3274 1091 ἀθλητὴν,
3306 1018 3560 1090 μειζόνως
3586 1015 3748 1070 αὑτοῦ
3770 1017 3867 1086 τὴν
3901 1018 3997 1069 ἀν-

2440 1113 2620 1183 δρείαν
2652 1112 2999 1176 ἐπιδείκνυσι,
3034 1113 3255 1182 νικητὴν
3296 1112 3455 1166 αὑτὸν
3502 1108 3750 1163 ἁπάντων
3793 1108 3997 1177 ἀνακη-

2444 1202 2648 1272 ρύττων
2667 1221 2689 1234 δ
2710 1203 2800 1256 τὸν
2830 1204 2991 1257 αὑτὸν
3024 1204 3221 1273 τρόπον
3247 1206 3341 1257 καὶ
3384 1205 3412 1255 6
3458 1202 3665 1272 Πατὴρ,
3695 1199 3791 1269 τὴν
3827 1214 3997 1268 μεγα-

2441 1294 2664 1364 λοσύνην
2694 1294 2785 1347 τοῦ
2813 1294 2940 1347 Υίοῦ
2973 1280 3083 1357 τοῖς
3116 1296 3246 1346 πᾶσι
3270 1292 3505 1363 φανυράν
3534 1291 3857 1353 ἐπιδεικνὺς,
3884 1288 3997 1342 θλί-

2440 1386 2558 1454 ψεις
2592 1385 2790 1447 πολλάς
2833 1386 2925 1438 καὶ
2974 1382 3120 1437 κακά
3166 1382 3513 1454 περιέϐαλλεν
3541 1381 3706 1452 αὐτῷ,
3732 1381 3807 1442 ὡς
3839 1379 3903 1431 ἂν
3928 1380 3997 1433 τά

2443 1476 2582 1528 κατά
2624 1476 2836 1529 πάντων
2874 1476 3144 1545 ἀράμενος
3174 1474 3483 1543 νικητήρια,
3510 1472 3665 1543 παρά
3706 1472 3817 1531 τοῖς
3862 1471 3996 1522 πᾶσι

2441 1564 2755 1635 κηρυχθείη.
2792 1564 2881 1615 Διό
2912 1580 3099 1633 φησιν·
3141 1580 3158 1613 ι
3182 1562 3539 1624 Ἐπλεόνασας
3568 1561 3666 1631 τὴν
3695 1557 3998 1630 μεγαλοσύ-

2441 1671 2537 1722 νην
2586 1671 2705 1723 μου.
2738 1653 2932 1705 »Ἀλλά
2979 1652 3113 1722 μετά
3156 1653 3329 1705 ταῦτα
3377 1652 3572 1712 πάντα,
3620 1651 3803 1720 φησιν,
3837 1668 3855 1700 ι
3885 1650 3997 1701 ἑπι-

2444 1744 2677 1813 στρέψας
2708 1742 3081 1813 παρεκάλεσάς
3112 1758 3199 1811 με.
3233 1761 3251 1793 ›
3283 1741 3405 1803 Πῶς
3437 1740 3489 1791 δὲ
3520 1737 3885 1808 παρεκάλεσεν
3906 1738 3998 1790 αύ-

2444 1835 2553 1901 τὸν,
2581 1832 2921 1905 προεδίδαξεν
2967 1833 3219 1902 ἀνωτέρω
3257 1832 3451 1884 είπιτν·
3486 1850 3503 1880 ι
3528 1831 3637 1882 Καὶ
3668 1828 3998 1899 ἐπιστρέψας

790 1933 897 1981 me,
929 1928 980 1972 et
1002 1920 1067 1974 de
1096 1921 1305 1992 abyssis
1330 1932 1488 1977 terra:
1514 1910 1707 1978 iterum
1736 1924 1999 1979 reduxisti
2027 1942 2129 1980 me.
2166 1947 2185 1978 ο
2218 1925 2340 1982 Ηειιε
2368 1911 2417 1969 Β
2440 1927 2488 1989 ὲζ

2300 1942 2340 1982 ’ϐ
2368 1911 2417 1969 Β
2440 1926 2806 1995 ὲζωοποίησάς
2837 1944 2925 1996 με,
2958 1927 3048 1978 καὶ¹
3080 1928 3142 1978 ἐκ
3174 1925 3280 1976 τῶν
3308 1923 3556 1977 ἀϐύσσων
3581 1920 3681 1990 τῆς
3704 1920 3808 1989 γῆς
3837 1920 3998 1974 πάλιν

792 2010 987 2080 quippe
1024 2015 1324 2068 consoiatio
1359 2022 1496 2076 erat,
1529 2030 1691 2082 quam
1724 2016 2017 2084 Aposwlus
2048 2016 2132 2071 his
2156 2017 2338 2071 decla-

791 2114 965 2155 ravnt:
1001 2122 1016 2151 ι
1048 2103 1271 2172 Propter
1305 2104 1450 2173 quod
1499 2113 1550 2157 et
1590 2104 1731 2159 Deus
1765 2101 2023 2160 exaltavit
2069 2108 2245 2169 illum,
2289 2116 2341 2161 et

790 2194 936 2248 dedit
969 2194 1042 2245 ilii
1075 2209 1292 2255 nomen,
1322 2194 1467 2263 quod
1511 2203 1593 2248 est
1630 2212 1792 2265 super
1820 2212 1979 2252 omne
2010 2212 2242 2262 nomen;
2278 2207 2341 2251 ut

790 2283 849 2340 in
891 2285 1107 2335 nomine
1147 2281 1274 2337 Jesu
1324 2300 1481 2338 omne
1520 2298 1671 2355 genu
1717 2286 1965 2341 ﬂectatur
2010 2290 2336 2352 cmlestium,

791 2375 1128 2429 terrestrium
1158 2385 1209 2429 et
1241 2375 1574 2431 infernarum
1602 2378 1643 2430 ‘.
1677 2398 1695 2427 ι

860 2554 1025 2611 Vens.
1050 2557 1245 2613 22-24.
1289 2577 1307 2609 ι
1338 2556 1470 2611 Nam
1502 2566 1555 2611 et
1584 2574 1682 2628 ego
1710 2559 2006 2614 conﬁtebor
2035 2562 2129 2614 tibi
2162 2562 2215 2615 in
2242 2575 2335 2615 va-

791 2647 867 2701 sis
899 2647 1094 2716 psalmi
1126 2650 1405 2702 veritatem
1442 2656 1609 2701 tuam.
1643 2668 1663 2698 ι
1695 2648 1776 2701 Tu
1803 2650 1932 2703 mihi
1962 2650 2179 2719 quidem
2205 2652 2338 2715 haec,

788 2737 969 2801 Pater,
1019 2740 1315 2807 praebuisti,
1368 2740 1560 2810 inquit.
1614 2738 1741 2794 Post
1780 2743 1977 2797 multas
2027 2744 2170 2798 enim
2221 2744 2340 2797 illas

790 2830 1188 2895 tribulationes,
1225 2843 1346 2901 post
1378 2835 1633 2902 praadicta
1680 2836 1842 2897 mala,
1882 2853 1899 2885 ι
1930 2849 2230 2892 conversus
2260 2838 2341 2891 vi-

789 2921 1017 2983 vilicasti
1055 2939 1159 2986 me,
1195 2931 1247 2976 et
1276 2923 1343 2977 «ie
1376 2925 1586 2993 abyssis
1636 2936 1791 2980 terra:
1834 2926 2031 2979 iterum
2080 2928 2339 2982 reduxisti

791 3028 897 3076 me,
931 3032 949 3063 ι
979 3021 1032 3067 et
1067 3014 1382 3069 consolatus
1445 3030 1530 3068 me
1563 3031 1643 3078 es,
1694 3016 2059 3083 multiplicans
2097 3017 2341 3086 magniﬁ-

792 3102 1024 3153 centiam
1060 3118 1251 3155 meam.
1290 3102 1399 3172 Ego
1429 3119 1554 3157 vero
1584 3118 1683 3173 pro
1711 3105 1923 3159 collatis
1964 3105 2060 3161 abs
2109 3114 2160 3160 te
2208 3105 2340 3159 mibi

794 3191 1068 3245 beneﬁciis
1098 3193 1269 3246 vicem
1304 3195 1623 3263 rependens,
1658 3212 1675 3245 ι
1705 3194 2000 3251 conﬁtebor
2031 3196 2126 3251 tibi
2155 3198 2209 3251 in
2248 3212 2342 3251 va-

795 3282 872 3335 sis
928 3282 1158 3350 psalmi:
1193 3302 1217 3334 r
1242 3299 1364 3336 nam
1398 3302 1417 3333 ε
1448 3285 1575 3353 quid
1630 3286 1921 3340 retribuam
1965 3284 2192 3339 Domino
2242 3301 2341 3355 pro

795 3375 1044 3429 omnibus
1076 3392 1194 3445 quae
1228 3379 1479 3432 retribuit
1507 3379 1636 3431 mihi
1662 3379 1723 3429 ’ἲ
1752 3398 1771 3430 ι
1810 3377 1922 3433 lmo
1952 3368 2081 3433 vero
2114 3396 2342 3453 appara-

796 3468 867 3520 tis
897 3466 1041 3521 vasis
1082 3468 1178 3521 tibi
1221 3471 1667 3538 congruentibus,
1711 3472 2159 3540 concinnatisqne
2194 3473 2341 3541 psal-

795 3556 987 3632 modia:
1023 3558 1400 3614 instrumentis
1444 3568 1497 3615 te
1541 3560 1737 3631 dignis,
1779 3578 1874 3631 per
1924 3563 2036 3616 haec
2064 3565 2342 3617 veritatem

795 3657 942 3709 tuam
972 3650 1201 3703 cantabo
1225 3650 1345 3713 tibi,
1373 3651 1616 3719 talesque
1640 3653 1885 3706 excitabo
1907 3653 2165 3717 citharas,
2186 3654 2341 3723 queis

798 3738 934 3791 iabia
966 3754 1081 3791 mea
1113 3740 1480 3805 etsuitabunt,
1519 3757 1729 3795 necnon
1763 3761 1781 3792 ‹
1812 3741 1989 3795 anima
2030 3750 2149 3798 mea
2180 3760 2340 3814 quam

798 3824 1093 3887 redemisti,
1127 3845 1145 3876 ι
1181 3826 1444 3882 reducens
1468 3843 1585 3882 eam
1626 3830 1693 3883 de
1722 3829 1934 3898 abyssis
1975 3838 2151 3895 terrae,
2180 3840 2234 3885 et
2263 3832 2344 3885 vi-

796 3915 1020 3969 viﬁcans
1052 3931 1171 3969 eam
1214 3924 1495 3986 postquam
1535 3925 1763 3971 mortem
1805 3921 2164 3974 sustinuerat.
2197 3918 2340 3975 Vasa

798 4012 973 4058 autem
1013 4014 1066 4058 et
1110 4008 1465 4061 instrumenta
1505 4007 1613 4061 Deo
1645 4016 1818 4079 grata,
1842 4010 2040 4078 quibus
2072 4010 2343 4080 hodieque

796 4095 1043 4149 Christus
1074 4095 1167 4149 Dei
1196 4111 1290 4165 per
1321 4106 1492 4151 totum
1523 4101 1708 4154 orbem
1737 4102 1998 4169 psalmos,
2034 4102 2263 4173 hymnos
2289 4112 2343 4157 et

797 4187 983 4242 laudes
1015 4186 1160 4241 Patri
1187 4189 1402 4253 emittit,
1434 4191 1777 4258 quaz’dixeris
1805 4208 1945 4257 esse,
1976 4194 2081 4248 nisi
2115 4196 2341 4264 populos

796 4276 851 4329 in
882 4277 1111 4346 singulis
1145 4276 1413 4341 Ecclesiis.
1428 4279 1831 4333 consistentes?
1864 4296 2095 4355 quorum
2133 4283 2342 4337 animas

796 4383 1129 4437 componens
1154 4368 1247 4423 Dei
1278 4368 1536 4433 Verbum,
1567 4371 1821 4440 ipsasque
1864 4387 1973 4426 uno
2012 4374 2343 4444 symphoniae

796 4465 850 4511 et
896 4458 1194 4513 harmonia:
1248 4460 1461 4514 vinculo
1516 4459 1663 4514 Patri
1717 4461 2001 4533 colligans,
2054 4464 2340 4520 amabilem

2439 2019 2709 2088 ἀνήγαγές
2740 2035 2827 2087 με.
2856 2036 2873 2068 ι
2904 2018 3049 2087 Αῦτη
3078 2017 3184 2088 γάρ
3213 2012 3280 2087 ἦν
3322 2018 3355 2084 ή
3402 2012 3760 2084 παράκλησις,
3790 2013 3855 2083 ῆν
3899 2013 3998 2065 καὶ

2438 2111 2466 2160 6
2503 2109 2816 2172 Ἀπόστολος
2859 2109 3197 2179 παρέστησεν
3243 2105 3441 2159 εἰπών⁹
3489 2124 3507 2155 ι
3538 2104 3625 2157 Διὸ
3660 2104 3755 2158 καὶ
3798 2106 3825 2157 6
3866 2103 3999 2167 Θεὸς

2440 2197 2791 2267 ὑπερύψωσεν
2844 2197 3023 2258 αὐτὸν,
3058 2196 3151 2249 καὶ
3199 2195 3487 2264 ἐχαρίσατο
3533 2192 3679 2261 αὐτῷ
3716 2192 3904 2261 ὄνομα,
3936 2191 4001 2244 τὸ

2439 2289 2572 2358 ὑπὲρ
2602 2289 2707 2340 πᾶν
2735 2288 2903 2357 ὄνομα
2922 2304 2935 2316 ·
2967 2289 3053 2340 ἵνα
3084 2290 3141 2340 ὲν
3171 2287 3247 2357 τῷ
3271 2287 3491 2355 ὀνόματι
3534 2284 3706 2355 Ἰησοῦ
3735 2287 3842 2336 πᾶν
3866 2284 3998 2351 γόνυ

2439 2378 2650 2447 κάμψῃ,
2706 2377 3063 2445 ἐπουρανίων,
3100 2376 3193 2429 καὶ
3246 2375 3522 2441 ἐπιγείων,
3582 2374 3674 2426 καὶ
3733 2371 3999 2455 καταχθο-

2440 2468 2586 2519 νίων.
2620 2487 2638 2518 ι

2513 2576 2529 2607 ι
2555 2558 2663 2609 Καὶ
2687 2557 2791 2627 γάρ
2817 2556 2923 2625 ἐγὼ
2945 2557 3408 2627 ὲξομολογήσομαί
3438 2573 3517 2609 σοι
3550 2557 3608 2609 ὲν
3636 2555 3849 2609 σκεύεσι
3869 2552 3999 2622 ψαλ-

2443 2650 2542 2719 μοῦ
2570 2653 2666 2719 τὴν
2699 2650 2950 2720 ἀλήθειάν
2985 2665 3098 2702 σου.
3131 2669 3149 2699 ι
3188 2650 3258 2702 Σὺ
3296 2648 3393 2718 μὲν
3433 2648 3557 2717 ἐμοὶ
3591 2646 3781 2711 ταῦτα,
3811 2645 3996 2715 φησιν,

2439 2733 2483 2790 ὦ
2522 2739 2721 2810 Πάτερ,
2755 2740 3059 2809 παρέσχου·
3100 2738 3235 2809 μετά
3276 2739 3382 2809 γάρ
3414 2738 3514 2801 τὰς
3560 2737 3757 2801 πολλάς
3789 2736 4000 2806 θλίψεις

2441 2834 2532 2885 καὶ
2566 2832 2642 2885 τὰ
2688 2832 2980 2901 λελεγμένα
3021 2833 3168 2886 κακά
3206 2852 3223 2883 ι
3255 2830 3586 2901 ἐπιστρέψας
3628 2828 3996 2899 έζωοποίησάς

2444 2942 2528 2994 με,
2554 2926 2647 2977 καὶ
2671 2928 2733 2977 ὲκ
2752 2924 2859 2976 τῶν
2881 2924 3131 2977 ἀϐύσσων
3152 2926 3247 2995 τῆς
3270 2924 3375 2993 γῆς
3400 2921 3559 2974 πάλιν
3580 2920 3847 2989 ἀνήγαγές
3871 2937 3994 2990 με,›

2441 3017 2534 3068 καὶ
2581 3015 2956 3086 παρεκάλεσάς
3003 3032 3088 3085 με,
3139 3014 3437 3077 πλεονάσας
3482 3013 3580 3084 τήν
3630 3012 3997 3083 μεγαλοσύνην

2446 3123 2543 3176 μου
2563 3122 2577 3135 ο
2607 3104 2760 3172 κάγὼ
2789 3106 2866 3167 δὲ,
2894 3105 3250 3175 ἀμειϐόμενος
3282 3105 3381 3167 τὰς
3408 3106 3486 3167 εἰς
3520 3103 3619 3173 ὲμέ
3652 3119 3745 3155 σου
3775 3104 3996 3173 εὐεργε-

2446 3199 2585 3261 σίας,
2624 3215 2641 3246 ι
2688 3196 3146 3267 ὲξομολογήσομαί
3188 3213 3269 3247 σοι
3311 3198 3367 3248 ὲν
3405 3195 3618 3248 σκεύεσι
3655 3192 3895 3264 ψαλμοῦυ
3942 3194 3996 3245 τί

2443 3288 2549 3357 γὰρ
2574 3285 2935 3340 ἀνταποδώσω
2967 3286 3044 3356 τῷ
3060 3287 3246 3358 Κυρίῳ
3270 3287 3398 3357 περί
3422 3286 3637 3339 πάντων
3671 3278 3745 3338 ὧν
3762 3284 3998 3338 ἀνταπέ-

2440 3377 2579 3429 δωκέ
2612 3393 2731 3446 μοι;
2763 3394 2782 3427 ι
2803 3376 2959 3429 Ἀλλά
2981 3376 3089 3447 γὰρ
3108 3377 3176 3429 τά
3191 3393 3275 3429 σοι
3308 3376 3582 3445 πρέποντα
3611 3374 3775 3444 σκεύη
3801 3389 3999 3445 καταρ-

2441 3465 2739 3536 τιζόμενος,
2763 3466 2967 3534 ὄργανά
2988 3465 3045 3517 τέ
3074 3482 3163 3517 σου
3187 3466 3309 3530 ἄξια
3327 3464 3645 3535 ψαλμῳδίας
3665 3465 3998 3517 κατασκευά-

2443 3572 2559 3618 σας,
2594 3555 2657 3607 δι’
2686 3554 2861 3608 αὐτῶν
2887 3554 2984 3625 τὴν
3010 3553 3260 3624 ἀλήθειάν
3283 3571 3375 3606 σου
3394 3552 3548 3623 ψαλῶ
3570 3570 3672 3617 σοι,
3706 3553 3796 3605 καὶ
3824 3551 3997 3605 τοιαύ-

2440 3663 2537 3708 τας
2570 3663 2651 3699 σοι
2684 3646 2910 3716 κιθάρας
2932 3648 3235 3717 ἀναστήσω,
3262 3646 3326 3699 δι’
3357 3638 3431 3700 ὧν
3459 3645 3526 3699 τὰ
3544 3644 3693 3715 χείλη
3719 3661 3817 3714 μου
3838 3643 3998 3710 ἀγαλ-

2442 3737 2701 3799 λιάσεται,
2731 3736 2865 3789 ἀλλὰ
2911 3738 3009 3791 καὶ
3053 3740 3128 3807 «ή
3173 3737 3318 3805 ψυχή
3372 3736 3581 3806 μου,ήν
3624 3733 3929 3805 ὲλυτρώσω,
3970 3752 3990 3784 ι

2440 3826 2772 3889 ἀναϐιϐάσας
2799 3826 2965 3897 αὐτὴν
2987 3828 3050 3879 ὲκ
3069 3825 3175 3877 τῶν
3203 3824 3450 3878 ἀϐύσσων
3477 3825 3575 3893 τῆς
3607 3824 3730 3893 γῆς,
3756 3824 3847 3876 καὶ
3870 3823 3998 3886 ζωο-

2445 3918 2672 3985 ποιήσας
2704 3916 2872 3987 αὐτὴν
2918 3915 3036 3985 μεθ’
3067 3914 3124 3967 ὃν
3158 3915 3411 3983 ὑπέμεινε
3450 3913 3695 3969 θάνατον.
3725 3914 3899 3983 Σκεύη
3936 3914 3996 3967 δὲ

2443 4008 2534 4059 καὶ
2580 4008 2781 4078 ὄργανα
2820 4006 2897 4076 τῷ
2943 4006 3058 4077 Θεῷ
3102 4006 3486 4076 κεχαρισμένα,
3512 4004 3577 4057 δι’
3607 3998 3681 4059 ὧν
3705 4006 3868 4057 εἰσέτι
3900 4006 3996 4058 καὶ
4106 4064 4111 4067 μ

2442 4097 2535 4151 νῦν
2583 4101 2611 4151 6
2656 4099 2886 4168 Χριστὸς
2931 4098 3021 4152 τοῦ
3070 4097 3203 4151 Θεοῦ
3250 4097 3368 4150 καθ’
3401 4096 3528 4167 ὅλης
3556 4096 3652 4167 τῆς
3676 4096 3997 4167 οἰκουμένης

2441 4186 2754 4258 ψαλμῳδίας
2778 4188 3087 4259 ἀναπέμπει
3120 4206 3212 4241 και
3240 4186 3439 4257 ὕμνους
3468 4188 3561 4240 καὶ
3582 4186 3761 4251 αῐνους
3792 4185 3868 4256 τῷ
3892 4187 3997 4238 Πα-

2441 4280 2550 4349 τρὶ,
2574 4280 2723 4343 τίνας
2759 4281 2823 4334 ἂν
2854 4281 3025 4343 εἴποις
3047 4280 3079 4349 ἢ
3102 4281 3226 4343 τοὺς
3258 4279 3376 4332 καθ’
3399 4279 3631 4349 ἑκάστην
3678 4277 3995 4349 Ἐκκλησίαν

2441 4368 2633 4433 λαούς;
2656 4364 2754 4421 Ὧν
2802 4368 2899 4431 τὰς
2940 4368 3113 4437 ψυχάς
3163 4368 3436 4431 συντείνας
3462 4370 3491 4420 6
3516 4367 3608 4419 τοῦ
3640 4365 3772 4421 Θεοῦ
3804 4366 3993 4433 Λόγος,

2444 4463 2727 4530 συμφωνίᾳ
2753 4476 2812 4511 τε
2844 4459 2935 4510 καὶ
2976 4459 3205 4528 ἀρμονίᾳ
3232 4460 3329 4527 μιᾷ
3358 4458 3748 4538 συνδησάμενος
3774 4457 3851 4527 τῷ
3883 4458 3997 4511 Πα-

796 4549 1119 4617 dulcemque
1176 4550 1596 4605 modulationem
1650 4553 1865 4605 emittit.
1930 4551 1988 4605 Si
2042 4554 2164 4622 quis
2215 4570 2342 4625 ergo
2375 4570 2494 4625 ητε

2298 4570 2342 4622 go
2375 4596 2415 4625 η
2444 4553 2550 4623 τρὶ,
2587 4548 2855 4622 προσφιλῆ
2902 4549 2996 4602 καὶ
3044 4550 3223 4620 ἡδεῖαν
3267 4547 3573 4620 ἀναπέμπει
3624 4548 3905 4620 μελῳδίαν.
3929 4546 3996 4601 Et

799 4640 964 4693 animi
1003 4640 1197 4707 gratia,
1228 4640 1585 4695 instrumenta
1623 4641 1712 4694 illa
1746 4640 2053 4695 Iudaeorum
2077 4650 2341 4706 veterum,

799 4728 1109 4782 inanimatis
1133 4744 1198 4781 ex
1232 4730 1451 4785 chordis
1485 4732 1735 4795 conﬂata,
1772 4747 1835 4785 ac
1867 4745 1973 4786 non
2006 4732 2343 4785 articulatain

799 4822 983 4873 Vocem
1010 4818 1354 4888 proierentia,
1388 4835 1511 4873 cum
1545 4822 1760 4891 hymnis
1792 4824 1847 4876 in
1874 4822 2076 4877 Christi
2105 4820 2345 4875 Ecclesia

800 4922 831 4961 a
868 4900 1278 4965 rationabilibus
1311 4910 1596 4964 animabus
1628 4910 1737 4965 Deo
1764 4912 1987 4968 emissis
2012 4912 2341 4975 contulerit;

799 4998 941 5053 nihil
966 4998 1020 5052 in
1067 5000 1152 5055 his
1183 5001 1359 5056 simile
1388 5000 1774 5069 deprehendet.
1806 5000 2009 5065 Quovis
2050 5001 2193 5056 enim
2228 5015 2345 5055 cor-

800 5104 963 5159 porco
991 5090 1244 5159 psalterio
1275 5090 1616 5159 prestautior
1646 5097 1731 5145 est
1762 5089 2070 5155 multitudo,
2099 5105 2219 5160 qua:
2247 5104 2342 5158 per

798 5191 970 5236 telum
1010 5181 1198 5235 orbem
1230 5195 1338 5234 uno
1365 5188 1651 5245 concentu,
1682 5180 1962 5236 harmonia
2010 5196 2138 5244 una,
2172 5180 2343 5235 Deum

800 5269 893 5339 qui
922 5283 1084 5339 super
1115 5270 1294 5323 omnia
1322 5277 1406 5323 est
1434 5269 1689 5329 celebrat.
1722 5269 1891 5339 Cujus
1922 5270 2220 5324 ministerio
2250 5268 2342 5321 Fi-

802 5363 911 5417 lius
956 5376 1015 5415 se
1040 5358 1189 5415 Patri
1238 5361 1474 5431 psallere
1501 5360 1788 5415 conﬁtetur
1817 5363 2043 5417 dicens:
2077 5379 2096 5411 ι
2128 5361 2258 5415 Nam
2290 5367 2344 5415 et

798 5466 904 5522 ego
931 5450 1225 5506 conﬁtebor
1256 5452 1353 5505 tibi
1382 5452 1439 5505 in
1468 5452 1611 5506 vasis
1636 5452 1831 5520 psalmi
1856 5453 2135 5507 veritatem
2167 5460 2337 5515 tuam,

802 5540 963 5595 Deus.
999 5560 1019 5592 ι
1054 5538 1175 5595 Non
1203 5541 1343 5595 ultra
1378 5543 1522 5597 enim
1553 5540 1774 5611 ﬁguras,
1806 5557 1919 5598 non
1946 5542 2189 5605 umbras,
2234 5557 2346 5597 non

803 5632 1046 5700 symbola
1079 5630 1259 5699 qualia
1290 5633 1431 5701 apud
1460 5632 1695 5704 Moysem
1726 5642 1900 5697 erant,
1946 5620 2039 5689 sed
2068 5634 2346 5688 veritatem

911 5812 925 5837 '
958 5796 1151 5880 Philip;
1179 5825 1239 5877 ιι,
1270 5810 1303 5865 9
1383 5811 1401 5842 '
1422 5808 1564 5867 Psal.
1596 5825 1717 5878 cxv,
1754 5811 1842 5866 12.

2445 4644 2573 4711 γοῦν
2613 4659 2697 4705 τις
2741 4642 2814 4703 ὡς
2844 4642 2900 4693 ὲν
2935 4639 3228 4712 παραθέσει
3260 4638 3540 4710 σύγκρισιν
3566 4642 3851 4711 ποιήσοιτο
3887 4637 3997 4690 τῶν

2445 4734 2611 4786 πάλαι
2657 4732 2806 4803 παρὰ
2842 4732 3107 4794 Ἰουδαίοις
3134 4732 3453 4800 σωματικῶν
3498 4732 3741 4803 ὀργάνων
3768 4729 3828 4793 ἐξ
3854 4728 3995 4798 ἀψύ-

2444 4841 2552 4893 χων
2602 4823 2802 4895 χορδῶν
2852 4822 3383 4891 κατεσκευασμένων,
3413 4824 3595 4891 φωνήν
3629 4838 3688 4873 τε
3730 4819 3997 4891 ἀναρθρον

2448 4912 2798 4983 ὲξηχούντων,
2826 4913 2919 4966 καὶ
2945 4912 3053 4965 τῶν
3077 4914 3134 4965 ὲν
3158 4915 3221 4983 τῇ
3251 4911 3484 4981 Χριστοῦ
3519 4909 3809 4980 Ἐκκλησία
3822 4910 3885 4963 ὲκ
3909 4910 3997 4963 λο-

2448 5006 2616 5071 γικῶν
2642 5005 2825 5076 ψυχῶν
2855 5002 3315 5073 ἀναπεμπομένων
3348 5002 3528 5071 ὓμνων
3562 4998 3639 5070 τῷ
3671 4998 3806 5069 Θεῷ,
3846 5000 3997 5055 οὐδὲν

2446 5093 2510 5147 ἂν
2559 5093 2711 5166 εὕροι·
2746 5097 2944 5165 ὅμοιον.
2980 5093 3182 5157 Παντὸς
3222 5092 3329 5162 γάρ
3370 5090 3646 5161 κρείττονα
3687 5092 3997 5167 σωματικοῦ

2446 5183 2739 5256 ψαλτηρίου
2785 5184 3036 5254 τυγχάνει
3084 5184 3153 5238 τὰ
3198 5181 3374 5252 πλήθη
3397 5180 3465 5233 τά
3495 5180 3612 5233 καθ’
3639 5180 3765 5251 ὅλης
3794 5182 3891 5249 τῆς
3920 5184 3992 5233 οξ-

2449 5274 2717 5343 κουμένης
2743 5274 3028 5345 συμφωνίᾳ
3054 5276 3151 5343 μιᾷ
3171 5274 3263 5325 καὶ
3290 5271 3519 5342 ἁρμονίᾳ
3548 5273 3636 5327 τὸν
3666 5274 3758 5326 ἐπὶ
3782 5273 3998 5325 πάντων

2449 5363 2577 5417 Θεὸν
2602 5366 2894 5437 ὑμνοῦντα,
2928 5367 2993 5420 δι’
3011 5359 3084 5419 ὧν
3111 5368 3139 5419 6
3168 5364 3293 5424 Υἱὸς
3322 5380 3399 5432 τῳ
3420 5366 3591 5435 Πατρὶ
3620 5363 3837 5432 ψάλλειν
3864 5365 3996 5431 ὁμο-

2444 5452 2591 5523 λογεῖ
2622 5458 2873 5526 φάσκων·
2908 5477 2926 5509 ι
2954 5458 3065 5513 Καὶ
3113 5456 3222 5525 γὰρ
3266 5454 3375 5517 ἐγὼ
3415 5452 3871 5525 ὲξομολογήσομαί
3914 5468 3998 5504 σοι

2446 5544 2505 5595 ιν
2530 5546 2751 5599 σκεύεσι,
2765 5546 2983 5617 ψαλμοῦ
3001 5547 3101 5615 τὴν
3127 5543 3380 5615 ἀλήθειάν
3404 5561 3519 5607 σου,
3544 5545 3574 5597 6
3597 5543 3781 5606 Θεὸς.»
3799 5540 3999 5595 οὐκέτι

2446 5634 2556 5707 γᾴρ
2578 5634 2798 5700 τύπους,
2815 5636 2934 5690 οὐδὲ
2966 5634 3120 5699 σκιάς
3147 5634 3238 5690 καὶ
3265 5626 3627 5705 σύμϐολα,οῆ
3652 5629 3719 5702 ἦν
3747 5629 3815 5717 τά
3846 5629 3996 5700 παρά
