4300 6450
290 483 392 540 789

1406 477 1906 538 COMMENTARIA
1940 476 2005 532 1N
2045 475 2379 532 PSALMOS.

3403 483 3502 537 790

287 601 524 661 Μωῦσεῖ,
553 600 650 669 τὴν
701 600 755 651 δὲ
802 599 1056 670 ἀλήθειαν
1096 601 1193 671 τὴν
1244 601 1340 671 σὴν
1372 604 1706 672 παραστήσω
1735 603 1846 662 τοῖς
1869 603 1920 658 Α
1948 605 1985 650 ιι

1820 617 1846 662 ς
1869 603 1920 658 Α
1948 605 2095 650 tuam
2128 595 2437 648 hominibus
2470 592 2780 658 declarabo,
2809 601 2863 647 et
2897 612 2916 644 ι
2948 595 3174 662 psallam
3206 596 3302 650 tibi
3338 596 3391 649 in
3425 585 3516 650 ci?

283 689 605 759 ἀνθρώποις,
631 693 723 743 καὶ
771 691 967 760 «eam
1018 709 1096 744 σοι
1143 693 1199 743 ὲν
1244 692 1462 763 κιθάρα,
1492 696 1519 745 6
1558 695 1707 762 ἆγιος
1750 693 1841 746 τοῦ

299 785 542 853 Ἰσραήλο
575 804 592 835 ›
633 784 664 854 ἢ
699 786 838 838 κατὰ
875 786 965 838 τὸν
1005 785 1250 848 Ἀκύλαν,
1292 805 1308 836 ι
1336 787 1640 856 Μελῳδήσω
1671 805 1752 840 σοι
1787 791 1842 841 ὲν

283 875 500 948 κιθάρᾳ,
534 877 653 944 ἅγιε
698 877 926 947 Ἰσραήλ.
968 896 984 927 ι
1008 875 1161 929 Ἀλλὰ
1195 878 1285 929 καὶ
1322 896 1339 927 ι
1367 878 1746 945 άγαλλιάσεται
1773 878 1843 932 τὰ

283 967 431 1037 χείλη
467 986 590 1037 μου,
617 969 742 1021 ὅταν
771 967 923 1036 ψαλῶ
958 984 1038 1019 σοι
1061 985 1073 996 ⁸
1109 987 1126 1019 ι
1157 968 1189 1037 ἢ
1224 967 1362 1020 κατὰ
1394 968 1484 1020 τὸν
1528 968 1837 1039 Σύμμαχον,

286 1079 306 1110 ‹
334 1058 653 1130 Εὑφημήσει
687 1058 752 1111 τὰ
783 1059 934 1127 χείλη
973 1076 1096 1128 μου,
1133 1059 1257 1112 ὅταν
1297 1059 1587 1129 μελῳδήσω
1616 1076 1714 1122 σοι,
1747 1062 1840 1113 καὶ

280 1153 315 1218 ἡ
340 1150 484 1220 ψυχή
516 1169 638 1220 μου,
666 1150 731 1219 ἢν
763 1149 1197 1220 ἑλυτρὼσω.Ἔτι
1224 1150 1279 1201 δὲ
1312 1151 1457 1218 καὶὴ
1491 1149 1708 1218 γλῶσσά
1737 1167 1836 1219 μου

283 1239 574 1308 μελητήσει
616 1239 741 1306 ὃλην
784 1238 880 1308 τὴν
923 1239 1134 1309 ἡμέραν
1173 1239 1267 1310 τὴν
1299 1238 1640 1307 δικαιοσύνην
1668 1255 1779 1290 σου.
1816 1259 1833 1291 ι

280 1328 448 1399 Χείλη
475 1329 529 1382 δὲ
563 1330 653 1380 καὶ
682 1328 929 1396 γλῶσσαν
956 1328 1118 1382 αὑτοῦ
1147 1328 1455 1399 μελετῶσαν
1497 1327 1608 1398 τὴν
1639 1328 1840 1380 δικαιο-

279 1421 448 1490 σύνην
467 1420 558 1472 τοῦ
585 1420 796 1493 Πατρὸς
823 1421 920 1473 οὐκ
957 1421 1022 1474 ἂν
1064 1421 1324 1490 ἁμάρτοις
1358 1419 1522 1472 εἰπὼν
1547 1419 1668 1482 τοὺς
1693 1421 1748 1471 ὲν
1772 1423 1836 1489 τῇ

293 1511 584 1582 Ἐκκλησία
611 1513 770 1564 αὑτοῦ
797 1514 1024 1582 ἀσκήσει
1041 1512 1195 1566 θείων
1219 1512 1388 1580 λόγων
1414 1511 1636 1573 ἑαυτοὺς
1659 1512 1842 1563 ἀνατε-

279 1603 547 1664 θεικότας.
592 1605 700 1656 Καὶ
743 1603 911 1658 ταῦτα
960 1606 1152 1668 πάντα,
1199 1604 1350 1672 φησι,
1399 1603 1624 1672 ποιήσω,
1668 1621 1685 1652 ι
1715 1602 1840 1654 ὅταν

279 1694 604 1763 αἰσχυνθῶσι
653 1697 745 1748 καὶ
791 1697 1128 1767 ὲντραπῶσιν
1177 1698 1225 1748 οἰ
1274 1694 1557 1764 ζητοῦντες
1596 1694 1664 1746 τά
1696 1693 1841 1746 κακά

282 1804 400 1855 μοι·
435 1806 452 1837 ι
486 1786 517 1856 ἢ
546 1786 683 1839 κατὰ
708 1787 797 1840 τὸν
823 1788 1134 1858 Σύμμαχον,
1175 1787 1329 1839 (Ὅτι
1371 1785 1838 1858 κατῃσχύνθησαν,

278 1880 314 1949 ἢ
348 1879 427 1930 ὅτι
456 1879 822 1948 άπωρύγησαν
851 1881 900 1932 οἰ
932 1878 1216 1950 ζητοῦντες
1245 1877 1345 1949 τὴν
1373 1878 1610 1932 κάκωσιν
1646 1896 1777 1948 μου·
1817 1897 1834 1929 ι

1952 689 2126 752 thara,
2170 694 2392 742 sanctus
2438 684 2620 739 Israel.
2657 705 2674 736 ι
2721 685 2844 740 Sive
2881 689 3181 741 secundum
3231 688 3499 758 Aquilam,

1957 798 1974 829 ι
2008 777 2325 831 Modulabor
2369 777 2467 831 tibi
2518 776 2572 829 in
2612 776 2840 840 cithara,
2887 784 3074 830 sancte
3108 776 3296 832 lsrael.
3338 798 3356 830 ι
3397 776 3500 832 Sed

1949 869 2112 922 etiam
2174 869 2569 923 «exsultabunt
2630 867 2771 922 labia
2830 882 2982 932 mea,
3036 882 3158 920 cum
3215 877 3502 922 cantavero

1948 961 2078 1026 tibi;
2113 981 2130 1012 ι
2165 960 2279 1015 sive
2313 959 2610 1014 secundum
2643 958 3044 1029 Symmachum,
3079 976 3097 1008 ι
3129 957 3494 1014 Celebrabunt

1948 1047 2088 1100 labia
2138 1062 2255 1101 mea
2306 1061 2430 1100 cum
2485 1046 2802 1100 modulabor
2851 1046 2967 1111 tibi,
3023 1055 3075 1100 et
3131 1046 3310 1099 anima
3360 1061 3499 1108 mea,

1946 1151 2110 1205 quam
2142 1135 2437 1206 redemisti.
2473 1133 2577 1187 Sed
2609 1141 2660 1188 et
2703 1134 2882 1204 lingua
2912 1149 3026 1187 mea
3062 1141 3174 1187 tota
3199 1133 3286 1188 die
3328 1135 3499 1188 medi-

1946 1225 2152 1279 tabitur
2178 1224 2442 1295 justitiam
2488 1231 2658 1277 tuam.
2692 1243 2710 1276 ι
2747 1223 2910 1278 Labia
2955 1231 3131 1278 autem
3166 1232 3219 1278 et
3263 1224 3501 1293 linguam

1946 1317 2065 1385 ejus
2095 1316 2446 1371 meditantem
2482 1315 2750 1384 justitiam
2779 1314 2981 1379 Patris,
3021 1330 3128 1369 non
3163 1315 3500 1390 aberraveris

1947 1408 1993 1461 si
2028 1407 2179 1463 dicas
2210 1422 2304 1461 eos
2352 1422 2472 1462 esse
2501 1408 2593 1475 qui
2641 1407 2696 1460 in
2741 1405 2982 1462 Ecclesia
3023 1408 3193 1476 ipsius
3235 1409 3502 1463 exercita-

1947 1497 2080 1550 tioni
2112 1496 2307 1550 divina
2343 1495 2636 1566 Scriptura
2677 1513 2798 1554 sese
2837 1508 3253 1556 consecrarunt.
3288 1499 3352 1554 Et
3383 1501 3500 1556 hac

1944 1585 2145 1650 omnia,
2180 1586 2375 1655 inquit,
2422 1587 2639 1652 faciam,
2694 1606 2711 1638 ι
2748 1604 2872 1642 cum
2924 1588 3134 1644 confusi
3178 1597 3235 1645 et
3281 1592 3500 1654 reveriti

1947 1676 2147 1731 fuerint
2179 1677 2271 1746 qui
2307 1685 2560 1745 quarunt
2593 1678 2735 1731 mala
2777 1677 2944 1745 mihi;
2976 1698 2996 1730 ι
3036 1680 3172 1745 sive,
3201 1681 3500 1737 secundum

1949 1765 2352 1835 Symmachum,
2392 1783 2409 1816 ι
2439 1763 2576 1829 Quia
2608 1764 2822 1820 confusi
2859 1775 3009 1832 sunt,
3043 1775 3137 1823 aut
3164 1770 3292 1841 quia
3321 1768 3494 1826 effossi

1948 1864 2074 1912 sunt
2104 1856 2195 1926 qui
2218 1862 2465 1926 quarunt
2487 1854 2828 1910 aﬂlictionem
2851 1871 3047 1921 meam,
3080 1878 3100 1910 ι
3134 1860 3272 1926 sive,
3305 1876 3470 1916 seculi

277 1970 316 2038 ἢ
350 1970 488 2021 κατὰ
515 1970 602 2021 τὸν
635 1969 882 2032 Ἀκύλαν,
907 1971 1056 2023 ("Ott
1087 1969 1532 2040 κατησχύνθησαν
1553 1971 1600 2022 οἰ
1623 1968 1844 2040 ζητοῦν·
1874 1951 1915 2005 Β
1945 1955 1975 2008 d

1795 1987 1844 2021 ν-
1874 1951 1915 2005 Β
1945 1955 2072 2008 dum
2116 1954 2388 2023 Aquilam,
2445 1951 2630 2019 «Quia
2681 1951 2893 2007 confusi
2939 1963 3067 2007 sunt
3112 1955 3207 2024 qui
3251 1971 3493 2025 quarun.

282 2076 374 2121 τες
418 2062 612 2111 κακίαν
662 2078 778 2129 μου.
810 2080 826 2111 ι
862 2061 1095 2131 Πάρεστι
1129 2060 1182 2113 δὲ
1217 2061 1306 2114 καὶ⁵
1335 2061 1505 2114 ταῦτα
1538 2060 1680 2130 ἔργῳ
1711 2061 1847 2130 πλη-

282 2151 519 2220 ρούμενα
551 2151 802 2221 θεωρεῖν·
845 2152 1154 2222 ἁπανταχοῦ
1187 2153 1294 2221 γάρ
1337 2153 1438 2222 γῆς
1475 2151 1582 2204 τῶν
1621 2152 1846 2220 Ἐκκλη-

281 2243 412 2294 σιῶν
447 2241 537 2294 τοῦ
573 2245 818 2314 Σωτῆρος
863 2245 958 2314 τὴν
997 2244 1335 2315 δικαιοσύνην
1362 2243 1452 2296 τοῦ
1482 2243 1613 2296 Θεοῦ
1647 2243 1844 2314 διεξερ-

279 2336 541 2404 χομένων,
570 2337 662 2387 καὶ
695 2337 856 2390 αὑτοῦ
898 2337 953 2389 δὲ
997 2337 1160 2403 σκεύη
1191 2335 1443 2404 ἐκλογῆς,
1477 2329 1563 2388 οἷα
1595 2334 1845 2405 προλελε-

278 2443 423 2491 κται,
460 2428 552 2480 καὶ
598 2428 800 2498 ὄργανα
833 2428 1023 2496 λογικὰ
1048 2427 1124 2498 τῷ
1149 2428 1324 2498 Πασιὲρί⁵
1369 2427 1840 2497 καταρτιζομὲνου,

275 2516 637 2587 ἀνυμνοῦντὸς
671 2538 728 2572 τε
761 2521 847 2573 άεί
875 2521 940 2573 δι’
967 2521 1143 2574 αὐτῶν
1171 2522 1260 2573 τὸν
1307 2521 1397 2573 ἐπὶ
1443 2521 1659 2573 πάντων
1690 2519 1839 2584 Θεὸν,

276 2609 538 2680 αἰσχύνην
564 2612 973 2681 περιϐάλλονται
1017 2615 1065 2665 οἰ
1105 2613 1289 2683 ἐχθροὶ
1321 2611 1482 2665 αὑτοῦ
1502 2630 1514 2641 ο
1547 2611 1843 2680 ὲνετράπη-
1914 2660 1917 2664 .

280 2701 380 2753 σάν
404 2719 460 2753 τε
487 2703 578 2755 καὶ
599 2704 941 2773 ἐντρέπονται
965 2706 1012 2755 οἰ
1049 2703 1330 2773 ζητοῦντες
1362 2703 1509 2772 αὐτῷ
1543 2701 1704 2755 κακά.
1739 2697 1841 2755 Οὗ-

275 2807 359 2844 τοι
376 2792 434 2844 δέ
459 2795 592 2845 εἰσιν
609 2796 657 2846 οἰ
679 2795 990 2863 θηρεύοντες
1020 2798 1114 2864 μὲν
1138 2796 1312 2855 πάσας
1333 2795 1646 2864 προφάσεις,
1663 2793 1844 2864 ὕϐρεις

255 2896 337 2930 ατε
367 2882 460 2934 καὶ
491 2881 757 2946 διαϐολὰς,
795 2885 885 2936 καὶ
921 2884 1263 2952 βλασφημίας
1298 2886 1415 2935 κατ’
1440 2882 1600 2936 αὑτοῦ
1631 2901 1844 2953 περινο-

277 2969 484 3036 οῦντες,
523 2973 788 3044 μηδεμίαν
833 2975 889 3027 δὲ
922 2976 1259 3045 εὑρίσκοντες
1303 2974 1556 3026 ὑπόθεσιν
1575 2974 1840 3045 διαϐολῆς,

282 3062 418 3132 μήτε
450 3064 569 3115 κατ’
592 3064 774 3128 αὑτοῦ,
809 3066 940 3135 μήτε
966 3066 1065 3134 τῆς
1099 3066 1416 3136 Ἐκκλησίας
1439 3065 1620 3119 αὑτοῦ.
1641 3066 1728 3118 Διὸ
1750 3084 1844 3119 κα-

277 3153 561 3222 ταχέονται
587 3156 842 3226 αἰσχύνην
877 3158 968 3208 καὶ
1001 3159 1347 3226 ἐντρέπονται
1388 3158 1522 3226 πρὸς
1556 3157 1615 3208 τὸ
1646 3159 1840 3226 μηκέτι

283 3243 451 3312 μηδὲν
499 3243 698 3313 τολμᾷν
749 3243 994 3314 διαϐολῆς
1035 3246 1179 3308 ἄξων
1211 3244 1504 3297 ἐπικαλεῖν.
1541 3246 1649 3296 Καὶ
1675 3244 1841 3296 ταῦτα
1871 3281 1911 3336 C

279 3333 459 3386 πάντα
502 3333 645 3404 ἔργῳ
694 3335 985 3406 πληροῦται
1019 3336 1318 3405 συμφώνως
1347 3339 1412 3406 τῇ
1449 3335 1728 3406 φασκούσῃ
1755 3335 1841 3387 διὰ

277 3423 389 3476 τῶν
413 3425 784 3494 προκειμένων
816 3426 1112 3496 προφητείᾳ
1130 3445 1141 3457 ·
1181 3446 1197 3476 ‹
1215 3429 1376 3479 Ὅταν
1400 3426 1725 3495 αἰσχυνθῶσι
1749 3428 1841 3478 καὶ

277 3514 619 3584 Ητραπῶσιν
667 3517 716 3566 οἱ
769 3514 1048 3583 ζητοῦντες
1081 3517 1147 3568 τὰ
1179 3518 1320 3569 κακά
1356 3534 1463 3586 μου.
1495 3536 1512 3566 ι
1551 3517 1680 3567 Τότε
1712 3515 1837 3584 γὰρ,

279 3606 464 3673 φησὶν,
490 3606 613 3658 ὅταν
643 3607 691 3657 οἰ
720 3605 898 3676 ἐχθροὶ
923 3607 1400 3678 καταισχύνωνται,
1428 3605 1537 3673 ἐγὼ
1557 3605 1711 3677 ψαλῶ
1734 3623 1838 3670 σοι,

278 3696 376 3748 καὶ
407 3694 866 3767 ἐξομολογησομαί
914 3715 992 3750 σοι
1040 3698 1117 3768 τῷ
1160 3697 1393 3768 ἐμαυτοῦ
1442 3697 1758 3767 Πατρί.Ἐτι
1784 3698 1840 3749 δὲ

279 3788 377 3839 καὶ
415 3805 432 3838 ι
463 3790 494 3858 ἡ
531 3783 752 3854 γλῶσσά
787 3807 885 3859 μου
920 3791 1046 3860 ὅλην
1075 3790 1172 3860 τὴν
1201 3790 1412 3861 ἡμέραν
1437 3789 1841 3858 μελητήσειτῦπυ

278 3875 622 3946 δικαιοσύνην
659 3895 769 3932 σου.
801 3895 821 3930 ι

708 3989 814 4042 ΕΙΣ
843 3990 1253 4043 ΣΟΛΟΜΩΝΤΑ
1292 3990 1388 4041 OA'
1400 4030 1411 4042 .

360 4098 380 4132 ι
401 4079 458 4132 Ὀ
489 4079 713 4145 Θεὸς,τὸ
745 4081 916 4151 κρίμα
948 4097 1040 4132 σου
1071 4081 1147 4149 τῷ
1181 4079 1384 4148 βασιλεῖ
1414 4078 1518 4140 δός.
1551 4097 1568 4128 ι
1589 4080 1650 4130 Oi
1670 4079 1841 4132 λοιποί

277 4170 378 4225 τοῦ
416 4189 435 4222 ‹
472 4171 813 4242 Σολομῶντος
856 4190 872 4220 ι
911 4171 1435 4239 ήρμὴνευσαν..Ἐστι
1459 4169 1517 4222 δὲ
1544 4171 1635 4221 καὶ
1660 4171 1842 4241 ἕτερος

277 4259 378 4314 τοῦ
410 4260 573 4313 αὑτοῦ
606 4261 664 4312 ὲν
692 4263 810 4322 ταῖς
839 4259 1003 4330 ᾠδαῖς
1034 4257 1140 4311 τῶν
1167 4258 1512 4329 ἀναϐαθμῶν,
1539 4253 1599 4313 οὗ
1623 4263 1654 4331 ἡ
1676 4262 1835 4332 ἀρχήξ

284 4368 308 4402 ε
332 4350 454 4406 Ἐὰν
489 4350 564 4419 μὴ
600 4349 799 4418 Κύριος
843 4349 1169 4421 οἰκοδομήσῃ
1213 4345 1376 4413 οἷκον,
1410 4351 1490 4413 εἰς
1521 4350 1694 4420 μάτην
1725 4353 1843 4404 ἑκο-

281 4442 486 4495 πίασαν
516 4441 563 4492 οἱ
584 4439 985 4510 οἰκοδομοῦντες
1014 4439 1193 4494 αὐτόν.
1225 4459 1243 4491 ι
1265 4441 1349 4495 Ἑν
1381 4435 1461 4504 οἷς
1492 4438 1664 4494 ἔοικεν
1690 4444 1717 4494 6
1744 4443 1838 4493 Σο-

279 4529 463 4600 λομὼν
508 4531 598 4581 ἐπὶ
629 4533 694 4599 τῇ
728 4531 1032 4599 κατασκευῇ
1081 4529 1175 4582 τοῦ
1221 4530 1388 4593 οῐκου,
1417 4530 1474 4583 ὃν
1521 4532 1737 4602 ἦγειρεν
1783 4532 1840 4582 ὲν

1946 2044 2221 2100 miseriam
2257 2059 2451 2098 meam.
2491 2063 2513 2095 ›
2545 2042 2669 2098 Hac
2704 2058 2868 2113 porro
2910 2057 3073 2113 opere
3105 2046 3375 2115 completa
3416 2045 3498 2101 vi~

1944 2137 2071 2191 dere
2113 2137 2255 2191 licet.
2313 2135 2446 2188 Nam
2499 2151 2622 2190 cum
2677 2136 2877 2205 ubique
2925 2143 3192 2191 terrarum
3245 2135 3500 2193 Ecclesia

1946 2227 2250 2281 Servatoris
2266 2226 2536 2294 justitiam
2561 2225 2653 2280 Dei
2687 2235 2967 2289 enarrem.
2994 2228 3216 2298 ipseque
3239 2225 3499 2284 Servator

1945 2330 2070 2370 vasa
2098 2315 2400 2378 electionis,
2437 2317 2616 2384 qualia
2652 2331 2816 2384 supra
2856 2318 3001 2370 dicta
3033 2327 3179 2384 sunt,
3216 2326 3270 2373 et
3300 2320 3498 2375 instru-

1943 2415 2121 2461 menta
2137 2407 2476 2460 rationabilia
2497 2404 2962 2476 Patri-praparet,
2987 2424 3305 2480 semperque
3333 2411 3498 2466 Deum

1942 2499 2034 2568 qui
2068 2514 2232 2567 supra
2278 2500 2457 2551 omnia
2502 2507 2584 2554 est
2621 2501 2687 2555 iis
2736 2501 3098 2566 concelebret,
3130 2502 3334 2554 inimici
3376 2502 3499 2570 ejus

1943 2589 2263 2644 confusione
2293 2588 2614 2654 induuntur,
2669 2607 2731 2646 ac
2775 2592 2987 2648 confusi
3031 2601 3084 2648 et
3125 2593 3340 2647 reveriti
3373 2604 3498 2648 sunt

1942 2681 2036 2750 qui
2073 2690 2322 2750 quarunt
2377 2683 2478 2750 ipsi
2522 2683 2681 2737 mala.
2730 2682 2793 2736 Hi
2829 2699 2958 2739 vero
3003 2692 3149 2748 sunt,
3184 2684 3275 2752 qui
3308 2699 3497 2738 omnes

1943 2774 2256 2828 occasiones
2302 2781 2591 2836 venantur,
2650 2776 3030 2841 contumelias,
3088 2775 3389 2830 calumnias
3445 2781 3500 2829 et

1944 2863 2306 2932 blasphemias
2336 2869 2523 2916 contra
2550 2877 2674 2917 eum
2715 2865 3042 2934 excogitant,
3072 2849 3386 2933 nullamque
3413 2881 3498 2920 re-

1945 2955 2158 3024 periunt
2192 2955 2273 3008 vel
2313 2956 2366 3008 in
2405 2957 2582 3025 ipsum
2630 2955 2712 3009 vel
2753 2955 2807 3007 in
2857 2954 3150 3008 Ecclesiam
3183 2955 3355 3023 ipsius
3405 2968 3500 3007 ca-

1945 3047 2162 3100 lumnia
2193 3061 2434 3102 causam.
2467 3046 2644 3111 Quare
2674 3047 2880 3117 pudore
2919 3044 3301 3101 suffunduntur
3327 3051 3382 3098 et
3409 3059 3496 3099 re-

1946 3144 2219 3202 verentur,
2266 3136 2414 3208 quod
2463 3137 2606 3190 ultra
2651 3152 2759 3191 non
2806 3137 3040 3190 audeant
3085 3134 3363 3205 quidpiam
3406 3148 3497 3186 ca-

1945 3231 2164 3285 lumnia
2192 3230 2456 3302 proferre.
2490 3231 2554 3284 Et
2590 3233 2702 3286 hac
2725 3233 2908 3287 omnia
2939 3247 3100 3302 opere
3136 3230 3493 3301 complentur,

1945 3323 2243 3376 secundum
2290 3324 2627 3393 prophetiam
2668 3338 2787 3393 qua
2842 3325 2897 3377 in
2951 3308 3373 3392 pracedentibus
3417 3323 3496 3376 sic

1942 3412 2124 3475 habet,
2159 3431 2176 3462 ‹
2202 3410 2336 3465 Cum
2385 3411 2600 3466 confusi
2634 3417 2688 3467 et
2735 3411 2954 3466 reveriti
2993 3410 3194 3466 fuerint
3225 3411 3318 3480 qui
3359 3425 3498 3479 qua»

1941 3509 2069 3554 runt
2102 3501 2242 3554 mala
2271 3500 2422 3553 mihi.
2457 3519 2474 3550 ι
2507 3498 2658 3552 Tunc
2693 3500 2861 3563 enim,
2891 3499 3087 3569 inquit,
3122 3511 3246 3551 cum
3287 3499 3495 3551 inimici

1941 3587 2360 3650 confundentur,
2392 3600 2492 3656 ego
2531 3586 2754 3656 psallam
2787 3587 2905 3651 tibi,
2946 3587 3152 3656 tibique
3179 3583 3325 3638 Patri
3375 3599 3495 3639 meo

1941 3676 2257 3730 confitebor.
2288 3674 2622 3746 lnsuperque
2667 3695 2684 3726 ‹
2713 3677 2894 3757 lingua
2927 3691 3046 3731 mea
3075 3683 3184 3730 tota
3211 3673 3299 3728 die
3328 3674 3494 3729 medi-
3520 3663 3531 3674 ’

1942 3767 2144 3820 labitur
2174 3767 2441 3836 justitiam
2465 3774 2632 3820 tuam.
2669 3789 2684 3818 ι

2337 3971 2404 4026 IN
2437 3969 2852 4025 SALOMONEM
2883 3946 3098 4024 Lxxrf

2013 4063 2174 4120 Vens.
2206 4066 2256 4128 l‘,
2281 4064 2334 4119 2.
2381 4083 2396 4114 ι
2430 4063 2569 4118 Deus
2599 4062 2862 4131 judicium
2897 4063 3189 4131 tuum'regi
3224 4061 3312 4131 da.
3345 4080 3362 4113 ι
3399 4061 3496 4117 Re-

1943 4154 2094 4222 liqui,
2145 4174 2162 4206 ι
2195 4153 2521 4220 Salomonis,
2554 4173 2584 4206 ι-
2607 4153 2943 4222 interpretati
2993 4159 3140 4208 sunt.
3179 4151 3272 4208 Est
3316 4161 3494 4207 autem

1942 4254 1997 4300 et
2025 4247 2163 4300 alius
2192 4245 2432 4314 ejusdem
2487 4228 2812 4300 inicanticis
2850 4244 3135 4314 graduum,
3187 4244 3344 4312 cujus
3384 4244 3493 4297 ini-

1944 4336 2075 4388 tium
2103 4353 2115 4390 :
2146 4353 2163 4385 ί
2195 4334 2309 4390 Nisi
2355 4335 2618 4391 Dominus
2659 4333 3006 4389 adiﬁcaverit
3035 4334 3278 4398 domum,
3320 4333 3376 4386 in
3406 4349 3496 4386 va-

1943 4441 2072 4479 num
2121 4425 2508 4482 laboraverunt
2536 4425 2643 4498 qui
2689 4425 2960 4479 adiﬁcant
2998 4440 3115 4480 eam
3141 4425 3181 4479 ⁸.
3216 4445 3233 4476 ι
3263 4425 3341 4478 Ex
3374 4429 3494 4496 qui«

1942 4518 2043 4573 bus
2077 4517 2292 4574 videtur
2339 4505 2684 4573 Salomonem
2733 4515 2788 4568 in
2833 4499 3239 4570 constructione
3279 4515 3494 4581 domus,

296 4597 703 4692 Ἱεροσολύμοις,
733 4621 951 4691 ,πρῶτος
990 4597 1149 4684 αὐτὸς
1192 4597 1627 4692 οἰκοδομήσας-τὸ
1647 4597 1838 4674 ἀὐτόθι
1870 4609 1915 4664 Ῑ)
1942 4626 1994 4680 ql

1798 4621 1838 4674 δι
1870 4609 1915 4664 D
1942 4625 2104 4680 quam
2167 4597 2424 4665 excitavit
2466 4610 2523 4663 in
2569 4607 2901 4671 Jerusalem,
2949 4621 3075 4660 nam
3131 4607 3246 4676 ipse
3288 4607 3496 4676 primus

288 4712 452 4782 ἱερὸν,
485 4711 582 4780 τὴν
630 4711 768 4780 ᾠδὴν
817 4712 1162 4782 πεποιῆσθαι,
1195 4713 1546 4766 διδάσκουσαν
1593 4713 1727 4782 μόνα
1776 4711 1844 4764 τά

282 4799 379 4854 τοῦ
409 4800 544 4852 Θεοῦ
576 4800 974 4877 οἰκοδομήματα
1020 4800 1336 4864 διαιωνίζειν
1357 4817 1370 4831 ο
1401 4801 1466 4853 τὰ
1493 4800 1599 4870 γὰρ
1639 4797 1843 4876 άνθρώ-

289 4907 416 4964 πινα
462 4891 636 4961 καιρῷ
670 4889 1051 4943 συνίστασθαιο
1095 4890 1124 4943 ὃ
1166 4890 1228 4960 δὴ
1274 4892 1365 4942 καὶ
1397 4890 1570 4958 ἀπέϐη
1615 4888 1708 4940 ἐπὶ
1744 4888 1844 4956 τῆς

286 4979 451 5032 αὑτοῦ
494 4979 778 5049 οἰκοδομῆς
800 4996 812 5008 ο
850 4977 948 5030 οὐκ
978 4979 1056 5039 εἰς
1089 4979 1298 5048 μακρὸν
1328 4977 1455 5044 γοῦν
1493 4979 1521 5028 6
1565 4977 1655 5028 ὑπ’
1681 4972 1842 5027 αὐτοῦ

287 5069 740 5133 κατασκευασθεὶς
776 5070 909 5132 νεὼς
961 5069 1062 5120 ὑπὸ
1099 5069 1448 5124 Βαϐυλωνίων
1478 5067 1842 5137 κατελύθη.Ἡ

285 5159 343 5211 δὲ
371 5161 506 5228 μετὰ
526 5163 711 5230 χεῖρας
738 5160 1036 5231 προφητεία
1066 5158 1172 5211 εἴτε
1204 5163 1282 5221 εἰς
1308 5162 1466 5213 αὐτὸν
1492 5159 1735 5212 λέλεκται
1753 5160 1842 5212 τὸν

287 5249 623 5318 Σολομῶντα,
648 5251 757 5303 εἴτε
783 5253 944 5304 αὑτοῦ
977 5254 1089 5303 ἐστι
1108 5251 1245 5302 κατὰ
1271 5253 1397 5314 τοὺς
1429 5253 1641 5313 λοιποὺς
1674 5253 1843 5322 ἑρμητ

285 5339 478 5401 νευτάς
497 5354 510 5370 ο
541 5341 590 5392 οἰ
619 5340 761 5407 λόγοι
793 5343 974 5412 ἕτερόν
1015 5359 1136 5395 τινα
1183 5343 1483 5410 παριστῶσι
1509 5344 1841 5413 προφητευό-

295 5446 473 5498 μενον.
512 5431 602 5482 Διὸ
635 5429 758 5483 οὔτε
783 5432 1011 5503 ψαλμὺς,
1046 5433 1165 5487 οὔτε
1197 5432 1328 5502 ᾠδὴ,
1356 5432 1476 5484 οὔτε
1504 5433 1689 5502 ὕμνος,
1720 5434 1842 5487 οὒτε

290 5532 342 5569 τι
363 5516 575 5581 τούτοις,
591 5520 963 5590 παραπλήσιον
991 5523 1406 5592 ἐπιγέγραπται.
1424 5522 1560 5575 Ἀλλ’
1582 5522 1694 5575 ἐστι
1720 5542 1845 5594 πρίν

292 5606 486 5678 φητεία
518 5606 839 5671 θεσπίζουσα
869 5613 1300 5685 άναφανήσεσθαί
1321 5628 1440 5666 τινα
1465 5615 1522 5665 ὲν
1543 5613 1844 5684 ἀνθρώποις

292 5700 535 5767 πενήτων
583 5699 677 5750 καὶ
725 5701 954 5770 πτωχῶν
1005 5704 1240 5775 σωτῆρα,
1275 5704 1367 5759 καὶ
1407 5704 1590 5758 τοῦτον
1642 5706 1844 5760 ἄνωθέν

365 5847 551 5905 'Psal.
583 5867 763 5916 cam,
808 5857 857 5909 ι,
951 5852 954 5854 ’

1943 4702 2200 4771 templum
2246 4701 2357 4754 illic
2416 4700 2703 4769 exstruxit,
2751 4699 2854 4754 hoc
2897 4699 3169 4753 canticum
3211 4698 3492 4754 edidisse:

1943 4812 2052 4866 quo
2081 4784 2357 4859 docemur,
2407 4793 2522 4848 sola
2569 4793 2662 4847 Dei
2691 4793 2918 4848 aediﬁcia
2973 4803 3233 4849 atemum
3283 4810 3496 4864 perma-

1945 4903 2103 4951 nere;
2139 4869 2374 4938 bumana
2420 4885 2622 4955 quippe
2656 4901 2756 4956 pro
2802 4894 3045 4953 tempore
3091 4887 3263 4940 solum
3310 4888 3495 4940 consi-

1945 4984 2094 5034 stunt
2122 4994 2134 5028 :
2158 4974 2301 5043 quod
2332 4975 2494 5029 etiam
2529 4975 2583 5029 in
2612 4976 2731 5044 ejus
2772 4977 3136 5032 exstructione
3170 4961 3345 5030 actum
3378 4985 3495 5042 est;

1943 5084 2051 5122 non
2080 5067 2173 5120 diu
2221 5066 2363 5119 enim
2406 5077 2593 5135 postea
2623 5067 2878 5136 templum
2911 5066 2980 5120 ab
2999 5081 3064 5120 eo
3093 5066 3433 5130 adificatum,
3464 5083 3496 5121 a

1943 5157 2252 5228 Babyloniis
2299 5156 2541 5211 dirutum
2573 5156 2694 5210 fuit.
2733 5155 2978 5212 Prasens
3023 5173 3150 5212 vero
3187 5157 3488 5226 prophetia,

1945 5250 2057 5303 sive
2087 5248 2142 5300 in
2173 5246 2515 5303 Salomonem
2551 5247 2693 5300 dicta
2733 5255 2849 5312 est,
2883 5249 2996 5302 sive
3029 5247 3324 5303 secundum
3361 5249 3493 5303 reli-

1945 5353 2080 5408 quos
2103 5338 2448 5408 interpretes,
2481 5339 2654 5409 ipsius
2682 5328 2988 5394 Salomonis
3015 5345 3116 5392 est.
3145 5336 3326 5394 Series
3347 5349 3496 5394 certe

1946 5431 2212 5487 sermonis
2269 5432 2435 5485 alium
2487 5432 2794 5502 quempiam
2835 5429 3095 5485 vaticinia
3151 5431 3491 5484 enuntiatum

1944 5521 2222 5576 declarare
2273 5522 2508 5576 videtur.
2555 5520 2736 5586 Quare
2785 5536 2959 5591 neque
3003 5521 3264 5589 psalmus,
3319 5508 3494 5590 neque

1943 5612 2234 5680 canticum,
2272 5607 2444 5684 neque
2476 5613 2731 5684 hymnus.
2762 5629 2934 5683 neque
2979 5612 3254 5684 quidpiam
3292 5611 3490 5677 simiie,

1945 5701 2241 5772 inscriptus
2263 5711 2362 5768 est.
2389 5699 2493 5757 Sed
2515 5715 2598 5758 est
2610 5701 2890 5772 prophetia
2915 5701 3283 5772 pranuntians
3302 5715 3494 5770 quem-
