4300 6404
784 406 881 462 791

1438 403 1702 460 EUSEBII
1740 403 2212 461 CESARlENSlS
2248 400 2399 457 OPP.
2442 401 2618 456 PARS
2654 402 2741 457 Ill.
2782 435 2849 444 —-
2884 403 3288 463 EXECETICA.

3875 417 3980 472 792

780 522 924 586 piam
963 514 1270 568 hominibus
1301 515 1655 569 adventurum
1691 528 1985 585 pauperum
2028 522 2081 567 et
2108 515 2326 582 inopum
2356 516 2400 570 Α

2431 512 2589 565 ποθεν
2618 496 2796 584 ἡρέμα
2841 517 3241 587 καταϐήσεσθαι
3268 519 3357 571 καὶ
3381 520 3612 592 ἀψοφητί
3630 541 3645 554 ο
3680 543 3695 575 ι
3726 526 3981 600 Καταϐή-

784 611 1136 667 servatorem,
1167 604 1258 673 qui
1287 620 1349 659 ex
1383 606 1492 658 alto
1519 606 1720 659 sensim
1752 612 1805 658 et
1832 605 1948 658 sine
1979 604 2202 671 strepitu
2234 618 2325 657 ac-

782 710 1039 771 cessurus
1087 705 1216 751 est:
1259 714 1277 745 ι
1318 695 1615 751 Descendet
1662 697 1806 750 enim
1856 694 1999 748 sicut
2049 695 2228 763 pluvia
2271 694 2325 748 in

786 786 976 840 vellus.
1006 806 1025 837 ›
1057 787 1529 856 Aitquejustitiam
1564 786 1819 855 deinceps
1861 788 1916 841 in
1949 787 2177 841 adventu
2207 786 2325 854 ejus

786 876 839 929 in
860 893 1050 946 genere
1077 878 1356 932 hominum
1384 885 1719 947 versaturam
1755 898 1767 930 :
1797 879 2077 947 ipsumque
2104 892 2211 932 non
2240 876 2325 931 Ju-

785 966 909 1019 daeae
942 966 1123 1033 modo,
1167 983 1341 1037 neque
1389 967 1601 1021 duabus
1634 968 1874 1022 tribusve
1915 970 2184 1038 gentibus,
2231 969 2325 1023 sed

784 1058 1031 1111 omnibus
1078 1073 1174 1126 per
1218 1059 1404 1111 orbem
1445 1056 1862 1122 dominatur-um,
1906 1074 2093 1112 omnes
2141 1065 2326 1127 gentes

782 1148 1105 1217 subigendas
1138 1148 1240 1216 ipsi
1272 1146 1407 1211 fore,
1448 1149 1827 1203 celebrandum
1860 1149 2035 1217 ipsum
2064 1162 2185 1203 esse
2211 1163 2328 1201 om-

782 1236 959 1297 nibus,
988 1252 1095 1290 non
1126 1236 1273 1289 brevi
1314 1244 1579 1305 tempore,
1610 1236 1703 1292 sed
1734 1252 1829 1306 per
1852 1252 2009 1292 omne
2047 1238 2320 1292 saeculum.

781 1324 838 1389 In
864 1342 1073 1381 summa
1098 1326 1229 1395 quid
1272 1326 1417 1380 aliud
1456 1328 1544 1380 hic
1599 1341 1779 1381 sermo
1806 1336 2068 1390 recenset,
2098 1328 2203 1381 nisi
2246 1335 2326 1379 ta-

786 1420 884 1469 Yem
913 1432 1034 1472 esse
1062 1416 1155 1484 qui
1186 1416 1240 1469 in
1271 1418 1529 1472 vaticinio
1566 1416 1757 1491 fertur,
1789 1418 1999 1486 qualem
2031 1434 2186 1472 nemo
2220 1434 2324 1471 un-

781 1522 967 1576 quam,
992 1522 1092 1561 nec
1121 1508 1171 1559 in
1201 1505 1509 1561 Iudaeorum
1539 1515 1716 1576 gente,
1742 1522 1916 1576 neque
1940 1508 1995 1562 in
2019 1507 2140 1563 aliis
2161 1507 2326 1561 fuisse

782 1596 1137 1671 memoravit?
1166 1594 1350 1665 Neque
1370 1597 1515 1651 enim
1556 1597 1672 1665 ipse
1716 1595 1989 1660 Salomon,
2023 1612 2195 1666 neque
2225 1596 2327 1649 Da-

778 1692 889 1754 vid,
924 1706 1097 1759 neque
1121 1690 1387 1759 quispiam
1410 1706 1787 1747 successorum
1808 1693 1856 1747 is
1878 1690 2157 1746 videbatur
2181 1707 2320 1753 esse,

779 1779 953 1832 cuiea
997 1793 1116 1845 quae
1161 1777 1214 1831 in
1257 1778 1537 1847 prophetia
1586 1779 1833 1833 feruntur
1874 1780 2049 1850 aptari
2092 1782 2319 1849 possint.

780 1868 1053 1937 Perpende
1085 1867 1245 1939 igitur
1282 1885 1411 1923 num
1451 1871 1747 1938 praemissis
1780 1870 1847 1925 de
1884 1868 2187 1926 Servatoris
2230 1887 2325 1925 no-
2356 1842 2400 1900 Β

781 1961 877 2014 stri
906 1961 1154 2029 passione
1187 1959 1629 2032 praedictionibus
1652 1946 1793 2023 haec,
1825 1974 1930 2029 qua
1959 1975 2181 2029 regnum
2208 1962 2325 2030 ejus

779 2051 1128 2115 describitur,
1161 2046 1561 2118 consequenter
1588 2048 1891 2119 adjiciatur.
1924 2048 2027 2103 Par
2044 2057 2158 2104 erat
2182 2053 2327 2105 enim

779 2156 879 2196 nos
920 2157 1042 2211 qua;
1080 2141 1146 2195 ad
1186 2136 1321 2194 illud
1361 2154 1576 2209 quoque
1634 2141 1864 2196 attinent
1906 2141 2140 2198 edoceri.
2192 2144 2326 2197 Cum

780 2243 959 2287 autem
992 2232 1238 2301 plurima:
1268 2232 1564 2302 prophetia:
1588 2232 1885 2299 Christum,
1926 2236 2015 2305 qui
2040 2250 2104 2289 ex
2129 2234 2330 2290 Davide

779 2320 1043 2388 originem
1085 2319 1350 2376 ducturus
1406 2330 1544 2386 erat,
1595 2324 1956 2390 celebrarent,
2002 2326 2129 2397 quia
2183 2327 2326 2381 veri-

781 2410 955 2466 simile
972 2419 1109 2476 erat,
1131 2404 1423 2468 nonnullos
1448 2413 1515 2468 iis
1534 2412 1877 2470 Salomonem
1898 2416 2125 2471 indicari
2149 2418 2328 2486 suspi-

780 2509 1000 2558 caturos
1028 2518 1189 2565 esse;
1224 2518 1349 2556 nam
1384 2502 1431 2557 is
1465 2504 1724 2558 solus‘ex
1756 2505 1883 2563 ﬁliis
1915 2505 2131 2561 Davidis
2165 2508 2218 2561 in
2250 2523 2330 2562 re-

779 2606 886 2659 gno
913 2592 1146 2645 maxime
1174 2592 1392 2655 claruit,
1427 2590 1537 2647 Deo
1570 2593 1829 2662 templum
1854 2594 2129 2658 excitavit,
2160 2602 2212 2649 et
2242 2610 2331 2649 sa-

782 2680 985 2748 pientia
1016 2688 1240 2747 ornatus
1271 2679 1440 2736 fuisse
1479 2692 1811 2738 memoratur
1836 2703 1850 2739 :
1882 2685 2193 2740 necessario
2230 2702 2247 2735 ι
2276 2685 2330 2737 in

785 2772 1125 2826 Salomonem
1152 2791 1171 2824 ι
1205 2774 1318 2829 haec
1340 2774 1620 2844 prophetia
1644 2775 1992 2841 inscribitur;
2023 2776 2136 2832 sive
2160 2776 2331 2846 ipsius

787 2863 1093 2918 Salmonis
1141 2879 1265 2919 esse
1326 2864 1532 2934 fertur;
1586 2874 1644 2921 ut
1701 2882 1811 2921 non
1858 2868 1999 2923 ultra
2053 2876 2334 2937 putaretur

786 2954 965 3022 ipsum
995 2967 1115 3007 esse
1145 2968 1210 3006 ex
1245 2952 1465 3009 Davidis
1505 2955 1711 3010 semine
1738 2957 1831 3023 qui
1869 2956 2287 3024 exspectabatur
2316 2976 2327 3010 :

786 3058 853 3096 ex
878 3046 996 3112 ipso
1025 3043 1226 3113 quippe
1261 3042 1548 3099 Salomone
1582 3046 1723 3101 alius
1753 3055 2014 3102 venturus
2059 3055 2329 3117 speratur,

787 3141 848 3186 ut
880 3134 983 3203 ipsi
1012 3134 1337 3204 promissum
1367 3144 1467 3190 est.
1495 3134 1551 3190 Si
1575 3137 1754 3206 itaque
1781 3139 2076 3193 secundum
2110 3138 2334 3208 Septua-

787 3222 936 3291 ginta
984 3220 1341 3304 Interpretum
1386 3224 1601 3279 titulum
1651 3227 1707 3280 in
1760 3227 1934 3296 ipsum
1990 3226 2334 3282 Salomonem

788 3313 991 3367 dictum
1026 3312 1195 3369 fuisse
1222 3316 1489 3385 psalmum
1536 3318 1921 3387 intelligamus,
1956 3318 2197 3373 dicemus
2232 3318 2335 3373 uti-

789 3419 893 3473 que
944 3402 1199 3475 Spiritum
1239 3415 1511 3473 sanctum,
1557 3422 1681 3465 cum
1734 3423 1835 3478 pro
1876 3406 1995 3479 ipso
2038 3410 2333 3464 orationem

790 3497 901 3554 Deo
955 3501 1226 3556 emisisset
1277 3502 1333 3555 in
1396 3502 1570 3570 primo
1625 3517 1807 3565 versu,
1866 3503 1958 3572 qui
2021 3503 2101 3557 sic
2153 3502 2333 3564 habet,

795 3608 816 3640 ι
842 3587 1286 3659 Deus,judicium
1320 3599 1472 3644 tuum
1505 3592 1618 3659 regi
1649 3592 1737 3654 da,
1770 3610 1789 3643 ι
1826 3592 1880 3646 id
1912 3600 1995 3647 est
2025 3593 2334 3657 Salomoni;

792 3694 912 3749 qua!
940 3690 1242 3750 sequuntur
1279 3680 1346 3735 de
1376 3682 1468 3735 illo
1494 3682 1587 3750 qui
1616 3682 1685 3735 ab
1714 3683 1832 3752 ipso
1863 3685 2174 3738 nasciturus
2220 3692 2339 3738 erat

792 3772 994 3827 dixisse
1021 3772 1107 3826 bis
1136 3772 1336 3833 verbis,
1380 3789 1395 3821 ι
1427 3770 1492 3824 Ει
1514 3772 1782 3839 justitiam
1808 3779 1953 3826 tuam
1987 3773 2094 3827 lilio
2120 3774 2284 3845 regis,
2315 3794 2332 3825 ι

793 3859 845 3913 id
868 3870 971 3925 est,
1004 3860 1103 3930 ipsi
1136 3858 1265 3914 Iesu
1294 3860 1385 3929 qui
1423 3875 1487 3914 ex
1518 3860 1723 3914 semine
1753 3861 1871 3929 ejus
1897 3871 2158 3918 venturus
2200 3871 2334 3917 erat.

793 3950 891 4005 Vel
916 3951 1104 4005 horum
1128 3967 1247 4020 quae
1285 3956 1580 4004 tractamus
1613 3951 1735 4006 talis
1767 3966 1919 4007 mens
1943 3952 2124 4015 fuerit,
2155 3956 2342 4009 decre-

793 4048 908 4094 tum
954 4056 985 4093 a
1023 4041 1219 4095 deitate
1251 4049 1343 4095 tua
1398 4041 1600 4096 editum
1636 4042 1757 4106 fuit,
1808 4053 1968 4113 atque
2012 4044 2249 4099 edictum
2289 4053 2343 4099 et

792 4131 1054 4200 judicium
1094 4132 1300 4201 regium
1350 4147 1411 4185 ex
1469 4132 1673 4200 Spiritu
1714 4140 1806 4188 tuo
1850 4135 2203 4189 constitutum
2234 4145 2338 4202 est,

732 4213 737 4219 ’
801 4230 857 4276 ut
882 4238 945 4277 ex
980 4221 1283 4277 Salomonis
1327 4223 1477 4291 prole
1522 4221 1777 4277 Servator
1819 4225 2004 4279 mundi
2042 4227 2339 4281 secundum

797 4326 1014 4367 carnem
1042 4310 1455 4381 gignatur.'lloc
1491 4310 1654 4381 igitur
1674 4310 1940 4379 judicium
1975 4323 2147 4377 tuum,
2177 4316 2340 4377 Deus,

798 4416 942 4454 nunc
980 4399 1196 4453 tandem
1230 4401 1342 4469 regi
1369 4401 1457 4466 da,
1491 4399 1697 4454 scilicet
1744 4398 2147 4466 Salomoni,,ut
2182 4407 2345 4460 verba

2426 619 2571 655 σεται
2596 604 2702 675 γάρ
2749 605 2823 667 ὡς
2850 607 3001 669 ὑετὸς
3030 608 3120 659 ἐπὶ
3162 609 3345 662 πόκον.
3375 628 3393 658 ›
3434 613 3781 686 Δικαιοσύνην
3796 636 3851 671 τε
3870 620 3980 673 λοι-

2424 690 2521 741 πὸν
2560 692 2999 759 ἐμπολιτεύεσθαι
3043 696 3119 765 τῷ
3168 697 3313 764 γένει
3340 698 3446 751 τῶν
3478 700 3772 772 ἀνθρώπων
3799 709 3889 760 ἐπὶ
3911 713 3976 779 τῇ

2423 780 2585 832 αὐτοῦ
2616 786 2900 854 παρουσίᾳ.
2922 787 3335 856 Ἐπικρατήσειν
3358 807 3415 841 τε
3444 792 3599 845 αὐτὸν
3635 796 3693 847 οὐ
3719 798 3815 866 τῆς
3850 800 3978 852 ’1ου-

2423 870 2573 932 δαίας
2608 873 2791 941 μόνης,
2825 875 2944 926 οὐδὲ
2976 876 3118 927 δυεῖν
3146 878 3176 947 ἢ
3208 878 3371 949 τριῶν
3402 880 3587 946 ὲθνῶν,
3609 883 3741 938 ἀλλὰ
3764 888 3978 940 πάντων

2424 959 2529 1011 τῶν
2572 960 2689 1013 καθ’
2720 962 2847 1033 ὅλης
2893 964 2991 1031 τῆς
3038 968 3377 1039 οἰκουμένης,
3412 973 3583 1025 πάντα
3629 991 3688 1025 τε
3714 975 3801 1049 .τά
3850 977 3975 1048 ἔθνη

2426 1053 2854 1121 ὑποταγήσεσθαι
2879 1055 3045 1125 αὐτῷ,
3067 1058 3357 1127 ὀνομαστόν
3380 1062 3439 1113 τε
3460 1064 3616 1115 αὑτὸν
3647 1064 3859 1118 ἔσεσθαι
3880 1084 3979 1120 παν-

2427 1142 2495 1211 ρά
2532 1144 2643 1204 τοῖς
2673 1146 2855 1205 πᾶσιν,
2887 1146 2943 1197 οὐ
2975 1149 3110 1200 κατά
3141 1165 3258 1201 τινα
3281 1154 3472 1222 χρόνον
3501 1153 3718 1224 βραχὺν,
3754 1158 3864 1209 ἀλλ’
3899 1160 3979 1222 είς

2426 1234 2637 1285 ἅπαντα
2672 1234 2760 1284 τὸν
2805 1235 2991 1289 αἰῶνα.
3030 1239 3136 1291 Καὶ
3166 1240 3218 1289 τί
3252 1240 3359 1311 γὰρ
3391 1242 3501 1295 ἀλλ’
3532 1244 3564 1313 ἢ
3598 1245 3831 1299 τοιοῦτόν
3857 1264 3978 1300 τινα

2426 1323 2639 1376 ἔσεσθαι
2670 1327 2761 1378 τὸν
2790 1326 3168 1399 θεσπιζόμενον
3207 1334 3235 1385 δ
3269 1333 3405 1403 μετά
3446 1339 3630 1406 χεῖρας
3675 1340 3978 1408 ὑπογράφει

2424 1411 2594 1480 λόγος,
2628 1417 2807 1467 ὁποῖον
2841 1418 3015 1480 οὐδεὶς
3042 1418 3256 1474 πώποτε
3289 1422 3410 1477 οὔτε
3446 1427 3686 1497 παρὰ,τῷ
3715 1430 3980 1483 Ἰουδαίων

2424 1502 2583 1567 ἔθνει,
2616 1504 2737 1557 οὒτε
2771 1511 2897 1577 παρ’
2933 1510 3133 1579 ἑτέροις
3164 1515 3436 1580 γεγονέναι
3466 1521 3819 1587 μνημονεύει;
3844 1521 3979 1574 Οῦτε

2424 1592 2532 1664 γάρ
2581 1596 2741 1658 αὐτὸς
2775 1598 3042 1667 Σολομὼν,
3066 1600 3185 1653 οὔτε
3234 1605 3413 1669 Δαυῒδ,
3446 1607 3566 1662 οῦτε
3608 1628 3692 1673 τις
3723 1613 3829 1664 τῶν
3864 1613 3982 1683 μετ’

2424 1684 2617 1746 αὐτοὺς
2665 1686 2901 1750 τοιοῦτος
2947 1690 3138 1760 ὲφάνη,
3173 1692 3247 1754 ὡς
3298 1695 3533 1763 ἁρμόσαι
3577 1700 3681 1751 τινὶ
3711 1702 3888 1755 αὐτῶν
3910 1704 3981 1756 τὰ

2427 1774 2529 1825 ὑπὸ
2558 1774 2657 1842 τῆς
2690 1777 3019 1845 προφητείας
3053 1782 3593 1854 σημαινόμενα.”ορα
3616 1788 3795 1842 τοίνυν
3823 1795 3871 1843 εί
3906 1792 3983 1863 μὴ

2426 1864 2544 1926 ταῖς
2576 1866 3039 1935 προτεταγμέναις
3081 1867 3169 1920 διὰ
3217 1868 3323 1921 τῶν
3362 1870 3666 1943 ἔμπροσθεν
3713 1878 3841 1949 περὶ
3886 1879 3985 1933 τοῦ

2427 1953 2631 2018 πάθους
2674 1955 2766 2009 τοῦ
2810 1957 3058 2029 Σωτῆρος
3099 1962 3465 2033 προρρήσεσιν
3511 1967 3814 2032 ἀκολούθως
3861 1987 3982 2023 συν⁸

2424 2046 2591 2113 ἧπται
2638 2048 2670 2115 ἡ
2725 2048 2861 2115 μετά
2906 2052 3093 2118 χεῖρας
3138 2051 3235 2121 τὴν
3264 2053 3535 2123 βασιλείαν
3568 2058 3731 2111 αὐτοῦ
3756 2060 3982 2131 διαγρά-

2428 2152 2617 2203 φουσα.
2640 2137 2832 2206 Ἐχρῆν
2864 2138 2969 2209 γὰρ
3004 2141 3147 2209 ἡμᾶς
3177 2144 3268 2195 καὶ
3297 2145 3365 2197 τὰ
3396 2148 3519 2218 περὶ
3543 2148 3745 2219 ταύτης
3773 2152 3983 2204 παιδευ-
4038 2174 4053 2179 “

2428 2224 2602 2295 θῆναι.
2642 2226 2854 2279 Πολλῶν
2886 2229 2941 2281 δὲ
2969 2234 3307 2301 προφητειῶν
3348 2236 3438 2287 τὸν
3485 2238 3548 2289 ὲκ
3576 2238 3733 2291 Δαυῒδ
3772 2256 3983 2311 προφη-

2428 2317 2709 2386 τευόμενον
2738 2319 2970 2389 Χριστὸν
3000 2321 3344 2390 ἁνυμνουσῶν
3360 2341 3376 2354 ι
3410 2325 3591 2397 ἐπειδὴ
3612 2328 3757 2389 είκὸς
3775 2324 3841 2399 ἦν
3862 2330 3984 2382 ὑπο-

2425 2406 2604 2461 λαϐεῖν
2635 2426 2781 2472 τινας
2809 2410 2897 2462 τὸν
2915 2411 3231 2480 Σολομῶντα
3244 2414 3530 2484 δηλοῦσθαι
3561 2417 3627 2469 δι’
3650 2418 3855 2470 αὐτῶν
3888 2422 3967 2489 μό-

2428 2516 2517 2562 νος
2541 2498 2654 2569 γάρ
2676 2492 2827 2562 οὗτος
2859 2500 2964 2552 τῶν
2998 2501 3127 2554 υἱῶν
3169 2504 3327 2556 Δαυῖδ
3359 2506 3703 2571 ὲπιδοξότατα
3741 2508 3985 2577 βασιλεύ-

2430 2607 2547 2655 σας,
2576 2592 2667 2643 καὶ
2697 2592 2787 2645 τὸν
2824 2592 2953 2646 νεὼν
2980 2595 3163 2664 ῆγειρε
3190 2595 3267 2666 τῷ
3298 2596 3432 2666 Θεῷ,
3463 2600 3557 2651 καὶ
3582 2600 3740 2670 σοφίᾳ
3760 2601 3987 2671 διαπρέ-

2428 2680 2524 2750 ψαι
2560 2682 3003 2753 μεμαρτύρηται·
3033 2684 3389 2756 ἀναγκαίωςὴ
3417 2690 3746 2760 προκειμένη
3776 2707 3985 2762 προφη-

2429 2770 2549 2821 τεία
2586 2788 2604 2819 ι
2633 2772 2711 2833 εἰς
2737 2771 3052 2840 Σολομῶντα
3079 2790 3095 2822 ι
3132 2773 3555 2843 ἐπιγέγραπταιο
3601 2776 3634 2845 ἢ
3676 2778 3839 2829 αὑτοῦ
3891 2778 3987 2830 τοῦ

2434 2859 2770 2927 Σολομῶντος
2800 2857 2935 2912 εἶναι
2956 2860 3201 2915 λέλεκται
3220 2880 3232 2891 ·
3260 2864 3343 2914 ἵνα
3365 2866 3554 2933 μηκέτι
3580 2866 3739 2927 αὐτὸς
3769 2868 3987 2937 νομίζη-

2432 2965 2521 2999 ται
2549 2948 2577 2999 ὁ
2611 2950 3051 3019 προσδοκώμενος
3102 2948 3243 3003 εἶναι
3282 2952 3346 3003 ἐκ
3389 2954 3584 3006 Δαυῒδ’
3636 2955 3693 3019 ἐξ
3747 2957 3905 3009 αὐτοῦ
3931 2958 3987 3009 δὲ

2436 3038 2768 3109 Σολομῶντος
2798 3039 3067 3102 ὲλπίζεται
3098 3041 3279 3112 ἔτερος
3303 3043 3330 3092 ὁ
3356 3044 3447 3095 καὶ
3475 3044 3620 3113 αὑτῷ
3653 3046 3987 3116 ἐπηγγελμέ-

2436 3148 2541 3195 νος.
2561 3131 2683 3183 Ἐάν
2716 3130 2813 3201 μὲν
2836 3126 2928 3183 οῦν
2962 3131 3299 3200 ὲκδεξώμεθα
3326 3134 3404 3195 είς
3436 3134 3596 3187 αὑτὸν
3621 3134 3868 3205 εἰρῆσθαι
3898 3140 3995 3192 τὸν

2436 3221 2747 3291 Σολομῶντα
2768 3220 2855 3273 τὸν
2879 3220 3089 3289 ψαλμὸν
3133 3221 3273 3273 κατά
3315 3212 3410 3292 τὴν
3446 3222 3553 3275 τῶν
3594 3224 3994 3295 Ἑϐδομήκοντα

2440 3315 2776 3384 προγραφὴν,
2804 3312 3053 3383 ἐροῦμεν,
3089 3312 3170 3365 ὅτι
3216 3312 3276 3364 τὸ
3316 3313 3537 3383 Πνεῦμα
3575 3314 3634 3367 τὸ
3662 3316 3831 3383 ἅγιον,
3862 3321 3990 3390 περὶ

2438 3404 2598 3457 αὑτοῦ
2636 3404 2731 3472 τὴν
2759 3403 2920 3472 εὐχὴν
2945 3403 3269 3473 ἀναπέμψαν
3298 3403 3375 3474 τῷ
3398 3404 3513 3475 Θεῷ
3540 3405 3627 3459 διὰ
3653 3407 3744 3459 τοῦ
3777 3407 3993 3479 πρώτου

2438 3495 2638 3564 στίχου,
2673 3495 2736 3547 δι’
2762 3486 2822 3546 οῦ
2853 3493 3096 3565 εἴρηταιν
3139 3513 3155 3543 ι
3179 3495 3236 3547 ὐ
3275 3495 3423 3559 Θεὸς,
3455 3497 3517 3548 τὸ
3563 3498 3734 3568 κρίμα
3778 3515 3867 3551 σου
3911 3500 3994 3569 τῷ

2439 3585 2641 3653 βασιλεί
2665 3586 2769 3647 δὸς,
2797 3604 2814 3636 ι
2850 3586 3088 3639 τουτέστι
3118 3585 3196 3656 τῷ
3222 3586 3545 3657 Σολομῶντι,
3563 3587 3651 3641 τὸν
3681 3588 3806 3659 ἑξῆς
3834 3589 3992 3658 λόγον

2438 3678 2563 3747 περὶ
2583 3676 2673 3729 τοῦ
2694 3676 2750 3741 ἐξ
2772 3676 2933 3729 αὑτοῦ
2960 3678 3318 3747 γενησομένου
3343 3681 3570 3730 ποιεῖται
3588 3696 3601 3708 ο
3625 3679 3703 3732 διὸ
3728 3680 3988 3748 ἐπιλέγειο

2444 3785 2461 3815 ι
2492 3768 2597 3819 Καὶ
2638 3769 2734 3837 τὴν
2778 3768 3117 3837 δικαιοσύνην
3152 3785 3243 3820 σου
3277 3768 3352 3837 τῷ
3390 3768 3489 3838 υἱῷ
3512 3769 3604 3822 τοῦ
3636 3770 3923 3839 βασιλέως·
3967 3792 3984 3822 ι

2437 3855 2631 3925 δηλαδὴ
2658 3856 2735 3925 τῷ
2764 3856 3002 3925 μέλλοντι
3029 3858 3444 3928 προελεύσεσθαι
3478 3862 3541 3911 ὲκ
3567 3861 3875 3931 σπέρματος
3902 3863 3991 3913 αὑ-

2437 3946 2531 3998 τοῦ
2561 3946 2833 4017 Ἰησοῦ.Ἦ
2849 3947 2956 3999 τῶν
2978 3949 3346 4018 προκειμένων
3371 3950 3400 4000 ὁ
3430 3948 3549 4011 νοῦς
3564 3950 3992 4021 τοιοῦτος’Ὅρος

2444 4038 2593 4107 παρὰ
2628 4038 2726 4104 τῆς
2760 4039 2856 4108 σῆς
2904 4038 3152 4109 θεότητος
3191 4039 3546 4108 ἐξενήνεκται,
3589 4039 3761 4109 δόγμα
3806 4058 3864 4093 τε
3897 4043 3994 4094 καὶ

2440 4126 2611 4197 κρίμα
2664 4127 2931 4196 βασιλικὸν
2990 4131 3053 4181 ὲκ
3119 4128 3209 4180 σοῦ
3270 4128 3579 4199 Πνεύματος
3623 4129 3984 4193 διατέτακται,

2453 4218 2529 4280 ὼς
2545 4216 2608 4270 ἂν
2631 4218 2693 4269 ὲκ
2707 4218 2806 4285 τῆς
2825 4218 3159 4287 Σολομῶντος
3174 4219 3420 4289 διαδοχῆς
3447 4221 3473 4271 ὁ
3508 4238 3570 4272 το
3585 4221 3785 4291 κόσμου
3802 4221 3993 4291 Σωτὴρ

2442 4306 2583 4360 κατὰ
2636 4309 2811 4379 σάρκα
2851 4309 3151 4379 γεννηθείη.
3181 4310 3346 4363 Τοῦτο
3387 4307 3477 4363 οὖν
3512 4312 3572 4363 τὸ
3612 4312 3785 4382 κρίμα
3818 4330 3930 4376 σου,
3961 4316 3991 4366 ό

2444 4397 2594 4461 Θεὸς,
2622 4396 2721 4467 ἤδη
2768 4398 2897 4449 ποτὲ
2936 4395 3172 4468 δώρησαι
3203 4398 3281 4467 τῷ
3317 4397 3539 4466 βασιλεῖ,
3568 4398 3763 4470 δηλαδὴ
3790 4400 3866 4469 τῷ
3897 4400 3998 4451 Σο-

800 4507 961 4560 operc
997 4495 1368 4562 compleantur
1397 4513 1409 4547 :
1440 4495 1653 4563 ipsique
1678 4490 1787 4563 regi
1820 4501 2174 4547 memoratum
2199 4496 2343 4563 judi-
2372 4504 2400 4561 [

2445 4487 2696 4559 λομῶντι,
2716 4487 2790 4550 ὼς
2816 4484 2881 4538 ἂν
2897 4485 2961 4537 δι’
2978 4485 3151 4556 ἔργων
3178 4488 3479 4556 χωρήσειαν
3506 4489 3553 4539 οἱ
3581 4489 3755 4555 λόγοι·
3788 4488 3879 4542 καὶ
3901 4488 3997 4539 αὑ-

799 4583 943 4636 cium
978 4586 1246 4652 praebeas;
1276 4584 1541 4652 justitiam
1575 4599 1703 4639 vero
1740 4591 1890 4637 tuam
1924 4584 2033 4637 ﬁlio
2052 4585 2215 4654 regis,
2252 4586 2361 4654 qui

801 4685 866 4723 ex
897 4671 1100 4725 semine
1148 4671 1267 4739 ejus
1303 4673 1619 4739 proditurus
1650 4666 1767 4736 est;
1811 4679 1872 4724 ut
1901 4671 1993 4740 qui
2025 4687 2091 4726 ex
2142 4670 2345 4742 Spiritu

802 4761 1051 4830 gignctur
1084 4775 1366 4815 successor
1406 4762 1546 4829 ejus,
1589 4771 1810 4832 accepta
1832 4762 2040 4830 justitia
2067 4771 2182 4825 tua,
2216 4783 2233 4815 ι
2259 4764 2346 4834 ju-

803 4850 945 4903 dicet
973 4848 1227 4918 populum
1282 4854 1435 4901 tuum
1474 4850 1529 4901 in
1556 4848 1785 4916 iustitia,
1833 4860 1885 4904 et
1924 4866 2189 4921 pauperes
2227 4863 2352 4908 tuos

802 4942 859 4994 in
882 4941 1111 5009 judicio.
1143 4957 1163 4990 ›
1196 4938 1260 4992 Et
1281 4945 1391 4994 haec
1418 4938 1658 5009 quidem,
1685 4940 1732 4993 si
1761 4940 1816 4992 in
1845 4942 2014 5009 ipsius
2045 4942 2350 4999 Salomonis

806 5030 1087 5099 personam
1132 5028 1395 5084 referatur
1444 5029 1724 5099 inscriptio
1779 5027 2125 5101 Septuaginta
2178 5035 2352 5090 Inter-

808 5126 1035 5187 pretum.
1072 5110 1191 5190 quae
1224 5137 1241 5168 ι
1296 5120 1351 5173 in
1378 5118 1717 5174 Salomonem
1755 5139 1773 5171 ι
1804 5118 1985 5176 habet.
2018 5120 2111 5176 Sin
2155 5117 2350 5181 secun-

810 5211 935 5262 dum
964 5210 1196 5279 reliquos
1222 5209 1539 5278 interpretes
1565 5208 1866 5266 Salomonis
1890 5211 2169 5281 prophetia
2201 5215 2351 5269 dica-

811 5285 897 5353 tn‘r
937 5315 1088 5361 esse;
1128 5300 1366 5354 dicemus
1415 5300 1588 5367 ipsum
1640 5301 1977 5357 Salomonem
2015 5302 2215 5373 Spiritu
2266 5319 2353 5357 re-

814 5393 1038 5459 pletum,
1068 5398 1176 5443 tres
1220 5393 1308 5445 hic
1353 5405 1613 5461 personas
1664 5392 1970 5458 declarare,
2012 5392 2211 5461 Deum,
2265 5395 2353 5450 cui

816 5482 1112 5534 orationem
1133 5481 1359 5545 emittit;
1391 5496 1587 5550 regem,
1614 5496 1770 5549 quem
1802 5484 1858 5541 in
1880 5484 2132 5539 universa
2166 5500 2353 5556 regna-

819 5580 996 5622 turum
1020 5570 1287 5639 credeliat,
1312 5570 1558 5625 videlicet
1597 5569 1789 5624 Filium
1836 5571 1925 5627 Dei
1952 5591 1967 5637 ;
2003 5574 2160 5628 tertio
2182 5575 2353 5632 homi-

824 5674 963 5719 nem,
995 5676 1151 5731 quem
1176 5660 1466 5728 assumpsit
1491 5676 1553 5719 ex
1586 5662 1789 5717 semine
1811 5659 1997 5726 David,
2028 5679 2093 5718 ex
2133 5666 2356 5735 ipsoque

825 5749 1112 5805 Salomone
1142 5749 1511 5815 nasciturum;
1543 5750 1702 5802 alium
1728 5750 1795 5805 ab
1841 5751 1930 5805 illo
1976 5767 2098 5822 rege
2150 5754 2239 5823 qui
2302 5771 2354 5809 In

2444 4577 2521 4649 τῷ
2553 4579 2647 4648 μὲν
2674 4576 2748 4647 τῷ
2782 4576 2988 4647 βασιλεῖ
3011 4576 3072 4629 τὸ
3097 4576 3331 4646 δηλωθὲν
3362 4578 3531 4647 κρίμα
3564 4578 3863 4647 παράσχου,
3896 4578 3996 4646 τὴν

2445 4669 2501 4721 δὲ
2525 4669 2863 4737 δικαιοσύνην
2885 4686 2975 4721 σου
3003 4667 3078 4737 τῷ
3101 4666 3200 4735 υἱῷ
3221 4666 3312 4717 τοῦ
3340 4667 3616 4735 βασιλέως,
3646 4666 3724 4735 τῷ
3750 4667 3994 4737 μέλλοντι

2448 4757 2509 4808 ἐκ
2544 4757 2851 4825 σπέρματος
2889 4754 3048 4810 αὐτοῦ
3090 4754 3535 4823 προελεύσεσθαι·
3572 4756 3635 4807 ἵν’
3660 4756 3688 4807 ό
3724 4756 3997 4825 γεννώμε-

2448 4864 2534 4909 νος
2572 4851 2599 4901 ό
2636 4850 2698 4901 ἐκ
2727 4847 3029 4917 πνεύματος
3065 4846 3154 4897 καὶ
3181 4844 3416 4913 διάδοχος
3456 4844 3638 4908 αὑτοῦ,
3669 4844 4000 4917 ὑποδεξάμε-

2450 4956 2536 5001 νος
2564 4939 2659 5009 τὴν
2697 4939 2794 5009 σὴν
2824 4935 3184 5005 δικαιοσύνην,
3234 4955 3250 4986 ι
3278 4936 3521 5006 διακρίνῃ
3549 4936 3639 4988 τὸν
3670 4935 3791 4987 λαόν
3819 4953 3911 4989 σου
3939 4941 4000 4993 ἐν

2449 5030 2775 5101 δικαιοσύνῃ,
2808 5028 3052 5088 καὶτοὺς
3083 5025 3322 5096 πτωχούς
3367 5042 3457 5076 σου
3510 5026 3566 5075 ἐν
3609 5026 3802 5096 κρίσει.
3840 5046 3858 5078 ι
3890 5030 4002 5083 Καὶ

2449 5122 2617 5174 ταῦτα
2638 5123 2753 5191 μὲν,
2777 5120 2930 5191 εἴπερ
2945 5121 3022 5182 εἰς
3039 5118 3199 5172 αὐτοῦ
3230 5117 3514 5189 προσώπου
3547 5115 3639 5168 τοῦ
3662 5116 4001 5189 Σολομῶντος

2452 5214 2767 5286 ἀναφέροιτο
2823 5214 2856 5281 ἡ
2922 5210 3208 5281 προγραφὴ
3256 5206 3393 5260 κατά
3443 5207 3565 5269 τοὺς
3604 5207 4003 5280 Ἑϐδομήκοντα

2453 5308 2713 5377 φέρουσα,
2739 5322 2757 5355 ι
2783 5306 2860 5365 είς
2892 5302 3206 5369 Σολομῶντα
3224 5316 3237 5329 ⁸
3271 5318 3288 5349 ›
3318 5300 3365 5349 εἰ
3396 5297 3449 5351 δὲ
3474 5299 3621 5353 κατὰ
3639 5300 3761 5362 τοὺς
3784 5299 4003 5363 λοιποὺς

2455 5394 2787 5467 έρμηνευτάς
2830 5392 2921 5446 τοῦ
2965 5391 3305 5461 Σολομῶντος
3336 5386 3468 5442 εἶναι
3489 5388 3692 5457 λέγοιτο
3717 5392 3751 5460 ὴ
3793 5390 4006 5459 προφη-

2454 5486 2569 5537 τεία
2593 5526 2607 5549 ,
2656 5486 2929 5555 φήσομεν,
2968 5483 3049 5535 ὃτι
3082 5478 3240 5541 αὐτὸς
3278 5478 3304 5528 ὁ
3354 5478 3635 5548 Σολομὼν»,
3688 5476 4003 5545 Πνεύματος

2455 5574 2776 5643 πληρωθεὶς,
2826 5573 2948 5643 τρία
2993 5569 3081 5621 διὰ
3114 5568 3315 5621 τούτων
3363 5570 3652 5639 παρίστησι
3697 5568 3999 5637 πρόσωπα·

2454 5664 2545 5716 τὸν
2572 5666 2722 5725 Θεὸν,
2757 5658 2801 5729 ᾧ
2828 5662 2925 5729 τὴν
2958 5660 3118 5731 εὐχὴν
3153 5659 3481 5726 ἀναπέμπει,
3510 5656 3605 5710 καὶ
3642 5657 3733 5708 τὸν
3764 5656 4000 5725 βασιλέα,

2458 5755 2514 5807 ὃν
2561 5755 2818 5807 πέπτιστο
2854 5750 3147 5818 βασιλεύειν
3178 5751 3282 5802 τῶν
3312 5750 3478 5811 ὅλων,
3508 5746 3706 5819 δηλαδὴ
3742 5747 3831 5801 τὸν
3880 5750 4003 5803 Υίὸν
