4300 6398
348 399 438 451 2'95
856 426 877 440 ί
1423 410 1920 468 COMMENTARIA
1961 415 2025 469 IN
2066 414 2400 472 PSALMOS.

3443 437 3545 492 794

332 517 422 569 τοῦ
472 517 635 571 Θεοῦ’
684 521 776 573 καὶ
820 522 1000 590 τρίτον
1052 524 1109 575 ὃν
1155 526 1439 597 ἀνείληφεν
1500 530 1781 600 ἄνθρωπον
1832 535 1894 585 ὲκ
1922 551 1967 606 Α
1996 551 2030 604 p

1846 538 1894 585 ix
1922 551 1967 606 Α
1996 534 2203 604 psalmo
2240 534 2349 587 ait:
2388 551 2405 583 ι
2446 531 2556 603 Ego
2600 542 2779 590 autem
2806 538 3137 595 constitutus
3182 558 3299 598 sum
3354 561 3445 601 rex
3475 551 3544 603 ab

333 609 640 680 σπέρματος
656 612 813 664 Δαυῖδ
828 612 883 677 ἐξ
909 614 1069 666 αὑτοῦ
1100 632 1159 667 τε
1186 615 1279 668 τοῦ
1318 617 1659 689 Σολομῶντος
1686 623 1884 689 γεννώ-

334 717 509 769 μενον,
541 702 725 773 ἕτερον
774 704 900 756 ὅντα
934 706 1085 776 παρὰ
1125 707 1216 759 τὸν
1272 708 1492 777 βασιλέα
1523 711 1611 764 τὸν
1655 713 1741 765 διὰ
1790 714 1883 765 τοῦ

328 792 539 862 ψαλμοῦ
579 796 783 862 φάντα’
819 815 837 846 ι
875 796 1015 864 Ἐγὼ
1050 798 1103 849 δὲ
1147 801 1479 870 κατεστάθην
1515 803 1761 872 βασιλεὺς
1794 806 1883 857 ὑπ’

328 884 488 936 αὑτοῦ
541 887 631 938 ἐπὶ
660 886 797 939 Σιὼν
850 889 973 960 ὅρος
1026 891 1176 956 ἅγιον
1222 892 1385 944 αὑτοῦ
1410 932 1424 954 ,
1468 895 1792 963 διαγγέλλων
1823 898 1882 949 τὸ

328 966 651 1048 πρόσταγμα
679 980 902 1051 Κυρίου.
930 980 1130 1049 Κύριος
1143 976 1264 1035 εἷπε
1284 984 1415 1053 πρὸς
1442 986 1505 1054 μέ
1528 1005 1539 1019 ·
1572 988 1694 1051 Υἱός
1714 1007 1813 1059 μου
1832 985 1884 1040 εἶ

329 1066 390 1118 σύ
416 1084 429 1096 ·
466 1069 573 1136 ἐγὼ
604 1072 841 1141 σήμερον
860 1074 1164 1143 γεγέννηκὰ
1204 1092 1281 1128 σε.
1317 1077 1540 1146 Αἵτησαι
1564 1082 1691 1150 παρ’
1723 1081 1879 1151 ἐμοῦ,

327 1158 417 1210 κάι
450 1157 603 1211 δώσω
638 1178 719 1213 σοι
754 1161 877 1231 ἔθνη
930 1163 1027 1233 τὴν
1075 1165 1433 1236 κληρονομίαν
1482 1185 1571 1221 σου
1594 1211 1605 1233 ,
1644 1172 1737 1223 καὶ
1783 1173 1879 1243 τὴν

323 1251 648 1320 κατάσχεσίν
700 1270 790 1305 σου
837 1254 903 1306 τὰ
945 1254 1155 1325 πέρατα
1196 1258 1295 1326 τῆς
1336 1262 1455 1329 γῆς.
1492 1279 1509 1310 ι
1539 1262 1633 1314 Διὰ
1676 1263 1878 1317 τούτων

321 1340 427 1410 γὰρ
445 1343 629 1410 σαφῶς
650 1346 944 1409 καταστὰς,
964 1347 1145 1400 ἀκούει
1174 1351 1307 1419 πρὸς
1326 1352 1418 1403 τοῦ
1442 1354 1649 1421 Πατρός
1668 1372 1680 1384 ο
1708 1375 1724 1405 ι
1754 1357 1878 1418 Υἱός

324 1447 423 1500 μου
477 1429 528 1484 εἶ
568 1434 677 1485 ’σύ’
735 1436 843 1502 ἐγὼ
896 1438 1131 1509 σήμερον
1176 1443 1478 1510 γεγέννηκά
1529 1461 1603 1495 σε.
1654 1444 1877 1514 Αἴτησαι

321 1525 447 1593 παρ’
470 1524 623 1592 ἐμοῦ,
654 1528 746 1578 καὶ
773 1527 926 1581 δώσω
959 1546 1039 1583 σοι
1068 1531 1192 1601 ἔθνη
1220 1534 1315 1603 τὴν
1345 1534 1701 1605 κληρονομίαν
1726 1555 1871 1590 σου.»

318 1607 437 1664 Οἵδε
482 1613 537 1665 δὲ
584 1615 675 1667 καὶ
723 1618 883 1679 αὐτὸς
924 1622 951 1671 6
998 1622 1245 1691 Σολομὼν
1295 1624 1384 1675 τὸν
1420 1625 1543 1678 Υίὸν
1585 1626 1676 1678 τοῦ
1721 1628 1874 1691 Θεοῦ,

318 1703 505 1771 σοφίαν
549 1705 826 1776 ὀνομάζων
855 1710 1033 1774 αὑτὸν,
1070 1712 1126 1763 ἐν
1159 1708 1238 1775 οἷς
1288 1715 1345 1777 ἐξ
1380 1717 1542 1768 αὑτοῦ
1590 1716 1901 1788 προσώπουΔ

314 1792 368 1843 ἐν
417 1792 742 1865 Παροιμίαις
796 1799 920 1851 τάδε
957 1801 1152 1870 φησίν·
1195 1821 1212 1851 ι
1273 1803 1412 1870 Ἐγὼ
1458 1806 1489 1875 ἡ
1530 1806 1695 1875 Σοφία
1744 1826 1871 1860 κατ-

1988 640 2054 679 eo
2083 639 2245 693 super
2281 622 2409 678 Sion
2441 634 2677 679 montem
2736 637 2982 683 sanctum
3037 632 3189 699 ejus,
3243 636 3545 704 praedicans

1989 722 2313 783 pmceptum
2351 714 2577 769 Domini.
2611 715 2873 773 Dominus
2920 719 3055 774 dixit
3093 722 3162 774 ad
3202 738 3321 779 me:
3374 724 3545 781 Filius

1988 822 2140 859 meus
2178 821 2235 858 es
2261 814 2338 868 tu,
2373 822 2475 875 ego
2521 798 2680 861 hodie
2705 812 2864 877 genui
2899 819 2972 864 te.
3020 808 3238 866 Postula
3267 828 3298 866 a
3326 830 3410 869 me
3437 856 3451 877 .
3490 826 3545 871 et

1987 895 2125 949 dabo
2161 897 2253 949 tibi
2290 905 2478 965 gentes
2526 897 2894 953 htereditatem
2932 908 3110 965 tuam,
3152 909 3202 956 et
3249 906 3546 981 possessio-

1987 1002 2107 1041 nem
2158 996 2303 1039 tuam
2355 988 2614 1042 terminos
2670 998 2825 1043 terra!
2854 991 2897 1045 ’.
2958 1010 2975 1041 ι
3022 990 3119 1046 llis
3173 994 3314 1046 enim
3361 1005 3544 1063 aperte

1986 1079 2333 1141 constitutus,
2368 1064 2481 1133 haec
2536 1095 2567 1131 a
2614 1078 2774 1134 Patre
2824 1081 3010 1135 audit:
3046 1102 3064 1133 ι
3101 1082 3269 1139 Filius
3302 1100 3453 1139 meus
3484 1101 3543 1138 es

1986 1176 2063 1231 tu,
2096 1185 2196 1239 ego
2237 1169 2395 1224 hodie
2428 1169 2590 1238 genui
2624 1180 2691 1223 te.
2718 1168 2935 1225 Postula
2966 1188 2995 1223 a
3040 1188 3142 1237 me,
3176 1181 3227 1227 et
3270 1174 3406 1227 dabo
3446 1174 3540 1226 tibi

1983 1267 2170 1326 gentes
2218 1258 2582 1313 haereditatem
2634 1269 2799 1311 tuam.
2856 1278 2871 1309 ι
2929 1258 3085 1312 Novit
3139 1276 3300 1329 porro
3345 1267 3396 1313 et
3427 1261 3541 1328 ipse

1986 1345 2238 1401 Salomon
2274 1346 2469 1401 Filium
2504 1348 2615 1409 Dei,
2642 1349 2735 1416 qui
2760 1349 2934 1417 ipsum
2969 1350 3287 1417 sapientiam
3306 1357 3463 1402 vocat
3484 1350 3535 1400 in

1982 1436 2311 1499 Proverbiis,
2346 1438 2435 1491 ubi
2462 1454 2527 1492 ex
2559 1440 2676 1507 cjus
2699 1454 2929 1507 persona
2967 1440 3044 1493 sic
3076 1442 3347 1509 loquitur:
3377 1459 3395 1491 ι
3430 1441 3537 1511 Ego

1985 1526 2256 1597 Sapientia
2283 1529 2577 1582 inhabitavi
2615 1531 2919 1593 consilium,
2946 1541 2998 1585 et
3028 1531 3329 1596 scientiam,
3360 1539 3415 1583 et
3443 1547 3535 1585 co-

1983 1624 2291 1692 gitationem
2317 1638 2414 1692 ego
2437 1622 2703 1675 invocavi.
2731 1622 2829 1676 Per
2857 1638 2940 1677 me
2966 1639 3121 1692 reges
3152 1632 3379 1691 regnant
3400 1624 3476 1688 1°;
3514 1644 3532 1675 ι

1983 1728 2045 1766 ac
2068 1712 2297 1766 deinde:
2336 1732 2352 1762 ι
2406 1710 2665 1766 Dominus
2714 1711 2914 1766 creavit
2950 1727 3035 1765 me
3081 1712 3292 1769 initium
3326 1712 3536 1766 viarum

1984 1819 2200 1859 suarum
2233 1804 2287 1857 in
2326 1818 2489 1870 opera
2529 1818 2624 1855 sua
2655 1820 2665 1853 :
2706 1808 2827 1855 ante
2864 1802 3117 1855 smculum
3146 1801 3389 1855 fundavit
3419 1817 3525 1864 me,

313 1886 589 1951 εσκήνωσα
614 1886 825 1957 βουλὴν,
857 1891 949 1942 καὶ
977 1892 1173 1957 γνῶσιν
1200 1896 1292 1945 καί
1311 1894 1514 1948 ἔννοιαν
1546 1897 1653 1963 ἐγὼ
1678 1900 1875 1952 ὲπεκα-
1906 1907 1947 1959 Β
1977 1911 2003 1947 3

1832 1918 1875 1951 t-
1906 1907 1947 1959 Β
1977 1904 2263 1965 antequam
2300 1902 2510 1949 montes
2540 1896 2936 1948 collocarentur
2963 1913 2975 1947 :
3010 1902 3132 1947 ante
3155 1908 3344 1948 omnes
3367 1894 3530 1948 colles

313 1973 569 2044 λεσάμην.
599 1978 676 2028 Δι’
704 1978 837 2047 ἐμοῦ
872 1978 1111 2047 βασιλεῖς
1139 1982 1505 2050 βασιλεύουσιν
1538 2006 1555 2036 ›
1594 1989 1683 2039 καὶ
1714 1989 1837 2059 ἑξῆς
1856 2010 1868 2021 ·

317 2082 334 2113 ι
378 2063 580 2135 Κύριος
627 2066 808 2133 έκτισέ
873 2088 939 2138 με
977 2073 1147 2141 ἀρχὴν
1188 2073 1322 2127 ὁδῶν
1387 2075 1549 2128 αὐτοῦ
1612 2078 1689 2139 εἰς
1739 2078 1872 2148 ἔργα

310 2154 490 2207 αὐτοῦ.
530 2158 639 2227 Πρὸ
665 2158 757 2211 τοῦ
796 2160 989 2223 αἰῶνος
1019 2162 1341 2232 ὲθεμελίωσέ
1372 2183 1458 2235 με,
1500 2166 1603 2235 πρὸ
1640 2166 1732 2219 τοῦ
1772 2168 1871 2239 ὅρη

311 2246 681 2318 ἑδρασθῆναιο
736 2251 841 2322 πρὸ
899 2250 954 2304 δὲ
1006 2253 1221 2306 πάντων
1279 2254 1477 2324 βουνῶν
1522 2261 1681 2327 γεννᾷ
1734 2276 1819 2328 με.
1848 2279 1865 2310 ι

309 2338 555 2409 Γὲννημᾱ
584 2341 759 2394 τοίνυν
807 2342 898 2395 τοῦ
927 2344 1058 2396 Θεοῦ
1086 2344 1141 2414 ή’
1169 2348 1325 2416 σοφία
1369 2350 1461 2400 κα)⁸
1490 2351 1517 2401 6
1552 2350 1676 2412 Υἱὸς
1709 2350 1869 2404 αὐτοῦ

306 2433 335 2483 ὁ
360 2432 701 2501 Μονογενής·
738 2434 833 2485 xui.
884 2437 1016 2506 περὶ
1042 2437 1204 2489 αὑτοῦ
1248 2436 1343 2507 τὴν
1387 2438 1663 2509 παροῦσαν
1710 2438 1870 2509 εὐχὴν

306 2520 615 2589 ἀναπέμπει
648 2524 676 2573 6
709 2524 956 2594 Σολομὼν
987 2527 1233 2594 φάσκων-
1276 2548 1291 2578 ι
1330 2529 1386 2581 '0
1409 2529 1557 2592 Θεὸς,
1591 2530 1650 2581 τὸ
1696 2531 1868 2601 κρίμα

308 2627 400 2663 σου
447 2612 523 2682 τῷ
556 2614 765 2682 βασιλεῖ
808 2616 928 2679 δὸς,
976 2634 996 2668 ι
1037 2619 1192 2687 δῆλον
1238 2620 1281 2671 δ’
1326 2621 1407 2671 ὅτι
1456 2620 1532 2689 τῷ
1582 2622 1871 2689 Μονογενεῖ

304 2702 461 2771 Λόγῳ
488 2719 601 2755 σου.
642 2704 859 2775 Ἐπειδὴ
890 2706 999 2777 γὰρ
1025 2707 1243 2779 ἔκρινας
1274 2710 1432 2781 αὑτὸν
1458 2710 1548 2761 ἐπὶ
1572 2710 1674 2778 γῆς
1703 2711 1870 2781 δερθῆ-

304 2810 412 2855 ναι,
440 2794 525 2845 ἵνα
560 2794 633 2863 μὴ
674 2797 830 2864 μόνον
864 2797 972 2850 τῶν
1006 2799 1126 2851 κατ’
1159 2780 1422 2870 ούρανίῖιν,
1462 2799 1597 2853 ἀλλὰ
1639 2802 1730 2852 καὶ
1758 2802 1865 2855 τῶν

305 2880 396 2931 ἐπὶ
425 2880 526 2951 γῆς
553 2880 826 2953 βασιλεύῃ,
849 2885 1003 2938 τοῦτο
1026 2886 1085 2939 τὸ
1112 2888 1284 2957 κρίμα
1307 2889 1406 2958 ἤδη
1431 2888 1560 2940 ποτὲ
1588 2890 1677 2941 ἐπὶ
1696 2890 1866 2960 πέρας

302 2970 543 3037 ἁγέσθω’
576 2975 668 3025 καὶ
700 2974 796 3046 τὴν
826 2976 1166 3049 δικαιοσύνην
1196 2980 1253 3032 δὲ
1282 2982 1378 3049 τὴν
1413 2979 1507 3051 σὴν
1537 2980 1613 3051 τῷ
1641 2982 1740 3051 υἱῷ
1769 2982 1862 3035 τοῦ

303 3060 565 3128 βασιλέως
592 3064 697 3127 δὸς,
726 3067 914 3130 όΘεόςο
935 3069 1048 3121 υἱοῦ
1074 3069 1334 3139 βασιλέως
1359 3072 1587 3125 ἐνταῦθα
1612 3071 1702 3124 τοῦ
1724 3074 1864 3126 κατὰ

301 3151 478 3222 σάρκα
495 3157 777 3226 νοουμένου
809 3160 873 3211 ὲκ
898 3160 1209 3230 σπέρματος
1220 3161 1400 3225 Δαυῒδ,
1424 3163 1481 3215 ὃν
1507 3163 1665 3225 αὐτὸς
1688 3161 1860 3231 ἑαυτῷ

1978 1972 2147 2054 gignit
2178 2001 2261 2040 me
2287 1986 2347 2039 ¹¹.
2388 2004 2405 2036 ι
2433 1984 2621 2039 Proles
2653 1986 2815 2055 igitur
2845 1983 2938 2038 Dei
2970 1994 3051 2038 est
3080 1984 3343 2051 sapientia
3364 1994 3417 2040 et
3440 1982 3532 2037 Fi-

1976 2073 2079 2125 lius
2130 2073 2247 2140 ejus
2295 2072 2651 2142 Unigenitus:
2704 2088 2877 2143 neque
2930 2075 3022 2128 illo
3079 2073 3330 2129 Salomon
3390 2074 3529 2129 hanc

1974 2156 2465 2213 funditorationem
2488 2160 2703 2216 dicens:
2736 2180 2753 2211 ι
2781 2161 3219 2231 Deus,judicium
3241 2170 3389 2217 tuum
3414 2166 3525 2227 regi
3570 2160 3581 2165 ’

1972 2247 2062 2309 da.
2102 2268 2121 2299 ι
2156 2249 2365 2303 scilicet
2395 2248 2680 2319 Unigcnito
2708 2250 2885 2306 Verbo
2931 2259 3046 2308 tuo.
3084 2254 3219 2318 Quia
3251 2254 3395 2310 enim
3438 2256 3531 2326 ju-

1971 2340 2168 2395 dicasti
2205 2348 2262 2393 ut
2292 2341 2346 2394 in
2375 2348 2520 2395 terra
2556 2326 2853 2405 videretur;
2886 2350 2944 2395 ut
2971 2359 3076 2396 non
3108 2346 3267 2399 modo
3293 2346 3529 2401 ctelesti—

1972 2432 2096 2495 bus,
2119 2432 2211 2487 sed
2239 2434 2399 2487 etiam
2435 2433 2663 2487 terrenis
2693 2440 2973 2502 regnaret;
3003 2435 3103 2487 hoc
3133 2435 3396 2502 judicium
3412 2438 3527 2506 jam

1970 2524 2186 2579 demum
2226 2524 2291 2579 ad
2340 2524 2629 2579 terminum
2688 2524 3005 2580 deducatur.
3065 2526 3338 2582 Justitiam
3396 2528 3526 2584 item

1969 2623 2113 2669 tuam
2149 2614 2257 2668 ﬁlio
2288 2616 2429 2684 regis
2452 2654 2467 2677 ,
2506 2630 2539 2669 ο
2570 2614 2712 2671 Deus
2736 2656 2749 2679 ,
2783 2618 3018 2672 concede
3046 2636 3059 2672 :
3094 2618 3181 2673 hic
3218 2633 3350 2673 vero
3382 2618 3527 2675 ﬁlius

1968 2703 2111 2771 regis
2160 2701 2479 2769 intelligitur
2508 2703 2806 2756 secundum
2839 2718 3059 2779 carnem
3088 2721 3154 2760 ex
3186 2706 3390 2761 semine
3421 2706 3524 2762 Da-

1966 2794 2077 2857 vid,
2108 2808 2267 2862 quem
2301 2792 2392 2846 Dei
2417 2790 2673 2856 Verbum,
2708 2794 2848 2863 quod
2883 2804 3042 2849 antea
3066 2798 3381 2862 exsistebat,
3418 2799 3525 2853 sibi

1965 2900 2031 2938 ex
2081 2883 2282 2953 Spiritu
2331 2890 2520 2939 sancto
2581 2892 2635 2938 et
2692 2892 2881 2938 sancta
2927 2883 3145 2955 Virgine
3202 2888 3519 2942 constituit:

1964 2989 2122 3043 quem
2168 2973 2293 3027 item
2327 2982 2458 3043 puto
2490 2971 2833 3028 Salomonem
2888 2974 2944 3027 in
2989 2972 3294 3039 Proverbiis
3328 2974 3519 3031 subin-

1964 3066 2147 3120 dicare
2170 3066 2253 3119 his
2277 3067 2491 3121 verbis:
2529 3084 2546 3116 ι
2584 3066 2716 3129 Quis
2745 3067 2987 3123 ascendit
3016 3070 3070 3122 in
3100 3070 3293 3123 coelum
3336 3082 3387 3125 et
3425 3070 3521 3125 de-

1964 3157 2181 3211 cendit?
2213 3157 2346 3222 Quis
2407 3161 2750 3229 congregavit
2811 3167 3001 3215 ventos
3064 3162 3120 3215 in
3169 3163 3336 3217 sinu?
3384 3162 3521 3229 Quis

298 3241 327 3293 6
372 3240 565 3311 ’προὼν
595 3244 689 3297 τοῦ
720 3246 853 3301 Θεοῦ
882 3250 1076 3329 ’Λόγος
1118 3250 1177 3314 ἐξ
1224 3253 1375 3319 ἁγίου
1417 3253 1728 3323 Πνεύματος
1766 3253 1857 3303 καὶ
1884 3247 1925 3303 C
1958 3262 1996 3299 ci

1822 3253 1857 3302 tl.
1884 3247 1925 3303 C
1958 3247 2224 3299 convertit
2250 3260 2442 3313 aquam
2485 3246 2539 3298 in
2568 3247 2994 3302 vestimentum?
3037 3249 3171 3314 Quis
3206 3249 3520 3305 dominatus

295 3329 394 3401 τῆς
421 3333 586 3402 ἁγίας
609 3335 889 3409 Παρθένου
936 3342 1296 3411 συνεστήσατο
1316 3360 1328 3373 ο
1357 3343 1414 3394 ὃν
1449 3346 1541 3396 καὶ
1570 3346 1625 3394 ὲν
1665 3344 1859 3411 Παροι-

303 3421 451 3501 ξὶἶαις
478 3432 803 3485 αἰνίττεσθαι
837 3432 925 3484 τὸν
943 3432 1260 3501 Σολομῶντα
1281 3434 1413 3504 ἡγοῦ
1422 3453 1516 3503 μαι
1541 3437 1605 3487 δι’
1625 3428 1698 3487 ὧν
1713 3426 1860 3506 ’γρά-

301 3538 388 3590 φει
403 3522 618 3589 λέγων’(
633 3523 727 3585 Τίς
755 3522 919 3591 ἀνέϐη
941 3524 1019 3584 είς
1033 3524 1122 3575 τὸν
1142 3524 1364 3593 οὐρανὸν
1382 3526 1473 3576 καὶ
1500 3526 1698 3595 κατέϐη
1725 3542 1739 3589 ;
1764 3526 1859 3589 Τίς

301 3612 601 3681 συνήγαγεν
628 3613 859 3683 ἀνέμους
886 3615 941 3665 ἐν
966 3604 1177 3684 κόλπῳ;
1209 3615 1304 3677 Τίς
1332 3616 1685 3685 συνέστρεψεν
1717 3617 1858 3687 ὓδωρ

299 3704 356 3754 ὲν
377 3702 574 3772 ἱματίῳ
599 3719 612 3767 ;
634 3701 730 3765 Τίς
747 3704 1015 3775 ἐκράτησε
1038 3704 1253 3758 πάντων
1271 3705 1376 3757 τῶν
1400 3706 1581 3775 ἄκρων
1603 3708 1702 3775 τῆς
1723 3708 1823 3777 γῆς
1842 3725 1854 3773 ;

299 3794 363 3846 Τί
383 3793 550 3863 ὄνομα
579 3794 744 3863 αὐτῷ,
774 3796 863 3848 καὶ
895 3796 947 3847 τί
972 3796 1138 3864 ὄνομα
1168 3796 1245 3866 τῷ
1272 3796 1384 3865 Υἰῷ
1418 3795 1611 3861 αύτοῦ;
1646 3815 1663 3847 ι
1703 3798 1857 3849 υῦτω

299 3878 404 3950 γὰρ
441 3883 788 3953 ήρμήνευσαν
820 3885 868 3936 οἰ
912 3884 1115 3936 λοιποί”
1155 3886 1183 3936 6
1230 3885 1326 3954 μὲν
1376 3885 1613 3947 Ἃκύλας
1648 3885 1814 3939 εἰπών
1839 3904 1851 3917 ·

304 3988 323 4019 ι
354 3971 417 4021 Τί
444 3972 614 4042 ὄνομα
646 3973 812 4043 αὐτῷ,
839 3975 932 4027 καὶ
954 3975 1005 4026 τί
1032 3976 1198 4045 ὄνομα
1230 3974 1312 4043 τῷ
1346 3975 1454 4044 Υἱῷ
1480 3975 1679 4039 αὐτοῦς
1715 3995 1731 4027 ι
1763 3977 1856 4028 καὶ

297 4063 325 4113 6
348 4061 634 4115 Θεοδοτίων
651 4064 849 4133 ὁμοίως
865 4081 877 4093 ·
892 4084 909 4113 ι
930 4066 993 4115 Τί
1021 4064 1187 4134 ὄνομα
1220 4065 1383 4134 αύτῷ,
1406 4064 1495 4116 καὶ
1511 4066 1562 4117 τί
1588 4064 1755 4136 ³ὂνομα
1778 4069 1855 4138 τῷ

299 4149 412 4219 Υίῷ
445 4150 641 4215 αὐτοῦς
673 4170 689 4201 ι
734 4152 924 4219 Σαφῶς
960 4152 1067 4221 γὰρ
1099 4155 1155 4205 ὲν
1200 4154 1408 4215 τούτοις
1452 4154 1547 4223 μὲν
1578 4159 1853 4227 κρατήσας

298 4240 393 4309 τῆς
426 4241 546 4308 γῆς,
582 4242 675 4292 καὶ
707 4240 1094 4311 καταϐεϐηκὼς
1122 4246 1215 4296 καὶ
1246 4240 1478 4297 ἀνελθὼν
1505 4244 1583 4307 είς
1607 4246 1850 4316 οὐρανὸν,

298 4330 365 4383 τά
394 4348 453 4383 τε
488 4330 896 4400 λοιπὰδεόμενα
920 4332 1017 4402 τῆς
1050 4334 1187 4386 κατὰ
1218 4334 1407 4404 σχολὴν
1432 4335 1721 4405 ἑρμηνείας
1761 4354 1853 4390 πε-

278 4412 558 4492 δποιηκὼς,
593 4422 764 4485 οὐδεὶς
795 4422 860 4475 ἂν
886 4423 1087 4490 γένοιτο
1108 4426 1290 4495 ἕτερος
1307 4424 1398 4479 τοῦ
1426 4423 1554 4476 Υίοῦ
1578 4425 1670 4479 τοῦ
1693 4425 1847 4489 Θεοῦ,

298 4515 357 4578 ὃς
383 4514 520 4567 αὐτὰ
546 4514 609 4583 δὴ
636 4514 807 4567 ταῦτα
831 4513 1091 4567 διδάσκων
1129 4516 1311 4583 ἔλεγεν
1333 4532 1346 4544 ο
1388 4533 1405 4565 ι
1434 4515 1619 4579 Οὐδεὶς
1654 4517 1848 4571 ἀναϐέ-

1963 3345 2043 3390 est
2066 3336 2304 3389 omnium
2347 3336 2535 3390 ﬁnium
2587 3336 2781 3391 terrae?
2812 3337 2963 3402 Quod
3003 3354 3199 3394 nomen
3247 3340 3404 3410 ejus,
3464 3350 3517 3397 et

1958 3430 2099 3499 quod
2125 3444 2319 3484 nomen
2350 3429 2460 3483 lilio
2514 3428 2633 3498 ejus
2658 3429 2741 3483 "‘3
2776 3448 2796 3506 ξ
2854 3429 2943 3486 Sic
2980 3432 3121 3485 enim
3177 3433 3514 3500 interpretati

1908 3516 1920 3530 ³
1965 3529 2095 3576 sunt
2136 3523 2349 3591 reliqui,
2379 3521 2571 3591 Aquila
2623 3522 2831 3577 scilicet
2866 3523 3088 3578 dicens:
3142 3542 3159 3572 ι
3196 3522 3351 3588 Quod
3412 3539 3514 3577 no-

1957 3627 2078 3667 men
2108 3612 2245 3681 ipsi,
2286 3619 2340 3666 et
2384 3611 2528 3681 quod
2564 3627 2756 3666 nomen
2791 3613 2901 3666 ﬁlio
2945 3613 3096 3681 ejus?
3136 3631 3153 3662 ι
3218 3610 3513 3665 Theodotio

1957 3703 2238 3764 similiter,
2294 3720 2313 3751 ι
2351 3701 2506 3768 Quod
2559 3718 2753 3759 nomen
2802 3704 2954 3772 ejus,
3013 3712 3068 3759 ct
3117 3702 3259 3773 quod
3314 3718 3514 3758 nomen

1957 3793 2065 3848 tilio
2098 3793 2259 3860 ejus?
2293 3813 2311 3845 ι
2346 3792 2505 3848 Clare
2541 3796 2685 3869 enim
2718 3795 2809 3863 qui
2840 3795 2927 3849 hic
2960 3793 3132 3850 fertur
3150 3802 3307 3849 terra:
3345 3794 3514 3861 impe-

1954 3898 2122 3946 rasse,
2148 3882 2497 3939 descendisse
2538 3894 2591 3939 et
2616 3883 2927 3940 ascendisse
2959 3885 3015 3937 in
3043 3884 3265 3949 coelum,
3294 3891 3349 3936 et
3384 3883 3511 3936 reli-

1952 3986 2058 4040 qua
2105 3972 2411 4041 peregisse,
2474 3986 2594 4041 quae
2640 3972 2858 4024 ncnnisi
2908 3986 3003 4040 per
3045 3971 3215 4024 otium
3254 3969 3511 4039 explicari

1952 4068 2199 4131 possunt,
2231 4062 2413 4116 nullus
2439 4062 2577 4115 alius
2607 4075 2767 4129 quam
2800 4058 2970 4113 Filius
3010 4058 3104 4113 Dei
3157 4058 3321 4113 fuerit
3343 4100 3359 4125 ,
3418 4059 3511 4127 qui

1953 4154 2065 4206 lucc
2096 4152 2211 4221 ipsa
2245 4152 2472 4207 docebat
2517 4152 2605 4207 his
2653 4152 2831 4207 verbis
2865 4171 2877 4205 :
2923 4169 2941 4201 ι
2977 4150 3146 4205 Nemo
3182 4150 3422 4205 ascendit
3454 4150 3509 4203 in

1959 4242 2187 4305 calum,
2242 4242 2347 4295 nisi
2397 4241 2488 4311 qui
2520 4242 2586 4296 de
2618 4242 2755 4295 caalo
2808 4239 3085 4295 descendit
3138 4236 3305 4291 Filius
3333 4237 3510 4292 homi-

1923 4335 2035 4387 -nis
2068 4333 2131 4384 ".
2174 4350 2192 4384 ι
2232 4331 2334 4398 Qui
2364 4340 2543 4386 autem
2595 4331 2683 4386 hic
2710 4329 2879 4383 Filius
2909 4329 3027 4399 ejus
3065 4327 3283 4391 dicitur,
3314 4340 3507 4381 secun-

1950 4425 2077 4500 dum
2112 4439 2330 4479 carnem
2364 4424 2718 4493 intelligatur,
2748 4436 2907 4491 quam
2931 4436 2995 4474 ex
3028 4419 3232 4502 semine
3264 4415 3431 4469 David
3452 4422 3508 4470 et

1952 4515 2258 4571 Salomonis
2285 4515 2479 4569 factam
2510 4517 2732 4582 accepit.

300 4605 464 4677 ϐηκεν
495 4609 573 4669 είς
602 4608 691 4660 τὸν
721 4607 945 4676 οὐρανὸν
986 4610 1035 4659 εἰ
1072 4610 1147 4679 μὴ
1174 4610 1199 4661 6
1226 4611 1289 4662 ὲκ
1321 4607 1413 4663 τοῦ
1458 4610 1681 4679 οὐρανοῦ
1714 4611 1953 4674 καταϐὰς
1991 4614 2018 4665 6
2076 4611 2202 4674 Υἱὸς
2248 4610 2340 4663 τοῦ
2388 4606 2699 4679 ἀνθρώπου·
2749 4624 2767 4657 ι
2807 4606 2863 4657 Ὀ
2887 4605 2930 4655 δ’
2956 4602 3181 4679 ἐνταῦθα
3224 4598 3509 4670 λεγόμενος

299 4698 459 4751 αὑτοῦ
495 4699 619 4762 Υἱὸς
648 4700 730 4770 είη
760 4699 825 4751 ἂν
857 4701 884 4752 6
906 4700 1044 4752 κατὰ
1095 4703 1268 4773 σάρκα
1298 4702 1597 4772 νοούμενος,
1625 4703 1690 4773 ἢν
1749 4704 2036 4776 ἀνείληφεν
2066 4706 2137 4757 ἐκ
2166 4704 2475 4774 σπέρματος
2506 4698 2666 4751 Δαυῖδ
2698 4698 2787 4751 καὶ
2820 4696 3155 4767 Σολομῶντος
3190 4693 3495 4763 γενομένηνρ

380 4810 515 4863 Ἀλλ’
555 4811 676 4863 ἐπεὶ
709 4810 969 4864 Ἰουδαίων
1000 4813 1183 4877 παῖδες
1221 4815 1323 4878 τὰς
1356 4816 1717 4887 προκειμένας
1740 4818 1850 4891 τῶν
1881 4822 1925 4875 D
2025 4815 2078 4872 St

1804 4818 1850 4870 iv
1881 4822 1925 4875 D
2025 4815 2126 4873 Sed
2153 4817 2279 4885 quia
2305 4814 2476 4869 Judaei
2504 4814 2602 4869 has
2647 4810 3061 4885 Proverbiorum
3094 4824 3252 4863 voces
3281 4808 3502 4860 univer-

298 4899 609 4969 Παροιμιῶν
641 4902 818 4969 φωνὰς
846 4903 925 4965 είς
956 4903 1045 4955 τὸν
1082 4906 1173 4956 ἐπὶ
1203 4907 1414 4961 πάντων
1452 4908 1581 4960 Θεὸν
1620 4906 1842 4970 ἀνάξου-

299 5006 401 5051 σιν,
424 4991 521 5042 οὐκ
552 4993 748 5055 εἰδότες
770 4994 859 5046 τὸν
884 4995 1007 5047 Υίὸν
1022 4995 1112 5046 τοῦ
1145 4996 1299 5061 Θεοῦ,
1322 4998 1555 5051 δεικτέον
1577 4998 1755 5060 αὐτοῖς
1783 5001 1846 5051 ἐκ

298 5078 401 5130 τῶν
427 5083 799 5150 προκειμένων
822 5086 894 5148 ὡς
932 5086 1058 5137 Υἱὸν
1095 5085 1249 5150 Θεοῦ,
1286 5089 1469 5157 σαφῶς
1498 5089 1587 5141 καὶ
1623 5088 1844 5159 διαρρή-

296 5166 391 5235 δην
419 5167 743 5239 παρίστησιν
768 5175 799 5241 ή
840 5175 1026 5246 Γραφὴ
1056 5175 1281 5243 λέγουσα
1300 5194 1313 5206 ⁸
1354 5197 1371 5229 ι
1397 5178 1460 5230 Τί
1482 5178 1649 5246 ὄνομα
1677 5178 1843 5248 αὐτῷ,

297 5257 388 5309 καὶ
404 5258 457 5308 τί
487 5259 651 5327 ὄνομα
684 5260 763 5329 τῷ
792 5262 904 5330 Υίῷ
935 5265 1129 5329 αὐτοῦς
1165 5286 1182 5316 ι
1210 5268 1431 5321 Φάσκων
1460 5268 1515 5319 δὲ
1541 5269 1570 5320 6
1608 5266 1760 5334 λόγος
1788 5272 1846 5323 ὲν

296 5347 372 5417 τῷ
396 5348 590 5419 ψαλμῷ
615 5366 625 5375 ·
652 5370 671 5400 ι
706 5352 764 5403 '0
792 5352 941 5417 Θεὸς,
966 5358 1025 5406 τὸ
1047 5358 1218 5427 κρίμα
1249 5377 1340 5412 σου
1364 5357 1439 5427 τῷ
1473 5358 1681 5426 βασιλεῖ
1700 5359 1838 5423 δὸς,›

297 5438 423 5491 ἄλλο
450 5434 582 5491 εἶναι
604 5439 664 5492 τὸ
684 5440 857 5510 κρίμα
882 5444 1030 5513 παρὰ
1052 5445 1148 5516 τὴν
1174 5449 1351 5518 κρίσιν
1374 5448 1631 5501 διδάσκει.
1654 5450 1842 5521 Κρίμα

284 5528 405 5607 ,γὰρ
434 5529 494 5581 τὸ
525 5528 670 5594 ἅπαξ
700 5530 853 5596 δόξαν
881 5532 957 5602 τῷ
981 5533 1097 5605 Θεῷ
1126 5535 1217 5589 καὶ
1245 5538 1305 5590 τὸ
1334 5536 1517 5609 κριθὲν
1543 5540 1670 5608 παρ’
1694 5540 1841 5610 αὑτῷ

297 5622 572 5689 τυγχάνει’
622 5622 798 5693 κρίσις
838 5623 894 5676 δὲ
944 5624 1049 5677 τῶν
1096 5628 1425 5698 κρινομένων
1468 5628 1765 5701 διάκρισις,

371 5796 390 5825 ⁹
416 5793 554 5852 Psal.
585 5815 643 5866 ιι,
670 5799 788 5856 6-8.
867 5802 908 5833 ¹⁰
932 5800 1086 5857 Prov.
1126 5819 1240 5866 νιιι,
1270 5804 1351 5860 ιι.
1432 5808 1469 5838 ¹¹
1496 5806 1627 5861 ibid.
1656 5805 1744 5872 9.2,
1776 5807 1860 5859 2ῗί-

1842 5974 1859 6003 Ι

1945 4924 2125 4962 serum
2157 4906 2263 4960 Deo
2312 4905 2567 4967 referent,
2587 4905 2903 4975 nescientes
2953 4901 3143 4957 Filium
3201 4898 3297 4954 Dei
3350 4898 3501 4951 hisce

1945 4999 2123 5055 verbis
2160 4998 2314 5066 quasi
2352 5012 2478 5051 vere
2518 4995 2706 5051 Filium
2738 4996 2828 5051 Dei
2861 4992 3335 5048 demonstrandum
3368 4989 3501 5058 ipsis

1946 5104 2085 5150 esse,
2114 5086 2167 5139 id
2201 5086 2345 5140 clare
2378 5095 2433 5141 et
2466 5093 2649 5155 aperte
2676 5082 2955 5151 Scriptura
3005 5082 3242 5139 declarat
3270 5079 3356 5131 bis
3381 5094 3499 5131 ver-

1947 5180 2061 5233 bis:
2092 5196 2109 5227 ι
2133 5176 2287 5242 Quod
2316 5193 2510 5231 nomen
2538 5177 2676 5244 ejus.
2694 5182 2747 5229 et
2768 5173 2911 5243 quod
2936 5188 3127 5227 nomen
3146 5170 3280 5225 Filio
3297 5171 3440 5237 ejus?
3471 5189 3489 5221 ι

1923 5270 2083 5325 .Cum
2131 5278 2306 5322 autem
2336 5266 2615 5337 Scriptura
2653 5265 2708 5318 in
2742 5265 2949 5333 psalmo
2982 5265 3139 5327 dicit,
3171 5281 3189 5312 ι
3226 5259 3388 5321 Deus.
3415 5262 3499 5330 jt’t-

1948 5362 2149 5416 dicium
2201 5366 2349 5413 tuum
2398 5359 2508 5427 regi
2544 5356 2650 5420 da;
2693 5373 2712 5405 ι
2755 5355 3026 5411 diversum
3069 5368 3188 5407 esse
3232 5352 3492 5421 judicium

1947 5468 1977 5506 a
2005 5449 2337 5519 judicatione
2364 5449 2539 5503 docet.
2568 5444 2699 5500 Nam
2750 5445 3011 5516 judicium
3044 5443 3296 5513 estquod
3328 5443 3492 5495 semel

1946 5540 2054 5595 Deo
2092 5539 2345 5609 placitum
2382 5550 2433 5593 et
2459 5536 2756 5605 judicatum
2792 5542 2875 5590 est
2897 5535 3203 5604 ;'judicatio
3247 5546 3375 5586 vero
3405 5539 3490 5586 est

1945 5644 2129 5687 eorum
2157 5645 2275 5699 qua:
2298 5630 2610 5699 iudicantur
2642 5641 2884 5689 examen,
2920 5625 3062 5695 quod
3112 5622 3353 5694 sequitur
3391 5636 3489 5691 pro

1942 5807 1982 5837 η
2012 5802 2169 5858 Prov.
2194 5804 2281 5861 50.
2307 5804 2357 5857 ι.
2472 5802 2512 5833 ³³
2541 5800 2696 5857 Joan.
2720 5818 2803 5856 ιιι.
2845 5800 2927 5853 t3.
