4300 6406
758 457 862 516 795

1417 457 1679 512 EUSEBII
1716 453 2194 510 CESARIENSIS
2233 453 2382 510 OPP.
2425 453 2603 508 PARS
2642 453 2730 511 Ill.
2753 484 2821 494 -—
2848 448 3256 506 EXEGETICA.

3857 453 3958 510 796

757 574 951 628 merito
983 572 1204 641 singulis
1243 573 1363 626 data
1407 574 1707 629 retributio.
1757 572 1936 638 Quare
1965 573 2049 625 hic
2079 588 2185 625 non
2222 571 2305 640 ju-
2334 587 2378 642 Α
2407 591 2455 624 πε

2265 589 2305 625 ι-
2334 587 2378 642 Α
2407 571 2796 642 παρακολουθεῖ
2827 570 2886 622 τὸ
2935 571 3051 622 κατ’
3087 568 3237 632 ἀξίαν
3283 566 3673 637 ἁπονεμητικδν
3721 567 3963 638 ἑκάστῳ.⁴

758 663 1079 719 dicationem
1126 666 1360 732 postulat
1393 667 1502 734 regi
1534 667 1671 726 dari,
1704 665 1800 720 sed
1838 665 2098 732 judicium
2123 705 2138 727 ,
2190 666 2302 720 sive

759 755 1076 808 sententiam
1108 764 1160 808 et
1193 756 1441 823 placitum
1470 753 1647 808 Patris
1676 755 1742 808 de
1774 754 1955 817 divino
1981 754 2098 808 Filii
2129 756 2212 809 sui
2237 755 2303 808 ad

755 842 1002 897 homines
1035 845 1283 897 adventu.
1341 842 1611 896 Judicium
1661 846 1840 912 itaque
1893 845 2038 914 regi,
2092 846 2300 914 justitia

757 949 884 988 vero
913 926 1021 986 ﬁlio
1049 936 1188 1002 regis
1217 933 1393 986 datur.
1426 936 1545 1002 Ipse
1571 934 1766 1002 quippe
1798 951 1890 988 rex
1915 936 2121 1004 justitia
2164 946 2300 997 erat,

757 1031 816 1074 ut
873 1024 1107 1076 declarat
1163 1023 1450 1092 Apostolus
1502 1024 1732 1078 dicens:
1775 1044 1792 1075 ‹
1834 1028 1933 1091 Qui
1997 1027 2168 1079 factus
2220 1037 2302 1081 est

754 1110 911 1164 nobis
945 1113 1206 1179 sapientia
1239 1127 1268 1164 a
1301 1111 1427 1174 Deo,
1454 1113 1663 1182 justitia
1695 1117 1819 1168 item
1850 1126 1903 1187 et
1927 1117 2299 1180 sanctiﬁcatio,

755 1211 808 1255 et
835 1205 1131 1273 redemptio
1158 1205 1220 1257 “.
1260 1223 1278 1254 ι
1317 1202 1439 1258 Haec
1489 1210 1665 1274 itaque
1702 1206 1876 1259 Patris
1935 1206 2144 1273 justitia
2195 1207 2302 1260 lilio

754 1292 896 1360 regis
947 1293 1070 1345 data
1131 1301 1206 1347 est
1276 1309 1339 1348 ex
1387 1296 1589 1349 semine
1641 1295 1804 1347 David
1857 1296 2150 1349 secundum
2185 1312 2302 1349 car-

759 1396 878 1434 nem
938 1381 1080 1436 facto
1111 1384 1217 1436 :‘in
1252 1399 1357 1452 quo
1409 1400 1507 1437 ceu
1550 1385 1603 1436 in
1654 1385 1850 1454 templo
1897 1385 2150 1439 habitavit
2208 1386 2300 1441 Dei

753 1473 975 1525 verbum
1029 1485 1081 1527 et
1123 1475 1380 1542 sapientia
1425 1483 1477 1529 et
1521 1475 1746 1543 justitia.
1785 1476 2013 1531 Causam
2047 1493 2172 1532 vero
2204 1493 2302 1532 cur

750 1560 962 1629 justitia
996 1572 1288 1617 memorato
1319 1565 1427 1618 lilio
1457 1567 1598 1636 regis
1633 1567 1755 1620 data
1789 1569 1896 1631 sit,
1927 1569 2116 1622 deinde
2147 1570 2300 1623 docet

756 1651 841 1706 bis
873 1653 1082 1706 verbis:
1123 1673 1140 1704 (
1175 1653 1424 1711 Judicare
1444 1658 1696 1725 populum
1730 1667 1880 1712 tuum
1909 1660 1961 1714 in
1991 1661 2223 1728 justitia,
2249 1671 2301 1716 et

756 1755 1020 1810 pauperes
1051 1751 1172 1798 tuos
1203 1746 1255 1798 in
1284 1746 1514 1814 judicio.
1551 1767 1569 1799 ι
1599 1746 1894 1817 Oportebat
1926 1753 2068 1803 enim
2103 1767 2300 1820 paupe-

757 1843 846 1883 res
881 1829 990 1894 Dei,
1027 1842 1076 1885 et
1106 1835 1362 1902 populum
1387 1836 1505 1902 ejus
1547 1836 1598 1888 in
1631 1837 1943 1891 hominibus
1968 1854 1996 1890 a
2025 1839 2131 1893 ﬁlio
2160 1842 2300 1910 regis

2408 665 2601 733 Διόπερ
2646 663 2874 717 ἐνταῦθα
2910 663 2968 714 οὐ
2998 662 3092 733 τὴν
3135 662 3312 730 κρίσιν
3353 659 3490 722 ἀξιοῖ
3533 659 3809 728 δοῦναιτῴ
3857 658 3953 728 βα-

2410 757 2567 808 σιλεῖ·
2601 755 2732 807 ἀλλά
2765 755 2823 806 τὸ
2858 754 3050 824 κρίμα,
3075 753 3312 805 τουτέστι
3335 752 3394 803 τὸ
3431 751 3602 820 δόγμα
3629 749 3720 802 καὶ
3749 749 3808 801 τὺ
3836 766 3964 819 κρι-

2409 847 2498 900 θέν
2529 847 2602 916 τῷ
2632 847 2799 918 Πατρὶ
2842 847 2966 916 περὶ
3008 845 3106 912 τῆς
3155 846 3233 906 είς
3278 841 3592 913 ἀνθρώπους
3643 840 3956 909 θεοφανείας

2410 937 2588 989 αὑτοῦ.
2623 937 2693 988 Τὸ
2732 937 2826 1004 μὲν
2863 932 2955 988 οῦν
2998 934 3168 1004 κρίμα
3207 931 3282 1001 τῷ
3319 931 3524 1000 βασιλεῖ
3564 930 3766 982 δέδοται
3789 947 3800 958 ·
3832 932 3864 998 ὴ
3898 928 3954 979 δὲ

2364 1049 2370 1057 ·
2407 1027 2712 1096 δικαιοσύνη
2745 1027 2822 1097 τῷ
2850 1027 2947 1096 υἱῷ
2977 1025 3069 1077 τοῦ
3098 1023 3373 1093 βασιλέως.
3403 1022 3717 1090 Δικαιοσύνη
3755 1021 3860 1091 γὰρ
3887 1015 3957 1089 ἦν

2409 1119 2564 1180 αὐτὸς
2594 1120 2620 1170 6
2661 1117 2942 1187 βασιλεὺς,
2991 1116 3172 1182 ὥσπερ
3210 1109 3300 1165 οὖν
3353 1112 3674 1182 παρίστησιν
3712 1113 3740 1163 6
3797 1112 3954 1164 Ἀπό-

2411 1209 2590 1272 στολος
2619 1208 2782 1260 εἰπών
2802 1225 2814 1237 ⁸
2855 1226 2873 1258 ι
2902 1209 2995 1269 Ὃς
3030 1205 3254 1275 ἐγενήθη
3294 1207 3424 1274 ἡμῖν
3477 1202 3634 1271 σοφία
3663 1202 3770 1254 ἀπὸ
3797 1202 3950 1264 Θεοῦ,

2407 1298 2711 1366 δικαιοσύνη
2744 1314 2801 1348 τε
2825 1297 2916 1349 καὶ
2941 1295 3225 1364 ἁγιασμὸς,
3251 1295 3342 1345 καὶ
3370 1291 3738 1362 ἀπολύτρωσις
3773 1311 3790 1343 ι
3809 1289 3955 1360 Αὕτη

2406 1391 2575 1442 τοίνυν
2601 1391 2632 1459 ἡ
2665 1388 2756 1442 τοῦ
2779 1387 2988 1457 Πατρὸς
3013 1385 3319 1453 δικαιοσύνη
3344 1384 3418 1454 τῷ
3447 1383 3557 1452 Υίῷ
3575 1384 3667 1436 τοῦ
3701 1381 3955 1453 βασιλέως

2406 1483 2607 1534 δέδοται
2655 1481 2729 1550 τῷ
2765 1483 2827 1532 ἐκ
2870 1478 3176 1548 σπέρματος
3219 1475 3378 1528 Δαυῖδ
3416 1476 3555 1528 κατὰ
3594 1477 3770 1546 σάρκα
3803 1490 3955 1541 γενο-

2410 1574 2582 1643 μένῳ’
2633 1574 2688 1624 ἐν
2807 1569 3119 1638 κατῴκησεν
3158 1566 3344 1635 ὥσπερ
3375 1568 3430 1618 ἐν
3463 1566 3572 1636 ναῷ
3623 1569 3650 1618 6
3691 1565 3796 1617 τοῦ.
3822 1563 3956 1616 θεοῦ

2405 1664 2556 1729 λόγος
2585 1665 2676 1715 καὶ
2720 1664 2751 1731 ἡ
2789 1661 2968 1729 σοφία,
3009 1659 3100 1711 καὶ
3127 1660 3158 1728 ἡ
3191 1656 3519 1726 δικαιοσύνη.
3555 1656 3663 1726 Τὴν
3696 1657 3751 1708 δὲ
3783 1654 3958 1707 αἰτίαν

2405 1754 2496 1805 τοῦ
2524 1753 2737 1822 δοθῆναι
2781 1752 2874 1820 τὴν
2915 1749 3255 1818 δικαιοσύνην
3287 1747 3363 1817 τῷ
3394 1745 3681 1817 δηλωθέντι
3727 1745 3826 1815 υίῷ
3863 1746 3957 1798 τεῦ

2411 1841 2692 1912 βασιλέως,
2728 1839 2854 1909 ἐξῆς
2897 1840 3133 1894 διδάσκει
3161 1839 3329 1907 λέγων
3349 1856 3360 1868 ο
3406 1857 3423 1888 ι
3455 1837 3674 1906 Κρίνειν
3715 1837 3802 1888 τὸν
3831 1836 3959 1889 λαόν

756 1921 811 1973 in
841 1921 1049 1988 justitia
1075 1924 1310 1991 judicari
1349 1946 1360 1979 :
1397 1927 1524 1994 quia
1577 1928 1682 1980 alio
1728 1930 1887 1983 modo
1926 1945 2100 2000 regem
2127 1949 2304 1988 susce-
2335 1938 2372 1990 Β
2405 1954 2454 1988 σε

2257 1951 2304 1988 e-
2335 1938 2372 1990 Β
2405 1954 2492 1988 σου
2521 1937 2576 1987 ἐν
2609 1932 2938 2004 δικαιοσύνῃ,
2967 1934 3057 1984 καὶ
3083 1933 3206 1992 τοὺς
3232 1928 3476 1998 πτωχούς
3508 1945 3598 1980 σου
3626 1929 3684 1979 ἐν
3717 1927 3911 1997 κρίσει.
3935 1948 3953 1979 ι

757 2015 895 2081 pturi
939 2029 1043 2066 non
1083 2023 1256 2068 erant.
1290 2015 1654 2080 Quamobrem
1691 2017 1915 2072 formam
1964 2024 2103 2075 servi
2159 2025 2302 2076 acci-

712 2148 724 2154 _
758 2103 908 2170 piens
935 2113 987 2157 et
1015 2105 1199 2158 habitu
1224 2107 1470 2161 inventus
1507 2115 1563 2160 ut
1585 2107 1765 2167 homo.
1797 2127 1890 2178 per
1914 2110 2103 2164 Filium
2129 2113 2300 2166 homi-

758 2194 843 2248 nis
878 2211 1035 2264 quem
1069 2187 1381 2264 assumpsit,
1423 2215 1486 2253 ex
1528 2200 1780 2255 omnibus
1827 2204 2077 2270 gentibus
2108 2220 2302 2258 secun-

754 2287 881 2340 dum
921 2290 1022 2340 hoc
1044 2289 1174 2356 justi
1207 2289 1306 2342 viri
1334 2291 1534 2344 dictum
1566 2292 1662 2361 (l),
1694 2312 1711 2344 ι
1740 2295 1898 2363 elegit
1919 2296 2018 2348 sibi
2048 2297 2298 2365 populum

756 2378 1080 2445 peculiarem
1111 2381 1184 2446 ¹⁸;
1229 2399 1246 2430 ι
1286 2396 1494 2436 necnon
1529 2397 1623 2436 eos
1646 2385 1736 2451 qui
1773 2385 1858 2437 hic
1883 2401 2145 2454 pauperes
2183 2392 2300 2454 ejus

757 2476 1043 2531 vocantur,
1080 2486 1215 2538 quos
1258 2472 1347 2524 ille
1384 2473 1570 2527 beatos
1618 2475 1873 2542 praedicat
1933 2476 2018 2530 his
2070 2477 2247 2531 verbis
2285 2498 2296 2531 :

764 2569 785 2603 α
831 2554 974 2610 Beati
1017 2575 1282 2627 pauperes
1325 2561 1540 2628 Spiritu,
1609 2564 1859 2631 quoniam
1925 2566 2164 2632 ipsorum
2220 2577 2301 2621 est

759 2659 1044 2715 regnorum
1065 2650 1321 2702 caalorum
1352 2651 1411 2704 ¹⁶.
1458 2671 1474 2703 ι
1505 2652 1568 2704 Et
1588 2655 1720 2708 alias
1751 2657 1814 2708 de
1840 2656 2050 2724 justitia
2073 2658 2184 2711 haec
2204 2658 2302 2710 do-

756 2741 844 2786 cet
875 2737 1162 2802 Apostolus
1193 2757 1205 2790 :
1249 2757 1264 2788 ι
1304 2736 1418 2792 Non
1447 2741 1586 2793 enim
1613 2744 1875 2797 erubesco
1906 2743 2250 2814 Evangelium
2287 2765 2297 2799 :

757 2822 932 2877 virtus
966 2826 1108 2878 enim
1151 2825 1242 2880 Dei
1273 2836 1356 2882 est
1386 2829 1439 2882 in
1476 2832 1702 2884 salutem
1734 2835 1879 2886 omni
1913 2835 2176 2899 credenti,
2210 2834 2301 2888 Ju-

758 2913 873 2967 ἀπο
900 2917 1150 2983 primum,
1182 2927 1234 2970 et
1262 2916 1467 2974 Graeco.
1497 2918 1712 2973 Iustitia
1738 2923 1881 2975 enim
1919 2924 1972 2976 in
1995 2925 2112 2992 ipso
2150 2940 2300 2978 reve~

757 3004 902 3057 latnr
928 3007 988 3059 ”.
1042 3025 1060 3057 ι
1104 3006 1178 3060 De
1209 3008 1536 3076 pauperibus
1566 3013 1690 3063 item
1717 3013 1830 3065 haec
1873 3013 1987 3084 ipse
2015 3014 2250 3088 declarat
2285 3035 2297 3068 :

763 3111 783 3144 ι
825 3092 1011 3146 Videte
1047 3096 1187 3148 enim
1223 3099 1562 3152 vocationem
1606 3109 1862 3163 vestram,
1906 3100 2120 3164 fratres,
2177 3106 2300 3172 quia

757 3198 867 3236 non
918 3185 1068 3237 multi
1115 3187 1383 3254 sapientes
1414 3189 1706 3243 secundum
1741 3207 1978 3255 carnem,
2012 3209 2117 3246 non
2149 3195 2300 3248 multi

759 3273 990 3335 nobiles,
1026 3289 1132 3328 non
1174 3279 1322 3330 multi
1349 3287 1596 3348 potentes
1637 3301 1648 3336 :
1695 3283 1790 3337 sed
1821 3299 1937 3352 qua:
1963 3285 2126 3347 stulta
2178 3295 2302 3339 sunt

759 3362 971 3426 mundi,
995 3364 1151 3434 elegit
1171 3365 1330 3430 Deus,
1365 3376 1424 3420 ut
1450 3369 1745 3424 confundat
1784 3374 2060 3441 sapientes
2084 3353 2116 3439 ;’
2135 3382 2188 3427 et
2219 3376 2304 3427 in-

761 3454 913 3506 firma
951 3461 1005 3508 et
1029 3458 1451 3525 contemptibilia
1485 3460 1668 3529 elegit,
1700 3469 1754 3514 et
1771 3476 1840 3514 ea
1879 3476 1998 3529 qua:
2028 3478 2134 3516 non
2159 3475 2302 3526 sunt,

759 3556 818 3602 ut
842 3561 903 3601 ea
930 3563 1047 3617 qua:
1063 3558 1209 3613 sunt,
1236 3548 1576 3616 destrueret;
1616 3560 1674 3603 ut
1706 3565 1812 3604 non
1845 3551 2102 3621 glorietur
2130 3555 2306 3608 omnis

761 3652 888 3690 caro
916 3641 969 3692 in
999 3648 1291 3708 conspectu
1321 3637 1414 3692 Dei
1442 3639 1507 3692 ¹⁸.
1549 3660 1567 3691 ι

2405 2029 2548 2079 Ἔδει
2583 2026 2687 2097 γὰρ
2721 2027 2842 2086 τοὺς
2869 2026 3112 2094 πτωχοὺς
3141 2022 3234 2075 τοῦ
3267 2020 3399 2073 Θεοῦ
3429 2021 3634 2073 καὶτὸν
3665 2022 3720 2072 ἐν
3749 2019 3958 2091 ἀνθρώ⁴

2403 2135 2522 2190 ποις
2553 2117 2677 2168 λαὸν
2717 2113 2878 2167 αὑτοῦ
2914 2115 3015 2166 ὑπὸ
3044 2113 3136 2165 τοῦ
3179 2113 3293 2164 υἱοῦ
3321 2111 3414 2164 τοῦ
3465 2111 3723 2181 βασιλέως
3754 2112 3962 2182 διακρί-

2400 2207 2581 2259 νεσθαι
2613 2208 2669 2258 ἐν
2698 2204 3030 2274 δικαιοσύνῃ·
3064 2203 3182 2256 ἐπεὶ
3229 2203 3300 2272 μὴ
3332 2201 3566 2271 ἐχώρουν
3605 2201 3777 2263 ἄλλως
3807 2201 3958 2265 δέξα-

2402 2297 2520 2348 σθαι
2549 2296 2635 2347 τὸν
2667 2295 2903 2363 βασιλέα.
2937 2294 3131 2362 Διόπερ
3177 2293 3386 2363 μορφὴν
3425 2291 3605 2342 δούλου
3653 2289 3838 2344 λαϐὼν
3867 2292 3960 2342 καὶ

2403 2389 2634 2456 σχήματι
2685 2383 2922 2454 εὑρεθεὶς
2973 2384 3047 2445 ὼς
3096 2382 3397 2452 ἄνθρωπος,
3431 2381 3495 2433 δι’
3556 2372 3615 2431 οὗ
3674 2380 3960 2448 ἀνείληφεν

2402 2477 2529 2528 Υἱοῦ
2567 2471 2849 2545 ἀνθρώπου
2886 2473 2944 2538 ἐξ
2977 2475 3226 2526 ἁπάντων
3253 2473 3359 2525 τῶν
3394 2472 3558 2524 ἐθνῶν
3593 2471 3730 2528 κατά
3767 2471 3860 2523 τοῦ
3881 2471 3960 2524 δι-

2402 2568 2551 2620 καίου
2591 2567 2764 2633 λόγον,
2817 2586 2833 2617 ι
2866 2565 3142 2630 ἐξελέξατο
3183 2564 3356 2632 ἐαυτῷ
3396 2563 3520 2614 λαὸν
3570 2561 3900 2630 περιούσιον,
3933 2581 3953 2612 ι

2403 2662 2492 2711 καὶ
2523 2661 2645 2721 τοὺς
2694 2657 3055 2727 καλουμένους
3101 2654 3264 2708 αὑτοῦ
3298 2655 3559 2722 πτωχοὺς,
3595 2652 3686 2715 οὒς
3730 2652 3822 2704 καὶ
3857 2667 3958 2720 μα-

2402 2749 2636 2819 καρίζων
2668 2750 2814 2816 ἔλεγε
2837 2767 2849 2778 ·
2887 2769 2902 2798 ι
2931 2748 3200 2816 Μακάριοι
3247 2747 3295 2798 οἱ
3332 2746 3533 2814 πτωχοὶ
3570 2743 3644 2813 τῷ
3671 2744 3956 2811 πνεύματι,

2401 2840 2480 2891 ὅτι
2504 2838 2676 2891 αὐτῶν
2703 2842 2845 2890 ἐστιν
2875 2840 2906 2908 ή
2931 2838 3172 2907 βασιλεία
3190 2837 3297 2888 τῶν
3317 2834 3575 2907 οὐρανῶν.
3603 2853 3620 2883 ι
3652 2832 3956 2893 Καὶάλλως

2401 2929 2455 2980 δὲ
2487 2930 2613 3000 περὶ
2655 2931 2754 2996 τῆς
2797 2928 3136 2996 δικαιοσύνης
3178 2927 3414 3006 διδάσκει
3451 2929 3480 2978 6
3520 2925 3832 2986 Ἀπόστολος
3870 2925 3956 2978 λέ-

2402 3035 2511 3084 γων
2530 3035 2542 3048 ·
2573 3037 2589 3069 ι
2615 3020 2687 3070 Οὑ
2713 3018 2816 3088 γὰρ
2848 3021 3237 3087 ἐπαισχύνομαι
3266 3017 3326 3069 τὸ
3348 3016 3672 3083 Εὑαγγέλιον
3693 3035 3704 3045 ·
3733 3017 3958 3086 δύναμις

2403 3111 2508 3178 γὰρ
2533 3109 2665 3162 Θεοῦ
2709 3112 2853 3162 ἐστιν
2889 3109 2965 3170 εἰς
3010 3109 3278 3178 σωτηρίαν
3321 3107 3483 3159 παντὶ
3518 3107 3596 3175 τῷ
3630 3109 3954 3169 πιστεύοντι,

2416 3198 2649 3268 Ἰουδαίῳ
2681 3216 2738 3251 τε
2767 3199 2977 3268 πρῶτον
3015 3199 3107 3250 καὶ
3135 3197 3372 3267 Ἕλληνι.
3407 3197 3725 3265 Δικαιοσύνη
3765 3196 3870 3266 γὰρ
3899 3199 3958 3249 ἐν

2403 3287 2547 3356 αύτῷ
2573 3287 3023 3340 ἀποκαλύπτεται.
3058 3307 3073 3338 ι
3107 3288 3230 3340 Καὶ»
3250 3289 3376 3356 περὶ
3407 3287 3514 3339 τῶν
3541 3287 3768 3354 πτωχῶν
3798 3286 3963 3338 πάλιν

2401 3379 2428 3429 6
2469 3379 2626 3440 αὐτὸς
2654 3379 2899 3445 διασαφεῖ
2942 3377 3111 3445 λέγων
3133 3396 3146 3408 ο
3183 3398 3200 3429 ι
3232 3379 3462 3430 Βλέπετε
3489 3377 3594 3447 γὰρ
3626 3378 3724 3447 τὴν
3769 3377 3948 3448 κλῆσιε

2404 3467 2573 3537 ὑμῶν,
2606 3468 2849 3535 ἀδελφοί·
2879 3469 2958 3521 ὅτι
2987 3469 3045 3520 οὐ
3076 3467 3259 3521 πολλοὶ
3291 3468 3440 3536 ιιόφολ⁵
3485 3467 3625 3519 κατά
3667 3469 3861 3537 σάρκα,
3892 3467 3957 3521 οὐ

2404 3558 2585 3610 πολλοὶ
2627 3561 2881 3627 εὐγενεῖς,
2909 3561 2969 3612 οὺ
3019 3559 3200 3612 πολλοὶ
3230 3559 3475 3612 δυνατοίο
3516 3559 3648 3612 ἀλλά
3697 3558 3764 3610 τὰ
3799 3558 3957 3629 μωρά

2403 3647 2494 3699 τοῦ
2527 3649 2728 3718 κόσμου
2780 3648 3054 3714 ἐξελέξατο
3091 3651 3118 3700 6
3158 3647 3316 3710 Θεὸς,
3344 3647 3430 3700 ἵνα
3476 3646 3802 3716 καταισχύνῃ
3834 3646 3956 3707 τοὺς

718 3784 721 3786 _
761 3727 980 3796 σοφούς·
1012 3729 1104 3780 καὶ
1146 3728 1213 3780 τά
1240 3728 1434 3798 ἀσθενῆ
1469 3729 1559 3780 καὶ
1595 3728 1663 3780 τά
1690 3729 2078 3801 ἐξουθενημένα
2123 3732 2419 3800 ἐξελέξατο,
2446 3738 2632 3791 καὶτὰ
2667 3740 2740 3809 μὴ
2765 3739 2910 3801 ὄντα,
2978 3740 3063 3790 ἵνα
3124 3739 3190 3790 τά
3229 3739 3356 3791 ὄντα
3419 3741 3772 3808 καταργήσῃ·
3809 3739 3956 3798 ὅπως

763 3827 836 3896 μὴ
870 3825 1206 3895 καυχήσηται
1239 3825 1385 3876 πᾶσα
1411 3823 1544 3896 σάρξ
1569 3823 1794 3878 ἐνώπιον
1819 3826 1911 3878 τοῦ
1931 3827 2085 3881 Θεοῦ.
2111 3847 2128 3878 ι

830 3939 992 3996 Vens.
1028 3944 1078 3997 '5.
1116 3964 1134 3995 ι
1178 3944 1486 4016 Suscipiant
1513 3954 1721 4002 montes
1763 3961 1948 4015 pacem
1996 3950 2214 4018 populo,
2249 3957 2302 4003 et

763 4033 929 4086 colles
953 4033 1240 4102 justitiam.
1275 4057 1292 4089 ›
1317 4036 1517 4093 Praeter
1548 4038 1728 4108 priora
1750 4038 1862 4091 haec
1893 4053 2105 4108 quoque
2135 4040 2305 4110 spiri-

762 4129 853 4177 tus
879 4124 1224 4192 prOplieticus
1253 4136 1526 4196 precatur,
1549 4138 1606 4183 ut
1648 4137 1855 4184 montes
1904 4131 2169 4198 quondam
2205 4145 2302 4198 po-

770 4214 896 4282 pulo
925 4211 1124 4276 infesti,
1156 4216 1329 4283 posita
1362 4217 1661 4279 inimicitia,
1693 4233 1876 4286 pacem
1898 4235 2018 4272 cum
2051 4234 2116 4272 eo
2139 4219 2294 4273 habe-

767 4311 908 4364 rent,
938 4312 992 4356 et
1017 4313 1071 4357 ut
1107 4307 1268 4361 colles
1295 4308 1598 4377 praedictam
1621 4307 1878 4376 justitian:
1968 4325 2078 4362 ..em
2106 4310 2302 4378 populo

766 4393 1168 4447 annuntiarent.
1221 4394 1336 4448 Jam
1393 4396 1600 4465 pridem
1634 4399 1775 4450 enim
1815 4405 2025 4453 montes
2060 4413 2182 4451 cum
2216 4413 2304 4467 po-

763 4483 890 4551 pulo
940 4484 1252 4540 inimicitias
1303 4493 1627 4556 gesserunt,
1701 4495 1754 4540 et
1807 4486 1972 4540 colles
2031 4488 2298 4544 similiter.

2485 3969 2501 3999 ι
2543 3947 2973 4001 Ἀναλαϐέτωσαν
3002 3945 3070 3998 τά
3109 3946 3214 4022 ὅρη
3240 3947 3456 4016 εἰρήνην
3483 3945 3560 4015 τῷ
3593 3947 3725 4015 λαῷ,
3773 3947 3955 4001 καὶ-οἱ

2411 4040 2586 4110 βουνοὶ
2607 4037 2965 4105 δικαιοσύνην.
2998 4055 3014 4086 ι
3047 4036 3188 4105 Πρὸς
3222 4038 3332 4099 τοίς
3365 4036 3644 4105 προτέροις
3674 4037 3765 4088 καὶ
3789 4034 3957 4089 ταῦτα

2407 4129 2469 4180 τὸ
2505 4127 2714 4198 πνεῦμα
2752 4128 2811 4179 τὸ
2849 4125 3178 4196 προφητικὸν
3211 4125 3445 4194 εὔχεται,
3472 4125 3618 4187 ὅπως
3651 4126 3718 4179 τὰ
3762 4125 3859 4197 δρη
3889 4127 3959 4182 τὰ

2410 4219 2571 4270 πάλαι
2607 4217 2953 4287 ἐχθραίνοντα
2994 4216 3068 4285 τῷ
3111 4215 3222 4285 λαῷ
3252 4215 3580 4284 είρηνεύσειε
3619 4218 3752 4287 πρὸς
3799 4218 3958 4271 αὑτὸν

2407 4307 2762 4378 ἀπωθούμενα
2804 4307 2899 4376 τὴν
2943 4308 3136 4377 ἔχθραν
3163 4347 3176 4371 ,
3223 4309 3313 4360 καὶ⁷
3355 4309 3500 4372 ὅπως
3543 4311 3590 4361 οἱ
3640 4309 3813 4380 βουνοὶ
3858 4313 3957 4381 τὴν

2409 4395 2792 4468 προλεχθεῖσαν
2842 4397 3178 4466 δικαιοσύνην
3221 4398 3299 4467 τῷ
3349 4399 3496 4468 αὐτῷ
3533 4400 3642 4470 λαῷ
3681 4402 3957 4468 εὐαγγελί-

2409 4484 2622 4547 ζωνται.
2649 4485 2915 4554 Πρότερον
2948 4484 3044 4553 μὲν
3068 4485 3174 4553 γὰρ
3203 4484 3271 4536 τὰ
3315 4487 3414 4556 δρη
3465 4487 3659 4558 ἔχθραν
3686 4485 3797 4557 εἶχε
3823 4487 3958 4558 πρὸς

761 4570 897 4625 Cum
925 4579 1101 4628 autem
1138 4574 1280 4630 ﬁlius
1323 4577 1463 4645 regis
1493 4577 1746 4646 populum
1790 4574 1918 4628 olim
1964 4585 2299 4645 extraneum,
2334 4574 2375 4628 D
2403 4579 2459 4630 τὸ

2255 4595 2299 4645 ιι,
2334 4574 2375 4628 D
2403 4579 2492 4630 τὸν
2533 4576 2677 4642 λαὸν,
2712 4576 2803 4629 καὶ
2836 4579 2883 4628 οί
2915 4576 3087 4643 βουνοὶ
3131 4576 3416 4640 ὡσαύτως·
3445 4579 3532 4630 ὅτε
3559 4579 3614 4631 δὲ
3637 4583 3666 4632 6
3708 4579 3819 4641 υίὸς
3860 4580 3953 4634 τοῦ

763 4662 1039 4729 proprium
1073 4664 1176 4717 sibi
1212 4665 1361 4728 facit,
1416 4673 1548 4718 tunc
1584 4671 1812 4726 montes,
1856 4672 1912 4717 ut
1964 4663 2053 4717 hic
2108 4681 2308 4720 vocan-

2403 4667 2660 4738 βασιλέως
2715 4667 2842 4720 ἴδιον
2876 4668 3162 4736 ἐποιήσατο
3193 4668 3283 4720 τὸν
3332 4668 3454 4722 λαὸν
3510 4670 3672 4723 πάλαι
3724 4669 3956 4739 ἀπηλλο⁹

764 4760 873 4814 tur,
907 4765 1090 4819 pacem
1120 4767 1240 4806 cum
1281 4755 1482 4823 populo
1529 4755 1744 4808 habent.
1798 4753 2006 4808 Montes
2047 4762 2220 4807 autem
2254 4762 2306 4808 et
2400 4773 2462 4827 τρ

2254 4762 2306 4808 et
2400 4756 2694 4827 τριωμένον
2726 4753 2910 4816 αὑτοῦ,
2936 4752 3230 4821 τηνικαῦτα
3275 4756 3366 4808 καὶ
3418 4755 3486 4806 τὰ
3519 4755 3820 4823 καλούμενα
3868 4759 3952 4808 ἐν-

761 4842 929 4898 colles
949 4857 1132 4910 pacem
1164 4857 1285 4897 cum
1316 4844 1513 4913 populo
1541 4844 1820 4908 habentes,
1844 4859 1980 4914 quos
2011 4859 2132 4898 esse
2160 4843 2309 4897 dixe-
2401 4864 2459 4899 τα

2257 4859 2309 4897 e-
2401 4846 2572 4900 ταῦθα
2603 4846 2704 4916 ὅρη
2736 4844 3002 4915 είρηνεύει
3021 4844 3154 4914 πρὸς
3178 4846 3265 4897 τὸν
3290 4847 3435 4898 λαόν.
3466 4848 3602 4915 Ὄρη
3629 4845 3683 4896 δὲ
3713 4847 3803 4897 καὶ
3836 4845 3955 4913 βου-

762 4933 861 4994 ris,
890 4932 994 4985 nisi
1025 4934 1336 5002 angelorum
1361 4933 1610 4995 chorum,
1641 4944 1695 4986 et
1719 4934 1804 4987 his
1833 4935 2138 5003 superiores
2165 4933 2306 4986 divi-

764 5039 864 5079 nas
895 5025 1164 5091 virtutes?
1187 5041 1304 5094 quae
1330 5041 1450 5079 cum
1480 5024 1606 5077 olim
1638 5025 1866 5092 populus
1889 5033 2176 5081 extraneus
2197 5025 2306 5080 Deo

767 5127 927 5178 esset,
963 5115 1274 5170 inimicitias
1307 5131 1428 5168 cum
1476 5131 1540 5168 eo
1587 5114 1881 5184 gerebant;
1930 5130 2073 5173 nunc
2125 5123 2304 5171 autem

767 5219 891 5259 cum
918 5204 970 5258 in
1007 5205 1403 5273 possessionem
1436 5204 1529 5258 ﬁlii
1559 5205 1702 5273 regis
1733 5206 1960 5268 venerit,
1994 5209 2169 5274 posita
2197 5208 2303 5261 ini-

770 5294 993 5356 micitia.
1025 5296 1209 5348 amicae
1239 5294 1357 5362 ejus
1382 5294 1579 5348 eﬂ’ectae
1605 5305 1748 5350 sunt.
1782 5294 1916 5360 Quis
1948 5297 2016 5350 sit
2044 5312 2171 5352 vero
2202 5312 2302 5365 po-

771 5385 931 5454 pulus
961 5400 1027 5438 ex
1059 5386 1312 5463 omnibus
1337 5385 1583 5454 gentibus
1622 5370 1841 5440 coactus
1899 5387 2168 5458 intelliges
2192 5427 2206 5451 ,
2257 5389 2302 5441 si

776 5476 861 5530 his
885 5473 1132 5529 conferas
1165 5474 1435 5530 Zachariae
1466 5475 1824 5544 prophetiam,
1858 5491 1976 5545 qua:
1997 5480 2076 5533 sic
2105 5478 2264 5532 habet
2288 5495 2301 5530 :

2405 4936 2526 4999 νοῦς
2558 4936 2926 5006 είρηνεύοντας
2958 4932 3258 5003 ἀνθρώποις
3300 4936 3448 4996 τίνας
3478 4933 3544 4985 ἂν
3596 4935 3767 4996 εἴποις
3798 4935 3830 5004 ἢ
3864 4937 3958 4989 τὸν

2412 5026 2652 5094 ἀγγέλων
2696 5025 2854 5095 χορὸν
2899 5024 2994 5077 καὶ
3024 5025 3120 5088 τὰς
3150 5025 3350 5077 τούτων
3383 5024 3653 5093 ἁνωτέρας
3691 5024 3836 5088 θείας
3867 5026 3955 5078 δυ-

2411 5120 2629 5188 νάμεις;
2657 5117 2712 5171 αἱ
2759 5115 2921 5168 πάλαι
2955 5117 3073 5185 μὲν,
3100 5116 3186 5168 ὅτε
3228 5113 3500 5184 ἀλλότριος
3545 5111 3666 5190 ἦνό
3695 5116 3816 5179 λαὸς
3858 5115 3958 5169 τοῦ

2411 5208 2562 5272 Θεοῦ,
2594 5206 2785 5277 ἐχθραὶ
2815 5201 2952 5275 ἦσαν
2984 5205 3147 5259 αἰτοῦ
3170 5221 3184 5236 ο
3216 5204 3308 5258 νῦν
3330 5203 3373 5255 δ’
3420 5205 3507 5256 ὅτε
3540 5205 3722 5274 κτῆμα
3765 5206 3953 5273 γέγονε

2410 5297 2500 5348 τοῦ
2539 5296 2654 5348 υἱοῦ
2688 5293 2777 5347 τοῦ
2812 5292 3100 5362 βασιλέως,
3150 5289 3504 5360 ἱφιλιώθησαν
3545 5293 3688 5362 αύτῷ
3722 5293 3952 5362 μεταδα-

2409 5385 2583 5448 λόντες
2611 5385 2709 5453 τῆς
2737 5382 2953 5454 ἔχθρας.
2993 5383 3227 5452 Νοησεις
3252 5380 3308 5432 δέ
3338 5379 3426 5433 τὸν
3461 5383 3517 5448 ἐξ
3557 5382 3804 5435 ἁπάντων
3845 5380 3953 5434 τῶν

2411 5475 2575 5529 ἐθνῶν
2613 5473 2944 5544 συνηγμένον
2973 5471 3116 5536 λαὸν,
3153 5471 3412 5540 παραθεὶς
3435 5472 3636 5535 τούτοις
3663 5472 3760 5542 τὴν
3791 5472 3848 5524 ἐν
3875 5469 3956 5538 τῷ

849 5626 926 5680 “l
954 5627 1081 5682 Cor.
1119 5641 1156 5692 ι,
1180 5626 1266 5682 50.
1343 5628 1386 5659 ⁸⁸
1413 5627 1568 5683 Deut.
1588 5643 1696 5691 xw,
1729 5627 1784 5682 Ω.
1861 5628 1903 5659 ⁸⁸
1935 5627 2119 5684 Matth.
2152 5647 2202 5695 ι’,
2233 5631 2287 5685 5.
2364 5628 2404 5660 ’⁷
2439 5627 2547 5684 Bon

1669 5645 1696 5691 ν,
1729 5627 1784 5682 ‘2.
1861 5628 1903 5659 “
1935 5627 2119 5684 Matth.
2152 5647 2202 5695 ι’,
2233 5631 2287 5685 5.
2364 5628 2404 5660 ¹⁷
2439 5627 2588 5684 Rom.
2623 5645 2660 5692 I,
2689 5627 2772 5682 lC.
2851 5625 2931 5680 ³⁸1
2964 5623 3085 5681 Cor.
3111 5641 3150 5694 ι,
3182 5625 3367 5682 ἒϐη-29.

851 5805 925 5875 (ι)
960 5800 1069 5869 γει,
1099 5802 1373 5858 secundum
1405 5805 1622 5873 justttic
1647 5806 1914 5861 rationem.
