4300 6432
323 444 417 499 797

1430 452 1925 512 COMMENTARIA
1962 458 2027 512 ΙΝ
2066 458 2397 516 PSALMOS.

3407 470 3515 523 708
3554 497 3584 522 Α

316 556 558 626 Ζαχαρία
604 560 966 628 προφητείαν,
1010 553 1111 613 ὧδε
1157 561 1451 629 λέγουσαν·
1498 584 1515 614 ι
1561 568 1728 636 Χαῖρε
1773 567 1906 629 καὶλ

1936 622 1939 627 ,
1972 587 1989 619 ι
2027 568 2214 624 Gaude
2244 578 2297 624 et
2327 571 2528 633 lartare,
2563 570 2667 623 lilia
2705 570 2855 625 Sion.
2888 572 3025 628 Ecce
3061 590 3158 629 rex
3190 583 3317 632 tuus
3344 583 3529 644 venit,‘

315 644 621 713 εὐφραίνου,
658 646 890 716 θύγατερ
912 648 1064 702 Σιών.
1084 650 1209 701 Ἰδοὺ
1240 651 1268 700 6
1298 650 1542 718 βασιλεύς
1587 670 1677 705 σου
1716 654 1867 725 ἔρχερ

314 750 418 797 ται,
453 736 546 787 καὶ
568 738 973 805 κατασκηνώσει
1007 741 1063 790 ἐν
1109 739 1255 808 μέσῳ
1288 757 1402 806 σου,
1454 742 1598 811 λέγει
1630 744 1862 821 Κύριος.

314 824 422 876 Καὶ
448 825 873 895 καταφεύξονται
908 827 1031 897 ἔθνη
1063 828 1228 881 πολλά
1266 830 1357 881 ὲπὶ
1392 831 1481 883 τὸν
1513 833 1740 903 Κύριον,
1771 836 1864 886 καὶ

314 910 523 965 ἔσονταί
566 931 655 983 μοι
684 917 761 978 εἰς
795 915 949 979 λαὸν,
987 918 1137 983 κάγὼ
1178 915 1367 987 ἔσομαι
1399 922 1579 985 αὐτοῖς
1606 927 1685 986 είς
1711 924 1858 978 Θεόν.

312 1004 422 1056 Καὶ
484 1004 811 1073 γνώσονται,
862 1009 941 1058 ὅτι
1001 1005 1202 1077 Κύριος
1260 1012 1646 1085 παντοκράτωρ
1693 1016 1859 1081 ἑξαπ-

314 1090 539 1144 έσταλκέ
574 1111 638 1162 με
664 1095 795 1163 πρὸς
822 1095 900 1147 σέ.
927 1114 944 1146 ι
966 1096 1157 1163 Σαφῶς
1177 1097 1282 1167 γὰρ
1302 1099 1386 1151 διὰ
1404 1099 1604 1153 τούτων
1626 1103 1730 1154 ἀπὸ
1753 1103 1860 1155 τῶν

312 1180 501 1244 ἐθνῶν,
536 1184 646 1236 ἀλλ’
676 1185 772 1237 οὐκ
798 1184 901 1235 ἀπὸ
935 1184 1028 1237 τοῦ
1077 1186 1340 1239 Ἰουδαίων
1372 1187 1552 1251 ἔθνους
1583 1188 1858 1255 σύντάξειν

312 1269 471 1334 αὐτὸς
505 1272 678 1341 ἐαυτῷ
697 1272 822 1324 λαὸν
849 1275 877 1325 6
907 1274 1104 1343 Κύριος
1136 1274 1556 1342 εὐαγγελίζεται.
1586 1276 1767 1347 Τούτῳ
1795 1279 1855 1348 δὴ

309 1356 399 1413 οὖν
432 1360 509 1430 τῷ
538 1361 648 1432 λαῷ
672 1364 726 1414 αἱ
748 1363 999 1433 δυνάμεις
1027 1367 1081 1417 αἱ
1115 1366 1463 1436 ὑπερκόσμιοι
1496 1367 1587 1418 καὶ
1614 1367 1670 1419 αἱ
1696 1368 1857 1435 ἀγγε-

310 1450 475 1515 λικαὶ,
505 1451 602 1522 όρη
634 1452 727 1505 καὶ
763 1452 940 1521 βουνοὶ
985 1455 1214 1508 ἐνταῦθα
1250 1456 1673 1526 ὀνομαζόμεναι,
1706 1458 1857 1527 εἰρή-

308 1557 499 1593 νευσαν
532 1542 904 1612 ὲχθραίνουσαι
937 1546 997 1597 τὸ
1026 1547 1171 1616 πρὶν,
1201 1548 1287 1598 ὅτε
1316 1549 1380 1616 τῇ
1412 1546 1552 1617 ἀθέῳ
1575 1551 1855 1618 προσεῖχεν

306 1631 733 1703 εἰδωλολατρείᾳ.
781 1636 845 1687 Αἱ
894 1635 935 1687 δ’
976 1637 1136 1689 αὑταὶ
1184 1638 1526 1707 δικαιοσύνην
1579 1639 1855 1706 εὐαγγελί-

305 1720 486 1784 ζονται
522 1721 598 1792 τῷ
644 1724 789 1793 αύτῷ
822 1723 962 1794 λαῷο
1004 1726 1118 1794 ἤτοι
1152 1728 1239 1779 τὸν
1283 1728 1523 1797 Χριστὸν¹
1551 1728 1643 1779 τοῦ
1685 1727 1816 1779 Θεοῦ
1838 1766 1851 1790 ,
1882 1793 1886 1798 ,

305 1814 464 1866 αὐτὸν
491 1814 618 1868 ὄντα
638 1816 735 1885 τὴν
762 1816 1121 1886 δικαιοσύνην,
1158 1817 1190 1887 ἢ
1224 1816 1282 1869 τὸ
1316 1820 1574 1888 σωτήριον
1617 1818 1855 1886 Εὐαγγέ-

1964 668 2017 713 et
2046 660 2313 714 habitabit
2342 660 2395 714 in
2429 662 2605 719 medio
2639 663 2736 725 tui,
2764 663 2895 716 dicit
2925 663 3205 721 Dominus.
3232 666 3297 720 Et
3325 669 3514 723 confu-

1964 753 2109 822 gient
2136 760 2323 820 gentes
2356 752 2539 805 multa:
2584 753 2650 805 ad
2676 752 2984 818 Dominum,
3018 763 3074 837 et
3100 769 3259 811 erunt
3289 759 3420 813 mihi
3455 761 3513 813 in

1964 845 2243 912 populum,
2267 851 2322 897 et
2347 858 2447 913 ego
2478 860 2572 898 ero
2602 844 2682 898 eis
2715 845 2770 897 in
2818 844 3009 899 Deum.
3066 846 3130 899 Et
3180 861 3512 917 cognoscent

1960 936 2085 1003 quia
2116 933 2379 988 Dominus
2413 937 2757 1003 omnipotens
2787 937 2935 990 misit
2970 952 3054 991 me
3090 939 3155 991 ad
3188 945 3240 991 te
3264 942 3327 994 ιθ.
3364 961 3382 992 ι
3415 941 3511 997 His

1959 1026 2156 1094 quippe
2182 1022 2466 1086 Dominus,
2519 1041 2584 1079 ex
2630 1026 2882 1095 gentibus
2934 1042 3012 1091 se,
3046 1042 3154 1079 non
3181 1042 3247 1080 ex
3282 1025 3509 1082 Iudaica

1960 1120 2136 1181 gente,
2163 1112 2271 1166 sibi
2294 1114 2550 1181 pupulum
2576 1122 3028 1183 congregaturum
3054 1129 3175 1168 esse
3221 1116 3509 1183 perspicue

1957 1202 2259 1257 denuntiat.
2306 1201 2445 1256 Huic
2498 1218 2627 1257 sane
2675 1205 2874 1273 pepqu
2906 1206 3134 1281 virtutes
3178 1221 3296 1273 qua
3343 1220 3508 1274 supra

1957 1293 2215 1346 mundum
2257 1302 2311 1347 et
2346 1294 2604 1362 angelica:
2655 1302 2803 1359 sunt,
2865 1295 2953 1348 hic
3002 1304 3214 1349 montes
3246 1303 3299 1349 et
3337 1296 3505 1349 colles

1954 1392 2178 1446 vocatae,
2206 1382 2273 1436 ad
2298 1384 2450 1452 pacis
2494 1383 2836 1438 conditiones
2875 1395 3174 1450 venerunt;
3207 1400 3324 1455 qua:
3354 1387 3503 1453 olim,

1954 1487 2076 1525 cum
2093 1474 2324 1541 populus
2340 1474 2501 1542 impie
2518 1475 2837 1530 idololatria:
2852 1476 3314 1541 baereret,infest:e
3326 1484 3503 1531 erant.

1953 1561 2047 1615 Ha:
2077 1578 2206 1616 vero
2233 1564 2365 1630 ipsa:
2392 1562 2663 1631 justitiam
2691 1566 2867 1620 eidem
2912 1559 3112 1637 pepulo
3157 1569 3501 1630 annuntiant,

1952 1650 2205 1706 videlicet
2232 1652 2517 1705 Cbristum‘
2558 1652 2675 1717 Dei,
2709 1656 2803 1723 qui
2843 1671 2972 1711 vere
2991 1657 3203 1725 justitia
3241 1667 3357 1724 est;
3392 1658 3505 1714 sive

1954 1743 2194 1796 salutare
2236 1739 2612 1811 Evangelium,
2674 1744 2835 1812 cujus
2893 1758 3058 1799 causa
3110 1747 3313 1806 dictum
3358 1756 3440 1801 est
3486 1768 3499 1803 :

1960 1850 1977 1883 ι
2017 1831 2335 1901 Suscipiant
2359 1840 2572 1887 montes
2604 1846 2787 1902 pacem
2820 1832 3040 1901 populo,
3075 1840 3129 1887 et
3161 1835 3331 1889 colles
3348 1835 3505 1907 justi-

302 1902 432 1967 λιον,
461 1904 525 1955 δι’
551 1904 580 1955 ὃ
607 1903 882 1956 λέλεκται·
915 1924 933 1955 ι
968 1905 1401 1960 Ἀναλαϐέτωσαν
1421 1907 1489 1958 τὰ
1512 1906 1611 1977 ὅρη
1638 1908 1854 1976 εἰρήνην
1884 1910 1906 1963 Ι

1955 1924 2105 1976 tiam.
2152 1942 2171 1975 ›
2206 1921 2330 1974 Haec
2354 1936 2519 1988 porro
2547 1921 2817 1983 evenient,
2850 1921 2977 1990 quia
3000 1929 3331 1978 memoratus
3351 1902 3503 1981 ⁷ίίιίιιε

301 1990 377 2060 τῷ
426 1990 569 2060 λαῷ,
612 1992 705 2043 καὶ
745 1993 793 2043 oi
846 1992 1021 2060 βουνοὶ
1067 1992 1421 2062 δικαιοσύνην.
1470 2012 1489 2045 ι
1533 1994 1642 2045 Καὶ
1684 1993 1851 2045 ταῦτα

301 2080 470 2143 ἔσται,
499 2080 683 2150 ἐπειδὴ
707 2081 734 2131 ὁ
761 2080 1073 2151 προλεχθεὶς
1100 2082 1213 2144 υίὸς
1230 2081 1322 2134 τοῦ
1350 2082 1609 2151 βασιλέως
1636 2102 1654 2133 ι
1682 2086 1853 2153 κρινεῖ

299 2170 421 2232 τοὺς
455 2171 697 2239 πτωχοὺς
739 2169 830 2222 τοῦ
862 2170 989 2222 λαοῦ
1009 2211 1023 2235 ,
1075 2172 1167 2223 καὶ
1201 2171 1359 2224 σώσει
1412 2175 1535 2235 τοὺς
1570 2174 1712 2233 υἱοὺς
1744 2172 1850 2224 τῶν

299 2260 542 2330 πενήτων
562 2276 575 2290 ’
607 2278 626 2310 ι
668 2260 857 2330 κρίνας
887 2260 994 2331 γὰρ
1024 2260 1281 2330 πρότερον
1309 2261 1487 2325 ἀξίους
1520 2258 1653 2314 εἶναι
1682 2279 1851 2332 σωτη-

300 2332 437 2416 ρίας,
471 2344 640 2411 οὕτως
685 2347 879 2410 αὐτοὺς
918 2347 1099 2411 σώζει.
1148 2350 1222 2401 Οὐ
1266 2350 1373 2422 γὰρ
1420 2352 1689 2422 ἀκρίτως,
1735 2348 1849 2420 μετ’

298 2432 663 2505 ὲξητασμένης
705 2436 761 2488 δὲ
790 2437 1019 2507 κρίσεως
1048 2438 1146 2507 τὴν
1178 2434 1447 2510 σωτηρίαν
1489 2441 1713 2511 παρέχει
1740 2442 1849 2501 τοῖς

296 2524 488 2579 ἑαυτοῦ
526 2530 758 2596 πτωχοῖς
789 2528 882 2599 καὶ
918 2531 1029 2591 τοῖς
1066 2530 1199 2593 υἱοῖς
1229 2530 1336 2584 τῶν
1366 2534 1629 2601 πενήτων,
1663 2529 1735 2588 ὧν
1757 2534 1849 2587 καὶ

296 2616 330 2685 ἡ
376 2616 675 2685 προφητεία
724 2618 992 2688 μέμνηται
1026 2618 1283 2687 λέγουσα·
1332 2640 1350 2672 ι
1387 2623 1846 2690 Εὑαγγελίσασθαι

295 2710 526 2776 πτωχοῖς
549 2708 851 2760 ἀπέσταλκὲ
882 2725 977 2778 με·
1008 2708 1237 2779 κηρῦξαι
1270 2712 1627 2781 αἰχμαλώτοις
1658 2716 1847 2785 ἄφεσιν

294 2798 388 2849 καὶ
420 2797 637 2864 τυφλοῖς
664 2797 971 2867 ἀνάὗλεψιν.
988 2818 1006 2850 ι
1029 2800 1281 2869 Πτωχοὺς
1309 2801 1363 2853 δὲ
1391 2804 1573 2867 ποίους
1596 2807 1778 2876 φησὶν,
1810 2810 1843 2880 ἢ

291 2887 414 2948 τοὺς
446 2884 771 2955 δυναμένους
799 2886 995 2956 ὁμοίως
1037 2886 1230 2957 Παύλῳ
1262 2888 1437 2957 λέγειν
1458 2908 1469 2919 ·
1501 2910 1519 2942 ι
1552 2895 1709 2965 ’Δχρι
1748 2898 1846 2967 τῆς

290 2974 410 3045 ἄρτι
447 2974 595 3044 ὧρας
631 2978 723 3028 καὶ
777 2975 1043 3046 πεινῶμεν
1091 2977 1466 3048 καζδιψῶμεν,
1495 2982 1586 3034 καὶ
1638 3001 1845 3056 γυμνη-

289 3063 535 3135 τεύομεν,
582 3067 676 3119 καὶ
703 3066 1121 3137 κολαφιζόμεθα,
1155 3069 1247 3120 καὶ
1272 3068 1602 3141 ἀστατοῦμεν
1623 3091 1636 3104 ο
1668 3092 1686 3125 ›
1720 3075 1843 3137 τούς

286 3170 346 3209 τε
391 3156 594 3226 ὁμοίως
625 3156 814 3227 Πέτρῳ
862 3160 1170 3228 φήσαντας’
1206 3177 1224 3208 ι
1265 3158 1545 3231 Ἀργύριον
1576 3165 1671 3216 καὶ
1712 3182 1842 3233 χρυ-

291 3246 401 3300 σίον
428 3246 525 3316 οὐχ
557 3247 804 3318 ὑπάρχει
820 3265 929 3318 μοι.
956 3267 981 3323 ι»
1011 3248 1293 3313 Τοιούτους
1323 3251 1379 3304 δὲ
1411 3254 1654 3321 πτωχοὺς
1681 3255 1841 3318 αὐτὸς
1866 3249 1907 3306 C

287 3335 462 3406 ἑαυτῷ
507 3334 877 3406 παρεσκεύαζε
921 3337 1197 3408 παραινῶν
1231 3338 1305 3410 μὴ
1351 3341 1575 3411 κτῆσθαι
1624 3345 1840 3413 χρυσίον

289 3430 421 3501 μηδὲ
456 3429 714 3500 ἀργύριον
760 3432 839 3492 είς
873 3430 971 3492 τὰς
1004 3428 1194 3495 ζώνας,
1251 3432 1325 3501 μὴ
1367 3434 1544 3503 πήραν
1590 3436 1670 3497 είς
1702 3436 1837 3499 ὁδὸν,

289 3519 423 3590 μηδὲ
453 3518 545 3571 δύο
578 3520 807 3589 χιτῶνας
830 3559 844 3584 ,
878 3520 1009 3591 μηδὲ
1035 3520 1351 3591 ὑποδήματα
1371 3563 1385 3585 ,
1440 3524 1570 3595 μηδὲ
1625 3528 1834 3596 ῥάϐδον.

290 3628 309 3661 ι
338 3608 580 3662 Τοιοῦτοι
607 3610 666 3663 δὲ
694 3606 832 3680 ἦσαν
856 3611 950 3664 καὶ
978 3612 1026 3662 οἱ
1059 3611 1223 3665 πάλαι
1255 3614 1624 3685 περιελθόντες
1647 3620 1703 3670 ὲν
1738 3637 1839 3690 μη-

283 3699 495 3763 λωταῖς,
518 3701 577 3751 ὲν
608 3700 829 3769 αἰγείοις
867 3700 1160 3772 δέρμασιν,
1194 3703 1609 3775 ὑστερούμενοι,
1658 3707 1836 3762 θλιϐό-

287 3806 453 3859 μενοι,
498 3790 951 3861 κακουχούμενοι,
979 3796 1037 3847 ὲν
1076 3795 1327 3866 ἐρημίαις
1379 3796 1715 3867 πλανώμενοι
1744 3803 1836 3854 καὶ

282 3876 452 3948 ϐρεσι,
486 3879 577 3931 καὶ
605 3880 904 3951 σπηλαίοις,
931 3883 1023 3935 καὶ
1059 3887 1177 3947 ταῖς
1201 3886 1359 3948 ὀπαῖς
1388 3888 1485 3957 τῆς
1509 3888 1661 3957 γῆς.»
1699 3890 1835 3943 Ἀλλ’

281 3970 329 4022 εί
365 3969 463 4039 μὲν
510 3970 710 4023 τούτων
760 3973 918 4041 μόνον
948 3962 1347 4044 ἐμνημόνευσεν
1374 3978 1403 4028 6
1452 3976 1637 4043 λόγος,
1698 3981 1833 4033 ἀπο-

280 4058 557 4144 κέκλειστο
594 4063 700 4125 πᾶς
730 4064 758 4115 6
812 4064 885 4134 μὴ
912 4063 1181 4127 τοιοῦτος·
1228 4064 1321 4118 νῦν
1368 4066 1423 4118 δὲ
1464 4069 1557 4119 καὶ
1588 4067 1836 4141 δεύτερον

279 4150 467 4223 τάγμα
509 4152 923 4221 καταριθμεῖται
974 4154 1230 4220 φάσκωνο
1292 4172 1313 4204 ‹
1348 4155 1458 4207 Καὶ
1502 4154 1661 4209 σώσει
1709 4160 1834 4222 τοὺς

282 4228 429 4301 υἱοὺς
453 4238 563 4290 τῶν
594 4240 858 4309 πενήτων.
888 4258 906 4291 ι
946 4240 1063 4292 Υἱοὶ⁵
1103 4241 1159 4294 δὲ
1200 4243 1440 4313 πενήτων
1460 4238 1598 4315 ἦσαν
1634 4247 1683 4297 ot
1726 4249 1833 4303 τῶν

278 4324 589 4381 ἀποστόλων
620 4328 713 4380 καὶ
768 4327 1021 4397 μαθητῶν
1065 4329 1159 4405 τοῦ
1208 4330 1457 4401 Σωτῆρος
1494 4332 1660 4408 ἡμῶν
1693 4336 1831 4403 γνώ-

284 4433 450 4487 ριμοι,
471 4416 685 4480 ὁποίους
710 4416 883 4491 δηλῶν
908 4421 936 4471 ὁ
968 4420 1281 4493 Ἀπόστολος
1302 4420 1513 4491 ἔλεγεν·
1538 4442 1555 4475 ι
1580 4425 1700 4481 Ἐὰν
1725 4425 1830 4497 γὰρ

282 4504 506 4572 πολλοὺς
534 4507 908 4577 παιδαγωγοὺς
935 4510 1094 4581 ἔχητε
1126 4512 1183 4564 ὲν
1208 4513 1446 4584 Χριστῷ,
1479 4515 1592 4569 ἀλλ’
1614 4517 1673 4569 οὐ
1704 4516 1829 4571 πολ-

278 4596 402 4661 λοὺς
429 4598 693 4670 πατέρας
725 4601 781 4651 ὲν
804 4598 911 4670 γὰρ
940 4601 1157 4673 Χριστῷ
1185 4603 1357 4673 Ἰησοῦ
1377 4604 1487 4672 ἐγὼ
1510 4606 1653 4675 ὑμᾶς
1683 4608 1833 4675 ἐγέν-
1862 4591 1906 4645 Ῑ)

277 4703 418 4757 νησα
438 4702 451 4716 ³
485 4707 502 4739 ι
536 4690 629 4741 καὶ
659 4688 849 4742 πάλιν·
894 4708 911 4738 ι
942 4690 1116 4757 Τέκνα
1152 4709 1250 4762 μου
1275 4732 1290 4756 ,
1330 4693 1424 4757 οὓς
1469 4695 1627 4749 πάλιν
1658 4696 1828 4750 ὠδίνω

278 4776 434 4849 ἄχρις
460 4771 521 4830 οὗ
544 4775 808 4850 ’μορφωθῇ
832 4776 1061 4848 Χριστὸς
1091 4784 1148 4835 ὲν
1170 4784 1314 4853 ὑμῖν.
1346 4803 1364 4835 ι
1398 4784 1555 4838 Ἀλλά
1580 4786 1702 4848 τοὺς
1732 4788 1829 4855 μὲν

280 4867 528 4936 πτωχοὺς
555 4867 745 4922 ἑαυτοῦ
779 4868 871 4920 καὶ
903 4869 1023 4930 τοὺς
1053 4871 1200 4933 υἱοὺς
1226 4871 1603 4943 τῶνιπενήτων
1632 4874 1725 4927 σὺν
1746 4874 1824 4927 δι-

275 4957 529 5028 καιοσύνῃ
558 4960 652 5012 καὶ
679 4960 809 5031 ὀρθῇ
847 4960 1022 5031 κρίσει
1065 4960 1259 5025 σώζει·
1294 4964 1384 5018 τὸν
1406 4965 1463 5018 δὲ
1487 4967 1825 5037 συκοφάντην

277 5050 654 5119 προῃρημένον
683 5050 715 5119 ἢ
756 5052 849 5105 καὶ
876 5050 964 5103 τὸν
993 5050 1117 5104 λαὸν
1146 5053 1309 5107 αὐτοῦ
1341 5058 1436 5108 καὶ
1460 5050 1560 5127 τὴν
1598 5057 1823 5130 Ἐκκλη-

278 5136 397 5190 σίαν
424 5137 677 5208 πολεμεῖν
708 5130 913 5213 (μυρίοι
954 5142 1011 5195 δὲ
1046 5145 1372 5212 συκοφάνται
1392 5148 1825 5221 τὴνἘκκλησίαν

1951 2014 2095 2082 regis
2134 2031 2153 2064 ι
2188 2012 2458 2081 iudicabit
2494 2027 2758 2081 pauperes
2789 2012 2994 2082 populi,
3042 2018 3097 2067 et
3125 2012 3307 2068 salvos
3339 2012 3501 2069 faciet

1953 2104 2089 2158 lilios
2120 2119 2450 2173 pauperum;
2491 2122 2509 2154 ι
2543 2117 2669 2156 nam
2703 2119 2826 2157 cum
2877 2104 3029 2172 prius
3080 2103 3253 2157 salute
3308 2103 3500 2172 dignos

1944 2195 2266 2262 judicasset,
2290 2195 2370 2247 sic
2392 2188 2473 2247 eis
2496 2194 2723 2247 salutem
2758 2194 3015 2263 impertit.
3060 2193 3177 2249 Non
3212 2195 3352 2249 enim
3383 2195 3501 2249 sine

1949 2284 2148 2354 praevio
2190 2284 2422 2354 judicio,
2481 2284 2572 2339 sed
2627 2285 2909 2361 praemisso
2958 2286 3226 2350 examine,
3273 2286 3500 2341 salutem

1950 2378 2150 2446 praebet
2170 2374 2500 2444 pauperibus
2532 2375 2647 2428 suis
2670 2384 2721 2427 et
2750 2373 2874 2427 (iliis
2900 2374 3222 2444 pauperum,
3265 2392 3498 2445 quorum

1948 2466 2227 2538 prophetia
2255 2460 2501 2520 meminit
2522 2465 2708 2520 dicens
2736 2484 2749 2518 :
2787 2483 2805 2515 ι
2840 2464 3227 2534 Evangelizare
3247 2468 3499 2535 pauperi-

1947 2562 2050 2615 bus
2084 2559 2231 2614 misit
2274 2573 2360 2613 me
2387 2578 2399 2611 :
2429 2559 2722 2628 praedicare
2751 2557 2980 2627 captivis
3009 2557 3405 2620 dimissionem,
3438 2558 3501 2611 et

1947 2651 2104 2707 caecis
2137 2651 2287 2704 visus
2312 2648 2711 2702 restitutionem
2742 2648 2807 2703 ’°.
2841 2667 2860 2700 ι
2896 2646 3171 2703 biendicos
3198 2662 3330 2703 vero
3358 2664 3498 2717 quos

1947 2741 2040 2801 ait,
2066 2739 2170 2792 nisi
2192 2752 2287 2791 eos
2312 2737 2405 2805 qui
2431 2736 2653 2804 perinde
2677 2746 2837 2804 atque
2862 2735 3065 2791 Paulus
3090 2737 3272 2791 dicere
3294 2739 3496 2805 valent,

1951 2851 1971 2883 ‹
2010 2829 2193 2899 Usque
2227 2829 2282 2881 in
2310 2827 2453 2879 hanc
2480 2827 2667 2879 horam
2694 2835 2747 2879 et
2776 2826 3048 2881 esurimus
3076 2836 3129 2879 et
3158 2829 3399 2895 sitimus,
3442 2839 3500 2890 et

1944 2921 2071 2977 nudi
2097 2934 2302 2981 sumus,
2340 2926 2393 2972 et
2424 2916 2665 2986 colaphis
2699 2917 2974 2982 caedimur,
3005 2926 3061 2971 et
3090 2918 3373 2973 instabiles
3398 2935 3495 2995 su-

1945 3025 2066 3064 mus
2090 3011 2133 3042 ¹¹
2178 3028 2191 3061 :
2234 3028 2252 3060 ›
2284 3016 2445 3077 atque
2469 3023 2565 3062 eos
2598 3009 2689 3077 qui
2718 3023 2843 3062 eum
2866 3006 3029 3062 Petro
3055 3008 3169 3062 haec
3196 3008 3345 3063 eﬂ‘ari
3364 3025 3495 3078 pos-

1946 3105 2091 3160 sunt,
2126 3116 2143 3147 (
2168 3096 2462 3166 Argentum
2496 3103 2549 3150 et
2578 3110 2769 3148 aurum
2800 3111 2906 3150 non
2937 3104 3020 3151 est
3041 3097 3256 3151 mihi".
3293 3116 3311 3148 ι
3333 3096 3491 3153 Tales

1946 3190 2048 3244 sibi
2076 3203 2341 3258 pauperes
2369 3186 2597 3257 paravit,
2619 3187 2937 3255 praecipiens
2958 3187 3067 3242 illis
3097 3196 3156 3241 ut
3182 3202 3287 3242 non
3315 3189 3494 3257 possi-

1941 3280 2141 3335 derent.
2177 3293 2369 3332 aurum
2420 3292 2594 3347 neque
2643 3286 2923 3346 argentum
2974 3278 3030 3331 in
3086 3279 3261 3342 zonis,
3314 3295 3491 3349 neque

1939 3386 2121 3442 peram
2146 3370 2212 3425 ad
2238 3370 2401 3432 viam,
2426 3382 2602 3437 neque
2632 3366 2769 3421 duas
2802 3366 3035 3433 tunicas,
3070 3384 3247 3438 neque
3286 3369 3490 3423 calcea-

1940 3468 2142 3523 menta,
2181 3473 2358 3527 neque
2380 3457 2582 3525 virgam
2607 3455 2672 3508 ".
2698 3454 3021 3523 Huiusmodi
3053 3456 3182 3529 item
3211 3465 3367 3511 erant
3408 3457 3487 3511 illi

1937 3552 2064 3604 olim
2095 3567 2114 3600 ‹
2153 3549 2557 3602 circumeuntes
2586 3545 2640 3598 in
2670 3546 2907 3607 melotis,
2938 3545 2995 3599 in
3037 3545 3267 3614 pellibus
3309 3548 3489 3615 capri-

1934 3642 2045 3706 nis,
2080 3648 2320 3710 egentes,
2381 3637 2693 3706 angustiati,
2745 3636 2946 3700 aﬂiicti,
2995 3636 3053 3691 in
3105 3637 3517 3693 solitudinibus.

1936 3740 2206 3793 errantes,
2242 3730 2298 3782 in
2328 3728 2625 3790 montibus,
2654 3728 2709 3782 in
2741 3728 3014 3797 speluncis
3039 3722 3171 3782 etin
3205 3720 3487 3784 foramini-
3570 3726 3578 3733 ’

1935 3824 2037 3879 bus
2066 3829 2223 3874 terra:
2244 3819 2310 3873 “.
2349 3837 2368 3869 ι
2425 3817 2531 3873 Sed
2561 3819 2607 3873 si
2644 3818 2809 3873 hosce
2832 3818 3005 3871 solum
3037 3832 3216 3873 sermo
3246 3833 3483 3874 comme-

1935 3915 2229 3973 morasset,
2280 3910 2533 3965 exclusus
2594 3923 2724 3971 sane
2763 3909 2902 3962 foret
2965 3908 3215 3986 quisquis
3263 3909 3330 3962 iis
3373 3922 3483 3963 non

1938 4002 2133 4059 similis
2166 4006 2332 4055 esset.
2368 3998 2437 4052 At
2477 4001 2589 4069 jam
2620 4000 2784 4052 alium
2812 3988 3057 4074 ordinem
3084 4004 3365 4051 enumerat
3400 3998 3486 4052 di-

1932 4106 2085 4156 cens,
2122 4107 2140 4141 ι
2175 4088 2241 4143 Et
2264 4089 2448 4143 salvos
2472 4087 2633 4141 faciet
2663 4087 2800 4142 ﬁlios
2823 4100 3142 4159 pauperum.
3169 4106 3187 4137 ι
3212 4085 3334 4141 Filii
3358 4103 3483 4142 vero
3518 4146 3521 4147 ν

1932 4194 2223 4251 pauperum
2252 4185 2406 4233 erant
2437 4179 2803 4247 apostolorum
2833 4185 2886 4231 et
2931 4176 3317 4247 discipulorum
3360 4175 3482 4232 Ser-

1931 4269 2133 4325 vatoris
2160 4269 2332 4324 nostri
2356 4270 2492 4333 noti,
2522 4284 2659 4339 quos
2697 4268 2986 4338 Apostolus
3006 4268 3155 4322 hisce
3193 4258 3372 4321 verbis
3396 4266 3482 4321 in-

1934 4361 2163 4416 dicavit:
2196 4378 2214 4411 σ
2252 4359 2385 4414 Nam
2413 4361 2514 4416 etsi
2559 4360 2759 4414 multos
2790 4358 3109 4429 paedagogos
3144 4356 3399 4421 habeajtis‘
3422 4357 3478 4411 in

1931 4450 2169 4517 Christo,
2202 4450 2297 4507 sed
2336 4467 2445 4507 non
2482 4470 2495 4505 :
2534 4451 2733 4505 multos
2763 4458 2978 4520 patres‘:
3003 4449 3058 4503 in
3092 4448 3304 4503 Christo
3328 4446 3476 4501 enim

1929 4541 2055 4597 Jesu
2084 4557 2183 4612 ego
2225 4557 2322 4597 vos
2352 4544 2508 4614 genui
2528 4543 2606 4607 ὐς
2654 4560 2673 4592 ι
2708 4555 2771 4594 ac
2813 4554 3033 4594 rursum
3076 4557 3095 4595 ,ε
3139 4556 3158 4588 ι
3194 4536 3316 4591 Filii
3346 4538 3473 4602 mei,

1931 4645 2070 4702 quos
2102 4647 2321 4686 rursum
2354 4631 2619 4702 parturio,
2650 4628 2821 4684 donec
2844 4628 3111 4684 formetur
3138 4627 3389 4683 Christus
3417 4628 3475 4684 in

1929 4721 2082 4777 vobis
2109 4723 2173 4774 ".
2206 4741 2225 4772 ι
2252 4719 2451 4775 Verum
2482 4725 2749 4788 pauperes
2771 4732 2903 4774 suos
2932 4725 2986 4774 et
3014 4716 3154 4772 ﬁlios
3175 4716 3474 4787 pauperum

1926 4828 2048 4866 cum
2066 4811 2280 4882 justitia
2308 4817 2362 4864 et
2388 4818 2539 4865 recto
2571 4808 2782 4881 judicio
2823 4810 2998 4866 salute
3026 4810 3208 4864 donat.
3255 4807 3474 4862 Caium.

1925 4881 2153 4955 niatoris
2179 4881 2381 4963 autem,
2405 4898 2499 4968 qui
2537 4898 2591 4952 in
2622 4898 2859 4952 animum
2889 4897 3098 4953 induxit
3125 4898 3395 4969 populum.
3416 4901 3472 4975 et

1928 4987 2220 5043 Ecclesiam
2264 4986 2384 5057 ejus
2428 4989 2746 5059 impugnare
2818 4992 2979 5056 (nam
3032 4986 3272 5042 sexcenti
3308 4999 3468 5055 syco-

1925 5077 2137 5147 phanta:
2190 5085 2315 5130 sunt
2372 5077 2465 5145 qui
2503 5076 2799 5130 Ecclesiam
2846 5075 2965 5142 eius
3010 5071 3466 5145 calumniantur);

1923 5162 2030 5215 imo
2059 5160 2221 5214 etiam
2245 5161 2479 5216 aliorum
2508 5163 2601 5232 qui
2638 5161 2815 5230 probi'
2840 5162 3072 5217 instituti
3098 5164 3242 5217 viros
3281 5162 3335 5215 in
3364 5160 3486 5217 Ec-'

277 5224 439 5323 αὐτού
465 5224 847 5301 διαϐάλλουσι),
871 5232 963 5287 καὶ
992 5233 1079 5286 τὸν
1105 5232 1215 5303 βίον
1242 5235 1349 5290 τῶν
1371 5238 1429 5291 ιν
1451 5241 1515 5310 τῇ
1533 5238 1823 5314 Ἐκκλησία

1936 5247 2083 5323 :lesia
2103 5246 2225 5317 ejus
2258 5224 2935 5321 sycophan-tiis‘impetunt,
2956 5253 3080 5307 vitae
3110 5253 3310 5307 exitum
3343 5267 3467 5323 per-

272 5314 438 5369 αὐτοῦ
468 5315 869 5389 διαπρεπόντων
914 5322 1655 5395 ἄλλοι-συκοφαντοῦσινοῶν
1701 5335 1824 5386 ἐπι-

278 5406 482 5476 στήσας
504 5408 570 5477 τῇ
596 5408 817 5481 τελευτῇ
850 5410 943 5492 τοῦ
976 5412 1120 5482 βίου,
1153 5412 1270 5481 ὕψει
1292 5415 1439 5479 ὅπως
1478 5418 1687 5489 εῐρηται
1737 5422 1818 5489 τὸ,

279 5495 419 5549 «Καὶ
442 5496 765 5552 ταπεινώσει
800 5503 1156 5590 συκοφάντην.
1182 5523 1202 5558 ι
1231 5504 1327 5567 Τίς
1356 5504 1464 5577 γὰρ
1492 5507 1601 5563 τῶν
1622 5526 1819 5583 τυραν-

641 5700 819 5766 11,10,
852 5702 938 5757 Η.
1014 5708 1089 5748 .¹⁶

276 5759 324 5837 ξ’
354 5761 375 5816 ι
407 5763 531 5819 Cor.
582 5782 652 5833 iv,
686 5759 779 5824 ⁷15.
807 5759 816 5766 ’
857 5772 900 5802 ³⁸
932 5770 1048 5832 Gal.
1086 5759 1279 5833 “:19:

1120 5710 1364 5799 isa‘.nl.xi,
1398 5712 1443 5799 ι».
1469 5714 1509 5747 ιι
1542 5704 1709 5772 rem.
1732 5717 1789 5786 4,
1827 5718 1913 5776 u.
1968 5688 1971 5689 ⁷
2008 5722 2053 5752 η
2080 5719 2200 5776 Act.
2230 5721 2392 5789 "1,6.

1924 5338 2184 5409 pendens,
2227 5337 2397 5409 probe
2426 5340 2833 5410 intelligeslcur
2861 5341 3088 5403 dicatur,
3124 5359 3143 5391 ε
3194 5340 3261 5395 Et
3280 5343 3466 5417 humi-

1923 5426 2075 5482 liabit
2119 5427 2589 5487 calumniatorem.
2624 5446 2647 5483 ι
2681 5430 2814 5497 Quis
2850 5431 3004 5485 enim-
3024 5445 3237 5497 eorurn,
3264 5431 3356 5501 qui
3386 5439 3465 5501 ty.

1920 5516 2143 5615 rannllce
2194 5516 2251 5571 in
2301 5514 2599 5576 Salvatoris
2644 5518 2825 5575 nostri
2876 5518 3168 5592 Ecclesiam
3213 5527 3456 5591 egerunt,

2489 5722 2537 5756 ιι
2569 5722 2756 5783 Matth.
2786 5739 2838 5789 ς,
2863 5723 2913 5778 9.
2992 5723 3036 5756 ’δ
3066 5723 3229 5782 Hebr.
3260 5724 3453 5793 31,57.
