4300 6446
740 452 842 509 799
1396 441 1657 500 EUSEBII
1695 436 2169 495 CIESARIENSIS
2205 434 2355 491 OPP.
2392 432 2569 487 PARS
2608 430 2693 486 Ill.
2733 457 2798 472 -
2832 426 3235 484 EXEGETICA.
3827 425 3932 481 800

742 582 967 635 eamque
999 564 1324 633 blasphemis
1362 563 1523 619 dictis
1555 570 1609 616 et
1635 558 2006 631 sycophantiis
2036 556 2287 610 traduxe-
2316 561 2358 615 Α
2385 572 2439 607 νε

2235 572 2287 609 e-
2316 561 2358 615 Α
2385 554 2701 615 νευσάντων,
2747 552 2839 605 καὶ
2870 550 2968 619 τὴν
3006 546 3097 600 τοῦ
3131 548 3377 615 Σωτηρος
3600 542 3933 635 ,Ἐκκλησίαν

744 633 895 719 runt,
925 653 1165 719 deiectus
1195 668 1301 705 non
1338 651 1480 705 fuit?
1507 650 1643 716 Quis
1672 665 1738 703 ex
1770 646 2103 716 sapientibus
2131 645 2289 711 hujus
2393 645 2442 715 β)

2235 657 2289 697 us
2393 644 2755 715 βλασφημίαις
2794 641 2887 693 καλ⁵
2939 636 3314 705 συκοφαντίαις
3370 633 3824 705 περιϐαλλόντων,
3872 634 3933 685 οὑ

746 744 929 797 saeculi
954 744 1189 812 linguam
1219 757 1371 799 suam
1400 742 1617 796 exacuit
1646 747 1833 792 contra
1876 738 2108 791 divinam
2145 733 2292 788 Scri-
2389 752 2444 788 τε

2234 736 2292 788 ’ἱ-
2389 734 2808 795 τεταπείνωται;
2852 729 2945 793 Τίς
2993 729 3099 781 τῶν
3150 726 3323 794 σοφῶν
3372 724 3466 778 τοῦ
3507 724 3696 785 αἰῶνος
3727 722 3932 784 τούτου,

749 843 979 901 pturam,
1022 832 1150 903 quin
1179 831 1546 903 sycophantiae
1577 844 1689 885 sua:
1736 830 1961 898 pignora
2012 826 2292 881 retulerit?
2390 827 2447 893 τὴ

2236 826 2292 879 t?
2390 827 2487 896 τὴν
2518 823 2679 876 αὑτοὺ
2713 822 2954 891 γλῶτταν
2986 821 3251 890 ἀκονήσας
3284 818 3422 871 κατὰ
3456 816 3555 886 τῆς
3588 814 3934 867 θεοπνεύστου

749 922 853 975 Sed
887 939 1009 977 cum
1044 926 1181 977 bene
1220 922 1371 973 multi
1411 920 1755 989 syc0phantze
1781 927 1967 971 contra
1996 915 2290 969 Ecclesiam
2393 920 2447 993 Γε

2242 930 2290 969 m
2393 916 2631 993 Γραφῆς,
2666 915 2725 967 οὑ
2754 915 2818 967 τὰ
2855 914 3101 984 ἐπίχειρα
3136 910 3367 965 πέπονθε
3411 910 3511 979 τῆς
3549 907 3934 976 συκοφαντίας;

748 1012 866 1077 ejus
892 1011 1307 1071 insurrexerint,
1343 1023 1636 1077 omnesque
1659 1022 1886 1075 prorsus
1908 1005 2099 1073 deiecti
2122 1013 2174 1058 et
2204 1003 2298 1055 liu-

746 1101 939 1151 miliati
984 1100 1219 1161 fuerint;
1258 1098 1371 1168 ipse
1411 1105 1591 1151 tamen
1624 1111 1728 1149 una
1768 1110 1887 1149 eum
1913 1095 2026 1147 sole
2054 1107 2298 1161 perman-

746 1205 935 1254 surus,
972 1206 1032 1243 ac
1064 1190 1283 1260 perinde
1315 1200 1473 1259 atque
1502 1178 1860 1243 soidoctrinze
1887 1201 1998 1240 sua:
2027 1186 2194 1239 radiis
2218 1200 2298 1239 to-

745 1289 862 1353 tum
900 1282 1082 1335 orbem
1111 1281 1485 1334 iiiustraturus
1515 1276 1855 1346 prmdicitur;
1884 1285 1937 1330 et
1960 1268 2083 1330 ante
2114 1276 2295 1328 lunam

748 1372 963 1428 futurus
1015 1373 1440 1441 prmnuntiatur;
1506 1371 1618 1422 sive
1683 1368 1979 1423 secundum
2028 1367 2295 1435 Aquilam,

753 1480 773 1510 ‹
808 1462 868 1513 Et
899 1462 950 1513 in
982 1461 1172 1513 faciem
1206 1461 1373 1523 lunae;
1409 1480 1426 1507 ι
1457 1464 1548 1509 aut
1572 1455 1866 1509 secundum
1894 1455 2293 1525 Symmachum,

756 1570 773 1599 ι
807 1548 872 1601 Et
901 1552 952 1601 in
986 1555 1281 1615 conspectu
1330 1547 1468 1598 luna:
1497 1544 1850 1614 permanebit.
1898 1562 1917 1595 ι
1971 1543 2089 1596 Non
2131 1543 2299 1604 enim,

753 1649 880 1691 ante
912 1640 1116 1700 lunam,
1152 1637 1201 1690 id
1229 1647 1326 1701 est,
1361 1644 1649 1705 antequam
1691 1636 1818 1690 luna
1866 1636 2051 1700 ﬁeret;
2086 1636 2180 1689 sed
2209 1650 2301 1688 co-

753 1743 892 1793 ram,
935 1727 988 1781 id
1034 1738 1136 1791 est,
1194 1728 1248 1781 in
1298 1741 1594 1797 conspeCtu
1652 1727 1791 1780 lunas
1835 1732 1918 1781 est
1948 1725 2297 1794 reputandus.

755 1811 1214 1882 Quemadmodum
1248 1817 1390 1870 enim
1435 1816 1519 1869 sol
1570 1815 1711 1869 diem
1758 1814 1918 1869 eiiicit
1972 1828 2093 1867 cum
2122 1806 2303 1881 {super

2409 1007 2565 1061 Ἀλλὰ
2596 1007 2704 1077 γὰρ
2736 1006 2994 1058 πλείστων
3023 1006 3160 1058 ὅσων
3199 1002 3565 1073 ἐπισταμένων
3596 998 3940 1067 συκοφαντῶν

2396 1100 2533 1153 κατὰ
2560 1099 2655 1169 τῆς
2689 1098 3008 1168 Ἐκκλησίας
3028 1096 3210 1160 αὑτοῦ,
3234 1096 3447 1165 πάντων
3465 1110 3526 1146 τε
3550 1092 3690 1146 κατὰ
3718 1092 3941 1161 καιροὺς

2396 1190 2821 1259 ταπεινουμένων
2846 1229 2857 1248 ,
2892 1187 3050 1250 αὑτὸς
3078 1185 3520 1257 συμπαραμένειν
3563 1183 3641 1253 τῷ
3686 1182 3819 1254 ήλίῳ
3851 1181 3941 1234 θε-

2400 1283 2662 1347 σπίζεται,
2699 1282 2893 1350 ὁμοίως
2927 1279 3057 1349 ἡλίῳ
3089 1282 3205 1341 ταῖς
3238 1280 3429 1346 αὐγαῖς
3461 1278 3558 1347 τῆς
3594 1273 3754 1329 αὑτοῦ
3794 1273 3943 1327 διδα-

2402 1357 2619 1439 σκαλίας
2645 1376 2731 1427 τὸν
2759 1373 3043 1442 σύμπαντα
3071 1372 3435 1440 καταλάμπων
3460 1371 3663 1439 κόσμον
3682 1384 3697 1397 '
3724 1368 3816 1421 καὶ
3840 1367 3949 1437 πρὸ

2396 1466 2491 1535 τῆς
2524 1465 2746 1534 σελήνης
2778 1463 2866 1514 δέ·
2897 1461 2929 1530 ἢ
2960 1461 3096 1512 κατὰ
3119 1460 3205 1512 τὸν
3235 1460 3481 1521 ’Δκύλαν,
3511 1478 3528 1509 ι
3554 1460 3661 1512 Καὶ
3681 1460 3759 1520 είς
3781 1457 3947 1527 πρόσ·

2398 1571 2541 1605 ωπον
2572 1555 2666 1622 τῆς
2699 1552 2951 1621 σελήνης’
2985 1570 2998 1601 ι
3056 1551 3087 1619 ἦ
3127 1550 3265 1603 κατὰ
3312 1551 3400 1601 τὸν
3451 1550 3758 1621 Σύμμαχον,
3792 1567 3810 1601 ι
3837 1548 3947 1601 Καὶ

2400 1638 2701 1707 ἔμπροσθεν
2731 1637 2827 1705 τῆς
2868 1636 3090 1707 σελήνης
3117 1637 3373 1705 διαμενεῖ.
3416 1656 3433 1688 ι
3460 1638 3533 1690 Οὑ
3578 1637 3685 1708 γὰρ
3714 1636 3819 1707 πρὸ
3849 1637 3947 1706 τῆς

2405 1730 2647 1797 σελήνης,
2677 1727 2922 1779 τουτέστι
2968 1728 3093 1797 πρὶν
3125 1726 3371 1793 γενέσθαι
3406 1726 3501 1797 τὴν
3538 1728 3761 1797 σελήνην
3785 1744 3798 1757 ο
3833 1727 3947 1779 ἀλλ’

2404 1818 2627 1871 ἐνώπιον
2651 1815 2837 1886 ὥσπερ
2865 1816 2957 1867 καὶ
2997 1815 3300 1885 ἔμπροσθεν
3323 1814 3619 1885 ἡγούμενος
3660 1815 3760 1883 τῆς
3796 1813 3950 1885 σελή-

751 1920 953 1963 terram
1000 1907 1248 1971 advenit;
1282 1907 1409 1960 luna
1434 1920 1562 1960 vero
1590 1904 1792 1957 lumine
1822 1918 1921 1957 suo
1956 1904 2127 1957 noctis
2159 1912 2301 1957 teneo
2335 1899 2373 1953 Β
2402 1927 2449 1961 ντ

2251 1917 2301 1956 θ’
2335 1899 2373 1953 Β
2402 1926 2515 1979 νης.
2551 1908 2756 1977 Ὥσπερ
2783 1905 2887 1977 γὰρ
2913 1906 3063 1976 ἥλιος
3106 1908 3202 1976 μὲν
3232 1907 3441 1977 ἡμέραν
3474 1905 3764 1977 ἐργάζεται
3808 1906 3949 1977 ὑπὲρ

752 2000 880 2051 liras
908 1998 1068 2052 solvit
1116 2014 1131 2051 :
1166 1998 1354 2051 eodem
1388 1996 1547 2049 modo
1578 1995 1669 2064 qui
1708 1995 1759 2048 in
1804 1995 2065 2047 valicinio
2110 1994 2297 2055 fertur,

752 2089 974 2158 perinde
1006 2096 1168 2156 atque
1192 2089 1315 2138 luna
1341 2085 1548 2137 animas
1579 2085 1632 2137 in
1664 2085 1900 2138 tenebris
1930 2094 1983 2137 et
2007 2093 2161 2137 nocte
2184 2098 2302 2136 ver-

754 2187 939 2233 santes
970 2178 1268 2242 illuminat;
1303 2183 1461 2243 atque
1514 2175 1678 2229 veluti
1732 2176 1809 2229 sol
1864 2182 2030 2227 totum
2066 2175 2303 2229 illustrat

756 2272 964 2330 orbem,
995 2283 1057 2320 ac
1089 2276 1365 2335 permanet
1404 2274 1457 2319 et
1505 2275 1816 2335 perseverat
1857 2283 2028 2335 usque
2069 2268 2134 2321 ad
2174 2283 2303 2322 con»

758 2358 1167 2412 summationem
1201 2358 1401 2411 saeculi.
1445 2357 1692 2422 Quandiu
1726 2360 1868 2412 enim
1913 2358 1992 2411 sol
2027 2366 2195 2410 totum
2216 2374 2305 2411 or-

758 2448 876 2501 bem
906 2447 1157 2508 lzetiiieat,
1197 2448 1380 2500 tasdiu
1412 2455 1465 2500 et
1513 2448 1604 2500 ille
1635 2464 1739 2499 una
1782 2463 1903 2501 cum
1936 2449 2049 2503 sole
2096 2465 2306 2517 perma-

758 2554 892 2594 nens
918 2546 969 2590 et
1004 2553 1354 2606 perseverans
1384 2538 1661 2590 hominum
1686 2538 1895 2592 animas
1920 2540 2217 2601 illuminat;
2244 2557 2306 2593 ac

759 2626 982 2697 perinde
1017 2634 1177 2692 atque
1199 2626 1322 2677 luna
1346 2626 1504 2693 plena
1534 2627 1586 2679 in
1607 2629 1984 2695 generationes
2002 2630 2305 2697 generatio-

759 2730 885 2768 num
912 2713 1207 2781 perdurare
1239 2713 1461 2767 dicitur.

830 3025 991 3079 Vens.
1040 3026 1147 3080 6-8.
1184 3046 1203 3076 ‹
1250 3025 1547 3082 Descendet
1581 3028 1725 3081 sicut
1784 3027 1966 3096 pluvia
2002 3028 2057 3081 in
2112 3029 2303 3091 vellus,

760 3123 812 3165 et
849 3116 988 3167 sicut
1032 3114 1304 3169 stillicidia
1338 3116 1597 3169 stillantia
1646 3130 1809 3185 super
1853 3123 2072 3169 terram.
2132 3134 2150 3167 ι
2204 3116 2305 3170 De-

2399 2002 2502 2069 γῆς
2530 2000 2813 2069 γενόμενος
2834 2015 2847 2028 ο
2894 1997 3086 2068 σελήνη
3118 1996 3173 2053 δὲ
3212 1998 3402 2060 νυκτὸς
3446 1996 3645 2050 διαλύει
3672 1996 3733 2049 τὸ
3766 1997 3950 2061 σκότος

2398 2090 2476 2159 τῷ
2521 2089 2716 2158 εαυτῆς
2760 2088 2929 2157 φωτί·
2960 2089 3051 2141 τὸν
3095 2085 3258 2139 αὑτὸν
3302 2086 3499 2155 τρόπον
3544 2085 3635 2137 καὶ
3674 2085 3703 2136 ὁ
3739 2099 3952 2153 «9091‘,-

2399 2182 2681 2249 τευόμενος
2708 2182 2907 2250 ὁμοίως
2937 2181 3032 2250 μὲν
3064 2178 3257 2249 σελήνῃ
3280 2177 3378 2239 τὰς
3407 2178 3463 2228 ἐν
3492 2176 3666 2245 σκότῳ
3686 2174 3777 2227 καὶ
3800 2174 3955 2225 νυκτὶ

2400 2271 2767 2342 τυγχανούσας
2796 2270 2969 2340 ψυχὰς
3001 2266 3242 2337 φωτίζει,
3292 2266 3424 2336 ήλὶῳ
3464 2266 3519 2318 δέ
3566 2263 3955 2336 παραπλησίως

2402 2365 2488 2415 τὸν
2521 2362 2808 2431 σύμπαντα
2844 2360 3185 2428 καταλάμπει
3230 2358 3448 2427 κόσμον,
3478 2355 3719 2425 διαμένει
3760 2371 3820 2405 τε
3860 2354 3955 2406 καὶ

2405 2452 2814 2523 συμπαραμένει
2845 2452 2969 2522 ἄχρι
3008 2451 3103 2519 τῆς
3137 2449 3437 2513 συντελείας
3480 2448 3573 2501 τοῦ
3623 2446 3833 2508 αἰῶνος.
3860 2446 3955 2509 Et;

2401 2547 2522 2598 ὅσον
2551 2546 2656 2617 γὰρ
2680 2545 2827 2615 ἥλιος
2859 2544 2948 2597 τὸν
2982 2543 3269 2613 σύμπαντα
3306 2542 3583 2613 φαιδρύνει
3622 2540 3841 2612 κόσμον,
3877 2542 3957 2603 εἰς

2401 2637 2647 2690 τοσοῦτον
2674 2638 2765 2690 καὶ
2791 2635 2949 2698 αὐτὸς
2974 2634 3050 2705 τῷ
3081 2635 3215 2705 ἡλίῳ
3245 2634 3681 2705 συμπαραμένων
3709 2634 3801 2687 καὶ
3835 2650 3957 2686 συν-

2403 2728 2769 2797 εκτεινόμενος
2821 2726 2918 2787 τὰς
2975 2726 3081 2777 τῶν
3140 2720 3437 2796 ἀνθρώπων
3482 2722 3701 2790 φωτίζει
3748 2723 3953 2793 ψυχάς·

2404 2817 2659 2880 ὡσαύτως
2688 2818 2743 2868 δέ
2774 2816 2867 2870 καὶ
2901 2815 3096 2889 σελήνῃ
3137 2815 3427 2885 πλησιφαεῖ
3459 2816 3846 2887 παραπλησίως
3878 2816 3957 2879 είς

2404 2909 2593 2976 γενεὰς
2622 2906 2818 2977 γενεῶν
2846 2906 3063 2975 λέγεται
3086 2906 3348 2983 διαρκεῖν.

2479 3038 2496 3069 ι
2524 3017 2902 3088 Καταϐήσεται
2929 3018 3002 3081 ὡς
3029 3018 3181 3079 ὑετὸς
3206 3016 3299 3069 ἐπὶ
3330 3013 3515 3077 πόκον,
3549 3014 3641 3067 καὶ
3673 3014 3802 3066 ὡσεὶ
3833 3031 3958 3067 στα-

2406 3109 2557 3177 γόνες
2587 3106 2870 3170 στάζουσαι
2897 3106 2989 3159 ἐπὶ
3028 3105 3125 3174 τὴν
3152 3105 3274 3175 γῆν.
3301 3123 3319 3156 ι
3352 3102 3663 3157 Κατάσασιν
3695 3102 3785 3155 τοῦ
3824 3102 3956 3156 Θεοῦ

762 3218 1009 3257 scensum
1044 3202 1135 3257 Dei
1166 3203 1323 3258 Verbi
1352 3206 1641 3273 intelligas,
1673 3206 1719 3259 si
1757 3206 2068 3260 consideres
2089 3209 2306 3275 depres»
2334 3216 2372 3272 ο
2404 3201 2460 3252 Α(

2265 3224 2306 3260 ς-
2334 3216 2372 3272 C
2404 3200 2573 3267 Λόγου
2605 3201 2831 3270 νοήσεις,
2858 3196 3153 3267 ἐπιστήσας
3188 3198 3252 3267 τῇ
3275 3194 3569 3250 καταϐάσει
3607 3194 3698 3248 καὶ
3726 3198 3791 3264 τῇ
3824 3211 3963 3265 συμ-

760 3295 968 3348 sionem
999 3299 1052 3347 et
1075 3295 1574 3363 altemperationem
1598 3309 1703 3362 qua
1730 3310 1787 3349 se
1818 3294 2097 3348 hominum
2118 3297 2305 3364 parvi-

759 3384 858 3437 tati
893 3382 1189 3451 adaptavit,
1219 3399 1340 3435 cum
1386 3401 1403 3433 ‹
1446 3382 1747 3436 humiliavit
1793 3384 2143 3451 semetipsum
2199 3383 2308 3437 for-

758 3486 900 3524 mam
922 3470 1061 3524 servi
1086 3467 1455 3537 aceipiens,‘et
1478 3469 1663 3525 habitu
1686 3469 1935 3524 inventus
1953 3477 2012 3522 ut
2028 3469 2188 3524 homo
2206 3471 2269 3521 ³⁷.
2284 3489 2302 3521 ι

761 3558 940 3622 Quare
963 3558 1182 3620 dicitur,
1221 3575 1237 3607 ι
1276 3554 1597 3611 Descendet.
1636 3575 1653 3607 ι
1688 3555 1921 3612 Necesse
1950 3571 2077 3611 vero
2118 3556 2219 3609 fuit
2250 3565 2307 3610 ut

758 3648 1006 3717 exemplo
1031 3646 1312 3716 prophetia
1356 3654 1596 3700 uteretur
1627 3646 1835 3713 dicens,
1870 3666 1888 3700 ι
1942 3650 2096 3704 Sient
2124 3651 2307 3719 pluvia

680 3725 691 3735 ’
760 3735 816 3788 in
848 3738 1038 3792 vellus.
1075 3755 1093 3786 ι
1125 3736 1277 3801 Quod
1300 3737 1549 3791 similiter
1578 3738 1771 3807 reliqui
1796 3754 1983 3796 omnes
2000 3741 2303 3805 ediderunt,

760 3829 955 3899 Aquila
1012 3830 1242 3893 scilicet,
1300 3847 1319 3881 ι
1376 3829 1441 3882 Ει
1486 3830 1777 3885 descendet
1818 3832 1961 3887 sicut
2016 3833 2199 3902 pluvia
2254 3833 2308 3887 in

761 3922 985 3990 pellem;
1028 3938 1044 3970 ι
1088 3918 1465 3990 Symmachus,
1523 3939 1542 3970 ι
1606 3919 1908 3976 Descendet
1940 3923 2081 3976 sicut
2115 3939 2207 3978 ros
2256 3925 2307 3978 in

761 4013 966 4077 vellus;
1028 4030 1044 4061 ›
1102 4013 1326 4082 parique
1367 4014 1528 4067 modo
1586 4014 1781 4083 reliqui
1831 4014 2175 4083 interpretes,
2212 4016 2312 4070 de-

763 4102 1032 4155 elarantes
1090 4100 1272 4166 Verbi,
1331 4105 1472 4172 quod
1531 4105 1585 4157 in
1645 4105 1961 4174 pr0phetia,
2016 4105 2189 4158 fertur
2244 4122 2308 4160 ex

764 4191 1003 4256 sublimi,
1035 4192 1149 4246 sive
1178 4207 1242 4245 ex
1269 4193 1402 4261 ipsis
1432 4195 1606 4259 caelis,
1638 4194 1957 4249 descensum
1986 4196 2036 4247 in
2063 4203 2265 4249 terram-
2290 4214 2307 4250 :

763 4283 1053 4351 ipsumque
1104 4282 1285 4351 quiete
1338 4297 1401 4335 ac
1449 4287 1669 4345 sensim,
1722 4285 2029 4339 advertente
2074 4287 2307 4351 nemine,

763 4372 1111 4426 descendisse
1151 4374 1575 4427 subindicanles.
1624 4372 1811 4427 Pluvia
1838 4377 2034 4445 quippe
2058 4377 2113 4429 in
2140 4376 2310 4435 vellus

764 4462 1009 4516 insensili
1040 4463 1198 4516 modo
1230 4463 1349 4517 sine
1377 4463 1603 4531 strepitu
1638 4462 1957 4516 demittitur.
1990 4464 2125 4528 Quia
2148 4464 2308 4533 igitur

2409 3291 2678 3361 περιφορᾷ
2710 3290 2825 3342 καθ’
2856 3290 2920 3359 ἢν
2947 3286 3421 3359 συμπεριενεχθεὶς
3448 3289 3512 3358 τῇ
3534 3282 3641 3338 τῶν
3660 3284 3959 3356 ἀνθρώπων

2412 3380 2765 3451 σμικρότητι,
2816 3397 2834 3430 ι
2876 3378 3230 3433 ἐταπείνωσεν
3274 3379 3459 3432 ἐαυτὸν
3514 3378 3723 3448 μορφὴν
3774 3376 3958 3430 δούλου

2408 3470 2603 3533 λαϐὼν,
2643 3470 2734 3522 καὶ
2766 3471 2999 3540 σχήματι
3036 3468 3275 3540 εὑρεθεὶς
3302 3468 3379 3532 ὡς
3424 3468 3723 3539 ἄνθρωπος.
3757 3487 3775 3519 ι
3821 3471 3897 3521 Δι’
3930 3468 3960 3521 δ

2408 3562 2689 3615 λέλεκται·
2750 3580 2768 3613 ι
2806 3561 3205 3631 Καταὸήσεται.
3250 3580 3267 3612 ι
3336 3559 3668 3628 Ἀναγκαίως
3731 3560 3788 3613 δέ
3866 3562 3962 3613 καὶ

2409 3652 2806 3722 παραδείγματι
2858 3652 3117 3722 κέχρηται
3176 3651 3475 3721 προφητεία
3523 3652 3767 3721 φήσασα,
3806 3669 3824 3701 ι
3874 3650 3961 3714 Ὠς

2410 3743 2558 3806 ὑετὸς
2616 3744 2708 3795 ἐπὶ
2780 3743 2963 3795 πόκον.
3018 3761 3036 3792 ι
3098 3744 3162 3794 Ὃ
3210 3742 3273 3811 δὴ
3324 3740 3623 3811 συμφώνως
3678 3745 3728 3796 οἱ
3787 3742 3963 3796 λοιποὶ

2410 3830 2600 3895 πάντες
2624 3831 2967 3900 ἡρμήνευσαν
2983 3845 2997 3857 ·
3035 3829 3261 3891 Ἀκύλας
3284 3829 3381 3899 μὲν
3401 3830 3587 3895 εἰπὼν,
3622 3851 3638 3882 ι
3663 3834 3769 3885 Καὶ
3792 3849 3962 3885 κατα-

2410 3921 2633 3991 ϐήσεται
2664 3919 2739 3981 ὡς
2764 3920 2915 3981 ὑετὸς
2950 3920 3041 3972 ἐπὶ
3073 3920 3300 3991 κουράν·
3338 3938 3355 3971 ι
3386 3920 3676 3992 Σύμμαχος
3697 3922 3773 3982 δέ,
3807 3941 3823 3973 ι
3848 3924 3963 3975 Κα-

2409 4008 2697 4081 ταὸήσεται
2740 4010 2817 4083 ὡς
2859 4009 3045 4081 δρόσος
3114 4010 3205 4063 ἐπί
3247 4011 3443 4065 πόκον·
3488 4032 3507 4063 ι
3554 4013 3645 4065 καὶ
3683 4014 3732 4064 ot
3789 4013 3962 4068 λοιποὶ

2412 4100 2738 4170 ὲρμηνευταὶ
2766 4102 2963 4170 ὁμοίως
2985 4117 2997 4129 ·
3032 4101 3399 4173 παριστῶντες
3426 4101 3519 4156 τοῦ
3563 4104 3732 4172 Λόγου
3776 4105 3870 4177 τὴν
3901 4105 3961 4171 ἐξ

2410 4186 2573 4255 ὑψους
2600 4190 2696 4261 τὴν
2744 4188 2803 4255 ἐξ
2832 4191 3025 4249 αὐτῶν
3068 4193 3309 4264 οὐρανῶν
3340 4193 3557 4247 κάθοδον
3588 4195 3679 4247 ἐπὶ
3724 4196 3834 4271 γῆς.
3866 4197 3957 4251 τοὺ
3988 4198 3993 4203 ’

2410 4284 2907 4353 προφητευομένου·
2941 4284 3036 4337 καὶ
3084 4286 3158 4349 ὡς
3182 4287 3363 4357 ἡρέμα
3410 4287 3499 4339 καὶ
3530 4288 3703 4357 ἡσυχῆ
3737 4287 3957 4357 μηδενὸς

2408 4371 2723 4442 αἰσθομένου
2750 4373 3139 4444 καταϐέϐηκεν.
3165 4378 3346 4439 ’Υετὸς
3377 4378 3483 4448 γὰρ
3514 4379 3605 4431 ἐπὶ
3636 4370 3799 4431 πόκον
3832 4396 3936 4431 κατ

2413 4463 2538 4528 ιὼν,
2590 4463 2993 4535 ἀνεπαισθήτως
3050 4467 3141 4519 καὶ
3201 4467 3435 4537 ἀψοφητὶ
3493 4470 3751 4522 κάτεισιν.
3808 4470 3959 4522 Ἐπεὶ

766 4544 1067 4601 Servatoris
1113 4549 1287 4602 nostri
1324 4549 1595 4617 generatio
1630 4549 1927 4602 secundum
1960 4564 2180 4605 carnem
2214 4552 2310 4604 tali
2340 4562 2386 4618 ι)
2411 4575 2464 4611 το

2256 4552 2310 4604 Ili
2340 4557 2586 4618 υτοίνυν
2635 4559 2667 4629 ἡ
2704 4556 2841 4611 κατὰ
2899 4558 3073 4629 σάρκα
3117 4558 3326 4627 γένεσις
3359 4562 3450 4614 τοῦ
3507 4563 3753 4632 Σωτῆρος
3803 4562 3954 4630 ἡμῶν

765 4637 1167 4704 dispensatione
1198 4638 1337 4692 facta
1370 4646 1473 4702 est,
1510 4648 1567 4691 ut
1592 4655 1659 4693 ne
1680 4654 1745 4692 ex
1762 4640 1955 4694 vicinis
1981 4642 2194 4708 quidem
2223 4644 2305 4695 ul-

765 4725 849 4778 lus
872 4729 1241 4795 couceptionis
1273 4737 1327 4782 et
1374 4739 1559 4798 partus
1587 4740 1787 4785 sancta:
1825 4728 2063 4799 Virginis
2101 4740 2305 4799 myste-

765 4816 904 4868 rium
931 4815 1014 4868 vel
1036 4816 1293 4883 cogitaret
1307 4820 1388 4872 vel
1418 4820 1659 4885 audiret;
1696 4821 1839 4890 quod
1876 4821 2047 4887 ipsum
2075 4834 2307 4889 praesens

767 4918 944 4956 sermo
968 4904 1326 4959 subindieavit
1348 4906 1533 4961 dicens
1556 4925 1569 4959 :
1600 4926 1618 4956 ι
1650 4908 1945 4964 Descendet
1970 4911 2108 4963 sicut
2132 4911 2309 4981 pluvia

766 4994 821 5046 in
848 4994 1051 5059 vellus;
1090 5014 1106 5044 ι
1142 5004 1194 5048 et
1226 4997 1385 5061 alias,
1413 4998 1540 5067 quia
1573 4998 1743 5053 vellus
1774 5002 1951 5055 ovium
2000 5006 2155 5073 pellis
2202 5015 2307 5072 est,

769 5083 811 5134 si
858 5085 1061 5152 cogites
1113 5083 1450 5143 Servatorem
1500 5089 1673 5158 ipsum
1718 5090 1789 5143 ita
1828 5092 2097 5159 docuisse.
2135 5115 2153 5147 ι
2189 5096 2307 5151 Νοη

768 5172 887 5223 veni
919 5176 1022 5228 nisi
1054 5175 1121 5227 ad
1156 5191 1284 5231 oves
1315 5194 1434 5247 qua:
1462 5181 1737 5249 perierunt
1766 5182 1958 5238 domus
1997 5186 2159 5243 Israel
2190 5190 2236 5221 "
2256 5209 2302 5256 ;»

768 5274 1004 5326 praesens
1057 5263 1261 5317 dictum
1310 5267 1621 5341 huiusmodi
1677 5273 1794 5326 voci
1844 5276 2140 5343 coaptabis.
2194 5278 2311 5331 Non

767 5350 911 5403 enim
942 5351 1007 5403 ad
1037 5354 1195 5408 aliam
1226 5364 1437 5426 gentem
1462 5358 1761 5427 descendit,
1798 5364 1892 5418 sed
1924 5365 1991 5418 ad
2022 5368 2189 5422 solam
2222 5367 2311 5423 Ju-

768 5441 1015 5505 daicam,
1082 5458 1459 5518 penes'quam
1517 5463 1880 5511 commoratus
1924 5466 2027 5513 est.
2092 5458 2307 5516 Primus

770 5544 897 5599 ergo
917 5534 1034 5597 ejus
1064 5533 1355 5595 descensus
1392 5542 1514 5596 talis
1540 5542 1659 5607 fuit,
1688 5548 1863 5613 qualis
1889 5548 2083 5617 pluvia:
2111 5551 2167 5605 in
2192 5553 2303 5606 vel-

772 5617 856 5672 lus
908 5623 1199 5679 secundum
1244 5629 1354 5695 jam
1389 5632 1638 5687 traditam
1696 5636 1979 5694 rationem.
2034 5639 2160 5698 Post
2192 5643 2301 5697 haec

841 5715 883 5742 ’⁷
922 5712 1115 5786 Philip.
1144 5736 1201 5784 ιι,
1227 5721 1280 5777 8.
1359 5725 1403 5755 "'
1439 5725 1626 5784 Matth.
1658 5746 1745 5794 xv,
1779 5732 1868 5785 ‘24.

849 5808 895 5873 ii
958 5807 993 5859 ιτ
1000 5818 1114 5867 orte
1141 5818 1268 5879 τοῖς.

2408 4650 2658 4719 τοιαύτην
2686 4650 2941 4721 ἀνείληφε
2970 4650 3067 4721 τὴν
3091 4653 3415 4721 οἰκονομίαν,
3437 4656 3511 4716 ὼς
3544 4652 3745 4723 μηδένα
3774 4655 3960 4723 νοῆσαι

2413 4741 2543 4810 μηδέ
2574 4742 2917 4812 ἀκουσθῆναι,
2942 4741 3073 4811 μηδὲ
3096 4742 3216 4805 τοὺς
3235 4743 3308 4812 (ί)
3328 4745 3389 4797 ἐκ
3421 4742 3672 4810 γειτόνων
3687 4742 3961 4797 οίκοῦσιτὸ

2416 4833 2703 4902 μυστήριον
2738 4833 2835 4903 τῆς
2873 4832 3178 4902 συλλήψεως
3204 4837 3294 4887 καὶ
3321 4834 3412 4886 τοῦ
3438 4832 3654 4886 τοκετοῦ
3681 4833 3961 4902 τῆςηὰγίας

2413 4922 2705 4994 Παρθένου.
2754 4922 2909 4974 Τοῦτ’
2960 4924 3120 4986 αὑτὸς
3175 4925 3203 4975 ό
3269 4922 3455 4993 παρὼν
3506 4922 3722 4993 ᾐνίξατο
3771 4924 3957 4993 λόγος,

2414 5011 2612 5065 εἰπών’
2652 5032 2671 5064 ι
2702 5011 3080 5083 Καταὸήσεται
3116 5013 3193 5077 ὡς
3238 5012 3387 5075 ὑετὸς
3440 5013 3531 5066 ἐπὶ
3563 5014 3758 5067 πόκον⁸
3810 5034 3825 5063 ι
3865 5014 3960 5069 καὶ

2413 5100 2601 5167 ἄλλως,
2631 5103 2816 5169 ἐπειδὴ
2850 5103 3013 5167 πόκος
3045 5103 3327 5173 προϐάτων
3368 5102 3528 5174 δορὰ,
3577 5107 3771 5175 νοήσας
3811 5108 3960 5171 ὅπως

2412 5192 2570 5256 αὐτὸς
2600 5193 2842 5246 ἐδίδασκε
2886 5194 3055 5263 λέγων
3092 5196 3121 5246 ό
3150 5194 3367 5265 Σωτήρο
3402 5214 3420 5246 ι
3456 5196 3567 5250 Οὑκ
3610 5193 3775 5267 ἦλθον
3803 5200 3851 5250 τί
3882 5197 3959 5267 μὴ

2416 5284 2494 5344 είς
2544 5285 2611 5337 τὰ
2662 5285 2907 5354 πρόϐατα
2954 5284 3023 5337 τὰ
3069 5283 3380 5338 ἀπολωλότα
3436 5286 3584 5339 οἴκου
3645 5288 3857 5357 Ἰσραήλ
3881 5304 3893 5316 ·
3933 5306 3952 5336 ι

2414 5374 2739 5443 ἐφαρμόσεις
2770 5376 2829 5427 τὸ
2861 5375 3029 5444 παρὸν
3056 5374 3230 5442 λόγιον
3265 5380 3331 5447 τῇ
3358 5377 3523 5432 αὑτοῦ
3540 5380 3712 5448 φωνῇι
3742 5378 3817 5429 Οὑ
3848 5376 3959 5446 γὰρ

2411 5464 2519 5523 ἐπὶ,
2551 5465 2733 5535 ἕτερον
2773 5465 2925 5527 ἔθνος
2968 5466 3364 5538 καταόέΰηκεν,
3405 5468 3517 5522 ἀλλ’
3567 5470 3658 5522 ἐπὶ
3692 5469 3849 5538 μόνον
3895 5468 3958 5527 τὸ

2423 5554 2702 5617 Ἰουδαίων,
2729 5557 2856 5625 παρ’
2888 5550 2968 5618 οἷς
3000 5557 3089 5609 καὶ
3116 5558 3211 5621 τὰς
3242 5560 3516 5629 διατριὸὰς
3543 5560 3851 5629 ἐποιήσατο.
3890 5558 3956 5611 Ἠ

2413 5643 2507 5712 μὲν
2542 5640 2633 5698 οὖν
2673 5644 2860 5717 πρώτη
2907 5647 3201 5715 κατάϐασις
3246 5652 3407 5705 αὑτοῦ
3433 5651 3648 5719 γέγονεν
3686 5648 3761 5713 ὡς
3803 5650 3955 5715 ὑετὸς
