4300 6398
331 499 424 555 801

1432 495 1922 552 COMMENTARM
1962 494 2027 549 IN
2062 495 2395 552 PSALMOS.
2481 451 2487 456 -

3400 511 3503 567 8οΞ

329 615 420 669 ἰπὶ
477 612 639 667 πόκον
672 614 807 667 κατά
855 613 976 675 τοὺς
1022 610 1377 674 ἀποδοθέντας
1436 612 1699 680 τρόπους’
1745 611 1879 681 μετά
1908 616 1951 671 Α
1980 625 2027 665 at

1806 611 1879 664 μτὰ
1908 616 1951 671 Α
1980 620 2176 673 autem,
2200 626 2307 665 non
2343 612 2481 663 ultra
2510 610 2648 667 sicut
2700 611 2751 664 in
2801 612 2990 680 vellus,
3028 615 3120 669 sed
3164 631 3357 687 magno
3384 636 3504 678 cum

328 702 494 756 ταῦτα
525 700 582 756 δὲ
630 702 809 756 οὐκέτι
860 702 935 765 ὡς
984 703 1075 754 ὲπὶ
1122 702 1319 763 πόκον,
1378 700 1512 753 άλλά
1570 700 1666 751 σὺν
1710 700 1874 771 πολλῇ

328 790 567 863 κινήσει·
602 792 693 845 καὶ
718 791 917 853 κτύπος
941 790 1259 854 ἐξάκουστος
1278 790 1465 857 γέγονε
1492 790 1609 842 καθ’
1635 790 1757 860 ὅλης
1781 790 1876 860 τῆς

328 881 698 952 οίκουμένηςὴ
723 881 1033 936 διδασκαλία
1054 880 1235 934 αὑτοῦ.
1260 881 1334 932 Δι’
1357 881 1384 932 ὃ
1404 880 1704 947 έπιλέγεται
1729 878 1871 948 ἑξῆς,

336 987 355 1020 ι
380 970 472 1022 καὶ
501 970 631 1023 ὡσεὶ
676 970 927 1037 σταγόνες
955 958 1241 1031 στάζουσαι
1287 968 1377 1021 ἐπὶ
1418 969 1515 1037 τὴν
1547 968 1667 1036 γῆν.
1689 987 1708 1019 ι
1741 970 1875 1020 Στα-

328 1059 480 1125 γόνες
503 1060 609 1130 γὰρ
639 1060 671 1129 ἢ
715 1058 942 1128 ψεκάδες
973 1058 1108 1111 κατά
1143 1058 1266 1120 τοὺς
1296 1058 1512 1119 λοιποὺς
1541 1058 1874 1127 έρμηνευτάς

330 1149 614 1212 στάζουσαι
646 1152 738 1202 ἐπὶ
782 1150 879 1218 τὴν
912 1150 1011 1217 γῆν
1064 1149 1237 1202 οὐκέτ’
1273 1148 1534 1217 ἀψοφητὶ,
1573 1148 1665 1199 σὺν
1700 1148 1873 1217 πολλῷ

326 1240 384 1293 δὲ
418 1241 572 1311 ψόφῳ
599 1241 833 1294 κατίασι.
869 1240 978 1291 Καὶ
1008 1238 1161 1293 τοῦτο
1184 1239 1237 1290 δὲ
1268 1238 1413 1300 τέλος
1440 1238 1745 1306 ἐτύγχανεν,
1787 1238 1871 1290 ὅτε

327 1334 407 1394 είς
427 1334 605 1387 πᾶσαν
626 1332 722 1403 τὴν
747 1332 848 1401 γῆν
878 1331 1095 1401 ἐξῆλθεν
1123 1334 1150 1382 ὁ
1173 1328 1399 1398 φθόγγος
1436 1328 1543 1381 τῶν
1569 1328 1872 1382 ἀποστόλων

325 1422 505 1485 αὐτοῦ,
532 1424 623 1477 καὶ
646 1425 725 1485 είς
752 1422 819 1475 τὰ
852 1422 1055 1491 πέρατα
1081 1421 1177 1489 τῆς
1215 1419 1530 1491 οἰκουμένης
1558 1421 1625 1473 τά
1660 1423 1871 1492 ῥήματα

326 1514 520 1567 αὐτῶν.
1368 1524 1374 1530 ’

392 1626 611 1688 Τούτοις
637 1617 760 1696 ἑξῆς
780 1626 1008 1698 εἴρηται·
1062 1646 1081 1679 ι
1125 1628 1389 1680 Ἀνατελεί
1411 1630 1467 1679 ὲν
1492 1628 1608 1689 ταῖς
1641 1624 1871 1695 ἡμέραις

324 1716 484 1770 αὑτοῦ
510 1717 816 1786 δικαιοσύνη
846 1718 939 1770 καὶ
965 1718 1163 1788 πλῆθος
1190 1720 1437 1788 εἰρήνης·
1479 1736 1497 1769 ι
1533 1717 1674 1770 κατὰ
1694 1717 1749 1768 δὲ
1780 1717 1869 1769 τὸν

338 1806 583 1874 ⁹Λκύλαν,
611 1826 629 1859 ι
656 1808 948 1879 Βλαστὴσει
989 1811 1046 1861 ὲν
1076 1810 1305 1879 ἡμέραις
1337 1809 1501 1861 αὑτοῦ
1544 1809 1745 1871 δίκαιος
1780 1810 1870 1860 καὶ

326 1896 524 1968 πλῆθος
550 1897 767 1967 είρὴνης
788 1912 801 1926 ’
833 1915 853 1946 ι
892 1895 1028 1949 κατὰ
1057 1896 1113 1947 δὲ
1140 1895 1233 1948 τὸν
1276 1895 1582 1965 Σύμμαχον,
1621 1913 1639 1945 ι
1687 1893 1870 1962 Ἀνθὴο

327 2002 407 2038 σει
444 1988 500 2037 ὲν
550 1987 666 2046 ταῖς
705 1982 936 2054 ἡμέραις
990 1981 1151 2035 αὑτοῦ
1194 1982 1421 2045 δίκαιος.
1460 1998 1479 2031 ι
1530 1980 1759 2049 Ἡμέραι
1815 1978 1872 2031 δὲ

322 2075 415 2128 τοῦ
457 2074 701 2143 Σωτῆρος
754 2072 907 2142 ἡμῶν
956 2073 1011 2124 αἱ
1062 2071 1167 2124 ἀπὸ
1213 2070 1313 2138 τῆς
1359 2070 1655 2139 παρουσίας
1707 2067 1869 2120 αὐτοῦ

326 2167 483 2237 μέχρι
502 2165 600 2235 τῆς
625 2162 926 2226 συντελείας
956 2160 1047 2217 τοῦ
1064 2162 1257 2224 αίῶνος
1271 2160 1637 2232 νοηθὴσονται.
1664 2161 1870 2230 Ὥσπερ

323 2254 428 2325 γὰρ
460 2254 722 2323 ἀκούομεν
758 2254 839 2315 τὸ,
878 2271 895 2304 ι
947 2252 1033 2305 Ἐν
1066 2249 1457 2321 ταῖςὴμέραις
1490 2250 1667 2313 Δαυῒδ,
1704 2270 1719 2299 ι
1756 2252 1864 2314 καὶ,

327 2363 347 2395 ι
396 2345 481 2397 Ἐν
520 2343 749 2414 ἡμέραις
792 2342 1087 2413 Ἱεροόοάμ,
1143 2361 1161 2393 ι
1208 2342 1376 2404 οὕτως
1428 2338 1533 2393 εἷεν
1577 2342 1638 2394 ἂν
1672 2340 1869 2412 ἡμέραι

320 2433 411 2487 τοῦ
453 2435 697 2504 Σωτῆρος
728 2434 899 2505 ἡμῶν.
947 2432 1083 2485 Ἀλλ’
1125 2433 1319 2485 ἐκεῖνοι
1355 2432 1471 2501 μὲν,
1505 2433 1639 2501 πρὸς
1693 2432 1869 2498 ὀλίγον

320 2518 592 2594 φανέντες,
624 2525 810 2585 θᾶττον
844 2524 1280 2594 ἀπεσόέσθησανο
1315 2524 1382 2575 δι’
1415 2524 1442 2575 δ
1472 2525 1563 2576 καὶ
1592 2524 1645 2576 ai
1673 2523 1871 2593 ἡμέραι

319 2614 495 2669 αὐτῶν
538 2613 811 2679 ἐξέλιπον
848 2613 904 2665 αἱ
942 2612 998 2664 δὲ
1041 2612 1244 2682 ἡμέραι
1288 2612 1380 2664 τοῦ
1432 2612 1680 2681 Σωτῆρος
1719 2612 1870 2681 ἡμῶν

317 2706 507 2757 ὁπόσαι
548 2702 888 2772 τυγχάνουσι,
917 2702 1124 2769 φθάσας
1152 2702 1180 2754 ὁ
1210 2702 1364 2769 λόγος
1385 2701 1651 2775 ἐδήλωσεν
1681 2700 1865 2751 εἰπών’

324 2814 342 2846 ι
379 2795 793 2865 Συμπαραμενεῖ
814 2791 891 2862 τῷ
911 2791 1043 2863 ἡλίῳ
1068 2791 1159 2843 καὶ
1194 2790 1492 2862 ἔμπροσθεν
1516 2790 1613 2862 τῆς
1645 2789 1870 2859 σελήνης

318 2887 507 2956 γενεὰς
536 2886 760 2953 γενεῶν·
803 2904 824 2938 ι
860 2879 939 2948 οἷς
970 2883 1269 2947 ἀκολούθως
1304 2883 1395 2936 καὶ
1421 2882 1585 2944 αὐτὸς
1610 2885 1720 2946 τοῖς
1749 2884 1869 2935 ἐαυ-

318 2976 409 3029 τοῦ
458 2976 719 3047 μαθηταῖς
746 2974 1103 3045 ἐπηγγέλλετο
1143 2972 1343 3039 λέγων·
1381 2990 1399 3022 ι
1445 2972 1573 3025 ’ἰδοὺ
1611 2970 1718 3040 ἐγὼ
1750 2960 1862 3040 μέθ’

320 3068 470 3139 ὑμῶν
504 3070 617 3140 εἰμι
648 3065 774 3139 ἄχρι
810 3066 907 3136 τῆς
947 3063 1243 3125 συντελείας
1282 3060 1373 3115 τοῦ
1403 3061 1623 3125 αἰῶνος·
1664 3080 1683 3113 ι
1718 3060 1869 3115 Οὕτω

316 3162 424 3232 γάρ
443 3156 1103 3233 ἡμελλεοσυμπαραμένειν
1130 3156 1204 3226 τῷ
1232 3154 1383 3225 ἡλίῳ.
1426 3152 1629 3208 Οὐκοῦν
1665 3155 1722 3207 ἐν
1751 3156 1868 3219 ταῖς

317 3252 548 3323 ἡμέραις
577 3252 761 3315 αὑτοῦ,
801 3250 920 3306 καθ’
948 3250 1012 3313 ἃς
1040 3248 1457 3321 συμπαραμενεϊ
1485 3247 1561 3318 τῷ
1588 3247 1740 3317 ἡλίῳ,
1775 3247 1867 3323 καὶ

316 3343 511 3411 ὁμοίιος
536 3341 728 3412 σελήνῃ
749 3341 846 3404 τάς
872 3340 977 3393 τῶν
1007 3341 1064 3393 ὲν
1086 3340 1260 3410 σκότῳ
1283 3341 1505 3408 φωτίσει
1532 3338 1727 3408 ψυχὰς,
1752 3324 1871 3392 ἀνα-

316 3431 515 3502 λάμψει
547 3433 638 3485 ἐπὶ
674 3431 849 3501 πάσης
883 3431 980 3500 τῆς
1018 3429 1119 3499 γῆς
1164 3430 1561 3501 δικαιοσύνηοὴ
1603 3428 1758 3483 κατὰ.
1778 3428 1868 3481 τὸν

329 3522 574 3587 Ἀκύλαν,
614 3540 635 3574 ι
666 3523 897 3584 δίκαιοςο
938 3540 957 3573 ι
988 3520 1168 3573 οὐκέτι
1200 3520 1348 3591 παρά
1387 3521 1655 3584 Ἰουδαίοις
1690 3522 1868 3592 μόνοις
1900 3570 1901 3573 η

318 3614 431 3678 ἑνός
472 3630 570 3666 που
616 3615 708 3665 καὶ
734 3612 981 3683 δευτέρου
1026 3610 1416 3680 ὀνομαζομένου
1469 3611 1697 3671 δικαίου,
1748 3611 1866 3664 καθ’

316 3704 441 3775 ὅλης
463 3703 519 3757 δὲ
538 3705 636 3774 τῆς
665 3703 984 3774 οἰκουμένης
1018 3701 1218 3773 μυρίων
1244 3702 1300 3752 ὲν
1325 3699 1539 3770 Χριστῷ
1564 3701 1868 3771 δικαιουμέ-

316 3815 440 3853 νων.
481 3798 552 3850 Τὸ
576 3797 630 3851 δὲ
660 3797 858 3865 πλῆθος
885 3796 990 3848 τῶν
1022 3794 1239 3847 δικαίων
1264 3794 1371 3846 τῶν
1405 3794 1460 3844 ὲν
1490 3795 1607 3854 ταῖς
1636 3792 1868 3863 ἡμέραις

315 3890 406 3942 τοῦ
431 3890 679 3960 Σωτῆρος
719 3888 1016 3943 ἀνθούντων
1050 3888 1142 3941 καὶ
1171 3887 1342 3957 φωτὸς
1380 3886 1531 3955 δίκην
1556 3883 1865 3937 ἀνατελλόν-

315 3997 421 4033 των
444 3980 640 4051 ὁμοίως
660 3979 735 4049 τῷ
761 3980 963 4033 ἑαυτῶν
986 3981 1224 4051 φωστῆρι
1253 3981 1461 4048 νοήσεις
1486 3976 1591 4029 ἀπὸ
1617 3975 1712 4028 τοῦ
1744 3976 1868 4045 πλή-

318 4069 443 4134 θους
467 4071 574 4125 τῶν
604 4062 925 4141 ’ἁπανταχοῦ
964 4060 1063 4141 γῆς
1105 4070 1393 4143 μαρτύρων
1435 4066 1593 4120 αὐτοῦ
1626 4066 1718 4119 καὶ
1762 4066 1867 4118 τῶν

316 4159 457 4214 κατά
479 4160 577 4231 τὴν
612 4162 932 4232 Ἐκκλησίαν
958 4162 1119 4215 αὑτοῦ
1149 4161 1238 4213 τὸν
1277 4158 1559 4227 ἀγγελικὸν
1587 4158 1643 4210 ὲν
1670 4173 1865 4210 παντε-

316 4248 398 4302 λεῖ
424 4249 611 4318 ἁγνείᾳ
648 4250 1048 4320 κατορθούντων
1084 4248 1214 4318 βίον.
1245 4250 1305 4302 Εί
1345 4248 1401 4301 δὲ
1444 4246 1535 4299 καὶ
1564 4244 1863 4314 δικαιοσύνη

317 4340 374 4393 έν
403 4341 523 4402 ταῖς
546 4338 775 4411 ἡμέραις
800 4339 961 4392 αὑτοῦ
994 4338 1247 4411 ἀνθὴσειν
1288 4338 1550 4399 λέλεκται,
1585 4336 1676 4389 καὶ
1716 4334 1868 4387 τοῦτο

316 4432 462 4493 ὅπως
489 4429 554 4484 δι’
588 4428 758 4500 ἔργων
804 4427 1099 4499 πληροῦται
1137 4428 1248 4482 εστι
1297 4426 1630 4497 καταμαθεῖν
1668 4427 1731 4478 ὲκ
1775 4424 1865 4475 τοῦ

320 4523 396 4596 μὴ
426 4520 705 4583 Ἰουδαίους
745 4518 953 4589 μόνους,
988 4518 1122 4573 ἀλλὰ
1166 4520 1259 4573 καὶ
1289 4520 1395 4572 πᾶν
1422 4517 1569 4579 ἔθνος
1593 4514 1867 4569 καλεῖσθαι

318 4614 411 4670 tu!
436 4615 534 4686 τὴν
566 4611 740 4666 ἔνθεον
772 4611 976 4674 πίστιν,
1004 4611 1219 4675 δούλους
1248 4628 1306 4663 τε
1334 4611 1390 4676 ἐξ
1420 4608 1532 4661 ῐσου
1564 4611 1675 4670 τοῖς
1716 4607 1864 4660 ὲλευ-

1979 709 2147 764 motu,
2183 702 2395 755 sonitus
2430 701 2539 755 sive
2564 702 2806 756 doctrina
2832 705 2950 772 ejus
2991 720 3088 774 per
3116 712 3288 760 totum
3326 711 3510 765 orbem

1978 792 2042 845 ad
2071 792 2308 846 omnium
2345 806 2503 846 aures
2543 795 2796 862 pervasit.
2830 793 3005 859 Quare
3034 796 3249 850 additur
3294 800 3508 867 deinde,

1984 901 2001 933 ι
2035 890 2087 937 et
2116 883 2253 937 sicut
2279 882 2552 937 stillicidia
2602 883 2853 937 stillantia
2882 901 3041 954 super
3069 893 3287 941 terram.
3326 908 3344 938 ι
3382 888 3510 943 Stil-

1978 972 2153 1026 licidia
2194 986 2439 1041 namque,
2476 972 2586 1025 sive
2619 990 2635 1021 ι
2676 980 2837 1041 guttae
2877 974 3018 1028 roris
3054 994 3071 1025 ›
3104 975 3394 1030 secundum
3428 994 3513 1032 re-

1976 1063 2151 1131 liquos
2212 1063 2553 1130 interpretes,
2614 1065 2878 1117 stillantes
2930 1079 3089 1133 super
3148 1072 3365 1127 terram,
3402 1081 3511 1121 non
3614 1104 3617 1117 .

1977 1169 2197 1223 prorsus
2228 1154 2343 1208 sine
2382 1154 2630 1223 strepitu,
2668 1154 2761 1208 sed
2814 1170 3005 1225 magno
3053 1172 3171 1213 cum
3210 1156 3384 1209 sonitu
3416 1158 3515 1210 de-

1977 1244 2259 1298 scendunt.
2300 1242 2357 1296 Id
2409 1259 2536 1297 vero
2590 1254 2700 1296 tum
2738 1244 2895 1299 linem
2932 1247 3160 1313 accepit,
3208 1247 3420 1315 quando
3456 1245 3511 1299 in

1974 1349 2187 1389 omnem
2220 1342 2416 1388 terram
2442 1334 2607 1388 exivit
2658 1350 2825 1391 sonus
2886 1336 3250 1404 apostolorum
3289 1336 3427 1406 ejus,
3459 1344 3513 1391 et

1974 1424 2029 1477 in
2062 1425 2195 1479 ﬁnes
2224 1426 2373 1480 orbis
2404 1419 2558 1480 terra:
2588 1426 2751 1481 verba
2780 1440 2986 1481 eorum.
3234 1412 3241 1418 ’

2045 1620 2154 1676 Sub
2181 1623 2293 1676 haec
2328 1623 2524 1677 dicitur
2554 1642 2566 1676 :
2607 1641 2625 1673 ι
2657 1622 2871 1677 Orietur
2899 1623 2953 1676 in
2982 1622 3170 1679 diebus
3199 1625 3316 1694 ejus
3353 1627 3514 1695 justi-

1973 1712 2045 1775 tia
2079 1721 2131 1767 et
2160 1713 2487 1767 abundantia
2521 1713 2736 1781 pacis;i
2761 1714 3071 1775 secundum
3088 1714 3336 1783 Aquilam
3364 1730 3514 1778 vero,

1980 1823 1998 1855 ι
2029 1788 2360 1858 Germinabit
2389 1804 2445 1857 in
2472 1803 2663 1859 diebus
2709 1803 2825 1871 ejus
2869 1804 3070 1871 justus,
3104 1812 3155 1857 et
3187 1806 3514 1859 abundantia

1972 1890 2153 1957 pacis;
2188 1907 2205 1940 ι
2255 1890 2549 1943 secundum
2600 1888 2977 1957 Symmachum
3020 1906 3179 1955 vero,
3227 1908 3245 1939 ι
3279 1890 3514 1945 Florebit

1972 1980 2026 2031 in
2056 1979 2245 2035 diebus
2272 1978 2391 2048 ejus
2416 1970 2619 2048 justus,
2642 1998 2669 2031 τ
2726 1979 2845 2033 Dies
2874 1989 3047 2034 autem
3079 1968 3378 2034 Servatoris
3410 1997 3510 2034 no-.

1971 2070 2067 2124 stri
2119 2072 2186 2125 ab
2233 2072 2467 2127 adventu
2520 2072 2638 2140 ejus
2683 2086 2853 2141 usque
2892 2072 2959 2126 ad
3000 2072 3511 2127 consummationem

1971 2162 2145 2215 seculi
2178 2162 2511 2230 intelligendi
2536 2169 2684 2215 sunt.
2705 2160 2819 2225 Qua
2841 2163 3051 2217 ratione
3078 2163 3217 2216 enim
3241 2163 3508 2227 audimus,

1976 2271 1993 2301 ‹
2020 2250 2078 2305 In
2124 2252 2313 2307 diebus
2373 2252 2567 2316 David;
2604 2253 2663 2305 ln
2694 2252 2885 2307 diebus
2926 2249 3239 2320 Jeroboam;
3274 2273 3291 2305 ›
3327 2253 3511 2309 eodem

1970 2357 2193 2410 prorsus
2262 2342 2422 2396 modo
2468 2343 2583 2397 dies
2633 2343 2935 2399 Servatoris
2992 2345 3163 2399 nostri
3218 2345 3515 2413 excipiendi

1972 2441 2113 2485 sunt.
2169 2430 2270 2486 Sed
2307 2433 2382 2486 illi
2414 2434 2629 2501 quidem
2654 2448 2775 2487 cum
2808 2434 2873 2487 ad
2904 2434 3066 2489 breve
3097 2442 3308 2503 tempus
3330 2451 3517 2504 super-

1970 2522 2124 2576 stites
2147 2516 2398 2587 fuissent,
2432 2524 2578 2578 brevi
2622 2525 2873 2578 exstincti
2910 2532 3057 2589 sunt,
3106 2539 3274 2594 quare
3305 2525 3420 2581 dies
3452 2526 3516 2579 il-

1968 2612 2141 2677 lorum
2171 2612 2505 2669 defecerunt.
2543 2614 2665 2669 Dies
2694 2631 2822 2670 vero
2853 2615 3154 2671 Servatoris
3181 2618 3353 2671 nostri
3385 2627 3515 2686 quot

1968 2704 2096 2765 sint,
2132 2718 2293 2771 supra
2321 2705 2653 2759 declaratum
2689 2706 2773 2760 his
2794 2706 2973 2760 verbis
3004 2714 3087 2760 est
3117 2726 3128 2758 :
3168 2724 3187 2755 ι
3226 2706 3513 2760 Permane-

1966 2791 2043 2844 bit
2077 2808 2197 2845 cum
2230 2794 2345 2847 sole
2379 2802 2431 2849 et
2472 2804 2595 2848 ante
2636 2796 2839 2858 lunam,
2872 2796 2927 2848 in
2958 2796 3330 2864 generationes
3352 2812 3515 2865 gene-

1966 2884 2252 2937 rationum.
2291 2904 2308 2936 ι
2376 2884 2781 2955 Consequenter
2810 2887 2875 2939 ad
2902 2887 3013 2939 haec
3041 2886 3203 2941 verba
3231 2887 3512 2957 discipulis

1967 2975 2080 3029 suis
2124 2975 2237 3041 hac
2262 2976 2532 3044 pollicitus
2573 2985 2691 3031 est:
2729 2976 2921 3031 «Ecce
2947 2992 3043 3047 ego
3080 2978 3356 3033 vobiscum
3392 2997 3509 3033 sum

1968 3080 2141 3133 usque
2186 3065 2252 3120 ad
2303 3066 2818 3119 consummationem
2869 3066 3159 3133 saeculi”;
3193 3085 3211 3117 ι
3266 3067 3337 3119 ita
3368 3068 3511 3120 enim

1968 3172 2087 3211 cum
2120 3159 2231 3212 sole
2256 3173 2643 3227 permansurus
2671 3168 2805 3213 erat.
2835 3156 3017 3228 Itaque
3038 3159 3090 3211 in
3111 3157 3298 3213 diebus
3319 3160 3510 3228 ipsius,

1894 3275 1936 3331 ο
1968 3252 2120 3319 queis
2165 3265 2285 3304 cum
2337 3249 2449 3304 sole
2500 3240 2865 3319 permanebit,
2920 3256 2973 3303 et
3025 3249 3185 3302 simili
3231 3263 3339 3318 quo
3385 3250 3511 3303 luna

1968 3340 2128 3393 modo
2147 3378 2161 3403 ,
2214 3339 2422 3391 animas
2453 3337 2505 3389 in
2535 3337 2768 3391 tenebris
2805 3337 3010 3405 positas
3040 3337 3361 3391 illuminabit
3380 3377 3394 3401 ,
3424 3338 3515 3403 ju-

1966 3430 2111 3484 stitia
2180 3430 2376 3483 lucebit
2429 3429 2482 3481 in
2531 3429 2780 3481 universa
2828 3434 3001 3493 terra;
3051 3428 3164 3481 sive
3214 3428 3508 3481 secundum

1964 3521 2234 3593 Aquilam,
2275 3538 2292 3569 ι
2320 3520 2518 3589 justus.
2553 3537 2570 3569 ι
2610 3517 2717 3572 Nec
2750 3519 2888 3570 ultra
2939 3517 3077 3587 apud
3118 3515 3334 3570 Judaaos
3389 3525 3511 3570 tan-

1966 3624 2077 3667 tum
2118 3626 2260 3666 unus
2297 3616 2399 3664 aut
2446 3608 2582 3661 alter
2610 3608 2790 3675 justus
2842 3603 3238 3669 nominabitur;
3274 3605 3367 3659 sed
3414 3621 3512 3675 per

1965 3712 2133 3758 totum
2206 3702 2389 3755 orbem
2440 3696 2633 3753 inﬁniti
2683 3696 2738 3751 in
2777 3693 2991 3751 Christo
3052 3693 3507 3765 iustiﬁcabuntur.

1966 3792 2357 3846 Multitudinem
2406 3797 2583 3843 autem
2627 3787 2917 3856 justorum.
2954 3785 3045 3855 qui
3090 3784 3143 3837 in
3171 3784 3360 3847 diebus
3391 3785 3513 3838 Ser-

1963 3883 2165 3935 vatoris
2183 3882 2351 3934 nostri
2375 3879 2687 3938 floruerunt,
2712 3884 2763 3930 et
2790 3874 2879 3943 qui
2912 3875 3131 3928 luminis
3158 3874 3345 3936 instar,
3374 3888 3502 3939 per-

1966 3971 2088 4025 inde
2128 3978 2290 4038 atque
2336 3970 2575 4035 ipsorum
2606 3964 2887 4029 luminare,
2922 3962 3092 4017 exorti
3124 3970 3269 4023 sunt,
3306 3962 3503 4014 intelli-

1966 4077 2056 4131 ges
2086 4076 2150 4114 ex
2178 4058 2521 4113 multitudine
2571 4062 2863 4124 martyrum
2910 4054 3026 4122 ejus
3071 4069 3165 4123 per
3204 4054 3505 4109 universam

1948 4159 2184 4213 terram,
2233 4161 2524 4215 eorumque
2570 4145 2659 4215 qui
2691 4146 2745 4197 in
2779 4144 3015 4198 Ecclesia
3051 4148 3168 4209 ejus
3215 4144 3508 4213 angelicam

1966 4241 2125 4294 vitam
2144 4254 2267 4292 cum
2289 4238 2433 4292 omni
2462 4237 2710 4291 castitate
2736 4235 3024 4291 duxerunt.
3060 4235 3209 4299 Quod
3236 4235 3279 4287 si
3308 4234 3509 4288 dictum

1965 4339 2066 4393 est,
2103 4331 2343 4384 futurum
2388 4342 2507 4383 esse
2540 4338 2597 4380 ut
2622 4326 2829 4395 justitia
2879 4326 2931 4379 in
2978 4324 3317 4397 diebusejus
3350 4323 3511 4377 cmo—

1964 4429 2137 4476 rescat
2158 4440 2172 4486 ;
2190 4429 2243 4476 et
2270 4425 2372 4475 hoc
2396 4434 2504 4489 quo
2536 4425 2693 4488 pacto
2719 4418 2927 4471 eveniat
2959 4416 3085 4468 hinc
3113 4416 3341 4474 edisces,
3363 4414 3508 4480 mind

1966 4526 2074 4564 non
2106 4517 2312 4564 tantum
2345 4508 2537 4571 Judaei,
2567 4507 2657 4561 sed
2688 4506 2848 4560 etiam
2887 4519 3073 4559 omnes
3104 4510 3293 4571 gentes.
3324 4503 3385 4558 ad
3416 4502 3506 4554 di-

1966 4602 2145 4655 vinam
2188 4600 2343 4654 ﬁdem
2370 4604 2572 4651 vocata:
2596 4598 2723 4655 sint,
2762 4608 2823 4653 ac
2867 4593 3003 4646 servi
3030 4592 3231 4660 pariter
3258 4598 3311 4645 et
3350 4590 3508 4643 liberi

320 4673 501 4777 θέροις
516 4705 798 4769 θεοσεϐεῖν,
826 4703 918 4757 καὶ
948 4703 1180 4773 πένητας
1202 4673 1409 4775 ομοίως
1438 4704 1549 4763 τοῖς
1575 4699 1861 4763 πλουσίοις,
1895 4673 1941 4731 D
1970 4695 2018 4748 ι)‹

1811 4716 1861 4763 νς,
1895 4673 1941 4731 D
1970 4695 2133 4748 Deum
2165 4690 2364 4750 colant,
2394 4699 2656 4756 pauperes
2689 4683 2906 4751 perinde
2931 4690 3089 4750 atque
3122 4682 3336 4743 divites,
3358 4678 3509 4748 pri-s-

318 4782 581 4866 άρχοντάς
606 4812 665 4848 τε
706 4794 799 4848 σὺν
824 4791 1142 4863 ἀρχομένοις
1172 4794 1266 4846 σὺν
1303 4792 1464 4859 πολλῇ
1492 4787 1623 4843 Θεοῦ
1669 4788 1867 4840 δικαιοο

322 4886 473 4957 τύνη.
500 4887 688 4949 Ὅπως
717 4886 773 4939 δὲ
800 4884 999 4955 πλῆθος
1042 4886 1259 4955 είρὴνης
1284 4881 1641 4937 ἀνατέταλκεν
1668 4881 1725 4931 ὲν
1750 4882 1866 4942 ταῖς

318 4976 665 5047 δηλωθείσαις
712 4977 805 5030 τοῦ
857 4977 1100 5046 Σωτῆρος
1150 4975 1303 5045 ἡμῶν
1362 4973 1626 5045 ἡμέραις,
1681 4970 1865 5037 νοῆσαι

320 5068 465 5121 ιστιν
495 5070 859 5138 ἐπιστήσαντα
879 5071 945 5139 τῇ
976 5064 1301 5120 καταστάσει
1320 5063 1428 5117 τῶν
1456 5059 1563 5134 πρὸ
1577 5061 1675 5130 τῆς
1698 5061 1865 5114 αὐτοῦ

322 5160 619 5227 παρουσίας
644 5162 997 5230 πραγμάτων.
1032 5156 1167 5211 Καθ’
1191 5158 1257 5227 ἡν
1292 5156 1353 5207 τὸ
1382 5154 1601 5224 σύμπαν
1636 5150 1745 5203 τῶν
1780 5152 1868 5203 ἁν-

324 5250 550 5322 θρώπων
605 5251 759 5318 γένος
805 5250 1023 5323 διῄρητο
1065 5245 1517 5315 ἀποτετμημένανν
1570 5241 1754 5311 ὥσπερ
1807 5240 1865 5307 ἐξ

324 5342 439 5404 ἑνὸς
485 5339 730 5410 σώματος
772 5342 851 5402 είς
885 5340 1049 5411 μυρία
1090 5333 1453 5404 διεσπαρμένα
1494 5330 1649 5400 μέλη,
1694 5328 1866 5383 ἀλλων

325 5432 494 5493 mm
530 5428 695 5481 ὶθνῶν
745 5428 907 5480 πάλαι
955 5428 1209 5499 πρότερον
1254 5419 1658 5492 ἀφωρισμένων,
1710 5417 1868 5470 πολε-

329 5523 563 5594 μούντων
595 5536 652 5572 τε
685 5517 926 5588 ἀλλήλοις
950 5522 1043 5572 καὶ
1066 5513 1489 5587 πολεμουμένων·
1520 5509 1613 5565 καὶ
1635 5507 1741 5560 τῶν
1768 5508 1865 5577 μὲν

324 5610 776 5687 τυραννουμένων,
809 5607 917 5661 τῶν
946 5606 1001 5659 δὲ
1027 5603 1558 5678 δημοκρατουμένων,
1582 5598 1779 5668 ἑτέρων
1808 5599 1865 5652 δὲ

327 5702 808 5776 ιλιγαρχουμένωνυ
844 5698 1127 5768 τοπάρχων
1148 5701 1267 5753 κατ’
1289 5696 1437 5760 levo;
1478 5692 1571 5748 καὶ
1594 5688 1865 5760 τυράννων

398 5863 441 5893 ”
470 5859 652 5926 Matth.
696 5864 882 5919 xxvm,
911 5855 997 5907 20.

1969 4788 2115 4856 cipes
2145 4795 2265 4835 cum
2289 4777 2541 4837 subditis.
2572 4790 2692 4828 cum
2719 4774 2884 4826 multa
2919 4772 3011 4825 Dei
3051 4772 3257 4840 justitia
3284 4770 3403 4841 [pie
3427 4772 3509 4824 vi-

1971 4873 2150 4943 vant].
2202 4869 2318 4934 Quo
2348 4874 2504 4935 pacto
2537 4874 2713 4918 autem
2758 4862 3086 4917 abundantia
3117 4862 3264 4931 pacis
3304 4861 3359 4913 in
3402 4875 3512 4913 tne-

1972 4962 2191 5021 moratis
2220 4956 2515 5011 Salvatoris
2546 4954 2716 5009 nostri
2740 4954 2926 5008 diebus
2954 4961 3070 5006 orta
3100 4954 3190 5016 sit,
3219 4952 3384 5021 probe
3409 4950 3508 5003 in—

1967 5054 2222 5123 telligitur
2261 5063 2326 5104 ex
2375 5062 2557 5101 rerum
2608 5055 2733 5099 ante
2782 5045 3013 5115 primum
3063 5044 3180 5112 ejus
3222 5042 3510 5096 adventum

1964 5142 2289 5202 conditione.
2344 5136 2461 5202 Quo
2512 5146 2748 5205 tempore
2794 5144 2962 5188 totum
3012 5133 3305 5186 humanum
3335 5145 3512 5200 genus

1967 5251 2064 5291 ceu
2095 5247 2158 5287 ex
2192 5244 2302 5284 uno
2342 5242 2571 5298 corpore
2616 5228 2669 5280 in
2706 5224 2909 5279 infinita
2933 5224 3167 5287 membra
3217 5220 3341 5275 hinc
3379 5219 3507 5272 inde

1968 5327 2206 5395 dispersa
2233 5321 2464 5376 divisum
2493 5327 2628 5373 erat.
2692 5314 2824 5369 Nam
2851 5324 3038 5385 gentes
3069 5315 3183 5366 alite
3208 5310 3314 5364 alio
3345 5310 3511 5362 modo

1970 5431 1999 5470 a
2020 5412 2211 5485 priscis
2236 5411 2347 5479 iam
2377 5407 2705 5478 temporibus
2724 5405 2909 5459 divisa
2930 5402 3167 5463 fuerant;
3203 5399 3504 5465 bellumque

1969 5509 2107 5562 inter
2132 5515 2191 5556 se
2219 5501 2507 5571 gerebant,
2558 5498 2625 5551 ab
2669 5496 2895 5564 aliisque
2926 5490 3373 5563 impugnabantur
3408 5504 3419 5537 :
3452 5495 3508 5536 et

1971 5596 2060 5650 alii
2083 5590 2297 5663 quidem
2325 5589 2569 5661 tyrannis
2594 5586 2795 5641 subditi
2824 5590 2996 5644 erant,
3042 5579 3129 5633 alii
3154 5574 3504 5637 democratia,

1972 5688 2058 5743 alii
2094 5697 2386 5756 paucorum
2436 5682 2711 5739 dominatu
2744 5675 3073 5748 regebantur
3094 5664 3127 5737 ,’
3159 5668 3426 5741 toparcbte
3452 5674 3508 5721 et
