4300 6398
779 529 886 584 805

1436 520 1701 578 EUSEBII
1737 518 2214 576 CESARIENSIS
2247 517 2395 572 OPP.
2435 514 2745 571 PARS'HI.
2784 544 2850 555 -—
2875 514 3279 569 EXEGETICA.

3876 516 3984 570 80a

775 642 990 710 tyranni
1033 642 1163 695 varii
1205 640 1491 710 imperium
1526 640 1875 706 obtinebant;
1908 646 1967 692 ut
1998 638 2190 693 vicinis
2217 653 2325 691 non
2352 643 2396 697 Α
2425 654 2473 707 κε

2290 653 2325 691 ιι
2352 643 2396 697 Α
2425 635 2781 707 κρατούντων·
2807 634 2883 697 ὡς
2906 633 3110 704 ἄμικτα
3143 629 3279 687 εἶναι
3303 632 3394 686 καὶ
3422 632 3595 687 ἀὸατα
3625 636 3735 696 τοῖς
3765 634 3985 704 πλησιο-

775 728 1003 785 facultas
1030 736 1169 784 esset
1190 732 1255 783 ad
1284 729 1538 783 finitimas
1558 730 1807 798 regiones
1830 726 2327 796 commeandi,quia

775 822 922 874 nulla
950 829 1091 875 esset
1122 823 1376 883 societas,
1404 822 1653 889 bellaque
1683 819 2029 889 inexpiabilia
2062 826 2114 871 et
2140 818 2321 886 impla-

774 914 973 967 Cabiles
1020 914 1317 967 inimicitiae
1360 914 1569 982 jamdiu
1602 928 1773 981 usque
1799 912 1862 964 ad
1891 910 2194 964 Servatoris
2233 924 2329 962 no-

773 1004 871 1056 stri
921 1014 1131 1073 tempus
1184 1000 1559 1074 perdurarent.
1619 1002 1696 1055 Ex
1740 1017 1847 1070 quo
1892 1010 2067 1054 autem
2103 998 2327 1053 sublatis

770 1094 993 1163 regulis,
1026 1095 1340 1148 monarchia
1372 1093 1622 1162 gentibus
1654 1093 1835 1144 multis
1870 1090 2171 1158 imperavit,
2207 1102 2327 1141 vere

771 1184 873 1237 fuit
901 1184 1230 1238 abundantia
1270 1184 1511 1259 pacis,et
1535 1182 1919 1235 commercium
1954 1179 2327 1231 universarum

772 1274 1043 1343 gentium;
1098 1274 1172 1326 ita
1222 1281 1283 1325 ut
1330 1287 1492 1341 opere
1540 1270 1922 1339 comprobetur
1955 1268 2055 1322 hoc
2087 1268 2330 1321 testimo-

774 1365 924 1417 nium
950 1364 1055 1417 soli
1085 1346 1359 1417 Servaturi
1410 1372 1600 1416 nostro
1622 1361 1926 1414 convenire.
1980 1357 2128 1411 lianc
2150 1362 2328 1411 autem

773 1452 1154 1505 abundantiam
1174 1450 1319 1518 pacis
1346 1463 1753 1517 permansuram
1784 1448 1859 1499 ait
1885 1444 2085 1498 «donec
2115 1444 2326 1497 aufera-

771 1550 862 1596 tur
878 1540 1483 1605 luna,»sivesecundum
1509 1538 1776 1607 Aquilam,
1797 1549 2107 1604 «usquequo
2138 1534 2323 1598 luna;»

772 1633 878 1696 vel,
931 1630 1228 1685 secundum
1274 1627 1679 1697 Symmachum,
1739 1645 1757 1676 ι
1802 1626 1973 1679 donec
2019 1624 2329 1692 antiquetur

774 1722 922 1774 luna.
954 1738 977 1771 δ
1013 1718 1362 1783 Quandonam
1396 1716 1765 1784 antiquabitur
1791 1714 1954 1767 luna?
1985 1715 2045 1765 In
2080 1726 2331 1766 consum-

773 1812 1008 1866 matione
1055 1809 1254 1871 saeculi,
1301 1824 1406 1877 qua
1458 1808 1571 1861 haec
1622 1806 1903 1878 prophetia
1949 1804 2260 1873 implebitur
2313 1817 2325 1852 :

778 1920 797 1953 ι
830 1899 919 1954 Sol
956 1908 1007 1953 et
1037 1901 1161 1953 luna
1188 1898 1630 1952 obscurabuntur
1660 1897 1766 1961 ³⁰;›
1806 1910 1869 1948 ac
1902 1908 2138 1954 rursum,
2173 1911 2189 1941 ‹
2213 1889 2329 1945 Non

2429 726 2621 797 χώροις
2664 724 2733 796 τά
2782 724 2881 794 τῆς
2929 724 3034 775 τῶν
3072 725 3323 801 γειτόνων
3352 724 3560 794 χώραςτ
3612 724 3876 794 πολέμους
3922 740 3987 779 τι

2427 819 2718 879 ἀσπόνδους
2744 818 2832 868 καὶ
2860 816 3055 886 ἔχθρας
3077 815 3510 877 ἀκαταλλάκτους
3535 815 3598 866 ὲκ
3626 815 3831 885 μακροῦ
3854 814 3989 868 αἰῶ-

2428 928 2514 973 νος
2543 910 2700 979 μέχρι
2732 907 2824 960 τοῦ
2859 907 3108 976 Σωτῆρος
3150 906 3303 975 ήμῶν
3342 905 3673 959 συνεστάναι.
3717 905 3805 968 Ἐξ
3839 906 3985 959 ὲκεί-

2429 1014 2518 1047 νου
2545 996 2599 1047 δὲ
2628 995 2808 1064 πάσης
2836 992 3162 1063 πολυαρχίας
3192 992 3429 1045 ἐκποδὼν
3467 994 3742 1063 ἀρθείσης,
3781 1011 3983 1066 μοναρ-

2430 1085 2518 1154 χία
2544 1084 2649 1137 τῶν
2672 1084 2932 1135 πλείστων
2961 1081 3125 1133 ἐθνῶν
3150 1082 3545 1152 ὲπικεκράτηκε
3566 1099 3579 1111 ·
3610 1082 3799 1149 γέγονέ
3826 1098 3885 1133 τε
3908 1081 3985 1143 ὡς

2429 1176 2639 1246 ἀληθῶς
2690 1174 2890 1244 πλῆθος
2939 1174 3176 1243 εἰρήνης,
3225 1172 3503 1225 κοινωνίαν
3557 1173 3650 1226 καὶ
3705 1171 3984 1243 ἐπιμιξίαν

2430 1266 2778 1339 κτησαμένων
2808 1265 3173 1331 ἁπάντωντῶν
3202 1265 3397 1331 ὲθνῶνπ
3418 1266 3492 1328 ὼς
3520 1264 3663 1336 ἔργῳ
3692 1269 3984 1336 μαρτυρεῖ-

2432 1360 2551 1412 σθαι
2574 1360 2671 1429 τὴν
2703 1362 2759 1411 ὲν
2788 1358 2940 1429 χερσὶ
2984 1357 3282 1426 μαρτυρίαν
3315 1356 3456 1425 μόνῳ
3484 1355 3560 1425 τῷ
3594 1356 3806 1427 Σωτῆρι
3828 1355 3982 1425 ήμῶν

2431 1450 2886 1519 ὲφαρμόττουσαν.
2914 1446 3081 1498 Τοῦτο
3117 1446 3173 1497 δὲ
3202 1446 3261 1497 τὸ
3295 1445 3493 1515 πλῆθος
3520 1446 3617 1515 τῆς
3642 1448 3858 1517 εἰρήνης
3881 1464 3984 1499 πα-

2434 1540 2683 1609 ραμένειν
2727 1538 2886 1607 φησιν
2926 1556 2942 1586 ι
2980 1537 3086 1598 ἕως
3127 1530 3187 1588 οὗ
3230 1536 3584 1607 ἀνταναιρεθῇ
3619 1539 3651 1607 ή
3702 1536 3915 1615 σελήνη·
3956 1556 3977 1589 ι

2430 1629 2461 1697 ἢ
2498 1626 2636 1680 κατά
2664 1626 2753 1678 τὸν
2787 1624 3032 1701 Ἀκύλαν,
3072 1643 3089 1674 ι
3126 1624 3229 1687 ἓως
3266 1618 3326 1677 οῦ
3368 1626 3401 1693 ἡ
3451 1624 3674 1695 σελήνη·
3718 1624 3798 1695 »ἢ
3844 1624 4008 1678 κατὰ·

2428 1716 2515 1767 τὸν
2545 1714 2849 1784 Σύμμαχον,
2876 1732 2892 1761 ι
2917 1712 3019 1775 ἕως
3044 1710 3390 1776 παλαιώσεως
3412 1713 3507 1781 τῆς
3532 1713 3775 1784 σελήνης.
3808 1733 3825 1763 ι
3846 1714 3985 1767 Πότε

2428 1807 2486 1858 δὲ
2537 1805 2858 1859 παλαιοῦται
2908 1804 3137 1875 σελήνη;
3190 1805 3345 1857 Κατά
3395 1804 3492 1875 τὴν
3543 1806 3847 1859 συντέλειαν
3885 1805 3981 1859 τοῦ

2428 1898 2637 1961 αἰῶνος,
2667 1898 2785 1951 καθ’
2818 1898 2882 1967 ῆν
2935 1896 3344 1966 πληρωθήσεται
3380 1898 3411 1966 ή
3442 1896 3721 1965 φάσκουσα
3769 1915 3981 1969 προφη-

772 1987 875 2041 crit
906 1986 1004 2040 tibi
1036 1986 1117 2040 scl
1144 1985 1197 2039 in
1222 1985 1394 2037 lucem
1422 1983 1552 2045 diei,
1571 1998 1743 2051 neque
1774 1983 1899 2034 luna
1931 1980 2255 2033 illuminabit
2278 1975 2401 2032 te-B
2428 2006 2470 2040 τε

2284 1975 2401 2032 le'B
2428 1990 2575 2042 τεία·
2617 2008 2634 2039 ι
2676 1990 2733 2041 '0
2769 1988 2915 2057 ῆλιος
2957 1988 3049 2041 καὶ
3075 1989 3108 2057 ή
3136 1988 3329 2058 σελήνη
3377 1989 3761 2043 συσκοτάσουσι
3783 2006 3799 2021 ο
3835 2008 3855 2042 ι
3890 1990 3982 2043 καὶ

773 2088 933 2130 noctu
958 2076 1022 2130 ³¹.
1055 2095 1074 2127 ι
1111 2074 1299 2144 Itaque
1321 2072 1774 2142 quemadmodum
1806 2064 2059 2139 superius
2088 2083 2210 2121 eum
2238 2068 2329 2137 qui

772 2166 830 2219 in
856 2165 1110 2219 vaticinia
1143 2163 1333 2226 fertur,
1360 2177 1482 2215 cum
1516 2161 1629 2214 sole
1659 2174 2069 2228 permansurum
2098 2156 2331 2210 declara-

772 2255 899 2320 bat;
944 2256 1023 2308 sic
1058 2254 1168 2321 jam
1217 2250 1601 2304 abundantiam
1636 2249 1786 2318 pacis
1816 2249 1883 2301 ab
1923 2263 1987 2301 eo
2019 2246 2329 2299 hominibus

774 2342 1147 2413 procurandae,
1182 2355 1354 2409 usque
1383 2338 1449 2392 ad
1472 2338 1992 2392 consummationem
2015 2335 2329 2389 duraturam

774 2447 895 2486 esse
918 2431 1243 2484 vaticinatur
1269 2447 1283 2482 :
1315 2428 1459 2497 quod
1500 2429 1706 2482 scilicet
1740 2429 1919 2496 quiete
1950 2440 2012 2479 ac
2042 2426 2158 2479 sine
2189 2433 2330 2478 stre-

774 2525 887 2594 pitu
921 2524 975 2577 in
1008 2522 1285 2576 Judaicam
1335 2529 1545 2591 gentem
1587 2506 1812 2574 ventura
1840 2518 1943 2579 sit,
1976 2525 2029 2572 et
2054 2518 2198 2585 quod
2234 2518 2331 2571 im-

775 2615 983 2683 pletura
1019 2612 1091 2667 sit
1124 2621 1299 2666 totum
1347 2612 1533 2667 orbem
1581 2611 1753 2665 instar
1787 2608 2181 2665 stillicidiorum
2217 2609 2329 2663 stil-

775 2704 997 2759 lantium
1048 2718 1209 2773 super
1249 2710 1469 2757 terram.
1528 2700 1680 2766 Quod
1720 2703 1845 2755 item
1896 2699 2136 2753 futurum
2167 2699 2237 2753 sit
2269 2706 2327 2752 ut

770 2796 978 2865 iustitia
1008 2796 1217 2849 oriatur
1242 2796 1296 2848 in
1320 2794 1509 2848 diebus
1531 2793 1649 2860 ejus
1675 2800 1836 2861 atque
1870 2790 2203 2846 abundantia
2232 2805 2325 2860 pa-

774 2888 878 2953 cis,
905 2887 1017 2955 jam
1047 2886 1297 2953 superius
1327 2890 1811 2937 commonstratum
1839 2888 1946 2937 est.

845 3085 957 3140 Sub
981 3086 1093 3140 haec
1115 3084 1292 3149 docet,
1314 3098 1420 3136 non
1451 3082 1682 3152 quodam
1709 3081 1905 3151 angulo
1921 3088 2077 3135 terra:
2093 3080 2326 3135 cireum-

775 3176 1123 3235 scribendum
1168 3174 1502 3229 dominatum
1547 3172 1665 3241 ejus
1705 3187 1857 3236 esse;
1892 3177 1985 3226 sed
2029 3171 2325 3226 dominatu-

774 3282 895 3321 rum
927 3267 1103 3335 ipsum
1132 3278 1252 3318 esse
1275 3264 1524 3317 omnibus
1546 3261 1815 3331 gentibus.
1862 3259 2220 3326 Quamobrem
2244 3261 2326 3315 di-

775 3364 919 3408 ctum
946 3360 1029 3407 est
1056 3372 1071 3407 :
1108 3350 1202 3405 «Et
1227 3351 1590 3405 dominabitur
1624 3366 1654 3404 a
1681 3350 1815 3403 mari
1843 3365 2015 3418 usque
2046 3350 2109 3403 ad
2130 3366 2323 3405 mare.»

774 3442 909 3503 Nam
944 3442 991 3496 si
1022 3440 1236 3496 termini
1266 3440 1482 3510 quidam
1515 3448 1673 3493 terrae
1708 3448 1855 3504 sunt,
1885 3439 1975 3509 qui
2008 3440 2178 3509 ipsam
2231 3445 2331 3494 cir-

776 3548 1113 3603 cumquaque
1161 3531 1428 3594 ambiant,
1452 3531 1702 3585 videlicet
1744 3531 1913 3583 maria
1952 3528 2325 3600 Oceanusque,

774 3626 867 3695 qui
912 3625 979 3678 ab
1018 3622 1331 3677 hominibus
1375 3612 1812 3691 praeternavigari
1860 3624 2073 3691 nequit;
2109 3638 2238 3678 sane
2275 3625 2328 3678 id

774 3694 917 3784 quod
947 3714 1015 3767 ab
1042 3713 1294 3767 omnibus
1324 3712 1562 3780 undique
1588 3711 1830 3784 maribus
1858 3713 2184 3775 continetur,
2222 3694 2326 3768 Do-

772 3783 943 3871 inino,
972 3803 1061 3873 qui
1095 3802 1508 3873 praenuntiatur,
1541 3783 1905 3856 confitebitur.
1960 3803 2222 3868 Quocirca
2251 3806 2327 3860 di-

773 3900 915 3951 citur
945 3914 957 3949 :
1000 3914 1018 3946 ι
1055 3893 1122 3947 Et
1149 3894 1519 3948 dominabitur
1551 3908 1579 3945 a
1622 3894 1755 3947 mari
1786 3910 1957 3964 usque
2001 3896 2067 3950 ad
2095 3913 2264 3953 mare.
2301 3918 2318 3950 ι

776 3984 989 4038 Dictum
1023 3992 1201 4037 autem
1233 3983 1510 4053 impletum
1541 3984 1778 4047 noveris,
1812 3985 1858 4039 si
1901 3986 2199 4057 perpendas
2230 3987 2323 4043 Dei

774 4070 1044 4126 Ecclesias
1076 4071 1273 4140 ubique
1304 4080 1570 4126 terrarum
1590 4070 1861 4126 Christum
1884 4074 2022 4142 eius,
2039 4074 2322 4131 Dominum

775 4164 1085 4233 pradicare.
1119 4162 1222 4216 Sed
1252 4163 1413 4215 etiam
1454 4178 1485 4215 a
1518 4162 1736 4218 ﬂumine
1765 4181 1938 4236 usque
1967 4168 2033 4221 ad
2065 4171 2322 4225 terminos

720 4248 729 4255 ’
771 4254 924 4321 orbis
972 4261 1237 4306 terrarum
1284 4251 1684 4306 dominaturum
1717 4271 1839 4308 eum
1871 4244 2177 4313 necessario
2206 4275 2324 4330 pro-

772 4344 1010 4398 nuntiat.
1060 4341 1170 4396 Nos
1211 4343 1409 4413 quippe
1452 4342 1692 4399 ediscere
1736 4360 1873 4415 opus
1904 4357 2019 4401 erat
2058 4352 2321 4405 undenam

770 4435 1032 4490 doctrina:
1078 4434 1292 4487 initium
1342 4434 1603 4488 ducturus
1648 4435 1719 4491 sit
1767 4454 1780 4488 :
1832 4438 2097 4507 signiﬁcat
2146 4434 2321 4496 autem

772 4525 1095 4594 principium
1124 4523 1227 4594 ipsi
1264 4522 1502 4577 futurum
1531 4538 1652 4578 csse
1692 4540 1721 4577 a
1750 4526 1987 4582 (lumine.
2038 4528 2190 4595 Quod
2218 4530 2320 4605 llu-

2431 2080 2587 2132 πόιλιν
2607 2096 2620 2108 ·
2650 2097 2667 2128 ι
2698 2076 2812 2133 Οὐκ
2839 2078 2986 2130 ἔσται
3012 2094 3092 2130 σοι
3122 2081 3149 2131 ὁ
3174 2079 3321 2148 ήλιος
3336 2080 3413 2145 εἰς
3432 2079 3543 2148 φῶς
3569 2080 3794 2151 ἡμέρας,
3815 2081 3983 2152 οὐδὲή

2432 2165 2625 2235 σελήνη
2641 2169 2916 2233 φωτιεῖσοι
2940 2166 3034 2236 τὴν
3050 2166 3235 2219 νύκτα.
3259 2186 3277 2218 ι
3299 2168 3502 2221 Οὐκοῦν
3525 2169 3709 2241 ὥσπερ
3728 2171 3984 2243 ἀνωτέρω

2432 2256 2868 2326 συμπαραμένειν
2893 2257 2967 2325 τῷ
2999 2255 3130 2327 ήλίῳ
3152 2256 3241 2309 τὸν
3283 2259 3746 2327 πραφητευόμενον
3775 2261 3980 2331 ἐδήλου,

2428 2347 2596 2411 οὕτως
2618 2349 2710 2401 καὶ
2737 2347 2966 2401 ἐνταῦθα
2993 2349 3052 2400 τὸ
3078 2348 3277 2417 πλῆθος
3305 2349 3403 2418 τῆς
3424 2350 3513 2401 ὑπ’
3534 2350 3696 2403 αὐτοῦ
3724 2350 3985 2424 προξενή-

2429 2440 2727 2511 θησομένης
2757 2439 3059 2507 ἀνθρώποις
3088 2442 3306 2510 εἰρήνης
3340 2440 3499 2511 μέχρι
3544 2441 3641 2511 τῆς
3675 2443 3983 2508 συντελείας

2427 2529 2725 2599 διαρκέσειν
2768 2528 3031 2591 θεσπίζει.
3080 2528 3263 2593 Ὅπως
3312 2531 3407 2601 μὲν
3470 2527 3563 2583 οὖν
3617 2531 3981 2603 καταϐήσεται

2427 2618 2605 2689 ἡρέμα
2637 2620 2731 2671 καὶ
2764 2618 2998 2688 ἀψοφητὶ
3048 2618 3139 2671 ἐπὶ
3168 2620 3228 2671 τὸ
3265 2616 3527 2674 Ἰουδαίων
3566 2620 3734 2686 ἔθνος,
3784 2622 3878 2675 καὶ
3906 2622 3985 2688 ὡς

2426 2708 2700 2781 πληρώσει
2729 2710 2828 2779 τὴν
2862 2708 3149 2779 σύμπασαν
3177 2711 3494 2782 οἰκουμένην
3524 2711 3676 2783 δίκην
3708 2714 3979 2782 σιαγόνων

2428 2797 2731 2861 σταζουσῶν
2762 2798 2853 2851 ἐπὶ
2873 2798 2972 2867 τῆς
3013 2799 3132 2869 γῆς,
3168 2800 3260 2853 καὶ
3285 2799 3363 2863 ὡς
3393 2800 3702 2872 δικαιοσύνη
3735 2804 3983 2858 ἀνατελεῖ

2425 2889 2481 2938 ὲν
2505 2890 2623 2950 ταῖς
2654 2888 2883 2958 ήμέραις
2903 2888 3065 2942 αὐτοῦ
3096 2890 3186 2942 καὶ
3212 2888 3409 2960 πλῆθος
3432 2892 3667 2961 εἰρήνης,
3688 2892 3981 2963 δεδήλωται

2424 2975 2510 3028 διὰ
2542 2976 2645 3028 τῶν
2668 2978 2985 3047 εἰρημένων.

2506 3087 2662 3157 Ἑξῆς
2685 3088 2740 3156 δὲ
2775 3089 3030 3156 διδάσκει,
3063 3090 3144 3142 ὅτι
3179 3090 3251 3161 μὴ
3290 3092 3347 3144 ὲν
3378 3091 3546 3162 γωνίᾳ
3578 3093 3681 3162 γῆς
3720 3111 3985 3166 περιγραο

2425 3178 2652 3248 φήσεται
2685 3178 2848 3231 αὐτοῦ
2872 3180 2906 3248 ή
2936 3179 3240 3231 δεσποτεία·
3286 3182 3557 3251 κυριεύσει
3594 3182 3649 3235 δὲ
3675 3184 3783 3235 τῶν
3814 3185 3983 3240 ἐθνῶν

2430 3270 2698 3322 ἁπάντων.
2739 3269 2815 3321 Δι’
2841 3269 2869 3321 ὃ
2912 3269 3186 3324 λέλεκταν
3223 3288 3241 3321 ι
3277 3272 3387 3325 Καὶ
3416 3276 3829 3345 κατακυριεύσει
3872 3278 3982 3331 ἀπὸ

2435 3358 2703 3430 θαλάσσης
2728 3361 2831 3423 ἕως
2860 3359 3145 3430 θαλάσσης.
3186 3380 3205 3413 ι
3242 3362 3303 3414 Εἰ
3347 3364 3453 3434 γάρ
3485 3363 3599 3417 ἐστί
3625 3383 3745 3419 τινα
3772 3368 3980 3439 πέρατα

2433 3450 2552 3519 γῆς,
2592 3450 2628 3503 ἆ
2654 3451 2716 3521 δὴ
2744 3451 3018 3521 πανταχοῦ
3045 3451 3316 3516 κυκλοῦσι,
3344 3452 3603 3517 θάλασσαι
3646 3456 3890 3522 Ὠκεανός
3918 3477 3980 3512 τε

2432 3542 2731 3625 ἀπέραντος
2757 3541 3056 3612 ἀνθρώποις
3074 3559 3086 3571 ·
3110 3542 3266 3596 τοῦτο
3293 3545 3503 3598 πάντων
3523 3545 3651 3598 εἵσω
3675 3546 3781 3600 τῶν
3808 3549 3977 3602 ἀπαν-

2429 3632 2591 3702 ταχοῦ
2618 3633 2895 3687 θαλασσῶν
2921 3634 3121 3706 Κύριον
3170 3635 3488 3707 ὁμολογήσει
3528 3637 3621 3691 τὸν
3659 3637 3981 3711 θεσπιζόμεαο

2428 3740 2536 3776 νον.
2562 3724 2638 3776 Δι’
2665 3724 2694 3776 ὃ
2719 3723 2962 3777 λέλεκται
2979 3741 2992 3754 ·
3018 3724 3048 3775 ⁷‹
3074 3725 3182 3777 Καὶ
3212 3729 3624 3796 κατακυριεύσει
3653 3730 3759 3785 ἀπὸ
3785 3730 3980 3786 θαλάσ-
4022 3767 4041 3793 ι

2430 3828 2536 3885 σης·
2561 3813 2663 3877 ἓως
2695 3814 2981 3884 θαλάσσης.
3017 3834 3036 3867 ι
3066 3815 3246 3885 Γνῲης
3276 3816 3320 3868 δ’
3352 3816 3417 3870 ἂν
3440 3817 3538 3891 τοῦ
3572 3819 3728 3886 λόγου
3760 3822 3819 3874 τὸ
3845 3823 3980 3876 ἀπο-

2426 3906 2661 3975 τέλεσμα
2709 3903 2931 3957 συνιδὼν
2975 3906 3119 3968 ὅπως
3161 3906 3464 3975 ἁπανταχοῦ
3491 3909 3594 3977 γῆς
3626 3913 3679 3962 αἰ
3722 3912 3813 3964 τοῦ
3843 3913 3979 3968 Θεοῦ

2440 3996 2748 4067 Ἐκκλησίαι
2763 3995 2853 4049 τὸν
2879 3996 3107 4066 Χριστὸν
3133 3996 3292 4049 αὑτοῦ
3313 3997 3513 4067 Κύριον
3543 4002 3976 4071 ἀναγορεύουσιν.

2439 4088 2595 4141 Ἀλλά
2630 4088 2719 4139 καὶ
2751 4085 2857 4139 ἀπὸ
2882 4086 3123 4157 ποταμοῦ
3149 4086 3253 4152 ἕως
3275 4088 3381 4141 τῶν
3412 4092 3658 4160 περάτων
3683 4092 3782 4162 τῆς
3809 4096 3980 4150 οἰκου-

2431 4178 2594 4247 μένης
2614 4176 3057 4246 κατακυριεύσειν
3082 4178 3243 4230 αὐτόν
3274 4195 3404 4249 φησι
3451 4181 3628 4252 σφόδρ’
3644 4182 3974 4251 ἀναγκαίως.

2440 4267 2632 4337 Ἐχρῆν
2657 4266 2762 4337 γὰρ
2794 4267 2938 4337 ἡμᾶς
2989 4266 3175 4337 μαθεῖν
3218 4269 3409 4322 ὁπόθεν
3439 4270 3657 4341 ἄρξεται
3698 4274 3797 4343 τῆς
3834 4274 3977 4329 διδα-

2428 4357 2647 4419 σκαλίας
2665 4374 2687 4397 ·-
2714 4359 2962 4428 σημαίνει
2988 4360 3063 4423 δὲ,
3085 4359 3160 4423 ὡς
3194 4360 3297 4433 ἄρα
3328 4360 3475 4415 ἔσται
3508 4364 3703 4441 αὐτῷή
3732 4368 3975 4439 καταρχὴ

2427 4446 2533 4501 ἀπὸ
2566 4446 2826 4516 ποταμοῦ.
2862 4449 3075 4503 Ὅντινα
3098 4452 3332 4522 ποταμὸν
3376 4442 3666 4526 παρίστησι
3706 4457 3767 4510 τὸ
3794 4460 3972 4528 Εὐαγ-

2427 4535 2600 4602 γέλιον
2623 4534 2825 4603 φάσκον
2846 4550 2859 4565 ⁶
2894 4553 2913 4586 t
2945 4537 3075 4589 Τότε
3098 4540 3445 4608 παραγίνεται
3466 4545 3494 4595 ό
3526 4544 3729 4614 Ἰησοῦς
3750 4545 3856 4598 ἀπὸ
3874 4547 3974 4617 τῆς

772 4630 893 4668 men
943 4613 1142 4666 indicat
1186 4611 1531 4682 Evangelium
1575 4611 1763 4669 dicens
1818 4633 1835 4668 :
1874 4635 1891 4667 ι
1923 4614 2076 4671 Tunc
2116 4619 2323 4673 accedit
2357 4644 2401 4698 ι)
2427 4624 2470 4675 Γκ

2273 4619 2323 4673 lit
2357 4644 2401 4698 Β
2427 4621 2707 4685 Γαλιλαίας
2761 4624 2852 4676 ἐπὶ
2898 4624 2989 4678 τὸν
3046 4626 3308 4697 Ἰορδάνην
3360 4611 3786 4702 πρὸς’“1ωάννην
3810 4673 3824 4698 ,
3877 4611 3971 4689 τοῦ

770 4705 929 4761 Jcsus
956 4720 985 4756 a
1012 4702 1229 4757 Galilaea
1258 4705 1311 4757 in
1335 4702 1622 4761 Jordanem
1650 4706 1714 4760 ad
1745 4704 2031 4773 Joannem,
2064 4715 2123 4759 ut
2152 4706 2327 4776 bapti-

771 4802 988 4849 zaretur
1016 4792 1087 4846 ab
1111 4807 1195 4846 ω.
1253 4791 1346 4847 Ille
1380 4802 1555 4849 autem
1584 4797 1903 4866 prohibebat
1931 4812 2054 4852 eum
2087 4797 2271 4852 dicens
2307 4817 2319 4851 :

771 4885 883 4956 Ego
911 4899 941 4937 a
971 4894 1021 4937 te
1048 4883 1216 4937 debeo
1246 4883 1527 4952 baptizari.
1561 4897 1613 4940 et
1656 4894 1713 4940 tu
1761 4889 1913 4943 venis
1955 4888 2022 4942 ad
2063 4903 2167 4943 me.
2232 4887 2324 4944 Ille

771 4983 950 5029 autem
999 4971 1334 5041 respondens
1370 4973 1506 5027 dixit
1532 4975 1581 5027 ei
1630 4994 1643 5028 ε
1680 4977 1810 5031 Sine
1850 4978 2044 5041 modo,
2074 4978 2152 5032 sic
2182 4979 2322 5032 enim

770 5065 925 5123 decet
972 5079 1073 5119 nos
1121 5064 1345 5134 implere
1392 5078 1606 5119 omnem
1634 5065 1905 5134 justitiam
1945 5068 2012 5122 ³⁸.
2042 5087 2061 5120 ι
2098 5069 2324 5133 Quando

770 5155 1393 5227 postquam-baptizatus
1445 5154 1659 5218 fuisset,
1715 5174 1733 5205 ‹
1765 5156 1957 5226 Aperti
2008 5165 2135 5213 sunt
2177 5158 2320 5224 cmli,

767 5252 821 5298 et
842 5243 975 5297 vidit
990 5240 1249 5312 Spiritum
1280 5241 1372 5298 Dei
1401 5244 1814 5300 descendentem
1841 5245 1981 5299 sicut
2017 5247 2319 5302 columbam

768 5344 823 5389 et
854 5334 1155 5389 venientem
1195 5348 1359 5403 super
1385 5336 1582 5404 ipsum.
1636 5334 1705 5388 Et
1732 5352 1831 5390 vox
1860 5330 1928 5391 de
1950 5338 2101 5393 cmlis
2135 5337 2317 5392 audita

767 5434 850 5479 est
883 5425 1070 5480 dicens
1102 5444 1115 5479 :
1156 5414 1256 5480 Hic
1283 5433 1366 5479 est
1409 5424 1579 5481 Filius
1625 5440 1779 5482 meus
1816 5426 2064 5494 dilectus,
2088 5440 2091 5455 *
2110 5431 2162 5484 in
2209 5444 2316 5499 quo

771 5516 901 5570 mihi
949 5518 1252 5586 complacui
1282 5518 1347 5571 ³³.
1388 5535 1407 5569 ι
1465 5516 1540 5571 Ex
1570 5519 1662 5574 illo
1687 5535 1920 5591 namque
1964 5528 2203 5592 tempore
2227 5524 2318 5577 do-

770 5608 1005 5661 minatus
1037 5607 1155 5684 ejus
1178 5607 1399 5678 agnosci
1428 5609 1614 5678 capit.
1647 5609 1780 5667 Miro
1806 5626 2019 5681 quoque
2034 5613 2194 5669 modo
2222 5612 2316 5668 hu-

763 5700 855 5765 jus
918 5700 1154 5757 ﬂuminis
1222 5702 1551 5756 mentionem
1621 5702 1787 5759 Isaias
1837 5704 2093 5775 propheta
2140 5704 2310 5772 facit,

876 5851 1052 5907 “Joel
1087 5854 1280 5927 ιι,10.’ζ
1320 5857 1359 5887 ³¹
1386 5854 1488 5911 lsa.
1526 5872 1612 5922 ις,
1648 5857 1731 5911 19.
1812 5859 1855 5889 ³⁸
1889 5857 2074 5914 Matth.
2110 5878 2191 5927 ιιι,
2230 5861 2407 5916 15-15.

2427 4714 2778 4785 βαπτισθῆναι
2808 4715 2900 4769 ὑπ’
2947 4716 3129 4771 αὑτοῦ.
3174 4719 3229 4771 Ὀ
3257 4718 3314 4772 δὲ
3353 4720 3635 4775 διεκώλυεν
3681 4723 3839 4779 αὐτὸν
3886 4726 3973 4789 λέ-

2424 4816 2562 4867 γων’
2605 4800 2744 4867 Ἐγὼ
2771 4802 2957 4871 χρείαν
2988 4802 3093 4873 ἔχω
3123 4804 3225 4858 ὑπὸ
3255 4807 3347 4860 σοῦ
3387 4807 3762 4879 βαπτισθῆναι,
3785 4814 3878 4866 καὶ
3904 4817 3970 4869 σὺ

2423 4889 2556 4963 ἔρχῃ
2600 4890 2733 4962 πρὸς
2768 4892 2853 4961 μέ.
2891 4892 2948 4945 '0
2970 4892 3026 4947 δὲ
3053 4896 3365 4967 ἀποκριθεὶς
3401 4894 3551 4951 εἶπεν
3593 4901 3772 4972 αὐτῷ’
3804 4904 3972 4973 ’Δφες

2422 4981 2544 5052 ἄρτι
2563 4999 2577 5011 '
2608 4982 2750 5036 οὕτω
2771 4983 2878 5056 γὰρ
2910 4985 3113 5055 πρέπον
3134 4988 3248 5040 ἐστὶ
3270 4988 3547 5058 πληρῶσαι
3580 4994 3753 5046 πᾶσαν
3772 4994 3972 5050 δικαιο-

2425 5070 2605 5141 σύνην.
2649 5092 2668 5124 ι
2700 5074 2826 5126 Ὅτε
2858 5073 2993 5143 μετὰ
3010 5074 3071 5127 τὸ
3102 5074 3455 5146 βαπτισθῆναι
3477 5080 3636 5135 αὑτὸν
3668 5101 3686 5133 ι
3736 5084 3973 5157 Ἠνοίγη-

2423 5175 2521 5214 σαν
2550 5163 2598 5215 οἰ
2634 5163 2868 5235 οὐρανοὶ,
2903 5164 2997 5218 καὶ
3036 5160 3141 5219 εἶδε
3172 5166 3231 5219 τὸ
3277 5165 3497 5238 Πνεῦμα
3522 5170 3615 5225 τοῦ
3640 5172 3775 5227 Θεοῦ
3803 5194 3971 5232 κατα-

2423 5250 2601 5307 ϐαῖνον
2623 5254 2698 5317 ὡς
2725 5255 3045 5326 περιστερὰν
3070 5257 3161 5310 καὶ
3186 5256 3478 5327 ἐρχόμενον
3500 5263 3580 5325 εἰς
3608 5266 3785 5321 αὐτόν.
3812 5270 3967 5339 Φωνή

2418 5358 2478 5395 τε
2499 5343 2562 5397 ὲκ
2598 5344 2703 5398 τῶν
2726 5345 2966 5417 οὐρανῶν
3005 5346 3241 5416 ἠκούσθη
3272 5346 3527 5415 λέγουσα’
3562 5350 3727 5421 Οὗτός
3766 5360 3914 5412 ἐστιν
3939 5360 3971 5410 ὁ

2422 5432 2547 5497 Υἱός
2578 5453 2679 5505 μου
2711 5437 2739 5488 ὁ
2764 5437 3059 5507 ἀγαπητὸς,
3094 5439 3153 5490 ἐν
3182 5430 3225 5505 ᾧ
3247 5438 3535 5512 ηὐδόκησα.
3579 5464 3599 5497 ι
3642 5446 3730 5512 Ἐξ
3762 5448 3970 5501 ἐκείνου

2418 5522 2524 5594 γὰρ
2548 5526 2901 5597 γνωρίζεσθαι
2939 5526 3102 5581 αὑτοῦ
3132 5528 3331 5598 ήρξατο
3362 5533 3393 5601 ή
3426 5536 3696 5608 κυριότης.
3730 5537 3971 5609 Παραδό-

2418 5611 2522 5678 ξως
2556 5616 2611 5669 δὲ
2642 5617 2827 5671 τούτου
2864 5618 3131 5687 μέμνηται
3167 5618 3257 5673 τοῦ
3286 5626 3527 5696 ποταμοῦ
3550 5629 3643 5681 καὶ
3685 5629 3910 5693 Ἡσαΐας
3938 5631 3971 5684 ό

2418 5710 2694 5781 προφήτης
2726 5708 3198 5781 εὐαγγελιζόμενος
3223 5715 3318 5786 τὴν
3347 5700 3571 5789 ἔρημον,
3598 5721 3654 5773 ἰν
3735 5722 3968 5793 ἐκήρυτ-

2489 5862 2529 5893 υ
2557 5865 2625 5917 illi
2651 5865 2682 5915 ι.
2716 5864 2798 5923 ιιι,
2832 5863 2911 5916 17.
