4300 6394
331 506 445 567 805,

1459 512 1957 571 COMMENTARIA
1996 518 2062 573 IN
2102 500 2433 579 PSALM‘OS.

3428 535 3532 591 806

330 642 419 677 τεν
457 624 705 695 Ἰωάννης
727 630 754 677 ὁ
784 625 1107 695 Βαπτιστής.
1147 626 1305 679 Ἔδόα
1322 627 1364 680 δ’
1394 623 1484 680 οῦν
1504 629 1692 697 λέγων·
1733 649 1751 680 ι
1789 630 1880 681 Εὑ-

1988 635 2361 703 evangelizans
2394 636 2663 691 desertum
2708 640 2760 693 in
2808 657 2915 711 quo
2944 645 3265 713 prtedicabat
3296 644 3532 703 Joannes

332 715 615 787 φράνθητι,
664 715 865 787 ἕρημος
900 718 1125 786 διψῶσα,
1158 719 1495 786 ἀγαλλιὰσθω
1540 720 1740 791 ἔρημος
1784 723 1879 774 καὶ

329 806 554 859 ἀνθείτω
582 806 657 869 ὡς
686 807 865 876 κρίνον
886 824 897 836 ⁸
934 808 1025 859 καὶ
1056 808 1330 879 ἐξανθησει
1363 810 1456 861 καὶ
1500 810 1878 878 ἀγαλλιάσεται

329 897 395 949 τὰ
423 896 603 967 ἔρημα
628 898 717 950 τοῦ
758 898 1033 969 Ἰορδάνου.
1075 919 1093 950 ι
1151 902 1291 951 Ἀντὶ
1324 901 1463 964 τίνος
1492 901 1597 973 γὰρ
1639 903 1735 972 οὐχ
1763 903 1880 955 ὲτέ-

333 1006 425 1057 ρου
462 991 731 1060 μέμνηται
790 990 1030 1059 ποταμοῦ
1077 992 1105 1042 ό
1136 990 1384 1053 τοσοῦτος
1424 993 1725 1065 προφήτης,
1766 994 1879 1048 ἀλλ’
1929 1018 1940 1043 ι

330 1080 490 1131 αὐτοῦ
534 1078 625 1132 τοῦ
670 1081 924 1150 Ἰορδάνου
960 1080 1051 1131 καὶ
1098 1081 1193 1150 τῆς
1227 1083 1430 1152 ἐρήμου
1473 1084 1612 1153 ἀμφὶ
1662 1084 1878 1137 τοῦτον·

328 1170 662 1241 εὐφροσύνην
700 1188 759 1223 τε
808 1172 899 1225 καὶ
940 1171 1250 1237 ἁγαλλίασιν
1280 1176 1342 1242 τῇ
1390 1174 1578 1244 ἐρήμῳ
1625 1174 1715 1227 τοῦ
1757 1178 1885 1248 Ἰορ-

328 1261 504 1325 δάνου,
535 1263 648 1314 ἀλλ’
670 1263 787 1332 οὐχὶ
814 1266 878 1332 τῇ
918 1264 1217 1335 Ἱερουσαλὴ
1227 1282 1284 1335 μ,
1308 1264 1425 1317 οὐδὲ
1458 1268 1521 1336 τῇ
1552 1266 1706 1337 λοιπῇ
1753 1270 1883 1320 Ἰου-

328 1352 451 1422 δαίᾳ
510 1352 938 1420 εύαγγελίζεται;
1002 1355 1204 1406 Οὐκοῦν
1261 1356 1450 1426 ἔχομεν
1495 1358 1585 1409 καὶ
1627 1357 1775 1428 παρὰ
1808 1358 1884 1429 τῷ

342 1441 533 1511 Ἡσαΐᾳ
576 1443 672 1512 τὴν
699 1443 926 1513 δήλωσιν
974 1444 1065 1495 τοῦ
1100 1446 1340 1516 ποταμοῦ
1390 1447 1514 1518 περί
1565 1441 1625 1500 οὗ
1659 1464 1817 1517 φησιν
1857 1451 1885 1500 ὁ

300 1584 303 1587 η
328 1533 515 1604 παρὼν
544 1534 717 1601 λόγος,
754 1554 771 1585 ι
802 1535 910 1588 Kal
941 1535 1047 1588 ἀπὸ
1094 1536 1334 1607 ποταμοῦ
1363 1537 1465 1601 ἓως
1507 1538 1611 1592 τῶν
1638 1540 1885 1609 περάτων

327 1626 423 1695 τῆς
445 1626 768 1698 οἰκουμένης
803 1645 821 1679 ι
853 1628 1299 1699 κατακυριεύσειν
1346 1628 1434 1681 τὸν
1478 1630 1885 1699 προφητευόμε-

329 1734 435 1771 νον.
491 1718 817 1788 Ὀφθαλμοίς
849 1718 907 1771 δὲ
942 1719 1272 1790 παραλαϐεῖν
1319 1720 1432 1771 ἐστι
1480 1720 1545 1772 δι’
1575 1719 1747 1791 ἔργων
1796 1738 1887 1789 κετ

328 1808 640 1877 χωρηκυίας
666 1808 765 1870 τὰς
794 1810 1290 1879 προαναφωνήσεις,
1332 1809 1567 1877 ὁρῶντας
1602 1810 1760 1880 μέχρι
1781 1812 1887 1865 τῶν

328 1899 575 1968 περάτων
606 1899 706 1968 τῆς
733 1900 834 1970 γῆς
862 1902 918 1952 ὲν
943 1903 1060 1962 ταῖς
1099 1900 1437 1970 Ἐκκλησίαις
1465 1900 1623 1953 αὑτοῦ
1652 1902 1889 1972 κυριολο-

328 1990 422 2057 γού
431 2007 587 2059 μενον
618 1990 708 2043 τὸν
737 1989 967 2060 Χριστὸν
987 1990 1079 2043 τοῦ
1113 1989 1266 2043 Θεοῦ.

400 2099 420 2131 ι
477 2080 730 2135 Ἐνώπιον
776 2079 935 2134 αὑτοῦ
972 2081 1360 2151 προπεσοῦνται
1397 2082 1665 2147 Αἰθίοπες,
1701 2084 1793 2136 καὶ
1826 2085 1874 2135 oi

280 2222 283 2227 λ
329 2172 507 2242 ἐχθροὶ
524 2172 686 2225 αὐτοῦ
718 2172 842 2243 χοῦν
876 2173 1123 2237 λείξουσι.
1154 2192 1173 2225 ι
1203 2173 1389 2245 Σφόδρ’
1416 2174 1715 2238 ἀκολούθως
1743 2174 1878 2245 μετὰ

327 2264 386 2317 τὸ
414 2267 604 2327 εἰπεῖν,
646 2285 664 2316 ι
694 2265 1122 2335 Κατακυριεύσει
1171 2266 1277 2318 ἀπὸ
1323 2265 1592 2336 θαλάσσης
1630 2267 1731 2329 ἕως
1781 2266 1877 2319 θα-

328 2354 546 2426 λάσσης,
573 2356 664 2409 καὶ
696 2357 800 2410 ἀπὸ
832 2356 1073 2427 ποταμοῦ
1104 2356 1206 2419 ἕως
1231 2357 1475 2428 περάτων
1507 2349 1879 2427 τῆςοίκουμέ-

330 2463 443 2516 νης,
474 2466 491 2496 ι
515 2446 786 2499 Αἰθιόπων
813 2445 1230 2517 ἐμνημόνευσεν,
1255 2446 1303 2500 οἳ
1327 2446 1395 2497 τὰ
1416 2445 1611 2514 ἔσχατα
1634 2446 1732 2514 τῆς
1758 2446 1877 2499 καθ’

326 2538 474 2609 ἡμᾶς
517 2538 834 2609 οἰκουμένης
860 2537 1083 2601 οἰκοῦσι,
1116 2537 1185 2589 τά
1215 2553 1272 2589 τε
1320 2536 1455 2607 πρὸς
1485 2536 1743 2600 ἀνατολὰς
1785 2536 1878 2589 καὶ

328 2629 396 2682 τὰ
434 2628 567 2700 πρὸς
593 2628 782 2681 δύοντα
820 2628 986 2697 ἥλιον.
1025 2626 1184 2679 Ὅθεν
1212 2626 1305 2679 καὶ
1346 2626 1495 2695 παρὰ
1523 2629 1632 2688 τοῖς
1659 2624 1761 2688 ἔξω
1784 2626 1877 2679 τοῦ

330 2719 448 2772 καθ’
485 2721 628 2789 ἡμᾶς
665 2718 821 2785 λόγου
846 2716 982 2771 κατὰ
1007 2712 1166 2785 φύσιν
1190 2715 1434 2787 εἰρῆσθαι
1457 2715 1600 2767 δοκεί
1630 2714 1706 2779 τὸ,

391 2913 691 2977 Αἰθίοπας,
718 2900 805 2964 ⁴ἑοὶ
837 2909 1007 2980 διχθὰ
1034 2910 1599 2981 δεδαίαταιθὲσχατοι
1626 2910 1875 2979 ἀνδρῶν·

289 2994 300 3009 ⁸
396 2985 460 3029 Ol
489 2981 600 3040 μὲν
627 2981 960 3051 δυσομένου
990 2981 1323 3046 ὑπερίονος,
1353 2982 1405 3033 οί
1427 2981 1478 3032 δ’
1506 2981 1795 3045 ἀνιόντος.

330 3134 437 3187 Kal
484 3135 540 3185 ὲν
576 3131 743 3203 ἑτέρῳ
775 3132 831 3184 δὲ
879 3130 1091 3202 εἴρηται
1131 3130 1363 3202 ψαλμῷ·
1393 3150 1412 3184 ι
1447 3132 1697 3188 Αἰθιοπία
1746 3152 1885 3203 προλ

248 3252 255 3259 .
330 3220 521 3284 φθάσει
564 3222 719 3291 χεῖρα
752 3218 916 3289 αὐτῆς
947 3218 1021 3289 τῷ
1049 3216 1200 3288 Θεῷ·
1244 3237 1262 3269 ι
1298 3219 1391 3271 καὶ
1417 3218 1574 3272 πάλιν
1613 3221 1670 3272 ὲν
1709 3212 1880 3290 ἑτέρῳ

330 3314 579 3384 σῑεροφήτῃ
617 3312 890 3365 λέλεκται⁹
928 3329 947 3361 ι
990 3312 1083 3364 Ἐκ
1125 3312 1373 3383 περάτων
1413 3310 1667 3382 ποταμῶν
1706 3311 1881 3364 Αἰθιο-

328 3403 457 3465 πίας
479 3402 714 3457 οἴσουσιν
735 3403 919 3467 οὐσίας
948 3420 1054 3473 μοι.
1096 3423 1114 3455 ι
1150 3404 1259 3457 Kal
1291 3404 1348 3456 ὲν
1370 3404 1481 3467 τοῖς
1509 3404 1884 3474 προκειμένοις

326 3494 382 3546 δὲ
420 3492 725 3556 ἀκολούθως
764 3492 969 3557 τούτοις
1000 3493 1082 3558 τὸ,
1126 3512 1145 3545 ε
1198 3493 1451 3547 Ἐνώπιον
1481 3492 1642 3547 αὑτοῦ
1685 3500 1886 3566 προπε-

329 3585 541 3639 σοῦνται
584 3584 854 3648 Αἶθίοπες,
894 3602 913 3634 ι
944 3582 1279 3649 θεσπίζεται.
1333 3587 1409 3638 Δι’
1442 3578 1516 3638 ὧν
1564 3567 1818 3638 ἁπάντων
1855 3587 1885 3637 ό

326 3677 482 3746 λόγος
537 3675 786 3746 σημαίνει
822 3675 891 3728 τὰ
936 3674 1137 3744 ἔσχατα
1168 3676 1264 3744 τῆς
1293 3677 1395 3746 γῆς
1428 3675 1523 3746 τὴν
1550 3674 1640 3728 τοῦ
1676 3692 1884 3747 προφη-

324 3765 855 3839 τευομένουγνῶσιν
916 3765 1301 3842 ἀναλήψεσθαι,
1350 3766 1443 3818 καὶ
1494 3766 1883 3835 προσκυνήσειν

324 3859 492 3931 αὐτῷ,
543 3859 979 3932 προσπίπτοντας
1010 3860 1105 3911 καὶ
1151 3858 1279 3926 γόνυ
1306 3857 1599 3920 κλίνοντας.
1627 3857 1710 3908 Δι’
1736 3856 1765 3909 ὃ
1797 3855 1882 3909 λέ-

325 3952 512 4005 λεκται
570 3949 711 4005 κατὰ
758 3950 849 4002 τδν
902 3947 1153 4003 Ἀκύλανο
1200 3966 1219 4000 ι
1258 3949 1351 4013 Εἰς
1390 3948 1675 4020 πρόσωπον
1716 3946 1879 4000 αὑτοῦ

325 4040 630 4111 κάμψουσιν
693 4040 972 4101 Αἰθίοπες·
1030 4057 1050 4090 ι
1103 4038 1243 4093 κατὰ
1297 4038 1355 4092 δὲ
1408 4038 1499 4091 τὸν
1553 4036 1875 4107 Σύμμαχονο

330 4151 350 4184 ι
380 4131 726 4203 Ἐμπροσθεν
770 4120 932 4186 αὑτοῦ
975 4129 1288 4186 ὀκλάσουσιν
1330 4130 1602 4193 Αἰθίοπες.
1644 4148 1663 4181 ›
1699 4126 1797 4181 Διὰ
1822 4129 1879 4182 δὲ

322 4223 431 4277 τῶν
455 4223 721 4277 Αἰθιόπων
747 4222 855 4276 τῶν
885 4222 954 4276 τὰ
982 4222 1183 4293 ἔσχατα
1213 4224 1310 4293 τῆς
1336 4222 1440 4292 γῆς
1476 4222 1764 4277 οἰκούντων
1786 4224 1879 4276 καὶ

321 4315 392 4369 τὰ
411 4314 540 4368 εἵσω
560 4314 656 4384 τῆς
694 4313 1012 4385 οἰκουμένης
1051 4314 1175 4385 ἔθνη
1214 4314 1504 4385 δηλοῦνται.
1544 4313 1649 4366 Καὶ
1681 4314 1881 4386 πρόδη-

322 4408 417 4463 λον
438 4407 584 4469 ὅπως
612 4404 919 4475 ἁπανταχοῦ
944 4405 1044 4476 γῆς
1064 4408 1111 4459 οἰ
1139 4408 1219 4470 εἰς
1243 4406 1401 4460 αὐτὸν
1439 4407 1874 4471 πεπιστευκότες,

321 4501 451 4570 γόνυ
486 4498 753 4561 κλίνοντες
780 4496 874 4550 καὶ
905 4497 982 4571 εἰς
1010 4497 1174 4569 αὐτὴν
1205 4500 1596 4571 προπίπτοντες
1626 4498 1724 4569 τὴν
1753 4499 1875 4569 γῆν,

320 4589 386 4643 δι’
421 4586 582 4642 αὐτοῦ
621 4585 718 4657 τὴν
752 4583 1116 4656 προσκύνησιν
1147 4584 1223 4655 τῷ
1269 4586 1359 4639 ἐπὶ
1389 4586 1603 4639 πάντων
1634 4582 1877 4653 ἀναπέμ-

1912 2006 1959 2064 Β

1984 719 2241 792 Baptista.
2286 724 2375 780 Sic
2410 727 2498 782 ille
2529 729 2792 783 clamabat
2827 752 2838 785 :
2883 753 2899 783 ‹
2933 733 3136 790 Laetare
3164 737 3433 795 desertum
3466 744 3536 799 si-

1982 811 2153 875 tiens,
2188 816 2423 869 exsultet
2452 804 2686 871 solitudo
2724 828 2774 873 et
2804 820 2988 875 ﬂoreat
3038 826 3181 879 sicut
3230 828 3399 882 lilium
3432 850 3444 884 :
3479 842 3535 887 ct

1980 901 2247 958 ﬂorebunt
2274 914 2327 960 et
2349 908 2698 961 exsultabunt
2718 910 2927 966 deserta
2952 912 3276 972 Iordanis".
3294 938 3310 969 ι
3351 920 3533 985 Quare

1980 1008 2089 1047 non
2121 996 2260 1049 alius
2302 996 2541 1052 ﬂuminis
2582 1003 2906 1056 mentionem
2950 1012 3132 1060 tantus
3159 1010 3417 1078 propheta
3450 1012 3531 1066 fa-

1982 1086 2086 1147 cit,
2128 1102 2289 1170 quam
2333 1087 2614 1154 Jordanis,
2666 1100 2719 1147 et
2752 1080 3058 1150 Solitudinis
3100 1099 3530 1171 circumpositae;

1982 1177 2332 1246 laetitiamque
2375 1188 2427 1234 et
2470 1182 2881 1239 exsultationem
2922 1187 3133 1243 deserto
3161 1188 3411 1246 Jordanis
3435 1208 3532 1246 an-

1982 1269 2214 1332 nuntiat,
2248 1286 2353 1324 non
2377 1279 2552 1326 autem
2583 1271 2946 1345 Jerosolymae,
2964 1292 3061 1330 nec
3085 1279 3527 1348 reliquaeJudaaae.

1982 1358 2147 1412 Adest
2196 1374 2327 1440 sane
2347 1360 2499 1440 apud
2550 1362 2725 1429 ipsum
2760 1363 2947 1416 Isaiam
3008 1364 3299 1421 declaratio
3356 1367 3529 1422 ﬂumi-
3570 1372 3589 1391 '

1983 1448 2090 1511 nis,
2124 1450 2190 1503 de
2222 1438 2456 1519 quo‘hic
2500 1451 2716 1517 dicitur,
2753 1472 2771 1503 ι
2812 1453 2876 1506 Ει
2924 1470 2954 1507 a
2998 1454 3216 1512 ﬂumine
3262 1474 3432 1527 usque
3462 1462 3530 1514 ad

1983 1539 2247 1593 terminos
2294 1541 2440 1595 orbis
2476 1550 2737 1596 terrarum
2778 1563 2795 1593 ι
2829 1535 3227 1600 dominaturum
3261 1564 3380 1602 esse
3408 1565 3530 1603 eum

1983 1628 2076 1697 qui
2104 1628 2159 1681 in
2196 1630 2452 1683 vaticinio
2480 1631 2671 1685 fertur.
2735 1632 2988 1702 Licetque
3019 1636 3416 1703 praedictionem
3450 1639 3533 1693 vel

1984 1719 2118 1788 ipsis
2145 1721 2317 1774 oculis
2337 1722 2652 1789 completam
2676 1714 3090 1792 deprehendere,
3113 1741 3233 1780 cum
3259 1728 3533 1783 videamus

1986 1810 2260 1864 Christum
2295 1810 2387 1864 Dei
2420 1826 2590 1881 usque
2619 1812 2684 1865 ad
2709 1816 2967 1868 terminos
2990 1821 3147 1870 terra:
3187 1818 3241 1870 in
3276 1818 3532 1875 Ecclesiis

1991 1900 2110 1968 ejus
2138 1907 2196 1953 ut
2221 1899 2502 1955 Dominum
2533 1902 2809 1956 celebrari.

2047 2077 2212 2133 Vsus.
2255 2079 2433 2132 9-H.
2482 2097 2500 2129 ‹
2536 2078 2727 2133 Coram
2771 2081 2862 2134 illo
2904 2082 3179 2150 procident
3222 2080 3527 2152 Ethiopes,

1977 2180 2030 2225 et
2057 2170 2262 2225 inimici
2294 2171 2643 2241 ejus’terram
2679 2174 2898 2243 lingent.
2939 2193 2957 2225 ι
3018 2173 3313 2228 Admodum
3340 2190 3530 2230 conse-

1976 2268 2223 2331 quenter,
2270 2270 2553 2330 postquam
2601 2264 2828 2327 dixerat,
2870 2283 2888 2315 ‹
2919 2263 3287 2319 Dominabitur
3319 2281 3348 2319 a
3377 2281 3530 2322 mare

1978 2368 2149 2422 usque
2178 2353 2241 2406 ad
2268 2367 2436 2416 mare,
2477 2361 2529 2407 et
2561 2369 2589 2406 a
2614 2352 2832 2408 ﬂumine
2876 2371 3046 2424 usque
3073 2355 3137 2409 ad
3164 2357 3530 2421 terminos‘or-

1978 2446 2059 2501 bis
2089 2436 2375 2506 terrarum,
2403 2463 2421 2496 ι
2453 2444 2738 2516 jEthiopas
2770 2448 3105 2511 memoravit,
3140 2450 3229 2516 qui
3259 2450 3409 2505 orbis
3435 2465 3532 2507 no-

1977 2536 2073 2589 stri
2120 2543 2361 2587 extrema
2412 2534 2693 2604 incolunt,
2732 2545 2850 2589 tum
2879 2551 2957 2590 ea
2989 2553 3107 2607 quae
3152 2538 3216 2591 ad
3245 2540 3527 2605 orientem,

1976 2631 2089 2677 tum
2121 2638 2183 2678 ea
2211 2639 2331 2692 quae
2356 2623 2421 2676 ad
2445 2638 2697 2678 occasum
2720 2626 2851 2680 solis
2878 2629 2978 2681 sita
3016 2633 3161 2680 sunt.
3212 2626 3363 2684 Unde
3387 2630 3529 2700 apud

1974 2724 2208 2775 exteros,
2251 2713 2415 2768 dictis
2442 2715 2647 2768 nostris
2676 2730 2909 2770 consona
2950 2716 3247 2771 secundum
3273 2719 3349 2772 rei
3380 2706 3531 2781 natue

1976 2808 2090 2856 ram
2124 2803 2392 2857 habentur
2418 2803 2470 2856 in
2495 2802 2586 2856 illo
2608 2818 2625 2855 :
3432 2796 3435 2799 λ

2046 2915 2323 2985 ἉΕιΙιίοραδ
2346 2917 2435 2985 qui
2456 2914 2700 2985 bifariam
2723 2917 2879 2970 divisi
2897 2926 3017 2971 sunt
3046 2918 3222 2970 ulttmt
3236 2894 3524 2983 hominum,

2046 2988 2154 3039 Atii
2184 2984 2387 3056 quidem
2429 2984 2496 3039 ad
2544 2985 2855 3040 occidentem
2876 3027 2891 3051 ,
2941 2988 3035 3040 alii
3067 2986 3134 3040 ad
3165 2989 3407 3042 orientem
3437 3005 3528 3056 iso-

3207 3056 3329 3127 [ιεπι
3363 3055 3485 3129 "-l'

1978 3148 2039 3201 In
2069 3147 2175 3201 alio
2201 3162 2415 3218 quoque
2441 3148 2881 3217 psalmonlietum
2905 3154 2988 3202 est
3023 3165 3036 3201 :
3072 3146 3376 3217 «Ethiopia
3408 3163 3529 3217 por-

1978 3239 2115 3308 riget
2147 3255 2361 3293 manum
2397 3254 2547 3294 suam
2582 3238 2692 3293 Deo
2721 3239 2797 3304 ³⁶;
2828 3258 2846 3290 ›
2883 3253 2945 3293 ac
2980 3238 3171 3292 iterum
3210 3239 3263 3291 in
3291 3239 3394 3292 alio
3410 3252 3531 3307 pro-

1982 3330 2187 3396 pheta:
2241 3348 2259 3380 σ
2296 3329 2371 3382 Ex
2419 3329 2665 3383 terminis
2712 3327 2989 3382 ﬂuminum
3025 3327 3311 3397 Ethiopia‘
3357 3327 3531 3384 ferent

1984 3419 2341 3474 substantiam
2392 3418 2522 3472 mihi
2547 3418 2624 3471 ³⁷.’
2652 3436 2669 3468 ι
2708 3418 2762 3470 In
2816 3417 2901 3471 his
2948 3419 3071 3470 item
3119 3432 3357 3494 consona
3398 3433 3530 3473 voco

1982 3510 2310 3563 vaticinatur
2337 3508 2447 3572 ille,
2487 3526 2506 3559 ι
2532 3508 2724 3560 Coram
2758 3507 2849 3559 illo
2874 3508 3158 3574 procident
3184 3507 3523 3577 Ethiopes.»

1981 3597 2146 3663 Queis
2172 3597 2424 3651 omnibus
2446 3596 2780 3667 signiﬁcatur
2805 3594 3064 3660 futurum,
3089 3604 3145 3646 ut
3170 3591 3386 3652 termini
3420 3605 3529 3650 ter-

1980 3702 2054 3742 ra:
2085 3686 2204 3755 ejus
2252 3686 2343 3755 qui
2382 3686 2435 3740 in
2479 3684 2761 3756 prophetia
2808 3684 3116 3738 enuntiatur
3170 3684 3525 3753 cognitionem

1980 3778 2261 3847 recipiant,
2299 3791 2363 3831 ac
2401 3777 2744 3846 procidentes
2771 3781 2823 3829 et
2851 3787 3025 3843 genua
3073 3770 3366 3835 ﬂectentes,
3401 3773 3529 3827 ado-

1978 3871 2098 3919 rent
2124 3866 2324 3935 ipsum.
2359 3863 2739 3930 Quamobrem,
2774 3860 3070 3916 secundum
3096 3860 3365 3928 Aquilam,
3396 3860 3528 3916 dici-
3568 3870 3571 3873 ’

1977 3961 2086 4020 tur,
2128 3971 2147 4005 ι
2176 3953 2257 4018 Ad
2306 3953 2494 4008 faciem
2538 3953 2656 4019 ejus
2700 3948 3000 4005 curvabunt
3051 3962 3109 4002 se
3149 3947 3466 4018 Ethiopes;
3498 3967 3520 4000 ο

1978 4042 2273 4099 secundum
2309 4040 2686 4113 Symmachum
2710 4040 2916 4097 autem,
2950 4045 2971 4087 ἰ
3002 4036 3057 4089 in
3091 4045 3383 4107 conspectu
3406 4040 3525 4107 ejus

1976 4132 2329 4203 procumbent
2384 4129 2687 4199 Ethiopes.
2727 4148 2745 4180 ι
2784 4124 2886 4181 Per
2912 4125 3192 4196 Ethiopes
3220 4136 3395 4182 auzem
3433 4129 3527 4198 qui

1976 4231 2215 4278 extrema
2241 4228 2396 4275 terrae
2422 4220 2685 4283 incolunt,
2716 4214 2899 4288 gentes
2922 4218 3083 4273 etiam
3119 4233 3239 4287 qua:
3269 4218 3409 4271 intra
3442 4234 3528 4273 or-

1976 4313 2099 4367 bem
2140 4318 2288 4377 sunt,
2336 4309 2665 4371 indicantur.
2717 4308 3161 4378 Manifestumque
3202 4317 3306 4374 est,
3330 4310 3529 4379 ubique
3622 4386 3623 4389 η

1977 4409 2266 4464 terrarum,
2306 4399 2397 4469 qui
2427 4400 2479 4452 in
2509 4400 2683 4469 ipsum
2707 4399 2955 4462 credunt,
2978 4413 3149 4468 genua
3176 4392 3455 4452 ﬂectentes
3474 4405 3528 4452 et

1978 4493 2031 4545 in
2056 4500 2253 4545 terram
2279 4489 2716 4560 procumbentes,
2735 4502 2827 4557 per
2843 4502 2965 4541 eum
2983 4484 3347 4540 adorationem
3370 4499 3526 4539 suam

1976 4583 2353 4636 universorum
2384 4580 2491 4635 Deo
2512 4580 2776 4633 emittere.
2810 4578 2919 4631 lmo
2944 4579 3101 4631 etiam
3137 4577 3231 4638 ait,
3263 4595 3281 4627 ‹
3317 4575 3524 4629 Inimici

322 4694 484 4733 πουσι
510 4676 647 4749 Θεῷ.
693 4672 853 4729 Ἀλλὰ
899 4676 990 4729 καὶ
1026 4677 1074 4729 οἰ
1108 4676 1291 4747 ἐχθροὶ
1335 4675 1518 4739 αὐτοῦ,
1564 4675 1714 4747 φησὶ,
1748 4673 1877 4744 χοῦν

1977 4676 2096 4742 ejus
2128 4680 2327 4727 terram
2366 4671 2603 4740 lingent,
2632 4688 2651 4719 ι
2689 4668 2827 4737 patri
2867 4682 2967 4723 suo
3012 4666 3248 4735 serpenti
3294 4666 3523 4730 similes,

295 4770 604 4835 -λείξουσιν,
632 4764 1045 4839 ὲξομοιωθέντες
1080 4765 1157 4837 τῷ
1192 4766 1396 4820 ἑαυτῶν
1429 4766 1593 4836 πατρὶ
1632 4763 1711 4834 τῷ
1734 4765 1872 4832 ὄφει,

1979 4764 2067 4835 qui
2102 4764 2155 4818 in
2184 4771 2397 4832 pectore
2423 4766 2476 4813 et
2504 4764 2686 4812 ventre
2729 4756 2971 4828 graditur
2991 4795 3006 4819 ,
3053 4763 3107 4809 et
3131 4765 3325 4810 terram
3356 4762 3527 4810 eome-

321 4860 413 4914 ἐπὶ
439 4859 519 4930 τῷ
548 4858 730 4931 στήθει
782 4856 873 4911 καὶ
905 4856 969 4925 τῇ
1006 4854 1182 4925 κοιλίᾳ
1222 4855 1587 4929 πορευομένῳ,
1634 4852 1727 4907 καὶ
1768 4851 1876 4931 γῆν

1980 4857 2091 4920 dit,
2128 4851 2422 4910 secundum
2467 4848 2720 4902 inﬂictam
2753 4849 2854 4902 sibi
2897 4863 2926 4900 a
2968 4848 3233 4919 principio
3291 4861 3522 4917 poenam.

321 4950 552 5005 ἐσθίοντι
577 4950 717 5005 κατὰ
741 4949 840 5020 τὴν
868 4946 926 5012 ἐξ
955 4943 1126 5017 ἀρχῆς
1163 4946 1453 5017 γενομένην
1484 4942 1628 5014 αὐτῷ
1660 4942 1878 5014 προστί-

1984 4947 2075 5003 Sic
2103 4944 2285 5000 videas
2312 4941 2561 4995 inimicos
2586 4938 2836 4994 Ecclesiae
2865 4939 3087 5004 Christi,
3114 4949 3310 4995 terram
3339 4947 3391 4993 et
3414 4952 3531 4991 cor-

326 5054 505 5113 μησιν.
541 5041 701 5096 Οὕτω
741 5042 787 5096 δ’
815 5034 907 5095 οὖν
950 5038 1068 5107 ὕψει
1100 5036 1224 5098 τοὺς
1275 5036 1372 5105 τῆς
1410 5035 1730 5103 Ἐκκλησίας
1784 5031 1877 5085 τοῦ

1983 5046 2177 5106 porcas
2205 5030 2509 5098 voluptates
2536 5028 2760 5097 lingere.
2796 5024 2853 5080 Si
2876 5027 3019 5108 enim
3043 5026 3361 5096 corpus,cui
3391 5025 3530 5080 inest

320 5130 554 5203 Χριστοῦ
591 5131 878 5204 πολεμίους
904 5130 992 5185 τὸν
1020 5126 1146 5199 χοῦν
1172 5127 1265 5180 καὶ
1302 5127 1399 5189 τὰς
1433 5124 1746 5197 σωματικὰς
1771 5124 1880 5195 ἠδο-

1984 5125 2183 5188 anima,
2211 5121 2386 5191 pulvis
2412 5119 2617 5173 dictum
2646 5125 2729 5174 est
2756 5118 3051 5201 secundum
3074 5118 3214 5172 hanc
3240 5116 3530 5185 Scriptura:

314 5221 416 5291 te;
443 5220 963 5294 περιλιχμωμένους.
995 5220 1057 5273 El
1082 5218 1189 5289 γὰρ
1225 5216 1286 5271 τὸ
1320 5216 1495 5287 σῶμα,
1524 5210 1674 5293 ᾧπερ
1704 5218 1880 5269 κεῖται

1980 5228 2187 5274 vocem,
2224 5230 2243 5262 ι
2270 5211 2495 5280 Accepit
2524 5207 2665 5264 Deus
2694 5209 2965 5278 pulverem
3007 5222 3073 5264 ex
3100 5216 3264 5269 terra,
3292 5214 3347 5260 et
3367 5204 3526 5260 θίγοι·-

322 5316 355 5384 ὴ
378 5312 545 5384 ψυχὴ,
564 5313 694 5383 χοῦς
722 5309 999 5385 ἀνείρηται
1021 5310 1160 5367 κατὰ
1184 5308 1279 5381 τὴν
1301 5309 1610 5376 φάσκουσαν
1636 5307 1875 5377 Γραφήν·

1979 5304 2435 5366 mavit,hominem
2462 5303 2529 5366 ³⁸,
2562 5320 2581 5353 ι
2616 5299 2708 5371 qui
2730 5306 2927 5354 terram
2951 5298 3181 5367 lingunt,
3203 5294 3532 5350 eamaiibus-

328 5425 346 5457 ι
391 5402 620 5458 Ἔλαϐεν
642 5406 672 5457 ὁ
698 5403 829 5467 Θεὸς
862 5403 991 5473 χοῦν
1025 5402 1133 5457 ἀπὸ
1157 5401 1255 5473 τῆς
1283 5398 1405 5468 γῆς,
1437 5398 1530 5451 καὶ
1562 5396 1762 5450 ἔπλασε
1789 5398 1880 5450 τὸν

1980 5414 2084 5471 que
2113 5396 2482 5465 voluptatibus
2517 5391 2714 5449 addicti
2764 5395 2911 5453 sunt,
2942 5388 3085 5458 jure,
3116 5386 3528 5473 utpotesaluta-

323 5498 633 5571 ἄνθρωπον·
674 5514 694 5547 ι
723 5497 773 5549 oi
952 5496 1079 5568 χοῦν
1135 5471 1589 5565 περιλιχμώμενοι
1642 5490 1735 5541 καὶ
1781 5489 1878 5553 τὰς

1983 5492 2059 5543 ris
2086 5485 2234 5541 verbi
2261 5485 2491 5549 inimici,
2533 5474 2671 5538 male
2699 5479 2943 5533 audiunt.
2986 5476 3091 5531 Sed
3122 5477 3175 5551 hi
3205 5471 3418 5544 quidem
3447 5485 3532 5528 ta-

320 5566 642 5662 τῆς-σαρκὸς
666 5566 990 5659 ἡδυπαθείας
1032 5588 1296 5659 τιμῶντες
1329 5581 1702 5651 διαϐέϐληνται
1747 5582 1879 5633 εἰκό-

1983 5586 2063 5639 les
2096 5600 2108 5634 :
2142 5578 2280 5631 alius
2322 5586 2500 5631 autem
2532 5575 2665 5630 ordo
2693 5585 2880 5628 corum
2924 5567 3013 5637 qui
3054 5581 3278 5636 regnum
3327 5566 3532 5643 Christi

323 5657 447 5746 τως,
482 5657 557 5747 ὥς
592 5681 657 5736 ἂν
686 5657 865 5751 ἐχθροὶ
902 5681 994 5733 τοῦ
1025 5657 1290 5750 σωτηρίου
1336 5675 1684 5746 τυγχάνοντες
1699 5674 1873 5743 λόγου.

1983 5676 2347 5743 cognoscunt,
2383 5667 2527 5723 dona
2558 5666 2661 5737 ipsi
2693 5663 2897 5741 aﬂ'eret,
2930 5666 2989 5712 ut
3015 5659 3068 5712 in
3095 5657 3376 5728 prophetia
3424 5658 3533 5713 l'cr-

337 5775 471 5826 Ἀλλ’
509 5770 650 5829 οῦτοι
698 5777 793 5846 μὲν
834 5772 1090 5825 τοιοῦτον
1135 5773 1195 5824 τὸ
1232 5772 1275 5839 θ’
1309 5771 1488 5839 ἕτερον
1538 5768 1721 5836 τάγμα
1772 5766 1877 5820 τῶν

1982 5778 2069 5821 tur
2104 5762 2185 5817 his
2229 5760 2410 5815 verbis
2445 5778 2459 5814 :
2502 5762 2523 5809 ⁷‹
2562 5758 2733 5827 Reges
2763 5750 2984 5808 Tharsis
3007 5756 3061 5804 et
3093 5749 3280 5805 insulae
3308 5764 3534 5803 munera

396 5931 437 5963 ³³
472 5931 574 5988 lsa.
606 5946 765 5995 xxxv,
809 5944 844 5979 ι.
927 5928 969 5958 ³⁸
1013 5926 1168 5983 "om.
1208 5926 1369 5996 Odys.
1404 5926 1449 5981 l.
1565 5926 1605 5955 3“
1633 5922 1770 5979 Psal.
1816 5940 1876 5976 L\

1976 5965 1978 5980 ι
2012 5921 2097 5975 39.
2176 5918 2214 5949 ’⁷
2251 5913 2412 5985 Soph.
2452 5930 2529 5971 ιιι.
2568 5913 2685 5967 ν10.“
2730 5912 2773 5943 ³⁸
2805 5908 2936 5990 Gen.
2976 5921 3033 5971 ll,
3064 5902 3109 5955 7.
