4300 6402
757 510 857 557 807

1407 504 1669 560 EUSEBII
1710 503 2367 565 CxESARIENSISAOPP.
2414 502 2590 555 PARS
2626 500 2711 554 ill.
2749 531 2819 540 -—
2858 498 3261 553 EXEGETICA.

3861 507 3964 556 86.5

755 623 1012 683 offerent,
1058 636 1209 689 reges
1245 622 1477 674 Arabum
1517 632 1569 673 et
1598 619 1738 673 Saba
1770 622 1909 674 dona
1958 620 2247 673 adducent.
2280 638 2297 669 ›
2334 631 2377 677 Α
2402 619 2453 669 1i

2280 638 2297 669 ι
2334 631 2377 677 Α
2402 619 2498 688 τὴν
2540 617 2810 686 βασιλείαν
2840 615 2931 667 τοῦ
2956 613 3185 685 Χριστοῦ
3231 610 3596 682 γνωριζόντων
3623 613 3769 683 δῶρα
3796 629 3965 683 προσ-

758 714 815 764 ln
844 712 926 765 bis
960 720 1135 764 autem
1178 711 1306 764 dum
1353 714 1407 763 in
1458 709 1592 763 duas
1632 719 1815 778 partes
1852 709 1999 764 orbis
2029 709 2307 767 dividitur,

758 802 901 855 aliud
940 802 1004 854 ad
1047 816 1300 856 occasum
1332 802 1462 855 solis
1492 802 1867 869 assignantur,
1910 799 2053 868 quod
2080 800 2312 869 primum

758 893 1061 946 declaratur
1108 893 1193 947 bis
1238 893 1447 955 verbis,
1505 910 1521 941 ε
1559 890 1735 960 Reges
1768 888 1992 949 Tharsis
2034 898 2087 944 et
2122 890 2312 944 insulze

757 990 979 1036 munera
1016 982 1269 1046 offerent;
1305 1001 1321 1031 ι
1358 981 1512 1049 queis
1555 994 1702 1032 mare
1733 977 2075 1033 Occidentale
2109 977 2310 1046 signiﬁ-

756 1081 864 1136 cat,
900 1087 1107 1126 necnon
1134 1072 1343 1125 insulas
1380 1070 1575 1124 ibidem
1610 1072 1761 1124 sitas.
1801 1068 1889 1122 Sic
1924 1084 2051 1139 ergo
2078 1069 2205 1123 olim
2231 1066 2314 1143 Jo-

756 1177 855 1225 nas
888 1162 1144 1230 propheta
1192 1160 1430 1215 surrexit
1461 1167 1518 1212 ut
1558 1158 1762 1228 fugeret
1794 1160 1847 1211 in
1877 1158 2121 1221 Tharsis,
2148 1166 2201 1212 et
2227 1156 2313 1211 de-

758 1252 965 1307 scendit
994 1253 1225 1322 Joppen,
1259 1252 1684 1321 conscenditque
1712 1266 1901 1305 navem
1937 1259 1994 1304 ut
2026 1250 2230 1319 fugeret
2260 1250 2313 1302 in

722 1400 725 1403 λ
758 1347 1005 1409 Tharsis,
1054 1363 1215 1417 quam
1254 1362 1376 1401 esse
1412 1346 1600 1399 dicunt
1627 1344 1913 1398 Tharsum.
1951 1344 2009 1397 In
2042 1342 2314 1397 Ezechiele

756 1454 884 1493 vero
927 1437 1149 1491 Tharsis
1209 1436 1566 1497 vocabulum,
1610 1434 1987 1503 Carthaginem
2040 1431 2176 1485 LXX
2228 1448 2316 1485 ex-

759 1538 1094 1598 presserunt.
1155 1526 1313 1579 Aliud
1373 1526 1534 1579 clima
1578 1524 1644 1577 ad
1697 1526 1957 1578 orientem
2020 1523 2185 1578 solem
2230 1523 2313 1576 his

761 1618 1133 1687 significatur,
1196 1614 1411 1684 «Reges
1477 1614 1709 1667 Arabum
1772 1622 1823 1667 et
1891 1612 2052 1665 Saba.
2103 1632 2121 1663 ι
2179 1611 2311 1666 Nam

759 1709 993 1762 Arabum
1036 1722 1204 1775 genus
1245 1705 1506 1759 orientale
1542 1712 1649 1767 est,
1701 1704 1930 1759 ulterius
1973 1712 2149 1758 autem
2195 1702 2321 1756 Per-.

761 1803 873 1853 sica
938 1800 1084 1865 regio
1124 1812 1335 1851 necnon
1393 1794 1733 1849 Sabaitarum
1781 1803 1925 1848 terra
1971 1793 2148 1862 posita
2187 1793 2315 1845 dici-

758 1899 867 1941 tur.
936 1886 1041 1940 Pro
1100 1888 1188 1939 illo
1242 1894 1461 1949 :item,
1520 1903 1538 1935 ι
1585 1883 1758 1953 Reges
1812 1884 2050 1937 Arabum
2108 1890 2162 1933 et
2222 1880 2317 1933 Sa-

758 1981 822 2032 ba
845 2020 858 2041 ,
897 1998 916 2031 »
950 1978 1139 2046 Aquila
1196 1986 1249 2031 et
1288 1944 1642 2045 Symmachus
1664 1944 1755 2027 "ac
1813 1987 1936 2025 cum
1968 1972 2034 2025 iis
2091 1969 2315 2025 Hebrai-
2347 1944 2388 2000 Β

756 2084 880 2121 eum
929 2068 1237 2136 exemplar,
1282 2064 1499 2131 «Reges
1540 2064 1681 2116 Saba
1735 2069 1788 2116 et
1846 2060 1984 2115 Saba
2014 2080 2032 2111 ι
2092 2060 2309 2115 habent.

756 2155 834 2209 Ita
896 2167 952 2209 ut
1006 2152 1404 2224 pronuntiando
1464 2152 1681 2220 quidem
1734 2150 1965 2219 idipsum
2010 2150 2161 2213 sint,
2200 2152 2313 2205 ele-

757 2256 1061 2301 mentorum
1100 2245 1361 2297 varietate
1398 2242 1665 2295 differant.
1729 2240 1862 2294 Nam
1901 2242 2132 2309 primum
2174 2240 2313 2295 Saba

758 2351 855 2405 per
895 2336 1127 2388 litteram
1175 2333 1275 2388 Sen
1320 2334 1387 2387 ab
1428 2332 1665 2387 Hebraeis
1721 2333 1963 2395 dictam;
2018 2333 2313 2385 secundum

759 2442 889 2479 vero
915 2441 1010 2493 per
1046 2424 1187 2479 Sade
1221 2425 1479 2494 scriptum
1518 2425 1571 2475 in
1609 2422 1872 2476 Hebraico
1909 2430 2025 2489 est,
2044 2422 2187 2475 unde
2234 2423 2315 2474 in-

760 2517 1164 2586 terpretationis
1196 2525 1373 2569 ortum
1408 2514 1701 2568 discrimen
1742 2522 1845 2565 est.
1891 2512 2141 2566 Servator
2185 2528 2316 2566 sane

762 2609 865 2659 hoc
920 2621 1114 2659 nomen
1145 2612 1533 2657 commemorat
1574 2604 1800 2656 dicens:
1843 2620 1862 2653 ι
1918 2601 2117 2672 Regina
2175 2600 2313 2655 Saba

762 2706 945 2768 surget
978 2702 1032 2751 in
1059 2698 1144 2752 die
1164 2696 1378 2765 judicii,
1408 2704 1461 2749 et
1500 2694 1880 2749 condemnabit
1918 2694 2314 2763 generationem

760 2790 919 2853 hanc,
948 2788 1071 2859 quia
1108 2788 1253 2841 venit
1274 2802 1301 2839 a
1335 2786 1528 2841 ﬁnibus
1568 2793 1744 2847 terrae,
1778 2793 1836 2837 ut
1866 2785 2073 2838 audiret
2102 2786 2315 2853 sapien-

761 2889 888 2942 tiam
928 2887 1229 2941 Salomonis
1261 2887 1341 2938 ”:
1384 2906 1401 2938 ›
1445 2892 1627 2955 aperte
1655 2885 1939 2939 declarans
1994 2884 2047 2936 in
2074 2884 2316 2937 terminis

759 2988 917 3032 terra:
944 2978 1100 3033 sitam
1133 2984 1341 3043 gentem
1374 2974 1513 3029 Saba
1539 2976 1757 3029 dictam.
1788 2973 1912 3027 Haec
1942 2988 2103 3042 porro
2127 2973 2317 3027 tertius

760 3067 1069 3137 Regnorum
1107 3067 1239 3118 liber
1279 3065 1346 3119 de
1378 3066 1481 3119 ista
1520 3074 1675 3132 gente
1710 3073 1895 3117 narrat
1926 3082 1937 3116 :
1985 3082 2002 3113 ι
2042 3062 2106 3115 Ει
2133 3062 2347 3131 regina‘

762 3157 905 3211 Saba
935 3156 1141 3209 audivit
1173 3170 1368 3208 nomen
1396 3152 1723 3215 Salomonis,
1752 3160 1805 3207 et
1833 3154 1977 3206 venit
2004 3159 2061 3205 ut
2088 3160 2318 3206 tentaret

2410 709 2641 761 οίσουσιν
2692 707 2857 775 αὐτῷ,
2908 705 3330 775 προφητεύεται·
3366 704 3432 757 δι’
3470 704 3498 755 6
3537 703 3781 757 λέλεκται
3814 702 3959 771 ἑξῆς·

2417 819 2434 850 ι
2465 800 2706 861 Βασιλεῖς
2737 799 2965 867 Θαρσεῖς
3002 798 3094 850 καὶ
3127 797 3280 864 νῆσοι
3307 796 3451 865 δῶρα
3479 786 3843 864 προσοίσουσι,
3876 794 3968 862 βα-

2412 892 2574 953 σιλεῖς
2611 890 2847 960 Ἀράϐων
2868 889 2961 941 καὶ
2988 886 3131 940 Σαϐὰ
3163 888 3307 958 δῶρα
3334 886 3676 956 προσάξουσι.
3720 904 3739 935 ι
3771 885 3879 937 Kai.
3908 888 3965 937 ὲν

2408 983 2613 1044 τούτοις
2646 981 2700 1032 δὲ
2728 984 2755 1032 6
2780 980 2952 1049 λόγος.
2994 980 3179 1032 διελὼν
3220 982 3298 1041 είς
3338 978 3431 1031 δύο
3478 978 3617 1049 μέρη
3652 978 3750 1048 τὴν
3790 980 3965 1029 οἰκου-

2414 1073 2597 1142 μένην,
2636 1072 2696 1123 τὸ
2741 1073 2836 1141 μὲν
2864 1071 3109 1140 ἀφορίζει
3154 1070 3246 1122 ἐπὶ
3286 1070 3345 1121 τὸ
3383 1067 3517 1138 πρὸς
3558 1069 3784 1137 δυσμαῖς
3813 1067 3964 1137 ήλίου

2412 1162 2596 1231 κλίμα,
2631 1161 2657 1213 6
2685 1162 2746 1232 δὴ
2791 1161 3004 1231 πρῶτον
3044 1160 3370 1229 παρίστησιν
3418 1156 3611 1210 εἰπών·
3661 1175 3679 1207 ι
3719 1156 3966 1217 Βασιλεῖς

2410 1229 2637 1321 Θαρσεῖς
2682 1229 2773 1303 καὶ
2820 1229 2968 1319 νῆσοι
2994 1249 3139 1318 δῶρα
3177 1247 3544 1317 προσοίσουσι·
3577 1267 3595 1299 ι
3630 1246 3696 1298 δι’
3735 1240 3809 1299 ὧν
3868 1244 3965 1313 τὴν

2412 1342 2544 1411 πρὸς
2588 1342 2816 1410 δυσμαῖς
2858 1339 3106 1410 σημαίνει
3139 1338 3409 1389 θάλασσαν
3437 1337 3530 1389 κα)⁸
3567 1336 3665 1397 τὰς
3700 1337 3755 1386 ὲν
3796 1334 3965 1404 ταύτῃ

2411 1436 2623 1503 νήσους.
2654 1432 2834 1494 Οὕτως
2866 1427 2956 1483 οὖν
2983 1446 3111 1481 ποτε
3150 1430 3241 1479 καὶ
3284 1430 3462 1489 Ἰωνᾶς
3490 1429 3517 1479 6
3565 1428 3845 1497 προφήτης
3873 1426 3961 1477 άνο

2412 1526 2538 1595 έστη
2563 1526 2751 1593 φυγεῖν
2787 1526 2865 1585 είς
2887 1522 3115 1592 Θαρσεῖς
3149 1522 3241 1573 καὶ
3268 1519 3467 1586 κατέϐη
3503 1520 3580 1580 είς
3612 1518 3851 1587 Ἰόππην,
3876 1518 3969 1568 καὶ

2411 1616 2575 1685 ἀνέϐη
2620 1619 2699 1677 είς
2744 1614 2923 1666 πλοῖον
2963 1612 3054 1664 τοῦ
3083 1614 3270 1679 φυγεῖν
3304 1612 3381 1683 είς
3427 1609 3673 1677 Θαρσεῖς,
3697 1610 3761 1677 ἦν
3808 1623 3969 1673 φασιν

2412 1704 2549 1759 εἶναι
2582 1706 2678 1774 τὴν
2710 1704 2933 1773 Θαρσόν.
2979 1703 3065 1754 Ἐν
3112 1701 3167 1753 δὲ
3207 1700 3282 1770 τῷ
3324 1699 3567 1769 Ἐζεκιὴλ
3609 1696 3701 1749 τοῦ
3739 1697 3969 1765 Θαρσεῖς

2413 1798 2667 1869 ὀνόματος
2716 1793 3043 1864 φερομένου,
3091 1794 3139 1845 οί
3201 1790 3594 1857 Ἐϐδομήκοντα
3650 1784 3969 1857 Καρχηδόνα

2414 1892 2778 1959 ήρμήνευσαν.
2812 1885 2883 1937 T6
2928 1885 2982 1937 δὲ
3015 1884 3198 1954 ἕτερον
3241 1881 3407 1950 κλίμα
3453 1878 3513 1931 τὸ
3548 1879 3681 1949 πρὸς
3709 1875 3971 1939 ἀνατολάς

2414 1979 2561 2049 ήλίου
2615 1976 2860 2046 δηλοῦται
2909 1976 2996 2027 διὰ
3053 1974 3169 2038 τοῦ,
3220 1989 3237 2021 ι
3294 1970 3537 2032 Βασιλεῖς
3580 1969 3821 2038 ’Δράϐων
3877 1967 3971 2019 καὶ

2413 2072 2578 2125 Σαϐά.
2624 2090 2642 2123 ι
2673 2069 2743 2121 T6
2774 2085 2832 2120 τε
2883 2068 2989 2137 γὰρ
3030 2065 3135 2118 τῶν
3174 2063 3414 2133 Ἀράϐων
3458 2062 3612 2127 γένος
3658 2058 3970 2112 ἀνατολικὸν

2412 2163 2683 2231 τυγχάνει,
2730 2160 2983 2212 ἐπέκεινα
3022 2157 3077 2208 δὲ
3103 2155 3264 2209 αὐτοῦ
3296 2154 3362 2206 τὰ
3397 2150 3639 2221 Περσικὰ
3670 2148 3828 2219 μέρη,
3879 2148 3971 2198 καὶ

2414 2257 2445 2323 ή
2478 2254 2583 2305 τῶν
2630 2250 2903 2304 Σαϐαῖτῶν
2936 2248 3088 2319 χώρα
3134 2242 3269 2298 εἶναι
3297 2243 3529 2310 λέγεται,
3570 2242 3714 2292 Ἀντὶ
3756 2240 3811 2292 δὲ
3852 2237 3969 2300 τοῦ,

2421 2365 2438 2395 ‹
2473 2344 2712 2406 Βασιλεῖς
2772 2340 3011 2411 Ἀράϐων
3060 2339 3153 2391 καὶ
3201 2336 3368 2398 Σαϐὰ,
3414 2352 3433 2385 ι
3476 2334 3504 2384 6
3545 2332 3771 2393 ’Δκύλας
3819 2330 3913 2382 καὶ
3944 2332 3974 2381 6

2416 2436 2720 2505 Σύμμαχος,
2746 2435 2779 2503 ἦ
2825 2449 2882 2484 τε
2924 2429 3179 2499 Ἐϐραῖκὴ
3220 2426 3405 2496 γραφὴ
3443 2423 3702 2484 συντόνως
3742 2421 3969 2482 τούτοις,

2420 2546 2438 2577 ‹
2481 2525 2724 2587 Βασιλεῖς
2753 2523 2899 2576 Σαϐὰ
2941 2524 3035 2574 καὶ
3079 2521 3225 2573 Σαϐὰ
3264 2539 3281 2570 ι
3317 2520 3617 2589 εἰρήκασιν.
3659 2516 3805 2567 ἀπ’
3835 2509 3972 2566 εἶναι

2412 2620 2605 2673 ταύτὸν
2651 2618 2746 2687 μὲν
2802 2616 3201 2684 ὲκφωνούμενον
3239 2612 3427 2681 δνομα,
3459 2609 3779 2662 διαλλάττειν
3815 2606 3870 2659 δὲ
3906 2608 3969 2676 τῇ

2413 2711 2520 2764 τῶν
2564 2709 2835 2780 στοιχείων
2882 2708 3139 2776 διαφορᾷ*
3178 2704 3237 2758 τὸ
3282 2704 3379 2774 μὲν
3431 2704 3536 2773 γάρ
3572 2700 3796 2772 πρῶτον
3826 2698 3971 2749 Σαϐὰ

2415 2799 2499 2851 διὰ
2552 2798 2646 2851 τοῦ
2703 2798 3031 2867 καλουμένου
3090 2794 3217 2866 παρ’
3280 2792 3550 2863 Ἑϐραίοις
3612 2791 3755 2853 σὲν,
3816 2788 3876 2839 16
3918 2786 3972 2839 δὲ

2414 2889 2661 2958 δεύτερον
2693 2887 2781 2940 διὰ
2806 2886 2896 2939 τοῦ
2942 2885 3096 2952 σὰδη
3148 2884 3404 2952 στοιχείου
3435 2882 3577 2935 κατά
3609 2881 3707 2952 τὴν
3770 2879 3976 2948 Ἑϐραῖ-

2418 2980 2518 3049 κὴν
2550 2978 2840 3048 ἐμφέρεται
2886 2978 3135 3047 γραφήν·
3164 2975 3311 3027 ἐνθεν
3342 2974 3434 3026 καὶ
3467 2973 3535 3025 τὰ
3562 2973 3656 3042 τῆς
3688 2968 3974 3042 ἑρμηνείας

2418 3070 2597 3131 αὐτοῖς
2622 3068 2947 3122 ὲναλλάττει.
2988 3068 3096 3119 Kal.
3126 3069 3153 3119 6
3191 3066 3377 3135 Σωτὴρ
3405 3065 3460 3115 δε
3490 3062 3676 3115 τούτου
3710 3064 3975 3131 μέμνηται

2400 3148 2510 3216 τοῦ
2544 3161 2801 3231 ὀνόματος
2828 3156 3027 3225 λέγων’
3067 3175 3100 3221 ι,
3123 3155 3414 3206 Βασίλισσα
3446 3153 3591 3205 Σαϐὰ
3617 3150 3974 3219 ἀναστήσεται

762 3262 887 3300 eum
919 3247 973 3299 in
997 3246 1392 3315 aenigmatibus.
1436 3243 1500 3295 Et
1528 3246 1674 3299 venit
1709 3245 1762 3297 in
1797 3242 2091 3298 Jerusalem
2127 3244 2179 3297 in
2220 3258 2317 3313 po-
2348 3277 2387 3333 ε
2422 3260 2460 3310 ὲ.

2273 3258 2317 3295 δ·
2348 3277 2387 3333 C
2422 3260 2478 3310 ὲν
2504 3256 2681 3326 ἡμέρα
2702 3252 2950 3323 κρίσεως,
2978 3250 3071 3302 καὶ
3090 3250 3403 3318 κατακρινεῖ
3428 3246 3524 3313 τὴν
3547 3244 3734 3312 γενεὰν
3750 3242 3971 3315 ταύτην,

762 3350 958 3396 testate
996 3342 1144 3409 gravi
1179 3339 1349 3392 valde.
1399 3338 1464 3391 Et
1495 3339 1683 3392 cameli
1726 3337 1957 3391 ferentes
2005 3332 2225 3392 delicias
2268 3345 2319 3390 et

764 3432 996 3501 lapidem
1025 3431 1319 3501 pretiosum
1348 3429 1411 3481 ‘°.
1456 3449 1474 3481 ι
1522 3428 1829 3483 Vocabatur
1864 3444 2041 3498 porro.
2066 3430 2213 3498 regio
2239 3440 2321 3481 at-

762 3538 868 3591 que
895 3538 1025 3592 gens
1052 3523 1139 3575 illa
1176 3520 1338 3583 Saba,
1362 3537 1391 3573 a
1439 3536 1641 3589 proavo
1676 3518 1839 3582 Saba,
1879 3521 1969 3589 qui
2002 3518 2143 3574 ﬁlius
2172 3520 2319 3577 Chus

764 3612 934 3666 fuisse
969 3612 1250 3666 scribitur.
1282 3609 1375 3663 Alt'
1403 3626 1532 3680 ergo
1564 3609 1762 3679 Moysis
1794 3610 2073 3680 Scriptura
2100 3628 2111 3663 :
2150 3627 2169 3661 ι
2200 3608 2318 3663 Filii

766 3709 947 3758 autem
975 3702 1144 3763 Chus.
1179 3702 1319 3755 Saba
1354 3711 1407 3754 et
1435 3700 1643 3765 Hevila,
1672 3712 1724 3755 et
1758 3700 1993 3755 Sabatha
2015 3702 2079 3752 δε.
2123 3720 2140 3751 ›
2172 3700 2320 3755 Chus

762 3808 891 3848 vero
918 3795 1219 3863 explicatur
1250 3810 1268 3843 ‹
1300 3791 1569 3861 Ᾱὲὶιιιὶορς.
1617 3810 1635 3842 ›
1667 3790 1811 3846 Gens
1842 3791 2001 3861 igitur
2029 3806 2149 3860 quae
2180 3790 2319 3845 Saba

763 3890 989 3937 vocatur
1017 3923 1030 3947 ,
1082 3882 1390 3951 Ethiopica
1423 3881 1635 3935 videtur
1682 3896 1823 3935 esse.
1858 3880 2165 3935 Secundum
2195 3880 2320 3933 item

766 3972 906 4026 Saba
948 3980 1296 4035 memoratur,
1345 3972 1411 4025 de
1465 3987 1572 4042 quo
1618 3972 1693 4025 ait
1746 3970 2063 4041 Scriptura:
2122 3990 2141 4022 ‹
2201 3970 2320 4025 Filii

763 4066 1016 4137 Regmas,
1049 4066 1187 4121 Saba
1214 4076 1269 4122 et
1299 4067 1480 4122 Dadan
1504 4068 1567 4121 ι’.
1608 4086 1626 4119 ›
1657 4067 2026 4137 Congruenter
2057 4067 2235 4137 itaque
2266 4070 2319 4120 in

766 4157 973 4226 psalmo
1022 4156 1613 4225 secundum’reliquos
1663 4155 1985 4225 interpretes
2021 4156 2279 4211 scribitur
2297 4150 2317 4210 ἐ

772 4266 789 4297 ι
832 4245 999 4316 Reges
1030 4245 1171 4299 Saba
1202 4254 1254 4299 et
1301 4244 1442 4299 Saba
1492 4247 1633 4299 dona
1680 4246 1965 4301 adducent.
2004 4267 2022 4300 ι
2059 4247 2320 4303 Caeterum

767 4340 853 4393 bis
887 4338 1171 4409 prophetia
1219 4338 1507 4407 signiﬁcat,
1546 4355 1710 4408 regna
1762 4342 1826 4394 ad
1862 4342 2175 4397 orientalem
2207 4344 2324 4412 pla-

770 4443 889 4498 gain
924 4429 1050 4489 sita,
1084 4428 1317 4495 itemque
1345 4442 1510 4496 regna
1542 4428 1860 4487 occidentis,
1895 4431 1943 4482 ei
1977 4430 2065 4498 qui
2102 4431 2155 4483 in
2187 4431 2323 4485 vati-

770 4512 914 4573 cinio
950 4518 1140 4579 fertur,
1158 4516 1296 4571 dona
1319 4518 1566 4571 oblatura
1590 4533 1741 4584 esse;
1768 4533 1890 4570 nam
1912 4518 1991 4571 sic
2019 4521 2323 4574 indicantur

2418 3350 2497 3402 ὃτι
2522 3343 2683 3416 ἦλθεν
2710 3345 2773 3395 ὲκ
2804 3343 2911 3394 τῶν
2950 3341 3197 3411 περάτων
3226 3340 3321 3407 τῆς
3354 3338 3455 3407 γῆς
3496 3336 3724 3391 ἀκοῦσαι
3758 3338 3851 3407 τὴν
3891 3354 3977 3389 σο-

2421 3440 2543 3507 φίαν
2558 3434 2913 3505 Σολομῶντος
2947 3451 2965 3483 ι
2992 3432 3174 3501 σαφῶς
3198 3429 3462 3500 παριστὰς
3480 3429 3553 3493 ὼς
3570 3432 3624 3483 ὲν
3644 3432 3751 3492 τοῖς
3781 3430 3977 3499 πέρασι

2417 3530 2516 3598 τῆς
2548 3529 2647 3598 γῆς
2677 3526 2736 3579 τὸ
2784 3523 2930 3577 Σαϐὰ
2960 3524 3105 3586 ἔθνος
3143 3521 3415 3591 τυγχάνει.
3453 3521 3675 3591 Ἱστορεῖ
3708 3521 3765 3574 δὲ
3804 3521 3895 3573 καί
3941 3521 3973 3588 ή

2418 3620 2573 3689 τρίτη
2603 3617 2706 3670 τῶν
2748 3614 3037 3670 Βασιλειῶν
3079 3614 3206 3684 περὶ
3241 3612 3334 3665 τοῦ
3364 3612 3525 3666 αὐτοῦ
3567 3612 3747 3675 ἔθνους
3775 3612 3975 3665 ταῦτα’

2427 3732 2442 3761 ε
2456 3713 2561 3764 Kal.
2577 3710 2857 3781 βασίλισσα
2873 3708 3019 3761 Σαϐὰ
3038 3709 3168 3777 ’ήκου
3177 3724 3233 3759 σε
3250 3707 3308 3758 τὸ
3323 3706 3489 3776 ὄνομα
3503 3706 3862 3776 Σολομῶντος,
3883 3703 3977 3757 καὶ

2418 3800 2545 3874 ἦλθε
2574 3802 2825 3872 πειράσαι
2848 3800 3006 3854 αὐτὸν
3029 3800 3084 3850 ἐν
3106 3798 3406 3866 αἰνίγμασι.
3432 3798 3539 3849 Καὶ
3572 3791 3728 3867 ἦλθεν
3762 3796 3839 3858 είς
3878 3795 3977 3847 Ἰε-

2424 3892 2698 3965 ρουσαλὴμ
2728 3893 2785 3945 ὲν
2818 3889 3039 3957 δυνάμει
3088 3886 3280 3957 βαρείᾳ
3326 3886 3544 3963 σφόδρα.
3592 3887 3699 3939 Καὶ
3745 3884 3979 3955 κάμηλοι

2422 3986 2667 4055 αἴρουσαι
2711 3981 2992 4051 ἡδύσματα
3020 3978 3130 4031 καὶ
3174 3976 3371 4046 χρυσὸν
3414 3977 3579 4029 πολὺν
3630 3977 3830 4045 σφόδρα
3884 3978 3977 4029 καὶ

2422 4078 2565 4129 λίθον
2618 4074 2811 4142 τίμιον.
2847 4090 2865 4121 ι
2894 4067 3139 4138 Κέκλητο
3193 4068 3249 4120 δὲ
3296 4070 3327 4135 ἡ
3368 4066 3517 4138 χώρα
3564 4068 3656 4121 καὶ
3710 4068 3769 4120 τὸ
3830 4069 3978 4133 ἔθνος

2422 4164 2567 4217 Σαϐὰ
2612 4162 2715 4215 ἀπὸ
2758 4159 3093 4232 προπάτορος
3125 4158 3215 4210 τοῦ
3255 4157 3433 4219 Σαϐὰ,
3474 4157 3531 4220 ὃς
3568 4159 3977 4231 ἀναγέγραπται

2423 4256 2535 4319 υἱὸς
2551 4252 2785 4321 γεγονὼς
2799 4250 2890 4303 τοῦ
2908 4250 3068 4313 Χοῦς.
3088 4249 3247 4317 Λέγει
3264 4249 3304 4301 6‘
3322 4246 3459 4321 οὖνὴ
3476 4250 3748 4314 Μωῠσέως
3769 4254 3972 4322 γραφή-

2429 4367 2447 4397 (
2474 4348 2587 4399 Υἱοὶ
2614 4346 2669 4397 δὲ
2697 4343 2855 4409 Χοῦς,
2880 4343 3027 4399 Σαϐὰ
3050 4346 3141 4397 καὶ
3158 4342 3339 4405 Εὑίλα,
3356 4343 3449 4395 καὶ
3467 4343 3697 4397 Σαϐάθα.
3725 4364 3743 4394 ι
3765 4344 3906 4407 Χοῦς
3920 4343 3978 4397 δὲ

2424 4438 2779 4509 ἑρμηνεύεται
2802 4454 2819 4486 t
2856 4437 2883 4488 6
2906 4435 3113 4505 Αἰθίοψ.
3146 4455 3162 4487 ι
3202 4436 3357 4499 Γένος
3379 4432 3467 4488 οὖν
3484 4436 3789 4488 Αἰθιοπικὸν
3806 4436 3977 4488 ἔοικεν

2424 4524 2559 4581 εἶναι
2586 4527 2643 4579 τὸ
2670 4526 2814 4579 Σαϐὰ
2843 4525 3009 4589 ἔθνος.
3045 4526 3154 4579 Καὶ
3186 4526 3433 4595 δεύτερον
3470 4526 3525 4579 δὲ
3564 4527 3773 4597 εἴρηται
3808 4526 3974 4590 Σαϐὰ,

770 4620 955 4679 gentes
988 4608 1203 4677 regibus
1243 4607 1488 4662 subdita}.
1531 4605 1669 4660 Num
1702 4607 1933 4661 fortasse
1961 4623 2115 4675 reges
2142 4610 2325 4663 dican-
2357 4608 2399 4661 D
2429 4632 2468 4665 π

2279 4627 2325 4663 ι-
2357 4608 2399 4661 D
2429 4615 2554 4686 περὶ
2592 4608 2650 4666 οὗ
2682 4631 2841 4683 φησιν
2875 4616 3156 4685 ήΓραφή’
3206 4633 3223 4664 ι
3270 4615 3387 4667 Υίοὶ
3429 4616 3484 4667 δὲ
3530 4615 3783 4685 Ῥεγμάς,
3832 4615 3977 4669 Σαϐὰ

770 4706 862 4750 tur
890 4698 1084 4766 angeli,
1115 4700 1206 4765 qui
1241 4698 1489 4767 gentibus
1518 4705 1776 4766 prazsunt,
1812 4696 1918 4753 Deo
1944 4713 2096 4752 sacra
2122 4697 2323 4751 facien-

771 4799 873 4851 tes,
904 4791 1061 4857 eique
1093 4788 1364 4845 Ecclesias
1391 4792 1628 4861 gentium
1668 4807 1895 4859 quarum
1930 4790 2165 4862 praefecti
2198 4796 2324 4844 sunt

770 4880 826 4933 in
853 4879 1053 4932 donum
1082 4876 1410 4934 offerentes?
1442 4879 1619 4946 Quare
1647 4880 1841 4935 deinde
1878 4882 2199 4934 vaticinatur
2233 4879 2322 4933 fu-

768 4979 973 5030 turum,
1016 4977 1074 5022 ut
1113 4968 1339 5023 adorent
1379 4982 1501 5024 eum
1534 4984 1722 5025 omnes
1753 4986 1925 5041 reges.
1961 4971 2143 5041 Neque
2177 4969 2319 5025 enim

772 5062 1037 5117 duntaxat
1068 5060 1322 5129 pradicta
1366 5062 1511 5136 dona
1545 5061 1806 5116 allaturos
1852 5064 2195 5131 praenuntiat,
2229 5063 2322 5117 sed

770 5170 893 5209 eum
921 5153 1087 5208 etiam
1118 5153 1438 5207 adoraturos
1457 5168 1604 5207 esse.
1634 5151 1787 5219 Quod
1835 5156 1963 5206 item
2017 5153 2225 5223 Moyses
2268 5154 2323 5207 in

772 5260 969 5315 magno
994 5244 1209 5298 crntico
1236 5244 1420 5300 docuit
1446 5245 1512 5301 de
1539 5244 1773 5300 Christo
1786 5243 1913 5311 talia
1942 5244 2081 5300 fatus
2108 5265 2121 5299 :
2154 5265 2172 5297 ε
2208 5244 2325 5298 Lae-

772 5336 980 5398 tamini,
1038 5336 1186 5398 coeli,
1232 5350 1354 5389 cum
1407 5338 1547 5405 ipso,
1586 5343 1639 5390 et
1690 5337 1915 5391 adorent
1960 5351 2081 5391 eum
2132 5340 2320 5392 omnes

772 5430 947 5501 angeli
983 5428 1073 5484 Dei
1096 5429 1163 5483 ⁸³.
1206 5447 1224 5481 ι
1256 5427 1320 5484 Hi
1360 5431 1566 5487 scilicet
1607 5449 1780 5505 reges,
1809 5434 2004 5491 occulti
2037 5444 2090 5489 et
2132 5434 2322 5488 invisi-

774 5522 911 5576 biles
939 5521 1174 5590 gentium
1207 5522 1478 5591 principes
1507 5521 1789 5581 Dominum
1822 5540 1977 5581 suum
2013 5527 2319 5591 adorantes,

776 5615 983 5667 animas
1022 5612 1123 5667 sibi
1172 5614 1489 5668 commissas
1539 5615 1642 5684 ipsi
1689 5616 1746 5671 in
1794 5614 1932 5670 dona
1985 5616 2317 5673 offerebant:

776 5720 941 5773 quare
969 5706 1071 5761 sub
1099 5705 1211 5761 haec
1241 5706 1512 5771 adjicitur,
1552 5724 1571 5758 ι
1606 5704 1805 5762 Omnes
1848 5716 2035 5777 gentes
2084 5711 2321 5768 servient

845 5866 1039 5909 οπιηιρ.
1083 5860 1276 5914 ςι.51.
1354 5862 1394 5893 ιο
1428 5860 1490 5915 ιιι
1526 5861 1884 5934 ιιεε.ι,ι,ε.
1975 5869 2013 5898 δ’
2049 5866 2182 5924 Gen.
2228 5882 2280 5933 ι,
2315 5866 2365 5923 7.
2439 5870 2483 5900 ι·
2513 5867 2641 5924 ibid.

2430 4706 2521 4758 καὶ
2540 4706 2708 4758 Δαδάν
2728 4749 2739 4759 .
2772 4726 2790 4757 ι
2816 4705 3052 4767 Εἰκότως
3074 4705 3248 4757 τοίνυν
3282 4708 3337 4757 ὲν
3360 4706 3435 4777 τῷ
3455 4706 3650 4776 ψαλμῷ
3670 4706 3977 4776 γέγραπται

2376 4830 2381 4839 ι
2427 4794 2565 4847 κατά
2598 4797 2719 4858 τοὺς
2746 4793 2991 4856 λοιπούς’
3036 4811 3053 4845 ι
3091 4794 3332 4859 Βασιλεῖς
3363 4797 3508 4849 Σαϐὰ
3534 4798 3625 4850 καὶ
3653 4795 3798 4848 Σαϐὰ
3832 4798 3976 4869 δῶρα

2427 4885 2769 4956 προσάξουσι.
2812 4905 2829 4937 ι
2856 4885 3001 4954 Πλὴν
3040 4884 3171 4939 ἀλλά
3214 4888 3463 4955 σημαίνει
3493 4887 3525 4954 ή
3559 4888 3860 4958 προφητεία
3890 4889 3976 4942 διὰ

2424 4976 2623 5031 τούτων
2650 4979 2749 5041 τὰς
2777 4975 2917 5030 κατά
2952 4976 3011 5028 16
3038 4978 3347 5031 ἀνατολικὸν
3378 4974 3543 5045 κλίμα
3584 4975 3853 5044 βασιλείας
3884 4982 3977 5033 καὶ

2422 5065 2519 5130 τὰς
2551 5068 2683 5139 πρὸς
2721 5067 2927 5137 δυσμὰς
2957 5066 3100 5136 ήλίου
3130 5067 3278 5138 δῶρα
3308 5064 3385 5133 τῷ
3413 5064 3782 5137 θεσπιζομένῳ
3812 5086 3981 5139 προσ-

2422 5158 2604 5224 οίσειν,
2622 5158 2759 5211 οὕτω
2781 5174 2894 5221 πως
2916 5158 3321 5229 σημαινομένων
3339 5156 3447 5209 τῶν
3468 5156 3569 5208 ὑπὸ
3590 5156 3685 5219 τὰς
3709 5158 3979 5227 βασιλείας

2422 5249 2606 5303 ἐθνῶν.
2640 5250 2861 5321 Μήποτε
2901 5250 2957 5302 δὲ
2999 5253 3091 5304 καὶ
3133 5251 3369 5320 βασιλεῖς
3413 5250 3462 5302 oi
3505 5248 3610 5302 τῶν
3648 5248 3813 5303 ἐθνῶν
3847 5267 3979 5322 προ-

2422 5343 2648 5405 εστῶτες
2667 5342 2882 5411 ἄγγελοι
2900 5342 3177 5413 δηλοῦνται
3191 5342 3469 5412 ἱερωμένοι
3489 5340 3565 5411 τῷ
3578 5338 3695 5409 Θεῷ
3718 5341 3811 5394 καὶ
3830 5340 3977 5409 δῶρα

2426 5436 2781 5505 προσάγοντες
2806 5436 2951 5507 αὑτῷ
2989 5436 3089 5500 τὰς
3132 5432 3448 5504 Ἐκκλησίας
3496 5428 3569 5487 ὧν
3618 5431 3975 5501 καθηγοῦνται

2426 5526 2622 5594 ἐθνῶν;
2656 5530 2729 5581 Δι’
2759 5528 2788 5581 6
2824 5530 2961 5598 ἑξῆς·
2996 5527 3386 5598 προσκυνήσειν
3432 5523 3577 5594 αὑτῷ
3620 5523 3823 5585 πάντας
3852 5522 3977 5584 τοὺς

2428 5618 2663 5689 βασιλεῖς
2686 5620 2945 5682 θεσπίζει.
2982 5619 3054 5671 Ού
3086 5618 3194 5688 γὰρ
3228 5618 3381 5685 μόνον
3417 5614 3721 5687 προσοίσειν
3747 5612 3979 5683 αὺτῷτά

2427 5710 2784 5783 προλεχθὼτα
2840 5709 2982 5762 δῶοά
3040 5726 3223 5779 φησιν.
3269 5709 3402 5763 ἀλλά
3450 5706 3545 5761 καὶ
3587 5706 3979 5775 προσκυνήσειν

2754 5866 2796 5898 ⁸³
2827 5864 2978 5924 Deut.
3023 5883 3189 5935 xxxn,
3214 5866 3245 5921 4
3265 5867 3329 5929 3;
3358 5863 3496 5920 Psal.
3536 5877 3672 5918 xcvi.
3696 5861 3744 5915 7.
