4300 6426
320 515 421 570 809

1431 514 1931 571 COMMENTARIA
1966 517 2031 571 IN
2074 516 2413 573 PSALMOS.

3421 532 3522 583 8H)

247 624 263 635 ’
318 631 479 701 αὐτῷ.
519 633 583 685 Ὃ
605 630 668 703 δὴ
708 632 808 686 ’καὶ
843 629 1081 702 Μωῦσῆς
1113 634 1170 684 ἐν
1220 632 1425 704 μεγάλῃ
1461 633 1570 703 ᾠδῇ
1604 634 1877 687 ἐδίδασκεν
1907 639 1945 694 Α

1830 650 1877 686 εν
1907 639 1953 694 Α
1979 631 2049 687 ei.
2094 654 2111 686 ›
2166 633 2318 700 Quod
2353 648 2483 689 sane
2517 634 2642 689 huic
2671 634 2819 692 dicto
2850 636 3005 693 aliine
3034 648 3116 696 est
3144 660 3155 694 :
3213 662 3230 693 ι
3272 642 3528 704 Dominus

315 724 406 777 ὡδί
451 742 526 795 πη
562 727 687 796 περ).
719 726 952 797 Χριστοῦ
995 725 1195 791 λέγων·
1242 745 1259 776 ι
1295 726 1661 797 Εὐφράνθητε,
1719 726 1874 797 ούρα-

314 820 411 882 νοὶ,
449 818 564 887 ἅμα
596 818 760 888 αύτῷ,
796 821 888 871 καὶ
932 818 1453 889 προσκυνησάτωσαν
1487 816 1632 886 αύτῷ
1674 818 1869 879 πάντες

314 910 525 977 ἄγγελοι
559 909 713 963 Θεοῦ.
756 931 773 963 ι
801 906 955 965 Οὗτοι
983 912 1116 979 δῆτα.
1150 912 1197 962 οἱ
1231 910 1485 978 βασιλεῖς,
1528 912 1749 977 ἀφανεῖς
1777 910 1870 963 καὶ

311 999 527 1069 ἀόρατοι
574 998 680 1052 τῶν
719 999 883 1052 ἐθνῶν
937 999 1213 1070 ἄρχοντες,
1268 998 1737 1067 προσκυνήσαντες
1780 996 1869 1047 τὸν

310 1090 514 1142 ἑαυτῶν
554 1090 773 1161 Κύριον,
816 1089 914 1151 τὰς
946 1091 1036 1142 ὑπ’
1079 1092 1257 1151 αὐτοῖς
1290 1089 1461 1158 ψυχὰς
1508 1086 1653 1157 δῶρα
1708 1104 1874 1157 προσ-

307 1182 439 1249 ῆγον
459 1181 624 1251 αὐτῷ.
654 1182 847 1252 Διόπερ
863 1182 1070 1243 τούτοις
1094 1180 1219 1250 ἑξῆς
1249 1180 1511 1248 συνῆπται
1536 1180 1612 1231 τό·
1643 1200 1658 1229 ι
1690 1178 1873 1231 Πάντα

304 1272 373 1324 τά
424 1272 547 1343 ἔθνη
593 1272 957 1325 δουλεύσουσιν
1010 1272 1173 1341 αύτῷ.
1216 1291 1232 1321 ι
1272 1269 1566 1339 Σύμφωνον
1602 1270 1645 1321 δ’
1680 1270 1744 1321 ἂν
1789 1269 1872 1338 εἴη

304 1362 459 1415 τοῦτο
517 1365 593 1434 τῷ
638 1365 863 1433 φήσαντι
914 1364 1073 1433 λόγῳ·
1116 1381 1133 1412 ι
1173 1354 1373 1428 Κύριος
1419 1359 1535 1412 εἷπε
1586 1361 1717 1429 πρὸς
1763 1359 1887 1429 μέ·¹

304 1450 429 1515 Υἱός
465 1472 565 1523 μου
596 1452 644 1506 εἶ
674 1454 768 1507 σύ·
805 1456 911 1523 ἐγὼ
934 1456 1167 1525 σήμερον
1195 1452 1498 1522 γεγέννηκά
1530 1468 1605 1505 σε.
1633 1452 1861 1519 Αἴτησαι

305 1548 433 1613 παρ’
466 1545 623 1614 ἐμοῦ,
654 1548 749 1599 καὶ
788 1545 941 1598 δώσω
969 1564 1049 1597 σοι
1078 1546 1201 1615 ἔθνη
1228 1545 1323 1614 τὴν
1357 1544 1715 1615 κληρονομίαν
1745 1560 1857 1605 σου,

303 1636 394 1683 καὶ
433 1634 531 1702 τὴν
561 1636 881 1703 κατάσχεσίν
910 1651 1000 1687 σου
1023 1635 1088 1707 τὰ
1118 1635 1326 1705 πέρατα
1357 1634 1457 1701 τῆς
1483 1634 1601 1703 γῆς.
1643 1653 1660 1682 ι
1706 1635 1768 1685 Ὃ
1796 1632 1859 1703 δὴ

302 1724 394 1775 καὶ
444 1726 730 1777 πεπεῖσθαι
764 1727 869 1797 χρὴ
916 1725 1386 1797 πληρωθήσεσθαι,
1418 1727 1491 1777 ὅτ’
1524 1724 1587 1777 ἂν
1625 1724 1684 1776 τὸ
1726 1725 1861 1793 πλη-

305 1830 460 1883 ρωμα
494 1814 597 1865 τῶν
626 1814 791 1868 ἐθνῶν
812 1802 1045 1886 εἰσέλθῃ,
1082 1818 1172 1870 καὶ
1208 1817 1438 1887 μάλιστα
1468 1813 1609 1868 κατά
1636 1815 1733 1884 τὴν
1753 1815 1864 1867 δευ-

1978 723 2113 776 dixit
2142 724 2209 777 ad
2228 720 2354 779 'me:
2381 723 2551 780 Filius
2582 742 2733 783 meus
2754 742 2811 782 es
2838 738 2916 794 tu,
2948 744 3048 799 ego
3080 732 3239 787 hodie
3265 739 3427 804 genui
3454 747 3526 793 te.

1976 814 2196 868 Postula
2256 829 2285 867 a
2330 830 2435 879 me,
2493 824 2545 871 et
2594 817 2733 885 dabo
2782 820 2877 873 tibi
2924 830 3109 891 gentes
3164 823 3527 884 haereditatem

1974 916 2142 967 tuam,
2187 910 2240 959 et
2272 906 2669 974 possessionem
2716 916 2861 961 tuam
2911 911 3372 982 terminostcrrae
3394 918 3459 972 “.
3505 938 3523 971 ι

1972 996 2124 1063 Quod
2179 1010 2309 1049 sane
2354 1003 2669 1051 eventurum
2717 1014 2839 1053 esse
2885 998 3251 1066 credendum,
3310 1008 3528 1073 quando

1975 1086 2252 1158 plenitudo
2281 1086 2519 1155 gentium
2562 1087 2805 1156 ingressa
2858 1086 3041 1152 fuerit,
3078 1092 3417 1163 maximeque
3470 1098 3527 1151 in

1976 1177 2216 1251 secundo
2245 1186 2298 1231 et
2325 1178 2511 1230 divino
2542 1174 2849 1233 Servatoris
2882 1182 3052 1235 nostri
3080 1183 3329 1239 adventu.
3366 1185 3521 1243 Tunc

1975 1283 2163 1322 omnes
2190 1282 2342 1337 reges
2374 1267 2675 1321 adorabunt
2713 1284 2855 1331 eum,
2891 1277 2943 1323 et
2972 1287 3157 1328 onmes
3190 1284 3375 1345 gentes
3403 1292 3521 1331 ser.

1970 1359 2115 1411 vient
2146 1374 2219 1412 Ci...
2257 1378 2276 1407 ‹
2311 1359 2376 1411 Et
2404 1358 2492 1411 hic
2514 1359 2761 1413 omnium
2795 1360 2914 1415 finis
2945 1364 3067 1425 erit,
3094 1378 3213 1419 cum
3242 1368 3526 1424 tradiderit

1968 1446 2193 1517 regnum
2250 1449 2360 1504 Deo
2407 1460 2459 1504 et
2517 1448 2700 1515 Patri,
2750 1468 2868 1505 cum
2934 1453 3261 1511 destruxerit
3309 1474 3521 1515 omnem

1967 1539 2327 1606 principatum
2392 1546 2445 1592 et
2492 1554 2704 1593 omnem
2752 1550 3073 1610 potestatem
3133 1555 3183 1601 et
3244 1550 3519 1605 virtutem.

1966 1627 2188 1697 Oportet
2235 1629 2380 1681 cnim
2430 1644 2551 1686 eum
2598 1644 2844 1698 regnare,
2901 1633 3073 1689 donec
3124 1646 3285 1698 nonat
3332 1655 3521 1696 omnes

1966 1720 2216 1775 inimicos
2250 1720 2350 1773 sub
2395 1718 2623 1788 pedibus
2667 1722 2802 1786 suis,
2853 1733 2906 1777 et
2957 1727 3255 1784 novissima
3302 1733 3523 1789 inimica

1967 1813 2277 1867 destruatur
2310 1827 2455 1868 mors
2477 1814 2543 1866 η.
2588 1834 2606 1864 ι

300 1902 458 1973 τέραν
490 1905 582 1955 τοῦ
615 1906 1043 1977 Σωτῆροςκήμῶν
1074 1907 1407 1975 θεοφάνειαν.
1434 1906 1565 1958 Τότε
1614 1905 1741 1973 γοῦν
1782 1906 1978 1966 πάντες
2016 1906 2064 1956 οἱ
2101 1902 2335 1973 βασιλεῖς
2370 1905 2833 1986 προσκυνήσουσιν
2871 1908 3039 1979 αύτῷ,
3094 1912 3188 1963 καὶ
3228 1914 3403 1968 πάντα
3449 1932 3519 1973 τα

299 1996 423 2067 ἔθνη
451 1995 819 2049 δουλεύσουσιν
853 1998 1019 2067 αὐτῷ.
1061 2017 1078 2047 ι
1127 1999 1234 2050 Καὶ
1261 1998 1416 2049 τοῦτο
1448 1998 1596 2049 ἔσται
1625 1998 1682 2048 τὸ
1719 1996 1934 2049 πάντων
1958 1994 2127 2057 τέλος,
2160 1994 2235 2046 ὅτ’
2276 1993 2341 2046 ἂν
2392 1994 2665 2065 παραδιδῷ
2702 1995 2798 2065 τὴν
2848 1996 3119 2066 βασιλείαν
3151 2001 3226 2071 τῷ
3263 2003 3380 2074 Θεῷ
3426 2006 3519 2061 καὶ

298 2091 491 2162 Πατρὶ,
524 2094 597 2144 ὅτ’
636 2090 700 2143 ἂν
746 2095 1062 2163 καταργήσῃ
1106 2094 1281 2145 πᾶσαν
1332 2091 1503 2162 ἀρχὴν
1576 2092 1669 2143 καὶ
1711 2092 1888 2171 πάσαν
1960 2086 2205 2153 ἐξουσίαν
2265 2087 2358 2163 καί
2406 2087 2652 2158 δύναμιν.
2698 2090 2788 2140 Δεῖ
2841 2089 2948 2163 γὰρ
2992 2090 3513 2171 αὐτὸνδβασιλεύειν,

298 2184 427 2255 ἄχρι
461 2179 519 2237 οὗ
546 2184 609 2254 θῇ
652 2185 855 2246 πάντας
894 2188 1017 2248 τοὺς
1061 2186 1283 2257 ἐχθροὺς
1322 2186 1425 2238 ὑπὸ
1461 2186 1627 2246 πόδας
1667 2168 1853 2247 αὐτ-δῦ,
1893 2183 2118 2255 ἔσχατος
2145 2182 2339 2253 ἐχθρὸς
2368 2186 3031 2253 καταργεῖταιόθάνατος.
3073 2209 3090 2241 ι

372 2317 390 2348 ι
424 2297 545 2351 Ὀτι
580 2300 842 2368 ἐρρύσατο
888 2297 1099 2369 πτωχὸν
1133 2300 1197 2352 ἐκ
1222 2300 1501 2362 δυνάστου,
1536 2300 1628 2352 καὶ
1650 2300 1852 2369 πένητα
1888 2313 1927 2368 Β
2026 2296 2068 2349 ν

1813 2316 1852 2350 τα
1888 2313 1927 2368 Β
2026 2296 2190 2349 Vens.
2225 2295 2311 2349 12.
2352 2314 2370 2347 ι
2395 2295 2532 2362 Quia
2560 2297 2805 2353 liberavit
2825 2313 3114 2370 pauperem
3140 2318 3169 2357 ιι
3200 2281 3435 2373 potenter,
3459 2318 3511 2363 et

295 2382 338 2455 ᾧ
369 2390 467 2458 οὐχ
504 2390 711 2460 ὑπῆρχε
745 2388 993 2460 βοηθός.ι
1041 2389 1184 2443 Ἀντὶ
1222 2390 1334 2442 τοῦ·
1374 2410 1391 2442 ι
1432 2392 1549 2443 Ὅτι
1587 2391 1851 2463 ἐρρύσατο

296 2483 510 2552 πτωχὸν
543 2484 605 2534 ὲκ
628 2483 904 2546 δυνάστου,
945 2504 963 2536 ι
994 2485 1022 2535 ὁ
1049 2484 1360 2554 Σύμμαχος·
1398 2504 1417 2536 ι
1460 2486 1581 2537 Ὅτι
1604 2483 1857 2547 έξελεῖται

296 2572 501 2643 πένητα
559 2573 878 2644 οἰμώζοντα.
920 2595 937 2625 ι
973 2576 1045 2627 Ού
1098 2575 1206 2645 γὰρ
1239 2575 1313 2637 ὡς
1353 2575 1451 2645 ήδη
1494 2573 1854 2643 γεγενημένα,

295 2662 406 2715 ἀλλ’
444 2664 519 2725 ώς
554 2663 811 2732 μέλλοντα
850 2664 1064 2717 ἔσεσθαι
1107 2664 1279 2715 ταῦτα
1323 2664 1582 2727 θεσπίζει.
1620 2664 1759 2733 Ὅρα
1802 2662 1857 2714 δὲ

294 2750 482 2813 ὁσάκις
503 2750 595 2802 τοῦ
622 2750 835 2821 πτωχοῦ
860 2751 1199 2821 μνημονεύει,
1227 2752 1437 2821 πρῶτον
1459 2744 1644 2805 εἰπών·
1676 2771 1691 2802 ι
1724 2750 1856 2821 Κρί-

296 2857 405 2894 νειν
438 2840 526 2893 τὸν
560 2840 685 2894 λαόν
734 2858 825 2894 σου
856 2844 910 2893 ἐν
941 2842 1271 2915 δικαιοσύνῃ,
1305 2844 1397 2895 καὶ
1443 2844 1568 2905 τοὺς
1612 2844 1858 2912 πτωχοὺς

295 2935 350 2986 ὲν
369 2933 566 3004 κρίσει·
591 2932 891 3005 ιδεύτερον,
916 2954 933 2985 ι
963 2936 1151 3006 Κρινεῖ
1181 2937 1304 2998 τοὺς
1332 2936 1577 3005 πτωχοὺς
1598 2935 1689 2989 τοῦ
1706 2934 1853 2999 λαοῦ,

294 3024 387 3077 καὶ
413 3024 574 3078 σώσει
594 3026 718 3088 τοὺς
746 3026 892 3088 υἱοὺς
912 3026 1017 3079 τῶν
1058 3028 1327 3097 πενήτων·
1374 3045 1391 3078 ι
1420 3027 1513 3079 καὶ
1542 3024 1636 3079 νῦν
1666 3026 1854 3079 πάλιν·

299 3135 318 3167 ι
355 3118 476 3171 Ὅτι
515 3116 781 3187 ἐρρύσατο
822 3117 1031 3189 πτωχὸν
1071 3120 1133 3171 ἐκ
1162 3118 1419 3172 δυνάστου
1447 3118 1539 3172 καὶ
1574 3120 1780 3188 πένητα
1813 3113 1857 3187 ᾧ

293 3209 389 3280 οὐχ
410 3210 621 3281 ὑπῆρχε
639 3209 846 3281 βοηθός·
861 3231 879 3263 ι
899 3194 991 3264 καὶ
1006 3208 1179 3274 αὖθις·
1204 3231 1221 3263 ι
1248 3212 1492 3265 Φείσεται
1519 3212 1731 3283 πτωχοῦ
1764 3215 1857 3266 καὶ⁵

295 3300 543 3369 πένητος,
576 3301 666 3353 καὶ
700 3300 873 3370 ψυχὰς
914 3306 1159 3372 πενήτων
1204 3303 1381 3357 σώσει.
1426 3324 1443 3356 ι
1477 3299 1641 3373 Οἶμαι
1683 3303 1739 3357 δὲ
1771 3304 1857 3357 διά

292 3395 493 3446 τούτων
525 3394 776 3446 ἁπάντων
820 3395 1065 3464 πτωχοὺς
1096 3400 1187 3447 καὶ
1234 3396 1467 3466 πένητας
1511 3396 1692 3449 καλεῖν
1730 3396 1858 3459 τοὺς

292 3483 618 3546 ἀποστόλους
644 3487 737 3537 καὶ
763 3485 886 3547 τοὺς
917 3484 1161 3555 μαθητὰς
1182 3486 1275 3537 τοῦ
1300 3487 1546 3556 Σωτῆρος
1578 3484 1751 3556 ἡμῶν,
1779 3486 1849 3550 οἳ,

293 3569 388 3641 τὴν
420 3570 486 3623 δι’
514 3571 672 3624 αὐτὸν
716 3573 983 3641 πτωχείαν
1028 3573 1389 3643 ἀνειληφότες,
1423 3575 1520 3644 τὴν
1567 3576 1646 3637 εις
1686 3576 1852 3646 ἄκρον

294 3662 491 3732 ἀρετῆς
522 3661 841 3714 ἐλαύνουσαν
869 3661 1179 3733 κατώρθουν
1209 3662 1550 3733 φιλοσοφίαν·
1584 3664 1649 3718 δι’
1672 3664 1699 3716 ὃ
1726 3666 1851 3735 περὶ

290 3740 467 3805 αὐτῶν
509 3753 732 3816 Ἡσαΐας
770 3754 865 3824 μὲν
905 3753 1270 3823 προανεφὼνει
1310 3754 1481 3822 λέγων
1504 3770 1517 3783 ·
1554 3772 1571 3805 ι
1608 3754 1848 3823 Εύαγγε-

272 3841 532 3909 ’λίσασθαι
584 3846 815 3913 πτωχοῖς
854 3843 1157 3896 ἀπέσταλκέ
1194 3860 1277 3913 με.
1321 3862 1340 3894 ι
1385 3843 1567 3906 Ἀυτδς
1590 3844 1644 3896 δὲ
1676 3846 1703 3896 ὁ
1734 3845 1846 3897 Σω-

288 3934 413 4006 τὴρ,
446 3935 628 3998 αὐτοῖς
657 3933 1018 4005 προσομιλῶν,
1052 3934 1199 4002 ἔλεγε
1220 3952 1231 3965 ·
1273 3952 1291 3985 ι
1332 3935 1606 4006 Μακάριοι
1630 3937 1677 3987 οί
1701 3952 1847 3988 πτω-

291 4025 393 4094 χοὶ,
410 4026 491 4079 ὅτι
516 4026 693 4080 αὐτῶν
721 4029 863 4080 ἐστιν
885 4028 918 4097 ἡ
948 4026 1187 4097 βασιλεία
1206 4026 1314 4079 τῶν
1332 4026 1593 4097 οὐρανῶν.
1618 4028 1798 4081 Πάντα
1822 4046 1840 4077 ι

290 4112 380 4171 οὖν
406 4135 425 4167 r
464 4117 531 4170 τά
560 4106 683 4188 ἔθνη
708 4118 1079 4171 δουλεύσουσιν
1107 4116 1270 4187 αὐτῷ,
1293 4119 1372 4170 ὅτι
1406 4119 1672 4189 ἐρρύσατο
1700 4136 1845 4172 πτω-

290 4209 380 4279 χὸν
413 4208 479 4261 ὲκ
507 4208 784 4281 δυνάστου,
814 4210 919 4262 καῖ
939 4209 1143 4279 πένητα
1168 4203 1211 4277 ᾧ
1233 4208 1329 4277 οὐχ
1360 4208 1567 4280 ὑπῆρχε
1591 4208 1795 4280 βοηθός.
1820 4230 1838 4263 ι

291 4304 361 4356 Τὸ
396 4304 524 4375 γὰρ,
556 4321 573 4354 ι
606 4304 705 4367 ὅτι,
738 4322 758 4355 ι
794 4302 944 4375 παρά
971 4303 1102 4356 πᾶσι
1143 4305 1252 4365 τοῖς
1284 4304 1641 4373 έρμηνευταῖς
1673 4300 1764 4355 καὶ
1787 4303 1846 4355 ἐν

290 4395 425 4466 αὐτῇ
472 4396 538 4466 τῇ
572 4404 575 4407 ’
608 4394 861 4465 Ἐὃραῖκῇ
906 4396 1084 4465 γραφῇ
1161 4394 1441 4465 κείμενον,
1491 4394 1845 4463 αἰτιολογικὸν

289 4485 562 4557 τυγχάνει,
600 4484 840 4538 διδάσκον
886 4487 1031 4547 ὅπως
1067 4485 1242 4538 πάντα
1273 4485 1341 4538 τά
1376 4485 1500 4557 ἔθνη
1543 4486 1844 4540 δουλεύσειν

290 4579 487 4651 {nunc
538 4578 616 4649 τῷ
653 4579 878 4648 Σωτῆρι.
934 4578 1102 4630 Τοῦτο
1154 4578 1280 4649 γὰρ,
1334 4579 1483 4649 φησι,
1538 4580 1840 4650 γενήσεται,

296 4690 315 4724 ι
348 4672 531 4743 ἐπειδὴ
568 4670 782 4743 ῥύσεται
824 4669 1033 4739 πτωχὸν
1066 4672 1129 4723 ὲκ
1166 4670 1423 4725 δυνάστου
1444 4690 1457 4703 ·
1493 4691 1511 4723 ι
1544 4671 1620 4734 ὡς
1664 4673 1711 4723 εί
1751 4688 1844 4725 σα-

290 4762 545 4835 φέστερον
560 4761 760 4830 ἔλεγεν·
777 4763 898 4814 Ὅτι
918 4760 1024 4814 τῶν
1051 4763 1356 4817 ἀποστόλων
1370 4760 1533 4814 αὑτοῦ
1552 4762 1613 4814 τὸ
1636 4762 1839 4833 τάγμα,

286 4852 393 4906 τῶν
412 4854 480 4907 δι’
498 4854 657 4908 αὐτὸν
684 4852 910 4923 πτωχῶν
940 4852 1034 4906 καὶ
1053 4857 1314 4925 πενήτων,
1331 4854 1549 4922 ῥύσεται
1570 4852 1678 4905 ἀπὸ
1708 4868 1841 4905 παν-

286 4944 375 5006 τὸς
398 4944 679 4999 δυνάστου.
712 4943 925 4998 Πολλῶν
956 4945 1065 5015 γὰρ
1106 4943 1379 4999 δυναστῶν
1413 4938 1621 5015 ὁρατῶν
1656 4960 1715 4996 τε
1749 4944 1842 4996 καὶ

288 5034 508 5102 ἀφανῶν
533 5037 917 5109 ἀντικειμένων
944 5036 1037 5092 καὶ
1062 5038 1498 5108 ἐπανισταμένων
1523 5034 1731 5099 τούτοις
1752 5036 1842 5109 αύ-
1875 5064 1918 5118 D

287 5127 397 5186 τοῖς
422 5126 533 5188 τοῖς
551 5132 782 5198 πτωχοῖς
806 5128 900 5183 καὶ
929 5131 1041 5192 τοῖς
1064 5128 1306 5199 πένησιν,
1335 5128 1512 5189 αὐτὸς,
1544 5127 1737 5193 ἀφανεῖ
1754 5127 1843 5178 δυ-

289 5214 449 5287 νάμει
480 5217 826 5286 προασπίζων
849 5220 1046 5284 αὐτῶν,
1073 5222 1136 5274 ἐκ
1156 5220 1368 5274 πάντων
1382 5217 1573 5279 αὐτοὺς
1603 5215 1841 5288 ῥύσεται,

291 5308 423 5380 πρὸς
453 5306 623 5379 τὸ·μὴ
657 5308 959 5381 κωλυθῆναι
988 5314 1087 5384 τὴν
1125 5314 1191 5367 δι’
1222 5312 1398 5367 αὐτῶν
1428 5308 1842 5379 ἐπιτελουμένην

289 5399 381 5455 τοῦ
411 5397 759 5466 εὐαγγελιωῦ
798 5394 1143 5474 κηρύγματος
1181 5404 1495 5476 ὑπηρεσίαν.
1542 5401 1649 5453 Καὶ
1683 5400 1841 5454 τοῦτο

292 5489 485 5565 πράξει
517 5488 688 5543 συνὼν
720 5490 919 5563 αὐτοῖς,
960 5493 1076 5547 καθ’
1098 5496 1166 5566 ἢν
1196 5498 1473 5565 ποιήσεται
1495 5492 1627 5563 πρὸς
1647 5492 1841 5556 αὐτοὺς

292 5583 616 5654 δπαγγελίαν
644 5583 851 5652 φήσας·
887 5604 905 5635 ι
956 5586 1086 5639 Ἰδοὺ
1120 5588 1231 5655 ἐγὼ
1264 5589 1380 5659 μεθ’
1415 5584 1567 5655 ὑμῶν
1590 5587 1705 5655 εἰμι
1738 5585 1844 5637 πά-

293 5692 392 5740 σας
410 5674 507 5738 τὰς
524 5678 558 5745 ἡ
567 5674 628 5745 μέ
636 5689 734 5745 ρας
756 5674 859 5737 ἕως
880 5675 978 5746 τῆς
1006 5678 1310 5742 συντελείας
1330 5664 1422 5731 τοῦ
1442 5675 1652 5737 αἰῶνος.
1690 5694 1707 5726 ι
1741 5675 1842 5729 Οὔ-

291 5780 400 5826 τως
429 5759 520 5819 οὖν
551 5765 644 5821 καὶ
688 5763 935 5833 ἐφείσατο
960 5763 1172 5833 πτωχοῦ
1206 5766 1297 5819 καὶ
1332 5765 1575 5837 πένητος,
1609 5762 1702 5816 καὶ
1741 5761 1845 5832 diu;

1958 2404 2244 2461 pauperem
2271 2390 2360 2444 cui
2385 2406 2493 2445 non
2526 2395 2641 2445 erat
2675 2392 2909 2461 adjutor.
2948 2413 2964 2445 ι
3005 2393 3109 2449 Pro
3142 2397 3234 2451 illo
3262 2417 3273 2452 :
3317 2418 3337 2450 ‹
3376 2398 3513 2465 Quia

1958 2477 2207 2532 liberavit
2233 2493 2519 2548 pauperem
2541 2494 2570 2533 a
2593 2487 2832 2549 potente,
2856 2502 2875 2533 ι
2898 2481 3257 2554 Symmachus
3280 2508 3291 2542 :
3328 2508 3346 2541 ι
3377 2488 3513 2556 Quia

1955 2566 2146 2635 eripiet
2191 2581 2482 2637 pauperem
2533 2569 2847 2638 eiulantem.
2906 2592 2923 2623 ι
2986 2573 3109 2629 Haec
3157 2561 3354 2648 quippe
3403 2596 3513 2637 non

1956 2659 2113 2727 quasi
2167 2658 2278 2727 jam
2329 2660 2628 2723 evenerint,
2684 2662 2782 2715 sed
2826 2671 2884 2717 ut
2933 2664 3113 2720 futura
3166 2671 3508 2729 vaticinatur.

1955 2749 2371 2804 Animadvertas
2410 2750 2571 2805 velim
2620 2752 2831 2819 quoties
2873 2768 3166 2824 pauperem
3204 2770 3509 2831 memoret;

1956 2840 2131 2909 primo
2148 2854 2271 2893 cum
2302 2841 2414 2895 ait:
2442 2859 2459 2891 ι
2496 2837 2745 2895 Judicare
2789 2844 3046 2911 populum
3076 2855 3227 2901 tuum
3259 2850 3315 2903 in
3339 2850 3508 2920 justi-

1958 2932 2051 2994 tia,
2086 2938 2139 2985 et
2167 2945 2432 3001 pauperes
2460 2942 2581 2987 tuos
2610 2932 2665 2984 in
2693 2932 2941 3001 judicio;
2984 2954 3003 2986 ι
3036 2937 3311 2993 secundo:
3346 2958 3365 2992 ι
3412 2940 3511 2997 Ju-

1956 3021 2157 3077 dicabit
2180 3036 2442 3091 pauperes
2480 3021 2685 3091 pepuli,
2708 3028 2777 3076 -et
2815 3023 2994 3080 salvos
3023 3023 3181 3081 faciet
3208 3026 3346 3083 filios
3376 3044 3509 3099 pau-

1956 3109 2180 3184 perum;
2215 3132 2237 3165 ›
2259 3121 2312 3168 et
2344 3129 2488 3196 nunc
2520 3114 2714 3168 iterum
2744 3134 2761 3168 :
2801 3134 2818 3166 ι
2863 3115 3001 3183 Quia
3033 3119 3277 3176 liberavit
3310 3139 3510 3195 paupea

1956 3221 2069 3261 rem
2100 3220 2131 3260 a
2152 3213 2389 3275 potente,
2410 3214 2464 3261 et
2495 3221 2784 3276 pauperem
2807 3209 2893 3262 cui
2924 3224 3030 3264 non
3058 3221 3176 3266 erat
3208 3214 3451 3285 adjutor;
3484 3234 3504 3268 ι

1956 3315 2020 3354 ac
2050 3314 2266 3353 rursum
2300 3316 2371 3353 τι
2425 3295 2615 3355 Parcet
2638 3302 2861 3371 pauperi
2891 3310 2944 3357 et
2976 3304 3159 3374 inopi,
3210 3316 3264 3364 et
3301 3309 3510 3365 animas

1940 3399 2255 3460 pauperum
2283 3388 2462 3443 salvas
2489 3388 2671 3445 faciet.
2706 3408 2725 3441 ι
2758 3391 3007 3445 Arbitror
3032 3407 3195 3463 porro
3217 3396 3303 3451 his
3332 3402 3511 3453 omni-

1945 3481 2057 3546 bus
2089 3479 2143 3533 in
2175 3480 2309 3534 locis
2340 3478 2517 3549 ipsum
2547 3485 2828 3550 apostolos
2854 3489 2907 3537 et
2934 3483 3226 3554 discipulos
3254 3486 3509 3545 Servate-

1956 3570 2033 3624 ris
2069 3571 2261 3638 nostri,
2293 3585 2557 3640 pauperes
2590 3578 2644 3625 et
2687 3572 2876 3643 inopes
2900 3586 3112 3637 vocare,
3155 3577 3248 3645 qui
3287 3588 3508 3649 propter

1953 3661 2131 3730 ipsum
2168 3671 2536 3732 paupertatem
2572 3664 2884 3728 subeuntes,
2915 3662 3306 3733 philosophiam
3356 3670 3503 3725 illam

1958 3753 2025 3805 ad
2062 3753 2281 3808 virtutis
2320 3752 2593 3823 fastigium
2624 3753 2937 3808 evehentem
2988 3754 3253 3812 colebant.
3306 3756 3507 3825 Quam-

1953 3843 2139 3897 obrem
2168 3843 2281 3897 haec
2322 3844 2390 3897 de
2435 3844 2541 3899 illis
2594 3842 2763 3899 Isaias
2804 3846 3240 3914 praenuntiabat:
3280 3867 3299 3900 ι
3334 3849 3505 3906 Evan-

1952 3933 2182 4003 gelizare
2221 3930 2551 4003 pauperibus
2592 3933 2741 3988 misit
2767 3948 2852 3988 me
2873 3934 2939 3989 ⁸⁸.
2978 3954 2997 3986 ι
3025 3934 3144 4004 Ipse
3170 3954 3295 3994 vero
3321 3938 3504 3997 Domi-

1952 4040 2058 4080 nus
2088 4038 2181 4079 eos
2209 4024 2489 4095 alloquens
2522 4024 2731 4079 dicebat
2766 4044 2779 4080 :
2816 4044 2835 4077 ι
2868 4024 3017 4081 Beati
3056 4037 3339 4098 pauperes,
3367 4048 3504 4103 quo-

1951 4116 2096 4169 niam
2128 4116 2369 4186 ipsorum
2420 4123 2507 4171 est
2560 4131 2783 4186 regnum
2826 4119 3173 4174 ctelorum".
3237 4121 3436 4178 Omnes
3473 4142 3495 4177 ι

1951 4221 2080 4279 ergo
2113 4216 2340 4278 egentes
2366 4208 2603 4263 servient
2618 4209 2689 4277 ei,
2724 4209 2852 4279 quia
2883 4211 3436 4285 iiberavitpauperem
3467 4231 3500 4270 a

1950 4304 2190 4368 potente,
2225 4307 2278 4354 et
2308 4313 2599 4371 pauperem
2628 4300 2716 4355 cui
2750 4315 2859 4356 non
2888 4308 3004 4356 erat
3036 4301 3271 4371 adjutor.
3310 4316 3332 4355 ι
3362 4301 3498 4357 Nam

1953 4389 2107 4455 illud,
2144 4409 2164 4443 ι
2200 4392 2351 4461 quia,
2388 4410 2407 4444 ι
2440 4390 2581 4462 apud
2611 4406 2798 4447 omnes
2832 4393 3171 4462 interpretes,
3204 4401 3259 4450 et
3296 4395 3326 4448 i:
3384 4396 3498 4464 ipsa

1951 4481 2213 4539 Hebraica
2268 4483 2535 4553 scriptura
2602 4483 2834 4552 positum
2860 4521 2877 4546 ,
2950 4497 3166 4537 causam
3231 4481 3493 4548 denotat,

1949 4575 2151 4632 docens
2182 4590 2281 4629 cur
2326 4574 2567 4630 futurum
2612 4575 2683 4628 sit
2709 4584 2767 4629 ut
2813 4588 2999 4629 omnes
3031 4582 3215 4643 gentes
3260 4574 3496 4630 serviant

1952 4664 2267 4732 Servatori;
2303 4664 2355 4719 id
2383 4678 2614 4732 namque
2647 4662 2757 4729 ﬁet,
2806 4662 3001 4732 inquit,
3040 4680 3060 4715 ι
3091 4665 3215 4733 quia
3246 4664 3495 4720 liberavit

1949 4767 2237 4825 pauperem
2271 4766 2303 4805 a
2330 4756 2588 4822 potente;
2624 4768 2643 4799 ι
2677 4763 2739 4803 ac
2769 4748 2816 4804 si
2842 4748 3043 4804 clarius
3086 4749 3292 4805 diceret
3319 4767 3331 4803 :
3356 4748 3494 4817 Quia

1949 4846 2315 4917 apostolorum
2357 4856 2603 4903 suorum,
2635 4842 2727 4911 qui
2758 4845 2977 4913 propter
3026 4843 3200 4914 ipsum
3234 4856 3493 4913 pauperes

1947 4942 2001 4991 et
2033 4935 2221 5004 inopes
2242 4939 2420 4995 erant,
2447 4931 2693 4986 ordinem
2716 4930 2966 4987 liberabit
2988 4933 3055 4987 ab
3077 4932 3224 4987 omni
3256 4938 3488 5001 potente.

1947 5026 2081 5083 Cum
2114 5022 2271 5078 multi
2320 5012 2473 5078 enim
2511 5031 2759 5094 potentes
2796 5024 3038 5080 visibiles
3095 5031 3150 5077 et
3197 5014 3492 5077 invisibiles

1950 5118 2231 5173 adversum
2246 5115 2367 5171 illos
2383 5130 2647 5187 pauperes
2661 5123 2713 5171 et
2729 5115 2915 5186 inopes
2943 5115 3243 5185 insurgent.
3274 5110 3491 5167 eosdem

1951 5211 2065 5279 ipse
2099 5208 2311 5264 occulta
2330 5208 2532 5264 virtute
2559 5215 2822 5278 proteget,
2838 5221 3011 5277 exque
3036 5204 3286 5261 omnibus
3303 5202 3472 5257 libera

1948 5303 2047 5366 hit,
2079 5310 2137 5355 ut
2164 5315 2234 5356 ne
2260 5300 2403 5371 quod
2435 5301 2540 5371 ipsi
2569 5302 2776 5358 .oheunt
2805 5298 3125 5371 evangelica
3153 5292 3489 5367 praedicatio-

1945 5395 2031 5450 nis
2061 5393 2420 5448 ministerium
2454 5378 2832 5463 prapediatur.
2876 5389 3044 5459 idque
3088 5387 3205 5457 ipse
3248 5399 3488 5455 praesens

1946 5486 2155 5551 eﬂiciet,
2186 5488 2484 5542 secundum
2516 5486 2582 5540 ab
2607 5498 2665 5539 se
2696 5480 3011 5538 tradendam
3057 5478 3486 5550 promissionem,

1948 5593 2052 5653 qua
2082 5578 2214 5633 dicit
2242 5596 2255 5631 :
2296 5596 2317 5631 ι
2352 5578 2489 5635 Ecce
2515 5592 2615 5650 ego
2640 5564 2919 5632 vobiscum
2947 5587 3067 5629 sum
3097 5571 3346 5626 omnibus
3375 5568 3491 5625 die-

1947 5671 2050 5737 bus
2097 5683 2270 5738 usque
2312 5670 2381 5725 ad
2435 5666 2953 5727 consummationem
2998 5661 3269 5733 cecidi“.
3323 5681 3342 5716 ι
3398 5659 3491 5725 Sic

1948 5762 2129 5864 itaque
2156 5764 2397 5834 pepercit
2429 5760 2652 5835 pauperi
2682 5766 2736 5814 et
2764 5758 2927 5829 inopi,
2959 5769 3012 5812 et
3047 5758 3262 5815 animas
3291 5770 3491 5828 paupe-

366 5920 577 5979 “Psai.
610 5925 669 5987 ii,
696 5923 749 5986 7,
775 5922 827 5976 8.
904 5922 948 5953 “
982 5920 1149 5978 lCor.
1175 5937 1265 5985 xv,
1300 5918 1478 5977 uss.
1554 5920 1597 5952 "
1637 5918 1741 5977 lsa.
1772 5932 1861 5973 ut
1897 5918 1946 5985 l,
2023 5917 2064 5950 "

1454 5925 1478 5976 ι.
1554 5920 1597 5952 ⁵⁸
1637 5918 1741 5977 lsa.
1772 5932 1861 5973 ut
1897 5918 1946 5985 l,
2023 5917 2066 5950 "
2094 5916 2280 5973 Matth.
2310 5934 2361 5987 v,
2400 5918 2451 5972 ὅ.
2530 5882 2782 5971 δίΜιιιιῑι.
2824 5928 3011 5981 xum,
3041 5910 3131 5966 20.

603 6017 881 6079 Parnou
928 6017 1044 6077 Gn.
1123 6013 1359 6076 XXIII.

3099 6000 3179 6063 ,ε
3208 6026 3211 6029 _
