4300 6410
789 512 884 566 8H

1450 512 1715 568 EUSEBII
1753 509 2230 568 CESARIENSIS
2267 509 2418 567 OPP.
2459 510 2637 566 PARS
2672 513 2756 568 Ill.
2797 544 2866 556 —-
2890 514 3292 572 EXEGETICA.

3894 517 3997 571 8l2

784 648 902 686 rum
920 633 1095 688 salvas
1114 632 1237 688 fecit
1263 655 1272 687 :
1298 635 1520 705 haecque
1531 638 1709 690 omnia
1731 635 2011 702 discipulis
2027 641 2073 688 et
2091 634 2347 697 apostolis
2377 639 2422 696 Λ
2449 653 2480 702 χ

2377 639 2422 696 Α
2449 649 2548 702 χας
2604 644 2843 705 πενήτων
2895 637 3093 689 ἔσωσε·
3131 654 3222 688 και
3270 634 3440 687 ταῦτα
3487 635 3663 688 πάντα
3697 638 3807 698 τοῖς
3835 636 3996 688 αὐτοῦ
4051 632 4073 644 ’

786 728 899 783 suis
919 725 1165 796 praebuit,
1181 727 1305 781 utin
1321 743 1534 781 omnem
1559 736 1755 780 terram
1773 735 1943 780 exiret
1961 741 2129 780 sonus
2153 741 2340 781 eorum

784 819 923 871 etin
962 817 1094 872 fines
1119 818 1267 872 orbis
1321 830 1477 872 terrae
1528 819 1690 876 verba
1731 833 1936 872 eorum.
1978 819 2181 871 Horum
2216 834 2342 873 vero

783 926 1077 980 pauperum
1101 920 1156 967 et
1181 913 1399 979 inopum
1434 912 1642 964 animas
1666 926 1728 964 ex
1761 911 1944 965 usuris
1974 919 2027 964 ct
2059 911 2341 981 iniquitate

784 1002 1030 1064 redemit,
1085 1009 1145 1055 ut
1192 1001 1392 1054 nemini
1441 1001 1715 1070 quidpiam
1764 1000 2040 1055 deberent.
2090 999 2242 1066 Quod
2293 1002 2339 1055 si

781 1093 1104 1163 quandoque
1149 1092 1306 1146 fenus
1344 1091 1682 1160 acceperint,
1717 1091 1790 1144 ita
1840 1098 1898 1144 ut
1940 1099 2182 1145 veterum
2214 1105 2339 1160 pec-

708 1210 713 1217 -
782 1193 1024 1237 calorum
1063 1184 1141 1238 rei
1181 1184 1487 1248 exsistant;
1532 1192 1585 1236 at
1638 1183 1755 1251 ipse
1800 1181 2041 1251 pretioso
2075 1183 2339 1251 sanguine

780 1289 877 1342 pro
911 1274 1018 1327 illis
1066 1273 1266 1326 tradito
1301 1273 1528 1326 redemit
1561 1273 1768 1326 animas
1808 1287 1994 1326 eorum
2024 1292 2037 1326 :
2083 1272 2226 1326 unde
2257 1272 2339 1325 di-

780 1365 940 1418 vinus
983 1362 1273 1432 Apostolus
1312 1363 1424 1417 haec
1457 1362 1637 1418 docuit
1667 1379 1680 1416 :
1719 1381 1735 1412 ι
1776 1363 2026 1417 Christus
2058 1378 2157 1417 nos
2183 1363 2338 1418 rede-

779 1453 879 1505 mit
909 1451 976 1504 de
1027 1453 1314 1506 maledicto
1341 1453 1495 1522 legis,
1550 1453 1725 1507 factus
1777 1467 1875 1521 pro
1907 1452 2062 1507 nobis
2115 1454 2339 1508 maledi-

779 1549 927 1595 ctum
951 1543 1014 1596 ι’.
1063 1562 1081 1594 ι
1119 1541 1250 1596 Nam
1286 1544 1411 1612 quia
1447 1544 1720 1597 debitores
1749 1550 1904 1598 erant
1931 1544 2033 1613 legi
2065 1543 2253 1614 Moysi,
2283 1551 2338 1599 et

779 1647 897 1700 quae
950 1633 1153 1701 scripto
1207 1632 1403 1686 tradita
1460 1640 1589 1688 sunt
1636 1649 1743 1689 non
1801 1635 2174 1704 impleverant,
2234 1623 2336 1690 sub

775 1723 1060 1778 maledicto
1087 1722 1279 1778 deinde
1303 1733 1475 1788 erant,
1517 1725 1659 1794 quod
1685 1740 1792 1778 non
1822 1733 1991 1779 totam
2025 1726 2193 1792 legem
2221 1740 2336 1779 ser-

773 1820 1014 1868 vassent.
1040 1811 1309 1883 Scriptum
1331 1814 1529 1882 quippe
1558 1824 1708 1867 erat:
1742 1831 1760 1864 ι
1808 1812 2125 1868 Maledict‘us
2159 1813 2336 1867 omnis

773 1906 865 1973 qui
907 1920 1016 1962 non
1057 1905 1295 1959 manebit
1336 1906 1390 1959 in
1427 1905 1681 1960 omnibus
1717 1920 1837 1972 qua:
1875 1905 2078 1973 scripta
2118 1913 2244 1957 sunt
2277 1905 2332 1957 in

773 1995 916 2048 libro
939 1994 1093 2064 legis,
1129 2001 1188 2047 ut
1242 1993 1406 2047 faciat
1455 1993 1606 2046 ea".
1649 2013 1665 2044 ι
1707 1989 1899 2047 Merito
1943 2003 2156 2061 ereptos
2208 1995 2330 2047 illos

772 2100 839 2138 ex
879 2085 969 2138 tali
998 2083 1401 2146 maledictione,
1436 2099 1502 2137 ex
1543 2085 1727 2139 usuris
1762 2091 1814 2139 et
1846 2084 2131 2152 iniquitate
2174 2085 2328 2138 rede-

704 2171 707 2175 ’
774 2179 892 2237 mit,
926 2176 1100 2230 factus
1121 2175 1342 2244 proillis
1375 2152 2081 2245 maledictumztraditoque
2110 2192 2325 2230 eorum-

771 2269 891 2322 «lem
941 2267 1114 2336 gratia
1158 2267 1394 2336 pretioso
1437 2270 1722 2338 sanguine,
1771 2270 1851 2325 sic
1909 2270 2010 2324 sibi
2061 2270 2328 2338 pretiosos

771 2357 968 2412 effecit.
1005 2357 1182 2423 Quare
1213 2359 1315 2414 sub
1333 2350 1458 2412 haec
1496 2359 1717 2425 dicitur,
1755 2379 1773 2411 ‹
1807 2359 1874 2414 Ει
1908 2362 2204 2430 pretiosum
2229 2377 2330 2416 no-

772 2456 898 2501 men”
943 2463 1129 2502 eorum
1172 2464 1353 2504 coram
1382 2451 1511 2516 illo;
1551 2470 1569 2502 ι
1614 2450 1734 2505 ideo
1768 2451 1890 2506 illos
1947 2453 2025 2506 sic
2060 2453 2328 2507 allocutus

771 2539 1029 2594 scribitur
1062 2560 1073 2596 :
1112 2559 1130 2592 ι
1165 2540 1339 2597 Nolite
1371 2543 1602 2613 gaudere
1636 2545 1888 2613 quoniam
1908 2543 2168 2598 daemonia
2199 2545 2328 2598 sub-

768 2630 1033 2699 jiciuntur
1063 2632 1220 2688 vobis
1255 2652 1267 2687 ε
1302 2634 1529 2703 gaudete
1573 2643 1752 2690 autem
1803 2644 1857 2690 et
1891 2635 2157 2690 exsultate
2201 2638 2327 2704 quia

709 2797 712 2799 _
767 2725 987 2778 nomina
1021 2733 1198 2779 vestra
1236 2725 1434 2795 scripta
1457 2734 1590 2781 sunt
1614 2727 1668 2782 in
1699 2727 1931 2782 caelis“.
1965 2747 1984 2778 ι
2017 2727 2127 2782 Cur
2147 2735 2325 2781 autem

767 2831 966 2870 nomen
993 2831 1178 2871 eorum
1217 2818 1513 2886 pretiosum
1559 2826 1674 2873 erat
1705 2833 1888 2873 coram
1923 2819 2035 2883 illo,
2062 2820 2168 2874 nisi
2197 2820 2323 2888 quia

768 2908 884 2975 ipse
916 2908 1138 2962 nomina
1185 2907 1291 2962 illis
1333 2908 1517 2962 indere
1557 2908 1812 2986 dignatus
1861 2917 1965 2973 est,
2019 2909 2321 2973 Simonem,

770 2998 990 3052 Petrum
1045 3013 1401 3068 nuncupans;
1458 2999 1757 3064 Thomam,
1809 3001 2129 3070 Didymum;
2184 3002 2325 3056 filios

768 3087 1034 3152 Zebedei,
1069 3088 1396 3160 Boanerges,
1426 3089 1568 3159 quod
1602 3091 1906 3160 explicatur
1937 3094 2038 3161 ﬁlii
2061 3094 2324 3148 tonitrui?

767 3178 881 3234 lmo
915 3193 1042 3234 vero
1070 3180 1364 3236 universim
1397 3182 1637 3235 omnium
1665 3196 1858 3237 nomen
1888 3184 2186 3251 pretiosum
2208 3191 2326 3239 erat

769 3280 952 3319 coram
985 3267 1098 3320 illo.
1133 3264 1298 3337 quue
1329 3268 1600 3339 significat
1630 3269 1909 3341 Evangelii
1940 3263 2320 3342 scriptura'di-
2349 3299 2392 3356 ο

768 3373 936 3412 ceno:
975 3375 994 3409 ‹
1024 3357 1132 3413 Hos
1160 3358 1456 3436 duodecim‘
1479 3361 1640 3432 elegit
1667 3360 1847 3426 Jesus,
1879 3379 2016 3433 quos
2048 3365 2322 3433 apostolos

769 3451 1068 3505 nominavit
1089 3450 1157 3506 ⁸³.
1204 3470 1221 3503 ι
1259 3451 1365 3507 Pro
1400 3453 1490 3508 illo
1522 3463 1724 3521 autem,
1761 3472 1780 3506 ι
1820 3471 2018 3511 nomen
2054 3473 2262 3523 eorum,
2299 3478 2317 3510 ι

766 3539 1030 3596 Hebraica
1053 3542 1347 3612 scriptura,
1383 3562 1400 3594 ι
1425 3536 1648 3616 sanguis
1690 3562 1898 3613 eorum,
1931 3567 1949 3599 ›
1975 3548 2318 3618 circumfert;

769 3640 932 3700 atque
962 3631 1157 3702 reliqui
1186 3631 1265 3687 sie
1297 3632 1636 3702 interpretati
1673 3644 1818 3699 sunt,
1848 3638 2041 3706 Aquila
2074 3641 2280 3696 scilicet
2306 3660 2317 3695 :

773 3740 790 3770 ι
827 3720 891 3775 Et
923 3721 1282 3802 honorabitur
1310 3724 1532 3795 sanguis
1574 3740 1762 3781 eorum
1795 3728 1849 3782 in
1900 3730 2073 3785 oculis
2110 3732 2262 3802 ejrz;
2297 3753 2315 3784 ι

768 3812 1122 3884 Symmachus
1149 3830 1277 3871 vero
1301 3835 1313 3870 :
1345 3834 1362 3867 ι
1388 3815 1453 3871 Ει
1478 3820 1747 3889 pretiosus
1759 3823 1863 3876 erit
1887 3824 2106 3893 sanguis
2132 3840 2320 3885 eorum

763 3919 948 3960 coram
979 3905 1089 3962 illo.
1120 3925 1140 3958 ›
1167 3905 1331 3973 Quei's
1360 3917 1545 3978 aperte
1593 3926 1781 3966 necem
1822 3914 2035 3968 illorum
2071 3917 2324 3971 subindi-

763 3995 927 4059 cavit,
978 4010 1084 4064 qua
1131 3997 1332 4068 singuli
1391 4000 1542 4054 vario
1596 4004 1843 4072 martyrii
1894 4020 2090 4075 genere
2143 4006 2320 4062 affecti

765 4095 913 4151 sunt,
944 4101 1008 4141 ac
1055 4087 1194 4144 alius
1239 4091 1347 4145 alio
1384 4092 1546 4146 modo
1594 4094 1664 4148 ob
1712 4096 2084 4151 testimonium
2129 4098 2195 4152 de
2230 4100 2321 4154 illo

763 4181 949 4235 (latum
981 4181 1265 4249 sanguinis
1291 4196 1518 4252 agonem
1559 4183 1760 4251 subiit;
1796 4188 1868 4242 ita
1893 4198 1953 4242 ut
1992 4189 2057 4245 de
2093 4190 2200 4246 illis
2234 4192 2322 4246 di-

764 4281 919 4327 catur
951 4291 968 4330 :
1005 4291 1023 4324 ι
1053 4271 1299 4329 Pretiosa
1333 4275 1386 4328 in
1428 4285 1718 4345 conspectu
1752 4278 1964 4336 Domini
2006 4299 2151 4339 mors
2196 4301 2324 4340 san-

765 4369 975 4416 ctorum
1005 4362 1202 4433 ejus”.
1247 4383 1264 4416 ι
1302 4362 1397 4420 lsti
1430 4365 1576 4420 enim
1620 4368 1798 4423 simile
1837 4370 1940 4424 hoc
1981 4388 2193 4443 quoque
2240 4377 2322 4430 di-
2360 4442 2368 4456 Ι

764 4460 910 4505 etum
960 4461 1042 4507 est
1076 4472 1088 4507 :
1127 4471 1145 4506 ι
1181 4452 1246 4508 Et
1281 4456 1577 4525 pretiosum
1632 4474 1831 4514 nomen
1888 4476 2075 4516 eorum
2137 4480 2318 4522 coram

767 4541 878 4596 illo.
918 4560 937 4594 ι

2446 727 2706 796 μαθηταῖς
2735 730 2822 780 καὶ
2848 728 3170 789 ἀποστόλοις
3192 730 3465 796 παρεῖχεν,
3500 727 3563 777 ἶν’
3594 727 3672 788 είς
3698 728 3873 778 πᾶσαν
3901 729 3999 796 τὴν

2441 818 2541 886 γῆν
2574 817 2774 881 ἐξέλθοι
2804 821 2832 870 6
2853 818 3082 886 φθόγγος
3117 817 3313 879 αὐτῶν,
3345 817 3437 868 καὶ
3471 819 3549 878 εἰς
3573 816 3641 869 τὰ
3671 816 3877 886 πέρατα
3903 820 3999 885 τῆς

2441 908 2755 978 οἰκουμένης
2792 910 2858 962 τὰ
2892 912 3108 979 ῥήματα
3144 909 3340 962 αὐτῶν.
3378 907 3590 960 Τούτων
3631 907 3688 960 δὲ
3720 907 3826 960 τῶν
3858 925 4001 960 πτω-

2442 1001 2548 1069 χῶν
2583 1001 2810 1053 καὶτῶν
2853 1005 3092 1072 πενήτων
3123 1005 3185 1054 ἐκ
3229 1004 3384 1053 τόκου
3420 1003 3510 1053 καὶ
3538 1001 3595 1066 ἐξ
3641 1000 3849 1062 ἀδικίας
3877 1001 3997 1052 ἐλυ-

2439 1093 2682 1161 τρώσατο
2712 1092 2808 1154 τὰς
2832 1093 3025 1162 ψυχάς,
3054 1095 3200 1155 ὅπως
3226 1093 3412 1162 μηδενὶ
3439 1091 3601 1162 μηδὲν
3633 1091 3912 1159 ὀφείλοιεν.
3936 1092 3999 1143 Εί

2438 1184 2492 1235 δέ
2525 1183 2613 1234 καί
2647 1200 2773 1234 ποτε
2806 1183 3193 1253 δεδανεισμένοι
3216 1182 3486 1254 ῶφλησαν,
3511 1182 3648 1235 ὥστε
3679 1183 3889 1252 ἐνόχους
3912 1183 4002 1235 αὐ-

2437 1274 2561 1336 τοὺς
2584 1273 2829 1340 γενέσθαι
2860 1274 3097 1326 παλαιῶν
3129 1276 3554 1344 ἁμαρτημάτων,
3590 1273 3702 1325 ἀλλ’
3734 1273 3912 1335 αὐτὸς,
3939 1271 4000 1324 τὺ

2437 1359 2573 1432 αἷμα
2606 1365 2664 1415 τὸ
2695 1365 2866 1433 τίμιον
2900 1365 3088 1434 λύτρον
3120 1366 3256 1433 ὑπὲρ
3289 1365 3463 1416 αὐτῶν
3491 1365 3631 1427 δοὺς,
3664 1362 4002 1434 ἐλυτρώσατο

2435 1455 2532 1518 τὰς
2559 1456 2731 1524 ψυχὰς
2776 1454 2950 1507 αὐτῶν
2976 1473 2987 1484 ·
3019 1455 3138 1507 ὅθεν
3183 1458 3210 1507 6
3252 1456 3390 1516 θεῖος
3419 1454 3732 1517 Ἀπόστολος
3759 1454 3998 1507 ἐδίδασκε

2436 1546 2636 1613 λέγων·
2675 1565 2692 1596 ε
2733 1546 2961 1614 Χριστὸς
2995 1547 3138 1614 ἡμᾶς
3181 1545 3505 1615 ἐξηγόρασεν
3543 1548 3605 1597 ἐκ
3630 1545 3728 1614 τῆς
3754 1545 3998 1614 κατάρας

2434 1637 2527 1690 τοῦ
2561 1639 2743 1706 νόμου,
2780 1638 3063 1703 γενόμενος
3103 1637 3238 1706 ὑπὲρ
3271 1637 3423 1708 ήμῶν
3455 1637 3686 1705 κατάρα.
3723 1654 3742 1686 ι
3780 1634 3999 1704 Ἐπειδὴ

2435 1725 2542 1796 γὰρ
2573 1728 2835 1796 χρεῶσται
2859 1723 2994 1795 ἦσαν
3022 1726 3112 1779 καὶ
3133 1728 3399 1794 ὀφειλέται
3422 1728 3517 1796 τῆς
3544 1727 3814 1788 Μωῦσέως
3837 1742 3994 1794 νομο-

2437 1814 2637 1879 θεσίας,
2688 1819 2784 1869 οὐκ
2842 1818 3108 1888 ἐπλήρουν
3138 1818 3192 1870 δέ
3230 1819 3298 1870 τά
3341 1818 3723 1888 γεγραμμένα,
3766 1812 3864 1868 εἷθ’
3891 1815 3997 1869 ὑπὸ

2437 1908 2674 1978 κατάραν
2703 1905 2873 1976 ἦσαν,
2924 1910 3008 1962 διὰ
3035 1908 3095 1960 τὸ
3131 1909 3203 1979 μὴ
3257 1908 3430 1960 πάντα
3466 1909 3553 1960 τὸν
3587 1909 3746 1978 νόμον
3792 1907 3993 1975 φυλάτ-

2433 2015 2561 2051 τειν.
2613 2000 2887 2068 Γέγραπτο
2939 2001 3076 2070 γάρ·
3115 2018 3132 2050 ι
3187 2000 3617 2070 Ἐπικατάρατος
3665 2001 3769 2062 πᾶς
3799 1999 3857 2061 ὃς
3895 1998 4003 2050 οὐκ,

2429 2085 2652 2155 ἐμμένει
2688 2090 2818 2139 πᾶσι
2857 2093 2965 2150 τοῖς
3008 2088 3404 2160 γεγραμμένοις
3445 2091 3500 2140 ἐν
3530 2087 3606 2157 τῷ
3665 2087 3848 2157 βιϐλίῳ
3900 2087 3992 2140 τοῦ

2429 2169 2593 2246 νόμου
2673 2178 2764 2229 τοῦ
2839 2180 3055 2246 ποιῆσαι
3118 2179 3272 2230 αὑτά.
3319 2197 3336 2228 ι
3369 2179 3602 2240 Εἰκότως
3648 2178 3846 2248 ταύτης
3896 2179 3992 2247 τῆς

2428 2269 2562 2337 ἀρᾶς
2603 2267 2966 2337 ἐλευθερώσας
3007 2269 3220 2331 αὐτοὺς,
3260 2270 3321 2320 ἐκ
3367 2269 3524 2318 τόκου
3555 2269 3646 2320 καὶ
3686 2267 3745 2330 ἐξ
3785 2266 3994 2328 ἀδικίας

2427 2360 2710 2430 ἐλυτροῦτο
2753 2361 2962 2422 αὐτοὺς,
3026 2359 3304 2428 γινόμενος
3354 2359 3491 2429 ὑπὲρ
3523 2359 3699 2411 αὐτῶν
3745 2360 3990 2428 κατάρα⁶

2429 2454 2519 2504 καὶ
2550 2454 2610 2504 τὸ
2666 2454 2842 2522 τίμιον
2897 2452 3056 2504 αὑτοῦ
3094 2447 3230 2520 αἷμα
3258 2451 3393 2524 ὑπὲρ
3438 2451 3614 2503 αὐτῶν
3665 2450 3854 2515 διδοὺς,
3899 2451 3992 2503 καὶ

2427 2544 2564 2595 οὕτω
2608 2545 2817 2613 τιμίους
2871 2543 3044 2613 ἐαυτῷ
3093 2541 3542 2612 ἀπεργαζόμενος.
3600 2541 3688 2594 Διὸ
3747 2541 3992 2594 λέλεκται

2427 2638 2579 2706 ἑξῆς·
2621 2657 2636 2688 ι
2680 2637 2788 2689 Καὶ
2836 2637 3048 2704 ἔντιμον
3086 2635 3145 2687 τὸ
3193 2636 3361 2705 ὄνομα
3407 2634 3586 2688 αὐτῶν
3631 2634 3854 2686 ἐνώπιον
3893 2633 3991 2685 αὑ-

2425 2728 2536 2779 τοῦ.
2583 2747 2598 2777 )
2639 2727 2794 2779 Ὅθεν
2845 2726 3252 2795 ἀναγέγραπται
3308 2725 3540 2796 εἰρηκὼς
3587 2725 3719 2795 πρὸς
3760 2725 3989 2788 αὐτούς·

2432 2837 2448 2867 ι
2484 2818 2572 2887 Μὴ
2614 2818 2850 2886 χαίρετε,
2895 2819 2974 2870 ὃτι
3012 2818 3078 2869 τά
3130 2817 3381 2887 δαιμόνια
3422 2817 3549 2886 ὑμῖν
3593 2817 3987 2869 ὑποτάσσεται·

2425 2912 2638 2979 χαίρετε
2671 2909 2724 2960 δὲ
2749 2912 2844 2961 καὶ
2878 2908 3221 2974 ἀγαλλιᾶσθε,
3251 2910 3331 2960 ὅτι
3360 2908 3425 2959 τὰ
3452 2909 3688 2978 ὀνόματα
3719 2908 3870 2978 ὑμῶν
3896 2910 3990 2976 ἐγ-

2426 3000 2729 3069 γέγραπται
2763 3000 2816 3050 ἐν
2851 3003 2958 3060 τοῖς
2987 3000 3248 3067 οὐρανοῖς.
3293 3017 3309 3048 ι
3348 2999 3442 3049 Διά
3468 2999 3517 3050 τί
3545 2999 3672 3051 δὲτὸ
3703 3000 3870 3069 ὄνομα
3895 3000 3992 3052 αὐ-

2424 3093 2529 3144 τῶν
2556 3087 2858 3161 ἐντιμονῆν
2885 3091 3108 3143 ἐνώπιον
3135 3089 3318 3151 αὑτοῦ,
3353 3090 3463 3142 ἀλλ’
3491 3091 3786 3161 ἐπειδήπερ
3825 3091 3990 3154 αὐτὸς

2425 3184 2517 3236 καὶ
2541 3182 2645 3234 τῶν
2675 3183 2948 3251 ὀνομάτων
2980 3182 3172 3243 αὐτοὺς
3193 3179 3365 3249 ἠξίου,
3389 3181 3478 3232 τὸν
3512 3181 3607 3250 μὲν
3637 3181 3854 3250 Σίμωνα
3885 3181 3991 3234 Πί-

2424 3293 2548 3344 τρον
2580 3275 2832 3336 ἀνειπὼν,
2867 3273 2956 3325 τὸν
2988 3272 3043 3324 δὲ
3082 3273 3279 3342 Θωμᾶν
3319 3273 3562 3342 Δίδυμον,
3596 3272 3718 3335 τούς
3756 3290 3813 3325 τε
3845 3274 3991 3337 υίοὺς

2424 3369 2706 3423 Ζεϐεδαίου
2732 3369 3071 3434 Βοανεῖργες,
3106 3366 3239 3436 ὅπερ
3287 3363 3638 3436 ἑρμηνεύεται
3667 3363 3781 3417 vlol
3808 3365 3991 3432 βρον-

2423 3463 2561 3530 τῆς;
2593 3461 2748 3514 Ἀλλά
2769 3460 2861 3513 καὶ
2885 3458 3023 3511 κατὰ
3050 3457 3109 3509 τὸ
3132 3458 3305 3511 κοινὸν
3332 3442 3747 3511 πάντωνάὑτῶν
3776 3455 3990 3526 ἔντιμον

2422 3556 2588 3624 ὄνομα
2615 3550 2686 3622 ἦν
2739 3551 2962 3603 ἐνώπιον
3003 3548 3184 3602 αὑτοῦ.
3221 3547 3390 3600 Τοῦτο
3424 3547 3478 3599 δέ
3521 3543 3587 3617 ἦν
3632 3547 3766 3621 ὅπερ
3796 3547 3990 3615 ἐπεση-

2427 3633 2697 3716 μήνατοή
2731 3640 2822 3694 τοῦ
2850 3639 3178 3707 Εὐαγγελίου
3207 3640 3388 3709 γραφὴ
3416 3638 3663 3708 φήσασα·
3698 3656 3716 3688 ‹
3757 3636 3987 3700 Τούτους

2420 3737 2544 3797 τοὺς
2571 3734 2774 3786 δώδεκα
2801 3728 3073 3795 ἐξελέξατο
3099 3733 3125 3783 6
3156 3728 3377 3798 Ἰησοῦς.
3408 3728 3497 3790 οὒς
3540 3729 3632 3781 καὶ
3660 3727 3987 3790 ἀποστόλους

2421 3827 2717 3895 ὠνόμασεν.
2760 3842 2775 3873 ι
2799 3823 2941 3875 Ἀντ“ι
2964 3821 3017 3873 δὲ
3044 3820 3158 3888 τοῦ,
3193 3840 3210 3870 ‹
3240 3820 3298 3872 τὸ
3325 3819 3493 3889 ὄνομα
3515 3820 3820 3884 αὐτῶν,›τύ
3845 3814 3988 3888 αἷμα

2421 3917 2635 3977 αὐτῶν,
2694 3919 2726 3985 ή
2767 3912 3024 3984 Ἐϐραῖκὴ
3058 3910 3240 3982 γραφὴ
3276 3911 3544 3980 περιέχει·
3583 3910 3723 3962 οὕτω
3767 3910 3825 3962 δὲ
3889 3909 3984 3962 καὶ

2421 4013 2468 4063 οἱ
2507 4009 2680 4062 λοιποὶ
2714 4007 3088 4078 ήρμήνευσαν·
3130 4004 3158 4054 6
3201 4004 3297 4072 μὲν
3332 4001 3554 4064 Ἀκύλας
3592 4001 3776 4054 εἰπών·
3831 4018 3849 4051 ι
3877 4002 3987 4054 Καὶ

2420 4101 2776 4169 τιμηθήσεται
2821 4097 2880 4148 τὸ
2910 4091 3047 4165 αἷμα
3089 4093 3264 4148 αὐτῶν
3299 4095 3354 4144 ἐν
3394 4091 3688 4161 ὀφθαλμοῖς
3725 4091 3886 4144 αὑτοῦ
3909 4107 3927 4125 ο
3961 4111 3980 4142 ι

2422 4193 2449 4244 6
2480 4191 2534 4242 δέ
2575 4190 2886 4260 Σύμμαχος·
2939 4205 2956 4237 ι
2999 4187 3109 4238 Καὶ
3132 4171 3323 4254 ’τίμιον
3363 4183 3511 4237 ἔσται
3547 4183 3608 4236 τὸ
3637 4179 3774 4254 αἷμα
3809 4181 3986 4235 αὐτῶν

2421 4282 2648 4336 ἐνώπιον
2677 4278 2857 4333 αὑτοῦ.
2907 4299 2922 4328 ι
2962 4279 3036 4329 Δι’
3069 4271 3142 4330 ὧν
3175 4275 3356 4344 σαφῶς
3389 4271 3602 4344 ᾐνίξατο
3628 4274 3718 4326 τὸν
3760 4273 3985 4326 Θάνατον

2422 4374 2526 4426 τῶν
2557 4370 2972 4443 προλεχθέντων,
2999 4362 3071 4419 ὧν
3108 4370 3135 4419 6
3164 4367 3348 4429 καθεὶς
3379 4365 3617 4418 ποικίλον
3641 4365 3897 4435 ὑπέμεινε
3926 4361 3984 4416 τὸ

2422 4461 2513 4515 τοῦ
2547 4459 2842 4530 μαρτυρίου
2876 4457 3046 4517 τέλος,
3079 4455 3234 4517 ἀλλος
3271 4455 3443 4518 ἄλλως
3470 4454 3554 4507 διὰ
3584 4455 3677 4524 τὴν
3711 4456 3790 4518 είς
3823 4454 3983 4507 αὑτὸν

2427 4549 2728 4626 μαρτυρίαν
2773 4547 2862 4598 τὸν
2895 4547 2959 4598 δι’
3002 4546 3226 4614 αἵματος
3264 4546 3558 4614 ὑπομείνας
3605 4545 3821 4611 ἀγῶνα·
3853 4541 3984 4595 ὥστ’

764 4636 1005 4706 είρῆσθαι
1053 4640 1178 4711 περὶ
1221 4641 1422 4695 αὐτῶν·
1471 4664 1490 4695 ι
1528 4645 1717 4715 Τίμιος
1762 4646 1986 4700 ἐνώπιον
2035 4650 2227 4719 Κυρίοι
2287 4653 2314 4704 6
2353 4651 2576 4708 θάνατος
2601 4643 2706 4696 τῶν
2737 4641 2896 4692 ὁσίων
2923 4637 3104 4691 αὑτοῦ.
3151 4657 3167 4689 ι
3197 4639 3378 4709 Τούτῳ
3407 4637 3513 4709 γὰρ
3577 4639 3760 4707 ὅμοιον
3786 4636 3979 4706 τυγχάο

763 4747 843 4783 νει
881 4731 974 4783 καὶ
1023 4733 1075 4784 τὸ
1123 4735 1256 4803 μετὰ
1294 4739 1477 4809 χεῖρας
1520 4741 1756 4808 φάσκον·
1801 4762 1818 4792 ι
1857 4745 1962 4795 Καὶ
2016 4744 2224 4814 ἔντιμον
2255 4745 2314 4797 τὸ
2344 4746 2512 4814 ὄνομα
2542 4741 2718 4793 αὑτῶν
2747 4735 2968 4789 ἐνώπιον
2998 4733 3177 4787 αὑτοῦ.
3212 4753 3229 4785 ι

834 4847 998 4903 Vens.
1037 4849 1126 4913 15,
1158 4849 1242 4904 16.
1277 4871 1295 4902 ι
1335 4853 1398 4906 Et
1426 4855 1568 4909 vivet
1637 4864 1692 4912 et
1736 4858 1951 4913 dabitur
1987 4861 2033 4914 ei
2075 4861 2142 4916 de
2191 4876 2325 4916 auro
2356 4871 2397 4923 D

763 4937 993 5003 Arabiae,
1025 4948 1078 4994 et
1105 4941 1337 4995 orabunt
1379 4943 1447 4999 de
1488 4945 1608 5014 ipso
1641 4962 1872 5017 semper.
1917 4969 1934 5002 ι
1967 4949 2065 5006 Hic
2103 4951 2316 5006 videtur

764 5032 896 5085 mihi
929 5033 1082 5096 illud,
1115 5052 1134 5084 ί
1165 5043 1218 5088 et
1250 5036 1412 5100 vivet,
1450 5057 1469 5090 ι
1504 5039 1620 5092 voci
1671 5038 1979 5096 Servatoris
2018 5043 2316 5113 discipulos

764 5122 1089 5192 alloquentis
1114 5119 1362 5180 accinere
1382 5145 1395 5180 :
1419 5147 1437 5178 ι
1473 5127 1612 5184 Ecce
1631 5145 1730 5200 ego
1749 5132 2024 5188 vobiscum
2051 5149 2169 5188 sum
2203 5151 2320 5188 om-

744 5211 926 5266 nibus
957 5213 1145 5270 diebus
1179 5231 1350 5285 usque
1379 5219 1446 5274 ad
1468 5221 1990 5283 consummationem
2023 5224 2313 5278 szeculi“.i

769 5301 835 5355 Ut
856 5301 998 5356 enim
1025 5305 1142 5376 ejus
1170 5308 1263 5376 qui
1289 5307 1342 5361 in
1367 5312 1625 5366 vaticinio
1655 5311 1829 5368 fertur
1861 5318 2316 5382 permansionem,

761 5401 816 5448 ct
864 5394 1026 5448 vitam
1077 5399 1131 5452 in
1166 5398 1460 5454 infinitum
1512 5402 1800 5459 durantem
1848 5405 2168 5473 declararet,
2214 5410 2318 5462 hac

765 5499 894 5539 usus
937 5499 1068 5540 voce
1110 5496 1216 5552 est,
1242 5507 1261 5541 ι
1306 5495 1360 5543 et
1389 5489 1555 5545 vivet.
1593 5510 1613 5542 ι
1648 5491 1912 5546 Diuturna
1960 5494 2157 5566 quippe
2207 5497 2316 5548 vita

763 5591 899 5643 opus
930 5586 1046 5631 erat
1087 5578 1157 5632 ad
1188 5581 1443 5666 praedicta
1489 5596 1654 5652 opera
1699 5583 1927 5639 edenda.
1967 5584 2021 5638 Si
2056 5588 2236 5658 itaque
2271 5588 2318 5642 is

763 5668 854 5736 qui
907 5669 957 5720 in
992 5669 1274 5739 prophetia
1307 5673 1496 5738 fertur,
1527 5673 1791 5743 iudicabit
1844 5679 2102 5747 populum
2157 5695 2313 5735 suum

739 5773 746 5797 λ
834 5806 876 5835 ⁸⁸
899 5805 1015 5859 Gal.
1056 5812 1249 5873 “1,13.

766 5890 949 5937 xxvm,
986 5875 1072 5930 20.

1359 5813 1402 5845 ⁸ο
1434 5813 1587 5871 Deut.
1624 5832 1793 5883 xxvn,
1826 5817 1916 5874 26.
1988 5823 2028 5852 "
2063 5822 2192 5877 Luc.
2235 5841 2257 5876 ι
2281 5865 2293 5886 ,
2327 5824 2414 5878 20.

2502 4879 2518 4908 ε
2557 4856 2664 4910 Καὶ
2697 4853 2914 4923 ζήσεται
2944 4851 3036 4902 καὶ
3059 4849 3339 4920 δοθήσεται
3372 4847 3518 4919 αὐτῷ
3543 4850 3606 4901 ἐκ
3639 4847 3730 4900 τοῦ
3759 4848 3982 4920 χρυσίου

2421 4953 2514 5020 τῆς
2549 4948 2819 5019 Ἀραϐίας,
2863 4944 2955 4996 καὶ
2997 4942 3377 5014 προσεύξονται
3404 4941 3530 5012 περὶ
3567 4941 3730 4995 αὑτοῦ
3758 4942 3984 4995 διαπαν-

2421 5042 2528 5101 τός.
2573 5057 2590 5088 ›
2631 5035 2784 5088 Δοκεῖ
2815 5050 2902 5101 μοι
2941 5031 3169 5085 ἐνταῦθα
3200 5032 3277 5092 τὸ,
3313 5048 3331 5080 ε
3375 5030 3467 5082 καὶ
3496 5029 3738 5101 ζήσεται,
3772 5051 3790 5083 ι
3824 5034 3986 5103 συνᾴ-

2424 5131 2532 5182 δειν
2558 5134 2620 5199 τῇ
2658 5125 2904 5195 σωτηρίῳ
2932 5126 3079 5194 φωνῇ
3115 5122 3333 5192 φησάσῃ
3360 5122 3493 5201 πρὸς
3520 5125 3644 5188 τοὺς
3687 5123 3845 5176 αὑτςῦ
3882 5141 3987 5194 μα-

2426 5222 2621 5291 θητάς·
2662 5240 2679 5269 ι
2727 5217 2852 5269 Ἰδοὺ
2883 5216 2991 5283 ἐγὼ
3021 5216 3135 5286 μεθ’
3164 5213 3314 5283 ὑμῶν
3357 5216 3467 5283 είμι
3506 5218 3682 5280 πάσας
3723 5219 3818 5280 τὰς
3847 5217 3983 5287 ἡμέ-

2428 5333 2523 5386 ρας
2556 5315 2659 5374 ἕως
2697 5309 2792 5379 τῆς
2821 5309 3126 5369 συντελείας
3172 5304 3264 5359 τοῦ
3295 5305 3505 5370 αἰῶνος.
3543 5329 3561 5360 ι
3594 5311 3708 5361 Ἵνα
3749 5309 3858 5379 γὰρ
3885 5308 3986 5378 τὴν

2424 5401 2740 5476 παραμονὴν
2782 5400 2873 5452 καὶ
2916 5398 3012 5468 τὴν
3037 5396 3458 5468 παρατείνουσαν
3486 5400 3563 5461 είς
3591 5400 3812 5470 ἄπειρον
3839 5399 3984 5467 ζωὴν

2421 5499 2512 5551 τοῦ
2546 5494 3018 5566 προφητευομένου
3063 5493 3407 5562 παραστήσῃ,
3437 5493 3677 5562 ἐπήγαγε
3708 5494 3787 5553 τὸ,
3831 5509 3850 5541 ι
3887 5491 3982 5542 καὶ

2422 5589 2663 5660 ζήσεται.
2696 5604 2712 5634 ι
2760 5585 2990 5654 Μακρᾶς
3031 5585 3138 5655 γὰρ
3194 5583 3296 5636 ἔδει
3345 5584 3485 5652 ζωῆς
3533 5586 3611 5645 εἰς
3646 5581 3982 5650 κατόρθωσιν

2421 5677 2526 5732 τῶν
2568 5671 2889 5746 εἰρημένων.
2938 5674 2999 5727 Et
3043 5676 3172 5743 γοῦν
3210 5677 3237 5728 ὁ
3282 5667 3750 5743 προφητευόμενος
3810 5675 3980 5741 κρινεῖ

2529 5824 2570 5853 δ’
2599 5819 2726 5872 Luc.
2787 5832 2859 5880 vt,
2898 5819 2980 5875 l3.
3088 5823 3131 5852 ⁸³
3160 5820 3302 5874 Psal.
3359 5833 3477 5882 ειν,
3520 5817 3598 5869 15.
3700 5818 3744 5847 ⁸⁸
3787 5815 3976 5871 Matth.
