4300 6432
308 537 414 593 813

1412 530 1907 603 ΕΟΜΜΕΝΤΑΒῌΑ
1933 534 2011 590 ἸΝ
2047 534 2388 592 ΡεΑιιιοε.

3395 533 3500 589 ειι

306 651 394 702 τὸν
417 648 542 701 λαὸν
576 646 737 700 αὐτοῦ
765 646 823 700 ὲν
848 636 1180 716 δικαιοσύνῃ.
1210 632 1305 700 καὶ
1331 648 1457 709 τοὺς
1485 650 1728 718 πτωχοὺς
1754 649 1853 701 αὐ·
1882 667 1896 706 Α

1915 676 1925 705 ι
1952 652 2007 704 in
2040 652 2250 720 iustitia
2284 658 2339 705 et
2364 663 2628 719 pauperes
2663 663 2792 703 suos
2828 618 2883 701 in
2909 646 3136 717 judicio,
3168 657 3219 702 et
3251 646 3503 701 humilia-

304 740 480 792 τοῦ.ὲν
505 739 701 808 κρίσει,
732 738 823 789 καὶ
862 740 1104 790 ταπεινοῖ
1129 738 1486 807 συκοφάντην,
1512 740 1602 809 κα),
1630 756 1850 808 συμπα-

309 834 531 903 ραμενεῖ
559 829 635 899 τῷ
660 829 807 899 ἡλίῳ,
838 828 1313 898 κατακυριεύσειτε
1338 830 1444 883 ἀπὸ
1460 830 1726 901 Θαλάσσης
1751 832 1853 893 ἕως
1890 890 1895 895 ι

305 921 594 989 θαλάσσης,
619 921 711 973 καὶ
750 920 859 972 ἀπὸ
898 920 1138 988 ποταμοῦ
1179 920 1281 984 ἕως
1324 920 1430 973 τῶν
1473 924 1718 993 περάτων
1755 923 1853 991 τῆς

303 1010 651 1079 οἰκουμένης·
709 1010 936 1081 εἰκότως
990 1009 1280 1078 μακροϐίου
1330 1010 1474 1079 ζωῆς
1524 1011 1627 1063 ἔδει
1684 1011 1847 1081 αὐτῷ.

302 1100 426 1163 Πῶς
446 1118 503 1153 τε
536 1101 851 1166 ὑποταγείεν
873 1098 1017 1167 αὐτῴ
1045 1099 1295 1163 Αἰθίοπες
1319 1101 1411 1153 καὲι
1432 1101 1679 1170 βασιλεῖς
1708 1102 1850 1172 Θαρ-

227 1190 240 1201 “
304 1191 414 1250 σείς
440 1189 531 1239 καὶ
560 1188 731 1256 νῆσοι,
763 1187 1185 1257 προσκυνήσουσί
1209 1205 1266 1240 τε
1291 1188 1437 1257 αὐτῷ
1462 1190 1657 1250 πάντες
1677 1190 1725 1240 οἱ
1758 1189 1849 1258 βα-

278 1277 466 1339 σιλεῖς
503 1277 598 1345 τῆς
651 1277 773 1344 γῆς,
825 1277 915 1327 καὶ
958 1275 1135 1326 »πάντα
1186 1275 1252 1326 τὰ
1306 1274 1431 1346 ἔθνη
1482 1276 1850 1329 δουλεύσουσιν

301 1364 473 1433 αὖτῷς
510 1365 721 1417 Τούτων
770 1364 877 1433 γὰρ
922 1364 1081 1416 ἕνεκα
1131 1364 1344 1416 πάντων
1400 1366 1651 1433 διαρκοῦς
1706 1366 1850 1434 αὐτῷ

303 1449 443 1521 ζωῆς
483 1452 610 1505 ἔδει.
651 1453 738 1505 Διὸ
764 1452 914 1527 μετά
947 1451 1113 1504 ταῦτα
1152 1452 1324 1504 πάντα
1367 1452 1540 1514 καλῶς
1567 1454 1658 1504 καὶ
1682 1455 1851 1520 ἀναγ-

304 1542 472 1605 καίως
507 1544 857 1613 ὲπενήνεκται
902 1544 982 1603 τὸ,
1016 1560 1034 1592 ι
1071 1542 1161 1593 καὶ
1197 1540 1417 1611 ζήσεται
1442 1560 1453 1570 ·
1491 1561 1508 1593 ι
1537 1542 1720 1595 τοῦτον
1758 1544 1850 1611 δη-

301 1631 564 1702 λουμένης
604 1634 692 1685 τὸν
727 1634 922 1703 τρόπον
951 1633 1044 1703 τῆς
1081 1632 1171 1684 τοῦ
1221 1632 1683 1703 προφητευσμένου
1716 1632 1847 1684 ἀθα-

300 1723 459 1776 νάτου
484 1722 575 1775 καὶ
598 1724 810 1775 αἰωνίου
844 1724 1003 1794 ζωῆς.
1050 1723 1201 1793 Ἑξῆς
1226 1724 1268 1775 δ’
1296 1722 1504 1793 εἴρηται
1526 1738 1539 1751 ·
1576 1740 1596 1772 ι
1632 1722 1738 1774 Καὶ
1767 1722 1847 1773 δο-

300 1811 519 1882 θήσεται
548 1811 691 1880 αὐτῷ
716 1814 780 1864 ἑκ
803 1812 895 1864 τοῦ
939 1815 1157 1883 χρυσίου
1199 1815 1296 1883 τῆς
1330 1813 1600 1883 Ἀραϐίας.
1642 1832 1660 1863 ι
1707 1813 1854 1865 Ἀντί,

298 1899 355 1953 δὲ
384 1899 499 1961 τοῦ,
537 1919 555 1949 ι
595 1899 691 1968 τῆς
731 1898 1003 1971 Ἀραϐίας,
1042 1920 1061 1950 ι
1097 1900 1255 1952 πάλιν
1285 1899 1614 1969 ηἙδραῖκὴ
1666 1897 1847 1968 γραφὴ

298 1988 359 2043 τὺ
395 1982 593 2042 ιίΣαόὰ
630 2008 647 2040 ι
696 1990 934 2059 περιέχει
958 2006 971 2016 ’
1018 1989 1071 2041 οἴ
1110 2006 1168 2041 τε
1212 1988 1385 2041 λοιποὶ
1432 1987 1759 2057 ἑρμηνευταὶ
1786 1990 1849 2055 τῇ
1883 1985 1925 2037 Β

296 2078 456 2149 ὁμοίᾳ
490 2080 778 2149 κέχρηνται
814 2082 879 2149 τῇ
922 2082 1091 2149 φωνῇ.
1127 2076 1409 2147 Τροπικῶς
1456 2078 1551 2145 μὲν
1581 2074 1674 2129 οὖν
1706 2076 1846 2129 είποι

296 2169 361 2223 ἄν
389 2154 472 2233 τίς
502 2169 561 2220 τὸ
589 2169 805 2240 χρυσίον
836 2169 988 2221 τοῦ-το
1013 2166 1295 2239 σημαίνειν
1316 2168 1406 2219 τὸν
1446 2168 1507 2220 ὲν
1544 2164 1849 2235 ἀνθρώποις

298 2257 679 2329 καθαρώτατον
710 2257 852 2310 νοῦν.
896 2258 1004 2310 Καὶ
1033 2258 1170 2309 κατὰ
1200 2257 1433 2327 ἱστορίαν
1468 2256 1524 2309 δὲ
1550 2255 1848 2326 ἐπληροῦτο

294 2346 356 2401 τὺ
379 2347 576 2416 λόγιον,
602 2348 692 2401 ὅτε
721 2350 767 2400 οί
799 2346 857 2411 ἐξ
895 2348 1152 2416 ἀνατολῆς
1197 2348 1355 2417 μάγοι
1395 2347 1636 2410 ἐλθόντες
1687 2342 1849 2399 παῖδα

295 2438 421 2493 ὂντα
470 2435 874 2509 προσεκύνησαν
918 2439 1007 2491 τὸν
1061 2441 1303 2511 Σωτῆρα,
1361 2439 1735 2510 προσήνεγκαν
1787 2456 1849 2491 τε

295 2529 441 2599 αὐτῷ
466 2531 682 2600 χρυσίον
712 2532 805 2584 καὶ
839 2530 1048 2584 λίϐανον
1078 2532 1170 2583 καὶ
1219 2530 1479 2601 σμύρναν.
1514 2533 1601 2601 Μή
1634 2548 1761 2583 ποτε
1792 2532 1846 2584 δὲ

297 2619 388 2672 καὶ
407 2620 487 2679 τὸ,
528 2638 546 2668 ι
580 2618 817 2688 ζήσεται,
856 2638 874 2669 ι
907 2622 983 2682 είς
1008 2621 1210 2671 ἐκεῖνον
1240 2619 1560 2688 ἀναφέρεται
1595 2620 1684 2669 τὸν
1724 2619 1846 2687 χρό-

296 2725 402 2771 νον,
447 2708 566 2761 καθ⁹
599 2708 656 2761 δν
707 2708 967 2779 Ἡρώδης,
1019 2708 1375 2761 ἐπιϐουλεύων
1418 2708 1727 2777 νηπιάξοντι
1768 2706 1844 2775 τῷ

304 2799 498 2870 Ἰησοῦ,
535 2818 555 2850 (
584 2799 801 2869 πέμψας
834 2800 1004 2851 ἀνεῖλε
1044 2800 1247 2860 πάντας
1272 2800 1393 2859 τοὺς
1418 2798 1544 2867 περὶ
1577 2797 1846 2868 τὴνηΒηθο

293 2888 422 2959 λεὲμ
457 2888 649 2951 παῖδας
713 2889 819 2941 ἀπὸ
854 2887 1057 2951 διετοῦς
1101 2890 1190 2941 καὶ
1232 2888 1540 2958 κατωτέρω,
1578 2887 1718 2940 κατὰ
1754 2888 1847 2940 τὸν

292 2978 480 3051 χρόνον
531 2978 589 3031 ὃν
629 2977 898 3049 ὴκρίϐωσε
952 2978 1100 3049 παρὰ
1130 2978 1237 3030 τῶν
1284 2978 1489 3047 μάγων.
1534 2997 1552 3028 ι
1579 2978 1710 3029 Τότε
1736 2977 1843 3047 γὰρ

292 3071 679 3144 χρηματισθεὶς
718 3072 745 3123 ὁ
780 3072 993 3141 Ἰωσὴφ,
1036 3071 1303 3141 παρέλαϐε
1353 3070 1565 3139 Μαρίαν
1607 3071 1707 3141 τὴν
1754 3087 1845 3137 γυ·-

251 3213 254 3217 .
291 3166 453 3217 ναῐκα
484 3161 644 3216 αὐτοῦ
671 3162 763 3216 καὶ
796 3163 855 3222 τὸ
885 3162 1110 3227 παιδίον,
1148 3165 1239 3215 καὶ
1266 3161 1605 3233 ἀνεχώρησεν
1646 3162 1725 3223 είς
1753 3160 1844 3212 Ατ-

291 3268 513 3321 γυπτον.
549 3253 638 3305 Διὸ
660 3252 829 3307 ταῦτα
861 3251 1183 3316 θεσπίζουσα
1215 3255 1247 3323 ἡ
1276 3252 1519 3323 παροῦσα
1544 3252 1842 3322 προφητεία

295 3342 612 3413 προῦλεγεν,
657 3343 738 3395 ὅτι
798 3361 816 3391 ι
853 3342 1092 3413 ζήσεται,
1136 3344 1226 3407 καὶ
1272 3343 1554 3413 δοθήσεται
1601 3342 1747 3412 αὐτῷ
1784 3344 1847 3395 ὲκ
1874 3326 1915 3382 C

291 3432 383 3484 τοῦ
410 3431 628 3501 χρυσίου
652 3430 751 3498 τῆς
789 3430 1044 3500 Ἀραϐίας
1079 3450 1096 3482 ι
1134 3430 1225 3483 τοῦ
1255 3430 1361 3484 ἀπὸ
1387 3431 1565 3485 Σαϐά·
1598 3430 1727 3483 ὡσεὶ
1755 3448 1848 3485 σα-

292 3524 549 3594 φέστερον
577 3524 725 3591 ἔλεγε
762 3542 780 3574 ι
813 3522 903 3574 τοῦ
931 3523 1202 3575 ἐκλεκτοῦ.
1236 3542 1253 3573 ι
1303 3526 1366 3576 Ἠ
1393 3524 1499 3595 γὰρ
1532 3522 1677 3576 Σαϐὰ
1707 3522 1846 3593 αῦτη

290 3618 386 3671 καὶ
428 3616 490 3668 τὸ
530 3614 806 3669 Σαϐαῖτῶν
848 3614 994 3677 ἔθνος
1033 3616 1246 3681 λέγεται
1280 3610 1417 3666 εἶναι
1461 3615 1558 3684 τῆς
1596 3616 1849 3685 Ἀραϐίας

289 3706 389 3777 τῆς
420 3706 752 3776 καλουμένης
794 3706 1119 3775 Εὐδαίμονος
1142 3722 1154 3735 ⁸
1191 3703 1434 3756 ἐντεῦθέν
1466 3721 1523 3756 τε
1560 3707 1846 3775 ἱστορεῖται

289 3797 368 3869 τῷ
396 3796 662 3868 Σολομῶνι
700 3796 956 3868 φέρεσθαι
987 3794 1122 3866 μετὰ
1153 3794 1257 3847 τῶν
1298 3794 1467 3847 ἄλλων
1497 3794 1589 3846 καὶ
1628 3794 1849 3863 χρυσίον

292 3888 564 3943 ῑκλεκτόν.
615 3888 723 3941 Καὶ
762 3888 933 3950 ἄλλως
973 3885 1028 3937 δὲ
1071 3884 1249 3947 αὐτοῖς
1292 3881 1585 3952 ὀφθαλμοῖς
1634 3880 1847 3950 ὁρῶμεν

290 3980 349 4032 ἓν
396 3981 519 4043 ταῖς
571 3976 883 4047 ἐκκλησίαις
928 3974 1159 4046 Χριστοῦ
1212 3972 1376 4045 μυρία
1424 3971 1679 4042 κειμήλια
1740 3970 1847 4023 ἀπὸ

291 4072 513 4142 χρυσίου
552 4068 788 4141 καθαροῦ
836 4070 916 4132 είς
951 4067 1111 4122 αὐτοῦ
1156 4084 1215 4118 τε
1256 4064 1417 4136 τιμὴν
1458 4062 1844 4135 ἀφιερούμενα.

290 4162 530 4223 Εἰκότως
559 4157 651 4215 οὖν
672 4160 795 4213 οὐδὲ
822 4161 927 4229 τὴν
949 4158 1148 4211 τούτων
1180 4158 1395 4226 μνήμην
1423 4154 1663 4226 παριδεῖν
1693 4153 1846 4223 ἠξίω-

292 4267 383 4305 σεν
412 4252 442 4303 6
467 4250 643 4317 λόγος.
681 4248 947 4316 Ἐπιλέγει
986 4246 1042 4299 δὲ
1066 4245 1196 4315 ἑξῆς
1221 4263 1233 4277 ·
1276 4263 1293 4295 ι
1329 4247 1435 4298 Καὶ
1466 4241 1847 4317 προσσύξονται

290 4343 418 4414 περὶ
469 4328 639 4402 αὑτοῦ
682 4338 959 4409 διηνεκῶς,
1009 4337 1095 4388 διὰ
1144 4336 1322 4404 πάσης
1374 4322 1583 4407 ἡμέρας
1621 4336 1847 4401 ἕκαστος

290 4433 568 4503 εὐλογήσει
613 4429 790 4483 αὐτόν.
834 4447 851 4478 ι
888 4428 961 4481 σύ
995 4427 1073 4479 δεῖ
1106 4427 1412 4480 δὲπολλῶν
1463 4427 1633 4497 λόγων
1665 4431 1742 4493 είς
1786 4431 1846 4483 τὸ

291 4525 634 4596 παραστῆσαι
656 4521 799 4581 ὅπως
827 4519 1021 4581 πάντες
1045 4519 1092 4569 οἱ
1125 4520 1202 4582 εἰς
1226 4518 1312 4571 τὸν
1330 4519 1559 4588 Χριστὸν
1590 4519 1683 4573 τοῦ
1712 4520 1848 4572 Θεοῦ

290 4611 705 4672 πεπιστευκότες
727 4607 1091 4672 ἁδιαλείπτους
1116 4600 1476 4679 ἀναφέρουσιν
1497 4612 1660 4681 εὐχὰς
1689 4631 1784 4664 «πε
1794 4614 1845 4683 pi

289 4702 474 4769 αὑτοῦ,
508 4722 527 4755 ι
558 4702 633 4766 ὡς
661 4702 725 4755 ἂν
749 4698 915 4769 ἔχοιεν
939 4700 1098 4752 αὐτὸν
1131 4700 1235 4752 αἰεὶ
1267 4702 1508 4763 συνόντα,
1539 4704 1632 4754 καί
1656 4702 1844 4771 βοηθὸν

288 4795 472 4857 αὐτοῖς
517 4795 650 4847 πᾶσι
681 4791 1013 4861 γιγνόμενον.
1057 4791 1143 4852 Ὠς
1188 4790 1243 4842 δὲ
1292 4791 1378 4843 διὰ
1428 4791 1607 4862 πάσης
1636 4792 1845 4862 ἡμέρας

288 4883 517 4949 ῑκαστος
548 4884 754 4951 εὐλογεῖ
782 4881 960 4945 αὑτὸν,
1002 4879 1084 4941 τίς
1122 4878 1187 4931 ἂν
1225 4881 1578 4949 (ipsumtum;
1608 4865 1849 4951 Νύκτωρ

290 4974 421 5042 γοῦν
464 4975 558 5027 καὶ
608 4974 724 5044 μεθ’
757 4972 964 5043 ἡμέραν
1015 4970 1195 5023 πλεῖον
1239 4968 1338 5040 τῆς
1373 4973 1640 5041 ἀναπνοῆς
1694 4975 1844 5025 πᾶσα

278 5064 435 5136 ’ψυχὴ
476 5064 583 5117 τῶν
626 5068 704 5130 είς
746 5064 906 5118 αὑτὸν
951 5062 1185 5133 γνησίως
1246 5056 1695 5123 πεπιστευκότων,
1744 5062 1842 5133 τὴν

292 5156 654 5229 προσηγορίαν
681 5155 841 5209 αὐτοῦ
870 5154 1081 5225 τιμῶσα
1109 5154 1201 5206 καὶ
1244 5152 1470 5206 σέϐουσα
1502 5154 1710 5219 εὐλογεῖ
1741 5154 1840 5232 αὐτ

290 5246 400 5309 τὸν,
446 5245 782 5313 πεπεισμένη
820 5246 899 5305 εἰς
928 5245 1122 5315 ἑαυτὴν
1165 5242 1536 5312 ἀντιστρέφειν
1562 5240 1663 5310 τὴν
1691 5241 1840 5295 εὐλο-

293 5338 435 5406 γίαν,
467 5333 769 5396 ἀκολούθως
801 5333 962 5404 λογίῳ
992 5337 1068 5397 εἰς
1100 5333 1261 5388 αὐτοῦ
1290 5333 1574 5405 πρόσωπον
1602 5333 1837 5403 Χριστοῦ

294 5430 520 5502 φήσαντι
537 5442 551 5455 ’
571 5444 589 5475 ι
609 5426 671 5478 Ol
698 5423 1037 5491 εὐλογοῦντες
1065 5442 1124 5479 σε
1139 5426 1471 5496 εὐλόγηνται,
1506 5423 1598 5479 καὶ
1627 5424 1677 5475 oi
1703 5441 1835 5477 κατ-

296 5517 561 5590 αρώμενοι
605 5531 661 5567 σε
704 5514 1116 5584 κεκατήρανται.
1162 5533 1181 5566 ι
1212 5515 1371 5569 Ὅθεν
1402 5514 1494 5568 καὶ
1518 5510 1668 5579 αὔξει
1709 5515 1843 5584 ὁση-

298 5610 458 5680 μέραι
488 5608 580 5661 καὶ
603 5604 826 5675 πληθύει
853 5604 914 5656 τὸ
935 5605 1271 5675 Χριστιανῶν
1292 5607 1475 5679 γένος,
1493 5604 1579 5659 διὰ
1607 5604 1669 5658 τὸ
1690 5606 1840 5675 μετέ-

294 5716 408 5769 κειν
443 5701 542 5769 τῆς
573 5700 637 5752 ἐκ
668 5693 800 5749 Θεοῦ
830 5693 1093 5760 εὐλογίας,
1124 5690 1189 5765 ἦς,
1209 5697 1464 5752 ἀπολαύει
1494 5696 1580 5776 διὰ
1605 5693 1666 5749 τὸ
1692 5695 1834 5751 ἀδια-

364 5878 409 5912 ⁸⁸
439 5878 628 5935 Ilatth.
660 5893 720 5944 ιι,
766 5875 848 5932 Ιϐ.
920 5873 967 5907 ⁸*
994 5871 1153 5929 Νιιιιι.
1181 5890 1326 5945 utv,
1351 5876 1404 5932 9.

1956 741 2033 796 bit
2056 742 2528 809 calumniatorem,
2555 747 2607 793 et
2634 736 2980 816 permanebit
3009 752 3130 792 cum
3172 738 3304 797 sole,
3328 738 3501 793 domi-

1956 831 2277 901 nabiturque
2300 846 2329 884 a
2357 830 2494 883 mari
2528 846 2699 899 usque
2729 830 2795 883 ad
2842 844 2989 882 mare
3019 838 3072 882 et
3105 843 3133 881 a
3158 826 3376 884 ﬂumine
3410 844 3504 884 us-

1955 937 2058 988 que
2082 920 2147 973 ad
2175 921 2435 975 terminos
2454 920 2603 974 orbis
2628 930 2887 975 terrarum
2910 936 2923 979 ;
2946 918 3067 985 jure
3088 918 3187 985 ipsi
3212 918 3369 985 longa
3394 920 3503 974 vita

1955 1028 2112 1081 opus.
2142 1013 2288 1065 Alias
2330 1013 2475 1065 enim
2506 1026 2613 1080 quo
2667 1018 2825 1075 pacto
2875 1009 2975 1077 ipsi
3021 1008 3222 1061 subditi
3272 1006 3507 1065 fuissent

1956 1101 2259 1170 Aithiopes,
2288 1117 2499 1155 necnon
2529 1116 2679 1171 reges
2708 1099 2931 1152 Tharsis
2952 1105 3005 1153 et
3034 1099 3243 1163 insulm,
3272 1099 3362 1168 qui
3405 1096 3504 1151 ad—

1954 1201 2201 1247 orassent
2224 1208 2345 1247 eum
2380 1202 2568 1249 omnes
2608 1205 2761 1259 reges
2784 1198 2959 1251 terrm,
2996 1197 3048 1243 et
3076 1204 3263 1243 omnes
3315 1196 3506 1258 gentes
3534 1180 3537 1181 ν

1956 1284 2273 1339 serviissent
2292 1283 2376 1339 ei?
2406 1282 2609 1336 Horum
2645 1284 2787 1335 enim
2820 1281 3057 1353 omnium
3087 1294 3247 1332 causa
3280 1280 3503 1349 perenni

1954 1375 2060 1427 vita
2103 1373 2205 1442 ipsi
2241 1388 2377 1442 Opus
2424 1381 2560 1426 erat.
2613 1371 2951 1440 Quapropter
3000 1372 3099 1423 sub
3156 1370 3270 1424 haec
3320 1371 3503 1423 omnia

1954 1466 2120 1533 probe
2163 1480 2225 1518 ac
2259 1466 2571 1518 necessario
2608 1463 2827 1518 affertur
2849 1461 3000 1523 illud,
3033 1479 3049 1511 ι
3079 1458 3136 1515 et
3154 1461 3297 1515 vivet
3325 1479 3338 1513 :
3379 1479 3397 1510 ι
3424 1461 3510 1515 sic

1952 1569 2183 1622 namque
2209 1554 2328 1621 ejus
2360 1555 2453 1621 qui
2490 1555 2541 1606 in
2588 1553 2846 1606 vaticinio
2900 1552 3223 1613 enuntiatur
3248 1552 3379 1615 vita,
3404 1551 3506 1603 im-

1953 1644 2198 1699 mortalis
2231 1651 2283 1696 et
2320 1652 2517 1696 mterna
2551 1642 2665 1697 fore
2697 1646 3027 1712 praedicitur.
3070 1644 3332 1712 Deinceps
3364 1640 3512 1696 addi-

1952 1720 2040 1787 tur
2075 1750 2086 1784 :
2121 1752 2138 1783 ι
2175 1733 2240 1786 Ει
2274 1733 2492 1787 dabitur
2516 1734 2565 1788 ei
2599 1734 2664 1787 de
2693 1750 2826 1787 auro
2855 1734 3084 1787 Arabiat.
3119 1753 3136 1785 ι
3168 1732 3275 1788 Pro
3296 1734 3390 1787 illo
3418 1748 3510 1787 au—

1952 1832 2084 1888 tem,
2106 1842 2125 1875 ι
2144 1823 2413 1886 Arabia,»
2442 1810 2657 1879 rursum
2689 1823 2951 1879 Hebraica
2982 1825 3254 1893 scriptura
3278 1843 3297 1874 ‹
3330 1824 3500 1878 Saba)

1954 1916 2264 1971 circumfert
2282 1932 2306 1992 ;.
2328 1932 2391 1970 ac
2420 1916 2612 1985 reliqui
2650 1918 2969 1986 interpretes
3017 1915 3179 1970 simili
3216 1912 3349 1969 v'oce
3378 1921 3507 1969 sunt

1954 2008 2058 2061 usi.
2093 2006 2297 2063 Dixerit
2350 2009 2643 2078 quispiam.
2673 2006 2763 2061 hic
2797 2022 2987 2061 aurum
3027 2007 3234 2075 tropice
3266 2007 3508 2060 indicare

1952 2101 2298 2169 purissimam
2329 2100 2383 2153 in
2414 2100 2729 2154 hominibus
2775 2108 3027 2153 mentem.
3088 2099 3392 2153 Secundum
3428 2098 3509 2151 hi-
3566 2158 3577 2168 ,

1954 2189 2174 2242 storiam
2203 2196 2380 2242 autem
2408 2189 2681 2258 impletum
2712 2187 2844 2242 illud
2875 2188 2995 2252 fuit,
3030 2189 3243 2258 quando
3267 2188 3404 2257 magi
3435 2188 3509 2240 ab

1953 2280 2171 2335 Oriente
2240 2277 2526 2342 venerunt,
2583 2287 2636 2334 et
2699 2280 3040 2335 Servatorem
3088 2291 3216 2335 tunc
3280 2296 3505 2350 puerum

1954 2372 2339 2432 adoraverunt,’
2362 2371 2778 2440 obtuleruntque
2804 2372 2851 2425 ei
2878 2387 3087 2441 aurum,
3120 2373 3245 2427 thus
3275 2379 3326 2425 et
3356 2384 3513 2441 myr-

1951 2450 2123 2513 rham.
2158 2448 2294 2511 Num
2329 2459 2465 2514 forte
2518 2460 2669 2523 illud,
2704 2478 2723 2511 ι
2758 2462 2917 2523 vivet,
2952 2481 2969 2511 ι
3010 2462 3063 2515 in
3107 2461 3159 2514 id
3194 2471 3401 2528 tempus
3426 2446 3505 2514 is.

1952 2549 2175 2610 feratur,
2210 2566 2318 2618 quo
2365 2549 2558 2602 infanti
2598 2548 2726 2605 Jesu
2756 2550 2982 2605 insidias
3014 2566 3210 2620 parans
3241 2550 3501 2607 Herodes.

1956 2635 2224 2693 «mittens
2280 2640 2478 2695 occidit
2537 2656 2727 2695 omnes
2768 2656 2988 2709 pueros,
3031 2641 3121 2709 qui
3168 2648 3324 2694 erant
3354 2640 3500 2693 circa

1949 2726 2258 2781 Bethlehem
2278 2743 2306 2780 a
2322 2728 2526 2781 bimatu
2548 2737 2597 2781 et
2617 2727 2777 2786 infra,
2803 2729 3097 2782 secundum
3118 2735 3329 2797 tempus
3357 2726 3507 2796 quod

1949 2817 2277 2885 exquisierat
2322 2831 2349 2869 a
2397 2816 2649 2886 magis".
2684 2838 2701 2868 ι
2735 2817 2888 2870 Tune
2920 2818 3063 2870 enim
3108 2832 3371 2886 responso
3403 2832 3501 2870 ac-

1949 2917 2125 2977 cepto,
2162 2906 2359 2977 Joseph
2388 2909 2679 2977 assumpsit
2711 2907 2931 2960 Mariam
2964 2908 3245 2977 coniugem
3269 2923 3422 2963 suam
3446 2915 3503 2962 et

1949 3015 2195 3068 puerum,
2230 3006 2282 3053 et
2313 3000 2537 3055 secessit
2576 3002 2631 3053 in
2669 2998 2979 3069 Egyptum.
3012 2998 3191 3065 Quare
3221 2998 3336 3053 haec
3360 3013 3501 3068 pro-

1950 3090 2129 3159 phetia
2155 3090 2499 3145 vaticinando
2523 3091 2850 3160 praenuntiat
2872 3108 2895 3141 :i
2912 3107 2929 3139 ι
2953 3086 3108 3143 Vivet
3136 3094 3189 3142 et
3208 3088 3425 3143 dabitur
3446 3085 3505 3145 et

1949 3180 2014 3234 de
2042 3195 2175 3233 auro
2202 3180 2432 3241 Arabire,
2467 3200 2484 3230 ι
2519 3196 2612 3234 seu
2640 3179 2705 3233 de
2732 3177 2904 3243 Saba;
2937 3192 2999 3230 ac
3026 3178 3071 3232 si
3090 3177 3327 3247 apertius
3352 3177 3507 3231 dice-

1950 3280 2052 3335 ret,
2091 3291 2108 3324 ι
2143 3274 2332 3327 electo.
2374 3292 2392 3325 ι
2433 3272 2566 3326 Nam
2598 3272 2711 3325 hmc
2741 3270 2893 3339 regio
2946 3269 3085 3322 Saba
3126 3278 3180 3323 et
3224 3278 3358 3339 gens
3401 3266 3509 3321 Sa-

1947 3357 2236 3421 baitarum,
2255 3358 2455 3411 dicitur
2470 3374 2592 3413 esse
2606 3357 2833 3416 Arabiae,
2845 3372 3004 3426 quam
3018 3355 3253 3412 Felicem
3268 3362 3499 3415 vocant:

1922 3465 2012 3503 rex
2043 3463 2150 3517 qua
2186 3448 2459 3503 Salomoni
2502 3463 2716 3517 quoque
2751 3448 2971 3499 allatum
3009 3462 3131 3501 cum
3163 3448 3284 3503 aliis
3332 3447 3512 3502 fuisse

1948 3554 2138 3594 aurum
2176 3541 2403 3594 electum
2450 3552 2752 3594 enarratur.
2793 3536 2855 3591 Et
2893 3538 3026 3594 alias
3068 3553 3287 3609 quoque
3324 3539 3379 3594 in
3408 3554 3507 3605 ec:

1948 3631 2129 3686 clesiis
2157 3631 2360 3686 Christi
2391 3631 2601 3685 inﬁnita
2636 3631 2879 3687 videmus
2912 3646 2977 3684 ex
3007 3643 3139 3683 auro
3166 3644 3303 3698 puro
3328 3628 3510 3687 cime-

1947 3726 2019 3779 lia
2055 3727 2112 3780 in
2153 3726 2273 3794 ejus
2300 3726 2559 3782 honorem
2612 3731 2948 3779 consecrata.
2983 3719 3177 3776 Merito
3204 3720 3370 3792 igitur
3394 3714 3507 3773 ho-

1946 3830 2065 3869 rum
2120 3817 2383 3870 memoria
2425 3830 2766 3886 nequaquam
2818 3812 3178 3882 praetermissa
3217 3809 3337 3866 fuit.
3375 3808 3499 3867 Mox

1946 3904 2313 3973 subjungitur,
2342 3922 2360 3954 ‹
2392 3904 2470 3958 Et
2500 3905 2735 3958 orabunt
2760 3901 2825 3955 de
2853 3903 2971 3970 ipso
3012 3904 3243 3970 semper,
3266 3907 3378 3953 tota
3410 3900 3504 3956 diu

1947 3995 2145 4065 singuli
2192 3995 2513 4049 benedicent
2559 4009 2704 4048 eum.
2742 4012 2760 4045 ι
2794 3991 2911 4047 Νοιι
2937 3982 3122 4045 multis
3151 3989 3329 4044 verbis
3361 4005 3502 4060 opus

1948 4084 2015 4138 ad
2056 4084 2439 4139 declarandum
2466 4098 2574 4153 quo
2602 4091 2761 4151 pacto
2795 4095 2983 4137 omnes
3010 4082 3103 4149 qui
3138 4081 3194 4134 in
3217 4079 3495 4137 Christum

1946 4173 2041 4230 Dei
2088 4174 2453 4236 crediderunt,
2495 4172 2866 4227 indesinenter
2895 4182 3083 4241 preces
3115 4168 3341 4224 eti‘erant
3366 4187 3391 4250 μ
3428 4169 3501 4224 de

1947 4266 2061 4331 illo,
2088 4283 2112 4317 ι
2155 4271 2213 4318 ιιι
2243 4264 2391 4317 illum
2428 4278 2641 4333 semper
2688 4278 2872 4318 secum
2910 4261 3167 4324 habeant,
3196 4264 3254 4316 et
3284 4259 3498 4329 adjuto~

1946 4372 2061 4413 rem
2093 4358 2148 4411 in
2170 4356 2423 4411 omnibus
2442 4356 2849 4429 nanciscantur.
2880 4351 3034 4418 Quod
3050 4360 3227 4405 autem
3255 4340 3502 4420 quotidie

1950 4446 2149 4515 singuli
2178 4443 2500 4500 benedicant
2527 4444 2597 4506 ei,
2635 4442 2759 4512 quis
2798 4439 3167 4495 dubitaverit?
3185 4453 3308 4497 nam
3337 4448 3500 4493 nocte

1920 4542 1999 4593 et
2030 4537 2117 4591 die
2144 4536 2336 4588 animat
2370 4533 2611 4589 omnium
2636 4534 2688 4585 in
2714 4534 2891 4600 ipsum
2925 4531 3135 4584 sincere
3160 4527 3495 4583 credentium

1878 4648 1921 4702 ι)
1948 4627 2302 4698 frequentius,
2331 4640 2489 4695 quam
2523 4623 2809 4690 respirent,
2834 4634 3031 4673 nomen
3066 4618 3185 4688 ejus
3214 4617 3495 4702 colunt-ao

1950 4696 2297 4778 venerantur,
2329 4715 2539 4783 ipsique
2566 4709 2888 4765 benedicunt
2917 4724 2931 4759 :
2963 4716 3123 4762 certae
3153 4709 3208 4762 in
3239 4724 3298 4762 se
3332 4696 3496 4766 mile;

1949 4807 2021 4861 cli
2052 4805 2211 4859 talem
2256 4800 2705 4858 benedictionem,
2742 4795 3038 4850 secundum
3068 4794 3172 4849 hoc
3213 4796 3266 4849 in
3306 4811 3496 4865 perso-

1950 4909 2073 4949 nam
2097 4889 2301 4947 Christi
2339 4887 2539 4941 dictum
2574 4899 2588 4935 ε
2623 4902 2642 4934 ι
2674 4883 2777 4949 Qui
2812 4881 3135 4937 benedicunt
3180 4880 3300 4943 tibi,
3328 4880 3494 4936 bene-

1947 4983 2077 5038 dicti
2117 4972 2261 5045 sunt,
2296 4984 2350 5032 et
2380 4974 2472 5047 qui
2518 4974 2850 5030 maledicunt
2899 4973 3026 5035 tibi,
3068 4970 3438 5027 maledicti'h
3466 4989 3488 5018 ι

1946 5072 2305 5140 Quamobrem
2333 5066 2572 5138 quotidie
2594 5067 2791 5121 crescit
2818 5072 2872 5118 et
2897 5069 3124 5131 augetur
3149 5060 3492 5116 Christiano-

1944 5177 2065 5217 rum
2115 5174 2303 5229 genus,
2334 5157 2479 5227 quod
2520 5154 2916 5211 benedictionis
2964 5151 3056 5206 Dei
3099 5164 3323 5207 consors
3364 5155 3485 5203 est:

1947 5263 2007 5300 ea
2041 5246 2238 5314 quippe
2269 5243 2489 5307 fruitur,
2535 5244 2661 5313 quia
2699 5254 2912 5309 semper
2942 5239 3159 5301 Christo
3192 5236 3363 5305 ipsius
3393 5234 3487 5291 be-

1948 5334 2186 5398 nedicit,
2245 5334 2540 5388 secundum
2596 5332 2734 5386 hanc
2772 5329 3105 5397 Scripturam
3157 5326 3423 5380 dicentem
3464 5343 3483 5379 :

1949 5443 1967 5476 ι
2006 5423 2141 5477 Tota
2164 5424 2250 5478 die
2281 5424 2598 5480 benedicent
2631 5424 2705 5479 ei.
2741 5441 2763 5473 ι
2788 5419 3096 5488 Eorumque
3132 5430 3356 5471 causam
3385 5416 3486 5470 de-

1941 5516 2109 5571 clarat
2131 5514 2317 5569 dicens
2349 5532 2363 5567 :
2396 5530 2414 5566 ι
2449 5512 2563 5567 Erit
2592 5507 3234 5575 ﬁrmamentum‘interra
3254 5507 3311 5561 in
3337 5502 3491 5561 sum-
3538 5574 3541 5575 ν

1939 5607 2044 5661 mis
2077 5606 2359 5660 montium.
2399 5624 2418 5658 ι
2458 5604 2551 5659 His
2591 5608 2787 5658 autent
2811 5601 3012 5656 indicat
3044 5587 3339 5655 Ecciaism'
3365 5595 3495 5665 ejus

1940 5699 1995 5753 in
2024 5697 2175 5753 ﬁrma
2204 5698 2424 5757 virtutis
2464 5698 2635 5770 ipsius
2666 5702 2821 5769 petra
2861 5690 3145 5749 fundatam
3195 5690 3496 5745 ﬁrmatam-
