  <div class='ocr_page' id='page_1' title='image "/cluster/home/n/w/nwhite01/storage/ocr_20150623/23/coo.31924054873041/423.png"; bbox 0 0 4300 6408; ppageno 0'>
   <div class='ocr_carea' id='block_1_1' title="bbox 762 496 863 559">
    <p class='ocr_par' dir='ltr' id='par_1_1' title="bbox 762 496 863 559">
     <span class='ocr_line' id='line_1_1' title="bbox 762 496 863 559; baseline 0 -9"><span class='ocrx_word' id='word_1_1' title='bbox 762 496 863 559; x_wconf 70' lang='grc'><strong>815</strong></span> 
     </span>
    </p>
   </div>
   <div class='ocr_carea' id='block_1_2' title="bbox 1419 486 3270 559">
    <p class='ocr_par' dir='ltr' id='par_1_2' title="bbox 1419 486 3270 559">
     <span class='ocr_line' id='line_1_2' title="bbox 1419 486 3270 559; baseline -0.002 -14"><span class='ocrx_word' id='word_1_2' title='bbox 1419 488 1683 547; x_wconf 83' lang='lat' dir='ltr'><strong>EUSEBH</strong></span> <span class='ocrx_word' id='word_1_3' title='bbox 1722 487 2196 546; x_wconf 72' lang='lat' dir='ltr'><strong>CJESAMENSlS</strong></span> <span class='ocrx_word' id='word_1_4' title='bbox 2234 487 2384 543; x_wconf 86' lang='lat' dir='ltr'><strong>OPP.</strong></span> <span class='ocrx_word' id='word_1_5' title='bbox 2427 486 2607 542; x_wconf 69' lang='lat' dir='ltr'><strong>PARS</strong></span> <span class='ocrx_word' id='word_1_6' title='bbox 2649 486 2823 542; x_wconf 78' lang='lat' dir='ltr'><strong>HL—</strong></span> <span class='ocrx_word' id='word_1_7' title='bbox 2848 487 3270 559; x_wconf 75' lang='lat' dir='ltr'><strong>EXEGETlCA.</strong></span> 
     </span>
    </p>
   </div>
   <div class='ocr_carea' id='block_1_3' title="bbox 3810 489 3980 544">
    <p class='ocr_par' dir='ltr' id='par_1_3' title="bbox 3810 489 3980 544">
     <span class='ocr_line' id='line_1_3' title="bbox 3810 489 3980 544; baseline 0.018 -3"><span class='ocrx_word' id='word_1_8' title='bbox 3810 540 3813 541; x_wconf 65' lang='lat'>,</span> <span class='ocrx_word' id='word_1_9' title='bbox 3874 489 3980 544; x_wconf 67' lang='grc'><strong>816</strong></span> 
     </span>
    </p>
   </div>
   <div class='ocr_carea' id='block_1_4' title="bbox 760 602 2458 707">
    <p class='ocr_par' dir='ltr' id='par_1_4' title="bbox 760 607 2458 707">
     <span class='ocr_line' id='line_1_4' title="bbox 760 607 2458 707; baseline -0.006 -37"><span class='ocrx_word' id='word_1_10' title='bbox 760 628 884 683; x_wconf 86' lang='lat' dir='ltr'><strong>que,</strong></span> <span class='ocrx_word' id='word_1_11' title='bbox 909 613 1103 668; x_wconf 85' lang='lat' dir='ltr'><strong>elatam</strong></span> <span class='ocrx_word' id='word_1_12' title='bbox 1126 613 1253 666; x_wconf 92' lang='lat' dir='ltr'><strong>item</strong></span> <span class='ocrx_word' id='word_1_13' title='bbox 1282 607 1657 678; x_wconf 68' lang='lat' dir='ltr'><strong>etexalt&#39;atam,</strong></span> <span class='ocrx_word' id='word_1_14' title='bbox 1680 620 1733 668; x_wconf 89' lang='lat' dir='ltr'><strong>et</strong></span> <span class='ocrx_word' id='word_1_15' title='bbox 1762 627 1919 681; x_wconf 78' lang='lat' dir='ltr'><strong>quasr</strong></span> <span class='ocrx_word' id='word_1_16' title='bbox 1952 611 2004 665; x_wconf 92' lang='lat' dir='ltr'><strong>in</strong></span> <span class='ocrx_word' id='word_1_17' title='bbox 2036 611 2319 666; x_wconf 84' lang='lat' dir='ltr'><strong>cacumine</strong></span> <span class='ocrx_word' id='word_1_18' title='bbox 2347 654 2390 707; x_wconf 56' lang='grc' dir='ltr'>Δ</span> <span class='ocrx_word' id='word_1_19' title='bbox 2416 609 2458 661; x_wconf 83' lang='grc' dir='ltr'><strong>λι</strong></span> 
     </span>
    </p>
   </div>
   <div class='ocr_carea' id='block_1_5' title="bbox 2279 602 3977 707">
    <p class='ocr_par' dir='ltr' id='par_1_5' title="bbox 2279 602 3977 707">
     <span class='ocr_line' id='line_1_5' title="bbox 2279 602 3977 707; baseline -0.004 -43"><span class='ocrx_word' id='word_1_20' title='bbox 2279 625 2319 664; x_wconf 75' lang='grc' dir='ltr'><strong>ιθ</strong></span> <span class='ocrx_word' id='word_1_21' title='bbox 2347 654 2390 707; x_wconf 57' lang='grc' dir='ltr'>Δ</span> <span class='ocrx_word' id='word_1_22' title='bbox 2416 609 2646 673; x_wconf 87' lang='grc' dir='ltr'>λείπτως</span> <span class='ocrx_word' id='word_1_23' title='bbox 2690 607 2781 661; x_wconf 82' lang='grc' dir='ltr'><strong>τὸν</strong></span> <span class='ocrx_word' id='word_1_24' title='bbox 2826 608 3056 677; x_wconf 84' lang='grc' dir='ltr'>Χριστὸν</span> <span class='ocrx_word' id='word_1_25' title='bbox 3093 603 3256 658; x_wconf 77' lang='grc' dir='ltr'>αὐτοῦ</span> <span class='ocrx_word' id='word_1_26' title='bbox 3300 605 3535 671; x_wconf 81' lang='grc' dir='ltr'>εὐλογεῖν</span> <span class='ocrx_word' id='word_1_27' title='bbox 3576 602 3874 666; x_wconf 71' lang='grc' dir='ltr'><strong>ἀκολούθως</strong></span> <span class='ocrx_word' id='word_1_28' title='bbox 3915 607 3977 675; x_wconf 73' lang='grc' dir='ltr'>τῇ</span> 
     </span>
    </p>
   </div>
   <div class='ocr_carea' id='block_1_6' title="bbox 759 703 2308 772">
    <p class='ocr_par' dir='ltr' id='par_1_6' title="bbox 759 703 2308 772">
     <span class='ocr_line' id='line_1_6' title="bbox 759 703 2308 772; baseline -0.002 -14"><span class='ocrx_word' id='word_1_29' title='bbox 759 705 1020 758; x_wconf 77' lang='lat' dir='ltr'><strong>montium</strong></span> <span class='ocrx_word' id='word_1_30' title='bbox 1047 704 1227 767; x_wconf 81' lang='lat' dir='ltr'><strong>sitam,</strong></span> <span class='ocrx_word' id='word_1_31' title='bbox 1274 703 1327 757; x_wconf 91' lang='lat' dir='ltr'><strong>in</strong></span> <span class='ocrx_word' id='word_1_32' title='bbox 1361 703 1691 772; x_wconf 79' lang='lat' dir='ltr'><strong>propheticis</strong></span> <span class='ocrx_word' id='word_1_33' title='bbox 1745 703 1952 757; x_wconf 83' lang='lat' dir='ltr'><strong>seilicet</strong></span> <span class='ocrx_word' id='word_1_34' title='bbox 1985 708 2038 756; x_wconf 88' lang='lat' dir='ltr'><strong>et</strong></span> <span class='ocrx_word' id='word_1_35' title='bbox 2087 711 2308 770; x_wconf 90' lang='lat' dir='ltr'><strong>aposto-</strong></span> 
     </span>
    </p>
   </div>
   <div class='ocr_carea' id='block_1_7' title="bbox 722 793 2308 865">
    <p class='ocr_par' dir='ltr' id='par_1_7' title="bbox 722 793 2308 865">
     <span class='ocr_line' id='line_1_7' title="bbox 722 793 2308 865; baseline 0 -16"><span class='ocrx_word' id='word_1_36' title='bbox 722 856 725 859; x_wconf 94' lang='lat'><strong><em>_</em></strong></span> <span class='ocrx_word' id='word_1_37' title='bbox 758 797 878 851; x_wconf 91' lang='lat' dir='ltr'><strong>licis</strong></span> <span class='ocrx_word' id='word_1_38' title='bbox 900 794 1099 862; x_wconf 82' lang='lat' dir='ltr'><strong>verbis,</strong></span> <span class='ocrx_word' id='word_1_39' title='bbox 1132 794 1288 865; x_wconf 87' lang='lat' dir='ltr'><strong>queis</strong></span> <span class='ocrx_word' id='word_1_40' title='bbox 1324 793 1565 851; x_wconf 85' lang='lat' dir='ltr'><strong>Ecclesia</strong></span> <span class='ocrx_word' id='word_1_41' title='bbox 1621 794 1929 850; x_wconf 86' lang='lat' dir='ltr'><strong>Servatoris</strong></span> <span class='ocrx_word' id='word_1_42' title='bbox 1962 795 2137 849; x_wconf 82' lang='lat' dir='ltr'><strong>nostri</strong></span> <span class='ocrx_word' id='word_1_43' title='bbox 2178 810 2308 851; x_wconf 88' lang='lat' dir='ltr'><strong>con-</strong></span> 
     </span>
    </p>
   </div>
   <div class='ocr_carea' id='block_1_8' title="bbox 758 888 1007 941">
    <p class='ocr_par' dir='ltr' id='par_1_8' title="bbox 758 888 1007 941">
     <span class='ocr_line' id='line_1_8' title="bbox 758 888 1007 941; baseline 0.004 -1"><span class='ocrx_word' id='word_1_44' title='bbox 758 888 1007 941; x_wconf 73' lang='lat' dir='ltr'><strong>struitur.</strong></span> 
     </span>
    </p>
   </div>
   <div class='ocr_carea' id='block_1_9' title="bbox 2422 695 3981 770">
    <p class='ocr_par' dir='ltr' id='par_1_9' title="bbox 2422 695 3981 770">
     <span class='ocr_line' id='line_1_9' title="bbox 2422 695 3981 770; baseline -0.002 -18"><span class='ocrx_word' id='word_1_45' title='bbox 2422 699 2559 769; x_wconf 80' lang='grc' dir='ltr'>μετὰ</span> <span class='ocrx_word' id='word_1_46' title='bbox 2588 701 2772 770; x_wconf 80' lang='grc' dir='ltr'>χεῖρας</span> <span class='ocrx_word' id='word_1_47' title='bbox 2808 699 2993 767; x_wconf 79' lang='grc' dir='ltr'>γραφῇ</span> <span class='ocrx_word' id='word_1_48' title='bbox 3031 695 3311 767; x_wconf 81' lang='grc' dir='ltr'>φασκούσῃ</span> <span class='ocrx_word' id='word_1_49' title='bbox 3334 712 3347 726; x_wconf 74' lang='grc' dir='ltr'><strong>ο</strong></span> <span class='ocrx_word' id='word_1_50' title='bbox 3393 714 3411 747; x_wconf 77' lang='grc' dir='ltr'><strong>ι</strong></span> <span class='ocrx_word' id='word_1_51' title='bbox 3447 695 3610 766; x_wconf 82' lang='grc' dir='ltr'>Ὅλην</span> <span class='ocrx_word' id='word_1_52' title='bbox 3649 695 3745 767; x_wconf 78' lang='grc' dir='ltr'>τὴν</span> <span class='ocrx_word' id='word_1_53' title='bbox 3769 696 3981 768; x_wconf 73' lang='grc' dir='ltr'>ἡμέραν</span> 
     </span>
    </p>
   </div>
   <div class='ocr_carea' id='block_1_10' title="bbox 2415 787 3981 861">
    <p class='ocr_par' dir='ltr' id='par_1_10' title="bbox 2415 787 3981 861">
     <span class='ocr_line' id='line_1_10' title="bbox 2415 787 3981 861; baseline -0.001 -18"><span class='ocrx_word' id='word_1_54' title='bbox 2415 791 2794 861; x_wconf 82' lang='grc' dir='ltr'>εύλογήσουσιν</span> <span class='ocrx_word' id='word_1_55' title='bbox 2848 789 3029 841; x_wconf 78' lang='grc' dir='ltr'>αὐτόν·</span> <span class='ocrx_word' id='word_1_56' title='bbox 3073 806 3091 839; x_wconf 75' lang='grc' dir='ltr'><strong>ι</strong></span> <span class='ocrx_word' id='word_1_57' title='bbox 3131 789 3239 840; x_wconf 78' lang='grc' dir='ltr'>Καὶ</span> <span class='ocrx_word' id='word_1_58' title='bbox 3272 787 3334 839; x_wconf 83' lang='grc' dir='ltr'><strong>τὸ</strong></span> <span class='ocrx_word' id='word_1_59' title='bbox 3369 787 3570 840; x_wconf 89' lang='grc' dir='ltr'>τούτων</span> <span class='ocrx_word' id='word_1_60' title='bbox 3613 787 3778 839; x_wconf 82' lang='grc' dir='ltr'>αίτιον</span> <span class='ocrx_word' id='word_1_61' title='bbox 3816 787 3981 857; x_wconf 85' lang='grc' dir='ltr'>παρί-</span> 
     </span>
    </p>
   </div>
   <div class='ocr_carea' id='block_1_11' title="bbox 2412 878 3979 953">
    <p class='ocr_par' dir='ltr' id='par_1_11' title="bbox 2412 878 3979 953">
     <span class='ocr_line' id='line_1_11' title="bbox 2412 878 3979 953; baseline -0.002 -18"><span class='ocrx_word' id='word_1_62' title='bbox 2412 899 2569 953; x_wconf 89' lang='grc' dir='ltr'>στησι</span> <span class='ocrx_word' id='word_1_63' title='bbox 2598 880 2768 949; x_wconf 86' lang='grc' dir='ltr'>λέγων</span> <span class='ocrx_word' id='word_1_64' title='bbox 2787 898 2799 909; x_wconf 90' lang='grc'><strong>·</strong></span> <span class='ocrx_word' id='word_1_65' title='bbox 2842 900 2859 929; x_wconf 81' lang='grc' dir='ltr'><strong>ι</strong></span> <span class='ocrx_word' id='word_1_66' title='bbox 2905 881 3093 932; x_wconf 84' lang='grc' dir='ltr'>Ἔσται</span> <span class='ocrx_word' id='word_1_67' title='bbox 3124 880 3397 948; x_wconf 81' lang='grc' dir='ltr'><strong>στήριγμα</strong></span> <span class='ocrx_word' id='word_1_68' title='bbox 3422 879 3480 929; x_wconf 79' lang='grc' dir='ltr'><strong>έν</strong></span> <span class='ocrx_word' id='word_1_69' title='bbox 3501 880 3565 947; x_wconf 79' lang='grc' dir='ltr'>τῇ</span> <span class='ocrx_word' id='word_1_70' title='bbox 3600 880 3670 947; x_wconf 85' lang='grc' dir='ltr'>γῇ</span> <span class='ocrx_word' id='word_1_71' title='bbox 3697 878 3781 930; x_wconf 75' lang='grc' dir='ltr'><strong>ἐπ’</strong></span> <span class='ocrx_word' id='word_1_72' title='bbox 3811 879 3979 949; x_wconf 81' lang='grc' dir='ltr'><strong>ἄκρου</strong></span> 
     </span>
    </p>
   </div>
   <div class='ocr_carea' id='block_1_12' title="bbox 754 960 3979 1048">
    <p class='ocr_par' dir='ltr' id='par_1_12' title="bbox 754 960 3979 1048">
     <span class='ocr_line' id='line_1_12' title="bbox 754 960 3979 1048; baseline -0.002 -17"><span class='ocrx_word' id='word_1_73' title='bbox 754 978 855 1031; x_wconf 71' lang='grc' dir='ltr'><strong>τῶν</strong></span> <span class='ocrx_word' id='word_1_74' title='bbox 894 977 1080 1048; x_wconf 82' lang='grc' dir='ltr'>ὀρέων.</span> <span class='ocrx_word' id='word_1_75' title='bbox 1116 996 1133 1029; x_wconf 71' lang='grc' dir='ltr'><strong>ι</strong></span> <span class='ocrx_word' id='word_1_76' title='bbox 1164 978 1316 1030; x_wconf 72' lang='grc' dir='ltr'>Οὕτω</span> <span class='ocrx_word' id='word_1_77' title='bbox 1348 977 1404 1030; x_wconf 81' lang='grc' dir='ltr'><strong>δὲ</strong></span> <span class='ocrx_word' id='word_1_78' title='bbox 1444 974 1694 1047; x_wconf 77' lang='grc' dir='ltr'><strong>σημαίνει</strong></span> <span class='ocrx_word' id='word_1_79' title='bbox 1738 976 1835 1047; x_wconf 70' lang='grc' dir='ltr'>τὴν</span> <span class='ocrx_word' id='word_1_80' title='bbox 1873 975 2195 1043; x_wconf 76' lang='grc' dir='ltr'><strong>Ἐκκλησίαν</strong></span> <span class='ocrx_word' id='word_1_81' title='bbox 2218 975 2380 1027; x_wconf 78' lang='grc' dir='ltr'>αὑτοῦ</span> <span class='ocrx_word' id='word_1_82' title='bbox 2420 975 2885 1045; x_wconf 85' lang='grc' dir='ltr'>τεθεμελιωμένην</span> <span class='ocrx_word' id='word_1_83' title='bbox 2930 960 3023 1025; x_wconf 74' lang='grc' dir='ltr'><strong>καὶ</strong></span> <span class='ocrx_word' id='word_1_84' title='bbox 3060 970 3455 1042; x_wconf 81' lang='grc' dir='ltr'>έστηριγμένην</span> <span class='ocrx_word' id='word_1_85' title='bbox 3487 970 3578 1021; x_wconf 73' lang='grc' dir='ltr'>ἐπὶ</span> <span class='ocrx_word' id='word_1_86' title='bbox 3622 969 3719 1039; x_wconf 82' lang='grc' dir='ltr'><strong>τὴν</strong></span> <span class='ocrx_word' id='word_1_87' title='bbox 3763 970 3979 1041; x_wconf 73' lang='grc' dir='ltr'>ἀρραγῆ</span> 
     </span>
    </p>
   </div>
   <div class='ocr_carea' id='block_1_13' title="bbox 752 1064 3983 1142">
    <p class='ocr_par' dir='ltr' id='par_1_13' title="bbox 752 1064 3983 1142">
     <span class='ocr_line' id='line_1_13' title="bbox 752 1064 3983 1142; baseline -0.003 -16"><span class='ocrx_word' id='word_1_88' title='bbox 752 1072 849 1142; x_wconf 86' lang='grc' dir='ltr'><strong>τῆς</strong></span> <span class='ocrx_word' id='word_1_89' title='bbox 880 1072 1041 1126; x_wconf 81' lang='grc' dir='ltr'>αὑτοῦ</span> <span class='ocrx_word' id='word_1_90' title='bbox 1067 1071 1343 1141; x_wconf 79' lang='grc' dir='ltr'>δυνάμεως</span> <span class='ocrx_word' id='word_1_91' title='bbox 1372 1070 1589 1141; x_wconf 85' lang='grc' dir='ltr'>πέτραν,</span> <span class='ocrx_word' id='word_1_92' title='bbox 1638 1069 1953 1141; x_wconf 76' lang='grc' dir='ltr'><strong>ἐπηρμένην</strong></span> <span class='ocrx_word' id='word_1_93' title='bbox 2014 1070 2069 1122; x_wconf 79' lang='grc' dir='ltr'>δὲ</span> <span class='ocrx_word' id='word_1_94' title='bbox 2103 1069 2197 1122; x_wconf 70' lang='grc' dir='ltr'><strong>καὶ</strong></span> <span class='ocrx_word' id='word_1_95' title='bbox 2262 1069 2573 1140; x_wconf 69' lang='grc' dir='ltr'>ύψωμένην,</span> <span class='ocrx_word' id='word_1_96' title='bbox 2608 1070 2682 1132; x_wconf 85' lang='grc' dir='ltr'>ὼς</span> <span class='ocrx_word' id='word_1_97' title='bbox 2712 1070 2777 1123; x_wconf 82' lang='grc' dir='ltr'><strong>ἂν</strong></span> <span class='ocrx_word' id='word_1_98' title='bbox 2814 1068 2903 1121; x_wconf 75' lang='grc' dir='ltr'>ἐπὶ</span> <span class='ocrx_word' id='word_1_99' title='bbox 2947 1067 3091 1139; x_wconf 80' lang='grc' dir='ltr'>ἄκρα</span> <span class='ocrx_word' id='word_1_100' title='bbox 3119 1067 3291 1136; x_wconf 83' lang='grc' dir='ltr'>ὀρέων</span> <span class='ocrx_word' id='word_1_101' title='bbox 3324 1064 3599 1135; x_wconf 81' lang='grc' dir='ltr'>κειμένην,</span> <span class='ocrx_word' id='word_1_102' title='bbox 3630 1064 3983 1135; x_wconf 80' lang='grc' dir='ltr'>προφητικῶν</span> 
     </span>
    </p>
   </div>
   <div class='ocr_carea' id='block_1_14' title="bbox 752 1160 3244 1236">
    <p class='ocr_par' dir='ltr' id='par_1_14' title="bbox 752 1160 3244 1236">
     <span class='ocr_line' id='line_1_14' title="bbox 752 1160 3244 1236; baseline -0.002 -19"><span class='ocrx_word' id='word_1_103' title='bbox 752 1165 948 1236; x_wconf 85' lang='grc' dir='ltr'>δηλαδὴ</span> <span class='ocrx_word' id='word_1_104' title='bbox 978 1166 1070 1219; x_wconf 66' lang='grc' dir='ltr'><strong>καὶ</strong></span> <span class='ocrx_word' id='word_1_105' title='bbox 1104 1162 1466 1218; x_wconf 82' lang='grc' dir='ltr'>ἀποστολικῶν</span> <span class='ocrx_word' id='word_1_106' title='bbox 1495 1162 1686 1229; x_wconf 81' lang='grc' dir='ltr'>λόγων,</span> <span class='ocrx_word' id='word_1_107' title='bbox 1716 1160 1795 1223; x_wconf 73' lang='grc' dir='ltr'>οἷς</span> <span class='ocrx_word' id='word_1_108' title='bbox 1822 1164 1854 1231; x_wconf 84' lang='grc' dir='ltr'>ἡ</span> <span class='ocrx_word' id='word_1_109' title='bbox 1902 1162 2193 1232; x_wconf 83' lang='grc' dir='ltr'>Ἐκκλησία</span> <span class='ocrx_word' id='word_1_110' title='bbox 2214 1161 2306 1215; x_wconf 87' lang='grc' dir='ltr'><strong>τοῦ</strong></span> <span class='ocrx_word' id='word_1_111' title='bbox 2334 1163 2582 1233; x_wconf 83' lang='grc' dir='ltr'>Σωτῆρος</span> <span class='ocrx_word' id='word_1_112' title='bbox 2612 1166 2643 1234; x_wconf 78' lang='grc' dir='ltr'>ἡ</span> <span class='ocrx_word' id='word_1_113' title='bbox 2654 1162 2767 1234; x_wconf 83' lang='grc' dir='ltr'><strong>μῶν</strong></span> <span class='ocrx_word' id='word_1_114' title='bbox 2800 1161 3244 1231; x_wconf 81' lang='grc' dir='ltr'>ἐποικοδομεῖται.</span> 
     </span>
    </p>
   </div>
   <div class='ocr_carea' id='block_1_15' title="bbox 824 1279 2303 1351">
    <p class='ocr_par' dir='ltr' id='par_1_15' title="bbox 824 1279 2303 1351">
     <span class='ocr_line' id='line_1_15' title="bbox 824 1279 2303 1351; baseline -0.001 -16"><span class='ocrx_word' id='word_1_115' title='bbox 824 1282 987 1337; x_wconf 73' lang='lat' dir='ltr'><strong>Vens.</strong></span> <span class='ocrx_word' id='word_1_116' title='bbox 1020 1283 1109 1351; x_wconf 66' lang='grc'>16,</span> <span class='ocrx_word' id='word_1_117' title='bbox 1156 1283 1239 1336; x_wconf 79' lang='grc'><strong>17.</strong></span> <span class='ocrx_word' id='word_1_118' title='bbox 1277 1299 1297 1331; x_wconf 83' lang='grc'><em>‹</em></span> <span class='ocrx_word' id='word_1_119' title='bbox 1339 1279 1804 1350; x_wconf 76' lang='lat' dir='ltr'><strong>Superextolletur</strong></span> <span class='ocrx_word' id='word_1_120' title='bbox 1848 1295 2011 1350; x_wconf 87' lang='lat' dir='ltr'><strong>super</strong></span> <span class='ocrx_word' id='word_1_121' title='bbox 2040 1279 2303 1334; x_wconf 78' lang='lat' dir='ltr'><strong>Libanum</strong></span> 
     </span>
    </p>
   </div>
   <div class='ocr_carea' id='block_1_16' title="bbox 750 1369 2302 1441">
    <p class='ocr_par' dir='ltr' id='par_1_16' title="bbox 750 1369 2302 1441">
     <span class='ocr_line' id='line_1_16' title="bbox 750 1369 2302 1441; baseline -0.003 -13"><span class='ocrx_word' id='word_1_122' title='bbox 750 1374 959 1429; x_wconf 78' lang='lat' dir='ltr'><strong>fructus</strong></span> <span class='ocrx_word' id='word_1_123' title='bbox 1014 1373 1156 1441; x_wconf 87' lang='lat' dir='ltr'><strong>ejus,</strong></span> <span class='ocrx_word' id='word_1_124' title='bbox 1188 1379 1245 1426; x_wconf 82' lang='lat' dir='ltr'><strong>et</strong></span> <span class='ocrx_word' id='word_1_125' title='bbox 1272 1371 1539 1426; x_wconf 89' lang='lat' dir='ltr'><strong>ﬂorebunt</strong></span> <span class='ocrx_word' id='word_1_126' title='bbox 1572 1371 1638 1424; x_wconf 87' lang='lat' dir='ltr'><strong>de</strong></span> <span class='ocrx_word' id='word_1_127' title='bbox 1683 1370 1901 1424; x_wconf 85' lang='lat' dir='ltr'><strong>civitate</strong></span> <span class='ocrx_word' id='word_1_128' title='bbox 1946 1370 2088 1424; x_wconf 82' lang='lat' dir='ltr'><strong>sicut</strong></span> <span class='ocrx_word' id='word_1_129' title='bbox 2122 1369 2302 1423; x_wconf 81' lang='lat' dir='ltr'><strong>fenum</strong></span> 
     </span>
    </p>
   </div>
   <div class='ocr_carea' id='block_1_17' title="bbox 754 1460 2303 1533">
    <p class='ocr_par' dir='ltr' id='par_1_17' title="bbox 754 1460 2303 1533">
     <span class='ocr_line' id='line_1_17' title="bbox 754 1460 2303 1533; baseline -0.001 -16"><span class='ocrx_word' id='word_1_130' title='bbox 754 1472 931 1519; x_wconf 64' lang='lat' dir='ltr'><strong>terra}.</strong></span> <span class='ocrx_word' id='word_1_131' title='bbox 976 1482 995 1515; x_wconf 75' lang='grc' dir='ltr'><strong>ι</strong></span> <span class='ocrx_word' id='word_1_132' title='bbox 1046 1464 1162 1529; x_wconf 81' lang='lat' dir='ltr'><strong>Qua</strong></span> <span class='ocrx_word' id='word_1_133' title='bbox 1208 1463 1417 1518; x_wconf 82' lang='lat' dir='ltr'><strong>ratione</strong></span> <span class='ocrx_word' id='word_1_134' title='bbox 1449 1461 1774 1524; x_wconf 85' lang='lat' dir='ltr'><strong>Ser&#39;vatoris,</strong></span> <span class='ocrx_word' id='word_1_135' title='bbox 1808 1463 1899 1531; x_wconf 89' lang='lat' dir='ltr'><strong>qui</strong></span> <span class='ocrx_word' id='word_1_136' title='bbox 1932 1460 1986 1515; x_wconf 92' lang='lat' dir='ltr'><strong>in</strong></span> <span class='ocrx_word' id='word_1_137' title='bbox 2021 1463 2303 1533; x_wconf 85' lang='lat' dir='ltr'><strong>prophetia</strong></span> 
     </span>
    </p>
   </div>
   <div class='ocr_carea' id='block_1_18' title="bbox 748 1548 2298 1622">
    <p class='ocr_par' dir='ltr' id='par_1_18' title="bbox 748 1548 2298 1622">
     <span class='ocr_line' id='line_1_18' title="bbox 748 1548 2298 1622; baseline -0.002 -13"><span class='ocrx_word' id='word_1_138' title='bbox 748 1555 1084 1617; x_wconf 88' lang='lat' dir='ltr'><strong>enuntiatur,</strong></span> <span class='ocrx_word' id='word_1_139' title='bbox 1132 1552 1343 1608; x_wconf 78' lang='lat' dir='ltr'><strong>fructus</strong></span> <span class='ocrx_word' id='word_1_140' title='bbox 1376 1568 1539 1622; x_wconf 82' lang='lat' dir='ltr'><strong>super</strong></span> <span class='ocrx_word' id='word_1_141' title='bbox 1578 1548 1841 1606; x_wconf 86' lang='lat' dir='ltr'><strong>Libanum</strong></span> <span class='ocrx_word' id='word_1_142' title='bbox 1893 1554 2159 1607; x_wconf 76' lang='lat' dir='ltr'><strong>exaltatus</strong></span> <span class='ocrx_word' id='word_1_143' title='bbox 2210 1553 2298 1615; x_wconf 80' lang='lat' dir='ltr'><strong>sit,</strong></span> 
     </span>
    </p>
   </div>
   <div class='ocr_carea' id='block_1_19' title="bbox 748 1642 2300 1713">
    <p class='ocr_par' dir='ltr' id='par_1_19' title="bbox 748 1642 2300 1713">
     <span class='ocr_line' id='line_1_19' title="bbox 748 1642 2300 1713; baseline -0.003 -15"><span class='ocrx_word' id='word_1_144' title='bbox 748 1644 1038 1713; x_wconf 80' lang='lat' dir='ltr'><strong>intelliges,</strong></span> <span class='ocrx_word' id='word_1_145' title='bbox 1063 1644 1108 1697; x_wconf 89' lang='lat' dir='ltr'><strong>si</strong></span> <span class='ocrx_word' id='word_1_146' title='bbox 1138 1643 1359 1712; x_wconf 80' lang='lat' dir='ltr'><strong>colligas</strong></span> <span class='ocrx_word' id='word_1_147' title='bbox 1378 1658 1438 1697; x_wconf 89' lang='lat' dir='ltr'><strong>ea</strong></span> <span class='ocrx_word' id='word_1_148' title='bbox 1460 1656 1579 1712; x_wconf 65' lang='lat' dir='ltr'><strong>quae</strong></span> <span class='ocrx_word' id='word_1_149' title='bbox 1598 1643 1649 1695; x_wconf 90' lang='lat' dir='ltr'><strong>in</strong></span> <span class='ocrx_word' id='word_1_150' title='bbox 1674 1642 1972 1711; x_wconf 90' lang='lat' dir='ltr'><strong>prophetiis</strong></span> <span class='ocrx_word' id='word_1_151' title='bbox 2001 1643 2068 1696; x_wconf 90' lang='lat' dir='ltr'><strong>de</strong></span> <span class='ocrx_word' id='word_1_152' title='bbox 2095 1642 2300 1696; x_wconf 85' lang='lat' dir='ltr'><strong>Libano</strong></span> 
     </span>
    </p>
   </div>
   <div class='ocr_carea' id='block_1_20' title="bbox 748 1730 2303 1803">
    <p class='ocr_par' dir='ltr' id='par_1_20' title="bbox 748 1730 2303 1803">
     <span class='ocr_line' id='line_1_20' title="bbox 748 1730 2303 1803; baseline -0.001 -16"><span class='ocrx_word' id='word_1_153' title='bbox 748 1732 1022 1787; x_wconf 87' lang='lat' dir='ltr'><strong>dicuntur.</strong></span> <span class='ocrx_word' id='word_1_154' title='bbox 1053 1732 1264 1787; x_wconf 88' lang='lat' dir='ltr'><strong>Dictum</strong></span> <span class='ocrx_word' id='word_1_155' title='bbox 1307 1733 1505 1803; x_wconf 89' lang='lat' dir='ltr'><strong>quippe</strong></span> <span class='ocrx_word' id='word_1_156' title='bbox 1546 1741 1630 1788; x_wconf 81' lang='lat' dir='ltr'><strong>est</strong></span> <span class='ocrx_word' id='word_1_157' title='bbox 1673 1733 1729 1784; x_wconf 90' lang='lat' dir='ltr'><strong>in</strong></span> <span class='ocrx_word' id='word_1_158' title='bbox 1771 1730 1909 1786; x_wconf 83' lang='lat' dir='ltr'><strong>Isaia</strong></span> <span class='ocrx_word' id='word_1_159' title='bbox 1942 1750 1952 1783; x_wconf 87' lang='lat'>:</span> <span class='ocrx_word' id='word_1_160' title='bbox 1991 1752 2007 1783; x_wconf 78' lang='grc' dir='ltr'><strong>ι</strong></span> <span class='ocrx_word' id='word_1_161' title='bbox 2037 1732 2174 1787; x_wconf 89' lang='lat' dir='ltr'><strong>Ecce</strong></span> <span class='ocrx_word' id='word_1_162' title='bbox 2207 1733 2303 1785; x_wconf 88' lang='lat' dir='ltr'><strong>Do-</strong></span> 
     </span>
    </p>
   </div>
   <div class='ocr_carea' id='block_1_21' title="bbox 745 1822 2301 1892">
    <p class='ocr_par' dir='ltr' id='par_1_21' title="bbox 745 1822 2301 1892">
     <span class='ocr_line' id='line_1_21' title="bbox 745 1822 2301 1892; baseline -0.002 -14"><span class='ocrx_word' id='word_1_163' title='bbox 745 1825 927 1878; x_wconf 88' lang='lat' dir='ltr'><strong>minus</strong></span> <span class='ocrx_word' id='word_1_164' title='bbox 982 1822 1218 1878; x_wconf 82' lang='lat' dir='ltr'><strong>Sabaoth</strong></span> <span class='ocrx_word' id='word_1_165' title='bbox 1269 1826 1557 1878; x_wconf 85' lang='lat' dir='ltr'><strong>conturbat</strong></span> <span class='ocrx_word' id='word_1_166' title='bbox 1605 1822 1878 1892; x_wconf 82' lang='lat' dir='ltr'><strong>gloriosos</strong></span> <span class='ocrx_word' id='word_1_167' title='bbox 1921 1839 2041 1878; x_wconf 90' lang='lat' dir='ltr'><strong>cum</strong></span> <span class='ocrx_word' id='word_1_168' title='bbox 2086 1822 2301 1877; x_wconf 83' lang='lat' dir='ltr'><strong>fortitu-</strong></span> 
     </span>
    </p>
   </div>
   <div class='ocr_carea' id='block_1_22' title="bbox 2490 1274 3977 1352">
    <p class='ocr_par' dir='ltr' id='par_1_22' title="bbox 2490 1274 3977 1352">
     <span class='ocr_line' id='line_1_22' title="bbox 2490 1274 3977 1352; baseline -0.005 -18"><span class='ocrx_word' id='word_1_169' title='bbox 2490 1301 2507 1333; x_wconf 77' lang='grc' dir='ltr'><strong>ι</strong></span> <span class='ocrx_word' id='word_1_170' title='bbox 2554 1282 3015 1352; x_wconf 85' lang='grc' dir='ltr'>’Υπεραρθήσεται</span> <span class='ocrx_word' id='word_1_171' title='bbox 3045 1280 3181 1348; x_wconf 81' lang='grc' dir='ltr'>ὑπὲρ</span> <span class='ocrx_word' id='word_1_172' title='bbox 3214 1277 3304 1329; x_wconf 85' lang='grc' dir='ltr'><strong>τὸν</strong></span> <span class='ocrx_word' id='word_1_173' title='bbox 3336 1275 3564 1329; x_wconf 84' lang='grc' dir='ltr'>Λίϐανον</span> <span class='ocrx_word' id='word_1_174' title='bbox 3588 1276 3615 1327; x_wconf 88' lang='lat'><strong>6</strong></span> <span class='ocrx_word' id='word_1_175' title='bbox 3641 1276 3844 1347; x_wconf 78' lang='grc' dir='ltr'>καρπὸς</span> <span class='ocrx_word' id='word_1_176' title='bbox 3879 1274 3977 1328; x_wconf 81' lang='grc' dir='ltr'>αύ-</span> 
     </span>
    </p>
   </div>
   <div class='ocr_carea' id='block_1_23' title="bbox 2409 1368 3975 1442">
    <p class='ocr_par' dir='ltr' id='par_1_23' title="bbox 2409 1368 3975 1442">
     <span class='ocr_line' id='line_1_23' title="bbox 2409 1368 3975 1442; baseline -0.006 -15"><span class='ocrx_word' id='word_1_177' title='bbox 2409 1374 2522 1437; x_wconf 87' lang='grc' dir='ltr'>τοῦ,</span> <span class='ocrx_word' id='word_1_178' title='bbox 2556 1374 2647 1427; x_wconf 78' lang='grc' dir='ltr'><strong>καὶ</strong></span> <span class='ocrx_word' id='word_1_179' title='bbox 2692 1372 3074 1442; x_wconf 83' lang='grc' dir='ltr'>ὲξανθήσουσιν</span> <span class='ocrx_word' id='word_1_180' title='bbox 3107 1371 3170 1421; x_wconf 84' lang='grc' dir='ltr'>ὲκ</span> <span class='ocrx_word' id='word_1_181' title='bbox 3218 1370 3419 1431; x_wconf 67' lang='grc' dir='ltr'>πόλεως</span> <span class='ocrx_word' id='word_1_182' title='bbox 3466 1368 3597 1419; x_wconf 74' lang='grc' dir='ltr'>ὡσεὶ</span> <span class='ocrx_word' id='word_1_183' title='bbox 3642 1368 3831 1437; x_wconf 82' lang='grc' dir='ltr'>χόρτος</span> <span class='ocrx_word' id='word_1_184' title='bbox 3877 1370 3975 1436; x_wconf 77' lang='grc' dir='ltr'><strong>τῆς</strong></span> 
     </span>
    </p>
   </div>
   <div class='ocr_carea' id='block_1_24' title="bbox 2409 1458 3978 1536">
    <p class='ocr_par' dir='ltr' id='par_1_24' title="bbox 2409 1458 3978 1536">
     <span class='ocr_line' id='line_1_24' title="bbox 2409 1458 3978 1536; baseline -0.008 -16"><span class='ocrx_word' id='word_1_185' title='bbox 2409 1469 2549 1536; x_wconf 61' lang='grc' dir='ltr'>γῆς·</span> <span class='ocrx_word' id='word_1_186' title='bbox 2581 1484 2599 1516; x_wconf 89' lang='grc'><strong>›</strong></span> <span class='ocrx_word' id='word_1_187' title='bbox 2631 1466 2815 1528; x_wconf 86' lang='grc' dir='ltr'><strong>Ὅπως</strong></span> <span class='ocrx_word' id='word_1_188' title='bbox 2849 1463 3128 1534; x_wconf 80' lang='grc' dir='ltr'>ὑπερήρθη</span> <span class='ocrx_word' id='word_1_189' title='bbox 3158 1460 3250 1513; x_wconf 89' lang='grc' dir='ltr'><strong>τοῦ</strong></span> <span class='ocrx_word' id='word_1_190' title='bbox 3285 1458 3759 1530; x_wconf 73' lang='grc' dir='ltr'>προφητευομένου</span> <span class='ocrx_word' id='word_1_191' title='bbox 3798 1458 3978 1527; x_wconf 84' lang='grc' dir='ltr'>Σωτῆ-</span> 
     </span>
    </p>
   </div>
   <div class='ocr_carea' id='block_1_25' title="bbox 2411 1548 3979 1625">
    <p class='ocr_par' dir='ltr' id='par_1_25' title="bbox 2411 1548 3979 1625">
     <span class='ocr_line' id='line_1_25' title="bbox 2411 1548 3979 1625; baseline -0.005 -17"><span class='ocrx_word' id='word_1_192' title='bbox 2411 1574 2502 1625; x_wconf 90' lang='grc' dir='ltr'><strong>ρος</strong></span> <span class='ocrx_word' id='word_1_193' title='bbox 2549 1556 2705 1625; x_wconf 76' lang='grc' dir='ltr'>ἡμῶν</span> <span class='ocrx_word' id='word_1_194' title='bbox 2758 1556 2785 1606; x_wconf 97' lang='lat'><strong>6</strong></span> <span class='ocrx_word' id='word_1_195' title='bbox 2832 1554 3039 1623; x_wconf 80' lang='grc' dir='ltr'>καρπὸς</span> <span class='ocrx_word' id='word_1_196' title='bbox 3078 1552 3217 1622; x_wconf 79' lang='grc' dir='ltr'>ὑπὲρ</span> <span class='ocrx_word' id='word_1_197' title='bbox 3260 1552 3349 1604; x_wconf 73' lang='grc' dir='ltr'><strong>τὸν</strong></span> <span class='ocrx_word' id='word_1_198' title='bbox 3396 1550 3623 1604; x_wconf 87' lang='grc' dir='ltr'>Λίϐανον</span> <span class='ocrx_word' id='word_1_199' title='bbox 3664 1551 3873 1620; x_wconf 81' lang='grc' dir='ltr'>νοήσεις</span> <span class='ocrx_word' id='word_1_200' title='bbox 3908 1548 3979 1600; x_wconf 76' lang='grc' dir='ltr'><strong>τά</strong></span> 
     </span>
    </p>
   </div>
   <div class='ocr_carea' id='block_1_26' title="bbox 2410 1641 3976 1716">
    <p class='ocr_par' dir='ltr' id='par_1_26' title="bbox 2410 1641 3976 1716">
     <span class='ocr_line' id='line_1_26' title="bbox 2410 1641 3976 1716; baseline -0.005 -17"><span class='ocrx_word' id='word_1_201' title='bbox 2410 1648 2537 1716; x_wconf 73' lang='grc' dir='ltr'>περὶ</span> <span class='ocrx_word' id='word_1_202' title='bbox 2566 1645 2658 1698; x_wconf 81' lang='grc' dir='ltr'><strong>τοῦ</strong></span> <span class='ocrx_word' id='word_1_203' title='bbox 2685 1646 2915 1699; x_wconf 89' lang='grc' dir='ltr'>Λιϐάνου</span> <span class='ocrx_word' id='word_1_204' title='bbox 2947 1647 3003 1697; x_wconf 83' lang='grc' dir='ltr'>ὲν</span> <span class='ocrx_word' id='word_1_205' title='bbox 3036 1643 3392 1714; x_wconf 76' lang='grc' dir='ltr'>προφητείαις</span> <span class='ocrx_word' id='word_1_206' title='bbox 3418 1641 3712 1711; x_wconf 81' lang='grc' dir='ltr'>λελεγμένα</span> <span class='ocrx_word' id='word_1_207' title='bbox 3744 1656 3976 1707; x_wconf 79' lang='grc' dir='ltr'>συναγα-</span> 
     </span>
    </p>
   </div>
   <div class='ocr_carea' id='block_1_27' title="bbox 2408 1732 3974 1807">
    <p class='ocr_par' dir='ltr' id='par_1_27' title="bbox 2408 1732 3974 1807">
     <span class='ocr_line' id='line_1_27' title="bbox 2408 1732 3974 1807; baseline -0.003 -19"><span class='ocrx_word' id='word_1_208' title='bbox 2408 1737 2539 1805; x_wconf 81' lang='grc' dir='ltr'>γών.</span> <span class='ocrx_word' id='word_1_209' title='bbox 2577 1738 2801 1807; x_wconf 74' lang='grc' dir='ltr'>Εἴρηται</span> <span class='ocrx_word' id='word_1_210' title='bbox 2836 1737 2892 1790; x_wconf 86' lang='grc' dir='ltr'><strong>δὲ</strong></span> <span class='ocrx_word' id='word_1_211' title='bbox 2924 1739 2980 1789; x_wconf 82' lang='grc' dir='ltr'>ἐν</span> <span class='ocrx_word' id='word_1_212' title='bbox 3029 1735 3125 1805; x_wconf 79' lang='grc' dir='ltr'><strong>μὲν</strong></span> <span class='ocrx_word' id='word_1_213' title='bbox 3159 1734 3235 1803; x_wconf 82' lang='grc' dir='ltr'><strong>τῷ</strong></span> <span class='ocrx_word' id='word_1_214' title='bbox 3277 1735 3502 1805; x_wconf 70' lang='grc' dir='ltr'>Ἡσαΐα-</span> <span class='ocrx_word' id='word_1_215' title='bbox 3538 1754 3553 1784; x_wconf 84' lang='grc' dir='ltr'><strong>ι</strong></span> <span class='ocrx_word' id='word_1_216' title='bbox 3600 1734 3726 1787; x_wconf 77' lang='grc' dir='ltr'>Ἰδοὺ</span> <span class='ocrx_word' id='word_1_217' title='bbox 3760 1733 3821 1804; x_wconf 78' lang='grc' dir='ltr'><strong>δὴ</strong></span> <span class='ocrx_word' id='word_1_218' title='bbox 3858 1732 3974 1785; x_wconf 82' lang='grc' dir='ltr'><strong>Κύ-</strong></span> 
     </span>
    </p>
   </div>
   <div class='ocr_carea' id='block_1_28' title="bbox 2366 1824 3978 1899">
    <p class='ocr_par' dir='ltr' id='par_1_28' title="bbox 2366 1824 3978 1899">
     <span class='ocr_line' id='line_1_28' title="bbox 2366 1824 3978 1899; baseline -0.001 -18"><span class='ocrx_word' id='word_1_219' title='bbox 2366 1832 2521 1899; x_wconf 92' lang='grc' dir='ltr'>’ριος</span> <span class='ocrx_word' id='word_1_220' title='bbox 2594 1829 2817 1883; x_wconf 81' lang='grc' dir='ltr'>Σαϐαὼθ</span> <span class='ocrx_word' id='word_1_221' title='bbox 2894 1829 3254 1897; x_wconf 79' lang='grc' dir='ltr'>συνταράσσει</span> <span class='ocrx_word' id='word_1_222' title='bbox 3321 1828 3447 1890; x_wconf 82' lang='grc' dir='ltr'>τοὺς</span> <span class='ocrx_word' id='word_1_223' title='bbox 3514 1826 3759 1892; x_wconf 71' lang='grc' dir='ltr'>εὐδόξους</span> <span class='ocrx_word' id='word_1_224' title='bbox 3836 1824 3978 1894; x_wconf 79' lang='grc' dir='ltr'>μετὰ</span> 
     </span>
    </p>
   </div>
   <div class='ocr_carea' id='block_1_29' title="bbox 742 1908 2440 1990">
    <p class='ocr_par' dir='ltr' id='par_1_29' title="bbox 742 1908 2440 1986">
     <span class='ocr_line' id='line_1_29' title="bbox 742 1908 2440 1986; baseline 0.002 -16"><span class='ocrx_word' id='word_1_225' title='bbox 742 1915 869 1970; x_wconf 86' lang='lat' dir='ltr'><strong>dine</strong></span> <span class='ocrx_word' id='word_1_226' title='bbox 889 1915 962 1981; x_wconf 72' lang='lat'><strong>&#39;7;</strong></span> <span class='ocrx_word' id='word_1_227' title='bbox 999 1933 1018 1967; x_wconf 72' lang='grc' dir='ltr'><strong>ι</strong></span> <span class='ocrx_word' id='word_1_228' title='bbox 1042 1922 1093 1970; x_wconf 86' lang='lat' dir='ltr'><strong>et</strong></span> <span class='ocrx_word' id='word_1_229' title='bbox 1122 1922 1307 1984; x_wconf 88' lang='lat' dir='ltr'><strong>postea</strong></span> <span class='ocrx_word' id='word_1_230' title='bbox 1343 1934 1355 1968; x_wconf 93' lang='lat'>:</span> <span class='ocrx_word' id='word_1_231' title='bbox 1392 1934 1408 1965; x_wconf 84' lang='grc' dir='ltr'><strong>ι</strong></span> <span class='ocrx_word' id='word_1_232' title='bbox 1447 1912 1684 1968; x_wconf 89' lang='lat' dir='ltr'><strong>Libanus</strong></span> <span class='ocrx_word' id='word_1_233' title='bbox 1714 1920 1893 1968; x_wconf 88' lang='lat' dir='ltr'><strong>autem</strong></span> <span class='ocrx_word' id='word_1_234' title='bbox 1919 1929 2039 1967; x_wconf 90' lang='lat' dir='ltr'><strong>cum</strong></span> <span class='ocrx_word' id='word_1_235' title='bbox 2071 1908 2373 1986; x_wconf 60' lang='lat' dir='ltr'><strong>excelsis];</strong></span> <span class='ocrx_word' id='word_1_236' title='bbox 2408 1924 2440 1973; x_wconf 79' lang='grc' dir='ltr'>ἱι</span> 
     </span>
    </p>
   </div>
   <div class='ocr_carea' id='block_1_30' title="bbox 2277 1908 3975 1990">
    <p class='ocr_par' dir='ltr' id='par_1_30' title="bbox 2278 1908 3975 1990">
     <span class='ocr_line' id='line_1_30' title="bbox 2278 1908 3975 1990; baseline -0.001 -21"><span class='ocrx_word' id='word_1_237' title='bbox 2278 1908 2373 1986; x_wconf 56' lang='grc' dir='ltr'><strong>εἰς</strong></span> <span class='ocrx_word' id='word_1_238' title='bbox 2408 1921 2618 1990; x_wconf 69' lang='grc' dir='ltr'>ἰσχύος·</span> <span class='ocrx_word' id='word_1_239' title='bbox 2650 1941 2667 1973; x_wconf 85' lang='grc'>›</span> <span class='ocrx_word' id='word_1_240' title='bbox 2716 1922 2807 1972; x_wconf 65' lang='grc' dir='ltr'><strong>κα)¹</strong></span> <span class='ocrx_word' id='word_1_241' title='bbox 2840 1918 2963 1988; x_wconf 79' lang='grc' dir='ltr'>ἑξῆς</span> <span class='ocrx_word' id='word_1_242' title='bbox 2985 1937 2996 1947; x_wconf 89' lang='grc'><strong>·</strong></span> <span class='ocrx_word' id='word_1_243' title='bbox 3040 1937 3059 1968; x_wconf 76' lang='grc' dir='ltr'><strong>ι</strong></span> <span class='ocrx_word' id='word_1_244' title='bbox 3110 1918 3167 1970; x_wconf 87' lang='lat'><strong>&#39;0</strong></span> <span class='ocrx_word' id='word_1_245' title='bbox 3199 1918 3256 1970; x_wconf 72' lang='grc' dir='ltr'>δὲ</span> <span class='ocrx_word' id='word_1_246' title='bbox 3294 1918 3523 1979; x_wconf 84' lang='grc' dir='ltr'>Λίϐανος</span> <span class='ocrx_word' id='word_1_247' title='bbox 3558 1917 3655 1969; x_wconf 74' lang='grc' dir='ltr'><strong>σὺν</strong></span> <span class='ocrx_word' id='word_1_248' title='bbox 3697 1919 3808 1979; x_wconf 86' lang='grc' dir='ltr'>τοῖς</span> <span class='ocrx_word' id='word_1_249' title='bbox 3836 1915 3975 1986; x_wconf 73' lang='grc' dir='ltr'>ὑψη-</span> 
     </span>
    </p>
   </div>
   <div class='ocr_carea' id='block_1_31' title="bbox 742 2004 2294 2075">
    <p class='ocr_par' dir='ltr' id='par_1_31' title="bbox 742 2004 2294 2075">
     <span class='ocr_line' id='line_1_31' title="bbox 742 2004 2294 2075; baseline -0.001 -14"><span class='ocrx_word' id='word_1_250' title='bbox 742 2008 975 2063; x_wconf 74' lang='lat' dir='ltr'><strong>cadet“.</strong></span> <span class='ocrx_word' id='word_1_251' title='bbox 1004 2024 1023 2059; x_wconf 75' lang='grc' dir='ltr'><strong>ι</strong></span> <span class='ocrx_word' id='word_1_252' title='bbox 1057 2005 1114 2061; x_wconf 89' lang='lat' dir='ltr'><strong>ln</strong></span> <span class='ocrx_word' id='word_1_253' title='bbox 1142 2005 1401 2060; x_wconf 85' lang='lat' dir='ltr'><strong>Zacharia</strong></span> <span class='ocrx_word' id='word_1_254' title='bbox 1424 2019 1551 2059; x_wconf 88' lang='lat' dir='ltr'><strong>vero</strong></span> <span class='ocrx_word' id='word_1_255' title='bbox 1583 2004 1755 2059; x_wconf 78' lang='lat' dir='ltr'><strong>fertur</strong></span> <span class='ocrx_word' id='word_1_256' title='bbox 1783 2025 1793 2059; x_wconf 91' lang='lat'><strong>:</strong></span> <span class='ocrx_word' id='word_1_257' title='bbox 1828 2023 1845 2055; x_wconf 89' lang='grc'><strong><em>‹</em></strong></span> <span class='ocrx_word' id='word_1_258' title='bbox 1872 2005 2054 2075; x_wconf 82' lang='lat' dir='ltr'><strong>Aperi,</strong></span> <span class='ocrx_word' id='word_1_259' title='bbox 2072 2005 2294 2067; x_wconf 86' lang='lat' dir='ltr'><strong>Libane,</strong></span> 
     </span>
    </p>
   </div>
   <div class='ocr_carea' id='block_1_32' title="bbox 741 2094 2299 2169">
    <p class='ocr_par' dir='ltr' id='par_1_32' title="bbox 741 2094 2299 2169">
     <span class='ocr_line' id='line_1_32' title="bbox 741 2094 2299 2169; baseline -0.002 -18"><span class='ocrx_word' id='word_1_260' title='bbox 741 2105 929 2169; x_wconf 80' lang='lat' dir='ltr'><strong>portas</strong></span> <span class='ocrx_word' id='word_1_261' title='bbox 964 2110 1105 2161; x_wconf 84' lang='lat' dir='ltr'><strong>tuas,</strong></span> <span class='ocrx_word' id='word_1_262' title='bbox 1137 2102 1191 2150; x_wconf 90' lang='lat' dir='ltr'><strong>et</strong></span> <span class='ocrx_word' id='word_1_263' title='bbox 1234 2094 1456 2151; x_wconf 85' lang='lat' dir='ltr'><strong>devoret</strong></span> <span class='ocrx_word' id='word_1_264' title='bbox 1493 2095 1633 2164; x_wconf 79' lang='lat' dir='ltr'><strong>ignis</strong></span> <span class='ocrx_word' id='word_1_265' title='bbox 1683 2095 2109 2151; x_wconf 71' lang='lat' dir='ltr'><strong>cedrostuas”.</strong></span> <span class='ocrx_word' id='word_1_266' title='bbox 2152 2116 2168 2146; x_wconf 85' lang='grc'><strong>›</strong></span> <span class='ocrx_word' id='word_1_267' title='bbox 2211 2096 2299 2148; x_wconf 84' lang='lat' dir='ltr'><strong>Di-</strong></span> 
     </span>
    </p>
   </div>
   <div class='ocr_carea' id='block_1_33' title="bbox 740 2184 2299 2256">
    <p class='ocr_par' dir='ltr' id='par_1_33' title="bbox 740 2184 2299 2256">
     <span class='ocr_line' id='line_1_33' title="bbox 740 2184 2299 2256; baseline -0.001 -15"><span class='ocrx_word' id='word_1_268' title='bbox 740 2199 886 2243; x_wconf 87' lang='lat' dir='ltr'><strong>ctum</strong></span> <span class='ocrx_word' id='word_1_269' title='bbox 924 2188 1049 2243; x_wconf 89' lang='lat' dir='ltr'><strong>item</strong></span> <span class='ocrx_word' id='word_1_270' title='bbox 1084 2184 1185 2239; x_wconf 85' lang='lat' dir='ltr'><strong>l‘uit</strong></span> <span class='ocrx_word' id='word_1_271' title='bbox 1217 2185 1273 2239; x_wconf 92' lang='lat' dir='ltr'><strong>in</strong></span> <span class='ocrx_word' id='word_1_272' title='bbox 1305 2185 1561 2241; x_wconf 88' lang='lat' dir='ltr'><strong>vicesimo</strong></span> <span class='ocrx_word' id='word_1_273' title='bbox 1584 2194 1775 2240; x_wconf 86' lang='lat' dir='ltr'><strong>octavo</strong></span> <span class='ocrx_word' id='word_1_274' title='bbox 1807 2186 2015 2256; x_wconf 86' lang='lat' dir='ltr'><strong>psalmo</strong></span> <span class='ocrx_word' id='word_1_275' title='bbox 2050 2204 2062 2238; x_wconf 86' lang='grc'>;</span> <span class='ocrx_word' id='word_1_276' title='bbox 2101 2205 2120 2237; x_wconf 77' lang='grc' dir='ltr'><strong>ι</strong></span> <span class='ocrx_word' id='word_1_277' title='bbox 2157 2186 2299 2241; x_wconf 87' lang='lat' dir='ltr'><strong>Con-</strong></span> 
     </span>
    </p>
   </div>
   <div class='ocr_carea' id='block_1_34' title="bbox 740 2277 2298 2350">
    <p class='ocr_par' dir='ltr' id='par_1_34' title="bbox 740 2277 2298 2350">
     <span class='ocr_line' id='line_1_34' title="bbox 740 2277 2298 2350; baseline 0 -16"><span class='ocrx_word' id='word_1_278' title='bbox 740 2282 939 2350; x_wconf 76' lang='lat' dir='ltr'><strong>fringet</strong></span> <span class='ocrx_word' id='word_1_279' title='bbox 968 2277 1229 2334; x_wconf 89' lang='lat' dir='ltr'><strong>Dominus</strong></span> <span class='ocrx_word' id='word_1_280' title='bbox 1270 2278 1461 2333; x_wconf 83' lang='lat' dir='ltr'><strong>cedrus</strong></span> <span class='ocrx_word' id='word_1_281' title='bbox 1484 2277 1704 2343; x_wconf 85' lang='lat' dir='ltr'><strong>Libani,</strong></span> <span class='ocrx_word' id='word_1_282' title='bbox 1732 2286 1785 2333; x_wconf 88' lang='lat' dir='ltr'><strong>et</strong></span> <span class='ocrx_word' id='word_1_283' title='bbox 1835 2279 2165 2334; x_wconf 82' lang='lat' dir='ltr'><strong>comminuet</strong></span> <span class='ocrx_word' id='word_1_284' title='bbox 2206 2296 2298 2335; x_wconf 83' lang='lat' dir='ltr'><strong>eas</strong></span> 
     </span>
    </p>
   </div>
   <div class='ocr_carea' id='block_1_35' title="bbox 742 2366 2297 2441">
    <p class='ocr_par' dir='ltr' id='par_1_35' title="bbox 742 2366 2297 2441">
     <span class='ocr_line' id='line_1_35' title="bbox 742 2366 2297 2441; baseline -0.002 -12"><span class='ocrx_word' id='word_1_285' title='bbox 742 2381 763 2429; x_wconf 83' lang='lat' dir='ltr'><strong>t</strong></span> <span class='ocrx_word' id='word_1_286' title='bbox 840 2386 1001 2441; x_wconf 82' lang='lat' dir='ltr'><strong>quam</strong></span> <span class='ocrx_word' id='word_1_287' title='bbox 1051 2370 1279 2423; x_wconf 87' lang='lat' dir='ltr'><strong>vitulum</strong></span> <span class='ocrx_word' id='word_1_288' title='bbox 1336 2368 1597 2424; x_wconf 88' lang='lat' dir='ltr'><strong>Libanum</strong></span> <span class='ocrx_word' id='word_1_289' title='bbox 1617 2370 1682 2421; x_wconf 68' lang='grc' dir='ltr'>εδ.</span> <span class='ocrx_word' id='word_1_290' title='bbox 1717 2388 1733 2420; x_wconf 76' lang='grc' dir='ltr'><strong>ι</strong></span> <span class='ocrx_word' id='word_1_291' title='bbox 1779 2366 1887 2425; x_wconf 85' lang='lat' dir='ltr'><strong>Has</strong></span> <span class='ocrx_word' id='word_1_292' title='bbox 1926 2384 2089 2440; x_wconf 82' lang='lat' dir='ltr'><strong>porro</strong></span> <span class='ocrx_word' id='word_1_293' title='bbox 2134 2385 2297 2426; x_wconf 87' lang='lat' dir='ltr'><strong>voces</strong></span> 
     </span>
    </p>
   </div>
   <div class='ocr_carea' id='block_1_36' title="bbox 740 2459 2297 2531">
    <p class='ocr_par' dir='ltr' id='par_1_36' title="bbox 740 2459 2297 2531">
     <span class='ocr_line' id='line_1_36' title="bbox 740 2459 2297 2531; baseline -0.003 -12"><span class='ocrx_word' id='word_1_294' title='bbox 740 2479 873 2519; x_wconf 92' lang='lat' dir='ltr'><strong>sane</strong></span> <span class='ocrx_word' id='word_1_295' title='bbox 906 2462 1168 2517; x_wconf 87' lang='lat' dir='ltr'><strong>obscuras</strong></span> <span class='ocrx_word' id='word_1_296' title='bbox 1207 2462 1441 2531; x_wconf 79' lang='lat' dir='ltr'><strong>explicat</strong></span> <span class='ocrx_word' id='word_1_297' title='bbox 1488 2459 1768 2529; x_wconf 87' lang='lat' dir='ltr'><strong>Scriptura</strong></span> <span class='ocrx_word' id='word_1_298' title='bbox 1799 2462 1852 2514; x_wconf 92' lang='lat' dir='ltr'><strong>in</strong></span> <span class='ocrx_word' id='word_1_299' title='bbox 1888 2459 2176 2516; x_wconf 85' lang='lat' dir='ltr'><strong>Ezechiele</strong></span> <span class='ocrx_word' id='word_1_300' title='bbox 2214 2461 2297 2515; x_wconf 90' lang='lat' dir='ltr'><strong>di-</strong></span> 
     </span>
    </p>
   </div>
   <div class='ocr_carea' id='block_1_37' title="bbox 740 2552 2296 2624">
    <p class='ocr_par' dir='ltr' id='par_1_37' title="bbox 740 2552 2296 2624">
     <span class='ocr_line' id='line_1_37' title="bbox 740 2552 2296 2624; baseline -0.001 -14"><span class='ocrx_word' id='word_1_301' title='bbox 740 2571 869 2611; x_wconf 88' lang='lat' dir='ltr'><strong>cens</strong></span> <span class='ocrx_word' id='word_1_302' title='bbox 901 2574 913 2609; x_wconf 92' lang='lat'>:</span> <span class='ocrx_word' id='word_1_303' title='bbox 948 2572 966 2605; x_wconf 76' lang='grc'><strong>(</strong></span> <span class='ocrx_word' id='word_1_304' title='bbox 994 2553 1187 2623; x_wconf 82' lang='lat' dir='ltr'><strong>Aquila</strong></span> <span class='ocrx_word' id='word_1_305' title='bbox 1239 2552 1461 2622; x_wconf 80' lang='lat' dir='ltr'><strong>grandis</strong></span> <span class='ocrx_word' id='word_1_306' title='bbox 1510 2567 1828 2623; x_wconf 79' lang='lat' dir='ltr'><strong>magnarum</strong></span> <span class='ocrx_word' id='word_1_307' title='bbox 1864 2552 2093 2617; x_wconf 87' lang='lat' dir='ltr'><strong>alarum,</strong></span> <span class='ocrx_word' id='word_1_308' title='bbox 2138 2554 2296 2624; x_wconf 78' lang='lat' dir='ltr'><strong>longo</strong></span> 
     </span>
    </p>
   </div>
   <div class='ocr_carea' id='block_1_38' title="bbox 741 2642 2298 2714">
    <p class='ocr_par' dir='ltr' id='par_1_38' title="bbox 741 2642 2298 2714">
     <span class='ocr_line' id='line_1_38' title="bbox 741 2642 2298 2714; baseline -0.003 -12"><span class='ocrx_word' id='word_1_309' title='bbox 741 2648 1105 2702; x_wconf 86' lang='lat' dir='ltr'><strong>membrorum</strong></span> <span class='ocrx_word' id='word_1_310' title='bbox 1160 2644 1348 2709; x_wconf 90' lang='lat' dir='ltr'><strong>ductu,</strong></span> <span class='ocrx_word' id='word_1_311' title='bbox 1397 2645 1555 2714; x_wconf 87' lang='lat' dir='ltr'><strong>plena</strong></span> <span class='ocrx_word' id='word_1_312' title='bbox 1613 2642 1911 2713; x_wconf 78' lang='lat' dir='ltr'><strong>unguibus,</strong></span> <span class='ocrx_word' id='word_1_313' title='bbox 1965 2643 2298 2714; x_wconf 90' lang='lat' dir='ltr'><strong>ductumque</strong></span> 
     </span>
    </p>
   </div>
   <div class='ocr_carea' id='block_1_39' title="bbox 741 2732 2321 2804">
    <p class='ocr_par' dir='ltr' id='par_1_39' title="bbox 741 2732 2321 2804">
     <span class='ocr_line' id='line_1_39' title="bbox 741 2732 2321 2804; baseline -0.001 -13"><span class='ocrx_word' id='word_1_314' title='bbox 741 2738 946 2792; x_wconf 85' lang='lat' dir='ltr'><strong>habens</strong></span> <span class='ocrx_word' id='word_1_315' title='bbox 1008 2744 1067 2790; x_wconf 85' lang='lat' dir='ltr'><strong>ut</strong></span> <span class='ocrx_word' id='word_1_316' title='bbox 1120 2733 1456 2804; x_wconf 78' lang='lat' dir='ltr'><strong>ingrediatur</strong></span> <span class='ocrx_word' id='word_1_317' title='bbox 1508 2734 1563 2787; x_wconf 91' lang='lat' dir='ltr'><strong>in</strong></span> <span class='ocrx_word' id='word_1_318' title='bbox 1619 2732 1906 2797; x_wconf 85' lang='lat' dir='ltr'><strong>Libanum,</strong></span> <span class='ocrx_word' id='word_1_319' title='bbox 1955 2741 2008 2787; x_wconf 91' lang='lat' dir='ltr'><strong>et</strong></span> <span class='ocrx_word' id='word_1_320' title='bbox 2055 2734 2321 2789; x_wconf 85' lang='lat' dir='ltr'><strong>exsecuit-</strong></span> 
     </span>
    </p>
   </div>
   <div class='ocr_carea' id='block_1_40' title="bbox 742 2824 2295 2895">
    <p class='ocr_par' dir='ltr' id='par_1_40' title="bbox 742 2824 2295 2895">
     <span class='ocr_line' id='line_1_40' title="bbox 742 2824 2295 2895; baseline -0.003 -13"><span class='ocrx_word' id='word_1_321' title='bbox 742 2837 926 2884; x_wconf 86' lang='lat' dir='ltr'><strong>tenera</strong></span> <span class='ocrx_word' id='word_1_322' title='bbox 954 2825 1104 2883; x_wconf 88' lang='lat' dir='ltr'><strong>cedri</strong></span> <span class='ocrx_word' id='word_1_323' title='bbox 1119 2828 1195 2893; x_wconf 79' lang='grc'><strong>⁶¹;</strong></span> <span class='ocrx_word' id='word_1_324' title='bbox 1236 2845 1254 2878; x_wconf 78' lang='grc' dir='ltr'><strong>ι</strong></span> <span class='ocrx_word' id='word_1_325' title='bbox 1284 2826 1483 2895; x_wconf 91' lang='lat' dir='ltr'><strong>quibus</strong></span> <span class='ocrx_word' id='word_1_326' title='bbox 1510 2824 1725 2879; x_wconf 83' lang='lat' dir='ltr'><strong>subdit:</strong></span> <span class='ocrx_word' id='word_1_327' title='bbox 1766 2842 1782 2875; x_wconf 80' lang='grc' dir='ltr'><strong>ι</strong></span> <span class='ocrx_word' id='word_1_328' title='bbox 1816 2824 1950 2880; x_wconf 86' lang='lat' dir='ltr'><strong>Cum</strong></span> <span class='ocrx_word' id='word_1_329' title='bbox 1979 2826 2188 2879; x_wconf 87' lang='lat' dir='ltr'><strong>venerit</strong></span> <span class='ocrx_word' id='word_1_330' title='bbox 2204 2841 2295 2880; x_wconf 76' lang='lat' dir='ltr'><strong>rex</strong></span> 
     </span>
    </p>
   </div>
   <div class='ocr_carea' id='block_1_41' title="bbox 743 2916 2299 2993">
    <p class='ocr_par' dir='ltr' id='par_1_41' title="bbox 743 2916 2299 2993">
     <span class='ocr_line' id='line_1_41' title="bbox 743 2916 2299 2993; baseline -0.003 -17"><span class='ocrx_word' id='word_1_331' title='bbox 743 2919 1056 2993; x_wconf 82' lang='lat' dir='ltr'><strong>Babylonis,</strong></span> <span class='ocrx_word' id='word_1_332' title='bbox 1090 2929 1143 2975; x_wconf 88' lang='lat' dir='ltr'><strong>et</strong></span> <span class='ocrx_word' id='word_1_333' title='bbox 1193 2918 1475 2988; x_wconf 79' lang='lat' dir='ltr'><strong>ingressus</strong></span> <span class='ocrx_word' id='word_1_334' title='bbox 1508 2918 1669 2973; x_wconf 78' lang='lat' dir='ltr'><strong>fuerit</strong></span> <span class='ocrx_word' id='word_1_335' title='bbox 1693 2917 1749 2970; x_wconf 91' lang='lat' dir='ltr'><strong>in</strong></span> <span class='ocrx_word' id='word_1_336' title='bbox 1785 2916 2107 2983; x_wconf 85' lang='lat' dir='ltr'><strong>Jerusalem,</strong></span> <span class='ocrx_word' id='word_1_337' title='bbox 2144 2934 2299 2972; x_wconf 86' lang='lat' dir='ltr'><strong>assu—</strong></span> 
     </span>
    </p>
   </div>
   <div class='ocr_carea' id='block_1_42' title="bbox 741 3008 2295 3082">
    <p class='ocr_par' dir='ltr' id='par_1_42' title="bbox 741 3008 2295 3082">
     <span class='ocr_line' id='line_1_42' title="bbox 741 3008 2295 3082; baseline -0.003 -15"><span class='ocrx_word' id='word_1_338' title='bbox 741 3023 852 3068; x_wconf 87' lang='lat' dir='ltr'><strong>met</strong></span> <span class='ocrx_word' id='word_1_339' title='bbox 888 3011 1240 3082; x_wconf 73' lang='lat' dir='ltr'><strong>principes&quot;.</strong></span> <span class='ocrx_word' id='word_1_340' title='bbox 1263 3028 1281 3061; x_wconf 76' lang='grc' dir='ltr'><strong>ι</strong></span> <span class='ocrx_word' id='word_1_341' title='bbox 1309 3008 1404 3064; x_wconf 81' lang='lat' dir='ltr'><strong>His</strong></span> <span class='ocrx_word' id='word_1_342' title='bbox 1422 3010 1619 3078; x_wconf 87' lang='lat' dir='ltr'><strong>quippe</strong></span> <span class='ocrx_word' id='word_1_343' title='bbox 1648 3010 1793 3063; x_wconf 77' lang='lat' dir='ltr'><strong>clare</strong></span> <span class='ocrx_word' id='word_1_344' title='bbox 1834 3009 2113 3078; x_wconf 83' lang='lat' dir='ltr'><strong>prephetia</strong></span> <span class='ocrx_word' id='word_1_345' title='bbox 2143 3009 2295 3078; x_wconf 84' lang='lat' dir='ltr'><strong>aqui-</strong></span> 
     </span>
    </p>
   </div>
   <div class='ocr_carea' id='block_1_43' title="bbox 2403 2005 3971 2077">
    <p class='ocr_par' dir='ltr' id='par_1_43' title="bbox 2403 2005 3971 2077">
     <span class='ocr_line' id='line_1_43' title="bbox 2403 2005 3971 2077; baseline -0.004 -14"><span class='ocrx_word' id='word_1_346' title='bbox 2403 2010 2512 2074; x_wconf 86' lang='grc' dir='ltr'>λοῖς</span> <span class='ocrx_word' id='word_1_347' title='bbox 2539 2012 2798 2063; x_wconf 78' lang='grc' dir='ltr'>πεσεῖται.</span> <span class='ocrx_word' id='word_1_348' title='bbox 2835 2028 2853 2060; x_wconf 73' lang='grc' dir='ltr'><strong>ι</strong></span> <span class='ocrx_word' id='word_1_349' title='bbox 2884 2007 3144 2062; x_wconf 83' lang='grc' dir='ltr'>Λέλεκται</span> <span class='ocrx_word' id='word_1_350' title='bbox 3175 2007 3231 2060; x_wconf 75' lang='grc' dir='ltr'>δὲ</span> <span class='ocrx_word' id='word_1_351' title='bbox 3265 2008 3355 2060; x_wconf 70' lang='grc' dir='ltr'><strong>καὶ</strong></span> <span class='ocrx_word' id='word_1_352' title='bbox 3380 2008 3436 2059; x_wconf 80' lang='grc' dir='ltr'><strong>έν</strong></span> <span class='ocrx_word' id='word_1_353' title='bbox 3465 2006 3741 2077; x_wconf 72' lang='grc' dir='ltr'>Ζαχαρίᾳο</span> <span class='ocrx_word' id='word_1_354' title='bbox 3767 2024 3783 2054; x_wconf 83' lang='grc' dir='ltr'><strong>ι</strong></span> <span class='ocrx_word' id='word_1_355' title='bbox 3813 2005 3971 2057; x_wconf 82' lang='grc' dir='ltr'>Διάν-</span> 
     </span>
    </p>
   </div>
   <div class='ocr_carea' id='block_1_44' title="bbox 2400 2095 3975 2168">
    <p class='ocr_par' dir='ltr' id='par_1_44' title="bbox 2400 2095 3975 2168">
     <span class='ocr_line' id='line_1_44' title="bbox 2400 2095 3975 2168; baseline -0.006 -13"><span class='ocrx_word' id='word_1_356' title='bbox 2400 2102 2561 2167; x_wconf 83' lang='grc' dir='ltr'>οιξον,</span> <span class='ocrx_word' id='word_1_357' title='bbox 2619 2101 2647 2153; x_wconf 88' lang='grc' dir='ltr'>ὁ</span> <span class='ocrx_word' id='word_1_358' title='bbox 2693 2101 2942 2168; x_wconf 84' lang='grc' dir='ltr'>Λίϐανος,</span> <span class='ocrx_word' id='word_1_359' title='bbox 2982 2100 3076 2163; x_wconf 84' lang='grc' dir='ltr'><strong>τὰς</strong></span> <span class='ocrx_word' id='word_1_360' title='bbox 3122 2098 3292 2162; x_wconf 81' lang='grc' dir='ltr'>πύλας</span> <span class='ocrx_word' id='word_1_361' title='bbox 3331 2115 3442 2162; x_wconf 88' lang='grc' dir='ltr'>σου,</span> <span class='ocrx_word' id='word_1_362' title='bbox 3469 2099 3564 2151; x_wconf 54' lang='grc' dir='ltr'><strong>καὶ¹</strong></span> <span class='ocrx_word' id='word_1_363' title='bbox 3608 2095 3975 2164; x_wconf 82' lang='grc' dir='ltr'>καταφαγέτω</span> 
     </span>
    </p>
   </div>
   <div class='ocr_carea' id='block_1_45' title="bbox 2401 2184 3969 2263">
    <p class='ocr_par' dir='ltr' id='par_1_45' title="bbox 2401 2184 3969 2263">
     <span class='ocr_line' id='line_1_45' title="bbox 2401 2184 3969 2263; baseline -0.006 -17"><span class='ocrx_word' id='word_1_364' title='bbox 2401 2192 2512 2263; x_wconf 83' lang='grc' dir='ltr'><strong>πῦρ</strong></span> <span class='ocrx_word' id='word_1_365' title='bbox 2536 2192 2631 2257; x_wconf 76' lang='grc' dir='ltr'>τὰς</span> <span class='ocrx_word' id='word_1_366' title='bbox 2658 2193 2879 2263; x_wconf 83' lang='grc' dir='ltr'>κέδρους</span> <span class='ocrx_word' id='word_1_367' title='bbox 2907 2209 3017 2244; x_wconf 84' lang='grc' dir='ltr'>σου.</span> <span class='ocrx_word' id='word_1_368' title='bbox 3056 2210 3073 2242; x_wconf 74' lang='grc' dir='ltr'><strong>ι</strong></span> <span class='ocrx_word' id='word_1_369' title='bbox 3102 2190 3329 2260; x_wconf 77' lang='grc' dir='ltr'>Εἴρηται</span> <span class='ocrx_word' id='word_1_370' title='bbox 3352 2188 3409 2241; x_wconf 76' lang='grc' dir='ltr'>δὲ</span> <span class='ocrx_word' id='word_1_371' title='bbox 3434 2189 3526 2241; x_wconf 68' lang='grc' dir='ltr'><strong>καὶ</strong></span> <span class='ocrx_word' id='word_1_372' title='bbox 3555 2190 3611 2240; x_wconf 82' lang='grc' dir='ltr'>ὲν</span> <span class='ocrx_word' id='word_1_373' title='bbox 3638 2187 3722 2257; x_wconf 86' lang='grc' dir='ltr'>κη’</span> <span class='ocrx_word' id='word_1_374' title='bbox 3742 2184 3940 2256; x_wconf 72' lang='grc' dir='ltr'>ψαλμῷ</span> <span class='ocrx_word' id='word_1_375' title='bbox 3957 2202 3969 2214; x_wconf 94' lang='grc'><strong>·</strong></span> 
     </span>
    </p>
   </div>
   <div class='ocr_carea' id='block_1_46' title="bbox 2408 2276 3975 2355">
    <p class='ocr_par' dir='ltr' id='par_1_46' title="bbox 2408 2276 3975 2355">
     <span class='ocr_line' id='line_1_46' title="bbox 2408 2276 3975 2355; baseline -0.004 -20"><span class='ocrx_word' id='word_1_376' title='bbox 2408 2304 2424 2335; x_wconf 78' lang='grc' dir='ltr'><strong>ι</strong></span> <span class='ocrx_word' id='word_1_377' title='bbox 2458 2283 2740 2355; x_wconf 73' lang='grc' dir='ltr'>Συντρίψει</span> <span class='ocrx_word' id='word_1_378' title='bbox 2782 2284 2877 2345; x_wconf 72' lang='grc' dir='ltr'>τὰς</span> <span class='ocrx_word' id='word_1_379' title='bbox 2922 2282 3145 2351; x_wconf 83' lang='grc' dir='ltr'>κέδρους</span> <span class='ocrx_word' id='word_1_380' title='bbox 3174 2280 3268 2332; x_wconf 82' lang='grc' dir='ltr'><strong>τοῦ</strong></span> <span class='ocrx_word' id='word_1_381' title='bbox 3304 2278 3555 2343; x_wconf 85' lang='grc' dir='ltr'>Λιϐάνου,</span> <span class='ocrx_word' id='word_1_382' title='bbox 3602 2280 3694 2331; x_wconf 75' lang='grc' dir='ltr'>καὶ</span> <span class='ocrx_word' id='word_1_383' title='bbox 3722 2276 3975 2329; x_wconf 79' lang='grc' dir='ltr'>λεπτυνεῖ</span> 
     </span>
    </p>
   </div>
   <div class='ocr_carea' id='block_1_47' title="bbox 2399 2368 3971 2444">
    <p class='ocr_par' dir='ltr' id='par_1_47' title="bbox 2399 2368 3971 2444">
     <span class='ocr_line' id='line_1_47' title="bbox 2399 2368 3971 2444; baseline -0.005 -16"><span class='ocrx_word' id='word_1_384' title='bbox 2399 2376 2568 2437; x_wconf 79' lang='grc' dir='ltr'>αὐτὰς</span> <span class='ocrx_word' id='word_1_385' title='bbox 2595 2376 2668 2437; x_wconf 81' lang='grc' dir='ltr'>ὡς</span> <span class='ocrx_word' id='word_1_386' title='bbox 2705 2374 2794 2428; x_wconf 72' lang='grc' dir='ltr'><strong>τὸν</strong></span> <span class='ocrx_word' id='word_1_387' title='bbox 2839 2375 3037 2444; x_wconf 79' lang='grc' dir='ltr'>μόσχον</span> <span class='ocrx_word' id='word_1_388' title='bbox 3074 2373 3164 2424; x_wconf 76' lang='grc' dir='ltr'><strong>τὸν</strong></span> <span class='ocrx_word' id='word_1_389' title='bbox 3213 2370 3467 2423; x_wconf 87' lang='grc' dir='ltr'>Λιϐανον.</span> <span class='ocrx_word' id='word_1_390' title='bbox 3509 2389 3527 2419; x_wconf 85' lang='grc'>›</span> <span class='ocrx_word' id='word_1_391' title='bbox 3578 2368 3885 2421; x_wconf 83' lang='grc' dir='ltr'>Ἐπιλύεται</span> <span class='ocrx_word' id='word_1_392' title='bbox 3915 2368 3971 2420; x_wconf 83' lang='grc' dir='ltr'><strong>δὲ</strong></span> 
     </span>
    </p>
   </div>
   <div class='ocr_carea' id='block_1_48' title="bbox 2398 2462 3973 2536">
    <p class='ocr_par' dir='ltr' id='par_1_48' title="bbox 2398 2462 3973 2536">
     <span class='ocr_line' id='line_1_48' title="bbox 2398 2462 3973 2536; baseline -0.006 -14"><span class='ocrx_word' id='word_1_393' title='bbox 2398 2469 2600 2532; x_wconf 87' lang='grc' dir='ltr'>ταύτας</span> <span class='ocrx_word' id='word_1_394' title='bbox 2623 2469 2721 2531; x_wconf 85' lang='grc' dir='ltr'>τὰς</span> <span class='ocrx_word' id='word_1_395' title='bbox 2751 2468 2930 2536; x_wconf 75' lang='grc' dir='ltr'>φωνάς</span> <span class='ocrx_word' id='word_1_396' title='bbox 2955 2468 3181 2533; x_wconf 78' lang='grc' dir='ltr'>ἀσαφεῖς</span> <span class='ocrx_word' id='word_1_397' title='bbox 3210 2464 3372 2527; x_wconf 76' lang='grc' dir='ltr'>οὕσας</span> <span class='ocrx_word' id='word_1_398' title='bbox 3398 2464 3425 2515; x_wconf 89' lang='grc' dir='ltr'>ὁ</span> <span class='ocrx_word' id='word_1_399' title='bbox 3448 2462 3597 2534; x_wconf 85' lang='grc' dir='ltr'>παρὰ</span> <span class='ocrx_word' id='word_1_400' title='bbox 3622 2462 3698 2532; x_wconf 80' lang='grc' dir='ltr'><strong>τῷ</strong></span> <span class='ocrx_word' id='word_1_401' title='bbox 3727 2462 3973 2531; x_wconf 77' lang='grc' dir='ltr'>Ἐζεκιὴλ</span> 
     </span>
    </p>
   </div>
   <div class='ocr_carea' id='block_1_49' title="bbox 2399 2553 3972 2630">
    <p class='ocr_par' dir='ltr' id='par_1_49' title="bbox 2399 2553 3972 2630">
     <span class='ocr_line' id='line_1_49' title="bbox 2399 2553 3972 2630; baseline -0.006 -17"><span class='ocrx_word' id='word_1_402' title='bbox 2399 2560 2621 2630; x_wconf 79' lang='grc' dir='ltr'>φάσκων</span> <span class='ocrx_word' id='word_1_403' title='bbox 2653 2559 2844 2625; x_wconf 66' lang='grc' dir='ltr'>λόγος*</span> <span class='ocrx_word' id='word_1_404' title='bbox 2886 2577 2903 2608; x_wconf 82' lang='grc' dir='ltr'><strong>ι</strong></span> <span class='ocrx_word' id='word_1_405' title='bbox 2948 2557 3005 2609; x_wconf 86' lang='grc' dir='ltr'>Ὀ</span> <span class='ocrx_word' id='word_1_406' title='bbox 3038 2555 3192 2618; x_wconf 81' lang='grc' dir='ltr'>ἀετὸς</span> <span class='ocrx_word' id='word_1_407' title='bbox 3223 2558 3250 2608; x_wconf 86' lang='lat'><strong>6</strong></span> <span class='ocrx_word' id='word_1_408' title='bbox 3295 2554 3466 2625; x_wconf 80' lang='grc' dir='ltr'>μέγας</span> <span class='ocrx_word' id='word_1_409' title='bbox 3504 2556 3531 2607; x_wconf 84' lang='lat'><strong>6</strong></span> <span class='ocrx_word' id='word_1_410' title='bbox 3569 2553 3972 2623; x_wconf 78' lang='grc' dir='ltr'>μεγαλοπτέρυ-</span> 
     </span>
    </p>
   </div>
   <div class='ocr_carea' id='block_1_50' title="bbox 2398 2646 3975 2719">
    <p class='ocr_par' dir='ltr' id='par_1_50' title="bbox 2398 2646 3975 2719">
     <span class='ocr_line' id='line_1_50' title="bbox 2398 2646 3975 2719; baseline -0.003 -15"><span class='ocrx_word' id='word_1_411' title='bbox 2398 2669 2510 2719; x_wconf 91' lang='grc' dir='ltr'>γος,</span> <span class='ocrx_word' id='word_1_412' title='bbox 2545 2654 2572 2704; x_wconf 89' lang='lat'><strong>6</strong></span> <span class='ocrx_word' id='word_1_413' title='bbox 2617 2651 2821 2712; x_wconf 70' lang='grc' dir='ltr'>πλατὺς</span> <span class='ocrx_word' id='word_1_414' title='bbox 2861 2652 2926 2719; x_wconf 81' lang='grc' dir='ltr'>τῇ</span> <span class='ocrx_word' id='word_1_415' title='bbox 2965 2647 3203 2711; x_wconf 71' lang='grc' dir='ltr'>ἐκτάσει,</span> <span class='ocrx_word' id='word_1_416' title='bbox 3264 2648 3473 2718; x_wconf 76' lang='grc' dir='ltr'>πλήρης</span> <span class='ocrx_word' id='word_1_417' title='bbox 3507 2647 3734 2717; x_wconf 82' lang='grc' dir='ltr'>ὀνύχων,</span> <span class='ocrx_word' id='word_1_418' title='bbox 3769 2646 3827 2708; x_wconf 82' lang='grc' dir='ltr'>ὃς</span> <span class='ocrx_word' id='word_1_419' title='bbox 3860 2646 3975 2716; x_wconf 74' lang='grc' dir='ltr'>ἔχει</span> 
     </span>
    </p>
   </div>
   <div class='ocr_carea' id='block_1_51' title="bbox 2395 2736 3970 2814">
    <p class='ocr_par' dir='ltr' id='par_1_51' title="bbox 2395 2736 3970 2814">
     <span class='ocr_line' id='line_1_51' title="bbox 2395 2736 3970 2814; baseline -0.005 -17"><span class='ocrx_word' id='word_1_420' title='bbox 2395 2746 2455 2797; x_wconf 68' lang='grc' dir='ltr'>τὸ</span> <span class='ocrx_word' id='word_1_421' title='bbox 2483 2745 2672 2814; x_wconf 79' lang='grc' dir='ltr'>ἧγημα</span> <span class='ocrx_word' id='word_1_422' title='bbox 2698 2741 2954 2795; x_wconf 79' lang='grc' dir='ltr'>εἰσελθεῖν</span> <span class='ocrx_word' id='word_1_423' title='bbox 2981 2742 3059 2804; x_wconf 85' lang='grc' dir='ltr'><strong>είς</strong></span> <span class='ocrx_word' id='word_1_424' title='bbox 3089 2740 3179 2793; x_wconf 81' lang='grc' dir='ltr'><strong>τὸν</strong></span> <span class='ocrx_word' id='word_1_425' title='bbox 3221 2739 3464 2801; x_wconf 87' lang='grc' dir='ltr'>Λίϐανον,</span> <span class='ocrx_word' id='word_1_426' title='bbox 3492 2738 3583 2791; x_wconf 67' lang='grc' dir='ltr'><strong>καὶ</strong></span> <span class='ocrx_word' id='word_1_427' title='bbox 3627 2736 3869 2806; x_wconf 73' lang='grc' dir='ltr'>ἀπέκοψε</span> <span class='ocrx_word' id='word_1_428' title='bbox 3900 2737 3970 2789; x_wconf 83' lang='grc' dir='ltr'>τὰ</span> 
     </span>
    </p>
   </div>
   <div class='ocr_carea' id='block_1_52' title="bbox 2396 2824 3969 2902">
    <p class='ocr_par' dir='ltr' id='par_1_52' title="bbox 2396 2824 3969 2902">
     <span class='ocr_line' id='line_1_52' title="bbox 2396 2824 3969 2902; baseline -0.003 -18"><span class='ocrx_word' id='word_1_429' title='bbox 2396 2832 2579 2885; x_wconf 83' lang='grc' dir='ltr'>ἁπαλὰ</span> <span class='ocrx_word' id='word_1_430' title='bbox 2620 2836 2716 2901; x_wconf 76' lang='grc' dir='ltr'><strong>τῆς</strong></span> <span class='ocrx_word' id='word_1_431' title='bbox 2748 2832 2967 2902; x_wconf 80' lang='grc' dir='ltr'>κέδρου·</span> <span class='ocrx_word' id='word_1_432' title='bbox 3008 2850 3026 2880; x_wconf 75' lang='grc' dir='ltr'><strong>ι</strong></span> <span class='ocrx_word' id='word_1_433' title='bbox 3056 2824 3134 2891; x_wconf 70' lang='grc' dir='ltr'>οἷς</span> <span class='ocrx_word' id='word_1_434' title='bbox 3162 2828 3289 2898; x_wconf 78' lang='grc' dir='ltr'>ἑξῆς</span> <span class='ocrx_word' id='word_1_435' title='bbox 3309 2828 3637 2896; x_wconf 78' lang='grc' dir='ltr'>ὲπιλέγεται·</span> <span class='ocrx_word' id='word_1_436' title='bbox 3678 2848 3693 2879; x_wconf 85' lang='grc' dir='ltr'><strong>ι</strong></span> <span class='ocrx_word' id='word_1_437' title='bbox 3735 2828 3864 2880; x_wconf 86' lang='grc' dir='ltr'>Ὅτε</span> <span class='ocrx_word' id='word_1_438' title='bbox 3903 2827 3969 2879; x_wconf 72' lang='grc' dir='ltr'>ἂν</span> 
     </span>
    </p>
   </div>
   <div class='ocr_carea' id='block_1_53' title="bbox 2398 2921 3967 2995">
    <p class='ocr_par' dir='ltr' id='par_1_53' title="bbox 2398 2921 3967 2995">
     <span class='ocr_line' id='line_1_53' title="bbox 2398 2921 3967 2995; baseline -0.003 -19"><span class='ocrx_word' id='word_1_439' title='bbox 2398 2924 2523 2995; x_wconf 73' lang='grc' dir='ltr'>ἔλθῃ</span> <span class='ocrx_word' id='word_1_440' title='bbox 2545 2925 2573 2976; x_wconf 89' lang='grc' dir='ltr'><strong>ό</strong></span> <span class='ocrx_word' id='word_1_441' title='bbox 2599 2924 2847 2993; x_wconf 78' lang='grc' dir='ltr'>βασιλεὺς</span> <span class='ocrx_word' id='word_1_442' title='bbox 2879 2924 3195 2987; x_wconf 82' lang='grc' dir='ltr'>Βαϐυλῶνος</span> <span class='ocrx_word' id='word_1_443' title='bbox 3226 2923 3321 2976; x_wconf 71' lang='grc' dir='ltr'><strong>καὶ</strong></span> <span class='ocrx_word' id='word_1_444' title='bbox 3345 2921 3558 2992; x_wconf 85' lang='grc' dir='ltr'>είσέλθῃ</span> <span class='ocrx_word' id='word_1_445' title='bbox 3584 2922 3664 2982; x_wconf 82' lang='grc' dir='ltr'><strong>είς</strong></span> <span class='ocrx_word' id='word_1_446' title='bbox 3700 2921 3967 2991; x_wconf 84' lang='grc' dir='ltr'>Ἰερουσα-</span> 
     </span>
    </p>
   </div>
   <div class='ocr_carea' id='block_1_54' title="bbox 2396 3008 3967 3085">
    <p class='ocr_par' dir='ltr' id='par_1_54' title="bbox 2396 3008 3967 3085">
     <span class='ocr_line' id='line_1_54' title="bbox 2396 3008 3967 3085; baseline -0.002 -18"><span class='ocrx_word' id='word_1_447' title='bbox 2396 3016 2525 3085; x_wconf 72' lang='grc' dir='ltr'>λὴμ,</span> <span class='ocrx_word' id='word_1_448' title='bbox 2562 3016 2654 3068; x_wconf 71' lang='grc' dir='ltr'>καὶ</span> <span class='ocrx_word' id='word_1_449' title='bbox 2682 3014 2909 3085; x_wconf 71' lang='grc' dir='ltr'>λήψεται</span> <span class='ocrx_word' id='word_1_450' title='bbox 2942 3016 3066 3076; x_wconf 72' lang='grc' dir='ltr'>τοὺς</span> <span class='ocrx_word' id='word_1_451' title='bbox 3100 3014 3382 3083; x_wconf 83' lang='grc' dir='ltr'>ἄρχοντας,</span> <span class='ocrx_word' id='word_1_452' title='bbox 3414 3031 3431 3063; x_wconf 86' lang='grc'><strong>›</strong></span> <span class='ocrx_word' id='word_1_453' title='bbox 3481 3012 3672 3081; x_wconf 76' lang='grc' dir='ltr'>Σαφῶς</span> <span class='ocrx_word' id='word_1_454' title='bbox 3723 3012 3832 3083; x_wconf 79' lang='grc' dir='ltr'>γὰρ</span> <span class='ocrx_word' id='word_1_455' title='bbox 3880 3008 3967 3064; x_wconf 70' lang='grc' dir='ltr'><strong>διὰ</strong></span> 
     </span>
    </p>
   </div>
   <div class='ocr_carea' id='block_1_55' title="bbox 739 3092 2437 3175">
    <p class='ocr_par' dir='ltr' id='par_1_55' title="bbox 739 3092 2437 3174">
     <span class='ocr_line' id='line_1_55' title="bbox 739 3092 2437 3174; baseline -0.001 -16"><span class='ocrx_word' id='word_1_456' title='bbox 739 3106 845 3158; x_wconf 88' lang='lat' dir='ltr'><strong>lam</strong></span> <span class='ocrx_word' id='word_1_457' title='bbox 870 3102 1124 3174; x_wconf 80' lang='lat' dir='ltr'><strong>grandem</strong></span> <span class='ocrx_word' id='word_1_458' title='bbox 1154 3115 1470 3171; x_wconf 81' lang='lat' dir='ltr'><strong>magnarum</strong></span> <span class='ocrx_word' id='word_1_459' title='bbox 1498 3100 1727 3163; x_wconf 89' lang='lat' dir='ltr'><strong>alarum,</strong></span> <span class='ocrx_word' id='word_1_460' title='bbox 1758 3092 1937 3169; x_wconf 80' lang='lat' dir='ltr'><strong>regem</strong></span> <span class='ocrx_word' id='word_1_461' title='bbox 1976 3099 2297 3170; x_wconf 82' lang='lat' dir='ltr'><strong>Babylonio-</strong></span> <span class='ocrx_word' id='word_1_462' title='bbox 2394 3122 2437 3156; x_wconf 78' lang='grc' dir='ltr'><strong>τι</strong></span> 
     </span>
    </p>
   </div>
   <div class='ocr_carea' id='block_1_56' title="bbox 2269 3092 3967 3175">
    <p class='ocr_par' dir='ltr' id='par_1_56' title="bbox 2269 3100 3967 3175">
     <span class='ocr_line' id='line_1_56' title="bbox 2269 3100 3967 3175; baseline -0.005 -18"><span class='ocrx_word' id='word_1_463' title='bbox 2269 3130 2297 3142; x_wconf 65' lang='grc' dir='ltr'>ι·</span> <span class='ocrx_word' id='word_1_464' title='bbox 2394 3104 2597 3157; x_wconf 84' lang='grc' dir='ltr'>τούτων</span> <span class='ocrx_word' id='word_1_465' title='bbox 2638 3106 2671 3173; x_wconf 79' lang='grc' dir='ltr'>ἡ</span> <span class='ocrx_word' id='word_1_466' title='bbox 2719 3104 3021 3175; x_wconf 70' lang='grc' dir='ltr'>προφητεία</span> <span class='ocrx_word' id='word_1_467' title='bbox 3073 3103 3162 3154; x_wconf 76' lang='grc' dir='ltr'>τὸν</span> <span class='ocrx_word' id='word_1_468' title='bbox 3204 3104 3301 3171; x_wconf 82' lang='grc' dir='ltr'>μὲν</span> <span class='ocrx_word' id='word_1_469' title='bbox 3343 3101 3496 3154; x_wconf 83' lang='grc' dir='ltr'>ἀετὸν</span> <span class='ocrx_word' id='word_1_470' title='bbox 3531 3102 3621 3153; x_wconf 74' lang='grc' dir='ltr'><strong>τὸν</strong></span> <span class='ocrx_word' id='word_1_471' title='bbox 3674 3101 3844 3170; x_wconf 86' lang='grc' dir='ltr'>μέγαν</span> <span class='ocrx_word' id='word_1_472' title='bbox 3877 3100 3967 3151; x_wconf 73' lang='grc' dir='ltr'>τὸν</span> 
     </span>
    </p>
   </div>
   <div class='ocr_carea' id='block_1_57' title="bbox 738 3189 2436 3265">
    <p class='ocr_par' dir='ltr' id='par_1_57' title="bbox 738 3189 2436 3265">
     <span class='ocr_line' id='line_1_57' title="bbox 738 3189 2436 3265; baseline -0.004 -16"><span class='ocrx_word' id='word_1_473' title='bbox 738 3210 858 3249; x_wconf 89' lang='lat' dir='ltr'><strong>rum</strong></span> <span class='ocrx_word' id='word_1_474' title='bbox 873 3195 1277 3263; x_wconf 80' lang='lat' dir='ltr'><strong>interpretatur;</strong></span> <span class='ocrx_word' id='word_1_475' title='bbox 1292 3189 1554 3246; x_wconf 87' lang='lat' dir='ltr'><strong>Libanum</strong></span> <span class='ocrx_word' id='word_1_476' title='bbox 1568 3206 1694 3246; x_wconf 90' lang='lat' dir='ltr'><strong>vero</strong></span> <span class='ocrx_word' id='word_1_477' title='bbox 1705 3190 2024 3248; x_wconf 78' lang='lat' dir='ltr'><strong>Jerusalem.</strong></span> <span class='ocrx_word' id='word_1_478' title='bbox 2042 3189 2295 3265; x_wconf 82' lang='lat' dir='ltr'><strong>Reliquo-</strong></span> <span class='ocrx_word' id='word_1_479' title='bbox 2401 3214 2436 3265; x_wconf 88' lang='grc' dir='ltr'><strong>μ</strong></span> 
     </span>
    </p>
   </div>
   <div class='ocr_carea' id='block_1_58' title="bbox 2260 3189 3958 3265">
    <p class='ocr_par' dir='ltr' id='par_1_58' title="bbox 2260 3190 3958 3265">
     <span class='ocr_line' id='line_1_58' title="bbox 2260 3190 3958 3265; baseline -0.005 -17"><span class='ocrx_word' id='word_1_480' title='bbox 2260 3208 2295 3242; x_wconf 62' lang='grc' dir='ltr'>ι-</span> <span class='ocrx_word' id='word_1_481' title='bbox 2401 3194 2868 3265; x_wconf 84' lang='grc' dir='ltr'>μεγαλοπτέρυγον</span> <span class='ocrx_word' id='word_1_482' title='bbox 2889 3193 2978 3245; x_wconf 68' lang='grc' dir='ltr'>τὸν</span> <span class='ocrx_word' id='word_1_483' title='bbox 3014 3192 3235 3263; x_wconf 83' lang='grc' dir='ltr'>βασιλέα</span> <span class='ocrx_word' id='word_1_484' title='bbox 3274 3192 3379 3244; x_wconf 83' lang='grc' dir='ltr'><strong>τῶν</strong></span> <span class='ocrx_word' id='word_1_485' title='bbox 3409 3190 3759 3244; x_wconf 87' lang='grc' dir='ltr'>Βαϐυλωνίων</span> <span class='ocrx_word' id='word_1_486' title='bbox 3782 3190 3958 3260; x_wconf 78' lang='grc' dir='ltr'>ἡρμή-</span> 
     </span>
    </p>
   </div>
   <div class='ocr_carea' id='block_1_59' title="bbox 738 3263 2436 3353">
    <p class='ocr_par' dir='ltr' id='par_1_59' title="bbox 738 3263 2436 3352">
     <span class='ocr_line' id='line_1_59' title="bbox 738 3263 2436 3352; baseline -0.001 -14"><span class='ocrx_word' id='word_1_487' title='bbox 738 3299 856 3338; x_wconf 91' lang='lat' dir='ltr'><strong>rum</strong></span> <span class='ocrx_word' id='word_1_488' title='bbox 881 3284 1004 3337; x_wconf 88' lang='lat' dir='ltr'><strong>item</strong></span> <span class='ocrx_word' id='word_1_489' title='bbox 1030 3273 1405 3352; x_wconf 82' lang='lat' dir='ltr'><strong>prophetarum</strong></span> <span class='ocrx_word' id='word_1_490' title='bbox 1431 3281 1593 3348; x_wconf 85' lang='lat' dir='ltr'><strong>dicta,</strong></span> <span class='ocrx_word' id='word_1_491' title='bbox 1618 3296 1715 3335; x_wconf 90' lang='lat' dir='ltr'><strong>ceu</strong></span> <span class='ocrx_word' id='word_1_492' title='bbox 1740 3280 1805 3336; x_wconf 91' lang='lat' dir='ltr'><strong>de</strong></span> <span class='ocrx_word' id='word_1_493' title='bbox 1835 3279 2041 3334; x_wconf 90' lang='lat' dir='ltr'><strong>Libano</strong></span> <span class='ocrx_word' id='word_1_494' title='bbox 2059 3263 2289 3351; x_wconf 77' lang='lat' dir='ltr'><strong>prolata,</strong></span> <span class='ocrx_word' id='word_1_495' title='bbox 2322 3279 2367 3340; x_wconf 90' lang='lat' dir='ltr'>C</span> <span class='ocrx_word' id='word_1_496' title='bbox 2398 3263 2436 3336; x_wconf 74' lang='grc' dir='ltr'>νε</span> 
     </span>
    </p>
   </div>
   <div class='ocr_carea' id='block_1_60' title="bbox 2268 3263 3966 3353">
    <p class='ocr_par' dir='ltr' id='par_1_60' title="bbox 2276 3263 3966 3353">
     <span class='ocr_line' id='line_1_60' title="bbox 2276 3263 3966 3353; baseline -0.004 -13"><span class='ocrx_word' id='word_1_497' title='bbox 2276 3318 2289 3341; x_wconf 74' lang='grc'><em>,</em></span> <span class='ocrx_word' id='word_1_498' title='bbox 2322 3279 2367 3340; x_wconf 87' lang='lat' dir='ltr'>C</span> <span class='ocrx_word' id='word_1_499' title='bbox 2398 3263 2573 3345; x_wconf 81' lang='grc' dir='ltr'>νευσε,</span> <span class='ocrx_word' id='word_1_500' title='bbox 2604 3263 2784 3336; x_wconf 14' lang='grc' dir='ltr'>τὸννδὲ</span> <span class='ocrx_word' id='word_1_501' title='bbox 2824 3283 3051 3337; x_wconf 81' lang='grc' dir='ltr'>Λίϐανον</span> <span class='ocrx_word' id='word_1_502' title='bbox 3079 3282 3561 3353; x_wconf 78' lang='grc' dir='ltr'>τὴνῚερουσαλήμ.</span> <span class='ocrx_word' id='word_1_503' title='bbox 3602 3282 3966 3351; x_wconf 81' lang='grc' dir='ltr'>Ἐφαρμὸσεις</span> 
     </span>
    </p>
   </div>
   <div class='ocr_carea' id='block_1_61' title="bbox 733 3370 2431 3447">
    <p class='ocr_par' dir='ltr' id='par_1_61' title="bbox 733 3372 2431 3447">
     <span class='ocr_line' id='line_1_61' title="bbox 733 3372 2431 3447; baseline -0.004 -16"><span class='ocrx_word' id='word_1_504' title='bbox 733 3375 1081 3447; x_wconf 72' lang='lat' dir='ltr'><strong>Jerosolymae</strong></span> <span class='ocrx_word' id='word_1_505' title='bbox 1110 3373 1339 3444; x_wconf 87' lang='lat' dir='ltr'><strong>aptabis.</strong></span> <span class='ocrx_word' id='word_1_506' title='bbox 1369 3372 1522 3428; x_wconf 86' lang='lat' dir='ltr'><strong>Enim</strong></span> <span class='ocrx_word' id='word_1_507' title='bbox 1563 3390 1692 3429; x_wconf 89' lang='lat' dir='ltr'><strong>vero</strong></span> <span class='ocrx_word' id='word_1_508' title='bbox 1722 3390 1882 3429; x_wconf 89' lang='lat' dir='ltr'><strong>nemo</strong></span> <span class='ocrx_word' id='word_1_509' title='bbox 1910 3390 1977 3428; x_wconf 80' lang='lat' dir='ltr'><strong>ex</strong></span> <span class='ocrx_word' id='word_1_510' title='bbox 2002 3373 2291 3428; x_wconf 87' lang='lat' dir='ltr'><strong>circumci—</strong></span> <span class='ocrx_word' id='word_1_511' title='bbox 2395 3374 2431 3425; x_wconf 68' lang='grc' dir='ltr'><strong>δέ</strong></span> 
     </span>
    </p>
   </div>
   <div class='ocr_carea' id='block_1_62' title="bbox 2262 3370 3960 3447">
    <p class='ocr_par' dir='ltr' id='par_1_62' title="bbox 2265 3370 3960 3444">
     <span class='ocr_line' id='line_1_62' title="bbox 2265 3370 3960 3444; baseline -0.001 -19"><span class='ocrx_word' id='word_1_512' title='bbox 2265 3402 2291 3413; x_wconf 90' lang='lat'><strong>-</strong></span> <span class='ocrx_word' id='word_1_513' title='bbox 2395 3374 2452 3425; x_wconf 85' lang='grc' dir='ltr'><strong>δὲ</strong></span> <span class='ocrx_word' id='word_1_514' title='bbox 2484 3375 2576 3426; x_wconf 59' lang='grc' dir='ltr'>καὶ</span> <span class='ocrx_word' id='word_1_515' title='bbox 2606 3371 2676 3426; x_wconf 85' lang='grc' dir='ltr'><strong>τὰ</strong></span> <span class='ocrx_word' id='word_1_516' title='bbox 2699 3372 2850 3444; x_wconf 87' lang='grc' dir='ltr'>παρὰ</span> <span class='ocrx_word' id='word_1_517' title='bbox 2874 3374 2985 3435; x_wconf 87' lang='grc' dir='ltr'>τοῖς</span> <span class='ocrx_word' id='word_1_518' title='bbox 3015 3372 3217 3435; x_wconf 80' lang='grc' dir='ltr'>λοιποῖς</span> <span class='ocrx_word' id='word_1_519' title='bbox 3248 3374 3547 3444; x_wconf 81' lang='grc' dir='ltr'>προφήταις</span> <span class='ocrx_word' id='word_1_520' title='bbox 3577 3371 3765 3441; x_wconf 82' lang='grc' dir='ltr'>ὥσπερ</span> <span class='ocrx_word' id='word_1_521' title='bbox 3793 3370 3960 3425; x_wconf 83' lang='grc' dir='ltr'>Λιϐά-</span> 
     </span>
    </p>
   </div>
   <div class='ocr_carea' id='block_1_63' title="bbox 733 3460 2431 3537">
    <p class='ocr_par' dir='ltr' id='par_1_63' title="bbox 733 3462 2431 3535">
     <span class='ocr_line' id='line_1_63' title="bbox 733 3462 2431 3535; baseline -0.005 -12"><span class='ocrx_word' id='word_1_522' title='bbox 733 3469 886 3523; x_wconf 93' lang='lat' dir='ltr'><strong>sione</strong></span> <span class='ocrx_word' id='word_1_523' title='bbox 920 3467 1073 3523; x_wconf 81' lang='lat' dir='ltr'><strong>fateri</strong></span> <span class='ocrx_word' id='word_1_524' title='bbox 1104 3466 1334 3531; x_wconf 89' lang='lat' dir='ltr'><strong>dubitet,</strong></span> <span class='ocrx_word' id='word_1_525' title='bbox 1370 3466 1436 3521; x_wconf 89' lang='lat' dir='ltr'><strong>iis</strong></span> <span class='ocrx_word' id='word_1_526' title='bbox 1466 3481 1585 3535; x_wconf 73' lang='lat' dir='ltr'><strong>quas</strong></span> <span class='ocrx_word' id='word_1_527' title='bbox 1608 3465 1674 3521; x_wconf 88' lang='lat' dir='ltr'><strong>de</strong></span> <span class='ocrx_word' id='word_1_528' title='bbox 1701 3464 1905 3520; x_wconf 90' lang='lat' dir='ltr'><strong>Libano</strong></span> <span class='ocrx_word' id='word_1_529' title='bbox 1932 3464 2188 3519; x_wconf 84' lang='lat' dir='ltr'><strong>dicuntur</strong></span> <span class='ocrx_word' id='word_1_530' title='bbox 2209 3462 2292 3519; x_wconf 85' lang='lat' dir='ltr'><strong>Je-</strong></span> <span class='ocrx_word' id='word_1_531' title='bbox 2392 3483 2431 3516; x_wconf 83' lang='grc' dir='ltr'><strong>νι</strong></span> 
     </span>
    </p>
   </div>
   <div class='ocr_carea' id='block_1_64' title="bbox 2262 3460 3960 3537">
    <p class='ocr_par' dir='ltr' id='par_1_64' title="bbox 2262 3460 3960 3537">
     <span class='ocr_line' id='line_1_64' title="bbox 2262 3460 3960 3537; baseline 0 -20"><span class='ocrx_word' id='word_1_532' title='bbox 2262 3484 2292 3519; x_wconf 74' lang='lat'><strong>:—</strong></span> <span class='ocrx_word' id='word_1_533' title='bbox 2392 3482 2482 3517; x_wconf 84' lang='lat' dir='ltr'><strong>vou</strong></span> <span class='ocrx_word' id='word_1_534' title='bbox 2526 3464 2821 3535; x_wconf 82' lang='grc' dir='ltr'>λελεγμένα</span> <span class='ocrx_word' id='word_1_535' title='bbox 2870 3467 2935 3535; x_wconf 85' lang='grc' dir='ltr'>τῇ</span> <span class='ocrx_word' id='word_1_536' title='bbox 2984 3465 3354 3537; x_wconf 82' lang='grc' dir='ltr'>Ἰερουσαλήμ.</span> <span class='ocrx_word' id='word_1_537' title='bbox 3410 3463 3545 3515; x_wconf 80' lang='grc' dir='ltr'>Ἀλλ’</span> <span class='ocrx_word' id='word_1_538' title='bbox 3593 3462 3713 3515; x_wconf 75' lang='grc' dir='ltr'>οὐδὲ</span> <span class='ocrx_word' id='word_1_539' title='bbox 3743 3460 3852 3515; x_wconf 82' lang='grc' dir='ltr'><strong>τῶν</strong></span> <span class='ocrx_word' id='word_1_540' title='bbox 3895 3462 3960 3518; x_wconf 82' lang='grc' dir='ltr'>ἐκ</span> 
     </span>
    </p>
   </div>
   <div class='ocr_carea' id='block_1_65' title="bbox 730 3552 2428 3629">
    <p class='ocr_par' dir='ltr' id='par_1_65' title="bbox 730 3552 2428 3629">
     <span class='ocr_line' id='line_1_65' title="bbox 730 3552 2428 3629; baseline -0.004 -16"><span class='ocrx_word' id='word_1_541' title='bbox 730 3557 1060 3629; x_wconf 81' lang='lat' dir='ltr'><strong>rosolymam</strong></span> <span class='ocrx_word' id='word_1_542' title='bbox 1111 3555 1446 3611; x_wconf 89' lang='lat' dir='ltr'><strong>adumbrari.</strong></span> <span class='ocrx_word' id='word_1_543' title='bbox 1503 3572 1521 3605; x_wconf 83' lang='grc' dir='ltr'><strong>ι</strong></span> <span class='ocrx_word' id='word_1_544' title='bbox 1573 3552 2097 3624; x_wconf 78' lang='lat' dir='ltr'><strong>Supercxaltabitur,</strong></span> <span class='ocrx_word' id='word_1_545' title='bbox 2153 3572 2172 3605; x_wconf 88' lang='grc'>›</span> <span class='ocrx_word' id='word_1_546' title='bbox 2232 3562 2289 3609; x_wconf 91' lang='lat' dir='ltr'><strong>ut</strong></span> <span class='ocrx_word' id='word_1_547' title='bbox 2392 3577 2428 3613; x_wconf 87' lang='grc' dir='ltr'><strong>π</strong></span> 
     </span>
    </p>
   </div>
   <div class='ocr_carea' id='block_1_66' title="bbox 2256 3552 3954 3629">
    <p class='ocr_par' dir='ltr' id='par_1_66' title="bbox 2256 3555 3954 3629">
     <span class='ocr_line' id='line_1_66' title="bbox 2256 3555 3954 3629; baseline 0 -22"><span class='ocrx_word' id='word_1_548' title='bbox 2256 3562 2289 3607; x_wconf 80' lang='lat' dir='ltr'><strong>lt</strong></span> <span class='ocrx_word' id='word_1_549' title='bbox 2392 3561 2690 3629; x_wconf 75' lang='grc' dir='ltr'>περιτομῆς</span> <span class='ocrx_word' id='word_1_550' title='bbox 2723 3575 2803 3620; x_wconf 90' lang='grc' dir='ltr'><strong>τις</strong></span> <span class='ocrx_word' id='word_1_551' title='bbox 2831 3558 3156 3627; x_wconf 69' lang='grc' dir='ltr'>ἁμφιϐάλλοι</span> <span class='ocrx_word' id='word_1_552' title='bbox 3191 3558 3256 3612; x_wconf 86' lang='grc' dir='ltr'><strong>ἂν</strong></span> <span class='ocrx_word' id='word_1_553' title='bbox 3290 3557 3365 3629; x_wconf 82' lang='grc' dir='ltr'>μὴ</span> <span class='ocrx_word' id='word_1_554' title='bbox 3396 3556 3515 3627; x_wconf 72' lang='grc' dir='ltr'>οὐχὶ</span> <span class='ocrx_word' id='word_1_555' title='bbox 3562 3555 3689 3627; x_wconf 70' lang='grc' dir='ltr'>περὶ</span> <span class='ocrx_word' id='word_1_556' title='bbox 3720 3557 3817 3625; x_wconf 82' lang='grc' dir='ltr'><strong>τῆς</strong></span> <span class='ocrx_word' id='word_1_557' title='bbox 3855 3555 3954 3609; x_wconf 85' lang='grc' dir='ltr'><strong>Ἱε-</strong></span> 
     </span>
    </p>
   </div>
   <div class='ocr_carea' id='block_1_67' title="bbox 729 3643 2427 3723">
    <p class='ocr_par' dir='ltr' id='par_1_67' title="bbox 729 3643 2427 3723">
     <span class='ocr_line' id='line_1_67' title="bbox 729 3643 2427 3723; baseline -0.005 -20"><span class='ocrx_word' id='word_1_558' title='bbox 729 3648 835 3703; x_wconf 79' lang='lat' dir='ltr'><strong>fert</strong></span> <span class='ocrx_word' id='word_1_559' title='bbox 862 3662 1041 3703; x_wconf 83' lang='lat' dir='ltr'><strong>sermo</strong></span> <span class='ocrx_word' id='word_1_560' title='bbox 1071 3661 1335 3716; x_wconf 75' lang='lat' dir='ltr'><strong>pmsens,</strong></span> <span class='ocrx_word' id='word_1_561' title='bbox 1363 3663 1380 3695; x_wconf 81' lang='grc' dir='ltr'><strong>ι</strong></span> <span class='ocrx_word' id='word_1_562' title='bbox 1401 3659 1564 3714; x_wconf 90' lang='lat' dir='ltr'><strong>super</strong></span> <span class='ocrx_word' id='word_1_563' title='bbox 1584 3643 1849 3698; x_wconf 90' lang='lat' dir='ltr'><strong>Libanum</strong></span> <span class='ocrx_word' id='word_1_564' title='bbox 1880 3643 2088 3700; x_wconf 82' lang='lat' dir='ltr'><strong>fructus</strong></span> <span class='ocrx_word' id='word_1_565' title='bbox 2112 3644 2283 3715; x_wconf 64' lang='lat' dir='ltr'><strong>ejus,»</strong></span> <span class='ocrx_word' id='word_1_566' title='bbox 2392 3669 2427 3723; x_wconf 80' lang='grc' dir='ltr'>ρ.</span> 
     </span>
    </p>
   </div>
   <div class='ocr_carea' id='block_1_68' title="bbox 2258 3643 3956 3723">
    <p class='ocr_par' dir='ltr' id='par_1_68' title="bbox 2264 3645 3956 3723">
     <span class='ocr_line' id='line_1_68' title="bbox 2264 3645 3956 3723; baseline -0.003 -19"><span class='ocrx_word' id='word_1_567' title='bbox 2264 3664 2283 3697; x_wconf 72' lang='grc' dir='ltr'><strong><em>ι</em></strong></span> <span class='ocrx_word' id='word_1_568' title='bbox 2392 3652 2666 3723; x_wconf 83' lang='grc' dir='ltr'>ρουσαλὴμ</span> <span class='ocrx_word' id='word_1_569' title='bbox 2695 3651 3023 3704; x_wconf 86' lang='grc' dir='ltr'>αίνίττεσθαι</span> <span class='ocrx_word' id='word_1_570' title='bbox 3053 3650 3329 3721; x_wconf 81' lang='grc' dir='ltr'>ὁμολογεῖν</span> <span class='ocrx_word' id='word_1_571' title='bbox 3357 3648 3425 3702; x_wconf 79' lang='grc' dir='ltr'><strong>τὰ</strong></span> <span class='ocrx_word' id='word_1_572' title='bbox 3455 3648 3583 3721; x_wconf 74' lang='grc' dir='ltr'>περὶ</span> <span class='ocrx_word' id='word_1_573' title='bbox 3610 3647 3839 3702; x_wconf 85' lang='grc' dir='ltr'>Λιϐάνου</span> <span class='ocrx_word' id='word_1_574' title='bbox 3869 3645 3956 3699; x_wconf 83' lang='grc' dir='ltr'>λε-</span> 
     </span>
    </p>
   </div>
   <div class='ocr_carea' id='block_1_69' title="bbox 729 3726 2427 3813">
    <p class='ocr_par' dir='ltr' id='par_1_69' title="bbox 729 3726 2427 3803">
     <span class='ocr_line' id='line_1_69' title="bbox 729 3726 2427 3803; baseline -0.004 -10"><span class='ocrx_word' id='word_1_575' title='bbox 729 3738 942 3793; x_wconf 88' lang='lat' dir='ltr'><strong>scilicet</strong></span> <span class='ocrx_word' id='word_1_576' title='bbox 975 3726 1276 3791; x_wconf 61' lang='lat' dir='ltr'><strong>Servatori’s</strong></span> <span class='ocrx_word' id='word_1_577' title='bbox 1314 3733 1379 3789; x_wconf 92' lang='lat' dir='ltr'><strong>de</strong></span> <span class='ocrx_word' id='word_1_578' title='bbox 1413 3748 1521 3803; x_wconf 92' lang='lat' dir='ltr'><strong>quo</strong></span> <span class='ocrx_word' id='word_1_579' title='bbox 1544 3732 1827 3803; x_wconf 88' lang='lat' dir='ltr'><strong>prophetia</strong></span> <span class='ocrx_word' id='word_1_580' title='bbox 1860 3733 2119 3801; x_wconf 90' lang='lat' dir='ltr'><strong>loquitur.</strong></span> <span class='ocrx_word' id='word_1_581' title='bbox 2144 3726 2286 3788; x_wconf 25' lang='lat' dir='ltr'><strong>‘Fru-</strong></span> <span class='ocrx_word' id='word_1_582' title='bbox 2388 3741 2427 3793; x_wconf 54' lang='grc' dir='ltr'>λλ</span> 
     </span>
    </p>
   </div>
   <div class='ocr_carea' id='block_1_70' title="bbox 2257 3726 3955 3813">
    <p class='ocr_par' dir='ltr' id='par_1_70' title="bbox 2262 3737 3955 3813">
     <span class='ocr_line' id='line_1_70' title="bbox 2262 3737 3955 3813; baseline -0.002 -19"><span class='ocrx_word' id='word_1_583' title='bbox 2262 3764 2286 3773; x_wconf 95' lang='grc'><strong>-</strong></span> <span class='ocrx_word' id='word_1_584' title='bbox 2388 3741 2639 3813; x_wconf 86' lang='grc' dir='ltr'>λεγμένα.</span> <span class='ocrx_word' id='word_1_585' title='bbox 2694 3760 2711 3793; x_wconf 81' lang='grc' dir='ltr'><strong>ι</strong></span> <span class='ocrx_word' id='word_1_586' title='bbox 2765 3740 3228 3811; x_wconf 79' lang='grc' dir='ltr'>’Υπεραρθήσεται</span> <span class='ocrx_word' id='word_1_587' title='bbox 3263 3759 3281 3791; x_wconf 69' lang='grc' dir='ltr'><strong>ι</strong></span> <span class='ocrx_word' id='word_1_588' title='bbox 3317 3741 3514 3804; x_wconf 84' lang='grc' dir='ltr'>τοίνυν,</span> <span class='ocrx_word' id='word_1_589' title='bbox 3546 3740 3606 3791; x_wconf 82' lang='grc' dir='ltr'><strong>τὸ</strong></span> <span class='ocrx_word' id='word_1_590' title='bbox 3650 3738 3823 3810; x_wconf 85' lang='grc' dir='ltr'>παρὸν</span> <span class='ocrx_word' id='word_1_591' title='bbox 3865 3737 3955 3790; x_wconf 85' lang='grc' dir='ltr'>λό-</span> 
     </span>
    </p>
   </div>
   <div class='ocr_carea' id='block_1_71' title="bbox 726 3823 2424 3903">
    <p class='ocr_par' dir='ltr' id='par_1_71' title="bbox 726 3823 2422 3901">
     <span class='ocr_line' id='line_1_71' title="bbox 726 3823 2422 3901; baseline -0.005 -16"><span class='ocrx_word' id='word_1_592' title='bbox 726 3839 852 3885; x_wconf 87' lang='lat' dir='ltr'><strong>ctus</strong></span> <span class='ocrx_word' id='word_1_593' title='bbox 880 3835 1057 3883; x_wconf 84' lang='lat' dir='ltr'><strong>autem</strong></span> <span class='ocrx_word' id='word_1_594' title='bbox 1085 3827 1203 3897; x_wconf 89' lang='lat' dir='ltr'><strong>ejus</strong></span> <span class='ocrx_word' id='word_1_595' title='bbox 1222 3826 1344 3897; x_wconf 89' lang='lat' dir='ltr'><strong>quis</strong></span> <span class='ocrx_word' id='word_1_596' title='bbox 1377 3825 1560 3889; x_wconf 84' lang='lat' dir='ltr'><strong>fuerit,</strong></span> <span class='ocrx_word' id='word_1_597' title='bbox 1591 3826 1695 3880; x_wconf 90' lang='lat' dir='ltr'><strong>nisi</strong></span> <span class='ocrx_word' id='word_1_598' title='bbox 1725 3823 2157 3895; x_wconf 60' lang='lat' dir='ltr'><strong>Ecclesia&#39;ipsius</strong></span> <span class='ocrx_word' id='word_1_599' title='bbox 2192 3840 2287 3894; x_wconf 87' lang='lat' dir='ltr'><strong>per</strong></span> <span class='ocrx_word' id='word_1_600' title='bbox 2386 3850 2422 3901; x_wconf 84' lang='grc' dir='ltr'><strong>γ</strong></span> 
     </span>
    </p>
   </div>
   <div class='ocr_carea' id='block_1_72' title="bbox 2252 3823 3950 3903">
    <p class='ocr_par' dir='ltr' id='par_1_72' title="bbox 2252 3827 3950 3903">
     <span class='ocr_line' id='line_1_72' title="bbox 2252 3827 3950 3903; baseline -0.004 -17"><span class='ocrx_word' id='word_1_601' title='bbox 2252 3841 2287 3878; x_wconf 69' lang='grc' dir='ltr'><strong>τι·</strong></span> <span class='ocrx_word' id='word_1_602' title='bbox 2386 3833 2502 3901; x_wconf 86' lang='grc' dir='ltr'>γιόν</span> <span class='ocrx_word' id='word_1_603' title='bbox 2536 3849 2717 3903; x_wconf 82' lang='grc' dir='ltr'>φησιν,</span> <span class='ocrx_word' id='word_1_604' title='bbox 2776 3850 2793 3882; x_wconf 77' lang='grc' dir='ltr'><strong>ι</strong></span> <span class='ocrx_word' id='word_1_605' title='bbox 2836 3831 2974 3901; x_wconf 83' lang='grc' dir='ltr'>ὑπὲρ</span> <span class='ocrx_word' id='word_1_606' title='bbox 3006 3832 3095 3882; x_wconf 81' lang='grc' dir='ltr'>τὸν</span> <span class='ocrx_word' id='word_1_607' title='bbox 3138 3831 3365 3883; x_wconf 83' lang='grc' dir='ltr'>Λίϐανον</span> <span class='ocrx_word' id='word_1_608' title='bbox 3400 3833 3427 3883; x_wconf 89' lang='lat'><strong>6</strong></span> <span class='ocrx_word' id='word_1_609' title='bbox 3459 3829 3667 3900; x_wconf 85' lang='grc' dir='ltr'>καρπὸς</span> <span class='ocrx_word' id='word_1_610' title='bbox 3704 3827 3889 3892; x_wconf 80' lang='grc' dir='ltr'>αὐτοῦ,</span> <span class='ocrx_word' id='word_1_611' title='bbox 3932 3846 3950 3879; x_wconf 76' lang='grc' dir='ltr'><strong>ι</strong></span> 
     </span>
    </p>
   </div>
   <div class='ocr_carea' id='block_1_73' title="bbox 727 3906 2425 3995">
    <p class='ocr_par' dir='ltr' id='par_1_73' title="bbox 727 3910 2425 3989">
     <span class='ocr_line' id='line_1_73' title="bbox 727 3910 2425 3989; baseline -0.006 -12"><span class='ocrx_word' id='word_1_612' title='bbox 727 3932 901 3979; x_wconf 89' lang='lat' dir='ltr'><strong>totum</strong></span> <span class='ocrx_word' id='word_1_613' title='bbox 934 3922 1122 3977; x_wconf 89' lang='lat' dir='ltr'><strong>orbem</strong></span> <span class='ocrx_word' id='word_1_614' title='bbox 1157 3920 1385 3983; x_wconf 82' lang='lat' dir='ltr'><strong>ﬁrmata,</strong></span> <span class='ocrx_word' id='word_1_615' title='bbox 1423 3918 1489 3974; x_wconf 90' lang='lat' dir='ltr'><strong>de</strong></span> <span class='ocrx_word' id='word_1_616' title='bbox 1513 3932 1620 3989; x_wconf 90' lang='lat' dir='ltr'><strong>qua</strong></span> <span class='ocrx_word' id='word_1_617' title='bbox 1658 3910 1938 3973; x_wconf 83' lang='lat' dir='ltr'><strong>dicebatur</strong></span> <span class='ocrx_word' id='word_1_618' title='bbox 1967 3939 1979 3973; x_wconf 90' lang='lat'>:</span> <span class='ocrx_word' id='word_1_619' title='bbox 2012 3937 2028 3967; x_wconf 78' lang='grc' dir='ltr'><strong>ι</strong></span> <span class='ocrx_word' id='word_1_620' title='bbox 2060 3918 2177 3973; x_wconf 87' lang='lat' dir='ltr'><strong>Erit</strong></span> <span class='ocrx_word' id='word_1_621' title='bbox 2200 3918 2289 3971; x_wconf 84' lang='lat' dir='ltr'><strong>ﬂr—</strong></span> <span class='ocrx_word' id='word_1_622' title='bbox 2387 3926 2425 3977; x_wconf 64' lang='grc' dir='ltr'><strong>δτ</strong></span> 
     </span>
    </p>
   </div>
   <div class='ocr_carea' id='block_1_74' title="bbox 2258 3906 3956 3995">
    <p class='ocr_par' dir='ltr' id='par_1_74' title="bbox 2258 3906 3956 3995">
     <span class='ocr_line' id='line_1_74' title="bbox 2258 3906 3956 3995; baseline -0.002 -18"><span class='ocrx_word' id='word_1_623' title='bbox 2258 3935 2289 3956; x_wconf 91' lang='grc'><strong>’-</strong></span> <span class='ocrx_word' id='word_1_624' title='bbox 2387 3924 2586 3995; x_wconf 79' lang='grc' dir='ltr'>δηλαδὴ</span> <span class='ocrx_word' id='word_1_625' title='bbox 2641 3924 2732 3976; x_wconf 87' lang='grc' dir='ltr'><strong>τοῦ</strong></span> <span class='ocrx_word' id='word_1_626' title='bbox 2778 3921 3252 3993; x_wconf 81' lang='grc' dir='ltr'>προφητευομένου</span> <span class='ocrx_word' id='word_1_627' title='bbox 3299 3906 3566 3990; x_wconf 73' lang='grc' dir='ltr'>Σωτῆρος.</span> <span class='ocrx_word' id='word_1_628' title='bbox 3621 3920 3848 3991; x_wconf 82' lang='grc' dir='ltr'>Καρπὸς</span> <span class='ocrx_word' id='word_1_629' title='bbox 3899 3921 3956 3973; x_wconf 75' lang='grc' dir='ltr'><strong>δὲ</strong></span> 
     </span>
    </p>
   </div>
   <div class='ocr_carea' id='block_1_75' title="bbox 726 4008 2424 4087">
    <p class='ocr_par' dir='ltr' id='par_1_75' title="bbox 726 4008 2422 4073">
     <span class='ocr_line' id='line_1_75' title="bbox 726 4008 2422 4073; baseline -0.005 -3"><span class='ocrx_word' id='word_1_630' title='bbox 726 4022 1057 4071; x_wconf 87' lang='lat' dir='ltr'><strong>mamentum</strong></span> <span class='ocrx_word' id='word_1_631' title='bbox 1102 4012 1158 4067; x_wconf 90' lang='lat' dir='ltr'><strong>in</strong></span> <span class='ocrx_word' id='word_1_632' title='bbox 1190 4022 1334 4067; x_wconf 89' lang='lat' dir='ltr'><strong>terra</strong></span> <span class='ocrx_word' id='word_1_633' title='bbox 1369 4012 1423 4065; x_wconf 90' lang='lat' dir='ltr'><strong>in</strong></span> <span class='ocrx_word' id='word_1_634' title='bbox 1464 4009 1692 4066; x_wconf 92' lang='lat' dir='ltr'><strong>summis</strong></span> <span class='ocrx_word' id='word_1_635' title='bbox 1740 4010 2040 4065; x_wconf 86' lang='lat' dir='ltr'><strong>montium?</strong></span> <span class='ocrx_word' id='word_1_636' title='bbox 2074 4030 2091 4061; x_wconf 80' lang='grc' dir='ltr'><strong>ι</strong></span> <span class='ocrx_word' id='word_1_637' title='bbox 2138 4008 2287 4062; x_wconf 88' lang='lat' dir='ltr'><strong>Hanc</strong></span> <span class='ocrx_word' id='word_1_638' title='bbox 2387 4039 2422 4073; x_wconf 80' lang='grc' dir='ltr'>α</span> 
     </span>
    </p>
   </div>
   <div class='ocr_carea' id='block_1_76' title="bbox 2257 4008 3955 4087">
    <p class='ocr_par' dir='ltr' id='par_1_76' title="bbox 2257 4013 3955 4087">
     <span class='ocr_line' id='line_1_76' title="bbox 2257 4013 3955 4087; baseline -0.006 -13"><span class='ocrx_word' id='word_1_639' title='bbox 2257 4023 2287 4062; x_wconf 77' lang='grc' dir='ltr'>ο</span> <span class='ocrx_word' id='word_1_640' title='bbox 2387 4021 2547 4073; x_wconf 74' lang='grc' dir='ltr'>αὐτοῦ</span> <span class='ocrx_word' id='word_1_641' title='bbox 2581 4020 2662 4085; x_wconf 88' lang='grc' dir='ltr'><strong>τίς</strong></span> <span class='ocrx_word' id='word_1_642' title='bbox 2694 4019 2759 4072; x_wconf 83' lang='grc' dir='ltr'><strong>ἂν</strong></span> <span class='ocrx_word' id='word_1_643' title='bbox 2789 4017 3047 4087; x_wconf 79' lang='grc' dir='ltr'>γένοιτοῆ</span> <span class='ocrx_word' id='word_1_644' title='bbox 3093 4015 3385 4086; x_wconf 84' lang='grc' dir='ltr'>Ἐκκλησία</span> <span class='ocrx_word' id='word_1_645' title='bbox 3413 4013 3575 4067; x_wconf 79' lang='grc' dir='ltr'>αὑτοῦ</span> <span class='ocrx_word' id='word_1_646' title='bbox 3620 4016 3652 4084; x_wconf 76' lang='grc' dir='ltr'>ἡ</span> <span class='ocrx_word' id='word_1_647' title='bbox 3680 4013 3799 4066; x_wconf 82' lang='grc' dir='ltr'>καθ’</span> <span class='ocrx_word' id='word_1_648' title='bbox 3828 4014 3955 4085; x_wconf 83' lang='grc' dir='ltr'>ὅλης</span> 
     </span>
    </p>
   </div>
   <div class='ocr_carea' id='block_1_77' title="bbox 728 4100 2426 4183">
    <p class='ocr_par' dir='ltr' id='par_1_77' title="bbox 728 4100 2426 4174">
     <span class='ocr_line' id='line_1_77' title="bbox 728 4100 2426 4174; baseline -0.002 -16"><span class='ocrx_word' id='word_1_649' title='bbox 728 4105 908 4174; x_wconf 85' lang='lat' dir='ltr'><strong>itaque</strong></span> <span class='ocrx_word' id='word_1_650' title='bbox 947 4117 1109 4173; x_wconf 84' lang='lat' dir='ltr'><strong>super</strong></span> <span class='ocrx_word' id='word_1_651' title='bbox 1136 4101 1400 4157; x_wconf 90' lang='lat' dir='ltr'><strong>Libanum</strong></span> <span class='ocrx_word' id='word_1_652' title='bbox 1445 4101 1787 4158; x_wconf 79' lang='lat' dir='ltr'><strong>exaltandam</strong></span> <span class='ocrx_word' id='word_1_653' title='bbox 1819 4116 1941 4156; x_wconf 89' lang='lat' dir='ltr'><strong>esse</strong></span> <span class='ocrx_word' id='word_1_654' title='bbox 1966 4101 2022 4154; x_wconf 93' lang='lat' dir='ltr'><strong>in</strong></span> <span class='ocrx_word' id='word_1_655' title='bbox 2053 4100 2286 4170; x_wconf 85' lang='lat' dir='ltr'><strong>prophe-</strong></span> <span class='ocrx_word' id='word_1_656' title='bbox 2388 4119 2426 4166; x_wconf 69' lang='grc' dir='ltr'><strong>τέ</strong></span> 
     </span>
    </p>
   </div>
   <div class='ocr_carea' id='block_1_78' title="bbox 2252 4100 3950 4183">
    <p class='ocr_par' dir='ltr' id='par_1_78' title="bbox 2252 4100 3950 4183">
     <span class='ocr_line' id='line_1_78' title="bbox 2252 4100 3950 4183; baseline -0.005 -17"><span class='ocrx_word' id='word_1_657' title='bbox 2252 4117 2286 4155; x_wconf 59' lang='grc'><strong>⁸-</strong></span> <span class='ocrx_word' id='word_1_658' title='bbox 2388 4116 2486 4183; x_wconf 83' lang='grc' dir='ltr'><strong>τῆς</strong></span> <span class='ocrx_word' id='word_1_659' title='bbox 2550 4112 2872 4183; x_wconf 70' lang='grc' dir='ltr'>οἰκουμένης</span> <span class='ocrx_word' id='word_1_660' title='bbox 2935 4107 3338 4180; x_wconf 79' lang='grc' dir='ltr'>ὲστηριγμένη,</span> <span class='ocrx_word' id='word_1_661' title='bbox 3398 4105 3525 4177; x_wconf 72' lang='grc' dir='ltr'>περὶ</span> <span class='ocrx_word' id='word_1_662' title='bbox 3579 4100 3648 4175; x_wconf 77' lang='grc' dir='ltr'>ἦς</span> <span class='ocrx_word' id='word_1_663' title='bbox 3704 4104 3950 4172; x_wconf 77' lang='grc' dir='ltr'>ἐλέγετο-</span> 
     </span>
    </p>
   </div>
   <div class='ocr_carea' id='block_1_79' title="bbox 726 4189 2424 4273">
    <p class='ocr_par' dir='ltr' id='par_1_79' title="bbox 726 4189 2411 4273">
     <span class='ocr_line' id='line_1_79' title="bbox 726 4189 2411 4273; baseline -0.002 -25"><span class='ocrx_word' id='word_1_664' title='bbox 726 4196 802 4249; x_wconf 89' lang='lat' dir='ltr'><strong>tia</strong></span> <span class='ocrx_word' id='word_1_665' title='bbox 837 4194 1054 4273; x_wconf 80' lang='lat' dir='ltr'><strong>dicitur.</strong></span> <span class='ocrx_word' id='word_1_666' title='bbox 1083 4192 1230 4251; x_wconf 84' lang='lat' dir='ltr'><strong>Licet</strong></span> <span class='ocrx_word' id='word_1_667' title='bbox 1253 4193 1395 4247; x_wconf 89' lang='lat' dir='ltr'><strong>enim</strong></span> <span class='ocrx_word' id='word_1_668' title='bbox 1426 4191 1667 4250; x_wconf 88' lang='lat' dir='ltr'><strong>Libanus</strong></span> <span class='ocrx_word' id='word_1_669' title='bbox 1691 4193 1800 4256; x_wconf 90' lang='lat' dir='ltr'><strong>ille,</strong></span> <span class='ocrx_word' id='word_1_670' title='bbox 1835 4208 2029 4263; x_wconf 88' lang='lat' dir='ltr'><strong>nempe</strong></span> <span class='ocrx_word' id='word_1_671' title='bbox 2060 4189 2284 4247; x_wconf 85' lang='lat' dir='ltr'><strong>Jeroso-</strong></span> <span class='ocrx_word' id='word_1_672' title='bbox 2393 4221 2411 4254; x_wconf 69' lang='grc' dir='ltr'><strong>ι</strong></span> 
     </span>
    </p>
   </div>
   <div class='ocr_carea' id='block_1_80' title="bbox 2247 4189 3945 4273">
    <p class='ocr_par' dir='ltr' id='par_1_80' title="bbox 2247 4196 3945 4273">
     <span class='ocr_line' id='line_1_80' title="bbox 2247 4196 3945 4273; baseline -0.005 -18"><span class='ocrx_word' id='word_1_673' title='bbox 2247 4212 2284 4243; x_wconf 67' lang='grc' dir='ltr'><strong>ν-</strong></span> <span class='ocrx_word' id='word_1_674' title='bbox 2393 4221 2411 4254; x_wconf 79' lang='grc' dir='ltr'><strong>ι</strong></span> <span class='ocrx_word' id='word_1_675' title='bbox 2458 4204 2647 4257; x_wconf 83' lang='grc' dir='ltr'>Ἔσται</span> <span class='ocrx_word' id='word_1_676' title='bbox 2683 4205 2956 4273; x_wconf 84' lang='grc' dir='ltr'>στήριγμα</span> <span class='ocrx_word' id='word_1_677' title='bbox 2989 4203 3045 4253; x_wconf 82' lang='grc' dir='ltr'>ἐν</span> <span class='ocrx_word' id='word_1_678' title='bbox 3077 4198 3143 4270; x_wconf 78' lang='grc' dir='ltr'>τῇ</span> <span class='ocrx_word' id='word_1_679' title='bbox 3172 4202 3241 4269; x_wconf 78' lang='grc' dir='ltr'>γῇ</span> <span class='ocrx_word' id='word_1_680' title='bbox 3268 4200 3353 4252; x_wconf 74' lang='grc' dir='ltr'>ἐπ’</span> <span class='ocrx_word' id='word_1_681' title='bbox 3378 4198 3544 4269; x_wconf 79' lang='grc' dir='ltr'>ἄκρον</span> <span class='ocrx_word' id='word_1_682' title='bbox 3576 4196 3684 4250; x_wconf 86' lang='grc' dir='ltr'>τῶν</span> <span class='ocrx_word' id='word_1_683' title='bbox 3714 4196 3945 4267; x_wconf 74' lang='grc' dir='ltr'>ὀρέωνςι</span> 
     </span>
    </p>
   </div>
   <div class='ocr_carea' id='block_1_81' title="bbox 727 4279 2425 4364">
    <p class='ocr_par' dir='ltr' id='par_1_81' title="bbox 727 4279 2425 4357">
     <span class='ocr_line' id='line_1_81' title="bbox 727 4279 2425 4357; baseline -0.002 -18"><span class='ocrx_word' id='word_1_684' title='bbox 727 4286 891 4357; x_wconf 81' lang='lat' dir='ltr'><strong>lyma,</strong></span> <span class='ocrx_word' id='word_1_685' title='bbox 915 4284 1043 4340; x_wconf 91' lang='lat' dir='ltr'><strong>olim</strong></span> <span class='ocrx_word' id='word_1_686' title='bbox 1074 4281 1245 4355; x_wconf 81' lang='lat' dir='ltr'><strong>gloria</strong></span> <span class='ocrx_word' id='word_1_687' title='bbox 1277 4280 1415 4335; x_wconf 80' lang='lat' dir='ltr'><strong>allici</strong></span> <span class='ocrx_word' id='word_1_688' title='bbox 1444 4287 1499 4335; x_wconf 88' lang='lat' dir='ltr'><strong>et</strong></span> <span class='ocrx_word' id='word_1_689' title='bbox 1526 4279 1718 4336; x_wconf 89' lang='lat' dir='ltr'><strong>ﬂorere</strong></span> <span class='ocrx_word' id='word_1_690' title='bbox 1746 4281 1898 4337; x_wconf 88' lang='lat' dir='ltr'><strong>visus</strong></span> <span class='ocrx_word' id='word_1_691' title='bbox 1931 4281 2036 4347; x_wconf 90' lang='lat' dir='ltr'><strong>sit;</strong></span> <span class='ocrx_word' id='word_1_692' title='bbox 2068 4291 2121 4335; x_wconf 90' lang='lat' dir='ltr'><strong>at</strong></span> <span class='ocrx_word' id='word_1_693' title='bbox 2149 4297 2285 4351; x_wconf 44' lang='lat' dir='ltr'><strong>pra»</strong></span> <span class='ocrx_word' id='word_1_694' title='bbox 2386 4296 2425 4347; x_wconf 75' lang='grc' dir='ltr'><strong>Α</strong></span> 
     </span>
    </p>
   </div>
   <div class='ocr_carea' id='block_1_82' title="bbox 2251 4279 3949 4364">
    <p class='ocr_par' dir='ltr' id='par_1_82' title="bbox 2251 4288 3949 4364">
     <span class='ocr_line' id='line_1_82' title="bbox 2251 4288 3949 4364; baseline -0.004 -18"><span class='ocrx_word' id='word_1_695' title='bbox 2251 4299 2285 4334; x_wconf 70' lang='grc' dir='ltr'><strong>τ·</strong></span> <span class='ocrx_word' id='word_1_696' title='bbox 2386 4294 2533 4363; x_wconf 74' lang='grc' dir='ltr'>Αΰτη</span> <span class='ocrx_word' id='word_1_697' title='bbox 2564 4296 2740 4349; x_wconf 88' lang='grc' dir='ltr'>τοίνυν</span> <span class='ocrx_word' id='word_1_698' title='bbox 2770 4291 3234 4364; x_wconf 82' lang='grc' dir='ltr'>ὑπεραρθήσεσθαι</span> <span class='ocrx_word' id='word_1_699' title='bbox 3271 4290 3409 4363; x_wconf 79' lang='grc' dir='ltr'>ὑπὲρ</span> <span class='ocrx_word' id='word_1_700' title='bbox 3436 4289 3525 4342; x_wconf 84' lang='grc' dir='ltr'><strong>τὸν</strong></span> <span class='ocrx_word' id='word_1_701' title='bbox 3560 4288 3786 4341; x_wconf 81' lang='grc' dir='ltr'>Λίϐανον</span> <span class='ocrx_word' id='word_1_702' title='bbox 3816 4305 3949 4359; x_wconf 82' lang='grc' dir='ltr'>προ-</span> 
     </span>
    </p>
   </div>
   <div class='ocr_carea' id='block_1_83' title="bbox 638 4371 2336 4455">
    <p class='ocr_par' dir='ltr' id='par_1_83' title="bbox 638 4371 2283 4446">
     <span class='ocr_line' id='line_1_83' title="bbox 638 4371 2283 4446; baseline -0.004 -13"><span class='ocrx_word' id='word_1_703' title='bbox 638 4404 646 4410; x_wconf 87' lang='lat'><strong>-</strong></span> <span class='ocrx_word' id='word_1_704' title='bbox 726 4376 975 4433; x_wconf 85' lang='lat' dir='ltr'><strong>stantiori</strong></span> <span class='ocrx_word' id='word_1_705' title='bbox 1031 4372 1552 4446; x_wconf 89' lang='lat' dir='ltr'><strong>incomparabilique</strong></span> <span class='ocrx_word' id='word_1_706' title='bbox 1618 4371 1778 4425; x_wconf 76' lang='lat' dir='ltr'><strong>modo</strong></span> <span class='ocrx_word' id='word_1_707' title='bbox 1845 4372 2283 4440; x_wconf 80' lang='lat' dir='ltr'><strong>superexaltatus</strong></span> 
     </span>
    </p>
   </div>
   <div class='ocr_carea' id='block_1_84' title="bbox 2254 4371 3952 4455">
    <p class='ocr_par' dir='ltr' id='par_1_84' title="bbox 2259 4378 3952 4455">
     <span class='ocr_line' id='line_1_84' title="bbox 2259 4378 3952 4455; baseline -0.006 -14"><span class='ocrx_word' id='word_1_708' title='bbox 2259 4389 2283 4427; x_wconf 78' lang='lat'><strong>5</strong></span> <span class='ocrx_word' id='word_1_709' title='bbox 2387 4385 2677 4455; x_wconf 83' lang='grc' dir='ltr'>φητεύεται</span> <span class='ocrx_word' id='word_1_710' title='bbox 2699 4399 2711 4414; x_wconf 87' lang='grc'><strong>·</strong></span> <span class='ocrx_word' id='word_1_711' title='bbox 2752 4388 2800 4438; x_wconf 83' lang='grc' dir='ltr'><strong>εί</strong></span> <span class='ocrx_word' id='word_1_712' title='bbox 2828 4384 2935 4454; x_wconf 82' lang='grc' dir='ltr'>γὰρ</span> <span class='ocrx_word' id='word_1_713' title='bbox 2958 4385 3050 4437; x_wconf 69' lang='grc' dir='ltr'><strong>καὶ</strong></span> <span class='ocrx_word' id='word_1_714' title='bbox 3090 4382 3234 4447; x_wconf 81' lang='grc' dir='ltr'>ἕδοξέ</span> <span class='ocrx_word' id='word_1_715' title='bbox 3270 4399 3398 4435; x_wconf 83' lang='grc' dir='ltr'>ποτε</span> <span class='ocrx_word' id='word_1_716' title='bbox 3438 4382 3466 4432; x_wconf 88' lang='lat'><strong>6</strong></span> <span class='ocrx_word' id='word_1_717' title='bbox 3498 4380 3755 4452; x_wconf 72' lang='grc' dir='ltr'>δηλωθεὶς</span> <span class='ocrx_word' id='word_1_718' title='bbox 3786 4378 3952 4433; x_wconf 84' lang='grc' dir='ltr'>Λίϐα-</span> 
     </span>
    </p>
   </div>
   <div class='ocr_carea' id='block_1_85' title="bbox 622 4460 2320 4543">
    <p class='ocr_par' dir='ltr' id='par_1_85' title="bbox 622 4460 2280 4533">
     <span class='ocr_line' id='line_1_85' title="bbox 622 4460 2280 4533; baseline -0.004 -9"><span class='ocrx_word' id='word_1_719' title='bbox 622 4528 627 4533; x_wconf 59' lang='grc'><strong>,</strong></span> <span class='ocrx_word' id='word_1_720' title='bbox 725 4470 824 4524; x_wconf 83' lang='lat' dir='ltr'><strong>fuit</strong></span> <span class='ocrx_word' id='word_1_721' title='bbox 843 4468 1146 4525; x_wconf 85' lang='lat' dir='ltr'><strong>Servatoris</strong></span> <span class='ocrx_word' id='word_1_722' title='bbox 1168 4466 1339 4521; x_wconf 88' lang='lat' dir='ltr'><strong>nostri</strong></span> <span class='ocrx_word' id='word_1_723' title='bbox 1368 4465 1597 4529; x_wconf 80' lang='lat' dir='ltr'><strong>fructus,</strong></span> <span class='ocrx_word' id='word_1_724' title='bbox 1617 4478 1713 4518; x_wconf 87' lang='lat' dir='ltr'><strong>seu</strong></span> <span class='ocrx_word' id='word_1_725' title='bbox 1737 4460 1975 4517; x_wconf 86' lang='lat' dir='ltr'><strong>Ecclesia</strong></span> <span class='ocrx_word' id='word_1_726' title='bbox 2000 4478 2094 4531; x_wconf 90' lang='lat' dir='ltr'><strong>per</strong></span> <span class='ocrx_word' id='word_1_727' title='bbox 2108 4470 2280 4517; x_wconf 89' lang='lat' dir='ltr'><strong>totum</strong></span> 
     </span>
    </p>
   </div>
   <div class='ocr_carea' id='block_1_86' title="bbox 2247 4460 3945 4543">
    <p class='ocr_par' dir='ltr' id='par_1_86' title="bbox 2247 4468 3945 4543">
     <span class='ocr_line' id='line_1_86' title="bbox 2247 4468 3945 4543; baseline -0.005 -15"><span class='ocrx_word' id='word_1_728' title='bbox 2247 4478 2280 4517; x_wconf 76' lang='grc' dir='ltr'><strong>η</strong></span> <span class='ocrx_word' id='word_1_729' title='bbox 2384 4492 2494 4537; x_wconf 85' lang='grc' dir='ltr'>νος,</span> <span class='ocrx_word' id='word_1_730' title='bbox 2533 4473 2674 4542; x_wconf 89' lang='grc' dir='ltr'>λέγω</span> <span class='ocrx_word' id='word_1_731' title='bbox 2703 4473 2759 4526; x_wconf 80' lang='grc' dir='ltr'><strong>δὲ</strong></span> <span class='ocrx_word' id='word_1_732' title='bbox 2793 4475 2825 4542; x_wconf 81' lang='grc' dir='ltr'>ἡ</span> <span class='ocrx_word' id='word_1_733' title='bbox 2864 4473 3235 4543; x_wconf 83' lang='grc' dir='ltr'>Ἰερουσαλὴμ,</span> <span class='ocrx_word' id='word_1_734' title='bbox 3276 4470 3589 4539; x_wconf 78' lang='grc' dir='ltr'>δοξάζεσθαι</span> <span class='ocrx_word' id='word_1_735' title='bbox 3622 4469 3713 4523; x_wconf 82' lang='grc' dir='ltr'><strong>καί</strong></span> <span class='ocrx_word' id='word_1_736' title='bbox 3745 4468 3945 4530; x_wconf 87' lang='grc' dir='ltr'>ἀνθεῖν,</span> 
     </span>
    </p>
   </div>
   <div class='ocr_carea' id='block_1_87' title="bbox 723 4555 2421 4636">
    <p class='ocr_par' dir='ltr' id='par_1_87' title="bbox 723 4555 2421 4636">
     <span class='ocr_line' id='line_1_87' title="bbox 723 4555 2421 4636; baseline -0.005 -18"><span class='ocrx_word' id='word_1_737' title='bbox 723 4563 907 4618; x_wconf 88' lang='lat' dir='ltr'><strong>orbem</strong></span> <span class='ocrx_word' id='word_1_738' title='bbox 943 4563 1257 4618; x_wconf 86' lang='lat' dir='ltr'><strong>constituta.</strong></span> <span class='ocrx_word' id='word_1_739' title='bbox 1283 4560 1397 4617; x_wconf 90' lang='lat' dir='ltr'><strong>Sub</strong></span> <span class='ocrx_word' id='word_1_740' title='bbox 1416 4559 1531 4613; x_wconf 59' lang='lat' dir='ltr'><strong>hac</strong></span> <span class='ocrx_word' id='word_1_741' title='bbox 1551 4565 1731 4612; x_wconf 90' lang='lat' dir='ltr'><strong>autem</strong></span> <span class='ocrx_word' id='word_1_742' title='bbox 1753 4555 1982 4627; x_wconf 89' lang='lat' dir='ltr'><strong>populos</strong></span> <span class='ocrx_word' id='word_1_743' title='bbox 2004 4556 2059 4607; x_wconf 91' lang='lat' dir='ltr'><strong>in</strong></span> <span class='ocrx_word' id='word_1_744' title='bbox 2090 4555 2277 4624; x_wconf 81' lang='lat' dir='ltr'><strong>singu-</strong></span> <span class='ocrx_word' id='word_1_745' title='bbox 2308 4625 2349 4636; x_wconf 81' lang='lat'>_</span> <span class='ocrx_word' id='word_1_746' title='bbox 2387 4568 2421 4620; x_wconf 84' lang='grc' dir='ltr'>ἀ</span> 
     </span>
    </p>
   </div>
   <div class='ocr_carea' id='block_1_88' title="bbox 2250 4555 3948 4636">
    <p class='ocr_par' dir='ltr' id='par_1_88' title="bbox 2250 4560 3948 4636">
     <span class='ocr_line' id='line_1_88' title="bbox 2250 4560 3948 4636; baseline 0.002 -20"><span class='ocrx_word' id='word_1_747' title='bbox 2250 4585 2277 4610; x_wconf 62' lang='grc' dir='ltr'>ι-</span> <span class='ocrx_word' id='word_1_748' title='bbox 2308 4625 2349 4636; x_wconf 78' lang='lat'>_</span> <span class='ocrx_word' id='word_1_749' title='bbox 2387 4566 2499 4620; x_wconf 77' lang='grc' dir='ltr'>ἀλλ’</span> <span class='ocrx_word' id='word_1_750' title='bbox 2541 4563 2820 4636; x_wconf 82' lang='grc' dir='ltr'>ὑπερήρθη</span> <span class='ocrx_word' id='word_1_751' title='bbox 2854 4565 2948 4617; x_wconf 73' lang='grc' dir='ltr'><strong>καὶ</strong></span> <span class='ocrx_word' id='word_1_752' title='bbox 2978 4564 3110 4615; x_wconf 80' lang='grc' dir='ltr'>πολὺ</span> <span class='ocrx_word' id='word_1_753' title='bbox 3140 4564 3353 4617; x_wconf 81' lang='grc' dir='ltr'>κάλλιον</span> <span class='ocrx_word' id='word_1_754' title='bbox 3390 4563 3603 4631; x_wconf 80' lang='grc' dir='ltr'>ἐκείνης</span> <span class='ocrx_word' id='word_1_755' title='bbox 3635 4560 3948 4630; x_wconf 80' lang='grc' dir='ltr'>ἀσυγκρίτῳ</span> 
     </span>
    </p>
   </div>
   <div class='ocr_carea' id='block_1_89' title="bbox 720 4625 2418 4731">
    <p class='ocr_par' dir='ltr' id='par_1_89' title="bbox 720 4625 2414 4717">
     <span class='ocr_line' id='line_1_89' title="bbox 720 4625 2414 4717; baseline -0.003 -12"><span class='ocrx_word' id='word_1_756' title='bbox 720 4652 792 4709; x_wconf 89' lang='lat' dir='ltr'><strong>lis</strong></span> <span class='ocrx_word' id='word_1_757' title='bbox 824 4652 1047 4707; x_wconf 83' lang='lat' dir='ltr'><strong>urbibus</strong></span> <span class='ocrx_word' id='word_1_758' title='bbox 1075 4652 1331 4707; x_wconf 90' lang='lat' dir='ltr'><strong>collectos</strong></span> <span class='ocrx_word' id='word_1_759' title='bbox 1366 4625 1879 4717; x_wconf 82' lang='lat' dir='ltr'><strong>multitudinemque</strong></span> <span class='ocrx_word' id='word_1_760' title='bbox 1906 4659 2158 4715; x_wconf 79' lang='lat' dir='ltr'><strong>magnam</strong></span> <span class='ocrx_word' id='word_1_761' title='bbox 2196 4646 2278 4699; x_wconf 89' lang='lat' dir='ltr'><strong>in-</strong></span> <span class='ocrx_word' id='word_1_762' title='bbox 2308 4625 2355 4684; x_wconf 78' lang='lat' dir='ltr'><strong>D</strong></span> <span class='ocrx_word' id='word_1_763' title='bbox 2384 4659 2414 4711; x_wconf 67' lang='grc' dir='ltr'>ὑ</span> 
     </span>
    </p>
   </div>
   <div class='ocr_carea' id='block_1_90' title="bbox 2246 4625 3944 4731">
    <p class='ocr_par' dir='ltr' id='par_1_90' title="bbox 2255 4625 3944 4731">
     <span class='ocr_line' id='line_1_90' title="bbox 2255 4625 3944 4731; baseline 0.007 -23"><span class='ocrx_word' id='word_1_764' title='bbox 2255 4676 2278 4687; x_wconf 91' lang='grc'><strong>·</strong></span> <span class='ocrx_word' id='word_1_765' title='bbox 2308 4625 2355 4684; x_wconf 79' lang='lat' dir='ltr'><strong>D</strong></span> <span class='ocrx_word' id='word_1_766' title='bbox 2384 4659 2622 4731; x_wconf 78' lang='grc' dir='ltr'>ὑπεροχῇ</span> <span class='ocrx_word' id='word_1_767' title='bbox 2783 4625 3028 4726; x_wconf 78' lang='grc' dir='ltr'>Σωτῆρος</span> <span class='ocrx_word' id='word_1_768' title='bbox 3076 4656 3229 4725; x_wconf 83' lang='grc' dir='ltr'>ὴμῶν</span> <span class='ocrx_word' id='word_1_769' title='bbox 3275 4657 3303 4708; x_wconf 88' lang='lat'><strong>6</strong></span> <span class='ocrx_word' id='word_1_770' title='bbox 3341 4625 3572 4726; x_wconf 49' lang='lat' dir='ltr'><strong>xapﬁbci</strong></span> <span class='ocrx_word' id='word_1_771' title='bbox 3601 4653 3633 4722; x_wconf 72' lang='grc' dir='ltr'>ἡ</span> <span class='ocrx_word' id='word_1_772' title='bbox 3664 4625 3785 4703; x_wconf 57' lang='grc' dir='ltr'>καθ’</span> <span class='ocrx_word' id='word_1_773' title='bbox 3816 4625 3944 4719; x_wconf 58' lang='grc' dir='ltr'>έληξ</span> 
     </span>
    </p>
   </div>
   <div class='ocr_carea' id='block_1_91' title="bbox 724 4737 2422 4819">
    <p class='ocr_par' dir='ltr' id='par_1_91' title="bbox 724 4737 2422 4801">
     <span class='ocr_line' id='line_1_91' title="bbox 724 4737 2422 4801; baseline -0.005 -5"><span class='ocrx_word' id='word_1_774' title='bbox 724 4745 866 4799; x_wconf 84' lang='lat' dir='ltr'><strong>dicat</strong></span> <span class='ocrx_word' id='word_1_775' title='bbox 907 4744 994 4798; x_wconf 88' lang='lat' dir='ltr'><strong>bis</strong></span> <span class='ocrx_word' id='word_1_776' title='bbox 1038 4744 1253 4800; x_wconf 84' lang='lat' dir='ltr'><strong>verbis:</strong></span> <span class='ocrx_word' id='word_1_777' title='bbox 1294 4763 1311 4793; x_wconf 83' lang='grc'>‹</span> <span class='ocrx_word' id='word_1_778' title='bbox 1348 4741 1413 4796; x_wconf 88' lang='lat' dir='ltr'><strong>Et</strong></span> <span class='ocrx_word' id='word_1_779' title='bbox 1454 4741 1730 4797; x_wconf 77' lang='lat' dir='ltr'><strong>ﬂorebunt</strong></span> <span class='ocrx_word' id='word_1_780' title='bbox 1766 4739 1833 4793; x_wconf 88' lang='lat' dir='ltr'><strong>de</strong></span> <span class='ocrx_word' id='word_1_781' title='bbox 1880 4737 2099 4793; x_wconf 87' lang='lat' dir='ltr'><strong>civitate</strong></span> <span class='ocrx_word' id='word_1_782' title='bbox 2137 4737 2278 4791; x_wconf 87' lang='lat' dir='ltr'><strong>sicut</strong></span> <span class='ocrx_word' id='word_1_783' title='bbox 2382 4749 2422 4801; x_wconf 60' lang='grc' dir='ltr'><strong>δη</strong></span> 
     </span>
    </p>
   </div>
   <div class='ocr_carea' id='block_1_92' title="bbox 2245 4737 3943 4819">
    <p class='ocr_par' dir='ltr' id='par_1_92' title="bbox 2245 4740 3943 4819">
     <span class='ocr_line' id='line_1_92' title="bbox 2245 4740 3943 4819; baseline -0.006 -17"><span class='ocrx_word' id='word_1_784' title='bbox 2245 4745 2278 4789; x_wconf 76' lang='grc' dir='ltr'><strong>ιι</strong></span> <span class='ocrx_word' id='word_1_785' title='bbox 2382 4747 2579 4819; x_wconf 83' lang='grc' dir='ltr'>δηλαδὴ</span> <span class='ocrx_word' id='word_1_786' title='bbox 2624 4749 2722 4817; x_wconf 76' lang='grc' dir='ltr'><strong>τῆς</strong></span> <span class='ocrx_word' id='word_1_787' title='bbox 2766 4745 3086 4815; x_wconf 77' lang='grc' dir='ltr'>οἰκουμένης</span> <span class='ocrx_word' id='word_1_788' title='bbox 3126 4744 3421 4815; x_wconf 81' lang='grc' dir='ltr'>Ἐκκλησία</span> <span class='ocrx_word' id='word_1_789' title='bbox 3471 4741 3681 4811; x_wconf 84' lang='grc' dir='ltr'>γέγονε.</span> <span class='ocrx_word' id='word_1_790' title='bbox 3725 4740 3943 4803; x_wconf 84' lang='grc' dir='ltr'>Τούτοις</span> 
     </span>
    </p>
   </div>
   <div class='ocr_carea' id='block_1_93' title="bbox 722 4826 2420 4909">
    <p class='ocr_par' dir='ltr' id='par_1_93' title="bbox 722 4826 2420 4905">
     <span class='ocr_line' id='line_1_93' title="bbox 722 4826 2420 4905; baseline -0.008 -14"><span class='ocrx_word' id='word_1_791' title='bbox 722 4837 907 4893; x_wconf 80' lang='lat' dir='ltr'><strong>fenum</strong></span> <span class='ocrx_word' id='word_1_792' title='bbox 940 4844 1112 4892; x_wconf 72' lang='lat' dir='ltr'><strong>terrae.</strong></span> <span class='ocrx_word' id='word_1_793' title='bbox 1146 4856 1165 4888; x_wconf 75' lang='grc' dir='ltr'><strong>ι</strong></span> <span class='ocrx_word' id='word_1_794' title='bbox 1200 4834 1333 4889; x_wconf 85' lang='lat' dir='ltr'><strong>Illud</strong></span> <span class='ocrx_word' id='word_1_795' title='bbox 1362 4850 1545 4905; x_wconf 87' lang='lat' dir='ltr'><strong>porro,</strong></span> <span class='ocrx_word' id='word_1_796' title='bbox 1593 4853 1611 4886; x_wconf 80' lang='grc' dir='ltr'><strong>ι</strong></span> <span class='ocrx_word' id='word_1_797' title='bbox 1643 4833 1709 4888; x_wconf 86' lang='lat' dir='ltr'><strong>de</strong></span> <span class='ocrx_word' id='word_1_798' title='bbox 1730 4832 1971 4894; x_wconf 88' lang='lat' dir='ltr'><strong>civitate,</strong></span> <span class='ocrx_word' id='word_1_799' title='bbox 2016 4826 2275 4883; x_wconf 63' lang='lat' dir='ltr'><strong>rdietuni</strong></span> <span class='ocrx_word' id='word_1_800' title='bbox 2383 4841 2420 4893; x_wconf 59' lang='grc' dir='ltr'><strong>ἐξ</strong></span> 
     </span>
    </p>
   </div>
   <div class='ocr_carea' id='block_1_94' title="bbox 2244 4826 3942 4909">
    <p class='ocr_par' dir='ltr' id='par_1_94' title="bbox 2246 4833 3942 4909">
     <span class='ocr_line' id='line_1_94' title="bbox 2246 4833 3942 4909; baseline -0.006 -16"><span class='ocrx_word' id='word_1_801' title='bbox 2246 4846 2275 4880; x_wconf 79' lang='grc' dir='ltr'><strong>ιι</strong></span> <span class='ocrx_word' id='word_1_802' title='bbox 2383 4840 2507 4909; x_wconf 79' lang='grc' dir='ltr'>ἑξῆς</span> <span class='ocrx_word' id='word_1_803' title='bbox 2532 4839 2656 4901; x_wconf 69' lang='grc' dir='ltr'>τοὺς</span> <span class='ocrx_word' id='word_1_804' title='bbox 2688 4837 2849 4899; x_wconf 79' lang='grc' dir='ltr'>λαοὺς</span> <span class='ocrx_word' id='word_1_805' title='bbox 2892 4838 3016 4900; x_wconf 76' lang='grc' dir='ltr'>τοὺς</span> <span class='ocrx_word' id='word_1_806' title='bbox 3052 4836 3191 4891; x_wconf 82' lang='grc' dir='ltr'>κατὰ</span> <span class='ocrx_word' id='word_1_807' title='bbox 3229 4839 3409 4889; x_wconf 84' lang='grc' dir='ltr'>πᾶσαν</span> <span class='ocrx_word' id='word_1_808' title='bbox 3433 4833 3586 4886; x_wconf 86' lang='grc' dir='ltr'>πόλιν</span> <span class='ocrx_word' id='word_1_809' title='bbox 3618 4848 3942 4903; x_wconf 66' lang='grc' dir='ltr'>συγκροτοῦ-</span> 
     </span>
    </p>
   </div>
   <div class='ocr_carea' id='block_1_95' title="bbox 721 4920 2277 5001">
    <p class='ocr_par' dir='ltr' id='par_1_95' title="bbox 721 4920 2277 5001">
     <span class='ocr_line' id='line_1_95' title="bbox 721 4920 2277 5001; baseline -0.009 -14"><span class='ocrx_word' id='word_1_810' title='bbox 721 4939 824 4995; x_wconf 88' lang='lat' dir='ltr'><strong>est,</strong></span> <span class='ocrx_word' id='word_1_811' title='bbox 857 4930 1013 5001; x_wconf 88' lang='lat' dir='ltr'><strong>quasi</strong></span> <span class='ocrx_word' id='word_1_812' title='bbox 1051 4928 1280 4999; x_wconf 81' lang='lat' dir='ltr'><strong>singulis</strong></span> <span class='ocrx_word' id='word_1_813' title='bbox 1318 4927 1372 4980; x_wconf 92' lang='lat' dir='ltr'><strong>in</strong></span> <span class='ocrx_word' id='word_1_814' title='bbox 1402 4926 1711 4981; x_wconf 86' lang='lat' dir='ltr'><strong>civitatibus</strong></span> <span class='ocrx_word' id='word_1_815' title='bbox 1743 4932 1796 4979; x_wconf 89' lang='lat' dir='ltr'><strong>et</strong></span> <span class='ocrx_word' id='word_1_816' title='bbox 1824 4924 2081 4978; x_wconf 91' lang='lat' dir='ltr'><strong>omnibus</strong></span> <span class='ocrx_word' id='word_1_817' title='bbox 2120 4922 2175 4975; x_wconf 92' lang='lat' dir='ltr'><strong>in</strong></span> <span class='ocrx_word' id='word_1_818' title='bbox 2200 4920 2277 4974; x_wconf 90' lang='lat' dir='ltr'><strong>lo-</strong></span> 
     </span>
    </p>
   </div>
   <div class='ocr_carea' id='block_1_96' title="bbox 721 5017 2277 5088">
    <p class='ocr_par' dir='ltr' id='par_1_96' title="bbox 721 5017 2277 5088">
     <span class='ocr_line' id='line_1_96' title="bbox 721 5017 2277 5088; baseline -0.01 -9"><span class='ocrx_word' id='word_1_819' title='bbox 721 5025 820 5079; x_wconf 90' lang='lat' dir='ltr'><strong>cis.</strong></span> <span class='ocrx_word' id='word_1_820' title='bbox 852 5022 966 5079; x_wconf 90' lang='lat' dir='ltr'><strong>lmo</strong></span> <span class='ocrx_word' id='word_1_821' title='bbox 993 5023 1155 5078; x_wconf 89' lang='lat' dir='ltr'><strong>etiam</strong></span> <span class='ocrx_word' id='word_1_822' title='bbox 1188 5019 1430 5074; x_wconf 86' lang='lat' dir='ltr'><strong>Ecclesia</strong></span> <span class='ocrx_word' id='word_1_823' title='bbox 1462 5018 1656 5088; x_wconf 88' lang='lat' dir='ltr'><strong>ipsius,</strong></span> <span class='ocrx_word' id='word_1_824' title='bbox 1682 5018 1753 5072; x_wconf 91' lang='lat' dir='ltr'><strong>ob</strong></span> <span class='ocrx_word' id='word_1_825' title='bbox 1780 5017 1999 5085; x_wconf 88' lang='lat' dir='ltr'><strong>politica</strong></span> <span class='ocrx_word' id='word_1_826' title='bbox 2032 5023 2086 5069; x_wconf 89' lang='lat' dir='ltr'><strong>et</strong></span> <span class='ocrx_word' id='word_1_827' title='bbox 2121 5026 2277 5067; x_wconf 75' lang='lat' dir='ltr'><strong>evan~</strong></span> 
     </span>
    </p>
   </div>
   <div class='ocr_carea' id='block_1_97' title="bbox 722 5104 2272 5185">
    <p class='ocr_par' dir='ltr' id='par_1_97' title="bbox 722 5104 2272 5185">
     <span class='ocr_line' id='line_1_97' title="bbox 722 5104 2272 5185; baseline -0.011 -14"><span class='ocrx_word' id='word_1_828' title='bbox 722 5116 911 5185; x_wconf 70' lang='lat' dir='ltr'><strong>gelica,</strong></span> <span class='ocrx_word' id='word_1_829' title='bbox 945 5116 1100 5185; x_wconf 88' lang='lat' dir='ltr'><strong>queis</strong></span> <span class='ocrx_word' id='word_1_830' title='bbox 1134 5104 1325 5173; x_wconf 85' lang='lat' dir='ltr'><strong>utitur,</strong></span> <span class='ocrx_word' id='word_1_831' title='bbox 1356 5109 1627 5174; x_wconf 84' lang='lat' dir='ltr'><strong>instituta,</strong></span> <span class='ocrx_word' id='word_1_832' title='bbox 1664 5107 1860 5162; x_wconf 82' lang='lat' dir='ltr'><strong>civitas</strong></span> <span class='ocrx_word' id='word_1_833' title='bbox 1898 5105 1993 5160; x_wconf 89' lang='lat' dir='ltr'><strong>Dei</strong></span> <span class='ocrx_word' id='word_1_834' title='bbox 2026 5114 2272 5159; x_wconf 84' lang='lat' dir='ltr'><strong>vocatur.</strong></span> 
     </span>
    </p>
   </div>
   <div class='ocr_carea' id='block_1_98' title="bbox 721 5193 2276 5273">
    <p class='ocr_par' dir='ltr' id='par_1_98' title="bbox 721 5193 2276 5273">
     <span class='ocr_line' id='line_1_98' title="bbox 721 5193 2276 5273; baseline -0.01 -11"><span class='ocrx_word' id='word_1_835' title='bbox 721 5207 901 5273; x_wconf 82' lang='lat' dir='ltr'><strong>Quare</strong></span> <span class='ocrx_word' id='word_1_836' title='bbox 924 5206 1131 5261; x_wconf 90' lang='lat' dir='ltr'><strong>dictum</strong></span> <span class='ocrx_word' id='word_1_837' title='bbox 1165 5212 1285 5259; x_wconf 87' lang='lat' dir='ltr'><strong>est:</strong></span> <span class='ocrx_word' id='word_1_838' title='bbox 1319 5222 1337 5254; x_wconf 82' lang='grc' dir='ltr'><strong>ι</strong></span> <span class='ocrx_word' id='word_1_839' title='bbox 1366 5201 1613 5256; x_wconf 86' lang='lat' dir='ltr'><strong>Gloriosa</strong></span> <span class='ocrx_word' id='word_1_840' title='bbox 1658 5197 1808 5252; x_wconf 82' lang='lat' dir='ltr'><strong>dicta</strong></span> <span class='ocrx_word' id='word_1_841' title='bbox 1846 5207 1975 5251; x_wconf 89' lang='lat' dir='ltr'><strong>sunt</strong></span> <span class='ocrx_word' id='word_1_842' title='bbox 1998 5196 2065 5251; x_wconf 91' lang='lat' dir='ltr'><strong>de</strong></span> <span class='ocrx_word' id='word_1_843' title='bbox 2096 5202 2166 5260; x_wconf 89' lang='lat' dir='ltr'><strong>te,</strong></span> <span class='ocrx_word' id='word_1_844' title='bbox 2193 5193 2276 5247; x_wconf 76' lang='lat' dir='ltr'><strong>ci-</strong></span> 
     </span>
    </p>
   </div>
   <div class='ocr_carea' id='block_1_99' title="bbox 727 5274 2277 5360">
    <p class='ocr_par' dir='ltr' id='par_1_99' title="bbox 727 5274 2277 5360">
     <span class='ocr_line' id='line_1_99' title="bbox 727 5274 2277 5360; baseline -0.008 -13"><span class='ocrx_word' id='word_1_845' title='bbox 727 5274 861 5349; x_wconf 86' lang='lat' dir='ltr'><strong>vitas</strong></span> <span class='ocrx_word' id='word_1_846' title='bbox 881 5293 1068 5360; x_wconf 77' lang='lat' dir='ltr'><strong>Dei“;</strong></span> <span class='ocrx_word' id='word_1_847' title='bbox 1100 5300 1189 5346; x_wconf 66' lang='lat' dir='ltr'><strong>iet</strong></span> <span class='ocrx_word' id='word_1_848' title='bbox 1217 5305 1435 5347; x_wconf 87' lang='lat' dir='ltr'><strong>rursum</strong></span> <span class='ocrx_word' id='word_1_849' title='bbox 1464 5309 1476 5345; x_wconf 94' lang='lat'>:</span> <span class='ocrx_word' id='word_1_850' title='bbox 1514 5307 1531 5339; x_wconf 80' lang='grc' dir='ltr'><strong>ι</strong></span> <span class='ocrx_word' id='word_1_851' title='bbox 1567 5285 1831 5342; x_wconf 89' lang='lat' dir='ltr'><strong>Fluminis</strong></span> <span class='ocrx_word' id='word_1_852' title='bbox 1850 5286 2079 5355; x_wconf 87' lang='lat' dir='ltr'><strong>impetus</strong></span> <span class='ocrx_word' id='word_1_853' title='bbox 2106 5281 2277 5349; x_wconf 57' lang='lat' dir='ltr'><strong>laetiﬁ-</strong></span> 
     </span>
    </p>
   </div>
   <div class='ocr_carea' id='block_1_100' title="bbox 720 5372 2277 5449">
    <p class='ocr_par' dir='ltr' id='par_1_100' title="bbox 720 5372 2277 5449">
     <span class='ocr_line' id='line_1_100' title="bbox 720 5372 2277 5449; baseline -0.009 -10"><span class='ocrx_word' id='word_1_854' title='bbox 720 5394 851 5439; x_wconf 86' lang='lat' dir='ltr'><strong>cant</strong></span> <span class='ocrx_word' id='word_1_855' title='bbox 889 5385 1159 5440; x_wconf 83' lang='lat' dir='ltr'><strong>civitatem</strong></span> <span class='ocrx_word' id='word_1_856' title='bbox 1201 5380 1295 5438; x_wconf 92' lang='lat' dir='ltr'><strong>Dei</strong></span> <span class='ocrx_word' id='word_1_857' title='bbox 1315 5382 1378 5438; x_wconf 77' lang='lat'><strong>“.</strong></span> <span class='ocrx_word' id='word_1_858' title='bbox 1411 5400 1429 5433; x_wconf 76' lang='grc' dir='ltr'><strong>ι</strong></span> <span class='ocrx_word' id='word_1_859' title='bbox 1462 5380 1599 5446; x_wconf 80' lang='lat' dir='ltr'><strong>Quia</strong></span> <span class='ocrx_word' id='word_1_860' title='bbox 1638 5393 1770 5449; x_wconf 76' lang='lat' dir='ltr'><strong>ergo</strong></span> <span class='ocrx_word' id='word_1_861' title='bbox 1817 5376 2139 5432; x_wconf 73' lang='lat' dir='ltr'><strong>civitasilla</strong></span> <span class='ocrx_word' id='word_1_862' title='bbox 2183 5372 2277 5426; x_wconf 88' lang='lat' dir='ltr'><strong>Dei</strong></span> 
     </span>
    </p>
   </div>
   <div class='ocr_carea' id='block_1_101' title="bbox 722 5468 2275 5538">
    <p class='ocr_par' dir='ltr' id='par_1_101' title="bbox 722 5468 2275 5538">
     <span class='ocr_line' id='line_1_101' title="bbox 722 5468 2275 5538; baseline -0.009 -6"><span class='ocrx_word' id='word_1_863' title='bbox 722 5478 885 5533; x_wconf 81' lang='lat' dir='ltr'><strong>ﬂuvio</strong></span> <span class='ocrx_word' id='word_1_864' title='bbox 904 5479 956 5531; x_wconf 89' lang='lat' dir='ltr'><strong>in</strong></span> <span class='ocrx_word' id='word_1_865' title='bbox 978 5492 1036 5531; x_wconf 89' lang='lat' dir='ltr'><strong>se</strong></span> <span class='ocrx_word' id='word_1_866' title='bbox 1060 5476 1389 5536; x_wconf 64' lang='lat' dir='ltr'><strong>exundante,</strong></span> <span class='ocrx_word' id='word_1_867' title='bbox 1413 5488 1507 5527; x_wconf 90' lang='lat' dir='ltr'><strong>seu</strong></span> <span class='ocrx_word' id='word_1_868' title='bbox 1532 5471 1716 5533; x_wconf 81' lang='lat' dir='ltr'><strong>verbo,</strong></span> <span class='ocrx_word' id='word_1_869' title='bbox 1749 5468 1993 5538; x_wconf 82' lang='lat' dir='ltr'><strong>irrigata,</strong></span> <span class='ocrx_word' id='word_1_870' title='bbox 2026 5479 2275 5536; x_wconf 78' lang='lat' dir='ltr'><strong>magnam</strong></span> 
     </span>
    </p>
   </div>
   <div class='ocr_carea' id='block_1_102' title="bbox 722 5559 2272 5639">
    <p class='ocr_par' dir='ltr' id='par_1_102' title="bbox 722 5559 2272 5639">
     <span class='ocr_line' id='line_1_102' title="bbox 722 5559 2272 5639; baseline -0.007 -16"><span class='ocrx_word' id='word_1_871' title='bbox 722 5570 925 5639; x_wconf 72' lang='lat' dir='ltr'><strong>profert</strong></span> <span class='ocrx_word' id='word_1_872' title='bbox 960 5568 1129 5623; x_wconf 72' lang='lat' dir='ltr'><strong>turbas</strong></span> <span class='ocrx_word' id='word_1_873' title='bbox 1159 5569 1215 5621; x_wconf 90' lang='lat' dir='ltr'><strong>in</strong></span> <span class='ocrx_word' id='word_1_874' title='bbox 1267 5565 1508 5621; x_wconf 84' lang='lat' dir='ltr'><strong>Ecclesia</strong></span> <span class='ocrx_word' id='word_1_875' title='bbox 1550 5563 1791 5617; x_wconf 76' lang='lat' dir='ltr'><strong>collecta:</strong></span> <span class='ocrx_word' id='word_1_876' title='bbox 1828 5559 2227 5614; x_wconf 86' lang='lat' dir='ltr'><strong>multitudinem</strong></span> <span class='ocrx_word' id='word_1_877' title='bbox 2258 5574 2272 5620; x_wconf 91' lang='lat'><strong>;</strong></span> 
     </span>
    </p>
   </div>
   <div class='ocr_carea' id='block_1_103' title="bbox 712 5652 2272 5732">
    <p class='ocr_par' dir='ltr' id='par_1_103' title="bbox 712 5652 2272 5732">
     <span class='ocr_line' id='line_1_103' title="bbox 712 5652 2272 5732; baseline -0.006 -16"><span class='ocrx_word' id='word_1_878' title='bbox 712 5662 839 5732; x_wconf 81' lang='lat' dir='ltr'><strong>jura</strong></span> <span class='ocrx_word' id='word_1_879' title='bbox 877 5660 1171 5732; x_wconf 85' lang='lat' dir='ltr'><strong>adjicitur:</strong></span> <span class='ocrx_word' id='word_1_880' title='bbox 1208 5679 1228 5712; x_wconf 78' lang='grc' dir='ltr'><strong>ι</strong></span> <span class='ocrx_word' id='word_1_881' title='bbox 1268 5659 1331 5713; x_wconf 83' lang='grc' dir='ltr'>Ει</span> <span class='ocrx_word' id='word_1_882' title='bbox 1358 5658 1623 5713; x_wconf 88' lang='lat' dir='ltr'><strong>ﬂorebunt</strong></span> <span class='ocrx_word' id='word_1_883' title='bbox 1654 5656 1722 5710; x_wconf 90' lang='lat' dir='ltr'><strong>de</strong></span> <span class='ocrx_word' id='word_1_884' title='bbox 1758 5652 1978 5709; x_wconf 87' lang='lat' dir='ltr'><strong>civitate</strong></span> <span class='ocrx_word' id='word_1_885' title='bbox 2011 5653 2153 5708; x_wconf 84' lang='lat' dir='ltr'><strong>sicut</strong></span> <span class='ocrx_word' id='word_1_886' title='bbox 2191 5652 2272 5707; x_wconf 79' lang='lat' dir='ltr'><strong>le-</strong></span> 
     </span>
    </p>
   </div>
   <div class='ocr_carea' id='block_1_104' title="bbox 1308 5769 2139 5835">
    <p class='ocr_par' dir='ltr' id='par_1_104' title="bbox 1308 5769 2139 5835">
     <span class='ocr_line' id='line_1_104' title="bbox 1308 5769 2139 5835; baseline -0.001 -8"><span class='ocrx_word' id='word_1_887' title='bbox 1308 5777 1352 5810; x_wconf 69' lang='lat'><strong>“</strong></span> <span class='ocrx_word' id='word_1_888' title='bbox 1382 5774 1509 5829; x_wconf 78' lang='lat' dir='ltr'><strong>ibid.</strong></span> <span class='ocrx_word' id='word_1_889' title='bbox 1544 5773 1631 5827; x_wconf 68' lang='grc'><strong>54.</strong></span> <span class='ocrx_word' id='word_1_890' title='bbox 1707 5772 1751 5803; x_wconf 72' lang='grc'>⁸⁸</span> <span class='ocrx_word' id='word_1_891' title='bbox 1784 5769 1946 5826; x_wconf 86' lang='lat' dir='ltr'><strong>Zaeh.</strong></span> <span class='ocrx_word' id='word_1_892' title='bbox 1981 5786 2057 5835; x_wconf 76' lang='grc' dir='ltr'>ιι,</span> <span class='ocrx_word' id='word_1_893' title='bbox 2089 5772 2139 5826; x_wconf 82' lang='grc'><strong>1.</strong></span> 
     </span>
    </p>
   </div>
   <div class='ocr_carea' id='block_1_105' title="bbox 1356 5842 1825 5910">
    <p class='ocr_par' dir='ltr' id='par_1_105' title="bbox 1356 5842 1825 5910">
     <span class='ocr_line' id='line_1_105' title="bbox 1356 5842 1825 5910; baseline -0.004 -14"><span class='ocrx_word' id='word_1_894' title='bbox 1356 5846 1396 5876; x_wconf 58' lang='grc' dir='ltr'><strong>εδ</strong></span> <span class='ocrx_word' id='word_1_895' title='bbox 1438 5844 1578 5898; x_wconf 80' lang='lat' dir='ltr'><strong>I’sal.</strong></span> <span class='ocrx_word' id='word_1_896' title='bbox 1614 5859 1735 5910; x_wconf 77' lang='lat' dir='ltr'><strong>XLV,</strong></span> <span class='ocrx_word' id='word_1_897' title='bbox 1774 5842 1825 5896; x_wconf 86' lang='lat'><strong>5.</strong></span> 
     </span>
    </p>
   </div>
   <div class='ocr_carea' id='block_1_106' title="bbox 792 5776 1199 5835">
    <p class='ocr_par' dir='ltr' id='par_1_106' title="bbox 792 5776 1199 5835">
     <span class='ocr_line' id='line_1_106' title="bbox 792 5776 1199 5835; baseline -0.002 -7"><span class='ocrx_word' id='word_1_898' title='bbox 792 5777 833 5806; x_wconf 87' lang='lat'><strong>&quot;</strong></span> <span class='ocrx_word' id='word_1_899' title='bbox 861 5776 966 5831; x_wconf 85' lang='lat' dir='ltr'><strong>lsa.</strong></span> <span class='ocrx_word' id='word_1_900' title='bbox 1020 5793 1073 5835; x_wconf 66' lang='grc' dir='ltr'>κ.</span> <span class='ocrx_word' id='word_1_901' title='bbox 1114 5776 1199 5830; x_wconf 72' lang='lat'><strong>55.</strong></span> 
     </span>
    </p>
   </div>
   <div class='ocr_carea' id='block_1_107' title="bbox 723 5843 1285 5911">
    <p class='ocr_par' dir='ltr' id='par_1_107' title="bbox 723 5843 1285 5911">
     <span class='ocr_line' id='line_1_107' title="bbox 723 5843 1285 5911; baseline 0 -14"><span class='ocrx_word' id='word_1_902' title='bbox 723 5845 767 5875; x_wconf 82' lang='grc'><strong>⁸³</strong></span> <span class='ocrx_word' id='word_1_903' title='bbox 802 5843 944 5900; x_wconf 83' lang='lat' dir='ltr'><strong>Psal.</strong></span> <span class='ocrx_word' id='word_1_904' title='bbox 987 5862 1201 5911; x_wconf 72' lang='lat' dir='ltr'><strong>Lxxxw,</strong></span> <span class='ocrx_word' id='word_1_905' title='bbox 1236 5847 1285 5898; x_wconf 84' lang='grc'><strong>5.</strong></span> 
     </span>
    </p>
   </div>
   <div class='ocr_carea' id='block_1_108' title="bbox 2247 5770 2881 5835">
    <p class='ocr_par' dir='ltr' id='par_1_108' title="bbox 2247 5770 2881 5835">
     <span class='ocr_line' id='line_1_108' title="bbox 2247 5770 2881 5835; baseline -0.009 -7"><span class='ocrx_word' id='word_1_906' title='bbox 2247 5772 2289 5804; x_wconf 78' lang='grc'><strong>⁸⁸</strong></span> <span class='ocrx_word' id='word_1_907' title='bbox 2318 5772 2460 5827; x_wconf 86' lang='lat' dir='ltr'><strong>Psal.</strong></span> <span class='ocrx_word' id='word_1_908' title='bbox 2520 5788 2709 5835; x_wconf 78' lang='lat' dir='ltr'><strong>xxvm,</strong></span> <span class='ocrx_word' id='word_1_909' title='bbox 2744 5772 2795 5834; x_wconf 81' lang='lat'><strong>5,</strong></span> <span class='ocrx_word' id='word_1_910' title='bbox 2831 5770 2881 5823; x_wconf 85' lang='lat'>6.</span> 
     </span>
    </p>
   </div>
   <div class='ocr_carea' id='block_1_109' title="bbox 2384 4912 3952 5002">
    <p class='ocr_par' dir='ltr' id='par_1_109' title="bbox 2384 4912 3952 5002">
     <span class='ocr_line' id='line_1_109' title="bbox 2384 4912 3952 5002; baseline -0.004 -19"><span class='ocrx_word' id='word_1_911' title='bbox 2384 4914 2573 5002; x_wconf 87' lang='grc' dir='ltr'>μένους</span> <span class='ocrx_word' id='word_1_912' title='bbox 2600 4931 2691 4984; x_wconf 75' lang='grc' dir='ltr'>καὶ</span> <span class='ocrx_word' id='word_1_913' title='bbox 2719 4929 2789 4981; x_wconf 81' lang='grc' dir='ltr'>τὰ</span> <span class='ocrx_word' id='word_1_914' title='bbox 2815 4927 2982 4980; x_wconf 82' lang='grc' dir='ltr'>πολλὰ</span> <span class='ocrx_word' id='word_1_915' title='bbox 3017 4928 3195 5000; x_wconf 83' lang='grc' dir='ltr'>πλήθη</span> <span class='ocrx_word' id='word_1_916' title='bbox 3230 4912 3522 4998; x_wconf 86' lang='grc' dir='ltr'>παρίστησι</span> <span class='ocrx_word' id='word_1_917' title='bbox 3548 4924 3721 4992; x_wconf 87' lang='grc' dir='ltr'>λέγων</span> <span class='ocrx_word' id='word_1_918' title='bbox 3744 4940 3756 4951; x_wconf 86' lang='grc'>·</span> <span class='ocrx_word' id='word_1_919' title='bbox 3795 4942 3811 4973; x_wconf 82' lang='grc' dir='ltr'><strong>ι</strong></span> <span class='ocrx_word' id='word_1_920' title='bbox 3832 4922 3952 4977; x_wconf 74' lang='grc' dir='ltr'><strong>Καὶ.</strong></span> 
     </span>
    </p>
   </div>
   <div class='ocr_carea' id='block_1_110' title="bbox 2379 5014 3940 5093">
    <p class='ocr_par' dir='ltr' id='par_1_110' title="bbox 2379 5014 3940 5093">
     <span class='ocr_line' id='line_1_110' title="bbox 2379 5014 3940 5093; baseline -0.006 -18"><span class='ocrx_word' id='word_1_921' title='bbox 2379 5022 2759 5093; x_wconf 78' lang='grc' dir='ltr'>ὲξανθήσουσιν</span> <span class='ocrx_word' id='word_1_922' title='bbox 2789 5021 2854 5071; x_wconf 81' lang='grc' dir='ltr'><strong>ἐκ</strong></span> <span class='ocrx_word' id='word_1_923' title='bbox 2891 5020 3094 5091; x_wconf 81' lang='grc' dir='ltr'>πόλεως</span> <span class='ocrx_word' id='word_1_924' title='bbox 3128 5020 3262 5073; x_wconf 73' lang='grc' dir='ltr'>ὡσεὶ</span> <span class='ocrx_word' id='word_1_925' title='bbox 3290 5022 3477 5089; x_wconf 79' lang='grc' dir='ltr'>χόρτος</span> <span class='ocrx_word' id='word_1_926' title='bbox 3515 5016 3613 5085; x_wconf 83' lang='grc' dir='ltr'><strong>τῆς</strong></span> <span class='ocrx_word' id='word_1_927' title='bbox 3654 5016 3769 5086; x_wconf 86' lang='grc' dir='ltr'>γῆς.</span> <span class='ocrx_word' id='word_1_928' title='bbox 3811 5035 3828 5065; x_wconf 69' lang='grc' dir='ltr'><strong>ι</strong></span> <span class='ocrx_word' id='word_1_929' title='bbox 3867 5014 3940 5086; x_wconf 79' lang='lat' dir='ltr'>T6</span> 
     </span>
    </p>
   </div>
   <div class='ocr_carea' id='block_1_111' title="bbox 2382 5107 3942 5184">
    <p class='ocr_par' dir='ltr' id='par_1_111' title="bbox 2382 5107 3942 5184">
     <span class='ocr_line' id='line_1_111' title="bbox 2382 5107 3942 5184; baseline -0.006 -17"><span class='ocrx_word' id='word_1_930' title='bbox 2382 5115 2458 5173; x_wconf 81' lang='grc' dir='ltr'>δὲ,</span> <span class='ocrx_word' id='word_1_931' title='bbox 2500 5132 2518 5164; x_wconf 78' lang='grc' dir='ltr'><strong>ι</strong></span> <span class='ocrx_word' id='word_1_932' title='bbox 2554 5115 2615 5166; x_wconf 75' lang='grc' dir='ltr'>ἐκ</span> <span class='ocrx_word' id='word_1_933' title='bbox 2664 5112 2889 5176; x_wconf 83' lang='grc' dir='ltr'>πόλεως,</span> <span class='ocrx_word' id='word_1_934' title='bbox 2928 5131 2945 5163; x_wconf 75' lang='grc' dir='ltr'><strong>ι</strong></span> <span class='ocrx_word' id='word_1_935' title='bbox 2980 5114 3211 5184; x_wconf 83' lang='grc' dir='ltr'>είρηται,</span> <span class='ocrx_word' id='word_1_936' title='bbox 3244 5110 3364 5162; x_wconf 75' lang='grc' dir='ltr'>ἀντὶ</span> <span class='ocrx_word' id='word_1_937' title='bbox 3404 5108 3517 5172; x_wconf 84' lang='grc' dir='ltr'>τοῦ,</span> <span class='ocrx_word' id='word_1_938' title='bbox 3552 5107 3669 5161; x_wconf 83' lang='grc' dir='ltr'>καθ’</span> <span class='ocrx_word' id='word_1_939' title='bbox 3706 5108 3942 5176; x_wconf 75' lang='grc' dir='ltr'>ἑκάστην</span> 
     </span>
    </p>
   </div>
   <div class='ocr_carea' id='block_1_112' title="bbox 2382 5184 3940 5269">
    <p class='ocr_par' dir='ltr' id='par_1_112' title="bbox 2382 5184 3940 5269">
     <span class='ocr_line' id='line_1_112' title="bbox 2382 5184 3940 5269; baseline -0.006 -12"><span class='ocrx_word' id='word_1_940' title='bbox 2382 5205 2535 5257; x_wconf 87' lang='grc' dir='ltr'>πόλιν</span> <span class='ocrx_word' id='word_1_941' title='bbox 2562 5205 2651 5256; x_wconf 76' lang='grc' dir='ltr'><strong>καὶ</strong></span> <span class='ocrx_word' id='word_1_942' title='bbox 2678 5202 2816 5255; x_wconf 82' lang='grc' dir='ltr'>κατὰ</span> <span class='ocrx_word' id='word_1_943' title='bbox 2848 5204 3023 5257; x_wconf 86' lang='grc' dir='ltr'>πάντα</span> <span class='ocrx_word' id='word_1_944' title='bbox 3048 5184 3231 5255; x_wconf 75' lang='grc' dir='ltr'>τόπον.</span> <span class='ocrx_word' id='word_1_945' title='bbox 3272 5199 3428 5252; x_wconf 85' lang='grc' dir='ltr'><strong>Ἀλλὰ</strong></span> <span class='ocrx_word' id='word_1_946' title='bbox 3459 5200 3551 5253; x_wconf 78' lang='grc' dir='ltr'>καὶ</span> <span class='ocrx_word' id='word_1_947' title='bbox 3582 5202 3615 5269; x_wconf 88' lang='grc' dir='ltr'>ὴ</span> <span class='ocrx_word' id='word_1_948' title='bbox 3650 5196 3940 5263; x_wconf 82' lang='grc' dir='ltr'>Ἐκκλησία</span> 
     </span>
    </p>
   </div>
   <div class='ocr_carea' id='block_1_113' title="bbox 2383 5284 3934 5359">
    <p class='ocr_par' dir='ltr' id='par_1_113' title="bbox 2383 5284 3934 5359">
     <span class='ocr_line' id='line_1_113' title="bbox 2383 5284 3934 5359; baseline -0.006 -17"><span class='ocrx_word' id='word_1_949' title='bbox 2383 5289 2542 5343; x_wconf 77' lang='grc' dir='ltr'>αὑτοῦ</span> <span class='ocrx_word' id='word_1_950' title='bbox 2587 5289 2735 5352; x_wconf 85' lang='grc' dir='ltr'>πόλις</span> <span class='ocrx_word' id='word_1_951' title='bbox 2780 5289 3088 5359; x_wconf 83' lang='grc' dir='ltr'>ὠνόμασται</span> <span class='ocrx_word' id='word_1_952' title='bbox 3123 5288 3213 5341; x_wconf 86' lang='grc' dir='ltr'><strong>τοῦ</strong></span> <span class='ocrx_word' id='word_1_953' title='bbox 3259 5287 3393 5341; x_wconf 86' lang='grc' dir='ltr'>Θεοῦ</span> <span class='ocrx_word' id='word_1_954' title='bbox 3437 5287 3525 5341; x_wconf 82' lang='grc' dir='ltr'>διὰ</span> <span class='ocrx_word' id='word_1_955' title='bbox 3568 5289 3667 5357; x_wconf 86' lang='grc' dir='ltr'>τὴν</span> <span class='ocrx_word' id='word_1_956' title='bbox 3709 5288 3765 5339; x_wconf 80' lang='grc' dir='ltr'>ὲν</span> <span class='ocrx_word' id='word_1_957' title='bbox 3800 5284 3934 5352; x_wconf 81' lang='grc' dir='ltr'>αὐτῇ</span> 
     </span>
    </p>
   </div>
   <div class='ocr_carea' id='block_1_114' title="bbox 2384 5366 3939 5447">
    <p class='ocr_par' dir='ltr' id='par_1_114' title="bbox 2384 5366 3939 5447">
     <span class='ocr_line' id='line_1_114' title="bbox 2384 5366 3939 5447; baseline -0.006 -16"><span class='ocrx_word' id='word_1_958' title='bbox 2384 5377 2769 5447; x_wconf 78' lang='grc' dir='ltr'>συνισταμένην</span> <span class='ocrx_word' id='word_1_959' title='bbox 2796 5377 3021 5447; x_wconf 88' lang='grc' dir='ltr'>νόμιμον</span> <span class='ocrx_word' id='word_1_960' title='bbox 3044 5377 3135 5428; x_wconf 78' lang='grc' dir='ltr'><strong>καὶ</strong></span> <span class='ocrx_word' id='word_1_961' title='bbox 3155 5366 3508 5446; x_wconf 78' lang='grc' dir='ltr'>εύαγγελικὴν</span> <span class='ocrx_word' id='word_1_962' title='bbox 3530 5372 3818 5443; x_wconf 78' lang='grc' dir='ltr'>πολιτείαν.</span> <span class='ocrx_word' id='word_1_963' title='bbox 3849 5371 3939 5421; x_wconf 82' lang='grc' dir='ltr'>Διὸ</span> 
     </span>
    </p>
   </div>
   <div class='ocr_carea' id='block_1_115' title="bbox 2381 5459 3937 5538">
    <p class='ocr_par' dir='ltr' id='par_1_115' title="bbox 2381 5459 3937 5538">
     <span class='ocr_line' id='line_1_115' title="bbox 2381 5459 3937 5538; baseline 0.001 -19"><span class='ocrx_word' id='word_1_964' title='bbox 2381 5469 2653 5521; x_wconf 85' lang='grc' dir='ltr'>λέλεκται·</span> <span class='ocrx_word' id='word_1_965' title='bbox 2698 5485 2715 5516; x_wconf 79' lang='grc' dir='ltr'><strong>ι</strong></span> <span class='ocrx_word' id='word_1_966' title='bbox 2750 5466 3111 5537; x_wconf 64' lang='grc' dir='ltr'>Δεδοζασμὲνα</span> <span class='ocrx_word' id='word_1_967' title='bbox 3157 5466 3384 5538; x_wconf 75' lang='grc' dir='ltr'>ἐλαλήθη</span> <span class='ocrx_word' id='word_1_968' title='bbox 3419 5466 3545 5536; x_wconf 74' lang='grc' dir='ltr'>περὶ</span> <span class='ocrx_word' id='word_1_969' title='bbox 3574 5463 3688 5525; x_wconf 86' lang='grc' dir='ltr'>σοῦ,</span> <span class='ocrx_word' id='word_1_970' title='bbox 3717 5462 3750 5530; x_wconf 83' lang='grc' dir='ltr'>ὴ</span> <span class='ocrx_word' id='word_1_971' title='bbox 3786 5459 3937 5521; x_wconf 77' lang='grc' dir='ltr'>πόλις</span> 
     </span>
    </p>
   </div>
   <div class='ocr_carea' id='block_1_116' title="bbox 2380 5552 3937 5628">
    <p class='ocr_par' dir='ltr' id='par_1_116' title="bbox 2380 5552 3937 5628">
     <span class='ocr_line' id='line_1_116' title="bbox 2380 5552 3937 5628; baseline -0.007 -15"><span class='ocrx_word' id='word_1_972' title='bbox 2380 5560 2471 5613; x_wconf 85' lang='grc' dir='ltr'><strong>τοῦ</strong></span> <span class='ocrx_word' id='word_1_973' title='bbox 2497 5558 2630 5613; x_wconf 86' lang='grc' dir='ltr'>Θεοῦ</span> <span class='ocrx_word' id='word_1_974' title='bbox 2650 5577 2661 5587; x_wconf 91' lang='grc'>·</span> <span class='ocrx_word' id='word_1_975' title='bbox 2698 5578 2716 5610; x_wconf 77' lang='grc' dir='ltr'><strong>ι</strong></span> <span class='ocrx_word' id='word_1_976' title='bbox 2746 5559 2839 5611; x_wconf 72' lang='grc' dir='ltr'>καὶ</span> <span class='ocrx_word' id='word_1_977' title='bbox 2862 5558 3021 5617; x_wconf 83' lang='grc' dir='ltr'>πάλιν</span> <span class='ocrx_word' id='word_1_978' title='bbox 3040 5576 3052 5588; x_wconf 91' lang='grc'><strong>·</strong></span> <span class='ocrx_word' id='word_1_979' title='bbox 3096 5578 3113 5610; x_wconf 84' lang='grc' dir='ltr'><strong>ι</strong></span> <span class='ocrx_word' id='word_1_980' title='bbox 3148 5558 3253 5612; x_wconf 90' lang='grc' dir='ltr'>Τοῦ</span> <span class='ocrx_word' id='word_1_981' title='bbox 3280 5556 3523 5628; x_wconf 84' lang='grc' dir='ltr'>ποταμοῦ</span> <span class='ocrx_word' id='word_1_982' title='bbox 3550 5554 3618 5608; x_wconf 86' lang='grc' dir='ltr'>τὰ</span> <span class='ocrx_word' id='word_1_983' title='bbox 3641 5552 3783 5623; x_wconf 84' lang='grc' dir='ltr'><strong>ὀρμή</strong></span> <span class='ocrx_word' id='word_1_984' title='bbox 3794 5566 3937 5619; x_wconf 86' lang='grc' dir='ltr'>ματα</span> 
     </span>
    </p>
   </div>
   <div class='ocr_carea' id='block_1_117' title="bbox 2382 5642 3934 5725">
    <p class='ocr_par' dir='ltr' id='par_1_117' title="bbox 2382 5642 3934 5725">
     <span class='ocr_line' id='line_1_117' title="bbox 2382 5642 3934 5725; baseline -0.013 -15"><span class='ocrx_word' id='word_1_985' title='bbox 2382 5654 2727 5725; x_wconf 58' lang='grc' dir='ltr'>εὐφραίνουσι</span> <span class='ocrx_word' id='word_1_986' title='bbox 2776 5651 2872 5721; x_wconf 82' lang='grc' dir='ltr'><strong>τὴν</strong></span> <span class='ocrx_word' id='word_1_987' title='bbox 2920 5651 3070 5705; x_wconf 83' lang='grc' dir='ltr'>πόλιν</span> <span class='ocrx_word' id='word_1_988' title='bbox 3112 5652 3204 5705; x_wconf 87' lang='grc' dir='ltr'><strong>τοῦ</strong></span> <span class='ocrx_word' id='word_1_989' title='bbox 3248 5651 3401 5707; x_wconf 85' lang='grc' dir='ltr'>Θεοῦ.</span> <span class='ocrx_word' id='word_1_990' title='bbox 3444 5668 3461 5701; x_wconf 77' lang='grc' dir='ltr'><strong>ι</strong></span> <span class='ocrx_word' id='word_1_991' title='bbox 3500 5646 3648 5702; x_wconf 69' lang='grc' dir='ltr'>Ἐπεὶ</span> <span class='ocrx_word' id='word_1_992' title='bbox 3683 5642 3860 5696; x_wconf 83' lang='grc' dir='ltr'>τοίνυν</span> <span class='ocrx_word' id='word_1_993' title='bbox 3900 5642 3934 5713; x_wconf 79' lang='grc' dir='ltr'><strong>ή</strong></span> 
     </span>
    </p>
   </div>
   <div class='ocr_carea' id='block_1_118' title="bbox 2990 5756 3926 5828">
    <p class='ocr_par' dir='ltr' id='par_1_118' title="bbox 2990 5756 3926 5828">
     <span class='ocr_line' id='line_1_118' title="bbox 2990 5756 3926 5828; baseline -0.015 -5"><span class='ocrx_word' id='word_1_994' title='bbox 2990 5772 3029 5803; x_wconf 73' lang='grc'>⁸⁸</span> <span class='ocrx_word' id='word_1_995' title='bbox 3063 5769 3251 5825; x_wconf 82' lang='lat' dir='ltr'><strong>Ezeclt.</strong></span> <span class='ocrx_word' id='word_1_996' title='bbox 3301 5766 3506 5828; x_wconf 72' lang='lat' dir='ltr'><strong>xvn,3.</strong></span> <span class='ocrx_word' id='word_1_997' title='bbox 3584 5762 3627 5795; x_wconf 77' lang='lat'><strong>&quot;</strong></span> <span class='ocrx_word' id='word_1_998' title='bbox 3655 5759 3785 5815; x_wconf 78' lang='lat' dir='ltr'><strong>ibid.</strong></span> <span class='ocrx_word' id='word_1_999' title='bbox 3846 5756 3926 5811; x_wconf 71' lang='grc'><strong>12.</strong></span> 
     </span>
    </p>
   </div>
  </div>
