4300 6428
336 490 437 543 817

1452 490 1955 549 COMMENTARIA
1996 492 2060 546 IN
2093 492 2427 549 PSALMOS.

3447 494 3550 549 818

336 610 491 672 πόλις
536 606 625 661 τοῦ
671 606 823 671 Θεοῦ,
864 608 1191 679 ἀρδευομένη
1234 609 1309 677 τῷ
1358 610 1412 661 ἐν
1456 610 1591 678 αὐτῇ
1640 609 1894 679 πλημμύ-
1922 627 1947 682 Α

2004 625 2123 662 num
2158 617 2333 666 terrae.
2372 630 2391 663 ι
2443 608 2793 664 Praemittitur
2831 623 2961 664 sane
3012 608 3377 675 multitudini,
3432 626 3551 678 qua:

340 719 481 775 ροντι
508 699 751 769 ποταμῷ,
786 698 947 768 λόγῳ,
992 699 1122 752 πολύ
1153 700 1350 769 πλῆθος
1392 700 1650 773 προφέρει
1684 700 1789 752 τῶν
1834 704 1891 752 ὲν

336 796 403 863 τῇ
452 792 741 862 Ἐκκλησία
763 785 1255 862 συγκροτουμένων,
1285 790 1505 853 εἰκότως
1529 792 1893 844 ἐπιλὲλεκταισ

348 904 363 935 ι
395 885 499 937 Kal
526 882 900 953 ὲξανθήσουσιν
930 885 994 935 ὲκ
1019 883 1223 944 πόλεως
1247 882 1374 934 ὡσεὶ
1398 882 1584 952 χόρτος
1616 884 1713 953 τῆς
1737 885 1854 953 γῆς.
1871 904 1888 935 ι

340 979 637 1048 Προηγεῖτο
668 978 763 1046 μὲν
786 972 877 1029 οὖν
902 975 994 1029 τοῦ
1017 978 1206 1045 χόρτου
1232 976 1383 1046 δίκην
1404 976 1741 1042 ὲξανθοῦντος
1768 979 1896 1049 πλή-

341 1070 462 1131 θους
502 1072 529 1121 ὁ
560 1067 982 1140 προλελεγμένος
1027 1068 1236 1139 καρπὸς
1277 1067 1458 1132 αὐτοῦ,
1493 1069 1625 1123 πολὺ
1678 1069 1894 1138 βελτίων

342 1164 434 1213 καὶ
489 1162 748 1232 κρείττων
800 1158 1079 1229 τυγχάνων
1123 1158 1214 1212 τοῦ
1260 1160 1452 1231 χόρτου
1508 1160 1607 1229 τῆς
1647 1162 1785 1231 γῆς·
1818 1162 1897 1213 διὸ

342 1251 699 1319 προτέτακται
726 1250 806 1302 τό’
843 1268 861 1299 ‹
886 1248 1345 1319 Ὑπεραρθήσεται
1372 1248 1510 1320 ὑπὲρ
1548 1251 1639 1303 τὸν
1672 1251 1896 1303 Λίϐανον

340 1346 369 1395 ὁ
414 1342 621 1413 καρπὸς
651 1328 841 1394 ἃύτοῦο
881 1359 901 1391 ›
946 1340 1081 1410 μετὰ
1107 1340 1162 1393 δὲ
1193 1342 1282 1394 τὸν
1328 1342 1535 1412 καρπὸν
1563 1342 1650 1394 τὸν
1692 1341 1899 1413 ἐξαίρε-

341 1449 449 1492 τον,
479 1432 603 1493 τοὺς
631 1431 686 1482 ὲν
714 1432 780 1499 τῇ
826 1430 1115 1501 Ἐκκλησία
1160 1430 1359 1501 δηλαδὴ
1401 1431 1894 1502 καρποφοροῦντας,

342 1523 408 1574 τὰ
435 1520 594 1573 λοιπὰ
621 1520 795 1590 πλήθη
841 1520 1162 1591 καταριθμεῖ
1202 1521 1288 1572 διὰ
1318 1520 1429 1573 τοῦ·
1473 1540 1489 1571 ‹
1533 1521 1639 1573 Kal
1678 1521 1899 1590 ἐξανθήο

342 1630 521 1666 σουσιν
560 1615 623 1666 ὲκ
664 1612 868 1675 πόλεως
904 1612 1031 1664 ὡσεὶ
1078 1613 1263 1681 χόρτος
1302 1614 1399 1682 τῆς
1430 1611 1551 1679 γῆς.
1587 1632 1606 1664 ι
1654 1608 1764 1665 Εἶτ’
1808 1613 1900 1665 ἐπὶ

340 1706 547 1768 τούτοις
584 1704 828 1773 λέγεται’
879 1724 897 1754 ‹
932 1705 1122 1756 Ἔσται
1156 1704 1213 1756 τὸ
1254 1704 1419 1774 ὄνομα
1460 1705 1620 1758 αὐτοῦ
1660 1706 1739 1767 είς
1776 1706 1900 1768 τοὺς

342 1798 558 1860 αἰῶνας.
592 1816 611 1847 ι
647 1797 995 1867 Διαμένοντος
1021 1797 1077 1849 δὲ
1110 1798 1203 1849 καὶ
1224 1796 1617 1859 διαιωνίζοντος
1642 1796 1735 1849 τοῦ
1770 1798 1901 1867 Χρι-

299 1929 303 1932 .
344 1883 467 1936 στοῦ
494 1885 769 1954 ὀνόματος,
796 1886 1349 1956 συμπαρεκτείνεσθαι
1378 1889 1469 1939 καὶ
1492 1886 1549 1938 τὸ
1566 1887 1899 1956 Χριστιανῶν
1943 1878 1947 1882 ”

2000 703 2174 756 instar
2224 700 2329 755 feni
2382 701 2705 767 elllorescit,
2763 707 3090 756 memoratus
3140 699 3352 756 fructus
3406 702 3547 770 ejus,

2002 803 2160 865 longe
2208 793 2569 864 praestabilior
2619 793 2914 861 meliorque
2954 791 3076 846 leno
3118 799 3310 856 terrae;
3360 808 3553 862 quam-

2003 887 2187 941 obrem
2206 884 2556 954 praepositum
2576 884 2675 938 fuit
2695 883 2826 937 illud
2850 902 2863 938 :
2889 902 2906 935 ι
2938 882 3439 952 Superexaltabitur
3466 900 3549 938 su~

2002 992 2095 1047 per
2130 976 2394 1029 Libanum
2428 975 2637 1030 fructus
2668 976 2787 1043 ejus
2820 993 2834 1030 :
2874 994 2892 1027 ι
2930 982 3051 1044 post
3084 974 3316 1027 fructum
3371 979 3553 1028 autem

2002 1070 2153 1123 illum
2205 1068 2620 1137 praecellentem,
2658 1067 2909 1122 videlicet
2942 1074 3066 1135 post
3106 1080 3198 1121 eos
3232 1065 3323 1135 qui
3358 1064 3411 1118 in
3449 1063 3553 1119 Ec-

2002 1162 2167 1215 clesia
2197 1159 2548 1223 fructiﬁcant,
2582 1159 2846 1227 reliquam
2888 1141 3291 1212 multitudinem
3329 1172 3552 1212 enume-

2004 1265 2107 1314 rat,
2141 1251 2220 1305 sic
2252 1239 2442 1303 dicens
2473 1264 2487 1299 :
2529 1268 2546 1299 ι
2579 1248 2644 1301 Ει
2670 1247 2934 1303 ﬂorebunt
2954 1248 3022 1302 de
3050 1248 3268 1303 civitate
3314 1250 3455 1303 sicut
3477 1247 3553 1303 fe-

2006 1358 2132 1396 num
2164 1350 2341 1395 terrae.
2375 1360 2392 1391 ι
2424 1338 2731 1394 Secundum
2761 1338 2875 1393 hac
2907 1338 3144 1393 dicitur:
3175 1337 3327 1393 «Erit
3359 1354 3555 1393 nomen

2004 1436 2123 1503 ejus
2152 1434 2207 1488 in
2235 1433 2450 1487 saecula.
2492 1448 2511 1483 ι
2546 1430 2679 1486 Cum
2728 1445 2890 1501 porro
2940 1445 3133 1485 nomen
3180 1428 3383 1483 Christi
3430 1445 3555 1499 per-

2006 1535 2168 1595 petuo
2222 1531 2457 1587 maneat,
2510 1529 2905 1591 conseQuenter
2962 1536 3089 1575 sane
3124 1520 3555 1575 Christianorum

2004 1634 2204 1673 nomen
2237 1616 2574 1671 tantumdem
2609 1614 2872 1684 temporis
2922 1615 3277 1685 permanebit.
3310 1614 3423 1669 l‘loc
3458 1629 3556 1667 au-

2007 1720 2109 1765 tem
2132 1724 2331 1763 nomen
2356 1707 2503 1779 quod
2535 1716 2617 1763 est
2640 1721 2802 1777 super
2819 1721 2978 1761 omne
2997 1722 3193 1761 nomen
3217 1716 3344 1761 ante
3371 1705 3559 1761 mundi

2006 1800 2449 1855 constitutionem
2485 1805 2602 1852 erat
2639 1810 2848 1865 :quare
2864 1796 3069 1852 dictum
3103 1804 3225 1851 est:
3265 1816 3282 1848 ι
3314 1797 3453 1852 Ante
3477 1810 3561 1852 so-

2006 1892 2109 1946 lem
2138 1896 2423 1961 permanet
2466 1904 2661 1944 nomen
2693 1886 2833 1957 ejus.
2871 1906 2890 1940 ›
2930 1884 3192 1956 Superius
3240 1903 3454 1957 quoque
3484 1888 3560 1944 di-

341 1973 508 2043 ὄνομα
538 1975 822 2028 ἀκόλουθον
849 1974 914 2027 ἂν
945 1975 1047 2043 εἴη.
1083 1976 1249 2028 Τοῦτο
1290 1976 1345 2027 δὲ
1377 1976 1436 2027 τὸ
1481 1975 1649 2045 ὄνομα
1676 1976 1736 2026 τὸ
1770 1976 1906 2047 ὑπὲρ
1937 1978 1947 2031 1

2007 1981 2249 2047 cebatur,
2278 1993 2692 2049 permansurum
2718 1990 2839 2033 esse
2860 1991 2981 2031 cum
3012 1976 3124 2031 sole
3154 1984 3208 2030 et
3232 1985 3356 2029 ante
3372 1976 3555 2030 lunam

344 2067 451 2117 πᾶν
481 2063 646 2133 ὄνομα
678 2068 771 2117 καὶ
816 2065 919 2134 πρὸ
958 2066 1055 2135 τῆς
1084 2065 1175 2117 τοῦ
1210 2066 1411 2134 κόσμου
1446 2066 1753 2128 συστάσεως
1792 2062 1858 2136 ἦν
1884 2083 1895 2096 ·

341 2157 420 2210 διὸ
446 2155 686 2225 είρηται·
729 2174 746 2205 ι
784 2157 896 2226 Πρὸ
927 2156 1018 2208 τοῦ
1054 2155 1201 2225 ήλίου
1246 2157 1487 2224 διαμένει
1517 2156 1575 2208 τὸ
1608 2156 1774 2225 ὄνομα
1806 2158 1900 2209 αὐ-
1944 2150 1945 2153 “

341 2245 459 2301 τοῦ.
499 2264 517 2296 ι
556 2244 664 2297 Καὶ
704 2245 956 2317 ἀνωτέρω
984 2246 1039 2297 δὲ
1073 2246 1285 2315 ἐλέγετο
1335 2246 1777 2316 συμπαραμένειν
1826 2247 1901 2316 τῷ

344 2334 476 2405 ἡλίῳ
508 2333 602 2385 καὶ
646 2334 749 2404 πρὸ
770 2334 864 2405 τῆς
896 2334 1120 2406 σελήνης
1141 2338 1218 2398 εἰς
1240 2336 1430 2404 γενεὰς
1459 2336 1677 2404 γενεῶν.
1714 2339 1831 2390 Ὅτι
1849 2339 1903 2390 δὲ

343 2426 514 2479 ταῦτα
548 2426 606 2479 οὐ
646 2426 866 2480 δυνατὸν
904 2426 1066 2499 θνητῇ
1103 2430 1409 2499 ἐφαρμόσαι
1442 2429 1621 2497 φύσει,
1663 2430 1901 2498 φθάσαν-

345 2533 432 2578 τες
463 2515 562 2585 ήδη
612 2516 1046 2586 παρεστήσαμεν.
1095 2518 1248 2571 Μετὰ
1298 2518 1463 2570 ταῦτα
1516 2519 1571 2571 δὲ
1603 2519 1898 2571 ’λέλεκται-

351 2624 370 2656 ‹
403 2606 511 2658 Kal.
546 2606 1022 2677 ὲνευλογηθήσεται
1054 2608 1110 2659 ὲν
1141 2607 1287 2678 αὐτῷ
1330 2610 1505 2661 πάντα
1536 2608 1605 2659 τὰ
1651 2608 1773 2676 ἔθνη
1808 2606 1903 2675 τῆς

346 2700 464 2767 γῆς,
528 2717 547 2748 ι
614 2692 708 2759 Οἷς
766 2697 1103 2768 παραθήσεις
1161 2698 1248 2750 τὸν
1314 2700 1558 2767 φήσαντα
1617 2699 1752 2768 πρὸς
1815 2698 1902 2750 τὸν

359 2786 605 2860 Ἀϐραὰμ
649 2788 924 2857 χρησμόν·
973 2806 992 2839 ί
1026 2788 1135 2849 Kal.
1169 2788 1674 2859 ὲνευλογηθήσονται
1728 2791 1784 2841 ἐν
1826 2789 1904 2860 τῷ

348 2877 617 2947 σπέρματί
650 2894 743 2930 σου
781 2878 957 2931 πάντα
986 2878 1054 2931 τὰ
1082 2878 1221 2949 ἔθνη
1268 2879 1368 2948 τῆς
1406 2879 1527 2947 γῆς.
1569 2898 1585 2929 ι
1633 2880 1742 2932 Καὶ
1786 2878 1901 2947 θέα,

345 2970 491 3032 ὅπως
535 2970 567 3038 ή
613 2968 749 3038 πρὸς
805 2969 894 3023 τὸν
944 2968 1190 3042 Ἀϐραὰμ
1235 2969 1532 3037 ἐπαγγελία
1584 2970 1909 3038 ἐφυλάττετο

347 3059 487 3113 κατὰ
507 3060 729 3131 χρόνους
752 3061 1114 3134 ἀνανεουμένη
1142 3061 1206 3114 δι’
1239 3060 1463 3114 ἑκάστου
1494 3065 1785 3135 προφήτου.
1815 3064 1904 3135 Τῷ

350 3151 442 3220 μὲν
487 3149 595 3222 γὰρ
635 3150 880 3223 Ἀϐραὰμ
928 3152 1125 3223 πρώτῳ
1174 3154 1389 3208 λέλεκτο
1410 3155 1505 3207 τό⁹
1543 3172 1563 3205 ‹
1603 3153 1905 3225 Εὐλογηθή-

348 3258 523 3295 σονται
556 3244 613 3295 ὲν
640 3242 716 3311 τῷ
746 3243 1015 3313 σπέρματί
1040 3261 1133 3297 σου
1166 3244 1339 3298 πάντα
1364 3244 1431 3298 τὰ
1453 3244 1576 3315 ἔθνη
1607 3246 1704 3314 τῆς
1733 3244 1896 3313 γῆς’»

348 3330 483 3399 μετὰ
512 3329 566 3382 δὲ
595 3331 770 3383 ταῦτα
802 3334 829 3385 ὁ
867 3331 1063 3405 Ἰακὼὸ
1096 3333 1362 3397 θεσπίζων
1393 3335 1519 3402 περὶ
1546 3334 1637 3386 τοῦ
1670 3334 1901 3406 Χριστοῦ

346 3421 751 3492 ἀναγέγραπται
796 3423 1067 3496 είρηκώςο
1106 3442 1123 3475 ι
1174 3426 1288 3478 Οὐκ
1337 3426 1572 3495 ἐκλείψει
1619 3427 1799 3496 ἄρχων
1845 3426 1903 3491 ἐξ

359 3514 521 3568 Ἰούδα
549 3517 650 3579 ἕως
678 3516 741 3569 ἂν
767 3516 891 3588 ἔλθῃ
922 3517 949 3569 ὃ
980 3517 1264 3571 ἀπόκειται
1296 3521 1371 3588 (1)
1391 3536 1405 3549 ⁶
1438 3520 1532 3573 καὶ
1560 3520 1717 3582 αὐτὸς
1754 3519 1902 3572 ἔσται

347 3604 849 3675 προσδοκίαὲθνῶν.
902 3626 920 3659 ι
959 3608 1068 3660 Kal.
1096 3610 1153 3661 ἐν
1181 3610 1289 3669 τοῖς
1330 3608 1463 3678 μετὰ
1498 3608 1667 3660 ταῦτα
1695 3610 1904 3679 χρόνοις

345 3693 497 3760 αὖθις
529 3694 740 3767 εἴρηται
782 3694 870 3747 διὰ
910 3695 1003 3747 τοῦ
1048 3695 1304 3765 Βαλαάμ·
1355 3714 1372 3747 ς
1422 3694 1783 3760 Ἐξελεύσεται
1814 3696 1903 3750 ἆν-

346 3787 558 3861 θρωπος
616 3789 681 3840 ὲκ
732 3785 825 3839 τοῦ
879 3786 1187 3857 σπέρματος
1239 3787 1419 3851 αὐτοῦ,
1478 3788 1569 3840 καὶ
1623 3788 1895 3858 κυριεύσει

345 3879 508 3931 ἐθνῶν
541 3870 764 3931 πολλῶν.
809 3897 827 3929 ι
862 3878 972 3931 Kal
1004 3879 1241 3949 Μωῦσῆς
1271 3880 1327 3933 δὲ
1358 3879 1464 3933 τῶν
1496 3879 1659 3933 ὲθνῶν
1706 3881 1763 3933 ὲν
1791 3881 1900 3953 ᾠδῇ

348 3968 553 4039 μεγάλῃ
603 3968 847 4039 μέμνητο
889 3968 1094 4037 λέγων·
1150 3987 1168 4020 ε
1207 3969 1578 4041 Εὐφράνθητε,
1615 3970 1738 4041 ἔθνη
1779 3971 1903 4034 λαὸς

346 4059 504 4114 αὐτοῦ
531 4077 543 4090 ⁸
604 4061 697 4114 καὶ
742 4061 1297 4132 προσκυνησάτωσανς
1330 4060 1477 4131 αὐτῷ
1534 4060 1735 4123 πάντες
1800 4062 1907 4114 υίοὶ

345 4148 497 4201 Θεοῦ.
532 4168 549 4200 ι
578 4148 760 4212 Οὒτως
792 4144 882 4203 οῦν
908 4150 999 4202 καὶ
1025 4150 1251 4202 ἐνταῦθα
1280 4150 1346 4202 τὰ
1376 4150 1508 4219 πρὸς
1537 4151 1626 4205 τὸν
1660 4151 1905 4222 Ἀϐραὰμ

345 4239 432 4292 διὰ
482 4238 576 4292 τοῦ
618 4240 865 4311 χρησμοῦ
918 4240 1311 4310 τεθεσπισμένα
1361 4240 1798 4311 ὲπαναλαμόάνει
1846 4245 1906 4298 τὸ

343 4332 518 4398 λόγιον
546 4328 789 4383 διδάσκον
811 4331 910 4383 οὐκ
938 4330 1108 4393 ἄλλως
1136 4331 1166 4399 ἢ
1199 4331 1285 4384 διὰ
1308 4330 1399 4384 τοῦ
1430 4331 1662 4402 Χριστοῦ
1690 4333 1904 4405 πληρω-

345 4414 622 4486 θήσεσθαι,
668 4415 903 4484 φάσκον·
953 4436 971 4467 ‹
1024 4418 1133 4472 Kal.
1177 4418 1624 4489 εὐλογηθήσονται
1670 4423 1726 4474 ἐν
1759 4422 1904 4493 αὐτῷ

2005 2074 2059 2127 in
2119 2072 2497 2143 generationes
2548 2070 2981 2141 generationum.
3029 2067 3182 2133 Quod
3243 2082 3367 2120 vero
3421 2066 3557 2121 illud

2002 2163 2219 2218 mortali
2250 2170 2461 2217 naturae
2489 2162 2731 2231 coaptari
2764 2166 3020 2230 nequeat,
3062 2158 3173 2228 jam
3207 2159 3559 2228 comprobare

2003 2254 2412 2322 occupavimus.
2450 2251 2561 2306 Sub
2602 2252 2716 2307 haec
2744 2260 2923 2305 autem
2962 2250 3205 2305 dicitur:
3244 2268 3262 2300 ι
3301 2249 3367 2303 Et
3396 2250 3559 2304 bene-

2004 2342 2329 2409 dicenturin
2349 2342 2466 2412 ipso
2484 2356 2672 2395 omnes
2703 2347 2890 2411 gentes
2907 2347 3087 2395 terrae.
3122 2359 3142 2392 ι
3182 2339 3392 2406 Quibus
3424 2355 3557 2396 con-

2005 2432 2147 2487 feras
2188 2432 2343 2486 velim
2376 2432 2481 2486 hoc
2511 2435 2791 2486 oraculum
2821 2431 2890 2485 ad
2918 2430 3289 2486 Abrahamum
3326 2432 3511 2486 datum
3539 2451 3555 2487 :

2009 2542 2026 2572 ι
2058 2522 2122 2575 Ει
2178 2522 2569 2577 benedicentur
2618 2522 2674 2576 in
2733 2522 2938 2577 semine
2980 2530 3076 2576 tuo
3122 2535 3313 2577 omnes
3372 2531 3560 2591 gentes

2003 2616 2245 2670 terrae“.
2291 2635 2308 2665 ι
2344 2615 2409 2669 Ει
2458 2616 2748 2688 perpende,
2789 2629 2993 2686 quaeso,
3025 2614 3443 2685 promissionem
3492 2617 3561 2671 ad

2002 2704 2371 2759 Abrahamum
2418 2705 2638 2769 laetam,
2684 2702 3046 2773 subsequenti
3086 2708 3329 2770 tempore
3370 2714 3557 2754 serva-

2002 2807 2134 2861 tam,
2166 2812 2229 2850 ac
2259 2812 2355 2865 per
2388 2795 2634 2865 singulos
2682 2792 2977 2863 praphetas
3018 2799 3328 2847 renovatam
3368 2790 3559 2846 fuisse.

2003 2888 2214 2942 Atenim
2258 2886 2565 2939 Ahrabamo
2598 2885 2831 2954 primum
2862 2881 3065 2937 dictum
3105 2881 3244 2936 fuit:
3278 2900 3297 2933 ‹
3331 2880 3561 2937 Benedi-

2004 2988 2200 3034 centur
2228 2977 2279 3030 in
2329 2976 2537 3032 semine
2563 2982 2660 3029 tuo
2703 2988 2893 3029 omnes
2932 2979 3116 3043 gentes
3163 2979 3339 3027 terrae.
3377 2989 3397 3023 ι
3432 2971 3561 3029 Post

2004 3068 2119 3123 haec
2142 3065 2309 3120 Jacob
2336 3065 2402 3120 de
2435 3064 2652 3120 Christo
2678 3064 2983 3118 vaticinans
3014 3061 3219 3117 dixisse
3249 3059 3511 3115 scribitur
3537 3074 3553 3111 :

2012 3174 2029 3206 ι
2063 3154 2183 3208 Non
2216 3153 2713 3223 deﬁcietprinceps
2742 3167 2807 3207 ex
2840 3151 3000 3217 Juda,
3032 3150 3203 3206 donec
3238 3149 3419 3205 veniat
3460 3151 3551 3205 cui

2006 3246 2301 3315 repositum
2320 3252 2403 3299 est
2434 3252 2525 3299 :et
2555 3246 2671 3314 ipse
2697 3245 2801 3299 erit
2832 3242 3164 3313 exspectatio
3190 3241 3428 3313 gentium
3444 3242 3506 3297 ⁸⁸.
3534 3260 3552 3295 I

2007 3335 2315 3389 Secundum
2360 3335 2474 3388 haec
2506 3342 2752 3404 tempora
2786 3348 3003 3388 rursum
3036 3349 3067 3387 a
3090 3332 3310 3387 Balaam
3350 3335 3557 3389 dictum

2002 3434 2124 3480 est:
2167 3442 2186 3477 σ
2222 3424 2542 3495 Egredietur
2585 3424 2749 3479 homo
2779 3439 2843 3478 ex
2886 3424 3092 3478 semine
3124 3424 3264 3494 ejus,
3300 3434 3354 3480 et
3384 3409 3559 3478 domi-

2003 3516 2222 3569 nabitur
2241 3516 2495 3586 gentibus
2522 3514 2709 3570 multis
2728 3514 2791 3568 ⁸⁷.
2820 3532 2839 3565 ι
2881 3513 3088 3584 Moyses
3115 3513 3245 3569 item
3275 3516 3331 3569 in
3360 3528 3560 3584 magno

2002 3606 2214 3661 cantico
2239 3607 2476 3677 gentium
2496 3606 2739 3665 meminit
2754 3605 2941 3660 dicens
2969 3624 3021 3659 ιι
3054 3602 3352 3668 ιωιοωὴιὶ,
3370 3613 3559 3674 gentes

2003 3697 2237 3766 populus
2267 3698 2386 3765 ejus
2421 3714 2435 3752 :
2469 3704 2521 3751 et
2542 3696 2767 3751 adorent
2802 3711 2925 3751 eum
2967 3711 3157 3752 omnes
3190 3694 3285 3748 ﬁlii
3316 3694 3407 3749 Dei
3425 3694 3489 3748 ⁸³.
3531 3714 3551 3746 ι

2003 3789 2095 3844 Sic
2126 3790 2291 3859 igitur
2320 3790 2422 3845 hoc
2467 3790 2590 3845 loco
2634 3806 2754 3859 qua:
2798 3805 2893 3861 per
2929 3790 3209 3845 oraculum
3237 3790 3557 3846 .Abrahamo

2005 3881 2368 3953 praenuntiata
2414 3880 2630 3933 fuerant
2665 3888 3036 3945 resumuntur,
3072 3880 3199 3935 dum
3232 3896 3293 3936 ea
3336 3896 3444 3936 non
3488 3882 3558 3936 ab

2001 3974 2108 4027 alio
2148 3987 2308 4041 quam
2353 3985 2384 4025 a
2421 3970 2641 4026 Christo
2686 3972 2957 4041 implenda
2996 3986 3119 4026 esse
3161 3970 3421 4025 docemur
3470 3971 3557 4025 his

2001 4062 2183 4119 verbis
2217 4080 2231 4116 :
2270 4079 2289 4112 ‹
2327 4060 2396 4115 Et
2422 4061 2812 4116 benedicentur
2861 4061 2917 4113 in
2971 4061 3090 4130 ipso
3132 4074 3322 4115 omnes
3366 4068 3555 4130 gentes

2004 4164 2181 4210 terrae.
2217 4173 2236 4205 ›
2268 4151 2471 4207 Deinde
2494 4166 2621 4207 vero
2655 4154 2769 4205 ait:
2816 4168 2833 4201 ι
2871 4148 3072 4205 Omnes
3109 4157 3296 4221 gentes
3336 4151 3553 4217 beatum

2004 4244 2376 4317 praedicabunt
2406 4258 2554 4297 eum.
2593 4262 2613 4295 ι
2638 4241 2919 4308 Quomodo
2945 4242 3162 4297 beatum
3185 4241 3555 4311 praedicabunt
3628 4287 3631 4291 .

2002 4351 2125 4390 eum
2157 4350 2345 4389 omnes
2364 4332 2593 4404 gentes?
2618 4347 2712 4402 per
2731 4331 3119 4387 beatitudinem
3148 4344 3301 4385 suam
3324 4330 3554 4401 gratiam

2003 4427 2122 4495 ejus
2153 4425 2510 4480 declarantes.

346 4471 516 4564 πάντα
553 4509 621 4563 τά
652 4471 775 4581 ἔθνη
837 4511 935 4581 τῆς
965 4511 1087 4580 γῆς.
1122 4530 1141 4562 ι
1185 4471 1449 4582 Εἶθ”ὲὲῆς
1488 4532 1619 4585 φησι
1654 4532 1665 4545 ·
1704 4534 1721 4567 ι
1756 4476 1937 4571 Πάντα
1971 4471 2049 4571 τὰ⁴
2082 4518 2205 4589 ἔθνη
2252 4516 2605 4589 μακαριοῦσιν
2641 4516 2822 4571 αὐτόν.
2859 4536 2878 4568 ›
2920 4515 3038 4580 Πῶς
3080 4517 3137 4571 δὲ
3198 4471 3583 4586 μακαριοῦσιν·

344 4605 501 4694 αὐτὸν
524 4605 697 4659 πάντα
736 4606 803 4658 τὰ
834 4604 991 4675 ἔθνη;
1019 4604 1105 4659 διὰ
1134 4605 1231 4676 τῆς
1255 4607 1312 4659 ὲν
1343 4608 1523 4671 αὐτοῖς
1561 4610 1952 4681 μακαριότητος
1977 4612 2074 4681 τήν
2101 4611 2160 4677 ἐξ
2180 4611 2342 4665 αὐτοῦ
2370 4612 2525 4694 χάριν
2567 4609 2925 4682 παριστῶντα.

418 4713 436 4745 ι
467 4690 767 4765 Εὐλογητὸς
798 4694 999 4773 Κύριος
1033 4698 1061 4748 ὁ
1090 4696 1218 4760 Θεὸς
1259 4698 1490 4769 Ἰσραὴλ,
1524 4701 1552 4752 ὁ
1578 4700 1742 4752 ποιῶν
1766 4700 1896 4752 θαυ·
1929 4710 1947 4765 ι

2071 4703 2235 4773 Vens.
2266 4703 2352 4768 18,
2380 4690 2520 4755 20.’‹
2547 4699 2870 4757 Benedictus
2904 4698 3164 4754 Dominus
3186 4698 3327 4754 Deus
3358 4696 3546 4766 Israel,

346 4784 513 4854 μάσια
543 4784 716 4856 μόνος..
759 4803 777 4835 ι
814 4785 1190 4855 Εὐλογούμενα
1216 4787 1285 4840 τὰ
1314 4788 1455 4861 ,ἔθνη
1493 4791 1551 4842 ἐν
1581 4790 1658 4859 τῷ
1690 4806 1899 4861 προφη-

342 4875 614 4945 τευομένῳ
638 4873 778 4928 κατὰ
804 4873 864 4925 τὸ
889 4873 1062 4941 λόγιον
1089 4875 1149 4928 τὸ
1178 4877 1353 4947 φῆσαν
1371 4894 1384 4907 ο
1423 4897 1442 4929 ‹
1474 4880 1582 4932 Kal.
1606 4879 1897 4948 εὐλογηθή-

345 4981 523 5017 σονται
558 4968 616 5019 ὲν
657 4962 805 5029 αὐτῷ
841 4963 1016 5016 πάντα
1064 4963 1132 5016 τὰ
1174 4964 1333 5037 ἔθνη·
1376 4987 1393 5018 )
1432 4968 1580 5033 αὔξει
1616 4969 1714 5041 τὴν
1761 4967 1899 5021 κατὰ

322 5053 473 5119 κΘεὸν
496 5052 739 5125 αὒξησιν,
766 5053 856 5107 καί
876 5052 1122 5124 πληθύει,
1147 5056 1239 5108 καὶ
1258 5058 1359 5127 τῆς
1375 5058 1478 5128 γῆς
1499 5060 1895 5130 κατακυριεύει.

344 5146 553 5217 Διόπερ
572 5147 732 5216 φησὶν
752 5148 780 5199 ὸ
806 5147 944 5211 θεῖος
971 5147 1285 5211 Ἀπὸστολος
1302 5166 1315 5179 ο
1353 5170 1371 5201 ι
1400 5151 1699 5222 Εὐλογητὸς
1719 5154 1747 5203 ὁ
1767 5152 1896 5217 Θεὸς

343 5238 372 5289 ὸ
410 5236 705 5308 εὐλογήσας
750 5239 995 5309 ὴμᾰςνὲν,
1031 5239 1178 5311 πάσῃ
1225 5238 1443 5310 εὐλογίᾳ
1472 5243 1829 5312 πνευματικῇ.
1872 5260 1916 5293 ιλ

345 5327 497 5379 Οὕτω
524 5325 581 5378 δὲ
612 5325 820 5395 ἔχοντα,
857 5329 1165 5397 ἀντευλογεῖ
1196 5330 1284 5382 τὸν
1310 5330 1409 5400 τῆς
1441 5324 1689 5400 εὐλογίας
1716 5332 1896 5397 αὐτοῖς

347 5415 511 5469 αἴτιον
539 5414 919 5484 γεγενημένον.
951 5419 1042 5471 Διὸ
1069 5418 1279 5488 πρῶτον
1312 5419 1407 5489 μὲν
1436 5417 1766 5490 ἐμακάριζον
1796 5419 1893 5472 αὐ-

345 5508 453 5569 τὸν,
484 5502 602 5559 εἶτα
642 5505 735 5558 καὶ
774 5504 1010 5574 εὐλογεῖν
1049 5508 1351 5563 διδάσκεται
1395 5508 1484 5561 διὰ
1531 5507 1626 5566 τοῦ
1682 5507 1855 5577 λέγειν
1878 5524 1895 5539 '

351 5612 369 5643 ε
406 5596 705 5667 Εὐλογητὸς
730 5595 930 5666 Κύριος
959 5598 995 5650 ό·
1012 5597 1141 5662 Θεὸς
1184 5600 1414 5672 Ἰσραὴλ,
1440 5602 1469 5653 ὸ
1498 5598 1662 5652 ποιῶν
1685 5598 1891 5670 θαυμά-

348 5698 436 5755 σια
481 5685 653 5748 μόνος.
698 5704 716 5736 ι
763 5684 1034 5747 Ἐπιτήρει
1077 5687 1152 5755 δὲ,
1195 5689 1270 5753 ὡς
1317 5691 1539 5745 ἕκαστον
1594 5689 1757 5762 μέρος
1794 5690 1888 5761 τῆς

2001 4770 2094 4863 qui
2155 4794 2285 4849 facit
2337 4793 2604 4869 mirabilia
2640 4791 2831 4864 solus.
2876 4809 2894 4841 ι
2931 4792 3066 4869 cum
3119 4804 3305 4861 gentes
3358 4791 3410 4844 in
3456 4806 3544 4855 eo,

1999 4901 2159 4954 quem
2194 4881 2473 4955 praphetia
2496 4882 2716 4943 indicat,
2748 4879 3178 4936 benedictionem
3213 4881 3543 4950 acceperint,

1998 4987 2159 5047 prout
2192 4966 2448 5044 superius
2479 4973 2744 5029 habetur:
2775 4992 2796 5024 ι
2826 4966 2895 5028 Et
2914 4972 3302 5029 benedicentur
3332 4972 3387 5026 in
3427 4972 3545 5041 ipso

1998 5080 2187 5121 omnes
2240 5069 2461 5132 gentes;
2512 5081 2531 5114 ι
2563 5063 2876 5118 accessione
2935 5066 3189 5116 crescunt
3247 5058 3543 5114 secundum

1998 5151 2189 5215 Deum,
2234 5149 2670 5219 multiplicantur
2701 5158 2954 5223 etriterrae
2997 5148 3366 5203 dominantur.
3397 5147 3545 5210 Qua-

1993 5244 2212 5310 propter
2234 5236 2312 5289 ait
2350 5234 2572 5293 divlnus
2602 5237 2893 5307 Apostolus
2926 5254 2939 5290 :
2976 5254 2994 5287 ι
3027 5235 3345 5292 Benedictus
3377 5233 3541 5298 Deus.

1991 5327 2084 5398 qui
2107 5323 2379 5381 benedixit
2396 5340 2496 5381 nos
2518 5326 2574 5382 in
2591 5326 2737 5381 omni
2755 5326 3131 5387 benedictione
3152 5323 3422 5397 spirituali
3434 5325 3503 5378 θ’.
3518 5342 3537 5376 ι

1993 5418 2129 5473 Cum
2160 5417 2233 5470 ita
2262 5431 2428 5484 porro
2466 5432 2529 5473 se
2559 5431 2648 5472 res
2674 5416 2891 5479 habeat,
2922 5415 3316 5473 benedictionis
3349 5423 3542 5469 aucto-

1992 5523 2105 5563 rem
2136 5522 2167 5561 e
2207 5520 2475 5561 converso
2527 5505 2872 5563 benedicunt.
2901 5506 3080 5573 Quare
3116 5505 3292 5576 primo
3321 5504 3537 5575 quidem

1995 5598 2209 5654 beatum
2233 5597 2528 5664 pradicant
2557 5609 2716 5661 eum;
2748 5595 2943 5651 deinde
2980 5592 3334 5653 benedicendi
3367 5590 3537 5667 ratio—

1994 5704 2115 5745 nem
2153 5686 2448 5741 edocentur
2497 5684 2579 5740 his
2601 5684 2825 5761 verbis:
2860 5702 2879 5740 ι
2914 5682 3234 5743 Benedictus
3277 5683 3540 5743 Dominus

416 5781 459 5809 "
481 5780 615 5833 Gen.
641 5796 779 5839 xm.
812 5780 897 5835 18.
973 5778 1167 5838 “Gen.
1201 5799 1343 5849 κων.
1376 5788 1454 5841 tu.
1534 5788 1575 5820 ⁸⁷
1609 5783 1765 5843 Num.
1809 5801 1947 5853 xxxv,

2004 5785 2070 5845 l9.
2150 5784 2191 5817 ⁸⁸
2216 5783 2353 5837 Deut
2406 5794 2575 5844 xxxn,
2609 5778 2697 5834 ιδ.
2763 5779 2806 5815 ’⁸
2841 5777 3108 5848 [ptes-1.
3144 5781 3194 5834 3.

420 5876 492 5921 Η»
526 5870 664 5941 Lege
692 5868 735 5941 ᾦ
760 5863 1057 5930 ἀπόκειται.
