4300 6428
747 450 851 511 Si!)

1400 459 1670 517 EUSEBII
1702 462 2174 524 CESARIENSIS
2209 466 2358 525 OPP.
2398 467 2576 524 PARS
2611 466 2799 524 III.'--
2836 468 3245 527 EXEGETICA.

751 568 893 623 Deus
927 565 1114 633 Israel,
1158 571 1250 640 qui
1288 570 1416 625 facit
1454 575 1720 631 mirabilia
1770 580 1939 639 solus,
1993 600 2013 631 ι
2047 580 2286 637 Observa
2316 588 2362 645 Α
2391 584 2449 653 βία

2240 598 2286 637 ta
2316 588 2362 645 Α
2391 584 2567 653 βίϐλου
2594 584 2698 637 τῶν
2710 584 2951 655 Ψαλμῶν
2988 580 3066 648 εἱς
3092 585 3272 655 ὅμοιον
3297 586 3588 656 καταλήγει
3624 585 3790 648 τέλος.
3825 581 3933 637 Τοῦ

747 674 910 727 porro
936 661 1175 729 singulas
1210 663 1334 717 libri
1369 663 1707 720 Psalmorum
1744 678 1926 736 partes
1971 671 2200 726 similem
2235 674 2290 727 in

745 752 906 805 linem
930 752 1196 809 desinere.
1236 754 1367 807 Nam
1399 757 1588 824 primae
1615 760 1786 826 partis
1812 769 2117 828 postremus
2150 765 2292 833 psal-

748 858 869 898 mus
907 853 1024 899 erat
1061 845 1532 914 quadragesimus,
1581 850 1673 917 qui
1720 851 1799 905 sic
1844 853 1895 905 in
1930 854 2032 908 ﬁne
2078 855 2237 909 habet
2274 875 2285 909 :

753 949 769 979 ι
786 932 1099 986 Benedictus
1118 931 1372 988 Dominus
1388 934 1526 991 Deus
1548 937 1710 993 Israel
1730 956 1795 994 ex
1814 958 1954 995 nunc
1975 954 2025 997 et
2042 945 2094 997 in
2117 961 2287 999 saecu-

740 1023 879 1087 lum,
900 1024 1012 1087 flat,
1035 1024 1175 1079 ﬁat.)
1199 1025 1460 1081 Secundre
1489 1030 1659 1095 partis
1688 1031 1910 1087 ultimus
1937 1042 2020 1087 est
2046 1036 2132 1089 hic
2156 1038 2294 1104 psal-

738 1130 889 1178 mus,
922 1116 1011 1184 qui
1045 1115 1292 1171 similiter
1314 1118 1369 1171 in
1406 1118 1508 1171 ﬁne
1524 1120 1688 1173 dicit:
1718 1141 1735 1170 ι
1760 1121 2081 1177 Eenedictus
2114 1124 2294 1177 Domi-

737 1220 849 1259 nus
886 1206 1022 1260 Deus
1066 1204 1250 1268 Israel,
1283 1208 1373 1275 qui
1428 1206 1558 1259 facit
1612 1209 1880 1263 mirabilia
1912 1214 2081 1267 solus.
2104 1213 2167 1265 Et
2197 1215 2291 1269 be-

747 1297 1023 1351 nedictum
1068 1312 1271 1352 nomen
1325 1300 1507 1367 gloriae
1541 1300 1680 1368 ejus,
1713 1320 1731 1351 ι
1774 1310 1829 1355 et
1858 1312 2068 1357 caetera.
2101 1304 2294 1360 Tertia:

742 1389 916 1458 partis
973 1396 1287 1458 postremus
1336 1398 1419 1446 est
1479 1408 1738 1455 Lxxxvm,
1780 1395 1936 1462 cujus
1995 1396 2115 1451 linis
2162 1406 2289 1451 est:

750 1498 771 1529 ο
804 1471 1125 1533 Benedictus
1153 1480 1411 1535 Dominus
1469 1483 1523 1536 in
1580 1484 1833 1539 saeculum
1890 1506 1899 1538 :
1950 1487 2062 1553 ﬁat,
2117 1487 2229 1541 ﬁat.
2270 1509 2285 1539 ι

744 1568 873 1623 Item
896 1576 1101 1639 quartae
1124 1570 1292 1638 partis
1319 1572 1539 1627 ultimus
1566 1581 1649 1627 est
1673 1588 1757 1637 cv,
1788 1574 1949 1643 hujus
1968 1592 2095 1630 vero
2124 1578 2245 1632 linis
2277 1595 2289 1628 :

748 1677 772 1709 c
806 1659 1127 1715 Benedictus
1180 1661 1438 1717 Dominus
1500 1663 1638 1719 Deus
1691 1664 1857 1720 Israel
1919 1683 1947 1719 a
1994 1669 2190 1722 saeculo
2243 1677 2295 1722 et

670 1801 673 1804 .
746 1765 918 1819 usque
945 1752 999 1804 in
1032 1753 1309 1817 saeculum,
1353 1760 1407 1808 et
1439 1756 1576 1809 dicet
1630 1757 1807 1811 omnis
1842 1758 2071 1826 populus
2105 1777 2117 1810 :
2156 1758 2294 1822 Fiat,

748 1843 857 1898 ﬁat.
888 1861 907 1893 ι
933 1842 1129 1908 Quinta
1170 1859 1296 1913 pars
1322 1853 1500 1899 autem
1529 1846 1581 1898 in
1618 1864 1636 1896 ι
1661 1848 1871 1901 alleluia
1900 1868 1916 1898 ›
1953 1849 2293 1908 terminatur,

741 1951 851 2004 quo
882 1943 1027 1989 totus
1048 1936 1185 1989 liber
1224 1934 1721 1989 circumscribitur-
1754 1937 2013 1990 Caeterum
2054 1954 2293 2006 prmsens
2326 1922 2365 1978 Β

742 2026 984 2095 psalmus
1016 2032 1137 2095 post
1158 2033 1510 2081 memoratam
1538 2026 1603 2080 de
1626 2025 1844 2082 Christo
1872 2027 2290 2096 praedictionem,

741 2117 929 2186 adjicit
956 2115 1086 2169 illud
1120 2136 1133 2167 :
1174 2135 1192 2166 ι
1226 2116 1549 2171 Benedictus
1579 2116 1836 2172 Dominus
1876 2117 2017 2171 Deus
2046 2118 2232 2182 Israel,
2271 2140 2288 2171 ι

742 2206 1056 2274 subditque,
1091 2225 1111 2257 ί
1146 2208 1236 2275 qui
1262 2208 1389 2262 facit
1424 2208 1688 2261 mirabilia
1722 2210 1888 2264 solus.
1930 2230 1946 2259 ›
1981 2210 2109 2275 Quae
2133 2214 2295 2266 mira-

746 2296 897 2362 bilia,
928 2297 1033 2349 nisi
1056 2312 1118 2352 ea
1137 2312 1254 2368 quae
1284 2300 1533 2368 superius
1554 2300 1711 2352 allata
1731 2309 1857 2359 sunt
1890 2303 2063 2371 :quod
2090 2305 2296 2358 scilicet

741 2386 1109 2444 descensurus
1133 2392 1204 2445 sit
1228 2392 1369 2445 sicut
1388 2393 1566 2460 pluvia
1592 2393 1646 2446 in
1670 2395 1862 2455 vellus,
1912 2395 2293 2449 humiliaturus

747 2482 821 2533 sit
879 2482 1347 2544 calumniatorem,
1406 2482 1550 2552 quod
1618 2498 2002 2552 permansurus
2051 2488 2121 2541 sit
2169 2501 2291 2540 cum
2342 2534 2345 2535 ν

746 2571 869 2625 sole
898 2588 910 2633 ;
951 2570 1095 2639 quod
1124 2570 1179 2624 in
1197 2572 1388 2628 diebus
1413 2573 1531 2639 ejus
1558 2576 1765 2628 oritura
1794 2576 1864 2629 sit
1889 2577 2120 2644 justitia,
2150 2578 2295 2646 quod

747 2660 1126 2719 dominaturus
1145 2664 1266 2717 sita
1285 2666 1419 2718 mari
1444 2666 1509 2721 ad
1532 2682 1705 2731 mare;
1727 2668 1867 2737 quod
1889 2667 2129 2722 futurum
2152 2670 2218 2721 sit
2240 2677 2295 2721 ut

750 2750 1032 2822 Ethiopes
1065 2754 1346 2822 procidant
1369 2772 1550 2811 coram
1583 2759 1713 2824 illo;
1746 2759 1887 2828 quod
1920 2759 2059 2814 dona
2088 2758 2188 2827 ipsi
2229 2774 2295 2812 ex

746 2842 1000 2898 omnibus
1023 2844 1272 2913 gentibus
1303 2844 1573 2900 aﬁerenda
1622 2848 1761 2912 sint;
1795 2847 1937 2917 quod
1986 2848 2145 2901 etiam
2183 2849 2295 2915 ipse

749 2932 1142 2988 tlrmnmentum
1172 2934 1384 2991 futurus
1420 2936 1491 2990 sit
1516 2936 1579 3009 in»
1627 2944 1790 3001 terra,
1836 2945 1889 2992 et
1928 2937 2137 2991 fructus
2177 2938 2295 3005 ejus

694 3051 698 3054 ⁶
748 3037 913 3099 super
940 3020 1205 3082 Libanum
1245 3025 1564 3080 exaltandus
1586 3026 1691 3091 sit;
1716 3034 1767 3080 et
1796 3026 1993 3080 similia
2023 3043 2140 3096 quae
2194 3027 2295 3081 sub

749 3113 864 3167 haec
897 3114 1537 3180 enumerantur‘iQuibus
1565 3117 1819 3172 omnibus
1845 3116 1910 3170 ad
1938 3117 2049 3172 haec
2068 3118 2294 3172 dicenda

749 3201 1119 3257 instituimur:
1150 3222 1168 3254 ι
1190 3203 1507 3261 Benedictus
1535 3205 1793 3262 Dominus
1816 3207 1957 3262 Deus
1992 3208 2177 3271 Israel,
2200 3210 2293 3278 qui

2395 676 2489 745 μὲν
2518 676 2622 746 γὰρ
2658 674 2869 745 πρώτου
2903 675 3098 747 μέρους
3125 676 3424 739 τελευταῖος
3456 670 3523 744 ἦν
3554 677 3581 727 6
3617 678 3688 745 μ’;
3716 668 3777 728 οὗ
3801 674 3935 745 πρὸς

2390 765 2466 834 τῷ
2486 765 2623 818 τέλει
2658 748 2896 832 ἐλέγετοι
2924 783 2941 813 ι
2972 764 3269 833 Εὐλογητὸς
3300 763 3499 833 Κύριος
3522 764 3549 815 ὁ
3573 762 3703 825 Θεὸς
3728 761 3939 833 Ἰσραὴλ

2392 855 2607 909 ἀπὸτοῦ
2641 854 2734 907 νῦν
2760 855 2851 906 καὶ
2888 858 2966 918 εἰς
3008 846 3095 907 τὸν
3137 854 3327 907 αίῶνα·
3361 854 3584 921 γένοιτο,
3624 853 3865 920 γένοιτο)
3915 870 3933 903 ι

2390 945 2483 998 τοῦ
2524 946 2579 998 δὲ
2612 946 2859 1015 δευτέρου
2886 938 3180 1008 τελευταῖος
3208 941 3274 1014 ἦν
3306 948 3334 997 6
3366 944 3499 1015 μετὰ
3531 945 3714 1013 χεῖρας
3744 942 3941 1011 ὁμοίως

2392 1039 2482 1089 ἐπὶ
2512 1039 2589 1105 τῷ
2636 1038 2779 1089 τέλει
2829 1038 3028 1104 λέγων·
3088 1057 3106 1087 ‹
3156 1036 3453 1104 Εὐλογητὸς
3492 1034 3691 1105 Κύριος
3733 1036 3761 1087 6
3810 1032 3941 1096 Θεὸς

2404 1128 2617 1198 Ἰσραὴλ
2661 1129 2689 1180 6
2723 1127 2886 1179 ποιῶν
2919 1128 3187 1197 θαυμάσια
3231 1127 3405 1197 μόνος.
3434 1127 3543 1178 Καὶ
3570 1122 3850 1193 εὐλογητὸν
3880 1121 3944 1173 τὸ

2393 1219 2559 1289 ὄνομα
2589 1220 2686 1289 τῆς
2716 1218 2869 1287 δόξης
2900 1218 3080 1279 αὐτοῦ,
3125 1238 3143 1269 ι
3194 1220 3283 1271 καὶ
3314 1218 3379 1271 τὰ
3423 1218 3545 1287 ἑξῆς
3565 1235 3577 1247 ·
3608 1215 3699 1268 τοῦ
3738 1215 3794 1267 δὲ
3822 1212 3943 1285 τρεέ-

2392 1326 2485 1361 του
2538 1296 2733 1380 μέρους
2780 1310 3079 1372 τελευταῖος
3127 1312 3154 1362 6
3203 1315 3291 1379 πη¹
3343 1308 3631 1379 τυγχάνει,ι
3664 1300 3728 1359 οὗ
3758 1304 3939 1367 τέλος·

2399 1418 2417 1451 ‹
2453 1400 2751 1472 Εὐλογητὸς
2772 1402 2969 1472 Κύριος
3003 1403 3083 1463 είς
3106 1401 3195 1453 τὸν
3220 1399 3403 1452 αιῶνα·
3432 1395 3653 1469 γένοιτο,
3678 1396 3936 1465 γένοιτο.»

2406 1491 2630 1560 Ὁμοίως
2657 1490 2713 1542 δὲ
2742 1492 2833 1543 καὶ⁵
2867 1490 2960 1543 τοῦ
2992 1490 3247 1561 τετάρτου
3280 1490 3472 1561 μέρους
3508 1489 3807 1565 τελευταῖος
3841 1484 3941 1555 μὲν

2395 1580 2539 1634 ἔστιν
2568 1584 2596 1633 6
2621 1588 2715 1652 pe',
2745 1580 2893 1644 τέλος
2922 1581 2978 1633 δὲ
3021 1581 3206 1633 τούτου
3230 1599 3241 1611 ·
3283 1599 3300 1630 ι
3341 1580 3640 1648 Εὐλογητὸς
3671 1577 3871 1647 Κύριος
3912 1577 3943 1628 6

2389 1671 2524 1733 Θεὸς
2562 1670 2771 1742 Ἰσραὴλ
2802 1672 2906 1736 ἀπὸ
2948 1670 3040 1723 τοῦ
3085 1670 3276 1733 αἰῶνος
3317 1670 3409 1723 καὶ¹
3456 1671 3559 1733 ἓως
3590 1667 3682 1722 τοῦ
3727 1667 3940 1729 αἰῶνος,

2398 1761 2487 1812 καὶ
2520 1760 2637 1831 ἐρεῖ
2666 1762 2770 1823 πᾶς
2796 1763 2823 1813 6
2850 1760 2993 1821 λαός·
3016 1760 3251 1823 Γένοιτο,
3285 1760 3509 1827 γένοιτο.
3553 1778 3570 1810 ι
3604 1759 3679 1812 Τὸ
3718 1758 3775 1811 δὲ
3802 1757 3945 1827 πέμ·
3982 1798 3985 1801 -

2398 1867 2527 1903 πτον
2557 1850 2717 1921 μέρος
2744 1852 2820 1913 είς
2842 1850 2899 1903 τὸ
2932 1869 2948 1900 ι
2987 1849 3271 1920 ἀλληλούῐα
3308 1870 3326 1899 ι
3361 1847 3671 1925 καταλήγει,
3704 1849 3761 1901 ὲν
3782 1840 3827 1914 ᾧ
3850 1844 3947 1899 καὶ

2395 1941 2543 1992 πᾶσα
2582 1939 3009 2010 περιγέγραπται
3044 1942 3075 2008 ή
3116 1938 3312 2008 βίϐλος.
3352 1937 3502 2008 ’Πλὴν
3540 1940 3567 1990 6
3593 1934 3777 2007 παρὼν
3807 1932 3948 2005 μετὰ

2392 2031 2489 2099 τὴν
2516 2031 2927 2100 προεκτεθεῖσαν
2960 2028 3197 2100 περὶτοῦ
3236 2030 3465 2100 Χριστοῦ
3490 2028 3792 2099 πρόρρησιν
3825 2026 3945 2078 ἐπι-

2395 2120 2555 2192 φέρει
2574 2122 2652 2172 τό·
2687 2140 2705 2173 ‹
2738 2120 3036 2191 Εὐλογητὸς
3068 2120 3265 2191 Κύριος
3296 2123 3324 2172 6
3351 2120 3480 2182 Θεὸς
3522 2117 3753 2190 Ἰσραὴλ,
3786 2133 3807 2167 ι
3847 2114 3945 2169 καὶ

2394 2210 2711 2280 προστίθησι
2740 2212 2819 2272 τὸ,
2857 2229 2875 2260 ‹
2905 2213 2933 2263 6
2977 2210 3139 2263 ποιῶν
3167 2209 3437 2278 θαυμάσια
3469 2208 3644 2279 μόνος.
3674 2227 3693 2259 ι
3731 2206 3864 2261 Ποῖα
3886 2203 3943 2257 66

2394 2300 2685 2370 θαυμάσια,
2714 2300 2746 2371 ἢ
2783 2300 2849 2353 τὰ
2878 2300 3232 2370 προλεχθέντα
3258 2303 3314 2352 ὲν
3335 2294 3415 2361 οἷς
3452 2295 3518 2367 ἦν
3550 2299 3612 2351 τὸ
3632 2294 3949 2371 «καταϐήσε-

2398 2391 2515 2443 σθαι
2543 2391 2700 2443 αὐτὸν
2740 2391 2831 2444 ἐπὶ
2869 2391 3029 2443 πόκον
3060 2390 3133 2460 ὠς
3171 2388 3342 2451 ὑετὸν,
3389 2389 3480 2440 καὶ
3511 2387 3572 2439 τό
3610 2384 3946 2457 ταπεινῶσαι

2398 2480 2754 2550 συκοφάντην,
2793 2480 2885 2533 καὶ
2933 2480 2993 2533 τὸ
3034 2480 3475 2549 συμπαραμενείν
3521 2477 3595 2547 τῷ
3635 2476 3803 2547 ήλίῳ·
3851 2473 3947 2527 καὶ

2390 2570 2454 2622 τὸ
2482 2572 2537 2622 ὲν
2563 2572 2679 2631 ταῖς
2708 2569 2940 2640 ἡμέραις
2966 2567 3126 2621 αὐτοῦ
3154 2567 3427 2620 άνατελεῖν
3459 2564 3819 2632 δικαιοσύνην,
3852 2561 3948 2615 καὶ

2394 2663 2452 2715 τὸ
2485 2661 2929 2733 κατακυριεύσειν
2961 2661 3118 2712 αὐτὸν
3164 2660 3270 2713 ἀπὸ
3302 2657 3574 2728 θαλάσσης
3594 2678 3595 2681 η
3616 2657 3718 2718 ἕως
3744 2654 3947 2711 θαλάσ-

2397 2766 2495 2823 σης
2517 2738 2532 2784 ἕ
2558 2756 2679 2815 τοὺς
2707 2752 2964 2814 Αἰθίοπας
2991 2750 3310 2821 προπίπτειν
3332 2748 3555 2831 ἐνώπιον
3582 2746 3744 2800 αὐτοῦ
3764 2763 3778 2776 ·
3802 2741 3949 2815 δῶρά

2392 2859 2452 2895 τε
2483 2841 2645 2911 αὐτῷ
2687 2840 3151 2911 προσαχθήσεσθαι
3196 2839 3255 2904 ἐξ
3296 2838 3549 2891 ἁπάντων
3588 2837 3694 2889 τῶν
3742 2833 3941 2888 ἐθνῶν·

2395 2933 2529 2987 ἀλλὰ
2566 2935 2654 2986 καὶ
2693 2934 2751 2985 τὸ
2789 2926 3057 3002 στήριγμα
3088 2934 3245 2984 αὑτὸν
3288 2932 3343 2982 ὲν
3374 2931 3438 2999 τῇ
3485 2930 3553 2997 γῇ
3601 2924 3943 2997 γενήσεσθαι,

2395 3025 2489 3078 καὶ
2516 3024 2604 3076 τὸν
2627 3023 2836 3094 καρπὸν
2869 3020 3031 3073 αὐτοῦ
3060 3020 3197 3091 ὑπὲρ
3228 3019 3316 3071 τὸν
3348 3018 3571 3070 Λίϐανον
3597 3016 3946 3089 ἀρθήσεσθαι.

2394 3115 2487 3169 καὶ
2527 3116 2624 3168 ὅσα
2672 3114 2803 3167 ἄλλα
2843 3113 3048 3174 τούτοις
3092 3110 3216 3181 ὲξῆς
3260 3108 3699 3179 κατηρίθμηταις
3746 3102 3950 3176 ἐφ’νοῖς

2397 3210 2527 3261 πᾶσι
2557 3205 2914 3277 διδασκόμεθα
2935 3204 3107 3273 λέγειν
3125 3220 3139 3234 ο
3168 3222 3186 3253 ι
3204 3201 3509 3273 Εὐλογητὸς
3538 3199 3739 3270 Κύριος
3765 3203 3793 3253 6
3817 3199 3950 3261 Θεὸς

749 3289 879 3361 facit
908 3292 1172 3346 mirabilia
1205 3295 1370 3348 solus.
1404 3294 1465 3347 Et
1511 3297 1852 3352 benedictum
1893 3313 2086 3352 nomen
2113 3297 2297 3367 gloriae
2324 3290 2364 3345 C
2395 3302 2445 3352 -Ἰ

2252 3314 2297 3352 ιε
2324 3290 2364 3345 C
2395 3297 2620 3369 -Ἰσραὴλ
2642 3298 2670 3349 6
2708 3295 2874 3369 ποιῶν
2907 3295 3181 3364 θαυμάσια
3214 3294 3387 3363 μόνος.
3427 3291 3535 3344 Καὶ
3566 3289 3852 3359 εὐλογητὸν
3890 3290 3950 3341 τὸ

752 3382 869 3450 ejus
916 3382 971 3435 in
1002 3390 1279 3443 aeternum.
1311 3404 1329 3437 ι
1365 3385 1571 3441 Nomen
1600 3394 1778 3441 autem
1822 3388 2006 3457 gloriae
2044 3391 2161 3459 ejus
2214 3399 2296 3445 est

750 3470 922 3543 deitas
950 3473 1084 3542 ejus.
1116 3472 1172 3528 Si
1204 3475 1345 3529 enim
1380 3476 1523 3545 quod
1550 3485 1735 3531 natum
1762 3485 1845 3542 est
1882 3494 1942 3533 ex
1981 3478 2298 3533 sanctaV'ir-

748 3562 899 3633 gine,
930 3564 1056 3619 Iesu
1082 3550 1302 3619 nomine
1330 3565 1605 3636 dignatum
1628 3578 1709 3624 est
1739 3554 2038 3624 secundum
2073 3569 2301 3647 Gabrie-_

746 3651 992 3720 Iem,qui
1033 3652 1107 3704 ait
1148 3652 1215 3705 ad
1232 3651 1466 3721 Ioseph:
1514 3672 1533 3704 ‹
1571 3653 1635 3706 Et.
1688 3656 1859 3725 pariet
1900 3656 2092 3720 tilium,
2118 3664 2171 3712 et
2196 3675 2294 3711 vo-

746 3741 900 3795 cabis
929 3756 1126 3796 nomen
1159 3742 1277 3811 ejus
1322 3740 1504 3796 Iesum
1539 3762 1550 3795 :
1577 3743 1692 3813 ipse
1718 3746 1859 3797 enim
1882 3744 2109 3799 salvum
2139 3745 2296 3799 faciet

747 3830 1005 3899 populum
1029 3845 1185 3884 suum
1220 3846 1249 3883 a
1274 3832 1508 3901 peccatis
1534 3846 1717 3885 eorum
1742 3834 1818 3899 7°;
1851 3853 1867 3884 ι
1900 3833 2027 3887 hinc
2055 3824 2297 3903 sequitur

752 3934 949 3973 nomen
979 3920 1162 3990 gloria:
1179 3918 1319 3989 ejus,
1346 3921 1719 3990 accipiendum
1768 3938 1889 3978 esse
1932 3923 1998 3978 de
2030 3924 2296 3993 theologia

750 4011 945 4080 ipsius,
976 4026 1080 4078 qua
1111 4010 1251 4067 Deus
1273 4010 1505 4065 Verbum
1523 4015 1902 4083 etunigenitus
1923 4014 2081 4081 Deus,
2098 4016 2186 4085 qui
2214 4022 2297 4069 est

750 4100 809 4152 in
838 4099 959 4153 sinu
984 4098 1183 4164 Patris,
1211 4101 1548 4171 intelligitur.
1585 4103 1763 4169 Quare
1780 4106 1975 4158 dehinc
2006 4107 2293 4174 adjicitur:

752 4210 779 4244 ί
799 4193 863 4245 Et
886 4192 1183 4260 replebitur
1215 4193 1384 4263 gloria
1414 4196 1532 4262 ejus
1553 4197 1729 4249 omnis
1765 4205 1927 4251 terra.
1951 4216 1968 4247 ι
2009 4197 2137 4250 Nam
2170 4198 2293 4251 olim

750 4283 968 4354 quidem
1004 4302 1023 4335 ι
1050 4285 1105 4338 in
1133 4284 1336 4359 mundo
1372 4293 1487 4340 erat
1514 4294 1566 4342 et
1596 4288 1845 4342 mundus
1872 4304 1966 4357 per
1998 4289 2171 4357 ipsum
2215 4289 2296 4342 fa-

752 4384 873 4428 ctus
893 4366 996 4445 est,
1015 4380 1066 4427 et
1096 4374 1328 4428 mundus
1356 4390 1476 4429 eum
1500 4391 1603 4429 non
1639 4378 1889 4445 cognovit
1910 4378 1971 4428 τί.
1990 4397 2006 4428 ι
2034 4376 2297 4441 Quoniam

751 4479 880 4517 vero
906 4443 1171 4519 ηδ’διιᾱιεί
1189 4465 1424 4533 quidem,
1463 4466 1617 4535 queis
1646 4443 1795 4519 tanta
1835 4468 2072 4536 prodigia
2115 4476 2297 4523 osten-

755 4552 1291 4623 clerat,cognitionem
1314 4558 1432 4624 ejus
1460 4555 1811 4625 recipiebant,
1833 4558 1954 4625 jure
1977 4558 2043 4612 ad
2063 4558 2296 4630 Moysem

2396 3390 2565 3459 ὄνομα
2604 3386 2700 3456 τῆς
2738 3385 2893 3453 δόξης
2923 3381 3085 3437 αὐτοῦ
3126 3384 3204 3445 εἰς
3249 3383 3337 3434 τὸν
3376 3381 3563 3432 αἰῶνα.
3598 3398 3618 3430 ι
3659 3379 3864 3450 ὀνομα
3893 3376 3950 3429 66

2398 3476 2553 3545 δόξης
2578 3474 2739 3527 αὐτοῦ
2768 3476 2801 3543 ἡ
2837 3472 3026 3541 θεότης
3053 3468 3213 3524 αὐτοῦ
3239 3468 3489 3539 τυγχάνει
3512 3485 3524 3497 ο
3552 3469 3598 3519 εί
3624 3466 3731 3540 γὰρ
3761 3467 3822 3520 τὸ
3846 3464 3955 3519 ὐπὸ

2394 3566 2498 3636 τῆς
2527 3566 2684 3633 ἁγίας
2723 3562 2995 3633 Παρθένου
3036 3561 3392 3631 γεγενημένον
3425 3560 3683 3630 ὀνόματος
3724 3556 3950 3626 ἠξίωται

2398 3658 2491 3711 τοῦ
2530 3653 2701 3725 Ἰησοῦ
2730 3653 2867 3708 κατὰ
2895 3652 2984 3705 τὸν
3011 3651 3249 3722 Γαϐριὴλ
3270 3651 3515 3721 φήσαντα
3548 3649 3682 3721 πρὸς
3707 3648 3798 3701 τὸν
3838 3648 3952 3699 Ἰω-

2403 3748 2508 3816 σήφ
2532 3765 2544 3775 ⁸
2586 3764 2603 3797 ι
2645 3746 2754 3798 Καὶ
2787 3744 2995 3809 τέξεται
3019 3744 3151 3806 υἱὸν,
3180 3743 3271 3795 καὶ
3305 3741 3546 3803 καλέσεις
3570 3739 3630 3792 τὸ
3660 3739 3835 3807 ὄνομα
3863 3735 3965 3811 αὐτ

2400 3836 2492 3888 τοῦ
2530 3833 2764 3904 Ἰησοῦν·
2808 3832 2966 3894 αὐτὸς
3004 3830 3110 3901 γὰρ
3145 3828 3303 3882 σώσει
3345 3831 3435 3882 τὸν
3476 3829 3603 3881 λαὸν
3641 3825 3800 3879 αὐτοῦ
3842 3822 3952 3878 ἀπὸ

2397 3908 2505 3979 τῶν
2533 3922 2808 3995 ἁμαρτιῶν
2838 3922 3000 3976 αὐτοῦ
3025 3939 3037 3951 ·
3071 3940 3089 3973 ι
3131 3919 3417 3975 ἀκόλουθόν
3438 3915 3557 3979 ἑστι
3584 3918 3645 3970 τὸ
3665 3917 3763 3987 τῆς
3784 3915 3951 3985 δόξης

2401 4016 2561 4069 αὐτοῦ
2589 4017 2757 4085 ὄνομα
2787 4016 2885 4084 τὴν
2928 4016 3055 4085 περὶ
3103 4011 3264 4068 αὐτοῦ
3295 4010 3529 4064 νοεῖσθαι
3560 4008 3849 4076 θεολογίαν,
3882 4004 3951 4059 διῗ

2399 4103 2465 4177 ἧς
2493 4107 2621 4169 Θεὸς
2654 4106 2821 4173 Λόγος
2844 4106 2937 4158 καὶ
2967 4102 3255 4175 μονογενὴς
3292 4102 3423 4164 Θεὸς
3448 4104 3476 4155 6
3509 4101 3582 4152 ὢν
3612 4102 3690 4163 είς
3714 4099 3805 4152 τὸν
3830 4098 3953 4151 κόλο-

2402 4216 2499 4251 πον
2529 4197 2621 4251 τοῦ
2656 4197 2865 4268 Πατρὸς
2896 4198 3263 4266 ἐπινενόηται·
3304 4181 3423 4247 ὅθεν
3454 4191 3760 4259 ὲπιλέγεται
3789 4189 3948 4260 ἐξῆςο

2406 4307 2423 4339 ι
2466 4290 2571 4342 Καὶ
2596 4288 3001 4359 πληρωθήσεται
3024 4287 3123 4357 τῆς
3156 4288 3312 4357 δόξης
3336 4284 3494 4339 αὐτοῦ
3540 4286 3688 4336 πᾶσα
3721 4283 3754 4352 ή
3794 4281 3884 4350 γῆ.
3926 4296 3945 4329 ι

2403 4379 2571 4432 Πάλαι
2599 4381 2693 4448 μὲν
2715 4379 2820 4449 γὰρ
2846 4382 2903 4431 ὲν
2926 4378 3002 4448 τῷ
3030 4378 3215 4449 κόσμῳ
3242 4372 3330 4448 ἦν,
3362 4375 3455 4429 καὶ
3478 4377 3505 4426 6
3537 4375 3737 4443 κόσμος
3759 4371 3825 4425 δι’
3851 4372 3949 4423 αὐ-

2402 4470 2493 4523 τοῦ
2536 4470 2766 4537 ἐγένετο,
2799 4469 2893 4522 καὶ
2939 4471 2967 4520 6
3008 4471 3209 4539 κόσμος
3247 4468 3409 4521 αὐτὸν
3454 4466 3554 4517 οὐκ
3593 4464 3751 4531 ἔγνω.
3786 4481 3807 4513 ι
3841 4464 3951 4516 Καὶ

2403 4557 2522 4611 ἐπεὶ
2570 4556 2699 4627 μηδὲ
2735 4556 2966 4609 Ἰουδαῖοι
3002 4552 3082 4619 οἷς
3121 4556 3384 4617 τοσαύτας
3410 4551 3701 4615 ἐνεδείξατο
3739 4550 3952 4619 θαυμαι

751 4641 886 4695 dicit
918 4657 931 4691 ι
965 4662 982 4692 ι
1014 4643 1151 4700 Sine.
1176 4662 1278 4709 me,
1308 4656 1361 4700 et
1396 4648 1473 4700 ira
1508 4662 1768 4701 accensus
1794 4654 2066 4701 conteram
2110 4664 2223 4714 eos,
2246 4658 2300 4702 et
2332 4635 2374 4688 Ῑ)
2402 4666 2449 4700 τι

2253 4658 2300 4702 et
2332 4635 2374 4688 Ῑ)
2402 4648 2652 4719 τουργίας
2702 4645 3056 4716 παρεδέξαντο
3111 4647 3208 4715 τὴν
3254 4643 3451 4717 γνῶσιν
3503 4640 3684 4703 αὑτοῦ,
3734 4642 3951 4704 εἰκότως

757 4733 950 4786 faciam
976 4743 1027 4788 te
1063 4737 1119 4789 in
1170 4748 1379 4807 gentem
1434 4753 1680 4807 magnam
1705 4742 1779 4805 ";
1814 4758 1833 4791 ›
1867 4747 2027 4809 atque
2075 4740 2298 4793 subdit:

757 4843 785 4873 c
824 4821 964 4877 Vivit
986 4842 1178 4880 nomen
1197 4842 1371 4880 meum
1396 4831 1521 4896 quia
1537 4831 1829 4902 replebitur
1850 4826 2018 4899 gleria
2045 4845 2162 4883 mea
2182 4833 2302 4883 uni—

754 4929 916 4970 versa
938 4920 1083 4970 terra
1104 4917 1555 4983 "—“JQuamvis
1579 4920 1720 4973 enim
1751 4921 1827 4983 hi,
1853 4921 2045 4989 inquit,
2078 4920 2301 4989 gloriam

756 5017 930 5059 meam
961 5001 1265 5071 depellant;
1289 5006 1383 5060 sed
1422 5004 1607 5071 futuro
1636 5007 1865 5073 quedam
1899 5017 2134 5076 tempore
2158 5013 2303 5062 totus

759 5094 907 5148 orbis
931 5093 1221 5163 replebitur
1251 5097 1420 5165 gloria
1475 5111 1613 5150 mea.
1673 5094 1824 5160 Quod
1854 5098 1906 5151 in
1941 5099 2188 5167 prazsenti
2213 5096 2305 5149 do-

757 5193 911 5240 cetur
932 5186 1017 5241 bis
1059 5185 1284 5239 verbis:
1319 5206 1335 5237 ι
1364 5187 1430 5239 Et
1480 5186 1773 5256 replebitur
1802 5187 1971 5255 gloria
2020 5189 2142 5257 ejus
2181 5188 2313 5242 uni-7

760 5289 917 5329 versa
942 5284 1106 5330 terra.
1137 5295 1158 5315 ε
1200 5273 1351 5340 Quod
1382 5275 1556 5346 ipsum
1615 5272 1781 5346 Isaias
1828 5278 2169 5333 vaticinando
2194 5279 2302 5332 -de-

761 5360 1022 5425 clarabat,
1048 5362 1233 5418 dicens
1263 5364 1530 5432 seraphim
1568 5366 1709 5418 circa
1758 5364 2040 5421 Dominum
2064 5366 2303 5422 Sabaoth

762 5452 998 5505 clamare
1044 5441 1331 5508 ac'dicere
1359 5468 1372 5505 :
1404 5469 1421 5502 ι
1456 5451 1720 5520 Sanctus,
1773 5464 1991 5511 sanctus
2018 5497 2032 5521 ,
2082 5460 2303 5531 sanctus

764 5537 1023 5594 Dominus
1084 5537 1317 5595 Sabaoth
1350 5560 1363 5595 :
1396 5543 1549 5612 plena
1598 5549 1677 5599 est
1724 5546 1899 5601 omnis
1949 5553 2093 5621 terra
2138 5546 2307 5615 gloria

763 5627 883 5696 ejus
906 5629 971 5683 ".
1005 5647 1024 5681 ι
1089 5626 1433 5688 Verumth
1462 5620 1679 5704 quidem
1711 5632 1838 5690 oliui
1890 5650 1953 5690 ex
1974 5620 2306 5707 prescientia

2398 4740 2528 4809 φησι
2555 4739 2685 4809 πρὸς
2717 4738 2985 4807 Mosa-av-
3022 4755 3040 4786 ‹
3074 4736 3269 4789 Ἔασόν
3295 4752 3380 4805 με,
3406 4736 3498 4789 καὶ
3517 4730 3785 4802 θυμωθεὶς
3813 4730 3948 4800 ὀργῇ

2398 4830 2635 4899 ὲκτρίψω
2676 4830 2888 4899 αὐτοὺς,
2929 4828 3018 4881 καὶ
3050 4828 3257 4899 ποιήσω
3301 4844 3359 4879 σε
3401 4829 3479 4888 είς
3509 4823 3657 4885 ἔθνος
3712 4822 3880 4890 μέγα·
3924 4843 3944 4873 ν

2398 4898 2789 4985 κειιίὲπιλέγει⁴
2828 4936 2846 4968 ι
2880 4912 2951 4989 Ζῇ
2986 4918 3044 4970 τὸ
3074 4898 3242 4987 δνομά
3277 4932 3398 4986 μου,
3426 4914 3510 4969 ὅτι
3540 4910 3947 4983 πληρωθήσεται

2399 5009 2498 5078 τῆς
2529 5008 2683 5078 δόξης
2712 5025 2809 5079 μου
2843 5010 2989 5061 πᾶσα
3018 5010 3051 5078 ἡ
3088 5009 3177 5079 γῆ.
3213 5026 3230 5058 ι
3269 5006 3331 5058 Et
3364 5003 3472 5073 γάρ
3502 5002 3595 5055 καὶ
3626 5002 3691 5054 τὰ
3721 5002 3949 5071 μάλιστα

2401 5094 2565 5160 οὗτοι,
2584 5099 2734 5167 φησὶ,
2754 5091 3121 5170 παρωθοῦνται
3143 5098 3237 5166 τὴν
3266 5095 3400 5165 ἐμὴν
3420 5093 3594 5158 δόξαν,
3619 5094 3749 5147 ἀλλὰ
3774 5092 3947 5163 καιρῷ

2400 5207 2504 5243 τινι
2542 5189 2948 5259 πληρωθήσεται
2976 5192 3010 5258 ή
3043 5187 3329 5256 οἰκουμένη
3352 5180 3521 5239 ’πᾶσα
3558 5187 3653 5255 τῆς
3685 5187 3822 5257 ὲμῆς
3864 5185 3946 5237 δό-

2405 5278 2518 5348 ξης.
2572 5279 2637 5331 '0
2679 5279 2743 5349 δὴ
2788 5281 2880 5332 καὶ
2910 5277 2970 5329 τὸ
3022 5276 3190 5347 παρὸν
3227 5276 3402 5345 λόγιον
3448 5278 3685 5331 διδάσκει
3734 5280 3943 5347 φῆσαν·

2409 5388 2428 5419 ι
2469 5370 2578 5422 Καὶ
2611 5368 3016 5440 πληρωθήσεται
3042 5367 3143 5437 τῆς
3172 5364 3328 5437 δόξης
3360 5368 3519 5421 αὐτοῦ
3556 5369 3701 5420 πᾶσα
3734 5370 3771 5437 ή
3794 5365 3887 5433 γῆ.
3922 5382 3941 5415 ι

2407 5458 2573 5511 Τοῦτο
2598 5460 2687 5540 καὶ
2724 5457 2962 5520 Ἡσαΐας·
2990 5452 3218 5540 παρίστη
3265 5458 3529 5523 θεσπίζων
3572 5459 3640 5511 τά
3682 5455 3945 5539 σεραφεὶμ

2377 5530 2706 5601 ’κηλοῦντα
2736 5546 2826 5599 τὸν
2870 5530 3075 5627 Κύριον
3110 5547 3332 5600 Σαϐαὼθ
3382 5548 3587 5617 poem
3626 5564 3685 5598 τε
3722 5536 3814 5599 καὶ
3844 5532 3949 5599 ’λέ-

2410 5653 2601 5705 γοντα·
2639 5655 2658 5694 ι
2692 5638 2897 5704 Ἄγιος,
2928 5637 3097 5707 ἅγιος,
3127 5638 3279 5707 ἅγιος
3300 5638 3500 5707 Κύριος
3523 5633 3775 5691 Σαϐαώθο
3816 5634 3947 5707 πλήιι

836 5782 885 5857 '9
916 5782 1266 5850 Matth.i,21.
1342 5746 1756 5856 “:Joan.t,10..
1828 5752 2366 5856 ἓιειοωιιιῌο.
2429 5788 3002 5853 ⁷³⁷⁵Νιιω.ιιν,91.
3076 5768 3430 5853 θείεινιά

3787 466 3935 527 τηρ
4046 498 4053 501 .
