4300 6406
273 488 368 547 821

1343 492 1840 548 COMMENTAREA
1869 494 1934 547 IN
1969 495 2303 553 PSALHOS.

3354 487 3459 546 822

203 654 209 663 ,
279 621 374 677 ρης
404 605 607 675 πᾶσαῆ
644 587 711 675 ἦνῆ
756 605 851 675 τῆς
878 605 1031 674 δόξης
1061 604 1243 658 αὐτοῦ.
1278 622 1295 655 ι
1343 605 1497 657 Ἀλλά
1517 606 1687 661 ταῦτα
1718 609 1814 677 μὲν
1844 620 1884 675 Α

1760 609 1814 660 ἐν
1844 620 1884 675 Α
1912 608 2091 663 divina
2112 608 2617 679 praenuntiabantur
2646 626 2662 682 ε,
2693 622 2855 678 opere
2901 616 3079 662 autem
3120 605 3458 676 compleban-

274 696 427 765 θεῑκῇ
467 694 764 765 προγνώσει
790 693 1096 756 ἐθεσπίζετο
1123 693 1287 747 πάλαι
1312 711 1325 724 ·
1360 694 1537 765 ἔργοις
1575 696 1629 748 δὲ
1656 696 1819 767 ἐπλη-

236 852 243 857 ο
276 780 433 852 ροῦτο
465 782 725 852 πρότερον
752 784 785 850 ἢ
818 782 907 834 τὸν
940 782 1164 852 Σωτῆρα
1192 782 1285 834 καὶ
1317 782 1514 853 Κύριον
1540 785 1692 853 ἡμῶν
1716 786 1819 853 ’1η-

279 868 404 922 σοῦν
444 869 533 921 τὸν
565 870 792 940 Χριστὸν
819 870 897 940 τῷ
938 869 1041 921 τῶν
1073 870 1369 941 ἀνθρώπων
1401 872 1699 941 ἐπιλάμψαι
1731 872 1820 940 γέ-

275 975 395 1011 νει’
440 958 544 1010 ἰδοὺ
581 960 687 1030 γὰρ
727 961 844 1012 καθ’
889 962 1031 1030 ἡμᾶς
1059 962 1251 1024 αὐτοὺς
1291 963 1684 1035 ἀνατέτραπται
1724 965 1819 1033 μὲν

278 1049 427 1101 πᾶσα
447 1047 723 1125 δαιμονικὴ
748 1050 916 1119 πλάνη
934 1068 947 1080 ·
972 1049 1291 1120 πεπλήρωκε
1312 1052 1367 1104 δὲ
1392 1051 1486 1122 τὴν
1506 1054 1821 1124 οἰκουμένην

280 1134 494 1186 ἃπασαν
526 1136 558 1203 ἡ
594 1134 881 1204 Ἐκκλησία
929 1139 1181 1207 Χριστοῦ,
1222 1140 1311 1191 τὸν
1350 1140 1478 1192 Θεὸν
1521 1142 1731 1212 Ἰσραὴλ
1766 1146 1822 1194 ἐν

281 1223 427 1291 πάσῃ
476 1225 541 1291 τῇ
587 1225 654 1292 γῇ
701 1222 1009 1288 δοξάζουσα.
1063 1226 1172 1279 Καὶ
1214 1228 1513 1299 ἐπειδήπερ
1548 1230 1715 1309 ταῦτα⁵
1764 1231 1823 1283 τὸ

282 1311 503 1389 Πνεῦμα
530 1313 587 1365 τὸ
621 1314 771 1380 ἆγιον
791 1317 1138 1385 προφητικῶς
1166 1318 1424 1387 μέλλοντα
1454 1319 1667 1373 ἔσεσθαι
1692 1338 1825 1391 προ-

279 1402 557 1472 ανεφώνει,
573 1405 725 1476 χορὸς
737 1406 976 1473 ἀγγέλων
994 1408 1252 1462 ὑπακούει
1270 1410 1345 1480 (1)
1366 1412 1743 1482 συνευχόμενος
1756 1417 1821 1483 τῇ

282 1496 385 1550 τῶν
420 1496 753 1567 πραγμάτων
781 1498 1072 1564 τελειώσει,
1102 1501 1450 1570 πιστούμενός
1475 1518 1532 1553 τε
1568 1503 1706 1555 αὑτά
1732 1503 1825 1555 καὶ

280 1585 470 1654 λέγων’
519 1605 538 1637 ι
578 1588 616 1639 Γ
620 1588 808 1651 ένοιτο,
843 1590 1082 1657 γένοιτοο
1122 1610 1139 1643 ι
1186 1591 1218 1660 ἢ
1263 1590 1403 1643 κατά
1440 1592 1528 1644 τὸν
1578 1592 1822 1657 Ἀκύλαν,

285 1692 306 1727 ι
340 1676 779 1745 πεπιστωμένως,
810 1679 1252 1747 πεπιστωμένως,
1292 1698 1309 1729 ι
1341 1680 1374 1748 ἢ
1400 1680 1538 1732 κατὰ
1564 1680 1653 1732 τὸν
1678 1680 1825 1751 Σύμ-

286 1780 485 1834 μαχον
524 1784 542 1817 ‹
588 1767 752 1836 Ἀμὴν
793 1769 883 1820 καὶ
927 1770 1071 1837 ἀμήν
1094 1785 1109 1799 ο
1142 1787 1160 1818 ι
1197 1763 1275 1831 οἷς
1322 1768 1444 1838 ἑξῆς
1480 1769 1781 1838 ἐπιλέγεται
1808 1788 1821 1800 ο

288 1870 308 1904 ι
353 1852 620 1918 Ἐξέλιπον
662 1856 816 1926 ὕμνοι
873 1855 1033 1909 Δαυτδ
1071 1856 1163 1909 τοῦ
1207 1857 1321 1909 υἱοῦ
1359 1858 1568 1912 Ἰεσσαί.
1620 1878 1637 1910 ι
1688 1844 1825 1913 Ἀνθ’

280 1936 340 1995 οὗ
380 1942 408 1994 ὁ
439 1943 537 2013 μὲν
568 1943 857 2015 Σύμμαχος
884 1947 1224 2016 ἡρμήνευσεν
1250 1965 1262 1975 ·
1307 1965 1325 1998 ‹
1375 1949 1825 2019 Ἐπετελέσθησαν

283 2034 580 2103 προσευχαὶ
612 2034 770 2087 Δαυῒδ
807 2036 921 2088 υἱοῦ
968 2037 1159 2089 Ἰεσσαί
1186 2052 1197 2065 ·
1228 2056 1246 2088 ι
1274 2040 1302 2090 6
1330 2038 1386 2091 δὲ
1421 2038 1705 2092 Θεοδοντίων
1734 2043 1825 2094 καὶ

281 2120 315 2191 ἠ
350 2122 569 2194 πέμπτη
601 2124 838 2188 ἐκδοσις·
877 2145 895 2177 ι
940 2127 1502 2200 Ἀνεκεφαλαιὼθησαν
1534 2133 1824 2202 προσευχαὶ

279 2212 438 2265 Δαυῒδ
470 2214 583 2266 υἱοῦ
623 2216 832 2268 Ἰεσσαί.
872 2236 888 2265 ι
937 2219 996 2269 Οἱ
1029 2218 1125 2286 μὲν
1156 2215 1246 2271 οὖν
1279 2220 1492 2291 ἄπειροι
1537 2221 1635 2290 τῆς
1674 2223 1825 2292 ἀκρι-

281 2300 431 2365 ϐείας
453 2302 546 2355 τοῦ
575 2304 990 2376 ἀναγνώσματος
1013 2307 1108 2376 οὐχ
1146 2307 1220 2371 ὠς
1249 2310 1410 2379 μέρος
1437 2310 1669 2363 τοῦδλου
1694 2310 1825 2379 ψαλ-

285 2392 385 2461 μοῦ
434 2385 742 2464 ἐξειλήφασι
780 2396 860 2459 τὸ,
901 2391 928 2447 ’‹
981 2398 1251 2471 Ἐξέλιπρν
1301 2398 1457 2468 ὕμνοι
1504 2402 1663 2455 Δαυῒδ
1709 2402 1822 2454 υἱοῦ

294 2480 515 2536 Ἰεσσαί·
551 2502 571 2535 ι
617 2483 729 2537 ἀλλ’
761 2485 835 2548 ὡς
866 2484 1060 2550 ἔξωθεν
1088 2488 1545 2560 τῆςλπροφητείαος
1586 2508 1825 2561 παραγε-

282 2571 594 2641 γραμμένον
620 2572 942 2639 ἀνέγνωσαν.
971 2576 1036 2627 Δί
1058 2576 1115 2628 δὲ
1147 2575 1323 2629 λοιπαὶ
1356 2580 1631 2649 ἑρμηνεῖαι
1674 2582 1766 2631 ml.
1791 2582 1822 2648 ή

295 2658 553 2730 Ἐϐραῖκή
593 2662 773 2731 γραφὴ
818 2662 1001 2731 σαφῶς
1044 2664 1391 2736 παρίστησιν,
1430 2668 1509 2718 ὅτι
1540 2668 1823 2727 καὶταῦτα

284 2747 447 2817 μέρος
479 2750 730 2816 τυγχάνει
757 2749 848 2801 τοῦ
878 2752 996 2803 ὅλου
1023 2752 1251 2821 ψαλμοῦ.
1290 2754 1502 2825 Ἐπειδὴ
1536 2756 1642 2825 γὰρ
1662 2756 1824 2810 Δαυῒδ

281 2836 313 2889 ὁ
335 2835 581 2904 βασιλεὺς
617 2840 673 2890 ἐν
706 2844 1025 2911 προσευχαῖς
1057 2830 1258 2894 ἐτίθετο
1292 2845 1375 2897 ἀεὶ
1398 2846 1693 2916 ἐπιλάμψαι
1730 2846 1822 2900 τοῦ

283 2925 533 2995 Σωτῆρος
579 2928 675 2997 τὴν
719 2930 782 2981 ἐκ
822 2930 1130 3000 σπέρματος
1178 2932 1338 2985 αὐτοῦ
1374 2937 1825 3009 προφωνουμένην

285 3015 521 3083 γένεσιν·
553 3018 753 3088 ταύτης
776 3018 835 3071 δὲ
863 3021 941 3082 εἱς
964 3019 1097 3092 ἔργα
1134 3024 1430 3095 χωρούσης,
1473 3025 1659 3096 ἔμελλε
1697 3045 1827 3099 συμ-

285 3106 614 3178 πληροῦσθαι
637 3108 809 3161 πάντα
828 3110 893 3162 τὰ
916 3115 1394 3183 προπεφητευμὲνα
1413 3133 1425 3145 ’
1449 3117 1668 3180 εἱκότως
1693 3118 1826 3188 μετὰ

1916 706 2006 751 t-ur
2036 688 2185 767 prius
2212 712 2375 768 quam
2394 696 2652 753 Servatur
2677 704 2731 751 et
2759 695 3020 752 Dominus
3056 688 3263 752 noster
3301 694 3459 751 Jesus

1916 788 2163 844 Christus
2220 788 2456 843 humano
2509 788 2689 858 generi
2739 787 2981 841 illuceret
3014 802 3027 837 :
3064 801 3192 841 ecce
3232 800 3464 856 namque

1915 884 2155 945 tempore
2184 885 2371 934 nostro
2402 893 2625 933 eversus
2650 884 2734 932 est
2757 876 2935 932 omnis
2963 876 3265 931 diabolicus
3286 891 3460 951 error,

1920 975 2084 1021 totam
2109 983 2238 1023 vero
2269 975 2470 1022 terram
2493 968 2719 1037 replevit
2763 966 3003 1022 Ecclesia
3036 964 3265 1031 Christi,
3292 963 3463 1021 Deum

1924 1056 2088 1112 Israel
2128 1058 2184 1111 in
2230 1065 2344 1113 toto
2372 1058 2520 1119 orbe
2551 1059 2720 1128 gloria
2747 1056 2999 1113 alliciens.
3046 1054 3112 1110 Et
3166 1056 3293 1125 quia
3349 1054 3465 1109 haec
3540 1126 3541 1129 η

1924 1148 2159 1218 Spiritus,
2215 1159 2435 1204 sanctus
2492 1148 2804 1218 prOphetice
2869 1146 3049 1201 futura
3118 1144 3462 1216 praedixerat,

1922 1242 2123 1296 chorus
2173 1220 2486 1311 angelorum
2536 1228 2825 1310 respondet
2873 1253 2982 1292 una
3028 1237 3329 1309 deprecans
3364 1251 3465 1306 pro

1924 1332 2001 1387 rei
2030 1333 2516 1395 consummatione,
2549 1331 2748 1402 illaque
2782 1329 3108 1385 conﬁrmans
3142 1342 3205 1383 ac
3232 1326 3460 1402 dicens:

1928 1443 1946 1474 ι
1983 1422 2120 1487 Fiat,
2151 1422 2239 1476 ﬁat
2267 1434 2289 1488 ,'
2320 1440 2338 1474 ›
2361 1422 2473 1477 sive
2503 1395 2801 1477 secundum
2848 1420 3120 1491 Aquilam,
3152 1438 3172 1473 ι
3210 1395 3462 1486 ﬁdeliter,
3578 1480 3585 1487 ,

1923 1511 2185 1577 ﬁdeliter;
2214 1528 2234 1561 ι
2276 1517 2369 1564 aut
2404 1510 2703 1565 secundum
2751 1509 3130 1581 Symmachum
3161 1525 3175 1562 :
3223 1525 3242 1559 ι
3270 1507 3462 1572 Amen,

1923 1615 2096 1653 amen.
2132 1618 2150 1650 ι
2182 1599 2343 1664 Queis
2371 1600 2566 1655 deinde
2602 1599 2853 1655 additur:
2882 1618 2900 1650 ι
2932 1598 3253 1654 Defecerunt
3280 1596 3465 1669 hymni

1924 1682 2090 1737 David
2117 1683 2210 1738 ﬁlii
2230 1684 2457 1741 dessem
2482 1684 2589 1741 Pro
2608 1702 2714 1756 quo
2736 1685 3096 1757 Symmachus
3116 1686 3195 1742 sic
3210 1686 3468 1755 interpre-

1926 1781 2070 1827 tatur
2098 1789 2110 1822 :
2135 1790 2153 1823 ι
2172 1771 2426 1827 Perfecta:
2447 1781 2571 1828 sunt
2591 1772 2865 1828 orationes
2891 1760 3058 1827 David
3082 1772 3177 1845 ﬁlii
3206 1770 3373 1827 Jessae
3398 1788 3413 1836 ;
3442 1787 3461 1819 ι

1927 1861 2223 1916 Theodotio
2268 1869 2445 1915 autem
2504 1867 2557 1914 et
2607 1859 2799 1929 quinta
2853 1856 3059 1911 editio:
3116 1874 3135 1907 ι
3162 1854 3469 1925 Recognita:

1925 1962 2051 2009 sunt
2074 1953 2346 2009 orationes
2377 1951 2549 2005 David
2574 1950 2670 2005 ﬁlii
2701 1949 2883 2006 Jessae.
2905 1966 2936 1999 ι·
2968 1946 3069 2013 Qui
3096 1946 3345 2001 lectionis
3371 1960 3467 1999 ac-

1923 2042 2257 2097 curationem
2304 2042 2599 2111 ignorant,
2660 2038 2775 2093 hate
2836 2036 2999 2091 verba
3030 2074 3045 2099 ,
3100 2032 3479 2089 «Defecerunt

1924 2132 2104 2203 hymni
2132 2131 2293 2187 David
2328 2130 2422 2185 ﬁlii
2445 2128 2630 2195 Jessae,
2658 2148 2676 2182 ι
2710 2144 2809 2202 pro
2835 2135 2985 2205 parte
3012 2123 3201 2197 psalmi
3230 2138 3338 2178 non
3370 2123 3469 2177 ha.

1923 2224 2079 2288 bent;
2111 2223 2206 2278 sed
2235 2222 2391 2293 quasi
2434 2236 2547 2276 rem
2594 2228 2746 2276 extra
2796 2218 3134 2289 prophetiam
3161 2222 3215 2272 et
3245 2213 3468 2284 adjecti-

1922 2314 2049 2367 tiam
2093 2312 2295 2383 legunt.
2350 2310 2549 2365 Verum
2592 2310 2813 2379 reliqua;
2864 2308 3359 2379 interpretationes,
3414 2312 3469 2359 et

1921 2403 2037 2472 ipsa
2065 2400 2331 2455 Hebraica
2374 2400 2666 2469 scriptura,
2688 2398 2838 2453 clare
2891 2404 3324 2452 commonstrant
3354 2393 3468 2449 haec

1920 2506 2135 2561 quoque
2162 2491 2330 2545 totius
2350 2489 2542 2560 psalmi
2573 2498 2777 2559 partem
2805 2486 2945 2543 esse.
2970 2486 3108 2553 Quia
3126 2486 3269 2541 enim
3300 2482 3469 2538 David

1921 2596 2017 2635 rex
2047 2581 2102 2634 in
2131 2580 2476 2635 orationibus
2492 2580 2613 2635 suis
2652 2592 2863 2647 semper
2892 2575 3197 2640 insistebat,
3232 2580 3292 2628 ut
3312 2581 3468 2629 ortus

1924 2666 2355 2737 Servatoris,qui
2384 2684 2451 2722 ex
2478 2666 2684 2723 semine
2706 2681 2806 2722 suo
2828 2665 3141 2736 proditurus
3183 2670 3318 2727 erat,
3340 2661 3435 2717 illu
3452 2690 3471 2707 ς

1920 2766 2191 2822 cesceret;
2225 2758 2350 2825 quia
2385 2771 2505 2810 cum
2546 2740 2625 2808 ad
2655 2753 2907 2810 effectum
2960 2751 3253 2822 perductus
3298 2757 3468 2814 esset,

1924 2845 2579 2901 futurumeratutomnia
2596 2856 2715 2913 quae
2765 2843 2821 2895 in
2872 2839 3171 2913 prophetiis
3219 2838 3467 2895 feruntur

1923 2935 2310 3005 implerentur;
2346 2933 2469 3002 jure
2499 2938 2623 3001 post
2668 2930 3049 3001 praedictorum
3098 2928 3464 2998 complemen-

1922 3034 2037 3081 tum
2066 3026 2300 3089 additur,
2330 3022 2600 3094 perl'ectas
2630 3030 2684 3077 et
2725 3020 3019 3092 completas
3053 3017 3466 3088 superius‘esse

1923 3116 2142 3171 Davidls
2190 3116 2482 3170 orationes.
2528 3112 2711 3167 Potest
2753 3111 2919 3171 etiam
2956 3109 3109 3174 illud,
3167 3127 3186 3161 ι
3213 3106 3467 3179 perfectae

282 3197 344 3250 τὸ
374 3199 741 3270 συμπέρασμα
774 3199 878 3253 τῶν
912 3200 1347 3271 προλελεγμένων
1380 3203 1704 3274 ἐπιλέγεται,
1746 3206 1821 3268 ὡς
1847 3246 1888 3303 C
1925 3223 1980 3263 su

1772 3206 1821 3268 bc;
1847 3246 1888 3303 ο
1925 3216 2050 3263 sunt
2079 3213 2170 3260 aut
2195 3204 2525 3269 defecerunt,
2558 3221 2575 3254 ι
2611 3200 3175 3273 propheticeintelligi
3197 3200 3264 3255 de
3281 3198 3470 3255 futuro

283 3287 390 3359 ἄρα
436 3289 855 3361 ἐπετελέσθησαν
901 3292 995 3344 καὶ
1048 3292 1528 3365 συνεπληρώθησαν
1582 3296 1820 3376 διάἰτῶν
1849 3287 1888 3303 ν
1920 3305 1981 3351 ιθ]

1765 3299 1820 3349 ὒν
1849 3287 1888 3303 ν
1920 3305 2159 3367 tempore
2184 3313 2195 3347 :
2219 3312 2344 3349 nam
2398 3294 2609 3365 singula
2638 3308 2756 3363 quae
2803 3292 3051 3361 superius
3078 3299 3463 3347 enumerantur

283 3376 719 3463 προλελεγμένων
752 3380 805 3430 αἱ
842 3378 932 3430 τοῦ
972 3380 1132 3432 Δαυῒδ
1171 3384 1476 3453 προσευχαί.
1515 3384 1740 3444 Δύναται
1765 3386 1821 3438 δὲ
1919 3397 1981 3443 ιιι

1769 3386 1821 3438 δὲ
1919 3397 2047 3443 tunc
2060 3385 2328 3463 evenient,
2345 3400 2469 3440 cum
2484 3385 2753 3439 orationes
2766 3382 2982 3438 Davidis
3004 3382 3097 3437 ﬁlii
3116 3381 3282 3438 Jessaa
3301 3381 3467 3452 pel-ﬁn

281 3462 360 3528 τὸ,
398 3482 417 3516 ι
459 3464 878 3543 ἐπετελέσθησαν
920 3468 951 3536 ἢ
1000 3468 1261 3533 ἐξέλιπον,
1293 3491 1311 3523 υ
1350 3474 1696 3542 προφητικῶς
1736 3474 1823 3526 λέ-
1917 3478 1979 3533 εἰς

1767 3475 1823 3526 ἐ·
1917 3478 2127 3533 cientur
2141 3486 2195 3532 et
2206 3491 2264 3531 re
2274 3476 2387 3545 ipsa
2407 3474 2788 3543 implebuntur.
2803 3472 3269 3543 Opportunissime
3283 3480 3464 3527 autem

282 3553 470 3621 γεσθαι
498 3556 577 3618 εἱς
606 3552 856 3623 μέλλοντα
880 3555 1064 3624 χρόνον
1089 3574 1100 3585 ·
1122 3558 1231 3610 τῶν
1253 3560 1357 3629 γὰρ
1383 3562 1821 3634 προκατηριθμη-
1919 3583 1980 3639 ρι-

1773 3582 1821 3634 q-
1919 3578 2133 3639 propter
2147 3566 2416 3623 Christum
2437 3564 2532 3620 Dei
2548 3564 2640 3635 qui
2660 3564 2714 3618 in
2738 3563 2992 3619 vaticinio
3004 3561 3314 3625 [θῆαι-,που
3334 3561 3471 3615 (Dan

284 3642 460 3714 μένων
485 3642 708 3697 ἕκαστον
737 3645 1018 3714 γενήσεται
1043 3647 1177 3699 ἐπὰν
1206 3649 1297 3700 καὶ
1324 3650 1698 3706 ἐπιτελεσθῶσι
1729 3656 1822 3709 καὶ
1919 3659 1982 3713 vi:

1772 3656 1822 3709 αἱ
1919 3659 2089 3713 vidis»
2111 3666 2319 3713 tantum
2340 3657 2495 3722 dixit,
2523 3655 2617 3711 sed
2634 3671 2755 3710 cum
2778 3656 2881 3710 hoc
2894 3653 3279 3717 additamento,
3317 3670 3337 3703 ε
3368 3651 3470 3706 ﬁlii

282 3731 745 3819 συμπληρωθῶσιν
781 3735 835 3787 αἱ
882 3738 1172 3806 προσευχαὶ
1211 3738 1368 3792 Δαυῒδ
1403 3740 1494 3794 τοῦ
1540 3744 1653 3797 υἱοῦ
1690 3746 1822 3799 Ἰεσ-
1918 3750 1979 3808 Je

1766 3765 1822 3799 σ-
1918 3750 2151 3818 JesSae;o
2200 3757 2257 3804 ut
2291 3748 2419 3804 huic
2458 3747 2758 3818 scripturae,
2795 3746 2947 3801 Isaia:
2982 3744 3314 3815 prophetiam
3336 3743 3464 3798 sub-

281 3820 392 3912 σαί.
424 3821 790 3912 εὐκαιρότατα
813 3824 868 3876 δὲ
897 3824 984 3878 διὰ
1006 3828 1095 3879 τὸν
1116 3832 1572 3902 προφητευόμενον
1596 3836 1823 3906 Χριστὸν
1914 3842 1973 3911 ju

1763 3838 1823 3893 ’ὸν
1914 3842 2204 3912 jungamus
2218 3850 2335 3910 quae
2346 3838 2541 3894 similia
2556 3838 2622 3892 de
2635 3837 2849 3892 Christo
2864 3836 3208 3899 vaticinatur,
3224 3847 3347 3888 cum
3360 3834 3461 3887 ait:

279 3909 549 4000 τοῦ-Θεοῦ
591 3914 985 3983 ἐμνημόνευσεν
1031 3919 1128 3987 οὐχ
1173 3919 1353 3984 ἁπλῶς
1395 3940 1413 3972 ι
1442 3922 1535 3976 τοῦ
1586 3926 1766 3991 Δαυῒδ,
1798 3947 1817 3980 ι
1919 3909 1977 3985 ῆι]

1798 3947 1817 3980 ι
1919 3909 1945 3983 ἡ(
1970 3909 2281 4000 Egredietur
2310 3912 2459 3998 vlrga
2489 3926 2556 3981 de
2572 3925 2750 3980 radice
2769 3923 2953 3989 Jessae,
2984 3932 3037 3979 et
3067 3922 3165 3979 llos
3191 3922 3258 3977 de
3285 3922 3466 3976 radice

280 3997 416 4052 ἀλλά
440 4001 578 4070 μετὰ
610 4002 920 4074 προσθήκης
948 4022 966 4055 ‹
998 4006 1090 4058 τοῦ
1115 4008 1229 4059 υἱοῦ
1273 4010 1491 4064 Ἰεσσαί·
1532 4031 1551 4063 ι
1586 4014 1670 4067 ἵνα
1701 4032 1827 4068 συν-
1919 4022 1978 4090 eji

1768 4034 1827 4068 ν-
1919 3997 2039 4090 ejus
2089 4018 2370 4082 ascendet,
2405 3997 2467 4070 et
2513 4015 2816 4083 requiescet
2867 4029 3029 4084 super
3058 4024 3181 4068 eum
3231 4011 3465 4081 Spiritus

280 4094 501 4167 ἅψωμεν
522 4101 585 4169 τῇ
611 4099 854 4171 παρούσῃ
881 4104 1059 4172 γραφῇ
1101 4104 1196 4173 τὴν
1230 4105 1446 4159 Ἥσαῖου
1474 4112 1821 4180 προφητείαν,
1920 4108 1978 4163 Di

1767 4130 1821 4175 .ν,
1920 4108 2015 4163 Dei
2037 4109 2114 4171 ",
2140 4126 2158 4159 ι
2198 4114 2251 4161 et
2275 4112 2467 4160 caetera
2487 4142 2503 4167 ,
2554 4102 2752 4174 quibus
2785 4102 3077 4173 adjicitur:
3116 4120 3134 4153 ι
3164 4100 3229 4155 Et
3249 4100 3353 4156 erit
3376 4115 3465 4153 ra-

279 4188 346 4241 dt‘
378 4183 444 4258 ἦς
480 4190 548 4242 τὰ
577 4190 734 4259 ὃμοια
772 4194 895 4261 περὶ
931 4193 1023 4245 τοῦ
1056 4194 1285 4263 Χριστοῦ
1314 4197 1620 4261 θεσπίζεται
1660 4203 1715 4255 ἐν
1745 4200 1824 4267 οἷς

270 4278 492 4349 πῐρηται
516 4292 529 4306 ⁶
564 4297 583 4330 ‹
630 4280 988 4346 Ἐξελεύσεται
1034 4283 1243 4365 ῥάϐδος
1268 4286 1331 4338 ἐκ
1371 4289 1663 4363 τῆςτρίζης
1697 4294 1825 4347 Ἰεσ-

282 4367 390 4431 σαὶ,
420 4368 511 4421 καὶ
540 4369 696 4435 ἄνθος
721 4374 783 4423 ἐκ
814 4372 909 4441 τῆς
940 4372 1094 4443 ῥίζης
1125 4376 1445 4446 ἀναϐήσεται
1467 4397 1480 4410 ·
1509 4383 1600 4434 καὶ
1630 4386 1826 4438 ἐπανα-

281 4455 543 4511 παύσεται
581 4460 666 4512 ἐπ’
703 4461 862 4515 αὐτὸν
904 4463 962 4514 τὸ
994 4462 1212 4533 Πνεῦμα
1256 4468 1348 4520 τοῦ
1391 4468 1546 4533 Θεοῦ,
1580 4456 1599 4522 i
1637 4475 1727 4525 καὶ
1755 4474 1821 4526 τά

1920 4188 2013 4253 άίὶι
2036 4196 2223 4259 Jessae,
2268 4204 2321 4250 et
2349 4195 2442 4264 qui
2478 4202 2733 4265 exsurget
2777 4195 3046 4265 imperare
3084 4192 3353 4264 gentibus,
3408 4190 3464 4245 in

1920 4289 2037 4358 ipso
2061 4295 2249 4356 gentes
2284 4286 2581 4355 sperabunt
2610 4287 2679 4338 ".
2703 4304 2721 4337 ι
2761 4284 2926 4341 Vides
2960 4284 3103 4339 enim
3142 4300 3249 4353 quo
3306 4290 3466 4351 pacto

1918 4378 2006 4431 hic
2028 4392 2123 4445 per
2142 4375 2377 4430 radicem
2404 4374 2568 4430 Jessae
2588 4375 2797 4429 vocatio
2825 4375 3063 4443 gentium
3092 4373 3461 4431 annuntietur,

1920 4468 1995 4522 ita
2035 4476 2093 4521 ut
2140 4466 2568 4521 additamentum
2602 4465 2757 4532 illud,
2793 4484 2811 4516 ι
2847 4463 3141 4525 ωἱίςὶεεεω,
3175 4482 3193 4515 ι
3227 4478 3335 4518 non
3352 4460 3479 4516 τευ-η

277 4544 424 4617 ἐξῆςο
460 4542 540 4612 οἷς
561 4550 884 4619 ἐπιλέγεται·
918 4572 935 4604 ι
966 4550 1072 4607 Καὶ
1098 4546 1246 4610 ἔσται
1276 4559 1308 4628 ή
1335 4560 1455 4627 ῥίζα
1483 4559 1572 4612 τοῦ
1607 4562 1818 4628 Ἰεσσαὶ,
1853 4562 1895 4614 Ι)
1925 4569 1975 4617 st

1768 4565 1818 4628 ιὶ,
1853 4562 1895 4614 Ι)
1925 4569 2035 4617 stra
2068 4560 2125 4615 in
2174 4559 2277 4613 hac
2326 4558 2606 4629 prophetia
2648 4557 2845 4626 jaceat.
2875 4554 3010 4610 Cum
3050 4551 3231 4615 autem
3257 4552 3466 4611 Christi

277 4636 371 4690 καὶ
398 4638 427 4691 ὁ
456 4639 804 4710 ἀνιστάμενος
840 4643 1025 4714 ἄρχειν
1060 4645 1247 4711 ἐθνῶν,
1283 4650 1366 4701 ἐπ’
1402 4642 1545 4720 αὐτῷ
1580 4650 1701 4721 ἔθνη
1734 4653 1818 4704 ἐλ-

276 4725 507 4782 πιοῦσιν.
543 4748 562 4781 ι
603 4731 761 4801 Ὁρᾷς
791 4732 896 4803 γὰρ
926 4734 1071 4799 ὅπως
1107 4736 1199 4789 καὶ
1242 4738 1465 4791 ἐνταῦθα
1489 4740 1575 4793 διὰ
1611 4741 1707 4809 τῆς
1738 4742 1817 4809 ῥί-

276 4814 376 4886 ζης
416 4817 605 4904 Ἰεσσαὶ
632 4820 665 4887 ή
706 4815 891 4889 κλῆσις
922 4823 1027 4876 τῶν
1066 4824 1230 4877 ἐθνῶν
1262 4828 1613 4896 ἀναφωνεῖται
1632 4845 1647 4859 ⁸
1678 4829 1815 4883 ὥστε

237 4920 240 4924 ‘
277 4904 550 4980 110194th
580 4908 710 4979 μηδὲ
747 4909 845 4979 τὴν
874 4912 1185 4985 προσθήκην
1211 4917 1308 4986 τὴν
1344 4936 1360 4967 ι
1399 4917 1489 4989 τοῦ
1525 4919 1638 4971 υἱοῦ
1683 4920 1811 4972 Ἰεσ-

1922 4667 2145 4723 regnum
2162 4660 2217 4707 et
2248 4651 2488 4721 gentium
2525 4649 2738 4703 vocatio
2783 4644 3098 4701 annuntiata
3124 4644 3346 4709 fuerint,
3374 4644 3470 4699 hic

1919 4748 2314 4812 peropportune
2349 4736 2666 4793 terminatur
2702 4735 2938 4791 secunda
2974 4750 3102 4806 pars
3137 4735 3260 4790 libri
3303 4735 3460 4789 Psal-

1919 4845 2150 4893 morum,
2178 4842 2296 4897 qua:
2319 4841 2350 4879 a
2388 4826 2803 4899 quadragesimo
2842 4828 3016 4896 primo
3034 4826 3246 4897 incipit,
3291 4833 3344 4881 et
3406 4826 3470 4879 in

1917 4926 2231 4989 prasentem
2258 4917 2523 4986 psalmum
2545 4917 2761 4973 desinit.

253 4996 367 5067 σαὶ
396 5017 415 5049 ι
451 5002 510 5052 ἐν
542 5004 607 5073 τῇ
650 5004 975 5076 προκειμένῃ
1018 5006 1273 5076 φέρεσθαι
1309 5012 1623 5082 προφητείᾳ.
1658 5014 1811 5067 Κάτὰ
1848 5015 2033 5085 καιρὸν
2074 5011 2130 5064 δὲ
2171 5008 2434 5073 ἐνταῦθα,
2466 5011 2700 5079 Χριστοῦ
2744 5012 3015 5081 βασιλείας
3057 5013 3149 5066 καὶ
3218 4988 3463 5080 κλήσεως

474 5088 956 5161 εὐαγγελισθεωης,
994 5094 1054 5145 τὸ
1098 5094 1341 5167 δεύτερον
1390 5099 1548 5168 μέρος
1586 5099 1683 5169 τῆς
1726 5100 1905 5169 βίϐλου
1948 5101 2054 5153 τῶν
2080 5097 2320 5168 Ψαλμῶν
2348 5100 2785 5170 περιγράφεται,
2848 5097 3145 5170 ἀρξάμενον
3194 5098 3290 5167 μὲν
3356 5100 3463 5153 ἀπὸ

275 5174 485 5247 πρώτου
529 5182 621 5233 καὶ
668 5181 1118 5251 τεσσαρακοστοῦ,
1166 5186 1468 5255 καταλῆξαν
1506 5188 1562 5240 δὲ
1605 5191 1682 5252 είς
1723 5192 1814 5265 τρν·
1851 5191 1984 5261 μετά
2017 5191 2219 5261 χεῖρας.
2750 5216 2753 5219 ·

280 5286 407 5344 rnN
454 5280 1256 5416 antmrpauﬂsgggmtig
1302 5298 1473 5351 amo
1523 5300 1815 5356 ΨΑΑΜΩΝ

1015 5452 1072 5503 Α,

338 5534 400 5590 Οἱ
418 5535 514 5590 τοῦ
537 5537 723 5606 Ἀσὰφ
742 5540 1193 5610 ἐπιγεγραμμένοι
1219 5545 1323 5599 alat
1344 5546 1440 5617 μὲν
1471 5545 1560 5599 τὸν
1589 5547 1818 5619 ἀριθμὸν
1852 5574 1853 5577 η

337 5689 508 5745 "In.
539 5705 619 5754 ιι,
648 5691 697 5744 1.
773 5692 817 5721 ⁷⁷
854 5692 982 5747 ibid.
1026 5696 1111 5751 10.

2015 5299 2445 5358 ABGUMENTA
2479 5294 2900 5356 PSALMORUM
2937 5299 3055 5367 QUI
3104 5300 3353 5361 ASAPHI

2424 5369 2957 5435 lNSCRIBUNTUR.

2663 5457 2704 5512 ι.

1984 5550 2178 5606 Psalmi
2200 5552 2292 5621 qui
2314 5548 2512 5617 Asaplli
2536 5548 2906 5647 inscribuntur
2928 5548 3209 5617 duodecim
3232 5565 3460 5612 numero

339 5799 413 5867 (i)
464 5801 799 5865 ’Υπακούειν,
824 5802 877 5857 id
900 5812 980 5859 est
1011 5812 1328 5865 respondere.
1354 5806 1488 5863 Vale
1517 5808 1572 5873 in
1598 5806 1932 5863 onomauico
1962 5807 2026 5862 ad

1028 5812 1328 5865 'esnonderc.
1354 5806 1488 5863 [de
1517 5808 1572 5873 in
1598 5806 1932 5863 onomauico
1962 5807 2026 5862 ad
2065 5808 2239 5878 Opera
2266 5807 2321 5863 S.
2354 5806 2658 5879 ﬂhanasiit
2722 5858 2726 5866 ι
