4300 6402
812 442 917 497 825

1472 437 1734 494 susse"
1772 439 2246 498 CESARIENSIS
2282 438 2430 495 ore.
2470 439 2649 495 PARS
2687 440 2770 496 Ill.
2803 472 2871 481 _
2904 412 3310 498 macerias.

3896 444 4001 496 8'25

811 563 941 612 sunt
974 553 1082 623 (l),
1115 567 1341 623 quorum
1386 570 1527 610 unus
1567 572 1595 609 a
1630 558 1854 627 reliquis
1887 560 2137 614 undecim
2171 561 2353 629 sejun-
2380 561 2424 617 Α
2455 559 2509 611 ιθ

2302 577 2353 614 n-
2380 561 2424 617 Α
2455 559 2538 621 ιδ’,
2567 558 2767 612 τούτων
2797 559 2853 612 δὲ
2882 553 2962 622 εἷς
2988 561 3385 629 ἀπεσχοίνισται
3433 562 3527 630 τῆς
3575 561 3680 613 τῶν
3709 564 4000 631 προκειμέ-

809 654 951 705 ctus,
972 659 1034 697 ac
1059 653 1181 697 ante
1201 644 1701 714 quinquagesimum
1723 649 2051 702 constitutus
2072 657 2175 704 est.
2212 651 2355 715 Qua-

807 733 1142 803 dragesimus
1175 748 1345 787 nonus
1374 736 1553 803 itaque
1579 736 1818 803 psalmus
1845 737 2041 804 Asaphi
2066 740 2355 808 inscriptus

808 828 920 876 cst.
951 821 1105 888 cujus
1138 822 1213 893 rei
1244 836 1463 876 causam
1485 861 1499 883 .
1532 824 1705 892 qualis
1736 830 1847 877 tum
1882 827 2261 889 succurrebat,
2299 829 2353 881 in

806 910 923 977 ejus
956 910 1290 979 expositione
1330 912 1634 967 retulimus:
1684 912 1898 969 Primus
1936 918 2349 993 autem‘Asaphi

804 1000 1080 1067 psalmus,
1130 1000 1196 1065 de
1237 1016 1345 1070 quo
1384 1001 1498 1069 jam
1534 1003 1730 1071 agitur,
1784 1007 2097 1076 prophetam
2148 1008 2352 1062 inducit

802 1088 1005 1158 ingenti
1038 1089 1394 1144 admiratione
1425 1098 1639 1159 captum
1671 1093 1736 1147 de
1769 1094 2178 1164 longanimitate
2206 1100 2347 1167 opti-

802 1182 873 1235 mi
922 1178 1045 1242 Dei,
1092 1180 1265 1250 deque
1306 1182 1424 1247 ejus
1459 1196 1583 1251 erga
1615 1183 1810 1253 impios
1841 1185 2161 1250 tolerantia,
2197 1189 2352 1242 ittm-

801 1285 908 1339 quc
943 1269 1010 1324 de
1042 1271 1197 1324 venia
1232 1272 1585 1340 peccantibus
1618 1288 1897 1329 concessa.
1928 1274 2041 1342 Qua
2072 1276 2139 1332 de
2166 1294 2225 1333 re
2249 1280 2346 1333 ob.

800 1368 1147 1430 stupescens,
1169 1376 1290 1415 sese
1322 1369 1379 1413 ut
1436 1362 1830 1429 pusillanimem
1860 1380 1923 1420 ac
1950 1382 2084 1435 pene
2111 1384 2349 1423 commo-

799 1458 912 1504 tum
934 1491 949 1514 ,
983 1460 1143 1521 atque
1171 1452 1362 1505 animae
1391 1467 1579 1521 gressu
1610 1470 1857 1510 eversum
1887 1459 2165 1529 coarguit;
2202 1462 2348 1530 quod

798 1543 1003 1599 videret
1034 1542 1321 1611 impiorum
1354 1550 1406 1596 et
1445 1543 1724 1599 atheorum
1769 1548 2045 1604 hominum
2087 1567 2173 1607 res
2220 1568 2347 1622 pro-

797 1653 953 1707 spere
982 1638 1192 1695 cedere.
1230 1639 1495 1694 Caeterum
1527 1650 1813 1712 postquam
1849 1644 1901 1699 in
1932 1646 2199 1716 principio
2232 1663 2345 1702 rem

798 1743 941 1798 aegre
972 1726 1114 1785 ferre
1146 1731 1295 1786 visus
1330 1731 1538 1795 fuerat,
1575 1734 1630 1787 in
1662 1737 2016 1804 sequentibus
2048 1736 2344 1792 infaustum

795 1834 983 1873 eorum
1023 1822 1220 1875 exitum
1273 1822 1599 1879 vaticinatur
1646 1826 1874 1881 dicens:
1932 1826 2173 1895 Dejecisti
2220 1846 2340 1893 eos,

795 1912 921 1964 dum
955 1913 1345 1969 extollerentur.
1400 1914 1671 1979 Quomodo
1710 1917 1838 1985 facti
1877 1930 1998 1971 sunt
2038 1922 2092 1975 in
2135 1922 2340 1978 desola-

797 2003 985 2056 tionem
1013 2004 1186 2057 subito
1209 2008 1233 2059 Ξ)
1264 2004 1597 2071 Defecerunt,
1634 2008 1897 2073 perierunt
1924 2020 2131 2079 propter
2160 2014 2342 2067 incon-

794 2089 1166 2147 siderationem
1196 2109 1348 2147 suam
1379 2094 1445 2156 ⁷⁸,
1476 2103 1529 2146 et
1558 2110 1677 2164 quae
1706 2107 2026 2167 sequuntur.

1539 2207 1583 2260 Il

866 2292 1150 2348 Secundus
1184 2295 1250 2349 de
1286 2311 1391 2365 qua
1417 2312 1595 2352 rerum
1626 2300 1937 2357 conditione
1981 2304 2035 2357 in
2066 2307 2241 2373 primo
2270 2308 2344 2363 (Π-

795 2390 941 2438 ctum
973 2384 1042 2437 sit
1068 2385 1289 2451 edocet,
1318 2388 1602 2458 deplorans
1625 2398 1950 2459 postremam
1976 2394 2339 2453 Romanorum

794 2482 1035 2545 tempore
1069 2476 1417 2549 Jerosolyma:
1453 2482 1787 2536 obsidionem
1815 2522 1829 2547 ,
1870 2485 2342 2560 obsidentiumque

795 2574 975 2623 motus
1007 2577 1059 2623 et
1085 2579 1233 2639 gesta
1263 2572 1505 2626 declarat
1529 2572 1613 2625 his
1643 2576 1822 2631 verbis
1850 2596 1861 2630 :
1902 2577 2093 2647 Ulquid
2118 2620 2132 2643 ,
2168 2581 2305 2636 Deus
2325 2624 2337 2647 ,

795 2659 1035 2727 γεραιὰςιὶ
1067 2662 1123 2713 in
1155 2662 1346 2729 ﬁnem,
1381 2662 1552 2715 iratus
1582 2676 1658 2719 est
1698 2667 1847 2734 {uror
1883 2678 2002 2723 tuus
2044 2687 2196 2740 super
2228 2692 2339 2729 oves

792 2761 1004 2815 pascua:
1038 2749 1404 2817 tuw7quibus
1434 2751 1621 2819 adjicit
1655 2772 1667 2805 :
1712 2754 1878 2819 Quasi
1915 2757 1968 2809 in
2007 2756 2140 2811 silva
2179 2759 2343 2828 tigno-

796 2856 913 2895 rum
952 2839 1215 2913 securibus
1253 2841 1557 2895 exciderunt
1587 2844 1784 2914 januas
1824 2848 1937 2915 ejus
1976 2849 2030 2903 in
2078 2850 2339 2919 idipsum,

794 2931 849 2992 in
878 2932 1046 3002 securi
1072 2939 1120 2985 et
1150 2934 1296 2987 ascia
1323 2932 1622 3002 dejeceruut
1659 2952 1795 2989 eam.
1840 2936 2192 2994 Incenderunt
2227 2943 2343 3011 igne

794 3024 1151 3076 sanctuarium
1184 3034 1370 3090 tuum;
1396 3027 1595 3096 quibus
1621 3026 1811 3083 iterum
1840 3030 2145 3100 subiungit:
2179 3032 2343 3101 Signa

794 3121 977 3166 nostra
1008 3127 1108 3164 non
1139 3112 1392 3177 uidimus,
1422 3114 1538 3181 jam
1573 3130 1677 3166 non
1718 3125 1797 3170 est
1832 3115 2117 3184 praplteta,
2159 3127 2208 3172 et
2246 3135 2339 3171 nos

793 3218 897 3258 non
927 3211 1194 3269 cognoscet
1224 3204 1448 3272 amplius
1477 3207 1541 3258 τ’.
1574 3206 1705 3260 Nam
1738 3209 1878 3276 quod
1906 3208 2067 3272 dicit,
2102 3217 2339 3279 tempore

793 3290 1096 3347 obsidionis
1128 3293 1290 3349 istius
1317 3297 1607 3365 prophetas
1643 3315 1751 3353 non
1780 3302 2049 3355 exstitisse
2075 3319 2089 3366 ;
2123 3301 2174 3353 id
2212 3317 2341 3356 sane

792 3381 1053 3451 postremi
1084 3398 1270 3437 eorum
1302 3387 1495 3441 excidii
1528 3399 1902 3458 argumentum
1934 3400 2033 3446 est.
2066 3391 2187 3445 Haec
2215 3408 2341 3447 vero

794 3478 1152 3539 congruenter
1187 3481 1308 3542 post
1337 3476 1715 3539 praedictiones
1747 3482 1815 3534 de
1840 3480 2057 3535 Christo
2088 3481 2341 3551 superius

792 3560 1102 3615 enuntiatae
1128 3564 1301 3632 posita
1328 3575 1473 3619 sunt.
1504 3568 1639 3632 Quia
1665 3570 1808 3623 enim
1839 3569 2013 3639 ipsum
2039 3574 2339 3626 venientem

796 3661 904 3711 non
937 3662 1297 3718 acceperunt,
1333 3656 1647 3710 necessario
1684 3672 1799 3710 eam
1822 3698 1836 3720 ,
1877 3674 1998 3727 quae
2030 3667 2153 3729 post
2190 3668 2339 3713 tanta

791 3735 849 3791 in
880 3736 1156 3793 Christum
1191 3740 1434 3803 facinora
1463 3745 1611 3817 ipsos
1645 3748 1880 3814 invasit,
1918 3751 2173 3805 ultionem
2203 3751 2340 3804 vati-

792 3826 1025 3887 cinatur.

1519 4114 1604 4167 Ill.

864 4191 1079 4251 Tertius
1116 4199 1317 4269 Asaplii
1357 4204 1597 4271 psalmus
1634 4208 1687 4261 in
1729 4207 1887 4265 ﬁnem
1941 4212 2167 4266 remittit
2215 4230 2335 4271 eum

794 4282 885 4349 qui
916 4283 1098 4353 priora
1128 4288 1319 4358 legerit
1346 4330 1361 4355 ,
1390 4281 1745 4366 hortaturque
1772 4316 1834 4353 ne
1862 4300 2129 4369 disperdat
2158 4305 2224 4357 ⁸ο.
2258 4308 2337 4360 Ad

793 4369 908 4425 haec
934 4382 1110 4429 autem
1136 4378 1325 4434 titulus
1352 4382 1615 4451 psalmum
1644 4398 1689 4439 et
1715 4389 1985 4442 canticum
2014 4391 2188 4460 ipsum
2217 4409 2337 4448 esse

793 4458 1061 4526 declarat,
1096 4467 1222 4535 quia
1253 4469 1439 4525 eorum
1472 4474 1565 4541 qui
1600 4473 1654 4527 in
1683 4475 1959 4532 Christum
1991 4458 2336 4537 crediderunt

794 4553 1089 4617 gratiarum
1142 4560 1409 4616 actionem
1461 4566 1860 4633 complectitur.
1910 4568 2161 4626 Divinum
2209 4575 2335 4629 item

790 4636 1049 4712 judicium
1075 4658 1367 4714 memorat,
1395 4663 1682 4722 narratque
1709 4658 1975 4724 quomodo
1998 4664 2337 4717 constituerit

795 4726 935 4820 diem
958 4730 1146 4797 judicii
1169 4775 1182 4798 ,
1206 4734 1313 4804 quo
1333 4741 1519 4795 reddet
1542 4746 1832 4815 unicuique
1856 4749 2152 4803 secundum
2175 4767 2335 4820 opera

797 5000 890 5066 qui
924 5017 1054 5056 vero
1094 5003 1195 5057 hoc
1226 5015 1469 5077 tempore
1495 5013 1619 5066 elati
1666 5025 1851 5069 contra
1881 5020 2153 5076 Christum
2184 5039 2336 5077 ιιι-τοο

798 5098 985 5159 ganter
1014 5093 1255 5160 egerint,
1288 5098 1541 5155 ultionem
1584 5102 1639 5157 in
1673 5104 1856 5158 futura
1882 5108 1991 5162 vita
2022 5126 2138 5164 non
2169 5110 2337 5166 decli—

796 5186 945 5237 nent.
989 5182 1323 5254 Quapmpter
1364 5204 1428 5242 ex
1468 5207 1696 5259 persona
1742 5198 2143 5268 apostolorum,
2173 5199 2337 5257 disci-

799 5269 1046 5338 pulorum
1075 5281 1129 5329 et
1167 5280 1636 5348 evangelistarum‘
1663 5286 1963 5343 Salvatoris
2004 5292 2179 5346 nostri
2221 5293 2335 5346 haec

772 5376 773 5379 η
796 5361 1111 5431 pronuntiat
1138 5382 1152 5417 :
1184 5365 1556 5437 Conﬁtebimur
1584 5376 1710 5441 tibi,
1734 5378 1894 5443 Deus,
1920 5387 1967 5433 et
1990 5380 2338 5437 invocabimus

797 5468 979 5511 nomen
1008 5463 1171 5510 tuum.
1198 5457 1272 5513 De
1294 5462 1360 5517 iis
1384 5479 1513 5518 vero
1537 5466 1627 5535 qui
1654 5467 1707 5521 in
1732 5467 2065 5526 Salvatorem
2092 5480 2338 5529 nostrum

2454 667 2557 702 νων
2591 656 2655 702 ια’
2684 653 2987 719 συναφείας,
3018 653 3409 707 κατατέτακται
3446 653 3499 704 δὲ
3532 653 3634 721 πρὸ
3671 652 3762 704 τοῦ
3792 660 3832 705 ν’
3864 651 4002 721 ψαλ-

2458 741 2655 809 μοῦ.⁹0
2684 742 2812 809 γοῦν
2863 744 2941 812 μθ·
2975 745 3368 815 ἐπιγέγραπται
3412 744 3514 797 τοῦ
3557 743 3765 811 Ἀσάφ·
3801 745 3897 812 τὴν
3943 746 4000 797 δί

2455 833 2820 887 ὑποπεσοῦσαν
2868 838 2993 906 ἡμίν
3039 838 3213 891 αἰτίαν
3258 838 3383 899 τοὺς
3428 838 3619 898 τόπους
3656 836 3994 905 διηγούμενοι

2454 926 2859 995 παρεθήκαμεν.
2888 928 3110 996 Εἰσάγει
3139 930 3194 982 δὲ
3226 931 3253 981 ὁ
3288 928 3424 999 μετά
3450 932 3633 998 χεῖρας
3666 928 3877 997 πρῶτος
3924 928 3997 980 ὢν

2449 1016 2542 1067 τοῦ
2576 1015 2763 1085 Ἀσάφ,
2792 1016 2878 1068 τὸν
2905 1021 3179 1089 προφήτην
3206 1019 3684 1089 ὑπερθαυμάζοντα
3706 1018 3764 1071 τὸ
3793 1020 3996 1088 μακρό-

2452 1106 2617 1175 Ουμον
2650 1108 2739 1159 τοῦ
2774 1108 3077 1175 παναγὰθου
3112 1110 3264 1173 Θεοῦ,
3306 1112 3397 1163 καὶ
3432 1110 3523 1177 τὴν
3557 1110 3646 1161 ἐπὶ
3670 1112 3778 1171 τοῖς
3808 1109 3998 1161 ἀσεϐέ-

2452 1214 2535 1249 σιν
2562 1198 2904 1265 ἀνεξικακίαν
2932 1200 3115 1261 αὑτοῦ,
3146 1204 3242 1271 τήν
3268 1219 3326 1253 τε
3355 1201 3686 1271 ἐνδιδομένην
3716 1199 3996 1269 συγχώρη-

2451 1308 2533 1343 σιν
2578 1293 2684 1353 τοῖς
2712 1291 3141 1362 ἁμαρτάνουσιν·
3173 1294 3237 1361 ἦν
3267 1291 3845 1362 ὑπερεκπληττόμενος,
3872 1291 3998 1342 ἑαυ-

2447 1382 2538 1434 τοῦ
2568 1387 2860 1454 κατηγορεῖ
2887 1385 2960 1447 ὡς
2983 1384 3419 1453 ὀλιγοψυχοῦντος
3442 1385 3533 1437 καὶ
3558 1383 3748 1454 μικροῦ
3775 1385 3882 1437 δεῖν
3903 1401 3997 1435 σα-

2448 1472 2740 1537 λευθέντος,
2765 1476 2854 1527 καὶ
2875 1476 2973 1544 τῆς
3009 1476 3181 1546 ψυχῆς
3214 1476 3311 1539 τὰς
3341 1477 3522 1545 βάσεις
3551 1475 3992 1547 περιτραπέντος,

2444 1564 2509 1617 δι’
2530 1566 2594 1627 ἃς
2624 1564 2767 1635 ἑώρα
2788 1567 2892 1619 τῶν
2913 1568 3118 1632 ἀσεϐῶν
3141 1568 3231 1619 καὶ
3256 1566 3426 1620 ἀθέων
3447 1567 3649 1638 ἀνδρῶν
3674 1568 3993 1636 εὐπραγίας.

2445 1655 2587 1724 Πλὴν
2635 1657 3076 1727 ἀποδυσπετήσας
3126 1660 3179 1707 ὲν
3230 1661 3340 1719 τοῖς
3386 1658 3635 1728 πρώτοις,
3664 1658 3864 1725 προῖὼν
3898 1657 3996 1724 τὴν

2445 1746 2817 1815 καταστροφὴν
2849 1747 3023 1799 αὐτῶν
3051 1747 3289 1809 θεσπίζει
3308 1748 3477 1814 λέγων
3499 1765 3511 1778 σ
3537 1747 3865 1812 Κατέΰαλες
3887 1750 3993 1800 αὐ-

2444 1836 2585 1900 τοὺς
2614 1839 2682 1890 ὲν
2710 1838 2787 1900 τῷ
2812 1837 3157 1905 ἐπαρθῆναι.
3190 1837 3319 1901 Πῶς
3356 1836 3627 1905 ἐγένοντο
3659 1840 3744 1901 εὶς
3780 1837 3997 1905 ἐρήμω-

2443 1946 2545 1980 σιν
2571 1930 2818 1992 ἐξάπινα
2838 1948 2853 1991 ;
2873 1929 3201 1992 Ἐξέλιπον,
3233 1926 3539 1981 ἀπώλοντο
3563 1927 3658 1981 διὰ
3681 1928 3793 1995 τὴν
3826 1929 3997 1981 ἀϐου-

2440 2017 2581 2069 λίαν
2608 2015 2824 2079 αὐτῶν,
2860 2017 2951 2069 καὶ
2984 2016 3050 2068 τὰ
3082 2008 3287 2077 τούτοις
3315 2015 3599 2071 ἀκόλουθα.

3179 2216 3253 2267 B’.

2524 2304 2576 2353 '0
2604 2302 2846 2371 δεύτερος
2868 2302 2958 2353 ἐπὶ
2992 2302 3165 2364 ποίαις
3187 2320 3341 2371 mpm
3358 2308 3561 2354 tdszsw
3584 2301 3651 2354 τά
3670 2303 3726 2355 ὲν
3747 2302 3823 2371 τῷ
3848 2318 3997 2369 πρω-

2440 2409 2517 2461 τῳ
2550 2392 2767 2445 λέλεκτο
2791 2392 3047 2455 διδάσκει,
3080 2392 3473 2463 ἀποδυρόμενος
3513 2392 3608 2461 τῆς
3644 2392 3993 2463 Ἰερουσαλὴμ

2440 2483 2536 2553 τὴν
2568 2484 2797 2553 ἐσχάτην
2830 2483 3159 2553 πολιορκίαν,
3194 2485 3257 2553 ἣν
3288 2484 3549 2535 πέπονθεν
3589 2483 3681 2535 ἐπὶ
3712 2483 3819 2535 τῶν
3863 2484 3993 2537 Ῥω-

2445 2574 2651 2642 μαῖκῶν
2681 2573 2905 2643 χρόνων,
2940 2573 3213 2642 σημαίνων
3259 2590 3317 2624 τε
3364 2574 3460 2641 τὴν
3503 2574 3859 2625 ἐπανάστασιν
3885 2573 3992 2626 τῶν

2440 2662 2527 2715 τὸν
2574 2663 2735 2715 τόπον
2779 2662 3272 2733 πολιορκησάντων·
3306 2663 3333 2715 ὃ
3356 2665 3417 2735 δὴ
3455 2665 3746 2735 παρίστησι
3779 2665 3985 2734 φήεας·

2442 2753 2569 2805 Ἵνα
2583 2754 2658 2815 τί,
2689 2757 2719 2806 d
2747 2752 2905 2817 Θεὸς,
2925 2753 3139 2809 ἀπώσω
3164 2758 3248 2819 είς
3263 2755 3452 2820 τέλος,
3478 2757 3731 2825 ὠργίσθη
3754 2759 3786 2810 ό
3809 2757 3995 2823 θυμός

2442 2858 2555 2896 σου
2594 2845 2692 2896 ἐπὶ
2732 2848 2987 2912 πρόϐατα
3030 2846 3218 2915 νομῆς
3263 2863 3407 2908 cev;
3441 2843 3537 2910 Οἷς
3568 2847 3692 2916 ἑξῆς
3719 2848 3987 2916 ἐπιλέγει·

2451 2933 2544 2997 Ὠς
2563 2934 2631 2987 ἐν
2651 2934 2846 3003 δρυμῷ
2875 2935 2910 2999 ξ
2917 2937 3074 2989 6.1m-
3096 2937 3327 3000 ἀξίναις
3354 2937 3651 3005 ἐξέκοψαν
3677 2939 3781 3002 τὰς
3813 2940 3996 3007 θύρας

2440 3024 2626 3093 αὐτῆς
2651 3026 2747 3077 ἐπὶ
2775 3025 2840 3078 τὸ
2868 3027 3029 3088 αὐτὸ,
3056 3028 3123 3079 ἐν
3153 3028 3364 3081 πέλυκι
3391 3027 3485 3079 καί
3512 3028 3872 3095 λαξευτηρίῳ
3891 3047 3994 3083 κα-

2439 3115 2726 3183 τέρῤαξαν
2746 3116 2952 3182 αὐτήν.
2972 3117 3355 3184 Ἐνεπύρισαν
3371 3118 3439 3169 ἐν
3462 3118 3599 3185 πυρὶ
3632 3118 3695 3170 τὸ
3718 3120 3992 3187 ἀγιιιστή-

2436 3208 2569 3274 ριόν
2599 3221 2712 3259 σου
2733 3224 2744 3235 ·
2773 3202 2853 3268 οἷς
2877 3202 3028 3267 αὖθις
3064 3206 3332 3273 ἐπιλέγει·
3361 3208 3434 3259 Τὰ
3452 3207 3666 3275 σημεῖα
3691 3207 3856 3275 ἡμῶν
3882 3214 3992 3262 οὐκ

2439 3297 2691 3363 εἴδομεν
2724 3299 2832 3350 οὐκ
2875 3296 3044 3349 ἐστιν
3089 3297 3175 3348 ἔτι
3227 3297 3551 3365 προφήτης,
3584 3299 3679 3351 καί
3720 3296 3873 3365 ἡμᾶς
3921 3301 3993 3354 οὐ

2440 3386 2724 3454 γνώσεται
2750 3386 2833 3439 ἔτι
2854 3404 2866 3415 ·
2895 3386 2969 3455 τῷ
2994 3386 3098 3455 γάρ
3128 3388 3351 3454 φάσκειν
3385 3388 3579 3457 μηκέτι
3605 3390 3881 3459 προφήτας
3902 3408 3992 3456 γε·-

2441 3476 2652 3541 γονέναι
2685 3476 2824 3527 κατά
2852 3478 2947 3546 τὴν
2979 3476 3305 3546 δηλουμένην
3334 3479 3637 3547 πολιορκίαν
3679 3484 3897 3549 σημεῖον
3923 3476 3992 3550 ἦν

2438 3566 2535 3634 τῆς
2566 3566 2796 3634 ὑστάτης
2845 3566 3017 3617 αὐτῶν
3067 3567 3681 3631 ἀποπτιτ›σεως.’⁷Επεται
3726 3571 3780 3623 δὲ
3823 3571 3992 3624 ταῦτα

2444 3657 2644 3725 σφόδρα
2672 3654 2970 3718 ἀκολούθως
3001 3660 3121 3719 ταῖς
3150 3658 3236 3709 διὰ
3273 3657 3380 3709 τῶν
3412 3658 3715 3728 ἔμπροσθεν
3746 3660 3871 3731 περὶ
3897 3659 3989 3712 τοῦ

2440 3744 2671 3815 Χριστοῦ
2704 3745 3003 3814 λεχθείσαις
3034 3738 3415 3817 προρρήσεσιν.
3436 3739 3666 3817 Ἐπειδῆ
3680 3748 3786 3817 γὰρ
3815 3749 3991 3800 905v-

2440 3852 2504 3885 τα
2526 3835 2685 3886 αὑτὸν
2715 3836 2786 3905 μὴ
2811 3837 3183 3906 παρεδέξαντο,
3209 3838 3513 3905 ἀναγκαίως
3540 3841 3636 3909 τὴν
3666 3840 3991 3893 ἐπελθοῦσαν

2440 3927 2620 3985 αὐτοῖς
2647 3926 2812 3994 ὀργὴν
2849 3927 2983 3996 μετὰ
3026 3926 3091 3981 τὰ
3123 3928 3240 3981 κατ’
3266 3928 3426 3981 αὐτοῦ
3455 3928 3785 3998 τολμηθέντα
3813 3931 3991 3995 αὐτοῖς

2439 4012 2701 4076 θεσπίζει.
2964 4022 2965 4025 “

3108 4128 3113 4132 .
3172 4127 3245 4181 Γπ

2518 4214 2574 4265 '0
2602 4217 2781 4285 τρίτος
2805 4216 2895 4270 τοῦ
2937 4216 3105 4286 Ἀ-σὰφ
3134 4220 3212 4281 είς
3240 4218 3468 4281 τὸτέλος
3497 4232 3851 4291 παραπεμπει
3901 4224 4012 4282 τὸνΔ

2437 4305 2546 4365 τοῖς
2579 4305 2858 4375 προτέροις
2888 4308 3295 4378 ἐντετυχηκότα,
3328 4310 3420 4361 καὶ
3458 4313 3710 4380 παραινεῖ
3745 4311 3828 4379 μὴ
3862 4312 3987 4365 δια-

2439 4392 2684 4460 φθεῖραι.
2703 4395 3020 4467 Ἐπιγράφει
3046 4415 3102 4449 τε
3133 4397 3268 4469 πρὸς
3292 4399 3515 4463 τούτοις,
3552 4402 3633 4453 ὅτι
3666 4403 3756 4454 καὶ⁸
3782 4402 3989 4471 ψαλμὸς

2439 4487 2523 4553 εἴη
2574 4486 2665 4537 καὶ
2710 4485 2851 4555 ᾠδήδ
2886 4486 3068 4555 ἐπειδὴ
3120 4489 3358 4559 περιέχει
3402 4492 3745 4561 εὐχαριστίαν
3772 4492 3877 4545 τῶν
3910 4494 3988 4555 είς

2441 4575 2531 4627 τὸν
2578 4575 2806 4643 Χριστὸν
2836 4576 3285 4629 πεπιστευκότων.
3321 4578 3430 4629 Καὶ
3473 4579 3567 4649 τήν
3613 4579 3703 4631 τοῦ
3743 4580 3874 4634 Θεοῦ
3914 4580 3990 4633 δι-

2441 4666 2779 4736 καιοκρισίαν
2808 4667 3097 4738 παρίστησι
3123 4668 3380 4723 διδάσκων
3424 4673 3569 4735 ὅπως
3616 4673 3836 4745 ἔστησεν
3865 4675 3988 4745 ήμέ-

2445 4775 2542 4826 ραν
2576 4760 2824 4828 κρίσεως,
2858 4752 2970 4831 ὲνῇ
3002 4758 3263 4813 ἀποδώσει
3304 4754 3514 4833 ἑκάστῳ
3562 4765 3700 4819 κατὰ
3747 4764 3813 4821 τὰ
3854 4765 3988 4833 ἔργα

2443 4848 2623 4903 αὑτοῦ.
2654 4850 2761 4901 Καὶ
2790 4848 2909 4901 οὔτε
2943 4852 2989 4904 οἱ
3020 4850 3157 4903 κατά
3190 4850 3281 4904 τὸν
3308 4854 3544 4926 παρόντα
3577 4856 3689 4924 βίον
3715 4854 3987 4925 κακούμε-

2442 4955 2517 4990 νοι
2543 4942 2638 5009 τῆς
2672 4940 2819 5009 παρὰ
2845 4940 2919 5010 τῷ
2953 4939 3068 5009 Θεῷ
3101 4941 3394 5015 μελλούσης
3422 4945 3630 5008 ἐλπίδος
3659 4945 3988 4999 ἀποπεσοῦν-

2441 5044 2549 5094 ται,
2568 5029 2678 5081 οὔθ’
2695 5034 2742 5082 οί
2772 5030 2909 5083 κατὰ
2938 5030 3025 5084 τὸν
3045 5033 3309 5087 ἐνεστῶτα
3339 5034 3525 5104 καιρὸν
3550 5032 3869 5104 ἐπαρθέντες
3894 5036 3986 5089 καὶ

2442 5119 3022 5191 καταλαζονευσάμενοι
3062 5123 3155 5183 τοῦ
3182 5124 3416 5195 Χριστοῦ
3445 5120 3783 5193 ἀτιμώρητον
3808 5124 3984 5191 ἕξουσι

2439 5209 2525 5261 τὸν
2565 5212 2697 5279 μετὰ
2732 5211 2901 5265 ταῦτα
2929 5214 3059 5283 βίον.
3088 5216 3175 5268 Διὸ
3218 5216 3281 5268 ὲκ
3322 5212 3605 5285 προσώπου
3638 5216 3734 5285 μὲν
3754 5216 3862 5270 τῶν
3892 5215 3983 5271 τοῦ

2442 5296 2685 5367 Σωτῆρος
2709 5298 2863 5368 ἡμῶν
2890 5302 3196 5356 ἀποστόλων
3222 5301 3313 5356 καὶ
3357 5300 3610 5373 μαθητῶν
3639 5305 3731 5358 καὶ
3758 5306 3984 5374 εὐαγγε-

2441 5383 2631 5440 λιστῶν
2676 5390 2944 5458 ἀναφωνεῖ
2997 5393 3083 5446 τό·
3128 5392 3704 5463 Ἐξομολογησόμεθά
3762 5412 3861 5450 σοι
3886 5434 3901 5459 ,
3950 5396 3984 5446 ὁ

2446 5476 2605 5543 Θεὸς,
2630 5479 2728 5533 καὶ
2766 5480 3232 5554 ἐπικωεσόμεθα
3258 5482 3324 5537 τὸ
3362 5483 3545 5555 ὄνομά
3566 5501 3715 5543 σου⁹
3769 5486 3894 5557 περὶ
3926 5479 3984 5538 δδ

867 5606 912 5638 ⁷⁸
953 5607 1285 5676 Psal.uxn,
1326 5616 1411 5681 i8,
1438 5618 1523 5673 i9.
1598 5619 1641 5650 τ’
1670 5619 1813 5691 Psal.
1838 5638 2029 5689 LXXIII,
2055 5624 2161 5681 1-9.
2242 5626 2285 5658 ⁸⁸
2315 5624 2723 5702 Psal.uxw,i.

872 5782 945 5851 (ι)
982 5784 1105 5839 Vide
1134 5804 1293 5861 supra
1334 5792 1396 5845 ad
1433 5795 1565 5861 psal.
1596 5810 1720 5853 χιιι
1756 5796 1922 5850 initio.
