4300 6432
263 459 367 515 825

1376 461 1873 518 COMMENTARIA
1915 459 1983 514 IN
2009 460 2344 517 PSALMOS.

3372 464 3478 520 8?.6

260 579 370 631 τῶν
395 578 461 631 τὰ
492 578 629 631 κατὰ
656 579 744 631 τοῦ
771 581 1190 653 Σωτῆροςὴμῶν
1216 584 1597 654 τολμησάντων
1623 588 1824 654 προῖων
1855 591 1898 645 Α
1927 589 1958 634 t:

1785 600 1824 633 ›ν
1855 591 1898 645 Α
1927 583 2056 635 talia
2088 598 2207 637 aus:
2242 590 2367 637 sunt
2401 582 2501 638 sub
2538 583 2650 637 haec
2680 583 2868 652 adjicit
2901 602 2912 638 :
2947 583 3074 638 Dixi
3103 584 3294 653 iniquis
3317 599 3337 638 :
3370 583 3483 638 Νο-

263 669 454 738 ἒπάγει
486 672 566 722 τό·
602 668 756 724 Εἷπα
786 672 908 737 τοῖς
945 675 1354 742 παρανομοῦσι
1377 691 1388 702 ’
1435 675 1528 742 Μὴ
1579 690 1828 742 παρανο-

255 762 441 828 pairs,
472 763 568 814 καὶ
613 761 738 826 τοῖς
778 763 1210 831 ἁμαρτάνουσι·
1241 765 1336 830 Μὴ
1369 767 1596 833 enocte
1629 766 1822 834 κέρας.

261 853 660 923 Μὴὲπαίρετε
690 857 776 918 εἰς
797 855 952 923 ὕψος
971 856 1034 907 τὸ
1056 855 1231 924 κέρας
1261 856 1445 923 ὑμῶν,
1467 856 1550 925 μὴ
1591 857 1828 910 λαλεῖτε

262 946 416 998 κατὰ
447 946 553 999 τοῦ
589 947 734 1000 Θεοῦ
782 947 1034 1000 ἀδικίαν.
1076 945 1186 1001 Εἶθ’
1224 948 1348 1012 ἑξῆς
1377 949 1435 1013 ἐξ
1467 949 1628 1001 αὑτοῦ
1663 965 1828 1017 προσ-

261 1032 414 1086 ώπου
453 1035 544 1086 τοῦ
573 1033 805 1105 Χριστοῦ
839 1036 1084 1104 ἐπιφέρει
1117 1017 1210 1088 τὸσ¹
1253 1038 1390 1106 Ἐγὼ
1426 1037 1491 1089 δὲ
1519 1035 1828 1105 ἀπαγγελῶ

193 1175 197 1178 ,
261 1123 352 1186 εὶς
391 1124 497 1176 τὸν
533 1122 736 1186 αἰῶνα,
775 1123 952 1192 ψαλῶ
984 1123 1064 1189 τῷ
1091 1127 1210 1189 Θεῷ
1246 1127 1458 1184 Ἰακώϐ.
1484 1128 1595 1180 Καὶ
1635 1126 1830 1179 πάντα

262 1209 337 1264 τὰ
367 1212 581 1283 κέρατα
606 1212 722 1266 τῶν
740 1213 1100 1282 ἁμαρτωλῶν
1117 1215 1462 1278 συνθλάσω,
1487 1216 1580 1268 καὶ
1601 1217 1828 1285 ὑψωθή-

261 1318 433 1361 σεται
467 1307 538 1360 τὰ
573 1305 785 1359 κέρατα
820 1307 924 1361 τοῦ
949 1306 1201 1362 δικαίου.

1016 1423 1089 1475 Δ’.

334 1508 444 1562 Καὶ
475 1509 503 1560 ὁ
531 1507 719 1580 παρὼν
732 1508 942 1580 ψαλμδς
973 1510 1335 1564 λέλεκταιἘν
1363 1512 1570 1580 ὕμνοις
1591 1529 1603 1540 ”
1635 1513 1692 1564 οὐ
1728 1512 1824 1581 μό-

262 1615 355 1652 νον
379 1598 514 1651 ἀλλὰ
560 1600 651 1651 καὶ
842 1605 1094 1672 τυγχάνει
1121 1603 1517 1672 ἀναπέμπουσα
1548 1607 1623 1665 εἰς
1653 1604 1712 1656 τὸ
1739 1605 1826 1656 τέ-

262 1689 373 1752 λος.
409 1690 722 1760 Διαγράφειι
752 1692 808 1744 δὲ
841 1693 948 1746 τῶν
984 1694 1080 1762 μὲν
1117 1694 1426 1748 ἀποστόλων
1457 1694 1550 1746 τοῦ
1581 1695 1829 1764 Σωτῆρος

262 1783 358 1834 καὶ
393 1785 490 1853 τῆς
529 1783 848 1853 Ἐκκλησίας
876 1784 1035 1837 αὑτοῦ
1067 1784 1164 1855 τὴν
1203 1786 1518 1852 ἀσφάλειαν,
1563 1786 1726 1838 αὑτοῦ
1756 1787 1829 1853 ,δὲ

261 1874 362 1943 τὴν
387 1874 443 1926 ὲν
468 1875 656 1946 εἰρήνῃ
691 1876 852 1945 μονὴν
875 1878 967 1929 καὶ
992 1878 1196 1938 στάσιν,
1217 1880 1306 1929 καὶ
1335 1879 1432 1945 τὴν
1455 1877 1545 1929 ἐπὶ
1573 1880 1669 1946 τῆς
1699 1878 1830 1929 Ἰου-

263 1939 419 2025 δαίας
452 1939 784 2034 παρουσίαν·
811 1939 916 2017 ’καί
937 1966 1065 2036 ὼςή
1095 1965 1316 2036 ἀληθινὴ
1338 1939 1707 2030 αθτοῦπὸκις,
1736 1969 1827 2019 καὶ
1864 1939 1901 1992 Β

261 2054 324 2107 τὸ
356 2054 492 2107 Σιὼν
524 2056 647 2126 ὅρος
667 2056 728 2109 τὺ
755 2056 1008 2125 ,ἀληθινὸν
1051 2057 1211 2110 αὑτοῦ
1251 2059 1562 2130 οἰκητήριον
1603 2060 1827 2112 πάντοτε

266 2147 620 2218 εἰρηνεύεται,
668 2147 787 2200 οὐδὲ
827 2147 1045 2200 πώποτε
1077 2148 1287 2220 ἐχθροῖς
1319 2151 1625 2221 ὑποχείριον
1652 2151 1830 2218 γιγνό-

268 2231 522 2308 μενονκίυ
543 2238 617 2307 ,δὴ
647 2238 905 2308 σημαίνει.
920 2237 1089 2306 λέγων
1110 2256 1121 2267 ·
1172 2240 1452 2304 Γνωστὸς
1487 2242 1555 2292 ἐν
1585 2239 1655 2307 τῇ
1691 2243 1827 2294 Ἰου-

263 2331 401 2397 data
431 2334 464 2384 ὁ
498 2332 660 2396 Θεὸς,
686 2331 756 2384 ἐν
777 2328 856 2394 τῷ
894 2329 1131 2398 Ἰσραὴλ
1150 2331 1302 2400 μέγα
1325 2331 1385 2383 τὸ
1411 2331 1595 2398 ὄνομα
1624 2329 1824 2384 αὑτοῦ.

276 2421 553 2489 Ἐγενήθη
579 2421 783 2490 εἰρήνη
812 2424 843 2474 ό
865 2422 1045 2484 τόπος
1067 2422 1252 2475 αὐτοῦ
1277 2421 1372 2475 καὶ
1394 2421 1458 2472 τὸ
1487 2418 1832 2486 κατοικητή-

263 2527 394 2578 ριον
415 2511 600 2564 αὑτοῦ
626 2511 696 2562 ἐν
717 2508 888 2562 Σιών.
913 2504 1026 2561 Εἶθ’
1047 2508 1172 2579 ἑξῆς
1197 2509 1304 2562 τῶν
1327 2509 1531 2579 ἐχθρῶν
1555 2507 1714 2561 αὑτοῦ
1738 2509 1829 2560 καὶ

263 2600 372 2653 τῶν
397 2600 495 2669 τῆς
526 2599 846 2669 Ἐκκλησίας
866 2599 1029 2652 αὐτοῦ
1060 2600 1329 2670 πολεμίων
1352 2602 1448 2670 τὴν
1471 2599 1676 2652 πτῶσιν
1703 2614 1830 2669 παρ-

269 2693 478 2762 ίστησιν
524 2686 624 2744 ὦδε
673 2692 922 2758 φάσκων·
972 2693 1131 2745 Ἐκεῖ
1162 2692 1485 2759 συνέτριψε
1527 2690 1598 2747 τὰ
1647 2689 1829 2757 κράτη

266 2781 383 2834 τῶν
428 2781 636 2848 τόξων,
668 2781 860 2835 ὅπλον
909 2775 1008 2834 καί
1031 2783 1336 2850 ῥομφαίαν
1387 2781 1483 2834 καὶ
1531 2782 1829 2850 πόλεμον·

266 2873 360 2926 καὶ
392 2873 580 2926 πάλινο
632 2871 1076 2941 Ὲταράχθησαν
1100 2872 1320 2936 πάντες
1342 2875 1396 2926 ol
1440 2873 1720 2927 ἀσύνετοι
1757 2872 1832 2940 τῇ

266 2961 496 3032 καρδίᾳ.
535 2962 603 3015 Ὗ
601 2974 850 3015 πνωσαν
894 2962 1091 3016 ὕπνον
1119 2960 1334 3026 αὐτῶν,
1373 2963 1469 3016 καὶ
1508 2965 1619 3032 οὐχ
1655 2961 1834 3032 εὖρον

267 3053 448 3108 οὐδὲν
479 3053 699 3118 πάντες
722 3056 775 3108 ol
803 3053 1014 3123 ἄνδρες
1037 3055 1142 3109 τοῦ
1170 3056 1435 3109 πλούτου
1477 3056 1605 3120 ταῖς
1626 3058 1833 3125 χερσὶν

267 3144 482 3201 αὐτῶν.
501 3145 630 3199 Ἀπὸ
656 3143 1196 3213 ἐπιτιμήσεώςσου,
1224 3148 1255 3198 ὁ
1285 3146 1428 3210 Θεὸς
1462 3145 1674 3208 Ἰακὼϐ,
1702 3147 1833 3200 ἐνύ-

1929 673 2024 725 lite
2051 674 2227 742 inique
2253 690 2402 743 agere
2425 690 2442 735 ;
2470 682 2515 726 et
2548 674 2963 746 delinquentibus
2991 691 3008 727 :
3038 673 3222 728 Nolite
3247 675 3485 728 exaltare

1927 778 2109 815 cornu.
2146 761 2325 817 Nolite
2351 764 2601 817 extollere
2629 768 2680 816 in
2713 765 2877 817 altum
2909 781 3068 817 cornu
3099 775 3327 817 vestrum
3347 804 3361 827 ,
3392 781 3487 818 no-

1927 853 2018 905 lite
2054 853 2197 921 loqui
2240 853 2491 908 adversus
2533 854 2700 908 Deum
2742 855 3090 922 iniquitatem.
3121 853 3324 910 Deinde
3358 870 3487 908 vero

1926 959 1989 996 ex
2023 959 2254 1010 persona
2287 945 2458 1012 ipsius
2489 943 2692 999 Christi
2726 946 2909 1000 addit:
2946 945 3054 1014 Ego
3085 956 3256 997 autem
3288 963 3487 998 annun-

1930 1032 2070 1084 tiabo
2115 1037 2169 1085 in
2211 1033 2501 1096 saxulum,
2553 1035 2777 1088 cantabo
2821 1035 2928 1089 Deo
2967 1036 3150 1090 Jacob.
3201 1034 3267 1088 Et
3307 1037 3485 1088 omnia

1927 1139 2124 1175 cornua
2179 1135 2515 1195 peccatorum
2570 1127 2947 1198 confringam,
3005 1138 3053 1181 et
3107 1127 3482 1181 exaltabuutur

1929 1231 2126 1268 cornua
2147 1213 2304 1283 justi.

2664 1434 2751 1486 IV.

1997 1521 2243 1576 Prazsens
2283 1538 2498 1592 quoque
2537 1524 2778 1594 psalmus
2808 1523 2871 1578 In
2923 1525 3134 1595 hymnis
3172 1529 3214 1559 "
3248 1528 3482 1594 dicitur;

1929 1613 2058 1682 quin
2102 1613 2262 1667 etiam
2304 1615 2578 1667 canticum
2616 1623 2696 1669 est
2733 1616 2798 1668 ad
2840 1617 2998 1672 linem
3040 1619 3345 1674 remittens.
3384 1619 3488 1676 Dc-

1929 1703 2119 1759 scribit
2165 1719 2291 1757 vero
2339 1706 2712 1773 apostolorum
2772 1707 3077 1765 Servatoris
3129 1723 3179 1764 et
3231 1711 3486 1768 Ecclesia

1928 1797 2102 1866 ipsius
2144 1797 2532 1863 securitatem;
2576 1798 2749 1866 ipsius
2787 1814 2914 1852 vero
2955 1800 3160 1856 Christi
3203 1806 3513 1874 paciﬁcum-

1930 1887 2264 1941 mansionem
2301 1894 2352 1939 et
2389 1897 2587 1941 statum
2616 1928 2628 1952 ,
2663 1889 2887 1958 ejusque
2923 1891 2974 1943 in
3009 1887 3247 1946 Judzeam
3283 1896 3486 1949 adven-

1932 1981 2067 2033 tum.
2125 1975 2429 2047 Narratque
2485 1993 2665 2032 veram
2714 1981 2832 2046 ejus
2892 1980 3200 2047 civitatem,
3251 1993 3303 2037 et
3357 1984 3486 2039 Sion

1930 2076 2165 2122 montem
2190 2108 2204 2131 ,
2239 2069 2360 2134 eius
2391 2085 2577 2123 verum
2614 2070 2947 2124 domicilium
2975 2112 2988 2134 ,
3028 2071 3079 2126 in
3111 2089 3243 2142 pace
3274 2091 3487 2146 semper

1931 2159 2166 2221 versari,
2207 2174 2381 2228 neque
2422 2175 2658 2228 unquam
2691 2160 2744 2212 in
2777 2161 3015 2216 hostium
3055 2163 3315 2219 ditionem
3356 2182 3488 2219 ven-

1931 2254 2110 2300 turum
2141 2263 2283 2302 esse.
2329 2249 2484 2314 Quod
2524 2266 2656 2304 sane
2692 2250 2775 2303 his
2810 2252 2989 2307 verbis
3024 2254 3327 2324 signiﬁcat:
3370 2255 3489 2310 Νο-

1931 2348 2012 2392 tus
2050 2340 2102 2393 in
2131 2339 2325 2394 Judma
2357 2341 2498 2395 Deus
2522 2383 2534 2404 ,
2571 2343 2621 2419 in
2658 2341 2829 2395 Israel
2863 2360 3110 2413 magnum
3141 2364 3322 2402 nomen
3354 2350 3487 2417 ejus.

1931 2428 2131 2484 Factus
2159 2440 2236 2486 est
2266 2447 2370 2501 pax
2398 2434 2542 2487 locus
2575 2435 2687 2501 ejus
2709 2474 2723 2497 ,
2749 2444 2798 2487 et
2828 2435 3083 2488 habitatio
3112 2437 3227 2505 ejus
3257 2440 3308 2491 in
3337 2439 3487 2494 Sion.

1934 2518 2047 2572 Sub
2081 2521 2194 2574 haec
2229 2523 2571 2577 inimicorum
2626 2526 2779 2593 ejus,
2826 2542 3035 2580 necnon
3080 2527 3335 2585 Ecclesiae
3371 2532 3490 2600 ejus

1932 2612 2168 2666 hostium
2199 2615 2412 2668 ruinam
2451 2617 2695 2674 declarat
2728 2619 2811 2671 his
2854 2619 3068 2674 verbis:
3116 2619 3198 2673 Ibi
3236 2623 3490 2692 confregit

1931 2704 2191 2770 potentias
2234 2721 2483 2770 arcuum,
2536 2707 2694 2760 telum
2721 2746 2734 2770 ,
2780 2708 3014 2776 gladium
3059 2720 3108 2763 et
3152 2712 3385 2776 bellum;
3429 2729 3493 2768 ac

1932 2809 2147 2848 rursum
2178 2813 2188 2846 :
2219 2793 2439 2848 Turbati
2466 2807 2587 2850 sunt
2613 2815 2788 2852 omnes
2817 2800 3114 2866 insipientes
3143 2803 3316 2858 corde.
3350 2805 3491 2859 Dor-

1933 2886 2159 2938 mierunt
2200 2902 2441 2939 somnum
2485 2905 2673 2952 suum,
2718 2899 2767 2942 et
2809 2889 2945 2941 nihil
2983 2891 3286 2947 invenerunt
3315 2913 3489 2952 omnes

1933 2975 2031 3029 viri
2059 2974 2359 3029 divitiarum
2384 2978 2439 3030 in
2465 2979 2708 3032 manibus
2735 2980 2869 3035 suis.
2897 2983 2976 3036 Ab
2998 2986 3350 3055 increpatione
3374 2995 3485 3051 tua,

1933 3063 2073 3118 Deus
2111 3064 2310 3129 Iacob,
2353 3067 2766 3122 dormitaverunt
2808 3088 2983 3127 omnes
3020 3075 3110 3143 qui
3148 3075 3490 3128 ascenderunt

1931 3171 2109 3223 equos.
2146 3155 2353 3220 Quibus
2386 3159 2677 3226 gloriosum
2707 3159 3013 3219 Servatoris
3043 3167 3329 3219 adventum
3356 3148 3490 3221 sub-

269 3239 502 3302 σταξαν
531 3234 749 3299 πάντες
778 3238 831 3289 οὶ
861 3235 1270 3303 ἐπιϐεϐηκότες
1293 3235 1434 3298 τοὺς
1470 3238 1689 3300 ἵππους
1709 3251 1722 3265 °
1754 3232 1833 3300 οἷς
1861 3271 1905 3330 c
1931 3245 1967 3311 ᾗ

1786 3232 2052 3330 ἷςοῇςὶι
2101 3245 2326 3300 dicens:
2386 3247 2459 3300 De
2513 3250 2640 3304 cmlo
2689 3253 2926 3306 auditum
2983 3256 3151 3322 fecisti
3196 3258 3484 3327 judicium,

271 3330 622 3385 ὲπισυνάπτει
657 3327 754 3397 τὴν
784 3325 987 3389 ἔνδοξον
1015 3327 1106 3378 τοῦ
1143 3327 1390 3396 Σωτῆρος
1419 3329 1715 3396 παρουσίαν
1745 3328 1831 3381 λέ·-

268 3440 376 3489 γων
396 3441 408 3452 ·
456 3422 550 3472 Ἐκ
579 3418 682 3472 τοῦ
708 3418 961 3483 οὐρανοῦ
991 3418 1319 3483 ἡκούτισας
1350 3418 1569 3484 κρίσιν,
1596 3419 1673 3488 τῆ
1694 3420 1830 3487 ἐφο-

1938 3344 2077 3389 terra
2107 3338 2316 3390 tremuit
2346 3347 2392 3391 et
2425 3341 2647 3408 quievit,
2681 3358 2798 3394 cum
2829 3357 3128 3415 exsurgeret
3155 3349 3207 3399 in
3231 3349 3488 3415 judicium

1937 3425 2078 3479 Deus
2101 3469 2114 3490 ,
2147 3439 2203 3480 ut
2234 3428 2404 3481 salvos
2436 3429 2630 3497 faceret
2659 3448 2833 3485 omnes
2865 3449 3007 3502 reges
3040 3446 3211 3489 terrm.

271 3515 416 3583 ὄήθη
451 3513 547 3566 καὶ
574 3513 890 3579 ἡσύχασεν
915 3511 983 3562 ἐν
1015 3509 1093 3574 τῷ
1119 3509 1488 3578 καταστῆναι
1543 3515 1628 3578 εἰς
1664 3515 1864 3582 κρίσιν
1900 3519 2004 3573 τὸν
2045 3522 2215 3589 Θεὸν,
2243 3523 2349 3577 τοῦ
2384 3521 2576 3578 σῶσαι
2610 3525 2837 3595 πάντας
2865 3529 3005 3590 τοὺς
3062 3530 3342 3592 ,ϐασιλεῖς
3381 3527 3487 3594 τῆς

270 3629 399 3677 της-

1009 3725 1084 3777 E'.

251 3845 262 3858 -
340 3819 451 3873 Καὶ
474 3820 501 3871 ὀ
538 3817 674 3879 μετὰ
695 3819 880 3888 χεῖρας
912 3815 1004 3868 τοῦ
1033 3818 1130 3886 μὲν
1171 3817 1340 3886 Ἀσὰφ
1385 3820 1657 3888 τυγχάνει,
1695 3822 1826 3873 ὑπο-

273 3909 468 3980 γράφει
497 3909 572 3974 δὲ,
597 3909 666 3960 ’Υ
664 3907 774 3975 πὲρ
807 3905 1080 3975 ἰδιθούμ·
1116 3898 1242 3977 περὶ
1281 3903 1343 3962 οὗ
1377 3909 1827 3981 προδιειλήφαμεν

271 4002 355 4055 διὰ
376 4002 484 4054 τῶν
506 3999 1052 4072 ἔμπροσθεν.”Εοικεν
1079 3999 1136 4050 δὲ
1167 4000 1303 4068 ὑπὲρ
1327 3999 1420 4050 τοῦ
1453 3999 1681 4068 Ἰδιθοὺμ
1708 4019 1828 4056 συν-

272 4093 482 4146 τάττειν
512 4093 633 4160 τοὺς
667 4090 874 4158 λόγους,
905 4088 1072 4140 πολλὰ
1109 4090 1182 4150 ὡς
1222 4089 1442 4152 εἰκότως
1474 4091 1558 4158 ἐφ’
1586 4087 1664 4154 οἷς
1697 4093 1829 4165 ἀκή-

273 4197 394 4234 κοεν
417 4182 543 4250 περὶ
568 4177 662 4231 τοῦ
689 4176 816 4229 λαοῦ
847 4177 1350 4242 καταστενάζοντος,
1383 4179 1830 4250 λειποθυμσῦντός

271 4288 330 4324 τε
358 4271 456 4340 ἤδη
487 4270 578 4322 καὶ
609 4266 800 4338 μικροῦ
842 4266 949 4318 δεῖν
997 4266 1088 4318 καὶ
1134 4267 1320 4319 ἑαυτὸν
1370 4269 1828 4338 ἀπογινώσκοντος

273 4360 357 4414 διὰ
401 4359 499 4421 τὰς
549 4356 641 4408 τοῦ
675 4355 802 4408 λαοῦ
835 4357 1173 4424 παρανομίας
1217 4357 1310 4410 καὶ
1351 4359 1418 4410 τὰ
1449 4360 1831 4430 ωμὸησὸμενα

271 4452 336 4506 δι’
359 4448 528 4511 αὐτὰς
573 4448 651 4517 τῷ
685 4448 844 4499 παντὶ
887 4446 1042 4499 ἔθνει.
1078 4447 1152 4497 Δι’
1182 4447 1210 4499 ὃ
1242 4450 1299 4502 ὲν
1325 4449 1464 4519 ἀρχῇ
1511 4450 1607 4518 μὲν
1651 4450 1725 4512 ὡς
1770 4454 1834 4504 ἐκ

275 4539 564 4610 προσώπου
609 4539 771 4593 αὑτοῦ
820 4537 998 4607 τίθησι
1040 4537 1118 4600 τὸ,
1152 4539 1490 4607 Φωνῇνμου
1534 4540 1686 4607 πρὸς
1731 4543 1835 4596 τὸν

278 4601 424 4686 Θεὸν
466 4632 775 4701 ἐκέκραξα,
814 4601 982 4699 φωνῇ
1026 4649 1143 4699 μου
1195 4601 1343 4699 προς
1374 4601 1493 4684 ’τὸν
1542 4601 1703 4696 Θεὸν,
1739 4634 1836 4688 καὶ
1865 4601 1910 4656 D

277 4723 581 4793 προσέσχε
613 4739 741 4792 μοι·
776 4719 870 4773 εἷθ’
904 4722 1030 4790 ἑξῆς
1061 4721 1158 4791 τὴν
1205 4723 1500 4794 γενομένην
1527 4723 1672 4792 αὑτῴ
1704 4724 1838 4778 ἀθυ-

281 4815 410 4884 μίαν
443 4814 723 4882 ὑποφαίνει
753 4813 953 4881 λέγων’
997 4814 1359 4878 Ἀπηνήνατο
1388 4814 1838 4882 παρακληθῆναι

279 4903 317 4971 ἠ
350 4903 546 4974 ψυχή.
568 4921 706 4972 μου,
737 4901 1114 4970 ἠδολέσχησε
1153 4904 1249 4956 καὶ
1298 4905 1716 4974 ὡλιγοψύχησε
1771 4907 1838 4961 τὸ

280 4986 513 5062 πνεῦμά
539 4993 1058 5064 μου.“Εταράχθην
1103 4995 1201 5048 καὶ
1246 4999 1356 5051 οὐκ
1403 4996 1695 5063 ἐλάλησα.
1730 5000 1838 5050 Καὶ

283 5085 522 5152 ἐπιλέγει
544 5104 557 5116 ο
589 5087 833 5154 Νύκτωρ
864 5088 1013 5154 μετὰ
1059 5085 1166 5151 τῆς
1209 5087 1453 5156 καρδίας
1476 5104 1593 5156 μου
1630 5086 1840 5152 ἠδολέ-

283 5175 598 5245 σχουνηιαι
618 5176 925 5230 ἕσπαλλον
958 5175 1019 5228 τὸ
1061 5175 1293 5244 πνεῦμά
1308 5173 1552 5246 μου.Μὴ
1584 5177 1670 5238 εὶς
1696 5176 1840 5242 τοὺς

283 5265 500 5328 αἰῶνας
531 5263 826 5318 ἀπώσεται
852 5266 1084 5334 Κύριος,
1126 5266 1223 5322 καὶ
1254 5271 1325 5322 οὐ
1363 5265 1692 5338 προσθήσει
1733 5269 1838 5323 τοῦ

283 5352 604 5420 εὐδοκῆσαι
632 5355 750 5416 ett;
781 5352 818 5420 ἢ
846 5355 938 5419 εὶς
965 5355 1136 5421 τέλος
1180 5356 1245 5410 τὸ
1275 5357 1445 5425 ἕλεος
1471 5357 1651 5411 αὐτοῦ
1695 5358 1838 5412 ἀπο-

285 5445 498 5513 κρύψει
525 5439 642 5494 ἀπὸ
668 5439 872 5510 γενεᾶς
894 5443 980 5506 εἰς
1009 5444 1253 5511 rei-eoin
1281 5445 1319 5513 ἦ
1359 5445 1708 5515 ἐπιλήσεται
1732 5447 1836 5500 τοῦ

285 5530 642 5601 οἱκτειρῆσαι
666 5533 698 5583 ό
727 5530 886 5595 Θεὸς,
912 5530 951 5598 ἢ
976 5534 1216 5598 συνέξει
1259 5535 1328 5588 ἐν
1365 5534 1439 5604 τῇ
1483 5533 1626 5604 ὀργῇ
1652 5535 1837 5589 αὐτοῦ

287 5625 427 5687 τοὺς
473 5609 803 5691 οὶκτιρμοῦς
857 5622 1068 5686 morm};
1113 5625 1272 5678 Ταῦτ’
1299 5621 1368 5698 ἦν
1414 5628 1483 5680 τὰ
1526 5625 1836 5696 λυπήσαντα

290 5713 385 5780 τὴν
416 5714 509 5769 τοῦ
543 5710 771 5783 Ἰδιθοὺμ
795 5711 984 5783 ψυχήν.
1017 5714 1092 5766 Δι’
1115 5714 1146 5767 δ
1174 5716 1352 5780 καλῶς
1376 5717 1832 5789 ὠλιγοιιαυχηκέναι

363 5871 406 5903 ⁸³
434 5868 576 5926 Psal.
603 5887 760 5939 un,
793 5873 841 5929 ι,
915 5874 958 5903 "
991 5869 1129 5928 Psal.
1170 5888 1354 5942 um,
1394 5876 1439 5928 t.

1999 3822 2099 3876 Hic
2123 3823 2250 3878 item
2275 3825 2514 3892 psalmus
2537 3825 2738 3896 Asaplii
2766 3836 2844 3881 est
2876 3847 2887 3880 :
2922 3828 3116 3884 titulus
3147 3839 3326 3885 autem
3361 3832 3480 3900 ejus

1930 3916 2038 3974 est,
2075 3909 2178 3965 Pro
2207 3910 2442 3965 [dit/tum
2469 3913 2514 3944 ⁸³
2540 3930 2555 3978 ;
2586 3913 2777 3984 dequo
2799 3915 2908 3982 jam
2937 3919 3208 3986 superius.
3240 3917 3482 3973 Videtur-

1934 4015 2038 4068 que
2071 4003 2374 4055 sermonem
2405 4013 2585 4056 texere
2618 4017 2716 4070 pro
2746 4001 2980 4057 ldithum
3003 4044 3017 4068 ,
3045 4007 3137 4074 qui
3171 4007 3358 4060 audito
3389 4025 3486 4078 po—

1935 4090 2045 4160 puli
2091 4097 2274 4152 statu,
2322 4091 2586 4155 multum,
2635 4102 2694 4147 ut
2739 4107 2838 4162 par
2881 4103 3030 4158 erat,
3065 4096 3482 4165 ingemiscebat,

1930 4179 2150 4247 jamque
2178 4179 2358 4232 animo
2385 4177 2704 4245 deﬁciebat,
2738 4190 2901 4252 atque
2929 4184 3000 4238 ob
3030 4184 3209 4253 populi
3243 4187 3448 4241 scelera
3469 4229 3482 4250 ,

1935 4284 1998 4322 ac
2039 4267 2247 4323 futuras
2290 4269 2419 4336 ideo,
2449 4272 2716 4328 universas
2759 4273 2905 4343 genti
2948 4273 3314 4340 calamitates,
3351 4292 3486 4346 pene

1937 4358 2274 4427 deSperabat.
2319 4357 2497 4423 Quare
2543 4361 2596 4415 in
2637 4362 2904 4432 principio
2934 4365 3184 4431 quidem,
3223 4369 3382 4435 quasi
3417 4383 3485 4427 ex

1937 4463 2164 4518 persona
2197 4443 2368 4518 ipsius
2401 4451 2481 4504 sic
2513 4452 2672 4506 habet
2699 4473 2710 4506 :
2753 4451 2884 4506 Voce
2913 4471 3026 4507 mea
3070 4455 3136 4508 ad
3175 4455 3338 4509 Deum
3370 4457 3487 4510 εια..

1939 4540 2073 4592 mavi
2099 4578 2113 4602 ,
2146 4555 2264 4622 voce
2294 4557 2408 4594 mea
2438 4541 2505 4595 ad
2541 4541 2705 4595 Deum
2731 4584 2745 4607 ,
2775 4554 2823 4597 et
2858 4547 3076 4598 intendit
3105 4546 3252 4599 mihi.
3285 4546 3486 4603 Deinde

1937 4645 2064 4684 vero
2095 4645 2251 4684 suum
2286 4633 2451 4685 animi
2484 4635 2776 4700 deliquium
2809 4635 3114 4688 subindicat
3144 4636 3228 4690 his
3260 4638 3479 4696 verbis:

1938 4719 2123 4773 [lenuit
2176 4724 2440 4776 consolari
2492 4724 2671 4774 anima
2717 4739 2868 4786 mea,
2916 4726 3234 4780 exercitatus
3281 4736 3390 4790 est,
3434 4738 3485 4782 et

1937 4812 2120 4879 defecit
2154 4815 2369 4880 spiritus
2404 4821 2565 4866 meus.
2600 4812 2862 4868 Turbatus
2893 4831 3008 4869 sum
3039 4826 3088 4870 et
3119 4835 3219 4871 non
3248 4835 3361 4872 sum
3405 4817 3484 4871 lo-

1937 4908 2108 4953 cutus.
2149 4899 2248 4956 His
2289 4901 2607 4972 subjungit:
2647 4902 2814 4958 Nocte
2849 4921 2966 4958 cum
3000 4908 3154 4961 corde
3191 4925 3301 4961 meo
3336 4922 3482 4961 exer-

1936 4990 2141 5043 citabar
2186 5001 2234 5046 et
2283 4993 2551 5059 scopebam
2600 4995 2842 5062 spiritum
2890 5013 3077 5051 meum.
3130 4995 3380 5068 Nunquid
3427 5000 3481 5056 in

1936 5093 2190 5136 retentum
2240 5083 2478 5151 projiciet
2534 5085 2822 5150 Dominus,
2872 5102 2961 5141 au.
3006 5104 3106 5143 non
3160 5098 3373 5156 apponet
3421 5102 3480 5145 ut

1937 5172 2293 5239 complacitior
2321 5176 2388 5229 sit
2419 5175 2590 5230 adhuc
2610 5215 2624 5242 ,
2656 5186 2748 5230 aut
2784 5177 2836 5230 in
2876 5178 3031 5244 finem
3071 5179 3480 5239 misericordiam

1937 5279 2086 5315 suam
2115 5260 2391 5320 abscondet
2421 5283 2454 5320 a
2482 5268 2810 5337 generatione
2845 5269 2898 5322 in
2939 5270 3321 5339 generationem
3341 5310 3356 5335 ,
3388 5281 3480 5326 aut

1938 5355 2266 5410 obliviscetur
2295 5359 2528 5413 misereri
2556 5357 2694 5412 Deus
2716 5397 2731 5421 ,
2765 5367 2856 5412 aut
2886 5359 3166 5416 continebit
3187 5361 3241 5414 in
3269 5363 3354 5415 ira
3379 5377 3479 5419 sua

1938 5446 2325 5503 misericordias
2363 5466 2488 5504 suas
2513 5452 2538 5504 7
2570 5446 2693 5504 Haec
2723 5458 2877 5504 erant
2914 5464 3033 5521 qua:
3070 5448 3322 5505 lditbumi
3361 5452 3480 5505 ani-

1936 5555 2078 5594 mam
2110 5539 2433 5611 alﬂigebant.
2474 5542 2653 5608 Quare
2683 5559 2742 5598 se
2772 5545 2951 5598 animo
2979 5542 3242 5600 defecisse
3273 5542 3478 5600 fateba-

1937 5639 2042 5683 tur.
2093 5627 2198 5684 Sed
2252 5629 2488 5700 Spiritus
2529 5640 2751 5687 sanctus
2793 5647 2888 5702 per
2927 5623 3246 5702 prophetam
3291 5630 3474 5698 Asnph

1935 5719 2052 5789 ejus
2099 5717 2271 5776 dolori
2321 5719 2518 5777 deinde
2564 5720 2830 5786 medetur,
2867 5721 2991 5787 dum
3025 5722 3134 5776 ait:
3171 5719 3299 5786 Quis
3332 5719 3475 5776 Deus
