4300 6404
773 447 873 500 82]

1468 447 1730 502 EUSEBII
1763 449 2230 508 CESABIENSIS
2269 452 2415 509 OPP.
2459 453 2635 508 PARS
2669 451 2844 506 lll.-—
2881 451 3284 508 EXEGETICA.

3868 453 3970 509 828

702 561 713 574 ’
774 577 998 630 magnus
1042 564 1174 616 sicut
1221 560 1358 617 Deus
1392 569 1610 620 noster?
1638 566 1712 619 Tu
1757 584 1809 620 es
1857 567 1998 620 Deus
2043 570 2130 635 qui
2182 569 2318 636 facis
2350 592 2388 642 Α

2273 572 2318 623 is
2350 592 2388 642 Α
2422 572 2700 640 ὡμολόγει.
2720 571 2876 623 Ἀλλά
2906 571 2964 622 τὸ
2998 559 3136 623 θετον
3172 567 3393 639 Πνεῦμα
3433 568 3518 622 διὰ
3566 567 3658 622 τοῦ
3697 573 3970 641 προφήτου

774 653 1060 706 mirabilia.
1101 652 1295 706 Notam
1329 653 1500 721 fecisti
1534 658 1587 708 in
1617 657 1821 723 populis
1857 658 2098 710 virtutem
2133 667 2312 724 tuam,

771 742 1039 796 redemisti
1083 746 1133 795 in
1166 745 1373 797 brae/tio
1406 756 1492 798 tuo
1525 748 1770 813 populum
1820 755 1998 808 tuum,
2044 750 2183 816 ﬁlios
2214 749 2313 802 Ja-

775 838 864 887 cob
910 846 957 888 et
1006 837 1237 904 .loseplt;
1294 854 1357 891 ac
1418 854 1675 892 rursum:
1725 838 1974 892 Viderunt
2027 849 2072 892 te
2134 856 2315 909 aquis,

775 926 909 980 Deus
933 967 946 989 ,
979 929 1214 981 viderunt
1245 939 1291 983 te
1323 946 1502 998 aqua,
1530 939 1577 981 et
1605 931 1922 993 timuerunt,
1948 935 2168 985 turbata:
2197 941 2317 985 sunt

774 1017 988 1085 abyssi:
1039 1019 1320 1071 multitudo
1357 1022 1557 1072 sonitus
1589 1036 1882 1087 aquarum:
1917 1036 1980 1074 ac
2015 1036 2318 1074 sermonem

772 1107 856 1166 his
885 1108 1171 1176 obsignat:
1219 1108 1493 1161 Deduxisti
1540 1112 1672 1163 sicut
1721 1127 1833 1164 oves
1877 1110 2124 1178 populum
2174 1118 2319 1162 tuum

772 1198 827 1249 in
871 1215 1027 1250 manu
1073 1197 1243 1266 Μουεὶ
1288 1208 1334 1250 et
1381 1199 1574 1252 Aaron.
1623 1199 1745 1252 Haec
1780 1199 2096 1252 necessario
2142 1197 2321 1265 Asaph

773 1288 875 1354 ipsi
923 1286 1152 1340 ldithum
1178 1289 1649 1350 commemoravit,
1687 1296 1744 1340 ut
1784 1304 1848 1342 ne
1881 1288 2022 1340 ultra
2067 1275 2267 1342 diceret
2303 1304 2318 1340 ;

775 1375 1111 1430 Exercitatus
1150 1391 1227 1430 est
1265 1387 1311 1430 et
1333 1378 1518 1445 defecit
1564 1379 1777 1444 spiritus
1821 1394 1999 1440 meus;
2031 1378 2124 1432 sed
2160 1378 2323 1430 mira-

774 1468 974 1520 bilibus
1019 1467 1112 1521 Dei
1155 1484 1238 1536 pet
1289 1469 1526 1536 Moysem
1571 1468 1698 1544 olim
1732 1468 1932 1538 gestis,
1970 1469 2125 1537 queis
2156 1483 2326 1536 popu«

777 1559 886 1612 lum
918 1573 1074 1610 suum
1099 1560 1343 1619 redemit,
1368 1558 1521 1612 ﬁdem
1548 1558 1752 1612 habens
1781 1575 1878 1628 pro
1905 1559 2086 1614 futuro
2107 1575 2320 1628 quoque

776 1657 1016 1716 tempore
1045 1650 1237 1702 similia
1271 1658 1524 1703 eventura
1556 1659 1810 1717 speraret.

2434 663 2598 729 Ἀσάφ
2641 663 2762 732 ἑξῆς
2807 662 2873 714 τὰ
2911 662 3126 732 λυπηρά
3171 661 3456 732 θεραπεύει
3488 663 3544 712 ὲν
3571 657 3649 723 οἷς
3679 679 3838 730 φησι·
3878 665 3971 728 Τίς

2389 745 2394 748 ’
2423 751 2758 819 Θεὸςμέγας
2787 753 2865 815 ὠς
2892 755 2922 803 d
2942 753 3082 815 Θεὸς
3106 748 3301 818 iuxtim;
3321 750 3400 802 Σὺ
3427 746 3485 802 εἴ
3508 753 3539 802 ό
3569 749 3707 813 Θεὸς
3735 753 3766 802 ὀ
3790 748 3971 803 ποιῶν

2422 841 2735 908 θαυμάσια.
2755 840 3106 908 Ἐγνώρισας
3128 840 3195 892 ἐν
3219 838 3340 902 τοῖς
3371 839 3539 902 λαοῖς
3575 838 3688 903 τὴν
3721 837 3973 904 δύναμίν

2423 947 2556 993 σου,
2583 932 2892 998 ἐλυτρώσω
2910 931 2976 981 ἐν
3001 929 3076 993 τῷ
3096 929 3380 997 ,βραχίονι
3405 944 3519 982 σου
3543 929 3647 980 τὸν
3659 929 3810 986 λαόν
3834 942 3971 990 σου,

2424 1022 2564 1084 τοὺς
2597 1022 2763 1084 υίοὺς
2799 1021 2997 1073 Ἰακὼϐ
3035 1020 3129 1072 καὶ
3175 1019 3409 1088 Ἰωσήςρο
3458 1020 3548 1072 καὶ
3583 1015 3768 1080 αὖθις·
3807 1018 3973 1071 Εἶδο-

2424 1108 2544 1160 σάν
2592 1126 2663 1160 σε
2719 1109 2921 1170 ὕδατα,
2957 1113 2987 1160 ό
3021 1108 3181 1172 Θεὸς,
3213 1108 3459 1162 εἴδοσάν
3503 1125 3576 1160 σε
3629 1107 3832 1170 ὕδατα,
3878 1107 3974 1159 καὶ

2423 1200 2824 1268 ἐφοϐήθησαν,
2865 1199 3277 1266 ἐταράχθησαν
3315 1203 3373 1252 al
3408 1201 3661 1252 ἁϐυσο-οι
3686 1217 3698 1229 ·
3743 1198 3973 1265 πλῆθος

2425 1289 2612 1356 ἤχους
2655 1289 2898 1352 ὕδατος·
2944 1289 3036 1342 καὶ
3079 1291 3520 1359 ὲπισφραγίζεται
3556 1289 3768 1356 λέγων’
3812 1287 3974 1352 Ὠδή-

2425 1394 2614 1448 γησας
2650 1381 2727 1445 ὼς
2770 1382 3027 1448 πρόϐατα
3049 1380 3153 1432 τὸν
3180 1381 3330 1432 λαόν
3353 1397 3467 1432 σου
3491 1382 3558 1433 ἐν
3580 1381 3724 1449 χειρὶ
3755 1378 3972 1447 Μωῢσῆ

2423 1470 2516 1521 καί
2556 1469 2781 1536 Ἀαρὼν.
2801 1469 3126 1535 Ἀναγκαίως
3156 1450 3210 1520 δὲ
3237 1469 3436 1520 τούτων
3455 1470 3483 1520 ὁ
3514 1470 3681 1537 Ἀσάφ
3699 1468 3974 1536 ὑπέμνησε

2423 1560 2509 1610 τὸν
2559 1558 2804 1626 Ἰδιθοὺμ,
2851 1558 2924 1619 ὡς
2972 1558 3037 1610 ἀν
3089 1559 3281 1628 μηκέτι
3335 1558 3509 1625 λέγοι·
3578 1557 3976 1627 Ἠδολέσχησε

2426 1649 2522 1702 καὶ
2571 1648 2991 1715 ἀλλιγοψύχησε
3040 1649 3103 1700 τὸ
3155 1649 3384 1716 πνεῦμά
3421 1666 3566 1717 μου·
3621 1649 3888 1701 πιστεύων
3919 1647 3976 1698 δὲ

778 1744 887 1805 τοῖς
914 1742 1075 1795 πάλαι
1108 1744 1197 1794 ἐπὶ
1223 1744 1494 1805 Μωῦσέως
1525 1745 1615 1796 τοῦ
1647 1744 1780 1797 Θεοῦ
1815 1746 2132 1814 παραδόξοις
2157 1745 2354 1815 ἔργοις,
2392 1745 2455 1795 δι’
2505 1737 2578 1795 ὧν
2617 1741 2949 1812 ὲλυτρώσατο
2991 1743 3079 1794 τὸν
3126 1742 3269 1805 λαὸν,
3313 1743 3380 1794 τὰ
3422 1744 3578 1813 ὅμοια
3625 1745 3716 1796 καὶ
3759 1746 3836 1805 είς
3886 1742 3977 1794 τὸν

779 1833 994 1888 ἑπιὸντα
1030 1834 1213 1903 χρόνον
1251 1834 1452 1898 ἐλπίζοι
1481 1835 1820 1905 γενήσεσθαι.

1499 1943 1586 1996 Vl.

848 2033 1042 2090 Sextus
1086 2049 1260 2103 neque
1290 2034 1532 2102 psalmus
1559 2042 1642 2088 est
1676 2050 1849 2103 neque
1879 2012 2179 2096 canticum,
2231 2051 2325 2089 ne-

779 2142 883 2195 que
915 2127 1182 2196 hymnus,
1223 2139 1398 2193 neque
1440 2125 1491 2176 iu
1542 2123 1699 2178 tinem
1734 2125 1980 2178 remittit.
2017 2125 2196 2190 Quare
2227 2127 2328 2178 hu-

777 2216 1014 2286 iusmodi
1057 2215 1191 2268 nihil
1235 2215 1288 2268 in
1330 2215 1487 2268 titulo
1536 2214 1736 2269 habet:
1771 2215 1862 2268 sed
1896 2229 1996 2268 nos
2029 2213 2095 2266 ad
2139 2228 2325 2266 eorum

778 2321 900 2376 qua:
929 2296 1294 2360 hic‘feruntur
1325 2306 1732 2375 intelligentiam
1763 2305 1981 2359 excitat.
2013 2304 2123 2356 Cur
2150 2311 2328 2356 autem
2361 2335 2365 2342 -

780 2395 912 2450 nihil
942 2409 1128 2448 eorum
1160 2411 1281 2464 quae
1313 2396 1550 2448 diximus
1582 2394 1685 2448 fert
1715 2385 2034 2461 inscriptio,
2067 2393 2171 2446 nisi
2203 2393 2328 2460 quia

782 2493 928 2539 totus
955 2484 1045 2537 hic
1078 2499 1256 2539 sermo
1283 2482 1562 2536 Iudaicum
1609 2489 1819 2548 gentem
1856 2480 2104 2542 incusat,
2148 2481 2331 2548 pristi-

783 2590 883 2629 nas
925 2589 1114 2628 eorum
1157 2573 1460 2640 impietates
1502 2572 1871 2625 enumerans?
1920 2570 2071 2635 Quod
2103 2572 2167 2623 ad
2199 2557 2331 2636 justi

777 2665 966 2733 judicii
1018 2663 1110 2716 Dei
1146 2662 1510 2716 defensionem
1541 2662 1798 2730 propheta
1828 2663 2207 2715 concinnavit:
2247 2677 2332 2713 va-

783 2756 1104 2821 ticinaturus
1129 2753 1271 2805 enim
1299 2767 1359 2806 ea
1382 2792 1393 2813 ,
1420 2768 1538 2822 qua:
1564 2761 1688 2805 ante
1715 2750 2017 2806 Servatoris
2043 2754 2329 2806 adventum

785 2845 983 2914 p0pulo
1017 2853 1274 2898 eventura
1306 2852 1460 2898 erant
1482 2883 1496 2907 ,
1529 2844 1836 2898 necessario
1863 2845 2021 2897 docet
2053 2845 2199 2912 ipsos
2228 2858 2332 2895 non

785 2934 1115 2988 modicarum
1184 2935 1515 3002 impietatum
1580 2949 1744 2988 causa
1805 2935 1990 2988 isthmc
2055 2949 2328 3003 passuros.

785 3025 1140 3092 Quamobrem
1191 3031 1433 3077 recenset
1481 3024 1568 3077 ille
1619 3024 1832 3092 quoties
1882 3026 2247 3092 peccaverint,
2281 3024 2349 3078 et

788 3115 996 3184 quoties
1045 3111 1137 3166 Dei
1191 3113 1446 3180 patientia
1500 3124 1721 3180 peccata
1768 3127 1954 3167 eorum
2002 3115 2217 3179 tulerit,
2271 3131 2333 3169 ac

789 3203 1058 3274 quomodo
1092 3204 1304 3256 demum
1336 3219 1456 3256 cum
1484 3203 1794 3270 implessent
1824 3206 2153 3272 impietatum
2182 3221 2332 3259 men-

2508 2036 2563 2086 ’0
2593 2035 2745 2094 ἕκτος
2772 2032 2952 2084 οὐκέτι
2983 2031 3190 2098 ψαλμος
3215 2030 3331 2082 οὐδὲ
3360 2030 3467 2100 ᾠδὴ
3495 2030 3612 2082 οὐδὲ
3648 2030 3832 2100 ὕμνος,
3855 2033 3976 2085 οὐδὲ

2427 2123 2729 2190 ἀναπέμπει
2756 2124 2830 2181 είς
2859 2121 2917 2170 τὸ
2938 2119 3270 2180 τέλος.”υθεν
3294 2119 3442 2171 οὐδὲν
3464 2119 3662 2171 τούτων
3687 2121 3979 2192 έπιγέγρα⁸

2430 2229 2584 2264 πται·
2612 2211 2861 2278 διεγείρει
2888 2209 2942 2260 δὲ
2974 2210 3118 2277 ἡμᾶς
3165 2211 3241 2270 είς
3287 2210 3497 2260 σύνεσιν
3525 2208 3632 2262 τῶν
3673 2210 3978 2282 ἐμφερομέ-

2427 2319 2549 2353 νων.
2580 2301 2675 2352 Διά
2707 2300 2756 2351 τί
2789 2301 2843 2352 δὲ
2881 2301 3039 2370 μηδὲν
3064 2299 3169 2350 τῶν
3194 2299 3596 2369 προειρημένων
3621 2301 3654 2368 ἡ
3690 2303 3975 2371 προγραφὴ

2431 2392 2686 2460 περιέχει,
2715 2390 2823 2441 ἀλλ’
2852 2389 3140 2458 ἐπειδήπερ
3186 2391 3212 2440 ό
3260 2389 3365 2450 πᾶς
3396 2389 3550 2454 λόγος
3581 2387 3671 2440 τοῦ
3717 2389 3979 2442 Ἰουδαίων

2431 2483 2610 2544 ἔθνους
2641 2484 2945 2551 κατηγορεῖ,
2973 2479 3468 2550 καταριθμούμενος
3511 2478 3687 2530 αὐτῶν
3715 2480 3783 2530 τά
3812 2479 3976 2532 πάλαι

2430 2573 2776 2641 ἀσεϐήματα;
2813 2569 2978 2622 Τοῦτο
3015 2570 3069 2621 δὲ
3105 2572 3326 2639 πράττει
3357 2573 3384 2621 ό
3428 2570 3705 2639 προφήτης
3746 2571 3823 2632 είς
3852 2572 3981 2622 ἀπο-

2429 2660 2609 2727 λογίαν
2649 2661 2746 2729 τῆς
2777 2657 2884 2712 ’ποῦ’
2913 2658 3044 2712 Θεοῦ
3074 2660 3490 2729 δικαιοκρισίας·
3527 2657 3730 2729 μέλλων
3755 2660 3862 2730 γὰρ
3891 2659 3979 2712 θε-

2433 2753 2639 2814 σπίζειν
2662 2753 2728 2804 τά
2761 2753 3144 2821 συμϐησόμενα
3167 2751 3242 2820 τῷ
3268 2751 3406 2803 ἔθνει
3435 2751 3538 2821 πρὸ
3561 2751 3659 2820 τῆς
3679 2751 3769 2804 τοῦ
3794 2750 3980 2820 Σωτῆ-

2435 2861 2523 2914 ρος
2557 2844 2868 2914 παρουσίας,
2897 2843 3200 2909 ἀναγκαίως
3231 2842 3482 2903 διδάσκει,
3521 2843 3600 2895 δτι
3640 2842 3712 2912 μὴ
3755 2843 3844 2894 ἐπὶ
3892 2859 3979 2911 μι-

2433 2940 2581 3007 κροῖς
2623 2935 2924 3004 ἀσεϐήμασι
2972 2935 3140 2986 ταῦτα
3191 2935 3481 2985 πείσονται.
3530 2933 3723 3003 Διόπερ
3749 2950 3980 3004 καταρι-

2433 3027 2643 3097 θμεῖται
2658 3013 3062 3096 όσάκιςῆμαρτέ
3079 3025 3168 3077 καὶ
3184 3025 3369 3084 ὁσάκις
3389 3025 3612 3092 ἤνεγκεν
3633 3026 3820 3086 αὐτοὺς
3833 3027 3865 3093 ἡ
3884 3021 3978 3078 τοῦ

2432 3118 2564 3170 Θεοῦ
2598 3116 2961 3186 μακροθυμία,
3004 3115 3093 3166 καὶ
3122 3114 3194 3175 ὡς
3220 3113 3440 3182 ὕστερον
3473 3112 3858 3182 πληρώσαντας
3879 3115 3979 3168 αὖα

2434 3209 2554 3270 τοὺς
2579 3209 2636 3259 τὸ
2669 3208 2860 3276 μέτρον
2885 3205 2990 3258 τῶν
3014 3203 3178 3274 ἀσεϐη
3188 3205 3364 3273 μάτων
3384 3204 3692 3256 δικαιότατα
3720 3205 3979 3275 μετῆλθεν

785 3308 971 3349 suram
996 3330 1010 3356 ,
1050 3308 1141 3347 eos
1178 3293 1322 3361 ipsos
1345 3292 1632 3345 admodum
1656 3292 1799 3361 juste
1835 3295 1912 3345 ira
1937 3291 2027 3346 Dei
2058 3294 2328 3347 invaserit.
2359 3279 2398 3332 (ἶ
2433 3300 2465 3367 η

2281 3295 2328 3346 it.
2359 3279 2398 3332 (ἶ
2433 3300 2465 3367 η
2497 3287 2557 3349 ὲκ
2588 3296 2720 3350 Θεοῦ
2761 3296 3017 3365 ὀργή.”“⁷ῐν’
3046 3289 3136 3345 οῦν
3181 3293 3350 3346 ταῦτα
3394 3294 3626 3363 γνῶμεν,
3672 3295 3979 3363 ἀναγκαίως

789 3382 861 3439 Ut
887 3384 996 3437 haec
1029 3385 1209 3452 itaque
1237 3399 1626 3454 cognoscamus
1647 3422 1661 3446 ,
1690 3383 1999 3438 necessario
2029 3386 2107 3437 sic
2135 3383 2332 3440 inscri-

789 3474 902 3532 bit:
940 3474 1240 3529 Intellectus
1273 3475 1450 3541 Asaph
1480 3475 1545 3538 ⁸³,
1579 3489 1643 3529 ac
1677 3474 1730 3528 in
1765 3475 2117 3544 sequentibus
2149 3477 2330 3530 omnia

789 3583 976 3622 eorum
1009 3568 1214 3622 scelera
1246 3573 1515 3620 recenset.

1491 3675 1600 3730 VII.

818 3833 822 3837 I
859 3770 1150 3840 Postquam
1180 3771 1573 3827 multitudinem
1615 3780 1958 3840 peccatorum
1985 3771 2189 3827 Iudaici
2235 3789 2331 3842 po-

793 3861 902 3930 puli
943 3861 1258 3930 compeudio
1287 3864 1574 3926 retulerat,
1605 3870 1657 3914 et
1690 3875 1786 3915 ceu
1827 3863 1880 3915 in
1911 3863 2070 3931 cippo
2105 3863 2331 3916 crimina

793 3964 979 4001 eorum
1003 3949 1390 4017 insculpserat;
1415 3960 1806 4018 consequenter
1832 3949 1917 4003 hic
1944 3951 2293 4019 irruptionem
2313 3989 2328 4014 ,

797 4055 915 4110 quive
945 4048 1184 4108 tempore
1215 4041 1464 4094 Antiochi
1499 4040 1665 4111 Syriae
1698 4041 1840 4109 regis
1876 4039 2015 4094 facta
2044 4049 2158 4104 est,
2190 4041 2331 4094 vati-

796 4133 1026 4186 cinatur.
1056 4130 1156 4194 Qui
1185 4129 1570 4201 Jerosolymam
1601 4133 1909 4201 ingressus,
1942 4133 2195 4200 templum
2225 4147 2332 4187 non

790 4223 1014 4283 evertit,
1045 4220 1137 4274 sed
1170 4220 1507 4288 profanavit,
1545 4230 1702 4290 atque
1736 4233 1942 4293 gentem
1974 4223 2038 4275 ad
2074 4223 2213 4276 idola
2248 4237 2332 4275 co-

793 4312 949 4367 lenda
993 4313 1272 4380 compulit.
1324 4310 1561 4375 Quarum
1607 4327 1784 4365 rerum
1831 4313 2146 4376 historiam,
2194 4313 2332 4367 liber

795 4401 1215 4456 Hachabmorum
1280 4401 1570 4468 inscriptus
1615 4405 2006 4470 complectitur.
2034 4403 2090 4457 In
2114 4419 2221 4473 quo
2246 4418 2334 4457 oc-

792 4494 1034 4548 cisorum
1066 4508 1321 4547 numerus
1341 4533 1354 4556 ,
1385 4493 1624 4560 variique
1665 4493 1808 4545 modi
1838 4495 1989 4560 queis
2021 4507 2117 4561 pro
2135 4493 2334 4560 pietate

2432 3387 2738 3456 ἐπιγράφει,
2768 3383 3073 3447 Συνέσεως
3121 3381 3198 3446 τῷ
3234 3385 3431 3450 Ἀσὰςρ,
3468 3385 3558 3436 καὶ
3601 3384 3799 3452 προῖὼν
3851 3385 3978 3456 ἑξῆς

2431 3477 2915 3546 ἀνακεφαλαιοῦται
2949 3475 3123 3527 αὐτῶν
3156 3475 3330 3538 πάσας
3365 3475 3460 3536 τάς
3494 3476 3851 3544 παρανομίας.

3170 3679 3242 3729 Z'.

2516 3767 2933 3835 Ἐπιτεμόμενος
2972 3783 3032 3818 το
3075 3766 3273 3833 πλῆθος
3322 3767 3427 3819 τῶν
3479 3767 3835 3837 ἀσεϐημάτων
3887 3769 3978 3823 τοῦ

2445 3857 2706 3909 Ἰουδαίων
2740 3855 2939 3917 ἔθνους,
2975 3857 3066 3907 καὶ
3094 3855 3278 3925 ὥσπερ
3311 3858 3368 3908 ὲν
3399 3857 3563 3926 στήλῃ
3596 3857 3696 3920 τὰς
3730 3859 3851 3911 κατ’
3882 3861 3979 3912 αὐ-

2430 3947 2538 3999 τῶν
2571 3947 2894 4016 κατηγορίας
2919 3945 3245 4008 ὲντυπώσας,
3275 3947 3577 4010 ἀκολούθως
3605 3947 3692 4000 διά
3717 3948 3821 4001 τῶν
3851 3951 3983 4020 προ-

2433 4038 2693 4108 κειμένων
2721 4039 2816 4108 τὴν
2839 4039 3128 4108 γενομένην
3160 4040 3274 4090 κατ’
3305 4039 3478 4090 αὐτῶν
3505 4039 3860 4092 ἐπανάστασιν
3885 4058 3982 4094 κα-

2431 4129 2498 4180 τὰ
2526 4130 2650 4189 τοὺς
2678 4129 2896 4197 χρόνους
2930 4129 3194 4198 Ἀντιόχου
3210 4127 3317 4179 ’τοῦ
3350 4129 3446 4195 τῆς
3487 4129 3680 4198 Συρίας
3724 4129 3979 4198 βασιλέως

2434 4214 2691 4276 θεσπίζει.
2713 4215 2767 4266 Ὀ
2794 4215 3027 4268 ἐπελθὼν
3061 4220 3169 4277 τοῖς
3209 4215 3606 4286 Ἱεροσολύμοις,
3646 4218 3704 4270 οὐ
3736 4219 3983 4289 καθαιρεῖ

2437 4301 2553 4371 μὲν,
2589 4302 2800 4372 βεϐηλοῖ
2827 4303 2962 4355 δὲτὸ
2987 4306 3146 4375 ἱερὸν,
3176 4305 3573 4376 είδωλολατρεῑν
3597 4308 3980 4375 ὲπαναγκάσας
4047 4358 4053 4373 ,

2433 4392 2491 4444 τὸ
2523 4393 2686 4455 ἔθνος.
2717 4394 2928 4444 Τούτων
2961 4393 3015 4444 δὲ
3049 4396 3142 4462 τὴν
3177 4395 3410 4465 ἱστορίαν
3441 4398 3471 4464 ἢ
3503 4397 3608 4448 τῶν
3647 4399 3983 4468 ὲπιγεγραμυ

2439 4484 2610 4553 μένων
2657 4483 3023 4536 Μακκαὸαίων
3067 4483 3238 4550 βίϐλος
3284 4486 3554 4554 περιέχει’
3604 4488 3660 4537 ὲν
3781 4487 3872 4538 καὶ
3911 4489 3981 4542 τά

796 4583 1110 4650 martyrium
1137 4581 1372 4649 perpessi
1397 4591 1541 4644 sunt,
1580 4582 1980 4636 describuntur.
2010 4581 2187 4647 Quare
2221 4584 2329 4650 spi-
2367 4597 2406 4650 υ
2438 4572 2494 4625 πῖ

2283 4584 2329 4633 .i.
2367 4597 2406 4650 υ
2438 4572 2610 4642 πλήθη
2640 4573 2746 4623 τῶν
2779 4574 3153 4643 ἀνῃρημένων,
3185 4574 3237 4624 οἵ
3264 4591 3321 4624 τε
3354 4576 3542 4643 τρόποι
3566 4575 3670 4626 τῶν
3705 4577 3807 4628 ὑπὸ
3834 4577 3981 4631 εὐσε-

798 4670 933 4722 ritus
961 4669 1300 4737 pmpheticus
1333 4670 1428 4724 has
1464 4673 1732 4740 supplices
1770 4685 1927 4724 voces
1958 4685 2054 4738 pro
2086 4671 2338 4724 universo

796 4758 996 4826 populo
1024 4756 1243 4810 effundit
1276 4776 1289 4812 :
1323 4758 1482 4823 Deus,
1511 4770 1756 4813 venerunt
1783 4771 1950 4829 gentes
1977 4762 2030 4810 in
2065 4759 2341 4812 lia'redita-

795 4857 899 4900 tem
931 4855 1072 4898 tuam
1097 4885 1110 4908 ,
1138 4848 1434 4914 polluerunt
1476 4851 1717 4914 templum
1745 4859 1983 4902 sanctum
2030 4857 2206 4907 tuum,
2247 4861 2339 4912 po-

797 4945 1011 4989 suerunt
1049 4937 1340 4990 Jerusalem
1385 4939 1438 4989 in
1480 4953 1749 5003 pomorum
1790 4939 2102 4990 custodiam.
2137 4935 2336 4988 Posue-

801 5035 921 5078 runt
965 5025 1246 5081 morticina
1292 5045 1556 5082 servorum
1606 5039 1812 5080 tuorum
1852 5045 1993 5081 escas
2040 5027 2335 5080 volatilibus

797 5118 913 5172 caeli
931 5159 944 5181 ,
971 5135 1149 5171 carnes
1177 5103 1471 5173 sanctorum
1502 5132 1708 5172 tuorum
1742 5119 1916 5171 bestiis
1943 5129 2092 5173 terra
2119 5119 2185 5174 ⁸⁸.
2211 5115 2336 5172 Haec

800 5210 866 5262 ad
893 5211 1114 5277 gloriam
1147 5213 1320 5280 gentis
1349 5214 1671 5279 vergebant,
1703 5225 1870 5278 quare
1897 5225 2088 5280 magna
2117 5219 2239 5264 Cum
2275 5209 2337 5262 li-

801 5297 958 5350 ducia
985 5297 1124 5351 dicta
1153 5306 1295 5352 sunt.
1329 5297 1523 5351 Verum
1556 5315 1663 5353 non
1693 5299 1819 5352 talia
1851 5304 2004 5350 erant
2033 5298 2086 5350 in
2116 5306 2336 5366 septua-

802 5386 1008 5454 gesimo
1061 5389 1248 5451 tertio,
1297 5388 1352 5441 in
1395 5401 1500 5455 quo
1541 5387 1857 5442 dicebatur:
1897 5385 2122 5455 thuid,
2167 5387 2336 5448 Deus.

810 5475 1046 5544 repulisti
1079 5476 1128 5526 ir.
1162 5479 1349 5541 ﬁnem,
1387 5479 1555 5530 iratus
1582 5487 1659 5530 est
1698 5477 1848 5543 furor
1877 5470 1995 5529 tuus
2036 5493 2189 5545 super
2223 5493 2336 5532 oues

789 5575 1009 5628 pascua:
1037 5575 1137 5612 iure
1161 5562 1240 5614 '5?
1265 5564 1378 5616 illis
1399 5566 1594 5632 quippe
1623 5563 1852 5629 abjectio
1881 5563 2061 5631 populi
2092 5563 2148 5617 in
2177 5565 2337 5618 linem

806 5665 975 5718 usque
1003 5651 1394 5716 declarabatur,
1436 5669 1648 5708 necnon
1685 5659 1957 5722 postrema
1990 5652 2338 5726 Jerosolymzp

2437 4665 2584 4726 ϐείας
2643 4663 3132 4733 μεμαρτυρηκότων
3197 4667 3322 4733 παρ’
3357 4666 3535 4729 αὐτοῖς
3579 4668 3977 4738 ἀνεγράφησαν.

2435 4754 2523 4806 Διὸ
2560 4755 2617 4807 τὸ
2651 4753 2978 4825 προφητικὸν
3006 4753 3222 4822 Πνεῦμα
3257 4755 3488 4820 ἔντευξιν
3512 4760 3649 4828 ὑπὲρ
3673 4759 3766 4811 τοῦ
3785 4762 3980 4824 παντὸς

2429 4845 2741 4913 ἀναπέμπει
2777 4843 2900 4896 λαοῦ
2932 4844 3224 4910 φάσκοννὉ
3253 4847 3412 4910 Θεὸς,
3436 4848 3704 4914 ἤλθοσαν
3732 4850 3873 4918 ἔθνη
3895 4855 3982 4916 είς

2435 4937 2546 4998 τὴν
2599 4935 3000 5002 κληρονομίαν
3046 4948 3179 4999 σου,
3229 4937 3476 5004 ἐμίαναν
3518 4939 3623 4991 τὸν
3678 4941 3826 4993 ναὸν
3879 4943 3983 4996 τὸν

2434 5023 2599 5088 ἅγιόν
2642 5039 2789 5088 σου,
2829 5027 3026 5078 ἔθεντο
3062 5027 3439 5095 Ἰερουσαλὴμ
3480 5031 3564 5091 είς
3599 5031 3981 5100 ὀπωροφυλάι

2436 5118 2839 5168 κιον.Ἔθεντο
2865 5116 2934 5168 τὰ
2962 5117 3280 5186 θνησιμαῖα
3303 5116 3420 5169 τῶν
3447 5117 3677 5172 δούλων
3696 5138 3809 5174 σου
3825 5124 3981 5191 ,ϐρὼο

2435 5220 2585 5263 ματα
2611 5205 2732 5269 τοῖς
2758 5207 3046 5272 πετεινοῖς
3067 5207 3170 5259 τοῦ
3194 5208 3466 5274 οὐρανοῦ,
3491 5209 3593 5273 τὰς
3618 5211 3849 5278 σάρκας
3868 5213 3981 5264 τῶν

2437 5294 2618 5348 ὁσίων
2666 5311 2780 5350 σου
2827 5296 2952 5360 τοῖς
2991 5297 3212 5364 θηρίοις
3255 5296 3362 5364 τῆς
3389 5298 3517 5366 γῆς.
3555 5300 3735 5355 Ταῦτα
3782 5303 3891 5373 γὰρ
3915 5298 3981 5370 ἦν

2442 5387 2884 5455 σεμνολογήματα
2913 5385 3004 5439 τοῦ
3038 5385 3236 5444 ἔθνους·
3268 5385 3347 5439 διὸ
3385 5389 3479 5440 σὺν
3505 5392 3782 5461 παρρησία
3817 5390 3978 5458 πολλῇ

2441 5472 2672 5528 λέλεκτο.
2692 5477 2826 5528 Ἀλλ’
2847 5476 2908 5529 οὐ
2951 5474 3169 5528 τοιαῦτα
3207 5471 3274 5545 ἦν
3319 5476 3386 5529 τὰ
3428 5479 3485 5530 ὲν
3516 5479 3593 5548 τῷ
3621 5487 3669 5547 γ’
3695 5480 3786 5532 καὶ
3822 5477 3978 5540 ο’,·δι“

2439 5559 2498 5615 οὗ
2527 5564 2740 5632 ἐλέγετο
2757 5582 2770 5596 ·
2803 5565 2925 5618 Ἵνα
2952 5566 3027 5627 τί,
3059 5567 3091 5618 ό
3129 5566 3288 5632 Θεὸς.
3312 5567 3526 5622 ἀπώσω
3554 5572 3638 5632 εἰς
3660 5569 3852 5632 τέλος,
3877 5567 3978 5635 ὼρ-

2439 5653 2615 5722 τίσθη
2662 5657 2695 5707 ό
2733 5655 2916 5723 θυμός
2941 5670 3056 5710 σου
3085 5657 3179 5710 ἐπὶ
3215 5660 3471 5727 πρόϐατα
3508 5641 3694 5728 νομῆς
3719 5674 3865 5723 σονς
3897 5660 3979 5712 Ἐν

875 5802 920 5834 ⁸³
943 5801 1080 5857 Psal.
1113 5820 1310 5870 uxvn,
1355 5807 1401 5860 Ι.
1478 5807 1521 5840 ⁸³
1554 5806 1698 5863 Psal.
1729 5822 1952 5872 utrm,
1988 5806 2039 5874 ι,
2073 5806 2127 5876 2.
2205 5807 2248 5840 ⁸³
2281 5805 2425 5863 Pal.
2460 5820 2648 5872 tum,
2687 5804 2734 5857 ί.
