4294 6402
835 470 933 528 831

1568 588 1661 645 ΙΧ.

900 678 1200 732 Admodum
1225 686 1615 748 consequenter
1652 679 1717 732 ’ad
1759 678 2028 747 praedicta,
2056 677 2186 741 haec,
2216 691 2375 746 quam
2422 726 2425 735 λ

830 775 1147 829 tractamus.
1192 770 1491 839 prophetia,
1543 787 1636 838 pro
1683 770 2031 821 torcularibus
2052 770 2091 799 ⁸⁷
2121 769 2377 835 inscripta

828 864 932 917 est,
962 866 1013 911 et
1044 858 1107 912 ad
1137 860 1294 913 linem
1320 860 1563 915 remittit.
1589 858 1903 912 Torcularia
1928 874 2086 928 porro
2107 858 2193 911 hic
2223 865 2376 910 vocat

831 949 1095 1006 Ecclesias
1132 952 1225 1005 Dei
1265 969 1360 1021 per
1381 962 1552 1006 totum
1576 953 1759 1007 orbem
1804 954 2149 1017 constitutas,
2175 954 2227 1007 in
2257 955 2377 1022 qui-

831 1039 931 1092 bus
972 1050 1170 1094 sancta:
1213 1043 1357 1095 illius
1396 1042 1565 1096 vineae
1606 1043 1871 1097 vindemia
1914 1044 2201 1113 colligitur.
2253 1042 2379 1097 Stu-

829 1129 1000 1197 pendo
1031 1140 1212 1186 autem
1256 1131 1417 1187 modo
1452 1149 1542 1200 pro
1593 1134 1962 1199 torcularibus,
2005 1143 2124 1203 post
2165 1135 2377 1190 destru-

826 1227 964 1272 ctam
997 1222 1230 1287 priorem
1272 1222 1505 1286 vineam,
1545 1214 1877 1279 inscribitur.
1912 1224 2003 1276 illa
2044 1240 2274 1293 namque
2310 1227 2378 1280 ab

826 1312 1023 1377 agresti
1051 1326 1180 1380 apro
1218 1320 1443 1377 vastata,
1476 1324 1638 1383 atque
1668 1316 1901 1368 maceria
1931 1315 2051 1383 ejus
2079 1316 2374 1379 destructa,

824 1398 912 1452 hic
935 1404 1225 1455 multorum
1252 1404 1626 1467 torcularium,
1650 1420 1758 1458 non
1786 1407 1948 1461 unius
1971 1414 2200 1470 tantum,
2229 1423 2379 1460 men-

825 1493 898 1541 tio
930 1491 1178 1547 habetur.
1237 1492 1496 1549 Torcular
1546 1503 1721 1548 autem
1764 1497 1993 1565 primum
2040 1499 2192 1561 illud,
2232 1498 2373 1567 quod

824 1596 988 1633 unum
1020 1591 1156 1645 erat,
1197 1580 1507 1638 declarabat
1543 1584 1709 1640 lsaias
1748 1588 1831 1643 his
1872 1589 2084 1647 verbis:
2116 1588 2181 1641 Et
2209 1589 2374 1657 (ediﬁ-

820 1670 933 1722 caoi
975 1673 1186 1735 turrim,
1238 1681 1287 1725 et
1320 1676 1652 1739 prolorcular
1685 1677 1796 1744 fodi
1838 1679 1891 1730 in
1936 1679 2047 1745 ipsa
2070 1680 2135 1742 ⁸⁸,
2170 1680 2373 1733 scilicet

820 1758 995 1811 vinea.
1046 1760 1114 1811 At
1162 1770 1446 1832 postquam
1498 1766 1685 1835 primas
1734 1768 1900 1823 turris
1947 1769 2158 1821 ruinam
2216 1778 2373 1837 atque

1526 473 1791 530 EUSEBU
1821 470 2290 529 CESARIENSIS
2314 462 2673 523 0PP.‘PARS
2701 462 2788 519 ιιι.
2810 493 2868 507 -—
2893 458 3300 533 EXEGETICA.

3927 455 4029 509 833

3226 572 3300 625 8'.

2550 670 2757 739 Σφόδρα
2787 667 3088 727 ἀκολούθως
3126 667 3238 727 τοῖς
3271 659 3638 732 προλεχθεῖσιν
3664 658 3698 727 ἠ
3748 655 3881 726 μετά
3920 657 4031 726 χεῖ-

2479 777 2575 829 ρας
2607 761 2902 830 προφητεία
2934 759 3082 825 ὑπὲρ
3113 755 3228 809 τῶν
3256 751 3458 820 Inrth
3481 750 3908 821 προγέγραπται,
3932 747 4029 801 καὶ

2475 854 2553 915 είς
2578 853 2638 903 τὸ
2662 851 2807 913 τέλος
2832 849 3157 918 ἀναπέμπει.
3188 845 3392 916 Ληνοὺς
3412 842 3469 895 δὲ
3497 840 3585 894 διὰ
3609 840 3807 892 τούτων
3833 839 4027 905 ὀνομά-

2477 942 2555 1005 ζει
2593 941 2688 1004 τὰς
2733 940 2851 993 καθ’
2899 938 3025 1007 ὅλης
3072 937 3170 1006 τῆς
3222 928 3875 1002 οίκουμένηςἘκκλησίας
3930 928 4025 976 τοῦ

2475 1032 2627 1095 Θεοῦ,
2655 1034 2711 1083 ὲν
2734 1026 2813 1093 οἷς
2844 1032 2872 1082 ό
2894 1028 3156 1101 τρυγητὸς
3179 1027 3277 1096 τῆς
3300 1025 3455 1093 ἁγίας
3479 1020 3717 1093 ἀμπέλου
3745 1019 4021 1087 συνῆκται.

2476 1122 2795 1192 Παραδόξως
2848 1122 2903 1173 δὲ
2958 1120 3387 1190 προγέγραπται,
3436 1114 3587 1183 ὑπὲρ
3641 1111 3756 1165 τῶν
3800 1108 4023 1177 ληνῶν,

2480 1211 2615 1281 μετά
2644 1198 2743 1265 τὸν
2774 1210 3074 1280 ἀφανισμὸν
3105 1208 3200 1278 τῆς
3250 1207 3516 1279 προτέρας
3548 1202 3810 1275 ἀμπέλου.
3853 1197 4028 1252 Ἐκεί-

2474 1317 2570 1369 νης
2597 1300 2703 1368 γὰρ
2736 1298 3095 1369 λυμανθείσης
3129 1297 3232 1349 ὑπὸ
3257 1296 3348 1350 τοῦ
3380 1295 3569 1367 ἀγρίου
3598 1292 3719 1355 συὸς
3748 1290 3885 1361 (εἰσ),
3928 1286 4022 1341 τοῦ

2472 1408 2531 1444 τε
2574 1392 2825 1462 φραγμοῦ
2870 1391 3041 1461 αὐτῆς
3083 1386 3513 1461 καθαιρεθέντος,
3547 1384 3773 1440 ἐνταῦθα
3814 1378 4023 1433 πολλῶν

2472 1483 2642 1554 ληνῶν
2674 1484 2766 1536 καὶ
2792 1484 2971 1536 οὐκέτι
3001 1483 3127 1553 μιᾶς
3156 1483 3183 1534 ό
3211 1480 3365 1547 λόγος
3395 1476 3732 1548 μνημονεύει.
3766 1472 3934 1545 Ληνὸν
3964 1470 4023 1524 δὲ

2475 1576 2601 1646 μίαν
2643 1578 2737 1646 τὴν
2769 1575 2987 1647 πρώτην
3019 1561 3204 1646 ἐδήλου
3232 1573 3374 1625 καὶὸ
3409 1570 3629 1631 Ἡσαΐας
3674 1568 3871 1634 λέγων·
3910 1563 4022 1617 Kal

2471 1672 2823 1741 ᾠκοδόμησα
2871 1672 3117 1741 πύργον,
3166 1667 3264 1721 καὶ
3313 1663 3640 1734 προλήνιον
3694 1660 3892 1729 ὠρυξα
3952 1658 4022 1711 ἐν

2474 1764 2648 1829 αὐτῷ,
2678 1764 2871 1835 δηλαδὴ
2914 1763 2989 1833 τῷ
3023 1761 3317 1833 ἀμπελῶνι.
3365 1757 3499 1809 Ἀλλ’
3531 1755 3650 1807 ἐπεὶ
3682 1753 3777 1823 τὴν
3818 1751 4021 1805 πτῶσιν

824 1850 1213 1914 protorcularis
1250 1852 1695 1922 destructionem,
1738 1858 1972 1926 itemque
2011 1860 2176 1912 totius
2207 1859 2372 1913 vineae
2403 1895 2446 1954 Β
2476 1858 2520 1909 ἐξ

2323 1876 2372 1913 tae
2403 1895 2446 1954 Β
2476 1858 2659 1927 ἐδήλου
2692 1857 2783 1909 τοῦ
2810 1855 3071 1927 προτέρου
3099 1854 3325 1925 πύργου,
3358 1852 3450 1904 καὶ
3474 1847 3561 1901 τὸν
3596 1844 3894 1915 ἀφανισμὸν
3926 1844 4019 1954 τοῦ

823 1936 1206 1995 desolationem
1258 1942 1372 1997 illic
1423 1953 1804 2010 enarraverat;
1848 1947 1971 2014 jure
2024 1949 2080 2001 in
2122 1950 2371 2015 prmsenti

820 2029 1057 2084 omnium
1104 2034 1342 2100 gentium
1384 2035 1729 2091 vocationem
1770 2036 2073 2100 denuntiat,
2120 2054 2241 2093 cum
2280 2055 2370 2106 pro

819 2118 1171 2172 torcularibus
1215 2120 1550 2189 prophetiam
1597 2124 1866 2179 inscribit.
1910 2124 2267 2191 Quamobrem
2306 2129 2371 2181 ad

813 2208 1071 2279 gaudium
1100 2216 1153 2262 et
1179 2209 1412 2264 laetitiam
1434 2227 1547 2275 eos,
1581 2215 1777 2284 quibus
1801 2214 2148 2287 Evangelium
2177 2220 2371 2287 prazdi-

818 2306 996 2362 catur,
1045 2299 1236 2353 invitat
1267 2302 1453 2357 dicens
1483 2324 1496 2359 :
1523 2304 1800 2359 Exsultate
1846 2307 1957 2361 Deo
1997 2308 2229 2377 adjutori
2276 2327 2370 2364 no-

815 2397 949 2452 stra,
990 2391 1213 2457 jubilate
1255 2392 1364 2448 Deo
1393 2393 1580 2449 Iacob.
1615 2397 1815 2452 Sumite
1849 2401 2131 2467 psalmum,
2170 2411 2218 2455 et
2249 2402 2369 2454 date

818 2488 1142 2549 tympanum,
1189 2484 1501 2552 psalterium
1535 2488 1827 2555 jucundum
1874 2508 1989 2543 cum
2035 2492 2258 2547 cithara.
2304 2494 2368 2547 Et

813 2569 927 2624 hth
955 2572 1172 2640 quidem
1215 2575 1282 2627 iis
1329 2574 1419 2643 qui
1463 2574 1608 2646 digni
1646 2577 1937 2647 Evangelio
1980 2592 2128 2645 sunt,
2169 2584 2368 2653 quique

812 2661 1049 2728 prdprlis
1094 2662 1366 2717 fructibus
1403 2667 1696 2720 toreularia
1744 2671 1974 2738 replent.
2026 2672 2099 2725 De
2144 2671 2366 2729 Judaica

814 2763 943 2803 vero
968 2757 1129 2818 gente
1159 2753 1306 2807 clare
1340 2755 1657 2827 subjungit;
1684 2758 1753 2811 Et
1791 2778 1893 2814 non
1925 2764 2118 2816 audivit
2146 2766 2365 2834 populus

811 2854 957 2891 meus
995 2856 1161 2895 vocem
1196 2860 1385 2908 meam,
1419 2855 1467 2899 et
1499 2846 1671 2911 Israel
1700 2867 1803 2903 non
1841 2852 2063 2906 intendit
2110 2856 2257 2909 mihi.
2299 2854 2366 2908 Et

807 2927 990 2983 dimisi
1028 2948 1117 2985 eos
1161 2935 1444 2990 secundum
1489 2936 1751 2994 desideria
1786 2944 1959 2997 cordis
2005 2952 2198 2997 eorum.
2240 2944 2364 3002 Hec

812 3033 975 3087 posro
1005 3025 1468 3090 opportunissime
1505 3028 1827 3095 praecedenti
1866 3034 2157 3102 prophetia).
2191 3036 2366 3090 colue-

810 3116 949 3164 rent.
986 3109 1450 3175 Quemadmodum
1491 3118 1634 3172 enim
1670 3120 1781 3174 illic
1816 3124 1986 3177 vinea:
2016 3125 2361 3182 ruinam‘de-

2476 1947 2777 2014 προληνίου,
2810 1948 2907 2016 τήν
2941 1963 2996 1997 τε
3042 1944 3133 1997 τοῦ
3179 1944 3376 2005 παντὸς
3426 1938 3741 2010 ἀμπελῶνος
3790 1934 4021 2005 ἐρημίαν

2472 2038 2527 2087 ἐν
2560 2037 2811 2097 ἐκείνοις·
2856 2036 3075 2097 εἰκότως
3122 2034 3211 2087 διὰ
3257 2032 3347 2085 τοῦ
3402 2029 3660 2100 παρόντος
3704 2027 3810 2080 τῶν
3853 2026 4019 2078 ἐθνῶν

2472 2128 2718 2179 ἁπάντων
2751 2127 2846 2196 τὴν
2877 2126 3066 2195 κλῆσιν
3106 2124 3528 2192 εὐαγγελίζεται,
3571 2121 3720 2189 ὑπὲρ
3753 2119 3869 2173 τῶν
3907 2123 4017 2185 λη-

2469 2218 2588 2272 νῶν
2620 2216 2925 2287 ἐπιγράψας
2959 2217 3058 2286 τὴν
3095 2215 3442 2286 προφητείαν.
3476 2213 3566 2287 At?)
3594 2213 3682 2265 ἐπὶ
3718 2210 3887 2282 χαράν
3925 2211 4018 2262 καὶ

2468 2308 2799 2380 εὐφροσύνην
2838 2307 3183 2377 προκαλεῖται
3214 2307 3337 2367 τοὺς
3368 2301 3877 2371 εὐαγγελιζομένους
3919 2302 4019 2369 φά-

2469 2418 2642 2455 σκων·
2700 2399 3081 2469 Ἀγαλλιᾶσθε
3135 2396 3213 2461 τῷ
3266 2395 3386 2460 Θεῷ
3429 2396 3507 2459 τῷ
3552 2393 3754 2460 βοηθῷ
3809 2392 4013 2461 ἡμῶν*

2466 2493 2804 2557 ἀλαλάξατε
2849 2491 2927 2556 τῷ
2960 2490 3079 2555 Θεῷ
3114 2490 3325 2543 Ἰακώϐ.
3364 2488 3579 2543 Λάϐετε
3620 2479 3882 2555 ψαλμῶ,
3918 2486 4015 2547 καὶ

2466 2584 2597 2638 δότε
2640 2587 2967 2653 τύμπανον,
3013 2582 3347 2650 ψαλτήριον
3390 2579 3643 2649 τερπνὸν
3675 2578 3823 2648 μετὰ
3855 2574 4016 2630 κιθά-

2457 2693 2590 2745 ρας.
2632 2676 2812 2728 Ταῦτα
2846 2676 2941 2745 μὲν
2967 2670 3057 2727 οὖν
3085 2676 3193 2735 τοῖς
3218 2672 3385 2736 ἀξίοις
3410 2670 3499 2724 τοῦ
3524 2669 3871 2740 Εύαγγελίου,
3906 2671 4017 2732 τοῖς

2464 2768 2561 2830 τὰς
2585 2767 2776 2839 ληνοὺς
2802 2766 2907 2819 ἀπὸ
2932 2766 3036 2819 τῶν
3062 2766 3274 2818 οἰκείων
3302 2763 3525 2834 καρπῶν
3560 2760 3843 2833 πληροῦσι.
3883 2761 4017 2831 Περὶ

2462 2860 2516 2912 δὲ
2556 2858 2647 2911 τοῦ
2687 2858 2945 2911 Ἰουδαίων
2978 2858 3159 2921 εθνους
3210 2857 3394 2925 σαφῶς
3436 2854 3704 2921 ἐπιλέγει·
3754 2852 3863 2906 Καὶ
3904 2856 4015 2906 οὐκ

2462 2949 2730 3017 ἤκουσεν
2754 2952 2786 3002 ό
2807 2950 2955 3014 λαός
2975 2967 3094 3029 μου
3120 2948 3231 3015 τῆς
3262 2946 3616 3027 φωνῆς’,αοψ
3648 2943 3744 2995 καί
3780 2944 4015 3011 Ἰσραὴλ

2463 3042 2532 3093 οὐ
2565 3038 2867 3107 προσέσχε
2901 3055 3020 3105 μοι.
3054 3038 3161 3090 Καὶ
3199 3036 3593 3100 ἑξαπέστειλα
3622 3032 3840 3097 αὐτοὺς
3866 3033 4015 3087 κατὰ

2462 3132 2534 3184 τὰ
2562 3132 2992 3199 ἐπιτηδεύματα
3038 3130 3144 3196 τῆς
3174 3129 3417 3196 καρδίας
3460 3127 3671 3181 αὐτῶν.
3708 3126 3915 3197 Πολλῆς
3957 3128 4013 3180 δὲ

806 3197 1073 3264 clarabat,
1110 3202 1185 3254 ita
1221 3204 1385 3259 etiam
1427 3207 1529 3260 hoc
1566 3208 1688 3263 loco
1728 3214 2039 3268 eorumdem
2084 3216 2358 3271 hominum
2388 3221 2428 3277 C
2463 3220 2502 3290 ξ)

2316 3234 2358 3271 m
2388 3221 2428 3277 C
2463 3220 2638 3290 ἔχεται
2666 3197 2977 3280 ἀκολουθίας
3006 3217 3173 3271 ταῦτα
3202 3217 3333 3287 πρὸς
3356 3216 3452 3287 τὴν
3477 3216 3778 3287 ἔμπροσθεν
3808 3234 4012 3288 προφη-

806 3286 1276 3358 inobsequentiam
1321 3301 1602 3367 coarguit;
1636 3308 1689 3354 et
1749 3303 1890 3356 sicut
1935 3305 1995 3357 in
2044 3305 2135 3359 illo
2180 3306 2352 3359 virum

805 3375 1040 3435 dexterae
1089 3380 1205 3445 Dei,
1250 3392 1302 3438 et
1331 3384 1523 3441 Filium
1574 3390 1809 3447 hominis
1852 3395 2226 3450 conﬁrmatum
2266 3397 2355 3451 iu-

805 3467 984 3535 duxit,
1031 3471 1108 3526 sic
1154 3474 1230 3529 illi
1264 3475 1402 3531 hanc
1450 3479 1728 3555 subjunxit
1772 3484 2128 3554 prophetiam,
2162 3487 2356 3541 inscri-

807 3566 953 3648 ptam
985 3578 1080 3629 pro
1120 3566 1494 3632 torcularibus,
1541 3570 1595 3624 id
1634 3580 1739 3638 est,
1769 3574 2027 3631 Ecclesiis
2069 3576 2185 3643 Dei,
2218 3593 2353 3648 quas

814 3646 988 3707 Filius
1009 3652 1243 3710 hominis
1259 3659 1559 3726 constituit.

875 4001 976 4057 Hic
1002 4003 1181 4076 Asaph
1220 4009 1351 4076 deos
1382 4012 1611 4079 inducit,
1637 4024 1689 4070 et
1724 4016 1890 4073 Deum
1928 4021 1981 4075 in
2023 4024 2200 4078 med.o
2228 4025 2356 4082 deo-

805 4107 949 4158 rum,
975 4110 1089 4160 eos,
1119 4100 1211 4169 qui
1234 4099 1310 4154 dii
1340 4112 1623 4170 vocantur,
1653 4108 2038 4178 dijudicantem
2062 4123 2115 4170 et
2142 4118 2354 4187 quidem

804 4187 1151 4243 necessario:
1201 4204 1326 4244 nam
1377 4195 1500 4262 quia
1564 4199 1812 4265 superius
1858 4208 2027 4257 totam
2076 4203 2353 4262 Iudaicam

806 4283 1016 4344 gentem
1051 4279 1351 4347 incusabat,
1387 4298 1778 4357 consequenter
1806 4293 1860 4345 in
1892 4298 2138 4362 praesenti
2168 4314 2353 4353 eorum

805 4367 1081 4438 principes
1108 4374 1388 4440 speciatim
1423 4380 1687 4448 coarguit.
1733 4381 1933 4440 Deinde
1965 4390 2092 4457 quia
2130 4390 2183 4443 in
2214 4406 2355 4461 prae-

806 4458 1019 4551 cedenti
1051 4462 1259 4551 psalmo
1290 4464 1564 4522 Christum
1595 4463 1712 4536 Dei,
1748 4474 1922 4528 virum
1957 4477 2190 4534 dexterze
2214 4458 2355 4551 iejus

2452 3309 2621 3360 τείαν.
2661 3308 2747 3369 Ὡς
2773 3306 2880 3375 γὰρ
2910 3308 3023 3358 ἐκεῖ
3050 3305 3148 3374 τῆς
3170 3304 3410 3375 ἀμπέλου
3445 3305 3534 3357 τὸν
3562 3304 3860 3376 ἀφανισμὸν
3893 3304 4012 3377 ἐδή-

2452 3398 2563 3462 λου,
2598 3397 2740 3450 ο⁹ύτω
2812 3398 2903 3450 καὶ
2942 3395 3172 3450 ἐνταῦθα
3212 3396 3327 3449 τῶν.
3359 3397 3533 3449 αὐτῶν
3564 3396 3623 3448 τὸ
3662 3396 3881 3459 ἀπειθὲς
3919 3398 4013 3449 καὶ⁷

2454 3491 2678 3562 ἀνήκοον
2707 3488 2913 3559 ἐλέγχει
2932 3506 2944 3518 ·
2976 3488 3067 3542 καὶ
3099 3487 3173 3551 ὡς
3208 3490 3264 3540 ὲν
3306 3488 3494 3559 ἐκείνῳ
3523 3487 3687 3557 ἄνδρα
3717 3486 3895 3551 δεξιᾶς
3919 3488 4011 3540 τοῦ

2453 3581 2588 3634 Θεοῦ
2615 3582 2896 3651 εἰσήγαγε,
2929 3580 3022 3632 καὶ
3056 3579 3181 3632 Υἰὸν
3204 3578 3487 3649 ἀνθρώπου
3517 3578 4008 3649 κεκραταιωμένον,

2453 3670 2593 3725 οὔτω
2652 3670 2740 3723 διὰ
2778 3668 2884 3723 τῶν
2920 3668 3290 3740 προκειμένων
3330 3667 3427 3737 τὴν
3471 3667 3620 3737 ὑπὲρ
3660 3666 4009 3736 τῶνιληνῶν

2457 3761 2657 3831 συνῆψε
2679 3761 3031 3832 προφητείαν,
3056 3759 3253 3830 δηλαδὴ
3279 3758 3383 3811 τῶν
3400 3758 3731 3829 Ἐκκλησιῶν
3753 3758 3845 3812 τοῦ
3870 3759 4006 3813 Θεοῦ

2454 3851 2519 3915 ἀς
2554 3855 2581 3905 ό
2613 3850 2740 3915 Υἰδς
2771 3850 2863 3904 τοῦ
2893 3850 3176 3920 ἀνθρώπου
3212 3850 3592 3918 συνεστήσατο.

3196 3941 3251 3992 I'.

2524 4034 2685 4096 Θεοὺς
2716 4033 2920 4101 είσάγει
2954 4034 3045 4086 καὶ
3073 4032 3203 4086 Θεὸν
3236 4034 3292 4084 ὲν
3321 4030 3467 4101 μέσῳ
3498 4032 3633 4085 θεῶν
3666 4031 4007 4101 διακρίνοντα

2452 4125 2576 4187 τοὺς
2604 4125 3013 4195 ὠνομασμένους
3046 4124 3197 4186 θεοὺς
3219 4126 3286 4177 ὲν
3333 4123 3538 4187 τούτοις
3568 4124 3595 4176 ὁ
3630 4122 3799 4192 Ἀσάφ
3842 4124 4006 4192 ἀναγ-

2454 4217 2655 4278 καίωςσ
2702 4214 2883 4284 ἐπειδὴ
2922 4216 3030 4286 γὰρ
3066 4215 3154 4269 διὰ
3183 4215 3291 4267 τῶν
3329 4212 3633 4284 ἔμπροσθεν
3668 4212 3759 4266 τοῦ
3807 4212 4004 4276 παντὸς

2466 4305 2726 4359 Ἰουδαίων
2776 4306 2959 4368 ἔθνους
3006 4307 3331 4377 κατηγόρει,
3391 4304 3694 4369 ἀκολούθως
3754 4305 3845 4359 ἐπὶ
3905 4305 4000 4359 τοῦ

2454 4397 2716 4467 παρόντος
2741 4398 2861 4458 τοὺς
2895 4398 3021 4466 παρ’
3068 4398 3247 4459 αὐτοῖς
3290 4399 3549 4467 ἄρχοντας
3598 4397 3739 4457 ἰδίως
3770 4391 3999 4467 ἐλέγχει.

2454 4486 2565 4541 Εἶτ’
2596 4488 2781 4561 ἐπειδὴ
2808 4489 2897 4541 τὸν
2926 4490 3155 4559 Χριστὸν
3187 4480 3279 4541 τοῦ
3313 4489 3445 4542 Θεοῦ
3490 4490 3546 4542 ὲν
3574 4487 3650 4556 τῷ
3682 4488 3784 4556 πρὸ
3812 4489 4003 4541 τούτου

804 4556 856 4601 et
882 4545 1077 4603 Filium
1106 4545 1347 4610 hominis
1375 4560 1753 4617 conﬁrmatum
1792 4577 2096 4630 vocaverat,
2136 4545 2351 4640 ‘ejusv‘in
2381 4559 2426 4614 Ῐ)
2453 4582 2500 4634 ἄη

2304 4574 2351 4627 in
2381 4559 2426 4614 ι)
2453 4582 2616 4651 ἄνδρα
2640 4545 2883 4651 ὠνόμασε
2910 4545 3085 4642 δεξιᾶς
3121 4578 3280 4631 αὑτοῦ
3319 4578 3412 4631 καὶ
3438 4578 3562 4629 Υίὸν
3600 4545 3880 4646 ἀνθρώπου
3907 4591 4000 4628 κε-

807 4654 969 4729 carne
991 4641 1275 4699 adventum
1310 4648 1396 4708 bis
1424 4652 1754 4722 signiﬁcans,
1791 4674 1857 4713 ne
1884 4660 2007 4728 quis
2030 4662 2202 4729 ipsum
2236 4682 2351 4720 me-

806 4739 926 4818 rum
957 4728 1252 4797 hominem,
1282 4743 1336 4789 et
1360 4741 1541 4796 multis
1564 4744 1685 4801 aliis
1713 4747 1943 4803 similem
1977 4728 2351 4818 arbitraretur,

805 4813 981 4883 ipsum
1014 4818 1100 4873 hic
1130 4818 1574 4894 Deum'predicat
1604 4832 1688 4887 his
1715 4835 1894 4890 verbis
1926 4854 1939 4890 :
1968 4835 2106 4891 Deus
2135 4842 2274 4892 stetit
2299 4813 2352 4895 in

806 4921 1073 5001 synagoga
1103 4911 1317 4969 deorum
1342 4918 1407 4972 ⁸³.
1444 4919 1518 4990 (l)
1548 4921 1623 4974 Ac
1661 4938 1728 4977 ne
1752 4926 1874 4993 quis
1905 4927 1974 4981 ob
2007 4932 2352 5001 monarcbite,

805 4997 918 5053 sive
948 5001 1108 5058 unius
1137 5005 1387 5079 principii
1427 5012 1690 5067 rationem
1720 5016 2046 5083 turbaretur,
2070 4997 2344 5079 Christum

807 5084 923 5140 Dei'
949 5089 1113 5147 Deum
1160 5110 1282 5152 esse
1326 5102 1587 5167 audiens;
1624 5114 1985 5175 congruenter
2025 5109 2109 5165 hic
2149 5116 2348 5172 multos

807 5178 939 5235 deos
966 5186 1206 5240 nominat
1237 5202 1331 5242 eos
1370 5192 1463 5259 qui
1491 5195 1594 5249 sub
1629 5196 1741 5250 haec
1776 5184 2111 5269 in'cusantur,
2135 5211 2344 5262 tantum

805 5282 916 5363 non
948 5274 1263 5342 praecipiens
1285 5284 1343 5331 ut
1374 5295 1442 5334 ne
1463 5292 1779 5363 cunctemur
1794 5285 1990 5343 Filium
2011 5307 2223 5363 quoque
2250 5295 2341 5351 Dei

806 5354 973 5452 Deum
1014 5375 1223 5421 vocare.
1260 5366 1316 5421 Si
1359 5371 1501 5423 enim
1543 5354 2045 5450 gentisiprincipes;
2072 5354 2162 5452 qui
2209 5387 2347 5442 male

807 5446 1115 5544 audiebant,
1146 5451 1249 5544 Dei
1276 5461 1494 5515 nomine
1525 5460 1727 5532 dignati
1774 5446 2115 5540 suun—quod.
2141 5490 2342 5544 quaeso,

805 5538 1103 5631 periculum
1134 5543 1293 5600 fuerit
1330 5551 1374 5603 si
1403 5552 1576 5607 virum
1593 5554 1824 5614 dextera
1842 5558 1936 5616 Dei
1965 5538 2017 5617 et
2036 5538 2226 5631 Filium
2244 5538 2343 5625 bo;

2453 4672 2874 4741 κραταιωμένον,
2908 4671 3005 4741 τὴν
3048 4669 3306 4739 ένσαρκον
3350 4666 3859 4737 αύτοῦπαρουσίαν
3904 4682 4004 4737 ση-

2456 4762 2645 4830 μήνας,
2678 4762 2767 4815 ἵνα
2797 4763 2867 4831 μή
2906 4776 2991 4821 τις
3024 4758 3184 4811 αὐτὸν
3215 4756 3365 4827 ψιλὸν
3406 4756 3659 4810 ὑπολάϐοι
3696 4755 3860 4825 ἄνδρα
3906 4755 4001 4807 καὶ

2450 4852 2562 4912 τοῖς
2588 4851 2798 4915 πολλοῖς
2821 4852 3023 4922 ὅμοιον,
3060 4848 3294 4918 θεολογεῖ
3324 4850 3481 4904 αὐτὸν
3520 4850 3577 4902 ὲν
3604 4850 3713 4910 τοῖς
3738 4845 3873 4917 μετά
3896 4848 4002 4914 χεῖ-

2456 4958 2550 5012 ρας
2587 4944 2762 5014 φήσας
2786 4959 2800 4972 ⁸
2835 4944 2887 4996 Ὀ
2914 4942 3057 5009 Θεὸς
3079 4941 3227 5011 ἔστη
3251 4944 3319 4996 ὲν
3349 4938 3667 5010 συναγωγῇ
3696 4936 3859 4992 θεῶν.
3888 4937 3999 4992 Καὶ

2448 5032 2592 5095 ὅπως
2621 5034 2692 5106 μὴ
2717 5033 3008 5106 ταραχθείη
3033 5050 3116 5098 τις
3147 5036 3224 5097 είς
3248 5033 3338 5086 τὸν
3360 5032 3482 5101 περὶ
3507 5030 3797 5101 μοναρχίας
3820 5027 3995 5097 λόγον,

2447 5120 2578 5175 Θεὸν
2631 5125 2839 5179 ἀκούων
2887 5124 2976 5177 τὸν
3024 5124 3255 5195 Χριστὸν
3298 5122 3390 5175 τοῦ
3442 5119 3595 5183 Θεοῦ,
3641 5120 3859 5183 εἰκότως
3902 5120 3999 5173 καὶ

2449 5214 2693 5280 πλείονας
2724 5216 2877 5280 θεοὺς
2920 5215 3171 5285 ὀνομάζει
3199 5214 3323 5276 τοὺς
3350 5211 3438 5263 διὰ
3464 5210 3570 5263 τῶν
3602 5210 3726 5277 ἑξῆς
3760 5226 3995 5280 κατηγο-

2452 5306 2761 5375 ρουμένρυς,
2796 5307 3071 5375 μονονουχὶ
3102 5300 3599 5375 παρακελευόμενος
3634 5301 3707 5371 μὴ
3739 5301 3996 5356 ἀποκνεῖν

2449 5394 2650 5449 καὶτὸν
2678 5396 2801 5449 Υίὸν
2833 5395 2966 5448 Θεοῦ
2992 5395 3123 5448 Θεὸν
3154 5392 3461 5446 ἀποκαλεῖν.
3490 5393 3551 5446 El
3581 5392 3688 5462 γὰρ
3702 5393 3750 5445 ot
3774 5390 3995 5445 διαδαλ-

2448 5483 2655 5554 λόμενοι
2694 5485 2787 5538 τοῦ
2822 5484 3004 5548 ἔθνους
3035 5484 3286 5555 ἄρχοντες
3322 5481 3431 5534 θεοὶ
3470 5479 3773 5549 ἠξιώθησαν
3797 5470 3994 5549 όνομῖ-

2448 5575 2657 5647 σθῆναι,
2694 5578 2841 5638 ποῖος
2869 5575 2935 5628 ἂν
2958 5574 3166 5642 γένοιτο
3198 5571 3435 5634 κίνδυνος
3470 5572 3559 5624 τὸν
3588 5570 3754 5641 ἄνδρα
3788 5569 3886 5637 τῆς
3908 5565 3993 5618 δι-

803 5625 967 5681 minis
1004 5632 1397 5708 conﬁrmatum,
1434 5642 1597 5699 Deum
1645 5646 1944 5708 fateamur?
1984 5625 2185 5715 Deinde
2214 5677 2340 5718 vero
2443 5667 2494 5732 ξι

2293 5678 2340 5718 Ὃ
2585 5625 2681 5723 ζξῠ
2703 5625 2842 5721 ’6.έέ
2868 5625 3075 5719 ﬁt?»
3106 5663 3230 5718 Υιδν
3257 5663 3348 5717 τοῦ
3374 5625 3654 5733 ἀνθρώπου
3680 5625 3769 5713 τδν
3796 5625 3989 5726 κεκρα-

876 5740 918 5771 ³⁷
947 5738 1088 5798 Psal.
1130 5760 1292 5815 Lux,
1330 5753 1380 5807 l.
1454 5755 1498 5788 ⁸⁸
1530 5756 1630 5812 lsa.
1669 5777 1720 5823 v,
1747 5761 1799 5816 2.
1877 5765 1921 5797 ⁸⁸
1948 5764 2090 5824 Psal.
2123 5784 2305 5841 um,
2336 5776 2382 5831 l.

878 5850 955 5915 (ι)
988 5851 1061 5909 De
1086 5860 1392 5917 monarchia
1428 5865 1543 5922 vide
1570 5869 1622 5928 in
1654 5869 1807 5927 Praef.
