4294 6458
284 507 388 563 €33

1396 508 1901 565 COMMENTARIA
1942 510 2002 564 ΙΝ
2044 509 2381 565 l’SALMOS.

3394 518 3500 573 εδι

280 623 577 693 ταιωμέϊον
604 621 733 675 Θεὸν
763 622 1078 691 ὀμολογεῖνς
1115 618 1225 675 Εἶτ’
1266 624 1358 675 ἐπὶ
1397 624 1535 676 τέλει
1566 626 1659 678 τοῦ
1711 644 1840 678 παν-
1871 648 1912 694 Α
1944 625 1976 677 i:

1799 645 1840 678 θ-
1871 648 1912 694 Α
1944 625 1996 677 iu
2036 626 2139 677 line
2166 624 2360 693 psalmi
2390 624 2685 677 orationem
2719 622 2981 693 Propheta
3014 625 3215 693 profert
3243 641 3337 696 pro
3370 644 3495 699 gen.

281 715 368 775 τὸς
424 715 451 765 ὁ
502 712 792 782 Προφήτης
844 712 1007 781 εὐχὴν
1054 711 1364 781 ἀναπέμπει
1408 712 1546 783 ὑπὲρ
1586 714 1682 781 τῆς
1732 713 1838 766 τῶν

281 802 448 857 ἐθνῶν
483 802 723 871 κλήσεως
760 801 979 868 φάσκων
1003 816 1015 829 ·
1060 798 1325 862 Ἀνάστα,
1355 803 1387 853 ό
1429 800 1590 867 Θεὸς,
1636 802 1839 869 κρῖνον

281 894 394 960 τὴν
417 892 555 962 γῆν,
582 892 671 944 ὅτι
702 891 783 944 σὺ
804 890 1423 959 κατακληρσνομήσεις
1450 893 1518 943 ὲν
1546 891 1692 945 πᾶσι
1718 893 1837 959 τοῖς

266 986 541 1040 ἔθνεσιν.
575 985 755 1037 Ἔοικε
789 984 843 1035 δὲ
872 983 1044 1052 τούτῳ
1070 983 1354 1046 ἀκόλουθος
1382 979 1517 1036 εἶναι
1540 986 1567 1035 ὁ
1600 984 1683 1054 μθ¹
1712 986 1839 1053 ψαλ-

284 1078 401 1147 μὺς,
452 1079 510 1129 ὲν
556 1070 600 1142 ᾧ
640 1077 733 1127 καὶ
774 1074 921 1144 αὑτῷ
952 1074 1201 1127 λέλεκτο·
1248 1075 1392 1141 Θεὸς
1431 1074 1582 1129 θεῶν
1627 1079 1838 1144 Κύριος

278 1168 561 1235 “annos.
611 1167 719 1220 Καὶ
762 1168 819 1219 ὲν
852 1166 1177 1236 ἀμφοτέροις
1212 1165 1255 1218 δ’
1286 1164 1377 1219 οὖν
1410 1166 1541 1229 Θεὸς
1570 1167 1705 1220 θεῶν
1730 1171 1839 1220 εἱσ-

279 1255 467 1323 ἧκται’
505 1255 599 1305 καὶ
644 1252 805 1307 πάλιν
837 1253 894 1304 ἐν
932 1254 1259 1323 ἀμφοτέροις
1300 1255 1498 1324 κρίνων
1533 1259 1838 1328 ἀναγέγρα-

281 1362 429 1397 πται.
466 1345 571 1396 Καὶ
606 1346 662 1397 ὲν
699 1344 796 1415 μὲν
830 1344 909 1414 τῷ
941 1346 1166 1415 παρόντι
1200 1345 1463 1399 λέλεκται·
1506 1349 1773 1411 Ἀνάστα,
1806 1354 1839 1403 ό

282 1437 444 1501 Θεὸς,
472 1436 675 1505 κρῖνον
702 1438 815 1503 τὴν
834 1437 969 1505 γῆν,
996 1436 1082 1489 ὅτι
1108 1436 1188 1489 σὺ
1214 1441 1838 1508 κατακληρονομήσεις

277 1529 345 1580 ὲν
380 1526 528 1580 πᾶσι
554 1527 677 1593 τοῖς
711 1528 951 1582 ἔθνεσιν
974 1544 986 1558 ⁸
1014 1530 1070 1580 ὲν
1094 1528 1151 1580 δὲ
1183 1528 1259 1599 τῷ
1296 1528 1380 1599 μθ’
1405 1531 1605 1601 σφόδρα
1632 1532 1837 1595 τούτοις

276 1618 578 1683 ἀκολούθως
606 1621 752 1688 ὅπως
778 1620 1013 1683 ἀναστὰς
1051 1621 1222 1691 κρίνει
1262 1623 1359 1692 τὴν
1391 1627 1489 1691 γῆν
1535 1626 1834 1694 ὑπογράφει

276 1713 303 1762 ὁ
351 1712 505 1778 λόγος
526 1712 781 1780 φάσκων·
815 1712 958 1778 Θεὸς
1002 1711 1150 1765 θεῶν
1178 1714 1390 1781 Κύριος
1428 1715 1707 1782 ἐλάλησε,
1740 1718 1836 1769 καὶ

274 1804 533 1858 ἐκάλεσε
590 1802 704 1871 τὴν
756 1804 871 1874 γῆν
914 1804 1030 1857 ἀπὸ
1082 1804 1390 1857 ἀνατολῶν
1442 1806 1619 1873 ἡλίου
1664 1808 1837 1877 μέχρι

275 1895 547 1965 δυσμῶν·
584 1898 676 1950 καὶ
703 1896 827 1967 έξῆς
847 1914 859 1925 ·
907 1897 958 1948 '0
990 1896 1131 1962 Θεὸς
1155 1896 1429 1966 ἐμφανῶς
1456 1898 1606 1963 ἥξει,
1638 1900 1732 1951 καὶ
1766 1904 1836 1953 οὺ

275 1987 818 2059 καρασιωπήσεται.
836 1987 959 2054 Πῦρ
978 1987 1230 2041 ἐνώπιον
1243 1988 1427 2041 αὐτοῦ
1453 1988 1834 2053 καυθήσεται,
1869 1973 1908 2026 Β

275 2082 369 2132 καὶ
396 2080 463 2131 τά
492 2077 643 2148 ἐξῆς-
677 2077 742 2129 δι’
771 2071 843 2130 ὧν
873 2078 1017 2140 ὅπως
1044 2076 1225 2147 μέλλει
1257 2078 1459 2147 κρίνειν
1485 2077 1835 2149 διεξέρχεται.

254 2173 383 2238 ,Καὶ
413 2172 707 2244 ἐπειδήπερ
741 2174 798 2223 ὲν
825 2172 901 2241 τῷ
928 2170 1063 2241 μετά
1095 2174 1279 2242 χεῖρας
1306 2172 1567 2224 λέλεκται’
1604 2175 1728 2225 Ὀτι
1756 2174 1836 2226 σὺ

274 2264 899 2334 κατακληρονομήσεις
936 2264 1005 2317 ἐν
1044 2262 1193 2317 πᾶσι
1232 2264 1352 2329 τοῖς
1384 2265 1653 2318 ἔθνεσιν*
1692 2266 1836 2319 εἰκό-

275 2374 380 2421 τως
412 2360 469 2409 ὲν
498 2357 577 2427 τῷ
629 2356 713 2427 μθ¹
742 2358 868 2418 τοὺς
912 2355 1058 2427 παρὰ
1086 2356 1308 2409 Μωῦσεῖ
1339 2356 1465 2426 περῖ¹
1489 2357 1685 2410 θυσιῶν
1711 2358 1837 2409 ἀνα-η

276 2446 464 2515 τρέπει
509 2448 723 2514 νόμους,
771 2446 953 2518 ἕτερον
997 2444 1195 2515 τρόπον
1244 2445 1568 2516 παραδιδοὺς
1616 2446 1836 2513 λογικῆς

276 2538 482 2601 Θυσίας,
518 2539 607 2592 τὸν
648 2538 767 2593 καθ’
807 2538 935 2607 ὅλης
975 2538 1072 2607 τῆς
1116 2538 1439 2607 οἰκουμένης
1478 2540 1534 2589 ὲν
1561 2540 1691 2589 πᾶσι
1727 2541 1835 2599 τοῖς

277 2628 482 2681 ἔθνεσιν
514 2629 960 2700 ὲπιτελούμενον·
1000 2629 1065 2680 δι’
1108 2628 1136 2680 ὃ
1164 2627 1433 2681 λέλεκται·
1470 2628 1589 2681 Ὅτι
1626 2628 1706 2680 σὺ
1733 2645 1835 2681 κα-

273 2721 814 2790 τακληρονομήσεις
835 2723 903 2774 ἐν
928 2719 1079 2775 πᾶσι
1106 2719 1227 2784 τοῖς
1251 2719 1512 2773 ἔθνεσιν.

1004 2835 1107 2886 IA.

353 2926 409 2977 Ὀ
438 2925 626 2995 παρὼν
655 2925 830 2994 λόγος,
867 2926 1169 2988 τελευταῖος
1200 2924 1272 2978 ὢν
1298 2923 1389 3002 τοῦ
1431 2925 1621 2994 Ἀσάφ,
1649 2928 1831 2995 ἱκετη-

278 3017 397 3089 ρίαν
421 3020 662 3089 περιέχει
692 3019 785 3071 καὶ
812 3018 1151 3090 παράκλησιν
1184 3019 1322 3091 ὑπὲρ
1358 3018 1451 3071 τοῦ
1480 3018 1609 3071 λαοῦ
1647 3019 1831 3091 σφόδρ’

272 3108 593 3174 ἀκολούθως.
638 3110 851 3181 Ἐπειδὴ
899 3110 1005 3182 γὰρ
1052 3113 1107 3163 ἐν
1145 3113 1257 3175 τοῖς
1302 3108 1536 3179 πρώτοις
1580 3108 1831 3163 ἐθέσπισε

269 3202 363 3273 τὴν
409 3204 639 3274 ἐσχάτην
668 3202 761 3256 τοῦ
794 3202 956 3256 τόπου
995 3202 1329 3273 πολιορκίαν,
1366 3197 1464 3254 εἴτ’
1504 3202 1831 3272 ἀναδραμὼν

269 3294 345 3363 τῷ
365 3294 539 3363 χρόνῳ
572 3292 826 3363 δευτέραν
848 3292 946 3362 τὴν
974 3292 1063 3345 ὑπ’
1098 3292 1363 3362 Ἀντιόχου
1393 3292 1689 3362 γενομένην
1710 3291 1832 3344 ἕτα-

271 3383 379 3449 ξεν,
421 3378 517 3436 εἶτ’
561 3385 651 3437 ἐπὶ
690 3385 889 3453 ταύτης
912 3383 1100 3454 τρίτης
1136 3384 1504 3455 ἐμνημόνευσε
1533 3384 1629 3452 τῆς
1658 3399 1826 3454 προατ-

269 3475 470 3545 γούσης
499 3478 610 3539 τοῖς
642 3476 872 3546 χρόνοις,
901 3475 1044 3543 λέγω
1082 3476 1138 3527 δὲ
1178 3476 1275 3545 τῆς
1321 3476 1457 3529 κατά
1500 3475 1606 3527 τῶν
1641 3476 1828 3527 Ἀσσυ-

271 3565 398 3637 ρίων
426 3566 517 3618 καὶ
537 3566 885 3619 Βαϐυλωνίων
914 3565 1086 3637 ἀρχῆς
1105 3582 1116 3594 ·
1143 3566 1445 3628 ἀκολούθως
1468 3566 1679 3619 διάτῶν
1705 3584 1829 3635 προσ

267 3658 529 3729 κειμένων
568 3658 749 3729 δέησιν
777 3658 870 3711 καὶ
902 3658 1178 3733 ἱκετηρίαν
1210 3656 1519 3726 ἀναπέμπει
1553 3657 1688 3728 ὑπὲρ
1730 3658 1828 3727 τῆς

264 3753 373 3813 τοῖς
402 3751 613 3822 χρόνοις
642 3750 862 3822 πρώτης
902 3749 1228 3818 πολιορκίας,
1278 3749 1395 3799 καθ’
1438 3749 1502 3817 ἢν
1538 3750 1735 3810 πάντες
1778 3750 1824 3800 οἱ

269 3843 531 3913 περίοικοι
574 3842 675 3912 τῆς
712 3842 968 3905 ἰουδαίας
1004 3839 1179 3905 δεξιὰς
1221 3843 1330 3901 τοῖς
1366 3839 1661 3909 Ἀσσυρίοις
1704 3843 1821 3891 κατ’

264 3934 441 3987 αὐτῶν
482 3933 708 4005 ὢρεξαν.
743 3936 807 3987 Ὃ
830 3934 891 4005 δὴ
930 3932 1181 4004 σημαίνει
1224 3931 1394 3998 λέγων
1430 3947 1441 3959 ·
1482 3930 1556 3983 Τὰ
1594 3929 1825 3997 σκηνώ-

258 4043 415 4095 ματα
458 4025 573 4077 τῶν
617 4024 949 4094 Ἰδουμαίων
995 4023 1091 4077 καὶ
1138 4026 1190 4076 οἱ
1230 4021 1605 4091 Ἰσμαηνίῐται,
1650 4022 1828 4075 Μωὰὸ

263 4118 355 4169 καὶ
384 4121 439 4168 οἱ
476 4115 791 4185 Ἀπορηνοὶ,
819 4115 1013 4169 Γεϐὰλ
1036 4115 1129 4168 καί
1169 4114 1388 4183 Ἀμμὼν
1414 4114 1507 4165 καί
1547 4115 1820 4182 Ἀμαληκ,

262 4206 595 4275 ἀλλόφυλοι
638 4207 785 4275 μετὰ
824 4204 940 4259 τῶν
983 4206 1416 4258 κατοικούντων
1460 4206 1663 4273 Τύρον.
1713 4206 1823 4259 Καὶ

262 4297 369 4366 γὰρ
426 4299 521 4349 καὶ
592 4297 840 4365 Ἀσσοὺρ
888 4296 1367 4366 συμπανοεγένετο
1423 4297 1548 4365 μετ’
1606 4296 1818 4361 αὐτῶν,

260 4388 633 4459 ἐγενήθησαν
686 4391 771 4454 είς
812 4389 1135 4458 ἀντίληψιν
1180 4390 1302 4455 τοῖς
1334 4388 1485 4454 υἱοῖς
1532 4390 1677 4443 Λώτ.
1728 4385 1819 4452 Οἷς

262 4482 386 4553 ἑξῆς
414 4483 473 4535 τὸ
500 4480 939 4553 καταληψόμενον
966 4480 1160 4545 αὐτοὺς
1206 4481 1507 4552 ὑπογράφει
1544 4481 1691 4543 τέλος
1718 4482 1817 4548 φά-

1940 718 2074 769 tium
2133 718 2435 779 vocatione,
2486 716 2672 769 dicens
2704 734 2715 768 2
2745 713 2930 785 Surge,
2964 714 3123 775 Deus,
3156 717 3345 781 judico
3396 730 3501 773 ter-

1942 824 2074 869 mm,
2112 810 2361 876 quoniam
2395 817 2449 860 tu
2485 806 2817 861 hmreditabis
2866 809 2919 859 in
2968 807 3206 862 omnibus
3235 811 3494 879 gentibus.

1948 897 2165 953 Videtur
2222 901 2349 954 huic
2392 902 2601 969 psalmo
2632 900 3079 970 quadragesimus
3109 915 3286 956 nonus
3324 903 3498 959 aliinis

1938 1008 2076 1056 esse,
2111 996 2161 1047 in
2198 1010 2305 1063 quo
2339 996 2499 1049 etiam
2532 994 2813 1049 dicebatur
2844 1014 2856 1047 :
2890 994 3025 1047 Deus
3059 996 3273 1047 deorum
3308 995 3498 1049 Domi-

1938 1101 2034 1137 nus
2082 1085 2281 1137 locutus
2325 1096 2403 1138 est
2427 1086 2472 1116 °°
2502 1104 2513 1137 :
2544 1101 2666 1138 nam
2717 1088 2769 1137 in
2825 1092 3053 1154 utroque
3091 1084 3228 1141 Deus
3272 1086 3497 1139 deorum

1945 1176 2255 1238 inducitur;
2287 1192 2613 1246 rursumque
2642 1179 2694 1230 in
2728 1178 2991 1231 ambobus
3019 1174 3265 1247 judicare
3302 1178 3498 1230 scribi-

1938 1278 2058 1333 tur;
2088 1270 2140 1320 in
2164 1269 2416 1336 praesenti
2439 1269 2634 1337 quippe
2658 1268 2854 1321 dicitur
2878 1287 2891 1321 :
2918 1266 3102 1337 Surge,
3132 1268 3292 1331 Deus,
3315 1270 3498 1337 judice

1942 1374 2159 1423 terram,
2184 1364 2428 1430 quoniam
2457 1372 2509 1413 tu
2533 1362 2862 1414 liceretlitabis
2890 1363 2942 1414 in
2969 1361 3206 1414 omnibus
3233 1362 3496 1431 gentibus;

1938 1455 1990 1508 in
2032 1438 2449 1523 quadragesimo
2500 1463 2678 1527 autem
2728 1469 2891 1515 nono,
2940 1440 3497 1509 valdeconsentanea

1940 1545 2063 1597 huic
2092 1544 2324 1605 ratione,
2360 1560 2467 1611 quo
2491 1552 2649 1611 pacto
2682 1560 2908 1611 surgens
2936 1544 3140 1613 judicet
3174 1553 3373 1598 terram
3405 1546 3499 1600 de-

1936 1633 2195 1687 scribitur
2226 1633 2308 1687 lllS
2330 1634 2507 1687 verbis
2538 1652 2549 1685 :
2584 1632 2722 1685 Deus
2754 1635 2971 1686 deorum
3000 1634 3258 1688 Dominus
3294 1635 3496 1688 lacunis

1936 1735 2032 1785 est,
2072 1732 2120 1775 et
2156 1724 2350 1776 vocavit
2396 1732 2590 1775 terram
2637 1740 2667 1775 (ι
2716 1723 2845 1776 solis
2890 1734 3007 1777 ortu
3043 1742 3199 1795 usque
3241 1726 3309 1778 ad
3350 1744 3497 1780 occa-

1938 1831 2051 1868 sum
2074 1816 2117 1845 ἰ
2144 1833 2159 1875 ;
2192 1829 2253 1868 ac
2290 1815 2545 1883 deinceps
2574 1833 2586 1867 :
2613 1814 2753 1867 Deus
2801 1816 3075 1881 manifeste
3099 1818 3281 1879 t'cniel,
3316 1828 3365 1871 et
3397 1834 3497 1871 non

1938 1906 2128 1959 silebit.
2162 1905 2305 1975 Ignis
2340 1907 2393 1958 in
2424 1914 2696 1973 conspectu
2726 1905 2838 1974 ejus
2878 1905 3178 1960 exardescet
3204 1910 3271 1970 θ’,
3303 1918 3355 1962 et
3388 1924 3497 1962 CII!-

1938 2006 2089 2051 tera:
2125 1997 2280 2066 queis
2327 1996 2598 2065 quomodo
2636 1996 2979 2065 judicaturus
3026 1998 3097 2049 sit
3139 2008 3377 2052 enarrat.
3434 1998 3497 2053 Et

1936 2090 2061 2157 quia
2090 2090 2143 2142 in
2177 2089 2428 2159 priesenti
2458 2088 2662 2141 dictum
2696 2096 2779 2142 est
2804 2108 2814 2141 :
2835 2088 3091 2153 Quoniam
3130 2099 3185 2140 tu
3215 2091 3497 2143 Iun-edita-

1937 2182 2013 2235 bis
2048 2181 2109 2235 in
2157 2181 2397 2234 omnibus
2441 2179 2713 2249 gentibus;
2764 2187 3063 2249 Opportune
3096 2182 3148 2232 in
3193 2181 3497 2252 quadrage-

1936 2274 2074 2327 simo
2121 2286 2287 2337 nono,
2340 2270 2539 2341 Moysis
2594 2271 2660 2326 de
2708 2272 2992 2327 sacriﬁciis
3049 2272 3190 2341 leges
3249 2273 3491 2341 abrogat,

1936 2364 2586 2439 aliumque‘rationabilis
2636 2364 2887 2419 sacriﬁcii
2921 2366 3082 2418 ritum
3124 2366 3305 2429 tradit,
3348 2367 3493 2435 quod

1936 2472 2031 2526 per
2062 2464 2233 2511 totum
2276 2457 2462 2515 orbem
2494 2458 2547 2511 in
2577 2457 2831 2511 omnibus
2862 2458 3114 2527 gentibus
3146 2460 3488 2529 persolvitur.

1934 2549 2109 2613 Quare
2140 2550 2343 2602 dictum
2386 2557 2510 2605 est:
2548 2550 2808 2616 Quoniam
2846 2560 2899 2603 tu
2924 2550 3259 2606 hwreditabis
3301 2554 3353 2605 in
3386 2568 3495 2607 om-

1934 2640 2083 2694 nibus
2116 2641 2374 2710 gentibus.

2659 2835 2750 2889 XI.

2005 2926 2103 2982 Hic
2126 2941 2303 2997 sermo
2333 2927 2423 2996 qui
2455 2935 2762 2996 postremus
2793 2926 2996 2997 Asaphi
3016 2928 3062 2960 ’³
3090 2936 3192 2992 est,
3214 2930 3507 2998 supplica-_

1934 3008 2136 3075 tionem
2167 3034 2229 3073 ac
2254 3019 2702 3089 deprecationem“
2720 3036 2817 3089 pro
2848 3020 3048 3095 pomilo
3073 3020 3365 3077 admodum
3394 3038 3496 3093 op-

1933 3118 2165 3183 portune
2194 3109 2590 3179 complectitur.
2604 3108 2773 3189 1Quia.
2790 3104 2949 3189 enim
2961 3101 3246 3189 imprimis
3276 3118 3491 3182 postre-

1932 3181 2076 3253 imm
2118 3201 2220 3255 loci
2263 3181 2621 3256 obsidionem.
2649 3181 3107 3261 vaticimhilﬂl'.
3126 3202 3319 3257 deinde
3362 3218 3492 3258 vero

1934 3295 2109 3365 quoad
2150 3302 2362 3365 tempus
2406 3302 2799 3365 retrogressus,
2854 3298 3152 3354 secundam
3195 3300 3377 3369 posuit
3423 3298 3495 3357 ab

1929 3370 2198 3442 Antiocho
2234 3386 2434 3440 illatam
2478 3386 2708 3450 cladem,
2752 3403 2817 3442 ac
2864 3390 2967 3444 sub
3019 3391 3133 3445 haec
3174 3391 3338 3455 tertio
3370 3391 3491 3447 loco

1930 3480 2107 3548 pnsuit
2164 3492 2282 3532 eam
2335 3492 2455 3545 quae
2508 3483 2748 3545 tempore
2805 3482 3188 3547 praecurrebat,
3241 3482 3491 3540 videlicet

1927 3585 2047 3639 quae
2081 3568 2183 3624 sub
2212 3568 2439 3638 imperio
2476 3566 2821 3637 Assyriorum
2854 3578 2908 3623 et
2946 3569 3364 3640 Babyloniorum
3398 3574 3491 3627 ac-

1928 3662 2091 3727 cidit;
2122 3668 2518 3730 consequenter
2548 3660 2602 3714 in
2638 3660 2887 3729 praesnti
2918 3662 3371 3731 supplicationem
3401 3665 3487 3719 oi-

1927 3750 2050 3813 fcrt,
2078 3766 2177 3820 pro
2215 3751 2497 3807 obsidione
2521 3766 2641 3821 qua:
2668 3760 2907 3821 tempore
2946 3756 3095 3821 prior
3122 3765 3259 3817 erat,
3295 3755 3349 3808 in
3382 3772 3488 3826 qua

1925 3858 2114 3898 omnes
2152 3842 2349 3899 Iudaeae
2383 3843 2597 3897 ﬁnitimi
2629 3844 2880 3898 dexteras
2928 3858 3059 3897 suas
3107 3845 3347 3915 Assyriis
3395 3846 3489 3900 ad-

1925 3950 2138 3989 versum
2175 3935 2296 3989 illos
2326 3944 2698 4004 porrexerunt.
2734 3935 2888 4001 Quod
2915 3935 3001 3990 his
3036 3935 3312 4005 signiﬁcat
3344 3955 3357 3991 :
3388 3936 3489 3991 Ta-

1924 4024 2207 4077 burnacula
2238 4022 2596 4079 Idumworum
2635 4034 2686 4079 et
2720 4026 3039 4097 Ismaelitce,
3068 4025 3226 4080 Moab
3262 4036 3312 4081 et
3341 4028 3486 4099 Aga-

1922 4117 2054 4177 reni,
2092 4114 2254 4169 Gebal
2298 4126 2346 4170 et
2378 4118 2603 4170 Ammon
2641 4125 2691 4170 et
2738 4118 2976 4180 Amalec,
3022 4118 3330 4187 alienigena:
3368 4134 3485 4172 cum

1920 4205 2277 4260 habitantibus
2316 4205 2533 4276 Tyrum.
2571 4205 2786 4260 Etenim
2820 4208 2989 4261 Assur
3028 4210 3163 4261 venit
3203 4224 3322 4260 cum
3349 4208 3482 4272 illis,

1922 4294 2050 4363 facti
2094 4305 2215 4350 sunt
2267 4300 2318 4349 in
2362 4294 2691 4364 adjutorium
2726 4297 2853 4365 ﬁliis
2886 4295 3007 4351 Lot.
3046 4297 3254 4361 Quibus
3284 4296 3483 4352 deinde

1922 4389 2077 4441 ﬁnem
2112 4403 2219 4459 quo
2263 4389 2566 4460 excipiendi
2616 4395 2742 4444 sunt
2793 4388 3056 4443 describit
3087 4388 3273 4443 dicens
3303 4406 3315 4442 :
3340 4386 3481 4442 Deus

1919 4497 2082 4545 meus,
2113 4497 2245 4550 pone
2281 4482 2402 4534 illos
2450 4493 2507 4534 ut
2540 4491 2731 4542 rotam,
2782 4479 2915 4533 sicut
2948 4479 3196 4545 stipulam
3236 4486 3354 4531 ante
3393 4476 3479 4547 fa-

262 4595 434 4633 σκων·
478 4579 529 4631 '0
576 4580 719 4644 Θεός
757 4594 911 4649 μου,
939 4576 1045 4634 θοῦ
1090 4576 1304 4642 αὐτοὺς
1357 4578 1435 4642 ὡς
1474 4578 1705 4644 τροχὸν,
1742 4576 1820 4639 ὼς
1918 4574 1958 4623 (ἱ

1780 4596 1820 4639 ›ς
1918 4574 2046 4625 ciem
2095 4574 2251 4637 venti,
2295 4574 2429 4626 sicut
2469 4574 2602 4641 ignis
2648 4571 2737 4641 qui
2778 4568 3041 4622 comburet
3088 4568 3298 4631 silvam,
3343 4567 3476 4622 sicut

261 4669 536 4737 καλάμην
574 4668 723 4722 κατὰ
768 4668 1088 4737 πρόσωπον
1135 4666 1378 4736 ἀνέμου,
1435 4668 1577 4721 ὡσεὶ
1628 4667 1745 4735 πῦρ
1785 4666 1815 4719 ὃ
1850 4681 1892 4735 ο
1921 4665 1957 4733 ﬂ

1785 4666 1815 4719 ὃ
1850 4681 1892 4735 ο
1921 4665 2137 4733 ﬂamma
2163 4664 2423 4718 eomburet
2465 4672 2683 4730 montes,
2714 4669 2767 4715 et
2807 4662 3033 4730 reliqua.
3066 4658 3201 4713 Cum
3246 4660 3351 4713 huc
3387 4674 3477 4715 au-

258 4759 563 4830 dtagslélfet
605 4761 849 4830 δρυμὸν,
895 4760 1035 4813 ὡσεὶ
1086 4759 1243 4828 φλόξ
1293 4760 1648 4812 κατακαύσει
1686 4758 1811 4827 ὄρη,

259 4854 351 4905 καὶ
400 4852 469 4905 τὰ
514 4852 902 4922 ἐπιφερόμενα.
953 4850 1121 4903 Ἔνθα
1170 4849 1451 4919 γενόμενος
1509 4849 1827 4917 ἀναγκαίως¹

258 4945 623 5015 ἐπιτηρήσεις,
658 4943 731 5005 ὡς
763 4943 895 4995 ὅπου
943 4940 1212 5011 μέμνηται
1258 4939 1350 4993 τοῦ
1394 4940 1642 5010 Ἀσσοὺρ,
1668 4930 1814 4993 ὀὗτοι

258 5033 311 5085 δὲ
354 5029 493 5105 ἦσαν
524 5033 905 5105 οίιἋσσύριοι,
934 5032 1027 5083 καὶ
1067 5032 1174 5083 τῶν
1216 5029 1615 5102 προλεχθέντων
1648 5030 1815 5083 ἐθνῶν

258 5125 354 5194 τὴν
394 5128 510 5179 κατ’
551 5116 726 5179 αὐτῶν
756 5126 999 5177 ποιεῖται
1031 5122 1229 5193 δέησιν,
1276 5112 1494 5191 καὶτὴν
1522 5128 1817 5193 καταστρο-

261 5220 363 5287 φὴν
394 5218 569 5270 αὐτῶν
600 5218 725 5288 ἑξῆς
766 5214 1034 5279 θεσπίζει·
1074 5214 1164 5266 καὶ
1206 5216 1262 5267 ὲν
1300 5212 1376 5282 τῷ
1406 5210 1483 5281 οη¹
1510 5213 1727 5281 ὁμοίως,
1759 5216 1813 5267 ἐν

260 5302 301 5375 ᾧ
327 5310 393 5361 τὰ
416 5310 554 5362 κατά
584 5311 847 5380 Ἀντίοχον
881 5305 1263 5381 προανεφώνει,
1288 5306 1343 5368 ὃς
1378 5303 1699 5376 Ἐλληνίςειν
1722 5309 1815 5359 καὶ

264 5401 615 5471 παραϐαίνειν
643 5401 711 5455 τὰ
734 5404 933 5473 πάτρια
961 5398 1267 5470 ἠνάγκαζεν
1302 5397 1599 5461 Ἰουδαίους.
1647 5400 1813 5453 Πάλιν

263 5494 365 5563 γὰρ
401 5493 560 5545 κάκεῖ
584 5493 681 5563 τὴν
716 5492 1103 5565 καταστροφὴν
1140 5489 1247 5543 τῶν
1282 5489 1549 5559 πολεμίων
1587 5490 1815 5562 προῦλε-

264 5601 372 5653 γεν.
405 5584 598 5639 Οὐκέτι
628 5584 686 5637 δὲ
715 5587 807 5638 καὶ
846 5588 903 5639 ὲν
939 5587 1017 5657 τῷ
1054 5590 1151 5653 στ’,
1182 5576 1301 5636 καθ’
1327 5582 1384 5636 ὃν
1418 5582 1449 5652 ή
1484 5582 1684 5655 ἐσχάτη
1722 5584 1816 5636 αὺ-

263 5676 367 5729 τῶν
391 5676 638 5747 ἐδηλοῦτο
666 5676 922 5749 ἀποϐολή.

331 5763 489 5825 Οὗτοι
519 5770 614 5841 μὲν
642 5765 733 5823 οὖν
765 5773 813 5825 oi
845 5772 1173 5842 συνημμέναι
1208 5769 1299 5823 τοῦ
1338 5768 1501 5821 Ἀσάιο
1537 5775 1622 5820 ια’.
1668 5768 1725 5820 ’0
1754 5768 1808 5821 δὲ

324 5924 369 5955 ὀ
397 5921 540 5979 Psal.
582 5939 729 5992 xm,
756 5924 807 5978 1.
884 5927 925 5959 ⁹¹
959 5926 1087 5981 ibid.
1115 5926 1157 5960 "
1194 5924 1324 5980 ibid.
1349 5924 1397 5979 5.

1920 4764 2029 4811 tem
2058 4756 2339 4811 deveneris
2381 4756 2631 4817 observa,
2663 4769 2869 4823 quaeso,
2904 4769 3027 4808 eum
3057 4753 3148 4807 ubi
3192 4752 3339 4809 illius
3375 4754 3477 4809 As-

1924 4865 2021 4905 sur
2064 4849 2306 4905 meminit
2335 4848 2517 4915 (erant
2548 4853 2727 4901 autem
2758 4846 2794 4899 ii
2818 4845 3071 4917 Assyrii),
3106 4861 3318 4901 necnon
3342 4860 3477 4916 prte-

1922 4942 2188 4996 dictarum
2241 4938 2518 5009 gentium,
2570 4938 3013 5009 snpplicationem
3076 4938 3336 4994 adversus
3382 4954 3474 4994 eos

1920 5036 2185 5096 emittere,
2216 5047 2278 5085 ac
2300 5032 2494 5086 exinde
2524 5030 2820 5085 infaustum
2850 5030 3162 5085 eorumdem
3195 5030 3353 5083 linem
3381 5045 3474 5084 va-

1921 5122 2135 5177 ticinari
2170 5142 2182 5176 :
2210 5122 2354 5192 quod
2380 5124 2567 5178 itidem
2605 5123 2659 5176 in
2692 5138 2897 5176 uxviu
2929 5120 3193 5190 praestitit,
3227 5119 3317 5172 ubi
3346 5118 3471 5174 item

1920 5230 2037 5285 quis
2073 5215 2324 5271 Antiochi
2354 5226 2591 5286 tempore
2637 5215 2952 5269 acciderunt
2992 5211 3338 5281 praenuntiat,
3376 5213 3470 5281 qui

1919 5305 2132 5360 Iudaeos
2160 5306 2420 5376 compulit
2456 5314 2515 5360 ut
2545 5303 2850 5358 Graecorum
2880 5300 3041 5353 ritum
3080 5290 3459 5361 observarent,

1919 5404 2277 5467 paternasque
2303 5398 2448 5468 leges
2467 5392 2992 5463 transgrederentur.
3030 5389 3163 5444 Nam
3196 5391 3305 5445 illic
3331 5406 3469 5460 quo-
3512 5388 3517 5395 ’

1919 5504 2023 5559 que
2056 5487 2331 5546 infelicem
2372 5489 2710 5543 inimicorum
2754 5486 2909 5538 ﬁnem
2943 5483 3208 5554 prmdixit.
3245 5479 3316 5533 At
3362 5497 3469 5536 non

1919 5582 1972 5636 in
2003 5597 2199 5647 cum,
2253 5581 2345 5636 ubi
2384 5587 2655 5653 postrema
2684 5575 2993 5631 Iudaeorum
3028 5572 3256 5643 abjectio
3282 5571 3469 5627 declao

1921 5682 2088 5728 ratur.
2266 5656 2269 5657 ⁷

1988 5766 2049 5821 lli
2106 5767 2270 5838 igitur
2317 5766 2515 5837 Asaphi
2573 5778 2797 5819 numero
2860 5760 3131 5825 undecim,
3190 5757 3466 5829 conjuncti

1502 5923 1546 5954 ”
1575 5906 1719 5977 Psal.
1753 5936 1957 5985 Luxu,
1990 5920 2037 5973 1.
