4294 6458
312 521 413 578 857

1418 518 1921 581 ,COMMENTARIA
1962 519 2028 573 IN
2062 519 2382 578 PSALMOS

3410 527 3513 583 8'58

314 637 635 707 διαδήματα
665 654 802 704 μου,
832 638 890 687 οὔ
922 639 1024 707 μὴν
1081 637 1326 707 ἐξεχύθη.
1362 640 1589 710 Νοήσεις
1631 641 1685 691 δὲ
1724 642 1870 703 ὅπως
1902 648 1945 704 Α
1972 658 2003 693 v

1818 659 1870 703 υς
1902 648 1945 704 Α
1972 654 2137 695 vitam
2164 644 2341 697 allecti
2376 652 2428 697 et
2460 646 2696 714 prolapsi
2728 630 3009 707 sint;stve
3040 644 3201 699 etiam
3240 646 3451 715 penitus
3485 663 3514 700 a

313 730 551 799 ἐκχεῖται
582 728 757 797 ψυχῆς
788 726 1113 797 διαδήματα,
1148 729 1555 798 ἐπιστήσας,ιώς
1589 731 1686 801 ἤδη
1709 732 1867 794 τινες,

315 825 684 899 προκόψαντες
735 828 790 875 ἐν
836 826 1061 894 ἀσκήσει
1108 824 1430 885 θεοσεϐείας,
1460 826 1517 875 ἐν
1556 822 1871 895 σωφροσύνῃ

311 934 371 970 τε
402 918 495 970 καὶ
518 918 705 987 ἁγνείᾳ
746 914 1142 984 διαλάμψαντες
1192 918 1416 987 μακροῖς
1458 914 1683 985 χρόνοις,
1721 915 1871 966 ὓστε-

316 1009 403 1079 ρόν
431 1026 557 1061 ποτε
598 1008 943 1078 ύπεσύρησαν
984 1006 1300 1077 χαυνότερον
1332 1005 1620 1075 βιώσαντες
1648 1006 1741 1057 καὶ
1768 1008 1872 1057 ὀλι-

312 1099 623 1169 σθήσαντες,
659 1100 689 1168 ἢ
736 1098 1007 1160 παντελῶς
1036 1097 1354 1159 ἐκπεσόντες
1392 1096 1483 1150 τοῦ
1514 1096 1737 1157 σκοποῦ,
1777 1098 1871 1150 καὶ

309 1186 495 1259 ὥσπερ
552 1189 806 1255 ναυάγιον
852 1178 1114 1249 παθόντες
1156 1188 1262 1239 τῶν
1304 1186 1464 1240 πάλαι
1520 1187 1869 1257 συνηγμένων

308 1279 487 1340 αὐτοῖς
519 1277 734 1345 ἀγαθῶν
768 1277 1033 1348 πράξεων.
1077 1277 1289 1330 Τούτων
1333 1276 1439 1347 γὰρ
1464 1278 1562 1328 οὑκ
1603 1277 1667 1329 ἂν
1697 1278 1873 1347 ἁμάρ-

302 1384 421 1431 τοις
459 1367 624 1420 εἰπὼν
672 1368 798 1427 τοὺς
832 1368 993 1430 πόδας
1034 1367 1131 1437 τῆς
1180 1367 1354 1437 ψυχῆς
1390 1365 1770 1418 σεσαλεῦσθαι·
1809 1368 1867 1419 ού

312 1460 417 1530 μὴν
444 1459 577 1511 ἀλλὰ
632 1459 724 1510 καὶ
776 1457 928 1521 ὅλους
985 1458 1350 1519 πεπτωκέναι,
1380 1456 1447 1509 τά
1477 1472 1534 1507 τε
1560 1455 1868 1525 διαδήματα

308 1551 482 1604 αὐτῶν
528 1550 619 1603 καὶ
671 1548 769 1610 τὰς
803 1550 941 1601 κατά
989 1550 1120 1600 Θεὸν
1180 1548 1399 1617 πορείας
1441 1548 1537 1616 τὴν
1580 1548 1637 1597 ἐν
1676 1546 1868 1616 μακρῴ

308 1642 481 1711 χρόνῳ
512 1640 786 1710 προκοπὴν
817 1638 1149 1710 ἀπορῤεῦσαι
1180 1640 1270 1691 καὶ
1316 1622 1658 1706 ὲκκεχῦσθαι.
1712 1636 1867 1688 Ἀ).λά

307 1731 477 1783 ταῦτα
508 1732 607 1800 μὲν
647 1730 797 1799 παρά
834 1729 1045 1799 μικρὸν,
1081 1730 1262 1798 φησιν,
1305 1728 1521 1787 ἔπαθον.
1556 1730 1613 1780 ού
1644 1727 1745 1797 μὴν
1773 1726 1864 1777 πέο

307 1822 475 1875 πονθα
499 1821 585 1874 διά
610 1820 669 1872 τὸ
686 1820 778 1873 τοῦ
811 1820 944 1873 Θεοῦ
982 1819 1142 1883 ἔλεος.
1173 1819 1315 1889 Πλὴν
1346 1819 1570 1888 ἧμελλόν
1604 1835 1667 1886 γε
1694 1818 1864 1870 ταῦτα

308 1912 535 1981 πάσχειν
563 1910 651 1963 διά
684 1910 842 1979 ζῆλον
883 1910 940 1961 ὃν
986 1908 1207 1979 ἐζήλουν
1234 1910 1323 1961 ἐπὶ
1345 1913 1454 1971 τοῖς
1485 1910 1703 1978 ἀνόμοις
1722 1908 1860 1978 ὁρῶν

305 2002 402 2074 τὴν
430 2004 648 2074 εἰρήνην
676 2001 851 2055 αὐτῶν
885 2002 978 2055 καὶ
1017 2002 1113 2071 τὴν
1146 2003 1202 2053 ἐν
1232 2000 1443 2069 πλούτῳ
1470 2001 1561 2052 καὶ
1583 2003 1778 2070 τρυφῇ,
1808 1999 1862 2052 ἕν
1895 1986 1935 2039 Β

304 2116 364 2151 τε
392 2098 579 2169 ἀρχαῖς
607 2098 698 2150 καὶ
749 2096 1049 2166 ἀξιώμασιν
1084 2094 1397 2169 εὐημερίαν.
1429 2094 1521 2156 Εἰς
1562 2076 1731 2167 τάῦτα
1756 2092 1863 2163 γὰρ

307 2181 521 2259 ἀφορῶν
550 2188 887 2258 διεπριόμην,
909 2186 982 2248 ὡς
1008 2182 1202 2256 μικροῦ
1231 2183 1338 2235 δεῖν
1358 2180 1690 2235 κινδυνεῦσαι
1715 2198 1867 2251 περι-

306 2282 487 2331 πεσεῖν
519 2278 697 2342 ἀθέοις
720 2277 993 2347 λογισμοῖς
1012 2294 1023 2305 ·
1052 2269 1131 2340 οἷς
1160 2274 1218 2327 οὑ
1250 2272 1636 2343 περιπέπτωκα
1662 2272 1865 2341 δόγμα-

308 2385 390 2422 σιν
444 2368 621 2440 ὀρθοῖς
676 2367 1137 2439 θεραπευόμενος,
1200 2367 1309 2426 τοῖς
1368 2363 1866 2432 ὑπομιμνήσκουσιν

308 2458 508 2525 ἀγαθὸν
528 2454 665 2511 εἶναι
701 2460 785 2511 τὸν
829 2456 958 2509 Θεὸν
995 2447 1086 2509 καὶ
1118 2453 1434 2517 ἀνεξίκακον
1470 2453 1561 2505 καὶ
1592 2451 1865 2522 μακρόθυ-

311 2567 424 2621 μον.
461 2551 657 2621 Διόπερ
678 2548 1106 2619 ἐκπληττόμενος
1136 2545 1297 2600 αὐτοῦ
1334 2547 1426 2599 καὶ
1470 2543 1867 2613 ἀποθαυμάζων

306 2639 403 2709 τὴν
431 2638 728 2711 ὑπερὸολὴν
760 2640 857 2708 τῆς
886 2636 1235 2705 ἀγαθότητος,
1271 2631 1421 2686 εἷπον
1448 2633 1742 2702 ἀρχόμενος
1772 2630 1863 2683 τοῦ

305 2730 465 2797 λόγου
486 2747 500 2761 ο
526 2731 619 2796 Ὠς
641 2729 860 2797 ἀγαθὸς
875 2728 953 2791 τῷ
984 2726 1227 2793 Ἰσραὴλ
1260 2727 1292 2776 ό
1324 2722 1486 2787 Θεὸς,
1519 2721 1640 2786 τοῖς
1662 2720 1863 2775 suam

248 2866 251 2870 .
308 2818 379 2888 τῇ
398 2818 626 2886 καρδίᾳ.
670 2818 813 2870 Ἀντὶ
838 2815 894 2867 δὲ
920 2814 1031 2868 ’ποῦ’
1078 2814 1168 2879 Ὠς
1192 2811 1410 2881 ἀγαθὸς
1427 2849 1441 2874 ,
1469 2812 1497 2863 ὁ
1550 2810 1856 2879 Σύμμαχος

1972 748 2138 802 scopo
2168 734 2485 797 defecerint,
2512 743 2562 789 et
2589 736 2742 804 quasi
2774 732 3114 805 naufragium
3144 736 3198 787 in
3222 736 3379 791 bonis
3402 736 3513 804 jam

1972 825 2214 887 coll’eetis
2247 827 2500 895 operibus
2554 826 2799 881 fecerint.
2840 824 2947 881 Hos
2990 827 3034 880 si
3067 826 3293 895 pedibus
3325 828 3519 881 animae

1972 924 2271 969 commotos
2301 916 2535 982 dixeris;
2577 918 2685 971 imo
2714 933 2841 971 vero
2886 918 2930 969 si
2966 918 3179 985 penitus
3212 920 3515 987 prolapsos,

1970 1013 2130 1072 atque
2189 1021 2409 1075 gressus
2456 1021 2665 1071 eorum,
2706 1008 3129 1075 diuturnumque
3187 1008 3239 1059 in
3290 1010 3373 1061 via
3422 1008 3518 1064 Dei

1935 1075 2267 1163 oprofeetum
2306 1095 2586 1147 vacillasse
2632 1102 2686 1147 et
2722 1095 2948 1148 effusum
2983 1110 3104 1149 esse
3150 1095 3514 1159 allirmaveris,

1969 1187 2281 1254 neutiquam
2317 1186 2554 1240 aberres.
2598 1184 2701 1239 Sed
2740 1186 2870 1247 lucc,
2910 1186 3102 1255 inquit,
3138 1186 3247 1239 fere
3285 1188 3515 1254 pertuli;

1970 1266 2067 1329 nec
2093 1277 2283 1345 pertuli
2310 1286 2483 1331 tamen
2517 1293 2611 1346 per
2648 1278 3075 1331 misericordiam
3109 1277 3223 1331 Dei.
3254 1279 3516 1332 Ceterum

1968 1369 2100 1418 tanti
2126 1368 2254 1420 mihi
2286 1369 2509 1438 periculi
2545 1369 2599 1421 in
2626 1383 2788 1422 causa
2824 1369 2923 1422 fuit
2960 1371 3106 1423 zelus
3131 1386 3238 1439 quo
3304 1372 3519 1440 iniquo-

1968 1474 2086 1511 rum
2123 1474 2287 1512 causa
2328 1459 2682 1523 accendebar,
2722 1459 2847 1512 dum
2881 1461 3121 1514 viderem
3154 1476 3339 1529 pacem
3373 1465 3516 1531 ipso-

1968 1563 2111 1607 rum,
2149 1563 2360 1602 necnon
2388 1564 2573 1604 eorum
2606 1550 2660 1602 in
2689 1548 2916 1613 divitiis,
2947 1550 3245 1619 voluptate,
3274 1551 3521 1604 domina-

1966 1644 2046 1701 tu,
2082 1637 2434 1706 dignitatibus
2470 1642 2801 1699 felicitatem.
2852 1644 2977 1699 Haec
3015 1645 3310 1714 respiciens
3354 1642 3522 1697 disse-

1952 1730 2154 1792 'cabar,
2216 1730 2289 1783 ita
2344 1743 2398 1785 ut
2444 1749 2579 1802 pene
2628 1736 2681 1787 iu
2742 1736 2936 1804 impias
3002 1737 3108 1789 labi
3163 1726 3521 1805 cogitationes

1965 1818 2301 1887 periclitarer
2342 1841 2354 1876 :
2394 1824 2444 1875 in
2479 1841 2613 1893 quas
2654 1834 2855 1887 tamen,
2890 1827 3052 1881 rectis
3084 1825 3325 1879 firmatus
3360 1826 3520 1877 iusti-

1966 1910 2120 1971 tutis,
2157 1910 2320 1964 Deum
2356 1914 2555 1970 bonum
2608 1918 2897 1985 patientem
2943 1924 2997 1970 et
3044 1916 3363 1969 tolerantem
3396 1930 3519 1970 esse

1964 2004 2466 2067 commonentibus,
2524 2008 2835 2074 neutiquam
2890 2006 3084 2060 decidi.
3156 2004 3516 2070 Quamobrem

1966 2091 2383 2158 prmcellentiam
2441 2094 2700 2151 bonitatis
2748 2096 2919 2165 ipsius
2954 2084 3246 2159 demirans’,
3299 2109 3360 2147 ac
3401 2104 3517 2148 stu-

1966 2196 2119 2250 pens,
2148 2183 2224 2236 sic
2257 2199 2558 2239 sermonem
2585 2203 2743 2242 orsus
2776 2204 2892 2242 sum
2921 2206 2934 2243 :
2968 2187 3137 2252 Quam
3165 2185 3325 2250 bonus
3349 2183 3518 2238 Israel

1969 2271 2131 2335 Deus,
2167 2276 2318 2329 rectis
2348 2276 2540 2330 corde!
2588 2277 2692 2331 Pro
2717 2279 2808 2331 illo
2848 2284 3024 2331 autem
3062 2296 3073 2330 :
3106 2277 3274 2343 Quam
3320 2275 3513 2339 bonus;

1969 2358 2325 2431 Symmachus
2356 2386 2367 2419 :
2396 2365 2554 2431 Sane,
2580 2369 2773 2438 inquit,
2814 2385 2925 2421 vere
2954 2368 3115 2422 bonus
3142 2368 3279 2422 Deus
3305 2366 3515 2434 Israeli,

1964 2456 2108 2521 puris
2148 2456 2319 2511 corde.
2363 2456 2498 2524 Quis
2535 2474 2662 2513 vero
2691 2469 2835 2516 esset
2869 2462 3031 2516 Israel
3055 2462 3139 2516 his
3168 2460 3362 2516 additis
3396 2477 3521 2517 ver-

1966 2547 2050 2600 bis
2100 2548 2416 2609 declaravit,
2447 2552 2591 2619 puris
2634 2554 2805 2607 corde.
2842 2552 2917 2606 Illi
2953 2568 3184 2622 namque
3206 2569 3329 2607 vere
3354 2554 3519 2689 lirael

1966 2638 2124 2689 sunt:
2160 2646 2329 2689 altare
2360 2648 2391 2687 a
2419 2634 2705 2689 Servatore
2727 2652 2942 2689 auoaue
2967 2637 3171 2689 dictum
3204 2645 3287 2689 est
3317 2654 3330 2689 :
3413 2636 3519 2689 eati

1966 2638 2124 2697 sunt;
2160 2646 2329 2702 quare
2360 2648 2391 2687 a
2419 2634 2705 2689 Servatore
2727 2652 2942 2705 quoque
2967 2637 3171 2690 dictum
3204 2645 3287 2690 est
3317 2654 3330 2689 :
3367 2634 3521 2690 Beati

1964 2721 2157 2775 mundo
2209 2725 2381 2787 corde,
2434 2727 2679 2794 quoniam
2710 2729 2812 2794 ipsi
2846 2727 3008 2793 Deum
3038 2728 3341 2782 videbunt”
3377 2746 3392 2782 :
3439 2725 3519 2783 ls-

1966 2812 2076 2866 rael
2103 2822 2278 2867 autem
2298 2813 2471 2867 videns
2504 2814 2668 2867 Deum
2690 2817 3005 2884 explicatur.

308 2911 479 2979 Πλὴν
548 2910 749 2993 ὅντως,
790 2908 972 2979 φησὶν,
1020 2904 1239 2975 ἀγαθὸς
1270 2906 1313 2956 ,ὁ
1353 2900 1496 2993 Θεὸς
1537 2900 1615 2967 τῷ
1652 2900 1906 2993 Ἰσραὴλ,
1946 2902 2071 2968 τοῖς
2099 2904 2377 2993 καθαροῖς
2409 2904 2522 2972 τὴν
2538 2904 2803 2973 καρδίαν.
2838 2907 3152 2979 Παρέστησε
3183 2908 3395 2979 γάρτίς
3427 2906 3515 2982 εἴη

308 3005 337 3055 ό
374 3002 605 3073 Ἰσραὴλ,
627 2991 959 3067 ἐπισυνάψας
980 2996 1073 3049 καὶ
1096 2992 1438 3076 εἰπὼνντοῖς
1503 2992 1781 3060 καθαροῖς
1805 2991 1918 3059 τὴν
1956 2993 2225 3062 καρδίαν.
2280 2991 2435 3050 Οὗτοι
2474 2998 2587 3068 γάρ
2616 2998 2753 3050 είσιν
2793 3000 2820 3051 ό
2864 2997 3109 3068 ἀληθινὸς
3167 2999 3408 3071 Ἰσραήλ·
3436 2998 3515 3052 διὸ

310 3092 521 3160 ἐλέγετο
549 3093 643 3145 καὶ
667 3090 772 3144 ὑπὸ
795 3088 886 3142 τοῦ
921 3086 1202 3157 Σωτῆρος·
1233 3083 1519 3151 Μακάριοι
1574 3086 1627 3137 oi
1679 3083 1921 3151 καθαροί
1952 3083 2025 3155 τῇ
2071 3086 2301 3155 καρδίᾳ,
2355 3088 2445 3141 ὅτι
2502 3090 2667 3144 αὐτοὶ
2706 3091 2813 3145 τὸν
2862 3089 3009 3143 Θεὸν
3053 3090 3331 3159 ὄψονται⁵
3371 3090 3515 3145 καὶὸ

280 3248 298 3261 Ἰ
321 3185 534 3256 Ἰσραὴλ
558 3184 612 3237 δὲ
643 3180 798 3251 ὀρῶν
830 3181 937 3234 τὸν
969 3179 1115 3233 Θεὸν
1144 3175 1517 3248 ἑρμηνεύεται.

377 3299 496 3351 Ὅτι
516 3299 625 3351 οὐκ
648 3296 817 3350 ἔστιν
849 3292 1173 3357 ἀνάνευσις
1209 3284 1375 3355 ἐν’τῷ
1394 3288 1624 3353 θανάτῳ
1642 3289 1859 3357 αὐτῶν,
1889 3294 1931 3353 c
2037 3290 2073 3344 ν

1906 3294 1931 3353 3
2037 3290 2198 3346 Vens.
2222 3289 2342 3343 4-9.
2364 3289 2503 3356 Quia
2532 3307 2633 3345 non
2660 3298 2738 3345 est
2764 3298 3022 3359 respectas
3052 3290 3209 3342 morti
3237 3304 3437 3353 eorum,
3466 3298 3521 3346 et
3581 3271 3602 3317 ⁸

307 3390 403 3443 καὶ
439 3379 737 3455 στερέωμα
780 3386 851 3437 ἐν
887 3384 963 3452 τῇ
996 3382 1240 3452 μάστιγι
1277 3377 1491 3434 αὐτῶν.
1540 3381 1634 3434 Ἐν
1660 3381 1867 3445 κόποις

306 3464 626 3545 άνθρώπών
654 3478 765 3529 οὐκ
814 3475 954 3539 εισι,
982 3474 1077 3526 καὶ
1112 3474 1277 3541 μετάι
1304 3469 1625 3536 ἀνθρώπων
1658 3474 1729 3525 οὐ
1755 3486 1866 3539 μα-

305 3561 789 3632 στιτωθήσονται.
846 3561 948 3614 Διὰ
975 3559 1147 3613 τοῦτο
1201 3560 1530 3628 ἐκράτησεν
1569 3559 1788 3626 αὐτοὺς
1824 3560 1863 3627 ἡ

305 3652 681 3722 ὑπερηφανία
728 3653 815 3716 είς
855 3649 1046 3714 τέλος.
1096 3648 1181 3710 Ὦς
1212 3649 1269 3701 ἐν
1304 3648 1511 3719 ἱστορίᾳ
1539 3646 1863 3718 διεξέρχεται

305 3746 373 3801 τά
402 3743 707 3815 ταράξαντα
739 3738 902 3795 αὑτοῦ
936 3741 1032 3810 τὴν
1059 3739 1252 3810 ψυχὴν,
1290 3739 1374 3793 ἵνα
1404 3739 1640 3809 γνῶμεν,
1678 3739 1759 3813 ὅτι
1789 3738 1863 3810 μὴ

306 3840 398 3892 ἐπὶ
426 3839 635 3909 μικροῖς
654 3828 1018 3904 ἐσαλεύθησαν
1046 3831 1210 3886 αὑτοῦ
1245 3833 1292 3884 oi
1323 3830 1477 3894 πόδες
1503 3832 1628 3901 παρ’
1652 3829 1827 3897 ὀλίγον
1845 3846 1857 3859 ·

310 3930 443 4001 μηδὲ
484 3928 575 3981 ἐπὶ
594 3930 703 3989 τοῖς
736 3924 985 3994 τυχοῦσιν
1014 3921 1241 3992 ἧμελλον
1271 3919 1460 3974 ἐαυτοῦ
1489 3918 1761 3989 ὲκχεῖσθαι
1793 3917 1863 3970 τά

304 4020 634 4091 διαδήματα.
677 4017 811 4070 Τίνα
838 4016 895 4068 δὲ
926 4008 1221 4085 ἦνταῦτα;
1255 4014 1317 4065 Oi
1363 4012 1573 4074 ἀσεϐεῖς
1622 4010 1715 4063 καὶ
1773 4009 1862 4081 τὸν

305 4110 437 4163 Θεὸν
464 4109 562 4162 οὐκ
593 4107 811 4169 εἰδότες,
840 4104 1002 4169 οὕτω,
1035 4103 1217 4171 φησὶν,
1243 4105 1299 4157 ὲν
1330 4101 1612 4171 εὐπαθείᾳ
1640 4100 1861 4169 βίουκαδ.

307 4199 592 4269 θυμηδίαις
638 4198 859 4266 διῆγον,
918 4193 1015 4247 καὶ
1074 4192 1263 4262 μέχρις
1313 4191 1543 4260 ἐσχάτης
1607 4188 1861 4257 τελευτῆς

304 4288 569 4357 τοσαύτης
607 4286 883 4355 ἀπήλαυον
924 4284 1154 4355 τρυφῆς,
1184 4283 1257 4345 ὼς
1289 4283 1382 4334 καὶ
1423 4280 1579 4334 πάνθ’
1625 4278 1861 4333 ὁντινοῦν

306 4379 561 4446 εὖξασθαι
587 4376 692 4429 τῶν
716 4376 843 4428 ἴσων
871 4375 1052 4434 αὐτοῖς
1080 4373 1278 4442 τυχεῖν,
1318 4370 1555 4443 ζηλῶσαι
1586 4387 1645 4423 τε
1687 4369 1862 4423 αὐτῶν

305 4472 366 4525 ού
403 4470 559 4542 μόνον
612 4466 707 4537 τὴν
741 4464 901 4535 ζωὴν,
928 4462 1060 4517 ἀλλὰ
1086 4464 1178 4515 καὶ
1219 4461 1314 4535 τὸν
1354 4461 1602 4525 θάνατον,
1642 4460 1702 4513 ὃν
1741 4460 1860 4514 οὐδὲ

306 4558 737 4631 παραιτήσασθαι
754 4557 875 4627 ἐξῆν
897 4556 1015 4609 οὐδὲ
1030 4553 1296 4607 ἀπευκτὸν
1324 4551 1649 4624 ⁴ἡγήσασθαι.
1678 4550 1862 4615 Οὕτως

306 4655 405 4708 οὐκ
438 4648 505 4723 ἦν
561 4651 843 4711 ἀνάνευσις
876 4649 930 4699 ἐν
976 4645 1051 4715 τῷ
1081 4645 1292 4715 θανάτῳ
1326 4645 1521 4697 αὐτῶν.
1565 4644 1723 4697 Ἀλλά
1767 4645 1861 4697 καὶ
1892 4640 1935 4695 1)

302 4750 355 4800 εί
387 4744 581 4815 συνέϐη
639 4742 766 4795 ποτέ
820 4740 1038 4811 μάστιγι
1070 4738 1162 4791 καί
1196 4736 1397 4807 πληγῇ,
1422 4735 1666 4789 τουτέστι
1705 4753 1859 4807 περι-

308 4837 491 4891 στάσει
536 4835 629 4887 καὶ
677 4832 927 4903 συμφορᾷ
967 4831 1277 4901 περιπεσεῖν
1311 4827 1489 4881 αὐτῶν
1543 4843 1684 4890 τινα,
1731 4824 1764 4896 ἢ
1803 4827 1860 4878 ἐν

305 4929 479 4991 νόσοις
510 4925 857 4994 ἐξετασθῆναι
886 4922 979 4976 καὶ
999 4920 1240 4993 ζημίαις,
1264 4921 1363 4973 οὐκ
1389 4915 1456 4989 ἦν
1492 4917 1773 4988 στερέωμα
1804 4920 1861 4971 ἐν

303 5021 372 5090 τῇ
402 5020 620 5089 μάστιγι
650 5017 845 5070 αὐτῶν.
884 5015 957 5068 οὐ
980 5013 1087 5085 γὰρ
1117 5012 1310 5083 στερεά
1342 5026 1422 5073 τις
1451 5003 1519 5079 ἦν
1540 5008 1635 5061 καὶ
1667 5008 1861 5078 ἐπιμο-

305 5125 393 5172 νος
412 5110 448 5180 ἡ
479 5111 597 5162 κατ’
631 5107 808 5163 αὐτῶν
836 5105 1014 5176 πληγή
1038 5121 1050 5134 ·
1085 5103 1306 5175 βραχεῖα
1330 5101 1387 5154 δέ
1406 5116 1485 5163 τις
1525 5098 1618 5151 καὶ
1649 5096 1713 5161 ἐξ
1740 5099 1858 5151 ἐπι-

303 5198 472 5268 πολῆς
499 5199 937 5269 παρατρέχουσα.
981 5195 1112 5271 oeci
1143 5195 1200 5246 ἐν
1229 5192 1416 5253 κόποις
1453 5189 1508 5241 δὲ
1533 5184 1859 5259 ’ἀνθρώπων

294 5286 643 5359 ἐξητάζοντο,
670 5287 1065 5355 γεωπονοῦντες
1095 5285 1189 5338 καὶ
1207 5282 1302 5354 τήν
1320 5278 1519 5351 τροφὴν
1539 5278 1645 5331 ἀπὸ
1663 5279 1858 5351 χειρῶν

308 5378 667 5452 ποριζόμενοι,
716 5378 873 5451 πενίᾳ
916 5394 974 5431 τε
1023 5374 1505 5449 κατατρυχόμενοι·
1556 5369 1859 5425 τούναντίον

308 5473 360 5527 δέ
383 5468 594 5539 πλούτῳ
607 5467 1018 5539 περιρρεόμενοι
1035 5461 1446 5537 καθηδυπάθουν
1466 5460 1854 5530 ἐντρυφῶντες,

305 5564 397 5620 καὶ
426 5560 586 5633 μηδὲν
614 5559 793 5629 ὅμοιον
829 5558 1121 5627 πάσχοντες
1148 5557 1262 5617 τοῖς
1304 5552 1503 5614 λοιποῖς
1555 5551 1856 5623 ἀνθρώποις

161 5624 167 5629 ἡ
256 5662 261 5667 ‘
303 5624 845 5720 τοῖςμαστιζομένοις
878 5624 1109 5715 ἑκάστης
1152 5636 1361 5713 ἡμέρας
1389 5640 1455 5693 δι’
1476 5640 1729 5694 ἐπιπόνου
1763 5647 1857 5701 καὶ

307 5740 576 5813 μοχθηροῦ
620 5738 755 5807 βίου.
805 5736 901 5791 Διὸ
926 5737 995 5791 ὲν
1030 5735 1192 5797 κόπῳ
1220 5729 1537 5800 ἀνθρώπων
1572 5733 1682 5811 οὐκ
1713 5736 1853 5797 εισι,

362 5894 407 5928 ⁹⁹
439 5895 628 5953 Matth.
662 5916 712 5969 ν,
743 5900 796 5954 8.

1967 3384 2349 3454 ﬁrmamentum
2380 3383 2436 3436 in
2465 3382 2623 3452 plaga
2655 3383 2908 3451 ipsorum.
2942 3380 3009 3435 In
3041 3380 3309 3435 laboribus
3346 3381 3517 3435 Itami-

1966 3491 2088 3528 num
2122 3491 2224 3529 non
2251 3483 2375 3528 sunt
2402 3481 2452 3527 et
2485 3489 2602 3526 cum
2627 3472 2923 3527 hominibus
2956 3488 3057 3525 non
3087 3470 3514 3541 ﬁagellabuntur.

1967 3562 2092 3618 Ideo
2117 3564 2279 3618 tenuit
2300 3578 2384 3616 eos
2409 3561 2649 3631 superbia
2670 3561 2724 3615 in
2748 3560 2923 3629 ﬁnem.
2959 3557 3205 3614 Historiae
3236 3574 3382 3614 more
3398 3573 3517 3630 qua

1964 3654 2201 3707 animam
2251 3653 2471 3708 turbant
2517 3665 2669 3705 suam
2723 3656 2961 3713 enarrat,
3012 3657 3072 3702 ut
3119 3648 3357 3704 seiamus
3407 3664 3517 3704 non

1964 3760 2131 3815 parva
2158 3745 2229 3799 de
2259 3758 2426 3799 causa
2457 3757 2593 3812 pene
2623 3749 2923 3795 commotus
2967 3738 3085 3808 ejus
3120 3740 3303 3810 pedes,
3332 3732 3514 3809 neque

1962 3836 2033 3889 ob
2065 3850 2155 3890 res
2177 3836 2331 3904 parvi
2364 3836 2625 3891 momenti
2676 3850 2812 3904 pene
2860 3831 3055 3891 eﬂ‘usos
3084 3836 3305 3901 greSsus
3339 3830 3515 3900 ipsius

1962 3925 2151 3982 fuisse.
2205 3927 2463 3991 Quaenam
2515 3927 2606 3980 illa
2656 3926 2850 3980 erant?
2884 3924 3059 3994 lmpii,
3110 3922 3304 3992 inquit,
3335 3930 3389 3977 et
3418 3923 3514 3993 qui

1962 4019 2129 4072 Deum
2160 4033 2268 4071 non
2298 4008 2516 4079 norant,
2547 4025 2656 4070 tam
2696 4015 2839 4071 felici
2872 4016 2992 4069 vitae
3022 4004 3275 4079 decursu,
3333 4020 3513 4082 tanta-

1961 4122 2066 4176 que
2124 4107 2397 4175 voluptate
2433 4103 2722 4174 degebant,
2784 4113 2836 4159 et
2872 4118 3044 4174 usque
3090 4104 3157 4157 ad
3210 4110 3515 4159 extremum

1960 4200 2084 4253 vita:
2130 4182 2356 4251 halitum
2408 4203 2487 4250 tot
2529 4194 2738 4255 deliciis
2761 4195 3099 4259 fruebantur,
3125 4202 3184 4248 ut
3213 4210 3370 4249 nemo
3397 4209 3508 4250 nou

1962 4296 2169 4359 optaret
2213 4289 2362 4351 paria
2398 4280 2680 4357 consequi,
2710 4302 2772 4341 ac
2802 4302 2906 4341 non
2937 4287 3110 4341 solum
3142 4286 3262 4340 vitae
3293 4301 3508 4350 eorum,

1962 4378 2057 4436 sed
2092 4380 2254 4435 etiam
2305 4378 2463 4434 morti
2513 4379 2799 4451 invideret,
2866 4379 2958 4432 tali
3003 4378 3229 4441 scilicet,
3291 4376 3506 4446 qualem

1962 4473 2199 4527 abnuere
2228 4485 2290 4525 ac
2322 4470 2645 4525 horrendam
2688 4477 2879 4539 putare
2902 4468 3105 4521 nemini
3153 4467 3357 4520 liceret.
3416 4462 3508 4520 Sic

1961 4579 2069 4618 non
2117 4570 2236 4618 erat
2281 4570 2563 4633 respectus
2616 4558 2775 4612 morti
2829 4572 3034 4610 eorum.
3100 4554 3206 4610 Sed
3263 4556 3425 4611 etiam
3459 4555 3507 4610 si

1960 4655 2179 4723 quando
2207 4654 2543 4727 contingeret
2575 4663 2764 4704 eorum
2794 4648 3026 4716 aliquem
3082 4646 3138 4701 in
3192 4646 3399 4717 plagam
3454 4654 3508 4725 et
3544 4656 3549 4661 ‘

1964 4745 2256 4817 ﬂagellum,
2292 4744 2541 4798 videlicet
2566 4741 2621 4794 in
2643 4750 2936 4794 aerumnam
2959 4746 3014 4793 et
3035 4726 3394 4797 calamitatem
3424 4737 3509 4791 in-

1962 4834 2173 4899 cidere;
2206 4836 2321 4887 sive
2352 4830 2538 4886 morbo
2571 4828 2705 4883 allici
2734 4829 2819 4883 vel
2845 4827 3192 4891 detrimento,
3237 4843 3344 4883 non
3393 4838 3521 4903 erat

1961 4924 2356 4978 firmamentum
2405 4920 2458 4975 in
2518 4920 2673 4992 plaga
2727 4919 2989 4991 ipsorum.
3025 4917 3141 4973 Non
3174 4920 3314 4972 enim
3347 4917 3507 4971 firma

1960 5026 2391 5085 permanensque
2421 5012 2547 5067 talis
2581 5011 2823 5083 ipsorum
2846 5011 2999 5081 plaga
3027 5015 3173 5075 erat;
3212 5008 3305 5064 sed
3328 5002 3506 5063 brevis

1962 5105 2409 5176 superficiemque
2448 5105 2677 5175 carptim
2716 5105 3003 5174 attingens.
3032 5101 3216 5170 Neque
3261 5100 3393 5153 item
3448 5098 3506 5154 in

1958 5197 2234 5252 laboribus
2288 5196 2566 5251 hominum
2610 5196 2985 5259 versabantur,
3014 5200 3212 5259 terram
3254 5187 3503 5257 colendo,

1959 5290 2042 5347 vel
2080 5287 2332 5347 manibus
2359 5289 2562 5343 victum
2594 5288 2835 5357 parando
2854 5305 2889 5354 ;7
2908 5301 3015 5341 non
3038 5280 3291 5356 pauperie
3320 5280 3503 5335 amicti

1958 5388 2146 5449 erant;
2168 5394 2353 5437 verum
2378 5395 2411 5435 e
2448 5378 2723 5435 contrario
2752 5378 2953 5433 divitiis
2990 5376 3287 5435 afﬂuentes,
3323 5372 3377 5427 in
3409 5372 3504 5428 de-

1959 5474 2113 5531 licias
2144 5470 2619 5541 immergebantur,
2650 5470 2894 5540 nihilque
2922 5466 3265 5538 patiebantur
3291 5472 3348 5518 ut
3379 5464 3505 5517 reli-

1957 5565 2049 5635 qui
2069 5562 2336 5626 homines,
2368 5561 2459 5631 qui
2496 5560 2737 5630 quotidie
2786 5559 3052 5615 laboriosa
3093 5568 3504 5627 :emmnosaque

1956 5654 2063 5707 vita
2118 5656 2479 5705 macerantur.
2538 5648 2718 5714 Quare
2764 5650 2819 5703 in
2879 5646 3052 5701 labore
3099 5646 3364 5700 hominum
3402 5660 3503 5696 non

1956 5751 2097 5808 sunt,
2125 5749 2314 5796 etcum
2334 5738 2625 5795 hominibus
2659 5756 2761 5795 non
2791 5738 3217 5813 ﬂagellabantur.
3256 5734 3506 5808 Symma-
