4294 6396
785 488 887 540 859

1495 484 1758 543 EUSEBll
1791 489 2259 546 CESARIENSIS
2292 488 2442 545 ΟΡΡ.
2478 490 2657 546 PARS
2695 491 2778 547 Ill.
2811 524 2879 535 -υ
2911 495 3318 552 EXEGETICA.

3900 502 4009 557 840

783 602 917 655 chus
944 608 1121 653 autem
1165 598 1242 653 sic
1275 598 1662 669 interpretatus
1685 609 1768 657 est
1803 621 1814 655 :
1844 602 1982 669 Quia
2006 621 2106 656 non
2130 605 2329 673 cogita-
2359 610 2406 663 Α
2434 621 2479 655 κε

2311 633 2329 642 -
2359 610 2406 663 Α
2434 605 2529 657 καί
2568 606 2716 672 μετὰ
2760 606 3081 671 ἀνθρώπων
3110 610 3182 662 οὐ
3220 610 3792 677 μαστιγωθιὶσονται.
3845 613 3901 665 '0
3948 614 4007 667 δὲ

783 692 907 744 bant
936 693 998 745 de
1018 700 1179 744 morte
1212 708 1228 744 :
1255 691 1411 760 ﬁrma
1441 709 1660 762 namque
1688 704 1835 747 erant
1857 694 2108 748 vestibula
2128 713 2335 759 eorum;

782 798 843 836 ac
866 782 1122 857 deinceps
1148 801 1160 835 :
1184 780 1249 835 In
1274 783 1509 845 miseria,
1529 783 1723 853 inquit,
1747 774 1847 837 v'iri
1864 801 1964 838 non
1982 794 2151 847 erant,
2178 802 2338 855 neque

780 890 895 924 cum
922 872 1218 926 hominibus
1266 874 1709 940 percutiebantur.
1745 874 1883 941 Quia
1915 878 2080 946 igitur
2136 878 2228 931 tali
2282 880 2337 931 in

780 964 1089 1019 conditione
1120 972 1299 1028 erant,
1331 966 1445 1016 ideo
1472 966 1638 1018 tenuit
1664 982 1749 1019 eos
1780 968 2041 1032 superbia.
2074 968 2208 1022 Cum
2240 985 2335 1037 par

778 1056 973 1111 inisset
1005 1056 1171 1117 enim.
1207 1064 1264 1110 ut
1314 1058 1391 1111 illi
1434 1075 1558 1113 vere
1613 1060 1783 1129 impii,
1814 1063 2110 1115 secundum
2148 1062 2335 1114 nam,

776 1162 902 1200 num
932 1146 1204 1215 cogitandi
1237 1164 1461 1213 morem,
1496 1151 1795 1221 condignas
1824 1152 2193 1221 impietatibus
2222 1170 2336 1222 pa:-

774 1251 873 1290 nas
909 1237 1150 1301 luerent;
1202 1237 1279 1291 illi
1324 1248 1471 1321 certe
1504 1240 1558 1293 in
1588 1239 1796 1295 deliciis
1828 1243 1951 1296 vita:
1979 1243 2337 1297 versabantur

773 1324 902 1378 dum
942 1324 1051 1379 Deo
1086 1327 1283 1381 bellum
1314 1337 1613 1383 moverent.
1654 1330 1835 1396 Quare
1875 1333 2001 1388 dum
2038 1340 2333 1387 attereren-

774 1422 863 1468 tur
893 1417 1086 1485 seipsis
1116 1417 1330 1486 pejores
1359 1420 1681 1483 evadebant,
1708 1430 1757 1473 et
1807 1425 1970 1489 operti
1994 1433 2113 1476 sunt
2137 1424 2333 1491 iniqui-

776 1513 878 1557 tate
912 1515 959 1558 et
988 1508 1255 1574 impietate
1278 1524 1410 1570 sua;
1443 1524 1540 1577 pro
1562 1526 1682 1580 .quo
1703 1503 2059 1581 Symmachus
2090 1532 2101 1567 :
2138 1512 2333 1582 Super—

773 1594 882 1657 bia,
916 1595 1112 1665 inquit,
1151 1598 1323 1649 induti
1354 1607 1495 1662 sunt,
1527 1603 1681 1669 quasi
1710 1604 1897 1655 horrea
1943 1618 2006 1655 ex
2051 1604 2331 1673 iniquitate

772 1686 1035 1741 habentes.
1072 1688 1151 1742 Ad
1185 1689 1299 1743 huic
1357 1699 1534 1746 autem
1570 1713 1580 1747 :
1618 1693 1863 1748 Prodibit
1890 1698 2043 1766 quasi
2086 1713 2150 1750 ea:
2181 1696 2330 1764 adipe

771 1777 1021 1847 iniquitas
1053 1795 1252 1833 eorum.
1294 1778 1465 1849 Cujus
1503 1783 1606 1837 loci
1644 1786 1930 1841 clariorem
1966 1789 2159 1841 extulit
2192 1805 2332 1843 sen-

769 1871 991 1924 tentiam
1012 1869 1371 1940 Symmachus
1400 1872 1483 1927 his
1508 1876 1687 1929 verbis
1715 1896 1726 1930 :
1758 1876 2103 1931 Prociderunt
2120 1894 2183 1931 ea:
2206 1882 2329 1948 pin-

766 1962 985 2031 guedine
1014 1965 1153 2017 oculi
1183 1979 1361 2018 eorum
1402 1983 1419 2019 .'
1441 1966 1691 2021 similiter
1716 1968 1913 2037 Aquila
1945 1974 2330 2042 interpretatus

766 2062 851 2109 est
884 2054 1075 2111 dicens
1113 2072 1126 2109 :
1159 2054 1420 2110 Exierunt
1452 2056 1516 2109 ab
1548 2057 1699 2126 adipe
1726 2060 1866 2113 oculi
1888 2078 2091 2115 eorum.
2120 2065 2330 2120 Praeter

767 2148 881 2204 haec
922 2150 1131 2220 inquit:
1172 2150 1516 2204 Transierunt
1544 2152 1599 2205 in
1642 2154 1885 2221 aﬂ'ectum
1917 2156 2089 2209 cordis
2127 2174 2143 2209 .'
2185 2139 2328 2229 cogi-

767 2250 1005 2295 taverunt
1028 2252 1076 2295 et
1100 2241 1262 2295 locuti
1294 2252 1416 2295 sunt
1448 2244 1500 2295 in
1530 2244 1848 2312 iniquitate:
1881 2263 2000 2316 qua:
2040 2250 2120 2303 sic
2157 2250 2326 2305 inter-

765 2340 1012 2401 pretatur
1043 2331 1404 2403 Symmachus
1434 2354 1444 2387 :
1481 2335 1851 2407 Prwtergressi
1876 2350 1997 2392 sunt
2020 2358 2137 2411 qua:
2166 2358 2327 2412 appa-

767 2425 972 2487 rebant,
1015 2424 1170 2478 corde
1222 2425 1518 2479 irridentes.
1551 2427 1684 2481 Nam
1730 2429 1847 2497 ipsa
1879 2446 2040 2499 opera
2074 2432 2167 2487 Dei
2206 2450 2327 2504 qua:

728 2508 729 2511 “
768 2517 1008 2569 omnium
1041 2518 1215 2572 oculis
1246 2520 1683 2588 conspiciuntur,
1717 2532 1767 2575 et
1821 2532 2002 2591 aperta
2036 2525 2326 2594 providen-

2442 696 2732 766 Σύμμαχος
2747 697 2803 749 οὗ
2822 716 2913 759 ςως
2932 702 2999 768 np
3008 699 3173 768 μήνευ
3182 715 3270 753 σεν
3287 716 3299 727 ·
3316 700 3443 751 *οτι
3465 702 3573 753 οὐκ
3588 702 4003 771 ἐνεθυμσῦντο,

2439 791 2569 856 περὶ
2593 789 2847 843 θανάτου
2872 808 2882 817 ·
2924 792 3133 855 στερεὰ
3156 792 3267 859 τὰρ
3284 788 3363 862 ἦν
3386 791 3459 844 τὰ
3480 794 3759 861 πρόπυλα
3784 794 4001 848 αὐτῶν

2438 881 2708 955 καιὲξῆς·
2748 883 2840 934 Ἐν
2875 884 3256 951 ταλαιπωρίᾳ,
3288 883 3470 953 φησιν,
3494 883 3711 951 ἀνδρὸς
3745 890 3855 938 οὐκ
3879 886 4004 954 ἐγέ-

2439 990 2635 1035 νοντο,
2684 972 2823 1026 οὐδὲ
2848 974 2995 1041 μετά
3041 972 3364 1041 ἀνθρώπων
3394 972 3803 1038 ἐπλήσσοντο.
3849 977 4003 1029 Ἐπεὶ

2436 1061 2527 1118 οῦν
2559 1066 2614 1115 ὲν
2646 1064 2900 1126 τοιούτοις
2935 1060 3091 1133 ἦσαν,
3118 1063 3215 1117 διὰ
3238 1064 3411 1117 τοῦτο
3430 1063 3759 1131 ἐκράτησεν
3783 1066 4004 1130 αὐτοὺς

2434 1156 2473 1222 ἡ
2524 1154 2914 1222 ὑπερηφανία.
2968 1155 3096 1207 Δέον
3129 1155 3236 1225 γὰρ
3284 1155 3496 1217 ἀσεϐεῖς
3553 1154 3744 1216 ὄντας,
3791 1157 3913 1208 ὅσον
3945 1158 4005 1209 ὲν

2436 1244 2791 1316 ἀνθρωπίνοις
2824 1244 3117 1313 λογισμοῖς,
3149 1244 3438 1315 τάπίχειρα
3478 1244 3705 1313 πάσχειν
3728 1248 3845 1323 ,τοῖς
3876 1246 4006 1298 ὰσεο

2436 1337 2699 1406 ϐήμασινι
2734 1337 2782 1387 οἰ
2810 1336 2865 1387 δὲ
2895 1334 3305 1406 κατενετρύφων
3322 1335 3413 1388 τοῦ
3437 1336 3551 1405 βίου
3582 1334 3999 1405 θεομαχοῦντες.

2434 1430 2508 1479 Δι’
2545 1428 2571 1478 ὃ
2610 1428 3007 1497 ὲπιτριϐόμενοι
3052 1427 3266 1497 χείρους
3309 1428 3511 1480 ἑαυτῶν
3560 1428 3864 1495 ἐγίγνοντο,
3906 1430 4007 1481 καὶ

2433 1517 2849 1585 περιεϐάλοντο
2922 1518 3159 1571 ἀδικίαν
3227 1520 3322 1570 καὶ
3394 1518 3672 1571 ἀσέϐειαν
3737 1517 3997 1572 ἑαυτῶν·

2433 1610 2547 1661 ἀνθ’
2576 1605 2635 1663 οῦ
2671 1611 2697 1660 6
2736 1610 3052 1678 Σύμμαχος’
3089 1610 3544 1677 ’Υπερηφανίανμ
3564 1610 3746 1678 φησιν,
3780 1609 4003 1678 iurgab—

2432 1718 2641 1764 σαντο,
2689 1700 2997 1765 ἀποθήκας
3036 1701 3104 1764 ἐξ
3152 1701 3383 1765 ἀδικίας
3414 1703 3675 1767 ἔχοντες.
3718 1701 3840 1753 Ἔτι
3896 1700 4002 1771 μὴν

2432 1792 2566 1862 πρὸς
2586 1790 2813 1853 τούτοις·
2863 1791 3277 1852 Ἐξελεύσεται
3316 1792 3394 1856 ὡς
3425 1792 3492 1843 ἐκ
3521 1792 3768 1856 στέατος
3801 1791 3838 1857 ἠ
3871 1792 4001 1845 ἁδιο

2433 1884 2532 1934 xta
2569 1880 2763 1934 αὐτῶν
2782 1898 2794 1911 ·
2832 1876 2891 1933 οῦ
2919 1880 2982 1949 δὴ
3012 1881 3349 1952 σαφεστέραν
3379 1884 3405 1934 6
3437 1881 3728 1952 Σύμμαχος
3752 1883 4001 1935 ἀπέδωκε

2431 1976 2528 2044 τὴν
2567 1975 2800 2027 διάνοιαν
2828 1973 3023 2026 εἰπών·
3056 1972 3430 2039 Προέπιπτον
3449 1974 3567 2027 ἀπὸ
3602 1975 4000 2047 λιπαρότητος

2429 2070 2481 2119 οὶ
2509 2068 2796 2134 ὀφθαλμοὶ
2824 2064 3046 2117 αὐτῶν
3079 2065 3217 2117 καὶὸ
3248 2064 3473 2126 Ἀκύλας
3500 2065 3556 2117 δὲ
3583 2064 3783 2133 ὁμοίως
3812 2065 3997 2134 ἡρμή-

2429 2174 2581 2210 νευσε
2608 2158 2810 2226 φήσας·
2848 2154 3133 2222 Ἐξῆλθον
3152 2154 3268 2209 ἀπὸ
3296 2154 3545 2221 στέατος
3565 2156 3855 2224 ὀφθαλμοὶ
3890 2157 4003 2211 αὑ-.

2426 2251 2559 2304 τῶν.
2600 2248 2710 2303 Εἶτ’
2749 2250 2841 2302 ἐπὶ
2886 2248 3122 2310 τούτοις·
3152 2247 3508 2313 Διὴλθοσαν,
3544 2248 3728 2317 φησιν,
3762 2250 3848 2312 είς
3872 2246 3997 2297 διὰ-

2426 2342 2595 2393 θεσιν
2624 2336 2886 2406 καρδίας,
2940 2337 3343 2404 διενοήθησαν
3404 2337 3500 2389 καὶ
3556 2336 3871 2402 ἐλάλησαν
3927 2338 3995 2388 ἐν

2426 2432 2706 2496 πονηρίᾳ*
2745 2430 2779 2483 ἃ
2804 2430 2896 2482 καὶ
2933 2430 3069 2481 αὐτὰ
3119 2430 3147 2481 ὁ
3182 2427 3473 2498 Σύμμαχος
3523 2428 3865 2497 ήρμήνευσεν
3900 2425 3993 2479 οῦ·-

2424 2540 2529 2574 τω·
2569 2506 2931 2588 Παρέϐαινον
2969 2522 3039 2573 τὰ
3078 2523 3403 2588 φαινόμενα
3436 2517 3511 2587 τῇ
3574 2518 3783 2585 καρδίᾳ
3820 2534 3995 2571 κατα-

766 2609 854 2664 tite
885 2608 1148 2663 miracula
1182 2610 1768 2681 praetergrediebantur
1807 2634 1819 2667 :
1859 2630 1981 2667 cum
2011 2623 2190 2671 tamen
2221 2618 2323 2687 ipsi
2419 2632 2461 2681 ,ιι

2298 2620 2323 2671 li
2419 2613 2781 2681 μωκώμενοι.
2836 2612 2944 2664 Καὶ
2989 2611 3097 2682 γὰρ
3128 2612 3266 2663 αὐτὰ
3308 2611 3377 2663 τὰ
3407 2614 3518 2673 τοῖς
3550 2612 3765 2663 πάντων
3793 2610 3994 2678 ὀφθαλ-

763 2715 829 2756 ea
864 2701 1228 2770 intelligerent
1257 2709 1311 2756 et
1346 2714 1637 2773 caperent;
1696 2706 1789 2759 sed
1814 2707 1882 2759 ob
1932 2709 2177 2761 stultitia:
2215 2710 2323 2763 vim

764 2792 1063 2849 illudebant
1093 2801 1146 2848 et
1168 2793 1493 2850 irridebant.
1526 2796 1751 2867 Insuper
1779 2798 1943 2851 locuti
1974 2809 2096 2851 sunt
2132 2801 2184 2852 in
2211 2817 2325 2852 ma-

761 2882 900 2948 litia,
926 2897 975 2938 et
1005 2886 1331 2954 iniquitatem
1358 2890 1411 2942 in
1440 2889 1704 2942 excelsum
1731 2889 1891 2941 locuti
1936 2900 2077 2943 sunt.
2116 2890 2321 2944 Posue-

762 2985 883 3028 runt
908 2975 958 3027 in
990 2975 1179 3029 calum
1211 2993 1267 3031 os
1293 2993 1466 3039 suum,
1496 2986 1545 3029 et
1571 2978 1747 3045 lingua
1778 2994 1959 3031 eorum
1997 2980 2238 3034 transivit
2272 2982 2325 3033 in

761 3074 921 3119 :erra.
967 3063 1093 3121 Haec
1122 3082 1289 3137 porro
1321 3066 1681 3137 Symmachus
1725 3070 1801 3121 sic
1850 3070 2142 3140 explicavit
2172 3091 2185 3125 :
2221 3071 2326 3126 Lo-

758 3159 1049 3226 quebantur
1079 3174 1198 3211 cum
1232 3157 1403 3210 multa
1429 3157 1720 3222 calumnia,
1756 3167 1941 3213 contra
1964 3160 2222 3215 excelsum
2247 3162 2325 3215 lo-

2427 2708 2545 2774 μοῖς
2583 2703 2833 2774 ὁρώμενα
2866 2703 3001 2774 ἔργα
3045 2701 3136 2755 τοῦ
3179 2702 3334 2766 Θεοῦ,
3369 2704 3461 2755 καὶ
3501 2701 3568 2755 τὰ
3612 2703 3863 2773 προφανῆ
3893 2702 3995 2772 τῆς

2424 2797 2684 2866 Προνοίας
2733 2795 2982 2865 θαύματα
3031 2795 3355 2867 παρέϐαινον
3404 2787 3567 2859 οῦτοι,
3616 2794 3859 2857 νοοῦντες
3888 2794 3987 2863 μὲν

2426 2888 2519 2940 καὶ
2546 2888 2811 2949 συνιέντες
2832 2888 2987 2950 αὐτὰ,
3022 2886 3486 2957 καταμωκώμενοι
3508 2886 3565 2939 δὲ
3586 2888 3679 2943 καὶ
3705 2885 3991 2955 χλευάζον-

2424 2994 2513 3041 τες
2534 2977 2597 3028 δι’
2630 2976 2929 3047 ὑπερϐολὴν
2971 2978 3243 3039 ἀπονοίας.
3288 2978 3407 3029 Ἔτι
3438 2977 3541 3047 μὴν
3562 2976 3879 3043 ἐλάλησαν
3923 2976 3992 3029 ἐν

2427 3069 2697 3138 πονηρίᾳ,
2746 3069 2844 3120 καὶ
2898 3067 3133 3120 ἀδικίαν
3172 3071 3258 3133 εὶς
3305 3068 3369 3120 τὸ
3413 3068 3572 3135 ὕψος
3612 3067 3987 3136 ἐφθέγγοντο.

2428 3162 2673 3217 Ἐθεντό
2702 3177 2764 3213 τε
2812 3162 2896 3225 είς
2930 3161 3186 3229 adparer-
3222 3158 3286 3211 τὸ
3331 3161 3525 3227 στόμα
3561 3157 3785 3223 αὐτῶν,
3816 3160 3916 3212 καί
3952 3163 3991 3229 ή

758 3248 1069 3319 quebantur.
1125 3244 1425 3305 Pos'uerunt
1455 3252 1510 3305 in
1549 3251 1735 3305 caelum
1771 3269 1827 3306 os
1874 3270 2027 3306 suum
2072 3268 2091 3305 :
2142 3247 2317 3325 lingua
2346 3270 2387 3326 (ζ
2421 3274 2454 3322 τ

2294 3273 2317 3308 a
2346 3270 2387 3326 (ζ
2421 3254 2671 3322 γλῶσσα
2722 3253 2917 3307 αὐτῶν
2955 3252 3203 3321 διῆλθεν
3237 3250 3333 3303 ἐπὶ
3364 3249 3473 3319 τῆς
3494 3249 3641 3320 γῆς.
3681 3252 3791 3304 Καὶ
3820 3251 3990 3305 ταῦτα

759 3351 933 3396 autem
973 3358 1153 3398 earum
1181 3343 1632 3398 obambulationes
1682 3344 1739 3398 in
1794 3354 1956 3399 terra.
1995 3345 2316 3415 Blaspliema

758 3434 957 3505 quippe
1004 3435 1150 3490 dicta
1194 3435 1535 3507 proferentes
1562 3442 1756 3491 contra
1792 3436 1984 3503 Deum,
2014 3436 2171 3507 quasi
2206 3452 2316 3491 non

756 3526 980 3589 videret,
1009 3543 1183 3598 neque
1210 3536 1457 3596 curaret;
1481 3530 1591 3583 imo
1638 3529 1795 3599 quasi
1822 3529 2049 3582 omnino
2079 3544 2189 3583 non
2223 3544 2318 3583 ex-

755 3616 991 3691 sisteret.
1044 3620 1389 3689 iniquitatem
1424 3622 1479 3673 in
1533 3621 1808 3675 excelsum
1844 3619 2013 3674 locuti
2050 3628 2199 3685 sunt,
2255 3635 2317 3675 ac

754 3724 929 3779 usque
970 3710 1038 3765 ad
1079 3714 1277 3765 ctelum
1310 3727 1372 3767 os
1407 3727 1565 3767 suum
1594 3712 1993 3778 extenderunt;
2048 3714 2151 3768 etsi
2181 3714 2317 3771 viles

752 3807 938 3856 essent
956 3808 1009 3853 et
1039 3800 1277 3873 linguam
1303 3818 1457 3857 suam
1485 3803 1539 3856 in
1562 3810 1706 3857 terra
1728 3801 2009 3857 haberent.
2037 3801 2160 3858 Haec
2184 3819 2314 3860 sane

754 3902 880 3946 sunt
914 3908 1145 3963 quorum
1178 3909 1344 3951 causa
1375 3908 1551 3949 meam
1581 3893 1753 3950 fateor
1804 3893 2209 3963 inﬁrmitatem;
2249 3913 2313 3951 ac

752 3982 901 4035 velut
932 3982 985 4035 in
1030 3984 1189 4054 cippo
1223 3984 1627 4039 accusationem
1678 3984 1921 4040 inscribo
1955 4000 2150 4049 meam,
2184 3989 2311 4057 quia

751 4087 876 4139 pene
907 4076 1035 4127 moti
1056 4086 1177 4128 sunt
1205 4076 1355 4144 pedes
1382 4077 1501 4141 mei,
1534 4085 1582 4129 et
1618 4090 1744 4145 pene
1771 4076 1928 4147 effusi
1952 4088 2074 4132 sunt
2101 4097 2311 4148 gressus

755 4163 873 4225 mei,
929 4164 1053 4233 quia
1102 4165 1267 4218 τοίαυί
1311 4182 1466 4232 super
1503 4166 1731 4234 iniquos,
1771 4182 1950 4234 pacem
1980 4180 2312 4237 peccatorum

751 4256 948 4310 videns.
2104 4278 2107 4283 ’

746 4348 1168 4416 ἐσαλεύθησαν
1192 4350 1246 4402 ol
1312 4346 1492 4413 πόδες
1508 4364 1646 4417 μου,
1704 4348 1801 4402 καί

750 4432 1014 4511 ἀνόμοις,
1039 4441 1286 4510 εἰρήνην
1313 4438 1672 4509 ἁμαρτωλῶν
1700 4441 1949 4509 θεωρῶν.

2421 3348 2477 3399 δὲ
2527 3350 2554 3399 6
2605 3345 2899 3416 Σύμμαχος
2943 3344 3112 3407 οὕτως
3162 3344 3529 3415 ἡρμήνευσεν·
3590 3341 3881 3397 Ἐλάὶουν
3919 3344 3990 3397 ἐν

2420 3434 2621 3503 πολλῇ
2646 3436 3035 3503 συκοφαντίᾳ,
3051 3435 3152 3488 τοῦ
3170 3435 3364 3501 ὕψους
3380 3432 3995 3486 κατελάλουν.Ἕτασ-

2421 3544 2536 3581 σον
2547 3530 2635 3592 εὶς
2652 3528 2908 3596 οὐρανὸν
2924 3528 2985 3580 τὸ
3005 3528 3195 3595 στόμα
3211 3524 3407 3579 αὐτῶν
3426 3540 3435 3553 ’
3454 3526 3491 3591 ἢ
3518 3525 3586 3578 δὲ
3605 3524 3856 3595 γλῶσσα
3882 3527 3989 3579 αὺ-

2421 3619 2538 3673 τῶν
2564 3619 3007 3689 περιπατήματα
3044 3619 3112 3671 ἐν·
3140 3616 3215 3687 τῇ
3249 3617 3346 3687 ni.
3387 3618 3685 3689 Βλάσφημα
3714 3618 3823 3690 γὰρ
3859 3635 3987 3691 προ-

2421 3712 2706 3782 φερόμενοι
2736 3712 2953 3783 ρἡατα
3018 3710 3157 3763 κατά
3185 3710 3276 3761 τοῦ
3302 3709 3459 3773 θεοῦ,
3489 3709 3563 3773 ὡς
3591 3711 3725 3780 μήτε
3753 3710 3989 3781 ὁρῶντος

2421 3807 2555 3876 μήτε
2612 3802 3062 3863 ὲπισκοποῦντος,
3124 3802 3258 3869 μήτε
3310 3800 3413 3870 μὴν
3456 3801 3574 3853 ὅλον
3630 3802 3986 3871 ὑπάρχοντος,

2419 3899 2626 3951 ἀδικίαν
2650 3900 2728 3959 είς
2750 3896 2811 3948 τὸ
2842 3894 2972 3963 ὕψος
2999 3892 3285 3962 ἐλάλησαν,
3315 3892 3407 3943 καὶ
3440 3893 3601 3963 μέχρι
3634 3892 3726 3945 τοῦ
3759 3892 3987 3962 ούρανοῦ

2419 3989 2678 4054 ἐξέτεινον
2711 3986 2917 4040 ἑαυτῶν
2936 3985 2995 4036 τὸ
3026 3984 3218 4053 στόμα·
3249 3984 3345 4035 καῖ
3368 3982 3543 4037 ταῦτα
3568 3984 3812 4037 ταπεινοὶ
3834 3983 3987 4047 ὄντες

2418 4083 2509 4135 καὶ
2529 4083 2623 4151 τὴν
2653 4079 2898 4149 γλῶσσαν
2931 4076 3024 4129 ἐπὶ
3058 4076 3157 4146 τῆς
3197 4077 3300 4147 γῆς
3346 4076 3577 4147 ἔχοντες.
3613 4074 3778 4130 Ταῦτ’
3818 4071 3886 4147 ἦν
3918 4074 3985 4129 δι’

2416 4174 2451 4227 ἃ
2482 4173 2789 4243 ὡμολόγουν
2826 4168 2884 4222 τὺ
2928 4168 3163 4238 ἐμαυτοῦ
3198 4166 3386 4232 πάθος,
3424 4170 3541 4222 κατ’
3577 4166 3815 4238 ἐμαυτοῦ
3862 4184 3986 4237 στη-

2416 4266 2636 4318 λιτεύων
2670 4264 2940 4333 ἔγγραφον
2975 4261 3322 4331 κατηγορίαν,
3351 4260 3445 4314 καὶ
3465 4261 3545 4313 ὃτι
3576 4261 3736 4330 παρὰ
3769 4258 3986 4331 μικρὸν·

1874 4370 1879 4375 '
1930 4368 1976 4415 p
2027 4354 2235 4424 (Miror
2288 4356 2541 4425 ἐξεχύθη
2584 4356 2656 4409 τὰ
2714 4350 3041 4420 διαϐήματά
3077 4368 3215 4419 μου.
3258 4351 3344 4403 ὅτι
3390 4349 3661 4417 ἐζήλωσα
3700 4351 3799 4403 ἐπὶ
3857 4348 3985 4417 τοῖς

820 4534 1108 4611 γειιείίο.
1175 4552 1302 4609 Ideo
1350 4555 1685 4610 'convertetur
1742 4554 1967 4623 populus
2024 4572 2167 4609 meus
2198 4558 2317 4624 hic,
2349 4582 2393 4637 ο
2490 4556 2516 4606 Δ

2287 4602 2317 4624 ,ν
2349 4582 2393 4637 D
2490 4553 2591 4606 Διά
2618 4547 2792 4603 τοῦτο
2824 4546 3167 4616 ἐπιστρέψει
3206 4550 3239 4601 ό
3266 4548 3414 4613 λαός
3437 4564 3555 4616 μου
3583 4547 3858 4614 ἐνταῦθα,
3882 4554 3979 4607 καί

748 4656 800 4701 et
832 4646 942 4699 de:
970 4645 1106 4713 pleni
1127 4645 1453 4700 invenientur
1480 4646 1535 4699 in
1559 4646 1654 4701 eis.
1682 4645 1859 4699 Athea
1888 4645 1979 4699 illa
2016 4647 2305 4717 impiorum

750 4737 897 4793 dicta
925 4742 979 4791 et
1006 4750 1193 4791 eorum
1250 4738 1528 4809 superbia,
1586 4753 1705 4806 quae
1739 4752 1922 4792 rerum
1976 4739 2307 4808 potiebatur,

748 4829 876 4884 talis
914 4833 1033 4883 erat
1066 4828 1243 4898 qualis
1274 4835 1705 4885 commonstrata
1751 4834 1857 4883 est.
1904 4827 2013 4884 Nec
2060 4828 2313 4899 ignoran-

746 4923 875 4979 dum
894 4922 1009 4979 haec
1027 4923 1139 4994 ipsa
1159 4920 1357 4992 populo
1375 4937 1494 4977 meo
1521 4922 1575 4975 in
1602 4922 1805 4975 bonum
1828 4922 2083 4977 vertisse.
2106 4920 2309 4975 Etiam-

749 5019 795 5073 si
854 5018 998 5073 enim
1050 5016 1116 5071 ad
1165 5013 1435 5086 quoddam
1478 5021 1691 5091 tempus
1733 5016 1966 5083 populus
2000 5031 2153 5070 meus
2210 5015 2309 5068 im-

749 5109 853 5180 piis
878 5109 985 5164 illis
1009 5107 1075 5162 ad
1103 5106 1452 5178 peccatorum
1498 5103 1865 5172 expiationem
1903 5105 2135 5160 traditus
2172 5107 2244 5160 sit
2292 5122 2303 5157 :

749 5200 846 5253 sed
888 5198 1134 5253 stultitia:
1166 5210 1357 5252 eorum
1413 5194 1823 5263 exsuperantia,
1846 5208 1996 5263 'qua:
2046 5196 2215 5251 ruina:
2244 5212 2307 5249 ac

752 5289 1011 5359 perniciei
1045 5289 1179 5358 ipsis
1211 5300 1375 5341 causa
1405 5284 1527 5348 fuit,
1560 5282 1874 5353 quiescendi
1907 5300 1969 5338 ac
2001 5287 2306 5357 respirandi

753 5384 929 5437 locum
958 5380 1156 5450 populo
1177 5393 1298 5433 meo
1328 5376 1500 5433 dabit.
1532 5374 1665 5429 Nam
1704 5390 1827 5429 cum
1857 5375 1931 5429 illi
1964 5378 2032 5431 ob
2057 5380 2305 5449 impieta-
2362 5436 2363 5439 η

753 5481 831 5528 tes
886 5485 1015 5527 suas
1069 5467 1306 5538 prolapsi
1358 5464 1652 5537 perierint,
1690 5475 2011 5521 convertatur
2081 5469 2304 5539 populus

751 5581 891 5618 meus
929 5562 1053 5625 hic;
1092 5559 1147 5614 id
1176 5564 1281 5623 est,
1331 5559 1386 5613 in
1420 5556 1673 5630 prtesenti
1709 5557 1815 5612 vita
1860 5577 1873 5612 :
1925 5569 1971 5613 et
2013 5562 2120 5617 dies
2166 5562 2305 5631 pleni

750 5655 1075 5709 invenientur
1106 5653 1162 5706 in
1195 5650 1306 5714 eis;
1342 5650 1397 5705 id
1428 5658 1531 5715 est,
1567 5652 1620 5706 in
1652 5652 1719 5707 iis
1749 5666 1781 5727 e_
1812 5654 2012 5722 p0pulo
2045 5669 2165 5709 meo
2211 5653 2302 5723 qui

740 5746 899 5816 ,digni
931 5745 1154 5801 fuerint.
1204 5741 1329 5797 Dies
1357 5734 1501 5812 pleni
1544 5751 1724 5797 autem
1752 5750 1882 5799 sunt
1915 5742 1974 5808 ii,
2008 5747 2099 5815 qui
2126 5747 2303 5800 omnis

748 5839 871 5893 boni
906 5838 1094 5906 repleti
1124 5843 1272 5900 sunt,
1300 5842 1354 5889 et
1383 5834 1476 5905 qui
1507 5834 1713 5904 justum
1739 5836 1865 5891 vitae
1888 5840 2121 5909 spatium
2147 5834 2303 5894 Com-

748 5934 913 6001 plent.
946 5927 1036 5984 Sic
1065 5928 1263 5984 alicubi
1290 5927 1488 5984 dicitur
1521 5949 1532 5984 :
1594 5928 1837 5985 Mortuus
1870 5939 1947 5985 est
1979 5930 2160 5999 plenus
2192 5930 2302 5985 die—

2414 4645 2625 4715 ἠμέραι
2656 4639 2908 4708 πλήρεις
2938 4639 3362 4707 εὑρεθήσονται
3404 4640 3475 4693 ἐν
3509 4639 3736 4707 αὐτοῖς,
3768 4642 3847 4696 Τὰ
3885 4647 3982 4715 μὲν

2413 4739 2546 4793 ἄθεα
2572 4735 2677 4789 τῶν
2735 4730 2943 4785 ἀσεϐῶν
2996 4732 3211 4803 ῥήματα
3257 4732 3350 4785 καὶ
3380 4732 3411 4802 ἡ
3446 4732 3766 4802 κρατήσασα
3803 4735 3981 4789 αὐτῶν

2413 4827 2757 4902 ὑπερηφανία
2784 4824 3001 4894 τοιαύτη
3039 4841 3120 4887 τις
3136 4820 3203 4895 ἦν
3225 4824 3310 4875 οἶα
3335 4821 3647 4893 δεδήλωται·
3672 4823 3792 4896 Χρὴ
3824 4826 3881 4879 δὲ
3904 4829 3979 4900 μὴ

2411 4926 2641 4991 ἀγνοεῖν,
2681 4916 2767 4981 ’ὡς
2800 4915 2941 4971 αὐτὰ
2984 4915 3152 4969 ταῦτα
3188 4918 3323 4989 πρὸς
3345 4914 3550 4982 ἀγαθοῦ
3580 4914 3865 4987 γεγένηται
3905 4918 3979 4989 τῷ

2413 5014 2528 5085 ἐμῷ
2555 5013 2689 5083 λαῷ.
2721 5012 2783 5064 El
2815 5007 2924 5078 γὰρ
2952 5008 3045 5060 καὶ
3084 5007 3153 5060 τὰ
3197 5007 3427 5078 μάλιστα
3458 5006 3594 5077 πρός
3617 5022 3735 5058 τινα
3788 5010 3977 5080 καιρὸν

2410 5109 2590 5166 αὐτοῖς
2624 5102 2851 5163 ἐκείνοις
2894 5101 3002 5163 τοῖς
3034 5096 3282 5151 ἀσεϐέσιν
3310 5097 3339 5149 6
3376 5094 3508 5165 ἐμὸς
3550 5093 3675 5157 λαὸς
3707 5097 3976 5168 παρεδόθη

2410 5200 2488 5257 εἰς
2540 5192 2803 5266 ἔκπραξιν
2860 5189 3289 5274 ἁμαρτημάτων,
3327 5186 3441 5240 ἀλλ’
3486 5189 3520 5258 ὴ
3574 5187 3844 5259 ὑπερϐολὴ
3879 5192 3977 5259 τῆς

2408 5286 2513 5339 τῶν
2544 5281 2945 5357 προλεχθέντων
2972 5278 3248 5343 ἀπονοίας,
3286 5276 3490 5330 πτῶσιν
3520 5277 3702 5342 αὐτοῖς
3738 5280 3976 5349 ἐργασαα

2410 5376 2540 5446 μένη
2576 5374 2669 5427 καὶ
2707 5370 2923 5443 ὀλέθρου
2953 5369 3219 5441 γενομένη
3262 5370 3444 5432 αὐτοῖς
3464 5370 3630 5431 αίτία,
3661 5369 3842 5423 ἄνεσιν
3882 5370 3973 5421 καὶ

2407 5469 2677 5539 ἀναπνοὴν
2730 5465 2806 5536 τῷ
2856 5465 2972 5537 ἐμῷ
3018 5463 3240 5535 παρέξει
3283 5463 3413 5534 λαῷ.
3465 5463 3833 5517 Ἐκπεσόντων
3865 5461 3974 5530 γάρ

2404 5561 2623 5615 ἐκείνων
2661 5557 2753 5611 καὶ
2792 5557 3135 5629 ἀπολομένων
3166 5554 3254 5609 διά
3296 5554 3395 5618 τὰς
3433 5556 3639 5620 οἰκείας
3675 5554 3962 5617 ἀσεϐείας,

2404 5656 2437 5708 ό
2465 5654 2615 5719 λαός
2640 5669 2753 5721 μου
2803 5649 3151 5719 ἐπιστρέψει
3184 5648 3469 5714 ἐνταῦθα,
3508 5649 3785 5701 τουτέστιν
3814 5646 3871 5698 ὲν
3892 5642 3969 5713 τῷ

2402 5746 2629 5818 παρόντι
2656 5743 2756 5815 βίῳ
2774 5760 2786 5773 ο
2822 5742 2919 5797 καί
2944 5741 3149 5812 ἡμέραι
3182 5740 3433 5809 πλήρεις
3446 5738 3873 5809 εὑρεθήσονται
3901 5736 3967 5790 ἐν

2402 5836 2623 5903 αὐτοῖς,
2646 5834 2841 5907 δηλαδὴ
2875 5838 2987 5899 τοῖς
3032 5836 3089 5887 ὲν
3130 5833 3207 5905 τῷ
3234 5832 3351 5904 ὲμῷ
3380 5830 3493 5903 λαῷ
3520 5829 3706 5895 ἀξίοις.
3736 5828 3973 5907 Πλήρειςη

2403 5931 2457 5983 δὲ
2487 5929 2688 6001 ἡμέραι
2714 5928 2847 5981 εἰσιν
2869 5929 2921 5981 al
2953 5926 3151 5991 παντὸς
3168 5926 3372 5995 ἀγαθοῦ
3409 5921 3852 5992 πεπληρωμέναι,
3875 5920 3963 5972 καὶ
