4294 6414
1707 460 1715 488 ί

348 525 441 578 8ιῖ
535 568 537 570 .

1451 484 1938 581 commeatuum
1963 526 2033 579 λιν
2069 484 2415 583 ΡδΑιΜοδξ

3391 531 3491 584 842

347 642 433 692 τὸν
476 642 669 718 οἰκεῖον
702 640 884 708 χρόνον
926 641 1021 709 τῆς
1063 641 1202 710 ζωῆς
1243 640 1663 711 αποπληροῦσαι.
1726 643 1876 695 Οῦτω
1905 653 1947 710 Α
1977 662 2037 696 ru

1791 645 1876 695 itu)
1905 653 1947 710 Α
1977 662 2090 696 rum
2115 646 2150 697 ί.
2186 644 2329 698 Meus
2353 660 2479 713 ergo
2500 647 2724 714 populus
2758 646 2824 697 ab
2855 645 2920 698 iis
2950 643 3231 696 utilitatem
3264 644 3487 709 accepit.

341 731 581 783 λέλεκταί
625 748 744 793 που,
789 731 867 782 ὃτι
917 721 1215 797 ’Βκοιμήό-νι
1249 730 1478 797 πλήρης
1518 731 1764 798 ἡμερῶν.
1818 733 1872 784 ’0

347 820 440 888 μὲν
484 815 575 871 οὖν
623 821 752 888 ἐμὸς
792 819 914 881 λαὸς
949 821 1012 872 ἐκ
1041 820 1243 872 τούτων
1281 820 1574 889 ὠφέληται·
1604 822 1656 873 οἰ
1680 838 1741 888 γε
1770 823 1872 891 μὴν

247 911 250 922 ’
343 908 719 978 προλεχθέντες
748 908 958 970 ἀσεϐεῖς
1006 907 1097 960 καὶ
1134 906 1277 959 ἄθεοι
1304 907 1472 970 οὕτως
1508 909 1750 977 ήσέὸουν,
1799 911 1872 973 ὡς

343 998 466 1057 τοὺς
486 996 719 1066 ὁρῶντας
768 997 1057 1065 ἀμηχανεῖν
1099 997 1191 1048 καὶ
1237 996 1437 1064 λέγειν·
1473 998 1601 1062 Πῶς
1651 1000 1798 1067 ἔγνω
1841 1005 1873 1053 ό

344 1084 502 1147 Θεὸς,
553 1083 646 1136 καὶ
677 1086 728 1137 εὶ
759 1085 888 1137 ἔστι
922 1083 1138 1152 γνῶσις
1173 1084 1242 1136 ἐν
1263 1083 1340 1148 τῷ
1376 1086 1652 1152 Tyriam);
1687 1089 1734 1139 εἰ
1766 1088 1872 1158 γάρ

341 1176 484 1225 ἐστιν
512 1175 568 1226 ἐν
613 1174 689 1244 τῷ
745 1175 978 1244 Ὑψίστῳ
1014 1174 1228 1242 γνῶσις,
1276 1177 1368 1228 καὶ
1404 1178 1451 1228 εί
1475 1176 1640 1230 ταῦτα
1683 1181 1869 1249 ἐφορᾷ,

342 1263 433 1315 καὶ
492 1264 615 1340 τοὺς
663 1264 754 1316 ἐπὶ
804 1264 905 1332 γῆς
952 1266 1248 1327 ἐπισκοπεῖ,
1296 1264 1413 1326 πῶς
1465 1259 1606 1317 οὗτοι
1653 1267 1871 1320 τοιαῦτα

338 1345 564 1415 δρῶντες
619 1349 946 1416 εύθηνοῦσιν,
996 1350 1086 1401 καὶ
1139 1351 1216 1412 εἰς
1259 1350 1349 1402 τὸν
1392 1351 1560 1404 αἰῶνα
1616 1353 1869 1422 κατέσχον

340 1435 593 1500 πλούτου;
621 1437 786 1505 Κάγὼ
824 1438 898 1499 δὲ,
918 1438 1083 1490 ταῦτα
1111 1438 1345 1507 θεωρῶν.
1369 1438 1732 1510 ἐθορυϐούμην
1761 1445 1870 1503 soi;

339 1521 628 1593 λογισμοῖς,
675 1527 748 1588 ὡς
785 1527 916 1596 πρὸς
953 1526 1186 1595 ἐμαυτὸν
1224 1522 1450 1579 ἐννοεῖν·
1485 1527 1723 1592 Μήποτε
1758 1529 1869 1597 ἆρα

326 1616 590 1682 ματαίως
614 1615 927 1685 ἐδικαίωσα
959 1617 1072 1684 τὴν
1117 1617 1360 1684 καρδίαν
1377 1634 1514 1685 μου,
1543 1619 1638 1671 καὶ
1668 1618 1870 1685 ἐνιψά-

335 1721 455 1772 μην
479 1705 548 1756 ἐν
579 1705 783 1771 ἀθώοις
801 1706 904 1772 τὰς
925 1706 1119 1773 χεῖράς
1136 1725 1252 1775 μου
1275 1746 1290 1768 ,
1326 1708 1420 1759 καὶ
1452 1708 1736 1775 ἐγενόμην
1769 1725 1868 1775 με-

335 1796 771 1863 μαστιγωμένος
808 1795 958 1863 ὅλην
1008 1795 1121 1863 τὴν
1151 1797 1391 1864 ἡμέραν,
1437 1797 1530 1848 καὶ
1570 1801 1601 1849 ό
1626 1797 1867 1865 ἔλεγχός

331 1901 448 1951 μου
485 1886 570 1949 είς
632 1885 735 1949 τὰς
779 1888 1031 1952 πρωΐας;
1060 1888 1121 1938 Et
1162 1885 1267 1956 γὰρ
1300 1889 1407 1948 τοῖς
1460 1886 1532 1956 μὴ
1572 1885 1739 1938 ταῦτα
1773 1903 1867 1938 πε-

1979 734 2056 786 llli
2098 751 2222 788 vero
2258 735 2494 802 praedicti
2538 735 2682 802 impii
2714 743 2765 787 et
2789 735 2927 788 atliei
2959 748 3024 786 eo
3055 748 3223 799 usque
3252 732 3494 799 impieta-

1977 825 2045 876 tis
2075 830 2453 892 proruperunt,
2504 829 2560 874 ut
2601 824 2690 891 qui
2739 823 2986 876 videbant
3019 829 3234 888 stupore
3262 820 3493 887 perculsi

1976 911 2214 964 dicerent
2255 931 2264 963 :
2313 912 2580 976 Quomodo
2611 913 2705 963 scit
2740 907 2890 971 Deus,
2937 920 2984 963 et
3016 911 3061 962 si
3089 919 3162 962 est
3196 906 3412 962 scientia
3441 910 3494 960 in

1976 1000 2284 1054 Altissimo?
2335 999 2464 1051 Nam
2509 1003 2552 1054 si
2594 1001 2650 1052 in
2681 1000 2955 1053 Altissimo
2983 1000 3200 1052 scientia
3246 999 3490 1058 exsistat,

1976 1090 2127 1157 isque
2167 1091 2296 1142 talia
2327 1090 2524 1154 videat,
2575 1091 2976 1157 terrigenasque
3018 1096 3186 1150 curet,
3221 1101 3385 1154 quare
3415 1075 3492 1138 illi

1970 1182 2100 1232 talia
2139 1181 2358 1234 edentes
2391 1180 2626 1233 facinora
2649 1196 2902 1248 prospere
2927 1189 3108 1248 agunt,
3133 1188 3184 1232 et
3221 1179 3272 1230 in
3320 1192 3490 1230 saecu-

1975 1268 2080 1319 lum
2117 1282 2285 1335 usque
2319 1267 2532 1328 divitias
2557 1268 2834 1321 obtinent?
2859 1267 2978 1320 llam
2997 1280 3123 1319 vero
3155 1264 3491 1332 conspicatus

1972 1370 2090 1423 ego,
2115 1356 2527 1424 cogitationibus
2555 1357 2832 1417 turbabar,
2869 1357 2939 1406 ita
2972 1363 3045 1406 ‘ut
3077 1367 3238 1421 penes
3291 1367 3373 1405 me
3401 1366 3492 1405 co-

1971 1445 2214 1511 gitarem,
2248 1444 2512 1514 Numquid
2547 1447 2657 1498 sine
2682 1463 2837 1497 causa
2861 1446 3144 1512 justiﬁcavi
3189 1460 3276 1496 cor
3304 1460 3488 1503 meum,

1965 1532 2140 1583 etluvi
2169 1532 2301 1584 inter
2329 1534 2617 1585 innocentes
2661 1550 2840 1585 manus
2885 1549 3055 1594 meas,
3105 1541 3150 1584 et
3201 1532 3277 1598 [ui
3321 1532 3494 1600 ﬂagel-

1974 1622 2110 1674 latus
2153 1632 2260 1674 tota
2292 1623 2394 1684 die,
2434 1634 2482 1675 et
2512 1625 2784 1692 castigatio
2832 1641 2943 1675 mea
2972 1626 3026 1674 in
3070 1625 3384 1677 matutinis?
3438 1624 3491 1677 Si

1971 1712 2110 1767 enim
2147 1712 2212 1766 iis
2245 1714 2334 1780 qui
2366 1713 2474 1767 haec
2498 1715 2713 1766 minime
2736 1724 2994 1782 peragunt
3028 1721 3174 1766 tanta
3207 1716 3334 1767 insit
3367 1731 3487 1782 pro-

1972 1801 2223 1868 speritas,
2280 1803 2332 1854 in
2371 1817 2564 1854 vanum
2593 1817 2716 1870 ergo
2739 1803 2940 1862 laboro,
2974 1800 3240 1868 superflue
3271 1803 3476 1869 justitia

1976 1892 2185 1953 studeo,
2229 1890 2427 1946 frustra
2478 1898 2530 1945 et
2554 1891 2825 1945 incassum
2866 1906 3055 1943 manus
3083 1899 3135 1943 et
3161 1896 3312 1943 actus
3346 1905 3487 1942 meo:

337 1973 580 2060 ποιηκόσι
635 1975 862 2044 τοσαύτη
909 1976 1164 2046 πάρεστιν
1209 1975 1489 2044 εὐθυμία,
1525 1978 1602 2039 είς
1651 1978 1870 2046 μάταιον
1902 2007 1941 2060 Β
1971 1982 2033 2034 ini

1799 1995 1870 2029 ιον
1902 2007 1941 2060 Β
1971 1981 2169 2049 iniquis
2200 1982 2450 2049 Operibus
2479 1996 2654 2050 puros
2680 1982 2921 2043 servavi;
2959 1981 3153 2033 frustra
3187 1979 3407 2047 jeiuniis
3440 1988 3490 2033 et

336 2060 440 2130 ἄρα
470 2059 578 2128 ἐγὼ
606 2062 794 2125 κοπιῶ,
815 2063 905 2114 καὶ
923 2064 1186 2133 περιττῶς
1201 2065 1507 2118 ἐσπούδακα
1532 2065 1870 2134 δικαιοσύνης
1907 2059 1926 2060 ﬁ
1973 2086 2032 2125 agi

1795 2083 1870 2134 ἠς
1907 2059 1926 2060 η
1973 2073 2226 2125 aerumnis
2255 2086 2338 2124 me
2367 2070 2605 2140 quotidie
2631 2069 2889 2138 flagellari
2911 2076 2962 2121 et
2992 2069 3283 2132 maceravi;
3316 2069 3491 2121 incas-

341 2153 736 2222 ἐπιμελόμενος·
757 2155 883 2224 είκῆ
905 2155 962 2206 δὲ
977 2155 1067 2206 καὶ
1082 2155 1252 2224 μάτην
1266 2155 1500 2223 ἐφύλαξα
1522 2173 1619 2225 μου
1635 2157 1729 2218 τὰς
1757 2160 1868 2226 χεῖ-

1973 2176 2090 2215 sum
2119 2160 2378 2224 laboravi,
2402 2175 2525 2213 cum
2545 2175 2740 2218 aurora
2766 2175 2989 2228 surgens
3006 2169 3056 2212 et
3083 2159 3136 2210 in
3157 2159 3490 2222 orationibus

340 2256 435 2309 ρας
446 2240 535 2292 καὶ
544 2240 637 2303 τὰς
649 2239 867 2312 πράξεις
880 2241 937 2305 ἐξ
954 2241 1148 2294 ἀδίκων
1164 2241 1352 2314 ἔργων·
1371 2244 1490 2312 εἱκῆ
1503 2245 1592 2296 καὶ
1604 2245 1868 2313 νηστείαις
1971 2263 2036 2300 ωε

1794 2262 1868 2307 ιις
1971 2248 2104 2302 meis
2134 2257 2351 2316 peccata
2392 2263 2505 2302 mea
2535 2249 2795 2302 confitens
2824 2262 2886 2299 ac
2923 2247 3223 2314 deplorans,
3251 2253 3407 2313 atque
3435 2245 3490 2298 in

331 2329 425 2381 καὶ
453 2331 834 2395 κακοπαθείαις
856 2329 1201 2401 κατατρύχων
1232 2333 1460 2404 ἐμαυτὸν
1485 2334 1575 2386 καὶ
1599 2335 1866 2403 μαστίζων
1966 2352 2027 2391 co

1793 2352 1866 2402 ων
1966 2337 2402 2392 confessionibus
2423 2337 2531 2393 Deo
2560 2339 2772 2394 emissis
2818 2337 3187 2391 accusationes
3212 2335 3489 2389 adversum

333 2419 508 2471 πᾶσαν
553 2419 761 2490 ἡμέραν
812 2420 1109 2478 διετέλεσα·
1156 2423 1276 2491 εἰκῆ
1307 2423 1398 2474 καὶ
1428 2423 1600 2492 μάτην
1622 2423 1860 2485 ἐπόνουν,
1965 2442 2029 2479 mi

1795 2439 1860 2485 ιν,
1965 2441 2048 2480 me
2075 2424 2368 2494 proferens.
2398 2426 2521 2481 Han:
2547 2437 2700 2482 erant
2727 2443 2844 2500 quae
2877 2427 3000 2479 dum
3032 2426 3320 2494 cogitarent
3361 2440 3491 2492 pene

330 2505 446 2576 ἅμα
475 2511 539 2579 τῇ
570 2510 1002 2582 ἐῳάνιστάμενος
1026 2511 1116 2564 καὶ
1141 2511 1471 2582 ἐξαγορεύων
1499 2514 1556 2564 ἐν
1583 2515 1698 2574 ταῖς
1731 2513 1864 2581 πρὸς
1963 2517 2026 2570 ef]

1793 2513 1864 2574 δὸς
1963 2516 2164 2570 effusus
2194 2531 2335 2569 sum.
2371 2515 2476 2570 Pro
2509 2517 2616 2571 illis
2643 2532 2771 2572 vero
2803 2515 3153 2586 Symmachus
3198 2516 3277 2568 sic
3324 2514 3489 2568 inter-

330 2597 418 2649 τὸν
445 2597 579 2683 Θεὸν
602 2600 782 2670 εὐχαῖς
801 2601 898 2664 τὰς
921 2601 1151 2671 ἐμαυτοῦ
1175 2602 1445 2672 ἁμαρτίας
1472 2597 1864 2670 ἆποκλαόμενός
1963 2620 2026 2674 pr

1791 2601 1864 2663 θός
1963 2613 2203 2674 pretatus
2237 2613 2353 2659 est:
2388 2605 2656 2660 Fortassis
2689 2607 2852 2674 igitur
2866 2615 2915 2658 et
2939 2621 3030 2673 ego
3053 2605 3253 2672 frustra
3275 2603 3487 2672 purgari

329 2703 387 2738 τε
435 2688 528 2740 καὶ
567 2690 691 2752 τοὺς
747 2693 866 2742 κατ’
914 2689 1149 2760 ἐμαυτοῦ
1201 2690 1489 2761 προφέρων
1529 2691 1780 2760 ’ἐλέγχους
1807 2693 1862 2743 ἐν
1964 2709 2025 2746 an

1807 2693 1862 2743 ἐν
1964 2696 2192 2746 animam
2224 2704 2482 2758 meam,‘et
2509 2695 2613 2747 lavi
2641 2697 2694 2746 in
2723 2696 3013 2747 innocentia
3044 2711 3225 2746 manus
3246 2710 3406 2756 meas,
3441 2703 3490 2744 et

328 2779 442 2841 ταῖς
474 2779 609 2850 πρὸς
632 2779 721 2832 τὸν
747 2779 875 2832 Θεὸν
904 2780 1335 2852 ἐξομολογήσεσι.
1367 2779 1528 2833 Ταῦτ’
1549 2774 1680 2851 ἦν’ἃ.
1712 2779 1861 2833 ἐνθυ-
1963 2798 2022 2851 pe

1786 2779 1861 2832 iu-
1963 2784 2274 2851 perseveravi
2303 2783 2511 2837 delusus
2548 2783 2763 2853 singulis
2805 2783 3003 2848 diebus,
3052 2794 3098 2836 et
3151 2783 3482 2851 reprehensus

331 2866 612 2938 μούμενος,
635 2869 782 2939 παρὰ
817 2871 1007 2942 μικρὸν
1038 2871 1388 2941 ἐσαλευόμην.
1427 2871 1570 2924 Ἀντ)⁸
1588 2871 1644 2924 δὲ
1661 2870 1862 2924 τούτων
1965 2875 2027 2926 sit

900 2871 1007 2942 ιρδν
1038 2871 1388 2941 ἐσαλευόμην.
1427 2871 1570 2924 Ἀντ)⁸
1588 2871 1644 2924 δὲ
1661 2870 1862 2924 τούτων
1965 2874 2180 2942 singulis
2213 2873 2502 2928 matutinis.

327 2961 356 3011 ὁ
401 2961 689 3033 Σύμμαχος
721 2963 905 3016 τοῦτον
931 2965 1234 3035 ἡρμήνευσε
1261 2963 1351 3017 τὸν
1385 2956 1582 3035 τρόπον
1605 2980 1620 2995 ·
1694 2965 1859 3029 Ἴσως
1896 2960 2008 3019 οὖν
2032 2966 2188 3034 κάγὼ
2203 2967 2396 3034 μάτην
2415 2966 2667 3032 ἐκάθαρα
2686 2964 2796 3033 τὴν
2807 2965 3012 3034 ψυχήν
3025 2983 3161 3034 μου,
3226 2965 3320 3018 καὶ
3371 2965 3485 3016 ἑνι-

329 3057 636 3142 πτόμηνέν
663 3057 1069 3125 ἀναμαρτηονίᾳ
1138 3057 1242 3122 τὰς
1305 3057 1504 3125 χεῖράς
1525 3074 1662 3126 μου,
1725 3058 1820 3110 καὶ
1852 3057 2155 3113 διετέλεσα
2193 3060 2683 3128 μυκτηριζόμενος
2736 3060 2859 3113 καθ’
2913 3058 3173 3124 ἑκάστην
3213 3059 3434 3126 ἡμέραν
3457 3095 3473 3120 ,

330 3147 423 3201 καί
460 3149 847 3219 ἐλεγχόμενος
872 3151 996 3206 καθ’
1027 3151 1282 3207 ἕκαστον
1305 3151 1534 3219 ὄρθρον.
1935 3150 1941 3164 “

399 3259 465 3312 Et
511 3261 740 3328 ελεγον.
777 3262 1136 3330 Διηγήσομαι
1186 3262 1388 3327 οὓτως,
1423 3262 1548 3315 ιδοὺ
1584 3263 1661 3330 τῇ
1696 3261 1866 3332 γενεᾷ
1891 3269 1934 3326 C.
2038 3259 2095 3314 Vt

1791 3261 1866 3328 ἐᾆ
1891 3269 1934 3326 C,
2038 3259 2199 3315 Vens.
2233 3259 2412 3338 15—17.
2443 3258 2500 3312 Si
2525 3259 2776 3318 dicebam,
2810 3255 3054 3310 Narrabo
3081 3259 3173 3319 sic,
3204 3273 3315 3310 ecce
3337 3273 3487 3325 gene—

330 3347 460 3429 τῶν.
481 3349 622 3401 υἱῶν
665 3364 782 3403 σου
828 3351 1234 3416 ήσυντόθεικα.
1267 3353 1376 3405 Καὶ
1425 3354 1724 3406 ὑπέλαϐον
1761 3353 1866 3406 τοῦ
1960 3367 2026 3419 _ra

1792 3353 1866 3406 Ὀὗ
1960 3351 2222 3419 rationem
2253 3350 2482 3417 ﬁliorum
2511 3359 2717 3401 tuorum
2749 3346 3036 3414 reprobavi.
3074 3346 3141 3398 Et
3187 3349 3488 3415 suspicabar

330 3437 543 3507 γνῶναι
579 3437 770 3500 τοῦτο,
818 3441 1000 3504 κόπος
1021 3440 1188 3494 ἐστίν
1219 3441 1470 3494 ἐνώπιόν
1500 3460 1643 3509 μου·
1669 3438 1865 3508 ἓωςοῦ
1967 3457 2026 3492 ηις

1794 3438 1865 3497 οὗ
1967 3456 2047 3493 me
2076 3453 2376 3507 cognoscere
2407 3437 2522 3499 hoc,
2554 3437 2700 3490 labor
2727 3446 2802 3489 est
2833 3447 2949 3488 ante
2982 3451 3090 3496 me;
3126 3435 3283 3488 donec
3305 3439 3486 3490 intrdm

235 3558 242 3562 -
329 3527 572 3580 εἰσέλθω
617 3530 702 3593 εὶς
737 3527 802 3580 τὸ
831 3529 1212 3596 ἀγιαστήριον
1247 3529 1351 3582 τοῦ
1381 3531 1544 3591 Θεοῦ,
1578 3531 1673 3583 καὶ
1701 3531 1866 3585 συνῶ
1898 3535 1902 3537 ’

1794 3531 1866 3584 νιῶ
1898 3535 1902 3537 ’
1966 3530 2020 3581 in
2063 3529 2422 3580 sanctuarium
2451 3526 2566 3590 Dei,
2596 3536 2646 3580 et
2689 3525 2973 3594 intelligam
3004 3524 3054 3574 in
3081 3525 3370 3577 novissimis
3402 3539 3490 3577 eo-

329 3621 414 3687 εις
437 3621 507 3674 τὰ
527 3622 752 3689 ἔσχατα
776 3619 987 3674 αὐτῶν.
1011 3621 1090 3672 Τὰ
1119 3620 1473 3690 πωλεχθέντα
1499 3623 1677 3683 ἐντοῖς
1700 3624 1864 3691 ἐμαυ-

330 3708 420 3764 τοῦ
467 3710 736 3780 λογισμοῖς
781 3709 1110 3781 ἐνεθυμήθην
1149 3711 1277 3763 αὐτὸ
1317 3712 1492 3781 μόνον,
1542 3711 1624 3778 ἐφ’
1648 3706 1742 3773 οἷς·
1771 3711 1862 3763 καὶ

331 3801 654 3857 ἐκινδύνευον
679 3802 832 3855 σάλον
861 3801 1067 3863 παθεῖν,
1101 3801 1160 3853 ού
1198 3802 1300 3872 μὴν
1329 3802 1420 3854 καὶ
1441 3801 1754 3872 ἐξηγόρευον
1786 3804 1863 3864 είς

331 3890 560 3964 ἐτέρους.
601 3891 662 3944 Et
683 3891 788 3962 γὰρ
810 3891 996 3962 κρίνας
1028 3890 1164 3944 οὓτω
1195 3894 1405 3962 φρονεῖν
1432 3891 1530 3962 ’τὴν
1561 3890 1714 3945 ἄθεον
1733 3890 1860 3941 ταύ-

329 3973 426 4055 την
473 3983 808 4037 διδασκαλίαν
843 3985 1137 4055 προέφερον
1162 3985 1240 4045 είς
1267 3983 1511 4052 ἐτέρους·
1547 3981 1861 4052 παραϐάτης

332 4065 680 4143 ἃνέγινόμην
701 4073 806 4126 τῶν
832 4074 1067 4126 εὐσεϐῶν
1096 4072 1390 4142 δογμάτων,
1426 4072 1516 4125 καὶ
1546 4073 1641 4133 τὰς
1667 4071 1861 4142 συνθή-

332 4147 432 4227 κας
461 4162 524 4216 ἂν
556 4163 822 4233 παρῆλθον
849 4164 947 4232 τῆς
965 4164 1152 4230 γενεᾶς
1178 4159 1283 4215 τῷν
1307 4161 1410 4215 σῶν
1438 4161 1655 4213 τέκνων.
1692 4162 1863 4214 Τέκνα

331 4251 434 4322 γάρ
468 4268 558 4303 σου
614 4251 704 4304 τοῦ
737 4250 868 4303 Θεοῦ
921 4252 1114 4313 πάντες
1161 4252 1442 4319 γεγόνασιν
1488 4253 1535 4303 οἱ
1583 4251 1723 4318 ἆγιοι
1771 4252 1864 4305 καὶ

332 4341 587 4413 θεοφιλεῖς
611 4340 816 4411 ἄνδρες.
846 4341 1008 4394 Γενεὰ
1029 4339 1084 4392 δὲ
1108 4339 1282 4394 αὐτῶν
1306 4342 1338 4410 ἡ
1367 4339 1426 4404 ἐξ
1451 4341 1624 4392 αὐτῶν
1652 4341 1861 4411 διαδοχὴ

330 4432 435 4484 τῶν
453 4431 640 4498 ἁγίων,
687 4424 759 4482 ὧν
794 4429 861 4481 τὰ
897 4428 1187 4499 μαθήματα
1223 4428 1402 4482 καὶτὰ
1434 4428 1674 4496 δόγματα
1699 4446 1862 4498 παρε-

333 4519 539 4590 χάραξα
588 4518 674 4580 ἂν,
722 4521 771 4571 εἰ
809 4517 1104 4589 προέφερον
1143 4519 1220 4580 εἰς
1259 4517 1473 4587 ἐτέρους
1516 4519 1638 4580 τοὺς
1671 4518 1860 4588 προλε-

334 4609 552 4680 χθέντας
586 4609 814 4680 ἐμαυτοῦ
847 4607 1150 4678 λογισμούς.
1200 4607 1355 4660 Ἀλλὰ
1384 4609 1475 4661 καὶ
1516 4609 1563 4659 εί
1611 4611 1861 4678 παρεῖχον

335 4701 563 4771 ἐμαυτὸν
590 4701 681 4752 τοῦ
711 4698 909 4768 γνῶναι
932 4699 1029 4760 τὰς
1059 4699 1252 4760 αίτίας,
1281 4698 1346 4750 δι’
1382 4697 1446 4760 ἃς
1474 4701 1521 4750 οἱ
1556 4699 1862 4768 ἁμαρτωλοὶ

335 4789 552 4860 εῦθυμοι
575 4789 867 4844 διατελοῦσι
895 4789 987 4842 καὶ
1018 4789 1095 4850 είς
1115 4789 1203 4840 τὸν
1219 4787 1387 4840 αἰῶνα
1417 4787 1676 4855 κατέσχον
1704 4787 1863 4839 πλού·
1899 4784 1902 4786 ’

332 4895 444 4941 του,
470 4881 519 4931 οἱ
542 4879 597 4932 δὲ
625 4881 816 4933 δίκαιοι
858 4877 1259 4931 ταπεινοῦνται·
1315 4876 1432 4928 οὐδὲ
1468 4874 1605 4928 οὕτω
1634 4876 1859 4930 κατέλα-

334 4966 509 5019 ϐονᾶν
541 4969 637 5030 τὰς
668 4970 1003 5039 ἀπορρήτους
1033 4967 1155 5037 περὶ
1187 4965 1386 5019 τούτων
1411 4965 1633 5035 κρίσεις,
1665 4965 1861 5028 κόπους

333 5057 386 5109 δέ
433 5057 620 5127 μόνους
670 5059 886 5128 ἐμαυτῷ
917 5059 1164 5128 συνῆγον,
1191 5058 1269 5119 εἰς
1306 5055 1534 5123 ἀπορίαν
1581 5054 1861 5122 ἐμπίπτων

336 5140 534 5208 καὶέίς
554 5146 728 5218 ψυχῆς
758 5149 1016 5216 κάματον.
1040 5148 1129 5199 Διό
1158 5163 1320 5217 φησι·
1353 5143 1460 5198 Καὶ
1491 5144 1542 5195 ει
1564 5141 1862 5198 ὑπέλαϐον

336 5233 436 5288 τοῦ
475 5232 686 5302 γνῶναι
729 5235 920 5299 τοῦτο,
961 5236 1144 5301 κόπος
1178 5234 1346 5287 ἐστὶν
1369 5231 1619 5284 ἐνώπιόν
1644 5249 1791 5298 μου·
1825 5235 1858 5305 ἢ

337 5322 472 5378 κατὰ
497 5322 586 5374 τόν
619 5322 925 5392 Σύμμαχον,
954 5322 1060 5377 Καὶ
1089 5327 1140 5376 εί
1180 5322 1516 5392 ἐλογιζόμην
1554 5320 1863 5389 ἐπιγνῶναι

337 5416 505 5470 τοῦτο
525 5453 539 5475 ,
566 5415 785 5481 μόχθος
807 5404 1080 5482 ἐφαίνετό
1109 5431 1225 5483 μοι.
1271 5413 1461 5481 Διόπερ
1496 5411 1633 5481 ὁρῶν
1664 5414 1862 5466 ἀκατά-

338 5503 533 5577 ληπτον
566 5501 724 5558 οὖσαν
760 5505 1056 5574 ἀνθρώποις
1079 5506 1175 5574 τὴν
1206 5504 1404 5556 τούτων
1424 5500 1638 5569 γνῶσιν,
1655 5503 1864 5556 εύσεῦεῖ

341 5595 608 5666 χρώμενος
632 5593 886 5664 λογισμῷ,
917 5593 1225 5662 διενοούμην
1268 5591 1397 5660 παρ’
1431 5590 1643 5660 ἐμαυτῷ
1682 5594 1861 5662 κρεῖτ-

327 5700 428 5739 ’τον
462 5683 595 5739 εἶναι
631 5687 837 5756 ἐπέχειν
866 5686 956 5738 καὶ
989 5682 1288 5752 ἐκδέχεσθαι
1320 5684 1421 5755 τὸνι
1453 5683 1742 5753 ἐπιτήδειον
1765 5684 1862 5752 τῆς

416 5835 429 5863 ³
463 5833 594 5889 Gen.
631 5850 755 5899 xxv,
781 5833 830 5888 8.

611 5927 873 5985 Parnm.
917 5926 1030 5984 Gn.
1068 5923 1297 5983 XXIII.

1962 3602 2110 3670 rum.
2130 3616 2390 3671 Praedicta
2414 3618 2468 3670 in
2490 3617 2899 3685 cogitationibus
2925 3623 3124 3668 tantum
3153 3618 3284 3671 meis
3306 3609 3489 3670 versa-

1963 3706 2107 3768 bam,
2141 3706 2282 3774 quod
2311 3706 2607 3774 periculum
2635 3713 2776 3758 esset
2796 3720 2862 3758 ne
2882 3719 3280 3768 commoverer;
3315 3721 3488 3773 neque

1963 3801 2140 3848 tamen
2183 3795 2301 3848 aliis
2342 3795 2676 3849 enarrabam.
2709 3793 2839 3845 Nam
2873 3794 2916 3846 si
2956 3794 3057 3846 hac
3098 3793 3327 3846 admissa
3371 3797 3490 3863 opi-

1963 3885 2143 3949 nione,
2183 3884 2397 3953 impiam
2419 3883 2724 3951 liujusmodi
2753 3883 3050 3936 doctrinam
3077 3883 3194 3938 aliis
3223 3886 3488 3951 protulis—

1964 3990 2098 4034 sem.
2155 3980 2423 4028 temerata:
2445 3973 2549 4043 piae
2587 3973 2844 4028 doctrinae
2886 3986 3010 4026 reus
3042 3972 3262 4026 effectus
3291 3989 3486 4035 essem,

1963 4073 2123 4135 atque
2153 4073 2307 4135 pacta
2355 4063 2715 4136 generationis
2747 4064 2978 4117 ﬁliorum
3034 4072 3247 4118 tuorum
3291 4065 3488 4119 violas-

1963 4173 2095 4211 sem.
2128 4155 2325 4210 Omnes
2357 4156 2552 4226 quippe
2578 4156 2750 4210 sancti
2770 4169 2831 4208 ac
2857 4150 2948 4208 Dei
2983 4162 3223 4208 amantes
3243 4155 3363 4217 viri,
3389 4155 3484 4215 tui.

1963 4245 2125 4310 Deus,
2150 4245 2241 4298 filii
2267 4253 2411 4301 sunt.
2436 4245 2724 4300 Generatio
2752 4253 2928 4298 autem
2968 4259 3174 4310 eorum,
3214 4246 3487 4299 successio

1964 4344 2272 4390 sanctorum
2324 4342 2428 4400 est,
2480 4348 2706 4404 quorum
2759 4333 3069 4400 disciplinas
3129 4341 3180 4382 et
3242 4332 3486 4399 dogmata

1965 4429 2370 4490 adulterassem,
2423 4426 2468 4480 si
2505 4426 2786 4494 praedictas
2815 4423 3164 4491 cogitationes
3196 4436 3343 4474 meas
3367 4421 3488 4474 aliis

1964 4517 2325 4586 protulissem.
2371 4515 2476 4569 Sed
2529 4517 2573 4569 si
2609 4515 2786 4566 animo
2817 4511 3128 4565 institissem
3178 4506 3262 4562 ad'
3291 4524 3488 4577 cogno-

1963 4607 2218 4661 scendum
2249 4621 2368 4674 quae
2397 4620 2557 4658 causa
2599 4606 2668 4657 sit
2721 4617 2817 4655 cur
2872 4609 3182 4670 peccatores
3233 4615 3487 4668 prospere

1961 4704 2141 4765 agant,
2173 4696 2300 4748 etin
2331 4694 2582 4747 sacculum
2613 4693 2828 4745 divitias
2860 4691 3158 4752 obtineant,
3185 4689 3315 4757 justi
3345 4703 3473 4740 vero

1962 4787 2338 4849 humilientur;
2383 4797 2554 4850 neque
2588 4781 2660 4834 ita
2694 4795 2892 4834 arcana
2926 4781 3025 4833 hac
3070 4779 3136 4833 de
3186 4794 3244 4832 re
3283 4776 3483 4844 judicia

1961 4873 2358 4944 comperissem,
2394 4874 2487 4927 sed
2519 4873 2753 4926 laborem
2802 4871 3061 4924 duntaxat
3109 4871 3236 4923 mihi
3278 4869 3480 4920 intulis-

1961 4980 2071 5019 sem
2104 4983 2117 5017 :
2153 4967 2206 5016 in
2237 4963 2627 5017 dubitationem
2655 4963 2825 5016 solum
2859 4963 3129 5032 animique
3156 4956 3486 5023 defatigatio-

1958 5070 2078 5110 nem
2107 5054 2374 5124 delapsus.
2409 5053 2763 5118 Quamobrem
2801 5053 2874 5105 ait
2933 5071 2944 5103 :
2997 5051 3059 5102 Et
3105 5051 3150 5102 si
3184 5039 3486 5112 suspicabar

1961 5163 2037 5201 me
2059 5161 2356 5214 cognoscere
2388 5145 2501 5209 hoc,
2539 5145 2683 5197 labor
2721 5152 2794 5195 est
2848 5153 2965 5193 ante
3007 5156 3106 5192 me.
3141 5136 3261 5190 Sive
3294 5149 3484 5186 secun-

1961 5238 2084 5292 dum
2133 5235 2531 5304 Symmachum,
2578 5233 2636 5288 Si
2663 5233 2908 5300 putabam
2937 5245 3015 5282 me
3038 5238 3336 5295 cognoscere
3367 5223 3480 5283 hoc,

1963 5326 2107 5380 labor
2140 5325 2404 5378 videbatur
2435 5327 2582 5378 mihi.
2607 5322 2960 5389 Quamobrem
2997 5317 3184 5370 videns
3226 5327 3336 5368 rem
3364 5328 3484 5366 esse

1961 5416 2270 5471 hominibus
2320 5413 2928 5484 incomprehensibilem,
2980 5408 3067 5475 pio
3111 5418 3241 5458 usus
3271 5402 3483 5456 ratioci-

1962 5507 2071 5567 nio,
2109 5521 2318 5559 mecum
2351 5506 2660 5575 reputabam
2691 5502 2857 5556 satius
2885 5513 3004 5551 esse
3030 5503 3088 5547 ut
3123 5509 3208 5548 me
3240 5493 3484 5547 contine-

1961 5609 2093 5658 rem,
2119 5603 2277 5663 atque
2304 5603 2658 5665 opportunum
2693 5592 2816 5644 huic
2846 5586 3134 5657 cOgnitioni
3157 5592 3366 5653 tempus
3393 5599 3485 5637 ει·
3512 5649 3524 5666 ⁸

1962 5696 2275 5754 spectarem.
2310 5687 2442 5742 Illud
2470 5695 2644 5740 autem
2680 5690 2813 5744 erat,
2872 5679 3037 5731 Donec
3072 5680 3255 5729 intrem
3284 5677 3334 5728 in
3363 5691 3486 5726 san-

3115 5907 3214 5968 ἐτ’
