4294 6404
785 498 889 554 εις)
1357 543 1365 569 ,

1490 501 1753 557 EUSEBH
1791 501 2269 560 CASSARIENSIS
2307 503 2456 563 OPP.
2497 504 2680 560 PARS
2717 505 2800 562 ΙΙΙ.
2842 537 2910 546 -
2943 505 3349 563 EXEGETICA;

3891 513 4002 575 8“

783 619 1041 672 «‘tuarium
1075 619 1188 681 Dei,
1215 630 1287 683 et
1335 622 1628 692 intelligant
1681 625 1737 676 in
1787 627 2082 678 novissimis
2117 642 2328 690 eorum;

2361 638 2406 691 Α
2432 629 2632 681 τούτων
2666 627 2915 697 γνώσεως
2935 629 3142 699 καιρόν.
3168 623 3334 691 Οὗτος
3355 629 3409 682 δὲ
3440 624 3528 700 ἦν,
3565 630 3717 696 ’Έως
3748 633 4004 689 εἰσέλθω

783 709 896 762 sive
924 710 1216 765 secundum
1250 710 1657 780 Symmachum,
1705 713 1879 768 Donec
1918 717 2104 769 intrem
2137 718 2189 769 in
2221 733 2336 770 san-

781 802 986 854 ctuaria
1013 801 1130 865 Dei,
1162 804 1451 872 intelligam
1477 806 1763 858 novissima
1809 823 2010 863 eorum.
2063 810 2197 863 Cum
2231 809 2335 864 hoc

778 890 908 944 mihi
961 893 1303 948 commodum
1339 895 1596 964 effugium
1648 895 1715 949 ad
1745 898 2065 966 quastionis
2111 899 2336 954 solutio-

777 995 897 1036 nem
934 984 1278 1052 reperissent,
1321 984 1573 1038 videlicet
1615 1001 1738 1039 eum
1794 989 1861 1041 ad
1913 990 2036 1043 vitae
2092 991 2334 1045 mortalis

774 1077 974 1142 exitum
1026 1082 1079 1129 et
1137 1076 1445 1144 ingressum
1481 1077 1534 1129 in
1573 1062 1966 1146 promissioncs
2013 1081 2108 1135 Dei
2148 1084 2332 1136 remit-

750 1164 956 1229 Jtendo,
984 1163 1110 1219 hinc
1135 1166 1476 1221 curationem
1504 1182 1568 1222 ac
1588 1172 2018 1227 consolationem
2053 1181 2330 1229 mutuatus

769 1269 889 1308 sum
923 1274 936 1308 :
973 1271 1178 1325 gnarus
1217 1271 1303 1311 me
1349 1271 1473 1310 cum
1521 1258 1660 1313 istuc
1693 1260 1981 1325 devenero,
2014 1263 2330 1332 qnznstionis

767 1345 1032 1400 rationem
1065 1347 1491 1414 intellecturum,
1517 1360 1678 1418 atque
1713 1350 2000 1420 impiorum
2032 1352 2328 1406 novissima

766 1439 1111 1509 cogniturum
1139 1454 1280 1493 esse.
1305 1437 1422 1493 Non
1442 1441 1695 1495 convenit
1723 1443 1866 1496 enim
1894 1455 2212 1516 praesentem
2239 1457 2328 1496 so-

767 1527 877 1582 lum
909 1532 1073 1584 vitam
1109 1540 1160 1584 et
1194 1530 1522 1600 voluptatem
1554 1532 1862 1603 respicere;
1904 1535 1996 1588 sed
2027 1533 2326 1588 novissima

765 1635 954 1676 eorum
987 1622 1382 1677 consideranda
1417 1633 1562 1677 sunt.

835 1803 997 1858 Vens.
1061 1802 1246 1858 18-20.
1282 1803 1658 1859 ,i’erumtamen
1703 1817 1908 1873 propter
1949 1804 2098 1859 dolos
2145 1823 2323 1860 eorum

760 1895 981 1962 posuisti
1033 1894 1108 1946 eis
1151 1894 1334 1954 mala;
1387 1893 1622 1962 dejccisti
1674 1911 1760 1948 eos
1795 1895 1920 1948 dum
1951 1896 2318 1952 allevarentur.

2438 716 2524 779 εἰς
2545 713 2928 780 ἀγιαστήριον
2946 715 3051 768 τοῦ
3079 715 3246 777 Θεοῦ,
3263 717 3359 769 καὶ
3383 717 3549 770 συνῶ
3575 721 3662 782 εις
3686 719 3999 791 τὰὲσχατα

2437 804 2660 857 αὐτῶν
2696 806 2728 876 ἢ
2778 805 2939 858 mai-
2969 805 3058 859 τὸν
3097 807 3408 878 Σύμμαχον,
3441 809 3592 875 Ἕως
3634 810 3882 865 εἰσέλθω
3911 817 3998 879 εις

2427 893 2507 945 ’τὰ
2554 890 2886 962 ἀγιάσματιι
2928 892 3035 946 τοῦ
3085 894 3252 960 Θεοῦ,
3279 895 3614 951 συνπισθῶ
3650 899 3722 952 τὰ
3768 899 4000 967 ἔσχατα

2434 983 2647 1037 αὐτῶν.
2685 983 2898 1056 Ταύτην
2933 983 2990 1036 δὲ
3018 984 3188 1056 καλὴν
3219 985 3438 1056 ἐμαυτῷ
3475 987 3790 1057 καταφυγὴν
3823 989 3999 1060 εὑρὼν

2432 1074 2532 1142 τῆς
2551 1075 2655 1130 τῶν
2677 1075 3059 1145 ἀπορουμένων
3091 1076 3313 1139 λύσεως,
3341 1077 3437 1148 τὴν
3461 1077 3772 1150 ἀπαλλαγὴν
3797 1080 3997 1152 δηλαδὴ

2430 1163 2524 1215 τοῦ
2551 1163 2742 1233 θνητοῦ
2774 1165 2907 1234 βίου,
2940 1165 3034 1218 καὶ
3054 1165 3150 1234 τὴν
3177 1166 3376 1219 εἴσοδον
3406 1166 3502 1236 τὴν
3523 1167 3615 1219 ἐπὶ
3637 1167 3732 1230 τὰς
3758 1170 3992 1238 ἐπαγγε-

2431 1254 2546 1320 λίας
2579 1256 2669 1308 τοῦ
2700 1255 2857 1317 Θεοῦ,
2885 1255 3175 1326 θεραπείας
3195 1255 3485 1326 ἐτύγχανον
3509 1259 3602 1311 καὶ
3626 1259 3994 1329 παραμυθίας·

2430 1341 2487 1398 εὖ
2515 1344 2686 1409 εἰδὼς,
2728 1346 2802 1409 ὼς
2844 1349 3018 1398 ἐκεῖσε
3049 1347 3352 1416 γενόμενος,
3403 1347 3826 1419 συναισθήσομαι
3869 1350 3998 1413 τοὺς

2427 1438 2616 1505 λόγους
2661 1437 2767 1490 τῶν
2805 1438 3184 1508 ὲζητημένων,
3229 1437 3505 1509 γνώσομαι
3554 1457 3613 1493 τε
3667 1441 3734 1493 τὰ
3793 1442 3997 1512 ἔσχατα

2427 1525 2532 1577 τῶν
2586 1525 2816 1579 ἀσεϐῶν.
2871 1527 2962 1597 Μὴ
3014 1528 3120 1598 γὰρ
3175 1529 3439 1599 προσήκει
3495 1532 3574 1594 εἰς
3614 1531 3706 1584 τὸν
3749 1530 3996 1602 παρόντα

2412 1615 2584 1685 μόνον
2629 1617 2952 1672 ἀποϐλέπειν
3001 1619 3117 1688 βίον
3169 1621 3262 1672 καὶ
3321 1621 3400 1684 εἰς
3445 1623 3541 1691 τὴν
3574 1623 3851 1692 παροῦσαν
3894 1623 3995 1676 αὐ-

2423 1703 2530 1756 τῶν
2559 1706 2787 1776 τρυφὴν,
2814 1707 2949 1760 ἀλλὰ
2979 1707 3073 1759 καὶ
3105 1709 3184 1769 εἰς
3213 1707 3282 1760 τὰ
3321 1707 3520 1779 ἔσχατα
3557 1710 3734 1764 αὐτῶν
3760 1713 3987 1783 ἀφορᾷν.

2493 1797 2666 1864 Πλὴν
2715 1797 2811 1851 διὰ
2870 1799 2977 1864 τὰς
3013 1799 3364 1868 δολιότητας
3395 1802 3591 1854 αὐτῶν
3619 1803 3759 1858 ἔθου
3787 1806 3992 1872 αὐτοῖς

2421 1885 2602 1937 κακά·
2657 1887 2975 1952 κατέϐαλες
3006 1889 3224 1955 αὐτοὺς
3258 1890 3327 1942 ἐν
3363 1890 3442 1956 τῷ
3468 1893 3812 1961 ἐπαρθῆναι.
3856 1895 3994 1962 Πῶς

761 1984 1032 2050 Quomodo
1080 1985 1210 2051 facti
1263 1993 1383 2038 sunt
1417 1985 1467 2036 in
1516 1984 1888 2039 desolationem
1925 1987 2144 2042 subito?
2181 1989 2322 2056 defe-

2357 1969 2394 2023 Β
2419 1975 2694 2044 ἐγένοντο
2741 1981 2826 2043 εἷς
2852 1979 3151 2046 ἐρήμωσιν
3186 1980 3468 2043 ἐξάπινω
3497 1981 3798 2048 ἐξέλιπον,
3829 1985 3988 2039 ἀπώ-

759 2083 961 2138 cerunt,
1008 2075 1273 2142 perierunt
1325 2081 1536 2140 propter
1585 2076 2116 2131 inconsiderationem
2171 2095 2320 2132 suam

756 2165 893 2218 velut
926 2167 1186 2220 somnium
1213 2166 1558 2234 surgentium.
1587 2164 1786 2221 Tribus
1818 2166 2072 2222 admissis
2106 2169 2159 2223 in
2181 2185 2323 2239 qua:-

755 2257 988 2314 stionem
1034 2257 1341 2314 ratiociniis
1365 2299 1380 2324 ,
1413 2259 1560 2313 aliud
1595 2259 1816 2330 impium
1845 2271 1898 2316 et
1928 2263 2145 2316 athcum
2199 2279 2320 2318 esse

755 2349 1018 2419 comperi,
1069 2364 1259 2418 nempe
1316 2349 1468 2413 illud,
1526 2350 1666 2420 Ergo
1703 2353 1816 2405 sine
1843 2368 2004 2406 causa
2025 2354 2320 2423 justi/icavi

755 2458 846 2494 cor
876 2456 1079 2502 meum;
1111 2437 1257 2494 aliud
1288 2454 1435 2505 vero,
1470 2456 1664 2510 nempe
1701 2442 1768 2518 de
1802 2441 2144 2514 intelligenda
2174 2461 2320 2513 qum-

753 2533 952 2595 stione,
985 2532 1202 2603 plenum
1247 2531 1427 2584 labore
1456 2540 1511 2584 et
1542 2530 1931 2602 defatigatione
1962 2534 2313 2604 deprehendi,

751 2625 824 2679 ob
873 2623 1294 2694 profunditatem
1328 2625 1540 2678 scnlicet
1573 2623 1888 2678 divitiarum
1923 2627 2162 2681 scicntia:
2201 2627 2313 2693 Dei,

750 2725 803 2771 et
825 2715 969 2787 quod
990 2715 1562 2785 incomprehensibilia
1583 2717 1692 2769 sint
1710 2717 1912 2786 judicia
1934 2719 2075 2782 eius,
2091 2731 2145 2773 et
2171 2722 2318 2776 inve-

751 2809 1029 2880 stigabiles
1058 2808 1156 2862 via:
1188 2808 1343 2877 ejus;
1376 2811 1429 2862 in
1454 2809 1613 2864 tertio
1643 2818 1825 2864 autem
1858 2812 2098 2877 substiti,
2133 2829 2197 2866 ac
2229 2814 2316 2867 dc-

752 2903 896 2958 erevi
925 2899 1154 2971 gradum
1187 2902 1383 2957 sistere
1406 2910 1571 2971 atque
1601 2909 1939 2971 exspectare,
1963 2904 2316 2972 onmiumq'ue

751 2990 907 3045 tinem
937 2989 1306 3044 considerare.
1334 2990 1472 3043 Cum
1507 2986 1640 3044 huic
1661 2991 1977 3070 cogitationi
2011 2994 2316 3062 acquievis-

747 3096 884 3143 sem,
919 3090 1105 3151 utpote
1129 3096 1249 3149 qua:
1277 3082 1364 3148 pia
1403 3095 1638 3150 veraque
1661 3080 1754 3142 sit,
1781 3097 1848 3136 ex
1871 3081 1974 3136 [ide
2000 3083 2311 3156 hujusmodi

746 3173 1034 3229 utilitatem
1061 3172 1265 3242 accepi.
1300 3170 1432 3225 Nam
1471 3170 1674 3241 Spiritu
1709 3180 1902 3228 sancto
1934 3173 2146 3230 amatus
2186 3175 2310 3230 novi

745 3263 1020 3337 quomodo
1044 3272 1263 3335 propter
1291 3263 1447 3318 dolos
1478 3279 1666 3318 eorum
1717 3279 1826 3319 non
1859 3265 1952 3337 diu
1995 3275 2182 3335 postea
2215 3267 2310 3322 de-

744 3358 988 3422 iecturus
1017 3357 1087 3412 sit
1119 3373 1214 3412 eos
1247 3355 1407 3418 heus,
1461 3363 1750 3425 postquam
1785 3357 1913 3412 elati
1953 3357 2005 3412 in
2053 3358 2310 3414 sublime-

744 3467 852 3521 que
875 3451 1047 3513 evecti
1089 3450 1321 3504 fuerant.
1357 3447 1472 3502 Sub
1501 3449 1612 3502 haec
1647 3456 1828 3503 autem
1856 3449 2214 3514 illuminatus,
2245 3465 2308 3504 ac

742 3541 1058 3614 prophetica
1091 3542 1290 3596 virtute
1310 3541 1525 3594 ruinam
1557 3539 1706 3608 ipsos
1738 3540 1790 3592 in
1822 3539 1925 3594 ﬁne
1956 3551 2307 3612 excepturam

741 3637 1105 3706 prospiciens,
1141 3634 1266 3704 jure
1295 3633 1456 3687 dico:
1493 3631 1765 3697 Quomodo
1807 3633 1940 3699 facti
1968 3645 2087 3687 sunt
2119 3635 2174 3688 in
2217 3634 2308 3688 de-

744 3729 1055 3781 solationem
1087 3725 1306 3780 subito?
1337 3726 1657 3793 defecerunt,
1685 3727 1951 3794 perierunt
1987 3738 2185 3795 propter
2233 3729 2308 3781 in-

741 3819 1210 3874 carisideratiOiient
1254 3834 1428 3880 suum,
1489 3817 1616 3873 iacti
1651 3827 1779 3875 sunt
1827 3820 1952 3874 item
1997 3820 2135 3874 velut
2166 3837 2307 3874 som-

743 3911 1214 3981 niumsurgeutis.
1253 3911 1386 3963 Dum
1418 3912 1543 3980 quis
1567 3912 1712 3966 enim
1742 3912 1796 3966 in
1824 3914 2034 3968 somnis
2057 3913 2303 3984 quaedam

737 3999 1088 4070 imaginatur,
1145 3999 1342 4055 somnii
1377 4000 1664 4068 phantasia
1698 4002 1980 4071 deceptus,
2039 4018 2097 4058 se
2151 4009 2308 4072 putat

741 4092 946 4162 aliquid
971 4107 1166 4162 agere;
1199 4101 1555 4164 experrectus
1587 4109 1718 4150 vero
1747 4110 1871 4150 cum
1897 4105 2000 4157 est,
2045 4111 2308 4152 excusso-

740 4201 847 4257 que
875 4173 1090 4248 somno,
1125 4191 1433 4239 commenta
1486 4187 1668 4240 omnia
1719 4189 2038 4245 abscedunt.
2075 4186 2166 4242 Sic
2202 4188 2307 4241 ini--

739 4278 955 4349 piorum
987 4277 1042 4332 in
1071 4277 1173 4332 hac
1203 4278 1313 4331 vita
1347 4278 1720 4332 commentitia
1762 4279 2018 4344 felicitas,
2075 4277 2303 4344 divitiae,

679 4407 690 4410 -
741 4368 1017 4440 superbia,
1054 4369 1215 4423 ﬁnem
1250 4367 1553 4424 sortientur
1604 4370 1836 4426 similem
1881 4371 2303 4437 somniantibus,

738 4462 830 4530 qui
870 4447 1420 4532 posteaexperrecti.
1445 4462 1652 4516 nullam
1687 4470 1800 4520 rem
1833 4479 2022 4519 earum
2053 4479 2191 4536 quas
2222 4465 2304 4520 vi-

738 4553 869 4605 dere
911 4566 970 4606 se
999 4565 1063 4605 ac
1091 4559 1277 4608 tenere
1306 4553 1695 4624 opinabantur,
1749 4570 1861 4625 pra:
1897 4556 2147 4612 manibus
2177 4559 2306 4610 reti-

739 4648 892 4695 nent.
929 4639 1240 4697 Secundum
1275 4643 1661 4716 Symmachum
1694 4655 1900 4712 autem,
1933 4647 2082 4704 illius
2133 4649 2254 4703 loco
2285 4668 2299 4704 :
2327 4661 2384 4724 ι)

749 4731 1119 4787 Verumtamen
1143 4746 1357 4805 propter
1384 4737 1535 4794 dolos
1560 4741 1785 4808 posuisti
1808 4741 1905 4806 eis,
1939 4741 2021 4797 sic
2053 4740 2256 4796 dicitur
2287 4761 2299 4795 :

752 4823 875 4881 Vere
908 4826 961 4879 in
987 4825 1138 4893 lapsu
1179 4829 1406 4895 posuisti
1427 4846 1536 4892 eos,
1576 4830 1816 4900 dejecisti
1843 4848 1931 4886 eos
1966 4833 2021 4884 in
2050 4832 2305 4900 perditio-

737 4934 826 4972 nes
860 4934 879 4972 :
919 4917 1092 4972 subito
1120 4917 1440 4991 defecerunt,
1498 4924 1793 4990 consumpti
1845 4932 1992 4988 sunt,
2029 4940 2091 4977 ac
2122 4925 2169 4978 si
2201 4940 2304 4978 non

735 5011 1087 5084 exstitissent,
1115 5012 1268 5080 quasi
1289 5015 1552 5066 somnium
1585 5013 1978 5082 expergiseenti.
2004 5013 2141 5070 Huic
2173 5030 2302 5071 vero

736 5099 881 5164 voci,
922 5109 1150 5168 repente,
1211 5109 1265 5155 et
1325 5100 1520 5166 subito,
1567 5100 1708 5156 hanc
1763 5101 2066 5159 Servatoris
2113 5121 2301 5162 vocem

737 5194 989 5250 conferas
1010 5214 1021 5247 :
1043 5197 1062 5226 ί
1079 5194 1322 5264 Vigilate,
1355 5195 1480 5264 quia
1511 5195 1722 5248 nescitis
1742 5210 1847 5263 qua
1870 5195 1952 5248 die
1972 5205 2021 5250 et
2048 5195 2181 5250 liora
2201 5196 2305 5251 Do-

736 5289 910 5342 minus
947 5299 1109 5343 vester
1157 5290 1354 5349 veniet;
1406 5302 1469 5340 ac
1519 5303 1738 5342 rursum
1777 5305 1790 5340 :
1833 5285 2008 5342 Veniet
2042 5288 2302 5345 Dominus

739 5381 850 5450 ejus
879 5381 936 5432 in
963 5379 1047 5433 die
1076 5395 1182 5449 qua
1220 5395 1321 5432 non
1354 5389 1642 5446 exspectat,
1694 5388 1741 5434 et
1798 5379 1854 5435 in
1897 5380 2029 5434 liora
2065 5399 2169 5451 qua
2200 5399 2303 5437 non

739 5471 876 5528 novit
901 5471 941 5524 ³.

807 5647 1050 5710 Jomine,
1079 5649 1134 5702 in
1160 5648 1370 5702 civitate
1399 5657 1492 5702 tua
1529 5650 1815 5720 imaginem
1849 5651 2082 5718 ipsorum
2118 5654 2189 5705 ad
2219 5651 2300 5705 ni-

737 5737 900 5788 hilum
933 5737 1151 5806 rediges.
1184 5734 1447 5807 Superius
1496 5738 1737 5805 dicebat,
1789 5739 1966 5794 Donec
2003 5742 2192 5796 intrent
2240 5741 2297 5796 in

807 5915 827 5944 ¹
861 5913 1044 5969 Matth.
1084 5929 1230 5980 sxw,
1259 5913 1346 5985 42.
1425 5915 1444 5946 ³
1477 5914 1606 5970 ibid.
1634 5915 1725 5970 50.

2422 2069 2601 2119 .lorrn
2651 2067 2748 2120 διὰ
2794 2069 2908 2135 τὴν
2938 2070 3228 2124 ἀϐουλίαν
3265 2069 3463 2123 αὐτῶν
3513 2071 3654 2125 ὡσεὶ
3700 2073 3994 2130 ἐνύπνιον

2421 2157 2891 2226 ἐξεγειρομένων.
2924 2159 3083 2230 Τρισὶ
3115 2161 3391 2229 λογισμοῖς
3433 2161 3702 2214 ἐπιϐαλὼν
3726 2165 3852 2232 περὶ
3875 2164 3986 2217 τῶν

2420 2253 2580 2323 ἐζητη
2591 2252 2788 2321 μένων,
2817 2253 2906 2305 τὸν
2943 2253 3038 2323 μὲν
3065 2251 3249 2323 ἑώρων
3279 2254 3448 2322 ἀσεϐῆ
3480 2255 3573 2306 καὶ
3597 2254 3751 2308 ἄθεον
3775 2257 3864 2310 τὸν
3899 2257 3988 2312 λέ-

2417 2361 2579 2412 γοντα
2599 2361 2610 2372 ·
2652 2346 2790 2418 Ἄρα
2817 2346 3077 2413 ματαίως
3097 2345 3413 2397 ἐδικαίωσα
3438 2344 3552 2412 τὴν
3579 2347 3828 2416 καρδίαν
3844 2365 3984 2417 μου·

2416 2437 2506 2490 τὸν
2533 2437 2588 2489 δὲ
2622 2437 2719 2508 τῆς
2753 2437 2956 2490 τούτων
2975 2438 3347 2510 καταλήψεως,
3367 2439 3793 2509 πεπληρωμένον
3818 2426 3987 2496 isonat)

2416 2528 2508 2580 καὶ
2532 2529 2694 2581 πόνου
2727 2528 2816 2580 διὰ
2845 2530 2910 2581 τὰ
2943 2527 3077 2605 βάθη
3104 2520 3204 2582 τοῦ
3224 2528 3454 2583 πλούτου
3480 2531 3576 2598 τῆς
3608 2529 3860 2598 γνώσεως
3890 2532 3983 2586 τοῦ

2414 2617 2571 2684 Θεοῦ,
2604 2621 2695 2674 καὶ
2720 2621 2807 2673 διὰ
2845 2621 2904 2674 τὸ
2930 2619 3322 2692 ἀνεξερεύνητα
3351 2619 3486 2676 εἶναι
3526 2621 3593 2675 τὰ
3624 2624 3863 2696 κρίματα
3891 2626 3988 2679 αὑ-

2414 2711 2526 2775 τοῦ,
2581 2714 2672 2765 καὶ
2727 2711 3160 2783 ἀνεξιχνιάστους
3196 2712 3294 2777 τὰς
3341 2715 3494 2778 ὁδοὺς
3534 2715 3732 2768 αὐτοῦ·
3769 2716 3861 2770 ἐπὶ
3897 2717 3991 2772 τὸν

2412 2803 2589 2876 τρίτον
2613 2800 2702 2858 οὖν
2722 2804 2882 2875 ἔστην
2901 2805 3090 2876 κρίνας
3116 2805 3333 2875 ἐπέχειν
3365 2807 3462 2877 μὲν
3492 2807 3648 2870 τέως,
3671 2807 3987 2893 περιμένειν

2411 2895 2468 2949 δὲ
2494 2897 2586 2949 καὶ
2620 2897 2826 2967 ἀφορᾷν
2858 2898 2938 2960 εἰς
2971 2897 3031 2949 τὸ
3061 2897 3277 2951 πάντων
3317 2898 3487 2960 τέλος.
3525 2899 3710 2968 Τούτῳ
3743 2899 3786 2952 δ’
3820 2901 3985 2969 ἐμπι-

2414 2986 2644 3051 στεύσας
2679 2988 2910 3057 ἐμαυτὸν
2953 2986 3032 3056 τῷ
3069 2987 3309 3058 λογισμῷ
3339 2991 3552 3042 εὐσεϐεῖ
3590 2991 3702 3044 om
3731 2992 3824 3045 καὶ
3851 2993 3981 3063 ἅλη-

2412 3076 2516 3142 θεῐ,
2550 3079 2608 3144 ἐξ
2633 3080 2800 3147 αὐτῆς
2827 3077 3052 3149 ὠνάμην
3094 3080 3194 3148 τῆς
3243 3081 3497 3144 πίστεως.
3532 3083 3741 3152 Ἐγνων
3772 3085 3880 3155 γὰρ
3926 3085 3989 3152 ἐξ

2413 3171 2680 3243 ὑποϐολῆς
2721 3172 2815 3225 τοῦ
2870 3170 3208 3241 προφητικοῦ
3266 3169 3597 3242 Πνεύματος,
3642 3173 3716 3237 ὡς
3745 3174 3834 3228 διὰ
3883 3177 3982 3238 τὰς

2409 3263 2716 3334 δολιότητας
2747 3263 2922 3317 αὐτῶν
2946 3263 3241 3318 καταϐαλεῖ
3263 3264 3458 3326 αὐτοὺς
3486 3265 3585 3318 οὐκ
3611 3267 3694 3325 εἰς
3720 3267 3927 3338 μακρὸν
3955 3270 3982 3316 ὁ

2411 3355 2562 3419 Θεὸς,
2594 3355 2734 3426 μετὰ
2765 3355 2823 3408 τ’)
2861 3354 3159 3426 ἐπαρθῆναι
3190 3356 3284 3408 καὶ
3315 3349 3612 3427 ὑψωθῆναι.
3643 3351 3774 3430 Εἶτα
3810 3375 3962 3426 φωτι-

2413 3447 2576 3510 σθεῖς,
2608 3447 2701 3499 καὶ
2726 3447 2821 3518 τὴν
2853 3445 3055 3500 πτῶσιν
3093 3445 3273 3501 αὐτῶν
3302 3446 3399 3516 τὴν
3436 3448 3528 3500 ἐπὶ
3566 3447 3712 3502 τέλει
3744 3449 3948 3522 καταλη

2408 3539 2648 3610 ψομένην
2677 3539 2870 3604 αὐτοὺς
2900 3541 3207 3612 προφητικῇ
3242 3539 3467 3612 δυνάμει
3497 3541 3741 3605 συνιδὼν,
3759 3542 3976 3604 εἰκότως

2409 3631 2576 3701 φημί·
2608 3628 3039 3699 Πῶς-ἐγένοντο
3077 3634 3164 3697 εὶς
3207 3631 3507 3700 ἐρήμωσιν
3533 3632 3822 3698 ὲξάπινὰς
3856 3633 3975 3699 ἔξεο

2406 3727 2607 3785 λίπον,
2640 3721 2952 3776 ἀπώλοντο
2983 3721 3082 3776 διὰ
3104 3721 3218 3791 τὴν
3249 3724 3540 3778 ἀϐουλίαν
3563 3724 3784 3790 αὐτῶν,
3822 3725 3979 3795 γεγό-

2407 3814 2529 3869 νασί
2555 3833 2613 3868 τε
2635 3815 2776 3868 ὡσεὶ
2799 3813 3088 3868 ἐνύπνιον
3103 3815 3550 3886 ὲξεγηγερμὲνου.
3585 3818 3726 3880 Ἕως
3751 3828 3849 3888 μεν
3873 3819 3982 3890 γάρ

2407 3922 2490 3968 τις
2548 3905 2879 3975 φαντάζεται
2916 3906 3249 3977 ὀνειρώττων
3285 3909 3344 3960 ὲν
3377 3909 3488 3971 τοῖς
3527 3907 3734 3974 ὕπνοις,
3760 3910 3906 3965 δοκεῖ
3925 3925 3980 3964 τι

2408 3995 2666 4067 πράττειν
2724 3993 3079 4066 ἀπατώμενος
3121 3991 3188 4069 τῇ
3232 3998 3326 4052 τοῦ
3371 3998 3623 4052 ἐνυπνίου
3665 3998 3976 4072 φανταείᾳ⁸

2406 4088 2622 4142 ἐπειδὰν
2675 4089 2731 4142 δὲ
2785 4087 3036 4160 διεγερθῇ
3067 4096 3160 4143 τὸν
3208 4089 3379 4145 ’ύπνον
3414 4091 3872 4164 υποτριψάμενος,
3904 4095 3982 4148 οι·

2407 4196 2560 4248 χεται
2579 4179 2739 4250 ,αὑτῷ
2765 4179 2832 4232 τὰ
2855 4180 2954 4250 τῆς
2983 4189 3300 4249 φαντασίας.
3339 4181 3495 4236 Οὕτω
3525 4183 3582 4236 δὲ
3605 4183 3698 4235 καὶ
3733 4182 3842 4235 τῶν
3861 4185 3980 4238 ἀσε-

2408 4267 2518 4321 ϐῶν
2566 4271 2599 4338 ἡ
2639 4268 2734 4322 τοῦ
2778 4269 3045 4340 παρόντος
3080 4269 3195 4340 βίον
3228 4270 3459 4326 δοκοῦσα
3499 4272 3802 4343 εὐπραγεία
3825 4272 3920 4326 καὶ
3949 4274 3982 4326 ό

2409 4359 2643 4422 πλοῦτος
2666 4359 2822 4431 uti;
2857 4362 3200 4433 ὑπερηφανία
3241 4365 3424 4436 ὅμοιον
3471 4363 3583 4430 ἕξει
3603 4364 3665 4417 τὸ
3695 4364 3847 4428 τέλος
3866 4365 3979 4428 τοῖς

2406 4449 2779 4521 ὀνειρώττουσι
2812 4453 2907 4504 καὶ
2931 4453 3422 4525 ὲνυπνιαζομένοις,
3464 4454 3654 4508 ἔπειτα
3687 4455 3977 4526 διεγρηγο-

2411 4540 2560 4614 ροῦσι
2599 4544 2692 4594 καὶ
2718 4543 2943 4614 μηδενὸς
2973 4536 3048 4597 ὧν
3077 4528 3292 4601 ἐδόκουν
3323 4548 3452 4618 όρᾷν
3488 4563 3549 4600 τε
3582 4544 3677 4599 καὶ
3728 4545 3978 4616 κατέχειν

2404 4634 2522 4696 ταῖς
2554 4632 2740 4703 χερσὶν
2798 4632 3236 4706 ὲπειλημμένοις.
3270 4636 3427 4691 Κατὰ
3454 4636 3511 4690 δὲ
3531 4635 3624 4690 τὸν
3655 4633 3978 4706 Σύμμαχον,

2406 4725 2523 4777 ἀντὶ
2567 4724 2682 4789 τοῦ,
2706 4723 2882 4793 Πλὴν
2919 4725 3017 4781 διὰ
3056 4726 3164 4794 τὰς
3195 4728 3547 4796 δολιότητιις
3573 4725 3718 4781 ἔθου
3747 4725 3974 4793 αὐτοῖς,

2403 4815 2590 4869 τοῦτον
2608 4815 2796 4888 εἴρηκε
2814 4815 2905 4870 τὸν
2920 4819 3119 4889 τρόπον
3139 4837 3152 4850 ·
3175 4821 3391 4886 Ὄντως
3416 4820 3485 4872 ὲν
3501 4815 3735 4879 ,ὀλίσθφ
3755 4815 3972 4882 ἔταξας
4065 4831 4067 4840 λ

2404 4911 2645 4977 αὐτοὺς,
2677 4911 2996 4980 κατέϐαλες
3015 4913 3237 4980 αὐτοὺς
3260 4915 3352 4988 εἰς,
3367 4909 3745 4982 ἀφανισμούς
3764 4923 3779 4939 ⁸
3812 4908 3970 4974 ἐξαί-

2405 5022 2560 5072 φνης
2587 5003 2891 5070 ἐξέλιπον,
2907 5005 3310 5074 ἀνηλώθησαν
3330 5004 3411 5069 ὡς
3434 5003 3545 5070 οὐχ
3570 4999 3967 5069 ὑπάρξαντες,

2403 5095 2483 5160 ὡς
2515 5095 2749 5164 ὄνειρον
2779 5096 3189 5161 ἐξυπνισαντι.
3223 5096 3318 5157 Εἰς
3341 5093 3397 5148 δὲ
3425 5092 3506 5158 τδ,
3533 5090 3844 5162 ἐξαίφνης,
3877 5093 3970 5148 καὶ

2406 5187 2486 5250 τὸ,
2519 5188 2793 5253 ἐξάπινα,
2825 5190 3164 5262 παραθήσεις
3199 5187 3298 5258 τὴν
3325 5186 3587 5258 σωτήριον
3646 5185 3829 5257 φωνὴν
3873 5185 3976 5255 τὴν

2406 5277 2666 5346 λέγουσαν
2686 5301 2699 5313 ·
2729 5281 3100 5353 Γρηγορεῖτε,
3135 5273 3224 5333 ὅτι
3245 5280 3356 5332 οὐκ
3390 5277 3587 5331 οἴδατε
3614 5279 3757 5346 ποίᾳ
3784 5277 3972 5348 ἡμέρᾳ

2406 5373 2502 5425 καὶ
2525 5371 2644 5442 ὥρᾳ
2671 5377 2703 5429 ό
2735 5377 2946 5445 Κύριος
2980 5371 3148 5442 ὑμῶν
3177 5371 3441 5440 ἐρχεταν
3463 5371 3556 5424 καὶ
3591 5371 3781 5425 παλιν·
3801 5369 3971 5432 Ἥξει

2312 5519 2318 5524 .
2407 5467 2439 5516 ὀ
2471 5467 2682 5535 Κύριος
2717 5467 2902 5521 αὑτοῦ
2932 5467 3003 5520 ἐν
3034 5463 3223 5534 ἡμέρᾳ
3316 5464 3388 5516 οὐ
3417 5462 3742 5532 προσδοκᾷ,
3769 5461 3868 5518 καὶ
3901 5460 3972 5513 ἐν

2405 5556 2526 5626 ὥρᾳ
2551 5554 2591 5631 ᾖ
2611 5563 2693 5622 ⁴σὺ
2715 5561 3013 5630 γινώσκει.

2479 5651 2673 5719 Κύριε,
2700 5653 2769 5707 ἐν
2799 5649 2874 5719 τῇ
2895 5652 3066 5703 πόλει
3081 5661 3198 5701 σου
3222 5644 3338 5716 τὴν
3359 5647 3562 5700 εἰκόνα
3587 5641 3970 5708 αὑτῶνέῗου-

2407 5741 2699 5809 θενήσεις.
2750 5741 3029 5812 Ἀνωτέρω
3059 5740 3154 5811 μὲν
3187 5738 3399 5806 ἔλεγεν,
3433 5739 3586 5802 Ἕως
3611 5735 3860 5793 εἰσέλθω
3884 5733 3973 5802 εις
