4294 6396
320 530 428 597 8ἰό

1448 529 1941 593 COMMENTARIA
1978 523 2045 589 IN
2084 521 2411 591 PSALHOS.

3414 530 3517 587 846

316 661 382 718 τὸ
406 654 792 730 ἀγιαστήριον
806 654 911 713 τοῦ
935 636 1111 713 Θέοῦιέ
1126 656 1215 710 νῦν
1241 656 1295 709 δὲ
1322 657 1374 709 τί
1404 657 1521 710 ποτ’
1539 653 1606 728 ἦν
1624 658 1682 710 τὸ
1713 658 1867 724 άγια-
1898 660 1943 716 Α
1971 673 2012 709 st

1910 660 1943 715 Α
1971 659 2330 710 sanctuarium
2352 656 2442 709 Dei
2463 674 2479 717 ;
2515 670 2657 709 nunc
2673 669 2799 710 vero
2822 652 3093 723 quodnam
3121 655 3191 709 sit
3208 652 3521 722 hujusmodi

318 755 533 825 πήριον
554 752 791 805 διδάσκει
824 750 1217 819 λέγωνιΚύριε,
1241 748 1310 800 ἐν
1330 746 1402 815 τῇ
1425 749 1591 800 πόλει
1613 762 1726 800 σου
1760 746 1883 813 τὴν

315 844 516 897 εἰκόνα
538 841 735 896 αὐτῶν
758 839 1196 905 ἐξουδενώσεις.
1230 837 1417 890 Ἔνθεν
1444 838 1664 900 εἰκότως
1690 839 1719 889 ό
1734 837 1871 900 θεῖος

328 930 665 993 ’Δπόστολος,
684 932 837 984 πόλιν
853 930 1096 1000 οὐράνιον
1115 928 1247 981 Θεοῦ
1265 927 1417 990 εἰδὼς
1440 927 1637 995 ἔλεγεν·
1652 930 1872 993 Προσε-

312 1022 657 1091 ληλύθαμεν
684 1021 834 1075 Σιὼν
864 1019 980 1088 ὄρει
1019 1020 1113 1073 καὶ
1149 1021 1319 1072 πόλει
1355 1016 1500 1071 Θεοῦ
1537 1005 1747 1082 ζῶντος
1778 1017 1895 1087 Ἰε-,

308 1112 631 1182 ρουσαλὴμ
657 1112 1002 1180 ἐπουρανίῳ
1034 1110 1128 1162 καὶ
1156 1108 1331 1165 πάλιν
1367 1106 1511 1164 Ἡδὲ
1538 1106 1660 1159 ἅνω
1674 1107 1873 1174 Ἰερου-

314 1203 521 1272 σαλὴμ
557 1202 837 1270 ἐλευθέρα
880 1200 1031 1254 ἐστί.
1078 1200 1291 1269 Ταύτην
1323 1194 1414 1252 οῦν
1462 1198 1555 1250 καὶ
1604 1198 1633 1249 ὁ
1685 1196 1872 1265 παρὼν

316 1295 607 1367 Προφήτης
631 1294 726 1366 τὴν
754 1293 904 1347 πόλιν
925 1292 1016 1345 τοῦ
1039 1291 1171 1364 Θεοῦ
1194 1291 1443 1361 σημαίνει
1462 1290 1652 1358 λέγων·
1675 1290 1869 1356 Κύριε,

313 1389 384 1441 ἐν
404 1386 479 1457 τῇ
498 1391 668 1442 πόλει
706 1402 820 1441 σου
859 1385 972 1453 τὴν
998 1388 1197 1439 εἰκόνα
1217 1384 1412 1439 αὐτῶν
1430 1382 1868 1447 ἐξουδενώσεις.

314 1478 377 1532 Εἰ
404 1481 499 1549 μὲν
526 1478 632 1548 γὰρ
657 1475 819 1548 ἦσαν,
847 1478 1008 1547 φησὶ,
1054 1475 1381 1545 φυλάξαντες
1413 1474 1507 1545 τὴν
1541 1473 1637 1545 σὴν
1670 1474 1869 1539 εἰκόνα,

314 1569 537 1633 εἰκότως
568 1570 661 1622 καὶ
702 1570 799 1639 τῆς
845 1569 943 1638 σῆς
986 1568 1191 1631 πόλεως
1223 1565 1568 1637 κατηξιοῦντο
1597 1583 1609 1595 ·
1664 1566 1784 1617 ἐπεὶ
1815 1565 1871 1617 δὲ

312 1655 617 1722 ἅνθρωπος
639 1655 709 1708 ἐν
735 1655 871 1725 τιμῇ
900 1654 984 1708 ὢν
1008 1657 1079 1709 οὐ
1105 1655 1354 1723 συνῆκε,
1385 1654 1869 1723 παρεσυνεϐλήθη
1901 1718 1913 1730 .

311 1746 435 1813 τοῖς
464 1747 709 1816 κτήνεσι
744 1748 869 1814 τοῖς
908 1748 1203 1818 ἀνοήτοις,
1238 1747 1335 1801 καί
1360 1747 1620 1816 ὡμοιώθη
1650 1746 1881 1825 αὐτοῖς,

312 1835 584 1915 ἀναλόγως
611 1853 669 1888 τε
697 1838 760 1906 τῇ
786 1833 975 1889 ἑαυτοῦ
1039 1836 1201 1905 κακίᾳ
1239 1834 1426 1889 ἑαυτὸν
1460 1836 1874 1906 μετεμόρφωσεν

312 1926 393 1990 εἰς
422 1926 613 1998 ἀγρίου
636 1926 801 1998 θηρὸς
831 1927 1032 1998 τρόπον.
1056 1944 1134 1989 τε,
1163 1928 1353 1995 γέγονέ
1373 1944 1429 1980 τε
1453 1928 1617 1990 ἵππος
1634 1926 1873 1996 θηλυμαέ

311 1988 427 2088 νὴς,
457 1988 1070 2091 ἦλύκοςᾟρπαλᾱικὸβ
1113 2018 1145 2089 ἢ
1173 1988 1293 2087 δςρις
1322 2020 1415 2071 καὶ
1437 1988 1700 2089 γέννημα.
1728 1988 1867 2088 ἐχιδ-
1904 1988 1945 2042 Β

301 2109 436 2181 νῶν,
473 2108 507 2179 ἦ
538 2107 665 2163 ἄλλο
704 2126 758 2161 τι
781 2108 986 2171 τούτοις
1032 2108 1426 2179 παραπλήσιον
1473 2108 1659 2162 τούτου
1710 2108 1867 2179 χάριν

312 2199 499 2273 ὥσπερ
546 2199 791 2271 κίὄδηλον
836 2198 1074 2272 νόμισμα
1114 2200 1209 2271 τὴν
1256 2200 1504 2271 τοιαύτην
1543 2200 1722 2253 εἰκόνα
1769 2200 1867 2271 τῆς

313 2292 504 2347 ἑαυτοῦ
539 2293 744 2357 πόλεως
768 2294 1091 2366 ἀπορρίπτει
1116 2294 1144 2345 6
1169 2291 1321 2355 Θεὸς,
1364 2291 1645 2357 ὲξουδενῶν
1677 2284 1865 2362 αὐτὴν,

311 2382 429 2437 οὐδὲ
471 2382 627 2450 ἀξίαν
670 2365 885 2457 κρίνων
910 2385 1014 2437 τῶν
1056 2384 1114 2436 ἐν
1162 2384 1229 2454 τῇ
1255 2383 1429 2436 -πόλει
1457 2382 1619 2436 αὐτοῦ
1668 2365 1863 2453 μονῶν.

311 2472 509 2527 Πολλαὶ
553 2474 660 2545 γὰρ
712 2473 870 2544 μοναὶ
915 2472 1065 2545 παρὰ
1105 2471 1182 2543 τῷ
1207 2473 1396 2544 Πατρίέ
1424 2473 1489 2526 δι’
1522 2466 1859 2526 δ’λέλεκται·

310 2566 502 2632 Κύριε,
528 2564 599 2617 ἐν
621 2562 697 2631 τῇ
720 2563 888 2616 πόλει
902 2577 1017 2615 σου
1042 2560 1155 2629 τὴν
1180 2563 1381 2615 εἰκόνα
1406 2560 1603 2623 αὐτῶν
1627 2559 1864 2623 ἐξουθε-

308 2654 537 2724 νήσεις.
596 2652 763 2706 Τοῦτο
804 2652 902 2721 μὲν
948 2646 1039 2704 οὖν
1078 2640 1425 2721 προφητικῶς
1460 2652 1490 2701 ὁ
1530 2650 1699 2719 ’Δσὰφ
1730 2650 1866 2709 άπε-

309 2744 596 2815 φθέγξατο,
627 2743 814 2813 ὥσπερ
846 2740 1180 2805 ἐπιθειάσας,
1213 2740 1304 2793 καί
1323 2740 1599 2811 τὸμέλλον
1627 2754 1865 2809 πεφωτι-

310 2830 528 2906 σμένοις
550 2833 729 2904 ψυχῆς
754 2831 1049 2902 ὀφθαλμοῖς
1084 2828 1425 2902 τεθεαμένος.
1464 2831 1574 2901 Τὴν
1599 2830 1656 2884 δὲ
1689 2832 1866 2885 αἰτίαν

306 2926 373 2980 δι’
399 2926 469 2997 ἢν
508 2924 778 2997 ἐφωτίσθη
807 2922 903 2995 τὴν
946 2912 1098 2977 πόλιν
1123 2921 1215 2977 τοῦ
1243 2918 1382 2975 Θεοῦ
1410 2921 1661 2989 συνιδεῖν,
1697 2923 1860 2994 παρίι·

310 3034 465 3090 στησι
490 3017 661 3087 λέγων
690 3016 836 3088 ἑξῆς·

379 3201 508 3254 ὀτι
538 3200 829 3267 ἐξεκαύθη
848 3199 885 3266 ή
905 3198 1114 3267 καρδία
1139 3215 1279 3267 μου,
1301 3198 1395 3251 καὶ
1436 3200 1489 3251 ol
1525 3200 1731 3268 νεφροί
1750 3188 1868 3269 μου

1977 748 2347 811 sanctuarium
2378 748 2568 802 edocet
2596 747 2679 802 his
2710 748 2907 809 verbis,
2940 745 3178 807 Domine,
3218 746 3272 797 in
3312 745 3525 798 civitate

1977 842 2069 911 tua
2096 835 2374 904 imaginem
2408 837 2640 904 ipsorum
2663 836 2729 889 ad
2754 836 2971 889 nihilum
2992 834 3212 903 rediges.
3238 832 3391 889 Unde
3412 851 3527 888 me-

1975 926 2080 979 rito
2110 926 2268 981 divus
2301 927 2612 997 Apostolus,
2642 928 2806 997 utqui
2836 928 3110 983 caelestem
3131 925 3223 981 Dei
3247 925 3527 980 civitatem

1974 1032 2179 1084 nosset,
2214 1020 2428 1075 dicebat
2456 1040 2466 1073 :
2502 1020 2824 1083 Accessimus
2846 1021 2913 1072 ad
2948 1019 3074 1074 Sion
3101 1027 3345 1081 montem,
3383 1026 3431 1070 et
3453 1018 3529 1069 ci-

1974 1114 2183 1167 vitatem
2221 1110 2315 1166 Dei
2360 1112 2574 1165 viventis
2603 1108 2899 1163 Jerusalem
2950 1109 3266 1173 caelestem‘;
3302 1121 3365 1160 ac
3402 1092 3559 1179 rur-n

1974 1212 2093 1258 sum
2114 1222 2126 1257 :
2148 1202 2176 1255 1
2181 1203 2252 1256 lla
2282 1218 2398 1256 vero
2418 1217 2533 1271 qua:
2564 1217 2771 1255 sursum
2785 1210 2860 1253 est
2876 1198 3186 1262 Jerusalem,
3209 1197 3374 1252 libera
3393 1198 3527 1251 est“.

1975 1274 2125 1346 Hahc
2148 1290 2331 1362 itaque
2360 1290 2453 1345 Del
2475 1290 2744 1344 civitatem
2770 1289 3035 1359 Propheta
3074 1289 3165 1359 qui
3200 1288 3309 1358 jam
3346 1284 3529 1357 loqui-

1972 1390 2061 1436 tur
2114 1383 2194 1436 sic
2246 1374 2485 1436 indicat:
2524 1374 2758 1445 Domine,
2798 1383 2850 1433 in
2899 1380 3104 1449 civitate
3131 1389 3217 1432 tua
3243 1380 3520 1448 imaginem

1973 1475 2205 1541 ipsorum
2233 1473 2300 1526 ad
2334 1472 2554 1526 nihilum
2591 1472 2808 1541 rediges.
2838 1471 2972 1525 Nam
3008 1472 3074 1538 si,
3099 1472 3292 1542 inquit,
3324 1471 3509 1541 imagi-

1973 1578 2095 1616 nem
2128 1568 2543 1616 conservassem
2593 1569 2764 1623 tuam,
2798 1560 2991 1614 merito
3022 1561 3239 1615 civitate
3298 1574 3516 1631 quoque

1972 1661 2065 1706 tua
2096 1651 2281 1705 donati
2312 1657 2496 1705 essent
2524 1668 2537 1703 :
2572 1656 2627 1703 at
2656 1650 2783 1719 quia
2813 1648 2965 1703 homo
2999 1664 3115 1704 cum
3142 1651 3197 1703 in
3222 1650 3414 1705 honore
3445 1667 3521 1705 es-

1973 1752 2069 1809 set,
2106 1759 2207 1796 non
2240 1742 2497 1796 intellexit
2544 1754 2561 1792 :
2618 1752 2949 1806 comparatus
3003 1751 3079 1795 est
3107 1742 3363 1809 jumentis
3390 1743 3518 1797 insi-

1974 1835 2249 1907 pientibus,
2294 1844 2341 1889 et
2384 1834 2572 1889 similis
2607 1833 2778 1901 factus
2825 1844 2901 1890 est
2945 1834 3055 1887 illis
3085 1837 3127 1898 ⁸,
3168 1845 3327 1905 atque
3360 1835 3521 1890 modo

1976 1931 2192 1985 malitiae
2244 1945 2355 1985 sua:
2387 1929 2703 1999 congruenti
2732 1941 2853 1984 sese
2884 1928 2938 1982 in
2969 1914 3196 1997 agrestis
3228 1929 3353 1984 ferae
3397 1945 3519 1985 mo~

1973 2038 2089 2077 rem
2104 2020 2511 2085 transmutavlt,
2551 2019 2836 2090 factusque
2861 2026 2945 2075 est
2972 2035 3144 2089 equus
3172 2020 3515 2086 emissarius,

1973 2121 2066 2169 aut
2091 2114 2253 2183 lupus
2284 2116 2474 2183 rapax,
2529 2120 2622 2166 aut
2670 2126 2892 2181 serpens
2920 2119 2973 2165 et
3009 2111 3258 2181 genimen
3304 2112 3517 2181 vipera-

1971 2218 2115 2269 rum,
2148 2205 2262 2260 sive
2299 2203 2432 2274 quid
2481 2203 2549 2258 iis
2590 2202 2801 2269 simile;
2859 2202 2983 2257 ideo
3036 2202 3197 2256 talem
3229 2203 3518 2273 imaginem

1971 2294 2126 2364 quasi
2173 2294 2539 2349 adulterinum
2579 2292 2850 2348 numisma
2899 2308 2965 2347 ex
2997 2292 3213 2348 civitate
3246 2309 3346 2348 sua
3377 2292 3526 2347 Deus

1972 2384 2175 2454 ahjicit,
2208 2385 2275 2438 ad
2319 2386 2545 2439 nihilum
2581 2385 2794 2455 redigit,
2838 2398 3012 2453 neque
3046 2382 3263 2454 dignam
3314 2382 3522 2451 iudicat

1969 2477 2076 2531 illis
2108 2475 2349 2530 civitatis
2379 2490 2492 2530 sua)
2524 2476 2917 2530 mansionibus.
2964 2473 3098 2528 Nam
3134 2473 3275 2545 apud
3304 2474 3516 2529 Patrem

1972 2564 2282 2619 mansiones
2304 2565 2487 2619 multae
2514 2564 2865 2630 sunt.Quare
2888 2564 3093 2619 dictum
3125 2570 3210 2619 est
3240 2583 3253 2617 :
3280 2561 3519 2625 Domine,

1969 2654 2023 2707 in
2055 2654 2264 2708 civitate
2295 2663 2388 2707 tua
2418 2655 2700 2724 imaginem
2752 2656 2981 2722 ipsorum
3018 2653 3089 2707 ad
3127 2643 3523 2707 niltilum'redi-

1970 2759 2078 2816 ges.
2113 2743 2223 2798 Hoc
2254 2744 2432 2812 itaque
2456 2742 2770 2811 prophetico
2792 2742 2971 2810 Asaph
2992 2740 3146 2811 quasi
3186 2740 3394 2804 atllatus
3411 2738 3524 2792 Nu-

1971 2836 2136 2902 mine,
2164 2848 2227 2889 ac
2266 2833 2585 2888 illuminatis
2625 2832 2823 2887 mentis
2861 2833 3035 2886 oculis
3066 2830 3248 2885 futura
3274 2839 3521 2883 contem-

1973 2929 2172 3000 platus,
2202 2927 2417 2980 locutus
2450 2931 2558 2979 est.
2583 2922 2816 2979 Causam
2855 2937 2984 2979 vero
3032 2936 3132 2977 cur
3182 2922 3521 2975 illuminatus

1977 3019 2049 3074 sit
2075 3018 2143 3073 ad
2172 3018 2446 3073 civitatem
2483 3015 2572 3072 Dei
2599 3013 3041 3085 conspiciendam
3069 3026 3193 3067 mox
3235 3011 3408 3081 aperit
3436 3009 3521 3063 di-

1976 3123 2109 3165 cens
2138 3129 2152 3163 ἰ

2044 3199 2209 3256 Vitas.
2261 3199 2449 3255 Ξι-τιι.
2492 3198 2633 3265 Quia
2660 3198 3047 3266 inﬂammatum
3103 3206 3180 3251 est
3209 3194 3299 3249 cor
3330 3209 3521 3259 metam,

305 3288 739 3359 ήλυίοιώθησαν.
757 3288 968 3360 Ἐπειδὴ
983 3289 1087 3360 γάρ
1103 3287 1291 3356 ζηλῶν
1306 3288 1571 3358 ἐζήλωσα
1586 3289 1665 3355 τῷ
1679 3295 1870 3361 Κυρίῳ
1899 3335 1939 3361 η
1976 3310 2001 3348 e

1826 3313 1870 3361 ῳ
1899 3335 1939 3361 ,,
1976 3303 2026 3349 et
2053 3310 2199 3348 renes
2226 3292 2325 3347 mei
2348 3290 2653 3345 commutati
2690 3299 2831 3343 sunt.
2863 3288 2999 3354 Quia
3028 3289 3178 3349 enim
3221 3288 3331 3349 zelo
3358 3288 3522 3342 celavi

306 3378 447 3433 κατὰ
458 3379 546 3433 τὸν
561 3380 840 3449 προφήτην
861 3378 1065 3439 Ἠλίαν,
1081 3376 1397 3449 ὲξειλκόμην
1407 3396 1466 3433 τε
1476 3383 1585 3443 τοῖς
1600 3384 1872 3453 λογισμοῖς
1899 3370 1941 3392 ’⁸
1974 3387 2002 3442 1

1830 3384 1872 3447 ις
1899 3370 1941 3392 ’⁸
1974 3386 2197 3442 Domino
2222 3423 2237 3449 ,
2272 3382 2569 3439 secundum
2616 3380 2783 3435 Eliam
2812 3378 3127 3449 prophetam
3154 3380 3197 3441 ’,
3241 3383 3526 3451 cogitatio-

304 3465 446 3538 ὁρῶν
458 3465 671 3528 άσεσεῖς
690 3465 1138 3534 εὐθυμουμένους·
1154 3466 1287 3519 ἀλλὰ
1306 3468 1397 3520 καὶ
1418 3469 1731 3541 ὲπυρούμην
1749 3474 1873 3540 ταὺς

306 3554 537 3624 νεφροὺς
556 3552 731 3606 καὶτὰ
753 3551 890 3622 βάθη
913 3554 983 3606 τὰ
1007 3550 1320 3623 κρύφιατῆς
1331 3556 1568 3622 ἐμαυτοῦ
1585 3558 1781 3629 ψυχῆςο
1803 3560 1868 3612 δι’

304 3645 334 3699 ὃ
354 3645 448 3699 καὶ
467 3644 667 3712 ἔλεγον,
701 3644 820 3696 Ὅτι
845 3641 1113 3709 ἐζήλωσα
1141 3642 1240 3696 ἐπὶ
1271 3643 1394 3710 τοῖς
1420 3646 1681 3713 ἀνόμοις,
1716 3649 1874 3716 sim}-

304 3753 422 3806 νην
447 3733 806 3804 ἁμαρτωλῶν
832 3733 1077 3802 θεωρῶν
1113 3733 1300 3787 τούτου
1327 3735 1483 3806 χάριν
1499 3735 1736 3807 ἠξιώθην
1762 3756 1871 3807 φω-

306 3828 556 3900 τισθῆναι
586 3826 690 3879 ὑπὸ
712 3827 804 3880 τοῦ
832 3825 1144 3897 Πνεύματος
1173 3827 1267 3880 καὶ
1304 3827 1403 3897 τὴν
1436 3827 1587 3881 πόλιν
1621 3828 1746 3882 ἰδεῖν
1776 3828 1869 3882 τοῦ

304 3918 464 3986 Θεοῦ,
505 3916 629 3982 τούς
672 3935 731 3971 τε
763 3917 943 3984 ἀξίους
991 3918 1159 3990 αὐτῆς
1194 3917 1288 3972 καὶ
1327 3920 1451 3983 τοὺς
1497 3920 1593 3991 μή.
1637 3921 1779 3975 Ἀντὶ
1815 3922 1871 3975 δὲ

303 4011 774 4081 τοῦ,Ἐξεκαύθη
808 4011 847 4077 ἠ
878 4011 1089 4079 καρδία
1109 4027 1259 4079 μου,
1289 4011 1319 4064 ὁ
1349 4010 1658 4081 Σύμμαχος,
1687 4015 1869 4067 Συνε-

304 4104 612 4170 στέλλετο,
653 4103 833 4173 φησὶν,
863 4102 902 4170 ή
935 4102 1145 4170 καρδία
1157 4119 1276 4170 μου
1294 4140 1310 4167 ,
1336 4104 1432 4157 καὶ
1449 4092 1619 4168 ἐντὸς
1638 4104 1755 4158 τῶν
1776 4121 1871 4159 νε.

304 4193 469 4264 ερρῶν
494 4210 614 4277 μου
658 4192 1009 4262 διελεγόμην
1043 4192 1387 4262 ἀντιλέγων.
1416 4190 1529 4247 Εἶθ’
1569 4194 1695 4266 ἑξῆς
1723 4194 1871 4268 εἴρη-

307 4301 418 4338 ται⁶
457 4286 568 4359 Καὶ
608 4282 723 4354 ἐγώ
763 4282 1258 4350 ἐξουθενημένος,
1308 4282 1405 4337 καὶ
1448 4286 1559 4339 οὐκ
1603 4285 1812 4357 ἔγνων·
1841 4289 1871 4342 δ

303 4376 369 4448 δὴ
392 4376 719 4447 σαφέστερον
741 4374 1081 4446 ἡρμήνευσεν
1104 4375 1133 4426 ὀ
1160 4374 1451 4446 Σύμμαχος
1468 4374 1657 4445 εἰπὼν,
1675 4380 1871 4449 Ἦμην

302 4468 373 4523 δὲ
399 4466 819 4537 ἀνεπιστήμων
848 4465 945 4519 καί
965 4464 1055 4535 μὴ
1094 4466 1283 4534 εἰδώς-ο
1308 4468 1401 4521 καὶ
1429 4468 1607 4523 πάλιν·
1638 4473 1872 4539 Κτηνώ-

289 4558 415 4630 ,6ης
431 4557 722 4628 ἐγενήθην
738 4555 893 4625 παρᾶ
917 4558 1040 4612 σοι’
1069 4557 1102 4630 ἢ
1129 4559 1267 4612 κατὰ
1284 4559 1376 4641 τόν
1400 4559 1710 4633 Σύμμαχον,
1725 4565 1872 4630 Κτηέ

1973 3479 2239 3547 tribusque
2259 3474 2582 3533 detrahehar
2600 3487 2722 3528 cum
2746 3484 3022 3529 cernerem
3046 3473 3242 3543 impios
3267 3487 3523 3542 prospere

1974 3582 2168 3637 agere;
2200 3568 2309 3619 imo
2332 3565 2496 3619 etiam
2528 3576 2686 3618 renes
2729 3564 2834 3617 mei
2865 3575 3076 3616 necnon
3116 3560 3385 3632 profunda
3427 3575 3516 3615 oc-

1971 3662 2225 3729 cultaque
2267 3658 2461 3712 animae
2508 3671 2641 3712 mea:
2685 3653 3014 3721 urebantur;
3076 3650 3196 3707 ideo
3249 3651 3513 3707 dicebam,

1974 3749 2114 3815 Quia
2136 3749 2302 3803 χείσυί
2325 3762 2481 3816 super
2506 3747 2733 3816 iniquos,
2764 3759 2944 3814 pacem
2972 3751 3303 3813 peccatorum»
3320 3742 3517 3796 videns.

1970 3836 2150 3902 Quare
2180 3850 2501 3891 concessum
2527 3834 2657 3889 mihi
2698 3832 2798 3887 fuit
2829 3840 2889 3887 ut
2925 3832 3262 3896 illuminarer
3286 3846 3316 3885 a
3341 3831 3518 3901 Spiri-

1971 3935 2026 3982 tu
2081 3936 2137 3983 et
2163 3926 2402 3983 viderem
2427 3927 2700 3990 civitatem
2750 3924 2863 3989 Dei,
2906 3938 3112 3989 necnon
3143 3938 3239 3981 eos
3284 3924 3379 3996 qui
3427 3925 3519 3979 illa

1973 4021 2087 4075 sive
2117 4018 2289 4089 digni,
2322 4019 2436 4073 sive
2466 4017 2670 4088 indigni
2701 4024 2847 4071 sunt.
2877 4014 2984 4069 Pro
3024 4015 3118 4071 illo
3161 4023 3365 4081 autem,
3424 4014 3520 4071 In-

1971 4112 2300 4180 ﬂammatum
2329 4118 2406 4163 est
2450 4125 2538 4163 cor
2569 4122 2761 4171 meum,
2792 4105 3172 4178 Symmachus,
3229 4107 3519 4164 Contrane-

1970 4201 2144 4267 batur,
2174 4200 2488 4269 inquit,icor
2521 4214 2713 4261 meum,
2742 4206 2798 4270 et‘
2828 4198 2971 4252 intra
3000 4214 3146 4260 renes
3174 4214 3312 4253 meos
3349 4201 3519 4254 ratio-

1971 4292 2189 4346 cinabar
2218 4290 2599 4346 contradicens.
2632 4288 2836 4359 Deinde
2864 4288 3064 4345 dicitur
3089 4309 3100 4344 :
3123 4290 3191 4344 Et
3210 4306 3301 4362 ego
3340 4290 3409 4345 ad
3436 4292 3520 4344 ni-

1970 4387 2136 4441 hilum
2169 4380 2411 4440 redactus
2441 4400 2581 4445 sum,
2610 4391 2660 4438 et
2679 4384 2905 4445 nescivi;
2934 4384 3079 4453 quod
3112 4383 3317 4439 clarius
3350 4386 3519 4439 inter-

1970 4486 2215 4549 pretatus
2254 4476 2613 4549 Symmachus
2664 4485 2749 4530 est
2789 4474 2999 4537 dicens,
3038 4474 3201 4527 Eram
3236 4475 3441 4529 inscius
3468 4484 3519 4529 et

1970 4588 2074 4627 non
2100 4587 2426 4642 cognoscens.
2456 4568 2691 4623 Rursum
2725 4586 2739 4621 :
2775 4565 2841 4619 Ut
2860 4566 3153 4634 jumentum
3198 4564 3371 4632 factus
3401 4581 3519 4619 sum

303 4649 504 4717 r066»;
531 4649 839 4705 διετέλεσα
873 4648 1031 4719 παρὰ
1065 4651 1183 4705 σοι.
1214 4651 1320 4705 Καὶ
1361 4651 1493 4721 ἐγὼ,
1526 4653 1708 4724 φησιν,
1747 4653 1870 4708 δια·
1900 4677 1942 4731 D
1972 4685 1999 4721 α

1821 4669 1870 4707 '-
1900 4677 1942 4731 ι)
1972 4668 2108 4737 apud
2141 4675 2217 4729 te;
2249 4665 2364 4721 sive
2392 4660 2688 4718 secundum
2722 4650 3123 4731 symmachum,
3159 4655 3396 4711 Jumenti
3436 4660 3517 4711 in-

304 4742 529 4808 παντὸς
558 4740 707 4811 μετὰ
732 4740 866 4795 σοῦ’
894 4740 1033 4793 κατὰ
1049 4740 1107 4793 δὲ
1132 4741 1222 4794 τὸν
1248 4742 1559 4812 Σύμμαχον,
1590 4745 1700 4797 Καὶ
1730 4758 1872 4798 συν-

301 4836 465 4904 ήμην
507 4849 607 4890 σοι
647 4834 987 4898 διαπαντός.
1028 4835 1090 4886 Εἰ
1148 4833 1253 4905 γὰρ
1298 4834 1389 4887 καὶ
1428 4834 1498 4887 τά
1540 4834 1770 4904 μάλιστα
1801 4836 1862 4888 οὐ

307 4927 522 4996 συνείην
551 4926 681 4998 πρὶν
704 4924 1031 4995 φωτισθῆναι
1056 4924 1151 4977 καὶ
1180 4924 1382 4992 γνῶναι
1402 4923 1471 4978 τά
1488 4926 1622 4993 περὶ
1644 4929 1740 4997 τῆς
1762 4927 1863 4997 σῆς

307 5014 510 5077 πόλεως
533 5014 848 5086 λελεγμένα,
874 5015 968 5068 καὶ
991 5014 1058 5068 τὰ
1090 5014 1337 5086 περὶτῆς
1368 5016 1573 5081 εἰκόνος
1601 5014 1709 5069 τῶν
1738 5017 1863 5069 ἀσε-

306 5103 435 5179 6ῶνο
467 5106 563 5158 καὶ
603 5107 653 5158 εί
678 5106 835 5179 δίκην
866 5105 1060 5173 ἀλόγου
1103 5102 1332 5175 κτήνους
1357 5106 1629 5159 διετέλεσα
1667 5108 1861 5177 πρότε-

308 5176 404 5269 ρον)
424 5196 776 5267 άνοηταίνων,
794 5176 892 5252 καὶ
921 5199 999 5272 μὴ
1020 5199 1307 5270 δυνάμενος
1330 5198 1602 5252 ἐπιϐαλεῖν
1627 5176 1736 5264 τοῖς
1766 5202 1864 5273 τῆς

307 5292 405 5363 σῆς
435 5289 687 5360 προνοίας
721 5290 915 5359 λόγοις·
959 5294 1107 5363 ὅμως
1141 5292 1250 5346 οὐκ
1274 5291 1725 5363 ἀπελιμπανόμην
1767 5311 1860 5348 σου

304 5382 399 5437 τοῦ
416 5379 575 5443 Θεοῦ,
603 5380 724 5434 οὐδὲ
746 5370 1030 5445 ἐξέπιπτον
1043 5382 1139 5455 τῆς
1166 5385 1257 5437 ἐπὶ
1279 5384 1337 5437 σὲ
1359 5382 1590 5445 ἐλπίδος,
1618 5386 1747 5455 συνή
1755 5402 1863 5456 μην

305 5474 360 5527 δέ
387 5490 467 5528 σοι
503 5471 823 5535 διαπαντός*
866 5475 960 5529 καὶ
990 5475 1133 5528 τοῦτ’
1167 5476 1430 5547 ἔπραττον
1461 5476 1559 5527 οὐκ
1600 5475 1659 5539 ἔξ
1696 5478 1865 5545 ἐμαυ-

304 5562 409 5619 τοῦ
424 5563 720 5633 δυνάμεως,
743 5562 857 5615 ἀλλ’
883 5563 947 5616 ἐκ
965 5565 1066 5634 τῆς
1088 5567 1185 5637 τῆς
1214 5568 1450 5638 χάριτος.
1475 5568 1545 5620 Σὺ
1574 5566 1680 5636 γὰρ
1702 5568 1861 5631 αὐτὸς

309 5657 374 5725 τῇ
396 5654 591 5710 σαυτοῦ
617 5655 1016 5727 φιλανθρωπίᾳ,
1041 5663 1139 5728 τῆς
1172 5662 1311 5730 ἐμῆς
1340 5659 1517 5725 δεξιᾶς
1545 5658 1721 5729 χειρὸς
1746 5663 1864 5712 ἐπι-

312 5741 599 5815 λασόμενος
622 5781 636 5808 ,
668 5744 903 5813 συνεῖχες
936 5746 1029 5799 καὶ
1056 5739 1356 5819 δἰεκράτςις
1378 5742 1522 5820 ’πρὸς
1542 5748 1609 5801 τὸ
1653 5747 1725 5818 μὴ
1749 5747 1861 5800 δια·-

380 5917 403 5950 δ
423 5915 587 5974 Hebr.
619 5934 715 5986 ιιι,
742 5915 827 5976 ἥ.

1968 4763 2083 4807 star
2121 4760 2356 4805 versatus
2383 4765 2498 4803 sum
2524 4748 2660 4816 apud
2694 4756 2759 4802 te.
2805 4746 2874 4799 Et
2914 4762 3025 4817 ego,
3072 4745 3269 4816 inquit,
3321 4761 3517 4817 semper

1970 4852 2167 4905 tecum:
2198 4840 2493 4897 secundum
2510 4838 2891 4909 Symmachum
2916 4848 3117 4901 autem,
3144 4836 3211 4891 Et
3227 4853 3334 4890 una
3351 4847 3515 4889 tecum

1963 4949 2107 4987 eram
2129 4946 2347 4999 semper.
2370 4928 2486 4983 Etsi
2508 4929 2651 4983 enim
2686 4943 2795 4983 non
2820 4928 3177 4999 intelligeham
3201 4928 3514 4998 priusquam

1963 5010 2296 5097 illuminat-er
2316 5036 2381 5077 ac
2422 5035 2486 5076 ea
2511 5018 2894 5091 cognoscerem
2914 5035 3034 5091 quae
3066 5020 3133 5075 de
3156 5014 3377 5074 civitate
3396 5026 3512 5083 tua,

1968 5129 2253 5171 necnonea
2279 5128 2400 5185 quae
2420 5113 2489 5169 de
2519 5114 2753 5183 imagine
2775 5115 3061 5183 impiorum
3089 5113 3230 5166 dicta
3265 5118 3423 5176 sunt;
3450 5126 3515 5165 ac

1964 5206 2180 5280 etiamsi
2203 5206 2376 5261 iusmr
2390 5205 2532 5261 bruti
2546 5205 2773 5274 jumenti
2796 5206 2946 5275 prius
2966 5205 3231 5275 degerem,
3251 5188 3517 5271 insipiens

1965 5307 2064 5348 nec
2084 5293 2432 5363 providentia
2452 5302 2558 5349 tua:
2577 5294 2837 5349 rationem
2855 5295 3114 5364 attingere
3134 5292 3323 5346 valens
3338 5308 3358 5357 ;
3373 5301 3515 5345 atta-

1968 5401 2089 5440 men
2110 5386 2207 5442 abs
2220 5394 2291 5450 te,
2312 5385 2471 5449 Deus,
2499 5403 2607 5442 non
2624 5386 2931 5449 deserehar.
2961 5396 3135 5453 neque
3160 5384 3257 5438 abs
3280 5397 3376 5452 spe
3398 5399 3513 5437 mea

1971 5478 2022 5530 in
2047 5489 2096 5532 te
2122 5480 2359 5548 reposita
2383 5479 2717 5540 excideham,
2742 5479 2945 5546 tibique
2963 5490 3174 5551 semper
3195 5476 3409 5539 aderam
3428 5494 3441 5529 :
3460 5482 3514 5528 et

1971 5569 2088 5630 hoc,
2116 5569 2338 5637 agebam
2390 5583 2499 5622 non
2540 5582 2658 5622 mea
2703 5568 2914 5627 virtute,
2950 5564 3042 5620 sed
3074 5566 3245 5635 gratia
3285 5571 3396 5617 tua.
3432 5562 3513 5618 Tu

1968 5675 2201 5731 namque
2221 5660 2559 5715 humanitate
2577 5668 2690 5721 tua,
2714 5665 2925 5724 arrepta
2947 5671 3106 5709 manu
3130 5653 3348 5708 dextera
3369 5669 3510 5713 mea,

1966 5767 2053 5806 me
2086 5752 2368 5807 detinehas
2398 5750 2870 5820 astringehasque,
2897 5756 2955 5802 ut
2997 5763 3066 5801 ne
3111 5745 3518 5807 eli‘underentur

930 5916 952 5949 ³
979 5916 1152 5973 Galat.
1189 5936 1256 5983 Iv,
1289 5919 1376 5975 26.
1456 5922 1474 5951 δ
1503 5918 1643 5977 Psal.
1673 5933 1871 5985 xum,
1908 5920 1997 5975 2|.
2070 5922 2089 5951 "
2114 5920 2155 5976 ιι
2184 5920 2311 5994 Reg.
2344 5938 2457 5989 nx,
2493 5920 2581 5979 i0.
