4294 6402
756 486 858 540 8H

1408 484 1668 544 EUSEBII
1708 482 2179 540 cmssmmms
2215 483 2362 538 opp.
2404 482 2580 536 PARS
2614 452 2703 537 iu.
2741 506 2811 520 --
2845 478 3245 536 exessum.

3804 479 3910 535 848

754 605 975 673 vestigia
1007 618 1141 669 mea,
1168 618 1338 673 neque
1366 605 1526 673 pedes
1560 586 1899 656 moverentur
1926 616 1953 653 a
1982 614 2097 652 mea
2136 597 2264 667 apud

2376 598 2579 667 χεῖσθαι
2609 615 2709 668 μου
2748 597 2815 649 τὰ
2845 597 3168 666 διαδήματα,
3205 596 3334 666 μηδὲ
3358 614 3478 659 τους
3496 597 3654 661 πόδας
3686 615 3785 668 μου
3814 615 3881 651 σα

752 700 806 747 te
829 694 1073 748 statione.
1099 692 1432 763 Quapropter
1456 692 1580 757 dico
1615 711 1627 743 :
1668 689 1898 742 Tenuisti
1924 703 2130 740 manum
2150 685 2276 738 dea:-

754 793 915 838 terzm
956 800 1140 837 meam.
1169 782 1365 837 Bonam
1394 784 1591 852 quippe
1614 781 1882 835 dexteram
1920 778 2079 853 habui
2098 818 2112 840 ,
2140 791 2269 846 prte-

750 873 978 927 vaiidam
1010 882 1063 926 et
1093 878 1389 941 paternam,
1422 871 1639 925 dextera
1669 869 1849 921 omnia
1877 876 1929 921 et
1960 867 2055 920 tibi
2079 867 2274 935 placita

750 968 1086 1030 peragentem
1128 974 1339 1028 :quare
1384 966 1595 1028 arrepta
1660 958 1770 1021 illa,
1813 958 1865 1009 in
1899 957 2157 1010 voluntate
2186 969 2275 1009 tua

749 1049 1008 1103 deduxisti
1038 1064 1150 1110 me;
1182 1049 1295 1102 sive
1314 1048 1607 1101 secundum
1634 1044 2034 1116 Symmachum,
2058 1047 2275 1100 consilio

720 1152 729 1188 .'
750 1146 836 1190 tuo
862 1138 1057 1190 duxisti
1079 1153 1177 1199 me.
1218 1152 1248 1190 a
1293 1138 1505 1191 mortali
1533 1152 1616 1190 me
1646 1140 1751 1189 vita
1787 1136 2092 1196 traducens.
2127 1142 2179 1189 et
2206 1136 2274 1189 ad

747 1226 1091 1294 tranquillum
1124 1233 1405 1293 tutumque
1438 1223 1639 1291 requiei
1686 1230 1794 1275 tua:
1843 1228 2053 1291 portum
2108 1220 2275 1277 dedu—

747 1330 907 1380 cens;
942 1315 1014 1367 ita
1044 1320 1102 1367 ut
1133 1314 1179 1368 si
1202 1312 1476 1366 dexteram
1508 1326 1677 1365 meam
1712 1326 1816 1363 non
1847 1310 2132 1374 tenuisses,
2158 1310 2270 1376 jam

745 1406 872 1459 olim
922 1405 1078 1473 quasi
1124 1419 1152 1456 a
1205 1409 1443 1457 torrente
1474 1402 1750 1470 abreptus,
1783 1401 2110 1469 pedibusque
2145 1400 2273 1455 sub-

746 1510 953 1558 versus,
990 1494 1043 1547 in
1075 1502 1385 1561 .extremam
1434 1492 1724 1560 perniciem
1776 1490 2025 1558 delapsus
2072 1504 2267 1543 essem.

746 1583 898 1637 Nunc
929 1597 1055 1637 vero
1090 1593 1144 1636 tu
1177 1583 1287 1651 ipse
1316 1582 1525 1635 tenuisti
1553 1597 1762 1634 manum
1792 1580 2057 1633 dexteram
2081 1595 2268 1643 meam,

743 1681 792 1725 et
822 1673 875 1724 in
902 1672 1161 1726 voluntate
1190 1681 1281 1724 tua
1312 1670 1577 1723 deduxisti
1608 1686 1686 1723 me
1725 1684 1743 1722 :
1789 1683 1851 1722 ac
1896 1670 2113 1723 demum
2150 1674 2273 1739 post

743 1772 1063 1819 memoratas
1116 1764 1434 1817 tentationes
1499 1768 1553 1815 et
1621 1766 1964 1829 tempestates
2037 1759 2271 1813 animam

744 1856 1114 1924 perturbantes
1152 1868 1345 1916 meam,
1391 1851 1507 1906 sine
1534 1848 1774 1918 periculo
1802 1862 1895 1917 per
1927 1847 2047 1901 vita:
2077 1844 2271 1900 ﬂuctus

2358 688 2616 771 .ledscliat
2637 690 2733 758 τῆς
2752 687 2899 757 παρά
2924 690 3005 740 eo).
3030 687 3282 749 στάσεως.
3314 688 3403 739 Διό
3437 703 3591 758 φημι·
3635 687 3880 755 Ἕκράτη

2374 790 2487 841 σας
2517 776 2625 842 τῆς
2646 776 2831 845 χειρὸς
2879 775 2985 844 τῆς
3018 773 3213 840 δεξιᾶς
3245 792 3380 843 μου.
3415 772 3568 846 Εἶχον
3597 776 3703 847 γάρ
3741 777 3906 847 καλὴν

2372 861 2565 930 δεξιὰν,
2598 867 2904 937 ἐρρωμένην
2932 867 3021 920 καὶ
3049 866 3311 935 πατρικήν
3339 864 3436 934 (I),
3469 865 3536 919 τά
3571 864 3716 928 δεξιὰ
3735 865 3905 918 πάντα

2374 958 2465 1009 καὶ
2479 958 2544 1011 τά
2564 973 2645 1009 σοι
2665 956 2864 1027 ἀρεστά
2894 958 3249 1029 πράττουσαν·
3277 957 3343 1008 δι’
3365 956 3393 1007 δ
3416 955 3797 1025 ἐπιλαϐόμενος
3811 954 3905 1008 αύ-

2373 1051 2487 1119 τῆς,
2515 1048 2589 1116 τῇ
2602 1048 2803 1116 ,βουλῇ
2825 1064 2938 1102 σου
2975 1046 3286 1115 ὠδήτησάς
3315 1062 3408 1115 με·
3444 1046 3477 1115 ἢ
3503 1046 3642 1100 κατά
3662 1046 3752 1098 τὸν
3768 1044 3909 1115 Σύμ-

2374 1158 2564 1212 μαχον,
2592 1139 2666 1208 τῇ
2684 1140 3013 1207 συμϐουλίᾳ
3049 1154 3162 1191 σου
3197 1136 3509 1206 ὡδήγησάς
3531 1153 3607 1205 με
3626 1176 3642 1201 ,
3668 1136 3759 1189 τὸν
3785 1135 3909 1207 θνη-
4015 1213 4021 1219 .

2371 1229 2460 1282 τὸν
2482 1226 2881 1297 διαπορθμεύων
2903 1224 3034 1293 βίον,
3069 1226 3159 1278 καὶ
3184 1226 3261 1287 είς
3282 1223 3449 1287 εὔδιον
3476 1225 3568 1277 καὶ
3594 1224 3801 1293 ἀσφαλῆ
3828 1223 3908 1276 λι-

2375 1320 2506 1389 μένα
2531 1320 2628 1389 τῆς
2661 1318 2807 1389 παρὰ
2836 1310 2917 1370 σοὶ
2950 1316 3297 1379 ἀναπαύσεως
3320 1315 3664 1387 χειραγωγῶν
3691 1331 3778 1383 με’
3812 1316 3908 1379 ὡς,

2372 1411 2503 1478 εἴγε
2528 1409 2599 1479 μὴ
2627 1409 2724 1477 τῆς
2750 1407 2926 1471 δεξιᾶς
2948 1409 3042 1477 τῆς
3067 1408 3202 1477 ἐμῆς
3228 1407 3600 1477 κεκρατήκεις,
3624 1404 3787 1458 πάλαι
3820 1404 3909 1467 ἂι..

2372 1499 2557 1569 ῶσπερ
2610 1499 2712 1551 ὑπὸ
2763 1498 3057 1569 χειμάρρου
3112 1497 3505 1566 κατασύροντος
3558 1496 3911 1568 περιτραπεὶς

2370 1588 2493 1649 τοὺς
2514 1588 2613 1657 τῆς
2634 1588 2804 1657 ψυχῆς
2825 1588 3009 1649 πόδας,
3027 1584 3275 1656 πτώματι
3298 1588 3648 1655 περιέπιπτον
3670 1586 3902 1658 ἐξαισίῳ.

2370 1677 2482 1729 Νῦν
2502 1677 2557 1730 δὲ
2587 1676 2649 1729 σὺ
2675 1676 2834 1739 αὐτὸς
2856 1674 3185 1743 ἐκράτησας
3217 1675 3325 1743 τῆς
3350 1675 3543 1745 χειρὸς
3570 1675 3678 1744 τῆς
3711 1674 3912 1743 δεξιᾶς

2365 1782 2501 1834 μου,
2528 1766 2624 1819 καὶ
2650 1766 2718 1818 ἐν
2739 1763 2811 1831 τῇ
2826 1762 3025 1831 βουλῇ
3051 1778 3166 1818 σσυ
3185 1762 3496 1836 ὡδήγησάς
3508 1780 3603 1832 με.
3630 1764 3738 1838 κεί
3761 1764 3913 1829 τίλος

2374 1853 2508 1923 μετά
2533 1855 2654 1917 τοὺς
2676 1854 3002 1923 δηλωθέντας
3025 1855 3354 1925 πειρασμοὺς
3378 1855 3613 1917 καὶτοὺς
3642 1855 3912 1927 χειμῶνας

744 1919 1029 1999 deductum
1061 1959 1175 1995 cum
1195 1944 1366 2013 gloria
1397 1938 1668 2006 suscepisti
1700 1954 1799 2001 me,
1829 1937 1962 1991 nihil
1996 1936 2051 1989 in
2076 1942 2156 1989 tot
2184 1949 2264 1989 ca-

2374 1919 2493 2006 τοὺς
2516 1919 3010 2015 ἀναθορύὸήσαντάς
3043 1919 3144 2015 μου
3179 1919 3275 2014 τήν
3305 1943 3510 2015 ψυχὴν,
3538 1919 3805 2014 διαγαγῶν
3840 1962 3908 2017 με

744 2039 892 2094 sibus
952 2038 1076 2093 mali
1134 2048 1467 2106 perpessum.
1524 2031 1830 2086 Secundum
1893 2026 2270 2098 Symmachum

740 2136 941 2195 autem,
976 2127 1262 2191 Postremo,
1296 2125 1389 2188 ait,
1410 2122 1571 2175 honor
1588 2136 1665 2173 me
1691 2120 1902 2187 etcepit.

810 2410 974 2465 Vsus.
1003 2405 1195 2463 95—28.
1239 2405 1376 2471 Quia
1394 2405 1527 2457 enim
1560 2401 1686 2454 mihi
1717 2410 1791 2456 est
1821 2401 1873 2453 in
1906 2400 2055 2464 caelo,
2082 2408 2132 2452 et
2160 2416 2192 2452 a
2224 2407 2273 2452 te

743 2501 863 2575 quid
887 2500 1024 2555 uolui
1060 2511 1211 2565 super
1238 2496 1469 2548 terram?
1497 2490 1669 2551 Tuus.
1712 2490 1905 2561 inquit,
1950 2506 2075 2561 erga
2104 2490 2272 2545 homi-

745 2610 842 2650 nes
863 2606 1035 2655 amor,
1058 2584 1426 2643 misericordia
1458 2585 1581 2638 item
1610 2590 1663 2635 et
1698 2582 1863 2651 gratia
1894 2589 2005 2646 tua,
2030 2583 2270 2636 omnium

743 2683 873 2740 mihi
924 2683 1185 2737 bonorum
1232 2690 1396 2731 causa
1441 2674 1559 2728 fuit.
1622 2670 1734 2725 Tua
1786 2672 1986 2742 quippe
2037 2672 2271 2725 bonitate

739 2791 892 2838 usus,
929 2770 1135 2825 tenuisti
1176 2783 1384 2821 manum
1435 2764 1703 2819 dexteram
1738 2779 1925 2827 meam,
1957 2768 2009 2817 et
2041 2762 2268 2816 servasti

740 2882 844 2928 uie,
868 2865 937 2917 ita
966 2870 1026 2915 ut
1056 2875 1153 2914 nec
1189 2859 1351 2929 pedes
1371 2856 1487 2910 mei
1516 2860 1877 2916 moverentur,
1918 2867 2018 2907 nec
2051 2863 2270 2921 gressus

740 2957 843 3011 mei
868 2954 1290 3011 ell‘underentur.
1318 2948 1420 3002 Sed
1444 2947 1603 3001 etiam
1635 2962 1751 2998 cum
1794 2945 1965 3015 gloria
2000 2945 2271 3012 suscepisti

739 3061 853 3098 me:
888 3043 1140 3112 quoniam
1174 3038 1276 3092 hoc
1298 3036 1393 3091 tibi
1424 3042 1605 3104 utpote
1624 3034 1765 3088 bono
1796 3033 1905 3088 Deo
1933 3034 2108 3100 inest;
2139 3032 2269 3086 mihi

736 3138 875 3191 enim
899 3133 1028 3186 nihil
1054 3131 1108 3185 in
1138 3129 1276 3183 etelo
1301 3134 1417 3193 est;
1454 3137 1627 3194 neque
1655 3133 1714 3178 ut
1752 3125 1931 3179 debita
1980 3126 2112 3179 mihi
2156 3124 2269 3179 hac

2372 2032 2660 2096 ἀκινδύνως
2697 2033 2766 2085 τὰ
2798 2034 2890 2086 τοῦ
2930 2033 3043 2103 βίου
3066 2033 3333 2105 ῥεύματα,
3349 2035 3498 2103 μετὰ
3524 2034 3704 2103 δόξης
3733 2049 3912 2103 προσ-

2370 2122 2585 2176 ελὰὂου
2599 2140 2694 2191 με,
2717 2122 2876 2193 μηδὲν
2898 2123 3197 2176 πεπονθότα
3213 2124 3316 2175 ὑπὸ
3326 2123 3433 2176 τῶν
3453 2124 3734 2178 τοσούτων.
3751 2124 3913 2178 Κατά

2368 2212 2426 2268 δέ
2457 2212 2547 2267 τὸν
2583 2213 2889 2285 Σύμμαχον,
2924 2215 3231 2282 ⁸Υστερον,
3270 2215 3420 2284 φησὶ,
3448 2212 3585 2283 τιμὴ
3612 2213 3912 2279 διεδέξατό

2364 2317 2459 2370 με.

2442 2414 2504 2468 Τί
2531 2412 2641 2483 γάρ
2683 2430 2783 2483 μοι
2825 2398 3072 2485 ὑπάρχει
3098 2414 3167 2467 ἐν
3208 2411 3286 2478 τῷ
3324 2412 3572 2481 οὐρανῷ,
3620 2413 3719 2467 καί
3753 2390 3913 2483 παρά

2368 2502 2482 2558 σοῦ
2517 2504 2575 2557 τι
2604 2503 2870 2571 ἠθέλησα
2890 2502 2987 2557 ἐπὶ
3009 2501 3117 2571 τῆς
3146 2501 3293 2572 γῆς;
3333 2503 3395 2556 Ἦ
3422 2502 3487 2573 σὴ
3515 2502 3911 2574 φιλανθρωπία..

2370 2594 2521 2665 φησὶ,
2554 2594 2646 2647 καὶ
2677 2592 2736 2646 τὸ
2769 2593 2859 2669 σὸν
2887 2592 3032 2656 ἔλεος
3071 2594 3163 2646 καὶ
3194 2594 3225 2663 ή
3256 2592 3412 2663 χάρις
3442 2594 3655 2647 πάντων
3691 2608 3779 2663 μοι
3802 2593 3910 2648 τῶν

2367 2684 2584 2751 ἀγαθῶν
2622 2685 2840 2753 γέγονεν
2869 2683 3033 2737 αἰτία.
3068 2684 3144 2753 Τῇ
3187 2684 3292 2755 γὰρ
3340 2682 3533 2737 σαυτοῦ
3572 2674 3910 2755 χρησάμενος

2368 2775 2704 2847 ἀγαθωσύνῃ,
2729 2773 3060 2843 ἐκράτησας
3080 2773 3186 2842 τῆς
3206 2775 3397 2845 χειρὸς
3416 2773 3524 2843 τῆς
3547 2772 3908 2843 δεξιᾶς-μου,

2368 2864 2461 2916 καὶ
2501 2863 2756 2927 διέσωσάς
2801 2880 2866 2932 με
2886 2902 2901 2927 ,
2943 2863 3081 2917 ὥστε
3123 2864 3197 2935 μὴ
3225 2862 3538 2933 σαλευθῆναι
3566 2864 3691 2926 τοὺς
3722 2863 3906 2928 πόδας,

2371 2954 2503 3024 μηδέ
2531 2953 2841 3024 διαχυθῆναι
2870 2970 2969 3023 μου
2991 2955 3059 3007 τά
3086 2955 3409 3025 διαδήματα.
3458 2953 3617 3007 Ἀλλά
3639 2955 3733 3006 καὶ
3762 2953 3911 3022 μετὰ

2366 3041 2546 3109 δόξης
2568 3038 2939 3109 προσελάσου
2953 3057 3029 3109 με
3042 3056 3058 3069 '
3105 3043 3393 3112 ἐπειδήπερ
3414 3044 3495 3094 σο¹ι
3513 3042 3668 3095 τοῦτο
3683 3042 3757 3104 ὼς
3775 3044 3910 3110 ἀγα-

2368 3132 2444 3202 θῷ
2467 3131 2584 3203 Θεῷ
2613 3131 2868 3203 πάρεστιν
2886 3147 2898 3161 '
2925 3131 3044 3201 ἐμοὶ
3069 3131 3174 3202 γάρ
3200 3130 3349 3185 οὐδὲν
3373 3132 3603 3203 ὑπάρχει
3630 3134 3685 3187 ἐν
3710 3130 3787 3202 τῷ
3816 3132 3910 3185 ού-

739 3230 1120 3281 accesserunt:
1145 3222 1326 3276 nullus
1359 3234 1487 3276 sane
1521 3221 1652 3275 mihi
1684 3221 1736 3273 in
1767 3219 1905 3273 caelo
1937 3225 2041 3284 est,
2075 3218 2181 3272 nisi
2209 3224 2263 3271 tu

2374 3221 2513 3292 ρανῷ
2536 3261 2551 3285 ,
2598 3221 2716 3274 οὐδὲ
2760 3218 2897 3273 κατά
2944 3219 3158 3289 όφειλήν
3188 3237 3274 3290 μοι
3314 3219 3482 3298 ταῦτα
3510 3220 3760 3288 γέγονεν·
3794 3218 3909 3273 ἀλλ’

736 3318 904 3372 solus.
956 3313 1131 3380 Quare
1176 3311 1312 3365 nihil
1362 3311 1416 3366 in
1452 3320 1595 3366 terra
1626 3311 1769 3366 volui
1801 3311 1897 3363 abs
1921 3320 1973 3363 te
1999 3310 2264 3371 obtinere,

733 3420 906 3475 neque
935 3402 1112 3473 optavi
1138 3400 1391 3454 mortales
1420 3398 1696 3469 ﬂuusque
1726 3415 1813 3454 res
1838 3397 2114 3466 consequi.
2141 3394 2268 3452 Jure
2292 3444 2293 3447 η

736 3504 913 3549 autem
947 3492 1077 3548 nihil
1111 3506 1139 3544 a
1163 3499 1214 3545 te
1237 3490 1379 3544 volui
1418 3491 1472 3543 in
1496 3497 1661 3554 terra,
1692 3489 1817 3558 quia
1839 3488 2086 3542 caelestes
2114 3501 2267 3540 man-

735 3588 911 3641 siones
941 3590 1297 3655 peroptarem,
1313 3588 1366 3633 et
1385 3579 1526 3633 bona
1548 3579 1636 3633 illa
1659 3578 1914 3647 consequi
1933 3584 2253 3646 expeterent.

734 3670 1248 3739 ldeotabescebam,
1280 3668 1553 3735 vitamque
1594 3667 1954 3730 macerabam,
1991 3681 2085 3720 cor
2131 3665 2273 3718 allii~

732 3769 944 3839 gebam',
973 3764 1099 3835 quia
1138 3772 1191 3818 te
1221 3764 1384 3818 Deum
1414 3765 1469 3816 in
1497 3762 1609 3833 spei
1655 3777 1786 3837 mea:
1829 3752 2125 3831 portionem
2162 3776 2262 3831 po—

734 3872 965 3913 sueram.
1006 3853 1383 3920 Quamobrem,
1406 3854 1526 3907 dico
1553 3872 1564 3905 :
1596 3852 1787 3921 Defecit
1819 3869 1938 3906 caro
1970 3868 2078 3905 mea
2104 3861 2152 3905 et
2175 3867 2263 3905 cor

734 3962 939 4010 meum;
975 3945 1110 3999 Deus
1159 3945 1328 3998 cordis
1362 3944 1460 3996 mei
1488 3953 1537 3997 et
1568 3958 1688 4010 pars
1722 3958 1834 3995 mea
1864 3941 2001 3995 Deus
2030 3943 2083 3995 in
2113 3951 2262 3995 aeter-

731 4056 875 4095 num.
907 4038 1042 4104 Quia
1071 4053 1182 4091 ecce
1210 4039 1297 4107 qui
1324 4038 1673 4105 elongantsea
1698 4045 1764 4095 te,
1793 4033 2061 4101 peribunt:
2092 4032 2263 4100 perdi-

732 4131 857 4185 disti
887 4146 1060 4184 omnes
1078 4131 1165 4200 qui
1192 4130 1518 4198 fornicamur
1539 4126 1628 4178 abs
1652 4136 1717 4179 te.
1736 4124 1867 4177 Mihi
1888 4137 2059 4178 autent
2086 4125 2264 4178 adlue-

734 4234 844 4271 rere
874 4216 977 4270 Deo
1012 4216 1200 4271 bonum
1226 4223 1323 4280 est,
1353 4230 1537 4283 ponere
1571 4215 1625 4265 in
1656 4212 1878 4266 Domino
1898 4229 2034 4280 spem
2058 4229 2259 4277 meam;

732 4320 789 4364 ut
823 4295 1125 4363 annuntiem
1159 4323 1333 4360 omnes
1358 4303 1537 4357 laudes
1571 4313 1686 4355 tuas
1713 4304 1765 4355 in
1782 4306 1943 4371 portis
1972 4304 2097 4372 ﬁlia:
2112 4304 2259 4358 Sion.

726 4402 993 4471 "Superius
1029 4399 1242 4468 quidem
1280 4396 1522 4450 dicebam
1552 4415 1563 4448 ε
1601 4393 1667 4446 Ει
1701 4412 1792 4463 ego
1836 4411 2031 4463 semper
2059 4405 2261 4459 tecum;

2368 3311 2487 3364 οὐδὲ
2511 3311 2622 3363 ἔστι
2653 3311 2741 3380 μοί
2767 3327 2848 3373 τις
2870 3308 3023 3372 ἀλλος
3052 3313 3107 3363 ἐν
3130 3309 3206 3379 τῷ
3230 3309 3436 3381 ούρανῷ
3462 3309 3495 3380 ἢ
3527 3310 3590 3363 σὺ
3622 3308 3798 3380 μόνος.
3830 3312 3909 3363 Δι’

2367 3403 2395 3456 ὃ
2421 3403 2569 3456 οὐδὲν
2607 3403 2698 3456 ἐπὶ
2726 3403 2822 3474 τῆς
2849 3403 2962 3471 Δγῆς
3004 3403 3235 3473 ἠθέλησα
3269 3401 3414 3472 παρά
3460 3402 3552 3454 σοῦ
3587 3383 3908 3473 κτήσασθαι,

2366 3492 2483 3546 οὐδὲ
2509 3492 2756 3564 ηὐξάμην
2782 3496 2963 3562 τυχεῖν
2992 3491 3197 3561 θνητῶν
3229 3492 3319 3545 καὶ
3349 3493 3619 3562 ἐπικήριον
3648 3492 3903 3564 πραγμά-

2363 3602 2490 3638 των.
2512 3584 2744 3647 Εἰκότως
2763 3584 2817 3638 δὲ
2840 3584 2988 3637 οὐδὲν
3011 3584 3157 3655 παρὰ
3179 3584 3269 3637 σοῦ
3292 3582 3525 3653 ἠθέλησα
3545 3582 3636 3635 ἐπὶ
3656 3584 3752 3653 τῆς
3774 3585 3874 3655 γῆς
3889 3601 3903 3615 ⁸

2362 3675 2459 3740 τὰς
2480 3676 2586 3746 γὰρ
2607 3678 2663 3727 ἐν
2689 3673 2895 3743 οὐρανῷ
2920 3673 3139 3727 ἐπόθουν
3159 3672 3455 3744 διατριϐὰς,
3479 3672 3572 3726 καὶ
3593 3673 3701 3726 τῶν
3724 3674 3910 3728 αὐτόθι

2364 3764 2578 3835 ἀγαθῶν
2610 3766 2786 3833 τυχεῖν
2818 3764 3079 3833 ηὐχόμην.
3133 3765 3207 3815 Δι’
3240 3763 3267 3814 δ
3297 3763 3590 3833 κατέτηκον
3616 3763 3706 3816 τὸν
3737 3766 3906 3833 ἐμαυ-

2364 3840 2454 3908 τού
2488 3854 2628 3923 βίον,
2665 3853 2758 3905 καὶ
2784 3852 2879 3921 τὴν
2912 3852 3001 3903 ἐπὶ
3032 3852 3134 3919 γῆς
3166 3850 3303 3919 ζωὴν
3333 3843 3655 3920 κατέτρυχον
3674 3890 3688 3915 ,
3718 3853 3818 3919 τήν
3847 3866 3907 3904 τε

2364 3945 2584 4015 καρδίαν
2612 3960 2709 4023 μου
2734 3941 3077 4005 κατεπόνουν,
3110 3941 3181 4023 σὲ,
3193 3941 3348 4010 μόνον
3366 3939 3457 3992 τὸν
3476 3938 3604 3992 Θεὸν
3622 3942 3719 4011 τῇς
3739 3942 3908 4009 ἐμαυ-

2361 4034 2452 4087 τσῦ
2486 4022 2693 4095 ἐλπίδος
2725 4031 2914 4101 μερίδα
2939 4022 3230 4100 τιθέμενος.
3284 4027 3441 4082 Ὅθεν
3470 4027 3638 4098 φημί·
3685 4027 3905 4091 Ἐξέλι-

2363 4138 2475 4176 πεν
2517 4125 2555 4189 ἡ
2601 4121 2753 4190 σάρξ
2793 4139 2910 4189 μου
2948 4120 3043 4173 καί
3077 4120 3114 4187 ὴ
3150 4118 3359 4187 καρδία
3383 4135 3530 4187 μου·
3565 4121 3598 4171 ό
3633 4117 3774 4195 ρεὸς
3798 4116 3907 4185 τῆς

2349 4211 2603 4281 ’καρδίας
2629 4229 2766 4280 μου,
2791 4212 2886 4264 καί
2920 4213 2958 4278 ἡ
2992 4211 3157 4280 μερίς
3170 4211 3334 4279 μουό
3364 4207 3504 4274 Θεὸς
3528 4210 3614 4274 είς
3640 4207 3745 4263 τόν
3773 4206 3907 4261 αίεῦ-

2360 4317 2453 4355 να.
2510 4302 2635 4353 Ὀτι
2672 4299 2796 4352 meo
2851 4303 2903 4353 οι
2929 4301 3329 4368 μακρύνοντες
3361 4297 3609 4364 ἑαυτοὺς
3632 4297 3750 4351 ἀπὸ
3790 4296 3906 4351 σοῦ

2362 4390 2722 4445 ἀπολοῦνται
2738 4408 2750 4421 ·
2766 4390 3207 4456 ἐξωλόθρευσας
3225 4388 3417 4443 πάντα
3430 4389 3534 4441 τὸν
3548 4388 3906 4456 πορνεύοντα

727 4495 841 4547 sive
862 4491 1154 4546 secundum
1180 4487 1577 4559 Symmachum,
1604 4486 1670 4539 Et
1691 4504 1782 4556 ego
1806 4504 1910 4539 una
1936 4497 2100 4539 tecum
2116 4503 2259 4540 eram

2374 4483 2478 4534 ἀπὸ
2508 4480 2642 4535 σοῦ.
2673 4481 2826 4549 Ἐμοὶ
2852 4480 2919 4533 δὲ
2937 4480 3002 4533 τὸ
3024 4478 3509 4548 προσκολλᾶσθαι
3534 4477 3614 4544 τῷ
3639 4480 3759 4544 Gem
3774 4477 3907 4547 αγα-

728 4592 971 4651 semper,“
994 4584 1242 4636 nimirum
1272 4582 1393 4643 lide,
1426 4580 1701 4634 voluntate
1734 4590 1787 4633 et
1824 4578 2110 4633 dilectione
2135 4594 2261 4648 erga

2374 4576 2471 4629 9dr
2496 4574 2644 4637 ἐστι,
2677 4574 2932 4627 τίθεσθαι
2956 4572 3024 4625 ἐν
3051 4571 3129 4638 τῷ
3150 4574 3342 4641 Κυρίῳ
3373 4572 3486 4640 τὴν
3536 4570 3749 4624 ἐλπίδα
3765 4586 3903 4639 μου,

729 4685 780 4726 te
798 4688 915 4727 mea
942 4692 954 4726 :
983 4687 1126 4725 nunc
1167 4679 1342 4725 autem
1386 4685 1619 4731 causam,
1644 4677 1826 4739 aperte
1855 4669 2069 4739 profero
2100 4684 2267 4739 quare

729 4780 835 4817 una
874 4772 1050 4817 tccum
1098 4775 1307 4830 semper
1335 4762 1546 4824 luerim,
1579 4768 1735 4829 teque
1765 4760 2064 4830 portionem
2089 4773 2263 4813 meam

730 4854 1031 4923 posuerim.
1055 4850 1297 4906 Sciebam
1330 4850 1493 4915 enim,
1522 4865 1583 4903 ac
1608 4852 1761 4919 plane
1794 4865 2110 4920 persuasum
2131 4844 2265 4902 mibi

704 4942 862 5007 crat,
895 4942 1146 5013 quoniam
1181 4940 1282 5004 Qui
1304 4938 1545 5009 elongant
1572 4955 1626 4991 se
1644 4956 1677 4989 α
1708 4948 1774 5003 te,
1800 4940 2035 5006 peribunt
2059 4954 2078 4992 :
2099 4951 2266 5008 quare

729 5048 837 5087 non
882 5048 965 5086 me
998 5032 1094 5086 abs
1121 5038 1173 5083 te
1202 5023 1400 5092 amovi,
1432 5028 1644 5083 etiamsi
1694 5028 2006 5081 oeconomiae
2036 5034 2140 5080 tua
2174 5040 2265 5080 ra-

730 5124 929 5181 tionem
960 5124 1286 5191 ignorarem,
1337 5118 1431 5173 sed
1478 5133 1586 5172 una
1624 5124 1977 5171 tecum'eram
2027 5130 2259 5187 semper.

728 5196 864 5268 Sese
896 5227 1056 5281 porro
1108 5227 1136 5265 a
1184 5210 1292 5264 Deo
1333 5218 1581 5264 amovent
1634 5215 1899 5279 quotquot
1931 5210 2167 5275 peccatis
2210 5217 2265 5264 et

650 5331 659 5341 ~
731 5305 904 5358 atheis
933 5303 1217 5370 impiisque
1252 5298 1664 5370 cogitationibus
1687 5314 1745 5354 se
1772 5297 1879 5353 Deo
1899 5297 2102 5355 alienos
2129 5314 2264 5354 con-

732 5396 960 5449 stituunt
1011 5410 1023 5444 :
1077 5392 1166 5457 qui
1216 5397 1419 5459 quanto
1466 5388 1680 5456 longius
1732 5388 1799 5441 ab
1847 5402 1912 5442 eo
1958 5388 2260 5450 discedunt,

730 5494 876 5538 tanto
912 5481 1167 5555 perniciei
1202 5479 1553 5549 propinquius
1580 5477 1879 5540 accedunt;
1912 5486 1970 5531 ut
1992 5479 2107 5534 vice
2139 5493 2261 5534 ver-

727 5591 809 5638 sa,
844 5574 952 5627 Deo
978 5571 1276 5640 conjuncti,
1307 5584 1429 5623 cum
1454 5571 1559 5623 vita
1608 5568 1950 5638 copulantur,
1979 5576 2032 5623 et
2079 5584 2108 5623 a
2138 5583 2262 5639 per—

727 5666 867 5722 nicie
898 5681 957 5720 se
988 5671 1253 5718 amovcnt.
1279 5659 1427 5716 Finis
1449 5676 1608 5733 porro
1634 5674 1820 5717 eorum
1847 5662 1938 5733 qui
1969 5677 1999 5716 a
2019 5660 2126 5718 Deo
2148 5662 2261 5719 dis-

798 5818 871 5886 (I)
907 5815 1004 5870 Ms.
1042 5815 1340 5885 πρακτικήν

2364 4664 2468 4717 τοῦ
2511 4663 2842 4733 ἐξαγγεῖλαι
2889 4662 3087 4729 πάσας
3120 4663 3225 4729 τὰς
3251 4664 3508 4727 αἱνέσεις
3535 4676 3649 4725 σου
3676 4661 3745 4712 ἐν
3780 4660 3907 4725 ταῖς

2364 4755 2579 4821 πύλαις
2610 4754 2717 4821 τῆς
2739 4752 3021 4823 θυγατρὸς
3051 4754 3219 4808 Σιών.
3270 4754 3544 4822 ’Δνωτέρω
3578 4752 3674 4821 μὲν
3704 4751 3903 4820 ἔλεγον,

2363 4845 2469 4899 Καὶ
2496 4845 2607 4915 ἐγὼ
2638 4840 2957 4910 διαπαντὸς
2981 4844 3128 4914 μετὰ
3158 4846 3299 4899 σοῦ·
3332 4845 3365 4915 ἢ
3400 4844 3538 4897 κατά
3563 4844 3656 4896 τὸν
3686 4843 3907 4914 Σύμμα-

2363 4954 2474 5005 χον,
2507 4938 2614 4991 Kal
2648 4936 2927 5007 συν-ήμην
2946 4953 3043 4992 σοι
3069 4938 3417 5001 διαπαντός·
3445 4937 3509 5006 τῇ
3544 4936 3723 4989 πίστει
3747 4934 3906 5007 δηλα-

2362 5025 2425 5096 δὴ
2455 5029 2546 5081 καὶ
2578 5032 2642 5099 τῇ
2679 5028 2988 5098 προαιρέσει
3018 5030 3109 5081 καὶ
3133 5032 3199 5099 τῇ
3223 5028 3356 5099 πρὸς
3388 5026 3447 5079 σὲ
3475 5027 3659 5098 ἀγάπῃ
3677 5044 3689 5058 ·
3713 5027 3828 5082 νυνὶ
3849 5028 3905 5080 δὲ

2364 5119 2455 5171 καὶ
2476 5119 2571 5189 τὴν
2598 5119 2774 5173 αἰτίαν
2802 5118 3095 5190 καθίστημι
3116 5112 3454 5188 φανερὰν,νδι’
3475 5116 3541 5186 ἢν
3562 5119 3689 5188 συνή
3699 5135 3803 5194 μην
3824 5134 3905 5171 σοι

2363 5208 2649 5273 διαπαντὸς
2667 5248 2682 5272 ,
2713 5209 2805 5263 καὶ
2829 5208 2887 5261 σὲ
2923 5209 3110 5278 μερίδα
3139 5208 3389 5277 ἐτιθέμην
3414 5206 3667 5278 ἐμαυτοῦ.
3725 5208 3905 5280 ’ῌδειν

2364 5299 2488 5370 γὰρ,
2507 5301 2599 5353 καὶ
2628 5299 2867 5373 ἀκριϐῶς
2896 5299 3251 5370 ἐπεπείσμην,
3280 5299 3359 5351 ὅτι
3404 5303 3467 5351 Ol
3503 5298 3906 5368 μακρύνοντες

2361 5390 2609 5458 ἑαυτοὺς
2628 5390 2745 5446 ἀπὸ
2769 5389 2882 5445 σοῦ
2911 5391 3297 5444 ἀπολοῦνταιο
3327 5390 3391 5442 δι’
3418 5390 3446 5442 ὃ
3478 5392 3577 5443 οὐκ
3604 5389 3906 5459 ὲμάκρυνον

2364 5481 2613 5550 ἐμαυτὸν,
2648 5480 2847 5551 καίπερ
2876 5480 3079 5550 ἀγνοῶν
3106 5483 3227 5545 τοὺς
3253 5481 3439 5550 λόγους
3465 5484 3560 5551 τῆς
3592 5484 3688 5551 σῆς
3709 5479 3909 5547 διοική-

2367 5588 2500 5635 σεως
2524 5613 2539 5637 ,
2567 5572 2700 5627 ἀλλά
2738 5573 2981 5643 συνήμην
3010 5589 3089 5625 σοι
3119 5573 3417 5645 διαπαντός.
3477 5557 3824 5641 Μακρύνουσι
3852 5554 3911 5621 δέ

2364 5664 2587 5728 ἑαυτοὺς
2614 5666 2661 5717 οἱ
2685 5666 2803 5728 ταῖς
2834 5663 3009 5717 αὐτῶν
3038 5666 3323 5735 ἁμαρτίαις
3356 5665 3448 5718 καὶ
3476 5665 3583 5725 τοῖς
3608 5660 3785 5725 ἀθέοις
3814 5658 3908 5714 καὶ
