4294 6430
350 524 452 580 εις)

1445 524 1933 581 COMMENTARIA
1972 526 2038 584 IN
2076 529 2407 587 PSALMOS.

3397 531 3497 585 850

352 637 565 692 ἀσεῦέσι
610 637 880 705 λογισμοῖς
922 637 1225 706 ἀλλοτρίους
1266 638 1483 700 ἑαυτοὺς
1521 638 1877 703 καθιστῶντες
1905 648 1945 703 Α
1976 656 2048 695 εει

1804 657 1877 703 τες
1905 648 1945 703 Α
1976 642 2192 705 cedunt,
2227 654 2309 699 est
2353 645 2619 708 intentus,
2657 653 2836 714 utpote
2856 645 2947 714 qui
2976 659 3005 698 a
3060 643 3167 698 Deo
3212 659 3305 698 ceu
3340 643 3500 697 forni-

353 729 448 782 τοὶι
474 728 604 781 Θεοῦ
624 745 637 757 ·
670 729 859 790 οἵτινες
899 727 1005 806 ὅσῳ
1039 727 1361 799 πορρωτάτω
1390 728 1551 780 αὐτοῦ
1585 729 1877 796 γίγνονται,

354 819 585 887 τοσούτῳ
609 820 672 887 τῇ
702 817 940 887 ἀπωλείᾳ
970 817 1341 886 πλησιάζουσιν
1359 833 1372 846 ·
1394 815 1466 880 ὡς
1498 817 1744 887 ἔμπαλιν,
1764 836 1880 871 συν-

356 909 639 978 απτόμενοι
685 908 761 976 τῷ
803 908 938 977 Θεῷ,
971 910 1033 976 τῇ
1068 908 1159 975 μὲν
1183 908 1289 977 ζωῇ
1318 910 1684 970 συνάπτονται,
1706 909 1801 978 τῆς
1827 909 1882 961 δὲ

357 995 623 1057 ἀπωλείας
651 993 1025 1064 μακρόνονται.
1059 993 1216 1055 Τέλος
1235 994 1290 1045 δὲ
1315 994 1421 1046 τῶν
1443 996 1658 1057 ἑαυτοὺς
1686 1012 1881 1064 μακρυ-

355 1084 549 1139 νόντων
567 1084 779 1153 ὄλεθρος
802 1083 1073 1151 τυγχάνει,
1100 1084 1190 1135 ἅτε
1213 1082 1274 1153 δὴ
1297 1084 1760 1161 ὲκπορνευσάντῳν
1780 1086 1884 1137 ἀπὸ

358 1174 449 1234 τοῦ
481 1172 634 1227 Θεοῦ.
682 1172 743 1227 Ὀ
772 1174 867 1241 μὲν
891 1168 979 1223 οὖν
1012 1173 1139 1235 Θεὸς
1170 1172 1353 1225 οὐδένα
1388 1173 1645 1244 μακρύνει
1672 1174 1881 1236 ἑαυτοῦ,

1981 733 2083 785 cati
2112 734 2331 789 fuerint.
2361 739 2501 792 Deus
2531 750 2759 805 namque
2786 735 3050 789 neminem
3076 741 3304 796 amovet,
3331 748 3498 801 neque

1980 823 2079 877 abs
2106 838 2164 878 se
2193 826 2437 894 repellit;
2487 826 2582 881 sed
2631 825 2857 894 quisque
2902 838 3020 879 sese
3068 821 3298 877 alienum
3332 836 3360 875 a
3396 821 3500 874 Deo

1983 906 2131 974 facit,
2160 908 2286 963 dum
2310 926 2407 964 ceu
2438 910 2753 975 fornicatur,
2784 901 3123 978 animamque
3168 924 3319 963 suam
3349 908 3499 962 dedi-

1984 996 2155 1050 titiam
2188 998 2421 1055 inimicis
2448 1001 2537 1055 Dei
2566 1001 2745 1054 tradit.
2766 1000 2867 1065 Qui
2894 1015 3019 1054 vero
3052 1000 3265 1067 proprie
3294 1000 3499 1054 delectu

1985 1102 2103 1140 sese
2137 1097 2405 1152 amovent,
2439 1091 2657 1143 exitium
2691 1090 2792 1144 sibi
2829 1090 3120 1143 attrahunt.
3153 1088 3223 1143 lis
3256 1103 3381 1143 vero
3407 1090 3501 1157 qui

1985 1189 2103 1229 sese
2136 1176 2385 1243 perniciei
2409 1178 2747 1244 dediderunt,
2779 1177 2917 1232 Deus
2948 1178 3088 1248 quod
3139 1184 3383 1248 superest
3413 1177 3507 1230 ad-

359 1265 473 1317 οὐδὲ
499 1262 815 1317 ἀπωθεῖται·
840 1262 952 1313 ἀλλ’
977 1262 1198 1325 ἕκαστος
1224 1250 1410 1315 ἑαυτὸν
1438 1263 1775 1333 ἀπαλλοτριοῖ
1794 1263 1886 1315 τοῦ
1980 1262 2053 1331 jic

1809 1263 1886 1315 τοῦ
1980 1262 2118 1331 jicit.
2156 1263 2289 1329 Quid
2332 1265 2461 1318 illud
2511 1268 2629 1321 est?
2655 1264 2957 1330 Perdidisti,
2997 1266 3185 1334 inquit,
3219 1282 3389 1319 omnes
3418 1266 3505 1334 qui

359 1354 510 1419 Θεοῦ,
537 1352 870 1422 ὲκπορνεύων
914 1354 1004 1404 καὶ
1026 1352 1121 1421 τὴν
1148 1352 1335 1404 ἑαυτοῦ
1360 1352 1759 1421 ψυχὴνέκδοτον
1788 1371 1889 1405 πα-

365 1444 599 1514 ραδιδοὺς
624 1445 732 1504 τοῖς
761 1442 852 1513 τοῦ
878 1442 1007 1494 Θεοῦ
1036 1442 1307 1504 ἐναντίοις.
1360 1444 1420 1493 Οἱ
1450 1443 1504 1493 δὲ
1536 1442 1890 1511 μακρύνοντες

362 1532 580 1593 ἑαυτοὺς
601 1531 659 1592 ἐξ
676 1530 875 1592 οίκείας
901 1531 1259 1600 προαιρέσεως
1279 1529 1607 1581 ἐπισπῶνται
1629 1529 1745 1580 καθ’
1770 1530 1889 1581 ἑαυ-

363 1621 465 1673 τῶν
485 1620 581 1690 τὴν
603 1618 885 1673 ἀπώλειαν.
918 1619 1143 1680 Τούτους
1168 1618 1221 1669 δὲ
1248 1620 1312 1686 τῇ
1334 1616 1570 1686 ἀπωλείᾳ
1589 1616 1887 1668 οἰκειωθέν-

360 1726 458 1772 τας
486 1710 514 1761 ὁ
541 1709 669 1771 Θεὸς
697 1709 854 1770 αὐτὸς
878 1708 936 1760 τὸ
961 1708 1086 1777 ἑξῆς
1116 1706 1396 1775 διατίθησι.
1429 1706 1491 1756 Τί
1518 1705 1572 1758 δὲ
1605 1702 1670 1775 ἦν
1701 1704 1887 1769 τοῦτο;

376 1797 862 1864 Ἐξωλόθρευσας,
890 1798 1017 1866 φησι
1032 1836 1046 1859 ,
1070 1795 1257 1848 πάντα
1276 1796 1377 1847 τὸν
1397 1796 1754 1862 πορνεύονται
1776 1797 1889 1849 ἀπὸ

363 1888 497 1941 σοῦ.
540 1888 791 1958 Πορνεύει
820 1889 876 1941 δὲ
901 1887 1005 1939 ἀπὸ
1031 1885 1122 1938 τοῦ
1150 1885 1278 1936 Θεοῦ
1300 1888 1327 1937 ὁ
1359 1885 1491 1953 μετά
1517 1885 1576 1936 τὸ
1606 1884 1891 1953 πλησιάσαι

1986 1353 2313 1419 fornicamur
2336 1354 2426 1409 abs
2460 1365 2524 1409 te.
2552 1354 2866 1410 Fornicatur
2895 1370 2923 1409 a
2956 1355 3082 1419 Deo,
3114 1359 3202 1425 qui
3225 1366 3505 1425 postquam

1986 1444 2051 1497 ad
2081 1460 2199 1499 eum
2234 1447 2455 1515 propius
2480 1456 2803 1510 accesserat,
2826 1449 2893 1502 ab
2914 1449 3031 1517 ipso
3059 1450 3242 1517 procul
3285 1449 3505 1503 recedit.

1964 1530 2101 1603 _lpse
2135 1548 2362 1601 namque
2385 1535 2667 1588 humanam
2688 1538 2919 1591 animam
2939 1537 3281 1605 desponsare,
3311 1544 3363 1589 et
3386 1552 3509 1606 pro-

1989 1618 2098 1685 pria
2133 1621 2336 1673 semina
2376 1622 2429 1674 in
2484 1624 2623 1675 illam
2666 1624 2846 1690 jacere
2895 1641 2998 1677 non
3036 1625 3384 1694 dedignatur;
3421 1627 3509 1679 illa

1988 1723 2112 1761 vero
2138 1710 2392 1765 recedens
2419 1711 2485 1764 ab
2525 1728 2607 1776 eo,
2643 1728 2867 1782 seseque
2916 1715 3033 1769 aliis
3084 1716 3371 1770 admovens
3419 1717 3510 1784 qui

1992 1797 2243 1851 fornicari
2282 1815 2403 1852 cum
2445 1816 2505 1853 ea
2538 1802 2778 1869 cupiunt,
2815 1803 3061 1871 malignis
3084 1804 3287 1858 scilicet
3312 1804 3513 1872 spiriti-

1993 1886 2108 1947 bus,
2135 1894 2187 1940 et
2212 1888 2432 1955 impuris
2462 1890 2817 1949 daemonibus,
2854 1898 2945 1941 aut
2976 1890 3151 1957 impiis
3180 1891 3516 1960 cogitationi-

364 1978 509 2047 αὐτῷ
536 1977 808 2048 μακρύνας
834 1976 1037 2030 ἑαυτόν.
1089 1973 1254 2035 Αὐτὸς
1281 1975 1375 2043 μὲν
1403 1976 1509 2045 γὰρ
1539 1976 1631 2028 καὶ
1656 1976 1890 2045 νυμφεύ-
1922 1978 1962 2032 Β
1992 1977 2059 2030 bu

1820 1976 1890 2027 εύ-
1922 1978 1962 2032 Β
1992 1977 2110 2036 bus,
2158 1976 2270 2030 sive
2300 1977 2453 2031 foedis
2496 1978 2825 2045 impurisque
2858 1977 3204 2039 facinoribus,
3245 1979 3365 2045 jure
3402 1993 3516 2046 pcr-

364 2068 513 2122 εσθαι
530 2072 628 2121 οὐκ
645 2066 858 2129 ἀπαξιοῖ
870 2067 965 2136 τὴν
980 2065 1311 2135 ἀνθρωπίνην
1330 2064 1521 2134 ψυχὴν,
1540 2068 1629 2118 καὶ¹
1645 2066 1711 2117 τά
1725 2068 1892 2118 οίκεῖα

367 2155 646 2225 σπέρματα
674 2158 729 2206 ὲν
756 2155 886 2223 αὐτῇ
918 2152 1333 2205 καταϐάλλεσθαι
1351 2170 1363 2183 ·
1413 2155 1445 2222 ἡ
1471 2153 1524 2205 δὲ
1554 2152 1893 2225 μακρύνουσα

364 2243 556 2313 ἑαυτὴν
576 2243 665 2295 καὶ
689 2242 886 2312 ἑτέροις
912 2240 1214 2311 παρέχουσα
1240 2244 1349 2302 τοῖς
1372 2243 1785 2313 καταπορνεύειν
1808 2242 1894 2292 αὐ-

363 2334 459 2403 τὴν
491 2331 723 2384 ἐθέλουσι
742 2370 757 2395 ,
806 2330 1069 2400 πνεύμασι
1100 2334 1346 2400 πονηροῖς
1378 2332 1465 2383 καὶ
1493 2331 1734 2400 δαίμοσιν
1764 2332 1894 2383 ἀκα-

366 2421 597 2492 θάρτοις,
626 2421 657 2489 ἢ
690 2420 959 2490 λογισμοῖς
990 2420 1163 2481 ἀθέοις
1192 2423 1283 2473 καὶ
1310 2420 1577 2483 ἀσεὸέσιν,
1608 2421 1641 2489 ἢ
1672 2420 1893 2491 πράξεσι

370 2513 585 2581 μιαραῖς
605 2512 696 2563 καὶ
718 2510 1057 2578 ἀκαθάρτοις,
1074 2506 1289 2571 εἰκότως
1308 2508 1507 2579 ὀλέθρῳ
1528 2510 1891 2579 παραδίδοται.

365 2597 453 2652 Διδ
474 2597 713 2651 λέλεκται
732 2615 745 2627 ·
783 2597 1243 2664 Ἐξωλόθρευσας
1264 2598 1453 2651 πάντα
1473 2599 1574 2672 τὸν
1591 2600 1897 2665 πορνεύον-

365 2704 437 2740 τα
462 2687 577 2742 ἀπὸ
595 2688 729 2741 σοῦ.
775 2686 931 2739 Ἀλλά
952 2687 1059 2756 γὰρ
1089 2687 1255 2739 ταῦτα
1281 2686 1433 2748 εἰδὼς
1459 2686 1588 2755 ἐγὼ,
1620 2687 1712 2739 καὶ
1744 2688 1896 2756 ἀκρι-

367 2778 474 2840 ϐῶς
498 2777 849 2845 πεπεισμένος
881 2778 1004 2845 περὶ
1024 2780 1131 2847 τῆς,
1149 2778 1245 2847 σῆς
1266 2776 1474 2837 δικαίας
1496 2777 1724 2844 κρίσεως
1743 2816 1757 2835 .
1802 2777 1897 2847 τὴν
1936 2850 1939 2853 ν

369 2866 606 2920 ἐναντίαν
637 2864 851 2935 εἱλόμην
870 2868 977 2927 τοῖς
1008 2866 1239 2927 ἀσεϐέσι,
1263 2866 1459 2937 καίπερ
1486 2866 1559 2937 μὴ
1582 2866 1713 2918 νοῶν
1740 2865 1806 2918 τά
1832 2864 1900 2917 σά

373 2957 640 3029 μυστήρια
660 2972 673 2986 ·
706 2953 837 3009 ἀλλά
868 2955 959 3016 καὶ
998 2957 1268 3027 κτηνώδης
1303 2957 1583 3027 γενόμενος
1622 2956 1768 3027 παρά
1798 2957 1896 3022 σοὶ,

369 3048 512 3118 ὅμως
536 3052 773 3118 συνήμην
796 3063 877 3100 σοι
904 3047 1200 3108 διαπαντός.
1228 3046 1389 3100 Οὐδὲν
1412 3046 1519 3119 γάρ
1544 3048 1664 3117 ἐμοὶ
1691 3046 1899 3100 κάλλιον

371 3130 611 3205 ἐφαίνετο
632 3135 723 3189 τοῦ
746 3136 1163 3207 προσκολλᾶσθαι
1182 3153 1261 3187 σοι
1284 3135 1359 3205 τῷ
1374 3135 1489 3206 ὲμῷ
1508 3135 1643 3205 Θεῷ,
1664 3137 1755 3189 καὶ⁴
1781 3134 1901 3187 ταῦ-

370 3244 437 3280 τα
457 3227 716 3298 αἱρεῖσθαι
744 3228 882 3295 ἀπερ
930 3227 1093 3289 αὐτὸς
1121 3225 1319 3297 ὥρισας
1339 3228 1431 3279 καὶ
1451 3227 1712 3303 ένετείλω.
1746 3226 1899 3279 Οῦτω

372 3318 477 3387 γάρ
559 3282 924 3385 κολλώμενίος
946 3316 1023 3380 τῷ
1048 3282 1236 3383 Ιέυρίφ
1260 3282 1329 3371 εὶ
1354 3300 1583 3385 πνεῦμά
1600 3317 1747 3370 ἐστι.
1782 3317 1899 3369 Διό-
1925 3282 1967 3339 c

374 3423 475 3476 περ
500 3408 619 3476 ἐμοὶ
640 3407 787 3459 οὐδὲν
813 3406 1021 3458 κάλλιον
1040 3405 1157 3457 οὐδὲ
1184 3406 1787 3477 κρεῖττονκατεφαίνετο
1807 3405 1899 3458 τοῦ

376 3494 794 3564 προσκολλᾶσθαι
818 3508 917 3545 σοι.
950 3494 1040 3546 Διό
1060 3509 1217 3563 φημι,
1242 3497 1321 3548 ὅτι
1353 3495 1510 3563 Ἐμοί
1532 3496 1595 3549 τὸ
1620 3498 1903 3563 προσκολ-

372 3585 586 3639 λᾶσθαι
616 3584 694 3648 τῷ
708 3581 836 3648 8εῷ
860 3582 1079 3651 ἀγαθόν
1098 3585 1281 3637 ἐστιν.
1305 3584 1367 3636 Et
1395 3582 1503 3653 γὰρ
1521 3583 1689 3645 οὐδεὶς
1705 3582 1904 3651 ἀγαθὸς

376 3676 422 3727 ει
450 3675 523 3744 μὴ
550 3668 630 3735 εἷς
658 3674 688 3724 ὁ
716 3672 846 3734 Θεὸς
863 3710 879 3735 ,
915 3671 1073 3725 πόθεν
1106 3672 1171 3725 ἀν
1199 3671 1403 3740 γένοιτο
1432 3673 1599 3743 ἑτέρῳ
1626 3690 1678 3725 τι
1707 3672 1904 3741 ἀγαθον

378 3764 408 3834 ἢ
428 3765 491 3817 ἐκ
510 3762 603 3833 τοῦ
630 3761 1053 3832 προσκολλᾶσθαι
1076 3760 1219 3831 αὐτῷ
1237 3777 1252 3825 ;
1273 3762 1379 3814 Καὶ
1396 3762 1497 3833 ἤδη
1519 3763 1615 3832 μὲν
1632 3762 1906 3834 ἀπήλαυσν

377 3847 572 3910 παντύς
601 3847 830 3915 ἀγαθοῦ,
882 3844 1211 3918 κολλώμενος
1254 3848 1348 3901 καὶ
1398 3848 1784 3919 συναπτόμενος
1832 3850 1907 3921 τῷ
1968 3846 1969 3849 “

376 3937 490 4010 Θεῷ
508 3955 521 3969 ·
565 3938 701 3991 ὥστε
724 3937 894 4007 λέγειν
911 3955 925 3970 ·
972 3936 1291 4005 Ἑκολλήθη
1316 3938 1504 3991 ὀπίσω
1530 3954 1643 3992 σου
1676 3938 1714 4003 ἡ
1742 3938 1907 4007 ψυχή

372 4046 506 4097 μου.
565 4029 671 4082 Καὶ
707 4030 785 4091 είς
821 4029 911 4081 τὸν
963 4026 1214 4097 μέλλοντα
1240 4027 1297 4081 δὲ
1339 4027 1525 4099 χρόνον
1551 4026 1756 4095 ἀγαθὰς
1782 4027 1909 4081 ὐπέ-

377 4134 580 4189 τραῳον
597 4118 809 4181 ἐλπίδας
830 4116 1065 4188 ὲμαυτῷ.
1096 4111 1220 4181 "Et-'2
1229 4116 1317 4186 ρόν
1346 4133 1405 4169 τε
1424 4114 1579 4168 τοῦτο
1596 4114 1793 4184 ἀγαθόν
1819 4134 1907 4187 μοι

376 4202 475 4278 ἦν,
500 4208 561 4260 τὸ
590 4209 845 4262 τίθεσθαι
881 4208 949 4260 ἐν
979 4201 1171 4273 Κυρίῳ
1200 4205 1313 4273 τὴν
1340 4204 1555 4259 ἐλπίδα
1574 4222 1713 4273 μου.
1746 4206 1906 4270 Τέλος

378 4296 483 4367 γάρ
516 4312 604 4366 μοι
623 4296 721 4366 τῆς
748 4298 923 4368 πάσης
948 4296 1155 4361 ιλπίδος
1183 4293 1249 4367 ἦν
1275 4296 1335 4349 τὸ
1352 4297 1682 4367 ἐξαγγεῖλαι
1708 4298 1906 4364 πάσας

378 4386 481 4451 τὰς
520 4385 775 4451 αίνέσεις
812 4402 925 4439 σου
961 4387 1031 4440 ἐν
1067 4387 1191 4453 ταῖς
1228 4388 1444 4453 πύλαις
1482 4386 1592 4455 τῆς
1626 4388 1906 4458 θυγατρὸς

379 4477 544 4531 Σιών.
591 4476 951 4541 Καταξιωθεὶς
973 4476 1080 4546 γάρ
1106 4478 1204 4548 τῆς
1235 4480 1313 4541 είς
1342 4478 1439 4549 τὴν
1476 4479 1625 4531 πόλιν
1658 4495 1747 4531 σου
1776 4477 1907 4530 εἰσό-

1993 2069 2147 2122 niciei
2179 2068 2419 2119 traditur.
2460 2066 2634 2131 Quarc
2663 2068 2862 2121 dictum
2891 2076 3007 2121 est:
3034 2064 3322 2120 Perdidisti
3342 2082 3512 2120 omnes

1990 2158 2077 2227 qui
2106 2158 2431 2225 fornicamur
2454 2157 2543 2209 abs
2576 2166 2639 2209 te.
2677 2156 2871 2210 Verum
2893 2172 2987 2225 ego
3011 2157 3121 2211 haec
3138 2156 3299 2225 probe
3315 2156 3511 2218 sciens,

1992 2261 2055 2298 ac
2083 2246 2238 2313 plane
2270 2246 2335 2297 de
2360 2244 2507 2312 justo
2532 2244 2735 2311 judicio
2762 2253 2853 2297 tuo
2882 2259 3195 2312 persuasus,
3232 2244 3513 2295 adversam
3574 2262 3575 2265 η

1992 2334 2169 2401 impiis
2185 2333 2315 2401 elegi
2340 2334 2499 2396 viam,
2523 2332 2731 2385 etiamsi
2754 2333 3001 2399 mysteria
3025 2342 3112 2385 tua
3132 2346 3237 2385 non
3257 2330 3515 2398 intellige-

1993 2439 2133 2488 rem;
2153 2422 2245 2477 sed
2261 2431 2313 2477 et
2340 2422 2585 2491 quamvis
2603 2430 2659 2473 ut
2674 2421 2971 2489 jumentum
2993 2420 3163 2475 factus
3184 2436 3356 2476 essem
3376 2420 3515 2488 apud

1993 2521 2064 2576 te,
2083 2519 2312 2567 attamen
2343 2528 2445 2565 una
2464 2521 2637 2566 tecum
2655 2525 2799 2566 eram
2818 2526 3045 2578 semper.
3070 2508 3208 2564 Nihil
3232 2510 3373 2563 enim
3394 2510 3514 2579 pul-

1993 2602 2174 2656 chrius
2206 2601 2331 2654 mihi
2381 2602 2661 2655 videbatur
2710 2615 2849 2664 esse,
2894 2615 3050 2668 quam
3106 2598 3197 2652 tibi
3246 2598 3353 2653 Deo
3401 2614 3518 2653 meo

1994 2693 2285 2752 adhaerere,
2317 2692 2513 2759 illaque
2555 2691 2774 2759 diligere
2808 2706 2925 2757 qua:
2960 2698 3014 2741 tu
3045 2688 3256 2756 jussisti
3292 2702 3515 2755 δοριπε-

1996 2780 2198 2857 cepisti.
2224 2778 2297 2831 Ita
2321 2778 2462 2832 enim
2499 2779 2584 2846 qui
2620 2777 2845 2829 adliceret
2877 2776 3096 2829 Domino
3145 2792 3275 2844 unus
3305 2775 3516 2841 spiritus

1994 2882 2068 2925 est
2092 2871 2133 2925 ⁸.
2163 2870 2284 2923 Ideo
2328 2868 2457 2922 nihil
2499 2867 2625 2918 mihi
2660 2865 2954 2934 pulchrius,
2992 2864 3121 2916 nihil
3152 2864 3341 2937 melius
3371 2863 3513 2915 vide-

1996 2962 2174 3023 batur,
2203 2972 2362 3029 quam
2394 2956 2662 3010 adhaarere
2692 2955 2807 3008 tibi.
2855 2953 3187 3021 Quapropter
3209 2952 3352 3011 dico,
3388 2949 3519 3002 Mihi

1998 3051 2259 3104 adhwrere
2286 3047 2389 3101 Deo
2420 3048 2603 3099 bonum
2627 3053 2723 3099 est.
2766 3042 2896 3097 Nam
2926 3043 2971 3097 si
3021 3056 3178 3095 nemo
3214 3041 3386 3096 bonus
3416 3042 3519 3093 nisi

2000 3154 2139 3192 unus
2185 3137 2348 3204 Deus.
2398 3134 2663 3191 undenam
2720 3132 2811 3186 alii
2869 3133 3102 3202 cuipiam
3147 3129 3270 3183 boni
3320 3129 3521 3198 aliquid

2000 3223 2294 3287 advenerit,
2320 3225 2425 3279 nisi
2471 3238 2535 3277 ex
2580 3238 2642 3276 eo
2674 3221 2813 3290 quod
2843 3219 2952 3274 Deo
2994 3217 3296 3273 adhaereat?
3324 3216 3387 3270 Et
3410 3217 3521 3285 iam

1998 3314 2211 3385 quidem
2231 3312 2376 3368 omni
2405 3312 2619 3366 fruebar
2646 3315 2805 3373 bono,
2833 3310 3107 3364 adhaerens
3127 3316 3179 3362 et
3204 3308 3523 3375 conjunctus

2002 3404 2147 3469 Deo;
2184 3404 2257 3458 ita
2288 3410 2343 3457 ut
2363 3403 2594 3457 dicerem
2625 3420 2637 3454 :
2676 3400 2907 3454 Adhatsit
2934 3400 3109 3451 anima
3137 3413 3249 3451 mea
3270 3388 3385 3465 post
3415 3406 3461 3449 te
3480 3398 3521 3449 ⁹.

2001 3492 2236 3562 Itemque
2283 3490 2350 3544 ad
2401 3489 2636 3543 futurum
2690 3488 2942 3543 saeculum
2989 3486 3183 3551 bonam
3217 3485 3344 3541 mihi
3376 3499 3523 3555 spem

2002 3581 2251 3651 ascripsi.
2282 3579 2350 3635 Et
2376 3594 2507 3634 sane
2541 3577 2683 3633 aliud
2700 3590 2916 3646 quoque
2934 3574 3064 3629 mihi
3090 3562 3290 3629 bonum
3315 3572 3522 3633 aderat,

2004 3671 2229 3736 scilicet,
2276 3684 2461 3738 ponere
2502 3669 2557 3721 in
2598 3667 2819 3724 Domino
2862 3679 2999 3732 spem
3031 3677 3216 3733 meum.
3243 3659 3373 3715 Nam
3401 3658 3525 3713 ﬁnis

2003 3762 2180 3817 omnis
2210 3760 2326 3830 spei
2369 3759 2499 3825 mihi
2540 3765 2676 3825 erat,
2710 3766 2765 3809 ut
2794 3755 3100 3830 annuntians
3124 3768 3297 3807 omnes
3350 3748 3529 3805 laudes

2005 3861 2121 3905 tuas
2148 3853 2202 3905 in
2223 3851 2387 3920 portis
2419 3833 2710 3919 ﬁtiw'Siou.
2742 3844 3018 3915 Siquidem
3045 3843 3289 3909 ingressu
3318 3841 3371 3893 in
3401 3838 3528 3894 clvi-

2003 3940 2166 3993 tatem
2198 3945 2345 3991 tuam
2373 3936 2642 4006 dignatus,
2680 3934 2751 3991 de,
2777 3947 2883 4003 qua
2923 3930 3171 4000 superius
3198 3926 3481 3987 dicebatur
3510 3943 3526 3981 :

2003 4016 2241 4089 Damius,
2290 4026 2346 4079 in
2374 4026 2581 4079 ciuitate
2613 4035 2703 4076 tua
2729 4022 3007 4092 imaginem
3034 4019 3265 4088 ipsorum
3294 4015 3361 4069 ad
3392 4014 3529 4068 nihi-

2006 4113 2114 4167 lum
2130 4112 2335 4183 redigas
2351 4126 2370 4175 ,'
2388 4126 2511 4166 cum
2534 4110 2694 4165 etiam
2716 4108 2783 4163 ad
2804 4106 3049 4163 caelestes
3072 4114 3254 4176 portas
3280 4117 3532 4159 conscen-

2008 4198 2199 4275 derim,
2220 4210 2311 4257 tua
2342 4215 2471 4271 erga
2497 4214 2583 4255 me
2613 4198 2868 4255 beneﬁcia
2910 4197 3159 4251 omnibus
3202 4184 3526 4264 praedicabo.

2010 4294 2111 4351 Ubi
2140 4294 2462 4350 constitutus
2488 4291 2750 4361 promissa
2775 4301 3073 4357 consequar
3098 4295 3208 4351 tua,
3247 4300 3360 4353 qua:
3408 4296 3533 4336 ocu-

2010 4384 2090 4439 lus
2118 4400 2219 4437 non
2250 4382 2398 4447 sidit,
2429 4396 2518 4435 nec
2548 4380 2691 4435 auris
2719 4377 2937 4437 audiuit,
2967 4391 3056 4429 nec
3084 4375 3139 4427 in
3180 4390 3269 4427 cor
3310 4370 3532 4424 hominis

2013 4472 2349 4529 ascenderunt
2373 4472 2435 4526 ’°.
2482 4468 2630 4523 Talia
2674 4469 2871 4538 quippe
2900 4466 3041 4521 Deus
3071 4462 3385 4533 pmparavit
3410 4460 3536 4514 dili-
3567 4491 3570 4495 η

378 4565 487 4628 δου,
520 4565 647 4636 περὶ
669 4561 734 4639 ἧς
756 4564 1003 4635 ἀνωτέρω
1030 4566 1269 4634 ἐλέγετο·
1297 4567 1470 4633 Κύριε
1487 4605 1502 4629 ,
1543 4565 1611 4617 ἐν
1638 4564 1711 4632 τῇ
1741 4567 1909 4617 πόλει
1940 4558 1984 4612 D
2011 4580 2074 4633 ge

669 4561 734 4639 ἧς
756 4564 1003 4635 ἀνωτέρω
1030 4566 1269 4634 ἐλέγετο·
1297 4567 1470 4633 Κύριε
1487 4605 1502 4629 ,
1543 4565 1611 4617 ἐν
1638 4564 1711 4632 τῇ
1741 4567 1909 4617 πόλει
1940 4558 1984 4612 D
2011 4562 2243 4633 gentibus
2275 4578 2346 4615 se.

379 4669 492 4708 σου
522 4654 634 4722 τὴν
651 4658 848 4708 εἰκόνα
866 4654 1057 4707 αὐτῶν
1080 4654 1515 4720 ἐξουθενώσεις,
1543 4655 1635 4707 καὶ
1666 4656 1783 4715 ταῖς
1808 4653 1997 4716 πύλαις
2036 4656 2157 4716 ταῖς
2189 4652 2523 4724 ἐπουρανίοις
2568 4646 2761 4711 emes;
2788 4689 2804 4714 ,
2870 4643 3187 4715 ἀνακηρύξω
3254 4642 3365 4701 τοῖς
3406 4638 3538 4724 1550'-

378 4744 473 4808 τὰς
497 4721 815 4814 είςὲμέσου
836 4742 1162 4813 εὐεργεσίας.
1194 4744 1355 4797 Ἔνθα
1383 4745 1663 4812 γενόμενος
1686 4745 1778 4795 καὶ
1834 4742 1940 4795 τῶν
1966 4742 2306 4821 έπαγγελιῶν
2324 4721 2335 4724 τ
2373 4757 2464 4793 σου
2504 4737 2788 4805 τεύξομαι,
2825 4733 2896 4798 ἇς
2925 4730 3221 4801 ὀφθαλμὸς
3251 4730 3359 4821 οὐκ
3396 4721 3536 4821 εἶδξ.

379 4835 472 4888 καὶ
494 4813 717 4899 οὗςοὼι
742 4835 976 4905 ἤκουσε,
995 4833 1091 4887 καί
1107 4834 1459 4902 eximatur
1474 4834 1778 4902 ἀνθρώπου
1792 4836 1901 4888 οὐκ
1934 4813 2134 4891 ἀπέϐη.
2169 4832 2398 4887 Τοιαῦτα
2422 4825 2526 4902 γάρ
2547 4830 2865 4897 ἡτοίμασεν
2885 4828 2917 4878 ό
2941 4823 3081 4889 Θεὸς
3134 4822 3257 4885 τοῖς
3318 4813 3541 4884 ἀγαπῶ-

378 4937 478 4975 σιν
502 4925 703 4977 αὐτόν.

445 5029 537 5113 κὴ
569 5036 813 5105 κείμενον
838 5036 893 5088 δὲ
920 5038 977 5088 ἐν
998 5036 1075 5105 τῷ
1116 5034 1398 5103 Ἐϐραῖκῷ,
1437 5036 1567 5105 μηδὲ
1622 5036 1771 5106 παρά
1800 5040 1909 5099 τοῖς

380 5123 582 5187 λοιποῖς
599 5127 946 5197 δρμηνευταῖς
966 5127 1025 5179 τὸ
1042 5128 1110 5180 ἐν
1130 5125 1254 5190 ταῖς
1267 5126 1481 5191 πύλαις
1499 5126 1607 5194 τῆς
1626 5129 1909 5195 θυγατρὸς

383 5212 547 5276 Σιὼν,
583 5216 728 5283 παρά
762 5216 937 5284 μόνοις
959 5216 1016 5268 δὲ
1040 5219 1150 5278 τοῖς
1188 5213 1570 5283 Ἐὀδομήκοντα
1598 5214 1914 5284 φερόμενον,-

382 5300 679 5362 ὼϐέλισται,
706 5302 794 5354 διά
817 5305 878 5355 τὸ
904 5306 995 5357 καὶ
1016 5304 1259 5376 περιττὸν
1286 5299 1439 5357 εἶναι.
1474 5303 1546 5356 Τὸ
1568 5303 1674 5373 γὰρ
1701 5304 1911 5357 πάντων

384 5390 580 5459 ἀγαθὸν
616 5390 762 5453 τέλος
806 5392 888 5444 ἐπ’
920 5394 1088 5463 αὐτὴν
1118 5395 1238 5461 ἄγει
1277 5394 1374 5464 τὴν
1406 5393 1717 5463 ἐπουράνιον
1753 5392 1907 5464 Σιὼν,

383 5483 505 5550 ﬁat;
538 5475 605 5550 ἦν
632 5482 679 5550 η’
702 5480 1055 5554 ἀποδεδομένη
1074 5483 1168 5536 τοῦ
1203 5484 1333 5537 Θεοῦ
1366 5487 1423 5537 ὲν
1458 5484 1697 5553 οὐρανοῖς
1728 5482 1910 5546 πόλις,

385 5571 645 5641 θυγατρὸς
671 5568 814 5625 Σιὼν·
829 5571 1115 5641 νοουμένης
1136 5572 1236 5641 τῆς
1252 5576 1380 5645 παρ’
1405 5574 1536 5645 ἡμῖν
1562 5556 1909 5643 Ἓκκλησίας,

385 5660 569 5725 ὡςδιά
599 5658 802 5714 πολλῶν
831 5660 1098 5724 ἀποδεῖξαι
1124 5661 1317 5732 ῥᾴδιον.
1642 5714 1655 5737 ι
1718 5656 1721 5659 ·
1810 5694 1815 5697 »

445 5812 466 5843 ⁸
494 5809 513 5863 Ι
539 5811 661 5867 Cor.
695 5826 764 5875 VI,
798 5809 879 5863 Π.
955 5811 974 5841 ’
1006 5807 1148 5865 Psal.
1187 5826 1316 5878 un,
1342 5813 1414 5867 9.‘
1472 5812 1515 5845 "
1545 5811 1563 5864 l
1590 5777 1806 5878 (Ionii,
1830 5810 1897 5865 9.
1928 5794 1935 5799 “

2090 5032 2223 5085 Cum
2256 5036 2432 5083 autem
2483 5028 2635 5091 illud,
2667 5028 2720 5079 in
2744 5024 2907 5092 portis
2961 5022 3087 5090 ﬁlim
3106 5017 3252 5083 Sion,
3282 5030 3453 5084 neque
3484 5031 3539 5069 m

2013 5120 2292 5182 Hebraico,
2322 5134 2496 5187 neque
2542 5115 2680 5184 apud
2734 5114 2967 5180 reliquos
3001 5110 3315 5175 interpretes
3330 5103 3533 5171 jaceat,

2013 5210 2107 5264 sed
2122 5207 2261 5277 apud
2280 5208 2425 5264 solos
2442 5204 2786 5274 Septuaginta
2807 5199 3128 5268 interpretes
3142 5194 3367 5256 feratur,
3381 5191 3537 5247 obelo

2014 5304 2249 5358 notatur,
2294 5297 2421 5366 quia
2465 5291 2791 5361 superﬂuum
2827 5292 2931 5345 est.
2980 5286 3158 5340 Bonus
3185 5282 3383 5351 quippe
3420 5294 3561 5343 orn-9

2010 5388 2161 5442 nium
2194 5387 2316 5443 liuis
2365 5387 2433 5440 ad
2463 5386 2631 5454 ipsam
2660 5381 2789 5436 Sion
2818 5380 3089 5434 caelestem
3121 5372 3291 5439 ducit,
3312 5384 3432 5447 qua:
3454 5374 3538 5424 est

2014 5480 2102 5533 illa
2120 5479 2231 5546 jam
2267 5476 2463 5531 tradita
2495 5470 2796 5530 civitasDei
2830 5471 2888 5525 in
2908 5466 3078 5523 omlis.
3114 5462 3247 5527 Nam
3267 5460 3373 5516 tilia
3393 5456 3535 5546 Sion

2015 5565 2252 5623 Ecclesia
2289 5572 2471 5622 nostra
2494 5548 2611 5620 esse
2642 5560 2981 5632 intelligitur,
3008 5564 3065 5613 ιιι
3090 5552 3343 5623 pluribus
3378 5545 3539 5603 facile

2016 5668 2099 5717 est
2124 5657 2491 5728 comprobare.
