4294 6394
766 498 864 556 851

977 612 1028 662 I.
1065 606 1535 665 INTELLECTUS
1583 605 1825 662 ASAPH.
1867 601 2096 657 LXXIII.

769 777 772 782 ,
840 718 1051 789 thuid,
1085 719 1244 783 Deus,
1294 719 1532 787 repulisti
1582 719 1636 771 in
1683 718 1859 786 ﬁnem,
1889 716 2058 768 iratus
2103 722 2179 767 est
2225 712 2311 776 fu-

766 829 856 869 ror
913 824 1026 866 tuus
1061 829 1213 881 super
1265 828 1377 865 oves
1436 826 1644 880 pascua:
1699 811 1845 863 tum?
1905 807 1983 859 Ad
2044 805 2309 858 dictorum

766 902 1169 971 intelligentiam
1220 916 1320 956 nos
1346 900 1546 954 excitat
1595 906 1649 952 et
1685 898 1876 951 invitat
1907 896 2127 965 spiritus
2184 911 2311 964 pro-

766 995 1028 1064 pheticus.
1099 989 1203 1056 Qui
1245 991 1723 1059 nequeapsalmum
1787 989 1853 1043 de
1902 1002 2070 1052 more,
2137 1002 2310 1060 neque

764 1084 1058 1146 canticum,
1089 1097 1263 1150 neque
1291 1081 1572 1150 hymnum,
1604 1093 1779 1148 neque
1805 1078 1930 1147 quid
1959 1077 2135 1132 simile
2157 1079 2212 1130 in
2243 1078 2311 1129 ti-

762 1179 878 1231 tulo
909 1177 1192 1241 indicavit,
1233 1176 1358 1243 quia
1402 1174 1578 1228 tristia
1610 1173 1981 1226 enuntiantur.
2020 1168 2123 1223 Ubi
2162 1170 2312 1223 vide-

763 1275 854 1320 tur
884 1267 1208 1335 supplicatio
1240 1265 1524 1329 contineri,
1549 1262 1616 1317 de
1637 1277 1745 1332 qua
1778 1247 1998 1316 divinus
2018 1259 2310 1329 Apostolus

765 1368 1031 1426 praecepta
1065 1358 1247 1419 dabat,
1298 1356 1484 1411 dicens
1521 1362 1770 1422 oportere
1815 1367 1915 1406 nos
1943 1365 2131 1405 omnes
2153 1350 2310 1404 emit-

764 1460 878 1504 tere
910 1449 1336 1510 obsecrationes,
1381 1461 1591 1517 preces,
1636 1443 2078 1514 supplicationes.
2109 1443 2309 1511 gratia--

765 1557 886 1596 rum
930 1543 1170 1614 actiones
1198 1542 1263 1592 υ.
1294 1524 1392 1593 Hic
1440 1540 1619 1615 itaque
1649 1551 1828 1592 sermo
1871 1535 2036 1591 Deum
2083 1534 2312 1603 alloqui—

767 1638 880 1695 tur,
905 1636 1065 1698 atque
1095 1629 1277 1682 futura
1304 1634 1363 1679 ut
1388 1626 1499 1695 jam
1531 1623 1800 1695 praeterita
1825 1622 2136 1699 prophetice
2160 1636 2312 1676 enar-

767 1729 875 1785 rat,
915 1729 1238 1790 postremam
1278 1719 1402 1773 item
1432 1715 1896 1785 Jerosolymorum
1952 1712 2310 1779 obsidionem,

767 1827 888 1881 quae
912 1819 1033 1880 post
1059 1810 1346 1866 salutarem
1371 1806 1673 1862 Adventum
1707 1819 1735 1856 a
1768 1802 2024 1858 Romanis
2053 1801 2193 1855 facta
2208 1811 2310 1866 est,

771 1901 1059 1971 signiﬁcat.
1094 1901 1160 1954 Et
1208 1901 1320 1953 haec
1364 1913 1486 1952 cum
1525 1896 1764 1950 nondum
1803 1896 2131 1949 constitutus
2163 1895 2314 1947 locus

1432 488 1693 544 EUSEBII
1733 487 2206 543 CASSARIENSIS
2245 484 2390 540 OPP.
2433 481 2611 537 PARS
2646 479 2728 535 lli.
2752 510 2820 520 —
2858 473 3258 532 EXEGETICA.

2333 609 2386 665 Α

3857 469 3963 524 859

2742 594 3084 648 ΣΥΝΕΣΕΩΣ
3114 592 3200 661 Τῼ
3242 588 3446 641 ἈΣΑΦ.
3493 587 3620 638 οΓ’.

2494 709 2662 764 Ἰνατί
2681 747 2695 770 ,
2726 710 2757 761 ό
2792 704 2952 770 Θεὸς,
2986 701 3202 758 ἀπώσω
3261 701 3346 764 είς
3378 697 3552 762 τέλος
3573 733 3589 757 ,
3625 692 3884 761 ὠργίσθη
3930 694 3964 744 ό

2415 792 2598 869 θυμός
2628 813 2743 851 σου
2772 795 2868 848 ἐπὶ
2896 795 3153 861 πρόϐατα
3179 775 3367 859 νομῆς
3392 803 3506 841 σου
3522 803 3541 850 ;
3570 782 3830 854 Διεγείρει
3865 779 3966 852 μιν

2416 892 2560 961 ἡμᾶς
2585 887 2677 941 καὶ
2704 887 2960 959 παρορμᾷ
2983 883 3073 936 ἐπὶ
3097 881 3194 952 τὴν
3218 879 3324 932 τῶν
3347 877 3647 948 λεγομένων
3673 873 3884 961 σύνεσιν
3903 871 3965 924 τὸ

2417 959 2631 1049 πνεῦμα
2675 976 2735 1029 τὸ
2784 972 3129 1044 προφητικόν.
3185 969 3321 1024 Οὔτε
3349 968 3405 1021 δὲ
3434 965 3645 1036 ψαλμὸν
3675 959 3965 1032 ἐπιγράφει

2417 1071 2679 1140 συνήθως,
2711 1065 2831 1120 οὔτε
2862 1065 3000 1134 ᾠδὴν
3019 1103 3034 1128 ,
3068 1061 3188 1115 οὔτε
3217 1059 3400 1129 ὕμνον,
3430 1057 3550 1110 οὐδέ
3577 1074 3630 1108 τι
3660 1054 3765 1107 τῶν
3790 1066 3965 1140 παραο

2416 1139 2672 1230 πλησίων,
2699 1158 2785 1209 διὰ
2803 1155 2862 1207 τὸ
2887 1149 3197 1222 σκυθρωπὸν
3216 1147 3324 1201 τῶν
3344 1143 3850 1230 ἀπαγγελλομένων,
3877 1139 3964 1230 Ἐν

2416 1247 2494 1315 οἷς
2512 1227 2661 1304 δοκεῖ
2690 1245 2920 1312 ἔντευξις
2948 1241 3318 1312 περιέχεσθαι,
3352 1237 3478 1305 περὶ
3507 1231 3572 1306 ἧς
3595 1237 3623 1287 ὁ
3647 1233 3787 1286 Θείος
3813 1227 3966 1281 Ἀπό-

2420 1341 2599 1405 στολος
2623 1336 2970 1398 διεκελεύετο,
2990 1334 3096 1387 δεῖν
3117 1331 3284 1399 λέγων
3303 1329 3506 1390 πάντας
3527 1327 3672 1396 ἡμᾶς
3699 1319 3966 1376 ποιεῖσθαι

2416 1433 2654 1502 δεήσεις,
2683 1425 3015 1496 προσευχὰς,
3045 1420 3326 1484 ἐντεύξεις,
3353 1416 3712 1487 εὐχαριστίας.
3747 1413 3966 1502 ἐντυγ-

2416 1501 2565 1595 χάνει
2596 1519 2723 1586 γοῦν
2749 1518 2776 1569 ό
2805 1517 2960 1585 λόγος
2981 1510 3207 1581 τῷΘεῷ,
3239 1506 3584 1595 προφητικῷς
3611 1503 3681 1560 τὰ

2413 1590 2488 1674 iii;
2521 1607 2882 1681 παρῳχηκότα
2912 1602 3151 1667 διεξιὼν,
3185 1599 3278 1652 καὶ
3303 1597 3400 1667 τὴν
3430 1594 3660 1666 ἐσχάτην
3690 1590 3969 1662 σημαίνων

2417 1701 2726 1773 πολιορκίαν
2753 1698 2851 1766 τῆς
2879 1692 3226 1768 Ἰερουσαλὴμ
3249 1690 3346 1761 τὴν
3372 1687 3475 1741 ὑπὺ
3511 1684 3791 1754 Ῥωμαίων
3818 1698 3969 1750 γενο-

2421 1793 2586 1864 μένην
2617 1789 2751 1860 μετὰ
2778 1789 2874 1858 τὴν
2903 1788 3161 1858 σωτήριον
3178 1779 3503 1852 Παρουσίαν.
3529 1777 3637 1830 Καὶ
3660 1773 3832 1828 ταῦτα
3861 1789 3966 1864 μη-

2418 1863 2475 1937 δὲ
2506 1881 2794 1944 συστάντος
2815 1896 2898 1934 πω
2924 1876 3017 1932 τοῦ
3039 1877 3201 1930 τόπου
3226 1869 3621 1944 προαναφωνεί.
3655 1865 3714 1918 ’0
3735 1865 3838 1935 ’μὲν
3858 1863 3967 1932 γὰρ

769 1956 1755 2061 esset,praenuntiat.'EtenimAsaph,
1789 1990 1881 2058 qui
1905 1988 2018 2041 baac
2047 1987 2312 2041 vaticina—
2347 1968 2383 2019 Β
2423 1978 2465 2028 Ἀ

2269 2001 2312 2038 ι-
2347 1968 2383 2019 Β
2423 1975 2616 2043 Ἀσὰφ,
2643 1973 2710 2026 δι’
2734 1967 2793 2028 οῦ
2818 1971 2984 2025 ταῦτα
3013 1966 3408 2039 προεφητεύετο
3425 2003 3440 2029 ,
3465 1962 3754 2031 σύγχρονος
3774 1956 3965 2061 γέγονε

767 2089 877 2140 tur.
911 2083 1133 2152 aequalis
1181 2081 1366 2143 Davidi
1417 2089 1566 2144 erat;
1600 2078 1855 2134 Salomon
1897 2091 2026 2131 vero
2059 2083 2180 2145 post
2211 2074 2314 2128 Da-

768 2174 906 2228 vidis
928 2182 1177 2235 mortem,
1217 2173 1470 2248 templum
1503 2170 1793 2228 exstruxit.
1824 2168 1958 2222 Cum
1985 2175 2162 2220 autem
2176 2165 2318 2219 duas

770 2267 876 2320 loci
907 2265 1237 2320 vastationes
1267 2261 1624 2332 praevidisset,
1658 2260 1892 2331 priorem
1921 2257 2128 2313 scilicet
2158 2269 2187 2307 a
2215 2253 2318 2306 Ba-

771 2356 1026 2425 byloniis,
1056 2362 1110 2409 et
1137 2353 1430 2408 secundam
1461 2366 1489 2404 a
1531 2350 1792 2409 Romanis
1827 2348 2058 2412 factam;
2085 2346 2318 2415 priorem

771 2445 989 2516 quidem
1023 2446 1076 2507 in
1119 2459 1278 2498 uxr:
1315 2442 1544 2510 psalmo,
1580 2447 1634 2494 et
1681 2440 1738 2494 in
1780 2453 1965 2494 Lxxxn
2016 2435 2314 2506 signiﬁcat;

774 2535 1128 2605 posteriorem
1158 2548 1287 2586 vero
1315 2533 1368 2584 in
1408 2530 1658 2596 praesenti
1703 2528 2006 2598 prophetia,
2033 2540 2196 2596 quam
2238 2526 2318 2579 sic

776 2627 1027 2682 orditur:
1075 2623 1288 2693 thuid,
1335 2621 1506 2687 Deus,
1545 2618 1780 2688 repulisti
1831 2619 1886 2671 in
1938 2619 2114 2685 finem,
2149 2620 2317 2670 iratus

774 2728 851 2772 est
884 2717 1031 2788 [uror
1058 2725 1176 2768 tuus
1211 2730 1363 2783 super
1408 2730 1522 2766 oves
1567 2727 1773 2779 pascua:
1804 2711 1948 2764 tum?
1977 2709 2316 2766 Postremum

778 2819 1011 2875 namque
1063 2812 1116 2857 et
1159 2804 1426 2874 integrum
1479 2801 1695 2855 illorum
1731 2797 2001 2854 excidium
2057 2813 2167 2852 non
2213 2797 2319 2849 alio

780 2906 1017 2964 tempore
1057 2893 1176 2956 fuit,
1214 2907 1375 2962 quam
1404 2907 1524 2946 cum
1558 2891 1815 2944 Servator
1842 2897 1896 2942 et
1931 2886 2192 2941 Dominus
2230 2901 2321 2941 no-

779 2970 888 3042 ster
918 2985 1239 3039 sententiam
1276 2990 1464 3034 contra
1507 2981 1629 3035 illos
1668 2981 1788 3033 tulit
1815 2976 2040 3034 dicens:
2075 2976 2204 3031 Ecce
2232 2993 2318 3032 re-

779 3075 1039 3142 linquetur
1072 3072 1215 3125 vobis
1259 3070 1442 3122 domus
1475 3077 1645 3122 vestra
1689 3068 1893 3122 deserta
1917 3068 1977 3122 ι’.
2016 3068 2094 3123 Ac
2134 3079 2321 3142 conse-

777 3139 1007 3235 quenter
1037 3177 1192 3216 sacer
1234 3160 1525 3230 Apostolus
1572 3168 1694 3229 post
1733 3175 1913 3214 rerum
1948 3159 2152 3213 exitum
2169 3139 2321 3213 "dixit

677 3323 680 3328 η
780 3256 848 3310 de
895 3253 1003 3306 illis
1047 3251 1293 3306 scribens
1319 3270 1329 3304 :
1354 3250 1598 3304 Pervenit
1640 3248 1707 3303 ad
1748 3267 1833 3305 eos
1871 3252 1953 3305 ira
1995 3251 2046 3302 in
2080 3249 2317 3316 ﬁnem".

778 3344 880 3397 Hic
919 3357 1047 3400 vero
1095 3341 1354 3411 propheta
1403 3341 1706 3395 minutatim
1758 3356 1842 3404 ea,
1882 3356 2002 3410 quae
2041 3340 2167 3393 huic
2205 3339 2323 3392 loco

780 3435 1035 3496 Romana
1062 3433 1362 3493 obsidionis
1393 3440 1635 3504 tempore
1683 3435 2046 3511 contigerunt,
2087 3431 2325 3486 declarat

781 3529 868 3582 his
893 3527 1072 3582 verbis
1104 3547 1115 3580 :
1149 3525 1314 3591 Quasi
1333 3527 1384 3577 in
1418 3525 1549 3578 silva
1591 3525 1851 3594 lignorum
1876 3512 2145 3587 securibus
2186 3523 2328 3576 exci-

782 3619 968 3672 derunt
993 3618 1189 3684 januas
1210 3615 1321 3683 ejus
1365 3616 1419 3667 in
1479 3611 1744 3682 idipsum,
1776 3614 2024 3668 videlicet
2046 3612 2328 3682 Jerosoly-

783 3723 884 3761 tua:
907 3723 993 3769 ;m
1025 3705 1192 3757 securi
1220 3710 1268 3755 et
1301 3703 1447 3755 ascia
1486 3702 1779 3770 dejecerunt
1816 3717 1951 3754 eam.
1984 3699 2328 3763 Incenderunt

787 3797 901 3862 igne
929 3791 1284 3844 sanctuarium
1320 3797 1494 3847 tuum;
1524 3790 1578 3841 in
1604 3799 1743 3841 terra
1767 3789 2060 3857 polluerunt
2087 3789 2330 3841 taberna-

753 3919 755 3922 -
786 3868 960 3936 culum
995 3880 1217 3940 nominis
1260 3879 1357 3932 tui.
1386 3876 1540 3942 Quod
1584 3877 1630 3930 si
1656 3877 1778 3945 quis
1805 3877 1999 3934 dixerit
2021 3877 2134 3930 haec
2169 3876 2330 3929 etiam

784 3981 1027 4041 tempore
1068 3969 1483 4040 Babyloniorum
1517 3975 1665 4036 gesta
1696 3983 1838 4032 esse,
1883 3968 2130 4023 advertas
2174 3968 2330 4020 velim

786 4075 907 4130 quae
941 4068 1261 4128 sequuntur,
1286 4059 1447 4128 Signa
1480 4068 1659 4112 nostra
1687 4074 1789 4110 non
1817 4057 2061 4122 vidimus,
2085 4057 2202 4125 jam
2232 4073 2334 4114 non

786 4160 864 4205 est
895 4151 1162 4219 propheta,
1198 4158 1246 4203 et
1280 4166 1369 4202 nos
1398 4167 1499 4214 non
1530 4157 1796 4217 cognoscet
1832 4149 2075 4222 amplius.
2101 4147 2234 4201 Nam
2260 4147 2335 4201 si-

789 4256 892 4309 gna
933 4241 1043 4293 llaec
1071 4248 1225 4292 erant
1256 4239 1418 4293 Deum
1452 4240 1720 4306 inspicere
1757 4246 1810 4306 et
1842 4253 2032 4296 curare
2052 4237 2334 4292 Iudaicam

2417 2065 2494 2136 τῷ
2523 2065 2708 2120 Δαυῖδ’
2755 2061 3000 2130 Σολομὼν
3029 2060 3083 2113 δέ
3112 2057 3246 2129 μετὰ
3275 2057 3374 2126 τὴν
3403 2052 3496 2107 τοῦ
3527 2049 3690 2124 Δαυῒδ
3713 2045 3968 2115 τελευτὴν

2418 2157 2682 2226 οἰκοδομεῖ
2707 2154 2799 2208 τὸν
2834 2151 2987 2206 νεών.
3049 2150 3150 2202 Δύο
3177 2148 3232 2200 δὲ
3265 2144 3550 2216 πορθήσεις
3581 2137 3965 2210 προθεωρήσας

2416 2245 2509 2300 τοῦ
2530 2246 2715 2308 τόπου,
2751 2245 2847 2312 τήν
2874 2258 2933 2293 τε
2961 2238 3226 2310 προτέραν
3245 2234 3343 2304 τὴν
3366 2232 3470 2285 ὑπὸ
3493 2227 3842 2282 Βαϐυλωνίων
3871 2239 3964 2293 γε·

2418 2337 2645 2407 νομένην
2673 2376 2696 2398 ,,
2737 2334 2828 2390 καὶ
2854 2332 2949 2402 τὴν
2978 2328 3229 2398 δευτέραν
3259 2324 3357 2393 τὴν
3385 2321 3486 2376 ὑπὸ
3524 2317 3837 2407 Ῥωμαίωνξ
3867 2313 3970 2407 τὴν

2423 2401 2517 2498 μὲν
2540 2401 2756 2496 πρώτην
2781 2422 2869 2476 διὰ
2906 2419 2997 2473 τοῦ
3022 2419 3094 2471 08'
3141 2413 3351 2487 ψαλμοῦ
3386 2411 3633 2483 σημαίνει
3654 2407 3747 2462 καὶ
3767 2405 3854 2458 διὰ
3871 2401 3968 2498 τοῦ

2419 2496 2535 2582 πόν,
2565 2516 2661 2587 τὴν
2693 2516 2747 2568 δὲ
2764 2512 2995 2580 ὑστάτην
3017 2509 3103 2562 διὰ
3129 2511 3226 2577 τῆς
3249 2503 3385 2577 μετὰ
3412 2506 3594 2574 χεῖρας
3617 2496 3971 2570 προφητείας,

2417 2605 2482 2680 ἦς
2509 2609 2809 2676 ἀπάρχεται
2841 2603 3012 2670 λέγων
3035 2619 3047 2630 ·
3095 2599 3265 2655 Ἰνατί
3284 2639 3298 2663 ,
3349 2599 3380 2650 ό
3427 2594 3568 2660 Θεὸς
3587 2632 3603 2658 ,
3641 2590 3858 2646 ἀπώσω
3886 2589 3973 2680 είς

2419 2675 2901 2763 τέλος,γῶργίο’θη
2934 2696 2966 2746 ό
3004 2691 3184 2760 θυμός
3225 2704 3339 2742 σου
3367 2685 3464 2738 ἐπὶ
3496 2683 3755 2752 πρόϐατα
3773 2675 3973 2759 νομῆς

2419 2803 2568 2848 σου;
2611 2787 2772 2848 Τέλος
2803 2783 2908 2855 γὰρ
2942 2783 3118 2844 αὐτοῖς
3153 2775 3441 2838 παντελοῦς
3471 2770 3835 2832 άποπτώσεως
3863 2767 3972 2820 οὐδ’

2419 2877 2602 2932 ἄλλοτε
2631 2878 2868 2944 γέγονεν,
2899 2875 2932 2944 ἢ
2963 2874 3049 2925 ὅτε
3075 2874 3104 2925 ό
3129 2871 3313 2940 Σωτὴρ
3341 2868 3433 2920 καὶ
3462 2855 3665 2944 Κύριος
3693 2860 3848 2931 ἡμῶν
3874 2857 3972 2930 τὴν

2420 2973 2535 3024 κατ’
2560 2969 2732 3022 αὐτῶν
2763 2965 3087 3035 ἐξηνέγκατο
3117 2944 3385 3029 ἁπόῖρασιν
3412 2955 3576 3010 εἰπών
3594 2971 3607 2985 ·
3649 2951 3793 3006 Ἰδοὺ
3819 2951 3977 3018 ἀφίε-

2419 3079 2512 3116 ται
2531 3060 2670 3130 ὑμῖν
2698 3063 2729 3112 ὁ
2753 3055 2916 3123 οἵκος
2946 3054 3110 3123 ὑμῶν
3139 3054 3371 3122 ἕρημος.
3423 3041 3518 3109 Οἷς
3546 3042 3848 3103 ἀκολούθως
3883 3039 3977 3092 καὶ

2418 3157 2447 3206 ό
2473 3151 2611 3222 ἱερὸς
2640 3148 2948 3210 Ἀπόστολος
2984 3147 3118 3216 μετὰ
3142 3145 3239 3214 τὴν
3262 3142 3368 3194 τῶν
3399 3137 3732 3212 πραγμάτων
3760 3131 3979 3222 ἑκϐασιν

2423 3219 2646 3312 γράφων
2669 3239 2796 3308 περὶ
2823 3235 3000 3291 αὐτῶν
3020 3235 3199 3302 ἐλεγεν
3222 3250 3235 3262 ·
3274 3231 3538 3299 Ἔφθασε
3560 3224 3627 3278 δὲ
3644 3224 3736 3312 ἐπέ
3759 3219 3978 3284 αὐτοὺς

2423 3311 2472 3401 ἦ
2490 3331 2634 3400 ὀργὴ
2657 3333 2743 3394 εὶς
2766 3327 2957 3392 τέλος.
3012 3326 3122 3378 Καὶ
3147 3322 3286 3382 κατὰ
3316 3320 3478 3392 μέρος
3502 3317 3558 3370 δὲ
3587 3315 3657 3368 τὰ
3687 3311 3809 3381 ἐξῆς
3841 3327 3980 3379 συμ-

2425 3424 2594 3480 βάντα
2634 3421 2712 3490 τῷ
2751 3420 2902 3489 τόπῳ
2943 3418 3034 3470 ἐπὶ
3071 3416 3169 3486 τῆς
3202 3415 3307 3469 τῶν
3345 3408 3629 3480 Ῥωμαίων
3664 3403 3979 3473 πολιορκίας

2426 3515 2745 3585 παρίστησιν
2770 3514 2798 3564 ό
2834 3507 3019 3586 παρὼν
3045 3507 3344 3576 προφήτης,
3360 3503 3434 3574 ςέν
3457 3495 3536 3562 οἷς
3560 3507 3748 3567 φησιν’
3789 3493 3882 3558 Ὠς
3894 3491 3980 3586 Αέν

2428 3581 2624 3673 δρομῷ
2647 3581 2849 3667 ξύλων
2896 3581 3129 3662 ἀξίναις
3162 3595 3394 3661 ἔκοψαν
3424 3590 3530 3655 τὰς
3563 3588 3743 3654 θύρας
3769 3581 3978 3649 αὐτῆς,

2427 3696 2581 3765 δῆλον
2602 3695 2645 3748 δ’
2668 3695 2747 3746 ὅτι
2774 3693 2870 3762 τῆς
2896 3685 3262 3759 Ἰερουσαλὴμ,
3288 3682 3386 3737 ἐπὶ
3400 3681 3467 3734 τὸ
3483 3678 3650 3742 αὐτὸ,
3678 3676 3747 3728 ἐν
3767 3673 3980 3728 uelum

2429 3787 2527 3839 καί
2564 3781 2928 3848 λαξευτηρίῳ
2956 3775 3317 3844 κατέρραξαν
3335 3769 3545 3835 αὑτήν.
3590 3765 3984 3830 Ἐνεπύρισαιν

2429 3876 2497 3925 ὲν
2517 3871 2657 3940 πυρὶ
2683 3871 2749 3922 τὸ
2769 3865 3151 3936 ἁγιαστήριόν
3172 3878 3308 3926 σου,
3331 3848 3416 3922 εις
3433 3858 3546 3926 τὴν
3566 3855 3682 3925 'rﬁr
3701 3852 3983 3920 ἐϐεϐήλω-

2431 3978 2551 4017 σαν
2573 3963 2633 4015 τὸ
2654 3959 2938 4028 σκήνωμα
2961 3955 3063 4008 τοῦ
3091 3953 3376 4020 ὀνόματός
3395 3966 3530 4003 σου.
3569 3948 3632 4000 El
3656 3945 3713 3998 δὲ
3730 3944 3880 4011 λέγοι
3899 3959 3986 4002 τις

2432 4052 2601 4107 ταῦτα
2634 4051 2728 4105 καὶ
2759 4050 2848 4102 ἐπὶ⁷
2874 4046 2980 4101 τῶν
3007 4045 3207 4116 χρόνων
3241 4041 3358 4094 τῶν
3379 4036 3731 4109 Βαόυλωνίων
3769 4033 3984 4102 γεγονέ-

2432 4162 2541 4206 ναι,
2571 4139 2890 4213 προσεκτέον
2910 4140 3021 4200 τοῑς
3043 4135 3188 4204 ἐξῆς,
3218 4133 3282 4185 δι’
3304 4125 3385 4185 ὧν
3397 4129 3608 4200 εἴρηται
3626 4143 3641 4157 ·
3677 4127 3752 4180 Τὰ
3771 4123 3984 4213 σημεῖα

2433 4233 2598 4302 ἡμῶν
2617 4211 2731 4284 οὐκ
2756 4229 3010 4296 εἴδομεν,
3035 4227 3145 4278 οὐκ
3162 4223 3331 4276 ἐστιν
3353 4219 3442 4274 ἔτι
3461 4215 3785 4291 προφήτης,
3807 4214 3900 4267 καὶ
3925 4211 3987 4278 ἡν

791 4304 1020 4398 gentem,
1045 4344 1165 4381 cum
1192 4328 1324 4397 ipsis
1345 4304 1633 4396 prophetas
1661 4304 1811 4380 daret
1837 4346 1850 4380 :
1883 4327 2148 4400 siquidem
2171 4322 2336 4381 etiam
2430 4342 2487 4393 με

2289 4341 2336 4379 In
2430 4322 2549 4393 μᾶς
2577 4323 2647 4375 οὐ
2674 4318 2960 4388 γνώσεται
2982 4316 3089 4373 ἐτι.
3137 4315 3344 4383 Σημεῖα
3372 4307 3478 4381 γὰρ
3506 4305 3573 4380 ἦν
3605 4307 3698 4361 τοῦ
3737 4305 3825 4360 τὸν
3856 4304 3985 4384 Θεὸν

791 4437 914 4475 cum
946 4422 1084 4474 male
1107 4435 1165 4474 se
1191 4425 1458 4488 gererent,
1491 4417 1781 4486 prophetas
1810 4394 2069 4485 ipsisiceu
2098 4416 2338 4470 medicos
2436 4416 2487 4482 ἐς

2290 4429 2338 4469 )8
2436 4413 2634 4482 ἐφορᾷν
2660 4410 2750 4463 καὶ
2769 4409 3080 4461 ἐπισκοπεῖν
3111 4405 3170 4458 τὸ
3200 4401 3463 4455 Ἰουδαίων
3485 4398 3631 4459 ἐθνος
3649 4397 3710 4450 τὸ
3730 4394 3986 4466 παρέχειν

791 4519 847 4564 et
880 4483 1610 4588 servatores'cOnstituel—iat:
1627 4506 1719 4560 Sic
1765 4483 2029 4575 inprima
2056 4505 2339 4561 obsidione
2438 4505 2487 4555 ai

2288 4521 2339 4559 te
2438 4505 2616 4563 αὐτοῖς
2629 4499 2909 4570 προφήτας
2926 4514 2938 4526 ο
2960 4496 3080 4548 ἐπεὶ
3096 4493 3187 4545 καὶ
3200 4493 3288 4544 ὅτε
3302 4489 3482 4552 κακῶς
3498 4488 3783 4560 ἔπραττον,
3799 4483 3984 4552 ὥσπερ

795 4616 1050 4671 magnum
1096 4601 1184 4654 Dei
1230 4579 1543 4669 prOphetam
1584 4573 1871 4668 Jeremiam
1923 4597 2252 4666 habuerunt,
2285 4606 2338 4651 et
2369 4610 2412 4668 ι)
2443 4595 2491 4657 ια

2289 4606 2338 4651 et
2369 4610 2412 4668 ι)
2443 4593 2653 4662 ἰατροὺς
2684 4591 2777 4643 καὶ
2811 4588 3056 4657 σωτῆρας
3100 4585 3278 4645 αὐτοῖς
3321 4583 3444 4645 τοὺς
3469 4583 3748 4652 προφήτας
3774 4573 3985 4644 ἐφίστη.

799 4665 1042 4756 Baruch;
1087 4665 1428 4760 quin—etiam.
1449 4666 1643 4744 mulier
1685 4689 1929 4757 quadam
1954 4687 2170 4743 nomine
2204 4665 2339 4752 Olda
2388 4665 2392 4668 ⁷
2437 4682 2495 4736 Οῐ

2292 4672 2339 4752 la
2388 4665 2392 4668 ⁷
2437 4681 2592 4736 Οὕτω
2620 4679 2748 4748 γοῦν
2773 4679 2863 4731 ἐπὶ
2885 4678 2980 4746 τῆς
3007 4673 3230 4745 πρώτης
3254 4672 3560 4742 πολιορκίας
3584 4669 3676 4722 τὸν
3708 4666 3879 4736 μέγαν
3892 4665 3988 4760 τοῦ

796 4782 985 4837 eodem
1027 4790 1267 4859 tempore
1293 4780 1745 4850 prophetavit.'ln
1778 4782 1894 4847 ipsa
1924 4793 2139 4858 quoque
2169 4776 2309 4846 Baby

796 4873 1068 4927 loniorum
1098 4871 1317 4939 regione
1349 4872 1574 4938 aderant
1609 4869 1744 4939 ipsis
1775 4869 2021 4922 Ezechiel
2051 4876 2102 4922 et
2128 4867 2334 4925 Daniel.

794 4963 1040 5031 praeclari
1069 4975 1130 5013 ac
1178 4960 1456 5029 conspicui
1489 4960 1778 5028 prophetae.
1831 4957 2074 5026 Postque
2111 4957 2342 5018 reditum

797 5068 865 5105 ex
894 5051 1226 5120 captivitate,
1257 5048 1592 5117 temporibus
1606 5046 1731 5114 Cyri
1760 5053 1815 5097 et
1850 5044 2014 5107 Darii,
2053 5044 2345 5097 Zacharias

797 5150 852 5195 et
901 5141 1127 5211 Aggaaus
1178 5138 1447 5206 propheta:
1495 5138 1606 5189 noti
1641 5141 1817 5189 erant.
1860 5132 2138 5198 Quomodo
2185 5134 2346 5200 igitur

803 5231 909 5285 illis
929 5229 1261 5298 temporibus
1293 5227 1465 5296 aptari
1495 5226 1667 5294 possit
1695 5225 1808 5277 haec
1838 5223 2136 5290 prophetia,
2182 5222 2346 5291 Signa

801 5332 980 5376 nostra
1002 5338 1103 5374 non
1130 5319 1376 5380 vidimus,
1399 5328 1445 5370 et
1467 5318 1599 5384 jam”
1619 5333 1721 5369 non
1748 5324 1825 5368 est
1855 5315 2124 5382 propheta,
2163 5323 2210 5370 et
2252 5330 2345 5366 nos

804 5429 907 5466 non
943 5418 1211 5480 cognoscet
1247 5407 1468 5473 amplius
1489 5409 1514 5459 Ρ
1543 5405 1740 5459 Verum
1780 5405 1896 5457 hac
1951 5401 2109 5456 ﬁnem
2138 5403 2346 5457 sortita

802 5507 933 5555 sunt
975 5507 1097 5568 post
1129 5496 1426 5549 Salvatoris
1474 5494 1783 5554 adventum,
1815 5499 1870 5546 et
1909 5500 2192 5560 postquam
2234 5504 2347 5568 mq-

806 5553 1041 5645 moratas
1059 5602 1221 5641 voces
1250 5587 1364 5654 ipse
1385 5585 1678 5653 protulerat
1703 5601 1715 5635 :
1739 5553 1967 5636 nondiu
1993 5553 2132 5634 enim
2164 5553 2348 5650 poste'a

807 5681 1163 5746 irrumpentes
1191 5675 1416 5730 Romani
1447 5676 1621 5729 locum
1643 5661 1974 5727 deleverunt.~
2007 5672 2158 5736 Quod
2183 5671 2345 5726 etiam

2439 4770 2570 4826 Θεοῦ
2595 4771 2874 4840 προφήτην
2902 4763 3163 4835 Ἱερεμίαν
3186 4759 3348 4832 εἶχον,
3369 4760 3570 4814 καὶτὸν
3590 4755 3803 4828 Βαρούχ
3819 4771 3832 4783 ’
3857 4752 3992 4806 ἀλλὰ

2443 4861 2535 4914 καὶ
2565 4861 2700 4927 γυνὴ
2735 4875 2818 4920 τις
2857 4855 3009 4908 Ὀλδᾶ
3034 4853 3266 4922 τοῦνομα
3298 4850 3433 4904 κατὰ
3459 4850 3582 4910 τοὺς
3609 4847 3801 4920 αὐτοὺς
3833 4847 3992 4916 ἐπρο-

2445 4953 2638 5021 φήτευε
2663 4950 2880 5019 χρόνους
2903 4964 2914 4976 ’
2943 4948 2998 4997 ὲν
3017 4948 3148 5015 αὐτῇ
3161 4962 3217 4997 τε
3236 4947 3301 5012 τῇ
3325 4938 3671 4994 Βαὸυλωνίων
3690 4936 3842 5009 χώρᾳ
3868 4954 3991 4990 συν-

2451 5040 2516 5108 ἦν
2566 5041 2748 5100 αὐτοῖς
2782 5035 3026 5104 Ἐζεκιὴλ
3055 5037 3146 5088 καὶ
3171 5031 3364 5100 Δανιὴλ
3395 5029 3651 5099 ἐπίσημοι
3683 5027 3776 5080 καὶ
3805 5027 3994 5095 διαφα-

2450 5132 2558 5191 νεῖς
2592 5129 2862 5199 προφῆται
2888 5143 2900 5158 ·
2929 5127 3023 5178 καὶ
3056 5125 3190 5201 μετὰ
3217 5124 3314 5192 τὴν
3348 5120 3552 5174 ἐκεῖθεν
3576 5119 3828 5201 ἐπάνοδον
3855 5121 3995 5173 κατὰ

2449 5222 2571 5282 τοὺς
2600 5220 2778 5290 Κύρου
2811 5221 2906 5272 καὶ
2935 5199 3156 5290 Δαρείου
3184 5218 3422 5284 χρόνους,
3455 5199 3723 5284 Ζαχαρίας
3746 5213 3839 5267 καὶ
3859 5213 3995 5279 "Ay—

2450 5313 2599 5376 γαίος
2619 5312 2889 5379 προφῆται
2909 5307 3275 5377 ἐγνωρίςοντο.
3297 5303 3418 5366 Πῶς
3437 5299 3528 5356 οὖν
3547 5299 3654 5357 οἷόν
3671 5299 3812 5373 τεῆν
3834 5305 3999 5372 ἐφαρ-

2453 5399 2631 5468 μόζειν
2666 5403 2778 5464 τοῖς
2812 5401 2934 5453 τότε
2978 5396 3185 5467 χρόνοις
3229 5394 3325 5464 τὴν
3361 5394 3635 5465 παροῦσαν
3667 5390 3998 5463 προφητείαν

2452 5490 2760 5556 φάσκουσαν
2775 5506 2788 5520 ·
2830 5491 2908 5544 Τὰ
2927 5487 3141 5556 σημεῖα
3164 5485 3329 5553 ἡμῶν
3349 5487 3459 5539 οὐκ
3486 5484 3737 5553 εῑδομεν,
3762 5482 3857 5534 καί
3886 5480 3995 5533 οὐκ

2450 5581 2624 5633 ἐστιν
2645 5580 2731 5633 ἔτι
2759 5576 3064 5646 προφήτης
3089 5615 3103 5639 ,
3138 5575 3236 5628 καί
3262 5573 3417 5642 ἡμᾶς
3452 5575 3525 5627 οὐ
3559 5570 3844 5640 γνώσεται
3876 5565 3994 5627 ἕτιὶ

2465 5669 2620 5722 Ἀλλὰ
2649 5669 2750 5740 γὰρ
2776 5668 2942 5722 ταῦτα
2970 5666 3151 5729 τέλους
3183 5667 3437 5735 ἐτύγχανε
3463 5663 3598 5736 μετὰ
3621 5661 3717 5730 τὴν
3743 5658 3994 5738 σωτήριον

881 5833 921 5873 ³³
958 5829 1147 5894 ιτιιιι.
1180 5845 1252 5887 ιι.
1288 5830 1336 5889 I.
1417 5831 1455 5860 “'
1494 5811 1623 5886 Luc.
1661 5843 1790 5893 xm,
1824 5827 1908 5883 55.
1988 5826 2029 5857 ¹³
2068 5824 2089 5882 ι
2123 5823 2312 5886 Thess.
2350 5825 2408 5892 ιι,
2448 5823 2524 5884 16,
