4294 6392
336 479 450 534 855

1426 440 1925 533 communia
1963 476 2029 531 lN
2068 477 2382 533 PSALMOS

3421 478 3526 528 ὅζιιίι

346 594 654 662 ΙΙαρουσίαν
684 594 887 657 καὶτὰς
913 594 1291 665 προλεχθείσας
1326 596 1487 648 αὐτοῦ
1522 596 1734 664 φωνὰς,
1772 595 1887 665 μεθ’
1916 605 1941 660 Α

1993 595 2105 663 ipse
2134 593 2388 651 Servator
2414 590 2593 645 futura
2629 588 2933 644 vaticinans
2968 589 3287 659 signiﬁcavit
3315 605 3406 657 per
3436 608 3529 660 pa-

342 685 409 747 ᾱς
452 687 553 739 οὐκ
596 689 674 749 είς
718 687 920 757 μακρὸν
960 688 1271 749 ἐπιστάντες
1311 688 1563 757 Ῥωμαῖοι
1596 687 1683 739 τὸν
1730 688 1890 740 τόπον

344 774 628 841 ἠφάνισαν.
662 776 723 828 ’Ὀ
744 773 806 845 δὴ
834 775 923 826 καὶ
945 774 1099 836 αὐτὸς
1124 774 1304 842 ἐδήλου
1333 773 1595 837 θεσπίζων
1616 774 1675 825 τὸ
1702 774 1889 843 μέλλον

340 861 373 911 ό
394 860 579 930 Σωτὴρ
606 859 690 912 διὰ
718 860 1028 930 παραϐολῆς
1050 861 1147 929 τῆς
1167 860 1336 923 οὕτως
1363 862 1587 931 ἐχούσης
1608 878 1621 891 ⁸
1663 861 1887 930 Ὡμοιώ-

343 953 415 1016 θη
459 950 497 1016 ἠ
538 951 820 1013 βασιλεία
863 950 978 1003 τῶν
1020 950 1286 1017 οὐρανῶν
1312 952 1592 1020 ἀνθρώπῳ
1621 951 1883 1016 βασιλεῖ,

344 1039 507 1106 ὅστις
532 1041 776 1108 ἐποίησε
801 1041 1021 1109 γάμους
1040 1041 1117 1105 τῷ
1142 1043 1244 1107 υἱῷ
1262 1044 1446 1097 αὑτοῦ
1461 1061 1474 1073 ο
1504 1044 1598 1097 καὶ
1620 1043 1887 1097 ἀπέστει-

342 1134 411 1183 .18
432 1130 797 1195 τοὺςὲαυτοῦ
809 1130 1064 1194 δούλους
1076 1131 1323 1185 καλέσαι
1341 1132 1475 1197 τοὺς
1489 1130 1886 1201 κεκλημένους

340 1223 424 1285 εις
434 1220 574 1285 τοὺς
584 1220 822 1289 γάμους·
841 1222 892 1273 οί
904 1220 1088 1274 δὲοὺκ
1102 1220 1320 1289 ἤθελον
1329 1222 1538 1275 ἐλθεῖν.
1556 1222 1887 1276 Πάλινὼτέ-

338 1311 574 1361 στειλεν
592 1310 826 1377 ἐτέρους
845 1328 858 1340 ·
879 1314 931 1365 οἱ
954 1310 1040 1376 δὲ,
1066 1312 1214 1379 πρὸς
1234 1313 1298 1365 τὸ
1322 1313 1407 1382 μὴ
1432 1310 1677 1380 θελῆσαι
1702 1313 1886 1365 ἀπαν-

338 1397 537 1466 τῆσαι,
560 1400 644 1453 ἐτι
668 1400 765 1453 καὶ
787 1400 1164 1468 διαλαϐόντες
1191 1402 1329 1468 τοὺς
1358 1403 1613 1467 δούλους
1638 1403 1886 1469 ὕϐρισαν

336 1490 431 1542 καὶ
448 1490 816 1545 ἀπέκτειναν.
834 1486 927 1555 Οἷς
942 1494 1177 1563 ἐπιλέγει
1197 1512 1209 1524 ·
1241 1496 1293 1545 '0
1306 1494 1373 1547 δὲ
1386 1495 1702 1560 βασιλεὺς,
1718 1495 1886 1548 ἀκού-

336 1580 471 1645 σας,
493 1580 770 1650 ὠργίσθη,
795 1584 892 1637 καὶ
913 1584 1150 1654 πέμψας
1167 1587 1239 1639 τὰ
1254 1588 1660 1655 στρατεύματα
1678 1589 1882 1651 αὑτοῦ,

334 1670 607 1725 ἀπώλεσε
629 1671 766 1740 τοὺς
788 1676 987 1744 φονεῖς
1010 1677 1296 1741 ἐκείνους,
1328 1675 1425 1729 καὶ
1448 1676 1562 1744 τὴν
1582 1678 1760 1731 πόλιν
1782 1681 1885 1732 αὑ-

336 1760 452 1814 τῶν
469 1761 781 1831 ἐνέπρησε.
841 1766 1020 1820 Ταῦτα
1041 1769 1070 1818 ὁ
1096 1766 1282 1837 Σωτὴρ
1310 1768 1368 1820 ἐν
1388 1767 1533 1837 αὐτῷ
1558 1767 1632 1837 τῷ
1656 1768 1784 1841 ἱερῷ
1804 1768 1882 1841 ἐτι

334 1852 452 1905 τότε
476 1856 763 1909 συνεστῶτι
796 1858 1198 1928 ἀναγέγραπται
1230 1858 1494 1929 είρηκώςο
1527 1858 1562 1912 ἀ
1590 1864 1683 1913 καὶ
1708 1840 1881 1931 ἐπλη-

1990 688 2230 740 rabolam
2265 686 2423 740 istam
2454 680 2677 737 :Simile
2698 681 2895 751 factum
2926 690 3002 734 est
3040 695 3251 750 regnum
3286 682 3530 757 calorum

1989 777 2185 830 homini
2210 775 2337 845 regi,
2369 775 2455 843 qui
2484 773 2603 840 fecit
2634 773 2841 839 nuptias
2868 771 2978 839 ﬁlio
3004 787 3098 824 suo
3125 781 3209 825 :et
3244 772 3391 824 misit
3420 788 3531 824 scr-

1987 883 2073 919 oos
2113 882 2232 920 suos
2266 873 2323 917 ut
2362 872 2597 917 vocarent
2641 863 2883 916 invitatos
2918 860 2984 913 ad
3024 861 3232 927 nuptias
3258 858 3379 913 :illi
3414 875 3529 915 vero

1987 956 2264 1009 noluerunt
2296 956 2484 1007 venire.
2524 953 2719 1006 Iterum
2748 951 2890 1004 misit
2922 950 3060 1003 alios‘
3080 965 3096 1002 .'
3116 950 3197 1002 illi
3240 965 3355 1004 vero
3395 964 3532 1017 prte-

1988 1055 2221 1115 terquam
2254 1047 2390 1115 quod
2420 1046 2693 1099 noluerunt
2735 1045 2923 1107 venire,
2946 1044 3103 1095 etiam
3142 1052 3320 1111 captos
3359 1059 3529 1097 servos

1984 1128 2307 1190 contumeliis
2339 1138 2641 1204 affecerunt,
2675 1144 2723 1185 et
2757 1134 3135 1187 occiderunt“.
3173 1133 3380 1198 Quibus
3407 1135 3531 1187 sub-
3612 1202 3619 1209 1

1985 1229 2062 1282 dit
2090 1246 2103 1282 :
2132 1227 2242 1281 Rea:
2272 1237 2463 1290 autem,
2488 1226 2725 1290 audiens,
2751 1226 2918 1277 iratus
2943 1233 3036 1287 est,
3062 1234 3129 1288 et,
3148 1225 3321 1277 missis
3338 1226 3533 1297 exerci-

1988 1318 2124 1371 tibus
2168 1318 2278 1371 suis
2299 1356 2313 1380 ,
2337 1317 2560 1385 perdidit
2585 1316 2871 1370 homicidas
2902 1314 3042 1378 illos,
3074 1324 3121 1367 et
3156 1315 3414 1367 civitatem
3441 1330 3529 1367 eo-

1988 1424 2101 1460 rum
2145 1406 2497 1461 succendit".
2532 1404 2656 1460 Haec
2691 1404 3019 1460 Salvatorem
3070 1406 3125 1459 in
3170 1408 3287 1474 ipso
3329 1404 3529 1473 templo

1984 1498 2159 1553 adhuc
2198 1500 2527 1553 consistente
2556 1497 2756 1551 dixisse
2803 1496 3095 1550 scribitur:
3126 1510 3246 1565 quae
3290 1509 3397 1548 non
3435 1496 3530 1549 diu

1984 1596 2167 1657 postea
2198 1588 2417 1658 impleta
2453 1596 2602 1649 sunt,
2641 1584 2971 1655 Vespasiano
2990 1596 3044 1641 et
3078 1586 3198 1639 Tito
3228 1584 3403 1641 locum
3437 1584 3531 1639 0b-

1983 1676 2282 1732 sidentibus
2310 1696 2324 1732 :
2354 1692 2585 1747 quorum
2617 1687 2853 1744 tempore
2879 1670 3059 1730 nullus
3086 1676 3346 1745 propheta
3388 1673 3527 1743 apud

1983 1766 2104 1819 illos
2143 1763 2313 1821 fuisse
2363 1774 2637 1818 narratur.
2674 1762 3017 1818 Obsidionem
3070 1764 3252 1832 itaque
3292 1777 3528 1832 praesens

1982 1857 2219 1925 psalmus
2268 1854 2535 1925 signiﬁcat
2564 1874 2576 1908 :
2608 1869 2774 1923 quare
2804 1855 2857 1907 in
2898 1845 3175 1921 principio'
3207 1854 3339 1906 dicit
3366 1875 3377 1907 :
3424 1851 3523 1907 Ut-

335 1943 488 2014 ροῦτο
501 1944 597 1997 οὐκ
619 1948 695 2008 είς
716 1948 941 2016 μακρὸν,
963 1948 1367 2002 Οὐεσπασιανοῦ
1389 1950 1482 2001 καὶ
1492 1949 1648 2002 Τίτου
1670 1950 1881 2021 πολιορ-
1911 1945 1941 1999 Ε

1981 1947 2124 2016 quid,
2168 1945 2332 2010 Deus,
2372 1946 2611 2015 repulisti
2652 1945 2705 1997 in
2736 1944 2942 2012 ﬁnem?
2990 1941 3127 1997 Hinc
3175 1956 3303 1997 vero
3341 1942 3529 1997 mirari

334 2036 610 2105 κησάντων
639 2037 728 2089 τὸν
748 2037 925 2090 τόπον·
962 2037 1080 2091 καθ’
1105 2037 1197 2102 οὒς
1225 2038 1513 2110 προφητῶν
1538 2040 1708 2102 οὐδεὶς
1737 2057 1882 2109 γεγο-

332 2123 434 2188 νὼς
461 2126 745 2195 ἱστορεῖται
767 2126 1015 2195 γενέσθαι
1040 2128 1176 2181 κατά
1192 2128 1431 2191 τούτους.
1465 2129 1759 2198 Τοιγαροῦν
1784 2146 1879 2181 πο-

331 2208 567 2284 λιὸρκίαν
603 2216 631 2267 ό
675 2217 810 2285 μετά
842 2219 1027 2287 χεῖρας
1071 2218 1363 2289 παρίστησι
1393 2218 1572 2288 λόγος·
1608 2219 1686 2272 διό
1717 2237 1878 2291 φησιν

331 2304 624 2373 ἀρχόμενος
643 2324 655 2336 ο
682 2306 812 2360 Ἵνα
832 2308 907 2370 τι,
931 2310 962 2361 ό
985 2309 1144 2372 Θεὸς,
1166 2308 1381 2373 ἀπώσω
1398 2311 1483 2374 είς
1504 2308 1703 2375 cclcc;
1726 2311 1877 2363 Ἐστι

330 2386 386 2439 δὲ
412 2391 474 2441 ἐκ
510 2391 710 2444 τούτων
739 2392 837 2462 τὴν
874 2395 1070 2465 ἀρετὴν
1097 2396 1477 2466 ἀποθαυμάσαι
1507 2401 1604 2467 τῆς
1628 2398 1878 2450 θεοπνεύυ

334 2492 454 2529 στου
474 2479 708 2549 Γραφῆς,
733 2481 807 2542 ὡς
832 2481 898 2533 τὰ
922 2486 1147 2553 μακροῖς
1174 2483 1395 2553 ὕστερον
1421 2484 1727 2554 πραχθέντα
1757 2482 1876 2552 χρό-

330 2583 438 2629 νοις
474 2569 775 2639 προγνώσει
827 2571 944 2642 Θείᾳ
998 2574 1307 2644 προείληφε.
1366 2574 1438 2627 Τὸ
1464 2574 1552 2636 δὲ,
1600 2576 1792 2637 Ἰνατί,
1844 2578 1876 2627 ὁ

332 2657 473 2721 Θεὸς
490 2697 505 2720 ,
533 2659 751 2712 ἀπώσω
778 2663 862 2727 εὶς
890 2664 1089 2727 τέλος,
1125 2664 1332 2735 εἴρηται
1352 2703 1366 2727 ,
1392 2665 1587 2733 ἐπειδὴ
1624 2665 1875 2726 πολλάκις

325 2746 599 2811 ἀσεϐείαις
631 2750 723 2802 καὶ
755 2751 1149 2823 πλημμελείαις
1174 2756 1234 2807 τὸ
1280 2755 1539 2807 Ἰουδαίων
1566 2755 1715 2817 ἔθνος
1743 2758 1872 2809 ὑπο-

330 2835 520 2889 πίπτον
545 2839 849 2909 παρεδίδοτο
876 2845 984 2905 τοῖς
1010 2844 1300 2913 περιοίκοις
1328 2844 1637 2912 ἀλλοφύλοις
1669 2843 1867 2897 ἔθνεσι·

328 2928 421 2981 καὶ
462 2931 591 2983 ποτὲ
632 2933 729 3001 μὲν
765 2933 956 2996 αὐτοὺς
983 2934 1262 2987 Μωαϐῖται
1296 2934 1595 3004 ἐχειροῦντο
1617 2976 1629 3000 ,
1663 2920 1871 2989 ποτὲδὲ

341 3017 675 3088 Ἀμμανῖται,
700 3023 790 3075 καὶ
816 3022 998 3075 ἄλλοτε
1024 3023 1077 3075 δὲ
1104 3023 1435 3093 Μαδιηναῖοι.
1483 3021 1591 3078 Εἶτ’
1620 3026 1869 3096 ἐπιστρέ-

327 3124 441 3176 φων
476 3109 668 3172 αὐτοὺς
711 3111 1073 3182 ἀνελάμϐανεν
1112 3115 1138 3165 ὁ
1184 3114 1338 3177 Θεός’
1367 3174 1371 3184 ι
1406 3115 1496 3168 καὶ
1537 3117 1671 3185 μετὰ
1696 3116 1868 3169 ταῦτα

326 3196 483 3250 πάλιν
502 3200 940 3269 παρανομοῦντας
956 3202 1234 3269 παρεδίδου
1254 3202 1523 3272 πολεμίοις
1540 3203 1760 3273 ἑτέροις,
1779 3204 1868 3256 καὶ

321 3283 478 3351 αὖθις
501 3289 787 3343 ἀνεκτᾶτο·
815 3291 1063 3344 οὐδέποτε
1094 3292 1143 3343 6L
1182 3294 1372 3356 αὐτοὺς
1398 3294 1663 3347 ἀπωθείτο
1686 3297 1763 3356 είς
1784 3294 1873 3346 τέ-
1898 3283 1941 3340 C

324 3376 444 3442 λος,
485 3380 618 3450 πρὸς
646 3381 846 3452 βραχὺν
878 3382 933 3435 δέ
962 3399 1078 3434 τινα
1105 3384 1290 3453 καιρὸν
1313 3385 1651 3454 ἐπιστρέφων
1679 3384 1867 3453 ἐνῆγεν

322 3470 403 3530 είς
432 3471 715 3549 σωτηρίαν.
753 3472 903 3525 Μετά
930 3472 986 3524 δέ
1012 3473 1073 3524 τὸ
1097 3475 1233 3525 κατά
1264 3475 1355 3527 τοῦ
1390 3475 1636 3543 Σωτῆρος
1668 3473 1866 3543 τολμη-

324 3560 414 3613 θὲν
441 3560 616 3623 αὐτοῖς
643 3563 770 3629 ἄγος
796 3562 1057 3630 ἔφθασεν
1083 3567 1167 3627 εὶς
1192 3565 1409 3629 αὐτοὺς
1436 3565 1473 3629 ἡ
1501 3565 1641 3632 ὀργὴ
1670 3566 1755 3628 εὶς
1785 3563 1870 3615 τέ-

322 3654 448 3716 λος,
463 3651 599 3705 κατά
624 3652 720 3722 τὴν
748 3653 1099 3725 ἀποστολικὴν
1119 3653 1353 3724 Γραφὴν,
1376 3654 1448 3715 ὡς
1469 3653 1526 3715 ἐξ
1547 3653 1746 3706 ἐκείνου
1777 3655 1869 3707 καὶ

322 3743 402 3803 εἰς
421 3740 573 3810 δεῦρο
592 3742 776 3813 μηκέτ’
798 3744 996 3814 ἐπᾶραι
1016 3744 1252 3813 κεφαλὴν
1274 3743 1485 3805 αὐτούς.
1519 3745 1581 3795 Ὃ
1597 3744 1658 3814 δὴ
1678 3745 1867 3813 σημαίο

322 3847 483 3883 νουσα
512 3833 545 3899 ἡ
578 3834 875 3902 προφητεία
933 3834 1091 3903 φησίν
1110 3851 1123 3864 '
1183 3834 1372 3898 'Iratl,
1400 3837 1431 3888 ό
1454 3834 1585 3899 Θεὸς
1610 3873 1625 3896 ,
1653 3834 1869 3887 ἀπώσω

319 3922 407 3985 εὶς
434 3919 605 3985 τέλος
621 3938 640 3985 ;
662 3923 1086 3994 Σεσιωπημένως
1117 3925 1172 3977 δὲ
1193 3927 1221 3978 ό
1248 3924 1402 3992 λόγος
1429 3925 1515 3978 διὰ
1538 3925 1633 3993 τῆς
1662 3926 1867 3995 ἐρωτή-

322 4027 456 4075 σεως
471 4013 685 4083 ᾐνίξατο
706 4014 803 4084 τὴν
818 4016 952 4068 κατά
966 4015 1055 4068 τοῦ
1072 4016 1319 4086 Σωτῆρος
1340 4015 1492 4084 ἡμῶν
1514 4014 1725 4086 πρᾶξιν,
1751 4016 1866 4085 μεθ’

319 4102 385 4173 ἢν
416 4104 509 4155 καὶ
531 4105 611 4166 είς
636 4104 784 4167 τέλος
805 4106 1201 4175 ἀπεϐλήθησαν.
1234 4106 1398 4158 Τοῦτο
1424 4105 1479 4156 δὲ
1507 4107 1599 4157 καὶ
1627 4108 1655 4157 ό
1681 4107 1867 4176 Σωτὴρ

319 4194 478 4257 αὐτὸς
507 4194 738 4265 παρίστη
768 4196 966 4263 λέγων·
1002 4196 1262 4260 Ποσάκις
1289 4196 1556 4263 ἠθέλησα
1581 4198 1866 4267 ἐπισυνα-

318 4285 517 4354 γαγεῖν
544 4286 615 4338 τὰ
654 4286 831 4340 τέκνα
869 4302 983 4342 σου
1006 4327 1021 4351 ,
1055 4287 1125 4339 ὃν
1149 4288 1368 4354 τρόπον
1394 4287 1553 4355 ὄρνις
1584 4289 1869 4343 ἐπισυνά-

318 4392 404 4453 γει
432 4376 503 4429 τὰ
528 4379 746 4430 νοσσία
774 4376 890 4431 ὑπὸ
917 4378 1021 4440 τὰς
1048 4362 1356 4445 πτέρυγας,
1394 4381 1490 4432 καὶ
1512 4381 1621 4433 οὐκ
1654 4379 1865 4447 ἠθελή-

316 4481 495 4530 σατε;
529 4466 681 4520 Ἰδοὺ
709 4468 934 4533 ἀφίεται
957 4454 1097 4533 ὑμῖν
1116 4470 1147 4521 ό
1168 4468 1329 4533 οἶκος
1345 4467 1508 4537 ὑμῶν
1528 4464 1762 4538 ἕρημος.
1796 4471 1869 4521 Τὸ

317 4558 452 4630 γὰρ,
479 4557 741 4623 Ποσάκις
766 4557 1051 4625 ἠθέλησα,
1077 4557 1223 4628 δηλοῖ
1249 4559 1348 4629 τὴν
1372 4559 1561 4629 μακρῷ
1582 4561 1756 4631 χρόνῳ
1786 4562 1869 4611 ἐν-

1986 2038 2131 2092 subit
2158 2036 2420 2092 divinitus
2466 2037 2738 2105 inspirata:
2791 2034 3082 2104 Scriptura
3108 2032 3382 2096 virtutem,
3409 2048 3529 2102 qua:
3628 2062 3631 2063 ν

1984 2128 2255 2181 diuturnis
2284 2135 2466 2196 postea
2496 2126 2830 2195 temporibus
2853 2130 3003 2195 gesta
3038 2120 3218 2176 divina
3242 2122 3529 2190 praescion-

1986 2221 2058 2272 tia
2091 2218 2400 2272 antevertit.
2430 2215 2566 2270 Illud
2606 2224 2806 2276 autem,
2870 2212 3084 2283 thuid,
3112 2213 3267 2275 Deus,
3290 2213 3524 2278 repulisti

1985 2307 2037 2360 in
2067 2306 2468 2375 ﬁnem,dictum
2500 2314 2606 2367 est,
2643 2307 2767 2373 quia
2792 2302 3014 2375 Iudaica
3048 2320 3180 2374 gens
3210 2304 3262 2356 in
3285 2303 3503 2371 impieta

1984 2408 2064 2453 tes
2109 2406 2164 2453 et
2218 2382 2537 2450 in'scelera
2584 2395 2862 2455 decidens,
2920 2394 3164 2448 finitimis
3213 2393 3506 2462 alienigeni-

1980 2485 2232 2556 gentibus
2272 2484 2414 2537 tradi
2454 2483 2695 2548 solebat;
2734 2491 2789 2536 et
2826 2482 2984 2536 modo
3022 2482 3238 2550 quidem
3284 2480 3515 2534 Moabita

1981 2575 2300 2642 subigebant
2333 2574 2499 2637 illam,
2530 2572 2687 2625 modo
2707 2570 3047 2632 Ammanitae,
3082 2570 3243 2623 modo
3266 2569 3524 2623 Madiani-

1980 2672 2066 2719 tae.
2100 2663 2299 2718 Deinde
2338 2671 2518 2717 autem
2552 2662 2619 2715 ad
2652 2660 2856 2730 frugem
2898 2674 3158 2715 revocans
3187 2658 3350 2721 Deus,
3393 2658 3525 2727 ipsis

1980 2755 2452 2823 patrocinabatur;
2495 2735 2725 2809 subinde
2774 2767 2899 2807 vero
2936 2752 3350 2820 praevaricaan
3405 2749 3524 2802 aliis

1979 2846 2214 2899 inimicis
2244 2844 2509 2906 tradebat,
2559 2858 2622 2897 ac
2670 2858 2862 2896 rursus
2906 2844 2957 2894 in
2992 2843 3278 2909 pristinum
3322 2848 3525 2893 statum

1977 2936 2295 2990 restituebat
2325 2953 2337 2988 :
2362 2942 2415 2989 α
2446 2948 2719 3001 nunquam
2755 2933 2806 2984 in
2844 2932 3001 2984 ﬁnem
3032 2946 3205 2999 usque
3232 2929 3523 2997 abjiciebat

1978 3028 2119 3089 illos,
2146 3027 2237 3081 sed
2275 3027 2419 3081 brevi
2454 3034 2577 3094 post
2607 3032 2847 3093 tempore
2872 3025 2927 3076 in
2959 3022 3184 3076 salutem
3212 3020 3517 3075 revocabat.

1975 3116 2043 3169 At
2078 3124 2197 3185 post
2229 3123 2495 3185 patratum
2533 3115 2602 3168 ab
2636 3116 2716 3168 eis
2745 3122 2935 3167 contra
2969 3111 3309 3165 Servatorem
3356 3124 3515 3162 exse-

1975 3206 2233 3260 crandum
2259 3204 2489 3269 facinus,
2520 3203 2741 3269 pervenit
2768 3202 2835 3255 ad
2866 3219 2951 3255 eos
2982 3202 3066 3253 ira
3092 3201 3147 3253 in
3173 3201 3325 3267 ﬁnem
3347 3198 3411 3261 η,
3444 3213 3523 3251 se-

1975 3296 2210 3349 cundum
2242 3294 2589 3364 apostolicam
2627 3294 2992 3362 Scripturam;
3026 3293 3097 3346 ita
3126 3300 3182 3345 ut
3213 3297 3335 3359 post
3370 3289 3517 3355 illam

1975 3385 2337 3440 calamitatem
2383 3399 2491 3437 non
2531 3386 2791 3437 hactenus
2837 3390 2999 3453 caput
3041 3383 3351 3437 extulerint.
3392 3380 3521 3445 Quae

1976 3475 2285 3543 signiﬁcans
2314 3473 2590 3542 prophetia
2624 3472 2752 3525 dicit
2785 3491 2797 3525 :
2829 3470 3045 3539 thuid,
3094 3472 3253 3533 Deus,
3286 3469 3521 3536 repuliin

1975 3568 2031 3620 iu
2066 3567 2261 3634 ﬁnem?
2290 3564 2393 3619 Per
2435 3563 2929 3634 interrogationem,
2954 3576 3081 3615 vero
3126 3561 3423 3615 admissum
3466 3560 3520 3613 in

1978 3655 2314 3710 Servatorem
2374 3664 2617 3708 nostrum
2674 3652 2883 3706 facinus
2924 3633 3354 3715 'subindicatur,
3408 3664 3520 3718 quo

1974 3757 2195 3817 peracto
2216 3747 2270 3799 in
2303 3745 2460 3799 ﬁnem
2501 3745 2695 3813 abjecti
2727 3752 2871 3798 sunt.
2908 3743 2963 3796 ld
2994 3757 3124 3799 sane
3158 3742 3272 3810 ipse
3303 3754 3519 3809 quoque
3630 3802 3631 3805 η

1977 3838 2247 3892 Servator.
2264 3838 2503 3892 declarat
2534 3836 2722 3890 dicens
2748 3855 2759 3889 :
2792 3836 3005 3900 Quoties
3035 3834 3175 3894 volui
3214 3848 3521 3902 congregare

1974 3930 2115 3998 ﬁlios
2147 3937 2284 3990 tuos,
2326 3926 2763 3997 quemadmodum
2807 3924 3010 3994 gallina
3031 3932 3319 3998 _congregat
3348 3922 3520 3988 pullos

1975 3993 2097 4073 suos
2139 4019 2232 4073 sub
2281 3993 2419 4079 alas,
2461 4025 2511 4068 et
2564 3993 2845 4071 noluistis?
2877 4014 3004 4068 Ecce
3021 3993 3353 4082 [relinquetur
3380 4014 3519 4067 vobis

1973 4112 2155 4163 domus
2198 4118 2368 4161 vestra
2406 4106 2610 4161 deserta
2637 4106 2700 4160 ".
2731 4105 2864 4158 Illud
2905 4105 3069 4166 enim,
3100 4104 3311 4169 Quoties
3357 4105 3518 4169 volui,
3576 4176 3577 4179 η

1975 4202 2175 4255 indicat
2227 4198 2565 4251 tolerantiam
2605 4196 2752 4249 illam
2800 4182 3056 4249 diuturno
3103 4203 3344 4263 tempore
3386 4195 3521 4265 ipsis

1973 4290 2297 4353 exliibitam;
2349 4286 2481 4341 illud
2513 4297 2661 4349 vero,
2700 4295 2747 4339 et
2793 4285 3057 4348 noluistis,
3092 4292 3416 4353 postremam
3452 4282 3521 4336 il-

1975 4378 2146 4430 lorum
2180 4376 2535 4445 abjectionem
2559 4376 2845 4446 signiﬁcat,
2868 4375 3083 4445 quando
3114 4376 3285 4428 iratus
3316 4381 3404 4433 est
3432 4372 3520 4426 fu-

1974 4486 2065 4525 ror
2111 4470 2230 4537 ejus
2258 4484 2419 4538 super
2460 4468 2581 4523 illas
2610 4482 2731 4537 quae
2771 4468 2899 4537 olim
2948 4473 3103 4521 erant
3144 4480 3273 4519 oves
3305 4478 3520 4533 pascua:

1973 4561 2109 4629 ejus.
2124 4561 2326 4629 Deinde
2342 4576 2467 4615 vero
2489 4560 2809 4631 supplicatio
2832 4559 3096 4614 emittitur
3116 4558 3201 4611 his
3226 4558 3406 4611 verbis
3431 4576 3520 4610 :—

316 4619 555 4703 δοθείσαν
587 4619 765 4710 αὐτοῦς
784 4619 1181 4719 μακροθυμίαν’
1214 4650 1274 4703 τὸ
1297 4619 1499 4713 δὲξκαί
1655 4619 1866 4717 ἠθελιξ-
1901 4619 1941 4673 D

1981 4619 2130 4707 llus.
2155 4652 2208 4705 2.
2240 4621 2442 4705 Memor
2465 4619 2573 4705 esto
2596 4619 2893 4720 'Synagoga!
2917 4658 3039 4711 tum,
3068 4663 3223 4713 quam
3244 4647 3519 4714 possedisti

316 4754 495 4801 σατε,
540 4737 935 4809 παραστατικὸν
967 4738 1031 4791 ἂν
1060 4740 1267 4806 γένοιτο
1294 4740 1654 4815 τῆς-ὑστάτης
1689 4740 1864 4794 αὐτῶν

316 4826 608 4895 ἀποϐολῆς,
629 4827 715 4879 ὅτε
737 4826 828 4877 καὶ
853 4826 1090 4896 ὠργίσθη
1108 4828 1151 4881 ,ὁ
1178 4828 1345 4896 θυμὸς
1370 4828 1531 4880 αὐτοῦ
1554 4830 1644 4881 ἐπὶ
1671 4829 1738 4881 τά
1761 4830 1865 4882 πά-

315 4917 403 4970 λαι
431 4917 693 4987 γενόμενα
720 4914 962 4987 πρόϐατα
988 4916 1155 4985 νομῆς
1181 4916 1363 4968 αὑτοῦ.
1410 4916 1563 4984 Ἑξῆς
1580 4917 1636 4969 δέ
1658 4920 1686 4970 ὁ
1710 4918 1863 4986 λόγος

319 5002 596 5074 ἱκετηρίαν
624 5002 883 5073 προσάγει
903 5000 1073 5068 λέγων
1089 5016 1104 5032 ο
1130 4996 1437 5069 Μνήσθητι
1460 5002 1568 5069 τῆς
1591 5018 1860 5075 συναγω-

318 5091 427 5159 γῆς
469 5108 605 5157 σου,
626 5089 700 5163 ἧς
725 5094 956 5161 ἐκτήσω
980 5093 1079 5145 ἀπ’
1107 5090 1316 5159 ἀρχῆς.
1350 5093 1558 5162 Σφόδρα
1588 5093 1643 5146 δὲ
1668 5096 1866 5149 καταλ-

315 5179 487 5248 ληλως
524 5184 838 5252 συναγωγῆς
867 5181 1229 5252 ἐμνημόνευσε
1249 5218 1265 5243 ,
1298 5183 1391 5234 καὶ
1430 5182 1642 5253 πρῶτον
1682 5187 1863 5255 κτῆμα

313 5270 407 5323 τοῦ
440 5270 574 5324 Θεοῦ
605 5291 766 5343 φησιν
798 5274 964 5344 αὐτὴν
996 5270 1268 5341 γεγονέναι
1294 5288 1307 5301 ο
1336 5272 1431 5325 ἅτε
1461 5273 1613 5336 είδὼς
1642 5276 1737 5328 καὶ
1763 5277 1863 5345 τὴν

318 5359 392 5429 μὴ
417 5358 476 5425 ἐξ
501 5361 692 5431 ἀρχῆς,
713 5363 823 5416 ἀλλ’
854 5362 1075 5433 ὕστερον
1103 5358 1237 5431 μετά
1262 5360 1359 5430 τὴν
1379 5362 1691 5417 ἀπόπτωσιν
1714 5368 1859 5420 ἐκεί-

315 5467 411 5521 νης
437 5449 497 5516 ἐξ
538 5451 790 5529 ἁπάντων
829 5453 937 5506 τῶν
971 5453 1137 5506 ἐθνῶν
1170 5452 1473 5505 ὑποστᾶσαν
1513 5454 1854 5528 Ἐκκλησίαν.

316 5533 422 5604 Ἥς
441 5540 533 5593 καὶ
555 5542 612 5594 ἐν
629 5540 834 5610 ἑτέροις
863 5543 1183 5612 μνημονεύει
1200 5542 1368 5609 λέγων
1388 5558 1400 5571 ·
1439 5543 1534 5603 Ἐν
1544 5544 1711 5613 μέσῳ
1743 5549 1863 5601 Ἐκ-

317 5630 573 5697 unctae
599 5630 845 5697 ὑμνήσω
870 5647 943 5686 σε
963 5647 979 5664 ·
998 5633 1104 5685 ’καὶ
1132 5633 1289 5685 πάλιν
1314 5648 1327 5662 ·
1370 5634 1861 5705 Henry-eliadum

388 5742 431 5773 “
470 5740 656 5795 Matth.
692 5758 836 5803 χχιι,
867 5743 977 5799 ‘2-6.
1048 5774 1051 5775 ν
1088 5746 1129 5776 ⁸³
1169 5744 1295 5798 ibid.
1334 5745 1383 5797 7.

321 5810 363 5843 ¹⁹
400 5810 538 5864 Psal.
578 5826 779 5878 χχχιχ,
815 5814 898 5867 10.
978 5814 1021 5844 ¹⁰
1060 5812 1200 5867 Psal.
1240 5830 1365 5878 χχι,
1396 5813 1484 5867 26.

1490 5745 1532 5776 ¹⁶
1568 5744 1585 5798 1
1624 5746 1796 5839 Thess
1854 5752 1927 5819 ti,
1979 5748 2057 5807 16.
2152 5752 2191 5783 ¹⁷
2234 5750 2419 5806 Matth.
2464 5768 2633 5817 mu,
2668 5752 2769 5817 1'17,
2806 5752 2893 5806 ⁸58.

1971 4746 2041 4809 ab_
2056 4744 2219 4797 initio.
2240 4742 2538 4795 Admodum
2556 4746 2914 4808 congruenter
2935 4738 3271 4809 Synagogam
3289 4753 3518 4793 comme-

1970 4841 2142 4886 morat
2161 4832 2347 4902 aitque
2376 4831 2517 4885 illam
2538 4832 2761 4901 primam
2792 4828 2886 4884 Dei
2904 4830 3300 4899 possessionem
3314 4828 3513 4893 fuisse;

1967 4932 2149 4992 utpote
2181 4922 2271 4990 qui
2308 4910 2492 4975 nosset
2534 4918 2854 4987 Ecclesiam,
2893 4937 2959 4975 ex
2989 4922 3239 4976 omnibus
3269 4920 3517 4989 gentibus

1966 5015 2332 5075 constitutam,
2364 5027 2484 5082 quae
2525 5027 2632 5066 non
2663 5013 2731 5067 ab
2768 5013 2944 5079 initio,
2986 5014 3079 5068 sed
3120 5022 3241 5084 post
3275 5008 3516 5081 Synago-L

1967 5120 2047 5173 gae
2079 5104 2294 5158 ruinam
2341 5106 2568 5159 exstitit.
2610 5104 2780 5172 Cujus
2822 5102 3079 5157 Ecclesiae
3101 5104 3235 5156 alias
3274 5103 3518 5154 meminit

1965 5191 2191 5245 dicens:
2226 5189 2293 5244 In
2340 5192 2510 5246 medio
2551 5192 2799 5246 Ecclesia:
2848 5190 3074 5243 laudabo
3120 5201 3166 5243 te
3190 5189 3261 5253 ";
3297 5196 3350 5242 et
3394 5203 3517 5241 rur-

1964 5294 2058 5333 sus
2087 5298 2100 5332 :
2130 5278 2449 5336 Annuntiavi
2475 5283 2741 5359 justitiam
2769 5281 2823 5333 in
2854 5278 3091 5333 Ecclesia
3134 5278 3420 5345 magna“;
3453 5293 3516 5331 ac

1948 5368 2157 5425 iterum
2182 5386 2195 5421 :
2217 5369 2371 5437 Apud
2395 5380 2442 5424 te
2469 5370 2584 5423 laus
2618 5386 2731 5422 mea
2758 5371 2811 5421 in
2838 5368 3072 5423 Ecclesia
3108 5382 3297 5434 magna
3319 5366 3383 5417 9°.
3416 5364 3514 5419 Vc-

1965 5456 2081 5510 rum
2116 5472 2226 5512 non
2252 5461 2379 5514 talis
2411 5461 2501 5538 illa
2528 5460 2658 5517 ’olim
2690 5458 2970 5528 Synagoga
3001 5464 3117 5510 erat
3153 5474 3165 5512 :
3201 5456 3287 5507 illa
3314 5456 3513 5524 quippe

1967 5546 2087 5627 ideo
2116 5548 2198 5602 sic
2242 5550 2539 5603 vocabatur
2567 5549 2710 5618 quod
2761 5563 2871 5602 uno
2908 5551 2963 5602 in
3008 5548 3124 5600 loco
3154 5560 3510 5615 congregare-

1966 5648 2082 5703 tur;
2116 5637 2231 5692 haec
2269 5654 2396 5694 vero
2424 5639 2837 5707 praecellentiam
2870 5637 3146 5692 electionis
3189 5650 3299 5690 suae
3335 5636 3507 5690 decla-

2998 5752 3042 5782 ³⁸
3075 5750 3215 5805 Psal.
3255 5766 3344 5804 χχι
3370 5790 3383 5814 ,
3418 5746 3505 5804 25.
