  <div class='ocr_page' id='page_1' title='image "/cluster/home/n/w/nwhite01/storage/ocr_20150623/23/coo.31924054873041/445.png"; bbox 0 0 4294 6404; ppageno 0'>
   <div class='ocr_carea' id='block_1_1' title="bbox 812 445 921 502">
    <p class='ocr_par' dir='ltr' id='par_1_1' title="bbox 812 445 921 502">
     <span class='ocr_line' id='line_1_1' title="bbox 812 445 921 502; baseline -0.009 0"><span class='ocrx_word' id='word_1_1' title='bbox 812 445 921 502; x_wconf 80' lang='lat'><strong>859</strong></span> 
     </span>
    </p>
   </div>
   <div class='ocr_carea' id='block_1_2' title="bbox 1476 447 3307 511">
    <p class='ocr_par' dir='ltr' id='par_1_2' title="bbox 1476 447 3307 511">
     <span class='ocr_line' id='line_1_2' title="bbox 1476 447 3307 511; baseline 0.005 -9"><span class='ocrx_word' id='word_1_2' title='bbox 1476 447 1731 505; x_wconf 80' lang='lat' dir='ltr'><strong>EUSEBII</strong></span> <span class='ocrx_word' id='word_1_3' title='bbox 1772 450 2238 509; x_wconf 65' lang='lat' dir='ltr'><strong>CAESARIENSIS</strong></span> <span class='ocrx_word' id='word_1_4' title='bbox 2275 454 2425 509; x_wconf 81' lang='lat' dir='ltr'><strong>OPP.</strong></span> <span class='ocrx_word' id='word_1_5' title='bbox 2470 455 2643 511; x_wconf 79' lang='lat' dir='ltr'><strong>PARS</strong></span> <span class='ocrx_word' id='word_1_6' title='bbox 2681 456 2764 511; x_wconf 89' lang='lat' dir='ltr'><strong>lll.</strong></span> <span class='ocrx_word' id='word_1_7' title='bbox 2796 485 2865 497; x_wconf 92' lang='lat'><strong>-—</strong></span> <span class='ocrx_word' id='word_1_8' title='bbox 2904 453 3307 511; x_wconf 79' lang='lat' dir='ltr'><strong>EXEGETICA.</strong></span> 
     </span>
    </p>
   </div>
   <div class='ocr_carea' id='block_1_3' title="bbox 3896 458 4017 516">
    <p class='ocr_par' dir='ltr' id='par_1_3' title="bbox 3896 458 4017 516">
     <span class='ocr_line' id='line_1_3' title="bbox 3896 458 4017 516; baseline 0 0"><span class='ocrx_word' id='word_1_9' title='bbox 3896 458 4017 516; x_wconf 74' lang='lat'><strong>800</strong></span> 
     </span>
    </p>
   </div>
   <div class='ocr_carea' id='block_1_4' title="bbox 816 560 2380 645">
    <p class='ocr_par' dir='ltr' id='par_1_4' title="bbox 816 560 2354 635">
     <span class='ocr_line' id='line_1_4' title="bbox 816 560 2354 635; baseline 0.005 -21"><span class='ocrx_word' id='word_1_10' title='bbox 816 560 974 615; x_wconf 75' lang='lat' dir='ltr'><strong>Nunc</strong></span> <span class='ocrx_word' id='word_1_11' title='bbox 1013 566 1187 614; x_wconf 88' lang='lat' dir='ltr'><strong>autem</strong></span> <span class='ocrx_word' id='word_1_12' title='bbox 1231 574 1351 614; x_wconf 93' lang='lat' dir='ltr'><strong>cum</strong></span> <span class='ocrx_word' id='word_1_13' title='bbox 1381 562 1631 630; x_wconf 68' lang='lat' dir='ltr'><strong>praedicta</strong></span> <span class='ocrx_word' id='word_1_14' title='bbox 1670 562 1723 618; x_wconf 89' lang='lat' dir='ltr'><strong>in</strong></span> <span class='ocrx_word' id='word_1_15' title='bbox 1752 580 1853 620; x_wconf 90' lang='lat' dir='ltr'><strong>nos</strong></span> <span class='ocrx_word' id='word_1_16' title='bbox 1881 581 2042 635; x_wconf 88' lang='lat' dir='ltr'><strong>opere</strong></span> <span class='ocrx_word' id='word_1_17' title='bbox 2065 567 2354 635; x_wconf 86' lang='lat' dir='ltr'><strong>perﬁciun-</strong></span> 
     </span>
    </p>
   </div>
   <div class='ocr_carea' id='block_1_5' title="bbox 2454 560 4014 645">
    <p class='ocr_par' dir='ltr' id='par_1_5' title="bbox 2456 567 4014 645">
     <span class='ocr_line' id='line_1_5' title="bbox 2456 567 4014 645; baseline 0.003 -23"><span class='ocrx_word' id='word_1_18' title='bbox 2456 570 2739 624; x_wconf 74' lang='grc' dir='ltr'>καὶταῦτα</span> <span class='ocrx_word' id='word_1_19' title='bbox 2777 567 2844 643; x_wconf 69' lang='grc' dir='ltr'><strong>ἧι</strong></span> <span class='ocrx_word' id='word_1_20' title='bbox 2874 571 2967 625; x_wconf 78' lang='grc' dir='ltr'>τοῦ</span> <span class='ocrx_word' id='word_1_21' title='bbox 3000 570 3132 623; x_wconf 78' lang='grc' dir='ltr'>Θεοῦ</span> <span class='ocrx_word' id='word_1_22' title='bbox 3164 570 3230 624; x_wconf 88' lang='grc' dir='ltr'><strong>τά</strong></span> <span class='ocrx_word' id='word_1_23' title='bbox 3264 572 3479 641; x_wconf 82' lang='grc' dir='ltr'>σημεῖα.</span> <span class='ocrx_word' id='word_1_24' title='bbox 3513 569 3624 626; x_wconf 78' lang='grc' dir='ltr'><strong>Νῦν</strong></span> <span class='ocrx_word' id='word_1_25' title='bbox 3661 572 3716 626; x_wconf 88' lang='grc' dir='ltr'><strong>δέ</strong></span> <span class='ocrx_word' id='word_1_26' title='bbox 3747 575 3825 637; x_wconf 82' lang='grc' dir='ltr'><strong>είς</strong></span> <span class='ocrx_word' id='word_1_27' title='bbox 3854 574 4014 645; x_wconf 74' lang='grc' dir='ltr'>ἡμᾶς</span> 
     </span>
    </p>
   </div>
   <div class='ocr_carea' id='block_1_6' title="bbox 818 645 2356 725">
    <p class='ocr_par' dir='ltr' id='par_1_6' title="bbox 818 645 2356 725">
     <span class='ocr_line' id='line_1_6' title="bbox 818 645 2356 725; baseline 0.007 -21"><span class='ocrx_word' id='word_1_28' title='bbox 818 658 929 716; x_wconf 82' lang='lat' dir='ltr'><strong>tur,</strong></span> <span class='ocrx_word' id='word_1_29' title='bbox 976 645 1148 721; x_wconf 78' lang='lat' dir='ltr'><strong>&#39;Signa</strong></span> <span class='ocrx_word' id='word_1_30' title='bbox 1173 662 1352 705; x_wconf 86' lang='lat' dir='ltr'><strong>nostra</strong></span> <span class='ocrx_word' id='word_1_31' title='bbox 1377 669 1478 706; x_wconf 86' lang='lat' dir='ltr'><strong>non</strong></span> <span class='ocrx_word' id='word_1_32' title='bbox 1506 654 1726 709; x_wconf 77' lang='lat' dir='ltr'><strong>vidimus</strong></span> <span class='ocrx_word' id='word_1_33' title='bbox 1753 672 1772 709; x_wconf 91' lang='lat'><strong><em>:</em></strong></span> <span class='ocrx_word' id='word_1_34' title='bbox 1800 672 1969 725; x_wconf 88' lang='lat' dir='ltr'><strong>quare</strong></span> <span class='ocrx_word' id='word_1_35' title='bbox 2005 658 2122 725; x_wconf 88' lang='lat' dir='ltr'><strong>jam</strong></span> <span class='ocrx_word' id='word_1_36' title='bbox 2153 674 2255 712; x_wconf 90' lang='lat' dir='ltr'><strong>non</strong></span> <span class='ocrx_word' id='word_1_37' title='bbox 2281 670 2356 714; x_wconf 82' lang='lat' dir='ltr'><strong>est</strong></span> 
     </span>
    </p>
   </div>
   <div class='ocr_carea' id='block_1_7' title="bbox 814 741 2354 813">
    <p class='ocr_par' dir='ltr' id='par_1_7' title="bbox 814 741 2354 813">
     <span class='ocr_line' id='line_1_7' title="bbox 814 741 2354 813; baseline 0.005 -20"><span class='ocrx_word' id='word_1_38' title='bbox 814 741 1081 809; x_wconf 73' lang='lat' dir='ltr'><strong>propheta,</strong></span> <span class='ocrx_word' id='word_1_39' title='bbox 1123 750 1172 796; x_wconf 85' lang='lat' dir='ltr'><strong>et</strong></span> <span class='ocrx_word' id='word_1_40' title='bbox 1204 758 1298 797; x_wconf 85' lang='lat' dir='ltr'><strong>uos</strong></span> <span class='ocrx_word' id='word_1_41' title='bbox 1334 758 1435 795; x_wconf 85' lang='lat' dir='ltr'><strong>non</strong></span> <span class='ocrx_word' id='word_1_42' title='bbox 1462 753 1730 813; x_wconf 74' lang='lat' dir='ltr'><strong>cognoscet</strong></span> <span class='ocrx_word' id='word_1_43' title='bbox 1758 744 2000 813; x_wconf 82' lang='lat' dir='ltr'><strong>amplius.</strong></span> <span class='ocrx_word' id='word_1_44' title='bbox 2025 745 2159 801; x_wconf 85' lang='lat' dir='ltr'><strong>Nam</strong></span> <span class='ocrx_word' id='word_1_45' title='bbox 2197 747 2243 801; x_wconf 91' lang='lat' dir='ltr'><strong>si</strong></span> <span class='ocrx_word' id='word_1_46' title='bbox 2289 748 2354 801; x_wconf 90' lang='lat' dir='ltr'><strong>ad</strong></span> 
     </span>
    </p>
   </div>
   <div class='ocr_carea' id='block_1_8' title="bbox 814 834 2355 907">
    <p class='ocr_par' dir='ltr' id='par_1_8' title="bbox 814 834 2355 907">
     <span class='ocr_line' id='line_1_8' title="bbox 814 834 2355 907; baseline 0.001 -17"><span class='ocrx_word' id='word_1_47' title='bbox 814 835 974 890; x_wconf 71' lang='lat' dir='ltr'><strong>bteve</strong></span> <span class='ocrx_word' id='word_1_48' title='bbox 995 835 1167 889; x_wconf 90' lang='lat' dir='ltr'><strong>solum</strong></span> <span class='ocrx_word' id='word_1_49' title='bbox 1189 842 1399 905; x_wconf 79' lang='lat' dir='ltr'><strong>tempus</strong></span> <span class='ocrx_word' id='word_1_50' title='bbox 1421 836 1694 906; x_wconf 71' lang='lat' dir='ltr'><strong>propheta:</strong></span> <span class='ocrx_word' id='word_1_51' title='bbox 1718 834 2077 899; x_wconf 75' lang='lat' dir='ltr'><strong>defecissent,</strong></span> <span class='ocrx_word' id='word_1_52' title='bbox 2104 844 2155 892; x_wconf 88' lang='lat' dir='ltr'><strong>et</strong></span> <span class='ocrx_word' id='word_1_53' title='bbox 2172 847 2355 907; x_wconf 86' lang='lat' dir='ltr'><strong>postea</strong></span> 
     </span>
    </p>
   </div>
   <div class='ocr_carea' id='block_1_9' title="bbox 811 924 2356 995">
    <p class='ocr_par' dir='ltr' id='par_1_9' title="bbox 811 924 2356 995">
     <span class='ocr_line' id='line_1_9' title="bbox 811 924 2356 995; baseline 0.002 -17"><span class='ocrx_word' id='word_1_54' title='bbox 811 935 989 978; x_wconf 82' lang='lat' dir='ltr'><strong>tamen</strong></span> <span class='ocrx_word' id='word_1_55' title='bbox 1038 924 1437 994; x_wconf 72' lang='lat' dir='ltr'><strong>apparuissent,</strong></span> <span class='ocrx_word' id='word_1_56' title='bbox 1466 940 1803 995; x_wconf 84' lang='lat' dir='ltr'><strong>nequaquam</strong></span> <span class='ocrx_word' id='word_1_57' title='bbox 1851 925 2053 981; x_wconf 88' lang='lat' dir='ltr'><strong>dictum</strong></span> <span class='ocrx_word' id='word_1_58' title='bbox 2102 935 2268 991; x_wconf 87' lang='lat' dir='ltr'><strong>esset,</strong></span> <span class='ocrx_word' id='word_1_59' title='bbox 2306 937 2356 982; x_wconf 86' lang='lat' dir='ltr'><strong>et</strong></span> 
     </span>
    </p>
   </div>
   <div class='ocr_carea' id='block_1_10' title="bbox 813 1015 2357 1086">
    <p class='ocr_par' dir='ltr' id='par_1_10' title="bbox 813 1015 2357 1086">
     <span class='ocr_line' id='line_1_10' title="bbox 813 1015 2357 1086; baseline 0.003 -19"><span class='ocrx_word' id='word_1_60' title='bbox 813 1030 903 1068; x_wconf 88' lang='lat' dir='ltr'><strong>nos</strong></span> <span class='ocrx_word' id='word_1_61' title='bbox 961 1031 1063 1068; x_wconf 91' lang='lat' dir='ltr'><strong>non</strong></span> <span class='ocrx_word' id='word_1_62' title='bbox 1109 1024 1377 1085; x_wconf 80' lang='lat' dir='ltr'><strong>cognoscet</strong></span> <span class='ocrx_word' id='word_1_63' title='bbox 1438 1017 1679 1083; x_wconf 77' lang='lat' dir='ltr'><strong>amplius.</strong></span> <span class='ocrx_word' id='word_1_64' title='bbox 1742 1015 1860 1071; x_wconf 79' lang='lat' dir='ltr'><strong>Jam</strong></span> <span class='ocrx_word' id='word_1_65' title='bbox 1901 1033 2029 1072; x_wconf 88' lang='lat' dir='ltr'><strong>vero</strong></span> <span class='ocrx_word' id='word_1_66' title='bbox 2071 1017 2195 1086; x_wconf 85' lang='lat' dir='ltr'><strong>quia</strong></span> <span class='ocrx_word' id='word_1_67' title='bbox 2235 1030 2357 1086; x_wconf 90' lang='lat' dir='ltr'><strong>post.</strong></span> 
     </span>
    </p>
   </div>
   <div class='ocr_carea' id='block_1_11' title="bbox 810 1101 2356 1175">
    <p class='ocr_par' dir='ltr' id='par_1_11' title="bbox 810 1101 2356 1175">
     <span class='ocr_line' id='line_1_11' title="bbox 810 1101 2356 1175; baseline 0.002 -19"><span class='ocrx_word' id='word_1_68' title='bbox 810 1103 1052 1173; x_wconf 86' lang='lat' dir='ltr'><strong>ipsorum</strong></span> <span class='ocrx_word' id='word_1_69' title='bbox 1094 1104 1147 1159; x_wconf 92' lang='lat' dir='ltr'><strong>in</strong></span> <span class='ocrx_word' id='word_1_70' title='bbox 1185 1101 1525 1159; x_wconf 78' lang='lat' dir='ltr'><strong>Servatorem</strong></span> <span class='ocrx_word' id='word_1_71' title='bbox 1568 1120 1753 1170; x_wconf 89' lang='lat' dir='ltr'><strong>ausus,</strong></span> <span class='ocrx_word' id='word_1_72' title='bbox 1790 1106 2218 1175; x_wconf 71' lang='lat' dir='ltr'><strong>irrumpentibus</strong></span> <span class='ocrx_word' id='word_1_73' title='bbox 2249 1106 2356 1159; x_wconf 77' lang='lat' dir='ltr'><strong>Ro—</strong></span> 
     </span>
    </p>
   </div>
   <div class='ocr_carea' id='block_1_12' title="bbox 810 1195 2353 1267">
    <p class='ocr_par' dir='ltr' id='par_1_12' title="bbox 810 1195 2353 1267">
     <span class='ocr_line' id='line_1_12' title="bbox 810 1195 2353 1267; baseline 0.002 -20"><span class='ocrx_word' id='word_1_74' title='bbox 810 1195 1006 1259; x_wconf 78' lang='lat' dir='ltr'><strong>manis,</strong></span> <span class='ocrx_word' id='word_1_75' title='bbox 1038 1195 1324 1264; x_wconf 88' lang='lat' dir='ltr'><strong>locumque</strong></span> <span class='ocrx_word' id='word_1_76' title='bbox 1364 1211 1393 1250; x_wconf 89' lang='lat' dir='ltr'><strong>a</strong></span> <span class='ocrx_word' id='word_1_77' title='bbox 1438 1196 1789 1251; x_wconf 76' lang='lat' dir='ltr'><strong>fundamento</strong></span> <span class='ocrx_word' id='word_1_78' title='bbox 1819 1195 2179 1267; x_wconf 85' lang='lat' dir='ltr'><strong>diruentihus,</strong></span> <span class='ocrx_word' id='word_1_79' title='bbox 2217 1212 2353 1250; x_wconf 91' lang='lat' dir='ltr'><strong>nus-</strong></span> 
     </span>
    </p>
   </div>
   <div class='ocr_carea' id='block_1_13' title="bbox 809 1286 2356 1356">
    <p class='ocr_par' dir='ltr' id='par_1_13' title="bbox 809 1286 2356 1356">
     <span class='ocr_line' id='line_1_13' title="bbox 809 1286 2356 1356; baseline 0 -19"><span class='ocrx_word' id='word_1_80' title='bbox 809 1299 973 1353; x_wconf 85' lang='lat' dir='ltr'><strong>quam</strong></span> <span class='ocrx_word' id='word_1_81' title='bbox 1015 1286 1288 1356; x_wconf 71' lang='lat' dir='ltr'><strong>propheta:</strong></span> <span class='ocrx_word' id='word_1_82' title='bbox 1329 1287 1566 1342; x_wconf 87' lang='lat' dir='ltr'><strong>obsessis</strong></span> <span class='ocrx_word' id='word_1_83' title='bbox 1605 1288 1852 1349; x_wconf 86' lang='lat' dir='ltr'><strong>aderant,</strong></span> <span class='ocrx_word' id='word_1_84' title='bbox 1923 1286 2018 1341; x_wconf 88' lang='lat' dir='ltr'><strong>sed</strong></span> <span class='ocrx_word' id='word_1_85' title='bbox 2065 1301 2238 1355; x_wconf 86' lang='lat' dir='ltr'><strong>neque</strong></span> <span class='ocrx_word' id='word_1_86' title='bbox 2272 1302 2356 1341; x_wconf 74' lang='lat' dir='ltr'><strong>se-</strong></span> 
     </span>
    </p>
   </div>
   <div class='ocr_carea' id='block_1_14' title="bbox 786 1379 2355 1449">
    <p class='ocr_par' dir='ltr' id='par_1_14' title="bbox 786 1379 2355 1449">
     <span class='ocr_line' id='line_1_14' title="bbox 786 1379 2355 1449; baseline 0.001 -18"><span class='ocrx_word' id='word_1_87' title='bbox 786 1379 993 1447; x_wconf 82' lang='lat' dir='ltr'><strong>quenti</strong></span> <span class='ocrx_word' id='word_1_88' title='bbox 1022 1387 1265 1447; x_wconf 85' lang='lat' dir='ltr'><strong>tempore</strong></span> <span class='ocrx_word' id='word_1_89' title='bbox 1293 1380 1601 1443; x_wconf 82' lang='lat' dir='ltr'><strong>adfuerunt,</strong></span> <span class='ocrx_word' id='word_1_90' title='bbox 1628 1393 1727 1433; x_wconf 91' lang='lat' dir='ltr'><strong>nec</strong></span> <span class='ocrx_word' id='word_1_91' title='bbox 1749 1392 1985 1449; x_wconf 89' lang='lat' dir='ltr'><strong>unquam</strong></span> <span class='ocrx_word' id='word_1_92' title='bbox 2016 1386 2203 1449; x_wconf 85' lang='lat' dir='ltr'><strong>postea</strong></span> <span class='ocrx_word' id='word_1_93' title='bbox 2232 1394 2355 1435; x_wconf 78' lang='lat' dir='ltr'><strong>sur-</strong></span> 
     </span>
    </p>
   </div>
   <div class='ocr_carea' id='block_1_15' title="bbox 808 1459 2355 1540">
    <p class='ocr_par' dir='ltr' id='par_1_15' title="bbox 808 1459 2355 1540">
     <span class='ocr_line' id='line_1_15' title="bbox 808 1459 2355 1540; baseline 0.001 -19"><span class='ocrx_word' id='word_1_94' title='bbox 808 1468 1012 1524; x_wconf 90' lang='lat' dir='ltr'><strong>recturi</strong></span> <span class='ocrx_word' id='word_1_95' title='bbox 1040 1478 1199 1535; x_wconf 86' lang='lat' dir='ltr'><strong>sunt;</strong></span> <span class='ocrx_word' id='word_1_96' title='bbox 1227 1468 1531 1525; x_wconf 72' lang='lat' dir='ltr'><strong>admirabili</strong></span> <span class='ocrx_word' id='word_1_97' title='bbox 1560 1459 1719 1524; x_wconf 84' lang='lat' dir='ltr'><strong>modo</strong></span> <span class='ocrx_word' id='word_1_98' title='bbox 1753 1469 2035 1539; x_wconf 73' lang='lat' dir='ltr'><strong>prophetia</strong></span> <span class='ocrx_word' id='word_1_99' title='bbox 2070 1478 2355 1540; x_wconf 91' lang='lat' dir='ltr'><strong>postquam</strong></span> 
     </span>
    </p>
   </div>
   <div class='ocr_carea' id='block_1_16' title="bbox 806 1557 2357 1629">
    <p class='ocr_par' dir='ltr' id='par_1_16' title="bbox 806 1557 2357 1629">
     <span class='ocr_line' id='line_1_16' title="bbox 806 1557 2357 1629; baseline 0.001 -16"><span class='ocrx_word' id='word_1_100' title='bbox 806 1557 1039 1625; x_wconf 62' lang='lat' dir='ltr'><strong>(ﬁxerat,</strong></span> <span class='ocrx_word' id='word_1_101' title='bbox 1067 1558 1192 1612; x_wconf 75' lang='lat' dir='ltr'><strong>lam</strong></span> <span class='ocrx_word' id='word_1_102' title='bbox 1230 1576 1332 1614; x_wconf 89' lang='lat' dir='ltr'><strong>non</strong></span> <span class='ocrx_word' id='word_1_103' title='bbox 1360 1570 1437 1614; x_wconf 82' lang='lat' dir='ltr'><strong>est</strong></span> <span class='ocrx_word' id='word_1_104' title='bbox 1480 1561 1746 1629; x_wconf 82' lang='lat' dir='ltr'><strong>propheta,</strong></span> <span class='ocrx_word' id='word_1_105' title='bbox 1772 1561 1997 1626; x_wconf 77' lang='lat' dir='ltr'><strong>addidit,</strong></span> <span class='ocrx_word' id='word_1_106' title='bbox 2030 1570 2079 1614; x_wconf 88' lang='lat' dir='ltr'><strong>et</strong></span> <span class='ocrx_word' id='word_1_107' title='bbox 2122 1578 2216 1616; x_wconf 89' lang='lat' dir='ltr'><strong>nos</strong></span> <span class='ocrx_word' id='word_1_108' title='bbox 2256 1578 2357 1615; x_wconf 76' lang='lat' dir='ltr'><strong>non</strong></span> 
     </span>
    </p>
   </div>
   <div class='ocr_carea' id='block_1_17' title="bbox 708 1649 2355 1723">
    <p class='ocr_par' dir='ltr' id='par_1_17' title="bbox 708 1649 2355 1723">
     <span class='ocr_line' id='line_1_17' title="bbox 708 1649 2355 1723; baseline 0.002 -22"><span class='ocrx_word' id='word_1_109' title='bbox 708 1680 709 1683; x_wconf 60' lang='grc' dir='ltr'><strong>η</strong></span> <span class='ocrx_word' id='word_1_110' title='bbox 808 1658 1079 1718; x_wconf 73' lang='lat' dir='ltr'><strong>cognoscet</strong></span> <span class='ocrx_word' id='word_1_111' title='bbox 1112 1649 1357 1719; x_wconf 79' lang='lat' dir='ltr'><strong>amplius.</strong></span> <span class='ocrx_word' id='word_1_112' title='bbox 1402 1650 1559 1717; x_wconf 82' lang='lat' dir='ltr'><strong>Quod</strong></span> <span class='ocrx_word' id='word_1_113' title='bbox 1612 1666 1743 1706; x_wconf 88' lang='lat' dir='ltr'><strong>sane</strong></span> <span class='ocrx_word' id='word_1_114' title='bbox 1784 1666 1892 1705; x_wconf 91' lang='lat' dir='ltr'><strong>non</strong></span> <span class='ocrx_word' id='word_1_115' title='bbox 1941 1651 2355 1723; x_wconf 84' lang='lat' dir='ltr'><strong>Babyloniorum</strong></span> 
     </span>
    </p>
   </div>
   <div class='ocr_carea' id='block_1_18' title="bbox 806 1732 2355 1809">
    <p class='ocr_par' dir='ltr' id='par_1_18' title="bbox 806 1732 2355 1809">
     <span class='ocr_line' id='line_1_18' title="bbox 806 1732 2355 1809; baseline -0.001 -18"><span class='ocrx_word' id='word_1_116' title='bbox 806 1745 1080 1806; x_wconf 85' lang='lat' dir='ltr'><strong>tempore,</strong></span> <span class='ocrx_word' id='word_1_117' title='bbox 1114 1753 1285 1809; x_wconf 89' lang='lat' dir='ltr'><strong>neque</strong></span> <span class='ocrx_word' id='word_1_118' title='bbox 1328 1738 1597 1809; x_wconf 78' lang='lat' dir='ltr'><strong>snperiori</strong></span> <span class='ocrx_word' id='word_1_119' title='bbox 1647 1753 1761 1794; x_wconf 73' lang='lat' dir='ltr'><strong>sevo</strong></span> <span class='ocrx_word' id='word_1_120' title='bbox 1806 1732 1914 1793; x_wconf 85' lang='lat' dir='ltr'><strong>dici</strong></span> <span class='ocrx_word' id='word_1_121' title='bbox 1964 1747 2190 1809; x_wconf 75' lang='lat' dir='ltr'><strong>poterat.</strong></span> <span class='ocrx_word' id='word_1_122' title='bbox 2222 1737 2355 1792; x_wconf 79' lang='lat' dir='ltr'><strong>Nam</strong></span> 
     </span>
    </p>
   </div>
   <div class='ocr_carea' id='block_1_19' title="bbox 2456 662 4012 736">
    <p class='ocr_par' dir='ltr' id='par_1_19' title="bbox 2456 662 4012 736">
     <span class='ocr_line' id='line_1_19' title="bbox 2456 662 4012 736; baseline 0.003 -21"><span class='ocrx_word' id='word_1_123' title='bbox 2456 663 2706 731; x_wconf 86' lang='grc' dir='ltr'>γινόμενα</span> <span class='ocrx_word' id='word_1_124' title='bbox 2729 664 2817 715; x_wconf 81' lang='grc' dir='ltr'>ὅτε</span> <span class='ocrx_word' id='word_1_125' title='bbox 2838 664 2903 716; x_wconf 86' lang='grc' dir='ltr'>τὰ</span> <span class='ocrx_word' id='word_1_126' title='bbox 2925 663 3282 734; x_wconf 72' lang='grc' dir='ltr'>προλεχθέντα</span> <span class='ocrx_word' id='word_1_127' title='bbox 3309 662 3374 715; x_wconf 85' lang='grc' dir='ltr'><strong>δι’</strong></span> <span class='ocrx_word' id='word_1_128' title='bbox 3395 662 3567 735; x_wconf 79' lang='grc' dir='ltr'>ἔργων</span> <span class='ocrx_word' id='word_1_129' title='bbox 3582 666 3763 736; x_wconf 78' lang='grc' dir='ltr'>χωρεῖ,</span> <span class='ocrx_word' id='word_1_130' title='bbox 3792 664 3868 719; x_wconf 83' lang='grc' dir='ltr'><strong>Τὰ</strong></span> <span class='ocrx_word' id='word_1_131' title='bbox 3888 680 4012 733; x_wconf 85' lang='grc' dir='ltr'><strong>ση-</strong></span> 
     </span>
    </p>
   </div>
   <div class='ocr_carea' id='block_1_20' title="bbox 2450 754 4009 825">
    <p class='ocr_par' dir='ltr' id='par_1_20' title="bbox 2450 754 4009 825">
     <span class='ocr_line' id='line_1_20' title="bbox 2450 754 4009 825; baseline -0.001 -15"><span class='ocrx_word' id='word_1_132' title='bbox 2450 755 2587 822; x_wconf 82' lang='grc' dir='ltr'>μεῖα</span> <span class='ocrx_word' id='word_1_133' title='bbox 2614 754 2779 824; x_wconf 78' lang='grc' dir='ltr'>ἡμῶν</span> <span class='ocrx_word' id='word_1_134' title='bbox 2804 758 2912 808; x_wconf 82' lang='grc' dir='ltr'>οὐκ</span> <span class='ocrx_word' id='word_1_135' title='bbox 2951 754 3185 823; x_wconf 70' lang='grc' dir='ltr'>δίδομεν</span> <span class='ocrx_word' id='word_1_136' title='bbox 3202 771 3215 785; x_wconf 91' lang='grc'><strong>·</strong></span> <span class='ocrx_word' id='word_1_137' title='bbox 3243 754 3306 807; x_wconf 88' lang='grc' dir='ltr'><strong>δι’</strong></span> <span class='ocrx_word' id='word_1_138' title='bbox 3342 754 3370 807; x_wconf 82' lang='grc' dir='ltr'><strong>ὃ</strong></span> <span class='ocrx_word' id='word_1_139' title='bbox 3397 757 3507 809; x_wconf 79' lang='grc' dir='ltr'>οὐκ</span> <span class='ocrx_word' id='word_1_140' title='bbox 3530 755 3715 809; x_wconf 64' lang='grc' dir='ltr'>ἔστιν</span> <span class='ocrx_word' id='word_1_141' title='bbox 3742 754 3830 809; x_wconf 73' lang='lat' dir='ltr'><strong>tu</strong></span> <span class='ocrx_word' id='word_1_142' title='bbox 3859 772 4009 825; x_wconf 52' lang='grc' dir='ltr'>προ-ν</span> 
     </span>
    </p>
   </div>
   <div class='ocr_carea' id='block_1_21' title="bbox 2454 844 4077 919">
    <p class='ocr_par' dir='ltr' id='par_1_21' title="bbox 2454 844 4077 919">
     <span class='ocr_line' id='line_1_21' title="bbox 2454 844 4077 919; baseline 0.002 -21"><span class='ocrx_word' id='word_1_143' title='bbox 2454 844 2665 915; x_wconf 66' lang='grc' dir='ltr'>φήτης,</span> <span class='ocrx_word' id='word_1_144' title='bbox 2698 847 2794 899; x_wconf 81' lang='grc' dir='ltr'>καὶ</span> <span class='ocrx_word' id='word_1_145' title='bbox 2823 844 2977 915; x_wconf 66' lang='grc' dir='ltr'>ἡμᾶς</span> <span class='ocrx_word' id='word_1_146' title='bbox 3002 848 3071 899; x_wconf 87' lang='grc' dir='ltr'><strong>οὐ</strong></span> <span class='ocrx_word' id='word_1_147' title='bbox 3093 845 3376 915; x_wconf 72' lang='grc' dir='ltr'>γνώσεται</span> <span class='ocrx_word' id='word_1_148' title='bbox 3398 845 3503 898; x_wconf 78' lang='grc' dir='ltr'>ἐτι.</span> <span class='ocrx_word' id='word_1_149' title='bbox 3528 846 3589 898; x_wconf 73' lang='lat' dir='ltr'><strong>Et</strong></span> <span class='ocrx_word' id='word_1_150' title='bbox 3617 847 3714 915; x_wconf 85' lang='grc' dir='ltr'>μὲν</span> <span class='ocrx_word' id='word_1_151' title='bbox 3736 845 3843 919; x_wconf 80' lang='grc' dir='ltr'><strong>γάρ</strong></span> <span class='ocrx_word' id='word_1_152' title='bbox 3868 846 4018 917; x_wconf 83' lang='grc' dir='ltr'>πρὸς</span> <span class='ocrx_word' id='word_1_153' title='bbox 4061 901 4077 912; x_wconf 81' lang='grc'><em>,</em></span> 
     </span>
    </p>
   </div>
   <div class='ocr_carea' id='block_1_22' title="bbox 2456 933 4019 1008">
    <p class='ocr_par' dir='ltr' id='par_1_22' title="bbox 2456 933 4019 1008">
     <span class='ocr_line' id='line_1_22' title="bbox 2456 933 4019 1008; baseline 0.002 -19"><span class='ocrx_word' id='word_1_154' title='bbox 2456 939 2638 1008; x_wconf 78' lang='grc' dir='ltr'>καιρὸν</span> <span class='ocrx_word' id='word_1_155' title='bbox 2668 938 2867 1008; x_wconf 81' lang='grc' dir='ltr'>βραχὺν</span> <span class='ocrx_word' id='word_1_156' title='bbox 2893 937 3122 990; x_wconf 85' lang='grc' dir='ltr'>διέλιπον</span> <span class='ocrx_word' id='word_1_157' title='bbox 3142 939 3191 990; x_wconf 89' lang='grc' dir='ltr'>οί</span> <span class='ocrx_word' id='word_1_158' title='bbox 3221 937 3512 1008; x_wconf 79' lang='grc' dir='ltr'><strong>προφῆται,</strong></span> <span class='ocrx_word' id='word_1_159' title='bbox 3535 933 3650 991; x_wconf 75' lang='grc' dir='ltr'>εἷτα</span> <span class='ocrx_word' id='word_1_160' title='bbox 3677 939 3811 1008; x_wconf 84' lang='grc' dir='ltr'><strong>μετά</strong></span> <span class='ocrx_word' id='word_1_161' title='bbox 3832 937 4019 992; x_wconf 77' lang='grc' dir='ltr'>ταῦτα.</span> 
     </span>
    </p>
   </div>
   <div class='ocr_carea' id='block_1_23' title="bbox 2456 1027 4019 1097">
    <p class='ocr_par' dir='ltr' id='par_1_23' title="bbox 2456 1027 4019 1097">
     <span class='ocr_line' id='line_1_23' title="bbox 2456 1027 4019 1097; baseline 0.001 -17"><span class='ocrx_word' id='word_1_162' title='bbox 2456 1028 2613 1080; x_wconf 83' lang='grc' dir='ltr'>πάλιν</span> <span class='ocrx_word' id='word_1_163' title='bbox 2656 1028 3027 1096; x_wconf 78' lang='grc' dir='ltr'><strong>ἀνεφάνησαν,</strong></span> <span class='ocrx_word' id='word_1_164' title='bbox 3070 1029 3169 1081; x_wconf 84' lang='grc' dir='ltr'><strong>οὐκ</strong></span> <span class='ocrx_word' id='word_1_165' title='bbox 3212 1028 3277 1082; x_wconf 79' lang='grc' dir='ltr'>ἂν</span> <span class='ocrx_word' id='word_1_166' title='bbox 3318 1029 3554 1096; x_wconf 90' lang='grc' dir='ltr'>ἐλέγετο,</span> <span class='ocrx_word' id='word_1_167' title='bbox 3602 1028 3697 1081; x_wconf 79' lang='grc' dir='ltr'><strong>καί</strong></span> <span class='ocrx_word' id='word_1_168' title='bbox 3741 1027 3897 1097; x_wconf 80' lang='grc' dir='ltr'>ἡμᾶς</span> <span class='ocrx_word' id='word_1_169' title='bbox 3936 1030 4019 1081; x_wconf 70' lang='lat' dir='ltr'><strong>ei)</strong></span> 
     </span>
    </p>
   </div>
   <div class='ocr_carea' id='block_1_24' title="bbox 2456 1113 4021 1190">
    <p class='ocr_par' dir='ltr' id='par_1_24' title="bbox 2456 1113 4021 1190">
     <span class='ocr_line' id='line_1_24' title="bbox 2456 1113 4021 1190; baseline 0.001 -20"><span class='ocrx_word' id='word_1_170' title='bbox 2456 1119 2736 1186; x_wconf 75' lang='grc' dir='ltr'>γνώσεται</span> <span class='ocrx_word' id='word_1_171' title='bbox 2766 1118 2878 1171; x_wconf 75' lang='grc' dir='ltr'>ἕτι³</span> <span class='ocrx_word' id='word_1_172' title='bbox 2919 1118 3009 1170; x_wconf 81' lang='grc' dir='ltr'>νῦν</span> <span class='ocrx_word' id='word_1_173' title='bbox 3036 1118 3092 1172; x_wconf 83' lang='grc' dir='ltr'>δὲ</span> <span class='ocrx_word' id='word_1_174' title='bbox 3123 1113 3483 1190; x_wconf 79' lang='grc' dir='ltr'>ἐπειδὴ’μετά</span> <span class='ocrx_word' id='word_1_175' title='bbox 3512 1119 3577 1172; x_wconf 90' lang='grc' dir='ltr'><strong>τά</strong></span> <span class='ocrx_word' id='word_1_176' title='bbox 3606 1118 3746 1172; x_wconf 87' lang='grc' dir='ltr'><strong>κατά</strong></span> <span class='ocrx_word' id='word_1_177' title='bbox 3777 1118 3869 1172; x_wconf 80' lang='grc' dir='ltr'><strong>τοῦ</strong></span> <span class='ocrx_word' id='word_1_178' title='bbox 3898 1120 4021 1172; x_wconf 68' lang='lat' dir='ltr'><strong>Eu)—</strong></span> 
     </span>
    </p>
   </div>
   <div class='ocr_carea' id='block_1_25' title="bbox 2456 1209 4021 1280">
    <p class='ocr_par' dir='ltr' id='par_1_25' title="bbox 2456 1209 4021 1280">
     <span class='ocr_line' id='line_1_25' title="bbox 2456 1209 4021 1280; baseline 0 -19"><span class='ocrx_word' id='word_1_179' title='bbox 2456 1209 2619 1279; x_wconf 81' lang='grc' dir='ltr'>τῆρος</span> <span class='ocrx_word' id='word_1_180' title='bbox 2646 1209 2977 1279; x_wconf 78' lang='grc' dir='ltr'><strong>τολμηθέντα</strong></span> <span class='ocrx_word' id='word_1_181' title='bbox 3006 1211 3204 1274; x_wconf 71' lang='grc' dir='ltr'>αὐτοῖς,</span> <span class='ocrx_word' id='word_1_182' title='bbox 3250 1212 3526 1280; x_wconf 86' lang='grc' dir='ltr'>Ῥωμαίων</span> <span class='ocrx_word' id='word_1_183' title='bbox 3557 1211 3888 1264; x_wconf 76' lang='grc' dir='ltr'><strong>ἐπιστάντων</strong></span> <span class='ocrx_word' id='word_1_184' title='bbox 3918 1211 4021 1264; x_wconf 73' lang='grc' dir='ltr'>καὶ</span> 
     </span>
    </p>
   </div>
   <div class='ocr_carea' id='block_1_26' title="bbox 2454 1300 4017 1373">
    <p class='ocr_par' dir='ltr' id='par_1_26' title="bbox 2454 1300 4017 1373">
     <span class='ocr_line' id='line_1_26' title="bbox 2454 1300 4017 1373; baseline 0.004 -22"><span class='ocrx_word' id='word_1_185' title='bbox 2454 1300 2544 1352; x_wconf 79' lang='grc' dir='ltr'>τὸν</span> <span class='ocrx_word' id='word_1_186' title='bbox 2569 1300 2729 1353; x_wconf 85' lang='grc' dir='ltr'>τόπον</span> <span class='ocrx_word' id='word_1_187' title='bbox 2758 1302 2819 1353; x_wconf 83' lang='grc' dir='ltr'><strong>ἐκ</strong></span> <span class='ocrx_word' id='word_1_188' title='bbox 2846 1300 3057 1371; x_wconf 83' lang='grc' dir='ltr'><strong>βάθρων</strong></span> <span class='ocrx_word' id='word_1_189' title='bbox 3090 1303 3503 1373; x_wconf 83' lang='grc' dir='ltr'>ἐρημωσάντων,</span> <span class='ocrx_word' id='word_1_190' title='bbox 3530 1301 3763 1373; x_wconf 81' lang='grc' dir='ltr'>οὐδαμοῦ</span> <span class='ocrx_word' id='word_1_191' title='bbox 3797 1302 4017 1373; x_wconf 81' lang='grc' dir='ltr'>προφῆ-</span> 
     </span>
    </p>
   </div>
   <div class='ocr_carea' id='block_1_27' title="bbox 2454 1391 4018 1462">
    <p class='ocr_par' dir='ltr' id='par_1_27' title="bbox 2454 1391 4018 1462">
     <span class='ocr_line' id='line_1_27' title="bbox 2454 1391 4018 1462; baseline 0 -19"><span class='ocrx_word' id='word_1_192' title='bbox 2454 1407 2541 1443; x_wconf 85' lang='grc' dir='ltr'><strong>ται</strong></span> <span class='ocrx_word' id='word_1_193' title='bbox 2573 1391 2823 1462; x_wconf 77' lang='grc' dir='ltr'>παρῆσαν</span> <span class='ocrx_word' id='word_1_194' title='bbox 2852 1394 2963 1457; x_wconf 83' lang='grc' dir='ltr'>τοῖς</span> <span class='ocrx_word' id='word_1_195' title='bbox 2998 1391 3463 1461; x_wconf 81' lang='grc' dir='ltr'><strong>πολιορκουμένοις</strong></span> <span class='ocrx_word' id='word_1_196' title='bbox 3483 1409 3497 1423; x_wconf 90' lang='grc'><strong>·</strong></span> <span class='ocrx_word' id='word_1_197' title='bbox 3533 1392 3645 1446; x_wconf 83' lang='grc' dir='ltr'>ἀλλ’</span> <span class='ocrx_word' id='word_1_198' title='bbox 3673 1392 3792 1445; x_wconf 84' lang='grc' dir='ltr'>οὐδέ</span> <span class='ocrx_word' id='word_1_199' title='bbox 3820 1394 3878 1445; x_wconf 80' lang='grc' dir='ltr'><strong>ἐν</strong></span> <span class='ocrx_word' id='word_1_200' title='bbox 3899 1394 4018 1454; x_wconf 80' lang='grc' dir='ltr'>τοῖς</span> 
     </span>
    </p>
   </div>
   <div class='ocr_carea' id='block_1_28' title="bbox 2459 1481 4022 1555">
    <p class='ocr_par' dir='ltr' id='par_1_28' title="bbox 2459 1481 4022 1555">
     <span class='ocr_line' id='line_1_28' title="bbox 2459 1481 4022 1555; baseline 0.001 -22"><span class='ocrx_word' id='word_1_201' title='bbox 2459 1481 2595 1551; x_wconf 82' lang='grc' dir='ltr'>μετὰ</span> <span class='ocrx_word' id='word_1_202' title='bbox 2618 1481 2789 1537; x_wconf 77' lang='grc' dir='ltr'>ταῦτα</span> <span class='ocrx_word' id='word_1_203' title='bbox 2812 1482 3020 1553; x_wconf 79' lang='grc' dir='ltr'>χρόνοις</span> <span class='ocrx_word' id='word_1_204' title='bbox 3042 1482 3324 1550; x_wconf 86' lang='grc' dir='ltr'>γεγόνασιν</span> <span class='ocrx_word' id='word_1_205' title='bbox 3339 1521 3352 1544; x_wconf 95' lang='grc'><strong>,</strong></span> <span class='ocrx_word' id='word_1_206' title='bbox 3393 1483 3497 1535; x_wconf 75' lang='grc' dir='ltr'>οὐδ’</span> <span class='ocrx_word' id='word_1_207' title='bbox 3518 1482 3745 1555; x_wconf 71' lang='grc' dir='ltr'>ἧμελλον</span> <span class='ocrx_word' id='word_1_208' title='bbox 3772 1481 4022 1545; x_wconf 83' lang='grc' dir='ltr'>είσαῦθίς</span> 
     </span>
    </p>
   </div>
   <div class='ocr_carea' id='block_1_29' title="bbox 2458 1570 4023 1645">
    <p class='ocr_par' dir='ltr' id='par_1_29' title="bbox 2458 1570 4023 1645">
     <span class='ocr_line' id='line_1_29' title="bbox 2458 1570 4023 1645; baseline 0.012 -25"><span class='ocrx_word' id='word_1_209' title='bbox 2458 1587 2584 1621; x_wconf 83' lang='grc' dir='ltr'>ποτε</span> <span class='ocrx_word' id='word_1_210' title='bbox 2629 1570 3048 1642; x_wconf 86' lang='grc' dir='ltr'>ἀναστήσεσθαι·</span> <span class='ocrx_word' id='word_1_211' title='bbox 3104 1571 3430 1641; x_wconf 81' lang='grc' dir='ltr'><strong>θαυμαστῶς</strong></span> <span class='ocrx_word' id='word_1_212' title='bbox 3478 1574 3512 1643; x_wconf 84' lang='grc' dir='ltr'><strong>ή</strong></span> <span class='ocrx_word' id='word_1_213' title='bbox 3563 1573 3861 1645; x_wconf 78' lang='grc' dir='ltr'>πρόρῤησις</span> <span class='ocrx_word' id='word_1_214' title='bbox 3917 1572 4023 1642; x_wconf 70' lang='grc' dir='ltr'><strong>φή·</strong></span> 
     </span>
    </p>
   </div>
   <div class='ocr_carea' id='block_1_30' title="bbox 2460 1662 4021 1734">
    <p class='ocr_par' dir='ltr' id='par_1_30' title="bbox 2460 1662 4021 1734">
     <span class='ocr_line' id='line_1_30' title="bbox 2460 1662 4021 1734; baseline 0.011 -22"><span class='ocrx_word' id='word_1_215' title='bbox 2460 1678 2614 1723; x_wconf 90' lang='grc' dir='ltr'>σασα,</span> <span class='ocrx_word' id='word_1_216' title='bbox 2644 1664 2763 1714; x_wconf 84' lang='grc' dir='ltr'><strong>Οὐκ</strong></span> <span class='ocrx_word' id='word_1_217' title='bbox 2793 1663 2960 1716; x_wconf 72' lang='grc' dir='ltr'>ἐστιν</span> <span class='ocrx_word' id='word_1_218' title='bbox 2980 1664 3065 1716; x_wconf 76' lang='grc' dir='ltr'>ἐτι</span> <span class='ocrx_word' id='word_1_219' title='bbox 3093 1662 3415 1731; x_wconf 72' lang='grc' dir='ltr'>προφήτης,</span> <span class='ocrx_word' id='word_1_220' title='bbox 3439 1664 3702 1733; x_wconf 77' lang='grc' dir='ltr'>ἐπήγαγε,</span> <span class='ocrx_word' id='word_1_221' title='bbox 3734 1665 3831 1717; x_wconf 77' lang='grc' dir='ltr'><strong>καὶ</strong></span> <span class='ocrx_word' id='word_1_222' title='bbox 3855 1664 4021 1734; x_wconf 72' lang='grc' dir='ltr'>ἡμᾶς</span> 
     </span>
    </p>
   </div>
   <div class='ocr_carea' id='block_1_31' title="bbox 2430 1749 4023 1817">
    <p class='ocr_par' dir='ltr' id='par_1_31' title="bbox 2430 1749 4023 1817">
     <span class='ocr_line' id='line_1_31' title="bbox 2430 1749 4023 1817; baseline 0.002 -14"><span class='ocrx_word' id='word_1_223' title='bbox 2430 1752 2526 1803; x_wconf 83' lang='grc' dir='ltr'><strong>οὐ</strong></span> <span class='ocrx_word' id='word_1_224' title='bbox 2574 1749 2857 1817; x_wconf 72' lang='grc' dir='ltr'>γνώσεται</span> <span class='ocrx_word' id='word_1_225' title='bbox 2883 1751 2991 1807; x_wconf 79' lang='grc' dir='ltr'>ἔτι.</span> <span class='ocrx_word' id='word_1_226' title='bbox 3033 1751 3153 1804; x_wconf 74' lang='grc' dir='ltr'><strong>Ὀτι</strong></span> <span class='ocrx_word' id='word_1_227' title='bbox 3203 1750 3317 1804; x_wconf 67' lang='grc' dir='ltr'><strong>οὔτ’</strong></span> <span class='ocrx_word' id='word_1_228' title='bbox 3362 1751 3458 1805; x_wconf 79' lang='grc' dir='ltr'>ἐπὶ</span> <span class='ocrx_word' id='word_1_229' title='bbox 3506 1751 3613 1805; x_wconf 85' lang='grc' dir='ltr'><strong>τῶν</strong></span> <span class='ocrx_word' id='word_1_230' title='bbox 3662 1752 4023 1806; x_wconf 77' lang='grc' dir='ltr'>Βαϐυλωνίων</span> 
     </span>
    </p>
   </div>
   <div class='ocr_carea' id='block_1_32' title="bbox 807 1828 2380 1914">
    <p class='ocr_par' dir='ltr' id='par_1_32' title="bbox 807 1828 2355 1901">
     <span class='ocr_line' id='line_1_32' title="bbox 807 1828 2355 1901; baseline 0.001 -20"><span class='ocrx_word' id='word_1_231' title='bbox 807 1828 1038 1898; x_wconf 73' lang='lat' dir='ltr'><strong>singulis</strong></span> <span class='ocrx_word' id='word_1_232' title='bbox 1061 1830 1116 1885; x_wconf 90' lang='lat' dir='ltr'><strong>in</strong></span> <span class='ocrx_word' id='word_1_233' title='bbox 1146 1830 1589 1901; x_wconf 74' lang='lat' dir='ltr'><strong>generationibus</strong></span> <span class='ocrx_word' id='word_1_234' title='bbox 1620 1844 1788 1899; x_wconf 83' lang='lat' dir='ltr'><strong>penes</strong></span> <span class='ocrx_word' id='word_1_235' title='bbox 1812 1830 1935 1885; x_wconf 88' lang='lat' dir='ltr'><strong>illos</strong></span> <span class='ocrx_word' id='word_1_236' title='bbox 1968 1830 2355 1901; x_wconf 86' lang='lat' dir='ltr'><strong>pr0phetarum</strong></span> 
     </span>
    </p>
   </div>
   <div class='ocr_carea' id='block_1_33' title="bbox 2454 1828 4020 1914">
    <p class='ocr_par' dir='ltr' id='par_1_33' title="bbox 2458 1841 4020 1914">
     <span class='ocr_line' id='line_1_33' title="bbox 2458 1841 4020 1914; baseline 0.003 -20"><span class='ocrx_word' id='word_1_237' title='bbox 2458 1841 2658 1911; x_wconf 80' lang='grc' dir='ltr'>χρόνων</span> <span class='ocrx_word' id='word_1_238' title='bbox 2690 1841 2924 1912; x_wconf 79' lang='grc' dir='ltr'>ἥρμοττε</span> <span class='ocrx_word' id='word_1_239' title='bbox 2952 1841 3222 1910; x_wconf 87' lang='grc' dir='ltr'>λέγεσθαι,</span> <span class='ocrx_word' id='word_1_240' title='bbox 3249 1842 3361 1895; x_wconf 73' lang='grc' dir='ltr'>οὔτ’</span> <span class='ocrx_word' id='word_1_241' title='bbox 3386 1843 3477 1896; x_wconf 78' lang='grc' dir='ltr'>ἐπὶ</span> <span class='ocrx_word' id='word_1_242' title='bbox 3499 1842 3606 1895; x_wconf 89' lang='grc' dir='ltr'><strong>τῶν</strong></span> <span class='ocrx_word' id='word_1_243' title='bbox 3630 1843 4020 1914; x_wconf 81' lang='grc' dir='ltr'>παλαιοτέρων.</span> 
     </span>
    </p>
   </div>
   <div class='ocr_carea' id='block_1_34' title="bbox 806 1907 2380 2005">
    <p class='ocr_par' dir='ltr' id='par_1_34' title="bbox 806 1917 2354 1990">
     <span class='ocr_line' id='line_1_34' title="bbox 806 1917 2354 1990; baseline -0.001 -17"><span class='ocrx_word' id='word_1_244' title='bbox 806 1920 1082 1976; x_wconf 84' lang='lat' dir='ltr'><strong>successio</strong></span> <span class='ocrx_word' id='word_1_245' title='bbox 1112 1920 1318 1989; x_wconf 82' lang='lat' dir='ltr'><strong>ﬂoruit,</strong></span> <span class='ocrx_word' id='word_1_246' title='bbox 1343 1928 1399 1976; x_wconf 91' lang='lat' dir='ltr'><strong>et</strong></span> <span class='ocrx_word' id='word_1_247' title='bbox 1417 1933 1591 1988; x_wconf 87' lang='lat' dir='ltr'><strong>usque</strong></span> <span class='ocrx_word' id='word_1_248' title='bbox 1630 1919 1697 1975; x_wconf 86' lang='lat' dir='ltr'><strong>ad</strong></span> <span class='ocrx_word' id='word_1_249' title='bbox 1724 1917 1988 1975; x_wconf 81' lang='lat' dir='ltr'><strong>Joannem</strong></span> <span class='ocrx_word' id='word_1_250' title='bbox 2038 1918 2354 1990; x_wconf 87' lang='lat' dir='ltr'><strong>pr0phetam</strong></span> 
     </span>
    </p>
   </div>
   <div class='ocr_carea' id='block_1_35' title="bbox 2454 1907 4022 2005">
    <p class='ocr_par' dir='ltr' id='par_1_35' title="bbox 2458 1907 4022 2005">
     <span class='ocr_line' id='line_1_35' title="bbox 2458 1907 4022 2005; baseline 0 -20"><span class='ocrx_word' id='word_1_251' title='bbox 2458 1907 2881 2002; x_wconf 38' lang='grc' dir='ltr'><strong>ἒίὶκμαζεηγοῦν</strong></span> <span class='ocrx_word' id='word_1_252' title='bbox 2933 1907 3050 1984; x_wconf 85' lang='grc' dir='ltr'>καθ’</span> <span class='ocrx_word' id='word_1_253' title='bbox 3098 1933 3331 2002; x_wconf 78' lang='grc' dir='ltr'>ἑκάστην</span> <span class='ocrx_word' id='word_1_254' title='bbox 3376 1933 3565 2000; x_wconf 84' lang='grc' dir='ltr'>γενεὰν</span> <span class='ocrx_word' id='word_1_255' title='bbox 3604 1934 3732 2003; x_wconf 77' lang='grc' dir='ltr'>παρ’</span> <span class='ocrx_word' id='word_1_256' title='bbox 3765 1907 3945 1996; x_wconf 78' lang='grc' dir='ltr'>αὐτοῖς</span> <span class='ocrx_word' id='word_1_257' title='bbox 3989 1936 4022 2005; x_wconf 59' lang='lat' dir='ltr'><strong>lg</strong></span> 
     </span>
    </p>
   </div>
   <div class='ocr_carea' id='block_1_36' title="bbox 808 2012 1121 2077">
    <p class='ocr_par' dir='ltr' id='par_1_36' title="bbox 808 2012 1121 2077">
     <span class='ocr_line' id='line_1_36' title="bbox 808 2012 1121 2077; baseline 0.003 -13"><span class='ocrx_word' id='word_1_258' title='bbox 808 2012 1121 2077; x_wconf 87' lang='lat' dir='ltr'><strong>permansit.</strong></span> 
     </span>
    </p>
   </div>
   <div class='ocr_carea' id='block_1_37' title="bbox 874 2192 2353 2274">
    <p class='ocr_par' dir='ltr' id='par_1_37' title="bbox 874 2192 2353 2274">
     <span class='ocr_line' id='line_1_37' title="bbox 874 2192 2353 2274; baseline -0.001 -17"><span class='ocrx_word' id='word_1_259' title='bbox 874 2202 1040 2258; x_wconf 69' lang='lat' dir='ltr'><strong>VEBS.</strong></span> <span class='ocrx_word' id='word_1_260' title='bbox 1081 2203 1167 2267; x_wconf 78' lang='lat' dir='ltr'><strong>i0,</strong></span> <span class='ocrx_word' id='word_1_261' title='bbox 1194 2192 1285 2259; x_wconf 76' lang='lat' dir='ltr'><strong>ii.</strong></span> <span class='ocrx_word' id='word_1_262' title='bbox 1316 2203 1607 2274; x_wconf 85' lang='lat' dir='ltr'><strong>Usquequo,</strong></span> <span class='ocrx_word' id='word_1_263' title='bbox 1639 2202 1798 2267; x_wconf 89' lang='lat' dir='ltr'><strong>Deus,</strong></span> <span class='ocrx_word' id='word_1_264' title='bbox 1830 2203 2144 2272; x_wconf 86' lang='lat' dir='ltr'><strong>improperat</strong></span> <span class='ocrx_word' id='word_1_265' title='bbox 2176 2203 2353 2257; x_wconf 87' lang='lat' dir='ltr'><strong>inimi-</strong></span> 
     </span>
    </p>
   </div>
   <div class='ocr_carea' id='block_1_38' title="bbox 808 2292 2351 2363">
    <p class='ocr_par' dir='ltr' id='par_1_38' title="bbox 808 2292 2351 2363">
     <span class='ocr_line' id='line_1_38' title="bbox 808 2292 2351 2363; baseline -0.001 -13"><span class='ocrx_word' id='word_1_266' title='bbox 808 2297 1122 2359; x_wconf 80' lang='lat' dir='ltr'><strong>cus,irritst</strong></span> <span class='ocrx_word' id='word_1_267' title='bbox 1153 2294 1486 2350; x_wconf 79' lang='lat' dir='ltr'><strong>adversarius</strong></span> <span class='ocrx_word' id='word_1_268' title='bbox 1534 2312 1719 2349; x_wconf 82' lang='lat' dir='ltr'><strong>nomen</strong></span> <span class='ocrx_word' id='word_1_269' title='bbox 1754 2303 1899 2348; x_wconf 88' lang='lat' dir='ltr'><strong>tuum</strong></span> <span class='ocrx_word' id='word_1_270' title='bbox 1950 2295 2005 2348; x_wconf 89' lang='lat' dir='ltr'><strong>in</strong></span> <span class='ocrx_word' id='word_1_271' title='bbox 2056 2295 2254 2363; x_wconf 80' lang='lat' dir='ltr'><strong>ﬁnem?</strong></span> <span class='ocrx_word' id='word_1_272' title='bbox 2294 2292 2351 2348; x_wconf 74' lang='lat' dir='ltr'><strong>In</strong></span> 
     </span>
    </p>
   </div>
   <div class='ocr_carea' id='block_1_39' title="bbox 806 2384 2355 2456">
    <p class='ocr_par' dir='ltr' id='par_1_39' title="bbox 806 2384 2355 2456">
     <span class='ocr_line' id='line_1_39' title="bbox 806 2384 2355 2456; baseline -0.001 -17"><span class='ocrx_word' id='word_1_273' title='bbox 806 2386 1061 2456; x_wconf 59' lang='lat' dir='ltr'><strong>praesenti</strong></span> <span class='ocrx_word' id='word_1_274' title='bbox 1098 2384 1382 2455; x_wconf 72' lang='lat' dir='ltr'><strong>prophetia</strong></span> <span class='ocrx_word' id='word_1_275' title='bbox 1428 2384 1583 2450; x_wconf 84' lang='lat' dir='ltr'><strong>illud,</strong></span> <span class='ocrx_word' id='word_1_276' title='bbox 1617 2386 1673 2439; x_wconf 91' lang='lat' dir='ltr'><strong>in</strong></span> <span class='ocrx_word' id='word_1_277' title='bbox 1701 2385 1876 2453; x_wconf 84' lang='lat' dir='ltr'><strong>ﬁnem,</strong></span> <span class='ocrx_word' id='word_1_278' title='bbox 1918 2386 2235 2454; x_wconf 87' lang='lat' dir='ltr'><strong>plerumque</strong></span> <span class='ocrx_word' id='word_1_279' title='bbox 2270 2384 2355 2438; x_wconf 83' lang='lat' dir='ltr'><strong>di-</strong></span> 
     </span>
    </p>
   </div>
   <div class='ocr_carea' id='block_1_40' title="bbox 804 2472 2351 2545">
    <p class='ocr_par' dir='ltr' id='par_1_40' title="bbox 804 2472 2351 2545">
     <span class='ocr_line' id='line_1_40' title="bbox 804 2472 2351 2545; baseline -0.001 -17"><span class='ocrx_word' id='word_1_280' title='bbox 804 2483 953 2529; x_wconf 90' lang='lat' dir='ltr'><strong>ctum</strong></span> <span class='ocrx_word' id='word_1_281' title='bbox 974 2476 1095 2530; x_wconf 76' lang='lat' dir='ltr'><strong>fuit.</strong></span> <span class='ocrx_word' id='word_1_282' title='bbox 1126 2477 1184 2530; x_wconf 90' lang='lat' dir='ltr'><strong>In</strong></span> <span class='ocrx_word' id='word_1_283' title='bbox 1214 2475 1479 2545; x_wconf 90' lang='lat' dir='ltr'><strong>principio</strong></span> <span class='ocrx_word' id='word_1_284' title='bbox 1506 2489 1742 2545; x_wconf 79' lang='lat' dir='ltr'><strong>namque</strong></span> <span class='ocrx_word' id='word_1_285' title='bbox 1786 2476 2100 2529; x_wconf 80' lang='lat' dir='ltr'><strong>dicebatur:</strong></span> <span class='ocrx_word' id='word_1_286' title='bbox 2138 2472 2351 2545; x_wconf 86' lang='lat' dir='ltr'><strong>thuid,</strong></span> 
     </span>
    </p>
   </div>
   <div class='ocr_carea' id='block_1_41' title="bbox 808 2565 2352 2641">
    <p class='ocr_par' dir='ltr' id='par_1_41' title="bbox 808 2565 2352 2641">
     <span class='ocr_line' id='line_1_41' title="bbox 808 2565 2352 2641; baseline 0.002 -22"><span class='ocrx_word' id='word_1_287' title='bbox 808 2566 970 2631; x_wconf 83' lang='lat' dir='ltr'><strong>Deus,</strong></span> <span class='ocrx_word' id='word_1_288' title='bbox 992 2567 1231 2641; x_wconf 79' lang='lat' dir='ltr'><strong>reputisti</strong></span> <span class='ocrx_word' id='word_1_289' title='bbox 1268 2568 1322 2621; x_wconf 87' lang='lat' dir='ltr'><strong>in</strong></span> <span class='ocrx_word' id='word_1_290' title='bbox 1351 2567 1552 2635; x_wconf 73' lang='lat' dir='ltr'><strong>ﬁnem?</strong></span> <span class='ocrx_word' id='word_1_291' title='bbox 1581 2565 1782 2621; x_wconf 84' lang='lat' dir='ltr'><strong>Deinde</strong></span> <span class='ocrx_word' id='word_1_292' title='bbox 1807 2582 1933 2622; x_wconf 87' lang='lat' dir='ltr'><strong>vero</strong></span> <span class='ocrx_word' id='word_1_293' title='bbox 1960 2586 1973 2620; x_wconf 88' lang='lat'><strong>:</strong></span> <span class='ocrx_word' id='word_1_294' title='bbox 2003 2566 2138 2620; x_wconf 86' lang='lat' dir='ltr'><strong>Leva</strong></span> <span class='ocrx_word' id='word_1_295' title='bbox 2168 2583 2352 2622; x_wconf 85' lang='lat' dir='ltr'><strong>manus</strong></span> 
     </span>
    </p>
   </div>
   <div class='ocr_carea' id='block_1_42' title="bbox 809 2655 2354 2734">
    <p class='ocr_par' dir='ltr' id='par_1_42' title="bbox 809 2655 2354 2734">
     <span class='ocr_line' id='line_1_42' title="bbox 809 2655 2354 2734; baseline -0.001 -23"><span class='ocrx_word' id='word_1_296' title='bbox 809 2668 927 2712; x_wconf 86' lang='lat' dir='ltr'><strong>tuas</strong></span> <span class='ocrx_word' id='word_1_297' title='bbox 958 2659 1015 2711; x_wconf 90' lang='lat' dir='ltr'><strong>in</strong></span> <span class='ocrx_word' id='word_1_298' title='bbox 1042 2656 1309 2726; x_wconf 82' lang='lat' dir='ltr'><strong>superbius</strong></span> <span class='ocrx_word' id='word_1_299' title='bbox 1340 2659 1393 2711; x_wconf 86' lang='lat' dir='ltr'><strong>in</strong></span> <span class='ocrx_word' id='word_1_300' title='bbox 1421 2659 1611 2727; x_wconf 88' lang='lat' dir='ltr'><strong>ﬁnem;</strong></span> <span class='ocrx_word' id='word_1_301' title='bbox 1644 2658 1803 2711; x_wconf 88' lang='lat' dir='ltr'><strong>tertio</strong></span> <span class='ocrx_word' id='word_1_302' title='bbox 1842 2676 1854 2712; x_wconf 92' lang='lat'>:</span> <span class='ocrx_word' id='word_1_303' title='bbox 1881 2655 2080 2734; x_wconf 87' lang='lat' dir='ltr'><strong>_Irritat</strong></span> <span class='ocrx_word' id='word_1_304' title='bbox 2109 2656 2354 2711; x_wconf 81' lang='lat' dir='ltr'><strong>adversa-</strong></span> 
     </span>
    </p>
   </div>
   <div class='ocr_carea' id='block_1_43' title="bbox 807 2748 2351 2819">
    <p class='ocr_par' dir='ltr' id='par_1_43' title="bbox 807 2748 2351 2819">
     <span class='ocr_line' id='line_1_43' title="bbox 807 2748 2351 2819; baseline 0.001 -18"><span class='ocrx_word' id='word_1_305' title='bbox 807 2751 919 2803; x_wconf 73' lang='lat' dir='ltr'><strong>rius</strong></span> <span class='ocrx_word' id='word_1_306' title='bbox 972 2766 1155 2803; x_wconf 87' lang='lat' dir='ltr'><strong>nomen</strong></span> <span class='ocrx_word' id='word_1_307' title='bbox 1205 2759 1348 2803; x_wconf 89' lang='lat' dir='ltr'><strong>tuum</strong></span> <span class='ocrx_word' id='word_1_308' title='bbox 1393 2751 1446 2802; x_wconf 88' lang='lat' dir='ltr'><strong>in</strong></span> <span class='ocrx_word' id='word_1_309' title='bbox 1494 2750 1684 2817; x_wconf 81' lang='lat' dir='ltr'><strong>ﬁnem;</strong></span> <span class='ocrx_word' id='word_1_310' title='bbox 1740 2764 2063 2819; x_wconf 82' lang='lat' dir='ltr'><strong>rursumque</strong></span> <span class='ocrx_word' id='word_1_311' title='bbox 2108 2768 2121 2804; x_wconf 86' lang='lat'>:</span> <span class='ocrx_word' id='word_1_312' title='bbox 2160 2748 2351 2818; x_wconf 84' lang='lat' dir='ltr'><strong>thuid</strong></span> 
     </span>
    </p>
   </div>
   <div class='ocr_carea' id='block_1_44' title="bbox 807 2839 2350 2897">
    <p class='ocr_par' dir='ltr' id='par_1_44' title="bbox 807 2839 2350 2897">
     <span class='ocr_line' id='line_1_44' title="bbox 807 2839 2350 2897; baseline 0.003 -6"><span class='ocrx_word' id='word_1_313' title='bbox 807 2840 997 2893; x_wconf 77' lang='lat' dir='ltr'><strong>avertis</strong></span> <span class='ocrx_word' id='word_1_314' title='bbox 1016 2841 1235 2893; x_wconf 75' lang='lat' dir='ltr'><strong>&#39;manum</strong></span> <span class='ocrx_word' id='word_1_315' title='bbox 1270 2849 1412 2897; x_wconf 88' lang='lat' dir='ltr'><strong>tuam</strong></span> <span class='ocrx_word' id='word_1_316' title='bbox 1436 2848 1485 2893; x_wconf 91' lang='lat' dir='ltr'><strong>et</strong></span> <span class='ocrx_word' id='word_1_317' title='bbox 1514 2840 1780 2893; x_wconf 71' lang='lat' dir='ltr'><strong>dexteram</strong></span> <span class='ocrx_word' id='word_1_318' title='bbox 1812 2852 1956 2893; x_wconf 86' lang='lat' dir='ltr'><strong>tuam</strong></span> <span class='ocrx_word' id='word_1_319' title='bbox 1977 2839 2040 2894; x_wconf 90' lang='lat' dir='ltr'><strong>de</strong></span> <span class='ocrx_word' id='word_1_320' title='bbox 2068 2840 2235 2895; x_wconf 88' lang='lat' dir='ltr'><strong>medio</strong></span> <span class='ocrx_word' id='word_1_321' title='bbox 2273 2842 2350 2896; x_wconf 67' lang='lat' dir='ltr'><strong>si»</strong></span> 
     </span>
    </p>
   </div>
   <div class='ocr_carea' id='block_1_45' title="bbox 807 2929 2353 3002">
    <p class='ocr_par' dir='ltr' id='par_1_45' title="bbox 807 2929 2353 3002">
     <span class='ocr_line' id='line_1_45' title="bbox 807 2929 2353 3002; baseline 0.004 -21"><span class='ocrx_word' id='word_1_322' title='bbox 807 2945 877 2981; x_wconf 85' lang='lat' dir='ltr'><strong>nu</strong></span> <span class='ocrx_word' id='word_1_323' title='bbox 907 2939 995 2983; x_wconf 92' lang='lat' dir='ltr'><strong>tuo</strong></span> <span class='ocrx_word' id='word_1_324' title='bbox 1026 2931 1079 2983; x_wconf 87' lang='lat' dir='ltr'><strong>in</strong></span> <span class='ocrx_word' id='word_1_325' title='bbox 1103 2931 1297 2998; x_wconf 80' lang='lat' dir='ltr'><strong>ﬁnem?</strong></span> <span class='ocrx_word' id='word_1_326' title='bbox 1322 2929 1486 2994; x_wconf 81' lang='lat' dir='ltr'><strong>Queis</strong></span> <span class='ocrx_word' id='word_1_327' title='bbox 1520 2940 1795 2999; x_wconf 87' lang='lat' dir='ltr'><strong>postrema</strong></span> <span class='ocrx_word' id='word_1_328' title='bbox 1827 2930 1930 2984; x_wconf 88' lang='lat' dir='ltr'><strong>loci</strong></span> <span class='ocrx_word' id='word_1_329' title='bbox 1958 2930 2169 2986; x_wconf 91' lang='lat' dir='ltr'><strong>obsidio</strong></span> <span class='ocrx_word' id='word_1_330' title='bbox 2186 2932 2353 3002; x_wconf 83' lang='lat' dir='ltr'><strong>signi-</strong></span> 
     </span>
    </p>
   </div>
   <div class='ocr_carea' id='block_1_46' title="bbox 809 3018 2349 3092">
    <p class='ocr_par' dir='ltr' id='par_1_46' title="bbox 809 3018 2349 3092">
     <span class='ocr_line' id='line_1_46' title="bbox 809 3018 2349 3092; baseline 0.003 -21"><span class='ocrx_word' id='word_1_331' title='bbox 809 3019 1018 3073; x_wconf 79' lang='lat' dir='ltr'><strong>iicatur.</strong></span> <span class='ocrx_word' id='word_1_332' title='bbox 1050 3018 1184 3073; x_wconf 88' lang='lat' dir='ltr'><strong>Cum</strong></span> <span class='ocrx_word' id='word_1_333' title='bbox 1209 3028 1386 3074; x_wconf 88' lang='lat' dir='ltr'><strong>autem</strong></span> <span class='ocrx_word' id='word_1_334' title='bbox 1418 3027 1765 3089; x_wconf 83' lang='lat' dir='ltr'><strong>percontatur</strong></span> <span class='ocrx_word' id='word_1_335' title='bbox 1785 3027 1839 3074; x_wconf 86' lang='lat' dir='ltr'><strong>et</strong></span> <span class='ocrx_word' id='word_1_336' title='bbox 1862 3020 1991 3076; x_wconf 83' lang='lat' dir='ltr'><strong>dicit</strong></span> <span class='ocrx_word' id='word_1_337' title='bbox 2016 3041 2028 3075; x_wconf 93' lang='lat'>:</span> <span class='ocrx_word' id='word_1_338' title='bbox 2059 3020 2349 3092; x_wconf 85' lang='lat' dir='ltr'><strong>Usquequo,</strong></span> 
     </span>
    </p>
   </div>
   <div class='ocr_carea' id='block_1_47' title="bbox 811 3102 2353 3185">
    <p class='ocr_par' dir='ltr' id='par_1_47' title="bbox 811 3102 2353 3185">
     <span class='ocr_line' id='line_1_47' title="bbox 811 3102 2353 3185; baseline 0.005 -23"><span class='ocrx_word' id='word_1_339' title='bbox 811 3108 968 3172; x_wconf 82' lang='lat' dir='ltr'><strong>Deus,</strong></span> <span class='ocrx_word' id='word_1_340' title='bbox 992 3110 1353 3179; x_wconf 84' lang='lat' dir='ltr'><strong>improperabit</strong></span> <span class='ocrx_word' id='word_1_341' title='bbox 1374 3111 1612 3181; x_wconf 84' lang='lat' dir='ltr'><strong>inimicas</strong></span> <span class='ocrx_word' id='word_1_342' title='bbox 1627 3114 1651 3166; x_wconf 80' lang='grc'><em>7</em></span> <span class='ocrx_word' id='word_1_343' title='bbox 1664 3111 1875 3167; x_wconf 86' lang='lat' dir='ltr'><strong>edoceri</strong></span> <span class='ocrx_word' id='word_1_344' title='bbox 1898 3114 2047 3183; x_wconf 89' lang='lat' dir='ltr'><strong>cupit</strong></span> <span class='ocrx_word' id='word_1_345' title='bbox 2072 3102 2353 3185; x_wconf 86' lang='lat' dir='ltr'><strong>quousque</strong></span> 
     </span>
    </p>
   </div>
   <div class='ocr_carea' id='block_1_48' title="bbox 810 3198 2350 3271">
    <p class='ocr_par' dir='ltr' id='par_1_48' title="bbox 810 3198 2350 3271">
     <span class='ocr_line' id='line_1_48' title="bbox 810 3198 2350 3271; baseline 0.005 -21"><span class='ocrx_word' id='word_1_346' title='bbox 810 3198 994 3253; x_wconf 82' lang='lat' dir='ltr'><strong>isthaec</strong></span> <span class='ocrx_word' id='word_1_347' title='bbox 1017 3200 1402 3269; x_wconf 87' lang='lat' dir='ltr'><strong>perdurahunt,</strong></span> <span class='ocrx_word' id='word_1_348' title='bbox 1442 3209 1496 3255; x_wconf 88' lang='lat' dir='ltr'><strong>et</strong></span> <span class='ocrx_word' id='word_1_349' title='bbox 1538 3216 1782 3271; x_wconf 58' lang='lat' dir='ltr'><strong>quasnam</strong></span> <span class='ocrx_word' id='word_1_350' title='bbox 1822 3204 2079 3271; x_wconf 86' lang='lat' dir='ltr'><strong>temporis</strong></span> <span class='ocrx_word' id='word_1_351' title='bbox 2115 3205 2350 3259; x_wconf 79' lang='lat' dir='ltr'><strong>circum-</strong></span> 
     </span>
    </p>
   </div>
   <div class='ocr_carea' id='block_1_49' title="bbox 810 3272 2423 3361">
    <p class='ocr_par' dir='ltr' id='par_1_49' title="bbox 810 3272 2423 3361">
     <span class='ocr_line' id='line_1_49' title="bbox 810 3272 2423 3361; baseline 0.003 -18"><span class='ocrx_word' id='word_1_352' title='bbox 810 3289 1032 3358; x_wconf 83' lang='lat' dir='ltr'><strong>scriptio</strong></span> <span class='ocrx_word' id='word_1_353' title='bbox 1052 3290 1176 3356; x_wconf 88' lang='lat' dir='ltr'><strong>erit,</strong></span> <span class='ocrx_word' id='word_1_354' title='bbox 1211 3296 1265 3346; x_wconf 89' lang='lat' dir='ltr'><strong>et.</strong></span> <span class='ocrx_word' id='word_1_355' title='bbox 1293 3275 1576 3361; x_wconf 77' lang='lat' dir='ltr'><strong>usquequo</strong></span> <span class='ocrx_word' id='word_1_356' title='bbox 1608 3293 1846 3347; x_wconf 87' lang='lat' dir='ltr'><strong>irritabit</strong></span> <span class='ocrx_word' id='word_1_357' title='bbox 1889 3284 2244 3349; x_wconf 68' lang='lat' dir='ltr'><strong>adversarius</strong></span> <span class='ocrx_word' id='word_1_358' title='bbox 2258 3309 2357 3348; x_wconf 83' lang='lat' dir='ltr'><strong>no-</strong></span> <span class='ocrx_word' id='word_1_359' title='bbox 2382 3272 2423 3325; x_wconf 67' lang='grc' dir='ltr'><strong>δ</strong></span> 
     </span>
    </p>
   </div>
   <div class='ocr_carea' id='block_1_50' title="bbox 811 3382 2357 3454">
    <p class='ocr_par' dir='ltr' id='par_1_50' title="bbox 811 3382 2357 3454">
     <span class='ocr_line' id='line_1_50' title="bbox 811 3382 2357 3454; baseline 0.004 -21"><span class='ocrx_word' id='word_1_360' title='bbox 811 3394 932 3433; x_wconf 91' lang='lat' dir='ltr'><strong>men</strong></span> <span class='ocrx_word' id='word_1_361' title='bbox 954 3387 1126 3445; x_wconf 85' lang='lat' dir='ltr'><strong>tuum,</strong></span> <span class='ocrx_word' id='word_1_362' title='bbox 1158 3397 1285 3435; x_wconf 88' lang='lat' dir='ltr'><strong>num</strong></span> <span class='ocrx_word' id='word_1_363' title='bbox 1321 3382 1445 3436; x_wconf 87' lang='lat' dir='ltr'><strong>talia</strong></span> <span class='ocrx_word' id='word_1_364' title='bbox 1469 3383 1676 3454; x_wconf 90' lang='lat' dir='ltr'><strong>agendo</strong></span> <span class='ocrx_word' id='word_1_365' title='bbox 1696 3384 1750 3437; x_wconf 89' lang='lat' dir='ltr'><strong>in</strong></span> <span class='ocrx_word' id='word_1_366' title='bbox 1796 3384 1952 3438; x_wconf 83' lang='lat' dir='ltr'><strong>ﬁnem</strong></span> <span class='ocrx_word' id='word_1_367' title='bbox 1983 3393 2357 3453; x_wconf 85' lang='lat' dir='ltr'><strong>perseveratu-</strong></span> 
     </span>
    </p>
   </div>
   <div class='ocr_carea' id='block_1_51' title="bbox 811 3470 2356 3543">
    <p class='ocr_par' dir='ltr' id='par_1_51' title="bbox 811 3470 2356 3543">
     <span class='ocr_line' id='line_1_51' title="bbox 811 3470 2356 3543; baseline 0.002 -19"><span class='ocrx_word' id='word_1_368' title='bbox 811 3486 905 3526; x_wconf 87' lang='lat' dir='ltr'><strong>rus</strong></span> <span class='ocrx_word' id='word_1_369' title='bbox 926 3471 1017 3527; x_wconf 88' lang='lat' dir='ltr'><strong>sit.</strong></span> <span class='ocrx_word' id='word_1_370' title='bbox 1048 3470 1454 3541; x_wconf 83' lang='lat' dir='ltr'><strong>Consequenter</strong></span> <span class='ocrx_word' id='word_1_371' title='bbox 1475 3473 1665 3527; x_wconf 89' lang='lat' dir='ltr'><strong>horum</strong></span> <span class='ocrx_word' id='word_1_372' title='bbox 1698 3474 2220 3543; x_wconf 82' lang='lat' dir='ltr'><strong>causam’precando</strong></span> <span class='ocrx_word' id='word_1_373' title='bbox 2249 3476 2356 3530; x_wconf 87' lang='lat' dir='ltr'><strong>sci-</strong></span> 
     </span>
    </p>
   </div>
   <div class='ocr_carea' id='block_1_52' title="bbox 811 3557 2361 3631">
    <p class='ocr_par' dir='ltr' id='par_1_52' title="bbox 811 3557 2361 3631">
     <span class='ocr_line' id='line_1_52' title="bbox 811 3557 2361 3631; baseline 0.001 -17"><span class='ocrx_word' id='word_1_374' title='bbox 811 3561 1039 3614; x_wconf 77' lang='lat' dir='ltr'><strong>Scitatur</strong></span> <span class='ocrx_word' id='word_1_375' title='bbox 1080 3557 1376 3615; x_wconf 87' lang='lat' dir='ltr'><strong>dumdicit</strong></span> <span class='ocrx_word' id='word_1_376' title='bbox 1408 3580 1421 3613; x_wconf 74' lang='grc' dir='ltr'><strong>ι</strong></span> <span class='ocrx_word' id='word_1_377' title='bbox 1455 3560 1644 3631; x_wconf 86' lang='lat' dir='ltr'><strong>thuid</strong></span> <span class='ocrx_word' id='word_1_378' title='bbox 1669 3562 1860 3615; x_wconf 84' lang='lat' dir='ltr'><strong>avertis</strong></span> <span class='ocrx_word' id='word_1_379' title='bbox 1889 3579 2101 3617; x_wconf 89' lang='lat' dir='ltr'><strong>manum</strong></span> <span class='ocrx_word' id='word_1_380' title='bbox 2136 3574 2281 3617; x_wconf 85' lang='lat' dir='ltr'><strong>tuam</strong></span> <span class='ocrx_word' id='word_1_381' title='bbox 2311 3571 2361 3617; x_wconf 90' lang='lat' dir='ltr'><strong>et</strong></span> 
     </span>
    </p>
   </div>
   <div class='ocr_carea' id='block_1_53' title="bbox 812 3650 2364 3721">
    <p class='ocr_par' dir='ltr' id='par_1_53' title="bbox 812 3650 2364 3721">
     <span class='ocr_line' id='line_1_53' title="bbox 812 3650 2364 3721; baseline 0.003 -19"><span class='ocrx_word' id='word_1_382' title='bbox 812 3651 1081 3704; x_wconf 68' lang='lat' dir='ltr'><strong>dexteram</strong></span> <span class='ocrx_word' id='word_1_383' title='bbox 1126 3660 1269 3703; x_wconf 88' lang='lat' dir='ltr'><strong>tuam</strong></span> <span class='ocrx_word' id='word_1_384' title='bbox 1314 3650 1377 3703; x_wconf 91' lang='lat' dir='ltr'><strong>de</strong></span> <span class='ocrx_word' id='word_1_385' title='bbox 1408 3650 1576 3706; x_wconf 81' lang='lat' dir='ltr'><strong>medio</strong></span> <span class='ocrx_word' id='word_1_386' title='bbox 1622 3652 1739 3705; x_wconf 84' lang='lat' dir='ltr'><strong>sinu</strong></span> <span class='ocrx_word' id='word_1_387' title='bbox 1789 3662 1876 3706; x_wconf 89' lang='lat' dir='ltr'><strong>tuo</strong></span> <span class='ocrx_word' id='word_1_388' title='bbox 1922 3653 1976 3706; x_wconf 88' lang='lat' dir='ltr'><strong>in</strong></span> <span class='ocrx_word' id='word_1_389' title='bbox 2006 3652 2364 3721; x_wconf 69' lang='lat' dir='ltr'><strong>ﬁnemHitec</strong></span> 
     </span>
    </p>
   </div>
   <div class='ocr_carea' id='block_1_54' title="bbox 810 3740 2363 3813">
    <p class='ocr_par' dir='ltr' id='par_1_54' title="bbox 810 3740 2363 3813">
     <span class='ocr_line' id='line_1_54' title="bbox 810 3740 2363 3813; baseline 0.004 -21"><span class='ocrx_word' id='word_1_390' title='bbox 810 3754 974 3809; x_wconf 88' lang='lat' dir='ltr'><strong>porro</strong></span> <span class='ocrx_word' id='word_1_391' title='bbox 993 3740 1122 3793; x_wconf 89' lang='lat' dir='ltr'><strong>dicti</strong></span> <span class='ocrx_word' id='word_1_392' title='bbox 1152 3741 1420 3794; x_wconf 88' lang='lat' dir='ltr'><strong>sententia</strong></span> <span class='ocrx_word' id='word_1_393' title='bbox 1453 3749 1539 3795; x_wconf 86' lang='lat' dir='ltr'><strong>est</strong></span> <span class='ocrx_word' id='word_1_394' title='bbox 1570 3760 1584 3797; x_wconf 90' lang='lat'>:</span> <span class='ocrx_word' id='word_1_395' title='bbox 1622 3743 1777 3797; x_wconf 86' lang='lat' dir='ltr'><strong>sinus</strong></span> <span class='ocrx_word' id='word_1_396' title='bbox 1806 3740 1900 3797; x_wconf 89' lang='lat' dir='ltr'><strong>Dei</strong></span> <span class='ocrx_word' id='word_1_397' title='bbox 1942 3743 2099 3797; x_wconf 89' lang='lat' dir='ltr'><strong>bonis</strong></span> <span class='ocrx_word' id='word_1_398' title='bbox 2128 3743 2363 3813; x_wconf 86' lang='lat' dir='ltr'><strong>repletus</strong></span> 
     </span>
    </p>
   </div>
   <div class='ocr_carea' id='block_1_55' title="bbox 778 3816 2364 3906">
    <p class='ocr_par' dir='ltr' id='par_1_55' title="bbox 778 3816 2364 3906">
     <span class='ocr_line' id='line_1_55' title="bbox 778 3816 2364 3906; baseline 0.004 -25"><span class='ocrx_word' id='word_1_399' title='bbox 778 3816 783 3820; x_wconf 64' lang='grc'><strong>’</strong></span> <span class='ocrx_word' id='word_1_400' title='bbox 812 3838 916 3891; x_wconf 77' lang='lat' dir='ltr'><strong>est,</strong></span> <span class='ocrx_word' id='word_1_401' title='bbox 952 3821 1127 3899; x_wconf 67' lang='lat' dir='ltr'><strong>quaie-</strong></span> <span class='ocrx_word' id='word_1_402' title='bbox 1168 3830 1372 3885; x_wconf 90' lang='lat' dir='ltr'><strong>dictum</strong></span> <span class='ocrx_word' id='word_1_403' title='bbox 1418 3841 1502 3886; x_wconf 85' lang='lat' dir='ltr'><strong>est</strong></span> <span class='ocrx_word' id='word_1_404' title='bbox 1538 3831 1891 3904; x_wconf 50' lang='lat' dir='ltr'><strong>{Unigenittts</strong></span> <span class='ocrx_word' id='word_1_405' title='bbox 1937 3833 2132 3899; x_wconf 83' lang='lat' dir='ltr'><strong>Filius,</strong></span> <span class='ocrx_word' id='word_1_406' title='bbox 2163 3837 2251 3906; x_wconf 86' lang='lat' dir='ltr'><strong>qui</strong></span> <span class='ocrx_word' id='word_1_407' title='bbox 2287 3846 2364 3890; x_wconf 89' lang='lat' dir='ltr'><strong>est</strong></span> 
     </span>
    </p>
   </div>
   <div class='ocr_carea' id='block_1_56' title="bbox 815 3909 2364 3989">
    <p class='ocr_par' dir='ltr' id='par_1_56' title="bbox 815 3909 2364 3989">
     <span class='ocr_line' id='line_1_56' title="bbox 815 3909 2364 3989; baseline 0.008 -20"><span class='ocrx_word' id='word_1_408' title='bbox 815 3917 869 3969; x_wconf 85' lang='lat' dir='ltr'><strong>in</strong></span> <span class='ocrx_word' id='word_1_409' title='bbox 898 3918 1016 3971; x_wconf 82' lang='lat' dir='ltr'><strong>sinu</strong></span> <span class='ocrx_word' id='word_1_410' title='bbox 1059 3909 1262 3984; x_wconf 76' lang='lat' dir='ltr'><strong>Pa(ris,</strong></span> <span class='ocrx_word' id='word_1_411' title='bbox 1280 3921 1390 3989; x_wconf 85' lang='lat' dir='ltr'><strong>ipse</strong></span> <span class='ocrx_word' id='word_1_412' title='bbox 1431 3923 1697 3975; x_wconf 81' lang='lat' dir='ltr'><strong>enarravit</strong></span> <span class='ocrx_word' id='word_1_413' title='bbox 1727 3924 1795 3977; x_wconf 81' lang='lat'><strong>“.</strong></span> <span class='ocrx_word' id='word_1_414' title='bbox 1821 3921 1884 3976; x_wconf 91' lang='lat' dir='ltr'><strong>Et</strong></span> <span class='ocrx_word' id='word_1_415' title='bbox 1908 3930 1993 3977; x_wconf 88' lang='lat' dir='ltr'><strong>est</strong></span> <span class='ocrx_word' id='word_1_416' title='bbox 2021 3923 2109 3977; x_wconf 85' lang='lat' dir='ltr'><strong>hic</strong></span> <span class='ocrx_word' id='word_1_417' title='bbox 2132 3938 2364 3981; x_wconf 78' lang='lat' dir='ltr'><strong>arcanus</strong></span> 
     </span>
    </p>
   </div>
   <div class='ocr_carea' id='block_1_57' title="bbox 816 4010 2365 4085">
    <p class='ocr_par' dir='ltr' id='par_1_57' title="bbox 816 4010 2365 4085">
     <span class='ocr_line' id='line_1_57' title="bbox 816 4010 2365 4085; baseline 0.003 -17"><span class='ocrx_word' id='word_1_418' title='bbox 816 4010 1057 4069; x_wconf 74' lang='lat' dir='ltr'><strong>Paterna:</strong></span> <span class='ocrx_word' id='word_1_419' title='bbox 1097 4011 1398 4069; x_wconf 87' lang='lat' dir='ltr'><strong>divinitatis</strong></span> <span class='ocrx_word' id='word_1_420' title='bbox 1444 4014 1754 4080; x_wconf 88' lang='lat' dir='ltr'><strong>thesaurus,</strong></span> <span class='ocrx_word' id='word_1_421' title='bbox 1795 4024 1849 4072; x_wconf 89' lang='lat' dir='ltr'><strong>et</strong></span> <span class='ocrx_word' id='word_1_422' title='bbox 1880 4017 2160 4085; x_wconf 89' lang='lat' dir='ltr'><strong>plenitudo</strong></span> <span class='ocrx_word' id='word_1_423' title='bbox 2196 4017 2365 4073; x_wconf 89' lang='lat' dir='ltr'><strong>bono-</strong></span> 
     </span>
    </p>
   </div>
   <div class='ocr_carea' id='block_1_58' title="bbox 816 4103 2366 4179">
    <p class='ocr_par' dir='ltr' id='par_1_58' title="bbox 816 4103 2366 4179">
     <span class='ocr_line' id='line_1_58' title="bbox 816 4103 2366 4179; baseline 0.005 -24"><span class='ocrx_word' id='word_1_424' title='bbox 816 4116 936 4156; x_wconf 90' lang='lat' dir='ltr'><strong>rum</strong></span> <span class='ocrx_word' id='word_1_425' title='bbox 986 4103 1249 4168; x_wconf 88' lang='lat' dir='ltr'><strong>omnium,</strong></span> <span class='ocrx_word' id='word_1_426' title='bbox 1312 4105 1455 4159; x_wconf 92' lang='lat' dir='ltr'><strong>unde</strong></span> <span class='ocrx_word' id='word_1_427' title='bbox 1512 4108 1805 4175; x_wconf 75' lang='lat' dir='ltr'><strong>gratiarum</strong></span> <span class='ocrx_word' id='word_1_428' title='bbox 1852 4108 2013 4173; x_wconf 75' lang='lat' dir='ltr'><strong>dona</strong></span> <span class='ocrx_word' id='word_1_429' title='bbox 2047 4108 2114 4162; x_wconf 84' lang='lat' dir='ltr'><strong>iis</strong></span> <span class='ocrx_word' id='word_1_430' title='bbox 2154 4109 2248 4179; x_wconf 90' lang='lat' dir='ltr'><strong>qui</strong></span> <span class='ocrx_word' id='word_1_431' title='bbox 2307 4125 2366 4164; x_wconf 88' lang='lat' dir='ltr'><strong>se</strong></span> 
     </span>
    </p>
   </div>
   <div class='ocr_carea' id='block_1_59' title="bbox 814 4192 2365 4265">
    <p class='ocr_par' dir='ltr' id='par_1_59' title="bbox 814 4192 2365 4265">
     <span class='ocr_line' id='line_1_59' title="bbox 814 4192 2365 4265; baseline 0.004 -19"><span class='ocrx_word' id='word_1_432' title='bbox 814 4192 962 4262; x_wconf 89' lang='lat' dir='ltr'><strong>digni</strong></span> <span class='ocrx_word' id='word_1_433' title='bbox 986 4193 1112 4247; x_wconf 75' lang='lat' dir='ltr'><strong>aunt</strong></span> <span class='ocrx_word' id='word_1_434' title='bbox 1147 4193 1393 4261; x_wconf 79' lang='lat' dir='ltr'><strong>largitur.</strong></span> <span class='ocrx_word' id='word_1_435' title='bbox 1428 4192 1711 4259; x_wconf 84' lang='lat' dir='ltr'><strong>Quoniam.</strong></span> <span class='ocrx_word' id='word_1_436' title='bbox 1735 4195 1899 4265; x_wconf 82' lang='lat' dir='ltr'><strong>igitur</strong></span> <span class='ocrx_word' id='word_1_437' title='bbox 1928 4196 1995 4250; x_wconf 91' lang='lat' dir='ltr'><strong>de</strong></span> <span class='ocrx_word' id='word_1_438' title='bbox 2026 4196 2203 4253; x_wconf 88' lang='lat' dir='ltr'><strong>medio</strong></span> <span class='ocrx_word' id='word_1_439' title='bbox 2241 4198 2365 4252; x_wconf 89' lang='lat' dir='ltr'><strong>sinu</strong></span> 
     </span>
    </p>
   </div>
   <div class='ocr_carea' id='block_1_60' title="bbox 816 4277 2363 4357">
    <p class='ocr_par' dir='ltr' id='par_1_60' title="bbox 816 4277 2363 4357">
     <span class='ocr_line' id='line_1_60' title="bbox 816 4277 2363 4357; baseline 0.002 -19"><span class='ocrx_word' id='word_1_440' title='bbox 816 4277 955 4338; x_wconf 72' lang='lat' dir='ltr'><strong>dana</strong></span> <span class='ocrx_word' id='word_1_441' title='bbox 985 4284 1289 4352; x_wconf 75' lang='lat' dir='ltr'><strong>gratiarum.</strong></span> <span class='ocrx_word' id='word_1_442' title='bbox 1324 4283 1503 4353; x_wconf 81' lang='lat' dir='ltr'><strong>dignis</strong></span> <span class='ocrx_word' id='word_1_443' title='bbox 1548 4292 1755 4353; x_wconf 85' lang='lat' dir='ltr'><strong>erogat,</strong></span> <span class='ocrx_word' id='word_1_444' title='bbox 1786 4300 1853 4357; x_wconf 81' lang='lat' dir='ltr'><strong>ac</strong></span> <span class='ocrx_word' id='word_1_445' title='bbox 1891 4285 2167 4340; x_wconf 78' lang='lat' dir='ltr'><strong>dexteram</strong></span> <span class='ocrx_word' id='word_1_446' title='bbox 2210 4279 2363 4341; x_wconf 75' lang='lat' dir='ltr'><strong>suam</strong></span> 
     </span>
    </p>
   </div>
   <div class='ocr_carea' id='block_1_61' title="bbox 818 4370 2362 4442">
    <p class='ocr_par' dir='ltr' id='par_1_61' title="bbox 818 4370 2362 4442">
     <span class='ocr_line' id='line_1_61' title="bbox 818 4370 2362 4442; baseline 0.002 -15"><span class='ocrx_word' id='word_1_447' title='bbox 818 4372 875 4427; x_wconf 89' lang='lat' dir='ltr'><strong>in</strong></span> <span class='ocrx_word' id='word_1_448' title='bbox 924 4370 1044 4425; x_wconf 86' lang='lat' dir='ltr'><strong>illos</strong></span> <span class='ocrx_word' id='word_1_449' title='bbox 1087 4372 1345 4437; x_wconf 80' lang='lat' dir='ltr'><strong>extendit,</strong></span> <span class='ocrx_word' id='word_1_450' title='bbox 1378 4372 1446 4426; x_wconf 85' lang='lat' dir='ltr'><strong>ab</strong></span> <span class='ocrx_word' id='word_1_451' title='bbox 1490 4372 1727 4442; x_wconf 84' lang='lat' dir='ltr'><strong>indignis</strong></span> <span class='ocrx_word' id='word_1_452' title='bbox 1757 4390 1883 4428; x_wconf 88' lang='lat' dir='ltr'><strong>vero</strong></span> <span class='ocrx_word' id='word_1_453' title='bbox 1912 4376 2187 4431; x_wconf 55' lang='lat' dir='ltr'><strong>dexteram</strong></span> <span class='ocrx_word' id='word_1_454' title='bbox 2210 4392 2362 4432; x_wconf 83' lang='lat' dir='ltr'><strong>suam</strong></span> 
     </span>
    </p>
   </div>
   <div class='ocr_carea' id='block_1_62' title="bbox 820 4460 2373 4529">
    <p class='ocr_par' dir='ltr' id='par_1_62' title="bbox 820 4460 2373 4529">
     <span class='ocr_line' id='line_1_62' title="bbox 820 4460 2373 4529; baseline 0.004 -16"><span class='ocrx_word' id='word_1_455' title='bbox 820 4460 1037 4522; x_wconf 78' lang='lat' dir='ltr'><strong>avertit,</strong></span> <span class='ocrx_word' id='word_1_456' title='bbox 1063 4460 1302 4528; x_wconf 83' lang='lat' dir='ltr'><strong>nihilque</strong></span> <span class='ocrx_word' id='word_1_457' title='bbox 1334 4475 1398 4514; x_wconf 84' lang='lat' dir='ltr'><strong>ex</strong></span> <span class='ocrx_word' id='word_1_458' title='bbox 1420 4460 1578 4514; x_wconf 88' lang='lat' dir='ltr'><strong>bonis</strong></span> <span class='ocrx_word' id='word_1_459' title='bbox 1601 4462 1654 4514; x_wconf 90' lang='lat' dir='ltr'><strong>in</strong></span> <span class='ocrx_word' id='word_1_460' title='bbox 1689 4471 1985 4517; x_wconf 84' lang='lat' dir='ltr'><strong>memorato</strong></span> <span class='ocrx_word' id='word_1_461' title='bbox 2012 4464 2132 4529; x_wconf 87' lang='lat' dir='ltr'><strong>sinu</strong></span> <span class='ocrx_word' id='word_1_462' title='bbox 2160 4481 2260 4520; x_wconf 91' lang='lat' dir='ltr'><strong>suo</strong></span> <span class='ocrx_word' id='word_1_463' title='bbox 2284 4470 2373 4519; x_wconf 58' lang='lat' dir='ltr'><strong>re:</strong></span> 
     </span>
    </p>
   </div>
   <div class='ocr_carea' id='block_1_63' title="bbox 2451 2021 4020 2095">
    <p class='ocr_par' dir='ltr' id='par_1_63' title="bbox 2451 2021 4020 2095">
     <span class='ocr_line' id='line_1_63' title="bbox 2451 2021 4020 2095; baseline 0.001 -20"><span class='ocrx_word' id='word_1_464' title='bbox 2451 2022 2556 2075; x_wconf 84' lang='grc' dir='ltr'><strong>τῶν</strong></span> <span class='ocrx_word' id='word_1_465' title='bbox 2584 2022 2874 2093; x_wconf 84' lang='grc' dir='ltr'><strong>προφητῶν</strong></span> <span class='ocrx_word' id='word_1_466' title='bbox 2897 2021 3131 2094; x_wconf 80' lang='grc' dir='ltr'>διαδοχὴ.</span> <span class='ocrx_word' id='word_1_467' title='bbox 3159 2022 3194 2093; x_wconf 83' lang='grc' dir='ltr'>ἢ</span> <span class='ocrx_word' id='word_1_468' title='bbox 3223 2023 3317 2077; x_wconf 73' lang='grc' dir='ltr'>καὶ</span> <span class='ocrx_word' id='word_1_469' title='bbox 3342 2022 3590 2094; x_wconf 83' lang='grc' dir='ltr'>διήρκεσε</span> <span class='ocrx_word' id='word_1_470' title='bbox 3618 2023 3810 2095; x_wconf 82' lang='grc' dir='ltr'>μέχρις</span> <span class='ocrx_word' id='word_1_471' title='bbox 3834 2024 4020 2077; x_wconf 79' lang='grc' dir='ltr'>Ἰωάν-</span> 
     </span>
    </p>
   </div>
   <div class='ocr_carea' id='block_1_64' title="bbox 2451 2097 2997 2184">
    <p class='ocr_par' dir='ltr' id='par_1_64' title="bbox 2451 2112 2997 2184">
     <span class='ocr_line' id='line_1_64' title="bbox 2451 2112 2997 2184; baseline 0.002 -20"><span class='ocrx_word' id='word_1_472' title='bbox 2451 2130 2538 2165; x_wconf 82' lang='grc' dir='ltr'><strong>νου</strong></span> <span class='ocrx_word' id='word_1_473' title='bbox 2572 2112 2662 2164; x_wconf 78' lang='grc' dir='ltr'>τοῦ</span> <span class='ocrx_word' id='word_1_474' title='bbox 2701 2114 2997 2184; x_wconf 80' lang='grc' dir='ltr'>προφήτου.</span> 
     </span>
    </p>
   </div>
   <div class='ocr_carea' id='block_1_65' title="bbox 2520 2202 4025 2271">
    <p class='ocr_par' dir='ltr' id='par_1_65' title="bbox 2520 2202 4025 2271">
     <span class='ocr_line' id='line_1_65' title="bbox 2520 2202 4025 2271; baseline 0.001 -16"><span class='ocrx_word' id='word_1_475' title='bbox 2520 2206 2666 2269; x_wconf 87' lang='grc' dir='ltr'>Ἕως</span> <span class='ocrx_word' id='word_1_476' title='bbox 2694 2204 2855 2267; x_wconf 84' lang='grc' dir='ltr'>πότε,</span> <span class='ocrx_word' id='word_1_477' title='bbox 2888 2207 2919 2257; x_wconf 86' lang='grc' dir='ltr'><strong>ό</strong></span> <span class='ocrx_word' id='word_1_478' title='bbox 2952 2203 3115 2269; x_wconf 82' lang='grc' dir='ltr'>Θεὸς,</span> <span class='ocrx_word' id='word_1_479' title='bbox 3141 2202 3403 2263; x_wconf 66' lang='grc' dir='ltr'>ὀνειδίζὲι</span> <span class='ocrx_word' id='word_1_480' title='bbox 3430 2206 3462 2255; x_wconf 83' lang='grc' dir='ltr'><strong>ό</strong></span> <span class='ocrx_word' id='word_1_481' title='bbox 3497 2202 3729 2271; x_wconf 78' lang='grc' dir='ltr'>ἐχθρὸς,</span> <span class='ocrx_word' id='word_1_482' title='bbox 3762 2202 4025 2271; x_wconf 77' lang='grc' dir='ltr'>παροξύ-</span> 
     </span>
    </p>
   </div>
   <div class='ocr_carea' id='block_1_66' title="bbox 2448 2292 4024 2362">
    <p class='ocr_par' dir='ltr' id='par_1_66' title="bbox 2448 2292 4024 2362">
     <span class='ocr_line' id='line_1_66' title="bbox 2448 2292 4024 2362; baseline -0.001 -15"><span class='ocrx_word' id='word_1_483' title='bbox 2448 2312 2536 2347; x_wconf 82' lang='grc' dir='ltr'><strong>νει</strong></span> <span class='ocrx_word' id='word_1_484' title='bbox 2570 2292 2924 2359; x_wconf 76' lang='grc' dir='ltr'>ὑπεναντίος</span> <span class='ocrx_word' id='word_1_485' title='bbox 2947 2294 3013 2347; x_wconf 82' lang='grc' dir='ltr'>τὸ</span> <span class='ocrx_word' id='word_1_486' title='bbox 3045 2292 3229 2362; x_wconf 74' lang='grc' dir='ltr'>ὄνομα</span> <span class='ocrx_word' id='word_1_487' title='bbox 3251 2308 3365 2347; x_wconf 86' lang='grc' dir='ltr'>σου</span> <span class='ocrx_word' id='word_1_488' title='bbox 3396 2296 3482 2358; x_wconf 84' lang='grc' dir='ltr'><strong>είς</strong></span> <span class='ocrx_word' id='word_1_489' title='bbox 3513 2292 3688 2357; x_wconf 84' lang='grc' dir='ltr'>τέλος</span> <span class='ocrx_word' id='word_1_490' title='bbox 3705 2308 3723 2355; x_wconf 86' lang='grc'><strong><em>;</em></strong></span> <span class='ocrx_word' id='word_1_491' title='bbox 3751 2292 4024 2362; x_wconf 76' lang='grc' dir='ltr'>Πολλάκις</span> 
     </span>
    </p>
   </div>
   <div class='ocr_carea' id='block_1_67' title="bbox 2451 2383 4023 2454">
    <p class='ocr_par' dir='ltr' id='par_1_67' title="bbox 2451 2383 4023 2454">
     <span class='ocr_line' id='line_1_67' title="bbox 2451 2383 4023 2454; baseline 0.001 -18"><span class='ocrx_word' id='word_1_492' title='bbox 2451 2384 2662 2454; x_wconf 73' lang='grc' dir='ltr'>εἴρηται</span> <span class='ocrx_word' id='word_1_493' title='bbox 2701 2383 2788 2436; x_wconf 86' lang='grc' dir='ltr'><strong>διὰ</strong></span> <span class='ocrx_word' id='word_1_494' title='bbox 2813 2384 2911 2454; x_wconf 86' lang='grc' dir='ltr'><strong>τῆς</strong></span> <span class='ocrx_word' id='word_1_495' title='bbox 2941 2384 3075 2454; x_wconf 88' lang='grc' dir='ltr'><strong>μετά</strong></span> <span class='ocrx_word' id='word_1_496' title='bbox 3116 2386 3300 2454; x_wconf 86' lang='grc' dir='ltr'>χεῖρας</span> <span class='ocrx_word' id='word_1_497' title='bbox 3333 2383 3663 2453; x_wconf 78' lang='grc' dir='ltr'>προφητείας</span> <span class='ocrx_word' id='word_1_498' title='bbox 3693 2385 3773 2449; x_wconf 86' lang='grc' dir='ltr'>τὸ,</span> <span class='ocrx_word' id='word_1_499' title='bbox 3810 2386 3897 2449; x_wconf 81' lang='grc' dir='ltr'>εις</span> <span class='ocrx_word' id='word_1_500' title='bbox 3924 2384 4023 2437; x_wconf 76' lang='grc' dir='ltr'>τέ-</span> 
     </span>
    </p>
   </div>
   <div class='ocr_carea' id='block_1_68' title="bbox 2450 2474 4019 2544">
    <p class='ocr_par' dir='ltr' id='par_1_68' title="bbox 2450 2474 4019 2544">
     <span class='ocr_line' id='line_1_68' title="bbox 2450 2474 4019 2544; baseline -0.001 -16"><span class='ocrx_word' id='word_1_501' title='bbox 2450 2478 2578 2540; x_wconf 88' lang='grc' dir='ltr'>λος.</span> <span class='ocrx_word' id='word_1_502' title='bbox 2636 2476 2722 2527; x_wconf 84' lang='grc' dir='ltr'>Ἐν</span> <span class='ocrx_word' id='word_1_503' title='bbox 2764 2476 2904 2544; x_wconf 80' lang='grc' dir='ltr'>ἀρχῇ</span> <span class='ocrx_word' id='word_1_504' title='bbox 2955 2474 3050 2544; x_wconf 82' lang='grc' dir='ltr'>μὲν</span> <span class='ocrx_word' id='word_1_505' title='bbox 3102 2474 3207 2544; x_wconf 84' lang='grc' dir='ltr'><strong>γὰρ</strong></span> <span class='ocrx_word' id='word_1_506' title='bbox 3253 2474 3495 2543; x_wconf 80' lang='grc' dir='ltr'>ἐλέγετο⁶</span> <span class='ocrx_word' id='word_1_507' title='bbox 3543 2475 3737 2538; x_wconf 73' lang='lat' dir='ltr'><strong>&#39;Iratl,</strong></span> <span class='ocrx_word' id='word_1_508' title='bbox 3783 2477 3815 2529; x_wconf 86' lang='grc' dir='ltr'><em>ὀ</em></span> <span class='ocrx_word' id='word_1_509' title='bbox 3852 2474 4019 2540; x_wconf 83' lang='grc' dir='ltr'>Θεὸς,</span> 
     </span>
    </p>
   </div>
   <div class='ocr_carea' id='block_1_69' title="bbox 2450 2560 4021 2635">
    <p class='ocr_par' dir='ltr' id='par_1_69' title="bbox 2450 2560 4021 2635">
     <span class='ocr_line' id='line_1_69' title="bbox 2450 2560 4021 2635; baseline -0.001 -17"><span class='ocrx_word' id='word_1_510' title='bbox 2450 2564 2665 2618; x_wconf 82' lang='grc' dir='ltr'>ἀπώσω</span> <span class='ocrx_word' id='word_1_511' title='bbox 2686 2569 2772 2631; x_wconf 84' lang='grc' dir='ltr'>είς</span> <span class='ocrx_word' id='word_1_512' title='bbox 2802 2564 2973 2631; x_wconf 79' lang='grc' dir='ltr'>τέλος</span> <span class='ocrx_word' id='word_1_513' title='bbox 2986 2582 3012 2629; x_wconf 85' lang='grc'>;,</span> <span class='ocrx_word' id='word_1_514' title='bbox 3050 2560 3148 2618; x_wconf 83' lang='grc' dir='ltr'>εἷθ’</span> <span class='ocrx_word' id='word_1_515' title='bbox 3192 2565 3315 2635; x_wconf 56' lang='lat' dir='ltr'><strong>tea;</strong></span> <span class='ocrx_word' id='word_1_516' title='bbox 3334 2582 3348 2596; x_wconf 71' lang='grc' dir='ltr'><strong>ο</strong></span> <span class='ocrx_word' id='word_1_517' title='bbox 3395 2567 3653 2634; x_wconf 82' lang='grc' dir='ltr'>Ἐπαρον</span> <span class='ocrx_word' id='word_1_518' title='bbox 3678 2565 3786 2632; x_wconf 83' lang='grc' dir='ltr'>τὰς</span> <span class='ocrx_word' id='word_1_519' title='bbox 3817 2565 4021 2635; x_wconf 80' lang='grc' dir='ltr'>χεῖράς</span> 
     </span>
    </p>
   </div>
   <div class='ocr_carea' id='block_1_70' title="bbox 2452 2655 4013 2726">
    <p class='ocr_par' dir='ltr' id='par_1_70' title="bbox 2452 2655 4013 2726">
     <span class='ocr_line' id='line_1_70' title="bbox 2452 2655 4013 2726; baseline -0.001 -16"><span class='ocrx_word' id='word_1_520' title='bbox 2452 2672 2566 2711; x_wconf 85' lang='grc' dir='ltr'>σου</span> <span class='ocrx_word' id='word_1_521' title='bbox 2597 2657 2691 2709; x_wconf 80' lang='grc' dir='ltr'><strong>ἐπὶ</strong></span> <span class='ocrx_word' id='word_1_522' title='bbox 2732 2657 2836 2722; x_wconf 87' lang='grc' dir='ltr'>τὰς</span> <span class='ocrx_word' id='word_1_523' title='bbox 2876 2658 3283 2725; x_wconf 63' lang='grc' dir='ltr'>ὑπερηφανίας</span> <span class='ocrx_word' id='word_1_524' title='bbox 3325 2659 3410 2723; x_wconf 79' lang='grc' dir='ltr'><strong>εἷς</strong></span> <span class='ocrx_word' id='word_1_525' title='bbox 3447 2657 3651 2723; x_wconf 84' lang='grc' dir='ltr'>τέλος·</span> <span class='ocrx_word' id='word_1_526' title='bbox 3681 2656 3772 2709; x_wconf 81' lang='grc' dir='ltr'><strong>καί</strong></span> <span class='ocrx_word' id='word_1_527' title='bbox 3799 2655 3979 2726; x_wconf 87' lang='grc' dir='ltr'>τρίτον</span> <span class='ocrx_word' id='word_1_528' title='bbox 3998 2672 4013 2685; x_wconf 91' lang='grc'><strong>·</strong></span> 
     </span>
    </p>
   </div>
   <div class='ocr_carea' id='block_1_71' title="bbox 2456 2746 4011 2817">
    <p class='ocr_par' dir='ltr' id='par_1_71' title="bbox 2456 2746 4011 2817">
     <span class='ocr_line' id='line_1_71' title="bbox 2456 2746 4011 2817; baseline -0.002 -14"><span class='ocrx_word' id='word_1_529' title='bbox 2456 2749 2775 2817; x_wconf 80' lang='grc' dir='ltr'>Παροξύνει</span> <span class='ocrx_word' id='word_1_530' title='bbox 2815 2753 2846 2803; x_wconf 86' lang='lat' dir='ltr'><strong>d</strong></span> <span class='ocrx_word' id='word_1_531' title='bbox 2877 2750 3230 2815; x_wconf 77' lang='grc' dir='ltr'>ὑπεναντίος</span> <span class='ocrx_word' id='word_1_532' title='bbox 3261 2749 3324 2802; x_wconf 86' lang='grc' dir='ltr'>τὸ</span> <span class='ocrx_word' id='word_1_533' title='bbox 3349 2746 3530 2816; x_wconf 80' lang='grc' dir='ltr'>ὄνομά</span> <span class='ocrx_word' id='word_1_534' title='bbox 3561 2763 3676 2802; x_wconf 77' lang='grc' dir='ltr'>σου</span> <span class='ocrx_word' id='word_1_535' title='bbox 3702 2750 3788 2813; x_wconf 84' lang='grc' dir='ltr'><strong>εις</strong></span> <span class='ocrx_word' id='word_1_536' title='bbox 3807 2747 4011 2812; x_wconf 80' lang='grc' dir='ltr'>τέλος·</span> 
     </span>
    </p>
   </div>
   <div class='ocr_carea' id='block_1_72' title="bbox 2455 2835 4016 2907">
    <p class='ocr_par' dir='ltr' id='par_1_72' title="bbox 2455 2835 4016 2907">
     <span class='ocr_line' id='line_1_72' title="bbox 2455 2835 4016 2907; baseline -0.001 -16"><span class='ocrx_word' id='word_1_537' title='bbox 2455 2840 2547 2891; x_wconf 74' lang='grc' dir='ltr'><strong>καὶ</strong></span> <span class='ocrx_word' id='word_1_538' title='bbox 2572 2835 2723 2901; x_wconf 83' lang='grc' dir='ltr'>αὖθις</span> <span class='ocrx_word' id='word_1_539' title='bbox 2740 2856 2752 2871; x_wconf 85' lang='grc'><strong>·</strong></span> <span class='ocrx_word' id='word_1_540' title='bbox 2795 2838 2967 2893; x_wconf 84' lang='grc' dir='ltr'>Ἰνατί</span> <span class='ocrx_word' id='word_1_541' title='bbox 2995 2837 3389 2907; x_wconf 70' lang='grc' dir='ltr'>ἀποστρέφεις</span> <span class='ocrx_word' id='word_1_542' title='bbox 3412 2839 3526 2905; x_wconf 79' lang='grc' dir='ltr'>τὴν</span> <span class='ocrx_word' id='word_1_543' title='bbox 3580 2836 3745 2907; x_wconf 84' lang='grc' dir='ltr'>χεῖρά</span> <span class='ocrx_word' id='word_1_544' title='bbox 3770 2852 3886 2890; x_wconf 86' lang='grc' dir='ltr'>σου</span> <span class='ocrx_word' id='word_1_545' title='bbox 3914 2836 4016 2890; x_wconf 67' lang='grc' dir='ltr'><strong><em>κά</em></strong></span> 
     </span>
    </p>
   </div>
   <div class='ocr_carea' id='block_1_73' title="bbox 2452 2927 4018 2998">
    <p class='ocr_par' dir='ltr' id='par_1_73' title="bbox 2452 2927 4018 2998">
     <span class='ocr_line' id='line_1_73' title="bbox 2452 2927 4018 2998; baseline -0.001 -16"><span class='ocrx_word' id='word_1_546' title='bbox 2452 2929 2565 2997; x_wconf 84' lang='grc' dir='ltr'>τὴν</span> <span class='ocrx_word' id='word_1_547' title='bbox 2582 2930 2784 2993; x_wconf 82' lang='grc' dir='ltr'>δεξιάν</span> <span class='ocrx_word' id='word_1_548' title='bbox 2797 2944 2910 2983; x_wconf 75' lang='grc' dir='ltr'><strong>σου</strong></span> <span class='ocrx_word' id='word_1_549' title='bbox 2924 2930 2990 2983; x_wconf 80' lang='grc' dir='ltr'>ἐκ</span> <span class='ocrx_word' id='word_1_550' title='bbox 3001 2929 3197 2998; x_wconf 83' lang='grc' dir='ltr'>μέσου</span> <span class='ocrx_word' id='word_1_551' title='bbox 3213 2929 3317 2983; x_wconf 84' lang='grc' dir='ltr'>τοῦ</span> <span class='ocrx_word' id='word_1_552' title='bbox 3333 2930 3561 2983; x_wconf 81' lang='grc' dir='ltr'>κόλπου</span> <span class='ocrx_word' id='word_1_553' title='bbox 3574 2945 3688 2983; x_wconf 92' lang='grc' dir='ltr'><strong>σου</strong></span> <span class='ocrx_word' id='word_1_554' title='bbox 3705 2931 3791 2994; x_wconf 84' lang='grc' dir='ltr'><strong>είς</strong></span> <span class='ocrx_word' id='word_1_555' title='bbox 3806 2927 3979 2993; x_wconf 83' lang='grc' dir='ltr'>τέλος</span> <span class='ocrx_word' id='word_1_556' title='bbox 3995 2943 4018 2991; x_wconf 86' lang='grc'><strong><em>;</em></strong></span> 
     </span>
    </p>
   </div>
   <div class='ocr_carea' id='block_1_74' title="bbox 2452 3015 4015 3092">
    <p class='ocr_par' dir='ltr' id='par_1_74' title="bbox 2452 3015 4015 3092">
     <span class='ocr_line' id='line_1_74' title="bbox 2452 3015 4015 3092; baseline -0.003 -17"><span class='ocrx_word' id='word_1_557' title='bbox 2452 3022 2518 3075; x_wconf 79' lang='grc' dir='ltr'>δι’</span> <span class='ocrx_word' id='word_1_558' title='bbox 2544 3015 2617 3074; x_wconf 81' lang='grc' dir='ltr'><strong>ὧν</strong></span> <span class='ocrx_word' id='word_1_559' title='bbox 2649 3024 2676 3075; x_wconf 87' lang='grc' dir='ltr'>ὀ</span> <span class='ocrx_word' id='word_1_560' title='bbox 2707 3021 2862 3089; x_wconf 83' lang='grc' dir='ltr'>λόγος</span> <span class='ocrx_word' id='word_1_561' title='bbox 2892 3020 2987 3092; x_wconf 81' lang='grc' dir='ltr'>τὴν</span> <span class='ocrx_word' id='word_1_562' title='bbox 3017 3021 3328 3074; x_wconf 82' lang='grc' dir='ltr'>τελευταίαν</span> <span class='ocrx_word' id='word_1_563' title='bbox 3373 3020 3679 3091; x_wconf 75' lang='grc' dir='ltr'>πολιορκίαν</span> <span class='ocrx_word' id='word_1_564' title='bbox 3723 3019 3816 3072; x_wconf 82' lang='grc' dir='ltr'><strong>τοῦ</strong></span> <span class='ocrx_word' id='word_1_565' title='bbox 3848 3020 4015 3072; x_wconf 83' lang='grc' dir='ltr'>τόπου</span> 
     </span>
    </p>
   </div>
   <div class='ocr_carea' id='block_1_75' title="bbox 2456 3094 4017 3184">
    <p class='ocr_par' dir='ltr' id='par_1_75' title="bbox 2456 3094 4017 3184">
     <span class='ocr_line' id='line_1_75' title="bbox 2456 3094 4017 3184; baseline -0.001 -20"><span class='ocrx_word' id='word_1_566' title='bbox 2456 3113 2726 3184; x_wconf 80' lang='grc' dir='ltr'>σημαίνει.</span> <span class='ocrx_word' id='word_1_567' title='bbox 2765 3101 3164 3182; x_wconf 77' lang='grc' dir='ltr'>Πυνθανόμενος</span> <span class='ocrx_word' id='word_1_568' title='bbox 3198 3112 3254 3163; x_wconf 82' lang='grc' dir='ltr'><strong>δέ</strong></span> <span class='ocrx_word' id='word_1_569' title='bbox 3291 3112 3385 3164; x_wconf 70' lang='grc' dir='ltr'>καὶ</span> <span class='ocrx_word' id='word_1_570' title='bbox 3422 3094 3623 3179; x_wconf 75' lang='grc' dir='ltr'>λέγων’</span> <span class='ocrx_word' id='word_1_571' title='bbox 3658 3111 3811 3177; x_wconf 86' lang='grc' dir='ltr'>Ἕως</span> <span class='ocrx_word' id='word_1_572' title='bbox 3850 3113 4017 3176; x_wconf 84' lang='grc' dir='ltr'>πότε,</span> 
     </span>
    </p>
   </div>
   <div class='ocr_carea' id='block_1_76' title="bbox 2456 3197 4019 3269">
    <p class='ocr_par' dir='ltr' id='par_1_76' title="bbox 2456 3197 4019 3269">
     <span class='ocr_line' id='line_1_76' title="bbox 2456 3197 4019 3269; baseline -0.001 -16"><span class='ocrx_word' id='word_1_573' title='bbox 2456 3204 2497 3253; x_wconf 48' lang='grc' dir='ltr'><strong>όν</strong></span> <span class='ocrx_word' id='word_1_574' title='bbox 2548 3199 2707 3265; x_wconf 76' lang='grc' dir='ltr'>Θεὸς,</span> <span class='ocrx_word' id='word_1_575' title='bbox 2753 3199 2990 3253; x_wconf 76' lang='grc' dir='ltr'>ὀνειδιεῖ</span> <span class='ocrx_word' id='word_1_576' title='bbox 3016 3203 3048 3253; x_wconf 84' lang='grc' dir='ltr'><strong>ό</strong></span> <span class='ocrx_word' id='word_1_577' title='bbox 3077 3200 3326 3268; x_wconf 80' lang='grc' dir='ltr'>ἑχθρός;</span> <span class='ocrx_word' id='word_1_578' title='bbox 3373 3197 3678 3269; x_wconf 76' lang='grc' dir='ltr'>διδαχθῆναι</span> <span class='ocrx_word' id='word_1_579' title='bbox 3728 3198 3881 3251; x_wconf 83' lang='grc' dir='ltr'>ποθεῖ</span> <span class='ocrx_word' id='word_1_580' title='bbox 3914 3199 4019 3262; x_wconf 75' lang='grc' dir='ltr'>ἕως</span> 
     </span>
    </p>
   </div>
   <div class='ocr_carea' id='block_1_77' title="bbox 2459 3286 4017 3359">
    <p class='ocr_par' dir='ltr' id='par_1_77' title="bbox 2459 3286 4017 3359">
     <span class='ocr_line' id='line_1_77' title="bbox 2459 3286 4017 3359; baseline 0.002 -21"><span class='ocrx_word' id='word_1_581' title='bbox 2459 3287 2585 3339; x_wconf 84' lang='grc' dir='ltr'>πότε</span> <span class='ocrx_word' id='word_1_582' title='bbox 2631 3286 2780 3339; x_wconf 76' lang='grc' dir='ltr'>ταῦτ’</span> <span class='ocrx_word' id='word_1_583' title='bbox 2819 3286 2990 3351; x_wconf 79' lang='grc' dir='ltr'>ἔσται,</span> <span class='ocrx_word' id='word_1_584' title='bbox 3040 3288 3135 3339; x_wconf 78' lang='grc' dir='ltr'>καὶ</span> <span class='ocrx_word' id='word_1_585' title='bbox 3177 3287 3261 3349; x_wconf 87' lang='grc' dir='ltr'><strong>τίς</strong></span> <span class='ocrx_word' id='word_1_586' title='bbox 3312 3286 3461 3340; x_wconf 70' lang='grc' dir='ltr'>ἔσται</span> <span class='ocrx_word' id='word_1_587' title='bbox 3497 3288 3530 3353; x_wconf 78' lang='grc' dir='ltr'><strong>ἡ</strong></span> <span class='ocrx_word' id='word_1_588' title='bbox 3566 3287 3875 3359; x_wconf 75' lang='grc' dir='ltr'>περιγραφὴ</span> <span class='ocrx_word' id='word_1_589' title='bbox 3920 3288 4017 3341; x_wconf 79' lang='grc' dir='ltr'><strong>τοῦ</strong></span> 
     </span>
    </p>
   </div>
   <div class='ocr_carea' id='block_1_78' title="bbox 2458 3378 4017 3450">
    <p class='ocr_par' dir='ltr' id='par_1_78' title="bbox 2458 3378 4017 3450">
     <span class='ocr_line' id='line_1_78' title="bbox 2458 3378 4017 3450; baseline 0.002 -20"><span class='ocrx_word' id='word_1_590' title='bbox 2458 3378 2668 3448; x_wconf 86' lang='grc' dir='ltr'>χρόνου,</span> <span class='ocrx_word' id='word_1_591' title='bbox 2688 3381 2775 3431; x_wconf 72' lang='grc' dir='ltr'>καὶ</span> <span class='ocrx_word' id='word_1_592' title='bbox 2795 3378 2952 3450; x_wconf 85' lang='grc' dir='ltr'>μέχρι</span> <span class='ocrx_word' id='word_1_593' title='bbox 2986 3378 3125 3441; x_wconf 87' lang='grc' dir='ltr'>τίνος</span> <span class='ocrx_word' id='word_1_594' title='bbox 3158 3378 3445 3449; x_wconf 71' lang='grc' dir='ltr'>παροξύνει</span> <span class='ocrx_word' id='word_1_595' title='bbox 3463 3379 3540 3449; x_wconf 79' lang='grc'><strong>(1)</strong></span> <span class='ocrx_word' id='word_1_596' title='bbox 3562 3380 3591 3430; x_wconf 82' lang='grc' dir='ltr'>ὁ</span> <span class='ocrx_word' id='word_1_597' title='bbox 3615 3380 3929 3444; x_wconf 86' lang='grc' dir='ltr'>ὑπεναντίος</span> <span class='ocrx_word' id='word_1_598' title='bbox 3955 3379 4017 3433; x_wconf 79' lang='grc' dir='ltr'><strong>τδ</strong></span> 
     </span>
    </p>
   </div>
   <div class='ocr_carea' id='block_1_79' title="bbox 2459 3468 4016 3543">
    <p class='ocr_par' dir='ltr' id='par_1_79' title="bbox 2459 3468 4016 3543">
     <span class='ocr_line' id='line_1_79' title="bbox 2459 3468 4016 3543; baseline 0.002 -23"><span class='ocrx_word' id='word_1_599' title='bbox 2459 3468 2627 3538; x_wconf 75' lang='grc' dir='ltr'>ὄνομά</span> <span class='ocrx_word' id='word_1_600' title='bbox 2660 3485 2771 3530; x_wconf 92' lang='grc' dir='ltr'>σου,</span> <span class='ocrx_word' id='word_1_601' title='bbox 2804 3470 2895 3521; x_wconf 70' lang='grc' dir='ltr'><strong>καὶ</strong></span> <span class='ocrx_word' id='word_1_602' title='bbox 2924 3470 2973 3520; x_wconf 90' lang='grc' dir='ltr'><strong>εί</strong></span> <span class='ocrx_word' id='word_1_603' title='bbox 3010 3469 3246 3539; x_wconf 82' lang='grc' dir='ltr'>διαμένει</span> <span class='ocrx_word' id='word_1_604' title='bbox 3278 3472 3355 3533; x_wconf 88' lang='grc' dir='ltr'><strong>είς</strong></span> <span class='ocrx_word' id='word_1_605' title='bbox 3378 3469 3527 3533; x_wconf 79' lang='grc' dir='ltr'>τέλος</span> <span class='ocrx_word' id='word_1_606' title='bbox 3556 3470 3711 3523; x_wconf 81' lang='grc' dir='ltr'>τοῦτο</span> <span class='ocrx_word' id='word_1_607' title='bbox 3745 3471 4016 3543; x_wconf 87' lang='grc' dir='ltr'>πράττων.</span> 
     </span>
    </p>
   </div>
   <div class='ocr_carea' id='block_1_80' title="bbox 2460 3554 4013 3631">
    <p class='ocr_par' dir='ltr' id='par_1_80' title="bbox 2460 3554 4013 3631">
     <span class='ocr_line' id='line_1_80' title="bbox 2460 3554 4013 3631; baseline 0.001 -21"><span class='ocrx_word' id='word_1_608' title='bbox 2460 3554 2569 3611; x_wconf 74' lang='grc' dir='ltr'><strong>Εἶτ’</strong></span> <span class='ocrx_word' id='word_1_609' title='bbox 2595 3558 2896 3623; x_wconf 79' lang='grc' dir='ltr'>ἀκολούθως</span> <span class='ocrx_word' id='word_1_610' title='bbox 2927 3559 3249 3627; x_wconf 85' lang='grc' dir='ltr'>πυνθάνεται</span> <span class='ocrx_word' id='word_1_611' title='bbox 3275 3560 3371 3631; x_wconf 77' lang='grc' dir='ltr'>τὴν</span> <span class='ocrx_word' id='word_1_612' title='bbox 3394 3558 3598 3613; x_wconf 82' lang='grc' dir='ltr'>τούτων</span> <span class='ocrx_word' id='word_1_613' title='bbox 3619 3561 3798 3615; x_wconf 72' lang='grc' dir='ltr'>αἰτίαν</span> <span class='ocrx_word' id='word_1_614' title='bbox 3822 3560 3985 3625; x_wconf 80' lang='grc' dir='ltr'>ἀξιῶν</span> <span class='ocrx_word' id='word_1_615' title='bbox 4000 3579 4013 3591; x_wconf 94' lang='grc'><strong>·</strong></span> 
     </span>
    </p>
   </div>
   <div class='ocr_carea' id='block_1_81' title="bbox 2451 3630 4021 3717">
    <p class='ocr_par' dir='ltr' id='par_1_81' title="bbox 2451 3630 4021 3717">
     <span class='ocr_line' id='line_1_81' title="bbox 2451 3630 4021 3717; baseline 0.003 -18"><span class='ocrx_word' id='word_1_616' title='bbox 2451 3630 2540 3700; x_wconf 59' lang='grc' dir='ltr'>’διό</span> <span class='ocrx_word' id='word_1_617' title='bbox 2568 3663 2728 3714; x_wconf 85' lang='grc' dir='ltr'>φησιν</span> <span class='ocrx_word' id='word_1_618' title='bbox 2746 3665 2758 3677; x_wconf 91' lang='grc'>·</span> <span class='ocrx_word' id='word_1_619' title='bbox 2806 3647 2977 3701; x_wconf 76' lang='grc' dir='ltr'>Ἰνατί</span> <span class='ocrx_word' id='word_1_620' title='bbox 3009 3648 3399 3716; x_wconf 67' lang='grc' dir='ltr'>ἀποστρέφεις</span> <span class='ocrx_word' id='word_1_621' title='bbox 3425 3647 3537 3717; x_wconf 81' lang='grc' dir='ltr'>τὴν</span> <span class='ocrx_word' id='word_1_622' title='bbox 3592 3649 3755 3717; x_wconf 70' lang='grc' dir='ltr'>χεῖρά</span> <span class='ocrx_word' id='word_1_623' title='bbox 3780 3664 3896 3703; x_wconf 90' lang='grc' dir='ltr'>σου</span> <span class='ocrx_word' id='word_1_624' title='bbox 3921 3651 4021 3703; x_wconf 75' lang='grc' dir='ltr'>καὶ</span> 
     </span>
    </p>
   </div>
   <div class='ocr_carea' id='block_1_82' title="bbox 2460 3736 4022 3807">
    <p class='ocr_par' dir='ltr' id='par_1_82' title="bbox 2460 3736 4022 3807">
     <span class='ocr_line' id='line_1_82' title="bbox 2460 3736 4022 3807; baseline 0.004 -18"><span class='ocrx_word' id='word_1_625' title='bbox 2460 3737 2574 3803; x_wconf 75' lang='grc' dir='ltr'>τὴν</span> <span class='ocrx_word' id='word_1_626' title='bbox 2598 3736 2801 3799; x_wconf 72' lang='grc' dir='ltr'>δεξιάν</span> <span class='ocrx_word' id='word_1_627' title='bbox 2819 3752 2933 3790; x_wconf 90' lang='grc' dir='ltr'>σου</span> <span class='ocrx_word' id='word_1_628' title='bbox 2974 3737 3042 3790; x_wconf 81' lang='grc' dir='ltr'>ἐκ</span> <span class='ocrx_word' id='word_1_629' title='bbox 3077 3738 3269 3806; x_wconf 84' lang='grc' dir='ltr'>μέσου</span> <span class='ocrx_word' id='word_1_630' title='bbox 3300 3739 3403 3792; x_wconf 89' lang='grc' dir='ltr'>τοῦ</span> <span class='ocrx_word' id='word_1_631' title='bbox 3431 3741 3661 3793; x_wconf 77' lang='grc' dir='ltr'>κόλπου</span> <span class='ocrx_word' id='word_1_632' title='bbox 3683 3755 3798 3793; x_wconf 88' lang='grc' dir='ltr'>σου</span> <span class='ocrx_word' id='word_1_633' title='bbox 3822 3744 3908 3807; x_wconf 80' lang='grc' dir='ltr'><strong>είς</strong></span> <span class='ocrx_word' id='word_1_634' title='bbox 3930 3742 4022 3795; x_wconf 83' lang='grc' dir='ltr'><strong>τέ-</strong></span> 
     </span>
    </p>
   </div>
   <div class='ocr_carea' id='block_1_83' title="bbox 2460 3828 4019 3899">
    <p class='ocr_par' dir='ltr' id='par_1_83' title="bbox 2460 3828 4019 3899">
     <span class='ocr_line' id='line_1_83' title="bbox 2460 3828 4019 3899; baseline 0.001 -18"><span class='ocrx_word' id='word_1_635' title='bbox 2460 3831 2609 3893; x_wconf 90' lang='grc' dir='ltr'>λος;</span> <span class='ocrx_word' id='word_1_636' title='bbox 2647 3830 2709 3880; x_wconf 84' lang='grc' dir='ltr'>Ἢ</span> <span class='ocrx_word' id='word_1_637' title='bbox 2741 3828 2797 3879; x_wconf 84' lang='grc' dir='ltr'>δὲ</span> <span class='ocrx_word' id='word_1_638' title='bbox 2825 3828 2917 3880; x_wconf 80' lang='grc' dir='ltr'><strong>τοῦ</strong></span> <span class='ocrx_word' id='word_1_639' title='bbox 2960 3828 3117 3895; x_wconf 84' lang='grc' dir='ltr'>λόγου</span> <span class='ocrx_word' id='word_1_640' title='bbox 3148 3828 3350 3881; x_wconf 82' lang='grc' dir='ltr'>διάνοια</span> <span class='ocrx_word' id='word_1_641' title='bbox 3381 3829 3565 3882; x_wconf 79' lang='grc' dir='ltr'>τοῦτον</span> <span class='ocrx_word' id='word_1_642' title='bbox 3600 3828 3710 3899; x_wconf 72' lang='grc' dir='ltr'>ἔχει</span> <span class='ocrx_word' id='word_1_643' title='bbox 3747 3831 3837 3883; x_wconf 83' lang='grc' dir='ltr'>τὸν</span> <span class='ocrx_word' id='word_1_644' title='bbox 3861 3829 3984 3884; x_wconf 82' lang='grc' dir='ltr'>νοῦν</span> <span class='ocrx_word' id='word_1_645' title='bbox 4004 3847 4019 3862; x_wconf 88' lang='grc'><strong>·</strong></span> 
     </span>
    </p>
   </div>
   <div class='ocr_carea' id='block_1_84' title="bbox 2464 3918 4020 3990">
    <p class='ocr_par' dir='ltr' id='par_1_84' title="bbox 2464 3918 4020 3990">
     <span class='ocr_line' id='line_1_84' title="bbox 2464 3918 4020 3990; baseline 0.002 -18"><span class='ocrx_word' id='word_1_646' title='bbox 2464 3921 2491 3971; x_wconf 87' lang='grc' dir='ltr'>ὁ</span> <span class='ocrx_word' id='word_1_647' title='bbox 2514 3920 2707 3983; x_wconf 87' lang='grc' dir='ltr'>κόλπος</span> <span class='ocrx_word' id='word_1_648' title='bbox 2731 3919 2822 3971; x_wconf 82' lang='grc' dir='ltr'><strong>τοῦ</strong></span> <span class='ocrx_word' id='word_1_649' title='bbox 2854 3918 2985 3971; x_wconf 83' lang='grc' dir='ltr'>Θεοῦ</span> <span class='ocrx_word' id='word_1_650' title='bbox 3010 3918 3225 3987; x_wconf 78' lang='grc' dir='ltr'>ἀγαθῶν</span> <span class='ocrx_word' id='word_1_651' title='bbox 3254 3922 3365 3972; x_wconf 79' lang='grc' dir='ltr'>ἐστι</span> <span class='ocrx_word' id='word_1_652' title='bbox 3391 3920 3620 3990; x_wconf 84' lang='grc' dir='ltr'>πλήρης,</span> <span class='ocrx_word' id='word_1_653' title='bbox 3644 3920 3724 3973; x_wconf 80' lang='grc' dir='ltr'>διὸ</span> <span class='ocrx_word' id='word_1_654' title='bbox 3746 3921 4020 3975; x_wconf 84' lang='grc' dir='ltr'>λέλεκται·</span> 
     </span>
    </p>
   </div>
   <div class='ocr_carea' id='block_1_85' title="bbox 2463 4010 4023 4081">
    <p class='ocr_par' dir='ltr' id='par_1_85' title="bbox 2463 4010 4023 4081">
     <span class='ocr_line' id='line_1_85' title="bbox 2463 4010 4023 4081; baseline 0.001 -17"><span class='ocrx_word' id='word_1_655' title='bbox 2463 4010 2803 4081; x_wconf 78' lang='grc' dir='ltr'>Μονογενὴς</span> <span class='ocrx_word' id='word_1_656' title='bbox 2831 4010 2961 4077; x_wconf 75' lang='grc' dir='ltr'><strong>Υἱὸς</strong></span> <span class='ocrx_word' id='word_1_657' title='bbox 2985 4014 3017 4064; x_wconf 86' lang='grc' dir='ltr'><strong>ό</strong></span> <span class='ocrx_word' id='word_1_658' title='bbox 3044 4010 3129 4064; x_wconf 82' lang='grc' dir='ltr'>ὢν</span> <span class='ocrx_word' id='word_1_659' title='bbox 3153 4013 3237 4075; x_wconf 87' lang='grc' dir='ltr'><strong>είς</strong></span> <span class='ocrx_word' id='word_1_660' title='bbox 3264 4010 3369 4063; x_wconf 81' lang='grc' dir='ltr'>τὸν</span> <span class='ocrx_word' id='word_1_661' title='bbox 3388 4012 3617 4067; x_wconf 74' lang='grc' dir='ltr'>κόλπον</span> <span class='ocrx_word' id='word_1_662' title='bbox 3640 4011 3744 4065; x_wconf 86' lang='grc' dir='ltr'>τοῦ</span> <span class='ocrx_word' id='word_1_663' title='bbox 3774 4015 4023 4081; x_wconf 75' lang='grc' dir='ltr'>Πατρός,</span> 
     </span>
    </p>
   </div>
   <div class='ocr_carea' id='block_1_86' title="bbox 2464 4097 4025 4173">
    <p class='ocr_par' dir='ltr' id='par_1_86' title="bbox 2464 4097 4025 4173">
     <span class='ocr_line' id='line_1_86' title="bbox 2464 4097 4025 4173; baseline 0.001 -19"><span class='ocrx_word' id='word_1_664' title='bbox 2464 4101 2688 4168; x_wconf 80' lang='grc' dir='ltr'>ἐκεῖνος</span> <span class='ocrx_word' id='word_1_665' title='bbox 2714 4101 3070 4171; x_wconf 76' lang='grc' dir='ltr'>ἐξηγήσατο.</span> <span class='ocrx_word' id='word_1_666' title='bbox 3104 4103 3215 4155; x_wconf 77' lang='grc' dir='ltr'><strong>Καὶ</strong></span> <span class='ocrx_word' id='word_1_667' title='bbox 3240 4101 3382 4153; x_wconf 82' lang='grc' dir='ltr'>ἔστιν</span> <span class='ocrx_word' id='word_1_668' title='bbox 3414 4101 3719 4173; x_wconf 73' lang='grc' dir='ltr'>ἀπόρρητος</span> <span class='ocrx_word' id='word_1_669' title='bbox 3748 4097 3898 4165; x_wconf 77' lang='grc' dir='ltr'>οὗτος</span> <span class='ocrx_word' id='word_1_670' title='bbox 3924 4106 4025 4173; x_wconf 81' lang='grc' dir='ltr'>τῆς</span> 
     </span>
    </p>
   </div>
   <div class='ocr_carea' id='block_1_87' title="bbox 2477 4190 4029 4263">
    <p class='ocr_par' dir='ltr' id='par_1_87' title="bbox 2477 4190 4029 4263">
     <span class='ocr_line' id='line_1_87' title="bbox 2477 4190 4029 4263; baseline 0.002 -20"><span class='ocrx_word' id='word_1_671' title='bbox 2477 4192 2752 4262; x_wconf 83' lang='grc' dir='ltr'>Πατρικῆς</span> <span class='ocrx_word' id='word_1_672' title='bbox 2768 4191 3016 4261; x_wconf 84' lang='grc' dir='ltr'>θεότητος</span> <span class='ocrx_word' id='word_1_673' title='bbox 3047 4190 3313 4263; x_wconf 83' lang='grc' dir='ltr'>θησαυρὸς</span> <span class='ocrx_word' id='word_1_674' title='bbox 3338 4192 3430 4245; x_wconf 78' lang='grc' dir='ltr'>καὶ</span> <span class='ocrx_word' id='word_1_675' title='bbox 3457 4191 3723 4262; x_wconf 87' lang='grc' dir='ltr'>πλήρωμα</span> <span class='ocrx_word' id='word_1_676' title='bbox 3745 4192 3852 4245; x_wconf 86' lang='grc' dir='ltr'><strong>τῶν</strong></span> <span class='ocrx_word' id='word_1_677' title='bbox 3883 4192 4029 4260; x_wconf 82' lang='grc' dir='ltr'>ἀγα-’</span> 
     </span>
    </p>
   </div>
   <div class='ocr_carea' id='block_1_88' title="bbox 2466 4272 4025 4350">
    <p class='ocr_par' dir='ltr' id='par_1_88' title="bbox 2466 4272 4025 4350">
     <span class='ocr_line' id='line_1_88' title="bbox 2466 4272 4025 4350; baseline 0.003 -21"><span class='ocrx_word' id='word_1_678' title='bbox 2466 4277 2569 4329; x_wconf 83' lang='grc' dir='ltr'><strong>θῶν</strong></span> <span class='ocrx_word' id='word_1_679' title='bbox 2599 4279 2867 4340; x_wconf 80' lang='grc' dir='ltr'>ἁπάντων,</span> <span class='ocrx_word' id='word_1_680' title='bbox 2890 4277 2946 4343; x_wconf 77' lang='grc' dir='ltr'>ἐξ</span> <span class='ocrx_word' id='word_1_681' title='bbox 2972 4272 3045 4330; x_wconf 79' lang='grc' dir='ltr'>ὧν</span> <span class='ocrx_word' id='word_1_682' title='bbox 3075 4278 3252 4331; x_wconf 80' lang='grc' dir='ltr'>δίδωσι</span> <span class='ocrx_word' id='word_1_683' title='bbox 3286 4280 3352 4331; x_wconf 83' lang='grc' dir='ltr'>τὰ</span> <span class='ocrx_word' id='word_1_684' title='bbox 3380 4280 3689 4350; x_wconf 84' lang='grc' dir='ltr'>χαρίσματα</span> <span class='ocrx_word' id='word_1_685' title='bbox 3712 4282 3823 4344; x_wconf 84' lang='grc' dir='ltr'>τοῖς</span> <span class='ocrx_word' id='word_1_686' title='bbox 3852 4279 4025 4345; x_wconf 77' lang='grc' dir='ltr'>ἀξίοις</span> 
     </span>
    </p>
   </div>
   <div class='ocr_carea' id='block_1_89' title="bbox 2464 4367 4026 4442">
    <p class='ocr_par' dir='ltr' id='par_1_89' title="bbox 2464 4367 4026 4442">
     <span class='ocr_line' id='line_1_89' title="bbox 2464 4367 4026 4442; baseline 0.003 -23"><span class='ocrx_word' id='word_1_687' title='bbox 2464 4367 2648 4420; x_wconf 82' lang='grc' dir='ltr'>αὑτοῦ.</span> <span class='ocrx_word' id='word_1_688' title='bbox 2683 4369 2833 4421; x_wconf 73' lang='grc' dir='ltr'>Ἐπεὶ</span> <span class='ocrx_word' id='word_1_689' title='bbox 2872 4367 3049 4421; x_wconf 85' lang='grc' dir='ltr'>τοίνυν</span> <span class='ocrx_word' id='word_1_690' title='bbox 3083 4370 3145 4421; x_wconf 80' lang='grc' dir='ltr'>ὲκ</span> <span class='ocrx_word' id='word_1_691' title='bbox 3185 4370 3345 4439; x_wconf 82' lang='grc' dir='ltr'>μέσου</span> <span class='ocrx_word' id='word_1_692' title='bbox 3388 4369 3482 4423; x_wconf 79' lang='grc' dir='ltr'>τοῦ</span> <span class='ocrx_word' id='word_1_693' title='bbox 3527 4370 3726 4424; x_wconf 88' lang='grc' dir='ltr'>κόλπου</span> <span class='ocrx_word' id='word_1_694' title='bbox 3765 4368 3832 4424; x_wconf 80' lang='grc' dir='ltr'><strong>τά</strong></span> <span class='ocrx_word' id='word_1_695' title='bbox 3865 4370 4026 4442; x_wconf 83' lang='grc' dir='ltr'>χαρί-</span> 
     </span>
    </p>
   </div>
   <div class='ocr_carea' id='block_1_90' title="bbox 2467 4457 4025 4532">
    <p class='ocr_par' dir='ltr' id='par_1_90' title="bbox 2467 4457 4025 4532">
     <span class='ocr_line' id='line_1_90' title="bbox 2467 4457 4025 4532; baseline 0.004 -23"><span class='ocrx_word' id='word_1_696' title='bbox 2467 4474 2645 4527; x_wconf 89' lang='grc' dir='ltr'>σματα</span> <span class='ocrx_word' id='word_1_697' title='bbox 2676 4462 2785 4521; x_wconf 82' lang='grc' dir='ltr'>τοῖς</span> <span class='ocrx_word' id='word_1_698' title='bbox 2834 4457 3000 4522; x_wconf 79' lang='grc' dir='ltr'>ἀξίοις</span> <span class='ocrx_word' id='word_1_699' title='bbox 3030 4460 3279 4530; x_wconf 86' lang='grc' dir='ltr'>δωρεῖται</span> <span class='ocrx_word' id='word_1_700' title='bbox 3321 4461 3571 4513; x_wconf 81' lang='grc' dir='ltr'>ἐκτείνων</span> <span class='ocrx_word' id='word_1_701' title='bbox 3600 4463 3679 4525; x_wconf 84' lang='grc' dir='ltr'><strong>είς</strong></span> <span class='ocrx_word' id='word_1_702' title='bbox 3705 4463 3897 4525; x_wconf 81' lang='grc' dir='ltr'>αὐτοὺς</span> <span class='ocrx_word' id='word_1_703' title='bbox 3924 4463 4025 4532; x_wconf 81' lang='grc' dir='ltr'>τὴν</span> 
     </span>
    </p>
   </div>
   <div class='ocr_carea' id='block_1_91' title="bbox 818 4545 2380 4639">
    <p class='ocr_par' dir='ltr' id='par_1_91' title="bbox 818 4547 2360 4629">
     <span class='ocr_line' id='line_1_91' title="bbox 818 4547 2360 4629; baseline 0.006 -28"><span class='ocrx_word' id='word_1_704' title='bbox 818 4547 1053 4629; x_wconf 51' lang='lat' dir='ltr'><strong>conditis</strong></span> <span class='ocrx_word' id='word_1_705' title='bbox 1098 4549 1231 4617; x_wconf 88' lang='lat' dir='ltr'><strong>ipsis</strong></span> <span class='ocrx_word' id='word_1_706' title='bbox 1280 4551 1571 4623; x_wconf 85' lang='lat' dir='ltr'><strong>elargitur;</strong></span> <span class='ocrx_word' id='word_1_707' title='bbox 1599 4552 1720 4621; x_wconf 79' lang='lat' dir='ltr'><strong>jure</strong></span> <span class='ocrx_word' id='word_1_708' title='bbox 1768 4554 2099 4620; x_wconf 87' lang='lat' dir='ltr'><strong>sciscitatur,</strong></span> <span class='ocrx_word' id='word_1_709' title='bbox 2130 4557 2315 4614; x_wconf 88' lang='lat' dir='ltr'><strong>dicens</strong></span> <span class='ocrx_word' id='word_1_710' title='bbox 2348 4577 2360 4610; x_wconf 88' lang='lat'><strong>:</strong></span> 
     </span>
    </p>
   </div>
   <div class='ocr_carea' id='block_1_92' title="bbox 2454 4545 4025 4639">
    <p class='ocr_par' dir='ltr' id='par_1_92' title="bbox 2467 4545 4025 4621">
     <span class='ocr_line' id='line_1_92' title="bbox 2467 4545 4025 4621; baseline 0.003 -24"><span class='ocrx_word' id='word_1_711' title='bbox 2467 4545 2656 4598; x_wconf 85' lang='grc' dir='ltr'>ἐαυτοῦ</span> <span class='ocrx_word' id='word_1_712' title='bbox 2683 4545 2879 4611; x_wconf 82' lang='grc' dir='ltr'>δεξιὰν,</span> <span class='ocrx_word' id='word_1_713' title='bbox 2910 4545 3016 4599; x_wconf 87' lang='grc' dir='ltr'><strong>ἀπὺ</strong></span> <span class='ocrx_word' id='word_1_714' title='bbox 3041 4546 3097 4598; x_wconf 88' lang='grc' dir='ltr'>δὲ</span> <span class='ocrx_word' id='word_1_715' title='bbox 3124 4547 3228 4598; x_wconf 87' lang='grc' dir='ltr'><strong>τῶν</strong></span> <span class='ocrx_word' id='word_1_716' title='bbox 3260 4545 3334 4618; x_wconf 82' lang='grc' dir='ltr'>μὴ</span> <span class='ocrx_word' id='word_1_717' title='bbox 3371 4547 3533 4613; x_wconf 84' lang='grc' dir='ltr'>ἀξίων</span> <span class='ocrx_word' id='word_1_718' title='bbox 3570 4549 3896 4617; x_wconf 78' lang='grc' dir='ltr'>ἀποστρέφει</span> <span class='ocrx_word' id='word_1_719' title='bbox 3924 4549 4025 4621; x_wconf 80' lang='grc' dir='ltr'>τὴν</span> 
     </span>
    </p>
   </div>
   <div class='ocr_carea' id='block_1_93' title="bbox 826 4632 2380 4708">
    <p class='ocr_par' dir='ltr' id='par_1_93' title="bbox 826 4636 2369 4706">
     <span class='ocr_line' id='line_1_93' title="bbox 826 4636 2369 4706; baseline 0.01 -18"><span class='ocrx_word' id='word_1_720' title='bbox 826 4636 1016 4706; x_wconf 72' lang='lat' dir='ltr'><strong>Utt‘fuid</strong></span> <span class='ocrx_word' id='word_1_721' title='bbox 1057 4640 1242 4693; x_wconf 83' lang='lat' dir='ltr'><strong>avertis</strong></span> <span class='ocrx_word' id='word_1_722' title='bbox 1274 4652 1501 4693; x_wconf 79' lang='lat' dir='ltr'><strong>‘manum</strong></span> <span class='ocrx_word' id='word_1_723' title='bbox 1553 4650 1693 4695; x_wconf 87' lang='lat' dir='ltr'><strong>tuam</strong></span> <span class='ocrx_word' id='word_1_724' title='bbox 1756 4654 1806 4697; x_wconf 88' lang='lat' dir='ltr'><strong>et</strong></span> <span class='ocrx_word' id='word_1_725' title='bbox 1845 4645 2112 4700; x_wconf 71' lang='lat' dir='ltr'><strong>dexteram</strong></span> <span class='ocrx_word' id='word_1_726' title='bbox 2143 4640 2285 4703; x_wconf 85' lang='lat' dir='ltr'><strong>tuam</strong></span> <span class='ocrx_word' id='word_1_727' title='bbox 2307 4651 2369 4704; x_wconf 91' lang='lat' dir='ltr'><strong>de</strong></span> 
     </span>
    </p>
   </div>
   <div class='ocr_carea' id='block_1_94' title="bbox 2454 4632 4029 4708">
    <p class='ocr_par' dir='ltr' id='par_1_94' title="bbox 2467 4632 4029 4708">
     <span class='ocr_line' id='line_1_94' title="bbox 2467 4632 4029 4708; baseline 0.004 -21"><span class='ocrx_word' id='word_1_728' title='bbox 2467 4638 2621 4705; x_wconf 84' lang='grc' dir='ltr'>χεῖρα</span> <span class='ocrx_word' id='word_1_729' title='bbox 2659 4636 2753 4705; x_wconf 81' lang='grc' dir='ltr'>τὴν</span> <span class='ocrx_word' id='word_1_730' title='bbox 2783 4632 2980 4699; x_wconf 80' lang='grc' dir='ltr'>δεξιὰν,</span> <span class='ocrx_word' id='word_1_731' title='bbox 3013 4635 3173 4705; x_wconf 78' lang='grc' dir='ltr'>μηδὲν</span> <span class='ocrx_word' id='word_1_732' title='bbox 3217 4636 3391 4690; x_wconf 83' lang='grc' dir='ltr'>αὐτῶν</span> <span class='ocrx_word' id='word_1_733' title='bbox 3436 4638 3545 4692; x_wconf 85' lang='grc' dir='ltr'><strong>τῶν</strong></span> <span class='ocrx_word' id='word_1_734' title='bbox 3575 4640 3632 4691; x_wconf 83' lang='grc' dir='ltr'><strong>ἐν</strong></span> <span class='ocrx_word' id='word_1_735' title='bbox 3670 4638 3817 4708; x_wconf 80' lang='grc' dir='ltr'><strong>αὐτῷ</strong></span> <span class='ocrx_word' id='word_1_736' title='bbox 3855 4639 4029 4708; x_wconf 89' lang='grc' dir='ltr'>δηλω-</span> 
     </span>
    </p>
   </div>
   <div class='ocr_carea' id='block_1_95' title="bbox 823 4725 2365 4806">
    <p class='ocr_par' dir='ltr' id='par_1_95' title="bbox 823 4725 2365 4806">
     <span class='ocr_line' id='line_1_95' title="bbox 823 4725 2365 4806; baseline 0.01 -28"><span class='ocrx_word' id='word_1_737' title='bbox 823 4725 989 4779; x_wconf 83' lang='lat' dir='ltr'><strong>medio</strong></span> <span class='ocrx_word' id='word_1_738' title='bbox 1021 4728 1137 4780; x_wconf 87' lang='lat' dir='ltr'><strong>sinu</strong></span> <span class='ocrx_word' id='word_1_739' title='bbox 1171 4737 1256 4780; x_wconf 90' lang='lat' dir='ltr'><strong>tuo</strong></span> <span class='ocrx_word' id='word_1_740' title='bbox 1290 4730 1343 4783; x_wconf 91' lang='lat' dir='ltr'><strong>in</strong></span> <span class='ocrx_word' id='word_1_741' title='bbox 1370 4731 1566 4798; x_wconf 82' lang='lat' dir='ltr'><strong>ﬁnem?</strong></span> <span class='ocrx_word' id='word_1_742' title='bbox 1594 4731 1937 4804; x_wconf 78' lang='lat' dir='ltr'><strong>Rursumque</strong></span> <span class='ocrx_word' id='word_1_743' title='bbox 1978 4737 2030 4791; x_wconf 92' lang='lat' dir='ltr'><strong>id</strong></span> <span class='ocrx_word' id='word_1_744' title='bbox 2074 4737 2281 4806; x_wconf 84' lang='lat' dir='ltr'><strong>adjicit,</strong></span> <span class='ocrx_word' id='word_1_745' title='bbox 2311 4740 2365 4793; x_wconf 85' lang='lat' dir='ltr'><strong>in</strong></span> 
     </span>
    </p>
   </div>
   <div class='ocr_carea' id='block_1_96' title="bbox 823 4817 2366 4894">
    <p class='ocr_par' dir='ltr' id='par_1_96' title="bbox 823 4817 2366 4894">
     <span class='ocr_line' id='line_1_96' title="bbox 823 4817 2366 4894; baseline 0.01 -24"><span class='ocrx_word' id='word_1_746' title='bbox 823 4818 999 4885; x_wconf 83' lang='lat' dir='ltr'><strong>ﬁnem,</strong></span> <span class='ocrx_word' id='word_1_747' title='bbox 1030 4817 1366 4888; x_wconf 79' lang='lat' dir='ltr'><strong>signiﬁcans,</strong></span> <span class='ocrx_word' id='word_1_748' title='bbox 1398 4823 1455 4875; x_wconf 87' lang='lat' dir='ltr'><strong>in</strong></span> <span class='ocrx_word' id='word_1_749' title='bbox 1478 4822 1636 4877; x_wconf 83' lang='lat' dir='ltr'><strong>ﬁnem</strong></span> <span class='ocrx_word' id='word_1_750' title='bbox 1669 4825 1802 4894; x_wconf 91' lang='lat' dir='ltr'><strong>ipsis</strong></span> <span class='ocrx_word' id='word_1_751' title='bbox 1833 4826 2066 4881; x_wconf 67' lang='lat' dir='ltr'><strong>dexterae</strong></span> <span class='ocrx_word' id='word_1_752' title='bbox 2089 4828 2182 4884; x_wconf 90' lang='lat' dir='ltr'><strong>Dei</strong></span> <span class='ocrx_word' id='word_1_753' title='bbox 2212 4844 2366 4885; x_wconf 83' lang='lat' dir='ltr'><strong>aver-</strong></span> 
     </span>
    </p>
   </div>
   <div class='ocr_carea' id='block_1_97' title="bbox 823 4908 2364 4983">
    <p class='ocr_par' dir='ltr' id='par_1_97' title="bbox 823 4908 2364 4983">
     <span class='ocr_line' id='line_1_97' title="bbox 823 4908 2364 4983; baseline 0.01 -23"><span class='ocrx_word' id='word_1_754' title='bbox 823 4908 1029 4963; x_wconf 89' lang='lat' dir='ltr'><strong>sionem</strong></span> <span class='ocrx_word' id='word_1_755' title='bbox 1063 4908 1297 4962; x_wconf 78' lang='lat' dir='ltr'><strong>futuram</strong></span> <span class='ocrx_word' id='word_1_756' title='bbox 1325 4925 1467 4966; x_wconf 87' lang='lat' dir='ltr'><strong>esse.</strong></span> <span class='ocrx_word' id='word_1_757' title='bbox 1510 4912 1936 4983; x_wconf 86' lang='lat' dir='ltr'><strong>lnterrogatione</strong></span> <span class='ocrx_word' id='word_1_758' title='bbox 1960 4926 2138 4973; x_wconf 86' lang='lat' dir='ltr'><strong>autem</strong></span> <span class='ocrx_word' id='word_1_759' title='bbox 2168 4935 2267 4975; x_wconf 92' lang='lat' dir='ltr'><strong>nos</strong></span> <span class='ocrx_word' id='word_1_760' title='bbox 2297 4921 2364 4975; x_wconf 88' lang='lat' dir='ltr'><strong>ad</strong></span> 
     </span>
    </p>
   </div>
   <div class='ocr_carea' id='block_1_98' title="bbox 822 4999 2366 5080">
    <p class='ocr_par' dir='ltr' id='par_1_98' title="bbox 822 4999 2366 5080">
     <span class='ocr_line' id='line_1_98' title="bbox 822 4999 2366 5080; baseline 0.01 -29"><span class='ocrx_word' id='word_1_761' title='bbox 822 5010 1041 5051; x_wconf 83' lang='lat' dir='ltr'><strong>causam</strong></span> <span class='ocrx_word' id='word_1_762' title='bbox 1065 4999 1478 5068; x_wconf 87' lang='lat' dir='ltr'><strong>perquirendam</strong></span> <span class='ocrx_word' id='word_1_763' title='bbox 1515 5002 1742 5068; x_wconf 86' lang='lat' dir='ltr'><strong>invitat;</strong></span> <span class='ocrx_word' id='word_1_764' title='bbox 1780 5012 1841 5057; x_wconf 91' lang='lat' dir='ltr'><strong>ut</strong></span> <span class='ocrx_word' id='word_1_765' title='bbox 1867 5022 2171 5075; x_wconf 70' lang='lat' dir='ltr'><strong>quaeramus</strong></span> <span class='ocrx_word' id='word_1_766' title='bbox 2198 5026 2366 5080; x_wconf 87' lang='lat' dir='ltr'><strong>quare</strong></span> 
     </span>
    </p>
   </div>
   <div class='ocr_carea' id='block_1_99' title="bbox 748 5083 2363 5170">
    <p class='ocr_par' dir='ltr' id='par_1_99' title="bbox 748 5083 2363 5170">
     <span class='ocr_line' id='line_1_99' title="bbox 748 5083 2363 5170; baseline 0.012 -33"><span class='ocrx_word' id='word_1_767' title='bbox 748 5140 761 5147; x_wconf 31' lang='grc' dir='ltr'><em>μ</em></span> <span class='ocrx_word' id='word_1_768' title='bbox 824 5083 904 5139; x_wconf 90' lang='lat' dir='ltr'><strong>illi</strong></span> <span class='ocrx_word' id='word_1_769' title='bbox 927 5087 983 5140; x_wconf 90' lang='lat' dir='ltr'><strong>in</strong></span> <span class='ocrx_word' id='word_1_770' title='bbox 1013 5087 1172 5142; x_wconf 84' lang='lat' dir='ltr'><strong>ﬁnem</strong></span> <span class='ocrx_word' id='word_1_771' title='bbox 1204 5089 1397 5159; x_wconf 73' lang='lat' dir='ltr'><strong>abiecti</strong></span> <span class='ocrx_word' id='word_1_772' title='bbox 1423 5090 1712 5145; x_wconf 85' lang='lat' dir='ltr'><strong>sint.-Nam</strong></span> <span class='ocrx_word' id='word_1_773' title='bbox 1747 5093 1793 5147; x_wconf 89' lang='lat' dir='ltr'><strong>si</strong></span> <span class='ocrx_word' id='word_1_774' title='bbox 1826 5094 1949 5161; x_wconf 91' lang='lat' dir='ltr'><strong>quis</strong></span> <span class='ocrx_word' id='word_1_775' title='bbox 1967 5111 2060 5152; x_wconf 86' lang='lat' dir='ltr'><strong>eos</strong></span> <span class='ocrx_word' id='word_1_776' title='bbox 2086 5099 2153 5154; x_wconf 90' lang='lat' dir='ltr'><strong>de</strong></span> <span class='ocrx_word' id='word_1_777' title='bbox 2171 5116 2363 5170; x_wconf 67' lang='lat' dir='ltr'><strong>peccav</strong></span> 
     </span>
    </p>
   </div>
   <div class='ocr_carea' id='block_1_100' title="bbox 823 5174 2367 5247">
    <p class='ocr_par' dir='ltr' id='par_1_100' title="bbox 823 5174 2367 5247">
     <span class='ocr_line' id='line_1_100' title="bbox 823 5174 2367 5247; baseline 0.01 -19"><span class='ocrx_word' id='word_1_778' title='bbox 823 5181 881 5228; x_wconf 84' lang='lat' dir='ltr'><strong>to</strong></span> <span class='ocrx_word' id='word_1_779' title='bbox 905 5184 960 5230; x_wconf 88' lang='lat' dir='ltr'><strong>et</strong></span> <span class='ocrx_word' id='word_1_780' title='bbox 996 5174 1277 5247; x_wconf 83' lang='lat' dir='ltr'><strong>iniquitate</strong></span> <span class='ocrx_word' id='word_1_781' title='bbox 1318 5180 1667 5245; x_wconf 86' lang='lat' dir='ltr'><strong>incusaverit,</strong></span> <span class='ocrx_word' id='word_1_782' title='bbox 1698 5190 1753 5234; x_wconf 89' lang='lat' dir='ltr'><strong>at</strong></span> <span class='ocrx_word' id='word_1_783' title='bbox 1789 5183 1989 5240; x_wconf 88' lang='lat' dir='ltr'><strong>scimus</strong></span> <span class='ocrx_word' id='word_1_784' title='bbox 2009 5188 2134 5242; x_wconf 86' lang='lat' dir='ltr'><strong>olim</strong></span> <span class='ocrx_word' id='word_1_785' title='bbox 2171 5190 2367 5245; x_wconf 85' lang='lat' dir='ltr'><strong>similia</strong></span> 
     </span>
    </p>
   </div>
   <div class='ocr_carea' id='block_1_101' title="bbox 818 5265 2368 5341">
    <p class='ocr_par' dir='ltr' id='par_1_101' title="bbox 818 5265 2368 5341">
     <span class='ocr_line' id='line_1_101' title="bbox 818 5265 2368 5341; baseline 0.011 -24"><span class='ocrx_word' id='word_1_786' title='bbox 818 5279 950 5318; x_wconf 89' lang='lat' dir='ltr'><strong>cum</strong></span> <span class='ocrx_word' id='word_1_787' title='bbox 979 5265 1233 5322; x_wconf 81' lang='lat' dir='ltr'><strong>fecissent</strong></span> <span class='ocrx_word' id='word_1_788' title='bbox 1253 5282 1359 5321; x_wconf 89' lang='lat' dir='ltr'><strong>non</strong></span> <span class='ocrx_word' id='word_1_789' title='bbox 1382 5268 1437 5321; x_wconf 89' lang='lat' dir='ltr'><strong>in</strong></span> <span class='ocrx_word' id='word_1_790' title='bbox 1467 5270 1623 5325; x_wconf 84' lang='lat' dir='ltr'><strong>tinem</strong></span> <span class='ocrx_word' id='word_1_791' title='bbox 1650 5273 1890 5341; x_wconf 77' lang='lat' dir='ltr'><strong>abjectos</strong></span> <span class='ocrx_word' id='word_1_792' title='bbox 1917 5274 2083 5332; x_wconf 79' lang='lat' dir='ltr'><strong>fuisse</strong></span> <span class='ocrx_word' id='word_1_793' title='bbox 2112 5297 2125 5333; x_wconf 89' lang='lat'><strong>:</strong></span> <span class='ocrx_word' id='word_1_794' title='bbox 2158 5279 2368 5334; x_wconf 82' lang='lat' dir='ltr'><strong>inﬁnita</strong></span> 
     </span>
    </p>
   </div>
   <div class='ocr_carea' id='block_1_102' title="bbox 863 5356 2367 5431">
    <p class='ocr_par' dir='ltr' id='par_1_102' title="bbox 863 5356 2367 5431">
     <span class='ocr_line' id='line_1_102' title="bbox 863 5356 2367 5431; baseline 0.01 -24"><span class='ocrx_word' id='word_1_795' title='bbox 863 5356 1023 5423; x_wconf 87' lang='lat' dir='ltr'><strong>uippe</strong></span> <span class='ocrx_word' id='word_1_796' title='bbox 1059 5364 1115 5409; x_wconf 87' lang='lat' dir='ltr'><strong>et</strong></span> <span class='ocrx_word' id='word_1_797' title='bbox 1142 5358 1351 5412; x_wconf 77' lang='lat' dir='ltr'><strong>nefaria</strong></span> <span class='ocrx_word' id='word_1_798' title='bbox 1395 5373 1583 5413; x_wconf 86' lang='lat' dir='ltr'><strong>eorum</strong></span> <span class='ocrx_word' id='word_1_799' title='bbox 1615 5377 1797 5431; x_wconf 87' lang='lat' dir='ltr'><strong>opera,</strong></span> <span class='ocrx_word' id='word_1_800' title='bbox 1830 5364 2111 5429; x_wconf 87' lang='lat' dir='ltr'><strong>adulteria,</strong></span> <span class='ocrx_word' id='word_1_801' title='bbox 2144 5368 2367 5422; x_wconf 83' lang='lat' dir='ltr'><strong>idolola-</strong></span> 
     </span>
    </p>
   </div>
   <div class='ocr_carea' id='block_1_103' title="bbox 827 5446 2366 5527">
    <p class='ocr_par' dir='ltr' id='par_1_103' title="bbox 827 5446 2366 5527">
     <span class='ocr_line' id='line_1_103' title="bbox 827 5446 2366 5527; baseline 0.01 -31"><span class='ocrx_word' id='word_1_802' title='bbox 827 5446 1003 5505; x_wconf 83' lang='lat' dir='ltr'><strong>triam,</strong></span> <span class='ocrx_word' id='word_1_803' title='bbox 1055 5447 1435 5514; x_wconf 85' lang='lat' dir='ltr'><strong>prophetarum</strong></span> <span class='ocrx_word' id='word_1_804' title='bbox 1480 5450 1654 5504; x_wconf 63' lang='lat' dir='ltr'><strong>cedes</strong></span> <span class='ocrx_word' id='word_1_805' title='bbox 1712 5463 2028 5510; x_wconf 89' lang='lat' dir='ltr'><strong>enumerant</strong></span> <span class='ocrx_word' id='word_1_806' title='bbox 2066 5457 2366 5527; x_wconf 79' lang='lat' dir='ltr'><strong>prOphetici</strong></span> 
     </span>
    </p>
   </div>
   <div class='ocr_carea' id='block_1_104' title="bbox 829 5534 2362 5607">
    <p class='ocr_par' dir='ltr' id='par_1_104' title="bbox 829 5534 2362 5607">
     <span class='ocr_line' id='line_1_104' title="bbox 829 5534 2362 5607; baseline 0.01 -22"><span class='ocrx_word' id='word_1_807' title='bbox 829 5548 1135 5600; x_wconf 80' lang='lat' dir='ltr'><strong>sermones;</strong></span> <span class='ocrx_word' id='word_1_808' title='bbox 1162 5534 1257 5589; x_wconf 86' lang='lat' dir='ltr'><strong>sed</strong></span> <span class='ocrx_word' id='word_1_809' title='bbox 1289 5553 1565 5607; x_wconf 89' lang='lat' dir='ltr'><strong>nunquam</strong></span> <span class='ocrx_word' id='word_1_810' title='bbox 1609 5540 1663 5593; x_wconf 91' lang='lat' dir='ltr'><strong>in</strong></span> <span class='ocrx_word' id='word_1_811' title='bbox 1697 5541 1855 5597; x_wconf 83' lang='lat' dir='ltr'><strong>ﬁnem</strong></span> <span class='ocrx_word' id='word_1_812' title='bbox 1906 5544 2149 5602; x_wconf 82' lang='lat' dir='ltr'><strong>derelicti</strong></span> <span class='ocrx_word' id='word_1_813' title='bbox 2190 5558 2317 5603; x_wconf 88' lang='lat' dir='ltr'><strong>sunt</strong></span> <span class='ocrx_word' id='word_1_814' title='bbox 2351 5566 2362 5600; x_wconf 92' lang='lat'>:</span> 
     </span>
    </p>
   </div>
   <div class='ocr_carea' id='block_1_105' title="bbox 834 5620 2368 5766">
    <p class='ocr_par' dir='ltr' id='par_1_105' title="bbox 834 5620 2368 5766">
     <span class='ocr_line' id='line_1_105' title="bbox 834 5620 2368 5766; baseline 0.012 -95"><span class='ocrx_word' id='word_1_815' title='bbox 834 5620 1098 5759; x_wconf 41' lang='lat' dir='ltr'><strong>praptieta:</strong></span> <span class='ocrx_word' id='word_1_816' title='bbox 1130 5638 1343 5766; x_wconf 51' lang='lat' dir='ltr'><strong>quoqtge</strong></span> <span class='ocrx_word' id='word_1_817' title='bbox 1384 5627 1513 5695; x_wconf 89' lang='lat' dir='ltr'><strong>ipsis</strong></span> <span class='ocrx_word' id='word_1_818' title='bbox 1538 5668 1551 5692; x_wconf 94' lang='lat'><strong>,</strong></span> <span class='ocrx_word' id='word_1_819' title='bbox 1579 5629 1677 5684; x_wconf 81' lang='lat' dir='ltr'><strong>etsi</strong></span> <span class='ocrx_word' id='word_1_820' title='bbox 1713 5631 1838 5685; x_wconf 81' lang='lat' dir='ltr'><strong>talia</strong></span> <span class='ocrx_word' id='word_1_821' title='bbox 1888 5628 2245 5702; x_wconf 87' lang='lat' dir='ltr'><strong>patrantibus,</strong></span> <span class='ocrx_word' id='word_1_822' title='bbox 2272 5636 2368 5690; x_wconf 89' lang='lat' dir='ltr'><strong>ad—</strong></span> 
     </span>
     <span class='ocr_line' id='line_1_106' title="bbox 1008 5723 1340 5766; baseline 0.021 -6"><span class='ocrx_word' id='word_1_823' title='bbox 1008 5723 1129 5764; x_wconf 87' lang='lat' dir='ltr'><strong>oan.</strong></span> <span class='ocrx_word' id='word_1_824' title='bbox 1167 5725 1220 5766; x_wconf 86' lang='lat' dir='ltr'><strong>l.</strong></span> <span class='ocrx_word' id='word_1_825' title='bbox 1326 5751 1340 5766; x_wconf 93' lang='lat'><strong>.</strong></span> 
     </span>
    </p>
   </div>
   <div class='ocr_carea' id='block_1_106' title="bbox 1008 5723 1340 5775">
    <p class='ocr_par' dir='ltr' id='par_1_106' title="bbox 1008 5723 1340 5775">
     <span class='ocr_line' id='line_1_107' title="bbox 1008 5723 1340 5775; baseline 0.018 -15"><span class='ocrx_word' id='word_1_826' title='bbox 1008 5723 1129 5764; x_wconf 87' lang='lat' dir='ltr'><strong>oan.</strong></span> <span class='ocrx_word' id='word_1_827' title='bbox 1167 5725 1220 5775; x_wconf 82' lang='grc' dir='ltr'><strong>ι,</strong></span> <span class='ocrx_word' id='word_1_828' title='bbox 1255 5723 1340 5766; x_wconf 76' lang='grc' dir='ltr'>ιδ.</span> 
     </span>
    </p>
   </div>
   <div class='ocr_carea' id='block_1_107' title="bbox 2466 4724 4023 4800">
    <p class='ocr_par' dir='ltr' id='par_1_107' title="bbox 2466 4724 4023 4800">
     <span class='ocr_line' id='line_1_108' title="bbox 2466 4724 4023 4800; baseline 0.003 -21"><span class='ocrx_word' id='word_1_829' title='bbox 2466 4726 2609 4779; x_wconf 86' lang='grc' dir='ltr'>θέντι</span> <span class='ocrx_word' id='word_1_830' title='bbox 2664 4726 2845 4795; x_wconf 79' lang='grc' dir='ltr'>κόλπῳ</span> <span class='ocrx_word' id='word_1_831' title='bbox 2902 4726 3337 4797; x_wconf 87' lang='grc' dir='ltr'>τεταμιευμένων</span> <span class='ocrx_word' id='word_1_832' title='bbox 3387 4728 3604 4797; x_wconf 84' lang='grc' dir='ltr'>ἀγαθῶν</span> <span class='ocrx_word' id='word_1_833' title='bbox 3656 4724 4023 4800; x_wconf 73' lang='grc' dir='ltr'>δωρούμενοςο</span> 
     </span>
    </p>
   </div>
   <div class='ocr_carea' id='block_1_108' title="bbox 2467 4816 4037 4901">
    <p class='ocr_par' dir='ltr' id='par_1_108' title="bbox 2467 4816 4037 4901">
     <span class='ocr_line' id='line_1_109' title="bbox 2467 4816 4037 4901; baseline 0.003 -35"><span class='ocrx_word' id='word_1_834' title='bbox 2467 4817 2684 4879; x_wconf 82' lang='grc' dir='ltr'>εἰκότως</span> <span class='ocrx_word' id='word_1_835' title='bbox 2758 4816 3077 4875; x_wconf 84' lang='grc' dir='ltr'>πυνθάνεται</span> <span class='ocrx_word' id='word_1_836' title='bbox 3126 4816 3321 4884; x_wconf 73' lang='grc' dir='ltr'>λέγων’</span> <span class='ocrx_word' id='word_1_837' title='bbox 3388 4818 3559 4872; x_wconf 84' lang='grc' dir='ltr'>Ἰνατί</span> <span class='ocrx_word' id='word_1_838' title='bbox 3629 4817 4037 4901; x_wconf 50' lang='grc' dir='ltr'>ἀποστρέφεις)</span> 
     </span>
    </p>
   </div>
   <div class='ocr_carea' id='block_1_109' title="bbox 2464 4905 4027 4976">
    <p class='ocr_par' dir='ltr' id='par_1_109' title="bbox 2464 4905 4027 4976">
     <span class='ocr_line' id='line_1_110' title="bbox 2464 4905 4027 4976; baseline 0.004 -19"><span class='ocrx_word' id='word_1_839' title='bbox 2464 4905 2580 4971; x_wconf 79' lang='grc' dir='ltr'>τὴν</span> <span class='ocrx_word' id='word_1_840' title='bbox 2601 4905 2765 4975; x_wconf 76' lang='grc' dir='ltr'>χεῖρά</span> <span class='ocrx_word' id='word_1_841' title='bbox 2794 4922 2909 4959; x_wconf 90' lang='grc' dir='ltr'>σου</span> <span class='ocrx_word' id='word_1_842' title='bbox 2937 4906 3032 4959; x_wconf 80' lang='grc' dir='ltr'>καὶ</span> <span class='ocrx_word' id='word_1_843' title='bbox 3058 4906 3171 4973; x_wconf 76' lang='grc' dir='ltr'>τὴν</span> <span class='ocrx_word' id='word_1_844' title='bbox 3208 4906 3414 4970; x_wconf 76' lang='grc' dir='ltr'>δεξιάν</span> <span class='ocrx_word' id='word_1_845' title='bbox 3450 4920 3567 4960; x_wconf 91' lang='grc' dir='ltr'><strong>σου</strong></span> <span class='ocrx_word' id='word_1_846' title='bbox 3601 4906 3669 4960; x_wconf 81' lang='grc' dir='ltr'>ἐκ</span> <span class='ocrx_word' id='word_1_847' title='bbox 3695 4908 3888 4976; x_wconf 80' lang='grc' dir='ltr'>μέσον</span> <span class='ocrx_word' id='word_1_848' title='bbox 3919 4910 4027 4963; x_wconf 88' lang='grc' dir='ltr'>τοῦ</span> 
     </span>
    </p>
   </div>
   <div class='ocr_carea' id='block_1_110' title="bbox 2465 4996 4023 5070">
    <p class='ocr_par' dir='ltr' id='par_1_110' title="bbox 2465 4996 4023 5070">
     <span class='ocr_line' id='line_1_111' title="bbox 2465 4996 4023 5070; baseline 0.003 -21"><span class='ocrx_word' id='word_1_849' title='bbox 2465 5000 2691 5052; x_wconf 78' lang='grc' dir='ltr'>κόλπου</span> <span class='ocrx_word' id='word_1_850' title='bbox 2730 5012 2846 5051; x_wconf 87' lang='grc' dir='ltr'>σου</span> <span class='ocrx_word' id='word_1_851' title='bbox 2888 5000 2973 5063; x_wconf 85' lang='grc' dir='ltr'><strong>είς</strong></span> <span class='ocrx_word' id='word_1_852' title='bbox 3012 4998 3215 5063; x_wconf 59' lang='lat' dir='ltr'><strong>tunc;</strong></span> <span class='ocrx_word' id='word_1_853' title='bbox 3248 4999 3358 5050; x_wconf 73' lang='grc' dir='ltr'><strong>Καὶ</strong></span> <span class='ocrx_word' id='word_1_854' title='bbox 3400 4996 3559 5049; x_wconf 90' lang='grc' dir='ltr'>πάλιν</span> <span class='ocrx_word' id='word_1_855' title='bbox 3594 4998 3912 5070; x_wconf 84' lang='grc' dir='ltr'>προστίθησι</span> <span class='ocrx_word' id='word_1_856' title='bbox 3943 5002 4023 5064; x_wconf 84' lang='grc' dir='ltr'>τὸ,</span> 
     </span>
    </p>
   </div>
   <div class='ocr_carea' id='block_1_111' title="bbox 2464 5088 4024 5159">
    <p class='ocr_par' dir='ltr' id='par_1_111' title="bbox 2464 5088 4024 5159">
     <span class='ocr_line' id='line_1_112' title="bbox 2464 5088 4024 5159; baseline 0.003 -18"><span class='ocrx_word' id='word_1_857' title='bbox 2464 5091 2550 5153; x_wconf 82' lang='grc' dir='ltr'><strong>εις</strong></span> <span class='ocrx_word' id='word_1_858' title='bbox 2588 5089 2780 5153; x_wconf 77' lang='grc' dir='ltr'>τέλος,</span> <span class='ocrx_word' id='word_1_859' title='bbox 2815 5089 3111 5159; x_wconf 81' lang='grc' dir='ltr'>σημαίνων.</span> <span class='ocrx_word' id='word_1_860' title='bbox 3150 5088 3225 5149; x_wconf 85' lang='grc' dir='ltr'>ὡς</span> <span class='ocrx_word' id='word_1_861' title='bbox 3266 5088 3578 5159; x_wconf 82' lang='grc' dir='ltr'>ἀποστροφὴ</span> <span class='ocrx_word' id='word_1_862' title='bbox 3615 5090 3713 5159; x_wconf 80' lang='grc' dir='ltr'><strong>τῆς</strong></span> <span class='ocrx_word' id='word_1_863' title='bbox 3753 5091 3847 5144; x_wconf 83' lang='grc' dir='ltr'><strong>τοῦ</strong></span> <span class='ocrx_word' id='word_1_864' title='bbox 3887 5093 4024 5147; x_wconf 80' lang='grc' dir='ltr'>Θεοῦ</span> 
     </span>
    </p>
   </div>
   <div class='ocr_carea' id='block_1_112' title="bbox 2467 5177 4024 5253">
    <p class='ocr_par' dir='ltr' id='par_1_112' title="bbox 2467 5177 4024 5253">
     <span class='ocr_line' id='line_1_113' title="bbox 2467 5177 4024 5253; baseline 0.003 -22"><span class='ocrx_word' id='word_1_865' title='bbox 2467 5179 2640 5242; x_wconf 73' lang='grc' dir='ltr'>δεξιᾶς</span> <span class='ocrx_word' id='word_1_866' title='bbox 2673 5180 2749 5241; x_wconf 90' lang='grc' dir='ltr'><strong>είς</strong></span> <span class='ocrx_word' id='word_1_867' title='bbox 2772 5178 2921 5241; x_wconf 85' lang='grc' dir='ltr'>τέλος</span> <span class='ocrx_word' id='word_1_868' title='bbox 2953 5177 3099 5231; x_wconf 76' lang='grc' dir='ltr'>ἔσται</span> <span class='ocrx_word' id='word_1_869' title='bbox 3143 5178 3339 5240; x_wconf 82' lang='grc' dir='ltr'>αὐτοῖς.</span> <span class='ocrx_word' id='word_1_870' title='bbox 3375 5178 3473 5231; x_wconf 90' lang='grc' dir='ltr'>Διά</span> <span class='ocrx_word' id='word_1_871' title='bbox 3499 5178 3555 5230; x_wconf 82' lang='grc' dir='ltr'>δὲ</span> <span class='ocrx_word' id='word_1_872' title='bbox 3584 5179 3681 5249; x_wconf 82' lang='grc' dir='ltr'>τῆς</span> <span class='ocrx_word' id='word_1_873' title='bbox 3708 5182 4024 5253; x_wconf 84' lang='grc' dir='ltr'>ἐρωτήσεως</span> 
     </span>
    </p>
   </div>
   <div class='ocr_carea' id='block_1_113' title="bbox 2468 5266 4022 5345">
    <p class='ocr_par' dir='ltr' id='par_1_113' title="bbox 2468 5266 4022 5345">
     <span class='ocr_line' id='line_1_114' title="bbox 2468 5266 4022 5345; baseline 0.003 -24"><span class='ocrx_word' id='word_1_874' title='bbox 2468 5269 2559 5321; x_wconf 65' lang='grc' dir='ltr'>ἐπὶ</span> <span class='ocrx_word' id='word_1_875' title='bbox 2598 5268 2693 5338; x_wconf 82' lang='grc' dir='ltr'>τὴν</span> <span class='ocrx_word' id='word_1_876' title='bbox 2734 5268 2955 5337; x_wconf 77' lang='grc' dir='ltr'>ζήτησιν</span> <span class='ocrx_word' id='word_1_877' title='bbox 3001 5267 3097 5341; x_wconf 78' lang='grc' dir='ltr'>τῆς</span> <span class='ocrx_word' id='word_1_878' title='bbox 3142 5266 3315 5329; x_wconf 90' lang='grc' dir='ltr'>αίτίας</span> <span class='ocrx_word' id='word_1_879' title='bbox 3359 5268 3502 5345; x_wconf 78' lang='grc' dir='ltr'>ἡμᾶς</span> <span class='ocrx_word' id='word_1_880' title='bbox 3546 5268 3816 5340; x_wconf 85' lang='grc' dir='ltr'>διεγείρει,</span> <span class='ocrx_word' id='word_1_881' title='bbox 3849 5271 3923 5334; x_wconf 87' lang='grc' dir='ltr'>ὠς</span> <span class='ocrx_word' id='word_1_882' title='bbox 3954 5270 4022 5325; x_wconf 78' lang='grc' dir='ltr'>ἂν</span> 
     </span>
    </p>
   </div>
   <div class='ocr_carea' id='block_1_114' title="bbox 2470 5355 4021 5427">
    <p class='ocr_par' dir='ltr' id='par_1_114' title="bbox 2470 5355 4021 5427">
     <span class='ocr_line' id='line_1_115' title="bbox 2470 5355 4021 5427; baseline 0.003 -19"><span class='ocrx_word' id='word_1_883' title='bbox 2470 5355 2797 5427; x_wconf 72' lang='grc' dir='ltr'>ζητήσωμεν</span> <span class='ocrx_word' id='word_1_884' title='bbox 2824 5355 2875 5407; x_wconf 90' lang='grc' dir='ltr'><strong>τί</strong></span> <span class='ocrx_word' id='word_1_885' title='bbox 2906 5356 2965 5409; x_wconf 85' lang='grc' dir='ltr'>τὸ</span> <span class='ocrx_word' id='word_1_886' title='bbox 2999 5355 3166 5409; x_wconf 85' lang='grc' dir='ltr'>αίτιον</span> <span class='ocrx_word' id='word_1_887' title='bbox 3194 5357 3478 5427; x_wconf 84' lang='grc' dir='ltr'>γεγένηται</span> <span class='ocrx_word' id='word_1_888' title='bbox 3503 5358 3596 5411; x_wconf 81' lang='grc' dir='ltr'>τοῦ</span> <span class='ocrx_word' id='word_1_889' title='bbox 3633 5362 3711 5422; x_wconf 83' lang='grc' dir='ltr'>εις</span> <span class='ocrx_word' id='word_1_890' title='bbox 3743 5360 3891 5423; x_wconf 84' lang='grc' dir='ltr'>τέλος</span> <span class='ocrx_word' id='word_1_891' title='bbox 3923 5360 4021 5412; x_wconf 65' lang='grc' dir='ltr'><strong>αὖε</strong></span> 
     </span>
    </p>
   </div>
   <div class='ocr_carea' id='block_1_115' title="bbox 2468 5445 4019 5517">
    <p class='ocr_par' dir='ltr' id='par_1_115' title="bbox 2468 5445 4019 5517">
     <span class='ocr_line' id='line_1_116' title="bbox 2468 5445 4019 5517; baseline 0.001 -20"><span class='ocrx_word' id='word_1_892' title='bbox 2468 5447 2593 5507; x_wconf 80' lang='grc' dir='ltr'>τοὺς</span> <span class='ocrx_word' id='word_1_893' title='bbox 2623 5445 3009 5515; x_wconf 80' lang='grc' dir='ltr'>ἀποϐληθῆναι.</span> <span class='ocrx_word' id='word_1_894' title='bbox 3049 5445 3111 5500; x_wconf 79' lang='grc' dir='ltr'><strong>Εἰ</strong></span> <span class='ocrx_word' id='word_1_895' title='bbox 3157 5445 3254 5514; x_wconf 85' lang='grc' dir='ltr'>μὲν</span> <span class='ocrx_word' id='word_1_896' title='bbox 3281 5446 3390 5515; x_wconf 80' lang='grc' dir='ltr'><strong>γὰρ</strong></span> <span class='ocrx_word' id='word_1_897' title='bbox 3426 5448 3692 5517; x_wconf 82' lang='grc' dir='ltr'>ἁμαρτίας</span> <span class='ocrx_word' id='word_1_898' title='bbox 3722 5450 3815 5502; x_wconf 79' lang='grc' dir='ltr'>καὶ</span> <span class='ocrx_word' id='word_1_899' title='bbox 3842 5463 4019 5517; x_wconf 86' lang='grc' dir='ltr'>παρα-</span> 
     </span>
    </p>
   </div>
   <div class='ocr_carea' id='block_1_116' title="bbox 2472 5531 4055 5604">
    <p class='ocr_par' dir='ltr' id='par_1_116' title="bbox 2472 5531 4055 5604">
     <span class='ocr_line' id='line_1_117' title="bbox 2472 5531 4055 5604; baseline -0.001 -19"><span class='ocrx_word' id='word_1_900' title='bbox 2472 5533 2657 5601; x_wconf 85' lang='grc' dir='ltr'>νομίας</span> <span class='ocrx_word' id='word_1_901' title='bbox 2689 5531 2985 5585; x_wconf 80' lang='grc' dir='ltr'>αἰτιάσαιτό</span> <span class='ocrx_word' id='word_1_902' title='bbox 3016 5549 3116 5595; x_wconf 89' lang='grc' dir='ltr'>τις,</span> <span class='ocrx_word' id='word_1_903' title='bbox 3142 5532 3274 5585; x_wconf 91' lang='grc' dir='ltr'><strong>ἀλλά</strong></span> <span class='ocrx_word' id='word_1_904' title='bbox 3310 5534 3403 5587; x_wconf 78' lang='grc' dir='ltr'>καὶ</span> <span class='ocrx_word' id='word_1_905' title='bbox 3427 5533 3591 5586; x_wconf 85' lang='grc' dir='ltr'>πάλαι</span> <span class='ocrx_word' id='word_1_906' title='bbox 3622 5533 3841 5591; x_wconf 81' lang='grc' dir='ltr'>τοιαῦτα</span> <span class='ocrx_word' id='word_1_907' title='bbox 3879 5532 4020 5604; x_wconf 70' lang='grc' dir='ltr'>πρά-</span> <span class='ocrx_word' id='word_1_908' title='bbox 4052 5592 4055 5603; x_wconf 38' lang='grc' dir='ltr'>ι</span> 
     </span>
    </p>
   </div>
   <div class='ocr_carea' id='block_1_117' title="bbox 2475 5619 4016 5693">
    <p class='ocr_par' dir='ltr' id='par_1_117' title="bbox 2475 5619 4016 5693">
     <span class='ocr_line' id='line_1_118' title="bbox 2475 5619 4016 5693; baseline 0.001 -18"><span class='ocrx_word' id='word_1_909' title='bbox 2475 5622 2664 5687; x_wconf 80' lang='grc' dir='ltr'>ξαντας</span> <span class='ocrx_word' id='word_1_910' title='bbox 2686 5621 2878 5682; x_wconf 71' lang='grc' dir='ltr'>αὐτοὺς</span> <span class='ocrx_word' id='word_1_911' title='bbox 2904 5619 3140 5691; x_wconf 85' lang='grc' dir='ltr'>ἔγνωμεν</span> <span class='ocrx_word' id='word_1_912' title='bbox 3162 5622 3249 5675; x_wconf 73' lang='grc' dir='ltr'>καὶ</span> <span class='ocrx_word' id='word_1_913' title='bbox 3272 5622 3345 5693; x_wconf 82' lang='grc' dir='ltr'><strong>μὴ</strong></span> <span class='ocrx_word' id='word_1_914' title='bbox 3372 5620 3716 5683; x_wconf 85' lang='grc' dir='ltr'>ἀπωσθέντας</span> <span class='ocrx_word' id='word_1_915' title='bbox 3738 5622 3816 5684; x_wconf 81' lang='grc' dir='ltr'><strong>είς</strong></span> <span class='ocrx_word' id='word_1_916' title='bbox 3839 5620 4016 5687; x_wconf 74' lang='grc' dir='ltr'>τέλοςο</span> 
     </span>
    </p>
   </div>
   <div class='ocr_carea' id='block_1_118' title="bbox 899 5797 2482 5887">
    <p class='ocr_par' dir='ltr' id='par_1_118' title="bbox 899 5797 2482 5887">
     <span class='ocr_line' id='line_1_119' title="bbox 899 5797 2482 5887; baseline 0.011 -36"><span class='ocrx_word' id='word_1_917' title='bbox 899 5797 972 5867; x_wconf 86' lang='grc' dir='ltr'><strong>(Ι)</strong></span> <span class='ocrx_word' id='word_1_918' title='bbox 991 5797 1144 5855; x_wconf 85' lang='lat' dir='ltr'><strong>Forte</strong></span> <span class='ocrx_word' id='word_1_919' title='bbox 1163 5802 1435 5862; x_wconf 66' lang='lat' dir='ltr'><strong>legendum</strong></span> <span class='ocrx_word' id='word_1_920' title='bbox 1458 5807 1757 5878; x_wconf 79' lang='grc' dir='ltr'>παροξυνεῖ,</span> <span class='ocrx_word' id='word_1_921' title='bbox 1778 5819 1829 5868; x_wconf 85' lang='lat' dir='ltr'><strong>ct</strong></span> <span class='ocrx_word' id='word_1_922' title='bbox 1858 5828 2002 5880; x_wconf 78' lang='lat' dir='ltr'><strong>mox,</strong></span> <span class='ocrx_word' id='word_1_923' title='bbox 2041 5814 2300 5887; x_wconf 80' lang='grc' dir='ltr'>διαμενεῖ.</span> <span class='ocrx_word' id='word_1_924' title='bbox 2330 5814 2482 5871; x_wconf 80' lang='grc' dir='ltr'>Ευιτ.</span> 
     </span>
    </p>
   </div>
  </div>
