4294 6446
316 483 419 540 861

1422 480 1915 538 COMMENTARIA
1957 481 2021 536 IN
2059 483 2392 541 PSALMOS.

3387 476 3491 536 863

319 601 540 673 μυρίους
568 598 674 670 γὰρ
693 597 974 668 ἀθεμίτους
1007 598 1226 669 πράξεις
1254 599 1491 669 μοιχείας
1515 616 1571 651 τε
1601 600 1694 653 καὶ
1726 599 1870 652 clom-
1899 617 1942 672 Α
1971 618 2015 654 ei

1805 619 1870 651 m-
1899 617 1942 672 Α
1971 609 2140 662 erant,
2177 603 2482 671 angelorum
2518 601 2770 662 visiones,
2804 600 3039 671 Spiritus
3063 600 3235 655 sancti
3263 614 3501 669 prasen-

314 691 646 761 λολατρείας,
689 689 977 760 προφητῶν
1021 706 1078 742 τε
1130 689 1433 759 ἀναιρέσεις
1481 690 1867 758 καταλέγουσιν

313 781 493 835 αὐτῶν
517 781 565 832 οί
588 779 910 850 προφητικοὶ
938 777 1112 845 λόγοι·
1156 778 1267 829 ἀλλ’
1299 779 1359 829 οὐ
1405 776 1618 831 πώποτε
1643 781 1866 848 ἐγκατε-

313 871 609 939 λείφθησαν
652 871 728 932 είς
772 869 937 931 τέλος.
993 868 1230 937 Συνῆσαν
1283 868 1340 920 δὲ
1397 869 1613 932 αὐτοῖς,
1667 872 1879 941 καίπερ,

311 958 536 1019 τοιαῦτα
553 957 893 1027 πράττουσιν,
923 957 970 1007 οἱ
997 955 1299 1025 προφῆταιο
1335 955 1607 1024 ἐγίγνοντο
1645 957 1700 1008 δὲ
1737 959 1862 1028 παρ’

312 1050 496 1112 αὐτοῖς
526 1049 616 1102 καὶ
638 1047 876 1116 ἀγγέλων
897 1046 1220 1114 ἐπιφάνειαι,
1242 1047 1334 1100 καὶ
1366 1047 1675 1116 Πνεύματος
1707 1049 1860 1115 ἁγίου

1969 694 2061 747 tia.
2099 693 2250 758 Quod
2279 707 2405 762 ergo
2447 699 2652 746 tantum
2697 698 2806 746 tam
2843 692 3140 745 inauditum
3175 691 3383 745 facinus
3409 702 3505 744 eo-

1966 799 2107 847 rum,
2143 791 2200 836 ut
2253 785 2305 837 in
2352 784 2509 838 ﬁnem
2555 782 2875 851 abjiciantur
2926 790 2981 836 et
3033 782 3253 836 dextera
3288 780 3383 836 Dei
3435 779 3508 835 ab

1966 874 2044 928 eis
2082 881 2356 927 avertatur
2404 874 2457 926 in
2505 873 2718 926 linem?
2772 873 2896 929 Haec
2950 887 3112 941 porro
3168 871 3357 926 dicens
3412 871 3509 925 ad-

1967 963 2190 1016 missum
2231 963 2297 1017 ab
2318 965 2398 1017 eis
2421 963 2479 1016 in
2507 963 2786 1019 Christum
2814 962 2907 1018 Dei
2938 962 3146 1015 [acinus
3170 960 3335 1014 tacite
3373 959 3507 1013 sub-

1967 1052 2188 1105 indicat.

313 1141 601 1211 παρουσία.
628 1141 692 1191 Τί
726 1140 896 1194 τοίνυν
921 1140 980 1190 τὸ
1017 1138 1180 1203 ξένον,
1220 1141 1312 1192 καὶ
1351 1141 1406 1192 τί
1441 1141 1688 1194 τοσοῦτον
1751 1145 1928 1205 αὐτοῖς
1963 1145 2298 1216 τετόλμηται,
2344 1146 2418 1209 ὡς
2458 1148 2537 1209 είς
2581 1147 2731 1209 τέλος
2781 1148 2973 1210 αὐτοὺς
3015 1145 3361 1214 ἀπωσθῆναι,
3415 1143 3510 1194 καὶ

312 1232 410 1300 τὴν
447 1228 623 1292 δεξιὰν
645 1231 738 1282 τοῦ
768 1228 899 1281 Θεοῦ
929 1230 1329 1298 ἀποστραφῆναι
1361 1232 1552 1293 αὐτοὺς
1606 1233 1683 1294 εἰς
1719 1233 1898 1297 τέλος;
1934 1236 2113 1302 Mwa
2147 1236 2201 1288 δὲ
2236 1237 2424 1300 ταῦτα,
2483 1236 2770 1289 αἰνίττεται
2817 1236 3230 1306 σεσιωπημένως
3268 1231 3329 1285 τὸ
3370 1247 3511 1302 πρα-

312 1308 440 1393 χθὲν
459 1320 641 1380 αὐτοῖς
666 1318 804 1370 κατὰ
825 1316 916 1369 τοῦ
942 1319 1172 1387 Χριστοῦ
1205 1319 1298 1372 τοῦ
1322 1320 1454 1372 Θεοῦ
1474 1321 1638 1391 τόλμη
1648 1339 1742 1391 μα.

394 1437 449 1487 Ὀ
481 1435 550 1488 δὲ
595 1434 737 1500 Θεὸς
773 1435 1257 1504 ﬁuctch
1296 1437 1407 1504 πρὸ
1445 1436 1655 1502 αἰῶνος
1680 1439 1868 1507 εἰργά-

310 1536 465 1580 σατο
493 1523 790 1590 σωτηρίαν
811 1524 880 1575 ἐν
902 1522 1061 1588 μέσῳ
1089 1524 1198 1592 τῆς
1230 1524 1359 1594 γῆς.
1389 1524 1614 1578 Διελθὼν
1643 1525 1708 1578 τὰ
1737 1543 1866 1596 προ-

310 1610 629 1681 λελεγμένα,
665 1611 1099 1682 ἐπαναλαμϐάνει
1143 1614 1266 1676 τοὺς
1305 1613 1431 1682 περὶ
1477 1613 1577 1682 τῆς
1616 1615 1865 1684 προνοίας

308 1699 520 1768 λόγους,
549 1701 642 1754 καὶ
683 1701 782 1772 τῆς
830 1703 1109 1772 δυνάμεως
1139 1701 1230 1754 τοῦ
1271 1702 1404 1754 Θεοῦ
1444 1703 1734 1774 παρίστησι
1767 1705 1865 1766 τὰς

314 1790 727 1862 μεγαλουργίας,
755 1790 1020 1863 εὐκαίρως
1052 1791 1289 1854 εὐσεϐεῖς
1319 1793 1634 1862 προϊέμενος
1661 1795 1860 1862 φωνὰς,

307 1879 386 1944 ὡς
435 1881 502 1934 ἂν
544 1883 618 1952 μή
670 1899 754 1945 τις
799 1883 1053 1952 νομίσειε,
1087 1882 1174 1935 διὰ
1219 1883 1279 1935 es
1325 1883 1398 1953 μὴ
1441 1885 1637 1955 ἐφορᾷν
1682 1886 1860 1946 αὑτὸν,

315 1971 449 2040 μηδὲ
492 1972 796 2024 ἐπιστατεῖν
818 1974 930 2034 τοῖς
974 1973 1104 2024 πᾶσι
1144 1971 1210 2024 τὰ
1253 1973 1607 2042 προλεχθέντα
1639 1978 1862 2046 γεγενῇ-

315 2057 458 2112 σθαι.
486 2061 574 2111 Διό
604 2075 796 2128 φησιν·
831 2061 894 2112 Ei
934 2060 1027 2111 καὶ
1054 2058 1224 2112 ταῦτα
1267 2060 1450 2131 τοῦτον
1488 2062 1730 2133 ἐπράχθη
1774 2064 1864 2116 τὸν

311 2147 508 2218 τρόπον
527 2165 540 2178 ’
569 2149 680 2201 ἀλλ’
704 2150 849 2216 ὅμως
886 2149 1239 2219 πεπείσμεθα,
1267 2151 1347 2202 ὄτι
1382 2152 1444 2203 σὺ
1478 2152 1505 2202 ὁ
1528 2153 1656 2216 Θεὸς
1689 2153 1860 2223 ἡμῶν,

309 2235 369 2289 ὃν
393 2238 486 2290 καὶ⁵
521 2237 738 2306 βασιλέα
763 2238 916 2308 ἡμῶν
941 2235 1077 2291 εἶναι
1115 2240 1465 2311 γνωρίζομεν,
1509 2243 1681 2311 κρίσει
1713 2243 1863 2313 βασι-

311 2323 433 2395 λικῇ
460 2327 575 2378 ’καὶ
624 2325 742 2396 θείᾳ
779 2328 952 2380 πάντα
998 2329 1294 2399 οἱκονομεῖς
1347 2331 1438 2382 ἐπὶ
1489 2333 1728 2403 σωτηρίᾳ
1759 2333 1864 2387 τῶν

307 2416 470 2476 ὅλων·
514 2416 574 2468 ’0
606 2415 713 2487 γὰρ
771 2417 913 2482 Θεὸς
959 2405 1147 2486 ἡμῶν,
1189 2419 1485 2485 βασιλεὺς
1537 2421 1703 2488 ἡμῶν
1753 2425 1863 2491 πρὸ

309 2505 521 2571 αἰῶνος
562 2505 873 2574 ειργάσατο
925 2509 1219 2574 σωτηρίαν
1265 2511 1332 2562 ἐν
1363 2509 1528 2578 μέσῳ
1583 2510 1689 2576 τῆς
1731 2510 1860 2578 γῆς.

299 2595 461 2649 .Ὥστ’
494 2598 541 2647 εἰ
592 2597 684 2648 καὶ
725 2598 781 2648 ἐν
818 2597 916 2665 μιᾷ
947 2598 1116 2667 γωνίᾳ
1162 2599 1265 2667 γῆς
1304 2599 1524 2653 τοιαῦτα
1564 2593 1861 2669 πραχθῆναι

299 2675 731 2757 ⁸συγκεχὼρηκας
762 2686 847 2738 διὰ
888 2688 1011 2749 τοὺς
1048 2689 1334 2758 οἰκήτορας
1375 2689 1469 2741 τοῦ
1512 2691 1705 2742 τόπου·
1753 2690 1862 2742 ἀλλ’

307 2775 454 2843 ὅμως
488 2774 842 2844 πεπείσμεθα,
867 2777 948 2830 ὃτι
981 2778 1100 2839 τοὺς
1123 2778 1239 2830 καθ’
1268 2778 1394 2847 ὅλης
1415 2778 1513 2847 τῆς
1541 2779 1856 2850 οἰκουμένης

298 2854 590 2926 ὀἰκοῦντας
629 2865 940 2935 ἀνθρώπους
990 2868 1254 2937 σωτηρίας
1275 2867 1538 2934 ἀξιώσεις,
1570 2869 1657 2922 τὸν
1677 2871 1861 2923 ἐαυτοῦ

298 2954 540 3023 ιΧριστὺν
565 2957 780 3026 ἐγείρας
805 2957 1005 3010 ἅπασιν
1030 2957 1329 3028 ἀνθρώποις
1366 2961 1608 3030 Σωτῆρα.
1642 2961 1748 3012 Καί
1776 2979 1863 3030 μοι

298 3039 453 3118 ¹δοκεῖ
475 3044 540 3096 δι’
566 3046 682 3109 ἐνὸς
713 3045 804 3099 τοῦ
839 3045 974 3116 μετὰ
1006 3049 1191 3118 χεῖρας
1225 3049 1402 3118 στίχου
1429 3049 1611 3120 ὥσπερ
1636 3052 1864 3105 ἀνταπό-

307 3133 451 3186 δοσιν
492 3137 764 3189 ποιεῖσθαι·
793 3137 904 3189 1τῶν
945 3138 1400 3208 ἐπηπορημένωνο
1447 3141 1564 3192 ἀντὶ
1603 3141 1709 3211 γὰρ
1758 3143 1862 3194 τῶν

2032 1432 2196 1488 Vens.
2227 1434 2412 1487 12-18.
2472 1434 2608 1488 Deus
2637 1442 2808 1486 autem
2845 1449 2935 1486 rea:
2981 1442 3154 1487 noster
3193 1441 3312 1487 ante
3341 1449 3509 1487 sa'cu-

1967 1527 2073 1577 lum
2107 1535 2346 1592 operatus
2375 1534 2451 1578 est
2483 1531 2704 1578 salutem
2732 1526 2785 1578 in
2813 1524 2982 1579 medio
3015 1533 3187 1579 terrm.
3213 1522 3505 1594 Postquam

1964 1615 2216 1684 praedicta
2247 1615 2534 1675 recensuit,
2559 1629 2838 1669 sermones
2882 1615 2949 1669 de
2986 1615 3321 1684 providentia
3363 1631 3506 1670 resu-

1965 1703 2079 1768 mit,
2111 1711 2270 1769 atque
2296 1701 2508 1755 virtutis
2530 1699 2623 1755 Dei
2656 1700 2890 1770 ingentia
2910 1717 3072 1770 opera
3093 1703 3351 1765 declarat,
3389 1704 3508 1774 pias

1964 1800 2262 1863 opportune
2301 1807 2462 1846 voces
2490 1791 2766 1859 proferens
2794 1777 2810 1845 τ’
2842 1806 2909 1845 ne
2951 1793 3075 1860 quis
3124 1802 3335 1861 putaret
3387 1795 3507 1849 ideo

1961 1881 2071 1951 jam
2101 1890 2395 1936 memorata
2444 1888 2590 1950 gesta
2642 1881 2826 1942 fuisse,
2868 1881 3008 1950 quod
3063 1880 3204 1936 Deus
3257 1885 3507 1939 universa

1963 1987 2070 2026 non
2098 1981 2271 2040 curet,
2303 1974 2476 2037 iisque
2501 1988 2607 2025 non
2635 1972 2931 2040 provideat.
2967 1969 3326 2035 Quamobrem
3377 1974 3452 2026 ait
3487 1992 3501 2027 :

1961 2060 2074 2117 Etsi
2117 2063 2228 2116 haec
2270 2063 2364 2115 tali
2413 2064 2571 2116 modo
2601 2069 2749 2132 gesta
2800 2063 2928 2126 sint,
2959 2076 3273 2130 persuasum
3324 2069 3504 2118 tamen

1963 2155 2118 2209 nobis
2159 2162 2262 2214 est,
2302 2162 2354 2209 te
2403 2154 2567 2207 Duem
2625 2161 2888 2216 nostrum,
2938 2168 3096 2222 quem
3149 2168 3329 2223 regem
3377 2151 3502 2206 item

1961 2253 2206 2298 nostrum
2241 2259 2362 2298 esse
2392 2244 2618 2305 scimus,
2639 2241 2844 2310 judicio
2867 2243 3015 2311 regio
3043 2257 3105 2295 ac
3118 2242 3306 2296 divino
3323 2242 3504 2295 omnia

1963 2336 2027 2388 ad
2056 2336 2427 2388 universorum
2457 2334 2682 2387 salutem
2710 2340 3007 2400 temperare
3041 2352 3053 2386 :
3081 2348 3204 2386 nam
3251 2331 3390 2384 Deus
3413 2347 3506 2384 no-

1961 2429 2065 2472 ster
2087 2432 2177 2470 rea:
2207 2429 2380 2470 noster
2415 2427 2532 2469 ante
2560 2411 2806 2468 siccatum
2837 2425 3075 2482 operatus
3097 2425 3173 2469 est
3202 2416 3424 2471 salutem
3449 2415 3504 2467 in

1963 2509 2128 2562 medio
2151 2517 2321 2561 terra.
2354 2507 2430 2560 Ita
2464 2514 2519 2559 ut
2546 2506 2755 2561 etiamsi
2791 2506 2974 2560 isthaec
2999 2506 3052 2559 in
3079 2520 3186 2558 uno
3218 2514 3376 2560 terra:
3409 2520 3504 2559 au-

1962 2599 2084 2666 gulo
2117 2596 2253 2651 efﬁci
2284 2599 2588 2666 permiseris
2622 2611 2806 2649 eorum
2841 2612 3004 2651 causa
3026 2595 3116 2665 qui
3147 2596 3320 2650 locum
3362 2597 3505 2650 inco-

1963 2689 2136 2742 lebant
2157 2727 2170 2748 ,
2203 2701 2521 2755 persuasum
2564 2695 2742 2741 tamen
2786 2687 3079 2741 habeamus
3109 2697 3162 2741 te
3191 2702 3376 2742 omnes
3405 2694 3506 2741 ter-

1962 2793 2073 2830 ram
2122 2779 2414 2830 incolentes
2466 2777 2714 2832 homines
2755 2777 2924 2831 salute
2981 2778 3328 2847 dignaturum
3356 2820 3368 2842 ,
3407 2779 3501 2846 qui

1959 2865 2228 2919 Christum
2265 2874 2414 2916 trium
2449 2865 2694 2919 excitasti
2726 2865 2963 2918 omnium
2993 2865 3270 2918 hominum
3305 2862 3500 2919 Serva-

1963 2967 2151 3011 torem.
2179 2954 2507 3025 Videturque
2541 2955 2673 3007 mihi
2705 2954 2805 3007 hoc
2831 2969 2940 3008 uno
2971 2965 3150 3017 versu,
3177 2955 3332 3022 quasi
3356 2970 3502 3024 qua:-

1961 3049 2195 3101 stionum
2225 3047 2544 3100 solutionem
2568 3045 2809 3115 praeberi.
2856 3044 2986 3098 Nam
3026 3060 3212 3100 eorum
3242 3046 3358 3100 vice
3384 3061 3504 3118 quae

1959 3146 2148 3192 contra
2181 3136 2495 3205 praedictum
2534 3136 2707 3190 locum
2737 3142 3037 3206 perpetrata
3063 3143 3209 3198 sunt,
3241 3134 3403 3196 Deus.
3427 3138 3503 3190 in-

294 3225 726 3297 ισυμϐεϐηκότων
772 3227 912 3281 κατὰ
939 3229 1029 3282 τοῦ
1062 3229 1382 3299 δηλωθέντος
1424 3232 1609 3293 τόπου,
1639 3234 1862 3302 ἐργάσε-
1888 3254 1931 3312 C
1960 3244 1990 3294 q

1809 3251 1862 3285 ε-
1888 3254 1931 3312 C
1960 3228 2098 3294 quit,
2133 3226 2443 3292 operahitur
2467 3225 2692 3279 salutem
2725 3226 2778 3277 in
2805 3224 2982 3278 medio
3020 3231 3196 3278 teme.
3254 3222 3327 3277 De
3355 3240 3502 3279 more

307 3333 417 3379 ται,
445 3315 627 3385 φησὶν,
658 3319 686 3369 ό
716 3315 844 3379 Θεὸς
887 3318 1152 3388 σωτηρίαν
1185 3319 1241 3370 ἐν
1269 3321 1416 3388 μέσῳ
1438 3321 1535 3390 τῆς
1566 3321 1686 3390 γῆς.
1726 3323 1857 3373 Συν-

309 3403 454 3472 ήθως
476 3404 532 3455 δὲ
562 3405 653 3455 καὶ
687 3405 780 3456 νῦν
800 3404 877 3456 ¹τά
911 3405 1136 3474 ἐσόμενα
1181 3406 1254 3469 ὡς
1286 3409 1641 3478 παρῳχηκότα
1673 3411 1857 3477 θεσπί-

307 3492 405 3556 ζει.
449 3489 579 3566 Εἶτα
608 3493 846 3552 διδάσκει,
865 3493 990 3563 ἐξῆς
1025 3495 1210 3557 ὁποίας
1236 3497 1334 3566 ἤδη
1367 3497 1529 3550 πάλαι
1553 3500 1808 3570 πρότερον
1832 3504 1858 3552 ὁ

307 3583 439 3645 Θεὸς
463 3585 855 3653 κατειργάσατο
887 3584 1314 3655 θαυματουργίας
1345 3587 1513 3654 λέγων
1531 3606 1543 3618 ο
1583 3591 1662 3642 Σὺ
1691 3591 1858 3658 ἐκρα-

305 3673 563 3738 ταίωσας
591 3675 659 3726 ἐν
682 3673 754 3741 τῇ
784 3674 1025 3742 δυνάμει
1053 3691 1167 3729 σου
1207 3677 1318 3742 τὴν
1343 3678 1675 3732 θάλασσαν.
1724 3683 1858 3736 Ὰντὶ

306 3761 360 3814 δὲ
391 3762 504 3824 τοῦ,
543 3763 625 3820 Σὺ
670 3764 738 3815 δὲ
767 3765 1185 3830 ἐκραταίωσας,
1225 3767 1253 3819 ὁ
1287 3766 1591 3836 Σύμμαχος,
1626 3770 1707 3822 Σὺ
1743 3771 1858 3823 διε-

305 3851 610 3918 σκέδασιις
657 3852 732 3919 τῇ
784 3855 952 3921 ισχύτ
993 3868 1103 3914 σου
1148 3855 1263 3925 τὴν
1308 3857 1638 3922 θάλασσαν’
1677 3862 1856 3931 ἡρμή-

305 3960 477 3996 νευσε.
508 3944 614 3997 Καί
647 3962 737 4014 μοι
777 3945 922 3998 δοκεῖ
960 3947 1047 4000 διὰ
1092 3961 1295 4010 τουτων
1322 3947 1396 4009 ὡς
1420 3950 1552 4016 πρὸς
1580 3949 1677 4017 τὴν
1713 3953 1856 4002 ἱστο-

310 4034 429 4097 ρίαν
486 4034 764 4102 σημαίνειν
784 4038 880 4106 τὴν
923 4037 1014 4088 ἐπὶ
1082 4028 1320 4099 Μωσέως
1367 4037 1656 4107 γενομένην
1695 4039 1858 4091 δίοδον

303 4121 397 4173 τοῦ
427 4122 556 4174 λαοῦ
581 4124 667 4176 διὰ
704 4124 800 4190 τῆς
836 4109 1094 4195 Ἐρυθρᾶς
1125 4127 1408 4195 θαλάσσης.
1453 4127 1542 4178 Διὸ
1590 4129 1726 4179 κατά
1763 4131 1858 4198 μὲν

303 4212 396 4262 τὸν
432 4210 724 4278 Σύμμαχον
765 4213 998 4282 εἴρηται,
1033 4215 1114 4267 Σὺ
1152 4215 1542 4279 διεσκέδασας
1580 4215 1654 4282 τῇ
1697 4219 1861 4284 ισχύτ

303 4315 420 4353 σοιν
457 4306 569 4366 τὴν
598 4303 942 4356 θάλασσαν·
979 4305 1113 4357 κατὰ
1165 4305 1220 4358 δὲ
1265 4306 1352 4358 τὸν
1387 4306 1729 4372 Θεοδοτίωνα,
1775 4310 1858 4362 Σὺ

303 4389 627 4456 διέστησας
677 4392 746 4443 ἐν
780 4391 851 4458 τῇ
911 4393 1155 4462 δυνάμει
1200 4411 1314 4449 σου
1366 4396 1477 4463 τὴν
1522 4397 1854 4470 θάλασσαν.

306 4476 433 4534 Ιιξττα
482 4482 604 4542 τοὺς
651 4481 976 4547 Αἰγυπτίους
1025 4485 1117 4536 καὶ
1163 4485 1252 4537 τὸν
1301 4484 1494 4554 Φαραὼ
1537 4487 1857 4540 αἰνίττεσθαί

1961 3325 2137 3369 autem
2167 3315 2253 3367 hic
2274 3315 2451 3378 futura
2477 3323 2532 3366 ut
2549 3314 2658 3382 jam
2686 3311 2952 3381 prmterita
2984 3314 3322 3367 vaticinatur.
3345 3313 3503 3368 Dein-

1955 3403 2023 3458 de
2057 3421 2184 3458 vero
2212 3405 2386 3464 docet,
2412 3403 2590 3472 qualia
2633 3402 2746 3468 jam
2783 3403 2907 3455 olim
2939 3404 3178 3474 prodigia
3210 3402 3349 3457 Deus
3368 3418 3499 3472 ope-

1957 3502 2108 3548 ratus
2139 3495 2227 3556 sit,
2265 3495 2343 3548 sic
2369 3496 2591 3561 loquens
2617 3510 2629 3544 :
2667 3491 2744 3544 Tu
2774 3492 3099 3560 conﬁrmasti
3119 3493 3172 3544 in
3198 3494 3384 3547 virtute
3407 3503 3493 3547 tua

1959 3603 2120 3639 mare.
2157 3585 2260 3638 Pro
2291 3586 2382 3636 illo
2415 3592 2615 3644 autem,
2655 3594 2710 3634 tu
2743 3583 3083 3650 conﬁrmasti,
3122 3581 3489 3652 Symmachus,

1961 3674 2036 3726 Tu
2071 3675 2342 3740 dissipasti
2383 3675 2570 3727 virtute
2604 3683 2693 3724 tua
2744 3689 2922 3736 mare,
2961 3673 3340 3742 interpretatus
3390 3683 3489 3730 est.

1958 3762 2021 3814 Et
2053 3763 2180 3814 mihi
2235 3762 2451 3830 quidem
2504 3762 2718 3815 videtur
2752 3761 3004 3815 historice
3043 3762 3279 3816 indicare
3317 3766 3489 3833 populi

1955 3867 2048 3921 per
2067 3867 2210 3905 mare
2234 3852 2475 3905 Rubrum
2504 3853 2639 3906 duce
2673 3852 2850 3921 Moyse
2876 3852 3180 3906 transitum.
3205 3851 3383 3918 Quare
3413 3870 3490 3909 se-

1956 3919 2189 3993 cundum
2227 3941 2605 4010 Symmachum
2630 3919 2826 3994 dicitur
2857 3959 2870 3993 :
2904 3941 2980 3993 Tu
3017 3942 3287 4010 dissipasti
3311 3945 3496 3998 virtute

1958 4039 2046 4081 tua
2076 4044 2250 4084 mare:
2277 4030 2572 4082 secundum
2601 4027 3021 4082 Theodotionem
3064 4040 3218 4084 vero:
3252 4031 3327 4083 Tu
3363 4031 3499 4083 diri-

1955 4120 2070 4171 sisti
2111 4118 2166 4170 in
2215 4120 2444 4184 potentia
2506 4128 2596 4170 tua
2653 4134 2814 4170 mare.
2867 4119 3064 4178 Deinde
3117 4119 3399 4188 Egyptios
3442 4129 3498 4174 et

1958 4207 2288 4260 Pharaonem
2341 4208 2662 4262 adumbrare
2712 4209 2842 4262 mihi
2882 4207 3114 4272 videtur,
3136 4208 3369 4264 dicens:
3419 4210 3495 4263 Tu

1956 4299 2244 4351 contrivisti
2265 4299 2439 4365 capita
2481 4299 2766 4352 draconum
2794 4299 2850 4351 in
2881 4315 3036 4367 aqua.
3081 4299 3159 4351 Tu
3201 4301 3493 4370 confregisti

1955 4389 2126 4456 capita
2149 4389 2412 4441 draconis.
2441 4388 2544 4443 Per
2571 4391 2859 4444 draconem
2893 4390 3097 4443 scilicet
3139 4389 3494 4456 Pharaonem,

1957 4492 2050 4545 per
2095 4479 2269 4547 capita
2301 4494 2425 4532 vero
2472 4480 2609 4546 ejus,
2645 4481 2912 4547 principes
2932 4480 3035 4546 .qui
3083 4479 3182 4532 sub
3221 4495 3288 4533 eo
3339 4489 3498 4536 erart

304 4583 394 4635 μοι
433 4566 578 4618 iit.st
623 4567 868 4632 φάσκω-ιο
917 4568 999 4620 Σὺ
1042 4568 1403 4637 συνέτριψας
1450 4570 1553 4636 τὰς
1594 4571 1858 4638 κεφαλὰς
1888 4565 1930 4620 D
1960 4584 2000 4622 SI

1797 4571 1858 4636 ὰς
1888 4565 1930 4620 D
1960 4569 2300 4634 subindicat;
2334 4569 2446 4628 sive
2481 4585 2574 4638 per
2605 4571 2886 4631 dracones,
2928 4567 3238 4638 :Egyptios;
3269 4585 3365 4638 per
3400 4584 3493 4624 ca—

302 4652 419 4707 τῶν
441 4655 777 4722 δρακόντων
805 4655 903 4719 ἐπὶ
933 4657 1035 4709 τοῦ
1072 4657 1321 4723 ὕδατοςο
1355 4652 1438 4711 σὺ
1476 4660 1856 4726 συνέθλασας

300 4745 406 4808 τὰς
459 4743 721 4812 κεφαλὰς
761 4743 864 4796 τοῦ
908 4743 1259 4814 δράκοντοςο
1309 4750 1570 4818 δράκοντα
1622 4751 1718 4820 μὲν
1765 4751 1856 4803 τὸν

300 4833 515 4902 Φαραὼ,
554 4833 790 4907 κεφαλὰς
819 4832 874 4884 δὲ
917 4833 1077 4885 αὐτοῦ
1128 4837 1253 4898 τοὺς
1285 4838 1374 4889 ὑπ’
1407 4839 1563 4891 αὑτὸν
1596 4839 1855 4909 ἄρχοντας

300 4922 695 4990 αἰνιττόμενοςο
733 4923 766 4990 ἢ
812 4921 1106 4990 δράκοντας
1149 4925 1273 4986 τοὺς
1311 4927 1651 4995 Αἰγυπτίους,
1690 4946 1854 4997 κεφα-

300 5010 395 5074 λὰς
432 5011 489 5064 δὲ
530 5011 704 5064 αὐτῶν
742 5013 866 5075 τοὺς
897 5015 1182 5080 τριστάτας
1227 5018 1320 5068 καὶ
1362 5019 1486 5076 τοὺς
1525 5020 1850 5088 ἡγουμένους

299 5099 478 5151 αὐτῶν
528 5100 821 5168 ὀνομάζων.
877 5103 948 5154 Τὸ
989 5103 1043 5155 δὲ
1065 5143 1079 5166 ,
1113 5104 1372 5170 Ἐὃωκας
1419 5107 1605 5160 αὑτὸν
1644 5107 1852 5176 ,ϐρῶμα

301 5187 460 5250 λαοῖς
493 5188 614 5251 τοῖς
635 5190 921 5255 Αἰθίοψιν,
953 5193 1092 5244 εἴποι
1127 5193 1191 5246 ἄν
1213 5211 1294 5256 τις
1330 5194 1397 5247 τὰ
1428 5195 1594 5268 νεκρὰ
1628 5197 1850 5267 σώματα

300 5275 494 5338 αὐτῶν,
526 5277 890 5346 ἐκϐρασθέντα
933 5281 1027 5350 τῆς
1061 5283 1348 5351 θαλάσσης,
1383 5284 1544 5354 βορὰν
1574 5288 1849 5353 γεγονέναι

302 5369 407 5428 τοῖς
427 5399 434 5405 -
457 5369 719 5428 πετεινοῖς
763 5368 856 5420 τοῦ
907 5371 1152 5440 οὐρανοῦ.
1197 5375 1336 5429 Ἀντὶ
1377 5373 1434 5425 δὲ
1463 5374 1575 5438 τοῦ,
1606 5375 1728 5440 τοῖς
1753 5381 1848 5431 Λὶ-

301 5459 516 5524 θιοψιν,
541 5456 570 5506 ό
609 5456 708 5524 μὲν
744 5456 985 5520 Ἀκύλας,
1027 5461 1148 5525 τοῖς
1184 5462 1681 5531 ἐξελευσομένας,
1723 5468 1752 5518 ό
1790 5468 1846 5520 δέ

300 5546 602 5604 Θεοδοτίων,
633 5545 719 5616 ,τῷ
758 5547 1010 5614 ἐσχάτῳ,
1047 5551 1138 5603 καὶ
1173 5553 1203 5622 ἡ
1249 5554 1466 5624 πέμπτη
1515 5555 1738 5618 ἔκδυσις,
1766 5556 1846 5620 τῷ

294 5629 679 5701 ἐξεληλυθότι
706 5673 718 5696 ,
774 5638 1135 5706 ήρμήνευσαν.
1185 5643 1304 5695 Τῶν
1356 5644 1453 5711 μὲν
1498 5647 1564 5714 τῇ
1615 5645 1846 5716 Ἐρυθρᾷ

295 5720 535 5793 θαλάσση
588 5725 1098 5780 καταποντωθέντων
1154 5733 1525 5801 μνημονεύσας
1580 5735 1610 5785 ὁ
1669 5735 1839 5802 λόγος,

294 5809 419 5888 “iis
473 5812 704 5874 καὶτῶν
751 5816 884 5888 μετὰ
934 5817 1100 5878 ταῦτα
1144 5823 1536 5902 πεπραγμένων
1588 5826 1840 5895 ἀναφέρει

1955 4658 2060 4727 pila
2089 4673 2211 4710 vero
2230 4673 2435 4719 eorum,
2468 4657 2734 4725 principes
2771 4665 2825 4710 et
2864 4657 3028 4710 duces
3067 4673 3254 4710 eorum
3287 4659 3494 4728 signiﬁ-

1953 4756 2057 4801 cat.
2088 4748 2217 4812 lllud
2243 4756 2440 4807 autem,
2477 4747 2676 4799 Dedisti
2703 4762 2818 4799 eum
2856 4763 3025 4799 escam
3059 4749 3262 4816 populis
3285 4749 3493 4806 xEtIu'o-

1950 4838 2122 4904 pibus.
2147 4838 2482 4905 sicexplicet
2520 4836 2807 4905 quispiam,
2831 4839 2979 4906 quod
3006 4851 3261 4894 cadavera
3305 4855 3490 4901 eorum

1951 4925 2016 4975 ad
2068 4926 2220 4977 littus
2249 4925 2414 4978 maris
2449 4926 2648 4992 reiecta
2675 4926 2732 4978 in
2784 4942 2966 4981 escam
3015 4930 3319 4983 volatilibus
3366 4933 3488 4988 caeli

1951 5010 2167 5064 fuerint.
2201 5010 2306 5064 Pro
2337 5013 2430 5065 illo
2454 5020 2655 5078 autem,
2685 5014 3042 5084 Ethiopians,
3068 5021 3257 5087 Aquila
3277 5060 3292 5079 ,
3321 5035 3490 5088 egrcs-
3546 5021 3550 5023 ’

1947 5103 2123 5163 suris;
2153 5100 2469 5168 Theodotio,
2493 5105 2771 5158 novissimo
2789 5121 2808 5168 ;
2841 5108 3027 5174 quinta
3059 5109 3242 5172 editio,
3263 5125 3485 5177 egresso,

1950 5195 2282 5262 interpretati
2311 5203 2457 5249 sunt.
2493 5194 2778 5264 Postquam
2798 5211 2997 5250 eorum
3025 5200 3114 5267 qui
3147 5199 3199 5250 in
3226 5200 3358 5250 mari
3382 5197 3488 5254 Ru~

1947 5285 2044 5339 bro
2065 5284 2295 5338 demersi
2337 5293 2464 5338 sunt
2492 5287 2692 5338 mentio
2720 5286 2856 5353 (acta
2886 5297 2988 5350 est,
3014 5287 3115 5340 sub
3157 5286 3267 5339 haec
3298 5301 3486 5342 eonun

1945 5389 2063 5444 qua:
2085 5382 2268 5443 postea
2299 5384 2449 5444 gesta
2480 5384 2605 5428 sunt
2638 5378 2951 5430 memoriam
2989 5376 3225 5438 refrieat,
3255 5377 3440 5432 dicens
3465 5397 3479 5437 ι

1949 5467 2025 5520 Tn
2075 5462 2322 5531 dirupisti
2364 5465 2531 5534 fontes
2567 5475 2617 5520 et
2641 5475 2912 5522 torrentes.
2940 5463 3056 5519 Non
3083 5467 3223 5519 enim
3271 5465 3483 5534 Hoyses

1944 5563 2059 5610 erat
2089 5557 2178 5623 qui
2203 5565 2408 5624 petram
2434 5557 2582 5626 virga
2609 5560 2934 5625 percutiens,
2955 5571 3021 5610 ex
3043 5557 3133 5610 illa
3158 5556 3342 5610 eduxit
3361 5554 3481 5611 iton-

1945 5656 2025 5699 tcs
2056 5653 2109 5699 et
2141 5655 2436 5711 torrentes;
2475 5649 2569 5702 sed
2610 5657 2690 5708 tu,
2735 5647 2896 5718 Deus,
2929 5663 3072 5711 eras,
3101 5648 3192 5715 qui
3235 5647 3347 5700 haec
3383 5663 3480 5719 per

1950 5736 2181 5804 Moysen)
2230 5738 2488 5790 miracula
2515 5738 2782 5805 patrabas.
2817 5738 2971 5802 Quod
3017 5738 3230 5793 additur
3274 5746 3473 5802 autem,

1948 5825 2020 5882 Tu
2049 5826 2260 5880 δῆσαιυὲ
2293 5828 2476 5895 ﬂuvios
2521 5826 2728 5893 Etham,
2756 5827 2820 5882 ad
2851 5827 3134 5888 Jordanem
3185 5829 3474 5892 reterstur.
