4294 6462
238 504 353 560 865

1354 507 1840 563 COMMENTABIA
1875 509 1940 563 ΙΝ
1976 508 2305 565 PSALHOS.

3292 511 3392 567 866

236 623 341 678 καὶ
361 623 443 694 ἐφ’
473 624 625 694 ἡμῶν
653 624 972 695 ἱκετεύομεν.
1007 626 1219 697 Ἐπειδὴ
1261 628 1351 680 καὶ
1384 627 1476 680 νῦν
1511 630 1560 682 οί
1604 627 1781 700 ἐχθροὶ
1808 633 1850 688 Α
1877 627 1932 694 Qu

1703 631 1781 700 pol.
1808 633 1850 688 Α
1877 627 2011 694 Quia
2033 629 2139 697 jam
2172 628 2370 682 inimici
2417 627 2704 696 lwstesqtte
2737 628 2925 691 nostri,
2966 643 3073 682 non
3115 627 3270 682 nobis
3308 627 3393 680 de-

236 713 343 766 xal
373 714 421 765 οί
455 713 714 782 πολέμιοι,
761 714 854 782 οὐχ
899 715 1039 783 ἡμᾶς
1087 714 1209 776 τοὺς
1258 715 1649 786 πολεμηθέντας
1689 717 1781 769 καὶ

237 802 778 872 ὑποχειρίουςαῦτοίς
797 805 1124 872 γενομένους,
1142 804 1270 856 ἀλλά
1300 807 1357 856 σὲ
1377 806 1464 858 τὸν
1481 804 1610 858 Θεὸν
1635 803 1781 875 ἡμῶν

234 891 579 956 ὀνειδίζουσι·
615 893 705 945 καὶ
737 893 860 955 λαὸς
879 893 1060 963 ἀφρων
1083 893 1111 944 6
1145 893 1202 945 σὲ
1229 894 1315 946 τὸν
1347 886 1476 946 Θεὸν
1509 896 1580 966 μὴ
1608 894 1779 961 εἰδὼς,

238 983 340 1035 ἐπὶ
361 982 574 1052 δαίμοσι
603 983 659 1034 δὲ
689 985 780 1035 καὶ
825 983 1062 1051 πολυθέῳ
1084 983 1252 1054 πλάνῃ
1291 983 1651 1053 καυχώμενος,
1688 985 1784 1054 οὐχ

236 1074 411 1143 ἡμᾶς,
446 1073 577 1126 ἀλλά
609 1073 666 1126 σὲ
711 1074 882 1126 καὶτὸ
907 1075 994 1126 σὺν
1021 1074 1188 1143 ὄνομα
1225 1074 1564 1144 παρώξυνεν·
1599 1070 1658 1129 οὗ
1685 1075 1781 1144 χά-

240 1177 332 1230 ριν
385 1161 609 1230 δεόμεθα
644 1162 733 1214 καὶ
768 1160 1140 1230 ἀντιϐολοῦμεν
1162 1201 1176 1225 ,
1222 1163 1293 1232 μὴ
1331 1161 1570 1225 ἐκδότους
1608 1179 1782 1234 παρα-

231 1251 422 1305 δοῦναι
447 1254 558 1314 τοῖς
583 1253 806 1322 ἀπηνέσι
832 1251 989 1326 θηρσὶ
1009 1253 1106 1314 τὰς
1127 1252 1299 1321 ψυχὰς
1322 1252 1426 1304 τῶν
1451 1253 1784 1322 ἐξομολογουο

239 1343 420 1411 μένων
462 1359 563 1403 σοι,
600 1342 728 1412 μηδὲ
774 1341 938 1412 λήθην
981 1343 1295 1412 ποιήσασθαι
1321 1344 1398 1404 είς
1426 1342 1484 1394 τὸ
1509 1345 1779 1406 παντελὲς,

239 1429 321 1498 μὴ
353 1428 482 1500 βορά
500 1428 776 1497 γενώμεθα
799 1427 998 1498 θηρίων
1023 1427 1195 1498 ψυχὰς
1223 1427 1414 1479 ἐσθίειν
1437 1427 1746 1494 πεφυκότων
1765 1444 1779 1457 ο

234 1505 422 1572 ὁποῖαί
466 1521 598 1571 εἰσιν
640 1520 696 1571 αἱ
740 1517 1098 1587 ἀντικείμεναι
1142 1501 1407 1586 δυνάμεις,
1441 1517 1494 1567 al
1535 1514 1642 1566 τῶν
1691 1514 1783 1582 ψυ-

238 1602 351 1676 χῶν
397 1607 501 1660 τῶν
547 1605 890 1676 ἀνθρωπίνων
933 1605 1198 1660 ἐπίϐουλοι
1253 1622 1311 1657 τε
1371 1606 1462 1657 καὶ
1506 1603 1779 1693 πολέμιοι·

234 1696 376 1750 ἀλλά
397 1695 503 1765 γὰρ
530 1697 850 1762 ὲεηϐλεψον
869 1697 954 1760 εὶς
966 1695 1078 1761 τὴν
1091 1694 1514 1762 διαθήκηνσου,
1534 1694 1626 1747 xal.
1655 1693 1783 1763 μνή-

237 1784 396 1853 σθητι
433 1785 533 1853 τῆς
570 1784 834 1856 συνθήκης
863 1801 978 1850 σου,
1016 1785 1083 1838 δι’
1107 1782 1173 1857 ἧς
1211 1785 1508 1854 ηὑδόκησας
1541 1785 1705 1837 σῶσαι
1726 1785 1784 1837 τὸ

232 1874 346 1926 τῶν
368 1873 663 1945 ἀνθρώπων
686 1874 856 1941 γένος,
885 1874 1071 1944 καινὴν
1104 1873 1357 1943 διαθήκην
1381 1873 1556 1936 αὐτοῖς
1577 1872 1664 1925 διά
1689 1873 1780 1926 τοῦ

1878 719 2088 773 bellatis
2133 719 2342 786 sibique
2375 718 2649 784 subjectis,
2678 716 2768 771 sed
2805 717 2898 779 tibi
2931 717 3040 772 Deo
3081 726 3266 772 nostro
3295 717 3395 769 im-

1877 813 2162 876 properant
2189 826 2200 860 :
2228 812 2284 860 et
2304 806 2530 875 populus
2560 805 2834 875 insipiens,
2857 807 2947 875 qui
2976 813 3028 858 te
3055 802 3218 857 Deum
3252 804 3394 872 igno-

1877 904 1980 958 rat,
2011 896 2443 963 damonibusque
2488 909 2551 948 ac
2589 897 2871 949 multorum
2911 894 3186 950 numinum
3213 906 3395 946 errore

1877 986 2153 1055 gloriatur,
2172 1000 2280 1039 non
2313 999 2428 1046 nos,
2457 983 2549 1037 sed
2577 992 2628 1037 te
2654 993 2707 1038 et
2733 999 2924 1038 nomen
2948 991 3096 1037 tuum
3132 982 3390 1044 incitavit;

1877 1061 2386 1142 ideo'supplicamus
2412 1082 2464 1127 et
2498 1088 2781 1143 rogamus,
2813 1088 2880 1126 ne
2913 1072 3116 1126 animas
3144 1069 3396 1125 conﬁten-

1879 1166 2008 1217 tium
2033 1163 2137 1216 tibi
2165 1163 2489 1217 immanibus
2524 1163 2654 1217 leris
2683 1160 2954 1217 dedititias
2989 1159 3189 1221 tradas,
3224 1173 3395 1228 neque

1877 1268 1976 1306 nos
2013 1253 2064 1307 in
2090 1263 2398 1322 perpetuum
2421 1252 2773 1312 obliviscaris,
2796 1266 2868 1305 ne
2891 1251 3176 1304 bestiarum
3193 1249 3397 1304 animas

1877 1355 2136 1397 devorare
2195 1343 2473 1401 solitarum
2521 1357 2642 1396 esca
2688 1341 2974 1395 evadamus
3005 1359 3016 1392 :
3046 1339 3228 1408 quales
3273 1346 3397 1390 sunt

1877 1427 2192 1481 adversaria:
2227 1435 2516 1496 potestates
2536 1467 2551 1492 ,
2582 1444 2699 1497 quae
2731 1428 2980 1482 humanis
3009 1426 3286 1479 animabus
3315 1427 3400 1479 in-

1876 1517 2142 1572 sidiantur
2185 1519 2474 1573 acbbellutu
2506 1519 2742 1572 inferunt
2775 1538 2786 1572 :
2813 1519 2904 1573 sed
2947 1521 3136 1587 respice
3163 1519 3213 1569 in
3239 1526 3399 1570 testa-

1877 1615 2102 1658 mentum
2135 1614 2296 1666 tuum,
2327 1613 2380 1660 et
2413 1621 2618 1659 memor
2648 1615 2763 1660 esto
2784 1607 2926 1674 pacti
2953 1608 3052 1670 tui,
3085 1620 3189 1674 quo
3217 1605 3402 1657 buma-

1877 1709 2003 1749 num
2035 1711 2202 1764 genus
2234 1697 2436 1750 salvum
2470 1697 2642 1750 facere
2672 1697 2768 1750 tibi
2790 1697 3132 1765 complacuit,
3157 1711 3275 1749 cum
3300 1709 3400 1749 no-

1877 1799 2000 1836 vum
2029 1783 2159 1852 ipsis
2203 1791 2574 1838 testamentum
2620 1800 2712 1853 per
2739 1784 3004 1839 Christum
3040 1793 3187 1837 tuum
3211 1782 3403 1851 elargi-

1877 1880 1964 1928 tus
1995 1889 2073 1928 es.
2093 1873 2311 1927 Etiamsi
2339 1873 2481 1928 enim
2500 1875 2711 1943 quidam
2738 1881 2880 1937 sunt,
2905 1881 3080 1927 mente
3107 1874 3399 1934 obscurati,

233 1961 472 2033 Χριστοῦ
509 1978 600 2015 σου
641 1963 1020 2033 δεδωρημένος.
1063 1964 1123 2016 Et
1169 1962 1276 2032 γὰρ
1313 1964 1406 2015 καὶ
1446 1962 1513 2014 τὰ
1557 1963 1783 2033 μάλιστα
1810 1966 1852 2020 Β
1880 1980 1929 2032 qI

1703 1980 1783 2016 ιτα
1810 1966 1852 2020 Β
1880 1965 1968 2032 qui
2011 1963 2162 2017 domo
2199 1965 2530 2034 iniquitatum
2573 1965 2757 2032 repleti
2812 1973 2961 2025 sunt,
2991 1977 3090 2017 nec
3128 1963 3399 2016 Christum

234 2052 492 2121 γεγόνασί
527 2070 670 2115 τινες
707 2054 1068 2128 ἐσκοτωμένοι
1109 2054 1204 2125 τὴν
1244 2055 1476 2107 διάνοιαν
1520 2055 1612 2106 καὶ
1643 2054 1782 2120 οἴκῳ

233 2143 494 2213 ἀνομιῶν
518 2144 942 2216 πεπληρωμένοι,
985 2145 1056 2215 μὴ
1080 2144 1500 2214 παραδεξάμενοι
1533 2144 1624 2196 τὸν
1651 2142 1806 2211 Χριέ

237 2234 363 2285 στάν
393 2246 518 2296 σου,
560 2232 692 2286 ἀλλά
735 2234 797 2286 σὺ
832 2232 905 2296 ὡς
948 2233 1316 2304 φιλάνθρωπος
1361 2233 1488 2295 Θεὸς
1522 2231 1629 2284 τῶν
1677 2231 1783 2283 σῶν

234 2321 468 2390 πτωχῶν
508 2322 580 2392 μὴ
618 2323 961 2393 ἀποστραφῇς
992 2324 1090 2387 τὰς
1127 2323 1419 2395 ἱκετηρίας.
1452 2321 1605 2385 Τίνες
1635 2321 1679 2374 δ’
1719 2321 1783 2374 ἂν

234 2407 348 2464 εἷεν
376 2412 426 2463 οί
459 2413 660 2481 πτωχοὶ
681 2413 727 2464 oi
772 2412 940 2466 ταῦτα
985 2413 1120 2486 ὑπὲρ
1158 2413 1352 2477 παντὸς
1390 2413 1663 2481 εὐχόμενοι
1690 2409 1781 2462 τοῦ

235 2498 388 2562 λαοῦ,
414 2500 527 2553 ἀλλ’
553 2501 718 2554 οίστοῦ
741 2500 988 2572 Σωτῆρος
1013 2502 1166 2574 ἡμῶν
1189 2503 1421 2572 μαθηταὶ
1447 2503 1537 2554 καὶ
1560 2502 1784 2552 ἀπόστο-

237 2587 320 2643 λοι
374 2591 508 2660 πρὸς
556 2589 647 2652 οὓς
695 2589 941 2657 ἐλέγετο·
993 2589 1274 2659 Μακάριοι
1332 2594 1384 2643 οἱ
1439 2590 1652 2657 πτωχοὶ
1705 2587 1784 2652 τῷ

239 2679 544 2747 πνεύματι,
575 2679 661 2731 ὅτι
694 2680 943 2748 ὑμετέρα
970 2681 1138 2734 ἐστὶν
1169 2681 1510 2747 ὴ·,6ασι..ιεία
1545 2678 1660 2753 τῶν
1682 2679 1780 2731 οὐ·

235 2767 468 2838 ρανῷν;
487 2768 701 2831 Τούτοις
724 2769 828 2841 γὰρ
850 2770 944 2822 καὶ
971 2769 1193 2831 Ἡσαΐας
1219 2768 1507 2840 ἐμαρτύρει
1533 2769 1595 2820 ὲκ
1623 2782 1784 2836 προσ-

241 2864 389 2916 ώπου
417 2861 587 2930 λέγων
624 2861 716 2916 τοῦ
753 2860 1009 2934 Χριστοῦ·
1045 2861 1280 2930 Πνεῦμα
1305 2863 1517 2927 Κυρίου
1550 2860 1636 2912 ἐπ’
1662 2860 1781 2928 ἐμὲ,

243 2952 314 3011 οὗ
353 2955 582 3008 εἵνεκεν
624 2953 826 3023 ἐχρισέ
873 2970 968 3022 με,
1007 2954 1496 3021 εὐαγγελίσασθαι
1538 2950 1804 3018 πτωχοῖς·

243 3043 576 3110 ἀπέσταλχέ
600 3061 693 3113 με.
729 3037 882 3098 Οὗτοι
916 3043 1059 3112 γοῦν.
1089 3043 1446 3114 ὑπερηύχοντο
1473 3041 1563 3094 τοῦ
1592 3041 1787 3103 παντὸς

240 3134 394 3225 λαοῦ,
427 3133 701 3204 μονονουχὶ
732 3134 994 3204 φήσαντες
1020 3133 1086 3185 ἂν
1115 3135 1163 3187 oi
1193 3134 1386 3196 πάντες
1415 3132 1564 3186 αὐτοὶ
1593 3131 1786 3200 ὁμοίως

1876 2063 2024 2109 tuum
2056 2055 2352 2123 recipiunt;
2385 2062 2437 2107 at
2463 2061 2518 2106 tu
2542 2061 2720 2122 utpote
2753 2053 2888 2107 Deus
2911 2053 3144 2107 clemens
3168 2053 3399 2106 homini—

1877 2144 1998 2204 bus,
2022 2158 2312 2212 pauperum
2336 2151 2548 2196 tuorum
2577 2143 2989 2212 supplicationes
3015 2159 3081 2196 ne
3117 2142 3399 2197 averseris.

1877 2232 2104 2298 Quinam
2142 2248 2267 2288 vero
2308 2248 2571 2302 pauperes
2603 2240 2750 2296 sunt,
2782 2233 2871 2300 qui
2903 2247 2997 2307 pro
3036 2232 3284 2285 universo
3315 2245 3402 2299 po-

1877 2321 2004 2392 pulo
2018 2321 2145 2373 talia
2171 2327 2477 2390 precantur,
2505 2321 2870 2390 nisidiscipuli
2903 2321 3202 2374 Servatoris
3231 2317 3400 2373 nostri

1876 2420 1929 2466 et
1966 2410 2212 2479 apostoli,
2241 2410 2436 2477 quibus
2464 2411 2739 2466 dicebatur
2768 2431 2780 2465 :
2814 2412 2963 2466 Beati
2993 2428 3236 2480 pauperes
3257 2412 3403 2479 spiri-

1877 2507 1953 2560 tu,
1982 2499 2225 2566 quoniam
2251 2507 2475 2552 vestrum
2522 2508 2599 2552 est
2642 2515 2854 2568 regnum
2903 2502 3143 2554 caelorum
3171 2501 3256 2552 "?
3282 2498 3405 2553 Haec

1834 2641 1846 2655 ,
1876 2589 2018 2642 enim
2054 2586 2220 2641 Isaias
2256 2603 2322 2642 ex
2352 2604 2579 2657 persona
2608 2587 2808 2642 Christi
2831 2589 3217 2644 tcstiﬁcabatur
3247 2608 3260 2642 :
3294 2588 3405 2656 Spi-

1877 2680 2008 2731 ritus
2032 2678 2242 2730 Domini
2265 2693 2415 2744 super
2430 2693 2528 2740 me,
2546 2693 2604 2730 eo
2621 2677 2755 2745 quod
2783 2681 2986 2732 uinxerit
3015 2694 3127 2739 me;
3152 2679 3404 2748 evangeli-

1879 2783 1997 2821 sare
2023 2765 2329 2835 pauperibus
2366 2766 2505 2818 misit
2531 2782 2611 2818 me
2631 2766 2694 2818 ³⁸.
2722 2763 2785 2818 ili
2811 2766 2990 2834 itaque
3025 2781 3123 2836 pro
3154 2767 3406 2822 universo

1878 2859 2074 2929 populo
2100 2857 2478 2927 precabantur,
2511 2855 2649 2909 idem
2684 2854 2793 2909 fere
2827 2855 3066 2910 dicentes
3093 2855 3236 2924 quod
3266 2855 3397 2909 Pau-

1881 2952 2008 3004 lus:
2057 2947 2311 3015 Optabam
2346 2945 2618 2999 anathema
2657 2961 2765 2998 esse
2812 2960 2904 3012 pro
2959 2944 3205 3012 fratribus
3256 2946 3401 3008 meis,

1881 3040 2111 3110 cognatis
2134 3040 2256 3092 meis
2273 3035 2549 3090 secundum
2576 3051 2801 3098 carnem,
2818 3037 2906 3104 qui
2929 3045 3046 3088 sunt
3067 3033 3324 3088 Israelita
3336 3035 3402 3085 ”.

1882 3129 1988 3199 Ipsi
2010 3143 2223 3199 quoque
2247 3126 2518 3197 prophetae
2551 3126 2789 3196 Dei,'qui
2817 3133 3033 3195 propter
3070 3125 3243 3194 ipsum
3281 3138 3410 3194 pau-

242 3215 436 3293 Παύλῳ
457 3224 520 3276 τό
538 3240 555 3256 ·
574 3225 857 3292 Ηύχόμην
875 3223 1135 3293 ἀνάθεμα
1156 3221 1303 3279 εἶναι
1330 3223 1476 3290 ὑπὲρ
1494 3222 1607 3275 τῶν
1625 3221 1788 3275 ἀδελ·
1882 3218 1938 3289 pe

1631 3221 1788 3275 ἀδελ·
1882 3218 2035 3289 peres
2061 3224 2234 3274 erant.
2269 3217 2380 3269 tunc
2418 3231 2514 3285 pro
2545 3223 2655 3269 tota
2681 3223 2837 3283 gente
2868 3215 3241 3284 precabantur.
3325 3255 3327 3257 .

240 3317 367 3386 φῶν
389 3333 526 3387 μου,
554 3316 672 3370 τῶν
700 3313 1002 3386 σιηὶτσνῶν
1013 3334 1132 3385 μου
1187 3317 1331 3370 κατά
1389 3315 1598 3383 σάρκα,
1625 3313 1834 3380 οἵτινές
1868 3314 2022 3366 εἰσιν
2070 3307 2440 3378 ἰσραηζιῖταα
2480 3309 2586 3361 Καὶ
2632 3309 2782 3361 αὐτοὶ
2826 3308 2882 3361 δὲ
2929 3311 2978 3360 οί
3015 3308 3281 3378 προφῆται
3315 3308 3408 3361 τοῦ

242 3407 395 3470 Θεοῦ,
425 3407 489 3460 δι’
520 3408 677 3460 αὑτὸν
704 3407 1083 3476 πτωχεύοντες,
1122 3407 1271 3461 ταῦθ’
1296 3408 1432 3478 ὑπὲρ
1457 3406 1548 3459 τοῦ
1585 3405 1779 3468 παντὸς
1815 3391 2154 3458 καθικέτευον
2176 3402 2374 3465 ἔθνους.
2629 3471 2636 3475 .

327 3498 607 3562 Ἀνάστα,
661 3502 695 3552 ό
751 3499 914 3564 Θεὸς,
963 3499 1216 3552 δίκασαν
1265 3498 1377 3564 τὴν
1424 3498 1598 3565 δίκην
1650 3514 1783 3562 σου,
1813 3503 1855 3560 C
1953 3494 2023 3549 Vr

1710 3515 1783 3562 νυ,
1813 3503 1855 3560 C
1953 3494 2115 3550 νεεδ.
2138 3494 2315 3548 22-23.
2359 3492 2609 3562 Exsurge,
2635 3491 2792 3551 Deus,
2805 3489 2985 3558 judico
3011 3505 3221 3541 causam
3245 3496 3406 3553 tuam,

243 3588 536 3660 μνήσθητι
560 3587 677 3641 τῶν
705 3587 1050 3656 ὀνειδισμῶν
1077 3602 1211 3652 σου,
1243 3586 1495 3643 τῶνιύπό
1531 3586 1784 3654 ἄφρονος

247 3681 399 3748 ὅλην
433 3676 548 3744 τὴν
583 3676 825 3746 ἡμέραν.
857 3676 952 3744 Μὴ
991 3676 1240 3743 ἐπιλάϐῃ
1285 3675 1394 3742 τῆς
1438 3672 1638 3742 φωνῆς
1671 3673 1788 3725 τῶν

246 3768 469 3838 ἐχθρῶν
504 3783 617 3822 σου
642 3808 656 3831 ,
697 3767 735 3834 ἠ
791 3764 1161 3835 ὑπερηφανία
1207 3763 1322 3818 τῶν
1353 3765 1688 3832 μισούντων
1714 3776 1785 3814 σε

248 3859 426 3925 ἀνέϐη
474 3858 812 3922 διαπαντός.
871 3855 1084 3926 Ἐπειδὴ
1122 3855 1218 3925 οὖχ
1278 3855 1434 3925 ἡμεῖς
1490 3849 1785 3922 ἠδικήμεθα

251 3949 382 4002 ἀλλά
413 3948 475 4002 σύ
495 3967 508 3978 υ
538 3949 597 4001 σὲ
625 3948 730 4020 γὰρ
753 3947 1021 4001 ὠνείδισεν
1045 3950 1072 4000 ὀ
1095 3945 1302 4017 ἐχθρὸς,
1331 3945 1420 4000 καὶ
1447 3943 1568 4005 λαὸς
1598 3943 1786 4012 ἄφρων

248 4040 309 4092 τὸ
344 4039 434 4093 σὺν
474 4039 640 4109 ὄνομα
677 4038 953 4108 παρώξυνε
974 4055 986 4067 ·
1038 4036 1224 4089 τούτου
1260 4035 1412 4106 χάριν
1450 4031 1724 4101 ἀνάστηθι,
1758 4033 1813 4084 ὸν

249 4129 398 4192 Θεὸς,
429 4131 520 4184 καὶ
550 4131 766 4182 δίκασον
792 4129 886 4199 τὴν
921 4128 1073 4197 δίκην
1107 4143 1217 4178 σου.
1263 4125 1416 4177 Κατὰ
1442 4124 1497 4176 δὲ
1525 4122 1615 4177 τὸν
1641 4122 1785 4192 Σύμ-

253 4237 451 4290 μαχον·
492 4219 686 4285 Στῆθι,
720 4222 750 4272 ὀ
799 4219 971 4282 Θεὸς,
1013 4211 1398 4284 προμάχὴσον
1443 4214 1548 4281 τῆς
1591 4212 1788 4282 μάχης

250 4327 383 4373 σου,
424 4311 518 4380 καί
565 4310 988 4379 μνημόνευσον
1042 4305 1144 4360 τοῦ
1194 4307 1459 4370 ὀνείδους
1487 4320 1599 4359 σου
1631 4305 1788 4372 παρὰ

251 4401 503 4470 ἄφρονος
529 4401 632 4454 τοῦ
655 4400 750 4453 διὰ
775 4399 972 4464 πάσης
1003 4398 1241 4466 ἡμέρας.
1274 4397 1369 4464 Μὴ
1402 4395 1650 4464 ἐπιλάϐῃ
1682 4393 1788 4462 τῆς

251 4493 450 4563 φωνῆς
473 4493 588 4546 τῶν
608 4491 900 4559 πολεμίων
919 4503 1053 4549 σου,
1077 4488 1265 4558 ἤγουν
1280 4489 1354 4559 (1)
1373 4488 1486 4540 τῶν
1503 4488 1788 4554 ἀνθεστη-

253 4585 440 4637 κότων
465 4599 584 4646 σοι,
613 4582 819 4650 μέχρις
848 4575 918 4635 οὗ
940 4579 1357 4643 ἀναϐαίνοντος
1377 4577 1790 4641 ἀδιαλείπτως;

252 4674 358 4726 Kac
387 4674 543 4743 μέχρι
560 4655 756 4726 τούτων
771 4671 978 4723 ἵσταται
994 4671 1020 4721 ὁ
1037 4670 1188 4737 λόγος
1211 4655 1534 4739 παρακαλῶν
1555 4667 1643 4720 τὸν
1663 4667 1791 4719 Θεὸν

252 4761 589 4832 διαναστῆναι
618 4763 708 4816 καὶ
739 4762 947 4815 δικάσαι
973 4759 1068 4831 τὴν
1102 4761 1253 4829 δίκην
1282 4757 1465 4818 αὑτοῦ,
1494 4756 1788 4826 μνησθῆναί

1883 3601 2075 3639 memor
2101 3593 2209 3637 esto
2232 3581 2618 3651 opprobrioram
2647 3589 2868 3641 tuorum,
2897 3591 3072 3629 eorum
3101 3591 3214 3642 quis
3237 3573 3301 3624 ab
3325 3575 3409 3626 in-

1882 3675 2096 3741 sipiente
2124 3682 2243 3726 sunt
2273 3681 2384 3725 tota
2407 3672 2509 3725 die.
2544 3669 2625 3723 Ne
2655 3666 2972 3723 obliviscaris
2999 3681 3139 3718 voces
3172 3664 3408 3716 inimico-

1883 3779 1997 3832 rum
2028 3772 2256 3825 tuorum,
2289 3762 2530 3831 superbia
2548 3777 2721 3815 eorum
2750 3760 2839 3830 qui
2869 3767 2915 3810 te
2943 3757 3158 3809 oderunt
3180 3755 3410 3807 ascendit

1881 3868 2094 3920 semper.
2128 3854 2263 3918 Quia
2313 3868 2420 3905 non
2473 3867 2570 3906 nos
2625 3850 2817 3920 injuria
2863 3847 3036 3901 allecti
3084 3860 3289 3907 sumus,
3315 3845 3410 3898 sed

1883 3951 1939 3996 tu
1967 3961 1980 3995 :
2013 3958 2134 3995 nam
2160 3942 2256 3996 tibi
2293 3939 2966 4011 inimicusimpmperavit,
2995 3944 3046 3990 et
3076 3937 3304 4007 populus
3330 3937 3412 3990 in-

1883 4035 2084 4103 sipiens
2122 4032 2363 4086 incitavit
2394 4047 2584 4086 nomen
2618 4018 2799 4096 tuum;
2830 4029 2950 4082 ideo
2981 4041 3230 4095 exsurge,
3248 4025 3407 4087 Deus,
3437 4088 3441 4091 λ

1882 4133 1935 4178 et
1983 4124 2164 4192 judica
2212 4137 2431 4176 causam
2481 4131 2647 4175 tuam.
2681 4120 2985 4173 Secundum
3034 4115 3409 4187 Symmachum

1885 4223 2058 4269 autem
2097 4234 2109 4268 :
2147 4213 2263 4276 Sto,
2296 4213 2455 4274 Deus,
2485 4227 2746 4280 propugna
2776 4219 3029 4262 certamen
3059 4217 3222 4268 tuum,
3252 4215 3300 4258 et
3333 4221 3414 4257 re-

1885 4303 2098 4357 cordare
2127 4302 2384 4371 opprobrii
2416 4302 2499 4353 tui
2527 4301 2590 4352 ab
2625 4301 2892 4367 insipiente
2920 4314 3008 4365 per
3054 4304 3214 4348 totam
3258 4295 3409 4346 diem.

1888 4393 1968 4460 Ne
2001 4391 2321 4446 obliviscaris
2352 4407 2495 4444 voces
2523 4389 2848 4442 ini-micorum
2875 4396 3099 4448 tuorum,
3129 4384 3182 4435 id
3207 4393 3301 4445 est,
3328 4401 3413 4436 eo-

1887 4500 2001 4536 rum
2031 4484 2116 4552 qui
2152 4482 2245 4534 tibi
2290 4480 2564 4534 obsistunt.
2603 4477 2868 4546 L’squequo
2903 4472 3173 4527 ascendant
3200 4471 3414 4524 εἰπάεεὶ-

1886 4573 2100 4626 uenter?
2133 4570 2196 4621 l-Jt
2225 4571 2342 4622 huc,
2362 4568 2557 4623 desinit
2585 4580 2781 4626 sermo,
2806 4563 2972 4615 Deum
3004 4574 3201 4629 rogans
3234 4567 3291 4611 ut
3317 4576 3414 4612 εικ-
3482 4609 3490 4614 _.

1887 4670 2068 4731 surgat
2111 4668 2163 4713 et
2200 4659 2404 4727 judicet
2446 4670 2660 4710 causam
2697 4650 3292 4717 suamrecordeturque
3320 4664 3416 4715 op—

1887 4750 2084 4820 probrii
2118 4750 2184 4801 ab
2212 4746 2592 4815 insipientibus
2613 4744 2765 4804 illati,
2803 4756 2975 4809 neque
3006 4740 3261 4794 oblivioni
3304 4747 3414 4790 tra-

256 4869 311 4904 τε
345 4852 435 4904 τοῦ
465 4831 759 4922 ὀνειδισμοῦ
805 4851 909 4904 τῶν
943 4838 1184 4920 ἀφρόνων
1205 4890 1217 4910 ,
1257 4849 1386 4920 μηδὲ
1436 4847 1569 4917 λήθη
1611 4861 1786 4916 παρα·
1815 4847 1864 4907 ι)
1885 4844 1949 4898 da

1719 4863 1786 4898 ια·
1815 4847 1864 4907 ι)
1885 4844 1974 4898 dat
2001 4855 2157 4893 voces
2183 4839 2519 4893 inimicorum
2547 4850 2609 4888 ac
2632 4835 3142 4904 superbiameorum
3164 4831 3252 4900 qui
3277 4846 3415 4884 sem-

258 4941 434 4994 δοῦναι
461 4942 558 5006 τὰς
586 4943 764 5010 φωνὰς
790 4943 894 4995 τῶν
925 4941 1131 5011 ἐχθρῶν
1163 4942 1254 4994 καὶ
1299 4940 1395 5002 τάς
1422 4935 1788 5006 ὑπερηφανίας

257 5030 362 5083 τῶν
398 5031 679 5096 διαπαντὸς
724 5032 1109 5104 ἐπαιρομένων.
1163 5032 1236 5084 Οὐ
1294 5030 1397 5100 μὴν
1439 5028 1789 5093 ἐπισυνῆπται

259 5120 460 5184 τούτοις
490 5122 612 5192 ἑξῆς
645 5125 970 5195 χρηστοτέρα
995 5140 1075 5186 τις
1104 5121 1406 5191 ἀπόκρισις,
1432 5116 1547 5169 οὐδὲ
1574 5115 1789 5182 ἀγαθῶν

262 5212 554 5280 ἐπαγγελία
608 5217 717 5277 τοῖς
759 5215 1055 5284 δεηθεῖσιν,
1104 5215 1238 5283 ὅπερ
1273 5211 1417 5263 ἐστιν
1462 5207 1546 5275 ἐφ’
1593 5207 1787 5277 ἑτέρων

263 5303 454 5374 εὑρεῖν.
483 5302 676 5371 Διόπερ
705 5304 998 5373 ἀρχόμενος
1024 5307 1052 5356 ὁ
1078 5303 1227 5369 λόγος
1251 5298 1504 5366 ἀπωσμὺν
1540 5298 1616 5358 είς
1643 5295 1790 5359 τέλος

265 5393 510 5448 ἐθέσπισε
534 5394 642 5454 τοῖς
667 5392 1024 5463 δηλουμένοις,
1053 5394 1143 5444 καὶ
1171 5392 1234 5443 δι’
1261 5391 1377 5442 ὅλου
1398 5388 1476 5448 τὸ,
1496 5388 1579 5452 εἱς
1599 5385 1788 5451 τέλος,

267 5483 434 5552 ἐπῆγε
462 5484 527 5552 τῇ
556 5481 661 5533 τῶν
702 5481 1032 5552 σκυθρωπῶν
1061 5481 1375 5553 προρρήσει.
1401 5476 1586 5530 Ἔνθεν
1617 5475 1795 5548 ὁρμώ-

273 5591 426 5642 μενος
467 5573 560 5626 καὶ
594 5573 622 5625 ὁ
662 5572 800 5635 θεῖος
842 5571 1175 5633 ’Δπόστολος,
1214 5568 1433 5638 γράφων
1473 5567 1597 5636 περὶ
1620 5565 1794 5620 αὐτῶν

273 5668 417 5737 ἔλεγε
452 5670 510 5721 τὸ
536 5710 551 5734 ,
590 5669 850 5737 Ἔφθασε
882 5665 948 5719 δὲ
974 5668 1058 5730 εις
1095 5663 1310 5728 αὐτοὺς
1343 5662 1381 5729 ἠ
1413 5661 1554 5731 ὀργὴ
1585 5661 1672 5726 εὶς
1691 5661 1878 5726 τέλος.

1886 4947 1982 5004 per
2010 4931 2357 4984 extolluntur.
2394 4927 2571 4996 Neque
2598 4935 2774 4980 tamen
2828 4925 2911 4979 his
2963 4925 3102 4978 bona
3139 4922 3416 4989 responsio

1887 5019 2154 5088 adjicitur,
2177 5032 2348 5086 neque
2375 5018 2670 5070 orationem
2700 5015 2958 5070 bonorum
2986 5012 3268 5082 promissio
3292 5023 3419 5061 con-

1886 5109 2142 5178 sequitur,
2167 5107 2308 5177 quod
2337 5108 2455 5162 aliis
2485 5107 2538 5162 in
2565 5107 2784 5176 psalmis
2813 5104 3044 5173 reperire
3068 5107 3166 5156 est.
3194 5091 3316 5152 Ideo
3347 5099 3419 5152 ab

1885 5201 2105 5256 exordio
2136 5200 2484 5268 abjectionem
2518 5205 2821 5268 perpetuam
2854 5180 3156 5247 memoratis
3190 5187 3416 5241 homini-

1892 5292 1993 5346 bus
2023 5289 2439 5352 vaticinabatur,
2474 5296 2528 5344 et
2560 5289 2613 5341 in
2645 5294 2758 5341 toto
2780 5285 2984 5354 psalmo
3008 5279 3239 5333 tristium
3276 5293 3414 5347 prae-

1893 5383 2113 5439 dictioni
2162 5383 2314 5448 illud,
2348 5384 2402 5436 in
2453 5383 2624 5450 finem,
2671 5377 2923 5434 subdidit.
2958 5372 3092 5426 Hinc
3138 5369 3412 5424 occasione

1895 5483 2046 5544 capta
2080 5473 2296 5528 divinus
2321 5475 2626 5544 Apostolus,
2659 5471 2725 5526 de
2753 5467 2940 5523 iisdem
2975 5462 3218 5519 scribens
3242 5460 3407 5516 dixit:

1897 5564 2135 5619 Peruenit
2157 5574 2330 5618 autem
2359 5552 2428 5617 ad
2458 5580 2544 5617 eos
2568 5563 2650 5616 ira
2681 5562 2733 5614 in
2758 5557 2990 5628 ﬁnem”.

339 5778 381 5806 "
423 5775 604 5829 Matth.
633 5792 703 5847 Iv,
735 5776 787 5830 5.
861 5775 906 5806 δ’
946 5771 1048 5829 Isa.
1086 5788 1205 5849 ιξι,
1241 5772 1292 5825 1.
1365 5771 1410 5803 ¹⁹
1447 5767 1602 5825 Rom.
1635 5785 1720 5837 Ix,
1750 5769 1802 5833 5,
1836 5769 1888 5822 4.
1963 5769 2006 5801 ⁸⁸

861 5775 906 5806 ι’
946 5771 1048 5829 lsa.
1086 5788 1205 5849 Ly,
1241 5772 1292 5825 1.
1365 5771 1410 5803 ¹⁹
1447 5767 1602 5825 Rom.
1635 5785 1720 5837 ix,
1750 5769 1802 5833 5,
1836 5769 1888 5822 4.
1963 5769 2006 5801 ³ο
2047 5769 2065 5823 l
2099 5767 2284 5825 Thess.
2323 5784 2398 5833 ιι,
2439 5769 2521 5834 16.

341 5868 417 5932 (l)
458 5865 611 5921 Forte
635 5869 790 5936 ἤχου.
