4294 6422
286 532 385 587 369

1390 530 1883 587 COMMENTARlA
1922 532 1987 583 ΙΝ
2027 531 2361 587 PSALMOS.

3355 527 3457 582 870

280 651 449 718 λέγων
468 667 480 679 ·
517 648 876 718 Διηγήσομαι
906 650 977 703 τὰ
1020 642 1316 718 θουμάσιά
1349 666 1465 703 σου
1494 650 1635 703 ὅταν
1670 646 1829 701 λάϐω
1858 651 1898 702 Α
1930 664 1976 697 rc

1759 650 1829 700 ϐω
1858 651 1898 702 Α
1930 647 2118 700 rabilia
2149 659 2262 713 tua,
2302 665 2418 700 cum
2458 663 2693 716 accepero
2736 658 2951 716 tempus,
2985 663 3046 702 ac
3082 647 3282 702 infert:
3319 646 3455 712 Quo-

276 741 504 809 καιρὸν,
540 743 632 795 καὶ
660 742 929 813 ἐπιφέρει*
948 742 1077 793 ’Ότι
1097 745 1129 793 ό
1164 742 1303 807 Θεὸς
1329 741 1529 808 κριτής
1555 742 1702 794 ἐστι’
1740 741 1829 792 καὶ

277 818 611 895 πάλιν,”Ότι
639 833 920 900 ποτήριον
940 833 1008 885 ἐν
1035 835 1182 901 χειρὶ
1212 814 1429 899 [ξιφίου
1459 835 1625 885 οἴνου
1653 832 1829 899 ἀκρά-

274 939 410 986 του;
440 922 565 985 Πῶς
585 923 643 975 δὲ
672 922 807 993 πρὸς
837 923 1042 985 τούτοις
1066 926 1265 977 ἅπασιν
1288 924 1521 991 ἐπιλέγει
1542 940 1554 953 θ
1595 923 1737 992 Ἐγὼ
1762 922 1829 973 δὲ

204 1050 209 1055 -
272 1013 582 1082 ἀναγγελῶ
624 1017 709 1079 είς
748 1015 853 1067 τὸν
879 1015 1080 1081 αἰῶνα,
1113 1017 1286 1084 ψαλῶ
1333 1016 1409 1082 τῷ
1452 1018 1570 1082 Θεῷ
1612 1016 1823 1080 Ἰακώϐ,

273 1104 371 1157 καὶ
395 1104 589 1159 πάντα
609 1107 680 1158 τὰ
703 1105 919 1172 κέρατα
943 1104 1059 1170 τῶν
1088 1109 1445 1177 ἁμαρτωλῶν
1472 1108 1795 1176 συγκλάσω
1808 1124 1827 1169 ;

271 1195 413 1265 Ὅρα
447 1194 623 1248 τοίνυν
652 1197 698 1246 εί
724 1195 797 1266 μὴ
842 1197 927 1248 διὰ
952 1198 1153 1251 τούτων
1174 1201 1201 1251 ὁ
1227 1200 1510 1269 μονογενὴς
1553 1198 1645 1249 τοῦ
1694 1196 1825 1250 Θεοῦ

269 1285 438 1352 Λόγος
461 1286 559 1347 τὰς
578 1286 781 1349 οἰκείας
798 1287 1089 1356 ἐνεργείας
1112 1289 1348 1341 διδάσκει
1376 1290 1474 1359 τὴν
1499 1288 1591 1340 τοῦ
1617 1289 1826 1359 Πατρὸς

269 1374 477 1440 διεξιὼν
502 1375 789 1443 θεολογίαν.
834 1379 968 1447 Φησὶ
991 1379 1120 1448 γοῦν
1142 1398 1153 1410 ·
1197 1380 1553 1449 Διηγήσομαι
1586 1382 1656 1433 τὰ
1688 1383 1825 1433 θαυ-

268 1463 457 1532 μάσιά
505 1482 620 1520 σου
660 1466 804 1520 ὅταν
833 1468 993 1522 λάϐω
1038 1474 1262 1537 καιρόν.
1322 1473 1379 1524 Ὀ
1431 1472 1528 1540 μὲν
1576 1472 1820 1536 Ἀκύλας,

271 1552 447 1607 Ὅταν
468 1554 628 1607 λάϐω
649 1558 950 1627 συνταγάς
968 1576 980 1588 ·
1016 1562 1044 1612 ὁ
1070 1562 1125 1613 δὲ
1145 1561 1450 1630 Σύμμαχος,
1472 1563 1644 1612 Ὅταν
1665 1557 1824 1613 λάϐω

267 1644 382 1711 τὴν
410 1648 785 1716 συναγωγήν.
825 1652 932 1704 Καί
962 1670 1048 1721 μοι
1081 1653 1227 1705 δοκεῖ
1248 1653 1515 1723 εὐκαίρως
1546 1652 1819 1723 εἰρηκέναι

266 1735 348 1798 τὸ,
381 1736 559 1789 Ὅταν
610 1738 769 1792 λάϐω
828 1743 1151 1809 συνταγὰς,
1198 1742 1251 1812 ἢ,
1301 1741 1411 1810 τὴν
1444 1742 1817 1812 σιινναγιιογήν.

281 1825 697 1893 Ἐπαγγέλλεται
754 1829 861 1900 γὰρ
928 1832 1119 1901 καιροῦ
1174 1832 1465 1901 λαϐόμενος
1517 1834 1689 1885 πάντα
1753 1834 1819 1885 τὰ

1916 740 2058 791 niam
2095 740 2231 793 Deus
2273 741 2438 809 judea:
2482 751 2592 801 est;
2645 757 2706 794 ac
2749 756 2962 795 rursum
2992 760 3003 795 :
3033 740 3169 806 Quia
3215 738 3356 793 calix
3404 742 3456 794 in

1916 846 2073 881 manu
2108 830 2316 884 Domini
2348 834 2452 885 viui
2485 834 2653 884 meri?
2693 832 2803 885 Cur
2829 832 2912 886 his
2940 832 3190 885 omnibus
3233 831 3451 900 subjun-

1913 922 1989 989 git
2017 941 2027 974 :
2056 920 2162 991 Ego
2192 932 2360 975 autent
2388 923 2704 975 annuntiabo
2735 924 2788 975 in
2821 923 3083 985 sa'culum,
3107 922 3325 974 cantabo
3348 920 3455 976 Deo

1912 1010 2099 1075 Jacob,
2162 1024 2210 1066 et
2256 1016 2433 1067 omnia
2484 1031 2681 1067 cornua
2722 1026 3045 1081 peccatorum
3091 1012 3454 1082 confringant?

1914 1104 2292 1159 Animadverte
2318 1106 2479 1174 igitur
2516 1122 2641 1159 num
2678 1108 2762 1161 his
2790 1108 2967 1161 verbis
3001 1107 3329 1175 unigenitum
3357 1104 3453 1159 Dei

1913 1192 2168 1253 Verbum.
2192 1211 2308 1264 qua:
2339 1197 2401 1249 ad
2432 1196 2607 1251 Patris
2636 1197 2888 1252 deitatem
2911 1204 3150 1265 spectant
3172 1210 3453 1256 enarrans,
3496 1224 3497 1227 η

1914 1300 2012 1338 sua
2046 1300 2209 1354 opera
2245 1288 2504 1341 enuntiet.
2546 1288 2634 1340 Ait
2660 1289 2840 1357 itaque
2868 1307 2879 1341 :
2909 1288 3152 1341 Narrabo
3188 1286 3453 1339 mirabilia

1914 1386 2003 1427 tua
2041 1394 2154 1429 cum
2188 1394 2425 1445 accepero
2468 1391 2682 1446 tempus.
2714 1380 2903 1448 Aquila
2950 1395 3075 1433 vero
3122 1380 3199 1434 sic
3244 1379 3451 1432 habet:

1913 1464 2045 1519 Cum
2091 1484 2333 1535 accepero
2377 1477 2575 1534 tempus
2626 1478 2907 1531 statutum;
2956 1466 3305 1537 Symmachus
3356 1481 3451 1519 au-

1912 1560 2018 1607 tem
2051 1573 2063 1607 :
2096 1553 2227 1607 Cum
2279 1572 2519 1623 accepero
2567 1572 2898 1627 syaagogam.
2934 1556 3267 1625 Videturque
3318 1556 3451 1611 mihi

1910 1641 2021 1695 hac
2066 1654 2364 1712 opportune
2412 1645 2551 1697 dicta
2598 1661 2717 1700 esse
2758 1665 2768 1697 :
2806 1646 2934 1700 Cum
2986 1650 3450 1713 accepero-‘tempus

1910 1736 2183 1796 statutum,
2226 1738 2330 1799 vel,
2381 1754 2714 1807 synagogam.
2766 1736 3054 1791 Pollicctur
3082 1739 3280 1806 quippe
3309 1738 3466 1795 διίίῑιΔ

1911 1830 2152 1893 tempore
2197 1835 2497 1895 opportuno
2544 1830 2721 1881 omnia
2768 1826 2943 1881 Patris
3003 1830 3055 1881 in
3103 1827 3340 1882 Ecclesia
3385 1843 3449 1881 ex

266 1914 543 1983 θαυμάσια
572 1918 664 1970 τοῦ
690 1919 898 1989 Πατρὸς
919 1921 1272 1991 διηγήσασθαι
1311 1924 1401 1975 ἐπί
1431 1924 1529 1991 τῆς
1560 1925 1616 1988 ἐξ
1652 1924 1815 1977 ὲθνῶν
1846 1931 1887 1986 Β
1916 1927 1962 1980 Β(

1748 1924 1815 1977 ὧν
1846 1931 1887 1986 Β
1916 1912 2163 1980 gentibus
2198 1924 2345 1983 gesta
2390 1917 2653 1969 mirabilia
2684 1926 3046 1981 narraturum,
3077 1932 3235 1988 quam
3270 1917 3444 1971 Eccle-

279 2006 598 2079 Ἐκκλησίας
621 2050 636 2073 ,
675 2012 739 2080 ἣν
788 2012 947 2074 αὐτὸς
989 2014 1016 2063 ὁ
1049 2014 1232 2084 Πατὴρ
1261 2016 1617 2083 ἐπηγγέλλετο
1669 2017 1814 2088 αῦτῷ

264 2100 706 2182 είπώνσΑῑτησαι
754 2104 888 2172 παρ’
929 2106 1101 2173 ἐμοῦ,
1148 2108 1243 2159 καὶ
1295 2108 1464 2160 δώσω
1510 2126 1607 2161 σοι
1672 2112 1813 2179 ἔθνη

262 2188 377 2257 τὴν
401 2194 805 2262 κληρονομίαν
835 2209 969 2257 σου,
1011 2198 1109 2250 καί
1142 2199 1253 2265 τὴν
1295 2200 1661 2269 κατάσχεσίν
1701 2218 1813 2256 σου

261 2279 333 2355 τὰ
368 2278 591 2348 πέρατα
620 2282 730 2351 τῆς
760 2283 888 2352 γῆς.
919 2286 1080 2340 Ὅταν
1105 2283 1193 2340 οὖν
1238 2287 1404 2351 λάϐω,
1431 2293 1581 2359 φησὶ,
1616 2292 1814 2363 ταύτην

260 2368 358 2439 τὴν
393 2370 680 2443 συνταγὴν,
730 2374 823 2425 καί¹
850 2374 1064 2427 ἐπειδάν
1099 2374 1243 2445 τύχω
1264 2377 1450 2429 τούτου
1490 2378 1579 2430 τοῦ
1604 2380 1812 2450 καιροῦ,

259 2459 555 2527 τηνικαῦτα
595 2464 724 2532 παρ’
759 2464 940 2527 αὐτοῖς
972 2468 1081 2527 τοῖς
1118 2465 1176 2531 ἐξ
1227 2466 1393 2519 ἐθνῶν
1439 2469 1815 2538 ἐπιστρέφουσι

261 2549 590 2620 διηγήσομαι
622 2553 798 2606 πάντα
844 2553 911 2606 τά
952 2554 1229 2623 θαυμάσιά
1264 2574 1375 2609 σου.
1405 2553 1497 2620 Οἷς
1541 2559 1807 2625 ἐπιλέγει⁸

270 2639 415 2708 Ἐγὼ
442 2642 768 2707 εὐθύτητας
801 2643 998 2710 κρινῶ.
1031 2646 1379 2716 Δικαιοσύνης
1400 2647 1505 2717 γὰρ
1529 2638 1811 2699 καὶεύθύοη

257 2746 414 2799 τητος
479 2728 637 2800 ἔργον
689 2732 749 2782 τὸ
785 2733 859 2803 μὴ
901 2733 1184 2798 Ἰουδαίους
1238 2737 1429 2805 μόνους
1474 2739 1809 2808 προσίεσθαι,

258 2821 393 2893 μηδὲ
419 2820 480 2873 τὸ
499 2820 556 2888 ἐξ
589 2821 835 2895 Ἀϐραὰμ
854 2823 1006 2891 γένος
1030 2828 1169 2880 κατὰ
1184 2828 1278 2898 τὴν
1305 2828 1540 2892 Μωσέως
1593 2831 1807 2901 κλῆσιν.

255 2913 369 2968 ἀλλ’
399 2913 458 2979 ἐξ
489 2914 742 2967 ἁπάντων
778 2914 885 2967 τῶν
913 2916 1078 2970 ἐθνῶν
1125 2920 1220 2988 τὴν
1263 2920 1487 2991 ἐκλογὴν
1538 2923 1807 2976 ποιεῖσθαι

256 3005 367 3085 τῶν
392 3004 731 3076 σωζομένων.
767 3008 965 3079 Διόπερ
1013 3010 1041 3061 ὁ
1074 3012 1283 3080 Πέτρος
1307 3015 1361 3065 ὲν
1396 3017 1515 3077 ταῖς
1545 3016 1810 3085 Πράξεσιν

253 3084 664 3167 ἀναγέγραπται
715 3097 980 3168 εἰρηκώς·
1026 3099 1149 3153 Ἐπ’
1192 3102 1475 3168 ἀληθείας
1520 3084 1681 3166 οἴδα,
1726 3106 1814 3159 ὅτι

253 3191 363 3242 οὐκ
399 3189 530 3242 ἔστι
561 3188 1074 3261 προσωπολήπτης
1103 3195 1133 3245 ό
1166 3195 1337 3259 Θεός·
1370 3196 1503 3250 ἀλλ’
1532 3196 1601 3249 ἐν
1635 3199 1809 3251 παντί

250 3280 407 3333 ἔθνει
438 3272 473 3333 ὀ
541 3281 908 3349 φοϐούμενος
953 3283 1138 3336 αὐτὸν
1187 3284 1396 3352 δεκτός
1436 3287 1601 3341 ἐστιν
1627 3290 1803 3355 αὐτῷ.

252 3372 358 3425 Καὶ
387 3371 416 3423 ὁ
454 3371 662 3435 Παῦλος
682 3372 740 3425 δὲ
780 3372 1017 3443 Ἰουδαίῳ
1043 3391 1103 3427 τε
1147 3359 1361 3445 πρῶτον
1392 3381 1483 3432 καὶ
1509 3380 1725 3452 Ἕλληνι
1750 3383 1809 3435 τὸ

251 3463 576 3531 Εύαγγέλιον
618 3463 975 3534 κηρύττεσθαί
1007 3482 1137 3535 φησι
1169 3466 1339 3535 λέγων
1359 3486 1371 3500 ο
1407 3472 1487 3524 Ού
1514 3471 1618 3545 γᾴρ
1653 3475 1809 3529 ἐπαι-
1836 3520 1837 3523 η

250 3554 545 3623 σχύνομαι
568 3552 634 3606 τὸ
650 3553 1016 3623 Εὑαγγέλιον
1031 3572 1044 3584 ·
1063 3555 1313 3622 δύναμις
1341 3559 1448 3627 γὰρ
1472 3541 1617 3615 Θεοῦ
1639 3563 1808 3617 ἐστιν

249 3649 334 3714 είς
359 3646 657 3713 σωτηρίαν
685 3645 863 3699 παντὶ
904 3646 985 3712 τῷ
1035 3649 1407 3714 πιστεύοντι,
1454 3652 1705 3717 Ἰουδαίῳ
1741 3672 1806 3708 τε

250 3736 497 3806 πρῶτον”
528 3735 627 3790 καί
654 3737 932 3805 ’Ἐλληνι.
983 3739 1339 3807 Δικαιοσύνη
1381 3727 1488 3809 ᾆοὰρ
1540 3742 1684 3796 Θεοῦ
1736 3744 1806 3796 ἐν

249 3826 408 3892 αὐτῷ
469 3827 970 3881 ἀποκαλύπτεται.
1039 3822 1134 3892 Οίς
1205 3828 1508 3894 ἀκολούθως
1578 3832 1805 3886 ἐνταῦθα

248 3920 445 3988 φάσκει
476 3919 568 3973 τό·
612 3918 758 3989 Ἐγὼ
788 3919 1117 3988 εὐθύτητας
1158 3921 1358 3988 κρινῶ.
1401 3920 1510 3974 Εἶτ’
1543 3924 1798 3991 ἐπιλέγει·

261 4010 472 4079 Ἐτάκη
497 4011 537 4078 ἡ
560 4009 636 4081 γῆ
676 4009 774 4063 καὶ
803 4008 1022 4077 πάντες
1055 4013 1109 4064 οί
1134 4012 1549 4079 κατοικοῦντες
1580 4013 1797 4081 αὐτήν⁸

248 4101 360 4171 ἐγὼ
392 4101 725 4172 ἐστερέωσα
749 4102 890 4168 τοὺς
912 4102 1177 4168 στύλους
1197 4103 1403 4172 αὐτῆς.
1436 4105 1591 4159 Κατά
1616 4104 1673 4159 δὲ
1696 4094 1803 4161 τὸν

251 4190 561 4261 Σύμμαχον,
602 4190 1071 4257 Συσταθήσεται,
1116 4192 1298 4263 φησὶν,
1342 4194 1380 4261 ἡ
1413 4193 1487 4263 γῆ
1520 4196 1641 4250 σὺν
1680 4198 1804 4267 τοῖς

249 4283 635 4337 κατοικοῦσιν
683 4283 874 4349 αὐτήν
894 4299 907 4313 '
940 4282 1054 4353 ἐγὼ
1095 4284 1329 4353 ἥδρασα
1357 4287 1497 4355 τοὺς
1539 4291 1802 4357 στύλους

247 4371 449 4441 αὐτῆς.
474 4362 666 4426 ’Ταῦτα
692 4371 749 4425 δὲ
772 4374 885 4436 τοῖς
924 4375 983 4425 ὲν
1005 4371 1083 4444 τῷ
1112 4374 1219 4445 πρὸ
1245 4375 1433 4429 τούτου
1465 4376 1802 4450 λελεγμένοις

247 4464 458 4536 εἴρηται
491 4453 812 4536 συμφώνως.
870 4466 935 4519 Ἦ
982 4465 1092 4538 γὰρ
1142 4467 1557 4540 πολιορκηθεῖσα
1608 4471 1680 4542 γῆ
1705 4472 1799 4525 καὶ

1894 2002 2048 2055 siam
2080 2004 2181 2073 ipsi
2208 2005 2362 2059 Pater
2399 2008 2644 2075 promisit
2675 2008 2756 2062 his
2783 2009 2959 2063 verbis
2988 2028 2999 2061 :
3039 2008 3257 2062 Postula
3291 2026 3323 2060 a
3351 2026 3449 2069 me,

1911 2104 1959 2147 et
1993 2094 2127 2149 dabo
2162 2098 2253 2149 tibi
2285 2109 2454 2167 gentes
2487 2099 2831 2153 [nereditatem
2880 2110 3042 2165 tuam,
3076 2110 3124 2153 et
3172 2101 3435 2167 possessio-

1914 2204 2025 2241 nem
2058 2198 2202 2242 tuam
2237 2192 2481 2244 terminos
2512 2194 2739 2248 terrm”.
2777 2192 2907 2247 Cum
2942 2208 3067 2264 ergo
3099 2192 3199 2246 hoc
3242 2201 3451 2261 tempus

1914 2286 2171 2341 stautum,
2195 2279 2388 2349 inquit,
2407 2295 2677 2350 accepero,
2702 2290 2895 2337 etcum
2922 2283 3060 2336 hanc
3085 2282 3429 2351 opportunita

1914 2376 2016 2422 tem
2038 2378 2363 2424 consecutus
2381 2387 2493 2431 ero,
2522 2381 2647 2427 tunc
2665 2376 2910 2428 omnibus
2931 2375 3175 2443 gentibus
3198 2390 3315 2444 qua:
3334 2390 3452 2430 sesc

1914 2462 2278 2515 converterint
2324 2462 2552 2516 narrabo
2601 2464 2777 2519 omnia
2809 2466 3072 2519 mirabilia
3108 2474 3219 2519 tua.
3246 2463 3453 2530 Quibus

1914 2550 2095 2604 subdit
2124 2570 2135 2604 :
2166 2551 2276 2622 Ego
2311 2556 2641 2609 rectitudines
2665 2556 2933 2624 judicabo.
2968 2555 3196 2611 Justitiaa
3222 2573 3453 2628 namque

1912 2648 1965 2694 et
2005 2642 2348 2700 rectitudinis
2381 2661 2516 2715 opus
2546 2656 2647 2711 est,
2676 2664 2782 2701 non
2810 2647 3022 2704 Iudaeos
3055 2650 3230 2704 solum
3260 2651 3426 2703 admit

1913 2739 2045 2789 tere.
2077 2749 2250 2803 neque
2294 2737 2579 2792 Abrahami
2633 2755 2801 2807 genus
2850 2740 3108 2793 duntaxat
3160 2740 3450 2794 secundum

1913 2822 2110 2892 lloysis
2154 2826 2484 2880 vocationem
2533 2829 2795 2895 recipere.
2829 2830 2921 2883 sed
2956 2830 3209 2884 omnibus
3238 2844 3302 2883 ex
3332 2845 3433 2900 gen

1914 2914 2058 2968 tibus
2091 2918 2473 2971 servandorum
2524 2921 2837 2973 electionem
2865 2918 3057 2973 facere.
3091 2917 3453 2984 Quamobrem

1913 3004 2104 3061 Petrus
2152 3008 2204 3060 in
2255 3008 2473 3063 Actibus
2525 3008 2726 3064 dixisse
2768 3010 3074 3063 scribitur:
3124 3009 3191 3063 In
3239 3012 3450 3068 veritate

1913 3102 2156 3167 comperi,
2201 3102 2321 3169 quia
2364 3120 2463 3156 non
2506 3112 2581 3155 est
2621 3120 2959 3172 personarum
3008 3114 3241 3171 acceptor
3282 3105 3419 3160 Deus

1896 3182 2005 3244 sed
2033 3192 2089 3244 in
2126 3194 2267 3246 omni
2294 3205 2439 3263 gente
2476 3196 2564 3264 qui
2607 3196 2748 3248 timet
2782 3212 2897 3249 eum
2932 3205 3167 3263 acceptus
3190 3206 3265 3249 est
3291 3198 3371 3250 illi
3387 3199 3451 3251 ³⁸.

1912 3279 2111 3337 Paulus
2159 3295 2331 3337 autem
2369 3282 2552 3338 Iudaeo
2585 3285 2836 3353 primum,
2874 3293 3055 3353 postea
3098 3284 3283 3343 erco
3316 3303 3424 3357 prae

1907 3373 2196 3428 dicandum
2232 3373 2576 3443 Evangelium
2614 3392 2733 3430 esse
2781 3376 2912 3429 dicit
2954 3377 3037 3431 his
3078 3378 3255 3432 verbis
3286 3397 3298 3431 :
3333 3378 3452 3433 Non

1905 3462 2040 3514 enim
2061 3459 2300 3517 erubesco
2324 3462 2655 3533 Evangelium
2680 3480 2696 3517 :
2726 3465 2888 3517 virtus
2907 3482 3042 3518 entm
3071 3467 3164 3519 Dei
3188 3479 3263 3520 est
3289 3469 3340 3522 in
3368 3487 3434 3523 sa

1905 3552 2065 3605 lutem
2095 3554 2234 3605 omni
2271 3556 2514 3614 credenti,
2543 3554 2729 3607 Judwo
2757 3557 3002 3621 primum,
3036 3567 3084 3609 et
3117 3550 3317 3613 Crmco.
3348 3556 3451 3611 Ju-

1903 3641 2051 3694 stitia
2083 3644 2219 3695 enim
2246 3641 2341 3695 Dei
2368 3644 2420 3695 in
2450 3644 2562 3711 ipso
2597 3643 2853 3695 revelatur
2870 3642 2934 3696 ³⁷.
2965 3642 3171 3706 Quibus
3203 3642 3289 3695 hic
3315 3659 3447 3698 con—

1905 3740 2195 3799 sequenter
2217 3734 2414 3787 dicitur
2440 3751 2454 3788 :
2490 3733 2597 3802 Ego
2622 3731 2947 3786 rectitudines
2962 3732 3229 3801 judicaba.
3251 3732 3449 3788 Deinde
3479 3735 3491 3745 '

1903 3821 2122 3890 subiicit
2160 3841 2173 3876 :
2205 3822 2508 3893 Liquefacta
2539 3834 2615 3878 est
2647 3834 2785 3877 terra
2812 3839 3062 3895 eromnes
3086 3825 3174 3892 qui
3211 3823 3447 3878 habitant

1902 3932 1933 3967 ιι
1973 3931 2034 3968 ea
2067 3931 2086 3969 :
2114 3931 2204 3984 ego
2251 3915 2564 3983 conﬁrmavi
2623 3913 2892 3966 columnas
2947 3912 3080 3980 ejus.
3137 3910 3445 3967 Secundum

1903 4005 2284 4077 Symmachum
2317 4020 2443 4059 vero
2472 4010 2483 4057 ὲ
2519 4003 2898 4067 Constituetur,
2928 4005 3122 4074 inquit,
3161 4014 3299 4058 terra
3330 4021 3445 4059 cum

1898 4096 2253 4151 habitantibus
2296 4098 2351 4149 in
2395 4113 2457 4150 ea
2489 4109 2507 4148 :
2536 4111 2625 4163 ego
2651 4095 2955 4163 confirmavi
3001 4096 3269 4151 columnas
3313 4097 3447 4165 ejus.

1900 4185 2023 4240 Htec
2066 4201 2227 4256 porro
2276 4184 2629 4256 praecedentis
2676 4186 2866 4255 psalmi
2908 4186 3067 4241 dictis
3093 4186 3267 4241 aﬂinia
3296 4196 3443 4252 sunt,

1900 4277 2068 4334 Terra
2111 4280 2377 4349 siquidem
2405 4279 2623 4334 obsessa
2656 4287 2709 4332 et
2740 4279 2850 4349 igni
2881 4280 3096 4340 tradita.
3124 4280 3194 4351 ,de
3226 4297 3329 4351 qua
3359 4283 3448 4336 di-

1900 4371 2119 4426 cebatur
2142 4388 2239 4425 :--
2259 4370 2425 4437 Quasi
2440 4370 2494 4423 in
2510 4371 2641 4424 silva
2660 4369 2918 4439 lignorum
2948 4371 3212 4425 securibus
3246 4374 3443 4427 excide-

1899 4473 2021 4517 runt
2038 4463 2234 4533 januas
2266 4463 2383 4532 ejus
2412 4462 2468 4515 in
2498 4456 2745 4530 idipsum,
2776 4464 2830 4516 in
2857 4462 3028 4515 securi
3058 4470 3108 4515 et
3133 4464 3278 4521 ascia
3310 4462 3422 4531 deje

246 4559 381 4637 πυρὶ
397 4558 776 4631 παραδοθεῖσα,
809 4557 937 4629 περὶ
958 4552 1026 4630 ἦς
1058 4557 1274 4629 ἐλέγετο
1291 4577 1377 4601 ·-
1391 4561 1482 4627 Ὡς
1506 4563 1575 4615 ὲν
1603 4562 1800 4633 δρυμῷ
1830 4572 1875 4627 D
1901 4572 1942 4609 ct

1746 4563 1800 4629 ιῷ
1830 4572 1875 4627 D
1901 4564 2077 4616 cerunt
2096 4571 2229 4608 eam.
2259 4552 2605 4608 Incenderunt
2650 4554 2764 4622 igne
2804 4553 3163 4606 sanctuarium
3191 4559 3355 4615 tuum,
3393 4554 3442 4605 in

246 4650 447 4716 ξύλων
475 4650 708 4719 ἀξίναις
734 4651 966 4721 ἔκοψαν
1007 4652 1115 4719 τὰς
1156 4654 1338 4722 θύρας
1367 4655 1555 4723 αὐτῆς
1584 4657 1683 4709 ἐπὶ
1733 4656 1799 4711 τὸ

245 4742 415 4805 αὐτὸ,
444 4741 515 4795 ὲν
543 4740 754 4797 uelum
782 4758 857 4796 κα
903 4742 1273 4813 λαξευτηρίῳ
1299 4744 1665 4815 κατέρῤαξαν
1689 4749 1797 4801 αὺ-

247 4831 380 4898 τήν.
430 4833 790 4902 ἐνεπύρισαν
828 4834 901 4886 ἐν
933 4834 1076 4902 πυρὶ
1122 4835 1187 4888 τὸ
1240 4835 1624 4905 ἀγιαστήριόν
1656 4852 1796 4902 σου,

242 4926 327 4989 είς
350 4922 465 4992 τὴν
482 4923 596 4994 γῆν
607 4924 983 4991 ἐϐεϐήλωσαν
1002 4925 1067 4978 τὸ
1079 4926 1364 4997 σκήνωμα
1380 4928 1484 4981 τοῦ
1508 4929 1795 4997 ὀνόματός

241 5029 358 5067 σου
378 5015 639 5069 ·-ταῦτα
662 5015 908 5070 παθοῦσα
935 5016 1129 5087 ἐτάκη,
1166 5020 1257 5072 καὶ
1303 5019 1501 5081 πάντες
1530 5021 1579 5071 οί
1607 5037 1791 5073 κατοι-

242 5104 461 5169 κοῦντες
484 5106 653 5177 αὐτὴν
684 5108 773 5163 διὰ
811 5108 908 5173 τὰς
937 5108 1189 5172 ἀσεϐείας
1234 5109 1410 5163 αὐτῶν
1454 5109 1673 5163 τοιαῦτα
1704 5128 1795 5164 πε-
1828 5178 1829 5181 η

243 5188 488 5245 πόνθασι.
520 5192 666 5265 Πλὴν
688 5224 693 5233 π
712 5196 915 5250 τούτων
940 5196 1325 5266 ἀπολλυμένων
1344 5237 1357 5261 ,
1405 5194 1519 5267 ἐγὼ
1535 5237 1551 5261 ,
1602 5200 1787 5271 φησὶν,

239 5278 572 5348 acceptum
594 5284 737 5351 τοὺς
761 5287 1027 5352 στύλους
1044 5285 1253 5354 αὐτῆς.
1273 5287 1436 5348 Τίνας
1458 5286 1501 5339 δ’
1529 5285 1594 5339 ἂν
1617 5288 1803 5354 εῐποις.

239 5369 459 5433 τούτους
495 5370 682 5442 ἥτοὺς
733 5374 916 5445 ἱεροὺς·
937 5374 1262 5436 ἀποστόλους
1280 5374 1373 5427 καὶ
1422 5375 1629 5441 πάντας
1663 5381 1789 5445 τοὺς

238 5460 331 5514 τοῦ
361 5461 613 5534 Σωτῆρος
646 5463 803 5535 ἡμῶν
848 5465 1094 5543 μαθητάς
1134 5483 1194 5519 τε
1240 5465 1332 5519 καὶ
1361 5456 1785 5538 εὐαγγελιστάς;

254 5549 342 5618 Ἐξ
368 5552 537 5624 αὐτῆς
555 5551 666 5634 γὰρ
697 5553 908 5624 ἐκείνης
935 5555 1286 5627 προελθόντες
1306 5552 1404 5623 τῆς
1440 5554 1561 5625 γῆς,
1604 5561 1784 5615 στῦλοι

1902 4659 2041 4702 terra
2058 4647 2351 4714 polluerunt
2378 4646 2767 4700 tabernaculum
2786 4644 3006 4700 nominis
3033 4644 3107 4696 tui
3138 4642 3217 4709 ³⁸;
3244 4671 3314 4683 -—
3334 4644 3445 4699 hac

1899 4730 2082 4810 passa,
2115 4738 2403 4809 liquefacta
2434 4748 2551 4804 est;
2585 4746 2637 4792 et
2662 4752 2767 4790 una
2793 4751 2981 4790 omnes
3008 4739 3100 4805 qui
3132 4735 3448 4791 habitabant

1897 4833 1950 4886 in
1983 4847 2046 4887 ea
2078 4833 2409 4901 impietatum
2438 4845 2658 4886 suarum
2689 4844 2855 4885 causa
2887 4830 3001 4884 haec
3031 4832 3271 4902 perpessi
3299 4839 3444 4886 sunt.

1897 4922 2158 4976 Caeterum
2204 4923 2288 4976 his
2336 4921 2705 4990 pereuntibus,
2744 4938 2858 4993 ego,
2900 4923 3096 4992 inquit,
3144 4913 3447 4993 conﬁrmavi

1894 5011 2341 5080 columnarejus.
2371 5010 2517 5077 Quas
2560 5027 2654 5067 eas
2696 5026 2817 5069 esse
2857 5014 3081 5077 dixeris,
3108 5015 3212 5069 nisi
3259 5029 3445 5071 sacros

1895 5103 2170 5174 apostolos
2212 5110 2267 5157 et
2313 5118 2500 5161 omnes
2534 5101 2838 5159 Servatoris
2872 5106 3041 5160 nostri
3067 5105 3361 5175 discipulos
3390 5114 3445 5161 et

1894 5194 2283 5264 cvangelistas?
2334 5192 2468 5248 Nam
2512 5209 2634 5248 cum
2682 5209 2748 5249 ex
2778 5194 2986 5249 readem
3034 5204 3174 5248 terra
3212 5192 3443 5262 prodiis—

1895 5295 2033 5349 sent,
2063 5285 2327 5339 columnae
2350 5294 2404 5340 et
2438 5286 2832 5340 ﬁrmamentum
2862 5283 3113 5339 Ecclesiae
3141 5284 3267 5337 facti
3289 5292 3436 5339 sunt.

1893 5379 2234 5446 Quapropter
2288 5375 2491 5433 Paulus
2534 5378 2901 5448 apostolorum
2942 5374 3253 5446 coryphaeos
3287 5376 3441 5430 colu-

1891 5484 2045 5523 mnas
2068 5468 2292 5522 vocabat
2323 5469 2510 5524 dicens
2542 5467 2804 5523 :Jacobus
2830 5476 2879 5520 et
2910 5463 3109 5534 Cephas
3124 5473 3172 5519 et
3187 5463 3438 5530 Joannes,
3494 5488 3499 5493 ·

1888 5561 1978 5633 qui
2012 5556 2248 5611 videntur
2285 5558 2538 5613 cblumnce
2562 5575 2672 5613 esse
2694 5559 2758 5612 ³⁸.

234 5644 332 5698 καὶ
387 5644 664 5717 ἑδραίωμα
719 5647 972 5731 γεγόνασι
1019 5647 1116 5719 τῆς
1166 5648 1504 5718 Ἐκκλησίας.
1547 5650 1636 5702 Διὸ
1681 5653 1774 5706 καί⁸
1822 5653 2029 5715 Παῦλος
2096 5652 2220 5713 τοὺς
2280 5651 2619 5720 ,κορυφαίους
2687 5648 2791 5701 τῶν
2849 5644 3157 5721 ἀποστόλων
3219 5644 3439 5713 στύλους

240 5736 486 5805 ὠνόμαζε
509 5737 707 5808 λέγων·
738 5737 1001 5805 Ἰάκωϐος
1027 5739 1123 5793 καί
1149 5738 1354 5809 Κηφᾶς
1379 5740 1475 5794 καὶ
1502 5740 1796 5810 Ἰωάννης,
1825 5747 1880 5798 ot
1911 5743 2232 5809 δοκοῦντες
2260 5741 2467 5796 στῦλοι
2496 5737 2666 5795 εἶναι.
2736 5740 2741 5745 ’

294 5918 341 5944 ³⁸
380 5917 523 5971 Psal.
561 5931 635 5984 ιι,
672 5916 725 5971 8.
802 5919 845 5947 ³·
883 5924 1001 5993 Act.
1035 5932 1102 5984 ι,
1136 5917 1223 5974 54.
1301 5921 1345 5951 ³⁷
1383 5918 1538 5973 Rom.
1574 5932 1623 5983 ι,
1660 5920 1744 5986 16,
1780 5885 1865 5976 ti.
1942 5923 1984 5955 ³⁸

1383 5918 1538 5973 Rom.
1574 5932 1623 5983 ι,
1660 5920 1744 5986 16,
1780 5885 1865 5976 ii.
1942 5923 1984 5955 ³⁸
2020 5920 2165 5983 Psal,
2204 5934 2399 5986 LXXIII,
2438 5922 2551 5975 5-7.
2628 5920 2671 5952 εν
2710 5919 2883 5974 Gaiat.
2919 5932 2991 5982 ιι,
3025 5917 3058 5968 9
