4294 6398
808 509 904 564 δτι

1457 492 1732 559 ΕΗὸΕΒΙῘ
1759 499 2225 557 CASSABIENSIS
2260 498 2405 554 OPI’.
2441 499 2618 554 PARS
2653 499 2736 556 ΙΙΙ.
2768 532 2833 541 -
2869 499 3264 554 EXEGETICA.

3847 499 3952 557 872

874 617 1035 671 Vens.
1063 619 1115 679 5,
1150 617 1202 670 6.
1243 616 1364 669 Dixi
1396 617 1584 685 iniquis
1612 630 1630 667 :
1663 615 1838 668 Nolite
1877 615 2048 684 inique
2076 629 2258 682 agere;
2284 621 2333 664 et
2361 616 2405 670 Α
2501 609 2570 665 Εἴ

2257 633 2258 638 η
2284 621 2333 664 et
2361 616 2405 670 A
2501 609 2654 666 Εἴπα
2690 614 2809 679 τοῖς
2841 613 3264 687 παρανομοῦσι,
3294 610 3388 677 Μὴ
3417 611 3824 679 παρανομεῖτε,
3855 614 3953 668 καὶ

802 708 1204 777 delinquentibus
1221 723 1238 758 :
1255 707 1425 759 Nolite
1442 706 1674 760 exaltare
1697 722 1873 759 cornu.
1890 705 2180 759 Columnas
2207 705 2325 772 qui-

802 797 920 850 dem
946 803 1143 850 sancta
1170 804 1223 848 et
1245 794 1520 849 catholicae
1545 791 1797 848 Ecclesiae
1819 808 1940 862 ego,
1965 793 2135 861 inquit
2163 789 2324 856 Deus,

802 886 1023 948 ﬁrmavi,
1067 894 1247 954 utpote
1289 886 1380 954 qui
1423 899 1487 944 ex
1535 894 1826 939 memorata
1863 891 2006 937 terra
2045 881 2327 953 liquefacta

801 989 920 1028 eum
969 973 1357 1042 habitatoribus
1399 974 1533 1039 suis,
1571 975 1717 1044 ipsos
1759 974 2044 1042 elegerim;
2091 973 2327 1042 reliquos

802 1079 928 1118 vero
959 1071 1296 1127 contestatns
1317 1079 1459 1128 sum,
1487 1062 1802 1132 praecipiens
1829 1063 1935 1115 illis
1965 1062 2217 1130 ipsosque
2235 1073 2330 1116 eo-

801 1161 1022 1211 hortans
1068 1165 1126 1211 ut
1159 1171 1242 1212 'ne
1270 1158 1448 1224 inique
1475 1164 1711 1224 agerent.
1749 1152 2051 1207 Secundum
2082 1152 2325 1223 δγιιιιιεο

795 1249 954 1300 chum
973 1261 1100 1300 vero
1126 1265 1139 1299 :
1170 1245 1294 1298 Dixi
1318 1245 1597 1310 seditiosis,
1619 1243 1809 1312 inquit,
1832 1242 1911 1295 Ne
1939 1242 2178 1296 seditiose
2199 1241 2329 1313 aga-

795 1337 860 1388 tis
879 1351 896 1398 ,'
913 1345 961 1388 et
994 1335 1204 1403 iniquis,
1257 1333 1433 1386 Nolite
1455 1333 1685 1386 exaltare
1713 1348 1890 1386 cornu.
1920 1331 2000 1385 Ne
2028 1331 2256 1384 extollite
2276 1330 2329 1384 in

794 1427 962 1478 altum
1006 1441 1166 1478 cornu
1205 1434 1428 1478 vestrum
1471 1423 1729 1492 loquentes
1772 1424 1961 1475 cervice
1985 1422 2325 1490 iniquitatem.

795 1512 991 1568 Eadem
1017 1529 1148 1568 .vero
1179 1513 1292 1583 ipsa
1319 1523 1543 1582 possunt
1562 1513 1638 1565 .ad
1662 1513 1824 1565 alium
1851 1513 2111 1574 ordinem,
2141 1527 2326 1566 eorum

797 1603 1040 1657 videlicet
1088 1604 1176 1671 qui
1220 1618 1281 1655 ex
1335 1603 1742 1656 circumcisione
1795 1611 1939 1665 sunt,
1983 1603 2190 1662 referri,
2235 1603 2328 1672 qui

795 1701 983 1748 contra
1011 1691 1344 1746 Servatorem
1375 1691 1685 1744 seditionem
1723 1699 2020 1756 moverunt,
2055 1699 2108 1744 et
2139 1691 2328 1746 adver-

795 1790 888 1829 sus
938 1792 1057 1830 eum
1108 1779 1801 1845 insurrexeruutzquorum
1835 1792 1999 1832 causa
2043 1765 2327 1846 liquefacta

793 1874 876 1921 est
905 1875 1045 1921 terra
1074 1882 1258 1921 eorum
1291 1875 1343 1921 et
1368 1881 1554 1921 omnes
1583 1868 1672 1935 qui
1707 1868 2019 1921 habitabant
2041 1869 2093 1921 in
2114 1867 2328 1921 ea.Cae-

792 1964 963 2012 terum
993 1959 1242 2013 omnibus
1273 1973 1486 2029 quoque
1513 1973 1608 2027 per
1630 1958 1812 2012 orbem
1837 1959 2085 2026 gentibus
2112 1967 2326 2027 aposto-

793 2048 962 2102 lorum
987 2049 1361 2117 praedicatione
1379 2050 1693 2103 testillcatus
1715 2055 1818 2109 est,
1837 2055 1890 2102 ut
1919 2064 1985 2103 ne
2005 2048 2184 2116 inique
2203 2063 2326 2117 age-

791 2147 930 2202 rent,
947 2147 1000 2193 et
1023 2139 1394 2207 peccatoribus
1415 2146 1474 2191 ut
1501 2153 1568 2192 ne
1591 2138 1788 2207 peccati
1819 2153 1984 2192 cornu
2007 2138 2322 2201 exaltarent,

792 2244 963 2297 neque
1008 2244 1128 2284 sese
1165 2228 1416 2283 eﬂ'errent
1440 2235 1495 2282 et
1537 2235 1850 2298 arroganter
1895 2237 2135 2303 agerent,
2153 2242 2326 2296 neque

792 2318 1139 2386 loquerentur
1169 2318 1424 2373 adversus
1450 2317 1613 2373 Deum
1638 2319 1999 2388 iniquitatem:
2029 2318 2171 2389 quod
2196 2332 2325 2373 sane

796 2415 922 2461 ante
964 2408 1191 2476 agebant
1219 2421 1340 2461 cum
1370 2408 1740 2478 multiplicium
1769 2407 1988 2463 deorum
2011 2410 2181 2462 errori
2206 2409 2324 2462 ani-

790 2511 936 2550 mum
971 2498 1302 2558 adhiberent.
1331 2506 1384 2552 et
1411 2495 1573 2552 Deum
1598 2499 1965 2557 universorum
1995 2491 2320 2568 ignorarent.

860 2586 1020 2642 Vens.
1055 2587 1166 2641 7-9.
1210 2589 1347 2654 Quia
1378 2605 1534 2658 neque
1573 2587 1636 2641 ab
1671 2589 1882 2652 oriente,
1921 2603 2074 2658 neque
2099 2587 2162 2639 ab
2188 2589 2324 2641 occi-

789 2678 954 2742 dente,
977 2697 1132 2750 neque
1165 2698 1196 2733 a
1225 2680 1438 2733 desertis
1472 2681 1749 2740 montibus,
1780 2681 2022 2750 quoniam
2065 2678 2204 2733 Deus
2228 2678 2321 2746 ju-

786 2770 886 2821 dea:
927 2779 1021 2822 est.
1053 2769 1113 2823 Et
1154 2769 1265 2824 hac
1304 2784 1538 2839 quoque,
1586 2770 1683 2832 ait,
1721 2786 1815 2839 per
1864 2771 2131 2838 apostolos
2177 2782 2323 2822 meos

788 2861 1042 2916 omnibus
1060 2859 1365 2914 hominibus
1393 2858 1714 2914 testiﬁcatus
1755 2875 1895 2921 sum,
1925 2869 1982 2912 ut
2010 2857 2198 2926 iudicii
2231 2855 2324 2911 Dei

788 2949 1216 3010 recordarcntur,
1245 2959 1296 3003 et
1334 2950 1511 3002 omnis
1539 2949 1840 3017 iniquitatis
1874 2949 2029 3002 linem
2065 2947 2320 3011 facerent,

789 3038 1028 3105 persuasi
1070 3038 1435 3091 universorum
1461 3037 1696 3104 judicem
1739 3052 1843 3090 non
1872 3036 2058 3104 procul
2093 3036 2279 3091 abesse
2303 3076 2319 3101 ,

789 3127 881 3180 sed
933 3127 1112 3179 omnia
1168 3127 1407 3195 implere,
1452 3135 1506 3181 et
1558 3127 1756 3198 ubique
1818 3134 2130 3195 praesentem
2178 3142 2317 3182 esse.

790 3216 966 3282 Quare
997 3218 1249 3271 convenit
1290 3233 1389 3272 nos
1435 3218 1588 3289 quasi
1632 3216 1686 3270 in
1731 3218 1901 3272 oculis
1939 3217 2056 3287 ejus
2082 3218 2320 3273 viventes
2347 3239 2387 3295 ο

794 3308 973 3361 animo
1003 3309 1066 3361 ad
1098 3323 1218 3361 eum
1263 3324 1523 3364 converso
1565 3311 1774 3379 degere.
1810 3308 1989 3378 Neque
2027 3309 2168 3363 enim
2194 3297 2318 3377 pro-

789 3398 877 3450 cul
907 3399 1076 3456 abest.
1107 3399 1175 3450 ita
1208 3408 1265 3452 ut
1297 3400 1615 3454 arbitremur
1641 3415 1760 3454 eum
1788 3400 1940 3469 longe
1970 3414 2000 3452 ιι
2030 3401 2184 3454 nobis
2224 3401 2318 3454 ba-

792 3489 979 3550 bitare,
1021 3489 1132 3542 sive
1174 3490 1227 3543 in
1276 3489 1502 3549 oriente,
1537 3489 1650 3543 sive
1709 3489 1764 3542 in
1791 3490 2086 3553 occidente,
2127 3490 2238 3543 sive
2263 3490 2316 3542 in

788 3579 1016 3632 desertis
1043 3587 1094 3632 et
1127 3579 1414 3634 montibus.
1447 3578 1576 3631 Nam
1617 3579 1822 3633 medius
1852 3588 1905 3631 et
1937 3592 2171 3647 praesens
2198 3580 2317 3633 uni-

790 3671 980 3734 versis,
1010 3671 1169 3738 judex
1198 3669 1435 3724 omnium
1465 3677 1566 3724 est.
1595 3669 1788 3724 Judicii
1823 3679 1998 3724 autem
2037 3670 2176 3725 illius
2205 3671 2316 3725 olli-

788 3762 934 3812 cium
981 3768 1083 3820 est,
1115 3770 1169 3812 ut
1212 3760 1498 3828 unicuique
1545 3774 1640 3829 pro
1685 3760 1878 3813 merito
1921 3760 2138 3821 tribuat,
2172 3762 2314 3816 hunc

789 3834 1028 3902 humiliet
1054 3858 1105 3902 et
1141 3850 1281 3903 hunc
1305 3849 1532 3915 exultet;
1564 3850 1826 3918 superbos
1854 3850 2063 3918 quidem
2090 3852 2314 3922 illosque

789 3935 878 4002 qui
904 3951 1069 3990 cornu
1097 3953 1252 3991 suum
1281 3937 1334 3990 in
1361 3938 1523 3991 altum
1547 3939 1807 3992 extollunt
1836 3939 2108 4004 humiliet,
2142 3942 2315 3995 humi-

791 4027 866 4079 les
896 4039 1020 4080 vero
1048 4028 1260 4090 exaltet,
1293 4028 1584 4082 secundum
1618 4028 1744 4081 illud
1777 4048 1788 4083 :
1821 4028 1955 4083 Deus
1981 4032 2208 4097 superbis
2237 4048 2315 4083 re—

788 4116 946 4176 sistit,
974 4116 1250 4169 humilibus
1293 4127 1462 4169 autem
1496 4118 1586 4170 dat
1618 4121 1837 4186 gratiam
1856 4121 1918 4171 ⁸ο.
1956 4121 2312 4185 Quamobrem

789 4207 863 4258 ait
895 4224 908 4258 :
941 4205 1076 4271 Quia
1109 4221 1266 4274 neque
1294 4206 1356 4258 ab
1385 4209 1599 4268 oriente,
1630 4226 1786 4277 neque
1818 4213 1880 4263 ab
1916 4213 2190 4273 occidente,
2221 4227 2312 4262 ne-

787 4311 882 4362 que
932 4312 963 4347 a
1011 4295 1224 4348 desertis
1276 4297 1571 4359 montibus;
1615 4314 1711 4366 pro
1736 4301 1930 4368 quibus
1963 4299 2313 4370 Symmachus
2351 4291 2353 4293 ’

789 4385 868 4438 sic
897 4383 1274 4453 interpretatus
1302 4393 1382 4439 est
1416 4403 1430 4440 :
1463 4385 1580 4438 Non
1611 4388 1743 4439 enim
1778 4388 1839 4440 ab
1869 4389 2080 4452 oriente,
2114 4404 2214 4440 non
2248 4386 2311 4438 ab

788 4475 1065 4537 occidente,
1099 4493 1254 4546 neque
1285 4494 1315 4529 a
1346 4476 1545 4529 deserto
1572 4478 1820 4529 montium
1846 4491 1863 4527 :
1892 4478 1978 4529 sed
1999 4477 2136 4529 Deus
2150 4475 2312 4542 judea:

2426 704 2546 768 τοῖς
2586 703 2999 772 ἀμφτάνουσι,
3039 701 3133 770 Μὴ
3182 702 3407 770 ὐψοῦτε
3449 701 3642 767 κέρας.
3683 703 3816 765 Τοὺς
3858 704 3954 772 μέν

2427 793 2644 855 στύλους
2685 793 2780 863 τῆς
2823 793 2983 860 ἀγίας
3026 783 3440 860 ἑαΥκαθολικῆς
3475 782 3788 859 Ἐκκλησίας
3823 789 3954 858 ἐγὼ,

2425 882 2586 952 φησὶν
2615 881 2811 944 όΘιὸς.
2846 879 3180 950 ἐπιμένοι·
3203 879 3284 932 ὅτι
3303 878 3381 947 (ί)
3397 877 3744 943 militum
3761 877 3966 946 αίιῖεδς-

2417 975 2483 1026 ἐκ
2511 972 2611 1040 τῆς
2643 966 2996 1037 ἀποδοθείσης
3027 963 3131 1034 γῆς
3154 961 3412 1031 τακείσης
3457 959 3592 1030 μετά
3629 958 3736 1011 τῶν
3772 954 3979 1009 οἰκούν-

2419 1080 2526 1120 των
2559 1063 2729 1133 αὐτήν
2750 1077 2762 1091 ·
2794 1062 2904 1124 τοῖς
2948 1058 3006 1112 δὲ
3036 1049 3722 1122 λοιποῖςσδιεμαρτυράμην
3750 1048 3982 1101 διαστει-

2421 1153 2653 1226 λάμενος
2682 1151 2777 1206 καὶ
2807 1147 3142 1221 παραινέσας
3171 1141 3244 1214 μὴ
3263 1143 3613 1212 παρανομεῖν.
3635 1137 3790 1193 Κατά
3807 1137 3866 1189 δὲ
3892 1135 3985 1226 τὸν

2423 1224 2757 1316 Σύμμαχον
2801 1242 2988 1304 sua,
3036 1237 3189 1308 φησι,
3241 1233 3366 1301 τοῖς
3411 1228 3838 1293 στασιάζουσι,
3885 1224 3983 1294 Μὴ

2425 1332 2803 1394 στασιάζετε·
2859 1328 2958 1383 καί
3004 1327 3129 1392 τοῖς
3166 1323 3554 1392 παρανόμοις,
3591 1317 3686 1385 Μὴ
3717 1317 3987 1384 ἐπαίρετε

2426 1424 2624 1492 κέρας.
2685 1421 2780 1490 Μὴ
2814 1420 3084 1488 ὲπαίρετε
3131 1420 3218 1484 εὶς
3273 1415 3432 1484 ὕψος
3473 1411 3540 1465 τὸ
3590 1410 3766 1478 κέρας
3819 1404 3988 1476 ὑμῶν

2424 1513 2758 1578 λαλοῦντος
2808 1507 3084 1578 τραχήλῳ
3128 1507 3399 1576 ἀνομίαν.
3443 1502 3673 1555 Δύναται
3717 1497 3776 1550 δὲ
3816 1493 3990 1574 ταῦτα

2428 1607 2566 1679 πρὸς
2586 1605 2648 1658 τὸ
2670 1605 2854 1673 ἕτερον
2882 1602 3066 1670 τάγμα
3094 1599 3155 1652 τὸ
3177 1601 3239 1651 ἐκ
3265 1594 3561 1669 περιτομῆς
3583 1588 3854 1679 λέγεσθαι,
3880 1584 3992 1638 τῶν

2431 1677 3106 1752 καταστασιασάντωντοῦ
3144 1689 3390 1754 Σωτῆρος
3425 1685 3520 1738 καὶ
3544 1677 3996 1750 κατεπαρθέντωθ

2423 1785 2616 1827 amatr
2665 1777 2731 1824 δι’
2773 1773 2865 1836 οὒς
2920 1772 3083 1843 ἐτάκη
3113 1774 3286 1827 αὐτῶν
3329 1776 3362 1845 ἡ
3421 1778 3490 1846 γῆ
3535 1776 3628 1829 καὶ
3671 1778 3864 1840 πάντες
3904 1776 3959 1830 οε

2425 1865 2794 1928 κατοικοῦντες
2844 1868 3027 1938 αὑτήν.
3071 1868 3214 1938 Πλὴν
3264 1869 3491 1931 καὶτοῖς
3535 1870 3654 1922 καθ’
3695 1871 3820 1940 ὅλης
3857 1873 3955 1942 τῆς

2429 1956 2738 2026 οἰκουμένης
2772 1956 2943 2009 ἔθνεσι
2969 1958 3056 2010 διά
3081 1958 3171 2010 τοῦ
3199 1957 3303 2009 τῶν
3331 1958 3635 2011 ἀποστόλων
3674 1961 3956 2030 κηρύγμα-

2422 2063 2512 2108 τος
2559 2046 2894 2116 ἐμαρτύρατο
2925 2047 2996 2115 μὴ
3043 2048 3392 2116 παρανομεῖν,
3443 2048 3534 2099 καὶ
3573 2051 3680 2110 τοῖς
3706 2050 3952 2119 ἁμαρτά-

2424 2152 2568 2187 νουσι
2601 2136 2674 2204 μὴ
2715 2135 2877 2203 ὑψοῦν
2903 2136 2959 2188 τὸ
2985 2136 3082 2205 τῆς
3124 2135 3392 2206 ἁμαρτίας
3420 2137 3604 2207 κέρας,
3636 2139 3767 2208 μηδὲ
3802 2140 3954 2192 ἐπαί-

2424 2223 2607 2296 ρεσθαι
2644 2225 2735 2276 καὶ
2779 2225 3306 2295 καταθρασύνεσθαι,
3342 2226 3472 2294 μηδὲ
3515 2226 3688 2279 λαλεῖν
3740 2229 3953 2284 ἀδικίαν

2422 2314 2559 2367 κατά
2595 2313 2686 2366 τοῦ
2727 2314 2888 2367 Θεοῦ·
2932 2316 3062 2385 ὅπερ
3115 2316 3370 2385 πρότερον
3420 2315 3676 2385 ἔπραττον
3711 2320 3953 2390 πολυθέῳ

2420 2403 2769 2473 προσέχοντες
2823 2405 2994 2475 πλάνῃ
3019 2445 3034 2470 ,
3082 2405 3173 2457 καὶ
3222 2405 3312 2458 τὸν
3358 2403 3464 2457 τῶν
3510 2405 3644 2460 ὅλων
3693 2407 3821 2461 Θεὸν
3877 2412 3952 2480 μὴ

2421 2493 2633 2555 ειδότες.

2492 2584 2608 2636 Ὀτι
2638 2583 2771 2637 οὕτε
2797 2585 2910 2638 ἀπὸ
2935 2585 3178 2653 ἐξόδων,
3209 2589 3344 2642 οὔτε
3372 2590 3487 2658 ἀπὸ
3525 2590 3788 2660 δυσμῶν,
3817 2590 3953 2645 οὔτε

2419 2671 2533 2724 ἀπὸ
2575 2671 2804 2739 ἐρήμων
2839 2672 3034 2740 ὀρέων,
3063 2675 3149 2728 ὅτι
3187 2679 3220 2730 ό
3252 2677 3392 2742 Θεὸς
3431 2679 3632 2746 κριτής
3667 2680 3813 2732 ἐστι.
3844 2681 3953 2734 Καὶ

2417 2759 2604 2824 ταῦτα,
2623 2761 2772 2830 φησὶ.
2794 2761 3229 2836 διεμαρτυράμην
3253 2767 3338 2820 διὰ
3358 2769 3463 2821 τῶν
3480 2770 3625 2838 ἐμῶν
3647 2770 3954 2824 ἀποστόλων

2419 2849 2616 2905 ἅπασιν
2667 2855 3002 2925 ἀνθρώποις,
3052 2857 3399 2927 μνημονεύειν
3447 2858 3546 2928 τῆς
3583 2861 3809 2930 κρίσεως
3859 2859 3952 2912 τοῦ

2419 2940 2588 3006 Θεοῦ,
2627 2945 2731 2996 »καὶ
2774 2946 3077 2998 παύσασθαι
3124 2948 3302 3018 πάσης
3351 2951 3718 3018 παρανομίας,
3768 2968 3953 3003 πεπει-

2421 3031 2644 3100 σμένους
2687 3036 2767 3087 ὅτι
2815 3037 2874 3088 οὺ
2923 3037 3106 3106 πόρρω
3145 3054 3244 3089 που
3289 3038 3589 3110 ἀφέστηκεν
3631 3044 3660 3094 ὁ
3687 3041 3793 3094 τῶν
3817 3043 3952 3096 ὅλων

2419 3125 2607 3191 κριτής
2625 3140 2637 3152 ·
2669 3126 2842 3179 πάντα
2867 3125 2923 3177 δὲ
2948 3127 3139 3197 πληροῖ
3158 3128 3250 3180 καὶ
3289 3130 3555 3198 πανταχοῦ
3583 3131 3826 3201 πάρεστι.
3863 3133 3951 3186 Διὺ

2420 3215 2679 3283 προσήκει
2699 3215 2772 3278 ὼς
2799 3217 2856 3267 ἐν
2878 3215 3167 3286 ὀφθαλμοῖς
3189 3219 3349 3272 αὑτοῦ
3388 3219 3592 3284 ζῶντας
3618 3221 3952 3292 ἐπιστρεφῶς

2423 3302 2806 3356 πολιτεύεσθαι.
2831 3307 2905 3358 Οὐ
2925 3307 3030 3377 γὰρ
3055 3308 3263 3378 μακρὰν
3295 3309 3613 3380 ἀφέστηκεν,
3639 3311 3712 3374 ὼς
3739 3311 3951 3381 νομίσαι

2422 3392 2605 3460 πόρρω
2639 3409 2738 3444 που
2772 3394 3074 3464 ἀπῳκίσθαι
3112 3396 3299 3460 αὑτὸν,
3347 3399 3380 3468 ἦ
3429 3400 3560 3469 πρὸς
3593 3401 3781 3464 αὑταῖς
3825 3401 3953 3456 ἀνα-

2419 3482 2611 3546 τολαῖς,
2636 3484 2667 3554 ἢ
2694 3484 2832 3538 κατά
2863 3485 2931 3537 τά
2961 3486 3214 3556 δυσμιαῖα
3244 3489 3402 3558 μέρη,
3440 3491 3472 3558 ἡ
3503 3506 3602 3541 που
3633 3493 3688 3543 ἐν
3703 3492 3952 3562 ἐρημίαις

2421 3574 2512 3627 καὶ
2537 3575 2703 3644 ὄρεσι.
2747 3578 2920 3640 Μέσος
2945 3576 3050 3646 γὰρ
3088 3580 3364 3648 ἐπιπαρὼν
3395 3583 3503 3643 τοῖς
3553 3583 3724 3646 πᾶσι,
3765 3586 3951 3655 κριτὴς

2417 3665 2523 3718 τῶν
2546 3667 2680 3720 ὅλων
2712 3669 2843 3720 ἐστί.
2881 3670 3075 3739 Ἔργον
3101 3687 3159 3722 τε
3189 3670 3348 3722 αὑτοῦ
3369 3671 3468 3738 τῆς
3496 3672 3723 3740 κρίσεως
3753 3674 3811 3726 τὸ
3833 3676 3951 3728 κατ’

2418 3755 2568 3819 ἀξίαν
2594 3757 2880 3826 ἀπονέμειν
2919 3760 3144 3826 ἑκάστῳ,
3181 3760 3271 3809 καὶ
3307 3759 3487 3812 τοῦτον
3529 3761 3625 3829 μὲν
3649 3763 3948 3825 ταπεινοῦν,

2415 3847 2597 3901 τοῦτον
2644 3848 2698 3899 δὲ
2729 3847 2924 3915 ὑψοῦν·
2966 3847 3244 3901 ταπεινοῦν
3291 3848 3386 3917 μὲν
3411 3850 3535 3910 τοὺς
3579 3851 3952 3920 ὑπερηφάνους

2417 3942 2508 3993 καὶ
2558 3943 2681 4003 τοὺς
2735 3942 3049 4011 ἐπαίροντας
3103 3942 3179 4003 είς
3238 3939 3367 4008 ὕψος
3413 3941 3682 4012 τὸ·κέρας
3741 3943 3947 3998 αὐτῶν·

2418 4030 2580 4098 ὑψοῦν
2616 4032 2672 4084 δέ
2696 4034 2830 4094 ’τοὺς
2858 4033 3164 4096 ταπεινοὺς,
3194 4033 3334 4085 κατά
3360 4032 3419 4084 τό
3439 4047 3452 4060 ·
3494 4034 3557 4085 '0
3587 4034 3726 4099 Θεὸς
3771 4037 3947 4102 ὑπερ-

2416 4120 2662 4187 ηφάνοις
2700 4120 3142 4184 ἀντιτάσσεται,
3191 4121 3484 4187 ταπεινοῖς
3513 4122 3580 4174 δὲ
3619 4122 3817 4176 δίδωσι
3843 4124 3950 4192 χά-

2409 4227 2526 4274 ριν.
2572 4211 2660 4262 Διό
2708 4228 2897 4281 φησιν·
2932 4213 3048 4264 Ὅτι
3093 4213 3227 4265 οὔτε
3281 4214 3397 4266 ἀπὸ
3429 4212 3648 4277 ἐξόδων
3699 4213 3794 4266 καὶ
3830 4214 3947 4268 ἀπὸ

2415 4298 2720 4350 ἀνατολῶν
2735 4299 2929 4362 risi/0v,
2947 4299 3081 4352 οὔτε
3104 4299 3219 4352 ἀπὸ
3245 4300 3504 4368 δυσμῶν,
3529 4302 3661 4354 οὔτε
3678 4301 3794 4354 ἀπὸ
3811 4301 3947 4370 ἐρή-

2410 4405 2538 4455 μων
2581 4389 2786 4454 όρέων·
2813 4390 2924 4440 ἀνθ’
2948 4383 3020 4441 ὧν
3049 4393 3076 4444 ὁ
3115 4393 3400 4461 Σύμμαχος
3426 4391 3608 4444 τοῦτον
3639 4394 3946 4462 ἡρμήνευσε

2414 4479 2503 4530 τὸν
2526 4479 2747 4546 τρόπον’
2787 4482 2866 4532 Οὐ
2905 4483 3011 4549 γὰρ
3047 4483 3162 4535 ἀπὸ
3191 4482 3503 4550 ἀνατολῆς,
3533 4482 3670 4535 οὐδὲ
3701 4483 3814 4535 ἀπὸ
3848 4483 3949 4534 δύ-

790 4564 923 4616 Ιιιιιισ
949 4565 1149 4633 quidem
1179 4566 1436 4632 humiliat,
1469 4566 1600 4618 hunc
1631 4576 1800 4618 autem
1831 4567 2049 4619 exultat.
2097 4565 2160 4617 Et
2209 4565 2315 4620 hoc
2345 4569 2387 4624 Ι)
2415 4583 2486 4618 σε

2252 4580 2315 4620 oc
2345 4569 2387 4624 Ι)
2415 4583 2582 4631 σεως.
2617 4566 2756 4619 οὐδὲ
2782 4568 2897 4620 ἀπὸ
2937 4569 3153 4636 ἐρήμου
3183 4572 3386 4636 ὀρέων·
3420 4571 3554 4624 ἀλλ’
3592 4573 3623 4622 ό
3656 4569 3796 4632 Θεὸς
3830 4585 3948 4634 κρι-

791 4659 938 4719 saue,
973 4657 1160 4722 inquit,
1197 4657 1556 4711 necessarium
1599 4665 1681 4711 est
1725 4671 1909 4709 omnes
1951 4654 2194 4708 homines
2221 4667 2314 4705 co-

787 4761 1062 4813 gnoscere,
1121 4745 1255 4811 Quia
1302 4747 1440 4799 calix
1484 4748 1536 4799 in
1580 4762 1738 4805 manu
1791 4745 2000 4798 Domini
2041 4744 2144 4796 vini
2187 4741 2314 4794 meri

787 4835 964 4900 plenus
994 4833 1165 4887 misto.
1189 4833 1255 4886 Et
1288 4835 1548 4888 inclinavit
1591 4851 1654 4888 ex
1699 4835 1791 4886 hoc
1818 4835 1869 4886 in
1902 4834 1994 4886 hoc
2012 4851 2028 4896 ;
2059 4841 2313 4886 verumta-

789 4943 900 4977 men
929 4926 1031 4993 fies:
1056 4926 1166 4994 ejus
1193 4942 1293 4977 non
1318 4935 1393 4977 est
1415 4925 1701 4988 exinanita,
1733 4924 1898 4976 bibent
1931 4940 2102 4976 omnes
2134 4938 2314 4992 pecca-

791 5029 923 5070 tores
968 5029 1135 5071 terra'.
1189 5015 1488 5084 Secundum
1539 5012 1912 5081 Symmachum
1959 5029 2086 5067 vero
2119 5033 2130 5066 :
2160 5014 2314 5067 Calia:

787 5109 920 5159 enim
953 5107 1005 5158 in
1036 5123 1192 5159 manu
1222 5104 1448 5165 Domini,
1482 5112 1530 5155 et
1560 5103 1730 5154 vinum
1765 5117 1957 5153 merum
2007 5102 2204 5169 replens
2237 5102 2314 5169 ef-

789 5200 980 5266 fusum,
1009 5199 1082 5249 ita
1126 5206 1182 5249 ut
1231 5197 1443 5248 trahant
1488 5194 1550 5245 ab
1596 5193 1724 5258 ipso.
1763 5179 2118 5245 verumtamen
2165 5192 2313 5260 fraces

787 5292 898 5358 ejus
923 5288 1161 5357 guttatim
1187 5286 1470 5351 expriment
1499 5282 1715 5334 bibentes
1740 5280 1956 5346 improbi
1996 5291 2164 5334 terror.
2192 5279 2314 5333 Haec

788 5383 935 5440 item,
968 5378 1064 5438 ait,
1091 5392 1278 5430 omnes
1307 5375 1547 5428 homines
1586 5371 1763 5434 docui,
1795 5387 1861 5425 ne
1910 5380 2153 5439 ignorent
2185 5371 2315 5426 rali-

787 5484 898 5519 rem
949 5467 1095 5519 illum
1143 5478 1326 5516 omnes
1374 5475 1606 5522 manere,
1633 5475 1788 5528 quem
1837 5460 2029 5528 cuique
2057 5465 2315 5528 temperat

785 5572 836 5608 ct
887 5555 1198 5608 commiscet
1255 5555 1622 5606 universorum
1665 5549 1846 5618 judex.
1881 5548 1988 5603 Hoc
2037 5565 2195 5618 porro
2233 5551 2308 5603 in-

789 5645 996 5710 telligas
1041 5658 1105 5695 ex
1154 5643 1242 5703 iis,
1272 5657 1389 5710 qua:
1433 5643 1485 5694 in
1532 5641 1820 5710 prophetiis
1848 5639 1913 5695 dc
1939 5643 2104 5697 calice
2133 5642 2314 5696 lerun-

857 5733 900 5762 ⁵ο
938 5731 1048 5784 Jac.
1086 5747 1154 5792 ιν,
1187 5732 1237 5784 6.

849 5823 921 5888 (l)
955 5823 1032 5873 An
1068 5822 1343 5892 legendum
1373 5824 1503 5874 ire?
1531 5823 1680 5876 Εοιτ.

2417 4655 2522 4721 τὴς
2559 4654 2768 4707 τοῦτον
2801 4654 2915 4722 μὲν
2962 4657 3234 4720 ταπεινοῖ,
3275 4658 3484 4710 τοῦτον
3529 4655 3596 4708 δὲ
3633 4655 3792 4722 urbor”.
3838 4656 3948 4708 Kal.

2413 4744 2566 4797 τοῦτο
2583 4745 2658 4809 δὲ,
2676 4746 3147 4814 φησὶν,ἀναγκαῖον
3169 4747 3359 4799 εἰδέναι
3390 4747 3588 4804 πάντας
3615 4745 3707 4796 ἀνθ
3717 4743 3943 4814 ρώπους,

2417 4834 2533 4886 Ὅτι
2576 4833 2853 4901 ποτήριον
2900 4833 2967 4885 ἐν
3004 4834 3149 4902 χειρὶ
3195 4835 3411 4901 Κυρίου
3455 4833 3620 4885 οἴνου
3667 4832 3944 4898 ἀκράτου,

2413 4923 2634 4990 πλῆρες
2676 4922 3056 4990 κεράσματος.
3103 4923 3212 4976 Καὶ
3249 4925 3485 4977 ἔκλινεν
3523 4924 3589 4974 ἐκ
3628 4924 3833 4974 τούτου
3863 4924 3948 4986 εἰς

2411 5014 2610 5066 τοῦτο’
2641 5013 2805 5080 πλὴν
2847 5015 2880 5065 ό
2924 5014 3173 5081 τρυγὶαςι
3191 5015 3372 5068 αὑτοῦ
3423 5015 3530 5065 οὐκ
3583 5009 3944 5077 ἐξεκενώθη,

2412 5105 2641 5157 πίονται
2670 5103 2888 5167 πάντες
2932 5105 2985 5154 ol
3029 5103 3354 5170 ἁμαρτωλοὶ
3387 5102 3493 5167 τῆς
3535 5099 3661 5170 γῆς.
3696 5099 3848 5154 Κατά
3888 5100 3945 5152 δὲ

2411 5196 2500 5248 τὸν
2525 5195 2810 5265 Σύμμαχον
2829 5192 3165 5260 ⁸-11οτὴριον
3187 5195 3296 5262 τὰρ
3319 5194 3388 5244 ὲν
3413 5204 3554 5260 χειρι
3587 5193 3822 5258 Κυρίου,
3847 5189 3944 5242 καί

2412 5283 2570 5350 οἶνος
2616 5284 2866 5350 ἄκρατος
2918 5281 3160 5350 πληρῶν
3196 5283 3466 5349 ἐκχυθεὶς
3496 5320 3508 5344 ,
3551 5282 3703 5347 ὥστε
3750 5281 3946 5334 ἕλκειν

2412 5377 2511 5428 ἀπ’
2544 5375 2745 5428 αὑτοῦ.
2775 5372 2944 5438 Πλὴν
2979 5374 3084 5436 τὰς
3113 5373 3351 5440 τρυγίας
3378 5373 3560 5427 αὐτοῦ
3603 5370 3944 5439 ἐκστραγγί-

2412 5481 2589 5519 σουσι
2622 5466 2896 5528 πίνοντες
2934 5465 2988 5515 ol
3044 5463 3259 5529 φαῦλοι
3290 5463 3396 5531 τῆς
3433 5464 3560 5534 γῆς.
3595 5464 3701 5517 Καὶ
3749 5463 3942 5522 ταῦτα.

2411 5556 2594 5624 φησὶν,
2619 5553 2829 5618 ἐδίδαξα
2851 5553 3053 5613 πάντας
3080 5551 3412 5623 ἀνθρώπους,
3431 5555 3503 5616 ὡς
3524 5553 3587 5607 ἀν
3617 5555 3690 5624 μὴ
3714 5553 3941 5623 ἀγνοεῖν,

2412 5645 2490 5697 ὅτι
2525 5642 2800 5714 περιμένει
2819 5642 2940 5704 τοὺς
2963 5643 3162 5707 πάντας
3187 5643 3246 5694 τὸ
3273 5645 3542 5713 ποτήριον,
3574 5644 3707 5711 ὅπερ
3732 5641 3862 5694 tudo
3881 5657 3942 5708 τῳ
