4294 6412
316 532 416 589 873

1398 529 1889 587 counsut‘ama
1929 532 1995 586 IN
2026 520 2342 588 ‘PSALMGS
2440 565 2447 570 -

3345 539 3444 594 874

313 646 555 716 κίρνησιν
581 647 608 699 ὁ
646 643 749 699 τῶν
769 644 901 697 ὅλων
932 643 1135 713 κριτής.
1183 642 1409 711 Νοήσεις
1456 643 1511 695 δὲ
1538 642 1691 695 τοῦτο
1729 644 1827 695 άπὸ

1932 649 2047 706 tur;
2099 642 2154 696 in
2194 640 2421 696 Ieremia
2452 643 2645 711 quippe
2688 642 2944 711 scriptum
2988 652 3069 699 est
3109 664 3121 698 :
3162 645 3309 700 Dixit
3342 648 3447 703 Do-

312 733 415 786 τῶν
445 735 502 785 ὲν
526 734 643 795 ταῖς
663 731 1009 802 προφητείαις
1037 731 1361 800 λελεγμένων
1386 734 1512 801 περὶ
1551 733 1801 803 ποτηρίου
1820 749 1831 761 ·

312 822 609 891 γέγραπται
649 821 777 889 γοῦν
802 823 860 873 ὲν
892 820 1121 890 Ἱερεμίᾳ
1150 821 1347 883 οὕτως·
1381 816 1522 873 Eine
1558 822 1764 888 Κύριος
1805 825 1837 875 ό

313 911 452 974 Θεὸς
513 910 746 977 Ἰσραὴλ
791 909 935 976 πρὸς
982 908 1074 977 μέ·
1130 907 1281 962 Λάϐε
1315 912 1380 961 τὸ
1424 908 1698 976 ποτήριον
1732 911 1835 963 τοῦ

310 998 473 1053 οινου
500 997 603 1050 τοῦ
626 997 877 1065 ἀκράτου
902 998 969 1051 ἐκ
989 999 1178 1065 χειρός
1191 1014 1329 1065 μου,
1346 998 1439 1051 καί
1462 997 1677 1063 ποτιεῖς
1695 998 1835 1051 αὐτὸ

310 1087 500 1140 πάντα
526 1085 597 1139 τὰ
624 1086 785 1153 ἔθνη,
820 1086 965 1153 πρὸς
992 1086 1030 1139 ά
1056 1086 1166 1153 ἐγὼ
1195 1085 1570 1149 ἐξαποστελῶ
1600 1103 1670 1140 σε
1692 1087 1837 1155 πρὸς

307 1175 541 1239 αὐτούς.
575 1176 682 1227 Kal
730 1176 962 1229 πίονται
997 1175 1092 1227 καὶ
1123 1174 1483 1243 ἐξεμοῦνται,
1528 1175 1623 1229 καὶ
1660 1177 1834 1245 ἐκμα-

304 1264 587 1329 νήσονται
626 1264 742 1318 ἀπὸ
782 1264 1096 1333 προσώπου
1135 1264 1241 1331 τῆς
1272 1264 1581 1332 μαχαίρας,
1614 1262 1689 1334 ἧς
1724 1268 1835 1335 ἐγὼ

303 1352 613 1408 ἀποστελῶ
642 1352 939 1420 ἁναμέσον
965 1352 1177 1409 αὐτῶν.
1204 1353 1311 1406 Καὶ
1335 1353 1550 1407 ἔλαϐον
1570 1352 1635 1406 τὸ
1660 1355 1836 1421 ποτή-

294 1459 429 1509 ριον
449 1443 515 1497 ἐκ
539 1444 726 1511 χειρὸς
746 1444 983 1509 Κυρίου,
1007 1442 1104 1496 καὶ
1125 1443 1373 1498 ἐπότισα
1392 1444 1582 1496 πάντα
1605 1443 1677 1497 τὰ
1691 1444 1831 1513 ἔθνη

303 1530 447 1599 πρὸς
473 1531 512 1585 d
533 1530 843 1585 ἀπέστειλέ
861 1548 937 1600 με
953 1534 1162 1601 Κύριος
1188 1533 1279 1585 ἐπ’
1302 1534 1469 1605 αὐτὰ,
1490 1534 1600 1603 τὴν
1630 1536 1829 1603 Ἰερου-

300 1620 505 1690 cuius
530 1623 625 1676 καὶ
649 1623 752 1689 τὰς
776 1623 978 1687 πόλεις
1018 1622 1217 1685 Ἰούδα,
1244 1622 1341 1677 καὶ
1355 1624 1627 1689 βασιλεῖς
1650 1625 1829 1679 αὐτοῦ

301 1709 399 1761 καὶ
424 1709 713 1779 ἄρχοντας
742 1712 953 1774 αὐτοῦ,
974 1712 1077 1765 τοῦ
1108 1712 1287 1765 θεῖναι
1327 1714 1542 1779 αὐτοὺς
1577 1716 1663 1778 είς
1701 1712 1831 1782 ἐρή-

296 1813 504 1866 μωσιν,
540 1801 637 1853 καί
661 1803 748 1866 είς
776 1782 993 1855 ἄϐατον
1028 1800 1124 1853 καὶ
1160 1804 1245 1866 εὶς
1270 1805 1575 1872 συριγμόν·
1607 1804 1830 1856 καὶτὸν

300 1889 501 1956 Φαραὼ
522 1890 780 1954 βασιλέα
804 1893 1091 1960 Αἰγύπτου
1118 1891 1212 1943 καὶ
1234 1892 1372 1956 τοὺς
1395 1893 1599 1958 παῖδας
1626 1894 1825 1955 αὐτοῦ,

298 1980 395 2033 καί
431 1980 569 2045 τοὺς
602 1958 957 2049 μεγιστᾶνας
998 1981 1199 2036 αὑτοῦ·
1247 1983 1338 2035 καὶ
1366 1981 1503 2052 ,ἑξῆς
1543 2000 1689 2053 φησν
1723 1983 1831 2037 Kal
1860 1958 1900 2012 Β

299 2066 525 2134 πάντας
556 2070 694 2133 τοὺς
716 2071 990 2137 ,ϐασιλεῖς
1017 2072 1127 2139 τῆς
1171 2071 1279 2140 γῆς
1316 2071 1431 2125 τῶν
1456 2074 1841 2141 ἀλλοφύλων,

298 2156 409 2226 τὴν
450 2158 802 2223 Ἀσκάλωνα,
842 2162 941 2214 καί.
971 2164 1083 2228 τὴν
1117 2160 1327 2223 Γάζαν,
1361 2162 1456 2215 καὶ
1491 2162 1601 2229 τὴν
1639 2151 1833 2217 hosde

290 2263 433 2315 ρων,
469 2248 561 2299 καὶ
596 2248 706 2313 τὴν
754 2249 1094 2318 Ἰδουμαίαν,
1136 2252 1232 2303 καὶ
1263 2251 1375 2318 τὴν
1400 2250 1705 2317 Μωαϐῖτιν,
1736 2253 1832 2305 καί

296 2337 435 2403 τοὺς
463 2339 627 2403 υἱοὺς
664 2339 898 2408 Ἀμμὼν,
933 2342 1029 2393 καὶ
1063 2341 1287 2406 πάντας
1314 2342 1590 2406 βασιλεῖς
1623 2342 1828 2411 Τύρου,

297 2424 521 2490 πάντας
545 2429 821 2493 ,ϐασιλεῖς
844 2428 1117 2494 Σιδῶνος,
1157 2430 1253 2482 καὶ
1300 2431 1524 2495 πάντας
1556 2432 1844 2502 βασιλεῖς

295 2513 487 2579 νήσου
528 2516 665 2580 τοὺς
696 2517 763 2569 ἐν
793 2517 871 2581 τῷ
899 2516 1083 2585 πέραν
1123 2518 1233 2586 τῆς
1269 2519 1596 2586 θαλάσσης.
1636 2519 1765 2589 Μεθ’
1788 2520 1829 2571 ’ἃ

296 2604 533 2671 ἐπιλέγει
573 2605 759 2668 οὕτως·
792 2608 938 2660 Eine
962 2610 1173 2677 Κύριος
1205 2608 1611 2677 παντοκράτωρ
1631 2607 1663 2659 ὁ
1691 2606 1830 2669 Θεὸς

203 2762 205 2764 η
306 2694 557 2761 ’1σραήλ“
583 2696 750 2748 Hisce
774 2697 871 2748 καὶ
891 2701 1240 2765 μεθύσθητε,
1269 2699 1367 2751 καὶ
1388 2697 1711 2764 ἐξεμέσετε,
1733 2698 1827 2749 καὶ

294 2785 546 2848 πεσεῖτε,
580 2786 675 2838 καὶ
707 2788 777 2839 οὐ
800 2785 885 2855 μὴ
922 2788 1216 2855 άναστῆτε
1242 2789 1355 2841 ἀπὸ
1382 2787 1693 2855 προσώπου
1724 2786 1829 2853 τῆς

292 2874 601 2941 μαχαίρας,
620 2870 694 2942 ἧς
717 2875 828 2941 ἐγὼ
847 2874 1156 2929 ἀποστελῶ
1187 2875 1485 2943 ἁναμέσον
1517 2873 1696 2943 ὑμῶν.
1722 2876 1829 2928 Kal

294 2962 462 3016 ἔσται
501 2961 643 3015 ὅταν
666 2963 750 3031 μὴ
778 2964 1109 3026 ,ϐούλωνται
1134 2963 1413 3029 δέξασθαι
1454 2964 1514 3017 τὸ
1553 2965 1832 3034 ποτήριον

295 3048 363 3100 ἐκ
386 3048 494 3117 τῆς
518 3052 711 3118 χειρός
738 3066 873 3116 σου,
901 3050 1052 3103 ὥστε
1080 3051 1252 3115 πιεῖν,
1278 3052 1373 3105 καὶ
1395 3038 1547 3121 ἐρεῖς
1572 3053 1715 3120 πρὸς
1737 3054 1831 3106 αὐ·

294 3137 454 3203 τούς.
487 3141 677 3205 Οὕτως
699 3136 827 3194 εἶπε
856 3143 1065 3210 Κύριος
1100 3141 1216 3195 τῶν
1238 3143 1555 3211 δυνάμεων·
1592 3144 1831 3208 Πιάντες

296 3227 520 3281 πίεσθε.
568 3230 641 3280 Δι’
675 3222 747 3283 ὧν
790 3228 1022 3283 διδάσκει
1070 3231 1097 3281 ὁ
1128 3229 1279 3297 λόγος
1302 3230 1451 3303 δίκην
1498 3230 1676 3300 ίατροῦ
1718 3232 1827 3292 τοῖς
1854 3269 1896 3328 c

294 3317 562 3388 δεομένοις
611 3319 809 3388 πικρᾶς
854 3320 1118 3371 άντιδότου
1168 3320 1256 3372 τὸν
1307 3319 1434 3371 Θεδν
1474 3320 1690 3386 ἐπάγειν
1732 3319 1826 3382 τὰς

295 3405 559 3470 κολάσεις,
608 3407 683 3470 ὡς
729 3407 793 3460 ἂν
837 3408 1108 3477 ἐμέσαιεν,
1160 3408 1251 3461 καὶ
1300 3407 1683 3462 άποκενώσειεν
1732 3409 1829 3479 τὴν

296 3495 660 3550 πλεονάσασαν
686 3498 743 3549 ὲν
773 3497 949 3559 αὐτοῖς
981 3498 1195 3549 κακίαν·
1229 3498 1320 3551 καὶ
1346 3496 1562 3569 πρώτην
1582 3514 1643 3565 γε
1663 3497 1827 3567 αὐτὴν

296 3588 389 3658 τὴν
431 3587 775 3657 Ἰερουσαλὴμ
800 3586 891 3639 τοῦ
924 3586 1196 3661 λεχθέντος
1227 3587 1386 3640 ποτοῦ
1423 3571 1683 3641 πιεῖσθαι·
1711 3584 1827 3640 εἶτα

294 3675 351 3731 δὲ
386 3676 455 3729 τά
494 3677 645 3730 λοιπὰ
684 3677 827 3747 ἔθνη,
859 3677 933 3740 ὡς
958 3678 1048 3729 καὶ
1081 3675 1292 3729 πάντων
1314 3676 1409 3746 τῆς
1434 3675 1621 3745 ὁμοίας
1650 3675 1828 3741 τευξο-

300 3766 471 3840 μένων
514 3768 823 3837 καθάρσεως
867 3766 953 3820 διὰ
1000 3768 1105 3819 τῶν
1158 3764 1601 3835 ὲπαχθησομένων
1650 3765 1826 3826 αὐτοῖς

294 3856 588 3929 τιμωριῶν.
629 3856 737 3909 Καὶ
778 3856 836 3908 τὸ
873 3856 1039 3926 παρὸν
1072 3849 1162 3908 οὖν
1194 3853 1365 3921 λόγιον
1400 3852 1738 3923 καταλλήλως
1760 3854 1824 3923 τῇ

296 3947 599 4018 προφητικῇ
649 3942 957 4013 διδασκαλίᾳ
1004 3944 1255 4014 ποτήριον
1303 3936 1438 3995 εἶναι
1488 3939 1718 3993 διδάσκει
1771 3941 1828 3992 ὲν

296 4038 438 4109 χειρὶ
459 4036 682 4106 Κυρίου,
705 4036 761 4087 ὲν
783 4027 826 4101 ᾧ
844 4034 966 4097 τοὺς
988 4033 1211 4108 ἑκάστου
1234 4031 1473 4099 καρποὺς
1495 4027 1824 4097 συναγαγὼν,

297 4125 481 4199 ὥσπερ
515 4126 746 4197 ἄκρατον
785 4121 923 4179 οῐνον
964 4121 1264 4197 ἐργάζεται.
1312 4117 1422 4173 Εῐτ’
1464 4120 1727 4174 ἐπιδίδωσι
1770 4119 1828 4173 τὸ

296 4219 417 4272 κατ’
438 4216 590 4280 ἀξίαν
615 4215 761 4285 πόμα
785 4214 1057 4280 ἀναλόγως
1081 4214 1195 4274 ταῖς
1216 4212 1438 4269 ἑκάστου
1470 4210 1692 4279 πράξεσι
1719 4226 1831 4279 κιρ-

297 4306 403 4359 νῶν
448 4305 576 4357 αὐτὸ
613 4302 751 4357 κατὰ
784 4304 874 4355 τὸν
905 4302 998 4354 τοῦ
1028 4301 1231 4353 δικαίου
1275 4300 1446 4366 λόγον.
1484 4298 1575 4369 Μὴ
1602 4299 1709 4370 γὰρ
1731 4301 1826 4364 τὰς

299 4395 499 4470 φαύλας
536 4394 755 4464 πράξεις
793 4393 955 4463 μόνας
1003 4391 1250 4453 ἑκάστου,
1285 4388 1421 4441 ἀλλὰ
1452 4388 1667 4451 καὶτὰς
1691 4392 1828 4458 ἀγα-

297 4488 394 4550 θὰς
414 4474 734 4552 λογίζεσθαι,
759 4479 1091 4551 σταθμᾶσθαι
1118 4495 1176 4533 τε
1203 4478 1385 4547 ὥσπερ
1411 4478 1713 4550 συμμετρία
1736 4479 1829 4533 καὶ

1935 730 2106 782 minus
2146 728 2283 782 Deus
2320 727 2491 782 Israel
2520 730 2585 782 ad
2614 746 2693 785 me
2715 769 2730 794 ,
2762 731 2916 785 Sume
2942 733 3156 786 calicem
3184 736 3288 790 vini
3320 742 3452 799 meri

1934 818 1996 871 de
2038 834 2194 871 manu
2238 834 2371 884 mea,
2436 829 2484 872 et
2524 820 2723 887 potabis
2764 822 2876 888 ipso
2918 838 3088 876 omnes
3132 834 3338 893 gentes,
3380 827 3449 882 ad

1931 921 2058 976 quas
2085 923 2175 975 ego
2204 908 2404 960 mittam
2428 905 2497 962 ιε.
2528 907 2595 960 Et
2626 907 2793 962 bibent
2819 918 2866 963 et
2894 922 3088 965 soment
3114 923 3162 966 et
3190 909 3450 971 insanient

1933 1010 1966 1047 a
1986 995 2116 1061 facie
2134 996 2324 1064 gladii,
2347 1012 2499 1071 quem.
2516 1013 2603 1065 ego
2625 998 2826 1050 mittam
2846 999 2901 1075 in
2921 1000 3139 1053 medium
3158 1018 3351 1057 eorum.
3378 1005 3447 1058 Et

1933 1088 2102 1155 accepi
2144 1088 2353 1140 calicem
2391 1087 2454 1141 de
2496 1104 2653 1141 manu
2695 1087 2937 1153 Domini,
2979 1100 3025 1144 et
3064 1093 3233 1158 potavi
3272 1109 3443 1150 omnes

1930 1184 2098 1245 gentes
2146 1176 2213 1228 ad
2243 1192 2367 1245 quas
2396 1179 2536 1231 niisit
2562 1194 2640 1231 me
2672 1176 2918 1232 Dominus
2937 1196 2955 1232 :
2981 1179 3268 1236 Jerusalem
3292 1194 3341 1238 et
3368 1186 3445 1239 ci-

1930 1262 2111 1315 vitates
2135 1262 2272 1317 Iuda
2290 1302 2305 1327 ,
2332 1280 2471 1333 reges
2496 1265 2606 1333 ejus
2633 1274 2681 1318 et
2710 1268 2963 1333 principes
2992 1270 3133 1337 ejus,
3162 1272 3229 1342 ad
3256 1287 3447 1339 ponen-

1929 1352 2053 1404 dum
2081 1369 2166 1407 eos
2194 1355 2247 1407 in
2276 1354 2603 1408 solitudinem
2625 1394 2639 1418 ,
2668 1357 2723 1408 in
2754 1357 2975 1421 inviam,
3004 1370 3050 1411 et
3078 1360 3133 1413 in
3154 1354 3448 1419 subsanna-

1932 1442 2117 1494 tionem
2140 1457 2157 1495 :
2177 1451 2231 1495 et
2255 1441 2579 1505 Pharaonem
2606 1460 2769 1513 regem
2794 1445 3007 1515 ngypti
3024 1489 3037 1511 ,
3062 1459 3111 1502 et
3134 1444 3313 1518 pueros
3333 1453 3445 1521 ejus

1925 1540 1977 1584 et
2003 1533 2273 1598 optimates
2302 1534 2413 1601 ejus
2444 1535 2485 1565 “
2512 1551 2527 1597 ;
2555 1548 2615 1587 ac
2646 1536 2896 1605 deinceps
2923 1538 2997 1591 ait
3021 1558 3033 1591 :
3069 1537 3137 1592 Et
3161 1556 3330 1595 omnes
3360 1560 3445 1609 re-

1928 1633 2011 1686 ges
2039 1627 2187 1671 terra:
2220 1620 2653 1688 alienigenarum,
2682 1622 2985 1697 Ascalonem
3003 1665 3017 1690 ,
3046 1625 3240 1681 Gazam
3267 1641 3314 1683 et
3345 1636 3448 1684 Ac-

1926 1725 2164 1762 caronem
2183 1747 2198 1774 ,
2233 1708 2518 1763 [amaram
2549 1720 2600 1763 et
2636 1710 2970 1768 Moabitidem
2997 1757 3009 1779 ,
3034 1720 3169 1784 ﬁlios
3189 1722 3403 1775 Ammon
3426 1760 3443 1785 ,

1926 1809 1973 1851 et
1999 1815 2168 1853 omnes
2196 1816 2331 1886 reges
2362 1800 2519 1869 Tyri,
2544 1811 2594 1854 et
2620 1818 2792 1856 omnes
2822 1822 2959 1874 reges
2985 1806 3193 1862 Sidonis
3214 1850 3229 1873 ,
3256 1821 3303 1863 et
3334 1828 3447 1864 om-
3556 1800 3557 1805 η

1927 1906 2012 1943 nes
2037 1906 2171 1958 reges
2196 1888 2388 1943 Insula:
2412 1900 2554 1943 trans
2580 1907 2720 1963 mare
2746 1893 2809 1947 “.
2842 1887 3185 1964 Posteagvero
3212 1902 3289 1954 sic
3315 1917 3448 1956 con.

1927 1978 2095 2033 cludit
2124 1998 2136 2032 :
2166 1978 2311 2031 Dixit
2341 1978 2587 2033 Dominus
2618 1983 2932 2049 omnipotens
2960 1984 3097 2040 Deus
3121 1985 3289 2041 Israel
3310 2006 3329 2044 :
3351 1990 3447 2043 Bi-

1929 2066 2029 2121 bite
2052 2076 2102 2121 et
2133 2069 2486 2132 inebriamini,
2516 2078 2564 2121 et
2593 2073 2798 2124 vometis
2822 2110 2836 2135 ,
2867 2083 2913 2125 et
2944 2078 3286 2140 procu‘mbetis
3306 2118 3323 2143 ,
3354 2098 3444 2134 nec

1928 2157 2198 2225 resurgetis
2222 2174 2253 2209 a
2276 2156 2405 2224 facie
2426 2158 2620 2227 gladii,
2643 2175 2790 2227 quem
2810 2176 2899 2229 ego
2924 2163 3120 2216 mittam
3142 2166 3195 2217 in
3221 2169 3441 2222 medium

1928 2248 2099 2299 uestri.
2124 2245 2191 2298 Et
2215 2248 2343 2310 erit,
2368 2248 2414 2299 si
2434 2248 2691 2305 noluerint
2716 2251 2940 2316 accipere
2964 2252 3174 2306 calicem
3199 2255 3260 2309 de
3283 2273 3444 2311 manu

1927 2342 2015 2385 tua
2032 2375 2049 2401 ,
2080 2343 2135 2385 ut
2162 2334 2364 2397 bibant,
2393 2335 2530 2388 dices
2557 2334 2625 2387 ad
2652 2352 2737 2390 eos
2759 2377 2774 2401 ,
2808 2336 2894 2391 Sic
2921 2338 3046 2392 dicit
3067 2340 3319 2398 Dominus
3348 2345 3448 2398 uirb

1927 2432 2089 2475 tutum
2106 2463 2119 2485 ,
2143 2423 2362 2477 bibentes
2392 2423 2569 2477 bibetis
2592 2426 2657 2479 “.
2686 2425 2846 2491 Queis
2866 2428 3142 2509 ediscitur,
3172 2431 3335 2487 Deum
3362 2435 3447 2490 in-

1925 2525 2036 2567 star
2072 2514 2261 2567 medici
2285 2552 2300 2576 ,
2338 2528 2577 2568 amarum
2603 2518 2898 2571 antidotum
2923 2522 3196 2588 egentibus
3223 2523 3444 2589 olierre,

1925 2617 2113 2671 nempe
2152 2602 2559 2671 castigationes,
2592 2612 2649 2657 ut
2678 2616 2956 2670 evomant,
2991 2608 3353 2679 malitiamque
3381 2612 3448 2665 il-

1925 2690 2029 2742 lam
2074 2690 2447 2750 exuberantem
2490 2705 2650 2760 quam
2690 2693 2834 2749 intus
2871 2694 3067 2750 habent
3111 2708 3443 2768 exonerent;

1925 2780 2258 2849 primamque
2287 2778 2582 2835 Jerusalem
2613 2796 2679 2835 eo
2708 2782 2875 2836 calice
2904 2787 3219 2852 potandam;
3254 2787 3446 2843 deinde

1925 2869 2155 2937 reliquas
2192 2878 2373 2939 gentes
2394 2908 2409 2933 ,
2449 2869 2572 2939 quia
2601 2884 2784 2925 omnes
2817 2870 2975 2926 simili
3008 2877 3317 2943 purgatione
3350 2891 3446 2945 per

1925 2959 2099 3013 illatas
2121 2960 2496 3029 castigationes
2521 2962 2810 3014 evacuandi
2831 2971 2975 3017 sunt.
2994 2965 3238 3020 Praesens
3266 2966 3446 3037 itaque

1926 3047 2186 3102 sententia
2225 3048 2442 3118 perinde
2486 3054 2648 3119 atque
2696 3049 3002 3118 prophetica
3047 3051 3136 3105 illa
3168 3052 3443 3119 doctrina,

1925 3137 2142 3199 calicem
2170 3152 2288 3192 esse
2310 3129 2462 3192 docet
2492 3138 2546 3191 in
2579 3136 2738 3193 manu
2767 3138 3013 3207 Domini;
3050 3142 3104 3197 in
3131 3159 3235 3213 quo
3264 3147 3447 3215 singu-

1926 3227 2097 3279 lorum
2134 3226 2338 3280 fructus
2388 3228 2644 3295 colligens
2664 3266 2680 3291 ,
2720 3229 2882 3298 quasi
2911 3245 3115 3285 merum
3148 3233 3326 3287 vinum
3354 3251 3447 3290 ex-

1926 3316 2123 3387 primit.
2166 3315 2364 3370 Deinde
2393 3332 2518 3371 vero
2550 3332 2645 3385 pro
2670 3318 2896 3385 justitia:
2928 3321 3154 3386 ratione,
3187 3332 3239 3377 et
3263 3304 3450 3393 cujus-

1925 3423 2027 3477 que
2077 3406 2266 3459 merito
2305 3398 2486 3474 potum
2523 3414 2858 3476 temperans,
2883 3409 3142 3480 cujusque
3175 3414 3447 3470 actionum

1927 3480 2265 3564 proportione
2293 3493 2471 3547 habita
2492 3532 2506 3554 ,
2540 3495 2669 3563 ipsis
2702 3494 2985 3549 blbeudum
3022 3500 3285 3567 propinat.
3326 3502 3448 3559 Non

1903 3587 2064 3641 enim
2096 3600 2257 3653 prava
2284 3585 2542 3638 duntaxat
2568 3585 2897 3656 singulorum
2928 3602 3091 3655 Opera
3114 3626 3129 3650 ,
3159 3590 3253 3649 sed
3279 3595 3442 3649 etiam

1923 3675 2063 3728 bona
2088 3676 2438 3729 examinanda
2466 3684 2519 3729 et
2547 3691 2695 3745 asqua
2728 3677 2878 3733 lance
2910 3679 3247 3747 ponderanda
3275 3691 3403 3737 sunt
3437 3731 3443 3735 .
3508 3706 3515 3713 ο

1924 3770 2083 3832 atque
2104 3772 2483 3833 congruentem
2512 3766 2839 3836 singulorum
2871 3770 3123 3837 operibus
3145 3780 3324 3840 potum
3357 3786 3446 3840 pa-

1924 3867 2044 3907 rare
2083 3868 2217 3921 opus
2265 3862 2366 3908 est.
2395 3854 2547 3921 Quod
2583 3856 2698 3925 ipse
2728 3858 2963 3915 declarat
2992 3858 3074 3913 his
3102 3862 3276 3915 verbis
3304 3880 3315 3914 :
3374 3860 3443 3915 Et

1924 3943 2184 3995 inclinavit
2221 3957 2284 3995 es:
2325 3942 2417 3995 hoc
2457 3944 2509 3995 in
2552 3945 2683 4005 hoc;
2725 3947 2797 3999 ita
2838 3954 2894 3999 ut
2931 3948 3036 4000 una
3076 3950 3444 4006 commistione

1925 4035 2061 4087 mala
2090 4034 2417 4101 singulorum
2444 4048 2603 4101 opera
2634 4036 2787 4089 bonis
2813 4043 3189 4105 temperentur.
3219 4038 3324 4094 Pro
3354 4041 3445 4095 illo

1925 4133 2099 4177 autem
2118 4161 2133 4183 ,
2169 4122 2445 4176 Inclinavit
2483 4138 2546 4175 ea:
2571 4123 2665 4176 hoc
2694 4126 2747 4176 in
2779 4124 2871 4178 hoc
2891 4164 2907 4189 ,
2948 4108 3330 4197 Symmachus,
3359 4130 3447 4185 Ita

1926 4225 1979 4267 ut
2009 4213 2213 4266 trahant
2239 4214 2300 4265 ab
2328 4215 2438 4282 ipso
2464 4252 2480 4279 ,
2511 4215 2895 4284 interpretatus
2921 4230 3003 4274 est
3029 4236 3042 4285 ;
3078 4229 3131 4274 et
3169 4231 3225 4274 ut
3260 4223 3447 4278 faecem

1925 4298 2107 4353 bibant
2137 4312 2322 4351 omnes
2352 4306 2664 4367 peccatores
2703 4308 2878 4357 terras.
2929 4294 3059 4359 Non'
3083 4308 3222 4361 enim
3262 4310 3445 4364 mistio

1924 4393 2214 4455 temperata
2234 4424 2248 4449 ,
2286 4385 2378 4440 sed
2407 4387 2548 4456 quod
2578 4396 2873 4441 extremum
2906 4404 2967 4442 ae
3009 4392 3277 4461 turbidum
3320 4400 3402 4447 est
3425 4433 3443 4459 ,

1924 4476 2163 4545 gravium
2191 4475 2447 4530 scelerum
2474 4475 2578 4529 reis
2604 4483 2921 4529 reservatur.
2950 4475 3133 4544 Quare
3153 4476 3445 4530 secundum

316 4575 617 4645 ,ατάλληλον
659 4576 768 4636 τοῖς
822 4572 1045 4626 ἑκάστου
1093 4568 1269 4640 ἔργοις
1311 4566 1718 4637 ἀπεργάσασθαι
1767 4570 1825 4622 τὸ

1928 4561 2300 4633 Symmachum
2324 4564 2525 4617 dictum
2548 4569 2629 4617 est
2650 4581 2661 4615 :
2678 4563 3032 4616 Verumtamen
3046 4563 3194 4629 faces
3206 4566 3315 4632 ejus
3328 4573 3446 4634 gut-

297 4668 502 4738 κρᾶμα.
520 4642 596 4719 ⁷³0
614 4664 677 4734 δὴ
704 4662 993 4734 παρίστησι
1018 4658 1187 4727 λέγον·
1215 4656 1323 4711 Kal
1346 4658 1581 4710 ἔκλινεν
1598 4656 1666 4709 ἐκ
1692 4660 1824 4713 τού-

1928 4661 2076 4714 tatim
2104 4661 2385 4728 expriment
2411 4658 2629 4711 bibentes
2659 4657 2875 4724 improbi
2905 4667 3074 4712 (erm.

297 4748 401 4814 του
433 4758 750 4824 είς⁷τοῦτο’
802 4756 875 4819 ὡς
927 4754 992 4808 ἂν
1039 4753 1138 4824 μία
1166 4744 1378 4819 γένοιτο
1420 4749 1609 4819 κρᾶσις
1645 4749 1752 4803 τῶν
1788 4770 1845 4805 τε
1885 4755 2110 4807 ἑκάστου
2178 4752 2455 4824 μοχθηρῶν
2488 4748 2730 4823 πράξεων
2778 4750 2869 4802 καὶ
2912 4749 3017 4803 τῶν
3057 4750 3447 4824 χρηστοτέρων.
3524 4820 3527 4823 δ

276 4898 277 4901 η
310 4849 451 4905 Ἀντὶ
487 4848 542 4902 δὲ
584 4847 698 4912 τοῦ,
752 4845 1084 4911 Ἐεέκλινεν
1145 4843 1212 4895 ἐκ
1250 4841 1459 4895 τούτου
1502 4842 1587 4905 εις
1630 4840 1824 4906 τοῦτο,
1864 4847 1892 4897 ὀ
1930 4832 2232 4915 Σύμμαχος,
2280 4845 2452 4895 Ὥστε
2497 4841 2695 4894 ἕλκειν
2743 4841 2839 4909 da?
2884 4842 3086 4905 αὑτοῦ,
3126 4844 3447 4914 ἡρμήνευσε⁸

295 4942 393 5011 τὴν
423 4941 479 4994 δὲ
512 4939 686 5013 τρύγα
723 4939 954 4993 πιεῖσθαι
979 4936 1182 4997 πάντας
1208 4934 1330 4995 τοὺς
1356 4931 1698 5003 ἁμαρτωλοὺς
1728 4934 1822 5004 τῆς
1858 4938 1976 5007 γῆς.
2010 4937 2198 4990 Οὐκέτι
2228 4922 2334 5004 γὰρ
2356 4935 2558 5003 κρᾶμα,
2581 4933 2713 4986 ἀλλὰ
2759 4934 2818 4987 τὸ
2858 4934 3075 5005 ἔσχατον
3113 4937 3202 4989 καὶ
3238 4934 3454 5005 θολερὸν

297 5035 404 5095 τοῖς
427 5034 494 5086 τὰ
515 5032 721 5103 μεγάλα
747 5028 1109 5103 ἡμαρτηκόσιν
1137 5024 1528 5102 ἀποκείσεσθαι.
1563 5024 1651 5079 Διὸ
1683 5026 1823 5079 κατὰ
1854 5030 1945 5081 τὸν
1972 5030 2253 5098 Σύμμαχον
2277 5026 2504 5099 εἴρηται·
2534 5027 2702 5097 Πλὴν
2749 5029 2853 5091 τὰς
2895 5023 3145 5097 ’τρυγίας
3170 5028 3451 5096 ἐκστραγ-

302 5113 491 5195 γιοῦσι
522 5128 793 5190 πίνοντες
815 5128 865 5178 ot
892 5121 1107 5192 φαῦλοι
1148 5119 1258 5187 τῆς
1288 5120 1417 5189 γῆς.

378 5241 515 5311 Ἐγὼ
542 5240 610 5293 δὲ
628 5222 938 5310 ἀπατηοελῶ
961 5243 1045 5307 εις
1072 5240 1175 5293 τὸν
1196 5236 1395 5299 αἰῶνα,
1415 5232 1596 5303 ’ψαλῶ
1615 5231 1693 5297 τῷ
1709 5232 1827 5297 Θεῷ

1980 5232 2155 5287 Vens.
2188 5232 2273 5296 10.
2308 5231 2397 5287 Η.
2430 5231 2541 5302 Ego
2560 5240 2731 5286 autsm
2751 5229 3069 5284 annuntiabo
3091 5229 3143 5281 in
3164 5228 3411 5282 saeculum
3429 5270 3443 5291 ,

293 5312 518 5387 ’Ἰακώᾶ
551 5330 631 5382 Τὰ
657 5330 1139 5401 μὲνπρολεχθέντα
1165 5328 1338 5382 πάντα
1365 5322 1489 5378 εἶπα
1515 5326 1625 5385 τοῖς
1656 5336 1827 5393 παρα-

1927 5318 2141 5375 cantabo
2174 5317 2281 5373 Deo
2308 5319 2493 5373 Iacob.
2527 5318 2697 5387 Supra
2728 5326 3023 5378 memorata
3050 5318 3227 5371 omnia
3260 5318 3471 5387 iniqua.

302 5420 553 5493 νομοῦσι,
586 5421 700 5472 καὶ
750 5420 1120 5491 διεστειλάμην
1175 5420 1343 5472 ἅπασι
1404 5412 1826 5487 μαρτυράμενος.

1926 5410 2202 5481 agentibus
2238 5409 2375 5473 dixi,
2416 5416 2470 5465 et
2512 5414 2843 5463 con‘testatus
2886 5405 3133 5476 omnibus
3182 5414 3446 5476 praecepta

312 5489 450 5580 ’E‘Yt‘s)
482 5510 537 5563 δὲ
575 5509 603 5561 ὁ
631 5509 882 5580 ἀνωτέρω
912 5489 1094 5562 εῑπῶνι
1130 5507 1486 5576 Διηγήσομαι
1512 5500 1585 5555 τὰ
1608 5501 1827 5569 θαυμά-

1926 5496 2067 5553 dedi.
2094 5498 2202 5567 Ego
2224 5497 2462 5566 vero'qui
2484 5496 2729 5566 superius
2752 5494 2889 5557 dixi,
2918 5489 3158 5546 Narrabo
3183 5494 3447 5549 mirabilia

302 5603 405 5669 (τιά
442 5616 578 5664 σου,
622 5599 764 5652 ὅταν
803 5596 963 5651 λάϐω
1015 5599 1235 5667 καιρόν·
1292 5582 1399 5651 καί
1424 5593 1580 5647 πάλιν
1630 5592 1822 5660 φήσας·

1926 5600 2034 5652 tua,
2064 5594 2444 5662 cum‘accepero
2480 5595 2672 5655 tempus
2704 5585 2771 5617 δ³⁶
2798 5601 2812 5648 ;
2846 5598 2906 5637 ac
2937 5596 3149 5635 rursum
3176 5601 3191 5636 ε
3226 5582 3334 5651 Ego
3362 5597 3447 5637 re--

315 5694 451 5762 Ἐγὼ
494 5692 814 5758 εὐθύτητος
855 5688 1046 5758 κρινῶ·
1099 5689 1193 5742 καὶ
1244 5684 1395 5750 αὖθις
1450 5681 1651 5755 είπώνῐ
1692 5680 1827 5735 Ἐηὼ

1932 5678 2202 5734 ctitndines
2243 5678 2480 5731 iudicabo
2514 5678 2596 5738 “;
2637 5680 2967 5734 iterumque,
3002 5670 3109 5740 Ego
3146 5670 3449 5739 conﬁrmavi

372 5844 414 5877 δι
449 5842 537 5899 Jet'
592 5858 715 5904 xxv,
750 5842 930 5898 {5-19.
1005 5840 1048 5873 “
1084 5841 1213 5895 ibid.
1244 5839 1429 5896 20-22.
1505 5839 1548 5873 ’⁵³
1585 5835 1711 5891 ibid.
1737 5834 1806 5889 9.7
1859 5833 1948 5890 εδ.
1994 5829 2441 5905 _"‘Psal.ux1v,
2471 5830 2524 5895 2,
2549 5830 2602 5885 '5'.
2670 5829 2713 5862 ³³
2741 5827 2845 5883 ibid
2899 5827 2931 5881 5

435 5915 445 5928 ’
576 5938 839 6000 Parant.
872 5937 988 5997 Gs.
1020 5934 1247 5996 XXIII.
3020 5918 3101 5980 93
