4294 6458
829 533 933 588 875

1482 532 1745 588 EUSEBll
1784 530 2255 587 CAESARIENSIS
2294 530 2457 587 OPP;
2484 531 2661 586 PARS
2700 531 2785 586 Ill.
2810 562 2877 573 ——
2917 517 3323 607 EXEGE'TICA.

3920 527 4024 583 816

828 648 1097 702 columnas
1128 664 1237 717 ejus
1273 650 1345 715 ⁸³;
1382 660 1665 720 postquam
1700 650 1953 720 praedicta
1998 648 2370 718 peccatoribus

2476 650 2807 717 ἑστερέωσα
2839 647 2978 714 τοὺς
3008 647 3270 710 στύλους
3300 641 3504 711 αὐτῆς
3535 643 3670 714 μετὰ
3704 661 3763 696 το
3794 643 4027 714 κηρῦξαι

827 738 1115 807 praedicari
1168 746 1220 793 et
1271 739 1593 795 testiﬁcatus
1640 746 1880 805 sum,‘et
1911 747 2194 809 postquam
2227 739 2371 808 judi-

810 829 907 891 ,cis
940 829 1198 883 rationem
1224 844 1413 884 omnes
1437 830 1626 884 edocui
1653 869 1667 895 ,
1684 822 1827 898 quid
1854 829 2088 882 faciam?
2117 827 2182 882 In
2206 820 2371 883 atreu-

826 920 937 973 lum
970 920 1190 974 cantabo
1225 920 1333 975 Deo
1365 919 1550 976 Jacob.
1578 920 1713 975 Novi
1742 921 1942 992 quippe
1974 935 2093 975 eum
2126 921 2216 991 qui
2248 922 2372 975 reli-

824 1013 961 1083 giosi
1001 1014 1102 1067 viri
1145 1014 1286 1069 Deus
1327 1020 1443 1078 est,
1490 1022 1697 1084 patrem
1732 1031 1855 1087 esse
1887 1030 2065 1070 meum
2102 1036 2115 1070 ε
2162 1017 2372 1087 ipsique

824 1102 1055 1157 cantabo
1075 1145 1089 1169 ,
1122 1104 1224 1173 ipsi
1257 1105 1517 1173 praeclara
1547 1112 1698 1173 gesta
1728 1119 1845 1159 mea
1879 1102 2232 1159 annuntiabo.
2266 1104 2371 1160 Dev

823 1192 949 1247 inde
976 1208 1105 1264 vero
1136 1203 1359 1263 accepta
1390 1209 1418 1247 a
1447 1192 1605 1249 Patre
1627 1193 1904 1263 judicandi
1934 1202 2229 1265 potestate,
2262 1212 2372 1248 om-

822 1284 914 1335 nia
960 1299 1161 1336 cornua
1206 1294 1536 1352 peccatorum
1578 1285 1945 1353 confringam;
1988 1300 2109 1339 cum
2157 1284 2371 1355 quidem

823 1388 931 1442 quo
958 1383 1200 1444 tempore
1231 1376 1538 1441 tolerantia,
1577 1376 1837 1445 patientia
1867 1382 1920 1430 et
1952 1376 2372 1431 mansuetudine

822 1463 1081 1517 utendum
1123 1472 1276 1529 erat,
1323 1464 1472 1535 ipsos
1515 1465 1702 1521 extolli
1746 1466 2149 1532 concesserim;
2182 1481 2370 1521 verum

824 1554 880 1609 in
914 1554 1019 1611 line
1052 1570 1254 1610 cornua
1296 1572 1484 1612 eorum
1520 1565 1708 1612 contra
1758 1557 1926 1613 Deum
1963 1557 2104 1612 elata
2131 1556 2373 1612 confrin-

813 1665 985 1726 gam;
1030 1652 1253 1723 viceque
1299 1667 1455 1708 versa
1505 1668 1716 1707 cornua
1752 1654 1925 1724 justi,
1961 1653 2085 1723 quia
2134 1653 2371 1718 demissa

822 1748 1017 1805 erant,
1082 1743 1354 1799 exaltabo.
1409 1734 1561 1799 Tunc
1606 1760 1735 1799 vero
1782 1745 2109 1800 exaltabitur
2151 1745 2367 1814 justus,

820 1834 1037 1901 quando
1067 1848 1172 1887 una
1203 1849 1326 1888 cum
1355 1849 1479 1904 rege
1509 1849 1609 1889 suo
1637 1835 1884 1906 regnabit
1909 1834 2205 1890 secundum
2230 1835 2372 1904 Apo-

822 1920 1018 1976 Stolum
1053 1924 1147 1994 qui
1181 1925 1255 1977 ait
1278 1942 1292 1979 :
1318 1919 1585 1979 Primitiae
1613 1926 1748 1979 enim
1772 1923 2009 1979 Christus
2030 1940 2050 1988 ;
2073 1924 2256 1978 deinde
2282 1925 2370 1993 qui

2474 741 2565 791 καὶ
2602 736 2976 809 μαρτύρασθαι
3007 736 3075 789 τὰ
3115 734 3475 807 προλεχθέντα
3518 736 3628 812 τοῖς
3666 735 4024 804 ἁμαρτωλοῖς,

2475 830 2566 882 καὶ
2602 829 2737 899 μετὰ
2765 829 2824 881 τὸ
2851 826 3051 893 διδάξαι
3079 826 3168 879 τὸν
3196 826 3324 897 περὶ
3349 824 3448 895 τῆς
3470 825 3700 898 κρίσεως
3724 824 3876 894 λόγον
3902 828 4029 889 τοὺς

2476 922 2699 985 πάντας,
2741 920 2792 972 τί
2828 918 3049 991 πράξω;
3094 921 3196 982 Είς
3228 902 3334 971 τὸν
3367 915 3548 969 αἰῶνα
3578 916 3753 984 ψαλῶ
3789 915 3869 983 τῷ
3908 918 4028 983 Θεῷ

2487 1013 2695 1066 Ἰακώϐ.
2729 1008 2858 1066 Οἶδα
2886 1014 2993 1084 γὰρ
3018 1010 3251 1082 ἐμαυτοῦ
3284 1010 3491 1082 πατέρα
3512 1010 3602 1062 τὸν
3623 1010 3906 1080 γενόμενον
3934 1010 4027 1064 τοῦ

2475 1101 2747 1171 θεοφιλοῦς
2777 1103 2927 1167 Θεὸν,
2975 1102 3208 1171 κάκείνῳ
3248 1100 3417 1170 ψαλῶ,
3462 1102 3696 1172 κάκείνῳ
3736 1094 4031 1172 ἀπαγγελῶ
4090 1096 4127 1113 ³

2475 1192 2540 1244 τὰ
2583 1194 2819 1263 ἐμαυτοῦ
2860 1193 3272 1263 κατορθώματα.
3321 1189 3430 1246 Εἶθ’
3474 1191 3614 1245 οὓτω
3653 1191 3830 1245 λαϐὼν
3878 1192 4030 1264 παρὰ

2440 1282 2566 1341 ,τοῦ
2617 1284 2825 1355 Πατρὸς
2870 1284 2967 1355 τὴν
3014 1283 3108 1336 τοῦ
3166 1284 3369 1354 κρίνειν
3414 1283 3679 1348 ἐξουσίαν,
3724 1282 3919 1338 πάντα
3957 1285 4032 1339 τὰ

2475 1374 2687 1443 κέρατα
2732 1376 2847 1429 τῶν
2880 1374 3239 1445 ἁμαρτωλῶν
3280 1376 3623 1445 συγκλάσω·
3669 1378 4031 1447 συγχωρήσας

2478 1463 2575 1533 μὲν
2629 1466 2808 1527 αὐτοῖς
2855 1464 3174 1536 ἐπαίρεσθαι
3223 1465 3363 1518 κατὰ
3402 1465 3599 1537 »καιρὸν
3649 1466 3769 1519 καθ’
3816 1466 3875 1519 ὃν
3923 1464 4030 1519 ἔδει

2473 1555 2774 1625 χρήσασθαι
2824 1558 2887 1627 τῇ
2940 1557 3124 1626 ἀνοχῇ,
3179 1555 3274 1608 καὶ
3312 1558 3377 1627 τῇ
3435 1555 3781 1627 μακροθυμίᾳ
3823 1556 3917 1610 καὶ
3956 1559 4025 1629 τῇ

2474 1647 2814 1717 χρηστότητι·
2852 1646 2990 1718 πλὴν
3032 1649 3123 1700 ἐπὶ
3158 1646 3295 1700 τέλει
3327 1647 3392 1700 τὰ
3424 1649 3627 1721 κέρατα
3658 1648 3832 1701 αὐτῶν
3867 1664 4029 1703 κατεο

2473 1736 2750 1807 παρθέντα
2789 1738 2882 1791 τοῦ
2926 1738 3057 1792 Θεοῦ
3106 1739 3413 1808 συγκλάσω·
3456 1741 3720 1794 ἀνάπαλιν
3756 1740 3811 1794 δὲ
3838 1741 3906 1795 τὰ
3933 1741 4026 1794 τοῦ

2471 1826 2674 1880 δικαίου
2708 1828 2913 1899 κέρατα
2946 1827 3163 1896 ὑψὼσω,
3209 1828 3434 1897 ἐπείπερ
3469 1823 3536 1899 ἦν
3568 1828 4024 1898 τεταπεινωμένα.

2473 1919 2605 1971 Τότε
2650 1920 2707 1972 δὲ
2744 1919 3102 1989 ὑψωθήσεται,
3145 1920 3359 1987 ἐπειδὰν
3399 1920 3765 1993 συμϐασιλεύῃ
3798 1919 3875 1990 τῷ
3904 1921 4028 1974 ἐαυ-

821 2013 1019 2069 Christi
1050 2024 1172 2069 sunt
1206 2017 1260 2069 in
1294 2016 1516 2070 adventu
1544 2016 1656 2085 ejus
1678 2033 1697 2081 ,°
1719 2017 1903 2071 deinde
1934 2018 2086 2085 ﬁnis,
2111 2034 2228 2070 cum
2261 2010 2370 2070 tra-'

2475 2008 2560 2061 τοῦ
2593 2009 2799 2079 βασιλεῖ
2818 2011 2956 2064 κατὰ
2980 2011 3070 2064 τὸν
3109 2010 3443 2075 Ἀπόστολον,
3468 2012 3525 2074 ὃς
3548 2028 3730 2083 φησιν·
3773 2009 4026 2083 Ἀπαρχὴ
4082 2076 4085 2077 ν

820 2102 1015 2157 diderit
1050 2120 1264 2174 regnum
1303 2104 1410 2159 Deo
1441 2115 1491 2159 et
1529 2105 1674 2159 Patri
1696 2147 1711 2172 ,
1745 2123 1863 2160 cum
1897 2105 2214 2161 destruxerit
2258 2124 2373 2162 om-

817 2210 934 2249 nem
963 2204 1271 2263 potestatem
1297 2204 1347 2249 et
1382 2197 1625 2250 virtutem
1651 2196 1718 2250 “.
1752 2196 1978 2264 Quando
2007 2198 2215 2253 scilicet
2241 2198 2375 2267 justi

815 2285 942 2341 vita:
976 2287 1299 2342 immortalis
1338 2288 1566 2344 calicem
1606 2289 1833 2357 bibent;
1872 2305 2032 2360 quem
2074 2289 2208 2358 ipsis
2249 2305 2375 2359 pro-

817 2377 969 2432 misit
1005 2376 1234 2433 dicens:
1269 2377 1444 2434 Donec
1484 2379 1660 2433 bibam
1699 2380 1851 2435 illum
1891 2396 2077 2436 novum
2114 2380 2373 2437 uobiscum

817 2466 876 2521 in
908 2479 1064 2538 regno
1092 2469 1338 2523 scelerum
1365 2471 1431 2526 ⁵³,

895 2742 947 2797 1.
990 2740 1058 2796 IN
1112 2734 1342 2803 FINEM,
1386 2741 1453 2796 IN
1494 2736 1776 2808 HYMNIS,
1818 2742 2141 2801 PSALMUS
2176 2739 2335 2801 IPSI-

1131 2811 1380 2878 ASAPH,
1424 2812 1802 2870 CANTICUM.
1845 2813 2055 2870 LXXV.

885 2920 1055 2980 Vnus.
1090 2922 1145 2991 2,
1180 2926 1233 2981 3.
1270 2924 1446 2981 Notus
1472 2926 1526 2981 in
1550 2924 1745 2981 Judca
1770 2925 1910 2981 Deus
1929 2967 1944 2992 ,
1969 2929 2024 2980 in
2051 2926 2227 2983 Israel
2255 2942 2372 2981 ma-

813 3030 972 3086 gnum
1001 3031 1183 3070 nomen
1216 3017 1350 3081 eius.
1381 3015 1480 3071 Hic
1513 3018 1755 3086 psalmus
1786 3018 1909 3072 item
1936 3034 2002 3072 ex
2032 3033 2258 3073 numero
2283 3033 2376 3073 eo-

813 3113 1045 3161 rum-est
1069 3107 1161 3173 qui
1193 3106 1260 3160 ad
1278 3107 1483 3161 bonum
1511 3106 1670 3162 ﬁnem
1700 3108 1984 3163 remittunt
2009 3129 2021 3164 :
2054 3111 2373 3181 'prteceden-

815 3195 1167 3267 tique-adﬁnis
1188 3238 1204 3263 ,
1235 3196 1301 3252 de
1325 3197 1537 3268 judicio
1564 3196 1655 3254 Dei
1686 3197 1851 3255 verba
1890 3199 2037 3255 facit;
2086 3199 2238 3266 Quod
2281 3202 2375 3255 de-

790 3289 1005 3359 inceps
1035 3289 1119 3344 his
1152 3288 1332 3344 verbis
1363 3288 1604 3344 declarat
1629 3307 1643 3343 :
1675 3290 1751 3345 De
1777 3293 1903 3346 caelo
1932 3286 2372 3370 auditumfecisti

710 3452 717 3457 _
810 3378 1073 3449 iudicium
1089 3423 1102 3448 ,
1127 3390 1268 3435 terra
1291 3382 1498 3436 tremuit
1523 3391 1573 3436 et
1600 3384 1791 3453 quievit
1808 3423 1823 3447 ,
1848 3401 1965 3437 cum
1989 3394 2291 3455 exsurgeret
2314 3386 2370 3437 in

810 3472 1067 3544 judicium
1100 3462 1270 3538 Deus,
1304 3484 1360 3528 ut
1393 3474 1565 3530 salvos
1618 3475 1813 3545 faceret
1848 3493 2025 3531 omnes
2069 3487 2369 3532 mansuetos

788 3556 988 3620 teme.
1032 3563 1098 3618 Et
1129 3566 1183 3620 in
1218 3566 1309 3620 illo
1352 3567 1570 3637 quidem
1612 3568 1812 3637 iniquis
1854 3568 2157 3634 dicebatur,
2194 3566 2373 3624 Nolite

786 3728 791 3735 ‘
812 3656 1051 3711 exaltare
1074 3674 1236 3711 cornu
1253 3697 1268 3722 ,
1292 3666 1341 3711 et
1367 3658 1528 3712 nolite
1548 3658 1800 3712 extollere
1827 3660 1880 3712 in
1908 3658 2075 3713 altum
2100 3668 2263 3714 cornu
2293 3677 2374 3715 re-

813 3756 983 3801 strum
1010 3747 1094 3813 *⁸;
1122 3747 1179 3802 in
1207 3749 1463 3819 praesenti
1492 3764 1622 3803 vero
1643 3788 1657 3813 ,
1690 3747 1911 3803 Turbati
1940 3760 2060 3804 sunt
2088 3767 2261 3807 omnes
2293 3753 2373 3805 in-

814 3840 1058 3909 sipientes
1086 3839 1256 3894 corde.
1292 3840 1629 3895 Dormierunt
1662 3858 1904 3896 somnum
1932 3859 2084 3897 suum
2107 3883 2122 3908 ,
2156 3852 2205 3898 et
2238 3843 2372 3898 nihil

812 3930 1117 3984 invenerunt
1150 3946 1325 3985 omnes
1354 3931 1453 3985 viri
1482 3930 1807 3987 divitiarum.
1837 3930 1902 3986 Hi
1930 3948 2058 3989 vero
2088 3922 2245 3988 erant
2274 3933 2371 4002 qui

816 4032 1022 4077 cornua
1068 4023 1393 4080 extulerant.
1446 4021 1543 4079 His
1590 4038 1753 4094 porro
1802 4023 2131 4079 altissimum
2181 4025 2371 4095 dogma

813 4113 1071 4181 traditur,
1107 4122 1167 4167 ut
1210 4116 1448 4171 sciamus
1491 4115 1585 4185 qui
1626 4116 1696 4171 sit
1729 4131 1888 4171 verus
1918 4114 2117 4180 Israel,
2161 4122 2214 4171 et
2254 4130 2373 4185 qua:

816 4206 889 4259 sit
916 4206 1037 4275 ejus
1088 4206 1387 4261 secundum
1426 4214 1628 4261 rectam
1666 4222 1956 4278 veramque
1986 4208 2249 4262 rationem
2282 4223 2371 4262 re-

813 4296 938 4367 gio,
975 4312 1095 4367 quae
1126 4302 1352 4350 vocatur
1378 4295 1602 4367 ludam;
1637 4312 1757 4366 quae
1804 4297 1934 4352 item
1988 4313 2113 4352 vera
2153 4295 2374 4353 Jerusa-

824 4406 917 4446 ,ιιι
937 4428 951 4453 ,
973 4386 1116 4458 quod
1136 4387 1224 4443 Dei
1244 4386 1596 4442 domicilium.
1621 4385 1745 4441 Haec
1768 4386 2002 4456 Spiritus
2026 4389 2373 4457 propheticus

802 4480 1145 4553 ,praecellenti
1189 4478 1454 4549 sapientia
1500 4476 1807 4547 dispensat,
1862 4484 2021 4546 atque
2051 4493 2155 4531 una
2186 4477 2250 4533 iis
2280 4478 2372 4548 qui

815 4573 1081 4643 abjectius
1112 4570 1340 4625 Judaico
1368 4584 1521 4624 more
1542 4584 1655 4623 rem
1682 4568 1990 4637 intelligunt
2009 4608 2023 4630 ,
2045 4569 2371 4640 voluptatem

2472 2102 2580 2171 γὰρ
2603 2102 2871 2169 Χριστός*
2906 2098 3033 2155 εἶτα
3056 2105 3109 2155 οὶ
3128 2102 3232 2156 τοῦ
3262 2102 3515 2171 Χριστοῦ
3544 2102 3614 2156 ἐν
3632 2103 3705 2171 τῇ
3724 2094 4031 2172 ,παρουσία

2472 2190 2675 2242 αὐτοῦ’
2711 2187 2835 2243 εἶτα
2864 2193 2929 2245 τὸ
2956 2192 3146 2256 τέλος,
3187 2190 3337 2245 ὅταν
3376 2191 3674 2261 παραδιδῷ
3712 2191 3826 2258 τὴν
3844 2192 4029 2255 ,ϐασι-

2472 2275 2642 2327 λείαν
2670 2274 2747 2339 τῷ
2778 2274 2897 2340 Θεῷ
2924 2276 3021 2329 καὶ
3047 2277 3247 2346 Πατρὶ,
3283 2278 3427 2331 ὅταν
3451 2279 3796 2349 καταργήσῃ
3823 2278 4055 2340 πᾶσαν,

2471 2364 2758 2429 ἐξουσίαν
2787 2365 2882 2418 καὶ
2912 2365 3183 2435 δύναμιν.
3229 2367 3356 2420 Ὅτε
3396 2369 3489 2420 καὶ
3522 2369 3732 2423 πίονται
3757 2371 3805 2421 οἱ
3832 2368 4030 2422 δίκαιοι

2473 2454 2730 2527 ποτήριον
2776 2454 2920 2527 ζωῆς
2960 2457 3246 2511 ἀθανάτου·
3291 2460 3425 2529 ὅπερ
3472 2459 3652 2522 αὐτοῖς
3700 2458 4028 2530 ἐπήγγελται

2471 2544 2657 2625 εἰπών·
2690 2548 2837 2613 Ἕως
2862 2547 2937 2602 ἂν
2963 2550 3076 2602 πίω
3093 2549 3252 2603 ιαύτὸ
3281 2551 3490 2603 καινὸν
3516 2552 3647 2620 μεθ’
3669 2548 3837 2620 ὑμῶν
3860 2552 3930 2604 ἐν
3954 2550 4031 2620 τῇ

2466 2637 2750 2704 βασιλείᾳ
2779 2638 2897 2691 τῶν
2923 2638 3192 2709 οὐρανῶν

2472 2751 2580 2804 Et);
2611 2752 2696 2807 T0
2722 2754 2959 2820 ΤΕΛΟΣ,
2986 2755 3078 2809 EN
3097 2754 3385 2895 mmsis,
3409 2756 3698 2810 ΨΔΛΜΟΣ
3723 2756 3810 2827 Tn
3830 2754 4029 2820 me,

2542 2928 2824 2994 Γνωστός
2851 2930 2920 2983 ἐν
2948 2930 3025 3000 τῇ
3060 2930 3310 2999 Ἰουδαίᾳ
3333 2934 3365 2985 ό
3391 2931 3552 2999 Θεὸς,
3583 2931 3653 2985 ἐν
3675 2930 3756 2997 τῷ
3792 2931 4032 3001 Ἰσραὴλ

2467 3019 2620 3090 μέτα
2642 3020 2707 3072 τὸ
2722 3020 2907 3090 ὄνομα
2929 3022 3133 3077 αὑτοῦ.
3152 3022 3273 3087 Τῶν
3289 3024 3376 3076 ἐπ’
3396 3023 3597 3091 ἀγαθὸν
3615 3022 3764 3085 τέλος
3787 3024 3958 3077 ἀναπε
3966 3042 4032 3094 μ-

2473 3110 2677 3163 πόντων
2699 3114 2790 3164 καὶ
2808 3113 2836 3164 ὁ
2858 3112 3044 3183 παρὼν
3070 3112 3322 3182 τυγχάνει
3354 3112 3585 3184 ψαλμός.
3613 3115 3830 3185 Συνᾴδει
3860 3114 3917 3167 δὲ
3952 3112 4030 3185 τῷ

2475 3201 2579 3271 πρὸ
2613 3201 2797 3268 αὑτοῦ,
2832 3203 2957 3266 τοὺς
2997 3203 3124 3274 περὶ
3150 3203 3507 3273 τῆςκρίσεως
3532 3203 3624 3257 τοῦ
3662 3202 3793 3256 Θεοῦ
3838 3203 4031 3270 λόγους

2474 3294 2759 3366 περιέχων.
2796 3295 2873 3347 ’Ὃ
2913 3292 2976 3365 δὴ
3025 3294 3321 3365 παρίστησι
3354 3293 3575 3363 φάσκων
3607 3294 3750 3365 ἑξῆς
3796 3294 3889 3369 Ἐκ
3922 3293 4030 3348 τοῦ

2472 3385 2730 3455 οὐρανοῦ
2760 3382 3084 3455 ἣκόντισας
3109 3386 3326 3455 κρίσιν,
3361 3384 3435 3455 γῆ
3467 3386 3731 3455 ἐφοϐήθη
3753 3385 3850 3440 καὶ
3877 3385 4032 3453 ἦσύ-

2472 3493 2661 3548 χασεν
2690 3478 2759 3531 ἐν
2786 3478 2865 3545 τῷ
2898 3471 3231 3548 ἀναστῆναι
3260 3480 3348 3545 εὶς
3373 3478 3576 3548 κρίσιν
3605 3478 3712 3532 τὸν
3746 3477 3893 3532 Θεὸν
3920 3476 4030 3532 τοῦ

2458 3567 2663 3622 σῶσαι
2686 3566 2913 3634 πάντας
2942 3564 3082 3634 τοὺς
3101 3568 3307 3636 πραεῖς
3326 3567 3437 3638 τῆς
3454 3567 3585 3638 τῆς.
3615 3569 3724 3622 και
3749 3570 3805 3620 ἐν
3830 3569 4029 3638 ἐκεῖνῳ

2473 3661 2573 3731 μὲν
2606 3660 2819 3730 ἐλέγετο
2858 3662 2969 3725 τοῖς
2997 3660 3405 3732 παρανομοῦσι·
3441 3659 3539 3729 Μὴ
3572 3660 3800 3730 ὑψοῦτε
3828 3660 4026 3730 κέρας,

2470 3754 2567 3807 καὶ
2592 3753 2677 3822 μὴ
2707 3753 2976 3820 ἐπαίρετε
3002 3750 3089 3816 εις
3111 3751 3267 3819 ὕψος
3286 3752 3351 3805 τὸ
3378 3752 3548 3821 κέρας
3566 3749 3750 3821 ὑμῶν’
3773 3754 3839 3806 ἐν
3866 3751 3926 3806 ’δὲ
3951 3751 4029 3821 τῷ

2474 3844 2609 3913 μετὰ
2648 3842 2851 3913 χεῖρας
2915 3840 3375 3909 Ἐταρᾶχθησαν,
3430 3841 3613 3911 φησιν,
3658 3845 3711 3896 οἱ
3748 3842 4029 3897 ἀσύνετοι

2470 3932 2543 4001 τῇ
2571 3931 2800 4001 καρδίᾳ·
2829 3931 3117 3984 ὒπνωσαν
3138 3928 3332 3983 ὕπνον
3349 3920 3563 3995 αὐτῶν,
3592 3926 3823 4000 καὶούχ
3848 3927 4031 3999 εὖρον

2471 4021 2651 4077 οὐδὲν
2692 4016 2913 4086 πάντες
2952 4020 3005 4072 οἱ
3032 4016 3260 4087 ἀνδρες
3298 4017 3404 4071 τοῦ
3441 4019 3727 4072 πλούτου.
3782 4012 3940 4072 Οὗτοι
3970 4019 4028 4073 δὲ

2468 4109 2607 4186 ἦσαν
2650 4116 2697 4167 οἱ
2743 4113 2810 4167 τὰ
2850 4112 3057 4184 κέρατα
3101 4110 3374 4180 ύψοῦντες.
3410 4110 3660 4165 Παιδεύει
3701 4111 3757 4165 δὲ
3799 4111 3888 4165 διὰ
3920 4111 4029 4165 τῶν

2470 4204 2838 4277 προκειμένων
2873 4204 2902 4256 δ
2937 4202 3091 4271 λόγος
3134 4200 3306 4272 δόγμα
3337 4200 3649 4272 βαθύτατον,
3670 4202 3753 4265 ,ὡς
3784 4200 3847 4255 ἂν
3872 4201 4029 4256 εἰδεί-

2469 4290 2608 4367 ημεν
2650 4295 2732 4359 τίς
2773 4294 2903 4347 ποτέ
2933 4296 3082 4347 ἐστιν
3114 4294 3143 4346 ὁ
3175 4292 3425 4364 ἀληθινὸς
3467 4293 3702 4365 Ἰσραὴλ,
3744 4294 3838 4348 καὶ
3872 4294 3957 4357 τίς
3990 4296 4027 4366 ή

2470 4385 2832 4439 τούτουκατὰ
2858 4386 2949 4441 τὸν
2992 4384 3162 4456 ἀληθῆ
3199 4383 3354 4452 λόγον
3391 4382 3542 4454 χώρα
3589 4385 3620 4455 ἡ
3654 4381 4025 4455 ὀνομαζομένη

2484 4478 2727 4532 Ἰουδαία·
2757 4478 2841 4541 τίς
2865 4495 2924 4539 τε
2961 4480 2993 4549 ἠ
3026 4475 3251 4546 ἀληθινὴ
3305 4474 3675 4545 Ἰερουσαλὴμ,
3716 4477 3810 4529 καὶ
3848 4478 4029 4529 ὁποῖον

2470 4568 2530 4621 τὸ
2550 4568 2640 4622 τοῦ
2654 4569 2788 4622 Θεοῦ
2807 4569 3137 4638 οἰκητήριον.
3163 4566 3343 4619 Ταῦτα
3368 4566 3427 4620 τὸ
3445 4566 3781 4637 προφητικὸν
3801 4566 4031 4638 Πνεῦμα

812 4662 887 4717 ob
916 4661 1195 4715 nominum
1234 4659 1648 4716 similitudinem
1687 4658 1881 4725 affert;
1922 4673 2016 4713 eos
2060 4667 2237 4713 autem
2280 4661 2370 4729 qui

2478 4659 2594 4729 μεθ’
2614 4658 3053 4731 ὑπερϐαλλούσης
3082 4658 3271 4726 σοφίας
3293 4660 3580 4728 οἰκονομεῖ·
3612 4654 3745 4727 ὁμοῦ
3786 4656 3879 4709 καὶ
3915 4657 4031 4719 τοῖς

816 4752 1139 4825 speculandi
1168 4754 1218 4807 vi
1252 4752 1463 4823 prmditi
1495 4759 1624 4807 sunt
1649 4751 1849 4807 divinis
1880 4751 2143 4807 institutis
2171 4752 2372 4807 erudit;

813 4842 1032 4899 Iudaeus
1056 4843 1237 4912 itaque
1258 4844 1348 4913 qui
1376 4843 1510 4897 nihil
1537 4842 1681 4897 aliud
1700 4852 1817 4906 est,
1839 4856 1999 4913 quam
2022 4858 2150 4897 caro
2170 4849 2223 4897 et
2244 4857 2372 4896 san-

815 4934 937 5007 guis
959 4975 974 5000 ,
1006 4934 1211 5007 carnali
1237 4940 1290 4986 et
1314 4946 1575 5001 corporeo
1604 4947 1754 4987 more
1781 4932 1895 4987 bzec
1920 4933 2100 4988 audiat
2127 4951 2142 4999 ;
2177 4931 2371 4987 deinde

812 5041 942 5082 vero
975 5024 1287 5087 extolletur,
1320 5037 1484 5078 sensu
1515 5023 1699 5076 carnis
1728 5038 1840 5077 suae
1884 5032 2084 5079 temere
2113 5023 2329 5077 inﬂatus
2354 5065 2369 5090 ,

811 5135 989 5191 neque
1012 5125 1174 5188 caput
1202 5098 1391 5171 tenens
1413 5114 1710 5170 secundum
1738 5113 1795 5169 S.
1824 5116 2160 5185 Apostolum.
2191 5115 2371 5183 Quare

813 5224 873 5264 se
902 5209 1155 5263 lsraelem
1185 5221 1337 5269 esse,
1374 5212 1535 5275 atque
1564 5203 1825 5267 Iudaeam,
1863 5205 1997 5259 nihil
2029 5205 2175 5260 aliud
2204 5220 2366 5276 quam

816 5297 1221 5354 Palestinorum
1257 5299 1531 5368 regionem
1568 5313 1691 5353 esse
1733 5296 1978 5367 putabit;
2021 5296 2204 5352 locum
2238 5311 2369 5350 vero

816 5386 907 5442 Dei
940 5396 1290 5457 pro‘terrena
1330 5386 1630 5441 Jerusalem
1663 5385 1924 5442 habebit:
1966 5388 2220 5455 quoniam
2264 5386 2369 5443 He-

810 5477 997 5533 braica
1026 5478 1188 5533 lectio
1216 5479 1270 5532 in
1303 5476 1482 5532 Salem
1516 5480 1699 5532 locum
1741 5478 1863 5548 ejus
1904 5474 2106 5531 factum
2135 5491 2258 5533 esse
2289 5478 2372 5531 di-

800 5568 924 5623 cit:
959 5583 1068 5638 quo
1098 5570 1225 5623 item
1262 5569 1424 5622 modo
1464 5570 1660 5639 reliqui
1706 5568 2028 5640 interpretes
2049 5610 2063 5635 ,
2095 5573 2149 5625 in
2190 5568 2368 5625 Solem

811 5658 1100 5726 videlicet,
1131 5662 1440 5715 ediderunt.
1484 5660 1587 5727 Qui
1618 5676 1750 5716 vero
1788 5661 1969 5716 divina
2013 5663 2251 5718 imbutus
2287 5661 2369 5715 di-

811 5751 1042 5820 sciplina
1084 5758 1203 5816 est,
1251 5766 1375 5805 cum
1419 5752 1731 5817 edidicerit,
1780 5768 1889 5809 non
1936 5768 2125 5810 omnes
2172 5754 2263 5825 qui
2304 5769 2369 5808 ex

884 5906 929 5939 ⁸⁸
966 5905 1107 5964 Psal.
1146 5884 1328 5974 ίιιςιν,
1360 5906 1426 5976 4,
1458 5910 1490 5963 5

2474 4749 2864 4819 ταπεινὼτερον
2890 4748 2983 4801 καὶ
3025 4745 3446 4816 Ἰουδαῐκώτερον
3468 4744 3835 4815 ἀκροωμένοις
3864 4743 4032 4814 θυμη-

2474 4838 2590 4892 δίαν
2630 4839 2864 4909 παρέχον
2901 4837 2986 4890 διὰ
3028 4837 3126 4906 τῆς
3168 4834 3482 4907 ὁμωνυμίας
3517 4834 3623 4887 τῶν
3666 4834 4029 4904 δηλουμένων,

2472 4915 2605 5003 ὁμοῦ
2657 4933 2751 4985 καὶ
2782 4932 2923 4995 τοὺς
2968 4929 3329 5002 θεωρητικοὺς
3389 4925 3725 4994 παιδεύματα
3780 4923 4030 4977 διδάσκον

2474 5024 2630 5077 θείων
2658 5023 2956 5093 δογμάτων.
2986 5022 3044 5075 '0
3077 5021 3175 5092 μὲν
3207 5013 3299 5072 οὖν
3338 5016 3603 5080 Ἰουδαῖος,
3624 5015 3782 5069 πλέον
3814 5016 3964 5068 οὐδὲν
3990 5016 4026 5085 ἦ

2473 5116 2610 5187 σὰρξ
2644 5116 2737 5168 καὶ
2772 5110 2909 5185 αἷμα
2942 5113 3239 5183 τυγχάνων,
3286 5107 3548 5178 σαρκίνως
3585 5107 3676 5183 καὶ
3705 5106 4030 5178 σωματικῶς

2468 5206 2755 5261 ἀκούσεται
2789 5205 2896 5259 τῶν
2928 5201 3321 5275 προκειμένων·
3365 5199 3597 5253 κᾶπειτα
3639 5198 4026 5270 ἐπαρθήσεται,

2467 5301 2584 5368 εἰκῇ
2613 5296 2965 5367 φυσιούμενος
2993 5293 3097 5347 ὑπὸ
3125 5290 3219 5344 τοῦ
3242 5290 3359 5353 νοὸς
3382 5290 3480 5361 τῆς
3509 5289 3704 5373 σαρκὸς
3725 5289 3909 5353 αὑτοῦ,
3934 5290 4029 5349 καὶ

2466 5391 2525 5442 οὐ
2552 5388 2765 5461 κρατῶν
2802 5390 2898 5459 τὴν
2927 5384 3163 5455 κεφαλὴν
3190 5381 3330 5437 κατά
3369 5382 3459 5435 τὸν
3498 5382 3638 5453 ἱερὸν
3687 5379 4026 5434 Ἀπόστολον.

2468 5480 2556 5533 Διὸ
2589 5480 2785 5533 ἑαυτὸν
2832 5480 2931 5549 μὲν
2968 5472 3103 5529 εἶναι
3141 5474 3231 5528 τὸν
3275 5471 3487 5545 Ἰσραὴλ
3520 5474 3780 5545 οἰήσεται,
3812 5472 3908 5525 καὶ
3928 5468 4029 5541 τὴν

2481 5572 2734 5624 Ἰουδαίαν
2759 5570 2864 5623 οὐδ’
2909 5567 3100 5639 ἐτέραν
3142 5562 3277 5618 εἶναι
3306 5565 3405 5635 τῆς
3436 5565 3805 5618 Παλαιστίνων
3822 5560 4025 5633 χώρας,

2470 5663 2680 5716 καὶτὸν
2721 5663 2882 5716 τόπον
2924 5657 3017 5713 τοῦ
3060 5656 3225 5719 Θεοῦ,
3253 5652 3350 5726 τὴν
3386 5655 3476 5709 ἐπὶ
3500 5658 3602 5728 γῆς
3653 5651 4003 5725 Ἰερουσαλήμ

2471 5753 2826 5825 ἐπειδήπερή
2867 5749 3125 5823 Ἐὁραῖκὴ
3165 5746 3308 5812 λέξις
3347 5748 3587 5818 περιέχει
3616 5750 3672 5801 ἐν
3707 5746 3895 5818 Σαλὴμ
3934 5763 4027 5814 γε-

1587 5912 1630 5943 “
1670 5910 1687 5963 Ι
1720 5911 1844 5969 Cor.
1874 5931 1971 5979 xv,
2001 5914 2092 5981 25,
2126 5914 2215 5969 24.
2293 5915 2333 5945 ³⁵⁷

2475 5913 2557 5966 .th.
2598 5927 2720 5966 xxv:
2742 5953 2756 5980 ,
2790 5909 2880 5966 29.
2957 5909 3001 5943 “
3040 5908 3185 5964 Psal.
3218 5921 3398 5971 anv,
3432 5906 3484 5965 5.
3514 5905 3561 5957 ὃ,
