4294 6394
289 507 389 562 877

1378 509 1871 563 L‘OMMENTARIA
1909 510 1975 565 IN
2009 488 2343 569 PSALMOS.

3352 520 3451 575 878

285 617 493 686 γονέναι
517 614 604 670 τδν
628 615 788 671 τόπον
811 617 989 671 αὑτοῦ⁴
1021 620 1115 679 καὶ
1132 620 1179 672 οἱ
1211 619 1381 671 λοιποὶ
1416 622 1471 674 δὲ
1503 623 1824 692 ἐρμηνευταὶ
1852 630 1898 685 Α
1924 622 1981 677 ἰει

1756 625 1824 675 ταὶ
1852 630 1898 685 Α
1924 622 2119 679 lsraele
2163 632 2316 691 sunt,
2358 624 2516 679 Israel
2550 641 2705 681 esse:
2755 642 2926 697 neque
2968 637 3230 697 quotquot
3271 647 3452 687 semen

284 710 467 762 τοῦτον
496 710 833 780 ἡρμήνευσαν
856 711 944 762 τὸν
970 711 1186 781 τρόπον,
1213 711 1275 763 ἓν
1300 711 1509 780 Ecl-im
1536 713 1820 767 ἐκδεδωκό-

283 816 393 861 τες.
446 800 503 851 '0
529 799 583 851 δὲ
605 802 715 863 τοῖς
739 799 899 862 θείοις
919 800 1147 870 δόγμασι
1178 801 1666 871 μεμαθητευμένος,
1701 821 1815 856 παι-

284 888 508 952 δευθεὶς,
539 890 618 941 ὅτι
644 891 705 942 οὐ
738 890 935 953 πάντες
969 892 1018 943 οἱ
1048 891 1105 957 ἐξ
1164 892 1360 962 Ισραὴλ
1394 885 1538 946 οὗτοι
1584 894 1817 965 Ἰσραὴλ,

286 980 399 1031 οὐδὲ
443 980 556 1033 ὅσοι
595 980 810 1051 σπέρμα
860 981 1105 1051 Ἀϐραάμ
1140 987 1264 1046 εισι,
1306 984 1501 1046 πάντες
1540 985 1716 1037 τέκναο
1759 986 1818 1038 οὐ
1862 1026 1865 1029 -

280 1066 386 1139 γὰρ
400 1068 468 1121 τὰ
486 1070 647 1122 τέκνα
669 1070 765 1138 τῆς
792 1072 985 1139 σαρκὸς
1009 1072 1174 1125 ταῦτα
1194 1074 1351 1126 τέκνα
1400 1074 1492 1127 τοῦ
1521 1076 1672 1141 Θεοῦ,
1691 1077 1821 1130 ἀλλὰ

280 1154 350 1208 τὰ
374 1156 538 1209 τέκνα
578 1158 675 1226 τῆς
711 1158 1034 1226 ἐπαγγελίας
1064 1160 1330 1228 λογίζεται
1373 1165 1450 1224 είς
1481 1164 1713 1235 σπέρμα·
1744 1165 1819 1217 ἔτι

278 1261 337 1299 τε
377 1246 684 1309 ἐπακούσας
725 1247 819 1300 τοῦ
863 1250 1025 1303 αὐτοῦ
1072 1251 1382 1305 ’Δποστόλου
1422 1250 1686 1321 λέγοντος,
1742 1259 1821 1309 Οὺ

279 1332 388 1403 τύρ
426 1339 460 1389 ὁ
502 1336 571 1389 ἐν
620 1335 698 1401 τῷ
720 1338 950 1407 φανερῷ
997 1340 1267 1406 Ἰουδαῖός
1297 1343 1484 1407 ἐστιν,
1519 1345 1656 1398 οὐδὲ
1690 1347 1727 1412 ή
1755 1348 1824 1399 ἐν

277 1422 357 1489 τῷ
383 1425 613 1494 φανερῷ
640 1427 707 1479 ἐν
737 1428 911 1495 σαρκὶ
944 1431 1239 1500 περιτομή’
1268 1432 1402 1487 ἀλλ’
1437 1436 1469 1487 ό
1491 1435 1559 1488 ἐν
1582 1434 1661 1499 τῷ
1683 1454 1821 1504 κρυ-

278 1514 402 1579 πτῷ
453 1515 745 1581 Ἰουδαῖος,
798 1519 895 1572 καὶ
937 1511 1215 1590 περιτομὴ
1265 1520 1508 1590 παρδίας
1546 1524 1615 1575 ἐν
1648 1526 1822 1578 πνεύ-

272 1623 430 1675 ματι,
465 1609 534 1659 οὐ
564 1606 867 1676 γράμματιο
901 1606 972 1664 οὗ
1007 1613 1039 1663 ό
1075 1610 1316 1676 ἔπαινος
1352 1613 1465 1681 οὐκ
1501 1611 1569 1675 ἐξ
1607 1613 1823 1681 ἀνθρώ-

276 1710 424 1761 πων,
469 1698 602 1751 ἀλλ’
643 1698 710 1749 ἐκ
753 1697 860 1751 τοῦ
906 1699 1069 1753 Θεοῦ
1116 1702 1207 1753 καὶ
1252 1701 1429 1754 πάλινο
1484 1701 1669 1769 Ἡμεῖς
1712 1703 1820 1771 γάρ

272 1789 459 1858 ἐσμεν
488 1789 557 1842 ἐν
585 1790 865 1861 περιτομῇ
896 1795 950 1845 ol
977 1793 1045 1845 ἐν
1076 1792 1363 1861 πνεύματι
1402 1790 1547 1845 Θεοῦ
1575 1794 1820 1861 λατρεύ-

273 1896 462 1945 οντες,
493 1880 589 1933 καί
613 1884 721 1936 οὐκ
752 1884 820 1935 ἐν
846 1882 1019 1951 σαρκὶ
1045 1884 1404 1947 πεποιθότες·
1446 1881 1523 1934 ἔτι
1565 1882 1669 1953 μὴν
1704 1885 1822 1936 ὲπι-

1918 713 2216 780 Abraham,
2256 715 2394 771 ﬁlios
2435 717 2556 785 ejus
2596 732 2714 771 esse
2751 736 2763 771 :
2796 733 2905 772 non
2935 719 3077 772 enim
3110 719 3203 774 ﬁlii
3234 724 3415 778 carnis
3436 762 3452 787 ,

1919 804 1954 856 ii
1988 804 2078 856 lilii
2113 803 2205 858 Dei
2238 814 2394 868 sunt,
2427 804 2520 860 sed
2564 804 2654 859 lilii
2699 808 3105 875 promissionis,
3150 808 3186 860 ii
3230 824 3328 877 pro
3368 826 3455 865 se-

1919 895 2062 949 mine
2094 904 2513 965 computantur;
2544 912 2665 951 cum
2699 898 2928 952 audierit
2967 899 3089 953 item
3134 901 3265 955 illud
3310 904 3456 972 Apo-

1920 981 2041 1035 stoli
2072 982 2306 1047 dictum,
2342 983 2463 1036 Non
2495 985 2628 1037 enim
2667 987 2753 1053 qui
2794 987 2845 1038 in
2891 988 3193 1055 manifesto,
3235 990 3452 1046 Judwus

1918 1080 2027 1135 est,
2058 1088 2211 1141 neque
2239 1089 2352 1142 qua:
2380 1073 2433 1125 in
2469 1075 2744 1141 manifesto
2786 1077 2838 1127 in
2868 1092 3021 1129 carne
3057 1086 3132 1129 est
3179 1079 3454 1143 circumci-

1918 1162 2032 1222 sio;
2059 1166 2144 1214 sed
2166 1164 2254 1232 qui
2274 1164 2326 1215 in
2349 1164 2670 1225 abscondito,
2691 1163 2906 1219 Iudaeus
2931 1176 3006 1221 est
3026 1184 3042 1219 :
3064 1178 3111 1221 et
3132 1164 3454 1223 circumcisio

1922 1251 2090 1304 cordis
2121 1253 2176 1303 in
2208 1252 2418 1320 spiritu,
2454 1270 2552 1305 non
2585 1254 2780 1319 littera,
2813 1256 2961 1323 cujus
2995 1259 3111 1311 laus
3141 1275 3242 1311 non
3272 1274 3335 1312 ea:
3361 1259 3454 1313 ho-

1922 1340 2177 1405 minibus,
2211 1342 2299 1395 sed
2331 1356 2395 1394 ea:
2429 1342 2536 1396 Deo
2563 1352 2640 1396 est
2673 1344 2746 1409 ‘9;
2780 1359 2841 1399 ac
2882 1360 3131 1411 rursum,
3180 1346 3291 1401 Nos
3318 1351 3455 1403 enim

1920 1446 2097 1484 sumus
2123 1431 2179 1483 in
2207 1423 2596 1487 circumcisione
2621 1434 2706 1502 qui
2738 1434 2793 1485 in
2834 1436 3019 1502 spiritu
3052 1435 3146 1489 Dei
3169 1438 3414 1492 servimus
3435 1476 3453 1502 ,

1919 1536 2076 1589 neque
2116 1521 2171 1572 in
2216 1538 2372 1575 carne
2408 1522 2721 1591 conﬁdimus
2750 1526 2837 1591 '°;
2875 1541 2995 1579 cum
3038 1527 3457 1582 consideraverit

1918 1611 2077 1663 etiam
2112 1611 2241 1664 illud
2262 1652 2277 1675 ,
2310 1610 2567 1679 Respicite
2608 1612 2781 1668 Israel
2819 1617 3099 1669 secundum
3147 1626 3354 1671 carnem
3382 1620 3451 1682 εί,

1887 1707 2101 1775 ,υιροιε
2140 1701 2343 1755 scilicet
2380 1703 2485 1756 alio
2521 1705 2847 1770 exsistente,
2876 1707 2967 1776 qui
3004 1723 3113 1761 non
3155 1709 3452 1764 secundum

1918 1805 2135 1845 carnem
2154 1830 2169 1855 ,
2202 1791 2295 1847 sed
2322 1794 2616 1848 secundum
2648 1796 2895 1864 spiritum
2925 1813 3086 1853 verus
3126 1798 3290 1854 Israel
3318 1809 3408 1856 est
3434 1820 3449 1868 ;

1918 1880 2031 1935 hac
2059 1882 2284 1938 edoctus
2303 1922 2318 1947 ,
2349 1900 2535 1939 verum
2565 1885 2812 1941 lsraelem
2842 1887 3086 1943 admittet
3114 1905 3235 1945 eum
3265 1892 3357 1961 qui
3384 1909 3453 1947 ex

274 1971 476 2040 στήσας
500 1972 581 2035 τὸ,
613 1971 868 2026 Βλέπετε
912 1972 1015 2025 τὸν
1056 1972 1287 2040 Ἰσραὴλ
1318 1973 1467 2026 κατὰ
1494 1972 1705 2041 σάρκα,
1744 1974 1818 2038 ὡς
1848 1960 1889 2014 Β
1917 1985 1970 2040 οι

1755 1974 1818 2038 ὥς
1848 1960 1889 2014 Β
1917 1985 2079 2040 opere
2105 1972 2522 2031 demonstratur.
2550 1975 2752 2032 Nomen
2780 1992 2940 2047 porro
2968 1971 3226 2048 accipitur
3257 1960 3356 2051 pro
3385 1999 3451 2038 eo

272 2062 457 2133 ἑτέρου
490 2061 639 2126 ὄντος
668 2061 760 2115 τοῦ
792 2064 863 2133 μὴ
887 2063 1026 2116 κατὰ
1059 2064 1252 2131 σάρκα,
1286 2063 1419 2116 ἀλλὰ
1440 2063 1577 2116 κατὰ
1605 2064 1819 2135 πνεῦμα

270 2153 520 2223 ἀληθινοῦ
563 2154 790 2225 Ἰσραήλο
816 2154 1020 2218 τούτοις
1052 2154 1545 2225 μεμαθητευμένος,
1574 2154 1663 2207 τὸν
1692 2154 1820 2225 ἀλη-

273 2244 412 2299 θινὸν
456 2244 665 2316 Ἰσραὴλ
695 2233 965 2310 ἐκδέξεται
993 2241 1128 2300 εἶναι
1156 2246 1253 2298 τὸν·
1277 2247 1341 2299 ὲκ
1375 2245 1467 2299 τοῦ
1503 2247 1821 2318 πράγματος

274 2326 678 2407 σημαινόμενον.
712 2335 1194 2407 Μεταλαμϐάνεται
1216 2335 1345 2406 γοῦν
1370 2336 1602 2408 τοῦνομα
1627 2341 1705 2411 είς
1730 2339 1817 2391 τὸν

270 2426 477 2499 δρῶντα
501 2429 591 2482 τὸν
619 2428 767 2481 Θεόν·
796 2429 889 2483 τὸν
928 2429 1226 2499 διορατικὸν
1266 2429 1443 2482 τοίνυν
1470 2429 1563 2482 καὶ
1592 2422 1815 2498 γνωστι-

271 2519 361 2571 κὸν
387 2519 480 2571 καὶ
511 2516 923 2589 ἐπιστημονικὸν
952 2518 1115 2588 ἄνδρα
1154 2519 1310 2589 μόνον
1348 2513 1482 2571 εἶναι
1519 2504 1606 2570 τδν
1636 2519 1817 2589 ἀληθι-

270 2604 356 2660 νὸν
390 2610 601 2680 Ἰσραὴλ
620 2610 989 2677 ἀπφανεῖται·
1013 2608 1071 2660 ὃν
1093 2610 1125 2679 ή
1158 2606 1294 2677 μετὰ
1317 2612 1501 2677 χεῖρας
1524 2608 1815 2678 παρίστησι

270 2697 410 2763 λέξις
455 2684 750 2767 φάσκουσα·
800 2700 894 2751 Ἐν
932 2697 1010 2763 τῷ
1054 2698 1291 2765 Ἰσραὴλ
1329 2697 1481 2766 μέγα
1523 2698 1588 2752 τὸ
1633 2699 1815 2767 ἄνομα

269 2788 471 2843 αὐτοῦ.
510 2788 745 2858 Ἐλέγχει
776 2788 834 2841 δὲ
861 2788 949 2841 τὸν
987 2788 1231 2842 Ἰουδαῖον
1259 2787 1538 2853 οὺκᾶξιον
1568 2789 1692 2842 δντα
1715 2789 1814 2858 τῆς

222 2940 227 2943 δ
271 2878 633 2951 προσηγορίας
663 2878 757 2931 τοῦ
793 2878 1004 2950 Ἰσραὴλ
1048 2882 1078 2933 ὁ
1120 2881 1449 2951 προφητικδς
1490 2880 1643 2948 λόγος
1681 2879 1814 2933 ἀπο-

267 2971 567 3043 τεινόμενος
586 2970 721 3043 πρὸς
740 2970 933 3035 αὐτοὺς
955 2972 1045 3025 καὶ
1065 2970 1253 3040 λέγων·
1281 2958 1422 3025 Οὐαὶ
1447 2972 1621 3038 ἔθνος
1643 2972 1815 3041 ἀμαρ-

267 3060 477 3127 τωλὸν,
518 3061 666 3126 λαὸς
701 3059 934 3130 πλήρης
974 3059 1281 3129 ἁμαρτιῶν
1341 3062 1453 3126 καὶ,
1504 3062 1814 3116 Ἀκούσατε

266 3142 451 3221 λόγον·
483 3154 721 3221 Κιψίου,
749 3150 1030 3221 ἄρχοντες
1056 3151 1346 3220 Σοδόμων·
1374 3152 1695 3221 προσέχετε
1717 3154 1814 3206 νό-

262 3260 381 3312 μον
411 3244 576 3307 Θεοῦ,
622 3244 1123 3312 λαὸς-Γομόρρας.
1160 3243 1366 3315 Ὥσπερ
1409 3240 1499 3299 οὖν
1533 3245 1562 3297 ὁ
1593 3245 1811 3312 φάσκων

267 3334 393 3405 περὶ
422 3332 528 3384 τῶν
551 3332 735 3387 ἐθνῶν·
763 3333 904 3389 Διότι
932 3333 1023 3385 ἀπ’
1044 3334 1311 3387 ἀνατολῶν
1348 3334 1494 3404 ἡλίου
1537 3334 1694 3406 μέχρι
1722 3334 1811 3386 δυ-

268 3421 418 3493 σμῶν
441 3422 744 3487 δεδόξασται
775 3423 834 3477 τὸ
860 3422 1027 3493 ὄνομα
1057 3424 1217 3476 αὐτοῦ
1255 3427 1314 3477 ὲν
1348 3428 1455 3487 τοῖς
1494 3424 1687 3490 ἔθνεσι,
1717 3424 1813 3479 καὶ

263 3512 334 3566 ἐν
365 3512 543 3563 παντὶ
573 3511 730 3577 τόπῳ
761 3511 1017 3579 θυμίαμα
1059 3513 1414 3581 προσάγεται
1456 3513 1534 3579 τῷ
1574 3515 1813 3582 ὀνόματί

259 3619 398 3671 μου,
437 3601 536 3654 καὶ
572 3604 751 3655 θυσία
791 3601 1030 3669 καθαρά⁶
1072 3604 1164 3655 καὶ
1194 3604 1370 3656 πάλιν⁸
1400 3606 1549 3656 Διότι
1567 3603 1719 3671 μέγα
1746 3603 1811 3657 τὸ

266 3692 449 3762 ὄνομά
477 3710 594 3761 μου
624 3693 691 3745 ἐν
722 3691 845 3759 τοῖς
878 3694 1097 3756 ἔθνεσι,
1132 3692 1313 3762 σαφῶς
1341 3694 1627 3763 παρίστησι
1659 3694 1812 3746 δύνα-

266 3784 387 3839 σθαι
414 3784 484 3837 τὰ
504 3784 627 3857 ἔθνη
657 3780 792 3838 εἶναι
810 3784 899 3837 τὸν
936 3783 1165 3855 Ἰσραὴλ,
1199 3783 1353 3856 εἴπερ
1377 3784 1446 3837 ἐν
1466 3783 1543 3848 τῷ
1576 3784 1810 3852 Ἰσραὴλ

222 3942 225 3943 ν
438 3874 504 3928 τὸ
531 3874 714 3943 ὄνομα
735 3873 937 3928 αὐτοῦ.
966 3876 1072 3928 Καὶ
1103 3875 1235 3945 πρὸς
1262 3875 1356 3944 μὲν
1394 3874 1675 3937 Ἰουδαίους
1700 3874 1811 3927 ἐλέ-

263 3982 404 4035 γετοι
422 3965 603 4034 Ὑμεῖς
616 3960 1013 4033 δέβεὸηλοῦτε
1025 3966 1189 4030 αὐτὸ,
1206 3965 1360 4035 δῆλον
1378 3966 1422 4018 δ’
1447 3966 1528 4018 ὄτι
1542 3966 1602 4018 τδ
1646 3964 1810 4035 ὄνομα

260 4058 355 4113 τοῦ
382 4052 536 4113 Θεοῦ.
570 4060 679 4114 Καὶ
708 4056 859 4123 αὖθις
894 4059 1103 4131 εἴρηται
1146 4057 1281 4129 πρὸς
1311 4060 1523 4123 αὐτούς’
1558 4060 1635 4111 Δι’
1658 4057 1811 4126 ὑμᾶς

262 4149 585 4217 διαπαντὸς
621 4151 685 4206 τὸ
731 4150 914 4220 ὄνομά
956 4167 1073 4221 μου
1114 4148 1556 4218 βλασφημεῖται
1590 4150 1659 4203 ἐν
1688 4148 1811 4215 τοῖς

260 4242 517 4296 ἔθνεσιν.
562 4243 625 4294 El
661 4241 834 4294 τοίνυν
872 4243 904 4310 ή
942 4240 1076 4310 μετὰ
1122 4243 1305 4313 χεῖρας
1341 4240 1529 4311 Γραφὴ
1576 4240 1809 4293 διδάσκει

262 4334 464 4390 ἐκεῖνον
491 4326 627 4384 εῖναι
654 4331 742 4383 τὸν
786 4330 1015 4401 Ἰσραὴλ,
1050 4331 1177 4400 παρ’
1200 4322 1244 4396 ᾧ
1266 4329 1332 4381 τὸ
1366 4329 1460 4382 τοῦ
1492 4328 1624 4383 Θεοῦ
1657 4329 1809 4393 δοξά-

262 4424 413 4490 ζεται
440 4416 626 4494 ὄνομα,
658 4423 723 4474 ὲκ
751 4421 857 4475 τῶν
885 4420 1181 4492 εἰρημένων
1207 4420 1396 4489 γένοιτ’
1420 4422 1485 4475 ἂν
1518 4422 1809 4494 κατάδηλος

260 4516 291 4570 δ
331 4513 555 4583 ὀφείλων
604 4511 849 4580 λέγεσθαι
880 4511 1079 4581 κυρίως
1133 4511 1361 4583 Ἰσραήλ.
1423 4513 1717 4583 Ἀναλόγως
1752 4514 1809 4567 δὲ

1918 2063 2010 2132 qui
2041 2064 2175 2118 videt
2204 2065 2409 2130 Deam;
2439 2083 2567 2138 ergo
2605 2069 2779 2123 virum
2824 2072 3214 2140 perspicacem,
3256 2074 3452 2129 notitia

1915 2154 2196 2225 praeditum
2228 2164 2282 2212 et
2310 2158 2525 2213 doctum
2548 2199 2563 2223 ,
2606 2161 2777 2214 solum
2815 2176 2936 2217 esse
2976 2177 3161 2221 verum
3200 2163 3450 2220 lsraelem

1915 2247 2245 2313 declarabit,
2288 2249 2499 2318 qualem
2546 2250 2659 2304 haec
2697 2251 2965 2306 sententia
3009 2253 3187 2322 prodit
3230 2254 3447 2322 dicens,

1917 2336 1983 2390 In
2006 2336 2177 2391 Israel
2201 2354 2444 2407 magnum
2469 2356 2651 2415 nomen
2672 2341 2805 2410 ejus.
2829 2342 3039 2397 Evincit
3062 2360 3190 2399 vero
3208 2342 3450 2401 Judaeum

1914 2426 2126 2483 lsraelis
2153 2430 2373 2489 nomine
2399 2431 2617 2501 dignum
2648 2448 2755 2487 non
2793 2444 2904 2488 esse
2933 2435 3291 2503 prOpheticus
3336 2452 3452 2491 ser-

1914 2530 2002 2570 mo
2020 2555 2036 2580 ,
2066 2517 2158 2587 qui
2190 2518 2337 2587 ipsos
2364 2520 2586 2589 respicit
2617 2529 2670 2575 et
2696 2523 2777 2578 sic
2807 2522 2969 2577 habet
2998 2543 3010 2578 :
3050 2522 3139 2576 Vae
3165 2525 3306 2594 genti
3333 2541 3451 2595 pec-

1914 2604 2097 2657 catrici
2116 2644 2132 2669 ,
2156 2609 2345 2674 populo
2371 2608 2520 2675 pleno
2552 2611 2776 2676 peccatis
2810 2612 2892 2679 ";
2919 2621 2999 2679 et,
3029 2610 3219 2666 Audite
3245 2613 3453 2667 verbum

1912 2692 2144 2763 Domini,
2172 2698 2427 2766 principes
2477 2698 2819 2754 Sodomorum
2840 2718 2859 2755 :
2904 2701 3153 2756 attendite
3186 2703 3286 2773 legi
3314 2703 3449 2769 Dei,

1911 2786 2128 2855 populus
2156 2786 2458 2843 Gomorrlm:
2483 2789 2549 2841 ".
2585 2788 3044 2854 Quemadmodum
3078 2794 3240 2846 etiam
3266 2795 3357 2863 qui
3385 2795 3452 2848 de

1914 2875 2161 2954 gentibus
2184 2876 2348 2941 dicit,
2379 2878 2684 2954 ab’oriente
2744 2879 2857 2933 sole
2908 2895 3076 2949 usque
3102 2881 3166 2935 ad
3194 2881 3447 2937 occiden-

1914 2948 2053 3029 tem’,
2087 2965 2254 3035 gloria
2283 2966 2545 3021 celebrari
2582 2951 2772 3022 nomen
2806 2984 2962 3022 suum
2992 2948 3047 3023 in
3075 2973 3323 3039 gentibus
3351 2989 3365 3038 ;
3396 2983 3447 3027 et

1912 3057 1965 3109 in
1998 3057 2137 3109 omni
2166 3056 2276 3111 loco
2298 3097 2313 3122 ,
2343 3059 2445 3121 ait,
2483 3059 2767 3127 thymiama
2795 3060 3009 3129 oﬁ'ertur
3038 3064 3232 3116 nomini
3261 3081 3369 3118 meo
3397 3077 3447 3119 et

1914 3147 2229 3216 sacriﬁcium
2258 3150 2507 3202 mundum
2535 3149 2617 3216 5‘;
2647 3160 2708 3204 ac
2736 3166 2950 3205 rursum
2972 3190 2986 3215 ,
3029 3151 3166 3217 Quia
3207 3170 3450 3224 magnum
3474 3208 3491 3224 ο

1912 3244 1988 3288 est
2012 3252 2195 3289 nomen
2217 3253 2387 3290 meum
2406 3239 2457 3291 in
2479 3238 2713 3306 gentibus
2733 3239 2812 3304 ";
2838 3246 3018 3306 aperte
3040 3239 3274 3293 declarat
3294 3255 3452 3310 posse

1913 3333 2100 3395 gentes
2128 3326 2293 3381 Israel
2320 3342 2473 3391 esse,
2506 3327 2771 3396 siquidem
2801 3329 2855 3380 in
2889 3326 3056 3381 Israel
3085 3346 3326 3401 magnum
3357 3349 3452 3386 no-

1912 3433 2027 3469 men
2055 3417 2188 3485 ejus.
2218 3415 2418 3472 Judmis
2445 3433 2572 3472 vero
2603 3416 2916 3471 dicebatur:
2954 3416 3054 3469 Vos
3086 3429 3257 3472 autem
3279 3419 3453 3488 profa-

1910 3509 2050 3562 natis
2074 3508 2206 3562 illud
2232 3510 2297 3573 ",
2328 3508 2576 3563 videlicet
2604 3522 2798 3563 nomen
2827 3504 2937 3561 Dei.
2969 3505 3313 3583 Rursumque
3345 3511 3452 3566 illis

1910 3599 2116 3653 dictum
2158 3608 2242 3655 est
2265 3618 2277 3655 :
2304 3599 2522 3667 Propter
2559 3616 2645 3653 vos
2683 3612 2875 3665 semper
2903 3613 3081 3653 nomen
3110 3614 3277 3651 meum
3307 3599 3451 3655 blas-

1909 3688 2183 3755 phematur
2221 3690 2275 3742 in
2316 3692 2551 3759 gentibus
2580 3691 2647 3743 ⁸⁷.
2684 3689 2739 3743 Si
2783 3690 2963 3758 itaque
3010 3683 3123 3741 haec
3172 3686 3450 3760 Scriptura

1908 3778 2063 3831 docet
2093 3780 2242 3841 illum
2274 3796 2394 3836 esse
2438 3780 2686 3837 lsraclem
2731 3795 2893 3850 penes
2941 3795 3097 3849 quem
3132 3796 3327 3835 nomen
3355 3781 3451 3837 Dei

1910 3869 2353 3933 celebratur,“
2387 3872 2499 3940 jam
2546 3872 2708 3925 dictis
2754 3871 3096 3927 manifestum
3147 3872 3309 3927 fuerit
3356 3874 3450 3941 qui

1908 3976 2034 4016 vere
2079 3968 2132 4016 et
2178 3962 2393 4031 proprie
2440 3961 2605 4017 Israel
2647 3964 2920 4018 vocandus
2948 3963 3037 4017 sit.
3093 3962 3451 4032 Proportione

1870 4090 1873 4093 ν
1909 4051 2138 4121 quadam
2173 4050 2240 4105 de
2267 4040 2449 4105 Iudaea
2484 4052 2624 4107 idem
2660 4036 3110 4122 intelligas-Nam
3144 4052 3235 4105 ubi
3265 4054 3453 4123 cogni-

1909 4140 1999 4194 tio
2029 4139 2123 4194 Dei
2172 4147 2287 4205 est,
2335 4140 2412 4194 ibi
2460 4138 2650 4202 Judzea,
2690 4141 2922 4197 exsistit.
2970 4139 3125 4207 Quod
3160 4141 3244 4211 bis
3270 4142 3451 4207 verbis

1910 4232 2189 4301 Scriptura
2231 4231 2507 4287 declarat:
2547 4230 2719 4286 Notus
2760 4233 2815 4285 in
2858 4231 3049 4286 Judaza
3092 4230 3251 4287 Deus.
3297 4232 3451 4298 Quod

1910 4324 1956 4379 si
1985 4323 2038 4377 id
2069 4338 2178 4377 non
2202 4324 2258 4377 in
2286 4321 2468 4378 Judaza
2490 4363 2504 4387 ,
2538 4324 2651 4378 sive
2680 4324 2734 4378 in
2762 4320 3168 4397 Palaestinorum
3197 4334 3340 4379 terra
3368 4340 3455 4383 re.

1910 4416 2133 4485 peritur,
2182 4430 2304 4469 cum
2338 4416 2506 4489 multa
2550 4414 2621 4469 ibi
2669 4414 2969 4469 idololatria
3022 4414 3205 4480 fuerit,
3236 4415 3453 4485 quando

1910 4506 2035 4559 olim
2080 4504 2246 4583 Judaei
2296 4505 2438 4560 idola
2481 4505 2764 4572 colebant,
2799 4509 2872 4557 ita
2902 4512 2961 4559 ut
2992 4505 3266 4573 prophetae
3304 4506 3452 4575 ipsos

246 4605 435 4677 τούτῳ
466 4605 672 4677 νοήσεις
699 4604 790 4656 καὶ
815 4600 911 4673 τὴν
955 4601 1229 4656 Ἰουδαίανο
1274 4602 1399 4657 ἔνθα
1436 4604 1542 4675 γάρ
1587 4605 1730 4656 ἐστιν
1773 4606 1886 4683 in)
1911 4612 1942 4652 c

1773 4606 1886 4683 ήυ
1911 4605 2266 4669 coarguerent
2291 4612 2353 4652 ac
2381 4596 2655 4661 dicerent,
2694 4594 2833 4649 Nam
2864 4595 3143 4649 secundum
3180 4613 3449 4651 numerum

262 4696 459 4767 γνῶσις
483 4693 577 4748 τοῦ
611 4692 763 4760 Θεοῦ,
792 4692 927 4763 αὕτη
963 4692 1106 4744 ἐστὶν
1132 4696 1165 4763 ἡ
1211 4692 1454 4747 Ἰουδαία.
1488 4694 1653 4747 Τοῦτο
1682 4694 1809 4763 γοῦν
1853 4758 1858 4763 ,
1914 4688 1958 4741 ci

1754 4694 1809 4748 ῠν
1853 4758 1858 4763 .
1914 4688 2179 4741 civitatum
2217 4696 2426 4739 tuarum
2457 4694 2603 4739 erant
2635 4684 2712 4736 dii
2752 4685 2847 4749 tui,
2883 4683 3060 4749 Iuda,
3093 4695 3141 4739 et
3169 4686 3450 4765 secundum

262 4789 298 4859 ἠ
334 4788 374 4841 Γ
379 4786 523 4859 ραφὴ
563 4786 852 4858 παρίστησι
884 4783 1128 4851 λέγουσιν
1159 4783 1436 4849 Γνωστὸς
1463 4784 1532 4837 ἐν
1562 4783 1635 4851 τῇ
1675 4785 1811 4838 Ἰου-

262 4879 399 4946 Gala
423 4882 456 4932 ό
488 4879 648 4943 Θεός.
680 4878 743 4930 El
770 4877 825 4929 δὲ
859 4875 930 4946 μὴ
954 4875 1014 4927 τὸ
1035 4876 1262 4945 πρᾶγμα
1289 4874 1380 4927 ἐπὶ
1404 4878 1501 4946 τῆς
1520 4874 1807 4939 Ἰουδαίας,

261 4967 403 5036 λέγω
420 4969 475 5021 δὲ
492 4969 589 5038 τῆς
613 4967 976 5020 Παλαιστίνων
999 4964 1177 5035 χώρας
1202 4964 1520 5033 εὑρίσκοιτο,
1552 4966 1808 5036 πλείστης

264 5057 426 5129 οὔσης
452 5046 881 5129 είδιυλολατρείας
904 5058 962 5111 ὲν
987 5058 1120 5127 αὐτῇ
1144 5056 1455 5126 γενομένης,
1478 5056 1655 5111 αὐτῶν
1686 5058 1807 5110 Ἰουο

265 5151 425 5204 δαίων
450 5150 517 5202 τὸν
536 5150 754 5203 παλαιὸν
778 5148 1317 5221 είδωλολατρευόντων
1339 5148 1395 5199 ὲν
1417 5146 1573 5217 αὐτῇ,
1594 5148 1669 5209 ὡς
1687 5149 1811 5211 τοὺς

266 5243 545 5314 προφήτας
582 5240 897 5311 ἀπελέγχειν
941 5242 1133 5303 αὐτοὺς
1167 5239 1260 5291 καὶ
1296 5237 1494 5305 λέγειν
1518 5237 1678 5291 Κατὰ
1701 5237 1812 5306 γὰρ

264 5336 369 5387 τὸν
391 5322 637 5400 ἀριθμὸν
663 5328 779 5383 τῶν
804 5330 1038 5385 πόλεών
1065 5346 1178 5384 σου
1202 5320 1362 5397 ἦσαν
1381 5326 1502 5381 θεοί
1523 5340 1637 5380 σου
1658 5328 1809 5380 ’Ἰού-

220 5450 223 5451 ν
266 5424 357 5489 δα,
381 5422 476 5476 καὶ
504 5422 652 5474 κατὰ
669 5408 907 5489 ἀριθμὸν
926 5420 1203 5490 ἀμφόδων
1231 5415 1606 5488 Ἰερουσαλὴμ
1631 5417 1809 5471 ἔθυον

266 5515 338 5584 τῇ
370 5512 553 5568 Βαάλ·
582 5509 696 5573 πῶς
715 5510 933 5563 δυνατὸν
956 5512 1156 5582 ταύτην
1193 5506 1327 5564 εἶναι
1352 5505 1599 5576 λέγεσθαι
1620 5505 1717 5577 τὴν
1743 5506 1804 5559 τὸ

267 5599 499 5668 γνωστὸν
527 5595 619 5654 τοῦ
648 5595 781 5648 Θεοῦ
810 5598 1145 5667 κεκτημένην
1176 5596 1461 5661 Ίουδαίαν;
1508 5593 1606 5648 Διὰ
1650 5593 1702 5647 τί
1744 5586 1819 5648 δὲ·

1915 4793 2184 4831 numerum
2241 4775 2493 4829 bibiOrum
2565 4771 2859 4826 Jerusalem
2917 4775 3289 4843 sacriﬁcabant
3355 4776 3454 4843 ipsi

1913 4869 2050 4922 Baal
2079 4867 2145 4927 ⁵⁸,
2173 4866 2265 4935 qui
2298 4865 2412 4918 ﬁeri
2440 4873 2616 4933 potest
2644 4864 2781 4918 hanc
2809 4864 2913 4917 dici
2942 4860 3181 4919 Judmam
3218 4881 3334 4934 quae
3360 4881 3452 4923 no~

1912 4958 2084 5011 titiam
2117 4955 2208 5009 Dei
2242 4954 2525 5009 obtineat?
2554 4954 2665 5008 Cur
2691 4956 2819 5009 item
2845 4969 2952 5009 non
2986 4954 3138 5010 dicas
3168 4940 3449 5026 :Egyptio4

1910 5065 2027 5103 rum
2059 5047 2329 5117 regionem
2352 5061 2421 5101 eo
2449 5047 2710 5103 vocabulo
2736 5049 2981 5118 dignam,
3013 5048 3078 5102 de
3107 5062 3211 5116 qua
3246 5046 3448 5104 dictum

1909 5148 2023 5205 est,
2064 5136 2145 5190 Ει
2160 5137 2257 5190 erit
2288 5136 2455 5192 altare
2485 5137 2705 5191 Domino
2739 5139 2789 5191 in
2824 5147 2961 5191 terra
3004 5135 3220 5206 [Egypti
3248 5136 3330 5201 ";
3384 5150 3447 5188 ae

1909 5244 2096 5283 rursus
2116 5271 2129 5291 ,
2178 5226 2247 5281 Et
2273 5239 2428 5283 notus
2473 5230 2571 5283 erit
2615 5227 2865 5281 Dominus
2893 5226 3204 5297 [Ερωτιϋεῖ
3236 5223 3367 5278 Nam
3401 5227 3447 5281 si

1908 5336 2071 5391 penes
2108 5334 2202 5397 eos
2233 5321 2432 5390 quibus
2466 5329 2627 5375 notus
2660 5327 2743 5375 est
2778 5317 2917 5374 ῐιέ-νιδ
2945 5317 3126 5372 Judzea
3155 5317 3446 5386 reperitur,

1907 5408 2035 5481 quid
2080 5410 2336 5478 impediat
2378 5410 2668 5480 quominus
2715 5410 2905 5465 omnes
2951 5406 3043 5477 qui
3084 5407 3445 5475 cognitionem

1909 5501 2001 5557 Dei
2030 5510 2353 5571 acceperunt
2375 5501 2431 5555 in
2450 5500 2634 5556 Iudaea
2658 5516 2779 5556 esse
2807 5497 3095 5555 dicantur?
3120 5496 3298 5567 Quare
3322 5511 3446 5550 con-

1906 5600 2189 5663 sequenter
2216 5586 2284 5647 ad
2310 5592 2521 5658 isthmc,
2548 5591 2789 5648 Ecclesia
2818 5589 2908 5644 Dei
2937 5604 3032 5659 per
3059 5594 3231 5645 totum
3259 5588 3443 5645 orbem

340 5813 383 5847 δ’
416 5814 579 5887 ξζοιῃ.Δ
608 5815 799 5887 Διι,28,
834 5815 924 5887 29.
972 5816 1044 5887 γξο
1081 5814 1312 5887 Philipp.
1350 5829 1434 5878 Ill,
1469 5815 1524 5887 ξ.
1597 5811 1855 5887 ’ξι-εον.
1889 5812 2036 5887 xuii

1745 5812 1855 5868 sor.
1889 5812 2067 5887 x48.
2112 5812 2340 5887 __"_'lsa.
2380 5829 2432 5875 ι,
2467 5812 2550 5887 ι..Δ
2611 5813 2658 5845 τι
2691 5776 2828 5868 ibid.
2862 5810 2947 5869 io.
3045 5812 3091 5844 ιι
3129 5807 3350 5865 Malach.
3388 5823 3441 5877 ι,

273 5883 356 5939 H.
430 5885 474 5917 "
511 5884 641 5941 ibid.
716 5885 761 5919 ”
795 5886 925 5942 ibid.
960 5885 1043 5940 1‘2.
1120 5887 1163 5918 "
1194 5881 1298 5942 155.
1340 5901 1433 5951 LII,
1476 5883 1526 5935 ὅ.
1629 5881 1809 5955 "_Jcr.
1848 5882 2038 5986 15.28.
2112 5881 2154 5915 ”
2194 5882 2300 5940 lsa.
2335 5899 2454 5951 xu,
2492 5882 2575 5938 19.
