4294 6450
348 603 445 661 881

1434 594 1921 650 (ΣΟΜΜΕΝΤΜΗᾹ
1956 594 2017 648 IN
2060 594 2383 650 PSALMOS.

3367 596 3470 650 882

358 710 675 781 Ἐκκλησίαν
714 710 806 763 τοῦ
840 708 991 768 Θεοῦ,
1026 708 1057 777 ἢ
1092 706 1183 776 τὴν
1215 704 1541 774 ἐπουράνιον,
1575 697 1640 773 ἢν
1668 705 1695 756 ὁ
1728 703 1864 765 θεῖος
1891 718 1929 771 Α
1963 704 2054 756 lim

1772 706 1864 765 εἷος
1891 718 1929 771 Α
1963 704 2087 757 lium
2117 705 2413 774 angelorum
2443 704 2775 773 frequentiam
2800 744 2817 770 ,
2848 714 2895 758 et
2927 703 3207 759 Ecclesium
3247 706 3468 773 primiti-

359 801 670 863 Ἀπόστολος
702 800 930 869 παρίστη
978 798 1164 863 λέγων·
1199 796 1682 862 Προσεληλύθατε
1715 794 1861 847 Σιὼν

344 892 481 960 ὄρει,
513 889 608 943 καί
632 889 795 941 πόλει
819 888 959 941 Θεοῦ
987 883 1190 948 ζῶντος
1223 882 1593 950 Ἰερουσαλὴμ
1622 882 1863 949 ἐπουρα-

343 984 467 1048 νίῳ,
512 982 605 1035 καί
644 980 921 1049 μυριάσιν
956 977 1214 1042 ἀγγέλων
1248 976 1584 1042 πανηγύρει,
1614 974 1707 1027 καί
1740 977 1860 1026 Ἐκ-

344 1073 563 1138 κλησίςι
598 1070 967 1136 πρωτοτόκων
1010 1064 1533 1133 ἀπογεγραμμένων
1574 1064 1641 1116 ὲν
1688 1066 1858 1131 οὐραο

341 1161 485 1226 νοῖς.
520 1158 774 1213 Ἐνταῦθα
803 1158 907 1227 γὰρ
938 1156 1194 1225 μηδεμιᾶς
1227 1155 1487 1224 ἁμαρτίας
1519 1153 1853 1221 ἐνεργούσης,

344 1249 473 1319 μηδέ
499 1266 635 1311 τινος
660 1246 953 1315 ὑφεστῶτος
982 1244 1159 1313 ψυχῶν
1190 1243 1459 1314 πολεμίου,
1494 1244 1858 1311 συντέτριπται

1957 810 2129 847 eorum
2154 796 2240 863 qui
2266 796 2538 862 conscripti
2562 805 2678 847 sunt
2702 796 2754 848 in
2780 790 2915 848 ocelis
2947 797 3009 848 ".
3041 794 3136 849 Hic
3159 798 3298 849 enim
3326 798 3471 850 nullo

1960 894 2179 952 peccato
2207 885 2414 952 vigente
2438 924 2451 947 ,
2484 886 2735 953 nulloque
2762 886 3056 938 animarum
3088 886 3305 938 inimico
3336 888 3472 940 exsi-

1959 982 2165 1038 steute,
2213 977 2463 1043 potentiae
2506 990 2723 1029 arcuum
2763 976 3003 1028 contritis
3034 983 3193 1037 sunt,
3226 976 3387 1027 telum
3419 983 3471 1027 et

1956 1065 2162 1133 gladius
2207 1066 2381 1119 ablata
2424 1072 2547 1119 sunt
2574 1104 2597 1127 ,
2633 1066 2705 1117 ita
2750 1074 2805 1117 ut
2850 1066 2914 1118 de
2957 1064 3021 1117 iis
3062 1065 3150 1132 qui
3193 1064 3282 1116 illa
3330 1080 3473 1117 man-

1959 1155 2108 1208 sione
2136 1155 2335 1222 dignati
2366 1158 2490 1229 sunt
2519 1153 2745 1218 dicatur,
2792 1153 3044 1206 Absccssit
3092 1153 3259 1215 dolor,
3316 1155 3465 1203 tristi-

1964 1244 2038 1295 tia
2065 1254 2111 1296 et
2145 1244 2360 1313 gemitus
2392 1244 2453 1295 ⁸³.
3346 1258 3347 1261 ‘

341 1342 405 1395 τὰ
452 1341 621 1409 κράτη
666 1336 769 1388 τῶν
809 1333 991 1397 τόξων,
1032 1332 1289 1402 ἀνῄρηται
1322 1349 1379 1384 τε
1407 1332 1563 1383 ὅπλον
1604 1332 1692 1382 καὶ
1729 1331 1979 1401 ῥομφαίαο
2035 1333 2108 1394 ὼς
2154 1332 2397 1399 λέγεσθαι
2447 1333 2569 1403 περὶ
2620 1332 2725 1384 τῶν
2779 1330 3197 1400 καταξιουμένων
3228 1332 3322 1401 τῆς
3358 1330 3471 1386 εκεῖ

341 1430 626 1501 διατριϐῆς·
675 1427 906 1493 Ἁπέδρα
938 1425 1115 1491 ὀδύνη
1148 1423 1242 1478 καὶ
1272 1426 1431 1491 λύπη
1463 1424 1557 1476 καί
1588 1426 1929 1491 στεναγμός.

406 1540 666 1607 Φωτίζέις
701 1541 780 1594 σὺ
813 1538 1155 1607 θαυμαστῶς
1197 1538 1311 1592 ἀπὸ
1353 1540 1530 1605 ὀρέων
1577 1540 1850 1601 αὶωνίων,

340 1630 739 1699 ἐταράχθησαν
763 1631 814 1683 οί
840 1629 1109 1683 ἁσύνετοι
1136 1626 1208 1695 τῇ
1240 1626 1461 1694 καρδίᾳ.
1497 1627 1702 1697 Σφόδρα
1732 1629 1855 1679 ἀκο-

340 1718 552 1780 λούθως,
589 1718 721 1787 μετὰ
746 1717 806 1769 τὸ
839 1717 1171 1793 παραστῆσαι
1193 1717 1282 1767 τὸν
1310 1715 1467 1769 τόπον
1494 1716 1584 1768 τοῦ
1611 1716 1763 1778 Θεοῦ,
1783 1718 1857 1768 δι-

336 1803 538 1867 δάσκει,
582 1805 660 1857 ὅτι
704 1804 1107 1857 ἀποκέκλεισται
1134 1802 1259 1855 είσω
1289 1803 1378 1855 τοῦ
1401 1806 1563 1856 τόπου
1610 1806 1768 1858 αὐτοῦ
1793 1806 1857 1857 τὰ

336 1893 527 1961 ἀγαθά*
552 1894 765 1956 ἀκτῖνας
785 1894 829 1946 δ’
853 1896 1030 1963 ὥσπερ
1060 1892 1322 1961 ἐκπέμπει
1346 1894 1437 1945 καὶ
1461 1895 1551 1947 ἐπὶ
1576 1896 1697 1955 τοὺς
1728 1897 1858 1965 πορ-

2024 1538 2183 1594 Vens.
2216 1541 2267 1594 5.
2288 1540 2560 1595 Illumiuas
2583 1554 2636 1594 tu
2656 1542 2957 1595 mirabiliter
2985 1560 3015 1595 a
3046 1541 3296 1595 montibus
3323 1550 3469 1595 teter-

1956 1629 2055 1688 uis,
2093 1628 2286 1683 turbati
2318 1638 2435 1681 sunt
2460 1631 2753 1697 insipientes
2777 1631 2944 1684 corde.
2962 1632 3252 1691 Admodum
3284 1645 3471 1685 conse-

1956 1723 2195 1786 quenter,
2228 1726 2501 1786 postquam
2524 1718 2695 1772 locum
2725 1717 2815 1772 Dei
2854 1719 3161 1781 declaravit,
3179 1718 3331 1773 docet
3365 1733 3469 1772 non

1959 1807 2097 1860 intra
2120 1807 2293 1859 locum
2320 1804 2619 1874 huiusmodi
2647 1805 2891 1859 concludi
2912 1806 3078 1871 bona;
3115 1805 3206 1860 sed
3229 1820 3346 1859 eum
3372 1819 3468 1857 ccu

1958 1896 2137 1950 radios
2172 1895 2361 1948 exinde
2398 1896 2638 1949 emittere
2682 1895 2745 1947 ad
2783 1908 2875 1948 eos
2906 1894 2997 1963 qui
3025 1894 3332 1962 longissime
3382 1894 3469 1947 siti

338 1981 573 2049 ῥωτάτω.
621 1980 709 2034 Διό
750 1998 877 2052 φησι
900 1997 913 2010 ’
947 1980 1202 2043 Φωτίζεις
1254 1979 1332 2032 σὺ
1376 1981 1717 2051 θαυμαστῶς
1748 1982 1860 2036 ἀπὸ
1894 1979 1932 1995 υ
1961 2001 2034 2041 ευ]

1774 1984 1860 2036 mo
1894 1979 1932 1995 ⁹
1961 1992 2109 2063 sunt.
2142 1984 2495 2049 Quamobrem
2525 1983 2599 2037 ait
2629 1999 2642 2035 :
2691 1982 2969 2037 Illuminas
3009 1992 3062 2036 tu
3108 1982 3415 2036 mirabiliter
3438 1999 3470 2035 α

336 2070 512 2138 ὁρέων
539 2070 797 2124 abortum.
843 2069 973 2121 Τίνα
1000 2069 1057 2121 δὲ
1101 2066 1169 2140 ἦν
1206 2070 1272 2124 τὰ
1303 2071 1489 2124 αἰώνια
1532 2072 1651 2143 ὅρη,
1686 2072 1795 2125 ἀλλ’
1827 2074 1858 2143 ἢ
1960 2091 2032 2127 mo

1774 2074 1795 2124 .’
1827 2074 1858 2143 ἢ
1960 2075 2217 2127 montibus
2256 2075 2481 2127 azternis.
2527 2072 2752 2139 Quinam
2783 2082 2989 2128 montes
3029 2073 3105 2127 illi
3134 2071 3336 2134 aeterni,
3366 2071 3470 2125 nisi

236 2193 241 2199 -
296 2142 299 2155 ’
335 2159 467 2213 Σιὼν
516 2144 606 2212 καὶ
648 2161 681 2230 ιι
715 2157 916 2229 Σαλήμ,
946 2158 1014 2211 τὰ
1054 2158 1138 2211 διὰ
1177 2160 1282 2212 τῶν
1331 2142 1627 2232 ἔμπροσθεν
1672 2163 1860 2214 ἀποδο-

1774 2163 1860 2213 δο-
1959 2160 2088 2217 Sion
2121 2169 2174 2216 et
2208 2159 2406 2223 Salem,
2430 2161 2497 2215 de
2537 2161 2731 2229 quibus
2765 2160 3008 2230 superius
3033 2160 3245 2213 actum?
3272 2158 3348 2211 Ex
3380 2173 3470 2213 su-

336 2248 518 2312 θέντα;
552 2247 783 2300 Ἀνωθεν
814 2247 938 2316 γοῦν
968 2249 1073 2301 ἀπὸ
1107 2248 1211 2302 τῶν
1249 2249 1503 2317 οὐρανίων
1542 2250 1859 2320 ὑψωμὰτων,

333 2338 517 2408 ὥσπερ
553 2339 617 2389 ὲκ
650 2337 805 2391 τινῶν
849 2338 1083 2391 αἰωνίων
1100 2338 1256 2409 ὀρῶν,
1292 2338 1388 2401 τὰς
1431 2339 1598 2404 αὐγὰς
1630 2339 1736 2391 τῶν
1767 2332 1862 2408 τῆς

335 2426 580 2498 θεότητος
604 2426 764 2480 αὐτοῦ
798 2428 1184 2499 μαρμαρυγῶν,
1213 2430 1305 2482 καὶ
1337 2428 1504 2499 μέχρι
1516 2430 1619 2481 τῶν
1651 2430 1743 2480 ἐπὶ
1761 2428 1861 2496 γῆς

334 2516 643 2587 ἐκπέμπων,
680 2518 895 2584 φωτίζει
922 2518 1017 2579 τὰς
1048 2516 1154 2569 τῶν
1183 2517 1341 2582 ἀξίων
1368 2516 1558 2588 ψυχὰς,
1591 2517 1862 2585 καταλάμ-

337 2624 449 2659 πων
481 2606 644 2669 αὐτὰς
666 2605 743 2675 τῷ
765 2607 901 2677 ἁγίῳ
921 2605 1078 2673 αὑτοῦ
1104 2606 1397 2677 Πνεύματι⁸
1428 2608 1625 2667 ταύτας
1658 2606 1751 2675 μὲν
1770 2600 1860 2657 οὖν

335 2694 551 2761 φωτίζει
569 2710 583 2723 ν
617 2695 739 2756 τοὺς
762 2694 1074 2758 δὲάναξίους
1102 2694 1207 2746 τῶν
1238 2694 1423 2762 φώτων
1453 2690 1617 2747 αὐτοῦ
1644 2693 1859 2763 προνοίᾳ

332 2783 431 2864 τῆς
471 2781 852 2852 δικαιοκρισίας
890 2780 1046 2833 αὑτοῦ
1080 2781 1474 2853 ,μετερχόμενος
1514 2780 1740 2851 θορυϐεῖ.
1771 2782 1861 2833 Διὸ

336 2871 570 2938 ἐπιλέγει
592 2886 606 2900 ·
660 2868 1096 2939 Ἔταράχθησαν
1134 2870 1350 2933 πάντες
1391 2873 1444 2924 ol
1474 2869 1745 2924 ἀσύνετοι
1785 2869 1859 2938 τῇ

334 2955 559 3024 καρδίᾳ.
607 2955 867 3008 Ἀσύνετοι
909 2957 1015 3027 γὰρ
1044 2956 1250 3026 ἀληθῶς
1284 2957 1431 3021 ὄντες
1474 2961 1538 3029 τῇ
1588 2958 1857 3029 καρδίᾳ,ἢ

335 3046 471 3099 κατὰ
505 3045 593 3097 τδν
625 3045 925 3114 Σύμμαχον,
966 3045 1324 3115 ὑπερήφανοι
1353 3046 1465 3114 τὴν
1505 3047 1764 3115 καρδίαν,
1797 3048 1857 3099 οὐ

335 3131 682 3202 παρεδέξαντο
725 3130 815 3184 τοῦ
857 3131 1026 3200 φωτὸς
1055 3132 1144 3184 τοῦ
1176 3133 1306 3185 Θεοῦ
1345 3134 1441 3197 τὰς
1481 3132 1854 3204 μαρμαρυγὰς,

1956 2251 2135 2319 pernis
2182 2249 2347 2318 igitur
2390 2256 2443 2302 et
2482 2250 2793 2304 cmlestibus
2836 2250 3220 2313 cacuminibus,
3271 2263 3367 2302 ceu
3390 2246 3470 2302 'ex

1955 2336 2167 2391 aeternis
2200 2335 2495 2399 montibus,
2538 2335 2754 2389 deitatis
2784 2350 2894 2410 suae
2922 2336 3101 2391 radios
3154 2336 3219 2389 ad
3250 2334 3476 2403 terrige-

1955 2442 2055 2481 nas
2082 2441 2251 2495 usque
2286 2427 2553 2489 emittens,
2586 2438 2769 2479 eorum
2807 2424 2897 2493 qui
2926 2424 3070 2493 digni
3116 2432 3243 2480 sunt
3264 2425 3479 2478 animas

1956 2514 2189 2569 illustrat
2227 2512 2532 2584 Spirituque
2559 2522 2746 2568 sancto
2778 2525 2876 2566 suo
2918 2513 3199 2565 illuminat.
3231 2509 3359 2573 Has,
3382 2514 3470 2566 in-

1956 2616 2139 2671 quam,
2182 2601 2475 2666 illuminat;
2506 2614 2603 2654 suo
2641 2607 2817 2653 autem
2841 2599 3038 2653 lumine
3066 2598 3314 2667 indignos
3338 2598 3469 2667 justi

1950 2690 2137 2761 iudicii
2167 2692 2247 2745 sui
2264 2690 2594 2759 providentia
2608 2686 2866 2743 invadens
2883 2688 3183 2742 conturbat.
3202 2686 3469 2752 Quamob-

1954 2795 2065 2834 rem
2112 2777 2313 2842 subdit,
2342 2777 2559 2831 Turbati
2593 2785 2713 2829 sunt
2755 2794 2925 2830 omnes
2974 2778 3265 2845 insipientes
3296 2776 3466 2830 corde.

1954 2864 2083 2918 Nam
2116 2878 2239 2918 cum
2268 2878 2451 2919 revera
2480 2862 2791 2931 insipientes
2817 2863 3009 2927 corde;
3030 2864 3148 2918 sive
3177 2845 3468 2918 secundum

1958 2954 2366 3025 Symmachum,
2412 2954 2613 3025 superbi
2640 2952 2809 3025 corde,
2852 2960 3053 3017 essent,
3098 2953 3289 3007 divina:
3328 2952 3472 3008 lucis

1954 3045 2133 3101 radios
2178 3058 2285 3098 non
2328 3051 2673 3113 exceperunt,
2716 3042 2835 3097 ideo
2882 3030 3080 3097 turbati
3127 3048 3272 3113 sunt.
3303 3040 3467 3095 Iidem

1954 3148 2080 3189 vero
2107 3133 2206 3203 ipsi
2229 3142 2508 3203 postquam
2536 3133 2853 3187 dormierunt
2878 3148 3113 3186 somnum
3141 3148 3308 3193 suum,
3340 3131 3471 3185 nihil

332 3220 412 3275 διὸ
441 3223 825 3294 ἐταράχθησαν.
858 3224 918 3276 Οἰ
948 3224 993 3277 δ’
1020 3224 1188 3290 αὐτοὶ,
1218 3226 1309 3277 καὶ
1354 3224 1730 3289 ὐπνώσιιντες
1754 3224 1857 3277 τὸν
1883 3242 1926 3303 c
1955 3224 2028 3277 im

1772 3224 1926 3303 rore
1955 3224 2247 3277 inuenerunt
2292 3224 2344 3275 in
2399 3224 2633 3277 manibus
2679 3224 2808 3288 suis,
2856 3224 2981 3293 quia
3025 3224 3123 3277 viri
3169 3222 3468 3278 divitian

332 3311 523 3366 ὕπνον
566 3312 776 3377 αὐτῶν,
807 3317 915 3383 οὐχ
950 3310 1125 3381 εὖρον
1169 3313 1448 3368 anser-er
1492 3314 1619 3378 ταῖς
1660 3313 1860 3383 χερσιν

331 3398 555 3463 αὐτῶν,
597 3399 805 3470 ἄνδρες
848 3400 997 3465 δντες
1042 3401 1320 3454 πλούτου.
1354 3400 1494 3471 Πρὸς
1546 3400 1711 3471 βραχὺ
1753 3399 1858 3470 γὰρ

238 3496 245 3507 ⁸
332 3486 703 3559 ὀνειρώξαντες
731 3492 794 3560 τῇ
823 3488 915 3542 τοῦ
941 3487 1128 3559 θνητοῦ
1161 3490 1270 3559 βίου
1302 3490 1578 3560 φαντασίᾳ,
1600 3492 1691 3543 καὶ
1722 3490 1858 3560 μέγα

296 5832 311 5869 9

334 3579 685 3649 φρονήσαντες
715 3578 805 3632 ἐπὶ
826 3576 1049 3648 πλούτῳ,
1071 3578 1307 3648 ἐνόμιζόν
1331 3595 1470 3641 τινες
1495 3576 1649 3641 εἶναι,
1678 3596 1859 3638 κατεν-

331 3667 635 3736 τρυφῶντες
665 3652 779 3730 ταῖς
809 3667 917 3720 ἀπὸ
958 3666 1050 3719 τοῦ
1095 3667 1316 3720 πλούτου
1363 3668 1732 3740 ποριζομὲναις
1761 3670 1857 3723 αὖ·

333 3757 440 3817 τοῖς
484 3755 851 3825 ἡδυπαθείαις·
886 3755 959 3818 ὡς
990 3756 1045 3808 δὲ
1092 3756 1182 3809 τοῦ
1224 3751 1386 3810 ὕπνου
1418 3758 1854 3829 διεγρηγόρησαν,

336 3838 685 3912 μεταστάντες
712 3843 803 3897 τοῦ
828 3830 1099 3915 ’παρόντος
1132 3844 1263 3916 βίου,
1306 3838 1457 3916 εὖρον
1498 3846 1716 3909 ἑαυτοὺς
1762 3846 1859 3899 οὐκ

332 3930 546 4000 ῑχοντας
588 3931 754 3996 οὐδὲν,
786 3931 904 3984 οὐδὲ
942 3949 995 3985 τι
1040 3936 1155 3997 ταῖς
1185 3934 1339 4005 χερσί
1390 3931 1729 4003 κρατοῦντας.
1770 3935 1858 3988 Διδ

332 4018 574 4073 λέλεκταί
605 4036 702 4099 που
720 4031 733 4046 ⁶
779 4019 876 4087 Μὴ
910 4021 1089 4090 φοϐοῦ
1124 4021 1264 4080 ὅταν
1301 4024 1611 4097 πλουτήσῃ
1646 4023 1859 4092 ἄνθρω-

335 4121 465 4172 πος,
499 4107 593 4161 καί
622 4107 765 4161 ὅταν
804 4108 1116 4177 auinam-dii
1164 4110 1202 4175 ἠ
1232 4109 1376 4177 δόξα
1409 4111 1514 4165 τοῦ
1545 4112 1711 4165 οῑκου
1750 4114 1857 4166 αὐ-

334 4194 465 4248 τοῦ·
495 4195 581 4249 ὅτι
612 4198 720 4250 οὐκ
750 4198 818 4250 ἐν
858 4196 936 4262 τῷ
969 4197 1363 4262 ἀποθνήσκειν
1392 4199 1574 4253 αὐτὸν
1607 4200 1857 4269 λήψεται

332 4286 408 4336 τὰ
450 4281 660 4344 πάντα,
708 4284 846 4337 οὐδὲ
883 4286 1383 4353 συγκαταϐήσεται
1427 4287 1583 4353 αὐτῷ
1630 4289 1668 4357 ἡ
1714 4290 1860 4355 δόξα

334 4370 537 4425 αὐτοῦ.
567 4370 752 4424 Ἔνθεν
784 4370 1000 4436 εἰκότως
1040 4375 1088 4426 oi
1121 4375 1330 4446 ἀληθῶς
1356 4376 1592 4431 ἀσύνετοι
1621 4382 1686 4450 τῇ
1724 4397 1857 4451 καρ-

334 4460 422 4531 δίᾳ
457 4459 821 4533 ἐταράχθησαν
862 4460 977 4515 ἀπὸ
1014 4464 1393 4534 ἐπιτιμήσεως
1426 4466 1529 4533 τοῦ
1562 4468 1707 4523 Θεοῦ
1749 4470 1857 4524 Ἰα-

1954 3319 2126 3367 erant.
2157 3309 2287 3366 Nam
2328 3326 2447 3365 cum
2479 3312 2542 3365 ad
2582 3313 2740 3367 breve
2771 3321 2978 3380 tempus
3006 3313 3061 3365 in
3081 3312 3322 3369 mortalis
3342 3313 3466 3367 vitae

1951 3399 2230 3470 phantasia
2259 3399 2659 3461 dormitassent,
2691 3407 2743 3452 et
2774 3400 2939 3452 altum
2988 3399 3054 3453 de
3082 3399 3283 3455 divitiis
3315 3416 3473 3471 sape-

1951 3499 2091 3554 rent,
2124 3490 2227 3544 rati
2271 3504 2328 3545 se
2383 3489 2583 3559 aliquid
2636 3503 2774 3551 esse,
2807 3489 2863 3541 in
2901 3489 3303 3557 voluptatibus,
3330 3505 3478 3559 quas.

1952 3580 2053 3636 sibi
2087 3578 2286 3633 divitiae
2312 3579 2687 3640 conciliabant,
2732 3576 2954 3632 demersi
2984 3587 3128 3632 sunt.
3159 3577 3475 3648 Experrecti.

1952 3678 2151 3733 autem,
2192 3677 2351 3738 atque
2384 3684 2451 3723 ex
2479 3670 2580 3723 hac
2616 3668 2721 3722 vita
2757 3668 3019 3732 translati,
3050 3683 3166 3722 sese
3205 3668 3339 3723 nihil
3369 3669 3466 3723 ha-

1950 3759 2159 3823 bentes,
2187 3774 2284 3813 nec
2306 3758 2576 3831 quidpiam
2607 3758 2854 3812 manibus
2881 3764 3123 3812 tenentes
3160 3757 3463 3827 deprehen-

1950 3848 2159 3904 derunt.
2175 3847 2348 3914 Quare
2372 3847 2561 3903 alicuhi
2580 3847 2777 3901 dictum
2800 3854 2883 3902 est
2904 3846 2948 3876 “
2966 3863 2979 3897 :
2999 3846 3079 3900 Ne
3094 3847 3326 3899 timueris
3349 3862 3473 3898 cum

1951 3936 2086 3991 dices
2107 3936 2274 4005 factus
2305 3935 2463 4004 fuerit
2492 3935 2660 3999 homo,
2699 3945 2748 3988 et
2799 3953 2913 3997 cum
2937 3934 3282 4002 multiplicata
3310 3934 3465 4001 fuerit

1949 4027 2119 4098 glaria
2141 4011 2320 4091 domus
2337 4025 2479 4092 ejus;
2507 4024 2749 4093 quoniam
2778 4039 2892 4076 cum
2912 4014 3159 4077 interierit
3182 4038 3281 4085 non
3302 4029 3470 4076 sumet

1952 4116 2144 4181 omnia,
2164 4130 2318 4185 neque
2334 4111 2595 4166 descendet
2623 4128 2736 4165 cum
2767 4130 2825 4168 eo
2845 4114 3009 4183 gloria
3028 4113 3159 4181 ejus.
3195 4111 3341 4168 Unde
3367 4128 3465 4167 nec

1953 4203 2214 4258 immerito
2244 4204 2321 4257 illi
2358 4218 2477 4257 vere
2499 4203 2809 4273 insipientes
2836 4203 2995 4259 corde
3020 4204 3218 4258 turbati
3251 4210 3376 4260 sunt
3401 4203 3465 4257 ab

1950 4293 2287 4361 increpatione
2308 4292 2397 4347 Dei
2412 4291 2603 4371 Iacob;
2621 4293 2753 4361 sive,
2769 4295 3055 4350 secundum
3070 4294 3475 4365 Symmachum,

1924 4366 1986 4436 la
2019 4382 2222 4451 fremitu
2258 4367 2731 4453 [comminatione].
2768 4379 2919 4436 ’l‘unc
2955 4382 3095 4437 enim
3148 4379 3467 4439 sententiam

1951 4469 2085 4537 justi
2124 4468 2315 4537 iudicii
2361 4467 2454 4524 Dei
2506 4470 2815 4532 subeuntes,
2850 4472 3041 4523 merito
3090 4469 3465 4532 turbabuntur,

338 4548 483 4603 κώϐ·
516 4550 548 4620 ἢ
575 4550 710 4602 κατὰ
738 4550 825 4601 τὸν
861 4549 1163 4621 Σύμμαχον,
1205 4554 1319 4607 ἀπὸ
1354 4555 1768 4624 ἑμόριμήσεως·
1799 4558 1858 4609 τὸ
1888 4552 1932 4607 D
1952 4558 2034 4627 qui

1799 4558 1858 4609 τὸ
1888 4552 1932 4607 D
1952 4545 2077 4627 quia
2104 4558 2523 4612 dormitaverunt
2551 4558 2861 4617 conscensis
2886 4559 3037 4626 equis
3060 4556 3192 4618 suis,
3221 4556 3466 4612 videlicet

337 4635 625 4705 τηνικαῦτα
641 4636 746 4706 γὰρ
781 4637 882 4689 ὑπὸ
898 4637 1159 4705 ἀπόφασιν
1189 4640 1456 4710 γενόμενοι
1488 4641 1583 4713 τῆς
1610 4639 1703 4695 τοῦ
1725 4643 1854 4697 Θεοῦ

335 4724 773 4797 δικαιοκρισίας(
806 4726 1222 4797 ταραχθήσονται
1269 4731 1523 4796 εἰκότως,
1574 4730 1855 4805 ἐπειδήπερ

336 4812 624 4879 ινύσταξαν
651 4814 1023 4885 ἐπιϐεϐηκότες
1048 4818 1154 4878 τοῖς
1189 4815 1389 4871 ἑαυτῶν
1414 4818 1613 4882 ἵπποις,
1661 4816 1854 4890 δηλαδὴ

335 4906 445 4967 τοῖς
459 4904 764 4968 ἀκολάστοις
782 4905 989 4975 σιὶιμασι
1003 4923 1015 4935 ·
1042 4905 1153 4958 δέον
1175 4906 1520 4977 ἐγρηγορέναι
1541 4906 1630 4959 καὶ
1649 4907 1852 4977 νήφειν,

339 4994 760 5063 μνημονεύοντας
793 4994 929 5047 θείου
969 4994 1369 5065 προστάγματος
1398 4994 1667 5064 λέγοντες·
1704 4996 1851 5064 Γρη-

336 5068 585 5149 γορεῖτε,
634 5080 719 5134 ὅτι
764 5084 871 5136 οὐκ
918 5082 1110 5141 οἷδατε
1144 5081 1256 5149 τὴν
1300 5080 1519 5150 ἡμέραν
1562 5083 1698 5138 οὐδὲ
1742 5082 1857 5151 τὴν

334 5167 508 5238 ὥραν.
538 5170 599 5222 οι
623 5166 679 5220 δὲ
718 5169 999 5235 ἑνύσταζον
1030 5172 1121 5226 καὶ
1164 5170 1411 5223 ὖπνωσαν
1445 5171 1605 5225 ὕπνον
1643 5171 1851 5236 αὐτῶν,

333 5256 561 5327 ὀνείροις
586 5258 677 5310 καὶ
723 5259 1087 5329 φαντάσμασιν
1117 5259 1432 5326 ὲκδοθέντες,
1466 5262 1645 5323 ἵπποις
1664 5277 1722 5313 τε
1760 5261 1853 5333 θη-

336 5344 588 5416 λυμανέοι
625 5347 735 5409 τοῖς
763 5346 933 5400 αὐτῶν
971 5347 1175 5418 σώμασι
1199 5348 1537 5422 χρησάμενοι..
1565 5344 1718 5404 Οὗτοι
1741 5368 1849 5404 τοι-

336 5434 534 5506 γαροῦν
585 5435 777 5498 πάντες
816 5437 865 5489 al
916 5436 1041 5489 ποτε
1072 5439 1167 5507 μὶν
1196 5437 1466 5507 λεγόμενοι
1506 5440 1743 5494 ἁσύνετοι
1783 5442 1848 5513 τῇ

337 5523 551 5595 καρδίᾳ,
578 5525 703 5577 ποτὲ
738 5524 794 5576 δὲ
831 5524 1016 5595 ανδρες
1044 5525 1135 5577 τοῦ
1166 5526 1408 5590 πλούτου,
1445 5528 1558 5580 νυνὶ
1593 5527 1649 5580 δὲ
1676 5526 1852 5582 ἐπιδε-

292 5644 293 5647 η
336 5611 581 5685 Gaudes;
608 5613 727 5675 τοὺς
775 5612 986 5676 ἵππους.
1012 5614 1145 5677 τείως
1194 5614 1290 5685 μὲν
1338 5616 1474 5670 κατὰ
1518 5615 1615 5686 τὴν
1661 5615 1853 5688 θνητὴν

340 5700 482 5771 ζωὴν
527 5701 832 5767 ινύσταξαν,
861 5702 893 5773 ἢ
924 5702 1061 5756 κατὰ
1099 5703 1189 5755 τὸν
1227 5703 1526 5775 Σύμμαχον,
1570 5704 1853 5772 ἐχηρώθη-

1955 4648 2165 4704 lascivis
2196 4648 2543 4718 corporibus;
2582 4662 2704 4701 cum
2725 4647 3048 4714 oportuisset
3069 4646 3287 4716 vigilare
3308 4656 3361 4701 et
3379 4663 3462 4702 so-

1952 4737 2066 4793 brie
2093 4752 2545 4807 agere,memores
2565 4735 2728 4789 divini
2746 4726 2989 4804 pmcepti
3018 4735 3245 4791 dicentis
3271 4754 3283 4789 :
3324 4734 3461 4805 Vigi-

1952 4830 2196 4899 late,quia
2218 4828 2422 4883 nescitis
2443 4824 2596 4890 diem,
2618 4841 2773 4895 neque
2796 4824 2975 4878 horam
2992 4825 3057 4879 “.
3086 4826 3163 4880 illi
3192 4841 3317 4881 vero
3347 4825 3446 4879 dor

1953 4916 2229 4977 mitabant,
2260 4922 2316 4968 et
2348 4913 2943 5008 dormieruutpomnum
2968 4930 3144 4977 suum,
3163 4914 3383 4971 somniis
3410 4921 3460 4968 et

1952 5002 2243 5074 phantasiis
2286 5000 2490 5065 dediti,
2529 5000 2786 5073 equisque
2838 5003 3051 5058 lascivis
3075 5044 3093 5069 ,
3147 5003 3461 5072 corporibus

1952 5106 2144 5162 nempe
2174 5089 2285 5145 suis
2323 5091 2427 5146 usi.
2457 5090 2522 5145 Hi
2554 5092 2733 5162 itaque
2768 5106 2965 5150 omnes
2989 5093 3103 5162 qui,
3148 5092 3303 5147 modo
3325 5092 3460 5147 insi‘o

1949 5185 2153 5253 pientes
2203 5180 2384 5244 corde,
2437 5182 2594 5237 modo
2753 5181 3078 5246 divitiarum,
3114 5196 3254 5236 nunc
3282 5196 3465 5238 ascen-

1951 5267 2135 5322 dentes
2168 5280 2335 5335 equos
2382 5275 2662 5331 vocantur,
2688 5267 2814 5323 dum
2860 5271 2933 5323 in-
2964 5269 3210 5340 praesenti
3243 5270 3351 5322 vita
3378 5271 3466 5325 de-

1951 5360 2156 5425 gerent,
2172 5352 2607 5420 dormitaverunt;
2629 5356 2740 5411 sive
2755 5358 3046 5412 secundum
3064 5355 3459 5427 Symmachum.

1951 5444 2177 5512 soporati
2203 5454 2349 5513 sunt,
2386 5458 2577 5514 soporo
2602 5453 2656 5500 et
2701 5446 2955 5503 ebrietate
2983 5447 3171 5502 animae
3203 5446 3462 5517 depressi.

1954 5529 2150 5585 Deinde
2181 5545 2327 5595 vero,
2345 5531 2658 5587 dormierunt
2682 5551 2917 5589 somnum
2935 5552 3105 5601 suum,
3136 5537 3285 5590 vanis
3302 5536 3470 5605 phan-

1951 5619 2106 5675 tasiis
2140 5617 2337 5685 dediti;
2368 5636 2429 5675 ac
2450 5620 2660 5676 demum
2691 5626 3066 5699 expergefacti,
3110 5625 3465 5680 turbati‘sunt

1956 5708 2023 5761 ab
2057 5705 2415 5776 increpatione
2442 5706 2533 5762 Dei
2554 5706 2737 5765 Iacob.
2767 5711 2861 5767 Hic
2888 5728 3045 5786 porro
3070 5722 3181 5769 erat
3216 5714 3465 5770 Servator

410 5856 453 5885 ⁶¹
495 5855 651 5911 llebr.
689 5873 799 5921 ιη,
836 5858 919 5911 22.
996 5858 1039 5890 ⁸⁸
1076 5856 1174 5912 lsa.
1211 5873 1291 5921 ιι,
1329 5857 1411 5913 ll.
1488 5859 1530 5891 “
1568 5857 1708 5915 Psal.
1739 5874 1935 5923 mnu,
1970 5861 2099 5926 17,1

1076 5856 1174 5912 lsa.
1211 5873 1291 5921 ιι,
1329 5857 1411 5913 ll.
1488 5859 1530 5891 “
1568 5857 1708 5915 Psal.
1739 5874 1935 5923 mnu,
1970 5858 2158 5926 17,18.
2232 5862 2275 5894 "
2313 5861 2493 5917 Matth.
2527 5878 2647 5926 xxv,
2684 5863 2762 5925 15.
