4294 6428
304 477 406 532 sss
1410 489 1906 545 comssurus
1944 475 2009 545 IN
2046 491 2374 547 PSALMOS.
3387 503 3488 558 sse

304 595 584 669 θυμήσεως
603 600 880 674 λογισμός;
909 607 1088 676 ὅμοιος
1105 609 1178 662 ὢν
1199 605 1422 672 ἑκέινο.ς
1449 613 1573 682 περὶ
1596 605 1668 665 ὧν
1698 612 1846 682 είρη-
1870 617 1918 672 Α
1947 611 2000 664 Si

1798 631 1846 682 ι]-
1870 617 1918 672 Α
1947 611 2035 665 Sic
2058 613 2218 682 igitur
2245 629 2297 667 et
2327 627 2501 681 ipsum
2541 612 2927 686 [ratiocinium]
2955 616 3192 686 reliquiae
3217 619 3494 689 cogitatio-

301 702 425 740 ται·
457 689 678 759 Λεῖμμα
706 695 828 746 κατ’
856 697 1114 764 ἐκλογὴν
1140 697 1376 766 χάριτος
1403 699 1660 768 γέγονεν.
1693 701 1845 755 Οὕτω
1945 702 1997 756 ni

1796 721 1845 755 τω
1945 702 2032 756 nis
2058 715 2306 756 vocatum
2339 692 2462 770 est;
2497 709 2824 773 quaprOpte'r
2846 713 2974 760 tunc
3003 705 3200 787 festum
3233 719 3374 779 aget,
3410 718 3492 763 ut-

303 778 428 844 γοῦν
469 782 628 844 αὐτὸς
663 785 1068 858 ἐγκατάλειμμα
1104 789 1350 858 ἐνθυμίου
1407 791 1738 861 ὠνόμασται’
1768 793 1846 845 διὸ
1945 808 1999 861 pc

1945 801 2068 861 pote
2118 795 2171 845 in
2223 801 2463 862 tempore
2495 809 2594 848 suo
2635 795 3022 868 promissiones
3052 779 3218 866 ἰιιεηί
3257 800 3495 857 caelestis
3557 873 3561 878 ι

303 867 545 937 ἑορτάσει
583 874 722 938 τότε,
755 876 847 929 ἅτε
875 878 937 947 δὴ
980 879 1117 931 κατὰ
1160 880 1344 950 καιρὸν
1389 881 1484 945 τὰς
1527 884 1847 951 ἐπαγγελίας
1950 897 1999 936 at

622 874 722 938 ότε,
755 876 847 929 ἅτε
875 878 937 947 δὴ
980 879 1117 931 κατὰ
1160 880 1344 950 καιρὸν
1389 881 1484 945 τὰς
1527 884 1847 951 ἐπαγγελίας
1950 891 2318 952 accepturum.

302 956 586 1014 ἀπολαϐὼν
612 964 709 1033 τῆς
737 965 980 1034 οὐρανίου
1015 968 1303 1037 βασιλείας.

371 1047 642 1110 Εὕξασθε
671 1052 766 1105 καὶ
788 1054 1036 1108 ἀπόδοτε
1062 1058 1255 1126 Κυρίῳ
1281 1058 1358 1124 τῷ
1393 1059 1510 1125 Θεῷ
1531 1061 1636 1126 τὰς
1667 1065 1848 1131 εὐχὰς

304 1131 487 1200 ὑμῶν,
521 1135 739 1204 πάντες
787 1144 841 1194 οἱ
887 1143 1087 1210 κύκλῳ
1121 1146 1332 1200 αὐτοῦ·
1367 1147 1444 1212 τῷ
1488 1150 1710 1218 φοϐερῷ
1751 1152 1846 1205 καὶ

302 1222 707 1293 ἀφαιρουμένῳ
759 1231 1058 1298 πνεύματα
1118 1234 1446 1302 ἀρχόντων,
1498 1238 1577 1302 τῷ
1625 1240 1846 1309 φοϐερῷ

301 1313 458 1381 παρὰ
477 1316 598 1381 τοῖς
619 1317 944 1379 ,βασιλεῦσι
973 1322 1078 1391 τῆς
1103 1325 1235 1393 γῆς.
1260 1328 1581 1391 Συντελέσας
1606 1330 1694 1382 τὸν
1722 1335 1847 1402 περὶ

298 1404 395 1474 τῆς
432 1405 658 1476 κρίσεως
704 1409 796 1462 τοῦ
842 1411 974 1464 Θεοῦ
1021 1414 1194 1482 λόγον,
1241 1420 1632 1487 παραινετικῶς
1669 1420 1846 1475 λοιπὸν

299 1495 462 1546 πᾶσιν
496 1497 622 1565 ἡμῖν
656 1500 974 1568 προστάττει
1001 1501 1268 1572 εὔχεσθαι,
1298 1507 1390 1557 καὶ
1419 1507 1718 1559 ἀποδιδόναι
1738 1511 1847 1562 Κυ-

301 1584 398 1653 ρίῳ
420 1585 496 1654 τῷ
522 1586 636 1656 Θεῷ
673 1590 824 1658 ήμῶν
851 1591 948 1653 τὰς
979 1592 1140 1660 εὐχάς
1162 1612 1175 1624 ·
1217 1594 1290 1655 ὡς
1328 1594 1404 1645 ἐτι
1438 1595 1492 1646 δὲ
1513 1596 1697 1666 καιρός
1733 1598 1847 1649 ἐστι

297 1674 433 1727 κατὰ
460 1676 549 1728 τὸν
576 1679 841 1733 ἐνεστῶτα
867 1682 998 1751 βίον,
1028 1684 1335 1751 ἀναγκαίως
1368 1685 1521 1737 τοῦτο
1546 1689 1714 1738 ποιεῖν
1741 1706 1846 1741 πα-

297 1768 487 1835 ραινεῖ.
521 1768 696 1837 Εὐχὰς
725 1773 783 1825 δὲ
816 1774 913 1837 τὰς
945 1775 1267 1842 ἐπαγγελίας
1306 1775 1490 1828 εἴωθεν
1531 1779 1843 1848 ὀνομάζειν
1882 1804 1886 1809 ν

294 1852 372 1905 διὸ
397 1853 636 1909 λέλεκται
662 1875 674 1889 ·
718 1861 855 1914 Ἐὰν
877 1862 1022 1930 εὔξῃ
1045 1864 1253 1930 εὐχὴν,
1282 1863 1366 1932 μὴ
1404 1867 1847 1934 χρονίσῃςήπο-

2000 1054 2178 1130 ~Vens.
2210 1056 2294 1122 12,
2323 1057 2407 1113 15.
2447 1057 2624 1112 Vovete
2659 1070 2706 1113 et
2751 1059 2943 1113 reddite
2981 1060 3201 1114 Domino
3233 1062 3338 1116 Deo
3375 1075 3491 1117 vota

1944 1157 2135 1210 vestra,
2168 1137 2460 1217 omnes‘qui
2504 1149 2555 1201 in
2603 1150 2821 1202 circuitu
2842 1151 2961 1218 ejus
2991 1153 3111 1205 estis
3146 1168 3164 1205 :
3196 1153 3416 1206 terribili
3441 1159 3491 1207 et

1944 1237 1992 1289 ei
2020 1238 2108 1305 qui
2141 1237 2310 1304 aufert
2337 1238 2552 1306 spiritus
2581 1239 2889 1308 principum,
2923 1241 3142 1294 terribili
3170 1243 3308 1310 apud
3335 1259 3479 1313 reges-

1949 1336 2121 1380 terrce.
2155 1328 2418 1382 Absoluto
2444 1327 2511 1382 de
2543 1328 2634 1382 Dei
2674 1329 2879 1398 judicio
2913 1346 3179 1398 sermone,
3215 1333 3485 1389 hortantis

1944 1429 2095 1468 more
2122 1417 2365 1486 praecipit
2413 1419 2569 1473 nobis
2622 1427 2680 1472 ut
2710 1435 3001 1476 voveamus
3030 1427 3082 1475 et
3110 1420 3333 1476 Domino
3374 1422 3485 1478 Deo

1943 1513 2129 1556 nostro
2162 1515 2284 1558 vota
2310 1505 2603 1562 reddamus
2627 1527 2638 1560 :
2675 1508 2801 1561 dum
2827 1509 3001 1564 adhuc
3025 1511 3076 1564 in
3103 1512 3350 1579 praesenti
3380 1511 3490 1568 vita

1944 1600 2154 1661 tempus
2199 1595 2369 1654 adest,
2402 1601 2462 1647 ut
2494 1595 2546 1648 id
2579 1611 2802 1664 agamus
2849 1615 2950 1654 nos
3006 1603 3312 1656 necessario
3340 1617 3486 1656 eom-

1944 1692 2145 1740 monet.
2177 1685 2314 1738 Vota
2351 1695 2526 1741 autem
2558 1687 2942 1756 promissiones
2973 1708 3283 1763 nuncupare
3314 1695 3482 1764 solet;

1945 1791 2111 1846 quare
2136 1777 2337 1831 dictum
2368 1785 2452 1832 est
2485 1798 2496 1832 :
2525 1778 2585 1832 Si
2622 1789 2793 1833 votum
2842 1784 3055 1847 noveris,
3081 1801 3142 1838 ne
3168 1786 3342 1840 tardes
3371 1786 3490 1841 red-

1945 1866 2092 1920 dere:
2126 1868 2305 1929 melius
2337 1870 2470 1922 enim
2490 1880 2564 1923 est
2589 1887 2690 1924 non
2721 1889 2914 1938 vovere,
2938 1890 3093 1944 quam
3115 1892 3288 1930 uouere
3309 1887 3356 1930 et
3384 1896 3487 1933 non

292 1946 526 2002 δοῦναι·
562 1951 783 2019 ἀγαθὸν
812 1954 878 2006 τὸ
918 1956 1002 2022 μὴ
1049 1956 1352 2021 εὔξασθαι,
1382 1957 1420 2026 ἢ
1455 1958 1520 2011 τὸ
1559 1959 1841 2038 εὔξασθαι
1876 1937 1918 1990 Β
1947 1975 1988 2011 η

1791 1976 1841 2038 ιιι
1876 1937 1918 1990 Β
1947 1958 2156 2013 reddere
2185 1961 2250 2014 ⁷ο.
2281 1959 2664 2032 Unusquisque
2704 1978 2830 2034 ergo
2873 1937 3117 2020 nostrum
3149 1968 3487 2038 propositum

293 2038 390 2089 καὶ
412 2039 498 2107 μὴ
532 2041 876 2100 ἀποδοῦναι.
905 2045 1170 2108 Ἕκαστος
1215 2046 1389 2100 τοίνυν
1423 2047 1527 2100 τῶν
1565 2049 1717 2118 ἡμῶν
1744 2036 1840 2120 τὴν

291 2130 481 2183 ἐαυτοῦ
527 2133 777 2202 πρόθεσιν
820 2137 912 2189 καὶ
941 2137 1038 2206 τὴν
1063 2138 1264 2190 οίκείαν
1305 2139 1627 2207 ἐπαγγελίαν
1657 2140 1841 2211 ὥσπερ

291 2221 452 2292 εὐχὴν
478 2223 787 2287 ἀποδιδότω,
825 2227 1163 2298 μεμνημένος
1195 2228 1286 2280 τοῦ
1320 2231 1579 2299 φήσαντος
1599 2249 1610 2262 ·
1645 2230 1842 2284 Θῦσον

289 2311 369 2376 τῷ
403 2312 521 2378 Θεῷ
572 2317 789 2370 θυσίαν
817 2319 1118 2386 αἰνέσεως,
1149 2320 1244 2373 καὶ
1285 2321 1503 2387 ἀπόδος
1545 2323 1624 2386 τῷ
1652 2325 1841 2391 Κυρίῳ

289 2405 395 2469 τὰς
416 2405 600 2474 εὐχάς
629 2422 743 2461 σου
763 2425 775 2438 ·
814 2409 910 2462 καὶ
937 2411 1381 2482 ἐπικάλεσαίῗμε
1409 2413 1476 2466 ἐν
1502 2413 1683 2484 ἡμέρᾳ
1717 2415 1840 2470 θλί-

288 2497 466 2561 ψεως,
499 2497 924 2568 καὶέεελοῦμαί
945 2515 1037 2565 σε,
1065 2503 1161 2554 καί
1190 2502 1464 2569 δοξάσεις
1481 2523 1574 2573 με.
1604 2506 1714 2557 Νῦν
1741 2506 1838 2575 μὲν

288 2579 399 2647 οὖν,
433 2587 614 2654 φησιν,
646 2588 902 2651 εὔξασθε
929 2591 1026 2644 καὶ
1062 2593 1332 2646 ἀπόδοτε.
1373 2596 1558 2649 Ἔσται
1586 2593 1692 2666 γὰρ
1719 2613 1838 2650 και-

291 2674 382 2745 ρὺς
408 2677 466 2728 ἐν
490 2671 534 2743 ᾧ
565 2678 761 2740 πάντες
792 2681 839 2731 oi
865 2680 1045 2750 κύκλῳ
1076 2681 1237 2735 αὑτοῦ
1271 2685 1469 2736 οἴσουσι
1492 2685 1656 2756 δῶρα.
1682 2687 1836 2741 Κατὰ

287 2765 393 2836 γὰρ
423 2765 513 2819 τδν
540 2768 637 2838 τῆς
674 2768 940 2838 βασιλείας
977 2770 1138 2824 αὐτοῦ
1187 2774 1369 2844 καιρὸν
1396 2773 1672 2841 ,βασιλεῖς
1702 2780 1837 2846 Θαρ-

287 2855 415 2920 σεῖς
443 2856 539 2909 καὶ
564 2857 742 2925 νῆσοι
760 2857 912 2926 δῶρα
942 2859 1332 2927 προσάξουσι,
1356 2862 1633 2930 ,βασιλεῖς
1673 2865 1834 2934 Ἀρά-

286 2945 402 2998 ϐων
434 2945 532 2998 καὶ
560 2949 716 3000 Σαϐὰ
743 2946 896 3016 δῶρα
925 2950 1339 3017 προσοίσουσι,
1373 2952 1467 3005 καὶ
1498 2956 1835 3022 προσκυνή-

285 3048 506 3089 σουσιν
545 3034 702 3101 αὐτῷ
739 3038 957 3103 πάντες
983 3042 1037 3091 οὶ
1073 3040 1348 3108 ,Βασιλεῖς
1392 3042 1500 3109 τῆς
1536 3043 1664 3112 γῆς.
1703 3045 1832 3097 Τότε

283 3124 412 3190 γοῦν
436 3125 723 3196 καθημένῳ
769 3128 858 3180 ἐπὶ
903 3127 1089 3197 θρόνου
1119 3128 1273 3200 δόξης
1318 3132 1495 3192 αὐτοῦ,
1529 3136 1832 3206 προσκυνή-

285 3228 432 3265 σουσι
465 3214 657 3277 πάντες
699 3215 834 3285 μετὰ
881 3215 1066 3287 δώρων
1087 3233 1101 3248 ·
1149 3220 1408 3282 τουτέστι,
1459 3221 1574 3291 μεθ’
1609 3216 1681 3276 ὧν
1715 3225 1831 3275 ἐπι·
1856 3246 1901 3308 c

284 3302 506 3372 φέρεται
559 3304 782 3368 ἕκαστος
835 3306 1076 3375 καρπῶν.
1137 3309 1331 3379 Διόπερ
1389 3310 1463 3374 ὡς
1511 3312 1588 3363 ἐτι
1644 3312 1827 3381 καιρός

282 3391 448 3456 ἐστιν,
477 3393 718 3446 ἐντεῦθεν
750 3394 846 3465 ήδη
889 3398 1141 3464 παραινεῖ
1171 3397 1422 3462 εὔξασθαι
1459 3402 1549 3454 καὶ
1590 3401 1828 3453 ἀποδιδό-

283 3496 398 3533 ναιο
432 3480 507 3544 ὡς
547 3481 631 3545 ἂν,
665 3485 788 3545 τοὺς
816 3483 1022 3536 ἑαυτῶν
1059 3484 1357 3556 θησαυροὺς
1390 3490 1823 3560 ταμιευσάμενοι,

283 3572 421 3625 κατὰ
468 3573 653 3644 καιρὸν
684 3573 828 3644 αὐτῷ
867 3577 1331 3646 προσκομίσωμεν,
1376 3577 1824 3658 άξιοιχενὸμενοι

279 3660 386 3713 τῶν
409 3661 740 3716 κυκλούντων
760 3664 917 3716 αὑτοῦ
946 3665 1034 3718 τὸν
1061 3665 1260 3736 θρόνον.
1289 3667 1492 3731 Πάντες
1519 3668 1624 3739 γὰρ
1646 3669 1826 3742 κύκλῳ

282 3750 440 3803 αὐτοῦ
469 3752 841 3821 προσοίσουσιν
869 3753 1014 3824 αὺτῷ
1040 3755 1202 3825 δῶρα,
1231 3756 1439 3828 φοϐερῷ
1467 3758 1574 3812 ὄντι
1603 3764 1711 3824 τοῖς
1748 3763 1821 3832 μὴ

283 3841 663 3912 πλησιάζουσιν
699 3843 876 3914 αὐτῷ,
909 3846 1040 3916 μηδὲ
1071 3845 1138 3899 τὰ
1152 3847 1296 3918 δῶρα
1323 3851 1699 3922 προσφέρουσι.
1736 3855 1824 3906 Διὸ

282 3931 608 4000 ἐπιλέγεται·
635 3933 720 3999 Τῷ
741 3936 962 4004 φοϐερῷ
983 3936 1079 3990 καὶ
1098 3937 1500 4008 ἀφαιρουμένῳ
1522 3943 1823 4011 πνεύματα

277 4019 594 4087 ἀρχόντων,
628 4023 848 4092 φοϐερῷ
873 4026 1028 4093 παρὰ
1057 4026 1177 4092 τοῖς
1198 4029 1524 4091 βασιλεῦσι
1548 4031 1656 4099 τῆς
1687 4033 1817 4101 γῆς.

208 4112 210 4114 ⁷
277 4108 350 4161 Τὸ
369 4109 495 4180 γὰρ,
526 4112 605 4163 Οὐ
628 4111 712 4179 μὴ
743 4115 1056 4182 καταμείνῃ
1089 4116 1152 4168 τὸ
1179 4116 1409 4183 πνεῦμά
1418 4135 1535 4185 μου
1561 4119 1657 4171 ἐπὶ
1683 4122 1821 4189 τοὺς

274 4196 443 4262 υἱοὺς
472 4198 806 4266 ἀνθρώπων,
851 4201 1162 4270 λεχθήσεται
1200 4204 1293 4256 καὶ
1334 4207 1418 4257 ἐπ’
1463 4207 1678 4262 ἐκείνων
1713 4212 1818 4264 τῶν

276 4302 406 4338 ποτε
437 4286 535 4356 μὲν
561 4287 829 4357 ἀρχόντων
871 4291 963 4344 καὶ
1004 4293 1312 4362 ἡγουμένων
1351 4299 1815 4366 χρηματισάντων,

273 4375 365 4429 καὶ
409 4374 716 4444 Πνεύματος
753 4378 904 4445 ἁγίου
939 4379 1392 4448 καταξιωθέντων,
1423 4387 1482 4436 οὐ
1515 4388 1817 4458 μὴνιάξίως

273 4463 579 4534 βιωσάντων
600 4466 698 4535 τῆς
722 4467 954 4536 χάριτος·
976 4470 1068 4539 ἀφ’
1081 4464 1152 4524 ὧν
1178 4474 1481 4544 ἀφαιρεῖται
1500 4479 1557 4530 τὸ
1582 4479 1812 4550 πνεῦμα,

1940 2054 1993 2100 et
2025 2049 2440 2116 promissionem
2467 2065 2642 2117 suam,
2680 2067 2776 2107 ceu
2820 2061 3002 2108 votum
3036 2055 3245 2120 reddat,
3280 2073 3500 2113 memor-

1939 2134 2064 2189 dicti
2100 2137 2246 2191 illius
2274 2157 2286 2191 :
2321 2137 2548 2193 lmmole
2575 2141 2683 2195 Deo
2713 2146 3032 2212 sacriﬁcium
3067 2145 3261 2210 laudis,
3289 2157 3347 2201 ει·
3368 2150 3486 2203 red-

1939 2224 2000 2277 de
2030 2224 2252 2278 Domino
2283 2237 2399 2279 vota
2431 2239 2520 2280 tua
2550 2245 2568 2280 .'
2602 2238 2650 2282 et
2676 2231 2854 2284 invoca
2885 2250 2962 2287 me
2985 2235 3039 2287 in
3070 2236 3155 2290 die
3184 2238 3483 2292 tribulatio-

1938 2313 2040 2376 nis,
2078 2322 2127 2366 et
2158 2331 2338 2368 eruam
2383 2325 2450 2380 te,
2481 2327 2526 2370 et
2573 2318 2892 2388 gloriﬁcabis
2922 2340 3000 2377 me
3025 2327 3088 2378 '“.
3116 2326 3270 2381 Nunc
3301 2328 3490 2397 igitur,-

1937 2405 2031 2469 ait,
2068 2403 2248 2462 Vovete
2268 2417 2315 2463 et
2345 2407 2557 2465 reddite.
2587 2409 2820 2482 Tempus
2853 2413 2994 2469 enim
3026 2413 3195 2468 aderit
3223 2433 3330 2485 quo
3363 2434 3484 2473 om-

1936 2512 2033 2550 nes
2061 2499 2150 2567 qui
2182 2501 2236 2553 in
2270 2501 2500 2556 circuitu
2526 2503 2643 2571 ejus
2674 2512 2800 2558 sunt
2822 2503 3044 2560 alierent
3065 2520 3304 2562 munera.
3349 2505 3482 2561 Nam

1935 2596 2174 2658 tempore
2201 2592 2351 2661 regni
2381 2593 2550 2661 ipsius
2574 2611 2713 2665 reges
2747 2595 2963 2652 Tharsis
2985 2608 3032 2651 et
3055 2599 3238 2653 insula:
3266 2615 3483 2655 munera

1936 2679 2169 2746 o/ferent,
2201 2696 2339 2750 reges
2380 2683 2615 2736 Arabum
2653 2694 2703 2737 et
2748 2685 2890 2740 Saba
2937 2687 3074 2740 dona
3117 2687 3392 2754 adducent,
3431 2700 3482 2745 et

1935 2767 2229 2840 adorabunt
2277 2787 2394 2823 eum
2451 2789 2624 2827 omnes
2654 2791 2792 2843 reges
2841 2785 2992 2830 terrae
3021 2777 3088 2832 ".
3117 2777 3269 2832 Tunc
3301 2782 3476 2849 ipsum

1933 2858 1986 2912 in
2024 2859 2216 2915 throno
2246 2861 2430 2930 gloria:
2473 2878 2583 2917 suae
2611 2864 2905 2928 sedentem,
2940 2880 3126 2920 omnes
3158 2882 3279 2921 cum
3320 2869 3482 2926 donis

1933 2948 2252 3015 adorabunt,
2293 2951 2346 3005 id
2375 2960 2478 3016 est,
2504 2968 2624 3006 cum
2657 2955 2791 3019 suis,
2826 2969 2962 3024 quos
3004 2954 3247 3020 all'erent,
3288 2957 3487 3022 fructi.

1933 3039 2099 3095 tibus.
2129 3039 2334 3101 Idcirco
2361 3042 2486 3096 dum
2513 3043 2689 3098 adhuc
2717 3052 2928 3114 tempus
2952 3054 3054 3114 est,
3085 3059 3266 3103 monet
3303 3059 3359 3104 ut
3381 3066 3476 3104 vo-

1930 3144 2150 3185 veamus
2197 3141 2250 3185 et
2306 3123 2612 3198 reddamus,
2646 3144 2704 3188 ut
2748 3151 2869 3189 cum
2926 3136 3208 3196 thesauros
3257 3147 3499 3196 nostros.

1930 3219 2350 3285 condiderimus,
2396 3239 2489 3278 eos
2533 3233 2834 3293 Opportuno
2867 3235 3105 3297 tempore
3146 3231 3247 3300 ipsi
3283 3231 3472 3286 eﬂ‘era-

1928 3323 2070 3373 mus,
2096 3310 2243 3380 digni
2284 3313 2454 3367 habiti
2496 3322 2555 3368 ut
2586 3318 2727 3369 inter
2753 3331 2846 3371 eos
2876 3319 2968 3387 qui
2999 3319 3251 3375 thronum
3301 3323 3490 3391 ipsius.

1925 3397 2262 3454 circumdant
2300 3417 2733 3479 annumeremur.
2767 3403 2967 3460 Omnes
2988 3407 3130 3461 enim
3153 3409 3210 3463 in
3243 3411 3471 3465 circuitu

1925 3486 2041 3556 ejus
2063 3489 2285 3545 afferent
2314 3491 2414 3562 ipsi
2458 3508 2701 3558 munera,
2726 3495 2822 3566 qui
2850 3511 2956 3551 non
2988 3498 3367 3554 accedentibus
3401 3504 3467 3556 ad

1925 3593 2069 3642 eum.
2119 3598 2219 3637 nec
2272 3599 2494 3659 munera
2545 3585 2622 3638 illi
2669 3585 3015 3641 olierentibus
3063 3588 3322 3644 terribilis
3358 3596 3463 3646 est.

1924 3666 2100 3732 Quare
2124 3670 2201 3731 sic
2221 3671 2562 3729 concluditur
2592 3692 2605 3727 :
2640 3674 2880 3728 Terribili
2905 3684 2953 3728 et
2981 3677 3028 3730 ei
3054 3678 3142 3746 qui
3164 3677 3334 3746 aufert
3360 3679 3468 3748 spi-

1923 3759 2056 3810 ritus
2108 3761 2417 3828 principum,
2469 3761 2686 3840 terribili
2733 3764 2870 3831 apud
2925 3782 3063 3836 reges
3114 3756 3282 3822 terrae.
3329 3769 3465 3823 Illud

1921 3850 2062 3903 enim
2105 3848 2270 3904 :‘Non
2297 3852 2614 3920 permanebit
2641 3857 2857 3921 spiritus
2884 3874 3026 3912 meus
3057 3859 3264 3926 inﬁliis
3293 3860 3464 3913 homi-

1922 3941 2127 4005 num",
2163 3940 2229 3994 de
2255 3941 2364 3996 illis
2392 3957 2607 4012 quoque
2631 3944 2840 3999 dicetur
2883 3947 2974 4015 qui
3016 3949 3149 4001 olim.
3189 3950 3482 4019 principes.

1920 4037 1977 4084 et
2002 4029 2168 4085 duces
2196 4030 2502 4097 audiebant,
2535 4042 2589 4086 et
2618 4033 2820 4103 Spiritu
2849 4044 3036 4091 sancto
3065 4037 3264 4108 dignati
3292 4051 3418 4095 sunt
3442 4058 3456 4105 ;

1921 4117 2014 4171 sed
2065 4133 2172 4176 non
2207 4118 2367 4187 digno
2416 4129 2634 4189 accepta
2683 4125 2852 4192 gratia
2903 4127 3076 4181 modo
3099 4128 3346 4183 vixerunt
3382 4148 3396 4183 :
3429 4145 3477 4184 ac

1918 4205 2116 4274 quibus
2153 4206 2376 4276 spiritus
2413 4207 2708 4276 auferetur,
2742 4219 2801 4265 ut
2828 4229 2894 4268 eo
2919 4215 3142 4284 'privati,
3168 4219 3461 4286 promerito

1918 4297 2182 4365 supplicio
2209 4296 2492 4353 dedantur.
2529 4298 2834 4356 Secundum
2866 4302 3246 4376 Symmachum
3280 4323 3407 4361 vero
3440 4327 3454 4362 :

1917 4386 2249 4456 Legislatori,
2291 4390 2547 4458 auferenti
2569 4391 2773 4460 quidem
2797 4395 3038 4462 spiritum
3065 4395 3272 4460 ducum,
3308 4398 3479 4450 terris

1923 4483 2017 4535 bili
2033 4492 2205 4537 autem
2223 4484 2425 4554 regibus
2449 4494 2619 4540 terrai.
2942 4494 2954 4505 ‘

271 4551 435 4616 ὅπως,
506 4553 848 4624 στερηθέντες
894 4559 1099 4625 αὐτοῦ,
1131 4565 1196 4632 τῇ
1250 4566 1588 4637 προσηκούσῃ
1640 4571 1973 4641 παραδοθῶσι
2003 4575 2256 4644 τιμωρίᾳ.
2282 4551 2295 4554 ﬁ
2325 4575 2477 4628 Κατὰ
2526 4576 2584 4628 δὲ
2631 4576 2721 4628 τὸν
2771 4576 3090 4647 Σύμμαχον,
3149 4578 3231 4644 Τῷ
3284 4597 3456 4649 νομο-

269 4645 432 4714 δότῃ,
463 4646 804 4715 ἀφαιροῦντι
829 4651 945 4718 μὲν
979 4654 1210 4724 πνεῦμα
1235 4657 1557 4726 ἡγεμόνων,
1590 4664 1814 4732 φοϐερῷ
1851 4665 1917 4718 δὲ
1937 4665 2058 4731 τοῖς
2081 4666 2406 4729 βασιλεῦσι
2431 4667 2539 4735 τῆς
2574 4666 2686 4735 τῆς

268 4759 375 4813 El}:
422 4760 508 4813 T0
553 4761 770 4816 ΤΕΑοΣ
806 4763 1347 4850 Υιξξιςιιιιροϊιί,
1385 4775 1669 4829 mmo}:
1722 4781 1814 4850 Tn
1839 4786 1882 4840 ι)
1913 4781 1961 4835 1.

1755 4781 1814 4850 ᾨ
1839 4786 1882 4840 n
1913 4781 1961 4835 ι.
2001 4782 2068 4835 IN
2106 4776 2310 4837 FINEM
2345 4780 2480 4835 pno
2517 4760 2822 4848 IDITHUM,
2860 4785 3174 4844 PSALMUS
3208 4790 3451 4847 ASAPH.

858 4835 1047 4890 ΑΣΑιιι.
1087 4841 1219 4907 oq'.
1322 4850 1329 4857 ·

335 4937 508 5007 ﬁmi
539 4957 656 5008 μου
701 4940 848 5011 πρὸς
879 4945 1096 5015 Κύριον
1138 4949 1444 5018 ἐκέκραξα,
1492 4953 1659 5023 φωνῇ’
1693 4974 1809 5024 μου

267 5025 412 5114 πρὸς
445 5027 553 5080 τὸν
585 5029 757 5094 Θεὸν,
796 5031 892 5084 καί
923 5038 1223 5106 προσέσχε
1244 5057 1360 5108 μοι.
1390 5040 1477 5109 Τῷ
1511 5043 1606 5111 μὲν
1641 5045 1807 5114 Ἀσάφ

265 5113 474 5184 εἴρηται
504 5117 533 5168 ὁ
571 5116 797 5187 ψαλμδς,
850 5122 1132 5192 ἀνήνεκται
1178 5127 1233 5180 δὲ
1274 5131 1351 5191 εις
1394 5129 1672 5199 πρόσωπον
1714 5113 1820 5188 τοῦ·

279 5205 523 5274 Ἰδιθοὺμ,
549 5209 683 5280 ὑπὲρ
701 5204 761 5262 οὗ
784 5213 850 5266 τὰ
878 5217 1220 5288 ἐμφερόμενα
1239 5223 1314 5292 τῷ
1340 5223 1533 5294 ψαλμῷ
1562 5230 1808 5282 συνετάτ-

262 5312 400 5349 τετο.
435 5295 593 5348 ⁴Ὅθεν
618 5301 647 5349 ὁ
691 5301 996 5374 Σύμμαχος,
1038 5310 1139 5363 Διὰ
1183 5313 1451 5382 ’Ῑδιθοὺμ,
1483 5318 1511 5368 ὁ
1548 5317 1604 5369 δὲ
1651 5321 1807 5373 Ἀκύ-

261 5385 384 5478 λας,
437 5385 571 5478 Ἐπί,
615 5387 875 5460 Ἰδιθοὺμ,
935 5398 1294 5467 ἠρμήνευσαν.
1346 5406 1454 5457 Καὶ
1507 5407 1599 5459 νῦν
1656 5410 1753 5478 μὲν
1779 5415 1807 5465 ὀ

273 5475 622 5573 ῑιςάφητοελς
667 5480 803 5573 εξετά
827 5486 1027 5554 ιχετρας
1060 5487 1245 5557 λόγους
1293 5493 1569 5560 συντάξας
1620 5475 1805 5573 ὦειπερ

258 5562 569 5658 διδάσκαλος
598 5568 806 5640 μαθητῇ
829 5573 1125 5646 ὲμμελετᾷν
1149 5579 1224 5649 τῷ
1259 5582 1439 5638 Ἰδιθοὺ
1447 5603 1485 5654 μ
1512 5562 1804 5658 παραδέδω-

261 5667 350 5703 κεν
369 5670 382 5683 ·
415 5655 447 5722 ἢ
478 5655 662 5729 ὥσπερ
710 5659 888 5730 ίατρὸς
916 5663 994 5732 τῷ
1036 5665 1332 5735 θεραπείας-
1360 5655 1598 5747 δεομένω
1631 5680 1802 5750 σωτή-

332 5806 374 5836 ⁷⁶
412 5805 584 5866 Eccle.
623 5830 673 5881 ν,
710 5817 771 5882 5,
805 5817 856 5872 4.
933 5821 972 5852 ⁷¹
1015 5819 1153 5876 Psal.
1189 5840 1337 5888 χιιι,
1377 5829 1451 5881 li.

2564 4851 2794 4914 LXXVI.

1979 4959 2141 5015 Vens.
2170 4960 2223 5013 2.
2279 4959 2411 5015 Voce
2449 4979 2563 5017 mea
2611 4965 2679 5018 ad
2726 4966 3005 5022 Dominum
3059 4970 3299 5035 clamavi,
3334 4988 3451 5027 voce

1906 5068 2020 5105 mea
2064 5051 2131 5104 ad
2164 5052 2349 5117 Deum,
2379 5064 2427 5107 et
2465 5057 2684 5111 intendit
2741 5059 2884 5114 mihi.
2933 5059 3178 5118 Psalmus
3224 5064 3289 5117 ab
3335 5065 3450 5133 ipso

1904 5141 2085 5211 Asaph
2113 5142 2289 5198 dictus
2315 5154 2400 5200 est
2419 5186 2433 5212 ,
2457 5145 2690 5201 refertur
2720 5159 2895 5208 autem
2930 5152 2994 5206 ad
3021 5167 3305 5222 personam
3336 5153 3409 5208 ld'
3435 5186 3444 5194 -

1903 5231 2075 5293 thum,
2097 5246 2195 5300 pro
2224 5250 2330 5304 quo
2346 5251 2409 5290 ea
2437 5252 2557 5305 qua:
2582 5238 2634 5291 in
2657 5239 2866 5306 psalmo
2883 5240 3128 5296 feruntur
3150 5246 3447 5312 composita

1912 5331 2056 5376 sunt.
2093 5320 2242 5378 Unde
2295 5324 2680 5396 Symmachus,
2719 5325 2937 5398 Propter
2978 5330 3230 5395 Iditbum,
3254 5332 3445 5402 Aquili

1908 5423 2055 5470 vero,
2085 5407 2252 5478 Super
2283 5411 2519 5467 Idithum
2549 5416 2888 5487 interpretati
2921 5425 3064 5474 sunt;
3087 5417 3153 5471 Et
3182 5417 3293 5487 jam
3334 5424 3447 5488 qli-

1908 5499 2025 5554 dem
2050 5499 2228 5569 Asaph
2252 5503 2351 5559 hos
2375 5504 2652 5560 sermones
2684 5507 2782 5560 abs
2811 5523 2870 5562 se
2886 5508 3060 5562 editos
3081 5509 3235 5576 quasi
3271 5510 3443 5578 magi-

1909 5602 2017 5648 ster
2055 5593 2318 5665 discipulo
2341 5597 2450 5665 ipsi
2482 5597 2711 5655 ldilhum
2755 5599 2820 5654 ad
2846 5589 3205 5655 meditandum
3233 5603 3436 5660 tradit:

1903 5682 1986 5737 vel
2038 5685 2190 5752 quasi
2243 5675 2484 5739 medicus
2535 5689 2582 5741 ei
2622 5687 2712 5757 qui
2762 5691 2965 5747 medela
3019 5698 3155 5762 eget,
3210 5693 3444 5749 salutare

1541 5833 1597 5876 Ἰ·
1660 5835 1701 5866 ⁷³
1743 5833 1878 5887 l’sal.
1917 5839 2069 5902 Lxxi',
2110 5837 2191 5899 l0,
2236 5839 2312 5890 ll.
2391 5839 2432 5871 ⁷³
2471 5840 2600 5896 Gen.
2635 5858 2715 5904 VI-
2747 5844 2798 5896 5-
