4294 6400
804 453 903 511 891

1535 451 1797 509 EUSEBII
1836 455 2306 512 CESARIENSIS
2341 455 2489 513 OPP.
2523 456 2818 512 PARS-lli;
2853 487 2923 497 —
2959 453 3356 510 EXEGETICA.

3872 451 3990 508 892’

804 564 928 619 dam
963 557 1264 630 abiiciendi,
1306 566 1361 614 et
1400 563 1550 630 quod
1584 564 1639 618 in
1665 565 1820 619 ﬁnem
1855 567 2085 636 idipsum
2120 568 2334 637 passuri
2363 570 2410 626 Α
2439 569 2500 629 εἰς

2277 568 2334 619 Iri
2363 570 2410 626 Α
2439 569 2517 630 εἰς
2555 569 2704 631 τέλος
2735 567 2925 630 αὐτοὺς
2954 566 3109 619 τοῦτο
3137 565 3324 619 παθεῖν
3356 563 3635 616 ἐπίστευον
3666 565 3729 634 τῇ
3763 580 3973 636 προφη-

804 661 1002 714 essent,
1036 651 1089 705 id
1138 666 1275 706 sane
1312 652 1597 706 credebam
1634 654 2012 724 obtemperans
2048 657 2336 726 pr0phetia:
2431 668 2500 708 τει

2276 659 2336 711 ia:
2431 657 2549 727 τεία
2587 656 2845 728 λεγούσῃ·
2892 656 3082 718 Ἰνατί,
3130 657 3162 708 ό
3208 654 3368 720 Θεὸς,
3400 654 3743 718 ἀπώσωεεις
3779 654 3971 721 τέλος,

804 741 1000 796 dicenti
1039 761 1052 796 :
1091 740 1308 812 thuid,
1367 742 1528 807 Deus,
1578 748 1813 812 repulisti
1857 749 1910 800 in
1945 749 2121 816 ﬁnem,
2170 751 2336 804 iratus

802 841 879 885 est
906 832 1056 912 [uror
1099 842 1218 886 tuus
1251 843 1401 900 super
1433 849 1544 888 oves
1576 850 1780 902 pascua
1805 846 1905 891 tua:
1925 839 2010 890 '3?
2035 854 2096 892 ac
2127 839 2179 893 in
2222 855 2336 894 me-

803 923 922 993 ipso
955 923 1151 977 dubius
1181 924 1466 990 haerebam,
1499 926 1683 981 istlizec
1723 929 2002 984 revolvens
2034 947 2047 983 :
2091 929 2338 1000 Nunquid

802 1015 857 1068 in
892 1025 1140 1067 teternum
1182 1015 1412 1082 projiciet
1462 1011 1730 1081 Dominus,
1764 1029 1856 1072 aut
1899 1037 2001 1073 non
2037 1030 2254 1086 apponet
2283 1028 2340 1072 ut

803 1108 1118 1172 complaceat
1149 1106 1352 1163 adhuc?
1386 1116 1437 1163 et
1473 1118 1691 1163 cmtera.
1726 1109 1850 1164 Haec
1887 1098 2130 1179 cogitans
2165 1111 2342 1165 turba-

801 1194 936 1261 bar;
971 1197 1061 1250 sed
1092 1198 1143 1249 in
1176 1200 1489 1252 memoriam
1521 1197 1827 1267 repetebam
1851 1199 1966 1253 dies
1996 1202 2260 1272 antiquos,
2290 1207 2342 1255 et

802 1295 975 1337 annos
1013 1293 1244 1338 aeternos
1274 1300 1340 1337 ex
1362 1286 1530 1338 veteri
1576 1284 1852 1352 Scriptura
1887 1300 2092 1338 mecum
2124 1293 2341 1355 reputa-

802 1370 950 1435 bam,
984 1373 1200 1442 quoties
1229 1373 1476 1425 videlicet
1501 1387 1623 1426 cum
1654 1374 1799 1441 ipsos
1819 1374 2023 1443 peccati
2053 1389 2214 1429 causa
2244 1375 2340 1428 ab-

797 1460 1040 1529 jecisset,
1067 1462 1281 1515 reduxit
1316 1469 1525 1527 tamen;
1558 1473 1608 1515 et
1644 1477 1764 1515 cum
1795 1464 1956 1533 impie
1995 1457 2340 1534 agentes'ho-

803 1552 981 1604 stibus
1021 1552 1355 1617 tradidisset,
1411 1554 1604 1606 iterum
1654 1556 1874 1623 recepit.
1919 1555 2027 1608 Cur
2058 1570 2184 1624 ergo
2219 1570 2340 1609 cum

803 1643 931 1696 olim
966 1650 1088 1712 post
1130 1645 1308 1713 gravia
1350 1645 1551 1698 scelera
1580 1653 1856 1699 revocaret
1886 1661 2000 1709 eos,
2037 1661 2208 1716 neque
2251 1661 2340 1700 re-

802 1732 1026 1800 pelleret
1075 1734 1128 1786 in
1172 1734 1329 1788 ﬁnem
1381 1749 1482 1788 nec
1535 1735 1876 1788 abscinderet
1920 1734 2341 1790 misericordiam

806 1839 991 1890 suam;
1031 1825 1165 1879 nihil
1189 1827 1296 1881 tale
1323 1828 1434 1895 jam
1463 1826 1642 1890 faciet,
1692 1837 1744 1884 et
1774 1830 2120 1886 humanitatis
2159 1831 2343 1901 pristi-

2435 748 2692 816 ὠργίσθη
2715 747 2718 760 ’
2745 750 2776 799 ό
2825 747 3006 815 θυμός
3048 760 3162 799 σου
3192 745 3288 798 ἐπὶ
3319 746 3575 813 πρόϐατα
3601 742 3787 812 νομῆς
3828 760 3976 809 σου;

2435 838 2728 908 ὲνηπόρουν
2765 836 2821 889 δὲ
2850 837 2983 907 πρὸς
3013 836 3243 906 ἐμαυτὸν
3265 834 3633 904 διανοούμενος
3655 835 3854 888 ταῦται·
3881 837 3977 903 Μὴ

2434 931 2519 994 είς
2538 928 2676 994 τοὺς
2691 925 2904 993 αἰῶνας
2927 926 3220 981 ἀπώσεται
3240 929 3470 996 Κύριος,
3487 926 3525 994 ἢ
3560 928 3630 980 οὐ
3654 927 3979 994 προσθήσει

2435 1019 2540 1072 τοῦ
2571 1016 2886 1085 εὐδοκήσαι
2913 1019 3029 1081 En;
3054 1018 3147 1071 καὶ
3168 1018 3234 1070 τὰ
3266 1017 3408 1086 ἑξῆς.
3440 1016 3621 1070 Ταῦτα
3643 1016 3980 1087 λογιζόμενος

2439 1108 2805 1178 ἐταραττόμην
2825 1125 2837 1137 ·
2876 1107 2990 1160 ἀλλ’
3015 1094 3203 1178 ἔφερόν
3240 1125 3297 1160 τε
3318 1110 3381 1178 τῇ
3410 1108 3595 1179 μνήμῃ
3624 1107 3721 1170 τὰς
3749 1107 3979 1169 παλαιὰς

2439 1198 2647 1267 ἡμέρας
2668 1198 2760 1250 καὶ
2786 1197 2853 1249 τά
2870 1196 2927 1261 ὲξ
2949 1196 3138 1259 αἰῶνος
3164 1196 3255 1267 ἐτη
3281 1197 3386 1249 ἀπὸ
3411 1196 3517 1249 τῶν
3543 1195 3782 1251 παλαιῶν
3805 1196 3981 1266 Γραμ-

2444 1289 2623 1358 μάτων
2656 1288 3062 1358 ἀναλεγόμενος,
3095 1287 3279 1350 ὁσάκις
3325 1288 3741 1358 ἁμαρτήσαντας
3785 1286 3980 1349 αὐτοὺς

2439 1377 2739 1440 ἀποϐαλὼν,
2772 1379 3129 1447 ἐπανήγαγεν,
3157 1377 3246 1432 καὶ
3269 1376 3538 1446 πολεμίοις
3563 1375 3828 1446 παραδοὺς
3851 1375 3977 1428 ἀσε-

2440 1467 2681 1530 ϐοῦντας,
2718 1463 2870 1532 αὖθις
2899 1469 3251 1538 ἀνεκτήσατο.
3273 1467 3337 1519 Τί
3363 1463 3452 1520 οῦν
3476 1467 3640 1521 πάλαι
3663 1467 3758 1537 μὲν
3785 1466 3980 1529 αὐτοὺς

2440 1558 2533 1610 καὶ
2570 1559 2705 1627 μετά
2735 1559 2908 1622 δεινὰς
2938 1557 3314 1630 πλημμηλείας
3341 1559 3664 1623 ἀνεκαλεῖτο,
3701 1558 3774 1628 μὴ
3795 1560 3873 1619 εἰς
3894 1555 3990 1608 re.—

2440 1647 2526 1709 λος
2559 1648 2955 1721 ἀπωθούμενος,
2989 1648 3120 1719 μηδὲ
3161 1649 3479 1701 ἀποκόπτων
3509 1649 3569 1700 τὸ
3597 1649 3743 1712 ἔλεος
3782 1645 3942 1700 αὑτοῦ
3963 1660 3978 1674 ·

2440 1734 2534 1787 νῦν
2559 1736 2613 1788 δὲ
2645 1736 2790 1789 οὐδὲν
2814 1736 3014 1789 τούτων
3040 1737 3269 1807 ποιήσει,
3294 1735 3458 1806 λήθην
3481 1735 3536 1788 δὲ
3560 1735 3671 1802 ἕξει
3701 1735 3797 1806 τῆς
3821 1732 3980 1788 αὑτοῦ

2442 1825 2840 1896 φιλανθρωπίας
2872 1826 2962 1877 καὶ
2999 1826 3306 1895 ἐπιλήσεται
3338 1824 3427 1877 τοῦ
3461 1825 3793 1895 οίκτειρῆσαι
3823 1826 3851 1877 6
3883 1841 3984 1893 μα-

804 1929 887 1967 nae
932 1915 1420 1984 misericordiaque
1467 1917 1838 1980 obliviscetur,
1891 1921 1982 1988 qui
2029 1899 2238 1989 patiens
2288 1927 2341 1974 et
2373 1899 2412 1953 Β
2442 1931 2500 1984 κε

2288 1927 2341 1974 et
2373 1899 2412 1953 Β
2442 1913 2706 1984 κρόθυμος
2737 1914 2828 1966 καὶ
2866 1913 3145 1977 πολυέλεος
3189 1914 3282 1966 καὶ
3333 1913 3748 1984 φιλοικτίρμων;
3798 1911 3983 1965 Ταῦτα

803 2005 983 2058 multae
1020 2005 1420 2069 misericordiae,
1469 2012 1521 2060 et
1569 2008 1970 2062 miserationum
2014 2025 2200 2065 amans
2228 2012 2345 2065 est?

803 2094 928 2150 Haec
961 2104 1117 2150 nocte
1159 2112 1366 2150 mecum
1402 2097 1734 2165 reputabam,
1769 2107 1821 2153 et
1870 2101 2153 2168 scopebam
2186 2101 2344 2170 spiri-

803 2190 919 2235 tum
945 2197 1141 2245 meum,
1173 2199 1319 2238 meas
1349 2185 1556 2239 scilicet
1579 2188 1930 2256 cogitationes
1953 2191 2264 2244 examinans
2293 2199 2346 2244 et

805 2272 1116 2341 explorans,
1167 2273 1589 2345 discernensque
1637 2278 1906 2346 spiritum,
1950 2297 2078 2334 num
2113 2282 2240 2350 quid
2277 2281 2345 2334 ad

809 2361 1092 2416 dubiorum
1143 2365 1463 2420 solutionem
1512 2367 1823 2434 subjiceret.
1866 2368 1971 2422 Pro
2019 2372 2109 2424 illo
2144 2380 2342 2437 autem,

809 2454 1216 2520 anticipaverunt
1241 2456 1445 2525 vigilias
1471 2458 1605 2508 oculi
1635 2458 1754 2520 mei,
1785 2458 2159 2527 Symmachus,
2188 2462 2347 2529 impe-

808 2544 1038 2608 diebant,
1068 2548 1263 2614 inquit,
1305 2565 1513 2601 sursum
1551 2549 1775 2615 aspicere
1817 2551 1951 2603 oculi
1999 2553 2116 2605 mei.
2167 2554 2223 2606 in
2263 2569 2347 2608 me

808 2651 1042 2704 namque
1077 2644 1153 2690 tot
1182 2639 1532 2705 cogitationes
1561 2643 1819 2711 colligens
1847 2642 2194 2697 occludeham
2215 2660 2346 2698 ocu-

809 2727 892 2781 los
932 2742 1100 2793 meos,
1144 2735 1200 2781 ut
1247 2746 1314 2783 ne
1348 2730 1400 2783 in
1449 2733 1724 2786 sensibilia
1764 2733 2062 2802 impingens
2095 2749 2123 2787 a
2154 2749 2348 2806 pr0po-

811 2818 916 2873 sito
946 2820 1258 2874 abducerer.
1294 2819 1507 2877 Clausis
1556 2824 1734 2892 itaque
1780 2826 2022 2894 corporis
2055 2825 2246 2889 oculis,
2293 2826 2347 2878 in

810 2911 1018 2981 meipso
1059 2912 1255 2966 dubius
1293 2913 1578 2976 haerebam,
1619 2930 1726 2968 non
1773 2929 1905 2968 voce
1948 2915 2194 2984 loquens,
2239 2931 2348 2970 non

811 3001 976 3054 alium
1036 3003 1395 3070 compellans,
1459 3004 1550 3057 sed
1606 3004 1721 3074 ipse
1771 3022 1980 3060 mecum
2029 3010 2344 3079 cogitabam.

812 3090 989 3155 Quare
1025 3105 1122 3159 pro
1155 3091 1270 3154 illo,
1313 3091 1576 3146 Turbatus
1605 3111 1739 3160 sum,
1775 3105 1821 3149 et
1854 3111 1955 3150 non
1985 3114 2099 3150 sum
2126 3098 2344 3162 locutus,

2447 2003 2632 2064 νυκτὸς
2675 2002 2808 2073 πρὸς
2851 2003 3078 2072 ἐμαυτὸν
3121 2002 3506 2074 διελογιζόμην,
3540 2002 3724 2055 καὶτὸ
3770 1999 3986 2071 πνεῦμά

2447 2109 2546 2160 μου
2588 2093 2864 2157 ἐσκαλλον,
2890 2092 3172 2163 διερευνῶν
3204 2095 3294 2146 καὶ
3323 2093 3620 2164 βασανίζων
3657 2092 3781 2154 τοὺς
3813 2093 3984 2162 ἐμαυ-

2443 2183 2534 2234 τοῦ
2579 2183 2881 2253 λογισμοὺς,
2917 2183 3216 2254 ἀνακρίνων
3265 2200 3323 2235 τε
3354 2183 3414 2237 τὸ
3443 2183 3673 2252 πνεῦμα,
3704 2182 3758 2235 εί
3783 2199 3843 2239 τι.
3882 2183 3986 2253 ἄρα

2445 2272 2697 2325 ὑποὸάλοι
2741 2274 2872 2343 πρὸς
2911 2273 3202 2343 θεραπείαν
3229 2274 3334 2326 τῶν
3365 2273 3739 2344 ἠπορημένων.
3759 2273 3900 2325 Ἀντὶ
3929 2272 3986 2325 δὲ

2444 2364 2557 2426 τοῦ,
2586 2362 3095 2431 Προκατελάϐοντο
3123 2364 3394 2432 φυλακὰς
3434 2366 3486 2417 ol
3519 2363 3808 2431 ὀφθαλμοί
3845 2380 3983 2431 μου,

2443 2456 2471 2507 6
2512 2454 2819 2525 Σύμμαχος,
2838 2454 3146 2516 Ἐκώλυοη
3194 2455 3344 2523 φησὶ,
3388 2455 3493 2521 τὰς
3539 2453 3894 2522 ἀναϐλέψας
3933 2456 3986 2509 oi

2446 2546 2734 2614 ὀφθαλμοί
2755 2562 2889 2613 μου.
2922 2545 3170 2613 Συνάγων
3201 2543 3304 2615 γὰρ
3325 2546 3404 2609 εἰς
3428 2545 3657 2616 ἐμαυτὸν
3679 2545 3802 2609 τοὺς
3822 2535 3987 2616 ἐμαυ-

2444 2637 2535 2690 τοῦ
2574 2637 2879 2706 λογισμοὺς,
2911 2635 3070 2707 ἐμυον
3098 2637 3167 2689 τὰ
3196 2638 3431 2707 δμματα,
3459 2637 3532 2700 ὡς
3555 2637 3620 2690 ἂν
3653 2638 3726 2709 μὴ
3761 2640 3874 2701 τοῖς
3904 2638 3987 2692 al-

2448 2729 2658 2798 σθητοίς
2699 2728 3030 2798 προϐάλλων,
3059 2729 3439 2801 περιελκοίμην
3483 2728 3574 2781 τοῦ
3607 2728 3982 2801 προκειμένου.

2445 2820 2608 2871 Μύων
2641 2815 2731 2871 οῦν
2756 2820 2880 2883 τοὺς
2911 2818 3216 2890 ὀφθαλμοὺς
3243 2819 3335 2872 τοῦ
3363 2818 3628 2890 σώματος,
3660 2819 3794 2888 πρὸς
3816 2821 3982 2889 ἐμαυ-

2446 2908 2534 2960 τὸν
2557 2908 2860 2979 διηπόρουν,
2889 2911 2946 2961 οὐ
2973 2912 3122 2979 φωνῇ
3145 2909 3522 2980 φθεγγόμενος,
3556 2908 3674 2961 οὐδὲ
3704 2908 3836 2978 πρὸς
3872 2898 3986 2962 ἓτε-

2452 3017 2538 3070 ρον
2568 2999 2759 3062 λαλῶν,
2787 2999 2946 3062 αὐτὸς
2977 3000 3033 3052 δὲ
3073 3001 3206 3070 πρὸς
3240 3001 3468 3071 ἐμαυτὸν
3495 3000 3706 3054 ἐννοῶν.
3736 3000 3824 3052 Διὸ
3869 2999 3986 3053 ἀντὶ

2447 3092 2560 3154 τοῦ,
2578 3091 2963 3161 Ἐτιιράχθηνν
2981 3092 3078 3144 καὶ
3120 3094 3227 3146 οὐκ
3258 3090 3546 3158 ἐλάλησα,
3575 3091 3668 3145 καὶ
3705 3091 3810 3146 τῶν
3839 3092 3990 3161 ἑξῆς,

811 3190 866 3236 et
885 3182 1114 3244 caeteris,
1159 3181 1298 3251 apud
1336 3181 1719 3251 Symmachum
1754 3187 1969 3249 dicitur.
2012 3187 2346 3255 Dubitabam,
2374 3223 2416 3278 ο
2449 3199 2507 3234 πε

2290 3206 2346 3255 n,
2374 3223 2416 3278 ο
2449 3182 2595 3278 παρά
2613 3182 2686 3251 τῷ
2702 3183 2771 3278 Σο
2781 3182 2976 3278 μμάχῳ
2996 3181 3204 3278 εξρηται
3219 3197 3232 3210 θ
3251 3181 3597 3278 όιηθτόρουν,
3617 3180 3710 3278 καὶ
3727 3180 3986 3278 oon-em.

812 3280 861 3325 et
885 3289 986 3324 non
1012 3271 1211 3325 locutus
1239 3289 1372 3327 sum.
1399 3304 1468 3314 -——
1491 3273 1656 3330 Vnus.
1689 3274 1742 3341 6,
1775 3276 1825 3327 7.
1856 3275 2219 3358 Recogitabam
2238 3278 2347 3332 dies
2379 3269 2416 3278 v
2448 3275 2508 3324 λτ

2288 3280 2347 3332 ῖεε
2379 3269 2416 3278 “”
2448 3275 2626 3336 Inoa.
2651 3301 2721 3309 —
2751 3269 3184 3339 Ἆνελογιζόμην
3225 3272 3327 3335 τὰς
3353 3269 3572 3338 ’ἠμέρας
3605 3269 3708 3334 τὰς
3739 3270 3984 3337 πρώτας,

810 3363 1076 3430 pristinos,
1114 3379 1275 3416 annos
1312 3364 1400 3434 qui
1429 3365 1475 3417 α’
1494 3366 1682 3418 saeculo
1707 3375 1825 3419 sunt
1853 3367 1907 3419 in
1939 3370 2238 3422 memoriam
2268 3387 2349 3423 re-

811 3454 1079 3510 vocabant.
1113 3453 1214 3509 Sed
1261 3455 1489 3523 psalmos
1530 3473 1668 3512 meos
1701 3465 1854 3510 noctu
1901 3475 2017 3511 cum
2047 3459 2196 3514 corde
2239 3478 2348 3514 meo

738 3534 742 3539 ’
810 3545 1129 3598 recitabam:
1157 3544 1207 3598 et
1231 3546 1306 3598 vir
1338 3561 1563 3612 prasens
1595 3555 1706 3599 erat
1749 3549 1962 3616 spiritus
2011 3566 2173 3605 meus.
2210 3550 2346 3604 Cum

753 3621 757 3624 ’
809 3635 886 3691 ita
925 3635 1148 3705 pervigil
1176 3637 1441 3705 degerem,
1471 3644 1523 3692 et
1559 3645 1740 3692 noctes
1773 3639 2045 3701 insomnes
2075 3642 2344 3707 ducerem,

810 3739 875 3778 ea
918 3724 1149 3778 sollicite
1193 3725 1468 3777 volvebam
1518 3726 1716 3790 animo,
1747 3743 1865 3796 quas
1915 3732 2166 3798 superius
2208 3731 2350 3785 dicta

812 3811 940 3866 Sunt
969 3831 979 3865 :
1006 3811 1171 3876 Quasi
1208 3813 1260 3864 in
1297 3812 1427 3864 silva
1459 3813 1712 3882 lignorum
1753 3817 2012 3870 securibus
2052 3818 2351 3872 exciderunt

805 3901 1001 3969 januas
1021 3900 1134 3968 ejus
1165 3901 1216 3952 in
1246 3900 1487 3967 idipsum,
1515 3902 1568 3954 in
1597 3904 1762 3954 securi
1799 3913 1847 3956 et
1880 3905 2023 3958 ascia
2044 3907 2349 3974 diruperunt

815 4006 948 4043 eam.
987 3989 1053 4042 In
1087 4000 1223 4042 terra
1251 3990 1544 4055 polluerunt
1581 3992 1973 4047 tabernaculum
2003 3998 2225 4050 nominis
2252 3998 2349 4050 tui.

813 4079 1066 4156 Dixerunt
1124 4082 1176 4132 in
1220 4081 1370 4133 corde
1413 4098 1504 4134 suo
1552 4085 1878 4151 cognationes
1930 4101 2106 4138 eorum
2164 4089 2352 4140 simul:

817 4170 1089 4236 Quiescere
1139 4172 1392 4239 faciamus
1440 4173 1547 4226 dies
1590 4174 1745 4240 festos
1795 4175 1886 4229 Dei
1929 4194 1960 4228 a
1993 4167 2150 4232 terra.
2196 4178 2355 4248 Signa

813 4272 994 4316 nostra
1021 4278 1120 4314 non
1153 4262 1392 4337 vidimus,
1413 4263 1528 4330 jam
1550 4280 1649 4316 non
1669 4257 2026 4335 estpropheta,
2049 4277 2096 4321 et
2128 4285 2220 4322 nos
2255 4286 2356 4321 non

714 4345 720 4352 ’
813 4358 1080 4421 cognoscet
1117 4353 1336 4418 amplius
1370 4353 1430 4403 ⁸⁷⁸.
1469 4353 1637 4410 lnhis
1661 4355 1820 4422 igitur
1860 4350 2192 4420 dubitabam,
2225 4372 2351 4410 num

811 4441 953 4494 mala
983 4429 1288 4510 hujusmodi
1331 4442 1601 4510 perpessis
1631 4445 1925 4497 remedium
1973 4445 2221 4510 futurum,
2261 4449 2352 4502 sit.

731 4565 734 4568 -
813 4526 1219 4599 Verisimileque
1239 4536 1322 4584 est
1349 4530 1602 4594 ldithum,
1638 4545 1758 4585 cum
1786 4533 1987 4602 Asaphi
2019 4525 2347 4604 prophetiam

814 4617 1073 4679 audisset,
1103 4626 1154 4672 et
1173 4620 1310 4672 talia-
1330 4635 1509 4674 secum
1541 4623 2171 4692 reputaret,‘prophetam
2196 4622 2350 4695 quasi
2381 4611 2430 4670 Ῐ)

812 4713 1128 4780 magistrum
1189 4713 1584 4784 interrogasse.
1632 4731 1712 4769 ac
1761 4716 2142 4786 interrogantis
2205 4736 2354 4775 more

811 4802 952 4857 hanc
1003 4803 1234 4857 movisse
1286 4806 1631 4872 quastionem
1673 4807 1850 4872 :Quid
1892 4808 2093 4877 igitur,
2150 4824 2182 4863 ο
2230 4826 2356 4879 pro-_

814 4892 1012 4965 pheta?
1049 4906 1170 4944 cum
1208 4891 1317 4944 haec
1352 4894 1660 4962 prophetice
1693 4896 1914 4960 dixeris.
1958 4897 2199 4953 ediscere
2228 4915 2354 4952 nos-

814 4998 977 5053 seque
1006 4983 1161 5036 velim
1190 5002 1202 5035 :
1237 4994 1306 5024 —‘-
1338 4983 1502 5038 Vens.
1536 4986 1683 5039 8-10.
1718 4985 1966 5056 Nunquid
2001 4991 2056 5042 in
2103 4999 2352 5043 azternum

811 5075 1048 5144 proficiet
1093 5073 1363 5137 Dominus,
1384 5087 1433 5130 et
1462 5094 1561 5130 non
1595 5086 1810 5144 apponet
1838 5089 1892 5129 ut
1914 5080 2230 5148 complaceat
2254 5081 2350 5132 ad-

815 5167 950 5220 huc?
978 5173 1068 5217 aut
1098 5165 1151 5217 in
1181 5166 1333 5232 ﬁnem
1375 5167 1785 5221 misericordiam
1832 5184 1982 5221 suam
2019 5170 2287 5224 abscindet
2319 5187 2351 5221 a

814 5255 1141 5325 generatione
1185 5254 1237 5306 in
1267 5257 1682 5323 generationem?
1721 5265 1812 5310 aut
1841 5255 2167 5310 obliviscetur
2199 5259 2353 5310 mise-

816 5344 921 5396 reri
949 5341 1105 5405 Deus,
1153 5353 1244 5395 aut
1272 5329 1548 5396 continebit
1571 5347 1626 5397 in
1653 5347 1735 5398 ira
1769 5346 2151 5400 misericordias
2185 5348 2351 5401 suas?

819 5433 898 5488 Ad
929 5431 1061 5485 tales
1092 5435 1481 5501 propositiones
1519 5435 1696 5506 Asaph
1726 5435 2021 5488 doctrinam
2076 5453 2226 5490 suam
2263 5453 2356 5505 pa-

821 5526 978 5584 ravit,
1008 5527 1268 5589 psalmum
1295 5539 1388 5591 pro
1411 5525 1526 5592 ipso
1549 5523 1779 5578 ldithum
1808 5526 2174 5596 conscribens,
2204 5544 2355 5580 eum-

824 5625 926 5680 que
959 5609 1024 5663 ad
1070 5611 1196 5664 talia
1223 5612 1445 5668 dicenda
1480 5613 1802 5668 instituens:
1841 5613 1968 5668 Voce
2007 5633 2116 5670 mea
2149 5617 2216 5670 ad
2252 5617 2354 5670 Do-

901 5766 918 5774 "
983 5761 1120 5826 Psal.
1156 5781 1355 5831 LXXIII,
1391 5770 1438 5822 1.
1515 5769 1556 5799 ⁷’
1599 5768 1751 5834 ihid.,
1785 5767 1900 5820 5-9.

2447 3363 2517 3415 τὰ
2536 3363 2638 3430 ἐτη
2658 3362 2729 3416 τὰ
2747 3362 2845 3415 ἀπ’
2861 3360 3069 3426 αἰῶνος
3097 3361 3633 3429 ἀνεμιμνησκόμην.
3653 3361 3825 3413 Ἀλλὰ
3845 3363 3995 3428 giru-

2442 3455 2594 3522 μούς
2618 3471 2735 3521 μου
2768 3451 2983 3517 νυκτὸς
3018 3452 3163 3520 πρὸς
3210 3451 3320 3520 τὴν
3361 3451 3606 3519 καρδίαν
3637 3468 3756 3520 μου
3795 3450 3989 3506 διελά-

2448 3543 2598 3599 λουν
2622 3563 2634 3575 ·
2685 3544 2782 3598 καὶ
2830 3543 2979 3612 ἀνὴρ
3026 3543 3228 3598 συνὼν
3268 3543 3334 3596 τὸ
3382 3541 3611 3611 πνεῦμά
3641 3559 3775 3612 μου.
3810 3540 3991 3604 Οὕτως

2450 3638 2804 3708 ὲπαγρύπνως
2837 3636 3189 3706 διακείμενος,
3230 3635 3322 3688 καὶ
3360 3634 3455 3696 τάς
3486 3633 3683 3696 νύκτας
3709 3632 3994 3703 διαγρηγο-

2453 3727 2577 3796 ρῶν,
2615 3724 2918 3796 ἐφρόντιζον
2952 3724 3077 3794 περὶ
3109 3723 3214 3776 τῶν
3245 3722 3545 3792 ἔμπροσθεν
3574 3722 3639 3775 δι’
3664 3715 3738 3778 ὧν
3769 3721 3952 3791 εἴρητο
3974 3735 3989 3752 ·

2461 3818 2551 3881 Ὠς
2590 3801 2659 3870 ἐν
2699 3813 2894 3887 δρυμῷ
2927 3814 3126 3878 ξύλων
3155 3813 3386 3878 ἀξίναις
3411 3813 3642 3880 ἔκοψαν
3677 3812 3782 3876 τὰς
3816 3813 4002 3879 θύρας

2450 3906 2636 3974 αὐτῆς
2667 3906 2762 3958 ἐπὶ
2795 3905 2860 3957 τὸ
2889 3903 3052 3967 αὐτὸ,
3085 3902 3298 3955 πέλυκι
3343 3901 3441 3954 καὶ
3488 3900 3849 3967 λαξευτνηρίῳ
3893 3917 3995 3956 κα-

2451 3996 2736 4064 τέρῤαξαν
2789 3994 2997 4060 αὑτήν.
3045 3995 3146 4058 Είς
3187 3991 3299 4058 τὴν
3343 3991 3458 4062 γῆν
3489 3991 3886 4064 -ὲσεϐήλωσαν
3929 3992 3994 4045 τὸ

2451 4086 2735 4154 σκήνωμα
2775 4084 2873 4138 τοῦ
2902 4082 3185 4151 ὀνόματός
3225 4095 3358 4134 σου.
3390 4075 3580 4135 Εἶπαν
3603 4081 3671 4134 ἐν
3689 4080 3762 4149 τῇ
3787 4081 4005 4151 καρδίᾳ·

2438 4176 2645 4229 ,αὐτῶν
2675 4178 2733 4228 al
2764 4173 3098 4243 συγγένειαι
3143 4170 3338 4225 αὐτῶν
3363 4170 3460 4222 ἐπὶ
3506 4168 3572 4223 τὸ
3620 4170 3785 4223 αὐτὰ
3810 4172 3998 4223 Κατα-

2453 4266 2770 4334 παύσωμεν
2797 4264 2898 4330 τὰς
2935 4262 3140 4332 ἑορτὰς
3171 4261 3274 4315 τοῦ
3305 4261 3449 4314 Θεοῦ
3481 4260 3596 4314 ἀπὸ
3625 4259 3734 4328 τῆς
3753 4259 3884 4328 τῆς.
3923 4259 4004 4310 Τὰ

2453 4352 2666 4421 σημεῖα
2707 4351 2871 4420 ήμῶν
2909 4354 3017 4405 οὐκ
3037 4351 3293 4418 δίδομεν,
3322 4353 3429 4404 οὐκ
3463 4349 3628 4403 ἐστιν
3656 4349 3743 4401 ἔτι
3773 4346 3998 4416 προφή-

2456 4461 2580 4509 της,
2612 4442 2706 4494 καὶ
2755 4439 2906 4509 ἡμᾶς
2941 4443 3010 4492 οὐ
3053 4433 3333 4508 γνώσεται
3375 4434 3616 4513 ἔτι.Ἐπὶ
3658 4439 3863 4498 τούτοις
3905 4432 4006 4491 οὖν

2455 4531 2760 4601 διηπόρουν,
2777 4532 2823 4582 εἰ
2851 4528 3108 4600 θεραπεία
3133 4527 3282 4581 ἔσται
3307 4531 3417 4592 τοῖς
3441 4529 3611 4582 ταῦτα
3633 4525 3998 4581 πεπονθόσι¹τά

2455 4624 2616 4677 κακά.
2642 4622 2752 4676 Καὶ
2780 4621 2923 4683 είκός
2943 4637 3005 4689 γε
3034 4615 3101 4690 ἦν
3129 4619 3219 4672 τὸν
3245 4618 3480 4690 Ἰδιθοὺμ.
3503 4618 3875 4672 ἐπακούσαντα
3900 4618 4000 4689 τῆς

2453 4715 2546 4767 τοῦ
2586 4714 2753 4781 Ἀσάφ
2781 4711 3128 4784 προφητείας,
3155 4711 3245 4764 καὶ
3270 4709 3439 4764 ταῦτα
3477 4709 3610 4780 πρὸς
3641 4708 3826 4761 ἑαυτὸν
3857 4708 4000 4777 λογι-

2457 4806 2703 4874 σάμενον,
2741 4803 3080 4873 ἐπαπορῆσαι
3118 4800 3252 4872 πρὸς
3302 4801 3390 4854 τὸν
3447 4799 3718 4872 προφήτην
3749 4797 3823 4862 ὡς
3863 4799 4000 4870 πρὸς

2453 4895 2780 4956 διδάσκαλον,
2831 4893 3090 4963 ἐρώτησιν
3148 4906 3208 4944 τε
3264 4891 3409 4960 αὐτῷ
3474 4890 3854 4960 προσαγαγεῖν,
3905 4889 3998 4941 καὶ

2454 4985 2637 5056 ὥσπερ
2679 4986 2797 5038 τινὰ
2833 4983 3171 5053 προτείνοντα
3205 4981 3460 5051 πρότασιν
3500 4978 3687 5046 φάναι’
3719 4977 3784 5028 Τί
3815 4973 3924 5042 οὖν,
3954 4973 3997 5029 ὦ

2457 5079 2732 5147 προφῆτα;
2756 5076 2936 5145 ἐπειδὴ
2954 5075 3122 5126 ταῦτα
3145 5069 3566 5144 προεφήτευσας,
3591 5069 3844 5140 βούλομαι
3871 5071 4001 5139 γνῶ·

2457 5186 2540 5219 ναι
2571 5170 2660 5220 καὶ
2690 5167 2898 5237 μαθεῖν,
2932 5163 3024 5230 Μὴ
3053 5167 3137 5228 εἰς
3161 5164 3299 5227 τοὺς
3326 5160 3537 5226 αίῶνας
3572 5160 3864 5214 ἀπώσεται
3885 5162 4000 5213 Κύ-

2449 5275 2598 5322 ριος,
2628 5257 2723 5311 καὶ
2754 5259 2824 5311 οὐ
2846 5253 3171 5322 προσθήσει
3202 5252 3304 5304 τοῦ
3338 5250 3657 5318 εὐδοκήσαι
3687 5251 3807 5314 ἕτι;
3841 5250 3877 5316 ἢ
3914 5253 3999 5314 εἰς

2459 5347 2625 5412 τέλος
2647 5348 2708 5400 τὸ
2735 5347 2903 5409 ἕλεος
2921 5344 3101 5397 αὐτοῦ
3123 5343 3407 5409 ἀποκόψει
3431 5344 3545 5396 ἀπὸ
3567 5341 3769 5412 γενεᾶς
3793 5341 3880 5402 εὶς
3904 5324 4020 5406 ’γε-⁸

2455 5438 2630 5497 ν·εάν;
2673 5436 2708 5501 ἢ
2754 5435 3098 5500 ἐπιλήσεται
3139 5433 3243 5487 τοῦ
3287 5431 3641 5501 οἰκτειρήσω
3687 5435 3718 5483 ό
3765 5429 3926 5491 Θεὸς.
3958 5428 3996 5493 ἢ

2455 5529 2693 5596 συνέξει
2725 5527 2791 5579 ἐν
2830 5525 2910 5591 τῇ
2939 5525 3082 5594 ὀργῆ
3119 5525 3257 5590 τοὺς
3283 5523 3614 5605 οὶιιτιρμοὺς
3645 5517 3858 5578 αὐτοῦ;
3890 5517 3997 5569 Καὶ

2453 5619 2515 5690 δὴ
2570 5618 2701 5689 πρὸς
2743 5616 2940 5678 ταύτας
2986 5614 3082 5678 τὰς
3131 5615 3413 5685 προτάσεις
3455 5614 3552 5697 τὴν
3600 5607 3937 5664 διδασκαλίαν
3969 5607 3996 5658 6
