4294 6390
283 470 394 528 ‘897

1395 469 1895 527 COMMENTARIA
1937 474 2005 529 ΙΝ
2043 475 2379 536 ΡδΑ-ιιιοδ.

3409 506 3515 565 898

295 592 458 648 Ἆλλά
488 592 587 663 μὲν
613 587 805 661 πρῶτα
831 588 1000 642 Maia
1028 587 1270 658 ἐφοϐεῖτο
1295 591 1383 645 τὸν
1409 591 1561 658 Θεὸν,
1590 597 1644 647 al
1669 594 1726 646 δὲ
1753 593 1844 665 δη·
1874 597 1916 654 Α
1949 611 1991 649 m

1822 621 1844 632 -
1874 597 1916 654 Α
1949 606 2260 661 memoratae
2307 602 2489 675 abyssi
2523 605 2750 665 turbatae
2796 620 2926 666 sunt
2983 632 2995 670 :
3041 623 3235 684 preter
3263 618 3352 675 illa
3384 638 3513 682 vero

279 687 537 742 λυθεῖσαι
551 682 771 738 ἄϐυσσοι
791 680 1167 754 ἐταράττοντοο
1187 682 1364 754 τρίτον
1383 685 1440 740 δὲ
1456 685 1640 756 τάγμα
1658 686 1850 754 τυγχά-

281 797 360 834 νει
394 778 544 848 παρά
573 777 640 830 τά
667 775 962 845 λελεγμένα
987 775 1048 828 τὸ
1071 775 1175 830 τῶν
1204 779 1438 848 νεφελῶν
1461 823 1475 843 ,
1512 780 1538 832 6
1567 779 1628 850 δὴ
1665 779 1847 850 φωνὴν

280 873 465 928 ἔδωκε.
498 871 650 934 Τίνες
675 871 730 923 δὲ
754 865 892 938 ἦσαν
918 871 971 924 al
1001 871 1244 938 νεφέλαι,
1272 873 1383 927 ἀλλ’
1411 872 1442 944 ἢ
1469 875 1521 925 al
1545 871 1847 925 κελευσθεῖ-

279 977 367 1012 σαι
398 958 471 1030 μὴ
504 957 712 1030 βρέχειν
742 960 834 1012 ἐπὶ
861 959 952 1012 τὸν
981 963 1240 1034 πρότερον
1262 962 1579 1034 ἀμπελῶνα,
1614 961 1755 1014 κατά
1785 961 1844 1014 τὸ

275 1052 451 1123 φῆσαν
486 1051 663 1120 λόγιον
687 1069 698 1080 ·
732 1053 840 1108 Καὶ
882 1053 1010 1121 ταῖς
1035 1056 1313 1125 νεφέλαις
1341 1053 1692 1121 ὲντελοῦμαι
1737 1054 1840 1107 τοῦ

265 1144 351 1214 μὴ
377 1143 591 1211 ,ϐρέξαι
623 1145 714 1198 ἐπ’
748 1144 933 1198 αὑτὸν
953 1187 969 1213 ,
1002 1147 1159 1218 δῆλον
1191 1147 1267 1208 δὲ,
1298 1146 1378 1198 ὅτι
1412 1145 1502 1197 τὸν
1530 1146 1592 1198 ὲκ
1624 1162 1842 1216 περιτο.

277 1234 380 1305 μῆς
405 1235 562 1298 λαόν;
594 1234 827 1302 Νεφέλαι
850 1236 904 1290 δὲ
930 1237 1348 1307 πεπληρωμέναι
1383 1234 1588 1287 ὑδάτων
1620 1235 1691 1305 μὴ
1720 1234 1839 1288 ὕου-

273 1341 360 1378 σαι
391 1326 482 1378 ὲπὶ
511 1325 601 1379 τὸν
633 1327 852 1397 παλαιὸν
879 1329 1172 1400 ἀμπελῶνα
1201 1328 1344 1390 τίνες
1367 1325 1432 1380 ἂν
1459 1324 1568 1381 εἷεν
1599 1328 1629 1399 ἢ
1664 1330 1710 1380 οί
1744 1327 1833 1381 τοῦ

261 1418 519 1489 ’Σωτῆρος
548 1418 782 1490 μαθηταῖ⁵
803 1423 892 1475 καὶ
918 1420 1199 1475 ἀπόστολοι
1230 1419 1321 1472 καὶ
1346 1420 1721 1489 εὐαγγελισταὶ
1739 1462 1751 1483 ,
1787 1422 1832 1474 οἳ

259 1508 384 1561 καθ’
404 1508 530 1580 ὅλης
561 1510 658 1582 τῆς
671 1514 988 1584 οἰκουμένης
1019 1511 1106 1564 τὸν
1139 1512 1456 1582 ἐπουράνιον
1491 1513 1640 1566 ὑετὸν
1660 1514 1832 1567 διαδε-

252 1597 511 1666 ιθωκότες,
530 1605 709 1676 φωνὴν
736 1605 963 1669 ἔδωκαν,
984 1605 1122 1657 ὥστε
1138 1606 1218 1667 είς
1249 1605 1427 1660 πᾶσαν
1448 1606 1544 1676 τὴν
1563 1607 1664 1678 γῆν
1681 1606 1828 1673 ἐξελ·

263 1691 375 1748 θεῖν
396 1695 486 1748 τὸν
508 1697 742 1767 φθόγγον
762 1698 963 1762 αὐτῶν,
994 1699 1086 1751 καὶ
1107 1700 1184 1762 είς
1207 1697 1273 1750 τὰ
1295 1697 1506 1769 πέρατα
1530 1697 1630 1766 τῆς
1653 1700 1831 1752 οἰκου-

260 1786 428 1858 μένης
449 1789 517 1843 τά
547 1791 764 1861 ῥήματα
794 1788 1000 1855 αὐτῶν;
1031 1792 1119 1844 Διὸ
1144 1791 1389 1844 λέλεκται
1407 1807 1421 1820 ν
1451 1789 1662 1857 Φιιηνὴν
1690 1791 1829 1843 ἐδω-

249 1895 372 1934 «ίιαν
399 1884 458 1934 αι
483 1881 758 1951 νεφέλαι’
797 1881 894 1935 καὶ
927 1881 1035 1949 τὰρ
1070 1882 1140 1956 ta
1161 1881 1318 1947 ,βέλη
1352 1896 1467 1934 σου
1519 1881 1828 1948 διαπορεύ-

255 1989 439 2029 artat.
471 1975 601 2028 [lota
628 1973 684 2027 δὲ
712 1975 778 2025 τὰ
804 1972 930 2041 βέλη
959 1972 990 2040 ἢ
1021 1973 1087 2026 τά
1111 1975 1348 2043 σωτήρια
1378 1972 1471 2025 καὶ
1497 1973 1565 2026 τά
1595 1971 1827 2045 ἐκλεκτά

253 2066 324 2121 τὰ
355 2066 718 2138 τιτρώσκοντα
751 2065 848 2128 τὰς
876 2063 984 2116 τῶν
1022 2063 1340 2134 σωζομένων
1395 2063 1570 2134 ψυχὰς
1590 2104 1604 2127 ,
1651 2063 1716 2118 δι’
1751 2057 1826 2117 ὧν

252 2163 289 2233 ἠ
332 2165 516 2231 νύμφη
563 2157 798 2228 Χριστοῦ
841 2159 872 2227 ἡ
919 2157 1212 2227 Ἐκκλησία
1243 2155 1544 2230 τετρῶσθαι
1576 2160 1826 2228 ὁμολογεῖ

247 2252 536 2320 φάσκουσα
556 2267 568 2280 ο
600 2251 717 2302 Ὅτι
743 2247 1069 2317 τετρὼμένη
1097 2247 1330 2316 ἀγάπης
1352 2250 1465 2318 ἐγώ
1480 2265 1498 2312 ;
1524 2250 1632 2304 Καὶ
1665 2251 1824 2314 αὐτὸς

250 2342 307 2397 δὲ
336 2345 364 2398 6
393 2342 582 2413 Σωτὴρ
614 2340 762 2411 βέλος
790 2341 1072 2410 ὠνόμαστο
1106 2341 1245 2393 κατά
1277 2341 1368 2394 τὸν
1419 2341 1642 2396 είπόντα
1690 2358 1824 2415 προ-

249 2434 454 2506 φήτην·
508 2432 726 2500 Ἐθηκέ
749 2450 822 2502 με
849 2432 928 2498 ὡς
950 2432 1137 2497 ,ϐέλος
1167 2431 1453 2486 ἐκλεκτόν
1472 2475 1484 2491 ,
1531 2433 1628 2486 καί
1656 2435 1725 2488 ἐν
1751 2435 1825 2504 τῇ

243 2525 505 2596 φαρέτρα
533 2525 716 2580 αὐτοῦ
741 2524 967 2593 ἔκρυψέ
996 2543 1071 2594 με
1097 2543 1109 2556 ·
1175 2525 1333 2580 Ἀλλά
1358 2526 1450 2579 τοῦ
1488 2528 1584 2598 μὲν
1610 2527 1823 2599 [ἰατρὸς

250 2619 401 2689 βέλος
437 2614 504 2691 ἦν
535 2620 563 2672 6
601 2620 893 2691 μονογενὴς
912 2618 1074 2672 αὐτοῦ
1102 2619 1269 2687 Λόγος
1290 2637 1301 2647 ’
1326 2617 1420 2671 τοῦ
1451 2618 1508 2671 δὲ
1542 2617 1670 2672 Υἱοῦ
1695 2618 1820 2690 βέλη

244 2711 538 2784 ἐτύγχανον
567 2715 611 2764 οἱ
642 2711 945 2773 ἀπόστολοι,
974 2712 1066 2764 καὶ
1094 2711 1161 2764 τὰ
1181 2710 1298 2763 θεῖα
1325 2711 1420 2766 καὶ⁵
1449 2712 1820 2784 πεπυρωμένα

243 2805 410 2859 αὑτοῦ
437 2805 610 2875 λόγια.
667 2805 756 2858 Διὸ
787 2804 1032 2859 λέλεκται
1061 2807 1118 2857 έν
1146 2805 1224 2876 τῷ
1260 2807 1389 2876 περὶ
1415 2805 1508 2858 τοῦ
1536 2804 1817 2875 ἀγαπητοῦ

242 2892 441 2965 ψαλμῷ
463 2911 476 2924 ·
534 2893 614 2948 Τὰ
640 2894 799 2962 βέλη
835 2912 949 2948 σου
982 2895 1348 2965 ἠκονημένα,
1382 2897 1516 2951 λαοὶ
1542 2896 1818 2952 ὑποκάτω

239 3003 359 3039 σου
392 2986 734 3041 πεσοῦνται.
795 2985 948 3040 Οὕτω
974 2988 1016 3040 δ’
1050 2984 1142 3041 οὖν
1173 2989 1267 3041 καὶ
1297 2989 1531 3042 ἐνταῦθα
1568 2992 1779 3062 εἴρηται
1799 3007 1815 3022 ο

243 3077 352 3131 Καὶ
377 3078 484 3147 γὰρ
506 3079 574 3132 τὰ
587 3077 741 3144 βέλη
765 3094 879 3133 σου
903 3078 1372 3147 διαπορεύονται.
1399 3083 1813 3154 Περιτρέχυνται

242 3165 350 3237 γὰρ
374 3166 684 3238 ἁπανταχοῦ
712 3168 778 3220 τὰ
809 3166 902 3221 τοῦ
930 3169 1162 3240 Χριστοῦ
1190 3171 1318 3241 βέλη
1347 3162 1685 3244 διεπορεύετο
1714 3191 1813 3245 κη-

1953 689 2146 746 tertius
2176 693 2309 748 ordo
2345 705 2613 766 superest,
2647 716 2839 773 nempe
2890 706 3141 773 nubium,
3172 725 3294 780 quae
3323 727 3512 770 vocem

1949 780 2234 840 dederunt.
2269 786 2397 853 Qua:
2444 792 2616 848 nubes
2644 795 2747 850 illa:
2775 807 2952 864 erant,
2986 801 3090 855 nisi
3133 801 3332 871 quibus
3373 819 3511 874 pra:-

1947 883 2161 946 Ceptum
2185 876 2358 933 fuerat
2390 898 2456 936 ne
2485 883 2734 954 pluerent
2779 905 2942 959 super
2976 891 3189 947 vineam
3229 895 3373 950 illam
3400 897 3512 966 pri-

1947 969 2179 1034 Stinam;
2214 973 2512 1029 secundum
2544 978 2697 1040 illud,
2738 978 2802 1032 Et
2872 981 3092 1038 nubibus
3138 988 3398 1042 mandabo
3451 1006 3514 1044 ne

1942 1057 2125 1152 pluunt
2157 1078 2311 1130 super
2342 1081 2456 1118 eam
2487 1068 2705 1123 imbrem
2741 1070 2784 1101 ⁸⁸
2807 1090 2819 1136 ;
2846 1073 3095 1130 videlicet
3135 1095 3300 1148 super
3337 1099 3502 1152 popu-

1941 1151 2050 1206 lum
2083 1170 2146 1209 ex
2191 1155 2651 1215 circumcisione?
2697 1160 2882 1217 Nubes
2910 1174 3089 1220 autem
3123 1173 3280 1238 aquis
3314 1151 3504 1242 plenae,

1939 1262 2038 1300 nec
2075 1263 2239 1317 super
2266 1249 2477 1304 vineam
2531 1252 2676 1306 illam
2729 1255 3012 1322 pristinam
3059 1263 3324 1328 pluentes,
3357 1280 3504 1334 quae-

1937 1353 2060 1409 nam
2114 1338 2316 1394 fuerint
2357 1342 2458 1397 nisi
2513 1341 2816 1398 Salvatoris
2871 1347 3147 1419 discipuli.
3187 1355 3415 1422 apostoli
3449 1367 3502 1410 et

1935 1433 2298 1501 evangelistae,
2336 1434 2425 1503 qui
2467 1451 2560 1504 per
2599 1445 2770 1491 totum
2818 1440 3004 1494 orbem
3051 1445 3325 1498 cmlestem
3384 1448 3502 1517 plu-

1931 1526 2076 1578 viam
2100 1526 2496 1594 impertienles,
2537 1545 2720 1583 vocem
2759 1531 3050 1608 dederunt,
3083 1537 3155 1588 ita
3195 1546 3250 1589 ut
3280 1539 3331 1591 in
3368 1555 3498 1594 om-

1931 1633 2054 1672 nem
2078 1627 2281 1691 terram
2305 1621 2497 1675 exierit
2523 1637 2691 1678 sonus
2715 1639 2921 1685 eorum,
2977 1637 3029 1680 et
3064 1627 3116 1681 in
3167 1628 3301 1682 ﬁnes
3345 1631 3498 1687 orbis

1930 1717 2090 1765 terra:
2128 1713 2291 1767 verba
2335 1714 2563 1768 eorum?
2591 1712 2716 1770 Ideo
2754 1717 2958 1770 dictum
2993 1728 3074 1772 est
3107 1737 3120 1770 :
3151 1717 3339 1788 (Vens.
3381 1720 3493 1793 19.)

1940 1798 2127 1853 Vocem
2149 1801 2402 1884 dederunt
2423 1804 2604 1868 nubes,
2631 1809 2817 1860 etenim
2835 1809 3041 1878 sagith
3065 1819 3170 1862 tua:
3195 1821 3490 1867 transeunt.

1931 1890 2191 1957 Quaenam
2217 1896 2445 1963 sagittae,
2481 1899 2583 1953 nisi
2627 1901 2893 1956 salutares
2931 1910 2982 1956 et
3012 1904 3197 1958 electae
3223 1905 3344 1970 illm,
3373 1920 3492 1976 quae

1931 1983 2140 2038 animas
2178 1985 2410 2040 salutem
2448 1999 2835 2048 consecuturas
2887 1994 3194 2052 vulnerant.
3229 1998 3383 2065 queis
3431 2013 3493 2053 se

1929 2074 2128 2129 Christi
2153 2091 2356 2144 sponsa
2379 2076 2620 2134 Ecclesia
2652 2083 2990 2139 vulneratam
3016 2086 3216 2143 fatetur
3248 2089 3332 2144 his
3361 2105 3486 2144 ver-

1928 2165 2032 2226 bis.
2069 2165 2206 2231 Quia
2237 2170 2511 2223 vulnerata
2542 2187 2719 2226 amore
2746 2190 2862 2227 sum
2885 2176 2968 2229 "‘l
2993 2176 3213 2249 Ipseque
3239 2181 3491 2237 Salvator

1929 2258 2121 2328 sagitta
2158 2268 2385 2316 vocatur
2426 2263 2566 2332 apud
2625 2265 2940 2334 prephetam
2971 2269 3260 2336 dicentem,
3296 2275 3483 2331 Posuit

1926 2366 2006 2404 me
2033 2352 2186 2420 quasi
2215 2356 2458 2423 sagittam
2508 2355 2749 2417 electam,
2780 2367 2829 2411 et
2872 2359 2924 2412 in
2953 2362 3200 2428 pharetra
3229 2381 3328 2418 sua
3362 2367 3487 2421 abs-

1925 2444 2099 2498 condit
2133 2462 2212 2500 me
2233 2447 2300 2502 °°.
2352 2446 2456 2502 Sed
2486 2445 2664 2503 Patris
2690 2449 2906 2518 quidem
2929 2453 3123 2523 Sagitta
3147 2457 3484 2526 unigenitum

1922 2535 2042 2604 ejus
2088 2535 2326 2590 Verbum
2376 2545 2529 2604 erat;
2573 2536 2693 2592 Filii
2734 2555 2861 2594 vero
2909 2544 3114 2612 sagitta:
3158 2555 3313 2599 erant
3354 2563 3487 2618 apo-

1922 2630 2067 2694 stoli,
2101 2644 2315 2684 necnon
2343 2622 2522 2685 divina
2554 2640 2608 2687 et
2657 2633 2824 2702 ignita
2859 2635 2978 2704 ejus
3007 2637 3243 2706 eloquia.
3276 2638 3479 2705 Quam-

1920 2719 2103 2774 obrem
2139 2720 2192 2773 in
2227 2721 2438 2790 psalmo
2465 2723 2530 2776 de
2563 2722 2759 2777 dilecto
2784 2723 2984 2779 dicitur
3039 2746 3050 2781 :
3111 2726 3331 2801 Sagitta:
3379 2739 3482 2783 tua:

1920 2820 2107 2872 acutte,
2162 2811 2344 2880 populi
2371 2812 2464 2866 sub
2501 2823 2548 2867 te
2571 2814 2846 2872 cadent".
2885 2810 3190 2889 Sic'itaque
3235 2820 3288 2876 in
3338 2838 3477 2892 prae-

1919 2901 2056 2954 senti
2084 2900 2287 2956 dictum
2315 2910 2399 2956 est
2443 2921 2455 2958 :
2502 2902 2707 2958 Etenim
2758 2909 2970 2977 sagitta:
3029 2920 3132 2963 tua:
3181 2919 3475 2968 transeunt.

1917 2981 2051 3036 Nam
2079 2983 2287 3053 sagittae
2311 2988 2510 3044 Christi
2552 2992 2751 3061 ubique
2801 2994 3158 3062 praedicantes
3191 3014 3473 3067 percurre-

1914 3077 2078 3144 bant;
2113 3078 2233 3132 ideo
2267 3094 2440 3133 vocem
2469 3079 2720 3134 dederunt
2751 3085 2942 3146 nubes;
2995 3085 3090 3141 sed
3134 3090 3319 3151 etiam,
3379 3091 3478 3143 in-

1915 3169 2051 3242 quit,
2082 3185 2180 3223 uox
2212 3172 2429 3225 tonitrui
2453 3173 2530 3225 tui
2561 3173 2616 3225 in
2640 3185 2776 3229 rota.
2800 3173 3126 3231 Tonitruum
3180 3178 3266 3232 hic
3305 3196 3474 3234 evan-

247 3256 536 3328 ρύττονταο
568 3259 646 3312 διὸ
673 3259 882 3328 φωνὴν
912 3260 1141 3316 ἔδωκαν
1167 3265 1225 3315 al
1253 3264 1498 3332 νεφέλαι
1521 3282 1533 3296 ’
1561 3263 1693 3320 ἀλλά
1721 3266 1812 3319 καὶ
1839 3294 1879 3352 C
1913 3279 1943 3333 ς

1777 3266 1812 3316 ti
1839 3294 1879 3352 α
1913 3263 2141 3333 gelicam
2173 3263 2611 3333 praedicationem
2642 3265 2969 3321 subindicat.
3003 3267 3156 3323 Sicut
3186 3273 3330 3325 enim
3371 3287 3473 3328 vox

243 3350 412 3418 Φωνὴ
438 3349 547 3416 τῆς
578 3349 840 3420 βροντῆς
852 3368 986 3418 σου,
1020 3354 1201 3425 φησὶν,
1227 3356 1297 3410 ἐν
1318 3356 1396 3422 τῷ
1418 3357 1628 3425 τροχῷ
1660 3357 1812 3429 βρον-

239 3442 339 3517 τὴν
370 3444 427 3498 δὲ
455 3443 687 3499 ἐνταῦθα
716 3445 776 3499 τὸ
810 3448 1068 3519 κήρυγμα
1105 3448 1165 3501 τὸ
1206 3450 1554 3519 εύαγγελικδν
1583 3452 1810 3504 αἰνίττε-

239 3555 348 3591 ται,
420 3537 506 3602 Ὡς
541 3538 647 3609 γὰρ
690 3539 838 3609 φωνὴ
870 3537 1096 3611 βροντῆς
1125 3541 1374 3613 οὐράνιος
1404 3542 1658 3613 τυγχάνει
1691 3543 1807 3613 βοὴ,

241 3631 334 3686 καὶ
371 3634 547 3687 πᾶσαν
595 3631 936 3706 ἀνθρωπίνην
981 3635 1387 3703 ὑπερϐάλλουσα
1420 3636 1646 3708 δύναμιν
1671 3677 1684 3700 ,
1718 3638 1808 3690 τὸν

241 3723 402 3776 αὑτὸν
425 3725 623 3796 τρόπον
650 3725 742 3779 καὶ
767 3725 827 3778 τὸ
858 3725 1208 3795 εύαγγελικὸν
1236 3729 1496 3799 κήρυγμα
1519 3770 1532 3794 ,
1562 3728 1808 3800 οὐράνιον

238 3817 519 3887 τυγχάνον,
548 3819 647 3872 οὐκ
673 3818 1016 3890 ἀνθρωπίνην
1049 3823 1320 3891 περιεῖχεν
1346 3820 1517 3892 ἰσχύν.
1545 3821 1676 3875 Οὐδὲ
1701 3823 1808 3893 γάρ

238 3910 302 3962 εκ
335 3910 535 3980 θνητῆς
564 3909 755 3981 βουλῆς
784 3911 1032 3982 ὡρμᾶτο·
1084 3913 1177 3965 σὺν
1205 3911 1355 3983 θεῖκῇ
1376 3912 1444 3965 ’δὲ
1475 3912 1692 3983 δυνάμει
1717 3914 1807 3966 τὸν

240 4001 528 4072 σύμπαντα
555 4001 789 4072 ἐπλήρου
823 4002 1040 4072 κόσμον.
1083 4003 1173 4055 Διὸ
1203 4004 1296 4057 καὶ
1325 4008 1448 4068 τοὺς
1479 4004 1806 4070 ἀποστόλους

236 4093 400 4148 αὑτοῦ
420 4094 448 4145 6
469 4094 660 4166 Σωτὴρ
678 4093 1014 4163 ,βοανῆργ-ες
1034 4094 1331 4165 ὠνόμαζεν,
1361 4097 1494 4167 ὅπερ
1517 4095 1806 4168 ἑρμηνεύεέ

236 4204 326 4242 ται
351 4185 766 4255 υίοίβροντῆς.
783 4185 988 4240 Οὐκοῦν
1006 4187 1099 4240 καὶ
1122 4185 1352 4240 ἐνταῦθα
1369 4188 1673 4252 ἀκολούθως
1692 4191 1805 4253 τοῖς

235 4277 542 4350 εμπροσθεν
575 4277 782 4348 εἴρηται
803 4293 816 4306 θ
849 4276 1019 4344 Φωνὴ
1054 4276 1163 4344 τῆς
1188 4277 1453 4345 βροντῆς
1485 4295 1598 4331 σου
1626 4279 1694 4331 ἐν
1725 4275 1805 4343 τῷ

233 4367 443 4440 τροχῷ.
476 4368 679 4440 Τροχδν
703 4367 760 4422 δὲ
790 4368 1040 4440 σημαίνει
1066 4367 1156 4420 τὸν
1186 4367 1470 4436 σύμπαντα
1502 4367 1612 4436 βίον
1631 4385 1644 4398 ·
1680 4367 1805 4420 ἐπεὶ

233 4462 328 4515 καὶ
354 4463 410 4514 ὲν
437 4459 514 4532 τῷ
557 4460 801 4532 Ἔζεκιηλ
831 4459 1022 4532 τροχὸς
1051 4462 1106 4512 ἐν
1135 4459 1313 4531 τροχῷ
1345 4459 1587 4512 λέλεκται
1614 4461 1641 4512 6
1670 4458 1803 4529 σύμ-

1917 3357 2138 3410 .unitrui
2184 3357 2422 3412 cmlestis
2457 3357 2670 3412 sonitus
2707 3358 3236 3432 est,'humanamque
3257 3376 3472 3419 omnem

1913 3449 2166 3503 virtutem
2188 3457 2519 3519 exsuperat;
2547 3449 2629 3504 sic
2677 3457 2732 3504 et
2781 3454 3092 3522 evangelica
3138 3455 3471 3523 pradicatio,

1911 3542 2150 3596 caelestis
2175 3557 2298 3595 cum
2326 3542 2415 3608 sit,
2452 3556 2560 3595 non
2597 3540 2830 3595 humana
2860 3544 3058 3616 virtute
3089 3543 3309 3613 praedita
3333 3551 3470 3599 erat.

1909 3634 2093 3702 Neque
2126 3633 2272 3688 enim
2306 3648 2372 3687 ex
2395 3631 2610 3686 mortali
2641 3631 2924 3711 voluntate
2946 3635 3216 3704 prodibat,
3247 3634 3341 3690 sed
3381 3635 3468 3688 di-

1908 3727 2033 3780 vina
2065 3734 2333 3797 potestate
2362 3734 2536 3781 totum
2568 3728 2824 3797 implebat
2851 3727 3056 3782 orbem.
3094 3726 3301 3781 Idcirco
3333 3742 3468 3801 apo-

1909 3820 2078 3874 stolos
2126 3834 2256 3875 suos
2301 3816 2560 3874 Servator
2609 3820 2900 3890 Boanerges
2935 3821 3286 3889 nuncupavit,
3325 3819 3469 3888 quod

1909 3912 2178 3984 signiﬁcat
2214 3911 2354 3980 filios
2406 3913 2646 3968 tonitrui.
2697 3911 2795 3967 Hic
2843 3917 3024 3982 itaque
3072 3921 3471 3982 consequenter

1907 4005 1975 4059 ad
2013 4007 2196 4077 priora
2221 4007 2426 4060 dictum
2445 4015 2551 4071 est,
2602 4006 2714 4061 Vox
2737 4007 2956 4060 ιοηὲεηὶ
2991 4009 3067 4060 tui
3095 4008 3320 4060 inrota.
3358 4002 3468 4058 Ro-

1907 4101 2013 4148 tam
2044 4096 2195 4159 dicit,
2232 4103 2401 4150 totam
2432 4097 2594 4151 vitam
2641 4097 2954 4168 signiﬁcans
2993 4115 3005 4150 :
3058 4109 3184 4150 nam
3238 4096 3292 4149 in
3341 4093 3467 4149 Eze-

1906 4189 2076 4245 chiele
2112 4192 2158 4223 "
2189 4200 2298 4246 tota
2335 4191 2614 4244 hominum
2660 4190 2768 4244 vita
2810 4199 2926 4243 rota
2970 4189 3022 4242 in
3067 4195 3186 4241 rota
3240 4186 3461 4241 dicitur.

1906 4279 2042 4336 Rota
2071 4283 2198 4338 item
2227 4293 2310 4338 est
2337 4282 2572 4337 mundus
2614 4282 2706 4351 qui
2752 4279 3014 4351 sphmrica
3052 4279 3222 4332 l'orma
3245 4285 3348 4338 est.
3382 4285 3462 4331 at-

1903 4391 2009 4445 que
2033 4376 2085 4429 in
2117 4376 2380 4429 circulum
2405 4383 2670 4429 movetur.
2706 4371 2803 4426 Hic
2833 4378 3012 4425 autem
3039 4379 3156 4424 rota
3176 4377 3259 4424 est
3288 4371 3461 4423 homi-

1905 4484 2033 4522 num
2061 4469 2193 4531 vita,
2228 4482 2348 4538 quae
2396 4465 2722 4522 indesinenti
2770 4465 3124 4518 conversione
3158 4469 3403 4517 movetur
3439 4481 3456 4520 :

233 4571 344 4618 πας
362 4553 470 4607 τῶν
499 4551 798 4624 ἀνθρώπων
833 4552 961 4622 βίος.
993 4552 1146 4605 Ἔστι
1179 4553 1276 4623 μὲν
1301 4547 1393 4605 οὖν
1427 4551 1616 4622 τροχὸς
1638 4551 1666 4602 6
1708 4552 1801 4604 κό-
1904 4576 1929 4630 q

1765 4552 1801 4601 ἳ-
1904 4576 2024 4630 qua:
2045 4574 2211 4614 causa
2240 4567 2322 4615 est
2353 4567 2410 4613 ut
2445 4566 2565 4613 rota
2607 4559 2660 4612 in
2696 4564 2811 4610 rota
2842 4557 2984 4610 dicta
3033 4554 3212 4609 fuerit.
3262 4552 3461 4608 Secun-

236 4663 371 4718 σμος
399 4645 737 4718 σφαιροειδὴς
751 4645 845 4710 ὢν,
876 4645 1348 4717 κυκλοφορητικῶς
1377 4663 1435 4698 τε
1468 4645 1800 4716 κινούμενος.
1834 4630 1877 4686 D
1907 4651 1932 4704 d

1763 4665 1800 4710 ς.
1834 4630 1877 4686 Ῑ)
1907 4651 2034 4704 dum
2064 4648 2312 4718 Aquilam
2343 4631 2495 4710 vero,
2535 4645 2648 4700 Vox
2670 4646 2886 4698 tonitrui
2911 4645 2988 4698 tui
3017 4645 3068 4697 in
3099 4652 3249 4706 rota;
3272 4657 3459 4697 secun-

247 4735 506 4790 Ἐνταῦθα
529 4737 584 4790 δὲ
609 4737 798 4808 τροχὸς
818 4739 846 4789 6
865 4736 972 4789 τῶν
995 4737 1091 4790 ἀνθ
1102 4735 1294 4808 ρώπων
1322 4739 1436 4791 ἐστὶ
1462 4738 1592 4808 βίος,
1624 4739 1800 4792 ἄπαυ-

236 4847 357 4884 στον
385 4829 483 4902 τὴν
517 4829 753 4902 στροφὴν
785 4819 1125 4900 ποίούμενοςο
1183 4829 1262 4882 διὸ
1293 4831 1386 4882 καὶ⁸
1411 4829 1695 4900 τροχὸςκὲν
1725 4830 1801 4901 τῷ

232 4921 410 4995 τροχῷ
434 4921 664 4993 εἴρηται.
688 4920 844 4973 Κατὰ
867 4920 921 4974 δὲ
939 4920 1029 4973 τὸν
1065 4919 1311 4985 Ἀκύλαν,
1340 4920 1509 4988 Φωνὴ
1536 4919 1802 4990 ,βροντῆς

233 5028 349 5068 σου
383 5012 452 5064 ὲν
483 5011 563 5078 τῷ
601 5009 788 5082 τροχῷ
808 5030 820 5042 ·
858 5011 996 5065 κατά
1025 5013 1081 5066 δὲ
1108 5013 1195 5065 τὸν
1229 5011 1521 5082 Σύμμαχον
1544 5051 1557 5074 ,
1613 5007 1801 5080 Ἧχος

226 5101 490 5172 βροντῆς
512 5117 628 5157 σου
658 5104 726 5156 ἐν
748 5101 825 5168 τῷ
843 5103 1033 5173 τροχῷ
1051 5121 1064 5134 ’
1091 5105 1227 5157 κατά
1256 5104 1311 5156 δὲ
1341 5104 1429 5156 τὸν
1454 5088 1796 5167 Θεοδοτίωνα,

232 5194 403 5261 Φωνὴ
425 5193 690 5262 βροντῆς
715 5209 830 5248 σου
850 5195 918 5248 ἐν
941 5191 1018 5258 τῷ
1041 5191 1245 5264 τροχῷ.
1280 5193 1388 5248 Καὶ
1413 5193 1509 5247 θέα
1530 5194 1674 5258 ὅπως
1701 5211 1798 5246 καψ

231 5287 299 5341 τά
328 5287 534 5349 πάντας
555 5288 679 5350 τοὺς
707 5285 1040 5357 ἑρμηνευτάς
1063 5286 1274 5354 τροχός
1299 5286 1640 5355 ὠνόμασται·
1678 5286 1797 5338 ἐπεὶ

233 5378 325 5430 καὶ
353 5378 386 5448 ἡ
429 5375 690 5448 Ἐόραῖκὴ
716 5375 861 5442 λέξις
882 5375 1184 5444 βαγελγὲλ
1213 5375 1472 5447 περιέχει,
1491 5376 1627 5445 ὅπερ
1652 5373 1796 5426 ἐστὶν

232 5469 300 5520 ἑν
331 5445 410 5532 τῶ
435 5445 651 5536 τροχῧο
680 5445 849 5520 οὕτω
883 5466 938 5520 δὲ
980 5445 1298 5536 ὠνόμασται
1326 5466 1416 5518 καὶ
1448 5467 1506 5517 ὲν
1542 5465 1618 5536 τῷ
1653 5465 1796 5528 Ἑζε-

234 5560 374 5632 κιήλ.
406 5558 572 5613 Ἔνθα
597 5559 900 5630 γενόμενος,
924 5557 1374 5632 παρασημειώσῃ,
1406 5559 1479 5622 ὡς
1503 5558 1596 5612 καὶ
1621 5561 1652 5629 ἡ
1679 5558 1797 5612 θεία

236 5651 423 5722 Γραφὴ
446 5651 507 5704 τὸ
537 5649 788 5720 περιέχον
810 5651 1000 5720 τροχὸς
1021 5645 1149 5703 οἶδε.
1192 5650 1282 5702 Διὸ
1301 5649 1610 5719 σφαιροειδῆ
1635 5666 1798 5723 φασιν

232 5735 370 5801 ιῖναι
416 5741 516 5814 τὸν¹
553 5740 770 5810 κόσμον.
840 5741 989 5794 Ἐπεὶ
1031 5741 1123 5795 καὶ
1151 5743 1214 5804 έν
1238 5739 1315 5812 τῷ
1346 5739 1548 5810 Ἐσδρα
1576 5740 1604 5792 6
1635 5741 1797 5811 Ζορο-

1898 4742 2026 4796 dum
2067 4740 2474 4813 Symmachum,
2508 4737 2726 4796 Sonitus
2755 4738 2974 4792 tonitrui
2996 4737 3072 4789 tui
3097 4738 3150 4790 in
3193 4744 3341 4798 rota;
3369 4749 3456 4789 se-

1897 4835 2140 4889 cundum
2173 4832 2625 4895 Theodotionem,
2665 4830 2773 4885 Vox
2807 4829 3027 4904 tonitrui
3083 4829 3159 4880 tui
3207 4829 3259 4880 in
3315 4837 3453 4881 rota.

1897 4923 1962 4978 Et
1990 4925 2400 4979 animadvertas
2447 4923 2607 4980 velim
2645 4920 2941 4978 secundum
2977 4933 3165 4974 omnes
3193 4918 3456 4986 interpre-

1899 5022 2000 5078 tes,
2033 5023 2171 5073 rota.
2192 5014 2413 5069 'dictum
2439 5012 2607 5070 fuisse
2643 5013 2806 5082 :quia
2842 5010 3103 5065 Hebraica
3131 5011 3312 5074 lectio,
3343 5009 3449 5062 Ba-

1898 5106 2079 5176 gelgel,
2107 5103 2444 5167 circumfert,
2478 5105 2531 5158 id
2556 5113 2639 5159 est
2666 5105 2720 5157 in
2739 5112 2894 5165 rota;
2920 5103 2999 5156 sic
3027 5109 3203 5155 autem
3231 5102 3282 5153 in
3312 5099 3446 5153 Eze-

1896 5197 2067 5253 chiele
2096 5212 2311 5269 quoque
2332 5205 2576 5252 vocatur.
2599 5193 2848 5250 Huccum
2870 5194 3170 5258 deveneris,
3194 5191 3454 5246 observes

1895 5291 2051 5344 velim
2094 5289 2332 5343 divinam
2369 5286 2705 5357 Scripturam
2736 5285 2790 5340 id
2815 5285 2955 5355 quod
3003 5285 3451 5352 circumpositum

1893 5387 1974 5436 est
1993 5394 2091 5448 pro
2112 5386 2231 5432 rota
2268 5378 2487 5432 habere.
2511 5376 2691 5444 Quare
2734 5377 2990 5430 mundum
3026 5377 3089 5426 ad
3123 5375 3346 5442 sphaera:
3374 5376 3449 5428 sl-

1904 5467 2260 5522 militudinem
2294 5465 2651 5520 constitutum
2685 5465 2856 5518 aiunt.
2886 5461 3017 5515 Nam
3055 5462 3106 5514 in
3137 5461 3305 5515 Esdra
3343 5460 3451 5513 Ζοο

1902 5557 2122 5613 robabel
2151 5556 2397 5610 victoriae
2428 5555 2705 5626 praemium
2735 5569 2763 5608 a
2808 5569 2932 5624 rege
2957 5554 3270 5623 reportavit,
3302 5561 3452 5622 post-

1902 5662 2063 5720 quam
2094 5646 2304 5702 dixerat
2334 5665 2348 5701 :
2385 5645 2637 5717 Magnum
2657 5654 2735 5700 est
2765 5647 2967 5712 caelum,
3002 5655 3049 5699 et
3091 5661 3306 5713 magnus
3346 5646 3455 5708 sol,
3509 5719 3511 5722 η

1901 5739 2024 5810 qlia
2052 5739 2268 5794 vertitur
2285 5739 2338 5792 in
2351 5739 2570 5793 circuitu
2586 5738 2717 5800 cali,
2739 5746 2788 5790 et
2805 5726 3076 5792 revertitur
3098 5736 3155 5790 in
3180 5737 3455 5803 proprium

302 5918 348 5951 ⁸⁸
387 5917 488 5973 lsa.
523 5933 576 5982 v,
612 5916 663 5972 6.
739 5916 782 5948 "
821 5915 978 5972 Cant.
1020 5917 1150 5971 ".5.
1208 5919 1270 5955 η³⁶
1316 5934 1415 5973 .sa.
1462 5933 1606 5983 sua,
1633 5917 1697 5988 :2.
1775 5918 1816 5950 ’ί
1862 5914 2004 5972 Psal.
2045 5932 2190 5982 mv,
2227 5914 2279 5969 6.
2357 5917 2400 5948 "
2442 5913 2634 5986 Ezech.
2671 5929 2726 5984 ι,
2767 5913 2848 5968 l6.
