4294 6462
784 499 889 556 899

1507 494 1783 550 EUSEBﬂ
1824 494 2294 551 CAESARIENSIS
2331 492 2479 549 OPP.
2520 490 2701 546 PARS
2726 486 2811 547 ill.
2848 490 3346 547 —‘EXEGETICA.

3867 497 3972 556 θθθ

784 615 954 669 locum
982 614 1036 667 in
1068 630 1170 681 uno
1202 612 1285 666 die
1310 613 1374 665 ”.
1411 612 1540 678 Quae
1566 613 1863 667 secundum
1895 612 2171 683 physicam
2200 608 2325 666 cbn-
2354 629 2399 684 Α
2428 610 2480 663 6d

2278 627 2300 664 lt
2313 642 2325 648 -
2354 629 2399 684 Α
2428 609 2589 663 6ά6ελ
2606 610 2672 662 τὰ
2692 610 2975 693 νικητήρια
2994 608 3335 679 ἀπηνέγκατο
3353 608 3499 681 παρὰ
3517 609 3593 681 τῷ
3614 608 3816 680 βασιλεῖ
3834 615 3974 687 εἰρη·

783 704 1161 757 sidcrationem
1192 704 1334 757 dicta
1361 703 1491 757 sint.
1518 702 1642 757 llaec
1664 720 1846 773 porro,
1865 719 1984 773 qua:
2008 711 2322 766 tractamus,

782 794 1071 861 evangelici
1113 792 1204 847 Dei
1253 793 1519 863 adventus
1544 793 1796 849 virtutem
1833 795 2220 859 vaticinatttur;
2269 802 2326 846 ut

782 887 1028 938 videlicet
1058 876 1177 953 ejus
1233 902 1395 955 opera
1449 888 1737 940 multitudo
1760 888 2003 956 gentium
2039 886 2202 939 Deum
2234 901 2325 938 cu-

781 975 1041 1037 gnoverit,
1078 975 1259 1043 abyssi
1290 975 1519 1027 turbatae
1556 975 1774 1036 fuerint,
1818 982 2128 1029 memorata:
2155 974 2324 1027 nubes

778 1079 961 1118 vocem
998 1065 1274 1128 dederint;
1313 1066 1519 1134 sagitta:
1535 1060 1652 1134 ejus
1679 1067 2017 1129 transierint,
2039 1074 2205 1133 utque
2226 1080 2323 1115 vox

779 1154 1159 1222 tonitruiejus
1186 1154 1345 1208 fuerit
1369 1156 1421 1208 in
1447 1163 1593 1220 rota;
1633 1156 1699 1209 ad
1738 1156 1850 1209 haec
1880 1170 2007 1210 vero
2035 1155 2237 1216 omnia,
2266 1162 2324 1205 ut

778 1242 989 1312 fulgura
1021 1244 1140 1311 ejus
1173 1245 1227 1296 in
1257 1244 1387 1298 orbe
1410 1246 1776 1314 apparuerint.
1807 1245 1937 1310 Qum
1968 1244 2177 1314 fulgura
2207 1244 2324 1313 ejus

776 1349 896 1388 esse
921 1335 1143 1396 dixeris,
1179 1335 1285 1387 nisi
1343 1336 1683 1404 splendorem
1735 1336 2121 1391 charismatum
2156 1336 2322 1389 sancti

779 1424 1016 1494 Spiritus
1046 1428 1137 1495 qui
1172 1441 1267 1494 per
1298 1434 1469 1479 totum
1498 1429 1683 1481 orbem
1714 1427 1987 1498 fulgurat'?
2027 1426 2169 1480 Nam
2201 1428 2324 1479 divi-

776 1517 1265 1585 siones-gratiarum
1310 1528 1453 1581 sunt,
1512 1519 1645 1571 idem
1680 1536 1793 1572 vero
1826 1516 2071 1586 Spiritus.
2123 1518 2191 1572 Et
2229 1520 2321 1571 alii

776 1606 979 1673 quidem
1026 1620 1131 1671 per
1180 1604 1433 1673 Spiritum
1475 1607 1634 1660 datur
1669 1624 1838 1661 sermo
1892 1609 2182 1676 sapientia',
2228 1608 2321 1669 alii

776 1710 945 1747 sermo
979 1697 1229 1758 scientia,
1264 1697 1361 1750 alii
1388 1698 1518 1765 ﬁdes
1548 1699 1613 1763 ’⁸,
1660 1708 1713 1753 et
1765 1707 1980 1753 caetera.
2036 1699 2165 1764 Quae
2199 1715 2319 1753 cum

775 1789 1087 1856 praestantia
1116 1790 1301 1859 gratia:
1328 1788 1420 1843 Dei
1449 1791 1590 1844 dona
1625 1788 1755 1855 sint,
1782 1807 1879 1846 ceu
1906 1792 2115 1861 fulgura
2139 1791 2321 1845 Eccle-

774 1880 909 1933 siam
946 1879 1065 1949 ejus
1095 1882 1390 1937 illustrant.

2427 700 2554 763 κὼς·
2578 700 2775 770 Μέγας
2790 703 2820 753 ό
2835 699 3106 767 οὐρανὸς,
3126 700 3219 753 καί
3241 698 3427 769 μέγας
3442 703 3474 753 ό
3489 701 3678 767 ἥλιος,
3698 701 3785 756 ὅτι
3806 706 3974 771 στρέ-

2424 809 2590 860 φεται
2620 791 2689 844 ἐν
2717 786 2800 855 τῷ
2823 791 3022 856 κύκλῳ
3044 790 3442 859 τοΰούρανοῦ,
3469 792 3567 844 καὶ
3585 784 3974 862 ’ἐπανέρχεται

2425 886 2508 948 είς
2536 881 2641 934 τὸν
2666 880 2818 933 lator
2848 880 3030 933 τόπον
3057 880 3124 931 ὲν
3155 878 3340 947 ἡμέρᾳ
3366 878 3487 948 μιᾷ.
3534 881 3720 935 Ταῦτα
3756 883 3850 951 μὲν
3882 879 3974 936 οὖν

2425 974 2564 1028 κατὰ
2606 971 2833 1041 φυσικὴν
2864 971 3108 1041 θεωρίαν.
3170 971 3250 1023 Τὰ
3278 971 3333 1023 δὲ
3370 972 3699 1041 προκείμενα
3733 971 3973 1037 θεσπίζει

2424 1066 2521 1134 τῆς
2549 1063 2896 1133 εὐαγγελικῆς
2925 1061 3239 1130 Θεοφανείας
3270 1063 3365 1131 τὴν
3398 1062 3654 1133 δύναμινιο
3689 1065 3778 1116 καὶ
3805 1065 3878 1127 ὡς
3904 1064 3972 1117 δι.

2424 1157 2589 1225 αὐτῆς
2613 1156 2679 1207 τὰ
2709 1154 2882 1223 πλήθη
2922 1155 3013 1223 μὲν
3050 1154 3155 1205 τῶν
3181 1153 3346 1206 ἐθνῶν
3367 1153 3456 1205 τὸν
3483 1138 3610 1206 Θεὸν
3631 1155 3847 1222 ἐπέγνω
3871 1196 3887 1220 ,
3916 1156 3974 1208 αἱ

2424 1248 2477 1300 δὲ
2504 1247 2725 1300 ἄϐυσσοι
2752 1244 3125 1315 ἐταράχθησαν
3147 1285 3162 1309 ,
3195 1246 3249 1297 αἱ
3266 1238 3331 1297 ’δὲ
3364 1245 3735 1317 προλεχθεῖσαι
3759 1246 3977 1316 νεφέλαι

2424 1339 2623 1390 ἔδωκαν
2649 1339 2827 1408 φωνὴν
2847 1380 2859 1402 ,
2897 1339 2989 1390 καὶ
3022 1338 3157 1391 ὥστε
3184 1340 3252 1392 τὰ
3278 1338 3401 1409 βέλη
3437 1338 3600 1391 αὑτοῦ
3634 1338 3974 1410 διεπορεύθη,

2423 1429 2515 1481 καί
2556 1430 2630 1491 ὡς
2662 1430 2808 1499 φωνὴ
2843 1429 2942 1497 τῆς
2969 1429 3190 1499 βροντῆς
3219 1428 3378 1481 αὐτοῦ
3414 1430 3631 1497 γέγονεν
3662 1431 3719 1481 ἐν
3749 1428 3827 1497 τῷ
3853 1444 3979 1499 τρο-

2423 1517 2526 1587 χῷ·
2570 1519 2661 1570 καὶ
2711 1519 2801 1569 ἐπὶ
2849 1519 2979 1570 πᾶσι
3019 1518 3226 1579 τούτοις
3269 1519 3342 1577 ὡς
3378 1518 3575 1585 ἐφαναν
3608 1519 3662 1569 αί
3696 1518 3979 1588 ’ἀστραπαὶ

2422 1608 2579 1662 αὑτοῦ
2600 1611 2662 1679 τῇ
2684 1609 2992 1681 οἰκουμένῃ.
3026 1610 3188 1671 Τίνας
3212 1609 3254 1659 δ’
3287 1608 3353 1660 ἂν
3384 1611 3557 1671 εἴποις
3578 1607 3675 1672 τὰς
3693 1607 3977 1679 ἀστραπὰς

2422 1701 2580 1753 αὐτοῦ
2604 1701 2636 1770 ἢ
2663 1700 2731 1751 τὰ
2754 1700 2927 1768 φέγγη
2950 1698 3056 1751 τῶν
3076 1697 3169 1750 τοῦ
3195 1698 3349 1765 ἁγίου
3372 1697 3508 1750 Ηνεύ
3519 1714 3681 1767 ματος
3701 1716 3766 1768 χα
3777 1696 3974 1768 ρισμά-

2421 1810 2525 1845 των
2548 1792 2614 1843 τὰ
2639 1790 3012 1861 ἀστράπτοντα
3036 1787 3155 1842 καθ’
3178 1789 3305 1859 ὅλης
3332 1788 3429 1857 τῆς
3452 1790 3800 1859 οἱκουμένης;
3833 1790 3979 1840 Διαι-

2414 1880 2614 1947 ρέσεις
2644 1878 2751 1947 γὰρ
2781 1876 3156 1945 χαρισμάτων
3182 1876 3330 1938 εἰσὶ,
3364 1876 3428 1928 τὸ
3451 1875 3517 1928 δὲ
3540 1876 3683 1929 αὐτὸ
3713 1873 3973 1942 Πνεῦμα.

770 1970 881 2025 Kal
905 1970 953 2035 ᾧ
973 1972 1090 2040 μὲν
1116 1972 1211 2026 διὰ
1242 1973 1348 2026 τοῦ
1378 1975 1718 2043 Πνεύματος
1751 1976 1974 2032 δίδοται
2000 1977 2178 2045 λόγος
2205 1974 2453 2043 copiae,
2478 1974 2573 2026 καὶ
2609 1972 2773 2038 ἄλλῳ
2821 1973 3000 2040 λόγος
3045 1969 3334 2040 γνώσεως,
3386 1970 3484 2023 καὶ
3530 1970 3700 2037 ἄλλῳ
3751 1970 3973 2034 πίστις.

771 2062 950 2116 καὶτὰ
971 2063 1163 2117 λοιπάι
1188 2064 1364 2127 ἅτινα,
1424 2064 1673 2133 ἐξαίρετα
1710 2066 1839 2120 ὄντα
1869 2067 1960 2119 τοῦ
2000 2066 2132 2120 Θεοῦ
2182 2064 2485 2138 χαρίσματα
2510 2106 2523 2129 ,
2576 2063 2931 2135 ἐξαστράπτει
2977 2062 3069 2115 καὶ
3119 2062 3459 2133 καταλάμπει
3509 2062 3608 2133 τὴν
3655 2060 3977 2134 Ἐκκλησίαν

769 2160 948 2216 αὐτοῦ.

842 2275 1007 2332 Vens.
1029 2278 1119 2332 20.
1152 2277 1225 2332 Jn
1261 2280 1397 2332 mari
1419 2279 1502 2333 via
1540 2286 1630 2333 tua
1655 2289 1702 2333 et
1746 2284 1943 2337 semita:
1964 2291 2066 2335 tua:
2096 2283 2151 2335 in
2174 2283 2320 2351 aquis
2356 2284 2395 2339 Β

771 2367 971 2428 multis,
994 2377 1042 2420 et
1074 2370 1289 2438 vestigia
1321 2380 1412 2422 tua
1444 2388 1544 2423 non
1579 2382 1969 2441 cognoscentur.
2002 2371 2314 2443 Congruen-

770 2464 854 2511 ter
878 2456 988 2525 jam
1012 2459 1243 2523 traditis,
1274 2476 1541 2515 concussa
1557 2471 1609 2515 et
1634 2471 1903 2517 commota
1925 2471 2006 2517 est
2029 2472 2192 2517 terra.
2213 2462 2314 2516 Pro

772 2550 867 2605 illo
897 2551 1063 2616 enim,
1114 2562 1166 2607 et
1219 2555 1548 2615 contremuit,
1600 2554 1895 2609 secumlum
1938 2570 2124 2610 omnes
2156 2555 2316 2608 inter-

770 2650 973 2712 pretes,
1020 2652 1069 2695 et
1114 2654 1370 2698 commota
1401 2653 1499 2707 est,
1553 2645 1774 2701 dicitur.
1816 2646 1889 2699 Eo
1942 2657 2118 2702 autem
2158 2647 2315 2700 modo

769 2740 1150 2803 commota’est
1183 2743 1345 2798 terra,
1396 2751 1503 2805 quo
1565 2736 1763 2791 dicitur
1802 2738 1854 2790 in
1899 2736 2201 2807 Evangeliis
2230 2738 2311 2790 ":

768 2818 840 2875 Et
864 2822 1179 2892 ingrediente
1194 2824 1477 2880 {Saluatore
1505 2825 1947 2898 Hierosolymam,
1961 2837 2219 2881 commota
2239 2837 2314 2881 est

768 2915 939 2968 omnis
977 2915 1159 2969 ciuitas
1189 2915 1385 2981 dicens,
1417 2917 1546 2987 Quis
1569 2928 1646 2971 est
1671 2919 1794 2974 hic?
1834 2917 1984 2973 Sicut
2027 2919 2171 2972 enim
2223 2933 2317 2986 per

769 3004 950 3059 locum
1006 3006 1107 3075 ipsi
1143 3006 1377 3062 civitatis
1411 3007 1600 3061 incola:
1632 3009 2004 3079 designantur,
2039 3010 2112 3062 ita
2135 3018 2188 3062 et
2218 3010 2316 3063 hoc

770 3093 891 3147 loco
952 3096 1097 3162 ipsos
1131 3105 1301 3149 terra;
1348 3097 1556 3150 incolas
1595 3106 1899 3152 commotos
1931 3106 1985 3151 et
2021 3111 2315 3153 concussos

768 3199 890 3237 esse
923 3184 1142 3238 dicitur.
1194 3184 1374 3250 Quare
1427 3201 1491 3239 ex
1544 3187 1855 3255 evangelica
1907 3188 2313 3256 praedicatione,

771 3274 826 3327 in
858 3273 1226 3328 testimonium
1255 3275 1507 3330 omnibus
1537 3278 1787 3346 gentibus
1834 3279 2316 3345 annuntiata,-om-

770 3362 921 3416 nium
975 3376 1134 3416 aures
1158 3372 1450 3418 commotae
1504 3375 1653 3419 sunt.
1681 3366 2097 3437 Consequenter
2136 3378 2314 3424 autem

768 3466 1036 3507 concussa
1087 3461 1141 3507 et
1190 3458 1457 3509 cbmmota
1511 3468 1596 3511 est
1640 3464 1786 3512 terra
1839 3466 2057 3528 propter
2085 3475 2151 3514 ea
2198 3476 2317 3530 quae

767 3541 920 3613 prius
953 3543 1147 3596 tradita
1172 3552 1318 3599 sunt.
1352 3544 1484 3599 Nam
1515 3548 1561 3600 si
1604 3547 1900 3602 illuxerunt
1946 3549 2159 3618 fulgura
2196 3551 2314 3619 ejus

2504 2275 2598 2327 Ἐν
2630 2272 2703 2341 τῇ
2735 2273 3012 2340 θαλάσσῃ
3047 2274 3084 2337 ἠ
3119 2271 3255 2336 όδός
3289 2287 3403 2325 σου
3440 2273 3537 2326 καὶ
3564 2291 3624 2329 αι
3648 2276 3829 2344 τρῖὅοι
3856 2291 3976 2332 σου

2413 2368 2481 2419 ἑν
2506 2365 2682 2429 ὕδασι
2726 2362 2995 2427 πολλοῖς,
3032 2362 3223 2415 καὶτὰ
3266 2363 3403 2432 τχνη
3442 2378 3557 2416 σου
3592 2367 3662 2418 οὐ
3710 2367 3974 2434 γνωσθή.

2414 2470 2639 2509 σονται.
2696 2453 3024 2516 Ἀκολούθως
3072 2456 3184 2516 τοῖς
3242 2454 3649 2525 άποδεδομένοις
3706 2456 3971 2531 ’ἐσαλεύθη

2415 2548 2505 2600 καὶ
2549 2545 2762 2616 ἐσείσθη
2816 2544 2975 2616 ἡγῆ.
3019 2544 3164 2597 Ἀντὶ
3209 2544 3315 2614 γὰρ
3368 2544 3483 2607 τοῦ,
3530 2546 3624 2598 καί
3668 2547 3972 2617 ἔντρομος,

2414 2639 2554 2692 κατὰ
2585 2639 2787 2701 πάντας
2808 2639 2933 2700 τοὺς
2964 2636 3318 2707 ἐρμηνευτὰς,
3347 2637 3441 2691 καὶ
3469 2638 3713 2707 ἐσείσθη
3738 2639 3969 2712 εἴρηται.

2416 2730 2570 2784 Οὕτω
2597 2730 2652 2782 δὲ
2683 2728 2900 2798 ἐσείσθη
2942 2733 2973 2799 ὴ
3014 2730 3105 2798 γῆ,
3138 2729 3213 2791 ὼς
3249 2728 3459 2800 εἴρηται
3506 2731 3561 2781 ἐν
3584 2729 3968 2798 Εὐαγγιλίοις,

2414 2826 2521 2878 Καὶ
2587 2825 2963 2887 εἰσελθόντος
3006 2823 3111 2876 τοῦ
3160 2821 3429 2892 Σωτῆρος
3468 2825 3553 2888 εὶς
3598 2823 3973 2895 Ἱεροσόλυμα

2413 2918 2656 2986 ἐσείσθη
2686 2915 2851 2970 πᾶσα
2874 2915 2911 2982 ἠ
2942 2916 3118 2979 πόλις
3141 2914 3405 2983 λέγωσα
3422 2933 3435 2945 ·
3469 2916 3564 2981 Τις
3582 2912 3970 2982 ὲστιν“οὗτος;

2426 3011 2510 3072 Ὦς
2551 3009 2657 3079 γὰρ
2684 2995 2731 3061 οἱ
2776 3008 2872 3078 τὴν
2918 3009 3069 3062 πόλιν
3116 3008 3386 3071 οἰκοῦντες
3424 3008 3707 3078 ἐδηλοῦντο
3750 3009 3841 3063 διὰ
3876 3006 3969 3063 τοῦ

2415 3102 2597 3162 τόπου,
2625 3100 2763 3161 κατὰ
2799 3100 2888 3152 τὸν
2920 3101 3079 3153 αὑτὸν
3107 3099 3307 3171 τρόπον
3344 3101 3437 3152 καὶ
3468 3100 3560 3155 νῦν
3588 3102 3713 3164 τοὺς
3743 3101 3841 3172 τὴν
3867 3101 3969 3172 γῆν

2416 3190 2691 3253 οἰκοῦντας
2727 3189 3046 3259 κλονηθῆναί
3076 3205 3204 3261 φησι
3245 3189 3335 3242 καὶ
3370 3190 3641 3261 σεισθῆναι
3672 3189 3733 3244 τδ
3770 3190 3967 3260 λόγιον.

2417 3280 2505 3332 Διὸ
2540 3282 2687 3333 πᾶσα
2718 3280 2851 3350 ἀκοὴ
2878 3279 3155 3350 κεκίνηται
3186 3280 3251 3332 ἐκ
3288 3278 3380 3331 τοῦ
3410 3278 3763 3347 εὐαγγελικοῦ
3797 3279 3969 3353 κηρύ-

2416 3389 2620 3442 γματος
2645 3374 2722 3434 είς
2769 3370 3061 3442 μαρτύριον
3110 3373 3241 3425 πᾶσι
3270 3375 3381 3435 τοῖς
3426 3370 3599 3425 ἔθνεσι
3632 3374 3972 3445 κεκηρυγμέ-

2416 3482 2525 3519 νου.
2564 3463 2891 3526 Ἀκολούθως
2932 3463 2987 3516 δὲ
3028 3463 3289 3535 ἐσαλεύθη
3329 3466 3424 3517 καὶ
3473 3464 3686 3535 ἐσείσθη
3737 3466 3770 3536 ἡ

2417 3552 2675 3627 ἐκλονήθη
2716 3552 2801 3606 διὰ
2829 3553 2896 3605 τὰ
2928 3553 3230 3623 ἔμπροσθεν
3255 3554 3570 3626 λελεγμένα.
3606 3556 3670 3609 Et
3703 3556 3811 3627 γὰρ
3839 3556 3972 3625 εφα-

765 3633 884 3686 orbi
907 3640 1083 3696 terrae,
1114 3634 1159 3687 si
1194 3649 1294 3687 vox
1324 3636 1547 3704 tonitrui
1579 3636 1698 3705 ejus
1733 3637 1974 3692 insonuit
2009 3641 2063 3694 in
2098 3651 2234 3705 rota,
2269 3644 2313 3697 si
2343 3626 2386 3685 (ἶ
2418 3661 2461 3697 νε

2273 3644 2313 3697 si
2343 3626 2386 3685 (ἶ
2418 3661 2513 3697 ναν
2552 3626 2605 3697 αἱ
2646 3645 2916 3715 ἀστραπαὶ
2956 3644 3119 3698 αὑτοῦ
3157 3648 3223 3717 τῇ
3264 3647 3570 3720 οἰκουμένῃ,
3602 3648 3635 3718 ἢ
3872 3646 3969 3719 τῆς

764 3721 977 3791 sagittae
1009 3722 1129 3791 ejus
1175 3723 1229 3776 in
1258 3738 1447 3779 omnes
1476 3728 1828 3791 transierunt,
1875 3729 1920 3783 si
1952 3730 2123 3785 nubes
2153 3732 2314 3789 dede—

766 3819 895 3865 runt
917 3827 1104 3866 vocem
1140 3828 1315 3876 suam,
1338 3828 1404 3867 ex
1433 3814 1517 3869 his
1541 3816 1793 3873 omnibus
1827 3822 2072 3889 sequitur
2092 3838 2317 3878 concus-

769 3916 885 3956 sam
930 3910 985 3956 et
1009 3912 1331 3959 commotam
1362 3903 1531 3961 fuisse
1560 3914 1781 3963 terram.
1810 3909 2090 3977 Quomodo
2135 3922 2314 3969 autem

762 3990 821 4046 in
874 3992 1012 4044 mari
1043 3993 1129 4046 via
1162 3994 1282 4062 ejus
1332 3995 1514 4075 fuerit,
1566 4008 1619 4055 et
1668 4003 1871 4057 semita:
1914 4004 2032 4073 ejus
2068 4006 2121 4060 in
2161 4008 2315 4075 aquis

761 4080 977 4165 multis,
1004 4096 1067 4134 ac
1102 4069 1371 4151 quomodo
1404 4090 1628 4161 vestigia
1678 4092 1797 4161 ejus
1831 4109 1937 4148 non
1978 4091 2307 4166 cognoscan-

767 4175 880 4233 tur,
914 4164 975 4224 ex
1008 4171 1179 4239 ipsius
1210 4174 1273 4227 ad
1308 4177 1607 4247 discipulos
1638 4184 1995 4251 promissione
2022 4164 2310 4256 intelligas,

769 4275 892 4329 qua:
924 4259 1003 4315 sic
1031 4261 1191 4315 habet
1226 4282 1238 4316 :
1272 4262 1468 4321 Euntes
1507 4269 1682 4326 docete
1716 4290 1890 4329 omnes
1935 4286 2107 4346 gentes
2136 4279 2190 4331 in
2219 4295 2314 4332 no-

769 4351 907 4404 mine
935 4367 1046 4405 meo
1075 4352 1149 4420 ⁹⁶;
1182 4362 1235 4409 et
1274 4372 1290 4410 :
1324 4354 1457 4412 Ecce
1486 4376 1576 4430 ego
1606 4362 1868 4419 vobiscum
1918 4384 2033 4419 sum
2074 4370 2310 4425 omnibus

759 4438 951 4494 diebus
993 4457 1153 4511 usque
1204 4444 1273 4496 ad
1303 4452 1800 4506 consummationem
1839 4456 2019 4507 saeculi
2058 4457 2123 4510 ’7.
2178 4456 2310 4511 Nam

769 4529 970 4599 ubique
1020 4537 1287 4587 terrarum
1332 4534 1615 4607 discipulis
1663 4543 1777 4597 suis
1807 4542 2152 4599 invisibiliter
2174 4561 2311 4615 pm

762 4638 914 4687 acus,
945 4624 1000 4678 in
1028 4627 1163 4680 mari
1197 4629 1339 4690 vitae.
1370 4632 1502 4685 etin
1536 4634 1721 4688 multis
1757 4636 1994 4704 gentium
2022 4636 2177 4705 aquis
2199 4652 2312 4689 am-

764 4709 1025 4769 bulabat:
1060 4717 1218 4786 idque
1241 4721 1452 4775 occulta
1482 4730 1534 4776 et
1561 4724 1817 4779 invisibili
1848 4728 2048 4779 virtute
2088 4740 2311 4795 perage-

759 4807 857 4861 bat
896 4824 907 4859 :
948 4820 1116 4873 quare
1145 4809 1365 4875 dicitur,
1402 4812 1469 4865 Et
1497 4816 1713 4885 vestigia
1750 4816 1841 4870 tua
1868 4835 1968 4871 non
1998 4834 2309 4887 cognoscen-

763 4905 871 4951 tur.
907 4894 1033 4950 Haec
1080 4897 1259 4967 itaque
1288 4901 1340 4954 in
1367 4904 1589 4958 salutari
1622 4904 1715 4961 Dei
1746 4907 1977 4963 adventu
2011 4908 2306 4979 impleban-

2418 3735 2640 3807 βροντῆς
2666 3734 2825 3789 αὑτοῦ
2848 3735 3108 3805 ἐξήχησεν
3144 3738 3202 3789 ἐν
3225 3737 3303 3808 τῷ
3325 3737 3517 3809 τροχῷ,
3553 3740 3601 3791 cl
3625 3739 3693 3793 τὰ
3722 3739 3849 3809 βέλη
3874 3739 3969 3793 αὺ-

2414 3827 2506 3879 τοῦ
2545 3828 2637 3879 ἐπὶ
2661 3827 2866 3889 πάντας
2896 3827 3298 3897 διαπορεύηται,
3325 3831 3468 3895 είιαί
3497 3830 3712 3899 νεφέλαι
3736 3833 3834 3903 τὴν
3872 3831 3969 3884 αύ-

2413 3920 2519 3973 τῶν
2543 3920 2745 3972 ἔδωκαν
2776 3920 2985 3988 φωνὴν,
3003 3919 3286 3978 ἀκόλουθον
3310 3916 3377 3991 ἦν
3403 3923 3467 3974 ἐκ
3486 3922 3688 3977 τούτων
3712 3924 3968 3977 ἁπάντων

2413 4008 2731 4079 κλονηθῆναι
2757 4008 2850 4059 καὶ
2884 4006 3203 4078 σαλευθῆναι
3231 4009 3327 4080 τὴν
3356 4009 3478 4079 γῆν.
3515 4010 3700 4073 Ὅπως
3735 4011 3792 4064 δὲ
3817 4013 3875 4064 ἐν
3898 4014 3965 4083 τῇ

2414 4098 2650 4168 θαλάσσῃ
2686 4100 2719 4167 ὴ
2749 4096 2865 4159 ὁδὸς
2888 4096 3050 4149 αὑτοῦ
3077 4098 3286 4165 γέγονε,
3312 4098 3405 4150 καὶ
3431 4099 3486 4149 al
3523 4098 3694 4167 τρίδοι
3719 4098 3882 4151 αὐτοῦ
3907 4101 3965 4153 ἐν

2415 4187 2566 4241 ῦδασι
2600 4187 2829 4250 πολλοῖς,
2875 4188 2967 4241 καὶ
2986 4188 3067 4250 ιὼς
3092 4187 3159 4240 τὰ
3188 4186 3304 4259 ῐχνη
3336 4186 3496 4241 αὑτοῦ
3528 4189 3586 4241 οὑ
3620 4186 3963 4257 γινώσκεται,

2411 4279 2528 4349 εἴσῃ
2556 4280 2849 4347 ἐπιστήσας
2872 4281 2935 4349 τῇ
2965 4278 3098 4351 πρὸς
3127 4280 3249 4342 τοὺς
3280 4279 3521 4349 μαθητὰς
3545 4279 3843 4351 ἐπαγγελίᾳ
3869 4281 3967 4334 αύ-

2410 4370 2502 4423 τοῦ
2534 4372 2777 4441 φησάσῃ·
2805 4370 3195 4438 Πορευθέντες
3227 4374 3642 4440 μαθητεύσατε
3672 4372 3866 4426 πάντα
3894 4372 3965 4427 τὰ

2411 4462 2551 4527 ἔθνη
2598 4463 2666 4514 ἐν
2710 4460 2788 4525 τῷ
2836 4462 3077 4530 ὀνόματι
3126 4479 3276 4530 μουθ
3319 4463 3431 4527 καὶ,
3484 4464 3627 4517 Ἰδοὺ
3676 4464 3790 4532 ἐγὼ
3835 4465 3962 4533 μεθ’

2410 4548 2574 4619 ὑμῶν
2603 4553 2718 4618 εὶμι
2746 4550 2945 4614 πάσας
2973 4553 3079 4616 τὰς
3097 4550 3321 4619 ἡμέρας
3344 4552 3453 4618 ἓως
3479 4551 3587 4621 τῆς
3611 4555 3963 4618 συντελείας

2412 4642 2517 4695 τοῦ
2574 4640 2807 4707 αιῶνος.
2866 4638 3133 4713 Ἀοράτως
3182 4643 3289 4715 γὰρ
3338 4643 3646 4713 ἁπανταχοῦ
3704 4645 3802 4713 τῆς
3862 4645 3963 4716 γῆς

2412 4730 2582 4783 συνὼν
2621 4734 2733 4795 τοῖς
2763 4732 2923 4786 αὑτοῦ
2960 4734 3223 4806 μαθηταῖς
3260 4738 3317 4787 ἐν
3354 4738 3419 4805 τῇ
3446 4734 3539 4787 τοῦ
3576 4733 3688 4804 βίου
3723 4735 3959 4807 θαλάσσῃ

2410 4823 2640 4887 καὶτοῖς
2672 4826 2881 4889 πολλοῖς
2910 4827 3015 4879 τῶν
3059 4827 3226 4880 ἐθνῶν
3276 4826 3460 4880 ὕδασιν
3485 4828 3821 4899 ἐπορεύετο·
3869 4831 3961 4882 καὶ

2410 4914 2550 4968 τοῦτ’
2578 4916 2839 4989 ἔπραττεν
2871 4920 3085 4990 ἀοράτῳ
3120 4920 3211 4972 καὶ
3240 4919 3434 4987 ἀφανεῖ
3464 4919 3685 4989 δυνάμει
3705 4935 3717 4949 ’
3758 4920 3837 4973 διὸ
3876 4920 3961 4973 λέ-

763 4993 873 5041 tur.
908 4984 1033 5041 Haec
1064 4998 1263 5051 autem,
1295 4992 1487 5061 inquit.
1513 4996 1567 5049 in
1598 4998 1819 5051 salutari
1844 4998 1963 5067 ejus
1978 5000 2044 5053 ad
2061 4978 2308 5053 homines
2339 4978 2382 5033 θ
2410 5006 2459 5058 λε

2257 5013 2308 5052 es
2339 4978 2382 5033 Β
2410 5006 2590 5062 λεκται
2624 4978 2660 5040 ’-
2699 5010 2808 5064 Καὶ
2867 4978 2950 5063 τὰ.
2990 4978 3127 5080 lxi-11
3187 4978 3303 5064 σου
3364 5014 3434 5064 οὐ
3484 4978 3953 5081 γνωσθήσονται.

762 5077 998 5132 adventu
1037 5094 1132 5148 per
1157 5083 1506 5137 mutationem
1539 5085 1773 5141 dexterae
1798 5088 2059 5145 Altissimi
2096 5091 2174 5144 sic
2203 5088 2307 5141 im-

764 5166 906 5234 pleta
933 5179 1091 5234 sunt;
1124 5173 1573 5239 quemadmodum
1626 5177 1752 5230 olim
1781 5178 1836 5232 in
1883 5182 2062 5250 priore
2090 5180 2305 5251 papula,

2409 5097 2590 5151 Ταῦτα
2634 5100 2731 5169 μὲν
2759 5096 2851 5153 οῦν
2886 5101 3184 5173 ἐπληροῦτο
3233 5102 3369 5156 κατὰ
3400 5103 3498 5174 τὴν
3536 5106 3800 5176 σωτήριον
3840 5105 3953 5159 θεο-

2408 5187 2630 5255 φάνειαν
2655 5206 2667 5219 ’
2702 5189 2857 5242 Οῦτω
2884 5190 2940 5242 δὲ
2970 5190 3161 5252 ταῦτα,
3190 5192 3371 5261 φησὶν,
3404 5194 3607 5262 ἐγίνετο
3631 5196 3722 5248 ἐπὶ
3747 5196 3848 5266 τῆς
3878 5196 3954 5257 είς

766 5258 982 5325 quando
1023 5260 1234 5315 eductis
1280 5263 1387 5317 illis
1438 5280 1505 5319 ex
1552 5274 1694 5321 terra
1747 5268 1964 5340 Egypti
2013 5288 2108 5342 per
2160 5286 2309 5326 mare
2362 5299 2366 5303 -
2406 5277 2462 5328 du

2257 5286 2309 5326 re
2362 5299 2366 5303 -
2406 5276 2719 5346 ἀνθρώπους
2742 5280 3037 5349 παρουσίας
3060 5258 3408 5346 αύτοῦβιατὰ
3559 5258 3837 5341 ἀλλοίωσιν
3858 5289 3953 5356 τῆς

767 5348 1053 5403 transitum
1078 5353 1307 5406 munivit
1336 5373 1350 5408 :
1387 5362 1515 5410 tunc
1547 5360 1689 5413 enim
1718 5370 2138 5417 commonstrata
2194 5364 2304 5417 vir-

762 5442 880 5491 tute
912 5452 1032 5501 sua,
1057 5441 1196 5495 viam
1223 5450 1275 5496 et
1316 5444 1538 5500 semitas
1566 5448 1619 5501 in
1650 5448 1806 5519 aquis
1844 5450 2025 5505 multis
2060 5452 2302 5521 paravit;

2401 5366 2577 5431 δεξιᾶς
2600 5368 2693 5421 τοῦ
2731 5363 2980 5438 Ὑψίστου
3002 5387 3013 5400 ο
3045 5371 3228 5445 ὥσπερ
3260 5375 3352 5427 καί⁵
3380 5376 3548 5431 πάλαι
3577 5378 3669 5430 ἐπὶ
3698 5378 3793 5431 τοῦ
3821 5394 3954 5450 προ-

2400 5458 2556 5528 τέρου
2594 5458 2719 5512 λαοῦ
2756 5462 2987 5530 ὁπηνίκα
3021 5462 3299 5533 ἐξαγαγὼν
3334 5468 3527 5532 αὐτοὺς
3564 5470 3627 5522 ἐκ
3659 5472 3763 5541 γῆς
3785 5466 3954 5537 Αίγύ-

763 5527 839 5582 ita
876 5536 934 5580 ut
968 5539 1297 5597 praeeuntem
1349 5536 1525 5603 ipsum
1575 5544 1722 5593 totus
1772 5537 1935 5594 Israel
1975 5542 2031 5595 in
2070 5542 2302 5596 transitu
2403 5564 2459 5600 ππ

2255 5550 2302 5596 tu
2403 5527 2534 5600 πτου
2567 5548 2788 5620 διήγαγε
2825 5527 2911 5604 διὰ
2937 5553 3035 5622 τῆς
3066 5527 3335 5628 θαλάσσης
3359 5577 3370 5588 ·
3405 5527 3801 5632 καὶντότεγάρ
3841 5527 3951 5615 δει-

764 5622 933 5675 maris
954 5632 1289 5690 sequeretur,
1319 5627 1674 5698 incessusque
1703 5629 1820 5703 ejus
1852 5631 2067 5702 ignotus
2101 5635 2304 5688 incom-
2372 5656 2375 5657 ν
2402 5657 2460 5692 κν

2252 5650 2304 5687 [ι-
2372 5640 2531 5704 νκνὺς
2563 5642 2661 5705 τὰς
2707 5643 2903 5714 ἀρετὰς
2951 5646 3113 5700 αὐτοῦ
3153 5648 3267 5703 ὁδὸν
3294 5622 3484 5705 ’ἐποίει
3516 5655 3607 5707 καὶ
3654 5622 3870 5723 τρίέους
3894 5655 3948 5706 ἐν

763 5710 1245 5783 prehensibilisque
1274 5716 1581 5773 hominibus
1619 5726 1783 5785 esset,
1813 5722 2030 5790 quando
2079 5722 2302 5779 deduxit
2405 5728 2459 5782 ms

2252 5724 2302 5779 Lit
2405 5728 2554 5783 ὕδασι
2593 5710 2821 5798 πολλοῖς,
2855 5734 2931 5799 ὡς
2975 5741 3363 5812 προηγουμένῳ
3408 5744 3553 5814 αὐτῷ
3576 5710 3948 5799 ἐπακολουθεῖν

845 5865 891 5897 ⁸³
924 5867 987 5922 lli
1020 5868 1174 5924 Esdr.
1210 5887 1281 5938 tv,
1320 5875 1409 5931 54.
1480 5878 1527 5911 ⁸⁸
1566 5877 1736 5933 lCor.
1776 5894 1886 5945 xu,
1923 5880 1977 5946 ι,
2013 5881 2065 5948 8,
2097 5883 2150 5941 9.
2222 5886 2267 5918 ’⁸
2306 5886 2491 5943 Matth.
2525 5906 2541 5945 ι

2222 5886 2267 5918 ἐ
2306 5886 2646 5957 Matth.xx1,
2684 5890 2767 5945 to.
2845 5892 2889 5925 ἐ
2928 5891 3113 5951 Matth.
3152 5874 3469 5965 “mila.
3544 5906 3587 5938 υτ
3631 5903 3878 5964 ibid'20.
