4294 6398
324 482 501 546 901~

1393 491 1903 551 ‘COMMENTARIA
1935 495 2001 551 1N
2040 498 2376 555 psennos.

3414 505 3519 561 902

315 603 371 654 ἐν
392 602 456 672 τῇ
484 617 674 688 πορειᾳ
699 602 797 672 τῆς
817 601 1091 675 θαλάσσης
1112 603 1208 657 τὸν
1231 604 1407 659 πάντα
1437 606 1667 685 Ἰσραὴλ,
1693 608 1867 675 ἄγνω-

1968 607 2155 679 (Vens.
2175 608 2265 679 2!)
2302 610 2438 664 sicut
2478 623 2591 688 gues
2625 610 2876 680 populum
2899 626 3051 664 suum
3076 612 3127 664 in
3158 629 3318 667 manu
3347 612 3519 685 Moysi

316 690 436 743 στόν
466 707 525 743 τε
560 686 696 744 εἶναι
736 692 828 744 καὶ
874 692 1253 763 ἀκατάληπτον
1295 693 1596 765 ἀνθρώποις
1634 696 1729 767 τὴν
1771 714 1869 749 πο-

304 781 464 853 ρείαν
496 780 683 844 αὐτοῦ,
731 783 821 835 ὅτε
873 782 965 836 καὶ
1006 784 1282 855 ὡδήγησεν
1331 785 1410 851 ὡς
1459 787 1717 854 πρόϐατα
1765 787 1872 841 τὸν

310 872 463 927 λαὸν
509 872 693 926 αὐτοῦ
732 873 801 926 ἐν
842 875 987 943 χειρὶ
1022 873 1247 944 Ηωῦσῆ
1278 876 1373 929 καὶ
1416 876 1642 944 Ἀαρών.
1682 878 1871 942 ’Δλλος

320 953 541 1034 μὲν”οὗν
572 965 640 1017 τὰ
685 967 1014 1036 προκείμενα
1057 966 1269 1021 ἅπαντα
1311 968 1401 1020 ἐπὶ
1428 970 1525 1039 τὴν
1568 969 1738 1033 ἔξοδον
1769 971 1868 1043 τὴν

308 1055 402 1106 ἀπ’
431 1054 703 1122 Αἰγύπτου
730 1056 950 1122 ἀνοίσει,
976 1057 1093 1109 τότε
1119 1057 1501 1129 πεπληρῶσθαι
1538 1061 1758 1129 φάσκων
1782 1062 1863 1124 τὸ,

307 1144 571 1198 Εἵδοσάν
595 1163 669 1200 σε
692 1147 897 1210 ὕδατα,
927 1149 959 1199 ὁ
985 1146 1145 1213 Θεὸς,
1166 1148 1413 1202 εῐὸοσάν
1437 1165 1510 1203 σε
1534 1150 1740 1215 ὕδατα,
1769 1152 1866 1206 καὶ

304 1231 693 1302 ἐφοϐήθησαν
719 1275 734 1301 ,
794 1235 1212 1304 ἐταράχθησαν
1274 1237 1530 1292 ἄϐυσσοι
1555 1281 1570 1305 ,
1637 1240 1866 1309 πλῆθος

305 1320 497 1403 ἤχους
525 1326 741 1393 ὕδατος
763 1344 776 1358 ·
811 1329 988 1381 πᾶσάν
1015 1345 1076 1381 τε
1106 1330 1204 1400 τὴν
1236 1332 1534 1403 περικοπὴν
1565 1334 1867 1397 ἀκολούθως

304 1414 396 1468 ἐπὶ
428 1416 525 1487 τὴν
564 1418 683 1471 τότε
725 1419 1057 1489 πραχθεῖσαν
1101 1422 1338 1493 ἱστορίαν
1370 1423 1706 1493 άναπέμῲει·
1753 1424 1864 1492 ἐγὼ

302 1505 381 1570 δὲ,
418 1507 491 1577 μὴ
520 1508 692 1579 εὑρὼν
717 1510 861 1574 ὅπως
892 1510 958 1564 τά
982 1512 1107 1583 ἑξῆς
1136 1514 1399 1595 εσίρημένα
1433 1515 1571 1567 κατὰ
1599 1514 1695 1585 τὴν
1720 1514 1865 1579 λέξιν

306 1597 604 1669 ἐπληροῦτο
627 1616 640 1630 ·
686 1601 745 1654 οὐ
775 1600 883 1670 γὰρ
918 1603 1184 1673 μέμνηται
1210 1607 1237 1657 6
1265 1605 1537 1666 Μωῦσέως
1578 1604 1757 1675 νόμος,
1790 1606 1864 1669 ὡς

305 1688 694 1756 νεφέλαι’τινὲς
728 1692 865 1746 κατὰ
902 1693 993 1747 τὸν
1028 1696 1213 1767 καιρὸν
1264 1697 1465 1748 ἐκεῖνον
1516 1696 1695 1767 φωνὴν
1741 1698 1864 1750 ἐδω-

306 1795 405 1831 καν
441 1781 786 1850 σωματικῶς,
816 1783 937 1836 οὐδὲ
968 1784 1042 1845 ὡς
1085 1784 1209 1855 βέλη
1249 1785 1479 1856 αἰσθητὰ
1504 1786 1860 1858 διεπορεύετο,
1896 1832 1897 1835 η

306 1867 422 1921 οὐδὲ
455 1869 528 1934 ὡς
556 1871 651 1943 ὅλῃ
679 1873 967 1944 οἰκουμένῃ
1013 1872 1213 1941 ἐφαναν
1256 1874 1311 1925 αἱ
1355 1872 1629 1945 ἀστραπαὶ
1673 1876 1858 1940 αὑτοῦ,

1972 708 2021 752 et
2048 700 2247 754 Aaron.
2278 700 2433 755 Alius
2464 716 2577 756 saec
2601 702 2783 755 omnia
2834 703 2901 757 ad
2941 703 3146 757 exitum
3176 718 3244 757 ex
3284 703 3517 775 Egypto

1968 787 2185 852 referet,
2226 790 2478 859 dicetque
2518 790 2631 844 haec
2687 791 2873 853 verba,
2934 789 3186 843 Viderunt
3252 801 3299 845 te
3346 808 3517 862 aqutz,

1970 876 2131 943 Deus,
2166 880 2404 933 viderunt
2456 888 2506 934 te
2545 897 2711 949 aqua,
2743 891 2791 933 et
2820 882 3118 946 timueram,
3146 881 3371 935 turbata
3397 890 3520 935 sunt

1970 971 2170 1040 abyssi,
2222 970 2504 1023 multitudo
2553 973 2754 1024 sonitus
2804 987 3079 1041 aquarum,
3122 979 3250 1025 tunc
3299 972 3517 1041 impleta

1968 1059 2139 1116 fuisse
2172 1081 2185 1115 :
2212 1067 2486 1130 totamque
2508 1063 2808 1116 clausulam
2831 1061 2897 1116 ad
2927 1062 3076 1115 illam
3106 1062 3386 1116 historiam
3432 1077 3519 1117 re-

1970 1154 2160 1221 ducet;
2190 1170 2289 1225 ego
2311 1170 2438 1209 vero
2464 1170 2589 1209 cum
2614 1155 3301 1224 nusquam'deprehcndam
3321 1170 3380 1208 ea
3399 1171 3518 1224 quae

1970 1255 2273 1318 sequuntur
2295 1246 2359 1300 ad
2388 1248 2621 1301 litteram
2656 1255 2804 1316 gesta
2834 1246 3032 1312 fuisse;
3078 1246 3275 1316 Moysis
3318 1248 3517 1315 quippe

1968 1337 2053 1391 lex
2081 1352 2189 1390 non
2220 1336 2483 1401 meminit,
2517 1336 2689 1391 nubes
2723 1336 2983 1405 quasdam
3012 1336 3104 1389 illo
3132 1344 3372 1405 tempore
3397 1351 3512 1411 cor-

1967 1443 2135 1498 porco
2171 1443 2319 1483 more
2352 1443 2537 1482 vocem
2569 1427 2801 1491 dedisse,
2830 1443 3005 1497 neque
3040 1427 3265 1482 sensiles
3288 1427 3517 1495 sagittas

1966 1518 2273 1581 transiisse,
2300 1534 2472 1588 neque
2501 1535 2597 1588 per
2626 1528 2795 1572 totum
2831 1521 3016 1573 orbem
3053 1520 3261 1589 fulgura
3304 1519 3421 1587 ejus
3452 1519 3517 1572 il-

1965 1609 2188 1671 luxisse,
2221 1624 2328 1679 quo
2358 1617 2599 1679 tempore
2657 1611 2732 1661 iHi
2783 1611 2836 1662 in
2891 1610 3104 1664 deserto
3157 1618 3327 1674 erant,
3368 1625 3515 1676 eam,

1963 1716 2082 1771 quae
2108 1701 2238 1754 mihi
2275 1708 2388 1753 tum
2421 1701 2790 1761 succurrebat,
2834 1702 2900 1753 ad
2940 1702 3151 1770 singula
3180 1702 3295 1755 loca
3347 1702 3518 1756 inter-

1962 1787 2315 1862 pretationem
2342 1790 2543 1845 addidi.
2587 1791 2758 1856 Quam
2795 1805 2923 1844 vero
2954 1806 3018 1845 ex
3065 1792 3150 1846 his
3188 1788 3516 1859 interpreta-

1964 1884 2167 1937 tionem
2208 1882 2455 1951 amplecti
2494 1881 2703 1945 debeat,
2754 1895 2818 1935 ex
2862 1880 3081 1951 proprio
3109 1882 3316 1951 judicio
3346 1883 3515 1939 lector

300 1957 421 2009 καθ’
447 1958 504 2011 ὃν
535 1962 721 2032 χρόνον
750 1957 888 2032 ἦσαν
923 1964 978 2014 ὲν
1100 1964 1289 2034 ἐρήμῳ
1310 2003 1324 2026 ,
1355 1962 1452 2033 τὴν
1485 1964 1858 2019 ὑποπεσοῠσαν

1961 1972 2239 2044 intelliget.

305 2052 384 2112 είς
418 2050 544 2113 τοὺς
590 2050 786 2114 τόπους
824 2051 1115 2122 ἑρμηνείαν
1161 2051 1491 2125 παρεθέμην.
1548 2054 1762 2108 ὐποίαν
1799 2056 1854 2109 δὲ
1890 2062 1994 2134 χρὴ
2023 2061 2131 2115 τῶν
2169 2062 2469 2134 εἰρημένων
2520 2058 2749 2131 ὲκδοχῶν
2786 2060 3052 2133 αἱρεῖσθαι
3080 2060 3197 2132 θείᾳ
3226 2060 3299 2132 (1)
3340 2056 3514 2130 κρίσει

302 2140 345 2192 6»
360 2138 697 2210 ἐντυγχάνων
728 2140 950 2194 εἵσεται.
990 2199 993 2203 ,

502 2204 553 2303 ξ”
629 2300 633 2305 η
685 2235 1034 2288 messos
1062 2236 1149 2306 Ta
1180 2236 1371 2290 ΑΣΑΦ.
1407 2204 1520 2290 o’zu

371 2331 723 2396 Προσέχετε,
749 2329 897 2394 λαός
920 2345 1059 2396 μου,
1088 2327 1196 2381 τὸν
1218 2329 1405 2398 νόμον
1430 2347 1547 2399 μου
1572 2345 1585 2360 ο
1620 2331 1862 2392 vellicare

302 2417 369 2471 τὸ
411 2413 521 2483 οὖς
549 2416 718 2486 ὑμῶν
744 2420 828 2483 εις
860 2422 933 2471 τὰ
955 2417 1193 2487 ῥήματα
1238 2418 1343 2472 τοῦ
1389 2420 1681 2489 στόματός
1718 2439 1855 2490 μου.

301 2508 609 2580 Παρορμῶν
635 2511 781 2581 ἡμᾶς
808 2512 836 2561 6
860 2508 1013 2577 λόγος
1042 2510 1134 2563 ἐπὶ
1174 2510 1270 2579 τὴν
1306 2510 1513 2564 σύνεσιν
1553 2510 1660 2563 τῶν
1695 2513 1860 2581 ἐμφε-

300 2600 563 2671 ρομένων,
597 2600 904 2665 Συνέσεως
929 2599 1026 2670 τὴν
1054 2601 1363 2673 ἐπιγραφὴν
1388 2602 1702 2672 ἐποιήσατο·
1730 2600 1859 2654 ταύ-

186 2760 189 2761 ,
298 2707 397 2763 της
421 2690 534 2761 γὰρ
549 2690 777 2761 δεόμεθα
802 2692 880 2753 είς
908 2690 1078 2761 θήραν
1096 2692 1194 2762 τῆς
1221 2693 1584 2762 προκειμένης
1604 2693 1859 2756 διανοίας.

298 2780 521 2853 Πρῶτον
581 2780 678 2851 μὲν
721 2775 813 2849 οὖν
872 2781 1152 2851 ζητήσειεν
1203 2782 1267 2835 ἄν
1308 2800 1391 2845 τις
1424 2783 1674 2852 εὐλόγως,
1721 2785 1862 2847 τίνος

300 2873 588 2945 πρόσωπον
616 2872 872 2943 τυγχάνει
908 2872 969 2924 τὸ
1002 2874 1205 2940 φάσκον
1236 2876 1293 2926 ὲν
1322 2875 1483 2944 ἀρχῇ,
1511 2873 1860 2943 Προσέχετε,

294 2964 446 3029 λαός
465 2981 603 3033 μου,
633 2963 739 3017 τὸν
774 2965 960 3033 νόμον
986 2981 1103 3033 μου
1131 2982 1143 2994 ·
1186 2966 1428 3019 κλίνατε
1455 2966 1521 3019 τὸ
1564 2961 1673 3032 οὖς
1697 2964 1863 3035 ὑμῶν

296 3056 386 3120 έίς
416 3057 489 3109 τὰ
524 3054 761 3124 ῥήματα
802 3053 907 3110 τοῦ
955 3057 1245 3125 στόματός
1277 3075 1415 3126 μου.
1469 3057 1603 3110 Οῠτε
1642 3057 1749 3130 γὰρ
1780 3058 1856 3129 τῷ

313 3145 482 3216 Ἀσάφ
525 3145 647 3200 οὔτε
697 3147 774 3218 τῷ
812 3147 971 3201 Δαυῖδ
1007 3147 1231 3219 ἁρμόζει
1281 3149 1449 3202 ταῦτα
1492 3149 1699 3217 λέγειν·
1736 3151 1858 3203 ἐπεὶ

302 3236 378 3309 μὴ
410 3232 695 3309 νομοθέται
729 3238 1011 3307 γεγόνασιν
1052 3232 1195 3292 οὗτοι
1216 3256 1229 3269 ⁶
1274 3238 1393 3292 οὕτε
1435 3241 1517 3303 τὸ,
1552 3236 1669 3307 Οὖς
1696 3240 1859 3310 ὑμῶν

2202 2237 2679 2294 INTELLECTUS
2732 2238 2972 2295 ASAPH.
3012 2238 3244 2293 LXXV“

2036 2329 2318 2395 Attendite,
2352 2329 2539 2398 popula
2594 2345 2757 2395 meus,
2810 2329 2970 2400 legem
3004 2347 3172 2385 meam
3211 2348 3229 2383 :
3270 2332 3518 2390 inminuta

1966 2438 2143 2476 aurem
2168 2409 2397 2475 uestram
2424 2421 2478 2475 in
2506 2421 2665 2476 verba
2696 2423 2803 2475 oris
2837 2422 2956 2475 mei.
2982 2421 3116 2477 Cum
3143 2422 3208 2477 ad
3247 2422 3517 2480 dictorum

1962 2511 2378 2581 intelligentiam
2408 2526 2507 2567 nos
2556 2526 2736 2566 sermo
2781 2520 3055 2581 provocet,
3112 2511 3415 2568 Intellectus
3458 2515 3517 2571 in

1962 2603 2121 2657 titulo
2154 2601 2326 2657 fertur
2352 2620 2367 2670 ;
2408 2618 2473 2658 eo
2498 2604 2695 2672 quippe
2724 2591 3029 2674 indigemus
3060 2602 3125 2658 ad
3157 2604 3275 2673 ejus
3298 2612 3518 2660 senteno

1966 2694 2569 2766 tiaminvestigandam.
2615 2696 2681 2750 Et
2727 2697 2901 2766 primo
2950 2695 3165 2765 quidem
3218 2707 3517 2767 opportune

1969 2795 2259 2858 quaeratur,
2290 2804 2409 2858 quae
2434 2803 2664 2860 persona
2704 2789 2819 2843 haec
2850 2787 3007 2841 initio
3035 2788 3204 2849 dicat,
3236 2790 3510 2852 attendite,

1968 2876 2152 2946 popule
2178 2892 2340 2941 meus,
2373 2876 2532 2947 legem
2562 2892 2765 2941 meam;
2814 2876 3063 2929 inclinate
3084 2892 3262 2929 aurem
3290 2887 3513 2951 vestram

1966 2969 2021 3021 in
2048 2967 2202 3022 verba
2249 2969 2355 3021 oris
2415 2969 2533 3022 mei.
2583 2966 2703 3021 Non
2753 2967 2897 3022 enim
2947 2964 3136 3020 Davidi
3179 2966 3261 3021 vel
3295 2966 3512 3037 Asapho

1964 3060 2077 3114 hare
2107 3061 2285 3115 dicere
2313 3061 2596 3114 conveniat
2630 3078 2643 3114 :
2678 3059 2755 3113 illi
2789 3059 2985 3131 quippe
3026 3059 3363 3129 legislatores
3395 3074 3508 3113 non

1964 3143 2141 3218 fuere;
2174 3168 2350 3222 neque
2391 3152 2548 3215 illud.
2599 3152 2797 3206 Aurem
2834 3158 3052 3205 vestram
3104 3152 3157 3204 in
3207 3149 3359 3225 verba
3404 3153 3511 3205 oris

1965 3242 2083 3305 mei,
2129 3242 2210 3294 vel
2253 3240 2506 3297 Davidem
2539 3242 2620 3296 vel
2647 3240 2923 3310 Asaphum
2978 3228 3159 3294 dicere
3209 3253 3306 3309 par
3351 3246 3511 3294 erat:

290 3331 387 3396 ἐἰς
415 3331 488 3383 τὰ
504 3330 742 3400 ῥήματα
785 3329 891 3384 τοῦ
936 3331 1229 3399 στόματός
1266 3348 1406 3401 μου,
1439 3330 1642 3402 ἔπρεπε
1690 3330 1863 3399 λέγειν

1964 3346 2139 3401 neque
2179 3332 2323 3385 enim
2350 3331 2568 3401 pmpria
2604 3331 2767 3385 Verba
2801 3328 3181 3400 proferebant,
3219 3328 3311 3384 sed
3345 3329 3511 3383 divini

295 3419 417 3496 ἦτοι
449 3420 561 3483 τὸν,
582 3419 775 3488 Ἀσάφ,
814 3419 846 3489 ἢ
872 3419 963 3471 τὸν
989 3419 1149 3471 Δαυϊδ
1167 3436 1179 3449 ·
1211 3420 1271 3471 οὐ
1304 3419 1409 3489 γὰρ
1445 3422 1613 3472 οίκεῖα
1645 3421 1862 3491 ῥήματα

298 3512 653 3582 προσέφερον,
684 3514 749 3582 τῇ
791 3510 846 3563 δὲ
887 3510 979 3562 τοῦ
1027 3510 1170 3563 θείου
1204 3511 1515 3581 Πνεύματος
1545 3511 1703 3583 βουλῇ
1748 3513 1861 3583 διη-

298 3602 569 3656 κονοῦντο.
596 3602 685 3654 Διὸ
716 3599 1020 3664 συνέσεως
1048 3601 1465 3671 ἐπιγέγραπται,
1494 3600 1567 3663 ὼς
1612 3601 1677 3652 ἂν
1734 3618 1860 3653 συν-

297 3693 449 3764 ῶμεν
479 3692 564 3755 τίς
587 3692 645 3745 τέ
679 3692 823 3745 ἐστιν
847 3691 875 3742 6
908 3689 1078 3744 ταῦτα
1100 3690 1290 3759 λέγων,
1326 3690 1418 3743 καὶ
1447 3690 1576 3752 τίςηό
1603 3690 1727 3753 λαὸς
1760 3693 1858 3744 αὐ-

295 3782 411 3847 τοῦ,
440 3781 534 3835 καὶ
566 3782 648 3845 τίς
690 3784 718 3835 6
747 3782 939 3855 νόμος·
973 3781 1157 3853 ἕτερος
1180 3780 1303 3851 γὰρ
1328 3780 1500 3834 ἔοικεν
1537 3776 1674 3835 εἶναι
1710 3782 1859 3852 παρά

296 3872 388 3926 τὸν
422 3872 719 3935 Μωῦσέως.
753 3872 937 3927 Ταῦτα
962 3873 1006 3927 δ’
1040 3872 1312 3926 ὲπιλύεται
1335 3873 1395 3925 τὸ
1420 3863 1764 3942 Εὐάγγέλιον,
1790 3874 1858 3943 γὲν

300 3961 346 4036 ᾧ
374 3965 614 4039 εἴρηταιο
665 3968 857 4023 Ταῦτα
901 3967 1095 4022 πάντα
1132 3967 1435 4034 ἐλάλησεν
1467 3969 1500 4020 ὁ
1536 3966 1762 4033 Ἰησοῦς
1788 3962 1857 4019 ἐν

296 4058 658 4144 παραϐολαῖς
711 4061 833 4126 τοῖς
866 4059 1090 4129 ὄχλοις,
1144 4061 1241 4114 καὶ
1292 4059 1468 4127 χωρὶς
1515 4057 1857 4126 παραϐολῆς

297 4153 409 4204 οὐκ
441 4151 642 4204 ἐλάλει
667 4151 870 4217 αὐτοῖς
892 4167 905 4179 ο
939 4151 1096 4217 ὅπως
1132 4149 1414 4218 πληρωθῇ
1444 4151 1507 4203 τὸ
1542 4149 1730 4217 ῥηθὲν
1758 4149 1857 4202 διὰ

294 4241 401 4296 τοῦ
426 4241 736 4310 προφήτου
777 4241 1091 4311 λέγοντος·
1135 4240 1366 4304 Ἀνοίξω
1396 4241 1465 4292 ἐν
1496 4241 1855 4307 παραϐολαῖς

293 4334 358 4389 τὸ
387 4335 580 4403 στόμα
599 4349 719 4401 μου
743 4349 756 4363 ⁸
783 4331 1097 4401 ἐρεύξομαι
1124 4330 1498 4399 κεκρυμμένα
1524 4330 1642 4385 ἀπὸ
1679 4347 1856 4385 καταο-

294 4423 496 4493 σολῆς.
527 4424 625 4479 Διὰ
654 4422 805 4477 ποίου
838 4423 894 4476 δὲ
936 4424 1209 4494 προφήτου
1254 4423 1424 4477 ταῦτα
1464 4423 1646 4494 εἴρητο
1690 4423 1721 4494 ἥ
1768 4423 1853 4477 διὰ

293 4521 387 4575 τοῦ
450 4518 805 4593 προκειμένου
864 4512 1067 4586 Ἀσάφ;
1120 4519 1184 4570 Ὅ
1246 4518 1319 4588 μὴ
1377 4516 1643 4579 συνιέντες
1689 4517 1849 4597 τινὲς,
1903 4566 1907 4570 .

278 4612 635 4685 ’προσέθηκαν
675 4613 732 4664 ὲν
770 4610 845 4680 τῷ
878 4608 1191 4680 Εὐαγγελιῳ
1222 4610 1302 4671 τὸ,
1343 4608 1439 4662 διὰ
1476 4608 1709 4663 Ἡσαΐου
1743 4609 1847 4663 τοῦ

1965 3420 2198 3491 Spiritus
2248 3420 2513 3476 voluntati
2570 3418 2976 3474 ministrabant.
3026 3416 3150 3472 Ideo
3208 3416 3511 3473 Intellectus

1961 3513 2297 3576 inscribitur,
2356 3520 2414 3566 ut
2446 3498 2813 3582 intelligamus
2854 3508 2976 3580 quis
3008 3507 3123 3562 haec
3172 3508 3339 3571 dicat,
3385 3510 3510 3578 quis

1960 3604 2193 3670 populus
2243 3601 2384 3671 ejus,
2424 3617 2547 3672 quae
2590 3602 2715 3679 Alex;
2767 3587 2899 3653 nam
2946 3597 3159 3655 videtur
3196 3597 3298 3650 alia
3329 3612 3360 3649 a
3395 3598 3509 3666 lege

1953 3692 2158 3765 'Moysis
2191 3710 2332 3749 esse.
2374 3694 2499 3748 llaec
2528 3708 2691 3765 porro
2714 3691 2876 3747 solvit
2907 3686 3253 3757 Evangelium
3281 3686 3346 3749 9‘,
3379 3701 3505 3740 cum

1957 3784 2074 3836 ait:
2118 3783 2245 3837 Harc
2276 3784 2451 3837 omnia
2490 3784 2693 3836 locutus
2732 3792 2808 3836 est
2837 3778 2991 3834 Iesus
3031 3778 3085 3830 in
3131 3775 3395 3846 parabolis
3434 3774 3503 3827 ad
3584 3844 3589 3851 '

1957 3873 2158 3936 turbas,
2194 3883 2243 3928 et
2264 3876 2374 3927 sine
2396 3874 2653 3943 parabola
2686 3890 2789 3927 non
2833 3869 3137 3941 loquebatur
3160 3869 3264 3931 eis;
3293 3876 3350 3919 ut
3400 3867 3502 3919 im-

1954 3964 2181 4030 pleretur
2213 3963 2348 4033 quod
2369 3965 2564 4016 dictum
2593 3972 2707 4017 erat
2748 3978 2840 4027 per
2881 3960 3181 4030 prophetam
3224 3957 3499 4015 dicentem.

1952 4056 2198 4123 Aperiam
2239 4057 2292 4109 in
2319 4055 2587 4126 parabolis
2621 4072 2677 4108 os
2706 4069 2894 4116 meum,
2925 4050 3169 4105 eructabo
3199 4048 3505 4104 abscondita

1954 4164 1985 4199 a
2043 4146 2430 4201 constitutione.
2485 4144 2588 4199 Per
2636 4160 2796 4215 quem
2841 4142 3159 4211 prophetam
3201 4139 3504 4193 haec‘dicta

1954 4244 2102 4301 sunt,
2134 4237 2237 4290 nisi
2270 4251 2364 4306 per
2393 4236 2538 4288 hunc
2576 4232 2891 4302 Asaphum?
2946 4230 3103 4297 Quod
3158 4244 3264 4284 non
3304 4228 3504 4282 intelli-

1954 4335 2141 4398 gentes
2187 4326 2407 4397 quidam
2443 4324 2759 4393 adjecerunt
2800 4320 3109 4391 Evangelio,
3152 4335 3250 4388 per
3298 4316 3501 4371 Isaiam

1952 4419 2252 4489 prophetam
2310 4434 2328 4470 :
2380 4415 2477 4472 sed
2529 4416 2582 4468 in
2617 4413 2887 4469 accuratis
2920 4410 3339 4479 exemplaribus,
3380 4406 3501 4461 sine

1952 4512 2315 4566 additamento
2354 4509 2468 4573 illo,
2500 4523 2591 4577 per
2640 4504 2865 4568 Isaiam,
2902 4502 2975 4556 ita
3006 4499 3324 4569 simpliciter
3356 4497 3494 4549 dici-

1950 4613 2061 4669 tur,
2090 4614 2146 4657 ut
2170 4585 2469 4671 impleretur
2499 4596 2634 4669 quod
2665 4595 2863 4648 dictum
2894 4601 3009 4646 erat
3052 4606 3143 4657 per
3194 4589 3497 4657 prophetam

293 4678 631 4774 προφήτου·
690 4703 747 4755 ὲν
797 4678 854 4754 δέ
901 4717 964 4770 γε
1016 4704 1127 4764 τοῖς
1164 4678 1446 4773 άκριὸέσιν
1500 4690 1883 4772 ἀντιγράφοιςῖ

1957 4697 2225 4759 dicentem,
2266 4693 2510 4761 Aperiam
2541 4691 2596 4742 in
2623 4683 2893 4755 parabolis
2928 4698 2984 4735 os
3026 4695 3215 4745 meum,
3250 4678 3495 4733 eructabo

292 4796 418 4850 ἄνευ
440 4798 541 4867 τῆς
567 4793 879 4866 προσθήκης
912 4792 1010 4863 τῆς
1047 4791 1143 4845 διὰ
1179 4792 1436 4855 Ἡσαΐου,
1465 4791 1647 4855 ἁπλῶς
1678 4791 1849 4854 οὕτως

292 4886 533 4958 εἴρηται·
573 4888 762 4951 Ὅπως
791 4881 1073 4953 πληρωθῇ
1096 4883 1163 4935 τὸ
1202 4880 1390 4950 ῥηθὲν
1432 4880 1529 4934 διὰ
1556 4874 1669 4969 τρῦ
1711 4897 1850 4949 προ-

290 4977 484 5046 φήτου
503 4977 785 5047 λέγοντος
801 4995 814 5007 ⁸
850 4975 1081 5039 Ἀνοίξω
1100 4975 1167 5029 ἐν
1188 4972 1547 5042 παραϐολαῖς
1568 4972 1632 5025 τὸ
1659 4975 1849 5043 στόμα

285 5086 437 5140 μουο
487 5069 798 5139 ἐρεύξομαι
854 5065 1227 5137 κεκρυμμένα
1261 5065 1378 5120 ἀπὸ
1429 5063 1779 5132 καταϐολῆς,
1811 5066 1847 5119 ἃ

288 5161 352 5232 δὴ
383 5159 605 5232 φέρεται
636 5164 693 5223 ὲν
721 5163 832 5225 τοῖς
873 5159 1271 5232 προκειμένοις,
1306 5158 1365 5212 οὐ
1414 5156 1515 5229 μὴν
1550 5157 1617 5208 λέν
1648 5158 1714 5227 τῇ
1746 5155 1840 5209 τοῦ

302 5244 520 5303 Ἡσαΐου
577 5248 897 5319 προφητείᾳ.
957 5247 1162 5303 Οὐκοῦν
1221 5248 1286 5301 ὲκ
1338 5248 1436 5317 τῆς
1488 5243 1842 5321 εὐαγγελικῆς

291 5341 642 5415 παραθέσεως
685 5342 714 5393 6
748 5340 937 5412 Σωτὴρ
969 5340 1036 5394 ἂν
1079 5342 1182 5411 εἴη,
1220 5340 1312 5393 καὶ
1354 5338 1471 5392 οὐδὲ
1507 5336 1679 5401 ἄλλος,
1709 5339 1737 5390 6
1783 5337 1842 5403 ἐξ

288 5431 489 5487 οίκείου
550 5425 838 5503 προσώπου
890 5428 1113 5497 φάσκων
1164 5430 1253 5483 ἐπὶ
1301 5428 1391 5482 τοῦ
1446 5422 1707 5497 παρόντος
1746 5426 1839 5479 τό*

290 5521 641 5590 Προσέχετε,
689 5518 835 5583 λαός
873 5535 1011 5586 μου,
1060 5519 1166 5573 τὸν
1215 5522 1400 5590 νόμον
1445 5535 1579 5588 μου.
1626 5517 1739 5571 Ἵνα
1786 5516 1843 5569 δὲ

290 5614 535 5684 συνῶμεν
564 5610 758 5676 αὑτὸν,
799 5607 1102 5675 συνέσεως
1144 5611 1244 5682 τὴν
1296 5610 1615 5683 προγραφὴν
1654 5608 1840 5678 ἐποιή-

292 5720 451 5758 σατοο
480 5705 556 5767 ὡς
586 5703 719 5775 μήτε
751 5700 962 5772 ψαλμὸν
997 5703 1129 5775 μήτε
1170 5702 1312 5775 ᾠδὴν
1346 5705 1482 5777 μήτε
1525 5720 1577 5756 τι
1608 5698 1841 5755 τοιοῦτον

359 5822 405 5854 ’⁸
440 5820 628 5875 Matth.
664 5835 797 5880 xm,
829 5818 923 5883 54,
960 5819 1051 5877 55.

363 5914 440 5987 (1)
477 5910 659 5978 Forte,
677 5912 881 5989 ,οἰκείῳ

1955 4787 2269 4843 abscondita
2290 4801 2322 4838 a
2354 4781 2738 4841 constitutione,
2773 4790 2894 4845 qua:
2926 4773 3015 4827 hic
3044 4772 3335 4835 habentur,
3386 4785 3495 4824 non

1951 4891 2129 4935 autem
2154 4878 2211 4931 in
2245 4873 2528 4945 pr0phetia
2561 4852 2735 4925 lsaiae.
2770 4867 2848 4921 Ex
2879 4865 3192 4933 evangelico
3225 4864 3389 4933 igitur
3423 4868 3497 4915 te-

1950 4968 2202 5027 stimonio
2225 4964 2478 5019 Servator
2501 4969 2554 5016 et
2583 4975 2689 5014 non
2709 4959 2848 5013 alius
2878 4955 3060 5023 fuerit,
3078 4954 3169 5025 qui
3188 4968 3252 5009 ex
3280 4950 3496 5021 propria

1947 5072 2174 5131 persona
2198 5057 2249 5109 in
2269 5054 2520 5125 praesenti
2540 5051 2693 5116 dicit,
2718 5046 3000 5109 Attendite,
3023 5044 3206 5113 popula
3231 5057 3392 5103 meus,
3420 5039 3495 5131 le-

1946 5129 2058 5223 gem
2078 5165 2264 5205 meam.
2293 5146 2357 5202 Ut
2379 5154 2557 5201 autem
2577 5143 2938 5213 intelligamus
2960 5138 3131 5207 ipsam
3148 5147 3286 5193 esse,
3304 5129 3495 5184 inscri-

1946 5222 2182 5316 ptionem
2202 5238 2526 5300 Intellectus,
2544 5237 2752 5309 posuit;
2772 5235 2846 5287 ita
2864 5239 2921 5284 ut
2941 5242 3112 5321 neque
3124 5222 3383 5321 psalmus,
3397 5235 3493 5321 ne-

1946 5312 2051 5405 que
2078 5332 2372 5396 canticum,
2402 5318 2577 5399 neque
2600 5324 2729 5397 quid
2762 5320 2935 5377 simile
2963 5317 3075 5371 haec
3112 5312 3492 5405 existimentur

1947 5399 2098 5488 esse,
2132 5424 2225 5480 sed
2259 5422 2462 5479 Christi
2492 5420 2559 5475 ad
2596 5412 2856 5488 populum
2906 5420 3083 5469 suum,
3110 5403 3224 5458 sive
3269 5399 3336 5456 ad
3388 5400 3491 5454 Ec-

1949 5516 2163 5571 clesiam
2211 5528 2364 5569 suam
2427 5510 2751 5571 doctrinam,
2787 5517 2892 5574 qua
2948 5499 3013 5553 de
3068 5494 3276 5567 Iudaici
3307 5492 3488 5562 papuli

1946 5607 2242 5665 sceleribus
2273 5606 2436 5659 verba
2470 5602 2619 5657 facit.
2670 5596 2932 5668 Populum
2969 5603 3133 5661 porro
3159 5586 3275 5657 ejus
3323 5582 3487 5635 alium

1947 5714 2065 5757 esse
2110 5698 2175 5752 ab
2208 5712 2269 5753 eo
2300 5697 2389 5768 qui
2424 5696 2478 5750 in
2506 5688 2854 5765 sequentibus
2885 5688 3173 5741 accusatur
3196 5673 3490 5745 intelliges,
