4294 6444
256 535 426 591 ⁷90⁸5

1394 522 1886 597 σουΜεΝτΑιιιΑ
1924 542 1991 597 m
2027 542 2357 603 PSALIIOS.
2456 608 2461 613 ,

3385 560 3489 615 906

322 652 599 721 τασολῆςι·
640 656 755 709 ἀνθ’
782 651 841 711 οὗ
882 646 913 711 ’ό
960 658 1058 728 μὲν
1094 659 1335 723 Ἀκύλας,
1378 661 1666 729 Ὁμϐρήσω
1714 663 1862 716 αἰνί-
1890 671 1933 726 Α
1961 678 2018 718 ce

1791 663 1862 715 τί·
1890 670 2133 726 Ασειιιτ.
2183 664 2318 719 Cum
2375 667 2597 723 dixisset
2641 686 2655 720 :
2705 670 2951 738 Aperiunt
3005 673 3058 725 in
3124 678 3376 741 parabola
3432 677 3487 733 ὅτ

323 761 507 814 γματα
546 744 614 809 ἐξ
667 744 946 815 ἀρχῆθεν,
998 747 1323 801 ἐκδέδωκεν·
1368 750 1397 800 ὁ
1432 749 1493 802 δὲ
1550 751 1857 825 Σύμμαχος,

334 830 670 888 Ἀνιίἄιύσω
709 836 1087 905 προϐλήματα
1113 838 1344 906 ἀρχαῖα.
1373 840 1591 893 Μέλλων
1626 840 1681 893 δὲ
1709 841 1737 891 ό
1767 840 1860 892 τοῦ

318 922 449 975 Θεοῦ
485 924 653 991 Λόγος
673 925 770 987 τὰς
815 910 1139 997 κατηγορίας
1168 928 1259 980 τοῦ
1296 930 1558 999 προτέρου
1596 928 1859 981 ποιεῖσθαι

317 1013 461 1076 λαοῦ,
494 1016 585 1067 καὶ
620 1015 719 1078 τάς
760 1017 1034 1079 αἰτίας-δι’
1070 1018 1136 1082 ἃς
1176 1019 1538 1089 άποὸέὸληται
1572 1020 1859 1090 παρατίθε-

317 1104 455 1168 σθαι,
489 1106 793 1171 ἀναγκαίως
833 1110 895 1177 τῇ
940 1109 1127 1161 ἐαυτοῦ
1167 1110 1458 1181 Ἐκκλησία
1502 1111 1861 1182 παρακελεύε-

315 1210 400 1246 ται
430 1194 709 1265 προσέχειν
737 1199 845 1260 τοῖς
871 1197 1193 1269 λεγομένοις,
1228 1200 1320 1252 καὶ
1354 1200 1586 1253 συνιέναι
1612 1201 1711 1263 τὰς
1753 1219 1857 1254 πα-

315 1283 558 1353 ραθέσεις
601 1285 698 1355 τῆς
736 1285 843 1339 τῶν
888 1287 1127 1340 παλαιῶν
1171 1290 1516 1359 κατηγορίας,
1555 1289 1629 1351 ὡς
1672 1289 1737 1342 ἂν
1783 1292 1857 1362 μὴ

311 1375 420 1436 τοῖς
458 1376 633 1437 αὐτοῖς
661 1376 961 1446 περιπέσοι,
993 1376 1231 1447 μαθοῦσα
1256 1378 1312 1430 δέ
1342 1380 1406 1431 ἐκ
1437 1380 1533 1448 τῆς
1564 1384 1690 1449 περὶ
1716 1380 1857 1433 ἐκεί“

312 1479 415 1516 νων
454 1464 748 1534 διηγήσεως
793 1467 971 1519 ὁποῖον
1011 1468 1203 1529 αὐτοὺς
1246 1467 1509 1531 διεδέξατο
1545 1468 1711 1531 τέλος,
1755 1487 1855 1521 σω-

311 1554 607 1622 φρονίζοιτο
631 1558 694 1607 ἐκ
721 1554 813 1607 τοῦ
842 1556 1292 1629 παραδείγματος.
1336 1557 1545 1609 Είπώνο
1574 1559 1853 1621 Διανοίξω

306 1643 376 1701 ἐν
405 1645 709 1713 παραϐολῇ
744 1646 806 1698 τὸ
851 1649 1041 1716 στόμα
1079 1666 1211 1715 μου,
1246 1636 1565 1717 φθέγξομαι
1597 1648 1851 1715 προσλή-

301 1747 456 1807 ματα
483 1732 581 1785 ἀπ’
626 1734 835 1802 ἀρχῆς,
869 1738 1113 1806 ἐπιφέρει
1149 1738 1245 1793 τὰς
1289 1737 1380 1789 τοῦ
1422 1738 1680 1809 προτέρου
1722 1733 1848 1792 λαοῦ

306 1824 648 1892 κατηγορίας.
698 1826 974 1897 Παραεολῇ
1016 1830 1121 1897 γάρ
1173 1828 1395 1891 ἐκείνοις
1437 1828 1697 1898 κέχρηται
1730 1828 1849 1881 ἀντὶ

306 1913 691 1982 ὑποδείγματος
727 1918 805 1977 εἰς
829 1918 1098 1987 ἡμετέραν
1132 1909 1425 1972 νουθεσίαν.
1451 1919 1559 1972 Καὶ
1584 1917 1704 1971 καθ’
1735 1918 1848 1971 ἐτέ-

1961 771 2151 815 nteum.
2184 756 2371 825 loquar
2397 759 2768 826 propositiones
2797 760 2861 814 ab
2887 761 3054 825 initio,
3086 764 3280 831 prioris
3311 767 3489 837 populi

1957 846 2335 901 accusationes
2360 847 2565 916 adjicit.
2592 847 2852 903 Parabola
2876 852 3070 921 quippe
3098 856 3327 923 exempli
3367 857 3488 913 loco

1960 936 2125 990 utitur
2148 936 2215 989 ad
2246 944 2484 992 nostram
2536 939 2949 995 institutionem.
2993 940 3295 999 Secundum
3328 948 3489 1003 aliam

1958 1041 2085 1080 vero
2108 1028 2410 1094 explicandi
2443 1031 2704 1084 rationem
2745 1032 2833 1086 hic
2874 1049 3071 1095 sermo,
3117 1035 3238 1089 ideo
3276 1034 3489 1093 Iudaici

1946 1114 2136 1187 populi
2171 1116 2408 1173 facinora
2450 1129 2749 1184 enumerat,
2789 1124 2914 1192 quia
2955 1126 3202 1194 superius
3230 1126 3480 1183 dixerat:

1960 1207 2176 1275 thuid,
2237 1208 2396 1271 Deus,
2435 1212 2673 1279 repulisti
2712 1214 2769 1265 in
2805 1215 2978 1280 ﬁnem,
3016 1217 3181 1269 iratus
3213 1226 3288 1288 est
3319 1218 3487 1285 ,furor

1956 1308 2075 1351 tuus
2120 1314 2271 1365 super
2292 1316 2405 1353 oues
2446 1315 2653 1371 pascua:
2681 1311 2783 1357 tua:
2824 1288 2886 1357 i?
2918 1312 2968 1359 et
3019 1307 3213 1359 similia
3263 1323 3381 1376 quae
3418 1308 3486 1363 de

1953 1389 2164 1442 illorum
2195 1388 2475 1464 obsidione
2496 1389 2645 1443 dicta
2682 1399 2830 1446 sunt.
2864 1392 2995 1446 Nam
3027 1395 3115 1453 hic
3141 1411 3323 1449 eorum
3354 1412 3485 1451 cau-

1951 1490 2043 1530 sas
2064 1478 2255 1544 aperit.
2292 1475 2354 1528 Et
2383 1477 2507 1554 quia
2554 1479 2610 1532 in
2656 1480 2978 1547 praecedenti
3036 1484 3254 1559 psalmo
3281 1483 3485 1537 dictum

1948 1573 2072 1619 est:
2128 1563 2379 1634 Nunquid
2436 1567 2489 1618 in
2541 1577 2791 1622 internum
2844 1572 3081 1639 projiciet
3134 1572 3401 1633 Dominus,
3427 1583 3477 1626 et

1950 1671 2051 1708 non
2078 1666 2296 1722 apponet
2331 1651 2734 1725 ut‘complaceat
2774 1661 2980 1717 adhuc?
3004 1672 3094 1715 aut
3124 1665 3177 1716 in
3202 1665 3357 1734 ﬁnem
3382 1666 3480 1718 nti-

1946 1740 2286 1794 sericordiam
2314 1758 2464 1795 suam
2502 1745 2790 1809 abscindat,
2820 1765 2851 1800 a
2890 1752 3217 1817 generatione
3249 1752 3299 1804 in
3331 1768 3470 1822 gene-

1946 1833 2237 1895 rationem?
2277 1843 2367 1885 aut
2411 1833 2737 1887 obliuiscetur
2780 1839 3011 1890 misereri
3056 1839 3214 1900 Deus,
3242 1852 3332 1891 aut
3366 1857 3483 1893 con-

1947 1922 2125 1991 tinebit
2154 1923 2206 1974 in
2232 1923 2313 1975 ira
2341 1938 2437 1976 sua
2460 1924 2841 1978 misericordias
2869 1942 2991 1983 suas
3009 1930 3035 1978 7
3065 1928 3185 1994 jure
3207 1937 3327 1996 post
3366 1931 3481 1985 haec

307 2022 401 2075 ραν
424 2006 477 2056 δὲ
522 2005 754 2058 διάνοιαν
792 2010 819 2059 ό
849 2007 1033 2077 παρὼν
1066 2008 1218 2076 λόγος
1254 2010 1352 2073 τὰς
1394 2011 1729 2081 παρανομίας
1755 2011 1847 2065 τοῦ
1879 2018 1919 2071 Β
1950 2027 2003 2081 pl

1780 2011 1847 2065 τοῦ
1879 2018 1919 2071 Β
1950 2013 2226 2081 proposita
2281 2012 2463 2075 dubia,
2522 2029 2718 2069 causas
2755 2026 2997 2070 recenset
3054 2033 3151 2070 cur
3197 2017 3476 2074 Iudaicam

314 2094 575 2148 Ἰουδαίων
620 2096 801 2159 ἔθνους
851 2098 1401 2168 συγκαταριθμεῖται,
1451 2100 1741 2171 ἐπειδήπερ
1791 2103 1848 2153 ἐν

300 2190 406 2247 τοῖς
440 2184 739 2255 ἔμπροσθεν
780 2186 1019 2253 ἐλέγετο·
1061 2189 1183 2240 Ἵνα
1229 2189 1305 2254 τί,
1355 2192 1387 2242 ὁ
1423 2188 1582 2253 Θεὸς,
1630 2187 1847 2242 ἀπώσω

298 2277 388 2340 τίς
408 2276 598 2341 τέλος,
631 2278 887 2344 ὠργίσθη
915 2280 946 2329 ό
972 2279 1152 2345 θυμός
1180 2292 1297 2331 σου
1335 2278 1431 2329 ἐπὶ
1463 2280 1722 2347 πρόϐατα
1748 2296 1844 2331 νο-

295 2365 412 2439 μῆς
439 2382 594 2430 σου;
624 2369 716 2419 καὶ
747 2368 844 2420 ὅσα
871 2368 1004 2421 ἀλλα
1042 2369 1166 2438 περὶ
1198 2371 1295 2438 τῆς
1318 2368 1723 2439 καταλαϐούσης
1748 2370 1843 2421 αύ-

296 2438 417 2519 τοὺς
463 2458 770 2527 πολιορκίας
818 2458 1048 2525 ἐλέγετο.
1098 2458 1233 2531 Τὰς⁸
1257 2451 1617 2529 γάρίτούτων
1664 2438 1840 2522 αἰτίας

1948 2112 2155 2171 gentem
2181 2102 2259 2156 ira
2284 2104 2337 2157 in
2367 2103 2522 2158 ﬁnem
2559 2105 2830 2159 invaserit.
2871 2107 3094 2174 Ipseque
3121 2104 3374 2162 Servator
3414 2109 3469 2162 in

1948 2191 2271 2261 Evangeliis,
2327 2195 2592 2271 similibus
2656 2211 2751 2250 eos
2812 2197 2967 2252 dictis
3024 2198 3472 2267 alloquebatur“:

1947 2280 2155 2344 Quoties
2178 2284 2315 2335 volui
2365 2299 2672 2357 congregare
2700 2286 2836 2353 ﬁlios
2868 2296 3005 2347 tuos,
3048 2287 3476 2356 quemadmodum

1941 2372 2143 2440 gallina
2169 2384 2441 2443 congregat
2471 2376 2642 2442 pullos
2675 2393 2793 2431 suos
2825 2377 2919 2431 sub
2973 2378 3109 2445 alas,
3129 2388 3178 2433 et
3200 2378 3477 2434 noluistis?

1943 2458 2077 2513 Ecce
2098 2462 2416 2530 relinquetur
2444 2464 2584 2518 vobis
2613 2464 2796 2519 domus
2830 2476 3000 2521 vestra
3029 2468 3251 2523 deserta.

296 2547 580 2617 παρίστησι
625 2548 713 2601 διὰ
742 2548 847 2600 τῶν
880 2549 1266 2621 προκειμένων.
1322 2550 1423 2602 Kal
1489 2550 1674 2619 ἐπειδὴ
1715 2552 1770 2602 ἐν
1838 2547 1913 2617 τῷ
1945 2550 2049 2620 πρὸ
2092 2550 2275 2604 τούτου
2319 2552 2530 2621 ἐλέγετο
2566 2555 2789 2626 ψαλμῷ·
2828 2557 2921 2625 Μὴ
2965 2561 3043 2624 εἰς
3083 2560 3222 2625 τοὺς
3264 2558 3478 2626 αἰῶνας

294 2641 585 2695 ἀπώσεται
619 2644 846 2712 Κύριος,
878 2644 971 2697 καὶ
1001 2646 1071 2696 οὐ
1099 2643 1424 2710 προσθήσει
1450 2644 1554 2698 τοῦ
1578 2644 1898 2710 εὐδοκῆσαι
1926 2645 2042 2707 stt;
2067 2644 2103 2713 ἢ
2130 2648 2215 2711 εὶς
2242 2646 2414 2713 τέλος
2460 2648 2527 2701 τό
2552 2649 2721 2715 ἕλεος
2778 2637 2957 2705 αὐτοῦ
3014 2654 3303 2721 ἀποκόψει
3357 2656 3475 2709 ἀπὸ

296 2728 499 2802 γενεᾶς
570 2739 657 2802 εἰς
697 2736 938 2803 madv;
972 2736 1007 2803 ἢ
1056 2737 1399 2800 ἐπιλήσεται
1479 2738 1582 2790 τοῦ
1624 2736 1985 2806 οίκτειρῆσιιι
2031 2741 2063 2791 ό
2110 2739 2271 2805 Θεὸς,
2313 2741 2351 2807 ἢ
2399 2741 2639 2806 συνέξει
2678 2745 2748 2795 ὲν
2782 2744 2857 2811 τῇ
2919 2744 3063 2819 ὀργῇ
3105 2748 3288 2801 αὐτοῦ
3335 2748 3475 2814 τοὺς

292 2826 622 2893 οίκτιρμοὺς
646 2827 863 2889 αὐτοῦς
892 2827 1109 2887 εἰκότως
1142 2826 1323 2895 ἐπειδὴ
1346 2826 1566 2881 τοιαῦτα
1593 2829 1953 2900 ἐπηπόρηται,
2013 2830 2111 2893 τάς
2143 2832 2317 2894 αἰτίας
2355 2833 2446 2884 ἐπὶ
2501 2833 2594 2886 τοῦ
2627 2834 2887 2904 παρόντος
2937 2836 3221 2903 καταλέγει
3258 2837 3356 2906 τῆς
3393 2839 3474 2899 είς

290 2915 351 2969 τὸ
385 2915 533 2977 τέλος
554 2916 917 2987 μετελθούσης
941 2917 999 2968 τὸ
1038 2916 1299 2969 Ἰουδαίων
1327 2916 1473 2979 ἔθνος
1500 2919 1685 2987 ὀργῆς.
1719 2921 1825 2972 Καὶ
1864 2921 2023 2985 αὐτὸς
2055 2922 2111 2975 δέ
2139 2924 2209 2993 ξέν
2249 2924 2589 2993 Εὑαγγελίοις
2620 2927 2647 2977 ό
2678 2925 2864 2995 Σωτὴρ
2912 2926 3293 2996 παραπλησίως
3361 2930 3471 2989 τοῖς

292 3006 659 3075 προκειμένοις
732 3000 864 3076 πρὸς
934 3009 1059 3070 τοὺς
1101 3007 1294 3068 αὐτοὺς
1340 3007 1648 3089 ἀπετείνετο
1692 3010 1893 3076 λέγων·
1930 3014 2188 3080 Ποσάκις
2211 3014 2477 3083 ἠθέλησα
2514 3015 2966 3084 ἐπισυναγαγεῖν
3011 3017 3079 3069 τὰ
3117 3017 3297 3070 τέκνα
3332 3034 3469 3080 σου,

291 3096 361 3149 ὃν
397 3098 617 3165 τρόπον
659 3099 822 3167 ὄρνις
843 3099 1190 3171 ἐπισυνάγει
1223 3101 1289 3154 τὰ
1323 3102 1540 3154 νοσσία
1569 3102 1686 3155 ὑπὸ
1725 3104 1827 3168 τὰς
1866 3105 2175 3175 πτέρυγας,
2202 3109 2299 3162 καὶ
2324 3112 2435 3163 οὐκ
2460 3109 2819 3177 ήθελήσατε;
2853 3109 2991 3164 Ἰδοὺ
3049 3112 3277 3179 ἀφίεται
3329 3108 3470 3181 ὑμῖν

289 3192 323 3246 ό
344 3187 520 3258 οἶκοςν
539 3193 703 3261 ὑμῶν
728 3193 960 3263 ἕρημος.

357 3305 505 3360 Ὅσα
540 3307 882 3377 ἠκούσαμεν
905 3308 1004 3364 καί
1030 3308 1290 3378 ἔγνωμεν
1317 3310 1485 3374 αὐτὰ,
1514 3313 1609 3364 καὶ
1639 3313 1691 3364 ol
1717 3323 1828 3365 πα-
1857 3318 1900 3377 C
2007 3311 2053 3365 ν

1774 3328 1828 3364 ιι-
1857 3318 1900 3377 C
2007 3311 2170 3366 Vens.
2191 3318 2242 3366 ὃ.
2292 3319 2504 3378 Quanta
2547 3306 2839 3367 audiuimus
2867 3322 2917 3367 et
2955 3314 3286 3384 cognovimus
3308 3332 3388 3382 ea,
3410 3324 3470 3370 'et

286 3395 448 3464 τέρες
492 3396 657 3466 ἡμῶν
697 3396 1058 3466 διηγήσαηο
1098 3400 1259 3468 ἡμῖν.
1301 3400 1380 3453 Τά
1416 3400 1511 3470 μὲν
1550 3402 1738 3472 πρῶτα
1772 3400 1830 3466 ἐξ

287 3472 402 3550 ἑνὸς
433 3486 645 3555 ἐλέγετο
676 3488 985 3558 προσώπου,
1018 3490 1155 3559 ὅπερ
1183 3492 1323 3555 τίνος
1356 3488 1421 3561 ἦν
1463 3490 1831 3545 ἀποδέδεικται

289 3576 388 3648 μὶν
436 3579 501 3637 ἐκ
530 3576 623 3629 τοῦ
666 3578 847 3631 αὑτοῦ.
895 3580 1424 3650 Συμπαραλαμδάνει
1455 3582 1511 3633 δὲ
1552 3582 1643 3634 καὶ
1673 3582 1835 3652 ἕτερα

287 3665 627 3728 ὑποκαταϐὰς
669 3666 768 3735 τῆς
805 3666 965 3719 αὐτοῦ
995 3666 1263 3738 θεότητος,
1295 3670 1388 3723 καὶ
1425 3670 1830 3741 ἀνθρωπινώτε-

287 3772 376 3827 ρον
414 3755 795 3826 φθεγγόμενος,
829 3754 904 3820 di;
932 3757 998 3811 ἂν
1031 3758 1092 3810 ἐκ
1139 3757 1425 3828 προσώπου
1458 3754 1831 3829 οὗνάνείληφεν

284 3844 564 3915 ἀνθρώπου
597 3843 688 3897 τοῦ
718 3844 1003 3915 γενομένου
1043 3846 1107 3899 ἐκ
1149 3846 1456 3918 σπέρματος
1499 3845 1655 3899 Δαυῖδ
1695 3849 1831 3901 κατά

287 3937 491 4009 σάρκαο
535 3922 595 3989 οὗ
630 3936 729 4007 τὴν
774 3937 983 4005 γένεσιν
1035 3938 1243 4009 ἱστορείΔ
1273 3938 1335 3990 τὸ
1366 3936 1687 4005 Εὑαγγέλιον
1725 3939 1829 4006 φά-

287 4046 411 4082 σκον
438 4045 451 4056 ·
506 4029 720 4095 Βίϐλος
777 4029 1069 4101 γενέσεως
1137 4029 1337 4099 ἰησοῦ
1384 4028 1637 4097 Χριστοῦ
1698 4029 1829 4082 υἱοῦ

282 4120 481 4183 Δαυτδ,
524 4122 656 4176 υίοῦ
714 4121 990 4191 Ἀϐραὰμί
1028 4121 1223 4192 Διόπερ
1285 4120 1830 4193 συμπαραλαμϐάνων

282 4212 405 4274 τοὺς
436 4210 577 4277 κατά
604 4210 779 4281 σάρκα
807 4210 1282 4281 όμογενεῖςαύτοῦ
1312 4210 1626 4281 γενομένους
1662 4208 1836 4279 μαθησ

284 4301 380 4363 τὰς
423 4301 516 4354 καὶ
574 4300 918 4363 ἀποστόλους,
967 4299 1333 4370 πληθυντικῶς
1386 4301 1708 4371 διεξέρχεται
1761 4300 1830 4353 τὰ

286 4390 420 4460 μετά
450 4392 633 4459 χεῖρας
664 4388 861 4455 λέγων’
901 4389 1045 4440 Ὅσα
1072 4388 1414 4458 ἠκούσαμεν
1450 4389 1545 4441 καὶ
1570 4390 1829 4459 ἔγνωμεν

282 4480 453 4535 αὐτά.
485 4481 609 4534 Ὅτε
636 4479 732 4549 μὲν
764 4480 871 4551 γὰρ
899 4480 989 4533 τὸν
1010 4480 1134 4533 λαὸν
1160 4481 1350 4533 ἑαυτοῦ
1374 4483 1701 4547 ἀνεκαλεῖτο,
1737 4484 1828 4536 καὶ

281 4575 474 4643 οἰκεῖον
496 4572 655 4642 νόμον
675 4572 856 4634 αὐτοῖς
887 4569 1270 4641 προύϐάλλετο,
1294 4573 1521 4643 παρῄνει
1546 4582 1613 4624 τε
1631 4572 1827 4625 κλίνειν

1932 3413 2105 3470 patres
2139 3402 2303 3465 nostri
2351 3410 2693 3453 narrarerunt
2729 3401 2897 3454 nobis.
2934 3400 3120 3454 Priora
3148 3403 3467 3471 quidem-ex

1910 3494 2095 3547 -unius
2118 3505 2344 3560 persona
2376 3490 2709 3551 dicebantur,
2743 3503 2984 3556 quaenam
3018 3505 3146 3542 vero
3189 3505 3253 3545 ea
3299 3501 3466 3556 esset,

1933 3602 2000 3642 ex
2026 3586 2212 3641 iisdem
2252 3574 2875 3639 dictis—demonstratum
2909 3588 3011 3634 est.
3040 3579 3156 3633 Alia
3197 3596 3325 3655 vero
3350 3583 3466 3650 jam

1882 3678 1883 3681 “
1934 3677 2161 3731 assumit
2205 3689 2234 3727 τι
2282 3673 2478 3727 deitate
2534 3687 2654 3728 sese
2702 3669 3009 3732 dcmittens,
3052 3678 3098 3723 ε·
3148 3668 3464 3726 humaniore

1931 3768 2157 3835 loquens
2202 3777 2373 3825 more,
2401 3762 2554 3832 quasi
2613 3776 2680 3815 ex
2732 3774 2958 3829 persona
3003 3758 3255 3829 hominis.
3302 3774 3461 3828 quem

1934 3851 2230 3921 assumpsit
2272 3866 2335 3906 ex
2389 3843 2593 3903 semine
2635 3846 2811 3902 David
2858 3846 3151 3902 secundum
3196 3862 3459 3905 carnem:

1931 3942 2088 4010 cujus
2119 3940 2514 4010 generationem
2531 3946 2719 3993 narrat
2733 3937 3077 4013 Evangelium
3102 3937 3187 3992 his
3204 3937 3379 3992 verbis
3398 3939 3419 3968 '
3444 3952 3460 3989 :

1928 4032 2083 4086 Liber
2099 4031 2441 4100 generationis
2472 4028 2600 4082 Iesu
2624 4027 2821 4082 Christi
2838 4029 2940 4095 ﬁlii
2962 4027 3147 4095 David,
3171 4029 3268 4097 ﬁlii
3296 4027 3465 4081 Abra-

1929 4122 2070 4175 ham.
2103 4118 2468 4187 Quamobrem
2522 4117 2824 4185 assumptis.
2864 4131 3044 4170 secum
3102 4118 3381 4189 discipulis
3408 4126 3464 4172 et

1931 4210 2211 4281 apostolis,
2252 4208 2343 4277 qui
2398 4206 2695 4262 secundum
2743 4220 2959 4260 carnem
3013 4206 3254 4273 ejusdem
3307 4207 3463 4275 cujus

1929 4302 2044 4371 ipse
2065 4300 2276 4370 generis
2300 4307 2474 4361 erant,
2505 4296 2781 4366 pluraliter
2812 4295 2925 4349 haec
2956 4295 3206 4350 edisserit
3232 4295 3418 4350 dicens
3444 4316 3456 4349 :

1931 4393 2142 4459 Quanta
2173 4390 2464 4444 audivimus
2491 4398 2537 4443 et
2562 4389 2889 4458 cognouimus
2920 4402 3001 4439 sa.
3038 4384 3309 4454 Siquidem
3335 4401 3457 4439 cum

1931 4472 2184 4554 populum
2230 4496 2385 4536 suum
2422 4480 2727 4541 advocaret,
2762 4492 2823 4532 ac
2868 4477 3136 4548 propriam
3159 4476 3260 4544 ipsi
3291 4476 3460 4544 legem

1932 4578 2273 4643 proponeret,
2324 4570 2679 4637 invitaretque
2721 4574 2780 4621 ut
2821 4567 3140 4620 inclinarent
3182 4578 3366 4617 aurem
3391 4562 3459 4616 ad

280 4666 341 4719 τὸ
366 4661 457 4729 οὖς
481 4667 592 4728 τοῖς
616 4662 772 4718 αὑτοῦ
808 4664 1028 4734 ῥήμασι,
1065 4662 1160 4714 σὺν
1190 4659 1468 4733 αύθεντεία
1496 4662 1743 4734 βασιλικῇ
1772 4662 1829 4727 ἐξ
1855 4666 1904 4725 D
1928 4681 1976 4719 νε

1772 4662 1829 4727 ἐξ
1855 4666 1904 4725 D
1928 4664 2093 4719 verba
2128 4676 2246 4725 sua,
2277 4646 2596 4715 auctoritate
2632 4658 2776 4727 regia
2818 4672 2885 4710 ex
2924 4657 3084 4710 unius
3116 4667 3344 4725 persona
3364 4654 3459 4707 ad-

282 4755 397 4820 ἐνὸς
426 4754 712 4827 προσώπου
738 4752 1064 4825 προεφέρετο
1085 4751 1182 4822 τὴν
1210 4752 1576 4820 παραγγελίαν
1593 4770 1606 4782 ·
1630 4752 1725 4806 νῦν
1745 4753 1821 4815 δὲ,

280 4847 367 4899 δτε
385 4846 493 4900 τῶν
517 4845 753 4900 παλαιῶν
780 4845 1217 4915 ἀναγνωσμάτων
1234 4845 1575 4914 ἐπιτέμνεται
1599 4845 1696 4915 τὴν
1719 4844 1826 4913 διή·

281 4955 459 5015 γησιν,
495 4940 783 4992 κοινοποιεϊ
808 4938 896 4991 τὸν
924 4936 1075 5004 λόγον
1104 4936 1525 5006 ὑπομιμνήσκων
1555 4933 1624 4986 τὰ
1661 4934 1823 4987 πάλαι

281 5031 662 5101 πεπραγμένα,
682 5030 774 5084 καὶ
793 5029 866 5094 ὡς
884 5028 949 5083 ἂν
976 5030 1083 5093 τοῖς
1106 5029 1237 5081 πᾶσι
1254 5026 1500 5099 γνώριμα
1520 5024 1824 5094 ἐπαναλαμ-

280 5121 453 5177 δάνων
480 5123 548 5176 τὰ
579 5121 686 5176 ἀπὸ
712 5121 807 5194 τῆς
843 5119 1111 5189 ἱστορικῆς
1139 5118 1356 5189 Γραφῆς
1388 5114 1699 5187 δηλούμενα.
1736 5116 1826 5167 Διό

281 5228 442 5285 φησιν
454 5228 468 5242 ο
490 5212 635 5265 Ὅσα
654 5212 997 5279 ἠκούσαμεν
1009 5208 1105 5263 καί
1127 5208 1387 5278 ἔγνωμεν
1404 5203 1571 5259 αὐτά.
1589 5204 1662 5257 Οὐ
1694 5204 1824 5256 πάν-

277 5314 386 5353 των
415 5296 472 5351 δέ
505 5299 620 5349 ἐστι
643 5297 704 5349 τὸ
732 5297 946 5352 ἀκούειν
984 5298 1075 5351 καὶ
1109 5294 1404 5366 γινώσκειν,
1434 5291 1545 5347 ἀλλ’
1576 5290 1610 5362 ἢ
1652 5292 1821 5362 μόνων

279 5393 386 5457 τῶν
415 5387 857 5453 συνιέντωντοὺς
904 5389 1111 5458 λόγους.
1143 5387 1238 5441 Διὸ
1278 5376 1372 5441 καὶ
1407 5386 1437 5438 ὀ
1459 5383 1715 5446 Φίλιππος
1746 5382 1824 5455 τῷ

278 5479 514 5551 εὐνούχῳ
541 5476 722 5547 ελεγον
738 5494 751 5507 ο
780 5472 943 5550 Ἀρα,
968 5477 1274 5549 γινώσκεις
1300 5476 1340 5532 ἁ
1367 5473 1823 5544 ἀναγινώσκεις-ς

292 5573 427 5627 Ἀλλ’
457 5569 576 5624 οὐδὲ
605 5557 843 5622 «actual
863 5570 1101 5641 πατέρες»
1124 5568 1462 5646 διηγήσαντο.
1494 5564 1607 5635 ρύκ
1631 5562 1824 5633 ἔχομεν

278 5665 408 5733 γοῦν
440 5664 600 5738 ἡμεῖς
630 5661 679 5714 οἰ
717 5658 775 5726 ἐξ
806 5658 971 5713 ἐθνῶν
1006 5659 1084 5730 τῷ
1108 5650 1251 5733 θείῳ
1272 5648 1413 5728 λόγῳ
1443 5648 1822 5728 προσελθόντες

279 5756 623 5818 διδασκάλους
685 5750 1084 5821 ἐπιγράψασθαι
1128 5751 1241 5806 τῶν
1279 5750 1435 5805 θείων
1493 5742 1821 5818 μαθημάτων

1929 4754 2274 4821 monitionem
2309 4751 2649 4821 proferebat;
2688 4760 2830 4799 nunc
2861 4760 2986 4799 vero
3031 4759 3152 4797 cum
3208 4743 3459 4812 antiqua-

1930 4857 2049 4897 rum
2066 4841 2354 4896 lectionum
2384 4837 2747 4892 narrationem
2778 4833 3094 4903 compendio
3128 4832 3312 4895 refert,
3342 4847 3459 4910 ser-
3490 4900 3497 4903 _

1930 4932 2141 4985 manem
2190 4928 2349 4998 quasi
2406 4927 2462 4980 in
2537 4924 2812 4981 communi
2864 4924 3130 4988 enuntiat,
3185 4918 3455 4973 illa"oliin

1931 5028 2079 5091 gesta
2110 5026 2556 5078 commemorans,
2582 5021 2635 5069 et
2663 5028 2782 5083 quae
2811 5012 2867 5066 in
2903 5010 3126 5065 historia
3162 5007 3460 5090 Scriptura

1930 5106 2175 5160 feruntur
2226 5117 2328 5158 ceu
2391 5103 2643 5158 omnibus
2717 5112 2843 5155 nota
2918 5113 3215 5155 resumens.
3279 5094 3459 5161 Quare

1927 5196 2001 5249 ait
2041 5211 2056 5248 :
2107 5193 2318 5265 Quanta
2383 5192 2676 5245 audivimus
2733 5198 2782 5244 et
2846 5189 3173 5259 cognovimus
3225 5202 3304 5239 ea.
3339 5183 3458 5239 Non

1925 5285 2161 5355 omnium
2186 5293 2350 5354 porro
2379 5292 2463 5339 est
2484 5283 2668 5339 audire
2699 5288 2752 5335 et
2784 5292 3127 5350 cognoscere,
3150 5275 3241 5331 sed
3270 5289 3459 5328 eorum

1922 5356 2132 5433 tantum
2162 5376 2271 5443 qui
2294 5388 2596 5429 sermonem
2643 5370 2968 5440 intelligunt.
2999 5366 3202 5422 Idcirco
3244 5365 3457 5419 dicebat

1924 5467 2169 5524 eunucho
2194 5464 2472 5537 Philippus
2502 5482 2515 5517 :
2553 5462 2784 5515 Putasne
2822 5446 3070 5539 intelligis
3098 5472 3213 5527 qua:
3250 5456 3375 5524 legis
3402 5455 3459 5505 '?

1926 5558 2029 5614 Sed
2058 5572 2166 5611 non
2193 5557 2446 5630 omnibus
2473 5567 2759 5609 narravere
2791 5551 3006 5623 patres.'
3021 5545 3131 5605 Nos
3160 5550 3337 5619 itaque
3364 5548 3457 5618 qui

1923 5664 1989 5703 cx
2011 5630 2259 5718 gentibus
2281 5647 2348 5700 ad
2378 5645 2615 5699 divinum
2646 5643 2869 5697 verbum
2909 5640 3256 5703 accessimus,
3279 5646 3455 5709 patres

1914 5750 2133 5795 nostros
2158 5727 2452 5792 secundum
2493 5751 2707 5792 carnem
2743 5734 3047 5789 divinarum
3090 5731 3247 5789 nobis
3272 5729 3456 5786 diari-

350 5913 373 5943 '
406 5909 547 5965 Psal.
582 5920 781 5970 usui,
822 5913 871 5959 t.
945 5904 970 5937 ⁸
1004 5903 1190 5960 Matth.
1222 5921 1385 5973 mn,
1419 5905 1505 5955 ἴτ’.
1578 5902 1598 5933 '
1636 5895 1823 5954 ﬂatth.
1857 5912 1896 5959 1.
1929 5896 1981 5949 1.
2038 5960 2046 5967 α

822 5913 871 5959 ι.
945 5904 970 5937 ⁸
1004 5903 1190 5960 Matth.
1222 5921 1385 5973 mn,
1419 5905 1505 5955 '57.
1578 5902 1598 5933 ν
1636 5895 1823 5954 Matth.
1857 5912 1896 5959 1,
1929 5896 1981 5949 1.
2038 5893 2076 5967 ,⁸
2100 5891 2216 5946 Act.
2246 5904 2367 5959 vin,
2396 5891 2484 5948 30.

594 5996 861 6077 Ρηςιιοι..
900 5988 1013 6055 (in.
1051 5992 1281 6056 XXIII.

3065 5979 3145 6037 29
