  <div class='ocr_page' id='page_1' title='image "/cluster/home/n/w/nwhite01/storage/ocr_20150623/23/coo.31924054873041/469.png"; bbox 0 0 4294 6410; ppageno 0'>
   <div class='ocr_carea' id='block_1_1' title="bbox 846 529 950 584">
    <p class='ocr_par' dir='ltr' id='par_1_1' title="bbox 846 529 950 584">
     <span class='ocr_line' id='line_1_1' title="bbox 846 529 950 584; baseline -0.019 -1"><span class='ocrx_word' id='word_1_1' title='bbox 846 529 950 584; x_wconf 79' lang='grc'><strong>907</strong></span> 
     </span>
    </p>
   </div>
   <div class='ocr_carea' id='block_1_2' title="bbox 1472 525 3353 583">
    <p class='ocr_par' dir='ltr' id='par_1_2' title="bbox 1472 525 3353 583">
     <span class='ocr_line' id='line_1_2' title="bbox 1472 525 3353 583; baseline 0.001 -4"><span class='ocrx_word' id='word_1_2' title='bbox 1472 525 1738 582; x_wconf 78' lang='lat' dir='ltr'><strong>EL&#39;SEBll</strong></span> <span class='ocrx_word' id='word_1_3' title='bbox 1775 525 2249 583; x_wconf 66' lang='lat' dir='ltr'><strong>CESARIENSIS</strong></span> <span class='ocrx_word' id='word_1_4' title='bbox 2284 526 2432 583; x_wconf 87' lang='lat' dir='ltr'><strong>OPP.</strong></span> <span class='ocrx_word' id='word_1_5' title='bbox 2473 526 2653 582; x_wconf 79' lang='lat' dir='ltr'><strong>PARS</strong></span> <span class='ocrx_word' id='word_1_6' title='bbox 2690 525 2773 581; x_wconf 84' lang='lat' dir='ltr'><strong>Ill.</strong></span> <span class='ocrx_word' id='word_1_7' title='bbox 2813 556 2883 566; x_wconf 90' lang='lat'><strong>—</strong></span> <span class='ocrx_word' id='word_1_8' title='bbox 2919 525 3353 582; x_wconf 57' lang='lat' dir='ltr'><strong>EXEGETICA.&#39;</strong></span> 
     </span>
    </p>
   </div>
   <div class='ocr_carea' id='block_1_3' title="bbox 3952 533 4062 588">
    <p class='ocr_par' dir='ltr' id='par_1_3' title="bbox 3952 533 4062 588">
     <span class='ocr_line' id='line_1_3' title="bbox 3952 533 4062 588; baseline -0.018 0"><span class='ocrx_word' id='word_1_9' title='bbox 3952 533 4062 588; x_wconf 84' lang='lat'><strong>908</strong></span> 
     </span>
    </p>
   </div>
   <div class='ocr_carea' id='block_1_4' title="bbox 840 643 2536 723">
    <p class='ocr_par' dir='ltr' id='par_1_4' title="bbox 840 647 2536 723">
     <span class='ocr_line' id='line_1_4' title="bbox 840 647 2536 723; baseline -0.002 -20"><span class='ocrx_word' id='word_1_10' title='bbox 840 654 1107 723; x_wconf 87' lang='lat' dir='ltr'><strong>plinarum</strong></span> <span class='ocrx_word' id='word_1_11' title='bbox 1129 649 1412 718; x_wconf 87' lang='lat' dir='ltr'><strong>magistros</strong></span> <span class='ocrx_word' id='word_1_12' title='bbox 1437 647 1708 702; x_wconf 85' lang='lat' dir='ltr'><strong>ascribere</strong></span> <span class='ocrx_word' id='word_1_13' title='bbox 1731 662 1839 701; x_wconf 93' lang='lat' dir='ltr'><strong>non</strong></span> <span class='ocrx_word' id='word_1_14' title='bbox 1865 663 2184 717; x_wconf 90' lang='lat' dir='ltr'><strong>possumus;</strong></span> <span class='ocrx_word' id='word_1_15' title='bbox 2210 663 2395 702; x_wconf 84' lang='lat' dir='ltr'><strong>verum</strong></span> <span class='ocrx_word' id='word_1_16' title='bbox 2427 651 2468 708; x_wconf 79' lang='grc' dir='ltr'><strong>Α</strong></span> <span class='ocrx_word' id='word_1_17' title='bbox 2498 665 2536 699; x_wconf 76' lang='grc' dir='ltr'><strong>τι</strong></span> 
     </span>
    </p>
   </div>
   <div class='ocr_carea' id='block_1_5' title="bbox 2365 643 4061 723">
    <p class='ocr_par' dir='ltr' id='par_1_5' title="bbox 2365 643 4061 717">
     <span class='ocr_line' id='line_1_5' title="bbox 2365 643 4061 717; baseline 0.002 -18"><span class='ocrx_word' id='word_1_18' title='bbox 2365 663 2395 700; x_wconf 92' lang='lat' dir='ltr'><strong>n</strong></span> <span class='ocrx_word' id='word_1_19' title='bbox 2427 651 2468 708; x_wconf 78' lang='grc' dir='ltr'><strong>Α</strong></span> <span class='ocrx_word' id='word_1_20' title='bbox 2498 647 2620 710; x_wconf 73' lang='grc' dir='ltr'>τοὺς</span> <span class='ocrx_word' id='word_1_21' title='bbox 2650 645 2787 699; x_wconf 83' lang='grc' dir='ltr'>κατὰ</span> <span class='ocrx_word' id='word_1_22' title='bbox 2814 645 2990 716; x_wconf 80' lang='grc' dir='ltr'>σάρκα</span> <span class='ocrx_word' id='word_1_23' title='bbox 3022 645 3293 714; x_wconf 80' lang='grc' dir='ltr'><strong>πατέρας·</strong></span> <span class='ocrx_word' id='word_1_24' title='bbox 3321 643 3432 696; x_wconf 79' lang='grc' dir='ltr'>ἀλλ’</span> <span class='ocrx_word' id='word_1_25' title='bbox 3457 644 3484 697; x_wconf 81' lang='grc' dir='ltr'>ὅ</span> <span class='ocrx_word' id='word_1_26' title='bbox 3515 662 3575 713; x_wconf 89' lang='grc' dir='ltr'><strong>γε</strong></span> <span class='ocrx_word' id='word_1_27' title='bbox 3602 647 3788 717; x_wconf 74' lang='grc' dir='ltr'>Σωτὴρ</span> <span class='ocrx_word' id='word_1_28' title='bbox 3815 647 3873 712; x_wconf 77' lang='grc' dir='ltr'><strong>ἐξ</strong></span> <span class='ocrx_word' id='word_1_29' title='bbox 3895 651 4061 703; x_wconf 79' lang='grc' dir='ltr'>αὐτοῦ</span> 
     </span>
    </p>
   </div>
   <div class='ocr_carea' id='block_1_6' title="bbox 843 738 2394 807">
    <p class='ocr_par' dir='ltr' id='par_1_6' title="bbox 843 738 2394 807">
     <span class='ocr_line' id='line_1_6' title="bbox 843 738 2394 807; baseline -0.002 -14"><span class='ocrx_word' id='word_1_30' title='bbox 843 739 1097 793; x_wconf 86' lang='lat' dir='ltr'><strong>Servator</strong></span> <span class='ocrx_word' id='word_1_31' title='bbox 1121 752 1243 792; x_wconf 91' lang='lat' dir='ltr'><strong>cum</strong></span> <span class='ocrx_word' id='word_1_32' title='bbox 1281 753 1341 791; x_wconf 77' lang='lat' dir='ltr'><strong>ex</strong></span> <span class='ocrx_word' id='word_1_33' title='bbox 1376 753 1471 791; x_wconf 88' lang='lat' dir='ltr'><strong>sua</strong></span> <span class='ocrx_word' id='word_1_34' title='bbox 1509 745 1621 790; x_wconf 91' lang='lat' dir='ltr'><strong>tum</strong></span> <span class='ocrx_word' id='word_1_35' title='bbox 1643 753 1708 791; x_wconf 84' lang='lat' dir='ltr'><strong>ex</strong></span> <span class='ocrx_word' id='word_1_36' title='bbox 1731 739 2122 807; x_wconf 73' lang='lat' dir='ltr'><strong>apostolorum,</strong></span> <span class='ocrx_word' id='word_1_37' title='bbox 2153 738 2394 806; x_wconf 90' lang='lat' dir='ltr'><strong>discipu-</strong></span> 
     </span>
    </p>
   </div>
   <div class='ocr_carea' id='block_1_7' title="bbox 844 827 2394 898">
    <p class='ocr_par' dir='ltr' id='par_1_7' title="bbox 844 827 2394 898">
     <span class='ocr_line' id='line_1_7' title="bbox 844 827 2394 898; baseline 0.001 -17"><span class='ocrx_word' id='word_1_38' title='bbox 844 830 1011 882; x_wconf 87' lang='lat' dir='ltr'><strong>lorum</strong></span> <span class='ocrx_word' id='word_1_39' title='bbox 1035 835 1086 882; x_wconf 91' lang='lat' dir='ltr'><strong>et</strong></span> <span class='ocrx_word' id='word_1_40' title='bbox 1115 827 1567 896; x_wconf 87' lang='lat' dir='ltr'><strong>evangelistarum</strong></span> <span class='ocrx_word' id='word_1_41' title='bbox 1601 843 1845 890; x_wconf 85' lang='lat' dir='ltr'><strong>suorum,</strong></span> <span class='ocrx_word' id='word_1_42' title='bbox 1864 829 1954 897; x_wconf 89' lang='lat' dir='ltr'><strong>qui</strong></span> <span class='ocrx_word' id='word_1_43' title='bbox 1983 827 2174 883; x_wconf 87' lang='lat' dir='ltr'><strong>iisdem</strong></span> <span class='ocrx_word' id='word_1_44' title='bbox 2199 829 2394 898; x_wconf 81' lang='lat' dir='ltr'><strong>quibus</strong></span> 
     </span>
    </p>
   </div>
   <div class='ocr_carea' id='block_1_8' title="bbox 841 917 2394 990">
    <p class='ocr_par' dir='ltr' id='par_1_8' title="bbox 841 917 2394 990">
     <span class='ocr_line' id='line_1_8' title="bbox 841 917 2394 990; baseline 0.002 -21"><span class='ocrx_word' id='word_1_45' title='bbox 841 919 955 986; x_wconf 91' lang='lat' dir='ltr'><strong>ipse</strong></span> <span class='ocrx_word' id='word_1_46' title='bbox 973 918 1214 986; x_wconf 87' lang='lat' dir='ltr'><strong>patribus</strong></span> <span class='ocrx_word' id='word_1_47' title='bbox 1237 917 1532 971; x_wconf 90' lang='lat' dir='ltr'><strong>secundum</strong></span> <span class='ocrx_word' id='word_1_48' title='bbox 1556 933 1774 971; x_wconf 88' lang='lat' dir='ltr'><strong>carnem</strong></span> <span class='ocrx_word' id='word_1_49' title='bbox 1798 920 2062 989; x_wconf 72' lang='lat' dir='ltr'><strong>progeniti</strong></span> <span class='ocrx_word' id='word_1_50' title='bbox 2094 927 2239 982; x_wconf 87' lang='lat' dir='ltr'><strong>sunt,</strong></span> <span class='ocrx_word' id='word_1_51' title='bbox 2268 936 2394 990; x_wconf 90' lang='lat' dir='ltr'><strong>per-</strong></span> 
     </span>
    </p>
   </div>
   <div class='ocr_carea' id='block_1_9' title="bbox 840 1006 2394 1076">
    <p class='ocr_par' dir='ltr' id='par_1_9' title="bbox 840 1006 2394 1076">
     <span class='ocr_line' id='line_1_9' title="bbox 840 1006 2394 1076; baseline 0 -16"><span class='ocrx_word' id='word_1_52' title='bbox 840 1023 994 1068; x_wconf 89' lang='lat' dir='ltr'><strong>sona,</strong></span> <span class='ocrx_word' id='word_1_53' title='bbox 1028 1007 1125 1061; x_wconf 87' lang='lat' dir='ltr'><strong>has</strong></span> <span class='ocrx_word' id='word_1_54' title='bbox 1164 1006 1368 1076; x_wconf 77' lang='lat' dir='ltr'><strong>profert</strong></span> <span class='ocrx_word' id='word_1_55' title='bbox 1404 1022 1567 1062; x_wconf 88' lang='lat' dir='ltr'><strong>voces</strong></span> <span class='ocrx_word' id='word_1_56' title='bbox 1593 1028 1605 1063; x_wconf 94' lang='lat'>:</span> <span class='ocrx_word' id='word_1_57' title='bbox 1635 1008 1849 1073; x_wconf 83' lang='lat' dir='ltr'><strong>Quanta</strong></span> <span class='ocrx_word' id='word_1_58' title='bbox 1881 1009 2176 1062; x_wconf 75' lang='lat' dir='ltr'><strong>audivimus</strong></span> <span class='ocrx_word' id='word_1_59' title='bbox 2219 1018 2266 1061; x_wconf 90' lang='lat' dir='ltr'><strong>et</strong></span> <span class='ocrx_word' id='word_1_60' title='bbox 2307 1026 2394 1061; x_wconf 82' lang='lat' dir='ltr'><strong>co—</strong></span> 
     </span>
    </p>
   </div>
   <div class='ocr_carea' id='block_1_10' title="bbox 836 1099 2395 1167">
    <p class='ocr_par' dir='ltr' id='par_1_10' title="bbox 836 1099 2395 1167">
     <span class='ocr_line' id='line_1_10' title="bbox 836 1099 2395 1167; baseline 0.003 -17"><span class='ocrx_word' id='word_1_61' title='bbox 836 1099 1103 1167; x_wconf 84' lang='lat' dir='ltr'><strong>gnovimus</strong></span> <span class='ocrx_word' id='word_1_62' title='bbox 1120 1114 1201 1162; x_wconf 83' lang='lat' dir='ltr'><strong>ea,</strong></span> <span class='ocrx_word' id='word_1_63' title='bbox 1223 1108 1270 1152; x_wconf 89' lang='lat' dir='ltr'><strong>et</strong></span> <span class='ocrx_word' id='word_1_64' title='bbox 1295 1107 1468 1166; x_wconf 91' lang='lat' dir='ltr'><strong>patres</strong></span> <span class='ocrx_word' id='word_1_65' title='bbox 1497 1099 1663 1152; x_wconf 84' lang='lat' dir='ltr'><strong>nostri</strong></span> <span class='ocrx_word' id='word_1_66' title='bbox 1689 1109 2034 1152; x_wconf 78' lang='lat' dir='ltr'><strong>narraverunt</strong></span> <span class='ocrx_word' id='word_1_67' title='bbox 2053 1099 2248 1153; x_wconf 84' lang='lat' dir='ltr'><strong>nobis?</strong></span> <span class='ocrx_word' id='word_1_68' title='bbox 2273 1099 2395 1154; x_wconf 66' lang='lat' dir='ltr'><strong>Haec</strong></span> 
     </span>
    </p>
   </div>
   <div class='ocr_carea' id='block_1_11' title="bbox 834 1189 2392 1261">
    <p class='ocr_par' dir='ltr' id='par_1_11' title="bbox 834 1189 2392 1261">
     <span class='ocr_line' id='line_1_11' title="bbox 834 1189 2392 1261; baseline 0.001 -20"><span class='ocrx_word' id='word_1_69' title='bbox 834 1190 976 1242; x_wconf 75' lang='lat' dir='ltr'><strong>cnim</strong></span> <span class='ocrx_word' id='word_1_70' title='bbox 1025 1189 1127 1259; x_wconf 89' lang='lat' dir='ltr'><strong>ipsi</strong></span> <span class='ocrx_word' id='word_1_71' title='bbox 1161 1205 1190 1242; x_wconf 92' lang='lat' dir='ltr'><strong>a</strong></span> <span class='ocrx_word' id='word_1_72' title='bbox 1219 1190 1464 1258; x_wconf 88' lang='lat' dir='ltr'><strong>patrihus</strong></span> <span class='ocrx_word' id='word_1_73' title='bbox 1499 1198 1718 1260; x_wconf 85' lang='lat' dir='ltr'><strong>accepta</strong></span> <span class='ocrx_word' id='word_1_74' title='bbox 1749 1191 1906 1244; x_wconf 88' lang='lat' dir='ltr'><strong>nobis</strong></span> <span class='ocrx_word' id='word_1_75' title='bbox 1944 1206 2007 1242; x_wconf 82' lang='lat' dir='ltr'><strong>ex</strong></span> <span class='ocrx_word' id='word_1_76' title='bbox 2037 1190 2275 1261; x_wconf 87' lang='lat' dir='ltr'><strong>gentium</strong></span> <span class='ocrx_word' id='word_1_77' title='bbox 2307 1205 2392 1243; x_wconf 85' lang='lat' dir='ltr'><strong>se-</strong></span> 
     </span>
    </p>
   </div>
   <div class='ocr_carea' id='block_1_12' title="bbox 833 1280 2391 1350">
    <p class='ocr_par' dir='ltr' id='par_1_12' title="bbox 833 1280 2391 1350">
     <span class='ocr_line' id='line_1_12' title="bbox 833 1280 2391 1350; baseline 0.001 -17"><span class='ocrx_word' id='word_1_78' title='bbox 833 1281 976 1334; x_wconf 87' lang='lat' dir='ltr'><strong>mine</strong></span> <span class='ocrx_word' id='word_1_79' title='bbox 1001 1280 1156 1342; x_wconf 90' lang='lat' dir='ltr'><strong>ortis,</strong></span> <span class='ocrx_word' id='word_1_80' title='bbox 1177 1288 1234 1333; x_wconf 92' lang='lat' dir='ltr'><strong>ut</strong></span> <span class='ocrx_word' id='word_1_81' title='bbox 1259 1281 1481 1350; x_wconf 89' lang='lat' dir='ltr'><strong>ignaris,</strong></span> <span class='ocrx_word' id='word_1_82' title='bbox 1500 1281 1921 1342; x_wconf 87' lang='lat' dir='ltr'><strong>annuntiabunt,</strong></span> <span class='ocrx_word' id='word_1_83' title='bbox 1939 1281 2314 1349; x_wconf 90' lang='lat' dir='ltr'><strong>docebuntq-ue</strong></span> <span class='ocrx_word' id='word_1_84' title='bbox 2329 1296 2391 1334; x_wconf 88' lang='lat' dir='ltr'><strong>ea</strong></span> 
     </span>
    </p>
   </div>
   <div class='ocr_carea' id='block_1_13' title="bbox 833 1369 2392 1440">
    <p class='ocr_par' dir='ltr' id='par_1_13' title="bbox 833 1369 2392 1440">
     <span class='ocr_line' id='line_1_13' title="bbox 833 1369 2392 1440; baseline 0.001 -18"><span class='ocrx_word' id='word_1_85' title='bbox 833 1385 952 1439; x_wconf 77' lang='lat' dir='ltr'><strong>qua:</strong></span> <span class='ocrx_word' id='word_1_86' title='bbox 1001 1371 1240 1439; x_wconf 86' lang='lat' dir='ltr'><strong>antiquis</strong></span> <span class='ocrx_word' id='word_1_87' title='bbox 1285 1369 1392 1424; x_wconf 86' lang='lat' dir='ltr'><strong>illis</strong></span> <span class='ocrx_word' id='word_1_88' title='bbox 1420 1370 1792 1440; x_wconf 89' lang='lat' dir='ltr'><strong>contigerunt;</strong></span> <span class='ocrx_word' id='word_1_89' title='bbox 1818 1385 1936 1439; x_wconf 70' lang='lat' dir='ltr'><strong>quae</strong></span> <span class='ocrx_word' id='word_1_90' title='bbox 1967 1385 1996 1422; x_wconf 87' lang='lat' dir='ltr'><strong>a</strong></span> <span class='ocrx_word' id='word_1_91' title='bbox 2026 1370 2268 1439; x_wconf 91' lang='lat' dir='ltr'><strong>patribus</strong></span> <span class='ocrx_word' id='word_1_92' title='bbox 2299 1384 2392 1438; x_wconf 89' lang='lat' dir='ltr'><strong>per</strong></span> 
     </span>
    </p>
   </div>
   <div class='ocr_carea' id='block_1_14' title="bbox 833 1452 2390 1532">
    <p class='ocr_par' dir='ltr' id='par_1_14' title="bbox 833 1452 2390 1532">
     <span class='ocr_line' id='line_1_14' title="bbox 833 1452 2390 1532; baseline 0 -16"><span class='ocrx_word' id='word_1_93' title='bbox 833 1462 1234 1517; x_wconf 89' lang='lat' dir='ltr'><strong>successionem</strong></span> <span class='ocrx_word' id='word_1_94' title='bbox 1260 1460 1383 1517; x_wconf 81' lang='lat' dir='ltr'><strong>ﬁliis</strong></span> <span class='ocrx_word' id='word_1_95' title='bbox 1415 1461 1631 1525; x_wconf 86' lang='lat' dir='ltr'><strong>tradita,</strong></span> <span class='ocrx_word' id='word_1_96' title='bbox 1669 1452 1721 1516; x_wconf 80' lang='lat' dir='ltr'><strong>et</strong></span> <span class='ocrx_word' id='word_1_97' title='bbox 1749 1477 1966 1517; x_wconf 87' lang='lat' dir='ltr'><strong>rursum</strong></span> <span class='ocrx_word' id='word_1_98' title='bbox 1999 1477 2118 1532; x_wconf 69' lang='lat' dir='ltr'><strong>qua:</strong></span> <span class='ocrx_word' id='word_1_99' title='bbox 2154 1462 2221 1514; x_wconf 85' lang='lat' dir='ltr'><strong>ab</strong></span> <span class='ocrx_word' id='word_1_100' title='bbox 2240 1462 2390 1516; x_wconf 89' lang='lat' dir='ltr'><strong>hisce</strong></span> 
     </span>
    </p>
   </div>
   <div class='ocr_carea' id='block_1_15' title="bbox 832 1552 2391 1627">
    <p class='ocr_par' dir='ltr' id='par_1_15' title="bbox 832 1552 2391 1627">
     <span class='ocr_line' id='line_1_15' title="bbox 832 1552 2391 1627; baseline 0 -21"><span class='ocrx_word' id='word_1_101' title='bbox 832 1555 897 1608; x_wconf 83' lang='lat' dir='ltr'><strong>ad</strong></span> <span class='ocrx_word' id='word_1_102' title='bbox 933 1563 1177 1623; x_wconf 89' lang='lat' dir='ltr'><strong>posteros</strong></span> <span class='ocrx_word' id='word_1_103' title='bbox 1196 1554 1619 1617; x_wconf 83' lang='lat' dir='ltr'><strong>trausmissa,ex</strong></span> <span class='ocrx_word' id='word_1_104' title='bbox 1647 1555 1840 1623; x_wconf 85' lang='lat' dir='ltr'><strong>hisque</strong></span> <span class='ocrx_word' id='word_1_105' title='bbox 1864 1555 2056 1627; x_wconf 82' lang='lat' dir='ltr'><strong>iterum</strong></span> <span class='ocrx_word' id='word_1_106' title='bbox 2091 1553 2156 1607; x_wconf 89' lang='lat' dir='ltr'><strong>ad</strong></span> <span class='ocrx_word' id='word_1_107' title='bbox 2177 1553 2312 1607; x_wconf 90' lang='lat' dir='ltr'><strong>lilios</strong></span> <span class='ocrx_word' id='word_1_108' title='bbox 2336 1552 2391 1606; x_wconf 87' lang='lat' dir='ltr'><strong>ﬁ-</strong></span> 
     </span>
    </p>
   </div>
   <div class='ocr_carea' id='block_1_16' title="bbox 831 1627 2384 1716">
    <p class='ocr_par' dir='ltr' id='par_1_16' title="bbox 831 1627 2384 1716">
     <span class='ocr_line' id='line_1_16' title="bbox 831 1627 2384 1716; baseline 0.001 -18"><span class='ocrx_word' id='word_1_109' title='bbox 831 1646 1026 1700; x_wconf 87' lang='lat' dir='ltr'><strong>liorum</strong></span> <span class='ocrx_word' id='word_1_110' title='bbox 1056 1645 1330 1699; x_wconf 68' lang='lat' dir='ltr'><strong>memoriae</strong></span> <span class='ocrx_word' id='word_1_111' title='bbox 1347 1627 1592 1702; x_wconf 86' lang='lat' dir='ltr'><strong>mandata</strong></span> <span class='ocrx_word' id='word_1_112' title='bbox 1625 1657 1770 1700; x_wconf 85' lang='lat' dir='ltr'><strong>sunt.</strong></span> <span class='ocrx_word' id='word_1_113' title='bbox 1790 1646 2127 1716; x_wconf 76' lang='lat' dir='ltr'><strong>Quapropter</strong></span> <span class='ocrx_word' id='word_1_114' title='bbox 2151 1647 2351 1699; x_wconf 82' lang='lat' dir='ltr'><strong>dicitur</strong></span> <span class='ocrx_word' id='word_1_115' title='bbox 2372 1663 2384 1700; x_wconf 94' lang='lat'>:</span> 
     </span>
    </p>
   </div>
   <div class='ocr_carea' id='block_1_17' title="bbox 829 1732 2405 1805">
    <p class='ocr_par' dir='ltr' id='par_1_17' title="bbox 829 1732 2405 1805">
     <span class='ocr_line' id='line_1_17' title="bbox 829 1732 2405 1805; baseline 0 -17"><span class='ocrx_word' id='word_1_116' title='bbox 829 1765 897 1774; x_wconf 90' lang='lat'><strong>——-</strong></span> <span class='ocrx_word' id='word_1_117' title='bbox 917 1734 1084 1789; x_wconf 66' lang='lat' dir='ltr'><strong>Vens.</strong></span> <span class='ocrx_word' id='word_1_118' title='bbox 1105 1735 1152 1787; x_wconf 81' lang='grc'>4.</span> <span class='ocrx_word' id='word_1_119' title='bbox 1180 1735 1301 1788; x_wconf 82' lang='lat' dir='ltr'><strong>Non</strong></span> <span class='ocrx_word' id='word_1_120' title='bbox 1320 1746 1438 1789; x_wconf 88' lang='lat' dir='ltr'><strong>sunt</strong></span> <span class='ocrx_word' id='word_1_121' title='bbox 1463 1737 1725 1790; x_wconf 89' lang='lat' dir='ltr'><strong>occultata</strong></span> <span class='ocrx_word' id='word_1_122' title='bbox 1747 1755 1776 1790; x_wconf 93' lang='lat' dir='ltr'><strong>a</strong></span> <span class='ocrx_word' id='word_1_123' title='bbox 1804 1736 1930 1804; x_wconf 80' lang='lat' dir='ltr'><strong>ﬁliis</strong></span> <span class='ocrx_word' id='word_1_124' title='bbox 1951 1753 2131 1790; x_wconf 89' lang='lat' dir='ltr'><strong>eorum</strong></span> <span class='ocrx_word' id='word_1_125' title='bbox 2153 1738 2206 1789; x_wconf 85' lang='lat' dir='ltr'><strong>in</strong></span> <span class='ocrx_word' id='word_1_126' title='bbox 2233 1732 2405 1805; x_wconf 50' lang='lat' dir='ltr'><strong>getae-5</strong></span> 
     </span>
    </p>
   </div>
   <div class='ocr_carea' id='block_1_18' title="bbox 829 1826 2386 1883">
    <p class='ocr_par' dir='ltr' id='par_1_18' title="bbox 829 1826 2386 1883">
     <span class='ocr_line' id='line_1_18' title="bbox 829 1826 2386 1883; baseline -0.001 -5"><span class='ocrx_word' id='word_1_127' title='bbox 829 1828 1030 1881; x_wconf 80' lang='lat' dir='ltr'><strong>ratione</strong></span> <span class='ocrx_word' id='word_1_128' title='bbox 1083 1827 1269 1881; x_wconf 85' lang='lat' dir='ltr'><strong>altera.</strong></span> <span class='ocrx_word' id='word_1_129' title='bbox 1305 1826 1602 1883; x_wconf 87' lang='lat' dir='ltr'><strong>Narrantes</strong></span> <span class='ocrx_word' id='word_1_130' title='bbox 1633 1827 1815 1881; x_wconf 84' lang='lat' dir='ltr'><strong>laudes</strong></span> <span class='ocrx_word' id='word_1_131' title='bbox 1849 1827 2059 1881; x_wconf 82' lang='lat' dir='ltr'><strong>Domini</strong></span> <span class='ocrx_word' id='word_1_132' title='bbox 2086 1837 2135 1881; x_wconf 89' lang='lat' dir='ltr'><strong>et</strong></span> <span class='ocrx_word' id='word_1_133' title='bbox 2174 1828 2386 1879; x_wconf 84' lang='lat' dir='ltr'><strong>virtutes</strong></span> 
     </span>
    </p>
   </div>
   <div class='ocr_carea' id='block_1_19' title="bbox 831 1916 2388 1990">
    <p class='ocr_par' dir='ltr' id='par_1_19' title="bbox 831 1916 2388 1990">
     <span class='ocr_line' id='line_1_19' title="bbox 831 1916 2388 1990; baseline -0.001 -20"><span class='ocrx_word' id='word_1_134' title='bbox 831 1916 965 1987; x_wconf 78' lang='lat' dir='ltr'><strong>ejus,</strong></span> <span class='ocrx_word' id='word_1_135' title='bbox 993 1930 1041 1974; x_wconf 91' lang='lat' dir='ltr'><strong>et</strong></span> <span class='ocrx_word' id='word_1_136' title='bbox 1065 1919 1336 1973; x_wconf 81' lang='lat' dir='ltr'><strong>mirabilia</strong></span> <span class='ocrx_word' id='word_1_137' title='bbox 1365 1921 1476 1989; x_wconf 83' lang='lat' dir='ltr'><strong>ejus</strong></span> <span class='ocrx_word' id='word_1_138' title='bbox 1512 1937 1627 1990; x_wconf 66' lang='lat' dir='ltr'><strong>quae</strong></span> <span class='ocrx_word' id='word_1_139' title='bbox 1657 1920 1796 1989; x_wconf 86' lang='lat' dir='ltr'><strong>fecit.</strong></span> <span class='ocrx_word' id='word_1_140' title='bbox 1832 1919 1996 1972; x_wconf 84' lang='lat' dir='ltr'><strong>Multa</strong></span> <span class='ocrx_word' id='word_1_141' title='bbox 2041 1919 2259 1988; x_wconf 86' lang='lat' dir='ltr'><strong>quidem</strong></span> <span class='ocrx_word' id='word_1_142' title='bbox 2288 1932 2388 1970; x_wconf 88' lang='lat' dir='ltr'><strong>no-</strong></span> 
     </span>
    </p>
   </div>
   <div class='ocr_carea' id='block_1_20' title="bbox 2498 734 4060 806">
    <p class='ocr_par' dir='ltr' id='par_1_20' title="bbox 2498 734 4060 806">
     <span class='ocr_line' id='line_1_20' title="bbox 2498 734 4060 806; baseline 0.004 -18"><span class='ocrx_word' id='word_1_143' title='bbox 2498 735 2782 805; x_wconf 80' lang='grc' dir='ltr'><strong>προσώπου</strong></span> <span class='ocrx_word' id='word_1_144' title='bbox 2817 737 2909 788; x_wconf 79' lang='grc' dir='ltr'><strong>καὶ</strong></span> <span class='ocrx_word' id='word_1_145' title='bbox 2940 735 3047 788; x_wconf 83' lang='grc' dir='ltr'><strong>τῶν</strong></span> <span class='ocrx_word' id='word_1_146' title='bbox 3081 734 3219 788; x_wconf 82' lang='grc' dir='ltr'><strong>κατὰ</strong></span> <span class='ocrx_word' id='word_1_147' title='bbox 3253 734 3430 806; x_wconf 86' lang='grc' dir='ltr'>σάρκα</span> <span class='ocrx_word' id='word_1_148' title='bbox 3461 738 3524 788; x_wconf 83' lang='grc' dir='ltr'>ὲκ</span> <span class='ocrx_word' id='word_1_149' title='bbox 3553 737 3657 788; x_wconf 80' lang='grc' dir='ltr'>τῶν</span> <span class='ocrx_word' id='word_1_150' title='bbox 3685 738 3862 792; x_wconf 79' lang='grc' dir='ltr'>αὐτῶν</span> <span class='ocrx_word' id='word_1_151' title='bbox 3894 743 4060 794; x_wconf 84' lang='grc' dir='ltr'>πατέ-</span> 
     </span>
    </p>
   </div>
   <div class='ocr_carea' id='block_1_21' title="bbox 2501 827 4062 900">
    <p class='ocr_par' dir='ltr' id='par_1_21' title="bbox 2501 827 4062 900">
     <span class='ocr_line' id='line_1_21' title="bbox 2501 827 4062 900; baseline 0.003 -22"><span class='ocrx_word' id='word_1_152' title='bbox 2501 844 2604 897; x_wconf 93' lang='grc' dir='ltr'><strong>ρων</strong></span> <span class='ocrx_word' id='word_1_153' title='bbox 2647 827 2947 896; x_wconf 84' lang='grc' dir='ltr'>γενομένων</span> <span class='ocrx_word' id='word_1_154' title='bbox 2995 828 3305 882; x_wconf 83' lang='grc' dir='ltr'>ἀποστόλων</span> <span class='ocrx_word' id='word_1_155' title='bbox 3346 827 3510 881; x_wconf 86' lang='grc' dir='ltr'>αὐτοῦ</span> <span class='ocrx_word' id='word_1_156' title='bbox 3558 830 3652 880; x_wconf 74' lang='grc' dir='ltr'><strong>καὶ</strong></span> <span class='ocrx_word' id='word_1_157' title='bbox 3685 829 3935 900; x_wconf 81' lang='grc' dir='ltr'><strong>μαθητῶν</strong></span> <span class='ocrx_word' id='word_1_158' title='bbox 3966 832 4062 884; x_wconf 76' lang='grc' dir='ltr'><strong>καὶ</strong></span> 
     </span>
    </p>
   </div>
   <div class='ocr_carea' id='block_1_22' title="bbox 2495 918 4057 991">
    <p class='ocr_par' dir='ltr' id='par_1_22' title="bbox 2495 918 4057 991">
     <span class='ocr_line' id='line_1_22' title="bbox 2495 918 4057 991; baseline 0.003 -22"><span class='ocrx_word' id='word_1_159' title='bbox 2495 918 2890 986; x_wconf 84' lang='grc' dir='ltr'>εὐαγγελιστῶν</span> <span class='ocrx_word' id='word_1_160' title='bbox 2919 919 3124 982; x_wconf 90' lang='grc' dir='ltr'>ταύτας</span> <span class='ocrx_word' id='word_1_161' title='bbox 3157 920 3485 991; x_wconf 61' lang='grc' dir='ltr'>προφέρεται</span> <span class='ocrx_word' id='word_1_162' title='bbox 3512 920 3610 983; x_wconf 82' lang='grc' dir='ltr'>τὰς</span> <span class='ocrx_word' id='word_1_163' title='bbox 3643 921 3822 989; x_wconf 64' lang='grc' dir='ltr'>φωνὰς</span> <span class='ocrx_word' id='word_1_164' title='bbox 3849 919 4025 990; x_wconf 90' lang='grc' dir='ltr'>λέγων</span> <span class='ocrx_word' id='word_1_165' title='bbox 4043 939 4057 952; x_wconf 72' lang='grc' dir='ltr'><strong>ο</strong></span> 
     </span>
    </p>
   </div>
   <div class='ocr_carea' id='block_1_23' title="bbox 2499 1011 4062 1080">
    <p class='ocr_par' dir='ltr' id='par_1_23' title="bbox 2499 1011 4062 1080">
     <span class='ocr_line' id='line_1_23' title="bbox 2499 1011 4062 1080; baseline 0.003 -19"><span class='ocrx_word' id='word_1_166' title='bbox 2499 1011 2643 1064; x_wconf 86' lang='grc' dir='ltr'><strong>Ὅσα</strong></span> <span class='ocrx_word' id='word_1_167' title='bbox 2671 1011 3019 1080; x_wconf 79' lang='grc' dir='ltr'>ἠκούσαμεν</span> <span class='ocrx_word' id='word_1_168' title='bbox 3049 1011 3143 1063; x_wconf 81' lang='grc' dir='ltr'>καὶ</span> <span class='ocrx_word' id='word_1_169' title='bbox 3175 1011 3436 1079; x_wconf 74' lang='grc' dir='ltr'>ἔγνωμεν</span> <span class='ocrx_word' id='word_1_170' title='bbox 3461 1011 3631 1074; x_wconf 82' lang='grc' dir='ltr'>αὐτὰ,</span> <span class='ocrx_word' id='word_1_171' title='bbox 3664 1013 3759 1065; x_wconf 79' lang='grc' dir='ltr'>καὶ</span> <span class='ocrx_word' id='word_1_172' title='bbox 3793 1015 3848 1064; x_wconf 88' lang='grc' dir='ltr'>οὶ</span> <span class='ocrx_word' id='word_1_173' title='bbox 3883 1013 4062 1067; x_wconf 79' lang='grc' dir='ltr'>πατέ-</span> 
     </span>
    </p>
   </div>
   <div class='ocr_carea' id='block_1_24' title="bbox 2487 1099 4059 1179">
    <p class='ocr_par' dir='ltr' id='par_1_24' title="bbox 2487 1099 4059 1179">
     <span class='ocr_line' id='line_1_24' title="bbox 2487 1099 4059 1179; baseline 0.007 -29"><span class='ocrx_word' id='word_1_174' title='bbox 2487 1115 2590 1165; x_wconf 87' lang='grc' dir='ltr'><strong>ρες</strong></span> <span class='ocrx_word' id='word_1_175' title='bbox 2609 1099 2774 1168; x_wconf 78' lang='grc' dir='ltr'>ἡμῶν</span> <span class='ocrx_word' id='word_1_176' title='bbox 2802 1100 3167 1168; x_wconf 68' lang='grc' dir='ltr'><strong>διηγήσαντο</strong></span> <span class='ocrx_word' id='word_1_177' title='bbox 3194 1102 3368 1170; x_wconf 79' lang='grc' dir='ltr'>ἠμῐν;</span> <span class='ocrx_word' id='word_1_178' title='bbox 3390 1103 3568 1156; x_wconf 89' lang='grc' dir='ltr'>Ταῦτα</span> <span class='ocrx_word' id='word_1_179' title='bbox 3591 1104 3696 1175; x_wconf 83' lang='grc' dir='ltr'>γὰρ</span> <span class='ocrx_word' id='word_1_180' title='bbox 3723 1108 3788 1158; x_wconf 79' lang='grc' dir='ltr'><strong>ἐκ</strong></span> <span class='ocrx_word' id='word_1_181' title='bbox 3808 1107 4059 1179; x_wconf 81' lang='grc' dir='ltr'>πατέρων</span> 
     </span>
    </p>
   </div>
   <div class='ocr_carea' id='block_1_25' title="bbox 2493 1188 4059 1267">
    <p class='ocr_par' dir='ltr' id='par_1_25' title="bbox 2493 1188 4059 1267">
     <span class='ocr_line' id='line_1_25' title="bbox 2493 1188 4059 1267; baseline 0.007 -29"><span class='ocrx_word' id='word_1_182' title='bbox 2493 1189 2644 1239; x_wconf 73' lang='grc' dir='ltr'>αὐτοὶ</span> <span class='ocrx_word' id='word_1_183' title='bbox 2674 1188 3084 1259; x_wconf 75' lang='grc' dir='ltr'>παρειληφότες,</span> <span class='ocrx_word' id='word_1_184' title='bbox 3122 1190 3249 1259; x_wconf 80' lang='grc' dir='ltr'>ἡμῖν</span> <span class='ocrx_word' id='word_1_185' title='bbox 3287 1194 3394 1253; x_wconf 87' lang='grc' dir='ltr'>τοῖς</span> <span class='ocrx_word' id='word_1_186' title='bbox 3431 1191 3490 1255; x_wconf 75' lang='grc' dir='ltr'>ἐξ</span> <span class='ocrx_word' id='word_1_187' title='bbox 3522 1191 3689 1265; x_wconf 86' lang='grc' dir='ltr'>ὲθνῶν</span> <span class='ocrx_word' id='word_1_188' title='bbox 3723 1194 3796 1256; x_wconf 84' lang='grc' dir='ltr'>ὡς</span> <span class='ocrx_word' id='word_1_189' title='bbox 3832 1195 3905 1267; x_wconf 80' lang='grc' dir='ltr'><strong>μὴ</strong></span> <span class='ocrx_word' id='word_1_190' title='bbox 3941 1198 4059 1249; x_wconf 85' lang='grc' dir='ltr'>ὲπι-</span> 
     </span>
    </p>
   </div>
   <div class='ocr_carea' id='block_1_26' title="bbox 2496 1281 4057 1355">
    <p class='ocr_par' dir='ltr' id='par_1_26' title="bbox 2496 1281 4057 1355">
     <span class='ocr_line' id='line_1_26' title="bbox 2496 1281 4057 1355; baseline 0.006 -25"><span class='ocrx_word' id='word_1_191' title='bbox 2496 1281 2777 1349; x_wconf 88' lang='grc' dir='ltr'>σταμένοις</span> <span class='ocrx_word' id='word_1_192' title='bbox 2815 1281 3216 1350; x_wconf 79' lang='grc' dir='ltr'>ἀπαγγελοῦσι,</span> <span class='ocrx_word' id='word_1_193' title='bbox 3261 1282 3597 1347; x_wconf 78' lang='grc' dir='ltr'>διδάσκοντες</span> <span class='ocrx_word' id='word_1_194' title='bbox 3653 1287 3796 1355; x_wconf 76' lang='grc' dir='ltr'>ἡμᾶς</span> <span class='ocrx_word' id='word_1_195' title='bbox 3827 1286 3894 1339; x_wconf 82' lang='grc' dir='ltr'>τὰ</span> <span class='ocrx_word' id='word_1_196' title='bbox 3944 1290 4057 1351; x_wconf 82' lang='grc' dir='ltr'>τοίς</span> 
     </span>
    </p>
   </div>
   <div class='ocr_carea' id='block_1_27' title="bbox 2494 1371 4057 1447">
    <p class='ocr_par' dir='ltr' id='par_1_27' title="bbox 2494 1371 4057 1447">
     <span class='ocr_line' id='line_1_27' title="bbox 2494 1371 4057 1447; baseline 0.005 -24"><span class='ocrx_word' id='word_1_197' title='bbox 2494 1371 2738 1435; x_wconf 82' lang='grc' dir='ltr'>παλαιοῖς</span> <span class='ocrx_word' id='word_1_198' title='bbox 2772 1373 3152 1442; x_wconf 76' lang='grc' dir='ltr'>συμϐεϐηκότα</span> <span class='ocrx_word' id='word_1_199' title='bbox 3172 1389 3184 1402; x_wconf 73' lang='grc'><strong><em>⁸</em></strong></span> <span class='ocrx_word' id='word_1_200' title='bbox 3219 1372 3254 1425; x_wconf 73' lang='grc' dir='ltr'><strong>ἃ</strong></span> <span class='ocrx_word' id='word_1_201' title='bbox 3297 1373 3358 1444; x_wconf 81' lang='grc' dir='ltr'>δὴ</span> <span class='ocrx_word' id='word_1_202' title='bbox 3389 1374 3528 1428; x_wconf 83' lang='grc' dir='ltr'>κατὰ</span> <span class='ocrx_word' id='word_1_203' title='bbox 3575 1376 3822 1447; x_wconf 78' lang='grc' dir='ltr'>διαδοχὴν</span> <span class='ocrx_word' id='word_1_204' title='bbox 3855 1379 3919 1430; x_wconf 82' lang='grc' dir='ltr'>ὲκ</span> <span class='ocrx_word' id='word_1_205' title='bbox 3955 1396 4057 1431; x_wconf 76' lang='grc' dir='ltr'>πα-</span> 
     </span>
    </p>
   </div>
   <div class='ocr_carea' id='block_1_28' title="bbox 2488 1460 4055 1532">
    <p class='ocr_par' dir='ltr' id='par_1_28' title="bbox 2488 1460 4055 1532">
     <span class='ocr_line' id='line_1_28' title="bbox 2488 1460 4055 1532; baseline 0.004 -20"><span class='ocrx_word' id='word_1_206' title='bbox 2488 1460 2662 1532; x_wconf 84' lang='grc' dir='ltr'>τέρων</span> <span class='ocrx_word' id='word_1_207' title='bbox 2687 1461 2924 1531; x_wconf 70' lang='grc' dir='ltr'>ἠκούσθη</span> <span class='ocrx_word' id='word_1_208' title='bbox 2960 1465 3072 1524; x_wconf 86' lang='grc' dir='ltr'>τοῖς</span> <span class='ocrx_word' id='word_1_209' title='bbox 3106 1463 3280 1522; x_wconf 78' lang='grc' dir='ltr'>παισὶ,</span> <span class='ocrx_word' id='word_1_210' title='bbox 3313 1464 3404 1515; x_wconf 80' lang='grc' dir='ltr'><strong>καὶ</strong></span> <span class='ocrx_word' id='word_1_211' title='bbox 3443 1464 3601 1517; x_wconf 87' lang='grc' dir='ltr'>πάλιν</span> <span class='ocrx_word' id='word_1_212' title='bbox 3630 1465 3688 1530; x_wconf 82' lang='grc' dir='ltr'><strong>ὲξ</strong></span> <span class='ocrx_word' id='word_1_213' title='bbox 3723 1466 3944 1519; x_wconf 77' lang='grc' dir='ltr'>ἐκείνων</span> <span class='ocrx_word' id='word_1_214' title='bbox 3977 1469 4055 1529; x_wconf 87' lang='grc' dir='ltr'>εἰς</span> 
     </span>
    </p>
   </div>
   <div class='ocr_carea' id='block_1_29' title="bbox 2489 1552 4053 1624">
    <p class='ocr_par' dir='ltr' id='par_1_29' title="bbox 2489 1552 4053 1624">
     <span class='ocr_line' id='line_1_29' title="bbox 2489 1552 4053 1624; baseline 0.004 -21"><span class='ocrx_word' id='word_1_215' title='bbox 2489 1553 2611 1615; x_wconf 79' lang='grc' dir='ltr'>τοὺς</span> <span class='ocrx_word' id='word_1_216' title='bbox 2647 1553 3132 1623; x_wconf 77' lang='grc' dir='ltr'>μεταγενεστέρους</span> <span class='ocrx_word' id='word_1_217' title='bbox 3166 1552 3438 1624; x_wconf 80' lang='grc' dir='ltr'>ἐλήλυθεν,</span> <span class='ocrx_word' id='word_1_218' title='bbox 3475 1557 3537 1607; x_wconf 79' lang='grc' dir='ltr'>ἐκ</span> <span class='ocrx_word' id='word_1_219' title='bbox 3571 1554 3773 1608; x_wconf 87' lang='grc' dir='ltr'>τούτων</span> <span class='ocrx_word' id='word_1_220' title='bbox 3804 1573 3862 1608; x_wconf 91' lang='grc' dir='ltr'><strong>τε</strong></span> <span class='ocrx_word' id='word_1_221' title='bbox 3901 1553 4053 1620; x_wconf 83' lang='grc' dir='ltr'>αὖθις</span> 
     </span>
    </p>
   </div>
   <div class='ocr_carea' id='block_1_30' title="bbox 2490 1645 4050 1717">
    <p class='ocr_par' dir='ltr' id='par_1_30' title="bbox 2490 1645 4050 1717">
     <span class='ocr_line' id='line_1_30' title="bbox 2490 1645 4050 1717; baseline 0.004 -22"><span class='ocrx_word' id='word_1_222' title='bbox 2490 1646 2566 1708; x_wconf 83' lang='grc' dir='ltr'><strong>εἰς</strong></span> <span class='ocrx_word' id='word_1_223' title='bbox 2593 1645 2783 1705; x_wconf 87' lang='grc' dir='ltr'>παῖδας</span> <span class='ocrx_word' id='word_1_224' title='bbox 2808 1645 3007 1698; x_wconf 82' lang='grc' dir='ltr'>παίδων</span> <span class='ocrx_word' id='word_1_225' title='bbox 3031 1648 3097 1714; x_wconf 80' lang='grc' dir='ltr'>τῇ</span> <span class='ocrx_word' id='word_1_226' title='bbox 3126 1651 3308 1716; x_wconf 81' lang='grc' dir='ltr'>μνήμῃ</span> <span class='ocrx_word' id='word_1_227' title='bbox 3342 1646 3630 1717; x_wconf 83' lang='grc' dir='ltr'>παρεδόθη.</span> <span class='ocrx_word' id='word_1_228' title='bbox 3659 1648 3747 1701; x_wconf 83' lang='grc' dir='ltr'>Διὸ</span> <span class='ocrx_word' id='word_1_229' title='bbox 3772 1648 4018 1702; x_wconf 86' lang='grc' dir='ltr'>λέλεκται</span> <span class='ocrx_word' id='word_1_230' title='bbox 4038 1668 4050 1680; x_wconf 81' lang='grc'><em>’</em></span> 
     </span>
    </p>
   </div>
   <div class='ocr_carea' id='block_1_31' title="bbox 2493 1726 4054 1808">
    <p class='ocr_par' dir='ltr' id='par_1_31' title="bbox 2493 1726 4054 1808">
     <span class='ocr_line' id='line_1_31' title="bbox 2493 1726 4054 1808; baseline 0.004 -22"><span class='ocrx_word' id='word_1_231' title='bbox 2493 1737 2612 1786; x_wconf 80' lang='grc' dir='ltr'><strong>Οὐκ</strong></span> <span class='ocrx_word' id='word_1_232' title='bbox 2659 1735 2874 1801; x_wconf 77' lang='grc' dir='ltr'>ἐκρύϐη</span> <span class='ocrx_word' id='word_1_233' title='bbox 2913 1733 3030 1786; x_wconf 79' lang='grc' dir='ltr'><strong>ἀπὸ</strong></span> <span class='ocrx_word' id='word_1_234' title='bbox 3076 1733 3192 1787; x_wconf 86' lang='grc' dir='ltr'>τῶν</span> <span class='ocrx_word' id='word_1_235' title='bbox 3245 1735 3465 1788; x_wconf 83' lang='grc' dir='ltr'>τέκνων</span> <span class='ocrx_word' id='word_1_236' title='bbox 3490 1736 3688 1791; x_wconf 84' lang='grc' dir='ltr'>αὐτῶν</span> <span class='ocrx_word' id='word_1_237' title='bbox 3731 1742 3817 1804; x_wconf 83' lang='grc' dir='ltr'>εὶς</span> <span class='ocrx_word' id='word_1_238' title='bbox 3847 1726 4054 1808; x_wconf 76' lang='grc' dir='ltr'>γενεὰν</span> 
     </span>
    </p>
   </div>
   <div class='ocr_carea' id='block_1_32' title="bbox 2488 1819 4054 1898">
    <p class='ocr_par' dir='ltr' id='par_1_32' title="bbox 2488 1819 4054 1898">
     <span class='ocr_line' id='line_1_32' title="bbox 2488 1819 4054 1898; baseline 0.004 -22"><span class='ocrx_word' id='word_1_239' title='bbox 2488 1819 2714 1890; x_wconf 80' lang='grc' dir='ltr'>ἑτέραν.</span> <span class='ocrx_word' id='word_1_240' title='bbox 2752 1824 3258 1893; x_wconf 74' lang='grc' dir='ltr'>Ἀπαγγέλλοντες</span> <span class='ocrx_word' id='word_1_241' title='bbox 3289 1828 3394 1892; x_wconf 87' lang='grc' dir='ltr'>τὰς</span> <span class='ocrx_word' id='word_1_242' title='bbox 3418 1827 3676 1894; x_wconf 81' lang='grc' dir='ltr'>αὶνέσεις</span> <span class='ocrx_word' id='word_1_243' title='bbox 3700 1829 3804 1882; x_wconf 87' lang='grc' dir='ltr'><strong>τοῦ</strong></span> <span class='ocrx_word' id='word_1_244' title='bbox 3833 1832 4054 1898; x_wconf 81' lang='lat' dir='ltr'><strong>Kvpt’ov</strong></span> 
     </span>
    </p>
   </div>
   <div class='ocr_carea' id='block_1_33' title="bbox 2490 1915 4054 1990">
    <p class='ocr_par' dir='ltr' id='par_1_33' title="bbox 2490 1915 4054 1990">
     <span class='ocr_line' id='line_1_33' title="bbox 2490 1915 4054 1990; baseline 0.004 -22"><span class='ocrx_word' id='word_1_245' title='bbox 2490 1915 2584 1968; x_wconf 83' lang='grc' dir='ltr'>καὶ</span> <span class='ocrx_word' id='word_1_246' title='bbox 2612 1915 2715 1980; x_wconf 86' lang='grc' dir='ltr'>τὰς</span> <span class='ocrx_word' id='word_1_247' title='bbox 2753 1916 3111 1982; x_wconf 80' lang='grc' dir='ltr'>δυναστείας</span> <span class='ocrx_word' id='word_1_248' title='bbox 3149 1918 3353 1981; x_wconf 84' lang='grc' dir='ltr'>αὐτοῦ,</span> <span class='ocrx_word' id='word_1_249' title='bbox 3383 1920 3477 1973; x_wconf 81' lang='grc' dir='ltr'>καὶ</span> <span class='ocrx_word' id='word_1_250' title='bbox 3515 1921 3586 1974; x_wconf 86' lang='grc' dir='ltr'>τὰ</span> <span class='ocrx_word' id='word_1_251' title='bbox 3615 1922 3914 1990; x_wconf 84' lang='grc' dir='ltr'>θαυμάσια</span> <span class='ocrx_word' id='word_1_252' title='bbox 3948 1923 4054 1975; x_wconf 85' lang='grc' dir='ltr'><strong>αὐ-</strong></span> 
     </span>
    </p>
   </div>
   <div class='ocr_carea' id='block_1_34' title="bbox 827 1993 2523 2085">
    <p class='ocr_par' dir='ltr' id='par_1_34' title="bbox 827 1993 2523 2082">
     <span class='ocr_line' id='line_1_34' title="bbox 827 1993 2523 2082; baseline -0.004 -17"><span class='ocrx_word' id='word_1_253' title='bbox 827 2013 910 2067; x_wconf 91' lang='lat' dir='ltr'><strong>bis</strong></span> <span class='ocrx_word' id='word_1_254' title='bbox 939 2028 969 2066; x_wconf 88' lang='lat' dir='ltr'><strong>a</strong></span> <span class='ocrx_word' id='word_1_255' title='bbox 1001 2012 1244 2082; x_wconf 82' lang='lat' dir='ltr'><strong>patribus</strong></span> <span class='ocrx_word' id='word_1_256' title='bbox 1276 2013 1476 2066; x_wconf 81' lang='lat' dir='ltr'><strong>tradita</strong></span> <span class='ocrx_word' id='word_1_257' title='bbox 1505 2019 1651 2073; x_wconf 89' lang='lat' dir='ltr'><strong>sunt,</strong></span> <span class='ocrx_word' id='word_1_258' title='bbox 1680 2012 1745 2065; x_wconf 88' lang='lat' dir='ltr'><strong>de</strong></span> <span class='ocrx_word' id='word_1_259' title='bbox 1772 2010 2046 2065; x_wconf 80' lang='lat' dir='ltr'><strong>beneficiis</strong></span> <span class='ocrx_word' id='word_1_260' title='bbox 2076 2024 2106 2062; x_wconf 91' lang='lat' dir='ltr'><strong>a</strong></span> <span class='ocrx_word' id='word_1_261' title='bbox 2135 2008 2245 2062; x_wconf 93' lang='lat' dir='ltr'><strong>Deo</strong></span> <span class='ocrx_word' id='word_1_262' title='bbox 2284 1993 2459 2063; x_wconf 78' lang='lat' dir='ltr'><strong>sibil3</strong></span> <span class='ocrx_word' id='word_1_263' title='bbox 2487 2023 2523 2058; x_wconf 59' lang='grc' dir='ltr'>τη</span> 
     </span>
    </p>
   </div>
   <div class='ocr_carea' id='block_1_35' title="bbox 2358 1993 4054 2085">
    <p class='ocr_par' dir='ltr' id='par_1_35' title="bbox 2358 1993 4054 2085">
     <span class='ocr_line' id='line_1_35' title="bbox 2358 1993 4054 2085; baseline 0.002 -24"><span class='ocrx_word' id='word_1_264' title='bbox 2358 2010 2402 2061; x_wconf 67' lang='grc' dir='ltr'><strong>υἱ·</strong></span> <span class='ocrx_word' id='word_1_265' title='bbox 2420 1993 2459 2045; x_wconf 76' lang='grc' dir='ltr'><strong>Β</strong></span> <span class='ocrx_word' id='word_1_266' title='bbox 2487 2007 2592 2059; x_wconf 86' lang='grc' dir='ltr'><strong>τοῦ</strong></span> <span class='ocrx_word' id='word_1_267' title='bbox 2614 2007 2650 2059; x_wconf 81' lang='grc' dir='ltr'><strong><em>ἅ</em></strong></span> <span class='ocrx_word' id='word_1_268' title='bbox 2671 2001 2937 2074; x_wconf 82' lang='grc' dir='ltr'>ἐποίησε.</span> <span class='ocrx_word' id='word_1_269' title='bbox 2963 2009 3136 2061; x_wconf 81' lang='grc' dir='ltr'>Πολλὰ</span> <span class='ocrx_word' id='word_1_270' title='bbox 3170 2010 3265 2080; x_wconf 90' lang='grc' dir='ltr'><strong>μέν</strong></span> <span class='ocrx_word' id='word_1_271' title='bbox 3300 2014 3413 2064; x_wconf 76' lang='grc' dir='ltr'>ἐστι</span> <span class='ocrx_word' id='word_1_272' title='bbox 3438 2011 3505 2065; x_wconf 79' lang='grc' dir='ltr'>τὰ</span> <span class='ocrx_word' id='word_1_273' title='bbox 3533 2015 3900 2085; x_wconf 84' lang='grc' dir='ltr'>παραδοθέντα</span> <span class='ocrx_word' id='word_1_274' title='bbox 3924 2017 4054 2085; x_wconf 79' lang='grc' dir='ltr'>ἡμῖν</span> 
     </span>
    </p>
   </div>
   <div class='ocr_carea' id='block_1_36' title="bbox 825 2103 2388 2170">
    <p class='ocr_par' dir='ltr' id='par_1_36' title="bbox 825 2103 2388 2170">
     <span class='ocr_line' id='line_1_36' title="bbox 825 2103 2388 2170; baseline -0.003 -12"><span class='ocrx_word' id='word_1_275' title='bbox 825 2106 1063 2170; x_wconf 85' lang='lat' dir='ltr'><strong>collatis;</strong></span> <span class='ocrx_word' id='word_1_276' title='bbox 1098 2121 1265 2158; x_wconf 92' lang='lat' dir='ltr'><strong>unum</strong></span> <span class='ocrx_word' id='word_1_277' title='bbox 1322 2112 1502 2157; x_wconf 88' lang='lat' dir='ltr'><strong>autem</strong></span> <span class='ocrx_word' id='word_1_278' title='bbox 1556 2103 1798 2157; x_wconf 91' lang='lat' dir='ltr'><strong>omnium</strong></span> <span class='ocrx_word' id='word_1_279' title='bbox 1846 2103 2080 2157; x_wconf 85' lang='lat' dir='ltr'><strong>maxime</strong></span> <span class='ocrx_word' id='word_1_280' title='bbox 2137 2116 2388 2156; x_wconf 88' lang='lat' dir='ltr'><strong>necessa-</strong></span> 
     </span>
    </p>
   </div>
   <div class='ocr_carea' id='block_1_37' title="bbox 828 2192 2382 2261">
    <p class='ocr_par' dir='ltr' id='par_1_37' title="bbox 828 2192 2382 2261">
     <span class='ocr_line' id='line_1_37' title="bbox 828 2192 2382 2261; baseline -0.002 -14"><span class='ocrx_word' id='word_1_281' title='bbox 828 2194 990 2259; x_wconf 90' lang='lat' dir='ltr'><strong>rium,</strong></span> <span class='ocrx_word' id='word_1_282' title='bbox 1023 2202 1104 2249; x_wconf 87' lang='lat' dir='ltr'><strong>est</strong></span> <span class='ocrx_word' id='word_1_283' title='bbox 1131 2194 1527 2254; x_wconf 88' lang='lat' dir='ltr'><strong>testimonium,</strong></span> <span class='ocrx_word' id='word_1_284' title='bbox 1558 2192 1753 2261; x_wconf 79' lang='lat' dir='ltr'><strong>lexque</strong></span> <span class='ocrx_word' id='word_1_285' title='bbox 1777 2192 1830 2245; x_wconf 90' lang='lat' dir='ltr'><strong>in</strong></span> <span class='ocrx_word' id='word_1_286' title='bbox 1852 2192 2160 2248; x_wconf 90' lang='lat' dir='ltr'><strong>testimonio</strong></span> <span class='ocrx_word' id='word_1_287' title='bbox 2189 2193 2382 2261; x_wconf 91' lang='lat' dir='ltr'><strong>posita,</strong></span> 
     </span>
    </p>
   </div>
   <div class='ocr_carea' id='block_1_38' title="bbox 825 2280 2386 2354">
    <p class='ocr_par' dir='ltr' id='par_1_38' title="bbox 825 2280 2386 2354">
     <span class='ocr_line' id='line_1_38' title="bbox 825 2280 2386 2354; baseline -0.003 -17"><span class='ocrx_word' id='word_1_288' title='bbox 825 2299 988 2354; x_wconf 86' lang='lat' dir='ltr'><strong>quam</strong></span> <span class='ocrx_word' id='word_1_289' title='bbox 1027 2284 1160 2353; x_wconf 81' lang='lat' dir='ltr'><strong>ipsis</strong></span> <span class='ocrx_word' id='word_1_290' title='bbox 1193 2283 1400 2351; x_wconf 91' lang='lat' dir='ltr'><strong>scripto</strong></span> <span class='ocrx_word' id='word_1_291' title='bbox 1432 2281 1672 2344; x_wconf 85' lang='lat' dir='ltr'><strong>tradidit,</strong></span> <span class='ocrx_word' id='word_1_292' title='bbox 1714 2282 2030 2352; x_wconf 71' lang='lat' dir='ltr'><strong>praecipiens</strong></span> <span class='ocrx_word' id='word_1_293' title='bbox 2060 2290 2116 2335; x_wconf 92' lang='lat' dir='ltr'><strong>ut</strong></span> <span class='ocrx_word' id='word_1_294' title='bbox 2157 2280 2386 2335; x_wconf 88' lang='lat' dir='ltr'><strong>medita-</strong></span> 
     </span>
    </p>
   </div>
   <div class='ocr_carea' id='block_1_39' title="bbox 826 2372 2384 2444">
    <p class='ocr_par' dir='ltr' id='par_1_39' title="bbox 826 2372 2384 2444">
     <span class='ocr_line' id='line_1_39' title="bbox 826 2372 2384 2444; baseline -0.002 -15"><span class='ocrx_word' id='word_1_295' title='bbox 826 2383 1013 2429; x_wconf 87' lang='lat' dir='ltr'><strong>rentur</strong></span> <span class='ocrx_word' id='word_1_296' title='bbox 1051 2376 1242 2444; x_wconf 85' lang='lat' dir='ltr'><strong>ipsam,</strong></span> <span class='ocrx_word' id='word_1_297' title='bbox 1277 2381 1329 2426; x_wconf 83' lang='lat' dir='ltr'><strong>et</strong></span> <span class='ocrx_word' id='word_1_298' title='bbox 1359 2372 1478 2440; x_wconf 77' lang='lat' dir='ltr'><strong>ejus</strong></span> <span class='ocrx_word' id='word_1_299' title='bbox 1500 2373 1899 2426; x_wconf 86' lang='lat' dir='ltr'><strong>meditationem</strong></span> <span class='ocrx_word' id='word_1_300' title='bbox 1933 2373 2075 2432; x_wconf 87' lang='lat' dir='ltr'><strong>liliis,</strong></span> <span class='ocrx_word' id='word_1_301' title='bbox 2095 2372 2384 2442; x_wconf 86' lang='lat' dir='ltr'><strong>nepotibus</strong></span> 
     </span>
    </p>
   </div>
   <div class='ocr_carea' id='block_1_40' title="bbox 821 2460 2382 2536">
    <p class='ocr_par' dir='ltr' id='par_1_40' title="bbox 821 2460 2382 2536">
     <span class='ocr_line' id='line_1_40' title="bbox 821 2460 2382 2536; baseline -0.004 -15"><span class='ocrx_word' id='word_1_302' title='bbox 821 2474 875 2521; x_wconf 92' lang='lat' dir='ltr'><strong>et</strong></span> <span class='ocrx_word' id='word_1_303' title='bbox 903 2466 1131 2536; x_wconf 86' lang='lat' dir='ltr'><strong>posteris</strong></span> <span class='ocrx_word' id='word_1_304' title='bbox 1153 2479 1247 2534; x_wconf 89' lang='lat' dir='ltr'><strong>per</strong></span> <span class='ocrx_word' id='word_1_305' title='bbox 1269 2463 1666 2517; x_wconf 81' lang='lat' dir='ltr'><strong>successionem</strong></span> <span class='ocrx_word' id='word_1_306' title='bbox 1705 2463 1993 2516; x_wconf 86' lang='lat' dir='ltr'><strong>traderent.</strong></span> <span class='ocrx_word' id='word_1_307' title='bbox 2022 2460 2382 2530; x_wconf 83' lang='lat' dir='ltr'><strong>Quamobrem</strong></span> 
     </span>
    </p>
   </div>
   <div class='ocr_carea' id='block_1_41' title="bbox 826 2553 2378 2617">
    <p class='ocr_par' dir='ltr' id='par_1_41' title="bbox 826 2553 2378 2617">
     <span class='ocr_line' id='line_1_41' title="bbox 826 2553 2378 2617; baseline -0.003 -7"><span class='ocrx_word' id='word_1_308' title='bbox 826 2559 901 2612; x_wconf 92' lang='lat' dir='ltr'><strong>ait</strong></span> <span class='ocrx_word' id='word_1_309' title='bbox 927 2575 938 2610; x_wconf 92' lang='lat'>:</span> <span class='ocrx_word' id='word_1_310' title='bbox 963 2555 1214 2610; x_wconf 72' lang='lat' dir='ltr'><strong>—V£ns.</strong></span> <span class='ocrx_word' id='word_1_311' title='bbox 1247 2555 1300 2610; x_wconf 85' lang='lat'><strong>5.</strong></span> <span class='ocrx_word' id='word_1_312' title='bbox 1326 2553 1394 2607; x_wconf 85' lang='lat' dir='ltr'><strong>Et</strong></span> <span class='ocrx_word' id='word_1_313' title='bbox 1423 2555 1694 2608; x_wconf 77' lang='lat' dir='ltr'><strong>suscitavit</strong></span> <span class='ocrx_word' id='word_1_314' title='bbox 1729 2555 2079 2607; x_wconf 84' lang='lat' dir='ltr'><strong>testimonium</strong></span> <span class='ocrx_word' id='word_1_315' title='bbox 2107 2555 2162 2606; x_wconf 87' lang='lat' dir='ltr'><strong>in</strong></span> <span class='ocrx_word' id='word_1_316' title='bbox 2191 2553 2378 2617; x_wconf 73' lang='lat' dir='ltr'><strong>Iacob,</strong></span> 
     </span>
    </p>
   </div>
   <div class='ocr_carea' id='block_1_42' title="bbox 822 2645 2383 2719">
    <p class='ocr_par' dir='ltr' id='par_1_42' title="bbox 822 2645 2383 2719">
     <span class='ocr_line' id='line_1_42' title="bbox 822 2645 2383 2719; baseline -0.005 -14"><span class='ocrx_word' id='word_1_317' title='bbox 822 2661 871 2705; x_wconf 86' lang='lat' dir='ltr'><strong>et</strong></span> <span class='ocrx_word' id='word_1_318' title='bbox 910 2649 1070 2719; x_wconf 84' lang='lat' dir='ltr'><strong>legem</strong></span> <span class='ocrx_word' id='word_1_319' title='bbox 1103 2649 1274 2716; x_wconf 86' lang='lat' dir='ltr'><strong>posuit</strong></span> <span class='ocrx_word' id='word_1_320' title='bbox 1305 2648 1358 2700; x_wconf 88' lang='lat' dir='ltr'><strong>in</strong></span> <span class='ocrx_word' id='word_1_321' title='bbox 1406 2646 1597 2702; x_wconf 82' lang='lat' dir='ltr'><strong>Israel.</strong></span> <span class='ocrx_word' id='word_1_322' title='bbox 1638 2645 2030 2700; x_wconf 87' lang='lat' dir='ltr'><strong>Testimonium</strong></span> <span class='ocrx_word' id='word_1_323' title='bbox 2088 2647 2383 2701; x_wconf 84' lang='lat' dir='ltr'><strong>vocabatur</strong></span> 
     </span>
    </p>
   </div>
   <div class='ocr_carea' id='block_1_43' title="bbox 823 2739 2377 2809">
    <p class='ocr_par' dir='ltr' id='par_1_43' title="bbox 823 2739 2377 2809">
     <span class='ocr_line' id='line_1_43' title="bbox 823 2739 2377 2809; baseline -0.005 -13"><span class='ocrx_word' id='word_1_324' title='bbox 823 2743 1236 2796; x_wconf 86' lang='lat' dir='ltr'><strong>tabernaculum</strong></span> <span class='ocrx_word' id='word_1_325' title='bbox 1276 2739 1667 2802; x_wconf 88' lang='lat' dir='ltr'><strong>testimonii,in</strong></span> <span class='ocrx_word' id='word_1_326' title='bbox 1697 2755 1805 2808; x_wconf 88' lang='lat' dir='ltr'><strong>quo</strong></span> <span class='ocrx_word' id='word_1_327' title='bbox 1831 2739 2072 2809; x_wconf 83' lang='lat' dir='ltr'><strong>deposita</strong></span> <span class='ocrx_word' id='word_1_328' title='bbox 2103 2747 2220 2792; x_wconf 86' lang='lat' dir='ltr'><strong>erat</strong></span> <span class='ocrx_word' id='word_1_329' title='bbox 2251 2751 2377 2790; x_wconf 89' lang='lat' dir='ltr'><strong>arca</strong></span> 
     </span>
    </p>
   </div>
   <div class='ocr_carea' id='block_1_44' title="bbox 821 2827 2378 2899">
    <p class='ocr_par' dir='ltr' id='par_1_44' title="bbox 821 2827 2378 2899">
     <span class='ocr_line' id='line_1_44' title="bbox 821 2827 2378 2899; baseline -0.004 -13"><span class='ocrx_word' id='word_1_330' title='bbox 821 2832 1175 2894; x_wconf 57' lang='lat' dir='ltr'><strong>testamenti,</strong></span> <span class='ocrx_word' id='word_1_331' title='bbox 1212 2831 1297 2884; x_wconf 79' lang='lat' dir='ltr'><strong>lex</strong></span> <span class='ocrx_word' id='word_1_332' title='bbox 1338 2830 1392 2883; x_wconf 90' lang='lat' dir='ltr'><strong>in</strong></span> <span class='ocrx_word' id='word_1_333' title='bbox 1432 2843 1558 2882; x_wconf 88' lang='lat' dir='ltr'><strong>arca</strong></span> <span class='ocrx_word' id='word_1_334' title='bbox 1598 2829 1796 2899; x_wconf 89' lang='lat' dir='ltr'><strong>posita,</strong></span> <span class='ocrx_word' id='word_1_335' title='bbox 1826 2844 2034 2883; x_wconf 86' lang='lat' dir='ltr'><strong>necnon</strong></span> <span class='ocrx_word' id='word_1_336' title='bbox 2099 2827 2378 2882; x_wconf 87' lang='lat' dir='ltr'><strong>cherubim</strong></span> 
     </span>
    </p>
   </div>
   <div class='ocr_carea' id='block_1_45' title="bbox 805 2918 2376 2992">
    <p class='ocr_par' dir='ltr' id='par_1_45' title="bbox 805 2918 2376 2992">
     <span class='ocr_line' id='line_1_45' title="bbox 805 2918 2376 2992; baseline -0.004 -17"><span class='ocrx_word' id='word_1_337' title='bbox 805 2931 870 2976; x_wconf 21' lang='lat' dir='ltr'><strong>tet</strong></span> <span class='ocrx_word' id='word_1_338' title='bbox 899 2922 1357 2992; x_wconf 86' lang='lat' dir='ltr'><strong>propitiatorium,</strong></span> <span class='ocrx_word' id='word_1_339' title='bbox 1391 2918 1800 2982; x_wconf 85' lang='lat' dir='ltr'><strong>candelabrum,</strong></span> <span class='ocrx_word' id='word_1_340' title='bbox 1835 2935 2021 2974; x_wconf 87' lang='lat' dir='ltr'><strong>mensa</strong></span> <span class='ocrx_word' id='word_1_341' title='bbox 2056 2925 2108 2972; x_wconf 87' lang='lat' dir='ltr'><strong>et</strong></span> <span class='ocrx_word' id='word_1_342' title='bbox 2132 2918 2376 2988; x_wconf 85' lang='lat' dir='ltr'><strong>proposi-</strong></span> 
     </span>
    </p>
   </div>
   <div class='ocr_carea' id='block_1_46' title="bbox 819 3008 2378 3082">
    <p class='ocr_par' dir='ltr' id='par_1_46' title="bbox 819 3008 2378 3082">
     <span class='ocr_line' id='line_1_46' title="bbox 819 3008 2378 3082; baseline -0.004 -18"><span class='ocrx_word' id='word_1_343' title='bbox 819 3013 895 3067; x_wconf 91' lang='lat' dir='ltr'><strong>tio</strong></span> <span class='ocrx_word' id='word_1_344' title='bbox 916 3027 1112 3082; x_wconf 88' lang='lat' dir='ltr'><strong>panum</strong></span> <span class='ocrx_word' id='word_1_345' title='bbox 1150 3029 1162 3064; x_wconf 93' lang='lat'><strong>:</strong></span> <span class='ocrx_word' id='word_1_346' title='bbox 1204 3025 1322 3080; x_wconf 68' lang='lat' dir='ltr'><strong>qua:</strong></span> <span class='ocrx_word' id='word_1_347' title='bbox 1367 3010 1555 3079; x_wconf 82' lang='lat' dir='ltr'><strong>jussus</strong></span> <span class='ocrx_word' id='word_1_348' title='bbox 1587 3009 1768 3065; x_wconf 81' lang='lat' dir='ltr'><strong>facere</strong></span> <span class='ocrx_word' id='word_1_349' title='bbox 1815 3008 2048 3079; x_wconf 80' lang='lat' dir='ltr'><strong>Moyses,</strong></span> <span class='ocrx_word' id='word_1_350' title='bbox 2080 3008 2378 3062; x_wconf 85' lang='lat' dir='ltr'><strong>secundum</strong></span> 
     </span>
    </p>
   </div>
   <div class='ocr_carea' id='block_1_47' title="bbox 820 3097 2382 3171">
    <p class='ocr_par' dir='ltr' id='par_1_47' title="bbox 820 3097 2382 3171">
     <span class='ocr_line' id='line_1_47' title="bbox 820 3097 2382 3171; baseline -0.004 -14"><span class='ocrx_word' id='word_1_351' title='bbox 820 3102 1094 3171; x_wconf 80' lang='lat' dir='ltr'><strong>exemplar</strong></span> <span class='ocrx_word' id='word_1_352' title='bbox 1124 3100 1266 3170; x_wconf 86' lang='lat' dir='ltr'><strong>quod</strong></span> <span class='ocrx_word' id='word_1_353' title='bbox 1302 3100 1405 3170; x_wconf 87' lang='lat' dir='ltr'><strong>ipsi</strong></span> <span class='ocrx_word' id='word_1_354' title='bbox 1438 3103 1491 3154; x_wconf 93' lang='lat' dir='ltr'><strong>in</strong></span> <span class='ocrx_word' id='word_1_355' title='bbox 1509 3108 1698 3158; x_wconf 70' lang='lat' dir='ltr'><strong>,monte</strong></span> <span class='ocrx_word' id='word_1_356' title='bbox 1730 3097 2012 3154; x_wconf 83' lang='lat' dir='ltr'><strong>ostensum</strong></span> <span class='ocrx_word' id='word_1_357' title='bbox 2053 3097 2228 3153; x_wconf 83' lang='lat' dir='ltr'><strong>fuerat</strong></span> <span class='ocrx_word' id='word_1_358' title='bbox 2257 3112 2382 3151; x_wconf 92' lang='lat' dir='ltr'><strong>con-</strong></span> 
     </span>
    </p>
   </div>
   <div class='ocr_carea' id='block_1_48' title="bbox 818 3188 2378 3258">
    <p class='ocr_par' dir='ltr' id='par_1_48' title="bbox 818 3188 2378 3258">
     <span class='ocr_line' id='line_1_48' title="bbox 818 3188 2378 3258; baseline -0.004 -12"><span class='ocrx_word' id='word_1_359' title='bbox 818 3192 1037 3246; x_wconf 79' lang='lat' dir='ltr'><strong>struxit.</strong></span> <span class='ocrx_word' id='word_1_360' title='bbox 1073 3188 1182 3244; x_wconf 87' lang='lat' dir='ltr'><strong>Sed</strong></span> <span class='ocrx_word' id='word_1_361' title='bbox 1207 3190 1333 3243; x_wconf 91' lang='lat' dir='ltr'><strong>olim</strong></span> <span class='ocrx_word' id='word_1_362' title='bbox 1367 3188 1582 3258; x_wconf 87' lang='lat' dir='ltr'><strong>quidem</strong></span> <span class='ocrx_word' id='word_1_363' title='bbox 1637 3190 1720 3244; x_wconf 76' lang='lat' dir='ltr'><strong>lex</strong></span> <span class='ocrx_word' id='word_1_364' title='bbox 1761 3189 1850 3243; x_wconf 88' lang='lat' dir='ltr'><strong>illa</strong></span> <span class='ocrx_word' id='word_1_365' title='bbox 1902 3196 1956 3243; x_wconf 88' lang='lat' dir='ltr'><strong>et</strong></span> <span class='ocrx_word' id='word_1_366' title='bbox 2008 3189 2378 3244; x_wconf 87' lang='lat' dir='ltr'><strong>testimonium</strong></span> 
     </span>
    </p>
   </div>
   <div class='ocr_carea' id='block_1_49' title="bbox 817 3279 2378 3346">
    <p class='ocr_par' dir='ltr' id='par_1_49' title="bbox 817 3279 2378 3346">
     <span class='ocr_line' id='line_1_49' title="bbox 817 3279 2378 3346; baseline -0.004 -7"><span class='ocrx_word' id='word_1_367' title='bbox 817 3284 952 3339; x_wconf 86' lang='lat' dir='ltr'><strong>illud</strong></span> <span class='ocrx_word' id='word_1_368' title='bbox 1004 3281 1208 3337; x_wconf 80' lang='lat' dir='ltr'><strong>Jacobo</strong></span> <span class='ocrx_word' id='word_1_369' title='bbox 1242 3291 1296 3337; x_wconf 89' lang='lat' dir='ltr'><strong>et</strong></span> <span class='ocrx_word' id='word_1_370' title='bbox 1329 3283 1443 3336; x_wconf 86' lang='lat' dir='ltr'><strong>lsra</strong></span> <span class='ocrx_word' id='word_1_371' title='bbox 1482 3283 1513 3334; x_wconf 89' lang='lat' dir='ltr'><strong>li</strong></span> <span class='ocrx_word' id='word_1_372' title='bbox 1571 3283 1766 3336; x_wconf 89' lang='lat' dir='ltr'><strong>tradita</strong></span> <span class='ocrx_word' id='word_1_373' title='bbox 1819 3280 2052 3336; x_wconf 82' lang='lat' dir='ltr'><strong>fuerant.</strong></span> <span class='ocrx_word' id='word_1_374' title='bbox 2111 3279 2378 3346; x_wconf 86' lang='lat' dir='ltr'><strong>Quoniam</strong></span> 
     </span>
    </p>
   </div>
   <div class='ocr_carea' id='block_1_50' title="bbox 817 3373 2377 3445">
    <p class='ocr_par' dir='ltr' id='par_1_50' title="bbox 817 3373 2377 3445">
     <span class='ocr_line' id='line_1_50' title="bbox 817 3373 2377 3445; baseline -0.003 -15"><span class='ocrx_word' id='word_1_375' title='bbox 817 3392 944 3431; x_wconf 82' lang='lat' dir='ltr'><strong>vero</strong></span> <span class='ocrx_word' id='word_1_376' title='bbox 967 3376 1050 3430; x_wconf 85' lang='lat' dir='ltr'><strong>.iis</strong></span> <span class='ocrx_word' id='word_1_377' title='bbox 1104 3376 1341 3444; x_wconf 88' lang='lat' dir='ltr'><strong>acceptis</strong></span> <span class='ocrx_word' id='word_1_378' title='bbox 1401 3374 1476 3427; x_wconf 90' lang='lat' dir='ltr'><strong>illi</strong></span> <span class='ocrx_word' id='word_1_379' title='bbox 1535 3375 1863 3445; x_wconf 80' lang='lat' dir='ltr'><strong>transgressi</strong></span> <span class='ocrx_word' id='word_1_380' title='bbox 1903 3380 2049 3435; x_wconf 90' lang='lat' dir='ltr'><strong>sunt,</strong></span> <span class='ocrx_word' id='word_1_381' title='bbox 2082 3373 2207 3442; x_wconf 84' lang='lat' dir='ltr'><strong>jure</strong></span> <span class='ocrx_word' id='word_1_382' title='bbox 2260 3373 2377 3441; x_wconf 89' lang='lat' dir='ltr'><strong>ip‘se</strong></span> 
     </span>
    </p>
   </div>
   <div class='ocr_carea' id='block_1_51' title="bbox 817 3463 2376 3536">
    <p class='ocr_par' dir='ltr' id='par_1_51' title="bbox 817 3463 2376 3536">
     <span class='ocr_line' id='line_1_51' title="bbox 817 3463 2376 3536; baseline -0.004 -13"><span class='ocrx_word' id='word_1_383' title='bbox 817 3485 939 3523; x_wconf 90' lang='lat' dir='ltr'><strong>cum</strong></span> <span class='ocrx_word' id='word_1_384' title='bbox 976 3468 1140 3523; x_wconf 88' lang='lat' dir='ltr'><strong>alium</strong></span> <span class='ocrx_word' id='word_1_385' title='bbox 1187 3467 1289 3522; x_wconf 86' lang='lat' dir='ltr'><strong>sibi</strong></span> <span class='ocrx_word' id='word_1_386' title='bbox 1324 3474 1570 3536; x_wconf 84' lang='lat' dir='ltr'><strong>parasset</strong></span> <span class='ocrx_word' id='word_1_387' title='bbox 1624 3466 1903 3536; x_wconf 90' lang='lat' dir='ltr'><strong>populum,</strong></span> <span class='ocrx_word' id='word_1_388' title='bbox 1939 3463 2191 3533; x_wconf 86' lang='lat' dir='ltr'><strong>aliudque</strong></span> <span class='ocrx_word' id='word_1_389' title='bbox 2223 3465 2376 3518; x_wconf 88' lang='lat' dir='ltr'><strong>testi-</strong></span> 
     </span>
    </p>
   </div>
   <div class='ocr_carea' id='block_1_52' title="bbox 818 3554 2376 3629">
    <p class='ocr_par' dir='ltr' id='par_1_52' title="bbox 818 3554 2376 3629">
     <span class='ocr_line' id='line_1_52' title="bbox 818 3554 2376 3629; baseline -0.006 -13"><span class='ocrx_word' id='word_1_390' title='bbox 818 3562 1080 3625; x_wconf 88' lang='lat' dir='ltr'><strong>monium,</strong></span> <span class='ocrx_word' id='word_1_391' title='bbox 1118 3560 1365 3614; x_wconf 85' lang='lat' dir='ltr'><strong>videlicet</strong></span> <span class='ocrx_word' id='word_1_392' title='bbox 1383 3574 1596 3629; x_wconf 80' lang='lat' dir='ltr'><strong>corpus</strong></span> <span class='ocrx_word' id='word_1_393' title='bbox 1643 3558 1870 3620; x_wconf 75' lang='lat' dir='ltr'><strong>Christi,</strong></span> <span class='ocrx_word' id='word_1_394' title='bbox 1909 3555 2054 3627; x_wconf 89' lang='lat' dir='ltr'><strong>quod</strong></span> <span class='ocrx_word' id='word_1_395' title='bbox 2087 3554 2180 3609; x_wconf 90' lang='lat' dir='ltr'><strong>Dei</strong></span> <span class='ocrx_word' id='word_1_396' title='bbox 2215 3554 2376 3609; x_wconf 86' lang='lat' dir='ltr'><strong>Verbi</strong></span> 
     </span>
    </p>
   </div>
   <div class='ocr_carea' id='block_1_53' title="bbox 816 3649 2377 3725">
    <p class='ocr_par' dir='ltr' id='par_1_53' title="bbox 816 3649 2377 3725">
     <span class='ocr_line' id='line_1_53' title="bbox 816 3649 2377 3725; baseline -0.005 -15"><span class='ocrx_word' id='word_1_397' title='bbox 816 3658 869 3710; x_wconf 89' lang='lat' dir='ltr'><strong>in</strong></span> <span class='ocrx_word' id='word_1_398' title='bbox 897 3656 1015 3725; x_wconf 91' lang='lat' dir='ltr'><strong>ipso</strong></span> <span class='ocrx_word' id='word_1_399' title='bbox 1050 3653 1343 3708; x_wconf 80' lang='lat' dir='ltr'><strong>habitantis</strong></span> <span class='ocrx_word' id='word_1_400' title='bbox 1365 3654 1635 3721; x_wconf 86' lang='lat' dir='ltr'><strong>templum</strong></span> <span class='ocrx_word' id='word_1_401' title='bbox 1670 3659 1815 3716; x_wconf 88' lang='lat' dir='ltr'><strong>.erat,</strong></span> <span class='ocrx_word' id='word_1_402' title='bbox 1857 3657 1917 3703; x_wconf 94' lang='lat' dir='ltr'><strong>ut</strong></span> <span class='ocrx_word' id='word_1_403' title='bbox 1953 3654 2067 3722; x_wconf 89' lang='lat' dir='ltr'><strong>ipse</strong></span> <span class='ocrx_word' id='word_1_404' title='bbox 2099 3650 2173 3702; x_wconf 89' lang='lat' dir='ltr'><strong>ait</strong></span> <span class='ocrx_word' id='word_1_405' title='bbox 2205 3669 2217 3703; x_wconf 91' lang='lat'>:</span> <span class='ocrx_word' id='word_1_406' title='bbox 2255 3649 2377 3703; x_wconf 86' lang='lat' dir='ltr'><strong>Sol-</strong></span> 
     </span>
    </p>
   </div>
   <div class='ocr_carea' id='block_1_54' title="bbox 814 3741 2372 3815">
    <p class='ocr_par' dir='ltr' id='par_1_54' title="bbox 814 3741 2372 3815">
     <span class='ocr_line' id='line_1_54' title="bbox 814 3741 2372 3815; baseline -0.006 -14"><span class='ocrx_word' id='word_1_407' title='bbox 814 3750 914 3801; x_wconf 83' lang='lat' dir='ltr'><strong>vite</strong></span> <span class='ocrx_word' id='word_1_408' title='bbox 944 3746 1191 3815; x_wconf 83' lang='lat' dir='ltr'><strong>templum</strong></span> <span class='ocrx_word' id='word_1_409' title='bbox 1222 3745 1413 3806; x_wconf 77' lang='lat' dir='ltr'><strong>hoc,.et</strong></span> <span class='ocrx_word' id='word_1_410' title='bbox 1435 3745 1486 3796; x_wconf 84' lang='lat' dir='ltr'><strong>ia</strong></span> <span class='ocrx_word' id='word_1_411' title='bbox 1519 3742 1681 3796; x_wconf 84' lang='lat' dir='ltr'><strong>tribus</strong></span> <span class='ocrx_word' id='word_1_412' title='bbox 1702 3741 1893 3795; x_wconf 81' lang='lat' dir='ltr'><strong>diebus</strong></span> <span class='ocrx_word' id='word_1_413' title='bbox 1914 3741 2152 3795; x_wconf 74' lang='lat' dir='ltr'><strong>excitabo</strong></span> <span class='ocrx_word' id='word_1_414' title='bbox 2174 3741 2308 3794; x_wconf 85' lang='lat' dir='ltr'><strong>illud</strong></span> <span class='ocrx_word' id='word_1_415' title='bbox 2331 3743 2372 3807; x_wconf 69' lang='lat'><strong>9;</strong></span> 
     </span>
    </p>
   </div>
   <div class='ocr_carea' id='block_1_55' title="bbox 813 3834 2374 3905">
    <p class='ocr_par' dir='ltr' id='par_1_55' title="bbox 813 3834 2374 3905">
     <span class='ocr_line' id='line_1_55' title="bbox 813 3834 2374 3905; baseline -0.004 -10"><span class='ocrx_word' id='word_1_416' title='bbox 813 3841 881 3895; x_wconf 86' lang='lat' dir='ltr'><strong>ad</strong></span> <span class='ocrx_word' id='word_1_417' title='bbox 903 3840 1031 3895; x_wconf 68' lang='lat' dir='ltr'><strong>haec</strong></span> <span class='ocrx_word' id='word_1_418' title='bbox 1067 3837 1233 3891; x_wconf 86' lang='lat' dir='ltr'><strong>etiam</strong></span> <span class='ocrx_word' id='word_1_419' title='bbox 1267 3836 1465 3905; x_wconf 85' lang='lat' dir='ltr'><strong>populo</strong></span> <span class='ocrx_word' id='word_1_420' title='bbox 1498 3849 1597 3889; x_wconf 86' lang='lat' dir='ltr'><strong>suo</strong></span> <span class='ocrx_word' id='word_1_421' title='bbox 1644 3834 1815 3905; x_wconf 90' lang='lat' dir='ltr'><strong>legem</strong></span> <span class='ocrx_word' id='word_1_422' title='bbox 1870 3835 2026 3888; x_wconf 90' lang='lat' dir='ltr'><strong>aliam</strong></span> <span class='ocrx_word' id='word_1_423' title='bbox 2049 3875 2063 3898; x_wconf 93' lang='lat'><strong>,</strong></span> <span class='ocrx_word' id='word_1_424' title='bbox 2103 3835 2374 3904; x_wconf 80' lang='lat' dir='ltr'><strong>evangeli-</strong></span> 
     </span>
    </p>
   </div>
   <div class='ocr_carea' id='block_1_56' title="bbox 812 3924 2374 3996">
    <p class='ocr_par' dir='ltr' id='par_1_56' title="bbox 812 3924 2374 3996">
     <span class='ocr_line' id='line_1_56' title="bbox 812 3924 2374 3996; baseline -0.006 -10"><span class='ocrx_word' id='word_1_425' title='bbox 812 3946 934 3986; x_wconf 87' lang='lat' dir='ltr'><strong>cam</strong></span> <span class='ocrx_word' id='word_1_426' title='bbox 961 3925 1433 3991; x_wconf 85' lang='lat' dir='ltr'><strong>videlicet,tradit.</strong></span> <span class='ocrx_word' id='word_1_427' title='bbox 1473 3924 1592 3980; x_wconf 88' lang='lat' dir='ltr'><strong>Ideo</strong></span> <span class='ocrx_word' id='word_1_428' title='bbox 1619 3925 1965 3996; x_wconf 75' lang='lat' dir='ltr'><strong>inpr-incipio</strong></span> <span class='ocrx_word' id='word_1_429' title='bbox 1991 3924 2154 3996; x_wconf 85' lang='lat' dir='ltr'><strong>hujus</strong></span> <span class='ocrx_word' id='word_1_430' title='bbox 2179 3925 2374 3996; x_wconf 85' lang='lat' dir='ltr'><strong>psalmi</strong></span> 
     </span>
    </p>
   </div>
   <div class='ocr_carea' id='block_1_57' title="bbox 812 4015 2373 4088">
    <p class='ocr_par' dir='ltr' id='par_1_57' title="bbox 812 4015 2373 4088">
     <span class='ocr_line' id='line_1_57' title="bbox 812 4015 2373 4088; baseline -0.004 -12"><span class='ocrx_word' id='word_1_431' title='bbox 812 4022 888 4076; x_wconf 85' lang='lat' dir='ltr'><strong>ait</strong></span> <span class='ocrx_word' id='word_1_432' title='bbox 922 4038 936 4074; x_wconf 89' lang='lat'><strong>:</strong></span> <span class='ocrx_word' id='word_1_433' title='bbox 968 4015 1250 4080; x_wconf 80' lang='lat' dir='ltr'><strong>Attendite,</strong></span> <span class='ocrx_word' id='word_1_434' title='bbox 1281 4017 1466 4084; x_wconf 86' lang='lat' dir='ltr'><strong>popule</strong></span> <span class='ocrx_word' id='word_1_435' title='bbox 1499 4033 1664 4082; x_wconf 86' lang='lat' dir='ltr'><strong>meus,</strong></span> <span class='ocrx_word' id='word_1_436' title='bbox 1703 4016 1862 4088; x_wconf 82' lang='lat' dir='ltr'><strong>legem</strong></span> <span class='ocrx_word' id='word_1_437' title='bbox 1892 4033 2091 4082; x_wconf 82' lang='lat' dir='ltr'><strong>meam;</strong></span> <span class='ocrx_word' id='word_1_438' title='bbox 2119 4025 2373 4072; x_wconf 63' lang='lat' dir='ltr'><strong>cmterum</strong></span> 
     </span>
    </p>
   </div>
   <div class='ocr_carea' id='block_1_58' title="bbox 812 4108 2373 4185">
    <p class='ocr_par' dir='ltr' id='par_1_58' title="bbox 812 4108 2373 4185">
     <span class='ocr_line' id='line_1_58' title="bbox 812 4108 2373 4185; baseline -0.006 -17"><span class='ocrx_word' id='word_1_439' title='bbox 812 4115 982 4185; x_wconf 88' lang='lat' dir='ltr'><strong>legem</strong></span> <span class='ocrx_word' id='word_1_440' title='bbox 1029 4110 1306 4178; x_wconf 89' lang='lat' dir='ltr'><strong>antiquam</strong></span> <span class='ocrx_word' id='word_1_441' title='bbox 1339 4116 1391 4163; x_wconf 90' lang='lat' dir='ltr'><strong>et</strong></span> <span class='ocrx_word' id='word_1_442' title='bbox 1449 4118 1682 4168; x_wconf 82' lang='lat' dir='ltr'><strong>veterem</strong></span> <span class='ocrx_word' id='word_1_443' title='bbox 1742 4108 2211 4176; x_wconf 76' lang='lat' dir='ltr'><strong>testiﬁcationem)</strong></span> <span class='ocrx_word' id='word_1_444' title='bbox 2249 4124 2373 4179; x_wconf 88' lang='lat' dir='ltr'><strong>nam</strong></span> 
     </span>
    </p>
   </div>
   <div class='ocr_carea' id='block_1_59' title="bbox 817 4201 2372 4276">
    <p class='ocr_par' dir='ltr' id='par_1_59' title="bbox 817 4201 2372 4276">
     <span class='ocr_line' id='line_1_59' title="bbox 817 4201 2372 4276; baseline -0.001 -19"><span class='ocrx_word' id='word_1_445' title='bbox 817 4209 896 4261; x_wconf 83' lang='lat' dir='ltr'><strong>sic</strong></span> <span class='ocrx_word' id='word_1_446' title='bbox 930 4207 1315 4276; x_wconf 82' lang='lat' dir='ltr'><strong>interpretatus</strong></span> <span class='ocrx_word' id='word_1_447' title='bbox 1364 4204 1722 4276; x_wconf 85' lang='lat' dir='ltr'><strong>Symmachus</strong></span> <span class='ocrx_word' id='word_1_448' title='bbox 1760 4211 1863 4268; x_wconf 91' lang='lat' dir='ltr'><strong>est,</strong></span> <span class='ocrx_word' id='word_1_449' title='bbox 1887 4203 2073 4259; x_wconf 86' lang='lat' dir='ltr'><strong>dicens</strong></span> <span class='ocrx_word' id='word_1_450' title='bbox 2105 4224 2116 4258; x_wconf 91' lang='lat'>:</span> <span class='ocrx_word' id='word_1_451' title='bbox 2157 4201 2224 4256; x_wconf 86' lang='lat' dir='ltr'><strong>Et</strong></span> <span class='ocrx_word' id='word_1_452' title='bbox 2259 4212 2372 4256; x_wconf 84' lang='lat' dir='ltr'><strong>sta-</strong></span> 
     </span>
    </p>
   </div>
   <div class='ocr_carea' id='block_1_60' title="bbox 812 4295 2375 4367">
    <p class='ocr_par' dir='ltr' id='par_1_60' title="bbox 812 4295 2375 4367">
     <span class='ocr_line' id='line_1_60' title="bbox 812 4295 2375 4367; baseline -0.003 -16"><span class='ocrx_word' id='word_1_453' title='bbox 812 4299 910 4351; x_wconf 78' lang='lat' dir='ltr'><strong>tuit</strong></span> <span class='ocrx_word' id='word_1_454' title='bbox 941 4297 1355 4367; x_wconf 78' lang='lat' dir='ltr'><strong>testiﬁcationem</strong></span> <span class='ocrx_word' id='word_1_455' title='bbox 1383 4295 1572 4365; x_wconf 82' lang='lat' dir='ltr'><strong>Jacob)</strong></span> <span class='ocrx_word' id='word_1_456' title='bbox 1604 4309 1726 4349; x_wconf 89' lang='lat' dir='ltr'><strong>cum</strong></span> <span class='ocrx_word' id='word_1_457' title='bbox 1759 4297 1936 4364; x_wconf 88' lang='lat' dir='ltr'><strong>priore</strong></span> <span class='ocrx_word' id='word_1_458' title='bbox 1961 4295 2167 4364; x_wconf 89' lang='lat' dir='ltr'><strong>.populo</strong></span> <span class='ocrx_word' id='word_1_459' title='bbox 2196 4295 2375 4361; x_wconf 87' lang='lat' dir='ltr'><strong>dispo-</strong></span> 
     </span>
    </p>
   </div>
   <div class='ocr_carea' id='block_1_61' title="bbox 799 4386 2376 4461">
    <p class='ocr_par' dir='ltr' id='par_1_61' title="bbox 799 4386 2376 4461">
     <span class='ocr_line' id='line_1_61' title="bbox 799 4386 2376 4461; baseline -0.003 -18"><span class='ocrx_word' id='word_1_460' title='bbox 799 4393 939 4457; x_wconf 72' lang='lat' dir='ltr'><strong>suit,</strong></span> <span class='ocrx_word' id='word_1_461' title='bbox 959 4391 1276 4461; x_wconf 65' lang='lat' dir='ltr'><strong>praecipiens</strong></span> <span class='ocrx_word' id='word_1_462' title='bbox 1307 4389 1439 4459; x_wconf 81' lang='lat' dir='ltr'><strong>ipsis</strong></span> <span class='ocrx_word' id='word_1_463' title='bbox 1466 4395 1524 4441; x_wconf 91' lang='lat' dir='ltr'><strong>ut</strong></span> <span class='ocrx_word' id='word_1_464' title='bbox 1545 4394 1669 4440; x_wconf 88' lang='lat' dir='ltr'><strong>nota</strong></span> <span class='ocrx_word' id='word_1_465' title='bbox 1693 4386 1930 4441; x_wconf 85' lang='lat' dir='ltr'><strong>facerent</strong></span> <span class='ocrx_word' id='word_1_466' title='bbox 1952 4400 2017 4440; x_wconf 83' lang='lat' dir='ltr'><strong>ea</strong></span> <span class='ocrx_word' id='word_1_467' title='bbox 2049 4387 2170 4439; x_wconf 84' lang='lat' dir='ltr'><strong>ﬁliis</strong></span> <span class='ocrx_word' id='word_1_468' title='bbox 2200 4393 2252 4438; x_wconf 90' lang='lat' dir='ltr'><strong>et</strong></span> <span class='ocrx_word' id='word_1_469' title='bbox 2281 4401 2376 4438; x_wconf 84' lang='lat' dir='ltr'><strong>ne-</strong></span> 
     </span>
    </p>
   </div>
   <div class='ocr_carea' id='block_1_62' title="bbox 802 4478 2372 4556">
    <p class='ocr_par' dir='ltr' id='par_1_62' title="bbox 802 4478 2372 4556">
     <span class='ocr_line' id='line_1_62' title="bbox 802 4478 2372 4556; baseline -0.003 -20"><span class='ocrx_word' id='word_1_470' title='bbox 802 4485 1026 4556; x_wconf 87' lang='lat' dir='ltr'><strong>.potibus</strong></span> <span class='ocrx_word' id='word_1_471' title='bbox 1053 4484 1188 4548; x_wconf 80' lang='lat' dir='ltr'><strong>suis,</strong></span> <span class='ocrx_word' id='word_1_472' title='bbox 1229 4491 1286 4536; x_wconf 94' lang='lat' dir='ltr'><strong>ut</strong></span> <span class='ocrx_word' id='word_1_473' title='bbox 1306 4481 1584 4552; x_wconf 90' lang='lat' dir='ltr'><strong>generatio</strong></span> <span class='ocrx_word' id='word_1_474' title='bbox 1618 4479 1765 4533; x_wconf 86' lang='lat' dir='ltr'><strong>nulla</strong></span> <span class='ocrx_word' id='word_1_475' title='bbox 1792 4481 2085 4549; x_wconf 88' lang='lat' dir='ltr'><strong>ignoraret,</strong></span> <span class='ocrx_word' id='word_1_476' title='bbox 2116 4479 2206 4532; x_wconf 84' lang='lat' dir='ltr'><strong>sed</strong></span> <span class='ocrx_word' id='word_1_477' title='bbox 2241 4478 2372 4546; x_wconf 82' lang='lat' dir='ltr'><strong>legis</strong></span> 
     </span>
    </p>
   </div>
   <div class='ocr_carea' id='block_1_63' title="bbox 806 4567 2372 4646">
    <p class='ocr_par' dir='ltr' id='par_1_63' title="bbox 806 4567 2372 4646">
     <span class='ocr_line' id='line_1_63' title="bbox 806 4567 2372 4646; baseline -0.008 -15"><span class='ocrx_word' id='word_1_478' title='bbox 806 4577 1053 4632; x_wconf 86' lang='lat' dir='ltr'><strong>doctrina</strong></span> <span class='ocrx_word' id='word_1_479' title='bbox 1099 4576 1154 4630; x_wconf 88' lang='lat' dir='ltr'><strong>in</strong></span> <span class='ocrx_word' id='word_1_480' title='bbox 1197 4574 1430 4646; x_wconf 90' lang='lat' dir='ltr'><strong>posteris</strong></span> <span class='ocrx_word' id='word_1_481' title='bbox 1485 4587 1699 4643; x_wconf 86' lang='lat' dir='ltr'><strong>quoque</strong></span> <span class='ocrx_word' id='word_1_482' title='bbox 1756 4577 2017 4625; x_wconf 88' lang='lat' dir='ltr'><strong>maneret.</strong></span> <span class='ocrx_word' id='word_1_483' title='bbox 2051 4567 2259 4623; x_wconf 74' lang='lat' dir='ltr'><strong>Idcirco</strong></span> <span class='ocrx_word' id='word_1_484' title='bbox 2288 4568 2372 4620; x_wconf 89' lang='lat' dir='ltr'><strong>di-</strong></span> 
     </span>
    </p>
   </div>
   <div class='ocr_carea' id='block_1_64' title="bbox 2487 2096 4056 2175">
    <p class='ocr_par' dir='ltr' id='par_1_64' title="bbox 2487 2096 4056 2175">
     <span class='ocr_line' id='line_1_64' title="bbox 2487 2096 4056 2175; baseline 0.006 -28"><span class='ocrx_word' id='word_1_485' title='bbox 2487 2097 2590 2148; x_wconf 82' lang='grc' dir='ltr'>ὐπὸ</span> <span class='ocrx_word' id='word_1_486' title='bbox 2627 2096 2735 2148; x_wconf 81' lang='grc' dir='ltr'>τῶν</span> <span class='ocrx_word' id='word_1_487' title='bbox 2787 2099 3056 2168; x_wconf 84' lang='grc' dir='ltr'>πατέρων,</span> <span class='ocrx_word' id='word_1_488' title='bbox 3099 2099 3240 2170; x_wconf 75' lang='grc' dir='ltr'>ἆπερ</span> <span class='ocrx_word' id='word_1_489' title='bbox 3286 2102 3482 2165; x_wconf 85' lang='grc' dir='ltr'>αὐτοὺς</span> <span class='ocrx_word' id='word_1_490' title='bbox 3524 2105 3552 2155; x_wconf 92' lang='lat'><strong>6</strong></span> <span class='ocrx_word' id='word_1_491' title='bbox 3594 2102 3724 2166; x_wconf 84' lang='grc' dir='ltr'>Θεὸς</span> <span class='ocrx_word' id='word_1_492' title='bbox 3755 2104 4056 2175; x_wconf 77' lang='grc' dir='ltr'>εὐεργετῶν</span> 
     </span>
    </p>
   </div>
   <div class='ocr_carea' id='block_1_65' title="bbox 2484 2187 4053 2267">
    <p class='ocr_par' dir='ltr' id='par_1_65' title="bbox 2484 2187 4053 2267">
     <span class='ocr_line' id='line_1_65' title="bbox 2484 2187 4053 2267; baseline 0.006 -28"><span class='ocrx_word' id='word_1_493' title='bbox 2484 2187 2802 2258; x_wconf 80' lang='grc' dir='ltr'>διεπράξατο</span> <span class='ocrx_word' id='word_1_494' title='bbox 2820 2207 2833 2218; x_wconf 71' lang='grc' dir='ltr'><strong>ο</strong></span> <span class='ocrx_word' id='word_1_495' title='bbox 2859 2188 2914 2241; x_wconf 84' lang='grc' dir='ltr'>ἓν</span> <span class='ocrx_word' id='word_1_496' title='bbox 2939 2190 2995 2242; x_wconf 82' lang='grc' dir='ltr'>δὲ</span> <span class='ocrx_word' id='word_1_497' title='bbox 3019 2190 3073 2242; x_wconf 85' lang='grc' dir='ltr'><strong>τὸ</strong></span> <span class='ocrx_word' id='word_1_498' title='bbox 3096 2191 3308 2244; x_wconf 82' lang='grc' dir='ltr'>πάντων</span> <span class='ocrx_word' id='word_1_499' title='bbox 3330 2194 3747 2264; x_wconf 83' lang='grc' dir='ltr'>ἀναγκαιότερον</span> <span class='ocrx_word' id='word_1_500' title='bbox 3773 2197 3945 2249; x_wconf 79' lang='grc' dir='ltr'>έκεῖνο</span> <span class='ocrx_word' id='word_1_501' title='bbox 3966 2191 4053 2267; x_wconf 86' lang='grc' dir='ltr'>ἦν,</span> 
     </span>
    </p>
   </div>
   <div class='ocr_carea' id='block_1_66' title="bbox 2484 2276 4051 2356">
    <p class='ocr_par' dir='ltr' id='par_1_66' title="bbox 2484 2276 4051 2356">
     <span class='ocr_line' id='line_1_66' title="bbox 2484 2276 4051 2356; baseline 0.006 -27"><span class='ocrx_word' id='word_1_502' title='bbox 2484 2276 2625 2345; x_wconf 83' lang='grc' dir='ltr'>λέγω</span> <span class='ocrx_word' id='word_1_503' title='bbox 2645 2278 2698 2329; x_wconf 77' lang='grc' dir='ltr'>δὲ</span> <span class='ocrx_word' id='word_1_504' title='bbox 2729 2278 2788 2330; x_wconf 84' lang='grc' dir='ltr'><strong>τὸ</strong></span> <span class='ocrx_word' id='word_1_505' title='bbox 2812 2278 3126 2350; x_wconf 82' lang='grc' dir='ltr'>μαρτύριον,</span> <span class='ocrx_word' id='word_1_506' title='bbox 3149 2280 3241 2333; x_wconf 81' lang='grc' dir='ltr'><strong>καὶ</strong></span> <span class='ocrx_word' id='word_1_507' title='bbox 3274 2282 3300 2333; x_wconf 97' lang='lat'><strong>6</strong></span> <span class='ocrx_word' id='word_1_508' title='bbox 3337 2284 3392 2334; x_wconf 83' lang='grc' dir='ltr'>ὲν</span> <span class='ocrx_word' id='word_1_509' title='bbox 3432 2281 3510 2353; x_wconf 83' lang='grc' dir='ltr'>τῷ</span> <span class='ocrx_word' id='word_1_510' title='bbox 3551 2285 3832 2356; x_wconf 82' lang='grc' dir='ltr'>μαρτυρίῳ</span> <span class='ocrx_word' id='word_1_511' title='bbox 3869 2286 4051 2356; x_wconf 84' lang='grc' dir='ltr'>νόμος,</span> 
     </span>
    </p>
   </div>
   <div class='ocr_carea' id='block_1_67' title="bbox 2484 2369 4053 2447">
    <p class='ocr_par' dir='ltr' id='par_1_67' title="bbox 2484 2369 4053 2447">
     <span class='ocr_line' id='line_1_67' title="bbox 2484 2369 4053 2447; baseline 0.006 -26"><span class='ocrx_word' id='word_1_512' title='bbox 2484 2369 2543 2421; x_wconf 81' lang='grc' dir='ltr'>ὃν</span> <span class='ocrx_word' id='word_1_513' title='bbox 2581 2371 2868 2439; x_wconf 77' lang='grc' dir='ltr'>ἐγγράφως</span> <span class='ocrx_word' id='word_1_514' title='bbox 2929 2373 3110 2434; x_wconf 81' lang='grc' dir='ltr'>αὐτοῖς</span> <span class='ocrx_word' id='word_1_515' title='bbox 3158 2373 3504 2443; x_wconf 79' lang='grc' dir='ltr'>παρέδωκεν,</span> <span class='ocrx_word' id='word_1_516' title='bbox 3545 2376 3920 2447; x_wconf 70' lang='grc' dir='ltr'>ἐντειλάμενος</span> <span class='ocrx_word' id='word_1_517' title='bbox 3957 2395 4053 2447; x_wconf 75' lang='grc' dir='ltr'>με·</span> 
     </span>
    </p>
   </div>
   <div class='ocr_carea' id='block_1_68' title="bbox 2483 2460 4054 2537">
    <p class='ocr_par' dir='ltr' id='par_1_68' title="bbox 2483 2460 4054 2537">
     <span class='ocr_line' id='line_1_68' title="bbox 2483 2460 4054 2537; baseline 0.007 -26"><span class='ocrx_word' id='word_1_518' title='bbox 2483 2460 2641 2530; x_wconf 76' lang='grc' dir='ltr'>λετᾷν</span> <span class='ocrx_word' id='word_1_519' title='bbox 2677 2464 2725 2512; x_wconf 65' lang='grc' dir='ltr'><strong>ἐν</strong></span> <span class='ocrx_word' id='word_1_520' title='bbox 2764 2461 2928 2532; x_wconf 76' lang='grc' dir='ltr'>αὐτῷ,</span> <span class='ocrx_word' id='word_1_521' title='bbox 2957 2465 3045 2516; x_wconf 78' lang='grc' dir='ltr'><strong>καὶ</strong></span> <span class='ocrx_word' id='word_1_522' title='bbox 3087 2468 3192 2528; x_wconf 84' lang='grc' dir='ltr'>τοῖς</span> <span class='ocrx_word' id='word_1_523' title='bbox 3225 2466 3402 2517; x_wconf 73' lang='grc' dir='ltr'>αὐτῶν</span> <span class='ocrx_word' id='word_1_524' title='bbox 3446 2468 3600 2519; x_wconf 82' lang='grc' dir='ltr'>παισί</span> <span class='ocrx_word' id='word_1_525' title='bbox 3632 2485 3691 2519; x_wconf 93' lang='grc' dir='ltr'><strong>τε</strong></span> <span class='ocrx_word' id='word_1_526' title='bbox 3720 2469 3812 2521; x_wconf 77' lang='grc' dir='ltr'><strong>καὶ</strong></span> <span class='ocrx_word' id='word_1_527' title='bbox 3855 2470 4054 2537; x_wconf 80' lang='grc' dir='ltr'>ἀπογό-</span> 
     </span>
    </p>
   </div>
   <div class='ocr_carea' id='block_1_69' title="bbox 2483 2553 4052 2632">
    <p class='ocr_par' dir='ltr' id='par_1_69' title="bbox 2483 2553 4052 2632">
     <span class='ocr_line' id='line_1_69' title="bbox 2483 2553 4052 2632; baseline 0.006 -29"><span class='ocrx_word' id='word_1_528' title='bbox 2483 2570 2590 2616; x_wconf 83' lang='grc' dir='ltr'>νοις</span> <span class='ocrx_word' id='word_1_529' title='bbox 2619 2557 2728 2616; x_wconf 82' lang='grc' dir='ltr'>τοῐς</span> <span class='ocrx_word' id='word_1_530' title='bbox 2756 2553 2894 2606; x_wconf 79' lang='grc' dir='ltr'>κατὰ</span> <span class='ocrx_word' id='word_1_531' title='bbox 2915 2555 3160 2626; x_wconf 84' lang='grc' dir='ltr'>διαδοχὴν</span> <span class='ocrx_word' id='word_1_532' title='bbox 3186 2556 3564 2626; x_wconf 80' lang='grc' dir='ltr'>γενησομένοις</span> <span class='ocrx_word' id='word_1_533' title='bbox 3585 2559 3930 2629; x_wconf 83' lang='grc' dir='ltr'>παραδιδόναι</span> <span class='ocrx_word' id='word_1_534' title='bbox 3959 2560 4052 2632; x_wconf 79' lang='grc' dir='ltr'><strong>τὴν</strong></span> 
     </span>
    </p>
   </div>
   <div class='ocr_carea' id='block_1_70' title="bbox 2482 2644 4054 2720">
    <p class='ocr_par' dir='ltr' id='par_1_70' title="bbox 2482 2644 4054 2720">
     <span class='ocr_line' id='line_1_70' title="bbox 2482 2644 4054 2720; baseline 0.006 -24"><span class='ocrx_word' id='word_1_535' title='bbox 2482 2644 2669 2697; x_wconf 88' lang='grc' dir='ltr'>τούτου</span> <span class='ocrx_word' id='word_1_536' title='bbox 2707 2644 2950 2715; x_wconf 82' lang='grc' dir='ltr'>μελέτην.</span> <span class='ocrx_word' id='word_1_537' title='bbox 2985 2646 3072 2698; x_wconf 89' lang='grc' dir='ltr'>Διό</span> <span class='ocrx_word' id='word_1_538' title='bbox 3094 2663 3252 2717; x_wconf 76' lang='grc' dir='ltr'><strong>φησι⁸</strong></span> <span class='ocrx_word' id='word_1_539' title='bbox 3283 2649 3390 2700; x_wconf 78' lang='grc' dir='ltr'><strong>Καὶ</strong></span> <span class='ocrx_word' id='word_1_540' title='bbox 3417 2648 3719 2714; x_wconf 80' lang='grc' dir='ltr'>ἀνέστησε</span> <span class='ocrx_word' id='word_1_541' title='bbox 3733 2653 4054 2720; x_wconf 81' lang='grc' dir='ltr'>μαρτύριον</span> 
     </span>
    </p>
   </div>
   <div class='ocr_carea' id='block_1_71' title="bbox 2480 2737 4052 2818">
    <p class='ocr_par' dir='ltr' id='par_1_71' title="bbox 2480 2737 4052 2818">
     <span class='ocr_line' id='line_1_71' title="bbox 2480 2737 4052 2818; baseline 0.006 -29"><span class='ocrx_word' id='word_1_542' title='bbox 2480 2739 2550 2790; x_wconf 86' lang='grc' dir='ltr'>ἐν</span> <span class='ocrx_word' id='word_1_543' title='bbox 2591 2737 2800 2800; x_wconf 72' lang='grc' dir='ltr'>Ἰακὼϐ,</span> <span class='ocrx_word' id='word_1_544' title='bbox 2834 2738 2928 2790; x_wconf 78' lang='grc' dir='ltr'>καὶ</span> <span class='ocrx_word' id='word_1_545' title='bbox 2957 2740 3142 2808; x_wconf 80' lang='grc' dir='ltr'>νόμον</span> <span class='ocrx_word' id='word_1_546' title='bbox 3171 2743 3333 2794; x_wconf 76' lang='grc' dir='ltr'>ἔθετο</span> <span class='ocrx_word' id='word_1_547' title='bbox 3359 2741 3430 2794; x_wconf 83' lang='grc' dir='ltr'>ἐν</span> <span class='ocrx_word' id='word_1_548' title='bbox 3459 2743 3711 2809; x_wconf 75' lang='grc' dir='ltr'>Ἰσραήλ.</span> <span class='ocrx_word' id='word_1_549' title='bbox 3741 2745 4052 2818; x_wconf 83' lang='grc' dir='ltr'>Μαρτύριον</span> 
     </span>
    </p>
   </div>
   <div class='ocr_carea' id='block_1_72' title="bbox 2480 2828 4048 2907">
    <p class='ocr_par' dir='ltr' id='par_1_72' title="bbox 2480 2828 4048 2907">
     <span class='ocr_line' id='line_1_72' title="bbox 2480 2828 4048 2907; baseline 0.006 -28"><span class='ocrx_word' id='word_1_550' title='bbox 2480 2828 2535 2880; x_wconf 83' lang='grc' dir='ltr'><strong>δὲ</strong></span> <span class='ocrx_word' id='word_1_551' title='bbox 2568 2829 2867 2900; x_wconf 79' lang='grc' dir='ltr'>ὲκαλεῖτοή</span> <span class='ocrx_word' id='word_1_552' title='bbox 2899 2831 3070 2902; x_wconf 85' lang='grc' dir='ltr'>σκηνὴ</span> <span class='ocrx_word' id='word_1_553' title='bbox 3099 2831 3190 2884; x_wconf 84' lang='grc' dir='ltr'><strong>τοῦ</strong></span> <span class='ocrx_word' id='word_1_554' title='bbox 3220 2833 3539 2903; x_wconf 79' lang='grc' dir='ltr'>μαρτυρίου,</span> <span class='ocrx_word' id='word_1_555' title='bbox 3569 2835 3626 2886; x_wconf 83' lang='grc' dir='ltr'><strong>ἐν</strong></span> <span class='ocrx_word' id='word_1_556' title='bbox 3718 2834 3974 2888; x_wconf 81' lang='grc' dir='ltr'>ἀπέκειτο</span> <span class='ocrx_word' id='word_1_557' title='bbox 4016 2839 4048 2907; x_wconf 78' lang='lat' dir='ltr'><strong>&#39;l;</strong></span> 
     </span>
    </p>
   </div>
   <div class='ocr_carea' id='block_1_73' title="bbox 2481 2921 4049 2998">
    <p class='ocr_par' dir='ltr' id='par_1_73' title="bbox 2481 2921 4049 2998">
     <span class='ocr_line' id='line_1_73' title="bbox 2481 2921 4049 2998; baseline 0.005 -26"><span class='ocrx_word' id='word_1_558' title='bbox 2481 2921 2710 2983; x_wconf 75' lang='grc' dir='ltr'>κιϐωτὸς</span> <span class='ocrx_word' id='word_1_559' title='bbox 2757 2922 2854 2990; x_wconf 79' lang='grc' dir='ltr'>τῆς</span> <span class='ocrx_word' id='word_1_560' title='bbox 2887 2923 3156 2993; x_wconf 86' lang='grc' dir='ltr'>Διαθήκης</span> <span class='ocrx_word' id='word_1_561' title='bbox 3177 2964 3190 2986; x_wconf 93' lang='grc'><strong>,</strong></span> <span class='ocrx_word' id='word_1_562' title='bbox 3232 2926 3323 2977; x_wconf 71' lang='grc' dir='ltr'><strong>καὶ</strong></span> <span class='ocrx_word' id='word_1_563' title='bbox 3354 2928 3381 2977; x_wconf 91' lang='lat'><strong>6</strong></span> <span class='ocrx_word' id='word_1_564' title='bbox 3409 2928 3466 2979; x_wconf 85' lang='grc' dir='ltr'>ἐν</span> <span class='ocrx_word' id='word_1_565' title='bbox 3494 2929 3560 2997; x_wconf 82' lang='grc' dir='ltr'>τῇ</span> <span class='ocrx_word' id='word_1_566' title='bbox 3616 2927 3835 2997; x_wconf 81' lang='grc' dir='ltr'>κιϐωτῷ</span> <span class='ocrx_word' id='word_1_567' title='bbox 3869 2927 4049 2998; x_wconf 86' lang='grc' dir='ltr'>νόμος,</span> 
     </span>
    </p>
   </div>
   <div class='ocr_carea' id='block_1_74' title="bbox 2481 3009 4052 3088">
    <p class='ocr_par' dir='ltr' id='par_1_74' title="bbox 2481 3009 4052 3088">
     <span class='ocr_line' id='line_1_74' title="bbox 2481 3009 4052 3088; baseline 0.005 -28"><span class='ocrx_word' id='word_1_568' title='bbox 2481 3009 2548 3062; x_wconf 81' lang='grc' dir='ltr'>τά</span> <span class='ocrx_word' id='word_1_569' title='bbox 2572 3027 2628 3060; x_wconf 90' lang='grc' dir='ltr'><strong>τε</strong></span> <span class='ocrx_word' id='word_1_570' title='bbox 2660 3012 2921 3081; x_wconf 65' lang='grc' dir='ltr'>χερουῶμ</span> <span class='ocrx_word' id='word_1_571' title='bbox 2948 3013 3039 3064; x_wconf 70' lang='grc' dir='ltr'>καὶ</span> <span class='ocrx_word' id='word_1_572' title='bbox 3068 3014 3127 3065; x_wconf 84' lang='grc' dir='ltr'><strong>τὸ</strong></span> <span class='ocrx_word' id='word_1_573' title='bbox 3166 3013 3493 3086; x_wconf 85' lang='grc' dir='ltr'>ἱλαστήριον,</span> <span class='ocrx_word' id='word_1_574' title='bbox 3530 3019 3622 3069; x_wconf 76' lang='grc' dir='ltr'>καὶ</span> <span class='ocrx_word' id='word_1_575' title='bbox 3650 3018 3682 3086; x_wconf 77' lang='grc' dir='ltr'><strong>η</strong></span> <span class='ocrx_word' id='word_1_576' title='bbox 3712 3017 3923 3088; x_wconf 82' lang='grc' dir='ltr'>λυχνία,</span> <span class='ocrx_word' id='word_1_577' title='bbox 3959 3017 4052 3071; x_wconf 77' lang='grc' dir='ltr'>καὶ</span> 
     </span>
    </p>
   </div>
   <div class='ocr_carea' id='block_1_75' title="bbox 2481 3102 4052 3179">
    <p class='ocr_par' dir='ltr' id='par_1_75' title="bbox 2481 3102 4052 3179">
     <span class='ocr_line' id='line_1_75' title="bbox 2481 3102 4052 3179; baseline 0.005 -26"><span class='ocrx_word' id='word_1_578' title='bbox 2481 3103 2514 3172; x_wconf 79' lang='grc' dir='ltr'>ἡ</span> <span class='ocrx_word' id='word_1_579' title='bbox 2547 3102 2812 3172; x_wconf 79' lang='grc' dir='ltr'>τράπεζα,</span> <span class='ocrx_word' id='word_1_580' title='bbox 2844 3105 2936 3157; x_wconf 79' lang='grc' dir='ltr'><strong>καὶ</strong></span> <span class='ocrx_word' id='word_1_581' title='bbox 2961 3104 2992 3173; x_wconf 81' lang='grc' dir='ltr'>ἡ</span> <span class='ocrx_word' id='word_1_582' title='bbox 3020 3103 3273 3176; x_wconf 83' lang='grc' dir='ltr'>πρόθεσις</span> <span class='ocrx_word' id='word_1_583' title='bbox 3307 3105 3414 3157; x_wconf 85' lang='grc' dir='ltr'>τῶν</span> <span class='ocrx_word' id='word_1_584' title='bbox 3441 3107 3618 3176; x_wconf 78' lang='grc' dir='ltr'>ἄρτων</span> <span class='ocrx_word' id='word_1_585' title='bbox 3638 3125 3650 3136; x_wconf 89' lang='grc'><strong>·</strong></span> <span class='ocrx_word' id='word_1_586' title='bbox 3686 3107 3828 3179; x_wconf 83' lang='grc' dir='ltr'>ἆπερ</span> <span class='ocrx_word' id='word_1_587' title='bbox 3868 3108 4052 3161; x_wconf 89' lang='grc' dir='ltr'>κελευ-</span> 
     </span>
    </p>
   </div>
   <div class='ocr_carea' id='block_1_76' title="bbox 2482 3193 4048 3269">
    <p class='ocr_par' dir='ltr' id='par_1_76' title="bbox 2482 3193 4048 3269">
     <span class='ocr_line' id='line_1_76' title="bbox 2482 3193 4048 3269; baseline 0.003 -23"><span class='ocrx_word' id='word_1_588' title='bbox 2482 3193 2629 3259; x_wconf 72' lang='grc' dir='ltr'>σθεὶς</span> <span class='ocrx_word' id='word_1_589' title='bbox 2654 3196 2874 3266; x_wconf 83' lang='grc' dir='ltr'>ποιῆσαι</span> <span class='ocrx_word' id='word_1_590' title='bbox 2901 3195 3133 3266; x_wconf 83' lang='grc' dir='ltr'>Μωσῆς,</span> <span class='ocrx_word' id='word_1_591' title='bbox 3163 3196 3304 3248; x_wconf 82' lang='grc' dir='ltr'>κατὰ</span> <span class='ocrx_word' id='word_1_592' title='bbox 3335 3197 3426 3249; x_wconf 85' lang='grc' dir='ltr'><strong>τὸν</strong></span> <span class='ocrx_word' id='word_1_593' title='bbox 3454 3197 3621 3251; x_wconf 86' lang='grc' dir='ltr'>τύπον</span> <span class='ocrx_word' id='word_1_594' title='bbox 3650 3199 3737 3252; x_wconf 82' lang='grc' dir='ltr'><strong>τὸν</strong></span> <span class='ocrx_word' id='word_1_595' title='bbox 3775 3199 4048 3269; x_wconf 68' lang='grc' dir='ltr'>δειχθέντα</span> 
     </span>
    </p>
   </div>
   <div class='ocr_carea' id='block_1_77' title="bbox 2480 3286 4050 3360">
    <p class='ocr_par' dir='ltr' id='par_1_77' title="bbox 2480 3286 4050 3360">
     <span class='ocr_line' id='line_1_77' title="bbox 2480 3286 4050 3360; baseline 0.002 -21"><span class='ocrx_word' id='word_1_596' title='bbox 2480 3286 2627 3358; x_wconf 81' lang='grc' dir='ltr'>αὐτῷ</span> <span class='ocrx_word' id='word_1_597' title='bbox 2670 3288 2728 3340; x_wconf 81' lang='grc' dir='ltr'>ὲν</span> <span class='ocrx_word' id='word_1_598' title='bbox 2777 3286 2854 3356; x_wconf 86' lang='grc' dir='ltr'>τῷ</span> <span class='ocrx_word' id='word_1_599' title='bbox 2901 3286 3017 3358; x_wconf 83' lang='grc' dir='ltr'>ὄρει</span> <span class='ocrx_word' id='word_1_600' title='bbox 3063 3287 3480 3342; x_wconf 83' lang='grc' dir='ltr'>κατεσκεύασεν.</span> <span class='ocrx_word' id='word_1_601' title='bbox 3529 3288 3690 3352; x_wconf 80' lang='grc' dir='ltr'>Ἀλλὰ</span> <span class='ocrx_word' id='word_1_602' title='bbox 3741 3289 3906 3343; x_wconf 75' lang='grc' dir='ltr'>παλαι</span> <span class='ocrx_word' id='word_1_603' title='bbox 3955 3291 4050 3360; x_wconf 68' lang='grc' dir='ltr'>μὲν</span> 
     </span>
    </p>
   </div>
   <div class='ocr_carea' id='block_1_78' title="bbox 2483 3375 4049 3452">
    <p class='ocr_par' dir='ltr' id='par_1_78' title="bbox 2483 3375 4049 3452">
     <span class='ocr_line' id='line_1_78' title="bbox 2483 3375 4049 3452; baseline 0.002 -22"><span class='ocrx_word' id='word_1_604' title='bbox 2483 3379 2688 3440; x_wconf 80' lang='grc' dir='ltr'>ἐκεῖνος</span> <span class='ocrx_word' id='word_1_605' title='bbox 2717 3377 2745 3429; x_wconf 91' lang='grc' dir='ltr'><strong>ό</strong></span> <span class='ocrx_word' id='word_1_606' title='bbox 2779 3377 2939 3448; x_wconf 89' lang='grc' dir='ltr'>νόμος</span> <span class='ocrx_word' id='word_1_607' title='bbox 2974 3375 3152 3429; x_wconf 78' lang='grc' dir='ltr'>καὶτὸ</span> <span class='ocrx_word' id='word_1_608' title='bbox 3196 3377 3490 3450; x_wconf 87' lang='grc' dir='ltr'>μαρτύριον</span> <span class='ocrx_word' id='word_1_609' title='bbox 3530 3382 3705 3434; x_wconf 82' lang='grc' dir='ltr'>έκεῖνο</span> <span class='ocrx_word' id='word_1_610' title='bbox 3745 3381 3820 3452; x_wconf 79' lang='grc' dir='ltr'>τῷ</span> <span class='ocrx_word' id='word_1_611' title='bbox 3857 3382 4049 3435; x_wconf 77' lang='grc' dir='ltr'>Ἰακὼό</span> 
     </span>
    </p>
   </div>
   <div class='ocr_carea' id='block_1_79' title="bbox 2483 3466 4048 3546">
    <p class='ocr_par' dir='ltr' id='par_1_79' title="bbox 2483 3466 4048 3546">
     <span class='ocr_line' id='line_1_79' title="bbox 2483 3466 4048 3546; baseline 0.003 -25"><span class='ocrx_word' id='word_1_612' title='bbox 2483 3469 2574 3521; x_wconf 77' lang='grc' dir='ltr'><strong>καὶ</strong></span> <span class='ocrx_word' id='word_1_613' title='bbox 2602 3466 2680 3539; x_wconf 82' lang='grc' dir='ltr'>τῷ</span> <span class='ocrx_word' id='word_1_614' title='bbox 2694 3467 2906 3538; x_wconf 83' lang='grc' dir='ltr'>Ἰσραὴλ</span> <span class='ocrx_word' id='word_1_615' title='bbox 2931 3468 3122 3523; x_wconf 88' lang='grc' dir='ltr'>δέδοτο.</span> <span class='ocrx_word' id='word_1_616' title='bbox 3145 3471 3358 3542; x_wconf 83' lang='grc' dir='ltr'>Ἐπειδὴ</span> <span class='ocrx_word' id='word_1_617' title='bbox 3385 3470 3440 3522; x_wconf 82' lang='grc' dir='ltr'>δὲ</span> <span class='ocrx_word' id='word_1_618' title='bbox 3476 3472 3792 3543; x_wconf 70' lang='grc' dir='ltr'>παρέόησαν</span> <span class='ocrx_word' id='word_1_619' title='bbox 3821 3475 3868 3526; x_wconf 85' lang='grc' dir='ltr'>οἱ</span> <span class='ocrx_word' id='word_1_620' title='bbox 3903 3491 4048 3546; x_wconf 90' lang='grc' dir='ltr'>παρ-</span> 
     </span>
    </p>
   </div>
   <div class='ocr_carea' id='block_1_80' title="bbox 2487 3556 4048 3631">
    <p class='ocr_par' dir='ltr' id='par_1_80' title="bbox 2487 3556 4048 3631">
     <span class='ocr_line' id='line_1_80' title="bbox 2487 3556 4048 3631; baseline 0.001 -22"><span class='ocrx_word' id='word_1_621' title='bbox 2487 3556 2800 3629; x_wconf 82' lang='grc' dir='ltr'>ειληφότες,</span> <span class='ocrx_word' id='word_1_622' title='bbox 2854 3557 3075 3621; x_wconf 75' lang='grc' dir='ltr'>εἰκότως</span> <span class='ocrx_word' id='word_1_623' title='bbox 3137 3557 3320 3629; x_wconf 74' lang='grc' dir='ltr'>ἕτερον</span> <span class='ocrx_word' id='word_1_624' title='bbox 3371 3559 3546 3629; x_wconf 80' lang='grc' dir='ltr'>ἑαυτῷ</span> <span class='ocrx_word' id='word_1_625' title='bbox 3588 3559 4048 3631; x_wconf 83' lang='grc' dir='ltr'>καταρτισάμενος</span> 
     </span>
    </p>
   </div>
   <div class='ocr_carea' id='block_1_81' title="bbox 2482 3648 4047 3721">
    <p class='ocr_par' dir='ltr' id='par_1_81' title="bbox 2482 3648 4047 3721">
     <span class='ocr_line' id='line_1_81' title="bbox 2482 3648 4047 3721; baseline 0.002 -20"><span class='ocrx_word' id='word_1_626' title='bbox 2482 3648 2606 3702; x_wconf 79' lang='grc' dir='ltr'>λαὸν</span> <span class='ocrx_word' id='word_1_627' title='bbox 2632 3650 2725 3703; x_wconf 72' lang='grc' dir='ltr'>καίι</span> <span class='ocrx_word' id='word_1_628' title='bbox 2754 3648 3044 3720; x_wconf 86' lang='grc' dir='ltr'>μαρτύριον</span> <span class='ocrx_word' id='word_1_629' title='bbox 3075 3649 3281 3720; x_wconf 76' lang='grc' dir='ltr'>ἕτερον,</span> <span class='ocrx_word' id='word_1_630' title='bbox 3327 3651 3388 3702; x_wconf 86' lang='grc' dir='ltr'>τὸ</span> <span class='ocrx_word' id='word_1_631' title='bbox 3435 3650 3668 3721; x_wconf 79' lang='grc' dir='ltr'>Χριστοῦ</span> <span class='ocrx_word' id='word_1_632' title='bbox 3693 3651 3850 3721; x_wconf 82' lang='grc' dir='ltr'>σῶμα</span> <span class='ocrx_word' id='word_1_633' title='bbox 3871 3690 3885 3714; x_wconf 89' lang='grc'><strong>,</strong></span> <span class='ocrx_word' id='word_1_634' title='bbox 3922 3649 4047 3704; x_wconf 77' lang='grc' dir='ltr'>ναὸν</span> 
     </span>
    </p>
   </div>
   <div class='ocr_carea' id='block_1_82' title="bbox 2480 3739 4046 3810">
    <p class='ocr_par' dir='ltr' id='par_1_82' title="bbox 2480 3739 4046 3810">
     <span class='ocr_line' id='line_1_82' title="bbox 2480 3739 4046 3810; baseline 0 -18"><span class='ocrx_word' id='word_1_635' title='bbox 2480 3739 2538 3792; x_wconf 82' lang='grc' dir='ltr'><strong>ὂν</strong></span> <span class='ocrx_word' id='word_1_636' title='bbox 2565 3739 2658 3792; x_wconf 90' lang='grc' dir='ltr'><strong>τοῦ</strong></span> <span class='ocrx_word' id='word_1_637' title='bbox 2693 3739 2966 3802; x_wconf 67' lang='grc' dir='ltr'>οἰκοῦντος</span> <span class='ocrx_word' id='word_1_638' title='bbox 2999 3741 3054 3792; x_wconf 83' lang='grc' dir='ltr'><strong>ἐν</strong></span> <span class='ocrx_word' id='word_1_639' title='bbox 3085 3739 3232 3810; x_wconf 78' lang='grc' dir='ltr'>αὐτῷ</span> <span class='ocrx_word' id='word_1_640' title='bbox 3259 3739 3392 3793; x_wconf 90' lang='grc' dir='ltr'>Θεοῦ</span> <span class='ocrx_word' id='word_1_641' title='bbox 3425 3740 3618 3808; x_wconf 90' lang='grc' dir='ltr'>Λόγου,</span> <span class='ocrx_word' id='word_1_642' title='bbox 3648 3740 3722 3803; x_wconf 83' lang='grc' dir='ltr'>ὡς</span> <span class='ocrx_word' id='word_1_643' title='bbox 3751 3740 3910 3802; x_wconf 78' lang='grc' dir='ltr'>αὐτὸς</span> <span class='ocrx_word' id='word_1_644' title='bbox 3941 3739 4046 3792; x_wconf 68' lang='grc' dir='ltr'><strong>ἐδτ-</strong></span> 
     </span>
    </p>
   </div>
   <div class='ocr_carea' id='block_1_83' title="bbox 2479 3831 4049 3904">
    <p class='ocr_par' dir='ltr' id='par_1_83' title="bbox 2479 3831 4049 3904">
     <span class='ocr_line' id='line_1_83' title="bbox 2479 3831 4049 3904; baseline 0 -20"><span class='ocrx_word' id='word_1_645' title='bbox 2479 3831 2633 3895; x_wconf 81' lang='grc' dir='ltr'>δαξεν</span> <span class='ocrx_word' id='word_1_646' title='bbox 2673 3831 2870 3904; x_wconf 79' lang='grc' dir='ltr'>εἰπών·</span> <span class='ocrx_word' id='word_1_647' title='bbox 2906 3833 3142 3886; x_wconf 85' lang='grc' dir='ltr'>Λύσατε</span> <span class='ocrx_word' id='word_1_648' title='bbox 3193 3831 3298 3884; x_wconf 87' lang='grc' dir='ltr'>τὸν</span> <span class='ocrx_word' id='word_1_649' title='bbox 3344 3831 3492 3883; x_wconf 81' lang='grc' dir='ltr'>ναὸν</span> <span class='ocrx_word' id='word_1_650' title='bbox 3533 3832 3782 3896; x_wconf 88' lang='grc' dir='ltr'>τοῦτον,</span> <span class='ocrx_word' id='word_1_651' title='bbox 3834 3833 3929 3886; x_wconf 80' lang='grc' dir='ltr'>καὶ</span> <span class='ocrx_word' id='word_1_652' title='bbox 3979 3833 4049 3885; x_wconf 84' lang='grc' dir='ltr'>ὲν</span> 
     </span>
    </p>
   </div>
   <div class='ocr_carea' id='block_1_84' title="bbox 2480 3922 4048 3993">
    <p class='ocr_par' dir='ltr' id='par_1_84' title="bbox 2480 3922 4048 3993">
     <span class='ocr_line' id='line_1_84' title="bbox 2480 3922 4048 3993; baseline 0.003 -17"><span class='ocrx_word' id='word_1_653' title='bbox 2480 3925 2676 3992; x_wconf 74' lang='grc' dir='ltr'>τρισίν</span> <span class='ocrx_word' id='word_1_654' title='bbox 2703 3923 2950 3992; x_wconf 70' lang='grc' dir='ltr'>ἡμέραις</span> <span class='ocrx_word' id='word_1_655' title='bbox 2975 3922 3158 3991; x_wconf 74' lang='grc' dir='ltr'>ἐγερῶ</span> <span class='ocrx_word' id='word_1_656' title='bbox 3193 3924 3377 3975; x_wconf 86' lang='grc' dir='ltr'>αὐτόν</span> <span class='ocrx_word' id='word_1_657' title='bbox 3395 3940 3407 3952; x_wconf 86' lang='grc'>·</span> <span class='ocrx_word' id='word_1_658' title='bbox 3445 3924 3535 3975; x_wconf 73' lang='grc' dir='ltr'>καὶ</span> <span class='ocrx_word' id='word_1_659' title='bbox 3566 3923 3700 3993; x_wconf 75' lang='grc' dir='ltr'>πρὸς</span> <span class='ocrx_word' id='word_1_660' title='bbox 3725 3925 3932 3989; x_wconf 87' lang='grc' dir='ltr'>τούτοις</span> <span class='ocrx_word' id='word_1_661' title='bbox 3956 3929 4048 3980; x_wconf 71' lang='grc' dir='ltr'><strong>καὶ</strong></span> 
     </span>
    </p>
   </div>
   <div class='ocr_carea' id='block_1_85' title="bbox 2479 4013 4048 4090">
    <p class='ocr_par' dir='ltr' id='par_1_85' title="bbox 2479 4013 4048 4090">
     <span class='ocr_line' id='line_1_85' title="bbox 2479 4013 4048 4090; baseline 0.001 -21"><span class='ocrx_word' id='word_1_662' title='bbox 2479 4017 2638 4086; x_wconf 87' lang='grc' dir='ltr'>νόμον</span> <span class='ocrx_word' id='word_1_663' title='bbox 2658 4016 2843 4085; x_wconf 69' lang='grc' dir='ltr'>ἕτερον</span> <span class='ocrx_word' id='word_1_664' title='bbox 2871 4015 2961 4069; x_wconf 84' lang='grc' dir='ltr'><strong>τὸν</strong></span> <span class='ocrx_word' id='word_1_665' title='bbox 3001 4013 3350 4082; x_wconf 83' lang='grc' dir='ltr'>εὐαγγελικὸν</span> <span class='ocrx_word' id='word_1_666' title='bbox 3376 4013 3453 4083; x_wconf 80' lang='grc' dir='ltr'><strong>τῷ</strong></span> <span class='ocrx_word' id='word_1_667' title='bbox 3486 4017 3677 4075; x_wconf 73' lang='grc' dir='ltr'>ἑαυτοῦ</span> <span class='ocrx_word' id='word_1_668' title='bbox 3711 4017 3822 4088; x_wconf 88' lang='grc' dir='ltr'>λαῷ</span> <span class='ocrx_word' id='word_1_669' title='bbox 3869 4036 4048 4090; x_wconf 81' lang='grc' dir='ltr'>παρα-</span> 
     </span>
    </p>
   </div>
   <div class='ocr_carea' id='block_1_86' title="bbox 2479 4107 4050 4180">
    <p class='ocr_par' dir='ltr' id='par_1_86' title="bbox 2479 4107 4050 4180">
     <span class='ocr_line' id='line_1_86' title="bbox 2479 4107 4050 4180; baseline 0.001 -18"><span class='ocrx_word' id='word_1_670' title='bbox 2479 4109 2677 4162; x_wconf 88' lang='grc' dir='ltr'>δίδωσι.</span> <span class='ocrx_word' id='word_1_671' title='bbox 2719 4109 2806 4161; x_wconf 83' lang='grc' dir='ltr'>Διὸ</span> <span class='ocrx_word' id='word_1_672' title='bbox 2843 4110 2900 4160; x_wconf 82' lang='grc' dir='ltr'>ὲν</span> <span class='ocrx_word' id='word_1_673' title='bbox 2929 4108 3068 4180; x_wconf 85' lang='grc' dir='ltr'><strong>ἀρχῇ</strong></span> <span class='ocrx_word' id='word_1_674' title='bbox 3099 4107 3204 4160; x_wconf 86' lang='grc' dir='ltr'>τῶν</span> <span class='ocrx_word' id='word_1_675' title='bbox 3238 4110 3610 4180; x_wconf 89' lang='grc' dir='ltr'>προκειμένων</span> <span class='ocrx_word' id='word_1_676' title='bbox 3644 4110 3792 4178; x_wconf 78' lang='grc' dir='ltr'>ἔλεγε</span> <span class='ocrx_word' id='word_1_677' title='bbox 3812 4127 3825 4141; x_wconf 90' lang='grc'><strong>·</strong></span> <span class='ocrx_word' id='word_1_678' title='bbox 3857 4115 4050 4180; x_wconf 85' lang='grc' dir='ltr'>Προσ-</span> 
     </span>
    </p>
   </div>
   <div class='ocr_carea' id='block_1_87' title="bbox 2479 4201 4046 4272">
    <p class='ocr_par' dir='ltr' id='par_1_87' title="bbox 2479 4201 4046 4272">
     <span class='ocr_line' id='line_1_87' title="bbox 2479 4201 4046 4272; baseline 0.001 -18"><span class='ocrx_word' id='word_1_679' title='bbox 2479 4202 2662 4271; x_wconf 83' lang='grc' dir='ltr'>έχετε,</span> <span class='ocrx_word' id='word_1_680' title='bbox 2689 4202 2836 4265; x_wconf 81' lang='grc' dir='ltr'>λαός</span> <span class='ocrx_word' id='word_1_681' title='bbox 2858 4219 2998 4268; x_wconf 86' lang='grc' dir='ltr'>μου,</span> <span class='ocrx_word' id='word_1_682' title='bbox 3043 4201 3149 4253; x_wconf 79' lang='grc' dir='ltr'>τὸν</span> <span class='ocrx_word' id='word_1_683' title='bbox 3191 4201 3376 4268; x_wconf 85' lang='grc' dir='ltr'>νόμον</span> <span class='ocrx_word' id='word_1_684' title='bbox 3397 4219 3546 4269; x_wconf 82' lang='grc' dir='ltr'>μου’</span> <span class='ocrx_word' id='word_1_685' title='bbox 3584 4201 3722 4272; x_wconf 83' lang='grc' dir='ltr'>πλὴν</span> <span class='ocrx_word' id='word_1_686' title='bbox 3770 4203 3904 4256; x_wconf 81' lang='grc' dir='ltr'>ἀλλὰ</span> <span class='ocrx_word' id='word_1_687' title='bbox 3955 4205 4046 4258; x_wconf 83' lang='grc' dir='ltr'><strong>τὸν</strong></span> 
     </span>
    </p>
   </div>
   <div class='ocr_carea' id='block_1_88' title="bbox 2482 4291 4047 4365">
    <p class='ocr_par' dir='ltr' id='par_1_88' title="bbox 2482 4291 4047 4365">
     <span class='ocr_line' id='line_1_88' title="bbox 2482 4291 4047 4365; baseline -0.003 -18"><span class='ocrx_word' id='word_1_688' title='bbox 2482 4293 2708 4346; x_wconf 84' lang='grc' dir='ltr'>παλαιὸν</span> <span class='ocrx_word' id='word_1_689' title='bbox 2738 4292 2904 4362; x_wconf 78' lang='grc' dir='ltr'>νόμον</span> <span class='ocrx_word' id='word_1_690' title='bbox 2929 4291 3019 4343; x_wconf 79' lang='grc' dir='ltr'><strong>καὶ</strong></span> <span class='ocrx_word' id='word_1_691' title='bbox 3040 4292 3138 4360; x_wconf 80' lang='grc' dir='ltr'><strong>τὴν</strong></span> <span class='ocrx_word' id='word_1_692' title='bbox 3167 4291 3402 4345; x_wconf 70' lang='grc' dir='ltr'>παλαιὰν</span> <span class='ocrx_word' id='word_1_693' title='bbox 3445 4292 3841 4365; x_wconf 86' lang='grc' dir='ltr'>διαμαρτυρίαν</span> <span class='ocrx_word' id='word_1_694' title='bbox 3883 4293 4047 4363; x_wconf 71' lang='grc' dir='ltr'>(οὕτω</span> 
     </span>
    </p>
   </div>
   <div class='ocr_carea' id='block_1_89' title="bbox 2480 4384 4047 4456">
    <p class='ocr_par' dir='ltr' id='par_1_89' title="bbox 2480 4384 4047 4456">
     <span class='ocr_line' id='line_1_89' title="bbox 2480 4384 4047 4456; baseline 0.003 -19"><span class='ocrx_word' id='word_1_695' title='bbox 2480 4385 2586 4454; x_wconf 83' lang='grc' dir='ltr'>γὰρ</span> <span class='ocrx_word' id='word_1_696' title='bbox 2627 4385 2968 4454; x_wconf 84' lang='grc' dir='ltr'>ἡρμήνευσεν</span> <span class='ocrx_word' id='word_1_697' title='bbox 3008 4384 3034 4436; x_wconf 86' lang='grc' dir='ltr'><strong>ό</strong></span> <span class='ocrx_word' id='word_1_698' title='bbox 3085 4384 3376 4454; x_wconf 83' lang='grc' dir='ltr'>Σύμμαχος</span> <span class='ocrx_word' id='word_1_699' title='bbox 3411 4387 3608 4438; x_wconf 76' lang='grc' dir='ltr'>εἰπών’</span> <span class='ocrx_word' id='word_1_700' title='bbox 3659 4386 3769 4440; x_wconf 78' lang='grc' dir='ltr'><strong>Καὶ</strong></span> <span class='ocrx_word' id='word_1_701' title='bbox 3820 4387 4047 4456; x_wconf 82' lang='grc' dir='ltr'>ἔστησε</span> 
     </span>
    </p>
   </div>
   <div class='ocr_carea' id='block_1_90' title="bbox 2479 4474 4045 4547">
    <p class='ocr_par' dir='ltr' id='par_1_90' title="bbox 2479 4474 4045 4547">
     <span class='ocr_line' id='line_1_90' title="bbox 2479 4474 4045 4547; baseline 0.003 -20"><span class='ocrx_word' id='word_1_702' title='bbox 2479 4474 2902 4542; x_wconf 80' lang='grc' dir='ltr'>διαμαρτυρίαν</span> <span class='ocrx_word' id='word_1_703' title='bbox 2933 4474 3013 4539; x_wconf 86' lang='grc' dir='ltr'>τῷ</span> <span class='ocrx_word' id='word_1_704' title='bbox 3051 4474 3275 4543; x_wconf 75' lang='grc' dir='ltr'>Ἰακώϐ)</span> <span class='ocrx_word' id='word_1_705' title='bbox 3302 4474 3378 4544; x_wconf 81' lang='grc' dir='ltr'>τῷ</span> <span class='ocrx_word' id='word_1_706' title='bbox 3411 4475 3659 4546; x_wconf 82' lang='grc' dir='ltr'>προτέρῳ</span> <span class='ocrx_word' id='word_1_707' title='bbox 3686 4475 3797 4547; x_wconf 85' lang='grc' dir='ltr'><strong>λαῷ</strong></span> <span class='ocrx_word' id='word_1_708' title='bbox 3817 4478 4045 4540; x_wconf 87' lang='grc' dir='ltr'>διέθετο,</span> 
     </span>
    </p>
   </div>
   <div class='ocr_carea' id='block_1_91' title="bbox 2480 4565 4045 4636">
    <p class='ocr_par' dir='ltr' id='par_1_91' title="bbox 2480 4565 4045 4636">
     <span class='ocr_line' id='line_1_91' title="bbox 2480 4565 4045 4636; baseline 0 -16"><span class='ocrx_word' id='word_1_709' title='bbox 2480 4565 2845 4635; x_wconf 78' lang='grc' dir='ltr'>ἐντειλάμενος</span> <span class='ocrx_word' id='word_1_710' title='bbox 2879 4566 3058 4628; x_wconf 82' lang='grc' dir='ltr'>αὐτοῖς</span> <span class='ocrx_word' id='word_1_711' title='bbox 3089 4566 3359 4636; x_wconf 83' lang='grc' dir='ltr'>γνωρίσαι</span> <span class='ocrx_word' id='word_1_712' title='bbox 3393 4566 3529 4618; x_wconf 77' lang='grc' dir='ltr'>αὐτὰ</span> <span class='ocrx_word' id='word_1_713' title='bbox 3559 4571 3670 4630; x_wconf 82' lang='grc' dir='ltr'>τοῖς</span> <span class='ocrx_word' id='word_1_714' title='bbox 3705 4571 3837 4630; x_wconf 86' lang='grc' dir='ltr'>υἱοῖς</span> <span class='ocrx_word' id='word_1_715' title='bbox 3865 4569 4045 4620; x_wconf 79' lang='grc' dir='ltr'>αὐτῶν</span> 
     </span>
    </p>
   </div>
   <div class='ocr_carea' id='block_1_92' title="bbox 805 4647 2501 4738">
    <p class='ocr_par' dir='ltr' id='par_1_92' title="bbox 805 4657 2501 4738">
     <span class='ocr_line' id='line_1_92' title="bbox 805 4657 2501 4738; baseline -0.01 -13"><span class='ocrx_word' id='word_1_716' title='bbox 805 4677 950 4725; x_wconf 90' lang='lat' dir='ltr'><strong>ctum</strong></span> <span class='ocrx_word' id='word_1_717' title='bbox 985 4677 1102 4724; x_wconf 88' lang='lat' dir='ltr'><strong>est:</strong></span> <span class='ocrx_word' id='word_1_718' title='bbox 1143 4698 1211 4709; x_wconf 93' lang='lat'><strong>——</strong></span> <span class='ocrx_word' id='word_1_719' title='bbox 1250 4667 1415 4720; x_wconf 73' lang='lat' dir='ltr'><strong>Vsus.</strong></span> <span class='ocrx_word' id='word_1_720' title='bbox 1442 4663 1493 4720; x_wconf 87' lang='lat'><em>6.</em></span> <span class='ocrx_word' id='word_1_721' title='bbox 1530 4667 1594 4718; x_wconf 91' lang='lat' dir='ltr'><strong>Ut</strong></span> <span class='ocrx_word' id='word_1_722' title='bbox 1646 4672 1926 4733; x_wconf 87' lang='lat' dir='ltr'><strong>cognoscat</strong></span> <span class='ocrx_word' id='word_1_723' title='bbox 1973 4660 2236 4729; x_wconf 86' lang='lat' dir='ltr'><strong>generatio</strong></span> <span class='ocrx_word' id='word_1_724' title='bbox 2282 4657 2362 4710; x_wconf 91' lang='lat' dir='ltr'><strong>al-</strong></span> <span class='ocrx_word' id='word_1_725' title='bbox 2407 4686 2448 4738; x_wconf 67' lang='grc' dir='ltr'><strong>Β</strong></span> <span class='ocrx_word' id='word_1_726' title='bbox 2483 4677 2501 4710; x_wconf 67' lang='lat' dir='ltr'><strong>i</strong></span> 
     </span>
    </p>
   </div>
   <div class='ocr_carea' id='block_1_93' title="bbox 2341 4647 4037 4738">
    <p class='ocr_par' dir='ltr' id='par_1_93' title="bbox 2343 4647 4037 4738">
     <span class='ocr_line' id='line_1_93' title="bbox 2343 4647 4037 4738; baseline -0.001 -28"><span class='ocrx_word' id='word_1_727' title='bbox 2343 4689 2362 4696; x_wconf 94' lang='lat'><strong><em>-</em></strong></span> <span class='ocrx_word' id='word_1_728' title='bbox 2407 4686 2448 4738; x_wconf 67' lang='grc' dir='ltr'><strong>Β</strong></span> <span class='ocrx_word' id='word_1_729' title='bbox 2483 4657 2576 4711; x_wconf 77' lang='grc' dir='ltr'>καὶ</span> <span class='ocrx_word' id='word_1_730' title='bbox 2601 4655 2901 4723; x_wconf 86' lang='grc' dir='ltr'>ἀπογόνοις,</span> <span class='ocrx_word' id='word_1_731' title='bbox 2946 4654 3020 4718; x_wconf 83' lang='grc' dir='ltr'>ὡς</span> <span class='ocrx_word' id='word_1_732' title='bbox 3062 4654 3126 4708; x_wconf 83' lang='grc' dir='ltr'><strong>ἂν</strong></span> <span class='ocrx_word' id='word_1_733' title='bbox 3165 4653 3431 4724; x_wconf 90' lang='grc' dir='ltr'>μηδεμίαν</span> <span class='ocrx_word' id='word_1_734' title='bbox 3474 4647 3624 4707; x_wconf 83' lang='grc' dir='ltr'>λάθοι</span> <span class='ocrx_word' id='word_1_735' title='bbox 3670 4656 3885 4723; x_wconf 84' lang='grc' dir='ltr'>γενεὰν,</span> <span class='ocrx_word' id='word_1_736' title='bbox 3924 4656 4037 4709; x_wconf 88' lang='grc' dir='ltr'>δια-</span> 
     </span>
    </p>
   </div>
   <div class='ocr_carea' id='block_1_94' title="bbox 808 4750 2371 4832">
    <p class='ocr_par' dir='ltr' id='par_1_94' title="bbox 808 4750 2371 4832">
     <span class='ocr_line' id='line_1_94' title="bbox 808 4750 2371 4832; baseline -0.01 -16"><span class='ocrx_word' id='word_1_737' title='bbox 808 4773 940 4824; x_wconf 79' lang='lat' dir='ltr'><strong>tera,</strong></span> <span class='ocrx_word' id='word_1_738' title='bbox 971 4763 1071 4832; x_wconf 81' lang='lat' dir='ltr'><strong>ﬁlii</strong></span> <span class='ocrx_word' id='word_1_739' title='bbox 1097 4761 1184 4832; x_wconf 86' lang='lat' dir='ltr'><strong>qui</strong></span> <span class='ocrx_word' id='word_1_740' title='bbox 1232 4770 1532 4821; x_wconf 84' lang='lat' dir='ltr'><strong>nascentur,</strong></span> <span class='ocrx_word' id='word_1_741' title='bbox 1567 4767 1615 4812; x_wconf 91' lang='lat' dir='ltr'><strong>et</strong></span> <span class='ocrx_word' id='word_1_742' title='bbox 1651 4763 1953 4825; x_wconf 74' lang='lat' dir='ltr'><strong>exsurgent,</strong></span> <span class='ocrx_word' id='word_1_743' title='bbox 1995 4762 2043 4807; x_wconf 91' lang='lat' dir='ltr'><strong>et</strong></span> <span class='ocrx_word' id='word_1_744' title='bbox 2079 4750 2371 4805; x_wconf 76' lang='lat' dir='ltr'><strong>narrabuut</strong></span> 
     </span>
    </p>
   </div>
   <div class='ocr_carea' id='block_1_95' title="bbox 806 4841 2370 4926">
    <p class='ocr_par' dir='ltr' id='par_1_95' title="bbox 806 4841 2370 4926">
     <span class='ocr_line' id='line_1_95' title="bbox 806 4841 2370 4926; baseline -0.011 -16"><span class='ocrx_word' id='word_1_745' title='bbox 806 4874 868 4910; x_wconf 80' lang='lat' dir='ltr'><strong>ea</strong></span> <span class='ocrx_word' id='word_1_746' title='bbox 886 4857 1010 4926; x_wconf 77' lang='lat' dir='ltr'><strong>ﬁliis</strong></span> <span class='ocrx_word' id='word_1_747' title='bbox 1037 4856 1171 4909; x_wconf 87' lang='lat' dir='ltr'><strong>suis.</strong></span> <span class='ocrx_word' id='word_1_748' title='bbox 1198 4853 1662 4922; x_wconf 87' lang='lat' dir='ltr'><strong>Complementum</strong></span> <span class='ocrx_word' id='word_1_749' title='bbox 1695 4857 1874 4903; x_wconf 89' lang='lat' dir='ltr'><strong>autem</strong></span> <span class='ocrx_word' id='word_1_750' title='bbox 1898 4854 1951 4901; x_wconf 92' lang='lat' dir='ltr'><strong>et</strong></span> <span class='ocrx_word' id='word_1_751' title='bbox 1978 4859 2176 4914; x_wconf 84' lang='lat' dir='ltr'><strong>scopus</strong></span> <span class='ocrx_word' id='word_1_752' title='bbox 2203 4841 2370 4896; x_wconf 87' lang='lat' dir='ltr'><strong>medi—</strong></span> 
     </span>
    </p>
   </div>
   <div class='ocr_carea' id='block_1_96' title="bbox 807 4935 2372 5014">
    <p class='ocr_par' dir='ltr' id='par_1_96' title="bbox 807 4935 2372 5014">
     <span class='ocr_line' id='line_1_96' title="bbox 807 4935 2372 5014; baseline -0.012 -12"><span class='ocrx_word' id='word_1_753' title='bbox 807 4949 1027 5003; x_wconf 88' lang='lat' dir='ltr'><strong>tationis</strong></span> <span class='ocrx_word' id='word_1_754' title='bbox 1073 4947 1208 5014; x_wconf 86' lang='lat' dir='ltr'><strong>legis</strong></span> <span class='ocrx_word' id='word_1_755' title='bbox 1262 4945 1351 4998; x_wconf 91' lang='lat' dir='ltr'><strong>hic</strong></span> <span class='ocrx_word' id='word_1_756' title='bbox 1386 4954 1500 4997; x_wconf 90' lang='lat' dir='ltr'><strong>erat</strong></span> <span class='ocrx_word' id='word_1_757' title='bbox 1535 4963 1642 4995; x_wconf 92' lang='lat'><strong>:-——</strong></span> <span class='ocrx_word' id='word_1_758' title='bbox 1675 4941 1836 4994; x_wconf 70' lang='lat' dir='ltr'><strong>Vens.</strong></span> <span class='ocrx_word' id='word_1_759' title='bbox 1869 4939 1918 4992; x_wconf 89' lang='lat'><strong>7.</strong></span> <span class='ocrx_word' id='word_1_760' title='bbox 1956 4935 2023 4991; x_wconf 89' lang='lat' dir='ltr'><strong>Ut</strong></span> <span class='ocrx_word' id='word_1_761' title='bbox 2073 4945 2265 5000; x_wconf 84' lang='lat' dir='ltr'><strong>ponant</strong></span> <span class='ocrx_word' id='word_1_762' title='bbox 2320 4935 2372 4984; x_wconf 84' lang='lat' dir='ltr'><strong>in</strong></span> 
     </span>
    </p>
   </div>
   <div class='ocr_carea' id='block_1_97' title="bbox 804 5029 2371 5108">
    <p class='ocr_par' dir='ltr' id='par_1_97' title="bbox 804 5029 2371 5108">
     <span class='ocr_line' id='line_1_97' title="bbox 804 5029 2371 5108; baseline -0.011 -13"><span class='ocrx_word' id='word_1_763' title='bbox 804 5041 914 5094; x_wconf 83' lang='lat' dir='ltr'><strong>&#39;Deo</strong></span> <span class='ocrx_word' id='word_1_764' title='bbox 945 5055 1106 5108; x_wconf 86' lang='lat' dir='ltr'><strong>spem,</strong></span> <span class='ocrx_word' id='word_1_765' title='bbox 1136 5047 1184 5090; x_wconf 63' lang='lat' dir='ltr'><strong>et</strong></span> <span class='ocrx_word' id='word_1_766' title='bbox 1219 5053 1320 5088; x_wconf 83' lang='lat' dir='ltr'><strong>mm</strong></span> <span class='ocrx_word' id='word_1_767' title='bbox 1355 5035 1730 5087; x_wconf 83' lang='lat' dir='ltr'><strong>obliviscantur</strong></span> <span class='ocrx_word' id='word_1_768' title='bbox 1764 5048 1973 5100; x_wconf 88' lang='lat' dir='ltr'><strong>operum</strong></span> <span class='ocrx_word' id='word_1_769' title='bbox 2002 5029 2190 5091; x_wconf 88' lang='lat' dir='ltr'><strong>Dei,.et</strong></span> <span class='ocrx_word' id='word_1_770' title='bbox 2221 5045 2371 5079; x_wconf 84' lang='lat' dir='ltr'><strong>mau-</strong></span> 
     </span>
    </p>
   </div>
   <div class='ocr_carea' id='block_1_98' title="bbox 804 5133 2367 5212">
    <p class='ocr_par' dir='ltr' id='par_1_98' title="bbox 804 5133 2367 5212">
     <span class='ocr_line' id='line_1_98' title="bbox 804 5133 2367 5212; baseline -0.006 -15"><span class='ocrx_word' id='word_1_771' title='bbox 804 5150 932 5196; x_wconf 84' lang='lat' dir='ltr'><strong>data</strong></span> <span class='ocrx_word' id='word_1_772' title='bbox 961 5143 1074 5212; x_wconf 88' lang='lat' dir='ltr'><strong>ejus</strong></span> <span class='ocrx_word' id='word_1_773' title='bbox 1099 5133 1416 5209; x_wconf 76' lang='lat' dir='ltr'><strong>exquirant;</strong></span> <span class='ocrx_word' id='word_1_774' title='bbox 1445 5146 1501 5188; x_wconf 91' lang='lat' dir='ltr'><strong>ut</strong></span> <span class='ocrx_word' id='word_1_775' title='bbox 1530 5153 1630 5187; x_wconf 85' lang='lat' dir='ltr'><strong>non</strong></span> <span class='ocrx_word' id='word_1_776' title='bbox 1664 5136 1794 5201; x_wconf 81' lang='lat' dir='ltr'><strong>ﬁant</strong></span> <span class='ocrx_word' id='word_1_777' title='bbox 1826 5135 2148 5200; x_wconf 85' lang='lat' dir='ltr'><strong>sicutpatres</strong></span> <span class='ocrx_word' id='word_1_778' title='bbox 2168 5147 2367 5187; x_wconf 75' lang='lat' dir='ltr'><strong>eorum.</strong></span> 
     </span>
    </p>
   </div>
   <div class='ocr_carea' id='block_1_99' title="bbox 804 5229 2371 5311">
    <p class='ocr_par' dir='ltr' id='par_1_99' title="bbox 804 5229 2371 5311">
     <span class='ocr_line' id='line_1_99' title="bbox 804 5229 2371 5311; baseline -0.011 -17"><span class='ocrx_word' id='word_1_779' title='bbox 804 5240 1070 5311; x_wconf 82' lang='lat' dir='ltr'><strong>generatio</strong></span> <span class='ocrx_word' id='word_1_780' title='bbox 1106 5249 1270 5305; x_wconf 83' lang='lat' dir='ltr'><strong>prava</strong></span> <span class='ocrx_word' id='word_1_781' title='bbox 1314 5243 1361 5286; x_wconf 89' lang='lat' dir='ltr'><strong>et</strong></span> <span class='ocrx_word' id='word_1_782' title='bbox 1409 5245 1728 5298; x_wconf 75' lang='lat' dir='ltr'><strong>exasperans</strong></span> <span class='ocrx_word' id='word_1_783' title='bbox 1761 5244 1776 5280; x_wconf 93' lang='lat'><em>:</em></span> <span class='ocrx_word' id='word_1_784' title='bbox 1807 5229 2070 5296; x_wconf 83' lang='lat' dir='ltr'><strong>generatio</strong></span> <span class='ocrx_word' id='word_1_785' title='bbox 2104 5243 2219 5295; x_wconf 74' lang='lat' dir='ltr'><strong>qua:</strong></span> <span class='ocrx_word' id='word_1_786' title='bbox 2269 5242 2371 5278; x_wconf 87' lang='lat' dir='ltr'><strong>nou</strong></span> 
     </span>
    </p>
   </div>
   <div class='ocr_carea' id='block_1_100' title="bbox 795 5329 2369 5402">
    <p class='ocr_par' dir='ltr' id='par_1_100' title="bbox 795 5329 2369 5402">
     <span class='ocr_line' id='line_1_100' title="bbox 795 5329 2369 5402; baseline -0.011 -4"><span class='ocrx_word' id='word_1_787' title='bbox 795 5345 998 5398; x_wconf 70' lang='lat' dir='ltr'><strong>direxit</strong></span> <span class='ocrx_word' id='word_1_788' title='bbox 1033 5359 1123 5396; x_wconf 89' lang='lat' dir='ltr'><strong>cor</strong></span> <span class='ocrx_word' id='word_1_789' title='bbox 1153 5354 1323 5400; x_wconf 85' lang='lat' dir='ltr'><strong>suum,</strong></span> <span class='ocrx_word' id='word_1_790' title='bbox 1353 5344 1402 5388; x_wconf 89' lang='lat' dir='ltr'><strong>et</strong></span> <span class='ocrx_word' id='word_1_791' title='bbox 1435 5352 1536 5390; x_wconf 85' lang='lat' dir='ltr'><strong>non</strong></span> <span class='ocrx_word' id='word_1_792' title='bbox 1566 5332 1736 5402; x_wconf 83' lang='lat' dir='ltr'><strong>ﬁdelis</strong></span> <span class='ocrx_word' id='word_1_793' title='bbox 1778 5331 1878 5398; x_wconf 73' lang='lat' dir='ltr'><strong>fuit</strong></span> <span class='ocrx_word' id='word_1_794' title='bbox 1921 5346 2038 5382; x_wconf 89' lang='lat' dir='ltr'><strong>cum</strong></span> <span class='ocrx_word' id='word_1_795' title='bbox 2069 5331 2175 5382; x_wconf 90' lang='lat' dir='ltr'><strong>Deo</strong></span> <span class='ocrx_word' id='word_1_796' title='bbox 2209 5329 2369 5399; x_wconf 81' lang='lat' dir='ltr'><strong>spiri—</strong></span> 
     </span>
    </p>
   </div>
   <div class='ocr_carea' id='block_1_101' title="bbox 807 5435 2369 5518">
    <p class='ocr_par' dir='ltr' id='par_1_101' title="bbox 807 5435 2369 5518">
     <span class='ocr_line' id='line_1_101' title="bbox 807 5435 2369 5518; baseline -0.013 -11"><span class='ocrx_word' id='word_1_797' title='bbox 807 5464 890 5508; x_wconf 84' lang='lat' dir='ltr'><strong>tus</strong></span> <span class='ocrx_word' id='word_1_798' title='bbox 918 5450 1050 5518; x_wconf 83' lang='lat' dir='ltr'><strong>ejus.</strong></span> <span class='ocrx_word' id='word_1_799' title='bbox 1085 5447 1215 5512; x_wconf 66' lang='lat' dir='ltr'><strong>Qum</strong></span> <span class='ocrx_word' id='word_1_800' title='bbox 1272 5443 1364 5496; x_wconf 87' lang='lat' dir='ltr'><strong>illa</strong></span> <span class='ocrx_word' id='word_1_801' title='bbox 1395 5441 1544 5510; x_wconf 91' lang='lat' dir='ltr'><strong>prior</strong></span> <span class='ocrx_word' id='word_1_802' title='bbox 1588 5448 1800 5508; x_wconf 91' lang='lat' dir='ltr'><strong>patrum</strong></span> <span class='ocrx_word' id='word_1_803' title='bbox 1827 5437 2122 5507; x_wconf 88' lang='lat' dir='ltr'><strong>generatio,</strong></span> <span class='ocrx_word' id='word_1_804' title='bbox 2153 5435 2258 5489; x_wconf 91' lang='lat' dir='ltr'><strong>nisi</strong></span> <span class='ocrx_word' id='word_1_805' title='bbox 2308 5447 2369 5486; x_wconf 88' lang='lat' dir='ltr'><strong>ea</strong></span> 
     </span>
    </p>
   </div>
   <div class='ocr_carea' id='block_1_102' title="bbox 806 5539 2368 5628">
    <p class='ocr_par' dir='ltr' id='par_1_102' title="bbox 806 5539 2368 5628">
     <span class='ocr_line' id='line_1_102' title="bbox 806 5539 2368 5628; baseline -0.011 -18"><span class='ocrx_word' id='word_1_806' title='bbox 806 5573 927 5628; x_wconf 60' lang='lat' dir='ltr'><strong>quae</strong></span> <span class='ocrx_word' id='word_1_807' title='bbox 971 5565 1214 5621; x_wconf 89' lang='lat' dir='ltr'><strong>tempore</strong></span> <span class='ocrx_word' id='word_1_808' title='bbox 1255 5547 1456 5619; x_wconf 79' lang='lat' dir='ltr'><strong>Moysis</strong></span> <span class='ocrx_word' id='word_1_809' title='bbox 1496 5543 1644 5599; x_wconf 85' lang='lat' dir='ltr'><strong>erat?</strong></span> <span class='ocrx_word' id='word_1_810' title='bbox 1669 5551 1886 5613; x_wconf 83' lang='lat' dir='ltr'><strong>propter</strong></span> <span class='ocrx_word' id='word_1_811' title='bbox 1941 5555 2098 5610; x_wconf 89' lang='lat' dir='ltr'><strong>quam</strong></span> <span class='ocrx_word' id='word_1_812' title='bbox 2158 5539 2368 5610; x_wconf 76' lang='lat' dir='ltr'><strong>Moyses</strong></span> 
     </span>
    </p>
   </div>
   <div class='ocr_carea' id='block_1_103' title="bbox 807 5643 2366 5728">
    <p class='ocr_par' dir='ltr' id='par_1_103' title="bbox 807 5643 2366 5728">
     <span class='ocr_line' id='line_1_103' title="bbox 807 5643 2366 5728; baseline -0.01 -15"><span class='ocrx_word' id='word_1_813' title='bbox 807 5664 1060 5728; x_wconf 87' lang='lat' dir='ltr'><strong>acceptas</strong></span> <span class='ocrx_word' id='word_1_814' title='bbox 1107 5653 1240 5722; x_wconf 88' lang='lat' dir='ltr'><strong>legis</strong></span> <span class='ocrx_word' id='word_1_815' title='bbox 1271 5650 1484 5704; x_wconf 88' lang='lat' dir='ltr'><strong>tabulas</strong></span> <span class='ocrx_word' id='word_1_816' title='bbox 1519 5647 1804 5709; x_wconf 84' lang='lat' dir='ltr'><strong>contrivit;</strong></span> <span class='ocrx_word' id='word_1_817' title='bbox 1850 5645 1928 5699; x_wconf 90' lang='lat' dir='ltr'><strong>sic</strong></span> <span class='ocrx_word' id='word_1_818' title='bbox 1963 5646 2105 5698; x_wconf 91' lang='lat' dir='ltr'><strong>enim</strong></span> <span class='ocrx_word' id='word_1_819' title='bbox 2158 5643 2366 5715; x_wconf 81' lang='lat' dir='ltr'><strong>Moyses</strong></span> 
     </span>
    </p>
   </div>
   <div class='ocr_carea' id='block_1_104' title="bbox 808 5744 2364 5827">
    <p class='ocr_par' dir='ltr' id='par_1_104' title="bbox 808 5744 2364 5827">
     <span class='ocr_line' id='line_1_104' title="bbox 808 5744 2364 5827; baseline -0.013 -14"><span class='ocrx_word' id='word_1_820' title='bbox 808 5762 933 5814; x_wconf 91' lang='lat' dir='ltr'><strong>illos</strong></span> <span class='ocrx_word' id='word_1_821' title='bbox 963 5752 1366 5827; x_wconf 82' lang='lat' dir='ltr'><strong>generationem</strong></span> <span class='ocrx_word' id='word_1_822' title='bbox 1417 5763 1638 5818; x_wconf 82' lang='lat' dir='ltr'><strong>pravam</strong></span> <span class='ocrx_word' id='word_1_823' title='bbox 1671 5755 1724 5800; x_wconf 87' lang='lat' dir='ltr'><strong>et</strong></span> <span class='ocrx_word' id='word_1_824' title='bbox 1755 5759 2065 5815; x_wconf 88' lang='lat' dir='ltr'><strong>perversam</strong></span> <span class='ocrx_word' id='word_1_825' title='bbox 2110 5744 2364 5804; x_wconf 86' lang='lat' dir='ltr'><strong>vocabat,</strong></span> 
     </span>
    </p>
   </div>
   <div class='ocr_carea' id='block_1_105' title="bbox 809 5843 2362 5928">
    <p class='ocr_par' dir='ltr' id='par_1_105' title="bbox 809 5843 2362 5928">
     <span class='ocr_line' id='line_1_105' title="bbox 809 5843 2362 5928; baseline -0.012 -15"><span class='ocrx_word' id='word_1_826' title='bbox 809 5859 929 5928; x_wconf 56' lang='lat' dir='ltr'><strong>haec</strong></span> <span class='ocrx_word' id='word_1_827' title='bbox 967 5856 1018 5910; x_wconf 92' lang='lat' dir='ltr'><strong>in</strong></span> <span class='ocrx_word' id='word_1_828' title='bbox 1051 5853 1170 5905; x_wconf 79' lang='lat' dir='ltr'><strong>illos</strong></span> <span class='ocrx_word' id='word_1_829' title='bbox 1201 5848 1560 5919; x_wconf 85' lang='lat' dir='ltr'><strong>pronuntians</strong></span> <span class='ocrx_word' id='word_1_830' title='bbox 1591 5866 1602 5901; x_wconf 85' lang='lat'><strong>:</strong></span> <span class='ocrx_word' id='word_1_831' title='bbox 1633 5843 1760 5900; x_wconf 82' lang='lat' dir='ltr'><strong>Filii</strong></span> <span class='ocrx_word' id='word_1_832' title='bbox 1797 5843 2180 5914; x_wconf 79' lang='lat' dir='ltr'><strong>vituperabiles,</strong></span> <span class='ocrx_word' id='word_1_833' title='bbox 2213 5858 2362 5912; x_wconf 83' lang='lat' dir='ltr'><strong>gene-</strong></span> 
     </span>
    </p>
   </div>
   <div class='ocr_carea' id='block_1_106' title="bbox 877 6007 1319 6075">
    <p class='ocr_par' dir='ltr' id='par_1_106' title="bbox 877 6007 1319 6075">
     <span class='ocr_line' id='line_1_106' title="bbox 877 6007 1319 6075; baseline -0.016 -6"><span class='ocrx_word' id='word_1_834' title='bbox 877 6021 897 6049; x_wconf 87' lang='lat'><strong><em>&#39;</em></strong></span> <span class='ocrx_word' id='word_1_835' title='bbox 938 6012 1094 6068; x_wconf 80' lang='lat' dir='ltr'><strong>Joan.</strong></span> <span class='ocrx_word' id='word_1_836' title='bbox 1139 6026 1199 6075; x_wconf 80' lang='lat' dir='ltr'><strong>It,</strong></span> <span class='ocrx_word' id='word_1_837' title='bbox 1233 6007 1319 6066; x_wconf 75' lang='lat' dir='ltr'><strong>t9.</strong></span> 
     </span>
    </p>
   </div>
   <div class='ocr_carea' id='block_1_107' title="bbox 2479 4745 4042 4820">
    <p class='ocr_par' dir='ltr' id='par_1_107' title="bbox 2479 4745 4042 4820">
     <span class='ocr_line' id='line_1_107' title="bbox 2479 4745 4042 4820; baseline 0 -19"><span class='ocrx_word' id='word_1_838' title='bbox 2479 4748 2626 4820; x_wconf 88' lang='grc' dir='ltr'>μένοι</span> <span class='ocrx_word' id='word_1_839' title='bbox 2653 4746 2709 4801; x_wconf 83' lang='grc' dir='ltr'>δὲ</span> <span class='ocrx_word' id='word_1_840' title='bbox 2737 4749 2769 4816; x_wconf 79' lang='grc' dir='ltr'>ἡ</span> <span class='ocrx_word' id='word_1_841' title='bbox 2795 4745 2887 4799; x_wconf 88' lang='grc' dir='ltr'><strong>τοῦ</strong></span> <span class='ocrx_word' id='word_1_842' title='bbox 2931 4747 3094 4816; x_wconf 88' lang='grc' dir='ltr'>νόμου</span> <span class='ocrx_word' id='word_1_843' title='bbox 3137 4745 3450 4798; x_wconf 85' lang='grc' dir='ltr'>διδασκαλία</span> <span class='ocrx_word' id='word_1_844' title='bbox 3481 4746 3574 4799; x_wconf 74' lang='grc' dir='ltr'><strong>καὶ</strong></span> <span class='ocrx_word' id='word_1_845' title='bbox 3610 4747 3688 4808; x_wconf 83' lang='grc' dir='ltr'><strong>εἰς</strong></span> <span class='ocrx_word' id='word_1_846' title='bbox 3729 4747 3856 4810; x_wconf 78' lang='grc' dir='ltr'>τοὺς</span> <span class='ocrx_word' id='word_1_847' title='bbox 3906 4748 4042 4817; x_wconf 80' lang='grc' dir='ltr'>μετὰ</span> 
     </span>
    </p>
   </div>
   <div class='ocr_carea' id='block_1_108' title="bbox 2473 4834 4044 4907">
    <p class='ocr_par' dir='ltr' id='par_1_108' title="bbox 2473 4834 4044 4907">
     <span class='ocr_line' id='line_1_108' title="bbox 2473 4834 4044 4907; baseline 0 -18"><span class='ocrx_word' id='word_1_848' title='bbox 2473 4837 2644 4892; x_wconf 85' lang='grc' dir='ltr'>ταῦτα</span> <span class='ocrx_word' id='word_1_849' title='bbox 2681 4837 3092 4907; x_wconf 85' lang='grc' dir='ltr'>γενησομένους.</span> <span class='ocrx_word' id='word_1_850' title='bbox 3133 4834 3223 4886; x_wconf 75' lang='grc' dir='ltr'>Διὸ</span> <span class='ocrx_word' id='word_1_851' title='bbox 3271 4835 3515 4888; x_wconf 83' lang='grc' dir='ltr'>λέλεκται</span> <span class='ocrx_word' id='word_1_852' title='bbox 3541 4853 3553 4866; x_wconf 73' lang='grc' dir='ltr'><strong>ο</strong></span> <span class='ocrx_word' id='word_1_853' title='bbox 3588 4837 3777 4901; x_wconf 81' lang='grc' dir='ltr'>Ὅπως</span> <span class='ocrx_word' id='word_1_854' title='bbox 3811 4835 3889 4889; x_wconf 87' lang='grc' dir='ltr'>ἂν</span> <span class='ocrx_word' id='word_1_855' title='bbox 3922 4837 4044 4906; x_wconf 76' lang='grc' dir='ltr'>γνῷ</span> 
     </span>
    </p>
   </div>
   <div class='ocr_carea' id='block_1_109' title="bbox 2473 4927 4042 4998">
    <p class='ocr_par' dir='ltr' id='par_1_109' title="bbox 2473 4927 4042 4998">
     <span class='ocr_line' id='line_1_109' title="bbox 2473 4927 4042 4998; baseline -0.001 -16"><span class='ocrx_word' id='word_1_856' title='bbox 2473 4929 2644 4998; x_wconf 76' lang='grc' dir='ltr'>γενεὰ</span> <span class='ocrx_word' id='word_1_857' title='bbox 2675 4930 2876 4998; x_wconf 84' lang='grc' dir='ltr'>ἑτέρα,</span> <span class='ocrx_word' id='word_1_858' title='bbox 2911 4927 3027 4982; x_wconf 78' lang='grc' dir='ltr'>υίοὶ</span> <span class='ocrx_word' id='word_1_859' title='bbox 3066 4927 3490 4996; x_wconf 82' lang='grc' dir='ltr'>τεχθησόμενοι</span> <span class='ocrx_word' id='word_1_860' title='bbox 3530 4930 3624 4981; x_wconf 72' lang='grc' dir='ltr'><strong>καὶ</strong></span> <span class='ocrx_word' id='word_1_861' title='bbox 3661 4928 4042 4994; x_wconf 83' lang='grc' dir='ltr'>ἀναστήσον-</span> 
     </span>
    </p>
   </div>
   <div class='ocr_carea' id='block_1_110' title="bbox 2472 5019 4043 5090">
    <p class='ocr_par' dir='ltr' id='par_1_110' title="bbox 2472 5019 4043 5090">
     <span class='ocr_line' id='line_1_110' title="bbox 2472 5019 4043 5090; baseline 0.002 -18"><span class='ocrx_word' id='word_1_862' title='bbox 2472 5039 2584 5083; x_wconf 79' lang='grc' dir='ltr'>ται,</span> <span class='ocrx_word' id='word_1_863' title='bbox 2619 5022 2712 5075; x_wconf 79' lang='grc' dir='ltr'>καὶ</span> <span class='ocrx_word' id='word_1_864' title='bbox 2743 5019 3182 5090; x_wconf 73' lang='grc' dir='ltr'>ἀναγγελοῦσιν</span> <span class='ocrx_word' id='word_1_865' title='bbox 3204 5020 3352 5073; x_wconf 80' lang='grc' dir='ltr'>αὐτὰ</span> <span class='ocrx_word' id='word_1_866' title='bbox 3392 5019 3513 5086; x_wconf 81' lang='grc' dir='ltr'>τοῖς</span> <span class='ocrx_word' id='word_1_867' title='bbox 3537 5021 3687 5085; x_wconf 82' lang='grc' dir='ltr'>υἱοῖς</span> <span class='ocrx_word' id='word_1_868' title='bbox 3721 5019 3936 5073; x_wconf 84' lang='grc' dir='ltr'>αὐτῶν.</span> <span class='ocrx_word' id='word_1_869' title='bbox 3971 5023 4043 5075; x_wconf 82' lang='grc' dir='ltr'>Τὸ</span> 
     </span>
    </p>
   </div>
   <div class='ocr_carea' id='block_1_111' title="bbox 2470 5111 4042 5183">
    <p class='ocr_par' dir='ltr' id='par_1_111' title="bbox 2470 5111 4042 5183">
     <span class='ocr_line' id='line_1_111' title="bbox 2470 5111 4042 5183; baseline 0.001 -19"><span class='ocrx_word' id='word_1_870' title='bbox 2470 5112 2525 5166; x_wconf 80' lang='grc' dir='ltr'><strong>δὲ</strong></span> <span class='ocrx_word' id='word_1_871' title='bbox 2552 5113 2919 5183; x_wconf 85' lang='grc' dir='ltr'>συμπέρασμα</span> <span class='ocrx_word' id='word_1_872' title='bbox 2951 5111 3048 5182; x_wconf 84' lang='grc' dir='ltr'>τῆς</span> <span class='ocrx_word' id='word_1_873' title='bbox 3079 5111 3172 5165; x_wconf 91' lang='grc' dir='ltr'><strong>τοῦ</strong></span> <span class='ocrx_word' id='word_1_874' title='bbox 3197 5112 3371 5182; x_wconf 74' lang='grc' dir='ltr'><strong>νόμου⁴</strong></span> <span class='ocrx_word' id='word_1_875' title='bbox 3398 5111 3624 5181; x_wconf 87' lang='grc' dir='ltr'>μελέτης</span> <span class='ocrx_word' id='word_1_876' title='bbox 3655 5113 3748 5164; x_wconf 85' lang='grc' dir='ltr'>καὶ</span> <span class='ocrx_word' id='word_1_877' title='bbox 3783 5113 3811 5164; x_wconf 89' lang='grc' dir='ltr'><strong>ό</strong></span> <span class='ocrx_word' id='word_1_878' title='bbox 3841 5116 4042 5179; x_wconf 78' lang='grc' dir='ltr'>σκοπὸς</span> 
     </span>
    </p>
   </div>
   <div class='ocr_carea' id='block_1_112' title="bbox 2471 5199 4039 5274">
    <p class='ocr_par' dir='ltr' id='par_1_112' title="bbox 2471 5199 4039 5274">
     <span class='ocr_line' id='line_1_112' title="bbox 2471 5199 4039 5274; baseline 0.004 -20"><span class='ocrx_word' id='word_1_879' title='bbox 2471 5199 2619 5268; x_wconf 72' lang='grc' dir='ltr'>οὗτος</span> <span class='ocrx_word' id='word_1_880' title='bbox 2657 5201 2743 5274; x_wconf 77' lang='grc' dir='ltr'>ἦν,</span> <span class='ocrx_word' id='word_1_881' title='bbox 2777 5203 2911 5256; x_wconf 84' lang='grc' dir='ltr'>Ἵνα</span> <span class='ocrx_word' id='word_1_882' title='bbox 2953 5202 3163 5257; x_wconf 81' lang='grc' dir='ltr'>θῶνται</span> <span class='ocrx_word' id='word_1_883' title='bbox 3196 5204 3292 5257; x_wconf 75' lang='grc' dir='ltr'><strong>ἐπὶ</strong></span> <span class='ocrx_word' id='word_1_884' title='bbox 3339 5205 3446 5256; x_wconf 82' lang='grc' dir='ltr'>τὸν</span> <span class='ocrx_word' id='word_1_885' title='bbox 3477 5203 3622 5256; x_wconf 86' lang='grc' dir='ltr'>Θεὸν</span> <span class='ocrx_word' id='word_1_886' title='bbox 3643 5203 3757 5270; x_wconf 81' lang='grc' dir='ltr'>τὴν</span> <span class='ocrx_word' id='word_1_887' title='bbox 3800 5205 4039 5268; x_wconf 77' lang='grc' dir='ltr'>ἐλπίδα.</span> 
     </span>
    </p>
   </div>
   <div class='ocr_carea' id='block_1_113' title="bbox 2471 5285 4042 5365">
    <p class='ocr_par' dir='ltr' id='par_1_113' title="bbox 2471 5285 4042 5365">
     <span class='ocr_line' id='line_1_113' title="bbox 2471 5285 4042 5365; baseline 0.001 -17"><span class='ocrx_word' id='word_1_888' title='bbox 2471 5295 2566 5348; x_wconf 77' lang='grc' dir='ltr'>καὶ</span> <span class='ocrx_word' id='word_1_889' title='bbox 2596 5296 2680 5365; x_wconf 82' lang='grc' dir='ltr'>μὴ</span> <span class='ocrx_word' id='word_1_890' title='bbox 2706 5295 3097 5348; x_wconf 79' lang='grc' dir='ltr'>ἐπιλάθωνται</span> <span class='ocrx_word' id='word_1_891' title='bbox 3135 5295 3250 5349; x_wconf 84' lang='grc' dir='ltr'>τῶν</span> <span class='ocrx_word' id='word_1_892' title='bbox 3277 5285 3464 5364; x_wconf 71' lang='grc' dir='ltr'>ἔργων</span> <span class='ocrx_word' id='word_1_893' title='bbox 3491 5295 3596 5348; x_wconf 86' lang='grc' dir='ltr'><strong>τοῦ</strong></span> <span class='ocrx_word' id='word_1_894' title='bbox 3624 5296 3790 5360; x_wconf 85' lang='grc' dir='ltr'>Θεοῦ,</span> <span class='ocrx_word' id='word_1_895' title='bbox 3814 5298 3910 5350; x_wconf 79' lang='grc' dir='ltr'><strong>καί</strong></span> <span class='ocrx_word' id='word_1_896' title='bbox 3935 5301 4042 5362; x_wconf 82' lang='grc' dir='ltr'>τὰς</span> 
     </span>
    </p>
   </div>
   <div class='ocr_carea' id='block_1_114' title="bbox 2469 5386 4040 5456">
    <p class='ocr_par' dir='ltr' id='par_1_114' title="bbox 2469 5386 4040 5456">
     <span class='ocr_line' id='line_1_114' title="bbox 2469 5386 4040 5456; baseline 0.001 -17"><span class='ocrx_word' id='word_1_897' title='bbox 2469 5387 2719 5453; x_wconf 80' lang='grc' dir='ltr'>ἐντολὰς</span> <span class='ocrx_word' id='word_1_898' title='bbox 2772 5387 2953 5440; x_wconf 79' lang='grc' dir='ltr'>αὐτοῦ</span> <span class='ocrx_word' id='word_1_899' title='bbox 2985 5386 3388 5455; x_wconf 77' lang='grc' dir='ltr'>ἐκζητήσωσιν</span> <span class='ocrx_word' id='word_1_900' title='bbox 3413 5401 3425 5414; x_wconf 81' lang='grc'><em>’</em></span> <span class='ocrx_word' id='word_1_901' title='bbox 3474 5387 3574 5439; x_wconf 81' lang='grc' dir='ltr'>ἵνα</span> <span class='ocrx_word' id='word_1_902' title='bbox 3625 5388 3711 5455; x_wconf 77' lang='grc' dir='ltr'>μὴ</span> <span class='ocrx_word' id='word_1_903' title='bbox 3749 5388 4040 5456; x_wconf 78' lang='grc' dir='ltr'>γένωνται</span> 
     </span>
    </p>
   </div>
   <div class='ocr_carea' id='block_1_115' title="bbox 2469 5477 4040 5547">
    <p class='ocr_par' dir='ltr' id='par_1_115' title="bbox 2469 5477 4040 5547">
     <span class='ocr_line' id='line_1_115' title="bbox 2469 5477 4040 5547; baseline -0.001 -17"><span class='ocrx_word' id='word_1_904' title='bbox 2469 5480 2548 5544; x_wconf 87' lang='grc' dir='ltr'>ὠς</span> <span class='ocrx_word' id='word_1_905' title='bbox 2585 5483 2638 5533; x_wconf 80' lang='grc' dir='ltr'>οὶ</span> <span class='ocrx_word' id='word_1_906' title='bbox 2682 5478 2931 5546; x_wconf 83' lang='grc' dir='ltr'>πατέρες</span> <span class='ocrx_word' id='word_1_907' title='bbox 2963 5479 3190 5542; x_wconf 77' lang='grc' dir='ltr'>αὐτῶν,</span> <span class='ocrx_word' id='word_1_908' title='bbox 3233 5477 3406 5547; x_wconf 78' lang='grc' dir='ltr'>γενεὰ</span> <span class='ocrx_word' id='word_1_909' title='bbox 3451 5479 3668 5532; x_wconf 79' lang='grc' dir='ltr'>σκολιὰ</span> <span class='ocrx_word' id='word_1_910' title='bbox 3719 5481 3814 5532; x_wconf 81' lang='grc' dir='ltr'>καὶ</span> <span class='ocrx_word' id='word_1_911' title='bbox 3850 5495 4040 5546; x_wconf 75' lang='grc' dir='ltr'>παρα-</span> 
     </span>
    </p>
   </div>
   <div class='ocr_carea' id='block_1_116' title="bbox 2470 5571 4040 5641">
    <p class='ocr_par' dir='ltr' id='par_1_116' title="bbox 2470 5571 4040 5641">
     <span class='ocr_line' id='line_1_116' title="bbox 2470 5571 4040 5641; baseline 0.001 -19"><span class='ocrx_word' id='word_1_912' title='bbox 2470 5573 2896 5641; x_wconf 75' lang='grc' dir='ltr'>πικραίνουσαο</span> <span class='ocrx_word' id='word_1_913' title='bbox 2930 5571 3099 5640; x_wconf 77' lang='grc' dir='ltr'>γενεὰ</span> <span class='ocrx_word' id='word_1_914' title='bbox 3137 5572 3266 5637; x_wconf 82' lang='grc' dir='ltr'>ἣτις</span> <span class='ocrx_word' id='word_1_915' title='bbox 3292 5572 3361 5623; x_wconf 87' lang='grc' dir='ltr'>οὐ</span> <span class='ocrx_word' id='word_1_916' title='bbox 3393 5572 3725 5638; x_wconf 81' lang='grc' dir='ltr'>κατηύθυνε</span> <span class='ocrx_word' id='word_1_917' title='bbox 3761 5571 3876 5637; x_wconf 84' lang='grc' dir='ltr'>τὴν</span> <span class='ocrx_word' id='word_1_918' title='bbox 3897 5586 4040 5636; x_wconf 79' lang='grc' dir='ltr'>καρ-</span> 
     </span>
    </p>
   </div>
   <div class='ocr_carea' id='block_1_117' title="bbox 2469 5659 4038 5728">
    <p class='ocr_par' dir='ltr' id='par_1_117' title="bbox 2469 5659 4038 5728">
     <span class='ocr_line' id='line_1_117' title="bbox 2469 5659 4038 5728; baseline -0.003 -15"><span class='ocrx_word' id='word_1_919' title='bbox 2469 5661 2604 5715; x_wconf 86' lang='grc' dir='ltr'>δίαν</span> <span class='ocrx_word' id='word_1_920' title='bbox 2627 5660 2844 5728; x_wconf 81' lang='grc' dir='ltr'>αῠτῆς,</span> <span class='ocrx_word' id='word_1_921' title='bbox 2879 5660 2975 5713; x_wconf 80' lang='grc' dir='ltr'><strong>καί</strong></span> <span class='ocrx_word' id='word_1_922' title='bbox 3021 5663 3130 5715; x_wconf 83' lang='grc' dir='ltr'>οὐκ</span> <span class='ocrx_word' id='word_1_923' title='bbox 3159 5659 3453 5726; x_wconf 83' lang='grc' dir='ltr'>ἐπιστώθη</span> <span class='ocrx_word' id='word_1_924' title='bbox 3479 5661 3628 5728; x_wconf 84' lang='grc' dir='ltr'>μετὰ</span> <span class='ocrx_word' id='word_1_925' title='bbox 3662 5659 3766 5712; x_wconf 87' lang='grc' dir='ltr'><strong>τοῦ</strong></span> <span class='ocrx_word' id='word_1_926' title='bbox 3799 5659 3947 5711; x_wconf 78' lang='grc' dir='ltr'>Θεοῦ</span> <span class='ocrx_word' id='word_1_927' title='bbox 3973 5659 4038 5710; x_wconf 82' lang='grc' dir='ltr'>τὸ</span> 
     </span>
    </p>
   </div>
   <div class='ocr_carea' id='block_1_118' title="bbox 2469 5748 4035 5824">
    <p class='ocr_par' dir='ltr' id='par_1_118' title="bbox 2469 5748 4035 5824">
     <span class='ocr_line' id='line_1_118' title="bbox 2469 5748 4035 5824; baseline -0.003 -20"><span class='ocrx_word' id='word_1_928' title='bbox 2469 5755 2702 5824; x_wconf 72' lang='grc' dir='ltr'>πνεῦμα</span> <span class='ocrx_word' id='word_1_929' title='bbox 2756 5753 2960 5820; x_wconf 84' lang='grc' dir='ltr'>αὐτῆς.</span> <span class='ocrx_word' id='word_1_930' title='bbox 3000 5754 3094 5818; x_wconf 86' lang='grc' dir='ltr'><strong>Τίς</strong></span> <span class='ocrx_word' id='word_1_931' title='bbox 3147 5753 3201 5804; x_wconf 81' lang='grc' dir='ltr'>δὲ</span> <span class='ocrx_word' id='word_1_932' title='bbox 3254 5748 3321 5821; x_wconf 82' lang='grc' dir='ltr'>ἦν</span> <span class='ocrx_word' id='word_1_933' title='bbox 3369 5755 3400 5822; x_wconf 73' lang='grc' dir='ltr'>ἡ</span> <span class='ocrx_word' id='word_1_934' title='bbox 3451 5753 3686 5824; x_wconf 80' lang='grc' dir='ltr'>προτέρα</span> <span class='ocrx_word' id='word_1_935' title='bbox 3733 5751 3892 5819; x_wconf 87' lang='grc' dir='ltr'>γενεὰ</span> <span class='ocrx_word' id='word_1_936' title='bbox 3929 5749 4035 5800; x_wconf 67' lang='grc' dir='ltr'><strong>τῶν</strong></span> 
     </span>
    </p>
   </div>
   <div class='ocr_carea' id='block_1_119' title="bbox 2470 5843 4034 5919">
    <p class='ocr_par' dir='ltr' id='par_1_119' title="bbox 2470 5843 4034 5919">
     <span class='ocr_line' id='line_1_119' title="bbox 2470 5843 4034 5919; baseline -0.005 -19"><span class='ocrx_word' id='word_1_937' title='bbox 2470 5847 2716 5919; x_wconf 86' lang='grc' dir='ltr'>πατέρων</span> <span class='ocrx_word' id='word_1_938' title='bbox 2750 5844 2860 5898; x_wconf 81' lang='grc' dir='ltr'>ἀλλ’</span> <span class='ocrx_word' id='word_1_939' title='bbox 2896 5846 2926 5915; x_wconf 77' lang='grc' dir='ltr'>ἢ</span> <span class='ocrx_word' id='word_1_940' title='bbox 2962 5846 3045 5898; x_wconf 78' lang='grc' dir='ltr'><strong>ἐπ’</strong></span> <span class='ocrx_word' id='word_1_941' title='bbox 3081 5843 3240 5900; x_wconf 70' lang='grc' dir='ltr'>αὐτοῦ</span> <span class='ocrx_word' id='word_1_942' title='bbox 3282 5846 3522 5910; x_wconf 83' lang='grc' dir='ltr'>Μωσέως</span> <span class='ocrx_word' id='word_1_943' title='bbox 3555 5845 3816 5915; x_wconf 78' lang='grc' dir='ltr'>γενομένη</span> <span class='ocrx_word' id='word_1_944' title='bbox 3841 5862 3852 5910; x_wconf 92' lang='grc'>;</span> <span class='ocrx_word' id='word_1_945' title='bbox 3879 5843 3945 5898; x_wconf 81' lang='grc' dir='ltr'>δι’</span> <span class='ocrx_word' id='word_1_946' title='bbox 3973 5846 4034 5914; x_wconf 67' lang='grc' dir='ltr'><strong>ἦν,</strong></span> 
     </span>
    </p>
   </div>
  </div>
