4294 6446
818 509 920 564 915

1525 506 1790 563 EUSEBII
1826 504 2300 562 CIESARlENSlS
2337 504 2486 563 OPP.
2529 505 2706 560 PARS
2741 505 2828 560 Ill.
2863 539 2935 552 ---
2973 512 3368 565 ιιλιιωςιιυλ.

3929 512 4030 567 916

818 625 1101 691 adaquavit
1147 642 1230 679 eos
1267 634 1398 680 velut
1441 628 1494 679 in
1526 630 1716 697 abysso
1769 628 1969 690 multa;
2002 627 2069 681 de
2107 627 2209 680 alia
2249 641 2378 681 vero
2407 639 2448 694 Α
2477 629 2514 680 lt

2334 641 2378 680 ὀ
2407 639 2448 694 Α
2477 627 2689 694 Κύριος
2733 627 2880 695 πρὸς
2927 628 3152 696 Μωσῆν
3193 628 3418 698 λέγων·
3455 626 3607 682 Λὰϐε
3650 627 3760 694 τὴν
3791 629 4030 696 ῥάϐδον,

816 712 1009 768 deinde
1035 714 1423 783 subjungitz—
1454 712 1619 767 Vsus.
1653 713 1739 770 16.
1769 712 1836 766 Et
1858 713 2073 766 deduxit
2098 728 2284 781 aquam
2315 710 2378 765 de

814 814 1038 870 ρεινα,ει
1051 804 1263 857 deduxit
1282 815 1531 873 tanquam
1557 806 1776 872 ﬂumina
1795 821 1977 873 aquas.
1999 803 2377 858 Verumtamen

815 909 936 946 cum
956 901 1030 948 tot
1054 895 1160 948 illis
1177 893 1584 948 subministrata
1603 895 1742 947 bona
1756 893 2003 957 fuissent,
2025 892 2378 947 nihilominus

819 992 1186 1052 opposuerunt
1243 998 1467 1052 peccare
1528 984 1712 1052 (Vens.
1762 984 1872 1053 l7),
1927 974 2154 1054 peccare
2200 991 2378 1037 autem

824 1091 931 1128 non
962 1074 1089 1138 sibi,
1123 1075 1214 1129 sed
1267 1075 1389 1144 ipsi.
1421 1073 1479 1129 In
1512 1075 1692 1145 ipsum
1759 1076 1900 1130 enim
1965 1075 2132 1129 Deum
2179 1089 2379 1144 pecca-

816 1175 927 1218 tum
957 1179 1142 1220 eorum
1181 1166 1442 1224 vertebat,
1491 1165 1620 1218 dum
1666 1180 1762 1233 per
1798 1163 2284 1218 contradictionem
2321 1164 2376 1217 in

812 1259 989 1325 ipsum
1044 1256 1204 1325 impie
1262 1263 1504 1325 agerent.
1556 1255 1734 1319 Quare
1765 1253 1989 1321 subiicit
2023 1274 2036 1308 :
2075 1253 2377 1308 Exacerba-

813 1357 991 1400 verunt
1030 1345 1305 1399 Excetsnm
1340 1345 1392 1398 in
1413 1347 1700 1413 inaquoso;
1732 1344 1846 1399 sive
1889 1345 2186 1400 secundum
2211 1345 2378 1415 Aqui-

813 1441 941 1503 lam,
989 1437 1055 1491 Ut
1092 1436 1398 1490 rebellarant
1439 1444 1620 1489 contra
1659 1433 1938 1489 Excelsum
1970 1437 2027 1489 in
2064 1437 2232 1500 invio;
2262 1437 2377 1492 sive

812 1530 1108 1584 secundum
1146 1522 1552 1598 Symmachum,
1593 1525 1659 1579 Ut
1710 1526 2072 1581 contenderent
2109 1543 2226 1580 cum
2264 1527 2375 1581 Ea:-

797 1619 949 1671 celso
985 1619 1035 1669 in
1062 1617 1152 1690 siti
1193 1618 1242 1668 in
1284 1617 1441 1670 invio.
1482 1615 1658 1681 Quare
1702 1624 1878 1670 autem
1913 1618 2377 1671 exacerbaverunt

814 1710 1101 1763 lixcelsum
1154 1708 1205 1760 in
1256 1708 1516 1775 inaquoso
1569 1709 1751 1762 docuit
1792 1707 2036 1779 Moyses;
2088 1717 2374 1778 postquam

811 1801 955 1854 enim
982 1799 1404 1872 suppeditasset
1438 1801 1517 1853 eis
1566 1813 1760 1865 aquam
1794 1799 1862 1853 de
1896 1809 2066 1869 petra,
2100 1801 2216 1854 haec
2248 1815 2376 1853 nar-

812 1899 896 1944 rat
929 1891 1004 1957 “,t
1044 1889 1105 1942 Et
1137 1891 1334 1943 vocavit
1364 1905 1548 1942 nomen
1584 1889 1684 1941 loci
1711 1889 1876 1952 illius,
1914 1888 2155 1944 Tentatio
2188 1903 2235 1942 et
2258 1889 2373 1956 iur-

2479 719 2576 772 καὶ
2611 720 3021 786 ὲκκλησίασον
3047 721 3162 790 τὴν
3186 720 3542 792 συναγωγὴν
3561 722 3641 775 σὺ
3680 724 3776 774 καὶ
3817 723 4036 790 Ἀαρὼν

2480 811 2511 861 ὀ
2536 809 2798 878 ἀδελφός
2829 825 2963 877 σου,
2991 812 3089 864 καὶ
3135 812 3436 878 λαλήσετε
3475 813 3622 881 πρὸς
3663 812 3776 879 τὴν
3816 814 4037 881 πέτραν

2477 897 2750 952 ἐναντίον
2795 899 3009 963 αὐτῶν,
3052 902 3146 955 καὶ
3189 902 3365 957 δώσει
3393 906 3461 957 τὰ
3485 903 3668 958 ὕδατα
3697 903 3904 970 αὐτῆς.
3925 905 4034 956 Kal

2476 988 2768 1052 ἐξοίσεται
2781 991 2983 1057 αὐτοῖς
3010 992 3162 1061 ὕδωρ
3187 995 3255 1048 ἐκ
3274 994 3383 1063 τῆς
3402 995 3638 1063 πέτρας,
3663 995 3759 1049 καὶ
3787 996 4036 1050 ποτιεῐτε

2477 1081 2590 1149 τὴν
2640 1081 2998 1153 συναγωγὴν
3049 1086 3146 1137 καὶ
3192 1089 3263 1139 τὰ
3324 1086 3512 1155 κτήνη
3546 1086 3761 1141 αὐτῶν.
3801 1087 4036 1150 Εἰκότως

2476 1165 2570 1223 οὖν
2598 1172 2889 1244 ἐπειδήπερ
2918 1175 2975 1226 ὲν
3005 1173 3279 1244 διαφόροις
3315 1177 3498 1239 τόποις
3521 1177 3824 1248 φαίνεταιὴ
3864 1178 4037 1247 πέτρα

2477 1265 2825 1334 χορηγήσασα
2846 1266 2905 1317 τὺ
2932 1263 3094 1336 ὕδωρ,
3119 1267 3245 1336 περὶ
3282 1267 3344 1336 μὲ
3370 1289 3375 1296 '
3402 1269 3499 1338 τῆς
3529 1269 3794 1340 προτέρας
3823 1268 3909 1321 διὰ
3931 1267 4037 1320 τῶν

2478 1354 2854 1424 προκειμένων
2888 1357 3130 1428 εἴρηται·
3162 1356 3436 1424 Διέρῤηεε
3467 1358 3687 1426 πέτραν
3723 1361 3793 1412 ἐν
3822 1357 4036 1428 ἐρήμῳ,

2477 1445 2571 1497 καὶ
2605 1445 2882 1499 ἐπότισεν
2907 1449 3128 1514 αὐτοὺς
3154 1449 3234 1514 ὡς
3261 1449 3329 1501 ἐν
3360 1449 3606 1518 ἀϐύσσῳ
3637 1450 3838 1518 πολλῇ
3858 1468 3870 1479 ·
3906 1451 4040 1521 περὶ

2475 1535 2531 1587 δὲ
2557 1536 2653 1606 τῆς
2676 1536 2864 1608 ἑτέρας
2899 1539 3023 1609 ἑξῆς
3053 1540 3246 1606 ἐπάγει
3266 1553 3280 1569 ⁴
3305 1539 3412 1593 Kal
3443 1539 3732 1610 ἐξήγαγεν
3778 1542 3931 1609 ὕδωρ
3968 1543 4038 1594 ἐκ

2476 1625 2713 1693 πέτρας,
2745 1629 2840 1680 καὶ
2871 1629 3202 1699 κατήπειγεν
3223 1631 3303 1696 ὼς
3330 1631 3630 1700 ποταμοὺς
3656 1631 3860 1686 ὕδατα.
3893 1633 4041 1704 Πλὴν

2475 1716 2608 1770 ἀλλὰ
2634 1719 2898 1772 τοσούτων
2914 1722 3095 1785 αὐτοῖς
3105 1722 3535 1792 χορηγηθέντων,
3552 1724 3700 1793 ὅμως
3715 1723 4042 1795 προσέθεντο

2476 1808 2568 1861 τοῦ
2597 1810 2949 1880 ἁμαρτάνειν,
2985 1813 3076 1865 καὶ
3108 1814 3436 1884 ἁμαρτάνειν
3489 1816 3591 1884 ὀὐχ
3647 1816 3878 1880 ἑαυτοῖς,
3929 1816 4042 1869 ἀλλ’

2476 1901 2637 1972 αὐτῷ.
2659 1904 2960 1958 Κατάύτοῦ
2985 1905 3092 1977 γὰρ
3121 1905 3211 1959 τοῦ
3243 1905 3377 1958 Θεοῦ
3401 1907 3496 1977 τὴν
3516 1907 3783 1978 ἁμαρτίαν
3798 1908 4042 1979 ἡμάρτα-

809 1984 970 2052 gium,
995 1993 1204 2051 propter
1235 1983 1468 2051 jurgium
1490 1982 1722 2049 ﬁliorum
1757 1978 1944 2043 Israel,
1974 1990 2022 2034 et
2049 1982 2172 2050 quia
2203 1991 2372 2036 tenta-
2405 1995 2444 2048 Β
2471 2008 2505 2042 νε

2348 2012 2372 2024 ·
2405 1995 2444 2048 Β
2471 2007 2578 2049 νον.
2631 1991 2952 2056 ἀσεϐοῦντες
3003 1994 3092 2047 διὰ
3129 1994 3230 2064 τῆς
3259 1995 3391 2065 πρὸς
3416 1995 3572 2048 αὑτὸν
3595 1978 3930 2063 ἀντιλογίας.
3954 1996 4044 2048 Διὸ

810 2079 987 2128 ver‘ant
1011 2073 1291 2127 Dominum
1309 2072 1641 2134 dicentes,An
1660 2081 1737 2124 est
1754 2070 1889 2125 Deus
1906 2073 1961 2124 in
1984 2072 2152 2136 nobis,
2171 2077 2367 2129 necne?
2475 2081 2500 2130 ὲ

2344 2077 2367 2129 ?
2475 2079 2730 2149 ἐπιλέγει·
2761 2085 3212 2164 Παρεπίκραναν
3227 2085 3333 2138 τὸν
3351 2085 3635 2153 Ὕψιστον
3648 2086 3716 2138 ἐν
4009 2086 4040 2154 ἦ

809 2167 950 2221 κατὰ
963 2169 1053 2220 τὸν
1069 2167 1317 2230 Ἀκύλαν,
1353 2167 1459 2220 Τοῦ
1482 2168 1823 2235 προτερίσαι
1849 2167 2179 2236 ’Υψίστῳὲν
2203 2168 2394 2235 ἀϐάτῳ
2413 2189 2426 2203 ·
2481 2174 2513 2244 ἢ
2548 2176 2687 2229 κατὰ
2709 2177 2798 2230 τὸν
2837 2156 3151 2248 έύμμαχον,
3186 2169 3550 2232 Φιλονεικεῖν
3571 2179 3650 2245 τῷ
3679 2156 3937 2247 ’Υψίστῳ
3975 2179 4042 2230 ὲν

809 2259 1057 2326 δίψειὲν
1093 2259 1304 2323 ἀϐάτῳ.
1341 2259 1438 2312 Διὰ
1463 2259 1513 2310 τί
1551 2259 1606 2312 δὲ
1633 2259 2041 2330 παρεπίκραναν
2079 2260 2169 2313 τὸν
2203 2261 2460 2330 Ὕψιστον
2520 2266 2577 2316 ὲν
2610 2267 2841 2341 ἀνύδρῳ,
2897 2269 3097 2334 ἐδίδαξε
3151 2270 3354 2340 Μωσῆς
3379 2285 3393 2300 ο
3434 2269 3568 2339 μετὰ
3599 2269 3707 2340 γὰρ
3747 2268 3809 2321 τὸ
3863 2285 4040 2339 παρα-

811 2355 958 2420 σχεῖν
978 2355 1158 2416 αύτοῖς
1186 2354 1248 2404 ἐκ
1273 2351 1476 2422 πέτρας
1511 2351 1570 2404 τὸ
1599 2350 1759 2421 ὓδωρ,
1795 2352 1992 2421 ἱστορεῖ
2020 2350 2189 2418 λέγων
2208 2368 2222 2383 θ
2249 2352 2356 2405 Καὶ
2381 2352 2728 2423 ἐπωνόμασε
2760 2357 2821 2412 τὸ
2850 2357 3033 2426 ὄνομα
3065 2357 3170 2412 τοῦ
3201 2359 3385 2410 τόπου
3417 2357 3670 2421 ἐκείνου,
3711 2357 4043 2426 Πειρασμὸς

812 2442 909 2495 καὶ
955 2441 1330 2508 λοιδόρησις,
1388 2439 1484 2491 διὰ
1537 2439 1650 2505 τὴν
1686 2438 1989 2506 λοιδορίαν
2041 2439 2157 2492 τῶν
2200 2439 2345 2494 υἱῶν
2414 2441 2670 2514 Ἰσραὴλ,
2703 2449 2800 2502 καὶ
2850 2449 2946 2502 διὰ
2974 2449 3040 2504 τὸ
3081 2448 3366 2517 πειράζειν
3409 2448 3629 2514 αὐτοὺς
3670 2449 3888 2516 Κύριον
3945 2451 4042 2505 λέ-

809 2550 1020 2604 τιον-τας
1040 2551 1052 2561 ·
1088 2535 1154 2586 El
1191 2533 1321 2585 ἐστι
1344 2529 1487 2596 Θεὸς
1515 2530 1583 2584 ὲν
1611 2530 1772 2599 ἡμῖν,
1804 2531 1840 2599 ἢ
1878 2534 1947 2585 οὔ
1974 2549 1990 2593 ;

881 2624 1040 2679 Vnus.
1075 2623 1290 2688 18,19.·
1331 2623 1400 2677 Ει
1448 2633 1771 2678 tentaverunt
1815 2625 1981 2678 Deum
2022 2643 2074 2679 in
2129 2627 2372 2681 cordibus
2548 2629 2577 2680 ε

2343 2645 2372 2681 ιε
2548 2626 2656 2680 Kal
2685 2626 3082 2694 ἐξεπείρασαν
3120 2624 3225 2678 τὸν
3257 2624 3404 2679 Θεὸν
3431 2625 3501 2678 ἐν
3527 2625 3794 2695 καρδίαις
3821 2630 4039 2694 αὐτων,

809 2717 938 2779 suis,
976 2726 1032 2768 ut
1061 2724 1287 2783 peterent
1315 2731 1488 2769 escam
1533 2716 1810 2771 animabus
1832 2719 1962 2772 suis.
2009 2719 2073 2771 I'Jt
2108 2720 2246 2772 male
2302 2720 2381 2772 ιο-
2487 2735 2505 2771 ι

2346 2739 2381 2765 ι-
2487 2719 2591 2772 τοῦ
2616 2717 2855 2785 αἰτῆσαι
2871 2715 3081 2786 ,βρῶμα
3102 2715 3228 2782 ταῖς
3252 2716 3477 2786 ψυχαῖς
3507 2717 3721 2770 αὐτῶν.
3748 2718 3858 2772 Kal
3885 2735 4042 2774 κατε-

809 2807 915 2859 cuti
937 2816 1054 2860 sunt
1082 2807 1143 2859 de
1180 2805 1303 2859 Deo.
1335 2805 1618 2871 Quomodo
1649 2809 1786 2862 male
1831 2809 1996 2862 locuti
2033 2811 2142 2863 sint
2172 2809 2238 2864 de
2271 2809 2380 2865 Deo
2484 2819 2505 2865 .J

2348 2827 2380 2864 ο
2484 2810 2765 2877 λάλησαν
2801 2808 2904 2863 τοῦ
2958 2808 3124 2862 Θεοῦ.
3159 2809 3344 2871 Ὅπως
3378 2796 3746 2879 κατελάλησαν
3786 2811 3877 2864 τοῦ
3909 2812 4041 2866 8εοῦ

808 2908 991 2951 narrat
1007 2896 1217 2967 Moyses
1227 2897 1416 2953 dicens
1437 2898 1475 2930 "
1505 2917 1517 2951 :
1539 2897 1606 2950 Et
1631 2901 1976 2952 murmuram‘t
1991 2901 2156 2954 omnis
2172 2916 2378 2970 congre-

808 2992 948 3059 gatio
980 2990 1209 3058 filiorum
1224 2988 1396 3042 Israel
1426 2997 1608 3042 contra
1625 2988 1852 3058 Mog/sem
1869 3000 1917 3044 et
1945 2991 2143 3054 Aaron,
2163 3001 2210 3045 et
2228 2991 2374 3046 dixe-

809 3092 928 3134 runt
952 3081 1019 3135 ad
1032 3097 1117 3134 eos
1136 3097 1152 3133 :
1175 3079 1387 3133 Utinam
1407 3081 1598 3133 mortui
1611 3096 1836 3134 essemus
1855 3085 2087 3150 percussi
2103 3101 2134 3136 a
2153 3084 2374 3138 Domino

2485 2901 2579 2954 nali
2604 2900 2809 2969 Μωσῆς
2835 2899 3071 2952 διδάσκει
3120 2898 3323 2968 λέγων·
3377 2897 3489 2951 Kal
3525 2899 3840 2969 ἐγόγγυζον
3876 2901 4042 2957 πᾶσα

2481 2987 2798 3058 συναγωγὴ
2820 2987 2964 3043 υἱῶν
3008 2987 3252 3056 Ἰσραὴλ
3278 2988 3376 3040 ἐπὶ
3408 2988 3633 3056 Μωσῆν
3664 2989 3762 3042 καὶ
3798 2989 4038 3059 Ἀαρὼν,

2481 3081 2578 3135 καὶ
2631 3081 2807 3134 εἶπαν
2855 3078 3003 3148 πρὸς
3062 3079 3282 3144 αὐτούς
3304 3095 3317 3108 α
3370 3079 3622 3147 Ὄφελον
3667 3080 4040 3151 ἀπεθάνομεν

808 3175 863 3224 in
896 3182 1038 3225 terra
1060 3170 1537 3240 Egyptl,quando
1575 3171 1882 3226 sedebamus
1905 3189 2059 3240 super
2092 3175 2297 3240 lebetes,
2325 3187 2373 3230 et
2403 3196 2449 3258 ρ
2478 3188 2504 3226 ,π

2340 3187 2373 3229 ει
2403 3196 2449 3258 C
2478 3171 2806 3241 ,πληγέντες
2855 3171 2972 3226 ὑπὸ
3033 3170 3253 3238 Κυρίου
3305 3171 3376 3223 ἐν
3413 3168 3491 3239 τῇ
3527 3172 3846 3240 Αἰγύπτου,
3895 3172 4036 3226 ὅταν

809 3264 1199 3319 comedebamus
1235 3278 1390 3332 panes
1441 3262 1508 3316 ad
1536 3263 1902 3317 saturitatem!
1935 3265 2075 3331 Quia
2115 3266 2371 3321 eduxistis

810 3373 924 3420 nos,
975 3365 1032 3409 ut
1065 3353 1362 3408 occideretis
1396 3362 1557 3406 totam
1603 3353 1737 3407 hanc
1786 3355 2174 3408 multitudinem
2213 3355 2369 3425 fame.

808 3448 1002 3502 Postea
1021 3461 1151 3501 vero
1194 3447 1268 3500 ait
1316 3445 1526 3517 Moyses
1567 3446 1633 3500 ad
1685 3448 1940 3516 populum
1968 3447 2051 3500 “z
2093 3444 2206 3500 Nos
2257 3465 2372 3503 vero

806 3537 930 3611 quid
967 3552 1146 3590 sumus
1178 3551 1195 3588 :
1227 3552 1326 3588 non
1369 3535 1506 3588 enim
1535 3545 1722 3590 contra
1743 3552 1834 3589 nos
1874 3552 2112 3588 murmur
2145 3547 2372 3594 vestrum

806 3639 907 3690 est,
933 3628 1021 3681 sed
1053 3636 1237 3681 contra
1275 3626 1462 3680 Deum.
1495 3627 1736 3681 Accedite
1772 3644 1950 3681 coram
1982 3628 2086 3683 Deo
2110 3645 2128 3682 :
2171 3631 2371 3684 audivit

807 3719 944 3771 enim
974 3732 1210 3770 murmur
1238 3727 1483 3770 vestrum.
1529 3716 1657 3772 Post
1688 3718 1798 3772 haec
1831 3725 2010 3773 autem
2042 3720 2107 3782 ¹⁹,
2139 3718 2370 3774 Locutus

807 3818 896 3862 est
916 3801 1171 3862 Dominus
1196 3807 1262 3860 ad
1292 3805 1524 3877 Moysem
1540 3808 1715 3862 dicens
1750 3824 1767 3861 :
1802 3825 1891 3879 ego
1928 3809 2105 3864 audivi
2134 3827 2373 3864 murmur

813 3900 1044 3967 ﬁliorum
1097 3897 1292 3961 Israel,
1333 3906 1437 3954 etc.
1491 3897 1616 3952 Haec
1663 3899 1827 3967 igitur
1875 3909 2139 3954 memorat
2194 3916 2373 3957 sermo

813 4005 1049 4059 praesens
1079 3990 1163 4045 bis
1198 3991 1377 4045 verbis
1411 4009 1423 4044 :
1458 3992 1525 4043 Et
1564 3999 1884 4043 tentaverunt
1925 3990 2086 4044 Deum
2115 3993 2169 4044 in
2200 3993 2374 4045 cordi-

813 4081 906 4134 bus
939 4081 1070 4143 suis,
1113 4089 1169 4137 ut
1198 4091 1424 4147 peterent
1462 4097 1634 4135 escam
1666 4080 1941 4134 animabus
1968 4081 2097 4134 suis.
2130 4079 2199 4132 Et
2236 4081 2374 4134 male

811 4173 972 4225 locuti
1015 4181 1135 4225 sunt
1179 4171 1241 4224 de
1295 4172 1420 4238 Deo,
1462 4181 1511 4226 et
1553 4172 1827 4236 dixerunt,
1874 4171 2145 4243 Numquid
2183 4175 2372 4241 poterit

807 4263 948 4316 Deus
978 4277 1168 4330 parare
1199 4279 1433 4332 mensam
1465 4262 1518 4314 in
1552 4262 1756 4315 deserto
1777 4265 1800 4316 ?
1819 4292 1887 4303 -—-
1909 4261 2077 4319 Vens.
2111 4262 2202 4317 20.
2228 4262 2372 4328 Quae

809 4357 950 4408 niam
971 4355 1222 4424 percussit
1253 4364 1452 4422 petram
1483 4368 1531 4406 et
1562 4355 1824 4421 ﬂuxerunt
1855 4351 2023 4423 aquai,
2043 4365 2092 4407 et
2119 4364 2370 4408 torrentes

809 4444 1228 4506 inundaverunt;
1261 4444 1508 4514 numquid
1547 4455 1595 4497 et
1627 4459 1812 4510 panem
1850 4447 2038 4511 poterit
2082 4445 2230 4508 dare,
2280 4436 2371 4501 aut

2478 3263 2837 3332 ἐκαθίσαμεν
2863 3262 2961 3315 ἐπὶ
3010 3261 3127 3315 τῶν
3161 3262 3448 3326 λεϐήτων,
3483 3261 3582 3316 καὶ
3617 3261 3915 3332 ἐφάγομεν
3941 3263 4040 3333 ἆρ-

2485 3373 2626 3422 τους
2704 3358 2790 3420 εὶς
2859 3352 3265 3422 πλησμονήνέ
3325 3355 3442 3406 Ὅτι
3504 3353 3821 3423 ἐξηγάγετε
3887 3356 4040 3426 ἡμᾶς

2477 3443 2817 3498 ἀποκτεῖναι
2871 3443 3076 3496 πᾶσαν
3128 3441 3242 3508 τὴν
3297 3440 3654 3511 συναγωγὴν
3695 3446 3919 3512 ταύτην
3971 3447 4040 3499 ἐν

2477 3535 2647 3604 λιμῷ.
2676 3535 2785 3588 Καὶ
2816 3534 2952 3606 μετὰ
2993 3533 3165 3587 ταῦτα
3195 3528 3313 3588 εἶπε
3342 3535 3542 3604 Μωσῆς
3575 3537 3709 3606 πρὸς
3747 3538 3837 3592 τὸν
3873 3539 3998 3592 λαόν
4023 3558 4038 3572 ο

2490 3627 2677 3696 Ἡμεῖς
2715 3625 2782 3679 δὲ
2808 3627 2887 3679 ’τί
2931 3625 3150 3695 sapori;
3179 3628 3250 3680 οὐ
3284 3626 3392 3695 γὰρ
3425 3630 3551 3680 καθ’
3572 3627 3739 3697 ἡμῶν
3763 3633 3795 3682 δ
3831 3649 4038 3700 γογγυ-

2478 3719 2631 3788 σμὸς
2659 3717 2824 3786 ὑμῶν
2855 3717 3043 3779 ἐστιν,
3079 3718 3236 3771 ἀλλὰ
3278 3717 3425 3770 κατὰ
3453 3717 3555 3772 τοῦ
3591 3719 4037 3788 9305.11,)th-

2478 3811 2607 3862 θετε
2632 3809 2906 3861 ἐναντίον
2941 3807 3046 3861 τοῦ
3079 3807 3244 3868 Θεοῦ,
3278 3807 3595 3874 εἰσακήκοε
3635 3811 3745 3878 γὰρ
3773 3811 3876 3864 τοῦ
3908 3828 4037 3880 γογ-

2479 3899 2710 3968 γυσμοῦ
2751 3897 2934 3967 ὑμῶν.
3000 3899 3108 3951 Καὶ
3157 3899 3291 3968 μετά
3344 3900 3544 3952 ταῦτα·
3599 3902 3892 3968 Ἐλάλησε
3921 3904 4036 3956 Κύ-

2472 4007 2600 4057 ριος
2658 3988 2806 4058 πρὸς
2865 3987 3090 4055 Μωσῆν
3149 3989 3366 4058 λέγων·
3439 3989 3586 4058 Ἐγὼ
3646 3990 3875 4056 ἀκήκοα
3930 3991 4035 4044 τὸν⁹

2478 4080 2820 4151 γογγυσμὸν
2862 4080 3012 4134 υἱῶν
3045 4079 3308 4148 Ἰσραὴλ,
3371 4081 3461 4133 καὶ
3509 4081 3576 4133 τὰ
3615 4079 3760 4150 ἑξῆς.
3820 4081 4034 4138 Τούτων

2477 4169 2567 4225 οὖν
2608 4177 2950 4242 μεμνημένος
2979 4171 3074 4224 καὶ
3105 4173 3134 4225 ὁ
3166 4154 3352 4242 παρὼν
3384 4171 3554 4239 λόγος,
3585 4167 3703 4225 εἷπε
3727 4189 3740 4202 ⁸
3776 4172 3882 4227 Kal
3911 4173 4036 4237 ἐξε-

2478 4262 2774 4330 πείρασαν
2806 4261 2911 4315 τὸν
2934 4262 3084 4316 Θεὸν
3106 4263 3175 4315 ἐν
3207 4262 3472 4328 καρδίαις
3501 4262 3717 4326 αὐτῶν,
3746 4263 3852 4316 τοῦ
3881 4263 4036 4332 αἰτῆ-

2477 4366 2579 4404 σαι
2598 4349 2808 4419 ,βρῶμα
2828 4351 2955 4416 ταῖς
2975 4351 3198 4418 ψυχαῖς
3227 4350 3438 4404 αὐτῶν.
3476 4353 3580 4405 Καὶ
3613 4353 4036 4418 κατελὰλησαν

2478 4443 2581 4496 τοῦ
2611 4443 2777 4505 Θεοῦ,
2819 4438 3140 4495 καὶειπαν·
3186 4443 3281 4510 Μὴ
3320 4436 3639 4508 δυνήσεται
3665 4449 3696 4498 d
3718 4445 3859 4509 Θεὸς
3883 4447 4033 4498 etot-

808 4550 999 4602 parare
1026 4551 1256 4590 mensam
1283 4535 1472 4604 populo
1502 4537 1634 4588 suo?
1659 4535 1780 4590 Haec
1833 4536 2049 4603 quidem
2106 4539 2160 4591 in
2204 4539 2373 4592 histo-
2402 4531 2504 4604 np

2338 4558 2373 4589 μ-
2402 4543 2452 4602 ι)
2468 4531 2658 4604 μάσαι
2683 4532 2971 4601 τράπεζαν
3000 4534 3069 4586 ἐν
3089 4532 3314 4602 ἐρήμῳ;
3351 4535 3508 4588 Ἐπεὶ
3533 4535 3788 4600 ἐπάταξε
3814 4535 4034 4602 πέτραν

810 4625 892 4677 ria
949 4641 1056 4680 non
1101 4626 1380 4690 feruntur,
1415 4628 1510 4681 sed
1553 4628 1636 4680 hic
1671 4627 1994 4682 observatur
2043 4644 2137 4685 eos
2182 4629 2368 4685 istlnec

810 4720 1095 4786 cogitasse.
1160 4719 1524 4781 Tentaverunt,
1573 4722 1768 4792 inquit,
1816 4721 1983 4775 Deum
2028 4722 2082 4774 in
2125 4723 2369 4778 cordibus

807 4809 938 4872 suis,
965 4813 1041 4872 et,
1087 4806 1227 4860 Male
1279 4811 1438 4862 locuti
1468 4821 1588 4863 sunt
1637 4811 1698 4865 de
1741 4811 1864 4866 Deo.
1897 4811 2180 4878 Quomodo
2230 4813 2370 4867 male

808 4899 975 4952 locuti
1014 4905 1162 4960 sunt,
1193 4899 1296 4953 nisi
1331 4901 1444 4953 hinc
1474 4902 1782 4969 cogitando,
1811 4903 1912 4957 etsi
1947 4903 1997 4956 id
2028 4903 2250 4956 minime
2287 4902 2365 4956 la-

807 4988 913 5041 biis
961 4991 1306 5058 protulerint,
1356 4992 1450 5045 sed
1505 5001 1682 5046 mente
1725 4994 2073 5056 revolverint,
2117 5009 2236 5062 quas
2281 4993 2370 5047 ille

806 5079 1050 5133 cordium
1079 5083 1322 5154 cognitor
1359 5085 1496 5138 bene
1536 5084 1684 5137 novit
1717 5085 2066 5154 audivitque?
2093 5084 2368 5151 Quamob-

806 5184 921 5224 rem
956 5171 1155 5226 dicitur
1199 5192 1305 5228 :-—
1339 5174 1500 5231 Vsus.
1529 5176 1618 5232 2|.
1650 5176 1862 5229 Audiuit
1894 5175 2147 5232 Dominus
2185 5186 2235 5231 et
2265 5176 2374 5231 dis-

807 5257 951 5311 tulit.
992 5256 1097 5312 Pro
1152 5249 1260 5331 quo
1307 5252 1517 5332 A‘quila,
1547 5275 1595 5318 et
1633 5283 1736 5329 non
1764 5263 2074 5334 supersedit,
2105 5266 2372 5335 interpre-

806 5359 953 5405 tatus
984 5358 1089 5414 est,
1137 5353 1191 5406 id
1239 5364 1344 5418 est,
1375 5370 1480 5409 non
1526 5356 1776 5421 distulit;
1828 5356 2186 5426 Symmachus
2218 5369 2366 5420 vero,

804 5452 854 5497 et
903 5443 1073 5496 iratus
1103 5451 1200 5496 est.
1239 5443 1439 5501 Deinde
1474 5445 1568 5509 ait,
1629 5444 1696 5497 Et
1743 5447 1875 5514 ignis
1911 5461 2155 5499 accensus
2197 5455 2271 5499 est
2316 5446 2370 5496 in

804 5530 992 5595 Jacob,
1021 5543 1069 5586 et
1098 5535 1178 5586 ira
1203 5536 1435 5589 ascendit
1469 5538 1521 5590 in
1560 5535 1752 5590 Israel.
1782 5536 1934 5604 Apud
1972 5534 2205 5608 Moysem
2234 5553 2371 5607 quo-

807 5638 912 5693 que
946 5624 1203 5678 scribitur
1230 5625 1308 5679 "z
1340 5619 1406 5677 Et
1432 5637 1544 5680 erat
1573 5627 1792 5696 populus
1821 5627 2155 5683 murmurans
2187 5639 2371 5681 contra

809 5711 1111 5775 Dominum,
1147 5723 1196 5768 et
1238 5714 1436 5768 audivit
1479 5715 1735 5770 Dominus
1765 5726 1814 5770 et
1856 5718 2024 5770 iratus
2053 5728 2168 5772 est:
2216 5729 2264 5772 et
2295 5720 2371 5770 in-

801 5815 986 5855 census
1014 5811 1089 5853 est
1119 5803 1170 5855 in
1200 5806 1272 5858 eis
1307 5807 1438 5874 ignis
1466 5823 1499 5858 a
1528 5805 1771 5872 Domino,
1806 5817 1853 5860 et
1881 5806 2142 5862 devoravit
2165 5816 2368 5876 partem

880 5914 919 5947 "
955 5914 1122 5972 Exod.
1153 5933 1281 5984 xvu,
1312 5920 1362 5972 7.
1445 5920 1482 5952 ’τ
1515 5918 1662 5975 limit
1718 5937 1801 5958 ww

1857 5921 1888 5956 ‘9
1943 5921 1992 5974 3.
2076 5923 2119 5954 ¹⁵
2147 5922 2274 5978 ibid.
2308 5921 2427 5986 7,9.

2470 4625 2568 4677 καὶ
2597 4625 2900 4692 ἐρρύησαν
2926 4623 3131 4687 ὕδατα,
3173 4623 3269 4681 καὶ
3291 4627 3593 4694 χείμαρροι
3625 4627 4030 4695 κατεκλύσθη-

2472 4730 2621 4768 σαν·
2645 4714 2730 4783 μὴ
2778 4715 2876 4768 καὶ
2913 4715 3096 4782 ἄρτον
3141 4713 3387 4768 δύναται
3411 4717 3694 4784 δοῦναι,ἢ
3727 4717 4030 4785 ἑτοιμάσαι

2471 4804 2760 4871 τράπεζαν
2773 4805 2854 4870 τῷ
2883 4804 3005 4870 λαῷ
3046 4805 3253 4868 αὐτοῦ;
3285 4807 3371 4860 Ἐν
3393 4808 3488 4877 μὲν
3511 4805 3602 4860 οὖν
3634 4810 3699 4877 τῇ
3736 4809 3944 4880 ἱστορίᾳ
3971 4813 4028 4863 ού

2473 4897 2694 4967 φέρεται
2721 4898 2892 4950 ταῦτα
2915 4913 2929 4928 ⁸
2957 4895 3185 4949 ἐνταῦθα
3217 4897 3273 4950 δὲ
3297 4900 3608 4968 τετήρηται,
3637 4899 3708 4961 ὡς
3731 4899 3836 4969 ἄρα
3861 4902 4031 4956 ταῦτα

2469 4985 2817 5056 διενοήθησαν
2840 4998 2854 5012 ⁸
2894 4984 3332 5052 Ἐεεπείρασαν,
3363 4984 3468 5054 γάρ
3486 5001 3636 5053 φησι,
3661 4984 3767 5038 τὸν
3796 4988 3944 5039 Θεὸν
3964 4989 4031 5041 ἐν

2472 5077 2738 5143 καρδίαις
2778 5073 3005 5137 αὐτῶν,
3051 5077 3164 5137 καὶ,
3228 5072 3662 5141 Κατελάλησαόο
3702 5075 3806 5129 τσῦ
3857 5077 4026 5130 Θεοῦ.

2470 5167 2592 5231 Πῶς
2612 5168 2671 5220 δὲ
2704 5167 3072 5240 κατελάλησαν
3110 5168 3144 5238 ἢ
3184 5165 3306 5218 τάδε
3332 5165 3718 5236 διανοηθέντες,
3757 5171 3806 5221 εἰ
3833 5169 3928 5219 καὶ
3956 5169 4028 5238 μὴ

2469 5256 2668 5324 χείλεσι
2713 5255 3090 5326 φθεγξάμενοι,
3123 5253 3258 5310 ἀλλὰ
3283 5256 3401 5317 ταῖς
3429 5253 3622 5326 ψυχαῖς
3663 5256 4026 5326 λογισάμενοι,

2468 5349 2502 5401 ἃ
2527 5348 2588 5422 δὴ
2641 5353 2669 5404 ὁ
2714 5350 3147 5422 καρδιογνώστης
3181 5345 3333 5409 εἰδὼς
3379 5347 3616 5418 ἧκουσε;
3651 5347 3742 5401 Διὸ
3769 5347 3985 5418 εἴρηται
4012 5364 4024 5374 ·

2473 5441 2724 5496 Ἤκουσε
2763 5444 2975 5510 Κύριος
3029 5442 3127 5494 καὶ
3182 5439 3522 5495 ἀνεϐάλετο.
3585 5439 3725 5493 Ἄνθ⁶
3757 5434 3819 5494 οὗ
3851 5441 3879 5491 ὁ
3931 5441 4028 5510 μὲν

2480 5529 2725 5602 Ἀκύλας,
2743 5534 2848 5587 Kal
2863 5531 3361 5600 ἀνυπερθέτησεν,
3387 5520 3713 5604 ἡρμήνευσε,
3731 5529 4026 5594 τουτέστιν,

2412 5613 2416 5619 ’
2466 5626 2562 5694 οὐχ
2591 5621 2886 5693 ὑπερέθετο
2909 5637 2922 5652 ·
2947 5621 2976 5672 ὁ
3002 5621 3057 5673 δὲ
3087 5620 3399 5692 Σύμμαχος,
3431 5621 3543 5673 Kal
3556 5619 3820 5689 ἐχολώθη
3843 5634 3858 5650 ⁸
3889 5615 4027 5684 εἶτα,

2474 5717 2579 5770 Kal
2609 5715 2726 5782 πῦρ
2751 5710 3007 5779 ἀνήφθη,
3040 5714 3223 5780 φησιν,
3240 5714 3308 5766 ἐν
3325 5712 3536 5772 Ἰακὼϐ,
3561 5708 3660 5766 καὶ
3683 5709 3830 5780 ὀργὴ
3843 5711 4028 5779 ἀνέϐη

2467 5807 2564 5860 ἐπὶ
2597 5806 2701 5859 τὸν
2741 5803 2993 5869 Ἰσραήλ.
3042 5802 3151 5858 Καὶ
3197 5803 3342 5875 παρὰ
3382 5799 3652 5871 Μωσεῖδᾷ
3679 5801 4021 5872 γέγραπται·

2540 5922 2578 5952 ¹⁹
2611 5919 2740 5976 ibid.
2785 5918 2870 5983 li,
2902 5916 2982 5970 l2.
3062 5920 3105 5951 ³ο
3131 5916 3290 5974 Num.
3325 5932 3400 5983 tu,
3441 5911 3556 5968 1-5.
