4294 6394
279 466 391 517 συιι

1382 454 1889 515 COMMENTARIA‘
1920 452 1988 509 IN
2026 450 2361 509 PSALMOS.

3396 446 3500 502 92‘!

292 580 402 634 οὐκ
420 543 857 646 ἠλαττόνησηό
882 577 916 629 δ
932 574 999 663 ηδ
1028 572 1555 646 ὀλίγον,συνήγατε
1578 553 1721 630 δέκα
1743 578 1842 630 κό-
1869 584 1911 638 Α
1940 590 1988 629 νε

1805 578 1842 625 ς-
1869 584 1911 638 Α
1940 584 2101 629 vento
2116 573 2364 642 impulsa,
2383 569 2627 637 injeastra
2643 567 2806 623 fuisse
2821 568 3013 622 delata.
3034 563 3340 621 Secundum
3354 564 3501 635 Sym-

289 688 451 741 ρους.
508 674 615 725 Kal
666 671 895 739 ἔψυξεν
923 670 992 722 ἐν
1019 670 1141 734 τοῖς
1168 670 1469 738 ψυκτῆρσι
1502 671 1703 731 κύκλῳ
1736 668 1845 736 τῆς

295 759 669 830 παρεμϐολῆς
710 760 780 813 τὰ
803 758 943 828 κρέα
983 757 1061 828 ἦν
1093 759 1221 825 πρὶν
1260 759 1297 824 ἣ
1326 759 1591 813 ἐκλιπεῖν
1618 759 1715 828 (l).
1740 757 1848 811 Kal

296 852 555 920 ὠργίσθη
583 851 815 917 Κύριος.
847 850 950 901 Kal
979 846 1201 915 ἐκλήθη
1234 846 1299 899 τό
1330 847 1509 915 ὄνομα
1543 847 1647 900 τοῦ
1666 847 1847 900 τόπου

290 945 545 1005 ἐκείνου,
576 940 1208 1010 Μνήματαὲπιθυμίας,
1238 938 1705 1015 ὄτιὲκεῖἐθαψαν
1742 937 1849 991 τόν

289 1033 443 1087 λαὸν
468 1034 572 1085 τεν
599 1028 1274 1100 ἐπιθυμητήν·-εἱκότως
1306 1024 1395 1081 οὖν
1412 1030 1504 1082 καὶ
1532 1031 1564 1099 ἡ
1590 1028 1725 1099 μετὰ
1750 1032 1851 1098 χεῖο

273 1133 392 1193 ’ρας
446 1123 712 1193 περικοπὴ
781 1120 1015 1173 διδάσκει
1072 1118 1241 1171 ταῦτα
1307 1119 1567 1187 λέγουσα·
1636 1120 1851 1171 Ἐπισι-

294 1213 503 1281 τισμὸν
526 1212 879 1267 ἀπέστειλεν
912 1210 1112 1275 αὐτοῖς
1134 1213 1218 1275 εὶς
1251 1205 1637 1278 πλησμονὴ’ν,
1672 1211 1764 1263 καὶ
1784 1210 1851 1263 τὰ.

293 1303 437 1371 ἑξῆς.
495 1302 847 1364 Διδάσκειοδὲ,
880 1303 953 1364 ὼς
979 1302 1085 1373 ἄρα
1130 1303 1217 1353 ὑπ’
1252 1302 1464 1371 ἀνέμων
1521 1304 1851 1373 ἐλαυνόμενα

293 1391 357 1444 τὰ
390 1394 563 1462 πτηνά
598 1391 921 1461 κατεφέρετο
947 1393 1025 1453 είς
1044 1391 1141 1460 τὴν
1170 1392 1536 1462 παρεμϐολήν.
1568 1393 1677 1443 Καὶ
1712 1393 1850 1444 κατά

291 1481 380 1533 τὸν
405 1483 691 1552 Σύμμαχον
724 1482 781 1535 δέ
823 1481 1063 1553 εἴρηταιο
1102 1484 1203 1547 Ὃς
1248 1478 1394 1550 ἦρεν
1420 1478 1615 1547 Εὗρον
1656 1482 1723 1545 ἐξ
1752 1484 1851 1535 οὐ·

288 1572 493 1638 ρανοῦ,
521 1572 615 1624 καί
643 1572 937 1643 ἐπήγαγεν
964 1572 1035 1625 ἐν
1069 1571 1142 1640 τῇ
1178 1570 1499 1637 δυναστείᾳ
1539 1572 1722 1625 αὑτοῦ
1750 1573 1853 1625 Νό-

293 1680 415 1726 τον,
451 1664 591 1717 ὡσεὶ
616 1665 807 1733 ἅμμον
822 1666 1146 1719 θαλασσῶν
1168 1663 1404 1716 πετεινὰ
1434 1664 1711 1730 πτερωτά.
1743 1663 1849 1717 Καὶ

289 1752 578 1806 ἐπέϐαλεν
596 1753 773 1807 ἔνδον
794 1756 879 1819 εις
897 1752 1009 1821 τὴν
1037 1751 1418 1819 παρεμϐολὴν
1431 1750 1626 1806 αὐτῶν
1652 1742 1853 1819 κύκλῳ

290 1841 405 1895 τῶν
430 1843 689 1910 σκηνῶν.
724 1846 831 1899 Kal
856 1843 1167 1921 φαγόντες,
1202 1842 1670 1909 ἐνεπλήσθησαν
1698 1844 1850 1909 σερό-

288 1932 398 1998 δρα
421 1948 434 1961 ⁸
460 1933 559 1985 καὶ
608 1933 720 2000 τὴν
749 1932 1062 1999 ἐπιθυμίαν
1096 1930 1291 1985 αὐτῶν
1336 1931 1586 2000 ἤνεγκεν
1629 1931 1848 1998 αὐτοῖς,

1895 706 1901 713 .
1946 664 2197 718 machum
2213 677 2337 718 vero
2353 662 2552 715 dicitur
2581 658 2711 723 :Qui
2739 659 2857 711 tulit
2881 656 3078 710 Eurum
3097 656 3159 709 de
3174 657 3321 727 calo,
3350 666 3396 709 et
3419 658 3500 709 in-

1944 754 2096 807 duxit
2143 754 2198 806 in
2229 753 2416 806 virtute
2462 767 2558 803 sua
2602 749 2820 811 Notum,
2858 749 3008 817 quasi
3032 764 3243 800 arenam
3275 750 3499 801 marium

1946 847 2181 901 volatilia
2222 854 2469 913 pennata.
2508 844 2574 897 Et
2604 845 2775 912 injecit
2822 844 2959 894 intus
2990 842 3043 893 in
3072 850 3249 893 castra
3298 857 3496 904 eorum,

1945 941 2000 992 in
2030 938 2248 991 circuitu
2285 936 2757 990 tabernaculorum.
2786 933 2851 988 Et
2875 934 3241 986 manducantes
3273 936 3499 986 saturati

1945 1038 2065 1083 sunt
2088 1028 2235 1104 valde
2263 1042 2279 1079 :
2304 1036 2351 1083 et
2374 1025 2838 1093 concupiscentiam
2867 1040 3040 1076 eorum
3070 1021 3245 1074 attulit
3271 1023 3365 1084 eis,
3396 1038 3499 1074 non

1946 1120 2253 1173 abstiterunt
2295 1120 2327 1171 ὰ
2381 1118 2791 1185 concupiscentia
2840 1133 2955 1169 sua.
2990 1113 3119 1170 Cum
3169 1114 3337 1168 adhuc
3379 1130 3499 1168 esca

1946 1228 2123 1265 eorum
2144 1219 2275 1264 esset
2308 1227 2359 1263 tn
2391 1209 2625 1263 dentibus
2657 1225 2856 1273 eorum,
2881 1208 2960 1260 ira
2998 1207 3156 1275 igitur
3185 1205 3278 1258 Dei
3308 1206 3499 1258 invasit

1945 1302 2086 1367 illos,
2119 1310 2167 1354 et
2200 1300 2390 1353 occidit
2418 1300 2713 1367 pinguiores
2741 1314 2938 1360 eorum,
2962 1308 3009 1350 et
3024 1297 3259 1363 juniores
3283 1295 3497 1349 lsrtelis

1946 1394 2249 1458 prostravit.
2283 1392 2405 1445 llaec
2428 1407 2587 1459 porro
2610 1393 2732 1459 jure
2764 1393 2909 1460 passi
2932 1399 3076 1443 sunt.
3108 1388 3239 1440 Nam
3274 1388 3363 1440 ille
3386 1389 3500 1459 qui-

1948 1483 2067 1536 dem
2102 1482 2169 1534 ad
2196 1484 2444 1551 potentia:
2473 1496 2584 1536 sum
2612 1483 2871 1536 indicium
2900 1480 3218 1533 mirabiliter
3249 1480 3334 1531 illa
3372 1494 3499 1547 sup—

1949 1571 2242 1640 peditavit:
2265 1571 2365 1638 ipsi
2392 1586 2516 1625 vero
2538 1572 2872 1624 insaturabili
2898 1574 3141 1626 carnium
3170 1569 3500 1623 comestionc

1952 1662 2055 1725 usi,
2095 1663 2471 1718 intestinorum
2512 1663 2700 1715 morbo
2734 1664 3040 1731 perierunt:
3070 1662 3278 1732 ingenti
3332 1662 3497 1713 mira-

1950 1758 2073 1810 culo
2108 1770 2214 1808 non
2262 1755 2500 1807 animum
2554 1752 2891 1812 adhibentes,
2936 1731 3049 1805 nec.
3088 1731 3312 1819 gloriam
3366 1752 3497 1803 tanti

1951 1842 2179 1913 prodigii
2231 1844 2436 1897 auctori
2478 1841 2811 1906 referentes;
2844 1842 2936 1895 sed
2982 1842 3077 1892 toti
3108 1840 3363 1894 carnibus
3407 1840 3501 1893 de-

1955 1932 2075 1996 diti,
2100 1947 2254 1986 suam
2284 1933 2384 1987 sibi
2414 1932 2702 2003 perniciem
2734 1939 3111 2002 procurarunt.

290 2025 400 2077 οὐκ
437 2022 792 2091 ἀπέστησαν
846 2022 954 2091 τῆς
1002 2023 1310 2092 ἐπιθυμίας
1334 2024 1552 2079 αὐτῶν.
1594 2025 1713 2077 Ἔτι
1738 2023 1847 2091 τῆς
1878 2024 2157 2092 ,ϐρώσεως
2216 2024 2411 2077 αὐτῶν
2454 2025 2646 2093 οὔσης
2677 2026 2746 2079 ὲν
2788 2024 2912 2091 τοῖς
2978 2024 3225 2079 ὀδοῦσιν
3283 2024 3497 2084 αὐτῶν,

288 2118 434 2187 ὀργὴ
484 2113 598 2173 οὖν
647 2118 791 2172 Θεοῦ
844 2117 1105 2186 ἐπῆλθεν
1147 2119 1369 2185 αὐτοῖς,
1410 2120 1507 2173 καί
1538 2119 1849 2175 ἀπέκτεινε
1881 2119 2023 2184 τοὺς
2074 2120 2509 2186 λιπαρωτέρους
2551 2118 2748 2173 αὐτῶν
2778 2121 2875 2173 καὶ
2942 2120 3083 2186 τοὺς
3143 2120 3500 2184 νεανίσκους

285 2210 392 2265 τοῦ
426 2208 665 2277 Ἰσραὴλ
701 2210 957 2265 ὤκλασε.
994 2212 1099 2263 Καὶ
1127 2210 1278 2264 ταῦτ’
1302 2210 1537 2283 ἔπασχον
1602 2198 1870 2280 εὐλόγωςο
1910 2211 1938 2258 ὁ
1972 2212 2068 2281 μὲν
2113 2209 2219 2280 γὰρ
2260 2210 2440 2272 αὐτοῖς
2483 2212 2561 2272 είς
2597 2208 2814 2272 ἔνδειξιν
2859 2210 2956 2279 τῆς
2998 2208 3160 2263 αὐτοῦ
3224 2209 3499 2281 δυνάμεως
3550 2220 3553 2223 “

288 2300 600 2373 παραδόξως
625 2304 717 2355 καὶ
740 2302 911 2355 ταῦτα
928 2305 1213 2375 παρεῖχενο
1280 2306 1327 2357 οἱ
1393 2304 1449 2357 δὲ
1512 2304 1771 2375 ἀπλήστῳ
1831 2301 2099 2374 χρώμενοι
2138 2305 2205 2372 τῇ
2254 2302 2589 2373 κρεωφαγία,
2625 2302 2887 2372 χολερικῷ
2927 2301 3084 2353 πάθει
3118 2301 3497 2370 διεφθείροντο,

292 2396 365 2469 μὴ
403 2398 753 2468 προσέχοντες
776 2399 895 2469 ’μὲν
952 2399 1030 2469 τῷ
1082 2398 1177 2453 τοῦ
1233 2400 1533 2471 παραδόξου
1573 2399 1827 2470 θαῖόματι,
1906 2398 2039 2468 μηδέ
2092 2395 2398 2461 δοξάζοντες
2474 2397 2564 2450 τὸν
2616 2395 3034 2463 παραδοξοποιὸν
3058 2411 3073 2424 ·
3128 2393 3237 2447 ὅλοι
3286 2395 3343 2449 δὲ
3389 2394 3499 2449 τῶν

287 2491 504 2581 σαρκῶν
534 2492 857 2562 γιγνόμενοι,
892 2493 971 2545 διὸ
1004 2494 1097 2545 καὶ
1123 2494 1435 2547 ἐπεσπῶντο
1473 2495 1681 2561 ἑαυτοῖς
1712 2490 1948 2560 ὀλεθρον.

369 2610 465 2661 Ἐν
505 2607 649 2661 πᾶσι
701 2609 929 2673 τούτοις
980 2609 1243 2677 ἥμαρτον
1295 2610 1401 2673 ἔτι,
1443 2610 1536 2662 καί
1578 2614 1685 2664 οὐκ
1715 2612 1840 2664 ἐπί·
1872 2618 1912 2670 Β
2010 2606 2065 2660 Vi

1797 2612 1840 2664 ί·
1872 2618 1912 2670 Β
2010 2606 2175 2663 Vens.
2208 2607 2298 2672 52,
2324 2608 2413 2663 ⁸53.
2444 2607 2511 2661 In
2557 2607 2791 2662 omnibus
2822 2608 2901 2661 Itis
2935 2617 3270 2674 peccaverunt
3308 2604 3493 2666 adhuc,

283 2707 552 2746 στευσαν
578 2693 648 2743 ἐν
666 2692 782 2757 τοῖς
810 2695 1157 2761 θαυμασίοις
1184 2696 1385 2748 αὐτοῦ.
1417 2696 1524 2748 Kal
1560 2696 1841 2761 ἐξέλιπον

285 2786 354 2838 ὲν
370 2786 712 2852 ματαιότητι
730 2787 787 2837 al
812 2782 1017 2851 ἡμέραι
1046 2785 1241 2837 αὐτῶν
1265 2786 1359 2840 καί
1390 2785 1462 2839 τὰ
1510 2787 1616 2857 ἔτη
1648 2788 1842 2844 αὐτῶν

282 2879 431 2946 μετὰ
456 2872 752 2942 σπουδῆς.
796 2876 1134 2943 Ἐλεγκτικδς
1172 2875 1246 2928 ὢν
1290 2878 1383 2929 καὶ
1416 2880 1841 2950 κατηγορητικὸς

252 3018 261 3025 ,
285 2966 384 3035 τῆς
421 2963 683 3016 Ἰουδαίων
707 2964 1003 3035 μοχθηρίας
1024 2964 1051 3015 ὁ
1080 2965 1252 3032 λόγος,
1282 2966 1677 3036 καταρίθμησιν
1701 2970 1843 3020 ποιεῖ

286 3052 379 3106 καὶ
404 3052 515 3105 τῶν
543 3053 1083 3124 πεπλημμελημένων
1108 3054 1305 3117 αὐτοῖς,
1347 3056 1639 3124 παριστῶν,
1669 3057 1748 3109 ὅτι
1767 3057 1841 3128 μὴ

289 3143 463 3213 μάτην
492 3144 684 3205 αὐτοὺς
696 3145 761 3196 τὰ
778 3145 875 3213 τῆς
904 3145 1069 3214 ὀργῆς
1082 3144 1172 3197 τοῦ
1188 3145 1321 3198 Θεοῦ
1341 3145 1618 3216 μετῆλθεν.
1646 3146 1746 3200 Καὶ
1776 3148 1840 3218 δὴ

284 3224 541 3292 διδάσκει,
573 3226 647 3293 ὦς
676 3232 767 3283 καὶ
804 3233 938 3301 μετὰ
965 3232 1029 3285 τὰ
1042 3233 1397 3304 προλεχθέντα
1429 3235 1623 3301 πάντα,
1658 3235 1841 3303 αὔξον·

285 3338 377 3384 τες
406 3321 609 3373 ἑαυτῶν
641 3322 707 3374 τὰ
735 3322 895 3384 κακὰ,
916 3323 1159 3392 ἥμαρτον
1186 3325 1291 3377 ἔτι·
1327 3325 1420 3379 καὶ
1444 3327 1705 3399 ἥμαρτον,
1723 3327 1842 3380 ἐπεὶ

287 3412 386 3464 οῦκ
427 3413 747 3464 ἐπίστευσαν
776 3414 885 3474 τοῖς
914 3412 1232 3483 θαυμασίοις
1262 3417 1443 3472 αὐτοῦ.
1474 3418 1704 3470 Τοιαῦτα
1733 3417 1840 3487 γὰρ

286 3501 576 3571 ὀφθαλμοῖς
612 3500 861 3569 ὁρῶντες,
886 3503 1139 3556 ἐνικῶντο
1159 3504 1259 3558 ὑπὸ
1279 3506 1379 3575 τῆς
1411 3506 1700 3577 ἐπιθυμίας
1742 3507 1838 3576 (2).

290 3586 441 3653 Εῗτα,
478 3592 575 3644 καί
603 3590 881 3655 ἐξέλιπον
908 3592 977 3644 ἐν
1003 3594 1343 3661 ματαιότητι
1389 3598 1449 3647 al
1487 3595 1693 3663 ἡμέραι
1739 3596 1842 3648 αὑ-

290 3680 426 3732 τῶν.
458 3680 583 3731 Δέον
601 3678 707 3748 γὰρ
740 3677 974 3749 θεωροὺς
1001 3679 1320 3748 γενομένους
1347 3679 1453 3732 τῶν
1474 3677 1567 3732 τοῦ
1590 3677 1723 3732 Θεοῦ
1749 3694 1843 3748 με·

287 3770 769 3840 γαλουργημάτων,
798 3770 947 3833 ὅλους
980 3770 1172 3832 αὐτοὺς
1198 3770 1470 3823 ἀναθεῖναι
1499 3769 1646 3839 αὐτῷ
1663 3787 1678 3801 ο
1707 3772 1755 3822 οί
1786 3769 1845 3822 δέ

290 3859 618 3931 θρεμμάτων
646 3858 851 3929 ἀλόγων
888 3861 1044 3930 δίκην,
1078 3864 1143 3932 τῇ
1179 3863 1284 3915 τῶν
1318 3862 1584 3933 σωμάτων
1626 3862 1842 3931 προσεί-

290 3968 382 4023 χον
431 3954 764 4022 ματαιότητι,
787 3954 843 4005 ἐν
866 3952 1055 4023 ἀλογίᾳ
1076 3954 1169 4006 καὶ
1192 3954 1345 4025 ἀνοίᾳ
1397 3954 1836 4024 κατηγοροῦντες,
1865 3940 1907 3998 C
1941 3968 1986 4022 δε

1941 3967 2098 4023 bonis
2140 3964 2245 4019 sibi
2291 3940 2717 4018 subministratis
2761 3960 2830 4014 ad
2878 3958 2974 4015 Dei
3027 3959 3386 4029 cognitionem
3437 3970 3492 4015 et
3600 3959 3606 3965 ’

289 4042 386 4095 καὶ
437 4042 601 4111 μηδὲν
650 4042 808 4095 πλέον
852 4044 918 4095 ἐκ
962 4044 1070 4096 τῶν
1100 4045 1179 4106 είς
1206 4045 1397 4108 αὐτοὺς
1426 4044 1842 4115 χορηγουμένων

290 4134 368 4196 είς
400 4131 597 4199 γνῶσιν
624 4132 758 4185 Θεοῦ
805 4134 899 4187 καὶ
937 4132 1112 4203 ψυχῆς
1164 4134 1431 4204 σωτηρίαν
1483 4134 1839 4204 ποριζόμενοι.

292 4217 474 4281 Οὕτως
505 4214 597 4271 οὖν
620 4219 903 4283 ἐξέλιπον
937 4220 1008 4274 ἐν
1028 4223 1382 4290 ματαιότητιξ
1408 4226 1466 4276 al
1498 4223 1705 4292 ἡμέραι
1735 4227 1843 4277 αὐ-

291 4307 408 4362 τῶν
424 4324 437 4337 ·
470 4308 529 4359 οῦ
565 4306 741 4375 μόνον,
768 4308 902 4363 ἀλλὰ
921 4311 1014 4363 καὶ
1042 4311 1111 4365 τὰ
1136 4311 1237 4378 ἔτη
1265 4310 1462 4379 αὐτῶν
1480 4313 1629 4382 μετὰ
1654 4329 1844 4368 σπου-

291 4396 404 4464 δῆς
435 4397 672 4463 ἐξέλιπον
695 4415 710 4431 ·
744 4400 884 4453 κατά
928 4400 1106 4469 κοινοῦ
1131 4402 1237 4472 γὰρ
1267 4403 1553 4457 ἀκουστέον
1579 4405 1692 4468 τοῦ,
1715 4404 1841 4469 ἐξέ-

292 4490 494 4540 λιπον·
524 4487 637 4540 ἀνθ’
654 4479 712 4539 οὖ
742 4488 1032 4559 πεποίηκεν
1057 4493 1086 4543 ὁ
1112 4480 1364 4554 Ἀκύλας·
1391 4493 1498 4545 Kal
1530 4490 1844 4545 συνετέλει

293 4591 404 4628 σεν
427 4577 505 4643 ὡς
530 4577 717 4645 ἀτμὸν
745 4576 851 4643 τὰς
875 4576 1096 4646 ἡμέρας
1132 4580 1346 4643 αὐτῶν,
1377 4581 1475 4634 καὶ
1510 4580 1708 4647 τὰίέτη
1739 4584 1845 4635 αὐ-

292 4664 410 4721 τῶν
451 4666 841 4721 κατέσπευσε.
870 4666 974 4720 Τοῦ
1026 4670 1124 4738 μὲν
1170 4671 1277 4740 γὰρ
1307 4673 1363 4723 ἐν
1393 4646 1705 4741 ματαιότητι
1744 4670 1844 4735 τὰς

290 4755 499 4825 ἡμέρας
530 4757 1007 4820 καταναλίσκοντας
1042 4759 1229 4812 καὶτὰ
1255 4760 1347 4831 ἔτη
1376 4758 1843 4830 παρατρέχεικατο

290 4847 700 4915 εσπιυσμύνωςι
726 4846 820 4900 τοῦ
849 4847 905 4901 δέ
951 4848 1049 4909 τὰς
1078 4848 1287 4918 ἡμέρας
1316 4851 1372 4903 ἐν
1403 4851 1538 4919 φωτὶ
1558 4849 1649 4901 καὶ
1674 4845 1840 4917 ἐν’ἔρ-

289 4948 405 4999 γοις
430 4933 648 5000 ᾁγαθοίς
673 4937 1011 5000 ἐκτελοῦντος
1043 4938 1097 4989 αἱ
1130 4937 1327 5007 ἡμέραι
1355 4942 1453 4993 οὐκ
1484 4938 1838 5004 ἐκλείπουσιν,

291 5018 423 5097 ἀλλὰ
442 5018 660 5092 πλήρεις
674 5024 929 5090 γίνονται,
945 5026 1119 5079 καὶτὰ
1140 5026 1232 5095 ἐτη
1256 5028 1419 5081 αὑτοῦ
1438 5026 1621 5095 ἐντελῆ
1642 5027 1842 5095 τυγχά-

292 5126 370 5161 νει
408 5109 497 5161 καὶ
526 5113 981 5189 μεμακρυμμένα.
1012 5116 1101 5170 Διό
1132 5117 1401 5182 κάκείνοις
1430 5122 1539 5181 τοῖς
1570 5116 1705 5187 μετὰ
1728 5134 1839 5170 τοι-

294 5198 458 5261 αύτας
478 5199 921 5268 παραδοξοποιίας
950 5209 1007 5259 ἐν
1032 5208 1252 5277 ἀπιστίᾳ
1280 5207 1713 5279 καταγηράσασιν
1741 5207 1842 5277 μάν-

294 5304 440 5349 ταιος
462 5288 553 5339 καὶ
578 5290 956 5360 ἐσπευσμένως
981 5298 1330 5369 παρατρέχων
1353 5300 1380 5349 ὁ
1404 5300 1606 5370 χρόνος.
1634 5298 1839 5351 Αὐτίκα

294 5374 337 5427 δ’
360 5370 453 5428 οὖν
478 5372 567 5427 διὰ
594 5376 691 5446 μὲν
716 5376 821 5429 τῶν
849 5380 1131 5450 θαυμάτων
1155 5384 1372 5439 καὶτῶν
1391 5390 1468 5450 εἰς
1487 5386 1677 5447 αὐτοὺς
1696 5386 1840 5456 εὐερ-

321 5572 441 5653 ;.ιι)
470 5573 577 5653 βαι
605 5570 895 5651 ἔαξεν-ο·
923 5575 991 5628 ττι
1014 5576 1155 5653 εφέα
1182 5578 1259 5653 τιν
1285 5581 1425 5653 «pay
1459 5582 1496 5648 ἢ
1522 5572 1837 5653 tantum.

295 5638 521 5720 Pbrasis
583 5638 803 5720 anguino
863 5638 1151 5720 lilt’lldékll.
1195 5638 1496 5720 Eaemplari
1524 5646 1835 5720 Vaticanum

232 5760 242 5771 ,
292 5709 555 5786 γετδὶοῃίε
604 5708 926 5786 ίτξΧνὶεειὶε
974 5713 1131 5786 habet
1164 5718 1330 5786 ΔεῨΚαὶ
1364 5708 1600 5786 ’ἐψυξανν
1628 5718 1837 5786 ἑαυτοῖς

294 5758 552 5846 signa;
570 5758 765 5848 κξιῖλῷ
777 5758 1754 5854 ἔῖζξ⁷ποὲῇᾘὲολῆῖΪτάἻῷἶὲἰτῖἶῦ
1760 5758 1833 5841 ’ἐξ

1939 2710 1987 2754 et
2010 2717 2111 2753 non
2137 2698 2467 2753 crediderunt
2498 2701 2550 2752 in
2582 2698 2911 2750 mirabilibus-
2936 2698 3067 2763 ejus.
3104 2696 3171 2749 Et
3202 2696 3497 2764 defecerunt

1938 2794 1993 2845 in
2008 2792 2234 2845 uanitate
2252 2789 2362 2844 dies
2388 2805 2584 2853 eorum,
2601 2797 2651 2839 et
2664 2788 2788 2839 anni
2812 2783 2988 2838 eorum
3006 2801 3122 2837 cum
3143 2786 3492 2848 festinatione.

1938 2884 2071 2938 Cum
2093 2897 2269 2937 sermo
2292 2882 2344 2935 in
2380 2878 2649 2950 arguenda
2664 2886 2717 2931 et
2746 2876 3038 2931 incusanda
3064 2874 3365 2929 Jiidmorum
3396 2876 3496 2928 im-

1938 2975 2201 3043 probitate
2219 2972 2463 3033 totussit,
2489 2984 2672 3025 eorum
2704 2968 2903 3023 scelera
2921 2973 3217 3028 enumerat,
3235 2963 3499 3021 declarat-

1937 3080 2042 3134 que
2062 3080 2168 3117 non
2185 3065 2301 3118 sine
2313 3068 2480 3116 causa
2503 3062 2649 3130 ipsos
2670 3061 2803 3113 iram
2827 3058 2915 3113 Dei
2942 3057 3302 3113 invasisse.Ac
3320 3058 3495 3123 docet,

1937 3169 2031 3209 eos
2049 3163 2167 3224 post
2180 3154 2430 3223 pradicta
2448 3153 2535 3205 illa
2549 3152 2747 3213 omnia,
2764 3150 2899 3203 mala
2917 3157 3174 3219 augentes
3191 3164 3306 3211 sua,
3323 3150 3496 3205 adhuc

1937 3258 2224 3314 peccasse:
2255 3258 2506 3312 peccasse
2526 3243 2731 3306 scilicet
2748 3243 2875 3310 quia
2895 3256 2999 3295 non
3024 3242 3359 3296 crediderunt
3393 3243 3496 3294 mi-

1936 3331 2127 3385 rabilia
2153 3330 2293 3400 ejus.
2327 3331 2459 3386 Cum
2494 3329 2624 3383 talia
2676 3343 2908 3397 namque
2957 3328 3090 3397 ipsis
3135 3330 3307 3387 oculis
3346 3329 3495 3382 vide-

1936 3428 2075 3483 rent,
2108 3436 2139 3474 a
2171 3419 2624 3491 concupiscentia
2662 3434 2759 3495 sua
2800 3419 3211 3487 superabantur.
3270 3418 3490 3481 Deinde,

1935 3520 1987 3566 et
2032 3510 2328 3580 defecerunt
2352 3512 2407 3564 in
2437 3511 2664 3564 vanitate
2694 3509 2805 3563 dies
2834 3524 3030 3563 eorum.
3055 3509 3199 3565 Cum,
3223 3508 3494 3577 oportuis-

1937 3615 2021 3660 set
2050 3604 2194 3659 enim
2228 3602 2371 3665 illos,
2406 3608 2741 3671 Spectatores
2763 3614 2954 3669 nempe
2980 3597 3349 3669 prodigiorum
3373 3596 3489 3661 Dei,

1936 3699 2083 3747 totos
2130 3707 2252 3747 sese
2297 3690 2401 3761 ipsi
2432 3691 2821 3757 committere;
2851 3690 2929 3743 illi
2970 3696 3158 3744 contra
3210 3688 3491 3743 brutorum

1939 3784 2111 3837 instar
2156 3781 2402 3851 corporis
2449 3781 2673 3835 vanitati
2724 3780 2960 3834 animum
3010 3778 3311 3843 habebant,
3366 3794 3489 3833 cum

1940 3875 2173 3930 stultitia
2215 3880 2270 3929 et
2312 3870 2621 3941 insipientia
2670 3871 3093 3939 conquerentes,
3138 3869 3380 3937 nihilque
3423 3884 3490 3923 ex

1942 4058 2145 4113 animae.
2177 4055 2407 4110 salutem
2454 4048 2820 4107 conferentes.
2848 4049 2939 4105 Sic
2968 4050 3151 4123 itaque
3198 4052 3488 4119 defecerunt

1942 4151 1997 4203 in
2018 4149 2247 4203 vanitate
2279 4146 2388 4199 dies
2420 4160 2631 4208 eorum;
2657 4156 2830 4213 neque
2856 4141 2909 4197 id
2941 4147 3171 4203 tantum,
3204 4140 3298 4196 sed
3329 4142 3487 4197 etiam

1942 4241 2065 4294 anni
2094 4255 2271 4293 eorum
2290 4254 2407 4291 cum
2436 4236 2767 4305 festinatione
2791 4232 3141 4305 defecerunt;
3164 4242 3287 4287 nam
3317 4232 3447 4287 illud
3471 4272 3486 4297 ,

1941 4333 2255 4402 defecerunt,
2286 4331 2342 4384 in
2382 4329 2654 4385 communi
2690 4341 2789 4397 pro
2826 4332 3057 4395 utroque
3096 4324 3485 4394 accipiendum.

1940 4422 2045 4477 Pro
2077 4437 2184 4493 quo
2212 4420 2405 4491 Aquila
2441 4418 2608 4475 edidit
2638 4437 2652 4472 :
2684 4416 2754 4471 Et
2793 4414 3168 4471 consummauit
3203 4414 3355 4483 quasi
3399 4430 3489 4466 ναι

1939 4531 2114 4586 parem
2144 4514 2255 4568 dies
2283 4529 2480 4575 eorum.
2514 4520 2563 4565 et
2613 4525 2777 4564 annos
2827 4522 3005 4562 eorum
3054 4506 3299 4574 festinare
3343 4504 3483 4573 fecit.

1941 4604 2071 4675 Ejus
2097 4605 2294 4674 quippe
2319 4602 2410 4673 qui
2442 4602 2497 4656 in
2522 4600 2757 4655 vanitate
2783 4597 2899 4652 dies
2926 4610 3055 4652 suos
3084 4593 3354 4665 transigit,
3385 4608 3483 4647 an-

1941 4694 1997 4748 ni
2030 4692 2348 4749 festinanter
2378 4690 2710 4753 decurrunt;
2743 4686 2863 4755 ejus
2908 4692 3099 4740 contra
3140 4686 3235 4756 qui
3282 4683 3396 4739 dies
3427 4684 3482 4739 in

1940 4783 2061 4849 luce
2086 4794 2139 4839 et
2159 4782 2313 4837 bonis
2336 4780 2591 4850 operibus
2625 4776 2869 4840 insumit,
2901 4773 3021 4831 dies
3049 4790 3156 4829 non
3186 4773 3480 4834 deﬁciunt;

1941 4870 2034 4926 sed
2067 4870 2208 4941 pleni
2238 4868 2494 4933 evadunt,
2530 4875 2582 4923 et
2606 4868 2731 4921 anni
2763 4866 2881 4936 ejus
2911 4859 3133 4936 perfecti
3161 4871 3216 4918 et
3245 4864 3479 4916 diuturni

1941 4968 2087 5014 sunt.
2109 4959 2470 5024 Quamobrem
2500 4958 2568 5015 iis
2594 4959 2686 5029 qui
2714 4965 2836 5028 post
2866 4963 2947 5010 tot
2973 4963 3178 5024 patrata
3198 4945 3477 5015 miracula,

1940 5052 1995 5105 in
2038 5049 2410 5106 incredulitate
2452 5048 2869 5112 consenuerunt,
2900 5047 3023 5101 vitae
3046 5054 3255 5114 tempus
3284 5058 3477 5096 vanum

1939 5148 2021 5197 est
2048 5147 2102 5195 et
2132 5139 2451 5196 festinanter
2491 5140 2744 5195 decurrit.
2772 5139 2814 5190 Δ
2848 5120 3119 5193 miraculis
3141 5136 3318 5203 itaque
3347 5134 3474 5196 illis,

1874 5259 1913 5313 υ
1942 5239 1995 5286 et
2027 5246 2057 5284 a
2084 5231 2296 5286 collatis
2325 5232 2425 5287 sibi
2455 5230 2730 5287 beneﬁciis
2757 5228 2890 5283 nihil
2916 5229 3093 5285 statim
3124 5225 3332 5279 fructus
3357 5241 3476 5294 per-

1940 5320 2249 5390 cipiebant;
2282 5324 2377 5376 sed
2423 5336 2519 5391 per
2566 5318 2768 5373 illatam
2813 5320 2917 5375 sibi
2943 5318 3195 5372 ultionem
3226 5316 3475 5370 meliores

1938 5412 2253 5468 evadebant.
2283 5412 2461 5479 Quare
2483 5411 2676 5467 deinde
2714 5410 2896 5466 subdit
2927 5405 3159 5462 :—Vsas
3209 5407 3296 5462 54.
3340 5402 3473 5460 Cum

1935 5586 2088 5677 coii-
2067 5580 2272 5634 ὀδοῦσιν
2296 5582 2473 5677 ρῦῑῶν
2499 5581 2659 5653 πρινὴ
2691 5581 2977 5642 ἐκλείπειν,
3010 5581 3102 5677 καί
3126 5575 3321 5645 Κύριος
3346 5574 3473 5638 ἐθυ-

2010 5650 2112 5720 ›θη,
2138 5667 2192 5705 κ.
2216 5667 2264 5702 τ.
2296 5650 2345 5705 λ.
2376 5650 2553 5704 Eni-ﬂ
2650 5650 2655 5651 7
2726 5677 2730 5682 -
2879 5676 2886 5684 -
2956 5707 2964 5720 ,

2010 5720 2087 5791 (2)
2128 5719 2228 5774 Ms.
2267 5720 2321 5773 in
2350 5734 2520 5789 marg.
2564 5737 2579 5773 :
2613 5721 2716 5787 Γρ.
2753 5721 3020 5784 ἀπιστίας.
