4406 6438
808 488 914 544 923

1527 481 1793 539 EUSEBII
1828 476 2301 537 CESABIENSIS
2334 477 2485 550 QPP.
2518 475 2697 533 PARS
2730 475 2819 534 ill.
2854 506 2923 517 -—
2959 468 3362 530 EXEGETICA.
3432 542 3435 545 _

3914 462 4013 518 9%

809 596 1064 652 occideret
1085 611 1169 650 eos
1191 594 1490 666 quarebant
1510 611 1650 659 eum,
1673 604 1721 648 et
1744 582 2127 647 revertebantur
2149 601 2198 646 et
2220 591 2362 644 dilu-
2393 594 2436 651 Δ
2464 607 2549 659 γεο

2274 591 2362 644 'iu-
2393 594 2436 651 Δ
2464 590 2658 659 γεσιῶν
2688 590 2835 643 οὐδὲν
2876 587 3033 641 πλέον
3085 584 3317 639 ἐκτῶντο
3353 582 3488 653 πρὸς
3535 580 3817 649 ὠφέλειαν,
3849 580 3937 633 διὰ
3958 580 4014 633 δὲ

807 688 926 744 culo
950 684 1211 742 veniebant
1245 686 1314 740 ad
1340 684 1814 741 Deum.Verberati
1843 684 2039 756 quippe
2067 691 2121 738 et
2160 683 2366 754 suppli-

809 778 895 831 cio
934 776 1107 830 allecti
1140 777 1419 830 brutorum
1448 776 1814 845 jumentorum
1846 775 2018 827 instar
2063 773 2129 827 ad
2172 773 2359 828 verbe-

808 862 978 916 rantis
1010 876 1229 917 sensum
1262 860 1657 915 revocabantur
1684 856 1871 926 (νεεδ.
1904 856 2015 928 55),
2043 872 2166 911 cum
2187 872 2252 911 ex
2276 872 2362 911 re-

807 959 894 1005 cta
927 952 1136 1006 ratione
1168 950 1236 1004 ad
1265 950 1540 1005 meliorem
1573 963 1631 1002 se
1658 947 1862 1018 frugem
1896 963 2001 1002 non
2035 948 2362 1017 reciperent.

806 1042 955 1110 Quos
1006 1045 1085 1100 sic
1141 1043 1439 1113 alloquitur
1486 1039 1808 1109 Scriptura:
1845 1039 2021 1093 Nolite
2067 1041 2183 1109 ﬁeri
2226 1040 2360 1093 sicut

806 1152 965 1205 equus
1015 1145 1064 1189 et
1111 1135 1305 1196 mulus,
1337 1130 1521 1203 quibus
1545 1147 1645 1185 non
1668 1140 1744 1184 est
1778 1130 2089 1202 intellectus.
2120 1128 2184 1183 In
2213 1146 2361 1184 camo

806 1236 856 1280 et
892 1226 1039 1295 freno
1072 1223 1321 1277 maxillas
1358 1238 1537 1276 eorum
1566 1222 1857 1289 constringe
1875 1220 1963 1289 qui
1996 1235 2092 1272 non
2116 1222 2363 1287 αρρνοπὶ-

809 1328 951 1371 mant
981 1316 1049 1369 ad
1084 1326 1148 1370 te.
1177 1313 1351 1368 Multa
1375 1312 1585 1383 ﬂagella
1608 1321 1956 1380 peccatorum,
1982 1321 2244 1379 sperantes
2266 1330 2361 1366 au-

811 1419 909 1462 tem
944 1409 997 1462 in
1032 1407 1255 1461 Domino
1283 1403 1643 1471 misericordia
1669 1401 2095 1455 circumdabit".

2463 683 2561 753 τῆς
2585 680 2981 752 μετερχομένης
3012 677 3207 738 αὐτοὺς
3234 674 3401 745 ὀργῆς
3428 671 3703 743 κρείττους
3722 672 4013 740 ἐγίγνοντο,

2462 773 2552 825 Διὸ
2583 772 2705 841 ἐξῆς
2735 770 2973 837 ἐπιλέγει
2997 786 3009 798 ·
3048 768 3229 819 Ὅταν
3255 764 3601 818 ἀπέκτεινεν
3631 762 3866 829 αὐτοὺς,
3891 763 4017 827 ἑξε-

2462 860 2673 928 ζήτουν
2698 860 2899 922 αὑτὸν,
2935 856 3031 910 καί
3054 855 3420 922 ἐπέστρεφον
3442 852 3538 906 καὶ
3565 849 3837 920 ῶρθριζον
3869 856 4019 922 πρὸς

2462 952 2569 1005 τὸν
2599 951 2764 1005 Θεόν.
2799 946 3195 1017 Μαστιζόμενοι
3242 945 3348 1016 γὰρ
3373 944 3465 996 καὶ
3496 942 3860 1013 κολαζόμενοι,
3886 962 4016 1017 κτη-

2465 1042 2569 1094 νῶν
2596 1040 2801 1107 ἀλόγων
2824 1038 2978 1107 δίκην
3010 1036 3256 1108 αἴσθησιν
3289 1032 3651 1105 ἀνελάμϐανον
3678 1034 3770 1087 τοῦ
3791 1036 4018 1091 τύπτον-

2463 1151 2573 1197 τος,
2598 1134 2737 1202 λόγῳ
2770 1132 2865 1201 μὲν
2890 1128 3031 1200 ὀρθῷ
3057 1129 3129 1200 μὴ
3157 1129 3633 1201 σωιρρονιζζόμενοι⁸
3663 1128 3797 1198 πρὸς
3820 1128 3913 1191 οὓς
3942 1125 4019 1181 εἷ-

2465 1241 2567 1279 πεν
2593 1223 2659 1278 ἂν
2681 1226 2709 1277 ὁ
2725 1214 2892 1290 ¹λόγος
2907 1238 2921 1252 ·
2944 1220 3040 1303 Illi;
3067 1221 3299 1291 γίνεσθε
3322 1221 3398 1285 ὡς
3415 1220 3595 1284 ἵππος
3624 1218 3719 1273 καί
3748 1220 4015 1288 ἡμίονος,

2463 1313 2553 1384 οἷς
2582 1319 2692 1371 οὐκ
2726 1315 2853 1367 ἐστι
2888 1314 3157 1378 σύνεσις.
3174 1313 3275 1365 Ἐν
3306 1311 3470 1380 κημῷ
3516 1311 3615 1363 καὶ
3656 1310 3882 1378 χαλινῷ
3909 1314 4017 1378 τὰς

2463 1410 2745 1477 σιαγόνας
2771 1404 2967 1459 αὐτῶν
3012 1403 3185 1472 ἄτξαι
3229 1402 3347 1456 τῶν
3389 1405 3473 1472 μὴ
3501 1403 3842 1473 ἐγγιζόντων
3868 1396 4018 1473 πρὸς

811 1501 1137 1557 σέ.Πολλαὶ
1166 1503 1222 1554 at
1244 1499 1528 1569 μάστιγες
1551 1495 1668 1549 τῶν
1696 1496 2079 1565 ἁμαρτωλῶν·
2113 1499 2253 1567 τοὺς
2281 1503 2348 1557 δὲ
2374 1503 2717 1565 ἐλπίζσντας
2748 1499 2843 1552 ἐπὶ
2874 1497 3089 1565 Κύριον
3113 1497 3285 1561 ἕλεος
3316 1494 3627 1550 κυκλώσει.

885 1592 1050 1649 Vens.
1084 1593 1171 1660 36,
1207 1592 1295 1647 57.
1336 1590 1405 1645 Et
1452 1592 1743 1645 dilexerunt
1784 1607 1902 1645 eum
1943 1592 1998 1645 in
2038 1609 2126 1647 ore
2164 1612 2279 1661 suo,
2316 1608 2367 1652 et

2527 1598 2635 1653 Καὶ
2661 1594 2982 1665 ἠγάπησαν
3005 1591 3188 1672 αὑτὸν
3208 1591 3278 1643 ὲν
3298 1589 3377 1655 τῷ
3404 1592 3649 1660 στόματι
3677 1590 3893 1655 αὐτῶν,
3917 1605 4017 1643 και

805 1684 988 1754 lingua
1040 1696 1137 1737 sua
1170 1684 1369 1737 mentiti
1414 1692 1535 1737 sunt
1578 1684 1644 1737 ei.
1673 1681 1777 1738 Cor
1820 1692 1994 1737 autem
2033 1702 2213 1741 eorum
2262 1706 2364 1744 non
2458 1690 2533 1758 τῇ

2280 1707 2364 1744 ton
2458 1690 2533 1758 τῇ
2562 1687 2810 1759 γλώσσῃ
2841 1683 3037 1739 αὐτῶν
3063 1684 3399 1751 ἐψεύσαντο
3426 1680 3600 1746 αὐτῷ.
3619 1684 3679 1738 Ἡ
3707 1682 3776 1737 δὲ
3806 1683 4020 1751 καρδία

804 1783 920 1828 erat
947 1782 1141 1827 rectum
1167 1791 1281 1827 cum
1310 1790 1391 1837 eo,
1419 1790 1508 1827 nec
1538 1773 1716 1843 ﬁdeles
1748 1772 1912 1827 habiti
1938 1787 2059 1829 sunt
2106 1779 2161 1831 in
2205 1788 2364 1833 testa-
2458 1784 2544 1835 σὺ

2284 1790 2364 1833 ta-
2458 1778 2654 1835 αὐτῶν
2674 1780 2784 1831 οὐκ
2814 1774 3011 1829 εὐθεῖα
3043 1776 3166 1843 μετ’
3194 1774 3399 1839 αὐτοῦ,
3431 1773 3572 1828 οὐδὲ
3600 1772 4020 1842 ἐπιστώθησαν

805 1874 975 1920 mento
1001 1866 1133 1935 ejus.
1165 1865 1302 1920 Cum
1347 1875 1403 1918 tn
1437 1864 1522 1920 sui
1553 1864 1786 1934 gratiam
1829 1867 2088 1921 miracula
2137 1869 2360 1925 ederem
2456 1873 2526 1926 ὲν

2279 1885 2360 1925 εηο
2456 1873 2526 1926 ἐν
2568 1869 2643 1938 τῇ
2688 1866 2937 1935 διαθήκῃ
2991 1864 3192 1919 αὐτοῦ.
3226 1864 3344 1918 Τῶν
3395 1865 3492 1935 μέν
3535 1863 3849 1935 παραδόξων
3883 1866 4019 1918 ἀποι-

806 1966 913 2023 tur,
942 1972 1051 2011 non
1100 1956 1391 2011 credebant
1424 1975 1438 2010 ε
1468 1955 1735 2009 verberati
1789 1962 1968 2010 autem
2001 1966 2055 2012 et
2088 1958 2357 2015 interfecti
2460 1964 2546 2016 λαι

2278 1961 2357 2015 εοιί
2460 1963 2713 2025 λαύοντες
2760 1961 2861 2013 οὐκ
2905 1957 3211 2011 ἐπίστευον’
3264 1953 3641 2028 μαστιζόμενοι
3669 1956 3725 2009 δέ
3761 1955 3854 2008 καὶ
3882 1958 4018 2009 ἀπο-

803 2050 1214 2104 revertebanlur
1241 2047 1308 2101 ad
1340 2046 1529 2101 Deum.
1547 2044 1744 2101 Verum
1774 2047 1826 2101 id
1855 2063 1963 2102 non
1993 2050 2200 2105 sincere
2221 2067 2357 2121 pm-
2462 2067 2543 2104 κτε

2278 2067 2357 2107 νιε-
2462 2050 2812 2120 κτεινόμενοι,
2857 2046 3187 2116 ἐπέστρεφον
3233 2045 3368 2116 πρὸς
3408 2045 3505 2097 ’τὸν
3552 2043 3701 2099 Θεόν.
3732 2044 3871 2097 Ἀλλ’
3898 2044 4018 2099 οὐδέ

804 2139 1044 2202 stabant,
1083 2138 1177 2193 sed
1224 2138 1476 2193 simulate
1526 2145 1735 2211 tantum
1790 2146 1840 2194 et
1890 2140 2155 2197 labiorum
2199 2150 2358 2200 tenus
2389 2134 2431 2186 Β
2458 2140 2544 2195 τοῦ

2282 2161 2358 2200 ius
2389 2134 2431 2186 Β
2458 2140 2615 2195 τοῦτο
2645 2137 2881 2210 γνησίως
2909 2136 3141 2203 ἐποίουν,
3173 2136 3528 2207 προσποιήσει
3556 2134 3732 2189 δὲκαὶ
3770 2134 4022 2205 εἰρωνεία

802 2229 898 2286 Dei
951 2228 1141 2284 laudes
1187 2229 1553 2292 celebrabant,
1586 2244 1687 2284 nec
1716 2244 1853 2299 puro
1888 2246 2017 2285 sane
2048 2234 2259 2300 animo;
2289 2236 2365 2289 ita

803 2328 864 2373 ut
907 2320 1014 2375 illis
1065 2320 1167 2374 hoc
1219 2320 1420 2377 dictum
1451 2321 1779 2375 conveniat:
1813 2320 2046 2391 Populus
2080 2324 2162 2378 hic
2204 2312 2363 2380 labiis

805 2411 1154 2474 me‘honorat,
1189 2426 1279 2464 cor
1311 2419 1485 2463 autem
1531 2426 1709 2465 eorum
1746 2411 1894 2482 longe
1921 2423 1997 2466 est
2032 2431 2065 2467 a
2093 2431 2192 2471 tne.
2221 2414 2365 2470 Fru-

808 2514 921 2556 stra
956 2512 1129 2557 autem
1165 2502 1340 2555 colunt
1366 2501 1526 2556 me".
1578 2501 1644 2555 Et
1686 2503 1788 2573 ipsi
1821 2504 2039 2573 quidem
2065 2506 2132 2561 ad
2159 2514 2364 2563 tantam

805 2583 1207 2663 improbitatem
1240 2592 1605 2660 devenerunt;
1632 2592 1723 2649 ille
1749 2609 1879 2649 vero
1912 2594 2039 2650 boni
2084 2598 2255 2667 patris
2287 2598 2366 2652 in-

805 2693 941 2747 star,
996 2684 1197 2753 majore
1246 2700 1371 2755 erga
1430 2685 1551 2739 illos
1604 2684 1976 2751 misericordia
2036 2696 2362 2748 commotus.

812 2774 1081 2845 propitius
1112 2783 1243 2831 erat
1289 2775 1522 2843 peccatis
1551 2790 1760 2847 eorum,
1793 2791 1968 2846 neque
1990 2776 2239 2832 tradebat
2269 2793 2363 2833 eos

806 2866 861 2919 in
896 2872 1190 2921 extremam
1219 2864 1543 2933 perniciem;
1570 2865 1677 2919 imo
1702 2881 1830 2921 vero
1859 2866 2156 2921 daemonem
2184 2876 2364 2922 exter—

813 2956 1157 3017 minatorem,
1186 2962 1242 3009 et
1278 2955 1370 3008 irae
1414 2969 1522 3008 sua:
1561 2955 1865 3010 ministrum
1905 2957 2239 3027 ultoremque
2266 2974 2362 3010 an-

807 3043 1008 3112 gelum,
1034 3044 1127 3111 qui
1159 3045 1308 3097 l'uror
1325 3044 1445 3113 ejus
1475 3045 1788 3109 vocabatur,
1814 3048 2027 3117 placato
2057 3046 2216 3103 Patre
2234 3066 2359 3112 suo,

804 3134 875 3187 ab
902 3132 1090 3188 iisdem
1116 3134 1406 3189 avertebat.
1432 3135 1608 3200 Quare
1633 3135 1835 3190 dictum
1869 3145 1953 3192 est
1985 3120 2240 3194 z—Vcns.
2268 3140 2336 3193 38

808 3221 927 3290 Ipse
972 3232 1146 3277 autem
1191 3234 1266 3277 est
1313 3226 1628 3290 misericors,
1658 3235 1707 3279 et
1730 3228 1985 3295 propitius
2018 3228 2106 3297 ﬁet
2135 3230 2359 3299 peccatis

807 3334 1010 3382 eorum,
1056 3314 1105 3371 et
1159 3334 1256 3371 non
1292 3317 1567 3387 disperdet.
1612 3318 1679 3372 Et
1724 3318 2013 3373 abundabit
2054 3330 2111 3372 ut
2162 3332 2359 3375 avertat

805 3410 944 3463 iram
974 3426 1145 3473 suam,
1175 3420 1224 3463 et
1254 3427 1355 3464 non
1380 3410 1620 3464 accendet
1654 3427 1854 3464 omnem
1877 3412 2013 3465 iram
2038 3428 2204 3465 suam.
2224 3411 2356 3466 Nam

803 3516 929 3556 cum
978 3516 1071 3556 eos
1125 3503 1388 3571 patienter
1436 3501 1622 3565 ferret,
1660 3486 1894 3556 nondum
1949 3503 2000 3556 in
2051 3502 2208 3557 linem
2237 3505 2358 3559 illos

798 3588 1149 3659 repudiabat.
1177 3587 1486 3643 Secundum
1504 3588 1892 3658 Symmachum
1916 3596 2092 3643 autem
2119 3590 2315 3659 dicitur
2344 3608 2357 3643 :

810 3679 931 3747 Ipse
963 3680 1282 3744 misericors,
1302 3678 1556 3748 propitius
1578 3688 1806 3747 peccato,
1828 3689 1877 3732 et
1911 3696 2014 3732 non
2040 3678 2357 3747 disperdens.

811 3768 878 3823 Et
910 3771 1133 3824 multum
1162 3769 1348 3823 avertit
1401 3770 1537 3822 iram
1571 3785 1742 3833 suam,
1779 3778 1829 3823 et
1862 3786 1964 3823 non
2001 3770 2243 3824 excitarit
2286 3779 2363 3822 to-

808 3870 918 3913 tum
947 3860 1177 3929 furorem
1212 3876 1385 3916 suum.
1408 3859 1490 3913 Ad
1525 3860 1639 3913 haec
1670 3860 1828 3913 aliam
1861 3860 1916 3914 in
1944 3876 2037 3915 eos
2064 3861 2364 3916 accusatio-

726 3992 735 3999 .
808 3967 931 4006 nem
988 3950 1222 4006 instituit
1270 3950 1458 4007 dicens
1500 3969 1613 4006 :—
1649 3949 1812 4008 Vens.
1846 3954 1930 4008 59.
1969 3950 2037 4005 Et
2064 3952 2363 4007 recordatus

808 4050 885 4095 est
923 4042 1048 4110 quia
1086 4057 1209 4094 caro
1244 4052 1388 4108 sunt,
1424 4043 1639 4109 spiritus
1699 4043 1890 4097 vadens
1928 4052 1976 4097 et
2008 4061 2110 4097 non
2138 4044 2361 4099 rediens.

816 4132 1117 4207 Quia'enim
1150 4133 1239 4200 qui
1261 4132 1493 4187 adliceret
1518 4132 1757 4206 Domino,
1779 4150 1912 4189 unus
1934 4135 2148 4205 spiritus
2174 4145 2271 4199 est,
2291 4144 2363 4201 et,

810 4225 902 4294 qui
943 4221 1170 4278 adliceret
1200 4225 1370 4288 carni,
1402 4240 1559 4277 unum
1585 4241 1768 4295 corpus
1788 4228 1943 4291 est”;
1974 4227 2095 4296 jure
2121 4228 2365 4282 carnales

809 4315 862 4371 et
887 4331 1181 4386 eorporeos
1210 4314 1332 4371 illos
1362 4330 1484 4371 esse
1527 4316 1599 4371 ob
1641 4320 1885 4387 corporis
1940 4327 1983 4371 ,ι
2024 4319 2363 4389 voluptatum

818 4423 1080 4470 amorem,
1110 4416 1163 4461 et
1187 4421 1407 4461 carnem
1437 4422 1559 4462 esse
1591 4407 1765 4463 iactas
1795 4408 1891 4463 ait.
1922 4407 2045 4463 ideo
2071 4408 2204 4463 dicit
2233 4407 2367 4463 :Re—

808 4497 1053 4551 cordatus
1102 4506 1180 4553 est
1224 4498 1348 4569 quia
1392 4514 1518 4553 caro
1548 4507 1687 4553 sunt.
1721 4497 2002 4565 Quomodo
2030 4506 2208 4553 autem
2238 4510 2368 4553 caro

811 4589 920 4643 sint
951 4588 1051 4643 sub
1076 4586 1190 4644 hac
1222 4590 1457 4659 explicat
1485 4589 1572 4646 bis
1599 4589 1778 4645 verbis
1807 4608 1821 4643 :
1850 4588 2288 4660 Spiritus,vadens
2310 4599 2368 4644 et

815 4692 921 4730 non
959 4676 1183 4734 rediens.
1212 4676 1348 4734 Nam
1401 4680 1626 4751 spiritus
1654 4680 1834 4735 carnis
1864 4688 2134 4746 terrenus,
2164 4689 2369 4735 morta-

2466 2232 2624 2305 μέχρι
2653 2229 2872 2299 χειλέων
2903 2228 3165 2298 εὐφημεῖν
3195 2226 3430 2291 ἐδόκουν,
3455 2227 3515 2279 οὐ
3553 2226 3657 2297 μὴν
3681 2224 3907 2298 καθαρῷ
3930 2223 4011 2277 λο-

2461 2320 2639 2391 γισμῷ
2670 2318 2812 2372 τοῦτ’
2842 2317 3135 2386 ἔπραττονσ
3167 2316 3241 2379 ώς
3281 2316 3374 2368 καὶ
3411 2316 3496 2369 ἐπ’
3526 2314 3703 2371 αὐτῶν
3731 2315 4021 2387 ἁρμόττειν

2460 2413 2521 2465 τὸ
2566 2412 2740 2481 φῆσαν
2780 2409 2991 2477 λόγιον·
3032 2409 3084 2459 '0
3114 2407 3260 2473 λαὸς
3291 2401 3466 2472 οὗτος
3509 2404 3630 2471 τοῖς
3672 2404 3903 2473 χείλεσι
3943 2421 4021 2474 με

2462 2501 2598 2572 τιμᾷ
2617 2520 2629 2532 ·
2658 2502 2696 2568 ή
2722 2500 2788 2553 δὲ
2818 2498 3031 2567 καρδία
3060 2496 3255 2552 αὐτῶν
3276 2499 3471 2567 πόρρω
3497 2495 3706 2565 ἀπέχει
3727 2494 3828 2552 ἀπ’
3851 2495 4018 2565 ἐμοῦ.

2463 2593 2668 2661 Μάτην
2704 2590 2772 2644 δὲ
2806 2590 3083 2644 σέϐονταί
3105 2606 3201 2659 με.
3228 2588 3338 2642 Καὶ
3365 2588 3514 2641 αὐτοὶ
3542 2588 3637 2659 μὲν
3665 2588 3744 2651 είς
3770 2585 4020 2642 τοσοῦτον

2459 2682 2684 2753 ἦλαυνον
2734 2680 3059 2753 μοχθηρίας·
3107 2683 3135 2733 ό
3166 2679 3245 2745 δὲ,
3281 2678 3484 2751 πατρὸς
3522 2676 3727 2746 ἀγαθοῦ
3756 2677 3909 2748 δίκην
3940 2672 4012 2731 οἳ·

2460 2791 2586 2827 κτον
2614 2773 2786 2827 αὐτῶν
2821 2772 3040 2826 πλείονα
3069 2771 3377 2842 λαμϐάνων,
3409 2770 3661 2827 ἱλάσκετο.
3681 2771 3800 2832 ταῖς
3838 2770 4007 2840 ἀμαρ-

2458 2865 2596 2928 τίαις
2643 2864 2840 2929 αὐτῶν,
2873 2866 2965 2918 καὶ
3008 2866 3068 2917 οὐ
3117 2863 3394 2936 παρεδίδου
3453 2862 3646 2924 αὐτοὺς
3683 2863 3762 2925 είς
3789 2859 4019 2930 ἐσχάτην

2458 2956 2749 3027 διαφθοράν
2769 2973 2781 2985 ’
2814 2956 2947 3008 ἀλλὰ
2974 2957 3067 3009 καὶ
3096 2955 3188 3009 τὸν
3223 2952 3540 3025 φθοροποιὸν
3560 2952 3787 3022 δαίμονα
3815 2952 3909 3006 καὶ
3936 2952 4020 3005 τὸν

2456 3050 2555 3119 τῆς
2594 3048 2763 3121 ὀργῆς
2794 3048 3070 3119 ὑπηρέτην
3108 3045 3333 3115 ἄγγελον
3363 3044 3622 3116 τιμωρὸν,
3654 3044 3822 3114 θυμὸν
3855 3044 4016 3097 αὐτοῦ

2456 3138 2867 3208 ὀνομαζόμενον,
2896 3138 3234 3209 ἀπέστρεφεν
3260 3136 3317 3201 ἐξ
3340 3135 3535 3211 αὐτῶν,
3570 3134 3659 3189 τὸν
3688 3134 3879 3193 ἑαυτοῦ
3906 3137 4019 3189 Πα-

2457 3230 2587 3301 τέρα
2634 3230 2771 3299 ὑπέρ
2810 3228 2987 3282 αὐτῶν
3018 3228 3382 3297 ἱλασκόμενος.
3424 3227 3515 3284 Διὸ
3554 3228 3795 3299 εἰρηται·
3829 3227 4019 3293 Αὐτὸς

2456 3321 2523 3374 δέ
2554 3322 2722 3375 ἐστιν
2759 3320 3069 3387 οἰκτίρμων
3119 3318 3216 3371 καὶ
3257 3318 3522 3376 ἱλάσεται
3555 3318 3682 3383 ταῖς
3714 3318 4019 3387 ἁμαρτίαις

2457 3411 2670 3475 αὐτῶν,
2699 3412 2795 3465 καὶ
2823 3413 2896 3465 οὐ
2929 3409 3240 3478 διαφθερεῖ.
3272 3411 3377 3464 Καὶ
3408 3408 3707 3477 πληθυνεῖ
3738 3409 3846 3464 τοῦ
3869 3411 4017 3464 ἁπο-

2459 3502 2711 3571 στρέψαι
2739 3503 2843 3556 τὸν
2865 3500 3053 3569 θυμὸν
3073 3500 3277 3576 αὐτοῦ,
3308 3501 3406 3554 καὶ
3434 3499 3568 3570 (rbe
3595 3501 3877 3556 ὲκκαύσει
3903 3498 4015 3555 πᾶκ

2460 3611 2579 3648 σαν
2611 3593 2940 3662 τὴννόργὴν
2966 3592 3296 3646 αὑτοῦ.”Ετι
3342 3591 3451 3663 γὰρ
3491 3592 3615 3663 τότε
3658 3590 4036 3663 μακροθύμως

2460 3686 2654 3748 αὐτοὺς
2682 3685 2871 3752 ἔφερεν
2902 3684 3053 3735 οὔπω
3076 3684 3153 3745 είς
3175 3682 3325 3745 τέλος
3372 3682 3565 3745 αὐτοὺς
3615 3680 4017 3752 ἀπωθούμενος.

2462 3775 2615 3831 Κατὰ
2658 3775 2713 3828 δὲ
2762 3775 2852 3828 τὸν
2894 3773 3210 3843 Σύμμαχον·
3245 3772 3454 3838 Αὐτὸς,
3497 3773 3679 3843 φησὶν,
3725 3772 4015 3841 ἐλεήμων,

2461 3864 2799 3929 ἐξιλάσκων
2829 3865 3132 3933 ἁμαρτίας,
3160 3865 3253 3917 καὶ
3279 3863 3378 3931 μὴ.
3396 3862 3764 3931 διαφθείρων.
3787 3863 3898 3916 Kal
3915 3862 4018 3915 ἐπὶ

2463 3957 2620 4011 πολὺ
2649 3956 3025 4026 ἀπέστρεψεν
3052 3954 3165 4023 τὴν
3192 3954 3378 4024 ὀργὴν
3403 3954 3606 4019 αὐτοῦ,
3641 3956 3738 4008 καί
3789 3957 3861 4008 οὐ
3893 3952 4020 4024 διήέ-

2463 4065 2655 4118 γειρεν
2698 4047 2844 4103 ὅλον
2887 4048 2994 4102 τὸν
3025 4046 3213 4117 θυμὸν
3237 4046 3439 4103 αὑτοῦ.
3457 4047 3599 4113 Ἐπὶ,
3610 4046 3815 4109 τούτοις
3841 4046 4020 4101 άλλοτι

2464 4124 2640 4195 αὐτῶν
2687 4143 2980 4213 κατηγορεῖ
3017 4140 3189 4209 λέγων
3208 4156 3224 4172 ο
3258 4139 3369 4194 Καί
3412 4137 3701 4207 ἐμνήσθη,
3728 4138 3815 4194 ὅτι
3863 4139 4020 4207 σάρξ

2463 4231 2599 4292 εισι,
2646 4230 2884 4299 πνεῦμα
2932 4230 3345 4297 πορευόμενον
3373 4227 3470 4280 καὶ
3500 4229 3611 4282 οὐκ
3636 4228 4015 4298 ἐπιστρέφον.

2476 4318 2687 4388 Ἐπειδὴ
2728 4321 2835 4389 γὰρ
2878 4323 2911 4372 ό
2953 4317 3333 4389 κολλώμενος⁶
3361 4316 3439 4381 τῷ
3469 4318 3664 4386 Κυρίῳ
3691 4317 3760 4377 ἓν
3786 4318 4021 4389 πνεῦμά

2464 4408 2614 4473 ἐστι,
2657 4409 2752 4461 καὶ
2793 4412 2825 4462 ὁ
2855 4407 3229 4477 κολλώμενος
3254 4406 3329 4476 τῇ
3356 4409 3533 4477 σαρκὶ
3563 4409 3629 4463 ἓν
3666 4410 3835 4477 σῶμα
3866 4410 4022 4477 τίνε-

2465 4515 2577 4564 ται,
2603 4499 2823 4563 εἰκότως
2855 4498 3109 4570 κρεώδεις
3140 4499 3289 4563 τινὰς
3313 4500 3406 4559 καὶ
3430 4500 3725 4572 σαρκώδεις
3747 4502 3906 4569 φησιν
3926 4501 4022 4553 αὺ-

2465 4592 2590 4654 τοὺς
2618 4589 2892 4659 γεγονέναι
2936 4590 3024 4644 διὰ
3064 4591 3125 4643 τὸ
3171 4590 3442 4661 φιλήδονον
3487 4593 3580 4645 καὶ
3628 4589 4018 4660 φιλοσώματον,

2468 4681 2560 4735 καὶ⁵
2577 4680 2747 4744 οὕτως
2772 4682 2966 4744 αὐτοὺς
2990 4680 3236 4749 γενέσθαι
3259 4684 3481 4753 σάρκας.
3499 4668 3587 4759 Διό
3605 4698 3792 4751 φησιν·
3824 4683 4023 4753 Ἐμνή-

810 4768 899 4829 iis.
927 4773 981 4822 et
1010 4768 1181 4822 ruinas
1207 4769 1498 4827 obnoxius.
1533 4769 1691 4827 Tales
1721 4780 1877 4827 erant
1907 4771 1983 4826 illi
2012 4780 2255 4843 tempore
2283 4769 2368 4825 di-
2398 4794 2441 4849 ο
2468 4770 2550 4822 σθε

2283 4769 2368 4825 di-
2398 4794 2441 4849 Β
2468 4770 2584 4837 σθη
2633 4769 2720 4822 ὅτι
2765 4767 2920 4836 σάρξ
2965 4771 3102 4823 εὶσι.
3134 4770 3254 4834 Πῶς
3280 4771 3335 4825 δὲ
3366 4772 3562 4839 σάρκες
3588 4765 3728 4840 ἦσαν
3772 4771 4022 4841 διασαφεῖ

810 4860 943 4913 invii
1002 4859 1068 4915 de
1109 4860 1305 4929 quibus
1352 4860 1551 4917 dicitur
1582 4880 1596 4916 :
1630 4862 1752 4916 Non
1781 4865 2100 4932 permanebit
2152 4860 2393 4934 spiritus

811 4966 953 5004 meus
981 4951 1035 5003 in
1062 4950 1375 5017 hominibus,
1401 4952 1525 5021 quia
1565 4967 1749 5007 carnes
1782 4964 1904 5008 sunt
1922 4952 1968 4985 “
1992 4972 2007 5019 ;
2038 4955 2113 5009 ita
2141 4965 2199 5008 ut
2224 4954 2362 5008 alius

812 5041 887 5095 sit
912 5032 1142 5111 spiritus
1170 5040 1571 5104 divinusinitio
1602 5042 1913 5099 hominibus
1944 5042 2183 5109 inditus;
2223 5044 2361 5099 alius

811 5144 941 5183 vero
964 5132 1189 5200 spiritus
1218 5134 1420 5188 carnis.
1450 5131 1587 5187 Nam
1626 5127 1850 5203 spiritus
1880 5134 2059 5189 carnis
2087 5136 2211 5191 talis
2241 5136 2359 5190 fue-

816 5222 1092 5294 rit'qualis
1126 5222 1214 5277 ille
1245 5223 1337 5292 qui
1367 5224 1423 5276 in
1448 5224 1753 5290 brutisest,
1784 5224 2009 5296 spiritus
2034 5227 2239 5282 scilicet
2267 5242 2363 5281 va-

814 5310 951 5365 dens
998 5320 1051 5365 et
1092 5328 1203 5367 non
1250 5312 1485 5368 rediens.
1516 5312 1699 5383 Ipsum
1732 5330 1862 5371 vero
1890 5316 2108 5386 proprio
2146 5316 2367 5372 nomine

815 5400 1149 5469 prudentiam
1175 5404 1350 5457 carnis
1379 5410 1536 5459 vocat
1564 5393 1878 5474 Apostolus,
1911 5422 2033 5479 cum
2066 5409 2142 5463 ait
2175 5429 2187 5462 :
2224 5406 2367 5460 Nam

817 5490 1095 5559 prudentia
1136 5492 1307 5544 carnis
1339 5492 1617 5546 inimicitia
1645 5503 1723 5547 est
1770 5496 1825 5549 in
1871 5494 2031 5551 Deum
2060 5512 2078 5549 :
2106 5498 2203 5567 legi
2231 5496 2369 5550 enim

819 5579 915 5633 Dei
940 5597 1041 5634 non
1063 5577 1360 5647 subjicitur,
1387 5597 1543 5651 neque
1570 5582 1703 5636 enim
1723 5593 1907 5651 potest.
1946 5582 2229 5640 Prudentia
2254 5601 2369 5638 vero

818 5668 1053 5734 spiritus,
1086 5668 1192 5721 vita
1218 5675 1268 5719 et
1294 5682 1399 5734 pas
1414 5669 1479 5725 ³³.
1506 5669 1597 5726 Sic
1625 5687 1786 5742 porro
1814 5673 1904 5742 qui
1934 5678 2253 5728 incusantur
2274 5688 2368 5727 ca-

892 5786 931 5815 “
967 5786 1105 5839 Psal.
1138 5804 1283 5845 xui.
1320 5788 1372 5851 9.
1406 5791 1490 5845 10.

820 5854 863 5885 ³⁸
898 5853 1051 5910 lieni.
1082 5873 1194 5921 vm,
1225 5857 1278 5923 6,
1314 5859 1397 5925 7.‘

1596 5794 1638 5824 ³⁸
1672 5792 1855 5847 Matth.
1894 5810 1978 5857 xv,
2009 5794 2061 5857 8,
2094 5792 2195 5859 9.;
2252 5793 2352 5849 Isa.
2388 5811 2511 5849 unc
2536 5838 2548 5860 ,
2610 5799 2685 5851 ιζ’).

2468 4859 2637 4929 λέγων
2689 4859 2842 4929 ἐξῆςο
2881 4859 3118 4929 Πνεῦμα
3160 4862 3559 4929 πορευόμενον
3604 4859 3699 4912 καὶ
3740 4862 3849 4913 οὐκ
3898 4861 4024 4915 ἐπι-

2467 4949 2745 5018 στρέφον.
2781 4948 2853 5001 Τὸ
2880 4949 2985 5020 γὰρ
3015 4948 3228 5021 πνεῦμα
3251 4949 3349 5017 τῆς
3379 4948 3573 5018 σαρκὸς
3608 4947 3866 5012 τοιοῦτον,
3892 4949 4025 5017 γεῶ-

2463 5038 2550 5103 δες
2582 5042 2675 5094 καὶ
2719 5039 2908 5112 θνητὸν
2955 5042 3047 5094 καὶ
3092 5038 3474 5109 ἀπολλύμενον.
3505 5039 3744 5093 Τοιοῦτοι
3789 5041 3847 5095 δέ
3877 5057 4025 5103 τινες

2461 5132 2774 5200 γεγόνεισαν
2820 5132 2914 5186 καὶ
2964 5134 3013 5185 οὶ
3064 5132 3155 5187 ἐπὶ
3205 5128 3301 5187 τοῦ
3353 5129 3759 5203 κατακλυσμοῦ,
3788 5132 3916 5203 περὶ
3947 5125 4024 5185 ὧν

2460 5222 2642 5294 εἴρητο
2664 5237 2679 5254 ο
2722 5225 2802 5277 οὐ
2828 5222 2915 5292 μὴ
2948 5222 3267 5289 καταμείνῃ
3306 5220 3371 5274 τὸ
3404 5222 3639 5293 πνεῦμά
3661 5242 3782 5292 μου
3807 5224 3875 5277 ἐν
3900 5222 4025 5291 τοῖς

2464 5314 2810 5381 ἀνθρώποις,
2837 5314 2936 5368 διὰ
2954 5314 3017 5369 τὸ
3039 5310 3193 5370 εῖναι
3212 5313 3429 5381 αὐτοὺς
3448 5300 3676 5384 σᾶρκας
3696 5332 3708 5346 -
3737 5316 3811 5381 ὡς
3835 5315 4023 5386 ἐτέρου

2471 5405 2568 5474 μὲν
2607 5406 2756 5470 ὄντος
2803 5405 2896 5459 τοῦ
2927 5405 3068 5458 θείου
3105 5406 3410 5477 πνεύματος
3426 5408 3531 5461 ⁸τοῦ
3573 5408 3691 5473 κατ’
3720 5407 3893 5480 ἀρχὰς
3937 5406 4028 5461 ἀντ

2468 5494 2702 5566 θρώποις
2733 5494 3179 5566 ὲμπνευσθέντος,
3206 5497 3391 5569 ἐτέρου
3445 5497 3501 5551 δέ
3545 5498 3637 5552 τοῦ
3685 5499 3785 5568 τῆς
3828 5495 4027 5569 σαρκὸς

2470 5586 2790 5656 πνεύματος.
2818 5587 2888 5639 Τό
2915 5585 2980 5655 γέ
3010 5587 3212 5661 τοιτῆς
3240 5588 3435 5659 σαρκὸς
3464 5593 3677 5660 πνεῦμα
3699 5587 3931 5642 τοιοῦτον
3960 5586 4027 5641 ἂν

2468 5676 2576 5747 εἴη,
2607 5672 2716 5731 οἷον
2768 5678 2861 5730 καὶ
2904 5677 2965 5731 τὸ
3016 5678 3084 5732 ἐν
3118 5681 3229 5742 τοῖς
3269 5678 3479 5747 ἀλόγοις
3522 5679 3699 5745 ζώοις,
3727 5679 3861 5746 ὅπερ
3907 5678 4025 5731 ἐστὶ

2791 5799 2833 5830 ³³
2867 5798 3049 5860 1Εοι·.,
3096 5816 3169 5862 \u,
3228 5800 3315 5856 l6.
3359 5798 3443 5853 Π.
3554 5800 3599 5832 ³⁸
3634 5800 3771 5856 Gen.
3823 5816 3909 5863 γι,
3967 5797 4032 5859 5.
