4406 6414
382 481 484 539 915
1154 504 1162 514 ⁸
1452 480 1949 539 COMMENTARIA
1983 480 2047 536 ΙΝ
2086 482 2422 539 PSALMOS.
3483 486 3585 540 9‘16

378 598 591 669 πνεῦμα
620 599 973 670 πορευόμενον
1017 600 1108 655 καὶ
1153 599 1251 652 οὐκ
1294 599 1928 673 ὲπιστρέφον.’ονομὰξει

2034 619 2095 658 ro
2128 603 2257 657 facti
2291 609 2604 671 sunt,quod
2633 616 2833 671 corpus
2866 601 3187 672 diligerent;
3212 609 3270 654 ut
3294 601 3590 671 iustissime

375 690 433 743 δὲ
456 690 584 743 αὐτὸ
610 690 792 761 οίκείῳ
818 692 1038 761 ὀνόματι
1069 696 1097 745 ὁ
1132 692 1466 757 Ἀπόστολος,
1494 694 1763 763 φρόνημα
1787 710 1931 763 σαρ-

2034 694 2099 746 de
2132 694 2238 748 illis
2266 693 2478 746 dicatur
2505 712 2517 747 :
2545 691 2715 745 Homo
2743 708 2859 743 cum
2888 688 2940 744 in
2970 691 3160 743 honore
3184 700 3339 752 esset,
3373 708 3475 745 non
3503 691 3589 743 iu-

378 780 580 845 κὸς,ὲν
620 775 700 844 οἷς
743 798 902 851 φησι·
964 786 1032 836 Τὸ
1083 782 1193 852 γὰρ
1242 783 1513 851 φρόνημα
1542 782 1672 852 ,τῆς
1711 789 1932 853 σαρκὸς

2038 770 2250 845 tellexit,
2278 793 2611 851 comparatus
2638 792 2714 835 est
2736 782 2985 850 jumentis
3014 780 3396 846 insipientibus.
3431 789 3480 828 et
3512 780 3590 830 si-

377 872 559 940 l-sza
578 874 664 938 εἰς
692 874 839 926 Θεόν
857 891 869 904 ·
902 872 981 935 τῷ
1015 874 1123 941 τὰρ
1152 874 1309 941 νόμῳ
1334 873 1439 929 τοῦ
1474 874 1619 928 Θεοῦ
1645 878 1757 945 οὐχ
1786 879 1932 932 ὐπο-

2038 877 2176 930 milis
2208 876 2379 944 [actus
2407 884 2483 929 est
2514 874 2621 928 illis
2636 875 2697 928 ”.

376 964 677 1030 τάσσεται,
706 965 847 1019 οὐδὲ
882 964 987 1033 γὰρ
1019 964 1264 1019 δύναται
1284 982 1297 995 ο
1332 966 1397 1018 τὸ
1435 966 1502 1019 δὲ
1530 970 1801 1036 φρόνημα
1832 971 1937 1024 τοῦ
1975 971 2307 1038 πνεύματος
2340 968 2448 1037 ζωὴ
2488 968 2583 1020 καί
2617 967 2842 1035 εἰρήνη.
2873 964 3023 1019 Οὕτω
3048 965 3103 1017 δὲ
3134 964 3332 1035 σάρκες
3364 965 3417 1016 οἰ
3469 979 3592 1015 κατ·

377 1056 725 1129 ηγορούμενοι
768 1058 1076 1126 γεγόνεισαν
1122 1060 1185 1111 ὲκ
1230 1058 1321 1111 τοῦ
1370 1059 1796 1130 φιλοσωματεῖνο
1824 1062 1899 1126 ὡς
1936 1064 2027 1115 καὶ
2086 1062 2211 1131 περὶ
2265 1059 2440 1126 αὕτῷν
2507 1059 2814 1111 δικαιότατα
2840 1056 2905 1109 ἂν
2933 1056 3179 1127 εἰρῆσθαι
3210 1055 3301 1108 τό·
3340 1056 3589 1122 ’Δνθρωέ-

377 1160 488 1213 πος
521 1148 591 1200 ἐν
620 1146 757 1225 τιμῇ
791 1145 875 1200 ὢν
901 1148 968 1200 οὐ
997 1148 1245 1216 συνῆκε,
1273 1151 1773 1219 παρασυνεϐλήθη
1804 1152 1930 1219 τοῖς
1966 1153 2210 1222 κτήνεσι
2236 1141 2357 1217 τοῖς
2382 1149 2677 1218 ἀνοήτοις,
2715 1148 2812 1201 καί
2843 1147 3100 1217 ὡμοιώθη
3125 1143 3344 1209 αὐτοῖς.

450 1258 710 1325 Ποσάκις
754 1260 1200 1329 παρεπίκραναν
1250 1264 1435 1316 αὐτὸν
1482 1264 1551 1316 ἐν
1594 1263 1670 1333 τῇ
1716 1264 1930 1333 ἐρήμῳ,

2105 1264 2269 1321 Vens.
2296 1263 2366 1319 40
2389 1292 2411 1302 -
2431 1262 2520 1317 48.
2565 1261 2778 1328 Quoties
2805 1259 3236 1314 exacerbaverunt
3260 1273 3390 1310 eum
3423 1257 3477 1309 in
3499 1258 3589 1307 de-

376 1348 752 1419 παρώρτισαν
778 1350 965 1404 αὐτὸν
992 1351 1062 1404 ἐν
1086 1350 1162 1422 τῇ
1201 1353 1436 1422 ἀνύδρῳ
1463 1355 1483 1407 .'
1521 1355 1629 1407 Kal
1656 1355 1933 1424 ἐπέστρε-

2034 1367 2193 1421 serto,
2225 1358 2278 1411 in
2304 1358 2439 1409 iram
2474 1356 2862 1409 concitaverunt
2890 1368 3005 1405 eum
3034 1352 3088 1404 in
3121 1361 3257 1404 terra
3293 1348 3590 1418 iuaqnosa!

373 1439 501 1505 ψιαν
520 1439 616 1491 καί
645 1438 968 1509 ἐπείρασαν
997 1442 1101 1495 τὸν
1134 1442 1299 1509 Θεὸν,
1330 1444 1427 1497 καὶ
1457 1444 1564 1497 τὸν
1595 1445 1799 1512 Ἀτιον
1826 1446 1931 1498 τοῦ

2034 1449 2101 1503 Et
2148 1451 2383 1502 conversi
2432 1456 2554 1501 sunt
2599 1458 2649 1501 et
2694 1454 3017 1499 tentaverunt
3048 1443 3237 1506 Deum,
3263 1441 3589 1497 et‘Sanctum

387 1527 623 1596 Ἰσραὴλ
650 1528 1026 1598 παρώξυναν.
1066 1535 1185 1586 Οὐκ
1227 1532 1619 1601 ἐμνήσθησαν
1667 1531 1773 1601 τῆς
1813 1550 1932 1602 χει-

371 1618 476 1686 ρὸς
504 1618 707 1681 αὐτοῦ,
739 1619 961 1689 ’ἡμέρας
985 1617 1061 1691 ἧς
1084 1621 1455 1694 ἐλυτρώσατο
1488 1622 1707 1689 αὐτοὺς
1730 1624 1797 1677 ἐκ
1820 1642 1935 1691 χει-

372 1708 476 1776 ρὸς
503 1711 944 1779 θλίϐοντος.Ὠς
983 1715 1146 1769 ἔθετο
1182 1716 1250 1767 ἐν
1280 1715 1552 1784 Αἰγύπτῳ
1594 1715 1664 1769 τὰ
1712 1715 1932 1784 σημεῖα

373 1803 579 1866 αὑτοῦ,
614 1804 712 1885 καί
762 1806 832 1859 τὰ
872 1806 1085 1874 τέρατα
1128 1807 1312 1859 αὐτοῦ
1354 1805 1414 1857 ἐν
1479 1806 1660 1870 πεδίῳ
1689 1804 1931 1871 Τάνεως.

375 1894 785 1965 Μετέστρεψεν
814 1900 900 1963 εἰς
931 1893 1071 1966 αἷμα
1098 1897 1234 1961 τοὺς
1263 1898 1563 1966 ποταμοὺς
1589 1896 1803 1959 αὐτῶν,
1836 1898 1931 1951 καί

376 1985 447 2039 τὰ
488 1988 831 2057 όμϐρήματα
877 1986 1071 2041 αὐτῶν
1108 1988 1265 2053 ὅπως
1302 1988 1383 2056 μὴ
1430 1989 1666 2041 πίωσιν.
1696 1988 1935 2053 Ἑξαπέοι

2034 1538 2210 1592 Israel
2246 1536 2707 1591 exacerbaverant.
2750 1532 2873 1589 Non
2917 1543 3039 1589 sunt
3091 1534 3351 1589 recardati
3404 1547 3590 1585 manus

2030 1630 2162 1699 ejus,
2196 1628 2298 1682 diei
2324 1644 2427 1698 qna
2457 1626 2671 1680 redemit
2696 1642 2782 1679 eos
2812 1624 2875 1679 de
2901 1641 3063 1678 manu
3090 1624 3413 1677 trtbulantis.
3445 1622 3591 1677 Sicut

2011 1721 2203 1798 posuit
2228 1721 2281 1773 in
2309 1717 2539 1788 ngypto
2569 1719 2719 1787 signa
2748 1733 2867 1779 sua,
2891 1724 2940 1769 et
2964 1714 3209 1783 prodigia
3234 1732 3332 1768 sua
3366 1714 3421 1798 in
3450 1730 3594 1768 cam-

2032 1788 2097 1882 po
2123 1812 2343 1865 Taneos.
2377 1809 2641 1864 Convertit
2678 1810 2733 1863 in
2767 1809 3074 1879 sanguinem
3119 1807 3343 1875 ﬁumina
3374 1788 3590 1868 'eorum,

2030 1912 2081 1956 et
2105 1901 2293 1955 imbres
2320 1917 2499 1955 eorum
2529 1916 2590 1953 ne
2612 1899 2861 1953 biberent.
2894 1897 3040 1951 Misit
3069 1898 3119 1949 in
3144 1912 3229 1949 eos
3253 1897 3593 1965 caenomyiant

2034 2004 2081 2047 et
2115 1994 2334 2047 comedit
2366 2010 2475 2056 eos,
2502 2002 2551 2046 et
2579 2007 2769 2045 ranam
2798 2000 2847 2044 et
2869 1988 3181 2059 disperdidit
3210 2004 3317 2043 eos.
3350 1985 3415 2040 Et
3450 1988 3592 2041 dedit

375 2081 615 2131 στειλεν
640 2081 720 2144 είς
751 2078 970 2144 αὐτοὺς
1000 2081 1329 2148 κυνόμυιαν
1355 2079 1452 2131 καί
1476 2080 1805 2149 κατέφαγεν
1829 2080 1933 2133 αὑ-

2035 2086 2255 2155 a'rugini
2297 2085 2527 2153 fructum
2557 2099 2759 2147 eorum,
2794 2091 2843 2136 et
2884 2082 3088 2135 labores
3130 2097 3308 2135 eorum
3358 2081 3587 2133 locustw.

376 2167 539 2233 τοὺς,
569 2169 667 2222 καί
708 2168 1017 2238 βάτραχον
1048 2170 1143 2223 καὶ
1176 2168 1502 2239 διέφθειρεν
1546 2172 1786 2237 αὐτούς.
1822 2171 1933 2227 Kal

373 2258 556 2322 ἔδωκε
602 2258 679 2327 τῇ
724 2260 971 2328 ἐρυσίϐῃ
1012 2260 1117 2313 τὸν
1159 2261 1389 2329 καρπὸν
1415 2258 1629 2326 αὐτῶν,
1658 2259 1756 2314 καί
1795 2260 1935 2327 τοὺς

375 2351 597 2417 πόνους
626 2349 823 2403 αὐτῶν
854 2349 1179 2419 τῇακρίδι.
1212 2350 1693 2409 Καὶίὰπέκτεινεν
1732 2354 1803 2407 ἐν
1830 2370 1936 2422 χα-

374 2439 518 2511 λάζῃ
562 2442 674 2510 τὴν
712 2440 981 2510 ἄμπελον
1016 2441 1243 2508 αὐτῶν,
1279 2436 1374 2497 καί
1416 2443 1522 2509 τὰς
1568 2444 1936 2513 συκαμίνους

374 2524 570 2591 αὐτῶν
596 2532 665 2585 ἐν
692 2531 765 2617 τῇ
790 2532 1009 2602 πάχνη.
1053 2533 1160 2589 Kal
1192 2532 1528 2601 παρέδωκεν
1563 2537 1648 2600 εἰς
1673 2534 1936 2603 χάλαζαν

375 2629 449 2682 eis
474 2630 660 2697 κτήνη
681 2632 895 2694 αὐτῶν,
915 2632 1014 2685 καί
1040 2632 1152 2696 τὴν
1170 2631 1365 2700 ὒπαρξ
1370 2649 1425 2685 ιν
1448 2631 1644 2685 αὐτῶν
1667 2630 1746 2696 τῷ
1770 2633 1931 2701 πυρί.

374 2718 529 2775 Μετά
560 2720 628 2773 τὰ
654 2721 1009 2791 προλεχοέντα
1041 2723 1216 2775 πάντα
1234 2722 1534 2791 παρέμενον
1564 2724 1935 2793 παραπικραί-

374 2824 571 2873 νοντες,
606 2810 845 2862 τουτέστι
880 2812 1072 2882 πικρὸν
1098 2813 1306 2874 ἑαυτοῖς
1334 2813 1423 2865 τὸν
1468 2812 1599 2865 Θεὸν
1644 2811 1939 2866 καθιστῶν-

374 2917 484 2966 uc,
522 2901 753 2971 χρηστὸν
780 2900 906 2956 ὅντα
946 2906 1011 2973 τῇ
1044 2902 1198 2971 φύσει
1234 2903 1325 2955 καὶ
1370 2903 1568 2971 ἀγαθὸν
1597 2903 1689 2957 καὶ
1716 2903 1934 2972 γλυκὺν,

374 2993 485 3053 τοῖς
534 2990 591 3043 δὲ
630 2991 895 3063 τιμωρίας
935 2992 1102 3057 ἀξίοις
1147 2992 1338 3063 πικρὸν
1382 2992 1749 3065 νομιζόμενον.
1780 2988 1936 3048 Οὗτοι

375 3074 505 3143 γοῦν
537 3077 586 3129 οἰ
621 3077 676 3130 ἒν
699 3079 766 3152 τῇ
800 3080 990 3155 ἐρήμῳ
1022 3078 1373 3151 παρὼργισαν
1402 3082 1579 3145 αὑτὸν,
1605 3084 1817 3145 ἑαυτοῖς
1840 3082 1938 3153 τὴν

373 3166 542 3237 ὀργὴν
573 3166 959 3247 ἐπισπώμενοι.
988 3172 1096 3225 Καὶ
1119 3172 1277 3227 πάλιν
1308 3172 1639 3241 ἐπέστρεφον
1671 3173 1765 3225 καὶ
1787 3173 1935 3226 ὲπεί-

377 3260 539 3330 ραζον
570 3259 659 3315 τὸν
690 3260 840 3323 Θεὸν,
879 3260 971 3317 καὶ
1005 3264 1094 3316 τὸν
1121 3264 1301 3332 Ἀγιον
1334 3264 1427 3319 τοῦ
1444 3264 1654 3337 Ἰσραὴλ
1684 3262 1936 3336 παρώξυ-

375 3364 484 3401 νον.
505 3350 613 3402 Καὶ
631 3350 803 3405 ταῦτα
825 3352 1001 3413 πάντα
1024 3353 1340 3425 διέπραττον
1370 3357 1443 3427 μὴ
1474 3354 1936 3427 ἀναλαμϐάνοντες

375 3442 444 3509 τῇ
488 3442 675 3511 μνήμῃ
703 3442 802 3511 τὰς
847 3443 1009 3497 πάλαι
1036 3421 1335 3515 δειχδείσας
1371 3421 1557 3510 ,αύτοῖς
1604 3421 1934 3517 παραῶξοῦς
1961 3421 2001 3476 C

258 3560 268 3570 -
377 3530 660 3601 δυνάμεις·
684 3532 803 3585 καθ’
829 3531 888 3587 ὃν
917 3536 1105 3605 καιρὸν
1125 3536 1483 3606 λυτρούμενος
1511 3538 1705 3599 αὐτοὺς
1734 3538 1798 3589 ὲκ
1820 3551 1933 3605 χει-

379 3622 471 3697 ρδς
513 3622 782 3687 θλίϐοντος
823 3624 916 3677 τοῦ
965 3626 1181 3696 Φαραὼ,
1209 3626 1496 3697 ἠλευθέρου
1520 3627 1618 3696 τῆς
1646 3626 1753 3679 τῶν
1776 3627 1937 3695 Αἰγυ-

342 3756 347 3757 κ
377 3714 546 3767 πτίων
577 3714 913 3778 δυναστείας,
942 3716 1210 3798 διαφόρως
1236 3718 1359 3780 τοὺς
1400 3717 1626 3787 ἐχθροὺς
1652 3716 1829 3770 αὐτῶν
1856 3719 1938 3770 αἰ-

377 3803 655 3875 κιζόμενος
678 3809 734 3859 ὲν
757 3808 835 3877 τῲ
856 3808 1071 3873 Τάνεως
1096 3810 1260 3880 πεδίῳ
1280 3828 1293 3841 ο
1319 3811 1375 3863 ὲν
1395 3802 1439 3877 ᾦ
1464 3808 1677 3880 πρῶτον
1697 3809 1938 3877 ἐγίγνετο

377 3897 409 3966 ἡ
455 3896 547 3951 τοῦ
586 3898 829 3968 ποταμοῦ
861 3901 941 3965 εἰς
975 3896 1111 3970 αἷμα
1142 3900 1425 3972 μεταϐολὴ,
1464 3900 1777 3969 Αἰγυπτίοις
1802 3895 1938 3954 οὖσα

376 3988 619 4060 τοιαύτη,
645 3990 704 4041 οὺ
735 3989 838 4063 μὴν
877 3992 969 4043 καὶ
994 3995 1105 4055 τοῖς
1136 3989 1703 4061 βοηθουμένοις.”06εν
1735 3990 1828 4043 καὶ
1867 3988 1938 4042 τὰ

376 4077 705 4150 ὀμϐρήματα
742 4080 938 4146 αὐτῶν,
964 4082 997 4152 ἢ
1023 4082 1184 4157 ,κατὰ
1230 4082 1318 4135 τὸν
1356 4080 1600 4143 Ἀκύλαν,
1632 4082 1691 4133 al
1720 4078 1938 4148 κατάρο
1972 4074 1975 4077 λ

377 4168 527 4249 ῥοιαί
552 4168 767 4233 αὐτῶν,
796 4170 828 4239 ἢ
855 4172 993 4226 κατὰ
1022 4172 1111 4223 τὸν
1136 4170 1447 4241 Σύμμαχον,
1482 4170 1553 4223 τὰ
1586 4170 1789 4238 ῥεῖθρα
1834 4172 1939 4225 αὐ-

378 4246 531 4317 τῶν,
578 4258 929 4325 μετεϐάλλετο
979 4262 1058 4322 εἰς
1111 4255 1267 4331 αἷμα.
1325 4261 1480 4325 Πᾶσα
1528 4258 1637 4330 γὰρ
1683 4259 1935 4322 σύστασις
1974 4242 1977 4245 γ

379 4346 585 4400 ὑδάτων
598 4348 683 4401 στα
718 4350 875 4419 ὃμοια
903 4348 978 4419 τῷ
1005 4350 1231 4421 ποταμῷ
1271 4351 1523 4422 ἔπασχεν.
1544 4349 1935 4425 Ἀλλὰ’τούτων

378 4438 627 4510 οὐδεμίαν
670 4432 943 4494 ἐποιοῦντο
976 4443 1190 4513 μνήμην
1232 4444 1279 4496 oi
1306 4440 1784 4513 κατηγορούμενοι,
1818 4441 1935 4496 οὐδὲ

372 4531 441 4598 ,τῇ
465 4529 553 4593 διὰ
578 4530 675 4601 τῆς
705 4530 997 4600 κυνομυίας
1024 4534 1142 4585 κατ’
1168 4534 1477 4601 Αἰγυπτίων
1507 4533 1686 4605 πληγῇ
1726 4538 1933 4607 προσετ-

378 4636 470 4688 χον
493 4620 583 4673 τὸν
607 4621 751 4686 νοῦν,
773 4621 893 4674 οὐδὲ
914 4621 1085 4691 τῇδιά
1114 4624 1221 4678 τῶν
1244 4624 1522 4696 βατράχων
1552 4626 1792 4695 μάστιγι,
1813 4626 1933 4678 οὐδὲ

377 4713 443 4781 τῇ
462 4710 551 4764 διὰ
575 4712 676 4781 τῆς
701 4712 956 4785 ἐρυσίϐης
991 4713 1087 4783 (υτ
1124 4714 1236 4767 ἀλλ’
1269 4717 1374 4769 οὐδ’
1407 4718 1552 4779 ὅπως
1583 4716 1650 4768 δι’
1672 4716 1865 4779 αὐτοὺς
1883 4717 1932 4769 οἰ

2034 2174 2101 2228 Et
2146 2174 2335 2228 occidit
2374 2176 2429 2228 in
2458 2173 2715 2244 grandine
2758 2173 2958 2227 vineam
2989 2189 3191 2237 eorum,
3228 2182 3277 2227 et
3304 2189 3477 2225 moros
3505 2188 3593 2225 eo—

2033 2281 2149 2319 rum
2177 2266 2231 2318 in
2252 2267 2464 2335 pruina.
2500 2264 2569 2318 Et
2600 2264 2819 2317 tradidit
2856 2265 3103 2333 grnndini
3124 2265 3365 2333 jumenta
3392 2281 3590 2329 eorum,

2031 2371 2087 2413 et
2117 2358 2493 2427 possessionem
2542 2370 2720 2408 eorum
2766 2354 2892 2423 igni.
2926 2352 3053 2408 Post
3104 2354 3361 2423 praedicta
3386 2356 3590 2417 Omnia,

2033 2449 2439 2510 exacerbantes,
2477 2446 2671 2516 inquit,
2709 2452 3145 2515 permanserunt,
3180 2446 3233 2499 id
3282 2454 3388 2507 est,
3423 2443 3591 2499 Deum

2033 2544 2137 2598 sibi
2186 2528 2439 2595 acerbum
2485 2540 2901 2601 constituentes,
2934 2537 3028 2605 qui
3064 2544 3244 2589 tamen
3278 2542 3593 2589 mansuetus

2033 2644 2248 2697 natura,
2282 2634 2459 2688 bonus
2500 2641 2554 2687 et
2579 2631 2755 2685 dulcis
2785 2640 2905 2696 est;
2940 2629 3034 2684 sed
3062 2630 3129 2683 ab
3165 2630 3230 2683 iis
3262 2628 3355 2699 qui
3388 2628 3594 2697 suppli-

2034 2729 2116 2783 cio
2139 2726 2288 2796 digni
2322 2732 2449 2778 sunt
2479 2722 2709 2777 acerbus
2737 2722 3099 2776 existimatur.
3135 2719 3198 2772 Hi
3232 2721 3394 2788 igitur
3419 2720 3510 2789 qui
3538 2720 3593 2772 in

2033 2816 2249 2870 deserto
2292 2812 2646 2866 irritaverunt
2690 2825 2835 2874 eum,
2882 2808 2986 2863 sibi
3037 2809 3171 2861 iram
3225 2817 3589 2862 attraxerunt.

2034 2906 2377 2975 Rursumque
2406 2904 2755 2957 vertebantur
2791 2908 2848 2955 ut
2873 2907 3145 2955 tentarent
3167 2898 3354 2961 Deum,
3382 2910 3434 2953 et
3457 2898 3595 2973 ξω.

2034 3006 2183 3053 ctum
2206 2997 2371 3051 Israel
2397 2995 2804 3051 exacerbarent.
2828 2992 2955 3047 Hac
2979 3006 3143 3062 porro
3160 2992 3340 3044 omnia
3363 2990 3595 3059 agebant

2033 3090 2179 3159 quod
2208 3087 2623 3142 mirabilesillas
2653 3085 2755 3139 sibi
2777 3084 2907 3138 olim
2936 3081 3206 3136 exhibitas
3233 3079 3459 3133 virtutes
3481 3095 3593 3134 me-

2035 3180 2204 3234 moria
2231 3188 2339 3232 nOn
2368 3183 2674 3247 repeterent
2703 3193 2718 3231 ι
2752 3189 2861 3245 quo
2895 3184 3137 3244 tempore
3166 3172 3234 3226 de
3270 3186 3431 3226 manu
3455 3169 3595 3224 Pha-

2034 3271 2217 3324 raonis
2248 3284 2308 3323 se
2332 3268 2688 3337 opprimentis
2718 3266 2947 3321 redemit
2975 3281 3090 3329 eos,
3125 3274 3179 3319 et
3210 3263 3276 3318 ab
3309 3262 3594 3334 Egyptio-

2035 3374 2151 3411 rum
2185 3340 2471 3412 dominatu
2497 3357 2763 3421 liberavit,
2795 3357 3083 3424 variasque
3128 3355 3362 3408 inimicis
3406 3368 3595 3429 eorum

2036 3453 2231 3509 inﬂixit
2256 3453 2442 3524 plagas
2471 3456 2526 3507 in
2560 3466 2752 3521 campo
2785 3448 2995 3504 Tancos
3028 3468 3039 3502 :
3080 3448 3169 3502 ubi
3210 3449 3385 3517 primo
3417 3449 3596 3501 conti-

2036 3548 2112 3618 git
2160 3547 2398 3602 ﬂuminis
2446 3547 2501 3600 in
2556 3545 2874 3615 sanguinem
2925 3541 3174 3602 mutatio,
3206 3556 3325 3609 quae
3376 3539 3593 3608 quidem

2038 3637 2306 3709 Egyptiis
2351 3638 2478 3693 talis
2523 3646 2661 3699 erat,
2688 3651 2796 3689 non
2817 3640 2997 3689 autem
3028 3633 3096 3687 iis
3125 3630 3216 3701 qui
3240 3630 3591 3699 juvabantur.

2036 3727 2214 3794 Quare
2248 3728 2451 3784 imbres
2480 3741 2699 3797 quoque
2726 3741 2935 3790 eorum,
2967 3724 3081 3779 sive
3106 3720 3404 3778 secundum
3427 3718 3597 3791 Aqui-

2037 3816 2164 3880 lam,
2197 3815 2373 3884 βακε
2394 3830 2604 3878 eorum;
2624 3815 2737 3869 sive
2761 3812 3057 3875 secundum
3086 3809 3491 3882 Symmachum,
3514 3810 3598 3863 al-
3652 3848 3660 3857 .

2037 3909 2113 3961 vei
2139 3923 2340 3970 eorum,
2360 3906 2423 3959 in
2453 3907 2770 3976 sanguinem
2806 3900 3374 3959 vertebantur.0mnis
3400 3902 3598 3971 quippe

2036 4013 2298 4068 aquarum
2346 3996 2618 4059 collectio,
2653 3996 2802 4064 paria
2842 3994 3051 4049 ﬂumini
3100 4008 3260 4062 passa
3306 3994 3411 4047 est.
3443 3991 3512 4047 At
3556 3993 3596 4047 ii

2032 4090 2127 4158 qui
2172 4095 2518 4150 accusantur,
2538 4087 2741 4140 nullam
2791 4099 2978 4139 eorum
3032 4084 3348 4140 memoriam
3384 4085 3597 4141 retine-
3656 4158 3659 4159 ν

2034 4178 2186 4240 bant,
2216 4176 2619 4245 neque.animo
2672 4175 2986 4245 repetebant
3020 4174 3341 4246 cmnomyia:
3382 4175 3593 4245 plagam
3704 4170 3711 4177 ’

2034 4266 2303 4339 Egyptiis
2336 4267 2661 4331 immissam,
2697 4283 2804 4323 non
2834 4281 3090 4328 ranarum
3121 4281 3297 4335 neque
3338 4266 3594 4335 aeruginis

2034 4358 2337 4426 ﬂagellum;
2386 4357 2481 4413 sed
2541 4370 2718 4427 neque
2765 4370 2873 4427 qua
2921 4356 3133 4410 ratione
3177 4354 3391 4408 illorum
3421 4354 3609 4424 gratia,

2034 4448 2272 4521 Egyptii
2318 4448 2562 4511 locustae,
2594 4445 3098 4516 grandini,pruinai
3148 4451 3203 4497 et
3250 4443 3359 4512 igni
3412 4442 3595 4499 traditi

2032 4540 2462 4611 castigabantur.
2482 4537 2683 4593 Horum
2718 4537 3143 4606 experimentum
3164 4548 3288 4588 cum
3309 4547 3472 4603 opere
3500 4548 3593 4587 ce-

2034 4632 2262 4703 pissent,
2294 4632 2640 4685 immemores
2689 4641 2869 4682 tamen
2916 4624 3156 4681 omnium
3202 4631 3378 4677 erant.
3414 4622 3594 4689 Quare

2038 4720 2334 4776 secundum
2373 4716 2759 4789 Symmachum
2804 4714 3011 4769 dictum
3042 4724 3124 4769 est
3159 4732 3172 4769 :
3212 4711 3334 4767 Non
3363 4721 3483 4767 sunt
3511 4728 3596 4766 re-

377 4801 659 4870 Αἰγύπτιοι
699 4804 877 4876 ἀκρίδι
922 4806 1013 4857 καὶ
1064 4804 1292 4878 χαλάζῃ,
1323 4808 1415 4861 καὶ
1455 4808 1633 4878 πάχνῃ
1661 4809 1755 4861 καὶ
1800 4808 1931 4878 πυρὶ

2037 4809 2241 4864 cordati
2282 4823 2467 4861 manus
2512 4808 2647 4875 ejus,
2680 4806 2784 4859 diei
2806 4822 2909 4877 qua
2937 4805 3174 4861 liberavit
3216 4822 3301 4860 eos
3330 4804 3393 4858 de
3420 4802 3592 4857 tribu-

379 4894 769 4964 παραδοθέντες
798 4897 1125 4962 ἐκολάζοντο.
1160 4898 1375 4951 τούτων
1405 4900 1449 4954 δ’
1478 4900 1656 4971 ἔργοις
1689 4897 1785 4969 τὴν
1817 4901 1932 4950 πεῖ-

379 4996 478 5054 ραν
527 4985 823 5055 εἰληφότες,
852 4989 1159 5060 ἀμνήμονες
1197 4988 1451 5041 ἁπάντων
1502 4990 1792 5058 ἐγίγνοντο.
1842 4989 1931 5042 Διὸ

377 5070 515 5125 κατὰ
542 5072 632 5126 τὸν
660 5076 951 5153 Σύμμαχον
992 5079 1233 5150 εἴρηται⁹
1273 5080 1391 5132 Οὐκ
1424 5078 1931 5149 ἀνεμιμνήσκοντο

378 5162 491 5230 τὴν
537 5164 703 5233 χεῖρα
741 5167 940 5232 αὑτοῦ,
963 5169 1076 5239 τὴν
1100 5169 1325 5240 ἡμέραν
1347 5169 1416 5223 ἐν
1440 5164 1479 5239 ἦ
1509 5170 1798 5237 ἐρρύσατο
1826 5162 1933 5224 aii-4
1982 5182 1983 5185 ‘

377 5250 518 5317 τοὺς
550 5253 617 5305 ἐκ
651 5254 754 5308 τοῦ
784 5257 1120 5326 θλίϐων-τος·
1162 5260 1265 5316 τοῦ
1307 5258 1666 5326 ποιήσαντος
1710 5260 1781 5312 τὰ
1818 5274 1930 5328 ση-

379 5341 510 5409 μεῖα
544 5343 726 5398 αὑτοῦ
759 5345 857 5399 καὶ
888 5346 960 5399 τὰ
988 5347 1198 5416 τέρατα
1227 5350 1411 5406 αὐτοῦ
1437 5349 1506 5403 έν
1526 5351 1819 5420 Αἰγύπτῳ,
1862 5354 1932 5406 ὲν

2036 4903 2200 4965 (ante,
2226 4885 2342 4968 ejus
2390 4899 2480 4969 qui
2534 4898 2653 4967 fecit
2703 4892 2855 4967 signa
2899 4915 3000 4952 sua
3039 4907 3089 4953 et
3135 4897 3372 4967 prodigia
3400 4911 3497 4949 sua
3538 4895 3594 4948 in

2035 4993 2285 5062 Egypto,
2320 4991 2374 5043 in
2400 5005 2583 5059 campo
2602 4988 2839 5052 Taneos;
2861 4992 2951 5060 qui
2979 4988 3270 5042 immutavit
3302 4989 3354 5040 in
3387 4985 3596 5053 sangui-

2034 5098 2150 5138 nem
2176 5081 2398 5149 ﬂumina
2429 5097 2629 5147 eorum,
2660 5091 2709 5135 et
2738 5082 2908 5135 alveos
2942 5097 3121 5135 eorum
3144 5089 3317 5133 utnon
3335 5075 3591 5150 biberent;

2034 5172 2123 5243 qui
2163 5171 2305 5225 misit
2332 5173 2459 5240 ipsis
2503 5170 2844 5241 canomyiam
2893 5170 2961 5222 ad
2993 5166 3359 5229 comedendum
3401 5181 3511 5227 eos,
3542 5174 3593 5218 et

2035 5275 2222 5315 ranam
2255 5260 2324 5313 ad
2357 5259 2757 5329 disperdendum
2785 5274 2906 5321 eos;
2952 5259 3040 5327 qui
3065 5255 3207 5310 dedit
3233 5254 3452 5324 σιταρίπὶ
3476 5254 3593 5322 fru-

2033 5358 2146 5404 ctus
2175 5364 2355 5403 eorum
2383 5359 2435 5405 et
2466 5350 2669 5403 labores
2697 5363 2875 5402 eorum
2906 5348 3151 5407 locusta;
3180 5343 3270 5413 qui
3322 5342 3507 5396 occidit
3536 5343 3592 5393 in

378 5432 558 5501 πεδίῳ
610 5432 830 5501 Τάνεως
844 5454 858 5467 ·
890 5436 995 5515 τοῦ
1033 5443 1465 5508 μεταϐαλόντος
1504 5443 1591 5507 εἰς
1627 5436 1769 5511 αἷμα
1794 5443 1933 5510 τοὺς

2034 5442 2283 5511 grandine
2322 5444 2523 5496 vineam
2568 5457 2768 5506 eorum,
2800 5452 2848 5494 et
2871 5454 3166 5509 sycomoros
3190 5452 3368 5490 eorum
3395 5436 3450 5486 in
3474 5448 3591 5486 rer-

380 5524 677 5592 κοταμοὺς
725 5527 941 5593 αὐτῶν,
968 5529 1066 5587 καί
1112 5531 1184 5585 τὰ
1220 5534 1423 5601 ῥεῖθρα
1467 5530 1682 5597 αὐτῶν,
1710 5533 1810 5588 ἵνα
1842 5533 1929 5603 μὴ

388 5616 559 5669 ,τίωσι
582 5633 596 5647 ο
624 5615 729 5670 τοῦ
754 5616 1194 5691 ἐπιπέμψαντος
1230 5620 1431 5690 αὐτοῖς
1461 5624 1788 5693 κυνόμυιαν
1819 5638 1931 5690 φα-

450 5729 494 5761 ³⁶
517 5729 659 5785 Psal.
689 5746 877 5795 sunt,
900 5732 989 5790 2|.

454 5840 526 5910 (1)
559 5839 656 5896 Ms.
690 5841 961 5914 ὲρισύϐης.

2033 5546 2146 5594 me;
2173 5533 2263 5599 qui
2293 5531 2512 5585 tradidit
2533 5531 2665 5599 pesti
2684 5531 2924 5599 jumenta
2952 5542 3150 5589 eorum,
3173 5535 3223 5580 et
3245 5524 3590 5593 possessiones

2032 5639 2206 5679 eorum
2238 5623 2439 5679 avibus.
2472 5623 2575 5679 Pro
2600 5624 2691 5679 illo
2733 5630 2933 5686 autem,
2965 5618 3204 5690 terugini,
3237 5614 3592 5687 Syunnacbus
