4406 6452
409 522 512 577 929

1478 521 1976 599 (ἸΟΜΜΕΝΤᾼΗΙΑ
2008 523 2076 577 ΙΝ
2111 523 2445 580 PSALMOS.

3496 535 3597 590 030

409 612 596 703 φυγεῖν
622 632 716 703 τὴν
733 633 898 704 ὀργὴν
924 633 1084 685 αὑτοῦ
1106 648 1117 661 ·
1153 633 1259 686 τῶν
1284 634 1338 686 δὲ
1359 635 1664 702 Αἰγυπτίων
1689 639 1785 690 ούκ
1809 638 1957 705 ὲφεί-
1987 648 2031 703 Α
2060 652 2149 692 sua

1862 638 1957 689 >εί-
1987 648 2031 703 Α
2060 652 2210 692 suam
2237 657 2250 692 :
2287 637 2554 708 Egyptiis
2581 655 2707 696 vero
2727 656 2832 696 non
2858 644 3125 712 pepercit;
3155 660 3334 698 verum
3374 645 3425 698 in
3461 662 3602 700 mor-

408 741 568 779 σατο·
604 724 882 794 παρεδίδου
931 724 987 776 δὲ
1032 725 1111 787 είς
1164 724 1385 778 θάνατον
1417 725 1514 787 τὰς
1557 725 1729 795 ψυχάς
1759 728 1952 791 αὐτῶν,

407 817 569 883 ἀξίων
599 816 764 868 ὄντων
787 817 883 886 τῆς
911 815 1158 885 τοιαύτης
1178 816 1442 887 τιμωρίας
1462 835 1475 848 ·
1509 819 1818 888 ἐπειδήπερ,
1843 820 1958 870 ἀσε·

405 908 577 970 ϐείαις
617 906 953 977 ὲκδεδομένοι
992 906 1082 958 καὶ
1136 909 1200 976 τῇ
1232 907 1470 977 πολυθέῳ
1496 908 1588 960 καὶ
1623 911 1954 981 Αἰγυπτιακῇ

403 999 802 1068 δεισιδαιμονίᾳ,
853 997 993 1066 ἄλλῳ
1038 997 1246 1062 θανάτῳ
1303 999 1400 1061 τὰς
1451 999 1624 1068 ψυχὰς
1669 1001 1956 1069 ἐτύγχανον

407 1089 836 1160 βεϐαπτισμένοι.
866 1090 1060 1160 Διόπερ
1087 1090 1112 1140 ὁ
1141 1089 1327 1159 παρὼν
1368 1091 1520 1158 λόγος
1548 1092 1607 1142 ού
1638 1094 1811 1145 κοινὸν
1862 1093 1957 1145 θά-

403 1199 558 1236 νατον
593 1183 974 1254 ἐπεληλυθέναι
1005 1184 1181 1246 αὐτοῖς
1212 1183 1466 1246 διδάσκει,
1501 1183 1629 1236 ἀλλὰ
1654 1185 1834 1254 ψυχῶν
1864 1184 1957 1237 6&-

406 1274 651 1327 νατον.’0
694 1273 799 1345 γὰρ
845 1273 1180 1344 ὀλοθρευτὴς,
1217 1266 1258 1340 ᾧ
1313 1275 1700 1344 παρεδόθησαν,
1734 1278 1846 1344 ἆμα
1891 1279 1952 1345 τῇ

406 1363 499 1416 τοῦ
529 1364 776 1434 σώματος
807 1364 1059 1429 διαλύσει,
1085 1365 1180 1426 τὰς
1210 1363 1382 1433 ψυχὰς
1409 1365 1584 1416 αὐτῶν
1606 1366 1954 1436 παρελάμϐα-

406 1470 513 1516 νεν,
540 1456 617 1517 είς
646 1455 860 1524 ὄλεθρον
892 1455 1055 1516 αὑτὰς
1077 1454 1321 1521 ἀπάγων.
1351 1455 1438 1507 Διὸ
1468 1455 1560 1508 καὶ
1587 1451 1738 1516 αὖθις
1760 1457 1955 1525 γέγρα-

405 1562 568 1596 πται·
603 1548 722 1599 Οὐκ
777 1546 1054 1613 ἐφείσατο
1106 1546 1223 1599 ἀπὸ
1282 1545 1538 1601 θανάτοὺ
1586 1545 1703 1599 τῶν
1744 1546 1955 1614 ψυχῶν

401 1634 614 1688 αὐτῶν.
658 1632 787 1689 Εἶτα
830 1638 1078 1704 διασαφεῖ
1121 1635 1290 1705 λέγων
1340 1637 1500 1707 ἑξῆς·
1543 1637 1654 1692 Kal
1700 1637 1954 1700 ἐπάταξε

400 1725 520 1782 πᾶν
566 1731 935 1796 πρωτότοκον
978 1730 1045 1780 ἐν
1077 1727 1152 1796 γῇ
1195 1730 1483 1797 Αἰγύπτῳ,
1524 1727 1800 1796 ἀπαρχὴν
1839 1727 1955 1781 τῶν

400 1821 598 1873 πόνων
646 1817 859 1872 αὐτῶν.
894 1819 1037 1871 Ἀντὶ
1064 1820 1140 1872 -δὲ
1187 1819 1300 1882 τοῦ,
1351 1819 1629 1886 ἀπαρχὴν
1690 1817 1806 1872 τῶν
1850 1821 1953 1871 πό-

398 1928 517 1965 νων
568 1909 763 1968 αὐτῶν
832 1911 901 1963 ἐν
961 1910 1083 1976 τοῖς
1132 1909 1478 1979 σκηνώμασι
1531 1910 1683 1979 Χάμ·
1734 1913 1760 1963 6
1809 1911 1951 1982 Σύμ-

404 2017 602 2078 μαχος·
656 1999 944 2067 Πρωτεῖον
992 1999 1301 2068 δυνάμεων
1365 1998 1578 2061 αὐτῶν,
1626 2001 1986 2072 ἡρμήνευσε..

404 2091 484 2146 Τὰ
543 2091 651 2162 γὰρ
704 2091 1018 2161 πρωτότοκα
1080 2090 1173 2143 καὶ
1231 2091 1489 2160 πρωτεῖον
1538 2083 1604 2158 ἦν
1657 2089 1752 2157 τῆς
1801 2089 1954 2142 δυνά-

403 2201 547 2256 μεως
606 2182 712 2235 τῶν
764 2170 1154 2250 γεννησάντων.
1216 2180 1312 2233 Διὰ
1375 2180 1470 2250 μὲν
1508 2175 1598 2232 οὖν
1636 2180 1741 2232 τῶν
1803 2180 1943 2251 πρώ-

395 2292 503 2328 των
531 2273 767 2344 πληγῶν,
787 2272 973 2344 ῶσπερ
997 2274 1074 2334 εἰς
1101 2272 1384 2341 μετάνοιαν
1408 2272 1600 2334 αὐτοὺς
1625 2271 1953 2342 προσκαλού-

403 2379 558 2437 μενος
582 2366 667 2418 διὰ
687 2366 784 2436 τῆς
812 2365 1008 2434 ἀνοχῆς
1033 2365 1127 2416 καὶ
1157 2363 1552 2434 μακροθυμίας,
1585 2363 1952 2435 πεφεισμένως

396 2458 577 2520 αὐτοῖς
609 2457 777 2527 ἐπῆγε
805 2455 903 2518 τὰς
927 2454 1210 2526 τιμωρίας.
1230 2455 1350 2507 Ἐπὶ
1387 2455 1526 2507 τέλει
1570 2455 1625 2506 δὲ
1668 2456 1766 2508 οὐκ
1807 2456 1951 2524 ἐφεί-

399 2565 527 2601 σατο
580 2547 688 2600 ἀπὸ
735 2545 961 2600 θανάτου
1007 2546 1111 2598 τῶν
1148 2545 1334 2616 ψυχῶν
1374 2545 1578 2599 αύτῶνο
1609 2545 1742 2609 ἀλλὰ
1769 2546 1861 2600 καὶ
1887 2546 1955 2598 τά

397 2632 577 2710 κτήνη
599 2639 774 2692 αὐτῶν
804 2641 882 2702 είς
914 2639 1138 2692 θάνατον
1178 2639 1531 2692 συνέκλεισεν.
1553 2639 1702 2691 Ἐπεὶ
1732 2640 1822 2691 καὶ
1848 2641 1953 2692 πᾶν

397 2731 734 2802 πρωτότοκον
765 2731 822 2783 ὲν
847 2733 916 2800 γῇ
944 2729 1202 2798 Αἰγύπτῳ
1233 2731 1501 2801 ἀνῃρεῖτο,
1537 2731 1744 2799 κτηνῶν
1770 2748 1828 2784 τε
1861 2733 1952 2784 καὶ

395 2822 618 2893 ἀνδρῶν.
646 2821 854 2891 Σφόδρα
898 2820 953 2872 δὲ
999 2820 1235 2890 ἀκριϐῶς
1269 2822 1360 2872 ἐπὶ
1396 2822 1493 2890 μὲν
1519 2820 1626 2873 τῶν
1656 2822 1955 2893 ἀνθρώπων

395 2913 608 2984 θανάτῳ
640 2913 771 2983 φησὶ
789 2912 886 2975 τὰς
915 2911 1088 2982 ψυχὰς
1111 2911 1285 2963 αὐτῶν
1314 2912 1731 2980 παραδεδόσθαι·
1761 2911 1828 2984 ἦν
1847 2915 1954 2986 γὰρ

392 3008 424 3059 6
452 3006 766 3078 όλοϐρευτὴς
794 3005 1021 3074 δαίμων,
1056 3007 1084 3058 6
1122 3006 1219 3068 τὰς
1251 3004 1424 3075 ψυχὰς
1457 2998 1632 3058 αὐτῶν
1683 3007 1774 3058 καὶ
1817 3009 1952 3076 μετὰ

397 3096 622 3150 θάνατον
665 3097 1137 3168 ¹παραλαμϐάνων·
1171 3097 1262 3150 ἐπὶ
1293 3097 1346 3149 δὲ
1377 3096 1482 3149 τῶν
1522 3097 1730 3164 κτηνῶν
1774 3099 1952 3150 οὐκέτι

393 3188 578 3258 ψυχῶν
614 3184 1031 3259 ἐμνημόνευσεν,
1064 3187 1196 3241 ἀλλὰ
1225 3187 1382 3257 μόνου
1416 3187 1504 3240 τοῦ
1534 3187 1707 3242 κοινοῦ
1736 3187 1828 3240 καὶ
1851 3207 1953 3242 σω-

400 3278 624 3347 ματικοῦ
657 3279 882 3332 θανάτου
909 3291 922 3304 ⁸
961 3281 1021 3333 ού
1064 3279 1171 3352 γὰρ
1216 3279 1427 3350 μετέχει
1475 3279 1650 3350 ψυχῆς
1689 3279 1759 3333 τὰ
1786 3282 1949 3352 κτήνη

394 3365 496 3435 τῆς
560 3367 696 3437 μετὰ
759 3367 856 3439 τὴν
907 3367 999 3420 τοῦ
1049 3368 1294 3439 σώματος
1343 3367 1491 3421 λύσιν
1539 3368 2018 3453 παραμενούσηςο

393 3457 592 3528 ὁμοίως
641 3462 760 3521 ταῖς
791 3458 898 3512 τῶν
946 3459 1244 3529 ἀνθρώπων
1275 3460 1490 3530 ψυχαῖς.
1523 3459 1630 3529 Τὴν
1679 3461 1734 3514 δὲ
1786 3460 1951 3530 αὐτὴν

401 3547 638 3618 ἱστορίαν
689 3548 956 3619 διαφόρως
1005 3548 1209 3618 Μωσῆς
1255 3565 1312 3600 τε
1364 3550 1457 3601 καὶ
1488 3552 1516 3602 6
1561 3548 1750 3620 παρὼν
1799 3548 1952 3618 λόγος

397 3638 766 3708 ἠρμήνευσενο
789 3638 817 3689 6
851 3638 947 3706 μὲν
974 3637 1291 3708 ὀλοθρευτὴν
1321 3638 1488 3691 είπὼν
1525 3638 1832 3710 διακονῆσαι
1863 3641 1952 3693 τὸν

398 3729 621 3782 θάνατον
653 3729 758 3783 τῶν
804 3730 1157 3800 πρωτοτόκων
1179 3747 1191 3759 °
1227 3731 1254 3782 6
1281 3729 1335 3782 δὲ
1369 3728 1555 3800 παρὼν
1587 3728 1741 3798 λόγος
1762 3730 1828 3783 δι’
1856 3733 1952 3800 ἀγ-

395 3819 566 3888 γέλων
596 3819 841 3891 πονηρῶν
871 3818 1041 3877 ταῦτα
1072 3819 1364 3889 γεγονέναι.
1394 3820 1568 3872 Κάκεῖ
1613 3820 1707 3890 μὲν
1751 3822 1779 3872 6
1825 3822 1952 3874 Μω-

397 3911 496 3980 σῆς
534 3909 610 3980 τῷ
652 3911 839 3980 αἵματι
873 3910 1150 3981 κεχρίσθαι
1183 3909 1280 3974 τὰς
1311 3909 1489 3980 φλιὰς,
1523 3910 1793 3963 καὶτοῦτο
1852 3928 1952 3979 φυ-

397 3999 681 4071 λακτήριον
714 4001 988 4068 γεγονέναι
1037 4001 1145 4053 τῶν
1185 4001 1551 4070 διαφυγόντων
1581 4000 1669 4053 τὸν
1701 3999 1939 4070 ὀλοθρευ-

396 4091 524 4159 τήν·
557 4088 787 4144 ἐνταῦθα
817 4089 872 4142 δὲ
902 4078 1286 4162 ὡδοποιηκέναι
1320 4090 1501 4162 τρίϐον
1530 4092 1740 4161 εἴρηται
1769 4093 1795 4142 6
1822 4090 1951 4152 Θεὸς

397 4179 532 4250 πρὸς
561 4179 622 4232 τδ
661 4181 958 4248 ἀποφυγεῖν
989 4179 1085 4252 τὴν
1115 4181 1280 4254 ὀργὴν
1311 4181 1492 4234 αὑτοῦ.
1530 4181 1711 4234 Ταῦτα
1742 4180 1814 4244 δὲ,
1851 4197 1950 4250 φη-

399 4272 471 4332 σὶ,
503 4269 828 4322 συνετελεῖτο
857 4272 914 4323 ὲν
947 4273 1058 4333 τοῖς
1095 4271 1413 4341 σκηνώμασι
1460 4272 1620 4342 Χάμ·
1652 4272 1705 4342 ἢ,
1729 4273 1797 4324 ἐν
1824 4271 1949 4337 ταῖς

398 4360 738 4427 σκηνώσεσι
770 4362 913 4429 Χὰμ,
961 4361 1100 4414 κατὰ
1143 4363 1231 4414 τὸν
1280 4362 1566 4432 Σύμμαχον
1589 4381 1600 4394 ·
1642 4363 1695 4434 ἣ,
1724 4364 1793 4416 ἐν
1824 4362 1948 4428 ταῖς

397 4451 651 4516 σκέπαις
696 4451 842 4520 Χὰμ,
889 4452 1029 4504 κατὰ
1076 4453 1164 4504 τὸν
1208 4455 1449 4506 Ἀκύλαν.
1487 4459 1566 4507 Δι’
1592 4451 1664 4510 ὧν
1709 4457 1950 4510 διδασκό-

401 4541 536 4611 μεθα
568 4541 663 4612 τὴν
694 4541 962 4610 Αἴγυπτον
990 4542 1262 4610 γεγονέναι
1299 4543 1623 4614 σκηνώματα
1667 4546 1759 4598 τοῦ
1801 4547 1944 4616 Χάμ.

398 4634 575 4702 Τριῶν
613 4635 720 4704 γὰρ
760 4632 962 4687 παίδων
993 4633 1082 4686 τοῦ
1113 4634 1234 4687 Νῶε
1269 4638 1590 4706 γενομένων,
1625 4637 1763 4709 Σὴμ,
1797 4638 1944 4707 Χὰμ,

409 4725 606 4793 Ἰάφεθ,
631 4728 660 4778 6
690 4726 818 4797 Χὰμ
846 4727 1031 4795 γέγονε
1060 4727 1237 4796 πατὴρ
1265 4727 1354 4780 τοῦ
1384 4728 1620 4794 Χαναὰν,
1648 4730 1865 4782 Χαναὰν
1893 4730 1948 4781 δὲ
1981 4729 2022 4781 D
2051 4740 2149 4778 veri

1981 4729 2178 4781 Dvero
2236 4716 2384 4793 pater
2426 4725 2696 4803 Mesraim,
2751 4727 2843 4794 qui
2905 4733 3021 4779 erat
3065 4723 3360 4793 Egyptus;
3413 4739 3442 4778 a
3488 4741 3594 4797 quo
3701 4774 3705 4775 ,

397 4817 579 4896 πατὴρ
630 4816 723 4871 τοῦ
754 4817 1027 4888 Μεσραῒμ,
1056 4816 1112 4880 ὃς
1151 4813 1218 4888 ἧν
1255 4818 1544 4887 Αἴγυπτος,
1579 4819 1670 4888 ἀφ’
1705 4814 1764 4872 οὗ
1789 4818 1951 4887 Αἰγύ-

397 4924 540 4960 πτιοι
569 4908 766 4972 πάντες
785 4925 798 4939 ⁸
832 4909 958 4961 ὥστ’
991 4909 1210 4971 εἰκότως
1241 4909 1338 4979 τὴν
1376 4908 1482 4962 τῶν
1515 4908 1818 4976 Αἰγυπτίων
1842 4908 1949 4977 χώ-

401 5016 498 5070 ραν
544 5000 874 5071 σκηνώματα
923 5000 1015 5061 τοῦ
1060 5000 1402 5071 προπάτορος
1453 4999 1547 5052 τοῦ
1581 4998 1838 5070 Μεσραῒμ
1870 5000 1949 5051 εί-

2062 737 2166 780 tem
2222 730 2441 782 tradidit
2489 732 2697 786 animas
2750 749 2957 799 eorum,
3012 736 3294 802 dignorum
3350 752 3479 790 sane
3509 737 3604 790 tali

2057 819 2341 888 supplicio,
2389 821 2514 890 quia
2553 821 2922 890 impietatibus
2950 833 3002 878 et
3031 825 3359 896 Egyptiaca:
3402 828 3605 881 multo-

2056 925 2172 963 rum
2219 910 2439 964 deorum
2481 914 2853 981 superstitioni
2898 914 3058 969 dediti
3086 955 3101 978 ,
3150 917 3253 970 alia
3301 917 3356 969 in
3406 925 3602 982 morte,

2056 1001 2246 1055 anima:
2267 1001 2496 1066 scilicet,
2529 1005 2760 1059 demersi
2795 1013 2969 1059 erant.
3001 1005 3177 1071 Quare
3200 1007 3286 1060 hic
3317 1023 3423 1061 non
3453 1025 3602 1063 com-

2055 1107 2269 1146 munem
2315 1099 2542 1146 mortem
2597 1093 2732 1164 ipsis
2781 1095 2985 1149 illatam
3033 1111 3155 1153 esse
3203 1097 3465 1166 docetur;
3508 1102 3601 1156 sed

2055 1191 2281 1235 mortem
2317 1184 2636 1238 animarum.
2663 1184 2795 1238 Nam
2829 1188 3214 1242 exterminator
3240 1190 3345 1255 ille,
3377 1192 3462 1245 cui
3494 1201 3602 1244 tra-

2054 1268 2153 1322 dit.-
2188 1277 2335 1334 sunt,
2365 1273 2546 1326 statim
2572 1281 2731 1342 atque
2763 1289 2988 1344 corpora
3017 1277 3278 1331 dissoluta
3306 1289 3451 1345 sunt,
3485 1282 3604 1334 ani-

2055 1375 2170 1413 mas
2207 1361 2466 1431 abripuit,
2506 1364 2559 1416 in
2609 1365 2904 1439 perniciem
2965 1368 3240 1424 abducens
3271 1385 3385 1427 eas.
3426 1370 3602 1435 Quare

2054 1465 2267 1506 rursum
2306 1455 2581 1518 scribitur,
2619 1455 2739 1510 Non
2786 1459 3008 1526 pepercit
3053 1477 3086 1511 a
3125 1466 3296 1514 morte’
3329 1462 3600 1516 animabus

2051 1558 2247 1596 eorum.
2279 1542 2472 1598 Postea
2501 1562 2630 1600 vero
2655 1548 2768 1602 haec
2792 1549 3029 1605 declarat
3057 1568 3067 1602 :
3103 1550 3168 1604 Et
3202 1554 3453 1619 percussit
3487 1570 3600 1606 ont-

2053 1646 2113 1684 ne
2141 1633 2540 1703 primogenitum
2571 1637 2623 1688 in
2665 1647 2805 1691 terra
2853 1639 3091 1710 ngypti,
3131 1643 3392 1708 primitias
3432 1643 3601 1699 omnis

2054 1721 2246 1792 laboris
2273 1740 2472 1777 eorum.
2505 1723 2610 1778 Pro
2641 1727 2732 1780 illo
2769 1735 2968 1791 autem,
2996 1731 3256 1796 primitias
3290 1731 3479 1785 laboris
3508 1748 3593 1786 eo-

2051 1829 2165 1865 rum
2196 1815 2250 1866 in
2278 1815 2646 1879 gubernaculis
2695 1816 2880 1881 Cham,
2913 1818 3299 1890 Symmachus,
3341 1824 3602 1890 primitias

2052 1907 2254 1960 virtutis
2287 1924 2484 1969 eorum.
2511 1909 2896 1978 interpretatus
2925 1919 3025 1966 est.
3057 1910 3190 1966 Nam
3223 1914 3598 1985 primogenita,

2053 1997 2302 2063 primitiaa
2324 1999 2538 2054 virtutis
2571 2001 2905 2070 gignentium
2932 2011 3105 2056 erant.
3139 2005 3242 2059 Per
3269 1992 3472 2074 primas
3500 2007 3603 2058 ita—

1987 2071 2026 2122 Β
2055 2104 2158 2156 que
2199 2091 2383 2160 plagas
2425 2091 2581 2161 quasi
2621 2091 2689 2145 ad
2733 2093 3105 2162 paenitentiam
3150 2071 3294 2164 ipsos
3332 2111 3599 2161 evocans,

2054 2194 2147 2247 per
2183 2181 2582 2247 patientiam'et
2610 2183 2946 2245 tolerantiam
2985 2201 3158 2249 suam,
3188 2186 3442 2254 paulatim
3471 2187 3603 2256 ipsis

2053 2275 2314 2343 supplicia
2373 2275 2656 2330 inferebat.
2707 2277 2764 2330 ln
2797 2278 2902 2333 fine
2944 2295 3072 2333 vero
3120 2297 3228 2334 non
3281 2282 3516 2351 pepercit
3571 2296 3603 2334 a

2053 2371 2223 2417 morte
2275 2364 2559 2420 animabus
2607 2381 2825 2431 eorum;
2868 2368 2962 2433 sed
3005 2368 3166 2422 etiam
3217 2370 3461 2438 jumenta
3509 2386 3604 2424 eo-

2054 2469 2170 2506 rum
2212 2453 2265 2506 in
2304 2463 2478 2508 morte
2527 2457 2816 2512 conclusit.
2873 2457 3004 2511 Nam
3056 2474 3216 2514 omne
3275 2462 3606 2531 primogeni-

2057 2551 2166 2596 tum
2206 2544 2260 2597 in
2309 2553 2452 2598 terra
2505 2544 2721 2616 Egypti
2767 2547 3135 2611 occidebatur,
3185 2561 3291 2604 tam
3330 2551 3606 2619 jumento-

2055 2649 2194 2697 rum,
2246 2649 2404 2703 quam
2443 2635 2742 2690 hominum.
2793 2635 2898 2691 Sed
2944 2649 3194 2692 accurate
3225 2640 3609 2696 admodum'de

2055 2725 2360 2779 hominibus
2383 2726 2601 2794 quidem
2636 2727 2710 2778 ait
2735 2729 2944 2781 animas
2975 2743 3159 2782 eorum
3187 2731 3345 2783 morti
3377 2730 3606 2786 traditas

2055 2815 2222 2870 fuisse
2260 2833 2273 2868 :
2319 2814 2503 2868 aderat
2550 2816 2748 2886 quippe
2794 2815 3003 2869 daemon
3051 2821 3459 2882 e'xtcrminator,
3510 2823 3604 2890 qui
3711 2828 3713 2831 ’

2055 2907 2261 2960 animas
2284 2907 2442 2959 etiam
2472 2921 2656 2960 eorum
2706 2915 2823 2976 post
2867 2917 3094 2960 mortem
3141 2909 3431 2976 abriperet.
3469 2910 3604 2966 Cum

2053 2999 2119 3052 de
2145 2998 2406 3067 jumentis
2440 3013 2599 3066 porro
2634 3000 2832 3067 agitur,
2881 3014 2988 3052 non
3037 3002 3176 3051 ultra
3222 3001 3427 3055 animas
3454 3017 3604 3055 com-

2054 3098 2346 3155 memorat;
2406 3092 2498 3144 sed
2551 3091 2725 3144 solum
2774 3083 3113 3147 communem
3167 3100 3220 3145 et
3270 3095 3600 3161 corporalem

2053 3186 2283 3233 mortem
2315 3199 2328 3234 :
2361 3180 2609 3248 jumenta
2664 3183 2929 3252 siquidem
2978 3199 3084 3236 non
3131 3185 3340 3240 animas
3387 3186 3602 3250 habent,

2052 3285 2170 3338 qua:
2207 3279 2332 3339 post
2379 3273 2624 3340 corporis
2677 3264 2998 3327 solutionem
3061 3284 3332 3340 maneant,
3387 3277 3608 3346 perinde

2054 3372 2210 3431 atque
2253 3351 2530 3416 hominum
2579 3364 2791 3417 animae.
2842 3364 2990 3418 Hanc
3042 3383 3172 3420 vero
3223 3370 3393 3435 ipsam
3439 3370 3608 3424 histo-

2053 3437 2186 3506 riam
2232 3451 2447 3508 diverso
2491 3454 2653 3507 modo
2693 3453 2903 3525 Moyses
2954 3464 3008 3509 et
3045 3457 3131 3509 hic
3175 3461 3416 3526 psalmus
3447 3476 3609 3516 enar-

2051 3550 2194 3598 rant.
2218 3541 2350 3597 Nam
2377 3543 2468 3599 ille
2489 3545 2703 3614 quidem
2737 3547 2873 3599 dixit
2901 3545 3377 3603 exterminatorcm
3403 3553 3607 3620 primo-

2051 3637 2355 3705 genitorum
2394 3636 2555 3690 morti
2601 3636 2983 3702 ministrasse;
3024 3637 3112 3692 hic
3149 3654 3277 3693 vero
3306 3655 3484 3694 sermo
3511 3653 3606 3710 per

2052 3728 2273 3797 angelos
2302 3727 2473 3782 malos
2510 3728 2623 3782 haec
2655 3728 2798 3782 facta
2835 3729 3006 3785 fuisse
3043 3739 3245 3784 narrat.
3296 3730 3466 3801 Atque
3495 3732 3604 3786 illic

2050 3820 2264 3887 quidem
2316 3819 2528 3891 Moyses
2598 3821 2862 3891 sanguine
2945 3823 3375 3891 superliminaria
3441 3831 3602 3877 uncta

2051 3905 2221 3962 fuisse
2239 3917 2444 3974 narrat,
2469 3908 2634 3963 ethoc
2661 3913 2871 3978 signum
2892 3911 3057 3965 fuisse
3080 3912 3146 3964 ad
3182 3913 3396 3965 tutelam
3419 3927 3600 3965 eorum

2048 3994 2143 4061 qui
2171 3995 2240 4048 ab
2284 3998 2721 4069 exterminatore‘
2760 3997 3094 4067 elfugerunt;
3147 4001 3231 4054 hic
3287 4015 3413 4066 vero
3461 4000 3602 4056 Deus

2047 4083 2186 4134 viam
2218 4081 2412 4137 fecisse
2444 4083 2643 4137 dicitur
2671 4093 2723 4137 et
2755 4086 3023 4148 semitam,
3062 4096 3116 4140 ut
3146 4088 3437 4157 etlugerent
3466 4090 3599 4142 iram

2049 4187 2222 4225 suam.
2260 4171 2385 4227 Haec
2415 4189 2598 4242 porro,
2628 4175 2822 4244 inquit,
2848 4177 2901 4228 in
2935 4177 3298 4232 tabernaculis
3325 4177 3490 4232 Cham
3522 4179 3601 4233 ef-

2034 4265 2188 4319 fecta
2213 4274 2360 4330 sunt,
2384 4267 2519 4320 sive
2545 4268 2841 4320 secundum
2881 4266 3284 4339 Symmachum,
3317 4275 3369 4324 in
3397 4271 3600 4324 habita-

2050 4358 2276 4411 tionibus
2312 4357 2514 4418 Cham;
2545 4360 2657 4413 sive
2705 4361 3002 4415 secundum
3048 4361 3316 4431 Aquilam,
3368 4363 3420 4416 in
3456 4366 3599 4417 tectis

2049 4449 2231 4503 Cham.
2273 4449 2437 4517 Queis
2484 4452 2773 4506 edocemur
2819 4451 3107 4522 [Egyptum
3152 4453 3318 4508 fuisse
3350 4456 3600 4510 taberna-

2047 4540 2168 4592 cula
2204 4539 2392 4594 Cham.
2425 4541 2561 4595 Cum
2594 4544 2734 4597 enim
2765 4542 3031 4597 Noze'tres
3063 4543 3152 4594 ﬁlii
3189 4544 3408 4605 fuerint,
3448 4543 3594 4609 Sem,

2048 4631 2236 4694 Cham.
2261 4633 2483 4701 Japhet;
2512 4635 2678 4688 Cham
2715 4635 2814 4688 fuit
2845 4642 2992 4703 pater
3021 4633 3310 4697 Chanaan;
3340 4635 3594 4688 Chanaan

2047 4813 2278 4885 Egyptil
2310 4829 2534 4880 omnes;
2579 4802 2649 4869 ita
2679 4823 2737 4868 ut
2765 4817 2886 4883 jure
2923 4814 3292 4885 Egyptiorum
3334 4817 3480 4886 regio
3507 4824 3592 4867 ta-

2045 4905 2330 4961 bernacula
2386 4907 2469 4959 avi
2519 4906 2765 4960 Mesraim
2819 4923 2940 4961 esse
2990 4907 3221 4961 dicatur.
3285 4905 3382 4961 Hic
3428 4923 3588 4976 porro

2043 4997 2210 5052 Cham
2239 5003 2374 5061 erat,
2410 4998 2499 5066 qui
2531 4999 2734 5068 primus
2769 4997 3055 5070 Egyptum
3086 4999 3329 5053 incoluit.

329 5102 334 5106 ”
401 5094 614 5166 ρῆσθαι.
645 5091 810 5159 Οὗτος
851 5096 907 5149 δὲ
955 5092 1021 5168 ἦν
1050 5099 1079 5150 6
1109 5095 1238 5165 Χὰμ
1283 5093 1378 5166 τὴν
1432 5095 1698 5164 Αἴγυπτον
1745 5093 1956 5164 πρῶτος
1982 5092 2220 5161 οἰκήσας.
2261 5080 2280 5092 “

463 5191 572 5246 Kal
605 5191 839 5260 ἀπῆρεν
861 5194 933 5258 ὡς
988 5194 1245 5262 πρόϐατα
1281 5192 1387 5245 τὸν
1421 5192 1574 5246 λαόν
1609 5191 1813 5254 αὐτοῦ,
1854 5190 1945 5244 καὶ

395 5285 463 5340 τὰ
508 5283 650 5354 ἑξῆς.
701 5283 856 5336 Μετὰ
895 5286 994 5355 τὴν
1027 5285 1169 5339 κατὰ
1216 5303 1322 5339 των
1371 5285 1679 5353 Αἰγυπτίων
1719 5279 1945 5354 δεκάτην

399 5375 627 5447 πληγὴν,
653 5373 803 5436 ὅπως
827 5375 922 5444 τὴν
959 5377 1054 5429 ἀπ’
1079 5377 1350 5446 Αίγύπτου
1379 5376 1598 5446 πορείαν
1630 5375 1946 5445 πεποίηνται

396 5464 629 5519 διδάσκει
671 5464 927 5533 φάσκων·
979 5467 1089 5520 Kal
1141 5469 1370 5537 ἀπῆρεν
1412 5468 1492 5531 ὡς
1535 5467 1794 5534 πρόϐατα
1840 5466 1945 5518 τὸν

397 5555 545 5610 λαὸν
591 5554 774 5610 αὐτοῦ
800 5595 814 5619 ,
875 5555 972 5608 καὶ
1028 5557 1324 5628 ἀνήγαγεν
1375 5555 1590 5621 αὐτοὺς
1646 5555 1743 5608 καὶ
1799 5555 1939 5609 ὡσεὶ

396 5649 670 5718 ποίμνιον
707 5649 783 5702 ’ἐν
825 5647 1034 5716 ἐρήμῳ.
1085 5650 1195 5701 Kal
1246 5649 1557 5719 ὡδήγησεν
1601 5649 1818 5714 αὐτοὺς
1872 5648 1942 5701 ἐν

396 5739 609 5808 ἐλπίδι,
654 5739 750 5794 καὶ
804 5741 910 5792 οὐκ
955 5738 1314 5794 ὲδειλίασαν.
1369 5740 1523 5794 Κατὰ
1553 5741 1609 5793 δὲ
1659 5739 1748 5792 τὸν
1782 5739 1938 5792 ’Δκύ-

395 5839 514 5881 Ααν·
564 5831 672 5884 Kal
713 5828 1133 5899 καθωδήτ-ησεν
1172 5833 1389 5898 αὐτοὺς
1434 5837 1521 5899 εις
1565 5835 1936 5900 πεποίθησιν,

396 5923 490 5977 καὶ
517 5925 625 5978 οὐκ
650 5923 1054 5991 ὲπτοήθησαν·
1089 5925 1226 5978 κατὰ
1254 5924 1306 5978 δὲ
1331 5925 1420 5979 τὸν
1447 5927 1754 6003 Σύμμαχον,
1772 5925 1935 5993 ’.Ωδὴ-

2116 5185 2282 5242 ‘Vsns.
2318 5185 2410 5251 52,
2446 5186 2533 5242 53.
2582 5186 2650 5240 Et
2711 5189 2927 5243 abstulit
2988 5189 3123 5240 sicut
3187 5203 3298 5239 oves
3344 5185 3583 5250 populum

2045 5298 2215 5344 suum,
2259 5288 2363 5336 etc.
2425 5279 2558 5335 Post
2616 5282 2877 5334 decimam
2917 5279 3292 5350 Egyptiorum
3351 5278 3580 5346 plagam,

2043 5373 2310 5445 quomodo
2354 5372 2532 5429 exitus
2572 5390 2637 5426 ex
2672 5371 2905 5443 Egypto
2950 5371 3230 5440 contigerit
3280 5369 3363 5422 his
3406 5367 3584 5420 verbis

2043 5468 2198 5522 docet
2250 5483 2260 5516 :
2312 5462 2378 5516 Et
2430 5463 2646 5519 abstulit
2693 5465 2827 5517 sicut
2867 5480 2980 5517 oves
3029 5461 3268 5530 populant
3319 5476 3490 5522 suum,
3535 5471 3581 5513 et

2045 5559 2282 5627 perduxit
2309 5573 2395 5609 eos
2431 5568 2678 5626 tanquam
2705 5572 2905 5625 gregem
2940 5556 2992 5607 in
3019 5554 3219 5606 deserto
3247 5570 3264 5605 :
3293 5563 3340 5606 et
3371 5552 3581 5605 deduxit

2045 5669 2129 5705 eos
2173 5651 2226 5703 in
2268 5663 2364 5714 .spe
2391 5658 2438 5701 et
2473 5665 2574 5702 non
2625 5649 2936 5712 timuerunt;
2989 5646 3280 5699 secundum
3336 5645 3581 5709 Aquilam

2044 5758 2170 5798 vero
2203 5761 2214 5796 :
2242 5738 2546 5794 Etdeduxit
2573 5755 2658 5792 eos
2686 5739 2737 5790 in
2770 5732 2984 5804 Mucia,
3015 5745 3062 5787 et
3101 5752 3198 5786 non
3235 5735 3398 5786 territi
3427 5743 3580 5794 sunt;

2046 5836 2337 5890 secundum
2393 5831 2793 5901 Symmachum,
2849 5826 3073 5880 Deduait
3121 5843 3205 5879 eos
3251 5826 3358 5878 sine
3399 5826 3583 5877 timore

2045 5937 2090 5980 et
2122 5935 2354 5986 terrore;
2390 5933 2437 5976 et
2472 5922 2709 5975 inimicos
2740 5934 2912 5972 eorum
2945 5916 3142 5984 operuit
3176 5931 3335 5968 mare.
3374 5912 3436 5967 Et
3471 5913 3583 5966 lateo
