4406 6436
839 497 937 554 951

1506 504 1769 560 EUSEBII
1806 505 2276 563 CJESARIENSIS
2315 505 2464 561 OPP.
2505 505 2683 561 PARS
2723 506 2813 562 lll.
2853 539 2919 549 -
2962 504 3372 561 EXECETICA.

3941 496 4047 554 93?.

839 611 1058 682 quidem
1115 621 1239 667 ante
1293 628 1476 668 eorum
1537 616 1590 669 in
1645 616 1860 671 deserto
1919 618 2394 685 commorationem
2425 626 2579 688 Αγη.

2305 634 2394 672 rem
2425 626 2469 681 Α
2497 631 2687 688 γησεν
2725 617 2944 683 αὐτοὺς
2965 617 3224 685 ἀφόϐους
3253 616 3348 668 καὶ
3382 611 3742 679 ἀπτοήτουςο
3774 611 3872 663 καὶ
3904 612 4045 678 τοὺς

839 711 990 772 gesta
1017 712 1170 768 sunt;
1206 719 1378 774 neque
1409 707 1551 760 enim
1583 723 1761 762 sermo
1789 709 1930 762 serie
1973 724 2150 762 rerum
2187 710 2386 776 utitur;

837 792 935 847 sed
986 803 1169 862 utpote
1223 795 1278 848 in
1336 796 1535 866 hymno
1582 807 1635 852 et
1679 801 1891 852 cantico
1927 808 2253 869 praepostere
2303 817 2388 857 res

838 892 1075 938 enarrat.
1120 884 1295 951 Quare
1325 902 1447 940 cum
1477 902 1541 940 ea
1564 905 1683 957 quae
1727 889 1860 958 ipsis
1890 891 1942 942 in
1977 890 2190 946 deserto
2219 892 2392 946 couti-

838 985 1046 1044 gerant,
1094 985 1146 1029 et
1200 986 1418 1046 peccata
1466 995 1587 1048 qua:
1629 981 1679 1032 in
1719 983 2011 1037 solitudine
2039 983 2386 1046 admiserant,

836 1069 1155 1137 quotiesque
1184 1068 1362 1138 ipsum
1398 1072 1851 1148 exacerbaverant
1879 1082 2185 1131 enarrasset
2209 1094 2222 1141 ;
2252 1087 2393 1145 post-

835 1171 896 1214 ea
927 1157 1166 1224 priorum
1197 1159 1524 1213 mentionem
1559 1161 1707 1224 facit,
1742 1173 1798 1216 ut
1827 1180 2129 1220 sermonem
2162 1182 2267 1221 non
2299 1169 2386 1221 tri-

836 1248 1028 1312 stibus,
1052 1250 1144 1303 sed
1177 1249 1270 1304 Dei
1296 1250 1570 1306 beneﬁciis
1593 1254 2032 1310 circumscribat.
2056 1258 2391 1327 Quapropter

835 1337 934 1390 sub
961 1337 1076 1391 brec
1114 1339 1276 1406 rebus
1322 1353 1352 1391 a
1401 1338 1507 1393 Deo
1552 1342 1603 1393 in
1646 1342 1876 1412 [Egypto
1909 1345 2099 1413 gestis,
2139 1355 2191 1400 et
2223 1348 2388 1402 maris

836 1426 1000 1482 Rubri
1015 1431 1267 1490 transitui
1291 1430 1438 1484 addit
1459 1432 1588 1485 illud
1616 1433 1870 1490 :—Veus.
1897 1436 2160 1501 54,55.Et
2185 1439 2390 1491 induxit

834 1535 916 1572 eos
969 1521 1022 1573 in
1066 1530 1292 1574 montem
1334 1525 1767 1592 sanctiﬁcationis
1813 1542 1941 1590 sure,
1981 1538 2204 1582 montem
2254 1530 2387 1582 hunc

835 1627 982 1678 quem
1007 1613 1283 1681 acquisivit
1319 1609 1536 1668 deitatem
1561 1617 1694 1683 ejus.
1731 1617 1828 1671 Hic
1856 1634 1917 1672 ea
1945 1635 2066 1689 qum
2093 1620 2145 1673 iu
2175 1620 2388 1677 deserto

835 1703 1401 1772 eontigerantsilentio
1429 1707 1618 1771 mittit,
1651 1710 1774 1778 quia
1803 1726 1989 1766 eorum
2018 1689 2385 1768 recensionem

834 1795 1183 1860 praemiserat.
1235 1795 1386 1851 Mons
1437 1805 1613 1852 autem
1652 1802 1897 1868 quinam,
1950 1802 2056 1854 nisi
2105 1800 2308 1864 Sionis,
2333 1804 2387 1856 in

833 1899 940 1954 quo
986 1884 1282 1940 Jerusalem
1337 1888 1440 1941 sub
1485 1888 1599 1943 haec
1647 1898 1771 1959 post
1817 1891 2018 1960 Asaphi
2068 1899 2121 1945 et
2169 1890 2386 1946 Davidis

2491 710 2738 778 ἐχθροὺς
2771 708 2966 762 αὐτῶν
2999 706 3305 774 ἐκάλυψεν
3332 706 3369 771 ἡ
3404 704 3702 757 θάλασσα.
3742 703 3850 756 Καὶ
3877 702 4043 756 ταῦτα

2499 801 2596 870 μὲν
2640 799 2876 871 πρότερα
2916 795 2982 869 ἦν
3006 798 3105 868 τῆς
3155 798 3294 852 κατά
3336 797 3434 868 τὴν
3468 795 3670 866 ἔρημον
3728 794 4042 866 διατριὸἦςο

2495 893 2553 943 ού
2587 892 2688 962 μὴν
2729 892 2821 944 καὶ
2869 892 2895 943 ό
2929 890 3081 958 λόγος
3111 892 3176 961 τῇ
3210 889 3357 953 τάξει
3388 888 3650 958 κέχρηται
3683 886 3787 939 τῶν
3833 902 4044 956 πεπρα-

2495 983 2706 1051 γμένων
2727 999 2738 1011 ·
2784 983 2858 1046 ὡς
2885 985 2940 1036 ἐν
2960 983 3120 1053 ’ὕμνῳ
3154 982 3211 1033 δὲ
3238 982 3331 1034 καὶ
3362 980 3472 1050 ᾠδῇ
3501 978 3568 1032 τὰ
3597 978 3823 1048 δεύτερα
3854 978 4046 1048 πρῶτα

2494 1074 2672 1145 τίθησι
2709 1077 2800 1127 καὶ
2831 1075 2898 1127 τά
2927 1075 3113 1144 πρῶτα
3141 1074 3383 1144 δεύτερα.
3412 1072 3501 1125 Διὸ
3528 1071 3597 1124 τά
3625 1071 3764 1124 κατά
3790 1068 3885 1140 τὴν
3916 1067 4044 1140 ἐρη-

2499 1185 2594 1236 μον
2639 1168 2932 1236 συμϐάντα,
2967 1167 3059 1219 καὶ
3090 1169 3187 1219 ὅσα
3219 1167 3458 1236 ἥμαρτον
3499 1165 3556 1217 ἐν
3587 1166 3650 1234 τῇ
3701 1163 3909 1233 ἐρήμῳ,
3953 1161 4048 1213 καὶ

2485 1259 2680 1321 ,ὁσάκις
2714 1261 3130 1328 παρεπίκραινον
3167 1256 3684 1329 προδιηγησάμενος,
3713 1254 3848 1324 μετά
3877 1251 4047 1306 ταῦτα

2495 1351 2590 1421 τὴν
2631 1351 2736 1405 τῶν
2771 1352 2998 1422 πρώτων
3036 1351 3248 1419 μνήμην
3278 1351 3528 1411 ποιεῖται,
3567 1347 3642 1408 ὡς
3673 1347 3736 1398 ἂν
3769 1345 3858 1396 τὸν
3891 1342 4047 1411 λόγον

2497 1441 2846 1512 περιγράψειε
2881 1442 2952 1512 μὴ
2979 1441 3058 1503 εἰς
3085 1439 3318 1510 λυπηρὰ,
3347 1440 3460 1493 ἀλλ’
3491 1439 3583 1492 ἐπὶ
3625 1440 3736 1499 ταῖς
3774 1434 3869 1488 τοῦ
3911 1432 4047 1486 Θεοῦ

2495 1531 2848 1600 εὐεργεσίαις.
2881 1531 3077 1602 Διόπερ
3107 1530 3231 1599 ἑξῆς
3264 1531 3611 1583 ὲπισυνάπτει
3639 1531 3750 1590 τοῖς
3781 1525 3921 1579 κατά
3949 1525 4048 1594 τὴν

2493 1619 2761 1686 Αἴγυπτον
2790 1620 2892 1671 ὑπὸ
2918 1619 3010 1671 τοῦ
3055 1619 3186 1671 Θεοῦ
3215 1619 3634 1689 πεπραγμένοις,
3676 1616 3771 1669 καὶ
3799 1618 3865 1685 τῇ
3893 1613 4048 1683 διόδῳ

2497 1711 2595 1779 τῆς
2613 1711 2876 1781 Ἐρυθρᾶς
2909 1710 3200 1780 Θαλάσσης,
3225 1709 3305 1771 τὸ,
3323 1710 3427 1763 Καὶ
3469 1707 3788 1776 εισήγαγεν
3831 1702 4047 1767 αὐτοὺς

2493 1808 2577 1871 είς
2617 1805 2750 1872 ὄρος
2787 1803 3145 1872 ἁγιάσματος
3199 1802 3401 1864 αὐτοῦ,
3432 1799 3568 1869 ὅρος
3608 1799 3783 1854 τοῦτο
3816 1796 3847 1849 ὃ
3879 1794 4049 1860 ἐκτή-

2492 1914 2639 1951 σατο
2667 1898 2702 1963 ἡ
2738 1895 2902 1960 δεξιὰ
2939 1894 3152 1947 αὐτοῦ’
3182 1894 3250 1946 τά
3294 1892 3433 1946 κατά
3458 1892 3555 1962 τὴν
3579 1891 3781 1961 ἔρημον
3818 1887 4048 1940 ἐνταῦθα

832 1985 1070 2046 tempora
1115 1984 1322 2030 structa
1369 1978 1488 2032 est?
1549 1976 1754 2034 Deinde
1820 1982 2186 2035 narrationem
2230 1998 2384 2036 resu-
2422 1967 2460 2018 Β
2492 1989 2572 2040 ἀπι

2307 1999 2384 2036 ιιι·
2422 1967 2460 2018 Β
2492 1989 2898 2057 ἀποσιωπήσας,
2927 1989 3012 2039 διὰ
3034 1987 3094 2039 τὸ
3121 1985 3500 2056 προειληφέναι
3527 1981 3709 2036 αὐτῶν
3738 1982 3833 2053 τὴν
3859 1978 4047 2051 διήγη-

834 2068 931 2120 mit
959 2068 1031 2120 ita
1093 2068 1320 2148 loquens
1356 2088 1369 2122 :
1425 2067 1492 2121 Et
1542 2069 1691 2138 ejecit
1732 2087 1766 2123 a
1801 2070 1934 2139 facie
1964 2074 2141 2124 eorum
2197 2083 2387 2141 gentes,

831 2169 883 2213 et
953 2171 1093 2214 sorte
1145 2162 1322 2214 divisit
1370 2162 1444 2214 eis
1513 2171 1703 2215 terram
1743 2165 1794 2215 in
1851 2163 2085 2232 funiculo
2142 2163 2392 2218 distribu-

828 2252 1005 2305 tionis.
1061 2250 1129 2304 Et
1177 2251 1416 2306 habitare
1445 2253 1565 2320 fecit
1621 2255 1674 2306 in
1709 2255 2062 2309 tabernaculis
2089 2273 2268 2309 eorum
2295 2258 2389 2309 tri-

829 2342 923 2397 bus
946 2340 1156 2398 ’Israel.
1186 2344 1476 2416 Postquam
1512 2347 1815 2416 ingressum
1843 2348 1897 2400 in
1931 2357 2128 2402 terram
2159 2349 2388 2418 promis-

830 2434 1003 2493 sionis
1045 2439 1396 2509 memoravit,
1432 2445 1485 2492 et
1513 2438 1784 2507 quomodo
1821 2440 2204 2508 occupaverint
2237 2455 2389 2492 mon-

828 2533 939 2580 tem
984 2524 1137 2585 Sion.
1180 2544 1339 2596 quem
1373 2529 1550 2597 longis
1595 2537 1782 2597 postea
1823 2530 2156 2598 temporibus
2197 2529 2384 2592 David,

828 2618 1000 2687 pulsis
1031 2618 1211 2688 gladio
1238 2619 1501 2674 lebusaeis
1531 2621 1801 2687 obtinuit;
1836 2621 2116 2677 historiam
2141 2622 2385 2688 resumit,

829 2697 1151 2780 compendio
1178 2727 1432 2776 narrans,
1465 2712 1738 2782 quomodo
1767 2721 1891 2781 post
1915 2722 2142 2778 mortem
2165 2714 2384 2785 Moysis,

827 2805 964 2859 duce
987 2801 1116 2860 Jesu
1150 2803 1259 2858 filio
1282 2802 1448 2868 Nave,
1479 2805 1798 2859 transierint
1837 2805 1892 2858 in
1921 2814 2120 2860 terram
2157 2809 2387 2876 promis-

825 2896 1020 2961 sionis,
1049 2903 1104 2950 et
1133 2896 1467 2965 alienigenas
1492 2895 1632 2950 bello
1654 2895 1722 2949 ab
1752 2911 1810 2950 se
1843 2895 2084 2951 devictos
2120 2912 2150 2949 a
2174 2897 2389 2963 regione

829 2988 1126 3058 exegerint,
1155 2995 1208 3041 et
1241 2986 1485 3040 funiculo
1511 2987 1811 3040 dimensam
1844 2995 2041 3041 terram
2073 2994 2219 3041 sorte
2247 2987 2387 3040 divi-

825 3079 1012 3134 serint.
1043 3077 1414 3145 Deindeipsos
1443 3078 1637 3131 iterum
1655 3081 1900 3147 coarguit
1954 3075 2139 3147 (Vens.
2175 3077 2383 3148 56-58),

827 3172 1019 3225 dicens
1072 3185 1167 3223 eos
1203 3170 1479 3238 prioribus
1515 3169 1569 3222 in
1603 3168 1820 3223 deserto
1853 3169 2106 3225 admissis
2151 3172 2387 3240 peccatis

825 3275 963 3315 nova
1010 3258 1148 3312 mala
1201 3259 1474 3314 addidisse
1526 3277 1539 3312 :
1595 3274 1659 3313 ac
1688 3269 1973 3329 postquam
2011 3266 2209 3314 terram
2245 3262 2386 3315 οιιιί-

830 3352 1101 3414 nuissent,
1133 3348 1300 3404 Deum
1352 3350 1626 3405 excelsum
1676 3351 1749 3406 ibi
1797 3352 1992 3405 iterum
2046 3340 2285 3407 tentasse
2332 3359 2385 3405 et

824 3440 1198 3504 exacerbasse,
1247 3448 1299 3494 et
1350 3442 1661 3495 testimonia
1717 3442 1836 3510 ejus
1883 3457 1980 3512 per
2011 3441 2247 3512 Moysem
2279 3441 2385 3496 sibi

825 3531 1028 3584 tradita
1062 3544 1170 3583 non
1195 3529 1534 3594 custodisse;
1572 3529 1665 3585 sed
1685 3545 1802 3585 sese
1821 3531 2082 3586 avertisse
2120 3545 2182 3584 ac
2198 3532 2388 3600 despe-

825 3622 971 3680 xisse
998 3623 1452 3694 quemadmodum
1477 3630 1658 3692 patres
1686 3637 1895 3687 eorum,
1929 3632 1981 3675 et
2003 3637 2190 3676 versos
2221 3623 2389 3677 fuisse

824 3715 881 3771 in
911 3731 1099 3771 arcum
1132 3731 1381 3786 pravum.
1423 3713 1556 3768 Nam
1599 3731 1720 3768 cum
1757 3715 2090 3784 oportuisset
2136 3715 2387 3770 inimicos

823 3809 921 3880 Dei
948 3817 1003 3866 et
1035 3809 1378 3864 adversarias
1418 3808 1521 3862 sibi
1564 3815 1860 3876 potestates
1897 3807 2016 3863 telis
2051 3807 2310 3877 impetere
2333 3815 2387 3862 et

823 3902 1150 3968 confodere;
1199 3901 1302 3972 ipsi
1348 3899 1519 3959 idolis,
1549 3900 1714 3954 dediti
1767 3900 1931 3955 Deum
1967 3901 2300 3970 blasphemis
2335 3909 2388 3955 et

824 3995 1053 4051 nefariis
1079 3995 1261 4049 verbis
1294 3989 1631 4063 impetivere.
1672 3993 1852 4059 Quare
1890 3994 2019 4047 facti
2054 4002 2182 4047 sunt
2215 3993 2269 4046 in
2299 4008 2387 4045 ar-

822 4101 950 4143 cum
1005 4103 1230 4159 pravum
1265 4107 1277 4142 :
1307 4086 1452 4158 quod
1502 4086 1603 4141 sub
1655 4087 1867 4142 initium
1918 4086 2250 4142 declaratum
2298 4085 2385 4140 his

824 4180 1009 4243 verbis
1039 4188 1122 4235 est
1159 4199 1173 4234 :
1208 4178 1340 4233 Filii
1386 4176 1638 4247 Ephraim
1681 4178 2000 4232 intendentes
2043 4188 2092 4232 et
2125 4179 2383 4231 mittentes

827 4272 1078 4335 arcubus,
1105 4272 1336 4324 conversi
1365 4281 1487 4324 sunt
1517 4272 1569 4324 in
1596 4269 1679 4324 die
1712 4270 1854 4324 belli.
1887 4269 2170 4336 Quomodo
2202 4278 2382 4322 autem

825 4363 1079 4418 conversi
1115 4361 1316 4417 fuerint
1357 4362 1412 4416 in
1471 4347 1656 4415 arcum
1716 4377 1942 4431 pravum
2003 4361 2241 4416 declarat
2293 4375 2388 4430 po-

826 4464 942 4511 stea
971 4456 1158 4511 dicens
1200 4473 1213 4509 :
1262 4453 1330 4507 Et
1381 4454 1719 4506 irritaverant
1770 4469 1886 4506 eum
1936 4453 1990 4505 in
2041 4451 2281 4518 collibus,
2337 4461 2384 4504 et

824 4552 878 4607 in
901 4550 1228 4622 sculptilibus
1291 4550 1401 4604 suis
1433 4548 1500 4602 ad
1558 4548 1944 4602 aemulationem
1979 4553 2384 4615 provocaverunt

801 4662 962 4708 eum.

2494 2097 2595 2131 σιν.
2628 2081 2788 2149 Ὄρος
2814 2079 2869 2131 δέ
2904 2082 3053 2131 ποῖον
3083 2077 3115 2148 ἦ
3147 2077 3206 2129 τὸ
3231 2077 3384 2138 Σιὼν,
3417 2076 3500 2143 ἐφ’
3520 2068 3564 2141 ᾧ
3597 2073 3944 2145 Ἰερουσαλὴμ
3970 2071 4048 2144 (1)

2491 2173 2710 2243 ὕστερον
2739 2170 2876 2241 μετά
2906 2172 3029 2234 τοὺς
3051 2170 3270 2240 χρόνους
3303 2169 3394 2221 τοῦ
3435 2168 3604 2235 Ἀσάφ
3643 2168 3737 2220 καὶ
3767 2164 3860 2218 τοῦ
3888 2154 4049 2216 Δαυῗδ

2488 2260 2834 2332 (ξ›κοδομήθη;
2887 2256 2983 2313 εἴτ’
3029 2259 3466 2329 ἐπαναλαμϐάνει
3516 2257 3613 2328 τὴν
3665 2255 3913 2327 διήγησιν
3960 2253 4048 2305 διά

2487 2353 2593 2406 τῶν
2621 2353 2743 2424 ἑξῆς
2769 2353 2940 2420 λέγων
2959 2368 2972 2381 ⁸
3012 2350 3120 2404 Καὶ
3147 2350 3430 2414 ἐξέϐαλεν
3451 2349 3568 2401 ἀπὸ
3597 2345 3918 2414 προσώπου
3942 2347 4049 2398 αὖ·

2487 2444 2605 2498 τῶν
2629 2445 2793 2511 ἔθνη,
2824 2444 2920 2496 καὶ
2953 2440 3427 2508 ἐκληροδότησεν
3451 2437 3669 2502 αὐτοὺς
3699 2438 3767 2489 ὲν
3802 2436 4048 2503 σχοινίφ

2489 2534 2904 2602 κληροδοσίας.
2953 2534 3060 2587 Kal
3108 2530 3563 2596 κατεσκήνωσεν
3723 2527 3846 2593 τοῖς
3897 2539 4046 2593 σκη-

2486 2625 2750 2696 ηὒμασιν
2776 2624 2973 2678 αὐτῶν
3016 2624 3120 2689 τὰς
3157 2622 3352 2691 φυλὰς
3383 2618 3488 2673 τοῦ
3532 2611 3794 2686 Ἰσραήλ.
3824 2618 4047 2686 Μνημο-

2487 2717 2678 2779 νεύσας
2724 2717 2821 2786 τῆς
2875 2714 3076 2768 εἰσόδου
3117 2714 3215 2782 τῆς
3259 2713 3336 2774 είς
3370 2709 3466 2781 τὴν
3519 2709 3622 2778 γῆν
3669 2707 3769 2778 τῆς
3809 2709 4044 2775 ἐπαγγε-

2485 2809 2623 2874 λίας,
2652 2810 2746 2862 καὶ
2779 2807 2852 2870 ὡς
2890 2805 3215 2874 ἀπειλήφασι
3239 2803 3299 2856 τὸ
3324 2802 3447 2872 ὅρος
3497 2802 3550 2854 τὸ
3589 2800 3745 2862 Σιὼν,
3773 2800 3910 2869 ὅπερ
3951 2816 4048 2868 μαι

2487 2904 2636 2973 κροῖς
2686 2900 2907 2970 ὕστερον
2952 2897 3162 2969 χρόνοις
3203 2895 3465 2965 ἐκτήσατο
3508 2885 3666 2946 Δαυῒδ
3707 2891 3765 2945 ἐν
3802 2890 4044 2962 ῥομφαίᾳ

2485 2994 2573 3046 τὸν
2619 2992 2934 3045 Ἰεϐουσαῖον
2965 2990 3180 3052 ἐλάσας,
3209 2985 3644 3055 ἐπαναλαμϐάνει
3675 2984 3772 3055 τὴν
3806 2981 4043 3054 ἱστορίαν

2486 3086 2635 3139 ἐπιτε
2645 3068 2923 3156 μνόμενος,
2948 3082 3022 3145 ὡς
3051 3081 3184 3152 μετά
3208 3077 3304 3149 τὴν
3327 3076 3580 3146 τελευτὴν
3602 3075 3861 3139 Μωσέως,
3884 3074 4045 3144 ἡγου-

2489 3172 2650 3245 μένου
2677 3170 2854 3224 αὐτῶν
2889 3167 3061 3238 Ἰησοῦ
3099 3166 3191 3220 τοῦ
3216 3164 3395 3232 Ναυῆ,
3421 3161 3693 3234 παρῆλθον
3720 3163 3799 3224 εἱς
3821 3162 3918 3232 τὴν
3943 3161 4043 3230 γῆν

2487 3263 2586 3332 τῆς
2628 3260 2976 3329 ἐπαγγελίας,
3021 3259 3111 3312 καὶ
3159 3257 3232 3321 ὼς
3272 3255 3520 3320 ἐξέϐαλον
3562 3255 3687 3318 τοὺς
3721 3251 4043 3322 ἀλλοφύλους

2490 3356 2706 3426 πολέμῳ
2731 3353 3094 3450 κρατήσαντες
3134 3351 3232 3421 τῆς
3261 3349 3459 3420 χώρας,
3486 3349 3577 3402 καὶ
3598 3346 3672 3412 ὡς
3705 3348 3889 3419 κλήρῳ
3920 3345 4044 3399 διεί-

2487 3449 2644 3500 λαντο
2676 3436 2868 3516 σχοίνῳ
2900 3444 3260 3515 μετρήσαντες
3282 3442 3379 3513 τὴν
3408 3442 3528 3512 γῆν.
3555 3437 3664 3494 Εἶτ’
3691 3436 3845 3503 αὖθις
3868 3436 4042 3492 αὐτῶν

2489 3539 2805 3609 κατηγορεῖ,
2862 3536 3145 3598 διδάσκων,
3178 3533 3252 3596 ὼς
3309 3534 3446 3605 πρὸς
3486 3535 3596 3596 τοῖς
3642 3529 4043 3604 ἡμαρτημένοις

2488 3627 2628 3681 κατὰ
2666 3626 2761 3697 τὴν
2793 3626 2994 3698 ἔρημον
3024 3624 3338 3696 προσθήκας
3370 3623 3548 3678 κακῶν
3579 3623 3923 3698 ἐποιήσαντο·
3953 3622 4045 3674 καὶ

2491 3720 2626 3790 μετά
2671 3719 2732 3772 τὸ
2772 3717 3071 3790 κτήσασθαι
3120 3716 3216 3787 τὴν
3251 3716 3375 3786 γῆν,
3421 3716 3710 3788 ἐπείρασαν
3758 3714 3917 3776 πάλιν
3963 3716 4046 3768 ἐν·

2485 3811 2656 3865 ταῦοα
2685 3810 2778 3864 καὶ
2816 3809 3222 3880 παρεπίκραναν
3250 3809 3340 3862 τὸν
3386 3809 3516 3862 Θεὸν
3545 3809 3634 3862 τὸν
3666 3808 3908 3879 ὕψιστον,
3951 3807 4046 3861 καὶ

2486 3902 2552 3955 τά
2581 3902 2850 3974 μαρτύρια
2876 3902 3038 3955 αὐτοῦ
3076 3904 3145 3955 τά
3173 3901 3259 3954 διὰ
3283 3902 3524 3965 Μωσέως
3550 3903 3729 3964 αὐτοῖς
3754 3900 4046 3973 παραδεδο-

2490 3993 2624 4065 μένα
2649 3994 2747 4046 οὐκ
2778 3992 3078 4062 ἐφύλαξαν
3115 3991 3228 4044 ἀλλ’
3253 3991 3598 4062 ἀπέστρεψαν
3630 3992 3721 4045 καὶ
3753 3991 4041 4062 ἠθέτησαν,

2485 4087 2666 4150 καθὼς
2689 4089 2737 4140 οἱ
2766 4086 2994 4157 πατέρες
3018 4084 3215 4149 αὐτῶν,
3256 4084 3350 4137 καὶ
3388 4083 3754 4155 μετετέθησαν
3784 4086 3863 4148 είς
3891 4084 4043 4149 τόξον

2487 4179 2759 4252 στρεϐλόν.
2802 4177 2927 4229 Δέον
2952 4176 3060 4248 γὰρ
3097 4177 3222 4239 τοὺς
3247 4175 3470 4247 ἐχθροὺς
3512 4174 3605 4228 τοῦ
3639 4174 3773 4228 Θεοῦ
3816 4175 3908 4238 καὶ
3944 4175 4043 4240 τὰς

2486 4270 2772 4341 πολεμίους
2803 4269 2978 4322 αὐτῶν
3006 4268 3258 4338 δυνάμεις
3283 4267 3380 4332 τὰς
3409 4267 3782 4338 ἀντικειμένας
3809 4266 4043 4331 τοξεύειν

2487 4365 2579 4416 καὶ
2613 4361 2839 4431 βάλλειν,
2865 4361 2912 4412 οἱ
2941 4359 2998 4412 δὲ
3024 4347 3573 4430 εἰδωλολατρήσαντες
3606 4357 3695 4411 τὸν
3734 4357 3863 4410 Θεὸν
3897 4356 4046 4409 έὸαλ-

2485 4453 2573 4507 λον
2605 4434 2937 4523 βλασφήμοις
2982 4451 3073 4503 καί
3104 4448 3377 4520 ἀθεμίτοις
3407 4448 3599 4516 λόγοις.
3634 4448 3724 4500 Διὸ
3760 4447 4044 4515 γεγόνασιν

2487 4548 2565 4610 είς
2589 4545 2738 4609 τόξον
2765 4543 3053 4615 στρεϐλόν.’
3081 4541 3109 4594 ὃ
3139 4540 3202 4610 δὴ
3235 4541 3352 4594 κατ’
3382 4538 3552 4609 ἀρχὰς
3580 4538 3764 4608 ἐδήλου
3785 4538 3845 4591 τὸ
3865 4537 4044 4605 λόγιον

2491 4632 2665 4702 φῆσαν
2688 4649 2700 4662 ·
2740 4633 2856 4685 Υἱοὶ
2896 4630 3136 4699 Ἐςοραῒμ
3178 4629 3542 4695 ἐντείνοντες
3567 4629 3665 4682 καὶ
3705 4627 4044 4719 ﬁmoqu

823 4740 1039 4805 τόξοις,
1075 4737 1463 4806 ἐστράφησαν
1505 4747 1573 4788 εν
1603 4734 1791 4804 ἡμέρᾳ
1823 4734 2107 4803 πολέμου.
2155 4735 2276 4796 Πῶς
2321 4733 2375 4784 δὲ
2414 4728 2756 4800 ἐστράφησαν
2779 4729 2858 4790 είς
2882 4727 3032 4790 τόξον
3062 4725 3314 4794 στρεὸλὸν
3371 4725 3622 4792 διασαφεῖ
3656 4723 3827 4790 λέγων
3885 4723 4039 4794 ἐξῆςο

819 4834 932 4892 Καὶ
975 4831 1350 4900 παρώργισαγ
1376 4831 1560 4885 αὐτὸν
1596 4832 1664 4884 ἐν
1707 4829 1828 4896 τοῖς
1857 4827 2108 4894 βουνοῖς
2135 4826 2212 4898 (2)
2252 4826 2346 4878 καὶ
2385 4824 2455 4875 ἐν
2490 4822 2611 4887 τοῖς
2638 4823 2921 4888 γλυπτοῖς
2957 4817 3152 4872 αὐτῶν
3181 4816 3608 4886 παρεζήλωσαν
3635 4817 3840 4870 αὐτόν.

894 4946 1056 5001 Vens.
1093 4947 1180 5001 59.
1215 4946 1426 5000 Audiuit
1464 4946 1596 5001 Deus
1637 4955 1685 5000 et
1716 4946 1927 5015 sprevit,
1966 4953 2014 4997 et
2053 4941 2120 4996 ad
2160 4941 2380 4994 nihilum
2412 4942 2459 5000 D
2557 4931 2634 4992 Ἧι

2304 4957 2380 4993 um
2412 4942 2459 5000 D
2557 4931 2854 4992 Ἤκουσεν
2878 4937 2910 4988 ὀ
2941 4931 3086 4998 Θεὸς
3109 4932 3206 4986 καὶ
3254 4927 3515 4998 ὑπερίδε,
3544 4929 3644 4982 καὶ
3673 4927 4044 4991 ὲξουδένωσε

824 5037 1017 5108 redegit
1052 5034 1197 5089 valde
1230 5034 1421 5089 Israel.
1455 5035 1746 5104 Postquam
1779 5036 1917 5090 mala
1956 5034 2024 5087 ab
2052 5032 2186 5102 ipsis
2219 5032 2379 5085 etiam

824 5130 882 5186 in
916 5137 1058 5184 terra
1098 5117 1480 5204 promissionis
1512 5136 1815 5196 perpetrata
1844 5126 2142 5191 recensuit,
2169 5123 2378 5192 justum

823 5219 920 5275 Dei
945 5201 1209 5289 judicium
1239 5201 1441 5288 postea
1486 5217 1744 5280 declarat,
1790 5214 2214 5286 cemprobatque
2256 5209 2380 5282 jure

823 5326 920 5365 eos
967 5319 1087 5380 post
1129 5308 1385 5380 praedicta
1434 5309 1612 5363 omnia
1661 5307 1743 5360 ira
1787 5305 1881 5362 Dei
1927 5308 2145 5360 invasos
2188 5304 2377 5358 fuisse.

823 5403 957 5458 Nam
984 5419 1109 5458 cum
1146 5403 1291 5458 versi
1327 5408 1453 5456 sunt
1489 5403 1544 5456 in
1578 5416 1762 5455 arcum
1793 5415 2042 5470 pravum,
2071 5408 2126 5454 et
2155 5415 2277 5454 cum
2304 5400 2379 5450 ir-

823 5500 1113 5552 ritaverant
1144 5513 1262 5550 eum
1290 5497 1344 5548 in
1372 5493 1590 5548 collibus
1611 5495 1743 5558 suis,
1769 5503 1818 5547 et
1839 5493 1892 5545 in
1913 5492 2239 5561 sculptilibus
2264 5491 2374 5545 suis

823 5590 893 5644 ad
927 5586 1313 5643 aemulationem
1339 5597 1744 5664 prouocauerunt
1768 5600 1923 5648 eum;
1957 5594 2084 5640 tunc
2113 5585 2255 5640 Deus
2280 5596 2379 5637 nec

824 5683 974 5751 ipsos
1005 5679 1227 5741 intueri,
1260 5679 1396 5733 tales
1430 5678 1643 5734 scilicet
1670 5692 1793 5731 cum
1826 5685 2029 5744 essent,
2068 5691 2168 5731 nec
2197 5677 2251 5730 in
2284 5689 2377 5729 eos

823 5774 1123 5840 respicere;
1164 5770 1272 5823 imo
1316 5786 1444 5826 vero
1494 5785 1670 5841 neque
1711 5769 1932 5840 impiam
1972 5785 2156 5826 eorum
2186 5784 2374 5823 vocem

909 5922 983 5992 (i)
1013 5920 1073 5975 Ρ.
1115 5924 1175 5976 τὸ
1211 5922 1368 5993 ἱερὸν.
1404 5881 1412 5890 ⁸

2485 5033 2715 5102 σφόδρα
2749 5029 2856 5082 τὸν
2898 5024 3150 5093 Ἰσραήλ.
3199 5020 3512 5085 Καταλέξας
3541 5023 3634 5074 καὶ
3679 5020 3747 5073 τὰ
3780 5023 3836 5074 ἐν
3864 5023 3931 5093 τῇ
3969 5021 4040 5089 γῇ

2478 5099 2576 5200 τῆς
2597 5099 2922 5192 ἐπαγγελίας
2945 5116 3305 5189 πεπραγμένα
3332 5115 3512 5177 αὐτοῖς
3531 5113 3694 5176 κακὰ,
3717 5113 4042 5185 παρίστησιν
4097 5099 4103 5106 ’

2481 5222 2605 5292 ἑξῆς
2631 5219 2728 5288 τὴν
2756 5213 3144 5283 δικαιοκρισίαν
3184 5209 3278 5262 τοῦ
3317 5207 3474 5272 Θεοῦ,
3517 5206 3747 5271 δεικνὺς,
3779 5207 3854 5270 ὡς
3888 5206 4041 5260 εὐλό-

2480 5329 2591 5382 γως
2629 5306 2763 5380 μετά
2809 5304 2982 5358 πάντα
3012 5302 3079 5356 τὰ
3117 5297 3515 5372 προλελεγμένα
3550 5297 3807 5369 μετῆλθεν
3849 5296 4041 5369 αὐτοὺς

2483 5403 2516 5471 ή
2540 5401 2696 5473 ὀργή.
2720 5397 2844 5449 Ὅτε
2867 5395 2974 5468 γὰρ
3004 5393 3348 5463 ἐστράφησαν
3378 5392 3455 5454 είς
3476 5389 3627 5454 τόξον
3659 5388 3930 5459 στρεϐλὸν,
3950 5386 4042 5440 καὶ

2479 5494 2566 5547 ὅτε
2593 5489 2968 5559 παρώργισαν
2985 5486 3174 5541 αὑτὸν
3195 5485 3266 5537 ἐν
3286 5484 3408 5560 τοῖς
3429 5484 3670 5549 βουνοις
3700 5480 3915 5537 avras.
3943 5477 4043 5532 καὶ

2486 5585 2555 5637 ἐν
2583 5582 2702 5646 τοῖς
2741 5577 3026 5649 γλυπτοῖς
3045 5573 3248 5629 αὐτῶν
3282 5572 3707 5642 παρεξήλωσαν
3742 5570 3950 5637 avrea,
3982 5567 4042 5621 τὸ

2483 5671 2782 5744 τηνικαῦτα
2825 5670 2944 5724 οὐδὲ
2989 5666 3278 5737 ἐμϐλέπειν
3304 5665 3496 5729 αὐτοὺς
3540 5669 3569 5724 ὁ
3601 5665 3733 5728 Θεὸς
3759 5660 4061 5737 τοιούτους,

2482 5768 2656 5828 ὄντας,
2683 5764 2793 5815 ἀλλ’
2820 5763 2938 5815 οὐδὲ
2965 5763 3094 5830 όρᾷν
3118 5756 3264 5826 ἠξίου
3291 5777 3302 5790 ·
3336 5757 3449 5812 ἀλλ’
3473 5758 3591 5811 οὐδὲ
3619 5756 3835 5810 ἀκούειν
3861 5751 4040 5812 αὐτῶν

2548 5919 2621 5989 (2)
2663 5921 2762 5985 Γρ.
2804 5917 3020 5989 βωμοῖς.
