4406 6408
366 528 468 589 983

1480 525 1975 583 COMMENTARIA
2012 526 2079 582 1N
2117 502 2451 585 PSALMOS.

3462 524 3564 580 954

363 647 460 719 τῆς
488 646 715 711 ἀσεϐοῦς
747 646 949 717 φωνῆς.
979 647 1069 701 Διὸ
1102 618 1371 715 ἐπιλέγει·
1403 646 1694 700 Ἤκουσεν
1715 649 1747 700 d
1775 646 1917 711 Θεὸς
1946 648 1991 702 Δ
2018 660 2103 701 aut

1823 646 2205 711 sdgAaudii-e
2256 648 2602 719 dignabatur.
2659 645 3019 713 Quamobrem
3086 643 3287 708 subdit,
3347 643 3563 697 Audiuit

365 742 459 794 καί
534 740 796 815 ὑπερίδε,
845 739 985 795 κατὰ
1024 740 1114 793 τὸν
1159 738 1406 800 Ἀκύλαν,
1454 739 1552 792 καὶ
1604 735 1924 805 ἁνυπερθέ-

364 846 540 898 τησε·
582 831 775 903 μηκέτι
820 831 1081 903 ἀναϐολὴν
1114 832 1243 902 μηδὲ
1288 830 1574 901 ὑπέρθεσιν
1612 830 1793 891 αὐτοῖς
1833 829 1920 881 ὲν-

367 923 517 987 δηύς’
558 924 696 978 κατὰ
746 924 802 976 δὲ
853 924 944 976 τὸν
1000 922 1305 993 Σύμμαχον,
1356 924 1463 977 Kal
1516 923 1923 991 ἀπεδοκίμασε

366 1015 598 1083 σφόδρα
629 1014 735 1068 τὸν
778 1011 1023 1081 Ἰσραήλ.
1057 1013 1237 1076 Οῦτως
1262 1014 1317 1066 δὲ
1345 1014 1571 1085 ἥκουσι-εν
1611 1015 1640 1065 ὁ
1670 1012 1820 1077 Θεὸς,
1847 1012 1921 1076 ὡς

366 1107 458 1159 καὶ
486 1106 577 1158 ἐπὶ
600 1106 900 1177 Σοδομιτῶν
928 1104 1111 1176 εἴρητο
1130 1120 1144 1133 ·
1182 1104 1351 1172 Φωνὴ
1381 1104 1657 1173 Σοδόμων
1688 1104 1783 1157 καὶ
1811 1106 1923 1157 Γο-

368 1200 585 1266 μόρρας
611 1195 733 1263 ,Βοᾷ
775 1196 923 1265 πρὸς
954 1196 1051 1265 μέ.
1093 1196 1213 1249 Τῶν
1247 1197 1355 1269 γὰρ
1392 1196 1600 1250 ἀσεϐῶν
1648 1197 1784 1249 αὐτὰ.
1831 1196 1921 1249 κέ-

368 1306 533 1360 κραγε
565 1290 655 1343 καὶ
689 1288 785 1359 βοᾷ
812 1287 880 1341 τὰ
914 1289 1012 1359 τῆς
1036 1287 1284 1351 ἀσεϐείας
1306 1289 1629 1360 πράγματα·
1663 1283 1736 1343 ὧν
1762 1288 1921 1342 ἀκού-

364 1399 461 1446 σας
478 1384 507 1435 ὁ
528 1381 658 1445 Θεὸς
681 1380 959 1435 ἀπώσατο
985 1380 1098 1448 τὴν
1120 1380 1359 1448 σκηνὴν
1383 1380 1613 1449 Σηλὼμ,
1637 1379 1921 1449 σκήνωμα

380 1465 441 1525 οὗ
472 1468 930 1535 κατεσκήνωσεν
959 1469 1027 1521 ἐν
1058 1469 1401 1536 ἀνθρώποις.
1452 1470 1537 1522 Ἑν
1569 1468 1676 1539 γὰρ
1721 1470 1785 1539 τῇ
1822 1469 1921 1538 Ση-

363 1556 485 1629 λὼμ
530 1557 741 1628 πρῶτον
772 1557 899 1629 ἔστη
942 1560 974 1627 ἡ
1018 1557 1206 1629 σκηνὴ,
1257 1551 1381 1610 ἔνθα
1418 1560 1596 1629 ἱερᾶτο
1633 1557 1779 1609 Ἠλεὶ
1830 1558 1920 1609 καὶ

304 1646 309 1649 ’
362 1649 634 1719 Σαμουὴλ,
679 1648 754 1712 ὼς
801 1649 1121 1720 παρίστησιν
1164 1651 1196 1720 ἠ
1238 1649 1425 1720 Γραφὴ
1465 1648 1570 1701 τῶν
1604 1646 1915 1701 Βασιλειῶν.

361 1739 575 1808 Ταύτην
600 1734 689 1792 οὗν
718 1738 972 1793 ἀπώσατο
1012 1738 1231 1811 πρώτην
1256 1739 1352 1809 τὴν
1392 1740 1449 1789 ὲν
1478 1737 1673 1808 Σηλὼμ
1716 1738 1920 1808 σκήνω-
1944 1783 1956 1794 .

364 1849 446 1885 σιν
469 1831 555 1885 διὰ
585 1830 683 1895 τάς
705 1831 956 1895 ἀσεϐείας
982 1831 1177 1885 αὐτῶν,
1208 1831 1297 1884 Διὸ
1326 1830 1463 1883 κατά
1499 1831 1589 1883 τὸν
1628 1830 1918 1901 Σύμμαχον

364 1922 573 1993 εἴρηται
595 1940 608 1953 ο
635 1921 744 1977 Kal
769 1922 1054 1990 ἀπέρριψε
1082 1921 1527 1989 τὴννσκήνωσιν
1549 1920 1662 1989 τὴν
1685 1922 1915 1991 Σηλὼμ,

367 1982 599 2081 καὶΙτὴν
623 1982 944 2079 ’σκήνωσὶν
968 1982 1085 2081 τὴν
1118 1982 1455 2080 ἱδρυθεέσαν
1481 2011 1551 2065 ἐν
1570 1982 1914 2079 ἀνθρώποίς.
1948 1982 1993 2042 Β

363 2104 549 2168 Ὅπως
588 2104 799 2168 δὲητοίς
840 2102 1145 2176 ἀνθρώποις
1174 2103 1442 2175 παρεδόθη
1487 2105 1520 2173 ἠ
1566 2102 1796 2167 κιϐωτὸς
1834 2102 1920 2156 διὰ

354 2194 429 2252 ,τὰ
459 2195 776 2265 ἀσεϐήματα
798 2194 890 2248 τοῦ
931 2194 1079 2258 λαοῦ,
1106 2196 1197 2248 καὶ
1221 2194 1296 2257 ὡς
1329 2193 1635 2266 ἐκράτησαν
1662 2194 1830 2264 αὐτῆς
1870 2197 1919 2247 ol

361 2287 627 2359 πολέμιοι,
657 2287 940 2359 ἀπήγαγόν
971 2304 1028 2341 τε
1070 2288 1197 2357 παρ’
1241 2287 1468 2349 ἑαυτοῖς,
1495 2286 1589 2339 καὶ
1632 2285 1707 2349 ὡς
1729 2286 1778 2338 ol
1817 2286 1922 2338 υἱοὶ

374 2378 584 2452 Ἰσραὴλ
617 2364 1020 2452 ὲτροπώθησαν,
1055 2380 1149 2434 καὶ
1188 2378 1263 2442 ὡς
1297 2380 1344 2431 οἱ
1383 2378 1487 2431 ulol
1520 2377 1663 2432 Ἠλεὶ
1709 2376 1922 2433 πεπτώ-

360 2488 540 2537 κασιν,
564 2474 611 2526 ol
641 2475 802 2544 ἱερεῖς
825 2473 1055 2536 ὄντεςφό
1076 2488 1135 2525 τε
1156 2470 1357 2524 τούτων
1386 2469 1566 2541 πατὴρ
1588 2468 1661 2532 ὡς
1681 2467 1921 2536 ἀπώλετο

362 2565 455 2617 ἐπὶ
477 2566 543 2635 τῇ
575 2564 683 2618 τῶν
707 2565 908 2619 παίδων
940 2548 1185 2635 ἀγγελίᾳ,
1216 2565 1248 2633 ἡ
1281 2560 1468 2633 πρώτη
1500 2560 1789 2631 παρίστησι
1815 2558 1919 2612 τῶν

361 2650 672 2708 Βασιλειῶν.
704 2654 792 2707 Διὸ
817 2654 1026 2724 εἴρηται
1059 2652 1317 2707 ἐνταῦθα⁸
1350 2653 1460 2705 Kal
1498 2652 1775 2706 ἀπώσατο
1806 2648 1920 2717 τὴν

360 2746 601 2816 σκηνὴν
649 2745 841 2813 Σηλῶ,
886 2745 1175 2814 σκήνωμα
1224 2740 1297 2800 οὗ
1350 2742 1808 2812 κατεσκήνωσεν
1852 2743 1919 2795 ἐν

360 2835 710 2904 ἀνθρώποις.
752 2835 860 2889 Kal
886 2834 1229 2903 παρέδωκεν
1253 2836 1339 2900 εὶς
1370 2834 1779 2902 αἰχμαλωσίαν
1808 2832 1921 2901 τὴν

363 2928 546 2998 ἰσχὺν
584 2926 798 2982 αὐτῶν.
830 2920 986 2980 Ἀντὶ
1021 2926 1077 2979 δὲ
1102 2924 1217 2988 τοῦ,
1252 2924 1365 2993 τὴν
1402 2924 1577 2996 ἰσχὺν
1609 2923 1823 2991 αὐτῶν,
1853 2926 1920 2979 τὸ

361 3018 579 3088 κράτος
620 3018 818 3073 αὐτῶν
874 3020 1211 3091 ἡρμήνευσεν
1251 3019 1282 3071 ὁ
1318 3016 1563 3083 Ἀκύλας.
1605 3018 1818 3091 Κράτος
1863 3020 1920 3072 δὲ

358 3111 540 3166 αὐτῶν
570 3113 664 3165 καὶ
693 3112 842 3182 ἰσχὺν
884 3112 977 3164 καὶ
1008 3110 1284 3182 καλλονὴν,
1312 3114 1392 3176 είς
1420 3111 1789 3182 αἰχμαλωσίαν
1829 3113 1921 3166 καὶ

360 3206 443 3269 είς
480 3206 667 3276 χεῖρας
713 3202 980 3267 θλίϐοντος
1024 3203 1394 3276 παραδοθέντα
1427 3204 1547 3258 τίνα
1582 3203 1647 3258 ἂν
1688 3204 1859 3267 εἴποις
1884 3204 1949 3275 ἧς

360 3295 459 3367 τὴν
488 3295 737 3359 κιϐωτὸν,
773 3296 839 3366 ἢν
878 3296 908 3349 ὁ
944 3294 1132 3368 παρὼν
1163 3295 1453 3349 αἰνίττεται
1483 3296 1638 3365 λόγος
1666 3297 1915 3366 φάσκων
1946 3333 1989 3390 C

360 3384 469 3439 Kal
516 3384 856 3454 παρέδωκεν
892 3386 979 3450 εις
1012 3385 1424 3454 αἰχμαλωσίαν
1466 3383 1577 3453 τὴν
1604 3384 1787 3453 ἰσχὺν
1816 3385 1921 3437 αὑ-

359 3474 498 3537 τῶν,
525 3476 621 3527 καὶ
649 3474 764 3543 τὴν
786 3474 1092 3543 καλλονὴν
1117 3474 1313 3529 αὐτῶν
1335 3478 1422 3541 εις
1448 3474 1645 3545 χεῖρας
1670 3470 1889 3545 ἐχθροῦ
1902 3491 1921 3539 ;

373 3566 532 3620 Ἀλλὰ
560 3566 731 3620 ταῦτα
776 3568 874 3637 μὲν
916 3566 1229 3637 παρέδωκεν
1261 3570 1339 3632 εἰς
1366 3572 1551 3638 χεῖρας
1584 3567 1797 3639 ἐχθροῦ,
1831 3568 1921 3621 τὸν

359 3660 417 3714 δὲ
446 3659 570 3712 λαὸν
618 3658 927 3730 συνέτριψεν
964 3658 1021 3710 ὲν
1064 3657 1325 3729 ῥομφαίᾳ.
1373 3658 1464 3711 Διὸ
1495 3658 1738 3712 λέλεκται
1784 3660 1923 3715 κατά

359 3752 450 3804 τὸν
499 3750 818 3821 Σύμμαχον·
869 3748 979 3803 Καὶ
1015 3747 1301 3812 ἐξέδωκεν
1344 3750 1431 3815 εις
1477 3749 1779 3818 μάχαιραν
1817 3751 1922 3805 τὸν

356 3842 513 3898 λαὸν
536 3842 741 3905 αὐτοῦ,
769 3841 864 3894 καὶ
897 3839 1010 3907 τὴν
1063 3840 1462 3910 κληρονομίαν
1497 3842 1681 3895 αὐτοῦ
1719 3844 1921 3911 ὑπερί-

356 3936 498 3990 ὄεν·
531 3935 624 3988 καὶ
664 3934 727 4006 δὴ
765 3932 1105 4006 ὑπεριδόντος
1145 3932 1339 3997 αὐτοὺς
1385 3930 1479 3986 τοῦ
1512 3932 1666 3997 Θεοῦ,
1696 3933 1763 3986 τὰ
1797 3934 1921 4006 ἑξῆς

360 4026 588 4096 ἐγίνετο.
633 4026 767 4079 Τίνα
810 4025 867 4078 δὲ
906 4026 1113 4091 ταῦτα;
1159 4024 1301 4091 Τοὺς
1336 4025 1694 4093 νεανίσκους
1726 4027 1923 4081 αὐτῶν

358 4119 653 4189 κατέφαγε
678 4118 817 4187 πῦρ,
861 4120 955 4173 καὶ
1001 4121 1060 4173 al
1088 4117 1365 4185 παρθένοι
1396 4116 1591 4172 αὐτῶν
1620 4120 1727 4171 οὐκ
1750 4118 1922 4171 ἐπεν-

358 4211 652 4280 θήθησαν.
693 4210 849 4265 Κατά
868 4211 924 4264 δὲ
963 4211 1054 4264 τὸν
1091 4210 1341 4274 Ἀκύλαν,
1378 4212 1499 4279 Οὐχ
1536 4210 1921 4279 ὑπεμνήσθη-

357 4317 514 4356 dar"
565 4300 705 4355 κατά
744 4301 800 4354 δὲ
841 4300 930 4354 τὸν
980 4300 1291 4371 Σύμμαχον,
1353 4303 1471 4355 Οὐκ
1517 4300 1916 4370 ἐπῃνέθησαν.

359 4391 555 4446 Οὐκέτι
584 4389 690 4460 γὰρ
736 4388 872 4459 μετά
916 4387 1099 4459 ὓμνων
1137 4391 1230 4442 καὶ
1269 4391 1502 4444 ἐπαίνων
1538 4390 1779 4462 συνήθως
1802 4395 1921 4457 ταῖς

359 4481 729 4554 γαμουμέναις
756 4481 1097 4551 παρεδίδοντο
1120 4480 1364 4551 ἀνδράσι,
1393 4483 1531 4537 κατά
1549 4483 1644 4555 τὴν
1671 4483 1779 4538 τῶν
1810 4484 1919 4539 λοι-

360 4575 479 4629 πῶν
498 4572 811 4645 ἑρμηνείαν,
840 4571 925 4625 διὰ
945 4572 1039 4642 τὴν
1063 4571 1468 4627 καταλαϐοῦσαν
1493 4575 1673 4641 αὐτοῖς
1698 4575 1772 4647 (l)
1801 4577 1919 4630 τότε

2022 738 2163 793 Deus
2190 748 2241 793 et
2268 742 2477 809 sprevit,
2532 739 2826 795 secundum
2880 737 3129 808 Aquilam
3172 752 3321 802 vero,
3356 736 3425 790 Et
3464 753 3567 792 non

2021 828 2248 894 distulit,
2274 831 2479 885 nullum
2509 831 2744 901 spatium
2774 844 2946 901 neque
2967 830 3278 884 dilationem
3306 828 3414 887 illis
3437 843 3567 883 con-

2020 920 2254 987 cedens;
2301 921 2597 975 secundum
2633 921 3011 991 Symmachum
3040 936 3190 987 vero,
3223 918 3290 973 Et
3317 920 3567 989 reproba-

2020 1012 2091 1064 vit
2120 1011 2268 1065 valde
2297 1010 2488 1067 Israel.
2522 1012 2611 1067 Sic
2642 1022 2821 1067 autem
2855 1013 3062 1068 audivit
3086 1010 3249 1075 Deus,
3278 1020 3337 1065 ut
3369 1012 3436 1067 de
3465 1011 3568 1066 So-

2019 1100 2240 1156 domitis
2282 1102 2481 1157 dicitur
2527 1122 2539 1157 :
2601 1103 2713 1157 Vox
2771 1101 3118 1157 Sodomorum
3169 1110 3217 1155 et
3266 1100 3566 1155 Gomorrlta:

2019 1190 2215 1244 clamat
2263 1192 2331 1245 ad
2376 1208 2457 1247 me
2479 1192 2544 1248 ⁸⁸.
2602 1192 2889 1263 lmpiorum
2942 1193 3086 1246 enim
3129 1193 3211 1246 vel
3253 1191 3565 1270 ipsa'impia

2018 1291 2166 1353 gesta
2214 1283 2449 1338 clamant
2489 1292 2542 1339 et
2578 1284 2963 1340 vociferantur.
2995 1316 3062 1325 -—
3090 1283 3255 1340 Vsus.
3297 1284 3386 1340 60.
3439 1284 3565 1348 Qum

2019 1373 2245 1429 audietis
2276 1373 2418 1443 Deus
2444 1375 2632 1443 repulit
2660 1374 3053 1429 tabernaculum
3090 1373 3275 1439 Silam,
3326 1373 3566 1427 tabernu-

2017 1466 2191 1519 culum
2237 1465 2325 1520 ubi
2373 1466 2624 1519 habitavit
2670 1467 2724 1519 in
2769 1462 3085 1521 hominibus.
3134 1463 3268 1519 Nam
3312 1465 3363 1519 in
3399 1463 3566 1518 Silom

2018 1559 2249 1625 primum
2282 1557 2433 1611 stetit
2469 1557 2899 1621 tabernaculum,
2944 1558 3000 1610 in
3027 1572 3133 1626 qua
3161 1564 3435 1611 sacrorum
3470 1569 3562 1607 an-

2018 1650 2216 1705 tistites
2244 1656 2400 1702 erant
2427 1647 2541 1701 Heli
2570 1655 2624 1701 et
2656 1646 2894 1707 Samuel,
2930 1655 2987 1701 ut
3018 1648 3258 1702 declarat
3287 1645 3567 1715 Scriptura

2017 1740 2401 1811 Regnorum".
2424 1740 2536 1795 Hoc
2563 1742 2741 1811 itaque
2762 1742 2994 1809 primum
3024 1740 3076 1792 in
3104 1738 3272 1793 Silom
3304 1746 3565 1794 statutum

2020 1834 2427 1888 tabernaculum
2479 1840 2698 1904 pr0pter
2752 1832 3057 1902 impietates
3115 1846 3299 1885 eorum
3353 1830 3567 1900 repulit.

2019 1922 2196 1988 Quare
2241 1922 2533 1977 secundum
2575 1922 2952 1993 Symmachum
3000 1922 3239 1975 dicitur:
3268 1920 3341 1975 Et
3380 1921 3568 1989 abjecit

2023 2012 2413 2066 tabernaculum
2459 2010 2649 2075 Silam,
2692 2020 2740 2064 et
2778 2010 3171 2065 tabernaculum
3209 2010 3478 2079 firmatum
3517 2009 3568 2062 in

2017 2105 2334 2161 hominibus.
2365 2104 2643 2179 Quomodo
2677 2113 2854 2159 autem
2884 2103 3192 2157 hominibus
3226 2103 3419 2157 tradita
3450 2102 3539 2156 lue

2020 2197 2091 2251 rit
2126 2212 2252 2251 arca
2296 2197 2363 2252 ob
2401 2197 2703 2267 impietates
2737 2196 2942 2267 populi,
2974 2204 3027 2250 et
3058 2195 3330 2265 quomodo
3359 2194 3565 2249 inimici

2018 2286 2263 2355 ceperint
2318 2286 2487 2350 illam,
2541 2286 2973 2355 abduxerintque
3027 2300 3250 2351 secum;
3306 2283 3399 2338 lilii
3442 2299 3568 2338 vero

2019 2376 2184 2433 Israel
2208 2377 2263 2430 in
2290 2375 2470 2454 fugam
2497 2378 2640 2449 versi
2681 2377 2811 2443 sint,
2844 2376 2938 2431 lilii
2976 2375 3095 2431 Heli
3140 2376 3231 2446 qui
3267 2374 3569 2429 sacerdotes

2017 2475 2170 2523 erant
2213 2468 2528 2535 ceciderint,
2575 2484 2872 2541 eorumque
2914 2479 3083 2539 pater,
3107 2477 3329 2538 accepto
3357 2468 3421 2523 de
3451 2466 3569 2521 ﬁliis

2019 2558 2227 2626 nuntio,
2274 2559 2515 2629 perierit,
2574 2568 2761 2614 narrat
2808 2560 3019 2631 primus
3067 2558 3375 2630 Regnorum
3418 2557 3571 2612 liber.

2018 2652 2359 2721 Quapropter
2394 2652 2480 2705 hic
2527 2651 2768 2707 dicitur:
2820 2650 2890 2705 Et
2940 2651 3127 2720 repulit
3178 2649 3570 2705 tabernaculum

2020 2741 2152 2807 Silo,
2198 2740 2590 2795 tabernaculum
2638 2741 2727 2794 ubi
2770 2741 3024 2795 habitavit
3062 2742 3115 2794 in
3159 2742 3474 2794 hominibus.
3504 2769 3559 2782 -

2018 2833 2184 2889 Vsus.
2211 2833 2299 2888 61.
2326 2832 2393 2887 Et
2420 2834 2641 2887 tradidit
2662 2834 2715 2886 in
2743 2834 3095 2901 captivitatem
3113 2834 3349 2885 virtutem
3370 2847 3569 2885 eorum.

2018 2925 2121 2981 Pro
2156 2926 2249 2981 illo
2283 2934 2485 2991 autem,
2510 2926 2751 2979 virtutem
2793 2942 2992 2987 eorum,
3036 2924 3253 2994 Aquila,
3293 2921 3451 2975 robur
3485 2926 3568 2976 eo-

2020 3030 2155 3079 rum,
2201 3014 2581 3083 interpretatus
2628 3022 2729 3070 est.
2754 3012 2941 3069 Robur
2981 3021 3187 3079 autem,
3223 3014 3473 3067 virtutem
3517 3022 3567 3066 et

2019 3106 2495 3178 pulchritudinem,
2544 3107 2599 3161 in
2645 3107 3007 3177 captivitatem
3051 3114 3104 3162 et
3148 3106 3203 3161 in
3239 3122 3432 3160 manus
3463 3105 3568 3159 ini.

2019 3200 2145 3254 mici
2184 3200 2407 3266 tradita,
2437 3216 2557 3271 quae
2585 3199 2786 3256 dixeris
2823 3215 2968 3264 esse,
3012 3201 3120 3255 nisi
3162 3214 3365 3263 arcam,
3409 3210 3570 3269 quam

2020 3280 2119 3347 hic.
2152 3309 2333 3349 sermo
2381 3294 2711 3363 subindicatt
2730 3295 2937 3358 dicens,
2974 3293 3039 3347 Et
3070 3291 3287 3347 tradidit
3322 3293 3379 3346 in
3407 3294 3561 3362 capti-

2022 3386 2229 3439 vitatem
2260 3386 2498 3439 virtutem
2541 3403 2741 3451 eorum,
2774 3394 2823 3441 et
2850 3386 3285 3455 pulchritudinem
3313 3403 3491 3440 eorum
3520 3386 3573 3439 in

2021 3496 2208 3534 manus
2231 3481 2429 3535 inimici
2445 3478 2704 3537 l—Vuus.
2730 3480 2907 3535 62-64.
2926 3478 3027 3551 Sed
3049 3482 3160 3535 haec.
3177 3480 3391 3550 quidem
3412 3479 3552 3533 tradi

2021 3574 2169 3629 ditin
2184 3590 2378 3630 manus
2405 3574 2634 3640 inimici,
2652 3576 2906 3646 p0pulum
2926 3572 3054 3628 vero
3080 3575 3333 3643 contrivit
3368 3572 3570 3643 gladio.
3598 3566 3599 3569 “

2020 3663 2145 3719 ldeo
2172 3665 2467 3720 secundum
2502 3663 2883 3735 Symmachum
2915 3661 3151 3716 dicitur:
3182 3659 3251 3712 Et
3274 3660 3497 3713 tradidit
3519 3661 3571 3714 in

2022 3756 2336 3810 macharam
2382 3757 2629 3825 populum
2687 3772 2839 3811 suum
2899 3763 2946 3808 et
3006 3752 3362 3807 hareditatem
3419 3766 3570 3805 suam

2020 3848 2229 3917 sprevit.
2293 3846 2405 3901 Deo
2458 3857 2637 3901 autem
2703 3846 2850 3916 ipsos
2886 3851 3194 3915 spernente.
3227 3859 3287 3897 ea
3323 3859 3442 3913 quae
3474 3858 3563 3898 se-

2019 3946 2263 4007 quuntur
2312 3944 2627 3992 evenerunt.
2672 3935 2802 4001 Quae
2827 3936 2952 3989 illa?
2976 3933 3196 3989 Juvenes
3219 3950 3397 3986 eorum
3429 3948 3568 3985 com-

2019 4025 2124 4079 edit
2175 4016 2343 4095 ignis,
2389 4035 2439 4079 et
2484 4026 2704 4095 virgines
2735 4036 2913 4078 eorum
2955 4039 3056 4076 non
3090 4033 3211 4077 sunt
3239 4026 3570 4087 lamentata,“

2021 4118 2315 4175 secundum
2349 4116 2595 4187 Aquilam
2629 4134 2760 4173 vero
2780 4158 2795 4183 ,
2824 4135 2922 4171 non
2950 4127 3071 4171 sunt
3096 4118 3455 4185 desponsata;
3487 4133 3567 4174 se-

2019 4208 2252 4263 cundum
2307 4205 2688 4279 Symmachum
2736 4217 2940 4271 autem,
2991 4224 3095 4261 non
3144 4217 3263 4262 sunt
3318 4208 3569 4265 laudata.

2020 4298 2135 4361 Non
2161 4302 2299 4355 ultra
2330 4300 2806 4361 enim,secundum
2834 4299 3072 4369 reliquos
3090 4299 3571 4370 iuterpretes,cum

2022 4391 2235 4464 hymnis
2269 4396 2321 4447 et
2348 4388 2621 4455 laudibus,
2658 4398 2717 4447 ut
2740 4397 3060 4446 consuetum
3092 4388 3437 4459 desponsatis
3466 4396 3570 4452 est,

2020 4484 2153 4539 viris
2188 4484 2562 4549 tradebantur,
2592 4485 2663 4539 ob
2697 4484 2994 4538 immissum
3024 4489 3154 4535 tunc
3192 4480 3322 4554 ipsis
3351 4480 3563 4533 calami-

1992 4633 1997 4639 ,
2024 4580 2208 4629 tatem.
2244 4572 2548 4629 Secundum
2577 4572 2717 4627 LXX
2739 4572 3063 4643 lnterpretes
3089 4576 3288 4635 autem,
3321 4568 3376 4621 in
3396 4570 3568 4638 capti—

361 4665 663 4737 συμφοράν.
704 4662 859 4717 Κατά
887 4663 943 4716 δὲ
975 4662 1069 4733 τὴν
1100 4661 1206 4715 τῶν
1249 4662 1643 4735 Ἐϐδομήκοντα
1688 4666 1912 4731 ἔκδοσιν,
1949 4662 1991 4717 D
2022 4666 2101 4719 vit:

1825 4685 1912 4731 rw,
1949 4662 1991 4717 D
2022 4666 2234 4720 vitalem
2259 4674 2411 4729 actm,
2435 4681 2557 4721 cum
2581 4673 2937 4726 morerentur,
2956 4679 3064 4716 non
3090 4669 3206 4717 erat
3232 4661 3565 4741 qui‘lugeret,

360 4757 692 4829 αἰχμάλωτοι
724 4755 1064 4827 ἀπαχθεῖσαι,
1099 4756 1156 4808 ὲν
1192 4754 1269 4827 τῷ
1311 4756 1559 4827 θνήσκειν
1604 4761 1771 4823 αὑτὰς
1814 4763 1916 4816 οὐκ

359 4845 503 4919 εἶχον
542 4851 666 4913 τοὺς
708 4848 1052 4913 πενθοῦντας,
1094 4847 1181 4902 διὰ
1211 4847 1273 4901 τὸ
1446 4853 1696 4920 παρεῖναι
1735 4853 1916 4917 αὐτοῖς

357 4940 485 5004 τοὺς
528 4941 894 5012 προσήκοντας
919 4958 931 4972 ·
981 4940 1114 4995 ἀλλά
1156 4939 1249 4994 καὶ
1302 4942 1355 4994 ol
1392 4942 1565 5010 ἱερεῖς
1609 4942 1805 4997 αὐτῶν
1846 4946 1916 4999 ἐν

353 5032 616 5101 ῥομφαίᾳ
644 5032 873 5093 ἔπεσαν
912 5023 1075 5102 (οὗτοι
1107 5031 1151 5085 δ’
1185 5026 1322 5102 ἦσαν
1358 5032 1407 5084 ol
1441 5031 1532 5085 τοῦ
1573 5032 1720 5085 Ἠλεὶ
1755 5033 1910 5103 υἱοί),

288 5160 291 5161 ν
359 5122 456 5177 καὶ
494 5124 554 5177 al
595 5118 769 5191 χῆραι
799 5120 868 5176 δὲ
902 5123 1105 5177 αὐτῶν.
1136 5124 1207 5176 οὐ
1253 5122 1757 5191 κλαυσθήσονται.
1805 5125 1914 5177 Καὶ

355 5216 503 5270 ἐστιν
532 5214 710 5285 εὑρεῖν
732 5214 789 5266 ἐν
811 5217 876 5287 τῇ
910 5215 1097 5288 πρώτῃ
1127 5216 1235 5270 τῶν
1260 5214 1568 5279 Βασιλειῶν,
1602 5215 1767 5281 ὅπως,
1806 5216 1914 5272 τῶν

358 5306 488 5361 υἱῶν
522 5305 669 5359 Ἠλεὶ
699 5308 969 5361 πεσόντων
998 5310 1054 5361 ὲν
1094 5309 1171 5379 τῷ
1212 5308 1447 5379 πολέμῳ,
1490 5308 1545 5360 αἱ
1580 5308 1782 5361 τούτων
1812 5324 1911 5377 γυ-

358 5400 560 5461 ναῖκες,
590 5394 753 5466 χῆραι
800 5398 1258 5467 καταλειςρθεῖσαι,
1285 5382 1453 5453 δεινὸν
1491 5397 1785 5467 ὑπέμειναν
1821 5397 1916 5453 θά-

357 5507 537 5547 νατον.
586 5488 677 5541 Διὸ
712 5487 958 5541 λέλεκται
1006 5490 1147 5544 κατὰ
1198 5490 1288 5544 τὸν
1338 5490 1650 5561 Σύμμαχον,
1700 5488 1811 5546 Kal
1856 5495 1916 5546 al

358 5578 734 5652 χηρωθείσαι
760 5576 958 5632 αὐτῶν
979 5580 1095 5631 οὐκ
1119 5581 1429 5635 ἔκλαυσαν
1452 5598 1465 5611 ’
1497 5581 1615 5635 οὐδὲ
1651 5581 1755 5653 γὰρ
1782 5581 1915 5635 ὑπέ-

362 5692 585 5747 στησαν,
624 5671 759 5725 ὥστε
799 5668 1024 5723 κλαῦσαι
1043 5686 1058 5698 ⁸
1111 5670 1485 5726 συναπώλοντο
1527 5672 1583 5725 δὲ
1628 5673 1719 5725 καὶ
1758 5664 1916 5727 αὗται

357 5770 471 5831 τοῖς
521 5764 855 5837 τικτομένοις
916 5760 1055 5815 κατὰ
1112 5762 1239 5833 τὴν
1269 5764 1578 5831 φάσκουσαν
1634 5764 1909 5835 ἱστορίαν·

2020 4757 2164 4827 quod
2197 4772 2304 4812 non
2342 4757 2589 4813 adessent
2637 4755 2921 4826 propinqui
2976 4770 3195 4820 earum;
3251 4755 3359 4807 imo
3401 4750 3561 4806 etiam

2021 4848 2313 4905 sacerdotes
2368 4866 2547 4904 eorum
2610 4850 2663 4901 in
2707 4847 2883 4917 gladio
2928 4846 3219 4901 ceciderunt
3271 4846 3347 4918 (hi
3402 4860 3563 4916 porro

2020 4950 2178 4997 erant
2232 4941 2329 4995 lilii
2390 4940 2549 5006 Heli),
2584 4949 2632 4992 et
2685 4939 2856 4994 uidua
2891 4957 3067 4995 eorum
3114 4958 3217 4995 non
3280 4939 3566 5010 plorabun-

2024 5043 2126 5088 tur.
2159 5032 2217 5087 In
2273 5033 2443 5103 primo
2495 5030 2803 5103 Regnorum
2860 5034 2999 5090 libro
3051 5036 3264 5107 legitur,
3303 5049 3423 5089 cum
3472 5031 3565 5085 lilii

2023 5126 2137 5183 Heli
2172 5128 2226 5181 in
2263 5127 2403 5182 bello
2429 5125 2776 5193 cecidissent,
2817 5144 3004 5185 eorum
3040 5144 3235 5183 uxores
3266 5128 3456 5182 viduas
3484 5142 3566 5181 re-

2022 5219 2199 5280 lictas,
2229 5232 2444 5287 gravem
2497 5221 2826 5276 sustinuisse
2871 5234 3125 5277 mortem.
3164 5222 3340 5289 Quare
3368 5221 3566 5273 dicitur

2023 5308 2318 5366 secundum
2347 5307 2751 5381 Symmachum,
2786 5312 2853 5366 Et
2880 5313 3107 5368 viduata
3132 5331 3309 5368 eorum
3328 5329 3431 5367 non
3451 5312 3565 5381 plo-

2022 5410 2265 5456 raverunt
2291 5416 2310 5454 :
2338 5417 2515 5473 neque
2543 5405 2683 5458 enim
2718 5405 3052 5461 exsistebant
3079 5417 3135 5461 ut
3158 5402 3285 5460 ﬂere
3313 5413 3565 5483 possent;
3674 5478 3677 5483 _

2020 5508 2142 5549 nam
2168 5507 2273 5546 una
2304 5508 2426 5547 cum
2455 5502 2610 5565 partu
2641 5510 2741 5549 suo
2769 5497 3049 5551 exstinctae
3080 5503 3226 5557 sunt,
3253 5504 3310 5550 ut
3334 5481 3565 5551 férthaec

2018 5585 2284 5640 historia:
2313 5582 2383 5637 Et
2424 5586 2623 5654 factum
2663 5598 2739 5643 est
2781 5588 2832 5641 in
2871 5587 3049 5641 diebus
3086 5588 3194 5641 illis
3226 5600 3566 5644 convenerunt

2018 5674 2271 5747 allophyli
2318 5678 2372 5731 in
2423 5678 2613 5734 bellum
2656 5691 2842 5734 contra
2889 5678 3064 5733 Israel
3087 5681 3165 5745 ὀς
3203 5682 3396 5735 deinde
3437 5686 3566 5735 vero

2019 5782 2142 5823 cum
2175 5770 2368 5825 exisset
2400 5774 2629 5843 populus
2657 5772 2720 5827 ad
2753 5788 3004 5841 pugnam,
3041 5772 3219 5828 Cursus
3249 5783 3343 5837 cst,
3369 5772 3563 5842 inquit,

428 5887 474 5918 ³³
502 5884 635 5940 Gen.
665 5900 817 5948 xvm,
845 5883 933 5937 20.
1010 5882 1051 5913 ’τ
1079 5879 1099 5933 ἰ
1134 5881 1261 5948 Reg.
1296 5899 1369 5943 IV,
1395 5901 1491 5939 vn.
1569 5886 1613 5917 ⁸⁸
1650 5888 1670 5939 l
1700 5883 1831 5967 Reg.
1862 5899 1935 5951 tv,
1965 5888 2015 5944 l.

430 5980 505 6052 (l)
541 5978 796 6050 Syutaxis
825 5978 1057 6049 postulat
1084 5976 1298 6041 αὐτούς.
1343 5976 1499 6036 Eutr.
