4406 6412
856 472 960 531 95δ

1505 472 1765 530 EUSEBU
1798 462 2271 545 CESARIENSIS
2307 474 2455 531 OPP.
2496 454 2676 531 PARS
2714 471 2798 527 111.
2830 503 2901 529 -η
2933 471 3330 529 EXEGETICA.

3936 477 4041 534 956

858 592 1031 646 Israel
1060 607 1076 644 :
1103 601 1151 645 et
1182 591 1323 660 facta
1365 600 1442 645 est
1474 592 1631 662 plaga
1670 608 1860 661 magna
1888 590 2037 645 ralde
2067 607 2085 643 :
2116 600 2165 646 et
2201 592 2389 646 cecide—
2425 603 2469 659 Α
2494 589 2598 645 Kal

2300 592 2389 646 Fde—
2425 603 2469 659 Α
2494 589 2603 645 Kal
2644 586 2893 659 ἐγενήθη
2925 587 2994 640 ἑν
3020 587 3147 652 ταῖς
3187 587 3431 657 ἡμέραις
3458 589 3730 653 ἐκείναις,
3764 590 3856 642 καὶ
3893 602 4040 643 συν-

854 694 979 736 runt
1007 684 1069 737 de
1097 683 1264 737 Israel
1296 684 1512 753 triginta
1542 684 1710 737 millia
1738 699 1802 737 ex
1838 684 2105 738 ordinibus
2140 699 2158 735 :
2188 692 2242 740 et.
2274 699 2401 737 arca

858 776 954 829 Dei
981 784 1131 843 capta
1167 786 1265 837 est,
1296 784 1345 829 et
1374 774 1525 828 ambo
1562 775 1662 839 lilii
1692 774 1813 829 Heli
1838 776 2031 829 mortui
2058 784 2199 839 sunt,
2228 775 2399 844 Ophni

853 876 904 918 et
938 864 1175 918 Phinees.
1210 864 1276 917 Et
1315 866 1545 919 cucurrit
1574 866 1654 919 vir
1692 862 1977 919 Jemimeus
2019 882 2082 919 ea:
2109 867 2318 929 castris,
2349 875 2399 919 et

854 956 985 1010 venit
1014 957 1071 1009 in
1096 955 1262 1010 Silam
1291 958 1345 1009 in
1374 957 1471 1009 illa
1498 954 1603 1020 die,
1634 956 1801 1008 scissa
1831 965 1985 1017 veste.
2014 964 2065 1010 et
2093 973 2397 1025 conspersus

850 1045 1051 1112 pulvere
1074 1056 1244 1113 caput.
1278 1045 1344 1099 Et
1372 1063 1484 1100 ecce
1514 1045 1635 1099 Heli
1665 1046 1718 1121 in
1742 1046 1873 1099 sella
1894 1046 1964 1099 ad
1984 1057 2187 1116 portam
2216 1058 2399 1101 contra

852 1135 1043 1190 bivium
1081 1147 1341 1206 spectans.
1372 1137 1507 1191 Erat
1528 1136 1667 1191 enim
1699 1154 1788 1191 cor
1815 1137 1927 1206 ejus
1952 1154 2138 1207 pavens
2158 1155 2251 1207 pro
2272 1156 2397 1192 arca

851 1225 965 1281 Dei.
1001 1226 1113 1282 Sub
1156 1229 1269 1283 haec
1312 1227 1514 1282 dicitur
1546 1246 1560 1281 :
1596 1225 1728 1280 Erat
1768 1238 1941 1282 autem
1978 1228 2096 1283 Heli
2122 1231 2275 1298 quasi
2303 1247 2397 1283 no-

849 1317 1065 1386 naginta
1096 1328 1208 1371 octo
1231 1334 1513 1377 annorum,
1547 1327 1597 1372 et
1626 1318 1765 1371 oculi
1801 1318 1913 1386 ejus
1946 1318 2314 1388 caligaverant,
2345 1328 2396 1374 et

849 1422 949 1459 non
981 1406 1204 1461 videbat.
1252 1404 1315 1459 Et
1348 1407 1426 1460 vir
1454 1407 1544 1461 ille
1570 1407 1816 1461 accedens
1838 1407 2008 1461 dixit:
2032 1407 2141 1478 Ege
2169 1426 2284 1462 sum
2307 1412 2395 1478 qui

848 1498 958 1551 veni
985 1514 1049 1551 ea:
1070 1486 1277 1559 castris,
1298 1506 1348 1553 et
1369 1514 1459 1568 ego
1485 1513 1548 1552 ea:
1571 1498 1679 1552 acie
1703 1498 1815 1568 fugi
1837 1497 2004 1552 hodie.
2030 1498 2097 1551 Et
2128 1500 2223 1563 ait,
2256 1501 2393 1566 Quid

845 1599 1021 1643 actum
1051 1599 1148 1653 est,
1191 1590 1271 1657 ﬁli
1308 1590 1422 1645 mi?
1466 1588 1534 1642 Et
1558 1590 1819 1658 respondit
1846 1605 1972 1658 puer
2002 1599 2051 1643 et
2076 1590 2209 1644 dixit
2234 1608 2251 1643 :
2284 1590 2395 1643 Fu-

845 1674 939 1742 git,
972 1674 1166 1743 inquit,
1197 1674 1367 1729 Israel
1399 1693 1431 1729 a
1457 1677 1594 1743 facie
1636 1677 2043 1746 allophylorum,
2069 1688 2119 1733 et
2147 1679 2291 1745 facta
2317 1688 2409 1732 est

844 1762 1000 1830 plaga
1024 1778 1210 1831 magna
1240 1764 1292 1815 in
1318 1764 1530 1832 populo,
1556 1774 1604 1817 et
1628 1763 1905 1831 amboﬂlii
1931 1766 2008 1817 tui
2035 1767 2228 1819 mortui
2250 1775 2389 1829 sunt,

841 1861 891 1904 et
918 1868 1043 1904 arca
1072 1852 1169 1907 Dei
1200 1864 1353 1923 capta
1383 1864 1482 1910 est.
1522 1854 1589 1908 Et
1616 1856 1816 1925 factum
1850 1867 1926 1910 est
1958 1874 2075 1910 cum
2105 1873 2391 1910 memoras-

2498 682 2850 750 ἀθροίζονται
2877 682 3208 749 ἀλλόφυλοι
3235 682 3320 745 εις
3350 680 3612 747 πόλεμον
3645 680 3741 731 ἐπὶ
3772 680 4004 747 Ἰσραήλ
4022 697 4035 711 ·

2498 768 2595 827 εἷθ’
2639 773 2761 844 ἑξῆς
2796 772 3140 844 προελθόντος
3185 759 3279 823 τοῦ
3334 770 3461 824 λαοῦ
3512 773 3591 834 εἰς
3638 771 3727 824 τὸν
3775 771 4005 841 πόλεμον
4022 810 4039 833 ,

2496 866 2711 934 Πταίει,
2742 866 2921 935 φησὶν,
2951 862 3104 930 ἀνὴρ
3140 860 3372 929 Ἰσραήλ
3391 879 3403 891 ·
3442 862 3539 914 καὶ
3571 862 3803 931 ἐγένετο
3838 863 4038 931 πληγὴ

2488 956 2718 1025 μεγάλη
2748 955 3010 1023 σφόδρα·
3044 952 3139 1007 καὶ
3166 953 3393 1006 ἔπεσον
3415 952 3484 1016 ἐξ
3523 953 3762 1021 Ἰσραὴλ
3784 954 4041 1021 cpiam.

2495 1062 2567 1098 τα
2612 1045 2872 1113 χιλιάδες
2922 1043 3226 1113 τατμάτων
3248 1060 3263 1073 ο
3311 1043 3410 1097 καὶ
3467 1043 3506 1110 ἠ
3552 1044 3794 1108 κιϐωτὸς
3828 1041 3897 1095 δὲ
3933 1043 4040 1098 τοῦ

2497 1134 2641 1189 Θεοῦ
2664 1133 2914 1202 ἐλήφθη,
2938 1133 3037 1188 καὶ
3070 1134 3386 1202 ἀμφότεροι
3420 1135 3475 1188 οι
3496 1133 3612 1187 vlol
3648 1132 3799 1187 Ἠλεὶ
3825 1132 4041 1188 ἀπέθα-

2493 1243 2620 1289 νον,
2663 1218 2859 1293 Ὀφνεί
2888 1224 2985 1279 καὶ
3021 1224 3240 1290 Φινεές.
3267 1224 3375 1278 Kal
3407 1224 3656 1293 ἔδραμεν
3697 1225 3849 1294 ἀνὴρ
3886 1226 4043 1294 Ἰεμιρ

2492 1316 2656 1381 ναῖος
2682 1317 2749 1369 ἐκ
2790 1313 2895 1383 τῆς
2942 1314 3338 1382 παρατάξεως,
3375 1316 3470 1368 καὶ
3500 1315 3684 1382 ἦλθεν
3719 1318 3805 1381 εις
3827 1315 4041 1385 Σηλὼμ

2490 1406 2561 1459 ἐν
2591 1406 2666 1474 τῇ
2694 1404 2880 1474 ἡμέρᾳ
2902 1406 3121 1474 ἐκείνῃ,
3148 1406 3218 1459 τὰ
3242 1405 3434 1474 ἱμάτια
3462 1406 3645 1460 αὑτοῦ
3669 1406 4047 1475 διερρυηότα,

2491 1497 2587 1549 καὶ
2622 1496 2694 1566 γῆ
2740 1498 2837 1549 ἐπὶ
2880 1494 2987 1563 τῆς
3032 1494 3298 1564 κεφαλῆς
3327 1496 3529 1550 αὑτοῦ.
3574 1496 3679 1551 Kal
3727 1496 3855 1550 ἰδοὺ
3887 1496 4039 1552 Ἠλεὶ

2491 1587 2587 1639 ἐπὶ
2618 1587 2722 1640 τοῦ
2752 1587 2960 1655 δίφρου
2989 1587 3146 1654 παρά
3184 1586 3299 1654 τὴν
3330 1588 3531 1654 πύλην
3571 1589 3882 1643 σκοπεύων
3928 1586 4040 1655 τὴν

2491 1677 2725 1730 δίοδονο
2763 1678 2849 1730 ὅτι
2883 1674 2962 1747 ἦν
2998 1676 3037 1743 ἢ
3071 1676 3279 1745 καρδία
3316 1678 3498 1731 αὐτοῦ
3521 1679 3873 1747 ἐξεστηκυᾶι
3907 1679 4036 1746 περὶ

2490 1765 2600 1833 τῆς
2632 1765 2874 1820 κιϐωτοῦ
2920 1766 3024 1821 τοῦ
3079 1765 3243 1819 Θεοῦ.
3291 1761 3404 1819 Εἶθ’
3456 1765 3582 1837 ἑξῆς
3632 1768 3875 1839 εἴρηται’
3928 1772 4035 1825 Kal

2503 1857 2758 1923 'Hleldiq
2783 1863 2868 1927 κη’
2899 1857 3047 1911 ἐτῶν
3070 1874 3083 1886 ·
3120 1858 3218 1911 καὶ
3256 1861 3307 1912 οἱ
3332 1859 3618 1928 ὀφθαλμοὶ
3649 1860 3832 1914 αὐτοῦ
3858 1861 4039 1915 ἐπαν-

842 1952 918 1997 set
961 1962 1139 1999 arcam
1200 1945 1312 2008 Dei,
1372 1947 1555 2000 cecidit
1609 1948 1673 2000 de
1719 1947 1851 2002 sella
1900 1959 2186 2003 retrorsum
2226 1947 2387 2017 juxta
2419 1951 2582 2013 Βέστ

2296 1960 2387 2003 xta
2419 1961 2458 2013 Β
2484 1951 2770 2019 έστησαν,
2801 1954 2899 2008 καὶ
2939 1955 3048 2006 οὐκ
3089 1953 3320 2007 ἕϐλεπε.
3367 1954 3475 2007 Kal
3514 1956 3547 2007 ό
3583 1953 3736 2022 ἀνὴρ
3785 1958 4036 2023 προσελ-

841 2038 1051 2102 ostium,
1077 2048 1125 2093 et
1149 2040 1428 2092 contritum
1457 2047 1535 2093 est
1563 2028 1777 2094 dorsum
1801 2041 1936 2107 ejus,
1959 2050 2010 2095 et
2034 2052 2269 2096 mortuus
2291 2051 2387 2109 est,

838 2132 963 2198 quia
1007 2146 1162 2183 senex
1202 2130 1353 2184 homo
1381 2141 1494 2184 erat
1533 2141 1584 2185 et
1610 2133 1804 2201 gravis.
1838 2130 2019 2186 Nurus
2061 2143 2230 2187 autem
2277 2134 2389 2201 ejus

838 2235 973 2291 agtur
997 2220 1213 2285 Pltinees
1236 2220 1510 2291 prwgnans
1534 2232 1647 2275 erat
1678 2224 1943 2293 vicinaque
1973 2225 2187 2291 partui:
2215 2234 2262 2278 et
2295 2242 2390 2277 au-

840 2308 953 2364 dito
984 2311 1165 2363 nuntio
1194 2312 1329 2378 quod
1360 2322 1512 2380 capta
1546 2322 1679 2367 esset
1724 2330 1849 2365 arca
1898 2313 2013 2378 Dei,
2060 2323 2108 2368 et
2155 2324 2390 2368 mortuus

838 2411 974 2457 esset
1002 2418 1146 2455 socer
1176 2419 1321 2467 suus,
1366 2413 1415 2456 et
1452 2405 1529 2457 vir
1558 2420 1706 2465 suus,
1738 2406 1879 2473 flevit
1914 2413 1964 2459 et
2004 2407 2219 2473 peperit,
2267 2406 2390 2474 quia

840 2495 1105 2549 irruerent
1133 2496 1338 2550 dolores
1368 2498 1421 2549 in
1447 2511 1580 2559 eam,
1617 2506 1666 2550 et
1695 2497 1749 2551 in
1781 2506 2004 2565 tempore
2032 2516 2125 2553 suo
2151 2500 2224 2569 (1)
2250 2515 2391 2551 mor-

839 2596 932 2643 tua
954 2595 1049 2639 est.
1084 2586 1148 2638 Et
1189 2588 1433 2640 dixerunt
1468 2588 1708 2642 mulieres
1758 2605 1871 2658 qua
1915 2590 2158 2652 astabant
2199 2592 2267 2651 ei.
2314 2589 2391 2643 Ne

838 2677 1053 2741 timeas,
1101 2678 1223 2746 quia
1266 2678 1435 2746 ﬁlium
1481 2678 1723 2745 peperisti
1760 2694 1778 2731 :
1813 2694 1927 2748 quae
1964 2696 2064 2731 non
2102 2680 2385 2748 respondit,

722 2792 727 2795 ~
837 2782 996 2835 neque
1014 2767 1408 2849 animadvertit.
1445 2767 1635 2823 Postea
1679 2768 1995 2839 subjungit:
2030 2768 2099 2823 Et
2140 2770 2389 2838 allophin

836 2871 1139 2929 acceperunt
1172 2877 1349 2913 arcam
1378 2860 1494 2924 Dei,
1523 2871 1571 2914 et
1601 2871 1997 2931 asportaverunt
2030 2878 2143 2914 eam
2174 2863 2226 2915 in
2258 2863 2389 2913 Azo-

839 2957 967 3001 tum.
1005 2949 1070 3002 Et
1102 2959 1406 3017 acceperunt
1440 2951 1699 3019 allophyli
1726 2966 1905 3002 arcam
1945 2949 2181 3012 Domini,
2225 2959 2270 3002 et
2301 2953 2387 3002 in-

838 3042 1065 3095 tulerunt
1091 3059 1205 3095 eam
1236 3043 1288 3094 in
1323 3042 1533 3094 domum
1566 3040 1753 3109 Dagon
1773 3040 1837 3093 “.
1875 3038 1997 3092 Haec
2022 3054 2185 3108 porro
2208 3039 2386 3094 omnia

836 3131 925 3184 hic
951 3130 1268 3197 compendio
1306 3138 1672 3183 memorantur
1707 3148 1719 3182 :
1749 3143 1872 3182 nam
1908 3128 2289 3197 'subjnngitur:
2320 3161 2387 3171 ——

835 3218 998 3275 Vens.
1017 3220 1104 3274 65.
1127 3219 1189 3272 Et
1204 3221 1459 3273 excitatus
1477 3230 1553 3274 est
1574 3230 1818 3290 tanquam
1834 3221 2095 3274 dormiens
2108 3221 2380 3291 Dom-imis.

2488 2044 2606 2098 θὼν
2644 2034 2840 2096 εἶπεν*
3055 2045 3170 2112 ειμι
3216 2047 3249 2097 ό
3299 2044 3463 2111 ἥκων
3495 2046 3562 2099 ἐκ
3600 2044 3706 2114 τῆς
3745 2048 4033 2116 παρεμϐο-

2485 2132 2619 2201 λῆς,
2660 2134 2755 2186 καὶ
2784 2134 2895 2201 ἐγὼ
2925 2134 2992 2187 ἐκ
3022 2133 3125 2205 τῆς
3152 2135 3528 2203 παρατάξεως
3563 2138 3829 2206 πέφευγα
3848 2138 4031 2207 σήμε-

2478 2240 2608 2291 ρον.
2634 2224 2743 2275 Kal
2770 2221 2897 2276 εἶπε
2922 2239 2935 2253 ⁸
2974 2225 3032 2277 Τί
3049 2224 3176 2276 ἐστι
3206 2224 3274 2277 τὸ
3308 2225 3550 2293 γεγονὸς
3564 2224 3746 2294 ῥῆμα,
3780 2227 3992 2279 τέκνον
4014 2241 4033 2288 ;

2484 2316 2593 2371 Kal
2626 2317 2909 2385 ἀπεκρίθη
2942 2316 3003 2371 τὸ
3030 2308 3357 2387 παιδάριον,
3406 2317 3501 2370 καὶ
3532 2314 3693 2370 εἴπεο
3732 2317 4033 2387 Πέφευτεν

2485 2406 2638 2474 ἀνὴρ
2700 2407 2937 2474 Ἰσραὴλ
2990 2407 3058 2460 ἐκ
3113 2406 3429 2474 προσώπου
3473 2408 3838 2476 ἀλλοφύλων
3859 2449 3875 2473 ,
3932 2409 4030 2460 καὶ

2486 2497 2685 2567 πληγὴ
2713 2498 2941 2567 μεγάλη
2974 2498 3214 2568 γέγονεν
3233 2498 3301 2550 ἐν
3322 2497 3399 2561 τῷ
3424 2497 3569 2563 λαῷ,
3598 2498 3694 2551 καὶ
3717 2489 4031 2568 ἀμφότεροι

2485 2591 2537 2641 οἱ
2564 2590 2678 2641 υἱοί
2706 2606 2820 2642 σου
2849 2588 3186 2653 τεθνήκασι,
3235 2590 3330 2641 καὶ
3379 2590 3416 2657 ή
3452 2589 3688 2655 κιϐωτὸς
3727 2590 3832 2644 τοῦ
3885 2591 4030 2645 Θεοῦ

2483 2680 2731 2747 ἐλήφθη.
2773 2680 2880 2732 Καὶ
2929 2679 3182 2747 ἐγένετο,
3208 2680 3286 2745 ὡς
3329 2679 3595 2748 ἐμνήσθη
3638 2680 3745 2747 τῆς
3783 2683 4028 2736 κιϐωτοῦ

2484 2770 2587 2824 τοῦ
2619 2764 2783 2832 Θεοῦ,
2823 2769 2919 2823 καὶ
2962 2770 3181 2824 ἔπεσεν
3207 2770 3323 2824 ἀπὸ
3364 2771 3469 2825 τοῦ
3502 2771 3713 2839 δίφρου
3750 2773 4031 2839 ὀπισθίως

2483 2859 2761 2926 ἐχόμενος
2786 2859 2893 2925 τῆς
2924 2861 3137 2927 πύλης,
3181 2861 3277 2913 καὶ
3305 2862 3617 2930 συνετρίϐη
3657 2866 3689 2915 ό
3718 2862 3904 2928 νῶτος
3926 2862 4033 2917 αὐ-

2485 2945 2609 3009 τοῦ,
2656 2946 2751 2997 καὶ
2791 2946 3111 3000 ἀπέθανεν·
3144 2948 3231 3001 ὅτι
3277 2951 3612 3015 πρεσϐύτης
3658 2954 3689 3003 ό
3724 2952 4027 3019 ἅνθρωπος

2484 3035 2577 3087 καὶ
2604 3035 2815 3102 βαρύς.
2846 3035 2954 3087 Kal
2974 3037 3190 3105 νύμφη
3222 3038 3404 3091 αὑτοῦ
3443 3039 3594 3106 γυνὴ
3643 3041 3841 3107 Φινεὲς
3877 3059 4025 3099 συν-

2483 3127 2759 3210 ειληφυῖα
2801 3125 2903 3179 τοῦ
2946 3130 3137 3181 τεκεῖν
3161 3145 3173 3159 ’
3220 3128 3315 3181 καὶ
3354 3127 3581 3197 ἤκουσε
3628 3131 3745 3198 τὴν
3771 3133 4025 3204 ἀπαγγε-

2482 3220 2641 3282 λίαν,
2688 3218 2775 3273 ὅτι
2818 3220 3051 3288 ἐλήφθη
3079 3222 3117 3289 ή
3160 3222 3397 3287 κιϐωτὸς
3433 3223 3537 3276 τοῦ
3584 3224 3759 3289 Θεοῦ,
3798 3228 3895 3279 καὶ
3940 3230 4026 3281 ὅτι

835 3322 1084 3387 tanquam
1116 3321 1293 3381 potens
1309 3322 1355 3365 et
1375 3289 1683 3379 crapulatus
1706 3330 1739 3366 a
1766 3314 1899 3367 vino.
1934 3289 2379 3381 Postquauiarcu
2412 3289 2453 3349 ο
2482 3309 2575 3362 τέο

2291 3332 2379 3369 τω
2412 3289 2453 3349 C
2482 3309 2764 3376 τέθνηκεν
2808 3312 2839 3363 ό
2886 3311 3166 3377 πενθερὸς
3196 3309 3383 3378 αὐτῆς
3423 3306 3517 3365 καὶ
3552 3316 3584 3367 ό
3626 3313 3778 3381 ἀνὴρ
3818 3306 4022 3385 αὐτῆς,

834 3411 992 3474 capta
1034 3403 1134 3456 fuit
1183 3404 1251 3457 ab
1289 3402 1590 3472 allopliylis,
1627 3416 1680 3457 et
1715 3413 2002 3473 postquam
2044 3421 2206 3473 supra
2238 3405 2379 3459 dicta

832 3502 1021 3548 contra
1052 3495 1303 3563 populum
1343 3504 1493 3565 gesta
1538 3502 1686 3559 sunt,
1729 3510 1881 3549 suam
1916 3494 2057 3549 Deus
2096 3496 2381 3564 provideno

833 3585 961 3640 tiam
1005 3594 1436 3643 commonstrans
1464 3627 1478 3651 ,
1525 3587 1781 3641 invisibili
1833 3588 2032 3641 virtute
2086 3588 2382 3656 allaphylos

832 3678 1058 3734 incessit
1091 3684 1144 3732 et
1176 3677 1475 3731 ulciscitur.
1524 3677 1704 3742 Quare
1736 3676 1939 3730 dictum
1979 3685 2061 3731 est
2091 3695 2104 3729 :
2147 3675 2213 3728 Et
2245 3677 2382 3729 exci-

833 3780 972 3823 tatus
1000 3779 1075 3823 est
1120 3778 1363 3837 tanquam
1402 3768 1665 3821 dormiens
1694 3766 1970 3827 Dominus.
2009 3776 2255 3835 tanquam
2283 3752 2380 3834 po-

833 3871 943 3914 tens
970 3872 1016 3913 et
1051 3861 1351 3927 crapulatus
1393 3876 1426 3911 a
1473 3859 1619 3920 vino;
1657 3858 1952 3915 secundum
2001 3855 2378 3927 Symmachum

831 3966 980 4016 vero,
1017 3951 1285 4020 Tanquam
1328 3938 1519 4019 potens.
1558 3951 1769 4019 loquens
1802 3964 1868 4003 ea:
1904 3948 2051 4011 vino;
2086 3947 2379 4003 secundum

834 4042 1100 4112 Aquilam,
1154 4042 1425 4113 Tanquam
1472 4051 1651 4111 potens
1677 4040 1979 4113 crapulatus
2004 4055 2069 4094 ea:
2096 4040 2231 4093 vino.
2276 4039 2379 4093 De-

832 4132 957 4185 inde
990 4132 1225 4200 seipsum
1259 4132 1524 4194 excitans,
1561 4129 1811 4185 inimicos
1846 4144 1974 4185 suos
2003 4129 2257 4198 percutit,
2299 4129 2379 4181 vi-

830 4222 1033 4277 delicet
1055 4222 1144 4290 qui
1178 4232 1357 4283 arcam
1399 4221 1703 4275 testamenti
1739 4227 1993 4291 ceperant
2042 4218 2226 4288 (Vsus.
2264 4218 2374 4286 66),

830 4322 883 4366 et
909 4313 1138 4381 percutit
1158 4327 1252 4367 eos
1274 4313 1326 4365 in
1357 4313 1674 4381 posteriora,
1700 4311 1898 4380 datque
1926 4310 2005 4365 eis
2032 4310 2378 4380 opprobrium

827 4403 1236 4472 sempiternum.
1285 4401 1563 4467 Quomodo
1598 4401 1923 4470 percusserit
1960 4388 2054 4455 eos
2095 4401 2150 4453 in
2194 4408 2374 4470 poste-

833 4494 976 4548 riora
1016 4493 1238 4546 historia
1270 4491 1527 4552 declarat,
1564 4506 1683 4561 quae
1716 4491 1795 4545 sic
1842 4490 2001 4545 habet
2029 4490 2083 4543 in
2114 4492 2287 4558 primo
2317 4491 2379 4543 li-

831 4582 929 4639 bro
976 4583 1349 4653 Regnorum"
1379 4602 1392 4637 :
1431 4582 1499 4635 Et
1529 4591 1811 4652 aggravata
1841 4590 1916 4634 est
1948 4598 2131 4634 manus
2164 4580 2375 4634 Domini

749 4748 752 4751 Α
831 4690 984 4745 super
1010 4678 1243 4741 Azotios,
1280 4689 1329 4733 et
1364 4660 1546 4750 aﬂlixit
1572 4694 1681 4741 eos,
1710 4686 1758 4730 et
1793 4676 2046 4744 percussit
2079 4690 2165 4728 eos
2199 4676 2254 4727 in
2282 4689 2375 4742 po-

828 4768 1029 4821 dicibus
1052 4785 1251 4833 eorum,
1282 4771 1504 4823 Asotum
1531 4777 1579 4823 et
1606 4770 1734 4838 ﬁnes
1763 4767 1906 4836 ejus;
1932 4775 1984 4821 et
2013 4782 2227 4821 rursum
2260 4785 2271 4819 :
2304 4764 2373 4819 Et

830 4860 1089 4915 translata
1136 4870 1234 4922 est,
1286 4863 1479 4930 inquit,
1529 4875 1654 4913 arca
1704 4858 1914 4913 Domini
1944 4875 1999 4912 in
2029 4857 2287 4920 Gettltam,
2321 4865 2372 4909 et

829 4952 1025 5020 factum
1048 4960 1126 5029 est
1159 4959 1430 5021 postquam
1471 4950 1737 5005 translata
1752 4955 1759 4963 ”
1779 4959 1876 5013 est,
1909 4949 2051 5020 {actq
2080 4958 2155 5003 est
2184 4964 2370 5001 manus

828 5046 1043 5099 Domini
1076 5047 1130 5099 in
1157 5043 1301 5107 urbe,
1332 5044 1636 5113 fortitudine
1660 5059 1849 5113 magna
1870 5040 2037 5097 valde.
2071 5040 2138 5094 Et
2161 5057 2370 5111 percus-

830 5142 896 5195 sit
926 5140 1061 5194 οὗτοι
1091 5138 1235 5193 urbis
1267 5132 1299 5191 a
1325 5152 1480 5205 parvo
1506 5151 1666 5207 usque
1694 5134 1762 5189 ad
1791 5152 2056 5205 magnum,
2086 5140 2135 5189 et
2161 5150 2371 5204 percus-

778 5227 782 5230 ’
830 5236 897 5286 sit
924 5250 1009 5287 eos
1040 5233 1093 5287 in
1119 5231 1387 5301 podicibus
1414 5247 1613 5285 eorum.
1647 5228 1716 5283 Et
1746 5228 1955 5281 mittunt
1985 5244 2161 5281 arcam
2192 5226 2287 5281 Dei
2317 5227 2371 5279 in

738 5305 742 5308 ν
831 5320 1135 5378 Ascalonem
1177 5338 1195 5377 :
1235 5332 1285 5377 et
1326 5323 1681 5376 clamauerunt
1728 5319 2048 5385 Ascalonita
2097 5318 2322 5396 dicentes
2352 5333 2370 5369 :

832 5414 973 5482 Quid
1022 5414 1281 5469 uenistis
1323 5426 1503 5466 arcam
1547 5409 1645 5464 Dei
1690 5409 1755 5464 ad
1798 5407 2205 5477 interﬁciendum
2234 5409 2369 5461 nos!

831 5505 967 5561 llinc
1008 5504 1322 5573 subiungit:
1361 5502 1500 5567 Quia
1529 5500 1670 5569 facta
1718 5508 1796 5554 est
1834 5500 2069 5571 confusio
2107 5499 2286 5554 mortis
2316 5497 2370 5553 in

899 5661 939 5697 ει
969 5670 985 5710 ι
1018 5664 1144 5729 ιίος.
1176 5674 1225 5720 τ,
1266 5661 1384 5721 i,2.
1460 5656 1505 5686 ι’
1537 5654 1691 5719 ibid.,
1723 5651 1775 5706 θ.

906 5838 981 5908 (1)
1020 5820 1077 5892 ιιι
1109 5844 1190 5891 est
1223 5834 1306 5889 sui
1333 5839 1537 5900 partus.

2482 3400 2578 3465 καὶ
2627 3401 2887 3454 ἐκλαυσε
2940 3401 3037 3454 καὶ
3079 3401 3297 3465 ἔτεκεν,
3342 3402 3428 3455 ὅτι.
3471 3403 3933 3475 ἐπεστράφησαν
3968 3411 4026 3462 al

2479 3485 2683 3553 ὠδῖνες
2710 3487 2893 3556 αὐτῆς
2923 3490 3014 3543 ἐπ’
3041 3489 3259 3557 αὐτήν⁸
3294 3492 3389 3544 καὶ
3427 3493 3494 3547 ἐν
3522 3492 3601 3557 τῷ
3639 3495 3816 3563 καιρῷ
3839 3497 4027 3567 αὐτῆς

2480 3579 2859 3644 ἀποθνήσκει.
2884 3582 2992 3635 Kal
3020 3579 3194 3636 εἶπαν
3221 3583 3373 3652 αὐτῇ
3402 3589 3457 3637 al
3486 3586 3759 3653 γυναῖκες
3780 3590 3838 3640 al
3877 3604 4025 3656 παρ·
4054 3590 4058 3593 ’

2478 3670 2783 3738 εστηκυῗαι
2825 3669 3009 3739 αὐτῇ
3049 3671 3144 3740 Μὴ
3185 3674 3389 3740 φοϐοῦ,
3437 3674 3525 3727 ὅτι
3573 3674 3706 3727 υἱὸν
3751 3674 4022 3742 τέτοκας·

2479 3760 2575 3812 καὶ
2620 3762 2727 3814 οὐκ
2776 3762 3093 3829 ἀπεκρίθη,
3140 3763 3237 3816 καὶ
3281 3766 3391 3817 οὐκ
3433 3765 3689 3831 ἐνόησεν
3731 3765 3768 3831 ή
3817 3767 4027 3834 καρδία

2478 3854 2683 3922 αὐτῆς.
2716 3857 2823 3908 Καὶ
2855 3854 2977 3923 ἑξῆς
3010 3854 3310 3922 ὲπιλὲγεται
3342 3855 3547 3919 τούτοις
3567 3872 3580 3886 ’
3610 3857 3721 3910 Kal
3766 3858 4027 3927 ἀλλόφυ-

2477 3951 2572 4001 λοι
2612 3949 2828 4002 ἐλαϐον
2863 3946 2976 4014 τὴν
3020 3946 3261 4000 κιϐωτὸν
3291 3946 3396 3999 τοῦ
3442 3946 3607 4011 Θεοῦ,
3631 3948 3730 4001 καὶ
3759 3948 4027 4030 εἰσήγετ-

2479 4058 2593 4096 καν
2642 4040 2834 4104 αὐτὴν
2872 4041 2958 4103 εἰς
2987 4038 3244 4098 Ἄζωτον.
3285 4037 3395 4091 Kal
3423 4038 3638 4093 ἔλαϐον
3675 4043 3728 4093 οὶ
3758 4041 4024 4109 ἀλλόφυη

2477 4134 2573 4185 λοι
2608 4130 2722 4197 τὴν
2764 4130 3007 4182 κιϐωτὸν
3039 4129 3275 4195 Κυρίου,
3315 4128 3411 4181 καὶ
3449 4129 3802 4199 είσήνεγκαν
3833 4131 4026 4199 αὐτὴν

2476 4226 2562 4289 εις
2603 4219 2770 4275 οἷκον
2809 4221 3024 4291 Δατών.
3058 4221 3281 4275 Τούτων
3326 4222 3388 4291 δὴ
3438 4223 3649 4275 πάντων
3682 4224 4022 4295 ἐπιτέμνεται

2476 4315 2575 4384 τὴν
2606 4315 2817 4384 μνήμην
2844 4316 2871 4367 ὁ
2905 4312 3092 4385 παρὼν
3113 4312 3285 4381 λόγος,
3319 4313 3409 4365 καὶ
3447 4312 3714 4381 ἐπιλέγει·
3749 4316 3855 4368 Kal
3893 4315 4023 4383 ἐξη-

2476 4405 2650 4475 γέρθη
2694 4406 2773 4471 ὡς
2812 4408 2844 4458 ὁ
2882 4404 3357 4471 ὑπνῶν’Κύριος,
3397 4406 3475 4470 ὠς
3506 4405 3759 4474 δυνατὸς
3791 4408 3887 4461 καὶ
3937 4425 4023 4461 κε-

2476 4496 2888 4563 κραιπαληκὼς
2914 4496 2982 4560 ἐξ
3014 4496 3179 4549 οῑνου
3231 4496 3381 4549 Μετὰ
3423 4497 3481 4549 τὸ
3513 4496 3774 4567 ληφθῆναι
3811 4501 3910 4568 τὴν
3938 4517 4022 4552 κι-

2476 4586 2643 4639 δωτδν
2676 4586 2777 4639 ὑπὸ
2818 4586 2925 4639 τῶν
2956 4586 3279 4653 ἀλλοφύλων,
3312 4588 3403 4638 καὶ
3438 4587 3570 4657 μετὰ
3614 4587 3673 4638 τὸ
3716 4587 4019 4657 πραχθῆναι

2477 4678 2547 4731 τὰ
2578 4678 2976 4749 προλελεγμένα
3006 4679 3142 4731 κατὰ
3168 4678 3257 4730 τοῦ
3285 4678 3435 4740 λαοῦ,
3462 4678 3557 4745 τὴν
3588 4677 3885 4747 ἐπισκοπὴν
3927 4680 4020 4731 αὐ·-
4048 4672 4051 4673 ν

2477 4772 2568 4825 τοῦ
2614 4772 2823 4835 δεικνὺς
2871 4773 2899 4823 ὁ
2949 4769 3111 4832 Θεὸς,
3163 4770 3475 4841 μετέρχεται
3524 4771 3645 4830 τοὺς
3694 4767 4020 4838 ἀλλοφύλους

2430 4892 2431 4895 η
2476 4863 2687 4934 ἀοράτῳ
2708 4844 2937 4932 δυνάμει
2967 4861 3202 4925 κολάζων
3232 4861 3443 4926 αὐτούς.
3480 4860 3567 4911 Διὸ
3602 4859 3843 4913 λέλεκται
3863 4878 3878 4892 ·
3912 4862 4019 4915 Kal

2475 4951 2756 5024 ἐξηγέρθη
2781 4954 2860 5018 ὡς
2885 4955 2916 5005 ό
2940 4950 3145 5005 ὑπνῶν
3155 4952 3399 5019 Κύριος,
3418 4951 3501 5015 ὡς’
3519 4950 3770 5015 δυνατὸς
3796 4967 4019 5020 κεκραι-

2476 5042 2755 5109 παληκὼς
2802 5040 2871 5104 ἐξ
2915 5040 3114 5093 οῑνου·
3151 5041 3290 5094 κατὰ
3333 5038 3391 5091 δὲ
3432 5037 3521 5092 τὸν
3569 5038 3877 5110 Σύμμαχον,
3926 5041 4018 5106 Ὡς

2473 5135 2726 5199 δυνατὸς
2746 5131 3041 5187 διαλιίλῶν
3071 5133 3139 5198 ἐξ
3163 5134 3357 5186 οίνουο
3386 5128 3526 5200 κατὰ
3553 5130 3608 5184 δὲ
3642 5132 3730 5185 τὸν
3770 5132 4015 5199 Ἀκύλαν,

2484 5226 2576 5293 Ὠς
2612 5224 2864 5290 δυνατὸς
2907 5221 3388 5293 κεκραιπαληκὼς
3431 5222 3501 5287 ἐξ
3532 5225 3717 5279 alr-ou.
3746 5221 3877 5280 Εἶτα
3915 5225 4019 5278 διε-

2474 5310 2662 5391 νείρας
2703 5317 2860 5380 αὐτὸς
2893 5317 3100 5379 ἑαυτὸν,
3135 5316 3397 5370 πατάσσει
3426 5316 3549 5379 τοὺς
3581 5317 3805 5389 ἐχθροὺς
3831 5315 4013 5381 αὐτοῦ,

2472 5408 2666 5481 υηλαδὴ
2700 5407 2821 5469 τοὺς
2863 5407 2959 5477 τὴν
3006 5406 3231 5460 κιῦωτὺν
3270 5404 3370 5473 τῆς
3411 5405 3680 5481 Διαθήκης
3721 5402 4015 5459 ἀπολαϐόν-

2472 5515 2597 5563 τας·
2651 5496 2746 5551 καὶ
2778 5499 3035 5553 πατάσσει
3083 5496 3276 5559 αὐτοὺς
3303 5496 3381 5557 sl;
3415 5494 3484 5549 τὰ
3510 5495 3701 5562 ὀπίσω,
3741 5492 3920 5551 δίδωσι
3956 5508 4015 5546 τε
4062 5518 4069 5525 ι
