4406 6400
158 56 297 81 m1

366 502 468 556 957

1460 504 1952 560 COMMENTARIA
1988 502 2053 558 IN
2091 458 2455 558 PSALMOS;
2521 550 2529 560 .

3422 503 3529 561 9'58

363 616 538 680 αὐτοῖς
568 617 759 681 ὄνειδος
789 618 1019 673 αἰώνιον.
1052 620 1171 683 Πῶς
1199 620 1255 672 δὲ
1295 620 1371 682 είς
1401 622 1467 674 τὰ
1492 622 1661 673 ὀπίσω
1703 621 1894 674 ὲπάτα-
1920 628 1963 684 Α
1994 630 2103 673 tota

1788 621 1894 673 Ξιτα-
1920 628 1963 684 Α
1994 630 2103 673 tota
2124 624 2248 673 urbe
2268 604 2439 688 gravis
2478 618 2645 682 valde,
2685 627 2738 671 ut
2772 619 2983 672 intravit
3006 633 3130 670 arca
3165 614 3260 670 Dei
3294 616 3449 669 illuc:
3480 627 3528 671 et

364 705 449 770 ξεν
479 707 687 769 αὐτοὺς,
724 706 955 759 διδάσκει
1000 710 1033 778 ἡ
1071 708 1275 777 ἱστορία
1316 707 1501 761 τοῦτον
1535 714 1589 761 ὲν
1618 712 1682 779 τῇ
1712 708 1901 779 πρώτῃ

360 795 467 849 τῶν
508 796 795 850 Βασιλειῶν
839 798 1031 867 ἔχουσα
1074 797 1164 873 τον
1210 798 1403 867 τρόπον
1423 816 1435 829 ·
1479 800 1582 851 Kal
1614 797 1899 865 ἐϐαρύνθη

362 885 485 955 χεὶρ
515 888 728 954 Κυρίου
753 888 847 940 ἐπὶ
888 889 1026 953 τοὺς
1066 888 1375 953 Ἆζωτίους,
1404 889 1499 940 καὶ
1545 887 1901 942 ἐϐασάνισεν

360 975 592 1040 αὐτοὺς,
632 978 728 1029 real
768 977 1059 1037 ἐπάταξεν
1087 977 1302 1041 αὐτοὺς
1332 980 1417 1042 εἰς
1449 978 1553 1041 τὰς
1583 976 1756 1043 ἕδρας
1791 978 1898 1029 αὑ-

360 1061 491 1127 τῶν,
526 1063 637 1131 τὴν
665 1064 904 1124 Ἄζωτον
932 1066 1029 1119 καὶ
1060 1066 1131 1119 τὰ
1162 1067 1292 1133 ὅρια
1332 1065 1517 1133 αὐτῆς
1538 1084 1550 1095 ·
1588 1066 1680 1119 καὶ
1712 1061 1862 1128 αὖθις
1882 1082 1896 1095 ·

356 1152 468 1208 Kal
508 1151 778 1220 μετῆλθε,
821 1156 1001 1223 φησὶν,
1040 1156 1358 1222 ὐἱ-κιϐωτὸς
1400 1155 1503 1208 τοῦ
1546 1156 1765 1221 Κυρίου
1814 1157 1900 1219 είς

357 1244 562 1299 Γεθθά.
596 1244 703 1299 Kal
732 1244 961 1312 ἐγένετο
977 1246 1124 1314 μετὰ
1151 1246 1217 1299 τὸ
1240 1245 1541 1315 μετελθεῖν
1567 1245 1776 1313 αὐτὴν,
1802 1245 1898 1297 καὶ

356 1334 574 1402 γίνεται
623 1334 749 1401 χεὶρ
792 1336 1009 1403 Κυρίου
1054 1336 1122 1388 ἐν
1168 1334 1239 1403 τῇ
1282 1338 1449 1389 πόλει
1502 1336 1712 1403 κράτος
1748 1335 1899 1404 μέγα

356 1424 605 1492 σφόδρα.
651 1424 759 1477 Kal
795 1424 1049 1488 ἐπάταξε
1088 1427 1229 1491 τοὺς
1266 1426 1484 1493 ἄνδρας
1521 1424 1629 1493 τῆς
1670 1428 1899 1491 πόλεως

356 1512 471 1566 ἀπὸ
510 1512 719 1580 μικροῦ
745 1512 852 1577 ἕως
886 1513 1169 1581 μεγάλου,
1219 1512 1314 1565 καὶ
1347 1512 1639 1575 ἐπάταξεν
1680 1514 1897 1579 αὐτοὺς

340 1606 439 1667 εἰς
477 1602 580 1667 τὰς
626 1602 799 1670 ἔδρας
839 1604 1050 1657 αὐτῶν.
1083 1604 1192 1658 Kal
1228 1604 1740 1668 ἐξαποστέλλουσι
1785 1602 1898 1670 τὴν

356 1693 599 1746 κιϐωτὸν
637 1692 741 1745 τοῦ
782 1695 926 1748 Θεοῦ
957 1698 1044 1760 είς
1089 1694 1454 1748 Ἀσκάλωνα’
1503 1693 1600 1747 καὶ
1640 1693 1898 1759 ἐϐόησαν

355 1786 407 1837 οὶ
449 1780 855 1837 Ἀσκαλωνῖται
898 1786 1174 1853 λέγοντες
1193 1802 1204 1814 ⁸
1246 1786 1305 1839 Τί
1337 1783 1744 1852 ἀπεστρέψατε
1787 1782 1899 1849 τὴν

356 1875 593 1927 κιϐωτὸν
628 1874 732 1928 τοῦ
764 1876 907 1930 Θεοῦ
949 1878 1278 1931 θανατῶσαι
1308 1874 1493 1944 ἡμᾶς;
1524 1878 1631 1929 Καὶ
1662 1876 1895 1943 ἐπιλέγει

1998 707 2215 761 viventes
2264 715 2312 758 et
2352 706 2541 757 mortui
2584 706 2813 771 percussi
2858 713 3005 755 erant
3045 704 3097 755 in
3142 703 3439 770 podicibus;
3481 712 3531 756 et

2000 782 2227 851 ascendit
2278 797 2477 850 clamor
2514 795 2657 849 urbis
2703 798 2756 847 in
2798 796 2998 847 calum.
3042 792 3163 847 Ideo
3200 795 3253 846 in
3283 793 3532 862 pmsenti

1998 887 2202 954 psalmo
2246 886 2447 939 dictum
2493 892 2578 938 est
2608 903 2619 938 :
2652 882 2718 935 Et
2754 884 3004 950 percussit
3044 884 3278 935 inimicos
3324 899 3446 935 suos
3479 884 3535 936 in

1996 977 2303 1042 posteriora,
2350 975 2678 1041 opprobrium
2724 974 3088 1040 sempiternum
3134 973 3270 1025 dedit
3298 974 3392 1027 eis.
3420 970 3531 1042 0p-

1998 1065 2270 1134 probrium
2302 1066 2499 1135 quippe
2534 1071 2651 1119 erat
2694 1066 2748 1117 in
2782 1064 3062 1133 podicibus
3100 1076 3385 1131 percussos
3411 1063 3532 1116 illos

1998 1154 2186 1219 fuisse,
2235 1163 2419 1225 utpote
2461 1154 2553 1223 qui
2589 1155 2657 1209 iis
2694 1154 2747 1207 in
2783 1154 3026 1222 partibus
3060 1153 3245 1206 lascivi
3278 1152 3528 1207 fuissem.

1996 1245 2246 1301 Inimicos
2278 1248 2494 1317 quidem
2525 1262 2650 1301 suos
2697 1246 2777 1300 sic
2816 1246 2960 1299 ultus
2987 1254 3102 1311 est;
3138 1245 3379 1314 proprios
3406 1258 3533 1298 vero

1996 1340 2101 1393 sibi
2134 1339 2241 1393 alio
2291 1340 2451 1394 modo
2485 1338 2788 1407 castigavit.
2839 1337 3017 1403 Quare
3063 1339 3268 1391 dictum
3316 1347 3534 1393 est:—

1998 1427 2157 1483 Vens.
2184 1430 2274 1482 67.
2310 1428 2373 1481 Ει
2400 1430 2585 1497 repulit
2618 1428 3004 1481 tabernaculum
3024 1420 3232 1494 Ioseph.
3254 1426 3531 1491 Quodnam

1998 1519 2124 1571 illud
2157 1520 2259 1573 nisi
2293 1518 2499 1573 Silom?
2536 1519 2661 1572 Erat
2690 1519 2841 1579 enim
2865 1504 3027 1575 eaex
3057 1527 3203 1573 sorte
3239 1512 3488 1586 prraim
3517 1538 3529 1571 :

2001 1608 2251 1678 prraim
2281 1619 2455 1663 autem
2492 1610 2631 1664 ﬁlius
2660 1608 2853 1676 Ioseph
2886 1618 3018 1662 erat.
3055 1608 3178 1663 Idco
3212 1608 3432 1665 subdit:
3467 1608 3535 1661 Et

1996 1699 2180 1766 repulit
2208 1698 2594 1751 tabernaculum
2621 1696 2829 1764 Ioseph.
2859 1704 2906 1750 et
2938 1698 3123 1749 tribum
3157 1698 3405 1762 Ephrairn
3432 1713 3535 1751 non

1996 1789 2181 1857 elegit;
2226 1788 2435 1841 etiamsi
2476 1787 2704 1856 primum
2747 1800 2864 1840 eam
2907 1786 3171 1856 elegisset,
3205 1797 3259 1841 et
3284 1786 3517 1841 taberna-

1996 1879 2171 1931 culum
2194 1878 2390 1945 loseph
2417 1877 2565 1945 prius
2594 1875 2862 1933 affecisset
2885 1878 3112 1932 honore.
3140 1878 3315 1943 Quare
3364 1878 3529 1933 Silom

354 1966 504 2035 ἑξῆς·
545 1966 661 2020 Ὅτι
695 1966 939 2034 ἐγενήθη
974 1968 1270 2036 σύγχυσις
1299 1968 1551 2020 θανάτου
1585 1967 1653 2018 ἐν
1684 1966 1793 2032 ὅλῃ
1820 1965 1893 2033 τῇ
1926 1977 1963 2033 Β
1994 1970 2047 2022 in
2081 1985 2094 2022 ι

1820 1965 1893 2033 τῇ
1926 1977 1963 2033 Β
1994 1970 2047 2022 in
2081 1977 2371 2022 extremam
2402 1966 2741 2020 solitudinem
2772 1968 2984 2022 redacta
3011 1976 3114 2021 est.
3140 1965 3208 2021 Iis
3226 1983 3353 2022 vero
3374 1969 3533 2023 docet

354 2056 746 2123 πόλειλβαρεῒα
772 2057 1020 2125 σφόδρα,
1043 2054 1123 2121 ὣς
1149 2056 1431 2123 εἰσῆλθεν
1462 2056 1499 2123 ἠ
1530 2056 1767 2119 κιϐωτὸς
1788 2055 1893 2107 τοῦ
1994 2075 2091 2113 exe

1818 2055 1893 2107 of;
1994 2060 2239 2127 exemplo
2291 2058 2435 2111 illius
2483 2056 2671 2119 Silom,
2719 2064 2778 2111 ut
2821 2073 2889 2112 ne
2917 2057 3079 2110 altum
3118 2058 3326 2127 sapiant
3352 2058 3443 2127 qui
3475 2060 3530 2113 in

356 2147 499 2222 Θεοῦ
552 2148 696 2200 ἔχεῖ·
748 2148 845 2200 καὶ
896 2151 948 2201 οἱ
994 2147 1197 2212 ζῶντες
1245 2146 1343 2213 καὶ
1390 2150 1444 2201 οἱ
1496 2148 1894 2212 ἀποθανόντες
1993 2143 2096 2198 Jerl

1787 2163 1894 2212 -τες
1993 2143 2288 2199 Jerusalem
2333 2146 2596 2217 habitant,
2642 2146 2783 2216 quod
2828 2148 3227 2202 tabernaculum
3259 2156 3527 2207 et‘arcam

350 2236 740 2303 ἐκλήχθησαν
772 2240 855 2302 εις
880 2240 982 2301 τὰς
1003 2236 1176 2304 ἕδρας
1197 2254 1209 2266 δ
1251 2237 1347 2289 καὶ
1386 2236 1565 2302 ἀνέϐη
1598 2237 1636 2303 ἡ
1668 2234 1892 2303 κραυγὴ
1994 2249 2089 2287 acc

1790 2234 1892 2301 υγὴ
1994 2236 2299 2304 acceperint
2330 2252 2341 2287 :
2371 2236 2571 2304 quippe
2599 2236 2793 2308 similia
2825 2237 3011 2305 primis
3036 2236 3268 2307 passuri,
3290 2238 3392 2291 nisi
3424 2237 3530 2291 Deo

356 2323 465 2392 τῆς
482 2328 705 2391 πόλεως
720 2330 804 2392 εὶς
828 2327 932 2379 τόν
957 2327 1231 2393 οὐρανόν.
1254 2328 1350 2379 Διὰ
1374 2326 1437 2397 δὴ
1462 2325 1630 2380 ταῦτα
1655 2326 1897 2379 λέλεκται
1995 2323 2096 2393 digl

1793 2342 1897 2379 ιται
1995 2323 2141 2393 digni
2167 2323 2487 2390 elﬁciantur,
2523 2326 2667 2396 quod
2705 2342 2835 2381 sane
2864 2328 3107 2397 sequenti
3136 2336 3373 2397 tempore
3404 2343 3533 2381 con-

353 2416 411 2465 ὲν
439 2414 517 2484 τῷ
548 2416 769 2487 παρόντι
798 2416 1020 2487 ψαλμῷ·
1056 2418 1161 2469 Kal
1203 2415 1457 2479 ἐπάταξε
1484 2415 1623 2481 τοὺς
1653 2404 1898 2483 ἐχθροὺς
2000 2416 2135 2483 tigit.

350 2504 531 2557 αὑτοῦ
566 2509 651 2571 εις
686 2507 757 2560 τὰ
781 2509 999 2561 ὀπίσω·
1030 2506 1253 2573 ὄνειδος
1312 2508 1546 2560 αἰώνιον
1606 2506 1823 2559 ἔδωκεν
1882 2504 2095 2570 αὺτοῖς.
2136 2506 2370 2568 Ὀνειδος
2420 2507 2523 2576 γὰρ
2559 2505 2625 2578 ἦν
2691 2508 2750 2559 τὸ
2796 2510 2852 2559 ὲν
2883 2525 3001 2571 ταις
3047 2513 3227 2579 εόραις
3268 2510 3536 2580 πληγῆναι

352 2599 562 2662 αὐτοὺς,
597 2601 671 2663 ὡς
733 2601 798 2654 ἂν
832 2603 1299 2665 ἀκολασταίνοντας
1344 2606 1401 2655 ὲν
1462 2602 1683 2663 ἐκείνοις
1717 2604 1826 2663 τοῖς
1865 2602 2070 2673 μέρεσι.
2137 2601 2272 2663 Τοὺς
2321 2602 2419 2669 μὲν
2467 2602 2688 2671 ἐχθροὺς
2728 2601 2897 2665 οὓτως
2946 2605 3344 2674 ἐτιμωρήσατο·
3411 2607 3536 2667 τοὺς

352 2688 409 2742 δὲ
444 2691 667 2755 οἰκείους
736 2693 902 2763 ἑτέρῳ
936 2695 1244 2763 μετήρχετο.
1279 2694 1369 2746 Διὸ
1413 2694 1621 2765 εἴρητο⁸
1647 2694 1755 2770 Kal
1817 2693 2089 2747 ἀπώσατο
2136 2694 2201 2747 τὸ
2239 2694 2523 2761 σκήνωμα
2593 2693 2817 2758 Ἰωσήφ.
2868 2693 3021 2744 Ποῖον
3056 2694 3111 2745 δὲ
3152 2692 3305 2745 τοῦτο
3355 2694 3467 2745 ἀλλ’
3499 2695 3533 2764 ἢ

352 2782 449 2853 τὴν
474 2782 666 2853 Σηλώμ
688 2800 703 2848 ;
724 2780 828 2836 Ἦν
850 2786 955 2855 γὰρ
979 2786 1111 2855 αὑτὴ
1134 2787 1233 2854 τῆς
1259 2785 1611 2855 κληρονομίας
1660 2785 1924 2857 Ἐφραῖμο
1975 2786 2204 2859 Ἐφραῒμ
2236 2785 2288 2839 δὲ
2336 2784 2427 2837 τοῦ
2467 2784 2659 2853 Ἰωσὴφ
2724 2784 2835 2845 υἱὸς
2863 2780 2950 2852 ἦν.
2984 2783 3074 2835 Διὸ
3118 2782 3388 2850 ἐπιλέγει·
3423 2782 3535 2835 Kal

353 2875 627 2937 ἀπώσατο
699 2878 765 2931 τό
802 2878 1081 2947 σκήνωμα
1126 2878 1375 2947 Ἰωσὴφ,
1426 2878 1520 2931 καὶ
1570 2879 1683 2947 τὴν
1723 2881 1925 2951 φυλὴν
1974 2882 2211 2949 Ἐφραῒμ
2259 2882 2367 2933 οὐκ
2454 2877 2802 2941 ἐξελέξατο·
2852 2874 3050 2944 καίπερ
3102 2873 3268 2943 αὐτὴν
3314 2874 3537 2944 πρώτην
3645 2894 3655 2913 ι

353 2967 721 3037 ἐκλεξάμενος,
755 2971 845 3021 καὶ
884 2969 943 3021 τὸ
980 2972 1230 3040 σκήνωμα
1267 2970 1463 3039 Ἰωσὴφ
1492 2962 1702 3040 πρῶτον
1758 2975 2011 3040 τιμήσας.
2033 2972 2121 3024 Διὸ
2154 2974 2247 3025 καὶ
2275 2973 2308 3041 η
2336 2968 2531 3041 Σηλὼμ
2586 2969 2664 3030 εἰς
2701 2967 2930 3035 ἐσχάτην
2988 2966 3219 3035 ἐρημίαν
3275 2964 3529 3035 κατέστη,

355 3057 674 3139 Παιδεύειδὲ
696 3058 783 3112 διὰ
817 3060 1015 3113 τούτων
1042 3063 1070 3114 ὁ
1095 3062 1247 3128 λόγος
1310 3061 1393 3113 διὰ
1424 3060 1513 3113 τοῦ
1581 3060 2014 3131 παραδείγματος
2074 3064 2170 3133 τῆς
2212 3062 2406 3134 Σηλὼμ
2452 3062 2527 3132 μὴ
2597 3060 2735 3129 μέγα
2766 3060 2975 3127 φρονεῖν
3005 3056 3128 3118 τοὺς
3156 3058 3212 3108 ὲν
3238 3057 3304 3124 τῇ
3342 3055 3536 3123 ’ἱερου-

356 3151 551 3222 σαλὴμ,
579 3151 674 3223 τὴν
700 3154 900 3224 σκηνὴν
928 3155 1018 3207 καὶ
1051 3155 1147 3225 τὴν
1184 3154 1404 3207 κιϐωτὸν
1466 3153 1911 3225 ὑποδεξαμένους
1952 3156 2228 3209 πείσεσθαι
2272 3156 2379 3226 γὰρ
2425 3154 2506 3208 τὰ.
2531 3154 2689 3223 ὅμοια-
2726 3154 2834 3213 τοῖς
2876 3146 3128 3219 πρώτοις.
3171 3148 3220 3199 ει
3266 3145 3339 3216 μὴ
3399 3143 3535 3209 ἄξιοι

354 3241 579 3311 γίνοιντο
626 3244 719 3297 τοῦ
768 3245 997 3298 Θεοῦ·’ὃ
1034 3236 1110 3317 δη
1144 3249 1235 3300 καὶ
1283 3246 1458 3316 ἀπέϐη
1500 3248 1555 3299 ὲν
1588 3249 1696 3309 τοῖς
1752 3246 1887 3316 μετὰ
1920 3246 2088 3300 ταῦτα
2120 3248 2345 3317 χρόνοις.

422 3363 527 3416 Kal
560 3361 870 3425 ἐξελέξατο
897 3363 1009 3430 τὴν
1038 3364 1241 3433 φυλὴν
1266 3364 1468 3427 Ἰούδα,
1493 3364 1557 3417 τὸ
1586 3364 1717 3431 ὄρος
1748 3363 1895 3417 Σιὼν
1921 3370 1961 3427 C
1996 3411 2003 3417 .
2062 3362 2162 3417 Vs!

1795 3363 2003 3427 ιὼνο.
2062 3362 2225 3418 Vsus.
2272 3323 2493 3423 68,.69.
2552 3357 2619 3411 Et
2658 3357 2805 3426 elegit
2855 3354 3045 3407 tribum
3086 3352 3261 3417 Iuda,
3311 3360 3534 3404 montem

355 3450 387 3504 ὃ
412 3450 705 3519 ἠγάπησε.
739 3454 846 3507 Kal
880 3453 1257 3521 ᾠκοδόμησεν
1284 3460 1363 3521 ὡς
1382 3454 1794 3523 μονοκερώτων
1828 3455 1893 3507 τὸ

354 3540 615 3608 ἀγίασμα
649 3540 829 3595 αὐτοῦ
854 3543 922 3594 ὲν
946 3541 1018 3609 τῇ
1051 3542 1146 3612 τῇ,
1183 3545 1570 3612 ἐθεμελίωσεν
1593 3544 1783 3612 αὐτὴν
1810 3546 1895 3609 εὶς

354 3632 460 3685 τὸν
488 3630 689 3685 αἰῶνα.
720 3630 892 3701 Φυλὴν
932 3632 1027 3702 μὲν
1067 3632 1235 3701 φυλῆς
1268 3621 1767 3701 ἀντικατηλλάξατο,
1798 3634 1895 3703 τὴν

354 3723 524 3793 φυλὴν
539 3705 927 3793 Βενιαμὶναντὶ
950 3722 1046 3790 τῆς
1071 3722 1237 3793 φυλῆς
1270 3723 1461 3792 Ἰωσήφ
1477 3740 1490 3751 ·
1524 3722 1619 3773 καὶ
1645 3722 1805 3774 τόπον
1836 3724 1892 3775 δὲ

352 3813 474 3866 ἀντὶ
495 3812 654 3865 τόπου
689 3812 885 3875 εἵλατο,
917 3812 1013 3882 τῆς
1034 3811 1227 3882 Σηλὼμ
1262 3812 1358 3882 τὴν
1391 3810 1735 3881 Ἰερουσαλὴμ
1762 3828 1894 3882 προ-

354 3906 543 3976 κρίνας
564 3921 580 3937 ·
609 3904 741 3958 ἀλλὰ
766 3905 858 3958 καὶ
892 3902 1014 3975 ὅρος
1047 3904 1163 3957 ἀντὶ
1192 3903 1347 3974 ὅρους
1368 3904 1636 3971 ἠγάπησε,
1673 3901 1732 3953 τὸ
1756 3900 1891 3953 Σιὼν

352 3993 549 4065 δηλαδὴ
588 3994 705 4048 ἀντὶ
755 3992 843 4047 τοῦ
875 3994 1031 4065 ὅρους
1077 3992 1170 4061 τοῦ
1217 3996 1272 4046 ὲν
1304 3990 1516 4063 Σηλὼμ.
1564 3987 1701 4044 Εἷτά
1730 4006 1891 4059 φησι’

355 4082 461 4138 Kal
497 4082 874 4154 ᾠκοδόμησεν
919 4084 999 4149 ὡς
1050 4081 1459 4151 μονοκερώτων
1511 4081 1576 4133 τὸ
1637 4080 1896 4148 ἀγίασμα

355 4172 538 4227 αὑτοῦ
556 4189 569 4203 ·
608 4172 743 4225 κατὰ
786 4172 843 4225 δὲ
890 4172 979 4224 τὸν
1034 4171 1258 4223 ’Δκύλαν
1281 4210 1296 4235 ,
1356 4171 1462 4225 Kal
1514 4167 1896 4235 ᾠκοδόμησεν

354 4264 566 4333 ὁμοίως
584 4260 840 4329 ὑψηλοῖς
868 4262 1126 4331 ἀτίασμα
1150 4260 1333 4315 αὐτοῦ
1350 4279 1363 4291 ο
1395 4259 1532 4315 κατὰ
1562 4258 1616 4311 δὲ
1638 4260 1726 4311 τὸν
1748 4258 1818 4310 Σύ
1827 4275 1893 4327 μ.-

359 4369 547 4425 μαχον,
578 4350 684 4417 Kal
708 4349 1088 4419 ᾠκοδόμησεν
1114 4350 1194 4416 ὡς
1214 4348 1295 4415 τὰ
1313 4349 1518 4418 ὑψηλὰ
1548 4347 1614 4401 τὸ
1635 4348 1896 4416 ἀγίασμα

355 4442 559 4499 αὐτοῦ.
604 4428 829 4511 Ὁμοίως
858 4436 947 4494 οὖν
981 4437 1197 4511 ὑψηλοῖς
1230 4440 1324 4499 καὶ
1361 4441 1437 4504 ὡς
1458 4440 1527 4493 τὰ
1558 4438 1664 4511 ὕψη
1696 4438 1895 4508 ᾠκοδό-

360 4546 498 4600 μησε
519 4528 581 4582 τδ
602 4530 841 4601 ἁγίασμα
869 4524 1052 4582 αὑτοῦ.
1089 4527 1419 4598 ’Δναπέμπει
1450 4530 1493 4583 δ’
1516 4530 1659 4600 ἡμᾶς
1688 4531 1717 4582 ὁ
1742 4528 1895 4595 λόγος

356 4621 435 4683 εις
465 4619 597 4690 βαθῦ
627 4621 718 4692 καὶ
748 4621 1064 4693 ἀπόρρητον.
1087 4617 1227 4684 νοῦν,
1269 4617 1555 4684 διδάσκων,
1583 4619 1657 4684 ὡς
1704 4619 1764 4672 τὸ
1802 4618 1895 4671 ἐπὶ

1996 3455 2146 3516 Sion,
2194 3471 2343 3517 quem
2385 3450 2585 3504 dilexit.
2633 3447 2699 3501 Et
2729 3445 3007 3513 adiﬁcavit
3042 3443 3177 3507 sicut
3207 3442 3535 3495 unicornium

1952 3542 1953 3545 “
1994 3548 2338 3617 sanctiﬁcium
2378 3561 2528 3598 suum
2565 3545 2618 3596 in
2652 3552 2812 3602 terra,
2853 3538 3090 3608 fundavit
3116 3553 3230 3590 eam
3268 3537 3322 3588 in
3364 3547 3534 3611 sacu-

1993 3640 2125 3695 lum.
2148 3636 2370 3691 Tribum
2415 3650 2514 3705 pro
2548 3634 2689 3689 tribu
2720 3629 3086 3691 commutavit,
3111 3626 3308 3681 tribum
3337 3624 3533 3691 Benja-

1993 3732 2103 3785 min
2126 3744 2223 3800 pro
2245 3728 2387 3781 tribu
2406 3724 2602 3795 Josepb
2627 3743 2641 3779 :
2663 3730 2716 3778 et
2748 3723 2923 3775 locum
2946 3732 3043 3789 pro
3058 3718 3177 3772 loco
3188 3714 3382 3785 elegit;
3405 3712 3533 3767 Bie-

1992 3820 2318 3888 rosolymam
2364 3815 2477 3869 Silo
2524 3824 2887 3881 anteponens;
2933 3809 3040 3862 imo
3086 3806 3244 3861 etiam
3297 3812 3529 3857 montem

1993 3924 2090 3979 pro
2124 3914 2303 3962 monte
2326 3904 2534 3968 dilexit,
2567 3902 2696 3956 Sion
2725 3900 2992 3960 videlicet,
3021 3910 3118 3965 pro
3142 3901 3323 3979 monte
3354 3894 3447 3979 qui
3475 3893 3531 3951 in

1995 3978 2108 4045 Silo
2142 3998 2278 4045 erat.
2325 3986 2523 4040 Deinde
2579 3984 2691 4037 ait:
2719 3981 2787 4034 Et
2824 3979 3101 4049 adi/ienuit
3144 3978 3279 4030 sicut
3323 3978 3535 4029 uniter-

1994 4081 2138 4133 nium
2181 4077 2528 4145 sanctiﬁeium
2561 4086 2751 4134 suum;
2779 4067 3073 4126 secundum
3114 4066 3359 4137 Aquilam
3383 4080 3533 4128 vero,

1995 4170 2064 4225 Et
2092 4168 2366 4239 adiﬁcavit
2406 4164 2574 4220 simile
2615 4163 2831 4217 excelsis
2863 4148 3208 4227 sancti/icium
3232 4172 3417 4220 suum;
3448 4170 3535 4211 se-

1994 4262 2229 4317 cundum
2278 4245 2659 4327 Symmacbum
2709 4262 2907 4313 autem,
2952 4248 3017 4302 Et
3048 4248 3320 4311 adiﬁcavit
3350 4255 3403 4298 ut
3434 4261 3532 4300 ea:-

1996 4334 2139 4406 celsa‘
2161 4346 2506 4416 sanctiﬁcium
2540 4359 2712 4397 suum.
2758 4339 3123 4395 Sanctiﬁcium
3154 4338 3333 4405 itaque
3368 4345 3527 4387 suum

1997 4441 2171 4498 simile
2208 4436 2457 4495 excelsis,
2492 4418 2584 4487 aut
2616 4440 2675 4486 ut
2704 4430 2914 4484 excelsa
2960 4425 3261 4481 aediﬁcavit.
3293 4421 3401 4474 Nos
3432 4434 3530 4472 au-

1995 4541 2102 4587 tem
2130 4529 2197 4583 ad
2231 4526 2551 4599 profundum
2582 4529 2636 4577 et
2675 4532 2927 4573 arcanum
2973 4528 3187 4570 sensum
3236 4512 3413 4599 sermo
3444 4523 3531 4562 re-

1996 4620 2183 4683 mittit,
2222 4597 2422 4674 docens
2450 4612 2804 4669 sanctillcium
2839 4605 2968 4659 illud
3002 4605 3054 4657 in
3082 4612 3243 4663 terra,
3277 4600 3333 4653 in
3367 4597 3527 4652 leru-

355 4710 458 4779 γῆς
498 4690 737 4782 aqth
774 4710 835 4764 τὺ
858 4690 956 4763 *ἐπὶ
995 4710 1090 4779 τῆς
1125 4708 1469 4777 Ἰερουσαλὴμ
1516 4711 1609 4763 καὶ
1657 4709 1734 4779 τῷ
1782 4709 1895 4779 δρει
1926 4711 1969 4766 D
2000 4711 2095 4766 salt

1784 4709 1895 4779 ὖρει
1926 4711 1969 4766 D
2000 4711 2165 4766 salem
2186 4708 2322 4769 etin
2352 4712 2527 4758 monte
2553 4700 2681 4754 Sion
2710 4695 3085 4754 constitutum,
3122 4690 3524 4782 similitudinem

356 4799 493 4853 Σιὼν
518 4801 787 4861 καταστὰν
830 4801 1085 4871 ὁμοίωσιν
1128 4794 1240 4868 εἶχε
1267 4796 1373 4850 τῶν
1415 4798 1471 4849 ὲν
1512 4801 1626 4861 τοῖς
1659 4798 1898 4868 ὑψηλοῖς,

358 4890 451 4943 καὶ
471 4891 775 4963 ᾠκοδόμητο
802 4892 877 4954 ὡς
906 4892 975 4946 τὰ
1002 4892 1110 4961 ὕψη
1132 4891 1250 4944 κατ’
1279 4888 1458 4942 εἰκόνα
1485 4889 1577 4940 καὶ
1610 4889 1732 4941 καθ’
1753 4887 1900 4957 ὁμοί-

357 4995 489 5031 ωσιν
516 4981 796 5049 γενόμενον
821 4980 926 5033 τῶν
953 4982 1010 5034 ὲν
1047 4979 1290 5053 οὐρανοῖς
1328 4975 1570 5045 ὑψηλῶν·
1598 4974 1635 5029 ἃ
1660 4975 1724 5046 δὴ
1756 4977 1849 5029 καὶ
1870 4976 1899 5028 ό

371 5069 682 5134 ’Δπόστολος
702 5072 933 5143 παρίστη
958 5071 1127 5139 λέγων
1145 5088 1159 5103 ο
1190 5071 1250 5125 Ἠ
1268 5068 1334 5122 δὲ
1362 5067 1483 5121 ἀνω
1516 5065 1898 5135 Ἰερουσαλὴμ

358 5158 634 5226 ἐλευθέρα
682 5158 850 5214 ἐστίν
868 5179 881 5192 ·
922 5163 1032 5227 καὶ,
1079 5158 1565 5230 Προσεληλύθατε
1604 5155 1754 5210 Σιὼν
1778 5156 1897 5225 ὄρει

361 5249 456 5303 καὶ
488 5250 655 5302 πόλει
690 5250 837 5304 Θεοῦ
881 5250 1092 5318 ζῶντος
1138 5246 1515 5320 Ἰερουσαλὴμ
1546 5246 1892 5314 ἐπουρανίῳ.

361 5339 450 5392 Διὸ
491 5338 626 5391 κατὰ
669 5338 759 5391 τὸν
806 5340 1051 5419 ’Δκύλαν
1076 5342 1285 5412 εἴρηται
1304 5380 1320 5404 ,
1364 5340 1469 5394 Kal
1516 5336 1926 5403 ᾠκοδόμησεν·

362 5429 568 5497 ὁμοίως
592 5427 847 5496 ὑψηλοῖς
873 5430 1133 5498 ἁγίασμα
1162 5430 1345 5485 αὐτοῦ
1361 5446 1375 5461 ο
1398 5428 1536 5483 κατὰ
1558 5428 1615 5481 δὲ
1642 5426 1732 5479 τὸν
1756 5426 1826 5477 Σύ
1834 5443 1899 5495 μ-

365 5535 552 5589 μαχον,
579 5519 681 5571 Kal
708 5516 1081 5585 ᾠκοδόμησεν
1114 5520 1193 5585 ὡς
1221 5522 1293 5573 τὰ
1318 5520 1523 5589 ὑψηλὰ
1543 5519 1606 5571 τὸ
1639 5518 1896 5585 ἀτίασμα

360 5606 575 5659 αὑτοῦ·
600 5605 743 5658 κατὰ
765 5605 831 5657 δὲ’
855 5607 978 5668 τοὺς
1010 5606 1420 5679 Ἐόδομήκοντα,
1455 5610 1547 5674 Ὦς
1574 5604 1894 5677 μονοκερὼ-

344 5710 478 5763 ¹τίον
493 5684 833 5763 ᾠκοδόμησε
856 5692 921 5746 τὸ
942 5693 1198 5761 ἀγίασμα
1224 5697 1435 5751 αὐτοῦ’
1464 5696 1717 5750 νοούντων
1742 5694 1895 5764 ἡμῶν

434 5846 478 5877 ⁸³
508 5845 622 5902 Gal.
653 5844 847 5909 Iv,~26.
918 5846 963 5876 ³⁵⁸
993 5843 1125 5897 Heb.
1157 5860 1253 5907 xu,
1284 5846 1371 5901 2'3.

638 5942 902 6001 Ριτιιοι..
935 5938 1049 5999 Gu.
1085 5938 1315 5998 XXIII.

2000 4796 2252 4853 habuisse
2282 4807 2403 4846 cum
2428 4805 2492 4843 eo
2516 4785 2659 4857 quod
2692 4786 2746 4839 in
2777 4782 3005 4839 excelsis
3032 4788 3136 4844 est,
3183 4788 3237 4833 et
3262 4779 3328 4832 ad
3354 4777 3529 4831 excel-

2001 4901 2182 4944 sorum
2212 4882 2427 4945 modum
2456 4884 2824 4932 constructum
2848 4870 3142 4935 luisse,ad
3165 4872 3443 4941 imaginem
3475 4874 3530 4921 et

2000 4972 2401 5033 similitudinem
2455 4969 2790 5023 excelsorum
2844 4964 3179 5028 caelestium;
3225 4974 3345 5031 qua:
3401 4957 3527 5010 item

1996 5064 2283 5137 Apostolus
2313 5059 2604 5115 declaravit
2635 5058 2822 5113 dicens
2848 5075 2860 5111 :
2889 5054 2995 5109 Illa
3019 5069 3138 5108 vero
3175 5066 3289 5121 qua:
3320 5046 3526 5137 sursum

1996 5134 2072 5211 est
2107 5152 2397 5208 Jerusalem
2448 5150 2610 5203 libera
2639 5158 2715 5203 est
2740 5146 2816 5213 “;
2843 5154 2915 5208 et,
2950 5143 3245 5198 Accessistis
3296 5138 3363 5191 ad
3400 5134 3529 5191 Sion

1998 5254 2219 5299 montem
2260 5250 2309 5293 et
2357 5240 2613 5293 civitatem
2654 5238 2748 5291 Dei
2784 5236 3015 5297 viventis,
3046 5230 3333 5285 Jerusalem
3378 5226 3529 5279 cale-

1998 5345 2124 5390 stem
2144 5332 2207 5384 “.
2241 5329 2738 5396 Quarc'secundum
2762 5321 3258 5395 Aquilam’dicitur,
3298 5314 3366 5369 Et
3391 5314 3525 5369 adi-

2001 5424 2173 5495 ﬁcavit
2207 5421 2373 5475 simile
2402 5421 2617 5474 excelsis
2645 5416 2992 5485 sanctiﬁeiurn
3016 5424 3195 5467 suum:
3232 5406 3526 5463 secundum

2002 5510 2379 5585 Symmachum
2402 5526 2551 5571 vero,
2588 5509 2653 5562 Et
2680 5505 2955 5573 aediﬁcavit
2978 5511 3034 5554 ut
3054 5498 3257 5553 excelsa
3293 5495 3529 5585 sanctiﬁ-

2001 5583 2135 5659 cium
2158 5618 2338 5664 suum;
2364 5601 2657 5657 secundum
2690 5595 2824 5650 LXX
2854 5606 2980 5653 vero
3006 5590 3346 5658 lnterpreles,
3371 5583 3530 5637 Αέιιε-

1960 5695 2172 5766 ‘ﬁcavit
2208 5694 2355 5748 .sicut
2416 5683 3129 5774 unicorniumuanctiﬁcium
3195 5692 3364 5733 suum.
3420 5674 3532 5731 Νῦν

3210 5925 3287 5983 30
