4406 6434
881 529 990 588 939

1551 523 1820 613 EUSFiBll
1858 522 2339 580 CIESARIENSIS
2372 523 2525 581 OPP.
2569 523 2747 579 PARS
2784 525 2873 580 Ill.
2903 557 2971 568 —
3001 525 3410 585 EXEGETICA.

3994 528 4113 586 940

886 666 1055 724 porro
1104 648 1452 718 intelligimus
1509 647 1801 701 unicornes
1863 660 1984 701 esse
2034 660 2150 709 eos,
2212 661 2444 716 quorum
2472 651 2518 708 Α
2548 666 2626 717 μοι

2368 661 2444 700 1m
2472 651 2518 708 Α
2548 650 2922 719 μονοκέρωτας
2943 643 3078 701 εἶναι
3105 648 3230 712 τοὺς
3260 649 3319 700 τὸ
3343 648 3406 701 ἓν
3431 646 3596 718 κέρας
3629 647 4108 719 ἐπιγραφομένους

887 757 1054 799 unum
1083 755 1249 795 cornu
1289 737 1621 808 descriptum
1652 738 1706 791 in
1734 736 1874 791 caelo
1905 744 2010 800 est,
2038 751 2176 806 quos
2205 736 2439 806 Aposto-

888 836 972 890 lus
997 834 1078 888 bis
1109 831 1288 886 verbis
1323 829 1633 884 declarabat
1663 847 1680 882 :
1717 827 1784 880 Et
1812 826 1879 880 ad
1907 828 2192 881 multorum
2217 828 2443 882 millium

886 927 1186 996 angelorum
1230 922 1602 986 celebritatem,
1647 930 1697 974 et
1737 918 2029 989 Ecclesiam
2071 921 2471 990 primogenito-'

883 1037 1022 1084 rum,
1063 1019 1151 1089 qui
1180 1016 1426 1085 descripti
1472 1022 1593 1068 sunt
1622 1013 1678 1066 in
1727 1013 1868 1067 caelis
1894 1012 1961 1068 “.
1996 1011 2101 1068 Sed
2142 1013 2325 1079 etiam,
2360 1014 2442 1089 in:

882 1112 1018 1181 quit,
1059 1076 1112 1162 in
1143 1119 1285 1162 terra
1322 1105 1558 1175 fundarit
1591 1119 1706 1158 eam
1729 1104 1784 1156 in
1821 1103 2093 1157 sceculum.
2133 1076 2452 1158 Secundum»

883 1199 1265 1274 Symmachum
1298 1204 1499 1258 autem,
1531 1195 1664 1250 sicut
1696 1203 1910 1260 terram,
1939 1211 2096 1264 quam
2116 1194 2352 1264 fundavit
2385 1196 2440 1274 in

882 1267 1153 1348 saeculum.
1189 1290 1322 1344 Nam
1355 1286 1716 1344 sanctiﬂcium
1751 1286 1883 1341 illud
1928 1287 2070 1356 quod
2100 1287 2155 1342 in
2194 1267 2438 1343 sensibili

879 1395 932 1442 et
965 1395 1182 1441 terrena
1211 1381 1516 1438 Jerusalem
1567 1389 1671 1443 est,
1711 1380 1793 1434 sic
1837 1373 2124 1434 aedificavit
2163 1380 2220 1434 in
2270 1389 2434 1435 terra.

881 1477 1034 1530 Sicut
1062 1476 1207 1530 enim
1239 1481 1381 1528 terra
1436 1469 1612 1525 media
1646 1471 1786 1524 inter
1815 1485 1983 1540 aquas
2027 1470 2438 1540 comprehendi-

877 1578 969 1622 tur
1003 1564 1299 1622 secundum
1345 1561 1702 1632 Scripturam,
1738 1561 1810 1614 ita
1839 1569 1892 1615 et
1919 1559 2215 1617 Jerusalem
2258 1561 2436 1618 media

879 1658 1021 1711 inter
1051 1656 1381 1724 alienigenas
1410 1659 1599 1724 gentes
1639 1650 1817 1720 posita
1856 1658 1992 1705 erat.
2023 1649 2202 1716 Quare
2229 1652 2433 1706 dictum

876 1757 961 1803 est
993 1749 1045 1801 in
1071 1746 1367 1817 prophetiis
1397 1765 1409 1799 :
1443 1744 1568 1798 Ηίεε
1595 1751 1671 1797 est
1695 1741 2014 1810 Jerusalem,
2041 1744 2093 1799 in
2123 1729 2436 1814 medio'gen-

877 1842 1006 1895 tium
1031 1840 1180 1909 posui
1203 1838 1353 1892 illam
1373 1838 1438 1891 “.
1462 1836 1575 1892 Sub
1595 1837 1708 1890 haec
1727 1844 1906 1890 autem
1933 1835 2035 1889 ait:
2055 1864 2123 1874 -—
2153 1833 2312 1889 Vens.
2346 1835 2430 1889 70.
2460 1853 2472 1862 '

882 1931 1046 2002 Elegit
1077 1929 1242 1984 Dauid
1274 1945 1477 1984 servum
1499 1945 1677 1994 suum,
1707 1927 1775 1982 de
1803 1941 1913 1997 quo
1942 1926 2146 1981 dictum
2185 1933 2267 1980 est
2295 1945 2306 1979 :
2337 1924 2432 1984 ln-

2543 742 2661 794 κατ’
2688 741 2945 814 οὐρανὸν,
2976 740 3069 804 οὒς
3097 741 3280 816 ἐδήλου
3318 741 3489 808 λέγων
3524 741 3554 792 ὁ
3591 741 3937 804 Ἀπόστολοςο
3987 738 4108 796 Καὶ

2535 834 2819 905 μυριάσιν
2879 834 3146 904 ἀγγέλων
3193 821 3519 902 πανηγύρει
3541 873 3557 897 ,
3612 833 3710 886 καὶ
3776 833 4108 901 Ἐκκλησία

2541 929 2922 996 πρωτοτόκων
2958 924 3487 996 ἀπογεγραμμένων
3517 925 3586 978 ἐν
3609 925 3902 993 οὐρανοῖς.
3938 924 4106 980 Ἀλλά

2540 1021 2630 1072 καὶ
2653 1020 2721 1072 ἐν
2742 1017 2816 1086 τῇ
2854 1017 2952 1087 ni,
3002 1017 3184 1088 φησὶν,
3231 1016 3622 1085 ἐθεμελίωσεν
3647 1015 3840 1083 αὐτὴν
3873 1018 3960 1080 εις
3989 1015 4108 1069 τὸν

2538 1103 2739 1158 αίῶνα.
2774 1105 2931 1158 Κατά
2967 1104 3024 1157 δὲ
3058 1103 3148 1158 τὸν
3195 1102 3504 1174 Σύμμαχον,
3553 1103 3647 1169 Ὠς
3688 1103 3804 1172 τὴν
3834 1102 3968 1175 τῆν,
4016 1101 4106 1172 ἢν

2538 1197 2926 1266 ἐθεμελίωσεν
2951 1197 3038 1262 είς
3073 1195 3180 1250 τὸν
3205 1195 3405 1250 αίῶνα.
3445 1196 3652 1267 Τὺμγάρ
3677 1197 3922 1267 ἀγίασμα
3950 1196 4010 1250 τὺ
4036 1197 4102 1250 ὲν

2537 1291 2601 1360 τῇ
2643 1289 2868 1360 αίσθητῇ
2915 1288 3007 1342 καὶ
3047 1289 3270 1358 ὲπιγείῳ
3318 1289 3668 1361 Ἰερουσαλὴμ
3702 1289 3872 1354 οὕτως
3895 1289 4099 1360 ᾠκοδό-

2541 1385 2709 1451 μησεν
2757 1383 2835 1444 είς
2863 1381 2960 1451 τὴν
2994 1380 3118 1450 γῆν.
3151 1380 3357 1451 Ὠσπερ
3385 1382 3492 1452 γὰρ
3535 1381 3666 1452 ἡγῆ
3701 1382 3839 1452 μέση
3865 1382 4098 1452 ἀπείλη-

2537 1491 2667 1527 πται
2696 1473 2901 1526 ὑδάτων
2929 1471 3068 1526 κατά
3098 1473 3196 1542 τὴν
3227 1473 3446 1542 Γραφήν
3465 1490 3477 1504 ·
3512 1473 3652 1526 οὕτω
3693 1467 3788 1526 καὶ
3833 1475 3865 1544 ή
3899 1474 4101 1545 Ἰερου-

2537 1563 2718 1636 σαλὴμ
2754 1565 2892 1637 μέση
2920 1564 3027 1617 τῶν
3060 1564 3368 1633 ἀλλοφύλων
3402 1564 3568 1619 ἐθνῶν
3599 1566 3958 1636 συνειστήκει.
4001 1565 4098 1618 Διὸ

2534 1655 2778 1708 λέλεκται
2814 1658 2871 1709 ὲν
2905 1655 3287 1728 προφητείαις’
3321 1655 3480 1723 Αὕτη
3510 1657 3547 1722 ἡ
3580 1656 3992 1725 Ἰερουσαλὴμ,
4024 1658 4099 1711 ἐν

2529 1748 2695 1816 μέσῳ
2728 1746 2843 1800 τῶν
2871 1748 3060 1802 ἐθνῶν
3094 1750 3324 1802 τέθεικα
3352 1748 3561 1815 αὐτήν.
3589 1748 3699 1802 Εἶτ’
3723 1750 3816 1803 ἐπὶ
3846 1749 4092 1812 τούτοιςδ

2545 1840 2907 1906 Ἐξελέξατο,
2941 1840 3094 1911 φησὶ,
3123 1841 3301 1894 Δαυῒδ
3328 1840 3433 1894 τὸν
3468 1840 3690 1895 δοῦλον
3710 1841 3896 1896 αὑτοῦ
3914 1881 3931 1906 ,
3960 1843 4093 1912 περὶ

2532 1928 2592 1987 οὗ
2628 1933 2841 2004 εἴρηται
2861 1949 2874 1962 ’
2918 1929 3113 2000 Εὗρον
3143 1930 3322 1986 Δαυῒδ
3347 1932 3452 1985 τὸν
3478 1931 3701 1986 δοῦλόν
3733 1950 3871 2002 μου,
3900 1933 4093 2001 ἄνδρα

888 2029 984 2082 leni
1047 2027 1215 2081 David
1272 2043 1476 2080 servum
1531 2040 1732 2088 meum,
1780 2025 1950 2078 uirum
2005 2024 2288 2076 secundum
2340 2038 2430 2077 cor
2462 2022 2503 2048 υ
2531 2040 2628 2079 κατ

2347 2038 2430 2077 cor
2462 2022 2503 2048 υ
2531 2025 2680 2079 κατά
2725 2022 2838 2091 τὴν
2877 2023 3124 2091 καρδίαν
3160 2041 3278 2100 μου
3301 2038 3314 2051 ο
3365 2022 3424 2076 δν
3460 2022 3771 2088 ἐξελέξατο,
3808 2025 3904 2094 ούχ
3946 2025 4087 2079 ὥστε

874 2133 1074 2180 meum;
1096 2131 1254 2186 quem
1279 2116 1463 2185 elegit,
1493 2129 1599 2168 non
1626 2120 1836 2168 tantum
1867 2121 1926 2166 ut
1953 2113 2163 2183 primus
2186 2129 2252 2168 ex
2285 2113 2427 2168 tribu

870 2208 1007 2265 Juda
1040 2208 1328 2278 regnaret,
1380 2206 1474 2261 sed
1518 2206 1589 2259 ita
1620 2212 1679 2258 ut
1723 2203 1918 2274 dignus
1963 2203 2317 2274 judicaretur,
2361 2219 2428 2257 ex

869 2300 1027 2368 cujus
1072 2297 1278 2353 semine
1318 2295 1570 2351 Christus
1600 2295 2000 2366 Dci‘prodiret.
2034 2294 2204 2366 Elegit
2248 2303 2427 2350 autem

868 2407 991 2445 eum
1021 2389 1266 2459 pluribus
1294 2389 1469 2459 ipsum
1504 2388 1764 2442 fratribus
1790 2389 1905 2443 suis
1930 2395 2288 2457 anteponens.
2323 2387 2426 2441 Ac—

867 2482 1119 2550 cepitque
1149 2496 1271 2536 eum
1302 2495 1366 2534 ex
1409 2481 1663 2550 gregibus
1696 2481 1888 2545 ovium,
1930 2489 1978 2533 et
2018 2479 2080 2532 de
2107 2488 2222 2548 post
2254 2478 2426 2547 fetan-

867 2581 964 2627 tes.
995 2573 1128 2628 Nam
1161 2572 1254 2643 qui
1287 2573 1514 2626 suscitat
1558 2573 1624 2626 de
1659 2580 1802 2627 terra
1841 2573 2079 2642 inopem,
2115 2582 2166 2628 et
2191 2573 2257 2627 de
2287 2581 2426 2627 ster-

866 2680 993 2718 core
1029 2665 1187 2734 erigit
1225 2677 1537 2733 pauperem,
1587 2661 1845 2716 Davidem
1890 2663 2147 2717 humilem
2179 2671 2232 2717 et
2277 2663 2425 2731 abje-

866 2762 1037 2820 ctum,
1069 2755 1144 2808 ita
1184 2761 1240 2808 ut
1267 2766 1367 2806 nec
1402 2766 1530 2821 cum
1566 2751 1827 2807 fratribus
1858 2753 1972 2808 suis
2009 2767 2426 2807 connumerare-

866 2858 983 2912 tur,
1034 2862 1209 2915 neque
1249 2859 1347 2914 pro
1382 2845 1501 2899 viro
1558 2845 1870 2909 haberetur,
1927 2845 2123 2914 elegit,
2165 2845 2316 2913 prius
2369 2843 2423 2896 in

865 2939 1124 3010 pastorali
1163 2940 1494 3002 institutum,
1520 2946 1588 2992 .et
1612 2952 1676 2990 ex
1705 2951 1837 2990 cura
1859 2936 2090 2991 letarum
2122 2950 2281 3005 quam
2304 2950 2426 3004 ges-

869 3041 1034 3096 serat,
1069 3031 1321 3085 edoctum
1360 3044 1524 3099 quam
1567 3038 1825 3082 accurata
1874 3028 2184 3082 sollicitudo
2212 3027 2422 3096 egenti-

873 3129 966 3177 bus
999 3121 1302 3176 adhibenda
1335 3127 1500 3175 esset.
1537 3118 1667 3174 Inde
1707 3127 2022 3189 susceptum
2056 3120 2206 3173 illum
2239 3135 2305 3174 ex
2349 3119 2422 3172 ir-

865 3213 1268 3268 rationabilium
1311 3211 1491 3266 ovium
1517 3212 1778 3281 pastorali
1814 3226 1965 3275 cura,
2000 3211 2252 3280 produxit
2279 3209 2420 3265 Deus

2529 2115 2741 2187 πρῶτον
2767 2116 2830 2168 ὲκ
2865 2114 3034 2185 φυλῆς
3071 2114 3238 2167 Ἰούδα
3271 2113 3582 2184 βασιλεῦσαι
3615 2115 3793 2186 μόνον,
3823 2115 3959 2168 ἀλλά
3993 2114 4089 2169 καὶ

2527 2207 2665 2261 ὥστε
2708 2208 2856 2275 ἀξιον
2897 2208 3146 2278 κριθῆναι
3189 2206 3284 2259 τοῦ
3342 2207 3621 2278 προελθεῖν
3661 2208 3723 2260 ὲκ
3774 2208 4090 2279 σπέρματος

2527 2281 2696 2355 αὐτού
2722 2299 2812 2352 τὸν
2835 2298 3065 2369 Χριστὸν
3089 2295 3182 2349 τοῦ
3205 2295 3358 2350 Θεοῦ.
3390 2294 3696 2362 Ἐξελέξατο
3719 2295 3774 2349 δὲ
3799 2297 3959 2349 αὑτὸν
3979 2295 4090 2350 τῶν

2527 2392 2770 2462 ἀδελφῶν
2827 2391 3085 2445 πλειόνων
3137 2390 3304 2443 ὄντων
3359 2387 3673 2459 προκρίνας.
3733 2388 3984 2442 ’Δνέλαδέ
4026 2405 4088 2441 τε

2525 2485 2685 2539 αὑτὸν
2714 2487 2778 2538 ὲκ
2814 2484 2921 2539 τῶν
2952 2483 3211 2555 ποιμνίων
3243 2479 3358 2537 τῶν
3383 2482 3706 2550 προϐάτων,
3740 2482 3837 2535 καὶ
3883 2483 4086 2547 ἐξόπι-

2525 2581 2671 2631 σθεν
2699 2575 2816 2630 τῶν
2854 2576 3286 2645 λοχευομένων.
3336 2576 3394 2628 ’0
3427 2574 3535 2643 γὰρ
3581 2573 3808 2646 ἐγείρων
3843 2575 3951 2629 ἀπὺ
3982 2576 4087 2646 γῆς

2525 2669 2736 2739 πτωχὸν
2785 2671 2875 2722 καὶ
2908 2668 3015 2722 ἀπὸ
3063 2669 3292 2740 κοπρίας
3318 2666 3548 2720 ἀνιστῶν
3593 2666 3816 2737 πένητα,
3859 2668 3952 2721 καὶ
3991 2669 4085 2722 τὸν

2523 2760 2681 2813 Δαυῒδ
2725 2760 2978 2813 ταπεινὸν
3037 2758 3163 2812 ὄντα
3213 2757 3307 2811 καὶ
3339 2756 3784 2829 ἀπερριμμένον,
3831 2758 3906 2821 ὡς
3945 2759 4080 2829 μηδὲ

2525 2849 3079 2920 συγκαταριθμεῖσθαι
3126 2851 3237 2913 τοῖς
3281 2847 3443 2902 αὐτοῦ
3491 2848 3764 2917 ἀδελφοῖς,
3815 2849 3948 2920 μηδὲ
4001 2852 4082 2913 είς

2523 2940 2688 3012 ἄνδρα
2713 2939 3038 3016 λογίζεσθαι,
3073 2939 3349 3007 ἐξελέξατο
3379 2940 3996 3012 προπαιδαγωγούμενον
4022 2941 4083 2995 ὲν

2523 3035 2587 3102 τῇ
2625 3026 2981 3102 ποτιμαντικῇ,
3016 3032 3108 3084 καὶ
3139 3032 3225 3085 διά
3250 3033 3348 3102 τῆς
3383 3032 3487 3085 τῶν
3525 3031 3890 3101 λοχευομένων
3915 3031 4082 3103 θρεμ-

2525 3120 2990 3194 μάτωνρπρονοίας
3028 3120 3088 3172 τὸ
3124 3121 3380 3188 ἐπιμελὲς
3410 3119 3516 3172 τῶν
3548 3120 3814 3190 δεομένων
3852 3121 4081 3192 κηδεμο-

2520 3215 2638 3279 νίας
2660 3212 3120 3282 ὲκδιδασκόμενον.
3158 3211 3348 3266 Ἔνθεν
3380 3212 3539 3267 αὑτὸν
3575 3211 3856 3266 ἀναλαὸὼν
3881 3215 3944 3267 ὲκ
3981 3213 4078 3283 τῆς

861 3314 916 3361 et
963 3305 1243 3360 constituit
1287 3312 1346 3358 ut
1373 3302 1562 3374 (Vens.
1590 3303 1677 3372 71)
1727 3311 1961 3372 pasceret
2000 3301 2167 3357 Jacob
2217 3319 2419 3356 servum
2446 3322 2488 3379 ο
2519 3306 2601 3360 τῶ

2338 3319 2419 3355 um
2446 3322 2488 3379 ο
2519 3306 2628 3360 τῶν
2671 3305 2878 3374 ἀλόγων
2923 3304 3208 3377 προϐάτων
3256 3305 3643 3375 ποιμαντικῆς,
3703 3305 4010 3375 προήγαγεν
4049 3307 4078 3359 ὁ

862 3414 1036 3459 suum,
1060 3407 1109 3451 et
1144 3395 1315 3450 Israel
1345 3394 1699 3450 hwreditatem
1717 3411 1889 3449 suam.
1926 3393 1991 3449 Ut
2030 3395 2170 3448 enim
2209 3394 2421 3462 experi-

860 3474 1101 3544 mentum
1158 3489 1241 3543 sui
1288 3487 1512 3542 dederat
1563 3487 1617 3540 in
1658 3486 1916 3557 pastorali
1964 3484 2418 3539 irrationabilium

859 3583 1041 3637 ovium
1072 3596 1224 3644 cura,
1258 3580 1656 3636 rationabiliori
1689 3578 1815 3632 ovili
1856 3575 2140 3645 praefectus
2164 3583 2266 3630 est.
2297 3575 2417 3640 Quo

859 3681 1017 3742 pacto
1051 3682 1229 3727 autem
1265 3687 1463 3742 pecora
1502 3677 1749 3740 pasceret
1779 3666 2080 3728 declaravit,
2102 3667 2217 3736 ipse
2270 3665 2416 3720 Sauli

857 3766 1044 3820 dicens
1067 3785 1079 3818 :
1105 3763 1300 3818 Pastor
1327 3764 1510 3833 agebat
1540 3777 1716 3815 servus
1741 3769 1860 3813 tuus
1885 3759 2024 3828 patri
2050 3776 2144 3812 suo
2166 3760 2220 3812 in
2258 3760 2415 3812 ovili:

856 3867 908 3912 et
940 3855 1150 3927 quando
1179 3855 1410 3910 veniebat
1446 3854 1523 3906 leo
1554 3862 1644 3905 aut
1677 3869 1852 3918 ursus,
1881 3863 1928 3906 et
1958 3852 2245 3920 arripiebat
2275 3869 2415 3906 ovem

856 3964 920 4003 ex
942 3964 1111 4019 grege,
1139 3957 1257 4016 post
1285 3945 1438 3998 illum
1463 3943 1696 4007 adibam,
1726 3953 1774 3997 et
1803 3945 2038 4012 percussi
2067 3944 2217 3997 illum
2248 3953 2296 3997 et
2323 3958 2416 3997 ex-

856 4042 998 4094 traxi
1039 4055 1103 4093 ea:
1130 4054 1219 4093 ore
1257 4037 1391 4106 ejus.
1431 4035 1504 4097 Et
1534 4036 1817 4089 insurrexit
1856 4037 1912 4089 in
1955 4053 2055 4099 me,
2089 4045 2138 4089 et
2177 4051 2413 4104 compre-

857 4133 1012 4188 liendi
1038 4133 1213 4202 fauces
1256 4131 1390 4200 ejus,
1422 4137 1470 4182 et
1502 4131 1737 4198 percussi
1767 4128 2030 4201 occidique
2060 4129 2236 4184 illum.
2275 4127 2413 4182 Leo-

859 4241 974 4278 nem
1010 4234 1058 4278 et
1102 4239 1284 4276 ursum
1324 4222 1579 4290 percussit
1613 4239 1787 4277 servus
1824 4232 1962 4276 tuus.
1995 4221 2064 4275 Et
2091 4224 2190 4277 erit
2228 4223 2415 4276 alieni-

855 4335 984 4387 gena
999 4325 1047 4369 et
1078 4315 1471 4369 incircumcisus
1500 4323 1556 4366 ut
1579 4329 1712 4367 unus
1733 4330 1796 4367 ea:
1815 4315 1943 4375 illis,
1966 4314 2054 4382 qui
2083 4314 2414 4381 exprobravit

856 4410 988 4462 aciei
1011 4409 1106 4462 Dei
1135 4408 1367 4462 viventis.
1403 4405 1468 4459 Et
1494 4406 1570 4459 ait
1596 4405 1797 4458 David:
1821 4404 2077 4459 Dominus
2106 4406 2195 4474 qui
2224 4399 2414 4473 eripuit

857 4517 934 4553 me
958 4501 1021 4553 de
1049 4515 1208 4552 manu
1232 4500 1394 4553 leonis
1422 4506 1472 4553 et
1498 4498 1563 4552 de
1587 4514 1747 4552 manu
1768 4496 1903 4562 ursi,
1927 4496 2016 4549 ille
2040 4512 2119 4549 me
2146 4497 2323 4564 eripiet
2349 4497 2413 4549 de

853 4609 1012 4645 manu
1072 4592 1375 4662 alienigena:
1421 4589 1776 4643 incircumcisi
1822 4588 1976 4641 istius
1998 4587 2063 4642 ⁸⁷.
2124 4585 2219 4640 His
2268 4589 2409 4640 enim

2526 3395 2658 3458 Θεὸς
2687 3397 2793 3449 καὶ.
2812 3396 3107 3466 κατέστησε
3147 3397 3478 3464 ποιμαίνειν
3514 3393 3713 3449 Ἰακὼϐ
3731 3395 3836 3448 τὸν
3857 3395 4079 3449 δοῦλον

2524 3487 2709 3542 αὑτοῦ
2747 3488 2843 3541 καὶ
2878 3487 3111 3555 Ἰσραὴλ
3152 3486 3264 3555 τὴν
3303 3486 3705 3555 κληρονομίαν
3742 3486 3946 3542 αὐτοῦ.
3990 3485 4077 3551 Ὠς

2524 3581 2630 3653 γὰρ
2654 3580 2882 3652 ,δοκιμὴν
2915 3579 3181 3633 δεδωκότα
3205 3581 3262 3632 ὲν
3291 3581 3357 3649 τῇ
3380 3578 3486 3631 τῶν
3519 3579 3725 3647 ἀλόγων
3748 3578 4078 3650 θρεμμάτων

2523 3670 2870 3743 ποιμαντικῇ,
2909 3671 3003 3726 ἐπὶ
3028 3671 3127 3742 τὴν
3166 3669 3527 3740 λογικωτέραν
3555 3667 3782 3743 καθίστη
3818 3671 4074 3741 ποίμνην.

2525 3766 2708 3827 Ὅπως
2755 3765 2798 3817 δ’
2838 3763 3118 3833 ἐποίμαινε
3164 3760 3234 3814 τά
3279 3759 3569 3832 θρέμματα
3622 3762 3856 3833 παρίστη
3902 3761 4076 3829 λέγων

2522 3847 2679 3916 αὐτὸς
2703 3853 2834 3924 πρὸς
2855 3853 2943 3904 τὸν
2971 3851 3142 3905 Σαούλ
3165 3868 3177 3882 ·
3205 3851 3537 3919 Ποιμαίνων
3555 3847 3635 3921 ἦν
3661 3854 3694 3906 ό
3715 3849 3935 3918 δοῦλός
3959 3865 4077 3905 σου

2520 3944 2601 4010 τῷ
2632 3944 2808 4011 πατρὶ
2833 3941 3017 3997 αὐτοῦ
3043 3942 3112 3994 ἐν
3143 3940 3223 4006 τῷ
3253 3941 3502 4008 ποιμνίῳ
3521 3956 3534 3969 ·
3567 3940 3664 3994 καὶ
3696 3941 3841 3994 ὅταν
3859 3942 4078 4010 ἤρχετο

2522 4039 2555 4090 ό
2577 4035 2730 4089 λέων
2751 4036 2788 4104 ἢ
2819 4033 2999 4101 ἄρκος
3012 4031 3108 4102 (1),
3125 4030 3221 4083 καὶ
3246 4027 3537 4098 ἐλάμϐανε
3558 4029 3853 4096 πρόϐατον
3873 4030 3942 4083 ἐκ
3964 4031 4077 4099 τῆς

2520 4127 2760 4198 ἀγέλης,
2789 4125 2885 4178 καὶ
2911 4123 3348 4192 ἐξεπορευόμην
3367 4121 3556 4175 ὀπίσω
3574 4119 3780 4188 αὑτοῦ,
3805 4121 3904 4174 καί
3928 4122 4047 4175 ἐπά

2519 4219 2629 4283 ταξ
2632 4235 2668 4271 α
2676 4206 2889 4280 ἀύτὸν,
2907 4216 3003 4270 καὶ
3024 4215 3336 4280 ἐξέσπασα
3353 4213 3420 4266 ἐκ
3441 4211 3545 4266 τοῦ
3560 4212 3852 4281 στόματος
3865 4211 4071 4266 αὑτοῦ.

2518 4313 2628 4366 Καὶ
2656 4310 3016 4363 ἐπανίστατο
3045 4307 3136 4360 ἐπ’
3175 4305 3298 4376 ἐμὲ,
3324 4303 3421 4360 καὶ
3470 4305 3772 4373 ἐκράτησα
3815 4304 3920 4358 τοῦ
3961 4303 4074 4374 god-

2511 4392 2734 4471 ρυγγος
2756 4399 2961 4462 αὐτοῦ,
2980 4399 3076 4452 καί
3098 4396 3361 4472 ἐπάταξα
3383 4395 3476 4450 καὶ
3505 4394 3848 4459 ἐθανάτωσα
3866 4394 4074 4455 αὐτὸν,

2519 4492 2617 4547 καὶ
2640 4491 2746 4544 τὸν
2774 4487 3117 4555 λέονταικαί
3141 4477 3269 4554 ’τὴν
3305 4487 3488 4556 ἄρκον
3511 4485 3765 4538 ἔτυπτεν
3791 4488 3822 4538 ό
3855 4483 4076 4549 δοῦλός

2518 4597 2653 4636 σου.
2680 4579 2789 4633 Rhl
2820 4564 2987 4632 ἔσται
3011 4579 3043 4630 ό
3063 4575 3406 4644 ἀλλόφυλος
3427 4576 3460 4626 ό
3475 4572 3864 4639 ἀπερίτμητος
3885 4569 3966 4634 ὡς
3987 4563 4076 4633 εἷς

852 4698 979 4738 cum
1008 4681 1130 4736 ﬁdei
1167 4660 1474 4751 et'pietatis
1514 4693 1628 4734 suae
1680 4676 2112 4747 experimentum
2149 4673 2408 4740 dedisset,
2444 4673 2487 4727 D
2514 4692 2592 4728 τοι

2332 4681 2408 4740 et,
2444 4673 2487 4727 D
2514 4674 2758 4736 τούτων,
2798 4671 2865 4736 ὃς
2885 4669 3155 4723 ὠνείδισε
3180 4665 3500 4736 παρατάξει
3529 4661 3676 4718 θεοῦ
3710 4660 3940 4751 ζῶντος.
3964 4660 4072 4751 Kal

853 4788 1066 4830 necnon
1108 4771 1460 4842 providentiae
1496 4785 1660 4841 quam
1692 4769 1760 4824 de
1804 4767 2092 4837 pecoribus
2127 4765 2228 4819 sibi
2265 4779 2413 4817 com-

853 4866 1037 4920 missis
1064 4864 1301 4933 gerebat,
1336 4862 1476 4919 Deus
1510 4863 1672 4931 elegit
1699 4875 1822 4915 eum
1853 4869 1905 4914 et
1948 4857 2014 4911 ad
2045 4855 2328 4926 imperium
2356 4855 2411 4909 in

854 4955 1261 5010 rationabiliora
1293 4968 1488 5024 pecora
1521 4952 1786 5022 provexit.
1819 4952 1914 5006 llle
1949 4964 2076 5004 vero
2116 4948 2218 5005 sibi
2261 4959 2411 5002 com-

852 5050 1050 5104 missos
1079 5047 1307 5118 populos
1346 5061 1452 5099 non
1485 5043 1798 5106 crudeliter,
1845 5058 1952 5097 non
1979 5042 2133 5102 dure,
2177 5055 2285 5096 non
2320 5055 2413 5094 su»

855 5140 1056 5208 perbe,
1123 5137 1220 5192 sed
1278 5138 1333 5190 in
1403 5135 1715 5191 innocentia
1779 5134 1960 5188 cordis
2018 5133 2102 5189 sui
2159 5132 2413 5201 pascebat

856 5231 1043 5301 (Vsus.
1076 5231 1194 5298 72);
1241 5231 1377 5292 sive,
1403 5229 1704 5283 secundum
1759 5225 2009 5295 Aquilam
2046 5232 2119 5280 .et
2163 5223 2412 5295 Symma-

853 5324 1037 5383 chum,
1073 5321 1354 5375 secundum
1387 5319 1774 5387 simplicitatem
1807 5316 1980 5370 cordis
2016 5318 2120 5370 sui.
2154 5314 2222 5368 Et
2255 5317 2305 5366 in
2331 5315 2412 5366 in-

855 5416 1141 5470 tellectibus
1171 5431 1420 5469 manuum
1462 5430 1680 5468 suarum
1721 5413 1933 5467 deduxit
1960 5430 2066 5467 eos.
2103 5411 2410 5467 Secundum

853 5507 1102 5575 Aquilam
1144 5521 1294 5570 vero,
1331 5505 1397 5559 Et
1438 5506 1492 5559 in
1537 5506 1814 5573 prudentia
1853 5505 2147 5574 palmarum
2191 5518 2409 5557 suarum

850 5595 1066 5648 deduxit
1100 5610 1220 5656 eos;
1252 5595 1547 5648 secundum
1574 5593 1978 5664 Symmachum,
2015 5595 2081 5648 Et
2123 5592 2406 5649 secundum

851 5688 1133 5752 puritatem
1183 5701 1432 5739 manuum
1477 5703 1696 5741 suarum
1726 5685 1941 5740 deduxit
1987 5704 2091 5741 eos.
2143 5685 2406 5740 Pascebat

853 5777 1032 5844 itaque
1079 5775 1243 5840 David
1280 5777 1574 5831 humanum
1627 5775 2056 5848 rationabilequc
2097 5778 2272 5840 ovile;
2310 5775 2404 5831 sed

922 5870 965 5900 ’⁵⁵
998 5869 1127 5922 Iieb.
1167 5885 1262 5931 xu,
1291 5868 1374 5922 22.
1420 5871 1463 5902 ⁸⁸
1490 5870 1683 5927 Ezecb.
1721 5888 1770 5939 ν,
1805 5872 1855 5925 5.

925 5969 999 6036 (ί)
1043 5968 1289 6039 Ἄρκτος·

1936 5872 1977 5903 ⁸⁷
2010 5874 2026 5925 l
2060 5870 2190 5940 Reg.
2233 5885 2364 5935 xvu,
2399 5869 2484 5922 34.

2519 4762 2645 4819 εἷπε
2671 4762 2850 4816 Δαυΐδ
2867 4778 2880 4792 ο
2910 4760 3140 4828 Κύριος,
3169 4758 3237 4825 ὃς
3263 4753 3534 4821 ἐξείλατό
3553 4768 3629 4822 με
3655 4752 3723 4805 ἐκ
3748 4750 3944 4821 χειρὸς
3969 4750 4074 4804 τοῦ

2516 4855 2762 4919 λέοντος
2789 4851 2887 4905 καὶ
2909 4851 2978 4904 ἐκ
2999 4849 3195 4920 χειρὸς
3223 4847 3333 4929 τῆς
3355 4845 3563 4914 ἄρκου.
3585 4839 3762 4909 οὗτος
3782 4841 4074 4907 ἐξελεῐταί

2511 4961 2588 5014 με
2619 4945 2694 5001 ἐκ
2735 4941 2930 5013 χειρὸς
2974 4939 3079 4994 τοῦ
3125 4937 3478 5005 ἀλλοφύλου
3523 4932 3630 4987 τοῦ
3674 4932 4074 5001 ἁπεριτμήτου

2517 5035 2749 5090 τούτου.
2781 5033 2879 5086 Διά
2907 5031 3015 5103 γάρ
3050 5030 3252 5083 τούτων
3280 5026 3506 5096 δοκιμὴν
3541 5023 3808 5078 δεδωκότα
3839 5023 4072 5085 πίστεως

2517 5125 2929 5198 καιεύσεσείας,
2959 5125 3056 5194 τῆς
3077 5139 3137 5176 τε
3165 5120 3272 5174 τῶν
3299 5118 3389 5169 ὑπ’
3414 5116 3573 5169 αὐτὸν
3599 5115 3925 5187 θρεμμάτων
3951 5114 4072 5168 ἀλό-

2517 5238 2628 5291 γων
2656 5218 2930 5291 προνοίας,
2952 5215 3230 5284 ἐξελέξατο
3252 5210 3384 5273 Θεὸς
3407 5210 3498 5263 καὶ
3524 5211 3832 5279 προήγαγεν
3857 5208 3950 5260 ἐπὶ
3974 5207 4070 5278 τὴν

2516 5315 2622 5368 τῶν
2653 5311 3022 5382 λογικωτέρων
3053 5303 3381 5379 θρεμμάτων
3413 5292 3618 5372 ἀρχήν.
3658 5302 3714 5354 '0
3759 5301 3844 5366 δὲ,
3879 5300 4070 5353 ὑποδε-

2519 5407 2744 5476 ξάμενος
2763 5405 2888 5464 τοὺς
2917 5397 3315 5472 παραδοθέντας
3347 5393 3515 5464 αύτῷ,
3537 5395 3638 5447 οὐκ
3669 5391 3914 5463 ἀπηνῶς,
3949 5389 4070 5476 οὐδὲ

2518 5473 2784 5570 σκληρῶς,
2808 5497 2927 5550 οὐδὲ
2954 5489 3336 5564 ὑπερηφάνως,
3363 5487 3474 5540 ἀλλ’
3501 5489 3557 5539 ὲν
3578 5485 3780 5556 ἀκακία
3804 5484 3904 5553 τῆς
3937 5473 4068 5552 καρ-

2514 5593 2631 5655 δίας
2652 5588 2815 5645 αύτοῦ
2837 5588 3150 5658 ἐποίμαινεν
3169 5580 3382 5644 αὐτούς’
3401 5579 3434 5650 ἢ
3451 5579 3590 5632 κατά
3613 5579 3701 5631 τὸν
3717 5575 3946 5630 Ἀκύλαν
3977 5573 4068 5626 καὶ

2513 5686 2825 5756 Σύμμαχον,
2841 5678 3117 5746 κατὰντὴν
3138 5675 3443 5740 ἁπλότητα
3464 5670 3572 5738 τῆς
3593 5669 3837 5737 καρδίας
3856 5665 4061 5756 αὐτοῦ.

2513 5777 2618 5832 Καὶ
2651 5777 2718 5829 ἐν
2745 5773 2870 5840 ταῖς
2905 5768 3195 5826 συνέσεσι
3229 5765 3343 5819 τῶν
3375 5762 3588 5834 χειρῶν
3621 5758 3805 5814 αὑτοῦ
3837 5755 4064 5830 ὡδήγησ-
