4406 6454
425 575 521 631 9M

1533 567 2030 626 COMMENTABIA
2070 568 2134 622 IN
2173 564 2507 622 PSALIOS.

3505 568 3610 622 9.ίῖ

419 701 533 740 σεν
557 683 792 748 αὐτούς.
823 682 978 736 Κατά
1003 683 1058 735 δὲ
1085 684 1172 735 τον
1215 683 1458 747 Ἀκύλαν,
1501 683 1607 737 Kal
1641 684 1711 736 ἐν
1750 682 1968 750 seponi-
1998 694 2044 748 Α
2074 695 2159 734 non

1870 682 1968 747 νή-
1998 694 2044 748 Α
2074 695 2181 734 non
2215 680 2269 733 in
2314 678 2576 747 sapientia
2603 676 2860 743 humana,
2901 694 3009 733 non
3048 679 3330 748 prudentia
3359 666 3574 754 propria
3594 725 3610 747 ,

421 787 559 827 σοσι
591 771 826 839 ταρσῶν
864 773 1047 825 αὑτοῦ
1085 773 1506 843 καθωόήτησεν
1549 774 1787 838 αὐτούς.
1814 774 1969 826 Κατά

420 865 477 918 δὲ
497 863 588 917 τὸν
623 863 934 933 Σύμμαχον,
957 864 1062 917 Kal
1091 864 1240 917 κατὰ
1285 864 1398 931 τὴν
1426 867 1814 930 καθαριότητα
1854 863 1972 916 τῶν

420 954 630 1025 χειρῶν
654 956 836 1009 αὑτοῦ
862 954 1173 1025 ὡδήγησεν
1194 955 1429 1020 αὐτούς.
1460 955 1768 1024 Ἐποίμαινε
1795 953 1970 1006 τοίνυν

423 1047 452 1098 ὁ
477 1044 635 1098 Δαυτδ
665 1047 764 1117 τὴν
797 1045 1136 1117 ἀνθρωπίνην
1181 1046 1274 1099 καὶ
1308 1046 1527 1116 λογικὴν
1561 1045 1823 1116 ποίμνην·
1856 1045 1971 1097 ἀλλ’

395 1139 518 1191 οὐκ
533 1140 605 1190 εν
639 1137 800 1208 σοφίᾳ
837 1137 1168 1208 ἀνθρωπίνῃ,
1196 1136 1314 1189 οὐδὲ
1338 1137 1396 1188 ὲν
1418 1139 1482 1206 τῇ
1517 1134 1705 1189 ἑαυτοῦ
1742 1134 1971 1196 συνέσει,

420 1228 531 1280 ἀλλ’
554 1230 612 1280 ὲν
638 1227 836 1297 ἀκακίᾳ
864 1227 956 1279 καὶ
985 1227 1266 1297 ἁπλότητι,
1303 1228 1400 1297 τὴν
1434 1228 1608 1279 πᾶσαν
1650 1225 1966 1295 ἐγχειρίζων

417 1317 496 1387 τῷ
522 1317 640 1388 Θεῷ
673 1317 941 1388 φροντίδα.
991 1318 1100 1388 Τήν
1127 1334 1191 1384 γε
1227 1317 1332 1388 μὴν
1383 1315 1572 1369 ἑαυτοῦ
1621 1316 1832 1369 σύνεσιν
1879 1315 1965 1368 διὰ

417 1409 526 1459 τῶν
561 1407 758 1476 χειρῶν
783 1407 1143 1473 δπεδείκνυτο,
1177 1408 1420 1461 τουτέστι
1459 1407 1543 1459 διά
1578 1406 1684 1460 τῶν
1717 1407 1967 1478 πράξεων

417 1498 510 1550 καὶ
530 1498 617 1551 διά
641 1498 731 1550 τοῦ
757 1498 892 1567 βίου,
916 1499 1009 1573 καὶ
1033 1497 1130 1566 τῆς
1155 1497 1344 1566 λοιπῆς
1368 1496 1656 1559 πολιτείας.
1675 1498 1783 1549 Καὶ
1809 1497 1967 1567 μέχρι

414 1586 603 1638 τούτου
646 1587 853 1638 ἵσταται
899 1587 966 1639 τά
1004 1587 1101 1656 τῆς
1131 1585 1408 1656 παρούσης
1448 1584 1770 1648 ὑποθέσεως,
1802 1602 1965 1654 κατη-

417 1678 604 1746 γορίαν
625 1678 944 1748 περιέχοντα
962 1678 1059 1747 τῆς
1078 1678 1171 1730 τοῦ
1209 1677 1469 1731 Ἰουδαίων
1493 1675 1621 1730 λαοῦ
1647 1676 1959 1747 μοχθηρίας,

412 1768 752 1821 διδασκαλίαν
781 1787 837 1822 τε
866 1771 964 1840 τῆς
994 1771 1087 1823 τοῦ
1113 1770 1245 1822 Θεοῦ
1274 1770 1647 1840 μακροθυμίας
1673 1769 1759 1822 διὰ
1784 1769 1881 1831 τάς
1905 1770 1961 1820 ὲν
1997 1787 2008 1797 ·

2075 769 2170 823 sed
2204 770 2259 822 in
2293 767 2600 822 innocentia
2632 775 2687 821 et
2713 768 3074 835 simplicitate,
3110 775 3277 822 totam
3301 785 3486 824 curam
3507 770 3617 825 Deo

2075 858 2440 921 committens,
2481 872 2632 910 suam
2655 872 2783 910 vero
2811 858 3214 928 intelligentiam
3244 861 3527 926 manibus,
3561 863 3615 916 id

2075 958 2158 1005 est
2195 949 2471 1017 operibus.
2499 949 2621 1002 vitae
2639 964 2854 1017 [genere
2878 957 2930 1003 et
2956 949 3162 1018 reliquo
3200 950 3446 1005 instituto
3469 968 3632 1006 com-~

2072 1042 2426 1094 monstrabat.
2461 1039 2525 1091 Et
2556 1040 2661 1093 huc
2690 1039 2888 1094 desinit
2931 1055 3163 1109 praesens
3215 1045 3612 1110 argumentum,

2073 1130 2434 1199 improbitatis
2478 1129 2689 1184 Judaici
2733 1131 2917 1200 populi
2957 1133 3354 1187 accusationem
3391 1134 3615 1190 divine-

2071 1237 2174 1291 que
2203 1218 2471 1290 patientia:
2500 1221 2798 1275 doctrinam
2821 1223 3202 1290 complectens,
3233 1226 3613 1280 concinnatum

2073 1314 2138 1365 ad
2172 1313 2486 1381 praepositas
2520 1311 2782 1380 quasdam
2827 1312 3021 1368 dubias
3049 1329 3230 1377 voces,
3253 1315 3316 1368 ad
3350 1331 3486 1384 quas
3513 1331 3614 1370 ceu

2068 1402 2311 1457 defensio
2341 1403 2583 1471 quaedam
2610 1403 2741 1471 justi
2774 1403 2864 1458 Dei
2889 1404 3078 1473 judicii
3115 1408 3422 1459 necessario
3459 1408 3614 1462 insti-

2069 1497 2256 1548 tuitur.
2296 1493 2421 1549 Hzec
2448 1511 2609 1564 porro
2635 1497 2816 1549 omnia
2863 1509 2982 1557 nos.
3014 1497 3105 1565 qui
3135 1513 3200 1550 ex
3238 1499 3485 1566 gentibus
3523 1515 3615 1554 su-

2071 1601 2211 1646 mus,
2239 1586 2487 1642 Christus
2522 1586 2615 1642 Dei
2656 1589 2864 1650 edocet,
2891 1588 3083 1655 priscis
3118 1590 3378 1658 exemplis
3417 1606 3516 1645 nos
3545 1591 3615 1645 ad

2069 1675 2274 1744 frugem
2305 1691 2588 1739 revocans,
2621 1684 2680 1729 ut
2712 1678 2863 1731 initio
2894 1669 3394 1732 sermonis'dictum
3440 1695 3470 1733 a
3511 1695 3612 1735 no—

2067 1769 2150 1822 bis
2183 1775 2283 1822 est.

415 1860 526 1921 τοῖς
565 1859 869 1930 ἔμπροσθεν
907 1861 1331 1932 ὲπηπορημένας
1371 1862 1572 1931 φωνὰς,
1608 1860 1740 1930 πρὸς
1771 1860 1835 1923 ἃς
1857 1861 2042 1931 ὥσπερ
2080 1860 2336 1928 ἀπολογία
2368 1875 2450 1922 τις
2515 1861 2818 1928 ἀναγκαίως
2852 1861 3199 1930 ὲπενήνεκται
3232 1865 3328 1933 τῆς
3359 1865 3450 1918 τοῦ
3482 1864 3628 1919 Θεοῦ

417 1951 822 2024 δικαιοκρισίας.
856 1953 1037 2007 Ταῦτα
1071 1954 1125 2007 δὲ
1164 1956 1339 2008 πάντα
1375 1956 1688 2026 ἡμᾶς-τοὺς
1735 1953 1792 2019 ἐξ
1833 1955 1998 2007 ἐθνῶν
2036 1957 2062 2007 ὁ
2105 1955 2335 2026 Χριστὸς
2379 1954 2473 2006 τοῦ
2507 1954 2638 2006 Θεοῦ
2677 1953 2932 2016 παιδεύει,
2981 1955 3320 2024 σωφρονίζων
3357 1959 3500 2027 ἡμᾶς
3529 1958 3617 2012 διὰ

413 2044 523 2099 τῶν
552 2045 791 2098 παλαιῶν
822 2046 1294 2117 παραδειγμάτων,
1328 2046 1512 2114 ὥσπερ
1533 2042 1625 2099 οὖν
1650 2046 1966 2115 ἀρχομένοις
2004 2048 2133 2116 ἡμῖν
2166 2045 2376 2115 εἴρηται
2404 2045 2493 2097 τοῦ
2527 2045 2703 2113 λόγου.

782 2157 1068 2210 rumor.
1104 2158 1190 2228 τᾳ
1229 2158 1419 2210 Am.
1461 2158 1588 2211 θην.

395 2236 404 2245 ’
492 2247 554 2300 '0
599 2249 758 2313 Θεὸς,
791 2247 1076 2315 ἢλθοσαν’
1099 2248 1243 2316 ἔθνη
1280 2251 1366 2314 είς
1410 2249 1523 2316 τὴν
1566 2251 1967 2317 κληρονομίαν

411 2353 546 2406 σου,
586 2339 833 2408 ἐμίαναν
859 2339 987 2410 ’τὸν
1033 2339 1183 2393 ναὸν
1225 2340 1330 2393 τὸν
1359 2340 1528 2410 ἅγιόν
1581 2357 1695 2394 σου
1720 2380 1734 2404 ,
1767 2341 1969 2394 ἔθεντο

421 2427 806 2496 Ἰερουσαλὴμ
830 2407 916 2493 εἷς
938 2407 1445 2497 όπωροφυλάκιον.
1475 2431 1596 2484 Ὅτι
1621 2417 1725 2502 πρὸ
1757 2431 1850 2484 τοῦ
1877 2431 1967 2483 τὸν

410 2518 535 2572 ναὸν
576 2518 987 2591 οἰκοδομηθῆναι
1043 2520 1131 2574 τὸν
1175 2522 1232 2575 ὲν
1272 2515 1639 2593 Ἰερουσαλὴμ,
1673 2523 1891 2591 γέγονεν
1939 2525 1968 2576 ό

422 2608 591 2678 Ἀσάφ
622 2609 700 2678 τῷ
727 2609 886 2662 Δαυῒδ
915 2611 1282 2681 συνακμάσας,
1313 2611 1466 2683 δῆλον
1496 2615 1560 2666 ἐκ
1579 2615 1678 2684 τῆς
1712 2613 1962 2682 ἱστορίας.

410 2697 764 2769 Προφητικῶς
794 2695 887 2753 οὖν
922 2700 990 2753 τά
1024 2701 1280 2771 μέλλοντα
1324 2706 1547 2772 μακροῖς
1594 2702 1812 2773 ὕστερον
1843 2703 1964 2772 χρό-

409 2805 518 2848 νοις
564 2788 930 2859 συμϐήσεσθαι
975 2792 1067 2843 καὶ
1108 2791 1196 2844 διά
1247 2791 1355 2844 τῶν
1389 2793 1670 2862 παρόντοιν
1699 2792 1960 2857 θεσπίζει.

422 2877 579 2930 ’Λλλά
598 2878 685 2931 διά
715 2879 812 2949 μὲν
841 2878 934 2931 τοῦ
970 2884 1011 2930 o'
1045 2880 1138 2932 καὶ
1169 2878 1215 2949 γ’
1250 2881 1346 2952 τὴν
1371 2881 1604 2952 ὑστάτην
1631 2883 1729 2951 τῆς
1761 2883 1965 2947 πόλεως

408 2969 606 3023 ἅλωσιν
632 2971 835 3024 καὶτὸν
864 2971 1088 3041 ἔσχατον
1119 2973 1424 3045 ἀφανισμὸν
1457 2974 1549 3027 τοῦ
1580 2975 1729 3041 ναοῦ,
1759 2977 1849 3029 τὸν
1872 2978 1964 3030 ἐπὶ

419 3059 702 3130 Ῥωμαίων
729 3062 1016 3133 γενόμενον
1069 3063 1208 3132 μετά
1254 3065 1352 3135 τὴν
1392 3065 1532 3119 κατά
1578 3066 1671 3120 τοῦ
1718 3069 1964 3140 Σωτῆρος

409 3150 565 3220 ἡμῶν
590 3152 787 3224 τόλμαν
823 3153 930 3208 τῶν
957 3156 1274 3229 οἰκητόρων,
1303 3158 1693 3228 πρωνεφώνει,
1723 3161 1798 3224 ὼς
1829 3179 1962 3232 προ-

407 3244 775 3298 αποδέδεικται
795 3264 809 3277 ο
835 3246 923 3300 διὰ
965 3248 1021 3301 δὲ
1049 3248 1159 3303 τῶν
1190 3249 1327 3320 μετά
1367 3253 1550 3322 χεῖρας
1582 3252 1963 3323 ἐπεληλυθέναι

411 3339 509 3409 μὲν
538 3337 662 3409 ἔθνη
705 3340 770 3412 τῇ
801 3340 1129 3413 κληρονομίᾳ
1165 3341 1260 3396 τοῦ
1301 3342 1456 3406 Θεοῦ,
1494 3344 1586 3397 καὶ
1625 3344 1714 3398 τὸν
1740 3346 1796 3398 ὲν
1825 3346 1958 3416 αὐτῇ

409 3428 544 3482 νεὼν
570 3431 949 3500 μεμιαγκέναι,
987 3434 1154 3502 αὐτήν
1184 3450 1242 3486 τε
1274 3434 1371 3505 τὴν
1399 3435 1549 3488 πόλιν
1581 3438 1658 3500 είς
1680 3436 1963 3508 όπωροφυ-

2254 2157 2302 2211 1.
2343 2155 2661 2211 PSALMUS
2697 2155 2828 2210 IPSI
2865 2155 3108 2212 ASAPH.
3146 2157 3428 2212 LXXVIII.

2142 2245 2307 2319 Deus,
2333 2255 2575 2299 venerunt
2613 2257 2786 2316 gentes
2817 2249 2870 2300 in
2897 2247 3247 2302 hereditatem
3288 2259 3428 2301 tuam
3448 2288 3462 2312 ,
3501 2249 3616 2317 pol-

2071 2335 2276 2389 luerunt
2309 2337 2552 2406 templum
2586 2348 2826 2391 sanctum
2860 2350 3034 2403 tuum,
3066 2351 3345 2410 posuerunt
3391 2339 3614 2394 Jerusa-

2069 2427 2167 2479 lem
2215 2428 2271 2479 in
2312 2444 2583 2495 pomorum
2634 2430 2951 2486 custodiant.
3005 2431 3158 2496 Quod
3196 2443 3320 2486 ante
3349 2431 3528 2501 templi
3562 2434 3616 2484 in

2066 2512 2402 2585 Jerosolyma
2447 2516 2908 2573 constructionem
2938 2520 3116 2590 Asaph
3147 2521 3369 2592 aequalis
3400 2531 3453 2575 et
3482 2534 3618 2574 coar-

2066 2610 2262 2680 taneus
2295 2604 2479 2659 Davidi
2512 2606 2675 2662 fuerit
2698 2649 2711 2671 ,
2745 2625 2809 2663 ex
2841 2611 3066 2665 historia
3103 2612 3320 2680 planum
3350 2621 3452 2666 est.
3485 2609 3619 2665 Pro-

2065 2694 2278 2763 phetice
2328 2711 2458 2765 ergo
2498 2714 2618 2767 quae
2647 2699 2909 2755 diuturno
2938 2709 3061 2770 post
3088 2712 3328 2771 tempore
3357 2709 3618 2755 eventura

2064 2792 2218 2837 erant
2261 2785 2315 2838 in
2361 2789 2615 2854 prmSenti
2659 2790 3008 2844 vaticinatur.
3055 2791 3160 2845 Sed
3196 2792 3250 2845 in
3286 2808 3456 2846 Lulu
3489 2792 3614 2861 qui-

2064 2875 2215 2940 dem,
2243 2883 2578 2946 postremum
2613 2879 2765 2933 urbis
2793 2881 3061 2934 excidium
3086 2921 3100 2944 ,
3131 2891 3184 2935 et
3215 2883 3457 2936 ultimam
3487 2889 3619 2937 tem:

2064 2967 2136 3037 pli
2183 2969 2392 3022 ruinam
2419 2984 2539 3038 qua:
2565 2971 2667 3024 sub
2707 2969 2966 3025 Romanis
3014 2982 3134 3041 post
3183 2971 3380 3027 civium
3412 2975 3533 3041 ejus
3560 2975 3614 3026 in

2076 3058 2408 3115 Salvatorem
2441 3068 2687 3116 nostrum
2716 3076 2883 3116 ausus
2906 3063 3166 3133 contigit,
3194 3064 3617 3134 pramuntiahat,

2065 3160 2124 3206 ut
2150 3154 2403 3222 superius
2433 3155 2839 3224 comprobatum
2867 3167 2967 3209 est.
3000 3154 3057 3209 In
3088 3158 3337 3226 prazsenti
3368 3172 3496 3211 vero
3523 3173 3618 3211 ve-

2063 3244 2212 3298 nisse
2234 3244 2451 3314 quidem
2481 3255 2669 3315 gentes
2701 3247 2754 3299 in
2788 3247 3157 3301 hereditatem
3191 3246 3321 3312 Dei,
3355 3247 3618 3317 templum

2062 3322 2204 3405 quod
2230 3336 2285 3389 in
2312 3350 2374 3390 ea
2396 3344 2512 3390 erat
2537 3337 2816 3406 polluisse,
2847 3340 3124 3408 ipsamque
3145 3340 3332 3395 urbem
3359 3341 3414 3395 in
3442 3355 3624 3410 pomo-

2063 3441 2182 3478 rum
2204 3420 2504 3481 custodiam
2529 3428 2776 3497 posuisse
2799 3428 3070 3497 signilicat
3094 3447 3106 3493 ;
3137 3445 3309 3500 neque
3335 3439 3518 3485 tamen
3545 3431 3620 3484 ait

406 3492 590 3572 λάκιον
621 3492 917 3574 τεθεικέναι
937 3492 1196 3593 ⁷σημαίνει
1220 3541 1234 3554 ο
1269 3492 1338 3577 οὑ.
1374 3525 1477 3596 μὴν
1506 3492 1656 3596 πυρὶ⁷
1680 3492 1966 3597 παραδεδό-
1991 3492 2033 3549 C
2067 3516 2146 3589 ἱεπ

1991 3492 2033 3549 C
2067 3516 2176 3589 igni
2227 3505 2484 3572 traditum
2529 3492 2706 3572 locum
2759 3492 2958 3586 fuisse,
2991 3537 3167 3590 neque
3208 3492 3333 3574 talia
3362 3538 3581 3591 passum
3602 3564 3617 3586 ,

411 3608 532 3661 σθαι
553 3610 643 3663 τὸν
669 3609 851 3675 τόπον,
869 3612 986 3665 οὐδὲ
1012 3613 1232 3666 τοιαῦτα
1252 3615 1575 3670 πεπονθέναι
1598 3620 1755 3670 ὁποῖα
1783 3618 1966 3689 ἐδήλου

384 3682 388 3688 ’
406 3698 492 3750 διὰ
513 3699 606 3752 τοῦ
630 3701 1154 3771 προλεχθέντος.Ἐτι
1174 3704 1228 3757 δὲ
1251 3704 1336 3758 διὰ
1357 3706 1450 3758 τοῦ
1470 3708 1730 3776 παρόντος
1751 3682 1967 3778 προστί-

408 3789 583 3857 θησιν,
603 3791 677 3853 ὡς
704 3790 810 3862 ἄρα
832 3794 880 3844 οἰ
906 3794 992 3845 τὸν
1012 3795 1174 3846 τόπον
1201 3797 1484 3864 μιάναντες
1513 3797 1736 3861 πολλοὺς
1760 3799 1965 3854 ἀνεῖλον

404 3878 583 3942 ὁσίους
602 3879 794 3951 ἄνδρας
817 3882 909 3934 καὶ
928 3880 1059 3934 Θεοῦ
1083 3883 1296 3947 δούλους
1315 3902 1328 3914 ⁸
1352 3878 1426 3939 ὧν
1453 3885 1521 3939 τὰ
1543 3885 1711 3958 νεκρά
1739 3887 1965 3957 σώματα

408 3969 484 4041 μὴ
506 3973 952 4041 συγχωρήσαντες
971 3976 1035 4044 τῇ
1068 3973 1206 4027 κατὰ
1230 3974 1388 4044 φύσιν
1411 3975 1776 4047 παραδοθῆναι
1797 3980 1960 4050 ταφῇ,

402 4063 515 4124 τοῖς
547 4059 809 4126 πετεινοῖς
858 4063 950 4117 τοῦ
993 4065 1219 4136 οὐρανοῦ
1253 4065 1415 4138 βορὰν
1459 4067 1657 4122 ἔθεντο.
1683 4070 1862 4123 Ταῦτα
1906 4070 1964 4122 δὲ

403 4150 505 4203 οὐκ
549 4151 614 4205 ἂν
647 4152 826 4224 εὕροις
879 4155 1188 4227 πραχθέντα
1232 4158 1354 4212 οὕτε
1401 4159 1540 4213 κατά
1585 4160 1693 4232 τὴν·
1731 4161 1964 4233 ὑπάτην

405 4235 719 4314 πολιορκίαν
756 4243 849 4297 τοῦ
878 4247 1041 4299 τόπου
1063 4265 1075 4276 ·
1108 4249 1231 4302 ἐπεὶ
1265 4251 1399 4320 μηδὲ
1438 4251 1678 4324 ὑπῆρχεν
1706 4255 1816 4316 τοῖς
1843 4253 1962 4307 τότε

406 4333 535 4404 παρ’
557 4334 736 4396 αὐτοῖς
761 4335 947 4400 ὁσίοις,
977 4338 1084 4390 τῶν
1110 4339 1205 4409 τὴν
1238 4342 1388 4395 πόλιν
1409 4343 1716 4409 οίκούντων,
1739 4347 1962 4402 ἀνοσίων

404 4423 496 4474 καὶ
525 4421 734 4476 ἀσεϐῶν
766 4424 1015 4478 ἁπάντων
1045 4430 1339 4496 γεγονότων
1366 4429 1451 4484 διά
1481 4432 1547 4487 τὰ
1573 4433 1710 4487 κατὰ
1734 4435 1826 4488 τοῦ
1853 4437 1963 4491 Σω-

404 4512 568 4583 τῆρος
601 4513 755 4584 ἡμῶν
805 4515 943 4568 κατά
986 4533 1043 4568 τε
1073 4519 1182 4571 τῶν
1228 4499 1536 4576 ἀποστόλων
1580 4522 1743 4580 αὑτοῦ
1782 4526 1961 4582 τετολ-

407 4605 622 4676 μημένα
676 4607 876 4669 αὐτοῖς.
917 4607 1052 4661 Ἀλλ’
1086 4611 1206 4664 οὐδὲ
1257 4614 1350 4667 ὲπὶ
1390 4617 1486 4689 τῆς
1537 4618 1616 4682 είς
1669 4618 1962 4677 Βαϐυλῶνα

403 4694 777 4763 αἰχμαλωσίας
825 4694 1004 4768 εὕροις
1033 4699 1099 4752 ἂν
1141 4701 1210 4754 τά
1258 4704 1394 4774 μετά
1442 4709 1628 4779 χεῖρας
1663 4711 1958 4781 γενόμενα·

2069 3610 2248 3679 qualia
2285 3611 2337 3663 in
2377 3609 2634 3678 praedicto
2667 3610 2876 3678 psalmo
2907 3611 3179 3664 narrabat.
3211 3612 3372 3666 Addit
3399 3615 3622 3684 insuper

2070 3698 2123 3752 in
2153 3701 2436 3769 praesenti,
2470 3715 2563 3755 eos
2595 3701 2687 3770 qui
2717 3701 2895 3753 locum
2927 3701 3263 3769 polluerunt,
3299 3704 3498 3758 multos
3528 3717 3622 3758 oc-

2067 3791 2266 3845 cidisse
2305 3792 2448 3846 viros
2481 3799 2701 3846 sanctos
2732 3799 2783 3846 et
2815 3791 2908 3846 Dei
2937 3807 3158 3846 servos:
3199 3808 3426 3862 quorum
3472 3808 3619 3850 mor-

2067 3889 2159 3935 tua
2188 3897 2412 3950 corpora
2443 3898 2549 3935 non
2579 3883 2820 3938 sinentes
2851 3885 3087 3938 naturali
3120 3886 3410 3954 sepultura:
3435 3886 3614 3950 tradi,

2066 3973 2120 4027 in
2146 3987 2325 4027 escam
2351 3974 2660 4030 volatilibus
2689 3976 2811 4029 coeli
2845 3985 3161 4046 posuerunt.
3194 3975 3315 4031 Hazc
3338 3994 3498 4047 porro
3525 3995 3619 4049 ge-

2066 4072 2149 4120 sta
2191 4080 2298 4118 non
2338 4064 2721 4133 deprehendas
2761 4068 2815 4120 in
2848 4077 3122 4136 postrema
3155 4061 3257 4123 loci
3291 4071 3612 4128 obsidione:

2065 4157 2196 4226 quia
2237 4155 2349 4210 [nec
2379 4172 2482 4210 non
2509 4158 2758 4212 accidere
2781 4161 2912 4215 viris
2945 4162 3151 4215 sanctis
3178 4164 3269 4232 qui
3301 4180 3465 4233 penes
3495 4167 3616 4222 illos

2062 4256 2238 4303 erant.
2297 4247 2335 4302 li
2391 4264 2626 4319 namque
2678 4251 2770 4320 qui
2797 4253 2982 4308 urbem
3039 4255 3346 4311 incolebant
3401 4260 3616 4314 scelesti

2062 4353 2248 4395 omnes
2278 4348 2331 4394 et
2365 4341 2514 4409 impii
2555 4349 2746 4406 erant,
2782 4345 2852 4398 ob
2895 4361 3024 4412 suos
3053 4349 3104 4402 in
3145 4347 3483 4406 Servatorem
3520 4370 3620 4407 no-

2063 4438 2233 4487 strum
2264 4440 2317 4487 et
2345 4433 2398 4487 in
2429 4433 2547 4502 ejus
2573 4438 2847 4505 apostolos
2877 4454 3060 4496 ausus.
3097 4439 3201 4496 Sed
3235 4459 3408 4513 neque
3439 4447 3492 4500 in
3516 4446 3618 4499 Ba-

2061 4514 2310 4590 bylonica
2358 4521 2673 4592 captivitate
2718 4524 2834 4580 haec
2878 4525 3016 4582 facta
3061 4532 3336 4599 reperias,
3384 4536 3510 4602 quia
3547 4551 3618 4590 ne

2061 4619 2193 4666 tunc
2230 4612 2448 4682 quidem
2486 4615 2664 4669 sancti
2705 4624 2758 4672 et
2801 4618 3042 4688 religiosi
3083 4621 3183 4674 viri
3234 4636 3263 4675 a
3307 4622 3617 4694 Babyloniis

2061 4700 2319 4755 trucidati
2363 4703 2419 4758 in
2464 4703 2691 4760 historia
2740 4706 3006 4763 feruntur.
3054 4708 3408 4774 Quandonam
3450 4713 3616 4784 igitur

403 4785 523 4887 irrit
551 4785 682 4887 μηδέ
720 4787 838 4887 τότε
869 4789 1044 4887 ὁσίους
1069 4790 1268 4862 ἀνδρας
1296 4795 1388 4848 καὶ
1428 4797 1691 4869 θεοφιλεῖς
1718 4802 1821 4855 ὑπὸ
1852 4802 1960 4858 τῶν
1992 4833 2034 4887 D
2064 4789 2143 4845 1³ῖὲ

1873 4802 1960 4858 ὧν
1992 4833 2034 4887 D
2064 4789 2178 4846 hac
2208 4792 2425 4887 impleta
2460 4795 2653 4887 fuere?
2691 4795 2808 4850 Non
2837 4806 3011 4867 potest
3048 4801 3193 4855 aliud
3221 4803 3448 4859 indicari
3480 4815 3613 4861 tem-

402 4870 754 4932 Βασυλωνίων
796 4879 1097 4950 ἀνῃρῆσθαι
1124 4882 1156 4952 ὴ
1193 4883 1399 4956 ἱστορία
1439 4891 1792 4961 παραδίδωσι.
1824 4894 1960 4948 Πότε
1992 4870 2034 4887 υ
2063 4893 2142 4951 Pu:

1875 4894 1960 4948 άτε
1992 4870 2034 4887 ’³
2063 4893 2193 4951 pus,
2243 4884 2348 4937 nisi
2389 4883 2680 4949 Antiochi,
2723 4888 2826 4942 sub
2849 4905 2957 4958 quo
3002 4890 3432 4949 Machabazorum
3479 4898 3615 4951 scri-

398 4961 580 5018 τοίνυν
629 4967 927 5038 ἐπληροῦτο
951 4969 1154 5038 ταῦτα;
1207 4972 1319 5025 Οὐκ
1373 4975 1518 5030 ἔστιν
1557 4979 1742 5051 ἕτερον
1790 4984 1962 5037 εἰπεῖν
2056 4981 2138 5043 Ρη

1868 4985 1962 5037 πεῖν
2056 4981 2213 5043 ptura
2242 5011 2257 5036 ,
2307 4988 2426 5042 qua:
2472 4973 2560 5028 hic
2607 4982 3040 5045 praenuntiantur
3082 4986 3378 5057 contigisse
3407 4997 3608 5044 narrat.

401 5053 614 5123 χρόνον,
644 5057 676 5125 ἢ
712 5058 803 5112 τὸν
825 5060 918 5112 ἐπὶ
954 5063 1240 5133 Ἀντιόχου,
1273 5064 1395 5118 καθ’
1432 5067 1546 5140 ὃνή
1591 5071 1698 5124 τῶν
1737 5074 1962 5129 Μακκα-
2060 5063 2141 5118 Sel

1871 5092 1962 5129 κα.
2060 5063 2328 5134 Scriptum
2360 5067 2543 5135 itaque
2573 5069 2647 5122 ibi
2678 5072 2873 5142 legitur
2899 5095 2910 5129 :
2951 5079 3018 5130 Et
3053 5053 3285 5134 reversus
3317 5093 3393 5136 est
3420 5083 3611 5135 Antio-

402 5141 568 5196 δαίων
595 5149 794 5240 γραφη
811 5152 880 5206 τὰ
903 5154 1038 5223 μετά
1074 5158 1258 5226 χεῖρας
1295 5157 1664 5231 προλεγόμενα
1693 5163 1759 5216 δι’
1785 5165 1960 5236 ἔργων
2057 5158 2142 5209 είηι

1868 5183 1960 5233 των
2057 5158 2212 5224 chus,
2253 5168 2528 5227 postquam
2579 5167 2837 5231 percussit
2870 5167 3193 5240 JEgyptum,
3226 5175 3279 5227 in
3325 5177 3608 5229 centesimo

400 5236 752 5304 κεχωρηκότα
777 5239 1032 5299 δείκνυσι.
1052 5245 1360 5315 Γέγραπται
1385 5246 1512 5314 γοῦν
1543 5251 1598 5302 ὲν
1619 5251 1753 5323 αὐτῇ
1775 5254 1959 5308 τοῦτον
2056 5259 2106 5303 ει
2133 5272 2140 5301 ι

1873 5272 1959 5308 τον
2056 5259 2106 5303 et
2133 5249 2539 5320 quadragesimo
2588 5260 2738 5313 tertio
2775 5275 2912 5314 anno
2930 5236 2952 5324 ;V
2981 5236 3044 5316 ’ἐι
3083 5266 3313 5319 ascendit
3356 5268 3409 5319 in
3444 5266 3613 5323 Israel

398 5324 488 5376 τὸν
528 5325 756 5394 τρόπον·
789 5332 900 5387 Καί
946 5336 1327 5406 ὑπέστρεψεν
1382 5341 1673 5410 Ἀντίοχος
1705 5346 1856 5411 μετά
1891 5351 1958 5400 τὸ

400 5415 655 5480 πατάξαι
688 5418 803 5488 τὴν
831 5425 1133 5494 Αιγυπτον
1157 5430 1227 5483 ἐν
1250 5430 1328 5496 τῷ
1344 5428 1398 5500 ρ’
1422 5431 1518 5488 καί
1543 5439 1602 5501 μ’
1626 5435 1722 5488 καὶ
1749 5443 1796 5504 γ’
1818 5438 1957 5505 ἔτει,

398 5506 496 5559 καὶ
522 5506 707 5576 ἀνέϐη
727 5510 826 5564 ἐπὶ
856 5514 1094 5586 Ἰσραὴλ
1117 5521 1187 5573 ἐν
1212 5522 1371 5590 ὄχλῳ
1390 5522 1595 5591 βαρεῖ·
1625 5525 1724 5578 καὶ
1753 5526 1959 5596 εἰσῆλ-

396 5599 500 5650 θεν
525 5601 612 5664 εὶς
643 5600 709 5651 τὸ
742 5603 1004 5674 ἁγίασμα
1029 5609 1101 5662 ἐν
1127 5614 1520 5682 ὑπερηφανίᾳ.
1547 5616 1655 5669 Kal
1686 5617 1862 5672 ἔλαϐε
1893 5621 1961 5675 τὸ

395 5687 778 5757 θυμιατήριον
829 5694 895 5746 τὸ
938 5702 1230 5774 χρυσοῦν,
1256 5705 1354 5758 καὶ
1403 5704 1516 5774 τὴν
1552 5708 1810 5774 λυχνίαν
1849 5711 1958 5766 τοῦ

392 5779 605 5870 φωτὸς,
640 5781 739 5835 καὶ
773 5781 968 5840 κᾶντα
1003 5790 1074 5843 τὰ
1095 5796 1283 5862 σκεύη
1306 5796 1515 5864 αὐτῆς,
1555 5798 1652 5850 καὶ
1677 5799 1789 5868 τὴν
1817 5801 1950 5870 τρά-

390 5868 574 5930 πεζαν
603 5873 711 5942 τῆς
744 5878 1108 5948 προθέσεως,
1138 5888 1234 5939 καὶ
1267 5887 1341 5941 τὰ
1386 5890 1644 5947 σπονδαά
1663 5931 1678 5954 ,
1711 5891 1807 5944 καί
1840 5868 1945 5959 τὰς

389 5960 641 6030 φιάλας,
693 5968 790 6021 καὶ
842 5971 947 6039 τὰς
1000 5975 1252 6041 θυΐσκας
1280 5977 1385 6046 τὰς
1427 5980 1698 6051 χρυσᾶς,
1748 5983 1844 6040 καὶ
1885 5985 1951 6042 τὸ

2059 5358 2174 5394 cum
2205 5341 2539 5401 multitudine
2569 5352 2758 5417 graui;
2790 5361 2837 5405 et
2867 5355 3136 5423 ingressus
3172 5367 3247 5410 est
3270 5358 3321 5409 in
3364 5372 3614 5414 sanctua-

2059 5434 2197 5486 rium
2243 5448 2360 5486 cum
2413 5439 2680 5504 superbia,
2731 5453 2779 5495 et
2828 5448 3025 5513 accepit
3068 5449 3237 5500 altare
3273 5447 3532 5515 aureum,
3562 5461 3614 5508 et

2058 5523 2432 5580 candelabrum
2463 5531 2700 5599 luminis,
2742 5545 2790 5589 et
2817 5540 3054 5594 universa
3086 5557 3208 5593 vasa
3241 5543 3374 5610 ejus,
3401 5553 3449 5596 et
3479 5559 3617 5597 meu-

2059 5633 2173 5670 sam
2202 5619 2575 5685 propositionis
2595 5665 2612 5689 ,
2643 5637 2691 5679 et
2724 5628 2972 5683 libatoria
2993 5670 3007 5694 ,
3040 5642 3088 5683 et
3122 5633 3328 5698 phialas
3348 5677 3362 5700 ,
3394 5644 3442 5686 et
3473 5651 3615 5686 mor-

2061 5702 2252 5760 tar'iola
2285 5725 2448 5765 aurea
2455 5753 2484 5784 δ
2517 5724 2566 5768 et
2620 5718 2819 5783 velum,
2871 5730 2919 5773 et
2974 5737 3228 5788 coronas,
3276 5736 3335 5786 et,
3367 5735 3614 5779 ornatum

2058 5801 2151 5869 qui
2189 5801 2240 5853 in
2280 5801 2415 5869 facie
2455 5809 2630 5876 templi
2672 5821 2806 5865 erat.
2852 5811 2920 5865 Et
2960 5820 3264 5870 conminuit
3309 5818 3525 5870 onmia:
3558 5829 3611 5873 ct

2058 5898 2251 5964 accepit
2284 5898 2558 5958 thesauros
2587 5909 2850 5973 occultos,
2877 5927 3005 5979 quos
3035 5913 3244 5966 invenit.
3281 5911 3346 5966 Et
3383 5913 3609 5966 sublatis

2058 5990 2316 6049 onmibus.
2342 6008 2574 6052 reversus
2596 5998 2726 6056 abiit
2750 6002 2801 6057 in
2829 6012 3020 6060 terram
3050 6024 3219 6062 suam.
3256 6006 3322 6060 Et
3353 6007 3472 6074 fecit
3504 6023 3609 6060 ca:-
