4406 6444
840 553 941 608 9L5

1490 546 1750 603 EUSEBIl
1784 544 2255 609 CESARIENSIS
2294 547 2439 603 opp.
2482 548 2766 603 PARSIII.
2800 576 2867 589 -
2905 546 3309 605 exsomnes.
3364 514 3379 527 ’

3904 552 4005 606 9.ιό

839 668 953 719 dem
1015 678 1296 733 magnam:
1343 672 1389 715 et
1438 663 1609 731 factus
1661 672 1737 717 est
1778 665 2273 732 planctus'magnus
2321 664 2373 715 in
2400 684 2444 739 Α
2472 682 2577 719 κατ

2263 680 2273 716 ι
2321 664 2373 715 in
2400 684 2444 739 Α
2472 664 2906 731 καταπέτασμα,
2946 662 3045 714 καὶ
3074 661 3212 727 τοὺς
3239 660 3588 729 στεφάνους,
3624 659 3718 712 καὶ
3762 661 3867 715 τὸν
3905 664 4003 718 κό-

845 753 1029 807 Israel.
1070 752 1135 805 Et
1174 755 1382 821 scripsit
1418 769 1509 807 rex
1547 756 1687 806 omni
1724 771 1880 823 regno
1917 770 2012 808 suo
2035 794 2051 819 ,
2099 763 2157 806 ut
2201 765 2370 809 essent

840 860 1008 895 omnes
1036 844 1252 910 populus
1281 860 1413 896 unus
1440 883 1454 906 ,
1486 853 1534 897 et
1564 845 1870 913 relinqueret
1908 845 2260 914 unusquisque
2298 846 2370 897 le-

821 950 944 1003 'gem
969 949 1117 985 suam
1138 933 1204 986 ⁸⁸.
1228 931 1293 984 Ει
1324 933 1575 999 amplexce
1601 946 1720 987 sunt
1748 950 1921 987 omnes
1962 943 2134 1002 gentes
2161 934 2367 987 verbum

836 1025 1007 1093 regis:
1044 1033 1093 1077 et
1131 1024 1285 1076 multi
1320 1040 1383 1076 ea:
1420 1025 1547 1092 ﬁliis
1590 1024 1760 1078 Israel
1796 1033 2167 1079 consenserunt
2203 1024 2370 1077 cultui

835 1116 981 1176 eius,
1037 1124 1085 1168 et
1145 1115 1565 1182 sacriﬁcaverunt
1604 1114 1790 1179 idolis,
1830 1123 1877 1169 et
1914 1115 2369 1181 coinquinaveth

834 1202 1122 1258 Sabbatum
1147 1206 1211 1256 δ’.
1242 1203 1371 1259 Post
1398 1204 1511 1258 haec
1534 1214 1707 1260 autem
1739 1204 1968 1267 dicitur:
1994 1202 2062 1257 Et
2091 1205 2368 1273 wdiﬁcavit

833 1292 1267 1345 abominationem
1302 1292 1638 1346 desolationis
1668 1293 1723 1346 in
1748 1274 1933 1347 altari.
1962 1292 2031 1345 Et
2058 1294 2109 1346 in
2140 1294 2370 1347 civitati-

835 1371 926 1447 bus
962 1381 1105 1435 Juda
1152 1384 1207 1436 in
1252 1384 1474 1436 circuitu
1520 1383 1909 1451 aediﬁcaverunt
1958 1382 2191 1447 altaria,
2228 1391 2278 1437 et
2316 1384 2370 1436 in

832 1473 995 1540 portis
1034 1474 1181 1537 suis,
1220 1482 1269 1526 et
1307 1474 1360 1526 in
1398 1474 1583 1541 plateis
1626 1473 1912 1543 thymiama
1956 1473 2253 1527 adolebant.
2300 1471 2369 1526 Et

835 1562 993 1615 libros
1028 1561 1102 1633 (l)
1148 1564 1338 1630 psalmi
1389 1580 1516 1632 quos
1553 1565 1848 1617 invenerunt
1902 1564 2229 1629 scindentes,
2255 1568 2370 1633 igne

834 1652 1218 1705 combusserunt
1249 1648 1315 1707 ⁹⁰.
1356 1652 1766 1722 Adjiciturque:
1802 1652 1869 1705 Et
1909 1656 2061 1708 multi
2098 1656 2153 1709 in
2194 1655 2367 1709 Israel

832 1741 1139 1809 deﬁnierunt
1171 1744 1223 1795 in
1249 1759 1302 1796 se
1320 1781 1334 1806 ,
1367 1752 1423 1794 ut
1450 1759 1549 1796 non
1574 1743 1949 1797 manducarent
1978 1746 2270 1800 immunda.
2302 1744 2369 1798 Et

787 1886 790 1890 .
831 1834 1087 1903 elegerunt
1123 1836 1280 1897 mori,
1328 1845 1385 1887 ut
1431 1852 1531 1889 non
1575 1838 2052 1892 contaminarentur
2098 1838 2261 1903 cibis,
2320 1848 2370 1893 et

832 1926 1021 1977 mortui
1065 1934 1206 1980 sunt.
1256 1926 1323 1977 Et
1367 1925 1509 1993 facta
1537 1936 1611 1979 est
1638 1928 1721 1980 ira
1750 1920 1939 1998 magna
1968 1930 2023 1981 in
2054 1927 2229 1981 Israel
2258 1928 2371 1981 val-

2470 771 2624 822 σμον
2652 755 2758 806 τὸν
2776 758 2923 806 κατὰ
2948 754 3268 819 πρόσωπον
3312 752 3416 804 τοῦ
3440 751 3602 805 ναοῦ.
3639 752 3747 809 Καὶ
3766 752 4007 810 ὲλέπισε

2467 843 2686 897 πάντα·
2716 846 2820 897 καί
2841 845 3016 898 ἔλαϐε
3055 839 3195 910 τοὺς
3220 842 3555 911 θησαυροὺς
3583 842 3720 908 τοὺς
3752 844 4006 913 ἀποκρύ-

2466 951 2636 1001 φους,
2670 930 2777 998 οὖς
2805 930 2958 1001 εὗρε.
2994 934 3105 986 Καὶ
3145 933 3343 987 λαϐὼν
3376 934 3713 1001 σύμπαντα,
3740 933 4005 1002 ἐπιστρέ-

2466 1028 2585 1091 ψας
2619 1024 2888 1091 ἀπῆλθεν
2933 1027 3019 1089 εὶς
3048 1024 3161 1092 τὴν
3196 1024 3311 1094 γῆν
3357 1023 3559 1077 αὑτοῦ.
3606 1023 3715 1077 Καὶ
3760 1023 4005 1092 ἐποίησε

2466 1116 2856 1183 ςοονοκτονίαν
2877 1116 3145 1185 μεγάλην
3164 1132 3177 1145 ο
3219 1115 3314 1170 καὶ
3340 1115 3570 1189 ἐγένετο
3612 1114 3827 1183 πένθος

2464 1206 2562 1259 ἐπὶ
2600 1206 2851 1274 Ἰσραήλ.
2901 1207 3009 1260 Kal
3054 1207 3313 1276 ἔγραψεν
3338 1207 3372 1258 ό
3403 1204 3693 1270 ,βασιλεὺς
3730 1204 3896 1272 πάσῃ
3932 1203 4006 1272 τῇ

2460 1297 2742 1363 ,βασιλείᾳ
2772 1282 2955 1352 αὑτοῦ
2980 1294 3131 1351 εἶναι
3153 1297 3380 1362 πάντας
3400 1296 3550 1350 λαὸν
3568 1296 3694 1360 ἕνα,
3711 1295 3809 1349 καὶ
3838 1296 4008 1365 ἐγκα-

2466 1386 2734 1441 ταλιπεῖν
2761 1387 3014 1453 ἕκαστος
3049 1389 3120 1441 τὰ
3153 1388 3369 1455 νόμιμα
3419 1385 3624 1440 αὐτοῦ.
3659 1387 3767 1441 Καὶ
3801 1384 4009 1443 ἀπεδέ-

2467 1476 2643 1542 ξαντο
2671 1478 2864 1532 πάντα
2896 1479 2965 1531 τὰ
3000 1478 3141 1545 ἔθνη
3187 1480 3293 1538 δὸν
3336 1477 3514 1546 λόγον
3538 1475 3645 1531 τοῦ
3670 1475 3971 1542 ,ϐασιλέως
3990 1492 4005 1506 '
4041 1462 4044 1470 Α

2465 1570 2563 1621 καί
2593 1585 2659 1636 γε
2689 1568 2904 1622 πολλοὶ
2939 1568 3059 1622 ἀπὸ
3104 1568 3248 1622 υἱῶν
3288 1566 3525 1634 Ἰσραὴλ
3570 1566 3907 1634 εὐδόκησαν
3931 1562 4009 1633 τῇ

2464 1660 2703 1727 λατρεία
2750 1660 2965 1722 αὐτοῦ,
3010 1660 3106 1713 καὶ
3154 1659 3378 1713 ἔθυσαν
3408 1657 3528 1724 τοῖς
3570 1657 3863 1722 ειδώλοις,
3909 1656 4010 1711 καὶ

2465 1750 2837 1815 ἐϐεϐήλωσαν
2856 1750 2922 1803 τὸ
2955 1750 3267 1804 Σάϐϐατον.
3286 1750 3391 1801 Καὶ
3414 1748 3549 1819 μετὰ
3569 1747 3739 1802 ταῦτα
3764 1747 4005 1819 είρηται·
4087 1776 4093 1781 ~

2466 1840 2574 1895 Καὶ
2599 1837 2939 1907 ᾠκοδόμησε
2978 1838 3290 1907 βδέλυγμα
3327 1836 3667 1905 ἐρημώσεως
3678 1837 3783 1903 ,ἐπὶ
3817 1836 3884 1890 τὸ
3910 1839 4010 1890 θυ-

2467 1930 2832 1997 σιαστήριον.
2856 1929 2965 1992 καί
2988 1945 3053 1997 γε
3079 1929 3147 1980 ἐν
3182 1930 3396 1981 πόλεσι
3432 1925 3615 1981 Ἰούδα
3634 1927 3834 1993 κύκλῳ
3862 1927 4009 1992 ᾠκο-

829 2014 892 2068 de
919 2016 983 2069 ⁵⁸.
1018 2015 1139 2070 Ηιεο
1168 2030 1329 2086 porro
1355 2016 1628 2070 diuturnis
1656 2022 1842 2085 postea
1866 2019 2224 2087 temporibus,
2247 2026 2370 2087 post
2399 2018 2569 2087 8456p

2266 2026 2370 2074 tost
2399 2018 2737 2087 Βὸόμησαν
2746 2020 2986 2087 ,βωμούς
3002 2038 3015 2051 ·
3044 2018 3140 2071 καὶ
3160 2018 3255 2072 διὰ
3276 2017 3392 2071 τῶν
3413 2015 3604 2084 θυρῶν
3621 2016 3740 2070 τῶν
3756 2017 4006 2081 aleator,

828 2109 1111 2179 Assyriaca
1143 2118 1196 2162 et
1230 2108 1464 2171 Medica,
1499 2116 1620 2177 post
1648 2107 1866 2163 Persica
1894 2116 1949 2163 et
1981 2116 2102 2175 post
2130 2110 2363 2164 Alexan-

827 2200 910 2253 dri
941 2199 1245 2254 Macedonis
1287 2209 1514 2254 mortem
1558 2207 1705 2269 gesta
1739 2207 1882 2255 sunt.
1922 2199 1991 2252 At
2025 2198 2256 2268 Spiritus
2283 2201 2366 2255 di-

828 2291 985 2365 vinus
1036 2304 1131 2358 per
1173 2288 1318 2342 hunc
1364 2290 1679 2359 prophetam
1727 2289 1841 2343 haec
1889 2290 2004 2358 ipsa
2042 2291 2365 2344 vaticinatur

829 2382 1015 2435 dicens
1041 2399 1053 2433 :
1081 2380 1239 2443 Deus,
1265 2392 1505 2435 venerunt
1527 2392 1699 2451 gentes
1721 2384 1773 2435 in
1803 2382 2154 2436 hereditatem
2183 2393 2327 2437 tuam
2346 2424 2361 2450 ,

825 2469 1120 2535 polluerunt
1151 2470 1393 2538 templum
1422 2480 1659 2523 sanctum
1690 2481 1833 2523 tuum
1854 2510 1867 2533 ,
1899 2482 2179 2539 posuerunt
2211 2473 2368 2527 Jeru-

828 2560 991 2612 salem
1021 2560 1071 2611 in
1098 2575 1367 2627 pomorum
1398 2562 1708 2614 custodiam.
1737 2560 1986 2616 —Vuns.
2012 2560 2127 2633 2-4.
2176 2562 2366 2617 Posue-

828 2660 949 2703 runt
996 2652 1270 2704 morticina
1317 2668 1577 2705 servorum
1623 2661 1829 2704 tuorum
1869 2669 2015 2705 escas
2063 2653 2364 2707 volatilibus

828 2741 940 2793 coeli
961 2779 975 2802 ,
1008 2757 1188 2795 carnes
1218 2752 1517 2795 sanctorum
1546 2750 1753 2794 tuorum
1792 2740 1966 2795 bestiis
2002 2750 2172 2797 terrae.
2216 2742 2366 2811 Eﬂ'u—

826 2829 1010 2882 derunt
1032 2834 1327 2901 sanguinem
1368 2848 1544 2886 eorum
1578 2843 1824 2899 tanquam
1854 2847 2041 2900 aquam
2064 2832 2119 2885 in
2144 2833 2363 2886 circuitu

824 2919 1146 2988 Jerusalem,
1178 2932 1227 2977 et
1255 2940 1356 2976 non
1400 2934 1511 2978 erat
1557 2926 1644 2993 qui
1685 2923 1944 2990 sepeliret.
1976 2920 2134 2974 Facti
2182 2938 2363 2977 sumus

824 3013 1153 3080 opprobrium
1199 3016 1379 3068 vicinis
1427 3014 1654 3075 nostris,
1698 3012 2042 3065 subsannatio
2080 3021 2131 3065 et
2171 3010 2364 3066 derisio

822 3104 888 3154 iis
933 3106 1020 3172 qui
1058 3105 1113 3157 in
1155 3106 1378 3157 circuitu
1418 3113 1600 3157 nostro
1630 3113 1773 3157 sunt.
1806 3102 1911 3155 Pro
1943 3102 2036 3155 illo
2065 3108 2241 3155 autem
2265 3142 2279 3165 ,
2310 3104 2363 3157 in

822 3208 1090 3260 pomorum
1119 3194 1413 3247 custodiam
1432 3233 1447 3257 ,
1478 3194 1673 3263 Aquila
1691 3234 1705 3258 ,
1734 3194 1789 3246 in
1820 3208 2056 3246 acervum
2085 3192 2319 3260 lapidum
2341 3209 2361 3259 ;

825 3281 1180 3351 Symmachus
1210 3298 1337 3337 vero
1355 3323 1369 3347 ,
1399 3283 1453 3337 in
1482 3283 1647 3336 saltus
1669 3323 1683 3347 ,
1710 3282 2011 3337 ediderunt.

2469 2110 2563 2163 καὶ
2595 2111 2663 2162 ἐν
2694 2109 2820 2176 ταῖς
2868 2112 3170 2176 πλατείαις
3198 2110 3449 2181 ἐθυμίων
3493 2107 3584 2161 ἐπ’
3615 2108 3851 2173 αὐτούς.
3901 2107 4009 2160 Kal

2467 2201 2538 2255 τά
2579 2202 2786 2265 ,ϐιϐλία
2825 2201 2929 2255 τοῦ
2966 2200 3205 2270 ψαλμοῦ
3251 2200 3289 2254 ἃ
3318 2195 3495 2276 εὖρον
3516 2199 4007 2268 κατασχίσαντες,

2466 2291 2823 2359 ἐνεπύρισαν
2844 2291 2913 2344 έν
2948 2291 3109 2359 πυρί.
3140 2291 3248 2343 Καὶ
3271 2288 3575 2357 ὲπιλέγεται
3593 2306 3608 2320 ·
3637 2289 3745 2341 Καὶ
3798 2284 4009 2341 πολλοὶ

2466 2382 2535 2435 έν
2574 2380 2808 2450 Ἰσραὴλ
2830 2380 3227 2448 ὠχυρώθησαν
3246 2381 3313 2433 ἐν
3345 2380 3541 2445 αὐτοῖς
3565 2378 3670 2432 τοῦ
3693 2378 3778 2447 μὴ
3803 2375 4011 2445 φαγεῖν

2468 2470 2657 2525 κοινά.
2696 2470 2806 2524 Καὶ
2831 2470 3195 2533 ἀπεδέξαηο
3225 2469 3562 2535 ἀποθανεῖν,
3597 2470 3695 2521 ἵνα
3732 2468 3816 2537 μὴ
3843 2482 4010 2536 μιαν-

2469 2562 2613 2616 θῶσι
2649 2561 2772 2628 τοῖς
2801 2561 3093 2629 βρώμασι,
3135 2561 3233 2614 καὶ
3264 2560 3575 2615 ἀπέθανον.
3629 2558 3737 2623 Καὶ
3778 2558 4010 2627 ἐγένετο

2468 2652 2612 2722 ὀργὴ
2644 2652 2873 2722 μεγάλη
2915 2652 3011 2705 ἐπὶ
3043 2652 3275 2721 Ἰσραὴλ
3309 2651 3559 2720 σφόδρα.
3599 2649 3780 2703 Ταῦτα
3817 2649 3874 2701 δὲ
3904 2666 4006 2718 μα-

2468 2746 2616 2813 κροῖς
2656 2742 2873 2811 ὕστερον
2914 2741 3211 2812 ἐπληροῦτο
3246 2741 3451 2811 χρόνοις
3483 2738 3619 2809 μετὰ
3652 2738 3720 2792 τά
3756 2737 4008 2808 ’Δσσύρια

2470 2832 2559 2884 καὶ
2588 2830 2824 2900 Μηδικὰ,
2873 2831 2965 2883 καὶ
3015 2830 3149 2899 μετὰ
3191 2829 3259 2882 τὰ
3304 2829 3545 2900 Περσικὰ
3590 2829 3682 2882 καὶ
3728 2826 3867 2899 μετὰ
3910 2826 4009 2897 τὴν

2481 2918 2818 2993 Ἀλεξάνδρου
2868 2920 2962 2974 τοῦ
3006 2921 3305 2985 Μακέδονος
3360 2920 3632 2992 τελευτήν.
3678 2919 3750 2972 Τό
3792 2934 3858 2986 γε
3903 2916 4008 2988 μὴν

2468 3011 2687 3082 Πνεῦμα
2731 3012 2792 3065 τὸ
2840 3012 2978 3065 θεῖον
3023 3009 3109 3065 διὰ
3158 3011 3253 3065 τοῦ
3308 3010 3442 3082 μετὰ
3494 3012 3678 3082 χεῖρας
3727 3009 4007 3080 προφήτου

2466 3105 2603 3158 αὐτὰ
2634 3104 2696 3177 δὴ
2737 3104 2905 3157 ταῦτα
2937 3103 3179 3165 θεσπίζει
3206 3102 3388 3170 λέγονο
3435 3102 3489 3153 Ὁ
3524 3101 3693 3167 Θεὸς,
3731 3100 4007 3170 εἰσήλθο-

2465 3208 2585 3246 σαν
2613 3193 2755 3260 ἔθνη
2786 3194 2870 3257 εὶς
2896 3191 3011 3258 τὴν
3035 3191 3430 3260 κληρονομίαν
3464 3195 3600 3255 σου,
3624 3188 3877 3258 ἐμίαναν
3904 3186 4009 3240 τὸν

2464 3284 2614 3338 ναὸν
2667 3284 2773 3337 τὸν
2827 3283 2995 3352 ἅγιόν
3040 3298 3155 3335 σου
3174 3323 3190 3348 ,
3240 3282 3441 3336 ἔθεντο
3495 3279 3874 3350 Ἰερουσαλὴμ
3922 3279 4007 3342 εἰς

823 3376 1326 3445 έπωροφυλάκιον.
1359 3379 1592 3431 Ἐ’θεντο
1622 3378 1692 3430 τὰ
1728 3376 2047 3445 θνησιμαῖα
2085 3358 2204 3431 τῶν
2265 3376 2498 3431 δούλων
2527 3391 2643 3431 σου
2669 3376 2876 3444 βρῶμα
2914 3375 3037 3441 τοῖς
3075 3376 3361 3443 πετεινοῖς
3407 3376 3513 3429 τοῦ
3570 3373 3845 3443 οὐρανοῦ,
3902 3373 4007 3437 τὰς

822 3466 1049 3535 σάρκας
1096 3465 1213 3520 τῶν
1239 3468 1420 3521 ὁσίων
1450 3483 1563 3522 σου
1618 3467 1741 3532 τοῖς
1797 3469 2018 3535 θηρίοις
2079 3467 2188 3536 τῆς
2232 3466 2359 3536 γῆς.
2412 3453 2685 3535 Ἐξέχεαν
2724 3468 2790 3519 τὸ
2821 3461 2961 3536 αἷμα
2986 3468 3181 3521 αὐτῶν
3216 3468 3295 3534 ὠς
3324 3467 3478 3535 ὕδωρ
3538 3467 3738 3530 κύκλῳ
3795 3466 4005 3533 Ἰερου-

819 3557 1042 3628 σαλὴμ,
1068 3558 1166 3613 καὶ
1212 3562 1321 3614 οὐκ
1358 3554 1435 3629 ἦν
1468 3563 1501 3613 ό
1546 3558 1798 3615 θάπτων.
1835 3559 2225 3631 Ἐγενήθημεν
2273 3559 2498 3625 ὄνειδος
2541 3559 2664 3625 τοῖς
2696 3560 2956 3630 γείτοσιν
2986 3559 3169 3629 ἡμῶν,
3205 3559 3607 3630 μυκτηρισμὸς
3642 3559 3739 3613 καὶ
3787 3560 4003 3627 χλευα-

818 3648 971 3725 σμὸς
1013 3649 1135 3715 τοῖς
1172 3651 1371 3713 κύκλῳ
1413 3650 1598 3718 ἡμῶν.
1652 3652 1797 3702 Ἀντὶ
1843 3650 1899 3703 δὲ
1940 3650 2055 3714 τοῦ,
2099 3652 2185 3715 εις
2232 3650 2735 3723 όπωροφυλάκιον,
2794 3653 2823 3706 ὁ
2865 3653 2962 3724 μὲν
3006 3652 3253 3717 Ἀκύλας,
3300 3654 3401 3721 είς⁵
3437 3650 3817 3721 λιθολογίαν,
3853 3648 3881 3700 ὁ
3946 3646 4001 3700 δὲ

818 3740 1125 3809 Σύμμαχος,
1152 3742 1237 3805 είς
1266 3740 1523 3808 δρυμοὺς
1554 3739 1898 3793 ὲκδεδώκασι.

889 3826 1055 3882 Vens.
1084 3828 1118 3881 5
1165 3826 1451 3896 Usquequo,
1470 3826 1705 3891 Domine,
1733 3829 1975 3883 irasceris
1996 3830 2051 3882 in
2068 3828 2253 3899 finem,
2279 3846 2362 3884 ac-
2387 3832 2433 3894 C
2531 3829 2629 3882 "Et.

2279 3846 2362 3884 ac-
2387 3832 2433 3894 ο
2531 3829 2683 3894 Ἕως
2703 3829 2864 3891 πότε,
2885 3828 3077 3896 Κύριε,
3103 3826 3429 3898 ὀργισθήσῃ
3461 3829 3546 3892 εὶς
3569 3826 3758 3892 τέλος,
3788 3810 4000 3885 ἑκκαιπ-

819 3906 1063 3992 ςεηάειιιι·
1104 3917 1241 3971 velut
1280 3918 1415 3987 ignis
1447 3916 1588 3971 zelus
1618 3925 1737 3971 tuus
1765 3904 1797 3974 ἒ
1823 3917 2049 3974 Videtur
2076 3919 2203 3975 mihi
2231 3934 2358 3990 pro-

814 4008 977 4079 pheta
1026 4008 1208 4083 Asaph
1256 4015 1379 4078 post
1424 4008 1825 4065 accusationem
1874 4002 2100 4066 Judaici’
2136 4012 2353 4082 populi,

818 4114 979 4169 quam
1014 4099 1067 4153 in
1092 4098 1419 4169 praecedenti
1447 4098 1714 4161 instituit,
1746 4098 1860 4155 haec
1899 4100 2148 4171 apposite
2193 4098 2357 4166 indu-

816 4206 977 4252 cere,
1021 4204 1141 4260 quae
1185 4188 1343 4260 quasi
1390 4189 1458 4243 ad
1492 4189 1847 4258 placationem
1890 4201 1942 4247 et
1980 4191 2047 4245 ad
2092 4190 2354 4246 medelam

816 4266 1153 4349 eorum‘quaa
1186 4281 1335 4348 prius
1362 4271 1684 4350 reprehensa
1712 4279 1861 4337 luere
1883 4282 2177 4352 composita
2207 4290 2353 4337 sunt.

816 4370 1081 4426 Recenset
1104 4370 1285 4439 itaque
1310 4371 1460 4423 saria
1479 4358 1685 4426 'mortis
1699 4387 1895 4443 genera
1922 4373 2230 4429 Judasorum
2260 4375 2355 4444 qui
2394 4418 2395 4421 η

816 4477 916 4534 pro
960 4463 1158 4532 pietate
1202 4462 1517 4533 martyrium
1568 4468 1699 4517 tunc
1752 4466 2054 4521 subierunt.
2113 4464 2354 4531 Quorum

816 4546 1104 4607 morticina
1163 4554 1366 4608 inimici
1411 4553 1510 4609 Dei
1561 4553 1616 4608 in
1662 4569 1817 4610 escas
1876 4555 2185 4612 volatilibus
2227 4555 2355 4612 οωιί

816 4644 1115 4709 dederunt,
1147 4654 1198 4700 et
1233 4659 1429 4701 carnes
1471 4651 1785 4700 sanctorum
1820 4644 1910 4701 Dei
1952 4646 2140 4703 bestiis
2176 4653 2351 4701 terrae.

814 4731 1124 4805 Opportune
1150 4736 1313 4805 igitur
1338 4750 1437 4806 pro
1462 4736 1529 4792 iis
1555 4734 1723 4792 Deum
1754 4736 1933 4806 placat
1962 4774 1978 4799 ,
2010 4750 2073 4790 ac
2103 4736 2148 4792 si
2181 4737 2355 4792 sacri-

814 4823 996 4878 tlciuui
1052 4822 1157 4892 ipsi
1206 4832 1380 4880 morte
1428 4830 1742 4878 sanctorum
1796 4837 2021 4878 suorum
2070 4822 2349 4879 oll‘eratur.

2460 3915 2701 3985 θήσεται
2715 3917 2794 3981 ὡς
2815 3916 2933 3984 πῦρ
2960 3918 2993 3969 ό
3023 3914 3197 3983 ζῆλός
3217 3930 3367 3977 σου;
3388 3916 3543 3967 Δοκεῖ
3566 3915 3703 3985 μοιό
3725 3918 4004 3989 προφήτης

2472 4007 2641 4075 Ἀσὰφ
2663 4006 2799 4077 μετὰ
2824 4005 2920 4077 τὴν
2948 4005 3040 4059 τοῦ
3074 4003 3334 4067 Ἰουδαίων
3359 4004 3539 4069 ἔθνους
3564 4008 3911 4078 κατηγορίαν,
3937 4009 4005 4079 ἢν

2460 4096 2747 4167 πεποίηται
2778 4097 2837 4151 ἐν
2884 4095 2963 4166 τῷ
3007 4094 3111 4166 πρὸ
3151 4096 3384 4157 τούτου,
3430 4092 3498 4147 τὰ
3552 4095 3879 4166 προκείμενα
3912 4098 4005 4151 καὶ

2458 4186 2761 4251 ἀκολούθως
2814 4186 3059 4253 ἐπάγειν,
3100 4185 3441 4256 ὲξιλεούμενα
3487 4184 3672 4257 ὥσπερ
3708 4187 3802 4241 καὶ
3845 4186 4005 4259 θερα-
4050 4192 4059 4193 “

2462 4277 2690 4331 πεύοντα
2732 4277 2801 4330 τὰ
2825 4276 2913 4330 διὰ
2957 4275 3064 4328 τῶν
3103 4276 3404 4349 ἔμπροσθεν
3437 4276 3794 4350 ἐληλεγμένα.
3822 4281 4005 4334 Κατασ-

2461 4366 2604 4435 λέγει
2633 4367 2760 4437 γοῦν
2793 4367 2919 4429 τοὺς
2946 4366 3082 4447 ὑπὲρ
3122 4367 3395 4432 εὺσεὸείας
3436 4368 3691 4432 θανάτους
3722 4369 3829 4424 τῶν
3871 4371 4001 4442 παρ’

2463 4460 2642 4523 αὐτοῖς
2668 4459 2937 4529 Ἰουδαίοις
2971 4460 3460 4531 μεμαρτυρηκότων
3477 4477 3491 4491 ⁸
3518 4454 3593 4515 ὧν
3612 4462 3680 4515 τὰ
3709 4462 4003 4536 θνησιμαία

2457 4552 2505 4629 οἱ
2532 4549 2713 4620 ἐχθροὶ
2755 4547 2849 4602 τοῦ
2877 4547 3011 4633 Θεοῦ
3055 4548 3232 4603 ἔθεντο
3264 4549 3521 4622 βρώματα
3578 4555 3690 4614 τοῖς
3734 4556 4004 4636 πετεινοῖς

2458 4636 2551 4691 τοῦ
2592 4636 2818 4708 οὐρανοῦ
2838 4675 2854 4701 ,
2881 4638 2975 4692 καὶ
3003 4639 3100 4701 τὰς
3141 4638 3347 4711 σάρκας
3386 4638 3493 4692 τῶν
3531 4638 3692 4691 ὁσίων
3734 4639 3827 4693 τοῦ
3866 4638 4000 4693 Θεοῦ

2459 4728 2568 4790 τοῖς
2599 4726 2803 4798 θηρίοις
2839 4727 2937 4797 τῆς
2967 4728 3087 4799 γῆς.
3126 4729 3405 4799 Εὐκαίρως
3445 4725 3617 4781 τοίνυν
3667 4727 3759 4781 ἐπὶ
3793 4727 4001 4793 τούτοις

2462 4818 2733 4873 ἱλάσκεται
2761 4819 2854 4873 τὸν
2894 4818 3024 4873 Θεὸν
3047 4857 3063 4884 ,
3099 4820 3299 4875 ὡσανεὶ
3323 4817 3507 4881 θυσίας
3548 4817 3694 4888 αὑτῷ
3732 4836 4001 4892 προσενη-

814 4913 1171 5005 Quamobrem
1211 4916 1323 4970 ait:
1357 4914 1646 4986 Usquequo,
1677 4916 1915 4979 Domine,
1945 4915 2187 4968 irasceris
2214 4916 2268 4969 in
2292 4915 2358 4983 β·
2387 4950 2432 5005 D
2459 4926 2553 5005 νξγ

2258 4932 2268 4968 ι
2292 4915 2358 4983 [i-
2387 4950 2432 5005 Β
2459 4911 2720 4983 νεγμένης
2754 4911 2847 4965 τοῦ
2880 4911 3107 4966 θανάτου
3128 4912 3237 4966 τῶν
3282 4909 3441 5005 ὁσίων
3471 4908 3655 5005 αὐτοῦ.
3688 4911 3779 4963 Διὸ
3800 4928 3960 4984 φησιν
3980 4925 3998 4946 ο

814 5007 971 5060 nem?
994 5003 1061 5058 ad
1092 5003 1331 5072 priorum
1366 5007 1676 5061 memoriam
1702 5020 2008 5061 sermonem
2040 5005 2307 5062 reducens
2328 5045 2344 5068 ,
2387 4999 2420 5005 ⁷
2460 5001 2554 5054 "Ea

2262 5021 2307 5062 IS
2328 5045 2344 5068 ,
2387 4999 2420 5005 ⁷
2460 5001 2603 5067 Ἕως
2642 5003 2811 5067 πότε,
2846 5003 3021 5072 Κύριε
3041 5042 3054 5067 ,
3086 5000 3413 5073 ὁργισθήσῃ
3455 5001 3541 5066 εὶς
3576 4999 3797 5067 ’τέλος
3848 5003 4002 5057 Ἀνα-

812 5096 969 5167 queis
1021 5095 1299 5149 dicebatur
1334 5114 1349 5151 :
1389 5093 1599 5166 thuid,
1662 5094 1823 5159 Deus,
1881 5096 2122 5165 repulisti
2175 5097 2230 5150 in
2280 5098 2350 5166 ﬁ.
2456 5089 2552 5160 πέρ

2280 5098 2350 5166 ﬁ.
2456 5089 2684 5160 πέμπων
2719 5092 2808 5147 τὸν
2836 5092 2989 5161 λόγον
3027 5093 3118 5146 ἐπὶ
3155 5090 3251 5162 τὴν
3285 5091 3500 5161 μνήμην
3537 5089 3646 5145 τῶν
3674 5090 3997 5164 ἔμπροσθεν,

811 5200 929 5239 nem
955 5184 1039 5237 "7
1064 5181 1190 5238 Vult
1220 5184 1364 5238 enim
1394 5192 1691 5240 extremam
1720 5184 1864 5237 illam
1896 5184 2081 5254 populi
2129 5185 2343 5239 ruinam
2394 5192 2397 5195 '
2451 5181 2516 5235 δι’
2541 5180 2551 5236 ἀ

2258 5198 2343 5238 am
2394 5192 2397 5195 '
2451 5181 2516 5235 δι’
2541 5176 2615 5237 ὧν
2644 5184 2852 5257 εἷρητο’
2895 5184 3084 5248 ’1νατί,
3127 5184 3160 5237 ό
3200 5177 3360 5249 Θεὸς,
3412 5172 3627 5235 ἀπώσω
3666 5184 3753 5249 εις
3790 5182 3998 5250 tunc;

811 5284 864 5329 et
888 5275 1240 5344 abjectionem
1262 5274 1523 5337 cohiberi,
1541 5282 1596 5330 et
1618 5289 1713 5345 per
1737 5275 2015 5344 sanguinis
2032 5283 2349 5330 sanctorum
2452 5272 2551 5326 Βού

2258 5288 2349 5329 um
2452 5272 2703 5328 Βούλεται
2731 5274 2838 5348 γὰρ
2876 5274 2973 5348 τὴν
3015 5274 3094 5338 εἰς
3137 5271 3286 5335 τέλος
3324 5272 3633 5326 ἀπόπτωσιν
3671 5272 3763 5346 καὶ
3800 5274 3998 5327 ἀποόοι

751 5392 755 5396 -
812 5379 1033 5420 suorum
1069 5366 1381 5421 memoriam
1433 5365 1569 5420 iram
1622 5365 1825 5421 sedari.
1875 5362 2175 5436 Utrumque
2219 5379 2349 5421 vero
2454 5364 2491 5416 λ¹

2257 5379 2349 5421 ero
2454 5364 2549 5435 λὴν
2578 5364 2668 5419 τοῦ
2706 5364 2834 5419 λαοῦ
2870 5364 3236 5434 ἐπισχεθῆναι,
3261 5364 3353 5417 καὶ
3383 5363 3449 5417 τὰ
3476 5363 3573 5434 τῆς
3603 5364 3769 5435 ρργῆς
3789 5365 3997 5419 παύσα-

810 5453 1037 5517 dictum,
1072 5470 1283 5524 nempe,
1321 5453 1614 5525 Usquequo,
1649 5453 1893 5516 Domine,
1935 5454 2179 5510 irasceris
2208 5455 2263 5508 in
2292 5454 2353 5521 β·
2456 5454 2550 5509 σθα

2255 5472 2263 5507 ι
2292 5454 2353 5521 fi-
2456 5454 2577 5509 σθαι
2602 5454 2688 5510 διὰ
2714 5455 2817 5525 τῆς.
2848 5455 3067 5526 μνήμης
3107 5454 3200 5507 τοῦ
3226 5453 3451 5524 αἵματος
3482 5454 3587 5507 τῶν
3620 5455 3779 5509 ὁσίων
3810 5450 3995 5507 αὐτοῦ.

810 5546 965 5601 nent?
988 5548 1202 5616 etquod
1225 5540 1492 5617 sequitur,
1527 5546 1847 5614 Exardescet
1875 5534 2007 5599 sicut
2036 5548 2168 5618 ignis
2202 5546 2348 5607 zelus
2455 5548 2550 5602 Καί

2256 5546 2348 5600 :lus
2455 5548 2587 5602 Κατ’
2631 5546 2931 5619 ἀμφότερον
2970 5545 3028 5599 δὲ
3049 5540 3265 5619 ’ἀκούσῃ
3304 5547 3384 5613 τὸ,
3412 5548 3570 5615 Ἕως
3599 5547 3761 5615 πότε,
3798 5546 3996 5614 Κύριε,

880 5725 1387 5791 ⁸⁸1Μεοὴ.ι,21.
1464 5728 1507 5760 ιε
1548 5725 1675 5781 ibid-
1710 5725 1799 5780 ιι.
1876 5724 1922 5755 πο
1960 5725 2206 5798 ιδίιιηεῖ.
2253 5724 2618 5806 emines.

1548 5725 1675 5781 ibid-
1710 5725 1799 5780 ιι.
1876 5724 1922 5755 πο
1960 5725 2206 5798 ιδίιιηεῖ.
2253 5724 2618 5806 emines.
2698 5728 2741 5763 ιι
2778 5729 3160 5793 Ρεειι.ι.ιιιιι,
3199 5727 3288 5781 ι.-

880 5880 951 5949 (l)
983 5879 1104 5937 Haec
1123 5882 1178 5937 in
1200 5878 1383 5935 Bibliis
1406 5880 1620 5951 paulum
1646 5846 1859 5935 diversa
1888 5887 2034 5935 sunt.
