4406 6412
457 491 558 549 9i5

1550 495 2045 551 COMMENTARIA
2084 496 2150 551 [Ν
2190 489 2517 550 PSALMOS.

3512 494 3614 548 946

452 606 771 679 omnifariam
799 612 883 675 εὶς
920 610 1122 675 τέλος
1148 611 1239 665 καὶ
1282 608 1419 662 κατὰ
1444 610 1566 673 τοὺς
1599 611 1721 681 ἑξῆς
1754 610 1996 678 ἐπιλετο-
2025 617 2071 673 Α
2101 618 2192 665 tun

1879 627 1996 678 εγο-
2025 617 2071 673 Α
2101 618 2220 665 tuus
2245 611 2268 663 ?
2293 609 2372 663 sic
2404 606 2705 674 intelligas:
2741 604 3029 673 Quousque
3062 607 3174 659 han;
3202 607 3391 660 erunt?
3418 606 3619 662 Dicitur

455 702 660 773 μένους,
701 698 1254 782 Ἐκκαυθήςεταιώς
1278 698 1393 765 πῦρ
1421 702 1452 750 d
1478 696 1652 764 ζῆλός
1673 715 1821 759 00v;
1853 699 1993 761 Ἕως

452 791 578 844 πότε
606 788 712 861 γὰρ
742 783 834 843 καὶ
857 787 1012 841 τοῦτο
1036 790 1215 852 Barac;
1247 789 1501 841 Λέλεκται
1529 789 1585 841 δὲ
1616 792 1645 843 δ
1670 788 1823 858 ζῆλος
1858 788 1995 841 κατὰ

451 879 757 952 παρασολὴν
792 880 900 933 τῶν
941 880 1007 933 δι’
1037 878 1334 949 ὑπρὸολὴν
1371 879 1652 942 διαθέσεως
1699 878 1995 948 ζηλούντων

448 972 545 1035 τὰς
573 970 775 1023 ἑαυτῶν
804 970 1060 1041 γαμετὰς,
1085 971 1132 1022 εί
1158 969 1466 1039 προσέχοιεν
1487 970 1687 1038 ὲτεροις
1710 967 1957 1037 ἀνδράσιν
1976 984 1988 997 ·

450 1060 591 1115 οὕτω
614 1061 739 1130 γοῦν
770 1062 862 1114 καὶ
893 1060 985 1112 ἐπὶ
1020 1059 1112 1112 τοῦ
1152 1058 1282 1111 Θεοῦ
1335 1060 1431 1127 τὴν
1467 1058 1739 1129 ἐκδίκησιν
1768 1058 1874 1114 τῶν
1899 1059 1995 1120 τὰς

452 1151 587 1221 πρὸς
626 1150 783 1203 αὑτὸν
849 1148 1117 1218 συνθήκας
1163 1148 1595 1220 παρασαινόντων
1639 1146 1793 1218 ζῆλον
1840 1148 1994 1201 εἴωθε

450 1241 631 1294 καλεῖν
680 1241 710 1294 ὁ
755 1239 927 1307 λόγος.
952 1238 1222 1292 ,Ἱκετεύει
1264 1239 1438 1291 τοίνυν
1481 1242 1509 1292 ὁ
1553 1240 1836 1309 Προφήτης
1879 1239 1995 1305 ἦτοι

448 1329 506 1395 ἐξ
542 1328 670 1384 ίδίου
700 1326 1006 1399 προσώπου,
1035 1327 1070 1398 ἢ
1099 1328 1192 1381 καὶ
1220 1328 1295 1391 ὼς
1332 1330 1396 1380 ὲκ
1420 1327 1526 1380 τῶν
1553 1326 1690 1380 κατὰ
1714 1329 1838 1390 τοὺς
1878 1329 1994 1381 Ἀν-

447 1421 623 1489 τιόχου
672 1418 890 1491 χρόνους
943 1419 1326 1496 διασωθέντων,
1377 1418 1510 1489 μετὰ
1552 1419 1649 1488 τὴν
1699 1418 1997 1489 πρόρρησιν

445 1509 553 1564 τῶν
582 1509 878 1580 μελλόντων
910 1510 1121 1564 ἔσεσθαι
1160 1511 1297 1564 κατὰ
1336 1508 1594 1578 Ἀντίοχον
1629 1508 1721 1562 τὸν
1755 1509 1852 1578 τῆς
1895 1510 1995 1561 Συ-

449 1598 566 1670 ρίας
589 1599 826 1668 βασιλέα,
860 1599 976 1653 καθ’
1003 1600 1062 1652 ὃν
1089 1602 1137 1652 at
1162 1602 1297 1654 ὅσιοι
1331 1598 1424 1653 τοῦ
1448 1598 1581 1652 Θεοῦ
1616 1600 1706 1651 τὸν
1744 1600 1881 1670 ὑπὲρ
1907 1599 1995 1652 εύ-

446 1689 656 1754 σεόείας
700 1690 926 1745 θάνατον
957 1692 1415 1761 ὑπομεμενήκασι,
1456 1690 1761 1744 παύσασθαι
1800 1690 1899 1759 μὲν
1928 1691 1995 1744 τὰ
2041 1733 2049 1739 .

443 1778 539 1849 τῆς
570 1780 738 1851 ὀργῆς
763 1780 860 1851 τῆς
895 1778 1035 1833 κατὰ
1062 1781 1154 1833 τοῦ
1192 1780 1341 1845 λαοῦ,
1374 1770 1726 1851 μετελθεῖνδὲ
1779 1781 1901 1844 τοὺς
1946 1783 2000 1833 ὲ-

444 1866 635 1936 χθροὺς
658 1868 943 1925 αύτοῦ.Διό
967 1885 1147 1939 φησιν·
1177 1871 1419 1939 Ἕκχεον
1441 1870 1554 1937 τὴν
1574 1871 1754 1939 ὀργήν
1772 1888 1885 1925 σου
1904 1872 2000 1925 ἐπὶ

2094 708 2273 754 autem
2302 700 2471 764 zelus,
2496 698 2562 752 ad
2590 696 2893 765 exemplum
2923 710 3109 749 eorum
3140 697 3231 764 qui
3262 698 3440 752 nimiae
3482 701 3624 753 zelo-

2093 792 2251 861 typiaa
2276 789 2466 844 aﬂ‘ectu
2497 794 2746 844 tenentur
2763 802 2888 856 erga
2908 802 3125 851 uxores,
3149 787 3194 841 si
3225 788 3290 843 ad
3318 790 3453 844 alios
3480 791 3626 847 viros

2094 880 2384 946 accedant;
2419 880 2500 933 sic
2529 880 2673 935 enim
2701 886 2754 933 et
2784 878 2838 930 in
2863 877 2969 931 Deo
3000 879 3257 933 ultionem
3313 893 3497 932 eorum
3532 881 3625 951 qui

2095 981 2249 1043 pacta
2272 987 2396 1026 cum
2426 987 2492 1027 eo
2526 971 2659 1025 inita
2693 970 3011 1039 transgressi
3066 980 3216 1030 sunt.
3253 970 3425 1024 zelum
3480 971 3625 1024 Scri—

2094 1070 2249 1132 ptura
2272 1061 2409 1116 solet
2437 1060 2725 1138 appellare.
2754 1059 3031 1129 Supplicat
3048 1074 3176 1129 ergo
3200 1060 3487 1129 Propheta,
3512 1062 3625 1114 sive

2093 1169 2155 1208 ex
2186 1153 2401 1221 propria
2431 1139 2680 1221 persona,
2699 1150 2812 1206 sive
2835 1164 3017 1204 eorum
3045 1150 3258 1203 nomine
3274 1150 3365 1218 qui
3388 1157 3627 1219 tempore

2095 1239 2347 1294 Antiochi
2378 1240 2510 1295 salvi
2547 1238 2673 1292 lacti
2694 1245 2843 1301 sunt,
2876 1248 2997 1307 post
3024 1236 3420 1308 praedictionem
3438 1251 3626 1292 eorum

2094 1348 2212 1401 quae
2236 1340 2477 1402 tempore
2509 1331 2759 1385 Antiochi
2791 1329 2961 1400 Syria:
2994 1329 3137 1397 regis
3166 1335 3421 1383 eventura
3447 1336 3622 1390 erant,

2094 1421 2313 1490 quando
2335 1421 2508 1475 sancti
2539 1419 2629 1474 Dei
2667 1434 2764 1489 pro
2791 1418 2988 1488 pietate
3023 1425 3249 1471 mortem
3280 1415 3527 1477 subiere,
3568 1423 3625 1469 ut

2094 1518 2269 1566 cesset
2320 1510 2400 1563 ira
2465 1510 2662 1579 populo
2715 1509 2978 1571 immissa,
3013 1515 3067 1562 et
3116 1505 3333 1561 invadat
3383 1505 3629 1559 inimicos

2094 1597 2233 1665 ejus.
2263 1596 2621 1661 Quamobrem
2645 1597 2718 1649 ait
2749 1615 2761 1650 :
2794 1595 3042 1673 -—Vsns.
3077 1594 3131 1657 6,
3162 1595 3209 1648 7.
3245 1592 3464 1661 Eﬁ‘unde
3492 1594 3627 1646 iram

2099 1698 2242 1741 tuam
2268 1688 2321 1740 in
2342 1696 2512 1756 gentes
2544 1702 2657 1754 quae
2680 1696 2729 1739 te
2754 1702 2857 1739 non
2888 1696 3159 1748 noverunt,
3181 1694 3229 1739 et
3258 1686 3309 1738 in
3330 1701 3490 1754 regna
3515 1700 3628 1753 quis

2099 1795 2281 1833 nomen
2338 1788 2481 1829 tuum
2531 1793 2633 1831 non
2686 1768 3081 1831 invocaverunt.
3121 1776 3257 1840 Quia
3304 1775 3630 1829 comederunt

2098 1868 2282 1930 Iacob,
2316 1877 2365 1921 et
2386 1868 2555 1922 locum
2582 1869 2693 1936 ejus
2750 1867 3127 1921 desolaverunt.
3157 1866 3467 1935 Opportune
3516 1866 3631 1921 exi-

445 1934 524 2009 ut
544 1957 687 2026 ἔθνη
718 1958 790 2011 τὰ
812 1958 898 2026 μὴ
928 1934 1407 2026 γιὲὦσκοντάνσε,
1438 1934 1533 2013 καὶ
1680 1934 1996 2027 ⁸Βασιλείας
2028 1956 2067 2008 Β
2096 1960 2185 2014 stit

1888 1964 1996 2027 ΐίας
2028 1956 2067 2008 Β
2096 1960 2255 2015 stimo
2281 1960 2370 2014 hic
2427 1934 2613 2013 Jacobi
2664 1959 2992 2012 mentionem
3046 1957 3181 2021 fieri,
3210 1934 3283 2010 iob
3314 1934 3628 2025 religionem

443 2043 505 2099 αῖ
548 2045 613 2099 τὸ
659 2044 843 2113 ὄνομά
878 2062 992 2100 σου
1030 2049 1139 2100 οὐκ
1173 2046 1629 2102 ἐπεκαλέσαντο.
1674 2051 1791 2102 Ὅτι
1834 2048 1997 2101 κατέ-

445 2151 634 2203 φαγον
671 2137 776 2188 τὸν
812 2134 1023 2199 Ἰακὼϐ,
1057 2137 1153 2189 καί
1191 2136 1299 2189 τὸν
1334 2138 1516 2190 τόπον
1546 2138 1728 2191 αὑτοῦ
1770 2138 1997 2207 ἠρήμω-

443 2239 582 2278 σαν.
615 2226 768 2278 Κατὰ
812 2226 999 2295 καιρὸν
1045 2226 1097 2278 δὲ
1145 2229 1201 2279 ὲν
1238 2226 1447 2291 ¹’τούτοις
1482 2228 1574 2281 τοῦ
1620 2228 1810 2282 Ἰακὼϐ
1846 2226 1995 2299 οἶμαι

444 2315 764 2387 πεποιῆσθαι
791 2316 888 2386 τὴν
922 2317 1136 2387 μνήμην
1160 2318 1256 2387 τῆς
1282 2318 1373 2371 τοῦ
1403 2318 1626 2371 παλαιοῦ
1659 2320 1996 2390 προπάτορος

445 2406 749 2470 θεοσεϐείας
787 2407 964 2460 ἕνεκα.
1002 2408 1088 2471 Ὧς
1119 2408 1228 2479 γὰρ
1270 2411 1691 2481 ὑπομιμνήσκων
1738 2412 1827 2464 τὸν
1868 2412 1996 2463 Θεὸν

444 2494 539 2548 τοῦ
576 2495 849 2566 θεοφιλοῦς
876 2499 1064 2570 ἀνδρὸς
1094 2500 1186 2553 καὶ
1216 2500 1313 2571 τῆς
1341 2501 1544 2554 ἐκείνου
1574 2501 1788 2572 ἀρετῆς,
1828 2503 1995 2555 δυσω-

450 2587 542 2637 πεῖ
582 2585 672 2640 διὰ
718 2587 815 2657 τῆς
863 2588 1068 2643 ἐκείνου
1103 2591 1338 2660 μνήμης,
1386 2592 1477 2643 καὶ
1529 2591 1756 2644 ίλεοῦται
1796 2592 1863 2644 τὰ
1895 2610 1997 2645 πα-

449 2676 622 2746 ρόντα.
667 2678 753 2731 Ἐν
779 2679 876 2748 μὲν
914 2679 992 2751 τῷ
1028 2680 1131 2750 πρὸ
1172 2680 1359 2734 τούτου
1398 2681 1611 2752 ψαλμῷ,
1644 2684 1875 2752 ὁπηνίκα
1902 2684 1994 2737 τοῦ

457 2763 648 2837 Ἰωσὴφ
678 2767 1074 2838 ἐμνημόνευεν,
1109 2772 1170 2829 οὐ
1219 2770 1307 2823 τὸν
1350 2772 1561 2839 Ἰωσὴφ,
1591 2770 1723 2825 ἀλλὰ
1761 2773 1821 2825 τὸ
1867 2776 2013 2843 σκή-,

446 2869 603 2923 νωμα
631 2854 793 2908 αὐτοῦ
822 2857 1213 2929 ἀποϐεϐλῆσθαι
1245 2859 1392 2927 ἔλεγε
1435 2859 1518 2913 διὰ
1546 2860 1636 2913 τοῦ
1656 2879 1669 2891 '
1698 2862 1806 2915 Καὶ
1837 2863 1992 2916 ἀπώ-

446 2956 595 2997 σατο
621 2944 689 2997 τὸ
714 2945 998 3017 σκήνωμα
1023 2949 1260 3019 Ἰωσὴφ,
1284 2951 1378 3004 καὶ
1408 2951 1520 3019 τὴν
1536 2954 1738 3021 φυλὴν
1760 2955 1995 3024 Ἐφραῒμ

372 3066 373 3069 η
447 3035 556 3086 οὐκ
593 3033 927 3102 ἐξελέξατο,
959 3038 1050 3092 τοῦ
1093 3039 1248 3108 λόγου
1300 3041 1645 3110 σημαίνοντος
1677 3044 1769 3095 τὸν
1801 3045 1858 3096 ὲν
1894 3045 1995 3114 Ση-

447 3120 566 3193 λὼμ
611 3124 803 3179 τόπον·
839 3127 1063 3199 ἐπείπερ
1109 3130 1166 3181 ἐν
1217 3129 1395 3199 κλήρῳ
1436 3131 1533 3199 τῆς
1580 3132 1749 3199 φυλῆς
1804 3131 1994 3204 Ἰωσὴφ

449 3209 623 3265 ἔκειτο
650 3215 684 3283 ἡ
714 3214 941 3285 Σηλὼμο
968 3218 1025 3269 ἑν
1057 3217 1259 3281 τούτοις
1285 3218 1341 3271 δὲ
1371 3220 1462 3272 τοῦ
1507 3219 1716 3273 Ἰακὼϐ·
1727 3221 1993 3291 μέμνηται

2095 2049 2255 2118 prisci
2289 2050 2432 2104 illius
2465 2048 2625 2103 atavi.
2672 2046 2805 2101 Nam
2847 2048 3003 2101 talem
3037 2047 3210 2100 virum
3239 2044 3349 2100 Deo
3376 2046 3628 2100 dilectum

2094 2141 2319 2208 ejusque
2342 2138 2596 2192 virtutem
2637 2136 2740 2206 ipsi
2793 2136 2903 2191 Deo
2937 2146 3387 2197 commemorans,
3416 2134 3628 2189 videtur

2093 2228 2211 2297 ejus
2239 2228 2508 2282 mentione
2538 2226 2675 2279 facta
2706 2227 2881 2294 ipsum
2912 2226 3215 2295 deprecari,
3234 2235 3286 2279 et
3308 2226 3362 2278 in
3378 2224 3626 2294 praesenti

2094 2334 2222 2374 casu
2276 2319 2566 2388 propitium
2628 2316 2872 2382 reddere.
2927 2314 2981 2368 In
3037 2316 3361 2385 praecedenti
3413 2316 3627 2386 quidem

2094 2410 2319 2479 psalmo,
2357 2408 2575 2477 quando
2608 2405 2900 2475 Josepbum
2927 2409 3266 2471 memoravit,
3295 2422 3403 2462 non
3453 2409 3627 2476 ipsum

2092 2493 2404 2570 Josepbum,
2429 2500 2524 2555 sed
2552 2497 2961 2554 tabernaculum
2990 2498 3108 2566 ejus
3156 2500 3430 2567 repulsum
3463 2499 3630 2579 fuisse

2094 2593 2228 2646 dixit
2260 2591 2345 2645 bis
2374 2591 2552 2646 verbis
2586 2611 2599 2645 :
2646 2590 2713 2643 Et
2747 2589 2932 2657 repulit
2979 2588 3364 2641 tabernaculum
3410 2586 3622 2655 Joseplt,

2093 2691 2140 2736 et
2178 2681 2366 2734 tribum
2396 2680 2646 2749 Ephraim
2677 2697 2777 2733 non
2823 2680 2972 2748 elegit
3005 2679 3075 2743 ⁸³,
3118 2678 3312 2746 hisque
3357 2676 3626 2747 signiﬁcat

2096 2774 2267 2827 locum
2302 2771 2451 2824 illum
2484 2771 2539 2823 ln
2583 2770 2696 2823 Silo
2724 2769 2925 2834 situm;
2956 2768 3084 2838 quia
3129 2770 3183 2847 in
3236 2770 3377 2822 tribu
3431 2766 3627 2838 Joseph

2096 2863 2206 2918 Silo
2230 2862 2461 2932 jacebat.
2496 2859 2593 2913 Hic
2619 2875 2748 2915 vero
2776 2858 3036 2913 Jacobum
3066 2858 3312 2912 meminit
3344 2864 3399 2911 et
3445 2858 3624 2912 locum

2092 2951 2211 3019 ejus
2242 2968 2256 3003 :
2291 2965 2384 3019 per
2412 2947 2948 3017 Jacobum,religiosi
2982 2946 3129 3001 illius
3150 2946 3248 2999 viri
3273 2945 3622 3019 posteroslin-

2092 3044 2309 3107 dicans;
2338 3057 2430 3111 per
2456 3042 2629 3095 locum
2652 3054 2779 3094 vero
2797 3038 2937 3108 ejus,
2970 3037 3419 3107 Hierosolymam,
3462 3049 3627 3105 quam

2094 3134 2147 3185 in
2179 3132 2521 3187 solitudinem
2548 3132 2682 3185 verti
2713 3137 2953 3201 tempore
2974 3130 3224 3182 Antiochi
3245 3129 3488 3197 contigit.
3515 3127 3627 3181 Sub

2095 3223 2206 3275 haec
2235 3221 2416 3288 adjicit
2449 3239 2462 3273 :
2488 3249 2554 3258 —
2587 3219 2747 3273 Vens.
2781 3219 2839 3272 8.
2867 3218 2946 3273 Ne
2973 3220 3263 3273 memineris
3289 3219 3624 3287 iniquitatum

448 3298 661 3377 καὶτοῦ
690 3302 854 3354 τόπου
902 3303 1090 3356 αὐτοῦ’
1124 3304 1209 3357 διὰ
1243 3306 1340 3375 μὲν
1374 3307 1466 3361 τοῦ
1506 3308 1694 3361 Ἰακὼϐ
1714 3309 1836 3371 τοὺς
1867 3310 1997 3361 ἀπο·
2022 3302 2063 3358 C
2095 3326 2187 3363 nos

1885 3310 1997 3361 lrro-
2022 3302 2063 3358 C
2095 3318 2393 3363 nostrarum
2436 3309 2788 3375 antiquarum.
2834 3305 2939 3361 Eos
2984 3307 3076 3376 qui
3112 3321 3210 3378 pro
3246 3306 3489 3375 pristinis
3518 3307 3625 3361 illis

447 3386 632 3455 γόνους
671 3388 765 3442 τοῦ
800 3390 1070 3459 θεοφιλοῦς
1121 3394 1307 3465 ἀνδρὸς
1345 3396 1537 3467 δηλῶν,
1569 3398 1654 3451 διὰ
1690 3398 1747 3451 δὲ
1783 3398 1874 3451 τοῦ
1901 3399 1990 3452 τό-

448 3496 549 3532 που
574 3478 738 3550 αὐτοῦ
765 3482 865 3553 τὴν
894 3483 1238 3554 Ἰερουσαλὴμ
1264 3486 1559 3556 σημαίνων,
1581 3488 1647 3557 ἢν
1667 3490 1765 3566 ,είς
1796 3488 1995 3560 ἔρημον

448 3569 620 3624 ἐλθεῖν
643 3571 781 3626 κατά
803 3574 924 3634 τοὺς
956 3573 1227 3643 ,Ἂντιόχου
1256 3576 1449 3644 συνέϐη
1474 3577 1710 3647 χρόνους.
1735 3573 1846 3631 Εἶθῗ
1869 3578 1995 3649 ἑξῆς

448 3660 709 3730 ἐπιλέγεισ
760 3661 856 3729 Μὴ
900 3663 1175 3731 μνησθῇς
1216 3653 1384 3733 ’ἡμῶν
1424 3666 1679 3733 ἀνομιῶν
1716 3668 1990 3735 ἀρχαίων.

448 3751 511 3805 οι
541 3751 585 3803 δ’
623 3751 761 3823 ὑπὲρ
804 3752 1041 3823 ἀρχαίων
1083 3755 1485 3825 ἁμαρτημάτων
1528 3756 1799 3826 εὐχόμενοι
1847 3758 2015 3828 δῆλον

447 3840 514 3896 ἂν
550 3837 657 3894 dav
792 3843 1087 3917 “νεωτέροις
1130 3846 1428 3915 ἐνεχόμενοι
1467 3847 1808 3916 πταίσμασιν.
1856 3850 1995 3901 Ἀντὶ

446 3926 504 3983 δὲ
534 3929 649 3996 τοῦ,
678 3930 831 3999 Ταχὺ
867 3934 1468 3999 προκαταλαόέτωσαν
1497 3934 1651 4003 ἡμᾶς
1688 3938 1741 3989 ot
1784 3938 1993 4005 οἰκτιρ-

447 4019 544 4087 μοί
568 4012 717 4083 σου,
739 4020 830 4075 ὅτι
860 4022 1312 4091 ἐπτωχεύσαμεν
1337 4014 1587 4091 σφόδρα,
1613 4026 1639 4076 ὁ
1671 4024 1989 4095 Σύμμαχος,

452 4110 737 4178 Τάχυνον,
763 4112 1246 4179 προκαταλαϐἐτω
1276 4113 1432 4182 ἡμᾶς
1458 4115 1529 4167 τὰ
1568 4114 1704 4181 ἀλέη
1733 4129 1869 4174 σου.
1905 4118 1991 4170 ὅτι

446 4199 823 4271 ήτονήσαμαν
846 4204 1477 4274 σφόδρα,ηήρμήνευσεν.
1504 4208 1709 4277 Ὥσπερ
1742 4208 1798 4260 δὲ
1830 4208 1993 4281 ἀθλη-

446 4289 564 4359 τὴς,
594 4290 816 4355 πολλοὺς
848 4292 1083 4355 ὑποστὰς
1106 4293 1317 4360 ἀγῶνας
1358 4295 1449 4365 καὶ
1479 4295 1669 4359 ἄθλους
1700 4297 1990 4367 ὑπομείνας

448 4379 671 4443 πολλοὺς
711 4381 770 4433 ὲν
805 4381 1040 4452 φροντίδι
1083 4382 1399 4454 καθέστηκε,
1440 4388 1513 4456 μή
1557 4404 1631 4457 πη
1676 4388 1992 4461 ἐξατονήσας

448 4468 619 4540 πέσῃ·
650 4468 740 4521 τὸν
771 4469 931 4523 αύτθν
950 4471 1147 4541 τρόπον
1184 4472 1275 4524 καὶ
1303 4474 1407 4525 οἵδε
1471 4476 1763 4529 ἱκετεύουσι
1788 4494 1991 4547 προκα-

447 4556 775 4628 ταληφθῆναι
824 4552 918 4613 καὶ
963 4558 1208 4629 βοηθείας
1250 4564 1446 4631 τυχεῖν.
1496 4566 1584 4617 Διό
1626 4583 1783 4634 φασι·
1837 4566 1989 4634 Ταχὺ

2094 3401 2335 3469 peccatis
2383 3400 2707 3469 supplicant,
2754 3400 2928 3467 palam
2966 3406 3050 3453 est
3091 3413 3198 3451 non
3232 3413 3354 3454 esse
3405 3397 3627 3467 nuperis

2091 3491 2299 3546 delictis
2340 3490 2638 3546 obnoxios-
2674 3488 2777 3542 Pro
2813 3489 3107 3554 illoautem
3140 3527 3156 3553 ,
3194 3488 3312 3541 Cito
3351 3489 3628 3554 anticipat

2092 3598 2183 3645 nos
2231 3580 2601 3635 ntiserieordia:
2657 3579 2943 3647 tuw,.qnia
2975 3592 3221 3645 pauperes
3269 3576 3399 3644 [acti
3447 3584 3627 3629 sumus

2090 3672 2245 3725 nimis
2264 3710 2283 3734 ,
2316 3671 2693 3740 Symmachus,
2718 3668 2981 3731 Accelera,
3003 3668 3315 3735 praeveniunt
3349 3682 3441 3719 nos
3476 3666 3628 3717 mise—

2093 3758 2336 3812 ricordia:
2361 3766 2483 3819 tum,
2517 3759 2640 3824 quia
2674 3756 2929 3824 inﬁrmati
2958 3751 3137 3808 sumus
3165 3754 3333 3817 valde,
3364 3754 3624 3821 interpre—

2092 3852 2237 3911 tatus
2266 3853 2368 3898 est.
2403 3842 2862 3908 Quemadmodum
2890 3834 3032 3897 enim
3063 3842 3264 3898 athleta
3311 3842 3403 3910 qui
3459 3840 3625 3893 multa

2092 3934 2256 3987 subiit
2288 3932 2604 3996 certamina,
2644 3940 2697 3987 et
2750 3932 2957 4002 pugnas
3003 3933 3202 3986 multas
3246 3930 3530 3992 sustinuit,
3569 3929 3625 3981 in

2091 4023 2458 4078 sollicitudine
2483 4021 2646 4091 degit,
2682 4037 2748 4075 ne
2773 4020 3002 4075 debilior
3046 4018 3220 4073 factus
3271 4012 3519 4082 labatur;
3554 4020 3627 4071 ita

2093 4111 2147 4163 hi
2183 4124 2396 4178 quoque
2449 4115 2739 4177 precantur
2794 4122 2851 4162 se
2899 4106 3223 4176 prtemuniri
3263 4113 3316 4160 et
3366 4106 3625 4159 auxilium

2090 4202 2372 4269 consequi.
2403 4199 2579 4265 Quare
2610 4200 2759 4253 aiunt
2787 4216 2803 4254 :
2834 4196 2953 4253 Cito
2984 4198 3266 4265 anticipent
3296 4214 3390 4251 nos
3421 4198 3625 4251 miseri-

2090 4291 2281 4343 cordia:
2334 4298 2454 4351 tua},
2509 4305 2633 4356 quia
2672 4302 2923 4356 pauperes
2975 4287 3104 4353 [acti
3148 4303 3325 4339 sumus
3354 4287 3527 4339 nimis.
3553 4314 3622 4324 —

2090 4378 2254 4435 Vens.
2290 4379 2340 4433 9.
2386 4378 2594 4446 Adjuva
2620 4394 2736 4442 nos,
2764 4376 2902 4429 Deus
2929 4379 3169 4429 salvator
3189 4384 3385 4439 noster,
3413 4384 3621 4442 propter

2089 4467 2312 4538 gloriam
2340 4467 2564 4520 nominis
2596 4466 2672 4519 tui
2698 4480 2717 4527 ;
2743 4463 2980 4527 Domine,
3017 4464 3179 4517 libera
3206 4480 3319 4522 nos.
3368 4472 3416 4514 et
3446 4462 3624 4527 propi-

2093 4560 2196 4612 tius
2225 4567 2334 4612 esto
2360 4555 2583 4626 peccatis
2616 4554 2810 4606 nostris
2839 4561 3061 4620 propter
3080 4566 3262 4604 nomen
3303 4559 3468 4603 luunt.
3500 4548 3623 4604 Hau:

448 4650 1045 4715 προκαταλαϐἐτωσαν
1092 4648 1245 4719 ἡμᾶς
1293 4656 1346 4705 οὶ
1405 4657 1683 4723 οεκτιρμοί
1718 4642 1867 4717 σου,
1901 4657 1987 4709 ὅτι
2019 4668 2062 4721 D
2092 4648 2188 4701 ΡΙὊ

1901 4657 1987 4709 ὅτι
2019 4668 2062 4721 D
2092 4648 2353 4716 Propheta
2392 4661 2459 4699 ex
2486 4658 2715 4714 persona
2752 4656 2937 4695 eorum
2970 4641 3059 4708 qui
3096 4648 3332 4707 tempore
3376 4638 3622 4692 Antiochi

447 4733 897 4807 ὀκτωκεύσαμεν
920 4739 1168 4809 σφόδρα.
1206 4742 1512 4810 Βοήθησον
1536 4746 1701 4815 ἡμῖν,
1724 4750 1757 4800 ὁ
1784 4746 1926 4811 Θεὸς
1957 4750 1989 4800 ό

450 4826 645 4896 σωτὴρ
692 4828 876 4905 ἡμῶν,
930 4831 1134 4885 ἕνεκεν
1177 4829 1283 4898 τῆς
1329 4833 1509 4903 δοξῆς
1554 4836 1657 4891 τοῦ
1704 4838 1989 4905 ὀνόματός

448 4932 563 4971 σου
586 4936 598 4948 ·
628 4921 822 4987 Κύριε,
844 4922 1026 4987 ῥῦσαι
1045 4922 1218 4991 ἡμᾶς,
1248 4923 1345 4977 καὶ
1368 4925 1638 4997 ndomita
1656 4927 1781 4993 ταῖς
1806 4930 1988 4997 ἁμαρ-

451 5007 601 5073 τίαις
638 5009 805 5077 ἡμῶν
843 5010 1047 5064 ἕνεκεν
1078 5014 1181 5067 τοῦ
1218 5014 1499 5081 ὀνόματός
1519 5033 1653 5072 σου.
1685 5020 1794 5071 Καὶ
1820 5018 1991 5073 ταῦτα

450 5097 479 5147 ὁ
515 5095 798 5165 Προφήτης
820 5099 883 5150 ἐκ
910 5097 1197 5169 προσώπου
1239 5101 1346 5153 τῶν
1377 5102 1514 5155 κατὰ
1553 5105 1812 5174 Ἀντίοχον
1845 5104 1994 5173 βασι-

451 5181 545 5237 λια
568 5181 930 5251 δεδιωγμένων
955 5188 1278 5258 προφέρεται
1302 5206 1317 5218 ·
1348 5192 1690 5260 προφητικῶς
1714 5192 1812 5261 τὴν
1837 5178 1995 5264 εὐχὴν

450 5272 539 5327 διὰ
564 5272 661 5341 τῆς
692 5272 906 5343 γραφῆς
934 5278 1043 5339 τοῖς
1068 5278 1313 5347 μέλλουσι
1339 5278 1623 5334 διώκεσθαι
1660 5280 1984 5350 καταλιπὼν,

451 5362 526 5425 ὡς
568 5360 633 5414 ἂν
670 5360 837 5431 ἔχοιεν
873 5361 931 5427 ἐξ
980 5364 1192 5434 ἑτοίμου
1231 5368 1443 5431 εἰδέναι,
1489 5369 1687 5434 ὁποίοις
1732 5370 1988 5440 προσήκει

452 5449 743 5522 κεχρῆσθαι
782 5450 974 5514 αὐτοὺς
1007 5451 1182 5521 λόγοις
1219 5458 1283 5509 ὲν
1318 5459 1435 5519 ταῖς
1464 5457 1594 5527 πρὸς
1606 5452 1710 5511 ’τδν
1741 5436 1870 5510 debv
1890 5436 1988 5511 s6-

458 5542 590 5607 ζαῖς.
620 5539 695 5591 Ού
743 5538 846 5609 μὴν
885 5540 980 5603 εἰς’
1003 5541 1238 5607 ἐκείνους
1291 5545 1480 5615 μόνους
1513 5547 1723 5601 ἵσταται
1750 5546 1817 5599 τὰ
1842 5546 1992 5613 λεγό-

462 5644 621 5700 μενα·
674 5628 927 5700 ἁρμόσειε
968 5631 1028 5685 δὲ
1078 5634 1169 5686 καὶ
1200 5638 1344 5689 πᾶσι
1390 5640 1500 5701 τοῖς
1530 5636 1599 5691 τὰ
1644 5636 1995 5708 παραπλήσια

463 5716 736 5772 πεπονθόσι
757 5756 772 5785 ,
800 5719 918 5772 ἐπεὶ
940 5719 1031 5773 καὶ
1060 5723 1116 5775 ὲν
1140 5727 1248 5788 τοῖς
1274 5728 1390 5781 καθ’
1418 5729 1559 5799 ἡμᾶς
1588 5728 1854 5798 διωγμοῖς,
1893 5737 1989 5797 μυ-

525 5870 570 5900 ⁸³
604 5868 749 5926 Psal.
782 5888 957 5929 uxvn
986 5916 998 5940 ,
1031 5875 1120 5933 (i'l.

2095 4738 2257 4807 regis
2288 4735 2640 4796 vexabantur,
2684 4728 3026 4798 pronuntiat;
3079 4730 3374 4781 orationem
3432 4727 3499 4780 iis
3531 4726 3624 4795 qui

2094 4806 2521 4897 persecutionem
2560 4823 2771 4893 passuri
2817 4829 2970 4885 erant
3025 4806 3281 4889 scriptam
3318 4818 3625 4888 prophetice

2092 4918 2435 4984 relinquens,
2489 4923 2549 4966 ut
2600 4913 2655 4965 in
2715 4922 2961 4982 promptu
3008 4924 3335 4980 cognoscere
3380 4914 3620 4977 possent,

2094 5006 2289 5078 quibus
2316 5004 2391 5057 uti
2424 5002 2605 5058 verbis
2636 5003 2691 5056 in
2744 5003 2859 5058 suis
2903 5002 2971 5055 ad
3010 5001 3175 5055 Deum
3206 4997 3454 5067 precibus
3485 5011 3622 5065 opus

2094 5102 2255 5166 esset.
2284 5091 2469 5163 Neque
2500 5093 2569 5147 iis
2597 5092 2770 5147 solum
2808 5092 2920 5146 hac
2946 5090 3337 5154 traditasunt;
3371 5085 3623 5140 omnibus

2089 5186 2288 5255 quippe
2308 5182 2860 5252 simillapatientibus
2894 5186 3227 5249 competunt,
3258 5176 3386 5245 quia
3418 5175 3473 5227 in
3502 5188 3623 5243 per-

2091 5276 2457 5334 secutionibus
2474 5290 2591 5345 quae
2614 5280 2805 5328 nostra
2828 5279 2985 5346 aetate
3002 5271 3363 5337 contigerunt,
3384 5266 3620 5321 sexcenti

2091 5380 2252 5437 supra
2280 5366 2560 5420 recensitis
2594 5362 2787 5427 similia
2812 5368 2944 5416 sunt
2973 5358 3236 5430 perpessi,
3287 5358 3381 5425 qui
3424 5369 3622 5424 Oppor-

2092 5465 2219 5511 tune
2249 5456 2434 5524 utique
2454 5454 2652 5508 talibus
2680 5450 2841 5507 dictis
2872 5452 2957 5506 usi
2986 5449 3207 5511 fuerint,
3243 5447 3399 5517 queis
3424 5444 3508 5497 ad
3542 5444 3615 5495 ita

2092 5544 2413 5615 loquendum
2454 5543 2786 5599 instituimur
2816 5560 2829 5595 :
2879 5540 3096 5608 Propter
3122 5524 3343 5609 gloriam
3380 5534 3618 5589 nominis

2095 5635 2189 5697 tui,
2219 5631 2458 5696 Domine,
2502 5632 2665 5684 libera
2691 5645 2817 5686 .nos.
2850 5627 3075 5682 Etiamsi
3112 5628 3253 5687 enim
3284 5638 3383 5678 nos
3412 5622 3616 5676 auxilio

2094 5725 2237 5796 digni
2264 5739 2374 5780 non
2415 5704 2617 5788 simus,
2650 5728 2702 5775 at
2748 5733 2942 5775 nomen
2992 5720 3180 5790 gloriae
3226 5725 3330 5770 tuae
3373 5729 3440 5769 ne
3478 5713 3618 5783 apud
