4406 6446
351 575 453 631 919
1462 567 1960 626 COMMENTARIA
1999 568 2065 622 IN
2103 566 2434 624 PSALMOD.
3450 577 3552 631 950

341 688 612 759 ,σώματος
655 686 760 741 τοῦ
804 685 1059 742 θανάτου
1097 687 1339 749 τούτου;
1387 685 1625 738 Τοιαῦται
1668 684 1724 736 δὲ
1771 679 1908 754 ἦσαν
1938 694 1980 748 Α
2012 692 2081 735 ιιι.

1814 700 1908 736 σαν
1938 694 1980 748 Α
2012 692 2105 736 tuo
2146 682 2366 752 gemitus
2406 678 2830 746 compeditorum.
2864 679 3096 745 Quinam
3133 697 3297 752 porro
3325 685 3432 739 sint
3459 690 3550 755 qui

345 779 437 830 καὶ
471 778 518 830 οἱ
540 776 632 830 τοῦ
665 776 799 831 Θεοῦ
827 777 1115 848 προφῆται,
1148 775 1238 827 καὶ
1266 775 1462 838 πάντες
1491 775 1538 826 οἱ
1574 775 1647 844 μὴ
1677 772 1906 842 καθηδυ-
2013 774 2080 827 ad

1817 773 1906 825 δυ-
2013 774 2080 827 ad
2115 773 2229 826 haec
2263 771 2491 825 dicenda
2530 771 2755 826 instituti
2791 777 2917 825 sunt
2950 770 3053 825 sub
3106 772 3221 827 haec
3269 776 3439 843 aperit
3470 777 3553 831 his

344 865 635 930 παθῶντες
668 868 725 920 ὲν
755 868 866 928 τοῖς
884 890 890 896 π
904 867 1104 920 ἑαυτῶν
1136 865 1382 936 σώμασι,
1428 865 1560 936 μηδὲ
1596 867 1773 935 τρυφῇ
1815 866 1905 917 καὶ
2011 877 2084 916 νει

1815 866 1905 917 καὶ
2011 862 2232 916 verbis:
2271 859 2609 912 Patrocinare
2637 858 2762 927 ﬁliis
2797 860 3106 914 occisorum.
3136 860 3246 917 Nos
3278 864 3548 933 siquidem

340 957 500 1029 ἡδονῇ
532 957 905 1027 σχολάζοντεςο
958 956 1254 1027 τοῦμπαλιν
1300 957 1356 1009 δὲ
1397 955 1670 1019 πιέζοντες
1699 955 1902 1008 ἑαυτῶν
2008 965 2078 1004 no

1815 955 1902 1008 τῶν
2008 965 2116 1004 non
2147 950 2292 1020 digni
2322 950 2489 1004 habiti
2512 964 2700 1004 sumus
2727 949 2819 1018 qui
2843 948 2908 1002 ad
2937 960 3160 1004 mortem
3188 967 3359 1020 usque
3378 964 3555 1008 certa-

339 1047 438 1120 τὴν
469 1048 612 1119 ζωὴν
641 1049 873 1113 ἀσιτίαις
912 1050 1004 1102 καὶ
1045 1048 1224 1111 πόνοις
1251 1049 1343 1101 καὶ
1372 1051 1488 1111 ταῖς
1518 1047 1700 1122 ἄλλαις
1725 1048 1898 1115 ἀσκη-
2005 1057 2079 1096 rel

1813 1064 1898 1115 ιη-
2005 1056 2210 1103 remus,
2248 1053 2318 1093 ac
2361 1055 2459 1109 pro
2509 1037 2618 1093 Deo
2662 1039 2980 1108 sanguinem
3016 1037 3404 1107 lunderemus;
3459 1042 3553 1096 sed

340 1143 515 1203 τικαῖς
542 1140 951 1202 κακοπαθείαις·
983 1139 1031 1192 οἳ
1062 1141 1154 1193 καὶ⁹
1184 1139 1280 1209 οὐχ
1313 1139 1453 1210 ὑπὲρ
1485 1138 1687 1191 ἑαυτῶν
1718 1138 1896 1208 μόνον,
2006 1147 2080 1202 qu

1810 1155 1896 1202 ιον,
2006 1131 2132 1202 quia
2164 1131 2256 1185 lilii
2282 1146 2472 1186 sumus
2495 1146 2681 1186 eorum
2705 1130 2797 1200 qui
2828 1130 2939 1184 haec
2973 1138 3100 1184 sunt
3138 1133 3399 1200 perpessi,
3439 1133 3550 1186 vir.-

339 1217 474 1284 ἀλλά
513 1232 606 1284 καὶ
649 1231 788 1301 ὑπὲρ
829 1229 922 1281 τοῦ
965 1229 1160 1292 παντὸς
1182 1228 1310 1282 λαοῦ
1350 1231 1414 1282 ὲκ
1456 1229 1646 1300 βάθους
1678 1227 1899 1298 καρδίας
2008 1229 2079 1275 tul

1816 1228 1899 1290 ίας
2008 1229 2121 1276 tute
2147 1217 2360 1290 patrum
2388 1228 2699 1275 nostrorum
2722 1220 2919 1284 ornati,
2952 1235 3236 1289 precamur
3255 1230 3315 1274 ut
3341 1222 3552 1276 illorum

342 1319 479 1389 πρὸς
501 1319 592 1372 τὸν
616 1319 744 1372 Θεὸν
769 1317 997 1370 ἔστενον.
1031 1317 1121 1369 Διὸ
1141 1316 1410 1369 λέλεκται·
1448 1315 1775 1368 Είσελθέτω
1801 1313 1898 1365 ὲν-
1997 1327 2082 1381 gr:

1809 1313 1898 1365 ὲν-
1997 1313 2177 1381 gratia
2195 1311 2626 1367 misericordiam
2646 1322 3064 1381 consequamur.
3091 1309 3271 1376 Quare
3289 1310 3549 1368 dicimus:

338 1409 523 1464 ὡπιόν
558 1426 673 1464 σου
707 1407 1097 1477 ἀστεναγμὸς
1130 1406 1248 1461 τῶν
1277 1405 1711 1475 πεπεδημένων.
1747 1404 1901 1466 Τίνες
2008 1400 2078 1454 Pe

1130 1406 1248 1461 τῶν
1277 1405 1711 1475 πεπεδημένων.
1747 1404 1901 1466 Τίνες
2008 1400 2358 1454 Patrocinare
2387 1401 2514 1468 ﬁliis
2537 1400 2845 1453 occisarum.

341 1502 397 1555 δέ
426 1505 530 1555 είσι
557 1502 606 1554 οἱ
635 1501 802 1554 ταῦτα
842 1501 1208 1571 διδασκόμενοι
1251 1501 1447 1570 λέγειν,
1496 1498 1619 1568 ἑξῆς
1647 1497 1934 1568 παρίστησι
1997 1494 2251 1562 φάσκων·
2293 1495 2677 1561 Περιποίησαι
2707 1492 2852 1559 τοὺς
2896 1492 3061 1558 υίοὺς
3089 1491 3204 1544 τῶν
3235 1495 3555 1546 τεθανατωο

343 1591 549 1660 μένων.
593 1592 779 1663 Ἡμεῖς
811 1591 905 1663 μὲν
953 1592 1060 1662 γὰρ
1119 1591 1180 1644 οὐ
1236 1590 1612 1661 κατηξιώμεθα
1648 1588 1806 1659 μέχρι
1867 1586 2094 1639 θανάτου
2127 1583 2514 1651 ἀγωνίσασθαι,
2552 1583 2671 1636 οὐδὲ
2713 1584 2849 1654 ὑπὲρ
2892 1582 3024 1646 Θεοῦ
3063 1582 3389 1643 κενῶσαιτά
3427 1585 3555 1637 ἐαυ-

347 1686 448 1740 τῶν
473 1689 673 1758 αἵματα
693 1707 704 1718 ι
734 1688 846 1741 ἀλλ’
877 1687 1057 1757 ἐπειδὴ
1083 1687 1188 1740 τῶν
1208 1685 1375 1738 ταῦτα
1403 1684 1741 1738 πεπονθότων
1768 1681 1933 1751 ἐσμὲν
1970 1680 2092 1742 υίοὶ,
2125 1676 2505 1746 σεμνυνόμενοι
2547 1677 2638 1728 ἐπὶ
2671 1679 2736 1746 τῇ
2780 1675 2888 1729 τῶν
2931 1676 3177 1730 πατέοων
3233 1677 3417 1747 ἀρετῇ,
3443 1675 3555 1729 δεό-

343 1779 481 1849 μεθα
507 1779 572 1830 δι’
606 1779 841 1842 ἐκείνους
892 1775 1191 1848 ἐλεηθῆναι.
1241 1775 1329 1827 Διό
1361 1793 1537 1845 φαμεν
1558 1794 1570 1805 ·
1604 1772 1985 1841 Περιποίησαι
2013 1766 2150 1830 τοὺς
2170 1765 2339 1830 υίοὺς
2370 1764 2486 1816 τῶν
2512 1763 3014 1832 τεθανατωμένων.

407 1869 644 1935 Ἀπόδος
655 1870 774 1935 τοῖς
787 1870 1046 1938 γείτοσιν
1059 1870 1224 1939 ήμῶν
1237 1868 1684 1923 ἑπταπλασίονα
1697 1868 1782 1930 εἰς
1796 1862 1901 1915 τὸν
1981 1922 1985 1929 Ι
2075 1855 2147 1909 Vs

1814 1862 1901 1914 rer
1981 1922 1985 1929 ι
2075 1855 2238 1912 Vsus.
2286 1855 2468 1908 12-14.
2509 1853 2681 1908 Redde
2715 1855 2893 1908 vicinis
2929 1855 3123 1907 nostris
3165 1857 3455 1939 septuplum
3499 1859 3554 1912 in

341 1961 572 2015 κόλπον
585 1934 802 2023 αὐτῶν,
811 1960 916 2015 τὸν
927 1934 1262 2030 ὀνειδισμὸν
1272 1960 1485 2023 αὐτῶν,
1505 1959 1576 2014 ὃν
1587 1955 1902 2011 ὼνείδισάν
2005 1950 2081 2004 sin

1816 1955 1902 2008 »ἀν
2005 1950 2124 2004 sinu
2152 1964 2350 2011 eorum,
2377 1947 2746 2014 improperium
2789 1945 3038 2013 ipsorum,
3061 1946 3198 2014 quod
3221 1934 3556 2015 exprobrave-

341 2072 436 2119 σε,
467 2031 657 2125 Κύριε.
686 2057 874 2126 Ἡμεῖς
899 2057 966 2109 δὲ
992 2059 1141 2122 ,λαός
1169 2073 1285 2110 σου
1306 2057 1404 2111 καὶ
1433 2056 1692 2122 πρόϐατα
1715 2051 1904 2122 νομῆς
1934 2041 1977 2096 Β
2005 2055 2081 2092 ru:

1814 2051 1904 2120 ,ἧς
1934 2041 1977 2096 Β
2005 2050 2125 2092 runt
2153 2041 2265 2104 tibi,
2307 2037 2546 2092 Domine.
2585 2036 2699 2090 Nos
2734 2046 2903 2090 autem
2943 2037 3162 2104 Ρορυίαδ
3201 2048 3318 2091 ³⁶¹²⁸³
3362 2049 3412 2094 εί
3441 2059 3554 2096 0⁸³⁸⁸

341 2161 477 2210 σου,
495 2146 1086 2215 ἀνθομολογησόμεθὰ
1105 2162 1203 2200 σοι
1230 2149 1314 2211 εις
1333 2145 1438 2198 τὸν
1457 2144 1658 2199 αἰῶνα.
1684 2147 1787 2210 Είς
1809 2162 1902 2214 γε-
1943 2143 1950 2151 ’
2004 2146 2081 2198 Ρα⁴

1815 2162 1902 2214 γε-
1943 2143 1950 2151 ·
2004 2146 2215 2198 pascua
2237 2140 2358 2195 tuae,
2383 2128 2744 2198 conﬁtebimur
2770 2127 2860 2181 tibi
2882 2128 2935 2180 in
2961 2128 3314 2185 saeculum.“
3341 2147 3555 2200 genera.

341 2237 488 2290 νεὰν
516 2236 612 2289 καί
644 2237 854 2307 τενεὰν
887 2237 1326 2306 ἐξαγγελοῦμεν
1348 2238 1459 2304 τὴν
1486 2237 1724 2290 αἵνεσίν
1759 2252 1895 2291 σου.
2006 2226 2079 2276 τεο

1811 2255 1895 2291 ου,
2006 2226 2196 2276 tionem
2215 2233 2264 2276 et
2287 2223 2669 2293 generationem
2697 2220 3127 2274 annuntiabimus
3152 2220 3359 2274 laudem
3388 2232 3551 2278 tuam.

354 2327 528 2395 Ἠμᾶς
547 2325 645 2396 μὲν
686 2325 1051 2396 περιποίησαι,
1077 2326 1124 2378 εἰ
1157 2327 1249 2378 καὶ
1282 2325 1356 2396 μὴ
1391 2325 1456 2376 δι’
1484 2326 1648 2395 ἡμᾶς,
1672 2325 1803 2378 ἀλλὰ
1817 2325 1904 2378 διὰ

341 2418 468 2479 τοὺς
498 2417 752 2488 πατέρας.
783 2418 906 2479 Τοῖς
945 2417 1002 2469 δὲ
1041 2416 1278 2484 γείτοσιν,
1315 2416 1490 2487 ἡμῶν,
1530 2416 1768 2470 τουτέστι
1791 2420 1902 2480 τοῖς

345 2508 791 2578 ὲπανισταμένοις
810 2509 937 2578 ἡμῖν
954 2508 1150 2562 καὶτὸν
1164 2493 1281 2561 καθῨ
1297 2509 1451 2578 ἡμῶν
1468 2508 1697 2578 πόλεμον
1713 2509 1903 2578 διεγεί-

344 2615 547 2669 ρουσιν,
595 2599 789 2661 ἀπόδος
843 2599 908 2652 τά
963 2599 1253 2669 ἀμοιϐαῖα,
1301 2600 1741 2664 πολυπλασιάζων
1804 2602 1904 2670 τὴν

340 2690 692 2760 ὀφειλομένην
715 2691 896 2753 αὐτοῖς
943 2691 1083 2761 ὑπὲρ
1133 2683 1207 2745 ὧν
1237 2691 1468 2762 ἔδρασαν
1498 2691 1782 2762 τιμωρίαν,
1827 2692 1902 2762 μὴ

341 2783 453 2844 τοῖς
483 2776 602 2833 καθ’
631 2781 785 2851 ἡμῶν
812 2782 1169 2853 ἀρκεσθέντες
1198 2785 1403 2846 κακοῖς,
1439 2782 1550 2835 ἀλλ’
1563 2783 1679 2853 ’ἤδη
1717 2782 1811 2835 καὶ
1843 2782 1902 2834 σὲ

341 2870 435 2924 τὸν
463 2870 554 2922 ἐπὶ
582 2870 795 2924 πάντων
818 2860 1018 2941 Κύριον
1046 2871 1382 2943 βλασφήμοις
1413 2873 1507 2925 καὶ
1538 2872 1905 2937 ὀνειδιπικοῖς

345 2961 752 3032 περιϐάλλοντες
783 2961 978 3031 λόγοις.
1017 2963 1153 3016 Ἀλλ’
1184 2963 1406 3025 ἐκείνοις
1427 2963 1546 3033 μὲν,
1577 2966 1758 3035 φησὶν,
1781 2967 1905 3018 ἀπό-

343 3053 432 3116 δος
469 3053 564 3124 τῆν
596 3052 748 3118 ἀξίαν
790 3054 1054 3124 τιμωρίαν
1082 3052 1217 3124 πρὸς
1244 3053 1505 3122 ὡφελείας
1545 3054 1722 3108 αὐτῶν
1749 3071 1906 3125 γενη-

347 3141 596 3213 σομένην,
614 3145 1081 3216 ὲπιστρεφομένων
1104 3144 1198 3197 καὶ
1232 3143 1704 3215 σωφρονιζομένων
1726 3145 1791 3197 δι’
1818 3146 1906 3199 αύ-

343 3232 461 3302 τῆςο
490 3232 636 3303 ἡμᾶς
658 3219 713 3286 δὲ
745 3233 902 3298 σῶζε,
937 3236 1061 3297 τοὺς
1089 3236 1237 3297 υἱοὺς
1272 3234 1381 3288 τῶν
1407 3235 1861 3306 τεθανατωμένων
1885 3253 1899 3267 ·

344 3323 418 3387 οἳ,
461 3325 511 3376 εί
552 3323 644 3377 καὶ
685 3325 759 3394 μὴ
800 3326 909 3386 τοῖς
952 3325 1186 3395 πατράσι
1218 3309 1515 3395 γεγόναμεν
1555 3326 1748 3396 ὅμοιοι,
1789 3325 1900 3379 ἀλλ’

345 3414 491 3484 ὅμως
520 3431 612 3466 σου
660 3414 992 3485 τυγχάνομεν
1023 3416 1148 3480 λαὸς
1181 3418 1272 3469 καὶ
1309 3416 1411 3487 τῆς
1449 3417 1545 3487 σῆς
1571 3417 1742 3488 νομῆς
1772 3418 1902 3488 πρό-

346 3501 510 3556 ϐατα·
555 3501 636 3554 διὸ
677 3502 1274 3582 ἀνθομολογησόμεθά
1310 3520 1406 3558 σοι
1441 3507 1528 3570 είς
1557 3505 1660 3558 τὸν
1690 3503 1899 3566 αἰῶνα,

346 3590 785 3662 εὐχαριστοῦντες
801 3594 994 3666 δηλαδὴ
1016 3596 1249 3657 καὶτοὺς
1272 3596 1573 3667 πρέποντας
1597 3594 1795 3664 ὕμνους
1809 3593 1902 3645 καὶ

344 3681 644 3750 δοξολογίας
661 3685 799 3753 ὑπὲρ
814 3677 888 3736 ὧν
905 3680 962 3737 εὖ
987 3684 1327 3755 πεπόνθαμεν
1344 3686 1425 3736 σο)⁹
1443 3684 1520 3753 τῷ
1537 3685 1747 3736 πάντων
1767 3685 1900 3750 ἀγα-

347 3773 454 3826 θῶν
487 3774 670 3844 δοτῆρι
707 3773 824 3842 Θεῷ
846 3774 1272 3843 ἀναπέμποντες.
1304 3775 1527 3843 Ἔφεξῆς
1557 3790 1614 3825 τε
1635 3772 1781 3826 κατὰ
1807 3790 1902 3842 γε-

347 3864 489 3919 νεὰν
520 3864 616 3917 καὶ
643 3865 866 3933 ’γενεὰν
895 3865 1330 3934 ἐξαγγελοῦμεν
1373 3865 1488 3932 τὴν
1522 3865 1755 3918 αίνεσίν
1786 3879 1902 3919 σου

348 3954 531 4008 παισὶν
548 3954 837 4026 ἡμετέροις
851 3956 942 4007 καὶ
963 3955 1163 4008 παίδων
1180 3955 1628 4023 παισὶ,διαδόχοιις
1649 3971 1706 4006 τε
1725 3953 1902 4007 αὐτῶν

346 4047 457 4108 τοῖς
484 4046 622 4115 μετὰ
655 4043 826 4097 ταῦτα
846 4047 1242 4116 γενησομένοις,
1267 4045 1454 4115 ὥσπερ
1474 4044 1673 4112 ἀγαθὸν.
1705 4045 1903 4117 κλῆρον

347 4131 754 4203 παραδώσοντες
785 4132 884 4201 τῆς
918 4133 1172 4196 αἰνέσεως
1211 4134 1278 4186 τά
1317 4135 1558 4203 σωτήρια
1588 4133 1896 4203 μαθήματα.
1978 4190 1981 4192 ,

347 4243 455 4300 ΕΙΣ
482 4244 570 4298 ΤΟ
593 4242 829 4304 ΤΕΛΟΣ,
856 4244 1035 4297 ΥΠΕΡ
1060 4245 1194 4296 ΤΩΝ
1215 4246 1899 4312 ΑΛΛΟΙΩΘΗΣΟΜΕΝΩΝ,

787 4313 1184 4364 ΜΑΡΤΥΡΙΟΝ
1215 4313 1300 4382 Τᾳ
1326 4314 1515 4366 ams.

429 4512 484 4565 Ὁ
506 4514 830 4583 ποιμαίνων
861 4515 968 4568 τὸν
1005 4515 1260 4584 Ἰσραὴλ,
1295 4519 1575 4587 πρόσχες,
1610 4523 1642 4573 ὀ
1676 4519 1903 4590 ὁδηγῶν

345 4602 489 4661 ὡσεὶ
518 4607 814 4672 πρόϐατον
835 4605 939 4658 τὸν
980 4606 1207 4678 Ἰωσήφ.
1237 4607 1508 4681 Τέσσαρές
1537 4613 1672 4664 εἰσιν
1703 4613 1747 4664 oi
1788 4610 1906 4664 ἐπι-

349 4695 750 4766 γεγραμμένοι,
789 4695 952 4771 Ὺπὲρ
1007 4695 1122 4750 τῶν
1165 4700 1761 4770 ἀλλοιωθησομένωνο
1815 4700 1908 4753 δύο

352 4785 450 4854 μὲν
477 4785 570 4838 τοῦ
595 4786 774 4849 Δαυῒδ,
801 4789 828 4840 ὁ
852 4785 925 4839 νθ¹
953 4788 1044 4839 καὶ
1074 4789 1107 4841 ό,
1127 4788 1226 4860 ξῆν,
1248 4791 1354 4844 τῶν
1392 4792 1448 4845 δὲ
1477 4791 1605 4845 υὲὦν
1636 4792 1778 4863 Κορὲ
1806 4788 1908 4857 εἷς,

350 4877 380 4930 ό
411 4877 516 4948 με’,
550 4877 643 4930 καὶ
691 4877 782 4940 τοῦ
826 4878 994 4947 Ἀσάφ
1016 4893 1020 4898 ·
1043 4879 1300 4944 ὡσαύτως
1328 4884 1358 4935 ό
1424 4883 1560 4952 μετὰ
1612 4886 1811 4954 χεῖρας.
1849 4884 1908 4938 ὐ

353 4963 451 5041 μὶν
481 4961 572 5019 οὖν
600 4966 673 5019 νθ¹
714 4967 1022 5021 ἀπόπτωσιν
1052 4967 1148 5020 τοῦ
1189 4969 1454 5024 Ἰουδαίων
1496 4972 1676 5035 ἔθνους
1723 4972 1906 5044 ἐδήλου

353 5056 445 5109 καὶ
489 5059 676 5130 κλῆσιν
711 5054 902 5114 ὲθνῶνῖ
939 5059 1088 5127 ἔλεγε
1117 5058 1160 5110 δ’
1189 5056 1281 5112 οὖν
1314 5063 1626 5134 ἀρχόμενος,
1665 5061 1718 5116 ’0
1743 5064 1906 5131 Θεὸς,

353 5148 568 5203 ἀπώσω
605 5151 778 5219 ἡμᾶς,
826 5153 922 5206 καὶ
960 5151 1227 5218 καθεῖλες
1258 5152 1434 5222 ἡμᾶς,
1471 5154 1782 5223 ὼρτίσθης,
1816 5155 1910 5208 καὶ

352 5239 423 5291 τὰ
450 5240 658 5304 τούτοις
681 5241 824 5313 ἑξῆς.
857 5239 988 5296 Εἶτα
1033 5241 1254 5315 προῖὼν,
1301 5244 1500 5314 ἐπῆγεε
1529 5243 1703 5297 Μωὰὸ
1730 5244 1910 5313 λέϐης

355 5328 464 5397 τῆς
499 5330 744 5398 ἐλπίδος
768 5351 907 5404 μου.
945 5335 1069 5390 Ἐπὶ
1100 5335 1213 5403 τὴν
1252 5335 1575 5404 Ἰδουμαίαν
1597 5335 1811 5388 ἐκτενῶ
1843 5338 1909 5392 τὸ

355 5420 632 5490 ὑπόδημα
648 5440 788 5491 μου,
808 5423 935 5492 ἐμοὶ
960 5427 1294 5495 ἀλλόφυλοι
1323 5424 1642 5493 ἐφιλίασαν
1659 5443 1673 5456 ⁸
1700 5426 1755 5494 ἢ,
1778 5430 1912 5484 ὑπε-

355 5513 642 5581 τάγησαν.
661 5513 928 5579 Ὡσαύτως
959 5519 1053 5570 καὶ
1083 5518 1111 5572 ό
1139 5515 1432 5590 ξη⁹,’Υπὲρ
1455 5517 1569 5570 τῶν
1582 5518 1908 5588 ἀλλοιωθῆ-

356 5603 628 5671 σομένων
655 5604 1142 5677 ἐπιγεγραμμένος,
1162 5607 1228 5661 τὰ
1260 5606 1402 5677 πάθη
1428 5603 1521 5659 τοῦ
1545 5609 1790 5679 Σωτῆρος
1817 5613 1910 5664 καὶ

356 5691 452 5761 τὴν
486 5690 579 5744 τοῦ
618 5691 829 5764 Ἰσραὴλ
857 5695 1133 5768 ἀποϐολὴν.
1156 5697 1445 5769 παρίστησι
1483 5695 1683 5765 λέγων·
1727 5701 1914 5768 Γενη-

359 5781 513 5848 θήτω
542 5783 580 5849 ἡ
610 5782 856 5850 τράπεζα
879 5786 1074 5840 αὐτῶν
1095 5787 1346 5842 ἐνώπιον
1369 5785 1560 5841 αὐτῶν
1583 5787 1669 5852 είς
1695 5791 1914 5857 παγίδα

361 5868 458 5925 καὶ
494 5875 579 5937 είς
618 5875 1014 5929 ἀνταπόδοσιν
1045 5879 1140 5930 καὶ
1179 5881 1264 5942 είς
1304 5877 1667 5932 σκάνδαλον.
1723 5883 1911 5941 Sagari-

361 5957 679 6026 σθήτωσαν
730 5968 781 6019 οἱ
821 5967 1103 6036 ὀφθαλμοὶ
1153 5967 1344 6022 αὐτῶν
1384 5967 1484 6022 τοῦ
1511 5967 1595 6037 μὴ
1634 5961 1909 6031 βλέπειν,

2003 2313 2169 2368 Nobis
2200 2313 2558 2383 patrocinare,
2591 2311 2695 2366 etsi
2725 2326 2831 2364 non
2871 2313 3043 2366 nostri
3084 2327 3271 2376 causa,
3308 2313 3402 2368 sed
3430 2329 3556 2383 pro-

2003 2412 2124 2474 pter
2154 2410 2336 2473 patres
2368 2409 2605 2457 nostros.
2634 2401 2836 2456 Vicinis
2866 2418 2993 2458 vero
3020 2404 3244 2467 nostris,
3281 2403 3333 2458 id
3356 2411 3440 2459 est
3486 2404 3554 2458 iis

2002 2495 2095 2565 qui
2125 2496 2413 2564 insurgunt
2439 2495 2492 2547 in
2523 2509 2644 2557 nos,
2676 2493 2940 2563 nobisque
2968 2493 3165 2549 bellum
3199 2503 3439 2562 movent,
3474 2497 3557 2550 vi-

2003 2601 2094 2642 ces
2133 2585 2422 2647 retribuas,
2455 2585 2821 2655 multiplicans
2874 2585 3003 2639 illud
3032 2586 3332 2643 sceleribus
3371 2603 3556 2641 eorum

2005 2677 2243 2731 debitum
2284 2678 2631 2746 supplicium.
2679 2675 2796 2732 Non
2846 2686 2930 2731 sat
2983 2678 3090 2732 illis
3145 2677 3244 2732 fuit
3290 2681 3429 2733 mala
3473 2682 3557 2734 in—

2007 2767 2210 2823 ﬁixisse
2254 2770 2446 2836 nobis;
2479 2768 2572 2823 sed
2618 2779 2670 2823 te
2709 2784 2926 2840 quoque
2955 2771 3332 2824 universorum
3387 2770 3559 2824 Domi-

2006 2875 2134 2913 num
2167 2859 2498 2928 blasphemis
2542 2867 2594 2913 et
2639 2860 3046 2915 contumeliosis
3075 2861 3238 2916 dictis
3281 2863 3562 2931 impetive-
3659 2865 3662 2868 ’

2007 2961 2153 3006 runt.
2183 2950 2380 3004 Verum
2423 2949 2529 3003 illis
2576 2949 2644 3003 ad
2687 2950 2983 3004 utilitatem‘
3021 2966 3175 3004 suam
3209 2953 3558 3020 promeritum

2005 3045 2171 3100 redde
2222 3043 2586 3113 supplicium;
2637 3042 2711 3096 ita
2757 3051 2817 3096 ut
2859 3057 2926 3097 eo
2967 3052 3355 3098 convertantur
3394 3055 3448 3098 et
3493 3046 3559 3098 ad

2006 3137 2284 3190 meliorem
2326 3151 2383 3188 se
2421 3134 2626 3202 frugem
2659 3134 2958 3204 recipiant;
2990 3151 3088 3190 nos
3126 3144 3302 3191 autem
3350 3136 3560 3190 occiso-

2005 3241 2123 3280 rum
2164 3227 2323 3292 ﬁlios,
2349 3227 2521 3282 salute
2559 3227 2720 3290 dona,
2760 3226 2881 3296 qui,
2915 3226 3125 3282 etiamsi
3161 3242 3268 3280 non
3315 3227 3561 3296 patribus

2007 3320 2212 3374 similes
2247 3319 2529 3385 fuerimus,
2577 3327 2814 3375 attamen
2846 3321 3078 3390 populus
3118 3327 3245 3376 tuus
3288 3336 3475 3376 sumus
3508 3330 3561 3375 et

2009 3428 2136 3468 oves
2170 3427 2381 3481 pascuae
2415 3420 2552 3477 tuae;
2585 3428 2750 3483 quare
2792 3413 3154 3481 conﬁtebimur
3187 3415 3280 3467 tibi
3314 3415 3366 3466 in
3393 3429 3562 3467 swcu-

2009 3501 2146 3567 lum,
2190 3505 2392 3572 gratias
2449 3505 2655 3557 scilicet
2707 3512 2930 3575 agentes
2965 3504 3285 3575 debitosque
3336 3506 3564 3576 hymnos

2007 3599 2062 3646 et
2084 3592 2271 3648 laudes
2299 3607 2396 3662 pro
2426 3593 2661 3661 acceptis
2685 3592 2964 3649 beneﬁciis
2995 3594 3092 3647 tibi
3119 3596 3361 3648 omnium
3395 3596 3563 3648 bono-

2008 3698 2128 3738 rum
2159 3684 2404 3753 largitori
2442 3683 2550 3738 Deo
2583 3685 2912 3740 emittentes.
2952 3684 3216 3754 Deinceps
3247 3690 3376 3739 vero
3403 3686 3456 3737 in
3481 3702 3562 3754 ge-
3633 3697 3636 3699 ‘

2009 3777 2327 3828 nerationem
2368 3785 2418 3829 et
2455 3766 2838 3845 generationem
2889 3776 3320 3831 annuntiabimus
3355 3776 3561 3830 laudem

2008 3876 2152 3920 tuam
2187 3867 2311 3922 ﬁliis
2336 3869 2562 3932 nostris,
2594 3868 2719 3923 ﬁliis
2743 3868 2975 3924 ﬁliorum
3008 3879 3062 3923 et
3084 3882 3272 3924 eorum
3305 3870 3558 3939 posteris,

2009 3959 2300 4013 saluta-rem
2355 3959 2529 4014 laudis
2582 3967 2687 4014 tua!
2740 3960 3103 4032 disciplinam,
3154 3975 3252 4016 ceu
3307 3963 3540 4030 optimau

2009 4060 2232 4115 sortem,
2261 4051 2557 4105 tradentes.
2892 4047 2893 4051 “

2010 4247 2060 4298 ι.
2095 4243 2162 4298 IN
2205 4201 2606 4314 meumo
2642 4242 2727 4314 ns
2760 4243 2876 4310 QUI
2917 4245 3558 4314 COMMUTABUNTUR,

2403 4312 2880 4371 TESTIMONIUM
2910 4315 3153 4370 ASAPH.

2669 4405 2904 4461 LXXIX.

2079 4517 2244 4574 Vsus.
2281 4518 2334 4572 2.
2378 4519 2481 4586 Qui
2505 4522 2679 4588 pascis
2723 4520 2915 4585 Israel,
2950 4521 3178 4585 intende,
3219 4524 3308 4591 qui
3350 4524 3561 4579 deducis

2008 4610 2144 4664 velut
2186 4626 2325 4663 ovem
2356 4609 2567 4680 Joseph.
2600 4611 2840 4678 Quatuor
2881 4622 3008 4667 sunt
3030 4613 3306 4682 inscripti,
3339 4614 3446 4668 Pro
3496 4619 3561 4670 iis

2007 4702 2096 4770 qui
2132 4703 2625 4767 commutabunmr;
2676 4704 2783 4758 duo
2820 4705 3036 4774 quidem
3088 4704 3328 4768 Davidis,
3379 4723 3470 4761 ιιι
3511 4716 3565 4761 et

2009 4806 2197 4858 uvm,
2238 4792 2468 4848 ﬁliorum
2499 4793 2636 4848 Coro
2687 4810 2847 4856 unus,
2883 4810 3027 4857 χειν,
3067 4796 3267 4864 Asaphi
3305 4798 3430 4850 item
3476 4797 3562 4852 hic

2007 4896 2166 4954 quem
2199 4892 2528 4939 tractamus.
2579 4883 3069 4954 Quinquagesimus
3125 4903 3301 4942 nonus
3354 4888 3562 4957 lapsum

2007 4975 2212 5030 Juda‘ici
2251 4977 2429 5046 populi
2460 4983 2512 5029 et
2543 4977 2876 5038 vocationem
2917 4976 3157 5045 gentium
3193 4977 3557 5047 signiﬁcabat,

2009 5067 2094 5121 his
2125 5066 2301 5120 verbis
2341 5080 2501 5120 orsus
2531 5085 2542 5117 :
2580 5065 2737 5130 Deus,
2780 5069 3016 5135 repulisti
3060 5085 3151 5122 nos
3177 5079 3224 5122 et
3258 5068 3562 5121 destruxisli

2008 5175 2124 5219 nos,
2160 5157 2327 5209 iratus
2366 5172 2441 5218 es,
2478 5166 2531 5211 et
2563 5168 2755 5212 ca:tera
2781 5176 2899 5228 qua:
2934 5168 3252 5230 sequuntur.
3293 5158 3406 5212 Sub
3449 5158 3562 5212 haec

2010 5261 2186 5302 autem
2223 5265 2236 5301 :
2275 5244 2432 5301 Moab
2472 5249 2604 5303 lebes
2637 5253 2742 5318 spei
2769 5268 2909 5305 mew.
2949 5252 3017 5304 In
3051 5250 3344 5304 Idumaeam
3386 5261 3562 5303 exten—

2009 5340 2130 5391 dam
2173 5338 2575 5392 calceamentum
2609 5355 2813 5408 meum;
2850 5341 2976 5392 milii
3001 5321 3250 5408 allop/iyli
3288 5341 3445 5392 amici
3477 5341 3546 5408 fa-

2011 5424 2084 5475 cti
2101 5429 2251 5485 sunt,
2282 5424 2413 5483 sive,
2448 5422 2642 5475 subditi
2665 5422 3097 5479 sunt.-Similiter
3124 5439 3316 5487 vam,
3349 5422 3456 5475 Pro
3495 5425 3563 5477 iis

2008 5515 2098 5583 qui
2126 5515 2585 5566 commutabuntur
2618 5517 2928 5585 lnscriptus,
2979 5514 3253 5568 cruciatus
3304 5513 3554 5568 Servato-

2011 5607 2088 5660 ris
2138 5615 2192 5659 et
2247 5603 2462 5660 lsraelis
2507 5604 2861 5673 abjectionem
2913 5604 3159 5659 declarat
3208 5605 3292 5658 his
3337 5604 3555 5657 verbis;

2012 5697 2137 5752 Fiat
2165 5713 2342 5752 mensa
2371 5706 2549 5752 eorum
2582 5715 2758 5752 coram
2788 5699 2913 5768 ipsis
2949 5699 3000 5751 in
3033 5697 3296 5766 laqueum,
3327 5705 3375 5749 et
3407 5696 3460 5748 in
3491 5711 3564 5750 re

2013 5790 2344 5846 tributionem
2381 5797 2430 5842 et
2456 5791 2508 5842 in
2553 5770 2882 5843 scandalum.
2925 5787 3278 5843 Obscurentur
3302 5784 3440 5838 oculi
3475 5803 3562 5840 so-

2013 5898 2126 5935 rum
2170 5897 2229 5934 ne
2271 5882 2497 5943 videant,
2536 5890 2584 5932 et
2631 5865 2846 5934 dorsum
2877 5895 3056 5939 eorum
3093 5892 3291 5944 semper
3328 5877 3564 5930 incurva.

2015 5971 2236 6035 Emmde
2258 5986 2406 6025 super
2436 5988 2520 6025 eos
2552 5974 2683 6023 iram
2719 5984 2880 6032 (nam.
2917 5981 2964 6024 et
2997 5971 3144 6039 [uror
3169 5970 3260 6024 ira:
3292 5979 3393 6022 tuw
3422 5984 3537 6023 corr.
