4406 6468
893 561 989 616 951
1550 558 1815 614 EUSEBII
1863 553 2337 613 CESARIENSIS
2373 550 2521 609 OPP.
2567 549 2742 605 PARS
2777 551 2864 608 Ill.
2902 584 2970 594 ——
3006 550 3404 607 EXEGETICA.
3958 551 4063 607 952

888 670 1169 743 prehendat
1217 689 1318 726 eos.
1354 670 1477 725 Fiat
1514 672 1768 727 habitatio
1806 689 1982 729 eorum
2006 671 2248 747 deserta,
2284 677 2331 723 et
2363 668 2417 720 in
2444 668 2491 725 Α
2516 665 2611 717 καί

2315 668 2417 721 tin
2444 668 2491 725 Α
2516 665 2611 717 καί
2664 664 2769 718 τὸν
2828 666 3016 720 νῶτον
3067 666 3249 720 αὐτὸν
3311 666 3625 731 διαπαντὸς
3682 667 4055 737 σύγκαμψον.

890 763 1237 825 tabernaculis
1280 780 1453 817 eorum
1492 781 1591 817 non
1636 766 1705 819 sit
1733 766 1823 836 qui
1860 746 2129 817 inhabitet.
2164 762 2420 827 Quoniam
2524 756 2630 823 Ἕκ,

2318 762 2420 814 iam
2524 756 2768 826 Ἕκχεον
2791 758 2881 811 ἐπ’
2906 758 3122 825 αὐτοὺς
3166 758 3277 825 τὴν
3312 758 3494 828 ὀργήν
3524 773 3659 821 σου,
3692 758 3788 812 καί
3817 763 3848 812 d
3878 760 4058 829 θυμὸς

883 868 1035 922 quem
1066 862 1121 905 tu
1144 856 1442 923 percussisti
1468 857 1721 923 persecuti
1748 864 1890 919 sunt,
1934 864 1983 908 et
2011 871 2162 923 super
2190 854 2419 920 dolorem
2518 848 2623 915 τῆς

2315 868 2419 920 rem
2518 848 2625 915 τῆς
2665 848 2843 918 ὀργῆς
2884 864 2997 903 σου
3042 848 3355 903 καταλάϐοι
3402 850 3637 913 αὐτούς.
3677 849 4055 919 Γενηθήτωηή

887 944 1155 996 τειίιιενιιηι
1205 961 1434 998 meorum
1473 946 1805 1002 addiderunt.
1841 944 1903 999 Hi
1947 947 2161 1016 quidem
2204 944 2419 999 Davidis
2516 937 2627 990 ἐπα

2337 945 2419 999 dis
2516 937 2765 1028 ἔπαυλις
2791 936 2985 991 αὐτῶν
3011 938 3381 1028 ἠρημωμένη,
3428 940 3521 992 καί
3559 941 3626 991 ἐν
3669 939 3790 1005 τοῖς
3824 940 4075 1009 σκηνώέ

884 1042 1030 1089 sunt.
1060 1034 1319 1090 Filiorum
1347 1053 1474 1091 vero
1515 1038 1654 1092 Core
1694 1053 1838 1101 xuv,
1871 1038 1959 1092 cui
1989 1037 2194 1099 titulus,
2223 1036 2329 1090 Pro
2352 1037 2416 1090 iis

882 1125 971 1187 qui
1021 1128 1513 1197 commutabuntur,
1569 1130 1836 1183 canticum
1886 1144 1985 1199 pro
2039 1128 2243 1183 Dilecto
2284 1127 2417 1183 emi-

883 1212 973 1277 sit,
1026 1215 1181 1285 cujus
1236 1217 1522 1273 adventum
1572 1219 1891 1288 vaticinans,
1937 1220 2270 1283 vocationem
2317 1217 2418 1272 Ec-

867 1302 1059 1357 clesiae
1093 1320 1156 1359 ex
1186 1302 1441 1375 gentibus
1483 1306 1705 1373 addidit,
1734 1307 1835 1364 hoc
1855 1323 1972 1363 eam
1997 1308 2155 1362 modo
2182 1306 2419 1362 subindi-

878 1407 1010 1449 cans
1041 1396 1238 1461 :Audi,
1282 1397 1419 1465 filia,
1453 1406 1501 1450 et
1532 1398 1662 1462 vide,
1709 1410 1758 1455 et
1793 1400 1990 1454 inclina
2041 1415 2217 1453 aurem
2250 1409 2412 1462 tuam,

876 1492 925 1534 et
955 1484 1251 1553 obliviscere
1268 1488 1513 1556 populum
1546 1499 1686 1543 tuum
1711 1498 1759 1543 et
1789 1490 2000 1567 domum
2021 1492 2183 1559 patris
2214 1491 2306 1544 tui.
2346 1489 2413 1543 Et

876 1579 1198 1647 concupiscet
1230 1594 1320 1634 rex
1347 1578 1579 1637 decorem
1605 1591 1769 1645 tuum,
1792 1583 2033 1650 quoniam
2067 1584 2174 1651 ipse
2199 1591 2275 1637 est
2302 1582 2412 1635 Do-

874 1671 1045 1723 minus
1074 1678 1214 1733 tuus,
1244 1678 1293 1723 et
1330 1669 1775 1735 adorabunteum,
1804 1673 1918 1736 ﬁlia
1955 1672 2077 1742 Tyri
2101 1674 2155 1725 in
2186 1674 2412 1726 muneri-

874 1762 987 1815 bus.
1018 1761 1217 1816 Eodem
1246 1762 1426 1830 itaque
1448 1762 1621 1815 modo
1652 1763 1737 1817 hic
1775 1779 1935 1833 quem
1959 1771 2275 1829 tractamus,
2302 1765 2407 1818 Pro

870 1852 938 1906 iis
971 1852 1061 1920 qui
1096 1851 1548 1904 commulabuntur
1593 1853 1907 1922 inscriptus,
1944 1868 2008 1909 ac
2035 1854 2091 1908 in
2128 1852 2287 1908 ﬁnem
2326 1870 2409 1910 re-

870 1944 1107 2003 mittens,
1144 1942 1344 1997 Christi
1373 1944 1682 2007 adventum,
1710 1943 1920 1999 Judaici
1968 1946 2149 2014 papuli
2179 1947 2402 2014 captivio

858 2022 1033 2085 tatem
1069 2040 1122 2086 et
1156 2031 1645 2102 Hierosolymorum
1688 2032 1995 2087 incendium
2016 2034 2158 2102 quod
2178 2050 2205 2087 υ
2238 2034 2402 2105 Baby-

869 2120 1030 2177 loniis
1058 2122 1257 2178 factum
1289 2132 1372 2179 est
1416 2123 1758 2191 praenuntiat.
1792 2121 1972 2177 Primo
1998 2123 2213 2193 quidem
2259 2125 2405 2178 ordi-

868 2217 956 2263 tur
984 2212 1050 2266 ab
1075 2212 1223 2270 exitu
1256 2211 1563 2268 Iudaeorum
1602 2229 1667 2267 ex
1702 2212 1952 2284 AEgypto,
1991 2226 2042 2270 et
2077 2215 2403 2272 habitatione

864 2317 1051 2375 eorum
1094 2304 1151 2359 in
1203 2303 1482 2360 Palaestina
1529 2324 1541 2358 :
1586 2304 1778 2360 deinde
1830 2306 2012 2373 adjicit
2068 2307 2401 2362 obsidionem

863 2398 985 2461 post
1041 2392 1156 2448 haec
1208 2394 1275 2447 ab
1321 2393 1554 2464 Assyriis
1600 2402 1654 2449 et
1700 2393 2007 2465 Babyloniis
2055 2396 2251 2469 factam
2287 2398 2399 2451 :ad

863 2481 980 2535 hac
1038 2490 1215 2537 autem
1272 2484 1713 2554 supplicationem
1766 2484 1993 2540 eﬂ'undit
2043 2501 2142 2554 pro
2199 2485 2400 2541 Christi

862 2572 1093 2627 adventu
1146 2591 1161 2627 :
1212 2589 1330 2643 qua:
1385 2574 1690 2642 singulatim
1748 2574 1809 2628 in
1875 2575 2036 2643 hujus
2108 2577 2399 2645 prophetiae

860 2662 1303 2730 interpretatione
1357 2663 1787 2731 explicabuntur.
1841 2662 1999 2719 Initio
2047 2674 2222 2721 autem
2275 2682 2395 2720 eum

861 2751 951 2819 qui
997 2753 1163 2817 pascit
1207 2750 1365 2805 Israel
1411 2752 1649 2819 psalmus
1692 2752 2033 2807 evdcat:h'ic
2079 2769 2237 2825 porro
2282 2762 2395 2808 erat

858 2839 954 2896 Dei
992 2840 1248 2903 Ver-bum,
1299 2841 1377 2895 uti
1414 2843 1725 2911 plerumque
1770 2843 2254 2914 comprobavimus,
2304 2845 2396 2899 de-

858 2930 1128 2984 clarantrs
1179 2945 1286 2984 non
1333 2930 1499 2985 Deum
1549 2933 1640 3001 qui
1692 2946 1855 3003 super
1898 2934 2077 2987 omnia
2123 2942 2243 2995 cst,
2291 2936 2395 2989 sub

859 3019 1092 3074 hominis
1151 3020 1315 3090 ﬁgura
1371 3022 1545 3075 visum
1603 3022 1908 3077 Abrahamo
1965 3023 2167 3090 fuisse;
2222 3041 2394 3094 neque

857 3106 1026 3179 Moysi
1067 3110 1286 3164 oracula
1326 3110 1547 3175 fudisse,
1584 3128 1684 3166 nec
1732 3113 1785 3166 in
1816 3112 2025 3170 deserto
2053 3117 2392 3183 praecessisse

856 3200 1145 3267 pupulum;
1170 3200 1264 3253 sed
1297 3200 1440 3253 hunc
1474 3216 1581 3255 non
1608 3202 1932 3268 aliumesse,
1954 3220 2114 3274 quam
2143 3221 2263 3266 eum
2296 3208 2389 3277 qui

2510 1040 2697 1095 μασιν
2719 1024 2913 1079 αὐτῶν
2926 1026 3011 1095 μὴ
3030 1028 3182 1081 ἔστω
3216 1025 3247 1082 δ
3268 1028 3551 1082 κατοικῶν
3571 1047 3585 1061 σ
3608 1028 3696 1081 ὅτι
3720 1028 3792 1083 ὃν
3815 1030 3895 1083 σὺ
3918 1029 4058 1083 ἐπά-

2516 1115 2698 1181 ταξας
2724 1114 3101 1182 κατεδίωξαν,
3134 1120 3229 1172 καί
3270 1119 3365 1173 ἐπὶ
3408 1120 3475 1173 τὸ
3517 1119 3701 1189 ἄλγος
3728 1118 3844 1172 τῶν
3882 1120 4064 1186 τραυ-’

2510 1205 2709 1273 μάτων
2760 1223 2878 1275 μου
2925 1207 3313 1276 προσέθηκαν.
3367 1202 3521 1263 Οὗτοι
3572 1210 3669 1279 μὲν
3720 1204 3810 1262 οὖν
3864 1210 3914 1261 οἱ
3963 1209 4050 1263 τοῦ

2513 1296 2689 1347 Δαυῖδ.
2707 1296 2825 1349 Τῶν
2851 1296 2906 1350 δὲ
2936 1296 3062 1349 υίῶν
3078 1299 3217 1368 Κορὲ
3241 1300 3268 1351 ό
3291 1300 3391 1369 μδ’,
3407 1299 3579 1368 Ὑπὲρ
3607 1298 3721 1353 τῶν
3739 1301 4053 1367 ἀλλοιωθη-

2513 1383 2780 1453 σομένων
2806 1385 2901 1456 τὴν
2929 1387 3228 1457 ἐπιγραφὴν
3259 1388 3413 1457 ἔχων,
3444 1389 3581 1460 ᾠδὴν
3616 1388 3891 1457 ἀνέπεμπε
3916 1388 4052 1459 ὑπὲρ

2510 1474 2603 1527 τοῦ
2641 1476 2964 1543 Ἀγαπητοῦ,
2990 1472 3050 1531 οὗ
3086 1477 3181 1549 τὴν
3221 1478 3512 1546 παρουσίαν
3544 1478 3799 1542 θεσπίσας
3839 1479 4053 1530 ἐπισυν-

2509 1566 2647 1636 ἧπτε
2692 1567 2788 1637 τὴν
2829 1566 3015 1636 κλῆσιν
3059 1567 3157 1637 τῆς
3203 1566 3261 1632 ἐξ
3300 1566 3464 1620 ὲθνῶν
3508 1568 3824 1639 Ἑκκλησίας
3870 1566 4053 1622 τοῦτον

2510 1656 2869 1728 αἰνιττόμενος
2917 1658 3006 1711 τὸν
3054 1657 3280 1729 τρόπον·
3311 1660 3613 1721 Ἄκουσον,
3658 1659 3922 1728 θύγατερ,
3956 1659 4049 1712 καί

2507 1747 2716 1801 κλῖνον
2756 1747 2821 1800 τὸ
2864 1744 2969 1816 οὖς
3004 1734 3138 1813 σου,
3180 1748 3276 1802 καί
3307 1748 3587 1804 ἐπιλάθου
3621 1749 3723 1802 τοῦ
3756 1749 3907 1803 ⁸λαοῦ
3937 1765 4049 1804 σου

2508 1838 2605 1890 καί
2627 1837 2729 1891 τοῦ
2754 1838 2921 1891 οἴκου
2946 1838 3051 1893 τοῦ
3078 1840 3295 1908 πατρός
3321 1853 3455 1892 σου.
3500 1840 3606 1893 Καί
3648 1838 3990 1907 ἐπιθυμήσει
4017 1844 4050 1895 ὀ

2501 1928 2795 1993 ,ϐασιλεὺς
2833 1928 2936 1982 τοῦ
2976 1928 3237 1994 κάλλους
3273 1943 3406 1993 σου,
3442 1929 3529 1982 ὅτι
3559 1930 3737 1993 αὐτός
3765 1929 3894 1982 ἐστι
3939 1930 4049 1983 Κύ-

2495 2018 2626 2085 ριός
2670 2033 2805 2081 σου,
2848 2020 2943 2071 καί
2988 2018 3520 2086 προσκυνήσουσιν
3566 2018 3750 2085 αὐτῷ,
3795 2019 4049 2089 θυγάτηρ

2508 2110 2690 2176 Τύρου
2720 2110 2789 2161 ἐν
2818 2109 3038 2176 δώροις.
3073 2109 3225 2165 Κατὰ
3268 2110 3358 2163 τὸν
3402 2109 3559 2162 αὐτὸν
3595 2104 3686 2164 οὖν
3720 2110 3914 2181 τρόπον
3955 2111 4053 2163 καὶ

2500 2202 2527 2251 ὁ
2556 2200 2690 2270 μετὰ
2715 2199 3088 2275 χεῖραςὙπὲρ
3127 2200 3240 2254 τῶν
3259 2202 3821 2271 ἀλλοιωθησομένων
3865 2204 4046 2270 ἐπιγε-

2498 2291 2829 2360 γραμμένος,
2880 2292 2973 2348 καὶ
3015 2294 3093 2355 είς
3141 2292 3201 2344 τὺ
3238 2292 3385 2354 τέλος
3428 2294 3777 2367 ἀναπέμπων,
3815 2291 4045 2363 Χριστοῦ

2498 2380 2810 2448 παρουσίαν,
2842 2381 2933 2435 τοῦ
2960 2398 3029 2445 τε,
3059 2382 3317 2436 Ἰουδαίων
3337 2382 3517 2445 ἔθνους
3556 2382 3653 2451 τὴν
3683 2381 4043 2454 αἰχμαλωσίαν

2498 2470 2588 2522 καὶ
2616 2471 2705 2521 τὸν
2732 2472 3050 2542 ἐμπρησμὸν
3074 2473 3170 2542 τῆς
3206 2472 3547 2549 Ἰερουσαλὴμ
3569 2473 3627 2525 ὃν
3653 2472 3910 2527 πέπονθεν
3941 2473 4044 2524 ὑπὸ

2497 2560 2841 2615 Βαϐυλωνίων
2882 2565 3266 2632 προαναφωνεί
3320 2561 3536 2635 Πρῶτον
3568 2564 3661 2632 μὲν
3704 2558 3793 2615 οὖν
3842 2562 4042 2637 διεξέρ-

2495 2669 2645 2721 χεται
2690 2653 2787 2724 τὴν
2838 2656 2931 2706 ἀπ’
2971 2653 3241 2722 Αἰγύπτου
3283 2654 3388 2707 τῶν
3428 2653 3690 2709 Ἰουδαίων
3726 2650 3917 2717 ἔξοδον,
3950 2652 4042 2705 καὶ

2493 2744 2588 2815 τὴν
2620 2744 2925 2815 κατοίκησιν
2954 2743 3129 2798 αὐτῶν
3154 2744 3249 2813 τὴν
3272 2744 3364 2797 ἐπὶ
3406 2743 3504 2814 τῆς
3530 2743 3636 2795 τῶν
3663 2742 4040 2811 ιΠαλαιστίνων

2492 2837 2626 2910 γῆς’
2666 2836 2851 2891 ἔπειτα
2900 2837 3154 2891 συνάπτει
3182 2837 3278 2915 τὴν
3314 2834 3449 2906 μετὰ
3488 2834 3657 2888 ταῦτα
3700 2833 4039 2890 είσελθοῦσαυν

2492 2928 2669 2989 αὐτοῖς
2689 2927 2995 2992 πολιορκίαν
3010 2926 3115 2980 ὑπὸ
3141 2926 3431 2997 ’Δσσυρίων
3454 2925 3546 2978 καὶ
3562 2924 3908 2983 Βαϐυλωνίων
3946 2924 4037 2976 καὶ

2493 3014 2625 3085 πρὸς
2653 3013 2857 3077 τούτοις
2883 3014 3155 3083 ἱκετηρίαν
3191 3014 3457 3069 ἐκτίθεται
3483 3014 3621 3082 ὑπὲρ
3650 3016 3747 3084 τῆς
3780 3012 3871 3065 τοῦ
3904 3014 4036 3083 Χρι-

2493 3103 2615 3157 στοῦ
2643 3104 2978 3173 ἐπιφανείας·
3004 3103 3172 3157 ταῦτα
3195 3104 3251 3158 δὲ
3277 3103 3415 3156 κατὰ
3440 3104 3599 3173 μέρος
3622 3102 3951 3173 δειχθήσεται
3979 3106 4035 3157 ὲν

2447 3197 2460 3204 “
2490 3199 2553 3267 τῇ
2575 3197 2678 3251 τῶν
2698 3196 3178 3270 προφητευομένων
3208 3196 3467 3267 ἑρμηνείᾳ
3481 3213 3493 3225 ο
3517 3195 3654 3249 κατὰ
3678 3195 3734 3249 δὲ
3750 3196 3848 3265 τὴν
3865 3196 4034 3269 ἀρχὴν

854 3287 909 3341 in
936 3284 1219 3357 Evangelio
1260 3289 1391 3343 dicit
1421 3305 1433 3339 :
1469 3291 1754 3361 Antequam
1798 3293 2062 3370 Abraham
2086 3298 2261 3364 ﬁeret,
2298 3314 2389 3367 ego
2415 3314 2458 3370 ε
2491 3290 2594 3340 ἀνω

2298 3314 2389 3367 ego
2415 3314 2458 3370 ε
2491 3288 2828 3341 ἀνακαλεῖται
2872 3291 2899 3341 ὁ
2931 3288 3137 3358 ψαλμὺς
3176 3288 3265 3340 τὸν
3301 3285 3647 3357 ποιμαίνοντα
3677 3284 3766 3338 τὸν
3801 3285 4028 3357 Ἰσραήλ·

854 3390 970 3428 sum
986 3374 1066 3440 ⁵⁸;
1097 3386 1172 3440 et,
1200 3375 1462 3431 Abraham
1482 3388 1647 3447 pater.
1666 3392 1828 3442 vester
1853 3361 2130 3438 exsultavit
2164 3396 2219 3438 ut
2247 3361 2388 3442 vide-

854 3474 931 3519 ret
953 3464 1089 3519 diem
1117 3482 1308 3532 meum,
1331 3476 1380 3521 et
1408 3469 1615 3533 cidit,et
1636 3474 1841 3542 gauisus
1869 3483 1946 3527 est
1962 3476 2049 3529 η’.
2068 3478 2241 3543 Ipsum
2264 3493 2389 3548 ergo

848 3555 961 3621 jam
990 3566 1179 3615 evocat
1203 3557 1389 3618 dicens
1420 3578 1435 3613 :
1469 3560 1571 3627 Qui
1587 3564 1757 3629 pascis
1792 3562 1983 3630 Israel,
2000 3565 2223 3627 intende,
2256 3576 2385 3633 ctc.,

854 3653 1111 3722 rogatque
1144 3657 1202 3702 ut
1252 3649 1497 3714 ostendat
1535 3651 1723 3706 faciem
1766 3668 1918 3707 suam
1969 3669 2065 3723 pro
2119 3660 2387 3712 communi

852 3739 1095 3795 omnium
1126 3740 1343 3812 palule,
1392 3742 1787 3812 adventumque
1833 3743 1953 3811 ejus
1992 3749 2385 3815 quamprimum

852 3826 1164 3895 contingere
1199 3829 1465 3899 supplicat
1509 3831 1592 3889 his
1626 3833 1804 3889 verbis
1836 3849 1849 3884 :
1880 3832 2068 3891 Excita
2106 3839 2386 3906 potentiam

850 3925 1016 3979 tuam,
1049 3926 1097 3971 et
1148 3920 1259 3986 seni
1288 3930 1343 3971 ut
1392 3922 1562 3981 salvos
1612 3922 1780 3989 facias
1810 3940 1943 3986 nos;
1974 3941 2037 3979 ac
2067 3929 2227 3982 tertio
2261 3943 2383 3985 cum

848 4005 1001 4066 dicit,
1028 4006 1256 4059 Ostende
1285 4008 1470 4075 [aciem
1500 4019 1641 4063 tuam
1664 4050 1680 4074 ,
1708 4022 1758 4065 et
1780 4014 1911 4077 salvi
1936 4016 2150 4074 erimus.
2188 4016 2386 4075 Deinde

850 4107 979 4146 vero
1015 4094 1274 4149 adventus
1299 4098 1515 4151 modum
1542 4099 1779 4153 declarat
1800 4102 1985 4158 dicens
2010 4119 2024 4155 :
2059 4103 2182 4157 Fiat
2202 4123 2384 4161 manus

852 4192 944 4235 tua
987 4198 1140 4249 super
1178 4185 1342 4237 cirum
1369 4186 1593 4243 dextera
1620 4200 1740 4254 tuae,
1770 4201 1818 4243 et
1840 4208 1993 4261 super
2022 4194 2189 4261 ﬁlium
2220 4195 2387 4253 hami.-

851 4272 954 4335 nis,
977 4288 1124 4340 quem
1162 4275 1625 4351 conﬁrmastitibi.‘
1648 4281 2019 4351 incorporeum
2050 4298 2277 4353 namque
2296 4286 2384 4341 Dei

852 4359 1085 4415 Verbum
1129 4374 1301 4432 rogat,
1339 4374 1396 4418 ut
1429 4382 1523 4435 per
1568 4369 1740 4423 virum
1772 4371 2007 4426 dexterae
2038 4389 2169 4438 suae,
2213 4384 2267 4430 et
2292 4392 2385 4445 per

848 4452 1041 4508 Filium
1071 4456 1301 4514 hominis
1333 4460 1639 4519 beneficam
1660 4464 1910 4527 virtutem
1949 4481 2102 4529 suam
2130 4470 2381 4534 omnibus

847 4545 1122 4615 largiatur.
1169 4547 1346 4625 Diviui
1394 4552 1574 4621 itaque
1608 4562 1660 4608 et
1688 4556 1941 4611 salutaris
1993 4558 2383 4623 adventusbac

2490 3372 2639 3443 οὗτος
2664 3379 2721 3432 δὲ
2746 3376 2814 3449 ἦν
2845 3380 2873 3431 ὁ
2900 3378 2991 3431 τοῦ
3020 3377 3151 3431 Θεοῦ
3172 3378 3359 3446 Λόγος,
3383 3378 3459 3440 ὡς
3491 3376 3740 3439 πολλάκις
3760 3376 4034 3449 ἀπεδείξας

2491 3485 2587 3539 μεν
2607 3468 2989 3539 παριστῶντες,
3009 3467 3081 3537 μὴ
3102 3467 3191 3521 τὸν
3214 3468 3465 3520 ἐπέκεινα
3487 3466 3577 3519 τὸν
3600 3466 3733 3520 ὂλων
3746 3464 3876 3518 Θεὸν
3895 3465 4031 3527 εἶναι

2484 3559 2573 3612 τὸν
2594 3554 2768 3627 ὦφθαι
2788 3558 2865 3629 τῷ
2895 3558 3137 3629 Ἀϐραὰμ
3156 3562 3212 3611 ὲν
3233 3558 3419 3629 ἀνδρὸς
3450 3559 3679 3629 σχήματι
3700 3558 4031 3628 ἀναγεγραμ-

2489 3649 2664 3719 μένον,
2687 3650 2777 3702 καὶ
2794 3648 2870 3717 τῷ
2891 3650 3108 3701 Μωῡσεί
3127 3647 3596 3717 κεχρηματικέναι,
3625 3646 3717 3699 καὶ
3744 3648 3799 3699 ὲν
3824 3648 3887 3716 τῇ
3908 3648 4030 3716 ἐρή-

2489 3758 2573 3809 μῳ
2604 3738 2993 3810 προωδευκέναι
3014 3737 3107 3791 τοῦ
3126 3737 3272 3791 λαοῦ·
3304 3733 3438 3791 εἶναι
3468 3738 3524 3791 δὲ
3552 3736 3731 3790 τοῦτον
3756 3737 4028 3806 οὐδέτερον

2485 3829 2577 3881 τοῦ
2621 3830 2678 3881 ὲν
2731 3828 3078 3896 Εὑαγτελίοις
3128 3827 3431 3897 εἰρηκὰτος·
3474 3827 3621 3894 Πρὶν
3658 3827 3904 3895 Ἀϐραὰμ
3934 3843 4025 3893 τε·

2484 3918 2688 3972 νέσθαι
2711 3918 2822 3986 ἐγώ
2841 3921 2953 3986 είμι
2974 3934 2986 3947 ·
3007 3919 3120 3981 καὶ,
3148 3917 3397 3986 Ἀϐραὰμ
3416 3920 3449 3970 d
3465 3916 3655 3984 πατὴρ
3674 3917 3834 3984 ὑμῶν
3852 3917 4026 3983 ἠγαλ-

2482 4008 2731 4064 λιάσατο
2750 4010 2848 4063 ἵνα
2871 4009 2966 4076 ιδῃ
2989 4007 3102 4075 τὴν
3125 4007 3346 4075 ἡμέραν
3371 4007 3484 4074 τὴν
3505 4006 3675 4075 ἐμὴν,
3699 4008 3794 4058 καὶ
3817 4002 3903 4058 Ide
3927 4006 4023 4057 καί

2483 4099 2684 4167 ἐχάρη.
2742 4100 2911 4151 Αὑτὸν
2937 4097 2999 4167 δὴ
3028 4093 3118 4150 οὗν
3147 4098 3240 4149 ἐπὶ
3269 4096 3361 4149 τοῦ
3393 4097 3653 4166 παρόντος
3681 4095 4020 4150 ἀνακαλεῖται

2485 4190 2703 4256 φάσκων
2720 4205 2732 4218 ο
2752 4190 2811 4241 '0
2826 4189 3147 4256 ποιμαίνων
3161 4186 3265 4240 τὸν
3287 4185 3539 4254 Ἰσραὴλ,
3557 4183 3835 4255 πρόσχες,
3853 4186 3943 4237 καὶ
3956 4186 4023 4240 τὰ

2484 4278 2607 4349 ἑξῆς
2626 4316 2640 4342 ,
2667 4278 2923 4345 ὲπιφὰναι
2940 4294 2998 4329 τε
3020 4277 3082 4329 τὸ
3097 4279 3379 4347 πρόσωπον
3400 4276 3561 4329 αὑτοῦ
3578 4276 3713 4347 ὑπὲρ
3733 4275 3827 4345 τῆς
3844 4276 4023 4348 κοινῆς
4080 4344 4085 4349 ἢ

2484 4365 2732 4423 ἁπάντων
2751 4368 3017 4439 σωτηρίας
3030 4368 3309 4433 ἀντιϐολεῖ,
3321 4370 3417 4439 τήν
3429 4386 3487 4435 τε
3506 4369 3798 4439 παρουσίαν
3814 4356 3974 4421 αὑτοῦ

2483 4459 2642 4527 τάχος
2683 4457 2929 4526 γενέσθαι
2969 4457 3107 4522 ἀξιοῖ
3132 4456 3299 4525 λέλων
3318 4475 3331 4487 ·
3361 4458 3683 4525 Ἐξέτειρον
3706 4457 3818 4525 τὴν
3841 4458 4019 4519 δυνα-

2484 4536 2690 4601 στείαν
2708 4566 2821 4606 σου
2835 4586 2851 4612 ,
2872 4547 2965 4600 καὶ
2986 4546 3119 4598 ἐλθὲ
3137 4586 3150 4613 ,
3167 4549 3251 4611 είς
3270 4546 3335 4599 τὸ
3350 4547 3541 4600 σῶσαι
3561 4546 3731 4616 ἡμᾶς.
3757 4549 3946 4618 Τρίτον
3960 4548 4021 4600 δὲ

846 4635 1051 4699 ratione
1097 4641 1422 4715 mentionem
1457 4640 1615 4707 fecit;
1651 4643 1863 4699 lsraelis
1893 4661 2023 4701 vero
2068 4649 2379 4715 ruinamita
2415 4629 2456 4683 θ
2485 4642 2586 4693 εἶτα

2286 4652 2379 4715 με
2415 4629 2456 4683 Ῑ)
2485 4638 2672 4702 εἰπὼν,
2698 4641 3019 4708 Ἐπίφανον
3045 4636 3109 4687 τὸ
3135 4639 3451 4706 πρόσωπόν
3470 4654 3583 4690 σου
3602 4676 3615 4700 ,
3647 4638 3740 4689 καὶ
3758 4638 4019 4703 σωθησό-

844 4727 1165 4791 vaticinatur
1199 4745 1212 4781 :
1242 4714 1432 4805 thuid
1458 4732 1763 4789 destruxisti
1793 4738 2071 4798 maceriam
2093 4739 2247 4806 ejus!
2275 4714 2381 4797 sci-

846 4815 969 4869 licet
990 4817 1176 4877 vineae.
1208 4834 1367 4888 quam
1409 4838 1474 4877 ex
1522 4822 1752 4895 zEgypto
1784 4827 2078 4892 transtulit,
2112 4840 2163 4884 et
2207 4830 2383 4886 vinde-

844 4906 1009 4967 miant
1038 4924 1151 4961 eam
1182 4924 1355 4963 omnes
1373 4913 1462 4979 qui
1488 4914 1979 4983 praetergrediuntur
2006 4918 2162 4979 siam.
2186 4918 2377 4975 Exter-

844 4997 1059 5055 minavit
1080 5014 1195 5051 eam
1219 5013 1341 5071 aper
1376 5001 1440 5056 de
1464 5003 1594 5055 silva
1618 5040 1633 5064 ,
1661 5014 1709 5056 et
1737 5005 2019 5073 singularis
2048 5008 2187 5076 [erus
2221 5010 2380 5079 depa-

843 5094 953 5136 stus
985 5093 1061 5138 est
1087 5101 1223 5145 eam.
1250 5083 1469 5153 Incensa
1498 5088 1605 5158 igni
1631 5099 1679 5141 et
1703 5092 1951 5156 stt/fossa.
1983 5092 2106 5148 ﬂare
2130 5097 2196 5151 de
2227 5098 2378 5153 vinea

844 5189 1185 5240 percurrens,
1206 5174 1440 5236 Iudaica:
1463 5180 1637 5248 gentis
1665 5182 2017 5247 vastationem
2048 5189 2378 5253 manantia-

840 5265 950 5317 hat.
978 5264 1105 5322 Jure
1130 5269 1329 5337 itaque
1370 5270 1425 5321 in
1478 5270 1635 5324 titulo
1668 5272 1781 5325 haec
1828 5271 1971 5324 dicta
2013 5277 2376 5332 testimonium

844 5365 1103 5420 iocantur
1134 5378 1146 5410 :
1172 5374 1294 5412 nam
1342 5361 1704 5425 testimonium
1736 5364 1848 5431 haec
1881 5365 2059 5421 futura
2082 5381 2201 5424 esse
2220 5369 2372 5425 dixit.

844 5441 996 5500 Unde
1038 5448 1175 5514 apud
1223 5447 1605 5519 Symmachum
1644 5461 1699 5506 et
1758 5455 2039 5523 Aquilam,
2080 5436 2375 5525 testiﬁcatio

842 5535 1062 5588 dicitur.
1097 5534 1245 5590 Illius
1274 5547 1450 5598 aut”
1475 5539 1613 5601 loco,
1640 5554 1733 5607 pro
1779 5543 1845 5601 iis
1868 5544 1956 5611 qui
1986 5548 2376 5613 commutaban—

840 5631 963 5687 tur,’
999 5624 1372 5695 Symmachus,
1400 5644 1490 5694 pro
1522 5628 1737 5695 ﬂoribus
1756 5646 1775 5692 ;
1806 5632 1995 5701 Aquila
2027 5650 2169 5703 vero,
2197 5654 2289 5706 pro
2312 5640 2374 5691 li-

862 5714 948 5778 iis,
984 5716 1319 5785 interpretati
1352 5726 1493 5771 sunt.
1545 5718 1960 5789 Prosperitatem
1990 5726 2249 5797 siquidem
2278 5728 2374 5789 Ju-

916 5868 959 5899 "
996 5866 1143 5925 Joan.
1180 5888 1305 5939 vm,
1344 5872 1429 5927 58.
1506 5872 1570 5905 ⁸⁸⁸
1615 5873 1743 5931 ibid.
1772 5876 1859 5931 56.

2482 4733 2651 4795 μεθα,
2671 4730 2760 4781 τὸν
2776 4729 2967 4801 τρόπον
2982 4726 3078 4796 τῆς
3100 4728 3408 4796 ἐπιφανείας
3428 4727 3749 4797 παρίστησιν
3767 4724 3890 4795 ἑξῆς
3910 4728 4019 4778 επι-

2483 4818 2653 4887 λέγων
2672 4836 2685 4853 ο
2703 4818 3015 4885 Γενηθήτω
3028 4818 3067 4884 ἠ
3091 4820 3217 4887 χείρ
3232 4836 3345 4875 σου
3361 4818 3451 4871 ἐπ’
3472 4816 3656 4884 ἄνδρα
3669 4816 3866 4882 δεξιᾶς
3879 4830 4014 4887 σου,

2482 4910 2700 4977 natasti
2725 4910 2859 4963 υἱὸν
2886 4909 3210 4975 ἀνθρώπου,
3245 4909 3316 4963 ὃν
3344 4908 3737 4977 ὲκραταίωσας
3766 4906 4011 4971 σεαυτῷ.

2482 4999 2583 5051 Τὸν
2623 5000 2730 5070 γὰρ
2756 4998 3038 5076 ἀσώματον
3068 4999 3160 5055 τοῦ
3200 4999 3332 5054 Θεοῦ
3372 4998 3538 5063 Λόγον
3563 4998 3701 5063 ἀξυοί
3732 4999 3797 5051 δι’
3829 4998 4015 5069 ἀνδρὸς

2479 5085 2653 5151 δεξιᾶς
2676 5090 2837 5141 αὐτοῦ
2866 5088 2956 5140 καὶ
2979 5088 3065 5141 διὰ
3089 5090 3215 5142 Υἱοῦ
3245 5087 3524 5159 ανθρώπου
3554 5088 3650 5157 τὴν
3674 5088 4015 5160 εὐεργετικὴν

2482 5178 2640 5231 αὐτοῦ
2679 5180 2901 5259 δύναμιν
2938 5178 3273 5261 δωρήσασθαι
3302 5183 3411 5243 τοῖς
3449 5181 3598 5235 πᾶσι.
3653 5181 3764 5250 Τῆς
3797 5180 3893 5251 μὲν
3922 5177 4015 5235 οὖν

2484 5270 2743 5341 σωτηρίου
2789 5269 3098 5336 θεοφανείας
3128 5272 3225 5347 τὴν
3261 5272 3475 5343 μνήμην
3512 5270 3693 5324 τοῦτον
3724 5273 4015 5341 ἐποιήσατο

2480 5360 2568 5412 τὸν
2595 5363 2812 5432 τρόπον,
2843 5361 2938 5431 τὴν
2962 5362 3016 5416 δὲ
3037 5364 3128 5417 τοῦ
3164 5363 3371 5433 Ἰσραὴλ
3392 5364 3700 5417 ἀπόπτωσιν
3729 5365 3909 5434 ὡδέπη
3932 5363 4012 5417 θε-

2482 5453 2657 5517 σπίζει
2678 5454 2847 5519 λέγων
2866 5470 2878 5483 ·
2914 5454 3079 5513 ἰνατί
3114 5455 3375 5520 καθεῖλες
3389 5456 3493 5510 τὸν
3511 5456 3773 5525 φραγμὸν
3794 5455 4011 5522 αὐτῆςέ

2478 5544 2709 5614 δηλονότι
2728 5545 2824 5614 τῆς
2852 5544 3109 5614 ἀμπέλου,
3134 5546 3200 5621 ἢν
3226 5545 3283 5613 ἐξ
3299 5548 3563 5615 Αἰγύπτου
3590 5550 3884 5617 μετήγαγε,
3913 5548 4009 5599 καί

2478 5637 2764 5705 τρυγῶσιν
2792 5640 2981 5706 αὐτὴν
3002 5638 3217 5707 πάντες
3249 5643 3301 5692 οί
3338 5644 3872 5709 παραπορευόμενοι
3898 5644 4010 5705 τὴν

2479 5727 2634 5782 ὀδόν.
2684 5728 3046 5799 Ἐλυμήνατο
3078 5731 3264 5799 αὐτὴν
3311 5730 3381 5795 ὗς
3415 5734 3479 5786 ἐκ
3508 5732 3745 5811 δρυμοῖς,
3780 5733 3872 5787 καί
3901 5750 4007 5801 με-
