  <div class='ocr_page' id='page_1' title='image "/cluster/home/n/w/nwhite01/storage/ocr_20150623/23/coo.31924054873041/492.png"; bbox 0 0 4406 6422; ppageno 0'>
   <div class='ocr_carea' id='block_1_1' title="bbox 367 512 473 569">
    <p class='ocr_par' dir='ltr' id='par_1_1' title="bbox 367 512 473 569">
     <span class='ocr_line' id='line_1_1' title="bbox 367 512 473 569; baseline -0.019 0"><span class='ocrx_word' id='word_1_1' title='bbox 367 512 473 569; x_wconf 75' lang='grc'><strong>953</strong></span> 
     </span>
    </p>
   </div>
   <div class='ocr_carea' id='block_1_2' title="bbox 1501 506 2469 568">
    <p class='ocr_par' dir='ltr' id='par_1_2' title="bbox 1501 506 2469 568">
     <span class='ocr_line' id='line_1_2' title="bbox 1501 506 2469 568; baseline -0.001 0"><span class='ocrx_word' id='word_1_2' title='bbox 1501 506 1998 568; x_wconf 73' lang='lat' dir='ltr'><strong>COMMENTARIA</strong></span> <span class='ocrx_word' id='word_1_3' title='bbox 2038 506 2103 562; x_wconf 87' lang='lat' dir='ltr'><strong>IN</strong></span> <span class='ocrx_word' id='word_1_4' title='bbox 2140 508 2469 567; x_wconf 74' lang='lat' dir='ltr'><strong>PSALMOS.</strong></span> 
     </span>
    </p>
   </div>
   <div class='ocr_carea' id='block_1_3' title="bbox 3441 510 3541 563">
    <p class='ocr_par' dir='ltr' id='par_1_3' title="bbox 3441 510 3541 563">
     <span class='ocr_line' id='line_1_3' title="bbox 3441 510 3541 563; baseline 0.02 -2"><span class='ocrx_word' id='word_1_5' title='bbox 3441 510 3541 563; x_wconf 70' lang='grc'><strong>954</strong></span> 
     </span>
    </p>
   </div>
   <div class='ocr_carea' id='block_1_4' title="bbox 365 621 2105 695">
    <p class='ocr_par' dir='ltr' id='par_1_4' title="bbox 365 622 2105 695">
     <span class='ocr_line' id='line_1_4' title="bbox 365 622 2105 695; baseline -0.004 -13"><span class='ocrx_word' id='word_1_6' title='bbox 365 628 494 692; x_wconf 84' lang='grc' dir='ltr'>νιὸς</span> <span class='ocrx_word' id='word_1_7' title='bbox 507 628 703 695; x_wconf 47' lang='lat' dir='ltr'><strong>(lquor</strong></span> <span class='ocrx_word' id='word_1_8' title='bbox 716 624 1146 695; x_wconf 75' lang='grc' dir='ltr'>κατενεμήσατο</span> <span class='ocrx_word' id='word_1_9' title='bbox 1163 624 1369 690; x_wconf 78' lang='grc' dir='ltr'>αὐτήν.</span> <span class='ocrx_word' id='word_1_10' title='bbox 1416 623 1912 694; x_wconf 73' lang='grc' dir='ltr'>Ἐμπεπυρισμένη</span> <span class='ocrx_word' id='word_1_11' title='bbox 1942 624 1990 681; x_wconf 76' lang='grc' dir='ltr'><strong>Α</strong></span> <span class='ocrx_word' id='word_1_12' title='bbox 2016 622 2105 675; x_wconf 49' lang='lat' dir='ltr'><strong>daal</strong></span> 
     </span>
    </p>
   </div>
   <div class='ocr_carea' id='block_1_5' title="bbox 1803 621 3543 695">
    <p class='ocr_par' dir='ltr' id='par_1_5' title="bbox 1803 621 3543 691">
     <span class='ocr_line' id='line_1_5' title="bbox 1803 621 3543 691; baseline 0.002 -19"><span class='ocrx_word' id='word_1_13' title='bbox 1803 623 1912 688; x_wconf 64' lang='grc' dir='ltr'>ξένη</span> <span class='ocrx_word' id='word_1_14' title='bbox 1942 624 1990 681; x_wconf 79' lang='grc' dir='ltr'><strong>Α</strong></span> <span class='ocrx_word' id='word_1_15' title='bbox 2016 622 2253 675; x_wconf 61' lang='lat' dir='ltr'><strong>deorum</strong></span> <span class='ocrx_word' id='word_1_16' title='bbox 2288 623 2502 677; x_wconf 79' lang='lat' dir='ltr'><strong>brevem</strong></span> <span class='ocrx_word' id='word_1_17' title='bbox 2547 628 2601 675; x_wconf 90' lang='lat' dir='ltr'><strong>et</strong></span> <span class='ocrx_word' id='word_1_18' title='bbox 2630 630 3046 691; x_wconf 85' lang='lat' dir='ltr'><strong>temporaneam,</strong></span> <span class='ocrx_word' id='word_1_19' title='bbox 3083 621 3304 675; x_wconf 81' lang='lat' dir='ltr'><strong>ﬂoribus</strong></span> <span class='ocrx_word' id='word_1_20' title='bbox 3333 632 3385 675; x_wconf 83' lang='lat' dir='ltr'><strong>et</strong></span> <span class='ocrx_word' id='word_1_21' title='bbox 3420 623 3543 676; x_wconf 81' lang='lat' dir='ltr'><strong>liliis</strong></span> 
     </span>
    </p>
   </div>
   <div class='ocr_carea' id='block_1_6' title="bbox 366 712 1900 786">
    <p class='ocr_par' dir='ltr' id='par_1_6' title="bbox 366 712 1900 786">
     <span class='ocr_line' id='line_1_6' title="bbox 366 712 1900 786; baseline -0.005 -15"><span class='ocrx_word' id='word_1_22' title='bbox 366 719 437 771; x_wconf 74' lang='grc' dir='ltr'>ἐν</span> <span class='ocrx_word' id='word_1_23' title='bbox 463 717 601 783; x_wconf 75' lang='grc' dir='ltr'>πυρὶ</span> <span class='ocrx_word' id='word_1_24' title='bbox 629 718 726 771; x_wconf 75' lang='grc' dir='ltr'>καὶ</span> <span class='ocrx_word' id='word_1_25' title='bbox 757 716 1226 786; x_wconf 73' lang='grc' dir='ltr'>κατεσκαμμένη.</span> <span class='ocrx_word' id='word_1_26' title='bbox 1256 712 1438 767; x_wconf 77' lang='grc' dir='ltr'>Ταῦτα</span> <span class='ocrx_word' id='word_1_27' title='bbox 1456 714 1582 783; x_wconf 72' lang='grc' dir='ltr'>περὶ</span> <span class='ocrx_word' id='word_1_28' title='bbox 1606 714 1703 783; x_wconf 84' lang='grc' dir='ltr'>τῆς</span> <span class='ocrx_word' id='word_1_29' title='bbox 1727 713 1900 781; x_wconf 80' lang='grc' dir='ltr'>ἀμπέ-</span> 
     </span>
    </p>
   </div>
   <div class='ocr_carea' id='block_1_7' title="bbox 368 803 1905 877">
    <p class='ocr_par' dir='ltr' id='par_1_7' title="bbox 368 803 1905 877">
     <span class='ocr_line' id='line_1_7' title="bbox 368 803 1905 877; baseline -0.007 -14"><span class='ocrx_word' id='word_1_30' title='bbox 368 807 461 862; x_wconf 79' lang='grc' dir='ltr'><strong>λου</strong></span> <span class='ocrx_word' id='word_1_31' title='bbox 485 807 721 869; x_wconf 71' lang='grc' dir='ltr'>διελθὼν,</span> <span class='ocrx_word' id='word_1_32' title='bbox 741 808 839 877; x_wconf 84' lang='grc' dir='ltr'>τὴν</span> <span class='ocrx_word' id='word_1_33' title='bbox 858 807 949 860; x_wconf 91' lang='grc' dir='ltr'><strong>τοῦ</strong></span> <span class='ocrx_word' id='word_1_34' title='bbox 981 805 1245 859; x_wconf 79' lang='grc' dir='ltr'><strong>Ἰουδαίων</strong></span> <span class='ocrx_word' id='word_1_35' title='bbox 1268 804 1450 866; x_wconf 75' lang='grc' dir='ltr'>ἔθνους</span> <span class='ocrx_word' id='word_1_36' title='bbox 1480 803 1757 868; x_wconf 77' lang='grc' dir='ltr'>ὲθέσπιζεν</span> <span class='ocrx_word' id='word_1_37' title='bbox 1786 804 1905 872; x_wconf 81' lang='grc' dir='ltr'>ὲρη-</span> 
     </span>
    </p>
   </div>
   <div class='ocr_carea' id='block_1_8' title="bbox 374 884 1904 967">
    <p class='ocr_par' dir='ltr' id='par_1_8' title="bbox 374 884 1904 967">
     <span class='ocr_line' id='line_1_8' title="bbox 374 884 1904 967; baseline -0.006 -17"><span class='ocrx_word' id='word_1_38' title='bbox 374 896 518 967; x_wconf 80' lang='grc' dir='ltr'>μίαν.</span> <span class='ocrx_word' id='word_1_39' title='bbox 557 884 807 959; x_wconf 75' lang='grc' dir='ltr'>Ἐίκότως</span> <span class='ocrx_word' id='word_1_40' title='bbox 846 892 936 950; x_wconf 81' lang='grc' dir='ltr'>οὖν</span> <span class='ocrx_word' id='word_1_41' title='bbox 969 896 1025 948; x_wconf 80' lang='grc' dir='ltr'>ἐν</span> <span class='ocrx_word' id='word_1_42' title='bbox 1056 897 1121 964; x_wconf 81' lang='grc' dir='ltr'>τῇ</span> <span class='ocrx_word' id='word_1_43' title='bbox 1167 895 1450 962; x_wconf 80' lang='grc' dir='ltr'>προγραφῇ</span> <span class='ocrx_word' id='word_1_44' title='bbox 1491 892 1582 944; x_wconf 73' lang='grc' dir='ltr'><strong>καὶ</strong></span> <span class='ocrx_word' id='word_1_45' title='bbox 1616 890 1904 961; x_wconf 85' lang='grc' dir='ltr'>μαρτύριον</span> 
     </span>
    </p>
   </div>
   <div class='ocr_carea' id='block_1_9' title="bbox 370 980 1901 1059">
    <p class='ocr_par' dir='ltr' id='par_1_9' title="bbox 370 980 1901 1059">
     <span class='ocr_line' id='line_1_9' title="bbox 370 980 1901 1059; baseline -0.007 -16"><span class='ocrx_word' id='word_1_46' title='bbox 370 988 623 1059; x_wconf 73' lang='grc' dir='ltr'>κέκληται</span> <span class='ocrx_word' id='word_1_47' title='bbox 642 988 710 1041; x_wconf 73' lang='grc' dir='ltr'><strong>τὰ</strong></span> <span class='ocrx_word' id='word_1_48' title='bbox 731 987 1015 1057; x_wconf 81' lang='grc' dir='ltr'>λεγόμενα·</span> <span class='ocrx_word' id='word_1_49' title='bbox 1045 984 1332 1055; x_wconf 84' lang='grc' dir='ltr'>μαρτύριον</span> <span class='ocrx_word' id='word_1_50' title='bbox 1352 982 1457 1053; x_wconf 84' lang='grc' dir='ltr'>γὰρ</span> <span class='ocrx_word' id='word_1_51' title='bbox 1482 982 1648 1035; x_wconf 84' lang='grc' dir='ltr'>ταῦτα</span> <span class='ocrx_word' id='word_1_52' title='bbox 1668 980 1901 1046; x_wconf 73' lang='grc' dir='ltr'>ἔσεσθαι,</span> 
     </span>
    </p>
   </div>
   <div class='ocr_carea' id='block_1_10' title="bbox 370 1069 1905 1146">
    <p class='ocr_par' dir='ltr' id='par_1_10' title="bbox 370 1069 1905 1146">
     <span class='ocr_line' id='line_1_10' title="bbox 370 1069 1905 1146; baseline -0.003 -19"><span class='ocrx_word' id='word_1_53' title='bbox 370 1076 461 1127; x_wconf 79' lang='grc' dir='ltr'>καὶ</span> <span class='ocrx_word' id='word_1_54' title='bbox 481 1074 887 1146; x_wconf 82' lang='grc' dir='ltr'>διεμαρτύρατο.</span> <span class='ocrx_word' id='word_1_55' title='bbox 914 1074 1068 1127; x_wconf 87' lang='grc' dir='ltr'>Ὅθεν</span> <span class='ocrx_word' id='word_1_56' title='bbox 1095 1072 1241 1141; x_wconf 80' lang='grc' dir='ltr'>παρὰ</span> <span class='ocrx_word' id='word_1_57' title='bbox 1260 1070 1333 1139; x_wconf 79' lang='grc' dir='ltr'>τῷ</span> <span class='ocrx_word' id='word_1_58' title='bbox 1352 1072 1419 1122; x_wconf 87' lang='grc' dir='ltr'>Συ</span> <span class='ocrx_word' id='word_1_59' title='bbox 1428 1070 1624 1140; x_wconf 81' lang='grc' dir='ltr'>μμάχῳ</span> <span class='ocrx_word' id='word_1_60' title='bbox 1647 1071 1739 1123; x_wconf 76' lang='grc' dir='ltr'>καὶ</span> <span class='ocrx_word' id='word_1_61' title='bbox 1759 1069 1905 1140; x_wconf 85' lang='grc' dir='ltr'>παρὰ</span> 
     </span>
    </p>
   </div>
   <div class='ocr_carea' id='block_1_11' title="bbox 372 1158 1906 1231">
    <p class='ocr_par' dir='ltr' id='par_1_11' title="bbox 372 1158 1906 1231">
     <span class='ocr_line' id='line_1_11' title="bbox 372 1158 1906 1231; baseline -0.001 -18"><span class='ocrx_word' id='word_1_62' title='bbox 372 1159 447 1229; x_wconf 78' lang='grc' dir='ltr'><strong>τῷ</strong></span> <span class='ocrx_word' id='word_1_63' title='bbox 475 1160 669 1231; x_wconf 78' lang='grc' dir='ltr'>’Δκύλᾳ</span> <span class='ocrx_word' id='word_1_64' title='bbox 683 1162 969 1231; x_wconf 80' lang='grc' dir='ltr'>μαρτυρία</span> <span class='ocrx_word' id='word_1_65' title='bbox 986 1159 1215 1229; x_wconf 80' lang='grc' dir='ltr'>εἴρηται.</span> <span class='ocrx_word' id='word_1_66' title='bbox 1255 1158 1395 1211; x_wconf 77' lang='grc' dir='ltr'>’Δντὶ</span> <span class='ocrx_word' id='word_1_67' title='bbox 1411 1160 1465 1211; x_wconf 87' lang='grc' dir='ltr'>δὲ</span> <span class='ocrx_word' id='word_1_68' title='bbox 1484 1158 1597 1221; x_wconf 88' lang='grc' dir='ltr'>τοῦ,</span> <span class='ocrx_word' id='word_1_69' title='bbox 1623 1160 1771 1226; x_wconf 82' lang='grc' dir='ltr'>ὑπὲρ</span> <span class='ocrx_word' id='word_1_70' title='bbox 1789 1158 1906 1211; x_wconf 83' lang='grc' dir='ltr'><strong>τῶν</strong></span> 
     </span>
    </p>
   </div>
   <div class='ocr_carea' id='block_1_12' title="bbox 373 1244 1906 1321">
    <p class='ocr_par' dir='ltr' id='par_1_12' title="bbox 373 1244 1906 1321">
     <span class='ocr_line' id='line_1_12' title="bbox 373 1244 1906 1321; baseline 0 -18"><span class='ocrx_word' id='word_1_71' title='bbox 373 1250 951 1320; x_wconf 61' lang='grc' dir='ltr'>ωοωθησοιιένων,</span> <span class='ocrx_word' id='word_1_72' title='bbox 978 1252 1005 1303; x_wconf 88' lang='grc' dir='ltr'><strong>ό</strong></span> <span class='ocrx_word' id='word_1_73' title='bbox 1036 1250 1133 1318; x_wconf 81' lang='grc' dir='ltr'>μὲν</span> <span class='ocrx_word' id='word_1_74' title='bbox 1163 1244 1469 1321; x_wconf 82' lang='grc' dir='ltr'><strong>Σύμμαχος,</strong></span> <span class='ocrx_word' id='word_1_75' title='bbox 1496 1248 1644 1317; x_wconf 84' lang='grc' dir='ltr'>ὑπὲρ</span> <span class='ocrx_word' id='word_1_76' title='bbox 1668 1248 1785 1303; x_wconf 83' lang='grc' dir='ltr'><strong>τῶν</strong></span> <span class='ocrx_word' id='word_1_77' title='bbox 1811 1248 1906 1303; x_wconf 74' lang='grc' dir='ltr'><strong>ἀν-</strong></span> 
     </span>
    </p>
   </div>
   <div class='ocr_carea' id='block_1_13' title="bbox 375 1340 1900 1412">
    <p class='ocr_par' dir='ltr' id='par_1_13' title="bbox 375 1340 1900 1412">
     <span class='ocr_line' id='line_1_13' title="bbox 375 1340 1900 1412; baseline -0.002 -16"><span class='ocrx_word' id='word_1_78' title='bbox 375 1341 511 1406; x_wconf 85' lang='grc' dir='ltr'>θῶν,</span> <span class='ocrx_word' id='word_1_79' title='bbox 539 1341 568 1393; x_wconf 82' lang='grc' dir='ltr'><strong>ὁ</strong></span> <span class='ocrx_word' id='word_1_80' title='bbox 588 1343 644 1397; x_wconf 79' lang='grc' dir='ltr'>δὲ</span> <span class='ocrx_word' id='word_1_81' title='bbox 680 1342 918 1405; x_wconf 71' lang='grc' dir='ltr'>Ἀκύλας,</span> <span class='ocrx_word' id='word_1_82' title='bbox 951 1340 1099 1409; x_wconf 78' lang='grc' dir='ltr'>ὑπὲρ</span> <span class='ocrx_word' id='word_1_83' title='bbox 1123 1340 1238 1394; x_wconf 83' lang='grc' dir='ltr'><strong>τῶν</strong></span> <span class='ocrx_word' id='word_1_84' title='bbox 1264 1342 1495 1409; x_wconf 82' lang='grc' dir='ltr'>κρίνων,</span> <span class='ocrx_word' id='word_1_85' title='bbox 1533 1343 1900 1412; x_wconf 82' lang='grc' dir='ltr'>ήρμήνευσαν·</span> 
     </span>
    </p>
   </div>
   <div class='ocr_carea' id='block_1_14' title="bbox 374 1430 1905 1501">
    <p class='ocr_par' dir='ltr' id='par_1_14' title="bbox 374 1430 1905 1501">
     <span class='ocr_line' id='line_1_14' title="bbox 374 1430 1905 1501; baseline -0.003 -14"><span class='ocrx_word' id='word_1_86' title='bbox 374 1433 553 1488; x_wconf 74' lang='grc' dir='ltr'>ἄνθεσι</span> <span class='ocrx_word' id='word_1_87' title='bbox 581 1434 672 1485; x_wconf 78' lang='grc' dir='ltr'>καὶ</span> <span class='ocrx_word' id='word_1_88' title='bbox 696 1431 894 1501; x_wconf 76' lang='grc' dir='ltr'><strong>κρίνοις</strong></span> <span class='ocrx_word' id='word_1_89' title='bbox 919 1430 1014 1500; x_wconf 77' lang='grc' dir='ltr'>τὴν</span> <span class='ocrx_word' id='word_1_90' title='bbox 1040 1432 1363 1501; x_wconf 83' lang='grc' dir='ltr'>πρόσκαιρον</span> <span class='ocrx_word' id='word_1_91' title='bbox 1394 1430 1593 1500; x_wconf 86' lang='grc' dir='ltr'>βραχὺν</span> <span class='ocrx_word' id='word_1_92' title='bbox 1613 1431 1905 1501; x_wconf 81' lang='grc' dir='ltr'>γενομένην</span> 
     </span>
    </p>
   </div>
   <div class='ocr_carea' id='block_1_15' title="bbox 375 1518 1906 1590">
    <p class='ocr_par' dir='ltr' id='par_1_15' title="bbox 375 1518 1906 1590">
     <span class='ocr_line' id='line_1_15' title="bbox 375 1518 1906 1590; baseline -0.005 -13"><span class='ocrx_word' id='word_1_93' title='bbox 375 1525 503 1577; x_wconf 69' lang='grc' dir='ltr'>ποτὲ</span> <span class='ocrx_word' id='word_1_94' title='bbox 537 1522 630 1576; x_wconf 88' lang='grc' dir='ltr'><strong>τοῦ</strong></span> <span class='ocrx_word' id='word_1_95' title='bbox 661 1520 921 1575; x_wconf 77' lang='grc' dir='ltr'>Ἰουδαίων</span> <span class='ocrx_word' id='word_1_96' title='bbox 942 1521 1123 1583; x_wconf 71' lang='grc' dir='ltr'>ἔθνους</span> <span class='ocrx_word' id='word_1_97' title='bbox 1155 1520 1452 1590; x_wconf 81' lang='grc' dir='ltr'>εὐπραγίαν</span> <span class='ocrx_word' id='word_1_98' title='bbox 1476 1518 1906 1589; x_wconf 84' lang='grc' dir='ltr'>παραϐάλλοντος</span> 
     </span>
    </p>
   </div>
   <div class='ocr_carea' id='block_1_16' title="bbox 372 1609 1905 1683">
    <p class='ocr_par' dir='ltr' id='par_1_16' title="bbox 372 1609 1905 1683">
     <span class='ocr_line' id='line_1_16' title="bbox 372 1609 1905 1683; baseline -0.006 -13"><span class='ocrx_word' id='word_1_99' title='bbox 372 1614 464 1670; x_wconf 83' lang='grc' dir='ltr'><strong>τοῦ</strong></span> <span class='ocrx_word' id='word_1_100' title='bbox 500 1614 675 1682; x_wconf 82' lang='grc' dir='ltr'>λόγου.</span> <span class='ocrx_word' id='word_1_101' title='bbox 721 1614 1051 1683; x_wconf 83' lang='grc' dir='ltr'>Ἀναπέμπει</span> <span class='ocrx_word' id='word_1_102' title='bbox 1079 1613 1212 1683; x_wconf 77' lang='grc' dir='ltr'>δῆτα</span> <span class='ocrx_word' id='word_1_103' title='bbox 1250 1614 1278 1664; x_wconf 86' lang='grc' dir='ltr'>ὁ</span> <span class='ocrx_word' id='word_1_104' title='bbox 1317 1612 1603 1682; x_wconf 83' lang='grc' dir='ltr'><strong>Προφήτης</strong></span> <span class='ocrx_word' id='word_1_105' title='bbox 1632 1609 1905 1679; x_wconf 75' lang='grc' dir='ltr'>ἱκετηρίαν</span> 
     </span>
    </p>
   </div>
   <div class='ocr_carea' id='block_1_17' title="bbox 373 1700 1907 1776">
    <p class='ocr_par' dir='ltr' id='par_1_17' title="bbox 373 1700 1907 1776">
     <span class='ocr_line' id='line_1_17' title="bbox 373 1700 1907 1776; baseline -0.003 -20"><span class='ocrx_word' id='word_1_106' title='bbox 373 1704 507 1776; x_wconf 79' lang='grc' dir='ltr'>πρὸς</span> <span class='ocrx_word' id='word_1_107' title='bbox 533 1704 624 1756; x_wconf 82' lang='grc' dir='ltr'>τὸν</span> <span class='ocrx_word' id='word_1_108' title='bbox 656 1703 817 1758; x_wconf 82' lang='grc' dir='ltr'>πάλαι</span> <span class='ocrx_word' id='word_1_109' title='bbox 847 1702 1120 1773; x_wconf 80' lang='grc' dir='ltr'>ἐφορῶντα</span> <span class='ocrx_word' id='word_1_110' title='bbox 1147 1704 1240 1755; x_wconf 75' lang='grc' dir='ltr'>καὶ</span> <span class='ocrx_word' id='word_1_111' title='bbox 1270 1701 1659 1754; x_wconf 78' lang='grc' dir='ltr'>ἐπισκοποῦντα</span> <span class='ocrx_word' id='word_1_112' title='bbox 1684 1700 1772 1753; x_wconf 81' lang='grc' dir='ltr'>τὸν</span> <span class='ocrx_word' id='word_1_113' title='bbox 1811 1701 1907 1751; x_wconf 89' lang='grc' dir='ltr'>Ἰσ-</span> 
     </span>
    </p>
   </div>
   <div class='ocr_carea' id='block_1_18' title="bbox 376 1791 1905 1864">
    <p class='ocr_par' dir='ltr' id='par_1_18' title="bbox 376 1791 1905 1864">
     <span class='ocr_line' id='line_1_18' title="bbox 376 1791 1905 1864; baseline -0.001 -19"><span class='ocrx_word' id='word_1_114' title='bbox 376 1793 512 1864; x_wconf 82' lang='grc' dir='ltr'>ραὴλ</span> <span class='ocrx_word' id='word_1_115' title='bbox 528 1793 623 1846; x_wconf 88' lang='grc' dir='ltr'><strong>τοῦ</strong></span> <span class='ocrx_word' id='word_1_116' title='bbox 634 1793 768 1847; x_wconf 84' lang='grc' dir='ltr'><strong>Θεοῦ</strong></span> <span class='ocrx_word' id='word_1_117' title='bbox 793 1794 962 1862; x_wconf 76' lang='grc' dir='ltr'>Λόγον</span> <span class='ocrx_word' id='word_1_118' title='bbox 981 1832 995 1854; x_wconf 92' lang='grc'><strong>,</strong></span> <span class='ocrx_word' id='word_1_119' title='bbox 1022 1794 1114 1846; x_wconf 77' lang='grc' dir='ltr'>καὶ</span> <span class='ocrx_word' id='word_1_120' title='bbox 1142 1792 1326 1846; x_wconf 87' lang='grc' dir='ltr'>τοῦτον</span> <span class='ocrx_word' id='word_1_121' title='bbox 1353 1791 1779 1862; x_wconf 84' lang='grc' dir='ltr'>ἀνακαλούμενός</span> <span class='ocrx_word' id='word_1_122' title='bbox 1806 1808 1905 1861; x_wconf 69' lang='grc' dir='ltr'>φητ</span> 
     </span>
    </p>
   </div>
   <div class='ocr_carea' id='block_1_19' title="bbox 373 1881 1905 1953">
    <p class='ocr_par' dir='ltr' id='par_1_19' title="bbox 373 1881 1905 1953">
     <span class='ocr_line' id='line_1_19' title="bbox 373 1881 1905 1953; baseline -0.004 -15"><span class='ocrx_word' id='word_1_123' title='bbox 373 1902 456 1938; x_wconf 82' lang='grc' dir='ltr'><strong>σιν</strong></span> <span class='ocrx_word' id='word_1_124' title='bbox 474 1903 487 1916; x_wconf 74' lang='grc' dir='ltr'><strong>ο</strong></span> <span class='ocrx_word' id='word_1_125' title='bbox 526 1886 577 1937; x_wconf 91' lang='grc' dir='ltr'><strong><em>Ὁ</em></strong></span> <span class='ocrx_word' id='word_1_126' title='bbox 606 1886 924 1953; x_wconf 77' lang='grc' dir='ltr'>ποιμαίνων</span> <span class='ocrx_word' id='word_1_127' title='bbox 945 1884 1049 1937; x_wconf 78' lang='grc' dir='ltr'>τὸν</span> <span class='ocrx_word' id='word_1_128' title='bbox 1076 1884 1338 1951; x_wconf 75' lang='grc' dir='ltr'>Ἰσραὴλ,</span> <span class='ocrx_word' id='word_1_129' title='bbox 1362 1883 1648 1951; x_wconf 80' lang='grc' dir='ltr'>πρόσχες·</span> <span class='ocrx_word' id='word_1_130' title='bbox 1684 1882 1823 1933; x_wconf 80' lang='grc' dir='ltr'>οὓτω</span> <span class='ocrx_word' id='word_1_131' title='bbox 1850 1881 1905 1932; x_wconf 84' lang='grc' dir='ltr'>δὲ</span> 
     </span>
    </p>
   </div>
   <div class='ocr_carea' id='block_1_20' title="bbox 369 1972 1902 2046">
    <p class='ocr_par' dir='ltr' id='par_1_20' title="bbox 369 1972 1902 2046">
     <span class='ocr_line' id='line_1_20' title="bbox 369 1972 1902 2046; baseline -0.003 -17"><span class='ocrx_word' id='word_1_132' title='bbox 369 1977 603 2031; x_wconf 79' lang='grc' dir='ltr'>δυσωπεῖ</span> <span class='ocrx_word' id='word_1_133' title='bbox 632 1977 1050 2046; x_wconf 66' lang='grc' dir='ltr'>ὑπομιμνῄσκω</span> <span class='ocrx_word' id='word_1_134' title='bbox 1078 1975 1174 2043; x_wconf 87' lang='grc' dir='ltr'>τῆς</span> <span class='ocrx_word' id='word_1_135' title='bbox 1206 1975 1369 2027; x_wconf 81' lang='grc' dir='ltr'>πάλαι</span> <span class='ocrx_word' id='word_1_136' title='bbox 1400 1974 1557 2026; x_wconf 85' lang='grc' dir='ltr'>αὑτοῦ</span> <span class='ocrx_word' id='word_1_137' title='bbox 1586 1972 1902 2040; x_wconf 76' lang='grc' dir='ltr'>ἐπισκοπῆς.</span> 
     </span>
    </p>
   </div>
   <div class='ocr_carea' id='block_1_21' title="bbox 370 2060 1906 2136">
    <p class='ocr_par' dir='ltr' id='par_1_21' title="bbox 370 2060 1906 2136">
     <span class='ocr_line' id='line_1_21' title="bbox 370 2060 1906 2136; baseline -0.003 -19"><span class='ocrx_word' id='word_1_138' title='bbox 370 2066 494 2129; x_wconf 84' lang='grc' dir='ltr'>Τοῖς</span> <span class='ocrx_word' id='word_1_139' title='bbox 515 2067 623 2135; x_wconf 85' lang='grc' dir='ltr'><strong>γὰρ</strong></span> <span class='ocrx_word' id='word_1_140' title='bbox 656 2068 786 2132; x_wconf 79' lang='grc' dir='ltr'>σοῖς,</span> <span class='ocrx_word' id='word_1_141' title='bbox 809 2065 972 2136; x_wconf 82' lang='grc' dir='ltr'>φησὶ,</span> <span class='ocrx_word' id='word_1_142' title='bbox 1005 2063 1278 2135; x_wconf 79' lang='grc' dir='ltr'>θρέμμασι</span> <span class='ocrx_word' id='word_1_143' title='bbox 1308 2064 1398 2115; x_wconf 78' lang='grc' dir='ltr'>καὶ</span> <span class='ocrx_word' id='word_1_144' title='bbox 1424 2065 1531 2125; x_wconf 88' lang='grc' dir='ltr'>τοῖς</span> <span class='ocrx_word' id='word_1_145' title='bbox 1564 2065 1673 2124; x_wconf 84' lang='grc' dir='ltr'>σοῖς</span> <span class='ocrx_word' id='word_1_146' title='bbox 1706 2060 1906 2130; x_wconf 82' lang='grc' dir='ltr'>προϐά-</span> 
     </span>
    </p>
   </div>
   <div class='ocr_carea' id='block_1_22' title="bbox 369 2152 1905 2228">
    <p class='ocr_par' dir='ltr' id='par_1_22' title="bbox 369 2152 1905 2228">
     <span class='ocr_line' id='line_1_22' title="bbox 369 2152 1905 2228; baseline -0.003 -20"><span class='ocrx_word' id='word_1_147' title='bbox 369 2175 479 2220; x_wconf 86' lang='grc' dir='ltr'>τοις</span> <span class='ocrx_word' id='word_1_148' title='bbox 509 2158 758 2228; x_wconf 85' lang='grc' dir='ltr'>πρόσχες,</span> <span class='ocrx_word' id='word_1_149' title='bbox 786 2157 815 2208; x_wconf 86' lang='grc' dir='ltr'><strong>ό</strong></span> <span class='ocrx_word' id='word_1_150' title='bbox 836 2155 963 2207; x_wconf 71' lang='grc' dir='ltr'>ποσὶ</span> <span class='ocrx_word' id='word_1_151' title='bbox 983 2154 1247 2223; x_wconf 83' lang='grc' dir='ltr'>ποιμάνας</span> <span class='ocrx_word' id='word_1_152' title='bbox 1270 2154 1426 2207; x_wconf 85' lang='grc' dir='ltr'>αὑτά.</span> <span class='ocrx_word' id='word_1_153' title='bbox 1456 2155 1517 2207; x_wconf 82' lang='lat' dir='ltr'><strong>El</strong></span> <span class='ocrx_word' id='word_1_154' title='bbox 1539 2153 1645 2222; x_wconf 87' lang='grc' dir='ltr'><strong>γὰρ</strong></span> <span class='ocrx_word' id='word_1_155' title='bbox 1667 2152 1757 2205; x_wconf 89' lang='grc' dir='ltr'><strong>καί</strong></span> <span class='ocrx_word' id='word_1_156' title='bbox 1779 2168 1905 2204; x_wconf 86' lang='grc' dir='ltr'>ποτε</span> 
     </span>
    </p>
   </div>
   <div class='ocr_carea' id='block_1_23' title="bbox 370 2243 1905 2317">
    <p class='ocr_par' dir='ltr' id='par_1_23' title="bbox 370 2243 1905 2317">
     <span class='ocr_line' id='line_1_23' title="bbox 370 2243 1905 2317; baseline -0.003 -18"><span class='ocrx_word' id='word_1_157' title='bbox 370 2249 553 2300; x_wconf 69' lang='grc' dir='ltr'>ἄλλοτε</span> <span class='ocrx_word' id='word_1_158' title='bbox 582 2248 677 2317; x_wconf 78' lang='grc' dir='ltr'>τὴν</span> <span class='ocrx_word' id='word_1_159' title='bbox 710 2246 1060 2316; x_wconf 76' lang='grc' dir='ltr'>ποιμαντικὴν</span> <span class='ocrx_word' id='word_1_160' title='bbox 1089 2244 1380 2313; x_wconf 82' lang='grc' dir='ltr'>ὑπέμεινας</span> <span class='ocrx_word' id='word_1_161' title='bbox 1420 2243 1715 2315; x_wconf 86' lang='grc' dir='ltr'>ἀνθρώπων</span> <span class='ocrx_word' id='word_1_162' title='bbox 1746 2259 1905 2313; x_wconf 85' lang='grc' dir='ltr'>φρον-</span> 
     </span>
    </p>
   </div>
   <div class='ocr_carea' id='block_1_24' title="bbox 368 2329 1905 2407">
    <p class='ocr_par' dir='ltr' id='par_1_24' title="bbox 368 2329 1905 2407">
     <span class='ocr_line' id='line_1_24' title="bbox 368 2329 1905 2407; baseline -0.004 -16"><span class='ocrx_word' id='word_1_163' title='bbox 368 2329 523 2401; x_wconf 76' lang='grc' dir='ltr'>τίδα,</span> <span class='ocrx_word' id='word_1_164' title='bbox 553 2336 832 2407; x_wconf 84' lang='grc' dir='ltr'>ὡδήγησάς</span> <span class='ocrx_word' id='word_1_165' title='bbox 867 2354 927 2389; x_wconf 87' lang='grc' dir='ltr'><strong>τε</strong></span> <span class='ocrx_word' id='word_1_166' title='bbox 965 2336 1055 2390; x_wconf 83' lang='grc' dir='ltr'>τὸν</span> <span class='ocrx_word' id='word_1_167' title='bbox 1096 2338 1152 2391; x_wconf 82' lang='grc' dir='ltr'>ὲν</span> <span class='ocrx_word' id='word_1_168' title='bbox 1177 2334 1477 2407; x_wconf 83' lang='grc' dir='ltr'>ἀνθρώποις</span> <span class='ocrx_word' id='word_1_169' title='bbox 1507 2334 1788 2404; x_wconf 84' lang='grc' dir='ltr'>γενόμενόν</span> <span class='ocrx_word' id='word_1_170' title='bbox 1814 2350 1905 2386; x_wconf 89' lang='grc' dir='ltr'><strong>σου</strong></span> 
     </span>
    </p>
   </div>
   <div class='ocr_carea' id='block_1_25' title="bbox 366 2424 1909 2499">
    <p class='ocr_par' dir='ltr' id='par_1_25' title="bbox 366 2424 1909 2499">
     <span class='ocr_line' id='line_1_25' title="bbox 366 2424 1909 2499; baseline 0.007 -20"><span class='ocrx_word' id='word_1_171' title='bbox 366 2428 523 2491; x_wconf 80' lang='grc' dir='ltr'>λαὸν,</span> <span class='ocrx_word' id='word_1_172' title='bbox 554 2428 753 2482; x_wconf 87' lang='grc' dir='ltr'>τούτων</span> <span class='ocrx_word' id='word_1_173' title='bbox 795 2428 968 2481; x_wconf 81' lang='grc' dir='ltr'>αὐτῶν</span> <span class='ocrx_word' id='word_1_174' title='bbox 1002 2427 1295 2498; x_wconf 84' lang='grc' dir='ltr'>μνήσθητι·</span> <span class='ocrx_word' id='word_1_175' title='bbox 1332 2424 1424 2480; x_wconf 81' lang='grc' dir='ltr'>καὶ</span> <span class='ocrx_word' id='word_1_176' title='bbox 1460 2426 1532 2496; x_wconf 81' lang='grc' dir='ltr'>μὴ</span> <span class='ocrx_word' id='word_1_177' title='bbox 1562 2426 1789 2497; x_wconf 75' lang='grc' dir='ltr'>παρίδῃς</span> <span class='ocrx_word' id='word_1_178' title='bbox 1816 2426 1909 2499; x_wconf 77' lang='grc' dir='ltr'><strong>οὓς</strong></span> 
     </span>
    </p>
   </div>
   <div class='ocr_carea' id='block_1_26' title="bbox 366 2512 1908 2590">
    <p class='ocr_par' dir='ltr' id='par_1_26' title="bbox 366 2512 1908 2590">
     <span class='ocr_line' id='line_1_26' title="bbox 366 2512 1908 2590; baseline -0.002 -20"><span class='ocrx_word' id='word_1_179' title='bbox 366 2518 631 2589; x_wconf 80' lang='grc' dir='ltr'>τοσαύτης</span> <span class='ocrx_word' id='word_1_180' title='bbox 658 2519 888 2589; x_wconf 75' lang='grc' dir='ltr'>ἠξίωσας</span> <span class='ocrx_word' id='word_1_181' title='bbox 916 2519 1184 2590; x_wconf 85' lang='grc' dir='ltr'>προνοίας.</span> <span class='ocrx_word' id='word_1_182' title='bbox 1211 2518 1449 2589; x_wconf 82' lang='grc' dir='ltr'>Πρόσχες</span> <span class='ocrx_word' id='word_1_183' title='bbox 1476 2512 1567 2571; x_wconf 80' lang='grc' dir='ltr'>οὖν</span> <span class='ocrx_word' id='word_1_184' title='bbox 1586 2557 1600 2581; x_wconf 93' lang='grc'><strong>,</strong></span> <span class='ocrx_word' id='word_1_185' title='bbox 1630 2517 1788 2586; x_wconf 74' lang='grc' dir='ltr'>φησὶ,</span> <span class='ocrx_word' id='word_1_186' title='bbox 1819 2517 1908 2568; x_wconf 78' lang='grc' dir='ltr'>καὶ</span> 
     </span>
    </p>
   </div>
   <div class='ocr_carea' id='block_1_27' title="bbox 368 2605 1908 2681">
    <p class='ocr_par' dir='ltr' id='par_1_27' title="bbox 368 2605 1908 2681">
     <span class='ocr_line' id='line_1_27' title="bbox 368 2605 1908 2681; baseline -0.003 -16"><span class='ocrx_word' id='word_1_187' title='bbox 368 2612 694 2681; x_wconf 82' lang='grc' dir='ltr'>κατανόησον</span> <span class='ocrx_word' id='word_1_188' title='bbox 722 2611 877 2665; x_wconf 75' lang='grc' dir='ltr'>ὁποῖα</span> <span class='ocrx_word' id='word_1_189' title='bbox 910 2610 1169 2664; x_wconf 82' lang='grc' dir='ltr'>πέπονθεν</span> <span class='ocrx_word' id='word_1_190' title='bbox 1192 2612 1224 2679; x_wconf 84' lang='grc' dir='ltr'><strong>ή</strong></span> <span class='ocrx_word' id='word_1_191' title='bbox 1250 2609 1314 2680; x_wconf 77' lang='grc' dir='ltr'>σὴ</span> <span class='ocrx_word' id='word_1_192' title='bbox 1335 2608 1552 2678; x_wconf 86' lang='grc' dir='ltr'>ποίμνη,</span> <span class='ocrx_word' id='word_1_193' title='bbox 1582 2608 1674 2659; x_wconf 79' lang='grc' dir='ltr'><strong>καὶ</strong></span> <span class='ocrx_word' id='word_1_194' title='bbox 1694 2605 1768 2668; x_wconf 84' lang='grc' dir='ltr'><strong>ὡς</strong></span> <span class='ocrx_word' id='word_1_195' title='bbox 1792 2606 1908 2660; x_wconf 74' lang='grc' dir='ltr'>έλυ-</span> 
     </span>
    </p>
   </div>
   <div class='ocr_carea' id='block_1_28' title="bbox 373 2696 1904 2771">
    <p class='ocr_par' dir='ltr' id='par_1_28' title="bbox 373 2696 1904 2771">
     <span class='ocr_line' id='line_1_28' title="bbox 373 2696 1904 2771; baseline -0.003 -17"><span class='ocrx_word' id='word_1_196' title='bbox 373 2703 573 2771; x_wconf 84' lang='grc' dir='ltr'>μήνατο</span> <span class='ocrx_word' id='word_1_197' title='bbox 591 2702 799 2764; x_wconf 83' lang='grc' dir='ltr'>,αὐτοὺς</span> <span class='ocrx_word' id='word_1_198' title='bbox 825 2696 886 2765; x_wconf 78' lang='grc' dir='ltr'><strong>ῦς</strong></span> <span class='ocrx_word' id='word_1_199' title='bbox 921 2704 984 2753; x_wconf 82' lang='grc' dir='ltr'>ὲκ</span> <span class='ocrx_word' id='word_1_200' title='bbox 1014 2701 1235 2771; x_wconf 84' lang='grc' dir='ltr'>δρυμοῦ,</span> <span class='ocrx_word' id='word_1_201' title='bbox 1262 2701 1356 2754; x_wconf 79' lang='grc' dir='ltr'>καὶ</span> <span class='ocrx_word' id='word_1_202' title='bbox 1386 2700 1561 2769; x_wconf 82' lang='grc' dir='ltr'>μονιδς</span> <span class='ocrx_word' id='word_1_203' title='bbox 1588 2698 1773 2767; x_wconf 74' lang='grc' dir='ltr'>ἄγριος</span> <span class='ocrx_word' id='word_1_204' title='bbox 1805 2712 1904 2749; x_wconf 85' lang='grc' dir='ltr'>κα-</span> 
     </span>
    </p>
   </div>
   <div class='ocr_carea' id='block_1_29' title="bbox 368 2787 1903 2860">
    <p class='ocr_par' dir='ltr' id='par_1_29' title="bbox 368 2787 1903 2860">
     <span class='ocr_line' id='line_1_29' title="bbox 368 2787 1903 2860; baseline -0.003 -17"><span class='ocrx_word' id='word_1_205' title='bbox 368 2792 697 2860; x_wconf 83' lang='grc' dir='ltr'>τενεμήσατο</span> <span class='ocrx_word' id='word_1_206' title='bbox 740 2790 933 2859; x_wconf 79' lang='grc' dir='ltr'>αὐτὴν,</span> <span class='ocrx_word' id='word_1_207' title='bbox 967 2790 1057 2842; x_wconf 73' lang='grc' dir='ltr'>καὶ</span> <span class='ocrx_word' id='word_1_208' title='bbox 1092 2789 1167 2851; x_wconf 82' lang='grc' dir='ltr'><strong>ὡς</strong></span> <span class='ocrx_word' id='word_1_209' title='bbox 1205 2789 1421 2856; x_wconf 85' lang='grc' dir='ltr'>γέγονεν</span> <span class='ocrx_word' id='word_1_210' title='bbox 1460 2787 1903 2858; x_wconf 82' lang='grc' dir='ltr'>ὲμπεπυρισμένη</span> 
     </span>
    </p>
   </div>
   <div class='ocr_carea' id='block_1_30' title="bbox 370 2876 1908 2951">
    <p class='ocr_par' dir='ltr' id='par_1_30' title="bbox 370 2876 1908 2951">
     <span class='ocr_line' id='line_1_30' title="bbox 370 2876 1908 2951; baseline -0.001 -18"><span class='ocrx_word' id='word_1_211' title='bbox 370 2879 503 2951; x_wconf 77' lang='grc' dir='ltr'>πυρὶ</span> <span class='ocrx_word' id='word_1_212' title='bbox 531 2881 625 2933; x_wconf 74' lang='grc' dir='ltr'>καὶ</span> <span class='ocrx_word' id='word_1_213' title='bbox 652 2879 1030 2951; x_wconf 82' lang='grc' dir='ltr'>ἁνεσκαμμένη</span> <span class='ocrx_word' id='word_1_214' title='bbox 1062 2878 1168 2931; x_wconf 80' lang='grc' dir='ltr'><strong>ἀπὸ</strong></span> <span class='ocrx_word' id='word_1_215' title='bbox 1201 2878 1560 2948; x_wconf 74' lang='grc' dir='ltr'>ἐπιτιμήσεως</span> <span class='ocrx_word' id='word_1_216' title='bbox 1586 2876 1677 2930; x_wconf 90' lang='grc' dir='ltr'><strong>τοῦ</strong></span> <span class='ocrx_word' id='word_1_217' title='bbox 1705 2878 1908 2949; x_wconf 85' lang='grc' dir='ltr'>προσώ-</span> 
     </span>
    </p>
   </div>
   <div class='ocr_carea' id='block_1_31' title="bbox 369 2964 1907 3037">
    <p class='ocr_par' dir='ltr' id='par_1_31' title="bbox 369 2964 1907 3037">
     <span class='ocr_line' id='line_1_31' title="bbox 369 2964 1907 3037; baseline -0.005 -13"><span class='ocrx_word' id='word_1_218' title='bbox 369 2985 473 3024; x_wconf 73' lang='grc' dir='ltr'><strong>⁸ιοου</strong></span> <span class='ocrx_word' id='word_1_219' title='bbox 508 2986 620 3024; x_wconf 92' lang='grc' dir='ltr'>σου.</span> <span class='ocrx_word' id='word_1_220' title='bbox 652 2968 894 3022; x_wconf 81' lang='grc' dir='ltr'>Διδάσκει</span> <span class='ocrx_word' id='word_1_221' title='bbox 918 2968 972 3020; x_wconf 80' lang='grc' dir='ltr'>δὲ</span> <span class='ocrx_word' id='word_1_222' title='bbox 994 2967 1161 3019; x_wconf 86' lang='grc' dir='ltr'>ταῦτα</span> <span class='ocrx_word' id='word_1_223' title='bbox 1188 2968 1245 3019; x_wconf 72' lang='grc' dir='ltr'>ἐν</span> <span class='ocrx_word' id='word_1_224' title='bbox 1266 2964 1539 3035; x_wconf 88' lang='grc' dir='ltr'>Πνεύματι</span> <span class='ocrx_word' id='word_1_225' title='bbox 1565 2967 1702 3037; x_wconf 86' lang='grc' dir='ltr'>ἁγίῳ</span> <span class='ocrx_word' id='word_1_226' title='bbox 1730 2967 1757 3017; x_wconf 84' lang='grc' dir='ltr'><strong>ὁ</strong></span> <span class='ocrx_word' id='word_1_227' title='bbox 1777 2968 1907 3035; x_wconf 89' lang='grc' dir='ltr'>Προ-</span> 
     </span>
    </p>
   </div>
   <div class='ocr_carea' id='block_1_32' title="bbox 372 3056 1905 3129">
    <p class='ocr_par' dir='ltr' id='par_1_32' title="bbox 372 3056 1905 3129">
     <span class='ocr_line' id='line_1_32' title="bbox 372 3056 1905 3129; baseline -0.001 -18"><span class='ocrx_word' id='word_1_228' title='bbox 372 3060 545 3129; x_wconf 81' lang='grc' dir='ltr'>φήτης</span> <span class='ocrx_word' id='word_1_229' title='bbox 572 3058 631 3111; x_wconf 84' lang='grc' dir='ltr'>τὸ</span> <span class='ocrx_word' id='word_1_230' title='bbox 673 3058 932 3112; x_wconf 81' lang='grc' dir='ltr'>Ἰουδαίων</span> <span class='ocrx_word' id='word_1_231' title='bbox 962 3057 1109 3120; x_wconf 72' lang='grc' dir='ltr'>ἔθνος</span> <span class='ocrx_word' id='word_1_232' title='bbox 1130 3099 1146 3124; x_wconf 90' lang='grc'><strong>,</strong></span> <span class='ocrx_word' id='word_1_233' title='bbox 1182 3056 1403 3126; x_wconf 78' lang='grc' dir='ltr'>μελετᾷν</span> <span class='ocrx_word' id='word_1_234' title='bbox 1430 3058 1522 3109; x_wconf 83' lang='grc' dir='ltr'>καὶ</span> <span class='ocrx_word' id='word_1_235' title='bbox 1552 3058 1905 3124; x_wconf 80' lang='grc' dir='ltr'>ἀπαγγέλλειν</span> 
     </span>
    </p>
   </div>
   <div class='ocr_carea' id='block_1_33' title="bbox 370 3146 1905 3219">
    <p class='ocr_par' dir='ltr' id='par_1_33' title="bbox 370 3146 1905 3219">
     <span class='ocr_line' id='line_1_33' title="bbox 370 3146 1905 3219; baseline -0.001 -19"><span class='ocrx_word' id='word_1_236' title='bbox 370 3146 650 3219; x_wconf 85' lang='grc' dir='ltr'>προλαϐὼν</span> <span class='ocrx_word' id='word_1_237' title='bbox 668 3149 789 3212; x_wconf 85' lang='grc' dir='ltr'>τοὺς</span> <span class='ocrx_word' id='word_1_238' title='bbox 810 3148 1027 3219; x_wconf 87' lang='grc' dir='ltr'>χρόνους</span> <span class='ocrx_word' id='word_1_239' title='bbox 1050 3148 1140 3200; x_wconf 77' lang='grc' dir='ltr'>καὶ</span> <span class='ocrx_word' id='word_1_240' title='bbox 1166 3146 1234 3199; x_wconf 84' lang='grc' dir='ltr'><strong>τὰ</strong></span> <span class='ocrx_word' id='word_1_241' title='bbox 1261 3149 1553 3217; x_wconf 82' lang='grc' dir='ltr'>πράγματα</span> <span class='ocrx_word' id='word_1_242' title='bbox 1571 3163 1586 3177; x_wconf 91' lang='grc'><strong>·</strong></span> <span class='ocrx_word' id='word_1_243' title='bbox 1611 3146 1675 3198; x_wconf 79' lang='grc' dir='ltr'><strong>ἵν’</strong></span> <span class='ocrx_word' id='word_1_244' title='bbox 1691 3147 1905 3199; x_wconf 82' lang='grc' dir='ltr'>ἐπειδὰν</span> 
     </span>
    </p>
   </div>
   <div class='ocr_carea' id='block_1_34' title="bbox 370 3226 1974 3331">
    <p class='ocr_par' dir='ltr' id='par_1_34' title="bbox 370 3226 1974 3331">
     <span class='ocr_line' id='line_1_34' title="bbox 370 3226 1974 3331; baseline -0.002 -43"><span class='ocrx_word' id='word_1_245' title='bbox 370 3237 560 3331; x_wconf 63' lang='grc' dir='ltr'>έπιστῇ</span> <span class='ocrx_word' id='word_1_246' title='bbox 602 3238 694 3291; x_wconf 78' lang='grc' dir='ltr'>καὶ</span> <span class='ocrx_word' id='word_1_247' title='bbox 724 3236 788 3290; x_wconf 90' lang='grc' dir='ltr'><strong>δι’</strong></span> <span class='ocrx_word' id='word_1_248' title='bbox 818 3236 991 3306; x_wconf 70' lang='grc' dir='ltr'>ἔργων</span> <span class='ocrx_word' id='word_1_249' title='bbox 1031 3236 1249 3325; x_wconf 82' lang='grc' dir='ltr'>χωρήσῃ</span> <span class='ocrx_word' id='word_1_250' title='bbox 1289 3234 1356 3287; x_wconf 81' lang='grc' dir='ltr'>τὰ</span> <span class='ocrx_word' id='word_1_251' title='bbox 1400 3226 1899 3305; x_wconf 81' lang='grc' dir='ltr'>προπεφητευμένα,</span> <span class='ocrx_word' id='word_1_252' title='bbox 1931 3273 1974 3331; x_wconf 73' lang='lat' dir='ltr'>c</span> 
     </span>
    </p>
   </div>
   <div class='ocr_carea' id='block_1_35' title="bbox 369 3322 1905 3394">
    <p class='ocr_par' dir='ltr' id='par_1_35' title="bbox 369 3322 1905 3394">
     <span class='ocr_line' id='line_1_35' title="bbox 369 3322 1905 3394; baseline -0.001 -17"><span class='ocrx_word' id='word_1_253' title='bbox 369 3324 570 3393; x_wconf 82' lang='grc' dir='ltr'>δέχοιεν</span> <span class='ocrx_word' id='word_1_254' title='bbox 600 3326 656 3391; x_wconf 67' lang='grc' dir='ltr'><strong>ἐξ</strong></span> <span class='ocrx_word' id='word_1_255' title='bbox 693 3326 904 3394; x_wconf 78' lang='grc' dir='ltr'>ἑτοίμου</span> <span class='ocrx_word' id='word_1_256' title='bbox 944 3322 1049 3393; x_wconf 83' lang='grc' dir='ltr'>τῆς</span> <span class='ocrx_word' id='word_1_257' title='bbox 1074 3324 1219 3393; x_wconf 82' lang='grc' dir='ltr'>πρὸς·</span> <span class='ocrx_word' id='word_1_258' title='bbox 1231 3324 1322 3377; x_wconf 86' lang='grc' dir='ltr'>τὸν</span> <span class='ocrx_word' id='word_1_259' title='bbox 1346 3323 1475 3376; x_wconf 87' lang='grc' dir='ltr'>Θεὸν</span> <span class='ocrx_word' id='word_1_260' title='bbox 1506 3324 1779 3393; x_wconf 77' lang='grc' dir='ltr'>ἱκετηρίας</span> <span class='ocrx_word' id='word_1_261' title='bbox 1808 3323 1905 3392; x_wconf 80' lang='grc' dir='ltr'>τὴν</span> 
     </span>
    </p>
   </div>
   <div class='ocr_carea' id='block_1_36' title="bbox 370 3414 1907 3484">
    <p class='ocr_par' dir='ltr' id='par_1_36' title="bbox 370 3414 1907 3484">
     <span class='ocr_line' id='line_1_36' title="bbox 370 3414 1907 3484; baseline -0.001 -16"><span class='ocrx_word' id='word_1_262' title='bbox 370 3417 585 3484; x_wconf 81' lang='grc' dir='ltr'>γνῶσιν.</span> <span class='ocrx_word' id='word_1_263' title='bbox 619 3416 713 3474; x_wconf 79' lang='grc' dir='ltr'>Τίς</span> <span class='ocrx_word' id='word_1_264' title='bbox 739 3416 795 3469; x_wconf 81' lang='grc' dir='ltr'><strong>δέ</strong></span> <span class='ocrx_word' id='word_1_265' title='bbox 823 3418 964 3468; x_wconf 69' lang='grc' dir='ltr'>ἐστιν</span> <span class='ocrx_word' id='word_1_266' title='bbox 996 3416 1024 3467; x_wconf 84' lang='grc' dir='ltr'>ὁ</span> <span class='ocrx_word' id='word_1_267' title='bbox 1048 3415 1341 3483; x_wconf 88' lang='grc' dir='ltr'>ποιμαίνων</span> <span class='ocrx_word' id='word_1_268' title='bbox 1368 3414 1457 3468; x_wconf 82' lang='grc' dir='ltr'><strong>τδν</strong></span> <span class='ocrx_word' id='word_1_269' title='bbox 1494 3414 1719 3484; x_wconf 84' lang='grc' dir='ltr'>Ἰσραὴλ,</span> <span class='ocrx_word' id='word_1_270' title='bbox 1750 3414 1907 3477; x_wconf 79' lang='grc' dir='ltr'>αὐτὸς</span> 
     </span>
    </p>
   </div>
   <div class='ocr_carea' id='block_1_37' title="bbox 372 3506 1904 3577">
    <p class='ocr_par' dir='ltr' id='par_1_37' title="bbox 372 3506 1904 3577">
     <span class='ocr_line' id='line_1_37' title="bbox 372 3506 1904 3577; baseline -0.001 -17"><span class='ocrx_word' id='word_1_271' title='bbox 372 3510 692 3577; x_wconf 83' lang='grc' dir='ltr'>παρίστησιν</span> <span class='ocrx_word' id='word_1_272' title='bbox 714 3509 742 3558; x_wconf 85' lang='grc' dir='ltr'><strong>ὁ</strong></span> <span class='ocrx_word' id='word_1_273' title='bbox 772 3506 965 3559; x_wconf 74' lang='grc' dir='ltr'>εἰπών·</span> <span class='ocrx_word' id='word_1_274' title='bbox 1037 3506 1173 3573; x_wconf 77' lang='grc' dir='ltr'><strong>Ἐγώ</strong></span> <span class='ocrx_word' id='word_1_275' title='bbox 1193 3509 1307 3574; x_wconf 76' lang='grc' dir='ltr'>ειμι</span> <span class='ocrx_word' id='word_1_276' title='bbox 1339 3509 1371 3559; x_wconf 81' lang='grc' dir='ltr'><strong>ό</strong></span> <span class='ocrx_word' id='word_1_277' title='bbox 1400 3506 1619 3574; x_wconf 78' lang='grc' dir='ltr'>ποιμὴν</span> <span class='ocrx_word' id='word_1_278' title='bbox 1647 3508 1678 3558; x_wconf 85' lang='grc' dir='ltr'><strong>ό</strong></span> <span class='ocrx_word' id='word_1_279' title='bbox 1706 3506 1904 3569; x_wconf 63' lang='grc' dir='ltr'>καλὸς,</span> 
     </span>
    </p>
   </div>
   <div class='ocr_carea' id='block_1_38' title="bbox 371 3592 1903 3661">
    <p class='ocr_par' dir='ltr' id='par_1_38' title="bbox 371 3592 1903 3661">
     <span class='ocr_line' id='line_1_38' title="bbox 371 3592 1903 3661; baseline -0.002 -14"><span class='ocrx_word' id='word_1_280' title='bbox 371 3593 468 3647; x_wconf 77' lang='grc' dir='ltr'><strong>καὶ</strong></span> <span class='ocrx_word' id='word_1_281' title='bbox 492 3594 756 3661; x_wconf 73' lang='grc' dir='ltr'>γινώσκω</span> <span class='ocrx_word' id='word_1_282' title='bbox 791 3593 861 3645; x_wconf 83' lang='grc' dir='ltr'>τὰ</span> <span class='ocrx_word' id='word_1_283' title='bbox 878 3592 1008 3661; x_wconf 81' lang='grc' dir='ltr'>ἐμὰ,</span> <span class='ocrx_word' id='word_1_284' title='bbox 1044 3593 1142 3645; x_wconf 76' lang='grc' dir='ltr'>καὶ</span> <span class='ocrx_word' id='word_1_285' title='bbox 1174 3592 1533 3661; x_wconf 78' lang='grc' dir='ltr'>γινώσκουσί</span> <span class='ocrx_word' id='word_1_286' title='bbox 1557 3608 1633 3661; x_wconf 80' lang='grc' dir='ltr'><strong>με</strong></span> <span class='ocrx_word' id='word_1_287' title='bbox 1659 3593 1729 3645; x_wconf 85' lang='grc' dir='ltr'>τὰ</span> <span class='ocrx_word' id='word_1_288' title='bbox 1764 3592 1903 3661; x_wconf 84' lang='grc' dir='ltr'><em>ἐμά·</em></span> 
     </span>
    </p>
   </div>
   <div class='ocr_carea' id='block_1_39' title="bbox 373 3676 1907 3750">
    <p class='ocr_par' dir='ltr' id='par_1_39' title="bbox 373 3676 1907 3750">
     <span class='ocr_line' id='line_1_39' title="bbox 373 3676 1907 3750; baseline 0.001 -17"><span class='ocrx_word' id='word_1_289' title='bbox 373 3680 464 3733; x_wconf 79' lang='grc' dir='ltr'>καὶ</span> <span class='ocrx_word' id='word_1_290' title='bbox 492 3676 641 3741; x_wconf 82' lang='grc' dir='ltr'>αὖθις</span> <span class='ocrx_word' id='word_1_291' title='bbox 659 3698 673 3711; x_wconf 66' lang='grc' dir='ltr'><strong>ε</strong></span> <span class='ocrx_word' id='word_1_292' title='bbox 733 3681 875 3750; x_wconf 80' lang='grc' dir='ltr'><strong>Ἐγώ</strong></span> <span class='ocrx_word' id='word_1_293' title='bbox 898 3684 1013 3750; x_wconf 76' lang='grc' dir='ltr'>ειμι</span> <span class='ocrx_word' id='word_1_294' title='bbox 1044 3686 1076 3735; x_wconf 87' lang='grc' dir='ltr'><strong>ό</strong></span> <span class='ocrx_word' id='word_1_295' title='bbox 1106 3681 1325 3749; x_wconf 76' lang='grc' dir='ltr'>ποιμὴν</span> <span class='ocrx_word' id='word_1_296' title='bbox 1353 3685 1385 3735; x_wconf 84' lang='grc' dir='ltr'><strong>ό</strong></span> <span class='ocrx_word' id='word_1_297' title='bbox 1412 3681 1594 3747; x_wconf 71' lang='grc' dir='ltr'>καλὸς</span> <span class='ocrx_word' id='word_1_298' title='bbox 1612 3722 1627 3745; x_wconf 91' lang='grc'><strong>,</strong></span> <span class='ocrx_word' id='word_1_299' title='bbox 1671 3682 1766 3734; x_wconf 80' lang='grc' dir='ltr'>καὶ</span> <span class='ocrx_word' id='word_1_300' title='bbox 1796 3682 1907 3750; x_wconf 81' lang='grc' dir='ltr'>τὴν</span> 
     </span>
    </p>
   </div>
   <div class='ocr_carea' id='block_1_40' title="bbox 374 3769 1905 3839">
    <p class='ocr_par' dir='ltr' id='par_1_40' title="bbox 374 3769 1905 3839">
     <span class='ocr_line' id='line_1_40' title="bbox 374 3769 1905 3839; baseline 0.002 -18"><span class='ocrx_word' id='word_1_301' title='bbox 374 3769 595 3839; x_wconf 53' lang='grc' dir='ltr'>ψυχήν,</span> <span class='ocrx_word' id='word_1_302' title='bbox 601 3787 715 3839; x_wconf 80' lang='grc' dir='ltr'>μου</span> <span class='ocrx_word' id='word_1_303' title='bbox 746 3772 933 3839; x_wconf 80' lang='grc' dir='ltr'>τίθημι</span> <span class='ocrx_word' id='word_1_304' title='bbox 965 3770 1115 3836; x_wconf 80' lang='grc' dir='ltr'>ὑπὲρ</span> <span class='ocrx_word' id='word_1_305' title='bbox 1136 3770 1250 3823; x_wconf 84' lang='grc' dir='ltr'><strong>τῶν</strong></span> <span class='ocrx_word' id='word_1_306' title='bbox 1274 3770 1591 3839; x_wconf 77' lang='grc' dir='ltr'>προϐάτων.</span> <span class='ocrx_word' id='word_1_307' title='bbox 1654 3772 1821 3833; x_wconf 81' lang='grc' dir='ltr'>Αὐτὸς</span> <span class='ocrx_word' id='word_1_308' title='bbox 1850 3772 1905 3824; x_wconf 82' lang='grc' dir='ltr'>δὲ</span> 
     </span>
    </p>
   </div>
   <div class='ocr_carea' id='block_1_41' title="bbox 372 3852 1907 3933">
    <p class='ocr_par' dir='ltr' id='par_1_41' title="bbox 372 3852 1907 3933">
     <span class='ocr_line' id='line_1_41' title="bbox 372 3852 1907 3933; baseline 0.005 -25"><span class='ocrx_word' id='word_1_309' title='bbox 372 3852 439 3927; x_wconf 70' lang='grc' dir='ltr'>ἦν</span> <span class='ocrx_word' id='word_1_310' title='bbox 469 3857 561 3909; x_wconf 79' lang='grc' dir='ltr'>καὶ</span> <span class='ocrx_word' id='word_1_311' title='bbox 584 3858 730 3911; x_wconf 60' lang='lat' dir='ltr'><strong>om</strong></span> <span class='ocrx_word' id='word_1_312' title='bbox 764 3857 952 3929; x_wconf 77' lang='grc' dir='ltr'>Ἰωσὴφ</span> <span class='ocrx_word' id='word_1_313' title='bbox 986 3859 1115 3913; x_wconf 72' lang='grc' dir='ltr'>ὡσεὶ</span> <span class='ocrx_word' id='word_1_314' title='bbox 1140 3861 1403 3931; x_wconf 85' lang='grc' dir='ltr'>πρόϐατον</span> <span class='ocrx_word' id='word_1_315' title='bbox 1430 3859 1633 3929; x_wconf 82' lang='grc' dir='ltr'>ὁδηγῶν</span> <span class='ocrx_word' id='word_1_316' title='bbox 1665 3861 1783 3930; x_wconf 68' lang='grc' dir='ltr'>ἦτοι</span> <span class='ocrx_word' id='word_1_317' title='bbox 1809 3862 1907 3933; x_wconf 84' lang='grc' dir='ltr'>τὴν</span> 
     </span>
    </p>
   </div>
   <div class='ocr_carea' id='block_1_42' title="bbox 378 3943 1907 4020">
    <p class='ocr_par' dir='ltr' id='par_1_42' title="bbox 378 3943 1907 4020">
     <span class='ocr_line' id='line_1_42' title="bbox 378 3943 1907 4020; baseline 0.002 -19"><span class='ocrx_word' id='word_1_318' title='bbox 378 3948 574 4019; x_wconf 76' lang='grc' dir='ltr'>φυλὴν,</span> <span class='ocrx_word' id='word_1_319' title='bbox 626 3948 659 4019; x_wconf 78' lang='grc' dir='ltr'>ἢ</span> <span class='ocrx_word' id='word_1_320' title='bbox 686 3948 746 4001; x_wconf 86' lang='grc' dir='ltr'><strong>τὺ</strong></span> <span class='ocrx_word' id='word_1_321' title='bbox 777 3943 883 4002; x_wconf 73' lang='grc' dir='ltr'>πᾶν</span> <span class='ocrx_word' id='word_1_322' title='bbox 924 3950 1185 4004; x_wconf 82' lang='grc' dir='ltr'>Ἰουδαίων</span> <span class='ocrx_word' id='word_1_323' title='bbox 1214 3952 1365 4015; x_wconf 69' lang='lat' dir='ltr'><strong>levo;</strong></span> <span class='ocrx_word' id='word_1_324' title='bbox 1398 3950 1769 4020; x_wconf 81' lang='grc' dir='ltr'>μεταφορικῶς</span> <span class='ocrx_word' id='word_1_325' title='bbox 1800 3952 1907 4004; x_wconf 83' lang='grc' dir='ltr'><strong>ἀπὸ</strong></span> 
     </span>
    </p>
   </div>
   <div class='ocr_carea' id='block_1_43' title="bbox 376 4040 1905 4113">
    <p class='ocr_par' dir='ltr' id='par_1_43' title="bbox 376 4040 1905 4113">
     <span class='ocr_line' id='line_1_43' title="bbox 376 4040 1905 4113; baseline 0.002 -21"><span class='ocrx_word' id='word_1_326' title='bbox 376 4043 503 4109; x_wconf 81' lang='grc' dir='ltr'>μιᾶς</span> <span class='ocrx_word' id='word_1_327' title='bbox 533 4042 806 4110; x_wconf 74' lang='grc' dir='ltr'>ὀνομάζων</span> <span class='ocrx_word' id='word_1_328' title='bbox 838 4042 1005 4112; x_wconf 79' lang='grc' dir='ltr'>φυλῆς</span> <span class='ocrx_word' id='word_1_329' title='bbox 1025 4042 1122 4112; x_wconf 85' lang='grc' dir='ltr'>τῆς</span> <span class='ocrx_word' id='word_1_330' title='bbox 1144 4043 1236 4095; x_wconf 92' lang='grc' dir='ltr'><strong>τοῦ</strong></span> <span class='ocrx_word' id='word_1_331' title='bbox 1275 4044 1491 4111; x_wconf 86' lang='grc' dir='ltr'>Ἰωσήφ·</span> <span class='ocrx_word' id='word_1_332' title='bbox 1536 4040 1567 4110; x_wconf 77' lang='grc' dir='ltr'>ἢ</span> <span class='ocrx_word' id='word_1_333' title='bbox 1591 4043 1682 4095; x_wconf 76' lang='grc' dir='ltr'><strong>καὶ</strong></span> <span class='ocrx_word' id='word_1_334' title='bbox 1713 4043 1905 4113; x_wconf 75' lang='grc' dir='ltr'>μᾶλλον</span> 
     </span>
    </p>
   </div>
   <div class='ocr_carea' id='block_1_44' title="bbox 371 4129 1903 4202">
    <p class='ocr_par' dir='ltr' id='par_1_44' title="bbox 371 4129 1903 4202">
     <span class='ocr_line' id='line_1_44' title="bbox 371 4129 1903 4202; baseline 0.001 -21"><span class='ocrx_word' id='word_1_335' title='bbox 371 4129 530 4181; x_wconf 80' lang='grc' dir='ltr'>αὐτὸν</span> <span class='ocrx_word' id='word_1_336' title='bbox 554 4131 644 4182; x_wconf 82' lang='grc' dir='ltr'><strong>τὸν</strong></span> <span class='ocrx_word' id='word_1_337' title='bbox 674 4130 836 4202; x_wconf 75' lang='grc' dir='ltr'>ἄνδρα</span> <span class='ocrx_word' id='word_1_338' title='bbox 868 4132 955 4183; x_wconf 78' lang='grc' dir='ltr'><strong>τὸν</strong></span> <span class='ocrx_word' id='word_1_339' title='bbox 982 4131 1079 4199; x_wconf 83' lang='grc' dir='ltr'>τῆς</span> <span class='ocrx_word' id='word_1_340' title='bbox 1106 4131 1273 4200; x_wconf 84' lang='grc' dir='ltr'>φυλῆς</span> <span class='ocrx_word' id='word_1_341' title='bbox 1302 4130 1634 4202; x_wconf 86' lang='grc' dir='ltr'>προπάτορα.</span> <span class='ocrx_word' id='word_1_342' title='bbox 1694 4132 1903 4200; x_wconf 81' lang='grc' dir='ltr'>Ἐπειδὴ</span> 
     </span>
    </p>
   </div>
   <div class='ocr_carea' id='block_1_45' title="bbox 373 4218 1905 4293">
    <p class='ocr_par' dir='ltr' id='par_1_45' title="bbox 373 4218 1905 4293">
     <span class='ocr_line' id='line_1_45' title="bbox 373 4218 1905 4293; baseline 0.002 -23"><span class='ocrx_word' id='word_1_343' title='bbox 373 4220 708 4289; x_wconf 44' lang='grc' dir='ltr'>συνῆγαὺτῷ</span> <span class='ocrx_word' id='word_1_344' title='bbox 753 4219 1209 4289; x_wconf 79' lang='grc' dir='ltr'>ὲπιϐουλευομένῳ</span> <span class='ocrx_word' id='word_1_345' title='bbox 1241 4220 1344 4271; x_wconf 83' lang='grc' dir='ltr'><strong>ὑπὸ</strong></span> <span class='ocrx_word' id='word_1_346' title='bbox 1380 4218 1484 4272; x_wconf 90' lang='grc' dir='ltr'><strong>τῶν</strong></span> <span class='ocrx_word' id='word_1_347' title='bbox 1512 4220 1749 4290; x_wconf 82' lang='grc' dir='ltr'>ἀδελφῶν</span> <span class='ocrx_word' id='word_1_348' title='bbox 1770 4260 1785 4281; x_wconf 95' lang='grc'><strong>,</strong></span> <span class='ocrx_word' id='word_1_349' title='bbox 1816 4224 1905 4293; x_wconf 76' lang='grc' dir='ltr'>καὶ</span> 
     </span>
    </p>
   </div>
   <div class='ocr_carea' id='block_1_46' title="bbox 372 4308 1905 4379">
    <p class='ocr_par' dir='ltr' id='par_1_46' title="bbox 372 4308 1905 4379">
     <span class='ocr_line' id='line_1_46' title="bbox 372 4308 1905 4379; baseline 0.005 -22"><span class='ocrx_word' id='word_1_350' title='bbox 372 4310 789 4379; x_wconf 87' lang='grc' dir='ltr'>πιπρασκομένῳ</span> <span class='ocrx_word' id='word_1_351' title='bbox 828 4312 939 4370; x_wconf 80' lang='grc' dir='ltr'>τοῖς</span> <span class='ocrx_word' id='word_1_352' title='bbox 975 4308 1357 4379; x_wconf 81' lang='grc' dir='ltr'>Ἰσμαηλίταις,</span> <span class='ocrx_word' id='word_1_353' title='bbox 1400 4311 1492 4362; x_wconf 78' lang='grc' dir='ltr'>καὶ</span> <span class='ocrx_word' id='word_1_354' title='bbox 1528 4313 1605 4373; x_wconf 86' lang='grc' dir='ltr'><strong>είς</strong></span> <span class='ocrx_word' id='word_1_355' title='bbox 1643 4314 1905 4378; x_wconf 72' lang='grc' dir='ltr'>Αἴγυπτον</span> 
     </span>
    </p>
   </div>
   <div class='ocr_carea' id='block_1_47' title="bbox 371 4397 1907 4473">
    <p class='ocr_par' dir='ltr' id='par_1_47' title="bbox 371 4397 1907 4473">
     <span class='ocr_line' id='line_1_47' title="bbox 371 4397 1907 4473; baseline 0.005 -25"><span class='ocrx_word' id='word_1_356' title='bbox 371 4398 740 4467; x_wconf 73' lang='grc' dir='ltr'>καταγομένῳ,</span> <span class='ocrx_word' id='word_1_357' title='bbox 770 4399 861 4450; x_wconf 71' lang='grc' dir='ltr'>καὶ</span> <span class='ocrx_word' id='word_1_358' title='bbox 886 4397 961 4468; x_wconf 82' lang='grc' dir='ltr'>τῷ</span> <span class='ocrx_word' id='word_1_359' title='bbox 981 4400 1225 4470; x_wconf 82' lang='grc' dir='ltr'>Πετεφρῇ</span> <span class='ocrx_word' id='word_1_360' title='bbox 1248 4399 1563 4464; x_wconf 79' lang='grc' dir='ltr'>ϐουλεύοντι,</span> <span class='ocrx_word' id='word_1_361' title='bbox 1587 4404 1680 4473; x_wconf 83' lang='grc' dir='ltr'><strong>τήν</strong></span> <span class='ocrx_word' id='word_1_362' title='bbox 1701 4419 1758 4454; x_wconf 87' lang='grc' dir='ltr'><strong>τε</strong></span> <span class='ocrx_word' id='word_1_363' title='bbox 1786 4404 1907 4455; x_wconf 75' lang='grc' dir='ltr'>ἀκό-</span> 
     </span>
    </p>
   </div>
   <div class='ocr_carea' id='block_1_48' title="bbox 371 4488 1903 4563">
    <p class='ocr_par' dir='ltr' id='par_1_48' title="bbox 371 4488 1903 4563">
     <span class='ocr_line' id='line_1_48' title="bbox 371 4488 1903 4563; baseline 0.005 -22"><span class='ocrx_word' id='word_1_364' title='bbox 371 4488 557 4541; x_wconf 86' lang='grc' dir='ltr'>λαστον</span> <span class='ocrx_word' id='word_1_365' title='bbox 570 4490 848 4543; x_wconf 84' lang='grc' dir='ltr'>δέσποιναν</span> <span class='ocrx_word' id='word_1_366' title='bbox 874 4490 1340 4560; x_wconf 81' lang='grc' dir='ltr'>ἁποστρεφομένῳ,</span> <span class='ocrx_word' id='word_1_367' title='bbox 1360 4491 1433 4554; x_wconf 84' lang='grc' dir='ltr'>ὡς</span> <span class='ocrx_word' id='word_1_368' title='bbox 1453 4494 1529 4555; x_wconf 83' lang='grc' dir='ltr'>εἰς</span> <span class='ocrx_word' id='word_1_369' title='bbox 1549 4493 1903 4563; x_wconf 83' lang='grc' dir='ltr'>δεσμωτήριόν</span> 
     </span>
    </p>
   </div>
   <div class='ocr_carea' id='block_1_49' title="bbox 2004 711 3541 783">
    <p class='ocr_par' dir='ltr' id='par_1_49' title="bbox 2004 711 3541 783">
     <span class='ocr_line' id='line_1_49' title="bbox 2004 711 3541 783; baseline 0.001 -18"><span class='ocrx_word' id='word_1_370' title='bbox 2004 723 2303 781; x_wconf 90' lang='lat' dir='ltr'><strong>comparat.</strong></span> <span class='ocrx_word' id='word_1_371' title='bbox 2356 712 2809 783; x_wconf 73' lang='lat' dir='ltr'><strong>Supplicationem</strong></span> <span class='ocrx_word' id='word_1_372' title='bbox 2840 714 3003 781; x_wconf 77' lang='lat' dir='ltr'><strong>igitur</strong></span> <span class='ocrx_word' id='word_1_373' title='bbox 3045 712 3240 765; x_wconf 86' lang='lat' dir='ltr'><strong>emittit</strong></span> <span class='ocrx_word' id='word_1_374' title='bbox 3280 711 3541 781; x_wconf 82' lang='lat' dir='ltr'><strong>Propheta</strong></span> 
     </span>
    </p>
   </div>
   <div class='ocr_carea' id='block_1_50' title="bbox 2004 804 3541 873">
    <p class='ocr_par' dir='ltr' id='par_1_50' title="bbox 2004 804 3541 873">
     <span class='ocr_line' id='line_1_50' title="bbox 2004 804 3541 873; baseline 0.001 -17"><span class='ocrx_word' id='word_1_375' title='bbox 2004 806 2068 857; x_wconf 84' lang='lat' dir='ltr'><strong>ad</strong></span> <span class='ocrx_word' id='word_1_376' title='bbox 2109 819 2229 857; x_wconf 88' lang='lat' dir='ltr'><strong>eum</strong></span> <span class='ocrx_word' id='word_1_377' title='bbox 2270 804 2362 873; x_wconf 89' lang='lat' dir='ltr'><strong>qui</strong></span> <span class='ocrx_word' id='word_1_378' title='bbox 2392 806 2519 859; x_wconf 91' lang='lat' dir='ltr'><strong>olim</strong></span> <span class='ocrx_word' id='word_1_379' title='bbox 2561 805 2808 859; x_wconf 88' lang='lat' dir='ltr'><strong>lsraelem</strong></span> <span class='ocrx_word' id='word_1_380' title='bbox 2854 804 3073 857; x_wconf 81' lang='lat' dir='ltr'><strong>curabat</strong></span> <span class='ocrx_word' id='word_1_381' title='bbox 3114 810 3167 855; x_wconf 89' lang='lat' dir='ltr'><strong>et</strong></span> <span class='ocrx_word' id='word_1_382' title='bbox 3205 804 3541 872; x_wconf 86' lang='lat' dir='ltr'><strong>inspiciebat,</strong></span> 
     </span>
    </p>
   </div>
   <div class='ocr_carea' id='block_1_51' title="bbox 2004 892 3541 963">
    <p class='ocr_par' dir='ltr' id='par_1_51' title="bbox 2004 892 3541 963">
     <span class='ocr_line' id='line_1_51' title="bbox 2004 892 3541 963; baseline 0 -16"><span class='ocrx_word' id='word_1_383' title='bbox 2004 893 2097 948; x_wconf 89' lang='lat' dir='ltr'><strong>Dei</strong></span> <span class='ocrx_word' id='word_1_384' title='bbox 2126 894 2335 948; x_wconf 86' lang='lat' dir='ltr'><strong>scilicet</strong></span> <span class='ocrx_word' id='word_1_385' title='bbox 2357 892 2615 958; x_wconf 82' lang='lat' dir='ltr'><strong>Verbum,</strong></span> <span class='ocrx_word' id='word_1_386' title='bbox 2639 894 2782 963; x_wconf 90' lang='lat' dir='ltr'><strong>quod</strong></span> <span class='ocrx_word' id='word_1_387' title='bbox 2815 895 3068 946; x_wconf 85' lang='lat' dir='ltr'><strong>invocans</strong></span> <span class='ocrx_word' id='word_1_388' title='bbox 3092 894 3167 944; x_wconf 90' lang='lat' dir='ltr'><strong>ait</strong></span> <span class='ocrx_word' id='word_1_389' title='bbox 3202 907 3217 943; x_wconf 91' lang='lat'><strong>:</strong></span> <span class='ocrx_word' id='word_1_390' title='bbox 3250 892 3353 956; x_wconf 81' lang='lat' dir='ltr'><strong>Qui</strong></span> <span class='ocrx_word' id='word_1_391' title='bbox 3371 896 3541 961; x_wconf 85' lang='lat' dir='ltr'><strong>pascis</strong></span> 
     </span>
    </p>
   </div>
   <div class='ocr_carea' id='block_1_52' title="bbox 2006 982 3539 1051">
    <p class='ocr_par' dir='ltr' id='par_1_52' title="bbox 2006 982 3539 1051">
     <span class='ocr_line' id='line_1_52' title="bbox 2006 982 3539 1051; baseline -0.001 -14"><span class='ocrx_word' id='word_1_392' title='bbox 2006 984 2193 1050; x_wconf 84' lang='lat' dir='ltr'><strong>Israel,</strong></span> <span class='ocrx_word' id='word_1_393' title='bbox 2224 986 2449 1040; x_wconf 80' lang='lat' dir='ltr'><strong>intende.</strong></span> <span class='ocrx_word' id='word_1_394' title='bbox 2480 984 2571 1039; x_wconf 88' lang='lat' dir='ltr'><strong>Sic</strong></span> <span class='ocrx_word' id='word_1_395' title='bbox 2612 994 2790 1039; x_wconf 89' lang='lat' dir='ltr'><strong>autem</strong></span> <span class='ocrx_word' id='word_1_396' title='bbox 2829 983 3001 1051; x_wconf 89' lang='lat' dir='ltr'><strong>ipsum</strong></span> <span class='ocrx_word' id='word_1_397' title='bbox 3046 982 3258 1035; x_wconf 83' lang='lat' dir='ltr'><strong>nectere</strong></span> <span class='ocrx_word' id='word_1_398' title='bbox 3294 992 3539 1047; x_wconf 88' lang='lat' dir='ltr'><strong>conatur,</strong></span> 
     </span>
    </p>
   </div>
   <div class='ocr_carea' id='block_1_53' title="bbox 2003 1076 3543 1148">
    <p class='ocr_par' dir='ltr' id='par_1_53' title="bbox 2003 1076 3543 1148">
     <span class='ocr_line' id='line_1_53' title="bbox 2003 1076 3543 1148; baseline -0.003 -17"><span class='ocrx_word' id='word_1_399' title='bbox 2003 1078 2275 1147; x_wconf 86' lang='lat' dir='ltr'><strong>antiquam</strong></span> <span class='ocrx_word' id='word_1_400' title='bbox 2299 1079 2416 1147; x_wconf 87' lang='lat' dir='ltr'><strong>ejus</strong></span> <span class='ocrx_word' id='word_1_401' title='bbox 2450 1080 2504 1132; x_wconf 89' lang='lat' dir='ltr'><strong>in</strong></span> <span class='ocrx_word' id='word_1_402' title='bbox 2530 1080 2783 1148; x_wconf 79' lang='lat' dir='ltr'><strong>pupulum</strong></span> <span class='ocrx_word' id='word_1_403' title='bbox 2809 1076 3191 1145; x_wconf 88' lang='lat' dir='ltr'><strong>inspectionem</strong></span> <span class='ocrx_word' id='word_1_404' title='bbox 3216 1088 3543 1127; x_wconf 90' lang='lat' dir='ltr'><strong>commemo-</strong></span> 
     </span>
    </p>
   </div>
   <div class='ocr_carea' id='block_1_54' title="bbox 2003 1159 3539 1240">
    <p class='ocr_par' dir='ltr' id='par_1_54' title="bbox 2003 1159 3539 1240">
     <span class='ocr_line' id='line_1_54' title="bbox 2003 1159 3539 1240; baseline -0.003 -19"><span class='ocrx_word' id='word_1_405' title='bbox 2003 1183 2151 1224; x_wconf 88' lang='lat' dir='ltr'><strong>rans.</strong></span> <span class='ocrx_word' id='word_1_406' title='bbox 2184 1159 2318 1232; x_wconf 82' lang='lat' dir='ltr'><strong>Tua,</strong></span> <span class='ocrx_word' id='word_1_407' title='bbox 2350 1170 2546 1240; x_wconf 86' lang='lat' dir='ltr'><strong>inquit,</strong></span> <span class='ocrx_word' id='word_1_408' title='bbox 2580 1184 2795 1239; x_wconf 86' lang='lat' dir='ltr'><strong>pecora,</strong></span> <span class='ocrx_word' id='word_1_409' title='bbox 2822 1182 3056 1236; x_wconf 88' lang='lat' dir='ltr'><strong>ovesque</strong></span> <span class='ocrx_word' id='word_1_410' title='bbox 3086 1174 3205 1219; x_wconf 87' lang='lat' dir='ltr'><strong>tuas</strong></span> <span class='ocrx_word' id='word_1_411' title='bbox 3242 1180 3418 1227; x_wconf 88' lang='lat' dir='ltr'><strong>cures,</strong></span> <span class='ocrx_word' id='word_1_412' title='bbox 3449 1167 3539 1234; x_wconf 88' lang='lat' dir='ltr'><strong>qui</strong></span> 
     </span>
    </p>
   </div>
   <div class='ocr_carea' id='block_1_55' title="bbox 2003 1256 3541 1329">
    <p class='ocr_par' dir='ltr' id='par_1_55' title="bbox 2003 1256 3541 1329">
     <span class='ocr_line' id='line_1_55' title="bbox 2003 1256 3541 1329; baseline -0.003 -16"><span class='ocrx_word' id='word_1_413' title='bbox 2003 1259 2129 1313; x_wconf 91' lang='lat' dir='ltr'><strong>olim</strong></span> <span class='ocrx_word' id='word_1_414' title='bbox 2166 1260 2424 1329; x_wconf 86' lang='lat' dir='ltr'><strong>pascebas</strong></span> <span class='ocrx_word' id='word_1_415' title='bbox 2465 1261 2605 1315; x_wconf 88' lang='lat' dir='ltr'><strong>illas.</strong></span> <span class='ocrx_word' id='word_1_416' title='bbox 2656 1258 2786 1312; x_wconf 83' lang='lat' dir='ltr'><strong>Nam</strong></span> <span class='ocrx_word' id='word_1_417' title='bbox 2828 1259 2875 1314; x_wconf 87' lang='lat' dir='ltr'><strong>si</strong></span> <span class='ocrx_word' id='word_1_418' title='bbox 2907 1257 3175 1327; x_wconf 82' lang='lat' dir='ltr'><strong>quondam</strong></span> <span class='ocrx_word' id='word_1_419' title='bbox 3221 1256 3541 1325; x_wconf 88' lang='lat' dir='ltr'><strong>pastoralem</strong></span> 
     </span>
    </p>
   </div>
   <div class='ocr_carea' id='block_1_56' title="bbox 2004 1338 3540 1413">
    <p class='ocr_par' dir='ltr' id='par_1_56' title="bbox 2004 1338 3540 1413">
     <span class='ocr_line' id='line_1_56' title="bbox 2004 1338 3540 1413; baseline -0.004 -12"><span class='ocrx_word' id='word_1_420' title='bbox 2004 1347 2280 1402; x_wconf 86' lang='lat' dir='ltr'><strong>hominum</strong></span> <span class='ocrx_word' id='word_1_421' title='bbox 2321 1347 2735 1412; x_wconf 78' lang='lat' dir='ltr'><strong>sollicitudinem</strong></span> <span class='ocrx_word' id='word_1_422' title='bbox 2778 1346 3018 1409; x_wconf 80' lang='lat' dir='ltr'><strong>subiisti,</strong></span> <span class='ocrx_word' id='word_1_423' title='bbox 3050 1345 3098 1400; x_wconf 91' lang='lat' dir='ltr'><strong>si</strong></span> <span class='ocrx_word' id='word_1_424' title='bbox 3144 1338 3416 1413; x_wconf 84' lang='lat' dir='ltr'><strong>populum,</strong></span> <span class='ocrx_word' id='word_1_425' title='bbox 3448 1344 3540 1412; x_wconf 87' lang='lat' dir='ltr'><strong>qui</strong></span> 
     </span>
    </p>
   </div>
   <div class='ocr_carea' id='block_1_57' title="bbox 2003 1433 3538 1497">
    <p class='ocr_par' dir='ltr' id='par_1_57' title="bbox 2003 1433 3538 1497">
     <span class='ocr_line' id='line_1_57' title="bbox 2003 1433 3538 1497; baseline -0.003 -7"><span class='ocrx_word' id='word_1_426' title='bbox 2003 1438 2145 1491; x_wconf 88' lang='lat' dir='ltr'><strong>inter</strong></span> <span class='ocrx_word' id='word_1_427' title='bbox 2163 1436 2407 1495; x_wconf 84' lang='lat' dir='ltr'><strong>homines</strong></span> <span class='ocrx_word' id='word_1_428' title='bbox 2428 1437 2562 1492; x_wconf 88' lang='lat' dir='ltr'><strong>alios</strong></span> <span class='ocrx_word' id='word_1_429' title='bbox 2577 1446 2703 1491; x_wconf 90' lang='lat' dir='ltr'><strong>tuus</strong></span> <span class='ocrx_word' id='word_1_430' title='bbox 2729 1434 3028 1497; x_wconf 84' lang='lat' dir='ltr'><strong>dicebatur,</strong></span> <span class='ocrx_word' id='word_1_431' title='bbox 3045 1433 3334 1496; x_wconf 82' lang='lat' dir='ltr'><strong>deduxisti,</strong></span> <span class='ocrx_word' id='word_1_432' title='bbox 3351 1434 3538 1487; x_wconf 90' lang='lat' dir='ltr'><strong>horum</strong></span> 
     </span>
    </p>
   </div>
   <div class='ocr_carea' id='block_1_58' title="bbox 2004 1524 3541 1597">
    <p class='ocr_par' dir='ltr' id='par_1_58' title="bbox 2004 1524 3541 1597">
     <span class='ocr_line' id='line_1_58' title="bbox 2004 1524 3541 1597; baseline -0.001 -18"><span class='ocrx_word' id='word_1_433' title='bbox 2004 1534 2294 1588; x_wconf 86' lang='lat' dir='ltr'><strong>memento,</strong></span> <span class='ocrx_word' id='word_1_434' title='bbox 2314 1541 2487 1595; x_wconf 89' lang='lat' dir='ltr'><strong>neque</strong></span> <span class='ocrx_word' id='word_1_435' title='bbox 2513 1526 2780 1597; x_wconf 81' lang='lat' dir='ltr'><strong>despicias</strong></span> <span class='ocrx_word' id='word_1_436' title='bbox 2802 1540 2895 1581; x_wconf 88' lang='lat' dir='ltr'><strong>eos</strong></span> <span class='ocrx_word' id='word_1_437' title='bbox 2921 1539 3057 1596; x_wconf 89' lang='lat' dir='ltr'><strong>quos</strong></span> <span class='ocrx_word' id='word_1_438' title='bbox 3093 1533 3243 1577; x_wconf 87' lang='lat' dir='ltr'><strong>tanta</strong></span> <span class='ocrx_word' id='word_1_439' title='bbox 3266 1524 3541 1592; x_wconf 80' lang='lat' dir='ltr'><strong>providen-</strong></span> 
     </span>
    </p>
   </div>
   <div class='ocr_carea' id='block_1_59' title="bbox 2005 1613 3539 1684">
    <p class='ocr_par' dir='ltr' id='par_1_59' title="bbox 2005 1613 3539 1684">
     <span class='ocr_line' id='line_1_59' title="bbox 2005 1613 3539 1684; baseline -0.001 -18"><span class='ocrx_word' id='word_1_440' title='bbox 2005 1616 2077 1667; x_wconf 85' lang='lat' dir='ltr'><strong>tia</strong></span> <span class='ocrx_word' id='word_1_441' title='bbox 2107 1615 2355 1684; x_wconf 86' lang='lat' dir='ltr'><strong>diguatus</strong></span> <span class='ocrx_word' id='word_1_442' title='bbox 2383 1631 2463 1669; x_wconf 88' lang='lat' dir='ltr'><strong>es.</strong></span> <span class='ocrx_word' id='word_1_443' title='bbox 2496 1614 2715 1669; x_wconf 86' lang='lat' dir='ltr'><strong>Intende</strong></span> <span class='ocrx_word' id='word_1_444' title='bbox 2744 1616 2925 1684; x_wconf 90' lang='lat' dir='ltr'><strong>igitur,</strong></span> <span class='ocrx_word' id='word_1_445' title='bbox 2958 1614 3151 1683; x_wconf 87' lang='lat' dir='ltr'><strong>inquit,</strong></span> <span class='ocrx_word' id='word_1_446' title='bbox 3176 1621 3229 1667; x_wconf 92' lang='lat' dir='ltr'><strong>et</strong></span> <span class='ocrx_word' id='word_1_447' title='bbox 3260 1613 3539 1667; x_wconf 87' lang='lat' dir='ltr'><strong>considera</strong></span> 
     </span>
    </p>
   </div>
   <div class='ocr_carea' id='block_1_60' title="bbox 2004 1703 3539 1774">
    <p class='ocr_par' dir='ltr' id='par_1_60' title="bbox 2004 1703 3539 1774">
     <span class='ocr_line' id='line_1_60' title="bbox 2004 1703 3539 1774; baseline -0.001 -17"><span class='ocrx_word' id='word_1_448' title='bbox 2004 1714 2203 1772; x_wconf 88' lang='lat' dir='ltr'><strong>quanta</strong></span> <span class='ocrx_word' id='word_1_449' title='bbox 2251 1719 2379 1774; x_wconf 79' lang='lat' dir='ltr'><strong>grex</strong></span> <span class='ocrx_word' id='word_1_450' title='bbox 2410 1704 2499 1757; x_wconf 90' lang='lat' dir='ltr'><strong>ille</strong></span> <span class='ocrx_word' id='word_1_451' title='bbox 2550 1712 2676 1758; x_wconf 88' lang='lat' dir='ltr'><strong>tuus</strong></span> <span class='ocrx_word' id='word_1_452' title='bbox 2722 1704 2978 1772; x_wconf 85' lang='lat' dir='ltr'><strong>patiatur,</strong></span> <span class='ocrx_word' id='word_1_453' title='bbox 3020 1703 3288 1772; x_wconf 90' lang='lat' dir='ltr'><strong>quomodo</strong></span> <span class='ocrx_word' id='word_1_454' title='bbox 3330 1704 3539 1757; x_wconf 88' lang='lat' dir='ltr'><strong>vineam</strong></span> 
     </span>
    </p>
   </div>
   <div class='ocr_carea' id='block_1_61' title="bbox 2007 1780 3541 1865">
    <p class='ocr_par' dir='ltr' id='par_1_61' title="bbox 2007 1780 3541 1865">
     <span class='ocr_line' id='line_1_61' title="bbox 2007 1780 3541 1865; baseline 0 -16"><span class='ocrx_word' id='word_1_455' title='bbox 2007 1796 2149 1850; x_wconf 88' lang='lat' dir='ltr'><strong>illam</strong></span> <span class='ocrx_word' id='word_1_456' title='bbox 2207 1797 2638 1851; x_wconf 81' lang='lat' dir='ltr'><strong>exterminaverit</strong></span> <span class='ocrx_word' id='word_1_457' title='bbox 2697 1810 2825 1865; x_wconf 89' lang='lat' dir='ltr'><strong>aper</strong></span> <span class='ocrx_word' id='word_1_458' title='bbox 2852 1794 2918 1847; x_wconf 89' lang='lat' dir='ltr'><strong>de</strong></span> <span class='ocrx_word' id='word_1_459' title='bbox 2961 1795 3116 1859; x_wconf 82' lang='lat' dir='ltr'><strong>silva,</strong></span> <span class='ocrx_word' id='word_1_460' title='bbox 3161 1803 3214 1849; x_wconf 89' lang='lat' dir='ltr'><strong>et</strong></span> <span class='ocrx_word' id='word_1_461' title='bbox 3242 1780 3541 1865; x_wconf 77' lang='lat' dir='ltr'><strong>singularis</strong></span> 
     </span>
    </p>
   </div>
   <div class='ocr_carea' id='block_1_62' title="bbox 2008 1880 3539 1956">
    <p class='ocr_par' dir='ltr' id='par_1_62' title="bbox 2008 1880 3539 1956">
     <span class='ocr_line' id='line_1_62' title="bbox 2008 1880 3539 1956; baseline -0.001 -17"><span class='ocrx_word' id='word_1_462' title='bbox 2008 1887 2156 1942; x_wconf 80' lang='lat' dir='ltr'><strong>ferus</strong></span> <span class='ocrx_word' id='word_1_463' title='bbox 2199 1888 2455 1956; x_wconf 80' lang='lat' dir='ltr'><strong>depastus</strong></span> <span class='ocrx_word' id='word_1_464' title='bbox 2492 1889 2562 1941; x_wconf 89' lang='lat' dir='ltr'><strong>sit</strong></span> <span class='ocrx_word' id='word_1_465' title='bbox 2611 1900 2751 1950; x_wconf 88' lang='lat' dir='ltr'><strong>eam,</strong></span> <span class='ocrx_word' id='word_1_466' title='bbox 2796 1886 3063 1955; x_wconf 89' lang='lat' dir='ltr'><strong>quomodo</strong></span> <span class='ocrx_word' id='word_1_467' title='bbox 3114 1884 3275 1939; x_wconf 81' lang='lat' dir='ltr'><strong>fuerit</strong></span> <span class='ocrx_word' id='word_1_468' title='bbox 3322 1880 3539 1939; x_wconf 71' lang='lat' dir='ltr'><strong>incerisa</strong></span> 
     </span>
    </p>
   </div>
   <div class='ocr_carea' id='block_1_63' title="bbox 2007 1974 3541 2047">
    <p class='ocr_par' dir='ltr' id='par_1_63' title="bbox 2007 1974 3541 2047">
     <span class='ocr_line' id='line_1_63' title="bbox 2007 1974 3541 2047; baseline -0.002 -16"><span class='ocrx_word' id='word_1_469' title='bbox 2007 1978 2117 2047; x_wconf 87' lang='lat' dir='ltr'><strong>igni</strong></span> <span class='ocrx_word' id='word_1_470' title='bbox 2144 1986 2197 2034; x_wconf 91' lang='lat' dir='ltr'><strong>et</strong></span> <span class='ocrx_word' id='word_1_471' title='bbox 2238 1978 2466 2034; x_wconf 84' lang='lat' dir='ltr'><strong>suﬂ&#39;ossa</strong></span> <span class='ocrx_word' id='word_1_472' title='bbox 2522 1980 2590 2033; x_wconf 88' lang='lat' dir='ltr'><strong>ab</strong></span> <span class='ocrx_word' id='word_1_473' title='bbox 2639 1977 3005 2046; x_wconf 82' lang='lat' dir='ltr'><strong>increpatione</strong></span> <span class='ocrx_word' id='word_1_474' title='bbox 3052 1976 3232 2030; x_wconf 84' lang='lat' dir='ltr'><strong>vultus</strong></span> <span class='ocrx_word' id='word_1_475' title='bbox 3276 1976 3374 2029; x_wconf 86' lang='lat' dir='ltr'><strong>tui.</strong></span> <span class='ocrx_word' id='word_1_476' title='bbox 3418 1974 3541 2028; x_wconf 68' lang='lat' dir='ltr'><strong>llaec</strong></span> 
     </span>
    </p>
   </div>
   <div class='ocr_carea' id='block_1_64' title="bbox 2002 2063 3541 2136">
    <p class='ocr_par' dir='ltr' id='par_1_64' title="bbox 2002 2063 3541 2136">
     <span class='ocr_line' id='line_1_64' title="bbox 2002 2063 3541 2136; baseline -0.003 -17"><span class='ocrx_word' id='word_1_477' title='bbox 2002 2082 2164 2133; x_wconf 89' lang='lat' dir='ltr'><strong>porro</strong></span> <span class='ocrx_word' id='word_1_478' title='bbox 2195 2068 2249 2121; x_wconf 90' lang='lat' dir='ltr'><strong>in</strong></span> <span class='ocrx_word' id='word_1_479' title='bbox 2278 2067 2478 2136; x_wconf 89' lang='lat' dir='ltr'><strong>Spiritu</strong></span> <span class='ocrx_word' id='word_1_480' title='bbox 2508 2075 2695 2123; x_wconf 86' lang='lat' dir='ltr'><strong>sancto</strong></span> <span class='ocrx_word' id='word_1_481' title='bbox 2729 2066 3002 2120; x_wconf 70' lang='lat' dir='ltr'><strong>Iudaicam</strong></span> <span class='ocrx_word' id='word_1_482' title='bbox 3033 2073 3237 2135; x_wconf 82' lang='lat' dir='ltr'><strong>gentem</strong></span> <span class='ocrx_word' id='word_1_483' title='bbox 3277 2063 3541 2133; x_wconf 79' lang='lat' dir='ltr'><strong>Propheta</strong></span> 
     </span>
    </p>
   </div>
   <div class='ocr_carea' id='block_1_65' title="bbox 2003 2154 3540 2226">
    <p class='ocr_par' dir='ltr' id='par_1_65' title="bbox 2003 2154 3540 2226">
     <span class='ocr_line' id='line_1_65' title="bbox 2003 2154 3540 2226; baseline -0.004 -14"><span class='ocrx_word' id='word_1_484' title='bbox 2003 2158 2177 2220; x_wconf 88' lang='lat' dir='ltr'><strong>docet,</strong></span> <span class='ocrx_word' id='word_1_485' title='bbox 2212 2166 2453 2226; x_wconf 89' lang='lat' dir='ltr'><strong>tempora</strong></span> <span class='ocrx_word' id='word_1_486' title='bbox 2479 2166 2531 2212; x_wconf 89' lang='lat' dir='ltr'><strong>et</strong></span> <span class='ocrx_word' id='word_1_487' title='bbox 2557 2164 2782 2213; x_wconf 87' lang='lat' dir='ltr'><strong>eventus</strong></span> <span class='ocrx_word' id='word_1_488' title='bbox 2819 2172 3001 2212; x_wconf 88' lang='lat' dir='ltr'><strong>rerum</strong></span> <span class='ocrx_word' id='word_1_489' title='bbox 3036 2154 3283 2211; x_wconf 87' lang='lat' dir='ltr'><strong>meditari</strong></span> <span class='ocrx_word' id='word_1_490' title='bbox 3307 2168 3367 2207; x_wconf 90' lang='lat' dir='ltr'><strong>ac</strong></span> <span class='ocrx_word' id='word_1_491' title='bbox 3405 2166 3540 2221; x_wconf 61' lang='lat' dir='ltr'><strong>pras-</strong></span> 
     </span>
    </p>
   </div>
   <div class='ocr_carea' id='block_1_66' title="bbox 2004 2242 3540 2316">
    <p class='ocr_par' dir='ltr' id='par_1_66' title="bbox 2004 2242 3540 2316">
     <span class='ocr_line' id='line_1_66' title="bbox 2004 2242 3540 2316; baseline -0.005 -14"><span class='ocrx_word' id='word_1_492' title='bbox 2004 2249 2253 2302; x_wconf 87' lang='lat' dir='ltr'><strong>nuntiare</strong></span> <span class='ocrx_word' id='word_1_493' title='bbox 2302 2262 2609 2316; x_wconf 88' lang='lat' dir='ltr'><strong>occupans;</strong></span> <span class='ocrx_word' id='word_1_494' title='bbox 2635 2254 2691 2299; x_wconf 92' lang='lat' dir='ltr'><strong>ut</strong></span> <span class='ocrx_word' id='word_1_495' title='bbox 2719 2262 2839 2301; x_wconf 92' lang='lat' dir='ltr'><strong>cum</strong></span> <span class='ocrx_word' id='word_1_496' title='bbox 2885 2261 2971 2301; x_wconf 85' lang='lat' dir='ltr'><strong>res</strong></span> <span class='ocrx_word' id='word_1_497' title='bbox 2999 2258 3117 2315; x_wconf 67' lang='lat' dir='ltr'><strong>qua:</strong></span> <span class='ocrx_word' id='word_1_498' title='bbox 3150 2245 3204 2297; x_wconf 87' lang='lat' dir='ltr'><strong>in</strong></span> <span class='ocrx_word' id='word_1_499' title='bbox 3264 2242 3540 2313; x_wconf 83' lang='lat' dir='ltr'><strong>prophetia</strong></span> 
     </span>
    </p>
   </div>
   <div class='ocr_carea' id='block_1_67' title="bbox 2004 2318 3539 2405">
    <p class='ocr_par' dir='ltr' id='par_1_67' title="bbox 2004 2318 3539 2405">
     <span class='ocr_line' id='line_1_67' title="bbox 2004 2318 3539 2405; baseline -0.003 -14"><span class='ocrx_word' id='word_1_500' title='bbox 2004 2337 2252 2391; x_wconf 85' lang='lat' dir='ltr'><strong>feruntur</strong></span> <span class='ocrx_word' id='word_1_501' title='bbox 2283 2328 2619 2401; x_wconf 81' lang='lat' dir='ltr'><strong>advenerim,</strong></span> <span class='ocrx_word' id='word_1_502' title='bbox 2654 2336 2709 2389; x_wconf 89' lang='lat' dir='ltr'><strong>in</strong></span> <span class='ocrx_word' id='word_1_503' title='bbox 2747 2342 2995 2405; x_wconf 87' lang='lat' dir='ltr'><strong>promptu</strong></span> <span class='ocrx_word' id='word_1_504' title='bbox 3028 2318 3285 2388; x_wconf 39' lang='lat' dir='ltr'><strong>notitiam.</strong></span> <span class='ocrx_word' id='word_1_505' title='bbox 3307 2335 3452 2388; x_wconf 88' lang='lat' dir='ltr'><strong>illius</strong></span> <span class='ocrx_word' id='word_1_506' title='bbox 3474 2335 3539 2386; x_wconf 86' lang='lat' dir='ltr'><strong>ad</strong></span> 
     </span>
    </p>
   </div>
   <div class='ocr_carea' id='block_1_68' title="bbox 2004 2410 3542 2497">
    <p class='ocr_par' dir='ltr' id='par_1_68' title="bbox 2004 2410 3542 2497">
     <span class='ocr_line' id='line_1_68' title="bbox 2004 2410 3542 2497; baseline -0.001 -16"><span class='ocrx_word' id='word_1_507' title='bbox 2004 2428 2168 2482; x_wconf 89' lang='lat' dir='ltr'><strong>Deum</strong></span> <span class='ocrx_word' id='word_1_508' title='bbox 2206 2428 2416 2483; x_wconf 66' lang='lat' dir='ltr'><strong>emissas</strong></span> <span class='ocrx_word' id='word_1_509' title='bbox 2448 2412 2857 2497; x_wconf 87' lang='lat' dir='ltr'><strong>supplicationis</strong></span> <span class='ocrx_word' id='word_1_510' title='bbox 2901 2426 3230 2495; x_wconf 80' lang='lat' dir='ltr'><strong>exciperent.</strong></span> <span class='ocrx_word' id='word_1_511' title='bbox 3260 2410 3394 2490; x_wconf 81' lang='lat' dir='ltr'><strong>Quis</strong></span> <span class='ocrx_word' id='word_1_512' title='bbox 3412 2441 3542 2495; x_wconf 67' lang='lat' dir='ltr'><strong>vero</strong></span> 
     </span>
    </p>
   </div>
   <div class='ocr_carea' id='block_1_69' title="bbox 2004 2514 3539 2586">
    <p class='ocr_par' dir='ltr' id='par_1_69' title="bbox 2004 2514 3539 2586">
     <span class='ocr_line' id='line_1_69' title="bbox 2004 2514 3539 2586; baseline -0.003 -12"><span class='ocrx_word' id='word_1_513' title='bbox 2004 2518 2075 2574; x_wconf 87' lang='lat' dir='ltr'><strong>sit</strong></span> <span class='ocrx_word' id='word_1_514' title='bbox 2098 2518 2190 2585; x_wconf 89' lang='lat' dir='ltr'><strong>qui</strong></span> <span class='ocrx_word' id='word_1_515' title='bbox 2215 2518 2387 2586; x_wconf 90' lang='lat' dir='ltr'><strong>pascit</strong></span> <span class='ocrx_word' id='word_1_516' title='bbox 2417 2516 2601 2581; x_wconf 90' lang='lat' dir='ltr'><strong>lsrael,</strong></span> <span class='ocrx_word' id='word_1_517' title='bbox 2626 2518 2862 2571; x_wconf 82' lang='lat' dir='ltr'><strong>declarat</strong></span> <span class='ocrx_word' id='word_1_518' title='bbox 2891 2518 3005 2586; x_wconf 89' lang='lat' dir='ltr'><strong>ipse</strong></span> <span class='ocrx_word' id='word_1_519' title='bbox 3026 2516 3114 2585; x_wconf 86' lang='lat' dir='ltr'><strong>qui</strong></span> <span class='ocrx_word' id='word_1_520' title='bbox 3145 2515 3218 2567; x_wconf 88' lang='lat' dir='ltr'><strong>ait</strong></span> <span class='ocrx_word' id='word_1_521' title='bbox 3248 2534 3260 2568; x_wconf 92' lang='lat'><strong>:</strong></span> <span class='ocrx_word' id='word_1_522' title='bbox 3288 2514 3395 2583; x_wconf 86' lang='lat' dir='ltr'><strong>Ego</strong></span> <span class='ocrx_word' id='word_1_523' title='bbox 3425 2531 3539 2569; x_wconf 82' lang='lat' dir='ltr'><strong>sum</strong></span> 
     </span>
    </p>
   </div>
   <div class='ocr_carea' id='block_1_70' title="bbox 2003 2608 3539 2679">
    <p class='ocr_par' dir='ltr' id='par_1_70' title="bbox 2003 2608 3539 2679">
     <span class='ocr_line' id='line_1_70' title="bbox 2003 2608 3539 2679; baseline -0.002 -17"><span class='ocrx_word' id='word_1_524' title='bbox 2003 2619 2185 2679; x_wconf 83' lang='lat' dir='ltr'><strong>pastor</strong></span> <span class='ocrx_word' id='word_1_525' title='bbox 2227 2608 2410 2672; x_wconf 86' lang='lat' dir='ltr'><strong>bonus,</strong></span> <span class='ocrx_word' id='word_1_526' title='bbox 2455 2618 2502 2662; x_wconf 88' lang='lat' dir='ltr'><strong>et</strong></span> <span class='ocrx_word' id='word_1_527' title='bbox 2540 2626 2789 2678; x_wconf 77' lang='lat' dir='ltr'><strong>cognosco</strong></span> <span class='ocrx_word' id='word_1_528' title='bbox 2824 2626 2984 2671; x_wconf 83' lang='lat' dir='ltr'><strong>meas,</strong></span> <span class='ocrx_word' id='word_1_529' title='bbox 3014 2615 3062 2660; x_wconf 90' lang='lat' dir='ltr'><strong>et</strong></span> <span class='ocrx_word' id='word_1_530' title='bbox 3100 2615 3411 2675; x_wconf 84' lang='lat' dir='ltr'><strong>cognoscunt</strong></span> <span class='ocrx_word' id='word_1_531' title='bbox 3460 2622 3539 2659; x_wconf 81' lang='lat' dir='ltr'><strong>me</strong></span> 
     </span>
    </p>
   </div>
   <div class='ocr_carea' id='block_1_71' title="bbox 2005 2697 3539 2768">
    <p class='ocr_par' dir='ltr' id='par_1_71' title="bbox 2005 2697 3539 2768">
     <span class='ocr_line' id='line_1_71' title="bbox 2005 2697 3539 2768; baseline -0.005 -12"><span class='ocrx_word' id='word_1_532' title='bbox 2005 2716 2129 2755; x_wconf 78' lang='lat' dir='ltr'><strong>mea:</strong></span> <span class='ocrx_word' id='word_1_533' title='bbox 2154 2702 2232 2767; x_wconf 81' lang='grc'><strong>⁸⁹;</strong></span> <span class='ocrx_word' id='word_1_534' title='bbox 2258 2707 2311 2754; x_wconf 89' lang='lat' dir='ltr'><strong>et</strong></span> <span class='ocrx_word' id='word_1_535' title='bbox 2340 2715 2555 2753; x_wconf 89' lang='lat' dir='ltr'><strong>rursum</strong></span> <span class='ocrx_word' id='word_1_536' title='bbox 2589 2718 2601 2752; x_wconf 93' lang='lat'><strong>:</strong></span> <span class='ocrx_word' id='word_1_537' title='bbox 2636 2698 2745 2768; x_wconf 84' lang='lat' dir='ltr'><strong>Ego</strong></span> <span class='ocrx_word' id='word_1_538' title='bbox 2784 2714 2899 2752; x_wconf 85' lang='lat' dir='ltr'><strong>sum</strong></span> <span class='ocrx_word' id='word_1_539' title='bbox 2939 2708 3117 2767; x_wconf 83' lang='lat' dir='ltr'><strong>pastor</strong></span> <span class='ocrx_word' id='word_1_540' title='bbox 3134 2698 3315 2760; x_wconf 79' lang='lat' dir='ltr'><strong>bonus,</strong></span> <span class='ocrx_word' id='word_1_541' title='bbox 3343 2706 3389 2749; x_wconf 86' lang='lat' dir='ltr'><strong>et</strong></span> <span class='ocrx_word' id='word_1_542' title='bbox 3424 2697 3539 2749; x_wconf 85' lang='lat' dir='ltr'><strong>ani-</strong></span> 
     </span>
    </p>
   </div>
   <div class='ocr_carea' id='block_1_72' title="bbox 2003 2784 3541 2857">
    <p class='ocr_par' dir='ltr' id='par_1_72' title="bbox 2003 2784 3541 2857">
     <span class='ocr_line' id='line_1_72' title="bbox 2003 2784 3541 2857; baseline -0.003 -12"><span class='ocrx_word' id='word_1_543' title='bbox 2003 2808 2141 2845; x_wconf 90' lang='lat' dir='ltr'><strong>mam</strong></span> <span class='ocrx_word' id='word_1_544' title='bbox 2173 2804 2337 2844; x_wconf 88' lang='lat' dir='ltr'><strong>meam</strong></span> <span class='ocrx_word' id='word_1_545' title='bbox 2364 2805 2495 2855; x_wconf 83' lang='lat' dir='ltr'><strong>pono</strong></span> <span class='ocrx_word' id='word_1_546' title='bbox 2516 2804 2608 2856; x_wconf 90' lang='lat' dir='ltr'><strong>pro</strong></span> <span class='ocrx_word' id='word_1_547' title='bbox 2637 2788 2809 2841; x_wconf 81' lang='lat' dir='ltr'><strong>ovibus</strong></span> <span class='ocrx_word' id='word_1_548' title='bbox 2831 2788 2895 2841; x_wconf 80' lang='lat'><strong>‘°.</strong></span> <span class='ocrx_word' id='word_1_549' title='bbox 2924 2788 3040 2855; x_wconf 82' lang='lat' dir='ltr'><strong>ipse</strong></span> <span class='ocrx_word' id='word_1_550' title='bbox 3061 2801 3185 2840; x_wconf 90' lang='lat' dir='ltr'><strong>vero</strong></span> <span class='ocrx_word' id='word_1_551' title='bbox 3206 2787 3425 2857; x_wconf 89' lang='lat' dir='ltr'><strong>eratqui</strong></span> <span class='ocrx_word' id='word_1_552' title='bbox 3449 2784 3541 2840; x_wconf 85' lang='lat' dir='ltr'><strong>Jo-</strong></span> 
     </span>
    </p>
   </div>
   <div class='ocr_carea' id='block_1_73' title="bbox 2004 2875 3540 2952">
    <p class='ocr_par' dir='ltr' id='par_1_73' title="bbox 2004 2875 3540 2952">
     <span class='ocr_line' id='line_1_73' title="bbox 2004 2875 3540 2952; baseline -0.006 -14"><span class='ocrx_word' id='word_1_553' title='bbox 2004 2883 2251 2952; x_wconf 89' lang='lat' dir='ltr'><strong>sephum,</strong></span> <span class='ocrx_word' id='word_1_554' title='bbox 2279 2880 2359 2935; x_wconf 86' lang='lat' dir='ltr'><strong>vel</strong></span> <span class='ocrx_word' id='word_1_555' title='bbox 2388 2879 2584 2933; x_wconf 88' lang='lat' dir='ltr'><strong>tribum</strong></span> <span class='ocrx_word' id='word_1_556' title='bbox 2610 2879 2750 2947; x_wconf 88' lang='lat' dir='ltr'><strong>ejus,</strong></span> <span class='ocrx_word' id='word_1_557' title='bbox 2784 2885 2841 2930; x_wconf 92' lang='lat' dir='ltr'><strong>ut</strong></span> <span class='ocrx_word' id='word_1_558' title='bbox 2871 2891 3024 2930; x_wconf 86' lang='lat' dir='ltr'><strong>ovem</strong></span> <span class='ocrx_word' id='word_1_559' title='bbox 3062 2875 3388 2940; x_wconf 84' lang='lat' dir='ltr'><strong>deducebat;</strong></span> <span class='ocrx_word' id='word_1_560' title='bbox 3426 2876 3540 2930; x_wconf 89' lang='lat' dir='ltr'><strong>sive</strong></span> 
     </span>
    </p>
   </div>
   <div class='ocr_carea' id='block_1_74' title="bbox 2004 2958 3539 3037">
    <p class='ocr_par' dir='ltr' id='par_1_74' title="bbox 2004 2958 3539 3037">
     <span class='ocr_line' id='line_1_74' title="bbox 2004 2958 3539 3037; baseline -0.006 -10"><span class='ocrx_word' id='word_1_561' title='bbox 2004 2974 2164 3028; x_wconf 89' lang='lat' dir='ltr'><strong>etiam</strong></span> <span class='ocrx_word' id='word_1_562' title='bbox 2195 2978 2361 3024; x_wconf 92' lang='lat' dir='ltr'><strong>totam</strong></span> <span class='ocrx_word' id='word_1_563' title='bbox 2387 2969 2665 3023; x_wconf 74' lang='lat' dir='ltr'><strong>Iudaicam</strong></span> <span class='ocrx_word' id='word_1_564' title='bbox 2700 2974 2909 3037; x_wconf 89' lang='lat' dir='ltr'><strong>gentem</strong></span> <span class='ocrx_word' id='word_1_565' title='bbox 2947 2965 3311 3035; x_wconf 86' lang='lat' dir='ltr'><strong>metaphorice</strong></span> <span class='ocrx_word' id='word_1_566' title='bbox 3334 2965 3401 3018; x_wconf 87' lang='lat' dir='ltr'><strong>ab</strong></span> <span class='ocrx_word' id='word_1_567' title='bbox 3433 2958 3539 3019; x_wconf 83' lang='lat' dir='ltr'><strong>una</strong></span> 
     </span>
    </p>
   </div>
   <div class='ocr_carea' id='block_1_75' title="bbox 2002 3052 3539 3129">
    <p class='ocr_par' dir='ltr' id='par_1_75' title="bbox 2002 3052 3539 3129">
     <span class='ocr_line' id='line_1_75' title="bbox 2002 3052 3539 3129; baseline -0.007 -14"><span class='ocrx_word' id='word_1_568' title='bbox 2002 3062 2144 3116; x_wconf 90' lang='lat' dir='ltr'><strong>tribu</strong></span> <span class='ocrx_word' id='word_1_569' title='bbox 2168 3060 2365 3129; x_wconf 84' lang='lat' dir='ltr'><strong>Joseph</strong></span> <span class='ocrx_word' id='word_1_570' title='bbox 2396 3058 2781 3123; x_wconf 87' lang='lat' dir='ltr'><strong>subindicans;</strong></span> <span class='ocrx_word' id='word_1_571' title='bbox 2815 3056 2927 3111; x_wconf 87' lang='lat' dir='ltr'><strong>sive</strong></span> <span class='ocrx_word' id='word_1_572' title='bbox 2954 3054 3135 3124; x_wconf 90' lang='lat' dir='ltr'><strong>potius</strong></span> <span class='ocrx_word' id='word_1_573' title='bbox 3158 3056 3331 3122; x_wconf 89' lang='lat' dir='ltr'><strong>ipsum</strong></span> <span class='ocrx_word' id='word_1_574' title='bbox 3365 3052 3539 3107; x_wconf 86' lang='lat' dir='ltr'><strong>virum</strong></span> 
     </span>
    </p>
   </div>
   <div class='ocr_carea' id='block_1_76' title="bbox 2004 3140 3539 3241">
    <p class='ocr_par' dir='ltr' id='par_1_76' title="bbox 2004 3140 3539 3241">
     <span class='ocr_line' id='line_1_76' title="bbox 2004 3140 3539 3241; baseline -0.007 -39"><span class='ocrx_word' id='word_1_575' title='bbox 2004 3150 2181 3241; x_wconf 56' lang='lat' dir='ltr'><strong>tribus</strong></span> <span class='ocrx_word' id='word_1_576' title='bbox 2204 3147 2615 3217; x_wconf 84' lang='lat' dir='ltr'><strong>progenitorem.</strong></span> <span class='ocrx_word' id='word_1_577' title='bbox 2646 3144 2911 3209; x_wconf 85' lang='lat' dir='ltr'><strong>Quoniam</strong></span> <span class='ocrx_word' id='word_1_578' title='bbox 2945 3142 3048 3213; x_wconf 88' lang='lat' dir='ltr'><strong>ipsi</strong></span> <span class='ocrx_word' id='word_1_579' title='bbox 3072 3141 3283 3196; x_wconf 88' lang='lat' dir='ltr'><strong>insidiis</strong></span> <span class='ocrx_word' id='word_1_580' title='bbox 3315 3140 3539 3193; x_wconf 83' lang='lat' dir='ltr'><strong>fratrum</strong></span> 
     </span>
    </p>
   </div>
   <div class='ocr_carea' id='block_1_77' title="bbox 2006 3230 3537 3309">
    <p class='ocr_par' dir='ltr' id='par_1_77' title="bbox 2006 3230 3537 3309">
     <span class='ocr_line' id='line_1_77' title="bbox 2006 3230 3537 3309; baseline -0.005 -16"><span class='ocrx_word' id='word_1_581' title='bbox 2006 3230 2269 3309; x_wconf 55' lang='lat' dir='ltr'><strong>impe&#39;tito,</strong></span> <span class='ocrx_word' id='word_1_582' title='bbox 2303 3236 2586 3291; x_wconf 86' lang='lat' dir='ltr'><strong>lsmaelitis</strong></span> <span class='ocrx_word' id='word_1_583' title='bbox 2616 3235 2853 3299; x_wconf 90' lang='lat' dir='ltr'><strong>vendito,</strong></span> <span class='ocrx_word' id='word_1_584' title='bbox 2885 3232 2939 3286; x_wconf 90' lang='lat' dir='ltr'><strong>in</strong></span> <span class='ocrx_word' id='word_1_585' title='bbox 2968 3230 3253 3301; x_wconf 67' lang='lat' dir='ltr'><strong>Egyptum</strong></span> <span class='ocrx_word' id='word_1_586' title='bbox 3286 3232 3537 3292; x_wconf 87' lang='lat' dir='ltr'><strong>deducto,</strong></span> 
     </span>
    </p>
   </div>
   <div class='ocr_carea' id='block_1_78' title="bbox 2005 3323 3537 3398">
    <p class='ocr_par' dir='ltr' id='par_1_78' title="bbox 2005 3323 3537 3398">
     <span class='ocr_line' id='line_1_78' title="bbox 2005 3323 3537 3398; baseline -0.007 -15"><span class='ocrx_word' id='word_1_587' title='bbox 2005 3328 2282 3398; x_wconf 76' lang='lat' dir='ltr'><strong>Petephrte</strong></span> <span class='ocrx_word' id='word_1_588' title='bbox 2311 3326 2583 3390; x_wconf 83' lang='lat' dir='ltr'><strong>servienti,</strong></span> <span class='ocrx_word' id='word_1_589' title='bbox 2608 3323 2929 3392; x_wconf 89' lang='lat' dir='ltr'><strong>impudicam</strong></span> <span class='ocrx_word' id='word_1_590' title='bbox 2956 3323 3228 3377; x_wconf 89' lang='lat' dir='ltr'><strong>dominam</strong></span> <span class='ocrx_word' id='word_1_591' title='bbox 3249 3324 3537 3385; x_wconf 87' lang='lat' dir='ltr'><strong>aversanti,</strong></span> 
     </span>
    </p>
   </div>
   <div class='ocr_carea' id='block_1_79' title="bbox 2006 3410 3540 3481">
    <p class='ocr_par' dir='ltr' id='par_1_79' title="bbox 2006 3410 3540 3481">
     <span class='ocr_line' id='line_1_79' title="bbox 2006 3410 3540 3481; baseline -0.007 -8"><span class='ocrx_word' id='word_1_592' title='bbox 2006 3421 2060 3474; x_wconf 94' lang='lat' dir='ltr'><strong>in</strong></span> <span class='ocrx_word' id='word_1_593' title='bbox 2088 3433 2357 3473; x_wconf 85' lang='lat' dir='ltr'><strong>carcerem</strong></span> <span class='ocrx_word' id='word_1_594' title='bbox 2394 3417 2519 3469; x_wconf 90' lang='lat' dir='ltr'><strong>item</strong></span> <span class='ocrx_word' id='word_1_595' title='bbox 2568 3415 2832 3481; x_wconf 81' lang='lat' dir='ltr'><strong>conjecto,</strong></span> <span class='ocrx_word' id='word_1_596' title='bbox 2860 3412 3066 3466; x_wconf 89' lang='lat' dir='ltr'><strong>aderat.</strong></span> <span class='ocrx_word' id='word_1_597' title='bbox 3100 3410 3233 3465; x_wconf 81' lang='lat' dir='ltr'><strong>Nam</strong></span> <span class='ocrx_word' id='word_1_598' title='bbox 3279 3412 3331 3464; x_wconf 90' lang='lat' dir='ltr'><strong>in</strong></span> <span class='ocrx_word' id='word_1_599' title='bbox 3364 3411 3540 3464; x_wconf 85' lang='lat' dir='ltr'><strong>omni-</strong></span> 
     </span>
    </p>
   </div>
   <div class='ocr_carea' id='block_1_80' title="bbox 2006 3502 3535 3575">
    <p class='ocr_par' dir='ltr' id='par_1_80' title="bbox 2006 3502 3535 3575">
     <span class='ocr_line' id='line_1_80' title="bbox 2006 3502 3535 3575; baseline -0.007 -11"><span class='ocrx_word' id='word_1_600' title='bbox 2006 3511 2105 3565; x_wconf 88' lang='lat' dir='ltr'><strong>bus</strong></span> <span class='ocrx_word' id='word_1_601' title='bbox 2133 3509 2217 3563; x_wconf 90' lang='lat' dir='ltr'><strong>bis</strong></span> <span class='ocrx_word' id='word_1_602' title='bbox 2251 3508 2488 3562; x_wconf 82' lang='lat' dir='ltr'><strong>adfuisse</strong></span> <span class='ocrx_word' id='word_1_603' title='bbox 2509 3503 2707 3575; x_wconf 78' lang='lat' dir='ltr'><strong>Moysis</strong></span> <span class='ocrx_word' id='word_1_604' title='bbox 2743 3504 3011 3572; x_wconf 87' lang='lat' dir='ltr'><strong>scriptura</strong></span> <span class='ocrx_word' id='word_1_605' title='bbox 3047 3510 3434 3557; x_wconf 90' lang='lat' dir='ltr'><strong>commemorat</strong></span> <span class='ocrx_word' id='word_1_606' title='bbox 3458 3502 3535 3555; x_wconf 88' lang='lat' dir='ltr'><strong>di-</strong></span> 
     </span>
    </p>
   </div>
   <div class='ocr_carea' id='block_1_81' title="bbox 2004 3582 3537 3667">
    <p class='ocr_par' dir='ltr' id='par_1_81' title="bbox 2004 3582 3537 3667">
     <span class='ocr_line' id='line_1_81' title="bbox 2004 3582 3537 3667; baseline -0.007 -13"><span class='ocrx_word' id='word_1_607' title='bbox 2004 3615 2133 3654; x_wconf 85' lang='lat' dir='ltr'><strong>cens</strong></span> <span class='ocrx_word' id='word_1_608' title='bbox 2160 3616 2173 3649; x_wconf 89' lang='lat'><strong>:</strong></span> <span class='ocrx_word' id='word_1_609' title='bbox 2206 3598 2271 3650; x_wconf 89' lang='lat' dir='ltr'><strong>Et</strong></span> <span class='ocrx_word' id='word_1_610' title='bbox 2303 3606 2414 3651; x_wconf 86' lang='lat' dir='ltr'><strong>erat</strong></span> <span class='ocrx_word' id='word_1_611' title='bbox 2442 3594 2696 3649; x_wconf 78' lang='lat' dir='ltr'><strong>Dominus</strong></span> <span class='ocrx_word' id='word_1_612' title='bbox 2743 3582 2859 3647; x_wconf 81' lang='lat' dir='ltr'><strong>cum</strong></span> <span class='ocrx_word' id='word_1_613' title='bbox 2897 3592 3085 3667; x_wconf 71' lang='lat' dir='ltr'><strong>Ioseph</strong></span> <span class='ocrx_word' id='word_1_614' title='bbox 3105 3594 3169 3646; x_wconf 81' lang='grc'><strong>⁶¹.</strong></span> <span class='ocrx_word' id='word_1_615' title='bbox 3206 3590 3358 3645; x_wconf 88' lang='lat' dir='ltr'><strong>Unde</strong></span> <span class='ocrx_word' id='word_1_616' title='bbox 3386 3606 3537 3645; x_wconf 89' lang='lat' dir='ltr'><strong>com-</strong></span> 
     </span>
    </p>
   </div>
   <div class='ocr_carea' id='block_1_82' title="bbox 2005 3683 3532 3753">
    <p class='ocr_par' dir='ltr' id='par_1_82' title="bbox 2005 3683 3532 3753">
     <span class='ocr_line' id='line_1_82' title="bbox 2005 3683 3532 3753; baseline -0.005 -10"><span class='ocrx_word' id='word_1_617' title='bbox 2005 3690 2216 3744; x_wconf 86' lang='lat' dir='ltr'><strong>modius</strong></span> <span class='ocrx_word' id='word_1_618' title='bbox 2263 3688 2489 3742; x_wconf 88' lang='lat' dir='ltr'><strong>vertisse</strong></span> <span class='ocrx_word' id='word_1_619' title='bbox 2511 3686 2641 3739; x_wconf 90' lang='lat' dir='ltr'><strong>mihi</strong></span> <span class='ocrx_word' id='word_1_620' title='bbox 2678 3686 2889 3739; x_wconf 88' lang='lat' dir='ltr'><strong>videtur</strong></span> <span class='ocrx_word' id='word_1_621' title='bbox 2939 3684 3256 3745; x_wconf 86' lang='lat' dir='ltr'><strong>Theodotio,</strong></span> <span class='ocrx_word' id='word_1_622' title='bbox 3289 3685 3377 3753; x_wconf 91' lang='lat' dir='ltr'><strong>qui</strong></span> <span class='ocrx_word' id='word_1_623' title='bbox 3410 3683 3485 3736; x_wconf 88' lang='lat' dir='ltr'><strong>ait</strong></span> <span class='ocrx_word' id='word_1_624' title='bbox 3520 3702 3532 3736; x_wconf 94' lang='lat'>:</span> 
     </span>
    </p>
   </div>
   <div class='ocr_carea' id='block_1_83' title="bbox 2006 3774 3537 3846">
    <p class='ocr_par' dir='ltr' id='par_1_83' title="bbox 2006 3774 3537 3846">
     <span class='ocr_line' id='line_1_83' title="bbox 2006 3774 3537 3846; baseline -0.001 -15"><span class='ocrx_word' id='word_1_625' title='bbox 2006 3779 2109 3845; x_wconf 84' lang='lat' dir='ltr'><strong>Qui</strong></span> <span class='ocrx_word' id='word_1_626' title='bbox 2132 3778 2340 3832; x_wconf 84' lang='lat' dir='ltr'><strong>deducis</strong></span> <span class='ocrx_word' id='word_1_627' title='bbox 2368 3779 2518 3846; x_wconf 75' lang='lat' dir='ltr'><strong>quasi</strong></span> <span class='ocrx_word' id='word_1_628' title='bbox 2549 3794 2689 3831; x_wconf 79' lang='lat' dir='ltr'><strong>ovem</strong></span> <span class='ocrx_word' id='word_1_629' title='bbox 2729 3776 2939 3843; x_wconf 68' lang='lat' dir='ltr'><strong>Ioseph.</strong></span> <span class='ocrx_word' id='word_1_630' title='bbox 2973 3775 3047 3829; x_wconf 89' lang='lat' dir='ltr'><strong>lta</strong></span> <span class='ocrx_word' id='word_1_631' title='bbox 3078 3792 3290 3846; x_wconf 86' lang='lat' dir='ltr'><strong>quoque</strong></span> <span class='ocrx_word' id='word_1_632' title='bbox 3338 3774 3537 3829; x_wconf 77' lang='lat' dir='ltr'><strong>dixeris</strong></span> 
     </span>
    </p>
   </div>
   <div class='ocr_carea' id='block_1_84' title="bbox 2005 3866 3537 3939">
    <p class='ocr_par' dir='ltr' id='par_1_84' title="bbox 2005 3866 3537 3939">
     <span class='ocr_line' id='line_1_84' title="bbox 2005 3866 3537 3939; baseline -0.006 -15"><span class='ocrx_word' id='word_1_633' title='bbox 2005 3870 2182 3939; x_wconf 72' lang='lat' dir='ltr'><strong>ipsum</strong></span> <span class='ocrx_word' id='word_1_634' title='bbox 2210 3868 2483 3933; x_wconf 86' lang='lat' dir='ltr'><strong>lsraelem,</strong></span> <span class='ocrx_word' id='word_1_635' title='bbox 2506 3870 2596 3938; x_wconf 78' lang='lat' dir='ltr'><strong>qui</strong></span> <span class='ocrx_word' id='word_1_636' title='bbox 2630 3869 2837 3939; x_wconf 88' lang='lat' dir='ltr'><strong>primus</strong></span> <span class='ocrx_word' id='word_1_637' title='bbox 2866 3866 2969 3921; x_wconf 86' lang='lat' dir='ltr'><strong>hoc</strong></span> <span class='ocrx_word' id='word_1_638' title='bbox 2995 3868 3213 3922; x_wconf 86' lang='lat' dir='ltr'><strong>nomine</strong></span> <span class='ocrx_word' id='word_1_639' title='bbox 3241 3866 3537 3934; x_wconf 79' lang='lat' dir='ltr'><strong>appellatus</strong></span> 
     </span>
    </p>
   </div>
   <div class='ocr_carea' id='block_1_85' title="bbox 2003 3952 3533 4028">
    <p class='ocr_par' dir='ltr' id='par_1_85' title="bbox 2003 3952 3533 4028">
     <span class='ocr_line' id='line_1_85' title="bbox 2003 3952 3533 4028; baseline -0.008 -12"><span class='ocrx_word' id='word_1_640' title='bbox 2003 3970 2107 4024; x_wconf 86' lang='lat' dir='ltr'><strong>est,</strong></span> <span class='ocrx_word' id='word_1_641' title='bbox 2134 3974 2164 4013; x_wconf 85' lang='lat' dir='ltr'><strong>a</strong></span> <span class='ocrx_word' id='word_1_642' title='bbox 2200 3966 2415 4028; x_wconf 83' lang='lat' dir='ltr'><strong>pastore</strong></span> <span class='ocrx_word' id='word_1_643' title='bbox 2452 3960 2670 4013; x_wconf 90' lang='lat' dir='ltr'><strong>ductum</strong></span> <span class='ocrx_word' id='word_1_644' title='bbox 2701 3958 2889 4013; x_wconf 81' lang='lat' dir='ltr'><strong>fuisse.</strong></span> <span class='ocrx_word' id='word_1_645' title='bbox 2922 3956 3021 4010; x_wconf 82' lang='lat' dir='ltr'><strong>Hic</strong></span> <span class='ocrx_word' id='word_1_646' title='bbox 3048 3970 3173 4010; x_wconf 84' lang='lat' dir='ltr'><strong>vero</strong></span> <span class='ocrx_word' id='word_1_647' title='bbox 3199 3952 3363 4007; x_wconf 85' lang='lat' dir='ltr'><strong>Jacob</strong></span> <span class='ocrx_word' id='word_1_648' title='bbox 3398 3960 3533 4011; x_wconf 87' lang='lat' dir='ltr'><strong>erat,</strong></span> 
     </span>
    </p>
   </div>
   <div class='ocr_carea' id='block_1_86' title="bbox 2006 4035 3535 4111">
    <p class='ocr_par' dir='ltr' id='par_1_86' title="bbox 2006 4035 3535 4111">
     <span class='ocr_line' id='line_1_86' title="bbox 2006 4035 3535 4111; baseline -0.007 -8"><span class='ocrx_word' id='word_1_649' title='bbox 2006 4050 2145 4105; x_wconf 84' lang='lat' dir='ltr'><strong>ﬁlius</strong></span> <span class='ocrx_word' id='word_1_650' title='bbox 2190 4050 2359 4104; x_wconf 88' lang='lat' dir='ltr'><strong>Isaac.</strong></span> <span class='ocrx_word' id='word_1_651' title='bbox 2402 4048 2534 4102; x_wconf 87' lang='lat' dir='ltr'><strong>Nam</strong></span> <span class='ocrx_word' id='word_1_652' title='bbox 2562 4049 2651 4101; x_wconf 89' lang='lat' dir='ltr'><strong>ille</strong></span> <span class='ocrx_word' id='word_1_653' title='bbox 2678 4035 2799 4101; x_wconf 80' lang='lat' dir='ltr'><strong>cum</strong></span> <span class='ocrx_word' id='word_1_654' title='bbox 2832 4047 2978 4100; x_wconf 88' lang='lat' dir='ltr'><strong>solus</strong></span> <span class='ocrx_word' id='word_1_655' title='bbox 2991 4046 3071 4098; x_wconf 81' lang='lat' dir='ltr'><strong>‘in</strong></span> <span class='ocrx_word' id='word_1_656' title='bbox 3100 4042 3535 4111; x_wconf 73' lang='lat' dir='ltr'><strong>Mesupotamiam</strong></span> 
     </span>
    </p>
   </div>
   <div class='ocr_carea' id='block_1_87' title="bbox 2004 4132 3540 4209">
    <p class='ocr_par' dir='ltr' id='par_1_87' title="bbox 2004 4132 3540 4209">
     <span class='ocr_line' id='line_1_87' title="bbox 2004 4132 3540 4209; baseline -0.008 -14"><span class='ocrx_word' id='word_1_657' title='bbox 2004 4155 2097 4209; x_wconf 85' lang='lat' dir='ltr'><strong>spe</strong></span> <span class='ocrx_word' id='word_1_658' title='bbox 2118 4141 2172 4193; x_wconf 91' lang='lat' dir='ltr'><strong>in</strong></span> <span class='ocrx_word' id='word_1_659' title='bbox 2198 4138 2363 4193; x_wconf 89' lang='lat' dir='ltr'><strong>Deum</strong></span> <span class='ocrx_word' id='word_1_660' title='bbox 2388 4140 2553 4192; x_wconf 80' lang='lat' dir='ltr'><strong>fultus</strong></span> <span class='ocrx_word' id='word_1_661' title='bbox 2579 4137 2951 4200; x_wconf 88' lang='lat' dir='ltr'><strong>descenderet,</strong></span> <span class='ocrx_word' id='word_1_662' title='bbox 2974 4142 3241 4205; x_wconf 85' lang='lat' dir='ltr'><strong>pastorem</strong></span> <span class='ocrx_word' id='word_1_663' title='bbox 3270 4147 3427 4186; x_wconf 87' lang='lat' dir='ltr'><strong>suum</strong></span> <span class='ocrx_word' id='word_1_664' title='bbox 3457 4132 3540 4183; x_wconf 83' lang='lat' dir='ltr'><strong>in-</strong></span> 
     </span>
    </p>
   </div>
   <div class='ocr_carea' id='block_1_88' title="bbox 2003 4221 3537 4299">
    <p class='ocr_par' dir='ltr' id='par_1_88' title="bbox 2003 4221 3537 4299">
     <span class='ocr_line' id='line_1_88' title="bbox 2003 4221 3537 4299; baseline -0.003 -19"><span class='ocrx_word' id='word_1_665' title='bbox 2003 4230 2149 4283; x_wconf 80' lang='lat' dir='ltr'><strong>venit</strong></span> <span class='ocrx_word' id='word_1_666' title='bbox 2190 4230 2281 4299; x_wconf 91' lang='lat' dir='ltr'><strong>qui</strong></span> <span class='ocrx_word' id='word_1_667' title='bbox 2332 4229 2515 4282; x_wconf 87' lang='lat' dir='ltr'><strong>aderat</strong></span> <span class='ocrx_word' id='word_1_668' title='bbox 2540 4228 2663 4289; x_wconf 89' lang='lat' dir='ltr'><strong>sibi,</strong></span> <span class='ocrx_word' id='word_1_669' title='bbox 2706 4226 2938 4281; x_wconf 82' lang='lat' dir='ltr'><strong>Verbum</strong></span> <span class='ocrx_word' id='word_1_670' title='bbox 2981 4226 3186 4282; x_wconf 88' lang='lat' dir='ltr'><strong>scilicet</strong></span> <span class='ocrx_word' id='word_1_671' title='bbox 3233 4224 3347 4287; x_wconf 86' lang='lat' dir='ltr'><strong>Dei,</strong></span> <span class='ocrx_word' id='word_1_672' title='bbox 3396 4221 3537 4291; x_wconf 88' lang='lat' dir='ltr'><strong>quod</strong></span> 
     </span>
    </p>
   </div>
   <div class='ocr_carea' id='block_1_89' title="bbox 2005 4311 3539 4386">
    <p class='ocr_par' dir='ltr' id='par_1_89' title="bbox 2005 4311 3539 4386">
     <span class='ocr_line' id='line_1_89' title="bbox 2005 4311 3539 4386; baseline -0.006 -16"><span class='ocrx_word' id='word_1_673' title='bbox 2005 4318 2102 4386; x_wconf 89' lang='lat' dir='ltr'><strong>ipsi</strong></span> <span class='ocrx_word' id='word_1_674' title='bbox 2127 4330 2385 4385; x_wconf 87' lang='lat' dir='ltr'><strong>apparere</strong></span> <span class='ocrx_word' id='word_1_675' title='bbox 2408 4317 2632 4369; x_wconf 87' lang='lat' dir='ltr'><strong>solebat.</strong></span> <span class='ocrx_word' id='word_1_676' title='bbox 2663 4316 2978 4384; x_wconf 83' lang='lat' dir='ltr'><strong>Opportune</strong></span> <span class='ocrx_word' id='word_1_677' title='bbox 2998 4317 3178 4384; x_wconf 87' lang='lat' dir='ltr'><strong>itaque</strong></span> <span class='ocrx_word' id='word_1_678' title='bbox 3208 4312 3314 4367; x_wconf 89' lang='lat' dir='ltr'><strong>Deo</strong></span> <span class='ocrx_word' id='word_1_679' title='bbox 3336 4311 3539 4379; x_wconf 89' lang='lat' dir='ltr'><strong>suppli-</strong></span> 
     </span>
    </p>
   </div>
   <div class='ocr_carea' id='block_1_90' title="bbox 2004 4402 3537 4475">
    <p class='ocr_par' dir='ltr' id='par_1_90' title="bbox 2004 4402 3537 4475">
     <span class='ocr_line' id='line_1_90' title="bbox 2004 4402 3537 4475; baseline -0.005 -16"><span class='ocrx_word' id='word_1_680' title='bbox 2004 4422 2155 4468; x_wconf 89' lang='lat' dir='ltr'><strong>cans,</strong></span> <span class='ocrx_word' id='word_1_681' title='bbox 2180 4421 2285 4459; x_wconf 88' lang='lat' dir='ltr'><strong>non</strong></span> <span class='ocrx_word' id='word_1_682' title='bbox 2336 4406 2544 4459; x_wconf 90' lang='lat' dir='ltr'><strong>turbam</strong></span> <span class='ocrx_word' id='word_1_683' title='bbox 2592 4405 2878 4475; x_wconf 90' lang='lat' dir='ltr'><strong>impiorum</strong></span> <span class='ocrx_word' id='word_1_684' title='bbox 2906 4410 3208 4466; x_wconf 80' lang='lat' dir='ltr'><strong>&#39;memorat,</strong></span> <span class='ocrx_word' id='word_1_685' title='bbox 3246 4404 3337 4458; x_wconf 85' lang='lat' dir='ltr'><strong>sed</strong></span> <span class='ocrx_word' id='word_1_686' title='bbox 3376 4402 3537 4454; x_wconf 88' lang='lat' dir='ltr'><strong>unius</strong></span> 
     </span>
    </p>
   </div>
   <div class='ocr_carea' id='block_1_91' title="bbox 2004 4493 3538 4563">
    <p class='ocr_par' dir='ltr' id='par_1_91' title="bbox 2004 4493 3538 4563">
     <span class='ocr_line' id='line_1_91' title="bbox 2004 4493 3538 4563; baseline -0.003 -13"><span class='ocrx_word' id='word_1_687' title='bbox 2004 4506 2212 4552; x_wconf 91' lang='lat' dir='ltr'><strong>tantum</strong></span> <span class='ocrx_word' id='word_1_688' title='bbox 2241 4506 2293 4551; x_wconf 88' lang='lat' dir='ltr'><strong>et</strong></span> <span class='ocrx_word' id='word_1_689' title='bbox 2323 4498 2544 4551; x_wconf 87' lang='lat' dir='ltr'><strong>alterius</strong></span> <span class='ocrx_word' id='word_1_690' title='bbox 2566 4512 2627 4549; x_wconf 78' lang='lat' dir='ltr'><strong>ex</strong></span> <span class='ocrx_word' id='word_1_691' title='bbox 2653 4497 2920 4563; x_wconf 84' lang='lat' dir='ltr'><strong>religiosis</strong></span> <span class='ocrx_word' id='word_1_692' title='bbox 2939 4497 3044 4550; x_wconf 90' lang='lat' dir='ltr'><strong>illis</strong></span> <span class='ocrx_word' id='word_1_693' title='bbox 3072 4496 3198 4549; x_wconf 90' lang='lat' dir='ltr'><strong>olim</strong></span> <span class='ocrx_word' id='word_1_694' title='bbox 3231 4493 3359 4548; x_wconf 80' lang='lat' dir='ltr'><strong>viris</strong></span> <span class='ocrx_word' id='word_1_695' title='bbox 3392 4506 3538 4545; x_wconf 87' lang='lat' dir='ltr'><strong>men-</strong></span> 
     </span>
    </p>
   </div>
   <div class='ocr_carea' id='block_1_92' title="bbox 369 4578 2109 4658">
    <p class='ocr_par' dir='ltr' id='par_1_92' title="bbox 369 4578 2109 4658">
     <span class='ocr_line' id='line_1_92' title="bbox 369 4578 2109 4658; baseline 0.007 -29"><span class='ocrx_word' id='word_1_696' title='bbox 369 4594 430 4629; x_wconf 85' lang='grc' dir='ltr'><strong>τε</strong></span> <span class='ocrx_word' id='word_1_697' title='bbox 452 4578 837 4658; x_wconf 88' lang='grc' dir='ltr'>καθειργμένῳ.</span> <span class='ocrx_word' id='word_1_698' title='bbox 876 4579 958 4631; x_wconf 82' lang='grc' dir='ltr'>Ἐν</span> <span class='ocrx_word' id='word_1_699' title='bbox 984 4579 1113 4630; x_wconf 80' lang='grc' dir='ltr'>πᾶσι</span> <span class='ocrx_word' id='word_1_700' title='bbox 1134 4579 1259 4646; x_wconf 90' lang='grc' dir='ltr'>γοῦν</span> <span class='ocrx_word' id='word_1_701' title='bbox 1278 4581 1481 4643; x_wconf 85' lang='grc' dir='ltr'>τούτοις</span> <span class='ocrx_word' id='word_1_702' title='bbox 1500 4582 1903 4650; x_wconf 72' lang='grc' dir='ltr'>ἐπισημαίνεται</span> <span class='ocrx_word' id='word_1_703' title='bbox 1932 4594 1980 4652; x_wconf 84' lang='grc' dir='ltr'><strong>ι)</strong></span> <span class='ocrx_word' id='word_1_704' title='bbox 2007 4589 2109 4640; x_wconf 84' lang='lat' dir='ltr'><strong>tion</strong></span> 
     </span>
    </p>
   </div>
   <div class='ocr_carea' id='block_1_93' title="bbox 1796 4578 3536 4658">
    <p class='ocr_par' dir='ltr' id='par_1_93' title="bbox 1796 4580 3536 4654">
     <span class='ocr_line' id='line_1_93' title="bbox 1796 4580 3536 4654; baseline -0.001 -20"><span class='ocrx_word' id='word_1_705' title='bbox 1796 4600 1903 4636; x_wconf 84' lang='grc' dir='ltr'>εται</span> <span class='ocrx_word' id='word_1_706' title='bbox 1932 4594 1980 4652; x_wconf 84' lang='grc' dir='ltr'><strong>ι)</strong></span> <span class='ocrx_word' id='word_1_707' title='bbox 2007 4589 2204 4641; x_wconf 89' lang='lat' dir='ltr'><strong>tionem</strong></span> <span class='ocrx_word' id='word_1_708' title='bbox 2239 4585 2388 4651; x_wconf 80' lang='lat' dir='ltr'><strong>facit,</strong></span> <span class='ocrx_word' id='word_1_709' title='bbox 2430 4601 2492 4647; x_wconf 80' lang='lat' dir='ltr'><strong>ex</strong></span> <span class='ocrx_word' id='word_1_710' title='bbox 2525 4586 2925 4654; x_wconf 85' lang='lat' dir='ltr'><strong>progenitorum</strong></span> <span class='ocrx_word' id='word_1_711' title='bbox 2971 4586 3166 4636; x_wconf 88' lang='lat' dir='ltr'><strong>virtute</strong></span> <span class='ocrx_word' id='word_1_712' title='bbox 3202 4589 3255 4633; x_wconf 86' lang='lat' dir='ltr'><strong>et</strong></span> <span class='ocrx_word' id='word_1_713' title='bbox 3283 4580 3536 4647; x_wconf 80' lang='lat' dir='ltr'><strong>religione</strong></span> 
     </span>
    </p>
   </div>
   <div class='ocr_carea' id='block_1_94' title="bbox 370 4665 1905 4745">
    <p class='ocr_par' dir='ltr' id='par_1_94' title="bbox 370 4665 1905 4745">
     <span class='ocr_line' id='line_1_94' title="bbox 370 4665 1905 4745; baseline 0.006 -29"><span class='ocrx_word' id='word_1_714' title='bbox 370 4665 405 4745; x_wconf 79' lang='grc' dir='ltr'><strong>ή</strong></span> <span class='ocrx_word' id='word_1_715' title='bbox 439 4666 709 4728; x_wconf 83' lang='grc' dir='ltr'>Μωῦσέως</span> <span class='ocrx_word' id='word_1_716' title='bbox 748 4667 927 4737; x_wconf 85' lang='grc' dir='ltr'>γραφὴ</span> <span class='ocrx_word' id='word_1_717' title='bbox 962 4665 1218 4731; x_wconf 74' lang='grc' dir='ltr'>λέγουσαο</span> <span class='ocrx_word' id='word_1_718' title='bbox 1256 4668 1364 4721; x_wconf 83' lang='lat' dir='ltr'><strong>Kal</strong></span> <span class='ocrx_word' id='word_1_719' title='bbox 1398 4665 1475 4737; x_wconf 77' lang='grc' dir='ltr'>ἦν</span> <span class='ocrx_word' id='word_1_720' title='bbox 1517 4671 1727 4736; x_wconf 80' lang='grc' dir='ltr'>Κύριος</span> <span class='ocrx_word' id='word_1_721' title='bbox 1756 4674 1905 4737; x_wconf 80' lang='grc' dir='ltr'>μετὰ</span> 
     </span>
    </p>
   </div>
   <div class='ocr_carea' id='block_1_95' title="bbox 385 4755 1905 4829">
    <p class='ocr_par' dir='ltr' id='par_1_95' title="bbox 385 4755 1905 4829">
     <span class='ocr_line' id='line_1_95' title="bbox 385 4755 1905 4829; baseline 0.003 -21"><span class='ocrx_word' id='word_1_722' title='bbox 385 4756 790 4823; x_wconf 74' lang='grc' dir='ltr'>’1ωσήφ.”Οθεν</span> <span class='ocrx_word' id='word_1_723' title='bbox 825 4774 912 4827; x_wconf 90' lang='grc' dir='ltr'><strong>μοι</strong></span> <span class='ocrx_word' id='word_1_724' title='bbox 927 4757 1069 4809; x_wconf 84' lang='grc' dir='ltr'>δοκεῖ</span> <span class='ocrx_word' id='word_1_725' title='bbox 1098 4755 1421 4827; x_wconf 83' lang='grc' dir='ltr'>κυριώτερον</span> <span class='ocrx_word' id='word_1_726' title='bbox 1453 4760 1843 4829; x_wconf 83' lang='grc' dir='ltr'>ήρμηνευκέναι</span> <span class='ocrx_word' id='word_1_727' title='bbox 1875 4763 1905 4813; x_wconf 84' lang='grc' dir='ltr'>ὁ</span> 
     </span>
    </p>
   </div>
   <div class='ocr_carea' id='block_1_96' title="bbox 369 4841 1905 4913">
    <p class='ocr_par' dir='ltr' id='par_1_96' title="bbox 369 4841 1905 4913">
     <span class='ocr_line' id='line_1_96' title="bbox 369 4841 1905 4913; baseline 0.005 -19"><span class='ocrx_word' id='word_1_728' title='bbox 369 4841 653 4896; x_wconf 86' lang='grc' dir='ltr'>Θεοδοτίων</span> <span class='ocrx_word' id='word_1_729' title='bbox 692 4846 887 4912; x_wconf 80' lang='grc' dir='ltr'>φήσας·</span> <span class='ocrx_word' id='word_1_730' title='bbox 942 4845 1005 4897; x_wconf 89' lang='lat'><strong>&#39;0</strong></span> <span class='ocrx_word' id='word_1_731' title='bbox 1036 4842 1375 4911; x_wconf 70' lang='grc' dir='ltr'>καθοδηγῶν</span> <span class='ocrx_word' id='word_1_732' title='bbox 1413 4848 1553 4899; x_wconf 80' lang='grc' dir='ltr'>ὡσεὶ</span> <span class='ocrx_word' id='word_1_733' title='bbox 1615 4848 1905 4913; x_wconf 81' lang='grc' dir='ltr'>πρόϐατον</span> 
     </span>
    </p>
   </div>
   <div class='ocr_carea' id='block_1_97' title="bbox 371 4926 1905 5007">
    <p class='ocr_par' dir='ltr' id='par_1_97' title="bbox 371 4926 1905 5007">
     <span class='ocr_line' id='line_1_97' title="bbox 371 4926 1905 5007; baseline 0.005 -24"><span class='ocrx_word' id='word_1_734' title='bbox 371 4936 474 4984; x_wconf 83' lang='grc' dir='ltr'>τὸν</span> <span class='ocrx_word' id='word_1_735' title='bbox 512 4933 738 5003; x_wconf 76' lang='grc' dir='ltr'>Ἰωσήφ.</span> <span class='ocrx_word' id='word_1_736' title='bbox 772 4934 925 4987; x_wconf 76' lang='grc' dir='ltr'>Οὕτω</span> <span class='ocrx_word' id='word_1_737' title='bbox 951 4936 996 4988; x_wconf 79' lang='grc' dir='ltr'>δ’</span> <span class='ocrx_word' id='word_1_738' title='bbox 1021 4936 1086 4989; x_wconf 75' lang='grc' dir='ltr'>ἂν</span> <span class='ocrx_word' id='word_1_739' title='bbox 1112 4934 1281 4996; x_wconf 75' lang='grc' dir='ltr'>εἴποις</span> <span class='ocrx_word' id='word_1_740' title='bbox 1308 4926 1402 4989; x_wconf 74' lang='grc' dir='ltr'>καὶ</span> <span class='ocrx_word' id='word_1_741' title='bbox 1429 4936 1784 5007; x_wconf 85' lang='grc' dir='ltr'>πεποιμάνθαι</span> <span class='ocrx_word' id='word_1_742' title='bbox 1810 4940 1905 4992; x_wconf 83' lang='grc' dir='ltr'><strong>αὑ-</strong></span> 
     </span>
    </p>
   </div>
   <div class='ocr_carea' id='block_1_98' title="bbox 369 5022 1903 5101">
    <p class='ocr_par' dir='ltr' id='par_1_98' title="bbox 369 5022 1903 5101">
     <span class='ocr_line' id='line_1_98' title="bbox 369 5022 1903 5101; baseline 0.003 -25"><span class='ocrx_word' id='word_1_743' title='bbox 369 5023 459 5076; x_wconf 73' lang='grc' dir='ltr'>τὸν</span> <span class='ocrx_word' id='word_1_744' title='bbox 486 5022 581 5075; x_wconf 70' lang='grc' dir='ltr'>τὸν</span> <span class='ocrx_word' id='word_1_745' title='bbox 624 5024 834 5095; x_wconf 81' lang='grc' dir='ltr'>Ἰσραὴλ</span> <span class='ocrx_word' id='word_1_746' title='bbox 860 5027 949 5080; x_wconf 77' lang='grc' dir='ltr'>τὸν</span> <span class='ocrx_word' id='word_1_747' title='bbox 976 5026 1187 5098; x_wconf 87' lang='grc' dir='ltr'>πρῶτον</span> <span class='ocrx_word' id='word_1_748' title='bbox 1212 5026 1617 5096; x_wconf 78' lang='grc' dir='ltr'>χρηματίσαντα</span> <span class='ocrx_word' id='word_1_749' title='bbox 1641 5028 1808 5098; x_wconf 78' lang='grc' dir='ltr'>ταύτῃ</span> <span class='ocrx_word' id='word_1_750' title='bbox 1836 5032 1903 5101; x_wconf 83' lang='grc' dir='ltr'>τῇ</span> 
     </span>
    </p>
   </div>
   <div class='ocr_carea' id='block_1_99' title="bbox 371 5110 1897 5184">
    <p class='ocr_par' dir='ltr' id='par_1_99' title="bbox 371 5110 1897 5184">
     <span class='ocr_line' id='line_1_99' title="bbox 371 5110 1897 5184; baseline 0.004 -18"><span class='ocrx_word' id='word_1_751' title='bbox 371 5114 718 5184; x_wconf 79' lang='grc' dir='ltr'>προσηγορίᾳ.</span> <span class='ocrx_word' id='word_1_752' title='bbox 746 5110 852 5168; x_wconf 83' lang='grc' dir='ltr'>Ἦν</span> <span class='ocrx_word' id='word_1_753' title='bbox 876 5118 931 5170; x_wconf 68' lang='grc' dir='ltr'>δὲ</span> <span class='ocrx_word' id='word_1_754' title='bbox 961 5112 1111 5181; x_wconf 75' lang='grc' dir='ltr'>οὗτος</span> <span class='ocrx_word' id='word_1_755' title='bbox 1151 5115 1359 5179; x_wconf 85' lang='grc' dir='ltr'>Ἰακὼϐ,</span> <span class='ocrx_word' id='word_1_756' title='bbox 1381 5120 1408 5170; x_wconf 82' lang='grc' dir='ltr'>ὁ</span> <span class='ocrx_word' id='word_1_757' title='bbox 1433 5122 1555 5182; x_wconf 79' lang='grc' dir='ltr'>παῖς</span> <span class='ocrx_word' id='word_1_758' title='bbox 1574 5118 1666 5171; x_wconf 91' lang='grc' dir='ltr'><strong>τοῦ</strong></span> <span class='ocrx_word' id='word_1_759' title='bbox 1699 5118 1897 5172; x_wconf 81' lang='grc' dir='ltr'>Ἰσαάκ.</span> 
     </span>
    </p>
   </div>
   <div class='ocr_carea' id='block_1_100' title="bbox 385 5205 1900 5282">
    <p class='ocr_par' dir='ltr' id='par_1_100' title="bbox 385 5205 1900 5282">
     <span class='ocr_line' id='line_1_100' title="bbox 385 5205 1900 5282; baseline 0.007 -27"><span class='ocrx_word' id='word_1_760' title='bbox 385 5205 531 5261; x_wconf 79' lang='grc' dir='ltr'>Ἐπεὶ</span> <span class='ocrx_word' id='word_1_761' title='bbox 553 5205 796 5268; x_wconf 77' lang='grc' dir='ltr'>κάκεῖνος</span> <span class='ocrx_word' id='word_1_762' title='bbox 821 5208 975 5275; x_wconf 85' lang='grc' dir='ltr'>μόνος</span> <span class='ocrx_word' id='word_1_763' title='bbox 993 5212 1070 5274; x_wconf 80' lang='grc' dir='ltr'><strong>είς</strong></span> <span class='ocrx_word' id='word_1_764' title='bbox 1094 5211 1192 5282; x_wconf 72' lang='grc' dir='ltr'>τὴν</span> <span class='ocrx_word' id='word_1_765' title='bbox 1218 5211 1383 5281; x_wconf 83' lang='grc' dir='ltr'>μέσην</span> <span class='ocrx_word' id='word_1_766' title='bbox 1397 5210 1503 5263; x_wconf 86' lang='grc' dir='ltr'><strong>τῶν</strong></span> <span class='ocrx_word' id='word_1_767' title='bbox 1528 5210 1780 5281; x_wconf 88' lang='grc' dir='ltr'>ποταμῶν</span> <span class='ocrx_word' id='word_1_768' title='bbox 1805 5229 1900 5265; x_wconf 89' lang='grc' dir='ltr'>κα-</span> 
     </span>
    </p>
   </div>
   <div class='ocr_carea' id='block_1_101' title="bbox 372 5283 1970 5371">
    <p class='ocr_par' dir='ltr' id='par_1_101' title="bbox 372 5283 1970 5371">
     <span class='ocr_line' id='line_1_101' title="bbox 372 5283 1970 5371; baseline 0.004 -22"><span class='ocrx_word' id='word_1_769' title='bbox 372 5294 537 5355; x_wconf 71' lang='grc' dir='ltr'>ταϐὰς</span> <span class='ocrx_word' id='word_1_770' title='bbox 571 5292 706 5363; x_wconf 77' lang='grc' dir='ltr'>μετὰ</span> <span class='ocrx_word' id='word_1_771' title='bbox 742 5295 840 5364; x_wconf 86' lang='grc' dir='ltr'>τῆς</span> <span class='ocrx_word' id='word_1_772' title='bbox 879 5298 957 5361; x_wconf 76' lang='grc' dir='ltr'><strong>είς</strong></span> <span class='ocrx_word' id='word_1_773' title='bbox 982 5298 1073 5351; x_wconf 85' lang='grc' dir='ltr'>τὸν</span> <span class='ocrx_word' id='word_1_774' title='bbox 1100 5300 1230 5354; x_wconf 85' lang='grc' dir='ltr'>Θεὸν</span> <span class='ocrx_word' id='word_1_775' title='bbox 1259 5300 1463 5362; x_wconf 75' lang='grc' dir='ltr'>ἐλπίδος</span> <span class='ocrx_word' id='word_1_776' title='bbox 1481 5339 1496 5364; x_wconf 91' lang='grc'><strong>,</strong></span> <span class='ocrx_word' id='word_1_777' title='bbox 1526 5300 1683 5353; x_wconf 82' lang='grc' dir='ltr'>αὐτὸν</span> <span class='ocrx_word' id='word_1_778' title='bbox 1708 5299 1902 5371; x_wconf 77' lang='grc' dir='ltr'>εὕρατο</span> <span class='ocrx_word' id='word_1_779' title='bbox 1964 5283 1970 5289; x_wconf 50' lang='grc'><em>’</em></span> 
     </span>
    </p>
   </div>
   <div class='ocr_carea' id='block_1_102' title="bbox 372 5384 1898 5471">
    <p class='ocr_par' dir='ltr' id='par_1_102' title="bbox 372 5384 1898 5471">
     <span class='ocr_line' id='line_1_102' title="bbox 372 5384 1898 5471; baseline 0.002 -34"><span class='ocrx_word' id='word_1_780' title='bbox 372 5384 599 5462; x_wconf 73' lang='grc' dir='ltr'>ποιμένα</span> <span class='ocrx_word' id='word_1_781' title='bbox 630 5384 719 5436; x_wconf 80' lang='grc' dir='ltr'>τὸν</span> <span class='ocrx_word' id='word_1_782' title='bbox 757 5384 1151 5471; x_wconf 63' lang='grc' dir='ltr'>συνόνταηαὺπῇ</span> <span class='ocrx_word' id='word_1_783' title='bbox 1176 5390 1267 5442; x_wconf 88' lang='grc' dir='ltr'><strong>τοῦ</strong></span> <span class='ocrx_word' id='word_1_784' title='bbox 1306 5388 1439 5442; x_wconf 86' lang='grc' dir='ltr'>Θεοῦ</span> <span class='ocrx_word' id='word_1_785' title='bbox 1463 5389 1657 5458; x_wconf 81' lang='grc' dir='ltr'>Λόγον,</span> <span class='ocrx_word' id='word_1_786' title='bbox 1682 5387 1774 5467; x_wconf 60' lang='grc' dir='ltr'>τὸν</span> <span class='ocrx_word' id='word_1_787' title='bbox 1803 5388 1898 5453; x_wconf 76' lang='grc' dir='ltr'>τὰς</span> 
     </span>
    </p>
   </div>
   <div class='ocr_carea' id='block_1_103' title="bbox 372 5472 1899 5551">
    <p class='ocr_par' dir='ltr' id='par_1_103' title="bbox 372 5472 1899 5551">
     <span class='ocr_line' id='line_1_103' title="bbox 372 5472 1899 5551; baseline 0.005 -26"><span class='ocrx_word' id='word_1_788' title='bbox 372 5472 680 5540; x_wconf 72' lang='grc' dir='ltr'>ἐπιφανείας</span> <span class='ocrx_word' id='word_1_789' title='bbox 706 5475 851 5545; x_wconf 83' lang='grc' dir='ltr'>αὐτῷ</span> <span class='ocrx_word' id='word_1_790' title='bbox 882 5479 1254 5547; x_wconf 85' lang='grc' dir='ltr'>πεποιημένον.</span> <span class='ocrx_word' id='word_1_791' title='bbox 1315 5479 1592 5551; x_wconf 77' lang='grc' dir='ltr'>Εὑκαίρως</span> <span class='ocrx_word' id='word_1_792' title='bbox 1618 5475 1707 5532; x_wconf 86' lang='grc' dir='ltr'>οὗν</span> <span class='ocrx_word' id='word_1_793' title='bbox 1731 5479 1899 5533; x_wconf 81' lang='grc' dir='ltr'>δυσω-</span> 
     </span>
    </p>
   </div>
   <div class='ocr_carea' id='block_1_104' title="bbox 374 5562 1901 5639">
    <p class='ocr_par' dir='ltr' id='par_1_104' title="bbox 374 5562 1901 5639">
     <span class='ocr_line' id='line_1_104' title="bbox 374 5562 1901 5639; baseline 0.003 -22"><span class='ocrx_word' id='word_1_794' title='bbox 374 5563 489 5617; x_wconf 78' lang='grc' dir='ltr'><strong>πῶν</strong></span> <span class='ocrx_word' id='word_1_795' title='bbox 518 5564 546 5614; x_wconf 83' lang='grc' dir='ltr'>ὁ</span> <span class='ocrx_word' id='word_1_796' title='bbox 570 5562 720 5628; x_wconf 76' lang='grc' dir='ltr'>λόγος</span> <span class='ocrx_word' id='word_1_797' title='bbox 756 5563 845 5617; x_wconf 80' lang='grc' dir='ltr'>τὸν</span> <span class='ocrx_word' id='word_1_798' title='bbox 870 5565 1028 5631; x_wconf 82' lang='grc' dir='ltr'>Θεὸν,</span> <span class='ocrx_word' id='word_1_799' title='bbox 1072 5567 1132 5618; x_wconf 80' lang='grc' dir='ltr'>οὐ</span> <span class='ocrx_word' id='word_1_800' title='bbox 1160 5568 1399 5637; x_wconf 83' lang='grc' dir='ltr'>βούλεται</span> <span class='ocrx_word' id='word_1_801' title='bbox 1432 5568 1527 5639; x_wconf 86' lang='grc' dir='ltr'>μὲν</span> <span class='ocrx_word' id='word_1_802' title='bbox 1555 5569 1643 5621; x_wconf 86' lang='grc' dir='ltr'><strong>τοῦ</strong></span> <span class='ocrx_word' id='word_1_803' title='bbox 1674 5567 1901 5637; x_wconf 78' lang='grc' dir='ltr'>πλήθους</span> 
     </span>
    </p>
   </div>
   <div class='ocr_carea' id='block_1_105' title="bbox 2005 4669 3533 4747">
    <p class='ocr_par' dir='ltr' id='par_1_105' title="bbox 2005 4669 3533 4747">
     <span class='ocr_line' id='line_1_105' title="bbox 2005 4669 3533 4747; baseline -0.005 -16"><span class='ocrx_word' id='word_1_804' title='bbox 2005 4687 2247 4747; x_wconf 87' lang='lat' dir='ltr'><strong>posteros</strong></span> <span class='ocrx_word' id='word_1_805' title='bbox 2278 4691 2463 4728; x_wconf 90' lang='lat' dir='ltr'><strong>eorum</strong></span> <span class='ocrx_word' id='word_1_806' title='bbox 2488 4673 2905 4729; x_wconf 85' lang='lat' dir='ltr'><strong>misericordiam</strong></span> <span class='ocrx_word' id='word_1_807' title='bbox 2935 4670 3189 4739; x_wconf 91' lang='lat' dir='ltr'><strong>consequi</strong></span> <span class='ocrx_word' id='word_1_808' title='bbox 3220 4669 3533 4738; x_wconf 86' lang='lat' dir='ltr'><strong>deprecans.</strong></span> 
     </span>
    </p>
   </div>
   <div class='ocr_carea' id='block_1_106' title="bbox 2003 4760 3535 4834">
    <p class='ocr_par' dir='ltr' id='par_1_106' title="bbox 2003 4760 3535 4834">
     <span class='ocr_line' id='line_1_106' title="bbox 2003 4760 3535 4834; baseline -0.007 -13"><span class='ocrx_word' id='word_1_809' title='bbox 2003 4797 2072 4809; x_wconf 92' lang='lat'><strong>--</strong></span> <span class='ocrx_word' id='word_1_810' title='bbox 2110 4766 2267 4834; x_wconf 67' lang='lat' dir='ltr'><strong>Vsus.</strong></span> <span class='ocrx_word' id='word_1_811' title='bbox 2315 4766 2368 4820; x_wconf 79' lang='lat'><strong>&#39;5.</strong></span> <span class='ocrx_word' id='word_1_812' title='bbox 2426 4764 2701 4817; x_wconf 83' lang='lat' dir='ltr'><strong>ﬂicvero</strong></span> <span class='ocrx_word' id='word_1_813' title='bbox 2748 4763 2862 4831; x_wconf 90' lang='lat' dir='ltr'><strong>ipse</strong></span> <span class='ocrx_word' id='word_1_814' title='bbox 2899 4762 2988 4830; x_wconf 92' lang='lat' dir='ltr'><strong>qui</strong></span> <span class='ocrx_word' id='word_1_815' title='bbox 3046 4768 3353 4815; x_wconf 83' lang='lat' dir='ltr'><strong>sanctorum</strong></span> <span class='ocrx_word' id='word_1_816' title='bbox 3410 4760 3535 4811; x_wconf 88' lang='lat' dir='ltr'><strong>olim</strong></span> 
     </span>
    </p>
   </div>
   <div class='ocr_carea' id='block_1_107' title="bbox 2005 4851 3534 4924">
    <p class='ocr_par' dir='ltr' id='par_1_107' title="bbox 2005 4851 3534 4924">
     <span class='ocr_line' id='line_1_107' title="bbox 2005 4851 3534 4924; baseline -0.008 -16"><span class='ocrx_word' id='word_1_817' title='bbox 2005 4856 2246 4910; x_wconf 85' lang='lat' dir='ltr'><strong>virorum</strong></span> <span class='ocrx_word' id='word_1_818' title='bbox 2275 4863 2456 4924; x_wconf 79' lang='lat' dir='ltr'><strong>pastor</strong></span> <span class='ocrx_word' id='word_1_819' title='bbox 2481 4852 2599 4914; x_wconf 70' lang='lat' dir='ltr'><strong>fuit,</strong></span> <span class='ocrx_word' id='word_1_820' title='bbox 2634 4853 2679 4905; x_wconf 89' lang='lat' dir='ltr'><strong>is</strong></span> <span class='ocrx_word' id='word_1_821' title='bbox 2700 4853 2790 4920; x_wconf 87' lang='lat' dir='ltr'><strong>qui</strong></span> <span class='ocrx_word' id='word_1_822' title='bbox 2821 4852 3133 4906; x_wconf 86' lang='lat' dir='ltr'><strong>cherubinis</strong></span> <span class='ocrx_word' id='word_1_823' title='bbox 3162 4851 3372 4905; x_wconf 84' lang='lat' dir='ltr'><strong>vehitur</strong></span> <span class='ocrx_word' id='word_1_824' title='bbox 3398 4854 3534 4902; x_wconf 85' lang='lat' dir='ltr'><strong>erat.</strong></span> 
     </span>
    </p>
   </div>
   <div class='ocr_carea' id='block_1_108' title="bbox 2006 4936 3568 5013">
    <p class='ocr_par' dir='ltr' id='par_1_108' title="bbox 2006 4936 3568 5013">
     <span class='ocr_line' id='line_1_108' title="bbox 2006 4936 3568 5013; baseline -0.01 -12"><span class='ocrx_word' id='word_1_825' title='bbox 2006 4948 2339 5013; x_wconf 82' lang='lat' dir='ltr'><strong>Quibusnam</strong></span> <span class='ocrx_word' id='word_1_826' title='bbox 2397 4942 2735 5003; x_wconf 85' lang='lat' dir='ltr'><strong>cherubinis,</strong></span> <span class='ocrx_word' id='word_1_827' title='bbox 2779 4940 2883 4995; x_wconf 88' lang='lat' dir='ltr'><strong>nisi</strong></span> <span class='ocrx_word' id='word_1_828' title='bbox 2919 4942 2985 4994; x_wconf 89' lang='lat' dir='ltr'><strong>iis</strong></span> <span class='ocrx_word' id='word_1_829' title='bbox 3019 4941 3109 5010; x_wconf 90' lang='lat' dir='ltr'><strong>qui</strong></span> <span class='ocrx_word' id='word_1_830' title='bbox 3160 4941 3227 4992; x_wconf 89' lang='lat' dir='ltr'><strong>ab</strong></span> <span class='ocrx_word' id='word_1_831' title='bbox 3263 4936 3568 4992; x_wconf 74' lang='lat' dir='ltr'><strong>Ezechieln-</strong></span> 
     </span>
    </p>
   </div>
   <div class='ocr_carea' id='block_1_109' title="bbox 2004 5027 3538 5102">
    <p class='ocr_par' dir='ltr' id='par_1_109' title="bbox 2004 5027 3538 5102">
     <span class='ocr_line' id='line_1_109' title="bbox 2004 5027 3538 5102; baseline -0.008 -13"><span class='ocrx_word' id='word_1_832' title='bbox 2004 5038 2106 5091; x_wconf 89' lang='lat' dir='ltr'><strong>visi</strong></span> <span class='ocrx_word' id='word_1_833' title='bbox 2154 5044 2310 5096; x_wconf 84' lang='lat' dir='ltr'><strong>sunt,</strong></span> <span class='ocrx_word' id='word_1_834' title='bbox 2359 5047 2588 5102; x_wconf 84' lang='lat' dir='ltr'><strong>quorum</strong></span> <span class='ocrx_word' id='word_1_835' title='bbox 2638 5031 2898 5099; x_wconf 88' lang='lat' dir='ltr'><strong>imagines</strong></span> <span class='ocrx_word' id='word_1_836' title='bbox 2941 5039 2994 5083; x_wconf 91' lang='lat' dir='ltr'><strong>et</strong></span> <span class='ocrx_word' id='word_1_837' title='bbox 3058 5029 3297 5099; x_wconf 87' lang='lat' dir='ltr'><strong>symbola</strong></span> <span class='ocrx_word' id='word_1_838' title='bbox 3352 5027 3538 5094; x_wconf 77' lang='lat' dir='ltr'><strong>jussus</strong></span> 
     </span>
    </p>
   </div>
   <div class='ocr_carea' id='block_1_110' title="bbox 1958 5117 3537 5194">
    <p class='ocr_par' dir='ltr' id='par_1_110' title="bbox 1958 5117 3537 5194">
     <span class='ocr_line' id='line_1_110' title="bbox 1958 5117 3537 5194; baseline -0.007 -16"><span class='ocrx_word' id='word_1_839' title='bbox 1958 5160 1961 5161; x_wconf 50' lang='grc' dir='ltr'><strong>ν</strong></span> <span class='ocrx_word' id='word_1_840' title='bbox 2002 5124 2211 5194; x_wconf 80' lang='lat' dir='ltr'><strong>Moyses</strong></span> <span class='ocrx_word' id='word_1_841' title='bbox 2248 5137 2406 5191; x_wconf 86' lang='lat' dir='ltr'><strong>supra</strong></span> <span class='ocrx_word' id='word_1_842' title='bbox 2435 5138 2615 5176; x_wconf 88' lang='lat' dir='ltr'><strong>arcam</strong></span> <span class='ocrx_word' id='word_1_843' title='bbox 2646 5139 2708 5176; x_wconf 83' lang='lat' dir='ltr'><strong>ex</strong></span> <span class='ocrx_word' id='word_1_844' title='bbox 2735 5136 2866 5174; x_wconf 84' lang='lat' dir='ltr'><strong>auro</strong></span> <span class='ocrx_word' id='word_1_845' title='bbox 2885 5120 3095 5189; x_wconf 77' lang='grc' dir='ltr'>ροευίιῖ</span> <span class='ocrx_word' id='word_1_846' title='bbox 3121 5117 3405 5174; x_wconf 88' lang='lat' dir='ltr'><strong>Cherubim</strong></span> <span class='ocrx_word' id='word_1_847' title='bbox 3439 5129 3537 5168; x_wconf 77' lang='lat' dir='ltr'><strong>au-</strong></span> 
     </span>
    </p>
   </div>
   <div class='ocr_carea' id='block_1_111' title="bbox 2004 5204 3535 5283">
    <p class='ocr_par' dir='ltr' id='par_1_111' title="bbox 2004 5204 3535 5283">
     <span class='ocr_line' id='line_1_111' title="bbox 2004 5204 3535 5283; baseline -0.006 -16"><span class='ocrx_word' id='word_1_848' title='bbox 2004 5223 2109 5267; x_wconf 84' lang='lat' dir='ltr'><strong>tem</strong></span> <span class='ocrx_word' id='word_1_849' title='bbox 2148 5213 2388 5267; x_wconf 89' lang='lat' dir='ltr'><strong>meminit</strong></span> <span class='ocrx_word' id='word_1_850' title='bbox 2420 5212 2661 5268; x_wconf 63' lang='lat' dir='ltr'><strong>Ezmhiel</strong></span> <span class='ocrx_word' id='word_1_851' title='bbox 2687 5212 2789 5264; x_wconf 89' lang='lat' dir='ltr'><strong>hoc</strong></span> <span class='ocrx_word' id='word_1_852' title='bbox 2828 5218 2987 5283; x_wconf 89' lang='lat' dir='ltr'><strong>pacto</strong></span> <span class='ocrx_word' id='word_1_853' title='bbox 3014 5210 3275 5277; x_wconf 83' lang='lat' dir='ltr'><strong>loquens:</strong></span> <span class='ocrx_word' id='word_1_854' title='bbox 3312 5204 3378 5257; x_wconf 86' lang='lat' dir='ltr'><strong>Et</strong></span> <span class='ocrx_word' id='word_1_855' title='bbox 3407 5206 3535 5269; x_wconf 73' lang='lat' dir='ltr'><strong>vidi,</strong></span> 
     </span>
    </p>
   </div>
   <div class='ocr_carea' id='block_1_112' title="bbox 2003 5302 3535 5371">
    <p class='ocr_par' dir='ltr' id='par_1_112' title="bbox 2003 5302 3535 5371">
     <span class='ocr_line' id='line_1_112' title="bbox 2003 5302 3535 5371; baseline -0.007 -14"><span class='ocrx_word' id='word_1_856' title='bbox 2003 5312 2052 5357; x_wconf 83' lang='lat' dir='ltr'><strong>et</strong></span> <span class='ocrx_word' id='word_1_857' title='bbox 2073 5319 2184 5357; x_wconf 84' lang='lat' dir='ltr'><strong>ecce</strong></span> <span class='ocrx_word' id='word_1_858' title='bbox 2224 5318 2374 5369; x_wconf 80' lang='lat' dir='ltr'><strong>super</strong></span> <span class='ocrx_word' id='word_1_859' title='bbox 2408 5305 2821 5371; x_wconf 72' lang='lat' dir='ltr'><strong>ﬁrmamentum,</strong></span> <span class='ocrx_word' id='word_1_860' title='bbox 2859 5302 2993 5368; x_wconf 83' lang='lat' dir='ltr'><strong>quod</strong></span> <span class='ocrx_word' id='word_1_861' title='bbox 3034 5308 3145 5351; x_wconf 86' lang='lat' dir='ltr'><strong>erat</strong></span> <span class='ocrx_word' id='word_1_862' title='bbox 3190 5311 3341 5363; x_wconf 82' lang='lat' dir='ltr'><strong>super</strong></span> <span class='ocrx_word' id='word_1_863' title='bbox 3384 5306 3535 5363; x_wconf 82' lang='lat' dir='ltr'><strong>caput</strong></span> 
     </span>
    </p>
   </div>
   <div class='ocr_carea' id='block_1_113' title="bbox 2005 5376 3537 5465">
    <p class='ocr_par' dir='ltr' id='par_1_113' title="bbox 2005 5376 3537 5465">
     <span class='ocr_line' id='line_1_113' title="bbox 2005 5376 3537 5465; baseline -0.005 -20"><span class='ocrx_word' id='word_1_864' title='bbox 2005 5392 2287 5453; x_wconf 74' lang='lat' dir='ltr'><strong>cherubim,</strong></span> <span class='ocrx_word' id='word_1_865' title='bbox 2318 5396 2467 5465; x_wconf 77' lang='lat' dir='ltr'><strong>qupsi</strong></span> <span class='ocrx_word' id='word_1_866' title='bbox 2498 5394 2631 5460; x_wconf 83' lang='lat' dir='ltr'><strong>lapis</strong></span> <span class='ocrx_word' id='word_1_867' title='bbox 2674 5376 2926 5458; x_wconf 80' lang='lat' dir='ltr'><strong>sapphiri,</strong></span> <span class='ocrx_word' id='word_1_868' title='bbox 2961 5388 3251 5443; x_wconf 75' lang='lat' dir='ltr'><strong>similitudo</strong></span> <span class='ocrx_word' id='word_1_869' title='bbox 3284 5386 3455 5439; x_wconf 82' lang='lat' dir='ltr'><strong>throni</strong></span> <span class='ocrx_word' id='word_1_870' title='bbox 3481 5387 3537 5437; x_wconf 79' lang='lat' dir='ltr'><strong>in</strong></span> 
     </span>
    </p>
   </div>
   <div class='ocr_carea' id='block_1_114' title="bbox 2004 5472 3533 5550">
    <p class='ocr_par' dir='ltr' id='par_1_114' title="bbox 2004 5472 3533 5550">
     <span class='ocr_line' id='line_1_114' title="bbox 2004 5472 3533 5550; baseline -0.005 -16"><span class='ocrx_word' id='word_1_871' title='bbox 2004 5485 2113 5550; x_wconf 89' lang='lat' dir='ltr'><strong>ipso</strong></span> <span class='ocrx_word' id='word_1_872' title='bbox 2127 5484 2190 5533; x_wconf 81' lang='lat'><strong>“.</strong></span> <span class='ocrx_word' id='word_1_873' title='bbox 2222 5481 2412 5537; x_wconf 85' lang='lat' dir='ltr'><strong>Postea</strong></span> <span class='ocrx_word' id='word_1_874' title='bbox 2441 5498 2571 5537; x_wconf 88' lang='lat' dir='ltr'><strong>vero</strong></span> <span class='ocrx_word' id='word_1_875' title='bbox 2599 5480 2674 5534; x_wconf 87' lang='lat' dir='ltr'><strong>ait</strong></span> <span class='ocrx_word' id='word_1_876' title='bbox 2708 5497 2721 5531; x_wconf 88' lang='lat'><strong>:</strong></span> <span class='ocrx_word' id='word_1_877' title='bbox 2757 5479 2824 5534; x_wconf 84' lang='lat' dir='ltr'><strong>Et</strong></span> <span class='ocrx_word' id='word_1_878' title='bbox 2857 5494 3057 5550; x_wconf 81' lang='lat' dir='ltr'><strong>egressa</strong></span> <span class='ocrx_word' id='word_1_879' title='bbox 3096 5485 3172 5529; x_wconf 83' lang='lat' dir='ltr'><strong>est</strong></span> <span class='ocrx_word' id='word_1_880' title='bbox 3209 5476 3379 5545; x_wconf 82' lang='lat' dir='ltr'><strong>gloria</strong></span> <span class='ocrx_word' id='word_1_881' title='bbox 3424 5472 3533 5527; x_wconf 60' lang='lat' dir='ltr'><strong>Dr-</strong></span> 
     </span>
    </p>
   </div>
   <div class='ocr_carea' id='block_1_115' title="bbox 2005 5564 3534 5638">
    <p class='ocr_par' dir='ltr' id='par_1_115' title="bbox 2005 5564 3534 5638">
     <span class='ocr_line' id='line_1_115' title="bbox 2005 5564 3534 5638; baseline -0.003 -13"><span class='ocrx_word' id='word_1_882' title='bbox 2005 5574 2134 5626; x_wconf 85' lang='lat' dir='ltr'><strong>mini</strong></span> <span class='ocrx_word' id='word_1_883' title='bbox 2166 5586 2203 5625; x_wconf 75' lang='lat' dir='ltr'><strong>‘a</strong></span> <span class='ocrx_word' id='word_1_884' title='bbox 2243 5574 2417 5627; x_wconf 84' lang='lat' dir='ltr'><strong>limine</strong></span> <span class='ocrx_word' id='word_1_885' title='bbox 2479 5574 2680 5637; x_wconf 77' lang='lat' dir='ltr'><strong>domus,</strong></span> <span class='ocrx_word' id='word_1_886' title='bbox 2720 5583 2766 5627; x_wconf 88' lang='lat' dir='ltr'><strong>et</strong></span> <span class='ocrx_word' id='word_1_887' title='bbox 2800 5570 3029 5627; x_wconf 83' lang='lat' dir='ltr'><strong>ascendit</strong></span> <span class='ocrx_word' id='word_1_888' title='bbox 3054 5585 3203 5638; x_wconf 82' lang='lat' dir='ltr'><strong>super</strong></span> <span class='ocrx_word' id='word_1_889' title='bbox 3232 5564 3489 5620; x_wconf 83' lang='lat' dir='ltr'><strong>cherubim</strong></span> <span class='ocrx_word' id='word_1_890' title='bbox 3513 5582 3534 5621; x_wconf 81' lang='lat'><strong>.‘</strong></span> 
     </span>
    </p>
   </div>
   <div class='ocr_carea' id='block_1_116' title="bbox 440 5776 2180 5882">
    <p class='ocr_par' dir='ltr' id='par_1_116' title="bbox 440 5776 2180 5882">
     <span class='ocr_line' id='line_1_116' title="bbox 440 5776 2180 5882; baseline 0.002 -13"><span class='ocrx_word' id='word_1_891' title='bbox 440 5776 492 5843; x_wconf 22' lang='grc'><strong>⁸⁸.</strong></span> <span class='ocrx_word' id='word_1_892' title='bbox 523 5808 674 5869; x_wconf 78' lang='lat' dir='ltr'><strong>Joan.</strong></span> <span class='ocrx_word' id='word_1_893' title='bbox 712 5828 774 5877; x_wconf 76' lang='grc' dir='ltr'>ι,</span> <span class='ocrx_word' id='word_1_894' title='bbox 817 5812 892 5868; x_wconf 77' lang='grc' dir='ltr'>Η.</span> <span class='ocrx_word' id='word_1_895' title='bbox 968 5814 1012 5845; x_wconf 79' lang='grc'><strong>⁸⁸</strong></span> <span class='ocrx_word' id='word_1_896' title='bbox 1048 5813 1201 5878; x_wconf 68' lang='lat' dir='ltr'><strong>ibid,</strong></span> <span class='ocrx_word' id='word_1_897' title='bbox 1240 5816 1320 5873; x_wconf 83' lang='grc' dir='ltr'>Η.</span> <span class='ocrx_word' id='word_1_898' title='bbox 1398 5818 1437 5850; x_wconf 74' lang='grc'>⁸³</span> <span class='ocrx_word' id='word_1_899' title='bbox 1475 5816 1604 5872; x_wconf 82' lang='lat' dir='ltr'><strong>Gen.</strong></span> <span class='ocrx_word' id='word_1_900' title='bbox 1644 5829 1836 5882; x_wconf 69' lang='lat' dir='ltr'><strong>xxxix,</strong></span> <span class='ocrx_word' id='word_1_901' title='bbox 1871 5818 1924 5873; x_wconf 75' lang='lat'><strong>2.</strong></span> <span class='ocrx_word' id='word_1_902' title='bbox 1987 5782 2043 5849; x_wconf 56' lang='grc' dir='ltr'><strong>’δ’</strong></span> <span class='ocrx_word' id='word_1_903' title='bbox 2084 5814 2180 5872; x_wconf 70' lang='lat' dir='ltr'><strong>Eae</strong></span> 
     </span>
    </p>
   </div>
   <div class='ocr_carea' id='block_1_117' title="bbox 738 5776 2478 5882">
    <p class='ocr_par' dir='ltr' id='par_1_117' title="bbox 738 5782 2478 5882">
     <span class='ocr_line' id='line_1_117' title="bbox 738 5782 2478 5882; baseline -0.001 -14"><span class='ocrx_word' id='word_1_904' title='bbox 738 5830 774 5877; x_wconf 82' lang='lat'><strong>;,</strong></span> <span class='ocrx_word' id='word_1_905' title='bbox 817 5812 892 5868; x_wconf 75' lang='lat' dir='ltr'><strong>ll.</strong></span> <span class='ocrx_word' id='word_1_906' title='bbox 968 5814 1012 5845; x_wconf 79' lang='lat'>“</span> <span class='ocrx_word' id='word_1_907' title='bbox 1048 5813 1201 5878; x_wconf 68' lang='lat' dir='ltr'><strong>ibid,</strong></span> <span class='ocrx_word' id='word_1_908' title='bbox 1240 5816 1320 5873; x_wconf 83' lang='grc' dir='ltr'>Η.</span> <span class='ocrx_word' id='word_1_909' title='bbox 1398 5818 1437 5850; x_wconf 74' lang='grc'>⁸³</span> <span class='ocrx_word' id='word_1_910' title='bbox 1475 5816 1604 5872; x_wconf 82' lang='lat' dir='ltr'><strong>Gen.</strong></span> <span class='ocrx_word' id='word_1_911' title='bbox 1644 5829 1836 5882; x_wconf 69' lang='lat' dir='ltr'><strong>xxxix,</strong></span> <span class='ocrx_word' id='word_1_912' title='bbox 1871 5818 1924 5873; x_wconf 75' lang='lat'><strong>2.</strong></span> <span class='ocrx_word' id='word_1_913' title='bbox 1987 5782 2043 5849; x_wconf 56' lang='grc' dir='ltr'><strong>’δ’</strong></span> <span class='ocrx_word' id='word_1_914' title='bbox 2084 5814 2272 5872; x_wconf 79' lang='lat' dir='ltr'><strong>Ezech.</strong></span> <span class='ocrx_word' id='word_1_915' title='bbox 2314 5818 2478 5880; x_wconf 72' lang='lat'><strong>1,26.</strong></span> 
     </span>
    </p>
   </div>
  </div>
