  <div class='ocr_page' id='page_1' title='image "/cluster/home/n/w/nwhite01/storage/ocr_20150623/23/coo.31924054873041/497.png"; bbox 0 0 4406 6424; ppageno 0'>
   <div class='ocr_carea' id='block_1_1' title="bbox 879 504 980 560">
    <p class='ocr_par' dir='ltr' id='par_1_1' title="bbox 879 504 980 560">
     <span class='ocr_line' id='line_1_1' title="bbox 879 504 980 560; baseline 0 0"><span class='ocrx_word' id='word_1_1' title='bbox 879 504 980 560; x_wconf 70' lang='grc' dir='ltr'><strong>ωδ</strong></span> 
     </span>
    </p>
   </div>
   <div class='ocr_carea' id='block_1_2' title="bbox 1543 496 3386 556">
    <p class='ocr_par' dir='ltr' id='par_1_2' title="bbox 1543 496 3386 556">
     <span class='ocr_line' id='line_1_2' title="bbox 1543 496 3386 556; baseline 0 -2"><span class='ocrx_word' id='word_1_2' title='bbox 1543 498 1805 556; x_wconf 80' lang='lat' dir='ltr'><strong>EUSEBII</strong></span> <span class='ocrx_word' id='word_1_3' title='bbox 1843 497 2316 553; x_wconf 59' lang='lat' dir='ltr'><strong>CESABIENSIS</strong></span> <span class='ocrx_word' id='word_1_4' title='bbox 2351 496 2503 555; x_wconf 81' lang='lat' dir='ltr'><strong>OPP.</strong></span> <span class='ocrx_word' id='word_1_5' title='bbox 2546 497 2728 553; x_wconf 80' lang='lat' dir='ltr'><strong>PARS</strong></span> <span class='ocrx_word' id='word_1_6' title='bbox 2765 499 2852 553; x_wconf 78' lang='lat' dir='ltr'><strong>Ill.</strong></span> <span class='ocrx_word' id='word_1_7' title='bbox 2883 527 2953 538; x_wconf 91' lang='lat'><strong><em>—</em></strong></span> <span class='ocrx_word' id='word_1_8' title='bbox 2977 498 3386 555; x_wconf 81' lang='lat' dir='ltr'><strong>EXECETICA.</strong></span> 
     </span>
    </p>
   </div>
   <div class='ocr_carea' id='block_1_3' title="bbox 3979 502 4091 558">
    <p class='ocr_par' dir='ltr' id='par_1_3' title="bbox 3979 502 4091 558">
     <span class='ocr_line' id='line_1_3' title="bbox 3979 502 4091 558; baseline 0 0"><span class='ocrx_word' id='word_1_9' title='bbox 3979 502 4091 558; x_wconf 60' lang='lat'><strong>965</strong></span> 
     </span>
    </p>
   </div>
   <div class='ocr_carea' id='block_1_4' title="bbox 877 599 2617 688">
    <p class='ocr_par' dir='ltr' id='par_1_4' title="bbox 877 613 2617 688">
     <span class='ocr_line' id='line_1_4' title="bbox 877 613 2617 688; baseline -0.003 -16"><span class='ocrx_word' id='word_1_10' title='bbox 877 632 978 688; x_wconf 70' lang='lat' dir='ltr'><strong>pro</strong></span> <span class='ocrx_word' id='word_1_11' title='bbox 1007 615 1231 686; x_wconf 81' lang='lat' dir='ltr'><strong>ﬁgurato</strong></span> <span class='ocrx_word' id='word_1_12' title='bbox 1274 615 1367 669; x_wconf 90' lang='lat' dir='ltr'><strong>illo</strong></span> <span class='ocrx_word' id='word_1_13' title='bbox 1407 622 1463 670; x_wconf 91' lang='lat' dir='ltr'><strong>et</strong></span> <span class='ocrx_word' id='word_1_14' title='bbox 1510 615 1766 669; x_wconf 86' lang='lat' dir='ltr'><strong>umbroso</strong></span> <span class='ocrx_word' id='word_1_15' title='bbox 1809 614 1962 688; x_wconf 78' lang='lat' dir='ltr'><strong>cultu</strong></span> <span class='ocrx_word' id='word_1_16' title='bbox 2008 613 2302 675; x_wconf 86' lang='lat' dir='ltr'><strong>tradentes,</strong></span> <span class='ocrx_word' id='word_1_17' title='bbox 2337 613 2427 682; x_wconf 89' lang='lat' dir='ltr'><strong>qui</strong></span> <span class='ocrx_word' id='word_1_18' title='bbox 2457 622 2501 676; x_wconf 78' lang='grc' dir='ltr'>Α</span> <span class='ocrx_word' id='word_1_19' title='bbox 2528 616 2556 666; x_wconf 85' lang='grc' dir='ltr'><strong>ό</strong></span> <span class='ocrx_word' id='word_1_20' title='bbox 2582 632 2617 684; x_wconf 88' lang='grc' dir='ltr'><strong>μ</strong></span> 
     </span>
    </p>
   </div>
   <div class='ocr_carea' id='block_1_5' title="bbox 2351 599 4091 688">
    <p class='ocr_par' dir='ltr' id='par_1_5' title="bbox 2351 599 4091 688">
     <span class='ocr_line' id='line_1_5' title="bbox 2351 599 4091 688; baseline 0.003 -21"><span class='ocrx_word' id='word_1_21' title='bbox 2351 613 2427 682; x_wconf 73' lang='grc' dir='ltr'><strong>μή</strong></span> <span class='ocrx_word' id='word_1_22' title='bbox 2457 622 2501 676; x_wconf 79' lang='grc' dir='ltr'>Α</span> <span class='ocrx_word' id='word_1_23' title='bbox 2528 616 2556 666; x_wconf 83' lang='grc' dir='ltr'><strong>ό</strong></span> <span class='ocrx_word' id='word_1_24' title='bbox 2582 613 2718 684; x_wconf 79' lang='grc' dir='ltr'><strong>μετά</strong></span> <span class='ocrx_word' id='word_1_25' title='bbox 2743 616 2929 684; x_wconf 81' lang='grc' dir='ltr'>χεί¹ρας</span> <span class='ocrx_word' id='word_1_26' title='bbox 2955 599 3240 686; x_wconf 77' lang='grc' dir='ltr'>διαγρῖἀφει</span> <span class='ocrx_word' id='word_1_27' title='bbox 3263 614 3446 682; x_wconf 78' lang='grc' dir='ltr'>λόγος’</span> <span class='ocrx_word' id='word_1_28' title='bbox 3475 613 3632 668; x_wconf 79' lang='grc' dir='ltr'>σκιὰν</span> <span class='ocrx_word' id='word_1_29' title='bbox 3665 617 3762 686; x_wconf 79' lang='grc' dir='ltr'><strong>μὲν</strong></span> <span class='ocrx_word' id='word_1_30' title='bbox 3792 617 3961 688; x_wconf 84' lang='grc' dir='ltr'>αὐτῆς</span> <span class='ocrx_word' id='word_1_31' title='bbox 3989 635 4091 672; x_wconf 60' lang='grc' dir='ltr'>καε-</span> 
     </span>
    </p>
   </div>
   <div class='ocr_carea' id='block_1_6' title="bbox 879 705 2428 777">
    <p class='ocr_par' dir='ltr' id='par_1_6' title="bbox 879 705 2428 777">
     <span class='ocr_line' id='line_1_6' title="bbox 879 705 2428 777; baseline -0.004 -13"><span class='ocrx_word' id='word_1_32' title='bbox 879 725 936 764; x_wconf 84' lang='grc' dir='ltr'>ιη</span> <span class='ocrx_word' id='word_1_33' title='bbox 980 709 1324 764; x_wconf 87' lang='lat' dir='ltr'><strong>sensibilibus</strong></span> <span class='ocrx_word' id='word_1_34' title='bbox 1365 717 1420 763; x_wconf 89' lang='lat' dir='ltr'><strong>et</strong></span> <span class='ocrx_word' id='word_1_35' title='bbox 1467 707 1746 777; x_wconf 88' lang='lat' dir='ltr'><strong>corporeis</strong></span> <span class='ocrx_word' id='word_1_36' title='bbox 1788 706 2065 760; x_wconf 73' lang='lat' dir='ltr'><strong>montibus</strong></span> <span class='ocrx_word' id='word_1_37' title='bbox 2114 705 2428 775; x_wconf 79' lang='lat' dir='ltr'><strong>perﬁcieba-</strong></span> 
     </span>
    </p>
   </div>
   <div class='ocr_carea' id='block_1_7' title="bbox 880 797 2430 869">
    <p class='ocr_par' dir='ltr' id='par_1_7' title="bbox 880 797 2430 869">
     <span class='ocr_line' id='line_1_7' title="bbox 880 797 2430 869; baseline -0.003 -15"><span class='ocrx_word' id='word_1_38' title='bbox 880 812 997 868; x_wconf 86' lang='lat' dir='ltr'><strong>tur;</strong></span> <span class='ocrx_word' id='word_1_39' title='bbox 1038 801 1287 864; x_wconf 89' lang='lat' dir='ltr'><strong>arbusta,</strong></span> <span class='ocrx_word' id='word_1_40' title='bbox 1329 814 1429 869; x_wconf 88' lang='lat' dir='ltr'><strong>pro</strong></span> <span class='ocrx_word' id='word_1_41' title='bbox 1476 799 1760 853; x_wconf 86' lang='lat' dir='ltr'><strong>animabus</strong></span> <span class='ocrx_word' id='word_1_42' title='bbox 1805 797 2156 866; x_wconf 75' lang='lat' dir='ltr'><strong>propheticis,</strong></span> <span class='ocrx_word' id='word_1_43' title='bbox 2207 812 2327 866; x_wconf 67' lang='lat' dir='ltr'><strong>quae</strong></span> <span class='ocrx_word' id='word_1_44' title='bbox 2375 797 2430 849; x_wconf 94' lang='lat' dir='ltr'><strong>in</strong></span> 
     </span>
    </p>
   </div>
   <div class='ocr_carea' id='block_1_8' title="bbox 877 889 2432 962">
    <p class='ocr_par' dir='ltr' id='par_1_8' title="bbox 877 889 2432 962">
     <span class='ocr_line' id='line_1_8' title="bbox 877 889 2432 962; baseline -0.003 -16"><span class='ocrx_word' id='word_1_45' title='bbox 877 894 1054 947; x_wconf 86' lang='lat' dir='ltr'><strong>cedris</strong></span> <span class='ocrx_word' id='word_1_46' title='bbox 1100 892 1227 956; x_wconf 87' lang='lat' dir='ltr'><strong>Dei,</strong></span> <span class='ocrx_word' id='word_1_47' title='bbox 1274 892 1532 962; x_wconf 73' lang='lat' dir='ltr'><strong>angelicis</strong></span> <span class='ocrx_word' id='word_1_48' title='bbox 1588 889 1841 945; x_wconf 88' lang='lat' dir='ltr'><strong>videlicet</strong></span> <span class='ocrx_word' id='word_1_49' title='bbox 1889 903 1952 942; x_wconf 89' lang='lat' dir='ltr'><strong>ac</strong></span> <span class='ocrx_word' id='word_1_50' title='bbox 2000 889 2200 942; x_wconf 82' lang='lat' dir='ltr'><strong>divinis</strong></span> <span class='ocrx_word' id='word_1_51' title='bbox 2258 891 2432 941; x_wconf 85' lang='lat' dir='ltr'><strong>virtu—</strong></span> 
     </span>
    </p>
   </div>
   <div class='ocr_carea' id='block_1_9' title="bbox 875 979 2434 1054">
    <p class='ocr_par' dir='ltr' id='par_1_9' title="bbox 875 979 2434 1054">
     <span class='ocr_line' id='line_1_9' title="bbox 875 979 2434 1054; baseline -0.003 -17"><span class='ocrx_word' id='word_1_52' title='bbox 875 985 1023 1041; x_wconf 89' lang='lat' dir='ltr'><strong>tibus</strong></span> <span class='ocrx_word' id='word_1_53' title='bbox 1076 985 1472 1050; x_wconf 84' lang='lat' dir='ltr'><strong>ﬁrmabantur;</strong></span> <span class='ocrx_word' id='word_1_54' title='bbox 1507 982 1761 1054; x_wconf 75' lang='lat' dir='ltr'><strong>palmites</strong></span> <span class='ocrx_word' id='word_1_55' title='bbox 1824 991 1916 1034; x_wconf 88' lang='lat' dir='ltr'><strong>aut</strong></span> <span class='ocrx_word' id='word_1_56' title='bbox 1963 995 2167 1044; x_wconf 88' lang='lat' dir='ltr'><strong>comas,</strong></span> <span class='ocrx_word' id='word_1_57' title='bbox 2215 994 2310 1034; x_wconf 88' lang='lat' dir='ltr'><strong>seu</strong></span> <span class='ocrx_word' id='word_1_58' title='bbox 2344 979 2434 1048; x_wconf 85' lang='lat' dir='ltr'><strong>ju-</strong></span> 
     </span>
    </p>
   </div>
   <div class='ocr_carea' id='block_1_10' title="bbox 878 1069 2428 1148">
    <p class='ocr_par' dir='ltr' id='par_1_10' title="bbox 878 1069 2428 1148">
     <span class='ocr_line' id='line_1_10' title="bbox 878 1069 2428 1148; baseline -0.006 -15"><span class='ocrx_word' id='word_1_59' title='bbox 878 1080 996 1142; x_wconf 82' lang='lat' dir='ltr'><strong>bas,</strong></span> <span class='ocrx_word' id='word_1_60' title='bbox 1039 1095 1139 1148; x_wconf 90' lang='lat' dir='ltr'><strong>pro</strong></span> <span class='ocrx_word' id='word_1_61' title='bbox 1188 1086 1299 1132; x_wconf 84' lang='lat' dir='ltr'><strong>tota</strong></span> <span class='ocrx_word' id='word_1_62' title='bbox 1339 1077 1650 1132; x_wconf 62' lang='lat' dir='ltr'><strong>Judaaorum</strong></span> <span class='ocrx_word' id='word_1_63' title='bbox 1692 1071 2070 1135; x_wconf 87' lang='lat' dir='ltr'><strong>multitudine,</strong></span> <span class='ocrx_word' id='word_1_64' title='bbox 2106 1071 2176 1125; x_wconf 92' lang='lat' dir='ltr'><strong>ob</strong></span> <span class='ocrx_word' id='word_1_65' title='bbox 2205 1069 2428 1124; x_wconf 86' lang='lat' dir='ltr'><strong>instabi-</strong></span> 
     </span>
    </p>
   </div>
   <div class='ocr_carea' id='block_1_11' title="bbox 877 1162 2433 1233">
    <p class='ocr_par' dir='ltr' id='par_1_11' title="bbox 877 1162 2433 1233">
     <span class='ocr_line' id='line_1_11' title="bbox 877 1162 2433 1233; baseline -0.004 -10"><span class='ocrx_word' id='word_1_66' title='bbox 877 1171 982 1223; x_wconf 89' lang='lat' dir='ltr'><strong>lem</strong></span> <span class='ocrx_word' id='word_1_67' title='bbox 1009 1181 1063 1223; x_wconf 89' lang='lat' dir='ltr'><strong>et</strong></span> <span class='ocrx_word' id='word_1_68' title='bbox 1092 1168 1439 1224; x_wconf 83' lang='lat' dir='ltr'><strong>ﬂuctuantem</strong></span> <span class='ocrx_word' id='word_1_69' title='bbox 1465 1166 1744 1221; x_wconf 87' lang='lat' dir='ltr'><strong>hominum</strong></span> <span class='ocrx_word' id='word_1_70' title='bbox 1787 1164 1954 1217; x_wconf 90' lang='lat' dir='ltr'><strong>vitam</strong></span> <span class='ocrx_word' id='word_1_71' title='bbox 1993 1177 2164 1233; x_wconf 89' lang='lat' dir='ltr'><strong>usque</strong></span> <span class='ocrx_word' id='word_1_72' title='bbox 2185 1162 2251 1215; x_wconf 86' lang='lat' dir='ltr'><strong>ad</strong></span> <span class='ocrx_word' id='word_1_73' title='bbox 2286 1175 2433 1216; x_wconf 87' lang='lat' dir='ltr'><strong>mare</strong></span> 
     </span>
    </p>
   </div>
   <div class='ocr_carea' id='block_1_12' title="bbox 872 1251 2433 1327">
    <p class='ocr_par' dir='ltr' id='par_1_12' title="bbox 872 1251 2433 1327">
     <span class='ocr_line' id='line_1_12' title="bbox 872 1251 2433 1327; baseline -0.006 -13"><span class='ocrx_word' id='word_1_74' title='bbox 872 1268 1134 1326; x_wconf 80' lang='lat' dir='ltr'><strong>extensa;</strong></span> <span class='ocrx_word' id='word_1_75' title='bbox 1170 1261 1386 1314; x_wconf 90' lang='lat' dir='ltr'><strong>demum</strong></span> <span class='ocrx_word' id='word_1_76' title='bbox 1431 1257 1757 1327; x_wconf 84' lang='lat' dir='ltr'><strong>propagines</strong></span> <span class='ocrx_word' id='word_1_77' title='bbox 1805 1269 1906 1325; x_wconf 89' lang='lat' dir='ltr'><strong>pro</strong></span> <span class='ocrx_word' id='word_1_78' title='bbox 1949 1254 2210 1325; x_wconf 87' lang='lat' dir='ltr'><strong>apostolis</strong></span> <span class='ocrx_word' id='word_1_79' title='bbox 2240 1251 2433 1307; x_wconf 88' lang='lat' dir='ltr'><strong>Serva-</strong></span> 
     </span>
    </p>
   </div>
   <div class='ocr_carea' id='block_1_13' title="bbox 874 1344 2432 1419">
    <p class='ocr_par' dir='ltr' id='par_1_13' title="bbox 874 1344 2432 1419">
     <span class='ocr_line' id='line_1_13' title="bbox 874 1344 2432 1419; baseline -0.004 -15"><span class='ocrx_word' id='word_1_80' title='bbox 874 1353 1008 1407; x_wconf 91' lang='lat' dir='ltr'><strong>toris</strong></span> <span class='ocrx_word' id='word_1_81' title='bbox 1042 1352 1211 1406; x_wconf 86' lang='lat' dir='ltr'><strong>nostri</strong></span> <span class='ocrx_word' id='word_1_82' title='bbox 1233 1350 1326 1419; x_wconf 91' lang='lat' dir='ltr'><strong>qui</strong></span> <span class='ocrx_word' id='word_1_83' title='bbox 1358 1349 1412 1402; x_wconf 90' lang='lat' dir='ltr'><strong>in</strong></span> <span class='ocrx_word' id='word_1_84' title='bbox 1438 1348 1658 1403; x_wconf 91' lang='lat' dir='ltr'><strong>llumine</strong></span> <span class='ocrx_word' id='word_1_85' title='bbox 1695 1355 1984 1402; x_wconf 82' lang='lat' dir='ltr'><strong>versantur</strong></span> <span class='ocrx_word' id='word_1_86' title='bbox 2012 1346 2078 1401; x_wconf 89' lang='lat' dir='ltr'><strong>de</strong></span> <span class='ocrx_word' id='word_1_87' title='bbox 2100 1361 2208 1415; x_wconf 91' lang='lat' dir='ltr'><strong>quo</strong></span> <span class='ocrx_word' id='word_1_88' title='bbox 2228 1344 2432 1399; x_wconf 89' lang='lat' dir='ltr'><strong>dictum</strong></span> 
     </span>
    </p>
   </div>
   <div class='ocr_carea' id='block_1_14' title="bbox 871 1435 2428 1507">
    <p class='ocr_par' dir='ltr' id='par_1_14' title="bbox 871 1435 2428 1507">
     <span class='ocr_line' id='line_1_14' title="bbox 871 1435 2428 1507; baseline -0.005 -10"><span class='ocrx_word' id='word_1_89' title='bbox 871 1450 955 1497; x_wconf 85' lang='lat' dir='ltr'><strong>est</strong></span> <span class='ocrx_word' id='word_1_90' title='bbox 985 1463 996 1496; x_wconf 92' lang='lat'><strong>:</strong></span> <span class='ocrx_word' id='word_1_91' title='bbox 1033 1441 1296 1494; x_wconf 84' lang='lat' dir='ltr'><strong>Fluminis</strong></span> <span class='ocrx_word' id='word_1_92' title='bbox 1345 1441 1565 1507; x_wconf 78' lang='lat' dir='ltr'><strong>impetus</strong></span> <span class='ocrx_word' id='word_1_93' title='bbox 1602 1438 1878 1506; x_wconf 66' lang='lat' dir='ltr'><strong>letiﬁcant</strong></span> <span class='ocrx_word' id='word_1_94' title='bbox 1923 1438 2185 1490; x_wconf 79' lang='lat' dir='ltr'><strong>civitatem</strong></span> <span class='ocrx_word' id='word_1_95' title='bbox 2235 1436 2332 1489; x_wconf 88' lang='lat' dir='ltr'><strong>Dei</strong></span> <span class='ocrx_word' id='word_1_96' title='bbox 2361 1435 2428 1489; x_wconf 89' lang='grc'><strong>⁷⁸.</strong></span> 
     </span>
    </p>
   </div>
   <div class='ocr_carea' id='block_1_15' title="bbox 873 1528 2430 1602">
    <p class='ocr_par' dir='ltr' id='par_1_15' title="bbox 873 1528 2430 1602">
     <span class='ocr_line' id='line_1_15' title="bbox 873 1528 2430 1602; baseline -0.004 -15"><span class='ocrx_word' id='word_1_97' title='bbox 873 1532 1070 1589; x_wconf 84' lang='lat' dir='ltr'><strong>Verum</strong></span> <span class='ocrx_word' id='word_1_98' title='bbox 1101 1533 1227 1602; x_wconf 85' lang='lat' dir='ltr'><strong>quia</strong></span> <span class='ocrx_word' id='word_1_99' title='bbox 1265 1538 1559 1586; x_wconf 88' lang='lat' dir='ltr'><strong>memorata</strong></span> <span class='ocrx_word' id='word_1_100' title='bbox 1600 1530 1757 1584; x_wconf 90' lang='lat' dir='ltr'><strong>vinea</strong></span> <span class='ocrx_word' id='word_1_101' title='bbox 1795 1536 1876 1582; x_wconf 86' lang='lat' dir='ltr'><strong>tot</strong></span> <span class='ocrx_word' id='word_1_102' title='bbox 1909 1531 2179 1598; x_wconf 89' lang='lat' dir='ltr'><strong>tantisque</strong></span> <span class='ocrx_word' id='word_1_103' title='bbox 2211 1528 2368 1584; x_wconf 88' lang='lat' dir='ltr'><strong>bonis</strong></span> <span class='ocrx_word' id='word_1_104' title='bbox 2399 1543 2430 1580; x_wconf 88' lang='lat' dir='ltr'><strong>a</strong></span> 
     </span>
    </p>
   </div>
   <div class='ocr_carea' id='block_1_16' title="bbox 873 1621 2427 1693">
    <p class='ocr_par' dir='ltr' id='par_1_16' title="bbox 873 1621 2427 1693">
     <span class='ocr_line' id='line_1_16' title="bbox 873 1621 2427 1693; baseline -0.003 -16"><span class='ocrx_word' id='word_1_105' title='bbox 873 1625 981 1678; x_wconf 89' lang='lat' dir='ltr'><strong>Deo</strong></span> <span class='ocrx_word' id='word_1_106' title='bbox 1011 1623 1207 1688; x_wconf 83' lang='lat' dir='ltr'><strong>Verbo,</strong></span> <span class='ocrx_word' id='word_1_107' title='bbox 1238 1623 1331 1693; x_wconf 88' lang='lat' dir='ltr'><strong>qui</strong></span> <span class='ocrx_word' id='word_1_108' title='bbox 1363 1622 1513 1692; x_wconf 91' lang='lat' dir='ltr'><strong>prius</strong></span> <span class='ocrx_word' id='word_1_109' title='bbox 1534 1621 1636 1690; x_wconf 90' lang='lat' dir='ltr'><strong>ipsi</strong></span> <span class='ocrx_word' id='word_1_110' title='bbox 1667 1622 2053 1691; x_wconf 83' lang='lat' dir='ltr'><strong>prospiciebat,</strong></span> <span class='ocrx_word' id='word_1_111' title='bbox 2091 1621 2286 1674; x_wconf 86' lang='lat' dir='ltr'><strong>donata</strong></span> <span class='ocrx_word' id='word_1_112' title='bbox 2323 1627 2427 1682; x_wconf 89' lang='lat' dir='ltr'><strong>est,</strong></span> 
     </span>
    </p>
   </div>
   <div class='ocr_carea' id='block_1_17' title="bbox 871 1711 2429 1783">
    <p class='ocr_par' dir='ltr' id='par_1_17' title="bbox 871 1711 2429 1783">
     <span class='ocr_line' id='line_1_17' title="bbox 871 1711 2429 1783; baseline -0.003 -16"><span class='ocrx_word' id='word_1_113' title='bbox 871 1722 1266 1783; x_wconf 86' lang='lat' dir='ltr'><strong>consequenter</strong></span> <span class='ocrx_word' id='word_1_114' title='bbox 1315 1728 1437 1768; x_wconf 89' lang='lat' dir='ltr'><strong>eum</strong></span> <span class='ocrx_word' id='word_1_115' title='bbox 1490 1712 1583 1783; x_wconf 89' lang='lat' dir='ltr'><strong>qui</strong></span> <span class='ocrx_word' id='word_1_116' title='bbox 1644 1713 1811 1767; x_wconf 88' lang='lat' dir='ltr'><strong>tantis</strong></span> <span class='ocrx_word' id='word_1_117' title='bbox 1855 1727 1976 1766; x_wconf 88' lang='lat' dir='ltr'><strong>eam</strong></span> <span class='ocrx_word' id='word_1_118' title='bbox 2011 1711 2170 1765; x_wconf 91' lang='lat' dir='ltr'><strong>donis</strong></span> <span class='ocrx_word' id='word_1_119' title='bbox 2195 1712 2429 1775; x_wconf 86' lang='lat' dir='ltr'><strong>ornavit,</strong></span> 
     </span>
    </p>
   </div>
   <div class='ocr_carea' id='block_1_18' title="bbox 870 1800 2415 1876">
    <p class='ocr_par' dir='ltr' id='par_1_18' title="bbox 870 1800 2415 1876">
     <span class='ocr_line' id='line_1_18' title="bbox 870 1800 2415 1876; baseline -0.004 -16"><span class='ocrx_word' id='word_1_120' title='bbox 870 1807 1027 1876; x_wconf 82' lang='lat' dir='ltr'><strong>quasi</strong></span> <span class='ocrx_word' id='word_1_121' title='bbox 1079 1806 1377 1860; x_wconf 86' lang='lat' dir='ltr'><strong>dubitando</strong></span> <span class='ocrx_word' id='word_1_122' title='bbox 1443 1804 1733 1873; x_wconf 88' lang='lat' dir='ltr'><strong>compellat</strong></span> <span class='ocrx_word' id='word_1_123' title='bbox 1780 1804 2020 1858; x_wconf 80' lang='lat' dir='ltr'><strong>dicens:</strong></span> <span class='ocrx_word' id='word_1_124' title='bbox 2083 1800 2277 1870; x_wconf 82' lang='lat' dir='ltr'><strong>thuid</strong></span> <span class='ocrx_word' id='word_1_125' title='bbox 2323 1802 2415 1854; x_wconf 42' lang='lat' dir='ltr'><strong>de,</strong></span> 
     </span>
    </p>
   </div>
   <div class='ocr_carea' id='block_1_19' title="bbox 869 1892 2430 1964">
    <p class='ocr_par' dir='ltr' id='par_1_19' title="bbox 869 1892 2430 1964">
     <span class='ocr_line' id='line_1_19' title="bbox 869 1892 2430 1964; baseline -0.004 -13"><span class='ocrx_word' id='word_1_126' title='bbox 869 1899 1112 1951; x_wconf 71' lang='lat' dir='ltr'><strong>struxisti</strong></span> <span class='ocrx_word' id='word_1_127' title='bbox 1130 1897 1408 1950; x_wconf 79' lang='lat' dir='ltr'><strong>maceriam</strong></span> <span class='ocrx_word' id='word_1_128' title='bbox 1429 1897 1541 1964; x_wconf 89' lang='lat' dir='ltr'><strong>ejus</strong></span> <span class='ocrx_word' id='word_1_129' title='bbox 1560 1897 1587 1949; x_wconf 65' lang='lat'><strong>.9</strong></span> <span class='ocrx_word' id='word_1_130' title='bbox 1613 1893 1707 1950; x_wconf 90' lang='lat' dir='ltr'><strong>Ille</strong></span> <span class='ocrx_word' id='word_1_131' title='bbox 1723 1908 1851 1949; x_wconf 83' lang='lat' dir='ltr'><strong>vero</strong></span> <span class='ocrx_word' id='word_1_132' title='bbox 1880 1892 2168 1963; x_wconf 88' lang='lat' dir='ltr'><strong>respondet</strong></span> <span class='ocrx_word' id='word_1_133' title='bbox 2198 1892 2281 1946; x_wconf 89' lang='lat' dir='ltr'><strong>his</strong></span> <span class='ocrx_word' id='word_1_134' title='bbox 2308 1906 2430 1946; x_wconf 89' lang='lat' dir='ltr'><strong>ver-</strong></span> 
     </span>
    </p>
   </div>
   <div class='ocr_carea' id='block_1_20' title="bbox 2530 706 4092 781">
    <p class='ocr_par' dir='ltr' id='par_1_20' title="bbox 2530 706 4092 781">
     <span class='ocr_line' id='line_1_20' title="bbox 2530 706 4092 781; baseline 0.003 -24"><span class='ocrx_word' id='word_1_135' title='bbox 2530 706 2831 759; x_wconf 86' lang='grc' dir='ltr'>λύπτουσαν</span> <span class='ocrx_word' id='word_1_136' title='bbox 2863 706 2992 776; x_wconf 82' lang='grc' dir='ltr'>δρη-</span> <span class='ocrx_word' id='word_1_137' title='bbox 3024 706 3412 777; x_wconf 62' lang='grc' dir='ltr'><strong>ἀναδενδράδας</strong></span> <span class='ocrx_word' id='word_1_138' title='bbox 3439 706 3496 760; x_wconf 80' lang='grc' dir='ltr'>δὲ</span> <span class='ocrx_word' id='word_1_139' title='bbox 3525 706 3693 777; x_wconf 80' lang='grc' dir='ltr'>αὐτῆς</span> <span class='ocrx_word' id='word_1_140' title='bbox 3720 709 3800 771; x_wconf 81' lang='grc' dir='ltr'><strong>εις</strong></span> <span class='ocrx_word' id='word_1_141' title='bbox 3825 707 3956 778; x_wconf 70' lang='grc' dir='ltr'>ὕψος</span> <span class='ocrx_word' id='word_1_142' title='bbox 3991 728 4092 781; x_wconf 72' lang='grc' dir='ltr'>με·</span> 
     </span>
    </p>
   </div>
   <div class='ocr_carea' id='block_1_21' title="bbox 2530 796 4090 872">
    <p class='ocr_par' dir='ltr' id='par_1_21' title="bbox 2530 796 4090 872">
     <span class='ocr_line' id='line_1_21' title="bbox 2530 796 4090 872; baseline 0.004 -23"><span class='ocrx_word' id='word_1_143' title='bbox 2530 796 2943 868; x_wconf 80' lang='grc' dir='ltr'>τεωριζομένας,</span> <span class='ocrx_word' id='word_1_144' title='bbox 2986 798 3063 860; x_wconf 83' lang='grc' dir='ltr'><strong>ὡς</strong></span> <span class='ocrx_word' id='word_1_145' title='bbox 3112 796 3403 851; x_wconf 78' lang='grc' dir='ltr'><strong>καλύπτειν</strong></span> <span class='ocrx_word' id='word_1_146' title='bbox 3450 799 3550 870; x_wconf 85' lang='grc' dir='ltr'>οὐχ</span> <span class='ocrx_word' id='word_1_147' title='bbox 3602 798 3790 863; x_wconf 81' lang='grc' dir='ltr'>ἁπλῶς</span> <span class='ocrx_word' id='word_1_148' title='bbox 3840 801 4090 872; x_wconf 73' lang='grc' dir='ltr'>κέδρους,</span> 
     </span>
    </p>
   </div>
   <div class='ocr_carea' id='block_1_22' title="bbox 2530 885 4090 962">
    <p class='ocr_par' dir='ltr' id='par_1_22' title="bbox 2530 885 4090 962">
     <span class='ocr_line' id='line_1_22' title="bbox 2530 885 4090 962; baseline 0.002 -22"><span class='ocrx_word' id='word_1_149' title='bbox 2530 887 2663 940; x_wconf 77' lang='grc' dir='ltr'>ἀλλὰ</span> <span class='ocrx_word' id='word_1_150' title='bbox 2688 889 2786 949; x_wconf 82' lang='grc' dir='ltr'><strong>τὰς</strong></span> <span class='ocrx_word' id='word_1_151' title='bbox 2814 887 3033 958; x_wconf 88' lang='grc' dir='ltr'>κέδρους</span> <span class='ocrx_word' id='word_1_152' title='bbox 3058 887 3152 940; x_wconf 78' lang='grc' dir='ltr'>τοῦ</span> <span class='ocrx_word' id='word_1_153' title='bbox 3177 885 3310 942; x_wconf 85' lang='grc' dir='ltr'><strong>Θεοῦ</strong></span> <span class='ocrx_word' id='word_1_154' title='bbox 3328 905 3344 920; x_wconf 90' lang='grc'><strong>·</strong></span> <span class='ocrx_word' id='word_1_155' title='bbox 3372 889 3466 942; x_wconf 80' lang='grc' dir='ltr'>καὶ</span> <span class='ocrx_word' id='word_1_156' title='bbox 3491 890 3585 942; x_wconf 69' lang='grc' dir='ltr'><strong>ἐπὶ</strong></span> <span class='ocrx_word' id='word_1_157' title='bbox 3605 888 3814 952; x_wconf 76' lang='grc' dir='ltr'>τούτοις</span> <span class='ocrx_word' id='word_1_158' title='bbox 3835 891 4090 962; x_wconf 76' lang='grc' dir='ltr'>κλήματα</span> 
     </span>
    </p>
   </div>
   <div class='ocr_carea' id='block_1_23' title="bbox 2531 980 4101 1054">
    <p class='ocr_par' dir='ltr' id='par_1_23' title="bbox 2531 980 4101 1054">
     <span class='ocr_line' id='line_1_23' title="bbox 2531 980 4101 1054; baseline 0.003 -22"><span class='ocrx_word' id='word_1_159' title='bbox 2531 981 2872 1049; x_wconf 76' lang='grc' dir='ltr'><strong>ἐκτεινόμενα</strong></span> <span class='ocrx_word' id='word_1_160' title='bbox 2901 981 3003 1042; x_wconf 72' lang='grc' dir='ltr'>ἕως</span> <span class='ocrx_word' id='word_1_161' title='bbox 3037 980 3336 1051; x_wconf 76' lang='grc' dir='ltr'>θαλάσσηςο</span> <span class='ocrx_word' id='word_1_162' title='bbox 3382 981 3476 1034; x_wconf 79' lang='grc' dir='ltr'>καὶ</span> <span class='ocrx_word' id='word_1_163' title='bbox 3516 981 3653 1052; x_wconf 77' lang='grc' dir='ltr'><strong>μετά</strong></span> <span class='ocrx_word' id='word_1_164' title='bbox 3687 983 3865 1036; x_wconf 75' lang='grc' dir='ltr'>πάντα</span> <span class='ocrx_word' id='word_1_165' title='bbox 3904 999 4101 1054; x_wconf 51' lang='grc' dir='ltr'>παρατ</span> 
     </span>
    </p>
   </div>
   <div class='ocr_carea' id='block_1_24' title="bbox 2532 1069 4089 1146">
    <p class='ocr_par' dir='ltr' id='par_1_24' title="bbox 2532 1069 4089 1146">
     <span class='ocr_line' id='line_1_24' title="bbox 2532 1069 4089 1146; baseline 0.003 -23"><span class='ocrx_word' id='word_1_166' title='bbox 2532 1071 2732 1140; x_wconf 84' lang='grc' dir='ltr'>φυάδας</span> <span class='ocrx_word' id='word_1_167' title='bbox 2760 1071 2854 1134; x_wconf 88' lang='grc' dir='ltr'><strong>τά,</strong></span> <span class='ocrx_word' id='word_1_168' title='bbox 2892 1072 3051 1142; x_wconf 77' lang='grc' dir='ltr'>μέχρι</span> <span class='ocrx_word' id='word_1_169' title='bbox 3092 1071 3336 1141; x_wconf 79' lang='grc' dir='ltr'><strong>ποταμοῦ</strong></span> <span class='ocrx_word' id='word_1_170' title='bbox 3378 1072 3688 1143; x_wconf 86' lang='grc' dir='ltr'>διηκούσας.</span> <span class='ocrx_word' id='word_1_171' title='bbox 3719 1069 3821 1128; x_wconf 77' lang='grc' dir='ltr'><strong>Ὧν</strong></span> <span class='ocrx_word' id='word_1_172' title='bbox 3848 1075 3946 1146; x_wconf 76' lang='grc' dir='ltr'>τὴν</span> <span class='ocrx_word' id='word_1_173' title='bbox 3971 1074 4089 1128; x_wconf 74' lang='grc' dir='ltr'>διάν-</span> 
     </span>
    </p>
   </div>
   <div class='ocr_carea' id='block_1_25' title="bbox 2530 1164 4087 1238">
    <p class='ocr_par' dir='ltr' id='par_1_25' title="bbox 2530 1164 4087 1238">
     <span class='ocr_line' id='line_1_25' title="bbox 2530 1164 4087 1238; baseline 0.004 -22"><span class='ocrx_word' id='word_1_174' title='bbox 2530 1181 2674 1216; x_wconf 84' lang='grc' dir='ltr'>νοιαν</span> <span class='ocrx_word' id='word_1_175' title='bbox 2707 1164 2846 1217; x_wconf 87' lang='grc' dir='ltr'><strong>κατά</strong></span> <span class='ocrx_word' id='word_1_176' title='bbox 2877 1164 2972 1234; x_wconf 83' lang='grc' dir='ltr'><strong>τὴν</strong></span> <span class='ocrx_word' id='word_1_177' title='bbox 3002 1164 3239 1217; x_wconf 84' lang='grc' dir='ltr'>δοθεῖσαν</span> <span class='ocrx_word' id='word_1_178' title='bbox 3267 1164 3688 1238; x_wconf 73' lang='grc' dir='ltr'>ἡρμηνεύσαμεν</span> <span class='ocrx_word' id='word_1_179' title='bbox 3718 1166 3896 1238; x_wconf 82' lang='grc' dir='ltr'><strong>χάριν,</strong></span> <span class='ocrx_word' id='word_1_180' title='bbox 3929 1170 4087 1224; x_wconf 76' lang='grc' dir='ltr'>σκιὰν</span> 
     </span>
    </p>
   </div>
   <div class='ocr_carea' id='block_1_26' title="bbox 2534 1253 4085 1330">
    <p class='ocr_par' dir='ltr' id='par_1_26' title="bbox 2534 1253 4085 1330">
     <span class='ocr_line' id='line_1_26' title="bbox 2534 1253 4085 1330; baseline 0.005 -25"><span class='ocrx_word' id='word_1_181' title='bbox 2534 1253 2631 1324; x_wconf 76' lang='grc' dir='ltr'>μὲν</span> <span class='ocrx_word' id='word_1_182' title='bbox 2651 1253 2932 1316; x_wconf 77' lang='grc' dir='ltr'><strong>ἀποδόντες</strong></span> <span class='ocrx_word' id='word_1_183' title='bbox 2957 1254 3053 1324; x_wconf 84' lang='grc' dir='ltr'>τὴν</span> <span class='ocrx_word' id='word_1_184' title='bbox 3078 1257 3309 1326; x_wconf 79' lang='grc' dir='ltr'>τοπικὴν</span> <span class='ocrx_word' id='word_1_185' title='bbox 3332 1256 3423 1308; x_wconf 87' lang='grc' dir='ltr'>καὶ</span> <span class='ocrx_word' id='word_1_186' title='bbox 3447 1255 3643 1328; x_wconf 79' lang='grc' dir='ltr'><strong>σκιώδη</strong></span> <span class='ocrx_word' id='word_1_187' title='bbox 3667 1257 3943 1330; x_wconf 75' lang='grc' dir='ltr'><strong>λατρείαν,</strong></span> <span class='ocrx_word' id='word_1_188' title='bbox 3963 1260 4085 1330; x_wconf 72' lang='grc' dir='ltr'>ἥτις</span> 
     </span>
    </p>
   </div>
   <div class='ocr_carea' id='block_1_27' title="bbox 2529 1345 4077 1418">
    <p class='ocr_par' dir='ltr' id='par_1_27' title="bbox 2529 1345 4077 1418">
     <span class='ocr_line' id='line_1_27' title="bbox 2529 1345 4077 1418; baseline 0.005 -22"><span class='ocrx_word' id='word_1_189' title='bbox 2529 1346 2588 1397; x_wconf 80' lang='grc' dir='ltr'><strong>ὲν</strong></span> <span class='ocrx_word' id='word_1_190' title='bbox 2628 1348 2742 1408; x_wconf 83' lang='grc' dir='ltr'>τοῖς</span> <span class='ocrx_word' id='word_1_191' title='bbox 2779 1345 3054 1416; x_wconf 76' lang='grc' dir='ltr'><strong>αἰσθητοῖς</strong></span> <span class='ocrx_word' id='word_1_192' title='bbox 3097 1349 3192 1398; x_wconf 76' lang='grc' dir='ltr'>καὶ</span> <span class='ocrx_word' id='word_1_193' title='bbox 3231 1351 3558 1418; x_wconf 78' lang='grc' dir='ltr'><strong>σωματικοῖς</strong></span> <span class='ocrx_word' id='word_1_194' title='bbox 3598 1349 3781 1418; x_wconf 73' lang='grc' dir='ltr'>δρεσιν</span> <span class='ocrx_word' id='word_1_195' title='bbox 3821 1351 4077 1404; x_wconf 80' lang='grc' dir='ltr'>ὲτελεῖτο’</span> 
     </span>
    </p>
   </div>
   <div class='ocr_carea' id='block_1_28' title="bbox 2528 1436 4082 1510">
    <p class='ocr_par' dir='ltr' id='par_1_28' title="bbox 2528 1436 4082 1510">
     <span class='ocr_line' id='line_1_28' title="bbox 2528 1436 4082 1510; baseline 0.005 -22"><span class='ocrx_word' id='word_1_196' title='bbox 2528 1436 2915 1507; x_wconf 79' lang='grc' dir='ltr'><strong>ἀναδενδράδας</strong></span> <span class='ocrx_word' id='word_1_197' title='bbox 2942 1436 2997 1490; x_wconf 86' lang='grc' dir='ltr'>δὲ</span> <span class='ocrx_word' id='word_1_198' title='bbox 3027 1437 3126 1500; x_wconf 80' lang='grc' dir='ltr'>τὰς</span> <span class='ocrx_word' id='word_1_199' title='bbox 3154 1441 3492 1510; x_wconf 83' lang='grc' dir='ltr'>προφητικάς</span> <span class='ocrx_word' id='word_1_200' title='bbox 3529 1439 3726 1510; x_wconf 76' lang='grc' dir='ltr'>ψυχὰς,</span> <span class='ocrx_word' id='word_1_201' title='bbox 3760 1443 3964 1505; x_wconf 78' lang='grc' dir='ltr'>αἵτινες</span> <span class='ocrx_word' id='word_1_202' title='bbox 3991 1445 4082 1497; x_wconf 75' lang='grc' dir='ltr'><strong>ἐπὶ</strong></span> 
     </span>
    </p>
   </div>
   <div class='ocr_carea' id='block_1_29' title="bbox 2527 1527 4076 1600">
    <p class='ocr_par' dir='ltr' id='par_1_29' title="bbox 2527 1527 4076 1600">
     <span class='ocr_line' id='line_1_29' title="bbox 2527 1527 4076 1600; baseline 0.003 -19"><span class='ocrx_word' id='word_1_203' title='bbox 2527 1527 2624 1593; x_wconf 73' lang='grc' dir='ltr'><strong>τὰς</strong></span> <span class='ocrx_word' id='word_1_204' title='bbox 2649 1529 2870 1600; x_wconf 86' lang='grc' dir='ltr'>κέδρους</span> <span class='ocrx_word' id='word_1_205' title='bbox 2895 1529 2988 1582; x_wconf 79' lang='grc' dir='ltr'>τοῦ</span> <span class='ocrx_word' id='word_1_206' title='bbox 3022 1529 3178 1595; x_wconf 83' lang='grc' dir='ltr'>Θεοῦ,</span> <span class='ocrx_word' id='word_1_207' title='bbox 3211 1531 3310 1591; x_wconf 81' lang='grc' dir='ltr'><strong>τάς</strong></span> <span class='ocrx_word' id='word_1_208' title='bbox 3341 1531 3632 1599; x_wconf 64' lang='grc' dir='ltr'>ἀηελικάς</span> <span class='ocrx_word' id='word_1_209' title='bbox 3671 1531 3765 1585; x_wconf 77' lang='grc' dir='ltr'><strong>καὶ</strong></span> <span class='ocrx_word' id='word_1_210' title='bbox 3811 1531 3959 1595; x_wconf 80' lang='grc' dir='ltr'>θείας</span> <span class='ocrx_word' id='word_1_211' title='bbox 3997 1533 4076 1586; x_wconf 85' lang='grc' dir='ltr'>δυ-</span> 
     </span>
    </p>
   </div>
   <div class='ocr_carea' id='block_1_30' title="bbox 2529 1621 4079 1693">
    <p class='ocr_par' dir='ltr' id='par_1_30' title="bbox 2529 1621 4079 1693">
     <span class='ocr_line' id='line_1_30' title="bbox 2529 1621 4079 1693; baseline 0 -19"><span class='ocrx_word' id='word_1_212' title='bbox 2529 1621 2716 1691; x_wconf 77' lang='grc' dir='ltr'>νάμεις</span> <span class='ocrx_word' id='word_1_213' title='bbox 2746 1621 3188 1692; x_wconf 67' lang='grc' dir='ltr'><strong>ἐπεσνιῖηρίζοντο⁸</strong></span> <span class='ocrx_word' id='word_1_214' title='bbox 3221 1621 3472 1690; x_wconf 82' lang='grc' dir='ltr'><strong>κλήματα</strong></span> <span class='ocrx_word' id='word_1_215' title='bbox 3504 1621 3560 1674; x_wconf 87' lang='grc' dir='ltr'>δὲ</span> <span class='ocrx_word' id='word_1_216' title='bbox 3591 1622 3624 1693; x_wconf 80' lang='grc' dir='ltr'>ἢ</span> <span class='ocrx_word' id='word_1_217' title='bbox 3669 1622 3865 1692; x_wconf 80' lang='grc' dir='ltr'>κόμας,</span> <span class='ocrx_word' id='word_1_218' title='bbox 3896 1622 3931 1693; x_wconf 74' lang='grc' dir='ltr'>ἢ</span> <span class='ocrx_word' id='word_1_219' title='bbox 3968 1623 4079 1692; x_wconf 61' lang='lat' dir='ltr'><strong>xui-4</strong></span> 
     </span>
    </p>
   </div>
   <div class='ocr_carea' id='block_1_31' title="bbox 2525 1711 4080 1781">
    <p class='ocr_par' dir='ltr' id='par_1_31' title="bbox 2525 1711 4080 1781">
     <span class='ocr_line' id='line_1_31' title="bbox 2525 1711 4080 1781; baseline 0.002 -17"><span class='ocrx_word' id='word_1_220' title='bbox 2525 1729 2623 1774; x_wconf 88' lang='grc' dir='ltr'><strong>τας</strong></span> <span class='ocrx_word' id='word_1_221' title='bbox 2645 1713 2706 1765; x_wconf 85' lang='grc' dir='ltr'>τὸ</span> <span class='ocrx_word' id='word_1_222' title='bbox 2738 1714 2844 1765; x_wconf 76' lang='grc' dir='ltr'><strong>πᾶν</strong></span> <span class='ocrx_word' id='word_1_223' title='bbox 2878 1712 3141 1765; x_wconf 79' lang='grc' dir='ltr'><strong>Ἰουδαίων</strong></span> <span class='ocrx_word' id='word_1_224' title='bbox 3174 1711 3374 1780; x_wconf 85' lang='grc' dir='ltr'>πλῆθος</span> <span class='ocrx_word' id='word_1_225' title='bbox 3399 1711 3502 1776; x_wconf 72' lang='grc' dir='ltr'>ἓως</span> <span class='ocrx_word' id='word_1_226' title='bbox 3543 1713 3816 1781; x_wconf 79' lang='grc' dir='ltr'>θαλάσσης</span> <span class='ocrx_word' id='word_1_227' title='bbox 3852 1714 4080 1768; x_wconf 77' lang='grc' dir='ltr'>ἐκτεινό-</span> 
     </span>
    </p>
   </div>
   <div class='ocr_carea' id='block_1_32' title="bbox 2529 1803 4080 1876">
    <p class='ocr_par' dir='ltr' id='par_1_32' title="bbox 2529 1803 4080 1876">
     <span class='ocr_line' id='line_1_32' title="bbox 2529 1803 4080 1876; baseline 0.002 -21"><span class='ocrx_word' id='word_1_228' title='bbox 2529 1820 2684 1873; x_wconf 88' lang='grc' dir='ltr'>μενον</span> <span class='ocrx_word' id='word_1_229' title='bbox 2707 1803 2793 1856; x_wconf 80' lang='grc' dir='ltr'>διὰ</span> <span class='ocrx_word' id='word_1_230' title='bbox 2816 1803 2905 1856; x_wconf 79' lang='grc' dir='ltr'><strong>τὸν</strong></span> <span class='ocrx_word' id='word_1_231' title='bbox 2937 1805 3167 1858; x_wconf 89' lang='grc' dir='ltr'>ἄστατον</span> <span class='ocrx_word' id='word_1_232' title='bbox 3196 1805 3289 1856; x_wconf 76' lang='grc' dir='ltr'><strong>καὶ</strong></span> <span class='ocrx_word' id='word_1_233' title='bbox 3318 1805 3712 1874; x_wconf 86' lang='grc' dir='ltr'>κυμαινόμενον</span> <span class='ocrx_word' id='word_1_234' title='bbox 3741 1806 3848 1860; x_wconf 88' lang='grc' dir='ltr'><strong>τῶν</strong></span> <span class='ocrx_word' id='word_1_235' title='bbox 3877 1805 4080 1876; x_wconf 87' lang='grc' dir='ltr'>ἀνθρώ-</span> 
     </span>
    </p>
   </div>
   <div class='ocr_carea' id='block_1_33' title="bbox 2527 1892 4080 1964">
    <p class='ocr_par' dir='ltr' id='par_1_33' title="bbox 2527 1892 4080 1964">
     <span class='ocr_line' id='line_1_33' title="bbox 2527 1892 4080 1964; baseline 0.001 -18"><span class='ocrx_word' id='word_1_236' title='bbox 2527 1911 2643 1947; x_wconf 89' lang='grc' dir='ltr'><strong>πων</strong></span> <span class='ocrx_word' id='word_1_237' title='bbox 2672 1892 2817 1962; x_wconf 80' lang='grc' dir='ltr'>βίον⁶</span> <span class='ocrx_word' id='word_1_238' title='bbox 2847 1895 2940 1948; x_wconf 77' lang='grc' dir='ltr'>καὶ</span> <span class='ocrx_word' id='word_1_239' title='bbox 2982 1893 3130 1957; x_wconf 74' lang='grc' dir='ltr'>τέλος</span> <span class='ocrx_word' id='word_1_240' title='bbox 3169 1895 3544 1964; x_wconf 81' lang='grc' dir='ltr'>παραφυάδας,</span> <span class='ocrx_word' id='word_1_241' title='bbox 3583 1898 3707 1958; x_wconf 81' lang='grc' dir='ltr'>τοὺς</span> <span class='ocrx_word' id='word_1_242' title='bbox 3752 1897 4080 1959; x_wconf 76' lang='grc' dir='ltr'>ἀποστόλους</span> 
     </span>
    </p>
   </div>
   <div class='ocr_carea' id='block_1_34' title="bbox 873 1962 2613 2058">
    <p class='ocr_par' dir='ltr' id='par_1_34' title="bbox 873 1962 2613 2054">
     <span class='ocr_line' id='line_1_34' title="bbox 873 1962 2613 2054; baseline -0.002 -14"><span class='ocrx_word' id='word_1_243' title='bbox 873 1988 993 2040; x_wconf 87' lang='lat' dir='ltr'><strong>bis:</strong></span> <span class='ocrx_word' id='word_1_244' title='bbox 1028 1987 1166 2050; x_wconf 84' lang='lat' dir='ltr'><strong>Quia</strong></span> <span class='ocrx_word' id='word_1_245' title='bbox 1217 1962 1510 2054; x_wconf 69' lang='lat' dir='ltr'><strong>exspectavi</strong></span> <span class='ocrx_word' id='word_1_246' title='bbox 1553 1994 1612 2038; x_wconf 90' lang='lat' dir='ltr'><strong>ut</strong></span> <span class='ocrx_word' id='word_1_247' title='bbox 1651 1985 1848 2052; x_wconf 70' lang='lat' dir='ltr'><strong>faceret</strong></span> <span class='ocrx_word' id='word_1_248' title='bbox 1888 1962 2067 2045; x_wconf 76' lang='lat' dir='ltr'><strong>uvam,</strong></span> <span class='ocrx_word' id='word_1_249' title='bbox 2101 1982 2222 2050; x_wconf 73' lang='lat' dir='ltr'><strong>fecit</strong></span> <span class='ocrx_word' id='word_1_250' title='bbox 2252 1991 2426 2034; x_wconf 84' lang='lat' dir='ltr'><strong>autem</strong></span> <span class='ocrx_word' id='word_1_251' title='bbox 2459 1962 2500 2017; x_wconf 78' lang='grc' dir='ltr'><strong>Β</strong></span> <span class='ocrx_word' id='word_1_252' title='bbox 2527 1984 2613 2036; x_wconf 81' lang='grc' dir='ltr'>τοῦ</span> 
     </span>
    </p>
   </div>
   <div class='ocr_carea' id='block_1_35' title="bbox 2338 1962 4078 2058">
    <p class='ocr_par' dir='ltr' id='par_1_35' title="bbox 2338 1962 4078 2058">
     <span class='ocr_line' id='line_1_35' title="bbox 2338 1962 4078 2058; baseline 0.002 -25"><span class='ocrx_word' id='word_1_253' title='bbox 2338 1991 2426 2034; x_wconf 74' lang='lat' dir='ltr'><strong>rem</strong></span> <span class='ocrx_word' id='word_1_254' title='bbox 2459 1962 2500 2017; x_wconf 78' lang='grc' dir='ltr'><strong><em>Β</em></strong></span> <span class='ocrx_word' id='word_1_255' title='bbox 2527 1984 2620 2036; x_wconf 84' lang='grc' dir='ltr'>τοῦ</span> <span class='ocrx_word' id='word_1_256' title='bbox 2647 1985 2894 2055; x_wconf 80' lang='grc' dir='ltr'>Σωτῆρος</span> <span class='ocrx_word' id='word_1_257' title='bbox 2929 1985 3082 2055; x_wconf 79' lang='grc' dir='ltr'>ἡμῶν</span> <span class='ocrx_word' id='word_1_258' title='bbox 3106 1986 3182 2056; x_wconf 83' lang='grc' dir='ltr'>τῷ</span> <span class='ocrx_word' id='word_1_259' title='bbox 3210 1962 3435 2056; x_wconf 83' lang='grc' dir='ltr'>ποταμῷ</span> <span class='ocrx_word' id='word_1_260' title='bbox 3467 1986 3737 2050; x_wconf 84' lang='grc' dir='ltr'>συνόντας,</span> <span class='ocrx_word' id='word_1_261' title='bbox 3767 1988 3892 2058; x_wconf 69' lang='grc' dir='ltr'>περὶ</span> <span class='ocrx_word' id='word_1_262' title='bbox 3919 1983 3980 2042; x_wconf 70' lang='grc' dir='ltr'><strong>οὗ</strong></span> <span class='ocrx_word' id='word_1_263' title='bbox 4006 1988 4078 2039; x_wconf 85' lang='grc' dir='ltr'>εί-</span> 
     </span>
    </p>
   </div>
   <div class='ocr_carea' id='block_1_36' title="bbox 869 2074 2424 2148">
    <p class='ocr_par' dir='ltr' id='par_1_36' title="bbox 869 2074 2424 2148">
     <span class='ocr_line' id='line_1_36' title="bbox 869 2074 2424 2148; baseline -0.005 -14"><span class='ocrx_word' id='word_1_264' title='bbox 869 2083 1045 2148; x_wconf 83' lang='lat' dir='ltr'><strong>spinas</strong></span> <span class='ocrx_word' id='word_1_265' title='bbox 1065 2081 1141 2146; x_wconf 79' lang='lat'><strong>&quot;;</strong></span> <span class='ocrx_word' id='word_1_266' title='bbox 1160 2095 1224 2134; x_wconf 90' lang='lat' dir='ltr'><strong>ac</strong></span> <span class='ocrx_word' id='word_1_267' title='bbox 1251 2094 1472 2134; x_wconf 89' lang='lat' dir='ltr'><strong>rursum</strong></span> <span class='ocrx_word' id='word_1_268' title='bbox 1493 2076 1835 2144; x_wconf 73' lang='lat' dir='ltr'><strong>:Exspectavi</strong></span> <span class='ocrx_word' id='word_1_269' title='bbox 1849 2085 1903 2129; x_wconf 89' lang='lat' dir='ltr'><strong>ut</strong></span> <span class='ocrx_word' id='word_1_270' title='bbox 1934 2075 2125 2143; x_wconf 84' lang='lat' dir='ltr'><strong>faceret</strong></span> <span class='ocrx_word' id='word_1_271' title='bbox 2143 2074 2424 2144; x_wconf 84' lang='lat' dir='ltr'><strong>judicium,</strong></span> 
     </span>
    </p>
   </div>
   <div class='ocr_carea' id='block_1_37' title="bbox 871 2164 2429 2243">
    <p class='ocr_par' dir='ltr' id='par_1_37' title="bbox 871 2164 2429 2243">
     <span class='ocr_line' id='line_1_37' title="bbox 871 2164 2429 2243; baseline -0.006 -14"><span class='ocrx_word' id='word_1_272' title='bbox 871 2175 988 2243; x_wconf 75' lang='lat' dir='ltr'><strong>fecit</strong></span> <span class='ocrx_word' id='word_1_273' title='bbox 1040 2184 1214 2227; x_wconf 89' lang='lat' dir='ltr'><strong>autem</strong></span> <span class='ocrx_word' id='word_1_274' title='bbox 1268 2171 1632 2239; x_wconf 74' lang='lat' dir='ltr'><strong>iniquitatem;</strong></span> <span class='ocrx_word' id='word_1_275' title='bbox 1675 2183 1780 2220; x_wconf 87' lang='lat' dir='ltr'><strong>non</strong></span> <span class='ocrx_word' id='word_1_276' title='bbox 1795 2165 2087 2232; x_wconf 81' lang='lat' dir='ltr'><strong>justitiam,</strong></span> <span class='ocrx_word' id='word_1_277' title='bbox 2113 2164 2201 2218; x_wconf 87' lang='lat' dir='ltr'><strong>sed</strong></span> <span class='ocrx_word' id='word_1_278' title='bbox 2239 2165 2429 2219; x_wconf 86' lang='lat' dir='ltr'><strong>clamo-</strong></span> 
     </span>
    </p>
   </div>
   <div class='ocr_carea' id='block_1_38' title="bbox 867 2257 2422 2328">
    <p class='ocr_par' dir='ltr' id='par_1_38' title="bbox 867 2257 2422 2328">
     <span class='ocr_line' id='line_1_38' title="bbox 867 2257 2422 2328; baseline -0.008 -8"><span class='ocrx_word' id='word_1_279' title='bbox 867 2283 976 2320; x_wconf 89' lang='lat' dir='ltr'><strong>rem</strong></span> <span class='ocrx_word' id='word_1_280' title='bbox 1006 2267 1070 2322; x_wconf 68' lang='lat'><strong>7.&quot;.</strong></span> <span class='ocrx_word' id='word_1_281' title='bbox 1125 2262 1184 2317; x_wconf 88' lang='lat' dir='ltr'><strong>In</strong></span> <span class='ocrx_word' id='word_1_282' title='bbox 1237 2261 1468 2316; x_wconf 74' lang='lat' dir='ltr'><strong>Ieremia</strong></span> <span class='ocrx_word' id='word_1_283' title='bbox 1493 2273 1709 2328; x_wconf 88' lang='lat' dir='ltr'><strong>quoque</strong></span> <span class='ocrx_word' id='word_1_284' title='bbox 1729 2258 1941 2310; x_wconf 91' lang='lat' dir='ltr'><strong>vineam</strong></span> <span class='ocrx_word' id='word_1_285' title='bbox 2000 2257 2116 2326; x_wconf 87' lang='lat' dir='ltr'><strong>ipse</strong></span> <span class='ocrx_word' id='word_1_286' title='bbox 2149 2257 2422 2325; x_wconf 77' lang='lat' dir='ltr'><strong>coarguit,</strong></span> 
     </span>
    </p>
   </div>
   <div class='ocr_carea' id='block_1_39' title="bbox 867 2348 2425 2423">
    <p class='ocr_par' dir='ltr' id='par_1_39' title="bbox 867 2348 2425 2423">
     <span class='ocr_line' id='line_1_39' title="bbox 867 2348 2425 2423; baseline -0.006 -12"><span class='ocrx_word' id='word_1_287' title='bbox 867 2355 1214 2411; x_wconf 89' lang='lat' dir='ltr'><strong>rationabilis</strong></span> <span class='ocrx_word' id='word_1_288' title='bbox 1269 2352 1468 2423; x_wconf 84' lang='lat' dir='ltr'><strong>quippe</strong></span> <span class='ocrx_word' id='word_1_289' title='bbox 1527 2357 1666 2415; x_wconf 84' lang='lat' dir='ltr'><strong>erat,</strong></span> <span class='ocrx_word' id='word_1_290' title='bbox 1720 2348 1806 2403; x_wconf 88' lang='lat' dir='ltr'><strong>his</strong></span> <span class='ocrx_word' id='word_1_291' title='bbox 1853 2349 2071 2402; x_wconf 79' lang='lat' dir='ltr'><strong>verbis:</strong></span> <span class='ocrx_word' id='word_1_292' title='bbox 2108 2348 2219 2418; x_wconf 87' lang='lat' dir='ltr'><strong>Ego</strong></span> <span class='ocrx_word' id='word_1_293' title='bbox 2253 2358 2425 2402; x_wconf 86' lang='lat' dir='ltr'><strong>autem</strong></span> 
     </span>
    </p>
   </div>
   <div class='ocr_carea' id='block_1_40' title="bbox 864 2440 2424 2517">
    <p class='ocr_par' dir='ltr' id='par_1_40' title="bbox 864 2440 2424 2517">
     <span class='ocr_line' id='line_1_40' title="bbox 864 2440 2424 2517; baseline -0.005 -15"><span class='ocrx_word' id='word_1_294' title='bbox 864 2448 1103 2517; x_wconf 78' lang='lat' dir='ltr'><strong>plantavi</strong></span> <span class='ocrx_word' id='word_1_295' title='bbox 1135 2447 1336 2500; x_wconf 83' lang='lat' dir='ltr'><strong>vineam</strong></span> <span class='ocrx_word' id='word_1_296' title='bbox 1361 2442 1714 2512; x_wconf 76' lang='lat' dir='ltr'><strong>fructiferam,</strong></span> <span class='ocrx_word' id='word_1_297' title='bbox 1745 2449 1906 2494; x_wconf 87' lang='lat' dir='ltr'><strong>totam</strong></span> <span class='ocrx_word' id='word_1_298' title='bbox 1935 2457 2126 2494; x_wconf 74' lang='lat' dir='ltr'><strong>seram.</strong></span> <span class='ocrx_word' id='word_1_299' title='bbox 2148 2440 2424 2506; x_wconf 83' lang='lat' dir='ltr'><strong>Quomodo</strong></span> 
     </span>
    </p>
   </div>
   <div class='ocr_carea' id='block_1_41' title="bbox 866 2533 2424 2602">
    <p class='ocr_par' dir='ltr' id='par_1_41' title="bbox 866 2533 2424 2602">
     <span class='ocr_line' id='line_1_41' title="bbox 866 2533 2424 2602; baseline -0.006 -7"><span class='ocrx_word' id='word_1_300' title='bbox 866 2556 1112 2595; x_wconf 80' lang='lat' dir='ltr'><strong>conversa</strong></span> <span class='ocrx_word' id='word_1_301' title='bbox 1140 2547 1216 2592; x_wconf 84' lang='lat' dir='ltr'><strong>est</strong></span> <span class='ocrx_word' id='word_1_302' title='bbox 1241 2539 1298 2591; x_wconf 82' lang='lat' dir='ltr'><strong>in</strong></span> <span class='ocrx_word' id='word_1_303' title='bbox 1324 2536 1728 2590; x_wconf 84' lang='lat' dir='ltr'><strong>amaritudinem</strong></span> <span class='ocrx_word' id='word_1_304' title='bbox 1752 2535 1870 2587; x_wconf 80' lang='lat' dir='ltr'><strong>uitis</strong></span> <span class='ocrx_word' id='word_1_305' title='bbox 1909 2533 2081 2587; x_wconf 87' lang='lat' dir='ltr'><strong>aliena</strong></span> <span class='ocrx_word' id='word_1_306' title='bbox 2112 2534 2196 2587; x_wconf 82' lang='lat'><strong>&quot;?</strong></span> <span class='ocrx_word' id='word_1_307' title='bbox 2224 2533 2424 2602; x_wconf 77' lang='lat' dir='ltr'><strong>AdjiCit</strong></span> 
     </span>
    </p>
   </div>
   <div class='ocr_carea' id='block_1_42' title="bbox 867 2624 2423 2700">
    <p class='ocr_par' dir='ltr' id='par_1_42' title="bbox 867 2624 2423 2700">
     <span class='ocr_line' id='line_1_42' title="bbox 867 2624 2423 2700; baseline -0.004 -17"><span class='ocrx_word' id='word_1_308' title='bbox 867 2641 1184 2700; x_wconf 86' lang='lat' dir='ltr'><strong>autem.per</strong></span> <span class='ocrx_word' id='word_1_309' title='bbox 1215 2628 1410 2682; x_wconf 88' lang='lat' dir='ltr'><strong>lsaiam</strong></span> <span class='ocrx_word' id='word_1_310' title='bbox 1439 2645 1452 2682; x_wconf 87' lang='lat'><strong>:</strong></span> <span class='ocrx_word' id='word_1_311' title='bbox 1487 2626 1740 2694; x_wconf 75' lang='lat' dir='ltr'><strong>Auferam</strong></span> <span class='ocrx_word' id='word_1_312' title='bbox 1787 2639 1954 2692; x_wconf 84' lang='lat' dir='ltr'><strong>sepem</strong></span> <span class='ocrx_word' id='word_1_313' title='bbox 1980 2624 2114 2691; x_wconf 88' lang='lat' dir='ltr'><strong>ejus,</strong></span> <span class='ocrx_word' id='word_1_314' title='bbox 2157 2633 2205 2676; x_wconf 88' lang='lat' dir='ltr'><strong>et</strong></span> <span class='ocrx_word' id='word_1_315' title='bbox 2250 2625 2348 2677; x_wconf 86' lang='lat' dir='ltr'><strong>erit</strong></span> <span class='ocrx_word' id='word_1_316' title='bbox 2369 2624 2423 2677; x_wconf 85' lang='lat' dir='ltr'><strong>in</strong></span> 
     </span>
    </p>
   </div>
   <div class='ocr_carea' id='block_1_43' title="bbox 865 2714 2420 2791">
    <p class='ocr_par' dir='ltr' id='par_1_43' title="bbox 865 2714 2420 2791">
     <span class='ocr_line' id='line_1_43' title="bbox 865 2714 2420 2791; baseline -0.006 -16"><span class='ocrx_word' id='word_1_317' title='bbox 865 2723 1246 2791; x_wconf 84' lang='lat' dir='ltr'><strong>direptionem;</strong></span> <span class='ocrx_word' id='word_1_318' title='bbox 1279 2727 1330 2773; x_wconf 87' lang='lat' dir='ltr'><strong>et</strong></span> <span class='ocrx_word' id='word_1_319' title='bbox 1358 2717 1598 2786; x_wconf 80' lang='lat' dir='ltr'><strong>auferam</strong></span> <span class='ocrx_word' id='word_1_320' title='bbox 1626 2731 1833 2768; x_wconf 82' lang='lat' dir='ltr'><strong>murum</strong></span> <span class='ocrx_word' id='word_1_321' title='bbox 1860 2715 1993 2783; x_wconf 85' lang='lat' dir='ltr'><strong>ejus,</strong></span> <span class='ocrx_word' id='word_1_322' title='bbox 2022 2724 2070 2767; x_wconf 88' lang='lat' dir='ltr'><strong>et</strong></span> <span class='ocrx_word' id='word_1_323' title='bbox 2099 2715 2198 2767; x_wconf 87' lang='lat' dir='ltr'><strong>erit</strong></span> <span class='ocrx_word' id='word_1_324' title='bbox 2227 2714 2279 2766; x_wconf 87' lang='lat' dir='ltr'><strong>in</strong></span> <span class='ocrx_word' id='word_1_325' title='bbox 2301 2730 2420 2766; x_wconf 81' lang='lat' dir='ltr'><strong>cou-</strong></span> 
     </span>
    </p>
   </div>
   <div class='ocr_carea' id='block_1_44' title="bbox 865 2805 2417 2872">
    <p class='ocr_par' dir='ltr' id='par_1_44' title="bbox 865 2805 2417 2872">
     <span class='ocr_line' id='line_1_44' title="bbox 865 2805 2417 2872; baseline -0.006 -4"><span class='ocrx_word' id='word_1_326' title='bbox 865 2815 1226 2868; x_wconf 84' lang='lat' dir='ltr'><strong>culcationem.</strong></span> <span class='ocrx_word' id='word_1_327' title='bbox 1258 2811 1326 2865; x_wconf 86' lang='lat' dir='ltr'><strong>Et</strong></span> <span class='ocrx_word' id='word_1_328' title='bbox 1371 2809 1636 2863; x_wconf 83' lang='lat' dir='ltr'><strong>dimittam</strong></span> <span class='ocrx_word' id='word_1_329' title='bbox 1661 2808 1863 2862; x_wconf 74' lang='lat' dir='ltr'><strong>vineam</strong></span> <span class='ocrx_word' id='word_1_330' title='bbox 1902 2821 2091 2869; x_wconf 86' lang='lat' dir='ltr'><strong>meam,</strong></span> <span class='ocrx_word' id='word_1_331' title='bbox 2122 2816 2170 2860; x_wconf 80' lang='lat' dir='ltr'><strong>et</strong></span> <span class='ocrx_word' id='word_1_332' title='bbox 2210 2822 2312 2859; x_wconf 85' lang='lat' dir='ltr'><strong>non</strong></span> <span class='ocrx_word' id='word_1_333' title='bbox 2341 2805 2417 2872; x_wconf 70' lang='grc' dir='ltr'><strong>[οι</strong></span> 
     </span>
    </p>
   </div>
   <div class='ocr_carea' id='block_1_45' title="bbox 864 2895 2420 2976">
    <p class='ocr_par' dir='ltr' id='par_1_45' title="bbox 864 2895 2420 2976">
     <span class='ocr_line' id='line_1_45' title="bbox 864 2895 2420 2976; baseline -0.008 -16"><span class='ocrx_word' id='word_1_334' title='bbox 864 2909 1057 2969; x_wconf 87' lang='lat' dir='ltr'><strong>dietur,</strong></span> <span class='ocrx_word' id='word_1_335' title='bbox 1082 2920 1240 2975; x_wconf 87' lang='lat' dir='ltr'><strong>neque</strong></span> <span class='ocrx_word' id='word_1_336' title='bbox 1281 2901 1574 2972; x_wconf 67' lang='lat' dir='ltr'><strong>putabitur.</strong></span> <span class='ocrx_word' id='word_1_337' title='bbox 1625 2898 1694 2976; x_wconf 84' lang='lat' dir='ltr'><strong>Et</strong></span> <span class='ocrx_word' id='word_1_338' title='bbox 1739 2897 1980 2952; x_wconf 79' lang='lat' dir='ltr'><strong>ascendet</strong></span> <span class='ocrx_word' id='word_1_339' title='bbox 2012 2898 2067 2951; x_wconf 80' lang='lat' dir='ltr'><strong>in</strong></span> <span class='ocrx_word' id='word_1_340' title='bbox 2105 2913 2220 2951; x_wconf 85' lang='lat' dir='ltr'><strong>eam</strong></span> <span class='ocrx_word' id='word_1_341' title='bbox 2266 2895 2420 2965; x_wconf 81' lang='lat' dir='ltr'><strong>quasi</strong></span> 
     </span>
    </p>
   </div>
   <div class='ocr_carea' id='block_1_46' title="bbox 865 2987 2423 3067">
    <p class='ocr_par' dir='ltr' id='par_1_46' title="bbox 865 2987 2423 3067">
     <span class='ocr_line' id='line_1_46' title="bbox 865 2987 2423 3067; baseline -0.011 -12"><span class='ocrx_word' id='word_1_342' title='bbox 865 2997 1070 3055; x_wconf 84' lang='lat' dir='ltr'><strong>aridam</strong></span> <span class='ocrx_word' id='word_1_343' title='bbox 1111 3001 1288 3067; x_wconf 82' lang='lat' dir='ltr'><strong>spina,</strong></span> <span class='ocrx_word' id='word_1_344' title='bbox 1320 3007 1370 3052; x_wconf 91' lang='lat' dir='ltr'><strong>et</strong></span> <span class='ocrx_word' id='word_1_345' title='bbox 1417 2994 1640 3049; x_wconf 72' lang='lat' dir='ltr'><strong>nubibus</strong></span> <span class='ocrx_word' id='word_1_346' title='bbox 1674 2989 1938 3055; x_wconf 76' lang='lat' dir='ltr'><strong>mandabo</strong></span> <span class='ocrx_word' id='word_1_347' title='bbox 1959 3005 2021 3042; x_wconf 84' lang='lat' dir='ltr'><strong>ne</strong></span> <span class='ocrx_word' id='word_1_348' title='bbox 2051 2987 2240 3056; x_wconf 79' lang='lat' dir='ltr'><strong>pluunt</strong></span> <span class='ocrx_word' id='word_1_349' title='bbox 2269 3002 2423 3054; x_wconf 80' lang='lat' dir='ltr'><strong>super</strong></span> 
     </span>
    </p>
   </div>
   <div class='ocr_carea' id='block_1_47' title="bbox 863 3078 2421 3151">
    <p class='ocr_par' dir='ltr' id='par_1_47' title="bbox 863 3078 2421 3151">
     <span class='ocr_line' id='line_1_47' title="bbox 863 3078 2421 3151; baseline -0.01 -4"><span class='ocrx_word' id='word_1_350' title='bbox 863 3110 977 3148; x_wconf 88' lang='lat' dir='ltr'><strong>eam</strong></span> <span class='ocrx_word' id='word_1_351' title='bbox 1005 3092 1218 3145; x_wconf 83' lang='lat' dir='ltr'><strong>imbrem</strong></span> <span class='ocrx_word' id='word_1_352' title='bbox 1242 3091 1309 3141; x_wconf 75' lang='grc' dir='ltr'><strong>τ’.</strong></span> <span class='ocrx_word' id='word_1_353' title='bbox 1341 3087 1534 3141; x_wconf 74' lang='lat' dir='ltr'><strong>Ablata</strong></span> <span class='ocrx_word' id='word_1_354' title='bbox 1566 3093 1749 3137; x_wconf 87' lang='lat' dir='ltr'><strong>autem</strong></span> <span class='ocrx_word' id='word_1_355' title='bbox 1793 3096 1941 3151; x_wconf 88' lang='lat' dir='ltr'><strong>sepe,</strong></span> <span class='ocrx_word' id='word_1_356' title='bbox 1973 3081 2172 3133; x_wconf 89' lang='lat' dir='ltr'><strong>virtute</strong></span> <span class='ocrx_word' id='word_1_357' title='bbox 2214 3078 2421 3133; x_wconf 85' lang='lat' dir='ltr'><strong>scilicet</strong></span> 
     </span>
    </p>
   </div>
   <div class='ocr_carea' id='block_1_48' title="bbox 865 3174 2421 3254">
    <p class='ocr_par' dir='ltr' id='par_1_48' title="bbox 865 3174 2421 3254">
     <span class='ocr_line' id='line_1_48' title="bbox 865 3174 2421 3254; baseline -0.009 -16"><span class='ocrx_word' id='word_1_358' title='bbox 865 3199 985 3254; x_wconf 76' lang='lat' dir='ltr'><strong>quae</strong></span> <span class='ocrx_word' id='word_1_359' title='bbox 1013 3181 1253 3236; x_wconf 89' lang='lat' dir='ltr'><strong>custodit</strong></span> <span class='ocrx_word' id='word_1_360' title='bbox 1273 3186 1328 3233; x_wconf 84' lang='lat' dir='ltr'><strong>et</strong></span> <span class='ocrx_word' id='word_1_361' title='bbox 1355 3174 1744 3231; x_wconf 86' lang='lat' dir='ltr'><strong>circumtuunit</strong></span> <span class='ocrx_word' id='word_1_362' title='bbox 1783 3174 1990 3244; x_wconf 87' lang='lat' dir='ltr'><strong>ipsam;</strong></span> <span class='ocrx_word' id='word_1_363' title='bbox 2024 3179 2421 3242; x_wconf 80' lang='lat' dir='ltr'><strong>consequenter</strong></span> 
     </span>
    </p>
   </div>
   <div class='ocr_carea' id='block_1_49' title="bbox 2531 2077 4079 2147">
    <p class='ocr_par' dir='ltr' id='par_1_49' title="bbox 2531 2077 4079 2147">
     <span class='ocr_line' id='line_1_49' title="bbox 2531 2077 4079 2147; baseline 0.004 -20"><span class='ocrx_word' id='word_1_364' title='bbox 2531 2093 2716 2146; x_wconf 87' lang='grc' dir='ltr'>ρηται·</span> <span class='ocrx_word' id='word_1_365' title='bbox 2757 2077 2866 2130; x_wconf 85' lang='grc' dir='ltr'><strong>Τοῦ</strong></span> <span class='ocrx_word' id='word_1_366' title='bbox 2916 2078 3182 2147; x_wconf 81' lang='grc' dir='ltr'>ποταμοῦ</span> <span class='ocrx_word' id='word_1_367' title='bbox 3227 2078 3299 2131; x_wconf 79' lang='grc' dir='ltr'>τὰ</span> <span class='ocrx_word' id='word_1_368' title='bbox 3345 2077 3649 2147; x_wconf 80' lang='grc' dir='ltr'>ὀρμήματα</span> <span class='ocrx_word' id='word_1_369' title='bbox 3691 2080 4079 2146; x_wconf 68' lang='grc' dir='ltr'>εὐφραίνουσι</span> 
     </span>
    </p>
   </div>
   <div class='ocr_carea' id='block_1_50' title="bbox 2525 2166 4079 2238">
    <p class='ocr_par' dir='ltr' id='par_1_50' title="bbox 2525 2166 4079 2238">
     <span class='ocr_line' id='line_1_50' title="bbox 2525 2166 4079 2238; baseline 0.002 -20"><span class='ocrx_word' id='word_1_370' title='bbox 2525 2167 2638 2233; x_wconf 82' lang='grc' dir='ltr'>τὴν</span> <span class='ocrx_word' id='word_1_371' title='bbox 2660 2167 2837 2219; x_wconf 77' lang='grc' dir='ltr'>πόλιν</span> <span class='ocrx_word' id='word_1_372' title='bbox 2864 2167 2968 2220; x_wconf 84' lang='grc' dir='ltr'>τοῦ</span> <span class='ocrx_word' id='word_1_373' title='bbox 2993 2167 3157 2220; x_wconf 83' lang='grc' dir='ltr'><strong>Θεοῦ.</strong></span> <span class='ocrx_word' id='word_1_374' title='bbox 3210 2166 3346 2220; x_wconf 84' lang='grc' dir='ltr'>Ἀλλ’</span> <span class='ocrx_word' id='word_1_375' title='bbox 3371 2168 3554 2238; x_wconf 68' lang='grc' dir='ltr'>ἐπειδὴ</span> <span class='ocrx_word' id='word_1_376' title='bbox 3581 2167 3847 2221; x_wconf 83' lang='grc' dir='ltr'>τοσούτων</span> <span class='ocrx_word' id='word_1_377' title='bbox 3877 2169 4079 2238; x_wconf 72' lang='grc' dir='ltr'>ἠξιώθη</span> 
     </span>
    </p>
   </div>
   <div class='ocr_carea' id='block_1_51' title="bbox 2525 2257 4080 2329">
    <p class='ocr_par' dir='ltr' id='par_1_51' title="bbox 2525 2257 4080 2329">
     <span class='ocr_line' id='line_1_51' title="bbox 2525 2257 4080 2329; baseline 0.003 -21"><span class='ocrx_word' id='word_1_378' title='bbox 2525 2257 2558 2326; x_wconf 78' lang='grc' dir='ltr'>ἡ</span> <span class='ocrx_word' id='word_1_379' title='bbox 2604 2257 2937 2327; x_wconf 80' lang='grc' dir='ltr'>δεδηλωμένη</span> <span class='ocrx_word' id='word_1_380' title='bbox 2977 2257 3215 2324; x_wconf 78' lang='grc' dir='ltr'>ἄμπελος</span> <span class='ocrx_word' id='word_1_381' title='bbox 3261 2257 3366 2310; x_wconf 84' lang='grc' dir='ltr'><strong>ύπὺ</strong></span> <span class='ocrx_word' id='word_1_382' title='bbox 3409 2257 3501 2310; x_wconf 81' lang='grc' dir='ltr'>τοῦ</span> <span class='ocrx_word' id='word_1_383' title='bbox 3547 2259 3814 2329; x_wconf 86' lang='grc' dir='ltr'>πρότερον</span> <span class='ocrx_word' id='word_1_384' title='bbox 3862 2261 4080 2312; x_wconf 62' lang='lat' dir='ltr'><strong>imam-&#39;-</strong></span> 
     </span>
    </p>
   </div>
   <div class='ocr_carea' id='block_1_52' title="bbox 2525 2347 4080 2420">
    <p class='ocr_par' dir='ltr' id='par_1_52' title="bbox 2525 2347 4080 2420">
     <span class='ocr_line' id='line_1_52' title="bbox 2525 2347 4080 2420; baseline 0.003 -22"><span class='ocrx_word' id='word_1_385' title='bbox 2525 2347 2751 2411; x_wconf 82' lang='grc' dir='ltr'>πούντος</span> <span class='ocrx_word' id='word_1_386' title='bbox 2768 2391 2772 2397; x_wconf 93' lang='grc'><strong><em>.</em></strong></span> <span class='ocrx_word' id='word_1_387' title='bbox 2789 2347 2955 2418; x_wconf 82' lang='grc' dir='ltr'>αὐτὴν</span> <span class='ocrx_word' id='word_1_388' title='bbox 2981 2347 3114 2400; x_wconf 82' lang='grc' dir='ltr'><strong>Θεοῦ</strong></span> <span class='ocrx_word' id='word_1_389' title='bbox 3145 2349 3337 2416; x_wconf 82' lang='grc' dir='ltr'>Λόγου,</span> <span class='ocrx_word' id='word_1_390' title='bbox 3380 2348 3684 2412; x_wconf 76' lang='grc' dir='ltr'>ἀκολούθως</span> <span class='ocrx_word' id='word_1_391' title='bbox 3711 2349 3739 2398; x_wconf 79' lang='grc' dir='ltr'>ὁ</span> <span class='ocrx_word' id='word_1_392' title='bbox 3772 2349 3926 2416; x_wconf 83' lang='grc' dir='ltr'>λόγος</span> <span class='ocrx_word' id='word_1_393' title='bbox 3953 2350 4080 2420; x_wconf 77' lang='grc' dir='ltr'><strong>ἑξῆς</strong></span> 
     </span>
    </p>
   </div>
   <div class='ocr_carea' id='block_1_53' title="bbox 2523 2439 4082 2513">
    <p class='ocr_par' dir='ltr' id='par_1_53' title="bbox 2523 2439 4082 2513">
     <span class='ocr_line' id='line_1_53' title="bbox 2523 2439 4082 2513; baseline 0.002 -20"><span class='ocrx_word' id='word_1_394' title='bbox 2523 2441 2597 2504; x_wconf 85' lang='grc' dir='ltr'>ὼς</span> <span class='ocrx_word' id='word_1_395' title='bbox 2622 2441 2757 2511; x_wconf 87' lang='grc' dir='ltr'>πρὸς</span> <span class='ocrx_word' id='word_1_396' title='bbox 2781 2439 2942 2493; x_wconf 83' lang='grc' dir='ltr'>αὑτὸν</span> <span class='ocrx_word' id='word_1_397' title='bbox 2962 2439 3144 2491; x_wconf 52' lang='lat' dir='ltr'><strong>eam</strong></span> <span class='ocrx_word' id='word_1_398' title='bbox 3166 2439 3400 2492; x_wconf 81' lang='grc' dir='ltr'>τοσαῦτα</span> <span class='ocrx_word' id='word_1_399' title='bbox 3425 2439 3790 2510; x_wconf 77' lang='grc' dir='ltr'>δεδωρημένον</span> <span class='ocrx_word' id='word_1_400' title='bbox 3812 2442 4082 2513; x_wconf 76' lang='grc' dir='ltr'>ἐπαπορεί</span> 
     </span>
    </p>
   </div>
   <div class='ocr_carea' id='block_1_54' title="bbox 2523 2532 4080 2603">
    <p class='ocr_par' dir='ltr' id='par_1_54' title="bbox 2523 2532 4080 2603">
     <span class='ocr_line' id='line_1_54' title="bbox 2523 2532 4080 2603; baseline 0.003 -17"><span class='ocrx_word' id='word_1_401' title='bbox 2523 2534 2693 2603; x_wconf 85' lang='grc' dir='ltr'>λέγων</span> <span class='ocrx_word' id='word_1_402' title='bbox 2719 2551 2732 2564; x_wconf 73' lang='grc' dir='ltr'><strong><em>ο</em></strong></span> <span class='ocrx_word' id='word_1_403' title='bbox 2783 2532 2962 2587; x_wconf 85' lang='grc' dir='ltr'>Ἰνατί</span> <span class='ocrx_word' id='word_1_404' title='bbox 3019 2532 3288 2598; x_wconf 71' lang='grc' dir='ltr'>καθεῖλες</span> <span class='ocrx_word' id='word_1_405' title='bbox 3320 2532 3423 2586; x_wconf 75' lang='grc' dir='ltr'>τὸν</span> <span class='ocrx_word' id='word_1_406' title='bbox 3449 2535 3716 2602; x_wconf 69' lang='grc' dir='ltr'>φραγμὸν</span> <span class='ocrx_word' id='word_1_407' title='bbox 3759 2534 3979 2602; x_wconf 84' lang='grc' dir='ltr'>αὑτῆς;</span> <span class='ocrx_word' id='word_1_408' title='bbox 4020 2537 4080 2590; x_wconf 91' lang='lat'><strong>&#39;0</strong></span> 
     </span>
    </p>
   </div>
   <div class='ocr_carea' id='block_1_55' title="bbox 2519 2625 4078 2698">
    <p class='ocr_par' dir='ltr' id='par_1_55' title="bbox 2519 2625 4078 2698">
     <span class='ocr_line' id='line_1_55' title="bbox 2519 2625 4078 2698; baseline 0.001 -18"><span class='ocrx_word' id='word_1_409' title='bbox 2519 2626 2575 2680; x_wconf 84' lang='grc' dir='ltr'>δὲ</span> <span class='ocrx_word' id='word_1_410' title='bbox 2617 2626 2962 2696; x_wconf 84' lang='grc' dir='ltr'>ἀποκρίνεται</span> <span class='ocrx_word' id='word_1_411' title='bbox 3009 2625 3216 2694; x_wconf 78' lang='grc' dir='ltr'>λέγων’</span> <span class='ocrx_word' id='word_1_412' title='bbox 3267 2625 3420 2680; x_wconf 86' lang='grc' dir='ltr'>Διότι</span> <span class='ocrx_word' id='word_1_413' title='bbox 3458 2627 3659 2695; x_wconf 68' lang='grc' dir='ltr'>ἔμεινα</span> <span class='ocrx_word' id='word_1_414' title='bbox 3699 2627 3798 2682; x_wconf 74' lang='grc' dir='ltr'>ἵνα</span> <span class='ocrx_word' id='word_1_415' title='bbox 3852 2629 4078 2698; x_wconf 76' lang='grc' dir='ltr'>ποιήσῃ</span> 
     </span>
    </p>
   </div>
   <div class='ocr_carea' id='block_1_56' title="bbox 2521 2717 4075 2787">
    <p class='ocr_par' dir='ltr' id='par_1_56' title="bbox 2521 2717 4075 2787">
     <span class='ocr_line' id='line_1_56' title="bbox 2521 2717 4075 2787; baseline 0.001 -14"><span class='ocrx_word' id='word_1_416' title='bbox 2521 2719 2842 2787; x_wconf 65' lang='grc' dir='ltr'>σταφυλὴν</span> <span class='ocrx_word' id='word_1_417' title='bbox 2867 2757 2884 2783; x_wconf 93' lang='grc'><strong>,</strong></span> <span class='ocrx_word' id='word_1_418' title='bbox 2933 2718 3181 2784; x_wconf 81' lang='grc' dir='ltr'>ἐποίησε</span> <span class='ocrx_word' id='word_1_419' title='bbox 3235 2717 3304 2770; x_wconf 78' lang='grc' dir='ltr'>δὲ</span> <span class='ocrx_word' id='word_1_420' title='bbox 3347 2717 3610 2784; x_wconf 77' lang='grc' dir='ltr'>ἀκάνθας</span> <span class='ocrx_word' id='word_1_421' title='bbox 3637 2734 3652 2752; x_wconf 78' lang='grc'><strong>⁸</strong></span> <span class='ocrx_word' id='word_1_422' title='bbox 3710 2720 3805 2773; x_wconf 81' lang='grc' dir='ltr'><strong>καὶ</strong></span> <span class='ocrx_word' id='word_1_423' title='bbox 3868 2721 4027 2774; x_wconf 81' lang='grc' dir='ltr'>πάλιν</span> <span class='ocrx_word' id='word_1_424' title='bbox 4059 2739 4075 2752; x_wconf 86' lang='grc'><strong>·</strong></span> 
     </span>
    </p>
   </div>
   <div class='ocr_carea' id='block_1_57' title="bbox 2524 2804 4075 2882">
    <p class='ocr_par' dir='ltr' id='par_1_57' title="bbox 2524 2804 4075 2882">
     <span class='ocr_line' id='line_1_57' title="bbox 2524 2804 4075 2882; baseline 0.003 -20"><span class='ocrx_word' id='word_1_425' title='bbox 2524 2812 2762 2878; x_wconf 80' lang='grc' dir='ltr'>Ἔμεινα</span> <span class='ocrx_word' id='word_1_426' title='bbox 2799 2811 2897 2863; x_wconf 77' lang='grc' dir='ltr'>ἵνα</span> <span class='ocrx_word' id='word_1_427' title='bbox 2931 2811 3156 2877; x_wconf 76' lang='grc' dir='ltr'>ποιήσῃ</span> <span class='ocrx_word' id='word_1_428' title='bbox 3185 2809 3409 2876; x_wconf 86' lang='grc' dir='ltr'>κρίσιν,</span> <span class='ocrx_word' id='word_1_429' title='bbox 3428 2804 3686 2878; x_wconf 64' lang='grc' dir='ltr'>ἓποίησο</span> <span class='ocrx_word' id='word_1_430' title='bbox 3712 2812 3780 2864; x_wconf 80' lang='grc' dir='ltr'>δὲ</span> <span class='ocrx_word' id='word_1_431' title='bbox 3798 2813 4075 2882; x_wconf 79' lang='grc' dir='ltr'>ἀνομίαν,</span> 
     </span>
    </p>
   </div>
   <div class='ocr_carea' id='block_1_58' title="bbox 2520 2901 4080 2974">
    <p class='ocr_par' dir='ltr' id='par_1_58' title="bbox 2520 2901 4080 2974">
     <span class='ocr_line' id='line_1_58' title="bbox 2520 2901 4080 2974; baseline 0.003 -20"><span class='ocrx_word' id='word_1_432' title='bbox 2520 2901 2617 2954; x_wconf 81' lang='grc' dir='ltr'>καὶ</span> <span class='ocrx_word' id='word_1_433' title='bbox 2643 2903 2713 2954; x_wconf 84' lang='grc' dir='ltr'>οὐ</span> <span class='ocrx_word' id='word_1_434' title='bbox 2735 2902 3144 2967; x_wconf 83' lang='grc' dir='ltr'>δικαιοσύνην,</span> <span class='ocrx_word' id='word_1_435' title='bbox 3165 2901 3321 2955; x_wconf 68' lang='lat' dir='ltr'><strong>dua</strong></span> <span class='ocrx_word' id='word_1_436' title='bbox 3347 2901 3632 2970; x_wconf 75' lang='grc' dir='ltr'>κραυγήν.</span> <span class='ocrx_word' id='word_1_437' title='bbox 3659 2903 3768 2955; x_wconf 72' lang='grc' dir='ltr'><strong>Καὶ</strong></span> <span class='ocrx_word' id='word_1_438' title='bbox 3797 2904 3856 2956; x_wconf 77' lang='grc' dir='ltr'><strong>ὲν</strong></span> <span class='ocrx_word' id='word_1_439' title='bbox 3887 2903 3965 2974; x_wconf 81' lang='grc' dir='ltr'>τῷ</span> <span class='ocrx_word' id='word_1_440' title='bbox 3989 2904 4080 2958; x_wconf 79' lang='grc' dir='ltr'><strong>Ἰα-</strong></span> 
     </span>
    </p>
   </div>
   <div class='ocr_carea' id='block_1_59' title="bbox 2524 2988 4076 3065">
    <p class='ocr_par' dir='ltr' id='par_1_59' title="bbox 2524 2988 4076 3065">
     <span class='ocr_line' id='line_1_59' title="bbox 2524 2988 4076 3065; baseline 0.003 -23"><span class='ocrx_word' id='word_1_441' title='bbox 2524 2991 2685 3061; x_wconf 77' lang='grc' dir='ltr'>ρεμίᾳ</span> <span class='ocrx_word' id='word_1_442' title='bbox 2719 2990 2775 3042; x_wconf 83' lang='grc' dir='ltr'>δὲ</span> <span class='ocrx_word' id='word_1_443' title='bbox 2805 2993 2833 3042; x_wconf 85' lang='grc' dir='ltr'>ὁ</span> <span class='ocrx_word' id='word_1_444' title='bbox 2866 2988 3027 3052; x_wconf 82' lang='grc' dir='ltr'>αὐτὸς</span> <span class='ocrx_word' id='word_1_445' title='bbox 3067 2989 3278 3060; x_wconf 74' lang='grc' dir='ltr'>ἐλέγχει</span> <span class='ocrx_word' id='word_1_446' title='bbox 3312 2990 3412 3062; x_wconf 80' lang='grc' dir='ltr'>τὴν</span> <span class='ocrx_word' id='word_1_447' title='bbox 3443 2991 3705 3061; x_wconf 87' lang='grc' dir='ltr'>ἄμπελον,</span> <span class='ocrx_word' id='word_1_448' title='bbox 3741 2992 3928 3064; x_wconf 78' lang='grc' dir='ltr'>λογικὴ</span> <span class='ocrx_word' id='word_1_449' title='bbox 3969 2994 4076 3065; x_wconf 81' lang='grc' dir='ltr'><strong>γὰρ</strong></span> 
     </span>
    </p>
   </div>
   <div class='ocr_carea' id='block_1_60' title="bbox 2518 3077 4076 3154">
    <p class='ocr_par' dir='ltr' id='par_1_60' title="bbox 2518 3077 4076 3154">
     <span class='ocr_line' id='line_1_60' title="bbox 2518 3077 4076 3154; baseline 0.004 -22"><span class='ocrx_word' id='word_1_450' title='bbox 2518 3077 2605 3151; x_wconf 77' lang='grc' dir='ltr'>ἦν,</span> <span class='ocrx_word' id='word_1_451' title='bbox 2635 3082 2854 3150; x_wconf 80' lang='grc' dir='ltr'>φάσκων</span> <span class='ocrx_word' id='word_1_452' title='bbox 2871 3098 2887 3112; x_wconf 88' lang='grc'><strong>·</strong></span> <span class='ocrx_word' id='word_1_453' title='bbox 2923 3081 3063 3150; x_wconf 75' lang='grc' dir='ltr'><strong>Ἐγὼ</strong></span> <span class='ocrx_word' id='word_1_454' title='bbox 3085 3081 3153 3132; x_wconf 74' lang='grc' dir='ltr'>δὲ</span> <span class='ocrx_word' id='word_1_455' title='bbox 3172 3081 3473 3149; x_wconf 68' lang='grc' dir='ltr'>ἐφύτευσα</span> <span class='ocrx_word' id='word_1_456' title='bbox 3495 3082 3761 3150; x_wconf 71' lang='grc' dir='ltr'>ἄμπελον</span> <span class='ocrx_word' id='word_1_457' title='bbox 3781 3088 4076 3154; x_wconf 75' lang='grc' dir='ltr'>καρποφό-</span> 
     </span>
    </p>
   </div>
   <div class='ocr_carea' id='block_1_61' title="bbox 2511 3169 4078 3242">
    <p class='ocr_par' dir='ltr' id='par_1_61' title="bbox 2511 3169 4078 3242">
     <span class='ocr_line' id='line_1_61' title="bbox 2511 3169 4078 3242; baseline 0.003 -18"><span class='ocrx_word' id='word_1_458' title='bbox 2511 3189 2626 3240; x_wconf 88' lang='grc' dir='ltr'><strong>ρον</strong></span> <span class='ocrx_word' id='word_1_459' title='bbox 2661 3171 2864 3225; x_wconf 84' lang='grc' dir='ltr'>πᾶσαν</span> <span class='ocrx_word' id='word_1_460' title='bbox 2899 3169 3210 3238; x_wconf 77' lang='grc' dir='ltr'>ἀληθινήν.</span> <span class='ocrx_word' id='word_1_461' title='bbox 3241 3169 3373 3237; x_wconf 87' lang='grc' dir='ltr'><strong>Πῶς</strong></span> <span class='ocrx_word' id='word_1_462' title='bbox 3412 3169 3677 3240; x_wconf 68' lang='grc' dir='ltr'>ἐστράφη</span> <span class='ocrx_word' id='word_1_463' title='bbox 3711 3175 3797 3237; x_wconf 77' lang='grc' dir='ltr'>εἰς</span> <span class='ocrx_word' id='word_1_464' title='bbox 3836 3176 4078 3242; x_wconf 73' lang='grc' dir='ltr'>πικρίαν</span> 
     </span>
    </p>
   </div>
   <div class='ocr_carea' id='block_1_62' title="bbox 864 3259 2604 3346">
    <p class='ocr_par' dir='ltr' id='par_1_62' title="bbox 864 3259 2558 3346">
     <span class='ocr_line' id='line_1_62' title="bbox 864 3259 2558 3346; baseline -0.008 -17"><span class='ocrx_word' id='word_1_465' title='bbox 864 3289 1054 3329; x_wconf 83' lang='lat' dir='ltr'><strong>omnes</strong></span> <span class='ocrx_word' id='word_1_466' title='bbox 1107 3270 1301 3326; x_wconf 86' lang='lat' dir='ltr'><strong>deinde</strong></span> <span class='ocrx_word' id='word_1_467' title='bbox 1325 3268 1530 3323; x_wconf 90' lang='lat' dir='ltr'><strong>inimici</strong></span> <span class='ocrx_word' id='word_1_468' title='bbox 1571 3266 1871 3321; x_wconf 86' lang='lat' dir='ltr'><strong>invisibiles</strong></span> <span class='ocrx_word' id='word_1_469' title='bbox 1924 3272 1980 3320; x_wconf 89' lang='lat' dir='ltr'><strong>et</strong></span> <span class='ocrx_word' id='word_1_470' title='bbox 2018 3259 2245 3323; x_wconf 88' lang='lat' dir='ltr'><strong>occulti,</strong></span> <span class='ocrx_word' id='word_1_471' title='bbox 2290 3262 2418 3316; x_wconf 77' lang='lat' dir='ltr'><strong>teris</strong></span> <span class='ocrx_word' id='word_1_472' title='bbox 2445 3290 2486 3346; x_wconf 64' lang='grc' dir='ltr'><em>ε</em></span> <span class='ocrx_word' id='word_1_473' title='bbox 2520 3263 2558 3329; x_wconf 80' lang='grc' dir='ltr'><strong>ή</strong></span> 
     </span>
    </p>
   </div>
   <div class='ocr_carea' id='block_1_63' title="bbox 2336 3259 4076 3346">
    <p class='ocr_par' dir='ltr' id='par_1_63' title="bbox 2336 3261 4076 3346">
     <span class='ocr_line' id='line_1_63' title="bbox 2336 3261 4076 3346; baseline 0.013 -47"><span class='ocrx_word' id='word_1_474' title='bbox 2336 3263 2418 3316; x_wconf 57' lang='grc' dir='ltr'><strong>τίς</strong></span> <span class='ocrx_word' id='word_1_475' title='bbox 2445 3290 2486 3346; x_wconf 75' lang='lat' dir='ltr'><strong><em>C</em></strong></span> <span class='ocrx_word' id='word_1_476' title='bbox 2520 3263 2558 3329; x_wconf 62' lang='grc' dir='ltr'>ἢ</span> <span class='ocrx_word' id='word_1_477' title='bbox 2611 3261 2874 3329; x_wconf 71' lang='grc' dir='ltr'><strong>ἄμπελος</strong></span> <span class='ocrx_word' id='word_1_478' title='bbox 2913 3261 2952 3327; x_wconf 75' lang='grc' dir='ltr'><strong>ἠ</strong></span> <span class='ocrx_word' id='word_1_479' title='bbox 3005 3261 3324 3328; x_wconf 74' lang='grc' dir='ltr'>ἀλλοτρια;</span> <span class='ocrx_word' id='word_1_480' title='bbox 3374 3261 3700 3334; x_wconf 88' lang='grc' dir='ltr'>Προστίθησι</span> <span class='ocrx_word' id='word_1_481' title='bbox 3749 3264 3803 3316; x_wconf 82' lang='grc' dir='ltr'>δὲ</span> <span class='ocrx_word' id='word_1_482' title='bbox 3846 3267 3939 3318; x_wconf 73' lang='grc' dir='ltr'>καὶ</span> <span class='ocrx_word' id='word_1_483' title='bbox 3987 3267 4076 3321; x_wconf 80' lang='grc' dir='ltr'><strong>διὰ</strong></span> 
     </span>
    </p>
   </div>
   <div class='ocr_carea' id='block_1_64' title="bbox 866 3355 2420 3433">
    <p class='ocr_par' dir='ltr' id='par_1_64' title="bbox 866 3355 2420 3433">
     <span class='ocr_line' id='line_1_64' title="bbox 866 3355 2420 3433; baseline -0.009 -16"><span class='ocrx_word' id='word_1_484' title='bbox 866 3362 1170 3433; x_wconf 82' lang='lat' dir='ltr'><strong>agrestibus</strong></span> <span class='ocrx_word' id='word_1_485' title='bbox 1193 3359 1538 3414; x_wconf 86' lang='lat' dir='ltr'><strong>immaniores</strong></span> <span class='ocrx_word' id='word_1_486' title='bbox 1563 3355 1752 3427; x_wconf 81' lang='lat' dir='ltr'><strong>(Vsus.</strong></span> <span class='ocrx_word' id='word_1_487' title='bbox 1783 3355 1896 3426; x_wconf 73' lang='lat' dir='ltr'><strong>ll),</strong></span> <span class='ocrx_word' id='word_1_488' title='bbox 1918 3355 2420 3409; x_wconf 81' lang='lat' dir='ltr'><strong>cxterminaverunt</strong></span> 
     </span>
    </p>
   </div>
   <div class='ocr_carea' id='block_1_65' title="bbox 863 3439 2421 3520">
    <p class='ocr_par' dir='ltr' id='par_1_65' title="bbox 863 3439 2421 3520">
     <span class='ocr_line' id='line_1_65' title="bbox 863 3439 2421 3520; baseline -0.011 -11"><span class='ocrx_word' id='word_1_489' title='bbox 863 3467 980 3516; x_wconf 83' lang='lat' dir='ltr'><strong>eos,</strong></span> <span class='ocrx_word' id='word_1_490' title='bbox 1035 3451 1282 3505; x_wconf 85' lang='lat' dir='ltr'><strong>videlicet</strong></span> <span class='ocrx_word' id='word_1_491' title='bbox 1330 3450 1419 3520; x_wconf 91' lang='lat' dir='ltr'><strong>qui</strong></span> <span class='ocrx_word' id='word_1_492' title='bbox 1476 3463 1506 3502; x_wconf 91' lang='lat' dir='ltr'><strong>a</strong></span> <span class='ocrx_word' id='word_1_493' title='bbox 1557 3445 1840 3516; x_wconf 86' lang='lat' dir='ltr'><strong>Scriptura</strong></span> <span class='ocrx_word' id='word_1_494' title='bbox 1892 3442 2309 3498; x_wconf 85' lang='lat' dir='ltr'><strong>accusabantur.</strong></span> <span class='ocrx_word' id='word_1_495' title='bbox 2356 3439 2421 3494; x_wconf 82' lang='lat' dir='ltr'><strong>Et</strong></span> 
     </span>
    </p>
   </div>
   <div class='ocr_carea' id='block_1_66' title="bbox 863 3534 2418 3615">
    <p class='ocr_par' dir='ltr' id='par_1_66' title="bbox 863 3534 2418 3615">
     <span class='ocr_line' id='line_1_66' title="bbox 863 3534 2418 3615; baseline -0.008 -18"><span class='ocrx_word' id='word_1_496' title='bbox 863 3541 1082 3615; x_wconf 88' lang='lat' dir='ltr'><strong>quidam</strong></span> <span class='ocrx_word' id='word_1_497' title='bbox 1115 3543 1358 3611; x_wconf 88' lang='lat' dir='ltr'><strong>impurus</strong></span> <span class='ocrx_word' id='word_1_498' title='bbox 1392 3554 1544 3609; x_wconf 87' lang='lat' dir='ltr'><strong>aper,</strong></span> <span class='ocrx_word' id='word_1_499' title='bbox 1575 3551 1770 3607; x_wconf 89' lang='lat' dir='ltr'><strong>nempe</strong></span> <span class='ocrx_word' id='word_1_500' title='bbox 1799 3535 2080 3605; x_wconf 86' lang='lat' dir='ltr'><strong>Assyrius,</strong></span> <span class='ocrx_word' id='word_1_501' title='bbox 2114 3534 2266 3603; x_wconf 85' lang='lat' dir='ltr'><strong>prior</strong></span> <span class='ocrx_word' id='word_1_502' title='bbox 2293 3545 2418 3586; x_wconf 86' lang='lat' dir='ltr'><strong>cum</strong></span> 
     </span>
    </p>
   </div>
   <div class='ocr_carea' id='block_1_67' title="bbox 865 3622 2421 3697">
    <p class='ocr_par' dir='ltr' id='par_1_67' title="bbox 865 3622 2421 3697">
     <span class='ocr_line' id='line_1_67' title="bbox 865 3622 2421 3697; baseline -0.005 -13"><span class='ocrx_word' id='word_1_503' title='bbox 865 3631 1176 3686; x_wconf 75' lang='lat' dir='ltr'><strong>fortitudine</strong></span> <span class='ocrx_word' id='word_1_504' title='bbox 1207 3628 1487 3693; x_wconf 86' lang='lat' dir='ltr'><strong>invadens,</strong></span> <span class='ocrx_word' id='word_1_505' title='bbox 1534 3626 1814 3697; x_wconf 61' lang='lat' dir='ltr'><strong>praefatam</strong></span> <span class='ocrx_word' id='word_1_506' title='bbox 1859 3624 2076 3678; x_wconf 84' lang='lat' dir='ltr'><strong>vineam</strong></span> <span class='ocrx_word' id='word_1_507' title='bbox 2106 3622 2421 3692; x_wconf 71' lang='lat' dir='ltr'><strong>pessumda-</strong></span> 
     </span>
    </p>
   </div>
   <div class='ocr_carea' id='block_1_68' title="bbox 859 3714 2418 3788">
    <p class='ocr_par' dir='ltr' id='par_1_68' title="bbox 859 3714 2418 3788">
     <span class='ocr_line' id='line_1_68' title="bbox 859 3714 2418 3788; baseline -0.007 -10"><span class='ocrx_word' id='word_1_508' title='bbox 859 3724 966 3788; x_wconf 87' lang='lat' dir='ltr'><strong>dit,</strong></span> <span class='ocrx_word' id='word_1_509' title='bbox 994 3723 1066 3775; x_wconf 88' lang='lat' dir='ltr'><strong>ita</strong></span> <span class='ocrx_word' id='word_1_510' title='bbox 1090 3730 1148 3776; x_wconf 94' lang='lat' dir='ltr'><strong>ut</strong></span> <span class='ocrx_word' id='word_1_511' title='bbox 1181 3719 1582 3774; x_wconf 88' lang='lat' dir='ltr'><strong>multitudinem</strong></span> <span class='ocrx_word' id='word_1_512' title='bbox 1623 3717 1808 3788; x_wconf 88' lang='lat' dir='ltr'><strong>populi</strong></span> <span class='ocrx_word' id='word_1_513' title='bbox 1844 3715 2112 3786; x_wconf 87' lang='lat' dir='ltr'><strong>captivam</strong></span> <span class='ocrx_word' id='word_1_514' title='bbox 2151 3715 2207 3768; x_wconf 89' lang='lat' dir='ltr'><strong>in</strong></span> <span class='ocrx_word' id='word_1_515' title='bbox 2255 3714 2418 3784; x_wconf 83' lang='lat' dir='ltr'><strong>Assy-</strong></span> 
     </span>
    </p>
   </div>
   <div class='ocr_carea' id='block_1_69' title="bbox 860 3807 2421 3876">
    <p class='ocr_par' dir='ltr' id='par_1_69' title="bbox 860 3807 2421 3876">
     <span class='ocr_line' id='line_1_69' title="bbox 860 3807 2421 3876; baseline -0.004 -7"><span class='ocrx_word' id='word_1_516' title='bbox 860 3816 974 3869; x_wconf 86' lang='lat' dir='ltr'><strong>rios</strong></span> <span class='ocrx_word' id='word_1_517' title='bbox 997 3813 1308 3867; x_wconf 87' lang='lat' dir='ltr'><strong>abduceret.</strong></span> <span class='ocrx_word' id='word_1_518' title='bbox 1362 3810 1566 3866; x_wconf 88' lang='lat' dir='ltr'><strong>Deinde</strong></span> <span class='ocrx_word' id='word_1_519' title='bbox 1593 3825 1723 3865; x_wconf 90' lang='lat' dir='ltr'><strong>vero</strong></span> <span class='ocrx_word' id='word_1_520' title='bbox 1756 3809 1893 3862; x_wconf 89' lang='lat' dir='ltr'><strong>alter</strong></span> <span class='ocrx_word' id='word_1_521' title='bbox 1924 3807 2178 3862; x_wconf 86' lang='lat' dir='ltr'><strong>inimicus</strong></span> <span class='ocrx_word' id='word_1_522' title='bbox 2211 3807 2421 3876; x_wconf 81' lang='lat' dir='ltr'><strong>ingres-</strong></span> 
     </span>
    </p>
   </div>
   <div class='ocr_carea' id='block_1_70' title="bbox 860 3898 2417 3975">
    <p class='ocr_par' dir='ltr' id='par_1_70' title="bbox 860 3898 2417 3975">
     <span class='ocr_line' id='line_1_70' title="bbox 860 3898 2417 3975; baseline -0.006 -14"><span class='ocrx_word' id='word_1_523' title='bbox 860 3923 977 3971; x_wconf 88' lang='lat' dir='ltr'><strong>sus,</strong></span> <span class='ocrx_word' id='word_1_524' title='bbox 1002 3922 1122 3975; x_wconf 70' lang='lat' dir='ltr'><strong>quae</strong></span> <span class='ocrx_word' id='word_1_525' title='bbox 1153 3919 1184 3958; x_wconf 87' lang='lat' dir='ltr'><strong>a</strong></span> <span class='ocrx_word' id='word_1_526' title='bbox 1219 3906 1399 3975; x_wconf 86' lang='lat' dir='ltr'><strong>priore</strong></span> <span class='ocrx_word' id='word_1_527' title='bbox 1433 3904 1625 3958; x_wconf 89' lang='lat' dir='ltr'><strong>relicta</strong></span> <span class='ocrx_word' id='word_1_528' title='bbox 1678 3902 1894 3957; x_wconf 81' lang='lat' dir='ltr'><strong>fuerant</strong></span> <span class='ocrx_word' id='word_1_529' title='bbox 1938 3900 2193 3964; x_wconf 80' lang='lat' dir='ltr'><strong>vastavit,</strong></span> <span class='ocrx_word' id='word_1_530' title='bbox 2233 3898 2417 3953; x_wconf 78' lang='lat' dir='ltr'><strong>Nabu-</strong></span> 
     </span>
    </p>
   </div>
   <div class='ocr_carea' id='block_1_71' title="bbox 860 3991 2419 4072">
    <p class='ocr_par' dir='ltr' id='par_1_71' title="bbox 860 3991 2419 4072">
     <span class='ocr_line' id='line_1_71' title="bbox 860 3991 2419 4072; baseline -0.004 -21"><span class='ocrx_word' id='word_1_531' title='bbox 860 3998 1203 4072; x_wconf 78' lang='lat' dir='ltr'><strong>cbodonosor</strong></span> <span class='ocrx_word' id='word_1_532' title='bbox 1223 3997 1490 4063; x_wconf 89' lang='lat' dir='ltr'><strong>videlicet,</strong></span> <span class='ocrx_word' id='word_1_533' title='bbox 1519 3996 1610 4067; x_wconf 93' lang='lat' dir='ltr'><strong>qui</strong></span> <span class='ocrx_word' id='word_1_534' title='bbox 1643 3995 1900 4063; x_wconf 82' lang='lat' dir='ltr'><strong>templum</strong></span> <span class='ocrx_word' id='word_1_535' title='bbox 1930 3992 2191 4056; x_wconf 90' lang='lat' dir='ltr'><strong>incendit,</strong></span> <span class='ocrx_word' id='word_1_536' title='bbox 2227 3999 2281 4046; x_wconf 89' lang='lat' dir='ltr'><strong>et</strong></span> <span class='ocrx_word' id='word_1_537' title='bbox 2303 3991 2419 4047; x_wconf 88' lang='lat' dir='ltr'><strong>solo</strong></span> 
     </span>
    </p>
   </div>
   <div class='ocr_carea' id='block_1_72' title="bbox 858 4082 2420 4161">
    <p class='ocr_par' dir='ltr' id='par_1_72' title="bbox 858 4082 2420 4161">
     <span class='ocr_line' id='line_1_72' title="bbox 858 4082 2420 4161; baseline -0.006 -16"><span class='ocrx_word' id='word_1_538' title='bbox 858 4091 1110 4161; x_wconf 71' lang='lat' dir='ltr'><strong>aequavit.</strong></span> <span class='ocrx_word' id='word_1_539' title='bbox 1135 4088 1314 4155; x_wconf 84' lang='lat' dir='ltr'><strong>Quare</strong></span> <span class='ocrx_word' id='word_1_540' title='bbox 1356 4090 1656 4144; x_wconf 86' lang='lat' dir='ltr'><strong>secundum</strong></span> <span class='ocrx_word' id='word_1_541' title='bbox 1709 4086 2096 4158; x_wconf 86' lang='lat' dir='ltr'><strong>Symmachum</strong></span> <span class='ocrx_word' id='word_1_542' title='bbox 2129 4085 2293 4140; x_wconf 90' lang='lat' dir='ltr'><strong>etiam</strong></span> <span class='ocrx_word' id='word_1_543' title='bbox 2336 4082 2420 4138; x_wconf 77' lang='lat' dir='ltr'><strong>di-</strong></span> 
     </span>
    </p>
   </div>
   <div class='ocr_carea' id='block_1_73' title="bbox 859 4176 2418 4251">
    <p class='ocr_par' dir='ltr' id='par_1_73' title="bbox 859 4176 2418 4251">
     <span class='ocr_line' id='line_1_73' title="bbox 859 4176 2418 4251; baseline -0.004 -14"><span class='ocrx_word' id='word_1_544' title='bbox 859 4192 1007 4237; x_wconf 72' lang='lat' dir='ltr'><strong>ctum</strong></span> <span class='ocrx_word' id='word_1_545' title='bbox 1032 4190 1114 4237; x_wconf 87' lang='lat' dir='ltr'><strong>est</strong></span> <span class='ocrx_word' id='word_1_546' title='bbox 1148 4199 1161 4233; x_wconf 88' lang='lat'><strong>:</strong></span> <span class='ocrx_word' id='word_1_547' title='bbox 1201 4182 1433 4236; x_wconf 71' lang='lat' dir='ltr'><strong>Vastavit</strong></span> <span class='ocrx_word' id='word_1_548' title='bbox 1453 4199 1570 4237; x_wconf 86' lang='lat' dir='ltr'><strong>eam</strong></span> <span class='ocrx_word' id='word_1_549' title='bbox 1611 4198 1738 4251; x_wconf 86' lang='lat' dir='ltr'><strong>aper</strong></span> <span class='ocrx_word' id='word_1_550' title='bbox 1759 4180 1824 4236; x_wconf 82' lang='lat' dir='ltr'><strong>de</strong></span> <span class='ocrx_word' id='word_1_551' title='bbox 1856 4179 2014 4244; x_wconf 83' lang='lat' dir='ltr'><strong>silva,</strong></span> <span class='ocrx_word' id='word_1_552' title='bbox 2062 4187 2112 4233; x_wconf 90' lang='lat' dir='ltr'><strong>et</strong></span> <span class='ocrx_word' id='word_1_553' title='bbox 2134 4176 2418 4248; x_wconf 77' lang='lat' dir='ltr'><strong>singularis</strong></span> 
     </span>
    </p>
   </div>
   <div class='ocr_carea' id='block_1_74' title="bbox 861 4269 2418 4344">
    <p class='ocr_par' dir='ltr' id='par_1_74' title="bbox 861 4269 2418 4344">
     <span class='ocr_line' id='line_1_74' title="bbox 861 4269 2418 4344; baseline -0.006 -14"><span class='ocrx_word' id='word_1_554' title='bbox 861 4275 1002 4339; x_wconf 80' lang='lat' dir='ltr'><strong>ferus</strong></span> <span class='ocrx_word' id='word_1_555' title='bbox 1021 4275 1268 4344; x_wconf 85' lang='lat' dir='ltr'><strong>depastus</strong></span> <span class='ocrx_word' id='word_1_556' title='bbox 1321 4285 1398 4331; x_wconf 82' lang='lat' dir='ltr'><strong>est</strong></span> <span class='ocrx_word' id='word_1_557' title='bbox 1431 4272 1700 4328; x_wconf 86' lang='lat' dir='ltr'><strong>eam.Pro</strong></span> <span class='ocrx_word' id='word_1_558' title='bbox 1750 4273 1847 4328; x_wconf 91' lang='lat' dir='ltr'><strong>illo</strong></span> <span class='ocrx_word' id='word_1_559' title='bbox 1897 4280 2101 4334; x_wconf 91' lang='lat' dir='ltr'><strong>autem,</strong></span> <span class='ocrx_word' id='word_1_560' title='bbox 2133 4269 2418 4340; x_wconf 81' lang='lat' dir='ltr'><strong>singularis</strong></span> 
     </span>
    </p>
   </div>
   <div class='ocr_carea' id='block_1_75' title="bbox 860 4363 2414 4436">
    <p class='ocr_par' dir='ltr' id='par_1_75' title="bbox 860 4363 2414 4436">
     <span class='ocr_line' id='line_1_75' title="bbox 860 4363 2414 4436; baseline -0.006 -15"><span class='ocrx_word' id='word_1_561' title='bbox 860 4367 1026 4433; x_wconf 79' lang='lat' dir='ltr'><strong>ferus,</strong></span> <span class='ocrx_word' id='word_1_562' title='bbox 1051 4366 1265 4436; x_wconf 79' lang='lat' dir='ltr'><strong>Aquila,</strong></span> <span class='ocrx_word' id='word_1_563' title='bbox 1301 4365 1631 4434; x_wconf 74' lang='lat' dir='ltr'><strong>amnigenam</strong></span> <span class='ocrx_word' id='word_1_564' title='bbox 1655 4373 1872 4427; x_wconf 83' lang='lat' dir='ltr'><strong>terram,</strong></span> <span class='ocrx_word' id='word_1_565' title='bbox 1903 4363 2288 4432; x_wconf 76' lang='lat' dir='ltr'><strong>interpretatus</strong></span> <span class='ocrx_word' id='word_1_566' title='bbox 2311 4369 2414 4416; x_wconf 87' lang='lat' dir='ltr'><strong>est.</strong></span> 
     </span>
    </p>
   </div>
   <div class='ocr_carea' id='block_1_76' title="bbox 845 4451 2418 4525">
    <p class='ocr_par' dir='ltr' id='par_1_76' title="bbox 845 4451 2418 4525">
     <span class='ocr_line' id='line_1_76' title="bbox 845 4451 2418 4525; baseline -0.006 -8"><span class='ocrx_word' id='word_1_567' title='bbox 845 4460 1171 4517; x_wconf 69' lang='lat' dir='ltr'><strong>Secundum</strong></span> <span class='ocrx_word' id='word_1_568' title='bbox 1205 4459 1366 4513; x_wconf 84' lang='lat' dir='ltr'><strong>aliam</strong></span> <span class='ocrx_word' id='word_1_569' title='bbox 1395 4471 1526 4511; x_wconf 70' lang='lat' dir='ltr'><strong>vero</strong></span> <span class='ocrx_word' id='word_1_570' title='bbox 1562 4453 2083 4525; x_wconf 88' lang='lat' dir='ltr'><strong>interpretationem,</strong></span> <span class='ocrx_word' id='word_1_571' title='bbox 2121 4451 2418 4522; x_wconf 71' lang='lat' dir='ltr'><strong>pessumda-</strong></span> 
     </span>
    </p>
   </div>
   <div class='ocr_carea' id='block_1_77' title="bbox 857 4543 2417 4618">
    <p class='ocr_par' dir='ltr' id='par_1_77' title="bbox 857 4543 2417 4618">
     <span class='ocr_line' id='line_1_77' title="bbox 857 4543 2417 4618; baseline -0.005 -12"><span class='ocrx_word' id='word_1_572' title='bbox 857 4554 935 4608; x_wconf 86' lang='lat' dir='ltr'><strong>dit</strong></span> <span class='ocrx_word' id='word_1_573' title='bbox 961 4570 1078 4607; x_wconf 84' lang='lat' dir='ltr'><strong>eam</strong></span> <span class='ocrx_word' id='word_1_574' title='bbox 1103 4567 1122 4617; x_wconf 88' lang='lat'><strong><em>;</em></strong></span> <span class='ocrx_word' id='word_1_575' title='bbox 1148 4552 1200 4607; x_wconf 87' lang='lat' dir='ltr'><strong>id</strong></span> <span class='ocrx_word' id='word_1_576' title='bbox 1229 4559 1335 4618; x_wconf 88' lang='lat' dir='ltr'><strong>est,</strong></span> <span class='ocrx_word' id='word_1_577' title='bbox 1388 4557 1744 4604; x_wconf 84' lang='lat' dir='ltr'><strong>memoratam</strong></span> <span class='ocrx_word' id='word_1_578' title='bbox 1774 4547 2007 4610; x_wconf 89' lang='lat' dir='ltr'><strong>vineam,</strong></span> <span class='ocrx_word' id='word_1_579' title='bbox 2045 4544 2220 4614; x_wconf 89' lang='lat' dir='ltr'><strong>primo</strong></span> <span class='ocrx_word' id='word_1_580' title='bbox 2248 4543 2417 4615; x_wconf 83' lang='lat' dir='ltr'><strong>Baby-</strong></span> 
     </span>
    </p>
   </div>
   <div class='ocr_carea' id='block_1_78' title="bbox 2533 3350 4071 3425">
    <p class='ocr_par' dir='ltr' id='par_1_78' title="bbox 2533 3350 4071 3425">
     <span class='ocr_line' id='line_1_78' title="bbox 2533 3350 4071 3425; baseline 0.004 -19"><span class='ocrx_word' id='word_1_581' title='bbox 2533 3353 2750 3406; x_wconf 75' lang='grc' dir='ltr'>Ἡσαΐου</span> <span class='ocrx_word' id='word_1_582' title='bbox 2784 3353 2985 3421; x_wconf 80' lang='grc' dir='ltr'>λέγων’</span> <span class='ocrx_word' id='word_1_583' title='bbox 3019 3350 3262 3407; x_wconf 70' lang='grc' dir='ltr'>Καθελῶ</span> <span class='ocrx_word' id='word_1_584' title='bbox 3288 3353 3394 3406; x_wconf 83' lang='grc' dir='ltr'>τὸν</span> <span class='ocrx_word' id='word_1_585' title='bbox 3425 3355 3694 3423; x_wconf 49' lang='grc' dir='ltr'>φραγμὸν</span> <span class='ocrx_word' id='word_1_586' title='bbox 3727 3356 3936 3425; x_wconf 83' lang='grc' dir='ltr'>αὐτῆς,</span> <span class='ocrx_word' id='word_1_587' title='bbox 3975 3361 4071 3412; x_wconf 70' lang='grc' dir='ltr'>καὶ</span> 
     </span>
    </p>
   </div>
   <div class='ocr_carea' id='block_1_79' title="bbox 2516 3443 4064 3517">
    <p class='ocr_par' dir='ltr' id='par_1_79' title="bbox 2516 3443 4064 3517">
     <span class='ocr_line' id='line_1_79' title="bbox 2516 3443 4064 3517; baseline 0.004 -20"><span class='ocrx_word' id='word_1_588' title='bbox 2516 3447 2685 3499; x_wconf 69' lang='grc' dir='ltr'>ἔσται</span> <span class='ocrx_word' id='word_1_589' title='bbox 2717 3447 2804 3511; x_wconf 82' lang='grc' dir='ltr'><strong>εις</strong></span> <span class='ocrx_word' id='word_1_590' title='bbox 2827 3443 3158 3513; x_wconf 67' lang='grc' dir='ltr'>διαρπαγήν</span> <span class='ocrx_word' id='word_1_591' title='bbox 3178 3459 3190 3472; x_wconf 89' lang='grc'>·</span> <span class='ocrx_word' id='word_1_592' title='bbox 3219 3444 3314 3498; x_wconf 73' lang='grc' dir='ltr'><strong>καί</strong></span> <span class='ocrx_word' id='word_1_593' title='bbox 3343 3445 3570 3500; x_wconf 73' lang='grc' dir='ltr'>καθελῶ</span> <span class='ocrx_word' id='word_1_594' title='bbox 3598 3447 3705 3500; x_wconf 87' lang='grc' dir='ltr'>τὸν</span> <span class='ocrx_word' id='word_1_595' title='bbox 3741 3447 3942 3517; x_wconf 84' lang='grc' dir='ltr'>τοῖχον</span> <span class='ocrx_word' id='word_1_596' title='bbox 3965 3451 4064 3503; x_wconf 82' lang='grc' dir='ltr'><strong>αὐ-</strong></span> 
     </span>
    </p>
   </div>
   <div class='ocr_carea' id='block_1_80' title="bbox 2516 3538 4078 3610">
    <p class='ocr_par' dir='ltr' id='par_1_80' title="bbox 2516 3538 4078 3610">
     <span class='ocr_line' id='line_1_80' title="bbox 2516 3538 4078 3610; baseline 0.003 -18"><span class='ocrx_word' id='word_1_597' title='bbox 2516 3538 2643 3606; x_wconf 81' lang='grc' dir='ltr'>τῆς,</span> <span class='ocrx_word' id='word_1_598' title='bbox 2673 3539 2766 3591; x_wconf 81' lang='grc' dir='ltr'>καὶ</span> <span class='ocrx_word' id='word_1_599' title='bbox 2791 3538 2957 3591; x_wconf 73' lang='grc' dir='ltr'>ἔσται</span> <span class='ocrx_word' id='word_1_600' title='bbox 2989 3540 3074 3603; x_wconf 84' lang='grc' dir='ltr'>εὶς</span> <span class='ocrx_word' id='word_1_601' title='bbox 3112 3538 3543 3606; x_wconf 81' lang='grc' dir='ltr'>καταπάτησιν.</span> <span class='ocrx_word' id='word_1_602' title='bbox 3593 3541 3700 3594; x_wconf 77' lang='grc' dir='ltr'><strong>Καὶ</strong></span> <span class='ocrx_word' id='word_1_603' title='bbox 3734 3541 3940 3610; x_wconf 76' lang='grc' dir='ltr'>ἀνήσω</span> <span class='ocrx_word' id='word_1_604' title='bbox 3972 3543 4078 3596; x_wconf 77' lang='grc' dir='ltr'>τὸν</span> 
     </span>
    </p>
   </div>
   <div class='ocr_carea' id='block_1_81' title="bbox 2515 3629 4076 3704">
    <p class='ocr_par' dir='ltr' id='par_1_81' title="bbox 2515 3629 4076 3704">
     <span class='ocr_line' id='line_1_81' title="bbox 2515 3629 4076 3704; baseline 0.004 -21"><span class='ocrx_word' id='word_1_605' title='bbox 2515 3629 2833 3700; x_wconf 75' lang='grc' dir='ltr'>ἁμπελῶνά</span> <span class='ocrx_word' id='word_1_606' title='bbox 2851 3647 2989 3699; x_wconf 83' lang='grc' dir='ltr'>μου,</span> <span class='ocrx_word' id='word_1_607' title='bbox 3017 3631 3113 3685; x_wconf 81' lang='grc' dir='ltr'>καὶ</span> <span class='ocrx_word' id='word_1_608' title='bbox 3141 3634 3212 3686; x_wconf 85' lang='grc' dir='ltr'>οὐ</span> <span class='ocrx_word' id='word_1_609' title='bbox 3230 3632 3315 3702; x_wconf 82' lang='grc' dir='ltr'>μὴ</span> <span class='ocrx_word' id='word_1_610' title='bbox 3342 3633 3571 3702; x_wconf 72' lang='grc' dir='ltr'>σκαφῇ,</span> <span class='ocrx_word' id='word_1_611' title='bbox 3589 3633 3732 3689; x_wconf 80' lang='grc' dir='ltr'>οὐδὲ</span> <span class='ocrx_word' id='word_1_612' title='bbox 3751 3634 3835 3703; x_wconf 81' lang='grc' dir='ltr'>μὴ</span> <span class='ocrx_word' id='word_1_613' title='bbox 3859 3635 4076 3704; x_wconf 74' lang='grc' dir='ltr'>τμηθῇ.</span> 
     </span>
    </p>
   </div>
   <div class='ocr_carea' id='block_1_82' title="bbox 2514 3721 4073 3793">
    <p class='ocr_par' dir='ltr' id='par_1_82' title="bbox 2514 3721 4073 3793">
     <span class='ocr_line' id='line_1_82' title="bbox 2514 3721 4073 3793; baseline 0.001 -16"><span class='ocrx_word' id='word_1_614' title='bbox 2514 3722 2624 3782; x_wconf 81' lang='lat' dir='ltr'><strong>Kal</strong></span> <span class='ocrx_word' id='word_1_615' title='bbox 2662 3721 3022 3788; x_wconf 81' lang='grc' dir='ltr'>ἀναϐήσεται</span> <span class='ocrx_word' id='word_1_616' title='bbox 3050 3725 3138 3789; x_wconf 84' lang='grc' dir='ltr'><strong>είς</strong></span> <span class='ocrx_word' id='word_1_617' title='bbox 3170 3725 3354 3778; x_wconf 86' lang='grc' dir='ltr'>αὐτὸν</span> <span class='ocrx_word' id='word_1_618' title='bbox 3387 3724 3528 3777; x_wconf 75' lang='grc' dir='ltr'>ὡσεί</span> <span class='ocrx_word' id='word_1_619' title='bbox 3555 3723 3776 3793; x_wconf 83' lang='grc' dir='ltr'>χέρσον</span> <span class='ocrx_word' id='word_1_620' title='bbox 3819 3725 4073 3789; x_wconf 78' lang='grc' dir='ltr'>ἄκανθα,</span> 
     </span>
    </p>
   </div>
   <div class='ocr_carea' id='block_1_83' title="bbox 2515 3813 4076 3884">
    <p class='ocr_par' dir='ltr' id='par_1_83' title="bbox 2515 3813 4076 3884">
     <span class='ocr_line' id='line_1_83' title="bbox 2515 3813 4076 3884; baseline -0.001 -13"><span class='ocrx_word' id='word_1_621' title='bbox 2515 3816 2612 3871; x_wconf 76' lang='grc' dir='ltr'><strong>καί</strong></span> <span class='ocrx_word' id='word_1_622' title='bbox 2673 3816 2802 3880; x_wconf 82' lang='grc' dir='ltr'>ταῖς</span> <span class='ocrx_word' id='word_1_623' title='bbox 2851 3813 3136 3883; x_wconf 66' lang='grc' dir='ltr'>νεφέλαις</span> <span class='ocrx_word' id='word_1_624' title='bbox 3187 3816 3539 3884; x_wconf 75' lang='grc' dir='ltr'>ὲντελοῦμαι</span> <span class='ocrx_word' id='word_1_625' title='bbox 3580 3816 3688 3869; x_wconf 85' lang='grc' dir='ltr'>τοῦ</span> <span class='ocrx_word' id='word_1_626' title='bbox 3726 3815 3811 3884; x_wconf 77' lang='grc' dir='ltr'>μὴ</span> <span class='ocrx_word' id='word_1_627' title='bbox 3861 3816 4076 3883; x_wconf 77' lang='grc' dir='ltr'>,ϐρέξαι</span> 
     </span>
    </p>
   </div>
   <div class='ocr_carea' id='block_1_84' title="bbox 2515 3907 4074 3979">
    <p class='ocr_par' dir='ltr' id='par_1_84' title="bbox 2515 3907 4074 3979">
     <span class='ocr_line' id='line_1_84' title="bbox 2515 3907 4074 3979; baseline -0.002 -16"><span class='ocrx_word' id='word_1_628' title='bbox 2515 3912 2601 3976; x_wconf 82' lang='grc' dir='ltr'><strong>είς</strong></span> <span class='ocrx_word' id='word_1_629' title='bbox 2632 3909 2816 3962; x_wconf 85' lang='grc' dir='ltr'>αὑτὸν</span> <span class='ocrx_word' id='word_1_630' title='bbox 2857 3909 3052 3962; x_wconf 83' lang='grc' dir='ltr'>ὑετόν.</span> <span class='ocrx_word' id='word_1_631' title='bbox 3089 3907 3517 3979; x_wconf 69' lang='grc' dir='ltr'>καθαιρεθέντος</span> <span class='ocrx_word' id='word_1_632' title='bbox 3558 3908 3614 3961; x_wconf 84' lang='grc' dir='ltr'>δὲ</span> <span class='ocrx_word' id='word_1_633' title='bbox 3657 3907 3752 3962; x_wconf 80' lang='grc' dir='ltr'>τοῦ</span> <span class='ocrx_word' id='word_1_634' title='bbox 3797 3909 4074 3979; x_wconf 79' lang='grc' dir='ltr'>φραγμοῦ,</span> 
     </span>
    </p>
   </div>
   <div class='ocr_carea' id='block_1_85' title="bbox 2515 3997 4075 4068">
    <p class='ocr_par' dir='ltr' id='par_1_85' title="bbox 2515 3997 4075 4068">
     <span class='ocr_line' id='line_1_85' title="bbox 2515 3997 4075 4068; baseline -0.001 -15"><span class='ocrx_word' id='word_1_635' title='bbox 2515 4000 2754 4057; x_wconf 79' lang='grc' dir='ltr'>τωτέστι</span> <span class='ocrx_word' id='word_1_636' title='bbox 2766 3998 2878 4068; x_wconf 71' lang='grc' dir='ltr'>τῆς</span> <span class='ocrx_word' id='word_1_637' title='bbox 2910 3997 3278 4067; x_wconf 81' lang='grc' dir='ltr'>φυλαττούσης</span> <span class='ocrx_word' id='word_1_638' title='bbox 3309 3998 3504 4061; x_wconf 80' lang='grc' dir='ltr'>αὐτοὺς</span> <span class='ocrx_word' id='word_1_639' title='bbox 3541 3998 3636 4052; x_wconf 77' lang='grc' dir='ltr'><strong>καὶ</strong></span> <span class='ocrx_word' id='word_1_640' title='bbox 3669 3998 4075 4068; x_wconf 84' lang='grc' dir='ltr'>-περιφραττού-</span> 
     </span>
    </p>
   </div>
   <div class='ocr_carea' id='block_1_86' title="bbox 2519 4087 4076 4164">
    <p class='ocr_par' dir='ltr' id='par_1_86' title="bbox 2519 4087 4076 4164">
     <span class='ocr_line' id='line_1_86' title="bbox 2519 4087 4076 4164; baseline -0.004 -18"><span class='ocrx_word' id='word_1_641' title='bbox 2519 4110 2618 4164; x_wconf 89' lang='grc' dir='ltr'><strong>σης</strong></span> <span class='ocrx_word' id='word_1_642' title='bbox 2646 4091 2942 4160; x_wconf 84' lang='grc' dir='ltr'>δυνάμεως,</span> <span class='ocrx_word' id='word_1_643' title='bbox 2968 4089 3186 4151; x_wconf 87' lang='grc' dir='ltr'>είκότως</span> <span class='ocrx_word' id='word_1_644' title='bbox 3212 4089 3406 4151; x_wconf 82' lang='grc' dir='ltr'>πάντες</span> <span class='ocrx_word' id='word_1_645' title='bbox 3436 4087 3619 4144; x_wconf 85' lang='grc' dir='ltr'>λοιπὸν</span> <span class='ocrx_word' id='word_1_646' title='bbox 3645 4087 3887 4158; x_wconf 88' lang='grc' dir='ltr'>πολέμιοι</span> <span class='ocrx_word' id='word_1_647' title='bbox 3910 4089 4076 4156; x_wconf 85' lang='grc' dir='ltr'>ἀόρα-</span> 
     </span>
    </p>
   </div>
   <div class='ocr_carea' id='block_1_87' title="bbox 2516 4178 4078 4252">
    <p class='ocr_par' dir='ltr' id='par_1_87' title="bbox 2516 4178 4078 4252">
     <span class='ocr_line' id='line_1_87' title="bbox 2516 4178 4078 4252; baseline -0.005 -13"><span class='ocrx_word' id='word_1_648' title='bbox 2516 4185 2598 4239; x_wconf 85' lang='grc' dir='ltr'><strong>τοί</strong></span> <span class='ocrx_word' id='word_1_649' title='bbox 2628 4202 2685 4238; x_wconf 88' lang='grc' dir='ltr'><strong>τε</strong></span> <span class='ocrx_word' id='word_1_650' title='bbox 2714 4183 2805 4235; x_wconf 78' lang='grc' dir='ltr'>καὶ</span> <span class='ocrx_word' id='word_1_651' title='bbox 2830 4182 3070 4250; x_wconf 80' lang='grc' dir='ltr'>ἀφανεῖς,</span> <span class='ocrx_word' id='word_1_652' title='bbox 3103 4180 3282 4252; x_wconf 87' lang='grc' dir='ltr'>θηρῶν</span> <span class='ocrx_word' id='word_1_653' title='bbox 3310 4179 3516 4252; x_wconf 81' lang='grc' dir='ltr'>ἀγρίων</span> <span class='ocrx_word' id='word_1_654' title='bbox 3544 4179 3692 4243; x_wconf 76' lang='grc' dir='ltr'>ὄντες</span> <span class='ocrx_word' id='word_1_655' title='bbox 3726 4178 4078 4251; x_wconf 82' lang='grc' dir='ltr'>ἀνημερώτε-</span> 
     </span>
    </p>
   </div>
   <div class='ocr_carea' id='block_1_88' title="bbox 2520 4271 4076 4348">
    <p class='ocr_par' dir='ltr' id='par_1_88' title="bbox 2520 4271 4076 4348">
     <span class='ocr_line' id='line_1_88' title="bbox 2520 4271 4076 4348; baseline -0.001 -20"><span class='ocrx_word' id='word_1_656' title='bbox 2520 4295 2621 4348; x_wconf 87' lang='grc' dir='ltr'>ροι,</span> <span class='ocrx_word' id='word_1_657' title='bbox 2650 4274 2983 4344; x_wconf 68' lang='grc' dir='ltr'>ἐλυμήναντο</span> <span class='ocrx_word' id='word_1_658' title='bbox 3023 4274 3238 4337; x_wconf 82' lang='grc' dir='ltr'>αὐτοὺς,</span> <span class='ocrx_word' id='word_1_659' title='bbox 3269 4271 3465 4344; x_wconf 78' lang='grc' dir='ltr'>δηλαδὴ</span> <span class='ocrx_word' id='word_1_660' title='bbox 3508 4273 3635 4335; x_wconf 84' lang='grc' dir='ltr'>τοὺς</span> <span class='ocrx_word' id='word_1_661' title='bbox 3659 4272 3762 4325; x_wconf 84' lang='grc' dir='ltr'><strong>ὑπὸ</strong></span> <span class='ocrx_word' id='word_1_662' title='bbox 3794 4271 3886 4326; x_wconf 82' lang='grc' dir='ltr'>τοῦ</span> <span class='ocrx_word' id='word_1_663' title='bbox 3915 4272 4076 4340; x_wconf 89' lang='grc' dir='ltr'>λόγου</span> 
     </span>
    </p>
   </div>
   <div class='ocr_carea' id='block_1_89' title="bbox 2517 4357 4079 4438">
    <p class='ocr_par' dir='ltr' id='par_1_89' title="bbox 2517 4357 4079 4438">
     <span class='ocr_line' id='line_1_89' title="bbox 2517 4357 4079 4438; baseline -0.004 -16"><span class='ocrx_word' id='word_1_664' title='bbox 2517 4357 3035 4438; x_wconf 85' lang='grc' dir='ltr'>κατηγορουμένους.</span> <span class='ocrx_word' id='word_1_665' title='bbox 3073 4365 3180 4418; x_wconf 76' lang='grc' dir='ltr'>Καί</span> <span class='ocrx_word' id='word_1_666' title='bbox 3222 4383 3304 4428; x_wconf 88' lang='grc' dir='ltr'><strong>τις</strong></span> <span class='ocrx_word' id='word_1_667' title='bbox 3338 4364 3550 4436; x_wconf 83' lang='grc' dir='ltr'>πρῶτος</span> <span class='ocrx_word' id='word_1_668' title='bbox 3581 4363 3888 4434; x_wconf 76' lang='grc' dir='ltr'>ἀκάθαρτος</span> <span class='ocrx_word' id='word_1_669' title='bbox 3929 4359 4013 4427; x_wconf 74' lang='grc' dir='ltr'><strong>ὗς,</strong></span> <span class='ocrx_word' id='word_1_670' title='bbox 4047 4365 4079 4416; x_wconf 82' lang='grc' dir='ltr'><strong><em>ὁ</em></strong></span> 
     </span>
    </p>
   </div>
   <div class='ocr_carea' id='block_1_90' title="bbox 2530 4454 4075 4527">
    <p class='ocr_par' dir='ltr' id='par_1_90' title="bbox 2530 4454 4075 4527">
     <span class='ocr_line' id='line_1_90' title="bbox 2530 4454 4075 4527; baseline -0.004 -14"><span class='ocrx_word' id='word_1_671' title='bbox 2530 4457 2823 4525; x_wconf 84' lang='grc' dir='ltr'>Ἀσσύριος,</span> <span class='ocrx_word' id='word_1_672' title='bbox 2849 4455 3098 4510; x_wconf 75' lang='grc' dir='ltr'>εἰσελθὼν</span> <span class='ocrx_word' id='word_1_673' title='bbox 3133 4455 3386 4527; x_wconf 77' lang='grc' dir='ltr'>ἰσχυρῶς,</span> <span class='ocrx_word' id='word_1_674' title='bbox 3414 4454 3511 4527; x_wconf 76' lang='grc' dir='ltr'><strong>τὴν</strong></span> <span class='ocrx_word' id='word_1_675' title='bbox 3543 4454 3870 4526; x_wconf 81' lang='grc' dir='ltr'>δηλωθεῐσαν</span> <span class='ocrx_word' id='word_1_676' title='bbox 3894 4457 4075 4525; x_wconf 85' lang='grc' dir='ltr'>ἀμπε-</span> 
     </span>
    </p>
   </div>
   <div class='ocr_carea' id='block_1_91' title="bbox 2518 4538 4079 4618">
    <p class='ocr_par' dir='ltr' id='par_1_91' title="bbox 2518 4538 4079 4618">
     <span class='ocr_line' id='line_1_91' title="bbox 2518 4538 4079 4618; baseline -0.002 -14"><span class='ocrx_word' id='word_1_677' title='bbox 2518 4550 2608 4604; x_wconf 86' lang='grc' dir='ltr'><strong>λον</strong></span> <span class='ocrx_word' id='word_1_678' title='bbox 2655 4538 2969 4618; x_wconf 75' lang='grc' dir='ltr'>διέφθέιρεν,</span> <span class='ocrx_word' id='word_1_679' title='bbox 3015 4549 3089 4613; x_wconf 84' lang='grc' dir='ltr'>ὡς</span> <span class='ocrx_word' id='word_1_680' title='bbox 3139 4548 3231 4602; x_wconf 70' lang='grc' dir='ltr'>καὶ</span> <span class='ocrx_word' id='word_1_681' title='bbox 3288 4550 3593 4616; x_wconf 83' lang='grc' dir='ltr'>ἀπαγαγεῖν</span> <span class='ocrx_word' id='word_1_682' title='bbox 3637 4546 3974 4617; x_wconf 73' lang='grc' dir='ltr'>αἰχμάλωτον</span> <span class='ocrx_word' id='word_1_683' title='bbox 4016 4547 4079 4601; x_wconf 82' lang='grc' dir='ltr'><strong>τὺ</strong></span> 
     </span>
    </p>
   </div>
   <div class='ocr_carea' id='block_1_92' title="bbox 858 4633 2598 4714">
    <p class='ocr_par' dir='ltr' id='par_1_92' title="bbox 858 4634 2598 4714">
     <span class='ocr_line' id='line_1_92' title="bbox 858 4634 2598 4714; baseline -0.006 -14"><span class='ocrx_word' id='word_1_684' title='bbox 858 4646 1059 4707; x_wconf 80' lang='lat' dir='ltr'><strong>ionius,</strong></span> <span class='ocrx_word' id='word_1_685' title='bbox 1085 4644 1179 4714; x_wconf 86' lang='lat' dir='ltr'><strong>qui</strong></span> <span class='ocrx_word' id='word_1_686' title='bbox 1205 4644 1353 4713; x_wconf 88' lang='lat' dir='ltr'><strong>prior</strong></span> <span class='ocrx_word' id='word_1_687' title='bbox 1381 4638 2005 4711; x_wconf 86' lang='lat' dir='ltr'><strong>Hierosolymaobsessa,</strong></span> <span class='ocrx_word' id='word_1_688' title='bbox 2027 4635 2230 4689; x_wconf 79' lang='lat' dir='ltr'><strong>excidit</strong></span> <span class='ocrx_word' id='word_1_689' title='bbox 2253 4635 2418 4700; x_wconf 85' lang='lat' dir='ltr'><strong>illam;</strong></span> <span class='ocrx_word' id='word_1_690' title='bbox 2451 4634 2495 4690; x_wconf 82' lang='grc' dir='ltr'>ι)</span> <span class='ocrx_word' id='word_1_691' title='bbox 2522 4641 2598 4693; x_wconf 62' lang='lat' dir='ltr'><strong>nx</strong></span> 
     </span>
    </p>
   </div>
   <div class='ocr_carea' id='block_1_93' title="bbox 2333 4633 4073 4714">
    <p class='ocr_par' dir='ltr' id='par_1_93' title="bbox 2333 4633 4073 4711">
     <span class='ocr_line' id='line_1_93' title="bbox 2333 4633 4073 4711; baseline 0.001 -23"><span class='ocrx_word' id='word_1_692' title='bbox 2333 4651 2418 4700; x_wconf 74' lang='lat' dir='ltr'><strong>im;</strong></span> <span class='ocrx_word' id='word_1_693' title='bbox 2451 4634 2495 4690; x_wconf 82' lang='grc' dir='ltr'>ι)</span> <span class='ocrx_word' id='word_1_694' title='bbox 2522 4639 2720 4711; x_wconf 79' lang='grc' dir='ltr'>πλῆθος</span> <span class='ocrx_word' id='word_1_695' title='bbox 2752 4642 2829 4702; x_wconf 81' lang='grc' dir='ltr'><strong>είς</strong></span> <span class='ocrx_word' id='word_1_696' title='bbox 2854 4640 2978 4704; x_wconf 72' lang='grc' dir='ltr'>τοὺς</span> <span class='ocrx_word' id='word_1_697' title='bbox 3006 4639 3336 4711; x_wconf 82' lang='grc' dir='ltr'>Ἀσσυρίους.</span> <span class='ocrx_word' id='word_1_698' title='bbox 3369 4633 3502 4690; x_wconf 55' lang='lat' dir='ltr'><strong>Elea</strong></span> <span class='ocrx_word' id='word_1_699' title='bbox 3530 4636 3776 4708; x_wconf 88' lang='grc' dir='ltr'>δεύτερος</span> <span class='ocrx_word' id='word_1_700' title='bbox 3799 4637 4073 4707; x_wconf 76' lang='grc' dir='ltr'>πολέμιος,</span> 
     </span>
    </p>
   </div>
   <div class='ocr_carea' id='block_1_94' title="bbox 860 4728 2412 4808">
    <p class='ocr_par' dir='ltr' id='par_1_94' title="bbox 860 4728 2412 4808">
     <span class='ocr_line' id='line_1_94' title="bbox 860 4728 2412 4808; baseline -0.007 -13"><span class='ocrx_word' id='word_1_701' title='bbox 860 4747 980 4808; x_wconf 86' lang='lat' dir='ltr'><strong>post</strong></span> <span class='ocrx_word' id='word_1_702' title='bbox 1017 4737 1168 4792; x_wconf 89' lang='lat' dir='ltr'><strong>illum</strong></span> <span class='ocrx_word' id='word_1_703' title='bbox 1192 4751 1322 4792; x_wconf 86' lang='lat' dir='ltr'><strong>vero</strong></span> <span class='ocrx_word' id='word_1_704' title='bbox 1349 4736 1633 4792; x_wconf 80' lang='lat' dir='ltr'><strong>Romanus</strong></span> <span class='ocrx_word' id='word_1_705' title='bbox 1661 4733 1993 4796; x_wconf 79' lang='lat' dir='ltr'><strong>excercitus,</strong></span> <span class='ocrx_word' id='word_1_706' title='bbox 2013 4731 2106 4800; x_wconf 90' lang='lat' dir='ltr'><strong>qui</strong></span> <span class='ocrx_word' id='word_1_707' title='bbox 2137 4738 2260 4801; x_wconf 84' lang='lat' dir='ltr'><strong>post</strong></span> <span class='ocrx_word' id='word_1_708' title='bbox 2286 4728 2412 4785; x_wconf 91' lang='lat' dir='ltr'><strong>Ser-</strong></span> 
     </span>
    </p>
   </div>
   <div class='ocr_carea' id='block_1_95' title="bbox 858 4823 2410 4895">
    <p class='ocr_par' dir='ltr' id='par_1_95' title="bbox 858 4823 2410 4895">
     <span class='ocr_line' id='line_1_95' title="bbox 858 4823 2410 4895; baseline -0.008 -9"><span class='ocrx_word' id='word_1_709' title='bbox 858 4831 1065 4886; x_wconf 87' lang='lat' dir='ltr'><strong>vatoris</strong></span> <span class='ocrx_word' id='word_1_710' title='bbox 1097 4829 1270 4885; x_wconf 85' lang='lat' dir='ltr'><strong>nostri</strong></span> <span class='ocrx_word' id='word_1_711' title='bbox 1319 4829 1633 4891; x_wconf 88' lang='lat' dir='ltr'><strong>adventum,</strong></span> <span class='ocrx_word' id='word_1_712' title='bbox 1668 4827 1978 4895; x_wconf 87' lang='lat' dir='ltr'><strong>irrumpens</strong></span> <span class='ocrx_word' id='word_1_713' title='bbox 2003 4823 2234 4878; x_wconf 84' lang='lat' dir='ltr'><strong>vastavit</strong></span> <span class='ocrx_word' id='word_1_714' title='bbox 2271 4837 2410 4877; x_wconf 88' lang='lat' dir='ltr'><strong>eam.</strong></span> 
     </span>
    </p>
   </div>
   <div class='ocr_carea' id='block_1_96' title="bbox 860 4918 2414 4993">
    <p class='ocr_par' dir='ltr' id='par_1_96' title="bbox 860 4918 2414 4993">
     <span class='ocr_line' id='line_1_96' title="bbox 860 4918 2414 4993; baseline -0.004 -17"><span class='ocrx_word' id='word_1_715' title='bbox 860 4922 982 4978; x_wconf 64' lang='lat' dir='ltr'><strong>Haec</strong></span> <span class='ocrx_word' id='word_1_716' title='bbox 1033 4938 1197 4993; x_wconf 87' lang='lat' dir='ltr'><strong>porro</strong></span> <span class='ocrx_word' id='word_1_717' title='bbox 1252 4924 1436 4977; x_wconf 91' lang='lat' dir='ltr'><strong>omnia</strong></span> <span class='ocrx_word' id='word_1_718' title='bbox 1461 4922 1787 4976; x_wconf 89' lang='lat' dir='ltr'><strong>vaticinatur</strong></span> <span class='ocrx_word' id='word_1_719' title='bbox 1817 4918 2021 4990; x_wconf 86' lang='lat' dir='ltr'><strong>Asapb,</strong></span> <span class='ocrx_word' id='word_1_720' title='bbox 2049 4919 2140 4987; x_wconf 90' lang='lat' dir='ltr'><strong>qui</strong></span> <span class='ocrx_word' id='word_1_721' title='bbox 2174 4925 2414 4987; x_wconf 86' lang='lat' dir='ltr'><strong>tempore</strong></span> 
     </span>
    </p>
   </div>
   <div class='ocr_carea' id='block_1_97' title="bbox 858 5011 2415 5084">
    <p class='ocr_par' dir='ltr' id='par_1_97' title="bbox 858 5011 2415 5084">
     <span class='ocr_line' id='line_1_97' title="bbox 858 5011 2415 5084; baseline -0.003 -16"><span class='ocrx_word' id='word_1_722' title='bbox 858 5014 1076 5070; x_wconf 86' lang='lat' dir='ltr'><strong>Davidis</strong></span> <span class='ocrx_word' id='word_1_723' title='bbox 1104 5022 1228 5069; x_wconf 87' lang='lat' dir='ltr'><strong>ante</strong></span> <span class='ocrx_word' id='word_1_724' title='bbox 1248 5011 1629 5084; x_wconf 69' lang='lat' dir='ltr'><strong>Hierosolyma:</strong></span> <span class='ocrx_word' id='word_1_725' title='bbox 1651 5011 2112 5071; x_wconf 81' lang='lat' dir='ltr'><strong>constructionem</strong></span> <span class='ocrx_word' id='word_1_726' title='bbox 2143 5017 2280 5072; x_wconf 84' lang='lat' dir='ltr'><strong>erat,</strong></span> <span class='ocrx_word' id='word_1_727' title='bbox 2295 5023 2415 5079; x_wconf 63' lang='lat' dir='ltr'><strong>qua:</strong></span> 
     </span>
    </p>
   </div>
   <div class='ocr_carea' id='block_1_98' title="bbox 859 5104 2412 5176">
    <p class='ocr_par' dir='ltr' id='par_1_98' title="bbox 859 5104 2412 5176">
     <span class='ocr_line' id='line_1_98' title="bbox 859 5104 2412 5176; baseline -0.003 -16"><span class='ocrx_word' id='word_1_728' title='bbox 859 5106 1131 5162; x_wconf 85' lang='lat' dir='ltr'><strong>adnotatis</strong></span> <span class='ocrx_word' id='word_1_729' title='bbox 1165 5106 1500 5176; x_wconf 85' lang='lat' dir='ltr'><strong>temporibus</strong></span> <span class='ocrx_word' id='word_1_730' title='bbox 1528 5111 1790 5160; x_wconf 82' lang='lat' dir='ltr'><strong>eventura</strong></span> <span class='ocrx_word' id='word_1_731' title='bbox 1823 5104 1925 5174; x_wconf 73' lang='lat' dir='ltr'><strong>ipsi</strong></span> <span class='ocrx_word' id='word_1_732' title='bbox 1967 5109 2126 5160; x_wconf 86' lang='lat' dir='ltr'><strong>erant</strong></span> <span class='ocrx_word' id='word_1_733' title='bbox 2157 5117 2412 5172; x_wconf 59' lang='lat' dir='ltr'><strong>praenun-</strong></span> 
     </span>
    </p>
   </div>
   <div class='ocr_carea' id='block_1_99' title="bbox 858 5193 2412 5267">
    <p class='ocr_par' dir='ltr' id='par_1_99' title="bbox 858 5193 2412 5267">
     <span class='ocr_line' id='line_1_99' title="bbox 858 5193 2412 5267; baseline -0.003 -16"><span class='ocrx_word' id='word_1_734' title='bbox 858 5199 1022 5253; x_wconf 89' lang='lat' dir='ltr'><strong>tians.</strong></span> <span class='ocrx_word' id='word_1_735' title='bbox 1057 5197 1120 5253; x_wconf 81' lang='lat' dir='ltr'><strong>Et</strong></span> <span class='ocrx_word' id='word_1_736' title='bbox 1147 5197 1363 5267; x_wconf 86' lang='lat' dir='ltr'><strong>quidem</strong></span> <span class='ocrx_word' id='word_1_737' title='bbox 1393 5197 1450 5252; x_wconf 91' lang='lat' dir='ltr'><strong>in</strong></span> <span class='ocrx_word' id='word_1_738' title='bbox 1481 5197 1735 5267; x_wconf 65' lang='lat' dir='ltr'><strong>presenti</strong></span> <span class='ocrx_word' id='word_1_739' title='bbox 1767 5195 1983 5251; x_wconf 89' lang='lat' dir='ltr'><strong>videtur</strong></span> <span class='ocrx_word' id='word_1_740' title='bbox 2030 5207 2138 5249; x_wconf 86' lang='lat' dir='ltr'><strong>una</strong></span> <span class='ocrx_word' id='word_1_741' title='bbox 2185 5193 2412 5262; x_wconf 82' lang='lat' dir='ltr'><strong>primam</strong></span> 
     </span>
    </p>
   </div>
   <div class='ocr_carea' id='block_1_100' title="bbox 856 5283 2415 5359">
    <p class='ocr_par' dir='ltr' id='par_1_100' title="bbox 856 5283 2415 5359">
     <span class='ocr_line' id='line_1_100' title="bbox 856 5283 2415 5359; baseline -0.003 -17"><span class='ocrx_word' id='word_1_742' title='bbox 856 5287 1194 5348; x_wconf 83' lang='lat' dir='ltr'><strong>obsidionem</strong></span> <span class='ocrx_word' id='word_1_743' title='bbox 1244 5301 1275 5341; x_wconf 88' lang='lat' dir='ltr'><strong>a</strong></span> <span class='ocrx_word' id='word_1_744' title='bbox 1315 5286 1642 5359; x_wconf 77' lang='lat' dir='ltr'><strong>Babyloniis,</strong></span> <span class='ocrx_word' id='word_1_745' title='bbox 1687 5297 1741 5343; x_wconf 87' lang='lat' dir='ltr'><strong>et</strong></span> <span class='ocrx_word' id='word_1_746' title='bbox 1768 5286 2062 5342; x_wconf 85' lang='lat' dir='ltr'><strong>secundam</strong></span> <span class='ocrx_word' id='word_1_747' title='bbox 2094 5299 2125 5337; x_wconf 89' lang='lat' dir='ltr'><strong>a</strong></span> <span class='ocrx_word' id='word_1_748' title='bbox 2155 5283 2415 5338; x_wconf 78' lang='lat' dir='ltr'><strong>Romanis</strong></span> 
     </span>
    </p>
   </div>
   <div class='ocr_carea' id='block_1_101' title="bbox 859 5375 2413 5450">
    <p class='ocr_par' dir='ltr' id='par_1_101' title="bbox 859 5375 2413 5450">
     <span class='ocr_line' id='line_1_101' title="bbox 859 5375 2413 5450; baseline -0.004 -18"><span class='ocrx_word' id='word_1_749' title='bbox 859 5378 1057 5433; x_wconf 81' lang='lat' dir='ltr'><strong>factam</strong></span> <span class='ocrx_word' id='word_1_750' title='bbox 1078 5378 1362 5433; x_wconf 73' lang='lat' dir='ltr'><strong>vaticinari</strong></span> <span class='ocrx_word' id='word_1_751' title='bbox 1397 5398 1410 5434; x_wconf 90' lang='lat'><strong>:</strong></span> <span class='ocrx_word' id='word_1_752' title='bbox 1444 5395 1540 5448; x_wconf 87' lang='lat' dir='ltr'><strong>per</strong></span> <span class='ocrx_word' id='word_1_753' title='bbox 1574 5377 1964 5450; x_wconf 72' lang='lat' dir='ltr'><strong>praecedentem</strong></span> <span class='ocrx_word' id='word_1_754' title='bbox 1993 5390 2124 5433; x_wconf 79' lang='lat' dir='ltr'><strong>vero</strong></span> <span class='ocrx_word' id='word_1_755' title='bbox 2148 5375 2413 5444; x_wconf 85' lang='lat' dir='ltr'><strong>psalmum</strong></span> 
     </span>
    </p>
   </div>
   <div class='ocr_carea' id='block_1_102' title="bbox 859 5469 2417 5542">
    <p class='ocr_par' dir='ltr' id='par_1_102' title="bbox 859 5469 2417 5542">
     <span class='ocr_line' id='line_1_102' title="bbox 859 5469 2417 5542; baseline -0.004 -16"><span class='ocrx_word' id='word_1_756' title='bbox 859 5485 980 5540; x_wconf 63' lang='lat' dir='ltr'><strong>quae</strong></span> <span class='ocrx_word' id='word_1_757' title='bbox 1006 5471 1109 5526; x_wconf 89' lang='lat' dir='ltr'><strong>sub</strong></span> <span class='ocrx_word' id='word_1_758' title='bbox 1137 5469 1406 5526; x_wconf 82' lang='lat' dir='ltr'><strong>Antiocho</strong></span> <span class='ocrx_word' id='word_1_759' title='bbox 1427 5470 1708 5541; x_wconf 79' lang='lat' dir='ltr'><strong>Epipliane</strong></span> <span class='ocrx_word' id='word_1_760' title='bbox 1735 5471 2079 5542; x_wconf 86' lang='lat' dir='ltr'><strong>contigerunt</strong></span> <span class='ocrx_word' id='word_1_761' title='bbox 2099 5485 2114 5534; x_wconf 89' lang='lat'><strong>;</strong></span> <span class='ocrx_word' id='word_1_762' title='bbox 2136 5483 2231 5537; x_wconf 88' lang='lat' dir='ltr'><strong>per</strong></span> <span class='ocrx_word' id='word_1_763' title='bbox 2246 5480 2417 5520; x_wconf 68' lang='lat' dir='ltr'><strong>cum</strong></span> 
     </span>
    </p>
   </div>
   <div class='ocr_carea' id='block_1_103' title="bbox 863 5557 2416 5636">
    <p class='ocr_par' dir='ltr' id='par_1_103' title="bbox 863 5557 2416 5636">
     <span class='ocr_line' id='line_1_103' title="bbox 863 5557 2416 5636; baseline -0.003 -19"><span class='ocrx_word' id='word_1_764' title='bbox 863 5571 1039 5619; x_wconf 73' lang='lat' dir='ltr'><strong>autem</strong></span> <span class='ocrx_word' id='word_1_765' title='bbox 1077 5579 1140 5618; x_wconf 90' lang='lat' dir='ltr'><strong>ea</strong></span> <span class='ocrx_word' id='word_1_766' title='bbox 1168 5566 1344 5619; x_wconf 86' lang='lat' dir='ltr'><strong>solum</strong></span> <span class='ocrx_word' id='word_1_767' title='bbox 1370 5580 1490 5636; x_wconf 68' lang='lat' dir='ltr'><strong>qua:</strong></span> <span class='ocrx_word' id='word_1_768' title='bbox 1534 5564 1601 5618; x_wconf 91' lang='lat' dir='ltr'><strong>ad</strong></span> <span class='ocrx_word' id='word_1_769' title='bbox 1629 5575 1953 5635; x_wconf 85' lang='lat' dir='ltr'><strong>postremam</strong></span> <span class='ocrx_word' id='word_1_770' title='bbox 1986 5575 2016 5614; x_wconf 89' lang='lat' dir='ltr'><strong>a</strong></span> <span class='ocrx_word' id='word_1_771' title='bbox 2051 5559 2313 5615; x_wconf 80' lang='lat' dir='ltr'><strong>Romanis</strong></span> <span class='ocrx_word' id='word_1_772' title='bbox 2337 5557 2416 5612; x_wconf 76' lang='lat' dir='ltr'><strong>l‘a—</strong></span> 
     </span>
    </p>
   </div>
   <div class='ocr_carea' id='block_1_104' title="bbox 861 5649 2413 5724">
    <p class='ocr_par' dir='ltr' id='par_1_104' title="bbox 861 5649 2413 5724">
     <span class='ocr_line' id='line_1_104' title="bbox 861 5649 2413 5724; baseline -0.005 -16"><span class='ocrx_word' id='word_1_773' title='bbox 861 5660 1001 5708; x_wconf 66' lang='lat' dir='ltr'><strong>etam</strong></span> <span class='ocrx_word' id='word_1_774' title='bbox 1029 5652 1369 5708; x_wconf 87' lang='lat' dir='ltr'><strong>obsidionem</strong></span> <span class='ocrx_word' id='word_1_775' title='bbox 1416 5653 1707 5724; x_wconf 85' lang='lat' dir='ltr'><strong>pertinent,</strong></span> <span class='ocrx_word' id='word_1_776' title='bbox 1735 5661 1797 5708; x_wconf 92' lang='lat' dir='ltr'><strong>ut</strong></span> <span class='ocrx_word' id='word_1_777' title='bbox 1825 5649 1893 5707; x_wconf 84' lang='lat' dir='ltr'><strong>ad</strong></span> <span class='ocrx_word' id='word_1_778' title='bbox 1927 5663 2097 5704; x_wconf 72' lang='lat' dir='ltr'><strong>LXXIII</strong></span> <span class='ocrx_word' id='word_1_779' title='bbox 2130 5662 2413 5704; x_wconf 82' lang='lat' dir='ltr'><strong>comon-</strong></span> 
     </span>
    </p>
   </div>
   <div class='ocr_carea' id='block_1_105' title="bbox 862 5753 1226 5803">
    <p class='ocr_par' dir='ltr' id='par_1_105' title="bbox 862 5753 1226 5803">
     <span class='ocr_line' id='line_1_105' title="bbox 862 5753 1226 5803; baseline 0.005 -3"><span class='ocrx_word' id='word_1_780' title='bbox 862 5753 1089 5801; x_wconf 86' lang='lat' dir='ltr'><strong>stratum</strong></span> <span class='ocrx_word' id='word_1_781' title='bbox 1120 5757 1226 5803; x_wconf 88' lang='lat' dir='ltr'><strong>est.</strong></span> 
     </span>
    </p>
   </div>
   <div class='ocr_carea' id='block_1_106' title="bbox 2517 4724 4078 4800">
    <p class='ocr_par' dir='ltr' id='par_1_106' title="bbox 2517 4724 4078 4800">
     <span class='ocr_line' id='line_1_106' title="bbox 2517 4724 4078 4800; baseline -0.004 -16"><span class='ocrx_word' id='word_1_782' title='bbox 2517 4730 2788 4792; x_wconf 78' lang='grc' dir='ltr'>εἰσελθὼν,</span> <span class='ocrx_word' id='word_1_783' title='bbox 2811 4730 2879 4784; x_wconf 86' lang='grc' dir='ltr'><strong>τά</strong></span> <span class='ocrx_word' id='word_1_784' title='bbox 2907 4731 3012 4784; x_wconf 82' lang='grc' dir='ltr'><strong>ὑπὸ</strong></span> <span class='ocrx_word' id='word_1_785' title='bbox 3035 4729 3128 4784; x_wconf 81' lang='grc' dir='ltr'><strong>τοῦ</strong></span> <span class='ocrx_word' id='word_1_786' title='bbox 3156 4728 3370 4800; x_wconf 82' lang='grc' dir='ltr'>πρώτου</span> <span class='ocrx_word' id='word_1_787' title='bbox 3403 4724 3826 4796; x_wconf 80' lang='grc' dir='ltr'>καταλειφθέντα</span> <span class='ocrx_word' id='word_1_788' title='bbox 3859 4740 4078 4779; x_wconf 86' lang='grc' dir='ltr'>κατενε-</span> 
     </span>
    </p>
   </div>
   <div class='ocr_carea' id='block_1_107' title="bbox 2521 4817 4076 4896">
    <p class='ocr_par' dir='ltr' id='par_1_107' title="bbox 2521 4817 4076 4896">
     <span class='ocr_line' id='line_1_107' title="bbox 2521 4817 4076 4896; baseline -0.003 -20"><span class='ocrx_word' id='word_1_789' title='bbox 2521 4826 2743 4896; x_wconf 76' lang='grc' dir='ltr'>μήσατο,</span> <span class='ocrx_word' id='word_1_790' title='bbox 2756 4827 2788 4876; x_wconf 77' lang='lat'><strong>.6</strong></span> <span class='ocrx_word' id='word_1_791' title='bbox 2821 4823 3304 4894; x_wconf 76' lang='grc' dir='ltr'>Ναϐουχοδονόσορ,</span> <span class='ocrx_word' id='word_1_792' title='bbox 3336 4822 3364 4873; x_wconf 88' lang='grc' dir='ltr'>ὁ</span> <span class='ocrx_word' id='word_1_793' title='bbox 3391 4819 3485 4874; x_wconf 71' lang='grc' dir='ltr'>καὶ</span> <span class='ocrx_word' id='word_1_794' title='bbox 3511 4818 3576 4872; x_wconf 78' lang='grc' dir='ltr'><strong>τὸ</strong></span> <span class='ocrx_word' id='word_1_795' title='bbox 3607 4817 3750 4890; x_wconf 74' lang='grc' dir='ltr'>ἱερὸν</span> <span class='ocrx_word' id='word_1_796' title='bbox 3795 4818 4076 4892; x_wconf 71' lang='grc' dir='ltr'>πυρπολή-</span> 
     </span>
    </p>
   </div>
   <div class='ocr_carea' id='block_1_108' title="bbox 2521 4901 4078 4988">
    <p class='ocr_par' dir='ltr' id='par_1_108' title="bbox 2521 4901 4078 4988">
     <span class='ocr_line' id='line_1_108' title="bbox 2521 4901 4078 4988; baseline -0.002 -18"><span class='ocrx_word' id='word_1_797' title='bbox 2521 4934 2614 4982; x_wconf 91' lang='grc' dir='ltr'><strong>σας</strong></span> <span class='ocrx_word' id='word_1_798' title='bbox 2639 4919 2730 4972; x_wconf 79' lang='grc' dir='ltr'>καὶ</span> <span class='ocrx_word' id='word_1_799' title='bbox 2761 4921 2838 4982; x_wconf 83' lang='grc' dir='ltr'><strong>είς</strong></span> <span class='ocrx_word' id='word_1_800' title='bbox 2879 4901 3077 4988; x_wconf 75' lang='grc' dir='ltr'><strong>¹ἔδαφος</strong></span> <span class='ocrx_word' id='word_1_801' title='bbox 3115 4913 3357 4984; x_wconf 88' lang='grc' dir='ltr'>ἀγαγών.</span> <span class='ocrx_word' id='word_1_802' title='bbox 3392 4912 3485 4966; x_wconf 78' lang='grc' dir='ltr'>Διὸ</span> <span class='ocrx_word' id='word_1_803' title='bbox 3521 4911 3765 4966; x_wconf 82' lang='grc' dir='ltr'>λέλεκται</span> <span class='ocrx_word' id='word_1_804' title='bbox 3811 4913 3906 4966; x_wconf 60' lang='grc' dir='ltr'><strong>καὶ⁵</strong></span> <span class='ocrx_word' id='word_1_805' title='bbox 3935 4914 4078 4967; x_wconf 85' lang='grc' dir='ltr'><strong>κατά</strong></span> 
     </span>
    </p>
   </div>
   <div class='ocr_carea' id='block_1_109' title="bbox 2515 5001 4078 5083">
    <p class='ocr_par' dir='ltr' id='par_1_109' title="bbox 2515 5001 4078 5083">
     <span class='ocr_line' id='line_1_109' title="bbox 2515 5001 4078 5083; baseline -0.004 -19"><span class='ocrx_word' id='word_1_806' title='bbox 2515 5011 2606 5064; x_wconf 76' lang='grc' dir='ltr'>τὸν</span> <span class='ocrx_word' id='word_1_807' title='bbox 2646 5012 2961 5083; x_wconf 83' lang='grc' dir='ltr'>Σύμμαχον·</span> <span class='ocrx_word' id='word_1_808' title='bbox 2996 5006 3453 5077; x_wconf 81' lang='grc' dir='ltr'>Κατενεμήσατο</span> <span class='ocrx_word' id='word_1_809' title='bbox 3490 5005 3685 5072; x_wconf 79' lang='grc' dir='ltr'>αὐτὴν</span> <span class='ocrx_word' id='word_1_810' title='bbox 3713 5001 3790 5070; x_wconf 82' lang='grc' dir='ltr'>ὗς</span> <span class='ocrx_word' id='word_1_811' title='bbox 3833 5005 3902 5058; x_wconf 80' lang='grc' dir='ltr'>ἐκ</span> <span class='ocrx_word' id='word_1_812' title='bbox 3947 5005 4078 5073; x_wconf 79' lang='grc' dir='ltr'>δρυ-</span> 
     </span>
    </p>
   </div>
   <div class='ocr_carea' id='block_1_110' title="bbox 2509 5094 4074 5170">
    <p class='ocr_par' dir='ltr' id='par_1_110' title="bbox 2509 5094 4074 5170">
     <span class='ocr_line' id='line_1_110' title="bbox 2509 5094 4074 5170; baseline -0.002 -17"><span class='ocrx_word' id='word_1_813' title='bbox 2509 5100 2647 5169; x_wconf 82' lang='grc' dir='ltr'>μοῦ,</span> <span class='ocrx_word' id='word_1_814' title='bbox 2693 5103 2789 5154; x_wconf 73' lang='grc' dir='ltr'><strong>καί</strong></span> <span class='ocrx_word' id='word_1_815' title='bbox 2830 5101 3036 5170; x_wconf 80' lang='grc' dir='ltr'>μονιὸς</span> <span class='ocrx_word' id='word_1_816' title='bbox 3084 5099 3286 5168; x_wconf 70' lang='grc' dir='ltr'>ἄγριος</span> <span class='ocrx_word' id='word_1_817' title='bbox 3332 5094 3816 5160; x_wconf 72' lang='grc' dir='ltr'>κατεσοσκήσατο</span> <span class='ocrx_word' id='word_1_818' title='bbox 3859 5096 4074 5164; x_wconf 80' lang='grc' dir='ltr'>αὑτήν.</span> 
     </span>
    </p>
   </div>
   <div class='ocr_carea' id='block_1_111' title="bbox 2529 5188 4075 5260">
    <p class='ocr_par' dir='ltr' id='par_1_111' title="bbox 2529 5188 4075 5260">
     <span class='ocr_line' id='line_1_111' title="bbox 2529 5188 4075 5260; baseline -0.001 -16"><span class='ocrx_word' id='word_1_819' title='bbox 2529 5191 2669 5245; x_wconf 79' lang='grc' dir='ltr'>Ἀντὶ</span> <span class='ocrx_word' id='word_1_820' title='bbox 2710 5188 2768 5245; x_wconf 69' lang='grc' dir='ltr'>δὲ</span> <span class='ocrx_word' id='word_1_821' title='bbox 2799 5193 2914 5255; x_wconf 80' lang='grc' dir='ltr'>τοῦ,</span> <span class='ocrx_word' id='word_1_822' title='bbox 2966 5192 3061 5244; x_wconf 73' lang='grc' dir='ltr'>καὶ</span> <span class='ocrx_word' id='word_1_823' title='bbox 3101 5188 3311 5260; x_wconf 82' lang='grc' dir='ltr'>μονιὸς</span> <span class='ocrx_word' id='word_1_824' title='bbox 3355 5188 3577 5258; x_wconf 70' lang='grc' dir='ltr'>ἄγριος,</span> <span class='ocrx_word' id='word_1_825' title='bbox 3613 5191 3640 5242; x_wconf 86' lang='grc' dir='ltr'>ὁ</span> <span class='ocrx_word' id='word_1_826' title='bbox 3677 5188 3924 5252; x_wconf 77' lang='grc' dir='ltr'>Ἀκύλας,</span> <span class='ocrx_word' id='word_1_827' title='bbox 3973 5188 4075 5242; x_wconf 75' lang='grc' dir='ltr'>καὶ</span> 
     </span>
    </p>
   </div>
   <div class='ocr_carea' id='block_1_112' title="bbox 2516 5281 4080 5354">
    <p class='ocr_par' dir='ltr' id='par_1_112' title="bbox 2516 5281 4080 5354">
     <span class='ocr_line' id='line_1_112' title="bbox 2516 5281 4080 5354; baseline -0.003 -17"><span class='ocrx_word' id='word_1_828' title='bbox 2516 5285 2906 5353; x_wconf 78' lang='grc' dir='ltr'>παντοδαπὴν</span> <span class='ocrx_word' id='word_1_829' title='bbox 2933 5285 3146 5352; x_wconf 82' lang='grc' dir='ltr'>χώραν,</span> <span class='ocrx_word' id='word_1_830' title='bbox 3175 5283 3502 5353; x_wconf 78' lang='grc' dir='ltr'>ἡρμήνευσε.</span> <span class='ocrx_word' id='word_1_831' title='bbox 3540 5281 3672 5334; x_wconf 82' lang='grc' dir='ltr'>Καθ’</span> <span class='ocrx_word' id='word_1_832' title='bbox 3695 5282 3883 5354; x_wconf 79' lang='grc' dir='ltr'>ἑτέραν</span> <span class='ocrx_word' id='word_1_833' title='bbox 3909 5281 3965 5333; x_wconf 81' lang='grc' dir='ltr'>δὲ</span> <span class='ocrx_word' id='word_1_834' title='bbox 3994 5281 4080 5350; x_wconf 82' lang='grc' dir='ltr'><strong>ἑρ-</strong></span> 
     </span>
    </p>
   </div>
   <div class='ocr_carea' id='block_1_113' title="bbox 2519 5372 4078 5447">
    <p class='ocr_par' dir='ltr' id='par_1_113' title="bbox 2519 5372 4078 5447">
     <span class='ocr_line' id='line_1_113' title="bbox 2519 5372 4078 5447; baseline -0.004 -17"><span class='ocrx_word' id='word_1_835' title='bbox 2519 5379 2761 5447; x_wconf 81' lang='grc' dir='ltr'>μηνείαν,</span> <span class='ocrx_word' id='word_1_836' title='bbox 2793 5378 3131 5446; x_wconf 73' lang='grc' dir='ltr'>ἐλυμήνατο</span> <span class='ocrx_word' id='word_1_837' title='bbox 3176 5373 3390 5441; x_wconf 83' lang='grc' dir='ltr'>αὐτὴν,</span> <span class='ocrx_word' id='word_1_838' title='bbox 3419 5374 3616 5446; x_wconf 81' lang='grc' dir='ltr'>δηλαδὴ</span> <span class='ocrx_word' id='word_1_839' title='bbox 3661 5374 3761 5443; x_wconf 79' lang='grc' dir='ltr'>τὴν</span> <span class='ocrx_word' id='word_1_840' title='bbox 3801 5372 4078 5426; x_wconf 75' lang='grc' dir='ltr'>ἀποδοθεῖ-</span> 
     </span>
    </p>
   </div>
   <div class='ocr_carea' id='block_1_114' title="bbox 2515 5463 4080 5541">
    <p class='ocr_par' dir='ltr' id='par_1_114' title="bbox 2515 5463 4080 5541">
     <span class='ocr_line' id='line_1_114' title="bbox 2515 5463 4080 5541; baseline -0.003 -21"><span class='ocrx_word' id='word_1_841' title='bbox 2515 5483 2614 5522; x_wconf 86' lang='grc' dir='ltr'><strong>σαν</strong></span> <span class='ocrx_word' id='word_1_842' title='bbox 2644 5471 2904 5540; x_wconf 85' lang='grc' dir='ltr'>ἄμπελον,</span> <span class='ocrx_word' id='word_1_843' title='bbox 2951 5471 3163 5541; x_wconf 82' lang='grc' dir='ltr'>πρῶτος</span> <span class='ocrx_word' id='word_1_844' title='bbox 3195 5471 3224 5521; x_wconf 86' lang='grc' dir='ltr'>ὁ</span> <span class='ocrx_word' id='word_1_845' title='bbox 3268 5466 3625 5530; x_wconf 79' lang='grc' dir='ltr'>Βαδυλώνιος,</span> <span class='ocrx_word' id='word_1_846' title='bbox 3656 5468 3684 5520; x_wconf 84' lang='grc' dir='ltr'>ὁ</span> <span class='ocrx_word' id='word_1_847' title='bbox 3723 5467 3816 5519; x_wconf 81' lang='grc' dir='ltr'>καὶ</span> <span class='ocrx_word' id='word_1_848' title='bbox 3860 5463 4080 5535; x_wconf 82' lang='grc' dir='ltr'>πρῶτος</span> 
     </span>
    </p>
   </div>
   <div class='ocr_carea' id='block_1_115' title="bbox 2514 5557 4081 5632">
    <p class='ocr_par' dir='ltr' id='par_1_115' title="bbox 2514 5557 4081 5632">
     <span class='ocr_line' id='line_1_115' title="bbox 2514 5557 4081 5632; baseline -0.003 -19"><span class='ocrx_word' id='word_1_849' title='bbox 2514 5562 2612 5632; x_wconf 80' lang='grc' dir='ltr'><strong>τὴν</strong></span> <span class='ocrx_word' id='word_1_850' title='bbox 2668 5561 3021 5632; x_wconf 80' lang='grc' dir='ltr'>Ἰερουσαλὴμ</span> <span class='ocrx_word' id='word_1_851' title='bbox 3073 5560 3356 5631; x_wconf 77' lang='grc' dir='ltr'>πολιορκία</span> <span class='ocrx_word' id='word_1_852' title='bbox 3411 5558 3660 5631; x_wconf 83' lang='grc' dir='ltr'>δῃώσας·</span> <span class='ocrx_word' id='word_1_853' title='bbox 3713 5558 3902 5611; x_wconf 72' lang='grc' dir='ltr'>ἔπειτα</span> <span class='ocrx_word' id='word_1_854' title='bbox 3961 5557 4081 5624; x_wconf 77' lang='grc' dir='ltr'>μετ’</span> 
     </span>
    </p>
   </div>
   <div class='ocr_carea' id='block_1_116' title="bbox 2516 5644 4083 5721">
    <p class='ocr_par' dir='ltr' id='par_1_116' title="bbox 2516 5644 4083 5721">
     <span class='ocr_line' id='line_1_116' title="bbox 2516 5644 4083 5721; baseline -0.006 -18"><span class='ocrx_word' id='word_1_855' title='bbox 2516 5652 2718 5704; x_wconf 74' lang='grc' dir='ltr'>ἐκεῖνον</span> <span class='ocrx_word' id='word_1_856' title='bbox 2739 5653 2767 5704; x_wconf 84' lang='grc' dir='ltr'>ὁ</span> <span class='ocrx_word' id='word_1_857' title='bbox 2809 5651 3108 5721; x_wconf 82' lang='grc' dir='ltr'>Ῥωμαῖκὸς</span> <span class='ocrx_word' id='word_1_858' title='bbox 3133 5650 3379 5720; x_wconf 86' lang='grc' dir='ltr'>στρατὸς,</span> <span class='ocrx_word' id='word_1_859' title='bbox 3412 5649 3546 5720; x_wconf 84' lang='grc' dir='ltr'><strong>μετά</strong></span> <span class='ocrx_word' id='word_1_860' title='bbox 3584 5649 3682 5718; x_wconf 81' lang='grc' dir='ltr'>τὴν</span> <span class='ocrx_word' id='word_1_861' title='bbox 3703 5647 3796 5701; x_wconf 72' lang='grc' dir='ltr'>τοῦ</span> <span class='ocrx_word' id='word_1_862' title='bbox 3829 5644 4083 5714; x_wconf 77' lang='grc' dir='ltr'>Σωτῆρος</span> 
     </span>
    </p>
   </div>
   <div class='ocr_carea' id='block_1_117' title="bbox 2517 5736 4079 5814">
    <p class='ocr_par' dir='ltr' id='par_1_117' title="bbox 2517 5736 4079 5814">
     <span class='ocr_line' id='line_1_117' title="bbox 2517 5736 4079 5814; baseline -0.003 -19"><span class='ocrx_word' id='word_1_863' title='bbox 2517 5741 2670 5812; x_wconf 73' lang='grc' dir='ltr'>ἡμῶν</span> <span class='ocrx_word' id='word_1_864' title='bbox 2724 5742 3024 5814; x_wconf 86' lang='grc' dir='ltr'>παρουσίαν</span> <span class='ocrx_word' id='word_1_865' title='bbox 3089 5739 3360 5802; x_wconf 74' lang='grc' dir='ltr'>ἐπελθὼν,</span> <span class='ocrx_word' id='word_1_866' title='bbox 3419 5741 3822 5808; x_wconf 77' lang='grc' dir='ltr'>κατενεμήσατο</span> <span class='ocrx_word' id='word_1_867' title='bbox 3887 5736 4079 5804; x_wconf 79' lang='grc' dir='ltr'>αὑτήν.</span> 
     </span>
    </p>
   </div>
   <div class='ocr_carea' id='block_1_118' title="bbox 862 5815 4085 5913">
    <p class='ocr_par' dir='ltr' id='par_1_118' title="bbox 862 5815 4085 5913">
     <span class='ocr_line' id='line_1_118' title="bbox 862 5815 4085 5913; baseline -0.005 -23"><span class='ocrx_word' id='word_1_868' title='bbox 862 5838 1042 5891; x_wconf 73' lang='grc' dir='ltr'>Ταῦτα</span> <span class='ocrx_word' id='word_1_869' title='bbox 1069 5841 1126 5892; x_wconf 82' lang='grc' dir='ltr'>δὲ</span> <span class='ocrx_word' id='word_1_870' title='bbox 1179 5815 1356 5894; x_wconf 77' lang='grc' dir='ltr'>πάντα</span> <span class='ocrx_word' id='word_1_871' title='bbox 1383 5839 1708 5913; x_wconf 77' lang='grc' dir='ltr'>προφητεύει</span> <span class='ocrx_word' id='word_1_872' title='bbox 1747 5838 1916 5908; x_wconf 75' lang='grc' dir='ltr'>’Λσάφ</span> <span class='ocrx_word' id='word_1_873' title='bbox 1963 5836 2101 5889; x_wconf 76' lang='grc' dir='ltr'>κατὰ</span> <span class='ocrx_word' id='word_1_874' title='bbox 2152 5835 2277 5894; x_wconf 76' lang='grc' dir='ltr'>τοὺς</span> <span class='ocrx_word' id='word_1_875' title='bbox 2323 5831 2542 5903; x_wconf 84' lang='grc' dir='ltr'>χρόνους</span> <span class='ocrx_word' id='word_1_876' title='bbox 2570 5831 2805 5900; x_wconf 86' lang='grc' dir='ltr'>γεγονὼς</span> <span class='ocrx_word' id='word_1_877' title='bbox 2837 5831 2927 5884; x_wconf 77' lang='grc' dir='ltr'>τοῦ</span> <span class='ocrx_word' id='word_1_878' title='bbox 2959 5831 3136 5897; x_wconf 74' lang='grc' dir='ltr'>Δαυῒδ,</span> <span class='ocrx_word' id='word_1_879' title='bbox 3172 5832 3275 5894; x_wconf 80' lang='grc' dir='ltr'>πρὸ</span> <span class='ocrx_word' id='word_1_880' title='bbox 3307 5831 3403 5887; x_wconf 63' lang='grc' dir='ltr'><strong>ἐἰς</strong></span> <span class='ocrx_word' id='word_1_881' title='bbox 3436 5829 3717 5900; x_wconf 73' lang='grc' dir='ltr'>οἰκοδομῆς</span> <span class='ocrx_word' id='word_1_882' title='bbox 3744 5828 3839 5897; x_wconf 79' lang='grc' dir='ltr'>τῆς</span> <span class='ocrx_word' id='word_1_883' title='bbox 3884 5828 4085 5898; x_wconf 71' lang='grc' dir='ltr'>Ἱερου.</span> 
     </span>
    </p>
   </div>
   <div class='ocr_carea' id='block_1_119' title="bbox 931 5949 2671 6022">
    <p class='ocr_par' dir='ltr' id='par_1_119' title="bbox 931 5949 2666 6022">
     <span class='ocr_line' id='line_1_119' title="bbox 931 5949 2666 6022; baseline 0.007 -18"><span class='ocrx_word' id='word_1_884' title='bbox 931 5953 975 5982; x_wconf 77' lang='grc'><strong>⁷⁸</strong></span> <span class='ocrx_word' id='word_1_885' title='bbox 1016 5951 1156 6009; x_wconf 85' lang='lat' dir='ltr'><strong>l‘sal.</strong></span> <span class='ocrx_word' id='word_1_886' title='bbox 1191 5969 1315 6022; x_wconf 79' lang='lat' dir='ltr'><strong>XLV,</strong></span> <span class='ocrx_word' id='word_1_887' title='bbox 1347 5956 1398 6012; x_wconf 84' lang='lat'><strong>5.</strong></span> <span class='ocrx_word' id='word_1_888' title='bbox 1473 5959 1518 5988; x_wconf 90' lang='grc'><strong>⁷⁶</strong></span> <span class='ocrx_word' id='word_1_889' title='bbox 1552 5955 1654 6014; x_wconf 82' lang='lat' dir='ltr'><strong>lsa.</strong></span> <span class='ocrx_word' id='word_1_890' title='bbox 1692 5975 1742 6015; x_wconf 88' lang='lat' dir='ltr'><strong>v.</strong></span> <span class='ocrx_word' id='word_1_891' title='bbox 1778 5958 1827 6012; x_wconf 84' lang='grc'><strong>5.</strong></span> <span class='ocrx_word' id='word_1_892' title='bbox 1904 5956 1944 5986; x_wconf 90' lang='grc'><strong>⁷⁷</strong></span> <span class='ocrx_word' id='word_1_893' title='bbox 1989 5954 2123 6012; x_wconf 90' lang='lat' dir='ltr'><strong>ibid.</strong></span> <span class='ocrx_word' id='word_1_894' title='bbox 2160 5953 2213 6008; x_wconf 82' lang='grc'><strong>7.</strong></span> <span class='ocrx_word' id='word_1_895' title='bbox 2289 5955 2334 5990; x_wconf 82' lang='grc'><strong>⁷⁸</strong></span> <span class='ocrx_word' id='word_1_896' title='bbox 2373 5949 2484 6005; x_wconf 72' lang='lat' dir='ltr'><strong>Jcr-</strong></span> <span class='ocrx_word' id='word_1_897' title='bbox 2523 5965 2595 6016; x_wconf 72' lang='grc'><strong>11,</strong></span> <span class='ocrx_word' id='word_1_898' title='bbox 2633 5951 2666 6004; x_wconf 67' lang='grc'>2</span> 
     </span>
    </p>
   </div>
   <div class='ocr_carea' id='block_1_120' title="bbox 1381 5949 3121 6022">
    <p class='ocr_par' dir='ltr' id='par_1_120' title="bbox 1385 5949 3121 6016">
     <span class='ocr_line' id='line_1_120' title="bbox 1385 5949 3121 6016; baseline -0.005 -4"><span class='ocrx_word' id='word_1_899' title='bbox 1385 5997 1398 6012; x_wconf 95' lang='grc'><strong>.</strong></span> <span class='ocrx_word' id='word_1_900' title='bbox 1473 5959 1518 5988; x_wconf 90' lang='grc'><strong>⁷⁶</strong></span> <span class='ocrx_word' id='word_1_901' title='bbox 1552 5955 1654 6014; x_wconf 82' lang='lat' dir='ltr'><strong>lsa.</strong></span> <span class='ocrx_word' id='word_1_902' title='bbox 1692 5975 1742 6015; x_wconf 88' lang='lat' dir='ltr'><strong>v.</strong></span> <span class='ocrx_word' id='word_1_903' title='bbox 1778 5958 1827 6012; x_wconf 83' lang='grc'><strong>5.</strong></span> <span class='ocrx_word' id='word_1_904' title='bbox 1904 5956 1944 5986; x_wconf 89' lang='grc'><strong>⁷⁷</strong></span> <span class='ocrx_word' id='word_1_905' title='bbox 1989 5954 2123 6012; x_wconf 91' lang='lat' dir='ltr'><strong>ibid.</strong></span> <span class='ocrx_word' id='word_1_906' title='bbox 2160 5953 2213 6008; x_wconf 86' lang='lat' dir='ltr'><strong>&#39;l.</strong></span> <span class='ocrx_word' id='word_1_907' title='bbox 2289 5955 2334 5990; x_wconf 74' lang='grc' dir='ltr'>τε</span> <span class='ocrx_word' id='word_1_908' title='bbox 2373 5949 2484 6005; x_wconf 85' lang='lat' dir='ltr'><strong>Jcr.</strong></span> <span class='ocrx_word' id='word_1_909' title='bbox 2523 5965 2595 6016; x_wconf 88' lang='lat' dir='ltr'><strong>ll,</strong></span> <span class='ocrx_word' id='word_1_910' title='bbox 2633 5951 2721 6006; x_wconf 75' lang='lat' dir='ltr'><strong>2i.</strong></span> <span class='ocrx_word' id='word_1_911' title='bbox 2797 5951 2842 5983; x_wconf 72' lang='lat'><strong>7°</strong></span> <span class='ocrx_word' id='word_1_912' title='bbox 2883 5949 3053 6015; x_wconf 82' lang='lat' dir='ltr'><strong>lsa.v,</strong></span> <span class='ocrx_word' id='word_1_913' title='bbox 3089 5950 3121 6003; x_wconf 86' lang='lat'>5</span> 
     </span>
    </p>
   </div>
  </div>
