4406 6412
382 503 492 561 965

1486 501 1978 558 οοιιιιεΝτΑιιιΑ
2007 500 2080 556 ιιι
2115 477 2447 560 Psittace.

3474 506 3582 564 966

385 616 584 686 σαλὴμ,
623 616 890 680 θεσπίζων
909 618 1063 686 αὐτῇ·
1083 615 1151 668 τὰ
1190 615 1566 686 συμϐησόμενα
1587 615 1724 670 κατὰ
1751 618 1875 679 τοὺς
1909 615 2242 686 δηλωθέντας
2266 618 2506 687 χρόνους.
2535 620 2631 673 Διὰ
2654 621 2751 690 μὲν
2780 618 2871 674 οὖν
2901 621 3008 674 τῶν
3042 621 3180 699 μετὰ
3208 624 3389 693 χεῖρας
3409 621 3579 674 ἔοικεν

352 711 514 780 ,ὁμοῦ
555 712 646 765 καὶ
676 711 776 780 τὴν
817 711 1037 781 πρώτην
1065 709 1373 780 πολιορκίαν
1404 710 1501 778 τὴν
1545 710 1648 762 ὑπὸ
1710 709 2056 764 Βαϐυλωνίων
2088 721 2404 781 γενομένην,
2437 712 2530 765 καὶ
2568 712 2666 783 τὴν
2704 714 2956 784 δευτέραν
2996 714 3097 785 τὴν
3137 714 3242 767 ὑπὸ
3299 712 3578 784 Ῥωμαίων

304 803 308 805 “
381 803 742 876 προφητεύειν
765 819 782 835 ·
815 803 901 857 διὰ
933 803 988 855 δὲ
1023 802 1113 854 τοῦ
1145 801 1251 872 πρὸ
1277 799 1464 853 τούτου
1495 802 1564 854 τὰ
1604 801 1743 855 κατὰ
1786 801 2051 870 Ἀντίοχον
2072 801 2161 854 τὸν
2193 802 2456 874 Ἐπιφανῆ
2491 806 2794 874 συμϐάντα*
2829 806 2916 860 διὰ
2956 807 3010 859 δὲ
3041 807 3134 858 τοῦ
3163 807 3204 858 o'
3231 806 3325 859 καὶ
3360 807 3407 875 Υ
3445 806 3580 878 μόνα

379 898 446 950 τὰ
469 897 567 968 τῆς
609 896 840 967 ὑστάτης
871 893 1181 964 πολιορκίας
1209 892 1306 962 τῆς
1332 891 1437 944 ὑπὸ
1475 892 1752 962 Ῥωμαίων
1785 891 2099 962 γενομένης,
2131 891 2205 954 ὼς
2227 892 2597 948 ἀποδέδεικται
2625 897 2684 949 ἐν
2713 898 2822 958 τοῖς
2850 896 2987 949 κατὰ
3018 896 3106 948 τὸν
3133 902 3211 962 ογ¹
3247 897 3577 967 εἰρημένοις,

459 986 513 1038 '0
564 985 706 1050 Θεὸς
742 983 861 1038 τῶν
901 981 1222 1050 δυνάμεων,
1274 981 1638 1050 ἐπίστρεψον
1664 981 1762 1050 δὴ,
1804 983 1930 1034 ἐπί-
1956 990 2002 1042 Α
2103 979 2199 1035 νει

1839 983 1930 1034 πί-
1956 990 2002 1042 Α
2103 979 2266 1037 Vens.
2301 982 2488 1039 15-17.
2533 984 2674 1039 Deus
2721 986 2989 1049 virtutum,
3021 998 3332 1054 convertere,
3383 993 3579 1059 respice

378 1078 606 1143 σλεψον
646 1075 716 1138 ἐξ
749 1071 1023 1140 οὐρανοῦ,
1057 1071 1164 1124 καί-
1192 1070 1300 1135 τδε,
1329 1071 1428 1124 καί
1464 1073 1780 1140 ἐπίσκεψαι
1812 1073 1927 1140 τὴν

376 1167 647 1236 ἄμπελον
673 1160 1050 1231 tantm-gum
1075 1163 1418 1230 κατόρτισαι
1443 1164 1652 1233 αὐτὴν,
1686 1163 1765 1231 ἣν
1793 1166 1928 1234 ἐφύ-

375 1271 592 1310 τευσεν
629 1255 669 1322 ἠ
700 1252 863 1319 δεξιά
885 1267 1020 1317 σου,
1054 1252 1152 1306 καί
1191 1253 1288 1306 ἐπὶ
1321 1253 1456 1307 υἱὸν
1486 1252 1813 1320 ἀνθρώπου,
1853 1254 1926 1308 ὃν

376 1345 778 1414 ἐκραταίωσας
806 1341 1054 1406 σεαυτῷ.
1098 1328 1604 1411 Ἐμπεθέυρισμένη
1642 1345 1780 1411 πυρί
1825 1344 1922 1398 καί

375 1435 815 1505 ἀνεσκαμμένη,
861 1433 976 1487 ἀπὸ
1017 1433 1406 1503 ἐπιτιμήσεως
1453 1434 1557 1487 τοῦ
1603 1436 1921 1502 προσώπου

374 1538 488 1576 σου
533 1521 914 1583 ἀπολοῦνται.
958 1522 1045 1584 Ὠς
1091 1522 1290 1589 ἀγαθὸν
1332 1522 1570 1591 γεωργὸν
1610 1525 1921 1594 ὑπομνήσας

373 1613 470 1682 τῆς
502 1611 697 1681 πολλῆς
727 1610 890 1664 αὐτοῦ
920 1612 1046 1682 περὶ
1077 1611 1173 1683 τὴν
1200 1612 1439 1684 ἄμπελον
1469 1613 1800 1684 ἐπιμελείας,
1828 1616 1921 1669 καὶ

371 1702 468 1770 τῆς
502 1703 638 1771 μετὰ
679 1700 848 1754 ταῦτα
881 1701 1162 1772 συμϐάσης
1194 1702 1327 1774 αὐτῇ
1363 1701 1613 1773 ἐρημίας,
1662 1703 1788 1772 έξῆς
1828 1705 1922 1758 καὶ⁸

370 1791 672 1854 ἀκολούθως
725 1792 956 1845 ἱκετεύει
997 1793 1316 1864 ἐπιστρέψαι
1361 1794 1435 1857 ὡς
1486 1795 1918 1865 ἀποστραφέντα,

371 1884 462 1935 καὶ
492 1883 576 1936 διὰ
608 1885 704 1954 τῆς
732 1886 1072 1956 ἀποστροφῆς
1095 1888 1204 1948 τοῖς
1235 1885 1492 1949 ἐναντίοις
1526 1889 1686 1939 πᾶσιν
1706 1887 1921 1941 ἐκδεδω-

370 1975 499 2027 κότα
532 1975 629 2046 τὴν
676 1975 933 2047 ἄμπελον.
987 1977 1303 2046 Ἐπισκέψαι
1351 1977 1408 2031 δέ
1457 1978 1616 2031 αὑτὸν
1671 1979 1915 2044 ἱκετεύει,

368 2067 459 2118 καὶ
490 2065 770 2136 ἐπιϐλέψαι
799 2067 1000 2121 ἄνωθεν
1024 2067 1083 2132 ἐξ
1111 2068 1336 2140 ούρανοῦ
1355 2085 1369 2100 ο
1408 2070 1703 2140 μνησθῆναί
1733 2088 1813 2134 τε,
1842 2071 1917 2135 ὡς

365 2158 471 2227 ἄρα
505 2156 587 2229 είη
614 2158 775 2212 αὑτοῦ
805 2159 1014 2228 φυτεία,
1050 2159 1140 2212 καὶ
1165 2161 1265 2230 τῆς
1287 2160 1449 2214 αὑτοῦ
1478 2160 1652 2228 δεξιᾶ-ς
1677 2163 1916 2233 γεωργία

366 2245 399 2314 ἡ
440 2245 794 2316 προλεχθεῖσα
839 2248 1098 2318 ἄμπελος,
1135 2251 1227 2302 καὶ
1273 2245 1573 2321 μνησθέντα
1621 2252 1915 2321 ἐπισκέψα-

2023 1070 2087 1123 de
2117 1070 2265 1135 cwlo,
2302 1085 2354 1128 et
2403 1074 2536 1139 vide,
2583 1085 2633 1129 et
2677 1077 2831 1132 visita
2872 1080 3073 1132 vineam
3095 1080 3274 1144 istam,
3311 1091 3360 1134 et
3387 1083 3578 1150 perﬁce

2021 1177 2159 1227 eam,
2200 1179 2356 1233 quam
2409 1165 2668 1234 plantavit
2716 1169 2931 1224 dextera
2959 1181 3070 1232 tua,
3117 1181 3167 1224 et
3215 1188 3369 1240 super
3405 1174 3575 1241 ﬁliuni

2022 1252 2268 1319 hominis,
2300 1271 2449 1323 quem
2479 1259 2804 1324 conﬁrmasti
2847 1261 2961 1313 tibi.
3005 1259 3226 1314 Incensa
3255 1263 3360 1331 igni
3384 1273 3433 1315 et
3461 1263 3575 1332 suf-

2023 1343 2189 1412 fossa,
2213 1345 2278 1398 ab
2297 1334 2660 1420 increpatione
2681 1349 2852 1403 vultus
2881 1352 2957 1404 tui
2985 1353 3241 1420 peribunt.
3276 1351 3570 1423 Postquam

2020 1433 2069 1487 ei
2102 1441 2160 1486 ut
2186 1435 2328 1491 bono
2355 1437 2603 1504 agricolae
2640 1438 2696 1492 in
2737 1442 3050 1496 memoriam
3091 1445 3357 1496 revocavit
3387 1445 3574 1512 ingen-

2020 1534 2128 1580 tem
2186 1527 2333 1580 illam
2367 1544 2520 1585 suam
2570 1547 2666 1599 pro
2697 1532 2854 1587 vinea
2902 1534 3341 1598 sollicitudinem,
3374 1543 3428 1590 et
3458 1533 3569 1606 ipsi

2019 1616 2221 1672 illatam
2252 1626 2437 1688 postea
2488 1623 2832 1690 vastitatem;
2886 1630 2990 1680 sub
3034 1626 3146 1680 inec
3178 1636 3574 1696 consequenter

2020 1709 2306 1778 supplicat,
2338 1721 2395 1765 ut
2420 1712 2485 1765 ad
2512 1703 2631 1766 eam
2661 1729 2720 1768 se
2745 1724 3047 1778 convertat,
3073 1718 3164 1786 qui
3183 1718 3386 1787 pridem
3421 1733 3573 1773 aver-

2019 1815 2113 1854 sus
2161 1800 2211 1855 ei
2267 1808 2432 1864 esset,
2490 1817 2553 1856 ac
2603 1819 2695 1871 per
2734 1805 3069 1860 aversionem
3115 1808 3282 1868 illam.
3334 1809 3572 1864 inimicis

2018 1893 2256 1948 eamdem
2285 1895 2494 1949 vineam
2523 1896 2851 1952 tradidisset.
2897 1895 3070 1967 Rogat
3116 1907 3295 1954 autem
3331 1902 3482 1955 illum
3514 1913 3572 1957 ut

2018 1983 2336 2038 consideret»
2380 1992 2433 2038 et
2471 2000 2688 2040 sursum
2741 1987 2809 2040 de
2838 1988 2976 2041 cmlo
3019 1990 3291 2056 respiciat,
3314 1992 3568 2047 recorde—

2015 2079 2212 2142 turque
2259 2083 2610 2129 memoratam
2662 2076 2894 2141 vineam,
2948 2079 3032 2152 sui
3085 2080 3472 2148 plantationem
3515 2095 3562 2137 et

2016 2163 2250 2219 dexterae
2297 2181 2410 2221 suae
2471 2167 2858 2237 agriculturam
2907 2184 3051 2232 esse,
3097 2171 3320 2240 ejusque
3363 2187 3560 2228 memon

2013 2257 2196 2310 visitet
2219 2256 2386 2319 illam,
2423 2266 2608 2326 utpote
2635 2274 2754 2328 quae
2780 2261 2908 2314 olim
2934 2262 3001 2316 ab
3020 2259 3138 2329 ejus
3168 2263 3386 2316 dextera
3417 2265 3564 2334 plan-

365 2335 487 2390 σθαι
518 2338 705 2406 αὐτὴν,
735 2339 810 2401 ὼς
849 2337 915 2392 ἂν
944 2339 1108 2392 πάλαι
1136 2341 1231 2407 μὲν
1265 2341 1366 2394 ὑπὸ
1411 2342 1508 2412 τῆς
1534 2342 1705 2396 αὐτοῦ.
1736 2343 1911 2407 δεξιᾶς
1943 2332 1983 2387 Β
2011 2353 2105 2399 tat:

1801 2343 1911 2407 ξιᾶς
1943 2332 1983 2387 Β
2011 2353 2118 2399 tata
2147 2345 2307 2399 fuerit
2333 2366 2343 2399 :
2370 2347 2479 2417 jam
2503 2363 2630 2403 vero
2652 2349 2868 2404 incensa
2892 2352 3001 2422 igni
3027 2362 3080 2408 et
3110 2352 3360 2416 suffossa,
3395 2332 3462 2409 ab
3489 2355 3541 2409 in

363 2429 734 2498 φυτευθεῖσαν,
765 2428 879 2483 νυνὶ
905 2429 962 2483 δὲ
997 2432 1475 2503 ἐμπεπυρισμένην
1507 2434 1639 2503 πυρί
1668 2436 1760 2486 καὶ
1792 2435 1911 2486 ἀνε-

362 2519 701 2590 σκαμμένην,
729 2520 955 2575 καὶάπὸ
990 2522 1355 2594 ἐπιτιμήσεως
1383 2521 1476 2575 τοῦ
1502 2523 1784 2593 προσώπου
1816 2523 1909 2574 αύ-

357 2612 452 2665 τοῦ
475 2612 825 2666 άπολωλυίαν.
861 2613 1024 2678 Ἄξιοί
1051 2631 1108 2667 τε
1137 2614 1558 2685 καταρτίσασθαι
1589 2613 1754 2683 αὐτὴν
1781 2615 1910 2667 ἁνα-

358 2704 585 2758 λαϐόντα
649 2705 742 2757 καὶ
803 2705 1246 2776 ἀνακτησάμενον
1291 2704 1445 2774 δίκην
1509 2705 1747 2775 σωτῆρος
1815 2705 1908 2760 καὶ

360 2793 541 2864 ἰατροῦ
559 2811 573 2824 ε
602 2793 880 2851 καὶταῦτα
907 2794 1107 2865 πρᾶξαι
1133 2793 1217 2848 διὰ
1249 2793 1342 2847 τοῦ
1371 2792 1499 2847 Υίοῦ
1527 2793 1584 2846 ὃν
1607 2795 1907 2866 ἐκραταίω-

358 2890 461 2939 σειΤ
482 2884 675 2956 ἐαυτῷ.
723 2887 800 2939 Δι’
848 2879 921 2940 ὧν
953 2885 1137 2954 σαφῶς
1168 2888 1196 2939 ὁ
1235 2885 1388 2954 λόγος
1426 2885 1661 2939 διδάσκει
1694 2885 1908 2959 πρῶτον

355 2970 494 3027 εἶναι
537 2975 627 3028 τὸν
660 2975 980 3047 ἐμπρησμὸν
1017 2974 1074 3028 ὃν
1105 2975 1318 3047 πρῶτον
1359 2975 1644 3047 ὑπέμεινεν
1675 2977 1704 3028 ὁ
1746 2976 1910 3042 τόπος

356 3065 462 3119 ὑπὸ
503 3066 872 3121 Βαϐυλωνίων.
916 3067 987 3120 Οὐ
1026 3066 1133 3139 γὰρ
1160 3067 1225 3123 ἄν
1259 3067 1397 3138 μετὰ
1423 3068 1513 3120 τὸν
1538 3067 1785 3140 δεύτερον
1810 3071 1908 3139 ἐμ-

2009 2432 2317 2506 crepatione
2372 2439 2554 2495 vultus
2586 2441 2706 2510 ejus
2752 2444 2990 2513 perierit.
3047 2443 3306 2500 Precatur
3351 2447 3477 2530 item
3513 2457 3563 2501 ul

2008 2543 2292 2582 resumens
2322 2538 2746 2603 restanransque
2771 2535 2916 2589 illam
2953 2539 3251 2592 servatoris
3277 2551 3340 2591 ac
3367 2536 3563 2592 medici

2017 2620 2190 2689 instar
2219 2619 2456 2676 reﬁciat:
2478 2632 2530 2677 et
2554 2623 2667 2678 hate
2688 2633 2809 2695 agat
2838 2641 2930 2695 per
2948 2625 3142 2680 Filium
3176 2643 3336 2697 quem
3367 2626 3567 2686 conﬁr-

2008 2711 2173 2765 mavit
2202 2711 2328 2766 sibi.
2348 2713 2512 2776 Queis
2533 2724 2718 2783 aperte
2741 2716 3049 2771 declaratur
3076 2719 3164 2776 hic
3189 2720 3423 2789 primum
3458 2722 3564 2776 loci

2007 2802 2316 2858 incendium
2373 2803 2642 2868 adnotari,
2665 2806 2809 2875 quod
2849 2822 2879 2859 a
2929 2806 3238 2877 Babyloniis
3272 2826 3564 2879 perpessus

2006 2903 2107 2948 est.
2133 2891 2317 2962 Neque
2366 2894 2510 2948 enim
2545 2903 2664 2964 post
2712 2896 3010 2951 secundum
3043 2897 3349 2952 incendium
3385 2917 3415 2954 a
3449 2900 3563 2956 Ro-

2005 2986 2180 3040 manis
2213 2985 2439 3050 illatum,
2491 2987 2734 3041 divinum
2786 2986 3082 3044 Salvatoris
3125 2990 3433 3055 adventum,
3465 2997 3561 3063 qui

1999 3078 2108 3148 jam
2133 3081 2454 3152 contigerat,
2489 3083 2751 3137 maturari
2805 3093 3069 3155 rogasset.
3115 3083 3428 3155 Opportune
3465 3101 3560 3139 au-

355 3158 605 3228 πρησμὸν
635 3158 725 3210 τὸν
753 3158 856 3211 ὑπὸ
891 3157 1172 3230 Ῥωμαίων
1213 3160 1502 3229 γενόμενον
1538 3158 1634 3230 τὴν
1664 3158 1758 3211 τοῦ
1793 3161 1905 3212 Σω-
2006 3179 2095 3224 ten

1820 3161 1905 3212 ἔω·
2006 3179 2110 3224 tem
2162 3179 2284 3240 post
2354 3174 2586 3243 priorem
2644 3175 2790 3229 illam
2843 3175 2948 3230 loci
3003 3176 3364 3232 calamitatem
3407 3185 3560 3248 rogat

352 3251 516 3321 τῆρος
551 3250 866 3319 θεοφάνειαν
895 3250 1145 3319 γενέσθαι
1173 3249 1325 3320 ηξίου
1355 3250 1451 3319 τὴν
1480 3250 1578 3323 ήδη
1605 3252 1905 3322 γεγενημέ-
2003 3275 2092 3330 pus

1818 3252 1905 3320 μέ·
2003 3263 2366 3332 postulatque,
2386 3264 2786 3337 utRedemptor
2813 3266 3059 3324 adveniat
3081 3284 3218 3338 :quo
3247 3269 3558 3336 accedente,

354 3359 471 3412 νην.
518 3342 712 3413 Χώραν
753 3342 808 3394 δὲ
854 3341 966 3413 εχει
1007 3341 1144 3413 μετὰ
1176 3343 1245 3396 τά
1281 3341 1471 3413 πρῶτα
1502 3343 1782 3414 συμϐάντα
1827 3345 1904 3416 τῷ
2001 3353 2091 3421 qui

1827 3345 1904 3416 τῷ
2001 3353 2124 3421 quia
2151 3354 2375 3422 gratiam
2401 3355 2533 3424 ipsis
2563 3357 2834 3426 prioribus
2867 3359 3241 3413 annuntiatam
3269 3375 3377 3414 non
3407 3376 3554 3416 rece-

349 3433 501 3502 τύπῳ
528 3434 785 3486 ἱκετεύειν
805 3434 897 3486 καί
921 3432 1131 3486 δέεσθαι
1159 3431 1251 3486 τὸν
1270 3434 1558 3505 Λυτρωτὴν
1589 3436 1866 3506 ἐπιστῆναι
1885 3453 1900 3467 ο
2005 3458 2089 3512 ρει

1817 3453 1900 3488 αι’
2005 3451 2225 3512 perunt,
2259 3456 2554 3501 extremam
2600 3451 3058 3519 promeritamque
3099 3452 3405 3507 vastitatem
3434 3450 3557 3521 jure

349 3516 413 3577 οὗ
455 3524 792 3588 ἐπιστάντος,
830 3523 953 3576 ἐπεὶ
997 3523 1070 3610 μὴ
1117 3524 1477 3594 παρεδέξαντο
1525 3525 1621 3596 τὴν
1669 3527 1901 3596 πρώτοις
1998 3545 2089 3600 per

1817 3544 1901 3590 οις
1998 3533 2242 3602 perpessi
2298 3544 2444 3598 sunt,
2474 3516 2634 3606 quam
2669 3537 2783 3607 ipse
2815 3516 3179 3594 comminatus
3209 3541 3319 3596 illis
3359 3516 3450 3597 est.
3472 3542 3557 3598 his

349 3615 530 3677 αὐτοῖς
559 3614 624 3666 δι’
653 3613 814 3667 αὐτοῦ
843 3613 1297 3682 καταγγελθείσαν
1339 3615 1515 3685 χάριν,
1551 3617 1770 3680 εἰκότως
1800 3621 1898 3689 τὴν
1924 3666 1966 3700 ί,
1999 3637 2089 3679 vet

1817 3621 1898 3689 τὴν
1924 3666 1966 3700 ί,
1999 3622 2181 3679 verbis
2215 3641 2229 3676 ι
2266 3622 2480 3689 Quoties
2521 3627 2657 3680 uolui
2703 3629 3178 3698 congregareﬁlios
3214 3639 3351 3694 tuos,
3377 3646 3557 3700 quent-

350 3707 584 3777 ὑοτάτην
611 3707 903 3776 ὑπέμειναν
923 3703 1157 3776 ἐρημίαν
1176 3721 1189 3735 ⁶
1224 3705 1290 3774 ἢν
1314 3705 1472 3768 αὐτὸς
1502 3707 1896 3777 προσετίμησεν
1926 3703 1966 3723 υ
2000 3716 2090 3768 “d'

1811 3725 1896 3763 σεν
1926 3703 1966 3723 ν
2000 3716 2283 3774 admodum
2318 3723 2518 3791 gallina
2559 3733 2834 3794 congregat
2861 3725 3031 3793 pullos
3056 3726 3306 3780 suossub
3333 3719 3473 3788 alas,
3500 3739 3551 3780 et

347 3799 526 3862 αὐτοῖς
575 3796 771 3851 εἰπών·
823 3796 1086 3862 Ποσάκις
1128 3796 1400 3865 ἠθέλησα
1438 3796 1896 3867 ἐπισυναγαγεῖν
2001 3810 2087 3861 ποι

1812 3799 1896 3852 εἴν
2001 3810 2443 3868 noluistis?Ecce
2489 3816 2807 3885 relinquetur
2853 3817 2993 3891 vobis
3033 3817 3216 3872 domus
3264 3827 3435 3872 vestra
3463 3817 3552 3878 de-

347 3891 418 3944 τὰ
464 3890 645 3944 τέκνα
684 3905 818 3954 σου,
849 3889 920 3945 ὃν
964 3890 1186 3958 τρόπον
1231 3888 1393 3958 ὅρνις
1428 3889 1771 3959 ἐπισυνάγει
1823 3891 1894 3944 τὰ
1998 3915 2087 3953 εει-χ

1823 3891 1894 3944 τὰ
1998 3911 2139 3954 serta
2161 3903 2205 3934 ⁸ο
2231 3919 2244 3954 :
2274 3904 2492 3972 quando
2522 3907 2818 3962 secundum
2857 3888 3196 3978 dpostolum,
3227 3907 3451 3976 pervenit
3479 3922 3545 3960 aa

343 3983 566 4036 νοσσία
593 3983 711 4038 ὑπὸ
756 3982 862 4048 τὰς
900 3982 1210 4052 πτέρυγας,
1244 3982 1341 4036 καί
1383 3984 1494 4036 οὐκ
1521 3982 1892 4049 Mazacam;
1997 4005 2083 4042 eos

1244 3982 1341 4036 καί
1383 3984 1494 4036 οὐκ
1521 3982 1852 4049 ἠθελήσατε
1874 3999 1892 4046 ;
1997 4005 2083 4042 eos
2105 3992 2190 4044 ira
2211 3993 2265 4044 in
2300 3994 2451 4051 tinem
2477 3995 2545 4047 ³η.
2885 4038 2887 4042 ι
2943 3987 2959 4053 ’.

359 4073 511 4128 ’Ῑὸοὺ
541 4076 770 4144 ἀφίεται
793 4076 934 4147 ὑμῖν
957 4079 990 4131 ό
1021 4071 1182 4143 οἶκος
1213 4075 1378 4146 ὑμῶν
1402 4076 1651 4145 ἕρημος-ο
1691 4076 1778 4129 ὅτε
1826 4079 1920 4132 καὶ
1957 4082 2095 4136 κατὰ
2138 4084 2228 4139 τὸν
2270 4086 2606 4151 Ἀπόστολον,
2636 4085 2897 4156 ἔφθασεν
2941 4091 3028 4156 εἰς
3062 4087 3279 4142 auroin-
3322 4088 3361 4155 ἠ
3401 4085 3547 4157 ὁρτὴ

341 4172 430 4235 εις
451 4169 639 4230 τέλος.

412 4306 727 4376 Γενηθήτω
751 4307 790 4374 ἠ
837 4305 966 4375 χείρ
1008 4321 1123 4360 σου
1164 4306 1256 4360 ἐπ’
1297 4306 1480 4377 ἄνδρα
1515 4307 1715 4376 δεξιᾶς
1752 4325 1889 4377 σου,

341 4401 442 4454 καί
472 4399 568 4452 ἐπὶ
592 4400 728 4455 υἱὸν
750 4397 1080 4466 ἀνθρώπου,
1111 4399 1182 4453 ὃν
1207 4400 1609 4469 ἐκραταίωσας
1639 4404 1888 4471 σεαυτῷ.

342 4493 453 4547 Kal
495 4494 566 4546 οὐ
591 4491 676 4561 μὴ
708 4489 1062 4560 ἀποστῶμεν
1109 4492 1224 4546 ἀπὸ
1257 4495 1392 4558 σοῦ,
1432 4495 1676 4563 ζωώσεις
1713 4494 1890 4566 ἡμᾶς.

341 4586 484 4639 Μίαν
506 4585 613 4638 τῶν
643 4582 1039 4657 προλεχθέντων
1066 4584 1318 4639 ἁπάντων
1343 4586 1632 4656 θεραπείαν
1657 4589 1890 4644 διδάσκει

338 4677 400 4730 τὸ
440 4677 662 4747 Πνεῦμα
705 4676 766 4729 τὸ
808 4675 978 4744 ἅγιον,
1011 4674 1106 4746 τὴν
1139 4677 1218 4739 εἰς
1264 4677 1575 4749 ἀνθρώπους
1622 4680 1715 4732 τοῦ
1761 4683 1892 4752 Χρι-

342 4768 466 4821 στοῦ
491 4768 586 4821 τοῦ
614 4766 747 4820 Θεοῦ
778 4765 1087 4839 παρουσίαν.
1119 4766 1315 4838 Διόπερ
1342 4769 1476 4837 μετὰ
1502 4769 1569 4822 τὰ
1596 4787 1892 4842 προφητευ·

339 4859 497 4914 θέντα
525 4861 650 4932 περί
675 4859 774 4929 τῆς
799 4859 1027 4931 ἐρημίας
1050 4856 1143 4910 τοῦ
1172 4858 1488 4926 ἀμπελῶνος
1512 4861 1605 4913 καὶ
1627 4861 1718 4913 τοῦ
1740 4861 1890 4914 ἐπελ-

2065 4307 2226 4364 VERE.
2264 4309 2347 4364 18.
2389 4307 2514 4363 Fiat
2544 4327 2732 4365 manus
2781 4321 2871 4364 tua
2919 4323 3074 4380 super
3110 4313 3278 4366 virum
3320 4314 3548 4372 dextera

1995 4412 2118 4466 tute,
2149 4412 2197 4456 et
2224 4418 2376 4466 super
2405 4401 2576 4472 ﬁlium
2613 4401 2857 4467 hominis,
2892 4419 3040 4472 quem
3075 4405 3396 4471 conﬁrmasti
3427 4407 3540 4460 tibi.

1994 4492 2061 4546 Et
2099 4511 2201 4548 non
2229 4494 2550 4548 discedemus
2585 4511 2616 4547 a
2646 4504 2713 4554 te,
2738 4492 3022 4561 viviﬁcabis
3054 4510 3166 4547 nos.
3200 4492 3369 4548 Unam
3405 4512 3542 4566 pra:-

1991 4586 2260 4640 dictorum
2301 4586 2540 4639 omnium
2586 4584 2918 4638 curationem
2960 4583 3116 4637 docet
3147 4583 3381 4652 Spiritus
3412 4601 3540 4641 san—

1992 4686 2134 4741 ctus,
2193 4692 2382 4748 nempe
2434 4676 2633 4731 Christi
2682 4673 2774 4729 Dei
2821 4672 2888 4727 ad
2945 4673 3188 4728 homines
3228 4675 3534 4753 adventum.

1994 4767 2354 4833 Quamobrem
2411 4774 2533 4837 post
2562 4757 2918 4835 ‘prophe'tiam
2967 4762 3034 4817 de
3063 4763 3234 4818 vineae
3261 4765 3534 4832 vastitate,

1993 4859 2130 4913 etde
2158 4859 2339 4912 futuro
2367 4859 2486 4926 ejus
2529 4855 2801 4920 incendio,
2835 4855 2919 4910 his
2949 4855 3218 4926 supplicat
3249 4863 3307 4908 ut
3328 4854 3538 4910 redem-

340 4953 520 5016 θόντος
549 4953 695 5023 αὐτῷ
735 4952 1059 5026 ἐμπρησμοῦ
1089 4952 1313 5006 ἱκετεύει
1352 4953 1418 5005 τὰ
1450 4952 1785 5024 προκείμενα
1813 4954 1891 5016 εἰς
1923 4941 1966 4999 υ
1993 4955 2080 5015 pto

1813 4954 1891 5016 εἰς
1923 4941 1966 4999 υ
1993 4955 2196 5015 ptorem
2231 4955 2543 5015 exspectare
2587 4947 2766 5015 liceat,
2819 4947 2994 5001 virum
3041 4945 3273 5001 dexterae
3321 4943 3533 5010 Dei,‘et

336 5045 398 5098 τδ
441 5046 739 5117 προσδοκᾷν
784 5047 1058 5119 λυτρωτὴν
1105 5046 1194 5099 τὸν
1237 5044 1400 5116 ἄνδρα
1445 5044 1542 5114 τῆς
1586 5042 1764 5109 δεξιᾶς
1790 5042 1882 5097 τοῦ

337 5133 492 5199 Θεοῦ,
523 5135 617 5187 καὶ
653 5134 746 5187 τὸν
767 5135 877 5188 υἰὸν
912 5134 1006 5188 τοῦ
1045 5133 1324 5208 ἀνθρώπου
1357 5132 1447 5184 τὸν
1479 5132 1582 5183 ὑπὸ
1623 5133 1714 5185 τοῦ
1753 5134 1884 5187 Θεοῦ

337 5224 825 5294 κεκραταιωμένον.
861 5221 1024 5289 Οὗτος
1055 5227 1110 5280 δέ
1141 5222 1207 5297 ἦν
1234 5226 1262 5278 ὁ
1288 5223 1566 5294 ἀγαπητὸς
1604 5222 1698 5275 τοῦ
1729 5223 1884 5288 Θεοῦ,

334 5315 394 5370 ὃν
422 5315 616 5369 εἰδέναι
655 5315 746 5368 καὶ
797 5299 1045 5388 παρεῖναι
1077 5318 1142 5370 δι’
1181 5316 1344 5387 εὐχῆς
1373 5311 1610 5368 τίθεσθαι
1659 5316 1886 5387 παραδί-

335 5409 465 5463 δωσι
508 5407 618 5468 τοῖς
659 5406 1110 5477 ἐντυγχάνουσιν·
1156 5409 1230 5471 ὡς
1278 5405 1361 5467 ἂν,
1403 5404 1617 5473 γνόντες
1648 5405 1806 5458 αὐτὸν
1837 5406 1886 5459 οἰ

333 5498 508 5555 ταῦτα
548 5488 1022 5569 προδιδασκόμενοι
1050 5501 1143 5553 καὶ
1175 5502 1253 5562 εἰς
1284 5497 1442 5551 αὐτὸν
1481 5496 1882 5560 πιστεύσαντες,

330 5590 400 5643 δι’
420 5587 581 5642 αὐτοῦ
605 5587 784 5656 τυχεῖν
806 5587 902 5655 τῆς
932 5586 1038 5638 τῶν
1065 5586 1248 5640 κακῶν
1275 5585 1566 5658 θεραπείας
1587 5583 1880 5638 ἐλπίσειαν.

332 5679 427 5734 Διὸ
454 5681 518 5732 ἐκ
558 5675 846 5748 προσώπου
884 5675 988 5726 τῶν
1017 5675 1306 5744 θεραπείας
1345 5674 1609 5744 δεομένων
1643 5672 1774 5744 φησί
1798 5674 1881 5739 τὸ,

331 5771 649 5839 Γενηθήτω
679 5769 716 5836 ἡ
745 5770 872 5836 χειζρ
910 5782 1023 5821 σου
1049 5769 1140 5820 ἐπ’
1174 5767 1358 5835 ἄνδρα
1379 5765 1578 5832 δεξιᾶς
1619 5781 1751 5834 σου,
1782 5769 1879 5822 καὶ

409 5926 456 5960 ⁸⁸
491 5924 676 5982 Matth.
714 5939 882 5990 mu,
917 5884 1004 5978 37.
1078 5922 1120 5955 ⁸¹
1162 5920 1180 5976 l
1216 5919 1406 5978 Thess.
1441 5935 1513 5987 ιι,
1551 5921 1615 5975 lli

1990 5039 2156 5092 lilium
2191 5037 2424 5093 hominis
2449 5053 2479 5092 a
2522 5037 2631 5093 Deo
2657 5038 3053 5094 conﬁrmatum.
3089 5034 3206 5092 llic.
3228 5049 3388 5105 porro
3417 5045 3535 5089 erat

1988 5129 2216 5184 dilectus
2249 5126 2342 5183 Dei
2373 5148 2385 5182 :
2408 5145 2566 5198 quem
2587 5145 2644 5184 se
2664 5143 2844 5190 nosse,
2871 5141 2936 5181 ac
2959 5133 3020 5180 ut
3045 5124 3296 5179 adveniat
3319 5122 3373 5176 in
3405 5131 3534 5180 voto

1991 5221 2184 5276 habere
2216 5222 2516 5292 legentibus
2561 5223 2768 5287 tradit;
2806 5219 2881 5275 ‘ut
2898 5218 2992 5290 qui
3036 5218 3147 5271 haec
3178 5215 3328 5285 prius
3355 5214 3530 5270 edocti

1967 5309 2140 5377 sunt,
2173 5313 2274 5366 hac
2324 5314 2513 5368 notitia
2548 5321 2602 5368 et
2637 5313 2738 5366 ﬁde
2768 5312 2825 5366 in
2863 5311 3012 5364 illum
3058 5304 3328 5368 instructi,
3358 5305 3530 5360 malo-

1991 5419 2108 5459 rum
2163 5405 2460 5459 remedium
2521 5404 2588 5458 ab
2632 5417 2699 5457 eo
2747 5412 2805 5459 se
2860 5405 3248 5456 consecuturos
3292 5405 3526 5466 sperent.

1985 5496 2159 5562 Quare
2182 5511 2245 5550 ex
2279 5510 2507 5566 persona
2557 5509 2743 5549 eorum
2767 5495 2856 5564 qui
2904 5489 3106 5545 medela
3154 5490 3291 5556 opus
3333 5488 3561 5573 habent

1983 5590 2098 5642 ait:
2133 5583 2259 5642 Fiat
2303 5604 2487 5641 manus
2537 5597 2627 5640 tua
2677 5601 2830 5654 super
2853 5585 3020 5638 virum
3062 5580 3289 5634 dexterae
3331 5592 3452 5642 tuor,
3478 5588 3526 5631 et

1979 5692 2132 5744 super
2163 5676 2331 5744 ﬁlium
2376 5677 2619 5740 hominis,
2643 5690 2791 5743 quem
2819 5670 3140 5739 conﬁrmasti
3185 5669 3295 5722 tibi.
3324 5667 3393 5721 Et
3424 5683 3528 5721 non

1979 5767 2296 5823 discedemus
2317 5785 2348 5820 a
2374 5778 2441 5824 te.
2469 5766 2592 5822 llaec
2621 5781 2780 5837 porro
2809 5764 2958 5821 verbi
2986 5760 3250 5819 sententia
3272 5769 3355 5818 est
3388 5779 3402 5818 :
3434 5757 3530 5815 Vel
