4406 6432
885 476 982 530 967

1598 477 1859 533 EUSEBII
1896 479 2361 535 CAESARIENSIS
2396 476 2542 534 OPP.
2582 478 2760 535 PARS
2795 478 2880 534 Ill.
2906 500 2971 520 -—-
2998 477 3399 535 EXEGETICA.

3952 480 4052 535 968

883 604 1027 645 nunc
1056 588 1267 644 tandem
1311 605 1501 646 manus
1531 600 1622 646 tua
1651 594 1860 647 occulta
1900 595 1987 646 illa
2015 600 2068 647 et
2115 594 2425 661 invisibilis,
2456 598 2501 653 Α
2527 594 2622 647 ἐπὶ

2316 594 2425 661 ilis,
2456 598 2501 653 Α
2527 594 2622 647 ἐπὶ
2651 594 2781 647 υἱὸν
2807 594 3131 661 ἀνθρώπου,
3158 592 3643 661 ὃνέκραταίωσας
3675 591 3923 656 σεαυτῷ.
3945 593 4053 649 Kal

884 678 1158 731 illucescat
1176 679 1229 730 in
1258 680 1369 733 viro
1393 680 1623 735 dexterae
1644 689 1747 735 tua:
1774 683 2044 745 ministro,
2074 691 2128 737 et
2161 684 2214 736 in
2243 699 2306 738 eo
2327 685 2419 753 qui

884 764 1051 820 Filius
1084 769 1315 824 hominis
1335 770 1608 826 vocandus
1628 780 1712 825 est
1741 792 1752 825 :
1784 786 1940 840 quem
1976 781 2032 825 tu
2065 774 2158 828 tibi
2196 778 2418 843 parasti,

882 866 1041 927 atque
1070 868 1126 913 ut
1164 861 1576 916 instrumentum
1617 865 1834 919 virtutis
1862 872 1967 919 tuae
1994 865 2347 929 conﬁrmasti,
2367 875 2422 920 ct

881 951 1033 1018 quasi
1065 950 1277 1005 deitatis
1318 960 1422 1007 tum
1459 954 1808 1011 simulacrum
1842 957 2108 1011 excitasti.
2142 956 2275 1009 Nam
2319 957 2421 1012 hoc

881 1049 1188 1107 apparente,
1222 1058 1329 1096 non
1375 1043 1601 1098 ulterius
1632 1044 1772 1097 idola
1801 1046 2073 1100 colemus:
2124 1046 2219 1101 sed
2249 1062 2420 1115 neque

877 1131 1164 1184 multorum
1212 1134 1491 1186 numinum
1520 1134 1689 1188 errori
1746 1135 2058 1201 serviemus,
2095 1151 2269 1204 neque
2307 1152 2422 1189 am-

879 1222 1027 1291 plius
1048 1239 1077 1275 a
1108 1230 1160 1278 te
1185 1224 1520 1279 recedemus.
1549 1225 1837 1295 Postquam
1857 1233 2035 1279 autem
2057 1227 2125 1281 ab
2143 1242 2208 1281 eo
2232 1228 2415 1290 vitam,

876 1323 928 1366 et
966 1316 1191 1369 salutem
1220 1331 1337 1384 quae
1356 1315 1411 1369 in
1438 1324 1491 1369 te
1522 1326 1605 1371 est
1628 1318 2015 1385 acceperimus,
2044 1332 2236 1371 nomen
2266 1325 2418 1372 tuum

877 1401 1284 1458 invocabimus:
1343 1419 1517 1472 neque
1566 1405 1792 1460 ulterius
1844 1406 2146 1474 cujuspiam
2203 1406 2419 1461 nomine

860 1494 1282 1561 lappellabimur,
1338 1508 1445 1547 non
1479 1495 1547 1549 ab
1598 1495 1793 1549 lsraele
1837 1494 2109 1562 Israelita,
2167 1510 2341 1565 neque
2386 1510 2417 1548 a

875 1581 1009 1635 .‘uda
1037 1581 1236 1647 Judmi;
1275 1584 1365 1636 sed
1394 1596 1421 1635 a
1456 1590 1568 1645 tuo,
1599 1582 1832 1645 Christe,
1868 1585 2084 1639 nomine
2126 1582 2417 1638 Christiani

874 1676 1202 1727 vocabimur.
1234 1674 1565 1743 Quapropter
1600 1677 1894 1729 secundum
1927 1672 2305 1743 Symmachum
2335 1674 2417 1727 di-

874 1765 1012 1817 citur
1038 1783 1050 1818 :
1096 1763 1389 1832 Viviﬁcabis
1412 1780 1525 1827 nos,
1551 1773 1600 1816 et
1634 1763 1840 1817 nomine
1866 1773 1955 1817 tuo
1982 1763 2296 1816 vocabimur.
2326 1760 2418 1814 Mi-

875 1856 980 1910 rari
1006 1871 1165 1925 porro
1195 1855 1357 1917 subit,
1382 1870 1481 1909 cur
1510 1853 1677 1909 JUdEBi
1717 1855 1829 1908 haec
1858 1855 2114 1924 legentes,
2143 1864 2246 1908 et.a
2279 1860 2418 1908 tene-

875 1950 950 2003 ris
978 1949 1281 2017 unguiculis
1322 1949 1664 2011 meditantes,
1691 1961 1799 2000 non
1833 1954 2077 2016 quierant
2110 1946 2232 2013 quis
2259 1944 2419 1999 fuerit

876 2041 964 2094 ille
1000 2041 1082 2093 vir
1105 2041 1338 2101 dexterae
1361 2039 1474 2103 Dei,
1508 2054 1682 2108 neque
1710 2054 1832 2092 eum
1862 2038 1953 2107 qui
1986 2035 2153 2093 Filius
2185 2037 2417 2091 hominis

872 2142 1092 2186 vocatur
1124 2137 1453 2201 cognoscant
1486 2149 1501 2183 :
1538 2145 1704 2199 quare
1736 2130 1790 2182 in
1821 2130 2125 2195 calamitate
2162 2145 2258 2184 sua
2292 2144 2415 2199 per-

872 2233 1138 2279 severant.
1172 2224 1273 2289 Qui
1308 2225 1353 2277 si
1397 2225 1571 2293 ipsum
1620 2224 1894 2277 novissent
1939 2238 2001 2277 ac
2043 2224 2412 2289 edidicissent,

869 2318 1070 2371 scirent
1114 2316 1298 2384 utique
1331 2314 1423 2370 Dei
1455 2315 1710 2378 Verbum,
1737 2316 1878 2384 quod
1918 2317 2169 2385 praesenti
2213 2316 2417 2387 suppli-
2446 2342 2453 2362 -.

869 2409 1082 2469 catipne
1114 2407 1481 2472 invocabatur,
1509 2408 1562 2461 in
1592 2408 1709 2477 ipso
1746 2408 2035 2463 habitasse.
2070 2407 2172 2463 Sed
2203 2423 2302 2463 nos
2322 2410 2415 2478 qui

868 2500 1044 2567 ipsum
1092 2499 1468 2567 praeexsistens
1511 2513 1651 2563 esse,
1686 2514 1749 2553 ac
1788 2499 1854 2554 de
1887 2498 2195 2555 hominibus
2236 2501 2416 2571 provi-

869 2591 1103 2648 dentiam
1145 2591 1361 2647 omnino
1391 2606 1574 2661 gerere
1626 2592 1903 2658 novimus;
1953 2607 2085 2655 nam,
2111 2592 2175 2645 In
2224 2591 2415 2645 mundo

868 2696 999 2748 erat,
1032 2695 1080 2739 et
1106 2685 1325 2739 mundus
1360 2698 1449 2752 per
1468 2686 1635 2752 ipsum
1658 2684 1828 2753 factus
1854 2694 1950 2749 est,
1978 2695 2025 2739 et
2056 2686 2278 2740 mundus
2299 2702 2415 2739 eum

867 2796 970 2833 non
1005 2778 1235 2848 cognovit
1264 2777 1345 2842 ⁸¹;
1379 2777 1581 2832 scimus
1611 2778 1784 2847 ipsum
1834 2777 1886 2831 in
1932 2778 2145 2847 propria
2183 2779 2412 2841 venisse,

867 2870 1081 2940 quando
1112 2884 1301 2924 manus
1327 2869 1446 2938 ejus
1471 2869 1585 2924 sive
1602 2870 1685 2923 vis
1710 2883 1941 2938 operans
1975 2869 2117 2922 facta
2139 2879 2222 2924 est
2255 2884 2417 2938 super

866 2965 1039 3017 virum
1064 2961 1296 3017 dexterae
1316 2962 1455 3030 ejus,
1480 2960 1647 3031 quiin
1666 2960 1966 3030 Evangeliis
1987 2960 2153 3015 Filius
2184 2960 2416 3016 hominis

865 3063 1088 3109 vocatur
1110 3074 1130 3115 ηε
1161 3069 1320 3123 quem
1365 3054 1469 3108 sibi
1503 3054 1604 3124 ipsi
1648 3054 1764 3122 ipse
1793 3067 1858 3105 ex
1893 3052 2094 3120 Spiritu
2126 3060 2315 3107 sancto
2335 3052 2416 3108 ef-

867 3146 1117 3201 formavit
1141 3164 1156 3198 :
1179 3160 1336 3215 quem
1368 3146 1417 3199 si
1445 3145 1775 3207 noverimus,
1810 3141 2096 3197 defectioni
2138 3158 2413 3214 nunquam

2519 686 2589 736 οὐ
2612 683 2696 751 μὴ
2724 681 3068 751 ἀποστῶμεν
3087 681 3205 735 ἀπὸ
3219 681 3355 734 σοῦ.
3390 681 3454 733 Ἦ
3472 680 3527 733 δὲ
3543 680 3765 748 δύναμις
3783 679 3875 732 τοῦ
3900 680 4052 746 λόγου

2517 774 2700 829 τοῦτον
2730 774 2947 844 ἔχειτὸν
2977 773 3129 827 νοῦν·
3162 762 3297 843 Ἤδη
3336 772 3464 825 ποτέ
3494 760 3677 844 ὴ-χείρ
3708 764 3811 824 ’σου
3857 772 3890 839 ἡ
3927 773 4037 838 de:

2518 864 2612 935 νὴς
2644 868 2733 918 καὶ
2757 841 2992 935 -όιέρατος
3025 841 3378 934 ἐπιλαμψάτω
3413 841 3623 916 ἐπὶήτὺν
3649 841 3934 935 ήύπηρέτην
3958 863 4053 933 τῆς

2519 954 2618 1023 σῆς
2642 954 2815 1018 δεξιᾶς
2844 955 3026 1026 ἄνδρα,
3051 954 3143 1008 καὶ
3183 956 3274 1008 ἐπὶ
3296 954 3393 1015 τὸν
3420 952 3674 1023 μέλλοντα
3705 952 4052 1023 χρηματίζειν

2519 1047 2644 1099 Υἰὺν
2683 1046 2961 1118 ἀνθρώπου
2983 1063 2995 1075 ·
3022 1047 3081 1099 ὃν
3109 1046 3171 1099 σὺ
3202 1045 3381 1116 σαυτῷ
3432 1042 3851 1106 κατεσκεύασας,
3895 1044 4053 1113 ἐκρα-

2516 1137 2749 1200 ταίωσας
2797 1138 3021 1208 ὄργανον
3061 1138 3159 1207 τῆς
3218 1137 3314 1207 σῆς
3366 1136 3641 1205 δυνάμεως
3663 1174 3678 1198 ,
3723 1135 3813 1187 καὶ
3866 1134 4052 1203 ὥσπερ

2516 1230 2730 1302 ἄγαλμα
2759 1232 2854 1301 τῆς
2895 1230 3083 1282 σαυτοῦ
3129 1227 3377 1297 θεότητος
3415 1229 3601 1281 τοῦτον
3630 1227 3790 1281 αὐτὸν
3822 1227 4050 1295 ἀναστή-

2518 1340 2632 1386 σας.
2660 1322 2858 1374 Τούτου
2901 1319 3006 1389 γὰρ
3043 1318 3316 1387 φανέντος,
3350 1318 3583 1381 εἰδώλοις
3611 1318 3789 1371 οὐκέτι
3828 1317 4051 1386 λατρεύ-ι

2518 1430 2713 1484 σομεν·
2771 1412 2885 1465 ἀλλ’
2932 1410 3049 1464 οὐδὲ
3090 1412 3156 1479 τῇ
3190 1407 3426 1479 πολυθέῳ
3470 1409 3640 1479 πλάνῃ
3684 1407 4049 1477 δουλεύσομεν,

2514 1507 2633 1560 οὐδὲ
2679 1501 3097 1573 ἀναχωρήσομέν
3136 1517 3228 1552 σου
3279 1500 3372 1552 τοῦ
3428 1499 3614 1554 λοιποῦ
3638 1516 3651 1529 ·
3702 1499 3769 1551 δι’
3800 1498 3964 1550 αὑτοῦ
3996 1498 4050 1549 δὲ

2515 1597 2815 1663 ζωωθέντες
2839 1595 2933 1647 καὶ
2965 1593 3062 1660 τῆς
3099 1591 3247 1661 παρὰ
3283 1592 3363 1643 σοὶ
3394 1592 3658 1661 σωτηρίας
3688 1590 3954 1658 τυχόντες,
3993 1588 4053 1641 τὸ

2515 1687 2684 1756 ὄνομά
2705 1702 2797 1737 σου
2828 1681 3275 1752 ἐπικαλεσόμεθα,
3312 1681 3485 1733 οὐκέτ’
3516 1681 3575 1744 ἐξ
3599 1680 3879 1749 ἀνθρώπου
3912 1678 4051 1742 τινος
4114 1662 4119 1664 ⁷

2515 1774 2963 1847 χρηματίζοντες,
2988 1760 3115 1825 ὀὐδ’
3170 1771 3488 1842 Ἰσραηλῖται
3531 1770 3637 1823 ἀπὸ
3689 1769 3781 1823 τοῦ
3844 1768 4051 1840 Ἰσραὴλ

2516 1866 2850 1938 καλούμενοι,
2882 1864 2996 1919 ἀλλ’
3023 1863 3144 1917 οὐδὲ
3173 1863 3280 1916 ἀπὸ
3304 1862 3396 1915 τοῦ
3433 1862 3599 1914 Ἰούδα
3639 1862 3873 1921 Ἰουδαῖοι
3894 1876 3910 1892 ·
3946 1860 4053 1914 ἀπὸ

2514 1958 2571 2011 δὲ
2598 1954 2691 2010 τοῦ
2726 1955 2816 2009 σοῦ
2839 1956 3095 2025 ὀνόματος
3124 1952 3216 2007 τοῦ
3250 1952 3481 2024 Χριστοῦ
3511 1952 3818 2023 Χριστιανοὶ
3842 1968 4052 2022 χρημα-

2514 2049 2748 2118 τίσομεν.
2787 2047 2876 2099 Διὸ
2905 2046 3147 2099 λέλεκται
3175 2044 3312 2098 κατὰ
3330 2044 3419 2097 τὸν
3437 2044 3725 2113 Σύμμαχον
3748 2059 3761 2072 ·
3789 2043 4051 2107 Ζωώσεις

2512 2139 2686 2208 ἡμᾶς,
2710 2138 2808 2192 καὶ
2833 2135 2912 2202 τῷ
2948 2136 3187 2206 ὀνόματί
3218 2150 3331 2189 σου
3361 2134 3790 2202 κληθησόμεθα.
3833 2131 4052 2202 Θαυμά-

2516 2248 2603 2283 σαι
2626 2231 2682 2283 δέ
2712 2230 2823 2282 ἔστι
2849 2230 2970 2280 τινα
2989 2228 3185 2295 τρόπον
3227 2226 3433 2288 τούτοις
3470 2224 3879 2294 ἐντυγχάνοντες
3925 2222 4050 2275 Ἰου-

2513 2321 2673 2374 δαίων
2703 2319 2904 2381 παῖδες,
2925 2317 2983 2381 ἐξ
3015 2315 3232 2369 ἁπαλῶν
3256 2331 3315 2366 τε
3364 2312 3565 2381 ὀνύχων
3600 2311 3775 2364 ταῦτα
3810 2328 4048 2379 καταμε-

2514 2412 2787 2473 λετῶντες,
2814 2410 2874 2462 οὺ
2916 2406 3132 2478 ζητοῦσι
3155 2404 3245 2458 τὸν
3277 2404 3441 2474 ἄνδρα
3474 2402 3572 2473 τῆς
3597 2402 3770 2467 δεξιᾶς
3800 2401 3893 2453 τοῦ
3915 2400 4048 2454 Θεοῦ

2513 2504 2595 2565 τίς
2628 2518 2754 2553 ποτε
2786 2496 2871 2571 ἦν,
2900 2499 3015 2552 οὐδὲ
3043 2498 3132 2551 τὸν
3165 2494 3447 2564 λεγόμενον
3480 2492 3603 2546 Υἱὸν
3625 2491 3908 2562 ἀνθρώπου
3941 2492 4052 2545 ἐπι-

2513 2595 2829 2665 ¹γινώσκουσι
2847 2611 2859 2622 ·
2879 2593 2957 2645 διὸ
2976 2592 3068 2645 καὶ
3090 2586 3453 2661 παραμένουσι
3475 2588 3540 2656 τῇ
3556 2584 3759 2637 ἑαυτῶν
3776 2582 4044 2653 συμφορᾷ.

2526 2689 2609 2752 Ὠς
2660 2688 2814 2756 εἴπερ
2888 2684 3198 2751 ἐπέγνωσαν
3230 2672 3341 2733 καὶ
3399 2675 3800 2747 μεμαθήκεισαγ
3853 2672 4009 2726 αὐτὸν
4029 2709 4047 2735 ,

2514 2779 2748 2847 ἔγνωσαν
2777 2776 2841 2831 ἂν
2871 2774 2961 2827 καὶ⁵
2990 2773 3078 2825 τὸν
3115 2770 3171 2823 ἐν
3208 2768 3353 2839 αὐτῷ
3376 2765 3770 2835 κατοικήσαντα
3795 2761 3928 2815 Θεοῦ
3957 2761 4048 2814 A6-

2513 2887 2605 2937 γον
2643 2868 2700 2921 ὃν
2742 2870 2773 2937 ή
2823 2864 3064 2935 παροῦσα
3114 2862 3295 2931 δέησις
3335 2857 3662 2912 ἀνεκαλεῖτο.
3715 2851 3851 2905 Ἀλλ’
3892 2852 4045 2921 ἡμεῖς

2513 2962 2668 3017 αὐτὸν
2689 2961 2883 3023 εἰδότες
2915 2958 3165 3029 προόντα,
3201 2952 3294 3005 καὶ
3326 2952 3390 3002 ἐκ
3407 2948 3500 3001 τοῦ
3525 2946 3721 3007 παντὸς
3752 2942 4045 3014 ἀνθρώπιον

2512 3050 2929 3121 ἐπιμελόμενον·
2961 3047 3053 3097 Ἐν
3065 3043 3171 3113 γὰρ
3186 3041 3264 3107 τῷ
3285 3041 3484 3106 κόσμῳ
3507 3033 3604 3105 ἦν,
3637 3034 3734 3088 καὶ
3762 3036 3795 3087 d
3822 3035 4045 3102 κόσμος

2511 3145 2585 3199 δι’
2612 3140 2794 3198 αὑτοῦ
2824 3138 3071 3209 ἐγένετο,
3099 3133 3193 3187 καὶ
3216 3136 3247 3186 ό
3272 3132 3494 3198 κόσμος
3523 3126 3706 3180 αὐτὸν
3728 3126 3837 3178 οὐκ
3861 3124 4008 3193 ἔγνω
4026 3139 4040 3153 ·

865 3238 1087 3293 obnoxii
1126 3213 1348 3299 eri—mus,
1390 3237 1547 3292 ah'eo
1581 3237 1740 3291 vitam
1788 3235 2132 3306 accipientes,
2159 3213 2278 3305 ejus
2302 3252 2409 3292 no-
2435 3236 2479 3299 c
2510 3237 2605 3306 ῐσμ

2304 3252 2409 3292 110-
2435 3236 2479 3299 0
2510 3232 2846 3306 ῐσμεναύτὺν
2868 3229 2960 3283 καὶ
2991 3229 3068 3290 είς
3098 3224 3166 3278 τὰ
3194 3223 3296 3277 ἴδια
3325 3220 3562 3282 ἐλθόντα,
3596 3218 3682 3269 ὅτε
3712 3215 3804 3269 καὶ
3830 3213 4044 3306 γέγονεν

866 3331 1012 3385 mine
1050 3329 1319 3399 appellati.
1348 3326 1457 3384 Nos
1498 3330 1677 3399 itaque
1703 3329 1795 3399 qui
1848 3326 2040 3382 Filium
2071 3329 2300 3383 hominis
2327 3343 2413 3383 ex-

868 3432 1197 3495 spectamus,
1225 3432 1279 3480 et
1300 3440 1448 3495 spem
1488 3433 1725 3479 nostram
1772 3422 1826 3477 in
1851 3422 2025 3491 ipsum
2060 3420 2408 3490 conjecimus,

868 3519 981 3573 haec
1012 3518 1079 3573 de
1107 3517 1262 3572 nobis
1294 3516 1426 3588 ipsis
1454 3515 1725 3584 loquimur
1749 3526 1882 3581 :pro
1896 3511 2151 3566 membris
2178 3525 2308 3565 vero
2322 3526 2414 3563 no-

868 3612 996 3666 stris
1042 3611 1302 3681 reliquam
1365 3608 1663 3662 orationem
1718 3604 1994 3657 fundimus
2042 3602 2128 3656 his
2184 3600 2408 3655 verbis:

867 3733 932 3743 —
960 3701 1124 3755 Vsus.
1161 3702 1248 3755 20.
1281 3700 1417 3754 Deus
1440 3700 1709 3759 virtutum,
1744 3704 1976 3749 converte
2003 3709 2115 3756 nos,
2137 3701 2187 3746 et
2203 3690 2409 3757 ostende

870 3794 1054 3862 faciem
1079 3802 1221 3845 tuam
1247 3801 1295 3845 et
1320 3791 1452 3846 salvi
1488 3790 1700 3852 erimus,
1740 3799 2037 3842 sermonem
2061 3785 2114 3837 in
2136 3783 2408 3837 communi

868 3884 1205 3957 proferentes
1228 3898 1327 3954 pro
1355 3885 1441 3948 iis,
1468 3882 1561 3953 qui
1588 3879 1822 3935 nondum
1849 3876 2097 3933 conversi
2119 3884 2266 3939 sunt,
2288 3888 2409 3929 nec-

869 3978 996 4033 dum
1025 3977 1311 4032 adventum
1335 3976 1454 4045 ejus
1484 3981 1781 4038 noverunt;
1813 3972 2040 4042 ideoque
2067 3968 2301 4024 nondum
2327 3981 2405 4022 sa-

869 4068 1031 4123 lutem
1061 4082 1091 4121 a
1124 4066 1230 4122 Deo
1259 4077 1385 4121 sunt
1416 4065 1713 4120 consecuti.

2513 3303 2673 3378 αύτοῦ
2701 3325 2733 3392 ἡ
2760 3321 2896 3391 χεὶρ,
2927 3316 3194 3370 τουτέστιν
3217 3316 3249 3384 ἡ
3280 3308 3552 3383 πρακτικὴ
3576 3308 3799 3375 δύναμις
3829 3304 3920 3357 ἐπὶ
3955 3303 4045 3356 τὸν

2510 3416 2677 3485 ἄνδρα
2694 3390 2788 3481 τῆς
2815 3408 2989 3474 δεξιᾶς
3010 3406 3169 3460 αὐτοῦ
3188 3446 3203 3470 ,
3231 3405 3317 3493 τρν
3347 3402 3440 3456 καὶ
3466 3399 3551 3453 διὰ
3574 3397 3679 3451 τῶν
3706 3390 4044 3463 Εὑαγγελίων

2512 3484 2636 3559 Υίὸν
2662 3500 2943 3572 ἀνθρώπου
2971 3484 3376 3569 χρηματίσαντα
3394 3509 3407 3521 ·
3438 3491 3497 3543 ὃν
3515 3487 3674 3551 αὐτὸς
3702 3484 3874 3553 ἐαυτῷ
3894 3499 4044 3535 συνε-

2512 3597 2741 3666 στήσατο
2782 3593 2839 3659 ἐξ
2872 3591 3022 3659 ἁγίου
3072 3587 3377 3657 Πνεύματος
3426 3580 3783 3651 καταρτίσας·
3808 3577 3887 3664 Ᾰὸν
3928 3576 4046 3666 tm:

2510 3664 2723 3756 γνόντες
2769 3683 3119 3739 ἁναπόοτατοι
3166 3678 3346 3731 λοιπὸν
3388 3670 3721 3743 γενησόμεθα
3772 3668 3839 3723 δι’
3883 3664 4043 3721 αὑτοῦ

2512 3779 2831 3848 ζωούμενοι,
2881 3774 2956 3844 τῷ
3016 3789 3076 3824 τε
3118 3762 3547 3839 όνόματιαῦτοῦ
3602 3759 4040 3832 χρηματίζοντες.

2520 3870 2704 3940 Ἡμεῖς
2753 3868 2848 3936 μὲν
2897 3858 2989 3917 οὖν
3017 3862 3066 3913 οἱ
3098 3859 3187 3912 τὸν
3214 3856 3339 3910 Υίδν
3370 3852 3464 3906 τοῦ
3488 3850 3776 3940 ⁹ἀνθριὶνιτου
3818 3848 4039 3940 προσδο-

2508 3934 2703 4020 κῶντες
2724 3934 2815 4009 καὶ
2839 3953 2935 4015 τὰς
2960 3948 3175 4009 ἐλπίδας
3190 3946 3269 4007 είς
3281 3943 3439 3997 αὐτὸν
3465 3934 3843 4010 ἀνηρτημένοι,
3872 3934 4044 3988 ταῦτα

866 4162 961 4233 τὴν
983 4162 1167 4232 λοιπὴν
1207 4114 1893 4231 ικξξῆρίᾇῖᾶᾆᾷτξὲμτωμεν
1918 4154 2208 4224 φάσκοντες
2225 4168 2238 4181 ·
2269 4150 2321 4201 '0
2361 4148 2501 4213 Θεὸς
2526 4114 2643 4199 τών
2669 4139 2991 4233 δυνάμεωῖ,
3021 4131 3381 4233 exigeret/1:07
3410 4114 3594 4233 ⁷τἰιιᾶξςι,
3630 4121 3727 4177 καί
3751 4122 4041 4233 saliere,-

867 4212 1278 4320 ὲὶπρδάέυπδν
1299 4212 1431 4316 σόν,
1462 4248 1556 4303 καὶ
1589 4212 1992 4316 σωὸησῦμθθιι.
2013 4212 2429 4303 καινοποιοῦντες
2448 4212 2548 4307 τὸν
2574 4235 2725 4302 λόγον
2747 4229 2898 4320 ὑπὲρ-
2914 4225 3041 4320 τξδν-
3054 4215 3745 4320 μηδέω.ὲπωτρεψάνῖῳν’
3776 4213 3909 4284 μηδὲ
3943 4212 4040 4284 τὴν

870 4304 1179 4413 ἐπιφανειαν
1198 4420 1201 4421 ν
1224 4304 1600 4409 ἐπεγνωκότων
1651 4304 1840 4403 αὐτοῦ,
1863 4339 1956 4391 καὶ
1980 4304 2077 4390 ἰδιὰ
2098 4334 2251 4387 τοῦτο
2275 4331 2492 4403 μηδέπω
2526 4327 2623 4397 τῆς
2653 4317 2910 4412 παρὰτῷ
2936 4314 3053 4384 Θεῷ
3089 4310 3353 4383 σωτηρίας
3397 4304 3779 4376 τετυχηκότων.

974 4500 1024 4551 ι.
1060 4496 1131 4550 IN
1163 4494 1367 4550 FINEM
1410 4491 1545 4547 pno
1594 4458 2118 4546 TOBCULARIBUS
2172 4486 2299 4542 lPSl

1384 4560 1625 4617 ASAPH.
1666 4561 1874 4615 LXXX.

940 4703 1103 4758 Vens.
1132 4703 1187 4758 2.
1232 4701 1501 4755 Exsultate
1544 4699 1649 4753 Deo
1694 4697 1925 4766 adjutori
1966 4701 2162 4756 nostra,
2186 4690 2406 4761 jubilate

876 4794 982 4851 Dea
1006 4793 1189 4849 Iacob.
1230 4790 1429 4848 Psalmi
1468 4790 1575 4845 Pro
1614 4787 1957 4843 torcularibus
1997 4784 2240 4852 inscripti
2294 4791 2405 4837 tres

876 4901 1098 4943 numero
1128 4890 1289 4940 sunt:
1323 4897 1463 4937 unus
1493 4879 1728 4944 Davidis,
1760 4892 1949 4947 nempe
1981 4882 2230 4940 octavus;
2266 4888 2405 4928 unus

874 4978 1093 5047 Asaphi,
1119 4990 1275 5045 quem
1294 4974 1404 5043 jam
1426 4982 1748 5035 tractamus;
1775 4968 2003 5022 ﬁliorum
2039 4974 2216 5020 autem
2248 4962 2407 5027 Core,

877 5082 1100 5123 unm.
1129 5065 1362 5121 Octavus
1390 5063 1570 5131 itaque
1599 5059 1932 5115 vocationem
1962 5056 2204 5127 gentium
2231 5065 2411 5123 aperte

878 5157 1284 5216 vaticinabatur,
1316 5168 1475 5223 quam
1509 5151 1711 5220 Spiritu
1740 5147 1921 5203 divino
1950 5145 2299 5215 praeﬁdentes
2318 5143 2409 5197 Dei

821 5288 825 5291 -
878 5248 1149 5318 prophetae
1218 5253 1435 5315 stupore
1481 5242 1897 5296 aiii'ciebantur:
1950 5228 2137 5305 quare
2166 5234 2413 5290 mirantis

878 5352 1026 5393 more
1072 5336 1437 5391 exclamabant
1485 5332 1744 5391 dicentes,
1796 5329 2012 5383 Domine
2039 5327 2176 5381 Deus
2215 5338 2406 5387 noster,

879 5446 1031 5495 quam
1059 5426 1364 5481 admirabile
1381 5434 1458 5479 est
1496 5439 1676 5477 nomen
1710 5431 1854 5474 tuum
1883 5422 1937 5473 iu
1964 5415 2203 5473 universa
2231 5418 2408 5474 terra!

879 5519 1248 5589 Octogesimus
1272 5532 1399 5570 vero
1432 5514 1623 5569 tertius
1650 5514 1817 5566 multa
1854 5512 2218 5575 tabernacula,
2244 5512 2409 5564 multa

881 5612 1088 5674 altaria,
1144 5610 1275 5663 atria
1318 5608 1544 5677 plurima
1593 5604 1705 5659 fore
1759 5601 2111 5673 praevidebat;
2165 5601 2410 5655 videlicet

883 5700 1144 5755 Ecclesias
1175 5699 1262 5753 Dei
1298 5715 1388 5769 per
1418 5706 1585 5752 totum
1618 5696 1801 5750 orbem
1850 5692 2186 5755 constitutas,
2221 5692 2407 5746 altaria

947 5836 990 5866 ⁸²
1019 5833 1169 5888 Joan.
1204 5850 1251 5901 ι,
1286 5833 1365 5887 10.

2644 4436 2749 4489 ΕιΣ
2788 4408 2875 4483 To
2914 4428 3149 4492 ΤΕΛΟΣ,
3188 4424 3359 4478 mer
3388 4420 3519 4475 TaN
3560 4417 3791 4474 ΔΗΝΩΝ
3815 4419 3903 4489 τᾳ

3112 4584 3313 4637 ’ΔΣΑΦ.
3334 4582 3394 4633 Π¹

2588 4678 2961 4752 Ἁταλιιιᾶσθε
2974 4674 3051 4741 τῷ
3063 4674 3181 4739 Θεῷ
3196 4672 3273 4737 τῷ
3290 4667 3490 4735 βοηθῷ
3506 4666 3688 4735 ἡμῶν,
3706 4662 4040 4727 Mare

2509 4774 2586 4839 τῷ
2606 4772 2722 4835 Θεῷ
2765 4769 2982 4824 Ἰακὼϐ.
3001 4768 3063 4821 Oi
3093 4759 3545 4833 ἐπιγεγραμμένοι
3560 4757 3682 4823 τῶν
3719 4753 3891 4825 ληνῶν
3908 4753 4041 4823 ψαλ-

2513 4865 2601 4935 μοὶ
2649 4865 2793 4933 τρεῖς
2827 4860 2917 4913 τὸν
2973 4856 3199 4928 ἀριθμὸν
3236 4852 3612 4920 τυγχάνουσιν·
3672 4840 3751 4908 εἷς
3809 4845 3905 4914 μὲν
3945 4842 4037 4897 τοῦ

2504 4954 2685 5015 Δαυῒδ,
2723 4954 2751 5007 ὁ
2783 4951 2984 5019 όγδοος,
3041 4940 3118 5009 εἷς
3165 4946 3220 4999 δὲ
3246 4943 3340 4996 τοῦ
3382 4941 3571 5008 Ἀσὰφ,
3604 4940 3633 4991 6
3666 4936 3802 5007 μετὰ
3833 4937 4055 5005 χεῖρας,

2508 5048 2602 5100 καὶ
2635 5046 2742 5097 τῶν
2774 5045 2901 5096 υῑῶν
2925 5040 3066 5109 Κορὲ
3095 5042 3123 5091 ὁ
3153 5044 3205 5091 π’
3238 5035 3330 5089 καὶ
3349 5040 3418 5101 γ’.
3453 5032 3513 5084 '0
3542 5030 3638 5101 εὰν
3668 5022 3759 5081 οὖν
3783 5033 3829 5096 η’
3858 5025 4038 5095 σαφῶς

2509 5136 2615 5189 τῶν
2640 5133 2804 5188 ἐθνῶν
2825 5133 2920 5204 τὴν
2940 5132 3125 5199 κλῆσιν
3157 5125 3448 5187 ἐθέσπιζεν,
3483 5122 3546 5191 ἦν
3574 5117 3648 5189 τῷ
3668 5116 3939 5185 Πνεύματι
3965 5114 4041 5183 τῷ

2511 5222 2638 5292 θείῳ
2695 5218 3121 5291 προθεωροῦντες
3151 5215 3200 5267 οἱ
3242 5211 3333 5265 τοῦ
3370 5208 3505 5263 Θεοῦ
3544 5204 4044 5292 ,προφῆταιγύπερ-

2513 5291 2908 5381 εξεπλήττοντο·
2930 5307 3007 5361 διὸ
3033 5306 3125 5359 καὶ
3139 5299 3621 5373 ἀποθαυμαστικῶς
3639 5293 3937 5363 ἀνεφώνουν
3952 5291 4009 5344 τό
4026 5306 4041 5317 ·

2509 5404 2679 5470 Κύριε
2713 5405 2746 5455 ό
2777 5398 2917 5464 Θεὸς·
2951 5397 3135 5466 ἡμῶν,
3164 5398 3243 5458 ὡς
3276 5391 3615 5461 θαυμαστὸν
3641 5389 3706 5441 τὸ
3731 5384 3907 5452 ὄνομά
3932 5398 4045 5435 σου

2508 5492 2575 5543 ἐν
2600 5489 2763 5556 πάσῃ
2782 5488 2854 5555 τῇ
2879 5487 2988 5558 τῇ]
3014 5484 3119 5537 Καὶ
3146 5485 3173 5535 ὁ
3192 5488 3238 5549 γ’
3261 5481 3317 5535 δέ
3343 5480 3435 5534 καὶ
3454 5486 3507 5532 π’
3531 5476 3694 5531 πολλὰ
3718 5470 4049 5543 σκηνώματα

2508 5581 2600 5633 καὶ
2628 5578 2793 5633 πολλὰ
2811 5576 3161 5645 θυσιαστήρια
3191 5575 3283 5627 καὶ
3310 5568 3506 5645 πολλὰς
3546 5566 3712 5629 αὐλὰς
3764 5560 4041 5635 προεώρα·

2510 5670 2704 5741 δηλαδὴ
2722 5668 2817 5732 τὰς
2849 5666 2965 5722 καθ’
2982 5666 3106 5737 ὅλης
3132 5664 3226 5735 τῆς
3253 5662 3566 5733 οἰκουμένης
3601 5653 3920 5723 Ἐκκλησίας
3950 5649 4051 5708 τοῦ
