4406 6444
357 510 461 568 969

1450 507 1939 565 COMMENTARIA
1976 507 2040 564 IN
2078 507 2400 565 PSALMOS.
2473 535 2475 537 ί

3370 504 3373 506 ’
3404 508 3504 562 970

358 620 512 686 Graii,
565 638 658 676 και
700 635 767 676 τα
823 637 880 676 εν
923 623 1106 687 αὑταῖς
1145 624 1304 677 πολλά
1349 625 1735 694 θυσιαστήρια·
1763 623 1884 694 est;
1912 627 1960 685 Α
1986 638 2090 692 que

1766 624 1798 678 ἃ.
1821 623 1884 694 δὴ
1912 627 1960 685 Α
1986 638 2090 692 que
2129 623 2184 678 in
2213 624 2319 678 illis
2351 625 2484 678 bene
2519 632 2680 677 multa
2704 643 2719 676 τ
2759 637 2878 692 qua:
2910 622 3000 692 bis
3030 620 3204 676 verbis
3229 621 3461 676 declarat
3490 636 3506 676 :

359 713 593 782 παρίστη
615 710 789 779 λέγων
813 729 826 738 ·
872 712 964 780 Ὠς
987 714 1251 781 ἀγαπητὰ
1287 714 1357 766 τὰ
1377 713 1732 782 σκηνώματά
1757 729 1893 778 σου,

362 803 534 869 Κύριε
579 802 696 855 τῶν
748 802 1051 872 δυνάμεων
1067 804 1088 856 .'
1118 806 1207 857 καὶ
1247 801 1430 866 αὖθις*
1476 805 1768 859 Ἐπιποθεῖ
1798 805 1895 857 καὶ

363 889 621 945 ἐκλείπει
640 891 676 958 ή
703 892 868 960 ψυχή
893 911 1007 961 μου
1033 895 1116 958 εὶς
1151 893 1255 958 τὰς
1295 895 1484 958 αὐλὰς
1509 894 1614 947 τοῦ
1643 896 1857 961 Κυρίου
1879 912 1892 924 '

365 980 457 1031 καὶ
484 980 608 1048 ἑξῆς
633 997 646 1010 ·
686 980 760 1033 Τὰ
800 980 1185 1048 θυσιαστήριά
1224 998 1360 1045 σου,
1393 985 1566 1050 Κύριε
1591 984 1708 1036 τῶν
1730 983 1899 1037 cum.

357 1086 532 1139 μεων.
577 1070 633 1122 'U
674 1068 728 1122 δὲ
771 1071 903 1140 μετὰ
929 1074 1109 1141 χεῖρας
1137 1072 1338 1141 ἑτέροις
1372 1073 1469 1141 μὲν
1515 1072 1768 1141 ἀγαλλιᾷν
1805 1072 1897 1125 καὶ

336 1158 645 1224 ’ἀλαλάζειν
691 1161 782 1214 καὶ
819 1159 1034 1228 ψάλλειν
1065 1160 1500 1231 παρακελεύεται,
1537 1160 1627 1214 τοῦ
1668 1162 1726 1213 δὲ
1767 1163 1896 1213 Ἰου-

357 1249 522 1304 δαίων
575 1251 755 1315 ἔθνους
802 1251 900 1319 τὴν
952 1251 1215 1320 ἀποϐολὴν
1244 1251 1336 1303 καὶ
1371 1251 1464 1321 τὴν
1498 1253 1701 1322 ταύτης
1727 1252 1897 1304 αἰτίαν

363 1342 673 1413 παρίστησι,
721 1341 810 1394 καὶ
835 1341 1012 1411 σφόδρ’
1057 1342 1353 1404 ἀκολούθως
1395 1346 1511 1405 ταῖς
1550 1343 1636 1395 διὰ
1666 1342 1770 1394 τῶν
1802 1341 1899 1411 ἔμ-

361 1431 593 1500 προσθεν
620 1430 986 1502 προφητείαις.
1025 1431 1233 1501 Ἐπειδὴ
1263 1431 1367 1501 γάρ
1401 1433 1457 1484 ἐν
1480 1433 1555 1500 τῷ
1587 1433 1690 1501 πρὸ
1711 1431 1896 1484 τούτου

358 1519 543 1590 ἠρώτα
569 1521 756 1587 λέγων·
800 1520 917 1574 Ἵνα
957 1521 1013 1573 τί
1037 1522 1302 1587 καθεῖλες
1341 1522 1445 1575 τὸν
1490 1523 1755 1590 φραγμὸν
1791 1523 1896 1573 αὺ-

359 1608 487 1676 τῆς,
519 1609 614 1662 καὶ
639 1609 929 1678 τρυγῶσιν
951 1611 1139 1679 αὐτὴν
1167 1612 1384 1677 πάντες
1421 1615 1473 1665 οἱ
1502 1612 1899 1678 παραπορευό-

353 1716 523 1769 μενοι
553 1699 665 1766 τὴν
687 1701 858 1765 δδόν;
888 1702 1156 1755 ὲτιιλύεται
1188 1704 1284 1772 τὴν
1315 1703 1666 1771 ὲπαπόρησιν,
1693 1702 1776 1755 διὰ
1805 1699 1895 1754 τοῦ

363 1789 502 1860 μετὰ
532 1793 714 1860 χεῖρας
743 1791 991 1866 φάσκων·
1019 1794 1086 1846 El
1110 1795 1143 1844 ὁ
1188 1792 1333 1856 λαός
1363 1809 1478 1859 μου
1509 1790 1733 1860 ἤκουσέ
1759 1808 1894 1858 μου,

375 1879 609 1946 Ἰσραὴλ
650 1883 701 1932 sl
740 1880 866 1946 ταῖς
897 1880 1054 1946 ὁδοῖς
1079 1898 1194 1949 μου
1243 1883 1523 1949 ἐπορεύθη
1543 1901 1556 1913 ο
1583 1884 1649 1935 ἐν
1676 1881 1754 1946 τῷ
1784 1899 1897 1948 μη-

1994 713 2164 777 Quam
2191 713 2379 769 dilecta
2407 712 2736 768 tabernacula
2761 722 2871 777 tua,
2905 711 3120 766 Domine
3147 712 3426 765 virtutum!
3449 725 3512 766 ac

1995 815 2208 854 rursum
2239 820 2251 854 :
2283 800 2607 868 Concupiscit
2621 810 2670 854 et
2697 800 2867 868 deﬁcit
2905 802 3079 852 anima
3124 816 3238 854 mea
3283 801 3340 854 in
3377 798 3514 853 atria

1994 890 2236 954 Domini;
2265 899 2318 946 et
2340 893 2532 946 iterum
2558 891 2797 946 :Altaria
2839 900 2945 952 tua,
2991 889 3202 942 Domine
3243 890 3512 944 virtutum.

1992 979 2237 1035 Psalmus
2260 997 2391 1035 vero
2418 996 2672 1050 praesens,
2702 983 2834 1044 alios
2864 979 3077 1049 quidem
3116 980 3404 1045 exsultare,
3428 980 3516 1046 ju-

1993 1071 2164 1124 bilare
2191 1079 2243 1125 et
2292 1072 2520 1140 psallere
2557 1073 2726 1140 jubet,
2756 1071 2962 1126 Iudaici
2995 1085 3118 1125 vero
3159 1071 3339 1139 populi
3371 1071 3516 1137 abje-

1994 1162 2222 1215 ctionem
2264 1161 2484 1230 ejusque
2521 1176 2738 1215 causam
2767 1162 3018 1220 declarat.
3047 1169 3101 1215 et
3124 1161 3334 1230 quidem
3367 1160 3517 1214 valde

1994 1258 2380 1316 consequenter
2422 1250 2485 1303 ad
2518 1251 2725 1318 priores
2761 1250 3086 1319 prophetias.
3129 1249 3260 1303 Nam
3289 1251 3414 1320 quia
3461 1251 3513 1305 in

1995 1337 2310 1405 praecedenti
2336 1338 2693 1408 interrogabat
2719 1339 2906 1394 dicens
2942 1360 2954 1392 :
2995 1338 3182 1408 thuid
3210 1341 3518 1394 destruxisti

1996 1429 2273 1481 maceriam
2301 1429 2434 1497 ejus,
2461 1438 2508 1483 et
2530 1430 2840 1482 vindemiant
2861 1447 2976 1483 eam
3011 1446 3181 1483 omnes
3214 1431 3301 1499 qui
3318 1441 3521 1498 praeter-

1994 1517 2298 1586 grediuntur
2328 1519 2503 1573 viam?
2533 1519 2619 1573 hic
2647 1519 2864 1572 dubium
2897 1521 3053 1572 solvit
3091 1519 3174 1573 his
3209 1521 3388 1576 verbis
3418 1540 3430 1574 :
3461 1521 3521 1577 Si

1992 1605 2208 1672 populus
2235 1623 2374 1659 meus
2391 1606 2621 1660 audisset
2642 1624 2738 1669 me,
2773 1606 2941 1662 Israel
2967 1611 3013 1663 si
3045 1610 3096 1663 in
3131 1610 3222 1663 viis
3254 1611 3378 1664 meis
3405 1629 3520 1663 am-

1996 1693 2243 1757 bulasset,
2272 1711 2363 1762 pro
2387 1696 2545 1750 nihilo
2576 1698 2812 1750 ini-micas
2852 1715 3027 1752 eorum
3049 1701 3400 1754 Immiliassem
3417 1719 3435 1766 ;
3460 1717 3521 1755 ac

1996 1783 2296 1853 subiungit:
2323 1783 2390 1837 Et
2418 1801 2518 1838 non
2536 1786 2730 1839 audivit
2751 1787 2967 1856 populus
2985 1805 3126 1842 meus
3146 1805 3314 1842 vocem
3337 1807 3520 1860 nteant,

1997 1885 2046 1928 et
2080 1875 2247 1930 Israel
2275 1894 2376 1931 non
2402 1879 2619 1932 intendit
2645 1879 2788 1932 mihi.
2821 1880 2889 1933 Et
2917 1881 3093 1935 dimisi
3126 1899 3213 1936 eos
3245 1885 3524 1937 secundum

358 1935 488 2020 δετξι
528 1935 668 2032 τοὺς
695 1935 939 2034 ἐχθροὺς
968 1935 1158 2021 αύτξῦν
1180 1935 1576 2022 ἐταπείνωσα·
1603 1970 1694 2022 καὶ⁹
1724 1935 1902 2021 ἰτὲιλὲ-
1930 1935 1972 1989 Β
1999 1962 2098 2017 dest

1785 1935 1902 2020 ιιλε-
1930 1935 1972 1989 Β
1999 1962 2257 2018 desideria
2304 1968 2476 2021 cordis
2531 1983 2730 2033 eorum,
2778 1967 2922 2022 ibunt
2978 1970 3030 2021 in
3079 1972 3525 2025 adinventionibus

363 2072 449 2123 γει
469 2071 481 2084 ⁸
515 2056 618 2109 Καὶ
639 2055 1018 2123 οὐκῆκουσεν
1041 2060 1072 2110 ό
1099 2060 1246 2123 λαός
1266 2076 1382 2127 μου
1411 2059 1518 2127 τῆς
1547 2058 1742 2127 φωνῆς
1761 2046 1898 2127 LOU,

363 2145 464 2198 καὶ
504 2144 736 2212 Ἰσραὴλ
772 2145 841 2198 οὐ
878 2145 1175 2214 προσέσχε
1209 2165 1327 2215 μοι.
1363 2147 1407 2200 K
1414 2149 1473 2200 αὶ
1515 2148 1902 2210 ἐξαπέστειλα

358 2233 582 2299 αὐτοὺς
613 2236 758 2288 κατὰ
799 2234 870 2287 τὰ
897 2235 1320 2305 ἐπιτηδεύματα
1367 2238 1481 2288 τῶν
1529 2237 1778 2304 καρδιῶν
1807 2241 1903 2292 αὺ-

360 2320 501 2384 τῶν,
539 2323 927 2388 πορεύσονται
957 2321 1026 2374 ἐν
1050 2322 1170 2388 τοῖς
1196 2322 1652 2390 ἐπιτηδεύμασιν
1687 2321 1899 2375 αὐτῶν.

368 2409 525 2463 Ἐπεὶ
543 2409 716 2462 τοίνυν
755 2411 815 2463 τὸ
848 2412 1070 2482 ἀνήκοον
1097 2411 1190 2463 καὶ
1224 2409 1283 2462 τὸ
1325 2411 1542 2472 ἀπειθὲς
1570 2409 1741 2462 αὐτῶν
1767 2427 1903 2477 παρ-

367 2499 563 2569 ίστησι,
608 2499 920 2571 μεταϐάλλει
960 2501 1050 2554 τδν
1079 2501 1231 2568 λόγον
1265 2501 1502 2563 εἰκότως,
1537 2501 1627 2552 καὶ
1656 2499 1753 2567 τὴν
1797 2499 1901 2550 τῶν

365 2588 532 2642 ἐθνῶν
591 2589 778 2658 κλῆσιν
833 2588 1228 2657 εὐαγγελίζεται
1282 2589 1341 2640 τὸ
1389 2587 1606 2657 Πνεῦμα
1633 2588 1693 2639 τὸ
1729 2587 1898 2652 ἅγιον,

363 2676 528 2733 πᾶσιν
581 2675 882 2745 ἀνθρώποις
937 2676 1281 2745 προσφωνῶν
1334 2676 1426 2728 καὶ
1471 2675 1651 2741 λέγον·
1711 2675 1903 2742 Ἀναλ-

321 2760 327 2764 ’
363 2761 576 2818 ,ιιᾶσθε
617 2764 696 2829 τῷ
736 2763 853 2829 Θεῷ
884 2764 964 2828 τῷ
998 2764 1198 2831 ,ϐοηθῷ
1235 2763 1417 2832 ἡμῶν.
1453 2766 1609 2832 Λέγει
1653 2765 1709 2817 δὲ
1736 2765 1902 2818 ταῦτα

362 2854 431 2906 ἑκ
456 2852 739 2924 προσώπου
766 2853 857 2908 τοῦ
878 2852 1034 2924 χοροῦ
1055 2853 1148 2908 τοῦ
1179 2854 1531 2924 προφητικῶν.
1579 2856 1664 2917 Ὠς
1702 2855 1806 2926 γὰρ
1847 2859 1903 2908 ὲν

364 2941 442 3011 τῷ
473 2947 522 3011 η’
567 2941 737 3008 ελεγεο
769 2942 938 3007 Κύριε
966 2944 999 2995 ὁ
1022 2942 1231 3008 Κύριος
1255 2940 1440 3008 ἡμῶν,
1477 2939 1904 3016 ιδιοποιουμένων

365 3033 458 3086 τδν
478 3033 609 3086 Θεὸν
634 3033 743 3085 τῶν
772 3033 940 3086 ταῦτα
966 3030 1245 3099 λεγόντων,
1265 3030 1351 3083 διὰ
1381 3030 1440 3082 τὸ
1469 3029 1694 3104 πρώτων
1727 3030 1902 3083 αὐτῶν

363 3122 641 3190 γεγονέναι
670 3122 758 3174 τδν
787 3122 914 3175 Θεόν
933 3138 946 3152 °
977 3121 1115 3175 οἴηω
1142 3124 1234 3175 καὶ
1264 3120 1490 3174 ἐνταῦθα
1517 3122 1565 3172 οἱ
1587 3121 1757 3186 αὐτοὶ,
1780 3122 1902 3183 τοὺς

2000 2054 2130 2106 suis.
2157 2052 2290 2118 Quia
2322 2055 2482 2122 igitur
2511 2055 2965 2125 inobsequentiam
2991 2070 3173 2110 eorum
3205 2065 3259 2112 et
3287 2059 3526 2112 immori-

2001 2154 2186 2208 gerum
2233 2141 2468 2196 animum
2506 2142 2763 2207 declarat,
2808 2157 3101 2197 sermonem
3134 2147 3325 2198 merito
3357 2144 3526 2215 Spiri-

2002 2237 2089 2282 tus
2121 2239 2344 2284 sanctus
2383 2231 2655 2296 transfert,
2690 2241 2743 2286 et
2783 2233 3014 2302 gentium
3055 2235 3388 2289 vocationem
3428 2252 3526 2291 an.

2002 2319 2208 2370 nuntiat
2247 2319 2495 2373 omnibus
2549 2320 2877 2384 hominibus,
2927 2323 3005 2376 sic
3049 2339 3143 2378 eos
3193 2325 3470 2394 alloquens
3509 2345 3522 2378 :

1952 2436 1956 2440 -
2000 2405 2276 2482 E‘xsuttate
2303 2405 2409 2460 Deo
2444 2407 2674 2476 adjutori
2712 2420 2912 2464 nostro.
2946 2411 3058 2467 Hoc
3093 2427 3251 2482 porro
3297 2415 3427 2469 dicit
3461 2432 3528 2471 ex

2000 2509 2228 2562 persona
2270 2495 2419 2548 chori
2454 2498 2768 2565 prophetici.
2801 2498 2870 2553 Ut
2896 2502 3038 2555 enim
3070 2501 3123 2556 in
3173 2512 3362 2558 octavo
3387 2506 3528 2572 psal-

2001 2598 2089 2636 mo
2111 2582 2319 2638 dicebat
2344 2599 2356 2636 :
2387 2585 2604 2641 Domine
2627 2587 2879 2644 Dominus
2911 2602 3102 2656 noster,
3127 2593 3199 2646 ita
3227 2601 3286 2648 ut
3308 2596 3398 2663 qui
3420 2595 3531 2649 hac

2001 2672 2260 2736 dicerent,
2296 2674 2463 2729 Deum
2501 2679 2654 2745 quasi
2695 2679 2796 2734 sibi
2841 2682 3115 2749 proprium
3159 2683 3528 2749 praedicarent,

2000 2761 2126 2829 quia
2156 2775 2341 2816 eorum
2391 2765 2619 2832 primum
2669 2764 2809 2820 Deus
2839 2768 3047 2834 fuerat;
3081 2773 3156 2822 ita
3193 2779 3245 2825 et
3272 2771 3374 2824 hoc
3406 2774 3531 2827 .loco

2003 2851 2163 2905 iidem
2194 2866 2308 2912 eos,
2351 2853 2442 2921 qui
2483 2855 2723 2909 extranei
2767 2863 2821 2909 et
2857 2857 3018 2910 alieni
3049 2857 3174 2914 facti
3210 2868 3355 2923 sunt,
3401 2876 3529 2915 evo-

2003 2949 2206 3005 cantes,
2222 2942 2406 2996 dicunt
2432 2961 2443 2994 :
2469 2943 2612 2999 Heus
2633 2959 2748 3008 vos,
2777 2947 2978 3002 relictis
2996 2947 3063 3003 iis
3084 2963 3221 3018 quos
3239 2966 3422 3004 errore
3436 2953 3531 3006 du-

2004 3032 2075 3085 cti
2105 3031 2232 3087 deos
2250 3033 2803 3098 aastimabatis,venite
2825 3035 3136 3093 festinanter
3161 3040 3225 3094 ad
3254 3039 3418 3095 Deum
3435 3057 3534 3096 no—

2005 3130 2195 3186 strum,
2216 3124 2422 3193 ipsique
2437 3127 2732 3193 exsultetis,
2752 3129 2840 3197 qui
2866 3144 3073 3198 semper
3095 3132 3250 3186 nobis
3265 3132 3365 3202 ipsi
3380 3132 3530 3188 addi-

365 3212 802 3283 ἀπεξενωμένονς
819 3213 912 3266 καὶ
926 3211 1228 3283 ἀλλοτρίους
1247 3210 1686 3280 ἀνακαλούμενοι,
1720 3211 1900 3278 φασιν·
1928 3253 1973 3311 c
2006 3213 2105 3266 etis

1799 3211 1900 3263 σίψ
1928 3253 1973 3311 c
2006 3213 2108 3266 etis
2127 3213 2340 3282 adiutor
2363 3213 2480 3268 fuit.
2512 3215 2644 3281 Quis
2662 3232 2818 3286 porro
2846 3219 2933 3273 bic
2949 3218 3128 3284 fuerit,
3144 3221 3336 3277 deinde
3356 3222 3532 3278 decla-

364 3298 437 3355 Ὦ
460 3297 632 3368 οὗτοι,
681 3302 1089 3367 καταλείποντες
1132 3304 1258 3366 τοὺς
1292 3301 1711 3371 πεπλανημένως
1754 3317 1904 3370 νομι-

365 3394 623 3463 ζομένους
675 3394 801 3462 ύμῖν
845 3393 1016 3456 θεοὺς,
1075 3393 1238 3462 ἥκετε
1286 3391 1598 3454 σπεύδοντες
1641 3392 1774 3462 πρὸς
1817 3391 1907 3459 τὸν

367 3484 632 3554 ἡμέτερον
672 3483 822 3549 Θεὸν,
874 3484 967 3536 καὶ
1013 3482 1184 3552 τούτῳ
1212 3482 1534 3550 ἀγαλλιᾶσθε
1575 3481 1653 3550 τῷ
1682 3482 1909 3535 πάντοτε

370 3574 528 3644 ἡμῶν
555 3573 658 3625 τῶν
686 3574 832 3647 αύτῷ
875 3573 1237 3642 ἀνακειμένων
1282 3573 1460 3642 βοηθῷ
1495 3572 1783 3641 γενομένῳ.
1813 3571 1922 3633 Τις-

370 3665 414 3717 δ⁹
444 3660 511 3734 ἦν
540 3659 709 3728 οὗτος,
738 3663 863 3733 ἑξῆς
907 3663 1201 3734 παριστῶσι
1238 3662 1512 3729 λέγοντες·
1560 3659 1909 3724 Ἁλαλάεατε

369 3753 450 3818 τῷ
471 3753 590 3817 Θεῷ
604 3753 820 3809 ἰακώϐο
849 3753 926 3823 τῷ
962 3753 1068 3825 γὰρ
1109 3753 1274 3806 πάλαι
1310 3751 1521 3820 ὀφθέντι
1552 3751 1630 3821 τῷ
1659 3751 1908 3822 ἡμετέρῳ

369 3831 670 3917 προπάτορι
721 3843 836 3914 Θεῷ
873 3845 1130 3908 ἐλθόντες,
1169 3843 1482 3908 ἀλαλάξατε,
1512 3842 1652 3897 κατὰ
1677 3842 1737 3894 τὸ
1766 3843 1910 3911 εἰρη-

373 3937 530 4007 μένον
556 3938 647 3990 καὶ
665 3940 722 3992 ὲν
753 3938 842 4004 Es"
889 3935 1240 3999 Ἀλαλάξατε
1279 3933 1357 3999 τῷ
1389 3932 1526 3998 Θεῷ,
1554 3932 1718 3988 πᾶσα
1742 3934 1781 4001 ή
1811 3929 1905 4000 γῆ.

369 4029 467 4093 Τίς
496 4030 552 4083 δὲ
586 4025 653 4100 ἦν
690 4033 723 4100 ἡ
771 4030 1006 4099 πᾶσαγῆ
1041 4029 1331 4096 διασαφεΞὸ
1372 4025 1556 4080 εἰπών’
1599 4025 1799 4079 Πάντα
1838 4025 1913 4079 τὰ

371 4121 534 4188 ἔθνη,
588 4120 911 4189 κροτήσατε
949 4120 1176 4188 χεῖρας,
1213 4119 1548 4183 ἀλαλάξαι-ε
1575 4117 1654 4182 τῷ
1692 4116 1810 4182 Θεῷ
1844 4118 1912 4170 ὲν

371 4211 540 4280 φωνῇ
591 4212 1011 4281 ἀγαλλιάσεως.
1064 4213 1187 4273 τοῖς
1216 4207 1307 4263 οὖν
1356 4211 1533 4272 αὐτοῖς
1570 4209 1662 4262 καὶ
1695 4209 1780 4261 διὰ
1803 4208 1913 4261 τῶν

375 4295 511 4366 μετά
539 4299 723 4366 χεῖρας
737 4301 1041 4366 προσφωνεῖ
1060 4296 1228 4370 λέγων
1242 4299 1270 4349 ὁ
1294 4296 1448 4368 χορὸς
1469 4297 1572 4348 τῶν
1589 4296 1873 4366 προφητῶν
1894 4312 1908 4327 ο

386 4384 762 4454 Ἀταλλιᾶσθε
779 4384 859 4450 τῷ
884 4385 1002 4450 Θεῷ
1020 4385 1098 4450 τῷ
1112 4384 1313 4452 βοηθῷ
1346 4384 1530 4453 ἡμῶν,
1575 4385 1912 4450 Mars

371 4473 453 4539 τῷ
479 4474 598 4540 Θεῷ
635 4474 850 4530 Ἰακώϐ.
880 4475 1008 4528 Θεδν
1039 4475 1095 4528 δὲ
1135 4473 1323 4528 Ἰακὼϐ
1353 4473 1447 4526 τὸν
1467 4476 1691 4545 Σωτῆρα
1716 4475 1912 4544 σημαί-

2007 3311 2131 3356 rant
2151 3304 2390 3383 dicentes
2412 3322 2424 3358 :
2447 3304 2678 3360 Jubilate
2701 3308 2808 3362 Deo
2835 3309 2998 3364 Iacob
3017 3327 3036 3364 :
3053 3311 3118 3364 ad
3145 3311 3309 3368 Deum
3328 3314 3535 3370 scilicet

2004 3394 2097 3464 qui
2120 3395 2248 3450 olim
2275 3404 2429 3451 atavo
2444 3405 2630 3454 nostro
2659 3401 2806 3455 visus
2823 3409 2904 3455 est
2932 3404 3267 3469 accedentes,
3292 3404 3535 3473 jubilale,

2007 3487 2298 3543 secundum
2317 3486 2370 3541 id
2387 3487 2530 3557 quod
2542 3490 2595 3542 in
2608 3505 2709 3544 va
2725 3491 2929 3559 psalmo
2944 3492 3142 3547 dictum
3158 3504 3240 3549 est
3258 3515 3269 3548 :
3285 3498 3534 3564 Jubilate,

2007 3577 2174 3630 omnis
2208 3590 2364 3630 terra.
2422 3576 2551 3643 Quae
2588 3587 2732 3633 esset
2777 3580 2952 3635 omnis
2985 3587 3146 3644 terra,
3177 3583 3408 3651 explicat
3443 3587 3534 3654 qui

2007 3666 2081 3717 ait
2107 3684 2121 3719 :
2143 3655 2348 3720 'Omnes
2377 3676 2570 3732 gentes,
2605 3666 2837 3735 plaudite
2879 3669 3137 3735 manibus,
3177 3671 3407 3739 jubilate
3427 3671 3536 3726 Deo

2006 3755 2058 3806 in
2085 3769 2203 3808 uoce
2233 3757 2594 3810 exsultationis
2612 3757 2677 3808 ⁸³.
2712 3756 2936 3812 Eosdem
2958 3759 3138 3828 itaque
3163 3761 3308 3830 ipsos
3338 3761 3537 3816 chorus

2007 3843 2352 3911 pr0pheticus
2400 3847 2453 3899 in
2487 3849 2732 3914 praesenti
2765 3849 3051 3917 alloquitur
3079 3849 3264 3905 dicens
3292 3868 3305 3904 :
3339 3849 3536 3904 Exsul-

2009 3942 2113 3985 tate
2148 3931 2255 3986 Deo
2301 3932 2534 4002 adjutori
2554 3946 2750 4000 nostro,
2781 3938 3006 4004 jubilate
3021 3939 3125 3993 Deo
3151 3938 3332 3994 Iacob.
3370 3938 3535 3994 Deum

2007 4037 2133 4077 vero
2163 4022 2328 4077 Jacob
2352 4022 2684 4098 Servatorem
2710 4037 2880 4091 vocat,
2914 4030 3006 4096 qni
3027 4030 3079 4081 in
3107 4027 3276 4104 forma
3305 4029 3538 4085 hominis

2007 4113 2209 4167 Jacobo
2231 4115 2378 4168 visus
2406 4120 2508 4180 est,
2544 4113 2757 4182 quando
2790 4120 2999 4171 vocavit
3021 4117 3186 4173 Jacob
3210 4134 3402 4174 nomen
3434 4120 3538 4174 loci

2010 4205 2062 4257 in
2091 4218 2198 4273 quo
2233 4207 2382 4259 visus
2411 4205 2512 4274 ipsi
2538 4213 2623 4259 est
2653 4205 2813 4270 Deus,
2845 4207 3076 4275 Speciem
3105 4210 3200 4263 Dei
3230 4225 3248 4263 :
3275 4225 3398 4265 nam
3425 4211 3541 4265 hac

2010 4294 2201 4348 addit:
2236 4293 2354 4348 Vidi
2385 4295 2521 4348 enim
2570 4295 2734 4350 Deum
2772 4297 2903 4365 {acie
2948 4300 3014 4352 ad
3053 4301 3259 4369 faciem,
3299 4310 3348 4354 et
3393 4302 3541 4354 salva

2011 4383 2153 4451 facta
2182 4395 2259 4438 est
2315 4386 2492 4438 anima
2537 4401 2667 4439 mea.
2723 4384 2860 4441 Huic
2912 4390 3075 4452 enim,
3112 4396 3294 4456 utpote
3312 4389 3402 4456 qui
3445 4403 3542 4442 rex

2012 4485 2194 4530 uoster
2221 4477 2312 4541 sit,
2339 4477 2567 4546 jubilare
2585 4479 2845 4548 praecipit,
2877 4478 3354 4547 triumphalemque
3390 4477 3540 4546 bym-

373 4581 454 4618 νει
486 4565 576 4618 τὸν
621 4566 677 4617 ὲν
730 4562 1009 4635 ἀνθρώπου
1061 4566 1293 4635 σχήματι
1313 4563 1546 4632 ὀφθέντα
1588 4565 1664 4633 τῷ
1687 4563 1904 4618 Ἰακώϐ·
1939 4566 1982 4621 D
2012 4582 2113 4619 nun

1799 4563 1904 4615 ώ6·
1939 4566 1982 4621 D
2012 4582 2136 4619 num
2196 4567 2296 4635 ipsi
2341 4567 2604 4621 emittere.
2653 4567 2928 4633 Quomodo
2958 4576 3134 4621 autem
3171 4583 3280 4621 rex.
3309 4581 3341 4620 a
3381 4565 3539 4622 Patre

374 4657 462 4708 ὅτε
522 4654 614 4708 καὶ
659 4655 878 4708 ἐκάλεσε
938 4653 1126 4708 Ἰακὼϐ
1169 4654 1228 4707 τὸ
1270 4654 1433 4723 ὄνομα
1467 4653 1559 4705 τοῦ
1585 4653 1746 4705 τόπου
1781 4653 1838 4704 ὲν
1865 4647 1909 4720 ᾧ

376 4744 529 4816 ὤφθη
555 4746 699 4815 αύτῷ
725 4749 752 4799 6
769 4745 915 4810 Θεὸς,
933 4743 1106 4811 Εἶδος
1131 4745 1294 4813 Θεοῦ,
1322 4742 1557 4798 ἐπειπών
1575 4760 1588 4772 ·
1612 4743 1908 4812 Εἷδοντὰρ

289 4882 292 4885 .
377 4837 526 4891 Θεὸν
550 4838 866 4904 πρόσωπον
895 4836 1043 4904 πρὸς
1083 4837 1415 4905 πρόσωπον,
1449 4834 1546 4888 καὶ
1571 4832 1761 4900 ἐσώθη
1788 4852 1906 4902 μου

375 4927 417 4994 ἡ
451 4927 638 4996 ψυχή.
673 4926 854 4998 Τούτῳ
904 4923 1014 4992 οὖν,
1041 4927 1117 4989 ὡς
1153 4926 1220 4980 ἂν
1254 4926 1398 4995 αύτῷ
1442 4926 1553 4977 ὄντι
1591 4924 1667 4992 τῷ
1706 4924 1912 4992 βασιλεῖ

375 5016 550 5088 ἡμῶν,
575 5016 857 5080 ἀλαλάζειν
896 5018 1234 5089 προστάττει,
1268 5017 1570 5087 νικητήριον
1596 5013 1756 5084 ὕμνον
1785 5017 1912 5069 ἀνα-

375 5104 688 5174 πέμποντας
713 5105 878 5176 αὐτῷ.
915 5107 1098 5170 Ὅπως
1135 5107 1193 5159 δὲ
1246 5105 1489 5174 βασιλεὺς
1521 5104 1623 5156 ὑπὸ
1667 5102 1760 5155 τοῦ
1809 5103 1911 5156 Πα-

376 5195 501 5265 τρὺς
548 5195 886 5260 καθίσταται,
922 5198 1084 5260 αὐτὸς
1135 5197 1368 5252 διδάσκει
1415 5196 1612 5262 λέγων’
1660 5195 1798 5262 Ἐγὼ
1844 5195 1910 5248 δὲ

377 5284 744 5354 tath
758 5287 1053 5353 ,βασιλεὺς
1075 5290 1172 5341 ὑπ’
1198 5289 1379 5343 αὐτοῦ
1403 5287 1498 5341 ἐπὶ
1519 5288 1668 5340 Σιὼν
1687 5286 1820 5352 ὅρος
1844 5288 1909 5340 τὸ

375 5375 544 5446 ἄτιον
579 5376 781 5430 αὐτοῦ.
811 5377 886 5429 UO
918 5379 1072 5447 μόνον
1095 5379 1152 5432 δὲ
1173 5378 1449 5443 ἀλαλάζειν
1462 5377 1539 5446 τῷ
1563 5376 1680 5447 Θεῷ
1722 5378 1910 5431 Ἰακὼϐ

378 5467 622 5539 βούλεται
649 5469 772 5531 τοὺς
805 5468 1182 5539 κεκλημένους,
1203 5471 1335 5524 ἀλλὰ
1358 5471 1450 5524 καὶ
1479 5467 1766 5539 λαμὸάνειν
1779 5469 1912 5537 ψαλ-

381 5560 479 5630 μὸν
525 5558 618 5613 καὶ
653 5556 846 5612 διδόναι
889 5558 1179 5629 τύμπανον,
1226 5561 1316 5613 καὶ
1358 5559 1648 5628 ψαλτήριον
1686 5559 1912 5628 τερπνὸν

384 5649 520 5720 μιτά
544 5647 788 5724 κιθάρας.
819 5648 974 5702 Κατὰ
998 5648 1055 5700 δε
1078 5649 1168 5702 τὸν
1210 5649 1451 5704 Ἀκύλαν·
1488 5651 1704 5718 Ἄρατε,
1755 5650 1908 5716 φησὶ,

450 5824 498 5857 ⁸³
534 5820 676 5881 Psal.
707 5839 860 5879 sm.
895 5822 948 5876 2.

737 5912 1001 5971 Parant.
1033 5911 1148 5972 Gn.
1195 5913 1424 5976 XXI".

2013 4659 2390 4722 constituatur,
2427 4656 2540 4727 ipse
2594 4659 2750 4712 docet
2800 4658 2885 4712 his
2934 4659 3114 4711 verbis
3157 4675 3170 4711 :
3212 4657 3324 4727 Ego
3366 4667 3538 4711 autem

2013 4749 2320 4801 constitutus
2340 4763 2452 4800 sum
2480 4763 2570 4801 rea:
2595 4748 2658 4800 ab
2684 4765 2742 4801 eo
2761 4763 2912 4815 super
2927 4746 3048 4802 Sion
3067 4757 3286 4802 montem
3306 4756 3540 4803 sanctum

2012 4838 2144 4905 ejus.
2169 4836 2282 4892 Non
2302 4838 2471 4892 solum
2500 4846 2675 4890 autem
2702 4840 2814 4892 vult
2834 4839 3291 4906 vocatosjubilare
3321 4837 3429 4892 Deo
3448 4837 3542 4891 Ja-

2011 4929 2134 5011 cob,
2154 4927 2247 4981 sed
2282 4930 2441 4981 etiam
2458 4929 2702 4998 accipere
2714 4929 2976 4997 psalmum
2991 4936 3047 4984 et
3065 4929 3194 4985 dare
3208 4937 3539 4998 tympanum,

2013 5025 2066 5072 et
2113 5018 2422 5085 psalterium
2467 5019 2763 5088 jucundum
2808 5034 2931 5074 cum
2971 5020 3195 5076 cithara.
3234 5018 3538 5087 Secundum

2013 5106 2258 5176 Aquilam
2278 5111 2404 5164 vero
2425 5128 2436 5163 :
2459 5109 2661 5177 Levate,
2684 5111 2883 5180 inquit,
2901 5111 3177 5165 mehtdiam
3206 5117 3256 5164 et
3276 5109 3395 5163 date
3409 5118 3542 5180 tgm»

2015 5212 2226 5264 panum,
2273 5197 2529 5254 citharam
2559 5199 2813 5253 docentem
2839 5215 2955 5252 cum
3005 5199 3195 5259 nubta;
3243 5198 3537 5253 secundum

2015 5285 2392 5357 Symmachum
2443 5298 2616 5344 autem
2659 5288 2960 5356 :Suscipite
3007 5288 3300 5352 canticum,
3339 5298 3392 5341 et
3421 5286 3539 5339 date

2015 5388 2332 5448 tympanum,
2366 5380 2532 5448 lyram
2559 5378 2758 5432 dulcem
2787 5395 2903 5432 cum
2932 5377 3108 5432 nabla.
3136 5375 3351 5448 Aliquid
3381 5378 3540 5447 igitur
3595 5385 3598 5387 ’

2015 5467 2275 5536 accipere,
2306 5468 2506 5538 aliquid
2532 5469 2823 5522 retribuere
2850 5465 3120 5535 pracipit;
3152 5467 3396 5536 accipere
3421 5470 3542 5533 qui-

2003 5560 2155 5624 dem,
2194 5560 2484 5615 secundum
2561 5560 2829 5630 Aquilam,
2865 5557 3189 5622 melodiam;
3245 5559 3536 5611 secundum

1965 5707 1968 5709 λ
2018 5651 2392 5719 Symmachum
2447 5665 2606 5718 vero,
2655 5651 2959 5708 canticum:
3015 5649 3310 5705 retribuere
3362 5659 3536 5702 autem

3121 5913 3189 5968 3i
