4406 6424
907 497 1002 560 9η

1594 501 1860 558 EUSEBll
1898 501 2370 558 CESARIENSIS
2408 501 2558 558 OPP.
2599 501 2778 558 PARS
2817 502 2902 559 Ill.
2943 536 3010 545 —
3040 501 3451 566 EXECETICA.

4004 503 4116 558 972

905 630 1238 692 tympanum,
1287 626 1379 672 aut
1409 618 1576 688 lyram
1625 619 1836 672 dulcem
1884 634 2006 672 cum
2065 620 2246 674 nabla.
2293 620 2458 685 Queis
2487 632 2645 693 Αμε.

2379 623 2458 677 eis
2487 632 2529 685 Α
2553 623 2870 693 μελῳδίαν,
2897 620 2994 674 καὶ
3033 620 3166 672 δότε
3205 620 3531 686 τύμπανον,
3564 617 3807 685 κιθάραν
3842 617 4112 686 εὐπρεπῆ

904 713 1228 783 praecipitur,
1269 718 1326 764 ut
1356 710 1578 763 auribus
1609 709 1824 778 quidem
1854 710 2005 764 verbi
2038 709 2282 762 doctrina
2315 711 2456 764 exci-

904 805 1113 872 piatur;
1149 800 1290 855 actio
1333 807 1510 854 autem
1563 814 1789 868 corpore
1847 799 2133 853 tribuatur.
2172 799 2452 853 Canticum

910 892 1042 946 enim
1071 898 1122 944 et
1151 888 1381 944 melodia
1412 887 1635 941 auribus
1653 887 1818 939 verbo
1851 885 2084 938 traditur
2115 904 2126 938 :
2154 900 2320 954 quare
2344 886 2413 938 ait
2438 903 2450 937 :

906 979 1170 1050 Suscipite
1193 980 1527 1034 canticumet
1551 977 1856 1038 melodiam,
1890 974 2185 1029 secundum
2205 976 2452 1044 Aquilam

899 1079 951 1125 et
987 1069 1385 1140 Symmachum.
1420 1068 1515 1124 His
1545 1083 1671 1122 vero
1708 1067 1966 1135 acceptis,
1992 1066 2274 1120 retribuite
2305 1067 2452 1136 psal-

898 1161 1093 1215 terium
1119 1160 1418 1230 jucundum
1451 1174 1575 1214 cum
1623 1158 1850 1221 cithara,
1903 1159 2013 1212 sive
2049 1158 2218 1228 lyram
2243 1158 2452 1212 dulcem

897 1267 1020 1306 cum
1043 1254 1222 1307 nabla.
1250 1253 1588 1324 Tympanum
1621 1259 1798 1304 autem
1829 1257 1907 1304 est
1943 1250 2362 1305 instrumentum
2387 1265 2452 1303 ex

897 1358 1155 1415 corporea
1178 1345 1315 1414 pelle
1340 1343 1758 1405 concinnatum;
1791 1341 2107 1408 psalterium
2141 1351 2339 1404 autem,
2375 1340 2452 1394 ci-

894 1435 1066 1489 tharae
1112 1434 1344 1504 species,
1372 1432 1589 1486 chordis
1627 1430 1932 1484 confectum
1965 1441 2067 1495 est,
2103 1431 2303 1502 quibus
2331 1446 2451 1486 cor-

893 1539 999 1597 pus
1027 1533 1272 1580 nostrum
1309 1523 1702 1578 subindicatur.
1741 1520 1868 1575 Vult
1899 1523 2080 1594 itaque
2115 1524 2248 1593 ipsis
2271 1525 2449 1593 operi-

893 1617 997 1673 bus
1045 1632 1108 1670 ac
1135 1615 1301 1686 gestis
1338 1623 1602 1684 praecepta
1652 1611 1828 1668 verbis
1873 1615 2071 1668 tradita
2114 1615 2363 1684 impleri;
2395 1621 2448 1668 et

893 1706 1006 1760 haec
1039 1720 1196 1776 agere
1243 1703 1500 1773 jubentur
1526 1711 1792 1771 quotquot
1843 1703 1898 1756 in
1933 1704 2180 1758 ecclesiis
2215 1703 2309 1756 Dei
2354 1718 2448 1772 per

889 1805 1062 1850 totum
1090 1796 1274 1849 orbem
1306 1794 1618 1865 congregati
1647 1804 1790 1847 sunt.
1826 1793 2163 1863 Quapropter
2193 1793 2259 1846 In
2289 1794 2445 1860 ﬁnem

889 1899 937 1942 et
958 1887 1064 1940 Pro
1099 1884 1446 1940 torcularibus
1465 1885 1578 1938 haec
1593 1898 1712 1952 quae
1738 1883 1976 1938 diximus
1999 1884 2258 1952 inscripta
2292 1894 2440 1936 sunt.

2552 712 2701 781 μετὰ
2737 711 2964 776 νάὸλης
2986 727 2998 739 ·
3031 708 3167 761 κατά
3209 709 3264 760 δὲ
3292 708 3382 772 τὸν
3429 706 3736 777 Σύμμαχον·
3771 707 4117 760 Ἁναλάεετε

2556 803 2738 870 ᾠδὴν,
2784 801 2881 856 καὶ
2922 800 3113 853 δίδοτε
3142 801 3467 868 τύμπανον,
3510 799 3701 865 λύραν
3735 797 3941 865 ἡδεῖαν
3964 798 4117 867 μετὰ

2554 895 2800 960 νάδλης.
2830 892 3032 946 Οὐκοῦν
3053 893 3112 944 τὸ
3151 892 3246 962 μέν
3272 908 3324 943 τι
3353 889 3671 961 προστάττει
3704 889 4017 958 λαμϐάνειν,
4048 889 4119 942 τὸ

2553 986 2608 1039 δὲ
2633 986 2825 1039 διδόναι
2851 1004 2862 1014 ·
2894 984 3187 1053 λαμϐάνειν
3221 983 3340 1053 μὲν,
3377 982 3516 1036 κατά
3548 981 3635 1034 τὸν
3651 981 3900 1044 Ἀκύλαν,
3937 981 4120 1051 μελῳ-ν

2554 1078 2689 1140 δίαν,
2729 1077 2868 1130 κατά
2920 1076 2976 1128 δὲ
3017 1076 3106 1127 τὸν
3135 1074 3443 1145 Σύμμαχον,
3479 1071 3652 1143 ᾠδήνο
3687 1071 4004 1126 ἀντιδιδόναι
4054 1071 4114 1124 δὲ

2553 1169 2826 1238 τύμπανον
2856 1166 2887 1236 ἢ
2915 1164 3081 1236 λύραν
3113 1166 3294 1234 ἡδεῖαν
3327 1164 3465 1236 μετά
3488 1163 3704 1233 νάϐλης.
3749 1162 3826 1229 Δι’
3858 1154 3932 1215 ὧν
3954 1163 3983 1214 ό
4026 1160 4112 1214 λό-

2553 1276 2646 1326 γος
2680 1259 2998 1329 προστάττει
3030 1257 3274 1326 δέχεσθαι
3307 1256 3402 1326 μὲν
3442 1256 3631 1317 ἀκοαῖς
3669 1254 3767 1324 τὴν
3799 1253 3905 1306 τῶν
3938 1253 4109 1320 λόγων

2551 1349 2911 1411 διδασκαλίαν,
2935 1347 3129 1400 διδόναι
3154 1347 3208 1399 δὲ
3245 1347 3340 1415 τὴν
3366 1345 3454 1398 διὰ
3481 1345 3575 1398 τοῦ
3607 1345 3854 1415 σώματος
3887 1344 4102 1415 πρᾶξιν·

2565 1440 2685 1509 ᾭδὴ
2719 1439 2815 1509 μὲν
2848 1439 2955 1509 γὰρ
2981 1439 3074 1490 καὶ
3098 1435 3328 1507 μελῳδία
3354 1435 3494 1504 λόγῳ
3515 1436 3703 1498 ἀκοαῖς
3732 1434 4100 1505 παραδίδοταιο

2549 1531 2625 1582 διό
2660 1547 2790 1601 φησι
2812 1548 2823 1559 ·
2848 1531 3051 1583 Λάϐετε
3075 1529 3216 1600 ᾠδὴν
3237 1529 3328 1581 καὶ
3353 1529 3633 1598 μελῳδίαν,
3666 1528 3806 1582 κατά
3829 1529 3919 1581 τὸν
3960 1527 4108 1581 Ἀκύο

2547 1619 2643 1673 λαν
2699 1622 2790 1672 καί
2849 1619 3157 1689 Σύμμαχον.
3208 1617 3389 1671 Ταῦτα
3425 1617 3480 1668 δὲ
3524 1617 3884 1692 λαμβάνοντες
3928 1617 4104 1686 ὑμεῖς,

2547 1709 2781 1762 ἀντίδοτε
2816 1709 3107 1778 ψαλτήριον
3143 1705 3369 1775 τερπνὸν
3423 1704 3555 1775 μετά
3597 1703 3845 1774 κιθάρας,
3874 1702 3906 1772 ἢ
3940 1701 4105 1772 λύραν

2547 1805 2724 1872 ἡδεῖαν
2753 1802 2885 1872 μετά
2910 1801 3126 1870 νάὸλης.
3168 1799 3455 1868 Τῦμπανον
3492 1795 3548 1847 δὲ
3579 1795 3806 1866 ὄργανόν
3856 1795 4003 1846 ἐστιν
4042 1796 4106 1847 ὲκ

2545 1894 2702 1964 δορᾶς
2726 1893 3036 1962 σωματικῆς
3071 1888 3591 1957 κατεσκευασμένον,
3613 1886 3704 1938 καὶ
3728 1885 3784 1937 τὸ
3809 1885 4104 1954 ψαλτήριον

890 1978 1202 2032 Torcularia
1229 1976 1370 2030 enim
1389 1990 1454 2030 ne
1479 1973 1624 2027 aliud
1647 1974 1924 2042 quidpiam
1951 1973 2055 2027 dici
2074 1983 2249 2041 putes,
2281 1987 2443 2042 quam
2477 1994 2515 2048 Β
2545 1984 2630 2037 κιθ

2362 1987 2443 2026 ³η]
2477 1994 2515 2048 Β
2545 1984 2773 2053 κιθάρας
2801 1980 2937 2044 εῐδος
2957 1975 3056 2035 ὧδέ
3089 1999 3163 2051 πη
3183 1979 3271 2034 διὰ
3321 1977 3520 2048 χορδῶν
3560 1975 4007 2046 κατηρτισμένον,
4038 1973 4102 2026 δι’

888 2066 1147 2122 ecclesias
1199 2065 1315 2129 Dei,
1346 2065 1401 2118 in
1446 2064 1645 2134 quibus
1692 2063 1888 2126 coacti,
1930 2063 2280 2132 collectisque
2332 2077 2442 2116 una

887 2157 1148 2215 fructibus
1168 2157 1392 2218 nostris,
1422 2169 1585 2208 unam
1617 2154 2051 2208 commixtionem
2086 2151 2344 2207 edicimus
2373 2152 2441 2205 ad

883 2251 1107 2320 gloriam
1154 2256 1208 2304 et
1251 2248 1490 2302 laetitiam
1539 2243 1698 2299 Verbi
1746 2243 1858 2299 Dei.
1918 2243 2109 2298 Mirum
2143 2259 2304 2312 porro
2333 2258 2440 2313 quo

881 2350 1041 2411 pacto
1090 2337 1398 2413 praecedens
1431 2337 1669 2407 psalmus
1721 2336 2028 2391 incendium
2058 2335 2436 2413 declaraverit,

882 2409 1095 2486 necnon
1148 2409 1428 2484 vincare:
1478 2427 1711 2498 Egypto
1730 2427 2010 2482 translatae
2043 2409 2347 2482 vastitatem
2385 2434 2437 2479 et

881 2525 1093 2578 ruinam
1121 2522 1418 2593 integram;
1473 2522 1560 2576 hic
1587 2535 1714 2576 vero
1760 2521 2019 2590 psalmus,
2052 2519 2206 2590 quasi
2229 2521 2333 2573 alia
2359 2520 2438 2574 vi-

883 2615 973 2678 tis,
1002 2614 1104 2668 alia
1134 2615 1290 2668 vinea
1318 2614 1410 2678 sit,
1443 2613 1550 2667 imo
1567 2627 1695 2666 vero
1727 2611 1906 2665 multae
1935 2612 2120 2674 vineas,
2147 2611 2436 2666 toreularia

880 2707 1085 2762 inducit
1111 2707 1341 2776 plurima
1374 2724 1386 2759 :
1426 2704 1602 2762 fausta
1637 2719 1766 2759 vero
1795 2704 2077 2758 denuntiat
2112 2704 2218 2758 illis
2246 2705 2338 2773 qui
2368 2705 2435 2759 ad

878 2813 941 2850 ea
975 2796 1146 2851 vocati
1185 2803 1332 2849 sunt.
1391 2793 1497 2847 Pro
1543 2794 1718 2862 primo
1775 2793 1940 2863 igitur
1985 2792 2185 2862 populo
2223 2793 2433 2846 vineam

879 2903 1063 2954 unam,
1097 2887 1337 2942 torcular
1369 2901 1558 2948 unum,
1584 2899 1857 2953 unamque
1895 2885 2058 2938 vitem
2101 2883 2314 2937 induxit
2341 2883 2434 2951 qui

879 2982 953 3034 ait
981 2999 994 3033 :
1028 2979 1186 3031 Vinea
1212 2978 1356 3046 facta
1379 2986 1454 3030 est
1477 2976 1666 3029 dilecto
1689 2977 1739 3028 in
1762 2992 1944 3037 cornu,
1964 2975 2143 3028 inloco
2164 2975 2344 3042 pingui
2366 2974 2430 3024 ⁸³.

879 3067 1080 3123 Deinde
1113 3067 1187 3120 ait
1219 3085 1231 3120 :
1268 3065 1334 3119 Et
1355 3066 1687 3132 protorcular
1712 3065 1895 3132 fodi-in
1923 3063 2010 3128 ea,
2036 3073 2083 3118 et
2105 3063 2338 3131 plantatn'
2362 3064 2436 3116 vi-

878 3176 1032 3212 neam
1052 3157 1225 3213 Sorec.
1265 3154 1325 3210 ln
1354 3156 1676 3226 praecedenti
1710 3171 1838 3210 vero
1853 3155 2028 3208 'unam
2074 3157 2237 3209 vitem
2268 3154 2429 3210 deno-

877 3248 1024 3302 tabat
1084 3247 1307 3301 dicens:
1351 3244 1563 3298 Vineam
1605 3246 1667 3299 de
1708 3245 1937 3316 Egypto
1994 3247 2337 3301 transtulisti.
2371 3245 2430 3300 ln

2545 2070 2617 2128 ὧν
2650 2075 2707 2126 τὸ
2721 2074 2878 2143 σῶμα
2900 2073 2959 2124 τὸ
2989 2071 3253 2143 ἡμέτερον
3277 2069 3510 2141 ⁴ᾐνίξατο.
3543 2067 3984 2121 Βούλεταιτοίνυν
4009 2065 4107 2118 αὐ·-

2544 2169 2654 2227 τοῖς
2687 2164 2863 2235 ἔργοις
2913 2164 3006 2216 καὶ
3060 2162 3284 2232 πράξεσι
3321 2161 3386 2213 τά
3421 2158 3506 2211 διὰ
3545 2158 3650 2210 τῶν
3693 2157 3864 2226 λόγων
3889 2171 4106 2226 παραγ-

2545 2258 2784 2327 γέλματα
2847 2255 3222 2325 ἀποπληροῦν·
3260 2252 3549 2305 καὶταῦτα
3591 2251 3844 2321 πράττειν
3887 2252 3915 2302 ὁ
3947 2248 4105 2316 λόγος

2543 2352 2655 2412 τοῖς
2687 2351 2743 2400 ὲν
2780 2349 2896 2410 ταῖς
2921 2345 3230 2414 ἐκκλησίαις
3264 2343 3353 2396 τοῦ
3385 2341 3517 2395 Θεοῦ
3550 2341 3666 2393 καθ’
3717 2340 3846 2409 ὅλης
3886 2339 3986 2407 τῆς
4022 2339 4104 2391 ol-

2544 2439 2835 2510 κουμένης.
2865 2418 3360 2507 ’συγκροτουμένοις
3412 2433 3754 2504 προστάττει.
3786 2432 3876 2484 Διὸ
3904 2433 4008 2495 Εἰς
4034 2429 4103 2483 τὸ

2543 2528 2714 2591 τέλος
2739 2527 2830 2580 καὶ
2899 2524 3066 2592 ’Υπὲρ
3090 2522 3207 2576 τῶν
3225 2519 3426 2589 ληνιῖγν
3458 2520 3865 2590 προγέγραπται
3907 2518 3975 2572 τά
4017 2519 4106 2571 λε-

2540 2621 2794 2691 λεγμένα.
2833 2619 3038 2688 Ληνοὺς
3072 2616 3180 2686 γὰρ
3221 2614 3350 2686 μηδὲ
3394 2614 3516 2666 ἄλλο
3543 2631 3597 2665 τι
3629 2609 3815 2682 νόμιζε
3852 2608 4106 2678 λέγεσθαι

2539 2713 2572 2782 ἢ
2629 2712 2727 2775 τάς
2770 2710 3058 2780 ἐκκλησίας
3102 2708 3195 2761 τοῦ
3229 2705 3383 2771 Θεοῦ,
3428 2708 3483 2758 ὲν
3527 2700 3612 2767 αἷς
3647 2701 4106 2777 συγκροτούμενοί

2540 2805 2632 2857 καὶ
2659 2805 2779 2866 τοὺς
2805 2801 3006 2855 ἑαυτῶν
3046 2801 3287 2870 καρποὺς
3312 2797 3449 2851 κατά
3482 2798 3539 2850 τὸ
3569 2796 3698 2850 αὐτὸ
3725 2794 4102 2866 συμϐαλλόμε-

2539 2913 2640 2961 νοι,
2677 2897 2801 2965 μίαν
2831 2897 3024 2966 κρᾶσιν
3067 2891 3362 2961 ποιούμεθα
3408 2893 3487 2954 εἰς
3520 2889 3672 2954 δόξαν
3720 2890 3814 2942 καὶ
3837 2884 4106 2957 εὐφροσύ-

2539 3004 2635 3052 νην
2691 2986 2784 3037 τοῦ
2837 2970 3006 3052 Λόγου
3051 2985 3144 3036 τοῦ
3181 2983 3334 3036 Θεοῦ.
3376 2982 3660 3052 Θαυμάσαι
3692 2981 3747 3034 δὲ
3771 2981 3914 3033 ἐστιν
3951 2979 4101 3040 ὅπως

2538 3083 2564 3132 ὁ
2611 3079 2704 3148 μὲν
2765 3079 2883 3147 πρὸ,
2925 3076 3114 3130 τούτου
3140 3077 3349 3146 ψαλμδς
3383 3075 3725 3146 ἐμπυρισμὸν
3763 3074 3970 3144 ὲδήλου,
4005 3073 4104 3126 καὶ

2537 3169 2771 3241 παντελῆ
2820 3170 3052 3239 ἐρημίαν
3108 3169 3201 3221 καὶ
3245 3167 3545 3236 ἀφανισμὸν
3581 3165 3681 3235 τῆς
3722 3165 3779 3231 ἐξ
3826 3164 4102 3232 Αἰγύπτου

2541 3258 3001 3330 μετενηνεγμένης
3032 3256 3275 3326 ἀμπέλου
3300 3269 3313 3281 ·
3348 3254 3375 3304 ὁ
3411 3252 3465 3305 δὲ
3503 3251 3637 3322 μετά
3678 3253 3882 3322 χεῖρας,
3912 3249 4102 3320 ὥσπερ

877 3337 1100 3407 psalmis
1154 3336 1465 3405 autem,qui
1499 3335 1602 3388 Pro
1631 3336 1979 3390 torcularibus
2015 3337 2264 3406 inscripti
2289 3344 2435 3404 sunt,
2464 3346 2506 3403 ο
2539 3349 2617 3402 ἑτέ

2357 3344 2435 3404 ηε,
2464 3346 2506 3403 C
2539 3349 2729 3419 ἑτέρας
2756 3346 3062 3416 ὑποστάσης
3109 3344 3348 3414 ἀμπέλου
3404 3343 3496 3395 καὶ
3530 3339 3846 3410 ἀμπελῶνος
3887 3340 4094 3408 ἐτέρου,

876 3429 1043 3481 multa
1081 3427 1320 3481 declarat
1352 3427 1665 3492 toreularia,
1715 3429 2074 3497 plurimarum
2110 3429 2319 3484 scilicet
2345 3428 2430 3482 vi-

873 3535 1118 3574 nearum.
1169 3519 1323 3584 Quod
1363 3519 1408 3573 si
1455 3533 1646 3573 novam
1697 3519 1907 3573 vineam
1936 3535 2099 3574 nosse
2130 3520 2284 3586 velis,
2315 3535 2432 3589 quae

873 3618 1010 3679 post.
1046 3612 1246 3676 prioris
1278 3610 1493 3664 ruinam
1549 3610 1606 3663 in
1646 3609 1974 3664 hominibus-
2005 3617 2193 3663 exorta
2241 3617 2356 3675 est,
2401 3627 2431 3664 a

872 3700 982 3755 Deo
1034 3700 1209 3756 Verbo
1269 3700 1484 3756 ediscas
1541 3700 1654 3754 haec
1684 3700 1750 3753 de
1785 3715 1843 3753 se
1867 3700 2094 3754 docente
2131 3718 2144 3752 :
2180 3699 2290 3770 Ego
2315 3718 2431 3756 sum

871 3791 990 3843 vitis
1019 3794 1159 3854 uera,
1186 3788 1345 3841 Pater
1392 3803 1533 3840 meus
1575 3787 1806 3856 agricola
1837 3797 1935 3840 est.
1975 3787 2192 3842 Omnem
2238 3791 2430 3858 palmi-

873 3892 973 3934 tem
993 3897 1094 3934 non
1125 3881 1370 3950 ferentem
1398 3879 1626 3946 fructum
1657 3879 1710 3932 in
1742 3895 1841 3942 me,
1871 3879 2007 3932 tollit
2029 3896 2180 3944 eum;
2219 3890 2272 3935 et
2307 3884 2429 3950 {om-

871 3988 987 4026 nem
1009 3971 1251 4036 ferentem
1281 3969 1532 4038 fructum,
1553 3977 1741 4038 purgat
1763 3986 1900 4033 eum,
1931 3982 1987 4023 ut
2017 3970 2281 4039 fructuum
2309 3973 2427 4042 plus

869 4065 1028 4134 feni.
1057 4062 1181 4117 Jam
1205 4080 1291 4118 vos
1320 4046 1500 4115 mundi
1531 4063 1655 4116 estis
1697 4073 1907 4132 propter
1938 4080 2244 4129 sermonem,
2276 4083 2428 4136 quem

871 4155 1074 4207 locutus
1113 4169 1229 4207 sum
1264 4153 1448 4206 vobis:
1487 4161 1688 4206 manete
1719 4155 1772 4207 in
1816 4171 1915 4220 me,
1958 4165 2005 4210 et
2048 4173 2140 4228 ego
2171 4159 2224 4211 in
2259 4157 2421 4211 vobis.

871 4246 1017 4300 Sicut
1055 4244 1252 4313 palmes
1287 4259 1387 4296 non
1422 4253 1587 4312 potest
1637 4245 1769 4312 ferre
1802 4246 2030 4311 fructum
2063 4265 2094 4300 a
2126 4251 2420 4318 semetipso,

868 4338 972 4391 nisi
996 4337 1245 4390 manserit
1285 4336 1338 4388 in
1373 4335 1472 4388 vite
1493 4349 1512 4396 ,°
1537 4335 1610 4387 sic
1642 4351 1730 4388 nec
1763 4352 1848 4390 vos
1889 4339 1992 4391 nisi
2021 4340 2076 4392 in
2105 4357 2183 4393 me
2218 4358 2424 4395 manse-

869 4428 1008 4482 ritis.
1049 4423 1159 4497 Ego
1189 4441 1306 4478 sum
1335 4425 1472 4487 vitis,
1501 4441 1589 4476 vos
1623 4423 1886 4491 palmites.
1930 4427 2034 4491 Qui
2060 4437 2230 4482 manet
2269 4431 2320 4482 in
2343 4447 2422 4484 me

864 4528 914 4573 et
941 4534 1030 4588 ego
1055 4519 1109 4570 in
1149 4533 1231 4580 eo,
1266 4524 1316 4568 et
1343 4515 1425 4567 hic
1465 4515 1564 4582 fert
1597 4515 1829 4582 fructum
1876 4518 2095 4570 multum
2126 4521 2286 4588 :quia
2309 4521 2421 4574 sine

865 4625 946 4664 me
970 4608 1102 4662 nihil
1147 4609 1362 4676 potestis
1404 4607 1540 4675 ferre
1562 4606 1628 4661 ⁸⁵.
1666 4604 1866 4661 Prisca:
1897 4622 2035 4678 'ergo
2077 4610 2222 4664 illius
2253 4612 2419 4666 vinea:

2534 3439 2731 3509 μᾶλλον
2773 3437 2829 3490 δὲ
2883 3436 3143 3488 πλειόνων
3209 3431 3541 3504 ἀμπελώνων
3597 3432 3789 3502 ληνοὺς
3839 3429 4098 3498 ὑφίστησι

2529 3532 2767 3603 πλείους,
2823 3529 3021 3599 φαιδρά
3067 3546 3125 3580 τε
3165 3524 3568 3594 εὐαγγελίζεται
3626 3526 3734 3585 τοῖς
3773 3523 3865 3574 ἐπὶ
3896 3521 4096 3584 ταύτας

2530 3621 2900 3693 κεκλημένοις.
2949 3621 3070 3673 Ἐπὶ
3115 3621 3209 3690 μὲν
3243 3614 3333 3672 οῦν
3369 3617 3460 3670 τοῦ
3507 3617 3769 3686 προτέρου
3815 3614 3940 3667 λαοῦ
3998 3613 4097 3666 ἕνα

2528 3713 2823 3784 ἀμπελῶνα
2851 3712 2942 3766 καὶ
2985 3712 3108 3782 μίαν
3139 3709 3318 3782 ληνὸν,
3347 3709 3470 3779 μίαν
3509 3725 3568 3761 τε
3601 3706 3839 3775 ἄμπελον
3865 3707 4092 3776 εἰσήγα-

2528 3819 2622 3870 γεν
2653 3805 2684 3854 ὅ
2713 3804 2920 3872 φήσαςο
2961 3801 3264 3870 Ἀμπελὼν
3300 3798 3548 3868 ἐγενήθη
3609 3795 3689 3862 τῷ
3735 3796 4099 3866 ἠγαπημένῳ

2527 3895 2596 3947 ὲν
2631 3894 2851 3962 κέρατι,
2885 3895 2952 3946 ἐν
2978 3894 3135 3956 τόπῳ
3177 3893 3354 3955 πίονι.
3392 3887 3504 3943 Εἶθ’
3537 3891 3690 3959 ἑξῆς·
3725 3889 3830 3943 Καὶ
3870 3887 4096 3955 προλή-

2527 4003 2676 4047 νιον,
2723 3986 2914 4054 φησὶν,
2950 3982 3148 4052 ῶρυξα
3182 3984 3250 4034 ἐν
3292 3978 3469 4044 αὐτῷ,
3508 3982 3604 4037 καὶ
3647 3983 3947 4049 ἐφύτευσα
3985 3981 4095 4048 ἆμ-

2527 4080 2716 4130 πελον
2752 4074 2980 4144 Σωρήκ.
3014 4074 3122 4127 Καὶ
3154 4076 3211 4127 ὲν
3241 4071 3316 4142 τῷ
3342 4074 3446 4142 πρὸ
3468 4072 3654 4125 τούτου
3690 4072 3817 4142 μίαν
3844 4066 4117 4143 ἀμπελον”³

2526 4169 2711 4240 ἐδήλου
2742 4169 2910 4236 λέγων
2928 4185 2941 4197 ·
2979 4168 3281 4236 ’Ἄμπελον
3299 4166 3366 4229 ἐξ
3389 4162 3972 4233 Αίγύπτουμετῆρας.
4003 4165 4092 4217 Ἑν

2523 4260 2580 4312 δὲ
2601 4263 2708 4322 τοῖς
2743 4259 2914 4326 ’Υπὲρ
2942 4257 3058 4312 τῶν
3084 4257 3287 4325 ληνῶν
3321 4256 3533 4320 πλείους
3576 4256 3722 4326 δηλοῖ
3754 4256 3964 4326 ληνοὺς,
3992 4255 4090 4327 δη-

2523 4349 2651 4419 λαδὴ
2684 4349 2939 4402 πλειόνων
2985 4348 3334 4418 ἀμπελώνων.
3367 4349 3428 4400 El
3457 4348 3512 4401 δὲ
3558 4349 3651 4403 καὶ
3679 4348 3774 4420 τὴν
3841 4347 4090 4419 ἄμπελον

2522 4441 2621 4509 τὴν
2649 4441 2841 4510 καινὴν
2881 4441 3076 4509 γνῶναι
3124 4439 3457 4509 βουληθείης,
3509 4441 3606 4510 τὴν
3653 4440 3789 4511 μετά
3819 4441 3912 4494 τὸν
3943 4441 4091 4509 ἀφα-

2521 4529 2834 4598 νισμὸν¹τῆς
2853 4530 3118 4600 προτέρας
3155 4532 3209 4582 ὲν
3237 4529 3538 4599 ἀνθρώποις
3569 4535 3812 4600 φυεῖσαν,
3849 4530 4088 4600 μάνθανε

2521 4619 2672 4690 παρὰ
2710 4620 2801 4672 τοῦ
2830 4621 2959 4672 Θεοῦ
2990 4622 3161 4688 Λόγου
3190 4621 3316 4690 περὶ
3337 4620 3500 4673 αὑτοῦ
3527 4619 3696 4674 ταῦτα
3723 4621 4084 4684 διδάσκοντοςο

867 4701 1026 4756 tlnetn
1057 4699 1347 4769 descripsit
1402 4697 1711 4767 pracedens
1756 4700 2032 4770 psalmus;
2073 4717 2201 4755 vera
2241 4711 2418 4758 autem
2451 4695 2495 4748 Ι)
2537 4713 2607 4782 Ἐτ

2347 4719 2418 4758 3m
2451 4695 2495 4748 Ῐ)
2537 4710 2675 4782 Ἐγώ
2725 4715 2838 4782 ειμι
2884 4714 2922 4781 ἡ
2965 4714 3229 4782 ᾶμπελος
3278 4714 3316 4780 ἡ
3358 4712 3636 4782 ἀληθινὴ,
3677 4717 3708 4767 ὀ
3740 4713 3942 4781 Πατήρ
3966 4731 4087 4782 μου

863 4793 1024 4847 vinea
1079 4806 1240 4860 quem
1291 4790 1486 4844 habeat
1529 4791 1793 4845 cultorem
1839 4799 1893 4848 et
1936 4795 2251 4864 agricolam,
2282 4814 2419 4867 quos
2528 4808 2603 4874 δ’]

2343 4814 2419 4854 IOS
2528 4808 2561 4859 ὁ
2587 4807 2854 4878 γεωργός.
2883 4804 3010 4859 Πᾶν
3036 4803 3236 4873 κλῆμα
3262 4803 3347 4872 μὴ
3374 4804 3557 4874 φέρον
3586 4807 3817 4874 καρπὸν
3844 4806 3914 4859 ὲν
3932 4805 4083 4874 ἐμοὶ.

864 4883 1134 4953 palmites,
1175 4895 1312 4950 quas
1339 4882 1548 4947 botrus,
1584 4883 1842 4939 salutaris
1882 4883 2128 4940 doctrina
2158 4888 2416 4944 declarat.
2527 4895 2604 4963 at;

2346 4897 2416 4944 at.
2527 4895 2674 4963 αῖρει
2699 4898 2848 4951 αὑτό
2871 4914 2884 4926 ’
2935 4895 3033 4948 καὶ
3069 4895 3190 4950 πᾶν
3215 4896 3280 4949 τὸ
3323 4897 3551 4966 καρπόν
3586 4899 3788 4968 φέρον,
3822 4899 4086 4966 καθαίρει

865 4975 941 5028 Ex
968 4973 1132 5041 hujus
1181 4972 1364 5053 itaque
1412 4973 1726 5040 palmitibus
1754 4989 1847 5042 per
1899 4983 2071 5030 totum
2095 4978 2280 5036 orbem
2313 4980 2423 5033 dis-
2528 4989 2605 5040 αὐ

2351 4981 2423 5033 iS-
2528 4988 2705 5048 αὐτὸ,
2747 4989 2846 5041 ἵνα
2909 4988 3139 5056 καρπόν
3187 4989 3436 5064 πλείονα
3477 4991 3647 5058 φέρῃ.
3698 4988 3846 5054 Ἤδη
3915 4988 4085 5058 ὑμεῖς

863 5065 1106 5129 tributis,
1135 5063 1306 5140 vinea
1334 5064 1644 5138 constituta:
1685 5072 1830 5130 sunt,
1863 5082 2091 5135 quarum
2119 5069 2330 5125 fructus
2365 5072 2418 5125 in
2523 5093 2603 5131 κα

2365 5072 2418 5125 in
2523 5081 2766 5147 καθαροί
2795 5079 2934 5131 ἐστε
2969 5079 3064 5133 διὰ
3100 5078 3203 5132 τόν
3255 5083 3437 5151 λόγον
3475 5079 3547 5134 δν
3575 5078 3881 5150 λελάληκα
3918 5080 4082 5148 ὑμῖνο

864 5173 1031 5213 unum
1055 5157 1269 5213 collecti
1303 5157 1357 5210 in
1378 5156 1629 5212 ecclesiis
1652 5171 1747 5226 per
1770 5158 1955 5213 orbem
1987 5159 2247 5227 fundatis,
2280 5164 2420 5217 mul-
2518 5186 2604 5236 μει

2344 5164 2420 5217 ul-
2518 5171 2772 5236 μείνατε
2823 5169 2893 5222 ἐν
2953 5169 3119 5237 ἐμοὶ,
3192 5147 3484 5241 κάγιὶῖἐν
3538 5169 3696 5238 ὑμῖν.
3758 5147 3971 5235 ’Καθὼς
4014 5169 4084 5224 τό

862 5249 1147 5305 titudinem
1200 5247 1553 5303 torcularium
1606 5247 2106 5317 invexerunt..Qua
2143 5252 2212 5309 de
2253 5270 2420 5310 causa
2524 5264 2599 5313 κλ

2339 5271 2420 5310 Isa
2524 5259 2723 5329 κλῆμα
2780 5262 2850 5313 οὐ
2901 5259 3143 5315 δύναται
3190 5261 3392 5330 φέρειν
3414 5261 3644 5328 καρπὸν
3695 5260 3802 5328 ἀφ*
3839 5259 4079 5325 ἑαυτοῦ,

861 5344 1056 5416 psalmi
1087 5342 1195 5398 Pro
1228 5339 1577 5396 torcularibus
1609 5342 1854 5411 inscripti
1880 5357 1976 5412 per
1999 5343 2261 5414 Spiritum
2289 5362 2419 5402 sani
2523 5351 2601 5404 ὲὰι

2337 5363 2419 5401 ms
2523 5351 2629 5404 ἐὰν
2655 5351 2744 5420 μὴ
2779 5352 2953 5420 μείνῃ
3000 5352 3069 5405 ἐν
3109 5352 3180 5421 τῇ
3215 5351 3493 5422 ἀμπέλῳο
3539 5346 3834 5406 οὕτωκαὶ
3887 5350 4077 5420 ὑμεῖς,

862 5448 1009 5493 ctum
1039 5436 1351 5508 prophetice
1383 5433 1720 5504 pronuntiati
1751 5443 1897 5489 sunt.
2521 5441 2602 5496 ὲὰι

2521 5441 2627 5496 ἐὰν
2664 5442 2749 5512 μὴ
2803 5442 2872 5494 ἐν
2909 5443 3035 5511 ἐμοὶ
3066 5445 3324 5513 μείνητε.
3383 5442 3521 5513 Ἐγώ
3550 5446 3663 5512 ειμι
3703 5443 3742 5510 ἡ
3789 5443 4075 5510 ἄμπελος,

861 5531 1029 5599 ὑμεῖς
1069 5529 1140 5581 τὰ
1192 5527 1482 5596 κλήματα.
1528 5523 1580 5576 Ὁ
1599 5526 1797 5593 μένων
1845 5529 1914 5581 ἐν
1955 5534 2106 5598 ἐμοὶ,
2146 5537 2303 5604 κάγὼ
2341 5534 2409 5587 ἐν
2445 5533 2620 5600 αὐτῷ,
2658 5537 2754 5590 καὶ
2818 5532 2992 5603 οὗτος
3020 5538 3179 5606 φέρει
3213 5538 3440 5606 καρπὸν
3461 5539 3655 5592 πολύν
3679 5554 3691 5566 ·
3752 5536 3840 5590 δτι
3898 5535 4077 5604 χωρίς

861 5622 1004 5690 ἐμοῦ
1058 5621 1128 5672 οὐ
1169 5617 1429 5671 δύνασθε
1481 5617 1698 5684 φέρειν.
1744 5617 1852 5688 Τῆς
1892 5621 1987 5689 μὲν
2032 5617 2122 5677 οὗν
2150 5627 2417 5698 προτέρας
2453 5628 2695 5698 ἀμπέλου
2722 5629 2787 5682 τά
2812 5627 2936 5699 τέλη
2975 5629 3260 5702 διέγραψεν
3283 5630 3310 5679 ὁ
3343 5629 3445 5699 πρὸ
3506 5628 3692 5683 τούτου
3756 5627 3999 5699 ψαλμός·
4033 5629 4070 5701 ἡ

862 5715 918 5766 δὲ
955 5708 1176 5779 ἀληθινὴ
1207 5706 1444 5778 ἄμπελος
1467 5710 1643 5760 ὁποῖον
1669 5707 2097 5782 ἐχειφυτουργὸν
2132 5718 2222 5769 καὶ
2248 5719 2507 5790 γεωργὸν,
2545 5723 2639 5795 καὶἸ
2667 5722 2824 5774 ὁποῖα
2864 5719 3143 5792 κλήματα,
3190 5721 3281 5772 καὶ
3329 5721 3544 5785 ὁποίους
3601 5721 3809 5791 βότρυς,
3857 5720 3892 5785 ἡ
3957 5735 4068 5773 σω-

938 5889 981 5922 ³⁵
1018 5887 1116 5943 lsa.
1153 5905 1203 5954 ν,
1239 5889 1286 5944 1.
1365 5888 1407 5920 ⁸⁸
1447 5887 1601 5943 Joan.
1642 5908 1728 5958 xv,
1774 5895 1794 5948 l
1834 5903 1886 5948 et
1916 5911 2052 5966 seqq
