4406 6416
363 529 464 584 9⁸13

1459 527 1959 586 ὩΟΜΠΕΝΤΑΒΙΔ
1999 529 2064 586 IN
2099 531 2428 586 PSALMUS.

3443 532 3546 587 9⁸η

360 647 544 717 τήριος
580 642 873 716 παρίστησι
929 643 1260 699 διδασκαλία.
1302 643 1396 698 Ἐκ
1450 645 1554 700 τῶν
1582 647 1781 716 ταύτης
1840 646 2120 718 τοιγαροῦν
2155 647 2447 718 κλημάτων
2486 645 2826 726 διαδοθέντων
2855 647 2975 701 καθ’
3017 645 3143 718 ὅλης
3183 664 3277 720 της
3304 651 3552 720 οίκουμι-
3612 661 3616 668 ’

361 751 460 805 νης
507 735 834 805 συνέστησαν
867 735 1211 806 ἀμπελῶνες·
1251 737 1341 789 καὶ
1387 737 1590 791 τούτων
1617 740 1665 791 οἱ
1714 740 1912 811 καρποὶ
1949 740 2091 794 κατά
2108 741 2168 794 τὸ
2221 740 2353 793 αὐτὸ
2417 739 2765 809 συναγόμενοι
2787 742 2842 794 ὲν
2868 742 2984 817 ταῖς
3022 741 3142 796 καθ’
3173 742 3301 814 ὅλης
3347 744 3443 816 τῆς
3480 747 3558 799 ol-

364 825 628 898 κουμένης
648 818 957 899 ἐκκλησίαις
1002 828 1130 881 πολὺ
1159 828 1358 899 πλῆθος
1391 829 1790 900 ἀπειργάσαντο
1817 833 2017 904 ληνῶν·
2051 826 2124 887 ὧν
2145 833 2306 885 ἕνεκα
2366 831 2451 885 διὰ
2491 831 2583 885 τοῦ
2624 831 2777 898 ἀγίου
2815 832 3130 902 Πνεύματος.
3151 833 3200 886 ol.
3231 833 3559 904 Ἐπιλήνιοι

363 915 562 988 ψαλμοὶ
597 921 939 990 προφητικῶς
965 921 1399 992 ἀνεφωνηθησαν.

433 1033 773 1086 Σαλπίσατε
798 1033 865 1085 ἐν
906 1035 1184 1103 νεομηνία
1219 1034 1520 1106 σάλπιγγι,
1561 1039 1628 1092 ἐν
1669 1040 1908 1110 εὐσήμφ
1936 1048 1982 1106 Α
2080 1036 2173 1092 VII

1816 1056 1908 1110 μῳ
1936 1048 1982 1106 Α
2080 1036 2244 1093 Vns.
2279 1038 2330 1092 ι.
2360 1037 2638 1092 Bucctnate
2681 1054 2737 1090 ut
2786 1038 3052 1091 neomenia
3079 1035 3226 1101 tuba,
3261 1036 3317 1090 in
3365 1037 3556 1108 insigni

367 1122 554 1192 ἡμέρᾳ
574 1122 783 1191 ἑορτῆς
806 1123 984 1193 ὑμῶν.
1022 1125 1230 1178 Ἐκάλει
1257 1127 1354 1192 μὲν
1379 1129 1406 1180 6
1437 1128 1590 1196 λόγος
1621 1131 1911 1201 ἀρχόμενος

367 1212 459 1266 eis!
485 1213 828 1281 ἀγαλλίασιν·
869 1213 1186 1284 προσέταττε
1207 1215 1263 1267 δὲ
1294 1215 1575 1285 ἀλαλάζειν
1595 1256 1611 1280 ,
1643 1220 1913 1273 τουτέστιν

367 1303 533 1376 ὕμνον
601 1305 862 1358 ἐπινίκιον
927 1307 1268 1376 ἀναπέμπειν
1323 1308 1399 1378 τῷ
1451 1310 1739 1378 δηλωθέντι
1797 1311 1916 1382 Θεῴ

377 1393 598 1448 Ἰακώϐ·
632 1391 746 1447 εἶτα
783 1394 971 1461 λόγους
1021 1396 1425 1463 διδασκαλικοὺς
1473 1400 1916 1470 παραλαμϐάνονο

365 1500 482 1548 τας,
512 1484 689 1554 ἔργοις
715 1484 931 1547 τούτους
951 1487 1293 1558 ἀποπληροῦν
1316 1507 1328 1520 ·
1364 1489 1650 1559 πληρωτὰς
1685 1491 1739 1544 δὲ
1768 1509 1917 1558 γενο-

370 1574 559 1644 μένους
590 1574 696 1626 τῶν
718 1573 909 1643 ἔργων,
938 1574 1034 1645 ήδη
1058 1564 1239 1628 λοι-Ξὺν
1264 1565 1357 1630 καὶ
1379 1579 1456 1640 είς
1485 1579 1686 1641 πάντας
1713 1579 1917 1649 ἀνθρώ-

366 1679 500 1726 πους
551 1663 835 1734 κηρύττειν
873 1663 964 1716 καὶ
1000 1662 1278 1726 σαλπίζειν
1301 1703 1316 1728 ,
1358 1663 1565 1734 ὲξηχεῖν
1597 1681 1655 1716 τε
1705 1665 1798 1716 καὶ
1833 1664 1917 1729 ἐξ-

367 1751 626 1807 άκουστον
664 1757 773 1817 τοῖς
805 1757 937 1808 πᾶσι
959 1759 1128 1809 ποιεῖν
1147 1756 1208 1808 τὸ
1237 1755 1580 1823 Εὑαγγέλιον·
1614 1755 1797 1826 ὥσπερ
1825 1752 1942 1819 οὖν,

365 1844 459 1897 καὶ
487 1847 514 1898 6
552 1845 738 1916 Σωτὴρ
763 1846 1151 1916 παρεκελεύετο
1195 1847 1365 1915 λέγων
1396 1849 1506 1910 τοῖς
1546 1848 1707 1900 αὑτοῦ
1746 1848 1918 1919 μαθη-

366 1939 485 2000 ταῖς
505 1953 519 1967 ·
559 1939 619 1988 Ὃ
642 1940 727 2002 εις
759 1938 823 1990 τό
859 1934 966 2002 οὖς
1001 1939 1243 1995 ἀκούετε
1263 1979 1276 2001 ,
1320 1941 1652 2006 κηρύσσετε
1682 1941 1918 1994 ἐπὶτῶν

365 2027 664 2098 δωμάτων.
700 2029 789 2082 Διὸ
815 2029 1055 2083 λέλεκται
1075 2033 1182 2093 τοῖς
1209 2030 1274 2083 τά
1302 2030 1490 2104 πρῶτα
1513 2032 1912 2103 ητωρθωκὸσι·

366 2123 725 2176 Σαλπίσατε.
763 2120 884 2180 Πῶς
934 2121 990 2173 δὲ
1034 2123 1227 2184 αὐτοὺς
1275 2121 1517 2192 βούλεται
1561 2123 1916 2194 σαλπίζειν,ἢ

368 2212 442 2275 ὡς
481 2210 764 2276 ὲσάλπιζον
799 2211 959 2264 πάλαι
1001 2212 1258 2283 πρότερον
1287 2214 1336 2264 oi
1367 2214 1463 2276 τάς
1485 2215 1695 2277 είκόνας
1739 2217 1916 2268 ὲπιτε-

368 2301 604 2369 λοῦντες,
634 2303 727 2357 καὶ
756 2302 823 2358 τά
858 2303 1098 2374 σύμὸολα
1147 2304 1237 2357 καῖ
1258 2307 1382 2370 τοὺς
1409 2305 1612 2369 τύπους
1648 2307 1752 2359 τῶν
1789 2308 1919 2379 ἀλη-

369 2394 506 2460 θῶν;
536 2394 849 2458 Ἑσάλπιζον
998 2395 1192 2448 ἐκεῖνοι
1232 2396 1288 2448 ὲν
1319 2396 1577 2469 νεομηνία
1620 2398 1713 2452 καὶ
1740 2399 1798 2451 ὲν
1828 2370 1918 2452 εύ-
1951 2370 1991 2428 Β

371 2486 529 2555 σήμῳ
550 2487 728 2558 ἡμέρᾳ
751 2485 962 2557 ἑορτῆς.
992 2485 1103 2540 Καὶ
1151 2486 1291 2539 τοῦτ’
1333 2487 1597 2558 ἔπραττον
1643 2490 1778 2543 κατά
1832 2491 1921 2543 τὸν

366 2575 592 2647 ῑὸδομον
636 2579 797 2648 μῆνα,
851 2581 909 2631 ὲν
955 2573 999 2646 ᾦ
1041 2579 1437 2649 συνερχόμενοι,
1467 2583 1563 2650 τὴν
1592 2582 1779 2652 ἑορτὴν
1815 2581 1921 2634 τῶν

367 2666 686 2738 Σαλπίγγων
715 2670 1014 2734 ἐπετέλουν,
1039 2668 1183 2734 ἅπαξ
1206 2669 1293 2722 τοῦ
1311 2669 1553 2725 ἐνιαυτοῦ
1577 2671 1732 2726 τοῦτο
1752 2671 1922 2744 πράτ-

364 2777 568 2826 τοντες.
604 2765 764 2832 Λέγει
791 2765 834 2818 δ’
868 2762 958 2819 οὖν
991 2770 1023 2838 ἡ
1049 2769 1230 2839 γραφὴ
1249 2768 1340 2823 τοῦ
1363 2769 1523 2839 νόμου
1547 2785 1560 2799 ⁸
1589 2767 1698 2823 Τοῦ
1729 2769 1920 2837 μηνὸς

369 2853 475 2907 τοῦ
501 2853 768 2924 ἑϐδόμου,
789 2857 898 2925 μιᾷ
915 2859 1020 2912 τοῦ
1043 2861 1251 2928 μηνὸς,
1285 2859 1454 2914 ἔσται
1490 2859 1631 2928 ὑμῖν
1655 2859 1920 2914 ἀνάπαυ-

367 2960 489 3011 σις,
515 2948 905 3016 μνημόσυνον
934 2952 1297 3020 σαλπίγγων·
1341 2951 1530 3020 und.
1564 2952 1708 3021 ἁγία
1751 2936 1922 3007 ἔσται

370 3037 528 3106 ὑμῖν.
578 3038 759 3101 Οὕτως
810 3035 899 3093 οὖν
949 3039 1133 3112 ὥσπερ
1189 3039 1249 3094 ἒν
1298 3045 1361 3113 τῇ
1386 3043 1640 3115 νεομηνία
1682 3046 1751 3114 τῇ
1802 3044 1921 3096 τότε

369 3129 678 3195 ὶσάλπιζον,
720 3129 960 3201 βούλεται
992 3133 1082 3186 καὶ
1111 3131 1206 3186 νῦν
1235 3133 1360 3197 τοὺς
1389 3135 1752 3206 κεκλημένους
1791 3136 1919 3190 σαλ-

372 3220 566 3285 πίζειν.
593 3217 699 3275 Ἦν
720 3222 777 3276 δὲ
802 3223 833 3294 ὴ
854 3223 1034 3294 ἡμέρα
1057 3223 1280 3295 ὲκεῖνηή
1304 3227 1401 3295 τῆς
1433 3227 1621 3298 ἑορτῆς
1651 3226 1757 3279 τῶν
1785 3227 1918 3280 Σαλ-

379 3309 603 3378 πίγγωνκ
626 3309 856 3383 εὔσημος
886 3311 1095 3383 ἡμέρα·
1140 3311 1284 3380 λέγει
1328 3312 1373 3365 δ’
1414 3309 1505 3366 οὖν
1544 3313 1748 3383 Μωσῆς
1795 3307 1920 3385 περὶ

379 3401 544 3472 ιύτῆς
562 3419 575 3432 ·
608 3399 736 3456 Πᾶν
765 3403 943 3472 ἔργον
969 3404 1296 3471 λατρευτὸν
1319 3406 1388 3459 οὐ
1413 3402 1712 3473 ποιήσετε.
1761 3404 1922 3475 Ἡμέ-

373 3507 447 3556 ρα
467 3490 772 3560 σημασίας
795 3491 964 3544 ἔσται
983 3492 1141 3561 ὑμῖν.
1164 3493 1253 3546 Διὸ
1275 3494 1367 3548 καὶ
1395 3495 1622 3550 ἐνταῦθα
1637 3495 1884 3549 λέλεκται
1904 3513 1918 3528 ·

385 3581 481 3634 Ἐν
509 3580 752 3652 εὐσήμφ
780 3581 968 3651 ἡμέρᾳ
1016 3583 1227 3651 ἑορτῆς
1268 3584 1450 3653 ὑμῶν.
1492 3582 1598 3639 Ἦν
1617 3583 1710 3640 οὖν
1743 3586 1922 3659 ἡμέρα

2013 1127 2096 1182 die
2122 1127 2466 1182 solemnitatis
2492 1139 2692 1182 vestra.
2738 1127 2851 1182 Sub
2889 1127 3100 1181 initium
3131 1126 3344 1196 quidem
3377 1141 3568 1217 sermo.

2016 1218 2082 1273 ad
2113 1219 2526 1274 exsultationem
2557 1219 2804 1281 vocabat,
2838 1232 2901 1273 ac
2918 1217 3147 1287 jubilare
3190 1218 3554 1288 praecipiebat,

2015 1310 2118 1363 hoc
2145 1317 2248 1372 est,
2281 1309 2655 1378 triumphalem
2709 1309 2967 1379 hymnum
2996 1315 3292 1363 memorato
3333 1308 3443 1365 Deo
3463 1306 3557 1364 Ja-

2015 1401 2118 1455 cob
2143 1402 2420 1474 emittere;
2444 1401 2637 1455 deinde
2663 1407 2912 1470 suscepta
2956 1400 3212 1454 doctrina
3238 1399 3399 1454 verba
3427 1415 3558 1470 ope-

2015 1493 2167 1546 ribus
2199 1493 2420 1562 implere
2453 1510 2466 1547 :
2499 1492 2762 1546 absolutis
2801 1501 2978 1546 autem
3013 1492 3284 1561 operibus,
3312 1500 3424 1545 tum
3457 1491 3556 1547 de-

2017 1596 2164 1634 mum
2193 1580 2502 1636 hominibus
2531 1579 2824 1649 praedicare
2857 1588 2909 1636 et
2929 1581 3242 1646 buccinare,
3272 1580 3560 1637 vociferari

2017 1670 2142 1725 item
2172 1677 2226 1724 et
2251 1671 2305 1723 in
2331 1673 2570 1724 omnium
2613 1671 2835 1726 auribus
2867 1670 3214 1740 Evangelium
3264 1674 3557 1740 nuntiare;

2015 1759 2465 1830 quemadmodum
2515 1758 2770 1814 Servator
2823 1761 3105 1830 discipulis
3160 1762 3406 1833 praecipit
3444 1765 3559 1820 suis

2016 1850 2200 1904 dicens
2220 1868 2232 1903 :
2254 1849 2403 1914 Quod
2420 1850 2472 1902 in
2490 1866 2615 1904 aure
2636 1851 2854 1914 auditis,
2871 1855 3152 1918 prazdicate
3168 1871 3322 1924 super
3335 1865 3470 1911 tecta
3489 1857 3558 1912 ³⁸.

2018 1934 2373 2006 Quamobrem
2394 1940 2460 1995 iis
2471 1941 2560 2011 qui
2575 1941 2756 2010 priora
2771 1951 2914 1997 recte
2925 1955 3226 2021 gesserant,
3242 1947 3443 2001 dictum
3453 1957 3556 2003 est:

2018 2033 2317 2086 Buccinate.
2353 2030 2470 2098 Qua
2516 2041 2694 2088 autem
2725 2033 2932 2089 ratione
2975 2035 3124 2104 ipsos
3151 2038 3439 2094 buccinare
3464 2055 3560 2093 vo-

2019 2123 2197 2183 luerit,
2234 2122 2339 2176 nisi
2383 2138 2492 2192 qua
2531 2124 2658 2179 olim
2689 2131 2742 2178 et
2771 2126 3076 2196 gantiquitus
3104 2127 3197 2196 qui
3231 2129 3344 2182 veri
3370 2129 3562 2200 imagi-

2019 2229 2160 2277 nem,
2183 2213 2423 2284 symbola
2452 2222 2504 2269 et
2531 2216 2995 2285 signagerebant?
3021 2215 3383 2272 Buccinabant
3398 2233 3562 2288 porro

2014 2305 2096 2358 illi
2141 2306 2195 2358 in
2248 2305 2552 2368 neomenia,
2601 2317 2655 2361 et
2707 2307 2762 2360 in
2803 2309 3002 2378 insigni
3029 2309 3116 2363 die
3157 2310 3512 2366 solemnitatis
3541 2351 3558 2365 .

2020 2393 2178 2463 idque
2207 2393 2435 2461 agebant
2459 2394 2686 2463 septimo
2721 2410 2926 2460 mense,
2955 2412 3061 2466 quo
3095 2398 3422 2466 congregati,
3451 2395 3560 2452 Tu-

2018 2481 2627 2540 barum'solemnitatem
2658 2485 3003 2540 celebrabant
3037 2505 3051 2541 :
3084 2487 3242 2557 idque
3271 2487 3435 2542 semel
3465 2503 3560 2559 per

2019 2591 2218 2632 annum
2249 2576 2600 2646 praestabant.
2626 2576 2714 2630 Ait
2740 2593 2868 2647 ergo
2897 2579 3028 2650 legis
3057 2580 3354 2649 scriptura:
3390 2579 3562 2634 Hense

2018 2669 2254 2737 septimo,
2286 2669 2457 2737 prima
2483 2669 2674 2723 mensis
2707 2670 2808 2723 erit
2833 2671 2976 2726 vobis
3001 2673 3220 2742 requies,
3266 2672 3564 2727 memorial:

2020 2759 2300 2813 tubarum:
2325 2760 2594 2815 vocabitur
2626 2772 2813 2815 sancta
2837 2762 2975 2816 vobis
2997 2761 3062 2815 ⁸⁷.
3092 2761 3160 2816 Ut
3182 2762 3414 2831 igiturin
3433 2777 3564 2816 neo-

2018 2853 2196 2906 menia
2229 2852 2317 2905 illa
2348 2854 2687 2924 clangebant,
2721 2853 2793 2905 ita
2811 2854 3119 2908 etiamnunc
3136 2861 3355 2908 vocatos
3385 2855 3560 2908 bucci-

2019 2958 2148 2998 nare
2163 2943 2462 3014 cupit.Erat
2473 2952 2648 2998 autem
2667 2943 2782 2998 dies
2800 2943 2886 2996 illa
2902 2936 3255 2998 solemnitatis
3269 2941 3558 3008 Tubarum,

2019 3033 2135 3090 dies
2169 3036 2492 3105 conspicua;
2524 3034 2701 3104 aitque
2733 3032 2800 3088 de
2834 3033 2922 3086 illa
2952 3031 3160 3103 Moyses
3189 3053 3200 3087 :
3234 3031 3397 3086 Omne
3435 3047 3560 3101 Opus

2020 3126 2204 3180 servile
2239 3142 2340 3178 non
2378 3125 2615 3194 facietis:
2655 3124 2765 3179 dies
2818 3124 3128 3179 celebritatis
3180 3129 3278 3181 erit
3317 3128 3456 3183 vobis
3490 3131 3559 3184 ⁸⁸.

2020 3217 2359 3288 Quapropter
2389 3219 2478 3273 hic
2517 3233 2730 3290 quoque
2768 3217 2967 3271 dicitur
2994 3236 3006 3271 :
3043 3216 3110 3271 In
3139 3219 3334 3290 insigni
3361 3220 3443 3275 die
3471 3237 3560 3274 so-

2021 3309 2307 3362 lemnilatis
2341 3319 2542 3365 vestra.
2578 3309 2707 3364 Erat
2743 3307 2871 3382 ergo
2901 3309 3134 3380 insignis
3161 3311 3278 3366 dies
3310 3320 3363 3366 et
3393 3312 3564 3368 festus

2020 3399 2168 3468 dies,
2213 3417 2320 3455 non
2361 3403 2500 3458 alius
2538 3403 2613 3457 rei
2659 3418 2820 3472 quam
2862 3403 3155 3457 tubarum:
3189 3419 3357 3474 quare
3388 3403 3569 3460 Tuba-

2021 3507 2140 3546 rum
2173 3476 2372 3547 festum
2392 3493 2705 3547 vocabatur.
2736 3492 2869 3547 Cum
2902 3502 3082 3548 autem
3106 3500 3220 3550 tres
3248 3505 3432 3551 essent
3472 3512 3569 3552 eo-

2023 3582 2145 3638 dem
2175 3584 2360 3638 menSe
2403 3582 2790 3649 solemnitates,
2835 3583 3007 3653 prima
3035 3582 3329 3649 Tubarum,
3363 3602 3481 3656 quae
3511 3589 3568 3642 in

374 3672 612 3745 εὔσημος
664 3674 758 3727 καὶ
804 3675 962 3746 ἑορτὴ
1019 3675 1228 3739 οὐδενὸς
1272 3677 1459 3747 ἑτέρου
1499 3677 1530 3747 ἢ
1573 3677 1916 3746 σαλπίγγων·
1947 3702 1990 3761 C
2023 3687 2114 3727 nec

1828 3697 1883 3731 υν
1903 3697 1916 3709 ο
1947 3702 1990 3761 C
2023 3671 2303 3727 neomenia
2321 3671 2724 3737 celebrabatur;
2759 3668 2994 3726 secunda
3025 3667 3452 3740 Propitiationis,
3482 3671 3568 3725 dc-

375 3765 526 3820 ενθεν
551 3766 647 3820 καὶ
669 3764 986 3834 Σαλπίγγων
1006 3765 1164 3836 ἑορτὴ
1191 3766 1435 3836 κέκλητο.
1461 3768 1637 3838 Τριῶν
1663 3769 1720 3820 δὲ
1752 3768 1925 3822 οὐσῶν

374 3855 575 3930 ἑορτῶν
607 3857 748 3913 κατά
777 3859 869 3912 τὸν
912 3859 1072 3913 αὑτὸν
1109 3859 1282 3930 μῆνα·
1319 3858 1537 3932 πρώτης
1568 3860 1665 3930 μὲν
1691 3860 1788 3929 τῆς
1817 3860 1924 3913 τῶν
1967 3919 1971 3928 η

375 3948 694 4018 Σαλπιγγων
731 3950 788 4002 ὲν
838 3953 902 4021 τῇ
935 3950 1193 4022 νεομηνία
1239 3951 1690 4022 συντελουμένης·
1736 3951 1925 4023 ἑτέρας

373 4041 431 4096 δί
457 4042 554 4115 τῆς
581 4042 684 4097 τοῦ·
709 4041 955 4113 Ἱλασμοῦ
989 4044 1047 4098 ὲν
1074 4048 1138 4114 τῇ
1167 4033 1376 4118 ’δεκάτῃ
1409 4044 1588 4116 ἡμέρᾳ
1623 4045 1713 4098 τοῦ
1761 4045 1926 4116 μηνὸς

375 4130 720 4203 γιγνομένης·
758 4131 850 4184 καὶ
880 4131 1067 4202 τρίτης
1091 4133 1187 4202 τῆς
1218 4133 1330 4211 τῶν.
1354 4133 1574 4203 Σκηνῶν
1593 4151 1606 4164 ·
1645 4133 1808 4205 μόνην
1828 4133 1926 4203 τὴν

376 4219 482 4272 τῶν
523 4220 840 4288 Σαλπίγγων
872 4221 1150 4291 μιμεῖσθαι
1189 4221 1395 4275 κελεύει
1424 4224 1644 4292 φάσκων
1664 4241 1678 4254 ·
1709 4225 1928 4279 Σαλπι-

376 4325 522 4363 σατε
545 4309 615 4362 ἐν
655 4311 935 4377 νεομηνία
968 4309 1277 4379 σάλπιγγι·
1317 4312 1641 4384 σαφέστερον
1674 4315 1730 4368 δὲ
1759 4315 1927 4377 οὕτως

369 4399 444 4477 ¹ἂν
473 4397 642 4454 εἷπεν.
665 4400 872 4469 ’Ὥσπερ
901 4402 958 4453 ἐν
988 4404 1052 4472 τῇ
1075 4403 1332 4474 νεομηνία
1356 4404 1640 4470 ὲσάλπιζόν
1677 4425 1806 4460 ποτε
1834 4427 1926 4462 πε-

379 4490 714 4562 ριτρέχοντες
739 4490 916 4545 πάντα
943 4492 1101 4545 τόπον
1130 4494 1208 4556 εἰς
1240 4495 1297 4546 τὸ
1327 4495 1564 4565 σημῆναι
1589 4497 1687 4569 τὴν
1716 4498 1925 4569 ἑορτὴν,

376 4582 467 4634 τὸν
493 4581 650 4635 αὑτὸν
681 4581 875 4652 τρόπον
907 4581 1001 4634 καὶ
1031 4582 1208 4652 ὑμεῖς,
1238 4579 1315 4648 οἷς
1336 4585 1364 4637 6
1394 4583 1546 4651 λόγος
1584 4586 1926 4657 προστάττει,

377 4676 734 4728 σαλπίσατε.
770 4673 1116 4735 Βούλεταιόὲ
1150 4677 1274 4738 τοὺς
1321 4677 1564 4746 κήρυκας
1609 4677 1716 4732 τῶν
1762 4677 1929 4732 ιθνῶν

383 4766 457 4837 μὴ
480 4767 598 4828 ταῖς
615 4764 825 4827 λοιπαῖς
853 4764 1136 4836 προσέχειν
1167 4765 1475 4829 Ἰουδαῖκαῖς
1498 4769 1927 4838 παρατηρήσεσι,

382 4858 530 4928 μόνῳ
562 4857 618 4910 δὲ
644 4857 877 4928 χρῆσθαι
924 4856 998 4926 τῷ
1037 4857 1382 4930 κηρύγματι,
1417 4857 1509 4911 καὶ
1545 4857 1818 4924 σαλπίζειν
1851 4863 1931 4924 εἰς

382 4947 627 5009 ἅπαντας
671 4947 985 5021 ἀνθρώπους
1025 4949 1115 5002 τὸν
1154 4951 1411 5022 σωτήριον
1450 4948 1540 5003 καὶ
1583 4949 1930 5018 εύαγγελικὸν

2025 3761 2166 3816 cima
2187 3761 2274 3817 die
2295 3761 2517 3826 mensis;
2536 3759 2693 3816 tertia
2709 3757 3202 3815 Tabernaculorum
3227 3777 3241 3825 ;
3271 3760 3442 3814 solam
3459 3758 3568 3814 Tu-

2023 3852 2211 3910 barum
2246 3854 2387 3910 diem
2419 3853 2616 3908 imitari
2651 3851 2892 3924 pracipit
2919 3851 3106 3908 dicens
3140 3869 3153 3905 :
3189 3851 3470 3906 Buccinate
3513 3854 3568 3906 in

2024 3947 2294 3999 neomenia
2329 3945 2492 4008 tuba;
2521 3946 2665 4014 quod
2694 3945 2894 3999 clarius
2923 3944 2998 3997 ita
3028 3943 3342 4012 protulisset
3370 3960 3382 3995 :
3418 3940 3570 3997 Sicut

2025 4035 2153 4090 olim
2187 4035 2242 4088 in
2271 4035 2557 4090 neomenia
2578 4075 2593 4100 ,
2623 4036 2802 4089 locum
2831 4048 3042 4089 omnem
3073 4034 3569 4104 circumcursantcs

2024 4123 2384 4181 buccinabant
2401 4162 2417 4188 ,
2449 4131 2508 4177 ut
2530 4121 2725 4179 festum
2752 4122 3052 4177 indicarent
3077 4140 3090 4187 ;
3120 4123 3366 4178 similiter
3390 4131 3445 4178 et
3468 4139 3567 4179 vos

2024 4216 2116 4287 qui
2155 4215 2418 4284 jubemini
2440 4253 2455 4278 ,
2501 4213 2788 4268 buccinare.
2817 4212 2944 4268 Vult
2973 4229 3136 4283 porro
3167 4214 3403 4284 gentium
3435 4230 3576 4286 prae-

2024 4319 2219 4368 cones,
2262 4319 2371 4358 non
2404 4304 2614 4358 caeteris
2640 4301 2902 4369 Judaicis‘
2945 4303 3412 4360 observationibus
3456 4305 3577 4360 an’d

2025 4411 2173 4450 mum
2213 4395 2473 4450 adhibere
2493 4434 2508 4461 ,
2558 4395 2652 4451 sed
2681 4395 2796 4452 sola
2825 4393 3209 4465 praedicatione
3236 4396 3345 4459 uti,
3376 4401 3430 4449 et
3457 4409 3574 4450 om-

2027 4489 2185 4543 nibus
2228 4486 2537 4542 hominibus
2579 4488 2817 4541 salutare
2845 4493 2898 4542 et
2934 4486 3301 4556 evangelicum
3348 4485 3573 4540 verbum

2026 4580 2336 4635 buccinare.
2380 4577 2584 4634 Horum
2613 4592 2847 4648 namque
2897 4578 3139 4647 symbola
3172 4576 3388 4645 Moyses
3421 4576 3574 4631 insti-

2027 4671 2212 4725 tuebat
2230 4711 2246 4735 ,
2269 4677 2493 4740 eratque
2520 4678 2841 4740 praeceptum
2869 4670 2920 4721 in
2945 4666 3106 4722 Israel
3153 4665 3338 4737 (Vens.
3376 4666 3429 4736 5)
3458 4666 3575 4735 lege

2026 4762 2295 4817 sancitum
2325 4761 2470 4831 quod
2517 4761 2808 4816 buccinare
2848 4765 3148 4827 oporteret,
3185 4755 3398 4826 dieique
3437 4755 3574 4818 lesti

2027 4861 2245 4924 umpus
2273 4854 2402 4908 tuba
2429 4851 2685 4907 omnibus
2718 4849 3042 4921 signiﬁcare.
3079 4847 3192 4903 Hoc
3221 4864 3348 4903 vero
3379 4861 3575 4918 praece-

2031 4952 2182 5014 ptum
2213 4961 2278 5000 ex
2301 4943 2546 5013 judicio,
2590 4941 2869 4996 voluntate
2912 4948 2966 4994 et
3014 4939 3232 4995 decreto
3281 4938 3373 4993 Dei
3402 4935 3570 4992 Jacob

379 5034 558 5104 λόγον.
591 5035 806 5090 Τούτων
825 5035 944 5109 ¹γάρ
977 5037 1154 5090 αὐτῶν
1193 5037 1261 5091 τά
1308 5037 1548 5109 σύμϐολα
1591 5038 1682 5091 καὶ
1725 5039 1926 5111 Μωσῆς
1957 5044 2002 5100 D
2029 5035 2119 5090 ede

1830 5041 1926 5111 σῆς
1957 5044 2002 5100 D
2029 5035 2306 5090 edebatur.
2355 5033 2472 5102 Ipse
2511 5048 2744 5104 namque
2777 5031 2953 5094 Beas,
2986 5032 3080 5102 qui
3127 5031 3330 5086 Jacobo
3356 5030 3484 5083 olim
3513 5029 3570 5082 in

380 5125 587 5190 istoin,
622 5128 714 5182 καὶ
761 5123 830 5198 ἦν
868 5129 1188 5200 πρόσταγμα
1218 5128 1296 5200 τῷ
1331 5130 1541 5201 Ἰσραὴλ
1587 5129 1730 5194 ἰδίως
1771 5130 1929 5186 τοῦτο
2028 5127 2120 5181 νιτί

1831 5130 1929 5186 κῦτο
2028 5127 2126 5181 viri
2145 5125 2322 5195 specie
2368 5133 2422 5179 et
2466 5123 2638 5180 forma
2683 5126 2833 5181 visus
2871 5131 2986 5189 est,
3037 5124 3126 5178 hic
3179 5130 3294 5177 erat
3318 5121 3407 5190 qui
3441 5119 3571 5173 olim

380 5210 896 5290 νενομοθετημένον,
935 5220 996 5273 τὸ
1038 5221 1146 5274 δεῖν
1185 5220 1496 5288 σαλπίζειν,
1553 5220 1655 5276 καῖ
1696 5221 1784 5275 sta:
1831 5223 1928 5294 τῆς
2039 5217 2120 5274 ist!

1831 5223 1928 5294 τῆς
2039 5217 2226 5274 isthmc
2247 5217 2504 5286 populum
2527 5216 2701 5272 lacere
2712 5215 2944 5286 ﬁgurate
2969 5231 3062 5285 per
3084 5213 3313 5283 Moysem
3326 5209 3568 5279 jubebat.

382 5307 676 5374 σάλπιγγος
711 5297 993 5379 σημαίνειν
1027 5313 1139 5374 τοῖς
1169 5313 1301 5366 πᾶσι
1338 5313 1436 5384 τὴν
1459 5311 1552 5364 τοῦ
1587 5310 1775 5384 καιροῦ
1809 5313 1930 5384 ιορ-
2029 5309 2122 5376 Ουι

1833 5329 1930 5384 ,ορ-
2029 5308 2182 5376 Quod
2210 5317 2388 5364 autem
2407 5308 2699 5365 buccinare
2726 5309 2843 5371 hic,
2869 5309 3104 5361 clamare
3133 5313 3185 5360 et
3213 5303 3461 5356 omnibus
3483 5317 3573 5355 an-

380 5397 499 5468 τήν.
524 5393 596 5449 Τδ
625 5395 682 5448 δὲ
722 5397 1046 5468 πρόσταγμα
1090 5398 1246 5454 τοῦτο
1283 5401 1421 5454 κατά
1474 5401 1651 5472 κρίσιν
1692 5401 1926 5468 ἐγένετο,
2031 5417 2120 5456 nul

1831 5418 1926 5465 ετο,
2031 5400 2301 5463 nuntiare,
2327 5399 2611 5470 signiﬁcet,
2635 5398 2791 5454 docet
2816 5398 3068 5452 Servator
3087 5396 3170 5449 his
3199 5394 3377 5449 verbis
3401 5413 3412 5446 :
3441 5392 3571 5447 Cum

380 5489 475 5543 καὶ
500 5487 638 5542 κατά
669 5487 909 5558 βούλημα
929 5491 1020 5542 καὶ
1048 5494 1217 5562 κρῖμα
1246 5493 1338 5545 τοῦ
1362 5493 1494 5546 Θεοῦ
1529 5491 1737 5548 Ἰακώϐ.
1760 5494 1928 5556 Αὐτὸς
2032 5492 2116 5562 fac

1726 5494 1928 5556 ,Αὐτὸς
2032 5492 2163 5562 facis
2199 5492 2612 5562 elemosynam,
2645 5491 2754 5545 noli
2792 5489 2916 5543 tuba
2953 5503 3131 5542 canere
3163 5496 3284 5541 ante
3321 5494 3367 5540 te
3400 5485 3463 5537 ".

379 5582 489 5653 γάρ
534 5581 610 5651 τῷ
647 5579 845 5635 Ἰακὼϐ.
878 5581 1062 5651 ὀφθεὶς
1096 5586 1259 5638 πάλαι
1292 5585 1421 5650 Θεὸς
1459 5587 1516 5638 ὲν
1560 5585 1748 5654 ἀνδρὸς
1787 5587 1913 5640 εῖδει
1953 5588 2044 5640 καὶ
2073 5586 2330 5656 σχήματι,
2354 5579 2506 5648 οὗτος
2531 5579 2597 5654 ἦν
2624 5585 2652 5636 6
2680 5583 2846 5638 ταῦτα
2869 5582 2960 5634 καὶ
2995 5579 3082 5633 διὰ
3111 5579 3348 5639 Μωσέως
3384 5579 3572 5630 είκονιο

377 5676 493 5739 κῶς
531 5675 608 5746 τῷ
660 5674 773 5745 λαῷ
826 5675 1081 5746 πράττειν
1115 5675 1518 5748 διαταξάμενος.
1561 5679 1678 5732 Ὅτι
1722 5677 1778 5729 δὲ
1825 5679 1886 5731 τὸ
1925 5677 2196 5740 σαλπίζειν
2236 5677 2356 5730 ἀντὶ
2407 5676 2500 5729 τοῦ
2540 5677 2663 5746 βοᾷν
2695 5675 2786 5729 καὶ
2820 5676 2896 5736 είς
2959 5673 3164 5758 πάντας
3193 5668 3574 5737 καταγγέλλειν

375 5767 653 5833 λέλεκται,
677 5765 918 5846 ’διδάσκει
966 5770 995 5820 6
1045 5768 1233 5840 Σωτὴρ
1275 5769 1443 5837 λέγων
1467 5787 1479 5800 ·
1526 5771 1695 5823 Ὅταν
1733 5767 1905 5837 ποιῇς
1941 5769 2371 5838 ἐλεημοσύνην,
2403 5768 2488 5837 μὴ
2526 5769 2830 5834 σαλπίσῃς
2854 5763 3185 5834 ἔμπροσθέν
3218 5778 3353 5816 σου.

443 5923 495 5960 ⁸⁸
532 5923 715 5980 Matth.
752 5922 818 5990 ι,
851 5922 939 5980 27.
1014 5927 1058 5957 ⁸⁷
1097 5925 1266 5982 chit.
1304 5937 1467 5994 nui,
1505 5927 1590 5982 Ἡ.
1669 5929 1710 5960 ⁸⁸
1752 5925 1875 5982 ch.
1912 5943 2074 5992 xxm,
2116 5928 2164 5982 7.

1014 5927 1058 5957 ⁸⁷
1097 5925 1266 5982 chit.
1304 5937 1467 5994 nui,
1505 5927 1590 5982 Ἡ.
1669 5929 1710 5960 ⁸⁸
1752 5925 1875 5982 ch.
1912 5943 2074 5992 xxm,
2116 5928 2164 5982 7.
2238 5927 2281 5958 "
2322 5925 2507 5980 Matth.
2545 5942 2629 5988 γι,
2662 5927 2713 5977 9..
