4406 6442
919 516 1022 573 975

1614 511 1870 566 EUSEBII
1909 509 2370 567 CESARIENSIS
2409 508 2554 563 OPP.
2599 509 2775 562 PARS
2813 508 2899 562 Ill.
2939 541 3005 551 ——-
3043 506 3442 562 EXEGETICA.

3967 505 4080 562 976

991 629 1152 683 Vens.
1188 628 1240 682 6.
1299 627 1660 680 Testimonium
1714 628 1768 679 in
1818 625 2008 694 Ioseph
2052 626 2222 693 posuit
2273 623 2444 685 illud,
2474 634 2531 688 Α·
2615 627 2731 689 Μαί

2347 623 2404 675 ad
2428 662 2444 685 ,
2474 634 2531 688 Α·
2615 624 2942 690 Μαρτύριον
2976 622 3044 673 ἐν
3086 619 3165 684 τῷ
3219 621 3425 687 Ἰωσὴφ
3475 620 3638 671 ἔθετο
3689 618 3854 681 αὐτὸ,
3887 620 3956 670 ἐν
4001 617 4087 682 τῷ

924 736 1039 772 cum
1077 708 1235 770 exiret
1285 716 1346 770 de
1394 727 1531 768 terra
1577 716 1823 786 Egypti,
1877 716 2104 784 linguam
2145 729 2301 782 quam
2346 727 2446 764 non
2543 715 2664 776 ἐξελ

2543 713 2805 776 ἐξελθεῖν
2840 714 3024 766 αὑτὸν
3052 712 3121 763 ἐκ
3156 710 3266 779 γῆς
3306 711 3637 776 Αἰγύπτου,
3687 706 3970 776 γλῶσσαν
4002 706 4088 773 ἢν
4201 750 4205 756 .

2544 805 2651 856 οὐκ
2680 807 2828 871 ἑγνω
2873 803 3115 868 ἤκουσε.
3151 801 3225 852 Τὸ
3257 798 3543 869 προλεχθὲν
3590 797 3718 867 περὶ
3771 795 4092 863 σαλπίγγων

925 816 1131 860 noverat
1171 807 1385 860 audivit.
1423 799 1775 861 Memoratum
1810 805 1876 860 de
1903 805 2051 859 tubis
2084 807 2407 872 praeceptum
2431 838 2446 864 ,

926 897 1322 959 testimonium,
1383 896 1598 966 inquit,
1648 896 1830 965 posuit
1873 895 1927 948 in
1975 891 2191 962 Joseph.
2246 890 2450 945 Secun-

926 987 1054 1039 dum'
1084 986 1459 1055 Symmachum
1486 1001 1643 1040 vero:
1685 985 2118 1052 Testiﬁcationem
2145 998 2233 1051 per
2261 981 2450 1050 Ioseph

926 1077 1093 1143 posuit
1139 1075 1268 1129 illud
1293 1091 1312 1128 :
1355 1076 1726 1131 testimonium
1767 1088 1897 1129 vero
1935 1075 2090 1143 quasi
2129 1073 2451 1128 testiﬁcatus

925 1163 1121 1217 dabat:
1152 1171 1374 1233 eratque
1401 1164 1530 1220 illud
1579 1164 1791 1233 signum
1835 1163 2056 1217 alterius
2094 1162 2192 1216 rei.
2229 1161 2451 1230 Aliquas

911 1257 1064 1321 [enim
1114 1255 1271 1310 tubas
1321 1255 1727 1316 subindicabat,
1782 1269 2006 1323 quarum
2054 1253 2280 1307 ofﬁcium
2328 1268 2449 1306 cum

906 1345 1147 1414 apostoli
1206 1344 1506 1398 Servatoris
1557 1344 1763 1407 nostri,
1814 1350 1926 1395 tum
1971 1343 2259 1412 evangelici
2304 1342 2451 1396 verbi

923 1447 1195 1502 praecones
1241 1433 1435 1502 partim
1485 1433 1801 1500 explebant.
1852 1447 1950 1500 per
1997 1446 2209 1485 omnem
2253 1438 2451 1485 terram

923 1523 1271 1592 clangentes,
1327 1523 1684 1591 omnibusque
1738 1523 1990 1592 gentibus
2049 1521 2300 1576 salutaris
2360 1519 2452 1573 Dei

925 1612 1184 1666 adventus
1244 1612 1439 1666 festum
1498 1612 1872 1682 praedicantes.
1933 1611 2269 1665 Arcanorum
2325 1623 2453 1663 vero

924 1702 1441 1755 consummationem
1489 1716 1582 1768 per
1630 1701 1849 1770 angelos
1898 1699 2130 1753 futuram
2173 1699 2330 1754 docet
2362 1699 2452 1768 qui

926 1790 1040 1842 ait:
1071 1789 1215 1842 Tuba
1247 1801 1393 1842 canet
1423 1792 1592 1853 enim,
1632 1799 1681 1843 et
1719 1790 1909 1842 mortui
1946 1791 1998 1842 in
2038 1789 2242 1844 Christo
2280 1805 2455 1842 resur-

923 1887 1041 1948 gant
1091 1878 1244 1944 primi
1286 1879 1329 1908 °°
1367 1896 1379 1942 ;
1435 1894 1497 1932 ac
1540 1894 1752 1932 rursum
1783 1897 1795 1932 :
1828 1878 1894 1931 In
1934 1888 2221 1941 momento,
2255 1879 2310 1930 in
2348 1879 2453 1931 ictu

2547 894 2866 963 πρόσταγμα
2904 891 3213 962 μαρτύριον,
3253 890 3434 959 φησὶν,
3462 886 3611 941 ἔθετο
3651 887 3708 939 ἑν
3745 871 3843 956 τῷ.
3865 887 4090 956 Ἰωσήφο

2548 986 2683 1039 κατὰ
2711 986 2765 1037 δὲ
2785 986 2874 1037 τὸν
2891 987 3176 1054 Σύμμαχον
3193 1025 3210 1048 ,
3247 982 3587 1050 Μαρτυρίαν
3613 980 3707 1033 διὰ
3732 980 3836 1034 τοῦ
3867 978 4092 1047 Ἰωσὴφ

2549 1077 2758 1141 ἔταξεν
2781 1079 2952 1130 αὐτό·
2986 1077 3046 1129 τὸ
3076 1076 3130 1127 δὲ
3163 1073 3454 1146 μαρτύριον
3495 1071 3680 1141 ὥσπερ
3722 1070 4090 1140 διαμαρτυρό-

2551 1185 2712 1238 μενος
2748 1167 2934 1220 ὲδίδουο
2966 1168 3058 1220 καὶ
3093 1162 3158 1237 ἦν
3187 1165 3342 1217 τοῦτο
3373 1166 3590 1236 σημεῖον
3610 1164 3791 1233 ἑτέρου
3829 1163 4093 1233 πράγμα-

2549 1274 2668 1326 τος·
2714 1257 2958 1326 ᾐνίττετο
2989 1257 3094 1326 γὰρ
3145 1257 3270 1325 περί
3314 1272 3470 1308 τινων
3525 1253 3866 1320 σαλπίγγων,
3906 1245 3979 1304 ὧν
4025 1252 4096 1302 ὲκ

2554 1349 2748 1420 μέρους
2782 1348 2877 1416 μὲν
2902 1349 2949 1398 oi
2985 1347 3267 1400 ἀπόστολοι
3306 1346 3396 1398 τοῦ
3437 1345 3685 1414 Σωτῆρος
3711 1342 3885 1412 ἡμῶν,
3916 1340 4010 1394 καὶ
4042 1340 4097 1393 οἱ

2549 1436 2639 1489 τοῦ
2667 1435 3014 1503 εὐαγγελικοῦ
3038 1437 3193 1504 λόγου
3214 1438 3446 1506 κήρυκες
3469 1433 3678 1503 ἀπεπλή
3688 1450 3810 1503 ρουν
3837 1432 3905 1484 τὰ
3932 1433 4093 1502 ἔργα,

2550 1529 2627 1588 είς
2678 1530 2854 1580 πᾶσαν
2884 1526 2980 1597 τὴν
3027 1527 3129 1595 γῆν
3181 1525 3542 1589 σαῦιπίζοντες,
3577 1525 3670 1576 καὶ
3707 1524 3868 1576 πᾶσιν
3919 1521 4098 1574 ἔθνεσι

2550 1615 2902 1686 κηρύττοντες
2947 1615 3043 1686 τὴν
3079 1616 3176 1685 τῆς
3228 1615 3490 1684 σωτηρίου
3531 1613 3842 1682 θεοφανείας
3881 1612 4097 1681 ἑορτήν.

2551 1703 2631 1754 Τὰ
2656 1703 2710 1756 δὲ
2736 1703 3144 1774 ἀποτελέσματα
3166 1702 3275 1755 τῶν
3296 1701 3740 1772 ἀποῤῥητοτέρων
3763 1701 3828 1752 δι’
3853 1698 4101 1766 ἀγγέλων

2553 1796 2765 1849 ἔσεσθαι
2798 1793 3033 1847 διδάσκει
3083 1795 3110 1846 ὁ
3160 1791 3328 1845 εἰπών
3353 1809 3367 1822 ⁸
3413 1792 3701 1845 Σαλπίσει
3731 1790 3858 1859 γὰρ,
3906 1790 4004 1844 καὶ
4041 1791 4104 1842 οἱ

2551 1886 2743 1954 νεκροὶ
2756 1886 2824 1938 ἐν
2840 1881 3062 1953 Χριστῷ
3076 1881 3492 1953 ἐγερθήσονται
3525 1881 3736 1948 πρῶτοι
3755 1898 3768 1910 ·
3788 1880 3879 1932 καὶ
3895 1878 4057 1932 πάλιν
4082 1895 4096 1907 ·

925 1945 1090 2027 oculi,
1122 1968 1176 2018 in
1204 1966 1481 2019 novissima
1515 1967 1638 2018 tuba
1658 1968 1700 1998 ’ί
1731 1981 1746 2027 ;
1781 1965 2249 2033 iterumquezlpse
2277 1964 2454 2018 Domi-
2484 1945 2524 1998 Β
2565 1945 2665 2026 Ἐξ

2364 1968 2454 2018 mi-
2484 1945 2524 1998 Β
2565 1945 2668 2026 Ἑν.
2689 1945 2901 2043 ordne.
2928 1945 3150 2041 ὲνριπξῆ
3167 1945 3492 2040 deliciam”).
3513 1945 3582 2024 ὲέ
3603 1968 3676 2037 τῆ
3698 1968 3922 2038 ἐσχάτη
3951 1967 4104 2022 (τά-ι’*

925 2074 1021 2112 nus
1051 2058 1104 2110 in
1131 2057 1283 2125 jussu
1311 2066 1361 2110 et
1394 2057 1447 2109 in
1477 2072 1591 2109 voce
1631 2055 1962 2124 archangeli,
2007 2064 2055 2108 et
2103 2057 2158 2108 in
2197 2055 2321 2108 tuba
2361 2055 2456 2108 Dei
2553 2079 2665 2134 πιγε

2361 2055 2456 2108 Dei
2553 2079 2709 2134 πιγγι
2729 2082 2742 2094 ·
2762 2066 2853 2117 καὶ
2869 2064 3026 2116 πάλιν
3045 2081 3057 2092 ο
3075 2063 3262 2128 Αὐτὸς
3281 2065 3313 2115 ὁ
3325 2063 3535 2128 Κύριος
3549 2060 3618 2112 ἐν
3631 2061 3981 2127 κελεύσματι
3999 2055 4100 2111 και

927 2146 1198 2206 descendet
1229 2149 1295 2200 θ’.
1343 2145 1439 2200 His
1481 2161 1641 2215 porro
1690 2144 1944 2200 Servator
1987 2145 2284 2214 discipulos
2330 2160 2457 2200 suos
2554 2155 2667 2222 ένςι

2364 2161 2457 2200 υοε
2554 2155 2622 2206 ἐν
2638 2153 2803 2222 φωνῇ
2819 2153 3186 2222 ἀρχαγγέλου
3203 2154 3297 2205 καὶ
3311 2153 3378 2204 ὲν
3391 2152 3673 2220 σάλπιγγι
3691 2152 3835 2204 Θεοῦ
3851 2151 4071 2216 καταὸή
4089 2179 4104 2190 ο

927 2236 1373 2292 initiabatdicens
1394 2257 1405 2290 :
1430 2236 1494 2289 Et
1519 2235 1760 2289 videbunt
1788 2234 1987 2288 Filium
2014 2236 2235 2289 hominis
2263 2236 2460 2289 venien-
2555 2261 2667 2298 σετι

2364 2236 2460 2288 ἱει-
2555 2260 2740 2298 σεται.
2766 2241 2947 2294 Ταῦτα
2963 2241 3018 2292 δὲ
3041 2241 3132 2292 καὶ
3154 2245 3182 2292 ο
3209 2240 3393 2310 Σωτὴρ
3412 2238 3781 2309 ὲμυσταγώγει
3799 2240 3918 2300 τοὺς
3935 2237 4104 2292 αὐτοῦ

927 2337 1028 2382 tem
1056 2329 1109 2380 in
1143 2327 1363 2381 nubibus
1399 2328 1510 2380 caeli
1542 2344 1653 2380 cum
1689 2334 1938 2395 potestate
1964 2335 2011 2380 et
2041 2325 2314 2395 majestate
2341 2343 2458 2380 ma-
2560 2334 2662 2404 μαθ

2365 2343 2458 2380 na-
2560 2332 2818 2404 μαθητὰς,
2862 2331 3030 2398 λέγων
3054 2347 3067 2360 ο
3113 2331 3220 2382 Kal
3260 2331 3505 2397 ὄψονται
3531 2330 3637 2381 τὸν
3691 2330 3828 2381 Υιὸν
3853 2328 3958 2382 τοῦ
3995 2329 4105 2382 ἁν-

926 2434 1047 2488 gna.
1096 2417 1163 2471 Et
1204 2419 1368 2471 mittet
1413 2419 1619 2487 angelos
1668 2436 1789 2472 suos
1840 2435 1955 2471 cum
1989 2419 2113 2471 tuba
2145 2434 2368 2488 magna,
2411 2427 2460 2472 et
2557 2421 2666 2488 θρώ

2361 2460 2368 2484 ,
2411 2427 2460 2472 et
2557 2421 2783 2488 θρώπου
2810 2420 3129 2487 ἐρχόμενον
3153 2419 3248 2470 ἐπὶ
3275 2417 3389 2469 τῶν
3415 2416 3682 2485 νεφελῶν
3703 2415 3807 2469 τοῦ
3839 2416 4101 2482 οὐρανοῦ

927 2508 1304 2578 congregabunt
1333 2507 1519 2560 electos
1547 2507 1658 2576 ejus
1686 2524 1748 2560 ex
1777 2517 1999 2576 quatuor
2030 2509 2222 2569 ventis,
2254 2523 2286 2559 a
2320 2523 2462 2560 sum-

932 2599 1030 2652 mis
1073 2599 1317 2652 caelorum
1359 2615 1517 2668 usque
1564 2597 1631 2651 ad
1677 2608 1960 2651 extremum
2005 2614 2181 2651 eorum
2228 2597 2294 2650 ”.
2356 2596 2461 2653 Sed

936 2695 1270 2743 mortuorum
1312 2687 1526 2758 quidem
1576 2689 1932 2752 resurrectio,
1988 2703 2084 2757 per
2127 2689 2464 2758 evangelieas

932 2778 1090 2832 tubas
1123 2780 1506 2833 annuntiantes
1550 2778 1835 2834 adventum
1867 2779 2016 2849 regni
2045 2777 2164 2832 Filii
2215 2778 2327 2845 Dei,
2359 2778 2464 2833 elli-

932 2867 1104 2922 cietur
1132 2885 1145 2921 :
1181 2868 1406 2937 apostoli
1435 2875 1611 2922 autem
1637 2869 1748 2936 jam
1781 2870 1835 2922 in
1865 2869 2037 2939 primo
2069 2868 2301 2924 adventu
2345 2869 2464 2936 ejus

930 2959 1106 3023 tubis,
1136 2959 1346 3029 magnis
1389 2959 1594 3014 scilicet
1642 2959 1873 3030 Spiritus
1918 2960 2091 3016 sancti
2131 2959 2466 3014 vociferatio-

929 3050 1091 3105 nibus
1121 3057 1334 3105 utentes
1359 3089 1375 3115 ,
1423 3058 1688 3120 quotquot
1729 3050 1854 3105 olim
1895 3049 2189 3106 secundum
2232 3050 2464 3103 animam

941 3139 1134 3192 mortui
1166 3149 1319 3193 erant
1335 3177 1352 3201 ,
1384 3139 1449 3191 ad
1473 3139 1633 3192 vitam
1653 3154 1772 3208 quae
1801 3139 1855 3192 in
1881 3139 1989 3194 Deo
2010 3145 2102 3207 est
2119 3145 2462 3194 revocarunt.

932 3225 1169 3291 Quorum
1201 3226 1442 3296 symbola
1471 3226 1689 3280 tradens
1715 3225 1942 3297 Moyses,
1972 3225 2244 3282 Tubarum
2269 3227 2464 3282 festum

933 3316 1049 3383 lege
1085 3315 1333 3369 sancivit.
1364 3314 1698 3384 Quapropter
1726 3314 1925 3370 dicitur
1953 3335 1966 3371 :
1991 3315 2378 3372 Testimonium
2407 3319 2463 3370 in

931 3403 1118 3472 Ioseph
1139 3406 1308 3472 posuit
1330 3404 1483 3461 illud.
1506 3404 1786 3471 Quodnam
1812 3406 1943 3460 illud
1965 3418 2288 3478 praeceptum
2313 3409 2465 3463 erat?

932 3495 1000 3550 de
1028 3495 1172 3549 tubis
1201 3494 1446 3550 scilicet:
1483 3496 1552 3550 ab
1592 3511 1699 3550 una
1729 3505 1909 3552 autem
1945 3498 2090 3552 tribu
2135 3495 2340 3568 Josepb
2381 3508 2464 3553 to-

932 3593 1041 3640 tam
1073 3593 1284 3656 gentem
1311 3586 1587 3640 indicavit.
1616 3585 1727 3640 Cur
1750 3594 1926 3641 autem
1954 3588 2007 3641 in
2035 3588 2119 3641 bis
2148 3597 2316 3641 totam
2340 3604 2466 3658 gen-

933 3682 1038 3730 tem
1061 3673 1259 3744 Ioseph
1287 3675 1534 3729 vocavit?
1557 3674 1692 3738 Quia
1713 3674 1932 3746 Iosephi
1963 3672 2249 3732 occasione
2277 3692 2466 3734 omnes

935 3767 989 3819 in
1016 3764 1302 3834 Egyptum
1329 3763 1743 3818 descenderunt.
1777 3765 2131 3831 Quandonam
2161 3781 2290 3822 vero
2321 3769 2469 3822 testi-

937 3855 1173 3908 monium
1195 3893 1210 3919 ,
1251 3855 1495 3909 videlicet
1540 3855 1786 3911 tubarum
1821 3857 1989 3927 legem
2019 3859 2217 3928 populo
2246 3859 2426 3929 posuit
2451 3899 2466 3924 ,

936 3945 1039 4000 nisi
1088 3959 1196 4016 quo
1239 3953 1478 4016 tempore
1514 3946 1700 4003 eduxit
1739 3962 1861 4002 eum
1901 3949 1967 4003 de
2014 3955 2156 4003 terra
2206 3949 2464 4021 Egypti,

936 4035 1152 4107 quando
1183 4037 1416 4107 linguam
1450 4051 1608 4108 quam
1652 4051 1760 4092 non
1789 4046 2011 4093 noverat
2053 4039 2298 4095 audivit?
2333 4041 2466 4095 Cum

935 4129 1078 4183 enim
1106 4128 1158 4181 in
1179 4127 1394 4184 deserto
1416 4137 1779 4192 versarentur,
1806 4143 1934 4184 voce
1961 4127 2053 4184 Dei
2079 4129 2282 4200 dignati
2306 4140 2464 4195 sunt,

938 4218 1358 4288 quiDecalogum
1388 4220 1624 4288 ipsorum
1651 4220 1868 4275 auribus
1896 4227 2174 4290 exceptum
2195 4263 2209 4284 ,
2245 4236 2468 4277 servan-

938 4307 1065 4362 dum
1098 4306 1336 4360 tradidit.
1369 4305 1632 4375 Tempore
1670 4315 1847 4362 autem
1878 4309 1986 4362 illo
2031 4309 2100 4363 ab
2150 4308 2468 4380 Egyptiaca

939 4399 1198 4455 servitute
1241 4407 1293 4453 et
1337 4398 1638 4453 calamitate
1675 4398 1886 4451 liberati
1929 4408 2075 4454 sunt.
2106 4402 2467 4466 Quamobrem

936 4491 1138 4545 dictum
1168 4497 1280 4544 est:
1303 4516 1368 4527 —~
1386 4486 1569 4558 (Vens.
1587 4487 1972 4558 7.)Divertitab
1999 4491 2233 4545 oneribus
2257 4492 2469 4547 dorsum

2553 2511 2698 2580 μετὰ
2719 2509 3020 2577 δυνάμεως
3057 2508 3150 2560 καὶ
3178 2507 3358 2571 δόξης
3379 2505 3634 2574 πολλῆς.
3655 2506 3761 2558 Καὶ
3783 2505 4114 2559 ἀποστελεῖ

2555 2599 2695 2662 τοὺς
2731 2598 3020 2666 ἀγγέλους
3055 2597 3238 2649 αὑτοῦ
3266 2596 3415 2664 μετὰ
3452 2595 3781 2664 σάλπιγγος
3811 2594 4104 2664 μεγάλης,

2559 2690 2654 2743 καί
2691 2686 3123 2751 ἐπισυνάξουσι
3154 2686 3295 2752 τοὺς
3324 2685 3643 2752 ἐκλεκτοὺς
3669 2686 3851 2742 αὐτοῦ
3882 2685 3948 2738 ἐκ
3983 2685 4110 2739 τῶν

2558 2779 2864 2845 τεσσάρων
2886 2777 3134 2846 ἀνέμων,
3156 2777 3254 2830 ἀπ’
3280 2778 3474 2845 ἄκρων
3496 2776 3763 2844 οὐρανῶν
3786 2777 3894 2843 ἕως
3915 2777 4106 2845 ἀκρον

2559 2867 2772 2920 αὐτῶν.
2814 2867 2948 2919 Ἀλλ’
2989 2869 3026 2936 ἡ
3074 2867 3170 2937 μὲν
3221 2867 3328 2919 τῶν
3372 2867 3575 2939 νεκρῶν
3615 2867 3904 2930 ἀνάστασις
3950 2867 4106 2923 ἔσται

2562 2960 2688 3011 ποτὲ
2727 2958 2814 3011 διὰ
2851 2958 3159 3026 σαλπίγγων
3203 2958 3568 3026 εὐαγγελικιῖΝ
3614 2957 4106 3028 εὐαγγελιζομένων

2562 3050 2657 3119 τὴν
2685 3048 2865 3117 ἄφιξιν
2899 3049 2995 3118 τῆς
3027 3048 3298 3118 βασιλείας
3327 3047 3426 3100 ,τοῦ
3455 3047 3584 3100 Υἱοῦ
3611 3047 3704 3100 τοῦ
3737 3048 3869 3100 Θεοῦ
3888 3065 3901 3078 ·
3932 3049 4021 3101 καὶ
4047 3049 4104 3101 οε

2563 3139 2844 3193 ἀπόστολοι
2877 3137 2932 3190 δὲ
2962 3137 3206 3190 ἐντεῦθεν
3246 3138 3343 3208 ἤδη
3386 3131 3524 3190 κατᾶ
3561 3138 3656 3207 τὴν
3692 3136 3910 3208 πρώτην
3937 3138 4106 3192 αὑτοῦ

2492 3255 2533 3314 c
2567 3227 2862 3298 παρουσίαν
2889 3224 3136 3294 σάλπιγξι
3170 3226 3456 3296 χρώμενοι,
3481 3227 3598 3288 ταῖς
3627 3225 3720 3278 τοῦ
3744 3227 3898 3294 ἁγίου
3938 3227 4105 3280 Πνεύο

2567 3336 2732 3390 ματος
2779 3317 3198 3388 μεγαλοφωνίαις
3237 3318 3440 3380 πάντας
3471 3317 3821 3372 ἀνεκαλοῦντο
3850 3319 3971 3382 τοὺς
3998 3319 4102 3388 ψυ-

2559 3411 2657 3479 χὰς
2707 3409 3133 3480 νενεκρωμένους
3174 3409 3262 3462 ἐπὶ
3316 3408 3412 3480 τὴν
3457 3409 3514 3462 ἐν
3553 3408 3670 3480 Θεῷ
3705 3409 3876 3480 ζωήψ
3910 3404 3982 3462 ὧν
4034 3410 4106 3463 τὰ

2560 3500 2803 3570 σύμϐολα
2841 3499 3046 3569 Μωσῆς
3077 3498 3431 3574 παραδιδοὺς,
3481 3498 3579 3569 τὴν
3626 3497 3752 3569 περὶ⁵
3797 3498 4106 3567 σαλπίγγων

2559 3591 2859 3661 ἐνομοθέτει
2889 3591 3099 3660 ἑορτήν.
3131 3589 3221 3642 Διὸ
3250 3583 3493 3641 λέλεκται
3514 3604 3528 3619 ο
3567 3589 3897 3657 Mappr
3931 3588 3999 3641 ἐν
4023 3588 4102 3654 τῷ

2575 3682 2783 3751 Ἰωσὴφ
2809 3683 2969 3736 ἔθετο
3001 3682 3165 3736 αὑτό.
3191 3680 3256 3734 Τί
3280 3681 3335 3733 δὲ
3377 3680 3507 3733 αὐτὸ
3546 3676 3615 3750 ἦν
3657 3680 3717 3733 τὸ
3749 3681 4100 3750 πρόσταγμα;

2560 3773 2621 3826 τὸ
2651 3774 2779 3843 περὶ
2802 3772 2908 3826 τῶν
2936 3771 3242 3840 σαλπίγγων
3263 3788 3277 3801 ο
3309 3771 3415 3824 ἀπὸ
3442 3773 3569 3840 μιᾶς
3602 3771 3658 3824 δὲ
3689 3771 3856 3842 φυλῆς
3889 3757 3989 3840 τῆς
4009 3769 4103 3824 τοῦ

2576 3866 2766 3936 Ἰωσὴφ
2797 3865 2858 3918 τὸ
2885 3866 2992 3917 πᾶν
3025 3865 3211 3934 ἐδήλου
3234 3862 3398 3926 ἔθνος.
3434 3862 3532 3916 Διὰ
3555 3862 3607 3916 τί
3638 3863 3695 3917 δὲ
3720 3865 3778 3916 ὲν
3803 3863 4008 3925 τούτοις
4042 3861 4107 3916 τὸ

2564 3959 2670 4010 πᾶν
2693 3957 2842 4019 ἔθνος
2881 3955 3073 4026 Ἰωσὴφ
3107 3956 3422 4025 ὡνόμασενς
3479 3955 3796 4025 Ἐπειδήπερ
3837 3953 4104 4024 προφάσει

2563 4046 2654 4101 τοῦ
2695 4045 2887 4117 Ἰωσὴφ
2923 4046 2972 4096 oi
2995 4045 3190 4108 πάντες
3227 4043 3674 4114 κατεληλύθεισαν
3703 4046 3780 4106 είς
3813 4042 4104 4112 Αἴγυπτον.

2564 4137 2700 4189 Πότε
2727 4135 2782 4188 δὲ
2816 4134 3105 4206 μαρτύριον
3136 4134 3228 4186 τὸν
3265 4133 3390 4204 περὶ
3434 4132 3741 4200 σαλπίγγων
3771 4132 3929 4202 νόμον
3957 4133 4108 4185 ἔθετο

2563 4227 2639 4297 τῷ
2667 4225 2798 4296 λαῷ,
2823 4225 2857 4295 ἦ
2887 4225 3003 4278 κατ’
3029 4225 3233 4278 ἐκεῖνον
3264 4224 3352 4277 τὸν
3375 4224 3581 4294 χρόνον,
3616 4223 3736 4276 καθ’
3755 4222 3812 4275 ὃν
3843 4223 4108 4294 ἐξήγαγεν

2565 4316 2756 4386 αὐτοὺς
2796 4317 2858 4367 ὲκ
2895 4315 2996 4384 γῆς
3021 4313 3314 4381 Αἰγύπτου,
3348 4314 3577 4385 ὁπηνίκα
3603 4305 3847 4382 γλῶσσαν
3893 4313 3962 4382 ἢν
4006 4312 4105 4365 οὐκ

2566 4404 2994 4474 ἔγνω’ῆκουσεν;
3029 4405 3147 4457 Ἐπὶ
3190 4403 3289 4474 τῆς
3320 4405 3523 4476 ἐρήμου
3567 4403 3675 4475 γὰρ
3712 4403 4101 4475 διατρίϐοντες,

2568 4495 2748 4564 φωνῆς
2796 4494 2928 4547 Θεοῦ
2972 4495 3409 4565 κατηξιώθησαν,
3454 4495 3550 4565 τὴν
3592 4495 3887 4563 Δεκὰλογον
3927 4496 4105 4558 αὐτοῖς

934 4583 1078 4650 ejus,
1109 4598 1293 4634 manus
1326 4581 1437 4650 ejus
1475 4581 1527 4632 in
1560 4579 1774 4648 cophino
1813 4581 2137 4646 servierunt;
2173 4583 2466 4636 secundum
2500 4596 2542 4649 ι)
2570 4584 2674 4648 seu:

2365 4583 2466 4636 lum
2500 4596 2542 4649 ι)
2570 4584 2885 4648 ἐξάκουστον
2909 4583 3334 4652 διαταπομένου.
3364 4583 3496 4634 Κατ’
3519 4583 3691 4634 ἐκεῖνο
3717 4581 3772 4633 δὲ
3797 4579 3984 4651 καιροῦ
4014 4582 4105 4634 καὶ

941 4672 1320 4743 Symmachum
1352 4687 1516 4726 vero:
1548 4671 1891 4725 Abstulerunt
1922 4671 1985 4725 ab
2013 4688 2165 4726 onere
2200 4671 2468 4725 humerum

936 4763 1089 4830 ejus:
1113 4777 1294 4813 manus
1322 4761 1432 4823 eius
1463 4777 1493 4811 a
1521 4760 1734 4828 cophino
1761 4760 1988 4814 liberatae
2016 4759 2318 4818 sunt.,Nam
2346 4775 2468 4814 cum
2499 4820 2507 4827 ,

938 4849 1207 4905 Pharaoni
1247 4851 1543 4912 servirent,
1576 4865 1638 4903 ac
1663 4852 1774 4903 luto
1805 4851 2169 4919 lateribusque
2205 4850 2470 4921 astringe-

940 4947 1145 5004 rentur,
1169 4938 1412 4993 civitates
1426 4921 1535 5007 ipsi
1557 4937 1903 5003 aediﬁcantes,
1925 4946 2053 4993 tunc
2076 4952 2209 4993 sane
2227 4939 2472 5008 cophinis

942 5046 1169 5094 manus,
1199 5029 1456 5084 oneribus
1486 5029 1696 5083 humeri
1724 5027 2175 5098 defatigabantur.
2209 5028 2471 5084 Caeterum

942 5123 1248 5177 visitatione
1289 5119 1381 5174 Dei
1421 5120 1772 5178 adveniente,
1823 5118 1975 5171 liberi
2013 5133 2250 5173 evasere.
2297 5118 2474 5183 Quare

943 5214 1058 5267 ait:
1103 5210 1321 5266 Diosrtit
1364 5209 1426 5262 ab
1471 5203 1710 5262 oneribus
1738 5206 1953 5260 dorsum
1984 5207 2115 5275 ejus.
2165 5205 2297 5271 Quis
2348 5222 2474 5261 vero

943 5304 1194 5367 divertit,
1237 5303 1340 5377 nisi
1378 5301 1468 5370 qui
1511 5300 1756 5354 liberavit
1805 5313 1898 5353 eos
1937 5297 2126 5352 Deus?
2177 5297 2272 5352 liis
2309 5312 2473 5368 porro

945 5380 1193 5464 dignatus
1234 5408 1328 5448 eos
1361 5400 1476 5454 est,
1529 5390 1654 5457 quia
1696 5390 1749 5442 in
1790 5388 2133 5443 tribulatione
2174 5390 2344 5458 ipsum
2398 5388 2475 5440 in-

943 5485 1223 5539 vocabant.
1284 5481 1435 5547 Quod
1481 5481 1640 5534 etiam
1692 5477 1887 5547 Moysis
1919 5477 2194 5546 Scriptura
2239 5478 2474 5533 declarat

946 5574 1131 5628 dicens
1167 5590 1181 5625 :
1217 5569 1282 5623 Et
1337 5572 1688 5639 ingemuerunt
1751 5567 1850 5635 ﬁlii
1910 5565 2101 5630 Israel,
2166 5577 2214 5621 et
2273 5566 2473 5622 clama-

947 5673 1124 5718 Dmtnt
1156 5663 1222 5715 ad
1247 5659 1521 5713 Dominmm
1591 5668 1641 5711 et
1678 5657 1907 5712 ascendit
1946 5657 2144 5710 clamor
2183 5675 2359 5713 eorum
2404 5659 2471 5711 ad

2566 4671 2663 4740 τῆς
2703 4672 2829 4740 παρ’
2870 4671 3182 4739 Αἰγυπτίοις
3221 4669 3457 4733 δουλείας
3497 4687 3556 4721 τε
3605 4669 3697 4722 καὶ
3743 4667 4118 4731 κακοπαθείας-

2566 4761 2962 4832 ηλευθεροῦντο.
2979 4764 3066 4815 Διὸ
3085 4761 3346 4816 λέλεκται·
3379 4761 3735 4828 Ἀπέστησεν
3748 4761 3864 4816 ἀπὸ
3880 4761 4106 4829 ἇρσεων

2569 4853 2674 4905 τὸν
2697 4852 2887 4906 νῶτον
2914 4851 3119 4906 αὑτοῦ·
3160 4855 3217 4905 al
3242 4852 3432 4920 χεῖρες
3461 4852 3642 4906 αὐτοῦ
3684 4853 3752 4906 ἐν
3774 4851 3854 4917 τῷ
3887 4855 4108 4921 κοφίνῳ

2570 4941 2933 4997 ἐδούλευσαν
2952 4961 2966 4974 ⁸
2986 4942 3124 4995 κατὰ
3142 4942 3196 4994 δὲ
3224 4943 3313 4995 τὸν
3340 4943 3626 5013 Σύμμαχον
3644 4958 3660 4973 ⁸
3683 4941 3972 5010 Παρεῒλον
3991 4941 4107 4996 ἀπὸ

2567 5032 2916 5100 βαστατμοῦ
2941 5032 3046 5084 τὸν
3080 5027 3237 5100 ὦμον
3267 5032 3469 5096 αὑτοῦ,
3495 5035 3552 5085 αἱ
3572 5031 3757 5100 χεῖρες
3795 5030 3978 5084 αὑτοῦ
4009 5047 4106 5084 κου

2575 5122 2749 5189 φίνου
2772 5121 3358 5190 ἁπηλλάγησαν.”οτε
3377 5121 3488 5192 γὰρ
3508 5121 3785 5174 ἐδούλευον·
3801 5120 3878 5191 τῷ
3891 5121 4105 5193 Φαραὼ,

2577 5210 2728 5280 πηλῷ
2752 5229 2809 5263 τε
2845 5211 2937 5264 καὶ
2976 5211 3217 5282 πλινθείᾳ
3247 5209 3675 5279 κατειργάζοντο,
3711 5211 4107 5280 οίκοδομοῦντες

2575 5298 2717 5368 αὑτῷ
2746 5299 2843 5360 τὰς
2873 5297 3070 5361 πόλεις,
3091 5299 3150 5350 τὸ
3169 5297 3463 5369 τηνικαῦτα
3488 5297 3720 5365 κοφίνοις
3749 5300 3844 5370 μὲν
3880 5300 3975 5362 τὰς
3997 5303 4106 5369 χεῖ-

2577 5404 2693 5458 ρας,
2723 5389 3060 5458 βαστάγμασι
3091 5388 3146 5441 δὲ
3176 5389 3299 5450 τοὺς
3329 5387 3508 5457 ὤμους
3536 5388 3944 5458 κατεπονοῦντο,
3965 5389 4107 5458 Πλὴν

2575 5479 2706 5533 ἀλλὰ
2737 5480 2936 5531 τούτων
2961 5480 3206 5532 ἁπάντων
3227 5477 3493 5548 ἐλεύθεροι
3519 5480 3848 5551 κατέστησαν
3876 5479 3974 5549 τῆς
3993 5481 4109 5530 ὲπι-

2578 5571 2779 5640 σκοπῆς
2820 5571 2997 5630 αὐτοῖς
3031 5568 3340 5639 γενομένης.
3383 5569 3472 5621 Διό
3503 5586 3692 5639 φησιν’
3751 5570 4109 5635 Ἀπέστησεν

2576 5661 2690 5714 ἀπὸ
2730 5661 2957 5727 ᾶρσεων
2980 5660 3083 5712 τὸν
3114 5659 3302 5712 νῶτον
3337 5660 3540 5716 αὑτοῦ.
3575 5662 3670 5726 Τίς
3697 5661 3762 5716 δὲ
3787 5660 4104 5728 ἀπέστησεν,

1018 5837 1063 5868 ν·
1100 5835 1118 5887 ι
1150 5834 1336 5891 Thess.
1373 5851 1445 5901 ιν,
1482 5835 1570 5890 is.
1643 5837 1685 5868 υ
1725 5835 1897 5890 lCor.
1930 5851 2018 5900 ιν,
2053 5835 2138 5894 52.
2213 5840 2256 5870 οε
2296 5837 2314 5890 ι
2349 5795 2537 5893 Thess.
2579 5854 2648 5901 tv,
2683 5839 2758 5891 ιε).

1671 5837 1685 5867 ⁸
1725 5835 1897 5890 lCor.
1930 5851 2018 5900 sv,
2053 5835 2138 5894 52.
2213 5840 2256 5870 θ’
2296 5837 2314 5890 l
2349 5795 2537 5893 Thess.
2579 5854 2648 5901 tv,
2683 5839 2766 5891 ib.
2841 5837 2886 5868 ”
2925 5836 3088 5890 Matth
3147 5851 3291 5900 sxw,
3327 5837 3407 5893 50.
