4406 6406
377 467 479 522 977

1468 475 1962 538 COMMENTARIA
2001 479 2066 533 IN
2102 478 2430 536 PSALMOS.

3421 485 3520 553 978

370 580 485 632 ἀλλ’
507 581 540 651 ἢ
564 581 594 634 ὁ
620 582 980 654 ἐλευθερώσας
1000 587 1194 652 αὐτοὺς
1219 588 1377 654 Θεός;
1401 590 1611 647 Τούτων
1634 594 1692 646 δὲ
1716 595 1906 658 αὐτοὺς
1933 603 1976 658 Α
2003 597 2110 651 Deu

1776 598 1906 658 ιτοὺς
1933 603 1976 658 Α
2003 597 2168 651 Deum
2197 597 2260 652 ".
2305 599 2509 664 Quibus
2555 599 2751 665 accinit
2790 600 2890 655 hoc
2931 599 3130 656 dictum
3163 563 3246 657 sic
3274 602 3476 657 habens
3503 621 3516 658 :

371 668 541 735 ἠξίου,
580 673 867 745 ἐπειδήπερ
894 678 950 728 ιν
993 673 1162 745 θλίψει
1201 679 1360 733 αὑτὸν
1391 681 1774 736 ἐπεκαλοῦντο·
1810 687 1901 738 καὶ

371 759 528 810 τοῦτο
560 760 616 812 δὲ
643 762 675 830 ἠ
705 764 942 829 Μωσέως
969 767 1255 836 παρίστησι
1285 769 1470 840 Γραφὴ
1504 771 1731 839 λέγουσα
1750 792 1762 805 ·
1792 776 1899 828 Kal

374 850 810 914 κατεστέναξαν
856 858 909 907 ol
954 856 1070 908 υἱοὶ
1124 857 1363 924 Ἰσραὴλ
1385 900 1399 925 ,
1439 863 1535 915 καὶ
1571 865 1904 931 ἀνεϐόησαν

375 936 521 1002 πρὸς
567 942 811 1007 Κύριον,
856 945 953 996 καὶ
999 945 1179 1012 ἀνέϐη
1223 949 1340 1016 ,ϐοὴ
1385 952 1578 1006 αὐτῶν
1619 955 1765 1020 πρὸς
1799 955 1904 1008 τὸν

376 1025 540 1078 Θεόν,
567 1023 659 1088 Οἷς
684 1029 980 1092 ἀκολούθως
1003 1033 1096 1084 καὶ
1119 1033 1176 1084 τὸ
1202 1039 1369 1106 παρόν
1401 1056 1530 1109 φησι
1559 1041 1736 1109 λόγιον
1761 1060 1770 1070 ·
1810 1045 1904 1097 Ἐν

372 1113 572 1180 θλίψει
603 1116 939 1171 ἐπεκαλέσω
971 1137 1066 1188 με,
1108 1123 1202 1175 καὶ
1246 1125 1581 1198 ἐρρυσάμην
1610 1146 1716 1184 σε’
1761 1134 1903 1199 ἐπή-

371 1202 565 1290 κουσά
599 1218 712 1256 σου
743 1206 811 1257 ἐν
837 1208 1154 1276 ἀποκρύφῳ
1191 1217 1546 1283 καταιγίδος,
1584 1219 1905 1290 ἐδοκίμασά

371 1302 446 1339 σε
470 1289 566 1340 ἐπὶ
595 1290 807 1357 ὕδατος
825 1295 1180 1367 ἀντιλογίας.
1198 1302 1339 1354 ‘Am
1361 1303 1415 1355 δὲ
1444 1305 1553 1356 τοῠο
1573 1289 1904 1373 maneam

370 1390 485 1430 σου
516 1378 585 1430 ἐν
639 1381 957 1453 ἀποκρύφῳ
1018 1392 1366 1461 καταιτίδος,
1405 1397 1434 1447 ὁ
1492 1396 1589 1464 μὲν
1644 1398 1894 1463 Ἀκύλας·

382 1469 719 1560 νιξιτακούσω
756 1489 870 1530 σου
912 1479 980 1532 ἐν
1032 1482 1350 1550 ἀποκρύφῳ
1392 1485 1687 1553 βροντῆς·
1737 1489 1827 1541 καὶ
1866 1491 1900 1560 ἡ

369 1557 589 1627 πέμπτη
615 1560 819 1626 ἔκδοσις
846 1567 1057 1635 ὁμοίως.
1085 1571 1214 1623 Εἶτα
1247 1572 1479 1640 ἐπιλέγει
1498 1592 1511 1603 ·
1554 1557 1901 1642 Ἐδοκίμασά

366 1658 440 1698 σε
470 1646 566 1700 ἐπὶ
595 1648 808 1717 ὕδατος
839 1655 1189 1724 ἀντιλογίας.
1225 1661 1288 1711 Ὃ
1329 1659 1391 1729 δὴ
1423 1663 1515 1714 καὶ
1553 1663 1681 1716 αὐτὸ
1718 1664 1900 1733 σαφῶς

367 1735 402 1805 ή
435 1737 670 1803 Μωσέως
703 1744 989 1814 παρίστησι
1021 1748 1206 1818 Γραφὴ
1253 1749 1505 1818 λέγουσα·
1555 1755 1672 1806 Οὐκ
1718 1751 1808 1823 ἦν’
1833 1755 1901 1807 δὲ

366 1825 519 1894 ὕδωρ
545 1829 699 1883 πιεῖν
728 1833 805 1898 τῷ
838 1834 978 1899 λαῷο
1017 1838 1112 1890 καὶ
1142 1839 1488 1907 ἐλοιδορεῖτο
1516 1845 1548 1896 ὀ
1575 1843 1720 1910 λαὸς
1752 1845 1900 1912 πρὸς

1999 687 2268 756 —(Vsas.
2302 689 2380 756 8.)
2402 688 2466 742 In
2505 689 2834 743 tribulatione
2861 689 3112 743 invocasti
3127 707 3223 754 me,
3252 702 3300 747 et
3314 691 3523 746 liberavi

2003 786 2079 839 te,
2107 777 2348 830 exaudiui
2374 788 2420 831 te
2447 778 2500 830 in
2531 778 2829 833 abscondito
2856 781 3200 846 tempestatis,
3231 781 3444 846 probavi
3474 788 3522 833 te

2000 867 2136 935 apud
2165 884 2352 937 aquam
2381 868 2820 922 contradictionis.
2849 868 2954 922 Pro
2983 869 3072 923 illo
3102 878 3274 922 autem
3298 887 3310 921 :
3341 868 3520 923 Exau-

1999 956 2104 1009 divi
2134 964 2180 1010 te
2208 958 2263 1010 in
2290 957 2588 1012 abscondito
2619 963 2932 1025 tempestatis
2954 999 2969 1022 ,
2997 959 3188 1030 Aquila
3215 959 3294 1013 sic
3319 958 3475 1012 habet
3498 977 3517 1016 :

2004 1047 2296 1112 Exaudiant
2319 1056 2365 1101 te
2398 1049 2452 1102 in
2481 1048 2777 1103 abscondito
2800 1051 3009 1103 tonitrui
3029 1090 3043 1113 ,
3065 1059 3118 1104 et
3145 1044 3330 1118 quinta
3357 1049 3518 1105 editio

2000 1137 2262 1191 similiter.
2303 1127 2502 1193 Deinde
2535 1139 2714 1193 subdit
2763 1158 2777 1192 ε
2828 1139 3051 1192 Probavi
3079 1148 3123 1192 te
3157 1139 3291 1207 apud
3329 1155 3513 1206 aquam

1998 1227 2445 1282 eontradictionis.
2475 1226 2623 1293 Quod
2650 1229 2823 1297 ipsum
2854 1229 2998 1282 clare
3021 1227 3215 1297 Moysis
3240 1226 3517 1296 Scriptura

1998 1324 2212 1369 enarrat
2240 1317 2323 1371 bis
2349 1317 2527 1371 verbis
2551 1336 2564 1371 :
2599 1315 2720 1371 Non
2743 1326 2857 1371 erat
2884 1306 3052 1371 autem
3080 1335 3212 1386 aqua
3242 1319 3308 1370 ad
3344 1318 3517 1371 biben-

1997 1403 2120 1455 dum
2157 1405 2346 1472 populo
2369 1422 2387 1458 :
2419 1416 2467 1459 et
2497 1408 2739 1476 jurgatus
2771 1416 2847 1460 est
2893 1411 3110 1476 populus
3149 1417 3324 1461 contra
3367 1406 3516 1476 Moy-

1997 1509 2102 1546 sem
2133 1493 2305 1548 dicens
2331 1513 2343 1546 :
2365 1495 2444 1548 Da
2481 1499 2624 1549 nobis
2664 1514 2870 1570 aquam,
2903 1508 2958 1550 ut
2990 1500 3243 1552 bibamus.
3275 1497 3370 1552 Ille
3398 1514 3514 1550 vero

1997 1581 2193 1635 dicebat
2223 1598 2242 1634 :
2265 1583 2435 1650 Quare
2459 1585 2747 1654 jurgamini
2783 1603 3010 1651 mecum,
3043 1599 3133 1640 aut
3175 1604 3266 1640 cur
3310 1587 3515 1642 tentatis

1997 1670 2273 1724 Dominum
2301 1673 2378 1724 πῖ
2404 1670 2594 1727 Postea
2623 1688 2783 1727 vero:
2812 1673 2959 1726 Dixit
2982 1674 3187 1743 Moyses
3218 1677 3286 1734 ad
3330 1676 3515 1730 Domi-

1999 1775 2114 1812 num
2133 1774 2154 1814 :
2185 1759 2320 1824 Quid
2356 1760 2545 1824 faciam
2577 1762 2765 1828 populo
2794 1762 2911 1824 huic
2933 1765 2956 1817 ἱ)
2982 1777 3166 1829 parum
3199 1762 3363 1816 aberit
3390 1764 3512 1832 quin

1999 1848 2229 1916 lapident
2256 1865 2354 1902 me.
2386 1848 2580 1903 Deinde
2607 1851 2682 1902 ait
2711 1850 2960 1904 Dominus
2989 1851 3055 1903 ad
3101 1865 3216 1904 eum
3241 1867 3258 1904 :
3287 1850 3387 1903 Hic
3421 1868 3513 1921 ego

366 1915 607 2009 ξίωσῆν,
626 1920 721 1974 καὶ
744 1920 966 1988 ἔλεγον·
986 1923 1094 1989 Δὸς
1111 1925 1248 1992 ἡμῖν
1263 1926 1434 1995 ὕδωρ,
1458 1929 1556 1982 ἵνα
1576 1933 1814 2000 πίωμεν.
1845 1933 1897 1986 Ὀ
1928 1916 1968 1971 Β
1997 1915 2078 1994 sto

1768 1950 1814 1985 ν.
1845 1933 1897 1986 '0
1928 1916 1968 1971 Β
1997 1915 2078 1994 sto
2107 1949 2224 1994 ante
2252 1949 2298 1994 te
2324 1942 2378 1994 in
2399 1951 2546 2008 petra
2565 1943 2622 1994 in
2645 1942 2861 1996 Choreb.
2891 1942 2952 1995 Et
2977 1943 3256 2009 percutiam
3281 1915 3508 2007 petram,

363 2002 433 2055 oe
462 2004 649 2074 ἐλεγεο
677 2009 738 2061 Τί
759 2009 1120 2077 λοιδορεῖσθέ
1144 2032 1265 2081 μοι,
1289 2015 1327 2082 ἢ
1354 2018 1407 2070 τί
1453 2018 1745 2086 πειράζετε
1784 2024 1897 2076 Κύ-

355 2109 525 2160 ριον;
549 2097 655 2149 Καὶ
686 2098 830 2167 ἑξῆς·
859 2097 1004 2155 Ehe
1032 2103 1250 2173 Μωσῆς
1280 2106 1425 2174 πρὸς
1447 2110 1660 2177 Κύριον
1679 2112 1866 2180 λέγων
1881 2131 1893 2144 ·

370 2183 432 2234 Τί
457 2185 682 2249 ποίησω
707 2185 786 2250 τῷ
819 2181 944 2252 ξλαῷ
969 2192 1183 2255 eodem;
1202 2194 1288 2246 ἔτι
1305 2195 1535 2262 μικρὸν,
1557 2196 1653 2248 καὶ
1672 2200 1896 2251 λιθοϐο-

361 2267 631 2355 ἒζήσουσί
659 2291 752 2343 με.
795 2275 918 2331 Εἴθ’
949 2282 983 2333 ό
1017 2282 1229 2348 Κύριος
1268 2284 1413 2355 πρὸς
1442 2287 1622 2338 αὐτόν
1679 2301 1891 2354 φησιν’

360 2352 504 2413 ⁷068
528 2362 641 2429 ἐγὼ
660 2363 882 2434 ἕστηκα
912 2367 1022 2435 πρὸ
1049 2369 1155 2422 τοῦ
1181 2371 1255 2425 σὲ
1277 2352 1416 2437 darei,
1432 2373 1529 2425 ἐπὶ
1557 2373 1664 2442 τῆς
1685 2352 1896 2442 πέτρας

359 2448 432 2502 ἐν
454 2451 674 2517 Χωρήϐ.
704 2454 811 2507 Kal
841 2455 1076 2521 πατάξω
1117 2458 1229 2526 τὴν
1251 2461 1487 2528 πέτραν,
1524 2464 1621 2516 και
1659 2464 1893 2526 ἐξελεύ-

360 2548 529 2589 σεται
549 2536 722 2606 ὕδωρ,
752 2537 847 2594 καὶ
874 2543 1064 2598 πίεται
1095 2548 1127 2601 ό
1154 2548 1320 2613 λαός.
1350 2549 1455 2602 Kal
1479 2549 1757 2616 ἐποίησεν
1793 2552 1893 2605 σῦ-

362 2640 474 2689 τως
504 2627 746 2694 Μωσῆς.
782 2633 888 2685 Kal
916 2633 1259 2704 ἐπωνόμασε
1289 2638 1354 2690 τὸ
1384 2637 1566 2708 ἇνομα
1587 2639 1692 2694 τοῦ
1710 2643 1893 2697 τόπου

359 2712 592 2769 ἐκείνου
628 2719 954 2787 Πειρασμὸς
985 2713 1081 2776 καὶ
1106 2724 1469 2793 Λοιδόρησις,
1500 2728 1598 2782 διὰ
1624 2732 1737 2798 τὴν
1767 2735 1893 2786 λοι-

359 2801 566 2869 δοριαν
585 2803 701 2859 τῶν
727 2807 872 2862 υίῶν
915 2812 1177 2879 Ἰσραὴλ,
1210 2817 1308 2868 καὶ
1345 2816 1442 2870 διὰ
1477 2819 1583 2873 τοῦ
1612 2820 1893 2889 πειράζειν

357 2894 579 2961 αὐτοὺς
600 2891 832 2965 Κύριον,
845 2900 1146 2970 λέγοντας·
1170 2906 1239 2957 El
1258 2904 1386 2958 ἔστι
1403 2908 1611 2974 Κύριος
1636 2911 1705 2963 ἐν
1727 2912 1887 2980 ἡμῖν,

360 2982 402 3051 ἢ
439 2985 541 3049 ob;
579 2987 761 3042 Ταῦτα
794 2991 965 3044 πάντα
983 2991 1077 3045 τὸν
1119 2994 1177 3059 ἐξ
1219 2993 1384 3048 ἐθνῶν
1413 2996 1536 3051 λαὸν
1577 3000 1810 3054 διδάσκει
1855 3005 1888 3074 ἡ

365 3075 502 3143 μετὰ
527 3080 708 3148 χεῖρας
728 3081 1046 3150 προφητεία,
1069 3081 1142 3145 ὡς
1167 3082 1231 3137 ἂν
1264 3085 1449 3153 μάθοιο
1477 3088 1638 3159 ποίων
1658 3090 1840 3160 ἔτυχεν
1859 3094 1889 3145 6

361 3165 574 3233 πρῶτος
617 3167 886 3231 λαὺςρκαὶ
918 3173 995 3232 είς
1024 3167 1134 3224 οἷον
1179 3173 1397 3242 ἐλήλυθε
1433 3177 1599 3241 τέλος,
1632 3182 1889 3251 σωφρονί-

359 3251 506 3314 {and
528 3271 583 3306 τε
611 3256 674 3308 ὲκ
703 3256 795 3308 τοῦ
819 3259 1262 3330 παραδείγματος.
1285 3263 1374 3315 Διὸ
1400 3267 1509 3328 τοῖς
1527 3267 1886 3337 προλεχθεῖσιν

358 3343 709 3398 ὲπισυνάπτει
736 3346 801 3400 τὰ
856 3346 981 3417 ἑξῆς
1040 3349 1364 3417 ἀναγκαίως,
1411 3355 1469 3406 ὲν
1515 3349 1594 3417 οἷς
1647 3357 1881 3428 είρηται·

365 3431 674 3498 Ἄκουσον,
707 3438 866 3502 ⁴,λαός
905 3455 1022 3505 μου
1039 3479 1054 3504 ,
1099 3441 1194 3494 καὶ
1233 3441 1719 3513 διαμαρτυροῦμαί
1750 3461 1845 3499 σοι
1868 3464 1881 3478 ·

375 3519 637 3586 Ἰσραὴλ,
680 3523 786 3576 ἐὰν
823 3526 1087 3594 ἀκούσῃς
1126 3546 1261 3595 μου,
1288 3533 1395 3583 οὐκ
1424 3531 1590 3585 ἔσται
1626 3548 1724 3586 σοι
1748 3536 1885 3601 Θεὸς

360 3607 720 3675 πρόσφατος,
765 3611 903 3664 οὐδὲ
945 3616 1382 3685 προσκυνήσεις
1419 3619 1536 3684 Θεῷ
1579 3622 1880 3690 ἀλλοτρίῳ.

375 3693 512 3762 Ἐγὼ
538 3695 647 3764 γάρ
675 3699 789 3765 ειμι
817 3701 1024 3766 Κύριος
1049 3705 1082 3754 d
1105 3705 1242 3768 Θεός
1276 3719 1389 3759 σου
1416 3709 1448 3760 ό
1478 3708 1780 3776 ἀναγαγών
1813 3727 1885 3765 σε

355 3780 430 3834 ἐκ
457 3781 568 3850 γῆς
600 3787 895 3866 Αἰγύπτου
914 3803 926 3816 ·
971 3791 1274 3848 πλάτυνον
1306 3794 1372 3848 τὸ
1409 3799 1596 3866 στόμα
1617 3815 1752 3865 σου,
1788 3805 1884 3856 καὶ

362 3871 653 3938 πληρὼσω
674 3876 834 3928 αὐτό.
857 3879 964 3930 Kal
993 3883 1099 3933 οὐκ
1126 3881 1388 3948 ἤκουσεν
1411 3889 1444 3939 ὁ
1465 3889 1608 3953 λαός
1638 3906 1753 3957 μου
1777 3892 1883 3959 τῆς

360 3961 564 4028 φωνῆς
592 3982 729 4031 μου,
756 3964 852 4020 καὶ
908 3970 1147 4037 Ἰσραὴλ
1181 3976 1251 4026 οὐ
1302 3977 1600 4044 προσέσχε
1627 3998 1746 4047 μοι.
1775 3985 1882 4038 Kal

361 4047 750 4110 ἐξαπέστειλα
790 4057 1004 4121 αὐτοὺς
1035 4061 1179 4112 κατὰ
1221 4060 1290 4112 τὰ
1326 4063 1743 4134 ἐπιτηδεύματα
1768 4070 1883 4124 τῶν

362 4137 623 4229 καρδιῶν
637 4144 846 4196 αὐτῶν·
874 4149 1253 4212 πορεύσονται
1274 4151 1342 4204 ἐν
1369 4153 1489 4219 τοῖς
1512 4156 1885 4229 ἐπιτηδεύμα-

360 4241 468 4322 σιν
485 4227 694 4322 αὐτῶν.
718 4233 797 4322 Td
820 4235 914 4302 μὲν
941 4239 1068 4305 παρ’
1092 4239 1242 4307 ἐμοῦ,
1274 4242 1424 4311 φησὶ,
1455 4244 1650 4318 δεδωρη
1661 4227 1790 4317 μένα
1806 4252 1883 4322 τῷ

362 4317 473 4387 λαῷ
499 4318 716 4372 τοιαῦτα
750 4316 818 4390 ἦν
836 4364 851 4387 ,
881 4325 1034 4377 ὁποῖα
1064 4327 1330 4398 διεξῆλθεν
1365 4335 1394 4385 6
1433 4334 1584 4402 λόγος
1602 4353 1615 4366 ·
1642 4316 1722 4390 σὰ
1754 4340 1795 4391 δ’
1824 4316 1883 4404 ἐξ

360 4405 536 4508 αὐτῶν
553 4409 638 4508 il;
657 4410 768 4508 ius
799 4413 892 4481 οὐχ
921 4414 1097 4484 ὅμοια,
1128 4418 1244 4471 οὐδὲ
1273 4420 1396 4508 ἄξια
1435 4415 1507 4475 ὧν
1532 4423 1712 4494 ἔτυχον
1753 4431 1879 4497 παρ’

1994 2039 2043 2083 et
2071 2030 2230 2083 exibit
2259 2046 2414 2100 aqua,
2443 2041 2490 2085 et
2523 2030 2657 2084 bibet
2683 2033 2918 2100 populus.
2947 2030 3012 2085 Et
3044 2032 3161 2100 fecit
3177 2033 3250 2084 ita
3280 2030 3505 2100 Moyses.

1994 2117 2064 2170 Et
2092 2119 2283 2170 uocauit
2306 2133 2485 2171 nomen
2519 2119 2617 2171 loci
2641 2119 2800 2184 illius,
2817 2119 3167 2174 Tentationem
3185 2128 3232 2173 et
3247 2117 3506 2186 Iurgium,

1991 2214 2196 2271 propter
2222 2205 2458 2273 jurgium
2486 2206 2713 2262 ﬁliorum
2761 2205 2967 2273 Israel,
3020 2219 3070 2263 et
3118 2210 3241 2277 quia
3287 2217 3510 2262 tentave-

1990 2302 2111 2346 runt
2146 2291 2418 2346 Dominum
2449 2294 2711 2348 dicentes:
2741 2295 2819 2347 An
2852 2304 2927 2348 est
2963 2294 3213 2349 Dominus
3242 2298 3296 2350 in
3342 2296 3506 2360 nobis,

1987 2396 2143 2434 necne
2172 2380 2216 2412 ⁸⁸
2233 2380 2255 2420 ν
2281 2379 2403 2434 Haec
2432 2381 2740 2435 universum
2767 2396 2834 2435 ex
2856 2381 3101 2450 gentibus
3125 2383 3379 2450 populum
3410 2382 3510 2436 do-

1989 2477 2074 2524 cet
2127 2484 2362 2538 praesens
2408 2471 2717 2540 prOpbetia,
2752 2477 2810 2525 ut
2853 2471 3027 2526 sciant
3062 2485 3181 2542 qua
3219 2471 3396 2541 prisco
3431 2471 3508 2526 illi

1989 2559 2184 2628 populo
2212 2559 2522 2627 acciderint,
2545 2568 2600 2616 et
2624 2559 2715 2631 qui
2744 2559 2866 2615 linis
2895 2561 3012 2631 eius
3035 2561 3227 2625 fuerit;
3257 2569 3416 2629 atque
3439 2576 3501 2614 ex

1960 2713 1966 2716 _
1988 2647 2104 2716 ejus
2128 2647 2370 2718 exemplo
2395 2649 2461 2701 ad
2488 2649 2750 2702 cautelam
2775 2659 3011 2703 vocetur.
3046 2641 3219 2714 Quare
3240 2648 3501 2718 prxdictis

1989 2735 2100 2790 hac
2135 2750 2254 2805 qua:
2286 2745 2583 2806 sequuntur
2628 2737 2932 2792 necessario
2969 2737 3152 2806 adjicit
3180 2756 3194 2791 :
3221 2768 3291 2778 —
3342 2736 3502 2793 Vsus.

1988 2824 2140 2882 9-13.
2184 2826 2341 2890 Audi,
2377 2826 2591 2894 populus
2608 2841 2766 2890 meus,
2785 2835 2833 2881 et
2847 2827 3160 2895 testiﬁcabor
3176 2828 3300 2882 tibi:
3314 2827 3502 2896 Israel,

1987 2916 2034 2969 si
2060 2917 2288 2972 audieris
2315 2934 2413 2984 me,
2436 2935 2534 2972 non
2559 2920 2656 2973 erit
2684 2919 2738 2972 in
2760 2930 2806 2973 te
2821 2918 2957 2972 Deus
2973 2934 3165 2984 recens,
3191 2934 3344 2989 neque
3370 2919 3502 2972 ado-

1985 3008 2127 3060 rabis
2156 3007 2321 3082 Deum
2347 3007 2590 3062 alienum.
2622 3007 2732 3078 Ego
2768 3011 2903 3062 enim
2947 3026 3061 3064 sum
3088 3008 3336 3062 Dominus
3365 2996 3509 3062 Deus’

1985 3096 2224 3163 ων,ᾳαὶ
2247 3095 2404 3148 eduxi
2423 3104 2469 3148 te
2484 3097 2544 3150 de
2570 3105 2707 3151 terra
2724 3096 2971 3166 zEgypti,‘
2989 3096 3157 3149 dilata
3181 3112 3236 3150 os
3264 3105 3426 3161 tuum,
3453 3107 3502 3149 et

1984 3185 2204 3253 implebo
2227 3183 2381 3236 illud.
2415 3183 2484 3236 Et
2532 3200 2631 3237 non
2678 3187 2875 3240 audivit
2904 3186 3121 3254 populus
3147 3200 3286 3240 meus
3335 3201 3503 3240 uocem

1985 3291 2170 3341 meam,
2193 3284 2242 3329 et
2271 3273 2440 3328 Israel
2463 3290 2564 3328 non
2590 3261 2822 3327 intendit
2851 3275 2996 3328 mihi.
3036 3275 3102 3328 Et
3124 3276 3299 3352 dimisi
3316 3291 3399 3328 eos
3423 3293 3504 3329 se-

1983 3365 2208 3418 cundum
2239 3365 2499 3419 desideria
2519 3364 2685 3419 cordis
2709 3379 2882 3440 eorum
2895 3380 2915 3428 ;
2938 3365 3083 3418 ibunt
3104 3367 3156 3418 in
3184 3366 3502 3420 adiacentia-

1981 3454 2131 3508 nib‘us
2155 3456 2283 3508 suis.
2313 3454 2464 3510 Talia
2494 3461 2665 3517 erant.
2690 3454 2892 3524 inquit,
2935 3453 3155 3508 munera
3193 3457 3387 3525 populo
3407 3471 3502 3525 per

1981 3557 2068 3598 me
2092 3534 2310 3608 collata,
2329 3544 2506 3613 qualia
2531 3558 2708 3598 sermo
2753 3543 3041 3598 enarravit.
3070 3542 3172 3597 Sed
3195 3558 3313 3613 qua:
3340 3543 3394 3598 in
3417 3560 3502 3600 me

1981 3635 2086 3703 ipsi
2113 3648 2383 3704 peregere,
2406 3648 2515 3688 non
2547 3632 2762 3698 similia,
2810 3648 2982 3703 neque
3025 3633 3183 3720 digna
3230 3634 3297 3688 iis
3348 3641 3502 3689 erant

1981 3737 2100 3793 qua:
2125 3738 2154 3775 a
2180 3737 2266 3776 me
2298 3722 2576 3777 consecuti
2604 3730 2748 3778 sunt.
2778 3721 3048 3791 Siquidem
3069 3717 3166 3794 ego
3199 3730 3279 3779 tot
3323 3731 3499 3778 tanto-

1979 3823 2203 3882 rumque
2235 3807 2368 3882 ipsis
2398 3814 2616 3883 largitor
2668 3815 2950 3878 bonorum,
2984 3814 3084 3869 hoc
3113 3829 3276 3867 unum
3302 3814 3370 3867 ab
3419 3814 3499 3870 eis

1979 3901 2254 3969 expetens,
2289 3902 2432 3969 quod
2465 3888 2809 3973 sane'legum
2855 3917 3059 3957 summa
3107 3910 3160 3958 et
3206 3910 3366 3972 caput
3392 3911 3496 3968 est,

1980 3999 2040 4044 ut
2061 4003 2166 4043 non
2188 3990 2346 4052 idola,
2363 3991 2456 4044 sed
2481 4007 2564 4045 me
2592 3993 2763 4068 solum
2783 3991 2949 4045 Deum
2971 3992 3224 4056 colerent,
3248 3992 3496 4061 praecepi,

1979 4074 2064 4127 his
2094 4072 2215 4127 illos
2244 4087 2587 4128 commoneas
2615 4075 2818 4129 verbis:
2839 4076 2995 4136 Audi,
3019 4075 3234 4142 populus
3261 4090 3422 4140 meus,
3445 4084 3494 4128 et

1981 4163 2292 4230 testiﬁcabor
2322 4163 2415 4215 tibi
2441 4176 2462 4215 :
2487 4161 2680 4230 Israel,
2701 4165 2745 4216 si
2773 4165 2998 4217 audieris
3035 4181 3132 4228 me,
3180 4179 3279 4216 non
3311 4166 3408 4216 erit
3437 4165 3492 4216 in
3534 4153 3540 4160 ’

1981 4263 2026 4306 te
2061 4251 2198 4305 Deus
2221 4267 2413 4318 recens,
2444 4268 2600 4322 neque
2626 4254 2867 4307 adorabis
2915 4253 3077 4306 Deum
3107 4253 3350 4305 alienum.
3383 4250 3493 4320 Ego

1978 4344 2109 4396 enim
2132 4357 2245 4394 sum
2266 4341 2516 4396 Dominus
2549 4342 2684 4396 Deus
2721 4352 2858 4405 tuus,
2889 4344 2976 4411 qui
2998 4343 3150 4396 eduxi
3177 4353 3225 4395 te
3243 4343 3304 4394 de
3354 4351 3494 4397 terra

1979 4430 2212 4499 .Eg’ypti.
2244 4430 2365 4485 Hac
2393 4431 2595 4494 monui,
2629 4431 2740 4485 haec
2785 4433 3013 4502 praecepi
3045 4431 3198 4484 :baec
3246 4438 3360 4484 erat
3406 4437 3490 4483 ιοο

357 4495 536 4589 facit:
553 4497 690 4589 Ἐγὼ
727 4500 826 4589 μὲν
848 4502 953 4573 γὰρ
974 4506 1002 4555 ὀ
1023 4506 1127 4558 τῶν
1157 4495 1418 4564 τοσούτων
1449 4512 1627 4576 αὐτοῖς
1651 4495 1879 4586 χορηγος
1913 4534 1953 4587 ι)
1979 4495 2097 4573 tius

1752 4495 1879 4586 ηγδς
1913 4534 1953 4587 ο
1979 4495 2250 4589 ιίιιξίοςίε
2277 4533 2406 4574 mea:
2436 4534 2585 4574 mens
2607 4527 2659 4573 et
2704 4495 2984 4574 sententia.
3036 4515 3319 4585 Praeceptis
3363 4529 3492 4571 vero

360 4583 597 4648 ἀγαθῶν,
613 4585 681 4638 ἓν
691 4585 832 4638 τοῦτ’
857 4590 1128 4658 αὐτοῖς,τὸ
1144 4595 1207 4666 δὴ
1234 4597 1340 4651 τῶν
1371 4600 1544 4668 νόμων
1572 4583 1876 4670 κεφάλαιον,

359 4670 499 4738 λέγω
523 4673 579 4726 δὲ
603 4675 663 4727 τὸ
684 4675 756 4745 μὴ
782 4675 1191 4752 εἰδωλολατρετν,
1220 4685 1318 4754 ἐμὲ
1333 4686 1389 4739 δὲ
1416 4689 1571 4757 μόνον
1593 4675 1723 4744 Θεδῦ
1749 4694 1880 4745 ειδέ-

358 4777 468 4859 ναι,
496 4766 986 4859 παρεκελευσάμην,
1012 4772 1148 4826 αὐτὰ
1177 4775 1240 4846 δὴ
1269 4776 1438 4831 ταῦτα
1474 4782 1750 4849 παραινῶν
1789 4783 1880 4836 καὶ
1915 4844 1926 4859 ,

359 4849 550 4917 λέγων’
588 4855 890 4919 Ἄκουσον,
917 4859 1063 4923 λαός
1088 4879 1224 4928 μου,
1267 4869 1361 4919 καὶ
1392 4868 1881 4939 διαμαρτυροῦμαί

356 4951 458 4989 σοι
473 4954 488 4970 ·
531 4940 783 5009 Ἰσραὴλ,
809 4943 915 4998 ἐὰν
936 4947 1198 5016 ἀκούσῃς
1212 4969 1349 5019 μου,
1371 4958 1480 5010 οὐκ
1494 4957 1660 5011 ἔσται
1682 4959 1752 5011 ἐν
1777 4961 1874 5013 σοι

361 5028 502 5093 Θεὸς
527 5031 883 5100 πρόσφατος,
910 5037 1048 5090 οὐδὲ
1084 5044 1518 5110 προσκυνήσεις
1543 5044 1661 5110 Θεῷ
1691 5046 1872 5102 ἀλλο·

357 5120 525 5205 τριφο
547 5119 660 5187 ἐγὼ
685 5123 793 5188 reip
825 5127 940 5193 ειμι
968 5129 1175 5196 Κύριος
1204 5134 1238 5183 ό
1270 5135 1411 5200 Θεός
1451 5151 1567 5190 σου
1588 5139 1623 5190 δ
1657 5137 1872 5205 ἀνατα-

356 5203 475 5273 τών
505 5219 578 5294 σε
598 5206 666 5260 ἐκ
692 5208 802 5277 τῆς
824 5216 1134 5282 Λιτύπτου.
1174 5219 1351 5272 Ταῦτα
1381 5225 1668 5294 παρῄνουν,
1706 5203 1874 5282 ταῧτα

357 5293 817 5382 παρεκελευόμην,
858 5302 1024 5356 ταῦτα
1045 5309 1074 5358 ὁ
1117 5308 1220 5370 πᾶς
1253 5309 1350 5378 τῆς
1400 5293 1538 5381 ἐμῆς
1569 5313 1878 5382 νομοθεσίας

353 5380 602 5472 sacoma
627 5384 768 5449 νοῦς.
797 5388 1036 5472 Συνῆ-πτό
1058 5413 1117 5448 τε
1141 5399 1250 5458 τοῖς
1277 5380 1715 5471 παραγγέλμασιν
1742 5404 1876 5472 ἀγα-

357 5469 464 5524 θῶν
483 5473 794 5539 ἐπαγγελία,
818 5476 885 5530 δι’
903 5470 978 5534 ὧν
994 5481 1224 5550 ἔφασκον
1243 5501 1255 5514 ο
1280 5469 1586 5544 [Lusus-or
1605 5488 1670 5543 τὸ
1686 5469 1874 5558 στάγμα

352 5575 492 5626 σου,
519 5561 618 5615 καί
650 5565 938 5632 κληρώσω
961 5573 1125 5626 αὐτό.
1153 5574 1216 5626 Et
1253 5573 1360 5643 γὰρ
1392 5576 1560 5631 ταῦτα
1594 5579 1868 5647 φυλάξετε,

432 5735 476 5768 ’δ
513 5735 676 5792 mod.
717 5754 776 5807 ιι,
805 5740 893 5795 22.
966 5744 1009 5776 ⁸³
1045 5743 1210 5803 Exod.
1244 5764 1372 5816 xvu,
1410 5753 1459 5806 ι.
1531 5753 1576 5784 ’⁸
1613 5751 1737 5806 ibid.
1775 5753 1826 5807 ι.

1979 4608 2242 4662 bonorum
2293 4609 2575 4678 promissio
2616 4609 2961 4676 copulabatur
2983 4646 2998 4670 ,
3039 4619 3160 4660 cum
3213 4606 3486 4660 dicerem:

1978 4697 2159 4750 Dilata
2189 4715 2244 4751 os
2269 4707 2433 4762 tuum,
2461 4708 2507 4751 et
2534 4697 2750 4763 implebo
2780 4697 2933 4749 illud.
2972 4694 3104 4751 Nam
3154 4696 3264 4749 haec
3295 4696 3338 4749 si
3371 4711 3489 4749 ser-

1976 4787 2131 4852 vetis,
2166 4786 2360 4841 adatim
2390 4787 2726 4855 ubertimque
2748 4785 2852 4839 cibi
2879 4785 3031 4840 vobis
3073 4784 3488 4855 suppeditabun—

1977 4884 2084 4940 tur,
2115 4875 2225 4931 sive
2248 4874 2509 4943 corporei,
2540 4866 2654 4928 sive
2684 4876 2727 4928 ii-
2744 4875 2836 4944 qui
2874 4889 2970 4944 per
2998 4875 3203 4929 divinas
3250 4873 3487 4940 discipli-

1976 4979 2075 5019 nas
2099 4963 2288 5016 anima:
2315 4962 2808 5018 subministrantur.
2841 4962 2951 5032 Ego
2998 4962 3210 5031 quidem
3237 4961 3346 5014 haec
3373 4974 3486 5013 mo-

1976 5053 2185 5114 nebam,
2217 5051 2331 5105 hac
2349 5053 2752 5120 promittebam;
2787 5053 2862 5104 illi
2897 5062 3072 5106 autem
3101 5065 3284 5104 vocem
3312 5062 3485 5102 meam

1976 5154 2082 5194 non
2112 5138 2393 5195 audierunt
2424 5160 2438 5195 :
2466 5141 2713 5204 etlsrael,
2738 5141 2828 5209 qui
2849 5140 3011 5195 tantis
3038 5137 3304 5215 beneﬁciis
3325 5151 3484 5191 orna-

1975 5238 2063 5283 tus
2093 5235 2195 5295 est,
2247 5243 2358 5284 non
2398 5229 2625 5284 intendit
2673 5229 2840 5282 mibi:
2870 5228 2990 5283 ideo
3029 5228 3148 5304 jure
3188 5226 3362 5278 dimisi
3397 5241 3480 5279 eos

1978 5309 2256 5373 secundum
2293 5319 2549 5372 desideria
2594 5319 2761 5371 cordis
2796 5333 2988 5371 eorum.
3034 5316 3138 5368 Pro
3187 5330 3293 5384 quo
3332 5313 3481 5383 Sym-

1975 5403 2198 5456 machus
2224 5403 2601 5473 interpretatas
2627 5413 2745 5460 est:
2783 5404 2902 5458 Non
2933 5403 3128 5468 audivit
3184 5411 3350 5455 autem
3385 5417 3479 5468 po-

1974 5491 2126 5560 pulus
2146 5506 2289 5545 meus
2307 5509 2476 5546 vocem
2496 5509 2696 5559 meum,
2727 5502 2776 5546 et
2807 5492 2968 5554 Israel
2992 5508 3090 5545 non
3120 5489 3479 5559 obtemperavit

1975 5582 2115 5636 mihi.
2154 5580 2344 5638 Dimisi
2379 5599 2499 5652 ergo
2543 5584 2662 5637 illos
2704 5580 3015 5656 beneplacito
3058 5583 3224 5637 cordis
3267 5580 3371 5644 sui,
3418 5588 3476 5632 ut
