4406 6466
805 514 913 571 979

1489 516 1753 576 EUSEBII
1787 514 2263 575 CESABIENSIS
2303 514 2452 572 OPP.
2494 515 2679 572 PARS
2713 518 2803 575 Ill.
2828 516 3321 575 —EXEGETICA.

3905 520 4009 577 980

806 629 1071 683 ambulent
1102 631 1153 683 in
1185 632 1419 686 consiliis
1449 635 1580 687 suis.
1635 632 1774 689 Hine
1801 632 2018 688 divinus
2068 631 2360 701 Apostolus
2390 637 2434 693 Α
2461 632 2546 684 dx:

2269 631 2360 687 llus
2390 637 2434 693 Α
2461 632 2770 696 ἀκοπιάτως
2791 631 2940 699 ἕξετε
2963 633 3056 688 καὶ
3077 631 3514 706 πεπληρωμένως
3537 632 3636 698 τὰς
3653 634 3877 706 τροφὰς,
3902 635 4009 689 εἴτε

806 721 876 776 de
908 723 1228 791 quibusdam
1255 723 1411 779 docet
1447 741 1460 775 :
1499 724 1725 794 Propter
1776 725 1915 795 quod
1968 723 2190 777 tradidit
2239 723 2358 776 illos

814 811 949 866 Deus
979 814 1033 865 in
1067 814 1326 887 desideria
1355 816 1526 871 cordis
1556 833 1736 873 eorum
1769 817 1834 869 ".
1860 814 1967 870 Pro
2014 815 2105 869 illo
2157 822 2356 877 autem,

813 902 934 957 Non
958 907 1057 958 erit
1079 906 1134 958 in
1160 915 1207 959 te
1228 905 1367 961 Deus
1402 924 1574 961 recens
1596 925 1614 960 :
1645 908 1862 974 Aquila,
1919 905 2041 960 Non
2082 908 2179 961 erit
2227 909 2282 960 in
2314 915 2361 960 te

811 995 961 1063 fortis
982 995 1220 1060 alienus;
1245 995 1602 1069 Symmachus
1627 1013 1754 1052 vero
1781 996 1936 1051 :Non
1960 999 2028 1051 sit
2060 999 2114 1051 in
2144 1008 2192 1052 te
2222 999 2360 1073 Deus

807 1097 1082 1142 extraneas
1120 1129 1136 1154 ,
1192 1091 1530 1159 interpretati
1579 1097 1708 1144 sunt
1772 1085 2099 1145 Extraneum
2131 1100 2308 1145 autem
2346 1110 2357 1144 :

810 1180 1044 1234 alienum
1070 1189 1124 1234 et
1157 1187 1430 1235 recentem
1459 1179 1647 1244 Deum,
1685 1183 1781 1250 qui
1824 1181 1948 1244 talis
1979 1181 2122 1250 apud
2176 1188 2363 1250 gentes

810 1270 950 1325 falso
997 1277 1315 1341 reputatur,
1369 1270 1690 1338 nominavit,
1732 1271 2030 1325 multorum
2080 1271 2363 1325 numinum

810 1362 1172 1417 idololatriam
1199 1363 1279 1416 sic
1311 1361 1537 1430 carptim
1562 1375 1889 1416 memorans.
1916 1360 2124 1427 Quibus
2146 1361 2326 1417 subdit
2350 1383 2362 1416 :

813 1453 924 1524 Ego
959 1455 1097 1507 enim
1123 1459 1247 1505 sum
1302 1451 1557 1505 Dominus
1589 1451 1728 1505 Deus
1775 1461 1916 1517 tuus,
1964 1453 2249 1508 declarans
2310 1469 2368 1510 se

811 1560 988 1614 neque
1013 1553 1350 1608 extraneum,
1386 1557 1560 1612 neque
1609 1543 1864 1607 alienum,
1901 1557 2076 1613 neque
2096 1551 2367 1600 recentem

816 1637 982 1692 Deum
1005 1650 1146 1690 esse.
1179 1632 1306 1688 Erat
1336 1635 1536 1705 quippe
1568 1650 1732 1689 unum
1783 1643 1837 1689 et
1885 1634 2026 1691 idem
2086 1634 2180 1692 Dei
2230 1635 2367 1692 Ver-

814 1727 965 1788 bum,
996 1725 1139 1794 quod
1169 1725 1295 1780 olim
1319 1725 1682 1781 diversimode
1721 1727 1959 1797 antiquis
2009 1727 2117 1783 illis
2150 1728 2370 1782 oracula

815 1817 1096 1882 fundebat,
1127 1819 1379 1889 quodque
1411 1818 1554 1874 Deus
1574 1817 1745 1874 Jacob
1767 1827 2013 1883 vocatur,
2046 1821 2190 1889 quod
2241 1820 2369 1874 item

817 1910 872 1963 in
900 1910 1363 1964 consummatione
1417 1911 1737 1963 saeculorum
1769 1908 1827 1961 in
1871 1915 2016 1962 terra
2036 1909 2210 1963 visum
2266 1917 2366 1965 est.

2459 722 2556 784 τὰς
2578 722 2673 775 τοῦ
2704 720 2968 793 σώματος,
3000 723 3108 777 εἴτε
3148 725 3240 779 καὶ
3267 725 3370 788 τὰς
3392 725 3477 778 διὰ
3498 724 3653 808 θείων
3682 726 4013 797 μαθημάτων

2462 812 2525 883 τῇ
2557 812 2700 883 ψυχῇ
2734 814 3157 884 χορηγουμένας.
3207 813 3344 883 Ἐγὼ
3379 816 3474 885 μὲν
3502 809 3592 868 οὖν
3629 815 3801 869 ταῦτα
3824 817 4015 888 vtam-

2462 921 2581 956 νουν
2615 905 2708 956 καὶ
2739 905 3176 976 ἐπηγγελλόμην·
3205 907 3253 958 οἱ
3288 906 3344 958 δὲ
3375 907 3474 958 οὐκ
3517 906 3709 976 ἢκουον
3738 907 3834 977 τῆς
3876 907 4016 976 ἐμῆς

2415 1023 2417 1025 ι
2463 993 2677 1063 φωνῆς·
2729 994 2822 1046 καὶ
2861 996 2889 1046 6
2933 994 3197 1050 τοσούτων
3247 995 3645 1066 κατηξιωμένος
3694 995 4016 1066 εὐεργεσιῶν

2475 1085 2689 1157 Ἰσραὴλ
2730 1085 2790 1138 ού
2863 1086 3127 1156 προσέσχε
3187 1105 3303 1158 μοι’
3367 1087 3486 1140 ὅθεν
3533 1086 3757 1149 εἰκότως
3804 1086 4015 1151 ἐξαπέ-

2465 1181 2674 1233 στειλα
2709 1179 2928 1243 αὐτοὺς
2957 1178 3103 1231 κατὰ
3129 1178 3200 1231 τὰ
3245 1177 3678 1248 ἐπιτηδεύματα
3714 1176 3833 1230 τῶν
3877 1193 4016 1246 scapo

2465 1266 2608 1321 διῶν
2626 1268 2839 1322 αὐτῶν.
2858 1269 2996 1322 Ἀνθ’
3013 1263 3070 1322 οὗ
3091 1270 3120 1320 6
3139 1269 3428 1340 Σύμμαχος
3459 1271 3798 1340 ἡρμήνευσεν
3822 1267 4019 1322 εἰπών’

2461 1363 2583 1430 Οὐχ
2614 1362 2928 1429 ὑπήκουσε
2964 1361 3032 1414 δὲ
3070 1365 3103 1414 ό
3134 1364 3299 1426 ,λαός
3337 1379 3454 1430 μου
3485 1362 3598 1429 τῆς
3637 1359 3843 1430 φωνῆς
3880 1376 4022 1428 μου,

2468 1455 2567 1508 καὶ
2601 1456 2837 1525 Ἰσραὴλ
2861 1459 2970 1511 οὐκ
3002 1456 3247 1522 ἐπείσθη
3275 1473 3372 1524 μοι
3435 1454 3652 1524 Ἁφῆκα
3671 1448 3782 1507 οὖν
3803 1451 4026 1518 αὐτοὺς

2468 1545 2543 1614 τῇ
2569 1548 2846 1615 ἀρεσκείᾳ
2908 1547 3018 1618 τῆς
3058 1547 3304 1615 καρδίας
3347 1546 3543 1600 αὐτῶν
3567 1586 3581 1610 ,
3626 1546 3855 1600 ὁδεύειν
3897 1541 4026 1609 ταῖς

2465 1640 2720 1706 βουλαῖς
2747 1639 2959 1694 αὐτῶν.
3007 1639 3285 1694 Ἐντεῦθεν
3318 1641 3345 1692 δ
3374 1639 3514 1701 Θεῖος
3531 1637 3848 1701 Ἀπόστολος
3877 1636 4024 1690 διδάο

2474 1748 2591 1784 σκει
2635 1731 2759 1802 περί
2786 1731 3146 1801 τινων-λέγων
3169 1749 3182 1762 ·
3229 1730 3323 1800 Διὸ
3358 1729 3696 1799 παρέδωκεν
3736 1727 3959 1794 αὐτοὺς
3995 1729 4032 1782 ό

2474 1822 2616 1888 Θεὸς
2667 1822 2735 1874 ἐν
2791 1821 2918 1888 ταῖς
2963 1822 3295 1892 ἐπιθυμίαις
3341 1821 3461 1876 τῶν
3510 1817 3765 1889 καρδιῶν
3808 1816 4028 1872 αὐτῶν.

2486 1914 2629 1965 Ἀντὶ
2658 1911 2715 1965 δὲ
2744 1912 2858 1966 τοῦ·
2899 1915 3018 1966 Οὐκ
3046 1912 3215 1966 ἔσται
3246 1914 3316 1967 ἐν
3353 1914 3449 1967 σοὶ
3486 1911 3628 1978 Θεὸς
3663 1912 4030 1980 πρόσφατος,

817 1988 950 2054 Nam
973 2002 1135 2055 etiam
1159 2008 1282 2055 ante
1317 1999 1564 2055 divinum.
1590 2015 1746 2054 suum
1769 2000 2056 2055 adventum
2085 2001 2140 2054 in
2167 2001 2368 2056 mundo
2401 1977 2444 2032 Β
2471 2006 2498 2056 ὸ
2543 2005 2556 2025 ’

2289 2001 2368 2056 ldo
2401 1977 2444 2032 Β
2471 2006 2498 2056 6
2543 2004 2770 2067 Ἀκύλας
2788 2021 2801 2034 ⁸
2828 2006 2949 2058 Οὐκ
2977 2003 3146 2058 ἔσται
3168 2005 3237 2058 ἐν
3257 2005 3355 2058 σοὶ
3399 2004 3648 2074 ἰσχυρὸς
3679 1977 4029 2070 ἀλλότριος·

817 2101 954 2157 erat,
981 2103 1034 2148 et
1067 2093 1302 2148 mundus
1323 2105 1419 2162 per
1442 2093 1616 2162 ipsum
1644 2091 1820 2147 Factus
1850 2099 1952 2146 est.
2006 2090 2368 2156 Quamobrem
2472 2097 2500 2148 ὁ
2529 2095 2557 2147 δ

2295 2107 2368 2146 em
2472 2097 2500 2148 ὁ
2529 2095 2584 2147 δὲ
2614 2095 2918 2166 Σύμμαχος
2945 2095 3040 2166 Μὴ
3064 2096 3219 2151 ἔστω
3246 2098 3315 2150 ἐν
3342 2096 3439 2151 σοί
3462 2095 3603 2162 Θεὸς
3633 2094 3827 2160 ξένος,
3851 2092 4035 2164 ἡρμή-

820 2185 932 2239 haec
965 2185 1213 2238 instituta
1246 2183 1409 2237 tradit
1441 2203 1452 2236 :
1479 2181 1590 2253 Ego
1620 2185 1756 2236 enim
1787 2199 1903 2235 sum
1956 2181 2210 2236 Dominus
2233 2182 2369 2238 Deus
2476 2204 2560 2240 νευ

2293 2199 2369 2238 eus
2476 2203 2652 2240 νευσε.
2689 2187 2848 2242 Ξένον
2885 2188 3066 2243 δὲκαὶ
3099 2189 3371 2262 ἀλλότριον
3403 2188 3534 2242 Θεδν
3574 2186 3667 2241 καὶ
3700 2185 4033 2258 πρόσφατον,

822 2285 962 2339 tuus,
987 2277 1076 2345 qui
1102 2275 1260 2328 eduxi
1286 2284 1332 2327 te
1356 2275 1417 2327 de
1443 2285 1582 2328 terra
1609 2274 1846 2344 zEgypti.
2478 2278 2562 2330 τὸν

2478 2278 2568 2330 τὸν
2617 2278 3042 2349 πεπλανημένως
3089 2278 3240 2349 παρὰ
3281 2280 3391 2341 τοῖς
3437 2276 3611 2330 ῐθνεσι
3655 2273 4039 2345 νενομισμένον

821 2371 1088 2442 ὠνόμασε,
1120 2371 1216 2440 τὴν
1246 2369 1499 2423 πολύθεον
1539 2369 1974 2441 είδωλολατρείαν
2014 2370 2156 2424 οὕτω
2197 2371 2711 2442 παραπεμπόμενος.
2741 2368 2834 2435 Οἷς
2861 2371 3124 2440 ἐπιλέγει·
3176 2369 3315 2440 Ἐγὼ
3381 2368 3490 2440 γάρ
3547 2371 3662 2437 ειμι
3726 2368 3940 2434 Κύριος
4004 2367 4041 2419 ό

826 2467 970 2531 Θεός
1000 2482 1143 2530 σου,
1186 2465 1451 2535 παριστὰς
1482 2462 1667 2515 ἑαυτὸν
1697 2462 1816 2514 οὔτε
1851 2463 2016 2528 ξένον,
2059 2463 2179 2516 οὔτε
2211 2466 2503 2536 ἀλλότριον,
2527 2464 2649 2518 οὔτε
2682 2465 2989 2538 πρόσφατον
3025 2466 3153 2520 ὅντα
3181 2465 3331 2519 Θεόν.
3389 2459 3498 2517 Ἦν
3556 2462 3665 2535 γὰρ
3704 2457 3784 2525 εἷς
3854 2461 3949 2514 καὶ
4008 2461 4042 2514 ὁ

824 2557 983 2621 αὐτὸς
1004 2559 1032 2610 6
1063 2555 1157 2608 τοῦ
1188 2554 1321 2608 Θεοῦ
1353 2555 1543 2622 Λόγος,
1584 2554 1681 2606 καὶ
1706 2556 1734 2606 6
1772 2554 1936 2608 πάλαι
1969 2555 2237 2626 διαφόρως
2263 2560 2375 2620 τοῖς
2413 2557 2658 2621 παλαιοῖς
2697 2556 3064 2630 χρηματίζων,
3097 2557 3206 2628 όδὴ
3229 2557 3321 2610 καὶ
3357 2554 3487 2619 Θεὸς
3521 2552 3713 2607 Ἰακὼϐ
3745 2551 4042 2622 ἐπικεκλη-

829 2650 1015 2722 μένος,
1043 2650 1072 2700 6
1121 2647 1211 2699 καὶ
1263 2645 1353 2698 ἐπὶ
1402 2644 1676 2717 συντελείᾳ
1724 2645 1832 2699 τῶν
1871 2645 2076 2700 αἰώνων
2126 2649 2217 2700 ἐπὶ
2266 2648 2370 2717 γῆς
2407 2648 2608 2717 ὀφθείς.
2639 2649 2724 2701 Ἐν
2744 2649 2850 2719 γὰρ
2872 2648 2950 2719 τῷ
2973 2648 3159 2719 κόσμῳ
3179 2643 3247 2719 ἦν
3269 2647 3360 2701 καὶ
3420 2644 3643 2717 πρὸτῆς
3703 2641 4043 2712 Θεοφανείας,

827 2743 965 2799 καὶὸ
985 2742 1184 2812 κόσμος
1202 2741 1268 2793 δι’
1290 2740 1450 2806 αὑτοῦ
1478 2740 1708 2809 ἐγένετο.
1735 2741 1930 2812 Διόπερ
1953 2741 2377 2812 παρακελεύεται
2414 2743 2582 2812 λέγων
2602 2760 2614 2773 ·
2661 2745 2798 2813 Ἐγὼ
2831 2743 2942 2813 γάρ
2979 2745 3094 2812 ειμι
3117 2743 3327 2811 Κύριος
3359 2744 3391 2794 ό
3421 2739 3561 2806 Θεός
3603 2753 3741 2802 σου,
3799 2739 3833 2791 ό
3892 2735 4045 2793 ἀνα-

828 2835 1022 2905 γαγών
1046 2851 1118 2889 σε
1142 2835 1210 2888 ἐκ
1246 2834 1357 2904 τῆς
1387 2836 1706 2905 Αἰγύπτου.

899 2949 1063 3007 Vens.
1096 2951 1183 3014 14,
1205 2951 1293 3005 15.
1323 2949 1383 3005 Si
1408 2952 1628 3020 populus
1653 2968 1793 3007 meus
1815 2954 2047 3009 audisset
2074 2971 2175 3019 me,
2214 2952 2383 3008 Israel

831 3047 877 3101 si
898 3047 951 3098 in
975 3046 1070 3098 viis
1104 3045 1229 3101 meis
1254 3043 1572 3098 ambulasset
1590 3086 1605 3112 ,
1635 3060 1728 3114 pro
1755 3043 1918 3100 nihilo
1948 3047 2173 3112 forsitan
2201 3049 2383 3102 inimi--

832 3151 922 3192 cas
973 3151 1154 3190 eorum
1196 3133 1575 3201 humiliassem,
1627 3144 1676 3189 et
1728 3153 1882 3207 super
1933 3138 2242 3195 tribulantes
2297 3157 2384 3196 eos

834 3227 1094 3280 misissem
1123 3241 1334 3277 manum
1363 3241 1552 3280 meam.
1574 3225 1715 3282 Iram
1746 3228 1943 3300 quippe
1983 3229 2078 3286 Dei
2105 3247 2219 3287 non
2244 3231 2387 3301 inju-

836 3316 918 3370 ria
941 3332 1040 3371 nec
1065 3317 1186 3370 sine
1207 3330 1371 3370 causa
1401 3314 1681 3372 Judaicam
1730 3318 1994 3375 invasisse
2021 3329 2233 3389 gentem
2268 3289 2386 3376 sitf-
2413 3289 2460 3349 Ο

817 3407 1083 3462 ticienter
1117 3405 1378 3462 defendit.
1421 3405 1747 3478 Videturque
1772 3408 1904 3464 mihi
1937 3410 2002 3464 ad
2025 3410 2391 3481 praecedentes

838 3497 1290 3568 interrogationes
1309 3514 1336 3568 ς,
1350 3494 1566 3567 thuid,
1585 3497 1744 3565 Deus,
1764 3498 2006 3568 repulisti
2021 3501 2074 3554 in
2089 3501 2266 3570 ﬁnem,
2285 3504 2394 3555 ira-

837 3601 926 3645 tus
952 3599 1026 3645 est
1056 3591 1206 3658 furor
1229 3597 1348 3642 tuus
1375 3605 1529 3657 super
1557 3605 1668 3642 oues
1719 3605 1927 3658 pascuce
1950 3599 2054 3646 tua:
2076 3591 2159 3646 "‘i
2191 3606 2254 3646 ac
2274 3608 2395 3646 rur-

784 3668 787 3674 ’
842 3693 961 3733 sum
987 3696 1000 3731 :
1027 3676 1220 3747 thuid
1234 3676 1544 3730 destruxisti
1567 3679 1846 3732 maceriam
1861 3678 1995 3748 ejus,
2013 3688 2061 3733 et
2079 3680 2396 3735 vindemiant

841 3783 958 3822 eam
987 3752 1161 3821 omnes
1187 3769 1277 3836 qui
1315 3767 1814 3837 prwtergrediuntur
1866 3770 2004 3823 viam
2033 3769 2122 3822 "‘i
2172 3785 2396 3841 respon-

844 3860 1053 3915 sionem
1106 3858 1411 3914 instituere.
1443 3857 1576 3914 Nar‘n
1607 3875 1715 3928 qua
1745 3859 1820 3916 de'
1860 3875 2024 3916 causa
2078 3862 2193 3916 haec
2251 3863 2398 3932 passi

847 3950 958 4004 sint
980 3990 995 4015 ,
1018 3949 1258 4005 declarat
1285 3950 1371 4005 his
1396 3950 1575 4005 verbis
1605 3971 1618 4005 :
1658 3950 1794 4017 Quia
1815 3968 1920 4005 non
1952 3953 2158 4006 audivit
2172 3953 2396 4025 populus

848 4057 992 4095 meus
1015 4057 1186 4095 vocem
1218 4059 1407 4110 meam,
1433 4051 1481 4096 et
1529 4042 1700 4098 Israel
1731 4060 1831 4097 non
1861 4046 2085 4098 intendit
2115 4046 2271 4110 mihi;
2302 4057 2356 4102 et
2383 4065 2395 4100 :

848 4133 910 4189 Si
940 4134 1159 4204 populus
1186 4151 1326 4190 meus
1357 4135 1589 4190 audisset
1629 4151 1728 4199 me,
1760 4134 1930 4188 Israel
1967 4137 2014 4189 si
2040 4136 2094 4189 in
2124 4137 2223 4189 viis
2274 4139 2400 4192 meis

849 4227 1192 4293 ambulasset,
1222 4243 1316 4295 pro
1350 4226 1516 4280 nihilo
1564 4227 1791 4297 forsitan
1839 4217 2084 4282 inimicos.
2106 4243 2285 4282 eorum
2312 4231 2403 4283 Im-

849 4317 1160 4371 usiliassem.
1205 4317 1311 4373 Pro
1341 4333 1448 4388 quo
1488 4315 1842 4388 Symmachus
1868 4320 2252 4388 interpretatus
2269 4332 2353 4376 est
2384 4340 2396 4375 :

851 4408 920 4463 In
955 4410 1173 4462 minimo
1206 4397 1432 4480 forsitan
1455 4409 1694 4464 inimicos
1714 4425 1893 4464 eorum
1918 4400 2192 4476 uicissem,
2230 4421 2278 4466 et
2308 4428 2402 4466 su-

835 4517 942 4568 rper
972 4500 1301 4565 adversarios
1335 4514 1512 4552 eorum
1540 4502 1900 4555 convertissem
1946 4518 2160 4576 manum
2212 4519 2399 4558 meam.

761 4574 763 4578 ’
852 4588 980 4643 Haec
1011 4605 1141 4644 sane
1171 4588 1446 4653 fecissem,
1467 4589 1878 4662 inquitucontra
1918 4574 2170 4647 inimicus
2197 4593 2401 4663 populi,

2558 2956 2628 3008 El
2664 2955 2697 3007 ό
2720 2952 2869 3017 λαός
2886 2967 3008 3020 μου
3035 2947 3263 3018 ἢκουσέ
3281 2964 3420 3016 μου,
3459 2943 3703 3013 Ἰσραὴλ
3722 2944 3850 3012 ταῖς
3881 2945 4047 3013 ὁδοῖς

2481 3063 2601 3117 μου
2634 3045 2685 3097 εί
2708 3043 2999 3112 ἐπορεύθη
3020 3056 3033 3070 °
3058 3040 3127 3094 ἐν
3157 3037 3236 3104 τῷ
3275 3037 3486 3107 μηδενί
3516 3033 3593 3090 ἂν
3620 3035 3760 3102 τοὺς
3795 3038 4043 3106 ἐχθροὺς

2487 3136 2684 3193 αὐτῶν
2702 3134 3089 3196 ἐταπείνωσα,
3107 3130 3206 3185 καί
3221 3131 3318 3185 ἐπὶ
3340 3128 3479 3195 τοὺς
3500 3129 3811 3194 θλίϐοντας
3827 3129 4044 3196 αὐτοὺς

2489 3230 2785 3285 ἐπέϐαλον
2805 3228 2881 3282 ἂν
2904 3229 3018 3295 τὴν
3044 3224 3210 3295 χεῖρά
3227 3242 3365 3294 μου.
3397 3223 3614 3286 ἰκανῶς
3635 3220 4042 3292 ἁπολελόγηται,

2488 3323 2568 3375 ὅτι
2602 3309 2676 3392 μὴ
2706 3321 2949 3393 ἀκρίτως,
2973 3319 3110 3388 μήτε
3138 3316 3212 3380 ὡς
3238 3315 3391 3386 ἔτυχε
3427 3314 3656 3386 μετῆλθε
3682 3314 3746 3366 τὸ
3781 3313 4044 3367 Ἰουδαίων
4105 3315 4112 3318 ’

2493 3414 2642 3476 ἔθνος
2670 3414 2704 3482 ἠ
2739 3413 2802 3464 ὲκ
2837 3409 2973 3462 Θεοῦ
3003 3410 3159 3480 ὀργή.
3189 3408 3299 3462 Καί
3333 3425 3423 3477 μοι
3444 3407 3589 3460 δοκεῖ
3618 3407 3754 3478 πρὸς
3783 3405 3879 3468 τὰς
3903 3405 4042 3459 ἀνω·

2493 3504 2635 3575 τέρω
2675 3500 2997 3571 λελεγμένας
3041 3497 3282 3562 πεύσεις,
3322 3500 3380 3552 ὲν
3419 3497 3497 3568 τῷ
3537 3497 3661 3552 Ἵνα
3706 3497 3764 3550 τί
3807 3499 3841 3550 ὸ
3883 3499 4044 3562 Θεὸς,

2493 3592 2711 3648 ἀπώσω
2742 3595 2829 3658 εις
2861 3590 3050 3657 τέλος,
3077 3590 3333 3660 (ἐλογίσθη
3360 3591 3392 3643 ό
3415 3587 3598 3657 θυμός
3627 3603 3742 3641 σου
3769 3587 3867 3640 ἐπὶ
3904 3588 4050 3654 πρό-

2497 3687 2639 3739 ϐατα
2663 3683 2850 3753 νομῆς
2868 3698 3017 3746 σου;
3058 3683 3152 3736 καὶ
3178 3681 3338 3735 πάλιν
3357 3697 3370 3709 -
3402 3681 3526 3735 Ἵνα
3560 3680 3617 3732 τί
3653 3678 3922 3745 καθεῖλες
3945 3678 4054 3732 τὸν

2496 3759 2766 3844 φραγμὸν
2801 3772 3008 3842 αὐτῆς,
3036 3774 3134 3827 καί
3178 3771 3476 3842 τρυγῶσιν
3519 3770 3712 3838 αὐτὴν
3743 3771 3967 3835 πάντες
3996 3771 4054 3823 oi

2498 3865 3039 3939 παραπορευόμενοι
3081 3862 3194 3932 τὴν
3233 3864 3409 3926 ὀδόν;
3451 3863 3549 3934 τὴν
3606 3861 3894 3931 ἀπόκρισιν
3956 3875 4056 3912 πε-

2499 3944 2774 4028 ποιῆσθαι.
2795 3958 2910 4010 Ἵνα
2937 3956 2989 4010 τί
3017 3955 3125 4029 γὰρ
3149 3955 3219 4008 τὰ
3241 3953 3462 4012 τοιαῦτα
3482 3952 3779 4006 πεπόνθασι
3813 3950 4056 4005 διδάσκει

2501 4047 2671 4116 λέγων
2693 4065 2705 4078 ·
2733 4048 2855 4101 Ὅτι
2886 4049 2996 4102 οὐκ
3034 4046 3300 4115 ἤκουσεν
3332 4047 3364 4098 ό
3394 4044 3544 4110 λαός
3571 4059 3688 4112 μου
3714 4039 3822 4108 τῆς
3850 4038 4060 4110 φωνῆς

2496 4158 2632 4210 μου,
2671 4139 2770 4194 καὶ
2791 4139 3034 4208 Ἰσραὴλ
3061 4140 3132 4191 οὐ
3155 4134 3454 4206 προσέσχε
3473 4151 3592 4203 μοι.
3621 4132 3735 4196 καὶ,
3758 4134 3826 4185 Ei
3852 4135 3884 4185 ὸ
3905 4132 4059 4198 ,λαός

2496 4249 2613 4300 μου
2640 4230 2867 4300 ἠκουσέ
2889 4247 3031 4297 μου,
3069 4227 3315 4296 Ἰσραὴλ
3343 4227 3471 4292 ταῖς
3498 4224 3658 4290 ὁδοῖς
3684 4241 3804 4293 μου
3830 4226 3884 4276 ει
3923 4223 4062 4276 erro-

2495 4322 2712 4390 ρεύθη·
2752 4321 2821 4374 ἐν
2865 4319 2943 4385 τῷ
2970 4381 2973 4386 λ
2994 4317 3210 4389 μηδενὶ
3252 4317 3329 4371 ἂν
3375 4315 3516 4383 τοὺς
3559 4314 3807 4383 ἐχθροὺς
3861 4311 4061 4367 αὐτῶν

2503 4414 2888 4482 ἐταπείνωσα.
2926 4411 3066 4464 ‘AVB’
3097 4396 3157 4465 οὗ
3182 4412 3210 4463 ό
3234 4408 3525 4490 Σύμμαχος
3547 4397 3890 4477 ήρμήνευσεν
3909 4422 3922 4435 ·
3963 4403 4063 4455 Ἐν

2506 4505 2786 4574 ὀλιγίστῳ
2808 4502 2883 4558 ἂν
2909 4501 3156 4571 ἐχθροὺς
3179 4501 3376 4555 αὐτῶν
3399 4493 3652 4568 ἥττησο,
3673 4495 3771 4550 καί
3794 4495 3893 4550 ἐπι
3918 4493 4066 4560 τοὺς

2506 4594 2815 4660 ἐναντίους
2845 4590 3042 4646 αὐτῶν
3084 4590 3426 4660 ἀνέστρεψα
3470 4586 3546 4642 ἂν
3576 4587 3689 4662 τὴν
3721 4585 3887 4658 χεῷἁ
3918 4603 4064 4654 μου.

855 4680 904 4734 si
927 4681 1223 4750 morigeros
1248 4679 1372 4734 illos
1394 4675 1729 4746 habuissem,
1746 4688 1800 4735 et
1828 4679 1954 4735 siin
1970 4680 2073 4736 viis
2095 4682 2253 4749 meis,
2270 4700 2406 4754 quas
2434 4655 2482 4714 Β
2510 4685 2595 4737 Ta

2326 4655 2406 4742 Ias
2434 4655 2482 4714 Β
2510 4682 2693 4737 Ταῦτα
2715 4655 3037 4751 ἃνϋέπραξα,
3067 4678 3219 4750 φησὶ,
3249 4655 3389 4732 πατῠὰ
3423 4677 3531 4732 τῶν
3793 4655 3886 4730 τοῦ
3909 4674 4065 4740 λαοῦ,

855 4771 1292 4842 pmscripseram
1324 4771 1481 4842 ipsis.
1513 4772 1892 4827 incessissent.
1930 4769 2088 4849 Nunc
2121 4787 2250 4829 vero
2282 4790 2407 4830 cum

855 4863 1277 4931 inobsequentes
1305 4870 1360 4917 et
1413 4862 1745 4934 immorigeri
1790 4861 1918 4918 facti
1955 4863 2087 4928 sint,
2135 4878 2254 4919 sese
2302 4864 2407 4934 ipsi

855 4951 1108 5006 inimicos
1128 4948 1224 5005 Dei
1251 4949 1672 5026 constituerunt.
1705 4949 1907 5006 Deinde
1952 4948 2214 5022 quoniam
2236 4947 2407 5020 Spiri-

857 5052 947 5098 tus
977 5050 1202 5112 sanctus
1255 5041 1632 5113 immorigeros
1678 5048 1732 5095 et
1785 5037 2211 5113 inobsequentes
2269 5042 2412 5106 illos,

860 5136 1118 5206 populum
1148 5149 1307 5190 suum
1335 5145 1431 5205 per
1463 5134 1816 5190 humanitatis
1848 5135 2286 5213 exsuperantiam
2315 5150 2414 5190 vo-

862 5228 1028 5290 cavit,
1057 5226 1216 5283 docet
1240 5227 1533 5294 neminem,
1555 5228 1646 5296 qui
1674 5241 1800 5282 vere
1830 5225 2060 5297 populus
2075 5224 2169 5283 Dei
2189 5229 2281 5293 sit,
2312 5227 2419 5298 ipsi

867 5325 1314 5387 repugnamrum.
1363 5316 1721 5383 Quamobrem
1782 5317 2273 5391 infertz—Vns.
2328 5319 2417 5374 16.

867 5407 1082 5462 Inimici
1109 5407 1318 5481 Domini
1347 5410 1550 5462 mentiti
1571 5419 1690 5463 sunt
1722 5411 1768 5462 ei
1784 5425 1805 5474 ;
1837 5410 2133 5466 secundum
2170 5409 2417 5484 Symma-

867 5500 1031 5554 chum
1062 5507 1280 5554 autem:
1316 5500 1600 5556 Dominum
1641 5517 1855 5556 exosum
1895 5501 2227 5573 faciunt,qui
2274 5518 2418 5558 men-

850 5593 1078 5646 .tiuntur
1103 5592 1222 5658 ipsi.
1274 5593 1541 5666 Additque
1576 5614 1588 5649 :
1619 5592 1689 5648 Et
1729 5594 1828 5647 erit
1880 5604 2077 5663 tempus
2105 5610 2308 5649 eorum
2365 5595 2420 5647 in

871 5683 1141 5737 seculum.
1174 5682 1571 5750 Etiamsienim
1615 5685 1744 5740 talia
1764 5685 1882 5742 ausi
1929 5679 2151 5751 fuerint,
2181 5694 2419 5748 attamen

870 5784 1112 5840 pmsens
1139 5774 1397 5828 saxulum
1444 5775 1780 5833 obtinebunt.
1817 5777 1884 5834 Et
1915 5778 2019 5834 hoc
2065 5789 2252 5834 eorum
2286 5783 2422 5831 tem-

2511 4775 2560 4827 εί
2588 4773 2743 4844 ἔσχον
2775 4771 2971 4834 αὐτοὺς
3005 4769 3294 4840 ὑπηκόους,
3325 4767 3419 4822 καὶ
3449 4768 3498 4820 ει
3529 4771 3644 4832 ταῖς
3671 4768 3810 4828 ὁδοῖς
3843 4781 3945 4836 μου
3974 4759 4068 4829 αἷς

2509 4863 2838 4935 διεταξάμην
2865 4861 3046 4923 αὐτοῖς
3077 4858 3464 4931 επορεύθησαν.
3488 4859 3602 4914 Νῦν
3626 4860 3683 4912 δὲ
3718 4857 3936 4928 ἀνήκοοι
3969 4857 4069 4910 καὶ

2511 4957 2754 5018 ἀπειθεῖς
2774 4943 3071 5023 γενόμενοι,
3101 4947 3252 5016 αὐτοὶ
3288 4950 3510 5014 ἑαυτοὺς
3547 4948 3772 5022 ὶχθροὺς
3795 4947 3889 5001 τοῦ
3927 4946 4071 5001 Θεοῦ

2519 5047 2878 5120 κατέστησαν.
2927 5040 3040 5110 Εἶτ’
3085 5041 3378 5115 ἐπειδήπερ
3430 5041 3557 5120 λαὸν
3611 5037 3776 5093 αὐτοῦ
3815 5039 4074 5110 ὠνόμασε

2519 5141 2640 5203 τοὺς
2674 5138 2913 5200 ἀπειθεῖς
2946 5136 3038 5190 καὶ
3087 5134 3345 5205 ἀνηκόους
3383 5131 3502 5186 καθ’
3548 5129 3847 5203 ὑπερϐολὴν
3885 5131 4076 5203 φιλαν-

2519 5230 2760 5302 θρωπίας
2789 5229 2848 5283 τὸ
2899 5227 3120 5299 Πνεῦμα
3153 5216 3442 5297 solam,
3483 5221 3718 5276 διδάσκει
3768 5223 3850 5277 δτι
3896 5222 4077 5284 οὐδεὶς

2520 5303 2972 5389 Θεῷ,ἀπει6ήσειε
3006 5315 3131 5378 λαὸς
3155 5309 3340 5372 αὑτοῦ.
3363 5308 3454 5363 Διὸ
3476 5309 3714 5379 ιπιλέγει
3736 5325 3750 5341 ο
3775 5311 3840 5362 οι
3867 5305 4073 5375 ἐχθροὶ

2521 5411 2737 5477 Κυρίου
2763 5408 3099 5475 ἐψεύσαντο
3141 5401 3301 5468 αὐτῷ
3318 5418 3332 5433 ο
3371 5400 3512 5454 κατὰ
3538 5401 3595 5454 δὲ
3619 5401 3711 5454 τὸν
3740 5399 4035 5469 Σύμμαχον
4056 5411 4074 5427 ·

2491 5499 2833 5557 ’Μισοποιοὶ
2851 5501 3070 5568 Κυρίου
3095 5499 3149 5552 ol
3174 5490 3542 5565 ψευσάμενοι
3573 5489 3749 5556 αὐτῷ.
3768 5489 3881 5546 Καὶ
3899 5502 4073 5557 προσ-

2519 5593 2731 5664 τίθησι⁹
2764 5591 2873 5650 Kal
2903 5590 3073 5646 ἔσται
3095 5591 3130 5644 ό
3163 5586 3366 5653 καιρὸς
3395 5581 3593 5639 αὐτῶν
3618 5585 3706 5649 εὶς
3730 5579 3838 5634 τὸν
3866 5575 4066 5631 ultima.

2521 5684 2584 5736 Et
2604 5684 2714 5754 γὰρ
2739 5685 2831 5738 καὶ
2853 5680 3076 5739 τοιαῦτα
3101 5675 3682 5749 τετολμήκασιν,’ὅμως
3707 5671 3798 5724 τὸν
3832 5667 4079 5738 παρόντα

2525 5768 2692 5829 αἰῶνα
2715 5773 2913 5840 ιξουσι.
2955 5771 3069 5829 Καὶ
3118 5761 3274 5832 οὗτός
3312 5769 3458 5823 ἐστιν
3495 5761 3673 5820 sua»
3701 5761 3730 5827 6
3757 5755 3966 5830 καιρὸς.
4016 5757 4076 5809 εν

945 5924 988 5954 ’⁷
1019 5921 1180 5981 Rom.
1215 5942 1261 5995 1,
1297 5913 1388 5984 2t.
1463 5929 1506 5964 "
1543 5928 1686 5988 Psal.
1722 5945 1924 6001 Luxu,
1963 5940 2010 5990 1.
2087 5935 2132 5968 ὀ
2171 5929 2315 5989 Psal.
2351 5946 2536 5998 um,
2563 5930 2654 6006 Ill».
