4406 6406
228 511 343 570 981

1397 503 1897 561 COMMENTABIA
1937 502 2001 556 IN
2042 501 2375 557 PSALMOS.

3371 505 3474 559 982

234 625 289 698 ᾧ
321 627 414 682 καὶ
459 624 598 695 μετὰ
633 621 865 676 τοσαῦτα
901 620 1342 690 πλημμελήματα
1371 617 1675 686 ἐψώμισεν
1705 618 1812 670 air-
1841 627 1888 682 Α
1917 631 1974 685 pl.

1731 618 1812 670 tir-
1841 627 1888 682 Α
1917 631 2018 685 pus
2047 622 2150 679 est,
2185 615 2292 684 qito
2326 618 2446 683 post
2488 618 2568 666 tot
2624 621 2882 682 tantaque
2931 615 3137 669 scelera
3171 614 3356 686 (Vens.
3386 617 3471 686 l7)

231 720 385 785 τοὺς
433 719 502 770 ἐκ
561 715 812 781 στέατος
871 712 1083 781 πυροῦ,
1123 710 1222 764 καὶ
1273 711 1340 762 ἐκ
1403 707 1620 776 πέτρας
1670 707 1808 777 μέλι

229 812 572 880 ἐχόρτασεν
625 808 860 872 αὐτούς.
899 803 1055 857 Κατὰ
1093 801 1250 855 τοῦτο
1287 802 1343 853 δέ
1388 800 1622 871 ἐπλήρου
1684 817 1810 853 κατ-

231 902 481 969 αξιώσας
531 901 728 963 αὐτοὺς
770 900 868 968 τῆς
912 895 1116 957 οἰκείας
1150 895 1373 965 τροφῆς,
1429 893 1490 944 οὐ
1528 891 1685 962 μόνον
1712 891 1809 960 τῆς

238 991 586 1062 σωματικῆς,
620 989 754 1043 ἀλλὰ
787 986 1009 1055 καὶτῆς
1057 983 1380 1054 ἐπουρανίου
1429 982 1522 1035 καὶ
1572 996 1810 1048 πνευμα-

234 1084 434 1153 τικῆς,
470 1082 705 1153 ὁπηνίκα
740 1079 970 1149 πρώτοις
1003 1077 1185 1139 αὐτοῖς
1224 1075 1487 1145 ἐπεδήμει
1521 1077 1549 1127 ὁ
1579 1072 1809 1144 Χριστὸς

233 1174 339 1227 τοῦ
393 1173 550 1238 Θεοῦ,
584 1171 784 1244 τροφὴν
842 1170 1022 1231 αὐτοῖς
1083 1168 1308 1237 παρεῖχε
1357 1165 1447 1218 τὸν
1491 1163 1810 1234 ἐπουράνιον

235 1267 412 1336 ἄρτον
446 1266 604 1327 αὐτὸς
639 1262 846 1315 ἐαυτόν.
881 1259 954 1311 Οὐ
997 1259 1099 1329 μὴν
1127 1256 1261 1311 ἀλλὰ
1298 1256 1391 1310 καὶ
1418 1254 1688 1326 ἐψώμισεν
1715 1254 1811 1307 αὐ-

235 1360 373 1420 τοὺς
409 1362 473 1411 ἐκ
506 1358 665 1410 πέντε
713 1355 890 1425 ἀρτων
924 1349 1236 1422 παραδόξως
1282 1350 1372 1400 ἐπὶ
1429 1349 1524 1416 τῆς
1571 1347 1804 1416 ἐρήμου·

237 1450 438 1520 ὥσπερ
468 1449 635 1501 πάλαι
669 1445 758 1499 διὰ
777 1445 1020 1508 Μωσέως
1053 1444 1114 1495 τὸ
1153 1443 1339 1514 μάννα.
1381 1440 1498 1490 Ἔτι
1530 1437 1586 1490 δέ
1624 1437 1718 1489 καὶ
1741 1436 1808 1488 ἐκ

237 1543 467 1610 πέτρας
496 1539 633 1608 μέλι
669 1538 992 1606 έχόρτασεν
1021 1535 1270 1597 αὐτούς’
1309 1531 1481 1602 πέτρα
1518 1528 1573 1581 δὲ
1610 1523 1677 1598 ἦν
1710 1527 1809 1580 αὐ-

235 1620 356 1698 τὸς,
390 1630 639 1702 χορηγῶν
691 1629 870 1693 αὐτοῖς
916 1628 983 1680 τὰ
1024 1627 1203 1694 πάσης
1248 1622 1436 1692 ἡδονῆς
1485 1622 1578 1673 καὶ
1613 1617 1810 1680 παντὸς

240 1721 460 1793 μέλιτος
495 1719 798 1788 γλυκύτερα
849 1717 1141 1788 μαθήματα
1165 1755 1178 1778 ,
1214 1713 1339 1781 περὶ
1387 1705 1460 1764 ὧν
1498 1706 1565 1780 ἦν
1600 1709 1771 1761 εἰπεῖν
1793 1724 1806 1737 ·

249 1815 356 1878 Ὠς
379 1813 606 1881 γλυκέα
628 1811 698 1865 τὰ
723 1810 896 1880 λόγιά
938 1825 1052 1862 σου
1084 1805 1162 1870 τῷ
1201 1803 1458 1874 φάρυγγί
1488 1819 1605 1870 μου
1624 1800 1642 1852 .¹
1662 1799 1811 1872 ὑπὲρ

229 1903 381 1975 μέλι
430 1902 509 1968 τῷ
547 1903 800 1970 στόματί
830 1918 968 1969 μου.
1018 1897 1127 1951 Καὶ
1161 1896 1324 1949 πάλαι
1369 1895 1424 1946 δέ
1457 1893 1543 1946 διὰ
1570 1890 1812 1952 Μωσέως

1917 707 2106 760 cibavit
2124 723 2209 760 eos
2243 722 2307 759 ea:
2337 705 2486 774 adipe
2511 705 2785 773 frumenti,
2814 715 2862 759 et
2886 705 2948 759 de
2979 717 3128 775 petra
3154 708 3304 762 melle
3331 719 3476 762 satu-

1917 803 2053 853 ravit
2081 815 2190 853 eos.
2233 797 2389 851 Tunc
2418 812 2580 867 porro
2611 798 2735 851 illos
2763 798 2986 867 proprio
3007 798 3128 852 cibo
3159 801 3366 870 replere
3392 801 3476 854 di-

1915 899 2114 961 gnatus
2142 900 2248 954 est,
2282 904 2392 944 non
2417 904 2680 959 corporeo
2712 890 2909 955 solum,
2941 889 3035 944 sed
3059 889 3224 944 etiam
3268 892 3476 948 ccelesti

1915 991 1968 1037 et
1987 983 2275 1051 spirituali,
2299 997 2421 1036 cum
2451 980 2518 1035 ad
2538 982 2681 1050 ipsos
2699 982 2902 1050 primos
2926 979 3179 1036 Christus
3201 980 3291 1037 Dei
3321 998 3477 1051 pere-

1916 1077 2164 1146 grinatus
2211 1082 2293 1129 est
2342 1081 2506 1144 atque
2549 1074 2602 1127 in
2643 1074 2822 1127 cibum
2871 1073 3025 1141 ipsis,
3056 1073 3331 1128 ccelestem
3380 1089 3476 1142 pan

1915 1181 2062 1230 nem,
2088 1165 2297 1242 scilicet
2325 1164 2588 1233 seipsum,
2616 1163 2779 1218 dedit.
2822 1161 2962 1228 Quin
2985 1164 3144 1216 etiam
3179 1162 3235 1215 in
3258 1161 3472 1218 deserto

1915 1273 1980 1312 ex
2001 1259 2240 1327 quinque
2267 1256 2498 1325 panibus
2526 1253 2847 1327 mirabiliter
2890 1254 3090 1308 cibavit
3147 1269 3276 1319 eos;
3332 1254 3474 1308 sicut

1915 1349 2042 1403 olim
2073 1363 2168 1418 per
2221 1346 2458 1418 Moysem
2497 1361 2696 1400 manna
2732 1345 3012 1415 impertiit.
3047 1343 3380 1414 lnsuperque
3409 1359 3477 1400 ea;

1914 1450 2063 1508 petra
2092 1439 2242 1493 melle
2272 1439 2531 1492 saturavit
2583 1455 2669 1492 eos
2702 1456 2718 1491 :
2757 1446 2908 1508 petra
2962 1444 3140 1492 autem
3193 1437 3307 1506 ipse
3332 1444 3472 1501 erat,

1915 1531 2236 1599 disciplinas
2262 1546 2414 1597 suas,
2448 1529 2689 1599 qualibet
2737 1529 3013 1599 voluptate
3038 1544 3101 1583 ac
3151 1528 3307 1583 melle
3355 1528 3476 1583 dul-

1916 1624 2112 1686 ciores,
2141 1622 2273 1691 ipsis
2299 1622 2674 1691 suppeditans,
2711 1620 2778 1675 de
2809 1622 3009 1690 quibus
3050 1622 3232 1676 dicere
3261 1617 3421 1674 liceat
3457 1637 3474 1674 :

1919 1715 2089 1780 Quam
2121 1715 2298 1768 dulcia
2322 1713 2564 1781 faucibus
2616 1714 2742 1765 meis
2775 1713 2982 1782 eloquia
3029 1714 3160 1766 tua!
3193 1729 3347 1781 super
3373 1711 3474 1764 mel

1917 1806 1996 1860 ori
2025 1821 2134 1858 meo
2166 1805 2205 1858 ί.
2234 1803 2374 1858 Olim
2406 1806 2535 1857 item
2588 1817 2683 1873 per
2727 1803 2960 1873 Moysem
2988 1819 3054 1858 ex
3091 1811 3241 1876 petra
3271 1803 3476 1873 potavit

1916 1912 2031 1953 eos.
2071 1896 2174 1952 Mel
2196 1906 2370 1950 autem
2402 1895 2470 1950 de
2502 1903 2674 1966 petra,
2705 1896 2794 1951 hic
2824 1910 2931 1950 non
2978 1895 3084 1949 alio
3112 1909 3274 1964 quam
3317 1894 3476 1948 int‘el-

236 1999 309 2050 ἐκ
338 1997 543 2068 πέτρας
569 1997 748 2058 αὐτοῖς
780 1995 1006 2064 παρεῖχε
1032 1990 1212 2043 ποτόν.
1246 1987 1375 2041 Μέλι
1402 1987 1459 2040 δέ
1490 1984 1722 2039 ἐνταῦθα
1751 1986 1813 2038 τὸ
1842 1999 1884 2054 Β
1913 1989 1976 2059 lig

1751 1986 1813 2038 τὸ
1842 1999 1884 2054 Β
1913 1987 2112 2059 ligendi
2163 2002 2315 2042 more
2365 1987 2609 2057 excipias
2639 2007 2651 2041 :
2690 1987 2945 2057 quoniam
2994 1987 3111 2056 ipse
3147 1984 3359 2056 Moyses
3391 1986 3471 2038 'in

236 2089 308 2140 ἐκ
352 2087 558 2157 πέτρας
598 2086 704 2139 οὐδ’
738 2085 910 2147 ἄλλως
961 2083 995 2152 ἢ
1037 2081 1178 2134 κατά
1223 2079 1458 2133 διάνοιαν
1497 2077 1806 2130 ἐκδεκτέον

237 2179 370 2230 ἐπεὶ
398 2179 490 2230 καὶ
519 2177 675 2238 αὐτὸς
711 2175 911 2244 Μωσῆς
947 2172 1043 2244 τὴν
1089 2171 1254 2242 αὐτὴν
1282 2169 1458 2239 τίθησι
1486 2167 1808 2240 μαρτυρίαν,

239 2267 420 2340 λέγων
450 2268 507 2318 ἐν
539 2266 745 2336 μεγάλῃ
779 2265 888 2335 ᾠδῇ
908 2282 919 2293 ·
958 2263 1296 2329 Ἐθήλασαν
1313 2261 1453 2330 μέλι
1477 2260 1543 2313 ἐκ
1572 2257 1808 2326 πέτρας,

240 2359 348 2414 καὶ
387 2358 591 2413 ἔλαιον
627 2359 695 2410 ἐκ
741 2355 989 2425 στερεᾶς
1032 2354 1269 2422 πέτρας.
1299 2354 1475 2423 "Amp
1532 2351 1666 2422 πρὸς
1717 2349 1812 2418 μὲν

237 2445 407 2517 ψιλὴν
431 2445 526 2517 τὴν
554 2445 698 2511 λέξιν
725 2447 821 2516 οὐχ
843 2446 1166 2514 ὑφέστηκενι
1182 2440 1567 2525 ίάλληγορικῶς
1585 2440 1642 2493 δέ
1672 2437 1812 2492 κατὰ

244 2538 420 2608 μόνην
447 2535 542 2607 τὴν
563 2535 798 2589 διάνοιαν
820 2533 1158 2601 ἐξακούεται.
1190 2534 1359 2594 Αὐτὸς
1395 2533 1501 2600 γὰρ
1530 2532 1558 2582 ὁ
1582 2527 1812 2598 Χριστὸς

241 2630 503 2703 ήοπέτρα,
527 2630 698 2683 ταῦτα
719 2629 894 2682 πάντα
923 2628 1176 2698 παρέχων
1202 2626 1383 2687 αὺτοῖς
1413 2623 1501 2675 διὰ
1521 2622 1621 2691 τῆς
1648 2621 1811 2674 αὐτοῦ

241 2719 616 2783 διδασκαλίας,
642 2719 703 2770 οὐ
732 2716 854 2770 καθ’
883 2717 940 2770 ὃν
968 2715 1155 2787 χρόνον
1186 2713 1444 2783 ἐπεδήμει
1475 2711 1652 2781 μόνον,
1680 2707 1814 2762 ἀλλά

244 2811 347 2866 καὶ
373 2811 481 2882 πρὸ
504 2810 601 2880 τῆς
631 2810 893 2880 ἐνσάρκου
925 2806 1216 2877 ἐπιδημίας
1239 2801 1429 2856 αὐτοῦ’
1458 2803 1532 2865 ὡς
1562 2800 1621 2865 ἐξ
1646 2801 1814 2855 ᾶπαν-

241 2919 342 2964 τος
374 2901 570 2964 αὐτοὺς
598 2901 694 2970 μὲν
730 2897 863 2953 εἶναι
895 2897 1346 2967 ἀναπολογήτους,
1375 2892 1587 2946 δικαίαν
1628 2892 1682 2945 δὲ
1717 2890 1814 2962 τὴν

246 2989 348 3045 τοῦ
364 2990 497 3044 Θεοῦ
519 2992 696 3063 κρίσιν
727 2990 862 3061 μετὰ
889 2990 955 3044 τὰ
977 2987 1212 3042 τοσαῦτα
1235 2988 1332 3057 τὴν
1349 2983 1618 3056 ἀποϐολὴν
1637 2981 1814 3038 αὐτῶν

245 3081 649 3152 ἐργασαμένην.
686 3079 844 3134 Ἀλλὰ
874 3078 982 3151 γὰρ
1011 3077 1179 3130 ταῦτα
1218 3076 1362 3146 ἡμᾶς
1385 3075 1509 3138 τοὺς
1546 3071 1604 3139 ἐξ
1649 3071 1816 3126 ἐθνῶν

243 3172 344 3224 ἐπὶ
385 3172 484 3243 τὴν
516 3171 694 3225 ἔνθεον
745 3170 1059 3240 ἀγαλλίασιν
1091 3169 1176 3222 διὰ
1224 3167 1330 3222 τῶν
1363 3164 1592 3237 πρώτων
1623 3163 1817 3233 κεκλη-

249 3262 446 3334 μένους
470 3263 499 3316 ὁ
543 3263 697 3332 λόγος
735 3261 972 3315 διδάσκει
1012 3256 1585 3332 προφυλαττομένους,
1631 3256 1703 3326 μή
1737 3271 1813 3324 πη

245 3355 364 3418 τοῖς
387 3353 592 3423 ὁμοίοις
629 3337 720 3406 καὶ
752 3353 903 3407 αὐτοί
931 3368 1060 3405 ποτε
1096 3348 1503 3422 περιπέσωμεν.

633 3502 922 3556 “mox
959 3501 1046 3571 ro
1088 3501 1280 3554 uss.
1321 3494 1444 3553 ων.
1556 3561 1559 3566 ν

331 3638 386 3687 Ὁ
420 3633 563 3700 Θεὸς
601 3633 750 3702 ἔστη
798 3636 868 3688 ἐν
907 3632 1228 3702 συναγωγῇ
1257 3630 1424 3696 θεῶν,
1449 3631 1520 3684 ἐν
1542 3630 1710 3700 μέσῳ
1745 3631 1816 3686 δὲ

245 3725 424 3792 θεοὺς
451 3724 756 3794 διακρίνει.
773 3727 831 3778 '0
867 3725 965 3796 μὲν
988 3725 1092 3797 πρὸ
1119 3725 1306 3778 τούτου
1335 3723 1493 3792 λόγος
1519 3711 1813 3795 κατηγορεῖ

243 3819 341 3874 τοῦ
373 3817 574 3881 παντὸς
610 3817 876 3870 Ἰουδαίων
906 3815 1055 3881 λαοῦ,
1083 3815 1268 3886 σαφῶς
1294 3814 1385 3869 τοῦ
1415 3813 1549 3868 Θεοῦ
1577 3816 1811 3884 φάσκον-

243 3924 373 3974 ιιτος⁸
422 3910 543 3963 Οὐκ
573 3907 839 3977 ἤκουσεν
879 3910 910 3961 ὀ
953 3907 1102 3972 λαός
1136 3924 1256 3976 μου
1297 3905 1407 3974 τῆς
1438 3904 1808 3975 φωνῆς-μου,

247 4001 348 4056 καί
391 3999 627 4069 Ἰσραὴλ
663 4001 735 4055 οὐ
768 3997 1068 4068 προσέσχε
1111 4014 1230 4066 μοι.
1272 3995 1394 4052 Καὶ·
1418 3994 1813 4062 ἐξαπέστειλα

246 4090 471 4157 αὐτοὺς
493 4089 639 4144 κατὰ
674 4089 746 4144 τὰ
794 4087 1225 4156 ἐπιτηδεύματα
1259 4085 1369 4155 τῆς
1416 4083 1662 4153 καρδίας
1706 4088 1811 4140 αὺ-

244 4179 397 4235 τῶνο
456 4180 550 4234 καὶ
588 4180 786 4234 πάλιν·
835 4181 906 4233 Et
958 4181 991 4231 ό
1042 4179 1191 4243 ,λαός
1227 4194 1340 4244 μου
1382 4175 1609 4242 ἢκουσέ
1652 4195 1810 4247 μου,

259 4270 501 4340 Ἰσραὴλ
525 4270 652 4352 ταῖς
677 4268 836 4335 ὁδοῖς
854 4287 972 4338 μου
999 4271 1052 4323 εί
1079 4270 1389 4338 ἐπορεύθη·
1420 4269 1580 4335 ἐντῷ
1598 4269 1811 4339 μηδενὶ
1840 4314 1843 4315 ν

245 4361 326 4419 ἂν
371 4362 514 4426 τοὺς
556 4361 803 4430 ἐχθροὺς
843 4361 1040 4414 αὐτῶν
1079 4360 1479 4433 araneis-mou:
1521 4363 1549 4414 6
1592 4359 1650 4414 δὲ
1678 4361 1814 4431 μετὰ

247 4454 435 4525 χεῖρας
485 4450 789 4514 ἀκολούθως
833 4451 1059 4514 ἐκείνοις
1100 4449 1206 4504 τῶν
1253 4451 1534 4523 προέδρων».
1557 4450 1651 4515 τοῦ
1682 4449 1811 4505 λαοῦ

247 4542 577 4613 κατηγορεϊο
625 4539 700 4603 ὡς
732 4539 866 4611 πρὸς
910 4540 1141 4611 ἄρχοντα
1181 4539 1309 4609 γοῦν
1335 4541 1428 4595 καὶ
1454 4540 1644 4611 κριτὰς
1676 4541 1812 4594 ἀπο-

247 4635 484 4688 τείνεται
531 4630 705 4699 λέγων
729 4648 744 4661 ·
781 4632 932 4697 Ἕως
970 4635 1113 4687 πότε
1151 4633 1380 4702 κρίνετε
1419 4631 1675 4694 ἀδικίαν,
1713 4632 1810 4686 καί

249 4726 540 4794 πρόσωπα
571 4720 929 4791 ἁμαρτωλῶν
963 4723 1326 4792 λαμϐάνετε
1381 4724 1629 4791 Κρίνατε
1659 4734 1810 4774 πτω-

247 4815 364 4884 χὸν
404 4813 503 4868 καί
545 4811 844 4877 ταπεινὸν,
872 4815 1134 4883 ὀρφανὸν
1162 4814 1270 4868 καί
1307 4813 1532 4880 πένητα
1577 4811 1808 4865 δικαιῶ.

247 4921 415 4961 σατε.
451 4902 585 4961 Εῐτα
624 4902 864 4972 ἐπιλέγει
882 4921 896 4936 ο
945 4905 1084 4975 Ἐγὼ
1114 4906 1282 4960 ταῦτα
1332 4902 1769 4977 παρεκελευόμην
1791 4920 1813 4958 ·.

231 4993 298 5070 λοι
326 4991 384 5047 δι
409 4993 521 5048 οὐκ
556 4993 827 5064 War
848 4991 991 5047 οὐδέ
1020 4994 1320 5064 συνῆκαν,
1361 4996 1431 5050 έν
1455 4994 1655 5049 σκότει
1680 4992 1806 5048 δια-

250 5084 618 5152 πορεύονται.
646 5084 812 5149 Θεοὺς
837 5083 893 5137 δὲ
924 5084 1119 5148 αὐτοὺς
1147 5085 1429 5151 ἀποκαλεῖ,
1460 5087 1576 5156 ἦτοι
1591 5083 1678 5138 διὰ
1708 5085 1806 5156 τήν

247 5173 413 5246 τιμήν
439 5175 506 5246 ην
537 5177 807 5248 ἀπένεμεν
839 5176 1018 5240 αὐτοῐς
1047 5178 1076 5230 ὁ
1100 5178 1226 5243 λαός
1244 5197 1256 5212 ·
1304 5179 1445 5233 οὕτω
1478 5177 1613 5248 μετὰ
1658 5178 1808 5233 πλεί-

250 5280 375 5318 στου
409 5264 571 5333 φόϐου
597 5271 692 5320 καὶ
718 5268 881 5339 τιμῆς
910 5267 1144 5338 προσιὼν
1177 5270 1362 5335 αὐτοῖς
1387 5270 1516 5323 ὡσεὶ
1537 5269 1628 5323 καὶ
1659 5269 1808 5342 αὐτῷ

249 5353 325 5426 τῷ
357 5354 507 5425 Θεῷ·
552 5355 586 5425 ἢ
631 5359 924 5431 ἐπειδήπερ
954 5357 1131 5430 χώραν
1175 5359 1309 5414 Θεοῦ
1346 5363 1560 5430 ἐπεῖχον
1589 5358 1650 5412 τὸ
1685 5363 1810 5433 κρί-

249 5463 359 5500 νειν
382 5444 813 5515 ἀναδεδεγμένοι,
847 5449 1161 5515 κολάζοντές
1194 5467 1254 5502 τε
1291 5453 1386 5506 καὶ
1414 5450 1807 5521 τιμωρούμενοι

251 5537 377 5602 τοὺς
403 5534 722 5600 ἀδικοῦντας
754 5537 892 5592 κατὰ
919 5539 1010 5594 τὸν
1043 5542 1170 5612 παρ’
1202 5542 1386 5603 αὐτοῖς
1420 5540 1610 5611 νόμον·
1634 5539 1676 5611 ’ἢ
1721 5542 1808 5598 διὰ

250 5625 310 5679 τὸ
332 5623 654 5696 τετιμῆσθαι
682 5625 876 5691 αὐτοὺς
901 5627 1006 5682 ὑπὸ
1031 5629 1126 5683 τοῦ
1159 5628 1291 5683 Θεοῦ
1317 5629 1394 5701 τῷ
1415 5628 1514 5699 τῆς
1543 5629 1808 5696 υἱοθεσίας

249 5714 473 5787 ὀνόματι
490 5756 505 5781 ,
531 5715 606 5776 ὡς
638 5714 886 5784 λέγεσθαι
909 5712 1036 5790 περὶ
1062 5717 1240 5773 αὐτῶν
1259 5735 1273 5750 ·
1290 5750 1292 5752 τ
1310 5717 1478 5783 Υιοὺς
1509 5717 1808 5791 ἐγέννησα
1850 5741 1853 5744 ·

322 5867 341 5901 ¹
377 5867 522 5926 Psal.
559 5884 773 5938 sunt,
797 5871 920 5961 ξοδ.
995 5876 1014 5906 ³
1051 5839 1206 5930 Deut.
1243 5873 1550 5940 xum-18.

1912 2094 2107 2150 magno
2136 2080 2353 2133 cantico
2380 2079 2522 2133 idem
2554 2079 2924 2135 testimonium
2978 2077 3182 2149 profert
3231 2077 3422 2132 dicens
3454 2093 3470 2129 :

1913 2171 2178 2225 Suxerunt
2219 2171 2321 2224 mel
2363 2170 2425 2223 de
2458 2181 2628 2239 petra,
2671 2179 2720 2224 et
2768 2172 2938 2225 oleum
2987 2186 3051 2225 ex
3081 2171 3213 2223 duro
3253 2185 3382 2223 saxo
3425 2170 3468 2222 ⁸.

1912 2262 2040 2328 Quae
2073 2262 2290 2332 quidem
2325 2278 2434 2317 non
2469 2263 2770 2318 secundum
2803 2265 3004 2319 nudam
3035 2264 3321 2319 lectionem
3344 2277 3472 2318 eve-

1911 2363 2106 2408 nerunt
2130 2373 2144 2421 ;
2179 2353 2274 2410 sed
2299 2352 2589 2424 allegorice
2613 2354 2788 2408 solum
2823 2362 2877 2410 et
2899 2355 3175 2425 cogitandi
3208 2355 3368 2411 modo
3391 2355 3476 2410 in-

1911 2447 2245 2515 telliguntur.
2283 2446 2417 2500 Nam
2455 2438 2844 2516 ipse'Christus
2899 2455 3052 2518 petra
3078 2459 3178 2511 est,
3213 2449 3306 2518 qui
3360 2448 3476 2504 haec

1912 2539 2094 2591 omnia
2131 2537 2236 2592 illis
2262 2554 2358 2608 per
2384 2537 2689 2592 doctrinam
2716 2553 2869 2593 suam
2893 2539 3249 2607 impertiebat,
3274 2555 3383 2594 non
3408 2557 3474 2595 eo

1913 2630 2086 2684 solum
2117 2637 2360 2700 tempore
2392 2645 2503 2699 quo
2529 2631 2995 2700 peregrinabatur,
3034 2629 3129 2685 sed
3151 2631 3309 2684 etiam
3347 2639 3473 2686 ante

1913 2719 2185 2775 carnalem
2245 2736 2402 2774 suum
2456 2721 2784 2788 adventum;
2844 2721 2918 2775 ita
2972 2729 3030 2775 ut
3078 2721 3183 2790 ipsi
3246 2736 3473 2792 prorsus

1914 2809 2346 2872 inexcusabiles;
2396 2808 2491 2864 Dei
2544 2824 2675 2864 vero
2726 2809 3015 2878 judicium,
3069 2823 3179 2880 quo
3227 2811 3330 2865 sub
3359 2811 3474 2864 haec

1914 2898 2062 2967 ipsos
2093 2897 2418 2968 repudiavit,
2446 2897 2655 2964 justum
2697 2898 2787 2952 sit.
2833 2896 3102 2952 Caeterum
3153 2899 3266 2953 haec
3316 2899 3476 2955 nobis

1916 2988 2008 3058 qui
2065 3003 2132 3042 ex
2185 2987 2434 3058 gentibus
2490 2987 2559 3041 ad
2611 2987 2849 3041 divinam
2907 2989 3327 3044 exsultationem
3378 3003 3475 3059 per

1916 3081 2098 3150 priora
2122 3079 2289 3134 verba
2313 3079 2489 3134 vocati
2519 3094 2730 3144 sumus,
2760 3078 2824 3134 ad
2853 3082 3117 3136 cautelam
3144 3081 3484 3147 traduntur.,_

1916 3186 1985 3227 ne
2016 3171 2071 3226 in
2097 3171 2250 3242 paria
2279 3171 2384 3242 ipsi
2412 3185 2629 3242 quoque
2659 3171 2966 3229 incidamus

2140 3505 2204 3558 1..
2225 3501 2544 3560 PSALMUS
2575 3501 2705 3560 IPSl
2735 3502 2979 3560 ASAP-H.
3022 3504 3258 3563 LXXXI.

1985 3636 2124 3692 Deus
2154 3640 2301 3694 stetit
2327 3640 2382 3692 in
2409 3655 2678 3710 synagoga
2716 3639 2950 3704 deorum,
2999 3639 3055 3690 in
3091 3638 3262 3691 medio
3298 3647 3474 3692 autem

1913 3729 2035 3784 deos
2063 3730 2344 3800 dijudicat.
2378 3730 2484 3796 Qui
2526 3731 2673 3784 hunc
2702 3729 2957 3801 prmcedit
2980 3744 3159 3785 sermo
3181 3737 3358 3784 totum
3376 3728 3474 3784 Ju-

1913 3819 2154 3875 dteorum
2200 3822 2460 3893 populum
2519 3820 2778 3876 incusat:
2813 3835 2937 3875 nam
2979 3812 3053 3877 ibi
3107 3820 3250 3878 Deus
3291 3831 3474 3891 aperte

1914 3911 2046 3965 dicit
2078 3929 2092 3966 :
2121 3898 2245 3965 Non
2294 3913 2498 3966 audivit
2546 3912 2768 3981 populus
2797 3929 2941 3966 meus
2981 3928 3153 3966 vocem
3192 3929 3378 3977 meam,
3424 3921 3474 3966 et

1916 4001 2087 4057 Israel
2137 4016 2238 4055 non
2284 4003 2510 4056 intendit
2544 4003 2691 4057 mihi.
2748 4001 2816 4055 Et
2865 4002 3044 4055 dimisi
3073 4020 3158 4056 eos
3190 4004 3474 4056 secundum

1914 4091 2178 4146 desideria
2206 4091 2380 4144 cordis
2434 4107 2656 4155 eorum;
2719 4106 2784 4147 ac
2832 4108 3050 4147 rursum
3089 4110 3100 4144 :
3147 4092 3206 4147 Si
3249 4093 3472 4162 populus

1916 4197 2060 4236 meus
2089 4181 2324 4236 audisset
2359 4198 2457 4248 me,
2482 4180 2654 4237 I‘s‘rael
2675 4184 2721 4238 si
2755 4185 2811 4237 in
2831 4185 2928 4238 viis
2946 4208 2948 4210 ·
2968 4186 3100 4238 meis
3129 4184 3471 4252 ambulasset,

1912 4287 2008 4342 pro
2051 4271 2216 4325 nihilo
2258 4271 2488 4340 forsitan
2530 4273 2774 4328 inimicos
2816 4291 3003 4330 eorum
3050 4275 3413 4331 humiltassem
3452 4294 3472 4331 :

1914 4359 2004 4413 hic
2034 4374 2166 4414 vero
2198 4362 2446 4430 psalmus
2475 4371 2873 4433 consequenter
2897 4365 2964 4420 ad
2995 4364 3085 4418 illa
3120 4367 3302 4436 populi
3330 4382 3472 4435 prte-

1916 4448 2061 4506 sides
2093 4459 2336 4516 accusat,
2365 4453 2665 4523 principem
2695 4456 2839 4509 enim
2870 4464 2924 4510 et
2945 4453 3157 4522 judices
3181 4455 3472 4524 compellat

1915 4541 2000 4598 bis
2027 4542 2207 4598 verbis
2249 4558 2261 4594 :
2302 4541 2574 4615 Usquequo
2611 4545 2873 4613 judicatis
2914 4547 3266 4615 iniquitatem,
3306 4556 3355 4600 et
3388 4549 3475 4616 ιιι-ι

1842 4666 1889 4722 D
1917 4635 2019 4688 cies
2043 4643 2375 4704 peccatorum
2425 4636 2675 4692 sumitis?
2698 4636 2938 4705 judicate
2972 4652 3252 4705 pauperem
3291 4647 3343 4692 et
3376 4639 3476 4693 hu-

1914 4726 2111 4790 milem,
2139 4724 2400 4795 pupillum
2443 4733 2491 4778 et
2517 4725 2720 4793 inopem
2739 4725 3048 4795 justiﬁcate.
3099 4725 3303 4784 Deinde
3338 4730 3475 4785 sub-

1911 4815 2039 4872 dit:
2089 4813 2214 4871 Hac
2272 4830 2372 4886 ego
2417 4815 2822 4885 praecipiebam,
2871 4815 2950 4871 illi
2997 4833 3124 4874 vero
3151 4805 3495 4885 nescierunt,

1912 4923 2072 4977 neque
2101 4905 2490 4972 intellexerunt,
2518 4905 2577 4980 in
2615 4904 2836 4961 tenebris
2884 4907 3179 4964 ambulant.
3216 4909 3356 4966 Deos
3378 4893 3489 4964 auoi

1910 5007 2021 5056 tem
2060 5003 2218 5053 vocat
2245 5010 2362 5062 eos,
2388 4996 2503 5053 sive
2532 4997 2757 5055 honoris
2788 5016 2897 5071 quo
2925 4999 3160 5072 populus
3205 5002 3355 5072 ipsos
3390 5002 3475 5054 af-

1912 5089 2128 5144 ﬁciebat
2151 5101 2340 5152 causa,
2372 5104 2495 5144 cum
2531 5089 2725 5146 timore
2755 5099 2919 5161 atque
2941 5091 3288 5147 veneratione
3321 5091 3472 5161 ipsos

1913 5178 2138 5250 perinde
2169 5187 2331 5249 atque
2378 5179 2547 5236 Deum
2581 5181 2806 5249 adiens;
2840 5181 2955 5237 sive
2981 5183 3110 5254 quia
3160 5182 3336 5236 locum
3376 5179 3474 5237 Dei

1912 5276 2261 5339 occuparent,
2314 5270 2598 5354 iudicandi
2650 5269 2877 5329 munere
2923 5284 3195 5344 suscepto,
3254 5263 3471 5345 iniquos

1915 5357 2214 5415 secundum
2237 5360 2410 5433 legem
2440 5359 2543 5416 sibi
2579 5360 2834 5416 traditam
2884 5361 3150 5431 supplicio
3184 5363 3468 5434 pcenisque

1915 5449 2257 5519 amcientes;
2316 5454 2403 5509 vel
2449 5452 2575 5523 quia
2636 5467 2668 5507 a
2726 5451 2839 5508 Deo
2900 5452 3205 5523 adoptionis
3250 5455 3466 5511 nomine

1912 5543 2160 5598 exornati
2189 5553 2350 5611 sunt;
2385 5545 2461 5599 ita
2490 5552 2548 5599 ut
2573 5543 2640 5600 de
2662 5544 2797 5615 ipsis
2843 5543 3061 5599 dicatur
3083 5564 3094 5600 :
3116 5544 3286 5600 Filios
3314 5546 3464 5614 genui

1912 5643 1962 5689 et
1986 5634 2356 5701 exaltari;vel
2380 5628 2515 5706 quia
2531 5635 2598 5691 ad
2631 5635 2918 5707 imaginem
2964 5645 3019 5692 et
3063 5633 3469 5692 similitudinem
3583 5676 3589 5688 .

1913 5721 2028 5789 Dei,
2062 5735 2159 5793 per
2176 5715 2515 5795 spi‘ritualem
2537 5733 2593 5782 et
2617 5723 2994 5812 rationabilem
3044 5725 3188 5779 illam
3212 5724 3266 5779 in
3298 5724 3484 5780 homi-.
