4406 6410
876 493 974 550 983

1584 489 1847 547 EUSEBH
1880 489 2346 546 CESARIENSIS
2383 489 2526 545 OPP.
2569 489 2746 544 PARS
2775 488 2944 543 Ill.-
2979 489 3382 544 EXEGETICA.
3443 453 3446 456 ί

3939 491 4036 547 981

875 612 1038 666 nibus
1085 609 1472 675 substantiam,
1522 607 1695 664 eﬂ'ecti
1749 616 1895 663 sunt.
1952 607 2010 661 In
2076 608 2181 662 hoc
2225 609 2406 676 itaque
2435 609 2598 669 Ακαὶ

2302 624 2406 676 que
2435 615 2480 669 Α
2505 609 2598 662 καὶ
2625 608 2865 676 ὕψωσα·
2895 608 2927 678 ἢ
2961 607 3048 661 διὰ
3071 607 3131 660 τὸ
3162 607 3280 660 κατ’
3306 607 3486 660 εικόνα
3511 604 3601 658 καὶ
3628 606 3881 675 ὁμοίωσιν
3902 605 4039 670 ¹Θεοῦ

880 703 1088 772 psalmo
1128 702 1306 755 statim
1350 707 1472 768 post
1512 699 1785 768 praedicta,
1827 713 1921 754 eos
1961 699 2053 768 qui
2084 711 2408 753 accusantur

880 793 965 845 his
1005 789 1193 842 aﬂ'atur
1220 806 1233 840 :
1258 789 1368 858 Ego
1395 790 1505 842 dixi
1532 805 1550 842 :
1588 788 1679 843 Dii
1727 791 1851 843 estis
1904 798 1954 842 et
2004 787 2104 857 ﬁlii
2150 790 2407 843 Altissimi

879 895 1069 932 omnes.
1131 877 1230 931 Vos
1280 888 1452 931 autem
1505 880 1637 932 sicut
1686 879 1914 932 homines
1964 878 2298 939 moriemini,
2359 889 2406 932 et

877 971 1008 1021 sicut
1069 984 1202 1021 unus
1251 982 1315 1021 ea:
1359 967 1676 1036 principibus
1737 967 1952 1021 cadetis.
2005 966 2263 1022 Prwsides
2310 969 2408 1021 ita.

879 1071 982 1124 que
1027 1055 1230 1124 populi,
1261 1055 1568 1110 sacerdotes
1620 1053 1865 1109 videlicet
1897 1064 1948 1111 et
2004 1053 2272 1110 antistites
2323 1069 2410 1109 sa-

879 1159 1091 1197 crorum
1155 1158 1218 1198 ac
1290 1145 1525 1214 reliquos
1591 1143 1859 1213 principes
1911 1143 2213 1212 dijudicans
2268 1142 2409 1198 Deus

879 1232 1132 1296 Verbum,
1197 1234 1312 1288 haec
1361 1249 1480 1303 qua:
1534 1234 1642 1302 jam
1689 1242 1984 1290 tractamus
2007 1237 2408 1301 συσπειραθ-

880 1338 937 1377 re
990 1323 1187 1376 dicitur
1236 1338 1249 1373 :
1293 1322 1431 1376 Deus
1477 1324 1613 1375 stetit
1656 1324 1710 1376 in
1756 1341 2017 1394 synagoga
2065 1326 2300 1389 deorum,
2356 1327 2409 1378 in

881 1411 1046 1464 medio
1092 1425 1261 1464 autem
1303 1410 1424 1463 deos
1477 1410 1777 1480 dijudicat;
1823 1413 2116 1467 secundum
2163 1413 2407 1482 Aquilam

881 1513 1094 1557 autem:
1142 1503 1278 1556 Deus
1320 1504 1463 1556 stetit
1516 1503 1570 1555 in
1622 1519 1881 1572 synagoga
1953 1504 2189 1572 fortium,
2237 1505 2291 1556 in
2337 1504 2410 1556 vi-

880 1593 1110 1646 sceribus
1140 1592 1390 1647 Dominus
1438 1593 1674 1662 judicat;
1705 1593 1998 1648 secundum
2031 1593 2409 1664 Symmachum

879 1697 1047 1735 vero:
1079 1681 1220 1736 Deus
1263 1684 1405 1737 stetit
1451 1687 1506 1736 in
1543 1692 1673 1736 coetu
1724 1681 1820 1737 Dei
1853 1725 1868 1748 ,
1924 1685 1980 1738 in
2032 1685 2215 1738 mediis
2275 1684 2410 1739 Deus

877 1770 1136 1839 judicans.
1201 1771 1299 1827 Hic
1354 1789 1481 1828 vero
1529 1773 1711 1841 Deus,
1757 1757 1964 1831 scilicet
2019 1775 2108 1831 Dei
2156 1776 2410 1842 Verbum,

884 1872 1229 1916 memoratam
1256 1863 1478 1918 deorum
1502 1879 1824 1934 synagogam
1862 1865 2112 1933 judicans
2139 1875 2192 1921 et
2215 1866 2413 1936 dijudi-

882 1965 1032 2016 cans,
1071 1956 1444 2008 accusationes
1475 1956 1584 2011 reis
1614 1955 1839 2012 inducit.
1887 1956 1952 2010 Et
1987 1958 2112 2025 quia
2164 1966 2408 2027 potentes

882 2047 1125 2107 potenter
1148 2044 1599 2107 examinabuntur
1615 2063 1632 2112 ;
1651 2046 1772 2114 jure
1788 2046 2163 2114 praedictorum
2187 2047 2408 2102 deorum

881 2131 1122 2186 ordinem
1148 2143 1393 2204 segregat
1425 2142 1478 2188 et
1509 2137 1734 2189 seorsim
1761 2134 2000 2205 judicat;
2049 2151 2171 2191 cum
2215 2137 2324 2206 jam
2355 2137 2410 2191 in

880 2223 1198 2291 praecedenti
1231 2225 1434 2293 psalmo
1458 2227 1774 2295 promiscuae
1788 2229 1968 2298 populi
1996 2229 2166 2285 turba:
2185 2244 2411 2284 accusa-

880 2313 1084 2367 tionem
1111 2315 1409 2382 protulerit.
1436 2313 1544 2370 lmo
1573 2316 1732 2371 etiam
1761 2317 2018 2386 diiudicat
2042 2359 2057 2384 ,
2103 2319 2168 2374 de
2201 2321 2269 2374 iis
2317 2321 2408 2390 qui

882 2403 1030 2474 digni
1059 2405 1230 2459 salute
1252 2416 1397 2472 sunt,
1429 2422 1491 2460 ac
1528 2408 1594 2462 de
1642 2409 1710 2464 iis
1734 2409 1827 2478 qui
1875 2423 2031 2465 secus
2086 2426 2143 2465 se
2187 2411 2407 2478 habent,

885 2493 1202 2547 sententiam
1233 2494 1431 2549 ferens.
1478 2495 1594 2551 Non
1653 2497 1903 2567 superbe,
1957 2514 2063 2552 non
2106 2501 2408 2569 tyrannice,

884 2596 991 2635 non
1021 2584 1076 2636 in
1107 2583 1214 2636 alto
1231 2583 1557 2638 constitutus
1574 2585 1812 2653 judicat;
1851 2587 1943 2640 sed
1965 2586 2269 2656 judicandis
2293 2603 2412 2644 sese

882 2678 1267 2743 attemperans,
1293 2675 1501 2729 medius
1524 2683 1630 2730 stat
1671 2675 1812 2730 inter
1841 2676 1982 2742 illos,
2017 2692 2111 2746 per
2143 2677 2412 2733 hominem

885 2777 1042 2829 quem
1080 2764 1314 2834 suscepit
1342 2765 1474 2833 ipsis
1498 2765 1684 2820 habitu
1731 2767 1926 2822 similis
1977 2767 2216 2823 eﬂ'ectus.
2275 2767 2412 2822 Hinc

885 2864 1012 2903 vero
1039 2864 1132 2905 eos
1159 2850 1250 2919 qui
1272 2850 1534 2920 judicium
1558 2856 1788 2909 subituri
1818 2863 1962 2919 sunt,
1997 2856 2211 2925 praeviis
2240 2857 2414 2911 moni-

887 2939 955 2994 tis
988 2939 1052 2993 ad
1081 2940 1501 3009 resipiscentiam
1528 2952 1723 3011 vocat;
1756 2945 1995 3015 ipsisque
2039 2947 2317 3015 prospicit,
2354 2953 2413 2999 ut

889 3044 958 3083 ne
993 3029 1046 3082 in
1070 3028 1258 3098 judicii
1306 3032 1627 3101 supplicium
1663 3034 1937 3100 incidant;
1977 3035 2069 3090 sed
2103 3050 2221 3091 sese
2263 3037 2413 3105 prius

888 3118 1209 3182 emendent,
1269 3118 1475 3189 sibique
1541 3129 1763 3176 caveant
1825 3138 1892 3176 ex
1962 3119 2176 3179 oblatis
2229 3125 2413 3177 crimi-

890 3208 1069 3261 nibus.

2505 702 2778 769 γεγονέναι
2809 698 2894 752 διὰ
2920 700 3019 769 τὴν
3059 701 3116 752 ἐν
3152 696 3453 768 ἀνθρώποις
3484 695 3670 766 νοερὰν
3699 697 3792 750 καὶ
3823 696 4042 766 λογικὴν

2507 777 2706 843 οὐσίαν.
2729 789 2933 843 Αὐτίκα
2960 788 3089 857 γοῦν
3123 791 3179 842 ἐν
3212 786 3356 857 αὐτῷ
3387 786 3464 857 τῷ
3489 787 3824 856 προκειμένῳ
3848 785 4043 856 ψαλμῶ

2506 879 2724 951 προϊὼν,
2767 882 2796 932 ὁ
2837 880 2991 948 λόγος
3024 879 3154 950 φησὶ
3199 879 3333 949 πρὸς
3363 880 3487 940 τοὺς
3514 876 4004 946 κατηγορουμένους
4024 891 4040 906 ο

2519 971 2656 1041 Ἐτὼ
2682 967 2818 1024 εἶπα
2835 988 2848 1003 ·
2877 972 3018 1025 Θεοί·
3047 971 3184 1024 ἐστε
3224 972 3321 1024 καί
3349 968 3464 1024 υἱοὶ
3499 969 3773 1036 Ὑψίστου
3803 965 4040 1032 πάντες.

2518 1061 2697 1130 Ὑμεῖς
2724 1062 2790 1115 δὲ
2822 1062 2901 1126 ὡς
2937 1063 3226 1129 ἅνθρωποι
3250 1059 3678 1126 ἁποθνήσκετε,
3717 1057 3815 1112 καὶ
3850 1057 3930 1122 ὡς
3959 1054 4043 1122 εἷς

2505 1150 2624 1204 τῶν
2650 1151 2951 1219 ἀρχόντων
2978 1151 3232 1203 πίπτετε.
3263 1151 3401 1212 Τοὺς
3421 1148 3483 1219 δὴ
3515 1143 3606 1201 οὖν
3628 1146 3721 1200 τοῦ
3749 1145 3876 1198 λαοῦ
3916 1161 4038 1215 προ-

2509 1239 2762 1301 εστῶτας,
2794 1237 2969 1308 ἱερέας
2994 1236 3189 1307 δηλαδὴ
3225 1238 3317 1291 καὶ
3357 1235 3662 1306 ἀρχιερέας,
3687 1233 3810 1297 τούς
3852 1250 3912 1286 τε
3940 1233 4048 1286 λοι-·

2508 1329 2642 1391 ποὺς
2672 1328 2930 1398 ἄρχοντας
2952 1325 3249 1395 ἀνακρίνων
3274 1326 3302 1376 ὁ
3328 1325 3455 1386 Θεὸς
3475 1317 3661 1392 Λόγος,
3679 1323 3748 1376 τὰ
3775 1323 3910 1392 μετά
3932 1325 4042 1391 χεῖ-

2511 1436 2606 1489 ρας
2632 1417 2976 1486 διεξέρχεται.
3004 1415 3093 1467 Διὸ
3123 1415 3327 1484 εἴρηται
3345 1430 3357 1445 ο
3396 1413 3447 1464 Ὁ
3477 1412 3615 1478 Θεὸς
3634 1413 3782 1479 ἔστη
3807 1412 3876 1464 ὲν
3901 1427 4045 1465 συν-

2507 1507 2703 1578 αγωγῇ
2743 1505 2910 1569 θεῶν,
2946 1504 3198 1573 ἐνμέσῳ
3241 1503 3308 1555 δὲ
3353 1502 3522 1566 θεοὺς
3560 1503 3874 1569 διακρίνειε
3907 1500 4044 1553 κατὰ

2507 1597 2562 1649 δὲ
2588 1596 2678 1647 τὸν
2703 1593 2926 1646 Ἀκύλαν
2945 1609 2957 1622 ⁸
2995 1591 3136 1656 Θεὸς
3156 1591 3300 1657 ἔστη
3327 1589 3396 1642 ἐν
3419 1586 3735 1656 συναγωγῇ
3767 1585 4043 1656 ἰσχυρῶν,

2507 1685 2574 1736 ἐν
2595 1681 2820 1751 ἐγκάτῳ
2855 1680 3068 1746 Κύριος
3095 1678 3278 1746 κρίνει
3305 1691 3318 1706 ·
3350 1674 3490 1727 κατὰ
3523 1672 3578 1724 δὲ
3605 1673 3693 1725 τὸν
3725 1673 4010 1742 Σύμμαχον
4029 1688 4040 1700 ·

2519 1774 2572 1824 '0
2602 1769 2743 1835 Θεὸς
2767 1767 3019 1833 κατέστη
3049 1766 3117 1818 ὲν
3147 1761 3382 1826 συνόδῳ
3405 1759 3570 1824 Θεοῦ,
3599 1758 3666 1811 ἐν
3683 1756 3888 1826 μέσοις
3908 1755 4048 1820 Θεὸς

2509 1863 2743 1930 κρίνων.
2774 1858 2988 1928 Κρίνων
3027 1857 3081 1908 δέ
3111 1849 3258 1917 οὗτος
3288 1855 3316 1906 ό
3337 1852 3486 1917 Θεὸς,
3513 1849 3711 1920 δηλαδὴ
3733 1850 3767 1901 ,ό
3796 1846 3888 1900 τοῦ
3915 1846 4049 1900 Θεοῦ

2440 1942 2480 1996 Β
2507 1953 2693 2020 Λόγος,
2724 1949 2817 2004 καὶ
2851 1947 3136 2018 διακρίνων
3160 1945 3258 2015 τὴν
3285 1941 3573 2012 λεγομένην
3601 1940 3914 2018 συναγωγὴν
3940 1938 4048 1991 τῶν

2512 2043 2666 2107 θεῶν,
2692 2042 2938 2110 ἐλέγχους
2971 2039 3231 2109 προσάγει
3261 2037 3370 2099 τοῖς
3403 2034 3752 2104 κρινομένοις.
3779 2030 3889 2084 Καὶ
3929 2031 4054 2084 ἐπεὶ

2511 2134 2720 2188 δυνατοὶ
2738 2131 2972 2192 δυνατῶς
2994 2129 3395 2197 ἐτασθήσονται,
3418 2125 3635 2188 εἰκότως
3654 2123 3714 2176 τδ
3734 2122 3920 2192 τάγμα
3942 2117 4051 2173 τῶν

2513 2222 2946 2294 προλελεγμένων
2978 2218 3112 2271 θεῶν
3136 2214 3377 2286 ἀφορίζει
3411 2214 3552 2276 ἰδίως
3578 2213 3671 2268 καὶ
3699 2212 3893 2283 κρίνει,
3918 2227 4044 2280 atpo-
4159 2233 4165 2238 ν

2512 2313 2727 2368 διελθὼν
2760 2314 2815 2366 ἐν
2850 2312 2926 2381 τῷ
2950 2311 3054 2380 πρὸ
3083 2311 3267 2363 τούτου
3290 2307 3428 2382 λόγῳ
3449 2307 3537 2358 τὸν
3565 2305 3780 2373 ἔλεγχον
3800 2301 3893 2356 τοῦ
3920 2301 4055 2371 πλή-

2515 2406 2636 2467 θους
2652 2403 2744 2456 τοῦ
2767 2401 2914 2456 λαοῦ.
2934 2399 3090 2453 Ἀλλά
3109 2399 3201 2452 καὶ
3221 2395 3501 2468 διακρίνει,
3516 2393 3713 2464 κρίνων
3727 2392 3851 2454 τοὺς
3871 2388 4056 2454 ἀξίους

2514 2495 2782 2565 σωτηρίας
2804 2494 3038 2554 καὶτοὺς
3068 2491 3141 2561 μὴ
3167 2488 3449 2550 τοιούτους.
3475 2486 3660 2556 Κρίνει
3681 2484 3737 2536 δέ
3756 2483 3855 2536 οὐκ
3879 2483 4050 2551 ἐπηρ-

2517 2585 2708 2653 μένως,
2735 2583 2851 2636 οὐδὲ
2864 2579 3212 2652 τυραννικῶς,
3241 2581 3297 2630 ἐν
3330 2576 3450 2646 ὕψει
3479 2591 3538 2627 τε
3567 2571 4048 2644 προκαθεζόμενος,

2513 2675 2646 2730 ἀλλὰ
2679 2672 3114 2742 ωγκαταὸαίνων
3149 2672 3260 2732 τοτς
3291 2667 3640 2738 κρινομένοις,
3675 2663 3836 2734 μέσος
3877 2659 4055 2716 αὐτῶν

2515 2768 2745 2829 ἵσταται,
2780 2763 3125 2835 ὁμοιούμενος
3153 2761 3333 2822 αὐτοῖς
3355 2757 3430 2828 τῷ
3458 2757 3690 2826 σχήματι
3721 2754 3786 2807 δι’
3816 2745 3878 2806 οὗ
3909 2750 4052 2804 ἀνεί-

2514 2859 2680 2926 ληφεν
2705 2854 3005 2926 ἀνθρώπου.
3025 2851 3298 2907 Ἐντεῦθεν
3324 2865 3383 2901 τε
3406 2848 3507 2917 ήδη
3537 2842 3818 2916 προλαϐὼν
3845 2840 4056 2896 ἀποτεί-

2516 2964 2662 3001 νεται
2689 2943 3028 3015 σωφρονίζων
3053 2942 3177 3003 τοὺς
3194 2938 3473 3009 μέλλοντας
3493 2934 3789 3005 κρίνεσθαι,
3805 2933 3900 2985 καὶ
3922 2946 4057 3001 προ-

2516 3036 2906 3105 φυλαττόμενος
2945 3030 3137 3092 αὐτοὺς
3159 3027 3291 3098 πρὸς
3315 3025 3374 3077 τὸ
3406 3022 3478 3093 μὴ
3507 3021 3816 3090 περιπεσεῖν
3862 3020 3926 3088 τῇ
3956 3015 4057 3086 τῆς

2517 3125 2746 3195 κρίσεως
2791 3120 3042 3190 τιμωρίᾳ,
3076 3112 3515 3188 προκατορθῶσαι
3561 3110 3618 3162 δὲ
3663 3107 3757 3160 καὶ
3787 3105 4056 3177 προφυλὰ-

2521 3212 2708 3278 ξασθαι
2739 3211 2828 3264 διὰ
2852 3210 2958 3264 τῶν
2986 3205 3399 3278 προσαγομένων
3421 3202 3598 3263 αὐτοῖς
3630 3197 3880 3267 ἐλέγχων.

965 3294 1227 3360 Quocirca
1245 3296 1374 3350 dicit
1403 3317 1415 3350 :
1440 3329 1507 3338 —
1541 3297 1704 3355 Vens.
1733 3301 1789 3365 2,
1815 3301 1868 3355 5.
1894 3300 2162 3370 Usquequo
2200 3300 2412 3369 judica-
2442 3273 2484 3329 θ
2531 3273 2546 3278 ⁷
2587 3303 2676 3356 Διὸ

2315 3303 2412 3353 ῖεα-
2442 3273 2484 3329 c'
2531 3273 2546 3278 -
2587 3303 2676 3356 Διὸ
2731 3303 2955 3369 φάσκειο
3000 3273 3146 3361 Ἕως
3176 3273 3328 3347 πότε
3368 3292 3593 3360 κρίνετε
3633 3287 3869 3342 ἀδικίαν
3894 3325 3908 3349 ,
3959 3284 4055 3338 καὶ

898 3385 963 3440 tis
996 3387 1340 3455 iniquitatem,
1369 3398 1417 3442 et
1448 3389 1606 3456 facies
1643 3401 1967 3459 peccatorum
1990 3393 2237 3444 sumitis?
2264 3389 2420 3442 Iudi-

893 3482 1005 3527 cate
1043 3488 1195 3544 egeno
1228 3485 1276 3528 et
1305 3476 1521 3544 pupillo.
1565 3476 1661 3531 His
1697 3483 1860 3546 parto
1890 3478 2084 3531 similia
2104 3493 2198 3546 per
2230 3477 2421 3533 Isaiam

894 3581 1107 3636 quoque
1134 3568 1475 3636 propheticus
1493 3567 1726 3639 Spiritus
1746 3570 2068 3626 vociferatus
2084 3578 2197 3625 est:
2223 3569 2421 3624 Discite

897 3656 1083 3710 bonum
1104 3657 1292 3725 facere,
1316 3659 1528 3726 quaerite
1550 3658 1829 3734 judicium,
1862 3658 2096 3730 judicate
2137 3661 2332 3729 pupillo
2370 3669 2418 3714 et

895 3743 1149 3814 defendite
1160 3746 1390 3808 viduam;
1407 3755 1455 3798 et
1470 3747 1649 3814 venite,
1661 3757 1707 3801 et
1722 3750 2091 3816 disceptemus,
2109 3749 2232 3802 dicit
2253 3749 2422 3803 Domi-

898 3850 1016 3888 nus.
1069 3832 1183 3887 Etsi
1213 3833 1405 3902 fuerint
1424 3843 1632 3901 peccata
1656 3847 1824 3890 vestra
1846 3838 1977 3890 sicut
2007 3854 2256 3907 purpura,
2296 3855 2425 3908 qua-

899 3924 946 3977 si
968 3926 1129 3977 nivem
1154 3923 1402 3977 dealbabo
1427 3925 1466 3977 ⁸.
1498 3922 1600 3979 Sed
1630 3923 1732 3980 hoc
1754 3925 1968 3996 quidem
2017 3935 2231 3997 pactum
2276 3927 2424 3982 Scri-

900 4020 1055 4083 ptura
1075 4001 1369 4083 prominere
1396 4017 1710 4082 antevertit;
1738 4016 1828 4085 qui
1865 4025 2044 4070 autem
2071 4017 2291 4071 deorum
2327 4033 2423 4073 no-

902 4101 1045 4156 mine
1064 4103 1260 4166 ornati,
1282 4109 1334 4155 et
1355 4109 1502 4155 tanta
1531 4103 1775 4158 doctrina
1805 4104 2008 4174 dignati
2037 4113 2183 4171 sunt,
2233 4109 2425 4160 nescie-

902 4203 1043 4258 runt,
1069 4209 1225 4263 neque
1252 4193 1630 4259 intellexerunt,
1660 4196 1712 4248 in
1739 4193 1957 4250 tenebris
1989 4196 2274 4251 ambulant.
2304 4197 2424 4253 Haec

902 4295 1064 4350 porro
1090 4279 1155 4332 ad
1179 4289 1388 4354 tempus
1406 4281 1531 4334 item
1557 4283 1738 4351 primae
1768 4281 2068 4337 Senatoris
2116 4286 2285 4339 nostri
2329 4301 2423 4355 pe-

901 4369 1279 4440 regrinationis
1309 4370 1627 4436 referantur,
1654 4390 1759 4443 quo
1801 4371 1866 4428 ad
1896 4390 2193 4445 synagogas
2215 4375 2426 4430 Judaeo-

900 4469 1019 4508 rum
1048 4457 1332 4524 accedens,
1359 4466 1412 4512 et
1449 4459 1505 4512 in
1555 4462 1786 4515 medium
1836 4464 2135 4531 principum
2180 4465 2420 4527 veniens,

902 4556 1025 4596 cum
1056 4545 1188 4612 ipsis
1212 4545 1540 4616 disputabat,
1578 4548 1829 4618 ipsosque
1870 4552 2213 4621 coarguebat,
2239 4553 2425 4606 testiﬁ-

2520 3393 2805 3460 πρόσωπα
2826 3383 3180 3456 ἁμαρτωλῶν
3194 3380 3549 3448 lautitia-ere;
3580 3375 3824 3443 Κρίνατε
3848 3370 4056 3440 πτωχῷ

2519 3483 2616 3538 καὶ
2641 3477 2892 3550 ὀρφανῷ.
2920 3476 3001 3529 Τὰ
3025 3477 3183 3546 ὅμοια
3207 3472 3260 3525 δὲ
3283 3470 3490 3532 τούτοις
3518 3468 3613 3521 καὶ
3634 3466 3721 3519 διὰ
3754 3465 3970 3518 Ἡσαΐου
3994 3462 4058 3516 τὸ

2521 3571 2850 3645 προφητικὸν
2890 3565 3110 3635 Πνεῦμα
3134 3564 3369 3632 κέκραγε
3400 3559 3584 3626 λέγον·
3615 3555 3837 3611 Μάθετε

2522 3643 2730 3728 ποιεῖν,
2761 3660 3116 3728 ὲκζητήσατε
3157 3655 3374 3722 κρίσιν,
3405 3651 3639 3719 κρίνατε
3681 3644 3914 3716 ὀρφανῷ
3956 3643 4054 3699 καὶ

2520 3752 2866 3808 ὄικαιώσατε
2912 3748 3064 3819 χήρᾳ
3085 3763 3099 3778 °
3135 3745 3232 3798 καὶ
3265 3743 3453 3809 δεῦτε,
3493 3739 3592 3795 καί
3637 3734 4054 3806 διαλεχθῶμεν,
4102 3779 4104 3781 .

2521 3844 2678 3912 λέγει
2723 3843 2951 3909 Κύριος.
2981 3836 3089 3892 Καὶ
3118 3837 3223 3888 ἐὰν
3250 3828 3396 3887 ὦσιν
3420 3837 3478 3886 αὶ
3502 3830 3772 3900 ἁμαρτίαι
3794 3825 3956 3895 ὑμῶν
3978 3825 4052 3888 ὡς

2522 3930 2846 4001 φοινικοῦν,
2883 3929 2959 3993 ὡς
3006 3927 3176 3995 χιόνα
3216 3919 3677 3977 λευκανῶ.Ἀλλά
3706 3916 3876 3971 ταῦτα
3905 3914 4058 4001 μέννδ

2520 4000 2672 4088 λόγος
2714 4015 3176 4092 προδιαστέλλεται
3197 4031 3211 4044 ·
3233 4012 3282 4064 oi
3308 4011 3363 4063 δέ
3392 4012 3458 4080 τῇ
3501 4009 3606 4061 τῶν
3633 4004 3768 4058 θεῶν
3795 4000 4060 4072 ἐπηγορίᾳ

2521 4110 2852 4180 τιμηθέντες,
2901 4108 2992 4160 καὶ
3039 4105 3299 4174 τοσαύτης
3339 4097 3676 4159 διδασκαλίας
3724 4092 4056 4160 ἀξιωθέντες,

2522 4199 2631 4250 οὐκ
2669 4197 2956 4264 ἔγνωσαν,
2991 4193 3129 4247 οὐδὲ
3175 4188 3470 4257 συνῆκαν,
3501 4187 3569 4240 ἐν
3607 4185 3805 4238 σκότει
3853 4181 4058 4235 διαπο-

2514 4287 2803 4354 ρεύονται.
2833 4284 3015 4338 Ταῦτα
3044 4284 3100 4337 δὲ
3130 4283 3224 4335 καὶ
3267 4283 3344 4343 είς
3376 4280 3464 4333 τὸν
3499 4276 3683 4347 καιρὸν
3715 4276 3808 4343 τῆς
3840 4271 4061 4343 πρώτης

2520 4375 2613 4428 τοῦ
2647 4375 2888 4444 Σωτῆρος
2917 4371 3070 4443 ἡμῶν
3102 4372 3384 4441 ἐπιδημίας
3410 4369 3724 4438 ἀναφέροιτο
3745 4366 3829 4428 ἂν,
3864 4361 4060 4415 καθ’ὃν

2523 4470 2582 4522 ἐν
2599 4470 2713 4530 ταῖς
2732 4469 3067 4535 συναγωγαῖς
3091 4464 3443 4536 παραϐάλλων
3461 4463 3552 4515 τοῦ
3580 4463 3841 4515 Ἰουδαίων
3855 4458 4058 4520 ἔθνους,

2523 4559 2616 4611 καὶ
2665 4557 2821 4627 μέσος
2865 4555 2970 4610 τῶν
3009 4554 3278 4626 ἀρχόντων
3325 4551 3551 4623 παριὼν,
3581 4551 3677 4614 τὰς
3706 4551 3840 4620 πρὸς
3867 4547 4062 4609 αὐτοὺς

902 4642 1032 4683 cans
1075 4632 1397 4702 edicensquc
1440 4649 1503 4689 ea
1552 4649 1672 4705 quae
1715 4636 1770 4690 in
1824 4635 2002 4691 futuro
2046 4639 2248 4706 judicio
2291 4640 2425 4709 ipsis
2454 4643 2499 4701 D
2526 4650 2641 4700 ἐποι

2321 4640 2425 4709 psis
2454 4643 2499 4701 D
2526 4649 2750 4700 ἐποιεῖτο
2777 4647 3053 4710 διαλέξεις,
3075 4645 3321 4712 ἐλέγχους
3343 4660 3400 4695 τε
3429 4643 3605 4704 αὐτοῖς
3627 4641 3826 4710 ἐπῆγε,
3859 4653 4061 4708 μαρτυ-

901 4727 1160 4774 eventura
1183 4732 1354 4778 erant.
1386 4723 1475 4777 Sic
1499 4726 1678 4793 itaque
1706 4723 1846 4782 Deus
1880 4728 1968 4781 illo
1989 4737 2227 4797 tempore
2248 4731 2424 4786 stabat

903 4808 960 4864 in
989 4825 1255 4882 synagoga
1281 4811 1524 4879 deorum,
1558 4823 1611 4870 et
1636 4819 1690 4872 in
1731 4818 1904 4873 medio
1932 4827 2254 4874 memoratos
2296 4821 2426 4875 deos

899 4899 1192 4968 judicabat.
1229 4901 1332 4957 Pro
1355 4902 1449 4956 illo
1469 4909 1716 4974 namque,
1749 4907 2025 4975 dijudicat,
2075 4907 2431 4979 Symmachus

905 4997 958 5043 et
976 4991 1188 5060 Aquila,
1209 4992 1478 5060 judicans,
1533 4995 1967 5066 interpretantur.
2022 5000 2087 5054 Et
2138 5005 2426 5072 perpende,

909 5095 1110 5150 quaso,
1145 5095 1252 5150 quo
1280 5091 1438 5152 pacto
1462 5083 1592 5140 deos
1618 5087 1974 5141 nominaverit
2014 5105 2105 5145 eos
2125 5091 2193 5144 de
2235 5093 2432 5160 quibus

906 5173 1195 5241 iudicatur,
1225 5189 1324 5229 nec
1349 5190 1668 5248 synagogam
1695 5178 1916 5233 deorum
1956 5194 2252 5236 memorare
2275 5184 2431 5237 dubi-

908 5260 1120 5324 taverit,
1141 5261 1206 5315 ad
1227 5261 1594 5320 confusionem
1625 5281 1811 5328 eorum
1845 5270 1934 5338 qui
1985 5267 2277 5327 Salvatoris
2304 5273 2430 5327 dei-

912 5357 1071 5413 tatem
1106 5348 1387 5420 abnegant.
1419 5349 1551 5404 Nam
1583 5352 1628 5407 si
1655 5369 1746 5409 eos
1775 5358 1866 5426 qui
1917 5357 2146 5412 convicti
2196 5359 2429 5423 fuerant,

910 5444 965 5489 et
1010 5443 1226 5509 propter
1268 5439 1559 5507 nequitiam
1603 5442 1742 5497 male
1783 5445 2089 5508 audiebant,
2145 5446 2272 5502 deos
2333 5463 2428 5502 vo-

913 5541 1036 5581 care
1088 5533 1369 5581 cunctatus
1414 5543 1520 5582 non
1568 5538 1703 5597 est;
1758 5540 1842 5587 tot
1897 5535 2223 5590 mirabilium
2274 5535 2430 5606 opiﬁ-

913 5629 1028 5671 cem
1073 5629 1313 5685 operum,
1360 5618 1451 5686 qui
1493 5619 1750 5688 judicium
1807 5638 1836 5676 a
1875 5620 2033 5680 Patre
2067 5626 2294 5696 accepit,
2337 5626 2431 5696 qui

988 5793 1009 5823 ³
1047 5791 1144 5845 iss.
1182 5809 1232 5852 ι,
1271 5794 1352 5850 Π.

2532 4736 2750 4805 ρόμενος
2799 4735 2888 4787 καὶ
2929 4733 3357 4801 διαστελλόμενος
3382 4731 3448 4784 τὰ
3475 4731 3720 4802 περὶτῆς
3769 4725 4062 4797 μελλούσης

2529 4825 2718 4886 αὐτοὺς
2768 4822 3111 4893 διαλήψεσθαι
3161 4822 3406 4892 κρίσεως.
3439 4821 3620 4882 Οὕτως
3653 4814 3743 4870 οὖν
3768 4820 3796 4870 ὁ
3823 4816 3953 4880 Θεὸς
3993 4813 4063 4887 ἦν

2529 4915 2643 4965 κατ’
2667 4914 2834 4964 ἐκεῖνο
2865 4909 3053 4980 καιροῦ
3082 4910 3245 4974 ἑστὼς
3264 4911 3320 4964 ὲν
3349 4911 3631 4978 συναγωγῇ
3654 4905 3807 4969 θεῶν,
3837 4906 3892 4957 ἐν
3918 4907 4064 4976 μέσῳ

2528 5018 2586 5054 τε
2629 5001 2752 5063 τοὺς
2786 4999 3165 5070 προλεχθέντας
3193 5001 3386 5070 κρίνων
3417 4999 3596 5061 θεούς·
3632 4995 3749 5050 ἀντὶ
3792 4998 3898 5067 γὰρ
3945 4996 4059 5059 τοῦ,

2529 5091 2826 5159 διακρίνει,
2853 5091 2882 5141 ὁ
2911 5088 3194 5158 Σύμμαχος
3234 5089 3326 5142 καὶ
3362 5090 3391 5140 ὁ
3428 5085 3670 5148 Ἀκύλας,
3706 5086 3941 5153 κρίνων,
3973 5086 4061 5136 ἐκ·

2529 5178 2802 5233 δεδώκασι.
2830 5178 2936 5231 Καὶ
2967 5179 3073 5249 δρα.
3096 5182 3241 5244 ὅπως
3266 5179 3417 5240 θεοὺς
3444 5175 3685 5243 ὠνόμασε
3730 5175 3853 5237 τοὺς
3880 5190 4060 5242 κρινο-

2534 5270 2741 5339 μένους,
2767 5269 2859 5322 καὶ
2895 5268 3028 5322 θεῶν
3071 5270 3391 5336 συναγωγὴν
3411 5265 3509 5318 οὐκ
3535 5263 3772 5335 ὤκνησεν
3801 5261 4065 5317 ἀποκαλέ-

2532 5376 2639 5424 σαι,
2672 5360 2750 5422 είς
2775 5357 3075 5428 δυσώπησιν
3102 5359 3209 5413 τῶν
3235 5355 3572 5427 ἀρνουμένων
3595 5354 3685 5407 τοῦ
3706 5354 3950 5424 Σωτῆρος
3966 5352 4063 5419 τὴν

2533 5447 2772 5518 θεότητα.
2805 5449 2868 5500 Et
2906 5448 3012 5519 γὰρ
3041 5451 3168 5510 τοὺς
3207 5444 3584 5514 ἐλεγχομένους
3627 5443 3719 5496 καὶ
3765 5444 3856 5495 ἐπὶ
3899 5439 4062 5507 κακίᾳ

2529 5535 2966 5605 διαϐαλλομένους
3006 5539 3122 5591 ούκο
3149 5535 3307 5588 ὤκνει
3338 5534 3488 5596 θεοὺς
3518 5532 3816 5601 ὀνομάζειν,
3844 5529 3934 5582 τὸν
3957 5525 4066 5578 τῶν

2530 5627 2791 5682 τοσούανν
2825 5628 3133 5700 παραδόξων
3165 5625 3336 5696 ἔργων
3364 5623 3607 5696 ποιητὴν,
3632 5621 3728 5675 τὸν
3753 5619 3853 5688 τὴν
3886 5616 4065 5687 κρίσιν
