4406 6422
385 499 488 556 985

1519 498 2014 554 COMMENTARIA
2054 500 2117 553 l-N
2168 501 2500 559 PSALMOS.

3445 511 3547 566 986

382 612 531 682 παρὰ
575 609 665 663 τοῦ
701 610 908 681 Πατρός
938 610 1208 680 εἰληφότα,
1237 609 1368 671 πῶς·
1398 611 1457 662 οὐ
1500 612 1826 665 δικαιότατον
1857 616 1921 682 τῇ
1951 616 1996 668 Α
2023 628 2122 668 non

1808 632 1826 664 ν
1857 616 1921 682 τῇ
1951 616 1996 668 Α
2023 628 2130 668 non
2160 616 2520 682 aquissimum
2555 615 2712 670 fuerit
2740 619 3024 672 venerabili
3057 619 3148 674 Dei
3181 620 3381 675 honore
3409 625 3548 678 cele-

382 693 492 754 τοῦ⁶
521 700 654 753 Θεοῦ
709 700 979 769 σεϐασμίῳ
1019 703 1148 770 τιμῇ
1172 700 1494 768 -σεμνύνεινς
1523 702 1688 753 Τοῦτό
1719 720 1798 754 τοι
1828 706 1920 756 καὶ

384 792 541 853 αὐτὸς
568 793 595 843 ὀ
622 791 808 860 Σωτὴρ
833 775 1215 859 δυσωπητικῶς
1241 790 1375 857 πρὸς
1413 790 1604 850 αὐτοὺς
1629 791 1754 853 τοὺς
1793 794 1920 844 ἰου-

384 883 547 934 δαίων
587 884 845 952 ἄρχοντας
894 882 1219 950 προῠτεινεν,
1249 880 1436 942 αὑταῖς
1482 879 1537 930 δὲ
1585 881 1802 944 ταύταις
1829 898 1917 933 κε·-

383 969 647 1040 χρημένος
689 972 803 1030 ταῖς
855 969 1146 1038 παρούσαις
1189 968 1411 1032 λέξεσιν.
1462 969 1766 1038 Εἰρηκότων
1814 972 1920 1038 γὰρ

382 1058 585 1111 αὐτῶν·
623 1059 758 1125 Περὶ
792 1059 972 1110 καλοῦ
1001 1057 1171 1125 ἔργον
1202 1060 1271 1110 οὐ
1306 1055 1608 1126 λιθάζομέν
1643 1075 1734 1120 σε,
1765 1060 1922 1112 ἀλλὰ

383 1149 514 1216 περὶ
553 1149 960 1216 βλασφημίας,
1001 1147 1086 1200 ὅτι
1130 1147 1230 1210 σὺ,
1266 1147 1567 1213 ἄνθρωπος
1609 1147 1711 1213 ὢν,
1741 1149 1920 1212 ποιεῖς

383 1242 639 1292 σεαυτὸν
691 1241 866 1292 Θεόνο
902 1239 1294 1305 ἁνταπεκρίθη
1342 1240 1539 1304 αὐτοῖς
1587 1243 1619 1292 ὁ
1660 1241 1916 1305 Ἰησοῦς·

337 1313 340 1316 ’
387 1331 505 1380 Οὐκ
534 1331 660 1381 ἐστι
682 1328 1075 1396 τετραμμένον
1092 1328 1160 1380 ἐν
1177 1327 1254 1391 τῷ
1280 1332 1436 1396 νόμῳ
1463 1328 1640 1396 ὑμῶν,
1661 1330 1767 1393 ὅτι,
1787 1330 1922 1396 Ἐγὼ

380 1412 534 1468 εἶπα·
557 1418 685 1469 Θεοί
715 1419 851 1469 ἐστε
872 1434 888 1479 ;
923 1421 988 1470 Et
1014 1419 1279 1482 ἐκείνους
1301 1415 1427 1470 εἷπε
1453 1419 1641 1482 θεοὺς,
1655 1419 1799 1484 πρὸς
1817 1419 1922 1482 οὓς

381 1505 415 1556 ὁ
443 1505 621 1570 λόγος
650 1504 879 1572 ἐγένετο
910 1506 1011 1559 τοῦ
1047 1508 1213 1569 Θεοῦ,
1245 1507 1341 1561 καὶ
1366 1509 1436 1559 οὐ
1461 1505 1701 1558 δύναται
1740 1506 1924 1572 λυθῆ-

380 1610 476 1646 ναι
501 1594 538 1660 ἠ
570 1594 797 1661 I‘papr'],
825 1595 896 1646 ὃν
928 1599 959 1648 ό
993 1596 1190 1663 Πατὴρ
1213 1596 1424 1664 ήγιάσε
1447 1595 1542 1646 καὶ
1573 1595 1924 1646 ἀπέστειλεν

379 1685 467 1748 εις
498 1683 602 1735 τὸν
623 1686 867 1753 κόσμον,
895 1685 1059 1752 ὑμεῖς
1086 1686 1305 1753 λέγετε,
1333 1684 1418 1736 ὅτι
1445 1685 1806 1752 βλασφημεῖ,
1838 1685 1922 1735 ὅτι

380 1769 568 1827 εἷπον·
602 1776 730 1840 nec
755 1775 898 1829 Θεοῦ
925 1779 1058 1843 ειμι.
1084 1777 1145 1827 El
1173 1776 1228 1826 δὲ
1251 1775 1396 1840 λέγοι
1415 1777 1442 1825 ὁ
1460 1775 1662 1843 Μτὴρ,
1693 1777 1923 1838 ὃτι,οὺκ

379 1862 919 1933 ἐπιγεγραμμένον
942 1866 1009 1916 ἐν
1035 1864 1112 1928 τῷ
1134 1865 1327 1931 νόμῳ;
1355 1864 1428 1933 μὴ
1461 1865 1741 1935 Θαυμάσης
1759 1882 1770 1894 ·
1804 1861 1922 1916 ἐπεὶ

383 1952 556 2005 πάντα
596 1954 746 2020 λόγον
779 1952 934 2014 Θεοῦ,
965 1954 1024 2004 οὺ
1060 1953 1213 2022 μόνον
1238 1953 1327 2005 τὸν
1353 1951 1438 2004 διὰ
1469 1933 1742 2016 Μωσέως,
1790 1955 1921 2007 ἀλλά
1954 1933 1995 1988 Β

379 2044 473 2094 καὶ
500 2044 590 2096 τὸν
618 2044 704 2096 διὰ
727 2043 835 2097 τῶν
877 2044 1164 2113 προφητῶν
1208 2044 1543 2112 λελεγμένον,
1575 2044 1759 2115 ὥσπερ
1806 2047 1922 2098 τινὰ

381 2131 652 2200 βασιλικὸν
680 2132 838 2202 νόμον
863 2132 1211 2201 ἀποδέχεσθαι
1249 2134 1483 2186 διδάσκει
1502 2150 1514 2164 °
1560 2135 1695 2187 ὥστε
1735 2136 1826 2188 καὶ
1858 2137 1924 2187 τὰ

376 2222 466 2276 διὰ
519 2223 625 2275 τῶν
677 2221 966 2294 προφητῶν
1019 2209 1436 2295 παρηγγελμένα
1461 2225 1690 2291 εὐλόγως
1714 2226 1777 2278 ἄν
1806 2243 1925 2278 τινα

378 2311 518 2366 εἶναι
549 2313 709 2382 φάναι
741 2315 934 2380 νόμους
979 2314 1139 2367 Θεοῦ·
1172 2317 1263 2368 καὶ
1291 2316 1351 2367 τὸ
1376 2315 1460 2368 διὰ
1485 2317 1581 2385 τῆς
1612 2316 1922 2385 ψαλμῳδίας

377 2404 597 2475 ὁμοίως.
632 2406 798 2468 Αὐτὸς
825 2402 914 2458 οὖν
948 2408 975 2458 ό
1001 2405 1092 2457 τοῦ
1119 2405 1250 2458 Θεοῦ
1279 2407 1464 2474 Λόγος,
1505 2407 1710 2476 μορφὴν
1741 2407 1922 2457 δούλου

381 2494 578 2559 λαϐὼν,
614 2497 703 2548 καὶ
733 2499 967 2566 σχήματι
993 2497 1229 2567 εὑρεθεὶς
1270 2498 1345 2560 ὡς
1391 2499 1686 2568 ἄνθρωπος,
1714 2499 1837 2566 ἔστη
1866 2500 1924 2548 ἐν

382 2591 666 2656 συναγωγῇ
707 2587 858 2646 θεῶν,
890 2589 982 2640 καὶ
1014 2587 1171 2656 μέσος
1193 2587 1298 2640 τῶν
1323 2589 1378 2640 ὲν
1399 2587 1697 2656 ἀνθρώποις
1717 2587 1924 2654 ὠνομα-

381 2678 612 2731 σὸέντων
641 2677 774 2729 θεῶν
795 2677 1047 2743 γεγονὼς,
1070 2677 1277 2746 ἔκρινεν
1304 2679 1514 2740 αὐτοὺς,
1537 2677 1765 2745 ὁπηνίκα
1792 2677 1925 2746 πρὸς

379 2770 572 2830 αὐτοὺς
595 2767 803 2833 ἔλεγεν·
853 2767 904 2818 Ὀ
943 2770 1121 2834 λόγος
1155 2767 1226 2819 ὃν
1263 2765 1538 2833 ἐλάλησα
1575 2767 1722 2834 πρὸς
1749 2765 1922 2835 ὑμᾶς,

378 2857 557 2920 αὐτὸς
598 2854 751 2924 ὑμᾶς
786 2856 989 2922 κρίνει.
1031 2855 1139 2906 Καὶ
1192 2855 1385 2924 μᾶλλον
1428 2855 1568 2908 οὕτω
1619 2857 1814 2928 πρέποι
1860 2858 1924 2911 ἂν

382 2944 691 3014 ἐκδέχεσθαι
739 2943 836 3014 τὴν
880 2943 1154 3013 παροῦσαν
1203 2944 1507 3014 Γραφὴν,ἦ
1558 2945 1792 3014 νομίζειν
1837 2946 1924 2999 τὸν

380 3037 633 3089 ἐπέκεινα
668 3036 772 3088 τῶν
805 3035 936 3088 ὅλων
977 3035 1124 3098 Θεὸν,
1159 3036 1316 3088 αὑτὸν
1341 3037 1430 3088 τὸν
1457 3037 1687 3106 Πατέρα,
1723 3040 1779 3088 ὲν
1804 3038 1927 3087 τού-

377 3144 491 3189 τοις
538 3126 842 3194 εἰσάγεσθαι
888 3126 1084 3196 μεταξὺ
1137 3126 1271 3178 θεῶν
1303 3127 1501 3196 ἑτέρων
1530 3127 1754 3180 ἑστῶτα.
1790 3126 1921 3180 υῠτε

376 3219 485 3288 γὰρ
521 3219 789 3287 ἰσοτίμους
811 3217 972 3290 αὑτῷ
997 3234 1144 3279 τινας
1171 3214 1309 3269 εἶναι
1333 3219 1572 3272 ὑπονοεῖν
1601 3218 1774 3288 θέμις,
1803 3217 1920 3270 οὔτε
1951 3249 1990 3303 C

380 3307 541 3362 αὐτὸν
577 3310 653 3370 είς
677 3307 924 3360 τοσοῦτον
955 3311 1300 3374 καταγαγεῖν,
1333 3308 1406 3371 ὡς
1439 3310 1594 3378 μέσον
1630 3309 1922 3379 ἀνθρώπων

380 3399 630 3468 παρεῖναι
679 3398 773 3450 καὶ
816 3397 1032 3449 ἑστάναι
1074 3397 1434 3451 ὑποτίθεσθαι.
1462 3399 1639 3452 Ταῦτα
1667 3400 1722 3451 δὲ
1750 3400 1922 3452 πάντα

375 3485 443 3540 ἂν
494 3487 716 3557 ἁρμόζοι
760 3486 836 3555 τῷ
881 3487 1096 3555 Χριστῷ
1138 3488 1230 3540 τοῦ
1281 3489 1442 3541 Θεοῦ⁶
1475 3489 1532 3551 ὃς
1573 3489 1636 3558 δὴ
1665 3491 1918 3556 φάσκωνο

377 3576 527 3640 Ἕως
566 3578 706 3629 πότε
735 3577 960 3642 κρίνετε
1001 3577 1252 3640 ἀδικίαν,
1283 3578 1378 3629 καὶ
1424 3582 1707 3645 πρόσωπα
1741 3579 1922 3646 ἁμαρ-

375 3665 581 3720 τωλῶν
625 3666 985 3734 λαμϐάνετε;
1031 3667 1089 3718 οὐ
1146 3667 1278 3736 πρὸς
1320 3669 1555 3728 ἐκείνους
1603 3669 1790 3737 μόνους
1844 3665 1922 3734 οἷς

380 3756 567 3827 παρὼν
595 3755 806 3826 ὡμίλει,
838 3756 970 3809 ἀλλὰ
995 3758 1086 3809 καὶ
1112 3758 1243 3827 πρὸς
1265 3759 1466 3819 πάντας
1485 3757 1622 3810 εῐποι
1649 3758 1712 3810 ἂν
1733 3758 1920 3822 ταῦτα,

379 3847 504 3908 τοὺς
553 3847 650 3916 τὴν
693 3845 934 3910 ἐξουσίαν
983 3847 1073 3899 τοῦ
1124 3849 1324 3917 κρίνειν
1367 3848 1582 3918 ἐτέρους
1624 3848 1920 3916 εἰληφότας.

380 3934 666 4002 Μέμφεται
715 3933 770 3986 δὲ
800 3935 1041 3999 -είκότως
1081 3937 1204 3997 τοὺς
1249 3935 1799 4005 καθυποκρινομένους
1829 3939 1924 4005 μὲν

378 4023 446 4076 τὰ
491 4023 598 4076 τῶν
643 4022 907 4076 πλουσίων
952 4027 1236 4092 πρόσωπα,
1269 4023 1696 4086 καταπονοῦντας
1723 4024 1778 4076 δὲ
1801 4027 1925 4089 τοὺς

379 4110 646 4178 πένητας·
679 4111 795 4165 δέον
843 4111 920 4180 τῷ
962 4113 1058 4180 τῆς
1100 4111 1439 4179 δικαιοσύνης
1479 4111 1624 4180 ζυγῷ
1669 4113 1921 4179 δικάζειν,

385 4199 812 4266 μνημονεύοντας
851 4201 1142 4266 φάσκοντος
1182 4199 1342 4268 νόμου
1365 4215 1378 4227 ⁸
1413 4203 1496 4253 Οὐ
1539 4202 1705 4269 λήψῃ
1746 4206 1926 4269 πρόσ-

395 4301 556 4341 ωπον
586 4290 654 4340 ἐν
674 4289 878 4354 κρίσει.
909 4287 1042 4340 Νυνὶ
1069 4288 1123 4340 δε
1157 4289 1408 4354 πολλάκις
1430 4291 1522 4343 καὶ
1541 4293 1696 4360 ἡμεῖς
1718 4296 1808 4346 ἐπὶ
1830 4297 1925 4364 μὲν

391 4375 500 4430 τῶν
524 4378 761 4445 πενήτων
789 4377 1079 4430 πταιόντων
1112 4379 1316 4447 σμικρά.
1339 4396 1453 4432 τινα
1476 4381 1730 4450 ἀπότομοι
1753 4383 1925 4449 γιγνό-

2019 703 2216 756 brare?
2245 702 2396 768 Quod
2430 706 2542 774 ipse
2573 705 2824 760 Servator
2850 709 3050 776 pudore
3069 708 3370 764 Judaeorum
3401 714 3549 782 prin-

2018 791 2163 858 cipes
2187 792 2441 853 alliciens,
2464 794 2784 863 eosdemque
2817 796 2901 849 his
2932 797 3061 864 ipsis
3096 797 3274 851 verbis
3309 801 3546 867 compel-

2019 879 2157 943 lans,
2196 882 2500 949 objiciebat.
2539 883 2668 936 Nam
2711 900 2833 938 eum
2875 886 2948 938 illi
2974 888 3230 941 dixissent
3264 907 3275 940 ε
3307 889 3383 941 De
3419 889 3548 942 bono

2019 985 2167 1036 opere
2195 987 2296 1023 non
2324 971 2617 1038 lapidamus
2651 984 2714 1038 te,
2751 975 2838 1028 sed
2858 977 2918 1028 de
2948 976 3290 1042 blasphemia;
3318 980 3438 1044 quia
3471 989 3549 1042 tu,

2019 1059 2172 1112 homo
2212 1077 2327 1112 cum
2359 1063 2452 1124 sis,
2500 1052 2631 1129 facis
2672 1066 2885 1131 teipsum
2929 1067 3091 1119 Deum
3123 1085 3138 1120 :
3171 1067 3426 1135 respondit
3473 1070 3548 1122 eis

2020 1144 2172 1198 Jesus
2201 1161 2217 1198 :
2253 1145 2300 1199 Ν
2309 1164 2436 1207 anne
2473 1151 2717 1216 scriptum
2743 1162 2819 1204 est
2851 1153 2902 1204 in
2933 1152 3037 1220 lege
3068 1165 3266 1207 vestra:
3288 1154 3396 1223 Ego
3417 1155 3549 1219 dixi,

2022 1235 2110 1289 Dii
2130 1239 2250 1290 estis
2267 1240 2292 1291 ?
2311 1223 2370 1291 Si
2396 1239 2515 1293 illos
2544 1241 2676 1293 dixit
2702 1240 2819 1294 deos
2847 1245 2913 1293 ad
2939 1260 3064 1314 quos
3085 1261 3250 1297 sermo
3274 1245 3365 1298 Dei
3382 1246 3550 1313 factus

2021 1337 2118 1388 est,
2150 1336 2197 1379 et
2236 1345 2336 1382 non
2362 1337 2527 1396 potest
2572 1330 2699 1383 solvi
2732 1331 3031 1397 Scriptura;
3069 1348 3214 1399 quem
3244 1333 3402 1387 Pater
3431 1352 3553 1387 san-

2023 1418 2266 1484 ctiﬁcavit
2289 1427 2337 1471 et
2364 1421 2506 1473 misit
2539 1423 2592 1472 in
2622 1421 2890 1483 mundum,
2927 1439 3012 1475 vos
3051 1423 3223 1476 dicitis
3261 1425 3382 1492 quia
3412 1426 3553 1478 blas-

2023 1510 2248 1573 phemat,
2282 1513 2404 1578 quia
2434 1511 2544 1563 dixi
2569 1528 2586 1563 :
2619 1511 2790 1565 Filius
2816 1512 2910 1565 Dei
2944 1531 3057 1566 sum
3088 1515 3128 1568 ⁸.
3159 1515 3309 1578 Quod
3344 1516 3387 1569 si
3429 1515 3553 1569 Ser-

2022 1606 2173 1653 vator
2199 1599 2344 1653 dicat
2377 1620 2387 1654 :
2427 1599 2609 1654 Nonne
2637 1611 2713 1654 est
2751 1605 3000 1669 scriptum
3029 1606 3080 1655 in
3123 1605 3226 1673 lege
3250 1609 3273 1659 ?
3300 1622 3364 1658 ne
3395 1609 3554 1659 mirev

2024 1686 2129 1751 ris;
2167 1689 2420 1754 quoniam
2453 1691 2739 1758 quemlibet
2780 1705 3078 1744 sermonem
3106 1692 3217 1752 Dei,
3242 1709 3346 1746 non
3380 1695 3554 1747 solum

2023 1777 2113 1844 qui
2139 1792 2231 1845 per
2265 1777 2519 1847 Moysem,
2555 1779 2647 1832 sed
2677 1780 2834 1833 etiam
2868 1795 2960 1847 per
2999 1783 3288 1849 prephetas
3321 1785 3554 1851 prolatus

2027 1865 2116 1928 sit,
2143 1866 2295 1933 quasi
2322 1866 2519 1934 regiam
2550 1866 2832 1933 quamdam
2868 1868 3032 1936 legem
3071 1869 3436 1938 accipiendum
3461 1873 3556 1924 do-

2024 1966 2146 2048 cet;
2198 1957 2288 2048 ita
2316 1964 2372 2008 ut
2414 1964 2673 2048 praecepta
2719 1973 2812 2026 per
2847 1960 3132 2028 prephetas
3167 1961 3390 2024 tradita,
3432 1963 3554 2048 jpre

2025 2045 2165 2114 leges
2201 2044 2291 2098 Dei
2318 2061 2435 2100 esse
2468 2046 2744 2113 dicantur;
2774 2057 2827 2101 et
2860 2051 3102 2104 similiter
3131 2066 3248 2120 quae
3301 2052 3356 2104 in
3399 2044 3552 2106 Psal-

2025 2138 2125 2190 mis
2155 2135 2418 2191 feruntur.
2455 2136 2630 2205 Ipsum
2659 2140 2837 2208 itaque
2864 2139 2954 2194 Dei
2985 2139 3238 2205 Verbum,
3266 2142 3405 2215 quod
3441 2143 3554 2196 lor;

2024 2241 2161 2278 mam
2191 2228 2330 2280 servi
2365 2229 2568 2296 accepit
2590 2237 2642 2282 et
2667 2230 2851 2284 habitu
2877 2232 3144 2286 inventum
3178 2240 3260 2288 est
3289 2241 3347 2286 ut
3371 2234 3550 2297 homo,

2023 2314 2167 2388 stetit
2193 2314 2243 2366 in
2275 2329 2540 2384 synagoga
2566 2317 2784 2371 deorum
2807 2357 2821 2381 ,
2857 2328 2910 2372 et
2941 2323 3171 2375 medium
3221 2331 3369 2378 stans
3417 2324 3552 2378 inter

2021 2403 2284 2468 homines,
2317 2405 2408 2473 qui
2437 2405 2508 2458 dii
2545 2417 2823 2467 vocantur.
2856 2407 3130 2475 judicabat
3159 2427 3285 2475 eos,
3323 2427 3444 2465 cum
3474 2413 3556 2471 di-

2021 2500 2164 2545 ceret
2193 2493 2297 2546 illis
2328 2513 2341 2547 :
2369 2493 2548 2548 Sermo
2586 2511 2732 2563 quem
2761 2499 2960 2549 locutus
2993 2513 3106 2550 sum
3138 2498 3294 2561 vobis,
3334 2501 3440 2566 ipse
3467 2517 3552 2554 vos

2013 2582 2216 2650 judicat
2233 2583 2428 2638 '.llane
2447 2600 2607 2654 porro
2630 2585 2959 2654 Scripturam
2983 2588 3339 2656 prastabilius
3360 2590 3555 2644 esthoc

2023 2674 2262 2742 accipere
2299 2675 2477 2738 modo,
2512 2692 2669 2744 quam
2702 2684 2890 2746 putare
2932 2677 3096 2732 Deum
3127 2679 3218 2747 qui
3249 2694 3410 2748 super
3441 2694 3556 2732 om-

2023 2766 2110 2817 nia
2142 2770 2245 2826 est,
2272 2764 2448 2832 ipsum
2488 2764 2720 2827 Patrem,
2756 2767 2839 2820 bic
2882 2767 3060 2820 induci
3093 2769 3232 2823 inter
3261 2770 3394 2824 alios
3424 2770 3554 2824 deos

2024 2861 2272 2909 stantem.
2299 2852 2479 2921 Neque
2511 2855 2651 2907 enim
2686 2855 2806 2908 licet
2837 2857 2973 2909 alios
3005 2857 3103 2924 ipsi
3145 2857 3347 2911 honore
3376 2873 3555 2926 arqua-

2025 2946 2099 2998 les
2133 2960 2250 2999 esse
2286 2946 2569 3012 suspicari,
2616 2958 2787 3012 neque
2838 2945 3012 3014 ipsum
3041 2949 3114 2999 ita
3143 2947 3458 3015 deprimere,
3496 2957 3554 3002 ut

2024 3037 2231 3090 medius
2283 3037 2421 3089 inter
2467 3035 2710 3090 homines
2753 3051 2873 3090 esse
2909 3045 2961 3089 et
3009 3045 3152 3091 stare
3202 3051 3550 3108 supponatur.

2025 3125 2146 3179 llaec
2170 3141 2337 3195 porro,
2359 3128 2538 3178 omnia
2565 3124 2783 3179 Christo
2815 3123 2907 3179 Dei
2934 3135 3236 3196 competant
3269 3146 3281 3181 :
3307 3127 3396 3197 qui
3423 3143 3552 3183 sane

2025 3230 2144 3268 cum
2179 3215 2290 3267 haec
2322 3213 2451 3266 dicit
2483 3233 2494 3266 :
2546 3211 2811 3282 Usquequo
2837 3215 3087 3281 iudicatis
3123 3217 3463 3285 iniquitatem,
3502 3227 3552 3271 et

2022 3305 2180 3370 [acies
2205 3313 2530 3370 peccatorum
2549 3305 2797 3358 sumitis?
2823 3320 2927 3357 non
2951 3319 3043 3358 eos
3068 3306 3237 3358 solum
3263 3321 3396 3376 quos
3417 3321 3554 3377 prx-

2021 3409 2147 3447 sens
2175 3391 2575 3460 alloquebatur;
2609 3391 2700 3445 sed
2729 3392 2887 3444 etiam
2917 3407 3102 3447 omnes
3123 3401 3383 3462 quotquot
3403 3403 3556 3463 pote-

2022 3491 2214 3538 statem
2244 3484 2310 3537 de
2343 3483 2464 3538 aliis
2490 3483 2765 3550 iudicandi
2789 3485 3112 3552 acceperint,
3144 3486 3222 3538 sic
3248 3488 3549 3554 compellat.

2023 3573 2209 3628 Merito
2242 3582 2417 3627 autem
2453 3574 2627 3642 arguit
2660 3589 2772 3639 eos,
2814 3574 2902 3641 qui
2933 3573 3155 3630 divitum
3184 3588 3464 3642 personam
3495 3577 3553 3630 in

2022 3666 2233 3719 occulto
2255 3665 2546 3733 accipiunt,
2576 3679 2835 3732 pauperes
2857 3672 3031 3718 autem
3054 3664 3359 3733 opprimunt
3385 3684 3400 3731 ;
3425 3681 3550 3721 cum

2021 3763 2263 3824 Oporteat
2295 3771 2415 3809 cum
2441 3755 2663 3825 justitia:
2701 3757 2907 3811 bilance
2939 3756 3196 3824 judicium
3243 3755 3401 3820 ferre,
3449 3773 3552 3811 me-

2022 3861 2196 3900 mores
2230 3847 2361 3913 legis
2393 3862 2509 3915 quae
2534 3847 2607 3899 ait
2640 3862 2652 3896 :
2688 3845 2805 3898 Non
2834 3848 3356 3918 accipiesvpersonam
3378 3848 3429 3898 in
3459 3847 3552 3912 ju-

2021 3936 2155 3988 dicio
2184 3935 2224 3988 '.
2263 3933 2416 3988 Nunc
2446 3944 2623 3988 autem
2657 3936 2966 4004 plerumque
2994 3950 3093 3988 nos
3138 3950 3262 4003 erga
3292 3949 3549 4002 pauperes

2022 4025 2076 4078 in
2108 4023 2317 4078 modica
2348 4023 2546 4091 lapsos,
2595 4024 2855 4078 immanes
2899 4039 3084 4077 sumus
3122 4024 3349 4090 iudices,
3392 4033 3551 4093 atque

2021 4113 2075 4165 in
2105 4110 2369 4166 sententia
2405 4119 2591 4163 contra
2618 4124 2712 4164 eos
2747 4109 2960 4163 ferenda
3002 4112 3384 4177 inexorabiles;
3414 4114 3552 4165 divi-

2021 4211 2132 4256 tum
2175 4216 2299 4255 vero
2331 4202 2420 4269 qui
2473 4200 2788 4268 gravissima
2840 4201 3064 4255 crimina
3116 4209 3440 4270 perpetrant,
3487 4219 3550 4257 ac

2021 4290 2209 4347 deinde
2237 4292 2288 4343 in
2324 4289 2615 4344 Ecclesiam
2645 4290 2737 4344 Dei
2784 4292 3063 4355 accedunt,
3101 4307 3378 4360 personam
3409 4294 3550 4345 acci-

2021 4385 2216 4453 pimus,
2245 4383 2314 4434 ita
2343 4389 2402 4434 ut
2428 4381 2584 4435 nobis
2603 4383 2762 4436 etiam
2787 4389 3052 4450 competat
3077 4382 3205 4435 illud
3239 4401 3252 4435 :
3283 4381 3548 4450 Usquequo

393 4467 528 4536 μεθα
561 4469 760 4538 κριταὶ,
796 4469 887 4520 καὶ
935 4467 1290 4538 ἀπαραίτητοι
1337 4471 1393 4522 ὲν
1443 4473 1558 4532 ταῖς
1601 4473 1717 4524 κατ’
1751 4472 1924 4524 αὐτῶν
2014 4471 2133 4538 judi

1820 4472 1924 4523 τῶν
2014 4471 2265 4538 judicatis
2297 4467 2642 4539 iniquitatem,
2678 4477 2725 4521 et
2760 4469 2916 4536 facies
2953 4479 3272 4536 peccatorum
3306 4469 3555 4524 sumitis?

383 4557 720 4626 ἀποφάσεσι·
774 4557 1036 4611 πλουσίων
1081 4556 1136 4607 δὲ
1176 4558 1244 4611 τὰ
1277 4559 1502 4627 μέγιστα
1531 4560 1921 4630 ἐξαμαρτανόν-
1951 4558 1994 4610 D
2019 4561 2123 4615 Cum

1813 4561 1921 4613 νὸν-
1951 4558 1994 4610 D
2019 4561 2151 4615 Cum
2181 4569 2356 4614 autem
2405 4561 2555 4622 dicit,
2587 4575 2860 4627 usquequo,
2892 4558 2958 4612 de
2999 4559 3119 4611 vitae
3147 4557 3291 4610 exitu
3328 4571 3424 4612 nos
3452 4557 3553 4611 ad-

381 4660 508 4708 των,
537 4645 721 4714 ἔπειτα
762 4645 1204 4715 παραϐαλλόντων
1241 4648 1320 4709 εἰς
1349 4647 1442 4716 τὴν
1486 4649 1798 4718 Ἐκκλησίαν
1825 4649 1915 4701 τοῦ
2021 4667 2121 4708 mo:

1825 4649 1915 4701 τοῦ
2021 4659 2222 4708 monet.
2266 4651 2556 4717 Quantum,
2620 4649 2812 4716 inquit,
2869 4646 3122 4714 temporis
3174 4646 3325 4700 vobis
3353 4636 3547 4712 aderit,

380 4731 535 4798 Θεοῦ,
573 4735 831 4804 πρόσωπα
878 4732 1241 4802 λαμϐάνομεν·
1295 4734 1432 4789 ὥστε
1485 4731 1574 4788 καλ
1610 4737 1740 4805 πρὸς
1772 4739 1917 4806 ἡμᾶς
2020 4758 2120 4811 quo

1814 4740 1917 4805 μᾶς
2020 4758 2126 4811 quo
2155 4743 2288 4797 tales
2322 4741 2480 4795 sitis?
2516 4755 2576 4792 ac
2607 4739 2818 4792 demum
2848 4751 2942 4790 vos
2979 4735 3072 4790 Dei
3114 4736 3369 4804 judicium
3397 4737 3549 4790 inva-

381 4826 633 4896 ἀρμόττιι
657 4828 716 4881 τό
733 4844 746 4855 ⁸
780 4828 923 4891 Ἕως
943 4829 1083 4879 πότε
1103 4831 1329 4894 κρίνετε
1349 4829 1601 4892 ἀδικίαν,
1621 4831 1713 4883 καὶ
1736 4834 1914 4896 πρόσ-
2020 4836 2129 4888 det.
2157 4866 2159 4868 -
2512 4825 2515 4828 ’

379 4932 509 4971 “ad
544 4913 899 4988 ἁμαρτωλῶν
945 4921 1302 4988 λαμϐάνετες
1348 4925 1433 4977 Ἐν
1478 4925 1534 4977 δὲ
1573 4925 1649 4994 τῷ
1695 4927 1906 4994 λέγειν,
1945 4931 2053 4994 ἕως
2102 4925 2260 4985 crdis,
2317 4923 2712 4992 ὑπομιμνήσκει
2767 4916 2863 4994 τῆς
2916 4918 3008 4973 τοῦ
3073 4921 3184 4989 βίου
3215 4918 3549 4989 ἀπαλλαγῆς.

382 5011 549 5064 Πόσον
574 5013 700 5083 γὰρ,
721 5016 900 5084 φησὶν,
923 5014 1067 5078 ἕξετε
1092 5015 1276 5084 χρόνον
1305 5019 1361 5069 ὲν
1387 5011 1432 5084 ᾧ
1457 5019 1678 5071 τοιοῦτοι
1699 5020 1879 5074 ἔσεσθε
1900 5040 1913 5087 ;
1951 5024 2042 5076 καὶ
2069 5019 2248 5072 λοιπὸν
2272 5016 2579 5086 διαλήψεται
2611 5016 2750 5086 ὑμᾶς
2777 5017 2810 5085 ὴ
2834 5013 2926 5066 τοῦ
2950 5013 3080 5065 Θεοῦ
3106 5012 3298 5083 κρίσις.

449 5123 538 5174 Διὸ
559 5124 794 5194 ἐπιλέγει
813 5143 826 5156 ο
861 5128 1106 5196 Κρίνατε
1133 5130 1365 5198 πτωχὸν
1386 5132 1482 5184 καί
1511 5133 1786 5200 ὀρφανὸν,
1815 5151 1914 5188 τα-
2084 5131 2189 5184 Vss

1815 5151 1914 5188 ra-
2084 5131 2252 5185 V'sns.
2286 5132 2338 5184 Δ.
2373 5129 2549 5196 Quare
2595 5130 2774 5186 subdit
2808 5147 2822 5181 :
2851 5126 3091 5179 Judicate
3135 5139 3342 5194 egenum
3370 5132 3418 5176 et
3445 5139 3541 5190 pu-

381 5211 587 5264 σιεινὸν
607 5212 704 5264 καὶ
724 5215 947 5282 πένητα
961 5216 1322 5271 δικαιώσατε.
1342 5219 1645 5290 Ἐξέλεσθε
1668 5219 1909 5287 πένητα,
2012 5221 2121 5290 pillt

1800 5238 1909 5287 ιτα,
2012 5221 2215 5290 pillum,
2237 5221 2478 5274 humilem
2506 5230 2555 5274 et
2575 5234 2844 5288 pauperem
2864 5218 3166 5285 justiﬁcate.
3199 5212 3392 5281 Eripite
3410 5230 3540 5280 pau-

381 5299 478 5352 καὶ
508 5301 741 5368 πτωχὸν
767 5302 833 5353 ἐκ
871 5307 1066 5372 χειρὸς
1107 5308 1446 5375 ἀμαρτωλοῦ
1486 5310 1769 5376 ῥύσασθε.
1789 5311 1910 5364 Ἐὰν
2010 5327 2121 5379 pere

1797 5311 1910 5364 Ἐὰν
2010 5327 2198 5379 perem,
2229 5321 2276 5364 et
2313 5327 2523 5379 egenum
2564 5309 2625 5362 de
2679 5325 2835 5362 manu
2889 5307 3168 5376 peccatoris
3218 5303 3442 5357 liberate.
3482 5303 3537 5356 Si

388 5389 481 5460 μὲν
510 5385 600 5442 οὖν
613 5392 812 5444 τούτων
834 5393 1164 5465 ἀκροώμενοι
1190 5397 1563 5468 παιδευώμεθα
1585 5399 1763 5451 καὶτὰ
1779 5418 1916 5471 παρ-
2017 5403 2124 5470 itaq

1799 5418 1916 5471 ταρ-
2017 5403 2196 5470 itaque
2221 5402 2304 5457 his
2328 5403 2525 5456 auditis
2548 5401 2616 5453 ad
2646 5399 2981 5467 disciplinam
3002 5396 3317 5449 accedamus
3335 5403 3388 5448 et
3411 5407 3539 5461 pra:-

385 5477 696 5548 αγγέλματα
729 5480 1101 5552 φυλάττοιμεν,
1134 5487 1233 5555 τῆς
1263 5489 1326 5540 ὲκ
1351 5488 1459 5541 τῶν
1477 5487 1641 5554 λόγων
1663 5487 1914 5559 ὼνάμεθα
2015 5499 2125 5558 cepl

1795 5491 1914 5544 ιεθα
2015 5499 2166 5558 cepta
2203 5506 2507 5553 servemus,
2549 5505 2616 5545 ex
2658 5487 2996 5544 sermonibus
3036 5485 3316 5538 utilitatem
3360 5480 3535 5549 perci-

383 5566 662 5636 ὠφελείας.
679 5567 825 5620 Ἐπεὶ
847 5569 938 5622 καὶ
955 5572 1082 5640 ἡμῖν
1102 5575 1415 5646 λεχθήσεται
1433 5592 1445 5605 ⁸
1481 5579 1598 5628 οὐκ
1626 5575 1912 5644 ἔγνωσαν,
2014 5581 2123 5649 pieu

1793 5593 1912 5642 γαν,
2014 5581 2239 5649 piemus.
2257 5581 2464 5637 Etenim
2489 5582 2646 5636 nobis
2679 5593 2889 5648 quoque
2931 5576 3136 5630 dicetur
3163 5572 3438 5635 :-—-,Vsns.
3479 5571 3533 5625 5.

385 5655 523 5710 οὐδὲ
545 5655 840 5724 συνῆκαν,
865 5659 934 5710 ἐν
950 5662 1148 5716 σκότει
1171 5664 1712 5733 διαπορεύηταιῦιῖ
1731 5665 1792 5717 δὲ
1817 5668 1913 5720 οὐκ
2018 5668 2122 5723 Nes

1817 5668 1913 5720 οὐκ
2018 5668 2344 5738 Nescierunt,
2375 5689 2530 5741 neque
2579 5670 2958 5735 intellexerunt,
3008 5669 3065 5721 in
3111 5663 3324 5720 tenebris
3355 5660 3537 5715 amba.

467 5808 488 5840 ⁸
515 5807 669 5866 Joan.
704 5827 771 5878 ι,
806 5812 891 5867 55.
969 5815 986 5844 ¹
1026 5813 1179 5869 Joan.
1215 5832 1322 5883 xu,
1351 5816 1440 5873 ιε.
1515 5815 1536 5846 ⁸
1573 5814 1726 5872 Deut.
1761 5831 1880 5884 nl,
1911 5786 2000 5872 l9.
