4406 6432
771 501 876 557 987
1465 488 1728 546 EUSEBH
1761 480 2235 543 CESARIENSIS
2261 479 2410 536 OPP.
2454 474 2632 531 PARS
2664 472 2748 527 Ill.
2784 498 2855 512 -—
2883 465 3284 524 EXEGETICA.
3857 463 3962 518 938

775 616 907 669 lant.
949 611 1087 678 Quid
1123 619 1296 664 autem
1330 607 1640 660 nescierunt
1693 617 1868 671 neque
1917 599 2312 660 intellexerunt,
2346 601 2390 656 Α
2419 594 2515 662 ἔγνι

2223 604 2312 660 int,
2346 601 2390 656 Α
2419 594 2657 662 ἔγνωσαν
2702 587 2819 642 οὐδὲ
2869 581 3184 652 συνῆκαν,ἢ
3217 581 3298 633 ὅτι
3343 580 3465 632 ὅσον
3500 575 3648 631 οὔπω
3688 575 3782 630 καὶ
3812 575 3963 628 αὐτοὶ

776 703 882 756 nisi
916 717 973 755 se
1006 698 1397 768 quamprimum
1447 691 1703 746 tribunali
1736 689 1831 744 Dei
1873 684 2142 742 sistendos
2171 698 2314 746 esse,

775 793 1034 847 rationem
1073 790 1138 842 de
1177 787 1396 856 judiciis
1435 783 1634 851 injuste
1683 780 1809 833 latis
1855 775 2195 832 reddituros?
2237 773 2316 826 Illi

776 897 902 936 vero
927 880 1191 950 judicium
1231 876 1323 930 Dei
1359 889 1466 943 pra:
1499 871 1672 926 oculis
1706 885 1814 923 non
1843 873 2122 938 ponentes,
2152 865 2206 917 in
2237 870 2318 917 te.

778 974 960 1028 nebris
985 971 1280 1030 ambulant,
1318 966 1632 1035 ignorantiae
1659 962 1887 1030 caligine
1914 958 2109 1012 mentis
2133 954 2318 1010 oculos

779 1064 1081 1133 opplentes.
1106 1057 1463 1123 Quamobrem
1494 1068 1590 1123 par
1623 1060 1706 1107 est
1734 1065 1827 1105 eos
1853 1047 2002 1103 verbi
2035 1043 2319 1114 splendore

778 1156 1096 1213 illustratos,
1156 1161 1245 1202 aut
1292 1164 1398 1202 non
1438 1146 1708 1216 judicare,
1753 1154 2018 1196 memores
2065 1137 2181 1205 ejus
2228 1133 2320 1201 qui

779 1244 914 1298 dixit
948 1260 962 1295 :
993 1239 1169 1292 Nolite
1193 1237 1451 1307 judicare,
1482 1242 1538 1286 ut
1575 1248 1677 1285 non
1710 1226 2016 1307 judicemini
2042 1225 2061 1254 "
2088 1242 2102 1298 ξ
2135 1232 2224 1275 aut
2275 1220 2320 1274 si

781 1334 836 1388 id
883 1329 1169 1400 aliquando
1193 1295 1632 1384 vneeesse'l'uerit,
1667 1295 2031 1388 justissimum
2059 1295 2321 1382 judicium

780 1424 944 1484 ferre,
980 1438 1040 1476 ac
1079 1426 1390 1492 peccatores
1413 1413 1762 1475 convincere;
1785 1407 1994 1462 etiamsi
2027 1401 2324 1474 Oportuerit

782 1529 881 1584 pro
908 1513 1129 1566 veritate
1159 1508 1294 1561 mori
1338 1525 1350 1559 :
1386 1506 1437 1559 in
1473 1503 1708 1556 animum
1744 1499 2077 1559 inducentes,
2118 1494 2173 1547 in
2202 1492 2324 1544 unl-

782 1603 982 1658 versali
1011 1602 1103 1656 Dei
1134 1599 1360 1668 judicio,
1394 1594 1537 1664 quod
1570 1608 1664 1662 per
1694 1590 1966 1647 Christum
1995 1600 2150 1642 suum
2183 1584 2324 1637 latu-

782 1709 881 1748 rus
909 1702 1011 1755 est,
1038 1692 1274 1744 omnium
1306 1687 1419 1741 fore
1450 1682 1966 1740 consummationem
1993 1685 2047 1733 et
2065 1675 2323 1730 mutatio-

785 1799 927 1838 nem.
980 1782 1131 1847 Quod
1184 1779 1445 1848 judicium
1481 1777 1717 1831 declarat
1761 1774 1813 1827 id
1843 1771 1987 1841 quod
2035 1766 2322 1836 sequitur:

784 1872 1022 1927 -—Vsns.
1050 1872 1102 1935 6,
1137 1872 1189 1924 7.
1221 1870 1567 1926 Hovebuntur
1591 1866 1764 1920 omnia
1797 1861 2320 1931 fundamentaterrte.

787 1963 896 2034 Ego
924 1963 1066 2016 dixi:
1085 1931 1169 2016 Dii
1191 1963 1336 2024 estis,
1359 1971 1406 2015 ct
1435 1961 1533 2028 ﬁlii
1564 1956 1818 2010 Altissimi
1844 1969 2038 2007 omnes.
2087 1950 2186 2003 Vos
2227 1965 2324 2001 au-
2355 1931 2395 1985 Β

789 2063 885 2107 tem
913 2056 1046 2108 sicut
1075 2055 1304 2106 homines
1340 2049 1647 2114 mariemini,
1672 2056 1720 2100 et
1755 2047 1886 2099 sicut
1914 2059 2045 2096 unus
2074 2041 2137 2095 de
2176 2041 2324 2109 prin-

786 2145 984 2213 cipibus
1011 2144 1226 2197 cadetis.
1260 2140 1564 2194 Memoratis
1599 2139 1720 2198 diis,
1753 2133 1980 2189 ducibus
2011 2131 2256 2186 videlicet
2277 2138 2330 2183 et

788 2233 1124 2304 principibus
1171 2230 1374 2299 populi,
1424 2228 1513 2296 qui
1561 2228 1615 2280 in
1660 2224 1893 2279 medium
1945 2235 2135 2275 eorum
2182 2218 2328 2272 venit

788 2322 951 2386 Deus,
978 2321 1090 2373 haec
1117 2319 1277 2374 etiam
1301 2317 1554 2392 loquitur,
1573 2315 1792 2378 docens,
1829 2327 1886 2367 se
1913 2310 2125 2381 quidem
2152 2306 2329 2362 Patris

790 2412 1162 2466 liberalitatem
1219 2411 1507 2474 imitatum,
1557 2406 1706 2460 nulla
1758 2403 1960 2458 invidia
2007 2400 2323 2457 cohibitum,

790 2503 1042 2558 deitatem
1071 2501 1471 2556 communicare
1503 2510 1685 2561 suam;
1719 2495 1794 2547 ita
1841 2498 1901 2546 ut
1946 2491 2069 2545 illos
2117 2502 2330 2559 quoque

790 2610 975 2668 omnes
1005 2594 1135 2648 deos
1165 2598 1217 2646 et
1254 2590 1394 2644 ﬁlios
1425 2586 1688 2642 Altissimi
1713 2588 1950 2646 vocaret,
1979 2579 2122 2650 quod
2149 2589 2330 2634 tamen

781 2686 897 2762 sibi
919 2685 1031 2760 soli
1062 2687 1264 2747 inerat;
1295 2680 1371 2733 illi
1401 2693 1528 2733 vero
1574 2679 1800 2748 gratiam
1834 2673 2159 2729 contumelia
2209 2669 2331 2725 affe-

791 2782 1002 2832 cerunt.
1034 2771 1150 2837 Quo
1180 2778 1339 2841 pacto
1364 2775 1541 2822 autem
1572 2767 1665 2836 qui
1694 2780 1723 2818 a
1753 2764 1861 2820 Deo
1879 2763 2156 2832 imperium
2181 2775 2333 2814 acce-

792 2881 940 2938 pere,
969 2864 1191 2919 deorum
1237 2845 1492 2916 honorem
1554 2857 1695 2927 apud
1744 2856 1988 2911 subditos
2031 2853 2328 2915 obtineant,

792 2957 1076 3026 intelliges,
1106 2954 1152 3008 si
1182 2953 1360 3006 animo
1403 2949 1650 3004 advertas
1683 2945 1886 3000 dictum
1914 2942 2083 3013 Moysi
2112 2941 2279 2996 fuisse
2315 2959 2328 2992 :

795 3046 927 3101 Ecce
958 3044 1202 3099 constitui
1243 3050 1288 3094 te
1331 3039 1480 3092 hodie
1511 3038 1662 3091 deum
1703 3033 2018 3093 Pharaonis,
2062 3040 2111 3084 et
2155 3031 2330 3082 Aaron

795 3140 959 3207 frater
999 3145 1116 3188 tuus
1150 3133 1248 3184 erit
1290 3130 1381 3182 tibi
1408 3127 1657 3196 propheta
1683 3127 1723 3180 ⁸.
1754 3125 1905 3179 Sicut
1933 3119 2331 3191 enimMoyses,

793 3243 918 3284 cum
946 3227 1107 3279 homo
1137 3221 1231 3276 Dei
1260 3227 1423 3283 esset,
1443 3227 1496 3272 et
1529 3220 1597 3273 ab
1630 3234 1693 3273 eo
1723 3217 1980 3271 honorem
2010 3215 2328 3284 accepisset,
2358 3258 2405 3321 ϐ

795 3317 929 3372 deus
965 3311 1263 3368 Pharaonis
1290 3310 1591 3380 appellatus
1626 3316 1708 3365 est
1733 3325 1748 3375 ;
1775 3309 1959 3365 eodem
1992 3305 2154 3360 modo
2178 3314 2333 3373 quot-

796 3413 929 3477 quot
958 3419 987 3456 a
1021 3402 1128 3458 Deo
1162 3401 1418 3456 honorem
1451 3399 1774 3468 acceperint,
1812 3396 2034 3452 deorum
2061 3396 2178 3448 loco
2204 3393 2336 3448 sub-

797 3497 926 3551 ditis
957 3493 1238 3548 habentur.
1282 3490 1642 3557 Quamobrem
1697 3487 1859 3540 iidem
1897 3485 2094 3542 subditi
2133 3482 2203 3536 ad
2243 3497 2337 3539 eos

798 3601 923 3641 cum
949 3583 1246 3638 reverentia
1279 3588 1332 3634 et
1354 3580 1543 3634 timore
1566 3576 1848 3641 accedunt,
1872 3590 1982 3629 non
2010 3573 2080 3628 ob
2105 3572 2338 3626 militare

800 3674 1137 3735 satellitium,
1173 3686 1280 3726 non
1308 3671 1378 3724 ob
1416 3668 1629 3722 divitias
1658 3674 1710 3722 et
1756 3672 2104 3742 potestatem;
2142 3663 2236 3720 sed
2266 3661 2362 3717 ob.

797 3765 1058 3818 honorem
1086 3761 1221 3830 ipsis
1247 3773 1277 3810 a
1297 3756 1407 3812 Deo
1428 3757 1675 3810 inditum.
1707 3753 1798 3808 Sic
1825 3755 1967 3808 enim
1991 3746 2361 3821 loysis'vulr

798 3860 889 3908 "tus
920 3853 1088 3922 gloria
1120 3848 1448 3917 replebatur,
1499 3846 1578 3901 sic
1629 3843 1995 3914 apostolorum
2046 3839 2339 3922 Salvatoris

801 3919 992 4006 nostri,
1021 3941 1099 3996 sic
1133 3939 1260 3994 olim
1291 3933 1386 3991 Dei
1429 3934 1832 4007 prophetarum,
1867 3933 1944 3988 sic
1975 3919 2346 3999 omniumqui

799 4045 926 4086 vero
958 4029 1099 4084 servi
1130 4027 1224 4081 Dei
1249 4034 1435 4092 erant;
1467 4025 1560 4095 qui
1594 4023 1720 4081 dum
1748 4022 1864 4077 sine
1891 4020 2176 4091 splendore
2207 4009 2343 4088 pau-

801 4135 1062 4192 peresque
1093 4117 1258 4170 vitam
1288 4115 1561 4186 degerent,
1586 4129 1616 4168 a
1653 4113 1919 4183 religiosis
1957 4120 2136 4164 tamen
2167 4109 2341 4163 homi-

802 4212 962 4265 nibus
987 4209 1056 4262 oh
1075 4205 1296 4260 inditam
1328 4204 1433 4258 sibi
1457 4202 1702 4272 gratiam
1743 4202 1798 4254 in
1839 4200 2043 4253 honore
2067 4196 2342 4252 habeban-

802 4309 913 4355 tur.
938 4297 1054 4368 Ego
1076 4295 1314 4366 quidem,
1347 4292 1442 4356 ait,
1470 4292 1550 4348 sic
1589 4291 1753 4354 volui,
1785 4290 1865 4344 sic
1895 4289 2004 4343 dixi
2035 4305 2047 4340 :
2081 4287 2359 4349 Dii.cstis.,

804 4391 963 4446 Volui
990 4403 1124 4446 sane
1151 4401 1249 4441 vos
1273 4378 1494 4455 perinde
1529 4391 1686 4452 atque
1706 4395 1792 4434 me
1821 4382 1876 4434 in
1901 4379 2076 4435 medio
2101 4375 2343 4432 vestrum

804 4487 1037 4563 gtantem
1089 4475 1279 4539 Deum,
1329 4470 1589 4526 Altissimi
1633 4468 1774 4524 ﬁlios
1805 4467 1936 4522 edici
2027 4481 2121 4521 vos
2161 4471 2340 4520 autem

2417 679 2851 751 παραστήσονται
2875 671 2951 741 τῷ
2981 670 3178 740 βήματι
3211 666 3304 720 τοῦ
3329 666 3482 729 Θεοῦ,
3519 665 3669 733 λόγον
3710 662 3964 751 δώσοντες

2414 743 2539 840 περὶ
2592 743 2665 821 ὧν
2713 767 2771 819 οὐ
2821 762 3044 822 δικαίως
3071 759 3320 831 ἐκριναν;
3355 760 3416 810 Ui
3451 757 3505 810 δὲ
3543 756 3614 826 μὴ
3642 754 3746 824 πρὸ
3773 743 3965 821 ὀφθαλ-

2418 860 2532 930 μῶν
2565 858 2776 928 θέμενοι
2805 853 2903 925 τὴν
2938 851 3113 922 κρίσιν
3150 850 3242 903 τοῦ
3296 845 3427 901 Θεοῦ
3481 849 3536 899 ὲν
3573 846 3749 898 σκότει
3785 843 3966 896 διαπο-

2420 948 2682 1018 ρεύονται,
2713 944 2790 1013 τῷ
2810 944 2912 1013 τῆς
2937 940 3152 1008 ἀγνοίας
3176 938 3347 1007 σκότῳ
3372 935 3440 989 τά
3466 936 3562 1004 τῆς
3589 934 3762 1003 ψυχῆς
3791 931 3965 984 αὐτῶν

2415 1038 2634 1106 δμματα
2682 1033 3082 1106 πληρώσαντες.
3117 1031 3206 1082 Διὸ
3256 1028 3535 1099 προσήκει,
3565 1025 3651 1094 τῷ·
3687 1023 3778 1076 τοῦ
3812 1022 3973 1089 λόγου·

2421 1131 2607 1198 φέγγει
2642 1127 3058 1197 φωτιζομένους,
3089 1123 3120 1193 ἢ
3174 1122 3247 1191 μὴ
3285 1120 3508 1190 κρίνειν,
3541 1115 3966 1188 μνημονεύοντας

2419 1219 2511 1273 τοῦ
2544 1219 2818 1292 εἰρηκότος
2841 1236 2852 1247 ·
2887 1217 2982 1283 Μὴ
3025 1215 3270 1281 κρίνετε,
3306 1213 3404 1264 ἵνα
3429 1209 3512 1278 μὴ
3547 1207 3777 1278 κριθῆτε
3801 1222 3815 1234 ο
3850 1205 3882 1275 ἢ
3920 1208 3966 1258 εί

2421 1311 2628 1380 ἀνάγκη
2691 1309 2818 1362 ποτὲ
2868 1307 3106 1378 κρίνειν,
3158 1303 3294 1357 κατά
3336 1302 3397 1354 τὸ
3439 1299 3770 1353 δικαιότατον
3814 1294 3964 1348 τοῦτο

2422 1405 2590 1454 ποιεῖν
2617 1401 2709 1454 καὶ
2731 1400 2966 1468 ὲλέγχειν
2987 1397 3114 1460 τοὺς
3137 1395 3555 1464 ἁμαρτάνοντας,
3582 1390 3681 1443 κᾶν
3704 1388 3810 1442 δέοι
3832 1387 3953 1459 ὑπὲξ

2422 1491 2673 1563 ἀληθείας
2702 1490 2971 1560 θνήσκειν,
3004 1485 3398 1554 πεπεισμένους
3429 1481 3686 1553 ἀκριϐῶς,
3730 1482 3811 1533 ὄτι
3841 1479 3956 1533 πάν-

2423 1599 2527 1634 των
2559 1581 2707 1632 ἐσται
2735 1577 3006 1631 συντέλεια
3051 1579 3143 1630 καὶ
3179 1573 3442 1648 μεταϐολὴ
3474 1573 3563 1624 ἐπὶ
3605 1575 3670 1640 τῇ
3716 1568 3970 1640 καθολικῇ

2424 1670 2599 1741 κρίσει
2644 1669 2736 1721 τοῦ
2769 1669 2920 1735 Θεοῦ,
2947 1669 3012 1739 ἢν
3038 1669 3316 1737 ποιήσεται
3363 1662 3450 1716 διὰ
3491 1661 3582 1714 τοῦ
3611 1660 3844 1732 Χριστοῦ
3872 1661 3970 1714 αὒ-

2423 1759 2516 1812 τοῦ
2537 1777 2549 1789 ·
2577 1759 2643 1830 ἡν
2670 1760 2762 1812 καὶ
2793 1761 2822 1810 ὁ
2862 1757 3048 1828 παρὼν
3089 1759 3382 1827 παρίστησι
3418 1755 3569 1822 λόγος
3599 1753 3986 1806 ὲπισυνάπτων-

2426 1851 2549 1920 ἑξῆς
2589 1849 2646 1901 τό
2665 1866 2678 1879 ο
2705 1848 3183 1914 Σαλευθήσονται
3223 1845 3415 1898 πάντα
3463 1843 3534 1897 τὰ
3580 1842 3817 1911 θεμέλια
3866 1838 3975 1908 τῆς

2423 1939 2552 2010 τῆς.
2597 1940 2736 2008 Ἐγὼ
2789 1934 2948 1991 εἶπα·
3001 1939 3130 1990 Θεοί
3183 1938 3358 2000 ἐστε,
3392 1935 3496 1988 καὶ
3538 1934 3652 1988 υἱοὶ
3696 1933 3975 2001 Ὑψίστου

2425 2029 2644 2094 πάντες
2667 2047 2679 2060 ’
2703 2028 2868 2098 ὑμεῖς
2901 2021 2966 2081 δὲ
2994 2029 3073 2094 ὡς
3112 2027 3402 2095 ἄνθρωποι
3427 2025 3854 2092 ἀποθνήσκετε,
3879 2021 3975 2076 καὶ

2424 2121 2504 2185 ὡς
2558 2116 2644 2185 εἷς
2697 2120 2814 2172 τῶν
2862 2121 3164 2188 ἀρχόντων
3226 2120 3483 2179 πίπτετε.
3514 2117 3632 2168 Ἔτι
3675 2114 3813 2186 πρὸς
3852 2113 3978 2178 τοὺς

2427 2211 2812 2282 προλεχθέντας
2845 2211 3016 2275 θεοὺς,
3049 2208 3378 2280 ἡγουμένους
3403 2206 3600 2277 δηλαδὴ
3648 2207 3742 2259 καὶ
3782 2204 3978 2275 ἄρχον-

2426 2317 2521 2363 τας
2545 2300 2638 2352 τοῦ
2682 2299 2830 2365 λαοῦ,
2862 2301 2889 2352 ό
2917 2299 3075 2368 μέσος
3112 2298 3286 2350 αὐτῶν
3310 2298 3593 2366 γενόμενος
3622 2295 3752 2358 Θεὸς
3772 2294 3880 2347 καὶ
3907 2293 3992 2346 τά-

2427 2393 2666 2464 παρόντα
2706 2393 3060 2454 ἀποτείνεται,
3098 2389 3376 2452 διδάσκων,
3416 2389 3489 2450 ὼς
3531 2386 3689 2448 αὐτὸς
3735 2385 3851 2454 μὲν,
3880 2383 3980 2454 τὴν

2423 2481 2516 2535 ¹τοῦ
2545 2483 2752 2552 Πατρὸς
2793 2480 3049 2548 ἀφθονίαν
3097 2479 3445 2549 μιμούμενος,
3475 2477 3636 2529 πᾶσιν
3668 2474 3846 2535 αὐτοῖς
3878 2474 3976 2543 τῆς

2429 2572 2589 2625 αὑτοῦ
2612 2571 2858 2641 θεότητος
2877 2570 2975 2622 οὐκ
2989 2569 3249 2638 ἐφθόνησε
3270 2563 3690 2639 μεταδοῦναι,ὠς
3709 2564 3802 2617 καὶ
3823 2562 3992 2626 θεοὺς

2428 2661 2783 2733 ἀναγορεῦσαι
2832 2661 3026 2724 αὐτοὺς
3071 2659 3166 2713 καὶ
3211 2660 3358 2722 υἱοὺς
3396 2657 3644 2726 Ὑψίστου
3674 2655 3876 2717 πάντας
3909 2653 3992 2708 ἂν·

2429 2753 2622 2817 εἰπεῖν,
2653 2753 2785 2821 ὅπερ
2805 2751 2950 2821 αὐτῷ
2975 2751 3117 2822 μόνῳ
3149 2751 3351 2820 προσῆν
3374 2766 3386 2778 ·
3417 2750 3465 2800 ol
3491 2747 3547 2799 δὲ
3578 2747 3674 2816 τὴν
3702 2745 3859 2816 χάριν
3894 2745 3979 2798 ιν-

2431 2845 2671 2916 ύδρισαν.
2702 2846 2928 2916 Νοήσεις
2953 2846 3008 2897 δὲ
3035 2844 3150 2908 πῶς
3175 2843 3336 2913 τιμὴν
3361 2842 3497 2896 θεῶν
3525 2842 3572 2893 oi
3605 2840 3710 2893 ὑπὸ
3729 2837 3822 2892 τοῦ
3843 2834 3974 2890 Θεοῦ
4016 2862 4024 2868 -

2430 2939 2530 3008 τὴν
2554 2938 2726 3009 ἀρχὴν
2755 2937 3033 3008 εἰληφότες
3057 2934 3205 3006 παρὰ
3231 2938 3338 2997 τοῖς
3369 2932 3688 3004 ἀρχομένοις
3725 2931 3992 3000 ἐκτήσαν-Δ

2429 3047 2490 3082 το
2517 3069 2533 3094 ,
2590 3031 2884 3099 ἐπιστήσας
2929 3029 3075 3090 ὅπως
3136 3027 3346 3096 εἴρηται
3394 3023 3472 3093 τῷ
3525 3023 3712 3076 Μωσεῖ
3745 3038 3758 3051 ·
3831 3019 3992 3074 Ἰδοὺ-

2432 3119 2766 3188 καθέστηκὰ
2827 3133 2900 3174 σε
2956 3118 3220 3188 σήμερον
3281 3115 3418 3170 θεὸν
3471 3113 3552 3179 τῷ
3596 3111 3836 3180 Φαραὼ,

2448 3212 2656 3279 Ἀαρὼν
2698 3215 2732 3266 ό
2785 3211 3044 3279 ἀδελφός
3098 3224 3213 3262 σου
3261 3208 3431 3262 ἔσται
3490 3219 3588 3258 σοι
3651 3199 3972 3271 προφήτης.

2437 3303 2644 3371 Ὠσπερ
2687 3301 2792 3372 γὰρ
2833 3301 3053 3370 Μωσῆς,
3101 3299 3383 3371 ἄνθρωπος
3426 3296 3502 3350 ὢν
3529 3293 3664 3350 Θεοῦ
3706 3294 3801 3346 καὶ
3850 3291 3995 3372 mp"

2434 3389 2596 3472 αὑτοῦ
2617 3370 2722 3461 τὴν
2741 3370 2903 3460 τιμὴν
2920 3389 3115 3453 λαϐὼν,
3145 3370 3263 3450 θιδς
3287 3384 3619 3457 ἀνηγορεύθη
3647 3383 3739 3436 τοῦ
3760 3370 3995 3454 inparis"

2433 3482 2522 3534 τὸν
2542 3481 2700 3535 αὑτὸν
2718 3480 2914 3551 τρόπον
2935 3479 3028 3532 καὶ
3053 3480 3249 3541 πάντες
3273 3475 3364 3539 οὒς
3389 3475 3454 3529 ὃν
3471 3475 3747 3546 τιμήσειεν
3777 3474 3805 3525 ό
3827 3473 3994 3538 Θεὸςν

2435 3568 2570 3622 θεῶν
2619 3568 2799 3640 χώραν
2846 3567 2994 3638 παρὰ
3039 3569 3152 3630 τοῖς
3196 3562 3646 3633 ὑποτεταγμένοις
3681 3561 3975 3632 εἰλήφασιν.

2438 3658 2625 3713 Ἔνθεν
2663 3659 2754 3712 καὶ
2784 3659 2834 3711 oi
2862 3659 3151 3729 ἀρχόμενοι
3190 3655 3474 3726 προσίασιν
3503 3652 3680 3715 αὐτοῖς
3714 3653 3848 3722 μετά
3886 3651 3981 3704 eb-

2434 3747 2653 3811 λαδείας
2685 3748 2778 3801 καὶ
2802 3746 2972 3810 δέους,
3004 3747 3063 3799 οὐ
3097 3745 3187 3798 διά
3224 3760 3341 3798 τινα
3366 3742 3681 3814 δορυφορίαν
3718 3758 3980 3813 στρατιω-

2391 3860 2394 3862 -
2435 3838 2611 3908 τικὴν,
2641 3838 2700 3890 οὐ
2728 3836 2814 3890 διά
2836 3835 3060 3890 πλοῦτον
3097 3835 3190 3888 καὶ
3210 3833 3543 3897 δυναστείαν,
3566 3833 3651 3886 διά
3677 3832 3733 3885 δὲ
3759 3833 3856 3898 τὴν
3877 3830 3990 3884 ὑπὸ.

2435 3925 2570 3980 Θεοῦ
2602 3926 2912 3996 περιθεῖσαν
2944 3925 3134 3987 αὑτοῖςι
3166 3925 3347 3994 τιμήν.
3387 3921 3543 3976 οὕτω
3583 3922 3690 3993 τάρ
3731 3922 3824 3974 καὶ
3855 3923 3988 3975 Μω-

2439 4019 2572 4081 σέως
2599 4013 2665 4088 ἦν
2695 4015 3073 4086 δεδοξασμένον
3101 4015 3162 4068 τὸ
3193 4015 3510 4085 πρόσωπον
3544 4012 3683 4066 οὕτω
3727 4011 3821 4065 καὶ
3869 4011 3976 4081 τῶν

2436 4111 2740 4164 ἀποστόλων
2765 4108 2858 4162 τοῦ
2887 4109 3134 4180 Σωτῆρος
3163 4106 3338 4178 ήμῶν,
3369 4105 3509 4158 οὕτω
3548 4104 3641 4158 καὶ
3679 4103 3785 4156 τῶν
3815 4103 3981 4157 πάλαι

2437 4201 2528 4254 τοῦ
2556 4200 2689 4254 Θεοῦ
2720 4201 3029 4270 προφητῶν,
3069 4199 3226 4253 οὓτω⁸
3252 4199 3344 4251 καὶ
3377 4197 3587 4250 πάντων
3622 4195 3729 4250 τῶν
3769 4194 3983 4265 άληθῶς
4041 4234 4044 4237 λ

2437 4292 2529 4346 τοῦ
2556 4293 2689 4346 Θεοῦ
2713 4292 2930 4355 δούλων,
2961 4292 3157 4357 ἀδόξως
3190 4290 3454 4360 μενόντων
3473 4286 3568 4340 καὶ⁸
3589 4285 3818 4357 πτωχῶν
3843 4284 3984 4340 κατά

2437 4381 2527 4433 τὸν
2560 4380 2690 4458 βίον,
2718 4379 3163 4449 τετιμημένωνᾶ
3186 4376 3336 4447 παρά
3351 4380 3464 4440 τοῖς
3489 4376 3756 4430 θεοσεδέσι
3781 4375 3868 4428 διὰ
3887 4373 3986 4445 τὴν

2440 4473 2504 4524 ὲκ
2534 4469 2666 4523 Θεοῦ
2694 4468 2977 4538 δεδομένην
3023 4468 3206 4531 αὐτοῖς
3235 4467 3408 4539 χάριν.
3427 4465 3568 4535 Ἐγὼ
3598 4467 3694 4536 μὲν
3735 4461 3846 4528 οὖν,
3877 4481 3984 4534 φη-

805 4554 1037 4642 gratiam
1082 4563 1504 4634 contempsistis.
1548 4561 1609 4614 ln
1657 4565 1836 4613 vestra
1885 4558 2078 4626 itaque"
2110 4555 2418 4638 humana!)
2445 4564 2518 4627 σι,

2250 4567 2418 4638 ιιιιι)
2445 4564 2518 4627 σὶ,
2553 4562 2645 4615 καὶ
2693 4559 2945 4629 ἠθέλησα,
2983 4559 3076 4611 καὶ
3120 4554 3300 4612 εἷπονο
3335 4558 3472 4612 Θεοί
3503 4558 3672 4610 ὀστέ’
3710 4554 3990 4626 βουληθεὶς

806 4660 1032 4721 malitia,
1075 4664 1130 4712 et
1173 4658 1230 4710 in
1278 4653 1513 4724 peccatis
1550 4650 1743 4705 vestris
1787 4645 2122 4714 moriemini;
2156 4644 2348 4697 Anima

806 4754 949 4808 enim
989 4763 1101 4818 quae
1139 4746 1443 4813 peccaverit,
1490 4742 1624 4810 ipsa,
1647 4739 1894 4793 morietur
1921 4737 1964 4790 ’.
2004 4734 2360 4804 Quapropter.

806 4857 893 4896 nos
939 4840 1073 4892 sicut
1129 4833 1366 4887 homines
1411 4831 1729 4892 moriemini,
1790 4836 1840 4882 et
1903 4826 2037 4880 sicut
2089 4841 2223 4879 unus
2281 4821 2344 4877 de

807 4928 1120 5001 principibus
1138 4923 1353 4977 cadetis.
1372 4913 1830 4986 Quemadmodum
1850 4920 1993 4972 enim
2013 4913 2139 4971 olim
2155 4913 2344 4969 diabo-

810 5023 897 5077 lus
938 5021 1143 5073 honore
1190 5015 1410 5070 allectus
1439 5011 1539 5066 fuit
1567 5010 1708 5080 apud
1734 5008 1926 5074 Deum,
1956 5016 2011 5064 et
2039 5007 2342 5077 principum
2367 5041 2372 5047 -

811 5113 868 5166 in
894 5111 1048 5165 ctelis
1069 5107 1379 5179 angelorum
1411 5120 1551 5159 unus
1574 5102 1714 5168 fuit;
1745 5099 1940 5154 deinde
1969 5115 2136 5169 pravo
2164 5099 2346 5153 consi-

813 5203 886 5257 lio
923 5214 1156 5266 usus,ex
1187 5198 1305 5251 loco
1331 5211 1431 5252 suo
1458 5194 1678 5259 decidit,
1694 5191 1768 5246 ita
1801 5197 1860 5244 ut
1887 5189 1954 5245 de
1982 5191 2073 5244 illo
2100 5191 2343 5245 dicatur:

815 5289 1080 5358 Quomodo
1097 5285 1349 5341 ccciditde
1363 5285 1486 5339 cato
1503 5281 1820 5353 Lucifer,qui
1839 5295 1988 5333 mane
2004 5279 2265 5334 oriebatur
2282 5280 2350 5333 "'9

813 5381 951 5435 tales
976 5390 1029 5433 et
1056 5392 1150 5434 vos
1171 5392 1386 5447 quoque
1422 5374 1604 5430 fuistis
1629 5394 1642 5431 :
1673 5389 1783 5428 non
1825 5372 1970 5442 quod
1996 5380 2188 5424 natura
2217 5371 2345 5425 mali

813 5469 970 5536 sitis;
1005 5468 1101 5524 sed
1127 5468 1388 5523 electione
1410 5475 1591 5522 vestra
1617 5480 1723 5519 non
1756 5465 1895 5518 bona
1918 5464 2023 5518 usi.
2058 5459 2199 5516 Sane
2221 5478 2347 5518 veno

808 5578 878 5630 ea
905 5575 1023 5630 quae
1049 5574 1081 5612 a
1124 5573 1210 5613 me
1239 5559 1676 5628 proﬁciscuntur,
1711 5554 1776 5608 ad
1817 5554 1909 5632 Dei
1943 5556 2202 5608 honorem
2252 5567 2351 5609 vos

815 5652 1124 5707 evocabant.
1144 5647 1254 5704 Vos
1276 5656 1454 5705 autem
1468 5649 1653 5721 lapsus
1675 5647 1966 5719 principem
1989 5645 2201 5715 imitati,
2216 5647 2349 5700 sicut

2442 4654 2584 4724 ὑμᾶς
2612 4650 2808 4723 ὁμοίως
2850 4649 2971 4719 ἐμοὶ
3011 4647 3088 4718 τῷ
3137 4649 3284 4718 μέσῳ
3310 4645 3671 4717 ὑμῶνέστῶτι
3698 4643 3816 4714 Θεῷ
3839 4645 3990 4708 υἱοὺς

2444 4744 2690 4813 γενέσθαι
2707 4740 2799 4795 τοῦ
2829 4739 3079 4814 Ὑψίστου
3095 4757 3108 4769 ·
3132 4741 3285 4810 ὑμεῖς
3300 4739 3357 4792 δὲ
3373 4739 3472 4809 τὴν
3490 4739 3646 4810 χάριν
3668 4737 3829 4807 nam
3837 4752 3983 4789 σατε.

2446 4835 2576 4897 Ταῖς
2619 4832 2747 4902 γοῦν
2778 4830 3140 4901 ἀνθρωπίναις
3180 4829 3395 4893 κακίαις
3432 4831 3536 4884 καὶ·
3555 4831 3675 4892 ταῖς
3701 4827 3992 4898 ὑμετέραις

2444 4925 2736 4995 ἁμαρτίαις
2789 4920 3229 4992 ὲναποθνήσκετε.
3281 4920 3454 4990 Ψυχὴ
3493 4919 3600 4991 γάρ
3652 4919 3692 4984 ἠ
3735 4916 3989 4986 ἁμαρτά-

2443 5028 2652 5078 νουσα,
2680 5011 2831 5080 αὐτὴ
2877 5012 3267 5066 ἀποθανεῖται.
3299 5012 3389 5065 Διδ
3433 5012 3526 5065 καὶ
3559 5009 3726 5078 ὑμεῖς
3764 5009 3842 5072 ὡς
3885 5007 3988 5062 dr-

2448 5105 2662 5170 θρωποι
2689 5101 3108 5169 ,ἀποθνήσκετε
3137 5144 3152 5168 ,
3201 5102 3297 5155 καὶ
3345 5101 3425 5164 ὡς
3477 5092 3563 5162 εἷς
3606 5095 3722 5149 τῶν
3770 5097 3984 5166 ἀρχόν-

2447 5206 2563 5242 των
2579 5191 2836 5244 πίπτετε.
2853 5191 2939 5253 Ὠς
2963 5189 3069 5261 γὰρ
3087 5185 3151 5260 ἦν
3178 5206 3307 5242 ποτε
3331 5190 3359 5239 ὸ
3379 5185 3619 5248 διάϐολος
3642 5187 3801 5256 τιμῆς
3827 5184 3986 5255 ἠξιω-

2450 5280 2604 5350 μένος
2629 5281 2777 5352 παρά
2809 5279 2883 5351 τῷ
2914 5279 3030 5349 Θεῷ
3059 5281 3151 5333 καὶ
3170 5279 3277 5331 τῶν
3309 5279 3366 5329 ιν
3390 5276 3629 5345 οὐρανοῖς
3657 5275 3985 5347 ἀρχοντικῶν

2448 5370 2690 5439 ἀγγέλων
2724 5366 2835 5432 εἷς·
2878 5367 2994 5424 εἷτα
3038 5370 3282 5442 μοχθηρᾷ
3311 5361 3617 5438 προαιρέσει
3647 5367 3986 5438 χρησάμενος

2450 5461 2807 5514 ἀποπέπτωκε
2830 5464 2928 5531 τῆς
2950 5460 3112 5515 αὐτοῦ
3141 5457 3339 5529 χώρας,
3374 5457 3448 5521 ὼς
3471 5457 3719 5528 εἰρῆσθαι
3745 5457 3872 5528 περὶ
3891 5456 3987 5509 αὔ-

2449 5552 2574 5634 τοῦξ
2607 5553 2737 5620 Πῶς
2774 5552 3060 5616 ἐξέπεσεν
3085 5551 3152 5604 ἐκ
3169 5548 3275 5631 τοῦ
3297 5550 3551 5634 adparet”:
3582 5552 3616 5603 δ
3655 5545 3989 5616 Ἕωσφόροι·

2453 5632 2485 5699 ό
2511 5629 2654 5712 πρωὶ
2687 5641 3062 5704 metm;
3092 5627 3316 5694 τοιοῦτοί
3345 5629 3489 5704 τινες
3526 5641 3620 5694 καὶ
3653 5639 3807 5709 ὑμεῖς
3831 5631 3990 5703 γιγό-

944 5826 1128 5884 Μοιιιι.
1164 5847 1274 5888 vn.
1318 5830 1366 5886 l.
1443 5830 1463 5861 ⁸
1501 5826 1666 5883 Exod.
1704 5845 1808 5893 vu,
1847 5829 1896 5884 l.
1971 5830 1990 5862 ’
2031 5828 2224 5886 Ezech.’
2257 5840 2421 5892 xvm,
2454 5819 2504 5878 ι.
2583 5825 2624 5856 ⁸⁸
2665 5821 2684 5876 l

1318 5830 1366 5886 l.
1443 5830 1463 5861 ⁸
1501 5826 1666 5883 Exod.
1704 5845 1808 5893 vu,
1847 5829 1896 5884 l.
1971 5830 1990 5862 ’
2031 5828 2224 5886 Ezech.’
2257 5840 2421 5892 xvm,
2454 5819 2504 5878 ι.
2583 5825 2624 5856 ⁸⁸
2665 5821 2766 5878 lsa.
2803 5835 2924 5888 xlv,
2961 5818 3044 5874 12.
