4406 6426
856 477 955 531 99-1

1498 478 1757 533 EUSEBII
1791 477 2252 533 CESARIENSIS
2287 477 2435 534 OPP.
2471 477 2646 532 PARS
2676 477 2764 532 Ill.
2805 480 2876 520 -'
2903 474 3297 530 EXEGETICA.

859 587 1039 639 caelum
1094 587 1360 640 desursum
1393 627 1408 651 ,
1451 599 1499 641 et
1548 599 1736 642 terram
1789 587 2073 656 dijudicare
2135 587 2377 654 populum
2405 595 2450 649 Α
2476 591 2599 654 Πρω

2254 587 2377 640 ilum
2405 595 2450 649 Α
2476 586 2941 654 Προσκαλέσεται
2986 586 3091 638 τὸν
3127 583 3379 652 οὐρανὸν
3419 583 3542 637 ἄνω
3595 583 3692 637 καὶ
3730 584 3844 652 τὴν
3882 583 3994 653 γῆν

860 691 1027 728 suum.
1060 673 1258 727 Horum
1278 690 1440 730 causa
1469 678 1658 730 merito
1687 676 2011 728 arbitramur
2030 674 2372 742 quadragesi-

860 780 1003 818 mum
1032 780 1226 819 nonum
1258 765 1382 818 huic
1418 767 1621 833 psalmo
1656 731 2082 835 subjungendum
2128 731 2266 818 esse:
2306 761 2372 816 ll-

861 853 1052 920 ludque
1077 854 1200 907 item
1227 854 1862 916 observandum,eosdem
1896 855 2127 921 psalmos
2157 853 2372 921 perinde

858 950 1013 1009 atque
1043 943 1445 1011 subsequentes,
1467 943 1557 1010 qui
1580 943 1924 1012 item-Asapbi
1953 953 2093 1008 sunt,
2121 943 2372 1010 abjectio-

858 1044 976 1082 nem
1007 1029 1308 1084 Iudaeorum
1340 1032 1559 1100 ejusque
1593 1048 1785 1088 causas
1806 1034 2103 1102 complecti.
2132 1033 2372 1098 Quadra-

856 1119 1088 1188 gesimus
1119 1135 1244 1173 vero
1273 1135 1465 1184 nonus,
1499 1122 1564 1174 ab
1589 1122 1774 1176 eodem
1820 1124 2076 1191 prOpheta
2117 1123 2369 1188 scriptus,

855 1223 949 1275 per
1001 1209 1382 1263 sacriﬁciorum
1433 1211 1873 1278 repudiationem,
1939 1211 2182 1265 Mosaica:
2243 1212 2372 1280 legis

855 1295 1251 1364 abrogationem
1283 1297 1517 1361 inducit;
1543 1298 1615 1351 ita
1644 1307 1699 1352 ut
1725 1301 1776 1352 in
1828 1300 1918 1354 illo
1957 1302 2193 1370 ejusdem
2217 1317 2372 1371 argu-

856 1379 1021 1430 menti
1050 1381 1218 1437 series
1259 1384 1631 1451 sententiaque
1661 1386 1990 1440 exbibeatur.
2018 1388 2131 1452 Qua
2158 1404 2282 1442 vero
2307 1388 2372 1443 de

855 1479 1017 1519 causa
1041 1481 1164 1518 χιιι
1196 1483 1225 1520 a
1253 1473 1604 1536 praesentibus
1634 1475 1848 1529 avulsus
1884 1486 1935 1529 et
1965 1486 2086 1531 ante
2111 1479 2373 1547 quinqua-

853 1557 1040 1623 gesimi
1065 1559 1250 1625 psalmi
1278 1561 1663 1615 confessionem
1694 1566 1898 1630 positus
1925 1566 2011 1630 sit,
2037 1568 2146 1635 jam
2178 1569 2232 1622 in
2255 1571 2371 1638 ejus

854 1647 1235 1701 commentario
1253 1648 1575 1719 disputatum
1603 1659 1703 1706 est.

912 1910 1334 1966 LCANTICUM
1366 1910 1608 1968 PSALMI
1641 1913 1768 1970 lPSl
1799 1913 2038 1968 ASAPH.
2079 1913 2331 1970 LXXXII.
2401 1905 2442 1959 Β

921 2055 1086 2112 Vsus.
1127 2060 1180 2113 2.
1212 2058 1370 2124 Deus,
1406 2061 1518 2127 quis
1542 2060 1726 2113 similis
1773 2062 1873 2114 erit
1924 2062 2057 2118 tibi?
2088 2079 2147 2115 ne
2176 2073 2369 2127 taceas,

851 2163 1008 2212 neque
1027 2149 1381 2214 compescaris,
1399 2148 1555 2204 Deus.
1573 2150 2005 2222 Septuagesimus
2031 2169 2205 2208 nonus
2228 2156 2370 2221 psal-

851 2252 970 2291 mus
1000 2237 1418 2292 destructionem
1449 2240 1615 2294 vineas
1634 2279 1649 2304 ,
1678 2239 1910 2296 Judaicae
1935 2243 2105 2312 gentis
2138 2242 2367 2307 ruinam,

851 2327 954 2381 loci
984 2328 1074 2395 qui
1107 2342 1268 2398 penes
1317 2345 1410 2385 eos
1449 2330 1502 2384 in
1544 2333 1717 2400 pretio
1743 2342 1795 2387 et
1822 2333 2024 2388 honore
2074 2333 2370 2388 habebatur

851 2414 1155 2469 incendium
1209 2425 1262 2470 et
1296 2419 1598 2474 vastitatem
1653 2422 2077 2490 prmnuntiabat;
2128 2423 2235 2477 duo
2284 2439 2370 2479 se-

849 2510 1075 2570 quentes
1106 2518 1324 2559 causam
1355 2507 1515 2576 bujus
1543 2509 1864 2565 calamitatis
1890 2513 2247 2578 enarrabant;
2282 2513 2368 2570 hic

848 2605 976 2644 vero
1005 2592 1073 2647 iis
1105 2593 1442 2660 coniunctus,
1477 2598 1914 2666 supplicationem
1958 2607 2012 2653 et
2044 2600 2371 2658 obsecratio.

850 2693 972 2732 nem
1030 2695 1125 2749 pro
1168 2683 1361 2751 populo
1406 2683 1573 2739 ell‘ert.
1619 2685 1745 2742 Post
1787 2687 1962 2743 tristia
2021 2692 2213 2760 quippe
2279 2692 2368 2747 illa

850 2769 1004 2836 quasi
1032 2770 1287 2825 medelam
1319 2774 1603 2841 quamdam
1633 2775 1902 2845 pradictis
1927 2777 2207 2834 admovere
2235 2795 2364 2835 con-

816 2865 1159 2914 ‘sentaneum
1215 2861 1336 2929 fuit,
1369 2866 1790 2934 quandoquidem
1848 2869 2039 2938 psalmi
2094 2871 2270 2938 Asaph
2313 2872 2368 2925 in

848 2945 951 3001 hoc
971 2949 1497 3007 circumscribentur.
1513 2952 1867 3018 Quamobrem
1890 2957 2162 3010 Canticum
2180 2960 2368 3027 psalmi

850 3032 1143 3105 inscriptus
1157 3046 1259 3103 est,
1278 3042 1404 3108 quia
1418 3041 1555 3095 bona
1584 3044 1778 3112 populo
1796 3052 2061 3114 precatur.
2087 3046 2180 3102 Est
2207 3063 2367 3116 porro

851 3123 1166 3180 undecimus
1196 3141 1381 3182 eorum
1428 3132 1520 3198 qui
1566 3130 1759 3200 Asoplti
1801 3133 2200 3200 inscribuntur,
2234 3142 2378 3206 quo-’

2470 676 2572 728 τοῦ
2601 676 2884 742 διακρῖναι
2920 676 3024 728 τὸν
3059 676 3209 728 λαὸν
3249 675 3448 729 αὑτοῦ.
3479 673 3689 728 Τούτων
3717 675 3994 743 τοιγαροῦν

2469 763 2622 814 ἕνεκα
2665 763 2879 825 είκότως
2907 762 3127 815 ἔπεσθαι
3166 762 3243 831 τῷ
3283 763 3416 832 μετά
3457 764 3638 832 χεῖρας
3679 762 3994 831 ἡγησάμεθα

2467 851 2555 903 τὸν
2601 851 2702 919 μθ’.
2737 852 2965 902 Κάκείνο
3009 850 3064 902 δὲ
3108 850 3382 920 τηρητέον,
3411 850 3485 912 ὡς
3523 850 3718 919 ὁμοίως
3758 852 3870 911 τοῖς
3913 853 3994 903 tvo

2468 939 2634 991 ταῦθα
2668 939 3023 1008 συνημμένοις
3054 939 3143 992 τοῦ
3199 939 3368 1008 Ἀσάφ
3410 939 3637 1008 ψαλμοῖς
3675 939 3772 1008 τὴν
3800 939 3994 992 ἀποϐο-

2469 1030 2563 1099 λὴν
2613 1028 2704 1080 τοῦ
2753 1028 3015 1080 Ἰουδαίων
3060 1030 3257 1093 ἔθνους,
3305 1031 3397 1082 καὶ
3439 1029 3637 1100 ταύτης
3678 1028 3777 1091 τὰς
3819 1029 3993 1092 αίτίας

2470 1117 2786 1186 περιέχουσι.
2829 1118 2936 1171 Καὶ
2973 1121 3000 1170 ό
3041 1118 3121 1187 μθ⁹
3156 1119 3248 1174 τοῦ
3279 1118 3440 1171 αὐτοῦ
3475 1118 3750 1188 τυγχάνων
3785 1121 3989 1188 προφή-

2467 1226 2579 1272 του,
2608 1210 2911 1278 ἀνατροπὴν
2947 1208 3039 1260 τοῦ
3069 1209 3302 1270 Μωσέως
3334 1209 3494 1278 νόμου
3531 1209 3736 1276 εἰσάγει
3771 1209 3858 1261 διὰ
3897 1209 3994 1278 τῆς

2467 1296 2571 1348 τῶν
2606 1297 2797 1348 θυσιῶν
2832 1298 3234 1367 παραιτήσεως·
3269 1298 3406 1349 ὥστε
3455 1299 3546 1350 καὶ
3593 1297 3650 1350 ὲν
3690 1298 3869 1368 ταύτῷ
3898 1297 3991 1367 τὴν

2467 1386 2776 1438 ἀκολουθίαν
2820 1386 3121 1437 δείκνυσθαι
3169 1385 3265 1454 τῆς
3308 1385 3412 1437 τῶν
3459 1387 3837 1456 ἐμφερομένων
3884 1387 3992 1439 δια-

2468 1476 2629 1538 νοίας.
2665 1477 2759 1528 Διὰ
2795 1475 2846 1527 τί
2869 1477 2922 1528 δὲ
2949 1474 3312 1544 μετατέθειται
3341 1477 3369 1528 6
3407 1475 3488 1544 μθ¹
3515 1479 3579 1530 ὲκ
3603 1477 3700 1547 τῆς
3729 1477 3833 1530 τῶν
3873 1493 3994 1546 προ-

2471 1565 2726 1632 κειμένων
2761 1563 3067 1630 συναφείας,
3112 1563 3466 1632 προτέτακται
3508 1563 3563 1614 δὲ
3601 1564 3700 1631 τῆς
3738 1565 3796 1616 ὲν
3833 1563 3910 1632 τῷ
3950 1571 3992 1616 ν

2469 1650 2659 1719 ψαλμῷ
2693 1650 3137 1719 ὲξομολογήσεως,
3165 1651 3222 1701 ὲν
3245 1652 3356 1713 τοῖς
3380 1651 3458 1712 είς
3481 1651 3638 1704 αὑτὸν
3662 1650 3995 1722 τεθεωρημέ-

2471 1757 2576 1801 νοις
2602 1743 2726 1809 ἡμῖν
2756 1741 3023 1810 προδιείλη
3032 1759 3172 1795 πται.

2765 1914 2894 1982 om
2925 1913 3214 1967 mmor
3245 1914 3329 1982 Tn
3357 1914 3547 1969 ΑΣΑιιι.
3573 1912 3694 1968 ns'.

2545 2060 2603 2112 Ὀ
2633 2060 2792 2125 Θεὸς,
2826 2064 2916 2126 τίς
2957 2062 3372 2130 ὁμοιωθήσεται
3403 2077 3499 2115 σοι
3518 2078 3538 2126 ;
3574 2062 3668 2130 Μὴ
3713 2062 3990 2132 σιτήσῃς,

2463 2146 2614 2212 μηδὲ
2658 2152 3088 2217 καταπραῢνης,
3135 2155 3167 2204 ὀ
3216 2153 3377 2216 Θεός.
3417 2153 3473 2205 '0
3528 2153 3624 2222 μὲν
3673 2153 3745 2205 σθ’
3784 2152 3992 2230 ψαλμὸς

2468 2234 2824 2304 προανεφώνει
2852 2237 2941 2288 τὸν
2979 2239 3276 2308 ἀφανισμὸν
3301 2240 3393 2292 τοῦ
3425 2241 3739 2310 ἀμπελῶνος
3763 2244 3854 2296 καὶ
3893 2243 3991 2312 τὴν

2466 2325 2668 2394 πτῶσιν
2696 2324 2788 2377 τοῦ
2825 2325 3082 2379 Ἰουδαίων
3120 2314 3434 2392 έθνους,τοῧ
3463 2347 3522 2381 τε
3553 2333 3676 2400 παρ’
3704 2331 3884 2395 αὐτοῖς
3914 2347 3994 2386 τε-

2463 2416 2759 2486 τιμημένου
2800 2416 2959 2469 τόπου
2987 2417 3076 2471 τὸν
3105 2419 3422 2488 ἐμπρησμὸν
3469 2421 3562 2473 καὶ
3599 2419 3694 2491 τὴν
3725 2422 3953 2492 ἐρημίαν
3973 2440 3988 2455 ο

2463 2508 2511 2559 οί
2553 2507 2597 2560 δ’
2640 2507 2765 2577 ἑξῆς
2792 2507 2936 2577 αὺτῷ
2962 2507 3052 2560 δύο
3080 2508 3176 2577 τὴν
3205 2509 3381 2562 αίτίαν
3413 2510 3682 2563 ἐδίδασκον
3714 2511 3780 2564 δι’
3810 2512 3876 2582 ἢν
3906 2529 3992 2566 πι-

2466 2597 2683 2650 πόνθασι
2719 2596 2916 2650 ταῦτα·
2963 2599 2990 2650 6
3033 2596 3088 2650 δὲ
3130 2597 3333 2666 παρὼν,
3379 2601 3709 2669 συνημμένος
3748 2601 3989 2664 ἐκείνοις,

2465 2685 2737 2756 ἱκετηρίαν
2771 2688 2865 2742 καὶ
2906 2687 3083 2756 δέησιν
3121 2687 3258 2755 ὑπὲρ
3288 2687 3380 2740 τοῦ
3413 2688 3539 2742 λαοῦ
3573 2694 3819 2745 ποιεῖται.
3848 2691 3988 2744 Ἔδει

2462 2773 2568 2844 γὰρ
2595 2775 2728 2843 μετά
2755 2775 2822 2828 τὰ
2849 2776 3138 2845 σκυθρωπὰ
3165 2776 3348 2848 ὥσπερ
3372 2777 3491 2832 τινὰ
3515 2777 3801 2850 θεραπείαν
3825 2797 3985 2850 προσ-

2464 2862 2611 2930 άγειν
2629 2865 2739 2925 τοῖς
2766 2865 3120 2933 προλεχθεῖσι,
3153 2865 3434 2934 μέλλοντας
3459 2868 3515 2920 ὲν
3540 2868 3710 2936 τούτῳ
3734 2870 3986 2939 περιγρά-

2463 2953 2649 3021 φεσθαι
2668 2955 2787 3015 τοὺς
2806 2954 2909 3006 Τοῦ
2924 2954 3109 3021 Ἀσὰφ
3125 2954 3382 3023 ψαλμούς.
3399 2955 3486 3008 Διὸ
3501 2956 3591 3008 καλ⁵
3606 2956 3737 3025 ᾨόὴ
3750 2956 3986 3024 ψαλμοῦ

2463 3040 2850 3109 ἐπιγέγραπται
2869 3042 2897 3092 ό
2918 3040 3100 3110 παρὼν
3120 3040 3291 3108 λόγος,
3316 3040 3403 3093 διὰ
3422 3041 3481 3093 τὸ
3511 3041 3576 3094 τὰ
3603 3042 3810 3112 χρηστά
3834 3044 3988 3113 ὑπερ-

2460 3125 2706 3194 εύχεσθαι
2737 3127 2828 3179 τοῦ
2855 3126 3002 3180 λαοῦ.
3029 3126 3180 3179 Ἔστι
3204 3128 3258 3180 δὲ
3278 3129 3306 3179 ό
3331 3127 3514 3198 παρὼν
3538 3126 3643 3180 τῶν
3668 3132 3986 3200 ἐπιγεγραμ-

799 3255 803 3261 .
850 3227 969 3267 rum
1012 3216 1212 3283 primus
1240 3225 1353 3271 erat
1390 3234 1556 3285 um,
1587 3220 1659 3275 ita
1720 3229 1776 3275 ut
1814 3223 1869 3276 in
1923 3239 2106 3278 eorum
2159 3241 2368 3294 quoque
2391 3207 2436 3268 ε
2469 3213 2539 3283 μέ

2247 3241 2368 3294 ηυξ
2391 3207 2436 3268 C
2469 3213 2637 3283 μένων
2657 3213 2765 3268 Τοῦ
2779 3214 2955 3281 Ἀσάφ
2976 3221 3062 3278 ια’,
3089 3209 3162 3268 ὧν
3192 3215 3400 3285 πρῶτος
3429 3211 3494 3285 ἦν
3519 3216 3547 3267 6
3578 3216 3675 3280 οϐ’,
3711 3233 3987 3287 συμπαρα-

849 3315 1074 3356 numero
1101 3312 1378 3357 censeatur
1407 3322 1553 3370 nix,
1586 3308 1711 3377 quia
1748 3310 1794 3363 is
1825 3311 1984 3364 etiam
2021 3318 2103 3364 est
2129 3313 2324 3380 Asaphi
2349 3331 2362 3366 :

852 3397 1008 3458 atque
1027 3391 1097 3444 ita
1125 3405 1309 3447 omnes
1329 3393 1607 3449 duodecim
1628 3411 1849 3450 numero
1877 3406 2021 3452 sunt.
2046 3397 2102 3452 ln
2124 3401 2365 3469 praesenti

852 3478 1012 3546 igitur
1051 3482 1310 3549 prepbeta
1366 3482 1474 3537 Deo
1527 3485 1832 3553 supplicans
1879 3486 1996 3541 ait:
2039 3487 2198 3552 Deus,
2253 3492 2365 3559 quis

849 3566 1036 3619 similis
1100 3569 1196 3625 erit
1244 3569 1376 3624 tibi?
1412 3587 1472 3624 ne
1536 3580 1729 3636 taceas,
1796 3590 1952 3643 neque
2006 3581 2367 3643 compescaris,

850 3650 1010 3708 Deus.
1050 3656 1138 3707 Ait
1171 3658 1405 3725 quippe:
1446 3657 1849 3729 Deopatienti,
1887 3661 2134 3717 tolerantl
2164 3704 2178 3728 ,
2218 3667 2366 3736 ideo-

851 3756 955 3809 que
1006 3757 1191 3798 omnes
1263 3737 1490 3809 ferenti,
1551 3764 1707 3803 nemo
1777 3752 1988 3806 similis.
2054 3752 2186 3806 Nam
2247 3755 2367 3823 quis

849 3831 1068 3901 perinde
1111 3840 1268 3902 atque
1318 3845 1373 3889 tu
1400 3831 1715 3891 ‘atbeornm
1770 3847 1823 3894 et
1887 3842 2168 3910 impiorum
2226 3844 2368 3900 blas-

850 3919 1040 3988 pbema
1097 3921 1238 3976 dicta
1294 3934 1348 3978 et
1409 3927 1712 3995 superbiam
1772 3928 1910 3984 ferre
1944 3933 2171 3986 valeat?
2227 3932 2369 3999 Qua-

850 4020 910 4059 re
939 4007 1035 4061 tibi
1063 4011 1274 4077 quidem
1307 4013 1413 4068 Deo
1449 4031 1602 4071 nemo
1634 4017 1824 4073 similis
1853 4021 1972 4074 erit.
2011 4021 2119 4090 Ego
2152 4037 2277 4076 vero
2308 4031 2368 4077 ut

852 4093 1031 4159 homo,
1067 4097 1388 4159 inﬁmitate,
1419 4113 1698 4172 superatus
1726 4122 1863 4168 mea,
1909 4109 2021 4162 haec
2071 4112 2367 4181 supplicare

850 4182 1040 4246 audeo,
1074 4185 1275 4255 tibique
1296 4187 1404 4244 Deo
1426 4205 1546 4244 cum
1578 4195 1821 4262 precibus
1844 4197 2050 4252 dicere:
2075 4196 2152 4254 Ne
2177 4208 2364 4264 taceas,

854 4287 1008 4342 neque
1054 4280 1413 4343 compescaris,
1474 4280 1631 4336 Deus.
1667 4281 1816 4338 Tunc
1855 4299 1981 4340 vero
2029 4293 2204 4341 tacere
2229 4286 2365 4343 Deus

849 4361 1067 4427 dicitur,
1107 4378 1228 4417 cum
1270 4365 1664 4435 insurgentibus
1711 4373 1882 4429 atheis
1921 4381 1975 4428 et
2004 4374 2179 4443 impiis
2211 4376 2363 4443 viris,

2464 3301 2862 3370 λαμϐανομένου
2898 3304 3009 3364 τοῖς
3050 3304 3420 3373 προκειμένοις
3453 3303 3546 3356 τοῦ
3589 3312 3637 3374 μ’
3671 3308 3762 3358 καὶ
3805 3305 3867 3369 θ’,
3900 3306 3986 3360 διὰ

2463 3391 2522 3443 τὸ
2558 3389 2650 3442 καὶ
2679 3389 2836 3442 αὐτὸν
2859 3385 2996 3442 εἶναι
3021 3391 3113 3442 τοῦ
3152 3391 3337 3458 Ἀσάφ.
3373 3393 3596 3446 Γένοιντ’
3624 3395 3690 3448 ἂν
3715 3397 3763 3448 oi
3791 3396 3984 3461 πάντες

2460 3480 2549 3534 τὸν
2572 3479 2798 3549 ἀριθμὸν
2828 3477 2914 3533 ιϐ’.
2941 3479 3099 3547 Λέγει
3125 3481 3180 3533 δὲ
3209 3480 3294 3532 διὰ
3321 3479 3410 3533 τοῦ
3437 3483 3694 3554 παρόντος
3724 3487 3752 3537 6
3775 3489 3986 3557 Προφή-

2460 3585 2557 3637 της
2601 3571 2657 3622 ὲν
2699 3569 2764 3638 τῇ
2806 3568 2940 3638 πρὸς
2971 3569 3058 3621 τὸν
3099 3569 3225 3623 Θεὸν
3270 3572 3544 3643 ίκετηρίᾳο
3592 3575 3654 3626 '0
3697 3576 3855 3641 Θεὸς,
3899 3579 3987 3642 τίς

2461 3655 2875 3722 ὁμοιωθήσεται
2905 3671 3038 3720 σοι;
3067 3657 3162 3725 Μὴ
3193 3656 3467 3726 σιτήσῃς,
3479 3660 3629 3728 μηδὲ
3657 3665 3982 3732 καταπραΰ-

2460 3761 2593 3812 νῃς.
2613 3748 2647 3800 ό
2680 3747 2837 3811 Θεός.
2875 3747 2933 3798 '0
2961 3748 3057 3815 μὲν
3078 3748 3201 3816 γὰρ,
3227 3752 3374 3816 φησι,
3399 3749 3476 3818 τῷ
3504 3745 3619 3821 Θεῷ
3654 3755 3984 3824 μακροθύμῳ

2461 3835 2568 3888 ὖντι
2605 3836 2694 3887 καὶ
2737 3835 3053 3904 ἀνεξικάκῳ,
3087 3837 3178 3886 καὶ
3223 3835 3310 3887 διά
3345 3837 3498 3889 τοῦτο
3543 3841 3754 3892 πάντων
3797 3841 3985 3910 ἀνεχο-

2465 3923 2626 3993 μένῳ,
2651 3923 2822 3984 οὐδεὶς
2856 3924 3054 3992 ὅμοιος.
3085 3924 3179 3986 Τίς
3216 3924 3322 3993 γάρ
3360 3939 3438 3977 σοι
3477 3927 3859 3997 παραπλησίαις
3890 3929 3987 3993 τὰς

2461 4013 2565 4064 τῶν
2589 4012 2758 4065 ἀθέων
2784 4011 2875 4064 καὶ
2897 4013 3102 4066 ἀσεϐῶν
3127 4013 3330 4084 ἀνδρῶν
3359 4013 3660 4084 δυσφημίας
3694 4017 3784 4070 καὶ
3823 4019 3988 4090 ὑπερο

2460 4102 2688 4168 ηφανίας
2723 4097 2830 4162 οἶός
2855 4103 2902 4152 τ’
2934 4102 2998 4155 ἂν
3038 4101 3122 4170 εἴη
3160 4103 3368 4172 φέρε¹ιν;
3402 4104 3490 4156 Διὸ
3523 4105 3603 4157 σοὶ
3641 4105 3757 4174 μὲν,
3787 4106 3984 4174 όΘεὸς,

2461 4187 2629 4249 οὐδεὶς
2647 4189 3029 4258 ὁμοιωθήσεται
3047 4204 3060 4218 °
3101 4189 3208 4256 ἐγὼ
3233 4190 3286 4242 δὲ
3317 4190 3392 4253 ὡς
3418 4191 3714 4260 ἄνθρωπος,
3744 4194 3986 4266 ﬁnditu-

2459 4292 2548 4337 νος
2580 4276 2684 4328 ὑπὸ
2713 4275 2809 4344 τῆς
2838 4276 3069 4344 ιμαυτοῦ
3105 4277 3399 4340 ἀσθενείας,
3429 4280 3605 4350 τολμῶ
3643 4282 3863 4345 δεῖσθαι,
3893 4285 3986 4337 καὶ

2464 4365 2544 4416 σοὶ
2590 4362 2666 4432 τῷ
2711 4364 2827 4433 Θεῷ
2872 4365 2986 4434 μεθ’
3024 4367 3291 4436 ἱκετηρίας
3328 4369 3524 4436 λέγειν⁹
3564 4370 3659 4437 Μὴ
3707 4372 3982 4440 σιγήσῃς.

852 4451 1006 4516 quasi
1059 4465 1166 4506 non
1199 4453 1477 4510 advertens
1513 4457 1602 4511 ille
1635 4466 1832 4522 manet,
1865 4475 2034 4528 neque
2085 4462 2362 4516 confestim
2398 4521 2428 4528 _
2456 4450 2592 4520 μηδὲ

2242 4464 2362 4516 sum
2398 4521 2428 4528 _
2456 4450 2607 4520 μηδὲ
2658 4453 3086 4519 καταπραΰνῃς.
3131 4457 3163 4506 ό
3219 4456 3377 4519 Θεός.
3425 4457 3586 4526 Σιγᾷν
3617 4457 3671 4508 δὲ
3706 4458 3915 4525 λέγεται
3953 4464 3982 4514 6

853 4535 1106 4593 ultionem
1127 4541 1310 4609 sumit,
1330 4558 1426 4598 nec
1451 4545 1750 4612 promeritis
1770 4521 1861 4602 eos
1882 4521 2156 4617 suppliciis
2181 4565 2364 4620 εδει-ε·
2395 4521 2437 4574 D
2462 4539 2589 4603 Θεὸς

2242 4567 2364 4620 πει-ε-
2395 4521 2437 4574 D
2462 4539 2609 4603 Θεὸς,
2643 4538 2856 4592 ἐπειδὰν
2879 4542 3243 4610 ἐπαιρομένων
3273 4544 3379 4596 τῶν
3401 4521 3572 4598 ἀθέων
3600 4549 3690 4599 καὶ
3713 4521 3982 4604 δυσσεὸῶν

851 4626 1013 4679 ditur.
1035 4625 1385 4691 Quamobrem
1412 4633 1526 4700 ipse
1550 4632 1724 4702 Asaph
1750 4635 1801 4687 in
1827 4651 1948 4688 χιιι
1970 4637 2173 4704 psalmo
2200 4637 2364 4692 Deum
2461 4629 2591 4699 ἀνδρ-

2315 4654 2364 4692 m
2461 4628 2684 4699 ἀνδρῶν,
2711 4629 3096 4698 ἀπροσποίητος
3125 4632 3287 4699 μένει,
3317 4633 3390 4703 μὴ
3413 4635 3626 4702 ἐπάγων
3653 4640 3982 4709 παραχρῆμα

852 4712 966 4767 bac
1004 4717 1345 4781 peccantibus
1384 4719 1648 4775 dicentem
1678 4722 1882 4777 inducit
1914 4743 1928 4777 :
1958 4724 2082 4778 Haec
2110 4727 2295 4792 fecisti,
2317 4737 2365 4778 et
2460 4720 2554 4787 τὴν
2585 4737 2592 4771 ε

2241 4727 2295 4790 ιε,
2317 4737 2365 4778 ετ
2460 4720 2554 4787 τὴν
2585 4721 2700 4772 κατ’
2740 4719 2910 4772 αὐτῶν
2937 4718 3121 4789 ὀργὴν,
3155 4721 3282 4790 μηδὲ
3322 4725 3435 4786 ταῖς
3465 4729 3584 4777 κατ’
3617 4727 3792 4780 αὐτῶν
3815 4744 3981 4798 τιμω-

854 4806 990 4854 tacui
1020 4819 1036 4854 :
1061 4804 1372 4858 existimasti
1401 4808 1572 4875 inique
1595 4812 1728 4877 quod
1765 4828 1850 4864 ero
1882 4814 1954 4865 tui
1986 4813 2193 4868 similis.
2223 4815 2365 4870 Cau-
2453 4807 2594 4904 ἕως

2242 4815 2365 4870 Iau-
2453 4807 2602 4904 flatus
2630 4807 2916 4904 χρώμενος.
2954 4808 3045 4904 Διὸ
3077 4809 3168 4904 καὶ
3205 4813 3736 4904 τοῖς-ἁμαρτάνουσιν
3765 4818 3795 4870 6
3823 4817 3982 4882 αὐτὸς

854 4905 968 4944 sam
1000 4907 1124 4945 vero
1147 4894 1364 4957 silentii,
1396 4896 1664 4962 patientia:
1689 4909 1741 4952 et
1767 4902 2056 4956 tolerantia:
2088 4903 2180 4958 Dei
2212 4905 2367 4958 docet

855 4979 1158 5045 Apostolus,
1191 4982 1301 5035 haec
1334 4985 1574 5039 scribens
1603 5003 1614 5037 :
1640 4986 1718 5038 An
1747 4986 1953 5041 divitias
1986 4993 2228 5046 bonitatis
2256 4994 2364 5061 ejus

856 5073 905 5115 et
945 5067 1207 5130 patientiae
1247 5079 1295 5122 et
1333 5071 1734 5141 longanimitatis
1775 5079 2076 5141 contemnis,
2124 5082 2364 5148 ignorans

855 5149 990 5216 quod
1032 5151 1313 5222 benignitas
1358 5155 1452 5209 Dei
1487 5161 1553 5211 ad
1585 5163 1930 5227 paenitentiam
1971 5172 2018 5215 te
2056 5164 2264 5218 adducit
2287 5167 2368 5219 "l

857 5237 961 5291 Sed
987 5245 1046 5290 tu
1077 5242 1310 5307 quidem,
1351 5244 1448 5306 ait,
1477 5256 1532 5300 ut
1561 5247 1719 5315 Deus,
1756 5263 1940 5304 omnes
1977 5252 2225 5316 sustines,
2255 5268 2367 5306 om-

856 5342 953 5382 nes
997 5329 1283 5384 clementer
1306 5333 1524 5397 toleras,
1557 5349 1618 5390 ac
1643 5336 1708 5390 de
1738 5338 1806 5392 iis
1833 5340 1961 5394 siles
1987 5340 2079 5407 qui
2125 5342 2284 5410 impie
2313 5349 2366 5396 et

855 5417 1057 5471 nefarie
1083 5428 1323 5485 peccant,
1349 5429 1402 5476 et
1447 5431 1633 5476 contra
1661 5431 1714 5478 te
1750 5425 1916 5480 Deum
1949 5428 2257 5496 blasphema
2281 5429 2366 5483 dl-

859 5512 941 5558 cta
969 5506 1263 5572 proferunt.
1296 5507 1405 5575 Ego
1437 5525 1566 5566 vero
1605 5528 1727 5568 cum
1753 5514 1865 5569 haec
1892 5515 2072 5569 videre
2110 5531 2216 5571 non
2243 5533 2366 5586 pos-

857 5592 983 5658 sim,
1011 5595 1250 5663 supplico
1275 5597 1634 5671 deprecorque
1661 5606 1863 5659 veniam
1908 5607 2181 5675 consequi,
2223 5607 2364 5676 quod

935 5741 975 5771 "
1014 5739 1163 5796 Rom.
1201 5760 1266 5810 ιι,
1300 5747 1349 5801 4.

2475 4896 2637 4964 Ἀσὰφ
2680 4900 2736 4950 ὲν
2768 4895 2844 4965 τῷ
2883 4903 2936 4964 μ’
2965 4897 3055 4949 καὶ
3103 4897 3145 4950 θ’
3181 4900 3270 4951 τὸν
3308 4900 3434 4953 Θεὸν
3478 4903 3684 4971 είσάγει
3722 4904 3976 4973 λέγονιαο

2467 4983 2649 5036 Ταῦτα
2685 4985 2996 5049 ἐποίησας,
3030 4985 3127 5038 καί
3169 4989 3420 5057 ἐσίτησα
3435 5004 3448 5018 °
3503 4990 3792 5058 ὑπέλαϐες
3837 4997 3978 5051 ἀνο-

2456 5089 2618 5139 μιαν,
2645 5075 2732 5126 ὅτι
2756 5075 2964 5142 ἔσομαί
2985 5088 3080 5128 σοι
3103 5075 3317 5144 ὅμοιος.
3344 5075 3422 5128 Τὰ
3442 5077 3497 5130 δὲ
3524 5078 3668 5133 αίτια
3699 5084 3796 5152 τῆς
3823 5085 3979 5156 σιγῆς

2461 5161 2551 5212 τοῦ
2582 5162 2711 5214 Θεοῦ
2743 5162 2836 5215 καὶ
2860 5163 2956 5232 τῆς
2987 5165 3179 5233 ἀνοχῆς
3211 5165 3299 5215 καὶ
3329 5164 3423 5232 τῆς
3457 5170 3826 5241 μακροθυμίας
3853 5189 3978 5226 παι-

2460 5248 2595 5301 δεύει
2633 5255 2661 5303 ό
2697 5251 3004 5314 ’Δπόστολος
3039 5254 3258 5322 γράφων
3279 5269 3292 5281 ⁸
3333 5253 3400 5307 Ἢ
3433 5257 3538 5309 τοῦ
3581 5261 3837 5315 πλούτου
3872 5261 3977 5328 τῆς

2461 5341 2850 5406 χρηστότητος
2882 5341 3061 5396 αὐτοῦ
3100 5345 3196 5396 καὶ
3225 5341 3330 5411 τῆς
3363 5346 3586 5415 ἀνοχῆς
3615 5350 3712 5404 καὶ
3738 5350 3844 5418 τῆς
3864 5369 3975 5419 με·

2461 5429 2770 5493 προθυμίας
2795 5430 3190 5496 καταφρονεῖς,
3227 5432 3473 5500 ἀγνοῶν,
3496 5437 3584 5490 ὅτι
3623 5437 3689 5490 τὸ
3714 5439 3974 5505 χρηστὸν

2461 5515 2563 5567 τοῦ
2603 5515 2747 5568 Θεοῦ
2791 5519 2876 5583 εἰς
2899 5518 3210 5587 μετάνοιάν
3245 5536 3318 5576 σε
3350 5523 3511 5593 ﬁrst;
3559 5526 3717 5580 Ἀλλά
3748 5529 3811 5580 σὺ
3854 5527 3972 5595 μὲν,

2459 5603 2637 5669 φησὶν,
2665 5606 2737 5668 ὡς
2766 5605 2892 5669 Θεὸς
2930 5607 3139 5661 πάντων
3173 5609 3505 5682 ἀνεχόμενος,
3549 5615 3754 5677 πάντας
3795 5615 3972 5689 φέρεις

4059 134 4331 310 ΨἨ
