4406 6416
421 499 524 556 993

1482 496 1964 555 COMMENTARIA
2003 498 2068 552 IN
2105 496 2430 556 PSALMOS.

3455 502 3561 558 994

416 607 628 677 πράως,
660 590 754 661 καὶ
795 604 886 658 ἐπὶ
925 608 1033 669 τοῖς
1059 606 1228 675 ἀσεϐῆ
1259 608 1350 659 καὶ
1392 606 1525 660 ἁθεα
1560 607 1940 677 ἁμαρτάνουσι,
1975 616 2012 668 Α
2043 622 2148 661 non

1823 624 1940 668 IUG’t,
1975 616 2012 668 Α
2043 622 2148 661 non
2185 609 2344 662 simili
2389 614 2549 676 atque
2586 613 2644 660 tu
2692 605 2851 660 modo
2891 606 3122 661 tolerare
3151 607 3395 662 valeam:
3435 624 3562 663 nam

417 699 510 751 καὶ
535 696 674 750 κατὰ
693 695 781 748 σοῦ
800 695 891 748 τοῦ
910 695 1042 748 Θεοῦ
1061 693 1448 765 βλασφημοῦσι,
1475 699 1679 767 σιωπᾷς
1697 713 1709 726 ·
1737 696 1843 762 ἐγὼ
1866 697 1941 761 δὲ,

418 788 494 858 μὴ
517 786 807 856 δυνάμενος
848 784 1014 838 ταῦτα
1038 787 1188 856 ὀρᾷν,
1220 786 1404 854 δέομαι
1430 785 1523 839 καὶ
1562 786 1779 839 ἱκετεύω
1820 802 1945 852 συγ-

415 877 634 948 γνώμης
659 880 835 947 τυχεῖν
855 878 945 930 snt
967 877 1028 928 τὸ
1059 877 1132 946 μὴ
1155 877 1406 929 δύνασθαι
1428 877 1607 948 φέρειν
1630 894 1710 930 σοι
1738 877 1814 945 τῷ
1830 875 1944 945 Θεῷ

414 966 830 1035 παραπλησίως·
874 965 956 1027 τίς
996 965 1102 1034 γάρ
1135 981 1214 1017 σοι
1258 964 1681 1034 ὁμοιωθήσεται;
1731 965 1820 1017 Διὸ
1871 966 1944 1028 ὡς

413 1057 710 1127 ἄνθρωπος,
755 1055 910 1125 ζῆλον
938 1054 1070 1124 ἔχων
1098 1054 1186 1108 τὸν
1219 1055 1354 1124 ὑπὲρ
1385 1055 1479 1123 τῆς
1513 1055 1609 1123 σῆς
1650 1055 1940 1120 εὐσεϐείας,

413 1143 591 1213 τολμῶ
642 1142 919 1214 ἱκετηρίαν
969 1159 1049 1196 σοι
1095 1145 1418 1213 προσάγειν·
1464 1142 1599 1195 ῶστε
1643 1144 1944 1196 παύσασθαι

416 1235 512 1305 μὲν
554 1236 649 1304 τῆς
700 1235 898 1310 ἁφὰτου
951 1233 1316 1304 μακροθυμίας
1361 1235 1453 1286 καὶ
1496 1235 1589 1300 τῆς
1633 1235 1942 1299 ἀνεξικὰκου

416 1327 622 1395 σιωπῆς
636 1342 648 1356 ’
671 1326 769 1395 ἤδη
789 1324 845 1376 δέ
869 1340 997 1376 ποτε
1017 1323 1292 1393 κινηθῆναι
1314 1324 1449 1376 κατὰ
1473 1324 1574 1376 τῶν
1589 1325 1655 1376 τὰ
1678 1325 1943 1394 ἀνήκεστα

411 1411 827 1481 τετολμηκότων.
857 1411 946 1462 Διό
970 1427 1144 1480 φημι·
1177 1409 1271 1476 Μὴ
1299 1410 1572 1478 σιγήσῃς,
1596 1411 1745 1477 μηδὲ
1776 1426 1945 1462 scata-

411 1503 708 1568 πραῦνῃς·
738 1500 848 1553 ἀνθ’
888 1491 948 1552 οὗ
987 1502 1015 1552 ὁ
1059 1499 1156 1568 μὲν
1199 1498 1443 1561 Ἀκύλας,
1469 1499 1563 1566 Μὴ
1602 1499 1939 1567 καθησυχά-

395 1607 549 1660 σῃς,
605 1592 634 1642 ὁ
664 1591 718 1644 δὲ
767 1591 1073 1661 Σύμμαχος,
1120 1590 1214 1657 Μὴ
1263 1590 1592 1658 ἐφυλάσῃς,
1645 1591 1939 1660 εἰρήκασιν.

412 1678 520 1734 Εἶτ’
553 1680 788 1748 ἐπιλέγει
815 1679 968 1772 ἑξῆς·
1003 1682 1117 1732 Ὀτι
1163 1679 1289 1733 ιὸοὺ
1335 1682 1389 1732 οἱ
1429 1680 1623 1748 ἐχθροί
1647 1693 1760 1732 σου
1801 1679 1946 1746 ἤχη-

411 1787 548 1835 σαν,
575 1771 672 1823 καὶ
707 1771 760 1824 οἱ
788 1766 1101 1837 μισοῦντές
1125 1787 1198 1822 σε
1222 1766 1372 1838 ἦραν
1395 1770 1677 1837 κεφαλήν.
1713 1769 1867 1821 Κατὰ
1892 1769 1945 1821 δὲ

410 1861 501 1913 τὸν
539 1860 782 1914 Ἀκύλαν·
841 1861 961 1914 Ὅτι
1001 1859 1126 1914 ιδοὺ
1163 1863 1216 1913 οί
1251 1861 1448 1928 ἐχθροί
1492 1873 1605 1913 σου
1644 1859 1944 1928 ὤχλασαν,

2044 701 2161 768 quis
2190 700 2381 754 similis
2419 698 2523 753 erit
2562 697 2694 752 tibi?
2717 696 3051 766 Quapropter
3084 706 3141 750 ut
3171 698 3349 762 homo,
3385 699 3564 753 studio

2041 788 2256 858 pietatis
2277 804 2402 858 erga
2435 797 2487 842 te
2515 789 2785 851 incensus,
2819 787 3118 856 supplicare
3148 788 3242 841 tibi
3279 788 3470 854 audeo,
3503 795 3563 842 ut

2040 876 2196 930 linem
2232 875 2400 930 facias
2439 875 2733 929 tolerantiae
2759 882 2812 928 et
2850 875 3072 935 silentii,
3106 889 3168 928 ac
3198 876 3305 944 jam
3344 876 3560 930 demum

2039 979 2285 1018 moveare
2325 963 2585 1020 adversus
2621 978 2712 1017 eos
2743 964 2832 1033 qui
2867 964 3222 1017 intolerabilia
3263 966 3380 1019 ausi
3412 972 3555 1020 sunt.

2014 1053 2164 1116 Ideo
2201 1053 2324 1108 dico
2351 1071 2363 1105 :
2387 1052 2466 1107 Ne
2497 1064 2690 1118 taceas,
2716 1070 2870 1121 neque
2914 1055 3271 1120 compescaris.
3311 1052 3416 1106 Pro
3451 1069 3560 1122 quo

2039 1143 2247 1209 Aquila,
2269 1141 2348 1195 Ne
2373 1143 2625 1210 quiescas,
2671 1141 3024 1210 Symmachus
3062 1157 3208 1204 vero,
3254 1140 3335 1194 Ne
3371 1157 3557 1204 cesses,

2041 1233 2373 1301 interpretati
2388 1239 2533 1287 sunt.
2558 1232 2760 1288 Deinde
2789 1231 2970 1286 subdit
2992 1249 3005 1283 :
3026 1263 3090 1274 —
3120 1230 3282 1286 Vsus.
3307 1232 3373 1284 ’5.
3427 1230 3564 1294 Quo-

2041 1325 2181 1376 niam
2209 1339 2322 1376 ecce
2365 1324 2558 1376 inimici
2606 1325 2680 1374 tui
2719 1332 3019 1385 sonuerunt,
3050 1330 3099 1374 et
3147 1323 3232 1390 qui
3269 1321 3488 1374 oderunt
3515 1328 3569 1374 lc

2039 1414 2329 1466 extulerunt
2371 1423 2544 1482 caput.
2601 1412 2907 1467 Secundum
2944 1412 3192 1481 Aquilam
3222 1417 3383 1466 vero’:
3420 1411 3564 1477 Quo-

2025 1505 2178 1556 niam
2218 1519 2330 1556 ecce
2355 1504 2552 1558 inimici
2582 1505 2656 1556 tui
2698 1503 2878 1556 turbas
2915 1511 3199 1567 moverunt,
3245 1511 3294 1555 et
3323 1501 3411 1570 qui
3443 1500 3568 1554 ode-

2041 1599 2163 1644 runt
2205 1600 2253 1644 te
2286 1591 2580 1644 extulerunt
2616 1601 2800 1657 caput;
2846 1592 3144 1645 secundum
3186 1590 3567 1661 Symmachum

2041 1696 2168 1736 vero
2201 1700 2215 1736 :
2245 1682 2374 1735 Ecce
2400 1684 2535 1736 enim
2563 1683 2757 1734 inimici
2792 1682 2886 1744 tui,
2918 1681 3112 1750 inquit,
3143 1697 3249 1733 una
3279 1691 3487 1745 sonant,
3518 1687 3570 1734 et

2042 1772 2129 1841 qui
2142 1770 2364 1825 ‘oderunt
2398 1782 2444 1825 te
2473 1773 2690 1839 emerunt
2719 1780 2889 1839 caput.
2931 1769 3136 1824 Sonant
3164 1779 3341 1824 autem
3373 1778 3427 1824 et
3451 1777 3569 1824 tur-

2043 1862 2141 1916 bas
2181 1870 2393 1916 movent
2438 1863 2636 1916 inimici
2671 1861 2785 1927 Dei,
2833 1876 2953 1914 cum
2987 1875 3094 1914 non
3139 1860 3360 1914 latenter
3391 1876 3567 1929 neque

412 1951 510 2004 καὶ
534 1950 986 2020 μισοποιοῦντές
1012 1966 1083 2003 σε
1114 1951 1265 2018 ἦραν
1289 1949 1588 2017 κεφαλήν·
1617 1949 1755 2001 κατὰ
1774 1949 1829 2000 δὲ
1853 1948 1944 2000 τὸν
1971 1949 2013 2004 Β
2040 1929 2152 2004 rem

1826 1971 1829 1997 ι
1853 1948 1944 2000 τὸν
1971 1949 2013 2004 Β
2040 1929 2264 2005 remisse
2291 1951 2599 2020 blasphema
2627 1951 2767 2004 dicta
2793 1957 2979 2003 contra
3009 1949 3173 2002 Deum
3199 1947 3440 2016 proferre
3468 1963 3566 2003 au-

413 2041 732 2110 Σύμμαχον·
771 2041 912 2095 Ἰδοὺ
958 2042 1064 2110 γὰρ
1101 2044 1152 2093 οἱ
1193 2041 1389 2107 ἐχθροί
1430 2053 1562 2102 σου,
1606 2040 1754 2108 φησι,
1799 2053 1945 2091 συν-

414 2131 651 2198 ηχοῦσι,
691 2131 786 2184 καὶ
811 2134 862 2184 οἱ
881 2129 1197 2199 μισοῦντές
1232 2145 1305 2183 σε
1328 2129 1632 2197 ἐπαίρουσι
1656 2127 1944 2196 κεφαλήν.

426 2220 641 2290 Ἦχοῦσι
676 2221 730 2274 δὲ
762 2223 854 2273 καὶ
896 2221 1204 2290 ὀχλάζουσιν
1245 2222 1292 2272 οἱ
1338 2219 1517 2289 ἐχθροὶ
1552 2218 1647 2273 τεῦ
1684 2218 1836 2282 Θεοῦ,
1860 2219 1946 2271 ὅτε

414 2309 594 2362 οὐκέτι
636 2309 890 2379 κρύϐδην,
935 2310 1054 2363 οὐδὲ
1095 2309 1463 2378 πεφεισμένως
1504 2309 1735 2379 τολμῶσι
1777 2323 1949 2380 παρα-

417 2400 739 2469 φθέγγεσθαι
779 2401 873 2463 τὰς
905 2401 1041 2454 κατὰ
1067 2401 1158 2454 τοῦ
1189 2400 1320 2454 Θεοῦ
1354 2400 1718 2470 βλασφημίας·
1751 2400 1849 2469 ῆδη
1891 2400 1946 2451 δὲ

414 2491 479 2544 ὲκ
519 2490 611 2543 τοῦ
646 2491 946 2562 προφανοῦς
975 2494 1064 2545 καὶ
1098 2491 1304 2564 ἀθρόως
1348 2492 1400 2543 οἱ
1441 2492 1635 2552 πάντες
1679 2489 1815 2541 κατὰ
1852 2487 1944 2541 τοῦ

414 2581 546 2635 Θεοῦ
589 2581 656 2633 τὰ
692 2581 824 2635 ἄθεα
864 2582 1218 2652 προφέρονται
1262 2582 1493 2652 ῥήματα,
1535 2581 1686 2631 ὁποία
1714 2577 1945 2647 τολμῶσι

415 2672 668 2740 πράττειν
706 2668 846 2721 κατὰ
875 2669 997 2730 τοὺς
1030 2668 1134 2742 τῶν
1165 2667 1414 2737 διωγμῶν
1457 2667 1696 2736 καιρούς.
1734 2662 1861 2718 Εἶτα
1890 2664 1945 2717 δὲ

413 2760 508 2813 καὶ
555 2757 969 2827 ὑψαυχενοῦντες
1008 2759 1101 2811 καὶ
1148 2758 1528 2826 φρυαττόμενοι
1576 2757 1674 2827 τὴν
1703 2756 1946 2827 κεφαλὴν

413 2847 744 2917 ὶπαίρουσιν,
772 2848 858 2900 ὅτε
901 2847 1126 2917 μάλιστα
1165 2847 1445 2918 ἐπιτριϐὴν
1481 2847 1660 2909 αὐτοῖς
1699 2849 1732 2916 ἡ
1773 2845 1947 2917 σιωπὴ

2042 2039 2194 2106 dent;
2234 2040 2326 2094 sed
2361 2041 2533 2110 palam
2566 2047 2618 2094 et
2647 2039 2927 2094 confertim
2953 2054 3138 2093 omnes
3169 2038 3224 2092 in
3261 2037 3427 2093 Deum
3464 2040 3568 2092 im-

2042 2129 2130 2198 pia
2152 2130 2311 2185 verba
2344 2140 2616 2192 evomunt,
2647 2129 2826 2197 qualia
2857 2129 3283 2197 persecutionum
3324 2137 3566 2197 tempore

2044 2220 2238 2273 audent
2263 2218 2469 2274 elferre.
2503 2219 2703 2273 Deinde
2727 2226 2902 2273 erecta
2929 2219 3138 2274 cervice
3164 2220 3449 2274 frementes
3474 2234 3570 2272 ca-

2043 2317 2138 2378 put
2170 2310 2426 2372 exaltant,
2459 2311 2671 2378 quando
2710 2310 2944 2363 maxime
2986 2310 3259 2363 silentium
3287 2309 3378 2363 Dei
3411 2309 3568 2364 indu-

2044 2400 2155 2455 cias
2198 2400 2332 2468 ipsis
2387 2401 2606 2470 praebet.
2657 2399 2753 2454 His
2809 2415 2939 2454 vero
2985 2410 3147 2469 caput
3192 2398 3569 2464 efferentibus,

2045 2486 2137 2540 Dei
2195 2486 2438 2543 homines
2499 2487 2676 2541 amicti
2730 2486 3113 2554 humiliantur;
3162 2496 3219 2540 ut
3260 2489 3376 2542 vice
3418 2501 3573 2542 versa

2045 2576 2315 2645 depressis
2346 2578 2580 2633 inimicis
2606 2577 2720 2639 Dei,
2753 2584 3062 2632 sanctorum
3094 2578 3575 2647 reiigiosorumque

2045 2665 2282 2720 virorum
2306 2670 2482 2736 capita
2502 2683 2562 2722 ex
2572 2669 2828 2721 altantur.
2857 2667 3032 2732 Quare
3052 2683 3117 2719 ex
3137 2683 3320 2721 eorum
3344 2681 3573 2736 persona

2046 2756 2242 2810 alicubi
2282 2755 2484 2810 dictum
2530 2763 2613 2811 est
2641 2775 2654 2810 :
2679 2755 2747 2807 Et
2777 2771 2908 2808 nunc
2933 2754 3178 2808 exultavit
3212 2766 3362 2823 caput
3405 2770 3574 2808 nicum

2049 2864 2198 2916 super
2219 2849 2453 2902 inimicos
2483 2865 2619 2902 meos
2646 2847 2707 2901 ".

414 2935 505 2990 τοῦ
561 2936 693 2989 Θεοῦ
750 2935 1156 3006 κατεργάζεται.
1226 2937 1436 2990 Τούτων
1465 2936 1522 2989 δὲ
1581 2937 1679 3007 τὴν
1713 2936 1950 3007 κεφαλὴν
2006 2940 2296 3009 αῑρόντων,
2359 2943 2406 2992 οἱ
2461 2938 2553 2991 τοῦ
2615 2936 2747 2991 Θεοῦ
2798 2935 3068 3006 ἄνθρωποι
3125 2933 3575 3004 καταπονούμενοι

414 3027 810 3080 ταπεινοῦνται·
872 3026 946 3089 ὡς
1001 3025 1229 3096 ἔμπαλιν
1289 3027 1715 3098 ταπεινουμένων
1774 3028 1880 3081 τῶν
1921 3029 2126 3100 ἐχθρῶν
2161 3030 2253 3083 τοῦ
2281 3031 2414 3084 Θεοῦ
2455 3032 2511 3085 αἱ
2552 3029 2660 3084 τῶν
2702 3027 2869 3096 ἁγίων
2919 3029 3010 3080 καὶ
3056 3027 3309 3096 θεοφιλῶν
3367 3026 3576 3097 ἀνδρῶν

415 3115 644 3184 κεφαλαὶ
678 3115 951 3184 ὑψοῦνται.
997 3119 1086 3172 Διὸ
1123 3118 1331 3192 εἴρηταί
1368 3135 1468 3172 που
1512 3118 1568 3174 ὲὲ
1610 3116 1784 3172 αὐτῶν
1820 3118 2104 3191 προσώπου
2130 3121 2208 3172 τό⁹
2267 3122 2379 3176 Καὶ
2452 3121 2568 3176 νῦν
2612 3121 2818 3189 ὒψωσε
2865 3117 3135 3189 κεφαλήν
3189 3135 3303 3188 μου
3351 3118 3440 3170 ἐπ’
3481 3117 3579 3184 ἐχ-

417 3208 592 3273 θρούς
618 3225 756 3277 μου.

497 3317 620 3370 Ἐπὶ
654 3318 759 3372 τὸν
785 3321 936 3374 λαόν
962 3333 1076 3372 σου
1115 3319 1772 3386 κατεπανουργεύσαντο
1805 3316 1947 3388 τινώ-
1972 3325 2014 3383 c
2112 3314 2237 3369 Vsa:

1837 3316 1947 3370 »νώ-
1972 3325 2014 3383 c
2112 3314 2277 3369 Vsus.
2307 3313 2362 3378 4,
2394 3312 2446 3367 5.
2489 3312 2655 3380 Super
2690 3312 2937 3380 populum
2981 3319 3127 3364 tuum
3163 3311 3577 3377 malignavcrunt

414 3423 558 3476 μην,
586 3407 682 3460 καί
710 3408 1140 3464 ἐϐουλεύσαπο
1163 3409 1310 3462 κατὰ
1330 3408 1449 3462 τῶν
1477 3409 1656 3476 ἁγίων
1679 3423 1811 3462 σου.
1852 3405 1950 3462 Εἷ-

415 3509 538 3550 πσν
559 3513 574 3528 ·
635 3498 827 3561 Δεῦτε,
885 3499 982 3552 καὶ
1040 3498 1554 3567 ἐξολοθρεύσωμεν
1609 3498 1825 3564 αὐτοὺς
1882 3497 1951 3562 ἐξ

416 3588 648 3652 ἅθνους,
676 3587 771 3642 καὶ
797 3589 868 3640 οὐ
889 3587 973 3655 μὴ
997 3586 1238 3655 μνησθῇ
1266 3587 1332 3639 τὸ
1364 3587 1547 3655 ὄνομα
1581 3588 1812 3654 Ἰσραὴλ
1846 3589 1947 3641 ἔτι.

419 3678 669 3731 Δυσωπεῖ
693 3676 781 3729 τὸν
805 3676 933 3728 Θεὸν
961 3677 990 3728 ὁ
1006 3677 1291 3747 Προφήτης
1320 3676 1377 3728 ὲν
1400 3675 1536 3745 ἁγίῳ
1563 3675 1850 3745 Πνεύματι,
1867 3676 1954 3730 διὰ

422 3767 516 3821 τοῦ
540 3751 982 3837 ὗπομιμνήσκειν,
1007 3765 1080 3829 ὡς
1109 3766 1214 3834 ἄρα
1245 3764 1367 3828 λαὸς
1395 3763 1553 3818 αὑτοῦ
1582 3766 1815 3834 γεγόνοιο
1835 3765 1950 3835 (sic)

421 3859 490 3910 τὰ
536 3855 768 3910 τοσαῦτα
813 3855 1109 3920 πεπονθώς.
1163 3853 1294 3910 Εἶτα
1325 3855 1418 3910 καὶ
1464 3855 1571 3908 τῶν
1617 3857 1675 3933 εν
1715 3855 1789 3925 τῷ
1842 3855 1953 3926 λαῷ

420 3946 825 4017 διαΜμψὰντων
868 3946 1031 3999 πάλαι
1062 3945 1319 4017 πρότερον
1356 3945 1520 4013 ἁγίων
1558 3943 1653 3997 τοῦ
1682 3943 1814 3998 Θεοῦ
1861 3944 1953 4016 μι-

426 4055 640 4108 μνηται,
682 4038 928 4107 δεόμενος
970 4037 1063 4090 καὶ⁴
1093 4035 1378 4090 ἀντιϐολῶν
1417 4036 1489 4105 μὴ
1532 4034 1638 4087 τῶν
1677 4035 1736 4086 ιν
1774 4034 1954 4097 αὐτοῖς

419 4128 632 4183 ἀσεϐῶν
665 4129 759 4182 καὶ⁵
791 4128 1134 4198 παρανόμων,
1179 4127 1349 4195 μόνων
1386 4125 1441 4178 δὲ
1465 4125 1570 4179 τῶν
1601 4125 1765 4192 ἁγίων
1792 4125 1953 4178 αὐτοῦ

426 4216 743 4288 μνησθῆναι,
776 4217 868 4268 καὶ
903 4216 970 4268 δι’
1003 4215 1194 4278 αὐτοὺς
1222 4215 1283 4267 τὸ
1314 4216 1418 4268 πᾶν
1443 4215 1756 4285 κατελεῆσαι
1787 4215 1951 4278 ἔθνος.

436 4305 720 4359 ’Δκόλουθα
748 4305 803 4357 δὲ
840 4305 1027 4366 αὐτοῖς
1058 4303 1330 4368 ποιοῦντες
1369 4307 1416 4359 oi
1453 4307 1631 4376 ὲχθροὶ
1668 4306 1760 4359 τοῦ
1800 4306 1953 4372 Θεοῦ,

424 4396 516 4449 τὸν
544 4394 670 4448 λαδν
711 4394 874 4447 αὐτοῦ
901 4393 1210 4464 πολεμοῦσι,
1246 4397 1545 4468 πανουργίᾳ
1573 4395 1835 4467 χρώμενοι
1865 4398 1956 4450 καὶ

425 4487 579 4557 δόλῳ,
613 4486 745 4558 πρὸς
774 4486 834 4539 τὸ
860 4485 1178 4539 καταϐαλεῖν
1214 4486 1374 4538 αὑτὸν
1401 4489 1493 4540 καὶ
1530 4489 1829 4558 ἀποστῆσαι
1859 4489 1956 4558 τῆς

425 4575 519 4631 τοῦ
568 4576 700 4631 Θεοῦ
728 4575 1018 4638 εὐσεϐείας.
1051 4576 1140 4627 Διὸ
1175 4575 1443 4628 λέλεκται·
1491 4578 1612 4630 Ἐπὶ
1655 4579 1761 4632 τὸν
1808 4581 1957 4633 λαόν

425 4683 542 4721 σου
584 4667 1238 4736 κατεπανουργεύσαντο
1270 4666 1522 4735 γνώμην,
1564 4668 1659 4721 καὶ
1689 4669 1958 4723 ἐϐουλεύ-
1986 4648 2029 4703 ί)

426 4773 612 4812 σαντο
640 4760 785 4812 κατὰ
810 4757 925 4812 τῶν
950 4758 1129 4825 ἁγίων
1151 4771 1284 4811 σου.
1308 4756 1524 4826 Μεμελη
1534 4757 1702 4825 μένως
1736 4757 1843 4826 γὰρ
1867 4757 1958 4810 καὶ

428 4849 892 4918 πεφροντισμένως
929 4829 1169 4918 μηχανάς
1199 4865 1345 4910 τινας
1391 4845 1646 4918 κρυφίους
1689 4847 1826 4900 κατὰ
1861 4847 1955 4900 τοῦ

427 4936 554 5000 λαοῦ
585 4935 677 4989 τοῦ
705 4936 836 4990 Θεοῦ
866 4936 1170 4998 καττύουσι,
1202 4937 1340 4990 κατὰ
1375 4953 1432 4990 τε
1469 4935 1574 4989 τῶν
1603 4936 1770 5004 ἁγίων
1795 4936 1956 4990 αὐτοῦ

426 5023 713 5088 ἐπιϐουλὰς
759 5025 1260 5089 κατασκευάζονται,
1305 5026 1370 5078 δι’
1416 5026 1508 5078 ἕνα
1556 5026 1751 5078 σκοπὸν
1791 5027 1850 5079 ὃν
1897 5029 1958 5082 ὲν

428 5114 636 5174 ἑαυτοῖς
669 5113 983 5182 προθέμενοι
1009 5129 1158 5180 φασι·
1191 5113 1383 5178 Δεῦτε,
1417 5111 1957 5178 καὶέξολοθρεύσω-

422 5218 536 5272 μεν
554 5201 769 5268 αὐτοὺς
791 5201 857 5266 ἐξ
880 5204 1107 5268 ἔθνους,
1123 5190 1222 5259 ’καὶ
1243 5206 1312 5256 οὺ
1332 5203 1415 5270 μὴ
1435 5199 1673 5270 μνησθῇ
1690 5201 1756 5253 τὸ
1777 5199 1957 5270 ὄνομα

426 5293 531 5346 τοῦ
570 5291 799 5359 Ἰσραὴλ
823 5291 926 5345 ἔτι.
956 5295 1023 5346 Οἱ
1057 5295 1154 5364 μὲν
1187 5291 1283 5348 οῦν
1306 5294 1554 5364 θεομάχοι
1593 5293 1653 5346 οὐ
1688 5292 1955 5361 βούλονται

429 5384 488 5434 ὲν
529 5378 828 5450 ἀνθρώποις
867 5379 1016 5443 ῐθνος
1044 5382 1176 5436 Θεοῦ
1227 5383 1542 5450 ὑφεστάναι·
1593 5380 1724 5434 ἁλλὰ
1765 5379 1857 5433 καὶ⁸
1897 5383 1957 5434 τὸ

427 5474 596 5550 ϐνομα
612 5471 705 5525 τοῦ
740 5471 950 5543 Ἰσραὴλ
976 5470 1351 5543 ἐξαλειφθῆναι
1386 5472 1783 5537 σπουδάζουσιν.
1814 5472 1871 5524 Ὀ
1901 5471 1958 5525 δὲ

429 5562 579 5629 Θέος,
612 5562 697 5616 ἀεὶ
722 5561 868 5624 ἔθνος
896 5563 1068 5632 ἑαυτῷ
1091 5564 1181 5615 ἐπὶ
1207 5563 1304 5634 γῆς
1324 5564 1672 5635 καταρτίζων,
1703 5561 1834 5632 μετὰ
1861 5561 1959 5631 τὴν

429 5651 523 5705 τοῦ
554 5652 812 5724 προτέρου
834 5652 958 5705 λαοῦ
983 5654 1180 5706 πτῶσιν
1207 5655 1301 5725 τὴν
1328 5653 1386 5718 ἐξ
1417 5654 1582 5707 ἐθνῶν
1606 5652 1960 5721 συνεστήσατο

510 5805 553 5837 ⁸³
588 5805 724 5862 I’sal.
766 5824 906 5870 τινι,
940 5811 991 5861 t5.

2036 3406 2344 3467 consilium,
2394 3412 2443 3456 et
2491 3403 2838 3471 cogitaverunt
2890 3399 3132 3454 adversus
3184 3409 3389 3454 sanctos
3439 3408 3575 3453 tuos.

2050 3499 2305 3553 Dixerunt
2328 3510 2347 3550 :
2371 3495 2546 3549 Venite
2565 3501 2613 3547 et
2640 3491 2996 3560 disperdamus
3016 3507 3100 3544 eos
3131 3489 3194 3542 de
3213 3499 3376 3558 gente,
3405 3497 3581 3542 etnon

2049 3597 2360 3643 memoratur
2380 3600 2563 3638 nomen
2592 3582 2761 3638 Israel
2784 3584 2945 3634 ultra.
2981 3579 3144 3634 Deum
3171 3579 3418 3632 obsecrat
3444 3571 3581 3640 Pro-

2049 3680 2206 3749 pheta
2237 3678 2290 3732 in
2317 3675 2522 3746 Spiritu
2547 3680 2753 3736 sancto,
2777 3685 3000 3725 monens
3027 3683 3170 3735 eum,
3201 3669 3292 3738 qui
3321 3667 3449 3720 talia
3479 3681 3577 3736 pa-

2050 3771 2201 3832 titur,
2237 3767 2490 3837 populum
2528 3760 2648 3835 ejus
2698 3777 2837 3817 esse.
2866 3759 2978 3814 Sub
3010 3759 3122 3814 haec
3167 3767 3343 3812 autem
3370 3771 3575 3821 eorum,

2048 3861 2141 3929 qui
2168 3859 2223 3911 in
2255 3856 2450 3926 populo
2475 3854 2584 3923 jam
2611 3853 2736 3906 olim
2779 3850 3054 3918 conspicui
3085 3848 3321 3910 fuerunt,
3359 3852 3577 3899 sancto-

2049 3964 2169 4003 rum
2200 3946 2293 4000 Dei
2324 3944 2587 4007 meminit,
2629 3942 2937 4011 supplicans
2966 3940 3383 4003 obsecransque,
3424 3940 3484 3987 ut
3511 3948 3580 3987 ne

2052 4038 2336 4108 impiorum
2373 4034 2860 4099 sceleratorumque
2898 4029 2953 4082 in
2982 4027 3199 4097 populo,
3239 4025 3335 4080 sed
3362 4032 3581 4080 sancto-

2051 4144 2169 4184 rum
2210 4140 2428 4183 suorum
2476 4121 2827 4178 recordetur:
2856 4132 3149 4187 eorumque
3195 4115 3368 4186 gratia
3411 4121 3579 4168 totam

2051 4225 2256 4288 gentem
2278 4211 2646 4268 misericordia
2667 4209 2845 4263 donet.
2878 4206 3063 4260 Aliinia
3091 4212 3266 4258 autem
3297 4203 3581 4272 impiorum

2052 4306 2218 4380 gestis
2263 4310 2631 4375 perpetrantes
2660 4299 2862 4354 inimici
2898 4297 3012 4360 Dei,
3048 4296 3300 4366 populum
3345 4294 3463 4361 ejus
3490 4306 3582 4360 0p-

2053 4405 2314 4469 pugnant,
2357 4395 2591 4450 versutia
2623 4400 2834 4446 utentes
2873 4397 2927 4444 et
2968 4389 3112 4452 dolo,
3143 4393 3200 4440 ut
3237 4387 3408 4453 ipsum
3445 4382 3583 4451 deji-

2053 4490 2197 4543 ciant
2230 4494 2283 4542 et
2328 4500 2361 4539 a
2403 4485 2606 4555 pietate
2645 4493 2770 4550 erga
2813 4479 2976 4532 Deum
3030 4480 3287 4529 avertant.
3318 4471 3583 4544 Quocirca

2055 4579 2256 4631 dictum
2310 4582 2394 4630 est
2423 4593 2438 4628 :
2464 4572 2627 4641 Super
2675 4568 2918 4638 populum
2972 4573 3114 4618 tuum
3172 4561 3583 4629 malignaveruns

2057 4666 2350 4730 consilium,
2392 4672 2441 4716 et
2494 4663 2844 4730 cogitaverunt
2892 4655 3134 4708 adversus
3185 4658 3392 4704 sanctos
3441 4657 3578 4701 tuos.

2059 4750 2296 4805 Meditati
2323 4747 2465 4802 enim
2493 4761 2614 4800 cum
2657 4741 3016 4799 sollicitudine
3040 4738 3303 4808 quasdam.
3340 4735 3585 4791 occultas

2058 4839 2332 4895 machinas
2359 4845 2546 4890 contra
2573 4834 2822 4903 populum
2856 4830 3270 4891 Dei-instruunt,
3294 4837 3347 4882 et
3378 4824 3584 4880 sanctis

2057 4931 2174 5000 ejus
2199 4927 2424 4982 insidias
2465 4932 2674 4995 parant,
2706 4937 2789 4987 ac,
2818 4920 2887 4976 ob
2912 4935 3076 4974 unum
3103 4932 3260 4988 quem
3307 4917 3363 4970 in
3402 4913 3583 4967 animo

2059 5024 2359 5090 proponunt
2404 5029 2648 5084 scopum,
2697 5013 2847 5067 aiunt
2881 5029 2894 5064 :
2939 5010 3110 5064 Venite
3145 5015 3193 5062 et
3218 5003 3581 5074 disperdamus

2059 5127 2143 5166 eos
2171 5111 2234 5163 de
2271 5117 2435 5178 gente,
2473 5117 2519 5160 et
2550 5096 2654 5162 non
2685 5113 2992 5159 memoretur
3013 5117 3196 5154 nomen
3222 5096 3390 5152 Israel
3413 5093 3579 5148 ultra.

2060 5200 2264 5256 Inimici
2298 5200 2479 5268 itaque
2507 5198 2600 5253 Dei
2640 5196 2891 5267 populum
2919 5192 3012 5247 Dei
3041 5192 3096 5245 in
3126 5187 3429 5244 hominibus
3447 5199 3580 5238 con-

2060 5295 2249 5349 sistere
2301 5291 2490 5344 nolunt
2526 5308 2540 5344 :
2577 5289 2706 5358 quin
2731 5288 2890 5341 etiam
2918 5283 3131 5339 Israelis
3167 5294 3360 5334 nomen
3403 5277 3584 5332 delere

2060 5388 2328 5453 satagunt.
2361 5380 2502 5436 Deus
2524 5394 2652 5435 vero
2675 5385 2797 5449 post
2825 5376 3021 5446 prioris
3047 5371 3228 5444 populi
3255 5369 3466 5423 ruinam
3487 5381 3582 5436 po-

2057 5475 2241 5546 pulum
2289 5471 2391 5527 sibi
2431 5485 2640 5542 semper
2672 5470 2729 5524 in
2774 5476 2914 5523 terra
2958 5479 3173 5536 parans,
3222 5475 3288 5515 ex
3333 5458 3581 5530 gentibus

2058 5559 2349 5616 Ecclesiam
2384 5556 2687 5619 constituit,
2732 5566 2922 5609 novam
2953 5564 3314 5622 nuperamque
3345 5552 3580 5617 gentem,

2060 5668 2124 5708 ex
2163 5647 2409 5721 gentibus
2438 5661 2533 5717 per
2562 5653 2732 5700 totum
2763 5643 2946 5698 orbem
2984 5642 3253 5714 selectam.
3285 5636 3492 5692 Idcirco
3525 5637 3584 5688 et
