4406 6426
861 514 963 570 395
1521 510 1787 568 EUSEBII
1819 507 2290 565 CASSARIENSIS
2326 508 2473 565 OPP.
2516 507 2712 566 PARS.
2753 509 2924 566 lll.-—
2959 473 3357 570 EXEGLTICA.
3953 516 4063 571 996

861 632 1077 688 lsraelis
1117 647 1336 696 nomen,
1375 639 1430 686 et
1458 632 1705 686 omnium
1743 630 2121 701 religiosorum
2162 631 2405 683 virorum
2434 631 2478 687 Δ
2516 628 2601 681 Ἐκ

2373 645 2405 682 n
2434 631 2478 687 Α
2516 628 2856 700 Ἐκκλησίαν,
2899 631 2992 684 καὶ⁵
3026 631 3088 684 τὸ
3129 633 3310 685 καινὸν
3339 633 3432 686 καὶ
3476 633 3595 686 νέον
3638 632 3808 698 ἔθνος,
3843 632 3904 687 τὸ
3932 634 4058 687 καθ’
4111 681 4113 684 ,

860 724 1119 776 memoria
1160 723 1331 792 magis
1374 723 1655 793 magisque
1688 723 2010 788 celebratur,
2049 730 2103 780 et
2149 722 2250 790 piae
2277 721 2405 775 reli-
2510 723 2600 794 ὅλη

2319 721 2405 775 ali-
2510 723 2635 794 ὅλης
2665 724 2762 794 τῆς
2789 723 3195 794 οὶκουμένηςέκ
3221 724 3318 794 τῆς
3343 724 3446 776 τῶν
3480 724 3643 777 ἐθνῶν
3674 724 3902 795 ἐκλογῆς
3926 726 4059 778 ὐπο-

859 813 1035 881 gionis
1061 821 1210 880 gesta
1242 814 1607 882 resplendent.
2514 813 2599 866 στΔ

2514 813 2660 866 στάν.
2707 813 2797 866 Διὸ
2843 814 3100 883 μειζόνως
3140 815 3232 879 καὶ
3275 814 3538 884 τὺοδνομα
3569 813 3661 867 τοῦ
3701 815 3936 886 Ἰσραὴλ,
3965 817 4056 869 καὶ

859 903 1071 956 πάντων
1102 902 1208 955 τῶν
1237 903 1494 974 θεοφιλῶν
1519 902 1726 975 ἀνδρῶν
1766 905 1799 973 ἡ
1843 904 2029 974 μνήμη
2071 902 2410 972 ἀνυμνεῖται,
2434 901 2502 952 τά
2530 919 2588 955 τε
2611 901 2711 972 τῆς
2743 902 3049 966 θεοσεϐείας
3076 901 3470 974 κατορθώματα
3491 902 3800 973 διαλάμπει.

922 1013 1087 1069 Vsus.
1121 1015 1174 1079 6,
1207 1017 1258 1078 8,
1287 1016 1337 1070 9.
1381 1015 1642 1081 Quoniam
1685 1015 2043 1084 cogitaverunt
2083 1014 2403 1067 unanimiter
2577 1013 2662 1066 '01

2308 1014 2403 1067 iter
2577 1013 2693 1066 Ὀτι
2737 1014 3171 1067 ἐϐουλεύσαντο
3220 1013 3288 1065 ἐν
3333 1014 3574 1082 ὁμονοίᾳ
3622 1012 3720 1066 ἐπὶ
3768 1013 3836 1066 τὸ
3876 1016 4048 1069 αὐτό·

854 1105 1011 1158 simul
1036 1121 1053 1157 :
1081 1106 1354 1160 adversum
1385 1115 1433 1160 te
1455 1116 1819 1160 testamentum
1843 1106 2208 1173 disposuerunt
2232 1105 2403 1158 taber-
2506 1120 2594 1158 και

2315 1121 2403 1158 ἐν·
2506 1105 2652 1158 κατὰ
2695 1103 2811 1157 σοῦ
2841 1103 3127 1172 διαθήκην
3153 1105 3412 1160 διέθεντο
3444 1103 3515 1158 τὰ
3542 1104 3899 1173 σκηνώματα
3939 1106 4055 1160 τῶν

852 1197 1046 1249 uacula
1074 1195 1454 1261 Idumaearum,
1484 1208 1532 1252 et
1558 1198 1867 1259 Ismaelitae,
1901 1195 2058 1250 Moab
2083 1205 2132 1251 et
2153 1197 2400 1267 Agareni,
2516 1194 2592 1247 ἰδ

2314 1197 2400 1259 mi,
2516 1194 2875 1265 Ἰδουμαίων,
2925 1196 3021 1248 καὶ
3057 1199 3111 1250 οι
3169 1196 3549 1266 Ἰσμαηλῒται,
3608 1196 3786 1250 Μωὰϐ
3836 1196 3935 1249 καὶ
3998 1198 4054 1251 al

852 1287 1018 1340 Cebal
1053 1297 1106 1340 et
1144 1291 1366 1341 Ammon
1403 1298 1451 1342 et
1486 1290 1719 1352 Amalec,
1756 1289 2059 1359 alienigena:
2102 1305 2218 1341 cum
2250 1288 2402 1340 habi—
2514 1286 2592 1355 'A‘]

2313 1288 2402 1340 :bi—
2514 1286 2830 1355 Ἆγαρηνοὶ,
2859 1287 3054 1342 Γεϐὰλ
3102 1288 3200 1342 καὶ
3240 1288 3461 1359 Ἀμμὼν
3494 1289 3592 1342 καὶ
3635 1289 3907 1358 Ἀμαλὴκ,
3947 1291 4053 1344 ἁλ-

851 1380 1082 1432 tantibus
1116 1379 1330 1448 Tyrum.
1368 1383 1572 1434 Etenim
1613 1383 1781 1435 Assur
1812 1383 1945 1436 venit
1974 1398 2089 1434 cum
2114 1382 2246 1443 illis,
2275 1380 2404 1448 facti
2500 1379 2591 1446 .165

2316 1382 2404 1433 ιειὶ
2500 1379 2757 1446 Mysum
2782 1379 2928 1447 μετὰ
2959 1377 3075 1433 τῶν
3103 1380 3532 1434 κατοικούντων
3572 1381 3771 1447 Τύρον.
3809 1381 3919 1433 Kal
3945 1382 4056 1449 γὰρ

850 1476 974 1520 sunt
1024 1469 1079 1520 in
1123 1467 1450 1536 adjutarium
1500 1469 1626 1538 ﬁliis
1675 1469 1794 1523 Lat.
1850 1469 2178 1537 Diapsalma.
2238 1469 2402 1534 Quasi
2500 1469 2590 1522 καί

2315 1470 2402 1524 :asi
2500 1469 2599 1522 καὶ
2645 1469 2891 1537 Ἆσσοὺρ
2929 1458 3425 1539 συμπαρέτένετο
3441 1472 3565 1539 μετ’
3609 1469 3823 1534 αὐτῶν,
3851 1470 4055 1539 ὲγενή·

851 1555 1020 1611 Deum
1051 1560 1295 1615 excitans
1323 1560 1648 1632 irritansque
1680 1560 1948 1631 Propheta
1981 1563 2033 1615 in
2067 1576 2163 1616 sua
2187 1575 2281 1630 pro
2309 1575 2400 1630 po-
2502 1565 2591 1626 θη(

2312 1575 2400 1630 po-
2502 1565 2697 1626 θησαν
2725 1561 2812 1626 είς
2851 1560 3176 1628 ἀντίληψιν
3199 1558 3320 1624 τοῖς
3351 1559 3500 1624 υἱοῖς
3540 1558 3687 1612 Λώτ.
3723 1557 4052 1626 Διάψαλμα.

847 1650 974 1727 pale
1004 1652 1394 1726 supplicatione
1420 1655 1514 1722 ait,
1543 1653 1814 1711 adversum
1841 1663 1907 1709 te.
1942 1653 2059 1708 Non
2092 1654 2233 1708 enim
2254 1662 2398 1707 'con-
2503 1653 2587 1704 ’Ὧς

2315 1668 2398 1706 )n-
2503 1653 2708 1722 ’Ὠσπερ
2738 1652 3014 1723 διεγείρων
3050 1652 3141 1704 καὶ
3171 1649 3480 1721 παροξύνων
3505 1650 3594 1702 τὸν
3621 1650 3749 1703 Θεὸν
3779 1652 3807 1702 ὁ
3840 1650 4055 1720 Προφή-

848 1761 931 1804 tra
962 1752 1240 1824 populum,
1278 1749 1471 1819 inquit,
1501 1749 1593 1805 sed
1626 1748 1912 1802 adversum
1944 1753 2019 1810 te,
2050 1752 2103 1800 et
2138 1745 2397 1800 adversus
2498 1758 2588 1810 της

2311 1758 2397 1800 sus
2498 1758 2596 1810 της
2624 1742 2682 1792 ἐν
2725 1744 2790 1810 τῇ
2834 1740 3077 1811 ἱκετηρία
3118 1743 3183 1811 τῇ
3229 1741 3366 1811 ὑπὲρ
3412 1739 3504 1792 τοῦ
3553 1738 3680 1794 λαοῦ
3729 1740 3925 1808 φάσκει
3969 1740 4051 1803 τὸ,

846 1851 1227 1896 testamentum
1269 1851 1418 1895 tuum
1449 1840 1658 1894 inimici
1683 1839 1864 1909 populi
1887 1837 1965 1891 tui
1993 1837 2393 1890 machinantur.
2500 1849 2586 1884 και

2313 1850 2393 1889 ur.
2500 1833 2647 1885 κατὰ
2666 1831 2800 1885 σοῦ.
2839 1833 2911 1884 Οὐ
2945 1833 3052 1902 γὰρ
3084 1832 3221 1884 κατά
3249 1829 3340 1883 τοῦ
3361 1830 3510 1896 λαοῦ,
3547 1831 3727 1900 φησὶν,
3751 1830 3885 1884 ἀλλὰ
3915 1831 4053 1883 κατὰ

847 1932 982 1986 Hinc
1016 1941 1199 1986 narrat
1227 1948 1347 2002 qua:
1388 1933 1441 1985 in
1474 1932 1821 2002 Assyriorum
1865 1929 2162 1997 irruptione
2206 1933 2392 1989 contra
2477 1923 2587 1975 σοῦ

2312 1933 2392 1989 tra
2477 1923 2592 1975 σοῦ
2631 1925 2723 1976 καὶ
2754 1925 2891 1977 κατὰ
2927 1926 3021 1996 τῆς
3057 1926 3154 1993 σῆς
3180 1924 3436 1995 διαθήκης
3465 1923 3855 1994 τετολμήκασιν
3881 1924 3927 1974 οἱ
3960 1918 4052 1974 τοῦ

841 2023 1128 2078 Iudaicum
1157 2024 1414 2093 populum
1443 2030 1597 2093 gesta
1627 2029 1775 2077 sunt.
1813 2020 1878 2072 Et
1906 2020 2019 2075 haec
2044 2019 2391 2082 vaticinatur,
2429 2032 2471 2090 Β
2498 2013 2581 2065 λαε

2313 2032 2391 2082 ur,
2429 2032 2471 2090 Β
2498 2013 2623 2065 λαοῦ
2641 2032 2732 2067 σου
2750 2015 3010 2086 πολέμιοι.
3036 2012 3146 2068 Εἶθ’
3176 2015 3301 2086 ἑξῆς
3325 2016 3650 2088 διεξέρχεται
3681 2017 3749 2070 τὰ
3770 2021 3827 2071 ἐν
3850 2020 3915 2087 τῇ
3941 2015 4053 2069 τῶν

844 2112 1134 2186 postquam
1179 2117 1378 2185 quibus
1418 2114 1486 2170 de
1535 2113 1723 2168 causis
1769 2113 2018 2167 hostibus
2063 2110 2249 2164 traditi
2291 2110 2397 2164 sint
2511 2104 2584 2157 Ἀς

2311 2110 2397 2163 νίηῑ
2511 2104 2802 2175 Ἀσσυρίων
2825 2106 3066 2160 ἐπιθέσει
3087 2107 3226 2160 κατὰ
3241 2108 3504 2162 Ἰουδαίων
3521 2107 3705 2171 ἔθνους
3723 2107 4051 2179 πραχθέντα.

842 2213 1212 2260 enarraverat.
1252 2203 1388 2258 Nam
1420 2205 1478 2258 in
1524 2202 1846 2274 praecedenti
1877 2203 2086 2272 psalmo
2129 2201 2397 2271 principes
2496 2196 2582 2248 Κα

2313 2217 2397 2271 pes
2496 2196 2604 2248 Kal
2648 2196 2819 2249 ταῦτα
2868 2197 3108 2263 θεσπίζει
3158 2198 3479 2270 προδιελθὼν
3502 2200 3600 2261 τὰς
3648 2200 3843 2264 αἰτίας,
3879 2201 3945 2252 δι’
3984 2199 4053 2264 ἃς

842 2297 1028 2366 populi
1076 2297 1406 2366 coarguebat
1452 2295 1680 2350 dicens:
1710 2292 1982 2364 Usquequa
2006 2294 2263 2363 judicatis
2303 2294 2398 2347 ini-
2495 2288 2582 2338 τοῦ

2311 2294 2398 2347 ἰπὶ.
2495 2288 2604 2348 τοῖς
2647 2288 2925 2358 πολεμίοις
2963 2289 3350 2360 παρεδόθησαν.
3389 2290 3474 2343 Ἐν
3525 2290 3622 2361 μὲν
3663 2291 3770 2361 γὰρ
3819 2291 3898 2361 τῷ
3946 2290 4051 2362 πρὸ

842 2389 1131 2456 quitatem:
1171 2402 1235 2439 ac
1281 2400 1521 2447 rursum,
1568 2385 1900 2452 Nescierunt,
1928 2402 2087 2456 neque
2129 2385 2397 2439 intellexe-
2494 2377 2582 2430 τού

2313 2401 2397 2439 τε..
2494 2377 2679 2431 τούτου
2695 2379 2904 2450 ,ψαλμῷ
2928 2381 3052 2444 τοὺς
3077 2381 3336 2450 ἄρχοντας
3363 2381 3638 2451 ἀπήλεγχε
3670 2380 3763 2434 τοῦ
3788 2380 3914 2434 λαοῦ
3947 2382 4053 2451 φή⁶

843 2487 987 2543 runt,
1017 2481 1071 2530 in
1104 2477 1323 2532 tenebris
1352 2476 1641 2530 ambulant.
1681 2475 1739 2530 In
1776 2476 2040 2547 superiori
2073 2491 2202 2532 vero
2229 2484 2395 2530 totam
2496 2487 2583 2534 σας

2305 2493 2395 2530 ηεω
2496 2487 2622 2534 σας·
2662 2470 2807 2536 Ἕως
2831 2472 2973 2524 πότε
3007 2471 3235 2538 κρίνετε
3271 2471 3540 2536 ἁδικίαν;
3570 2473 3664 2526 καὶ
3699 2472 3888 2526 πάλιν·
3927 2474 4045 2527 οὐκ

841 2577 1056 2640 gentem
1100 2570 1391 2624 accusabat
1432 2571 1661 2626 dicens:
1693 2569 1758 2624 Et
1802 2588 1905 2624 non
1939 2572 2136 2625 audivit
2177 2573 2394 2641 papulas
2494 2561 2581 2631 ἔτι

2304 2573 2394 2625 ειιιε
2494 2561 2783 2631 ἔγνωσαν,
2815 2562 2955 2617 οὐδὲ
2991 2562 3288 2632 συνῆκαν,
3318 2564 3388 2617 ἐν
3426 2565 3627 2618 σκότει
3668 2563 4044 2631 διαπορεύον-

843 2676 987 2714 meus
1010 2677 1178 2715 vocem
1211 2678 1400 2725 meam,
1434 2670 1482 2716 et
1506 2660 1679 2718 Israel
1705 2680 1809 2717 non
1839 2663 2064 2718 intendit
2093 2664 2240 2720 mihi.
2286 2663 2393 2718 Sed
2493 2672 2583 2708 ται

2307 2663 2393 2718 sed
2493 2672 2606 2708 ται.
2649 2656 2736 2708 Ἐν
2767 2655 2823 2709 δέ
2852 2653 2931 2726 τῷ
2962 2656 3216 2727 ἀνωτέρω
3245 2656 3305 2709 τὸ
3347 2657 3453 2710 πᾶν
3479 2656 3748 2711 διέϐαλλεν
3785 2657 3934 2721 ἔθνος
3971 2659 4047 2711 εί-

840 2751 1005 2806 etiam
1035 2752 1088 2805 in
1120 2766 1303 2805 uva
1340 2750 1639 2807 facinorum
1667 2753 1906 2823 ipsorum
1937 2754 2155 2825 longum
2187 2754 2391 2810 catalo—
2493 2745 2578 2799 πώ

2310 2754 2391 2810 ιο-
2493 2745 2646 2799 πών-
2678 2746 2788 2800 Kal
2827 2747 2940 2800 οὐκ
2979 2747 3245 2816 ἤκουσεν
3290 2750 3322 2801 ό
3371 2749 3518 2813 λαός
3557 2765 3678 2817 μου
3716 2748 3823 2816 τῆς
3850 2747 4049 2819 φωνῆς

839 2856 964 2912 gum
996 2842 1185 2896 texuit.
1215 2839 1623 2911 Consequenter
1653 2842 1818 2912 igitur
1847 2858 1967 2913 quae
1994 2843 2252 2898 diuturno
2273 2850 2395 2913 post
2487 2855 2579 2906 μοτ

2305 2850 2395 2898 ost
2487 2855 2626 2906 μου,
2660 2838 2758 2891 καὶ
2807 2836 3040 2906 Ἰσραὴλ
3084 2839 3154 2891 οὐ
3181 2836 3484 2908 προσέσχε
3523 2855 3642 2907 μοι.
3685 2838 3842 2893 Ἀλλὰ
3874 2840 3966 2893 καὶ
3990 2840 4045 2892 ἐν

839 2945 1085 3004 tempore
1129 2934 1261 3004 ipsis
1307 2935 1656 3005 contigerunt
1688 2936 1758 2990 oh
1792 2937 1984 2991 allatas
2021 2951 2216 2990 causas
2255 2935 2394 2989 vati-
2492 2928 2568 2998 τῷ

2305 2935 2394 2988 ιιὶ-
2492 2928 2568 2998 τῷ
2595 2927 2900 3001 οξμακρὸν
2920 2929 3214 2998 κατάλογον
3235 2928 3343 2982 τῶν
3367 2919 3844 3002 παρανομημάτων
3873 2929 4045 2985 αὐτῶν

837 3027 1073 3082 cinatur.
1141 3025 1253 3082 Illic
1315 3034 1496 3081 autem
1556 3029 1722 3083 variis
1788 3029 2123 3098 temporibus
2183 3027 2392 3083 obsessi
2490 3018 2577 3070 διελ

2305 3027 2392 3083 ,δεῖ
2490 3017 2779 3088 διεξῆλθεν.
2820 3019 3145 3083 ’Δκολούθως
3188 3013 3280 3072 οὖν
3327 3019 3413 3072 τὰ.
3443 3018 3821 3089 συμϐεϐηκότα
3865 3021 4045 3084 αὐτοῖς

838 3119 1255 3188 sunt,.primum
1307 3132 1336 3171 a
1370 3116 1718 3187 Babyloniis;
1756 3119 1996 3173 secundo
2029 3119 2098 3173 ab
2126 3117 2393 3172 Antiocho
2495 3127 2578 3182 ματ

2303 3117 2393 3171 31m
2495 3111 2718 3183 μακροῖς
2749 3108 2970 3180 ὕστερον
2997 3102 3206 3181 χρόνοις
3229 3109 3317 3164 διὰ
3340 3109 3436 3172 τὰς
3468 3110 3849 3181 προλεχθείσας
3871 3112 4043 3175 αἰτίας

831 3225 964 3279 rege
1017 3208 1216 3279 Syriae;
1279 3216 1556 3279 postremo
1620 3224 1652 3263 a
1712 3209 1973 3265 Romanis
2033 3216 2156 3278 post
2214 3216 2394 3280 patra-
2492 3219 2571 3274 πρι

2308 3223 2394 3262 ra-
2492 3200 2835 3274 προφητεύει.
2867 3202 2973 3254 Καὶ
2998 3203 3111 3254 ἐκεῖ
3148 3202 3287 3255 κατὰ
3313 3202 3601 3271 διαφόρους
3618 3199 3850 3272 ’χρόνους
3876 3221 4043 3256 πεπο-

837 3307 954 3354 tum
1003 3301 1057 3354 in
1115 3298 1454 3356 Servatorem
1511 3308 1759 3357 nostrum
1821 3302 2020 3357 scelus.
2079 3298 2390 3370 Opportune
2422 3363 2456 3370 _
2491 3293 2577 3364 λιό1

2303 3315 2390 3353 ine
2422 3363 2456 3370 _
2491 3293 2829 3364 λιόρκηνται·
2878 3292 3136 3364 πρότερον
3180 3293 3276 3363 μὲν
3319 3293 3423 3345 ὑπὸ
3461 3291 3835 3359 Βαϐυλωνίων,
3869 3293 4043 3347 δεύτε-

781 3452 790 3465 ,
837 3405 904 3444 ex
936 3386 1169 3458 Spiritus
1206 3391 1564 3459 pmscientia'
1588 3398 1700 3446 tres
1727 3390 1847 3447 illas
1891 3363 2205 3446 obsidiones
2243 3391 2382 3444 idem
2414 3363 2458 3422 ε
2495 3405 2521 3457 ρ

2304 3406 2382 3444 em
2414 3363 2458 3422 δ
2495 3363 2583 3457 ρον
2608 3387 2664 3440 δὲ
2701 3387 2790 3438 ὑπ’
2829 3363 3094 3455 Ἀντιόχου
3139 3383 3233 3437 τοῦ
3267 3386 3364 3455 τῆς
3404 3384 3599 3454 Συρίας
3633 3383 3916 3454 βασιλέως,
3953 3384 4044 3437 ναὶ

841 3479 1100 3549 propheta
1137 3481 1511 3548 praanuntiat:
1555 3494 1681 3534 nam
1739 3480 1794 3534 in
1850 3494 2000 3533 Luu
2056 3486 2384 3547 postremam
2489 3479 2548 3532 τὸ

2305 3494 2384 3533 am
2489 3479 2548 3532 τὸ
2597 3480 2809 3533 πάντων
2860 3477 3084 3531 ὕστατον
3118 3477 3221 3530 ὑπὸ
3259 3477 3540 3547 Ῥωμαίων
3595 3477 3730 3548 μετὰ
3771 3477 3869 3549 τὴν
3908 3477 4045 3531 κατὰ

838 3569 1142 3639 signiﬁcat,
1195 3579 1254 3624 ut
1294 3572 1526 3640 prapriis
1559 3570 1614 3623 in
1657 3569 1791 3625 locis
1841 3567 2280 3632 declaravimus;
2324 3567 2381 3620 in
2466 3560 2578 3630 ’τοῦ

2324 3567 2381 3620 in
2466 3560 2580 3630 tot?
2629 3569 2878 3640 Σωτῆρος
2908 3566 3067 3639 ἡμῶν
3103 3567 3325 3638 τόλμαν.
3361 3566 3597 3636 Εἰκότως
3641 3570 3705 3638 τῇ
3744 3566 4043 3638 προγνώσει

835 3674 1039 3714 unm
1069 3700 1083 3725 ,
1128 3675 1245 3715 eam
1291 3676 1413 3729 quae
1455 3661 1556 3715 sub
1607 3656 1876 3713 Antiocho
1936 3656 2084 3728 Syro.
2123 3657 2381 3729 contigit,
2486 3660 2575 3714 τοῦ

2301 3659 2381 3722 it,
2486 3660 2578 3714 τοῦ
2629 3659 2941 3730 Πνεύματος
2990 3657 3088 3722 τὰς
3139 3660 3284 3730 τρεῖς
3322 3657 3523 3721 ταύτας
3565 3658 3594 3709 ό
3639 3657 3798 3720 αὐτὸς
3829 3657 4041 3730 προφή-

836 3751 918 3805 υιί
947 3756 1430 3804 commonstratum
1447 3757 1530 3804 est
1550 3767 1566 3815 ;
1590 3748 1645 3802 in
1667 3747 1916 3817 praesenti
1951 3754 2127 3807 autem
2154 3749 2383 3818 primam
2485 3767 2576 3822 της

2303 3763 2383 3804 am
2485 3767 2584 3822 της
2631 3751 3008 3822 προαναφωνεῖ
3050 3748 3393 3821 πολιορκίας·
3444 3750 3500 3801 ἐν
3555 3749 3653 3820 μὲν
3702 3748 3780 3820 τῷ
3824 3756 3903 3818 of
3948 3747 4043 3818 τὴν

838 3838 1118 3898 meminit,
1145 3837 1354 3892 scilicet
1383 3838 1728 3908 Assyriorum
1750 3877 1766 3902 ,
1802 3852 1962 3907 quam
2011 3839 2172 3892 etiam
2216 3851 2382 3893 Lnix
2488 3832 2578 3895 ὗστ

2305 3855 2382 3893 ιιι
2488 3832 2722 3912 (ἑστάτην
2773 3841 3069 3912 σημαίνων,
3129 3841 3202 3903 ὡς
3245 3840 3386 3894 κατὰ
3411 3840 3537 3904 τοὺς
3586 3841 3820 3904 οἰκείους
3849 3841 4045 3903 τόπους

835 3926 1166 3982 vaticinatus
1221 3936 1338 3992 est,
1393 3928 1564 3983 vineae
1614 3927 1921 3984 incendium
1969 3936 2024 3984 et
2074 3931 2382 4001 vastitatem
2487 3948 2575 4002 παι

2303 3947 2382 3986 em
2487 3931 2909 4002 παρεστήκαμεν
2932 3946 2946 3960 ο
2986 3930 3043 3981 ἐν
3070 3928 3224 3999 δέτῷ
3251 3936 3347 4000 οη’.
3369 3928 3466 4000 τὴν
3511 3931 3606 3982 ἐπὶ
3645 3931 3912 4000 Ἀντιόχου
3950 3929 4043 3983 τοῦ

834 4016 1170 4086 signiﬁcans.
1208 4017 1286 4072 Ex
1317 4018 1543 4096 historia
1588 4019 1752 4089 igitur
1781 4019 1951 4077 edisci
1982 4028 2210 4092 potest,
2253 4029 2385 4092 quot
2487 4021 2574 4093 Σύι

2304 4029 2385 4076 iot
2487 4021 2678 4093 Σύρου,
2724 4020 2906 4084 καθὼς
2953 4012 3360 4074 ἀποδέδεικται·
3389 4022 3448 4072 ἐν
3484 4019 3542 4072 δὲ
3568 4019 3647 4096 τῷ
3683 4011 3833 4089 μετὰ
3859 4024 4044 4091 χεῖρας

836 4114 1024 4178 gentes
1065 4107 1120 4160 in
1163 4094 1332 4162 unum
1360 4116 1548 4164 contra
1578 4108 1862 4165 Judaicum
1895 4112 2384 4181 pOpulumcoacta:
2485 4113 2576 4184 τῆς

2303 4119 2384 4165 δικ
2485 4113 2582 4184 τῆς
2615 4113 2834 4185 πρώτης
2878 4113 3166 4184 μέμνηται,
3216 4111 3357 4182 λέγω
3387 4111 3443 4164 δὲ
3475 4111 3573 4182 τῆς
3608 4094 3941 4184 ”’Δσσυρίων,
3976 4114 4043 4185 ἢν

829 4198 950 4256 sint
978 4197 1032 4251 in
1055 4198 1229 4266 prima
1256 4199 1600 4270 Assyriorum
1624 4201 1926 4272 irruptione
1944 4242 1959 4267 ,
1983 4218 2118 4273 quas
2145 4218 2382 4273 prasens
2486 4204 2569 4257 ml

2304 4218 2382 4257 :ns
2486 4204 2578 4257 καὶ
2604 4204 2632 4255 ό
2676 4203 2749 4256 σθ’
2800 4204 3072 4270 ἐθέσπισε,
3101 4204 3191 4257 τὸν
3240 4203 3565 4276 ἐμπρησμὸν
3599 4202 3695 4257 τοῦ
3725 4204 4044 4275 ἀμπελῶνος

839 4289 1123 4357 praphetia
1148 4299 1394 4345 recenset
1419 4308 1432 4344 :
1457 4307 1576 4360 qua:
1602 4293 1808 4361 primos
1830 4302 2078 4349 numerat
2099 4293 2380 4360 ldumaos,
2487 4294 2579 4347 καὶ

2303 4309 2380 4360 os,
2487 4294 2579 4347 καὶ
2597 4293 2696 4365 τὴν
2717 4295 2947 4366 ἐρημίαν
2975 4295 3136 4355 αὐτοῦ
3160 4297 3435 4368 σημήνας.-
3460 4296 3614 4349 Ἐστι
3631 4295 3677 4348 δ’
3697 4291 3790 4349 οὖν
3819 4297 3911 4349 καὶ
3936 4295 4043 4349 ἀπὸ

837 4381 1034 4435 deinde
1062 4378 1396 4444 lsmaelitas,
1424 4383 1584 4436 tertio
1616 4382 1877 4439 Moabitae
1898 4425 1912 4448 ,
1948 4395 2143 4456 quarto
2174 4386 2382 4457 Agare-
2485 4385 2577 4454 τῆς

2303 4402 2382 4441 re-
2485 4385 2581 4454 τῆς
2632 4386 2871 4457 ἱστορίας
2925 4387 3132 4457 μαθεῖν,
3184 4388 3286 4441 ὅσα
3329 4387 3470 4442 κατὰ
3510 4388 3572 4441 τὸ
3614 4387 3746 4442 αὐτὸ
3786 4387 4043 4459 συνῆλθον

837 4486 938 4527 nos
961 4511 975 4535 ,
994 4473 1129 4526 hinc
1150 4471 1450 4528 Gebalenos
1475 4481 1528 4528 et
1553 4476 1891 4531 Ammonitas
1910 4516 1925 4541 ,
1954 4486 2008 4531 et
2033 4467 2378 4532 Amalecitas.
2487 4475 2575 4528 ἔθν

2301 4493 2378 4532 as.
2487 4475 2611 4546 ἔθνη
2641 4477 2780 4530 κατὰ
2801 4477 2895 4531 τοῦ
2929 4479 3193 4533 Ἰουδαίων
3218 4479 3344 4533 λαοῦ
3378 4482 3435 4537 ἐν
3457 4482 3519 4551 τῇ
3551 4480 3738 4552 πρώτῃ
3772 4480 3878 4534 τῶν
3920 4481 4041 4532 Ἀσ-

835 4559 1034 4616 Praeter
1060 4561 1157 4615 hos
1175 4570 1353 4614 autem
1377 4562 1527 4626 dicit,
1545 4561 1859 4630 Alienigeme
1885 4579 2002 4617 cum
2027 4565 2381 4619 habitantibus
2489 4583 2575 4636 συε

2302 4566 2381 4619 ius
2489 4568 2683 4636 συρίων
2711 4569 2967 4633 ἐπιθέσει,
2993 4569 3029 4623 ἃ.
3065 4570 3158 4622 καὶ
3184 4572 3216 4640 ἡ
3249 4570 3384 4640 μετὰ
3418 4575 3604 4642 χεῖρας
3625 4571 4042 4642 καταριθμεῖται

837 4651 1056 4722 Tyrum.
1081 4651 1186 4705 Pro
1216 4652 1310 4706 illo
1333 4665 1511 4707 autem
1534 4693 1548 4716 ,
1569 4655 1904 4725 alienigenas,
1928 4656 2124 4726 Aquila
2146 4664 2200 4710 et
2226 4655 2382 4728 Sym-
2412 4713 2456 4733 ﬁ
2487 4676 2577 4730 πρ(

2303 4673 2382 4710 m—
2412 4713 2456 4733 ﬁ
2487 4661 2784 4730 προφητεία
2803 4679 2815 4690 ·
2846 4660 3092 4732 πρώτους
3147 4663 3473 4732 Ἰδουμαίους
3530 4663 3888 4733 ὀνομάζουσα,
3923 4659 4041 4718 εἶτα

835 4713 1083 4805 machus,
1121 4744 1463 4813 Phylistazam
1495 4713 1791 4801 ediderunt.
1832 4713 1943 4802 Hoc
1976 4713 2140 4819 porro
2168 4713 2383 4803 nomine
2412 4713 2459 4770 Β
2499 4713 2570 4803 ‘ia

2302 4750 2383 4803 ine
2412 4713 2459 4770 Β
2499 4713 2991 4822 Ἰσμαηλίτας,ὴκαὶή
3021 4713 3235 4824 τρίτους

835 4831 1092 4901 appellari
1134 4835 1310 4887 solent
1338 4828 1429 4905 qui
1467 4834 1663 4890 Gazam
1686 4877 1701 4901 ,
1748 4839 2073 4894 Ascalonem
2098 4847 2176 4917 .et
2223 4840 2383 4893 mari-
2499 4840 2575 4907 Ἀη

2301 4840 2383 4893 ιτὶ-
2499 4840 2843 4912 Ἀγαρηνοὺς,
2883 4839 2999 4894 εἶτα
3029 4841 3386 4913 Γεϐαληνοὺς,
3417 4845 3508 4899 κα)⁵
3553 4845 3913 4915 Ἀμμανίτας,
3947 4848 4041 4900 καὶ

833 4922 1020 4974 timam
1063 4922 1322 4977 incolunt.
1360 4925 1424 4978 lli
1453 4926 1631 4996 itaque
1660 4930 1914 4982 maritimi
1961 4931 2214 5001 allaphyli
2257 4946 2378 4984 cum
2496 4928 2573 5002 'Ai

2296 4947 2378 4984 um
2496 4928 2878 5003 Ἀμαληκίτας.
2910 4932 3018 4984 Καὶ
3061 4933 3150 4985 ἐπὶ
3197 4934 3423 5001 τούτοις,
3467 4937 3833 5005 Ἁλλόφυλοι,
3885 4940 4036 5008 φησὶ,

834 5009 1426 5081 habitantibusTyrum
1458 5015 1736 5070 irruerunt
1757 5056 1772 5081 ,
1799 5017 2007 5086 inquit,
2037 5019 2098 5072 in
2122 5019 2377 5088 populum
2480 5038 2574 5088 μετ

2299 5035 2377 5072 um
2480 5022 2627 5088 μετὰ
2644 5022 2764 5076 τῶν
2781 5023 3208 5077 κατοικούντων
3231 5027 3432 5094 Τύρον.
3466 5027 3610 5080 Ἀντὶ
3637 5026 3693 5080 δὲ
3714 5026 3830 5093 τοῦ,
3855 5028 4039 5082 ἀλλό-

834 5106 1028 5165 tuum;
1065 5109 1117 5154 et
1143 5110 1335 5169 praeter
1365 5102 1462 5158 hos
1492 5119 1679 5160 omnes
1722 5106 2013 5177 Assyrius,
2057 5111 2204 5178 quod
2247 5124 2378 5163 sane
2483 5129 2574 5178 φυ.

2297 5124 2378 5163 me
2483 5117 2679 5178 φυλοι,
2711 5113 2935 5177 ’Λκύλας
2951 5114 3041 5168 καὶ
3057 5115 3367 5189 Σύμμαχος,
3397 5119 3782 5185 Φυλισταίαν,
3811 5118 4037 5173 ἐκδεδώ-

834 5199 994 5261 caput
1019 5193 1281 5246 malorum
1311 5202 1426 5260 est,
1458 5210 1579 5248 cum
1608 5197 1674 5250 iis
1708 5196 1963 5267 impetum
1991 5200 2217 5265 faciens,
2240 5201 2375 5255 illis-
2485 5220 2574 5257 και

2295 5202 2375 5255 is-
2485 5220 2662 5258 κασιν·
2689 5204 2807 5268 ἐθος
2860 5205 2915 5258 δὲ
2948 5206 3131 5260 καλεῖν
3183 5211 3357 5280 τούτῳ
3394 5209 3473 5278 τῷ
3515 5209 3738 5281 ὀνόματι
3785 5213 3910 5276 τοὺς
3935 5212 4035 5282 τὴν

834 5298 938 5351 que
969 5283 1427 5340 commilitonibus
1460 5303 1590 5342 usus
1616 5297 1795 5343 castra
1823 5291 2042 5359 posuit:
2079 5306 2376 5362 omnesque
2482 5293 2574 5358 Γάζ

2293 5307 2376 5362 lue
2482 5293 2656 5359 Γάζαν
2680 5296 2772 5348 καὶ
2801 5295 2898 5366 τὴν
2959 5297 3268 5353 Ἀσκάλωνα
3295 5299 3386 5353 καὶ
3419 5299 3517 5370 τὴν
3558 5301 3795 5372 πάραλον
3826 5301 4033 5355 οἰκοῦν-

836 5371 1073 5441 praedicti
1109 5374 1268 5428 simul
1309 5376 1437 5442 facti
1485 5380 1685 5432 suntin
1723 5381 2051 5450 adjutarium
2090 5383 2219 5451 filiis
2253 5383 2371 5436 Lat.
2482 5401 2576 5450 τας

2291 5391 2371 5436 ,at.
2482 5401 2596 5450 τας.
2625 5389 2733 5442 Καὶ
2776 5383 2920 5442 οὗτοι
2972 5391 3149 5444 τοίνυν
3193 5390 3386 5462 ἐφεξῆς
3418 5394 3466 5446 at
3510 5371 4031 5466 παραλιῶταγάλλό-

832 5460 936 5556 l‘ro
963 5477 1069 5556 quo
1121 5463 1347 5556 Aquila,
1409 5466 1564 5521 Facti
1596 5480 1748 5534 sunt,
1779 5473 1982 5541 inquit,
2011 5472 2281 5528 brachium
2309 5475 2374 5543 ﬁ-
2481 5479 2572 5545 φυ)

2309 5475 2374 5543 ﬁ-
2481 5479 2632 5545 φυλοι
2666 5479 2802 5550 μετὰ
2832 5480 2939 5536 τῶν
2960 5460 3350 5537 κατοικούντων
3372 5483 3547 5556 Τύρον
3571 5460 3844 5551 ἐπέθεντο,
3879 5464 4028 5556 φησὶ,

831 5553 916 5608 liis
952 5550 1091 5616 Lat;
1123 5555 1477 5624 Symmachus
1505 5576 1662 5625 vero,
1707 5560 1863 5615 Facti
1904 5573 2023 5618 sunt
2062 5567 2374 5620 cammilita-
2480 5587 2571 5623 κατ

2295 5577 2374 5620 ta-
2480 5570 2619 5626 κατὰ
2637 5572 2728 5624 τοῦ
2771 5573 2898 5627 λαοῦ
2946 5593 3037 5630 σου
3064 5593 3078 5606 ·
3118 5576 3211 5630 καὶ
3255 5578 3346 5632 ἐπὶ
3379 5550 3543 5632 πᾶσιν
3570 5581 3598 5633 ὁ
3641 5550 4031 5651 ’Δσσύριοςξτὸ

829 5655 919 5694 nes
948 5640 1074 5710 ﬁliis
1109 5641 1223 5696 Lat.
1271 5642 1392 5698 Filii
1436 5657 1614 5704 autem
1660 5648 1758 5704 Lot
1791 5659 1944 5705 erant
1971 5651 2289 5711 Ammanitae
2322 5663 2374 5712 et
2477 5660 2540 5731 δὴ

2288 5678 2289 5704 ι
2322 5663 2374 5712 et
2477 5660 2540 5731 δὴ
2571 5664 2860 5733 κεφάλαιον
2904 5667 3013 5722 τῶν
3068 5668 3272 5735 κακῶν,
3308 5671 3404 5723 σὺν
3435 5668 3642 5725 τούτοις
3689 5640 4028 5739 ὁρμίῦμενυς,

904 5885 946 5916 ¹⁸
982 5883 1124 5940 Psal.
1162 5904 1318 5959 un,
1358 5893 1440 5948 19..
