  <div class='ocr_page' id='page_1' title='image "/cluster/home/n/w/nwhite01/storage/ocr_20150623/23/coo.31924054873041/514.png"; bbox 0 0 4406 6412; ppageno 0'>
   <div class='ocr_carea' id='block_1_1' title="bbox 293 513 396 568">
    <p class='ocr_par' dir='ltr' id='par_1_1' title="bbox 293 513 396 568">
     <span class='ocr_line' id='line_1_1' title="bbox 293 513 396 568; baseline -0.019 0"><span class='ocrx_word' id='word_1_1' title='bbox 293 513 396 568; x_wconf 82' lang='lat'><strong>997</strong></span> 
     </span>
    </p>
   </div>
   <div class='ocr_carea' id='block_1_2' title="bbox 1408 512 2379 570">
    <p class='ocr_par' dir='ltr' id='par_1_2' title="bbox 1408 512 2379 570">
     <span class='ocr_line' id='line_1_2' title="bbox 1408 512 2379 570; baseline 0.002 -4"><span class='ocrx_word' id='word_1_2' title='bbox 1408 512 1902 567; x_wconf 74' lang='lat' dir='ltr'><strong>COMMENTARIA</strong></span> <span class='ocrx_word' id='word_1_3' title='bbox 1942 512 2008 566; x_wconf 84' lang='lat' dir='ltr'><strong>IN</strong></span> <span class='ocrx_word' id='word_1_4' title='bbox 2045 513 2166 568; x_wconf 84' lang='lat' dir='ltr'><strong>PSA</strong></span> <span class='ocrx_word' id='word_1_5' title='bbox 2177 513 2379 570; x_wconf 75' lang='lat' dir='ltr'><strong>LMOS.</strong></span> 
     </span>
    </p>
   </div>
   <div class='ocr_carea' id='block_1_3' title="bbox 3379 513 3482 571">
    <p class='ocr_par' dir='ltr' id='par_1_3' title="bbox 3379 513 3482 571">
     <span class='ocr_line' id='line_1_3' title="bbox 3379 513 3482 571; baseline -0.01 -1"><span class='ocrx_word' id='word_1_6' title='bbox 3379 513 3482 571; x_wconf 80' lang='lat'><strong>998</strong></span> 
     </span>
    </p>
   </div>
   <div class='ocr_carea' id='block_1_4' title="bbox 294 603 2034 700">
    <p class='ocr_par' dir='ltr' id='par_1_4' title="bbox 294 603 2034 700">
     <span class='ocr_line' id='line_1_4' title="bbox 294 603 2034 700; baseline -0.002 -15"><span class='ocrx_word' id='word_1_7' title='bbox 294 631 388 685; x_wconf 77' lang='grc' dir='ltr'><strong>καὶ</strong></span> <span class='ocrx_word' id='word_1_8' title='bbox 442 630 644 692; x_wconf 80' lang='grc' dir='ltr'><strong>τούτοις</strong></span> <span class='ocrx_word' id='word_1_9' title='bbox 707 630 1009 699; x_wconf 76' lang='grc' dir='ltr'><strong>συμμάχοις</strong></span> <span class='ocrx_word' id='word_1_10' title='bbox 1048 603 1352 698; x_wconf 80' lang='grc' dir='ltr'>χρώμενος,</span> <span class='ocrx_word' id='word_1_11' title='bbox 1400 628 1496 697; x_wconf 79' lang='grc' dir='ltr'>τὴν</span> <span class='ocrx_word' id='word_1_12' title='bbox 1538 629 1837 700; x_wconf 79' lang='grc' dir='ltr'><strong>παράταξιν</strong></span> <span class='ocrx_word' id='word_1_13' title='bbox 1865 637 1912 691; x_wconf 84' lang='grc' dir='ltr'>Λ</span> <span class='ocrx_word' id='word_1_14' title='bbox 1941 629 2034 682; x_wconf 84' lang='lat' dir='ltr'><strong>Mo:</strong></span> 
     </span>
    </p>
   </div>
   <div class='ocr_carea' id='block_1_5' title="bbox 1752 603 3492 700">
    <p class='ocr_par' dir='ltr' id='par_1_5' title="bbox 1752 625 3492 692">
     <span class='ocr_line' id='line_1_5' title="bbox 1752 625 3492 692; baseline 0.002 -14"><span class='ocrx_word' id='word_1_15' title='bbox 1752 629 1837 692; x_wconf 79' lang='grc' dir='ltr'>,ξιν</span> <span class='ocrx_word' id='word_1_16' title='bbox 1865 637 1912 691; x_wconf 83' lang='grc' dir='ltr'>Λ</span> <span class='ocrx_word' id='word_1_17' title='bbox 1941 629 2185 684; x_wconf 69' lang='lat' dir='ltr'><strong>Moabitae</strong></span> <span class='ocrx_word' id='word_1_18' title='bbox 2211 647 2224 680; x_wconf 92' lang='lat'>:</span> <span class='ocrx_word' id='word_1_19' title='bbox 2259 644 2384 683; x_wconf 88' lang='lat' dir='ltr'><strong>nam</strong></span> <span class='ocrx_word' id='word_1_20' title='bbox 2416 629 2470 684; x_wconf 92' lang='lat' dir='ltr'><strong>hi</strong></span> <span class='ocrx_word' id='word_1_21' title='bbox 2503 628 2610 683; x_wconf 84' lang='lat' dir='ltr'><strong>duo</strong></span> <span class='ocrx_word' id='word_1_22' title='bbox 2637 628 2728 682; x_wconf 85' lang='lat' dir='ltr'><strong>lilii</strong></span> <span class='ocrx_word' id='word_1_23' title='bbox 2758 628 2858 682; x_wconf 87' lang='lat' dir='ltr'><strong>Lot</strong></span> <span class='ocrx_word' id='word_1_24' title='bbox 2886 627 3035 682; x_wconf 81' lang='lat' dir='ltr'><strong>fuere</strong></span> <span class='ocrx_word' id='word_1_25' title='bbox 3055 667 3070 690; x_wconf 91' lang='lat'><strong>,</strong></span> <span class='ocrx_word' id='word_1_26' title='bbox 3102 625 3260 682; x_wconf 82' lang='lat' dir='ltr'><strong>Moab</strong></span> <span class='ocrx_word' id='word_1_27' title='bbox 3285 636 3338 681; x_wconf 88' lang='lat' dir='ltr'><strong>et</strong></span> <span class='ocrx_word' id='word_1_28' title='bbox 3365 630 3492 682; x_wconf 88' lang='lat' dir='ltr'><strong>Am-</strong></span> 
     </span>
    </p>
   </div>
   <div class='ocr_carea' id='block_1_6' title="bbox 293 716 1847 789">
    <p class='ocr_par' dir='ltr' id='par_1_6' title="bbox 293 716 1847 789">
     <span class='ocr_line' id='line_1_6' title="bbox 293 716 1847 789; baseline -0.001 -17"><span class='ocrx_word' id='word_1_29' title='bbox 293 721 583 789; x_wconf 70' lang='grc' dir='ltr'>ἐποιήσατο</span> <span class='ocrx_word' id='word_1_30' title='bbox 606 735 618 746; x_wconf 90' lang='grc'><strong>·</strong></span> <span class='ocrx_word' id='word_1_31' title='bbox 673 720 803 788; x_wconf 85' lang='grc' dir='ltr'>ὁμοῦ</span> <span class='ocrx_word' id='word_1_32' title='bbox 849 736 906 771; x_wconf 91' lang='grc' dir='ltr'><strong>τε</strong></span> <span class='ocrx_word' id='word_1_33' title='bbox 938 719 1130 779; x_wconf 73' lang='grc' dir='ltr'>πάντες</span> <span class='ocrx_word' id='word_1_34' title='bbox 1168 719 1215 768; x_wconf 87' lang='grc' dir='ltr'><strong>οἱ</strong></span> <span class='ocrx_word' id='word_1_35' title='bbox 1255 716 1634 786; x_wconf 89' lang='grc' dir='ltr'>προλεχθέντες</span> <span class='ocrx_word' id='word_1_36' title='bbox 1650 719 1847 787; x_wconf 78' lang='grc' dir='ltr'>ἐγενή-</span> 
     </span>
    </p>
   </div>
   <div class='ocr_carea' id='block_1_7' title="bbox 292 802 1843 875">
    <p class='ocr_par' dir='ltr' id='par_1_7' title="bbox 292 802 1843 875">
     <span class='ocr_line' id='line_1_7' title="bbox 292 802 1843 875; baseline -0.002 -11"><span class='ocrx_word' id='word_1_37' title='bbox 292 814 489 875; x_wconf 78' lang='grc' dir='ltr'>θησαν</span> <span class='ocrx_word' id='word_1_38' title='bbox 541 811 626 873; x_wconf 84' lang='grc' dir='ltr'>εις</span> <span class='ocrx_word' id='word_1_39' title='bbox 673 809 996 875; x_wconf 70' lang='grc' dir='ltr'><strong>ἀντίληψιν</strong></span> <span class='ocrx_word' id='word_1_40' title='bbox 1040 807 1160 871; x_wconf 83' lang='grc' dir='ltr'>τοῖς</span> <span class='ocrx_word' id='word_1_41' title='bbox 1187 806 1334 868; x_wconf 77' lang='grc' dir='ltr'><strong>υἱοῖς</strong></span> <span class='ocrx_word' id='word_1_42' title='bbox 1369 807 1514 859; x_wconf 88' lang='grc' dir='ltr'>Λώτ.</span> <span class='ocrx_word' id='word_1_43' title='bbox 1561 807 1699 859; x_wconf 82' lang='grc' dir='ltr'>Ἀνθ’</span> <span class='ocrx_word' id='word_1_44' title='bbox 1724 802 1783 861; x_wconf 81' lang='grc' dir='ltr'><strong>οῦ</strong></span> <span class='ocrx_word' id='word_1_45' title='bbox 1815 808 1843 860; x_wconf 99' lang='lat'><strong>6</strong></span> 
     </span>
    </p>
   </div>
   <div class='ocr_carea' id='block_1_8' title="bbox 296 897 1845 967">
    <p class='ocr_par' dir='ltr' id='par_1_8' title="bbox 296 897 1845 967">
     <span class='ocr_line' id='line_1_8' title="bbox 296 897 1845 967; baseline -0.001 -16"><span class='ocrx_word' id='word_1_46' title='bbox 296 899 396 967; x_wconf 83' lang='grc' dir='ltr'>μὲν</span> <span class='ocrx_word' id='word_1_47' title='bbox 440 898 684 960; x_wconf 77' lang='grc' dir='ltr'><strong>Ἀκύλας,</strong></span> <span class='ocrx_word' id='word_1_48' title='bbox 728 897 1050 966; x_wconf 70' lang='grc' dir='ltr'>Ἐγένοντο,</span> <span class='ocrx_word' id='word_1_49' title='bbox 1086 897 1237 967; x_wconf 84' lang='grc' dir='ltr'>φησὶ,</span> <span class='ocrx_word' id='word_1_50' title='bbox 1263 897 1531 964; x_wconf 75' lang='grc' dir='ltr'><strong>βραχίων</strong></span> <span class='ocrx_word' id='word_1_51' title='bbox 1562 897 1845 962; x_wconf 76' lang='grc' dir='ltr'>τοῖς-υἱοῖς</span> 
     </span>
    </p>
   </div>
   <div class='ocr_carea' id='block_1_9' title="bbox 291 987 1844 1058">
    <p class='ocr_par' dir='ltr' id='par_1_9' title="bbox 291 987 1844 1058">
     <span class='ocr_line' id='line_1_9' title="bbox 291 987 1844 1058; baseline -0.003 -16"><span class='ocrx_word' id='word_1_52' title='bbox 291 987 504 1042; x_wconf 77' lang='grc' dir='ltr'>Λώτ-ό</span> <span class='ocrx_word' id='word_1_53' title='bbox 553 988 609 1041; x_wconf 78' lang='grc' dir='ltr'>δὲ</span> <span class='ocrx_word' id='word_1_54' title='bbox 658 987 975 1058; x_wconf 82' lang='grc' dir='ltr'><strong>Σύμμαχος,</strong></span> <span class='ocrx_word' id='word_1_55' title='bbox 1019 987 1318 1055; x_wconf 80' lang='grc' dir='ltr'><strong>Ἐγένοντο</strong></span> <span class='ocrx_word' id='word_1_56' title='bbox 1374 988 1673 1055; x_wconf 80' lang='grc' dir='ltr'>σύμμαχοι</span> <span class='ocrx_word' id='word_1_57' title='bbox 1723 989 1844 1052; x_wconf 79' lang='grc' dir='ltr'>τοῖς</span> 
     </span>
    </p>
   </div>
   <div class='ocr_carea' id='block_1_10' title="bbox 289 1073 1845 1148">
    <p class='ocr_par' dir='ltr' id='par_1_10' title="bbox 289 1073 1845 1148">
     <span class='ocr_line' id='line_1_10' title="bbox 289 1073 1845 1148; baseline 0 -18"><span class='ocrx_word' id='word_1_58' title='bbox 289 1078 442 1144; x_wconf 77' lang='grc' dir='ltr'><strong>υἱοῖς</strong></span> <span class='ocrx_word' id='word_1_59' title='bbox 467 1079 610 1133; x_wconf 84' lang='grc' dir='ltr'>Λώτ.</span> <span class='ocrx_word' id='word_1_60' title='bbox 641 1079 758 1131; x_wconf 87' lang='grc' dir='ltr'>Υἱοὶ</span> <span class='ocrx_word' id='word_1_61' title='bbox 786 1079 840 1130; x_wconf 84' lang='grc' dir='ltr'>δὲ</span> <span class='ocrx_word' id='word_1_62' title='bbox 874 1078 994 1131; x_wconf 87' lang='grc' dir='ltr'><strong>Λὼτ</strong></span> <span class='ocrx_word' id='word_1_63' title='bbox 1027 1073 1164 1147; x_wconf 80' lang='grc' dir='ltr'>ἦσαν</span> <span class='ocrx_word' id='word_1_64' title='bbox 1211 1079 1530 1148; x_wconf 83' lang='grc' dir='ltr'><strong>Ἀμμανῖται</strong></span> <span class='ocrx_word' id='word_1_65' title='bbox 1563 1079 1654 1129; x_wconf 84' lang='grc' dir='ltr'><strong>καὶ</strong></span> <span class='ocrx_word' id='word_1_66' title='bbox 1682 1079 1845 1131; x_wconf 86' lang='grc' dir='ltr'>Μωα-</span> 
     </span>
    </p>
   </div>
   <div class='ocr_carea' id='block_1_11' title="bbox 295 1166 1844 1241">
    <p class='ocr_par' dir='ltr' id='par_1_11' title="bbox 295 1166 1844 1241">
     <span class='ocr_line' id='line_1_11' title="bbox 295 1166 1844 1241; baseline 0 -19"><span class='ocrx_word' id='word_1_67' title='bbox 295 1170 435 1224; x_wconf 70' lang='grc' dir='ltr'>ϐῖται</span> <span class='ocrx_word' id='word_1_68' title='bbox 455 1188 467 1200; x_wconf 85' lang='grc'>⁶</span> <span class='ocrx_word' id='word_1_69' title='bbox 492 1171 583 1223; x_wconf 84' lang='grc' dir='ltr'><strong>δύο</strong></span> <span class='ocrx_word' id='word_1_70' title='bbox 612 1172 717 1241; x_wconf 80' lang='grc' dir='ltr'>γὰρ</span> <span class='ocrx_word' id='word_1_71' title='bbox 749 1166 891 1222; x_wconf 75' lang='grc' dir='ltr'>οὗτοι</span> <span class='ocrx_word' id='word_1_72' title='bbox 931 1171 1215 1236; x_wconf 78' lang='grc' dir='ltr'>γεγόνασιν</span> <span class='ocrx_word' id='word_1_73' title='bbox 1247 1169 1349 1220; x_wconf 80' lang='grc' dir='ltr'>υἱοὶ</span> <span class='ocrx_word' id='word_1_74' title='bbox 1374 1168 1464 1221; x_wconf 89' lang='grc' dir='ltr'><strong>τοῦ</strong></span> <span class='ocrx_word' id='word_1_75' title='bbox 1496 1168 1638 1233; x_wconf 88' lang='grc' dir='ltr'>Λὼτ,</span> <span class='ocrx_word' id='word_1_76' title='bbox 1673 1170 1844 1222; x_wconf 70' lang='lat' dir='ltr'><strong>Mde</strong></span> 
     </span>
    </p>
   </div>
   <div class='ocr_carea' id='block_1_12' title="bbox 295 1259 1847 1332">
    <p class='ocr_par' dir='ltr' id='par_1_12' title="bbox 295 1259 1847 1332">
     <span class='ocr_line' id='line_1_12' title="bbox 295 1259 1847 1332; baseline -0.001 -18"><span class='ocrx_word' id='word_1_77' title='bbox 295 1261 388 1314; x_wconf 61' lang='lat' dir='ltr'><strong>stat</strong></span> <span class='ocrx_word' id='word_1_78' title='bbox 453 1261 692 1332; x_wconf 75' lang='grc' dir='ltr'>Ἄμμων.</span> <span class='ocrx_word' id='word_1_79' title='bbox 752 1260 931 1312; x_wconf 88' lang='grc' dir='ltr'>Ταῦτα</span> <span class='ocrx_word' id='word_1_80' title='bbox 959 1261 1010 1312; x_wconf 78' lang='grc' dir='ltr'>δὲ</span> <span class='ocrx_word' id='word_1_81' title='bbox 1049 1261 1128 1312; x_wconf 82' lang='grc' dir='ltr'><strong>ὅτι</strong></span> <span class='ocrx_word' id='word_1_82' title='bbox 1164 1260 1298 1330; x_wconf 81' lang='grc' dir='ltr'>μηδὲ</span> <span class='ocrx_word' id='word_1_83' title='bbox 1334 1260 1518 1312; x_wconf 77' lang='grc' dir='ltr'>ἄλλοτε</span> <span class='ocrx_word' id='word_1_84' title='bbox 1548 1259 1847 1329; x_wconf 81' lang='grc' dir='ltr'><strong>ἐπληροῦτο</strong></span> 
     </span>
    </p>
   </div>
   <div class='ocr_carea' id='block_1_13' title="bbox 293 1352 1847 1423">
    <p class='ocr_par' dir='ltr' id='par_1_13' title="bbox 293 1352 1847 1423">
     <span class='ocr_line' id='line_1_13' title="bbox 293 1352 1847 1423; baseline -0.002 -16"><span class='ocrx_word' id='word_1_85' title='bbox 293 1352 325 1422; x_wconf 76' lang='grc' dir='ltr'><strong>η</strong></span> <span class='ocrx_word' id='word_1_86' title='bbox 384 1353 525 1407; x_wconf 82' lang='grc' dir='ltr'>κατὰ</span> <span class='ocrx_word' id='word_1_87' title='bbox 578 1354 701 1415; x_wconf 84' lang='grc' dir='ltr'>τοὺς</span> <span class='ocrx_word' id='word_1_88' title='bbox 751 1352 1044 1422; x_wconf 77' lang='grc' dir='ltr'><strong>Ἀσσυρίων</strong></span> <span class='ocrx_word' id='word_1_89' title='bbox 1080 1354 1318 1423; x_wconf 86' lang='grc' dir='ltr'>χρόνους,</span> <span class='ocrx_word' id='word_1_90' title='bbox 1356 1353 1541 1421; x_wconf 82' lang='grc' dir='ltr'>σαφῶς</span> <span class='ocrx_word' id='word_1_91' title='bbox 1577 1353 1607 1420; x_wconf 82' lang='grc' dir='ltr'>ὴ</span> <span class='ocrx_word' id='word_1_92' title='bbox 1640 1352 1847 1423; x_wconf 76' lang='grc' dir='ltr'>ἱστορία</span> 
     </span>
    </p>
   </div>
   <div class='ocr_carea' id='block_1_14' title="bbox 292 1443 1846 1514">
    <p class='ocr_par' dir='ltr' id='par_1_14' title="bbox 292 1443 1846 1514">
     <span class='ocr_line' id='line_1_14' title="bbox 292 1443 1846 1514; baseline 0.001 -19"><span class='ocrx_word' id='word_1_93' title='bbox 292 1446 602 1514; x_wconf 74' lang='grc' dir='ltr'>παρίστησι.</span> <span class='ocrx_word' id='word_1_94' title='bbox 638 1443 708 1498; x_wconf 85' lang='grc' dir='ltr'>Τὸ</span> <span class='ocrx_word' id='word_1_95' title='bbox 737 1444 1030 1514; x_wconf 79' lang='grc' dir='ltr'>τηνικαῦτα</span> <span class='ocrx_word' id='word_1_96' title='bbox 1063 1444 1170 1512; x_wconf 84' lang='grc' dir='ltr'>γὰρ</span> <span class='ocrx_word' id='word_1_97' title='bbox 1204 1447 1376 1508; x_wconf 79' lang='grc' dir='ltr'>πάντα</span> <span class='ocrx_word' id='word_1_98' title='bbox 1407 1447 1473 1498; x_wconf 78' lang='grc' dir='ltr'>τὰ</span> <span class='ocrx_word' id='word_1_99' title='bbox 1501 1447 1564 1497; x_wconf 84' lang='grc' dir='ltr'>ὲκ</span> <span class='ocrx_word' id='word_1_100' title='bbox 1593 1444 1846 1510; x_wconf 88' lang='grc' dir='ltr'>γειτόνων</span> 
     </span>
    </p>
   </div>
   <div class='ocr_carea' id='block_1_15' title="bbox 289 1534 1844 1609">
    <p class='ocr_par' dir='ltr' id='par_1_15' title="bbox 289 1534 1844 1609">
     <span class='ocr_line' id='line_1_15' title="bbox 289 1534 1844 1609; baseline 0 -23"><span class='ocrx_word' id='word_1_101' title='bbox 289 1534 416 1605; x_wconf 65' lang='grc' dir='ltr'>ἔθνη</span> <span class='ocrx_word' id='word_1_102' title='bbox 445 1535 862 1605; x_wconf 85' lang='grc' dir='ltr'>διαφθονούμενα</span> <span class='ocrx_word' id='word_1_103' title='bbox 895 1540 959 1606; x_wconf 77' lang='grc' dir='ltr'>τῇ</span> <span class='ocrx_word' id='word_1_104' title='bbox 1005 1537 1351 1609; x_wconf 82' lang='grc' dir='ltr'>Ἰερουσαλὴμ</span> <span class='ocrx_word' id='word_1_105' title='bbox 1393 1535 1585 1604; x_wconf 82' lang='grc' dir='ltr'>καὶτῷ</span> <span class='ocrx_word' id='word_1_106' title='bbox 1619 1537 1676 1586; x_wconf 87' lang='grc' dir='ltr'>ὲν</span> <span class='ocrx_word' id='word_1_107' title='bbox 1712 1536 1844 1604; x_wconf 79' lang='grc' dir='ltr'>αὐτῇ</span> 
     </span>
    </p>
   </div>
   <div class='ocr_carea' id='block_1_16' title="bbox 291 1623 1849 1696">
    <p class='ocr_par' dir='ltr' id='par_1_16' title="bbox 291 1623 1849 1696">
     <span class='ocr_line' id='line_1_16' title="bbox 291 1623 1849 1696; baseline -0.001 -19"><span class='ocrx_word' id='word_1_108' title='bbox 291 1627 656 1696; x_wconf 85' lang='grc' dir='ltr'>γεγραμμένῳ</span> <span class='ocrx_word' id='word_1_109' title='bbox 685 1628 760 1696; x_wconf 74' lang='grc'><strong>(1)</strong></span> <span class='ocrx_word' id='word_1_110' title='bbox 794 1626 900 1695; x_wconf 81' lang='grc' dir='ltr'><strong>ναῷ</strong></span> <span class='ocrx_word' id='word_1_111' title='bbox 930 1627 1019 1678; x_wconf 86' lang='grc' dir='ltr'><strong>τοῦ</strong></span> <span class='ocrx_word' id='word_1_112' title='bbox 1049 1626 1203 1689; x_wconf 88' lang='grc' dir='ltr'>Θεοῦ,</span> <span class='ocrx_word' id='word_1_113' title='bbox 1225 1626 1458 1694; x_wconf 73' lang='grc' dir='ltr'>διψῶντα</span> <span class='ocrx_word' id='word_1_114' title='bbox 1486 1642 1544 1676; x_wconf 86' lang='grc' dir='ltr'><strong>τε</strong></span> <span class='ocrx_word' id='word_1_115' title='bbox 1574 1624 1670 1694; x_wconf 78' lang='grc' dir='ltr'>τὴν</span> <span class='ocrx_word' id='word_1_116' title='bbox 1697 1623 1849 1676; x_wconf 69' lang='grc' dir='ltr'><strong>ἀπιῖμ</strong></span> 
     </span>
    </p>
   </div>
   <div class='ocr_carea' id='block_1_17' title="bbox 1899 719 3495 801">
    <p class='ocr_par' dir='ltr' id='par_1_17' title="bbox 1899 719 3495 801">
     <span class='ocr_line' id='line_1_17' title="bbox 1899 719 3495 801; baseline 0.001 -29"><span class='ocrx_word' id='word_1_117' title='bbox 1899 791 1923 801; x_wconf 83' lang='lat'><em>_</em></span> <span class='ocrx_word' id='word_1_118' title='bbox 1946 735 2093 774; x_wconf 92' lang='lat' dir='ltr'><strong>mon.</strong></span> <span class='ocrx_word' id='word_1_119' title='bbox 2141 719 2263 774; x_wconf 65' lang='lat' dir='ltr'><strong>Haec</strong></span> <span class='ocrx_word' id='word_1_120' title='bbox 2309 735 2469 789; x_wconf 88' lang='lat' dir='ltr'><strong>porro</strong></span> <span class='ocrx_word' id='word_1_121' title='bbox 2509 735 2616 774; x_wconf 91' lang='lat' dir='ltr'><strong>non</strong></span> <span class='ocrx_word' id='word_1_122' title='bbox 2660 720 2765 773; x_wconf 87' lang='lat' dir='ltr'><strong>alio</strong></span> <span class='ocrx_word' id='word_1_123' title='bbox 2793 733 2952 789; x_wconf 90' lang='lat' dir='ltr'><strong>quam</strong></span> <span class='ocrx_word' id='word_1_124' title='bbox 2982 719 3326 788; x_wconf 83' lang='lat' dir='ltr'><strong>Assyriorum</strong></span> <span class='ocrx_word' id='word_1_125' title='bbox 3357 728 3495 774; x_wconf 88' lang='lat' dir='ltr'><strong>tem-</strong></span> 
     </span>
    </p>
   </div>
   <div class='ocr_carea' id='block_1_18' title="bbox 1945 810 3496 882">
    <p class='ocr_par' dir='ltr' id='par_1_18' title="bbox 1945 810 3496 882">
     <span class='ocr_line' id='line_1_18' title="bbox 1945 810 3496 882; baseline 0.001 -18"><span class='ocrx_word' id='word_1_126' title='bbox 1945 825 2075 879; x_wconf 90' lang='lat' dir='ltr'><strong>pore</strong></span> <span class='ocrx_word' id='word_1_127' title='bbox 2099 822 2246 880; x_wconf 87' lang='lat' dir='ltr'><strong>gesta</strong></span> <span class='ocrx_word' id='word_1_128' title='bbox 2277 811 2444 865; x_wconf 82' lang='lat' dir='ltr'><strong>fuisse</strong></span> <span class='ocrx_word' id='word_1_129' title='bbox 2471 820 2652 881; x_wconf 79' lang='lat' dir='ltr'><strong>aperte</strong></span> <span class='ocrx_word' id='word_1_130' title='bbox 2679 819 2861 864; x_wconf 79' lang='lat' dir='ltr'><strong>narrat</strong></span> <span class='ocrx_word' id='word_1_131' title='bbox 2891 810 3138 864; x_wconf 76' lang='lat' dir='ltr'><strong>historia.</strong></span> <span class='ocrx_word' id='word_1_132' title='bbox 3169 811 3266 863; x_wconf 89' lang='lat' dir='ltr'><strong>Illo</strong></span> <span class='ocrx_word' id='word_1_133' title='bbox 3297 811 3496 882; x_wconf 82' lang='lat' dir='ltr'><strong>quippe</strong></span> 
     </span>
    </p>
   </div>
   <div class='ocr_carea' id='block_1_19' title="bbox 1943 901 3496 972">
    <p class='ocr_par' dir='ltr' id='par_1_19' title="bbox 1943 901 3496 972">
     <span class='ocr_line' id='line_1_19' title="bbox 1943 901 3496 972; baseline 0 -17"><span class='ocrx_word' id='word_1_134' title='bbox 1943 917 2057 955; x_wconf 73' lang='lat' dir='ltr'><strong>aevo</strong></span> <span class='ocrx_word' id='word_1_135' title='bbox 2087 917 2276 956; x_wconf 87' lang='lat' dir='ltr'><strong>omnes</strong></span> <span class='ocrx_word' id='word_1_136' title='bbox 2309 901 2519 955; x_wconf 76' lang='lat' dir='ltr'><strong>ﬁnitimi</strong></span> <span class='ocrx_word' id='word_1_137' title='bbox 2549 903 2733 971; x_wconf 87' lang='lat' dir='ltr'><strong>populi</strong></span> <span class='ocrx_word' id='word_1_138' title='bbox 2759 901 3140 972; x_wconf 75' lang='lat' dir='ltr'><strong>Hierosolyma:</strong></span> <span class='ocrx_word' id='word_1_139' title='bbox 3172 907 3225 956; x_wconf 92' lang='lat' dir='ltr'><strong>et</strong></span> <span class='ocrx_word' id='word_1_140' title='bbox 3254 901 3326 964; x_wconf 88' lang='lat' dir='ltr'><strong>ei,</strong></span> <span class='ocrx_word' id='word_1_141' title='bbox 3350 903 3496 970; x_wconf 86' lang='lat' dir='ltr'><strong>quod</strong></span> 
     </span>
    </p>
   </div>
   <div class='ocr_carea' id='block_1_20' title="bbox 1946 987 3494 1059">
    <p class='ocr_par' dir='ltr' id='par_1_20' title="bbox 1946 987 3494 1059">
     <span class='ocr_line' id='line_1_20' title="bbox 1946 987 3494 1059; baseline 0.001 -16"><span class='ocrx_word' id='word_1_142' title='bbox 1946 991 1999 1043; x_wconf 90' lang='lat' dir='ltr'><strong>in</strong></span> <span class='ocrx_word' id='word_1_143' title='bbox 2032 987 2307 1058; x_wconf 76' lang='lat' dir='ltr'><strong>Scriptura</strong></span> <span class='ocrx_word' id='word_1_144' title='bbox 2335 989 2523 1055; x_wconf 82' lang='lat' dir='ltr'><strong>fertur,</strong></span> <span class='ocrx_word' id='word_1_145' title='bbox 2552 990 2750 1058; x_wconf 91' lang='lat' dir='ltr'><strong>templo</strong></span> <span class='ocrx_word' id='word_1_146' title='bbox 2779 989 2871 1042; x_wconf 92' lang='lat' dir='ltr'><strong>Dei</strong></span> <span class='ocrx_word' id='word_1_147' title='bbox 2897 990 3021 1044; x_wconf 89' lang='lat' dir='ltr'><strong>istic</strong></span> <span class='ocrx_word' id='word_1_148' title='bbox 3045 991 3219 1059; x_wconf 91' lang='lat' dir='ltr'><strong>posito</strong></span> <span class='ocrx_word' id='word_1_149' title='bbox 3243 989 3494 1044; x_wconf 54' lang='lat' dir='ltr'><strong>invident-</strong></span> 
     </span>
    </p>
   </div>
   <div class='ocr_carea' id='block_1_21' title="bbox 1945 1069 3492 1148">
    <p class='ocr_par' dir='ltr' id='par_1_21' title="bbox 1945 1069 3492 1148">
     <span class='ocr_line' id='line_1_21' title="bbox 1945 1069 3492 1148; baseline 0.002 -17"><span class='ocrx_word' id='word_1_150' title='bbox 1945 1087 2059 1142; x_wconf 89' lang='lat' dir='ltr'><strong>tes,</strong></span> <span class='ocrx_word' id='word_1_151' title='bbox 2089 1079 2489 1147; x_wconf 90' lang='lat' dir='ltr'><strong>perniciemque</strong></span> <span class='ocrx_word' id='word_1_152' title='bbox 2529 1079 2695 1131; x_wconf 84' lang='lat' dir='ltr'><strong>totius</strong></span> <span class='ocrx_word' id='word_1_153' title='bbox 2725 1076 2961 1132; x_wconf 69' lang='lat' dir='ltr'><strong>Iudaica:</strong></span> <span class='ocrx_word' id='word_1_154' title='bbox 2999 1079 3174 1148; x_wconf 85' lang='lat' dir='ltr'><strong>gentis</strong></span> <span class='ocrx_word' id='word_1_155' title='bbox 3218 1069 3492 1144; x_wconf 78' lang='lat' dir='ltr'><strong>sitientes,</strong></span> 
     </span>
    </p>
   </div>
   <div class='ocr_carea' id='block_1_22' title="bbox 1947 1166 3497 1236">
    <p class='ocr_par' dir='ltr' id='par_1_22' title="bbox 1947 1166 3497 1236">
     <span class='ocr_line' id='line_1_22' title="bbox 1947 1166 3497 1236; baseline -0.001 -14"><span class='ocrx_word' id='word_1_156' title='bbox 1947 1183 2053 1222; x_wconf 92' lang='lat' dir='ltr'><strong>una</strong></span> <span class='ocrx_word' id='word_1_157' title='bbox 2080 1168 2354 1221; x_wconf 88' lang='lat' dir='ltr'><strong>irruerunt</strong></span> <span class='ocrx_word' id='word_1_158' title='bbox 2381 1175 2568 1220; x_wconf 90' lang='lat' dir='ltr'><strong>contra</strong></span> <span class='ocrx_word' id='word_1_159' title='bbox 2601 1168 2721 1221; x_wconf 90' lang='lat' dir='ltr'><strong>illos</strong></span> <span class='ocrx_word' id='word_1_160' title='bbox 2742 1206 2755 1228; x_wconf 86' lang='lat'><strong>,</strong></span> <span class='ocrx_word' id='word_1_161' title='bbox 2789 1166 3208 1236; x_wconf 84' lang='lat' dir='ltr'><strong>Babyloniorum</strong></span> <span class='ocrx_word' id='word_1_162' title='bbox 3241 1169 3497 1236; x_wconf 70' lang='lat' dir='ltr'><strong>potentiae</strong></span> 
     </span>
    </p>
   </div>
   <div class='ocr_carea' id='block_1_23' title="bbox 1948 1257 3495 1328">
    <p class='ocr_par' dir='ltr' id='par_1_23' title="bbox 1948 1257 3495 1328">
     <span class='ocr_line' id='line_1_23' title="bbox 1948 1257 3495 1328; baseline -0.001 -14"><span class='ocrx_word' id='word_1_163' title='bbox 1948 1267 2002 1314; x_wconf 87' lang='lat' dir='ltr'><strong>et</strong></span> <span class='ocrx_word' id='word_1_164' title='bbox 2031 1259 2350 1314; x_wconf 89' lang='lat' dir='ltr'><strong>commilitio</strong></span> <span class='ocrx_word' id='word_1_165' title='bbox 2381 1259 2663 1328; x_wconf 81' lang='lat' dir='ltr'><strong>adscripti.</strong></span> <span class='ocrx_word' id='word_1_166' title='bbox 2703 1257 2854 1312; x_wconf 89' lang='lat' dir='ltr'><strong>Tunc</strong></span> <span class='ocrx_word' id='word_1_167' title='bbox 2892 1260 3070 1312; x_wconf 74' lang='lat' dir='ltr'><strong>multa:</strong></span> <span class='ocrx_word' id='word_1_168' title='bbox 3109 1259 3371 1313; x_wconf 81' lang='lat' dir='ltr'><strong>adversus</strong></span> <span class='ocrx_word' id='word_1_169' title='bbox 3399 1274 3495 1312; x_wconf 88' lang='lat' dir='ltr'><strong>eos</strong></span> 
     </span>
    </p>
   </div>
   <div class='ocr_carea' id='block_1_24' title="bbox 1951 1349 3497 1420">
    <p class='ocr_par' dir='ltr' id='par_1_24' title="bbox 1951 1349 3497 1420">
     <span class='ocr_line' id='line_1_24' title="bbox 1951 1349 3497 1420; baseline -0.002 -16"><span class='ocrx_word' id='word_1_170' title='bbox 1951 1358 2138 1420; x_wconf 89' lang='lat' dir='ltr'><strong>gentes</strong></span> <span class='ocrx_word' id='word_1_171' title='bbox 2171 1349 2418 1419; x_wconf 83' lang='lat' dir='ltr'><strong>Assyriis</strong></span> <span class='ocrx_word' id='word_1_172' title='bbox 2446 1350 2767 1404; x_wconf 77' lang='lat' dir='ltr'><strong>ausili‘antes</strong></span> <span class='ocrx_word' id='word_1_173' title='bbox 2804 1356 3008 1402; x_wconf 69' lang='lat' dir='ltr'><strong>coactae</strong></span> <span class='ocrx_word' id='word_1_174' title='bbox 3038 1356 3182 1404; x_wconf 92' lang='lat' dir='ltr'><strong>sunt.</strong></span> <span class='ocrx_word' id='word_1_175' title='bbox 3218 1349 3286 1402; x_wconf 82' lang='lat' dir='ltr'><strong>At</strong></span> <span class='ocrx_word' id='word_1_176' title='bbox 3319 1364 3497 1418; x_wconf 90' lang='lat' dir='ltr'><strong>neque</strong></span> 
     </span>
    </p>
   </div>
   <div class='ocr_carea' id='block_1_25' title="bbox 1949 1439 3491 1511">
    <p class='ocr_par' dir='ltr' id='par_1_25' title="bbox 1949 1439 3491 1511">
     <span class='ocr_line' id='line_1_25' title="bbox 1949 1439 3491 1511; baseline 0 -17"><span class='ocrx_word' id='word_1_177' title='bbox 1949 1442 2216 1495; x_wconf 83' lang='lat' dir='ltr'><strong>Antiocho</strong></span> <span class='ocrx_word' id='word_1_178' title='bbox 2251 1457 2426 1511; x_wconf 90' lang='lat' dir='ltr'><strong>neque</strong></span> <span class='ocrx_word' id='word_1_179' title='bbox 2457 1440 2747 1505; x_wconf 82' lang='lat' dir='ltr'><strong>Romanis,</strong></span> <span class='ocrx_word' id='word_1_180' title='bbox 2784 1441 2838 1494; x_wconf 90' lang='lat' dir='ltr'><strong>in</strong></span> <span class='ocrx_word' id='word_1_181' title='bbox 2873 1448 3144 1510; x_wconf 87' lang='lat' dir='ltr'><strong>postrema</strong></span> <span class='ocrx_word' id='word_1_182' title='bbox 3176 1439 3491 1504; x_wconf 85' lang='lat' dir='ltr'><strong>obsidione,</strong></span> 
     </span>
    </p>
   </div>
   <div class='ocr_carea' id='block_1_26' title="bbox 1949 1529 3496 1601">
    <p class='ocr_par' dir='ltr' id='par_1_26' title="bbox 1949 1529 3496 1601">
     <span class='ocr_line' id='line_1_26' title="bbox 1949 1529 3496 1601; baseline 0.001 -16"><span class='ocrx_word' id='word_1_183' title='bbox 1949 1539 2134 1600; x_wconf 80' lang='lat' dir='ltr'><strong>gentes</strong></span> <span class='ocrx_word' id='word_1_184' title='bbox 2181 1532 2332 1601; x_wconf 87' lang='lat' dir='ltr'><strong>prius</strong></span> <span class='ocrx_word' id='word_1_185' title='bbox 2388 1539 2744 1595; x_wconf 71' lang='lat' dir='ltr'><strong>enumeratae,</strong></span> <span class='ocrx_word' id='word_1_186' title='bbox 2786 1533 2839 1586; x_wconf 91' lang='lat' dir='ltr'><strong>in</strong></span> <span class='ocrx_word' id='word_1_187' title='bbox 2874 1533 3014 1587; x_wconf 91' lang='lat' dir='ltr'><strong>bello</strong></span> <span class='ocrx_word' id='word_1_188' title='bbox 3054 1539 3244 1588; x_wconf 86' lang='lat' dir='ltr'><strong>contra</strong></span> <span class='ocrx_word' id='word_1_189' title='bbox 3279 1529 3496 1586; x_wconf 66' lang='lat' dir='ltr'><strong>Iudaeos</strong></span> 
     </span>
    </p>
   </div>
   <div class='ocr_carea' id='block_1_27' title="bbox 1949 1621 2847 1693">
    <p class='ocr_par' dir='ltr' id='par_1_27' title="bbox 1949 1621 2847 1693">
     <span class='ocr_line' id='line_1_27' title="bbox 1949 1621 2847 1693; baseline 0.002 -19"><span class='ocrx_word' id='word_1_190' title='bbox 1949 1621 2135 1683; x_wconf 87' lang='lat' dir='ltr'><strong>initio,</strong></span> <span class='ocrx_word' id='word_1_191' title='bbox 2174 1635 2328 1693; x_wconf 77' lang='lat' dir='ltr'><strong>apem</strong></span> <span class='ocrx_word' id='word_1_192' title='bbox 2361 1621 2550 1673; x_wconf 83' lang='lat' dir='ltr'><strong>tulisse</strong></span> <span class='ocrx_word' id='word_1_193' title='bbox 2579 1621 2847 1676; x_wconf 86' lang='lat' dir='ltr'><strong>videntur.</strong></span> 
     </span>
    </p>
   </div>
   <div class='ocr_carea' id='block_1_28' title="bbox 291 1713 3498 1789">
    <p class='ocr_par' dir='ltr' id='par_1_28' title="bbox 291 1713 3498 1789">
     <span class='ocr_line' id='line_1_28' title="bbox 291 1713 3498 1789; baseline -0.002 -16"><span class='ocrx_word' id='word_1_194' title='bbox 291 1725 440 1780; x_wconf 77' lang='grc' dir='ltr'>Αειαν</span> <span class='ocrx_word' id='word_1_195' title='bbox 453 1718 542 1771; x_wconf 89' lang='grc' dir='ltr'><strong>τοῦ</strong></span> <span class='ocrx_word' id='word_1_196' title='bbox 573 1721 768 1783; x_wconf 78' lang='grc' dir='ltr'>παντὸς</span> <span class='ocrx_word' id='word_1_197' title='bbox 804 1721 1064 1772; x_wconf 80' lang='grc' dir='ltr'><strong>Ἰουδαίων</strong></span> <span class='ocrx_word' id='word_1_198' title='bbox 1098 1720 1298 1782; x_wconf 76' lang='grc' dir='ltr'>ἔθνους,</span> <span class='ocrx_word' id='word_1_199' title='bbox 1334 1719 1466 1789; x_wconf 86' lang='grc' dir='ltr'>ὁμοῦ</span> <span class='ocrx_word' id='word_1_200' title='bbox 1499 1715 1589 1772; x_wconf 85' lang='grc' dir='ltr'><strong>οῦν</strong></span> <span class='ocrx_word' id='word_1_201' title='bbox 1615 1719 1866 1770; x_wconf 79' lang='grc' dir='ltr'>ἐπέθεντο</span> <span class='ocrx_word' id='word_1_202' title='bbox 1889 1719 2006 1770; x_wconf 86' lang='grc' dir='ltr'>κατ’</span> <span class='ocrx_word' id='word_1_203' title='bbox 2042 1716 2215 1768; x_wconf 75' lang='grc' dir='ltr'>αὐτῶν</span> <span class='ocrx_word' id='word_1_204' title='bbox 2246 1717 2310 1785; x_wconf 77' lang='grc' dir='ltr'>τῇ</span> <span class='ocrx_word' id='word_1_205' title='bbox 2339 1715 2443 1766; x_wconf 80' lang='grc' dir='ltr'>τῶν</span> <span class='ocrx_word' id='word_1_206' title='bbox 2463 1713 2810 1767; x_wconf 79' lang='grc' dir='ltr'>Βαϐυλωνίων</span> <span class='ocrx_word' id='word_1_207' title='bbox 2871 1715 3153 1786; x_wconf 70' lang='grc' dir='ltr'>δυναστείᾳ</span> <span class='ocrx_word' id='word_1_208' title='bbox 3210 1716 3498 1787; x_wconf 85' lang='grc' dir='ltr'>συμμαχή-</span> 
     </span>
    </p>
   </div>
   <div class='ocr_carea' id='block_1_29' title="bbox 295 1806 3496 1881">
    <p class='ocr_par' dir='ltr' id='par_1_29' title="bbox 295 1806 3496 1881">
     <span class='ocr_line' id='line_1_29' title="bbox 295 1806 3496 1881; baseline -0.002 -15"><span class='ocrx_word' id='word_1_209' title='bbox 295 1830 481 1866; x_wconf 89' lang='grc' dir='ltr'>σαντα.</span> <span class='ocrx_word' id='word_1_210' title='bbox 515 1813 648 1865; x_wconf 83' lang='grc' dir='ltr'>Τότε</span> <span class='ocrx_word' id='word_1_211' title='bbox 689 1814 786 1881; x_wconf 83' lang='grc' dir='ltr'>μὲν</span> <span class='ocrx_word' id='word_1_212' title='bbox 815 1810 905 1866; x_wconf 82' lang='grc' dir='ltr'><strong>οῦν</strong></span> <span class='ocrx_word' id='word_1_213' title='bbox 937 1812 1102 1865; x_wconf 78' lang='grc' dir='ltr'>πολλὰ</span> <span class='ocrx_word' id='word_1_214' title='bbox 1130 1812 1360 1881; x_wconf 83' lang='grc' dir='ltr'>συνῆκτο</span> <span class='ocrx_word' id='word_1_215' title='bbox 1410 1815 1525 1866; x_wconf 82' lang='grc' dir='ltr'>κατ’</span> <span class='ocrx_word' id='word_1_216' title='bbox 1557 1812 1734 1865; x_wconf 78' lang='grc' dir='ltr'>αὐτῶν</span> <span class='ocrx_word' id='word_1_217' title='bbox 1757 1811 1825 1862; x_wconf 83' lang='grc' dir='ltr'>τὰ</span> <span class='ocrx_word' id='word_1_218' title='bbox 1844 1815 1953 1872; x_wconf 85' lang='grc' dir='ltr'>τοῖς</span> <span class='ocrx_word' id='word_1_219' title='bbox 1986 1809 2285 1878; x_wconf 83' lang='grc' dir='ltr'>Ἀσσυρίοις</span> <span class='ocrx_word' id='word_1_220' title='bbox 2299 1806 2682 1878; x_wconf 85' lang='grc' dir='ltr'>συμμαχοῦντα</span> <span class='ocrx_word' id='word_1_221' title='bbox 2713 1807 2855 1878; x_wconf 79' lang='grc' dir='ltr'>ἔθνη.</span> <span class='ocrx_word' id='word_1_222' title='bbox 2883 1807 3016 1860; x_wconf 76' lang='grc' dir='ltr'>Οὒτε</span> <span class='ocrx_word' id='word_1_223' title='bbox 3049 1809 3103 1862; x_wconf 83' lang='grc' dir='ltr'>δὲ</span> <span class='ocrx_word' id='word_1_224' title='bbox 3132 1809 3268 1861; x_wconf 86' lang='grc' dir='ltr'><strong>κατά</strong></span> <span class='ocrx_word' id='word_1_225' title='bbox 3301 1809 3496 1861; x_wconf 77' lang='grc' dir='ltr'>Ἀντίο-</span> 
     </span>
    </p>
   </div>
   <div class='ocr_carea' id='block_1_30' title="bbox 289 1900 3492 1987">
    <p class='ocr_par' dir='ltr' id='par_1_30' title="bbox 289 1900 3492 1987">
     <span class='ocr_line' id='line_1_30' title="bbox 289 1900 3492 1987; baseline -0.003 -27"><span class='ocrx_word' id='word_1_226' title='bbox 289 1925 404 1978; x_wconf 86' lang='grc' dir='ltr'>χον,</span> <span class='ocrx_word' id='word_1_227' title='bbox 429 1907 548 1959; x_wconf 75' lang='grc' dir='ltr'>οὔτε</span> <span class='ocrx_word' id='word_1_228' title='bbox 571 1908 708 1961; x_wconf 82' lang='grc' dir='ltr'>κατὰ</span> <span class='ocrx_word' id='word_1_229' title='bbox 739 1909 836 1978; x_wconf 85' lang='grc' dir='ltr'>τὴν</span> <span class='ocrx_word' id='word_1_230' title='bbox 864 1909 1096 1976; x_wconf 80' lang='grc' dir='ltr'>ὑστάτην</span> <span class='ocrx_word' id='word_1_231' title='bbox 1169 1907 1498 1987; x_wconf 85' lang='grc' dir='ltr'>πολιορκίαν,</span> <span class='ocrx_word' id='word_1_232' title='bbox 1537 1906 1601 1959; x_wconf 80' lang='grc' dir='ltr'>τὰ</span> <span class='ocrx_word' id='word_1_233' title='bbox 1663 1904 2218 1976; x_wconf 81' lang='grc' dir='ltr'>προκατηριθμημένα</span> <span class='ocrx_word' id='word_1_234' title='bbox 2263 1902 2389 1972; x_wconf 73' lang='grc' dir='ltr'>ἔθνη</span> <span class='ocrx_word' id='word_1_235' title='bbox 2418 1903 2660 1970; x_wconf 84' lang='grc' dir='ltr'>φαίνεται</span> <span class='ocrx_word' id='word_1_236' title='bbox 2698 1904 3146 1972; x_wconf 71' lang='grc' dir='ltr'>συμμαχήσαντα</span> <span class='ocrx_word' id='word_1_237' title='bbox 3189 1900 3492 1970; x_wconf 82' lang='grc' dir='ltr'>Ῥωμαίοις,</span> 
     </span>
    </p>
   </div>
   <div class='ocr_carea' id='block_1_31' title="bbox 281 2000 1840 2071">
    <p class='ocr_par' dir='ltr' id='par_1_31' title="bbox 281 2000 1840 2071">
     <span class='ocr_line' id='line_1_31' title="bbox 281 2000 1840 2071; baseline -0.001 -18"><span class='ocrx_word' id='word_1_238' title='bbox 281 2000 524 2071; x_wconf 72' lang='grc' dir='ltr'>ὁπηνίκα</span> <span class='ocrx_word' id='word_1_239' title='bbox 558 2001 646 2053; x_wconf 85' lang='grc' dir='ltr'><strong>τὸν</strong></span> <span class='ocrx_word' id='word_1_240' title='bbox 688 2001 823 2071; x_wconf 85' lang='grc' dir='ltr'>πρὸς</span> <span class='ocrx_word' id='word_1_241' title='bbox 865 2001 1143 2064; x_wconf 85' lang='grc' dir='ltr'>Ἰουδαίους</span> <span class='ocrx_word' id='word_1_242' title='bbox 1169 2003 1556 2071; x_wconf 79' lang='grc' dir='ltr'>συνεστήσαντο</span> <span class='ocrx_word' id='word_1_243' title='bbox 1589 2001 1840 2069; x_wconf 83' lang='grc' dir='ltr'>πόλεμον.</span> 
     </span>
    </p>
   </div>
   <div class='ocr_carea' id='block_1_32' title="bbox 335 2107 2075 2196">
    <p class='ocr_par' dir='ltr' id='par_1_32' title="bbox 335 2113 2075 2196">
     <span class='ocr_line' id='line_1_32' title="bbox 335 2113 2075 2196; baseline 0.004 -22"><span class='ocrx_word' id='word_1_244' title='bbox 335 2121 623 2196; x_wconf 40' lang='grc' dir='ltr'>,Ποίησον</span> <span class='ocrx_word' id='word_1_245' title='bbox 647 2121 844 2186; x_wconf 83' lang='grc' dir='ltr'>αὐτοῖς</span> <span class='ocrx_word' id='word_1_246' title='bbox 873 2122 953 2186; x_wconf 87' lang='grc' dir='ltr'>ὠς</span> <span class='ocrx_word' id='word_1_247' title='bbox 980 2121 1053 2189; x_wconf 82' lang='grc' dir='ltr'>τῇ</span> <span class='ocrx_word' id='word_1_248' title='bbox 1084 2121 1311 2175; x_wconf 80' lang='grc' dir='ltr'>Μαδιὰν</span> <span class='ocrx_word' id='word_1_249' title='bbox 1339 2122 1434 2174; x_wconf 79' lang='grc' dir='ltr'><strong>καὶ</strong></span> <span class='ocrx_word' id='word_1_250' title='bbox 1469 2121 1547 2186; x_wconf 85' lang='grc' dir='ltr'>τῷ</span> <span class='ocrx_word' id='word_1_251' title='bbox 1579 2119 1804 2188; x_wconf 82' lang='grc' dir='ltr'>Σισάρᾳ</span> <span class='ocrx_word' id='word_1_252' title='bbox 1825 2160 1837 2182; x_wconf 90' lang='grc'><strong>,</strong></span> <span class='ocrx_word' id='word_1_253' title='bbox 1873 2126 1914 2180; x_wconf 86' lang='grc' dir='ltr'><strong>Β</strong></span> <span class='ocrx_word' id='word_1_254' title='bbox 2012 2113 2075 2167; x_wconf 66' lang='lat' dir='ltr'><strong>Vl</strong></span> 
     </span>
    </p>
   </div>
   <div class='ocr_carea' id='block_1_33' title="bbox 1750 2107 3490 2196">
    <p class='ocr_par' dir='ltr' id='par_1_33' title="bbox 1750 2107 3490 2186">
     <span class='ocr_line' id='line_1_33' title="bbox 1750 2107 3490 2186; baseline -0.002 -18"><span class='ocrx_word' id='word_1_255' title='bbox 1750 2137 1837 2186; x_wconf 83' lang='grc' dir='ltr'><strong>)ᾳ,</strong></span> <span class='ocrx_word' id='word_1_256' title='bbox 1873 2126 1914 2180; x_wconf 79' lang='grc' dir='ltr'><strong>Β</strong></span> <span class='ocrx_word' id='word_1_257' title='bbox 2012 2113 2178 2167; x_wconf 65' lang='lat' dir='ltr'><strong>Vens.</strong></span> <span class='ocrx_word' id='word_1_258' title='bbox 2223 2112 2409 2165; x_wconf 66' lang='grc'><strong>10-12.</strong></span> <span class='ocrx_word' id='word_1_259' title='bbox 2452 2110 2487 2162; x_wconf 62' lang='lat'><strong>1&quot;</strong></span> <span class='ocrx_word' id='word_1_260' title='bbox 2505 2128 2563 2162; x_wconf 80' lang='lat' dir='ltr'><strong>ac</strong></span> <span class='ocrx_word' id='word_1_261' title='bbox 2596 2111 2701 2163; x_wconf 76' lang='lat' dir='ltr'><strong>illis</strong></span> <span class='ocrx_word' id='word_1_262' title='bbox 2742 2113 2874 2162; x_wconf 88' lang='lat' dir='ltr'><strong>sicut</strong></span> <span class='ocrx_word' id='word_1_263' title='bbox 2914 2107 3135 2162; x_wconf 82' lang='lat' dir='ltr'><strong>Madian</strong></span> <span class='ocrx_word' id='word_1_264' title='bbox 3169 2119 3218 2163; x_wconf 90' lang='lat' dir='ltr'><strong>et</strong></span> <span class='ocrx_word' id='word_1_265' title='bbox 3258 2110 3490 2175; x_wconf 70' lang='grc' dir='ltr'>δίδοι-α’,</span> 
     </span>
    </p>
   </div>
   <div class='ocr_carea' id='block_1_34' title="bbox 278 2210 1846 2282">
    <p class='ocr_par' dir='ltr' id='par_1_34' title="bbox 278 2210 1846 2282">
     <span class='ocr_line' id='line_1_34' title="bbox 278 2210 1846 2282; baseline 0 -17"><span class='ocrx_word' id='word_1_266' title='bbox 278 2210 365 2277; x_wconf 79' lang='grc' dir='ltr'>ὡς</span> <span class='ocrx_word' id='word_1_267' title='bbox 392 2211 470 2276; x_wconf 81' lang='grc' dir='ltr'>τῷ</span> <span class='ocrx_word' id='word_1_268' title='bbox 513 2213 682 2281; x_wconf 81' lang='grc' dir='ltr'>Ἰαϐὶμ</span> <span class='ocrx_word' id='word_1_269' title='bbox 712 2214 779 2265; x_wconf 89' lang='grc' dir='ltr'><strong>ἐν</strong></span> <span class='ocrx_word' id='word_1_270' title='bbox 803 2213 880 2277; x_wconf 82' lang='grc' dir='ltr'>τῷ</span> <span class='ocrx_word' id='word_1_271' title='bbox 910 2214 1196 2282; x_wconf 63' lang='grc' dir='ltr'>χειμάρρῳ</span> <span class='ocrx_word' id='word_1_272' title='bbox 1216 2212 1428 2268; x_wconf 85' lang='grc' dir='ltr'>Κισών.</span> <span class='ocrx_word' id='word_1_273' title='bbox 1467 2213 1846 2279; x_wconf 71' lang='grc' dir='ltr'>Ἐξωλοθρεύ-</span> 
     </span>
    </p>
   </div>
   <div class='ocr_carea' id='block_1_35' title="bbox 287 2300 1846 2376">
    <p class='ocr_par' dir='ltr' id='par_1_35' title="bbox 287 2300 1846 2376">
     <span class='ocr_line' id='line_1_35' title="bbox 287 2300 1846 2376; baseline 0 -23"><span class='ocrx_word' id='word_1_274' title='bbox 287 2303 489 2366; x_wconf 80' lang='grc' dir='ltr'>θησαν</span> <span class='ocrx_word' id='word_1_275' title='bbox 513 2301 580 2353; x_wconf 84' lang='grc' dir='ltr'><strong>ὲν</strong></span> <span class='ocrx_word' id='word_1_276' title='bbox 611 2301 870 2370; x_wconf 81' lang='grc' dir='ltr'>Ἀενδὼρ,</span> <span class='ocrx_word' id='word_1_277' title='bbox 900 2303 1268 2372; x_wconf 73' lang='grc' dir='ltr'>ἐγενήθησαν</span> <span class='ocrx_word' id='word_1_278' title='bbox 1318 2303 1458 2356; x_wconf 76' lang='grc' dir='ltr'>ὡσεὶ</span> <span class='ocrx_word' id='word_1_279' title='bbox 1511 2304 1728 2376; x_wconf 73' lang='grc' dir='ltr'>κόπρος</span> <span class='ocrx_word' id='word_1_280' title='bbox 1773 2300 1846 2368; x_wconf 76' lang='grc' dir='ltr'>τῇ</span> 
     </span>
    </p>
   </div>
   <div class='ocr_carea' id='block_1_36' title="bbox 285 2384 1845 2460">
    <p class='ocr_par' dir='ltr' id='par_1_36' title="bbox 285 2384 1845 2460">
     <span class='ocr_line' id='line_1_36' title="bbox 285 2384 1845 2460; baseline 0.001 -20"><span class='ocrx_word' id='word_1_281' title='bbox 285 2384 388 2455; x_wconf 68' lang='grc' dir='ltr'>γῇ.</span> <span class='ocrx_word' id='word_1_282' title='bbox 420 2388 534 2442; x_wconf 88' lang='grc' dir='ltr'><strong>Θοῦ</strong></span> <span class='ocrx_word' id='word_1_283' title='bbox 565 2389 701 2456; x_wconf 85' lang='grc' dir='ltr'>τοὺς</span> <span class='ocrx_word' id='word_1_284' title='bbox 737 2390 1028 2460; x_wconf 77' lang='grc' dir='ltr'>ἄρχοντας</span> <span class='ocrx_word' id='word_1_285' title='bbox 1064 2391 1259 2445; x_wconf 82' lang='grc' dir='ltr'>αὐτῶν</span> <span class='ocrx_word' id='word_1_286' title='bbox 1293 2393 1374 2457; x_wconf 83' lang='grc' dir='ltr'>ὡς</span> <span class='ocrx_word' id='word_1_287' title='bbox 1405 2392 1510 2445; x_wconf 81' lang='grc' dir='ltr'><strong>τὸν</strong></span> <span class='ocrx_word' id='word_1_288' title='bbox 1545 2391 1720 2458; x_wconf 79' lang='grc' dir='ltr'><strong>Ὠρὴϐ</strong></span> <span class='ocrx_word' id='word_1_289' title='bbox 1750 2391 1845 2442; x_wconf 78' lang='grc' dir='ltr'>καὶ</span> 
     </span>
    </p>
   </div>
   <div class='ocr_carea' id='block_1_37' title="bbox 285 2473 1844 2551">
    <p class='ocr_par' dir='ltr' id='par_1_37' title="bbox 285 2473 1844 2551">
     <span class='ocr_line' id='line_1_37' title="bbox 285 2473 1844 2551; baseline -0.001 -20"><span class='ocrx_word' id='word_1_290' title='bbox 285 2475 416 2544; x_wconf 77' lang='grc' dir='ltr'><strong>Ζὴό</strong></span> <span class='ocrx_word' id='word_1_291' title='bbox 473 2478 568 2532; x_wconf 79' lang='grc' dir='ltr'><strong>καί</strong></span> <span class='ocrx_word' id='word_1_292' title='bbox 624 2481 795 2533; x_wconf 84' lang='grc' dir='ltr'>Ζεϐεὲ</span> <span class='ocrx_word' id='word_1_293' title='bbox 850 2480 948 2534; x_wconf 77' lang='grc' dir='ltr'><strong>καὶ</strong></span> <span class='ocrx_word' id='word_1_294' title='bbox 996 2481 1304 2551; x_wconf 72' lang='grc' dir='ltr'>Σαλμωνεῖ.</span> <span class='ocrx_word' id='word_1_295' title='bbox 1372 2473 1606 2534; x_wconf 78' lang='grc' dir='ltr'>Τοιαῦτα</span> <span class='ocrx_word' id='word_1_296' title='bbox 1662 2479 1844 2532; x_wconf 86' lang='grc' dir='ltr'>θεσπί-</span> 
     </span>
    </p>
   </div>
   <div class='ocr_carea' id='block_1_38' title="bbox 287 2565 1842 2641">
    <p class='ocr_par' dir='ltr' id='par_1_38' title="bbox 287 2565 1842 2641">
     <span class='ocr_line' id='line_1_38' title="bbox 287 2565 1842 2641; baseline 0.003 -22"><span class='ocrx_word' id='word_1_297' title='bbox 287 2565 374 2630; x_wconf 77' lang='grc' dir='ltr'>ζει</span> <span class='ocrx_word' id='word_1_298' title='bbox 417 2569 663 2636; x_wconf 84' lang='grc' dir='ltr'>γενέσθαι</span> <span class='ocrx_word' id='word_1_299' title='bbox 695 2573 805 2632; x_wconf 84' lang='grc' dir='ltr'>τοῖς</span> <span class='ocrx_word' id='word_1_300' title='bbox 837 2571 1208 2640; x_wconf 82' lang='grc' dir='ltr'>προλεχθεῖσιν</span> <span class='ocrx_word' id='word_1_301' title='bbox 1243 2572 1448 2626; x_wconf 71' lang='grc' dir='ltr'>ἔθνεσιν</span> <span class='ocrx_word' id='word_1_302' title='bbox 1479 2575 1507 2625; x_wconf 93' lang='lat'><strong>6</strong></span> <span class='ocrx_word' id='word_1_303' title='bbox 1535 2573 1842 2641; x_wconf 83' lang='grc' dir='ltr'><strong>Προφήτης,</strong></span> 
     </span>
    </p>
   </div>
   <div class='ocr_carea' id='block_1_39' title="bbox 278 2659 1845 2732">
    <p class='ocr_par' dir='ltr' id='par_1_39' title="bbox 278 2659 1845 2732">
     <span class='ocr_line' id='line_1_39' title="bbox 278 2659 1845 2732; baseline -0.001 -20"><span class='ocrx_word' id='word_1_304' title='bbox 278 2659 449 2713; x_wconf 76' lang='grc' dir='ltr'>ὁποῖα</span> <span class='ocrx_word' id='word_1_305' title='bbox 493 2663 557 2730; x_wconf 75' lang='grc' dir='ltr'>τῇ</span> <span class='ocrx_word' id='word_1_306' title='bbox 603 2661 824 2730; x_wconf 86' lang='grc' dir='ltr'>Μαδιὰμ</span> <span class='ocrx_word' id='word_1_307' title='bbox 878 2663 969 2714; x_wconf 89' lang='grc' dir='ltr'><strong>καὶ</strong></span> <span class='ocrx_word' id='word_1_308' title='bbox 995 2661 1070 2730; x_wconf 85' lang='grc' dir='ltr'>τῷ</span> <span class='ocrx_word' id='word_1_309' title='bbox 1104 2663 1328 2732; x_wconf 81' lang='grc' dir='ltr'>Σισάρᾳ,</span> <span class='ocrx_word' id='word_1_310' title='bbox 1362 2662 1454 2714; x_wconf 88' lang='grc' dir='ltr'><strong>καὶ</strong></span> <span class='ocrx_word' id='word_1_311' title='bbox 1478 2660 1554 2728; x_wconf 82' lang='grc' dir='ltr'>τῷ</span> <span class='ocrx_word' id='word_1_312' title='bbox 1589 2660 1763 2729; x_wconf 82' lang='grc' dir='ltr'>Ἰαόὶμ</span> <span class='ocrx_word' id='word_1_313' title='bbox 1787 2661 1845 2712; x_wconf 82' lang='grc' dir='ltr'>ὲν</span> 
     </span>
    </p>
   </div>
   <div class='ocr_carea' id='block_1_40' title="bbox 283 2748 1847 2822">
    <p class='ocr_par' dir='ltr' id='par_1_40' title="bbox 283 2748 1847 2822">
     <span class='ocr_line' id='line_1_40' title="bbox 283 2748 1847 2822; baseline -0.001 -19"><span class='ocrx_word' id='word_1_314' title='bbox 283 2748 368 2819; x_wconf 82' lang='grc' dir='ltr'>τῷ</span> <span class='ocrx_word' id='word_1_315' title='bbox 400 2750 680 2822; x_wconf 75' lang='grc' dir='ltr'>χειμάρρῳ</span> <span class='ocrx_word' id='word_1_316' title='bbox 705 2751 885 2804; x_wconf 84' lang='grc' dir='ltr'>Κισὼν</span> <span class='ocrx_word' id='word_1_317' title='bbox 919 2751 1112 2821; x_wconf 79' lang='grc' dir='ltr'>συνέὸη</span> <span class='ocrx_word' id='word_1_318' title='bbox 1145 2753 1272 2805; x_wconf 84' lang='grc' dir='ltr'>ποτέ</span> <span class='ocrx_word' id='word_1_319' title='bbox 1298 2769 1311 2782; x_wconf 77' lang='grc' dir='ltr'><strong>ο</strong></span> <span class='ocrx_word' id='word_1_320' title='bbox 1337 2752 1528 2814; x_wconf 81' lang='grc' dir='ltr'>οἵτινες</span> <span class='ocrx_word' id='word_1_321' title='bbox 1553 2750 1687 2821; x_wconf 85' lang='grc' dir='ltr'>ὁμοῦ</span> <span class='ocrx_word' id='word_1_322' title='bbox 1714 2751 1847 2803; x_wconf 84' lang='grc' dir='ltr'>πάν-</span> 
     </span>
    </p>
   </div>
   <div class='ocr_carea' id='block_1_41' title="bbox 285 2839 1847 2914">
    <p class='ocr_par' dir='ltr' id='par_1_41' title="bbox 285 2839 1847 2914">
     <span class='ocr_line' id='line_1_41' title="bbox 285 2839 1847 2914; baseline 0.003 -23"><span class='ocrx_word' id='word_1_323' title='bbox 285 2855 381 2902; x_wconf 83' lang='grc' dir='ltr'><strong>τες</strong></span> <span class='ocrx_word' id='word_1_324' title='bbox 422 2839 884 2911; x_wconf 78' lang='grc' dir='ltr'>ὲξωλοθρεύθησαν</span> <span class='ocrx_word' id='word_1_325' title='bbox 940 2843 995 2892; x_wconf 80' lang='grc' dir='ltr'>ὲν</span> <span class='ocrx_word' id='word_1_326' title='bbox 1055 2841 1282 2912; x_wconf 80' lang='grc' dir='ltr'>’Δενδὼρ</span> <span class='ocrx_word' id='word_1_327' title='bbox 1309 2882 1321 2905; x_wconf 91' lang='grc'><strong>,</strong></span> <span class='ocrx_word' id='word_1_328' title='bbox 1376 2843 1468 2897; x_wconf 87' lang='grc' dir='ltr'><strong>καὶ</strong></span> <span class='ocrx_word' id='word_1_329' title='bbox 1515 2844 1847 2914; x_wconf 76' lang='grc' dir='ltr'>ἐγενήθησαν</span> 
     </span>
    </p>
   </div>
   <div class='ocr_carea' id='block_1_42' title="bbox 283 2929 1847 3005">
    <p class='ocr_par' dir='ltr' id='par_1_42' title="bbox 283 2929 1847 3005">
     <span class='ocr_line' id='line_1_42' title="bbox 283 2929 1847 3005; baseline 0.004 -23"><span class='ocrx_word' id='word_1_330' title='bbox 283 2929 419 2982; x_wconf 79' lang='grc' dir='ltr'>ὡσεὶ</span> <span class='ocrx_word' id='word_1_331' title='bbox 471 2931 668 3002; x_wconf 85' lang='grc' dir='ltr'>κόπρος</span> <span class='ocrx_word' id='word_1_332' title='bbox 725 2936 788 3004; x_wconf 76' lang='grc' dir='ltr'>τῇ</span> <span class='ocrx_word' id='word_1_333' title='bbox 813 2937 901 3004; x_wconf 84' lang='grc' dir='ltr'><strong>γῇ.</strong></span> <span class='ocrx_word' id='word_1_334' title='bbox 940 2934 1096 2988; x_wconf 81' lang='grc' dir='ltr'>Ἀλλὰ</span> <span class='ocrx_word' id='word_1_335' title='bbox 1134 2936 1381 2997; x_wconf 77' lang='grc' dir='ltr'>καὶτοὺς</span> <span class='ocrx_word' id='word_1_336' title='bbox 1412 2935 1690 3005; x_wconf 81' lang='grc' dir='ltr'>’ἄρχοντας</span> <span class='ocrx_word' id='word_1_337' title='bbox 1741 2936 1847 2990; x_wconf 84' lang='grc' dir='ltr'><strong>τῶν</strong></span> 
     </span>
    </p>
   </div>
   <div class='ocr_carea' id='block_1_43' title="bbox 283 3019 1847 3093">
    <p class='ocr_par' dir='ltr' id='par_1_43' title="bbox 283 3019 1847 3093">
     <span class='ocr_line' id='line_1_43' title="bbox 283 3019 1847 3093; baseline 0.004 -17"><span class='ocrx_word' id='word_1_338' title='bbox 283 3019 690 3093; x_wconf 76' lang='grc' dir='ltr'>προλεχθέντων</span> <span class='ocrx_word' id='word_1_339' title='bbox 740 3021 903 3076; x_wconf 78' lang='grc' dir='ltr'>ἐθνῶν</span> <span class='ocrx_word' id='word_1_340' title='bbox 938 3023 1158 3077; x_wconf 83' lang='grc' dir='ltr'>τοιαῦτα</span> <span class='ocrx_word' id='word_1_341' title='bbox 1223 3024 1412 3078; x_wconf 72' lang='grc' dir='ltr'>ποθεῖν</span> <span class='ocrx_word' id='word_1_342' title='bbox 1464 3024 1638 3090; x_wconf 81' lang='grc' dir='ltr'>ἀξιοῖ,</span> <span class='ocrx_word' id='word_1_343' title='bbox 1689 3029 1847 3082; x_wconf 81' lang='grc' dir='ltr'>ὁποῖα</span> 
     </span>
    </p>
   </div>
   <div class='ocr_carea' id='block_1_44' title="bbox 289 3109 1848 3186">
    <p class='ocr_par' dir='ltr' id='par_1_44' title="bbox 289 3109 1848 3186">
     <span class='ocr_line' id='line_1_44' title="bbox 289 3109 1848 3186; baseline 0.004 -22"><span class='ocrx_word' id='word_1_344' title='bbox 289 3109 620 3164; x_wconf 77' lang='grc' dir='ltr'>πεπόνθασιν</span> <span class='ocrx_word' id='word_1_345' title='bbox 687 3112 848 3183; x_wconf 78' lang='grc' dir='ltr'><strong>Ὠρὴὸ</strong></span> <span class='ocrx_word' id='word_1_346' title='bbox 897 3113 989 3166; x_wconf 85' lang='grc' dir='ltr'><strong>καὶ</strong></span> <span class='ocrx_word' id='word_1_347' title='bbox 1028 3113 1136 3184; x_wconf 78' lang='grc' dir='ltr'>Ζηδ</span> <span class='ocrx_word' id='word_1_348' title='bbox 1179 3115 1283 3167; x_wconf 78' lang='grc' dir='ltr'>καὶ.</span> <span class='ocrx_word' id='word_1_349' title='bbox 1315 3114 1475 3167; x_wconf 78' lang='grc' dir='ltr'><strong>Ζεόεὲ</strong></span> <span class='ocrx_word' id='word_1_350' title='bbox 1501 3115 1592 3167; x_wconf 87' lang='grc' dir='ltr'><strong>καὶ</strong></span> <span class='ocrx_word' id='word_1_351' title='bbox 1627 3115 1848 3186; x_wconf 88' lang='grc' dir='ltr'>Σαλμω-</span> 
     </span>
    </p>
   </div>
   <div class='ocr_carea' id='block_1_45' title="bbox 288 3202 1843 3278">
    <p class='ocr_par' dir='ltr' id='par_1_45' title="bbox 288 3202 1843 3278">
     <span class='ocr_line' id='line_1_45' title="bbox 288 3202 1843 3278; baseline 0.002 -22"><span class='ocrx_word' id='word_1_352' title='bbox 288 3204 406 3264; x_wconf 83' lang='grc' dir='ltr'>νᾶς.</span> <span class='ocrx_word' id='word_1_353' title='bbox 438 3202 719 3256; x_wconf 84' lang='grc' dir='ltr'>Τούτωνδὲ</span> <span class='ocrx_word' id='word_1_354' title='bbox 747 3205 959 3258; x_wconf 82' lang='grc' dir='ltr'>πάντων</span> <span class='ocrx_word' id='word_1_355' title='bbox 992 3204 1089 3275; x_wconf 82' lang='grc' dir='ltr'>τὴν</span> <span class='ocrx_word' id='word_1_356' title='bbox 1123 3204 1356 3276; x_wconf 76' lang='grc' dir='ltr'>ἱστορίαν</span> <span class='ocrx_word' id='word_1_357' title='bbox 1399 3206 1647 3276; x_wconf 83' lang='grc' dir='ltr'>εὑρήσεις</span> <span class='ocrx_word' id='word_1_358' title='bbox 1697 3209 1752 3259; x_wconf 85' lang='grc' dir='ltr'>ὲν</span> <span class='ocrx_word' id='word_1_359' title='bbox 1780 3210 1843 3278; x_wconf 77' lang='grc' dir='ltr'>τῇ</span> 
     </span>
    </p>
   </div>
   <div class='ocr_carea' id='block_1_46' title="bbox 283 3293 1846 3370">
    <p class='ocr_par' dir='ltr' id='par_1_46' title="bbox 283 3293 1846 3370">
     <span class='ocr_line' id='line_1_46' title="bbox 283 3293 1846 3370; baseline 0.004 -23"><span class='ocrx_word' id='word_1_360' title='bbox 283 3294 457 3366; x_wconf 74' lang='grc' dir='ltr'><strong>βίὸλῳ</strong></span> <span class='ocrx_word' id='word_1_361' title='bbox 502 3297 802 3366; x_wconf 84' lang='grc' dir='ltr'>φερομένην</span> <span class='ocrx_word' id='word_1_362' title='bbox 845 3296 950 3348; x_wconf 88' lang='grc' dir='ltr'><strong>τῶν</strong></span> <span class='ocrx_word' id='word_1_363' title='bbox 1009 3293 1246 3367; x_wconf 79' lang='grc' dir='ltr'>Κριτῶνο</span> <span class='ocrx_word' id='word_1_364' title='bbox 1285 3298 1412 3350; x_wconf 76' lang='grc' dir='ltr'>ἔνθα</span> <span class='ocrx_word' id='word_1_365' title='bbox 1438 3299 1529 3350; x_wconf 89' lang='grc' dir='ltr'><strong>καὶ</strong></span> <span class='ocrx_word' id='word_1_366' title='bbox 1577 3301 1603 3350; x_wconf 90' lang='grc' dir='ltr'><strong>ό</strong></span> <span class='ocrx_word' id='word_1_367' title='bbox 1640 3299 1846 3370; x_wconf 76' lang='grc' dir='ltr'>Σισὰρα</span> 
     </span>
    </p>
   </div>
   <div class='ocr_carea' id='block_1_47' title="bbox 287 3371 1848 3459">
    <p class='ocr_par' dir='ltr' id='par_1_47' title="bbox 287 3371 1848 3459">
     <span class='ocr_line' id='line_1_47' title="bbox 287 3371 1848 3459; baseline 0.001 -18"><span class='ocrx_word' id='word_1_368' title='bbox 287 3387 386 3441; x_wconf 76' lang='grc' dir='ltr'><strong>καὶ</strong></span> <span class='ocrx_word' id='word_1_369' title='bbox 404 3389 431 3438; x_wconf 91' lang='lat'><strong>6</strong></span> <span class='ocrx_word' id='word_1_370' title='bbox 466 3386 648 3450; x_wconf 75' lang='grc' dir='ltr'>Ἰαϐὶς,</span> <span class='ocrx_word' id='word_1_371' title='bbox 681 3388 774 3440; x_wconf 85' lang='grc' dir='ltr'><strong>καὶ</strong></span> <span class='ocrx_word' id='word_1_372' title='bbox 791 3389 839 3439; x_wconf 85' lang='grc' dir='ltr'><strong>οἱ</strong></span> <span class='ocrx_word' id='word_1_373' title='bbox 865 3371 1548 3459; x_wconf 83' lang='grc' dir='ltr'>λοιποὶκατωνομασμένοι,</span> <span class='ocrx_word' id='word_1_374' title='bbox 1568 3390 1736 3442; x_wconf 87' lang='grc' dir='ltr'>ὁπόσα</span> <span class='ocrx_word' id='word_1_375' title='bbox 1754 3391 1848 3444; x_wconf 81' lang='grc' dir='ltr'><strong>καὶ</strong></span> 
     </span>
    </p>
   </div>
   <div class='ocr_carea' id='block_1_48' title="bbox 283 3477 1846 3550">
    <p class='ocr_par' dir='ltr' id='par_1_48' title="bbox 283 3477 1846 3550">
     <span class='ocr_line' id='line_1_48' title="bbox 283 3477 1846 3550; baseline 0 -18"><span class='ocrx_word' id='word_1_376' title='bbox 283 3479 413 3534; x_wconf 86' lang='grc' dir='ltr'>τίνα</span> <span class='ocrx_word' id='word_1_377' title='bbox 453 3477 588 3531; x_wconf 77' lang='grc' dir='ltr'>κατὰ</span> <span class='ocrx_word' id='word_1_378' title='bbox 633 3478 726 3529; x_wconf 89' lang='grc' dir='ltr'><strong>τοῦ</strong></span> <span class='ocrx_word' id='word_1_379' title='bbox 780 3479 991 3549; x_wconf 86' lang='grc' dir='ltr'>Ἰσραὴλ</span> <span class='ocrx_word' id='word_1_380' title='bbox 1040 3481 1468 3550; x_wconf 78' lang='grc' dir='ltr'>ἐμηχανήσαντο,</span> <span class='ocrx_word' id='word_1_381' title='bbox 1534 3481 1626 3533; x_wconf 84' lang='grc' dir='ltr'><strong>καὶ</strong></span> <span class='ocrx_word' id='word_1_382' title='bbox 1687 3483 1846 3532; x_wconf 84' lang='grc' dir='ltr'>ὁποῖα</span> 
     </span>
    </p>
   </div>
   <div class='ocr_carea' id='block_1_49' title="bbox 284 3567 1844 3641">
    <p class='ocr_par' dir='ltr' id='par_1_49' title="bbox 284 3567 1844 3641">
     <span class='ocr_line' id='line_1_49' title="bbox 284 3567 1844 3641; baseline 0 -18"><span class='ocrx_word' id='word_1_383' title='bbox 284 3567 695 3637; x_wconf 67' lang='grc' dir='ltr'>πεπόνθασιν,ή</span> <span class='ocrx_word' id='word_1_384' title='bbox 732 3568 917 3639; x_wconf 81' lang='grc' dir='ltr'>Γραφὴ</span> <span class='ocrx_word' id='word_1_385' title='bbox 952 3570 1292 3640; x_wconf 88' lang='grc' dir='ltr'>παρίστησιν.</span> <span class='ocrx_word' id='word_1_386' title='bbox 1336 3573 1446 3640; x_wconf 82' lang='grc' dir='ltr'><strong>Ἐφ’</strong></span> <span class='ocrx_word' id='word_1_387' title='bbox 1491 3572 1556 3640; x_wconf 80' lang='grc' dir='ltr'>ἢν</span> <span class='ocrx_word' id='word_1_388' title='bbox 1603 3572 1844 3641; x_wconf 85' lang='grc' dir='ltr'>ἀναπέμ-</span> 
     </span>
    </p>
   </div>
   <div class='ocr_carea' id='block_1_50' title="bbox 284 3655 1844 3728">
    <p class='ocr_par' dir='ltr' id='par_1_50' title="bbox 284 3655 1844 3728">
     <span class='ocr_line' id='line_1_50' title="bbox 284 3655 1844 3728; baseline 0.002 -19"><span class='ocrx_word' id='word_1_389' title='bbox 284 3656 476 3728; x_wconf 86' lang='grc' dir='ltr'>ψωμεν</span> <span class='ocrx_word' id='word_1_390' title='bbox 501 3656 588 3708; x_wconf 82' lang='grc' dir='ltr'><strong>τὸν</strong></span> <span class='ocrx_word' id='word_1_391' title='bbox 619 3655 934 3726; x_wconf 85' lang='grc' dir='ltr'>βουλόμενον</span> <span class='ocrx_word' id='word_1_392' title='bbox 959 3657 1026 3709; x_wconf 86' lang='grc' dir='ltr'><strong>τὰ</strong></span> <span class='ocrx_word' id='word_1_393' title='bbox 1058 3660 1176 3710; x_wconf 81' lang='grc' dir='ltr'>κατ’</span> <span class='ocrx_word' id='word_1_394' title='bbox 1203 3659 1394 3721; x_wconf 79' lang='grc' dir='ltr'>αὐτοὺς</span> <span class='ocrx_word' id='word_1_395' title='bbox 1419 3658 1633 3721; x_wconf 78' lang='grc' dir='ltr'>εἰδέναι,</span> <span class='ocrx_word' id='word_1_396' title='bbox 1667 3660 1754 3711; x_wconf 81' lang='grc' dir='ltr'>διὰ</span> <span class='ocrx_word' id='word_1_397' title='bbox 1783 3659 1844 3712; x_wconf 85' lang='grc' dir='ltr'>τὺ</span> 
     </span>
    </p>
   </div>
   <div class='ocr_carea' id='block_1_51' title="bbox 290 3744 1844 3820">
    <p class='ocr_par' dir='ltr' id='par_1_51' title="bbox 290 3744 1844 3820">
     <span class='ocr_line' id='line_1_51' title="bbox 290 3744 1844 3820; baseline 0 -18"><span class='ocrx_word' id='word_1_398' title='bbox 290 3748 632 3820; x_wconf 77' lang='grc' dir='ltr'>μακροτέραν</span> <span class='ocrx_word' id='word_1_399' title='bbox 658 3744 790 3800; x_wconf 82' lang='grc' dir='ltr'>εἶναι</span> <span class='ocrx_word' id='word_1_400' title='bbox 815 3750 911 3818; x_wconf 85' lang='grc' dir='ltr'><strong>τὴν</strong></span> <span class='ocrx_word' id='word_1_401' title='bbox 945 3748 1268 3820; x_wconf 82' lang='grc' dir='ltr'>περὶαύτῶν</span> <span class='ocrx_word' id='word_1_402' title='bbox 1293 3748 1558 3820; x_wconf 88' lang='grc' dir='ltr'>διήγησιν.</span> <span class='ocrx_word' id='word_1_403' title='bbox 1599 3749 1677 3802; x_wconf 80' lang='grc' dir='ltr'><strong>Τὰ</strong></span> <span class='ocrx_word' id='word_1_404' title='bbox 1705 3750 1844 3803; x_wconf 86' lang='grc' dir='ltr'>αὐτὰ</span> 
     </span>
    </p>
   </div>
   <div class='ocr_carea' id='block_1_52' title="bbox 288 3835 1844 3909">
    <p class='ocr_par' dir='ltr' id='par_1_52' title="bbox 288 3835 1844 3909">
     <span class='ocr_line' id='line_1_52' title="bbox 288 3835 1844 3909; baseline 0.002 -21"><span class='ocrx_word' id='word_1_405' title='bbox 288 3837 386 3889; x_wconf 74' lang='grc' dir='ltr'><strong>σὺν</strong></span> <span class='ocrx_word' id='word_1_406' title='bbox 409 3835 632 3898; x_wconf 80' lang='grc' dir='ltr'>ἐκείνοις</span> <span class='ocrx_word' id='word_1_407' title='bbox 660 3836 749 3888; x_wconf 90' lang='grc' dir='ltr'><strong>καὶ</strong></span> <span class='ocrx_word' id='word_1_408' title='bbox 772 3835 990 3899; x_wconf 77' lang='grc' dir='ltr'>τούτους</span> <span class='ocrx_word' id='word_1_409' title='bbox 1017 3837 1239 3890; x_wconf 84' lang='grc' dir='ltr'>ἱκετεύει</span> <span class='ocrx_word' id='word_1_410' title='bbox 1272 3836 1621 3902; x_wconf 79' lang='grc' dir='ltr'>παθεῖν,διότι</span> <span class='ocrx_word' id='word_1_411' title='bbox 1649 3840 1844 3909; x_wconf 82' lang='grc' dir='ltr'>ὁμοίως</span> 
     </span>
    </p>
   </div>
   <div class='ocr_carea' id='block_1_53' title="bbox 287 3923 1845 4000">
    <p class='ocr_par' dir='ltr' id='par_1_53' title="bbox 287 3923 1845 4000">
     <span class='ocr_line' id='line_1_53' title="bbox 287 3923 1845 4000; baseline 0.003 -22"><span class='ocrx_word' id='word_1_412' title='bbox 287 3925 510 3991; x_wconf 73' lang='grc' dir='ltr'>ἐκείνοις</span> <span class='ocrx_word' id='word_1_413' title='bbox 543 3928 634 3980; x_wconf 89' lang='grc' dir='ltr'><strong>καὶ</strong></span> <span class='ocrx_word' id='word_1_414' title='bbox 665 3923 1094 4000; x_wconf 80' lang='grc' dir='ltr'>οῦτοιεὶρήκασι,</span> <span class='ocrx_word' id='word_1_415' title='bbox 1124 3931 1677 4000; x_wconf 70' lang='grc' dir='ltr'>κληρονομήσωμεν</span> <span class='ocrx_word' id='word_1_416' title='bbox 1712 3931 1845 3983; x_wconf 82' lang='grc' dir='ltr'>ἐαυ-</span> 
     </span>
    </p>
   </div>
   <div class='ocr_carea' id='block_1_54' title="bbox 286 4017 1846 4090">
    <p class='ocr_par' dir='ltr' id='par_1_54' title="bbox 286 4017 1846 4090">
     <span class='ocr_line' id='line_1_54' title="bbox 286 4017 1846 4090; baseline 0.003 -20"><span class='ocrx_word' id='word_1_417' title='bbox 286 4017 410 4084; x_wconf 82' lang='grc' dir='ltr'>τοῒς</span> <span class='ocrx_word' id='word_1_418' title='bbox 441 4018 508 4071; x_wconf 83' lang='grc' dir='ltr'><strong>τό</strong></span> <span class='ocrx_word' id='word_1_419' title='bbox 549 4019 931 4088; x_wconf 77' lang='grc' dir='ltr'>ἀγιαστήριον</span> <span class='ocrx_word' id='word_1_420' title='bbox 970 4020 1073 4074; x_wconf 87' lang='grc' dir='ltr'><strong>τοῦ</strong></span> <span class='ocrx_word' id='word_1_421' title='bbox 1123 4022 1288 4076; x_wconf 86' lang='grc' dir='ltr'><strong>Θεοῦ.</strong></span> <span class='ocrx_word' id='word_1_422' title='bbox 1322 4023 1541 4090; x_wconf 87' lang='grc' dir='ltr'>Ἔλεγον</span> <span class='ocrx_word' id='word_1_423' title='bbox 1589 4022 1645 4075; x_wconf 81' lang='grc' dir='ltr'>δὲ</span> <span class='ocrx_word' id='word_1_424' title='bbox 1678 4021 1846 4074; x_wconf 83' lang='grc' dir='ltr'>ταῦτα</span> 
     </span>
    </p>
   </div>
   <div class='ocr_carea' id='block_1_55' title="bbox 286 4109 1846 4180">
    <p class='ocr_par' dir='ltr' id='par_1_55' title="bbox 286 4109 1846 4180">
     <span class='ocr_line' id='line_1_55' title="bbox 286 4109 1846 4180; baseline 0.001 -19"><span class='ocrx_word' id='word_1_425' title='bbox 286 4109 384 4161; x_wconf 86' lang='grc' dir='ltr'><strong>καὶ</strong></span> <span class='ocrx_word' id='word_1_426' title='bbox 410 4110 458 4161; x_wconf 90' lang='grc' dir='ltr'><strong>οἱ</strong></span> <span class='ocrx_word' id='word_1_427' title='bbox 494 4111 619 4180; x_wconf 85' lang='grc' dir='ltr'>περὶ</span> <span class='ocrx_word' id='word_1_428' title='bbox 649 4109 738 4163; x_wconf 79' lang='grc' dir='ltr'><strong>τὸν</strong></span> <span class='ocrx_word' id='word_1_429' title='bbox 764 4111 986 4180; x_wconf 83' lang='grc' dir='ltr'>Σισάρα,</span> <span class='ocrx_word' id='word_1_430' title='bbox 1008 4111 1100 4164; x_wconf 87' lang='grc' dir='ltr'><strong>καὶ</strong></span> <span class='ocrx_word' id='word_1_431' title='bbox 1117 4111 1296 4176; x_wconf 76' lang='grc' dir='ltr'>Ἰαϐὶς,</span> <span class='ocrx_word' id='word_1_432' title='bbox 1325 4113 1378 4163; x_wconf 82' lang='grc' dir='ltr'>οἴ</span> <span class='ocrx_word' id='word_1_433' title='bbox 1406 4129 1461 4164; x_wconf 85' lang='grc' dir='ltr'><strong>τε</strong></span> <span class='ocrx_word' id='word_1_434' title='bbox 1485 4111 1677 4175; x_wconf 91' lang='grc' dir='ltr'>λοιποὶ,</span> <span class='ocrx_word' id='word_1_435' title='bbox 1697 4111 1786 4174; x_wconf 84' lang='grc' dir='ltr'><strong>οὓς</strong></span> <span class='ocrx_word' id='word_1_436' title='bbox 1818 4111 1846 4162; x_wconf 85' lang='lat'><strong>6</strong></span> 
     </span>
    </p>
   </div>
   <div class='ocr_carea' id='block_1_56' title="bbox 285 4197 1844 4274">
    <p class='ocr_par' dir='ltr' id='par_1_56' title="bbox 285 4197 1844 4274">
     <span class='ocr_line' id='line_1_56' title="bbox 285 4197 1844 4274; baseline 0.002 -21"><span class='ocrx_word' id='word_1_437' title='bbox 285 4197 442 4270; x_wconf 85' lang='grc' dir='ltr'>λόγος</span> <span class='ocrx_word' id='word_1_438' title='bbox 462 4202 601 4255; x_wconf 83' lang='grc' dir='ltr'>κατὰ</span> <span class='ocrx_word' id='word_1_439' title='bbox 621 4203 760 4267; x_wconf 78' lang='grc' dir='ltr'>λέξιν</span> <span class='ocrx_word' id='word_1_440' title='bbox 791 4203 889 4273; x_wconf 76' lang='grc'>(2),</span> <span class='ocrx_word' id='word_1_441' title='bbox 921 4203 1046 4273; x_wconf 91' lang='grc' dir='ltr'>περὶ</span> <span class='ocrx_word' id='word_1_442' title='bbox 1070 4203 1170 4272; x_wconf 86' lang='grc' dir='ltr'><strong>τῆς</strong></span> <span class='ocrx_word' id='word_1_443' title='bbox 1197 4205 1398 4274; x_wconf 80' lang='grc' dir='ltr'>σκηνῆς</span> <span class='ocrx_word' id='word_1_444' title='bbox 1434 4204 1527 4257; x_wconf 87' lang='grc' dir='ltr'><strong>καὶ</strong></span> <span class='ocrx_word' id='word_1_445' title='bbox 1559 4205 1655 4274; x_wconf 80' lang='grc' dir='ltr'>τῆς</span> <span class='ocrx_word' id='word_1_446' title='bbox 1680 4204 1844 4257; x_wconf 73' lang='grc' dir='ltr'>κιϐω-</span> 
     </span>
    </p>
   </div>
   <div class='ocr_carea' id='block_1_57' title="bbox 289 4290 1841 4364">
    <p class='ocr_par' dir='ltr' id='par_1_57' title="bbox 289 4290 1841 4364">
     <span class='ocr_line' id='line_1_57' title="bbox 289 4290 1841 4364; baseline 0.002 -21"><span class='ocrx_word' id='word_1_447' title='bbox 289 4291 384 4344; x_wconf 86' lang='grc' dir='ltr'>τοῦ</span> <span class='ocrx_word' id='word_1_448' title='bbox 399 4291 493 4343; x_wconf 90' lang='grc' dir='ltr'><strong>τοῦ</strong></span> <span class='ocrx_word' id='word_1_449' title='bbox 509 4291 662 4344; x_wconf 80' lang='grc' dir='ltr'>Θεοῦ.</span> <span class='ocrx_word' id='word_1_450' title='bbox 688 4293 758 4344; x_wconf 87' lang='grc' dir='ltr'><strong>Τὸ</strong></span> <span class='ocrx_word' id='word_1_451' title='bbox 775 4293 880 4362; x_wconf 84' lang='grc' dir='ltr'>γὰρ</span> <span class='ocrx_word' id='word_1_452' title='bbox 910 4294 1256 4364; x_wconf 81' lang='grc' dir='ltr'>ἁγιαστήριον</span> <span class='ocrx_word' id='word_1_453' title='bbox 1275 4291 1368 4346; x_wconf 93' lang='grc' dir='ltr'><strong>τοῦ</strong></span> <span class='ocrx_word' id='word_1_454' title='bbox 1410 4295 1542 4347; x_wconf 84' lang='grc' dir='ltr'>Θεοῦ</span> <span class='ocrx_word' id='word_1_455' title='bbox 1564 4294 1732 4348; x_wconf 86' lang='grc' dir='ltr'>ταῦτα</span> <span class='ocrx_word' id='word_1_456' title='bbox 1754 4290 1841 4364; x_wconf 76' lang='grc' dir='ltr'>ἦν,</span> 
     </span>
    </p>
   </div>
   <div class='ocr_carea' id='block_1_58' title="bbox 291 4377 1844 4457">
    <p class='ocr_par' dir='ltr' id='par_1_58' title="bbox 291 4377 1844 4457">
     <span class='ocr_line' id='line_1_58' title="bbox 291 4377 1844 4457; baseline 0.003 -23"><span class='ocrx_word' id='word_1_457' title='bbox 291 4384 456 4453; x_wconf 84' lang='grc' dir='ltr'>μήπω</span> <span class='ocrx_word' id='word_1_458' title='bbox 507 4382 606 4452; x_wconf 80' lang='grc' dir='ltr'><strong>τῆς</strong></span> <span class='ocrx_word' id='word_1_459' title='bbox 666 4383 1014 4454; x_wconf 83' lang='grc' dir='ltr'>Ἰερουσαλὴμ</span> <span class='ocrx_word' id='word_1_460' title='bbox 1050 4383 1405 4454; x_wconf 81' lang='grc' dir='ltr'>συνεστώσης.</span> <span class='ocrx_word' id='word_1_461' title='bbox 1432 4377 1756 4457; x_wconf 71' lang='grc' dir='ltr'>”Επηύξατο</span> <span class='ocrx_word' id='word_1_462' title='bbox 1789 4385 1844 4438; x_wconf 86' lang='grc' dir='ltr'>δὲ</span> 
     </span>
    </p>
   </div>
   <div class='ocr_carea' id='block_1_59' title="bbox 287 4471 1844 4545">
    <p class='ocr_par' dir='ltr' id='par_1_59' title="bbox 287 4471 1844 4545">
     <span class='ocr_line' id='line_1_59' title="bbox 287 4471 1844 4545; baseline 0.001 -19"><span class='ocrx_word' id='word_1_463' title='bbox 287 4471 461 4526; x_wconf 84' lang='grc' dir='ltr'>ταῦτα</span> <span class='ocrx_word' id='word_1_464' title='bbox 481 4475 507 4524; x_wconf 85' lang='grc' dir='ltr'>ὁ</span> <span class='ocrx_word' id='word_1_465' title='bbox 537 4471 827 4544; x_wconf 83' lang='grc' dir='ltr'>Προφήτης</span> <span class='ocrx_word' id='word_1_466' title='bbox 861 4473 999 4540; x_wconf 82' lang='grc' dir='ltr'>κατὰ</span> <span class='ocrx_word' id='word_1_467' title='bbox 1032 4471 1138 4525; x_wconf 76' lang='grc' dir='ltr'><strong>τῶν</strong></span> <span class='ocrx_word' id='word_1_468' title='bbox 1172 4473 1578 4545; x_wconf 81' lang='grc' dir='ltr'>δεδηλωμένων·</span> <span class='ocrx_word' id='word_1_469' title='bbox 1625 4471 1719 4528; x_wconf 76' lang='grc' dir='ltr'>εἶτ’</span> <span class='ocrx_word' id='word_1_470' title='bbox 1747 4476 1844 4528; x_wconf 83' lang='grc' dir='ltr'>οὐκ</span> 
     </span>
    </p>
   </div>
   <div class='ocr_carea' id='block_1_60' title="bbox 289 4563 1843 4636">
    <p class='ocr_par' dir='ltr' id='par_1_60' title="bbox 289 4563 1843 4636">
     <span class='ocr_line' id='line_1_60' title="bbox 289 4563 1843 4636; baseline 0.004 -22"><span class='ocrx_word' id='word_1_471' title='bbox 289 4564 369 4626; x_wconf 83' lang='grc' dir='ltr'><strong>εἱς</strong></span> <span class='ocrx_word' id='word_1_472' title='bbox 400 4564 604 4635; x_wconf 85' lang='grc' dir='ltr'>μακρὸν</span> <span class='ocrx_word' id='word_1_473' title='bbox 655 4563 952 4635; x_wconf 76' lang='grc' dir='ltr'>ἐπληροῦτο</span> <span class='ocrx_word' id='word_1_474' title='bbox 1004 4563 1070 4617; x_wconf 84' lang='grc' dir='ltr'>τὰ</span> <span class='ocrx_word' id='word_1_475' title='bbox 1104 4567 1200 4633; x_wconf 79' lang='grc' dir='ltr'>τῆς</span> <span class='ocrx_word' id='word_1_476' title='bbox 1243 4565 1426 4635; x_wconf 80' lang='grc' dir='ltr'>εὐχῆς.</span> <span class='ocrx_word' id='word_1_477' title='bbox 1469 4566 1671 4620; x_wconf 78' lang='grc' dir='ltr'>Αὐτίκα</span> <span class='ocrx_word' id='word_1_478' title='bbox 1715 4567 1843 4636; x_wconf 88' lang='grc' dir='ltr'>γοῦν</span> 
     </span>
    </p>
   </div>
   <div class='ocr_carea' id='block_1_61' title="bbox 290 4655 1839 4729">
    <p class='ocr_par' dir='ltr' id='par_1_61' title="bbox 290 4655 1839 4729">
     <span class='ocr_line' id='line_1_61' title="bbox 290 4655 1839 4729; baseline 0.003 -23"><span class='ocrx_word' id='word_1_479' title='bbox 290 4656 625 4726; x_wconf 83' lang='grc' dir='ltr'>παραχρῆμα</span> <span class='ocrx_word' id='word_1_480' title='bbox 657 4659 721 4726; x_wconf 83' lang='grc' dir='ltr'>τῇ</span> <span class='ocrx_word' id='word_1_481' title='bbox 756 4656 893 4709; x_wconf 79' lang='grc' dir='ltr'>κατὰ</span> <span class='ocrx_word' id='word_1_482' title='bbox 921 4655 1024 4708; x_wconf 83' lang='grc' dir='ltr'>τῶν</span> <span class='ocrx_word' id='word_1_483' title='bbox 1075 4655 1336 4708; x_wconf 86' lang='grc' dir='ltr'>Ἰουδαίων</span> <span class='ocrx_word' id='word_1_484' title='bbox 1378 4656 1655 4728; x_wconf 69' lang='grc' dir='ltr'>πολιορκία</span> <span class='ocrx_word' id='word_1_485' title='bbox 1687 4659 1778 4710; x_wconf 86' lang='grc' dir='ltr'><strong>καὶ</strong></span> <span class='ocrx_word' id='word_1_486' title='bbox 1807 4661 1839 4729; x_wconf 86' lang='grc' dir='ltr'><strong>ή</strong></span> 
     </span>
    </p>
   </div>
   <div class='ocr_carea' id='block_1_62' title="bbox 1948 2200 3496 2267">
    <p class='ocr_par' dir='ltr' id='par_1_62' title="bbox 1948 2200 3496 2267">
     <span class='ocr_line' id='line_1_62' title="bbox 1948 2200 3496 2267; baseline -0.003 -7"><span class='ocrx_word' id='word_1_487' title='bbox 1948 2207 2080 2260; x_wconf 80' lang='lat' dir='ltr'><strong>sicut</strong></span> <span class='ocrx_word' id='word_1_488' title='bbox 2109 2203 2272 2256; x_wconf 82' lang='lat' dir='ltr'><strong>Jubin</strong></span> <span class='ocrx_word' id='word_1_489' title='bbox 2295 2204 2351 2254; x_wconf 85' lang='lat' dir='ltr'><strong>in</strong></span> <span class='ocrx_word' id='word_1_490' title='bbox 2381 2212 2608 2254; x_wconf 79' lang='lat' dir='ltr'><strong>torrente</strong></span> <span class='ocrx_word' id='word_1_491' title='bbox 2647 2200 2827 2254; x_wconf 84' lang='lat' dir='ltr'><strong>Cison.</strong></span> <span class='ocrx_word' id='word_1_492' title='bbox 2869 2200 3226 2267; x_wconf 83' lang='lat' dir='ltr'><strong>Disperierunt</strong></span> <span class='ocrx_word' id='word_1_493' title='bbox 3264 2203 3319 2255; x_wconf 82' lang='lat' dir='ltr'><strong>in</strong></span> <span class='ocrx_word' id='word_1_494' title='bbox 3357 2201 3496 2256; x_wconf 73' lang='grc' dir='ltr'><strong>Αῑη-</strong></span> 
     </span>
    </p>
   </div>
   <div class='ocr_carea' id='block_1_63' title="bbox 1945 2292 3495 2365">
    <p class='ocr_par' dir='ltr' id='par_1_63' title="bbox 1945 2292 3495 2365">
     <span class='ocr_line' id='line_1_63' title="bbox 1945 2292 3495 2365; baseline -0.001 -16"><span class='ocrx_word' id='word_1_495' title='bbox 1945 2299 2061 2360; x_wconf 86' lang='lat' dir='ltr'><strong>dor,</strong></span> <span class='ocrx_word' id='word_1_496' title='bbox 2094 2296 2225 2365; x_wconf 79' lang='lat' dir='ltr'><strong>facti</strong></span> <span class='ocrx_word' id='word_1_497' title='bbox 2251 2304 2370 2347; x_wconf 81' lang='lat' dir='ltr'><strong>sunt</strong></span> <span class='ocrx_word' id='word_1_498' title='bbox 2404 2303 2460 2345; x_wconf 88' lang='lat' dir='ltr'><strong>ut</strong></span> <span class='ocrx_word' id='word_1_499' title='bbox 2489 2303 2688 2346; x_wconf 84' lang='lat' dir='ltr'><strong>stercus</strong></span> <span class='ocrx_word' id='word_1_500' title='bbox 2731 2300 2900 2346; x_wconf 67' lang='lat' dir='ltr'><strong>terrae.</strong></span> <span class='ocrx_word' id='word_1_501' title='bbox 2937 2292 3079 2346; x_wconf 88' lang='lat' dir='ltr'><strong>Pone</strong></span> <span class='ocrx_word' id='word_1_502' title='bbox 3118 2295 3370 2362; x_wconf 74' lang='lat' dir='ltr'><strong>principes</strong></span> <span class='ocrx_word' id='word_1_503' title='bbox 3408 2313 3495 2348; x_wconf 80' lang='lat' dir='ltr'><strong>eo-</strong></span> 
     </span>
    </p>
   </div>
   <div class='ocr_carea' id='block_1_64' title="bbox 1946 2383 3495 2442">
    <p class='ocr_par' dir='ltr' id='par_1_64' title="bbox 1946 2383 3495 2442">
     <span class='ocr_line' id='line_1_64' title="bbox 1946 2383 3495 2442; baseline -0.001 0"><span class='ocrx_word' id='word_1_504' title='bbox 1946 2406 2060 2442; x_wconf 85' lang='lat' dir='ltr'><strong>rum</strong></span> <span class='ocrx_word' id='word_1_505' title='bbox 2091 2390 2237 2442; x_wconf 78' lang='lat' dir='ltr'><strong>sicut</strong></span> <span class='ocrx_word' id='word_1_506' title='bbox 2259 2385 2391 2441; x_wconf 90' lang='lat' dir='ltr'><strong>Oreb</strong></span> <span class='ocrx_word' id='word_1_507' title='bbox 2423 2395 2472 2438; x_wconf 87' lang='lat' dir='ltr'><strong>et</strong></span> <span class='ocrx_word' id='word_1_508' title='bbox 2501 2383 2603 2438; x_wconf 83' lang='lat' dir='ltr'><strong>Zeb</strong></span> <span class='ocrx_word' id='word_1_509' title='bbox 2634 2393 2682 2437; x_wconf 90' lang='lat' dir='ltr'><strong>et</strong></span> <span class='ocrx_word' id='word_1_510' title='bbox 2710 2383 2867 2438; x_wconf 88' lang='lat' dir='ltr'><strong>Zebee</strong></span> <span class='ocrx_word' id='word_1_511' title='bbox 2904 2394 2953 2438; x_wconf 90' lang='lat' dir='ltr'><strong>et</strong></span> <span class='ocrx_word' id='word_1_512' title='bbox 2984 2385 3255 2440; x_wconf 87' lang='lat' dir='ltr'><strong>Salmona.</strong></span> <span class='ocrx_word' id='word_1_513' title='bbox 3299 2385 3495 2441; x_wconf 86' lang='lat' dir='ltr'><strong>Eadem</strong></span> 
     </span>
    </p>
   </div>
   <div class='ocr_carea' id='block_1_65' title="bbox 1945 2461 3494 2548">
    <p class='ocr_par' dir='ltr' id='par_1_65' title="bbox 1945 2461 3494 2548">
     <span class='ocr_line' id='line_1_65' title="bbox 1945 2461 3494 2548; baseline -0.004 -12"><span class='ocrx_word' id='word_1_514' title='bbox 1945 2479 2258 2536; x_wconf 85' lang='lat' dir='ltr'><strong>memoratis</strong></span> <span class='ocrx_word' id='word_1_515' title='bbox 2301 2478 2553 2548; x_wconf 76' lang='lat' dir='ltr'><strong>gentibus</strong></span> <span class='ocrx_word' id='word_1_516' title='bbox 2609 2475 2791 2530; x_wconf 83' lang='lat' dir='ltr'><strong>futura</strong></span> <span class='ocrx_word' id='word_1_517' title='bbox 2831 2475 3159 2529; x_wconf 83' lang='lat' dir='ltr'><strong>vaticinatur</strong></span> <span class='ocrx_word' id='word_1_518' title='bbox 3195 2461 3494 2546; x_wconf 73' lang='lat' dir='ltr'><strong>Propheta,</strong></span> 
     </span>
    </p>
   </div>
   <div class='ocr_carea' id='block_1_66' title="bbox 1943 2566 3498 2642">
    <p class='ocr_par' dir='ltr' id='par_1_66' title="bbox 1943 2566 3498 2642">
     <span class='ocr_line' id='line_1_66' title="bbox 1943 2566 3498 2642; baseline -0.001 -17"><span class='ocrx_word' id='word_1_519' title='bbox 1943 2587 2064 2642; x_wconf 71' lang='lat' dir='ltr'><strong>qua:</strong></span> <span class='ocrx_word' id='word_1_520' title='bbox 2101 2572 2229 2625; x_wconf 90' lang='lat' dir='ltr'><strong>olim</strong></span> <span class='ocrx_word' id='word_1_521' title='bbox 2270 2569 2483 2624; x_wconf 75' lang='lat' dir='ltr'><strong>Madian</strong></span> <span class='ocrx_word' id='word_1_522' title='bbox 2512 2608 2528 2632; x_wconf 90' lang='lat'><strong>,</strong></span> <span class='ocrx_word' id='word_1_523' title='bbox 2571 2567 2772 2623; x_wconf 71' lang='lat' dir='ltr'><strong>Sisarae</strong></span> <span class='ocrx_word' id='word_1_524' title='bbox 2799 2607 2812 2630; x_wconf 92' lang='lat'><strong>,</strong></span> <span class='ocrx_word' id='word_1_525' title='bbox 2854 2574 2907 2621; x_wconf 88' lang='lat' dir='ltr'><strong>et</strong></span> <span class='ocrx_word' id='word_1_526' title='bbox 2943 2566 3117 2622; x_wconf 82' lang='lat' dir='ltr'><strong>Jabim</strong></span> <span class='ocrx_word' id='word_1_527' title='bbox 3160 2568 3212 2620; x_wconf 90' lang='lat' dir='ltr'><strong>in</strong></span> <span class='ocrx_word' id='word_1_528' title='bbox 3255 2576 3498 2624; x_wconf 85' lang='lat' dir='ltr'><strong>torrente</strong></span> 
     </span>
    </p>
   </div>
   <div class='ocr_carea' id='block_1_67' title="bbox 1944 2658 3496 2727">
    <p class='ocr_par' dir='ltr' id='par_1_67' title="bbox 1944 2658 3496 2727">
     <span class='ocr_line' id='line_1_67' title="bbox 1944 2658 3496 2727; baseline -0.001 -13"><span class='ocrx_word' id='word_1_529' title='bbox 1944 2661 2109 2714; x_wconf 87' lang='lat' dir='ltr'><strong>Cison</strong></span> <span class='ocrx_word' id='word_1_530' title='bbox 2161 2659 2556 2726; x_wconf 83' lang='lat' dir='ltr'><strong>contigerunt:</strong></span> <span class='ocrx_word' id='word_1_531' title='bbox 2618 2658 2712 2727; x_wconf 92' lang='lat' dir='ltr'><strong>qui</strong></span> <span class='ocrx_word' id='word_1_532' title='bbox 2771 2672 2962 2712; x_wconf 90' lang='lat' dir='ltr'><strong>omnes</strong></span> <span class='ocrx_word' id='word_1_533' title='bbox 3012 2659 3376 2727; x_wconf 88' lang='lat' dir='ltr'><strong>disperierunt</strong></span> <span class='ocrx_word' id='word_1_534' title='bbox 3439 2661 3496 2714; x_wconf 90' lang='lat' dir='ltr'><strong>in</strong></span> 
     </span>
    </p>
   </div>
   <div class='ocr_carea' id='block_1_68' title="bbox 1946 2747 3498 2812">
    <p class='ocr_par' dir='ltr' id='par_1_68' title="bbox 1946 2747 3498 2812">
     <span class='ocr_line' id='line_1_68' title="bbox 1946 2747 3498 2812; baseline 0.001 -9"><span class='ocrx_word' id='word_1_535' title='bbox 1946 2748 2182 2812; x_wconf 64' lang='lat' dir='ltr'><strong>IEndor,</strong></span> <span class='ocrx_word' id='word_1_536' title='bbox 2224 2756 2278 2802; x_wconf 91' lang='lat' dir='ltr'><strong>et</strong></span> <span class='ocrx_word' id='word_1_537' title='bbox 2326 2747 2455 2802; x_wconf 79' lang='lat' dir='ltr'><strong>facti</strong></span> <span class='ocrx_word' id='word_1_538' title='bbox 2499 2757 2624 2802; x_wconf 91' lang='lat' dir='ltr'><strong>sunt</strong></span> <span class='ocrx_word' id='word_1_539' title='bbox 2669 2755 2728 2802; x_wconf 90' lang='lat' dir='ltr'><strong>ut</strong></span> <span class='ocrx_word' id='word_1_540' title='bbox 2778 2758 2989 2803; x_wconf 87' lang='lat' dir='ltr'><strong>stercus</strong></span> <span class='ocrx_word' id='word_1_541' title='bbox 3033 2756 3208 2803; x_wconf 74' lang='lat' dir='ltr'><strong>terrae.</strong></span> <span class='ocrx_word' id='word_1_542' title='bbox 3260 2749 3342 2802; x_wconf 78' lang='lat' dir='ltr'><strong>Ad</strong></span> <span class='ocrx_word' id='word_1_543' title='bbox 3382 2750 3498 2805; x_wconf 68' lang='lat' dir='ltr'><strong>hac</strong></span> 
     </span>
    </p>
   </div>
   <div class='ocr_carea' id='block_1_69' title="bbox 1946 2839 3495 2910">
    <p class='ocr_par' dir='ltr' id='par_1_69' title="bbox 1946 2839 3495 2910">
     <span class='ocr_line' id='line_1_69' title="bbox 1946 2839 3495 2910; baseline -0.002 -13"><span class='ocrx_word' id='word_1_544' title='bbox 1946 2843 2105 2898; x_wconf 89' lang='lat' dir='ltr'><strong>etiam</strong></span> <span class='ocrx_word' id='word_1_545' title='bbox 2159 2840 2434 2909; x_wconf 87' lang='lat' dir='ltr'><strong>principes</strong></span> <span class='ocrx_word' id='word_1_546' title='bbox 2486 2839 2867 2910; x_wconf 72' lang='lat' dir='ltr'><strong>praedictorum</strong></span> <span class='ocrx_word' id='word_1_547' title='bbox 2931 2840 3253 2907; x_wconf 90' lang='lat' dir='ltr'><strong>populorum</strong></span> <span class='ocrx_word' id='word_1_548' title='bbox 3306 2842 3495 2895; x_wconf 84' lang='lat' dir='ltr'><strong>eadem</strong></span> 
     </span>
    </p>
   </div>
   <div class='ocr_carea' id='block_1_70' title="bbox 1946 2927 3494 3002">
    <p class='ocr_par' dir='ltr' id='par_1_70' title="bbox 1946 2927 3494 3002">
     <span class='ocr_line' id='line_1_70' title="bbox 1946 2927 3494 3002; baseline -0.003 -15"><span class='ocrx_word' id='word_1_549' title='bbox 1946 2931 2151 3002; x_wconf 86' lang='lat' dir='ltr'><strong>perpeti</strong></span> <span class='ocrx_word' id='word_1_550' title='bbox 2199 2937 2390 3000; x_wconf 88' lang='lat' dir='ltr'><strong>rogat,</strong></span> <span class='ocrx_word' id='word_1_551' title='bbox 2427 2945 2546 2999; x_wconf 69' lang='lat' dir='ltr'><strong>quae</strong></span> <span class='ocrx_word' id='word_1_552' title='bbox 2584 2927 2725 2984; x_wconf 90' lang='lat' dir='ltr'><strong>Oreb</strong></span> <span class='ocrx_word' id='word_1_553' title='bbox 2767 2937 2818 2982; x_wconf 90' lang='lat' dir='ltr'><strong>et</strong></span> <span class='ocrx_word' id='word_1_554' title='bbox 2861 2927 2969 2982; x_wconf 87' lang='lat' dir='ltr'><strong>Zeb</strong></span> <span class='ocrx_word' id='word_1_555' title='bbox 3009 2936 3061 2983; x_wconf 90' lang='lat' dir='ltr'><strong>et</strong></span> <span class='ocrx_word' id='word_1_556' title='bbox 3091 2928 3263 2983; x_wconf 84' lang='lat' dir='ltr'><strong>Zebee</strong></span> <span class='ocrx_word' id='word_1_557' title='bbox 3294 2937 3347 2984; x_wconf 90' lang='lat' dir='ltr'><strong>et</strong></span> <span class='ocrx_word' id='word_1_558' title='bbox 3377 2928 3494 2983; x_wconf 78' lang='lat' dir='ltr'><strong>Sal-</strong></span> 
     </span>
    </p>
   </div>
   <div class='ocr_carea' id='block_1_71' title="bbox 1947 3021 3495 3091">
    <p class='ocr_par' dir='ltr' id='par_1_71' title="bbox 1947 3021 3495 3091">
     <span class='ocr_line' id='line_1_71' title="bbox 1947 3021 3495 3091; baseline -0.002 -14"><span class='ocrx_word' id='word_1_559' title='bbox 1947 3039 2157 3078; x_wconf 89' lang='lat' dir='ltr'><strong>monas.</strong></span> <span class='ocrx_word' id='word_1_560' title='bbox 2199 3022 2401 3077; x_wconf 83' lang='lat' dir='ltr'><strong>Horum</strong></span> <span class='ocrx_word' id='word_1_561' title='bbox 2443 3036 2605 3091; x_wconf 87' lang='lat' dir='ltr'><strong>porro</strong></span> <span class='ocrx_word' id='word_1_562' title='bbox 2647 3022 2886 3075; x_wconf 88' lang='lat' dir='ltr'><strong>omnium</strong></span> <span class='ocrx_word' id='word_1_563' title='bbox 2927 3021 3206 3075; x_wconf 88' lang='lat' dir='ltr'><strong>historiam</strong></span> <span class='ocrx_word' id='word_1_564' title='bbox 3258 3021 3495 3089; x_wconf 76' lang='lat' dir='ltr'><strong>reperias</strong></span> 
     </span>
    </p>
   </div>
   <div class='ocr_carea' id='block_1_72' title="bbox 1947 3107 3495 3180">
    <p class='ocr_par' dir='ltr' id='par_1_72' title="bbox 1947 3107 3495 3180">
     <span class='ocr_line' id='line_1_72' title="bbox 1947 3107 3495 3180; baseline -0.001 -15"><span class='ocrx_word' id='word_1_565' title='bbox 1947 3113 2001 3165; x_wconf 89' lang='lat' dir='ltr'><strong>in</strong></span> <span class='ocrx_word' id='word_1_566' title='bbox 2037 3113 2173 3166; x_wconf 88' lang='lat' dir='ltr'><strong>libro</strong></span> <span class='ocrx_word' id='word_1_567' title='bbox 2207 3110 2491 3175; x_wconf 85' lang='lat' dir='ltr'><strong>Judicum,</strong></span> <span class='ocrx_word' id='word_1_568' title='bbox 2535 3111 2624 3165; x_wconf 85' lang='lat' dir='ltr'><strong>ubi</strong></span> <span class='ocrx_word' id='word_1_569' title='bbox 2662 3125 2782 3180; x_wconf 62' lang='lat' dir='ltr'><strong>qua</strong></span> <span class='ocrx_word' id='word_1_570' title='bbox 2822 3107 3007 3164; x_wconf 84' lang='lat' dir='ltr'><strong>Sisara</strong></span> <span class='ocrx_word' id='word_1_571' title='bbox 3047 3117 3099 3164; x_wconf 92' lang='lat' dir='ltr'><strong>et</strong></span> <span class='ocrx_word' id='word_1_572' title='bbox 3135 3107 3292 3164; x_wconf 81' lang='lat' dir='ltr'><strong>Jabin</strong></span> <span class='ocrx_word' id='word_1_573' title='bbox 3331 3120 3495 3178; x_wconf 86' lang='lat' dir='ltr'><strong>atque</strong></span> 
     </span>
    </p>
   </div>
   <div class='ocr_carea' id='block_1_73' title="bbox 1947 3198 3493 3273">
    <p class='ocr_par' dir='ltr' id='par_1_73' title="bbox 1947 3198 3493 3273">
     <span class='ocr_line' id='line_1_73' title="bbox 1947 3198 3493 3273; baseline -0.004 -16"><span class='ocrx_word' id='word_1_574' title='bbox 1947 3203 2037 3257; x_wconf 86' lang='lat' dir='ltr'><strong>alii</strong></span> <span class='ocrx_word' id='word_1_575' title='bbox 2058 3243 2072 3267; x_wconf 95' lang='lat'><strong>,</strong></span> <span class='ocrx_word' id='word_1_576' title='bbox 2103 3203 2197 3273; x_wconf 92' lang='lat' dir='ltr'><strong>qui</strong></span> <span class='ocrx_word' id='word_1_577' title='bbox 2228 3217 2391 3272; x_wconf 87' lang='lat' dir='ltr'><strong>supra</strong></span> <span class='ocrx_word' id='word_1_578' title='bbox 2420 3207 2795 3268; x_wconf 85' lang='lat' dir='ltr'><strong>recensentur,</strong></span> <span class='ocrx_word' id='word_1_579' title='bbox 2825 3208 3011 3254; x_wconf 89' lang='lat' dir='ltr'><strong>contra</strong></span> <span class='ocrx_word' id='word_1_580' title='bbox 3045 3198 3292 3256; x_wconf 87' lang='lat' dir='ltr'><strong>lsraelem</strong></span> <span class='ocrx_word' id='word_1_581' title='bbox 3324 3198 3493 3253; x_wconf 89' lang='lat' dir='ltr'><strong>moliti</strong></span> 
     </span>
    </p>
   </div>
   <div class='ocr_carea' id='block_1_74' title="bbox 1948 3289 3496 3362">
    <p class='ocr_par' dir='ltr' id='par_1_74' title="bbox 1948 3289 3496 3362">
     <span class='ocr_line' id='line_1_74' title="bbox 1948 3289 3496 3362; baseline -0.003 -13"><span class='ocrx_word' id='word_1_582' title='bbox 1948 3301 2109 3355; x_wconf 90' lang='lat' dir='ltr'><strong>sunt,</strong></span> <span class='ocrx_word' id='word_1_583' title='bbox 2137 3303 2190 3348; x_wconf 90' lang='lat' dir='ltr'><strong>et</strong></span> <span class='ocrx_word' id='word_1_584' title='bbox 2218 3308 2336 3362; x_wconf 64' lang='lat' dir='ltr'><strong>quae</strong></span> <span class='ocrx_word' id='word_1_585' title='bbox 2367 3293 2526 3346; x_wconf 90' lang='lat' dir='ltr'><strong>iidem</strong></span> <span class='ocrx_word' id='word_1_586' title='bbox 2558 3298 2688 3346; x_wconf 88' lang='lat' dir='ltr'><strong>sunt</strong></span> <span class='ocrx_word' id='word_1_587' title='bbox 2716 3293 2997 3360; x_wconf 87' lang='lat' dir='ltr'><strong>perpessi,</strong></span> <span class='ocrx_word' id='word_1_588' title='bbox 3030 3289 3311 3361; x_wconf 86' lang='lat' dir='ltr'><strong>Scriptura</strong></span> <span class='ocrx_word' id='word_1_589' title='bbox 3340 3306 3496 3346; x_wconf 84' lang='lat' dir='ltr'><strong>enar-</strong></span> 
     </span>
    </p>
   </div>
   <div class='ocr_carea' id='block_1_75' title="bbox 1947 3381 3497 3449">
    <p class='ocr_par' dir='ltr' id='par_1_75' title="bbox 1947 3381 3497 3449">
     <span class='ocr_line' id='line_1_75' title="bbox 1947 3381 3497 3449; baseline 0.001 -14"><span class='ocrx_word' id='word_1_590' title='bbox 1947 3390 2031 3435; x_wconf 88' lang='lat' dir='ltr'><strong>rat</strong></span> <span class='ocrx_word' id='word_1_591' title='bbox 2063 3383 2126 3436; x_wconf 74' lang='grc' dir='ltr'>ιδ.</span> <span class='ocrx_word' id='word_1_592' title='bbox 2179 3381 2255 3435; x_wconf 89' lang='lat' dir='ltr'><strong>Eo</strong></span> <span class='ocrx_word' id='word_1_593' title='bbox 2295 3393 2474 3435; x_wconf 87' lang='lat' dir='ltr'><strong>autem</strong></span> <span class='ocrx_word' id='word_1_594' title='bbox 2513 3382 2822 3443; x_wconf 82' lang='lat' dir='ltr'><strong>mittemus,</strong></span> <span class='ocrx_word' id='word_1_595' title='bbox 2867 3382 2913 3434; x_wconf 89' lang='lat' dir='ltr'><strong>si</strong></span> <span class='ocrx_word' id='word_1_596' title='bbox 2951 3396 3112 3449; x_wconf 90' lang='lat' dir='ltr'><strong>quem</strong></span> <span class='ocrx_word' id='word_1_597' title='bbox 3151 3396 3215 3434; x_wconf 89' lang='lat' dir='ltr'><strong>ea</strong></span> <span class='ocrx_word' id='word_1_598' title='bbox 3249 3381 3497 3436; x_wconf 82' lang='lat' dir='ltr'><strong>ediscere</strong></span> 
     </span>
    </p>
   </div>
   <div class='ocr_carea' id='block_1_76' title="bbox 1872 3451 3495 3541">
    <p class='ocr_par' dir='ltr' id='par_1_76' title="bbox 1872 3451 3495 3541">
     <span class='ocr_line' id='line_1_76' title="bbox 1872 3451 3495 3541; baseline 0.001 -17"><span class='ocrx_word' id='word_1_599' title='bbox 1872 3451 1915 3509; x_wconf 67' lang='grc' dir='ltr'>ο</span> <span class='ocrx_word' id='word_1_600' title='bbox 1947 3472 2111 3527; x_wconf 88' lang='lat' dir='ltr'><strong>libeat</strong></span> <span class='ocrx_word' id='word_1_601' title='bbox 2140 3487 2258 3541; x_wconf 75' lang='lat' dir='ltr'><strong>qua:</strong></span> <span class='ocrx_word' id='word_1_602' title='bbox 2291 3472 2356 3525; x_wconf 89' lang='lat' dir='ltr'><strong>ad</strong></span> <span class='ocrx_word' id='word_1_603' title='bbox 2399 3473 2545 3539; x_wconf 83' lang='lat' dir='ltr'><strong>ipsos</strong></span> <span class='ocrx_word' id='word_1_604' title='bbox 2577 3471 2846 3525; x_wconf 89' lang='lat' dir='ltr'><strong>attinent:</strong></span> <span class='ocrx_word' id='word_1_605' title='bbox 2880 3485 3002 3523; x_wconf 89' lang='lat' dir='ltr'><strong>nam</strong></span> <span class='ocrx_word' id='word_1_606' title='bbox 3042 3485 3196 3539; x_wconf 70' lang='lat' dir='ltr'><strong>aequo</strong></span> <span class='ocrx_word' id='word_1_607' title='bbox 3237 3473 3495 3540; x_wconf 80' lang='lat' dir='ltr'><strong>prolixior</strong></span> 
     </span>
    </p>
   </div>
   <div class='ocr_carea' id='block_1_77' title="bbox 1945 3557 3495 3630">
    <p class='ocr_par' dir='ltr' id='par_1_77' title="bbox 1945 3557 3495 3630">
     <span class='ocr_line' id='line_1_77' title="bbox 1945 3557 3495 3630; baseline 0.001 -17"><span class='ocrx_word' id='word_1_608' title='bbox 1945 3575 2133 3613; x_wconf 91' lang='lat' dir='ltr'><strong>eorum</strong></span> <span class='ocrx_word' id='word_1_609' title='bbox 2169 3560 2440 3615; x_wconf 90' lang='lat' dir='ltr'><strong>enarratio</strong></span> <span class='ocrx_word' id='word_1_610' title='bbox 2479 3559 2654 3614; x_wconf 46' lang='lat' dir='ltr'><strong>foret;</strong></span> <span class='ocrx_word' id='word_1_611' title='bbox 2676 3588 2745 3598; x_wconf 94' lang='lat'><strong>—-</strong></span> <span class='ocrx_word' id='word_1_612' title='bbox 2779 3557 2941 3613; x_wconf 74' lang='lat' dir='ltr'><strong>Vens.</strong></span> <span class='ocrx_word' id='word_1_613' title='bbox 2985 3559 3067 3612; x_wconf 79' lang='grc'><strong>13.</strong></span> <span class='ocrx_word' id='word_1_614' title='bbox 3095 3559 3290 3614; x_wconf 85' lang='lat' dir='ltr'><strong>Eadem</strong></span> <span class='ocrx_word' id='word_1_615' title='bbox 3330 3576 3495 3630; x_wconf 83' lang='lat' dir='ltr'><strong>porro</strong></span> 
     </span>
    </p>
   </div>
   <div class='ocr_carea' id='block_1_78' title="bbox 1943 3651 3496 3722">
    <p class='ocr_par' dir='ltr' id='par_1_78' title="bbox 1943 3651 3496 3722">
     <span class='ocr_line' id='line_1_78' title="bbox 1943 3651 3496 3722; baseline 0.001 -16"><span class='ocrx_word' id='word_1_616' title='bbox 1943 3667 2064 3721; x_wconf 70' lang='lat' dir='ltr'><strong>quae</strong></span> <span class='ocrx_word' id='word_1_617' title='bbox 2096 3653 2208 3718; x_wconf 91' lang='lat' dir='ltr'><strong>illi,</strong></span> <span class='ocrx_word' id='word_1_618' title='bbox 2247 3653 2381 3707; x_wconf 90' lang='lat' dir='ltr'><strong>istos</strong></span> <span class='ocrx_word' id='word_1_619' title='bbox 2413 3653 2575 3707; x_wconf 91' lang='lat' dir='ltr'><strong>etiam</strong></span> <span class='ocrx_word' id='word_1_620' title='bbox 2609 3651 2812 3722; x_wconf 86' lang='lat' dir='ltr'><strong>perpeti</strong></span> <span class='ocrx_word' id='word_1_621' title='bbox 2845 3662 3030 3720; x_wconf 87' lang='lat' dir='ltr'><strong>rogat,</strong></span> <span class='ocrx_word' id='word_1_622' title='bbox 3064 3651 3192 3720; x_wconf 83' lang='lat' dir='ltr'><strong>quia</strong></span> <span class='ocrx_word' id='word_1_623' title='bbox 3222 3652 3408 3706; x_wconf 91' lang='lat' dir='ltr'><strong>eodem</strong></span> <span class='ocrx_word' id='word_1_624' title='bbox 3439 3661 3496 3708; x_wconf 90' lang='lat' dir='ltr'><strong>et</strong></span> 
     </span>
    </p>
   </div>
   <div class='ocr_carea' id='block_1_79' title="bbox 1943 3742 3495 3812">
    <p class='ocr_par' dir='ltr' id='par_1_79' title="bbox 1943 3742 3495 3812">
     <span class='ocr_line' id='line_1_79' title="bbox 1943 3742 3495 3812; baseline 0 -16"><span class='ocrx_word' id='word_1_625' title='bbox 1943 3744 2030 3798; x_wconf 83' lang='lat' dir='ltr'><strong>isti</strong></span> <span class='ocrx_word' id='word_1_626' title='bbox 2077 3744 2237 3798; x_wconf 91' lang='lat' dir='ltr'><strong>modo</strong></span> <span class='ocrx_word' id='word_1_627' title='bbox 2279 3744 2574 3809; x_wconf 81' lang='lat' dir='ltr'><strong>dixerunt,</strong></span> <span class='ocrx_word' id='word_1_628' title='bbox 2612 3743 2936 3800; x_wconf 71' lang='lat' dir='ltr'><strong>[hereditate</strong></span> <span class='ocrx_word' id='word_1_629' title='bbox 2969 3742 3326 3812; x_wconf 81' lang='lat' dir='ltr'><strong>possideantus</strong></span> <span class='ocrx_word' id='word_1_630' title='bbox 3371 3761 3495 3796; x_wconf 79' lang='lat' dir='ltr'><strong>san-</strong></span> 
     </span>
    </p>
   </div>
   <div class='ocr_carea' id='block_1_80' title="bbox 1943 3833 3494 3899">
    <p class='ocr_par' dir='ltr' id='par_1_80' title="bbox 1943 3833 3494 3899">
     <span class='ocr_line' id='line_1_80' title="bbox 1943 3833 3494 3899; baseline -0.001 -11"><span class='ocrx_word' id='word_1_631' title='bbox 1943 3836 2207 3888; x_wconf 84' lang='lat' dir='ltr'><strong>ctuarium</strong></span> <span class='ocrx_word' id='word_1_632' title='bbox 2238 3834 2354 3890; x_wconf 88' lang='lat' dir='ltr'><strong>Dei.</strong></span> <span class='ocrx_word' id='word_1_633' title='bbox 2388 3835 2480 3889; x_wconf 88' lang='lat' dir='ltr'><strong>llla</strong></span> <span class='ocrx_word' id='word_1_634' title='bbox 2513 3851 2644 3890; x_wconf 79' lang='lat' dir='ltr'><strong>vero</strong></span> <span class='ocrx_word' id='word_1_635' title='bbox 2670 3835 2926 3891; x_wconf 84' lang='lat' dir='ltr'><strong>dicebant</strong></span> <span class='ocrx_word' id='word_1_636' title='bbox 2961 3834 3177 3897; x_wconf 87' lang='lat' dir='ltr'><strong>Sisara,</strong></span> <span class='ocrx_word' id='word_1_637' title='bbox 3208 3833 3366 3889; x_wconf 83' lang='lat' dir='ltr'><strong>Jabin</strong></span> <span class='ocrx_word' id='word_1_638' title='bbox 3388 3875 3403 3899; x_wconf 91' lang='lat'><strong>,</strong></span> <span class='ocrx_word' id='word_1_639' title='bbox 3439 3845 3494 3889; x_wconf 89' lang='lat' dir='ltr'><strong>et</strong></span> 
     </span>
    </p>
   </div>
   <div class='ocr_carea' id='block_1_81' title="bbox 1943 3926 3564 4002">
    <p class='ocr_par' dir='ltr' id='par_1_81' title="bbox 1943 3926 3564 4002">
     <span class='ocr_line' id='line_1_81' title="bbox 1943 3926 3564 4002; baseline 0.003 -24"><span class='ocrx_word' id='word_1_640' title='bbox 1943 3926 2137 3994; x_wconf 90' lang='lat' dir='ltr'><strong>reliqui</strong></span> <span class='ocrx_word' id='word_1_641' title='bbox 2175 3926 2491 3980; x_wconf 89' lang='lat' dir='ltr'><strong>nominatim</strong></span> <span class='ocrx_word' id='word_1_642' title='bbox 2526 3927 2784 3982; x_wconf 87' lang='lat' dir='ltr'><strong>recensiti</strong></span> <span class='ocrx_word' id='word_1_643' title='bbox 2807 3966 2821 3992; x_wconf 89' lang='lat'><strong>,</strong></span> <span class='ocrx_word' id='word_1_644' title='bbox 2865 3927 2930 3981; x_wconf 88' lang='lat' dir='ltr'><strong>de</strong></span> <span class='ocrx_word' id='word_1_645' title='bbox 2977 3928 3320 3981; x_wconf 87' lang='lat' dir='ltr'><strong>tabernaculo</strong></span> <span class='ocrx_word' id='word_1_646' title='bbox 3347 3935 3399 3982; x_wconf 92' lang='lat' dir='ltr'><strong>et</strong></span> <span class='ocrx_word' id='word_1_647' title='bbox 3427 3929 3494 3983; x_wconf 91' lang='lat' dir='ltr'><strong>de</strong></span> <span class='ocrx_word' id='word_1_648' title='bbox 3561 3999 3564 4002; x_wconf 6' lang='grc' dir='ltr'><strong>γ</strong></span> 
     </span>
    </p>
   </div>
   <div class='ocr_carea' id='block_1_82' title="bbox 1944 4016 3492 4086">
    <p class='ocr_par' dir='ltr' id='par_1_82' title="bbox 1944 4016 3492 4086">
     <span class='ocr_line' id='line_1_82' title="bbox 1944 4016 3492 4086; baseline 0.002 -14"><span class='ocrx_word' id='word_1_649' title='bbox 1944 4035 2069 4072; x_wconf 87' lang='lat' dir='ltr'><strong>arca</strong></span> <span class='ocrx_word' id='word_1_650' title='bbox 2101 4017 2192 4072; x_wconf 89' lang='lat' dir='ltr'><strong>Dei</strong></span> <span class='ocrx_word' id='word_1_651' title='bbox 2222 4037 2233 4072; x_wconf 93' lang='lat'>:</span> <span class='ocrx_word' id='word_1_652' title='bbox 2268 4017 2379 4072; x_wconf 58' lang='lat' dir='ltr'><strong>hac</strong></span> <span class='ocrx_word' id='word_1_653' title='bbox 2407 4016 2603 4086; x_wconf 85' lang='lat' dir='ltr'><strong>quippe</strong></span> <span class='ocrx_word' id='word_1_654' title='bbox 2631 4025 2785 4072; x_wconf 88' lang='lat' dir='ltr'><strong>erant</strong></span> <span class='ocrx_word' id='word_1_655' title='bbox 2812 4017 3179 4072; x_wconf 87' lang='lat' dir='ltr'><strong>sanctuarium</strong></span> <span class='ocrx_word' id='word_1_656' title='bbox 3213 4019 3340 4083; x_wconf 87' lang='lat' dir='ltr'><strong>Dei,</strong></span> <span class='ocrx_word' id='word_1_657' title='bbox 3369 4035 3492 4074; x_wconf 91' lang='lat' dir='ltr'><strong>cum</strong></span> 
     </span>
    </p>
   </div>
   <div class='ocr_carea' id='block_1_83' title="bbox 1943 4111 3491 4184">
    <p class='ocr_par' dir='ltr' id='par_1_83' title="bbox 1943 4111 3491 4184">
     <span class='ocr_line' id='line_1_83' title="bbox 1943 4111 3491 4184; baseline 0.001 -16"><span class='ocrx_word' id='word_1_658' title='bbox 1943 4114 2183 4169; x_wconf 90' lang='lat' dir='ltr'><strong>nondum</strong></span> <span class='ocrx_word' id='word_1_659' title='bbox 2207 4111 2508 4167; x_wconf 86' lang='lat' dir='ltr'><strong>Jerusalem</strong></span> <span class='ocrx_word' id='word_1_660' title='bbox 2525 4112 2868 4167; x_wconf 83' lang='lat' dir='ltr'><strong>consisteret.</strong></span> <span class='ocrx_word' id='word_1_661' title='bbox 2896 4111 3017 4167; x_wconf 62' lang='lat' dir='ltr'><strong>Haec</strong></span> <span class='ocrx_word' id='word_1_662' title='bbox 3036 4129 3197 4184; x_wconf 92' lang='lat' dir='ltr'><strong>porro</strong></span> <span class='ocrx_word' id='word_1_663' title='bbox 3219 4113 3491 4184; x_wconf 83' lang='lat' dir='ltr'><strong>Propheta</strong></span> 
     </span>
    </p>
   </div>
   <div class='ocr_carea' id='block_1_84' title="bbox 1943 4202 3484 4275">
    <p class='ocr_par' dir='ltr' id='par_1_84' title="bbox 1943 4202 3484 4275">
     <span class='ocr_line' id='line_1_84' title="bbox 1943 4202 3484 4275; baseline 0.001 -18"><span class='ocrx_word' id='word_1_664' title='bbox 1943 4213 2190 4275; x_wconf 86' lang='lat' dir='ltr'><strong>precatus</strong></span> <span class='ocrx_word' id='word_1_665' title='bbox 2237 4210 2319 4258; x_wconf 90' lang='lat' dir='ltr'><strong>est</strong></span> <span class='ocrx_word' id='word_1_666' title='bbox 2371 4202 2630 4257; x_wconf 84' lang='lat' dir='ltr'><strong>adversus</strong></span> <span class='ocrx_word' id='word_1_667' title='bbox 2675 4218 2768 4257; x_wconf 90' lang='lat' dir='ltr'><strong>eos</strong></span> <span class='ocrx_word' id='word_1_668' title='bbox 2814 4203 2906 4273; x_wconf 89' lang='lat' dir='ltr'><strong>qui</strong></span> <span class='ocrx_word' id='word_1_669' title='bbox 2957 4203 3208 4272; x_wconf 83' lang='lat' dir='ltr'><strong>superius</strong></span> <span class='ocrx_word' id='word_1_670' title='bbox 3257 4203 3484 4259; x_wconf 84' lang='lat' dir='ltr'><strong>indicati</strong></span> 
     </span>
    </p>
   </div>
   <div class='ocr_carea' id='block_1_85' title="bbox 1944 4291 3495 4361">
    <p class='ocr_par' dir='ltr' id='par_1_85' title="bbox 1944 4291 3495 4361">
     <span class='ocr_line' id='line_1_85' title="bbox 1944 4291 3495 4361; baseline 0.001 -12"><span class='ocrx_word' id='word_1_671' title='bbox 1944 4301 2107 4349; x_wconf 91' lang='lat' dir='ltr'><strong>sunt:</strong></span> <span class='ocrx_word' id='word_1_672' title='bbox 2144 4307 2242 4346; x_wconf 93' lang='lat' dir='ltr'><strong>nec</strong></span> <span class='ocrx_word' id='word_1_673' title='bbox 2271 4291 2362 4345; x_wconf 85' lang='lat' dir='ltr'><strong>diu</strong></span> <span class='ocrx_word' id='word_1_674' title='bbox 2396 4299 2582 4361; x_wconf 87' lang='lat' dir='ltr'><strong>postea</strong></span> <span class='ocrx_word' id='word_1_675' title='bbox 2622 4292 2862 4360; x_wconf 89' lang='lat' dir='ltr'><strong>precatio</strong></span> <span class='ocrx_word' id='word_1_676' title='bbox 2896 4300 2979 4348; x_wconf 90' lang='lat' dir='ltr'><strong>est</strong></span> <span class='ocrx_word' id='word_1_677' title='bbox 3009 4293 3258 4347; x_wconf 81' lang='lat' dir='ltr'><strong>ellectum</strong></span> <span class='ocrx_word' id='word_1_678' title='bbox 3301 4309 3495 4350; x_wconf 86' lang='lat' dir='ltr'><strong>conse-</strong></span> 
     </span>
    </p>
   </div>
   <div class='ocr_carea' id='block_1_86' title="bbox 1943 4382 3490 4451">
    <p class='ocr_par' dir='ltr' id='par_1_86' title="bbox 1943 4382 3490 4451">
     <span class='ocr_line' id='line_1_86' title="bbox 1943 4382 3490 4451; baseline 0.001 -13"><span class='ocrx_word' id='word_1_679' title='bbox 1943 4394 2086 4439; x_wconf 89' lang='lat' dir='ltr'><strong>cuta.</strong></span> <span class='ocrx_word' id='word_1_680' title='bbox 2120 4382 2250 4436; x_wconf 88' lang='lat' dir='ltr'><strong>Nam</strong></span> <span class='ocrx_word' id='word_1_681' title='bbox 2286 4384 2581 4438; x_wconf 87' lang='lat' dir='ltr'><strong>secundum</strong></span> <span class='ocrx_word' id='word_1_682' title='bbox 2611 4384 2753 4438; x_wconf 88' lang='lat' dir='ltr'><strong>illam</strong></span> <span class='ocrx_word' id='word_1_683' title='bbox 2781 4383 3088 4439; x_wconf 71' lang='lat' dir='ltr'><strong>Iudaeorum</strong></span> <span class='ocrx_word' id='word_1_684' title='bbox 3120 4386 3451 4440; x_wconf 88' lang='lat' dir='ltr'><strong>obsidionem</strong></span> <span class='ocrx_word' id='word_1_685' title='bbox 3472 4425 3490 4451; x_wconf 86' lang='lat'><strong>,</strong></span> 
     </span>
    </p>
   </div>
   <div class='ocr_carea' id='block_1_87' title="bbox 1942 4474 3492 4546">
    <p class='ocr_par' dir='ltr' id='par_1_87' title="bbox 1942 4474 3492 4546">
     <span class='ocr_line' id='line_1_87' title="bbox 1942 4474 3492 4546; baseline 0.002 -18"><span class='ocrx_word' id='word_1_686' title='bbox 1942 4475 2288 4546; x_wconf 84' lang='lat' dir='ltr'><strong>Assyriorum</strong></span> <span class='ocrx_word' id='word_1_687' title='bbox 2315 4475 2596 4545; x_wconf 92' lang='lat' dir='ltr'><strong>imperium</strong></span> <span class='ocrx_word' id='word_1_688' title='bbox 2622 4474 2911 4545; x_wconf 83' lang='lat' dir='ltr'><strong>derepente</strong></span> <span class='ocrx_word' id='word_1_689' title='bbox 2938 4477 3173 4531; x_wconf 89' lang='lat' dir='ltr'><strong>solutum</strong></span> <span class='ocrx_word' id='word_1_690' title='bbox 3199 4485 3280 4531; x_wconf 88' lang='lat' dir='ltr'><strong>est</strong></span> <span class='ocrx_word' id='word_1_691' title='bbox 3299 4517 3312 4540; x_wconf 93' lang='lat'><strong>,</strong></span> <span class='ocrx_word' id='word_1_692' title='bbox 3342 4485 3492 4546; x_wconf 87' lang='lat' dir='ltr'><strong>post-</strong></span> 
     </span>
    </p>
   </div>
   <div class='ocr_carea' id='block_1_88' title="bbox 1943 4568 3490 4637">
    <p class='ocr_par' dir='ltr' id='par_1_88' title="bbox 1943 4568 3490 4637">
     <span class='ocr_line' id='line_1_88' title="bbox 1943 4568 3490 4637; baseline 0.002 -16"><span class='ocrx_word' id='word_1_693' title='bbox 1943 4584 2102 4637; x_wconf 91' lang='lat' dir='ltr'><strong>quam</strong></span> <span class='ocrx_word' id='word_1_694' title='bbox 2135 4568 2390 4622; x_wconf 89' lang='lat' dir='ltr'><strong>diuturno</strong></span> <span class='ocrx_word' id='word_1_695' title='bbox 2421 4583 2534 4622; x_wconf 62' lang='lat' dir='ltr'><strong>avo</strong></span> <span class='ocrx_word' id='word_1_696' title='bbox 2573 4569 2850 4633; x_wconf 82' lang='lat' dir='ltr'><strong>stetisset;</strong></span> <span class='ocrx_word' id='word_1_697' title='bbox 2883 4577 2936 4623; x_wconf 88' lang='lat' dir='ltr'><strong>et</strong></span> <span class='ocrx_word' id='word_1_698' title='bbox 2974 4569 3188 4637; x_wconf 88' lang='lat' dir='ltr'><strong>quidem</strong></span> <span class='ocrx_word' id='word_1_699' title='bbox 3225 4585 3394 4637; x_wconf 90' lang='lat' dir='ltr'><strong>usque</strong></span> <span class='ocrx_word' id='word_1_700' title='bbox 3423 4570 3490 4624; x_wconf 89' lang='lat' dir='ltr'><strong>ad</strong></span> 
     </span>
    </p>
   </div>
   <div class='ocr_carea' id='block_1_89' title="bbox 1945 4658 3489 4730">
    <p class='ocr_par' dir='ltr' id='par_1_89' title="bbox 1945 4658 3489 4730">
     <span class='ocr_line' id='line_1_89' title="bbox 1945 4658 3489 4730; baseline 0.001 -18"><span class='ocrx_word' id='word_1_701' title='bbox 1945 4659 2074 4713; x_wconf 91' lang='lat' dir='ltr'><strong>illud</strong></span> <span class='ocrx_word' id='word_1_702' title='bbox 2120 4665 2332 4729; x_wconf 88' lang='lat' dir='ltr'><strong>tempus</strong></span> <span class='ocrx_word' id='word_1_703' title='bbox 2357 4698 2371 4722; x_wconf 92' lang='lat'><strong>,</strong></span> <span class='ocrx_word' id='word_1_704' title='bbox 2414 4675 2522 4730; x_wconf 91' lang='lat' dir='ltr'><strong>quo</strong></span> <span class='ocrx_word' id='word_1_705' title='bbox 2565 4659 2691 4711; x_wconf 89' lang='lat' dir='ltr'><strong>talia</strong></span> <span class='ocrx_word' id='word_1_706' title='bbox 2718 4665 2904 4711; x_wconf 89' lang='lat' dir='ltr'><strong>contra</strong></span> <span class='ocrx_word' id='word_1_707' title='bbox 2931 4658 3356 4728; x_wconf 83' lang='lat' dir='ltr'><strong>Hierosolymam</strong></span> <span class='ocrx_word' id='word_1_708' title='bbox 3393 4675 3489 4730; x_wconf 84' lang='lat' dir='ltr'><strong>ag-</strong></span> 
     </span>
    </p>
   </div>
   <div class='ocr_carea' id='block_1_90' title="bbox 305 4745 2045 4832">
    <p class='ocr_par' dir='ltr' id='par_1_90' title="bbox 305 4745 2045 4832">
     <span class='ocr_line' id='line_1_90' title="bbox 305 4745 2045 4832; baseline 0.003 -35"><span class='ocrx_word' id='word_1_709' title='bbox 305 4746 599 4818; x_wconf 80' lang='grc' dir='ltr'>Ἀσσυρίων</span> <span class='ocrx_word' id='word_1_710' title='bbox 629 4748 890 4818; x_wconf 84' lang='grc' dir='ltr'>κατελύθη</span> <span class='ocrx_word' id='word_1_711' title='bbox 920 4745 1198 4800; x_wconf 89' lang='grc' dir='ltr'>δυναστεία</span> <span class='ocrx_word' id='word_1_712' title='bbox 1227 4746 1556 4816; x_wconf 87' lang='grc' dir='ltr'>διαρκέσασα</span> <span class='ocrx_word' id='word_1_713' title='bbox 1594 4749 1801 4820; x_wconf 90' lang='grc' dir='ltr'>χρόνοις</span> <span class='ocrx_word' id='word_1_714' title='bbox 1823 4766 1836 4779; x_wconf 73' lang='grc' dir='ltr'><strong>ο</strong></span> <span class='ocrx_word' id='word_1_715' title='bbox 1871 4778 1913 4832; x_wconf 76' lang='lat' dir='ltr'><strong>D</strong></span> <span class='ocrx_word' id='word_1_716' title='bbox 1942 4765 2045 4819; x_wconf 65' lang='lat' dir='ltr'><strong>gret</strong></span> 
     </span>
    </p>
   </div>
   <div class='ocr_carea' id='block_1_91' title="bbox 1748 4745 3488 4832">
    <p class='ocr_par' dir='ltr' id='par_1_91' title="bbox 1748 4748 3488 4832">
     <span class='ocr_line' id='line_1_91' title="bbox 1748 4748 3488 4832; baseline 0.001 -31"><span class='ocrx_word' id='word_1_717' title='bbox 1748 4767 1801 4813; x_wconf 83' lang='grc' dir='ltr'><strong>ιις</strong></span> <span class='ocrx_word' id='word_1_718' title='bbox 1823 4766 1836 4779; x_wconf 85' lang='grc'><strong>·</strong></span> <span class='ocrx_word' id='word_1_719' title='bbox 1871 4778 1913 4832; x_wconf 75' lang='lat' dir='ltr'><strong>D</strong></span> <span class='ocrx_word' id='word_1_720' title='bbox 1942 4751 2090 4819; x_wconf 90' lang='lat' dir='ltr'><strong>gredi</strong></span> <span class='ocrx_word' id='word_1_721' title='bbox 2120 4750 2238 4803; x_wconf 91' lang='lat' dir='ltr'><strong>ausi</strong></span> <span class='ocrx_word' id='word_1_722' title='bbox 2269 4757 2416 4803; x_wconf 90' lang='lat' dir='ltr'><strong>sunt.</strong></span> <span class='ocrx_word' id='word_1_723' title='bbox 2443 4748 2560 4802; x_wconf 82' lang='lat' dir='ltr'><strong>Non</strong></span> <span class='ocrx_word' id='word_1_724' title='bbox 2589 4749 2678 4801; x_wconf 91' lang='lat' dir='ltr'><strong>diu</strong></span> <span class='ocrx_word' id='word_1_725' title='bbox 2714 4748 2892 4816; x_wconf 88' lang='lat' dir='ltr'><strong>itaque</strong></span> <span class='ocrx_word' id='word_1_726' title='bbox 2922 4755 3106 4816; x_wconf 87' lang='lat' dir='ltr'><strong>postea</strong></span> <span class='ocrx_word' id='word_1_727' title='bbox 3133 4748 3338 4818; x_wconf 86' lang='lat' dir='ltr'><strong>Cyrus,</strong></span> <span class='ocrx_word' id='word_1_728' title='bbox 3367 4765 3488 4804; x_wconf 91' lang='lat' dir='ltr'><strong>cum</strong></span> 
     </span>
    </p>
   </div>
   <div class='ocr_carea' id='block_1_92' title="bbox 291 4831 1840 4907">
    <p class='ocr_par' dir='ltr' id='par_1_92' title="bbox 291 4831 1840 4907">
     <span class='ocr_line' id='line_1_92' title="bbox 291 4831 1840 4907; baseline 0.001 -19"><span class='ocrx_word' id='word_1_729' title='bbox 291 4837 385 4889; x_wconf 79' lang='grc' dir='ltr'><strong>καὶ</strong></span> <span class='ocrx_word' id='word_1_730' title='bbox 413 4838 575 4907; x_wconf 85' lang='grc' dir='ltr'>μέχρι</span> <span class='ocrx_word' id='word_1_731' title='bbox 604 4839 789 4891; x_wconf 91' lang='grc' dir='ltr'>τούτου</span> <span class='ocrx_word' id='word_1_732' title='bbox 827 4840 1068 4892; x_wconf 79' lang='grc' dir='ltr'>συστᾶσα</span> <span class='ocrx_word' id='word_1_733' title='bbox 1099 4837 1286 4907; x_wconf 84' lang='grc' dir='ltr'>μέχρις</span> <span class='ocrx_word' id='word_1_734' title='bbox 1319 4831 1378 4890; x_wconf 76' lang='grc' dir='ltr'>οὗ</span> <span class='ocrx_word' id='word_1_735' title='bbox 1409 4836 1629 4890; x_wconf 85' lang='grc' dir='ltr'>τοιαῦτα</span> <span class='ocrx_word' id='word_1_736' title='bbox 1661 4838 1840 4891; x_wconf 87' lang='grc' dir='ltr'>τετολ-</span> 
     </span>
    </p>
   </div>
   <div class='ocr_carea' id='block_1_93' title="bbox 295 4925 1842 4999">
    <p class='ocr_par' dir='ltr' id='par_1_93' title="bbox 295 4925 1842 4999">
     <span class='ocr_line' id='line_1_93' title="bbox 295 4925 1842 4999; baseline 0.002 -21"><span class='ocrx_word' id='word_1_737' title='bbox 295 4925 497 4996; x_wconf 83' lang='grc' dir='ltr'>μήκασι</span> <span class='ocrx_word' id='word_1_738' title='bbox 554 4929 694 4981; x_wconf 86' lang='grc' dir='ltr'>κατὰ</span> <span class='ocrx_word' id='word_1_739' title='bbox 746 4929 844 4998; x_wconf 80' lang='grc' dir='ltr'>τῆς</span> <span class='ocrx_word' id='word_1_740' title='bbox 890 4929 1257 4999; x_wconf 73' lang='grc' dir='ltr'>Ἰερουσαλήμ.</span> <span class='ocrx_word' id='word_1_741' title='bbox 1293 4927 1423 4981; x_wconf 80' lang='grc' dir='ltr'>Μετ’</span> <span class='ocrx_word' id='word_1_742' title='bbox 1460 4927 1519 4978; x_wconf 83' lang='grc' dir='ltr'>οὑ</span> <span class='ocrx_word' id='word_1_743' title='bbox 1549 4929 1680 4981; x_wconf 90' lang='grc' dir='ltr'>πολὺ</span> <span class='ocrx_word' id='word_1_744' title='bbox 1712 4929 1842 4996; x_wconf 88' lang='grc' dir='ltr'>γοῦν</span> 
     </span>
    </p>
   </div>
   <div class='ocr_carea' id='block_1_94' title="bbox 292 5015 1843 5090">
    <p class='ocr_par' dir='ltr' id='par_1_94' title="bbox 292 5015 1843 5090">
     <span class='ocr_line' id='line_1_94' title="bbox 292 5015 1843 5090; baseline 0.004 -22"><span class='ocrx_word' id='word_1_745' title='bbox 292 5015 491 5088; x_wconf 76' lang='grc' dir='ltr'>Κῦρος,</span> <span class='ocrx_word' id='word_1_746' title='bbox 542 5018 640 5088; x_wconf 82' lang='grc' dir='ltr'>τῆς</span> <span class='ocrx_word' id='word_1_747' title='bbox 671 5019 893 5090; x_wconf 84' lang='grc' dir='ltr'>Περσῶν</span> <span class='ocrx_word' id='word_1_748' title='bbox 940 5019 1212 5089; x_wconf 84' lang='grc' dir='ltr'>βασιλείας</span> <span class='ocrx_word' id='word_1_749' title='bbox 1251 5020 1552 5090; x_wconf 86' lang='grc' dir='ltr'>κρατήσας,</span> <span class='ocrx_word' id='word_1_750' title='bbox 1593 5019 1843 5074; x_wconf 84' lang='grc' dir='ltr'>καταλύει</span> 
     </span>
    </p>
   </div>
   <div class='ocr_carea' id='block_1_95' title="bbox 291 5104 1844 5178">
    <p class='ocr_par' dir='ltr' id='par_1_95' title="bbox 291 5104 1844 5178">
     <span class='ocr_line' id='line_1_95' title="bbox 291 5104 1844 5178; baseline -0.001 -21"><span class='ocrx_word' id='word_1_751' title='bbox 291 5105 389 5174; x_wconf 77' lang='grc' dir='ltr'><strong>τὴν</strong></span> <span class='ocrx_word' id='word_1_752' title='bbox 429 5106 723 5177; x_wconf 73' lang='grc' dir='ltr'>Ἀσσυρίων</span> <span class='ocrx_word' id='word_1_753' title='bbox 752 5109 943 5178; x_wconf 85' lang='grc' dir='ltr'>ἀρχήν.</span> <span class='ocrx_word' id='word_1_754' title='bbox 976 5107 1084 5161; x_wconf 82' lang='grc' dir='ltr'>Καὶ</span> <span class='ocrx_word' id='word_1_755' title='bbox 1123 5107 1190 5160; x_wconf 78' lang='grc' dir='ltr'>τὰ</span> <span class='ocrx_word' id='word_1_756' title='bbox 1223 5106 1377 5158; x_wconf 84' lang='grc' dir='ltr'>λοιπά</span> <span class='ocrx_word' id='word_1_757' title='bbox 1416 5104 1472 5157; x_wconf 83' lang='grc' dir='ltr'>δὲ</span> <span class='ocrx_word' id='word_1_758' title='bbox 1515 5105 1652 5157; x_wconf 83' lang='grc' dir='ltr'>κατὰ</span> <span class='ocrx_word' id='word_1_759' title='bbox 1680 5105 1844 5176; x_wconf 81' lang='grc' dir='ltr'>μέρος</span> 
     </span>
    </p>
   </div>
   <div class='ocr_carea' id='block_1_96' title="bbox 292 5196 1843 5272">
    <p class='ocr_par' dir='ltr' id='par_1_96' title="bbox 292 5196 1843 5272">
     <span class='ocr_line' id='line_1_96' title="bbox 292 5196 1843 5272; baseline -0.002 -20"><span class='ocrx_word' id='word_1_760' title='bbox 292 5197 652 5272; x_wconf 82' lang='grc' dir='ltr'>ὠνομασμένα</span> <span class='ocrx_word' id='word_1_761' title='bbox 686 5200 809 5272; x_wconf 79' lang='grc' dir='ltr'>ἔθνη</span> <span class='ocrx_word' id='word_1_762' title='bbox 851 5201 1071 5254; x_wconf 85' lang='grc' dir='ltr'>τοιαῦτα</span> <span class='ocrx_word' id='word_1_763' title='bbox 1107 5197 1389 5258; x_wconf 83' lang='grc' dir='ltr'>πέπονθεν,</span> <span class='ocrx_word' id='word_1_764' title='bbox 1419 5198 1571 5250; x_wconf 71' lang='grc' dir='ltr'>ὁποῖα</span> <span class='ocrx_word' id='word_1_765' title='bbox 1614 5198 1643 5248; x_wconf 93' lang='lat'><strong>6</strong></span> <span class='ocrx_word' id='word_1_766' title='bbox 1690 5196 1843 5264; x_wconf 88' lang='grc' dir='ltr'>λόγος</span> 
     </span>
    </p>
   </div>
   <div class='ocr_carea' id='block_1_97' title="bbox 295 5285 1840 5362">
    <p class='ocr_par' dir='ltr' id='par_1_97' title="bbox 295 5285 1840 5362">
     <span class='ocr_line' id='line_1_97' title="bbox 295 5285 1840 5362; baseline -0.005 -19"><span class='ocrx_word' id='word_1_767' title='bbox 295 5288 598 5362; x_wconf 78' lang='grc' dir='ltr'>προέφησεν</span> <span class='ocrx_word' id='word_1_768' title='bbox 618 5307 632 5321; x_wconf 75' lang='grc' dir='ltr'>ο</span> <span class='ocrx_word' id='word_1_769' title='bbox 666 5287 792 5342; x_wconf 83' lang='grc' dir='ltr'>ὥστ’</span> <span class='ocrx_word' id='word_1_770' title='bbox 817 5289 1036 5352; x_wconf 76' lang='grc' dir='ltr'>εἰκότως</span> <span class='ocrx_word' id='word_1_771' title='bbox 1065 5291 1128 5344; x_wconf 76' lang='grc' dir='ltr'>ἄν</span> <span class='ocrx_word' id='word_1_772' title='bbox 1159 5306 1278 5342; x_wconf 86' lang='grc' dir='ltr'>τινα</span> <span class='ocrx_word' id='word_1_773' title='bbox 1326 5287 1510 5358; x_wconf 80' lang='grc' dir='ltr'>φῆσαι,</span> <span class='ocrx_word' id='word_1_774' title='bbox 1546 5285 1617 5355; x_wconf 88' lang='grc' dir='ltr'><strong>μὴ</strong></span> <span class='ocrx_word' id='word_1_775' title='bbox 1645 5285 1840 5337; x_wconf 85' lang='grc' dir='ltr'>κατεύ-</span> 
     </span>
    </p>
   </div>
   <div class='ocr_carea' id='block_1_98' title="bbox 296 5377 1837 5450">
    <p class='ocr_par' dir='ltr' id='par_1_98' title="bbox 296 5377 1837 5450">
     <span class='ocr_line' id='line_1_98' title="bbox 296 5377 1837 5450; baseline -0.003 -16"><span class='ocrx_word' id='word_1_776' title='bbox 296 5381 479 5450; x_wconf 79' lang='grc' dir='ltr'>χεσθαι</span> <span class='ocrx_word' id='word_1_777' title='bbox 509 5381 598 5431; x_wconf 80' lang='grc' dir='ltr'><strong>τὸν</strong></span> <span class='ocrx_word' id='word_1_778' title='bbox 640 5381 926 5449; x_wconf 85' lang='grc' dir='ltr'>Προφήτην</span> <span class='ocrx_word' id='word_1_779' title='bbox 973 5381 1029 5432; x_wconf 77' lang='grc' dir='ltr'>ὲν</span> <span class='ocrx_word' id='word_1_780' title='bbox 1075 5381 1279 5444; x_wconf 90' lang='grc' dir='ltr'>τούτοις</span> <span class='ocrx_word' id='word_1_781' title='bbox 1317 5379 1422 5433; x_wconf 86' lang='grc' dir='ltr'>τῶν</span> <span class='ocrx_word' id='word_1_782' title='bbox 1467 5377 1837 5448; x_wconf 80' lang='grc' dir='ltr'>δηλουμένων,</span> 
     </span>
    </p>
   </div>
   <div class='ocr_carea' id='block_1_99' title="bbox 297 5467 1842 5542">
    <p class='ocr_par' dir='ltr' id='par_1_99' title="bbox 297 5467 1842 5542">
     <span class='ocr_line' id='line_1_99' title="bbox 297 5467 1842 5542; baseline -0.003 -18"><span class='ocrx_word' id='word_1_783' title='bbox 297 5467 649 5542; x_wconf 85' lang='grc' dir='ltr'>προφητεύειν</span> <span class='ocrx_word' id='word_1_784' title='bbox 675 5468 936 5531; x_wconf 81' lang='grc' dir='ltr'>δὲαύτοτς</span> <span class='ocrx_word' id='word_1_785' title='bbox 964 5471 1031 5525; x_wconf 78' lang='grc' dir='ltr'><strong>τὰ</strong></span> <span class='ocrx_word' id='word_1_786' title='bbox 1077 5473 1323 5541; x_wconf 70' lang='grc' dir='ltr'>ἐσόμενα,</span> <span class='ocrx_word' id='word_1_787' title='bbox 1364 5468 1504 5524; x_wconf 77' lang='grc' dir='ltr'>κατὰ</span> <span class='ocrx_word' id='word_1_788' title='bbox 1545 5483 1665 5520; x_wconf 92' lang='grc' dir='ltr'>τινα</span> <span class='ocrx_word' id='word_1_789' title='bbox 1721 5483 1842 5520; x_wconf 91' lang='grc' dir='ltr'>συν-</span> 
     </span>
    </p>
   </div>
   <div class='ocr_carea' id='block_1_100' title="bbox 293 5557 1840 5634">
    <p class='ocr_par' dir='ltr' id='par_1_100' title="bbox 293 5557 1840 5634">
     <span class='ocr_line' id='line_1_100' title="bbox 293 5557 1840 5634; baseline -0.006 -17"><span class='ocrx_word' id='word_1_790' title='bbox 293 5563 480 5634; x_wconf 75' lang='grc' dir='ltr'>ήθειαν</span> <span class='ocrx_word' id='word_1_791' title='bbox 511 5560 606 5630; x_wconf 83' lang='grc' dir='ltr'>τῆς</span> <span class='ocrx_word' id='word_1_792' title='bbox 646 5559 866 5630; x_wconf 83' lang='grc' dir='ltr'>Γραφῆς</span> <span class='ocrx_word' id='word_1_793' title='bbox 916 5561 1290 5632; x_wconf 81' lang='grc' dir='ltr'>προστακτικῷ</span> <span class='ocrx_word' id='word_1_794' title='bbox 1330 5561 1512 5631; x_wconf 86' lang='grc' dir='ltr'>τρόπῳ</span> <span class='ocrx_word' id='word_1_795' title='bbox 1555 5557 1673 5612; x_wconf 79' lang='grc' dir='ltr'>ἀντὶ</span> <span class='ocrx_word' id='word_1_796' title='bbox 1706 5574 1840 5627; x_wconf 87' lang='grc' dir='ltr'>προ-</span> 
     </span>
    </p>
   </div>
   <div class='ocr_carea' id='block_1_101' title="bbox 293 5648 1838 5725">
    <p class='ocr_par' dir='ltr' id='par_1_101' title="bbox 293 5648 1838 5725">
     <span class='ocr_line' id='line_1_101' title="bbox 293 5648 1838 5725; baseline -0.005 -16"><span class='ocrx_word' id='word_1_797' title='bbox 293 5649 640 5725; x_wconf 78' lang='grc' dir='ltr'>αγορευτικοῦ</span> <span class='ocrx_word' id='word_1_798' title='bbox 685 5651 1046 5720; x_wconf 83' lang='grc' dir='ltr'>κεχρημένον·</span> <span class='ocrx_word' id='word_1_799' title='bbox 1109 5652 1235 5706; x_wconf 79' lang='grc' dir='ltr'>ὥσθ’</span> <span class='ocrx_word' id='word_1_800' title='bbox 1268 5655 1408 5724; x_wconf 72' lang='grc' dir='ltr'>ἡμᾶς</span> <span class='ocrx_word' id='word_1_801' title='bbox 1443 5648 1715 5718; x_wconf 74' lang='grc' dir='ltr'>ἐξακούειν</span> <span class='ocrx_word' id='word_1_802' title='bbox 1744 5649 1838 5715; x_wconf 84' lang='grc' dir='ltr'><strong>τὸ,</strong></span> 
     </span>
    </p>
   </div>
   <div class='ocr_carea' id='block_1_102' title="bbox 371 5742 888 5811">
    <p class='ocr_par' dir='ltr' id='par_1_102' title="bbox 371 5742 888 5811">
     <span class='ocr_line' id='line_1_102' title="bbox 371 5742 888 5811; baseline -0.008 -13"><span class='ocrx_word' id='word_1_803' title='bbox 371 5748 410 5776; x_wconf 81' lang='grc'><strong>⁸⁸</strong></span> <span class='ocrx_word' id='word_1_804' title='bbox 449 5742 626 5798; x_wconf 84' lang='lat' dir='ltr'><strong>Judic.</strong></span> <span class='ocrx_word' id='word_1_805' title='bbox 665 5756 740 5807; x_wconf 81' lang='lat' dir='ltr'><strong>tv,</strong></span> <span class='ocrx_word' id='word_1_806' title='bbox 775 5756 888 5811; x_wconf 89' lang='lat' dir='ltr'><strong>seq.</strong></span> 
     </span>
    </p>
   </div>
   <div class='ocr_carea' id='block_1_103' title="bbox 364 5897 975 5966">
    <p class='ocr_par' dir='ltr' id='par_1_103' title="bbox 364 5897 975 5966">
     <span class='ocr_line' id='line_1_103' title="bbox 364 5897 975 5966; baseline -0.007 -13"><span class='ocrx_word' id='word_1_807' title='bbox 364 5902 438 5965; x_wconf 85' lang='lat' dir='ltr'><strong>ll)</strong></span> <span class='ocrx_word' id='word_1_808' title='bbox 481 5902 579 5964; x_wconf 71' lang='grc' dir='ltr'>Γρ.</span> <span class='ocrx_word' id='word_1_809' title='bbox 613 5897 975 5966; x_wconf 71' lang='grc' dir='ltr'>ὲγηγερμένῳ.</span> 
     </span>
    </p>
   </div>
   <div class='ocr_carea' id='block_1_104' title="bbox 1943 4837 3488 4908">
    <p class='ocr_par' dir='ltr' id='par_1_104' title="bbox 1943 4837 3488 4908">
     <span class='ocr_line' id='line_1_104' title="bbox 1943 4837 3488 4908; baseline 0 -16"><span class='ocrx_word' id='word_1_810' title='bbox 1943 4839 2227 4894; x_wconf 89' lang='lat' dir='ltr'><strong>Persarum</strong></span> <span class='ocrx_word' id='word_1_811' title='bbox 2244 4853 2464 4907; x_wconf 88' lang='lat' dir='ltr'><strong>regnum</strong></span> <span class='ocrx_word' id='word_1_812' title='bbox 2484 4846 2821 4906; x_wconf 86' lang='lat' dir='ltr'><strong>occupasset,</strong></span> <span class='ocrx_word' id='word_1_813' title='bbox 2840 4837 3182 4908; x_wconf 85' lang='lat' dir='ltr'><strong>Assyriorum</strong></span> <span class='ocrx_word' id='word_1_814' title='bbox 3206 4840 3488 4908; x_wconf 89' lang='lat' dir='ltr'><strong>imperium</strong></span> 
     </span>
    </p>
   </div>
   <div class='ocr_carea' id='block_1_105' title="bbox 1945 4928 3490 4999">
    <p class='ocr_par' dir='ltr' id='par_1_105' title="bbox 1945 4928 3490 4999">
     <span class='ocr_line' id='line_1_105' title="bbox 1945 4928 3490 4999; baseline -0.003 -13"><span class='ocrx_word' id='word_1_815' title='bbox 1945 4931 2155 4986; x_wconf 84' lang='lat' dir='ltr'><strong>evertit.</strong></span> <span class='ocrx_word' id='word_1_816' title='bbox 2194 4928 2433 4998; x_wconf 75' lang='lat' dir='ltr'><strong>Reliqua:</strong></span> <span class='ocrx_word' id='word_1_817' title='bbox 2467 4942 2595 4983; x_wconf 83' lang='lat' dir='ltr'><strong>vero</strong></span> <span class='ocrx_word' id='word_1_818' title='bbox 2635 4929 2944 4998; x_wconf 84' lang='lat' dir='ltr'><strong>singulatim</strong></span> <span class='ocrx_word' id='word_1_819' title='bbox 2984 4930 3265 4984; x_wconf 57' lang='lat' dir='ltr'><strong>recensita;</strong></span> <span class='ocrx_word' id='word_1_820' title='bbox 3306 4937 3490 4999; x_wconf 86' lang='lat' dir='ltr'><strong>gentes</strong></span> 
     </span>
    </p>
   </div>
   <div class='ocr_carea' id='block_1_106' title="bbox 1945 5018 3487 5088">
    <p class='ocr_par' dir='ltr' id='par_1_106' title="bbox 1945 5018 3487 5088">
     <span class='ocr_line' id='line_1_106' title="bbox 1945 5018 3487 5088; baseline -0.003 -13"><span class='ocrx_word' id='word_1_821' title='bbox 1945 5035 2008 5075; x_wconf 90' lang='lat' dir='ltr'><strong>ea</strong></span> <span class='ocrx_word' id='word_1_822' title='bbox 2033 5026 2158 5074; x_wconf 90' lang='lat' dir='ltr'><strong>sunt</strong></span> <span class='ocrx_word' id='word_1_823' title='bbox 2181 5032 2468 5087; x_wconf 67' lang='lat' dir='ltr'><strong>perpessae,</strong></span> <span class='ocrx_word' id='word_1_824' title='bbox 2493 5033 2611 5086; x_wconf 67' lang='lat' dir='ltr'><strong>quae</strong></span> <span class='ocrx_word' id='word_1_825' title='bbox 2631 5018 2735 5072; x_wconf 91' lang='lat' dir='ltr'><strong>hoc</strong></span> <span class='ocrx_word' id='word_1_826' title='bbox 2761 5033 3006 5074; x_wconf 89' lang='lat' dir='ltr'><strong>sermone</strong></span> <span class='ocrx_word' id='word_1_827' title='bbox 3028 5020 3487 5088; x_wconf 63' lang='lat' dir='ltr'><strong>praenuntiantur;</strong></span> 
     </span>
    </p>
   </div>
   <div class='ocr_carea' id='block_1_107' title="bbox 1946 5107 3491 5178">
    <p class='ocr_par' dir='ltr' id='par_1_107' title="bbox 1946 5107 3491 5178">
     <span class='ocr_line' id='line_1_107' title="bbox 1946 5107 3491 5178; baseline 0.001 -14"><span class='ocrx_word' id='word_1_828' title='bbox 1946 5109 2018 5164; x_wconf 90' lang='lat' dir='ltr'><strong>ita</strong></span> <span class='ocrx_word' id='word_1_829' title='bbox 2055 5116 2111 5160; x_wconf 90' lang='lat' dir='ltr'><strong>ut</strong></span> <span class='ocrx_word' id='word_1_830' title='bbox 2140 5122 2171 5162; x_wconf 78' lang='grc' dir='ltr'>ο</span> <span class='ocrx_word' id='word_1_831' title='bbox 2201 5123 2260 5161; x_wconf 92' lang='lat' dir='ltr'><strong>re</strong></span> <span class='ocrx_word' id='word_1_832' title='bbox 2288 5109 2553 5177; x_wconf 90' lang='lat' dir='ltr'><strong>quispiam</strong></span> <span class='ocrx_word' id='word_1_833' title='bbox 2579 5109 2800 5175; x_wconf 81' lang='lat' dir='ltr'><strong>dixerit,</strong></span> <span class='ocrx_word' id='word_1_834' title='bbox 2832 5107 3154 5178; x_wconf 87' lang='lat' dir='ltr'><strong>Prophetam</strong></span> <span class='ocrx_word' id='word_1_835' title='bbox 3184 5111 3491 5165; x_wconf 84' lang='lat' dir='ltr'><strong>memoratis</strong></span> 
     </span>
    </p>
   </div>
   <div class='ocr_carea' id='block_1_108' title="bbox 1949 5200 3488 5271">
    <p class='ocr_par' dir='ltr' id='par_1_108' title="bbox 1949 5200 3488 5271">
     <span class='ocr_line' id='line_1_108' title="bbox 1949 5200 3488 5271; baseline 0 -17"><span class='ocrx_word' id='word_1_836' title='bbox 1949 5201 2194 5271; x_wconf 87' lang='lat' dir='ltr'><strong>gentibus</strong></span> <span class='ocrx_word' id='word_1_837' title='bbox 2219 5215 2326 5253; x_wconf 88' lang='lat' dir='ltr'><strong>non</strong></span> <span class='ocrx_word' id='word_1_838' title='bbox 2350 5200 2636 5271; x_wconf 90' lang='lat' dir='ltr'><strong>imprecari</strong></span> <span class='ocrx_word' id='word_1_839' title='bbox 2664 5203 2824 5268; x_wconf 87' lang='lat' dir='ltr'><strong>mala,</strong></span> <span class='ocrx_word' id='word_1_840' title='bbox 2851 5203 2944 5257; x_wconf 85' lang='lat' dir='ltr'><strong>sed</strong></span> <span class='ocrx_word' id='word_1_841' title='bbox 2976 5201 3153 5256; x_wconf 83' lang='lat' dir='ltr'><strong>futura</strong></span> <span class='ocrx_word' id='word_1_842' title='bbox 3179 5202 3488 5266; x_wconf 83' lang='lat' dir='ltr'><strong>vaticinari,</strong></span> 
     </span>
    </p>
   </div>
   <div class='ocr_carea' id='block_1_109' title="bbox 1947 5292 3490 5364">
    <p class='ocr_par' dir='ltr' id='par_1_109' title="bbox 1947 5292 3490 5364">
     <span class='ocr_line' id='line_1_109' title="bbox 1947 5292 3490 5364; baseline -0.001 -17"><span class='ocrx_word' id='word_1_843' title='bbox 1947 5309 2009 5347; x_wconf 88' lang='lat' dir='ltr'><strong>ac</strong></span> <span class='ocrx_word' id='word_1_844' title='bbox 2052 5307 2150 5364; x_wconf 91' lang='lat' dir='ltr'><strong>pro</strong></span> <span class='ocrx_word' id='word_1_845' title='bbox 2193 5301 2413 5348; x_wconf 85' lang='lat' dir='ltr'><strong>assueto</strong></span> <span class='ocrx_word' id='word_1_846' title='bbox 2458 5292 2753 5363; x_wconf 71' lang='lat' dir='ltr'><strong>Scriptum</strong></span> <span class='ocrx_word' id='word_1_847' title='bbox 2797 5309 2978 5355; x_wconf 85' lang='lat' dir='ltr'><strong>more,</strong></span> <span class='ocrx_word' id='word_1_848' title='bbox 3030 5293 3340 5362; x_wconf 89' lang='lat' dir='ltr'><strong>imperantis</strong></span> <span class='ocrx_word' id='word_1_849' title='bbox 3375 5308 3490 5345; x_wconf 55' lang='lat' dir='ltr'><strong>mo-</strong></span> 
     </span>
    </p>
   </div>
   <div class='ocr_carea' id='block_1_110' title="bbox 1947 5383 3487 5455">
    <p class='ocr_par' dir='ltr' id='par_1_110' title="bbox 1947 5383 3487 5455">
     <span class='ocr_line' id='line_1_110' title="bbox 1947 5383 3487 5455; baseline -0.001 -17"><span class='ocrx_word' id='word_1_850' title='bbox 1947 5384 2095 5446; x_wconf 90' lang='lat' dir='ltr'><strong>dum,</strong></span> <span class='ocrx_word' id='word_1_851' title='bbox 2120 5384 2237 5437; x_wconf 91' lang='lat' dir='ltr'><strong>loco</strong></span> <span class='ocrx_word' id='word_1_852' title='bbox 2255 5386 2690 5453; x_wconf 67' lang='lat' dir='ltr'><strong>praenu&#39;ntiantis,</strong></span> <span class='ocrx_word' id='word_1_853' title='bbox 2715 5401 3013 5455; x_wconf 85' lang='lat' dir='ltr'><strong>usurpare;</strong></span> <span class='ocrx_word' id='word_1_854' title='bbox 3052 5383 3183 5437; x_wconf 88' lang='lat' dir='ltr'><strong>adeo</strong></span> <span class='ocrx_word' id='word_1_855' title='bbox 3197 5391 3253 5436; x_wconf 93' lang='lat' dir='ltr'><strong>ut</strong></span> <span class='ocrx_word' id='word_1_856' title='bbox 3279 5383 3487 5446; x_wconf 66' lang='lat' dir='ltr'><strong>isthaac,</strong></span> 
     </span>
    </p>
   </div>
   <div class='ocr_carea' id='block_1_111' title="bbox 1896 5471 3488 5544">
    <p class='ocr_par' dir='ltr' id='par_1_111' title="bbox 1896 5471 3488 5544">
     <span class='ocr_line' id='line_1_111' title="bbox 1896 5471 3488 5544; baseline -0.001 -18"><span class='ocrx_word' id='word_1_857' title='bbox 1896 5511 1901 5520; x_wconf 69' lang='grc' dir='ltr'><em>ι</em></span> <span class='ocrx_word' id='word_1_858' title='bbox 1946 5471 2058 5526; x_wconf 83' lang='lat' dir='ltr'><strong>Fac</strong></span> <span class='ocrx_word' id='word_1_859' title='bbox 2086 5473 2227 5536; x_wconf 86' lang='lat' dir='ltr'><strong>illis,</strong></span> <span class='ocrx_word' id='word_1_860' title='bbox 2263 5489 2364 5528; x_wconf 89' lang='lat' dir='ltr'><strong>nos</strong></span> <span class='ocrx_word' id='word_1_861' title='bbox 2400 5475 2478 5528; x_wconf 85' lang='lat' dir='ltr'><strong>sic</strong></span> <span class='ocrx_word' id='word_1_862' title='bbox 2526 5475 2921 5544; x_wconf 86' lang='lat' dir='ltr'><strong>intelligamus,</strong></span> <span class='ocrx_word' id='word_1_863' title='bbox 2966 5472 3149 5527; x_wconf 83' lang='lat' dir='ltr'><strong>Facies</strong></span> <span class='ocrx_word' id='word_1_864' title='bbox 3196 5473 3306 5526; x_wconf 81' lang='lat' dir='ltr'><strong>illis</strong></span> <span class='ocrx_word' id='word_1_865' title='bbox 3355 5474 3488 5526; x_wconf 78' lang='lat' dir='ltr'><strong>sicut</strong></span> 
     </span>
    </p>
   </div>
   <div class='ocr_carea' id='block_1_112' title="bbox 1946 5563 3489 5636">
    <p class='ocr_par' dir='ltr' id='par_1_112' title="bbox 1946 5563 3489 5636">
     <span class='ocr_line' id='line_1_112' title="bbox 1946 5563 3489 5636; baseline -0.003 -17"><span class='ocrx_word' id='word_1_866' title='bbox 1946 5564 2174 5619; x_wconf 73' lang='lat' dir='ltr'><strong>Hadian</strong></span> <span class='ocrx_word' id='word_1_867' title='bbox 2198 5574 2243 5617; x_wconf 82' lang='lat' dir='ltr'><strong>et</strong></span> <span class='ocrx_word' id='word_1_868' title='bbox 2272 5565 2490 5620; x_wconf 68' lang='lat' dir='ltr'><strong>Sisara.</strong></span> <span class='ocrx_word' id='word_1_869' title='bbox 2521 5563 2645 5619; x_wconf 70' lang='lat' dir='ltr'><strong>Hrec</strong></span> <span class='ocrx_word' id='word_1_870' title='bbox 2679 5579 2840 5634; x_wconf 88' lang='lat' dir='ltr'><strong>porro</strong></span> <span class='ocrx_word' id='word_1_871' title='bbox 2867 5565 2932 5619; x_wconf 92' lang='lat' dir='ltr'><strong>de</strong></span> <span class='ocrx_word' id='word_1_872' title='bbox 2957 5565 3328 5636; x_wconf 83' lang='lat' dir='ltr'><strong>Assyriorum,</strong></span> <span class='ocrx_word' id='word_1_873' title='bbox 3359 5565 3489 5617; x_wconf 78' lang='lat' dir='ltr'><strong>alia-</strong></span> 
     </span>
    </p>
   </div>
   <div class='ocr_carea' id='block_1_113' title="bbox 1946 5652 3468 5724">
    <p class='ocr_par' dir='ltr' id='par_1_113' title="bbox 1946 5652 3468 5724">
     <span class='ocr_line' id='line_1_113' title="bbox 1946 5652 3468 5724; baseline -0.003 -14"><span class='ocrx_word' id='word_1_874' title='bbox 1946 5668 2172 5724; x_wconf 87' lang='lat' dir='ltr'><strong>rumque</strong></span> <span class='ocrx_word' id='word_1_875' title='bbox 2219 5652 2308 5708; x_wconf 90' lang='lat' dir='ltr'><strong>hic</strong></span> <span class='ocrx_word' id='word_1_876' title='bbox 2374 5654 2767 5708; x_wconf 90' lang='lat' dir='ltr'><strong>recensitarum</strong></span> <span class='ocrx_word' id='word_1_877' title='bbox 2814 5655 3056 5724; x_wconf 88' lang='lat' dir='ltr'><strong>gentium</strong></span> <span class='ocrx_word' id='word_1_878' title='bbox 3113 5653 3322 5707; x_wconf 83' lang='lat' dir='ltr'><strong>excidio</strong></span> <span class='ocrx_word' id='word_1_879' title='bbox 3355 5666 3468 5720; x_wconf 54' lang='lat' dir='ltr'><strong>prae</strong></span> 
     </span>
    </p>
   </div>
   <div class='ocr_carea' id='block_1_114' title="bbox 2024 5885 3492 5961">
    <p class='ocr_par' dir='ltr' id='par_1_114' title="bbox 2024 5885 3492 5961">
     <span class='ocr_line' id='line_1_114' title="bbox 2024 5885 3492 5961; baseline 0 -19"><span class='ocrx_word' id='word_1_880' title='bbox 2024 5891 2091 5961; x_wconf 67' lang='grc' dir='ltr'><strong>(ἒ)</strong></span> <span class='ocrx_word' id='word_1_881' title='bbox 2133 5889 2322 5947; x_wconf 85' lang='lat' dir='ltr'><strong>Decsse</strong></span> <span class='ocrx_word' id='word_1_882' title='bbox 2347 5890 2554 5944; x_wconf 72' lang='lat' dir='ltr'><strong>videtur</strong></span> <span class='ocrx_word' id='word_1_883' title='bbox 2587 5889 2824 5948; x_wconf 74' lang='lat' dir='ltr'><strong>verbum,</strong></span> <span class='ocrx_word' id='word_1_884' title='bbox 2868 5888 3005 5944; x_wconf 84' lang='lat' dir='ltr'><strong>forte</strong></span> <span class='ocrx_word' id='word_1_885' title='bbox 3046 5885 3307 5960; x_wconf 75' lang='grc' dir='ltr'>ὀνομάζει.</span> <span class='ocrx_word' id='word_1_886' title='bbox 3336 5887 3492 5942; x_wconf 74' lang='lat' dir='ltr'><strong>Enn.</strong></span> 
     </span>
    </p>
   </div>
  </div>
