4406 6424
870 471 970 526 999
1531 469 1795 524 EUSEBll
1825 468 2297 524 CESARIENSlS
2327 468 2475 524 OPP.
2516 467 2693 521 PARS
2725 467 2812 523 lll.
2849 497 2908 510 —
2955 465 3353 523 EXEGETICA.
3894 465 4034 524 1000

869 583 1199 636 nuntiantur.
1223 581 1406 652 Neque
1429 589 1605 636 tamen
1636 582 1701 636 de
1730 569 1796 638 iis
1823 583 1916 653 qui
1943 591 2063 652 post
2098 581 2394 637 Salvatoris
2423 588 2468 643 Α
2494 584 2609 635 Ποίπ

2293 584 2394 636 oris
2423 588 2468 643 Α
2494 584 2753 649 Ποίησον
2774 583 2992 646 αὐτοῖς,
3017 581 3136 635 ἀντὶ
3168 571 3282 644 τοῦ,
3315 579 3588 647 Ποιήσεις
3610 582 3688 647 ὡς
3707 582 3782 651 τῇ
3801 583 4033 652 Μαδιὰμ

868 673 1034 725 nostri
1068 672 1350 726 adventum
1379 683 1699 742 postremam
1728 671 2218 742 Hierosolymorum
2251 674 2400 726 obsi-
2500 673 2599 726 καί

2295 674 2400 726 bsi-
2500 673 2599 726 καί
2616 672 2692 738 τῷ
2712 672 2954 740 Σισάρᾳ.
2989 671 3172 723 Ταῦτα
3200 671 3255 722 δὲ
3285 672 3524 741 περὶτοῦ
3551 673 3736 744 τέλους
3766 673 3872 725 τῶν
3915 673 4035 726 Ἀσ-

866 759 1075 827 dionem
1100 761 1380 825 fecerunt,
1409 762 1606 816 similia
1635 762 1902 817 feruntur.
1929 763 2107 828 Quare
2134 763 2266 816 nihil
2293 763 2398 817 tale
2499 777 2601 833 συρ

2294 763 2398 817 tale
2499 762 2695 833 συρίων
2745 762 2837 813 καὶ
2883 760 2990 813 τῶν
3026 761 3120 812 σὺν
3173 760 3350 822 αὐτοῖς
3401 761 3832 830 καταλεχθέντων
3868 761 4034 818 ἐθνῶν

865 847 1089 904 Romani
1121 859 1243 920 post
1271 852 1473 905 illatam
1502 852 1646 922 genti
1675 852 1881 906 cladem
1910 852 2154 921 perpessi
2182 859 2326 907 sunt.
2499 868 2605 923 προ

2293 859 2326 904 ι.
2499 849 2911 923 προφητεύεται.
2938 848 3011 900 Ού
3044 849 3149 918 μὴν
3174 847 3266 900 καὶ
3286 849 3409 918 περὶ
3433 848 3538 900 τῶν
3559 849 3654 918 τὴν
3679 849 3907 920 ὑστάτην
3935 864 4033 902 πο-

862 941 1100 1012 λιορκίαν
1132 943 1267 1012 μετὰ
1292 944 1388 1014 τὴν
1407 944 1497 996 τοῦ
1529 945 1776 1015 Σωτῆρος
1805 945 1960 1014 ἡμῶν
2024 946 2320 1020 παρουσίαν
2375 945 2846 1017 κατειργασμένων
2863 942 3086 996 τοιαῦτά
3131 959 3250 994 τινα
3317 943 3559 1014 ἐφέρετο.
3594 940 3683 995 Διὸ
3713 940 3860 994 οὐδὲν
3904 942 4024 994 Ῥω-

867 1034 1011 1103 μαῖοι
1036 1032 1272 1086 τοιοῦτον
1302 1033 1595 1086 πεπόνθασι
1632 1033 1767 1103 μετὰ
1798 1035 1893 1104 τὴν
1917 1034 2057 1087 κατὰ
2087 1034 2179 1088 τοῦ
2212 1035 2392 1096 ἔθνους
2428 1034 2777 1115 ἐπιχείρησιν.

935 1147 1097 1204 Vsus.
1123 1149 1208 1203 η.
1237 1148 1374 1202 Deus
1404 1156 1566 1212 meus,
1583 1164 1712 1216 pone
1736 1148 1856 1202 illos
1879 1157 1935 1201 ut
1960 1158 2151 1212 rotam,
2178 1158 2226 1202 et
2253 1150 2388 1202 sicut
2582 1149 2631 1200 '0
2654 1151 2675 1201 ε

2292 1150 2388 1202 Eeut
2582 1149 2631 1200 '0
2654 1148 2796 1212 Θεός
2822 1163 2960 1216 μου,
2999 1144 3105 1198 θσῦ
3129 1145 3344 1209 αὐτοὺς
3376 1146 3454 1210 ὠς
3485 1143 3720 1212 τροχὸν.
3744 1145 3823 1210 ὡς
3850 1145 4032 1199 κα.ὶά-

862 1239 1108 1308 stipulam
1142 1247 1262 1293 ante
1292 1239 1479 1306 faciem
1516 1240 1670 1292 venti.
1709 1236 1826 1291 Non
1865 1240 2241 1309 intempestive
2262 1239 2395 1293 Pro-
2491 1255 2602 1308 μην

2290 1241 2395 1293 ἰὀ-
2491 1255 2614 1308 μην
2633 1236 2780 1290 κατὰ
2805 1236 3125 1302 πρόσωπον
3154 1233 3394 1300 ἀνέμου.
3435 1234 3547 1285 οὐκ
3579 1232 3817 1302 ἀκαίρως
3840 1235 3867 1285 ὁ
3890 1235 4030 1302 Προ-

860 1331 1059 1400 pbeta,
1109 1329 1217 1382 imo
1255 1328 1436 1397 potius
1473 1327 1528 1382 in
1558 1343 1623 1383 eo
1662 1327 1896 1399 Spiritus
1934 1337 2152 1383 sanctus
2177 1367 2193 1392 ,
2231 1329 2398 1383 Deum
2496 1328 2600 1398 φήτ

2295 1344 2398 1383 tum
2496 1328 2689 1398 φήτης,
2717 1323 2912 1394 μᾶλλον
2935 1322 2991 1375 δὲ
3013 1322 3074 1374 τὸ
3102 1322 3157 1373 ὲν
3170 1321 3314 1390 αὐτῷ
3333 1321 3483 1388 ἆγιον
3509 1320 3745 1390 Πνεῦμα,
3775 1321 4035 1377 ἰδιοποιεῖὲ

862 1426 922 1472 ut
950 1417 1055 1471 sibi
1086 1416 1364 1486 proprium
1389 1417 1445 1470 in
1475 1415 1783 1485 huiusmodi
1809 1412 2116 1471 narratione
2139 1425 2398 1472 memorat
2495 1435 2584 1471 ται

2293 1425 2398 1470 )rat
2495 1435 2584 1471 ται
2608 1417 2696 1469 τὸν
2722 1415 2852 1468 Θεὸν
2905 1415 2962 1466 ὲν
3005 1415 3069 1483 τῇ
3104 1412 3433 1483 προκειμένῃ
3480 1412 3686 1482 ἱστορίᾳ
3726 1412 3960 1480 φάσκον,
3999 1416 4033 1467 ὁ

861 1508 1080 1567 dicens,
1115 1505 1252 1559 Deus
1286 1521 1426 1559 meus
1451 1521 1470 1556 :
1503 1520 1676 1573 neque
1704 1506 1849 1558 enim
1877 1507 1990 1568 ait,
2024 1505 2395 1570 Deus‘noster;
2501 1507 2601 1558 Θεό

2310 1522 2395 1570 er;
2501 1506 2642 1570 Θεός
2660 1522 2777 1573 μου
2794 1522 2807 1534 ·
2835 1504 2895 1556 οὺ
2917 1502 3020 1573 γὰρ
3041 1541 3056 1564 ,
3079 1505 3110 1554 ό
3138 1501 3277 1566 Θεὸς
3295 1501 3479 1569 ἡμῶν,
3499 1504 3678 1570 φησὶν,
3705 1502 3816 1554 ἀλλ’
3838 1505 3869 1555 ό
3896 1501 4050 1568 Θεός

864 1597 991 1660 sed,
1031 1596 1167 1650 Deus
1206 1610 1378 1658 meus;
1408 1595 1565 1662 quasi
1603 1595 1685 1650 vel
1721 1611 1863 1651 unus
1899 1603 2154 1661 tantum,
2181 1598 2264 1652 vel
2303 1597 2400 1651 ad—
2493 1610 2604 1660 μου

2303 1597 2400 1651 ad—
2493 1610 2629 1660 μου,
2669 1593 2745 1656 ὡς
2787 1593 2851 1645 ἂν
2906 1591 3021 1653 ἑνός
3051 1607 3151 1642 που
3194 1591 3285 1642 καὶ
3318 1591 3539 1642 σπανίου
3565 1591 4035 1662 περιλελειμμένου

862 1687 1079 1742 modum
1109 1686 1264 1755 pauci
1295 1695 1535 1754 tempore
1570 1686 1914 1754 Assyriorum
1952 1688 2250 1742 obsidionis
2291 1687 2397 1741 Deo
2500 1699 2599 1734 κατ

2298 1687 2397 1741 ῡεο
2500 1683 2637 1735 κατὰ
2669 1683 2758 1733 τὸν
2795 1681 3097 1750 δηλωθέντα
3127 1681 3312 1750 καιρὸν
3337 1680 3437 1749 τῆς
3469 1681 3573 1732 τῶν
3623 1681 3910 1752 Ἀσσυρίων
3939 1698 4038 1734 πο-

862 1777 1008 1848 digni
1046 1776 1216 1831 relicti
1255 1775 1475 1829 fuerint.
1517 1775 1648 1828 Nam
1687 1792 1809 1828 cum
1849 1778 2080 1845 populus
2115 1777 2290 1831 omnis
2320 1779 2399 1830 la-
2500 1774 2602 1843 λιοε

2320 1779 2399 1830 la.
2500 1773 2759 1843 λιορκίας,
2803 1769 2950 1835 ἀξίου
2980 1771 3071 1823 τοῦ
3102 1770 3254 1824 Θεοῦ.
3297 1771 3380 1832 Ὠς
3419 1771 3526 1842 γὰρ
3560 1770 3650 1823 τοῦ
3681 1771 3809 1825 λαοῦ
3841 1771 4039 1834 παντὸς

861 1882 990 1939 psus
1035 1875 1089 1922 et
1139 1873 1483 1935 peccatorum
1527 1878 1693 1918 causa
1747 1865 2120 1922 obsidentibus
2167 1867 2395 1922 traditus
2426 1868 2466 1922 Β
2495 1865 2599 1915 ὲκπ

2301 1875 2395 1922 ,tus
2426 1868 2466 1922 Β
2495 1864 2829 1925 ἐκπεσόντος,
2867 1863 2958 1915 καὶ
2975 1861 3062 1914 διὰ
3090 1861 3184 1925 τὰς
3215 1862 3484 1932 ἁμαρτίας
3512 1865 3623 1926 τοῖς
3666 1863 4041 1933 πολιορκηταῐς

859 1968 1035 2022 esset,
1074 1973 1183 2011 non
1217 1956 1570 2011 communiter
1609 1954 1774 2008 Deum
1810 1958 2134 2026 compellat;
2190 1959 2284 2012 sed
2330 1974 2396 2013 ex
2496 1968 2599 2020 παρ

2330 1974 2396 2013 ex
2496 1949 2899 2020 παραδοθέντος,
2927 1950 2987 2000 οὐ
3013 1953 3300 2002 κοινοποιεῖ
3318 1951 3414 2020 τὴν
3429 1951 3707 2021 ἐπίκλησιν
3726 1970 3738 1980 ·
3764 1950 3824 2014 ἐξ
3844 1951 4039 2004 οίκείου

865 2048 1084 2117 propria
1112 2059 1340 2116 persona
1361 2044 1439 2098 sic
1465 2043 1626 2097 infert
1653 2043 2005 2114 :Deusmeus,
2035 2062 2164 2113 pone
2195 2047 2312 2100 illos
2343 2055 2400 2099 ut
2493 2040 2549 2092 δὲ
2583 2058 2605 2110 μ

2301 2064 2312 2099 ς
2343 2055 2400 2099 ατ
2493 2040 2549 2092 δὲ
2583 2041 2741 2110 μόνου
2767 2038 3051 2109 προσώπου
3077 2040 3266 2108 ἐπάγει
3293 2041 3446 2110 λέγον
3471 2057 3484 2070 ο
3522 2041 3573 2092 '0
3597 2041 3736 2106 Θεός
3761 2058 3899 2109 μου,
3933 2040 4041 2096 θοῦ

861 2148 1050 2192 rotam.
1087 2137 1159 2190 Ea
1193 2144 1374 2190 autem
1402 2143 1532 2188 rotae
1557 2143 1748 2188 natura
1780 2145 1894 2201 est,
1926 2144 1984 2189 ut
2013 2138 2262 2192 volubilis
2293 2137 2396 2203 sit,

860 2242 960 2282 nec
988 2228 1179 2282 eodem
1208 2228 1260 2280 in
1295 2226 1414 2280 loco
1450 2226 1732 2280 consistat.
1769 2225 1916 2280 Talis
1943 2241 2069 2281 vero
2097 2235 2208 2281 tota
2252 2227 2400 2281 athe-

859 2333 1018 2372 orum
1048 2319 1156 2373 vita
1183 2325 1298 2381 est,
1332 2332 1450 2386 qua:
1478 2325 1684 2371 certum
1713 2317 1778 2370 ad
1821 2324 2033 2387 tempus
2076 2319 2129 2372 in
2168 2319 2400 2373 sublime

861 2416 1050 2463 evecta
1071 2447 1084 2471 ,
1116 2407 1310 2461 deinde
1343 2408 1514 2461 instar
1544 2414 1675 2459 rotae
1702 2407 1757 2459 in
1790 2407 2118 2461 contrarium
2150 2407 2396 2462 vertitur.

860 2498 1097 2553 Primum
1136 2499 1336 2568 itaque,
1366 2497 1508 2550 Pone
1536 2497 1655 2551 illos
1685 2508 1741 2550 ut
1771 2508 1971 2561 rotam,
2004 2499 2173 2567 inquit
2205 2516 2220 2566 ;
2251 2498 2402 2553 dein—

861 2588 960 2649 de,
999 2584 1200 2657 (Vens.
1234 2586 1337 2656 l5)
1382 2587 1518 2642 sicut
1568 2586 1818 2654 stipulam
1847 2596 1965 2641 ante
2004 2588 2188 2655 faciem
2230 2589 2397 2653 venti,

855 2683 948 2740 et,
990 2678 1124 2730 sicut
1152 2678 1283 2746 ignis
1312 2677 1399 2746 qui
1426 2679 1686 2731 comburat
1727 2678 1926 2747 syleam
1950 2695 1968 2742 ;
1997 2679 2098 2733 sub
2126 2679 2267 2740 haec,
2299 2678 2404 2731 sio—

857 2772 918 2820 ut
971 2766 1188 2834 ﬂamma
1242 2783 1357 2837 qua:
1396 2767 1658 2844 comburet
1707 2777 1922 2822 montes.
1976 2771 2129 2838 ipsos
2166 2781 2399 2836 namque

858 2856 1146 2924 adversum
1219 2856 1427 2925 seipsos
1495 2858 1897 2913 insurrecturos
1929 2898 1944 2922 ,
2002 2872 2066 2911 ac
2118 2858 2222 2912 sibi
2273 2857 2405 2926 ipsis

858 2947 1218 3001 admissorum
1269 2947 1532 3000 scelerum
1587 2948 1907 3016 supplicium
1970 2947 2215 3000 illaturos
2268 2947 2404 2999 vati-

856 3037 1068 3089 cinatur
1119 3034 1205 3088 bis
1261 3035 1482 3088 verbis:
1517 3034 1660 3088 Pone
1707 3033 1853 3087 illos.
1901 3032 2043 3087 Huic
2094 3042 2271 3086 autem
2320 3032 2402 3086 di-

855 3132 969 3185 cto,
997 3123 1133 3175 sicut
1153 3122 1400 3210 stipulam
1425 3131 1542 3175 ante
1567 3123 1749 3190 faciem
1773 3122 1938 3184 renti,
1958 3121 2099 3174 istuc
2125 3119 2250 3206 alibi
2274 3133 2401 3188 pro-

861 3214 1024 3266 latum
1055 3189 1278 3279 adjicias
1301 3232 1313 3266 :
1337 3211 1458 3266 Non
1488 3189 1573 3266 sic?
1585 3213 1751 3280 impii,
1779 3229 1880 3266 non
1901 3213 2003 3272 sic;
2033 3212 2120 3265 sed
2152 3200 2396 3281 tanquam
2424 3189 2464 3247 (ἶ

854 3301 1027 3369 pulvis
1070 3317 1218 3371 quem
1262 3301 1471 3369 projicit
1522 3311 1696 3356 ventus
1729 3319 1761 3354 a
1803 3302 1935 3370 {acie
1983 3301 2199 3354 terrm“
2228 3300 2398 3354 :lllud

855 3395 1057 3453 autem,
1107 3389 1242 3443 sicut
1279 3390 1413 3459 ignis
1463 3390 1551 3459 qui
1597 3390 1859 3443 comburet
1906 3391 2128 3459 sylvam,
2164 3390 2400 3446 declarat

859 3476 1008 3547 ipsos
1031 3478 1230 3548 ignem,
1261 3480 1584 3548 eosdemque
1610 3480 1815 3550 sylvam
1858 3495 2011 3542 esse;
2038 3479 2110 3532 ita
2139 3486 2197 3532 ut
2229 3479 2330 3548 ipsi
2368 3493 2398 3532 a

857 3566 1055 3636 seipsis
1079 3568 1429 3622 comburendi
1471 3569 1596 3631 sint,
1630 3567 1928 3623 secundum
1981 3567 2135 3631 illud,
2167 3568 2399 3622 Incedite

858 3655 928 3709 ad
951 3658 1113 3710 lucem
1130 3658 1262 3726 ignis
1278 3657 1451 3720 vestri,
1468 3665 1518 3710 et
1550 3657 1616 3710 ad
1637 3658 1906 3725 ﬂammam
1930 3674 2086 3727 quam
2106 3660 2398 3712 suctendis-

857 3747 928 3798 tis
956 3746 1019 3800 ‘7.
1051 3744 1184 3800 Illud
1214 3762 1362 3811 vero,
1393 3746 1579 3817 (Vsus.
1616 3747 1703 3819 l6)
1739 3750 1870 3803 sicut
1898 3749 2111 3818 ﬂamma
2125 3766 2239 3819 qua
2257 3766 2398 3804 com-

859 3840 1006 3894 buret
1036 3850 1254 3906 montes,
1289 3844 1540 3913 nequitias
1561 3861 1747 3901 eorum
1778 3849 2197 3918 magnitudinem
2224 3847 2394 3914 eli'ert,

855 3946 922 3985 ac
945 3932 1226 3987 denuntiat
1254 3934 1524 4004 quomodo
1553 3933 1766 3989 ﬂamma
1812 3936 2076 4006 ipsorum,
2108 3938 2393 3992 elationem

857 4030 913 4076 ct
964 4024 1270 4093 superbiam
1327 4039 1537 4089 eorum,
1597 4027 1862 4080 montium
1911 4028 2084 4082 instar
2139 4036 2392 4092 erectam,

853 4114 1210 4169 combustura
1238 4116 1328 4168 sit.
1359 4115 1721 4186 Subsequitur
1752 4118 1948 4173 deinde
1974 4137 1986 4173 :
2022 4149 2092 4162 --
2117 4120 2276 4174 Vens.
2305 4119 2392 4172 17.

775 4226 796 4238 ν
858 4202 948 4260 Ita
975 4205 1292 4272 persequeris
1322 4204 1441 4258 illos
1459 4219 1477 4256 :
1509 4206 1633 4259 alibi
1657 4222 1869 4276 quoque
1889 4208 2090 4262 dictum
2118 4218 2223 4273 est,
2253 4207 2394 4278 Ignis

2493 2131 2709 2195 αὐτοὺς
2747 2130 2828 2195 ὡς
2869 2131 3099 2198 τροχόν.
3149 2131 3352 2202 Τροχοῦ
3381 2132 3438 2183 δὲ
3475 2131 3633 2198 φύσις
3666 2131 3902 2201 στρεπτὴ
3948 2130 4041 2184 καὶ

2491 2221 2586 2288 οὐχ
2617 2219 2823 2270 ἑστῶσα
2856 2222 2912 2272 ὲν
2938 2219 3136 2289 ταύτῷ.
3159 2221 3408 2284 Τοιοῦτος
3448 2221 3504 2273 δὲ
3543 2224 3651 2284 πᾶς
3683 2224 3711 2274 ὁ
3739 2222 3843 2274 τῶν
3867 2221 4042 2275 ἀθέων

2495 2314 2627 2384 βίος,
2656 2313 2829 2383 καιρῷ
2861 2315 2957 2383 μὲν
2979 2317 3058 2376 είς
3090 2314 3219 2384 ὕψος
3247 2316 3620 2388 ἐπαιρόμενος,
3649 2313 3765 2369 εἶτα
3807 2317 4042 2390 στροφὴν

2495 2403 2810 2472 ποιούμενος
2835 2403 2931 2474 τὴν
2959 2405 3050 2456 ἐπὶ
3084 2405 3407 2469 τούναντίον,
3429 2405 3604 2476 τροχῷ
3633 2406 4040 2477 παραπλησίως.

2495 2493 2716 2565 Πρῶτον
2737 2493 2934 2557 τοίνυν,
2964 2493 3080 2546 Θοῦ
3105 2495 3321 2559 αὐτοὺς
3335 2496 3413 2559 ὠς
3435 2494 3666 2562 τροχὸν,
3690 2496 3847 2564 φησίν
3865 2512 3879 2524 ο
3903 2491 4039 2555 εἶτα,

2494 2583 2572 2649 ὠς
2603 2582 2879 2652 καλάμην
2914 2584 3063 2637 κατὰ
3099 2584 3416 2651 πρόσωπον
3439 2583 3658 2652 ἀνέμου
3677 2599 3692 2614 °
3723 2583 3817 2636 καὶ
3838 2621 3853 2647 ,
3901 2583 4039 2636 ὡσεί

2497 2674 2633 2742 πῦρ,
2677 2675 2709 2728 ὃ
2729 2674 3030 2744 διαφλέξει
3050 2674 3272 2744 δρυμόν
3292 2691 3305 2706 ο
3365 2675 3459 2726 καὶ
3513 2663 3605 2727 ἐπὶ
3637 2673 3872 2740 τούτοις,
3901 2674 4038 2727 ὡσεί

2497 2766 2674 2834 φλὸξ,
2706 2765 2745 2834 ἢ
2786 2768 3145 2820 κατακαύσει
3161 2765 3288 2834 ὅρη.
3321 2766 3525 2828 Αὐτοὺς
3558 2757 3667 2835 γὰρ
3712 2767 3831 2818 κατ’
3867 2764 4037 2819 αὐτῶν

2495 2858 2874 2924 ὲπαναστῆναι,
2904 2858 2999 2910 καὶ
3023 2856 3321 2910 δι’-ἑαυτῶν
3347 2856 3443 2919 τὰς
3475 2856 3740 2927 τιμωρίας
3767 2851 3841 2908 ὧν
3873 2855 4024 2908 τετολ

2503 2947 2735 3017 μήκασιν
2760 2948 3010 3016 ὑποσχεῖν
3036 2946 3121 2999 διὰ
3165 2947 3366 2999 τούτων
3407 2942 3648 3007 θεσπίζει
3695 2944 3865 2999 είπών
3889 2961 3902 2975 ·
3929 2945 4037 3000 Θοί

2499 3037 2735 3101 αὐτούς.
2750 3035 3090 3105 Παραθήσεις
3111 3033 3167 3086 δὲ
3190 3032 3284 3102 τῷ,
3305 3034 3384 3098 ὡς
3410 3031 3684 3102 καλάμην
3699 3034 3846 3088 κατὰ
3868 3036 4025 3102 πρόσ

2500 3141 2660 3180 ωπον
2699 3125 2939 3194 ἀνέμου,
2971 3126 3031 3179 τὸ
3073 3126 3129 3177 ὲν
3159 3124 3363 3193 ἑτέροις
3411 3123 3744 3192 λελεγμένον·
3782 3127 3902 3192 Οὐχ
3941 3119 4039 3178 οὔ·

2494 3235 2606 3283 τως
2657 3220 2711 3271 οι
2755 3215 3008 3282 ἀσεϐεῖς,
3050 3216 3162 3284 οὐχ
3213 3215 3415 3278 οὕτως’
3455 3213 3588 3266 ἀλλ’
3626 3213 3706 3279 ὡς
3745 3213 3947 3281 χνοῦς,
3975 3214 4036 3268 ὃν

2495 3311 2750 3376 ἐνρίπτει
2771 3313 2803 3363 ὁ
2834 3309 3049 3377 ἄνεμος
3079 3307 3194 3362 ἀπὸ
3227 3306 3546 3374 προσώπου
3579 3306 3690 3374 τῆς
3711 3306 3841 3374 γῆς.
3872 3308 3943 3359 Τὸ
3964 3309 4040 3373 δὲ,

2494 3400 2632 3452 ὡσεί
2662 3400 2796 3466 πῦρ,
2825 3400 2856 3452 ὃ
2880 3397 3181 3469 διαρλέξει
3207 3397 3449 3467 δρυμὸν,
3488 3398 3809 3468 παρίστησιν
3851 3398 4038 3462 αὑτοῦ..

2496 3485 2709 3542 εἶναιτὸ
2731 3488 2859 3560 πῦρ,
2890 3487 2984 3540 καὶ
3010 3486 3203 3550 αὐτοὺς
3229 3481 3364 3540 εἶναι
3397 3487 3484 3539 τὸν
3514 3486 3716 3556 δρυμόν
3734 3502 3748 3516 ⁸
3781 3485 3919 3539 ὥστε
3947 3488 4028 3540 ab

2491 3584 2615 3645 ⁴τοὺς
2646 3582 2732 3649 ὑφ’
2771 3579 2982 3633 ἑαυτῶν
3012 3577 3402 3650 φλεχθήσεσθαι
3448 3577 3586 3630 κατὰ
3623 3577 3683 3630 τὸ
3725 3579 3929 3646 φάσκον
3951 3577 4012 3630 λύ

2493 3689 2607 3742 γιον
2626 3689 2640 3702 ·
2667 3672 2991 3739 Πορεύεσθε
3011 3669 3091 3734 τῷ
3120 3669 3267 3738 φωτί
3286 3668 3392 3722 τοῦ
3413 3670 3597 3737 πυρὸς
3627 3667 3810 3738 ὑμῶν,
3839 3669 3935 3722 καί
3965 3666 4038 3737 τῇ

2492 3759 2665 3828 φλογί
2678 3754 2717 3830 ᾗ
2731 3759 3104 3823 ἑξεκαύσατε.
3128 3759 3201 3810 Τὸ
3218 3758 3292 3821 δὲ,
3309 3757 3446 3810 ὡσεὶ
3457 3758 3612 3826 φλὸξ
3629 3757 3666 3824 ἢ
3684 3760 4037 3814 κατακαύσει

2494 3851 2621 3917 ὄρη,
2649 3849 2881 3901 δείκνυσι
2911 3850 3008 3919 τῆς
3030 3846 3206 3900 αὐτῶν
3249 3846 3443 3907 κακίας
3473 3844 3532 3897 τὸ
3567 3846 3809 3914 μέγεθος,
3843 3846 3936 3900 καὶ
3965 3846 4037 3908 ὡς,

2493 3943 2525 4012 ἡ
2559 3942 2730 3994 αὐτῶν
2759 3940 2886 4010 φλὸξ
2907 3940 2977 3993 τὰ
3003 3939 3294 4008 ἐπάρματα
3321 3935 3498 3990 αὐτῶν
3531 3938 3622 3990 καὶ
3648 3937 3716 3990 τὰ
3749 3937 4036 4008 ὑψώματα,

2493 4031 2676 4104 ὥσπερ
2701 4034 2821 4087 τινὰ
2862 4032 2982 4103 ὅρη,
3021 4029 3376 4084 κατακαύσει.
3417 4028 3679 4096 Ἑπιλέγει
3711 4029 3766 4081 δὲ
3801 4029 4035 4093 τούτοις·

2497 4120 2655 4171 Οὕτω
2691 4117 3061 4183 καταδιώξεις
3092 4118 3326 4182 αὐτούς.
3371 4117 3482 4170 Καὶ
3523 4119 3582 4170 ὲν
3605 4117 3807 4188 ἑτέροις
3848 4119 3905 4171 δὲ
3949 4117 4036 4170 λέ·-

2492 4207 2674 4260 λεκται
2696 4225 2709 4237 ·
2737 4208 2862 4275 Πῦρ
2894 4207 2990 4262 καί
3027 4207 3184 4261 θεῖον
3215 4208 3309 4260 καί
3345 4207 3577 4276 πνεῦμα
3616 4209 3969 4277 καταιγίδος,
3996 4209 4036 4276 ἡ

852 4305 909 4350 et
937 4294 1152 4363 sulphur
1179 4303 1228 4349 et
1270 4295 1485 4364 spiritus
1515 4296 1862 4364 procellarum
1913 4314 2035 4365 pars
2093 4298 2272 4352 ca‘licis
2320 4315 2398 4352 eo-
2486 4315 2592 4366 μερ

2320 4315 2398 4352 eo-
2486 4299 2653 4366 μερίς
2680 4297 2784 4367 τοῦ
2810 4298 3090 4364 ποτηρίου
3129 4295 3339 4350 αὐτῶν.
3381 4297 3610 4364 Ἐδίδαξε
3640 4298 3696 4350 δὲ
3722 4299 3807 4351 διὰ
3836 4299 4034 4353 τούτων

857 4401 977 4439 rum
1011 4386 1074 4440 “.
1125 4383 1220 4440 His
1254 4399 1417 4455 porro
1464 4385 1790 4450 declaratur,
1822 4388 2105 4456 procellam
2155 4387 2396 4456 iramque

2491 4390 2519 4440 ὀ
2546 4387 2717 4454 λόγος,
2745 4387 2823 4438 ὅτι
2857 4387 2889 4457 ἡ
2925 4389 3172 4455 καταιγὶς
3191 4389 3283 4442 καὶ
3311 4389 3493 4460 ὴόργὴ
3514 4389 3606 4441 τοῦ
3633 4388 3766 4441 Θεοῦ
3801 4391 3859 4441 ού
3892 4389 4035 4461 πάθη

861 4473 956 4527 Dei
986 4488 1094 4527 non
1124 4474 1286 4526 animi
1323 4481 1529 4527 motum
1557 4473 1613 4528 in
1635 4473 1744 4527 Deo
1775 4489 1930 4541 esse;
1959 4475 2051 4529 sed
2076 4475 2193 4543 ejus
2216 4478 2394 4544 proviv
2424 4510 2466 4563 υ
2492 4496 2601 4548 τυγς

2295 4478 2394 4530 Νἱν
2424 4510 2466 4563 D
2492 4479 2739 4548 τυγχάνει
2775 4477 2867 4530 τοῦ
2901 4479 3052 4542 Θεοῦ,
3094 4480 3206 4532 ἀλλ’
3239 4481 3270 4549 ή
3301 4481 3474 4534 τοιάδε
3511 4497 3593 4541 τις
3626 4480 3936 4550 ἐπίσκηψις,
3969 4480 4035 4533 δι’

858 4564 1116 4627 dentiam,
1143 4578 1247 4633 qua
1267 4572 1440 4630 curat,
1466 4579 1561 4619 eos
1593 4574 1780 4619 contra
1811 4565 2020 4635 seipsos
2054 4567 2393 4635 insurgentes

863 4653 967 4710 sibi
991 4652 1288 4708 facinorum
1321 4669 1508 4723 poenas
1535 4653 1797 4725 inﬂigere.
1830 4655 1955 4709 Haec
1981 4656 2161 4708 omnia
2193 4656 2396 4710 accide-

861 4757 921 4798 re
941 4749 1208 4812 precatur,
1243 4744 1356 4799 sive
1385 4743 1564 4812 potius
1593 4745 1915 4814 przenuntiat
1947 4747 2204 4800 adversus
2223 4745 2396 4799 inimi-

861 4849 958 4890 cos
983 4832 1077 4890 Dei
1115 4842 1408 4902 eventura;
1451 4841 1512 4888 ut
1556 4837 1640 4889 vel
1692 4837 1817 4891 hinc
1868 4838 2058 4892 saltem
2107 4835 2395 4906 aliquando

865 4927 1130 4994 luventur.
1161 4922 1434 4994 Siquidem
1457 4939 1665 4980 summa
1686 4934 1770 4980 est
1792 4927 2190 4990 utilitas,nosse
2205 4924 2393 4987 Deum,

862 5023 918 5070 et
938 5014 1005 5068 ad
1033 5013 1434 5083 inquisitionem
1456 5013 1693 5069 nominis
1714 5013 1834 5083 ejus
1861 5015 2065 5080 venire,
2090 5015 2231 5083 quod
2263 5013 2394 5083 ipsis

864 5118 1208 5160 accessurum
1251 5118 1371 5159 esse
1415 5111 1541 5175 post
1566 5104 1821 5173 pradicta
1848 5103 2006 5158 ducet
2055 5104 2143 5159 his
2172 5105 2392 5160 verbis:

864 5194 1096 5251 --Vns.
1128 5194 1215 5261 18,
1250 5194 1336 5250 19.
1376 5194 1447 5249 Et
1469 5205 1698 5266 quwrent
1735 5212 1918 5250 nomen
1949 5203 2092 5249 tuum
2113 5235 2127 5260 ,
2155 5195 2394 5250 Domine.

2490 4565 2557 4638 ἦς
2587 4569 2779 4631 αὐτοὺς
2815 4569 2932 4621 καθ’
2975 4570 3181 4622 ἑαυτῶν
3207 4571 3610 4632 ὲπαναστάντας
3640 4567 3700 4633 ἐξ
3721 4571 3923 4622 ἑαυτῶν
3945 4571 4035 4625 λα-

2492 4658 2604 4710 ϐεῖν
2632 4652 2704 4711 ὧν
2730 4658 2954 4728 ἔδρασαν
3000 4658 3094 4728 τὴν
3139 4659 3405 4728 τιμωρίαν
3438 4657 3728 4712 συνέϐαινε.
3770 4656 3950 4713 Ταῦτα
3978 4659 4034 4712 δὲ

2493 4746 2665 4798 πάντα
2719 4734 2962 4809 ἱκετεύει,
3001 4745 3031 4816 ἥ
3083 4746 3176 4798 καὶ
3234 4745 3426 4814 μᾶλλον
3479 4745 3720 4810 θεσπίζει
3750 4747 3889 4800 κατὰ
3929 4749 4034 4800 τῶν

2493 4833 2698 4903 ἐχθρῶν
2729 4833 2821 4886 τοῦ
2848 4833 2981 4887 Θεοῦ
3014 4832 3229 4885 ἔσεσθαι
3251 4850 3266 4865 ο
3302 4835 3389 4889 ἴνα
3420 4834 3524 4888 κᾶν
3554 4835 3692 4887 οὕτω
3725 4838 3851 4888 ποτὲ
3889 4837 4033 4906 ὡφε-

2492 4923 2715 4994 ληθείεν.
2744 4925 2805 4976 El
2834 4923 2896 4994 δη
2921 4923 3154 4992 ὠφέλεια
3196 4925 3420 4995 μεγίστη
3456 4925 3708 4995 τυγχάνει
3751 4927 3810 4979 τὸ
3836 4929 4033 4993 γνῶναι

2490 5011 2580 5063 τὸν
2610 5012 2759 5076 Θεὸν,
2784 5013 2875 5065 καὶ
2901 5013 2994 5064 ἐπὶ
3012 5012 3234 5082 ζήτησιν
3253 5014 3347 5067 τοῦ
3368 5014 3626 5084 ὀνόματος
3657 5015 3816 5069 αὐτοῦ
3843 5018 4033 5084 ἐλθεῖν,

2491 5101 2625 5171 ὅπερ
2652 5101 2863 5161 ἔσεσθαι
2917 5101 3041 5171 περὶ
3070 5101 3246 5156 αὐτῶν
3273 5104 3408 5174 μετὰ
3454 5105 3522 5158 τὰ
3566 5106 3924 5178 προλεχθέντα
3960 5110 4032 5163 δι-

2492 5191 2895 5260 δάσκειλέγων·
2932 5193 3039 5248 Καὶ
3083 5191 3402 5261 ζητήσουσι
3441 5196 3508 5250 τὸ
3539 5180 3724 5268 ὄνομδ
3765 5215 3900 5266 σου,
3930 5198 4034 5252 Κύ-

866 5277 1185 5334 Erubescaut
1231 5288 1282 5334 et
1320 5281 1685 5334 conturbentur
1710 5282 1766 5333 in
1817 5279 2065 5335 suculam
2110 5281 2312 5346 seculi,
2346 5286 2397 5332 et
2485 5297 2596 5346 ριε.

2295 5320 2312 5346 ,
2346 5286 2397 5332 et
2485 5297 2596 5346 ριε.
2642 5281 3140 5352 Αισχυνθήτωσαν
3183 5283 3281 5336 καὶ
3315 5286 3776 5356 ταραχθήτωσαν
3814 5291 3900 5354 είς
3930 5286 4032 5339 τὸν

865 5369 1249 5437 confundantur
1275 5378 1326 5424 et
1362 5380 1592 5438 pereant.
1627 5370 1694 5424 Et
1722 5360 2032 5441 cognoscant
2062 5373 2184 5441 quia
2211 5386 2394 5425 nomen
2495 5371 2605 5425 αἰῶ

2316 5386 2394 5424 ten
2495 5371 2675 5425 αἰῶνα
2727 5371 2835 5428 τοῦ
2879 5372 3108 5440 αίῶνος,
3156 5375 3254 5429 καὶ
3277 5376 3734 5445 ἐντραπήτωσαν
3768 5380 3864 5433 καί
3897 5379 4026 5432 ἀπο

864 5457 958 5510 tibi
986 5456 1283 5514 Dominus:
1319 5467 1373 5512 tu
1413 5460 1557 5514 salus
1607 5458 1910 5513 Altissimus
1959 5460 2015 5512 in
2043 5461 2183 5513 omni
2233 5469 2390 5513 terra.
2495 5463 2604 5518 λέσ

2289 5475 2390 5512 rra.
2495 5463 2826 5520 λέσθωσαν.
2855 5465 2964 5520 Καὶ
2991 5465 3322 5534 γνώτωσαν,
3354 5468 3440 5522 ὅτι
3459 5469 3642 5539 ὄνομά
3669 5485 3768 5525 σοι
3793 5470 4029 5536 Κύριος⁴

865 5543 1204 5602 lnimicorum
1228 5546 1322 5600 Dei
1354 5557 1580 5604 mortem
1599 5547 1806 5604 duobus
1833 5547 2063 5604 futuram
2096 5549 2270 5604 modis
2298 5563 2392 5602 va-
2496 5555 2578 5606 σὺ
2595 5590 2605 5622 1

2298 5563 2392 5602 va-
2496 5555 2578 5606 σὺ
2595 5554 2778 5622 μόνος
2803 5554 3057 5623 ὕψιστος
3094 5555 3192 5610 ἐπὶ
3220 5556 3422 5614 πᾶσαν
3461 5560 3576 5629 τὴν
3607 5560 3741 5629 τῆν.
3785 5558 3899 5628 Τῆς
3926 5558 4031 5613 τῶν

867 5636 1149 5692 Iicinatur:
1175 5639 1283 5694 alio
1306 5638 1521 5708 quidem
1554 5652 1662 5710 quo
1686 5639 1795 5694 illis
1831 5652 1980 5709 spem
2009 5639 2204 5694 bonam
2228 5640 2394 5695 ascri-
2499 5641 2607 5713 ὲχθι

2290 5640 2394 5694 cri-
2499 5641 2703 5713 ἐχθρῶν
2759 5643 2850 5698 τοῦ
2895 5641 3028 5698 Θεοῦ
3073 5644 3321 5716 τελευτῆς
3372 5646 3463 5700 δύο
3526 5649 3756 5718 τρόπους
3816 5643 4030 5700 ἔσεσθαι

936 5789 984 5824 ⁸⁸
1018 5788 1161 5848 Psal.
1200 5808 1248 5854 ι,
1282 5791 1332 5846 4.
1411 5794 1450 5826 ⁸⁷
1491 5792 1592 5852 lsa.
1627 5810 1751 5855 ul,
1789 5795 1873 5850 ll.
1952 5795 1992 5827 "
2030 5793 2172 5849 Psal.
2212 5810 2278 5855 ι,
2311 5793 2362 5848 7.
