4406 6412
371 496 501 550 1001

1479 489 1970 553 COMMENTARIA
2010 494 2073 547 IN
2115 492 2443 550 PSALMOS.

3400 492 3534 551 1002

371 606 639 671 θεσπίζει·
698 599 792 663 ἕνα
828 610 923 678 μὲν
961 607 1079 660 καθ’
1103 608 1157 659 ὃν
1198 610 1432 680 χρηστὰς
1488 611 1667 671 αὐτοῖς
1699 609 1911 667 ἐλπίδας
1938 612 1982 666 Α
2014 602 2088 655 bit

1802 609 1911 667 ίδας
1938 612 1982 666 Α
2014 602 2125 665 bit;
2157 602 2418 671 siquidem
2467 603 2603 656 bona
2637 619 2721 680 res
2744 610 2822 656 est
2856 618 2975 656 cum
3014 601 3102 655 Dei
3133 601 3384 670 cognitio,
3427 614 3537 653 tum

369 699 685 767 ἐπιγράφεισ
723 701 768 750 εί
819 700 879 770 δὴ
926 702 1123 768 ἀγαθὸν
1154 705 1184 770 ἡ
1211 703 1405 768 γνῶσις
1437 699 1528 751 τοῦ
1557 700 1709 761 Θεοῦ,
1756 700 1848 752 καὶ
1878 702 1909 768 ἡ

368 786 459 838 τοῦ
483 788 737 857 ὀνόματος
769 791 930 842 αὑτοῦ
963 792 1281 861 κατάληψις,
1323 794 1414 843 καὶ
1460 791 1518 841 τὸ
1565 790 1909 857 παιδευθῆναι

369 876 491 938 τοὺς
526 877 784 948 πρότερον
808 879 879 948 μὴ
905 880 1104 942 εἰδότας
1125 880 1213 931 τὸν
1243 880 1391 940 Θεὸν,
1423 878 1497 940 ὡς
1522 880 1626 948 ἄρα
1651 863 1807 938 αὐτὸς
1825 877 1910 946 εἴη

372 967 528 1036 μόνος
570 967 785 1034 ὕψιστος
818 971 908 1022 ἐπὶ
957 974 1127 1024 πᾶσαν
1154 972 1249 1041 τὴν
1269 971 1367 1040 γῆν
1388 987 1402 1002 ο
1446 970 1567 1030 τοὺς
1610 969 1716 1038 γὰρ
1744 967 1911 1020 ταῦτα

369 1056 784 1125 ὁμολογοῦντας,
819 1059 984 1129 λήθην
1019 1061 1112 1130 μὲν
1152 1059 1473 1128 πεποιῆσθαι
1505 1059 1600 1126 τῆς
1645 1059 1911 1127 προτέρας

370 1149 574 1202 ἑαυτῶν
623 1150 878 1203 πολυθέου
927 1151 1145 1223 πλάνης,
1205 1153 1348 1214 είκὸς
1403 1149 1694 1203 ἀποθέσθαι
1725 1167 1783 1201 τε
1815 1148 1912 1218 τὴν

374 1242 603 1310 ματαίαν
634 1244 726 1294 καὶ⁸
773 1244 1050 1313 ἀπατηλὴν
1088 1241 1214 1314 περὶ
1263 1243 1398 1296 θεῶν
1427 1241 1794 1310 ψευδολογίαψ
1823 1241 1912 1292 τὸν

370 1331 425 1383 δὲ
457 1331 636 1401 ἓτερον
661 1333 876 1402 τρόπον,
905 1336 1023 1388 καθ’
1054 1336 1113 1388 ὃν
1154 1335 1407 1404 αἰσχύνην
1441 1332 1530 1386 καὶ
1553 1333 1792 1404 ταραχὴν
1819 1333 1911 1384 καὶ

371 1421 650 1490 ἐντροπὴν,
706 1425 795 1475 καὶ
843 1424 934 1477 ἐπὶ
974 1427 1101 1477 πᾶσι
1131 1424 1334 1486 τούτοις
1371 1424 1639 1477 ἀπώλειαν
1680 1440 1912 1493 προαγο-

373 1507 515 1576 ρεύει
549 1511 656 1569 τοῖς
684 1508 880 1562 τούτων
920 1510 1104 1574 ἀξίοις.
1134 1514 1254 1574 Τοῖς
1293 1507 1515 1586 μὲν
1550 1513 1612 1564 ὲκ
1646 1511 1740 1580 τῆς
1765 1509 1912 1570 θείας

371 1597 693 1668 ἐπιστροφῆς
717 1601 1130 1668 μεταϐάλλουσιν
1160 1605 1250 1655 ἐπὶ
1297 1603 1354 1655 τὸ
1383 1607 1619 1670 κρεῖττον
1637 1602 1735 1671 τὴν
1765 1601 1910 1653 θείαν

369 1673 563 1753 γνῶσιν
599 1689 924 1758 παρέσεσθαι
951 1692 1216 1745 διδάσκει·
1252 1696 1360 1755 τοῖς
1390 1694 1445 1744 δὲ
1480 1695 1545 1762 τῇ
1583 1691 1790 1743 ἑαυτῶν
1820 1693 1912 1756 ὲγ-

369 1778 717 1848 καταγηρῶσι
769 1766 934 1852 ⁴κακίᾳ
979 1781 1068 1835 τὸν
1124 1783 1335 1853 ὄλεθρον
1379 1784 1467 1836 καὶ
1507 1783 1604 1853 τὴν
1643 1781 1913 1836 ἀπώλειαν

369 1870 597 1922 ἀπειλεῖ.
629 1872 717 1923 Διὸ
745 1876 868 1943 περὶ
913 1874 1022 1944 μὲν
1058 1875 1164 1927 τῶν
1211 1876 1459 1944 χειρόνων
1497 1873 1773 1928 λέλεκται’
1822 1877 1912 1928 Al-

2011 694 2241 747 nominis
2271 693 2389 761 ejus
2429 677 2865 762 comprehensio;
2896 693 3184 760 itidemque
3230 692 3428 744 bonum
3461 701 3542 744 est

2010 799 2122 846 eos,
2148 783 2237 851 qui
2265 784 2411 851 prius
2436 781 2599 835 Deum
2633 796 2736 835 non
2762 787 2975 845 norant,
2999 779 3209 852 edoceri
3246 780 3420 848 ipsum
3455 794 3544 832 so-

2011 875 2119 927 lum
2157 889 2276 928 esse
2317 874 2634 928 altissimum
2688 888 2848 941 super
2900 886 3108 925 omnem
3157 880 3388 935 terram;
3449 885 3542 923 eos

2010 964 2226 1031 quippe,
2265 961 2356 1030 qui
2413 960 2537 1013 talia
2595 961 2932 1028 profitentur,
2965 959 3253 1013 verisimile
3305 964 3387 1011 est
3429 958 3542 1026 jam

2011 1052 2382 1119 multiplicium
2417 1051 2636 1104 deorum
2677 1066 2914 1104 errorem
2944 1051 3197 1104 oblivioni
3237 1050 3539 1111 mandasse,

2012 1158 2074 1195 ac
2101 1158 2290 1194 vanam
2315 1140 2664 1209 fallacemque
2693 1140 2952 1194 falsorum
2981 1140 3204 1192 deorum
3244 1137 3540 1192 doctrinam

2013 1234 2273 1301 abiecisse
2302 1252 2313 1284 :
2346 1233 2452 1285 alio
2490 1232 2614 1287 item
2665 1231 2844 1295 modo,
2879 1231 3295 1299 turpitudinem,
3327 1239 3540 1298 perturn

2011 1323 2302 1384 bationem,
2338 1330 2392 1377 et
2433 1322 2823 1386 confusionem,
2869 1336 2930 1374 ac
2976 1329 3164 1390 praeter
3200 1322 3313 1376 haec
3365 1320 3543 1374 omnia

2010 1412 2300 1478 perniciem
2323 1410 2562 1479 praedicit
2584 1411 2650 1464 iis
2670 1411 2760 1478 qui
2782 1425 2967 1464 eorum
2998 1408 3142 1478 digni
3169 1407 3540 1466 sunLEtenim

2013 1502 2078 1554 iis
2111 1502 2200 1568 qui
2234 1517 2297 1555 ex
2347 1498 2600 1556 divinitus
2632 1502 2872 1555 immissa
2922 1500 3275 1555 conversione
3319 1513 3438 1553 sese
3476 1497 3544 1549 ad

2011 1592 2286 1644 meliorem
2330 1591 2533 1660 frugem
2577 1593 2909 1659 receperint,
2945 1592 3180 1644 divinam
3235 1589 3417 1645 adfore
3454 1605 3546 1643 co-

2011 1681 2299 1751 gnitionem
2355 1681 2661 1744 denuntiat;
2693 1682 2758 1733 iis
2785 1696 2914 1733 vero
2954 1683 3045 1748 qui
3082 1682 3136 1734 in
3178 1681 3417 1749 nequitia
3447 1696 3543 1734 sua

2012 1771 2409 1831 consenuerint,
2451 1770 2671 1823 exitium
2720 1784 2781 1822 ac
2811 1770 3100 1838 perniciem
3148 1771 3540 1823 interminatur.

2013 1859 2371 1924 Quamobrem
2407 1859 2471 1914 de
2510 1859 2782 1928 pejoribus
2831 1859 3040 1928 quidem
3082 1860 3186 1912 illis
3211 1860 3413 1913 dictum
3439 1870 3540 1921 est.

368 1933 931 2027 σκυνθήτωσαγ’καί
970 1933 1428 2032 ταωχθῆτώσαγ
1465 1967 1551 2028 εἰς
1586 1965 1689 2017 τὸν
1729 1962 1912 2016 αἰῶνα
1942 1933 1986 1991 Β
2014 1949 2108 2002 En

1801 1962 1912 2015 ςηοα
1942 1933 1986 1991 Β
2014 1949 2331 2004 Erubescant
2380 1961 2427 2002 et
2482 1952 2846 2004 conturbantur
2893 1953 2944 2002 in
2974 1951 3216 2004 swculum
3264 1951 3462 2015 secuti,
3492 1962 3541 2003 et

369 2051 472 2104 τοῦ
503 2051 733 2117 αὶῶνος,
759 2055 855 2106 καὶ
873 2054 1330 2122 ἐντραπήτωσαν
1346 2054 1908 2109 καὶάπολέσθωσαν·

369 2141 500 2210 Περὶ
521 2143 574 2194 6‘:
608 2143 712 2196 τῶν
765 2146 855 2196 ἐπὶ
885 2144 944 2195 τὸ
979 2147 1217 2214 κρεῖττον
1256 2143 1804 2215 μεταϐληθησομένων
1831 2139 1907 2222 τὸ,

367 2232 481 2285 Kal.
494 2232 828 2299 γνώτωσαν,
847 2234 932 2286 ὅτι
953 2234 1017 2286 τὸ
1041 2233 1224 2301 ὄνομά
1249 2249 1346 2286 σοι
1363 2236 1593 2300 Κύριος,
1621 2231 1701 2286 σὺ
1725 2235 1911 2301 μόνος

364 2325 616 2392 ὕψιστος
654 2325 749 2376 ἐπὶ
797 2323 998 2377 πᾶσαν
1023 2327 1134 2391 τὴν
1155 2323 1288 2392 γῆν.
1320 2323 1545 2376 Δύναται
1574 2323 1628 2375 δὲ
1668 2323 1760 2374 καὶ
1787 2323 1912 2392 περὶ

364 2416 470 2469 τῶν
496 2418 672 2470 αὐτῶν
700 2416 766 2470 τὰ
813 2418 986 2470 πάντα
1032 2417 1296 2485 λέγεσθαι,
1340 2418 1412 2480 ὼς
1436 2417 1540 2470 τῶν
1585 2415 1790 2486 ἐχθρῶν
1816 2414 1910 2467 τοῦ

363 2507 517 2569 Θεοῦ,
549 2507 667 2561 καθ’
696 2508 754 2560 ὃν
781 2508 1051 2561 πείσονται
1080 2507 1264 2576 καιρὸν
1288 2507 1354 2559 τὰ
1391 2501 1905 2577 πῳκαταλεχθέντα,

363 2598 846 2669 ἔντραπησομένων
877 2599 969 2650 καὶ
994 2597 1512 2667 αίσχυνθησομένων,
1548 2597 1637 2648 καὶ
1669 2594 1908 2663 ἀπωλείᾳ

363 2685 904 2756 παραδοθησομένων,
938 2688 1027 2738 καί
1058 2687 1176 2738 τότε
1204 2687 1335 2755 αὐτῇ
1367 2683 1529 2755 πείρᾳ
1558 2684 1908 2753 γνωσομένων

363 2776 453 2828 καὶ
505 2775 937 2844 ὁμολογησάντων
987 2776 1081 2827 ἕνα
1134 2771 1267 2827 εἶναι
1303 2773 1389 2827 καὶ
1435 2776 1588 2844 μόνον
1644 2776 1774 2831 Θεὸν
1815 2776 1907 2828 τὸν

363 2864 581 2933 ὕψιστον
633 2865 726 2918 καὶ
781 2865 871 2917 ἐπὶ
919 2869 1090 2916 πᾶσαν
1145 2866 1240 2934 τὴν
1289 2863 1409 2934 γῆν,
1458 2865 1546 2917 τὸν
1600 2868 1690 2919 καὶ
1725 2866 1908 2936 δικαίᾳ

361 2956 536 3026 κρίσει
565 2955 884 3025 μετελθόντα
911 2957 1102 3019 αὐτοὺς
1142 2957 1244 3008 τῶν
1289 2956 1695 3029 τετολμημένων
1729 2957 1910 3020 αὐτοῖς

360 3046 537 3116 χάριν.

2013 2040 2398 2108 confundantur
2429 2049 2476 2093 et
2512 2050 2759 2108 pereant;
2796 2041 2861 2094 de
2906 2042 2972 2094 iis
3004 2056 3131 2095 vero
3183 2043 3272 2112 qui
3319 2041 3385 2094 ad
3430 2057 3542 2095 meo

2013 2131 2200 2184 liorem
2231 2146 2288 2185 se
2312 2132 2473 2185 vitam
2508 2133 2773 2199 recepturi
2808 2138 2952 2194 sunt,
2980 2131 3107 2184 illud
3143 2131 3430 2200 profertur,
3475 2130 3541 2183 Et

2011 2229 2322 2289 cognoscant
2350 2222 2471 2289 quia
2500 2238 2682 2273 nomen
2713 2220 2805 2272 tibi
2831 2220 3098 2283 Dominus,
3130 2231 3184 2273 tu
3223 2222 3361 2273 solus
3392 2222 3542 2273 altis-

2010 2311 2171 2362 simus
2217 2310 2270 2360 in
2304 2310 2443 2362 omni
2470 2318 2629 2362 terra.
2664 2309 2896 2364 Possunt
2922 2310 3078 2364 etiam
3117 2310 3182 2364 de
3212 2310 3395 2364 iisdem
3432 2311 3543 2363 haec

2010 2399 2188 2450 omnia
2211 2396 2348 2463 dici;
2385 2399 2541 2467 quasi
2573 2399 2826 2452 videlicet
2872 2398 3074 2452 inimici
3126 2397 3238 2463 Dei,
3271 2413 3377 2468 quo
3409 2406 3544 2452 tem-

2010 2502 2137 2556 pore
2167 2488 2257 2540 illa
2287 2489 2536 2557 superius
2573 2497 2865 2543 memorata
2905 2488 3194 2558 perferent,
3229 2488 3543 2545 confusione

2009 2588 2169 2648 atque
2199 2581 2395 2636 rubore
2446 2582 2709 2650 replendi,
2745 2597 2806 2635 ac
2849 2562 3102 2650 perniciei
3133 2582 3374 2636 tradendi
3413 2584 3541 2646 sint.

2010 2670 2123 2739 ipsa
2151 2671 2482 2739 experientia
2526 2671 2791 2739 cognituri
2835 2686 2896 2724 ac
2925 2669 3227 2725 confessuri
3261 2687 3423 2724 unum
3454 2687 3544 2726 so-

2010 2759 2226 2826 lumque
2268 2758 2432 2811 Deum
2482 2773 2603 2814 esse
2640 2759 2960 2811 altissimum
2990 2760 3044 2812 in
3083 2760 3226 2812 omni
3260 2768 3421 2826 terra,
3451 2761 3542 2828 qui

2009 2849 2155 2918 ipsos
2182 2850 2326 2917 justo
2355 2849 2559 2918 judicio
2588 2862 2649 2902 ac
2686 2849 2979 2901 facinorum
3021 2861 3426 2901 suorum'causa
3457 2851 3541 2902 in-

2010 2941 2176 2993 vadit.

359 3219 465 3274 ΕΙΣ
488 3221 574 3274 ΤΟ
615 3220 1084 3313 ΤΕΑρῙΣᾹΊηῖξἼΠεἰςΔ
1110 3217 1525 3313 ΤὲἷὲῡΛΗτξῖρΝ,
1555 3218 1705 3272 ΤΟῙΣ
1729 3220 1906 3272 ΥῙΟΙΣ
1932 3252 1977 3313 C
2012 3222 2060 3275 l.

1801 3221 1977 3313 on:C
2012 3222 2060 3275 ι.
2113 3184 2177 3273 ni
2241 3214 3256 3313 Haemoniiqu[Longqqa’mpps
3322 3219 3541 3276 riuus

767 3290 965 3354 KOPE,
1000 3289 1298 3342 ‘I’AAMOB.
1345 3289 1464 3342 nr'.

435 3421 530 3486 Ὠς
549 3420 823 3488 ἀγαπητὰ
837 3420 908 3473 τὰ
933 3418 1285 3487 σκηνώματά
1307 3435 1441 3482 σου,
1464 3409 1636 3487 Κύριε
1669 3418 1784 3471 τῶν
1806 3418 1900 3472 ὃυδ

355 3509 603 3580 νάμεων.
619 3508 1030 3562 Διαλελοιπότων
1051 3508 1155 3559 τῶν
1180 3504 1899 3575 ὲπιγεγραμμένωιῖψαλμῶν

354 3603 449 3657 τοῦ
489 3601 678 3670 Ἀσὰφ,
705 3596 780 3655 ὧν
803 3602 1012 3671 πρῶτος
1042 3601 1139 3669 μὲν
1165 3602 1192 3651 ό
1226 3599 1320 3664 06’,
1352 3599 1650 3659 τελευταῖος
1670 3598 1774 3680 ὁ,β’
1807 3599 1898 3650 καὶ

356 3697 432 3754 π’,
462 3691 650 3743 ἕπεται
669 3691 697 3742 ὁ
726 3689 910 3761 παρὼν
945 3689 1054 3758 πγ’,
1086 3689 1202 3751 τοῖς
1231 3687 1380 3753 υἱοῖς
1395 3686 1546 3754 Κορὲ
1561 3690 1900 3757 ἐπιγεγραμ-

358 3781 533 3852 μένος,
592 3781 718 3850 περὶ
770 3774 844 3833 ὧν
892 3781 950 3832 ὲν
1011 3783 1119 3842 τοῖς
1181 3777 1779 3848 προτεχνολογουμένοις
1830 3777 1898 3828 τὰ

353 3871 576 3937 δόξαντα
624 3870 990 3942 διειλήφαμεν.
1051 3869 1407 3941 Ἔπιτηρῆσαι
1467 3867 1523 3919 δὲ
1574 3869 1892 3935 ἀναγκαῖον,

354 3961 429 4025 ὡς
445 3965 494 4016 οί
524 3963 718 4026 πάντες
740 3963 833 4017 τοῦ
863 3964 1031 4031 Ἀσὰφ
1053 3961 1255 4014 δώδεκα
1275 3962 1592 4031 τυγχάνουσι
1624 3961 1712 4013 τὸν
1742 3960 1898 4030 ἀριθ-

270 4034 275 4041 ’
358 4052 455 4122 μὸν
485 4053 683 4124 ψαλμοί
713 4071 727 4084 ο
764 4052 1032 4129 ίσάριθμοι
1077 4053 1133 4112 δὲ
1174 4051 1379 4114 τούτοις
1412 4052 1516 4103 είσὶ
1554 4051 1646 4104 καὶ
1691 4053 1740 4103 οί
1778 4054 1898 4103 ἐπι-

353 4144 722 4214 γεγραμμένοι
747 4142 862 4196 τῶν
903 4137 1046 4196 υίῶν
1086 4141 1250 4208 Κορέ.
1290 4141 1442 4192 Ἀλλὰ
1467 4141 1572 4192 τῶν
1601 4141 1728 4192 υίῶν
1753 4138 1894 4211 Κορὲ

352 4232 494 4287 ὀκτὼ
518 4235 614 4303 μὲν
641 4229 775 4304 ἦσαν
808 4233 932 4302 ἑξῆς
961 4231 1286 4302 συνημμένοι
1317 4232 1363 4282 oi
1400 4224 1506 4283 ἀπὸ
1528 4231 1619 4282 τοῦ
1654 4238 1738 4299 μα’
1760 4231 1894 4298 ψαλε

359 4323 458 4394 μΘῦ
481 4340 494 4352 ·
522 4325 571 4375 οἱ
593 4323 650 4374 δὲ
685 4322 956 4383 λείποντες
995 4318 1251 4390 τέσσαρες
1294 4318 1520 4373 ἐνταῦθα
1564 4321 1890 4392 πρόκεινται,

354 4412 640 4485 ἀρχόμενοι
684 4413 778 4483 μὲν
801 4411 905 4464 ἀπὸ
940 4411 1033 4463 τοῦ
1060 4417 1168 4478 πγ¹,
1207 4410 1400 4481 ἐφεξῆς
1440 4411 1495 4462 δὲ
1523 4411 1759 4482 κείμενοι
1790 4413 1894 4464 τῶν

355 4503 841 4575 ἐπιγεγραμμένων
873 4502 965 4555 τοῦ
1015 4501 1198 4570 Ἀσάφ.
1239 4500 1505 4565 Ὡσαύτως
1527 4503 1582 4555 δὲ
1610 4504 1702 4555 καὶ
1723 4504 1770 4555 οί
1802 4503 1893 4556 τοῦ

2335 3287 2512 3343 COHE
2547 3288 2886 3344 PSALMUS.
2909 3288 3183 3353 LXXXIII.

2019 3472 2024 3477 .
2076 3421 2236 3474 Vens.
2254 3419 2307 3471 9..
2329 3418 2496 3483 Quam
2512 3417 2700 3471 dilecta
2730 3420 3064 3472 tabernacula
3082 3428 3194 3481 tua,
3218 3418 3430 3473 Domine
3445 3425 3542 3474 vir-

2009 3510 2209 3562 tutum!
2240 3508 2524 3578 Postquam
2559 3508 2798 3563 defecere
2837 3510 3025 3578 psalmi
3068 3513 3245 3581 Asaph
3275 3515 3538 3583 inscripti,

1994 3610 2229 3670 quorum
2250 3603 2630 3672 primusjuxtt,
2644 3610 2938 3668 postremus
2953 3616 3077 3655 vero
3090 3618 3264 3656 Lxxxu
3281 3612 3415 3667 erat,
3428 3605 3538 3672 jam

2004 3694 2246 3761 sequitur
2285 3707 2512 3755 Lxxxm,
2544 3689 2823 3760 ﬁliisCore
2850 3691 3162 3761 inscriptus,
3186 3681 3457 3763 dequibus
3483 3695 3539 3747 in

2003 3783 2290 3852 disputatis
2306 3783 2551 3851 superius
2569 3785 2884 3837 sententiam
2901 3784 3205 3852 aperuimus
3223 3795 3470 3840 nostram.
3497 3785 3539 3838 E

2003 3880 2244 3926 reautem
2263 3871 2720 3939 fueritfobservare
2735 3889 2920 3927 omnes
2933 3874 3130 3944 'Asaphi
3150 3877 3383 3944 psalmos
3398 3876 3536 3930 duo-

2000 3965 2172 4019 decim
2201 3979 2424 4018 numero
2460 3971 2613 4029 esse;
2665 3965 2990 4034 totidemque
3028 3966 3118 4034 qui
3149 3967 3376 4034 ﬁliorum
3409 3967 3538 4022 Core

2003 4054 2244 4122 inscripti
2282 4063 2428 4108 sunt.
2458 4050 2655 4108 Verum
2682 4054 2945 4108 filiorum
2980 4053 3116 4109 Core
3167 4065 3291 4110 octo
3311 4057 3536 4128 "psalmi

2001 4146 2330 4215 coniunctim
2365 4144 2525 4214 positi
2554 4155 2698 4206 sunt,
2725 4160 2753 4197 a
2786 4160 2874 4198 xu
2894 4144 3138 4201 videlicet
3157 4148 3265 4201 orsi
3295 4166 3307 4201 :
3342 4149 3535 4218 reliqui

2002 4250 2127 4289 vero
2174 4242 2405 4304 quatuor
2457 4233 2544 4287 hic
2584 4241 2711 4288 sunt
2756 4218 3053 4297 constituti,
3108 4237 3425 4306 incipientes
3464 4240 3534 4293 ab"

2004 4339 2202 4378 Lxxxut
2235 4339 2297 4378 ac
2332 4330 2452 4394 post
2482 4339 2595 4387 eos,
2626 4325 2716 4394 qui
2734 4324 2932 4394 Asaphi
2963 4327 3206 4396 inscripti
3233 4334 3379 4391 sunt,
3403 4344 3535 4383 con-

2003 4405 2287 4486 sequenter
2333 4406 2514 4484 positi.
2567 4413 2879 4491 Pariterque
2928 4431 2993 4469 ex
3029 4417 3230 4486 Asaphi
3287 4418 3532 4486 psalmis,

2001 4506 2248 4562 mdecim
2292 4490 2684 4577 consequenter
2728 4507 2886 4584 positi
2925 4515 3071 4570 sunt,
3099 4523 3128 4560 a
3172 4490 3314 4560 Lxxii
3340 4522 3531 4576 nempe

368 4589 539 4664 Ἃσὰφ
591 4600 655 4646 ια’
691 4586 789 4663 μέν
822 4594 924 4644 εἰσι
971 4590 1314 4660 συνημμένοι,
1355 4591 1403 4643 οί
1440 4590 1544 4642 ἀπὸ
1583 4591 1658 4643 06'
1687 4593 1779 4645 καὶ
1805 4593 1896 4644 ἐπὶ
1925 4590 1971 4649 D
1998 4596 2063 4649 ad
2098 4612 2108 4648 l

1805 4593 1896 4644 ἐπὶ
1925 4590 1971 4649 D
1998 4596 2063 4649 ad
2098 4610 2302 4649 Lxxxtt.
2354 4595 2639 4649 Duodecim
2684 4610 2812 4650 vero
2865 4603 2987 4648 octo
3036 4596 3242 4664 priores
3298 4587 3526 4649 filiorum

352 4684 443 4738 τὸν
483 4685 588 4738 πόν.
645 4685 701 4737 '0
724 4683 780 4736 δὲ
811 4681 875 4734 ιϐ’
916 4681 1039 4752 ἑξῆς
1083 4680 1473 4734 κατατέτακται
1515 4684 1626 4743 τοῖς
1666 4681 1896 4751 πρώτοις

353 4769 496 4823 ὀκτὼ
517 4770 622 4823 τῶν
654 4768 782 4822 υίῶν
823 4769 982 4839 Κορὲ,
1023 4767 1206 4840 ὥσπερ
1247 4767 1558 4831 ἀντιδόσεως
1606 4769 1895 4838 γενομένης

353 4861 441 4914 διὰ
470 4861 564 4923 τὰς
601 4862 658 4914 ἐν
697 4864 816 4924 ταῖς
860 4861 984 4930 παρ’
1014 4853 1292 4928 ἑκατέροις
1329 4859 1655 4928 προφητείας
1695 4860 1896 4910 ἐπικοι-

354 4951 623 5014 νωνούσας
646 4951 893 5022 ὰλΑήλαις
930 4948 1195 5017 θεωρίαις.
1226 4943 1403 5000 Ἦσαν
1439 4951 1532 5017 μὲν
1557 4945 1648 5000 οὖν
1676 4949 1724 5000 οἱ
1749 4948 1896 5018 πρῶ-

352 5053 434 5097 τοι
471 5042 574 5095 τῶν
599 5043 729 5096 υἱῶν
761 5042 901 5112 Κορὲ
929 5039 1066 5093 ὀκτὼ
1096 5036 1186 5090 τὸν
1208 5035 1455 5107 ἀριθμὸν,
1489 5041 1537 5090 0i
1563 5039 1760 5100 πάντες
1786 5040 1894 5092 ἀπὸ

353 5131 445 5186 τοῦ
479 5137 566 5201 μα’
594 5131 900 5201 ἀρχόμενοι,
929 5131 1020 5183 καὶ
1049 5129 1296 5199 λήγοντες
1320 5128 1398 5190 είς
1421 5128 1512 5180 τὸν
1537 5134 1643 5199 μη’.
1680 5130 1893 5202 Heptat-

354 5242 444 5297 χον
477 5223 554 5288 δὲ,
596 5221 782 5292 ὥσπερ
824 5225 879 5274 ὲν
904 5221 1177 5291 κεφαλαίῳ
1207 5218 1395 5281 εἰπεῖν,
1430 5218 1520 5271 ἐπὶ
1547 5218 1624 5287 τῷ
1654 5221 1719 5272 ἐκ
1741 5238 1893 5291 περι»

352 5315 520 5386 τομῆς
547 5312 659 5381 λαῷ
708 5309 978 5381 κλαυθμὸν
1012 5313 1105 5366 καὶ
1129 5311 1319 5382 θρῆνον
1359 5313 1449 5362 καὶ
1486 5310 1734 5381 όδυρμὸν,
1763 5314 1895 5382 Χριο

356 5404 480 5459 στοῦ
506 5420 566 5456 τε
615 5401 908 5473 παρουσίαν
960 5405 1052 5456 καὶ
1115 5403 1302 5472 κλῆσιν
1358 5400 1539 5454 ἐθνῶν.
1590 5396 1743 5454 Ἀλλὰ
1787 5403 1893 5456 τῶν

359 5497 455 5567 μὲν
486 5491 780 5565 εἰρημένων
810 5491 950 5544 ὀκτὼ
985 5491 1198 5566 τοιαύτη
1229 5511 1310 5557 τις
1331 5489 1398 5564 ἦν
1419 5495 1452 5563 ὴ
1473 5492 1752 5555 ύπόθεσιςσ
1786 5494 1893 5546 τῶν

352 5586 410 5640 δὲ
453 5587 546 5647 ἐπὶ
572 5584 664 5639 τοῦ
719 5584 974 5654 παρόντος
1030 5587 1511 5657 ἐπιγεγραμμένων
1572 5585 1663 5638 καὶ
1716 5586 1893 5638 αὐτῶν

355 5675 641 5748 υίῶνΚορὲ
659 5675 931 5746 τεσσάρων
951 5675 1135 5738 ὄντων,
1156 5678 1204 5728 οί
1229 5677 1324 5746 μὶν
1340 5677 1553 5730 ὕστατοι
1576 5675 1668 5729 δύο
1687 5675 1893 5744 γένεσιν

355 5765 448 5820 καὶ
481 5764 703 5819 θάνατον
744 5764 904 5818 αὐτοῦ
947 5766 1372 5835 περιειλήφασιν,
1427 5760 1892 5836 ὥσπερ’ὲπίτηδες

354 5853 781 5926 ταμιευσαμένου
804 5853 894 5908 τοῦ
919 5853 1086 5919 Λόγου
1111 5855 1202 5906 ἐπὶ
1225 5855 1364 5907 τέλει
1391 5856 1602 5910 πάντων
1632 5855 1725 5918 τὰς
1767 5857 1890 5924 περὶ

672 5948 936 6008 Parnm.
977 5947 1093 6008 Gn.
1141 5947 1371 6010 XXIII.

1995 4686 2130 4739 Core
2157 4687 2390 4755 psalmos
2424 4685 2796 4754 subsequitur;
2829 4685 2901 4738 ita
2943 4695 2999 4738 ut
3037 4699 3132 4738 ceu
3173 4692 3354 4740 mutua
3383 4701 3531 4756 quaa-

1995 4776 2116 4830 dem
2152 4776 2395 4846 pensatio
2427 4775 2518 4828 fiat
2546 4776 2613 4828 ob
2670 4775 2978 4844 prophetias
3037 4791 3154 4846 qua
3199 4777 3252 4832 in
3285 4779 3527 4847 utrisque

1995 4879 2331 4920 communem
2386 4864 2695 4945 speculandi
2734 4880 2942 4919 morem
2970 4876 3209 4921 servant.
3242 4867 3404 4922 Erant
3433 4868 3530 4919 ita-

1993 4974 2096 5024 que
2131 4958 2332 5026 priores
2363 4953 2438 5010 illi
2471 4955 2701 5011 filiorum
2729 4955 2867 5012 Core
2910 4959 3100 5027 psalmi
3131 4967 3251 5013 octo
3281 4972 3520 5020 numero,

1993 5047 2081 5116 qui
2122 5061 2309 5101 omnes
2337 5062 2366 5098 a
2404 5059 2491 5100 xu
2529 5046 2740 5101 initium
2771 5047 2994 5112 ducunt,
3016 5055 3068 5103 ct
3097 5051 3150 5102 in
3187 5065 3346 5103 xum
3379 5048 3523 5102 desi-

1993 5143 2146 5191 nunt.
2185 5135 2222 5188 li
2269 5151 2414 5198 vero,
2443 5144 2503 5190 ut
2531 5139 2846 5206 compendio
2889 5139 3081 5203 dicam,
3127 5140 3193 5192 de
3221 5138 3413 5208 populo
3458 5123 3536 5191 ex

1991 5227 2400 5281 circumcisione
2431 5226 2612 5282 ﬂetum
2642 5242 2729 5282 ‘ac
2784 5229 3078 5296 planctum,
3108 5228 3303 5283 Christi
3333 5228 3524 5282 adven-

1992 5331 2126 5381 tum,
2158 5327 2319 5387 atque
2374 5321 2709 5373 vocationem
2765 5319 3025 5389 gentium,
3081 5327 3519 5376 mmmemorant.

1991 5410 2102 5465 Hoc
2131 5424 2258 5463 sane
2288 5415 2370 5463 est
2394 5409 2606 5463 illorum
2630 5409 2753 5463 octo
2783 5409 3104 5477 psalmorum
3127 5417 3518 5476 argumentum.

1993 5498 2066 5552 Ex
2101 5497 2246 5558 hisce
2267 5511 2416 5560 vero.
2441 5498 2506 5552 de
2530 5498 2726 5568 quibus
2743 5511 2885 5551 nunc
2913 5497 3109 5566 agitur,
3139 5496 3370 5551 filiorum
3385 5498 3524 5573 Core

1989 5588 2208 5658 psalmis
2238 5595 2470 5656 quatuor
2509 5602 2759 5653 numero,
2789 5586 2895 5640 duo
2944 5587 3200 5654 postremi
3254 5591 3428 5641 ortum
3466 5596 3520 5643 et

1990 5687 2214 5730 mortem
2257 5674 2561 5730 Servatoris
2589 5676 3019 5744 complectuntur
3047 5692 3061 5729 :
3087 5691 3151 5730 ac
3197 5676 3242 5730 si
3273 5676 3535 5733 videlicet

1990 5765 2265 5836 Scriptura
2294 5766 2532 5819 omnium
2556 5765 2816 5832 vaticinia
2836 5765 2888 5818 in
2908 5765 3012 5819 fine
3037 5780 3303 5835 exponere
3330 5782 3520 5836 oppor-

1988 5867 2115 5913 tune
2152 5856 2251 5914 sibi
2303 5856 2613 5912 reservarit.
2644 5854 2805 5934 Multa
2839 5862 3017 5910 autem
3049 5855 3115 5939 de
3152 5855 3267 5922 eius
3294 5866 3420 5916 ortu
3461 5862 3520 5916 in

3172 5948 3248 6010 32
