4406 6412
835 499 971 559 1005

1536 490 1807 561 'Eusssn
1845 503 2316 560 cassautsusns
2355 508 2504 565 ore.
2547 504 2728 562 mus
2768 504 3343 563 lll.-—EXEGETICA.

3907 508 4051 564 1004

834 635 1031 674 nam
1087 622 1313 677 obscure
1359 623 1804 693 subindicantur;
1830 636 1885 680 at
1931 626 2104 681 multo
2146 627 2301 695 plura
2332 635 2384 680 et
2411 632 2460 690 Α
2484 627 2686 680 τούτων
2740 629 3067 699 προρρήσεις
3102 628 3343 698 ἐκφῆναι

2484 627 2686 680 τούτων
2740 629 3067 699 προρρήσεις
3102 628 3352 698 ἐκφῆναι.
3401 626 3573 691 Πολὺς
3618 626 3746 697 γοῦν
3773 622 3842 699 ἦν
3866 629 3894 681 6
3921 628 4049 699 περὶ

836 710 1181 777 ρτοίυηάἱοπδ
1234 712 1301 767 de
1330 720 1503 769 morte
1533 715 1652 784 ejus
1702 732 1866 787 quam
1925 733 2025 786 pro
2075 718 2385 772 hominibus

834 801 1111 864 sustinuit,
1144 804 1236 871 qui
1275 812 1580 872 postremus
1606 792 1842 870 ﬁliorum
1877 794 2012 861 Core
2043 806 2381 870 inscribitur,

832 905 1021 960 nempe
1052 907 1269 947 Lxxxvu
1311 892 1712 963 complectitur.
1748 894 1864 963 Duo
1897 903 2073 949 autem
2101 896 2192 965 qui
2217 896 2271 949 in
2302 896 2386 952 bis

831 978 1060 1046 primum
1090 981 1273 1035 locum
1298 991 1589 1052 occupant,
1632 984 1844 1039 scilicet
1886 986 1972 1039 hic
1999 1001 2159 1054 quem
2190 993 2387 1039 tracta-

829 1084 950 1125 mus
970 1077 1024 1124 et
1063 1072 1426 1141 subsequens,
1461 1073 1580 1143 ejus
1611 1075 1678 1129 ad
1708 1075 1955 1145 homines
1982 1078 2291 1143 adventum,
2332 1086 2386 1132 et

828 1162 1083 1230 prteclara
1122 1179 1242 1224 qua:
1265 1164 1355 1219 hic
1382 1166 1629 1221 editurus
1666 1177 1783 1223 erat
1818 1178 1968 1239 gesta
1996 1170 2379 1223 vaticinantur.

827 1249 929 1305 Hic
973 1266 1137 1323 porro
1184 1253 1525 1319 inscribitur,
1552 1252 1615 1307 In
1661 1254 1835 1323 ﬁnem,
1866 1272 1960 1325 pro
2010 1254 2379 1309 torcularibus.

825 1341 1069 1412 Cumque
1109 1351 1220 1400 tres
1260 1344 1370 1399 sint
1398 1346 1490 1414 qui
1518 1345 1620 1400 hoc
1647 1347 1805 1401 titulo
1837 1346 2210 1401 inscribuntur
2245 1365 2257 1400 :
2296 1346 2384 1400 hic

824 1448 890 1488 ex
915 1448 1103 1488 eorum
1138 1450 1362 1489 numero
1389 1446 1483 1504 pro
1510 1436 1863 1490 torcularibus
1900 1436 2150 1493 similiter
2186 1435 2382 1490 inscri-

824 1530 949 1593 ptus
974 1532 1085 1590 est;
1118 1524 1409 1594 itidemque
1442 1534 1538 1579 Vm
1572 1533 1626 1580 et
1654 1542 1820 1581 un.
1856 1527 2048 1581 Verum
2089 1542 2155 1581 ex
2184 1526 2249 1581 iis
2274 1524 2381 1581 duo

825 1622 1206 1685 nuncupantur
1263 1617 1481 1686 psalmi,
1540 1617 1797 1672 nimirum
1856 1632 1950 1671 vm
2006 1625 2059 1672 et
2114 1632 2376 1688 praesens.

821 1705 1000 1772 Quare
1030 1708 1315 1777 pmsentia
1352 1708 1493 1763 bona
1543 1707 1883 1764 denuntiant.
1917 1724 2062 1763 Lxxx
2107 1723 2232 1763 vero
2269 1707 2379 1761 Pro

821 1795 1172 1850 torcularibus
1198 1796 1755 1866 quidem'inscriptus
1795 1804 1910 1862 est,
1944 1797 2039 1853 sed
2085 1812 2195 1852 non
2233 1797 2380 1867 psal-

827 1905 963 1953 mus,
998 1889 1125 1959 quia
1157 1897 1347 1945 contra
1372 1889 1626 1945 lsraelem
1659 1876 1838 1943 tristia
1867 1888 2112 1959 quaedam
2142 1889 2378 1958 comple-

817 1980 999 2033 ctitur.
1030 1978 1095 2034 Hi
1124 1995 1287 2051 porro
1324 1988 1437 2035 tres
1466 1978 1574 2033 Pro
1600 1978 1956 2032 torcularibus
1990 1978 2264 2048 inscripti,
2306 1977 2374 2032 ad
2405 1968 2448 2022 Β

814 2078 927 2127 tres
952 2086 1221 2142 personas
1259 2072 1565 2143 pertinent;
1598 2080 1826 2138 octavus
1858 2084 2057 2141 nempe
2102 2071 2168 2125 ad
2218 2069 2379 2126 Davi-

813 2166 959 2229 dem,
991 2178 1134 2219 Lxxx
1164 2164 1231 2219 ad
1271 2165 1570 2235 Asapb'um,
1604 2164 1692 2219 hic
1722 2179 1853 2219 vero
1882 2178 2041 2234 quem
2072 2170 2375 2221 tractamus

813 2256 879 2310 ad
915 2255 1238 2311 ﬁlios‘Core.
1272 2255 1447 2325 Atque
1492 2256 1696 2325 pariter
1740 2254 1900 2309 iidem
1933 2265 2041 2311 tres
2066 2254 2377 2310 inscribun-

812 2356 901 2401 tur
925 2349 979 2401 in
1001 2349 1178 2417 ﬁnem,
1206 2347 1389 2417 idque,
1424 2357 1481 2401 ut
1507 2346 1761 2413 arbitror,
1797 2345 1866 2401 ob
1896 2347 2209 2417 prophetias
2239 2363 2375 2418 quas

810 2440 1061 2504 etierunt,
1084 2455 1202 2509 quae
1232 2440 1285 2493 in
1317 2438 1421 2495 line
1445 2446 1748 2510 temporum
1776 2449 1830 2495 et
1864 2439 1917 2493 in
1947 2441 2373 2496 consummatio-A

810 2547 880 2587 ne
912 2532 1099 2587 saeculi
1132 2533 1429 2593 completa?
1452 2541 1599 2588 sunt.

879 2711 1016 2766 Olim
1045 2711 1263 2782 quidem
1295 2725 1417 2765 cum
1448 2724 1554 2764 una
1576 2717 1720 2765 esset
1750 2708 1907 2764 vinea
1934 2710 2001 2763 de
2028 2724 2134 2779 qua
2164 2724 2370 2763 uictum

806 2812 911 2869 cst,
940 2804 1082 2858 Nam
1108 2805 1257 2859 vinea
1285 2804 1497 2858 Domini
1526 2803 1779 2870 Sabaoth,
1798 2802 1983 2856 domus
2012 2800 2186 2857 Israel
2207 2810 2284 2855 est
2303 2802 2367 2869 ‘9;

805 2913 972 2951 unum
1008 2912 1109 2953 ceu
1162 2897 1399 2953 torcular
1454 2900 1514 2951 in
1575 2896 1667 2951 illa
1721 2903 1858 2963 erat,
1916 2894 2075 2965 cujus
2127 2893 2370 2949 meminit

805 2990 975 3045 Isaias
1017 3006 1081 3045 ex
1135 3005 1366 3060 persona
1419 2987 1654 3054 Domini,
1689 2987 1878 3042 dicens
1936 3004 1948 3041 :
1988 2985 2058 3038 Et
2103 2984 2369 3053 wdiﬁcavi

806 3081 1014 3146 turrim,
1043 3088 1092 3134 et
1116 3080 1449 3149 protorcular
1470 3078 1583 3147 fodi
1613 3080 1667 3131 in
1687 3094 1749 3131 ea
1771 3078 1840 3133 ὀ.
1871 3075 1972 3130 Per
2000 3076 2193 3131 turrim
2216 3090 2364 3141 vero,

806 3171 1361 3243 Hierosolymitanum
1392 3171 1622 3227 fortasse
1646 3156 1906 3240 templum
1938 3167 2234 3239 signiﬁcat,
2270 3183 2368 3235 per

803 3264 1147 3336 protorcular
1188 3271 1391 3328 autem,
1422 3262 1592 3318 altare
1638 3262 1695 3316 iit
1746 3259 1946 3331 templo
1975 3260 2139 3316 situm
2172 3278 2185 3313 :
2219 3259 2364 3329 quod

806 3372 938 3414 sane
966 3355 1160 3412 merito
1190 3369 1301 3411 non
1335 3354 1599 3418 torcular,
1629 3353 1724 3409 sed
1753 3352 2095 3423 protorcular
2130 3351 2363 3415 vocavit,

802 3448 930 3519 quia
977 3445 1352 3517 spiritualibus
1383 3445 1688 3515 corporalia
1735 3442 2018 3513 praeibam,
2068 3448 2122 3495 et
2155 3439 2364 3495 Novum

799 3538 1207 3596 Testamentum
1241 3553 1271 3592 a
1303 3537 1483 3594 Veteri
1528 3535 1876 3607 prmceditur,
1924 3535 2068 3605 quod
2122 3535 2365 3605 symbola

800 3632 1175 3703 imaginesque
1203 3629 1453 3685 veritatis
1492 3628 1634 3698 apud
1681 3626 1899 3681 Iudaeos
1948 3626 2310 3680 conservabat
2348 3642 2359 3678 :

800 3725 923 3780 ideo
952 3725 1129 3778 altare
1164 3721 1408 3792 ipsorum
1456 3734 1562 3772 non
1608 3717 1869 3778 torcular,
1896 3715 1989 3772 sed
2020 3717 2365 3786 protorcular

795 3816 1116 3874 vocabatur.
1150 3815 1219 3869 At
1249 3827 1372 3867 cum
1401 3826 1509 3866 una
1540 3818 1684 3866 esset
1712 3810 1889 3890 vinea,
1912 3824 2079 3863 unum
2110 3818 2227 3862 erat
2256 3814 2367 3862 ter-

799 3894 974 3973 cular,
1008 3906 1170 3961 unius
1200 3903 1389 3974 templi
1433 3902 1622 3957 altare.
1666 3899 1801 3957 Tres
1848 3914 2013 3971 porro
2066 3898 2261 3970 psalmi
2300 3898 2366 3953 de

797 3999 997 4072 quibus
1017 3998 1129 4069 jam
1154 4011 1356 4062 sermo,
1389 4010 1499 4050 non
1531 4010 1720 4060 unum,
1759 3994 1852 4051 sed
1884 3994 2037 4065 plura
2070 3990 2366 4047 toreularia

796 4100 1126 4159 memorant,
1158 4089 1315 4162 queis
1374 4081 1690 4143 indicantur
1756 4086 2002 4143 ecclesiae
2054 4082 2362 4139 Servatoris

797 4184 975 4241 nostri
1025 4189 1200 4239 totum
1254 4164 1353 4253 per
1402 4181 1590 4236 orbem
1641 4179 1968 4234 constitutae.
2002 4176 2059 4231 In
2107 4175 2361 4246 praesenti

796 4291 948 4341 vero,
981 4275 1167 4331 statim
1222 4274 1426 4328 dicitur
1482 4273 1539 4326 in
1593 4271 1775 4336 titulo,
1820 4269 1929 4324 Pro
1973 4266 2361 4323 torcularibus:

794 4384 923 4425 mox
972 4365 1359 4423 subsumitur:
1407 4363 1581 4430 Quam
1639 4362 1831 4416 dilecta
1864 4359 2203 4415 tabernacula
2250 4369 2361 4423 tua,

798 4458 1024 4514 Domine
1049 4455 1340 4512 uirtutum!
1369 4454 1570 4525 quibus
1603 4466 1740 4523 pene
1773 4451 2084 4507 declaratur
2111 4465 2359 4521 quaenam

795 4553 887 4607 illa
938 4550 1219 4623 praemissa
1274 4546 1630 4603 tabernacula
1683 4543 1905 4600 fuerint.
1938 4542 2125 4597 Palam
2162 4543 2362 4615 quippe

2485 720 2583 790 τῆς
2610 720 2868 787 γενέσεως
2897 720 3059 774 αὐτοῦ
3085 721 3260 788 λόγος,
3293 720 3361 790 ἢν
3394 723 3451 774 ἐν
3482 719 3559 790 τῷ
3587 726 3681 785 nr
3705 720 3902 793 ψαλμῷ
3928 722 4047 775 ἐπι-

2487 811 2879 883 κεκρυμμένως
2900 810 3146 881 ᾑνίξατοῖ
3181 812 3586 866 καϊέπιπλείων
3623 812 3719 866 καὶ
3752 811 4049 885 βαθύτερος

2486 901 2513 950 6
2540 901 2665 969 περὶ
2707 900 2799 952 τοῦ
2825 900 3051 953 Θανάτου
3089 901 3274 963 αὐτού,
3299 901 3356 953 ὃν
3404 901 3540 972 ὑπὲρ
3584 902 3884 973 ἀνθρώπων
3918 904 4045 957 ἀνε-

2484 989 2688 1055 δέξατο,
2705 990 2853 1053 ὂς’ἐνι
2876 992 2981 1044 τῶν
3001 992 3214 1046 πάντων
3225 992 3710 1064 ἐπιγεγραμμένων
3730 992 3874 1048 υἱῶν
3893 993 4049 1062 Κορὲ

2483 1082 2813 1144 τελευταῖος*
2838 1082 2980 1151 λέγω
3004 1084 3062 1136 δὲ
3094 1084 3172 1154 τῷ
3198 1083 3286 1149 πζ¹
3320 1084 3719 1155 περιείληπται.
3758 1087 3819 1139 Ol
3843 1085 3901 1139 δὲ
3920 1085 4045 1139 τού-

2482 1190 2589 1227 των
2612 1174 2898 1245 ἠγούμενοι
2946 1175 3039 1229 δύο
3085 1174 3310 1247 ψαλμοὶ,
3348 1178 3377 1230 ὃ
3415 1193 3475 1229 τε
3511 1178 3649 1247 μετὰ
3680 1180 3865 1247 χεῖρας
3902 1178 4050 1231 καὶὸ

2484 1263 2608 1334 ἐξῆς
2636 1265 2802 1336 αὐτῷ,
2830 1266 2925 1337 τὴν
2956 1270 3033 1330 εἰς
3066 1268 3384 1340 ἀνθρώπους
3428 1269 3591 1324 αὐτοῦ
3626 1270 3924 1340 παρουσίαν
3948 1273 4047 1325 καὶ

2481 1357 2547 1410 τά
2572 1358 2664 1410 ἐπὶ
2699 1358 2866 1429 ταύτῃ
2922 1359 3313 1431 κατορθώματα
3348 1345 3708 1426 θεσπίζουσιν.
3736 1362 3803 1417 Ὅ
3829 1379 3894 1430 γε
3936 1363 4045 1435 μὴν

2481 1449 2835 1520 προκείμενος
2872 1452 3290 1521 ἐπιγέγραπται,
3326 1455 3410 1518 εἷς
3431 1453 3495 1506 τὸ
3531 1452 3722 1518 τέλος,
3752 1451 3903 1521 ὑπὲρ
3922 1446 4047 1506 τῶν

2478 1538 2700 1605 ληνῶν.
2745 1540 2921 1617 Τριῶν
2958 1540 3013 1593 δὲ
3060 1538 3227 1593 όντων
3256 1541 3362 1594 τῶν
3399 1544 3495 1613 τὴν
3531 1542 3783 1613 τοιαύτην
3816 1545 4046 1612 ἐπιγρα-

2480 1630 2583 1699 φὴν
2610 1631 2858 1700 ἑχόντων,
2885 1628 2963 1696 εἷς
2994 1636 3094 1705 μὲν
3130 1631 3281 1701 οὗτος
3310 1638 3588 1707 τυγχάνει·
3616 1636 3816 1705 ὁμοίως
3836 1634 3894 1687 δὲ
3922 1636 4043 1687 ἐπι-

2477 1719 2783 1791 γέγραπται
2817 1724 2909 1777 καὶ
2954 1727 2983 1778 6
3023 1732 3093 1794 η’,
3143 1727 3235 1780 καὶ
3286 1726 3445 1780 πάλιν
3475 1729 3504 1780 6
3534 1732 3604 1780 π’.
3647 1724 3806 1778 Ἀλλὰ
3833 1723 4044 1779 τούτων

2481 1814 2576 1883 μὲν
2619 1814 2710 1867 δύο
2750 1815 3147 1889 ὠνομάσθησαν
3165 1819 3383 1890 ψαλμοὶ,
3409 1821 3437 1872 ὃ
3468 1837 3526 1873 τε
3564 1825 3614 1891 η’
3644 1819 3738 1873 καὶ
3762 1819 3793 1872 6
3824 1816 4035 1890 παρών.

2477 1904 2565 1956 Διὸ
2588 1899 2856 1976 χρηστῶν
2878 1908 3157 1979 παρόντων
3204 1909 3541 1978 ἀπαγγελίας
3572 1908 3933 1981 περιέχουσιν.
3980 1909 4040 1959 ’0

2475 1998 2530 2051 δέ
2558 2005 2610 2050 π’
2637 1994 2703 2069 ἦν
2723 2000 2999 2070 μὲνὙπὲρ
3022 2000 3141 2054 τῶν
3169 2001 3394 2069 ληνῶν,
3423 2001 3482 2054 οὐ
3514 2000 3618 2072 μὴν
3655 1999 3744 2054 καὶ
3771 1999 4037 2069 ψαλμὸςδ

2476 2088 2563 2143 διὰ
2596 2089 2654 2142 τὸ
2687 2090 2985 2159 σκυθρωπά
3022 2109 3143 2146 τινα
3180 2095 3449 2164 περιέχειν
3490 2091 3629 2145 κατά
3659 2090 3752 2144 τοῦ
3800 2090 4036 2162 Ἰσραήλ.

2476 2183 2634 2252 Τρεῖς
2648 2182 2702 2234 δέ
2722 2183 2870 2247 ὄντες
2892 2186 2940 2237 οἱ
2974 2184 3140 2253 Ὑπὲρ
3163 2183 3278 2238 τῶν
3287 2183 3508 2253 ληνῶν,
3528 2184 3704 2256 τρισὶν
3724 2184 4038 2239 ἀνάκεινται

2475 2272 2782 2343 προσώποις
2804 2288 2818 2303 ο
2858 2277 2885 2326 6
2930 2275 3025 2344 μὲν
3049 2283 3097 2344 η’
3122 2274 3201 2345 τῷ
3224 2275 3403 2341 Δαυῒδ,
3436 2278 3464 2329 6
3494 2274 3549 2328 δὲ
3586 2282 3639 2328 π’
3664 2275 3742 2346 τῷ
3787 2275 3978 2344 Ἀσάφ,
4009 2279 4040 2328 6
4140 2313 4147 2319 -

2474 2364 2531 2418 δὲ
2565 2366 2702 2436 μετὰ
2726 2370 2910 2437 χεῖρας
2939 2371 3047 2430 τοῖς
3073 2370 3205 2430 υἱοῖς
3231 2368 3394 2438 Κορέ.
3425 2368 3536 2421 Καὶ
3561 2367 3867 2439 συμφώνως
3897 2384 3961 2436 γε
3986 2369 4037 2420 οἱ

2473 2459 2620 2529 τρεῖς
2667 2459 3059 2528 ἐπιγράφονται
3085 2461 3171 2524 εὶς
3196 2458 3263 2511 τὸ
3281 2452 3487 2523 τέλος,
3510 2458 3585 2521 ὠς
3617 2454 3791 2528 οἶμαι,
3826 2458 3914 2522 διὰ
3938 2458 4037 2521 τὰς

2412 2548 2420 2557 ⁷
2472 2550 2529 2603 ἐν
2553 2550 2731 2613 αὐτοῖς
2766 2550 3117 2621 προφητείας,
3152 2551 3231 2617 εἰς
3266 2547 3326 2600 τὸ
3371 2547 3521 2610 τέλος
3550 2548 3658 2600 τῶν
3687 2547 3915 2619 καιρῶν,
3939 2547 4037 2601 καὶ

2471 2643 2564 2695 ἐπὶ
2590 2643 2867 2714 συντελείᾳ
2893 2642 2987 2696 τοῦ
3012 2643 3204 2705 αίῶνος
3225 2638 3676 2705 ἐπιτελεσθείσας.

2541 2730 2713 2784 Πάλαι
2746 2732 2840 2800 μὲν
2865 2727 2976 2794 οὖν,
3006 2731 3081 2794 ὠς
3110 2731 3177 2785 ἂν
3201 2731 3315 2793 ἐνὸς
3343 2729 3675 2802 ὑπάρχοντος
3697 2731 4035 2802 ἀμπελῶνος,

2472 2823 2597 2892 περὶ
2624 2819 2683 2877 οὗ
2716 2826 2917 2895 εἴρητο,
2960 2824 3022 2877 '0
3062 2824 3171 2893 γὰρ
3207 2823 3488 2893 ἀμπελὼν
3531 2824 3753 2891 Κυρίου
3795 2824 4038 2879 Σαϐαὼθ

2470 2908 2631 2979 οἶκος
2675 2914 2781 2968 τοῦ
2816 2914 3050 2983 Ἰσραήλ
3072 2915 3230 2969 ἐστι’
3284 2915 3380 2985 μία
3426 2914 3614 2987 ὥσπερ
3661 2915 3819 2989 ληνὸς
3860 2913 3929 2989 ἦν
3977 2919 4032 2970 ἐν

2469 3001 2637 3071 αὐτῷ,
2671 2999 2737 3077 ἧς
2764 3005 3032 3075 μέμνηται
3060 3006 3087 3057 6
3121 3006 3342 3068 Ἡσαΐας
3374 3007 3436 3058 ἐκ
3468 3005 3756 3078 προσώπου
3793 3007 3885 3061 τοῦ
3925 3009 4027 3061 Κυ-

2469 3094 2585 3165 ρίου
2619 3095 2819 3164 λὲγων·
2854 3097 2964 3149 Καὶ
3005 3097 3357 3167 ᾠκοδόμησα
3392 3099 3638 3167 πύργον,
3676 3099 3772 3152 καί
3807 3101 4029 3169 προλήο

2467 3204 2599 3240 νιον
2622 3186 2821 3255 ὥρυξα
2851 3187 3120 3253 ἐναύτῷ.
3169 3190 3461 3259 Ἐσήμαινε
3504 3189 3559 3243 δὲ
3602 3190 3747 3260 ἄρα,
3795 3190 3883 3245 διὰ
3935 3191 4035 3262 μὲν

2467 3278 2560 3331 τοῦ
2601 3279 2810 3350 πύργου
2857 3279 2945 3332 τὸν
2993 3281 3050 3332 ἐν
3088 3270 3476 3352 Ἱεροσολύμοις
3518 3278 3674 3345 νεὼν,
3712 3270 3799 3334 διὰ
3838 3274 3896 3335 δέ
3939 3281 4043 3336 τοῦ

2472 3371 2757 3442 προληνίου
2794 3371 2853 3424 τὸ
2897 3372 3031 3443 πρὸς
3066 3372 3146 3443 τῷ
3187 3372 3299 3443 ναῷ
3354 3373 3763 3445 θυσιαστήριον,
3806 3375 3941 3444 ὅπερ
3972 3376 4036 3428 οὐ

2468 3464 2645 3535 ληνὸν,
2694 3464 2829 3519 ἀλλὰ
2880 3466 3161 3535 προλήνιον
3212 3460 3511 3536 ὠνόμασεν,
3545 3466 3798 3531 εἰκότως·
3849 3466 4036 3538 ἐπειδὴ

2467 3553 2573 3609 τῶν
2617 3555 2819 3625 νοητῶν
2859 3554 2927 3607 τὰ
2988 3553 3272 3624 σωματικὰ
3314 3556 3620 3625 προηγεῖτο,
3658 3554 3753 3607 καὶ
3792 3552 3897 3624 πρὸ
3936 3552 4039 3620 τῆς

2468 3646 2673 3716 Καινῆς
2703 3645 2972 3718 Διαθήκης
3001 3648 3038 3714 ἡ
3063 3644 3262 3699 παλαιὰ
3291 3644 3527 3716 σύμϐολα
3564 3645 3657 3697 καὶ
3694 3643 3905 3706 εἰκόνας
3928 3641 4037 3695 τῶν

2466 3737 2679 3807 ἀληθῶν
2706 3739 2854 3809 παρά
2886 3738 3153 3805 Ἰουδαίοις
3177 3736 3500 3805 ἐφυλάττετο
3519 3754 3531 3765 ·
3558 3733 3742 3805 διόπερ
3770 3735 3832 3787 οὐ
3856 3733 4037 3805 ληνὸς,

2466 3828 2601 3882 ἀλλὰ
2630 3830 2919 3900 προλήνιον
2938 3827 3245 3897 ὠνομάζετο
3275 3827 3333 3879 τὸ
3356 3829 3481 3897 παρ’
3502 3826 3726 3885 ἐκείνοις
3751 3824 4038 3894 θυσιαστή-

2469 3934 2602 3987 ριον.
2650 3919 2733 3980 Ὡς
2771 3918 2887 3980 ἐνὸς
2926 3918 2981 3969 δὲ
3017 3917 3109 3969 τοῦ
3144 3916 3483 3986 ἀμπελῶνος,
3520 3916 3615 3985 μία
3643 3911 3710 3987 ἦν
3742 3915 3909 3983 πάλαι
3942 3914 4038 3985 λη-

2465 4010 2574 4074 νὸς,
2610 4011 2703 4065 καὶ
2736 4011 2852 4073 ἐνὸς
2883 4009 3009 4063 ναοῦ
3037 4009 3437 4080 θυσιαστήριον.
3460 4010 3522 4061 Οἱ
3545 4008 3601 4060 δὲ
3629 4010 3685 4060 ἐν
3709 4007 3787 4077 τῷ
3813 4007 4038 4078 παρόντι

2466 4101 2778 4174 δηλούμενοι
2828 4105 2973 4172 τρεῖς
3021 4101 3222 4172 ψαλμοὶ
3272 4100 3331 4153 οὐ
3376 4100 3503 4171 περὶ
3532 4100 3679 4173 μιᾷς,
3723 4098 3856 4153 ἀλλὰ
3908 4099 4039 4169 περὶ⁵

2465 4194 2673 4248 πολλῶν
2709 4192 3097 4266 μνημονεύουσι
3129 4191 3322 4263 ληνῶν,
3355 4191 3461 4243 τῶν
3493 4189 3596 4244 ἀνὰ
3633 4191 3810 4244 πᾶσαν
3841 4189 3939 4261 τὴν
3962 4191 4039 4243 ol-

2466 4289 2733 4359 κουμένην
2766 4287 2858 4339 τοῦ
2900 4286 3150 4357 Σωτῆρος
3178 4283 3335 4355 ’ὴμῶν
3374 4281 3673 4355 ἐκκλησιῶν
3718 4282 3902 4337 τοῦτον
3944 4282 4037 4353 δη-

2464 4379 2737 4450 λουμένων
2766 4378 2856 4431 τὸν
2886 4378 3103 4449 τρόπον.
3138 4376 3345 4430 Αὐτίκα
3379 4374 3466 4428 διὰ
3506 4375 3612 4427 τῶν
3662 4373 4036 4445 προκειμένων

2465 4469 2678 4540 εἴρηται
2742 4470 2838 4539 μὲν
2884 4470 2942 4521 ἐν
2987 4470 3052 4539 τῇ
3108 4468 3401 4538 προγραφῇ
3442 4464 3591 4534 ὑπὲρ
3637 4464 3754 4520 τῶν
3795 4463 4032 4533 ληνῶν·

2466 4563 2590 4633 ἑξῆς
2633 4562 2689 4614 δὲ
2735 4560 3089 4635 ὲπιλέγεταιον
3123 4562 3214 4627 Ὡς
3250 4559 3523 4629 ἀγαπητὰ
3566 4558 3636 4611 τὰ
3679 4556 4039 4625 σκηνώματά

794 4645 993 4700 dicitur
1025 4658 1147 4699 esse
1175 4640 1525 4697 tabernacula
1554 4636 2063 4703 Domini,videlicet
2098 4637 2356 4693 ecclesias
2390 4644 2433 4699 D
2462 4670 2597 4717 σουν
2642 4654 2816 4719 Κύριε
2852 4651 2969 4705 τῶν
3005 4650 3314 4720 δυνάμεων
3333 4652 3343 4703 Α

2475 4670 2597 4717 γον,
2642 4654 2816 4719 Κύριε
2852 4651 2969 4705 τῶν
3005 4650 3314 4720 δυνάμεων
3333 4651 3352 4703 .'
3394 4650 3671 4721 μονονουχὶ
3715 4646 4035 4718 σαφηνίζον-

798 4734 942 4804 ejus,
961 4734 1163 4803 quasin
1183 4729 1765 4802 sequentibuszclarius
1794 4727 1881 4783 bis
1908 4728 2089 4788 verbis
2118 4744 2358 4795 commc-

803 4834 982 4881 morat
1010 4822 1282 4878 z—Vans.
1301 4824 1354 4877 5.
1375 4820 1709 4890 Γοηειῳὶδεὶι
1728 4831 1775 4875 et
1793 4820 1970 4890 deﬁcit
1987 4821 2163 4873 anima
2176 4838 2289 4875 mea
2306 4822 2358 4875 in

798 4918 940 4971 atria
965 4914 1194 4969 Domini.
1223 4914 1335 4968 Sub
1356 4914 1469 4968 haec
1486 4928 1678 4969 rursus
1709 4913 1783 4966 ait
1812 4933 1825 4967 :
1855 4912 2065 4966 Altaria
2096 4922 2207 4980 tua,
2249 4912 2358 4966 Dov

802 5011 942 5065 mine
974 5007 1249 5062 uirtutum.
1289 5006 1367 5059 Ac
1397 5004 1720 5076 perpendas,
1750 5019 1957 5074 quaeso,
1989 5020 2171 5059 annon
2215 5004 2354 5074 pari,

795 5114 959 5174 atque
974 5100 1031 5155 in
1048 5100 1205 5155 titulo
1216 5098 1308 5169 qui
1334 5096 1441 5152 Pro
1458 5097 1811 5151 torcularibus
1825 5097 2101 5161 scribitur,
2120 5097 2363 5152 oratione

798 5196 1151 5253 tabernacula
1176 5193 1463 5266 pluraliter
1482 5192 1878 5262 exprimantur,
1906 5193 2201 5263 itidemque
2223 5192 2362 5245 atria

795 5300 848 5346 et
873 5288 1101 5354 altaria;
1138 5286 1213 5341 ita
1263 5293 1323 5339 ut
1354 5300 1463 5339 non
1508 5285 1620 5354 jam
1673 5285 1955 5355 antiquum
2002 5285 2135 5340 illud
2190 5300 2360 5339 unum

796 5380 1208 5436 tabernaculum
1234 5377 1586 5449 lerosolymis
1619 5378 1932 5441 situm,non
1960 5393 2126 5431 unum
2160 5376 2358 5432 ibidem

796 5476 1032 5546 positum
1086 5471 1277 5543 altare,
1310 5486 1419 5525 non
1470 5486 1637 5523 unum
1698 5470 1895 5523 atrium
1950 5470 2137 5526 eodem
2175 5470 2359 5525 consi-

795 5579 944 5626 alens
974 5565 1129 5631 loco;
1158 5562 1253 5620 sed
1300 5564 1552 5617 universa
1586 5577 1683 5631 per
1711 5562 1899 5629 orbem
1934 5562 2148 5629 altaria,
2178 5562 2359 5617 taber-

792 5659 989 5717 nacula
1021 5665 1075 5713 et
1092 5655 1229 5711 atria
1257 5655 1346 5711 hic
1368 5653 1649 5724 Scriptura
1679 5654 1963 5725 signiticet.
1982 5655 2083 5710 Alii
2116 5656 2355 5727 quidem,

794 5755 889 5818 ait,
921 5751 1027 5805 alia
1063 5748 1296 5820 diligunt
1322 5756 1377 5803 et
1421 5748 1598 5818 magni
1634 5748 1872 5814 faciunt;
1900 5749 2028 5803 mihi
2058 5765 2208 5814 vero,
2245 5747 2350 5801 Do-

748 5945 759 5958 .
865 5907 906 5942 ιο
945 5906 1047 5964 lsa.
1084 5924 1136 5974 ν,
1176 5906 1224 5962 7.
1302 5905 1347 5938 ὀ
1388 5903 1603 5960 unas.

2464 4761 2557 4807 τος
2579 4742 2673 4795 τοῦ
2711 4742 2867 4810 λόγου
2898 4742 2991 4805 τὰς
3028 4741 3465 4812 προτεταγμένας
3504 4740 3713 4810 ληνοὺς,
3735 4738 3877 4800 τίνες
3908 4737 4039 4790 ποτέ

2464 4830 2594 4892 εἷεν.
2617 4835 2777 4905 Δηλοῖ
2808 4834 2915 4904 γὰρ
2954 4833 3153 4896 ταύτας
3180 4829 3317 4887 εἶναι
3350 4834 3417 4888 τὰ
3448 4832 3776 4904 σκηνώματα
3811 4828 3903 4883 τοῦ
3927 4831 4040 4883 Κυ-

2468 4926 2836 5001 ρίου,.δηλαδὴ
2878 4924 2977 4988 τὰς
3016 4923 3305 5007 ἐκκλησίας
3347 4923 3533 4989 αὐτοῦ,
3570 4923 3636 4985 ἃς
3684 4921 3887 4993 προῖὼν
3917 4920 4040 4975 λευ-

2468 5022 2687 5094 κότερον
2736 5016 2897 5073 πάλιν
2942 5017 3194 5087 ὀνομάζει
3237 5018 3434 5086 λέγων·
3482 5014 3772 5068 Ἑπιποθεῖ
3809 5013 3905 5069 καί
3944 5013 4042 5068 ὲκ-

2466 5114 2660 5167 latitet
2686 5112 2724 5179 ἠ
2754 5108 2923 5179 ψυχή
2964 5126 3082 5178 μου
3123 5112 3209 5176 εὶς
3257 5109 3361 5173 τὰς
3397 5105 3592 5172 αὐλὰς
3634 5104 3741 5159 τοῦ
3793 5104 4037 5173 Κυρίου.

2467 5203 2579 5258 Καὶ
2604 5199 2757 5265 αὖθις
2790 5199 2993 5272 προϊών
3025 5217 3190 5272 φησι⁶
3236 5200 3312 5255 Τὰ
3341 5195 3735 5265 θυσιαστήριά
3772 5214 3909 5263 σου,
3926 5196 4044 5251 Κύ-

2459 5312 2555 5363 ριε
2592 5293 2711 5347 τῶν
2750 5291 3076 5361 δυνάμεων.
3127 5292 3235 5345 Καὶ
3276 5290 3377 5359 ὅρα
3415 5291 3463 5341 εἰ
3512 5288 3587 5360 μὴ
3626 5286 3929 5360 συμφώνως
3971 5290 4041 5360 τῇ

2466 5387 2757 5459 προγραφῇ
2804 5383 2953 5453 ὑπὲρ
2998 5382 3116 5437 τῶν
3153 5379 3357 5449 ληνῶν
3390 5382 3718 5454 περιεχούσῃ
3754 5380 4042 5450 πληθυντι-

2466 5478 2578 5541 κῶς
2605 5477 2675 5531 τὰ
2708 5474 3035 5547 σκηνώματα
3060 5475 3291 5545 εἴρηται,
3329 5474 3420 5549 καὶ
3451 5473 3611 5527 αὐλαὶ
3640 5474 3734 5526 καὶ
3757 5471 3824 5525 τὰ
3851 5470 4045 5524 θυσια-

2470 5568 2682 5639 στήρια,
2715 5564 2898 5635 σαφῶς
2929 5564 3021 5618 τοῦ
3060 5564 3216 5631 λόγου
3250 5563 3429 5617 οὐκέτι
3466 5564 3526 5617 τὸ
3567 5563 3790 5618 παλαιὸν
3818 5561 3875 5615 ἓν
3906 5562 4044 5631 σκή-

2466 5676 2624 5730 νωμα
2649 5660 2708 5711 ἐν
2743 5656 3151 5733 Ἰεροσολύμοις,
3186 5655 3302 5708 οὐδὲ
3347 5656 3408 5719 τὸ
3453 5655 3509 5710 ἓν
3554 5657 3953 5726 θυσιαστήριον.
3976 5652 4041 5706 τὸ

2464 5750 2649 5806 αὐτόθι
2682 5750 2980 5821 ἱδρυμένον,
3004 5747 3126 5802 οὐδὲ
3169 5745 3267 5818 τὴν
3304 5747 3487 5802 αὐτόθι
3522 5749 3650 5821 μίαν
3680 5746 3867 5818 αὐλὴν,
3902 5742 4042 5800 ἀλλὰ
