4406 6422
329 532 468 589 £005

1442 514 1935 593 Celsumnam
1979 533 2045 589 IN
2085 514 2420 592 iiSALuos.

3400 533 3544 594 4005

325 649 396 705 τὰ
439 633 560 702 καθὂ
595 647 723 721 ὅλης
763 649 860 717 τῆς
899 629 1196 720 ἀνθρώπων
1241 651 1560 723 οἰκουμένης
1603 653 1890 724 θυσιαστή-
1921 659 1968 716 Α
1995 651 2065 705 mi

1803 655 1890 724 ιή-
1921 659 1968 716 Α
1995 651 2158 715 mine,
2186 653 2536 708 tabernacula
2572 658 2689 714 tua,
2717 640 2910 706 dilecta
2935 661 2988 706 et
3015 649 3265 707 amabilia
3299 663 3444 720 sunt,
3486 657 3543 708 in

331 758 421 812 ρια
472 739 566 794 καὶ
611 741 680 794 τὰ
727 740 1056 812 σκηνώματα
1104 743 1196 796 καὶ
1237 744 1334 806 τὰς
1381 745 1546 808 αὐλὰς
1589 746 1889 816 δηλοῦντος.

332 830 511 882 Ἀλλοι
546 829 643 898 μὲν
672 825 763 884 οὖν
787 831 940 892 ἄλλα,
975 832 1155 901 φησιν,
1185 832 1460 899 ἀγαπῶσι,
1490 833 1580 886 καὶ
1609 837 1735 904 περὶ
1764 836 1892 887 πολ--

328 921 421 974 λοῦ
448 917 719 974 ποιοῦνται
740 937 752 950 ’
786 922 905 993 ἐμοὶ
936 922 1013 986 δὲ,
1046 916 1090 974 ὦ
1127 923 1317 994 Κύριε,
1357 923 1425 977 τὰ
1465 925 1532 976 σά
1567 924 1894 995 σκηνώματα

329 1013 598 1083 προσφιλῆ
633 1015 724 1066 καὶ
764 1014 1017 1082 ἀγαπητά
1049 1015 1320 1084 τυγχάνει,
1354 1017 1411 1067 ἐν
1441 1010 1523 1079 οἷς
1555 1018 1892 1086 κατηξίωσας

330 1102 490 1164 αὐτὸς
536 1103 649 1172 ἅμα
699 1101 1000 1174 ἀνθρώποις
1060 1103 1157 1160 τὰς
1209 1103 1483 1174 διατριϐὰς
1534 1105 1892 1175 ποιησάμενος

329 1193 739 1262 κατασκηνῶσαι
762 1234 776 1257 ,
827 1195 1028 1268 φήσας·
1087 1195 1264 1248 Ὅπου
1304 1195 1412 1248 δύο
1459 1195 1496 1262 ἢ
1546 1195 1694 1262 τρεῖς
1743 1212 1890 1248 συν-

328 1283 743 1352 ηγμένοιείσὶν
766 1287 850 1358 είς
876 1284 942 1336 τὸ
962 1285 1105 1354 ἐμὸν
1129 1285 1480 1354 ὀνομα,πέκεῖ
1503 1289 1616 1355 εἰμι
1642 1288 1711 1338 ἐν
1729 1286 1895 1355 μέσῳ

331 1372 543 1428 αὐτῶν.
588 1375 742 1429 Οὖτω
775 1376 830 1428 δέ
861 1394 947 1446 μοι
982 1377 1249 1446 προσφιλῆ
1291 1380 1382 1430 καὶ
1420 1378 1676 1448 ἀγαπητὰ
1699 1379 1895 1448 τυγχά-

331 1454 420 1520 νει
445 1466 514 1519 τά
546 1468 824 1538 εἰρημένα,
867 1468 1006 1521 ὥστε
1047 1469 1112 1521 δι’
1151 1469 1447 1539 ὑπερϐολὴν
1476 1470 1763 1538 ἐπιθυμίας
1801 1472 1894 1522 αό-

330 1557 436 1609 τῶν
486 1557 762 1626 ὁμολογεῖν
813 1557 1081 1611 ἐκλείπειν
1121 1558 1218 1626 τὴν
1278 1559 1456 1628 ψυχήν
1524 1575 1622 1627 μου
1664 1558 1740 1626 τῷ
1767 1560 1893 1627 περὶ

333 1644 501 1706 αὑτὰς
549 1642 698 1715 πόθῳ
749 1647 1073 1716 νικωμένην,
1120 1647 1212 1697 καὶ
1382 1646 1522 1716 ζωῆς
1559 1646 1725 1716 αὐτῆς
1765 1660 1896 1717 προς

332 1738 494 1806 τιμᾷν
528 1738 626 1798 τὰς
679 1737 736 1789 ἐν
781 1740 924 1800 ’ταῖς
964 1725 1150 1798 αὐλαῖς
1187 1753 1278 1789 σου
1339 1737 1637 1808 διατριϐάς.
1687 1739 1795 1790 Καὶ
1833 1739 1891 1789 οὐ

338 1829 471 1898 μόνη
495 1845 557 1895 γε
587 1829 620 1897 ἡ
663 1827 806 1900 ψυχή
867 1847 966 1900 μου
1008 1829 1265 1891 ἐκλείπει,
1318 1828 1450 1882 ἀλλὰ
1488 1831 1581 1881 καὶ
1635 1830 1669 1898 ή
1703 1829 1896 1900 καρδία

337 1935 438 1988 μου
491 1920 585 1972 καὶ
637 1920 772 1990 πρὸς
823 1922 888 1990 τῇ
943 1921 1136 1992 καρδίᾳ
1199 1938 1298 1991 μου
1352 1921 1444 1973 καὶ
1500 1921 1629 1973 αὐτό
1690 1938 1790 1989 μου
1835 1921 1895 1973 τὸ

1996 744 2193 813 quibus
2234 744 2350 813 ipse
2383 758 2488 797 una
2518 758 2640 797 cum
2675 743 2986 798 hominibus
3036 743 3238 797 morari
3285 746 3549 814 sedesque

1996 848 2195 903 ponere
2245 834 2498 903 dignatus
2538 848 2634 900 es;
2665 848 2789 886 nam
2831 833 2969 886 dicis
3009 851 3021 885 :
3063 831 3161 886 Ubi
3193 833 3296 886 duo
3334 835 3412 888 vel
3443 846 3544 889 tres

1996 925 2289 993 congregati
2326 925 2520 993 fuerint
2541 928 2596 977 in
2624 926 2829 977 nomine
2852 941 2984 986 meo,
3013 925 3120 977 illic
3145 941 3260 978 sum
3297 927 3352 978 in
3378 927 3544 980 medio

1994 1030 2172 1066 eorum
2210 1016 2276 1067 ἰ.
2313 1014 2390 1067 lta
2430 1030 2592 1083 porro
2639 1015 2772 1068 mihi
2821 1016 2936 1069 haec
2964 1016 3075 1083 jam
3123 1025 3415 1070 memorata
3463 1017 3545 1071 di—

1997 1108 2131 1160 lecta
2158 1115 2211 1159 et
2246 1108 2496 1160 amabilia
2529 1115 2676 1170 sunt,
2717 1115 2775 1160 ut
2822 1106 2992 1160 fatear
3033 1121 3096 1161 ex
3131 1121 3316 1162 eorum
3347 1124 3547 1164 concu-

1995 1195 2258 1263 piscentia
2284 1196 2518 1248 animam
2543 1210 2740 1259 meam,
2766 1211 2954 1249 eorum
2981 1212 3164 1252 amore
3190 1198 3547 1264 vietam,dell-

1995 1299 2118 1338 cere
2171 1292 2332 1353 atque
2385 1285 2530 1338 illam
2585 1286 2640 1338 in
2702 1285 2857 1340 atriis
2897 1287 3006 1342 tuis
3065 1287 3545 1342 commorationem

1995 1375 2117 1428 vita:
2139 1391 2352 1445 quoque
2396 1381 2735 1444 anteponere.
2801 1376 2986 1447 Neque
3010 1379 3190 1431 solum
3220 1380 3420 1442 anima,
3453 1379 3548 1432 sed

1996 1477 2050 1519 et
2084 1481 2179 1519 cor
2223 1482 2422 1530 meum.
2464 1466 2644 1520 deﬁcit
2671 1484 2687 1531 ;
2719 1467 2828 1520 imo
2878 1483 3008 1522 vero
3044 1468 3218 1536 ipsum
3267 1484 3462 1538 corpus
3497 1482 3549 1524 et

1995 1571 2125 1610 caro
2153 1573 2257 1625 qua
2280 1558 2710 1612 circumvestior.
2740 1557 2862 1612 Hmc
2913 1560 3111 1612 etenim
3157 1576 3221 1614 ex
3255 1561 3377 1614 vita:
3405 1562 3550 1617 illius

1996 1664 2115 1717 quae
2164 1663 2329 1717 penes
2367 1656 2418 1701 te
2464 1658 2547 1702 est
2601 1650 2886 1712 memoria,
2911 1651 3110 1719 gaudio
3145 1660 3197 1706 et
3245 1652 3432 1706 lzetitia
3466 1669 3552 1708 re-

1996 1739 2246 1808 plentur;
2277 1737 2352 1808 "a
2379 1745 2436 1789 ut
2465 1752 2586 1791 vere
2618 1737 2795 1791 dicam
2828 1756 2840 1790 :
2869 1736 2973 1791 Cor
3019 1756 3188 1792 meum
3214 1751 3263 1793 et
3291 1759 3414 1796 caro
3437 1760 3554 1796 mea

1945 1869 1956 1880 .
1997 1830 2385 1883 exsultaverunt
2433 1829 2486 1880 in
2518 1827 2686 1880 Deum
2736 1830 2925 1883 vivum.
2963 1828 3106 1884 Deus
3135 1833 3336 1901 quippe
3368 1843 3553 1889 noster

1997 1920 2206 1982 vivens,
2226 1921 2316 1989 qui
2353 1920 2501 1974 solus
2520 1919 2790 1988 propriam
2811 1929 2864 1973 et
2890 1923 3190 1977 naturalem
3223 1924 3276 1977 in
3307 1940 3365 1978 se
3387 1927 3551 1980 vitam

337 2008 492 2078 σῶμα
565 2009 657 2060 καὶ
706 2011 740 2080 ή
768 2008 923 2080 -σὰρξ
975 2009 1039 2079 ἢν
1090 2007 1502 2077 περιϐέϐλημαι.
1562 2007 1671 2060 Καὶ
1720 2006 1891 2060 ταῦτα
1921 2000 1964 2054 Β
1991 2027 2077 2083 pos

1811 2006 1891 2060 ῑτα
1921 2000 1964 2054 Β
1991 2013 2248 2083 possidet,
2282 2013 2388 2066 imo
2448 2013 2625 2081 potius
2652 2011 2830 2066 omnis
2863 2013 2985 2066 vitae
3023 2011 3144 2069 fons
3167 2025 3268 2078 est,
3296 2032 3412 2070 eam
3435 2033 3551 2071 om-

334 2100 441 2171 γὰρ
476 2102 537 2153 ἐκ
586 2101 682 2172 τῆς
750 2103 966 2176 μνήμης
1020 2100 1119 2170 τῆς
1172 2101 1322 2171 παρὰ
1387 2101 1466 2153 σοὶ
1530 2101 1673 2172 ζωῆς
1728 2102 1900 2170 χαρᾶς
2001 2105 2074 2161 ui]

1810 2102 1900 2170 ρᾶς
2001 2105 2167 2161 nibus
2211 2105 2276 2159 ad
2337 2120 2396 2159 se
2438 2104 2818 2160 accedentibus
2865 2104 3121 2174 impertit.
3191 2107 3550 2172 Quamobrem

335 2190 630 2260 πληροῦται
673 2191 766 2263 καὶ
804 2189 1165 2262 εὐφροσύνης·
1197 2189 1321 2242 ὥστ’
1354 2187 1680 2260 ἀληθεύοντά
1715 2207 1782 2260 με
1816 2189 1902 2242 λέέ-
2004 2198 2075 2268 ip;

1816 2189 1902 2242 λέέ·
2004 2198 2122 2268 ipsa
2160 2213 2300 2252 caro
2347 2212 2486 2258 mea,
2515 2212 2634 2266 quae
2680 2205 2872 2251 natura
2933 2212 3032 2251 sua
3082 2199 3326 2254 mortalis
3351 2209 3404 2253 ει
3430 2214 3554 2254 cor-

335 2296 470 2346 γειν·
501 2278 561 2332 Ἠ
584 2277 794 2345 καρδία
805 2295 923 2346 μου
949 2278 1046 2330 καὶ
1077 2281 1114 2345 ἡ
1141 2277 1296 2346 σάρξ
1321 2295 1437 2346 μου
1458 2279 1902 2347 ἡγαλλςάσαντο
2001 2307 2075 2358 ru]

1814 2297 1902 2333 *το
2001 2290 2239 2358 ruptioni
2268 2289 2499 2342 obnoxia
2523 2295 2626 2350 est,
2649 2289 2846 2358 gaudet
2875 2294 2928 2342 et
2955 2289 3248 2357 gratulatur
3269 2307 3284 2356 ε
3305 2291 3432 2358 quia
3459 2306 3554 2360 per

335 2367 431 2422 έάτι
469 2365 614 2446 Θεὸν
645 2367 843 2428 mna.
879 2367 995 2422 Ζῶν
1023 2369 1129 2440 γὰρ
1160 2373 1188 2422 ὸ
1219 2370 1481 2440 ἡμέτερος
1504 2370 1653 2434 Θεὸς,
1681 2372 1771 2423 καὶ
1803 2371 1895 2440 μόι
1998 2396 2075 2435 ea]

1814 2371 1895 2424 ιόι
1998 2393 2117 2435 eam
2148 2379 2470 2433 immortalis
2490 2379 2614 2433 vitae
2643 2393 2872 2436 consors
2921 2384 2976 2432 et
3002 2377 3196 2433 divinat
3219 2379 3405 2449 gratiae
3431 2395 3554 2448 par-

334 2478 423 2523 νος
469 2461 759 2530 ίδιόκτητον
825 2461 919 2513 καὶ
973 2461 1202 2532 φυσικὴν
1257 2462 1312 2512 ἐν
1367 2460 1511 2530 αὺτῷ
1562 2462 1890 2530 κεκτημένος
1997 2471 2167 2537 ιίεερε
2210 2467 2397 2539 futura
2430 2476 2536 2522 est.

336 2549 499 2621 ζωὴν,
531 2551 722 2621 μᾶλλον
751 2551 806 2603 δὲ
835 2551 992 2615 αὐτὸς
1015 2551 1088 2605 ὢν
1123 2555 1154 2624 ή
1184 2552 1328 2628 πηγὴ
1361 2554 1538 2622 πάσης
1566 2551 1726 2620 ζωῆς,
1758 2553 1887 2603 πᾶσι

335 2646 445 2704 τοῖς
497 2642 848 2712 πλησιάζουσι
902 2642 1100 2712 ταύτης
1164 2641 1496 2712 μεταδίδωσι.
1558 2643 1752 2710 Διόπερ
1798 2641 1890 2692 καὶ
1926 2639 2062 2716 αὐτὴ
2109 2640 2142 2709 ἡ
2193 2640 2349 2720 φύσει
2389 2641 2554 2713 θνητὴ
2611 2645 2704 2696 καὶ
2742 2642 2952 2715 φθαρτή
3003 2662 3100 2715 μου
3169 2645 3303 2718 σὰρξ
3380 2648 3558 2718 χαίρει

337 2734 429 2786 καὶ
468 2734 765 2804 συγχαίρει,
801 2733 895 2786 ἆτε
941 2735 1006 2786 δι’
1040 2734 1207 2802 αὐτῆς
1251 2735 1649 2804 κοινωνήσουσα
1682 2731 1897 2783 αίωνίου
1939 2729 2101 2800 ζωῆς,
2123 2732 2339 2802 καὶτῆς
2362 2733 2453 2786 τοῦ
2476 2734 2608 2787 Θεοῦ
2637 2737 2855 2807 χάριτος
2883 2736 3318 2808 μεταληψομένη.

407 2849 450 2900 Τ
453 2847 593 2902 αὖτα
616 2848 671 2900 δέ
701 2865 861 2918 φησιν
896 2851 924 2900 ὁ
951 2850 1236 2919 Προφήτης
1265 2850 1546 2910 διδάσκων,
1581 2849 1760 2900 ὁποῖον
1787 2843 1901 2917 εἶχε

338 2939 514 3010 ἔρωτα
545 2940 636 2992 καὶ
663 2939 822 2991 πόθον
860 2940 986 3009 περὶ
1016 2940 1083 2993 τὰ
1120 2941 1209 2991 ὑπ’
1248 2939 1409 2992 αὐτοῦ
1436 2931 1900 3011 προφητευόμεναι

339 3031 534 3100 Διόπερ
563 3033 591 3084 ὁ
623 3031 810 3102 Σωτὴρ
829 3030 986 3101 ήμῶν
1019 3031 1172 3099 ἐλεγι
1192 3047 1205 3061 ο
1233 3031 1455 3107 Πολλοὶ
1489 3030 1782 3098 προφῆται
1805 3030 1905 3084 καὶ

339 3121 553 3191 δίκαιοι
605 3121 986 3189 ἐπεθύμησαν
1032 3120 1175 3174 ἰδεῖν
1210 3120 1248 3173 ἂ
1288 3121 1453 3188 ὑμεῖς
1488 3118 1769 3184 βλέπετε,
1810 3118 1907 3172 καὶ
1941 3139 1949 3150 ο

340 3214 451 3266 οὐκ
493 3209 673 3266 εἶδον.
717 3211 825 3283 Τὴν
888 3209 1066 3282 σάρκα
1108 3211 1163 3264 δέ
1223 3226 1383 3282 φησιν
1434 3211 1549 3280 ἅμα
1592 3212 1656 3280 τῇ
1713 3209 1908 3279 καρδίᾳ

342 3304 694 3373 ἀγαλλιᾶσθαι
724 3305 816 3357 ἐπὶ
846 3305 975 3357 Θεὸν
1001 3303 1197 3368 ζῶντα,
1224 3303 1604 3372 αἰνιττόμενος,
1633 3303 1706 3364 ὡς
1732 3298 1905 3371 οἶμαι,

2078 2845 2200 2901 Haec
2234 2856 2412 2901 autem
2457 2850 2530 2903 ait
2559 2849 2846 2918 Pr0plieta,
2882 2864 3038 2904 suum
3081 2850 3341 2905 exhibens
3371 2851 3559 2907 adver-

2010 2951 2105 2990 sus
2134 2951 2196 2989 ea
2225 2952 2345 3006 quae
2372 2937 2425 2990 in
2479 2937 2759 3006 prophetia
2810 2939 3163 2991 enuntiantur
3215 2939 3451 2993 studium
3506 2951 3562 2995 et
3644 2925 3650 2934 ’

2010 3041 2270 3082 amorem.
2296 3028 2420 3082 Ideo
2447 3029 2706 3082 Servatur
2733 3035 2918 3080 noster
2944 3027 3156 3082 dicebat
3191 3047 3202 3082 :
3247 3025 3408 3082 Multi
3438 3046 3562 3098 pro-

2011 3121 2176 3190 pheta:
2200 3129 2248 3174 et
2287 3121 2423 3188 justi
2453 3121 2724 3174 voluerunt
2764 3120 2935 3174 uidere
2977 3137 3090 3189 qua:
3141 3137 3227 3174 vos
3261 3120 3464 3186 videtis,
3510 3129 3562 3174 et

2014 3229 2116 3266 non
2149 3212 2382 3266 viderunt
2415 3215 2479 3266 “.
2515 3213 2603 3264 Ait
2634 3228 2798 3281 porro
2824 3229 2930 3267 una
2965 3228 3086 3267 cum
3133 3213 3295 3266 corde
3340 3226 3559 3266 carnem

2013 3308 2185 3377 ipsam
2211 3309 2487 3362 exsultare
2517 3309 2568 3361 in
2604 3308 2766 3362 Deum
2795 3310 3012 3374 vivum;
3040 3309 3215 3377 queis,
3245 3316 3303 3361 ut
3331 3309 3559 3370 aestimo,

344 3398 436 3450 καὶ
468 3395 560 3450 τοῦ
594 3398 840 3470 Σωτῆρος
867 3396 963 3468 τὴν
995 3399 1059 3450 ἐκ
1089 3396 1294 3468 νεκρῶν
1336 3396 1645 3449 ἀνάστασιν.
1693 3392 1906 3462 Ἐπειδὴ
1933 3377 1974 3434 C
2008 3399 2084 3468 ips

1825 3392 1906 3462 ιδὴ
1933 3377 1974 3434 C
2008 3399 2180 3468 ipsam
2220 3399 2521 3453 Servatoris
2548 3399 2718 3453 nostri
2745 3414 2808 3453 ex
2848 3399 3078 3452 mortuis
3107 3401 3562 3453 resurrectionem

342 3488 449 3559 γάρ
499 3489 546 3540 οί
591 3487 696 3541 τῶν
746 3487 912 3541 ἐθνῶν
955 3488 1292 3558 νομιζόμενοι
1340 3486 1450 3539 θεοὶ
1493 3485 1673 3556 νεκροὶ
1717 3484 1909 3554 ἂψυχοι

342 3580 683 3650 τυγχάνουσν
714 3582 790 3634 Τὰ
811 3579 916 3650 γάρ
933 3579 1147 3633 εἴδωλα
1167 3579 1282 3632 τῶν
1301 3577 1489 3632 ἐθνῶν
1507 3579 1787 3646 ἀργύριον
1810 3576 1908 3629 καί

343 3672 618 3741 χρυσίον,
645 3671 788 3739 ἔργα
813 3669 1021 3739 χειρῶν
1052 3669 1373 3738 ἀνθρώπων
1393 3687 1405 3700 ο
1438 3670 1606 3722 ταῦτα
1638 3669 1693 3720 δὲ
1727 3667 1910 3720 ἔσεϐον

344 3764 393 3815 οἱ
423 3763 547 3815 τότε
572 3761 840 3832 ἅνθρωποι
862 3778 873 3789 '
906 3758 1034 3827 ἐγὼ,
1067 3763 1249 3831 φησὶν,
1275 3761 1332 3813 οὐ
1359 3759 1592 3812 τοιοῦτόν
1616 3778 1734 3812 τινα
1757 3759 1908 3821 Θεὸν,

345 3853 478 3906 ἀλλὰ
513 3853 686 3918 ζῶντα
729 3852 858 3905 Θεὸν
898 3852 1239 3923 προθεωρῶν,
1271 3853 1334 3922 τῇ
1390 3851 1581 3922 καρδία
1626 3849 1909 3920 εὐφραίνο-

350 3962 477 4013 μαι·
516 3945 606 3997 καὶ
641 3943 779 4013 αὓτη
817 3942 871 3995 δέ
918 3961 1017 4013 μου
1072 3946 1099 4014 ή
1148 3941 1284 4013 σάρξ
1327 3942 1418 3994 ἐπὶ
1456 3941 1627 4011 τούτῳ
1673 3941 1749 4010 τῷ
1796 3941 1912 4011 Θεῷ

347 4035 733 4105 ἠγαλλιάσατο,
781 4035 855 4098 ὼς
901 4035 993 4086 ἐπ)⁸
1036 4033 1152 4104 Θεῷ
1188 4032 1401 4104 άληθῶς
1448 4032 1608 4096 ζῶντι
1652 4034 1743 4083 καὶ
1780 4033 1912 4094 ζωοέ

349 4127 584 4181 ποιοῦντι
608 4128 732 4192 τοὺς
765 4128 1007 4197 νεκροὺς,
1042 4127 1098 4189 ὃς
1133 4127 1223 4178 καὶ
1255 4126 1420 4196 αὑτήν
1457 4143 1554 4196 μου
1593 4124 1910 4194 ζωοποιήσει

346 4221 445 4291 τὴν
475 4222 649 4291 σάρκα
677 4220 765 4273 διὰ
803 4219 902 4289 τῆς
950 4217 1138 4270 ἑαυτοῦ
1173 4217 1536 4277 ἀναστάσεως.
1567 4215 1654 4266 Διὸ
1684 4215 1816 4284 πρὸς
1846 4217 1909 4283 τῇ

348 4313 491 4382 ψυχῇ
525 4313 619 4389 καὶ
646 4314 682 4380 ἡ
706 4311 839 4389 σάρξ
879 4326 976 4380 μου
1000 4308 1377 4378 ἠγαλλιάσατο.
1409 4305 1516 4359 Καὶ
1556 4305 1664 4373 γὰρ
1695 4319 1910 4371 στρου-

308 4417 312 4422 ·
351 4406 480 4458 θίον
519 4398 693 4471 εὗρεν
735 4401 923 4465 ἐαυτῷ
971 4401 1184 4461 οὶκίαν,
1227 4397 1323 4450 καὶ
1377 4393 1604 4464 τρυγὼν
1656 4392 1913 4445 νοσσιὰν

349 4492 531 4560 ἑαυτῇ
556 4532 570 4555 ,
621 4473 693 4547 οὗ
738 4489 908 4557 θήσει
951 4491 1022 4542 τὰ
1075 4489 1295 4541 νοσσία
1337 4485 1543 4554 αὐτῆς,
1591 4489 1662 4537 τὰ
1711 4487 1914 4537 θυσια-

349 4578 562 4647 στήριά
578 4593 716 4641 οόυ⁷
739 4578 911 4645 Κύριε
936 4575 1052 4628 τῶν
1085 4575 1410 4644 δυνάμεων.
1449 4575 1558 4628 Καὶ
1587 4573 1702 4636 πῶς
1716 4571 1823 4644 γάρ
1851 4572 1911 4625 οὑ

2010 3487 2478 3553 εὐιιιιὼινει.ριιὶε
2506 3490 2648 3542 enim
2680 3488 2716 3540 ii
2747 3487 2837 3556 qui
2873 3489 3012 3541 inter
3047 3499 3233 3558 gentes
3265 3488 3339 3541 dii
3374 3488 3563 3542 existi-

2010 3589 2247 3643 mantur,
2276 3580 2476 3633 mortui
2508 3587 2560 3634 et
2599 3580 2878 3632 inanimali
2911 3586 3038 3631 sunt
3071 3597 3083 3632 :
3116 3593 3240 3631 nam
3271 3579 3562 3632 simulacra

2009 3671 2237 3738 gentium
2267 3677 2535 3737 argentum
2569 3676 2616 3720 et
2653 3683 2861 3727 aurum,
2895 3677 3050 3734 opera
3095 3681 3345 3741 manuum
3391 3668 3560 3718 homi-

2013 3777 2134 3812 num
2161 3761 2204 3789 "
2235 3778 2247 3812 :
2281 3760 2392 3812 haec
2420 3768 2594 3814 tamen
2621 3759 2695 3812 illi
2718 3758 2843 3811 olim
2873 3757 3117 3810 homines
3145 3755 3559 3812 venerabantur.

2011 3849 2122 3921 Ego
2160 3866 2306 3916 vero,
2332 3853 2524 3920 inquit,
2559 3868 2665 3904 non
2716 3851 2873 3905 deum
2909 3849 3240 3920 huiusmodi,
3273 3851 3363 3904 sed
3396 3849 3559 3905 Deum

2011 3945 2191 3996 vivum
2223 3945 2617 4011 contemplans,
2646 3933 2842 4012 gaudio
2875 3944 2927 3996 in
2957 3941 3119 3996 corde
3145 3941 3352 4010 repleor
3390 3959 3401 3993 :
3427 3941 3565 4010 ipsa-

2014 4045 2119 4099 que
2149 4046 2277 4084 caro
2309 4046 2426 4085 mea
2461 4031 2517 4085 in
2557 4032 2700 4086 hunc
2731 4031 2898 4084 Deum
2950 4029 3259 4090 exsultavit,
3297 4037 3480 4097 utpote
3508 4029 3563 4082 in

2013 4120 2181 4175 Deum
2216 4137 2340 4174 vere
2369 4122 2632 4176 viventem
2663 4129 2715 4174 et
2759 4127 3002 4174 mortuos
3055 4118 3429 4181 viviﬁcantem,
3472 4119 3575 4188 qui

2013 4213 2151 4266 hanc
2176 4213 2346 4281 ipsam
2369 4227 2586 4266 carnem
2611 4225 2780 4265 meam
2804 4225 2898 4280 per
2927 4211 3376 4290 resurrectionem
3410 4226 3566 4265 suam

2013 4304 2332 4359 reviviscere
2386 4304 2560 4358 faciet.
2624 4302 2802 4382 Quare
2850 4318 2972 4356 cum
3030 4302 3210 4356 anima
3265 4317 3394 4357 caro
3450 4303 3567 4372 ipsa

2011 4396 2325 4453 exsultavit.
2354 4426 2424 4437 —
2454 4395 2619 4451 Vsus.
2655 4396 2708 4449 4.
2745 4395 2950 4448 Etenim
2998 4412 3181 4464 passer
3239 4396 3428 4448 invenit
3467 4395 3567 4448 sibi

2012 4485 2245 4548 domum,
2289 4493 2338 4538 et
2389 4494 2564 4541 turtur
2635 4484 2816 4538 nidum
2869 4483 2988 4547 sibi,
3051 4485 3138 4536 ubi
3196 4493 3354 4551 ponat
3397 4483 3566 4550 pullos

2014 4590 2162 4638 suos;
2195 4573 2393 4626 altaria
2417 4582 2527 4638 tua,
2560 4573 2780 4627 Domine
2808 4573 3078 4627 virtutum.
3104 4572 3168 4624 Et
3197 4573 3308 4644 qui,
3342 4572 3436 4634 ait,
3459 4586 3565 4623 non

350 4655 572 4735 δίκαιον,
589 4668 740 4740 φησὶ,
770 4667 1036 4762 προσφιλῆ
1068 4668 1160 4720 καὶ
1196 4667 1450 4738 ἀγαπητά
1464 4652 1740 4736 ὁμολογεῖν
1771 4661 1907 4718 εἶναι
1942 4706 1986 4762 D
2017 4681 2090 4737 aq

1827 4681 1907 4718 ναι
1942 4706 1986 4762 D
2017 4681 2230 4737 aequum
2271 4665 2453 4730 fuerit,
2511 4670 2544 4719 ό
2589 4665 2834 4728 Domine,
2885 4665 3073 4717 altaria
3131 4673 3222 4715 tua
3273 4662 3470 4714 dilecta
3514 4673 3567 4713 et

350 4761 418 4814 τὰ
443 4757 772 4830 σκηνώματά
804 4774 915 4819 σου,
947 4749 993 4809 ὦ
1020 4756 1208 4827 Κύριε,
1236 4757 1393 4810 ὁπότε
1424 4757 1703 4832 καταφυγὴ
1728 4753 1910 4824 γέγονε

352 4852 512 4904 παντὶ
543 4849 619 4922 τῷ
644 4849 738 4918 οἴῳ
764 4864 822 4900 τε
859 4846 1034 4914 λέγειν
1052 4864 1064 4876 ·
1107 4831 1177 4902 έΗ
1204 4846 1372 4916 ψυχὴ
1401 4846 1567 4916 ἡμῶν
1593 4847 1672 4912 ὡς
1695 4863 1911 4914 στρου-

350 4943 480 4997 θίον
497 4942 757 5010 ἐρρύσθη
796 4940 862 4992 ἐκ
907 4937 1016 5005 τῆς
1063 4939 1308 5007 παγίδος
1353 4938 1470 4992 τῶν
1513 4939 1907 5007 θηρευόντωνο

354 5032 445 5084 καὶ
476 5031 634 5085 πάλιν
794 5030 1080 5099 φάσκοντι·
1119 5029 1240 5082 Ἐπί
1286 5027 1364 5093 τῷ
1407 5031 1599 5096 Κυρίῳ
1640 5028 1908 5092 πέποιθα,

351 5120 476 5188 πῶς
499 5121 678 5189 ἐρεῖτε
701 5120 774 5189 τῇ
793 5119 959 5190 ψυχῇ
971 5137 1106 5188 μου·
1124 5104 1577 5173 Μετανασὲεύου
1596 5119 1692 5170 ἐπὶ
1713 5119 1783 5170 τὰ
1804 5117 1908 5184 ὅρη

354 5217 430 5281 ὡς
453 5215 801 5282 στρουθίον;
833 5215 956 5265 Ὅτι
988 5210 1114 5264 ἰδοὺ
1156 5211 1209 5262 οι
1239 5209 1566 5278 ἁμαρτωλοὶ
1604 5208 1911 5285 ἐνέτειναν

353 5307 547 5371 τόξον,
574 5307 905 5374 ἡτοίμασαν
927 5302 1083 5370 βέλη
1117 5303 1201 5367 είς
1224 5300 1534 5386 φαρέτραν.
1568 5297 1780 5352 Πολλῶν
1803 5297 1911 5368 γὰρ

352 5398 448 5469 τὴν
477 5396 568 5450 τοῦ
593 5395 867 5464 θεοφιλοῦς
899 5395 1071 5466 ψυχὴν
1093 5391 1280 5461 πάγίσι
1315 5391 1664 5463 μεταϐάλλειν
1703 5390 1796 5441 καὶ
1833 5389 1911 5441 δι-

354 5492 538 5552 κτύοις
567 5487 752 5556 ὥσπερ
796 5487 1043 5558 θηρεύειν
1088 5485 1252 5556 αὐτὴν
1296 5483 1668 5555 πειρωμένων,
1704 5482 1916 5534 διιπτα-

357 5579 522 5647 μένην
550 5569 648 5627 ὧδε
671 5576 909 5635 κάκεῖσε,
944 5576 1034 5626 καὶ
1062 5576 1236 5644 πάντη
1267 5571 1702 5644 περινοστοῦσαν,
1733 5569 1808 5638 τῷ
1840 5570 1914 5641 μὴ

353 5670 495 5742 ἔχειν
519 5667 817 5720 ἀνάπαυσιν
853 5668 909 5718 ὲν
946 5667 1023 5735 τῷ
1055 5667 1232 5738 θνητῷ
1256 5667 1372 5737 βίῳ,
1404 5657 1538 5736 μόνα
1571 5663 1636 5716 τά
1660 5662 1750 5716 τοῦ
1781 5657 1914 5713 Θεοῦ

355 5761 688 5833 σκηνώματα
723 5759 1006 5827 καταφυγὴ
1033 5762 1099 5827 τῇ
1134 5744 1350 5830 τοιαύτῃ
1382 5758 1587 5826 γέγονε.
1641 5754 1730 5807 Διὸ
1769 5753 1916 5822 εἰρη-

351 5868 476 5907 ται-
502 5853 611 5907 Kal
644 5853 750 5921 γὰρ
777 5851 1092 5918 στρουθίον
1119 5847 1292 5922 agas,»
1322 5849 1507 5916 ἑαυτῷ
1539 5835 1748 5911 οἰκίαν,
1788 5837 1921 5896 ἀλλά

2018 4759 2266 4814 amabilia
2312 4773 2432 4813 esse
2489 4744 2685 4822 fateri,
2716 4755 2934 4824 quando
2973 4769 3034 4810 ea
3068 4750 3332 4822 refugium
3369 4749 3565 4818 cuique

2018 4852 2168 4908 luere
2190 4856 2281 4922 qui
2307 4851 2487 4905 dicere
2509 4849 2732 4910 valeret,
2765 4846 2957 4900 Anima
2991 4853 3170 4898 nostra
3209 4843 3341 4896 sicut
3387 4855 3567 4908 passer

2016 4953 2190 5012 erepta
2218 4950 2293 5018 est
2315 4941 2377 4994 de
2401 4939 2586 5008 laqueo
2611 4937 2906 4990 venantium
2932 4936 3014 4999 ²⁸;
3048 4947 3111 4986 ac
3142 4948 3356 4986 rursum
3389 4931 3436 4986 ei
3475 4930 3567 4998 qui

2015 5032 2176 5095 dicat,
2208 5029 2270 5082 In
2304 5028 2527 5080 Domino
2565 5023 2768 5093 conﬁdo
2796 5064 2810 5087 ,
2869 5020 3123 5093 quomodo
3172 5023 3352 5076 dicetis
3381 5021 3568 5074 anima:

2016 5137 2178 5175 meae:
2208 5104 2546 5187 T'ransmigta
2571 5118 2626 5169 in
2657 5125 2879 5168 montem
2900 5115 3035 5167 sicut
3063 5129 3242 5181 passer
3258 5115 3288 5166 I7
3308 5111 3566 5182 Quoniam

2015 5228 2128 5267 ecce
2163 5217 2455 5278 peceatores
2486 5207 2816 5261 intenderunt
2873 5219 3082 5266 arcum,
3107 5209 3422 5271 paraverunt
3479 5217 3568 5252 sa-

2016 5304 2173 5373 gittas
2203 5316 2326 5353 suas
2361 5301 2413 5352 in
2447 5298 2693 5368 pharetra
2715 5297 2782 5350 ’⁸.
2813 5290 2947 5348 Nam
2981 5309 3104 5348 cum
3147 5292 3297 5346 multi
3330 5291 3438 5344 sint
3474 5292 3567 5360 qui

2019 5391 2254 5461 religiosi
2289 5391 2389 5444 viri
2411 5391 2643 5444 animam
2670 5405 2772 5443 ceu
2794 5387 3000 5457 laqueis
3029 5385 3370 5452 intercipere,
3404 5389 3458 5436 et
3484 5396 3569 5435 re-

2021 5484 2166 5538 tibus
2194 5495 2292 5534 ceu
2335 5480 2520 5534 venari
2551 5488 2842 5539 conantur,
2875 5491 2999 5530 cum
3049 5490 3108 5528 ea
3140 5474 3281 5526 ultro
3326 5472 3571 5540 citroque

2019 5573 2191 5628 evolet
2215 5585 2276 5624 ac
2306 5571 2729 5639 circumquaque
2758 5583 2816 5623 se
2835 5575 3024 5628 vertat,
3049 5563 3190 5633 quod
3220 5563 3271 5616 in
3295 5563 3396 5616 hac
3423 5577 3567 5615 mor-

2020 5666 2112 5718 tali
2145 5663 2274 5729 vit’a,
2306 5662 2490 5733 requie
2521 5661 2667 5714 nulla
2717 5659 2958 5721 fruatur,
2988 5657 3040 5709 in
3088 5655 3220 5710 solis
3253 5655 3342 5709 Dei
3388 5653 3568 5706 laber-

2022 5753 2229 5808 uaculis
2288 5760 2562 5820 receptum
2614 5749 2814 5802 habere
2870 5747 3060 5815 potuit.
3103 5743 3435 5814 Quapropter
3487 5740 3570 5794 di-

2026 5856 2169 5900 ctum
2225 5852 2346 5902 est--
2423 5843 2625 5895 Etenim
2690 5844 2869 5907 passer
2918 5840 3112 5900 incesti:
3159 5838 3257 5897 sibi
3319 5835 3572 5900 domum,

428 6009 465 6040 ²¹
512 6003 700 6060 Matth.
736 6019 904 6069 wn,
934 6002 1021 6060 ΞΟ.
1099 6006 1143 6037 ’³
1185 6003 1372 6060 Matth.
1412 6020 1532 6068 xm,
1569 6004 1653 6060 l7.
1728 6003 1772 6036 ”
1804 6001 1949 6059 Psal.
1988 6017 2154 6070 cxin,
2191 5999 2241 6055 Δ.
2321 6001 2365 6033 ’δ
2404 5997 2550 6056 Psal.
2584 6011 2793 6066 cum,
2831 5996 2878 6049 7.
2954 5995 2998 6027 "
3035 5993 3180 6052 Psal.
3218 6007 3291 6056 ι,
3318 5988 3458 6058 2,3.
