4406 6424
421 541 558 598 ιονυ

1537 539 2032 596 COMMENTARIA
2066 540 2132 595 IN
2168 538 2500 595 PSALMOS.

3475 542 3608 598 1310

417 653 537 707 οὐδὲ
585 653 646 705 τὸ
689 654 950 708 Ἰουδαίων
983 655 1150 721 ἔθνος,
1201 653 1312 707 ἀλλ’
1353 652 1679 716 ἁπαξαπλῶς
1733 652 1973 714 ἅπαντας
1999 659 2047 716 Α
2072 651 2157 706 eni

1872 669 1973 714 πτας
1999 659 2047 716 Α
2072 651 2216 706 enim
2247 650 2430 715 fuerit,
2466 665 2626 720 quam
2662 650 2825 706 Deum
2855 666 3010 706 suum
3043 661 3097 707 et
3142 649 3426 706 Dominum
3451 654 3612 707 viatu-

416 745 541 806 τοὺς
569 745 947 809 κατοικοῦντας
978 748 1035 798 ὲν
1060 743 1137 813 τῷ
1163 743 1294 814 οῐκῳ
1334 743 1424 796 τοῦ
1466 743 1617 795 Θεοῦ.
1653 743 1716 794 Τί
1752 742 1859 813 γὰρ
1900 742 1965 795 ἂν

417 834 623 902 γένοιτο
670 835 881 905 ἀληθῶς
928 834 1331 905 μακαριώτερον
1358 833 1450 886 τοῦ
1495 832 1715 902 βασιλέα
1752 834 1846 903 μὲν
1875 831 1964 883 τὸν

417 922 546 974 Θεὸν
579 925 761 988 αὑτοῦ,
792 925 882 976 καὶ
927 923 1014 976 τὸν
1058 921 1257 992 Κύριον
1301 921 1405 974 τῶν
1437 922 1711 990 δυνάμεων
1741 922 1965 991 ὲπιγρά-

420 1012 628 1077 φεσθαι,
660 999 836 1065 ὀίκεῖνν
872 1013 926 1064 δὲ
965 1013 1053 1064 τὸν
1101 1008 1244 1065 οἶκον
1281 1011 1445 1065 αὐτοῦ
1486 1010 1762 1079 διηνεκῶς,
1800 996 1866 1072 ’ἐξ
1903 1006 1966 1064 οὗ

425 1101 692 1172 πορίζεται
722 1105 754 1172 ἡ
782 1102 870 1154 τοῦ
908 1101 1038 1154 Θεοῦ
1072 1101 1332 1154 ἀθανασία
1364 1096 1454 1153 καὶ
1503 1103 1535 1170 ἡ
1579 1099 1792 1178 αίώνιος
1818 1100 1962 1174 Coiﬁ;

420 1193 584 1245 Τοῦτο
611 1192 739 1260 γοῦν
768 1192 1084 1261 παρίστησιν
1131 1195 1159 1244 ό
1196 1192 1349 1259 λόγος
1392 1191 1639 1259 φάσκωνο
1690 1192 1793 1254 Εἰς
1824 1188 1965 1254 τοὺς

416 1281 631 1346 alteraq-
665 1279 780 1332 τῶν
813 1278 1038 1332 αἰῶνι-ηρ
1073 1277 1382 1332 αίνέσουσί
1418 1292 1492 1331 σε
1531 1279 1583 1329 οί
1627 1273 1963 1328 κατοικοῦνε

416 1388 516 1436 τες
549 1373 618 1424 ἐν
641 1369 720 1434 τῷ
761 1371 900 1436 οἴκῳ
935 1384 1068 1423 σου.
1100 1369 1221 1432 Πῶς
1257 1369 1300 1421 δ’
1338 1369 1403 1421 ἂν
1438 1367 1609 1428 ἄλλως
1638 1365 1848 1418 δύναιτό
1883 1382 1964 1426 τις

417 1464 496 1523 είς
519 1462 641 1522 τοὺς
673 1459 870 1522 αἰῶνας
889 1458 1229 1535 τῶνιαίώνων
1254 1459 1343 1512 τὸν
1371 1458 1500 1510 Θεὸν
1527 1459 1693 1510 αἰνεῖν
1724 1457 1756 1526 ἢ
1789 1457 1964 1509 διαιω-

419 1552 578 1615 νίξων
606 1551 697 1603 καὶ
725 1550 902 1615 αὐτὸς,
931 1549 1094 1604 ἀΐδιόν
1118 1566 1179 1602 τε
1211 1549 1301 1602 καὶ
1339 1547 1599 1627 ἀθάνατον
1635 1546 1964 1616 κεκτημένος

417 1642 591 1709 ζωήν,
620 1639 915 1708 Μακάριος
950 1639 1102 1708 ἀνὴρ
1138 1635 1208 1695 οὖ
1230 1640 1397 1692 ἐστιν
1423 1638 1738 1706 ἀντίληψις
1781 1637 1964 1694 αὑτοῦ

417 1736 572 1802 παρὰ
603 1734 737 1798 σοῦ,
760 1733 1077 1798 ἀναϐάσεις
1098 1733 1163 1785 ἐν
1186 1731 1260 1799 τῇ
1285 1731 1492 1799 καρδίᾳ
1516 1719 1699 1784 αὐτοῦ
1722 1720 1974 1795 διέθετο,

414 1826 500 1888 είς
534 1824 646 1891 τὴν
670 1823 918 1877 κοιλάδα
948 1823 1054 1883 τοῦ
1098 1820 1498 1899 κλαυθμῶνος,
1533 1823 1617 1885 είς
1653 1820 1758 1873 τὸν
1781 1821 1965 1874 τόπον

413 1913 484 1965 ὃν
511 1912 694 1968 ἔθετο.
723 1911 1017 1982 [Πηρώσας
1049 1913 1138 1964 τὸν
1181 1912 1368 1980 εἱρμὸν
1401 1912 1492 1963 καὶ
1523 1910 1622 1981 τὴν
1650 1909 1963 1965 ἀκολουθίαν

2070 749 2184 795 tum
2209 741 2263 795 in
2293 756 2471 811 regem
2519 742 2621 797 sibi
2667 742 2955 806 ascribere,
2986 750 3039 796 et
3078 743 3131 795 in
3159 741 3318 795 domo
3344 742 3460 810 ejus
3490 759 3612 812 per-

2069 839 2234 900 petuo
2265 833 2530 903 habitare,
2562 849 2623 888 ex
2652 847 2758 901 quo
2790 831 2882 887 Dei
2917 832 3294 885 immortalitas
3318 838 3371 885 et
3407 839 3610 885 aeterm

2071 923 2178 975 vita
2203 924 2584 991 comparatur?
2619 923 2674 977 ld
2707 937 2836 977 sane
2864 922 3102 976 declarat
3129 920 3260 974 illud
3293 937 3304 971 :
3331 921 3434 985 Qui
3456 921 3608 974 habi-

2071 1021 2182 1066 tant
2220 1013 2272 1065 in
2301 1010 2454 1083 domo
2500 1021 2611 1076 tua,
2641 1013 2695 1063 in
2725 1011 2916 1065 swcula
2962 1010 3271 1064 saeculorum
3323 1011 3610 1084 lapdabuct

2069 1112 2136 1156 te.
2172 1101 2288 1167 Qua
2321 1096 2529 1155 ratione
2566 1103 2742 1155 autem
2771 1103 2892 1170 quis
2920 1101 3091 1153 valeat
3125 1101 3180 1153 in
3209 1100 3402 1154 saecula
3435 1114 3606 1165 siccu-

2070 1192 2244 1244 lorum
2293 1190 2458 1244 Deum
2506 1191 2743 1253 laudare,
2778 1191 2885 1246 nisi
2930 1198 2983 1245 et
3029 1192 3143 1260 ipse
3189 1199 3446 1260 perpetuo
3500 1208 3610 1246 Ina-

2069 1288 2215 1345 neat,
2240 1295 2303 1334 ac
2326 1290 2579 1334 aeternam
2615 1279 3077 1347 immortalemque
3106 1279 3375 1347 possideat
3404 1281 3566 1332 vitam
3584 1280 3610 1333 ἲ

2070 1368 2305 1424 -—Vsns.
2332 1371 2386 1434 6,
2419 1371 2466 1422 7.
2496 1369 2688 1422 Beatus
2721 1370 2797 1422 vir
2832 1370 2980 1437 cujus
3018 1379 3094 1422 est
3132 1369 3387 1421 auxilium
3415 1371 3505 1423 abs
3524 1378 3597 1432 te,

2070 1461 2390 1527 ascensiones
2419 1459 2473 1518 in
2507 1459 2659 1512 corde
2685 1474 2780 1510 suo
2811 1457 3067 1527 disposuit
3102 1461 3153 1512 in
3183 1459 3605 1527 vallevlacrymaé

2069 1564 2205 1611 rum,
2242 1549 2293 1599 in
2326 1546 2436 1600 loco
2465 1555 2611 1614 quem
2636 1546 2829 1612 posuit.
2866 1543 3157 1614 Postquam
3188 1549 3380 1603 seriem
3413 1546 3606 1601 verbo-

2068 1650 2294 1704 runque
2324 1636 2643 1690 sententiam
2677 1633 3002 1696 absolverat,
3034 1650 3064 1685 a
3103 1634 3455 1702 diapsalmate
3493 1650 3606 1689 Str-

2068 1727 2244 1780 monis
2280 1726 2628 1780 mutationem
2656 1724 2881 1779 orditur.
2907 1723 3266 1790 Quamobrem
3289 1739 3411 1777 cum
3453 1740 3606 1794 supe-

2068 1814 2184 1874 rius
2213 1829 2307 1868 eos
2337 1817 2428 1883 qui
2466 1814 2708 1868 habitant
2736 1814 2791 1867 in
2831 1814 2991 1868 domo
3024 1812 3116 1866 Dei
3168 1814 3353 1868 beatos
3384 1815 3605 1884 plurali-

2069 1913 2151 1960 ter
2179 1904 2425 1969 dixisset,
2452 1905 2540 1960 hic
2566 1920 2730 1960 unum
2759 1907 3063 1975 quempiam
3099 1905 3151 1957 in
3175 1905 3362 1974 primis
3386 1905 3601 1958 beatum

410 2004 510 2072 τῆς
534 2004 788 2066 διανοίας,
819 2002 1080 2072 μταὸολῇ
1124 2002 1382 2073 κέχρηται
1409 2001 1501 2054 τοῦ
1534 2001 1689 2068 λόγου
1717 2003 1824 2054 ἀπὸ
1852 2001 1964 2053 δια-
1992 1998 2034 2055 Β
2063 2013 2150 2066 pra

1861 2001 1964 2053 δια-
1992 1998 2034 2055 Β
2063 1997 2335 2066 praedicat.
2369 1999 2538 2063 Quem
2571 2014 2718 2064 vero,
2754 2000 2860 2053 nisi
2895 2015 3016 2054 eum
3050 2000 3140 2069 qui
3172 2001 3224 2053 in
3254 1998 3390 2054 valle
3426 1999 3601 2068 lacry-

411 2092 707 2164 ψάλματος.
746 2093 940 2162 Διόπερ
979 2094 1230 2162 ἀνωτέρω
1269 2092 1639 2163 πληθυντικῶς
1668 2093 1966 2162 μακαρίους

408 2188 532 2248 τοὺς
565 2183 944 2247 κατοικοῦντας
977 2185 1049 2236 ὲν.
1074 2183 1150 2252 τῷ
1189 2182 1321 2252 οἴκῳ
1375 2175 1466 2237 τοῦ
1497 2183 1631 2236 Θεοῦ
1664 2183 1848 2247 clm‘ov,
1888 2185 1965 2234 ὲν-

415 2275 579 2329 ταῦθα
620 2275 715 2330 ἕνα
761 2276 879 2329 τινὰ
922 2274 1206 2345 μακαρίζει
1258 2274 1401 2330 κατὰ,
1433 2273 1720 2343 ἐξαίρετον.
1753 2274 1884 2328 Τίνα
1908 2273 1964 2334 δὲ

416 2357 596 2417 τοῦτον
635 2363 802 2434 ἢντὸν
838 2365 894 2425 ὲν
930 2365 998 2433 τῇ
1029 2363 1229 2416 κοιλάδι
1261 2362 1353 2415 τοῦ
1379 2354 1724 2431 άλαυθμῶνος
1754 2360 1964 2427 ἀντιλή-

420 2457 555 2523 ζιεως
588 2458 684 2525 τῆς
716 2455 864 2526 παρὰ
890 2454 980 2506 τοῦ
1013 2453 1144 2506 Θεοῦ
1185 2453 1500 2522 ἠξιωμένον,
1527 2452 1618 2505 τὸν
1648 2451 1740 2503 καὶ
1773 2449 1967 2503 ἀναϐά-

416 2562 522 2608 σεις
550 2545 813 2614 ἐσχηκότα
838 2543 968 2596 Θεοῦ
994 2546 1051 2596 ἐν
1075 2546 1140 2615 τῇ
1175 2543 1368 2613 καρδίᾳ
1399 2540 1562 2595 αὐτοῦ
1585 2557 1599 2603 ;
1632 2532 1827 2593 Τοῦτον
1856 2540 1962 2609 γὰρ

417 2632 503 2684 τὸν
544 2633 708 2702 ἄνδρα
753 2630 909 2684 πάλιν
952 2627 1267 2700 μακαρίζει⁸
1313 2629 1425 2684 ἀλλ’
1457 2630 1516 2682 οὐ
1557 2628 1647 2684 τὸν
1682 2627 1788 2680 τῶν
1818 2628 1961 2698 παρά

412 2722 633 2774 Μωῦσεῖ
648 2718 965 2790 σωματικῶν
988 2719 1208 2772 ἐντολῶν
1242 2719 1468 2787 φύλακα.
1493 2717 1739 2780 Τοιοῦτος
1768 2719 1824 2770 δέ
1849 2719 1959 2778 ἐστι

409 2814 514 2873 πᾶς
537 2812 569 2863 ό
589 2809 989 2880 ἀποκλᾳόμενος
1016 2810 1200 2862 ἑαυτὸν
1223 2811 1277 2861 ὲν
1304 2808 1380 2878 τῷ
1412 2807 1588 2878 θνητῷ
1626 2810 1716 2860 καὶ
1755 2809 1960 2878 ἀνθρω-

409 2899 544 2969 πίνῳ
582 2899 700 2970 βίῳ,
733 2901 825 2953 καὶ
865 2901 962 2970 τὴν
998 2901 1232 2967 ἐπίγειον
1277 2902 1475 2972 ταύτην
1520 2901 1662 2972 ζωὴν
1705 2903 1939 2973 βαρούμε

2067 2104 2273 2142 marum
2321 2088 2412 2143 Dei
2446 2089 2747 2158 patrocinio
2773 2091 3047 2161 dignatur,
3091 2091 3184 2160 qui
3217 2091 3375 2145 etiam
3415 2104 3602 2144 ascen-

2065 2179 2244 2233 siones
2266 2178 2357 2231 Dei
2387 2180 2548 2233 habet
2579 2182 2636 2234 in
2667 2181 2828 2234 corde
2866 2181 2998 2235 suo?
3027 2180 3181 2234 Hunc
3207 2182 3403 2252 quippe
3429 2181 3599 2234 virum

2063 2285 2253 2323 rursus
2282 2269 2644 2340 beatumldicit
2663 2289 2676 2337 ;
2698 2287 2804 2324 non
2827 2278 3002 2324 autem
3025 2273 3383 2338 corporalium
3402 2272 3599 2342 Moysis

2062 2367 2451 2429 praeceptorum
2482 2363 2762 2421 cultorem.
2791 2359 2937 2415 Talis
2966 2375 3126 2430 porro
3155 2369 3237 2414 est
3262 2362 3508 2430 quisquis
3544 2363 3597 2416 in

2064 2447 2165 2501 hac
2203 2451 2415 2504 mortali
2443 2459 2496 2505 ct
2537 2452 2768 2505 humana
2812 2452 2922 2505 vita
2966 2451 3200 2520 seipsum
3230 2451 3509 2521 deplorat;
3543 2461 3600 2505 et

2063 2541 2510 2602 terrenamlbanc
2557 2542 2741 2602 vitam,
2795 2555 2956 2609 quam
3003 2541 3194 2595 vallem
3240 2541 3597 2611 lacrymarum

2060 2643 2234 2683 sermo
2279 2638 2574 2697 nuncupat,
2625 2639 2841 2698 gravate
2893 2639 2948 2687 et
2985 2646 3124 2700 aegre
3161 2631 3395 2686 sustinet
3427 2649 3440 2684 :
3471 2632 3598 2700 quia

2059 2719 2220 2789 hujus
2245 2720 2365 2773 vita:
2399 2735 2486 2774 res
2519 2719 2642 2774 ﬂetu
2671 2720 2843 2788 digna:
2888 2727 3032 2783 sunt,
3060 2728 3230 2790 atque
3267 2720 3599 2774 homines-in

2058 2819 2202 2864 terra
2233 2811 2485 2881 degentes
2521 2812 2770 2881 Iacrymis
2801 2809 3128 2880 deploranda
3168 2817 3477 2880 perpetrant
3508 2816 3598 2864 :et

2059 2903 2182 2972 quia
2219 2904 2390 2957 sancti
2425 2903 2518 2957 Dei
2563 2905 2615 2956 in
2659 2904 2760 2956 hac
2804 2904 2909 2955 vita
2943 2900 3178 2964 ﬂetibus,
3227 2900 3517 2970 gemitibus
3543 2908 3598 2953 et

409 3005 514 3052 νος,
545 2988 610 3059 ἢν
640 2988 856 3042 κοιλάδα
886 2988 1228 3059 κλαυθμῶνος
1252 2992 1281 3042 ό
1315 2989 1469 3058 λόγος
1491 2990 1759 3058 ὀνομάζει,
1790 2990 1874 3042 διὰ
1901 2989 1959 3040 τὸ
2055 3006 2149 3043 am

1856 2989 1959 3042 ιτδ
2055 2990 2312 3045 arumnis
2348 2991 2529 3050 traditi
2565 2999 2691 3045 sunt
2725 2992 3020 3046 secundum
3061 2990 3395 3059 Apostolum.
3438 2986 3596 3053 Quis-

411 3077 683 3148 κλαυθμοῦ
712 3077 833 3142 ἀξια
870 3073 1005 3130 εἶναι
1035 3080 1103 3131 τὰ
1136 3077 1384 3142 ἐνταῦθα,
1431 3078 1702 3147 κλαυθμοῦ
1746 3095 1805 3130 τε
1835 3078 1956 3143 ἀξια
2053 3079 2151 3148 qui:

1853 3078 1956 3143 ἱξια
2053 3079 2176 3148 quis
2216 3094 2344 3148 ergo
2391 3081 2444 3132 in
2480 3081 2618 3143 valle
2647 3081 3026 3150 lacrymarum,
3071 3081 3123 3142 id
3162 3089 3245 3136 est
3295 3079 3348 3132 in
3381 3079 3593 3133 mortali

407 3168 663 3238 πράττειν
691 3170 811 3231 τοὺς
843 3153 934 3220 ἐπὶ
973 3171 1076 3238 γῆς
1115 3167 1446 3237 ἀνθρώπους,
1477 3169 1567 3221 καὶ
1602 3167 1688 3220 διὰ
1728 3168 1787 3219 τὸ
1833 3169 1957 3230 τοὺς
2053 3169 2147 3223 vit:

1851 3169 1957 3230 τοὺς
2053 3169 2162 3223 vita
2207 3170 2509 3238 patrocinio
2563 3169 2656 3224 Dei
2699 3170 2927 3234 fruitur,
2996 3186 3120 3226 vere
3171 3172 3361 3225 beatus
3400 3169 3591 3231 fuerit,

407 3259 591 3328 ἁγίους
617 3259 863 3312 τοῦΘεοῦ
887 3259 1025 3313 κατά
1050 3258 1139 3311 τὸν
1165 3259 1403 3328 παρόντα
1431 3259 1543 3327 βίον
1572 3257 1953 3326 ἀποκλᾲεσθαι,
2052 3273 2147 3328 qua

1851 3257 1953 3320 θαι,
2052 3257 2268 3328 quando
2304 3260 2534 3314 maxime
2563 3262 2910 3316 ascensiones
2935 3259 3027 3315 Dei
3059 3262 3114 3315 in
3151 3260 3315 3315 corde
3338 3260 3456 3330 ejus
3499 3274 3591 3329 po-

409 3347 755 3410 στενάζοντας
794 3349 889 3409 καὶ
927 3347 1288 3418 βαρουμένους
1323 3347 1462 3401 κατά
1497 3349 1586 3401 τὸν
1624 3349 1953 3401 Ἀπόστολον.
1983 3335 2025 3392 C
2058 3347 2149 3401 sita

1853 3350 1953 3401 λον.
1983 3335 2025 3392 C
2058 3347 2177 3403 sita:
2205 3358 2349 3403 sunt.
2377 3348 2512 3403 Cum
2533 3350 2674 3404 enim
2703 3349 2794 3402 alii
2821 3349 3066 3404 homines
3097 3349 3417 3412 mortalibus
3445 3349 3593 3419 cogi-

406 3436 518 3498 na;
545 3431 636 3488 οῦν
666 3438 693 3487 ὁ
725 3438 782 3488 ὲν
811 3439 876 3506 τῇ
925 3436 1121 3489 κοιλάδι
1151 3435 1244 3488 τοῦ
1275 3435 1645 3506 κλαυθμῶνος,
1688 3437 1956 3489 τουτέστιν
2058 3440 2146 3493 tati

1850 3454 1956 3489 στιν
2058 3426 2352 3494 ιοιὶίιηὶιιυέ
2399 3441 2453 3495 in
2489 3449 2709 3513 peccata
2755 3442 2930 3496 omnis
2967 3442 3179 3511 generis
3219 3441 3590 3507 detrahantur,

406 3529 462 3579 ὲν
506 3523 581 3594 τῷ
630 3524 804 3595 θνητῷ
836 3525 952 3594 ,βίῳ
1003 3524 1101 3592 τῆς
1145 3525 1293 3593 παρὰ
1332 3523 1420 3577 τοῦ
1461 3525 1594 3577 Θεοῦ
1629 3526 1956 3594 ἀντιλήψεως
2060 3531 2146 3584 dm

1849 3544 1956 3589 ἐως
2060 3531 2466 3600 darmonumque
2497 3532 2776 3586 conatibus
2821 3546 2884 3586 ac
2916 3532 3270 3600 malignorum
3305 3529 3589 3599 spirituum

403 3616 708 3698 τυγχάνων,
765 3615 1027 3687 μακάριος
1072 3615 1284 3685 άληθῶς
1331 3615 1396 3668 ἂν
1430 3615 1546 3686 εἴη,
1593 3617 1681 3669 ὅτε
1729 3616 1954 3684 μάλιστα
2055 3637 2143 3689 ευε

1849 3633 1954 3670 ,στα
2055 3622 2491 3690 suggestionibus
2513 3623 2960 3690 supplantentur;
2988 3623 3079 3691 qui
3117 3636 3303 3686 eorum
3327 3620 3589 3674 machinis

404 3706 688 3767 ἀναδάσεις
725 3706 817 3758 τοῦ
855 3707 984 3760 Θεοῦ
1029 3707 1088 3759 ὲν
1139 3709 1205 3778 τῇ
1492 3708 1651 3761 αὑτοῦ
1692 3709 1951 3774 γίνονται.

404 3795 520 3848 Τῶν
545 3796 653 3868 γὰρ
679 3797 976 3850 ἀλλων.ἀνθ
987 3797 1180 3867 ρώπων
1216 3798 1423 3868 θνητοῖς
1459 3798 1731 3867 λογισμοῖς
1767 3797 1955 3850 καθελι

407 3884 644 3954 κομένων
668 3886 747 3948 εἰς
775 3888 882 3938 πᾶν
915 3881 1052 3948 εἶδος
1084 3886 1371 3958 ἁμαρτίας,
1409 3885 1660 3941 ἀλλὰκαὶ
1692 3885 1953 3954 δαιμόνων

404 3972 694 4036 ἐπιϐολαῖς,
723 3974 815 4027 καὶ
848 3975 1088 4044 πονηρῶν
1120 3975 1440 4044 πνευμάτων
1471 3975 1792 4045 ὲνθυμήσεσι
1825 3976 1954 4028 ὑπο-

403 4061 809 4130 σκελιζομένων,
863 4064 892 4120 ὁ
947 4065 1021 4133 μὴ
1061 4064 1266 4126 τούτοις
1309 4064 1673 4133 ἁλισκόμενος,
1716 4064 1854 4120 κατὰ
1896 4066 1950 4119 δὲ

399 4149 530 4203 Θεοῦ
554 4150 710 4221 χάριν
733 4151 1020 4212 ἀναϐάσεις
1051 4151 1259 4220 ἀγαθάς
1289 4154 1378 4206 καὶ
1409 4153 1694 4222 λογισμοὺς
1723 4156 1784 4206 ὲκ
1814 4155 1948 4207 Θεοῦ

403 4239 772 4308 πεμπομένους
819 4239 878 4293 ἐν
919 4241 984 4309 τῇ
1037 4241 1229 4311 καρδίᾳ
1266 4241 1427 4298 αὐτοῦ
1478 4243 1768 4312 κτώμενος,
1797 4238 1948 4306 οὗτος

402 4327 605 4396 άληθῶς
653 4330 933 4398 μακάριος,
961 4331 990 4381 ό
1035 4330 1127 4393 καὶ
1149 4331 1236 4385 διὰ
1271 4332 1467 4396 παντὸς
1496 4334 1759 4386 κατοικῶν
1786 4338 1842 4387 ὲν
1870 4334 1946 4403 τῷ

405 4419 529 4488 οἴκῳ
555 4417 646 4470 τοῦ
681 4405 833 4480 Θεοῦ,
860 4421 953 4472 καὶ
989 4419 1174 4492 ὥσπερ
1225 4423 1397 4493 ἱερεύς
1441 4441 1523 4487 τις
1571 4425 1705 4496 μόνῃ
1751 4429 1816 4496 τῇ
1857 4425 1945 4478 λαο

408 4507 549 4577 ερείᾳ
577 4506 668 4559 τοῦ
694 4504 826 4589 Θεοῦ
861 4503 1159 4576 σχολάζων,
1185 4512 1277 4564 καὶ
1321 4513 1582 4584 μακάριος
1619 4509 1770 4576 οὗτος
1788 4533 1800 4544 ·
1851 4517 1943 4568 ἆτε

404 4595 610 4664 πρῶτον
639 4598 732 4664 μὲν
775 4597 1133 4670 ἀντιλήπτορα
1180 4601 1314 4671 ἔχων
1362 4603 1451 4656 τὸν
1491 4603 1619 4656 Θεὸν
1655 4605 1944 4673 βοηθοῦντα

394 4682 558 4751 αὐτῷ,
597 4684 689 4736 καὶ
719 4683 1234 4756 ἀντιλαμϐανόμενον
1276 4690 1332 4741 ἐν
1382 4692 1579 4754 πάσαις
1622 4693 1779 4744 αὑτοῦ
1826 4695 1942 4754 ταῖς
1974 4683 2015 4735 Ι)

394 4770 684 4838 πράξεσινσ
709 4773 894 4828 [πειτα
927 4774 1253 4845 κεκτημένος
1277 4779 1563 4844 ἀναϐάσεις
1603 4781 1732 4833 Θεοῦ
1777 4783 1833 4833 ὲν
1871 4785 1935 4852 τῇ

394 4858 586 4930 καρδίᾳ
613 4862 776 4916 αὑτοῦ
797 4880 810 4893 ·
838 4865 1069 4933 ἀγαθοὺς
1102 4864 1160 4917 δὲ
1199 4865 1482 4939 λογισμοὺς
1516 4872 1860 4940 σημαίνουσιν
1885 4875 1938 4928 αἱ

393 4949 680 5014 ἀναϐάσεις
708 4955 802 5008 καὶ
826 4955 1031 5025 ἀγαθὰς
1054 4955 1372 5026 ἐνθυμήσεις
1390 4962 1487 5023 τὰς
1514 4962 1650 5015 κατά
1673 4961 1804 5015 Θεοῦ
1829 4962 1944 5035 βου-

393 5038 486 5109 λὴν
515 5039 764 5104 ἀνιούσας
797 5045 890 5100 καὶ
926 5046 1318 5117 ἀνατρεχούσας
1349 5049 1438 5100 ἐπὶ
1469 5049 1564 5120 τὴν
1589 5051 1805 5120 μνήμην
1849 5054 1940 5105 τοῦ

394 5127 843 5199 μακαριζομένου.
867 5133 1094 5204 Νοήσεις
1114 5137 1169 5190 δὲ
1191 5135 1344 5189 τοῦτο
1364 5139 1622 5206 παραθεὶς
1645 5139 1704 5190 τό
1723 5156 1732 5167 ·
1764 5140 1935 5193 Ὅταν

389 5214 677 5298 διώκωσιν
701 5215 852 5292 ὑμᾶς
879 5222 977 5274 καί
1008 5222 1229 5291 ἄγωσιν
1253 5225 1346 5288 ἐίς
1369 5225 1670 5294 συνέδρια,
1707 5228 1793 5297 μὴ
1828 5248 1932 5298 με-

2054 3726 2160 3764 non
2181 3712 2411 3779 capitur,
2442 3712 2535 3767 sed
2560 3711 2656 3767 Dei
2686 3714 2856 3783 gratia
2898 3714 3244 3773 ascensiones
3285 3713 3454 3767 bonas
3477 3719 3531 3767 et
3557 3727 3588 3763 a

2053 3800 2160 3855 Deo
2183 3802 2377 3855 missas
2408 3802 2766 3877 cogitationes
2797 3804 2853 3857 in
2884 3804 3047 3857 corde
3079 3817 3178 3857 suo
3205 3800 3463 3871 possidet,
3498 3801 3588 3854 hic

2050 3905 2173 3944 vere
2208 3891 2431 3957 beatus;
2465 3891 2557 3960 qui
2590 3893 2750 3946 etiam
2793 3893 2852 3954 in,
2875 3893 3036 3946 domo
3071 3891 3161 3945 Dei
3194 3907 3407 3962 semper
3444 3890 3589 3946 habi-

2050 3989 2146 4043 tat,
2180 3991 2234 4036 et
2263 3982 2419 4050 quasi
2452 3981 2704 4038 sacerdos
2746 3983 3012 4054 quispiam
3043 3983 3145 4038 soli
3178 3981 3270 4038 Dei
3293 3983 3476 4047 cultui
3503 3999 3587 4038 va-

2049 4078 2155 4136 cat,
2193 4086 2325 4126 sane
2370 4081 2422 4126 et
2464 4072 2656 4127 beatus
2698 4073 2787 4127 ille
2821 4075 3034 4147 :primo
3074 4073 3200 4142 quia
3243 4073 3299 4126 in
3337 4073 3586 4127 omnibus

2048 4161 2255 4224 actibus
2279 4162 2393 4216 suis
2419 4161 2584 4216 Deum
2610 4163 2770 4217 habet
2800 4173 3167 4233 susceptorem
3190 4170 3243 4217 et
3266 4170 3586 4232 patronum;

2045 4246 2238 4302 deinde
2274 4247 2401 4316 quia
2457 4252 2804 4309 ascensiones
2854 4249 2949 4306 Dei
3004 4251 3060 4305 in
3106 4251 3267 4308 corde
3309 4248 3584 4317 possidet;

2043 4338 2239 4406 quibus
2268 4340 2674 4396 ascensionibus
2704 4341 3079 4410 signiﬁcantur
3107 4343 3459 4411 cogitationes
3486 4340 3583 4394 bo-

2043 4443 2144 4490 nae,
2169 4443 2288 4497 qua:
2315 4445 2377 4484 ex
2405 4429 2499 4484 Dei
2525 4439 2660 4484 nutu
2691 4432 2744 4483 in
2774 4432 3087 4486 memoriam
3124 4432 3248 4498 ejus.
3271 4430 3362 4497 qui
3394 4430 3583 4485 beatus

2041 4520 2364 4586 praedicatur
2393 4517 2692 4575 ascendunt
2719 4529 2772 4576 et
2801 4527 3114 4577 accurrunt.
3144 4519 3196 4571 ld
3230 4534 3392 4587 porro
3427 4519 3582 4572 intel-

2041 4609 2196 4678 ligas,
2241 4610 2288 4665 si
2332 4610 2459 4665 huic
2499 4612 2644 4665 dicto
2693 4611 2944 4666 conferas
2972 4610 3103 4664 illud
3126 4611 3169 4642 "
3188 4629 3211 4665 .:
3238 4609 3370 4664 Cum
3410 4625 3582 4672 perse-

2043 4708 2260 4767 quentur
2295 4717 2382 4754 vos
2426 4710 2477 4756 et
2510 4687 2766 4762 adducent
2795 4702 2850 4754 in
2886 4702 3129 4765 concilia,
3159 4702 3316 4757 nolite
3355 4703 3581 4770 cogitare

2043 4789 2298 4860 quomoda
2341 4803 2433 4846 aut
2474 4794 2599 4860 quid
2645 4793 2928 4863 loquamini
2958 4809 2974 4845 :
3004 4793 3224 4847 dabitur
3262 4795 3397 4850 enim
3441 4791 3579 4846 vobis

2043 4897 2209 4934 sermo
2234 4883 2303 4960 in_
2322 4884 2584 4948 apertione
2613 4887 2719 4938 oris
2763 4887 2916 4939 vestri
2938 4886 3003 4939 ’³.
3033 4884 3152 4937 Non
3181 4886 3318 4944 enim
3343 4899 3428 4936 eos
3455 4883 3578 4935 estis

2043 4974 2129 5042 qui
2168 4973 2472 5042 loquimini,
2523 4975 2612 5036 sed
2650 4976 2876 5044 Spiritus
2927 4976 3106 5034 Patris
3157 4978 3341 5036 vestri,
3393 4976 3482 5042 qui
3524 4976 3578 5028 in

2044 5060 2184 5115 caelis
2207 5070 2304 5121 est,
2343 5063 2432 5130 qui
2463 5063 2692 5133 loquitur
2721 5066 2772 5117 in
2812 5065 2971 5119 vobis.
3003 5064 3134 5118 Nam
3171 5065 3218 5118 is
3243 5064 3294 5114 in
3320 5078 3428 5131 quo
3458 5048 3583 5131 Spi-I

2043 5149 2178 5203 ritus
2213 5148 2307 5203 Dei
2351 5152 2607 5222 loquitur,
2652 5155 2707 5209 in
2730 5155 2892 5209 corde
2923 5155 3267 5209 ascensiones
3318 5151 3407 5206 Dei
3437 5153 3577 5205 obti-

2038 5246 2148 5290 net.
2185 5236 2334 5294 Unde
2364 5243 2553 5297 merito
2579 5243 2767 5298 beatus
2794 5245 3131 5314 praedicatur.
3166 5227 3360 5312 Is'ipse
3381 5244 3436 5295 in
3458 5243 3577 5294 loco

381 5306 710 5404 ριιινήοιηεσ
733 5307 875 5404 ’πως
998 5313 1063 5404 τί
1090 5314 1421 5390 λαλήσητε·
1474 5314 1786 5385 δοθήσεται
1825 5321 1933 5388 γὰρ
2036 5326 2121 5382 ﬂet

1836 5321 1933 5388 Γὰρ
2036 5326 2212 5390 ﬂetus,
2248 5330 2422 5394 idest,
2466 5333 2521 5387 in
2555 5334 2673 5386 loco
2707 5306 2940 5396 terreno,
2982 5335 3069 5387 Dei
3102 5306 3480 5388 testamentum
3522 5341 3576 5385 et

386 5395 526 5460 ὑμῖν
550 5396 584 5446 ό
604 5395 784 5461 λόγος
801 5395 1114 5462 ἐνάνοίξει
1161 5403 1265 5456 τοῦ
1312 5406 1600 5471 στόματος
1631 5404 1812 5473 ὑμῶν.
1851 5412 1931 5463 οὐ
2036 5418 2126 5471 οἱα

1631 5404 1812 5473 ὑμῶν.
1851 5412 1931 5463 οὐ
2036 5418 2246 5486 eloquia
2276 5422 2395 5490 ejus
2423 5438 2523 5478 ceu
2553 5413 2819 5493 legatione
2840 5395 3067 5490 fungens
3097 5425 3371 5493 disposuit,

386 5487 951 5598 ιοξ
982 5494 1334 5598 έαξοῦντεςν
1584 5498 1649 5598 τρ
1671 5501 1932 5598 ﬁnium
1965 5510 2070 5563 τοῦ
2109 5487 2332 5581 Πατρός·
2359 5517 2520 5585 ὑμῶν
2551 5487 2659 5579 τοῦ)¹
2679 5519 2749 5571 ἐν
2776 5487 3046 5586 deparci}
3085 5521 3150 5572 τὸ
3181 5487 3189 5492 1
3219 5492 3449 5574 λαλοῦν
3507 5518 3568 5571 ἐν

385 5577 540 5643 ὑμῖν.
589 5577 676 5644 Ἐν
699 5577 876 5682 (ξι-γὰρ
899 5580 1200 5682 τὸρνεῦμα
1237 5588 1345 5682 τοῦ-
1367 5589 1498 5641 Θεοῦ
1547 5590 1710 5682 λαλεῖ,
1739 5595 1926 5652 τούτου
1961 5577 2248 5669 ἀναϐάσεις
2286 5577 2419 5662 Θεοῦ
2447 5612 2504 5664 ὲν
2541 5577 2732 5682 καρδίᾳ
2787 5577 2946 5664 αῦτοῦ
2981 5577 3262 5680 γίγνονται.
3290 5611 3377 5662 Διὸ
3435 5610 3576 5662 εικό-

383 5681 490 5727 τως
527 5667 895 5736 μακαρίζεται.
937 5666 1100 5736 Οὗτος
1139 5674 1193 5726 δὲ
1231 5677 1390 5742 αὐτὸς
1430 5682 1484 5732 ἐν

455 5872 496 5913 ιε
537 5871 719 5934 Matth.
758 5891 823 5942 χ,
859 5877 942 5945 19,
976 5881 1062 5939 20.
1137 5884 1182 5915 "
1223 5883 1412 5955 Ephes.
1454 5904 1499 5941 νι
1523 5928 1536 5954 ,
1572 5890 1651 5946 19.

489 5681 913 5774 ,μακαριςεταιη
1139 5681 1193 5726 δὲ
1231 5681 1390 5774 αὐτὸς
1430 5682 1484 5732 ἐν
1524 5681 1599 5751 τῷ
1625 5685 1805 5755 χωρίῳ
1839 5688 1931 5741 τοῦ
1971 5693 2332 5765 κλαυθμῶνος,
2360 5681 2631 5756 τουτέστιν
2655 5703 2714 5757 ἐν
2734 5702 2810 5773 τῷ
2860 5703 3116 5774 περιγείῳ
3143 5703 3289 5773 τόπῳ
3324 5703 3425 5771 τὴν
3477 5702 3576 5766 τοῦ

384 5757 514 5809 Θεοῦ
538 5759 804 5831 Διαθήκην
833 5764 922 5814 καὶ¹
947 5765 1011 5817 τά
1038 5765 1191 5833 λόγια
1217 5769 1374 5823 αὐτοῦ
1396 5775 1706 5842 πρεσϐεύων
1729 5778 1963 5833 διέθετο.
1991 5787 2003 5816 ι
