4406 6410
803 473 938 530 4011

877 590 980 643 Pro
1015 589 1104 643 illo
1149 597 1325 643 autem
1347 631 1361 652 ,
1400 588 1662 656 Disposuit
1717 591 1770 644 in
1795 591 1929 644 ualle
1961 591 2349 662 lacrgmarum,
2383 599 2426 654 Α

806 679 1161 749 Symmachus
1189 685 1269 734 slc
1289 679 1467 738 habet.
1493 679 1849 750 Pra’grediens
1880 681 2064 735 vallem
2087 682 2351 750 plorabat.

807 769 902 823 Hi‘c
938 785 1098 838 porro
1133 786 1226 838 per
1247 771 1433 824 vallem
1455 773 1842 842 lacrymarum.
1869 758 2156 826 humanam
2187 774 2353 826 vitam

805 867 1030 921 indicari
1068 868 1322 930 diximus,
1380 882 1538 936 quam
1575 869 1619 921 is
1649 869 1739 936 qui
1792 867 1982 922 beatus
2031 869 2354 954 praedicatur

806 956 1172 1024 pertransiens
1192 964 1244 1010 et
1279 965 1659 1012 transcurrens
1685 958 1838 1026 quasi
1861 959 2064 1012 advena
2083 960 2352 1028 quispiam

803 1054 855 1099 et
886 1046 1220 1114 peregrinus,
1255 1045 1495 1098 cmlestis
1528 1046 1713 1120 patria:
1755 1062 1938 1101 amore
1967 1046 2220 1124 ﬂagrans,
2261 1048 2355 1118 lle-

802 1135 948 1187 tibus
1005 1136 1366 1204 lacrymisque
1403 1135 1790 1190 beatitudinem
1839 1137 2180 1205 parientibus
2233 1155 2353 1195 sese

804 1233 1058 1289 macerat,
1093 1225 1389 1279 secundum
1429 1225 1556 1278 illud
1578 1265 1590 1288 ,
1628 1225 1782 1278 Beati
1805 1217 1895 1295 qui
1919 1227 2093 1296 lugent
2116 1228 2180 1282 ⁸⁰.
2211 1228 2356 1295 Qua-

803 1314 868 1366 lis
901 1322 1015 1366 erat
1043 1312 1241 1365 Paulus
1285 1314 1374 1381 qui
1406 1314 1532 1365 talia
1566 1314 1710 1366 fatur
1743 1333 1754 1368 ε
1791 1314 1901 1369 Nos
1952 1318 2040 1385 qui
2082 1335 2260 1385 sumus
2301 1320 2356 1373 in

805 1406 1162 1467 tabernaculo,
1213 1408 1596 1475 ingemiscimus
1627 1409 1832 1477 gravati
1865 1409 1928 1461 ".
1961 1408 2066 1464 Pro
2116 1411 2209 1464 illo
2254 1426 2353 1464 au-

802 1496 1020 1559 tem,ln
1052 1497 1161 1549 loco
1202 1514 1350 1567 quem
1396 1501 1588 1566 posuit,
1637 1491 1849 1568 Aquila,
1901 1499 2121 1554 Fontem
2166 1511 2356 1570 ponent

803 1604 949 1650 eam;
985 1587 1338 1658 Symmachus
1371 1605 1519 1653 vero,
1577 1588 1720 1643 Fons
1768 1591 2114 1660 ordinabitur.
2160 1592 2351 1657 Quem,

803 1677 995 1745 inquit,
1029 1679 1229 1732 fontem
1281 1685 1502 1747 ponent,
1547 1679 1657 1732 nisi
1712 1681 1902 1733 vallem
1960 1674 2355 1751 lacrymarum?

804 1767 998 1822 Totum
1027 1778 1203 1821 autem
1247 1769 1422 1822 locum
1446 1769 1524 1822 sic
1551 1767 1743 1836 Aquila
1766 1769 2150 1837 interpretatur
2183 1789 2196 1823 :
2223 1771 2354 1825 Per-

803 1868 1127 1913 transeuntes
1155 1864 1209 1912 in
1234 1860 1369 1912 valle
1391 1861 1563 1916 ﬂetus.
1594 1860 1785 1917 fontem
1817 1847 2004 1929 ponent
2055 1879 2189 1917 eam.
2257 1863 2352 1918 His

1533 472 1797 529 EUSEBII
1829 473 2305 534 CIESARIE‘NS'S
2342 473 2490 530 OPP.
2533 473 2712 529 PARS
2737 473 3310 531 [IL—EXEGETICA.

3872 474 4010 529 1012

2535 591 2676 643 Ἀνιὶ
2694 591 2749 642 δὲ
2770 589 2862 642 τοῦ
2878 631 2891 653 ,
2914 589 3137 644 Διέθετο
3161 592 3246 652 εἰς
3267 585 3380 654 τὴν
3405 584 3651 639 κοιλάδα
3673 584 3776 637 τοῦ
3800 589 4010 639 κλαυθ‹

2449 682 2664 752 μῶνος,
2679 686 2706 736 6
2719 682 3007 754 Σύμμαχός
3023 699 3175 752 φησι,
3194 680 3535 750 Προοδεύων
3552 677 3796 732 κοιλάδα
3810 679 4007 731 ἔκλαι-

2454 792 2540 827 εν.
2579 774 2812 827 Κοιλάδα
2836 774 2890 826 δὲ
2925 772 3269 842 κλαυθμῶνος
3299 774 3354 824 ὲν
3381 770 3586 831 τούτοις
3615 769 3704 822 τὸν
3736 768 4006 836 ἀνθρώπι-

2453 883 2540 934 νον
2565 865 2768 934 ἔφαμεν
2789 861 3073 933 δηλοῦσθαι
3097 863 3228 931 βίον,
3254 863 3311 913 ὃν
3330 863 3358 913 6
3386 861 3810 932 μακαριζόμενος
3836 877 4005 929 παρο-

2452 953 2617 1006 δεύων
2650 953 2740 1020 καὶ
2770 952 3120 1023 παρατρέχων
3143 992 3156 1016 ,
3190 950 3375 1021 ῶσπερ
3393 968 3475 1014 τις
3497 951 3752 1020 πάροικος
3777 950 3869 1002 καὶ⁵
3907 966 4007 1002 πα·

2455 1046 2779 1123 ρεπίδημος,
2819 1044 2915 1114 τὴν
2956 1043 3270 1113 ἐπουράνιον
3315 1041 3505 1095 ἑαυτοῦ
3540 1040 3769 1112 πατρίδα
3806 1041 4004 1104 ποθῶν,

2452 1135 2779 1205 ἀποκλᾴεται
2829 1133 3100 1203 κλαυθμὸν
3146 1132 3236 1185 τὸν
3292 1133 3676 1203 μακαριοποιὸν
3719 1131 3860 1185 κατὰ
3904 1133 3962 1185 τό
3985 1151 4000 1164 ·

2452 1227 2736 1295 Μακάριοι
2767 1230 2819 1280 οἰ
2864 1226 3194 1292 κλαίοντες.
3253 1220 3376 1288 υἷος
3418 1222 3484 1296 ἦν
3511 1226 3538 1278 6
3568 1224 3774 1288 Παῦλος
3797 1224 4002 1292 λέγων·

2463 1318 2650 1387 Ἡμεῖς
2672 1319 2724 1370 οἱ
2745 1317 2912 1382 ὄντες
2927 1316 2996 1368 ὲν
3019 1315 3096 1380 τῷ
3125 1313 3332 1379 σκήνει
3353 1313 3706 1383 στενάζομεν
3716 1315 4009 1382 βαρούμε-

2451 1427 2561 1463 voc.
2605 1389 2745 1460 ’Ᾰντὶ
2768 1408 2824 1460 δὲ
2846 1407 2938 1459 τοῦ
2959 1447 2972 1469 ,
3001 1409 3103 1470 Εἰς
3132 1406 3314 1458 τόπον
3340 1404 3410 1455 ὃν
3433 1403 3594 1458 ἔθετο
3613 1444 3627 1468 ,
3661 1407 3688 1457 6
3716 1405 3812 1474 μὲν
3854 1403 4010 1457 Ἀκύ-

2452 1501 2548 1562 λας
2577 1500 2728 1568 φησὶ,
2760 1498 2965 1566 Πηγιὴν
2997 1483 3280 1562 θήσονται
3308 1494 3522 1559 αὑτήν·
3559 1497 3587 1547 6
3615 1495 3670 1548 δὲ
3694 1497 4004 1566 Σύμμαχος,

2454 1591 2619 1660 Hirri;
2644 1589 2898 1654 τάξεται.
2921 1589 3050 1641 Τίνα
3071 1585 3125 1641 δὲ
3148 1587 3332 1657 αὐτὴν,
3357 1587 3508 1658 φησὶ,
3531 1588 3710 1656 πηγὴν
3732 1582 4003 1658 θῆσονται,

2453 1683 2484 1753 ἢ
2519 1679 2753 1751 δηλονότι
2782 1679 2878 1748 τὴν
2912 1679 3124 1732 κοιλάδα
3150 1678 3241 1731 τοῦ
3268 1678 3652 1749 κλαυθμῶνος;
3687 1679 3843 1731 ’Όλον
3879 1681 4008 1750 γοῦν

2451 1773 2620 1835 οὓτως
2653 1771 2989 1841 ήρμήνευσεν
3021 1770 3048 1820 6
3081 1769 3308 1832 Ἀκύλας
3341 1767 3505 1821 είπών
3526 1786 3538 1798 ·
3581 1770 4008 1838 Πάρερχόμενοι

2451 1864 2520 1915 ἐν
2540 1861 2770 1916 κοιλάδι
2794 1860 2899 1914 τοῦ
2920 1859 3244 1928 κλαυθμοῦ,
3271 1858 3471 1928 πηγὴν
3489 1858 3771 1924 θήσονται
3795 1861 4003 1925 αὑτήν.

802 1964 964 2019 porro
995 1948 1283 2018 signiﬁcat,
1332 1949 1566 2004 advenas
1595 1959 1648 2004 et
1680 1953 1995 2020 peregrinos
2033 1954 2093 2006 in.
2141 1954 2240 2007 hac
2272 1956 2351 2008 vi-
2383 1940 2423 1993 Β
2452 1954 2542 2024 Δη]

2272 1956 2351 2008 νὶ-
2383 1940 2423 1993 Β
2452 1954 2610 2024 Δηλοῖ
2649 1953 2705 2004 δὲ
2736 1952 2823 2004 διὰ
2852 1949 3085 2011 τούτων.
3117 1952 3191 2014 ὡς
3218 1952 3322 2022 ἄρα
3357 1955 3405 2004 ol
3434 1953 3682 2023 πάροικοι
3715 1952 3807 2004 καὶ
3838 1969 4005 2020 παρε-

804 2052 876 2105 ta,
910 2042 1186 2093 hominum
1217 2041 1411 2093 vallem
1436 2042 1489 2094 in
1521 2042 1720 2096 fontem
1752 2045 2042 2111 posituros,
2069 2047 2183 2100 sive
2236 2047 2353 2101 lon-

803 2131 1290 2207 tcm_ordinaturos
1319 2148 1441 2187 esse
1470 2148 1534 2186 ex
1591 2133 1934 2204 Symmacho,
1965 2137 2174 2207 hacque
2222 2157 2355 2197 voce

803 2203 1038 2275 divinam
1066 2223 1365 2276 doctrinam
1397 2203 1690 2293 appellant.
1723 2223 1868 2281 Fons
1892 2203 2228 2296 quippe‘vitae
2258 2245 2354 2300 po-

804 2320 892 2366 tus
927 2313 1350 2388 immortalitatis
1379 2317 1433 2368 in
1474 2318 1612 2372 valle
1647 2317 1802 2374 ﬂetus
1837 2335 1866 2373 a
1901 2319 1994 2376 Dei
2022 2330 2076 2374 et
2122 2310 2355 2376 homini-

803 2403 906 2457 bus
941 2405 1081 2472 apLd
1111 2405 1388 2457 hominum
1420 2421 1590 2474 genus
1632 2407 2000 2476 Constituitur,
2050 2427 2145 2482 per
2177 2412 2352 2470 viviti-

803 2510 924 2548 cam
966 2495 1172 2549 scilicet
1203 2505 1255 2550 et
1300 2496 1441 2564 piam
1482 2498 1810 2563 doctrinam,
1865 2516 2026 2571 quam
2081 2518 2204 2556 cum
2248 2503 2354 2578 ipsi

804 2583 1070 2646 adierunt,
1101 2592 1214 2637 tum
1250 2585 1372 2640 aliis
1403 2602 1499 2656 per
1527 2588 1726 2659 scripta
1755 2604 1853 2643 sua
1905 2591 2260 2658 reliquerunt.
2286 2619 2353 2632 -

804 2671 970 2728 Vens.
1001 2674 1052 2728 8.
1083 2673 1152 2729 lis
1181 2690 1307 2729 vero
1354 2676 1485 2745 ipsis
1534 2676 1590 2730 in
1639 2679 1998 2748 lacrymarum
2046 2680 2352 2735 mercedem

803 2765 1242 2834 condignumque
1293 2765 1548 2832 fructum,
1611 2768 2040 2825 benedictionem
2093 2772 2353 2840 rependet

802 2855 1044 2924 ipsorum
1074 2856 1369 2923 legislator.
1411 2856 1744 2920 Quibusnam
1770 2858 2198 2916 benedictionem
2250 2864 2353 2916 im-

804 2947 1022 3015 pertiet,
1051 2947 1154 3000 nisi
1185 2946 1250 3000 iis
1280 2946 1369 3014 qui
1423 2935 1475 2999 in
1515 2946 1616 3001 hac
1679 2949 1812 3002 valle
1865 2948 2119 3022 lacrymis
2162 2952 2350 3022 dediti,

806 3036 1007 3089 {mntem
1039 3037 1093 3089 in
1125 3038 1214 3089 illa
1248 3038 1563 3105 posuerint?
1614 3037 1717 3092 P-ro
1749 3040 1841 3094 illo
1873 3049 2073 3105 autem,
2126 3044 2350 3114 legisla-

806 3136 920 3188 tor;
956 3126 1171 3194 Aquila,
1225 3127 1548 3191 matutinus;
1605 3125 1961 3198 Symmachus
2002 3148 2150 3192 vero.
2208 3152 2351 3188 com-

804 3227 1150 3279 movisti-ator,
1180 3217 1346 3282 dixit;
1385 3219 1569 3286 quinta
1597 3227 1774 3274 autem
1799 3221 1986 3288 editio,
2022 3226 2126 3288 Qui
2152 3226 2350 3279 illumi-

805 3319 930 3373 nat,
962 3309 1064 3360 alia
1091 3309 1215 3361 item
1248 3307 1493 3376 quaedam
1529 3315 1679 3362 sexta
1727 3308 1914 3373 editio,
1941 3311 2046 3376 Qui
2073 3312 2240 3368 docet.
2273 3315 2353 3368 Ita

806 3406 865 3450 ut
894 3414 956 3452 ex
991 3399 1242 3452 omnibus
1269 3397 1507 3452 salutare
1531 3395 1764 3451 Verbum
1817 3399 2067 3465 indicari,
2095 3403 2354 3458 subintel-

805 3489 971 3555 ligcre
994 3489 1172 3542 liceat.
1207 3488 1322 3557 ipse
1350 3502 1583 3558 namque
1626 3496 1709 3543 est
1737 3490 2032 3560 legislator,
2081 3493 2354 3547 illumina-

806 3585 913 3642 tor,
951 3578 1159 3641 doctor,
1215 3580 1461 3649 idemque
1506 3581 1803 3636 matutinus
1851 3592 1904 3636 et
1953 3592 2352 3639 commonstra-

804 3679 930 3739 tor;
962 3673 1258 3728 secundum
1285 3675 1523 3743 singulas
1555 3674 1814 3727 virtutum
1862 3690 2082 3741 suarum
2115 3678 2352 3732 rationes

808 3761 892 3814 his
922 3777 1054 3816 usus
1080 3763 1378 3820 vocabulis.
1410 3763 1454 3815 Α
1487 3779 1594 3832 quo
1627 3763 2054 3820 benedictionem
2088 3768 2231 3820 nacti
2258 3767 2351 3836 qui

807 3849 862 3903 in
900 3852 1040 3905 valle
1068 3852 1455 3922 lacrymantur,
1485 3854 1660 3917 ibunt,
1693 3855 1794 3909 iter
1826 3871 1984 3910 suum
2009 3856 2350 3924 perﬁcientes

806 3953 868 3992 ac
902 3940 953 3992 in
986 3940 1100 3994 dies
1130 3942 1401 4007 roborali;
1432 3943 1504 3995 ita
1535 3952 1592 3997 ut
1621 3959 1830 4013 semper
1862 3945 2170 4013 proﬁciant,
2204 3957 2257 4001 et
2284 3963 2351 4002 ex

804 4029 1002 4082 inmori
1033 4031 1084 4082 in
1113 4031 1370 4099 majorem
1398 4035 1965 4114 virtutemaccedant,
1993 4045 2048 4090 et
2105 4053 2135 4090 a
2181 4040 2352 4108 gloria

805 4120 860 4173 in
883 4121 1129 4189 gloriam,
1163 4129 1222 4176 ut
1270 4127 1346 4202 ait
1391 4125 1606 4178 divinus
1657 4128 1946 4196 Apostolus
1979 4144 1992 4179 :
2028 4127 2093 4202 In
2121 4131 2353 4185 eamdem

804 4215 1082 4281 imaginem
1107 4215 1479 4282 transformati
1499 4233 1529 4268 α
1557 4214 1725 4285 gloria
1754 4220 1806 4271 in
1835 4215 2054 4288 gloriam
2087 4221 2148 4273 ³’.
2175 4221 2352 4286 Quare

807 4301 1166 4370 Symmachus
1188 4307 1267 4359 sic
1314 4308 1700 4376 interpretatus
1728 4318 1810 4363 est
1840 4330 1860 4364 ι
1891 4311 1996 4364 iter
2053 4313 2243 4379 facient
2289 4330 2352 4367 ετ

806 4393 871 4440 υἱ)
888 4399 992 4442 tute
1016 4393 1073 4444 in
1093 4394 1363 4447 virtutem-

878 4582 1039 4637 Vens.
1063 4584 1121 4637 9.
1171 4586 1438 4640 Videbitur
1467 4586 1604 4641 Deus
1655 4589 1871 4641 deorum
1905 4589 1956 4640 in
1989 4586 2134 4641 Sion.
2163 4589 2352 4643 (Domi-
2385 4620 2428 4672 υ

805 4691 867 4728 ne
891 4675 1030 4728 Deus
1055 4676 1325 4742 virtutum,
1356 4678 1549 4731 exaudi
1581 4683 1868 4733 orationem
1902 4696 2104 4741 meam;
2137 4683 2356 4735 auribus

811 4763 1034 4831 percipe,
1059 4761 1196 4816 Deus
1221 4764 1402 4819 Iacob.
1433 4765 1723 4834 Postquam
1767 4768 1994 4832 dixerat,
2033 4769 2356 4823 Benedictio-

804 4871 922 4906 nem
968 4853 1116 4907 dabit
1171 4856 1457 4924 legislator,
1515 4859 1758 4928 apposite
1804 4858 1958 4914 docet
2006 4877 2112 4930 qua
2147 4863 2356 4915 ratione

806 4943 1148 4996 versantibus
1181 4944 1232 4995 in
1259 4944 1393 4998 valle
1439 4946 1748 5000 hominibus
1776 4941 2204 5003 benedictionem
2259 4951 2352 5003 da.

807 5038 964 5085 turus
993 5033 1081 5086 sit.
1128 5033 1245 5097 Quo
1278 5042 1434 5105 pacto
1470 5037 1639 5100 dabit,
1671 5038 1777 5091 nisi
1825 5037 2076 5108 dignatus
2106 5042 2160 5095 in
2208 5051 2352 5096 terra

807 5123 1048 5190 conspici
1070 5125 1097 5176 ?-
1121 5124 1423 5202 Admodum
1448 5137 1860 5198 consequenter,
1894 5132 2218 5200 vaticinatus
2247 5143 2356 5187 tor-

807 5211 1012 5264 eularia
1044 5211 1134 5266 Dei
1167 5229 1259 5282 per
1291 5222 1459 5269 totum
1484 5216 1668 5270 urbem
1701 5220 1866 5273 multa
1900 5220 2077 5275 futura
2101 5240 2242 5288 esse,
2268 5233 2354 5276 ta-

808 5303 1099 5356 bernacula
1130 5305 1252 5356 item
1283 5307 1457 5373 plura,
1483 5307 1619 5360 atria
1645 5324 1861 5379 quoque
1888 5320 1941 5366 et
1970 5313 2161 5367 altaria
2191 5329 2353 5384 quam

807 5394 1058 5464 plurima,
1084 5407 1300 5448 causam
1333 5397 1486 5451 aﬂ'ert
1510 5413 1608 5451 cur
1630 5399 1744 5451 haec
1765 5403 1943 5458 omnia
1978 5391 2030 5456 in
2060 5412 2203 5459 terra
2225 5420 2355 5458 con-

809 5485 1079 5540 stituenda
1113 5486 1242 5539 sint.
1287 5487 1555 5553 Quaenam
1586 5509 1748 5563 porro
1799 5495 1870 5548 sit
1917 5494 2031 5561 illa,
2066 5499 2223 5553 docet
2270 5499 2355 5553 his

809 5575 987 5651 verbis
1017 5595 1029 5630 :
1061 5577 1329 5630 Videbitur
1359 5579 1498 5635 Deus
1533 5583 1747 5638 deorum
1779 5586 1834 5640 in
1864 5586 2026 5652 Sion;
2065 5591 2352 5645 adventum

810 5663 905 5724 Dei
930 5665 996 5719 ad
1024 5667 1265 5724 homines
1313 5678 1366 5724 et
1397 5686 1744 5743 conspectum
1781 5677 1899 5747 ejus
1941 5688 2128 5756 aperte
2174 5682 2355 5736 decla-

2452 2045 2676 2115 πίδημοι
2701 2046 2757 2107 ὲν
2777 2044 2854 2114 τῷ
2885 2045 2984 2115 βίῳ
3012 2043 3182 2112 τούτῳ
3210 2043 3306 2112 τὴν
3337 2042 3442 2095 τῶν
3470 2041 3766 2111 ἀνθρώπων
3790 2041 4009 2095 κοιλάδα

2451 2136 2631 2206 πηγὴν
2653 2135 2874 2205 θήσουσι
2901 2175 2916 2199 ,
2937 2135 2970 2205 ἢ
2991 2135 3208 2200 τάξουσι
3225 2133 3406 2204 πηγὴν
3436 2132 3574 2184 κατὰ
3589 2132 3676 2183 τὸν
3695 2132 4005 2201 Σύμμαχον,

2449 2228 2545 2297 τὴν
2561 2227 2737 2280 ἔνθεον
2755 2226 3092 2282 διδασκαλίαν
3111 2224 3295 2278 τοῦτον
3314 2225 3666 2294 ὀνομάσαντες
3683 2223 3770 2274 τὸν
3789 2223 4005 2292 τρόπον.

2450 2318 2606 2389 Πηγὴ
2631 2317 2737 2388 γὰρ
2762 2317 2904 2387 ζωῆς
2927 2318 3018 2369 καὶ
3043 2317 3202 2369 ποτὸν
3219 2316 3512 2378 ἀθανασίας
3531 2317 3587 2369 ὲν
3604 2318 3669 2386 τῇ
3693 2309 3894 2369 κοιλάδι
3917 2314 4007 2366 τοῦ

2450 2410 2800 2480 κλαυθμῶνος
2819 2408 2896 2478 τῷ
2915 2409 3022 2461 τῶν
3044 2407 3138 2462 ἀνθ
3145 2407 3339 2479 ρώπων
3365 2407 3463 2477 βίῳ
3483 2407 3878 2476 καταῦἐὸληται
3904 2407 4010 2458 ὑπὸ

2449 2499 2554 2551 τῶν
2581 2499 2674 2551 τοῦ
2704 2497 2836 2550 Θεοῦ
2867 2496 3163 2569 ἀνθρώπων
3189 2497 3272 2550 διὰ
3300 2498 3396 2568 τῆς
3421 2495 3679 2561 ζωοποιοῦ
3710 2497 3803 2549 καὶ
3831 2496 4011 2554 θεοσεέ

2450 2588 2577 2652 ϐοῦς
2619 2588 2992 2653 διδασκαλίας,
3045 2591 3110 2658 ἢν
3146 2588 3297 2641 αὐτοὶ
3333 2587 3591 2658 μετῆλθον
3613 2629 3627 2651 ,
3672 2590 3766 2641 καὶ
3799 2587 4008 2659 ἑτέροις

2454 2680 2902 2733 καταλελοίπασιν
2931 2681 2988 2732 ιν
3015 2682 3130 2743 ταῖς
3165 2677 3370 2732 ἑαυτῶν
3395 2682 3652 2750 γραφαῖς,
3702 2675 3919 2739 Τούτοις
3950 2676 4009 2729 δὲ

2450 2770 2651 2832 αὐτοῖς,
2677 2771 2858 2837 φησὶν,
2885 2769 3130 2836 εὐλογίας
3152 2769 3338 2839 μισθὸν
3359 2769 3452 2821 τοῦ
3475 2767 3744 2838 κλαυθμοῦ
3770 2767 3861 2820 καὶ
3885 2784 4010 2837 καρ-

2450 2862 2548 2913 πὸν
2570 2861 2786 2924 ἐπάξιον
2806 2860 2963 2912 δώσει
2987 2863 3014 2914 6
3034 2861 3326 2931 νομοθέτης
3351 2860 3548 2913 αὐτῶν.
3576 2860 3696 2911 Τίσι
3720 2859 3777 2911 δὲ
3801 2858 4008 2920 τούτοις

2449 2949 2605 3024 δώσει
2632 2950 2728 3013 τὰς
2749 2949 3013 3017 εὐλογίας,
3042 2951 3074 3020 ἢ
3101 2949 3334 3016 δηλονότι
3361 2951 3471 3011 τοῖς
3490 2950 3546 3002 ὲν
3570 2950 3634 3018 τῇ
3667 2948 3868 3001 κοιλάδι
3887 2948 4010 3001 ταύ-

2449 3058 2520 3111 τῃ
2538 3041 2960 3112 ἁποκλᾳομένοις
2989 3042 3081 3093 καὶ
3106 3041 3284 3112 πηγὴν
3313 3042 3367 3092 ὲν
3397 3041 3528 3110 αὐτῇ
3555 3040 3829 3110 θεμένοις;
3864 3039 4008 3092 Ἀντὶ

2450 3133 2506 3184 δὲ
2531 3132 2643 3196 τοῦ,
2678 3137 2709 3186 ὀ
2740 3134 3090 3203 νομοθετῶν,
3115 3139 3141 3186 6
3172 3136 3265 3203 μὲν
3294 3133 3539 3196 Ἀκύλας,
3569 3132 3840 3200 πρώῖμος,
3877 3133 4008 3185 ώνό-

2457 3235 2646 3287 μασεν,
2679 3219 2707 3269 6
2734 3219 2790 3270 δὲ
2820 3219 3128 3289 Σύμμαχος,
3164 3223 3195 3272 ὁ
3226 3220 3608 3287 ὐποδείκτης·
3636 3222 3668 3291 ἡ
3697 3217 3751 3272 δὲ
3786 3221 4009 3291 πέμπτη

2456 3307 2681 3372 ἐκδοσις,
2714 3311 2746 3361 ὀ
2764 3308 3046 3376 φωτίζωνο
3075 3309 3206 3379 άλλη
3237 3309 3292 3362 δέ
3321 3328 3401 3372 τις
3427 3311 3574 3380 παρὰ
3605 3309 3772 3362 ταῦτα
3803 3299 4011 3372 ἔκδοσις

2457 3399 2588 3470 ἕκτη
2608 3439 2621 3462 ,
2667 3403 2698 3454 ό
2729 3399 3053 3454 διδάσκων·
3086 3399 3222 3453 ὥστε
3251 3400 3309 3465 ἐξ
3343 3400 3592 3454 ἁπάντων
3627 3401 3716 3454 τὸν
3744 3403 4008 3475 σωτήριον

2458 3489 2610 3558 λόγον
2640 3491 2902 3544 ὑπονοεῖν.
2951 3490 3118 3554 Αὐτὸς
3140 3493 3247 3562 γάρ
3276 3494 3418 3546 ὲστιν
3443 3494 3470 3545 6
3491 3492 3817 3562 νομοθετῶνο
3847 3492 4006 3554 αὐτὸς

2457 3582 2548 3634 καὶ
2569 3584 2596 3634 6
2625 3582 2867 3649 φωτίζων
2894 3581 2989 3634 καὶ
3007 3583 3035 3635 6
3058 3582 3317 3636 διδάσκων
3336 3601 3348 3612 ·
3380 3582 3537 3645 αὐτὸς
3568 3584 3659 3636 καὶ
3684 3584 3712 3638 6
3738 3582 4004 3654 πρώῖμος,

2457 3671 2615 3734 αὐτὸς
2647 3672 2739 3724 καὶ
2767 3671 2795 3722 6
2823 3670 3176 3744 ύποδείκτης,
3219 3672 3339 3725 καθ’
3369 3673 3599 3741 ἑκάστην
3635 3673 3873 3725 ἐπίνοιαν
3901 3671 4009 3724 τῶν

2457 3760 2514 3811 ἐν
2533 3758 2678 3830 αὐτῷ
2692 3759 2967 3829 δυνάμεων
2984 3759 3202 3822 ταύταις
3224 3759 3496 3830 χρώμενος
3515 3763 3632 3822 ταῖς
3653 3763 3830 3813 ὲπωνυ
3839 3759 4006 3829 μίαις,

2459 3851 2583 3920 παρ’
2625 3845 2685 3904 οῦ
2723 3851 2771 3902 οἰ
2807 3852 2863 3903 ὲν
2909 3853 2973 3921 τῇ
3016 3851 3217 3904 κοιλάδι
3264 3850 3568 3914 κλαίοντες,
3622 3850 4009 3920 μεταλαϐόντες

2457 3941 2720 4009 εὐλογίας,
2743 3942 3093 4014 πορεύσονται
3111 3942 3207 4013 τὴν
3225 3941 3428 3994 ἑαυτῶν
3448 3941 3668 4012 πορείαν
3687 3942 4006 4003 διανύοντες,

2455 4032 2546 4084 καὶ
2572 4032 2958 4104 δυναμούμενοι
2985 4034 3250 4104 ὁσημέραι
3267 4050 3279 4063 ”
3308 4035 3382 4096 ώς
3421 4034 3507 4086 ἀεὶ
3544 4035 3865 4104 προκόπτειν
3889 4036 4008 4105 ἐπιῇ·

2455 4123 2648 4176 διδόναι
2669 4126 2731 4176 ὲκ
2753 4125 3030 4195 δυνάμεως
3057 4125 3388 4196 βραχυτέρας
3409 4127 3498 4177 ἐπὶ
3521 4125 3744 4196 δύναμιν
3769 4124 4006 4195 μείζονα,

2457 4213 2546 4263 καὶ
2572 4213 2676 4264 ἀπὸ
2705 4213 2859 4283 δόξης
2887 4216 2965 4276 εἰς
2992 4212 3163 4277 δόξαν,
3193 4213 3266 4275 ὥς
3294 4231 3455 4283 φησιν
3485 4216 3512 4267 6
3539 4215 3678 4278 θεῖος
3695 4205 4010 4277 Ἀπόστολος

2456 4300 2624 4368 λέγων
2648 4339 2664 4365 ,
2699 4301 2810 4367 τὴν
2846 4303 3036 4369 αὐτὴν
3077 4304 3277 4354 εἰκόνα
3317 4305 3858 4372 μεταμορφούμενοι
3887 4304 4010 4357 ἀπὸ

2454 4391 2636 4459 δόξης
2662 4395 2746 4457 εἰς
2770 4391 2975 4455 δόξαν.
3015 4392 3172 4445 Ὅθεν
3201 4393 3292 4445 καὶ
3313 4396 3340 4446 6
3366 4394 3649 4464 Σύμμαχος
3673 4395 4009 4464 ἡρμήνευσεν

2454 4484 2619 4537 είπών
2639 4502 2651 4516 ο
2695 4483 3075 4537 Ὀδεύσουσιν
3099 4485 3165 4537 ἑκ
3193 4486 3494 4555 δυνάμεως
3520 4490 3606 4551 εἰς
3631 4485 3900 4553 δύναμιν.

2534 4594 2874 4664 Ὀφθήσεται
2909 4598 2941 4647 ὀ
2975 4596 3114 4661 Θεὸς
3145 4596 3260 4649 τῶν
3307 4596 3453 4651 θεῶν
3481 4597 3549 4648 ἐν
3585 4593 3753 4650 Σιών.
3811 4597 4006 4667 Κύριε,

2463 4689 2493 4739 ὀ
2522 4681 2661 4751 Θεὸς
2687 4684 2804 4738 τῶν
2824 4684 3145 4754 δυνάμεων,
3169 4689 3526 4758 εἰσάκουσον
3544 4685 3651 4754 τῆς
3669 4691 4011 4758 προσευχῆς

2455 4793 2601 4843 μου,
2635 4765 2940 4840 truncat,
2973 4781 3003 4828 δ
3033 4777 3175 4842 Θεὸς
3214 4777 3421 4831 Ἰακώϐ.
3468 4775 3679 4840 Εἰπὼν,
3714 4781 4010 4847 εὐλογίας

2459 4864 2631 4918 δώσει
2662 4869 2694 4918 ό
2721 4865 3069 4933 νομοθετῶν,
3101 4856 3401 4929 ἀκολούθως
3423 4867 3822 4937 δώάσκεικὸπως
3851 4871 4008 4923 δώσει

2457 4959 2566 5018 τοῖς
2599 4959 2655 5008 ὲν
2684 4960 2748 5034 τῇ
2783 4957 2983 5027 κοιλάδι
3012 4959 3108 5022 τὰς
3132 4957 3396 5024 εὐλογίας.
3424 4959 3546 5021 Πῶς
3577 4958 3687 5024 οὖν,
3719 4965 3870 5032 φησὶ,
3904 4961 4008 5016 δώ-

2461 5063 2559 5109 σει,
2590 5048 2699 5099 ἀλλ’
2792 5048 3126 5129 καταξιώσας
3151 5047 3374 5118 ὀφθῆναι
3403 5051 3493 5102 ἐπὶ
3519 5051 3616 5121 τῆς
3645 5054 3778 5121 γῆς;
3803 5053 4010 5123 Σφόδρα

2459 5135 2512 5186 δὲ
2548 5137 2846 5201 ἀκολούθως
2875 5138 3131 5200 θεσπίσας
3158 5138 3185 5188 6
3205 5137 3358 5206 λόγος
3384 5137 3572 5209 ληνοὺς
3593 5141 3728 5193 Θεοῦ
3757 5142 4009 5203 πλείστας

2463 5226 2670 5294 μέλλειν
2699 5228 2910 5284 ἔσεσθαι
2934 5230 3051 5284 καθ’
3072 5229 3197 5299 ὅλης
3228 5230 3542 5301 οἰκουμένης
3563 5234 3653 5285 καὶ
3681 5231 4008 5303 σκηνώματα

2460 5315 2682 5369 πλεῖστα
2709 5319 2800 5370 καὶ
2823 5319 2989 5381 αύλὰς
3009 5319 3361 5389 πλείουςριαὶ
3389 5313 3741 5392 θυσιαστήρια
3763 5321 4006 5386 πλεῖστα,

2460 5395 2648 5477 ἐπάγει
2678 5410 2772 5481 τὴν
2797 5411 2993 5473 αἰτίαν,
3014 5411 3080 5462 δι’
3101 5411 3167 5481 ῆν
3191 5413 3385 5483 ἧμελλε
3407 5414 3574 5466 ταῦτα
3599 5415 3772 5466 πάντα
3796 5413 3886 5463 ἐπὶ
3908 5413 4009 5480 γῆς

2458 5492 2822 5552 συνίστασθαι.
2856 5498 2950 5562 Τίς
2977 5499 3034 5552 δὲ
3065 5495 3130 5570 ἦν
3157 5503 3190 5572 ἡ
3219 5502 3365 5555 αίτία
3390 5500 3626 5555 διδάσκει
3647 5502 3815 5568 λέγων
3836 5516 3849 5528 ·
3893 5503 4008 5569 Ὀφ-

2457 5590 2696 5655 θήσεται
2725 5595 2758 5644 d
2785 5592 2926 5655 Θεὸς
2952 5592 3068 5645 τῶν
3113 5579 3264 5648 θεῶν
3291 5595 3359 5648 ἐν
3385 5596 3560 5651 Σιών*
3595 5593 3777 5662 σαφῶς
3805 5611 3982 5667 παραυ

2459 5683 2575 5735 σίαν
2607 5684 2684 5745 εἰς
2721 5683 3030 5754 ἀνθρώπους
3059 5687 3191 5741 Θεοῦ
3224 5687 3317 5740 καὶ
3345 5687 3647 5758 φανέρωσιν
3674 5686 3843 5756 αὐτοῦ*
3864 5686 4015 5761 διδᾲς

882 5822 924 5868 3"
965 5823 1150 5890 Matth.
1187 5842 1236 5888 ν,
1272 5827 1322 5880 5.
1401 5828 1440 5859 "
1485 5827 1525 5880 ΙΙ
1553 5828 1679 5885 Cor.
1714 5848 1765 5895 ν,
1805 5833 1855 5890 4.
1933 5835 1975 5866 ³²
2015 5831 2203 5889 llllor.
2233 5851 2331 5896 ιιι,
2372 5833 2453 5892 l8.
