4406 6452
279 495 416 551 1015

1438 491 1929 548 COMMENTARIA
1971 493 2036 548 IN
2068 494 2397 550 PSALMOS.

3356 488 3487 542 10M

277 611 577 675 σκων.Θεδς
599 612 654 665 δὲ
677 612 811 666 θεῶν
835 613 863 664 6
885 611 976 667 τοῦ
996 610 1128 664 Θεοῦ
1153 612 1322 678 Λόγος
1343 611 1672 680 ὠνόμασται,
1699 628 1839 663 νοου-
1866 615 1912 670 Α
1937 631 2017 668 ra:

1747 629 1839 663 νου·
1866 615 1912 670 Α
1937 631 2088 672 rans.
2126 615 2269 670 Deus
2295 622 2470 667 autem
2505 612 2728 666 deorum
2750 607 2844 664 Dei
2880 607 3116 662 Verbum
3139 614 3392 672 vocatur;
3414 608 3487 660 ita

280 705 453 774 μένων
475 705 602 773 ἡμῖν
619 704 755 756 θεῶν
776 703 882 756 τῶν
906 703 1184 773 μακαρίων
1209 703 1298 755 καὶ
1322 702 1580 769 θεοφιλῶν
1603 702 1831 772 ἀνδρῶν,

277 793 413 866 πρὸς
442 793 533 856 οὒς
562 794 590 845 6
622 793 774 862 λόγος
798 792 889 844 τοῦ
923 792 1054 844 Θεοῦ
1082 791 1324 860 ἐγένετο·
1362 787 1441 854 οἷς
1467 793 1555 845 καὶ
1579 792 1788 862 εἴρηται
1818 809 1832 823 ο

290 883 435 952 Ἐγὼ
467 878 668 936 εἴποιμ
701 882 831 936 Θεοί
850 881 1015 934 ἑστεο
1047 881 1169 945 καὶ,
1215 881 1275 932 '0
1294 879 1434 944 Θεὸς
1463 880 1609 945 ἔστη
1633 879 1699 930 ἐν
1727 894 1836 932 συ-

275 971 508 1042 ναγωγῇ
529 970 694 1026 θεῶν’
717 971 831 1034 καὶ,
858 969 998 1034 Θεὸς
1031 970 1178 1024 θεῶν
1201 970 1411 1036 Κύριος
1432 969 1714 1034 ἐλάλησε,
1740 969 1835 1020 καὶ

275 1063 527 1117 ἐκάλεσε
547 1061 662 1130 τὴν
680 1061 814 1130 γῆν.
843 1061 951 1112 Καὶ
971 1060 1076 1131 γὰρ
1099 1062 1154 1112 ἐν
1177 1060 1384 1122 τούτοις
1406 1059 1534 1122 Θεὸς
1564 1057 1697 1110 θεῶν
1719 1058 1837 1110 ούδὲ

277 1157 432 1219 ἄλλος
466 1157 498 1225 ἢ
531 1155 685 1225 μόνος
715 1155 742 1205 ό
761 1155 816 1206 ἐν
850 1154 988 1223 ἀρχῇ
1021 1154 1156 1223 πρὸς
1185 1153 1273 1207 τὸν
1298 1152 1427 1205 Θεὸν
1455 1151 1623 1218 Λόγος
1648 1149 1838 1219 ἀνηγό-

279 1266 467 1320 ρευται
487 1263 499 1276 ⁸
547 1250 574 1300 6
605 1247 666 1314 δὴ
699 1246 792 1298 καὶ
835 1244 985 1308 θεοὺς
1015 1246 1208 1308 αὐτοὺς
1241 1245 1328 1298 διὰ
1357 1246 1454 1315 τῆς
1481 1227 1642 1296 αὑτοῦ
1673 1259 1835 1311 χορη-

275 1341 400 1407 γίας
443 1340 534 1390 καὶ
583 1336 809 1406 μετοχῆς
855 1336 947 1389 τοῦ
987 1335 1149 1390 αὐτοῦ
1178 1335 1490 1406 Πνεύματος
1519 1332 1833 1402 ἀπεργασά-

279 1446 458 1500 μενος.
519 1427 684 1488 Θεοὺς
720 1426 826 1496 γὰρ
857 1422 994 1480 εἷναί
1025 1443 1186 1497 φησιν
1215 1425 1484 1486 ἐκείνους,
1531 1423 1664 1494 πρὸς
1691 1421 1783 1484 οὒς
1809 1423 1838 1474 6

275 1521 448 1587 Λόγος
507 1516 599 1571 τοῦ
629 1515 761 1568 Θεοῦ
788 1519 1020 1586 ἐγένετο.
1068 1517 1226 1586 Ἑξῆς
1259 1515 1301 1568 δ’
1331 1510 1422 1568 οὖν
1465 1514 1559 1568 καὶ
1583 1511 1838 1582 ὀνομαστὶ

274 1611 370 1663 τοῦ
405 1609 636 1679 Χριστοῦ
671 1609 1028 1681 μνημονεύει,
1060 1607 1231 1675 λέγων
1263 1606 1321 1657 ἐν
1351 1604 1480 1673 εύχῇ
1503 1620 1515 1634 ·
1574 1602 1682 1656 Καὶ
1709 1602 1837 1655 ἐπί-

276 1705 506 1770 ϐλεψον
537 1702 635 1755 ἐπὶ
658 1703 725 1756 τὸ
751 1701 1071 1769 πρόσωπον
1097 1699 1202 1753 τοῦ
1227 1697 1483 1766 Χριστοῦ
1516 1710 1650 1748 σου.
1695 1688 1838 1748 um

273 1793 332 1845 δὲ
369 1792 495 1856 τοῦ,
539 1792 890 1861 Ὀφθήσεται
923 1794 954 1844 ὀ
995 1789 1137 1854 Θεὸς
1177 1787 1296 1841 τῶν
1324 1785 1472 1841 θεῶν
1500 1787 1568 1838 ὲν
1595 1785 1775 1849 Σιὼν,
1811 1786 1838 1837 6

289 1881 514 1945 Ἀκύλας
536 1882 716 1952 φησιν,
766 1880 1108 1949 Ὀφθήσεται
1142 1877 1386 1946 ἰσχυρὸς
1411 1876 1550 1940 Θεὸς
1571 1875 1639 1927 ἐν
1667 1873 1833 1929 Σιών.

274 1975 373 2038 Τίς
405 1977 451 2028 δ’
483 1976 548 2030 ἂν
584 1974 668 2044 εῐη
697 1966 847 2036 οῦτος
881 1973 909 2023 6
959 1969 1161 2040 μέλλων
1200 1967 1390 2038 ὁρατὸς
1424 1967 1516 2019 καὶ⁹
1545 1966 1838 2036 ὀφθαλμοῖς
1870 1955 1911 2011 Β

276 2067 464 2130 θεατδς
491 2065 703 2118 ἔσεσθαι
723 2105 736 2126 ,
760 2063 996 2117 διδάσκει
1027 2059 1226 2131 προῖὼν
1251 2059 1343 2111 κα)⁸
1364 2058 1536 2127 λέγων
1557 2077 1569 2088 ·
1611 2058 1838 2112 Ἐνώτι-

275 2175 380 2212 σαι
401 2197 416 2220 ,
448 2159 480 2209 ὀ
515 2156 656 2221 Θεὸς
699 2153 921 2209 Ἰακώϐ.
960 2145 1127 2214 Οῦτος
1161 2150 1266 2220 γὰρ
1294 2146 1360 2220 ἦν
1387 2150 1547 2211 αὐτὸς
1582 2151 1784 2211 ἐκεῖνος
1810 2150 1838 2201 6

275 2245 370 2298 τοῦ
395 2246 529 2299 Θεοῦ
557 2246 746 2314 Λόγος,
774 2246 800 2297 6
831 2243 993 2296 πάλαι
1018 2242 1109 2294 καὶ
1134 2239 1210 2309 τῷ
1242 2239 1443 2292 Ἰακὼὸ
1468 2241 1525 2291 ἐν
1551 2238 1645 2291 ἀνθ
1655 2237 1835 2309 ρώπὸυ
1870 2275 1872 2278 -

277 2337 513 2406 σχήματι
537 2335 738 2404 ὀφθεὶς,
762 2337 934 2404 φήσας
961 2351 1018 2384 τε
1050 2333 1183 2402 πρὸς
1208 2331 1398 2383 αὐτόν·
1436 2332 1555 2383 Οὐκ
1585 2333 1670 2382 ἐτι
1695 2319 1838 2394 κλη.

276 2427 520 2493 θήσεται
548 2424 613 2478 τὸ
637 2422 818 2492 ἇνομά
836 2439 950 2475 σου
987 2420 1206 2484 Ἰακὼϐ,
1233 2419 1369 2473 ἀλλ’
1404 2417 1645 2484 Ἰσραὴλ
1671 2417 1838 2470 ἐσται

275 2516 343 2568 τὸ
366 2514 548 2582 ὄνομά
571 2529 684 2566 σου
705 2530 716 2541 '
741 2513 828 2564 ὅτι
851 2512 1184 2579 ὲνίσχυσας
1201 2511 1349 2578 μετὰ
1373 2507 1539 2570 Θεοῦ,
1569 2506 1662 2558 καὶ
1690 2506 1839 2574 μετὰ

276 2605 597 2673 ἀνθρώπων
615 2605 890 2668 δυνατός.
925 2605 1036 2670 Ἐφ’
1117 2603 1207 2654 καὶ
1226 2601 1253 2651 6
1275 2599 1540 2669 θεοφιλὴς,
1564 2598 1838 2651 συναισθό-

282 2714 437 2768 μενος
462 2696 551 2749 τοῦ
576 2687 999 2768 χρηματίζοντος
1041 2692 1202 2745 αὑτοῦ
1249 2689 1382 2742 Θεοῦ
1431 2706 1560 2759 φησι
1598 2706 1610 2718 ο
1662 2684 1840 2741 Εἶδον

279 2788 428 2842 Θεὸν
460 2789 777 2856 πρόσωπον
805 2786 952 2852 πρὸς
989 2786 1309 2852 πρόσωπον
1328 2822 1340 2845 ,
1371 2781 1463 2833 καὶ
1497 2779 1689 2846 ἐσώθη
1723 2797 1836 2847 μου

284 2878 320 2946 ἡ
342 2878 529 2948 ψυχή.
557 2879 724 2941 Αὐτὸς
747 2874 837 2930 οῦν
857 2878 1059 2938 ἐκεῖνος
1078 2877 1106 2928 6
1130 2875 1259 2937 Θεὸς
1279 2875 1306 2925 6
1330 2873 1408 2944 τῷ
1444 2872 1634 2925 Ἰακὼϐ
1656 2871 1839 2939 ὀφθεὶς

279 2968 435 3033 αὖθις
472 2971 792 3042 ὀφθήσεται,
812 2969 992 3040 φησιν,
1027 2970 1082 3020 ἐν
1115 2965 1272 3032 Σιὼν,
1301 2965 1593 3035 διαρρήδην
1622 2964 1717 3033 τῆς
1746 2962 1838 3014 τοῦ

279 3063 414 3115 Θεοῦ
441 3063 614 3131 Λόγου
645 3065 724 3125 εἰς
744 3059 1055 3132 ἀνθρώπους
1085 3057 1398 3125 ἐπιφανείας
1424 3055 1612 3108 τοῦτον
1644 3069 1841 3122 σημαι-

281 3154 512 3223 νδμένης
537 3153 628 3207 τὸν
657 3147 872 3222 τρόπον.
926 3151 1095 3204 Αὐτὸν
1128 3150 1190 3219 δὴ
1232 3144 1323 3201 οῦν
1368 3146 1550 3200 τοῦτον
1591 3135 1680 3196 τον
1709 3143 1868 3218 Θεὸν,

294 3245 488 3299 Ἰακὼὸ
535 3243 991 3314 ἐπικαλούμενος,
1037 3239 1363 3293 ἐπισπεῦσαι
1398 3239 1495 3307 τὴν
1544 3234 1840 3307 παρουσίαν

279 3336 443 3390 αὑτοῦ
479 3335 726 3394 ἱκετεύει.
773 3332 1218 3401 ’Υπερασπιστὰ
1248 3330 1435 3398 ἡμῶν,
1468 3328 1574 3392 ἰδὲ,
1609 3330 1640 3380 d
1673 3326 1833 3390 Θεός.

279 3426 442 3490 Τίνας
479 3427 536 3480 δέ
583 3444 742 3496 φησιν
786 3426 888 3488 ἰδὲ,
923 3425 1034 3478 ἀλλ’
1073 3423 1105 3492 ἢ
1153 3424 1276 3484 τοὺς
1320 3423 1376 3478 ἐν
1418 3423 1482 3489 τῇ
1513 3417 1714 3474 κοιλάδι
1746 3414 1838 3468 τοῦ

279 3516 630 3586 κλαυθμῶνος
671 3515 1170 3583 καταπονουμένους
1193 3530 1206 3576 ;
1267 3511 1533 3577 Ἐπιλέγει
1578 3509 1633 3562 δέ
1680 3509 1804 3578 ἑξῆς
1822 3527 1836 3545 ο

280 3608 386 3661 Καὶ
408 3608 734 3674 ἐπίϐλεψον
754 3605 850 3658 ἐπὶ
872 3605 935 3658 τὸ
960 3606 1280 3672 πρόσωπον
1298 3602 1404 3655 τοῦ
1425 3601 1677 3669 Χριστοῦ
1702 3617 1836 3663 σου,

280 3699 564 3770 εὐχόμενος
589 3699 902 3768 ἐπιταχῆναι
927 3698 1022 3766 τὴν
1045 3697 1134 3748 τοῦ
1155 3694 1286 3747 Θεοῦ
1311 3694 1481 3762 Λόγου
1509 3693 1587 3754 εἰς
1605 3691 1693 3743 τὸν
1713 3693 1841 3762 Χρι-

280 3789 403 3842 στὸν
429 3787 614 3854 αὐτοῦ,
639 3789 696 3840 ὃν
719 3790 781 3841 ἐκ
804 3788 1109 3860 σπέρματος
1135 3785 1294 3839 Δαυῒδ
1315 3784 1617 3846 ἐνεδύσατο,
1645 3800 1838 3854 παρου-

281 3881 420 3932 σίαν.
453 3881 541 3932 Διὸ
561 3879 696 3934 καὶὸ
729 3880 954 3942 Ἀκύλας
977 3880 1126 3949 φησι,
1150 3877 1329 3945 ΘιῬεὲ
1356 3876 1540 3945 ἡμῶν,
1573 3876 1680 3938 Ζὸε,
1711 3876 1834 3938 Θεέ,

280 3969 376 4022 καὶ
413 3971 777 4038 ἐπέστρεφον
804 3972 1123 4038 πρόσωπον
1151 3969 1510 4036 ἠλειμμένου
1538 3982 1652 4020 σου
1672 3984 1684 3996 ·
1720 3970 1748 4020 6
1781 3970 1837 4022 δὲ

281 4060 590 4129 Σύμμαχος,
621 4061 1063 4130 ’Υπερασπιστὰ
1087 4059 1283 4127 ἡμῶν,
1316 4058 1402 4112 ἰδὲ
1425 4099 1438 4122 ,
1472 4062 1503 4111 ό
1532 4057 1672 4125 Θεὸς
1693 4100 1705 4122 ,
1737 4062 1834 4114 καὶ

280 4153 666 4218 πρόσϐλεψον
688 4154 753 4205 τὸ
783 4152 1102 4219 πρόσωπον
1121 4150 1226 4215 τοῦ
1251 4148 1503 4215 Χριστοῦ
1528 4165 1661 4202 σου.
1695 4149 1835 4201 Ταῦ-

279 4260 346 4296 τα
379 4241 435 4295 δὲ
477 4241 720 4312 εὔχονται
759 4245 808 4295 οἱ
833 4244 922 4295 τὸν
951 4243 1125 4295 πάντα
1152 4240 1369 4309 ψαλμὸν,
1388 4239 1632 4306 λέγοντες
1651 4257 1664 4270 ο
1693 4233 1834 4292 οῦτοι

278 4334 335 4387 δὲ
371 4329 509 4404 ἦσαν
547 4335 597 4386 οἱ
637 4335 728 4388 τοῦ
757 4334 891 4388 Θεοῦ
931 4336 1234 4406 προφῆται,
1275 4334 1323 4384 οἱ
1355 4313 1702 4394 διασωθέντες
1727 4333 1835 4385 ἀπὸ

278 4423 385 4476 τῶν
415 4425 617 4494 νοητῶν
649 4425 916 4494 πολεμίων
937 4466 952 4489 ,
991 4427 1083 4478 καὶ
1125 4423 1508 4495 μεταϐαλόντες
1537 4424 1642 4476 ἀπὸ
1679 4425 1832 4475 πολέ-

283 4531 383 4584 μου
419 4517 498 4577 εἰς
535 4517 780 4586 εἰρήνην,
811 4515 879 4568 τά
905 4533 962 4567 τε
999 4515 1328 4586 σκηνώματα
1357 4515 1449 4567 τοῦ
1489 4514 1623 4566 Θεοῦ
1651 4515 1831 4566 λοιπον

1938 715 1996 760 ut
2026 706 2357 776 intelligatur
2390 705 2521 761 deos
2550 719 2691 768 esse,
2717 704 2904 759 beatos
2932 713 2985 756 et
3007 698 3290 769 religiosos
3317 699 3486 761 viros,

1937 797 2004 850 ad
2034 812 2170 866 quos
2203 796 2403 851 factum
2433 805 2518 852 est
2547 795 2783 850 Verbum
2823 793 2913 848 Dei
2949 813 2960 846 :
2996 791 3194 861 quibus
3223 790 3383 844 etiam
3407 789 3490 842 di-

1937 897 2080 942 ctum
2105 897 2208 950 εει,
2244 875 2515 957 Εθοάὶωἰ,
2549 886 2636 940 Dii
2664 887 2788 940 estis
2824 884 2903 949 ³³;
2958 889 3032 949 et,
3065 881 3205 936 Deus
3241 879 3386 933 stetit
3434 879 3491 931 in

1938 979 2448 1050 synagogadeprum
2481 979 2555 1044 ";
2579 989 2652 1041 et,
2687 977 2820 1030 Deus
2873 974 3087 1030 deorum
3119 971 3372 1025 Dominus
3411 968 3490 1022 to-

1938 1079 2087 1124 cutus
2116 1080 2214 1132 est,
2250 1080 2299 1123 et
2350 1070 2546 1123 vocavit
2581 1078 2774 1122 terram
2809 1065 2875 1120 ³⁸.
2900 1063 2958 1118 in
3007 1063 3092 1117 his
3119 1073 3351 1129 namque
3380 1072 3491 1111 non

1938 1163 2076 1217 alius
2099 1161 2241 1216 Deus
2279 1161 2502 1216 deorum
2533 1168 2755 1232 vocatus
2794 1165 2898 1221 est,
2929 1170 3091 1228 quam
3133 1154 3180 1208 is
3216 1153 3365 1207 solus
3395 1150 3491 1219 qui

1940 1253 1994 1306 in
2030 1253 2296 1321 principio
2332 1249 2564 1305 Verbum
2589 1257 2704 1305 erat
2727 1249 2869 1318 apud
2904 1246 3069 1300 Deum
3102 1260 3115 1296 :
3166 1243 3260 1312 qui
3283 1240 3492 1296 scilicet

1939 1356 2161 1395 munere
2184 1357 2284 1397 suo
2321 1349 2375 1396 et
2393 1340 2638 1410 ejusdem
2671 1339 2909 1408 Spiritus
2932 1333 3342 1407 participatione
3360 1329 3491 1385 deos

1941 1432 2064 1487 illos
2116 1431 2314 1488 eﬂbcit.
2338 1431 2478 1488 Deos
2509 1445 2744 1500 namque
2769 1429 2894 1484 illos
2925 1442 3046 1482 esse
3074 1425 3226 1488 dicit,
3255 1423 3324 1479 ad
3355 1436 3492 1492 quos

1940 1537 2122 1578 sermo
2143 1522 2239 1578 Dei
2269 1523 2447 1578 factus
2475 1532 2582 1578 est.
2623 1521 2827 1576 Deinde
2857 1535 2984 1573 vero
3009 1516 3286 1571 Christum
3316 1513 3494 1568 nomi-

1939 1615 2110 1669 natim
2162 1622 2426 1669 memorat
2453 1614 2508 1668 in
2538 1613 2787 1668 oratione
2833 1610 3044 1670 dicens.
3089 1607 3156 1660 Et
3193 1607 3386 1675 respice
3439 1606 3493 1655 in

1941 1707 2130 1776 [aciem
2159 1707 2359 1763 Christi
2388 1708 2482 1761 tui.
2525 1705 2628 1760 Pro
2659 1705 2750 1758 illo
2778 1711 2980 1765 autem,
3033 1699 3302 1753 Videbitur
3351 1697 3492 1750 Deus

1941 1800 2155 1854 deorum
2201 1799 2254 1852 in
2281 1798 2430 1860 Sion,
2465 1796 2656 1866 Aquila
2686 1795 2767 1851 sic
2803 1794 2988 1866 habet,
3030 1789 3302 1844 Videbitur
3337 1789 3492 1856 fortis

1942 1891 2082 1946 Deus
2112 1891 2164 1943 in
2196 1889 2344 1945 Sion.
2396 1888 2658 1953 Quisnam
2691 1901 2818 1941 vero
2875 1864 2952 1938 sit.
2981 1884 3091 1946 ille,
3125 1881 3218 1951 qui
3257 1879 3493 1934 visibilis

1939 1980 2220 2048 oculisque
2273 1977 2589 2046 spectabilis
2620 1975 2837 2030 futurus
2871 1982 2974 2038 est,
3009 1971 3202 2026 deinde
3252 1969 3494 2024 declarat

1938 2071 2041 2124 hoc
2085 2069 2244 2123 modo
2275 2084 2288 2119 :
2319 2067 2548 2120 Auribus
2585 2069 2810 2136 percipe,
2849 2066 2988 2120 Deus
3019 2061 3203 2118 Iacob.
3236 2061 3371 2115 Nam
3406 2058 3495 2115 hic

1938 2162 2054 2229 ipse
2083 2168 2201 2214 erat
2226 2159 2320 2214 Dei
2340 2158 2599 2222 Verbum,
2624 2159 2714 2226 qui
2738 2157 2866 2211 olim
2893 2155 3095 2210 Iacobo
3111 2153 3346 2209 hominis
3370 2167 3492 2220 spc-

1938 2251 2020 2305 cie
2049 2251 2221 2315 visus,
2255 2250 2335 2305 sic
2377 2265 2499 2304 eum
2531 2248 2725 2304 afl‘atus
2753 2256 2837 2304 est
2867 2267 2878 2302 :
2908 2247 3030 2300 Non
3055 2247 3199 2300 ultra
3228 2244 3494 2299 vocabitur

1938 2357 2122 2394 nomen
2153 2350 2298 2394 tuum
2347 2338 2553 2404 Iacob;
2600 2339 2689 2394 sed
2723 2338 2893 2393 Israel
2914 2340 3012 2393 erit
3069 2354 3253 2390 nomen
3303 2346 3491 2390 tuum:

1937 2436 2061 2506 quia
2091 2434 2244 2502 {ortis
2269 2433 2418 2503 fuisti
2450 2449 2567 2488 cum
2589 2433 2722 2498 Deo,
2761 2441 2812 2487 et
2849 2447 2968 2485 cum
2998 2428 3291 2483 hominibus
3314 2439 3492 2495 potens

1937 2529 2039 2581 eris
2074 2527 2138 2580 ³⁸.
2170 2525 2348 2592 Quare
2377 2525 2460 2580 vir
2495 2527 2584 2580 ille
2631 2525 2940 2596 religiosus,
2971 2537 3096 2576 cum
3131 2519 3493 2592 persentisce-

1939 2627 2023 2671 ret
2045 2633 2168 2672 eum
2201 2618 2293 2686 qui
2325 2617 2498 2686 ipsius
2531 2615 2674 2670 Deus
2713 2626 2956 2678 vocatur,
3015 2613 3089 2666 ait
3122 2628 3134 2662 :
3174 2611 3292 2664 Vidi
3330 2609 3494 2663 Deum

1941 2713 2075 2780 facie
2096 2708 2164 2762 ad
2187 2709 2396 2777 faciem,
2421 2719 2469 2760 et
2503 2707 2651 2760 salva
2680 2705 2824 2774 facta
2856 2713 2933 2758 est
2975 2704 3152 2756 animo
3183 2718 3298 2754 mea
3343 2686 3407 2754 ³⁷’.
3444 2699 3493 2755 is

1941 2804 2056 2872 ipse
2084 2801 2246 2863 Deus,
2279 2798 2477 2869 inquit,
2513 2797 2606 2866 qui
2634 2794 2838 2850 Iacobo
2873 2794 3022 2848 visus
3047 2799 3149 2856 est,
3185 2807 3378 2846 rursus
3407 2793 3492 2844 vi-

1941 2893 2237 2947 debiturin
2280 2889 2433 2952 Sion,
2464 2888 2558 2943 Dei
2585 2886 2745 2942 Verbi
2793 2887 3080 2940 adventum
3135 2884 3191 2937 in
3243 2882 3493 2938 homines

1941 2981 2092 3036 hisce
2121 2980 2403 3034 manifeste
2424 2977 2728 3032 declarans.
2760 2974 2914 3029 Hunc
2941 2974 3107 3030 Deum
3138 2971 3308 3026 Jacob
3339 2964 3494 3025 invd-

1939 3087 2092 3133 cans,
2125 3071 2414 3124 adventum
2440 3079 2712 3123 maturare
2737 3083 2895 3123 suum
2919 3073 3093 3136 rogat.
3125 3063 3373 3118 —Vens.
3399 3063 3487 3118 10.

1939 3159 2423 3226 Protectornoster,
2469 3161 2664 3228 aspice,
2697 3158 2859 3211 Deus.
2915 3142 3189 3222 Quos'nam
3248 3155 3492 3223 aspicere

1867 3271 1910 3327 α
1942 3259 2116 3320 rogat,
2145 3250 2250 3306 nisi
2275 3265 2368 3304 eos
2396 3250 2491 3319 qui
2523 3249 2578 3302 iu
2627 3249 2764 3302 valle
2794 3249 3154 3316 lacrymarum
3201 3245 3491 3299 amictione

1940 3340 2297 3410 premuntur?
2335 3338 2540 3392 Deinde
2567 3352 2696 3392 vero
2748 3336 3058 3406 subiungit,
3090 3345 3140 3390 et
3193 3336 3386 3403 respice
3437 3335 3492 3386 in

1940 3429 2128 3499 faciem
2157 3428 2357 3483 Christi
2391 3428 2487 3491 tui,
2514 3442 2714 3496 rogans
2743 3425 2835 3480 Dei
2873 3425 3028 3480 Verbi
3081 3425 3370 3498 adventum
3424 3425 3492 3477 ad

1940 3520 2214 3577 Christum
2239 3535 2421 3582 suum,
2451 3533 2609 3588 quem
2645 3533 2710 3570 ex
2745 3516 2952 3571 semine
2980 3515 3148 3568 David
3175 3514 3369 3579 induit,
3402 3528 3492 3566 ac-

1939 3610 2182 3664 celerari.
2208 3607 2566 3672 Quamobrem
2590 3605 2779 3675 Aquila
2801 3607 2880 3660 sic
2902 3604 3272 3674 habekClypee
3291 3613 3489 3669 noster,

1939 3697 2070 3761 vide,
2104 3697 2265 3764 Deus,
2293 3707 2339 3751 et
2391 3709 2624 3750 converte
2656 3697 2853 3750 vultum
2898 3698 3040 3749 uncti
3088 3695 3185 3750 tui.
3241 3694 3489 3766 Symma-

1938 3791 2072 3846 chus
2105 3805 2250 3851 vero,
2281 3789 2557 3844 Protector
2597 3799 2773 3844 noster
2814 3789 2946 3852 vide,
2998 3789 3160 3851 Deus,
3218 3799 3267 3839 et
3321 3787 3493 3854 aspice

1938 3883 2136 3935 vultum
2166 3879 2363 3934 Christi
2391 3882 2483 3933 tui.
2514 3880 2639 3935 Haec
2664 3896 2826 3950 porro
2857 3882 3144 3949 precantur
3191 3877 3251 3940 ii,
3280 3878 3373 3946 qui
3407 3884 3492 3930 to-

1937 3981 2048 4025 tum
2097 3972 2360 4039 psalmum
2412 3972 2767 4040 pronuntiant
2819 3970 2917 4023 :hi
2965 3975 3143 4022 autem
3186 3974 3342 4020 erant
3397 3964 3492 4021 Dei

1937 4063 2228 4132 prophetae,
2258 4042 2355 4130 qui
2381 4077 2409 4114 a
2443 4061 2822 4130 spiritualibus
2858 4060 3096 4115 inimicis
3144 4059 3345 4115 servati
3376 4057 3493 4114 fue-

1936 4159 2078 4214 rant,
2113 4158 2166 4204 et
2195 4167 2224 4204 a
2254 4151 2394 4205 bello
2416 4151 2480 4205 ad
2512 4167 2698 4220 pacem
2741 4153 3009 4218 translati,
3041 4151 3228 4206 divino
3277 4149 3494 4204 amante

1937 4242 2129 4310 spiritu
2157 4240 2504 4295 tabernacula
2528 4241 2619 4296 Dei
2671 4244 3088 4312 prospiciebant,
3136 4242 3399 4296 atriorum
3436 4248 3494 4296 et

1937 4332 2184 4386 altarium
2209 4333 2328 4401 ejus
2361 4333 2664 4402 percupidi.
2719 4335 2819 4400 Qui
2854 4336 3040 4397 .etiam
3093 4333 3188 4387 Dei
3230 4331 3490 4400 Verbum,

1936 4439 2092 4476 suum
2117 4423 2171 4476 in
2195 4411 2438 4493 tempore
2461 4423 2584 4478 belli
2638 4431 2995 4492 protectorem
3051 4422 3280 4487 factum,
3331 4424 3493 4479 obse-

1935 4524 2094 4569 crant
2123 4525 2182 4570 ut
2211 4517 2278 4571 ad
2303 4516 2494 4571 faciem
2521 4515 2720 4570 Christi
2785 4516 2869 4571 sui
2927 4515 3206 4582 respiciat,
3263 4523 3322 4570 ut
3374 4518 3493 4585 ipso

279 4605 357 4674 τῷ
386 4607 513 4676 θείῳ
538 4608 811 4677 Πνεύματι
837 4606 1194 4676 προορῶντες,
1227 4607 1322 4659 καὶ
1356 4607 1450 4668 τὰς
1475 4606 1641 4668 αὐλὰς
1671 4606 1832 4658 αὑτοῦ
1867 4595 1909 4651 Ῑ)
1938 4624 2019 4678 ap]

1751 4606 1832 4657 τοῦ
1867 4595 1909 4651 Ι)
1938 4618 2229 4678 apparente
2273 4622 2337 4661 ac
2359 4605 2657 4668 Christum,
2683 4621 2748 4659 ex
2770 4604 2976 4660 semine
2999 4603 3169 4658 David
3193 4606 3491 4660 secundum

281 4697 463 4750 καὶτὰ
497 4698 846 4769 θυσιαστήρια
878 4696 1182 4758 ποθοῦντες.
1246 4698 1307 4750 Οἳ
1343 4697 1433 4749 καὶ
1464 4695 1832 4763 παρακαλοῦσι

281 4787 370 4840 τὸν
415 4789 505 4843 τοῦ
534 4790 667 4843 Θεοῦ
689 4792 856 4859 Λόγον
877 4829 889 4852 ,
925 4789 1012 4841 τὸν
1056 4790 1112 4839 ἐν
1136 4788 1212 4856 τῷ
1247 4787 1418 4857 καιρῷ
1447 4786 1552 4838 τῶν
1585 4785 1835 4854 πολέμων

281 4877 690 4950 ὑπερασπιστὴν
730 4881 905 4934 αὐτῶν
946 4879 1261 4948 γενόμενον,
1321 4877 1602 4944 ἐπιϐλέψαι
1634 4877 1722 4927 ἐπὶ
1767 4879 1827 4929 τὸ

1939 4713 2158 4757 carnem
2204 4704 2381 4750 ortum
2422 4703 2754 4758 assumente,
2810 4693 2968 4746 malis
2999 4687 3247 4763 pristinis
3301 4709 3492 4748 omnes

1941 4791 2264 4851 eximantur,
2299 4787 2685 4856 hominumque
2731 4803 2901 4858 genus
2925 4790 3064 4844 bona
3092 4801 3186 4857 per
3211 4785 3490 4840 Christum

1938 4881 2306 4932 nanciscatur.

279 4967 567 5034 πρόσωπον
593 4970 686 5023 τοῦ
711 4970 942 5041 Χριστοῦ
964 4968 1144 5028 αὑτοῦ.
1182 4969 1267 5030 ἵν’,
1295 4968 1642 5037 ἐπιφανέντος
1668 4968 1829 5020 αὐτοῦ
1870 4971 1961 5022 καὶ
1982 4971 2069 5022 τὸν
2102 4972 2165 5022 ἐκ
2188 4969 2492 5040 σπέρματος
2515 4971 2674 5025 Δαυῖδ
2692 4971 2835 5024 κατὰ.
2887 4973 3061 5041 σάρκα
3083 4969 3310 5040 Χριστὸν
3362 4969 3490 5020 άνα-

279 5057 562 5122 λαόόντος,
603 5061 754 5124 λύσις
799 5064 894 5133 μὲν
929 5065 1149 5137 γενηται
1223 5062 1499 5132 προτέρων
1563 5061 1897 5128 κακῶν¹τοῖς
1934 5067 2123 5129 πᾶσιν,
2155 5065 2334 5132 ἀγαθὰ
2361 5067 2416 5118 δὲ
2449 5066 2534 5119 διὰ
2567 5067 2658 5119 τοῦ
2689 5067 2921 5136 Χριστοῦ
2955 5066 3015 5118 τὸ
3053 5065 3158 5118 τῶν
3189 5062 3489 5134 ἀνθρώπων

279 5150 582 5221 διαδέξηται
613 5151 784 5218 γένος.

335 5266 462 5317 Ὅτι
478 5264 773 5330 κρείσσων
787 5265 973 5340 ἡμέρα
983 5268 1088 5334 μία
1102 5267 1170 5320 ἐν
1182 5266 1308 5331 ταῖς
1329 5266 1539 5330 αὐλαῖς
1551 5278 1665 5318 σου
1682 5268 1757 5320 ὑπ
1765 5267 1829 5336 ἐρ

280 5353 572 5425 χιλιάδας.
602 5354 712 5424 Τῆς
739 5354 831 5406 τοῦ
859 5355 990 5409 Θεοῦ
1021 5358 1318 5429 παρουσίας
1342 5357 1439 5427 τὴν
1466 5357 1610 5427 μίαν,
1639 5357 1738 5425 τῆς
1763 5362 1826 5413 ἐκ

281 5445 486 5518 νεκρῶν
516 5445 858 5510 ἀναστάσεως
889 5449 1120 5519 ἡμέραν,
1157 5451 1288 5502 πολὺ
1323 5450 1552 5517 κρείττω
1579 5450 1827 5518 χιλιάδων

279 5540 372 5593 καὶ
403 5538 795 5610 προτιμοτέραν
819 5542 845 5592 6
877 5541 964 5592 τὸν
994 5543 1237 5611 παρόντα
1258 5541 1468 5610 ψαλμὸν
1492 5542 1660 5608 λέγων
1685 5543 1829 5611 ἡγεῖ-

277 5646 384 5683 ται.
411 5631 742 5684 Αἰνίττεσθαι
762 5630 817 5682 δέ
841 5630 1075 5700 ἠγοῦμαι
1097 5633 1181 5686 διὰ
1199 5635 1305 5686 τῶν
1326 5633 1572 5703 χιλιάδων
1592 5633 1679 5685 τὸν
1703 5635 1826 5704 χρό-

279 5737 367 5783 νον
391 5723 491 5790 τῆς
521 5723 823 5786 συστάσεως
850 5724 947 5793 τῆς
984 5725 1348 5795 Ἰερουσαλήμ.
1422 5726 1506 5777 Ἐν
1547 5725 1684 5786 ὅλοις
1718 5727 1825 5794 γὰρ

351 5882 394 5915 ε’
430 5873 572 5938 Psal.
612 5891 803 5945 um,
836 5879 867 5933 6
965 5879 1007 5912 ³⁸
1049 5880 1213 5934 ibid..
1257 5881 1302 5932 l.
1382 5882 1423 5915 ³⁸
1459 5879 1599 5934 [‘5‘2.
1639 5894 1798 5948 ιιι-ιι,
1838 5882 1884 5937 ι.

2005 5267 2167 5323 Vens.
2186 5269 2269 5322 11.
2293 5271 2429 5336 Quia
2456 5269 2637 5321 melior
2660 5281 2732 5321 est
2763 5270 2870 5321 dies
2895 5285 2996 5319 una
3011 5269 3062 5319 in
3091 5269 3244 5320 atriis
3265 5272 3489 5321 tuis-su-

1931 5377 2020 5430 per
2042 5361 2232 5413 millia.
2277 5360 2446 5423 Unam
2479 5359 2573 5415 Dei
2603 5360 2934 5430 prmsentiae,
2989 5359 3040 5413 id
3073 5369 3190 5426 cst,
3239 5373 3486 5414 resurre-

1933 5451 2127 5512 ctionis
2157 5465 2223 5504 ex
2251 5451 2477 5505 mortuis
2507 5449 2648 5504 diem
2671 5489 2684 5513 ,
2710 5450 2792 5504 vel
2826 5450 3060 5504 millibus
3095 5451 3284 5503 diebus
3311 5449 3482 5504 multo

1933 5545 2206 5597 meliorem
2239 5553 2293 5598 et
2323 5535 2763 5614 praestabiliorem
2804 5559 2923 5598 esse
2963 5544 3258 5596 arbitratur
3313 5541 3359 5596 is
3384 5545 3489 5611 qui

1933 5634 2195 5703 psalmum
2228 5635 2371 5688 hunc
2401 5633 2624 5702 profert.
2661 5633 2758 5687 Illo
2804 5643 2981 5687 autem
3015 5632 3313 5687 millenario
3348 5643 3480 5702 pulo

1933 5726 2262 5780 subindicari
2287 5735 2517 5796 tempus,
2543 5739 2651 5794 quo
2692 5723 3026 5794 Jerosolynia
3055 5724 3327 5788 substitit:
3355 5738 3484 5778 nam

1963 5892 2004 5914 ‘°
2040 5879 2172 5937 Gen.
2209 5894 2388 5949 nx",
2422 5883 2509 5936 ‘28.
2589 5881 2633 5912 "
2674 5877 2801 5936 ibid.
2841 5879 2924 5933 50.
