4406 6420
903 510 1041 568 1015

1626 507 1885 564 EUSEBII
1922 502 2392 563 CESARIENSIS
2422 502 2569 558 OPP.
2609 500 2787 556 PARS
2820 500 3382 559 lu.—EXEGETICA.

3933 508 4068 563 1016

901 628 1031 686 totis
1071 626 1211 680 mille
1257 629 1411 679 annis
1456 625 1709 695 templum
1760 626 1877 693 ejus
1927 622 2169 688 duravit;
2219 616 2434 675 totidem
2464 626 2510 681 Α
2537 618 2641 688 χιλί

2326 619 2434 675 dem
2464 626 2510 681 Α
2537 618 2723 688 χιλίοις
2754 618 2893 670 ἔτεσι
2923 619 3147 689 συνέστη
3178 621 3206 672 6
3244 621 3299 671 ἐν
3327 620 3460 689 αὐτῇ
3503 621 3658 682 νεώς·
3692 620 3921 674 τοσαῦτα
3960 624 4066 695 γὰρ

903 717 1098 786 quippe
1126 722 1476 769 numerantur
1506 729 1537 766 a
1581 714 1760 783 templi
1794 712 2098 767 Salomonis
2128 710 2436 765 fundatione

902 821 1072 875 usque
1110 805 1175 858 ad
1225 804 1517 859 Salvatoris
1552 806 1723 858 nostri
1762 804 2069 861 adventum.
2116 805 2263 867 Quos
2310 802 2436 855 item

899 894 1125 949 indicari
1163 902 1296 964 puto
1338 894 1392 947 in
1430 894 1861 962 Luxtxpsalmo
1885 931 1898 955 ,
1952 892 2044 960 qui
2085 891 2434 954 inscribitur,

904 982 1086 1037 Oratio
1118 981 1353 1053 Moysis;
1384 983 1437 1036 in
1470 983 1822 1052 sequentibus
1854 981 2049 1051 quippe
2088 982 2203 1036 haec
2230 981 2389 1035 habet
2419 1000 2431 1034 :

904 1074 1160 1138 Quoniam
1190 1074 1328 1127 mille
1356 1076 1480 1128 anui
1505 1084 1623 1127 ante
1653 1074 1827 1127 oculos
1846 1084 1969 1139 tuos
1990 1080 2009 1136 ,‘
2054 1084 2299 1142 tanquam
2328 1071 2435 1127 dies

900 1162 1138 1216 hesterna
1163 1178 1275 1231 qua:
1300 1164 1579 1231 praeteriit,
1618 1171 1665 1215 et
1694 1162 1929 1215 custodia
1957 1164 2009 1215 in
2037 1169 2202 1217 nocte.
2236 1159 2437 1228 Hujus-

900 1253 1044 1307 modi
1077 1255 1255 1323 itaque
1282 1252 1581 1330 millenario
1609 1251 1689 1305 vel
1724 1268 1829 1306 una
1866 1253 1983 1307 dies
2022 1248 2437 1305 resurrectionis

901 1341 1196 1397 Salvatoris
1225 1343 1396 1413 nostri
1430 1357 1495 1396 ex
1532 1344 1761 1398 mortuis
1791 1339 2145 1412 praeponenda
2166 1382 2181 1406 ,
2217 1349 2271 1393 et
2304 1354 2438 1408 pre-

902 1434 1093 1487 tiosior
1121 1433 1309 1487 haberi
1334 1431 1493 1491 debet
1554 1434 1603 1488 ei
1658 1436 1749 1503 qui
1783 1434 2021 1502 ejusdem
2063 1446 2246 1485 amore
2287 1431 2439 1484 duci-

902 1529 1010 1577 tur.
1043 1522 1219 1587 Quare
1247 1523 1533 1579 adventum
1554 1530 1821 1577 maturare
1848 1537 2002 1577 suum
2032 1528 2185 1591 rogat
2211 1518 2395 1573 dicens
2420 1538 2432 1573 :

900 1612 1107 1679 Aspice,
1142 1611 1309 1675 Deus,
1343 1621 1392 1665 et
1422 1614 1613 1681 respice
1643 1614 1698 1666 in
1729 1614 1915 1681 faciem
1943 1610 2138 1667 Christi
2170 1612 2278 1674 tui,
2309 1627 2437 1679 quo-

901 1700 1044 1752 niam
1074 1702 1252 1756 melior
1274 1711 1352 1756 est
1385 1702 1492 1759 dies
1516 1718 1621 1755 una
1647 1704 1698 1757 in
1737 1703 1885 1756 atriis
1918 1704 2019 1756 tuis
2049 1716 2202 1769 super
2244 1700 2432 1758 millia.

900 1786 1084 1858 Neque
1111 1806 1238 1844 vero
1260 1792 1425 1845 millia
1480 1793 1568 1846 hic
1620 1792 1899 1860 pluraliter
1931 1789 2241 1860 accipienda
2288 1797 2434 1845 sunt.

900 1878 1035 1930 Nam
1070 1881 1210 1950 apud
1238 1881 1490 1937 Hebraeos
1520 1883 1631 1936 haec
1655 1896 1755 1935 vos
1780 1882 2061 1934 millenare
2083 1895 2247 1934 unum
2274 1881 2437 1949 signi-

901 1966 1024 2021 ﬁcat
1048 2008 1063 2033 ,
1113 1979 1169 2023 ut
1196 1972 1391 2041 cuique
1439 1970 1803 2025 Consideranti
1835 1970 2010 2039 palam
2042 1970 2165 2023 erit.
2200 1967 2265 2022 Et
2311 1970 2438 2037 quia

901 2065 1016 2119 dies
1048 2078 1154 2117 una
1184 2063 1237 2115 in
1266 2061 1417 2115 atriis
1445 2076 1539 2129 per
1566 2068 1737 2115 totum
1763 2061 1946 2115 orbem
1976 2061 2029 2113 in
2060 2059 2291 2114 adventu
2322 2058 2437 2125 Dei,

902 2156 994 2223 qui
1022 2152 1429 2224 praenuntiatum
1469 2150 1703 2204 fundatis
1728 2190 1743 2213 ,
1784 2149 2123 2218 pmtantior
2151 2155 2234 2202 est
2278 2148 2442 2201 milli-

901 2245 1034 2309 bus;
1071 2244 1191 2298 ideo
1227 2243 1475 2312 superius
1508 2258 1721 2311 quoque
1745 2242 1992 2297 dicebat:
2036 2240 2360 2308 Concupiscit
2390 2248 2439 2294 et

904 2333 1080 2400 deﬁcit
1104 2334 1277 2385 anima
1303 2349 1416 2387 mea
1445 2333 1497 2385 in
1535 2333 1676 2385 atria
1724 2330 1953 2387 Domini.
1988 2330 2055 2383 Et
2093 2345 2284 2384 rursus
2313 2330 2438 2399 quia

899 2422 1010 2492 jam
1035 2438 1192 2492 supra
1219 2423 1444 2485 dixerat,
1464 2422 1612 2475 Beati
1633 2422 1720 2488 qui
1741 2422 1975 2474 habitant
1998 2422 2055 2473 in
2081 2419 2234 2476 domo
2251 2429 2360 2483 tua,
2384 2421 2439 2474 in

902 2514 1095 2566 saecula
1117 2514 1423 2568 meatorum
1457 2493 1742 2565 laudab'unt
1789 2522 1874 2566 te:
1922 2511 2007 2564 his
2038 2510 2191 2564 ﬁdem
2238 2510 2439 2565 habens

902 2616 965 2661 ac
988 2617 1172 2656 verum
1195 2616 1315 2655 esse
1345 2601 1549 2654 dictum
1582 2600 1888 2669 hujusmodi
1919 2614 2239 2669 persuasus,
2278 2614 2342 2653 ea
2373 2600 2439 2653 de

902 2706 1066 2745 causa
1094 2692 1214 2746 dico
1242 2711 1255 2745 :
1290 2691 1436 2761 Elogi
1457 2691 1683 2759 abjectus
1711 2708 1820 2746 esse
1838 2693 1892 2747 in
1913 2691 2065 2744 domo
2087 2690 2182 2746 Dei
2207 2692 2305 2743 mei
2328 2704 2440 2743 ma-

902 2782 1017 2849 gis;
1050 2788 1109 2835 ut
1140 2782 1196 2835 in
1219 2781 1377 2835 domo
1406 2780 1495 2835 Dei
1528 2782 1834 2837 consistens
1886 2781 1941 2834 in
1990 2779 2186 2843 saecula
2218 2779 2440 2833 saeculo.

902 2886 1025 2925 rum
1059 2871 1221 2925 Deum
1264 2871 1482 2931 laudare
1518 2873 1743 2926 valeam.
1780 2871 1885 2927 Sed
1912 2872 2073 2926 etiam
2108 2870 2250 2926 sicut
2294 2871 2439 2925 diem

903 2974 1065 3014 unam
1086 2961 1321 3015 millibus
1347 2960 1566 3014 antetuli
1590 3000 1605 3024 ,
1637 2961 1788 3015 itaet
1816 2960 2031 3015 domum
2057 2960 2170 3025 Dei,
2194 2975 2313 3031 qua:
2358 2968 2440 3015 est

905 3049 1146 3133 Ecclesia
1178 3048 1271 3104 Dei
1331 3050 1559 3104 viventis
1583 3089 1598 3113 ,
1651 3046 1900 3105 columna
1950 3058 2005 3104 et
2035 3041 2438 3105 fundamentum

899 3139 1163 3201 veritatis,
1186 3138 1366 3208 potius
1395 3139 1549 3209 elegi,
1578 3154 1737 3209 quam
1776 3139 2018 3197 habitare
2044 3141 2100 3200 in
2129 3140 2311 3196 multis
2357 3149 2441 3193 ta-

900 3228 1209 3283 bernaculis
1230 3237 1592 3300 peccatorum.
1642 3227 1774 3283 Nam
1816 3229 1920 3301 ipsi
1952 3244 2163 3305 quoque
2190 3237 2439 3299 peccato-

904 3332 995 3372 res
1024 3318 1077 3371 in
1105 3320 1335 3389 speciem
1360 3320 1828 3375 tabernaculorum
1855 3317 1949 3373 Dei
1977 3334 2096 3375 sese
2122 3334 2440 3387 composue-

903 3418 1031 3463 runt
1058 3428 1072 3463 :
1120 3408 1214 3464 sed
1243 3408 1584 3463 tabernacula
1613 3409 1733 3473 Dei,
1751 3408 2031 3475 amabilia;
2076 3415 2437 3478 peccatorum,

902 3499 1027 3553 odio
1056 3498 1215 3567 digna
1244 3508 1389 3555 sunt.
1422 3529 1491 3545 -η-
1522 3498 1685 3553 Vens.
1737 3498 1823 3559 12,
1863 3498 2001 3565 Quia
2029 3496 2441 3551 misericordiam

902 3600 951 3642 et
982 3590 1241 3642 veritatem
1286 3588 1455 3664 diligit
1490 3587 1735 3651 Dominus
1776 3589 1948 3655 Deus,
1984 3589 2208 3658 gratiam
2246 3598 2295 3643 et
2329 3587 2441 3657 glo-

906 3678 1041 3730 riam
1074 3674 1218 3727 dabit
1253 3674 1524 3733 Dominus.
1572 3674 1674 3729 Pro
1722 3678 1832 3741 illo,
1860 3676 1997 3743 Quia
2031 3676 2440 3729 misericordiam

904 3774 954 3819 et
978 3766 1243 3819 veritatem
1269 3765 1439 3835 diligit
1467 3764 1973 3836 Dominus,Aquila,
1990 3765 2126 3831 Quia
2144 3766 2440 3821 misericor-

906 3856 996 3913 dia
1014 3864 1063 3908 et
1085 3855 1291 3925 clypeus
1322 3854 1573 3913 Dominus
1612 3855 1783 3919 Deus;
1834 3848 2022 3926 quinta
2054 3871 2199 3910 ivero
2240 3858 2404 3911 editio
2423 3896 2439 3920 ,

910 3944 1048 4009 Quia
1071 3942 1152 3997 sol
1186 3954 1236 4001 et
1269 3952 1528 4013 protector
1569 3943 1822 4000 Dominus
1868 3944 2040 4008 Deus;
2088 3943 2441 4014 Symmachus

894 4034 1178 4098 similiter,
1203 4034 1342 4099 Quia
1368 4034 1469 4096 sol,
1494 4034 1648 4093 dixit.
1671 4033 1795 4089 Ideo
1816 4046 2067 4105 namque,
2103 4034 2197 4099 ait,
2222 4050 2327 4089 una
2352 4036 2442 4089 illa

906 4123 1023 4179 dies
1053 4110 1287 4179 millibus
1314 4124 1503 4179 melior
1523 4131 1626 4187 est,
1655 4125 1780 4193 quia
1803 4123 2062 4181 Dominus
2080 4124 2177 4180 Dei
2212 4126 2441 4181 Verbum

909 4215 1016 4271 diei
1045 4214 1190 4271 illius
1235 4202 1317 4270 sol
1354 4220 1457 4289 est.
1504 4212 1660 4273 Hunc
1701 4227 1830 4268 vero
1862 4216 2027 4270 solem
2056 4216 2313 4285 propheta
2360 4216 2443 4272 his

908 4306 1088 4371 verbis
1118 4303 1512 4360 subindicavit:
1566 4302 1883 4361 Timentibus
1928 4297 2101 4363 autem
2134 4322 2210 4359 me
2250 4307 2445 4363 orietur

909 4392 1001 4450 Sol
1034 4395 1294 4464 justitiw,
1329 4404 1377 4448 et
1410 4394 1605 4449 medela
1638 4396 1692 4448 in
1717 4394 1816 4448 alis
1853 4395 1964 4462 ejus
1997 4395 2060 4448 ³⁸.
2102 4394 2236 4449 Eum
2270 4397 2443 4465 ipsum

907 4484 1237 4555 signiﬁcabat
1254 4484 1345 4554 qui
1374 4483 1544 4551 dixit:
1578 4483 1647 4538 Et
1676 4482 1871 4542 occidet
1889 4484 1969 4536 sol
1992 4500 2144 4551 super
2172 4486 2442 4555 prophetas

2532 705 2600 779 ἦν
2617 709 2683 762 τὰ
2708 709 2813 761 ἀπὸ
2830 710 2926 779 τῆς
2944 708 3277 779 Σολομῶντος
3302 697 3640 778 κατασκευῆς
3652 709 3742 763 τοῦ
3771 710 3895 764 ναοῦ
3912 712 4068 785 μέχρι

2532 800 2630 867 τῆς
2650 796 2742 849 τοῦ
2766 798 3009 867 Σωτῆρος
3030 800 3061 868 ὴ
3070 799 3182 868 μῶν
3203 794 3517 871 παρουσίας,
3545 800 3580 853 ἃ
3603 802 3693 854 καὶ
3714 797 3864 867 αὖθις
3880 803 4068 874 δηλοῦ-

2536 886 2656 939 σθαι
2684 886 2916 957 ήγοῦμαι
2947 886 3029 940 διὰ
3053 887 3146 939 τοῦ
3180 888 3276 941 πθ⁹
3300 888 3511 959 ψαλμοῦ
3530 928 3546 953 ,
3587 888 3644 952 ὃς
3676 890 4070 960 ἐπιγέγραπται

2500 970 2506 976 ’
2538 976 2653 1046 μὲν,
2671 974 2982 1043 Προσευχὴ
2998 975 3303 1042 Μωῦσέως,
3331 978 3462 1048 φησὶ
3488 978 3580 1031 καί
3595 977 3813 1048 προῖὼν,
3839 979 3957 1033 Ὅτι
3982 982 4068 1048 χί-

2533 1070 2633 1120 λια
2666 1065 2768 1132 ἐτη
2808 1067 2877 1118 ἐν
2916 1066 3233 1135 ὀφθαλμοῖς
3261 1082 3374 1120 σου
3401 1067 3541 1121 ὡσεὶ
3575 1067 3763 1137 ἡμέρα
3794 1069 3832 1136 ἡ
3876 1068 4066 1138 ἐχθὲς,

2534 1156 2664 1223 ἥτις
2693 1154 2914 1223 διῆλθε,
2949 1157 3047 1212 καὶ
3074 1157 3311 1225 φυλακὴ
3329 1159 3397 1211 ἐν
3419 1159 3611 1212 νυκτί.
3646 1160 3755 1231 Τῆς
3777 1156 3868 1213 οὖν
3900 1158 4073 1230 χιλιάε

2534 1249 2620 1311 δος
2649 1249 2857 1320 ἐκείνης
2887 1251 2917 1318 ὴ
2952 1251 3049 1319 μία
3073 1249 3253 1321 ἡμέρα
3280 1250 3375 1319 τῆς
3407 1251 3469 1304 ὲκ
3502 1251 3706 1322 νεκρῶν
3730 1251 4073 1315 ἀναστάσεως

2533 1337 2625 1391 τοῦ
2642 1339 2887 1409 Σωτῆρος
2902 1339 3054 1409 ἡμῶν
3075 1340 3366 1411 προκριτέα
3383 1342 3473 1393 καὶ¹
3492 1343 3858 1415 προτιμοτέρα
3875 1344 4073 1413 τυγχάη

2534 1445 2612 1481 νει
2636 1430 2711 1499 τῷ
2739 1429 2938 1501 ταύτης
2968 1430 3273 1501 ὲπιθυμητῇ
3306 1431 3594 1501 γενομένῳ.
3623 1432 3714 1486 Διὸ
3738 1432 3953 1503 εὔχεται
3978 1449 4071 1487 τα·-

2535 1519 2690 1589 χῦναι
2711 1516 2809 1589 τὴν
2829 1522 3123 1590 παρουσίαν
3146 1521 3307 1573 αὐτοῦ
3334 1521 3531 1589 λέγων·
3575 1522 3704 1586 Ἰὃὲ,
3734 1527 3766 1577 ό
3786 1523 3948 1591 Θεὸς,
3975 1524 4072 1577 καὶ

2533 1610 2973 1676 ἐπίϐλεψονεὶς
2998 1610 3060 1662 τὸ
3083 1614 3401 1678 πρόσωπον
3421 1610 3524 1664 τοῦ
3548 1612 3801 1678 Χριστοῦ
3820 1630 3954 1678 σου,
3986 1613 4075 1667 ὅτι

2536 1700 2830 1767 κρείσσων
2855 1699 3043 1768 ἡμέρα
3072 1702 3178 1769 μία
3196 1702 3265 1755 ἐν
3285 1702 3411 1769 ταῖς
3436 1701 3646 1767 αὐλαῖς
3667 1717 3782 1761 σου
3806 1704 3955 1771 ὑπὲρ
3987 1722 4075 1773 χιε

2532 1788 2761 1855 λιάδας.
2821 1790 2893 1842 Οὐ
2937 1790 3149 1853 πάντως
3173 1791 3228 1844 δὲ
3259 1790 3626 1861 πληθυντικῶς
3655 1792 3939 1845 ἀκουστέον
3965 1792 4073 1846 τῶν

2539 1878 2785 1947 χιλιάδων
2804 1896 2816 1909 ι
2851 1880 2997 1950 παρὰ
3021 1878 3127 1951 γὰρ
3166 1879 3426 1949 Ἑϐραίοις
3448 1879 3582 1951 αῦτη
3616 1883 3648 1951 ὴ
3679 1878 3818 1944 λέξις
3841 1880 3966 1950 μίαν
3992 1899 4075 1951 χιε

2536 1969 2687 2023 λιάδα
2712 1969 2979 2039 σημαίνει,
2999 1970 3074 2032 ὼς
3094 1970 3251 2022 παντὶ
3270 1968 3709 2042 τῷὲπιστήσαντι
3728 1970 3884 2040 δῆλον
3905 1971 4073 2027 ἔσται.

2536 2060 2645 2117 Καὶ
2687 2060 2980 2131 ἐπειδήπερ
3013 2062 3045 2129 ἡ
3092 2062 3186 2130 μία
3224 2062 3401 2132 ἡμέρα
3436 2054 3795 2135 προτιμοτέρα
3836 2064 3950 2116 ἐστὶ
3980 2064 4079 2135 τῆς

2535 2148 2764 2219 χιλιάδος
2783 2150 2840 2200 έν
2858 2149 2976 2211 ταῖς
2996 2149 3180 2211 αὐλαῖς
3200 2154 3317 2213 ταῖς
3339 2150 3458 2203 καθ’
3478 2150 3601 2220 ὅλης
3621 2151 3718 2221 τῆς
3734 2153 3881 2204 οἰκου
3890 2151 4075 2221 μένης.

2534 2218 2621 2291 διὰ
2653 2237 2750 2307 τῆς
2788 2236 3097 2306 θεοφανείας
3124 2238 3215 2290 τοῦ
3247 2218 3715 2309 προφητευομένου
3744 2218 3901 2303 Θεοῦ,
3936 2218 4099 2311 ἱεροί

2535 2329 2769 2393 θείσαις·
2826 2329 2912 2383 διὰ
2950 2334 3106 2386 τοῦτο
3136 2330 3227 2383 καὶ
3258 2331 3507 2402 ἀνωτέρω
3533 2332 3739 2399 ἔλεγεν·
3787 2332 4085 2387 Ἐπιποθεῖ

2535 2422 2630 2476 καὶ
2648 2421 2903 2493 ἐκλείπει
2920 2420 2959 2486 ἡ
2974 2420 3140 2487 ψυχή
3154 2438 3271 2488 μου
3286 2422 3372 2486 εἰς
3390 2419 3496 2485 τὰς
3513 2420 3701 2486 αὐλὰς
3718 2420 3823 2475 τοῦ
3837 2422 4076 2489 Κυρίου.

2535 2511 2643 2563 Καὶ
2670 2511 2829 2563 πάλιν
2861 2510 3158 2580 ἐπειδήπερ
3200 2511 3450 2580 ἀνωτέρω
3479 2509 3627 2579 ἔλεγε
3654 2511 3745 2575 τὸ,
3797 2510 4080 2579 Μακάριοι

2534 2603 2588 2653 ol
2617 2601 3026 2667 κατοικοῦντες
3049 2602 3118 2653 ἐν
3143 2600 3221 2665 τῷ
3241 2600 3383 2666 οίκῳ
3410 2616 3525 2656 σου
3544 2639 3561 2665 ,
3586 2604 3671 2666 εἰς
3694 2601 3836 2668 τοὺς
3863 2601 4081 2667 αιῶνιις

2535 2688 2652 2743 τῶν
2668 2690 2890 2745 αἰώνων
2903 2690 3212 2745 αἱνέσουσί
3232 2707 3305 2744 σε
3322 2707 3335 2721 ο
3354 2691 3521 2759 τούτῳ
3541 2691 3806 2747 πιστεύων
3825 2692 3917 2744 καὶ
3931 2692 4080 2761 ἀκρι-

2536 2779 2644 2841 ϐῶς
2689 2781 3042 2848 πεπεισμένος
3072 2780 3241 2850 άληθῆ
3274 2776 3408 2835 εἷναι
3445 2780 3535 2833 τὸν
3572 2780 3757 2847 λόγον,
3798 2779 3886 2833 διὰ
3923 2780 4079 2833 τοῦτὸ

2537 2888 2674 2941 φημι
2696 2886 2709 2899 ’
2757 2869 3155 2937 Ἑξελεξάμην
3178 2869 3695 2937 παραρῤιπτεῐσθαι
3718 2870 3788 2922 ἐν
3828 2868 3907 2935 τῷ
3939 2872 4081 2935 oliuo

2535 2960 2640 3014 τοῦ
2668 2960 2811 3013 Θεοῦ
2827 2978 2944 3027 μου
2975 2958 3245 3027 μᾶλλον)
3283 2959 3346 3012 ἵν’
3369 2962 3425 3012 ὲν
3454 2958 3531 3028 τῷ
3554 2959 3687 3029 οἴκῳ
3710 2958 3802 3011 τοῦ
3824 2958 3956 3012 Θεοῦ
3980 2960 4077 3023 ὢν,

2535 3048 2771 3117 δύνωμαι
2803 3050 2880 3110 είς
2907 3050 3029 3110 τοὺς
3047 3047 3243 3110 αἰῶνας
3269 3046 3376 3099 τῶν
3400 3046 3605 3106 αἰώνων
3626 3049 3793 3101 αἰνεῖν
3816 3047 3906 3100 τὸν
3924 3047 4071 3102 Θεόν.

2535 3138 2748 3195 Μᾶλλον
2777 3138 2833 3191 δὲ
2857 3137 3178 3207 ἐξελεξάμην
3209 3137 3393 3207 ὥσπερ
3424 3138 3521 3208 τὴν
3554 3137 3681 3206 μίαν
3708 3136 3916 3210 ἡμέραν
3942 3138 4078 3209 ὑπὲρ

2538 3229 2637 3294 τὴν
2686 3227 2897 3297 χιλιάδα
2918 3266 2932 3289 ,
2964 3226 3103 3281 οὕτω
3152 3227 3243 3279 τὸν
3282 3223 3427 3280 οἷκον
3457 3226 3550 3280 τοῦ
3578 3216 3746 3291 Θεοῦ,
3784 3228 3903 3296 ἥτις
3932 3228 4080 3280 ἐστὶν

2551 3316 2838 3387 Ἐκκλησία
2856 3316 2986 3370 Θεοῦ
3003 3317 3219 3380 ζῶντος,
3244 3316 3427 3380 στῦλος
3442 3319 3535 3371 καὶ
3551 3316 3827 3388 ἑδραίωμα
3839 3317 3938 3388 τῆς
3951 3318 4079 3388 άληη

2540 3408 2724 3471 θείας,
2779 3406 2975 3475 μᾶλλον
3016 3407 3049 3476 ἢ
3091 3408 3254 3461 οἰκεῖν
3291 3408 3348 3459 ὲν
3387 3406 3597 3469 πολλοῖς
3632 3409 3946 3477 σκηνώμασι
3973 3409 4077 3461 τῶν

2538 3497 2888 3567 ἁμαρτωλῶν,
2947 3498 3248 3567 Μιμήματα
3280 3497 3386 3567 γὰρ
3436 3496 3543 3549 τῶν
3588 3498 3949 3568 σκηνωμάτων
3986 3497 4081 3553 τοῦ

2538 3586 2670 3639 Θεοῦ
2698 3588 2860 3645 καιοί
2892 3587 3194 3657 ἁμαρτωλοὶ
3219 3588 3440 3650 ἑαυτοὺς
3458 3588 3867 3641 κατεσκεύασαν
3888 3606 3902 3619 ο
3948 3588 4080 3642 ἀλλὰ

2539 3674 2606 3727 τὰ
2638 3675 2735 3744 μὲν
2771 3675 2861 3728 τοῦ
2888 3674 3021 3727 Θεοῦ
3047 3677 3302 3747 ἀγαπητὰ
3327 3678 3577 3747 τυγχάνει
3601 3718 3615 3741 ,
3651 3680 3838 3747 μίσους
3868 3679 3924 3731 δὲ
3956 3680 4079 3743 ἄξια

2538 3763 2607 3817 τὰ
2624 3762 2730 3815 τῶν
2754 3763 3102 3833 ἁμαρτωλῶν.
3134 3766 3253 3818 Ὅτι
3268 3766 3437 3832 ἕλεος
3458 3766 3554 3820 καί
3576 3766 3861 3833 ἀλήθειαν
3883 3767 4080 3836 ἀγαπᾷ

2540 3853 2749 3919 Κύριος
2789 3854 2821 3905 ὀ
2859 3852 3031 3922 Θεὸς,
3067 3852 3241 3921 χάριν
3266 3854 3363 3907 καί
3407 3854 3590 3918 δόξαν
3631 3853 3805 3907 δώσει
3843 3857 4076 3923 Κύριος.

2553 3943 2694 3997 Ἀντί⁵
2714 3942 2828 4007 τοῦ,
2860 3944 2985 3997 Ὀτι
3007 3943 3182 3998 ἔλεον
3208 3945 3305 3998 καὶ
3324 3945 3605 4011 ἀλήθειαν
3623 3944 3820 4013 ἀγαπᾷ
3844 3944 4078 4015 Κύριος,

2541 4033 2569 4084 6
2607 4034 2829 4097 Ἀκύλας
2861 4036 3051 4105 φησὶν,
3082 4036 3200 4089 Ὅτι
3233 4035 3403 4101 ἕλεος
3440 4036 3538 4091 καί
3570 4036 3773 4103 θιφεὸς
3802 4038 4016 4105 Κύριος
4048 4042 4081 4092 ό

2544 4124 2682 4188 Θεός
2700 4141 2712 4153 ν
2749 4125 2841 4178 καὶ
2870 4127 2902 4197 ἡ
2931 4126 3151 4199 πέμπτη
3180 4126 3418 4192 ἔκδοσις,
3454 4128 3581 4182 Ὅτι
3624 4128 3791 4195 ἣλιος
3819 4128 3917 4181 καί
3944 4144 4083 4183 σκε-

2542 4212 2777 4285 παστὴς
2797 4215 3009 4289 Κύριος
3037 4218 3068 4267 ό
3096 4217 3238 4280 Θεός
3255 4231 3268 4245 ’
3298 4215 3391 4268 καὶ
3420 4217 3448 4268 6
3472 4215 3761 4289 Σύμμαχος
3789 4216 3846 4270 δὲ
3875 4216 4082 4280 τούτοις

2544 4302 2877 4371 συμφώνως,
2909 4288 3035 4363 δυτι
3052 4304 3225 4371 ἥλιον
3260 4304 3356 4375 (1),
3388 4288 3770 4374 ὠνόμασε.Διὰ
3784 4304 4083 4377 τοῦτογὰρ,

2544 4391 2706 4460 φησιν
2724 4429 2739 4453 ,
2767 4391 2945 4461 εκείνη
2979 4392 3012 4461 ἡ
3049 4392 3145 4460 μία
3175 4392 3355 4462 ἡμέρα
3382 4393 3643 4463 κρείσσων
3668 4396 3783 4447 ἐστὶ
3811 4394 4082 4465 χιλιάδων,

2545 4482 2835 4553 ἐπειδήπερ
2879 4480 3037 4543 αὐτὸς
3071 4484 3099 4533 6
3136 4480 3333 4550 Κύριος
3372 4483 3400 4534 6
3437 4482 3528 4533 τοῦ
3563 4482 3693 4536 Θεοῦ
3725 4485 3893 4552 Λόγος
3935 4474 4083 4559 ἥλιος

906 4574 996 4642 qui
1024 4588 1199 4629 errare
1248 4574 1447 4642 faciunt
1471 4572 1719 4641 populum
1761 4582 1928 4631 meum
1955 4573 2031 4639 ³⁹;
2061 4574 2313 4643 [apertius
2346 4590 2444 4628 au-
2477 4578 2519 4632 D
2546 4590 2646 4641 τυγ

2346 4590 2444 4628 au-
2477 4578 2519 4632 D
2546 4573 2795 4643 τυγχάνει
2828 4573 2926 4643 τῆς
2957 4573 3164 4643 ἡμέρας
3188 4561 3416 4644 ἓκείνης.
3469 4574 3663 4631 Τοῦτον
3687 4576 3744 4629 δὲ
3776 4576 3868 4629 καὶ
3897 4576 3925 4626 6
3948 4590 4084 4645 προςε

906 4672 1013 4717 tem
1041 4662 1228 4724 Isaias,
1259 4662 1380 4717 Non
1407 4664 1506 4717 erit
1539 4662 1635 4715 tibi
1686 4650 1844 4716 sol‘in
1870 4664 2032 4717 lucem
2065 4661 2199 4725 diei,
2240 4663 2445 4730 inquit,

907 4751 995 4809 sed
1021 4752 1123 4807 erit
1153 4752 1246 4809 tibi
1276 4751 1523 4809 Dominus
1549 4754 1643 4810 lue:
1678 4753 2008 4819 sempiterna,
2036 4762 2085 4807 et
2121 4752 2256 4807 Deus
2279 4752 2449 4822 gloria

910 4851 1000 4896 tua
1018 4842 1084 4898 ’⁸.
1120 4839 1252 4896 Cum
1276 4842 1398 4898 talis
1430 4844 1511 4897 sol
1535 4842 1794 4896 Dominus
1824 4843 1933 4907 sit,
1973 4843 2203 4909 gratiam
2245 4850 2299 4897 et
2330 4842 2446 4912 glo-

906 4934 1043 4987 riam
1092 4947 1155 4989 ac
1194 4932 1354 4987 etiam
1382 4932 1516 5003 quid
1554 4933 1899 5004 praestantius
1926 4940 1979 4986 et
2009 4933 2229 4997 melius,
2282 4939 2446 5003 atque

910 5018 1189 5079 ineﬂahile
1225 5030 1281 5077 et
1329 5021 1665 5077 reconditum
1700 5023 1898 5078 bonum
1929 5020 2077 5074 dabit
2122 5021 2188 5077 iis
2218 5024 2309 5091 qui
2337 5038 2452 5077 am-

909 5110 1096 5165 bulant
1122 5113 1175 5164 in
1208 5110 1550 5176 innocentia;
1580 5111 1705 5165 sive
1745 5109 2037 5165 secundum
2078 5107 2451 5178 Symmachum

911 5199 1096 5269 (Vens.
1120 5200 1223 5268 15),
1247 5203 1313 5255 iis
1342 5201 1429 5268 qui
1463 5199 1729 5253 ambulant
1766 5201 1818 5253 in
1841 5199 2168 5269 perfectione.
2210 5200 2337 5255 Ideo
2366 5200 2449 5259 οι-

911 5288 1012 5341 ctis
1056 5284 1211 5339 ﬁdem
1244 5287 1473 5349 habens,
1530 5300 1595 5341 ac
1632 5287 1799 5354 probe
1841 5301 2131 5357 persuasus
2186 5303 2308 5343 vera
2363 5288 2467 5341 illa‘

912 5392 1051 5439 esse,
1070 5377 1148 5431 sic
1171 5388 1469 5431 sermonem
1484 5378 1676 5432 claudo
1699 5396 1712 5429 :
1748 5376 1966 5434 Domine
1981 5379 2250 5449 virtutum,
2272 5378 2449 5432 beatus

912 5465 1060 5523 homo
1083 5465 1173 5535 qui
1199 5473 1370 5534 sperat
1399 5466 1454 5517 in
1488 5475 1554 5521 te.
1588 5465 1720 5521 Nam
1768 5467 1813 5522 si
1855 5466 1976 5547 quis
2007 5468 2175 5522 aliter.
2199 5483 2229 5521 a
2271 5470 2451 5521 multis

911 5554 1102 5615 beatus
1131 5554 1351 5621 dicitur;
1390 5554 1493 5623 ipsi
1514 5570 1643 5613 sane
1677 5556 1811 5615 falsa
1839 5557 2111 5612 beatitudo
2144 5558 2447 5613 ascribitur.

2550 4662 2721 4732 φὴτης
2751 4661 2839 4720 τὸν
2867 4661 3013 4728 ἥλιον
3039 4661 3277 4730 ᾐνίττετο
3302 4662 3502 4731 φήσας·
3560 4664 3685 4730 Τοῖς
3704 4664 3771 4719 δὲ
3797 4664 4083 4732 φοϐουμέ-

2550 4764 2677 4813 νοις
2685 4765 2762 4817 με
2775 4750 2953 4803 ἀνατε
2963 4747 3255 4813 “Insidiae
3278 4747 3657 4819 δικαιοσύνης
3670 4789 3686 4815 ,
3710 4750 3808 4805 καὶ
3837 4750 3995 4816 ἴασις
4015 4753 4087 4805 ἐν

2548 4838 2674 4904 ταῖς
2700 4838 2980 4907 πτέρυξιν
3010 4835 3213 4891 αὐτοῦ.
3240 4838 3341 4892 Τὸν
3364 4840 3522 4892 αὑτὸν
3540 4839 3597 4892 δὲ
3616 4838 3808 4908 ’ἐδήλου
3837 4840 3930 4893 καὶ
3958 4842 3987 4893 6
4017 4844 4088 4893 εί-

2550 4926 2682 4980 πών·
2707 4928 2815 4984 Καὶ
2836 4928 3078 4981 δύσεται
3097 4928 3336 4995 δ”Ηλιος
3353 4930 3449 4983 ἐπὶ
3466 4929 3604 4994 τοὺς
3622 4928 3923 4997 προφήτας
3943 4931 4089 4998 τοὺς

2552 5018 2897 5083 πλανῶντας
2917 5017 3019 5070 τὸν
3031 5020 3179 5077 λαόν
3194 5037 3311 5088 μου
3325 5037 3337 5049 ·
3362 5020 3683 5088 γυμνότερον
3700 5020 3755 5074 δὲ
3786 5024 3813 5074 6
3839 5022 4085 5089 Ἡσαΐας,

2546 5110 2665 5161 Οὐκ
2694 5110 2860 5162 ἐσται
2880 5123 2976 5160 σοι
3004 5111 3037 5161 ό
3065 5108 3233 5177 ἣλιος
3256 5114 3339 5176 εἰς
3363 5108 3485 5177 φῶς
3511 5108 3615 5178 τῆς
3641 5112 3879 5180 ἡμέρας,
3901 5114 4086 5183 φησιν,

2551 5197 2684 5253 ἀλλ’
2719 5199 2887 5251 ἔσται
2922 5212 3020 5250 σοι
3058 5201 3270 5267 Κύριος
3299 5197 3423 5267 φῶς
3454 5200 3718 5268 αίώνιον,
3750 5202 3846 5255 καὶ
3880 5206 3913 5256 ό
3943 5203 4088 5269 Θεὸς

2551 5287 2695 5351 δόξα
2721 5304 2854 5345 σου.
2885 5288 3127 5352 Τοιοῦτος
3147 5290 3202 5342 δὲ
3226 5288 3371 5359 ἥλιος
3400 5289 3472 5342 ῶν
3500 5292 3527 5342 ὁ
3554 5278 3772 5362 Κύριος,
3805 5292 3962 5362 χάριν
3992 5293 4086 5345 καὶ

2552 5376 2703 5441 δόξαν
2736 5378 2828 5429 καὶ
2856 5376 2935 5429 ἔτι
2975 5378 3157 5448 μεῖζον
3190 5379 3282 5431 καὶ
3313 5382 3552 5447 κρεῖττον
3574 5421 3589 5447 ,
3623 5382 3854 5453 nemo»
3886 5399 3946 5434 τε
3992 5382 4087 5437 καὶ

2554 5468 2853 5539 ἀπόρρητον
2893 5470 3090 5536 ἀγαθὸν
3130 5464 3285 5522 δώσει
3317 5474 3425 5535 τοῖς
3457 5473 3831 5542 πορευομένοις
3859 5474 3916 5524 ἑν
3946 5472 4078 5523 άκαο

2557 5557 2673 5626 κίᾳ·
2708 5560 2740 5628 ἢ
2775 5559 2910 5613 κατὰ
2940 5560 3029 5613 τὸν
3059 5560 3365 5633 Σύμμαχον,
3405 5563 3529 5629 Τοῖς
3552 5562 3863 5619 ὁδεύουσιν
3999 5572 4068 5623 te

990 5706 1034 5737 ³⁸
1073 5705 1297 5761 Malach.
1331 5722 1404 5771 tv,
1433 5706 1488 5761 2.
1565 5707 1608 5739 ”
1646 5707 1809 5764 Mich.
1841 5724 1939 5773 ut,
1976 5710 2029 5767 6.
2102 5710 2145 5743 “
2185 5710 2287 5765 lsa.
2327 5725 2427 5770 ιτ,
2467 5706 2549 5761 19.

997 5819 1069 5889 (ἰ)
1109 5818 1245 5878 Vera
1275 5821 1431 5876 lectio
1460 5830 1540 5878 est
1570 5822 1774 5887 Ἤλιος,
1803 5830 1972 5889 ωϊέτυ.
