4406 6410
389 500 521 556 {0H

1452 492 1941 551 COMMENTARIA
1981 492 2045 547 IN
2082 475 2413 548 PSALMOS.

3450 493 3569 558 ιοιδ

386 623 672 688 lauimus
712 617 809 670 Διά
847 617 1000 670 τοῦτο
1032 592 1293 667 πιστεύων
1323 616 1433 676 τοῖς
1460 614 1765 683 εἰρημένοις
1786 653 1800 677 ,
1842 614 1934 665 καὶ
1962 622 2007 672 Α
2038 612 2126 667 Set

1842 614 1934 665 καὶ
1962 622 2007 672 A
2038 612 2164 676 Sed,
2190 622 2248 667 ut
2268 628 2393 667 vere
2426 612 2657 673 dicatur,
2684 612 2838 681 solus
2868 611 2957 665 ille
2981 610 3168 665 beatus
3193 611 3278 664 cui
3304 612 3466 681 supra
3488 613 3570 665 di-

387 710 624 783 ἀκριϐῶς
648 710 878 779 ἐμαυτὸν
904 708 1092 770 πείσας
1116 705 1331 775 ἀληθεῖς
1359 700 1492 756 εἶναι
1521 705 1644 765 τοὺς
1672 704 1796 769 περὶ
1821 704 1934 756 1:06-

387 820 494 855 των
538 802 759 869 λόγους,
793 800 941 862 τέλος
975 798 1066 850 τοῦ
1104 796 1313 858 ’παντὸς
1344 795 1499 861 λόγου
1534 795 1698 864 φημί·
1760 795 1944 860 Κύριε,

388 891 507 944 τῶν
537 891 840 958 δυνάμεων
864 929 876 953 ,
911 886 1198 956 μακάριος
1238 888 1269 937 ό
1305 883 1607 951 ἄνθρωπος
1633 886 1663 936 ὀ
1688 881 1933 941 ἐλπίζων

388 985 485 1037 ἐπὶ
510 983 601 1037 σέ.
647 984 760 1043 Πᾶς
789 981 894 1050 γὰρ
920 980 949 1030 ό
972 978 1142 1039 ἄλλως
1167 975 1313 1047 παρά
1344 979 1453 1039 τοῖς
1478 974 1685 1036 πολλοῖς
1714 990 1936 1043 μακαρι-

390 1074 609 1145 ζόμενος
638 1071 1058 1141 πεπλανημένως
1082 1069 1146 1122 ἂν
1180 1069 1544 1139 μακαρίζοιτο.
1581 1067 1753 1128 Μόνος
1782 1065 1858 1131 δὲ,
1886 1066 1933 1116 εἰ

390 1166 493 1238 χρὴ
526 1164 726 1235 τάληθῆ
769 1163 928 1232 φάναι
948 1201 963 1225 ,
1000 1160 1262 1231 μακάριος
1294 1159 1380 1213 διὰ
1423 1159 1489 1211 τὰ
1518 1157 1933 1228 προλελεγμένα,

388 1254 463 1316 ὡς
494 1254 560 1306 ἂν
588 1252 801 1305 πάντων
832 1250 935 1303 τῶν
967 1248 1182 1317 ἀγαθῶν
1208 1247 1456 1318 ἔμπλεος,
1489 1248 1515 1299 ὅ
1544 1263 1622 1297 σοι
1653 1245 1795 1314 μόνῳ
1822 1245 1937 1295 ἑαυ-

388 1342 477 1395 τὸν
507 1341 840 1411 ἀναρτήσας,
874 1340 967 1392 καί⁵
1008 1339 1184 1402 πάσας
1224 1336 1411 1391 ἑαυτοῦ
1446 1334 1543 1395 τὰς
1575 1332 1790 1399 ἐλπίδας
1820 1335 1936 1394 ταῖς

391 1432 539 1504 παρά
562 1432 643 1485 σοὶ
667 1430 1012 1498 ἐπαγγελίαις
1038 1427 1270 1492 ἀναθείς.
1324 1426 1459 1494 Ἤδη
1490 1424 1544 1477 δὲ
1574 1422 1749 1493 τρίτον
1777 1422 1833 1473 ὲν
1861 1420 1938 1489 τῷ

390 1522 614 1595 παρόντι
633 1520 829 1593 ψαλμῷ
856 1520 1157 1591 μακαρίσας
1175 1521 1202 1571 ὁ
1223 1519 1376 1585 λόγος
1395 1517 1519 1578 τοὺς
1538 1512 1938 1585 ὲμφερομένους

389 1612 448 1663 ἐν
478 1609 643 1680 αὐτῷ,
670 1608 915 1678 οὐδαμῶς
943 1608 1035 1661 τοῦ
1064 1606 1325 1660 Ἰουδαίων
1339 1602 1677 1669 ἑθνους,ζούδὲ
1707 1600 1795 1653 τοῦ
1840 1601 1938 1664 Ἰσ-

394 1703 527 1774 ραὴλ
558 1701 974 1772 ἐμνημόνευσεν,
1006 1700 1123 1753 οὐδὲ
1146 1698 1269 1760 τοὺς
1300 1694 1370 1748 τὰ
1385 1694 1659 1755 Μωῦσέως
1677 1692 1742 1745 δι’
1766 1682 1939 1762 ἔργων

388 1790 830 1862 ἀποπληροῦντας
856 1789 1183 1859 ὲμακάρισεν
1203 1804 1217 1819 ο
1254 1786 1389 1840 ἀλλὰ
1414 1784 1627 1854 πρῶτον
1652 1784 1748 1853 μὲν
1779 1782 1939 1837 καθό-

388 1884 481 1936 λου
502 1885 624 1947 τοὺς
651 1882 1030 1944 κατοικοῦντας
1051 1883 1109 1933 ὲν
1132 1878 1209 1950 τῷ
1233 1878 1364 1948 οἴκῳ
1386 1875 1474 1929 τοῦ
1495 1874 1627 1928 Θεοῦ
1643 1892 1656 1905 ·
1693 1874 1941 1946 δεύτερον

390 1977 565 2030 πάντα
598 1974 761 2045 ἄνδρα
787 1966 849 2026 οὐ
879 1969 1022 2024 ἐστιν
1049 1968 1325 2039 ἀντίληψις
1351 1965 1495 2037 αὐτῷ
1527 1964 1677 2038 παρὰ
1702 1967 1903 2034 Κυρίου
1923 1982 1936 1995 ·

2031 715 2116 758 cta
2158 712 2502 774 competunt,
2552 704 2816 773 siquidem
2868 705 2983 773 ipse
3032 702 3279 757 omnibus
3336 703 3573 772 repletur

2032 792 2209 854 bonis,
2224 792 2321 868 qui
2352 807 2473 846 sese
2500 791 2592 845 tibi
2618 792 2718 846 soli
2739 791 3093 853 concredidit,
3125 798 3399 859 totamque
3421 806 3569 859 spem

2033 883 2088 935 in
2118 882 2395 950 promissis
2435 881 2541 936 luis
2569 882 2837 951 deposuit.
2867 883 3003 935 Cum
3054 897 3213 951 porro
3243 882 3295 934 in
3325 882 3571 949 prasenti

2034 971 2240 1039 psalmo
2268 963 2377 1037 jam
2415 972 2572 1025 tertio
2604 972 2745 1025 beati
2776 971 3048 1041 praedicati
3073 971 3271 1025 fuerint
3298 970 3333 1024 ii
3366 970 3432 1024 de
3451 971 3573 1039 qui-

2035 1063 2134 1116 bus
2163 1076 2359 1125 sermo,
2389 1062 2535 1115 nulla
2569 1059 2805 1117 Judaicaa
2843 1065 3017 1133 gentis
3048 1064 3131 1116 vel
3174 1061 3385 1116 lsraelis
3432 1060 3572 1113 facta

2035 1152 2237 1206 mentio
2268 1160 2381 1217 est;
2424 1166 2599 1220 neque
2626 1152 2786 1206 etiam
2821 1167 2913 1207 ens
2942 1140 3035 1221 qui
3083 1160 3351 1221 praecepta
3378 1150 3576 1221 Moysis

2034 1244 2273 1297 exsecuti
2310 1250 2436 1299 sunt
2457 1243 2641 1299 beatos
2670 1242 3017 1313 praedicavit:
3059 1242 3152 1297 sed
3187 1243 3362 1311 primo
3412 1256 3573 1311 gene-

2037 1332 2191 1384 ratim
2219 1347 2312 1387 eos
2341 1334 2432 1401 qui
2462 1333 2705 1387 habitant
2750 1334 2805 1387 in
2839 1333 2999 1388 domo
3027 1332 3119 1387 Dei
3144 1350 3159 1399 ;
3194 1331 3433 1387 secundo
3460 1345 3577 1385 om-

2037 1436 2155 1475 nem
2188 1421 2459 1477 hominem
2487 1424 2573 1477 cui
2606 1431 2690 1478 est
2718 1425 2979 1477 auxilium
3018 1439 3049 1477 a
3079 1423 3337 1489 Domino;
3387 1437 3451 1475 ac
3482 1420 3577 1475 de-

2037 1526 2182 1563 mum
2211 1512 2267 1565 in
2296 1512 2399 1567 line
2437 1514 2724 1579 sermonis,
2753 1513 3032 1568 indeﬁnite
3068 1522 3121 1568 et
3146 1515 3437 1585 generatim
3464 1528 3579 1568 om-

2038 1620 2159 1657 nem
2192 1604 2461 1659 hominem
2503 1606 2557 1658 in
2592 1604 2874 1659 Dominum
2918 1614 3243 1674 sperantem.
3276 1604 3407 1658 Nam
3452 1620 3574 1658 cum

2039 1693 2218 1748 futura
2262 1693 2354 1750 Dei
2400 1697 2684 1766 praesentia
2746 1704 2799 1752 et
2852 1696 3054 1752 Christi
3086 1695 3153 1749 ad
3206 1696 3450 1749 homines
3478 1694 3573 1747 ad-

2038 1795 2231 1840 ventus
2260 1789 2676 1842 annuntiaretur
2697 1828 2713 1852 ,
2745 1804 2853 1842 non
2879 1786 3077 1843 Iudaeis
3099 1796 3327 1852 tantum,
3356 1786 3449 1841 sed
3467 1801 3577 1839 om-

2040 1876 2197 1931 nibus
2224 1876 2385 1932 etiam
2421 1878 2731 1933 hominibus
2764 1879 3123 1934 beatitudines
3156 1870 3295 1945 illas,
3321 1893 3438 1948 quae
3486 1891 3579 1946 pe-

2039 1983 2137 2022 nes
2165 1966 2333 2023 Deum
2361 1976 2508 2034 sunt,
2537 1971 2845 2025 annuntiari
2875 1975 3132 2041 oportuit.

390 2069 485 2128 καὶ
517 2070 607 2121 ἐπὶ
638 2068 777 2145 τέλει
812 2066 904 2120 τοῦ
971 2064 1168 2127 παντὸς
1218 2063 1376 2131 λόγου
1440 2061 1701 2133 ἀορίστως
1762 2060 1855 2111 καὶ
1890 2060 2187 2124 καθολικῶς
2230 2063 2403 2115 πάντα
2451 2063 2732 2134 ἄνθρωπον
2776 2064 2866 2116 τὸν
2906 2064 3190 2127 ἐλπίζοντα
3231 2064 3321 2115 ἐπὶ
3357 2061 3574 2132 Κύρων.

391 2158 541 2231 Χρῆν
580 2160 687 2231 γάρ
726 2159 1040 2227 ἐπιφανείας
1077 2157 1209 2211 Θεοῦ
1245 2154 1605 2245 καὶηΧριστοῦ
1646 2152 1939 2221 παρουσίας
1962 2154 2052 2245 είς
2082 2153 2395 2225 ἀνθρώπους
2452 2155 2950 2227 καταγγελλομένης
2987 2156 3059 2227 μὴ
3100 2157 3361 2219 Ἰουδαίοις
3403 2156 3557 2225 μόνον

391 2251 525 2311 ἀλλά
554 2254 646 2306 καὶ
672 2254 803 2305 πᾶσι
826 2254 937 2315 τοῖς
961 2250 1263 2322 ἀνθρώποις
1290 2242 1412 2311 τοὺς
1438 2248 1584 2319 παρά
1601 2247 1677 2318 τῷ
1698 2246 1814 2316 Θεῷ
1839 2240 2213 2316 μακαρισμοὺς
2242 2248 2703 2318 ἀναγγελίζεσθαι.
2742 2315 2756 2327 Ἰ

428 2410 535 2473 ΕιΣ
568 2410 803 2477 "ra/tos,
835 2407 987 2462 τοιΣ
1017 2408 1196 2462 non:
1226 2405 1408 2461 KOPE
1441 2405 1748 2462 ΨΑΛΜΟΣ.
1785 2403 1905 2454 ω’.
1975 2380 2017 2433 Β
2049 2409 2100 2463 ι,
2135 2408 2168 2464 ι]

1837 2405 1905 2453 Δ’-
1975 2380 2017 2433 Β
2049 2409 2100 2463 1.
2135 2406 2203 2464 ΙΝ
2239 2400 2463 2475 FINEM,
2504 2408 2703 2465 FILIIS
2728 2409 2911 2466 CORE
2948 2404 3577 2465 PSALMUS.LXXXIV.

426 2616 427 2619 η
463 2550 844 2631 Εὐδόκησας,
869 2563 1071 2630 Κύριε,
1102 2558 1216 2626 τὴν
1247 2556 1362 2627 γῆν
1390 2570 1503 2609 σου
1523 2594 1538 2620 ,
1566 2552 1943 2620 ἀπέστρεψας

390 2655 506 2723 τὴν
537 2653 949 2722 αἰχμαλωσίαν
985 2648 1195 2704 Ἰακώϐ.
1246 2645 1573 2708 ’Δκολούθως
1596 2643 1672 2714 τῷ
1698 2644 1801 2712 πρὸ
1831 2642 1947 2695 τού-

390 2763 485 2799 του
516 2744 712 2816 ψαλμῷ
747 2743 883 2815 μετά
920 2741 1015 2813 την
1044 2744 1101 2795 ὲν
1126 2739 1317 2811 ἐκείνῳ
1349 2736 1725 2792 θεσπισθεῖσαν
1757 2735 1947 2803 θεσφά-

393 2854 540 2891 νειαν
566 2837 622 2889 ὲν
642 2833 719 2905 τῷ
741 2834 874 2905 μετά
900 2835 1083 2904 χεῖρας
1104 2830 1287 2885 κακῶν
1311 2828 1598 2898 ἀπαλλαγὴ
1624 2824 1947 2896 προφητεύε-

394 2946 507 2993 ται,
544 2929 634 2981 καὶ
665 2926 926 2997 λύτρωσις
957 2924 1053 2995 μὲν
1084 2920 1452 2993 αἰχμαλωσίας
1476 2958 1491 2983 ,
1524 2916 1864 2987 συγχώρησις
1890 2914 1946 2966 δὲ

396 3002 704 3085 καὶῆᾶφεσις
730 3015 1153 3086 ἁμαρτημάτων.
1206 3012 1403 3065 Εἵπετο
1431 3008 1537 3077 γὰρ
1557 3005 1733 3062 ,ταῦτα
1755 3007 1819 3074 τῇ
1853 3000 1943 3056 τοῦ

396 3108 530 3163 Θεοῦ
556 3110 636 3171 εἰς
663 3104 977 3177 ἀνθρώπους
1008 3101 1275 3174 παρουσίᾳ
1300 3140 1315 3164 ,
1346 3100 1439 3152 καὶ
1468 3100 1577 3159 τοῖς
1603 3096 1802 3157 λοιποῖς
1835 3096 1945 3158 τοῖς

395 3198 489 3254 ἐπὶ
514 3196 590 3266 τῷ
621 3195 725 3266 πρὸ
744 3193 929 3248 τούτου
956 3189 1149 3261 ψαλμῷ
1174 3186 1572 3260 δεδηλωμένοις.
1607 3183 1815 3253 Ἐπειδὴ
1839 3182 1974 3252 γὰρ,

399 3289 457 3340 ὲν
506 3287 694 3357 ἐκείνῳ
747 3282 1074 3355 σκηνώματα
1112 3278 1246 3333 Θεοῦ
1287 3279 1509 3337 πλεῖστα
1539 3277 1631 3331 καί¹
1668 3274 1823 3328 αὐλαὶ
1853 3274 1946 3326 καὶ

400 3376 749 3446 θυσιαστήρια
773 3373 864 3425 ἐπὶ
888 3370 984 3440 τῆς
1004 3368 1107 3438 γῆς
1125 3367 1434 3431 ὲθεσπίζετο
1458 3362 1830 3436 συστήσεσθαι,
1853 3361 1945 3414 καὶ

398 3463 460 3520 τὸ
485 3463 687 3516 τούτων
717 3461 886 3515 αἴτιον
906 3458 1043 3521 Θεὸς
1070 3453 1138 3527 ἦν
1160 3455 1368 3526 μέλλων
1403 3457 1496 3511 ἐπὶ
1521 3458 1621 3527 γῆς
1646 3452 1943 3523 φαίνεσθαι,

399 3553 493 3607 καὶ
508 3550 760 3620 ὀνομαστὶ
774 3548 1004 3619 Χριστὸς
1021 3542 1087 3620 ἦν
1104 3544 1538 3616 ὲπιϐλεπόμενοςο
1560 3544 1770 3612 ἐλέγετο
1786 3542 1913 3610 γοῦν
1928 3560 1940 3572 ·

413 3642 763 3709 Ὀφθήσεται
790 3640 823 3692 ό
845 3637 987 3703 Θεὸς
1006 3636 1123 3691 τῶν
1158 3633 1307 3691 θεῶν
1331 3635 1401 3689 ἐν
1429 3634 1607 3709 Σιώνέ
1634 3634 1725 3686 καὶ
1752 3632 1905 3686 πάλιν
1926 3650 1940 3663 ο

413 3733 737 3800 Ἐπίφανον
774 3730 871 3786 ἐπὶ
914 3727 980 3782 τὸ
1021 3728 1339 3795 πρόσωπον
1366 3726 1471 3781 τοῦ
1508 3722 1760 3800 Χριστοῦ
1795 3739 1909 3776 σου
1926 3740 1939 3754 ·

403 3822 622 3885 εἰκότως
653 3822 709 3873 ὲν
741 3820 817 3897 τῷ
838 3818 1195 3890 ιπροκειμένῳ
1219 3815 1417 3887 ψαλμῷ
1444 3816 1512 3870 τὰ
1547 3813 1801 3884 μέλλοντα
1829 3813 1944 3865 ἐσε-

405 3913 526 3967 σθαι
553 3912 671 3966 καθ’
700 3911 825 3981 ὅλης
851 3911 949 3983 τῆς
983 3908 1089 3963 τῶν
1119 3906 1413 3979 ἀνθρώπων
1434 3903 1751 3973 οἰκουμένης
1781 3920 1945 3973 προα-

402 4004 740 4072 ναφωνεῖται.
777 4002 844 4053 Ἀ
869 4000 932 4071 δὴ
966 4000 1060 4053 καὶ
1088 3998 1435 4067 πεπλήρωται
1465 3994 1556 4051 ἐπὶ
1591 3995 1686 4064 τῆς
1710 3992 1802 4046 τοῦ
1828 3994 1943 4046 Σωφ

401 4092 567 4161 τῆρος
594 4088 751 4160 ἡμῶν
776 4087 1093 4159 παρουσίας,
1115 4086 1232 4139 καθ’
1251 4085 1317 4154 ἦν
1344 4084 1625 4154 εὐδόκησεν
1648 4085 1676 4136 ὁ
1695 4082 1824 4147 Θεὸς
1849 4099 1946 4136 κα-

400 4179 672 4244 ταξιώσας
706 4178 872 4246 αὐτὴν
912 4177 1007 4247 τῆς
1044 4176 1343 4238 ὲπιὸἀσεως
1370 4174 1471 4227 τοῦ
1498 4173 1728 4246 Χριστοῦ
1761 4172 1943 4231 αὐτοῦ,

403 4267 578 4321 Πάλαι
608 4266 702 4337 μὲν
727 4265 832 4335 γὰρ
858 4263 1038 4334 εἴρητο
1062 4261 1138 4332 τῷ
1172 4259 1595 4332 πρωτοπλάοτῳ·
1632 4259 1720 4325 Γῆ
1746 4258 1819 4322 εἷ,
1850 4256 1946 4310 καὶ

402 4360 489 4425 είς
508 4356 621 4427 γῆν
638 4354 963 4424 ἀπελεύσῃ,
983 4354 1094 4417 καὶ,
1123 4350 1577 4417 Ἐπικατάρατος
1590 4349 1626 4415 ἡ
1651 4348 1723 4417 γῆ
1739 4349 1807 4401 ἐν
1827 4345 1948 4410 τοῖς

404 4447 595 4515 ἔργοις
620 4459 734 4499 σου
754 4459 768 4473 ο
824 4443 916 4495 καὶ
941 4439 1095 4503 ἄλλος
1124 4437 1413 4510 προφητῶν
1445 4436 1623 4503 ἔλεγεν
1645 4452 1660 4487 ·,
1699 4434 1824 4501 Ἀρὰ
1852 4429 1947 4484 καί

405 4535 589 4602 φόνος
626 4532 724 4584 καὶ
750 4527 1005 4599 ψεῦδος,
1034 4526 1129 4579 καὶ
1160 4524 1356 4592 κλοπὴ
1384 4523 1479 4577 καὶ
1510 4522 1745 4591 μοιχεία
1772 4519 1946 4587 κέχυ-

406 4639 499 4675 ται
524 4620 623 4676 ἐπὶ
651 4618 761 4687 τῆς
790 4616 902 4688 τῆς
920 4633 933 4647 ο
985 4613 1082 4667 καί
1116 4614 1328 4681 αἵματα
1351 4614 1441 4683 ἐφ’
1472 4612 1678 4679 αἵμασι
1700 4610 1948 4677 μίσγου-

408 4726 509 4764 σιν
528 4727 541 4739 ·
587 4710 671 4772 Ὧς
695 4708 750 4761 δὲ
778 4707 1030 4777 ἐπεδήμει
1059 4706 1125 4773 τῇ
1150 4706 1219 4773 γῇ
1252 4703 1281 4757 ὁ
1306 4702 1429 4765 Υίὸς
1451 4701 1542 4753 τοῦ
1571 4699 1731 4764 Θεοῦ,
1768 4697 1859 4751 καὶ
1888 4698 1949 4750 τὸ

406 4798 513 4854 ἀπὸ
541 4798 643 4867 γῆς
670 4798 826 4867 σῶμα
849 4795 1179 4863 ἀνελὰμὸανε
1200 4809 1213 4821 ·
1253 4791 1516 4861 μεταϐολὴ
1546 4789 1820 4862 προτέρων
1848 4788 1953 4855 ὲγί-

409 4894 561 4961 γνετο
582 4888 764 4942 κακῶν
782 4928 796 4953 ,
822 4889 913 4942 καὶ
938 4887 999 4939 τὸ
1026 4887 1132 4939 πᾶν
1163 4883 1261 4954 τῆς
1285 4882 1385 4952 γῆς
1408 4872 1662 4950 στοιχεῖον
1701 4878 1818 4931 ἀντὶ
1856 4877 1951 4946 τῆς

408 4978 673 5053 προτέρας
699 4979 835 5049 ἀρᾶς
862 4976 1106 5053 εὐλογίας
1137 4972 1269 5026 Θεοῦ
1301 4969 1725 5042 μετελάμϐανεν,
1760 4964 1953 5053 ἐκκλη-

412 5052 522 5123 σίαι
558 5081 619 5118 τε
656 5065 751 5118 καὶ
788 5060 923 5117 οἶκοι
967 5052 1044 5133 τῷ
1076 5061 1192 5133 Θεῷ
1223 5060 1631 5133 προσευκτηριοι
1676 5053 1793 5106 καθ’
1824 5052 1948 5124 ὅλης

409 5153 844 5225 τῆςοίκουμένης
882 5152 1207 5206 συνίσταντο.
1274 5151 1362 5204 Διὸ
1398 5149 1491 5203 νῦν
1538 5148 1635 5219 μὲν
1671 5144 1944 5197 λέλεκταιο

409 5245 757 5311 Εὑδόκησας
776 5285 792 5309 ,
815 5243 990 5311 Κύριε
1012 5282 1027 5307 ,
1071 5241 1182 5309 τὴν
1214 5242 1330 5310 γῆν
1356 5255 1469 5295 σου
1493 5259 1505 5269 ·
1546 5244 1601 5292 ὲν
1634 5235 1841 5306 ἑτέροις
1869 5235 1946 5298 δὲ,

410 5337 620 5406 Κύριος
642 5333 1060 5411 ἐϐασίλευσεν,
1091 5331 1510 5399 (traductionem
1535 5330 1573 5395 ἠ
1598 5324 1670 5395 γῆ
1686 5365 1699 5388 ,
1733 5326 1825 5411 καὶ
1849 5326 1949 5378 πά-

411 5429 492 5481 λιν
509 5442 521 5455 ·
551 5425 768 5495 ᾊσατε
786 5421 867 5488 τῷ
890 5422 1083 5491 Κυρίῳ
1106 5418 1271 5483 πᾶσα
1291 5423 1329 5489 ἡ
1354 5420 1444 5490 Tn".
1481 5418 1711 5481 Εἰκότως
1734 5410 1826 5468 οὖν
1856 5415 1948 5468 καὶ

412 5516 574 5571 αὐτοῦ
603 5514 845 5568 λέλεκται
875 5512 967 5566 τοῦ
996 5511 1194 5582 Κυρίου
1220 5513 1253 5581 ἡ
1282 5513 1352 5581 γῆ
1374 5556 1383 5572 ,
1408 5508 1547 5564 κατά
1571 5508 1629 5559 τὸ
1648 5545 1663 5569 ,
1688 5503 1949 5569 Euadnen-

411 5623 551 5672 σας,
562 5605 754 5671 Κύριε,
771 5602 883 5669 τὴν
899 5603 1015 5671 γῆν
1028 5616 1160 5656 σου.
1181 5602 1254 5653 Οὐ
1278 5600 1432 5669 μόνον
1452 5597 1555 5665 γὰρ
1572 5595 1769 5662 κτίσμα
1786 5591 1947 5645 αὐτοῦ

414 5696 506 5749 καὶ
524 5694 753 5764 ποίημα,
776 5692 909 5750 ἀλλὰ
929 5691 1020 5744 καὶ
1043 5690 1225 5760 κτῆμα
1246 5688 1432 5765 γέγονε
1449 5687 1535 5742 διὰ
1550 5685 1615 5740 τὰ
1636 5683 1945 5751 λελεγμένα.

1969 3692 2015 3752 C

2114 2539 2279 2597 Vsus.
2309 2542 2364 2599 2.
2397 2542 2739 2606 Benedixisti,
2766 2542 3005 2606 Domine,
3028 2552 3219 2595 terram
3242 2549 3405 2602 tuam,
3438 2552 3583 2590 aver-

2047 2633 2157 2686 tisti
2188 2634 2536 2701 captivitatem
2588 2631 2773 2686 Jacob.
2834 2631 3123 2700 Postquam
3161 2630 3215 2682 in
3264 2626 3582 2697 praecedenti

2048 2722 2255 2791 psalmo
2287 2720 2382 2776 Dei
2414 2720 2675 2775 adventus
2703 2718 3096 2788 praenuntiatus
3141 2715 3347 2777 fuerat,
3389 2727 3581 2767 conse-

2047 2822 2277 2883 quenter
2298 2812 2354 2866 in
2395 2812 2497 2866 hoc
2522 2811 2728 2880 creptio
2762 2825 2791 2863 a
2822 2808 2996 2871 malis,
3024 2821 3233 2862 necnon
3255 2803 3582 2874 captivitatis

1988 2928 1991 2931 ·
2047 2901 2421 2977 soltttio,venia
2434 2918 2644 2972 quoque
2660 2909 2713 2956 et
2732 2901 2978 2956 remissio
2994 2906 3333 2977 peccatorum
3350 2894 3585 2965 praedici-

2044 3000 2151 3046 tur.
2182 2990 2305 3045 Haec
2327 2992 2522 3060 quippe
2542 2992 2721 3045 omnia
2747 2990 2837 3045 Dei
2851 2991 2917 3045 ad
2938 2988 3181 3043 homines
3211 2986 3495 3040 adventum
3528 2990 3582 3037 et

2045 3074 2317 3147 reliquain
2334 3079 2593 3147 superiori
2623 3080 2829 3148 psalmo
2857 3078 3131 3132 enuntiata
3182 3071 3583 3143 subsequeban-

2045 3174 2153 3219 tur.
2178 3166 2311 3232 Quia
2333 3166 2476 3219 enim
2499 3166 2554 3219 in
2574 3165 2665 3219 illo
2686 3166 2853 3218 multa
2878 3164 2973 3219 Dei
2994 3161 3499 3227 tabernacula,atria
3528 3166 3582 3215 et

2046 3256 2232 3309 altaria
2249 3255 2304 3309 in
2334 3263 2477 3308 terra
2502 3253 2876 3309 constituenda
2897 3266 3018 3307 esse
3037 3251 3348 3322 praedictum
3374 3250 3580 3315 fuerat;

2046 3344 2343 3415 horumque
2372 3351 2561 3399 auctor
2597 3341 2737 3398 Deus
2763 3348 2879 3397 erat
2900 3340 2968 3395 ad
3013 3339 3256 3394 homines
3282 3346 3539 3395 venturus
3563 3377 3579 3400 ,

2046 3450 2110 3490 ac
2138 3436 2455 3492 nominatim
2477 3434 2727 3489 Christus
2748 3433 2838 3486 hic
2868 3430 3305 3501 conSpiciendus,
3335 3428 3475 3481 unde
3497 3427 3581 3481 di-

2045 3528 2292 3592 cebatur,
2314 3525 2581 3583 Videbitur
2600 3524 2737 3578 Deus
2758 3525 2970 3579 deorum
2995 3525 3049 3577 in
3078 3521 3243 3595 Sion;
3277 3536 3341 3575 ac
3366 3534 3578 3583 rursus,

2046 3619 2252 3687 Appare
2310 3616 2376 3671 ad
2420 3604 2605 3685 faciem
2654 3615 2853 3669 Christi
2905 3614 2977 3666 tui
3008 3629 3026 3666 :
3052 3612 3175 3680 jure
3220 3610 3274 3663 in
3335 3608 3582 3679 praseuti

2044 3707 2250 3776 psalmo
2278 3720 2396 3774 quae
2417 3720 2512 3775 per
2542 3713 2711 3759 totum
2752 3704 2937 3769 orbem
2972 3701 3148 3755 futura
3182 3706 3310 3752 sunt
3335 3711 3583 3766 praenun-

2042 3800 2264 3852 tiantur.
2322 3792 2451 3861 Quae
2500 3809 2631 3849 sane
2682 3795 2739 3847 in
2794 3793 3022 3846 adventu
3062 3788 3361 3843 Servatoris
3410 3786 3578 3839 nostri

2043 3885 2305 3953 completa
2331 3889 2457 3937 sunt
2490 3900 2502 3934 :
2539 3897 2648 3950 quo
2675 3882 2929 3950 placitum
2949 3879 3054 3933 Deo
3072 3878 3184 3931 luit
3211 3889 3405 3932 terram
3422 3874 3581 3929 Chri-

2043 3976 2111 4030 sti
2142 3974 2223 4028 sui
2262 3972 2408 4026 aditu
2437 3970 2667 4041 dignari.
2710 3968 2986 4038 Siquidem
3021 3969 3146 4022 olim
3174 3966 3346 4036 primo
3375 3962 3584 4035 parenti

2043 4067 2245 4122 dictum
2277 4063 2486 4119 fuerat:
2520 4061 2684 4115 Terra
2710 4077 2785 4127 es,
2816 4070 2864 4113 et
2898 4060 2954 4112 in
2993 4070 3185 4113 terram
3215 4057 3479 4110 reverteris
3506 4057 3584 4124 “;

2042 4166 2114 4218 et,
2146 4150 2430 4206 Maledicta
2480 4159 2619 4204 terra
2667 4151 2722 4203 in
2770 4146 3007 4217 operibus
3056 4147 3158 4201 tuis
3204 4149 3278 4212 ";
3337 4146 3585 4216 aliusque

2044 4244 2304 4318 propheta
2328 4240 2460 4296 dicit
2490 4261 2503 4295 :
2537 4238 2877 4293 Maledictum
2903 4246 2953 4290 et
2981 4236 3143 4291 cwdes
3181 4245 3229 4289 et
3255 4234 3578 4288 mendacium

2044 4347 2091 4391 et
2119 4336 2317 4405 furtum
2349 4342 2397 4387 et
2418 4332 2733 4403 adulterium
2751 4330 2917 4397 effusa
2942 4336 3062 4381 sunt
3091 4342 3243 4393 super
3266 4336 3459 4378 terram
3479 4340 3497 4377 :
3528 4334 3575 4378 et

2046 4428 2348 4498 sanguinem
2400 4423 2648 4492 sanguine
2697 4421 2908 4473 miscent
2936 4418 3018 4469 ”:
3055 4416 3146 4469 ubi
3187 4422 3365 4470 autem
3409 4412 3581 4471 Filius

2046 4514 2141 4571 Dei
2173 4513 2541 4586 peregrinatus
2574 4515 2656 4564 est
2703 4507 2757 4560 in
2782 4514 2959 4566 terra,
2982 4511 3360 4571 terrenumque
3384 4518 3585 4573 corpus

2049 4607 2356 4676 assumpsit,
2388 4605 2633 4671 priorum
2660 4598 2921 4657 malorum
2960 4595 3261 4649 immutatio
3291 4594 3430 4649 facta
3458 4602 3575 4656 est,

2048 4704 2335 4764 totumque
2350 4701 2505 4745 terra
2537 4689 2858 4761 elementum
2880 4723 2896 4747 ,
2943 4685 3060 4737 loco
3087 4684 3329 4754 pristinae
3357 4682 3580 4735 maledi-

2048 4787 2264 4849 ctionis,
2290 4779 2717 4839 benedictionem
2752 4776 3000 4834 sortitum
3021 4785 3125 4842 est,
3156 4790 3220 4830 ac
3257 4774 3498 4830 ecclesiae
3526 4782 3581 4831 et

2050 4876 2282 4934 oratoria
2306 4873 2413 4927 Deo
2441 4886 2534 4942 per
2548 4878 2718 4924 totum
2740 4870 2924 4925 orbem
2939 4868 3227 4922 constituta
3245 4872 3387 4921 sunt.
3406 4862 3583 4928 Quare

2045 4970 2155 5039 jam
2188 4967 2404 5029 dicitur,
2424 4962 2745 5017 Benedixisti
2764 4961 2782 5028 ,
2825 4961 3063 5024 Domine,
3094 4968 3285 5011 terram
3311 4963 3454 5009 tuam
3498 4951 3586 5017 “;

2052 5062 2107 5115 in
2136 5058 2253 5112 aliis
2282 5071 2432 5122 vero,
2460 5056 2731 5120 Dominus,
2754 5051 3003 5122 regnavit,
3028 5045 3307 5106 exsultabit
3336 5054 3476 5097 terra
3502 5043 3583 5109 “;

2054 5148 2116 5203 ac
2142 5161 2380 5208 rursum,
2408 5145 2627 5201 Cantate
2655 5142 2896 5204 Domino,
2922 5140 3087 5193 omnis
3117 5145 3256 5188 terra
3275 5132 3339 5186 “.
3396 5130 3588 5187 Merito

2053 5238 2233 5304 itaque
2261 5234 2427 5303 ipsius
2452 5232 2662 5288 Domini
2688 5245 2809 5286 esse
2852 5239 2995 5284 terra
3026 5225 3222 5280 dicitur
3250 5222 3353 5276 hoc
3381 5218 3542 5274 modo
3566 5238 3585 5278 ι

2053 5328 2396 5391 Benedixisti,
2425 5326 2664 5389 Domine,
2696 5331 2889 5377 terram
2915 5331 3077 5374 tuam.
3104 5315 3223 5371 Non
3255 5316 3396 5371 enim
3431 5309 3587 5378 opilla

2052 5420 2195 5473 cium
2214 5418 2494 5484 duntaxat,
2513 5417 2607 5473 sed
2626 5416 2789 5469 etiam
2815 5410 3085 5482 possessio
3107 5409 3226 5478 ejus
3246 5398 3493 5460 facta’est
3514 5401 3590 5459 oh

2053 5510 2242 5563 allatas
2271 5511 2517 5579 superius
2539 5521 2749 5561 causas.

517 5845 560 5877 “
598 5841 728 5899 Gen.
763 5857 855 5911 ιιι,
886 5842 972 5903 i9.
1046 5830 1090 5876 "
1128 5840 1260 5902 ibid.
1297 5840 1377 5894 17.
1454 5841 1498 5873 ³³
1533 5839 1659 5895 Ose.
1694 5851 1770 5905 ιν,
1796 5830 1851 5889 ἓξ
1923 5834 1968 5870 ιδ
2004 5832 2257 5893 Ρεοί.ἰ.ιι

1840 5830 1851 5889 ζ
1923 5834 1968 5870 ⁸⁵
2004 5832 2402 5902 Psal.'t.xxxiv,
2436 5830 2492 5890 2.
2564 5831 2610 5865 ⁸³
2654 5827 3031 5897 Psaldcvnji.
3105 5826 3151 5860 "
3188 5823 3330 5885 Psal.
3366 5834 3489 5885 xcv.
3524 5817 3580 5886 1,
