4406 6410
1531 453 1797 511 Ευεεειι
1836 457 2310 516 ειΕεΑιιιεΝειε
2346 461 2495 517 OPP.
2538 461 2718 517 rans
2754 433 3329 517 ut—Exucsrtca.
3886 456 4023 515 meo

893 563 1006 630 Qua
1034 565 1240 621 ratione
1268 573 1445 622 autem
1472 552 1714 635 dicatur,
1747 572 1993 627 Avertisti
2021 577 2370 643 captivitatem
2397 582 2445 638 Α
2541 576 2633 629 Πῶ

2280 587 2370 630 rem
2397 582 2445 638 Α
2541 576 2664 640 Πῶς
2700 575 2757 629 δὲ
2784 577 2994 648 εἴρηται
3021 574 3102 639 τὸ,
3147 575 3542 641 Ἀπέστρεψας
3577 571 3691 640 τὴν
3726 573 4020 639 malm-

821 654 1005 722 Jacob,
1032 656 1295 727 intelliges
1317 673 1383 712 ex
1413 659 1502 711 illa
1546 656 1850 716 Servatoris
1874 678 2005 717 voce
2025 705 2039 730 ,
2084 680 2189 735 qua
2226 666 2368 721 hanc
2470 668 2561 720 σίο

2283 682 2368 721 Inc
2470 668 2613 721 σίαν
2653 667 2865 731 Ἰακὼϐ,
2887 667 3099 736 νοήσεις
3130 666 3194 719 ὲκ
3224 666 3321 735 τῆς
3345 664 3609 734 σωτηρίου
3642 663 3842 732 φωνῆς,
3867 663 3931 715 δι’
3956 657 4023 734 ἦς

831 746 983 801 Isaia:
1014 748 1351 818 prophetiam
1374 787 1389 812 ,
1446 746 1674 821 Spiritus
1708 749 1920 806 Domini
1949 770 2103 822 super
2146 756 2259 818 me,
2308 773 2367 811 eo
2467 756 2564 825 τὴν

2308 773 2367 811 eo
2467 756 2564 825 τὴν
2596 757 2842 825 φήσασαν
2872 754 2964 807 τοῦ
3006 754 3223 833 Ἡσαΐου
3252 751 3615 825 προφητείαν,
3642 750 3882 819 Πνεῦμα
3911 753 4024 803 Κυ-

826 448 964 505 1019

819 836 956 907 quod
987 838 1197 891 auxerit
1226 854 1325 902 me,
1363 840 1716 909 euangelizare
1748 843 2057 910 pauperibus
2077 846 2221 899 misit
2248 861 2327 899 me
2352 885 2368 910 ,

818 929 1106 997 medicare
1140 929 1354 997 captivis
1381 930 1758 993 dimissionem,
1792 943 1841 987 et
1870 936 2020 989 cacis
2053 937 2192 989 visus
2220 938 2371 989 resti-

821 1019 1071 1073 tutionem
1099 1017 1164 1081 ⁸⁷,
1186 1033 1306 1073 cum
1336 1018 1578 1088 legisset,
1608 1007 1838 1085 addidit,
1873 1021 2042 1079 Hodie
2067 1024 2275 1091 impleta
2294 1032 2371 1077 est

817 1106 929 1163 hac
960 1105 1225 1175 prophetia
1250 1108 1303 1167 in
1323 1106 1537 1165 auribus
1556 1109 1739 1165 vestris
1763 1110 1828 1178 “,
1856 1110 1912 1165 in
1955 1126 2014 1167 se
2045 1113 2370 1181 completum

817 1194 1458 1269 oraculum-signiﬁcans.
1491 1196 1629 1263 Quia
1661 1200 1868 1257 scilicet
1895 1202 2011 1271 ipse
2041 1200 2296 1257 Servator
2316 1210 2371 1258 et

788 1282 792 1287 ’
817 1285 1126 1355 redemptor
1144 1273 1448 1342 animarum
1477 1289 1755 1346 hominum
1804 1300 1981 1357 esset,
2012 1309 2148 1363 quas
2174 1310 2205 1348 a
2235 1296 2369 1350 dura

818 1375 1194 1445 multiplicium
1237 1379 1517 1438 numinum
1549 1382 1751 1437 erroris
1793 1390 1847 1437 et
1876 1384 2178 1439 daemonum
2208 1401 2370 1440 vexa-

818 1466 887 1522 ti:
899 1466 984 1521 nis
1006 1468 1281 1535 servitute,
1304 1471 1494 1527 solutis
1515 1481 1857 1543 peccatorum
1890 1476 2143 1539 vinculis,
2176 1477 2370 1531 libera-

820 1556 931 1612 bat.
961 1557 1112 1624 Quod
1139 1562 1299 1615 etiam
1339 1563 1392 1617 in
1430 1565 1680 1632 prmsenti
1710 1566 1916 1633 psalmo
1958 1565 2245 1620 denotatur
2285 1567 2370 1622 his

818 1648 999 1703 verbis
1024 1667 1036 1699 τ
1072 1680 1143 1697 -τ-
1164 1648 1328 1711 Vsus.
1358 1652 1412 1713 5.
1450 1652 1719 1711 Remisisti
1745 1654 2045 1723 iniquitates
2065 1654 2199 1721 plebi
2231 1665 2332 1709 tua:
2352 1695 2367 1720 ,

819 1740 1065 1804 aperuisti
1112 1743 1291 1795 omnia
1330 1750 1540 1809 peccata
1588 1758 1785 1798 eorum.
1838 1742 2153 1812 lniquitates
2189 1753 2370 1800 autem

817 1829 1076 1887 remissas
1124 1836 1181 1882 et
1229 1838 1448 1899 opertas
1491 1829 1630 1884 alius
1676 1831 1801 1885 item
1858 1847 2035 1886 sermo
2078 1834 2364 1888 meminit:

2461 846 2598 911 ρίου
2621 844 2712 897 ἐπ’
2731 841 2853 911 ἐμὲ,
2868 838 2937 898 οὗ
2960 842 3164 897 ἕνεκεν
3182 842 3385 912 ἕχρισέ
3410 859 3508 912 με,
3529 841 4024 909 εὐαγγελίσασθαι

2471 932 2725 1003 πτωχοῖς
2780 933 3126 987 ἀπέσταλκέ
3164 950 3278 1002 με,
3328 932 3577 1000 κηρῦξαι
3634 931 4024 1001 αἰχμαλώτοις

2469 1024 2689 1092 ἆφεσιν
2713 1025 2808 1077 καὶ
2831 1024 3079 1093 τυφλοῖς
3096 1024 3446 1092 ἀνάϐλεψιν,
3465 1024 3725 1092 ἀναγνοὺς
3747 1024 3989 1093 ἐπήγαγε
4005 1063 4021 1089 ,

2471 1114 2740 1184 Σήμερον
2767 1114 3144 1183 πεπλήρωται
3181 1116 3218 1181 ή
3256 1114 3582 1183 προφητεία
3614 1112 3764 1181 αὕτη
3811 1114 3881 1165 ἐν
3902 1112 4023 1177 τοῖς

2468 1203 2617 1258 ὠσίν
2643 1203 2826 1274 ὑμῶν,
2860 1204 3123 1259 διδάσκων
3156 1206 3234 1267 είς
3261 1205 3450 1263 ἑαυτὸν
3480 1203 3811 1275 πληροῦσθαι
3840 1203 3898 1256 τὸ
3938 1204 4027 1257 λό-

2468 1311 2603 1364 γιον.
2632 1295 2751 1347 Ὅτι
2796 1296 2860 1366 δὴ
2897 1295 3057 1358 αὐτὸς
3088 1291 3154 1365 ἦν
3195 1296 3223 1355 ό
3261 1294 3447 1364 Σωτὴρ
3484 1295 3576 1348 καὶ
3608 1294 3878 1365 λυτρωτὴς
3917 1292 4024 1346 τῶν

2469 1378 2822 1457 ἀνθρωπίνων
2853 1383 3060 1456 ψυχῶν,
3089 1383 3152 1448 ἃς
3182 1382 3288 1445 ἀπὸ
3312 1382 3410 1451 τῆς
3446 1385 3641 1455 πικρᾶς
3665 1384 3901 1446 δουλείας
3921 1382 4025 1452 τῆς

2469 1474 2725 1529 πολυθέου
2754 1474 2957 1545 πλάνης
2986 1476 3077 1528 καὶ¹
3109 1474 3205 1545 τῆς
3235 1473 3547 1544 δαιμονικῆς
3574 1474 3848 1545 ἐνεργείας
3868 1471 4026 1542 ἠλευ-

2471 1563 2655 1636 θέρου,
2682 1563 2847 1628 λύσας
2870 1552 3045 1623 αὐτῶν
3077 1564 3175 1628 τάξ
3206 1564 3389 1637 σειρὰς
3410 1565 3518 1618 τῶν
3549 1564 3848 1637 ἁμαρτιῶν.
3869 1568 3934 1616 ’0
3958 1564 4023 1635 δὴ

2470 1656 2563 1709 καὶ
2601 1654 2731 1708 αὐτὸ
2782 1656 3105 1726 παρίσταται
3140 1656 3225 1709 διὰ
3270 1654 3364 1709 τοῦ
3404 1656 3761 1728 προκειμένου
3808 1653 4024 1726 ψαλμοῦ

2471 1746 2799 1816 φάσκοντος’
2844 1745 3099 1815 Ἀφῆκας
3152 1746 3256 1813 τὰς
3302 1747 3551 1816 ἀνομίας
3600 1744 3679 1811 τῷ
3704 1742 3829 1811 λαῷ
3860 1761 4022 1810 σου,

2474 1834 2788 1903 ὲκάλυψας
2815 1834 3015 1901 πάσας
3058 1835 3163 1902 τὰς
3194 1837 3479 1906 ἁμαρτίας
3520 1836 3734 1891 αὐτῶν.
3773 1836 4025 1907 Ἀνομίας

816 1911 970 1966 Beati
989 1930 1210 1982 quorum
1249 1917 1480 1970 remissa:
1509 1926 1630 1978 sunt
1680 1918 1978 1989 iniquitates
2002 1960 2017 1984 ,
2064 1930 2113 1975 et
2148 1938 2367 1992 quorum
2397 1946 2440 2001 Β
2465 1924 2521 1982 δὲ
2554 1958 2556 1971 ι

2285 1939 2367 1977 um
2397 1946 2440 2001 Β
2465 1924 2521 1982 δὲ
2554 1926 2851 1997 ἁφιεμένας
2873 1926 2965 1980 καὶ
3007 1925 3416 1997 καλυπτομένας
3450 1924 3556 1981 οἶδε
3591 1928 3683 1993 καὶ
3714 1925 3943 1997 ἀλλαχοῦ
3995 1927 4025 1980 ὁ

818 2008 953 2059 tecta
989 2013 1110 2058 sunt
1137 1993 1350 2070 peccata
1393 2004 1455 2057 ”.
1487 2003 1580 2059 His
1610 2021 1770 2076 porro
1802 2006 2037 2078 Spiritus
2077 2010 2365 2081 signiﬁcat,

817 2091 1168 2159 pristinorum
1221 2105 1565 2164 peccatorum
1611 2097 1985 2154 remissionem
2030 2099 2127 2167 iisf,
2167 2102 2259 2172 qui
2303 2119 2369 2158 ex

816 2181 1082 2244 snirituali
1126 2186 1423 2239 animarum
1455 2180 1764 2257 captivitate
1816 2190 2082 2260 redempti
2131 2203 2299 2260 sunt,
2338 2210 2368 2247 a

818 2270 1101 2328 Servatore
1120 2289 1468 2332 concessam:
1503 2278 1735 2348 quibus,
1768 2279 1812 2333 si
1844 2290 1967 2350 post
1994 2283 2367 2340 remissionem

816 2360 1009 2416 iterum
1032 2368 1393 2433 peccaverint,
1436 2384 1545 2423 non
1576 2358 1816 2424 secundo
1856 2380 2076 2441 peccata
2114 2375 2365 2441 ren‘ttit,

815 2454 908 2507 sed
937 2456 1129 2523 operit.
1172 2453 1305 2510 Nam
1357 2458 1423 2512 ab
1462 2458 1555 2513 illo
1597 2474 1915 2515 concessum
1959 2470 2077 2529 est,
2118 2476 2178 2519 ut
2211 2466 2367 2522 bonis

814 2542 1068 2609 operibus
1106 2543 1344 2599 secundo
1380 2547 1545 2615 gestis
1586 2549 1813 2618 pristina
1841 2549 2036 2608 delicta
2076 2551 2369 2626 contegan-

816 2637 924 2686 tur.
943 2629 1066 2686 Haec
1088 2648 1213 2689 vero
1233 2636 1412 2691 omnia
1432 2639 1549 2693 orbi
1573 2649 1753 2706 terras,
1769 2641 2021 2697 videlicet
2043 2644 2188 2699 illam
2215 2648 2369 2702 inco-

814 2722 1150 2788 colcntibus,
1183 2741 1277 2795 per
1319 2725 1613 2786 Salvatoris
1660 2731 1949 2787 adventum
1990 2735 2368 2791 universorum

813 2809 957 2867 Deus
984 2814 1238 2886 elargitus
1259 2826 1362 2880 est,
1380 2818 1564 2873 sedata
1593 2821 1673 2875 ira
1690 2837 1754 2876 ac
1770 2824 2011 2893 mitigato
2040 2824 2241 2892 furore,
2261 2842 2368 2898 quo

812 2902 1030 2971 quidem
1061 2912 1219 2959 antea
1245 2908 1527 2977 terrigenas
1562 2910 1639 2964 illi
1670 2911 1814 2980 digni
1857 2918 2031 2978 erant,
2063 2917 2133 2971 ob
2166 2916 2365 2989 imple-

812 2993 945 3048 tatis
979 2998 1411 3064 exsuperantiam
1457 3000 1658 3056 inimici
1704 3003 1823 3072 ejus
1856 3004 2067 3074 el't‘eCti;
2119 3019 2174 3062 at
2223 3009 2365 3066 Deus
2412 2998 2419 3005 ’

813 3083 933 3153 ipse
959 3076 1095 3149 erat,
1117 3089 1207 3155 qui
1243 3089 1296 3142 in
1320 3088 1538 3147 Christo
1584 3093 1690 3148 sibi
1736 3096 1997 3151 mundum
2046 3101 2366 3156 reconcilia-

781 3193 787 3199 ·
813 3174 928 3237 bat,
952 3191 1126 3246 neque
1154 3179 1285 3248 ipsis
1313 3182 1543 3250 pristina
1573 3194 1792 3253 peccata
1824 3187 2140 3256 imputabat.
2164 3190 2365 3255 Quam-

2470 2016 2691 2085 φάσκων
2722 2016 2878 2084 λόγος
2895 2032 2907 2045 ·
2940 2015 3225 2085 Μακάριοι
3245 2012 3331 2083 ὧν
3354 2018 3662 2089 ἀφέθησαν
3686 2022 3746 2075 αὶ
3765 2018 4022 2087 ἀνομίαι,

2468 2101 2669 2159 καίῶν
2693 2106 3120 2175 ἐκαλύςοθησαν
3147 2112 3205 2161 αὶ
3227 2110 3498 2178 ἁμαρτίαι
3518 2127 3531 2140 θ
3561 2110 3820 2179 Σημαίνει
3850 2109 3906 2161 δὲ
3936 2107 4025 2161 διὰ

2467 2196 2669 2249 τούτων
2712 2196 2773 2250 τὸ
2810 2197 3038 2270 Πνεῦμα
3079 2199 3178 2271 τὴν
3219 2200 3323 2252 ὑπὸ
3354 2199 3447 2252 τοῦ
3498 2200 3746 2270 Σωτῆρος
3790 2200 4025 2269 δεδωρη-

2470 2287 2637 2357 μένην
2668 2288 2859 2356 ἄφεσιν
2887 2288 2993 2341 τῶν
3019 2290 3294 2361 προτέρων
3334 2292 3737 2362 ἁμαρτημάτων
3776 2294 3886 2354 τοῖς
3914 2289 4047 2367 ἀπὸ.

2466 2378 2564 2447 τῆς
2597 2379 2791 2448 νοητῆς
2811 2381 2920 2432 τῶν
2947 2379 3133 2450 ψυχῶν
3166 2381 3535 2452 αἰχμαλωσίας
3561 2381 3984 2453 λελυτρωμένοις
4003 2399 4018 2413 ⁸

2466 2464 2567 2534 οἷς,
2595 2474 2644 2524 εί
2675 2471 2811 2543 μετὰ
2833 2472 2930 2543 τὴν
2956 2473 3148 2541 ἄφεσιν
3171 2475 3328 2527 πάλιν
3359 2476 3669 2547 ἁμάρτοιεν,
3694 2475 3875 2529 οὐκέτι
3903 2474 4024 2528 δευ-

2466 2561 2629 2631 τέραν
2652 2562 2858 2631 ἄφεσιν,
2883 2562 2994 2617 ἀλλ’
3013 2565 3335 2635 ἐπικάλυψιν
3362 2566 3639 2638 ἁμαρτιῶν
3664 2567 3907 2638 παρέχει.
3924 2566 4023 2620 Διὰ

2467 2650 2576 2723 γὰρ
2622 2643 2885 2725 δευτέρων
2943 2656 3376 2727 κατορθωμάτων
3440 2657 3730 2712 καλύπτειν
3775 2654 3847 2710 τὰ
3888 2674 4023 2729 προ-

2464 2745 2827 2815 ημαρτημένα
2875 2744 3237 2817 συνεχώρησε.
3283 2747 3467 2800 Ταῦτα
3503 2748 3561 2801 δὲ
3606 2749 3783 2803 πάντα
3816 2751 3880 2819 τῇ
3913 2748 4021 2800 τῶν

2465 2834 2765 2905 ἀνθρώπων
2797 2838 2887 2906 γῇ,
2930 2838 3022 2890 καὶ
3052 2838 3248 2909 δηλαδὴ
3287 2840 3398 2901 τοῖς
3437 2838 3779 2892 κατοικοῦσιν
3826 2838 4017 2907 αὐτὴν,

2463 2924 2550 2978 διὰ
2582 2925 2680 2995 τῆς
2721 2925 2814 2978 τοῦ
2862 2926 3111 2998 Σωτῆρος
3154 2927 3444 2999 ἐπιδημίας
3485 2928 3515 2980 ό
3555 2926 3664 2981 τῶν
3706 2926 3841 2980 ὅλων
3888 2926 4021 2991 Θεὸς

2465 3013 2797 3086 ἐδωρήσατο,
2842 3016 3199 3081 καταπαύσας
3230 3017 3331 3088 τὴν
3364 3016 3529 3089 ὀργὴν
3573 3018 3667 3071 καὶ¹
3705 3015 3796 3069 τὸν
3827 3015 4014 3087 θυμὸν,

2462 3099 2536 3158 ὧν
2560 3106 2697 3170 ἄξιοι
2722 3106 2782 3159 τὸ
2816 3108 2941 3179 πρὶν
2972 3107 3265 3177 ἐτύγχανον
3282 3110 3333 3162 οί
3354 3109 3449 3180 τὴν
3470 3108 3574 3179 γῆν
3599 3107 3890 3171 οἰκοῦντες,
3923 3108 4016 3161 ἆτε

2462 3196 2525 3267 δὴ
2559 3197 2742 3268 ἐχθροὶ
2782 3199 2933 3262 ὄντες
2975 3199 3138 3252 αὐτοῦ
3168 3200 3254 3253 διὰ
3280 3200 3378 3263 τὰς
3412 3201 3518 3253 τῶν
3551 3191 3811 3253 ἀσεϐειῶν
3842 3199 4017 3253 αὐτῶν

813 3265 1003 3320 obrem
1032 3267 1237 3322 dictum
1263 3272 1387 3325 est':
1422 3301 1492 3313 -——
1520 3271 1683 3329 Vsus.
1722 3275 1839 3331 4-7.
1875 3274 2135 3347 Mitigasti
2163 3297 2365 3333 omnem
2392 3287 2434 3345 C
2466 3265 2553 3338 ὑπε

2274 3298 2365 3333 ient
2392 3287 2434 3345 C
2466 3265 2797 3358 ὑπερϐολάς·
2831 3287 2968 3339 ἀλλὰ
2993 3288 3123 3351 Θεὸς
3153 3284 3221 3358 ῆν
3256 3290 3312 3341 ἐν
3341 3289 3561 3360 Χριστῷ
3589 3290 3790 3359 κόσμον
3816 3291 4014 3344 καταλ-

801 3357 953 3409 -iram
981 3367 1145 3419 tuam,
1188 3363 1417 3415 avertisti
1455 3362 1521 3415 ab
1549 3364 1631 3416 ira
1665 3364 2035 3438 indignationis
2067 3379 2188 3425 tute.
2225 3372 2363 3426 Con-

816 3455 951 3499 verte
971 3464 1083 3511 nos,
1106 3449 1247 3503 Deus
1270 3453 1586 3505 salutarium
1615 3463 1928 3524 nostrorum,
1952 3468 2000 3512 et
2030 3470 2199 3516 averte
2224 3463 2362 3515 iram
2417 3455 2420 3458 ’

811 3547 964 3590 tuam
988 3554 1021 3591 α
1049 3538 1216 3593 nobis.
1246 3538 1499 3611 Nunquid
1543 3544 1596 3597 in
1627 3554 1875 3600 internum
1903 3548 2145 3604 irasceris
2175 3551 2320 3606 nobis
2338 3557 2363 3608 Ρ

808 3614 911 3680 aut
947 3628 1187 3683 extendes
1217 3630 1352 3683 iram
1382 3640 1525 3686 tuam
1561 3651 1594 3687 α
1626 3639 1957 3704 generatione
1980 3641 2032 3693 in
2073 3644 2362 3717 generatio-

814 3722 969 3774 nem?
1010 3719 1166 3782 Deus,
1188 3728 1244 3773 tu
1262 3732 1556 3777 conuertens
1578 3726 1859 3794 'viviﬁcabis
1882 3746 1997 3794 nos,
2026 3741 2076 3784 et
2106 3732 2246 3800 plebs
2272 3744 2361 3787 tua

816 3808 1083 3876 ia’tabitur
1128 3811 1181 3864 in
1236 3821 1304 3869 te.
1339 3812 1524 3869 Priora
1558 3817 1772 3885 quidem
1806 3817 1873 3872 de
1916 3818 2114 3877 futuris
2161 3824 2215 3877 in
2249 3831 2363 3879 toto

817 3898 949 3953 orbe
976 3903 1493 3970 praenuntiabantur,
1514 3923 1634 3975 qua
1663 3910 1957 3965 secundum
1976 3914 2224 3986 superius
2249 3923 2362 3969 tra-
2390 3936 2394 3941 '

816 3988 985 4042 ditam
1003 3989 1495 4062 interpretationem
1525 3997 1579 4050 in
1609 3997 1841 4053 adventu
1862 3999 2160 4057 Salvatoris
2186 4005 2361 4069 nostri

816 4078 885 4133 ad
921 4078 1077 4135 ﬁnem
1108 4081 1339 4147 deducta
1368 4092 1513 4139 sunt.
1550 4085 1673 4142 Hac
1702 4104 1829 4145 vero
1870 4100 1989 4161 qua:
2038 4098 2358 4161 tractamus,

816 4171 1111 4245 orationem
1142 4173 1418 4228 continent
1456 4191 1554 4244 pro
1588 4179 1782 4247 populo
1813 4164 1881 4235 ei
1926 4179 2356 4241 circumcisione.

816 4258 953 4324 Quia
984 4260 1126 4323 enim
1159 4261 1416 4331 propheta
1445 4263 1628 4319 divino
1655 4266 1863 4323 alilatus
1892 4266 2095 4338 Spiritu
2123 4270 2361 4330 Iudaicae

814 4348 989 4416 gentis
1013 4364 1142 4418 erga
1179 4349 1455 4409 Christum
1502 4342 2317 4435 incredulitatemprospiciebat
2342 4402 2357 4428 ,

814 4451 1025 4491 necnon
1048 4438 1339 4516 vindictam
1354 4434 1653 4496 facinorum
1668 4458 1831 4500 causa
1843 4434 1974 4513 ipsis
1990 4445 2355 4518 inﬂigendam;

814 4522 957 4576 hanc
1008 4539 1109 4592 pro
1152 4527 1286 4597 ipsis
1338 4532 1638 4587 orationem
1692 4534 1891 4588 emittit
1926 4544 2357 4608 peropportune;

2467 3377 2677 3431 λάσσων
2705 3378 2909 3450 ἐαυτῷ,
2941 3380 3014 3452 μὴ
3043 3378 3384 3451 λογιζόμενος
3414 3381 3471 3433 δὲ
3511 3380 3692 3445 αὐτοῖς
3732 3382 3801 3435 τὰ
3837 3399 4016 3453 παρσ-

2467 3468 2751 3540 πτὼματα.
2786 3470 2875 3523 Διὸ
2911 3469 3184 3525 λέλεκταιι
3218 3474 3611 3539 Κατέπαυσας
3652 3470 3856 3528 πᾶσαν
3903 3474 4016 3541 τὴν

2466 3560 2656 3629 ὀργήν
2682 3575 2826 3627 σου,
2858 3562 3240 3632 ἀπέστρεψας
3276 3563 3391 3617 ἀπὸ
3439 3563 3619 3633 ὀργῆς
3662 3564 3848 3633 θυμοῦ
3877 3580 4011 3618 σου.

2480 3650 2871 3720 Ἐπίστρεψον
2898 3652 3074 3721 ἡμᾶς,
3099 3656 3131 3707 ό
3162 3654 3305 3720 Θεὸς
3340 3653 3458 3706 τῶν
3490 3655 3793 3722 σωτηρίων
3827 3655 4013 3724 ἡμῶν,

2466 3739 2563 3791 καὶ
2584 3740 2964 3810 ἀπόστρεψον
2989 3741 3094 3795 τὸν
3115 3744 3305 3811 θυμόν
3329 3757 3443 3796 σου
3463 3743 3562 3811 ἀφ’
3582 3741 3768 3813 ἡμῶν.
3808 3745 3904 3811 Μὴ
3932 3747 4017 3811 εἰς

2466 3825 2572 3879 τὸν
2632 3827 2817 3882 αἰῶνα
2866 3829 3195 3901 ὀργισθήσῃ
3237 3832 3421 3901 ήμῖν;
3557 3833 3841 3900 διατενεῖς
3903 3833 4016 3902 τὴν

2467 3917 2651 3988 ὀργήν
2684 3918 2800 3975 σου
2835 3920 2951 3975 ἀπὸ
2998 3916 3207 3992 τενεᾶς
3235 3925 3321 3989 είς
3361 3923 3607 3993 γενεάν;
3641 3924 3694 3975 Ὁ
3739 3924 3900 3989 Θεὸς,
3936 3928 4015 3979 σὺ

2466 4010 2831 4080 ἐπιστρέψας
2877 4011 3341 4084 ζᾱκόσειςιήμᾶς,
3386 4016 3484 4070 καί
3524 4019 3558 4070 ό
3585 4017 3734 4082 λαός
3756 4030 3873 4071 σου
3917 4018 4014 4071 εὐ-
4045 4035 4050 4040 ’

2466 4100 2864 4168 φρανθήσεται
2883 4104 2981 4163 ἐπὶ
3004 4107 3123 4159 σοι.
3140 4107 3221 4159 Τὰ
3248 4108 3346 4178 μὲν
3364 4108 3599 4181 πρότερα
3620 4111 4017 4183 προεφητεύετο

2466 4191 2592 4259 περὶ
2631 4192 2738 4245 τῶν
2769 4194 3142 4264 γενησομένων
3176 4197 3293 4249 καθ’
3320 4197 3447 4269 ὅλης
3479 4199 3577 4269 τῆς
3606 4199 3727 4269 γῆς,
3752 4200 3788 4253 a
3820 4200 3884 4271 δὴ
3920 4200 4016 4253 καὶ

2464 4279 2648 4342 τέλους
2675 4280 2828 4351 ἔτυχε
2856 4283 2942 4336 διὰ
2973 4285 3071 4354 τῆς
3101 4287 3399 4357 παρουσίας
3435 4288 3527 4341 τοῦ
3573 4290 3821 4361 Σωτῆρος
3859 4288 4013 4360 ἡμῶν

2466 4369 2605 4422 κατὰ
2632 4370 2731 4441 τὴν
2764 4372 3114 4428 ἀποδοθεῖσαν
3142 4376 3432 4446 ἑρμηνείαν
3450 4392 3465 4407 ⁶
3495 4378 3563 4430 τὰ
3586 4366 3647 4430 δὲ
3684 4379 4013 4447 προκείμενα

2465 4460 2627 4532 εὐχὴν
2655 4462 2893 4532 περιέχει
2927 4463 3063 4533 ὑπὲρ
3084 4464 3178 4516 τοῦ
3211 4467 3273 4518 ὲκ
3302 4468 3596 4538 περιτομῆς
3617 4467 3777 4521 laci).
3804 4470 4014 4541 Ἐπειδὴ

2463 4549 2572 4621 γὰρ
2598 4552 2626 4603 ό
2660 4554 2939 4623 προφήτης
2968 4554 3220 4625 προεώρα
3247 4555 3323 4625 τῷ
3349 4554 3475 4626 θείῳ
3506 4557 3784 4627 -Πνεύματι
3815 4558 3909 4629 τὴν
3936 4562 4015 4623 είς

814 4612 891 4666 ita
926 4619 985 4665 ut
1020 4614 1168 4667 nulla
1195 4616 1248 4669 in
1278 4619 1489 4686 psalmo
1517 4623 1874 4679 contradictio
1900 4623 2356 4694 deprehendatur,
2388 4628 2432 4684 Ι)

2273 4646 2356 4693 ιη’,
2388 4628 2432 4684 Ῐ)
2583 4612 3110 4714 Χριστδνόιπείθειαν
3137 4612 3230 4698 ⁸’τοῦ
3264 4612 3528 4701 Ἰουδαίων
3555 4612 3758 4715 ἔθνους,
3789 4612 3879 4717 καί

814 4703 959 4772 quod
988 4713 1129 4758 cum'
1158 4706 1313 4761 initio
1365 4710 1584 4766 meliora
1644 4714 1762 4769 orbi
1803 4716 2127 4773 vaticinatus
2172 4729 2316 4775 esset
2344 4761 2359 4784 ,

810 4796 920 4863 jam
947 4797 1103 4869 quasi
1132 4798 1266 4851 nihil
1296 4800 1422 4854 boni
1447 4803 1700 4857 collatum
1748 4806 1822 4859 sit
1855 4822 2042 4876 preces
2090 4809 2357 4865 instituat.

814 4887 993 4942 Prima
1020 4890 1200 4959 itaque
1230 4890 1296 4943 de
1319 4891 1595 4949 beneﬁciis
1649 4908 1679 4946 a
1713 4893 1992 4953 Salvatore
2022 4910 2211 4955 nostro
2258 4902 2361 4957 hu-

814 4988 974 5027 mano
993 4977 1171 5045 generi
1188 4977 1549 5035 concedendis
1571 4984 1825 5051 praedicta
1846 4985 2089 5055 fuerant;
2122 4976 2361 5046 secundo

812 5068 995 5116 autem
1041 5064 1159 5120 loco
1202 5081 1301 5135 pro
1348 5068 1743 5143 contri‘bulibus
1800 5087 1831 5125 a
1883 5075 2141 5142 propheta
2170 5093 2360 5148 preces

813 5153 1168 5222 emittuntur,
1209 5169 1269 5213 ut
1306 5161 1386 5213 ira
1433 5159 1581 5229 ipsos
1612 5163 1863 5219 invasura
1894 5165 2140 5235 sedetur;
2196 5180 2359 5240 atque

814 5243 917 5311 ipsi
948 5242 1162 5298 demum
1196 5246 1287 5319 Dei
1324 5248 1393 5304 ad
1430 5263 1489 5305 se
1522 5253 1909 5319 conversione,
1962 5262 2122 5326 atque
2165 5259 2254 5313 illa
2304 5262 2359 5315 in

792 5334 1030 5388 .Christo
1058 5333 1151 5402 D,ei
1177 5335 1359 5393 laetitia
1387 5340 1534 5411 digni
1564 5341 1882 5400 habeantur.

2463 4732 2911 4804 καταληψομένην
2950 4736 3141 4801 αὐτοὺς
3186 4738 3353 4811 ὀργὴν
3384 4741 3491 4794 τῶν
3528 4741 4013 4812 τολμηθησομένων

2461 4821 2641 4886 αὐτοῖς
2696 4824 2876 4879 ἕνεκεν
2900 4867 2915 4891 ,
2977 4829 3198 4894 εἰκότως
3266 4832 3363 4903 τὴν
3419 4831 3781 4904 προκειμένην
3849 4833 4011 4904 εὐχὴν

2462 4909 2601 4982 ὑπὲρ
2626 4915 2802 4970 αὐτῶν
2834 4918 3143 4989 ἀναπέμπει
3165 4939 3179 4951 ·
3219 4921 3294 4985 ὡς
3326 4906 3530 4993 μηκέτι
3571 4921 3745 4975 δοκεῖν
3776 4924 4009 4978 ἐναντιο-

2462 5000 2645 5070 λογίαν
2670 5009 2943 5079 περιέχειν
2969 5010 3061 5065 τὸν
3092 5012 3325 5083 ψαλμὸν,
3350 5012 3602 5084 ἀνωτέρω
3630 5014 3727 5084 μὲν
3766 5016 3834 5069 τὰ
3872 5034 4010 5088 χρη-

2461 5093 2685 5179 στότερηα
2705 5098 3030 5161 θεσπίσαντα
3066 5104 3210 5173 πάσῃ
3242 5104 3307 5172 τῇ
3332 5105 3423 5173 γῇ,
3473 5104 3529 5156 ἐν
3554 5104 3611 5157 δὲ
3649 5109 3757 5170 τοῖς
3785 5124 4003 5179 προκει-

2462 5180 2660 5251 μένοις,
2692 5187 2766 5249 ὡς
2801 5189 3022 5259 μηδενὸς
3058 5191 3261 5259 ἀγαθοῦ
3299 5189 3680 5265 πεπραγμένου
3712 5196 3807 5266 τὴν
3847 5194 4010 5267 εὐχὴν

2458 5268 2735 5334 διεξιόντα.
2777 5278 2858 5331 Τὰ
2883 5282 3060 5334 τοίνυν
3095 5281 3287 5365 πρῶτα
3321 5285 3448 5356 περὶ
3493 5286 3601 5339 τῶν
3643 5286 3730 5339 διὰ
3760 5286 3853 5339 τοῦ
3900 5286 4010 5337 Σω-

2457 5360 2518 5410 τῖ
2531 5378 2620 5432 ρος
2649 5365 2804 5435 ἡμῶν
2842 5360 3277 5449 παρασχεθεισῶν
3306 5374 3384 5446 τῷ
3427 5374 3534 5428 τῶν
3574 5375 3873 5447 ἀνθρώπων
3911 5373 4009 5443 βίῳ

816 5427 1136 5535 ιῆεργεεξιῶν
1156 5433 1575 5535 πρξδεφηξεξετος
1599 5436 1667 5535 τίξ
1691 5435 1747 5489 δὲ
1777 5436 1999 5535 δεύτερα-
2109 5446 2385 5535 προφήτης
2423 5427 2561 5522 inti:
2763 5427 3057 5531 opose‘vébvn
3096 5463 3310 5535 εὔχεται
3335 5427 3367 5531 ,.
3396 5427 4007 5524 ἱκετεύωνϊπαόσασθαι

819 5517 918 5593 μὲν
983 5520 1083 5590 τὴν
1120 5522 1241 5575 κατ’
1314 5522 1489 5577 αὐτῶν
1541 5526 1706 5597 ὀργὴν
1730 5569 1746 5595 ,
1777 5528 2167 5601 καταξιωθῆναι
2218 5534 2275 5588 δὲ
2335 5536 2428 5592 καὶ
2462 5517 2658 5609 αὐτοὺς
2693 5517 2815 5612 τῆς.
2834 5550 2924 5604 τοῦ
2976 5553 3109 5607 Θεοῦ
3140 5517 3882 5631 saevitia
3927 5554 4005 5639 τῷ

819 5612 1032 5639 ιτ-....·ι.
1056 5615 1145 5639 --ε-ξ
1178 5616 1310 5639 ουτ
1348 5618 1571 5639 η---)

718 5614 721 5617 ’
815 5612 1034 5683 Χριστῷ
1054 5615 1146 5669 τοῦ
1178 5616 1311 5671 Θεοῦ
1344 5618 1691 5693 εὐφροσύνης.

884 5811 925 5846 ’⁷
965 5811 1067 5871 lsa.
1100 5826 1219 5885 ut.
1253 5815 1303 5875 1.
1378 5816 1423 5850 ⁸⁸
1459 5816 1589 5876 Luc.
1622 5834 1695 5888 tv,
1730 5820 1815 5883 i8.
1891 5821 1933 5855 ι’
1966 5820 2107 5879 Psal.
2132 5838 2280 5885 sui,
2303 5823 2352 5879 i.
