4406 6414
235 473 370 542 lost

1353 460 1856 536 cou'uriNrAmA
1895 477 1961 532 lN
1999 476 2330 534 essurus.
2369 511 2379 522 .

3322 478 3458 534 1022

307 600 513 663 Δεῖξον
556 599 722 670 ἡμῖν,
751 599 949 668 Κύριε,
984 612 1050 652 το
1083 596 1256 663 ἔλεός
1288 612 1404 652 σου
1438 598 1535 652 καί
1574 600 1640 652 τὸ
1681 615 1794 652 σω-
1821 604 1866 655 A
1966 598 2042 652 Vs

1719 615 1794 652 ’ω-
1821 604 1866 655 Α
1966 598 2131 654 Vsus.
2167 600 2221 654 8.
2265 597 2509 655 Ostende
2531 598 2712 664 nobis,
2761 598 3010 664 Domine,
3045 597 3459 654 misericordiam

241 696 442 764 τήριόν
473 709 588 748 σου
609 692 762 760 δῴης
796 691 955 761 ἡμῖν.
981 692 1099 743 Ἔτι
1133 691 1226 744 καὶ
1259 690 1431 744 ταῦτα
1451 694 1479 744 ό
1505 692 1798 762 Προφήτης

238 787 476 857 εὔχεται,
505 785 760 838 ἱκετεύων
793 781 1186 852 καταξιωθῆναι
1213 782 1304 836 καὶ
1327 783 1486 845 αὐτὸς
1508 782 1798 852 ὀφθαλμοῖς

244 877 578 948 παραλαϐεῖν
610 877 677 930 τά
705 876 960 946 μέλλοντα
993 871 1208 927 ἔσεσθαι
1248 875 1335 928 διὰ
1366 874 1460 927 τοῦ
1496 874 1676 936 ἐλέους
1707 872 1796 926 τοῦ

241 965 396 1030 Θεοῦ,
422 966 458 1019 ἂ
479 966 542 1036 δὴ
563 968 620 1018 ὲν
644 967 754 1027 τοῖς
779 963 1032 1034 ἀνωτέρω
1053 964 1469 1034 προεφητεύετο.
1492 965 1572 1016 lla
1580 963 1802 1034 ρακαλεῖ

243 1056 299 1109 δὲ
332 1058 426 1110 καὶ
461 1056 559 1126 τῆς
583 1053 676 1108 τοῦ
721 1053 957 1124 Χριστοῦ
991 1058 1070 1118 είς
1107 1055 1422 1126 ἀνθρώπους
1456 1055 1800 1125 ὲπιλάμψεως

245 1150 460 1218 τυχεῖν,
505 1147 592 1200 διὰ
645 1146 740 1200 τοῦ
782 1147 1040 1215 φάσκειν’
1085 1149 1190 1202 Καὶ
1228 1149 1293 1202 τὸ
1347 1149 1641 1216 σωτήριόν
1686 1164 1800 1201 σου

242 1238 398 1306 δῴης
424 1239 587 1307 ἡμῖν.
616 1238 810 1307 Σαφῶς
842 1239 896 1292 δὲ
936 1239 998 1292 τὸ
1037 1241 1302 1311 σωτήριον
1331 1235 1508 1293 ἀὑτὸν
1548 1236 1684 1292 εἶναι
1712 1241 1801 1291 τὸν

244 1331 474 1400 Χριστὸν
534 1328 766 1394 ἐδίδαξεν
798 1332 826 1383 ό
881 1330 1102 1400 Συμεὼν
1153 1333 1209 1382 ἐν
1259 1334 1368 1393 τοῖς
1422 1331 1796 1398 Εὑαγγελίοις·

241 1419 416 1473 λαϐὼν
445 1420 576 1488 γοῦν
613 1421 750 1491 μετά
776 1424 962 1492 χεῖρας
993 1421 1071 1473 ἔτι
1101 1423 1290 1491 νήπιον
1319 1421 1444 1474 ὄντα
1463 1422 1551 1473 τὸν
1576 1421 1798 1490 Ἰησοῦν,

240 1506 361 1564 εἶπε
381 1528 395 1540 ο
437 1512 567 1566 Νῦν
587 1513 874 1578 ἀπολύεις
902 1513 1008 1566 τὸν
1056 1511 1281 1566 δοῦλόν
1320 1530 1434 1565 σου
1457 1551 1471 1574 ,
1507 1511 1766 1565 δέσποτα
1785 1552 1799 1574 ,

241 1600 390 1656 κατὰ
435 1602 543 1656 τὸν
583 1604 769 1673 λόγον
813 1620 928 1656 σου
985 1604 1054 1655 ὲν
1092 1602 1317 1671 είρήνῃ.
1370 1605 1488 1656 Ὅτι
1547 1601 1708 1656 εἶδον
1751 1607 1802 1656 οἱ

243 1694 536 1762 ὀφθαλμοί
583 1712 700 1763 μου
728 1693 793 1748 τὸ
828 1693 1128 1763 Σωτήριόν
1170 1710 1305 1748 σου.
1354 1695 1522 1748 Τοῦτο
1553 1692 1643 1748 οὖν
1675 1686 1804 1748 αὐτὸ

245 1786 339 1847 καὶ
371 1786 401 1838 ὁ
433 1787 726 1859 Προφήτης
752 1787 878 1844 ἰδεῖν
917 1786 1132 1856 εῦχεται
1154 1805 1166 1817 ·
1199 1788 1278 1840 διό
1318 1805 1478 1858 φησιν
1522 1792 1548 1841 ὁ
1578 1789 1764 1858 Σωτήρ
1787 1806 1798 1818 ·

1904 700 2068 754 tuam,
2088 700 2142 745 et
2157 692 2395 745 salutare
2415 701 2562 746 tuum
2583 693 2655 746 da
2685 691 2853 746 nobis.
2887 692 2986 747 llic
3006 692 3165 747 etiam
3185 690 3459 761 Propheta

1902 783 2174 852 precando
2207 781 2436 848 insistit,
2467 790 2528 837 ut
2563 784 2678 854 ipse
2704 800 2922 855 quoque
2945 784 3141 854 dignus
3172 783 3457 847 habeatur,

1900 876 1988 943 qui
2014 890 2077 928 ea
2123 891 2241 944 quae
2265 891 2362 945 per
2388 875 2820 931 misericordiam
2851 875 2944 931 Dei
2972 884 3228 934 eventura
3246 913 3261 936 ,
3313 888 3460 942 qua-

1900 981 2004 1034 que
2030 973 2185 1024 antea
2213 966 2573 1034 praenuntiata
2596 976 2744 1030 sunt,
2774 967 2946 1022 oculis
2974 965 3255 1036 percipiat.
3285 962 3463 1034 Rogat

1902 1058 2027 1110 item
2057 1063 2115 1109 ut
2145 1037 2460 1124 s'plendendi
2511 1055 2655 1110 illius
2706 1054 2907 1110 Christi
2948 1055 3014 1108 ad
3059 1055 3308 1109 homines
3359 1052 3458 1106 ad-

1901 1157 2094 1202 ventus
2125 1149 2238 1218 ipse
2271 1163 2496 1202 consors
2517 1146 2798 1210 eﬂiciatur,
2826 1161 2948 1200 cum
2977 1147 3084 1208 ait,
3118 1144 3188 1198 Et
3225 1145 3460 1199 salutare

1903 1251 2048 1293 tuum
2077 1239 2146 1294 da
2171 1239 2339 1295 nabis.
2376 1239 2623 1294 Salutare
2652 1247 2832 1294 autem
2866 1238 2996 1292 illud
3029 1237 3307 1292 Christum
3336 1250 3460 1292 esse

1903 1335 2046 1388 clare
2075 1334 2232 1389 docet
2262 1336 2316 1388 in
2347 1334 2652 1404 Evangeliis
2678 1331 2897 1387 Simeon
2926 1351 2938 1384 :
2971 1331 3085 1401 qui,
3117 1329 3245 1385 J‘esu
3281 1329 3460 1384 adhuc

1903 1427 2108 1481 infante
2137 1428 2192 1479 in
2225 1428 2370 1481 ulnis
2406 1435 2648 1496 accepto,
2680 1425 2815 1478 dixit
2843 1443 2858 1479 :
2900 1423 3056 1478 Nunc
3087 1422 3308 1477 dimittis
3349 1437 3460 1475 ser-

1903 1535 2018 1570 uum
2080 1529 2266 1580 tuum,
2321 1517 2575 1579 Domine,
2625 1517 2909 1570 secundum
2957 1516 3166 1570 uerbum
3199 1525 3345 1569 tuum
3405 1514 3460 1566 in

1901 1627 2042 1678 pace.
2077 1610 2214 1675 Quia
2250 1610 2487 1663 viderunt
2531 1608 2670 1662 oculi
2728 1608 2825 1660 mei
2883 1607 3116 1660 salutare
3175 1616 3325 1660 tuum
3389 1605 3456 1659 “.

1905 1701 2135 1770 Idipsum
2184 1698 2371 1752 videre
2409 1705 2659 1768 peroptat
2689 1695 2960 1766 Propheta
2993 1715 3005 1750 :
3058 1679 3180 1749 ideo
3211 1693 3461 1750 Salvator

1904 1795 1997 1854 ait,
2027 1791 2184 1844 Multi
2215 1791 2475 1860 propheta:
2501 1800 2549 1842 et
2569 1789 2705 1858 justi
2733 1789 3002 1841 voluerunt
3031 1787 3208 1840 videre
3227 1802 3342 1855 qua:
3371 1803 3459 1840 vos

244 1877 464 1930 Πολλοὶ
499 1877 792 1946 προφῆται
827 1879 924 1931 καὶ
945 1878 1157 1932 δίκαιοι
1187 1879 1567 1947 ἐπεθύμησαν
1588 1879 1736 1932 ἰδεῖν
1764 1880 1801 1932 ἂ
1835 1938 1870 1947 κ
1903 1881 1984 1934 vid

1717 1897 1736 1920 μ
1764 1880 1801 1932 ἂ
1835 1938 1870 1947 κ
1903 1881 2106 1945 videtis,
2137 1889 2186 1934 et
2216 1897 2318 1934 non
2341 1879 2576 1932 viderunt
2607 1879 2674 1932 “.
2698 1908 2765 1917 -—
2788 1876 2952 1931 Vens.
2986 1877 3040 1930 9.
3076 1873 3303 1928 Audiam
3332 1875 3457 1944 quid

245 1967 414 2037 ὑμεῖς
441 1969 726 2032 βλέπετε,
759 1968 854 2021 καὶ
883 1971 992 2023 οὐκ
1027 1965 1207 2022 εἶδον.
1243 1970 1590 2037 Ἁκούσομαι
1620 1971 1675 2021 τί
1696 1973 1801 2022 λα-
1832 1965 1874 1992 ¹²
1905 1973 1985 2042 loq

1718 1973 1801 2022 la-
1832 1965 1874 1992 ⁸³
1905 1973 2142 2042 loquetur
2182 1974 2237 2024 in
2272 1988 2351 2024 me
2405 1971 2658 2024 Dominus
2703 1969 2843 2025 Deus
2867 2010 2881 2033 ,
2925 1969 3169 2038 quoniam
3221 1968 3458 2038 loquetur

241 2058 420 2124 λήσει
439 2059 508 2112 ἐν
527 2059 655 2128 ἐμοὶ
683 2061 895 2126 Κύριος
915 2063 946 2112 ό
977 2059 1140 2124 Θεὸς,
1165 2060 1252 2112 ὅτι
1273 2060 1526 2125 λαλήσει
1556 2059 1802 2128 εἰρήνην

240 2150 339 2202 ἐπὶ
376 2149 484 2204 τὸν
503 2150 655 2204 λαὸν
679 2151 883 2214 αὑτοῦ,
926 2151 1023 2203 καὶ
1051 2152 1145 2204 ἐπὶ
1181 2152 1322 2218 τοὺς
1365 2154 1574 2218 ὁσίους
1595 2151 1798 2213 αὑτοῦ,

244 2243 341 2297 καί
381 2244 480 2298 ἐπί
514 2243 653 2310 τοὺς
685 2244 1151 2311 ἐπιστρέφοντας
1194 2245 1466 2314 καρδίαν.
1495 2245 1802 2316 Εὐξάμενος

241 2336 270 2391 ὁ
291 2330 599 2405 Προφήτης,
627 2336 692 2403 τῇ
717 2336 892 2404 σιωπῇ
921 2334 1111 2387 ἑαυτὸν
1128 2317 1484 2406 παραδίδωσι,
1510 2336 1802 2399 πιστεύσας

244 2424 767 2494 ὲπακουσθήσεσθαι.
785 2421 916 2478 Εἶτα
947 2426 1319 2496 προσδοκήσας
1349 2427 1689 2496 ἀποκρίσεως
1713 2444 1803 2478 τυ-

242 2519 358 2585 χεῖν
405 2533 566 2586 φησιν
613 2516 773 2578 αὐτὸς
814 2516 947 2586 πρὸς
994 2517 1182 2569 αὐτόν’
1219 2515 1300 2569 Τὰ
1358 2517 1453 2586 μὲν
1496 2518 1594 2586 τῆς
1639 2517 1803 2587 εῦχῆς

248 2595 336 2675 μοι
363 2605 584 2657 τοιαῦτα
620 2605 806 2673 γέγονε
825 2623 838 2636 ’
867 2606 1054 2676 καιρὸς
1080 2606 1135 2675 δὲ
1168 2606 1349 2659 λοιπὸν
1379 2607 1677 2662 ἐπακοῦσαι
1708 2608 1801 2660 τοῦ

241 2694 401 2762 ἀγίου
428 2693 767 2764 Πνεύματος,
807 2695 899 2748 καὶ
953 2695 1140 2765 μαθεῖν
1179 2697 1306 2767 παρ’
1335 2697 1497 2750 αὑτοῦ
1529 2699 1578 2751 τί
1621 2699 1802 2769 μέλλοι

244 2782 520 2846 θεσπίζειν
554 2785 797 2855 περὶτῆς
824 2786 1045 2856 εἰρήνης
1068 2785 1160 2838 τοῦ
1180 2787 1308 2840 λαοῦ
1336 2789 1519 2853 αὑτοῦ,
1557 2792 1651 2843 καὶ
1680 2793 1803 2862 περὶ

245 2875 353 2927 τῶν
396 2876 692 2947 μελλόντων
723 2876 812 2930 διὰ
837 2877 930 2930 τοῦ
971 2879 1204 2950 Χριστοῦ
1239 2880 1401 2933 αὐτοῦ
1439 2881 1800 2952 ἐπιστρέφειν.

245 2963 381 3043 Heg
411 2966 580 3040 βραχύ
605 2986 656 3020 τι
673 2969 1035 3039 ὲφησυχάσας,
1063 2969 1360 3041 πληροῦται
1381 2971 1472 3023 τοῦ
1494 2971 1804 3041 Πνεύματος

245 3059 340 3110 τοῦ
375 3059 539 3124 θείου,
594 3061 688 3114 καὶ
735 3060 1062 3132 προφητεύει
1107 3061 1234 3131 ἑξῆς
1284 3056 1385 3115 ὧδέ
1433 3080 1547 3125 πως
1603 3062 1801 3129 λέγωνι

247 3147 420 3215 Πλὴν
441 3148 619 3218 ἐγγὺς
639 3148 754 3202 τῶν
774 3148 1154 3218 φοϐουμένων
1186 3150 1371 3203 αὑτὸν
1414 3150 1480 3203 τὸ
1512 3149 1806 3218 σωτήριον

1900 2080 2077 2132 pacem
2107 2065 2160 2116 in
2185 2064 2382 2131 plebem
2401 2080 2574 2128 suam,
2597 2072 2645 2116 et
2688 2063 2743 2114 in
2791 2071 3001 2115 sanctos
3032 2077 3151 2114 suos
3183 2067 3230 2113 et
3283 2060 3337 2112 in
3369 2075 3456 2112 eos

1900 2158 1989 2225 qui
2016 2165 2381 2210 convertuntur
2407 2154 2579 2209 corde.
2609 2152 2900 2222 Postquam
2929 2161 3181 2223 precatus
3217 2160 3299 2206 est
3325 2151 3460 2204 Pro-

1904 2249 2094 2316 pheta,
2149 2258 2333 2301 certus
2381 2263 2438 2302 se
2491 2245 2886 2300 exaudiendum
2935 2260 3090 2308 esse,
3146 2245 3361 2299 silentio
3399 2259 3459 2298 se

1903 2338 2088 2394 tradit.
2124 2337 2265 2392 Hinc
2294 2339 2422 2392 dum
2452 2338 2862 2408 responsionem
2893 2343 3192 2406 exspectat,
3232 2350 3352 2390 sese
3377 2335 3456 2389 sic

1905 2428 2196 2498 alloquitur
2229 2447 2242 2483 :
2276 2427 2423 2483 Talis
2476 2426 2577 2482 fuit
2633 2429 2871 2498 precatio
2920 2441 3070 2492 mea;
3103 2426 3212 2494 jam
3247 2436 3458 2493 tempus

1904 2526 1986 2574 est
2015 2528 2074 2572 ut
2107 2517 2369 2589 Spiritum
2423 2527 2673 2574 sanctum
2704 2518 2954 2581 audiam,
3004 2525 3057 2571 et
3099 2517 3168 2571 ab
3219 2517 3310 2571 illo
3347 2517 3460 2571 edi-

1905 2625 2073 2676 scam,
2106 2609 2236 2678 quid
2270 2610 2336 2664 de
2363 2625 2496 2679 pace
2542 2608 2721 2678 populi
2771 2609 2854 2662 sui
2916 2616 2969 2662 et
3022 2606 3088 2660 de
3121 2607 3187 2662 iis
3215 2608 3306 2678 qui
3364 2623 3460 2677 per

1903 2703 2179 2758 Christum
2237 2717 2396 2756 suum
2453 2700 2798 2756 convertendi
2850 2706 3009 2762 sunt,
3067 2699 3458 2754 vaticinaturus

1906 2793 1997 2848 sit.
2037 2791 2239 2847 Deinde
2287 2807 2414 2846 vero
2465 2791 2749 2860 postquam
2814 2790 3032 2858 paulum
3101 2787 3344 2844 substitit
3404 2796 3458 2844 et

1906 2884 2128 2954 quievit,
2193 2882 2396 2952 Spiritu
2453 2881 2636 2935 divino
2709 2879 2976 2950 repletur;
3055 2889 3111 2934 et
3183 2879 3306 2932 sub
3344 2876 3458 2932 haec

1905 2976 2240 3046 prophetiam
2285 2975 2394 3030 edit
2436 2974 2520 3029 his
2552 2973 2768 3029 verbis:
2806 3003 2870 3013 ——-
2905 2970 3066 3026 Vens.
3117 2970 3203 3026 10.
3241 2970 3458 3024 Verum-

1909 3077 2080 3120 tamen
2111 3081 2267 3134 prope
2297 3067 2530 3119 timentes
2562 3081 2680 3119 eum
2714 3065 2946 3118 salutare
2965 3063 3152 3132 ipsius,
3177 3070 3233 3115 ut
3255 3060 3461 3115 inhabi-

1910 3166 1978 3214 tet
2004 3159 2173 3228 gloria
2217 3159 2271 3210 in
2304 3167 2441 3210 terra
2493 3164 2692 3210 nostra.
2725 3155 2824 3211 His
2851 3163 3028 3212 autem
3055 3156 3293 3210 declarat
3319 3153 3461 3222 jam-

245 3240 454 3304 αὑτοῦ,
490 3230 595 3294 τοῦ
626 3239 1087 3307 κατασκηνῶσαι
1116 3239 1302 3303 δόξαν
1321 3241 1388 3293 ἐν
1419 3239 1493 3308 τῇ
1514 3239 1588 3310 γνῇ
1619 3240 1802 3309 ἡμῶν
1835 3263 1874 3317 C
1903 3249 1985 3318 jan

1719 3240 1802 3292 ὗν⁹
1835 3263 1874 3317 C
1903 3249 2014 3318 jam
2045 3247 2398 3303 adventurum
2437 3246 2749 3308 hominibus
2796 3262 2918 3302 esse
2966 3246 3205 3302 salutare
3249 3242 3363 3306 Dei,
3391 3243 3459 3297 de

251 3327 554 3402 ἰιαρίστησι
586 3331 642 3384 δὲ
669 3330 757 3383 διὰ
781 3331 1005 3399 τούτων,
1035 3331 1156 3383 ὅσον
1190 3332 1398 3384 οὐδέπω
1435 3331 1644 3402 μέλλειν
1691 3333 1805 3382 ἐπι-

251 3421 541 3490 στήσεσθαι
567 3420 871 3491 ἀνθρώποις
898 3419 960 3473 τὸ
991 3423 1252 3490 σωτήριον
1276 3420 1366 3472 τοῦ
1406 3421 1558 3483 Θεοῦ,
1583 3421 1711 3491 περὶ
1744 3413 1805 3471 οῦ

248 3513 506 3583 ἀνωτέρω
557 3511 756 3583 ηὔξατο
789 3509 982 3564 εἰπών’
1032 3509 1235 3574 Δεῖξον
1282 3509 1456 3578 ἡμῖν,
1491 3511 1690 3576 Κύριε,
1740 3510 1806 3562 τὸ

247 3603 420 3668 ,ἔλεός
449 3618 583 3666 σου,
606 3601 704 3654 καὶ
731 3601 794 3654 τὸ
824 3599 1115 3667 σωτήριόν
1145 3615 1260 3653 σου
1284 3599 1440 3668 δῴης
1475 3599 1634 3669 ἡμῖν.
1669 3599 1808 3670 Αὐτὸ

249 3694 314 3764 δὴ
348 3689 440 3746 οῦν
475 3693 631 3746 τοῦτό
667 3711 796 3765 φησι
832 3693 893 3746 τὸ
930 3693 1201 3764 Σωτήρων
1228 3690 1460 3760 ἔγγιστα
1505 3678 1805 3761 τυγχάνειν,

252 3785 346 3856 καὶ
393 3783 616 3855 πλησίον
653 3784 753 3855 ήδη
780 3783 872 3837 καὶ
908 3784 1073 3852 ἐγγὺς
1114 3781 1222 3836 τῶν
1262 3779 1605 3850 φοὸουμένων
1651 3781 1809 3835 αὐτὸν

252 3872 414 3944 εἶναι,
438 3876 609 3929 αἴτιον
649 3876 889 3947 ὑπάρχον
925 3874 1018 3928 τοῦ
1068 3873 1484 3944 κατασκηνῶσαι
1519 3870 1673 3935 δόξαν
1717 3873 1810 3926 καὶ

251 3967 586 4038 σκηνώματα
641 3969 900 4038 συστῆσαι
931 3969 988 4019 ὲν
1017 3969 1081 4037 τῇ
1114 3968 1186 4036 γῇ
1228 3964 1401 4035 ήμῶν.
1437 3961 1596 4026 Ἔθος
1641 3963 1698 4016 δὲ
1743 3967 1808 4035 τῇ

254 4059 375 4130 θεία
411 4059 602 4129 Γραφῇ
634 4059 724 4112 τὸν
769 4058 999 4130 Χριστὸν
1030 4057 1122 4109 τοῦ
1155 4055 1288 4108 Θεοῦ
1325 4055 1588 4126 σωτήριον
1613 4056 1809 4126 ὀνομά-

253 4148 388 4216 ζειν,
422 4149 679 4212 πολλάκις
725 4149 814 4202 διά
845 4149 1050 4202 πολλῶν
1099 4146 1475 4220 ἀπεδείξαμεν.
1507 4148 1572 4200 Ὃ
1615 4147 1679 4217 δὴ
1721 4148 1813 4199 καὶ

254 4239 348 4305 νῦν
386 4237 654 4303 θεσπίζων
695 4240 722 4292 ὁ
773 4220 1222 4312 λόγοςξπαρίστη
1255 4238 1517 4290 διδάσκων
1556 4238 1674 4290 ἀντὶ
1715 4236 1812 4305 τῆς

256 4329 522 4401 προτέρας
550 4329 771 4400 ἀτιμίας
794 4334 890 4399 τῆς
920 4331 1059 4384 κατά
1083 4330 1178 4401 τὴν
1207 4312 1643 4400 εἰδωλολατρείαν
1682 4327 1812 4379 ὑπο-

258 4423 461 4491 στάσης
506 4423 564 4474 ὲν
595 4425 658 4493 τῇ
689 4424 756 4493 γῇ
793 4421 947 4494 δόξαν
971 4426 1026 4475 ὲν
1067 4423 1201 4492 αὐτῇ
1234 4418 1689 4490 κατασκηνώσειν,
1717 4416 1812 4469 καὶ

258 4513 590 4585 σκηνώματα
627 4513 898 4584 πανταχοῦ
957 4515 1058 4584 γῆς
1107 4511 1482 4584 ἱδρυθήσεσθαι
1526 4509 1681 4579 δόξης
1713 4508 1810 4577 τῆς

1907 3356 2016 3411 quo
2055 3339 2305 3409 superius
2329 3338 2443 3392 haec
2471 3338 2793 3407 precabatur
2824 3354 2836 3388 :
2873 3336 3098 3391 Ostende
3138 3335 3306 3400 nobis,
3344 3332 3455 3387 Do-

1908 3432 2064 3493 mine,
2101 3428 2512 3485 misericordiam
2542 3438 2707 3492 tuam,
2736 3438 2784 3482 et
2818 3426 3051 3481 salutare
3083 3435 3228 3478 tuum
3257 3425 3328 3478 da
3367 3441 3461 3478 no-

1909 3523 2007 3577 bis.
2025 3521 2138 3577 Hoc
2155 3523 2329 3592 ipsum
2353 3518 2712 3589 salutare'jam
2733 3518 3036 3589 proximum
3082 3532 3204 3572 esse
3226 3516 3463 3572 declarat

1909 3630 1972 3668 ac
2002 3615 2236 3668 vicinum
2261 3613 2574 3668 timentibus
2607 3626 2729 3667 eum
2749 3652 2764 3676 ,
2806 3611 3093 3682 ipsumque
3126 3625 3306 3665 veram
3340 3624 3460 3664 esse

1907 3718 2127 3759 causam
2159 3718 2259 3757 cur
2307 3703 2476 3773 gloria
2523 3701 2785 3756 inhabitet
2829 3709 2883 3755 et
2920 3699 3266 3755 tabernacula
3293 3703 3461 3766 ponat

1911 3798 1966 3851 in
2005 3802 2147 3850 terra
2169 3802 2376 3849 nostra.
2413 3793 2468 3848 ld
2495 3800 2674 3848 autem
2701 3792 2869 3846 moris
2893 3805 3016 3844 esse
3061 3788 3352 3866 Scriptura;
3384 3788 3462 3842 di-

1911 3887 2064 3952 vinae,
2096 3892 2154 3939 ut
2182 3885 2453 3939 Christum
2482 3883 2574 3939 Dei
2621 3884 2859 3938 salutare
2897 3891 3192 3950 nuncupet,
3221 3896 3363 3950 saepe
3407 3890 3461 3934 et

1911 3979 2154 4048 pluribus
2179 3975 2671 4046 comprobavimus.
2704 3972 2860 4039 Quod
2899 3985 3029 4029 sane
3081 3973 3181 4027 hoc
3228 3974 3282 4026 in
3321 3973 3458 4027 vati-

1911 4067 2053 4120 cinio
2097 4065 2421 4129 declaratur,
2453 4062 2661 4117 scilicet
2681 4061 2801 4114 loco
2831 4059 3028 4129 prioris
3060 4058 3312 4120 infamiae,
3342 4072 3461 4127 qua

1911 4157 2227 4212 idololatria:
2271 4168 2513 4224 tempore
2557 4153 2612 4207 in
2657 4159 2802 4206 terra
2849 4149 3184 4213 versabatur,
3235 4147 3460 4216 gloriam

1911 4246 2106 4302 ibidem
2141 4233 2526 4317 habitaturam,
2549 4249 2603 4298 et
2630 4240 2977 4295 tabernacula
3005 4239 3188 4309 gloria:
3227 4237 3338 4291 Deo
3365 4251 3462 4310 per

1912 4338 2274 4408 evangelicam
2301 4335 2602 4390 doctrinam
2633 4333 2949 4393 referenda,
2973 4331 3174 4398 ubique
3194 4327 3460 4381 terrarum

1914 4430 2122 4500 ﬁgenda
2167 4447 2309 4485 esse.
2365 4426 2675 4482 Secundum
2720 4425 2836 4479 hac
2883 4422 3102 4476 modum
3146 4421 3317 4487 aperit
3352 4434 3461 4488 quo

1916 4521 2179 4588 promissa
2201 4517 2518 4589 complenda
2553 4522 2702 4579 sunt,
2725 4514 2810 4568 his
2837 4510 3016 4565 verbis
3043 4528 3054 4562 :
3080 4537 3150 4549 --
3173 4507 3339 4562 Vsus.
3370 4507 3458 4561 Η.

255 4605 333 4675 τῷ
370 4605 488 4677 Θεῷ
519 4605 606 4658 διὰ
640 4607 740 4675 τῆς
780 4603 1504 4676 εὐᾳγγελικῆςἛιδασιιαλίας
1550 4598 1810 4669 ἀνατεθη-
1839 4602 1885 4658 D
1913 4611 1995 4665 Μί

1718 4598 1810 4669 θη-
1839 4602 1885 4658 Ῑ)
1913 4611 2278 4666 Misericordia
2311 4598 2378 4664 et.
2403 4609 2590 4662 ueritas
2625 4605 2955 4659 obviaverunt
3001 4601 3123 4666 sibi,
3173 4598 3386 4668 justitia
3411 4608 3458 4651 et

259 4697 514 4768 σομένης.
551 4690 704 4756 ,Εἶτα
752 4696 960 4758 τούτοις
1017 4697 1142 4764 ἑξῆς
1190 4695 1279 4747 τὸν
1325 4695 1547 4764 τρόπον,
1588 4689 1708 4743 καθ’
1754 4689 1811 4742 ὃν

258 4787 478 4856 ἔμελλεν
523 4786 1081 4857 ἀποπληρωθήσεσθαι
1130 4784 1198 4836 τά
1239 4782 1650 4855 ἐπηγγελμένα,
1696 4783 1811 4835 δια-

260 4881 420 4946 σαφεῖ
461 4878 668 4947 λέγων·
707 4879 912 4940 Ἔλεος
957 4875 1053 4927 καὶ
1111 4875 1357 4940 ἀλήθεια
1397 4871 1810 4939 συνήντησαν,

259 4967 612 5038 δικαιοσύνη
659 4969 756 5023 καί
782 4967 988 5036 εἰρήνη
1031 4965 1459 5034 κατεφίλησαν.
1493 4962 1595 5015 Δύο
1624 4962 1688 5033 δὴ
1725 4964 1813 5020 διὰ

259 5042 460 5112 τούτών
488 5061 742 5128 συζυγίας
773 5060 934 5130 φησὶν
961 5058 1213 5128 ἀλλήλαις
1239 5053 1650 5126 συνηντηκέναι,
1682 5048 1755 5108 ὧν
1780 5059 1813 5126 ή

261 5147 452 5220 πρώτη
478 5150 659 5214 ὲλέους
688 5147 756 5222 ἦν
787 5151 880 5204 καὶ
910 5149 1182 5220 ἀληθείας,
1213 5148 1246 5218 ή
1274 5146 1328 5199 δὲ
1361 5145 1586 5216 δευτέρα
1614 5145 1814 5211 δικαιο-

210 5275 214 5279 -
259 5238 425 5309 σύν-ης
467 5241 561 5293 καὶ
601 5242 841 5310 εἰρήνης.
877 5241 1215 5310 Συνήντησαν
1248 5236 1516 5306 ἀλλήλαις,
1541 5237 1692 5307 φησὶ,
1723 5237 1813 5292 καὶ

265 5330 508 5400 φιλικοὺς
558 5331 878 5400 ἀσπασμοὺς
905 5331 1304 5384 ἀποδεδώκασι·
1353 5327 1714 5398 κατεφίλησάν
1754 5345 1814 5380 τε

263 5421 397 5492 ὁμοῦ
419 5421 518 5491 τήν
549 5411 890 5492 δικαιοσύνην
911 5424 1004 5475 καὶ
1034 5422 1132 5494 τὴν
1165 5422 1385 5493 εἰρήνην
1413 5422 1445 5488 ή
1473 5419 1696 5488 ἀλήθεια
1723 5421 1818 5474 καὶ

264 5510 325 5577 τὸ
351 5509 515 5572 ἔλεος.
554 5502 720 5564 Πόθεν
750 5511 807 5564 δὲ
829 5511 1156 5582 ἀφικόμεναι
1181 5509 1434 5581 ἀλλήλαις
1463 5510 1814 5581 συνήντησαν,

269 5602 428 5656 πάλιν
455 5603 658 5665 ὑποδάς
687 5602 923 5656 διδάσκει
942 5602 1142 5669 λέγων·
1185 5601 1448 5669 Ἀλήθεια
1481 5602 1548 5655 ἐκ
1575 5601 1684 5670 τῆς
1709 5601 1819 5672 γῆς

266 5693 550 5762 ἀνέτειλε,
577 5696 673 5750 καί
711 5694 1058 5764 δικαιοσύνη
1099 5696 1166 5749 ἐκ
1200 5695 1305 5750 τοῦ
1345 5694 1600 5763 οὐρανοῦ
1625 5694 1818 5752 διέκυ-

362 5877 378 5892 "
420 5870 541 5925 huc.
587 5891 658 5928 ll.
697 5872 896 5940 29,30.
972 5873 1011 5904 ⁵³
1058 5871 1246 5940 Matth.
1283 5889 1410 5944 xm,
1447 5874 1533 5941 Ίῗ·

1911 4720 2015 4774 pax
2048 4703 2294 4756 osculata:
2337 4709 2477 4753 sunt.
2527 4696 2622 4751 His
2670 4711 2834 4766 porro
2865 4695 3023 4774 binas
3052 4691 3460 4761 conjugationes

1912 4761 2180 4846 coaluisse
2208 4789 2386 4853 docet,
2416 4791 2646 4856 quarum
2679 4786 2856 4855 prima
2885 4761 3384 4840 esthisericordiaa
3406 4785 3461 4830 et

1911 4881 2185 4945 veritatis;
2219 4879 2457 4935 secunda
2483 4895 2629 4945 vero,
2657 4878 2882 4948 iustitiae
2909 4884 2963 4932 et
3003 4873 3175 4946 pacis.
3198 4870 3462 4926 Occurre-

1912 4978 2060 5036 runt,
2096 4971 2294 5040 inquit,
2335 4978 2546 5036 mutuo,
2582 4970 2895 5038 amicasque
2937 4964 3290 5022 salutationes
3330 4975 3461 5016 con-

1913 5055 2212 5120 tulerunt’:
2253 5063 2440 5118 oscula
2475 5061 2743 5118 dederunt
2778 5060 2940 5117 simul
2986 5057 3211 5128 iustitiae
3247 5062 3301 5110 et
3341 5052 3459 5124 paci

1913 5149 2114 5212 veritas
2139 5158 2193 5204 et
2220 5151 2613 5208 misericordia.
2642 5150 2799 5206 Unde
2837 5164 2962 5204 vero
2993 5145 3246 5217 profectae
3271 5150 3461 5197 mutuo

1915 5243 2276 5308 occurrerint,
2326 5243 2624 5299 secundum
2672 5245 2786 5297 haec
2828 5239 3066 5294 declarat
3110 5237 3195 5292 his
3233 5233 3457 5291 verbis:

1915 5365 1983 5375 —
2003 5332 2168 5390 Vrsas.
2202 5336 2290 5390 12.
2335 5334 2537 5388 Veritas
2566 5334 2629 5387 de
2656 5344 2793 5386 terra
2815 5339 2933 5385 orta
2960 5339 3056 5394 est,
3089 5339 3137 5384 et
3157 5327 3371 5398 justitia
3399 5326 3463 5381 de

1919 5425 2041 5482 ctelo
2062 5427 2346 5495 prospexit.
2367 5425 2562 5494 Utpote
2584 5425 2744 5495 igitur
2764 5439 2831 5478 ex
2850 5436 3043 5492 magna
3064 5416 3464 5486 intercapedine

1918 5525 2106 5573 mutuo
2135 5525 2543 5578 concurrentes,
2580 5530 2700 5570 sese
2736 5514 2968 5570 invicem
3005 5511 3261 5580 amplexa:
3291 5517 3344 5564 et
3375 5525 3464 5564 os-

1919 5609 2111 5663 culata:
2139 5617 2288 5672 sunt,
2322 5607 2450 5661 hinc
2487 5605 2702 5673 justitia
2730 5621 2851 5675 quae
2892 5605 2958 5658 de
3000 5602 3140 5657 C(elo
3177 5602 3230 5656 in
3263 5609 3464 5655 terram

1917 5701 2218 5772 prospexit,
2258 5698 2382 5754 inde
2419 5696 2620 5753 veritas
2665 5711 2784 5766 quae
2829 5694 2896 5749 de
2941 5695 3050 5776 imo
3077 5693 3191 5750 sive
3224 5691 3289 5748 de
3323 5699 3470 5756 tersa
