4406 6456
887 508 1025 562 1023

1577 504 1847 560 EUSEBII
1885 501 2348 561 CIESABIENSIS
2381 499 2531 556 ΟΡΡ.
2572 497 2748 552 PARS
2783 496 2871 551 Ill.
2907 504 2976 538 λ-
3014 494 3420 552 EXEGETICA.

3933 452 4088 554 rost

886 634 1008 680 orta
1036 632 1136 677 est.
1176 622 1270 678 liis
1301 629 1695 691 consequenter
1724 620 2041 687 adjiciemus
2065 627 2116 674 et
2149 618 2436 691 subjunge-
2465 625 2510 679 Α
2536 622 2626 692 ψει

2355 633 2436 687 ge-
2465 625 2510 679 Α
2536 622 2671 692 per.
2715 616 2800 677 Ὣς
2829 619 2892 667 ὲκ
2934 613 3142 685 μακροῦ
3180 610 3466 683 τοιγαροῦν
3497 613 3860 683 διαστήματος
3892 629 4095 668 συντυ-

846 761 851 768 .
887 729 1008 766 mus
1039 728 1099 766 ea
1133 727 1254 780 qua:
1283 712 1336 764 in
1369 710 1636 779 principio
1668 710 1856 776 psalmi
1881 710 2053 776 posita
2097 715 2244 770 sunt,
2275 715 2327 760 et
2356 707 2436 760 sic

2533 707 2718 775 χοῦσαι
2757 703 3040 773 ἀλλήλαις.
3084 703 3505 773 περιεπτύξαντο
3546 701 4086 773 καὶκατεφίλησαν·

892 802 1089 856 habent
1117 801 1491 864 :Benedircisti,
1523 799 1762 863 Domine,
1789 809 1980 851 terram
2012 808 2172 862 tuam,
2203 795 2436 850 avertisti
2530 794 2632 846 ἀνα

2350 795 2436 848 isti
2530 794 2733 846 ἀνωθεν
2764 793 2862 869 μὲν
2886 792 2942 855 ἐξ
2971 792 3195 862 οὐρανοῦ
3219 793 3520 861 διακύψασα
3552 794 3642 845 ἐπὶ
3668 793 3766 863 τὴν
3806 791 3910 860 γῆν
3938 794 3974 862 ὴ
4004 791 4090 844 δι-

888 894 1242 959 captivitatem
1270 890 1454 942 Jacob.
1485 888 1750 942 Remisisti
1780 890 2101 956 iniquitatem
2126 887 2285 954 plebis
2311 896 2433 948 tuas,

892 984 1140 1050 aperuisti
1172 983 1347 1034 omnia
1389 991 1598 1048 peccata
1629 996 1826 1032 eorum.
1873 979 1994 1031 Hmc
2021 979 2218 1045 quippe
2256 975 2436 1028 omnia

884 1082 996 1125 tum
1031 1073 1208 1125 futura
1243 1071 1755 1139 praenuntiabantur,
1796 1081 1919 1119 cum
1973 1067 2209 1118 salutare
2239 1062 2334 1115 Dei
2374 1063 2430 1116 in

885 1172 1030 1216 terra
1055 1163 1228 1215 visum
1252 1169 1416 1215 esset.
1449 1159 1727 1227 Siquidem
1749 1171 1853 1210 una
1883 1169 2006 1208 cum
2045 1154 2266 1207 salutari
2290 1153 2430 1206 veri-

888 1261 973 1306 tas
1007 1251 1075 1305 de
1106 1263 1248 1304 terra
1277 1259 1413 1313 orta,
1445 1264 1506 1302 ac
1534 1248 1748 1316 justitia
1783 1261 1900 1315 qua:
1931 1245 1997 1298 de
2038 1245 2177 1297 cmlo
2223 1243 2434 1312 prospi-

886 1342 1035 1395 ciens
1086 1322 1186 1408 ipsi
1231 1339 1493 1400 occurrit,
1548 1335 1640 1390 Dei
1693 1337 1922 1406 gratiam
1968 1351 2035 1388 ex
2080 1350 2231 1402 aequo
2260 1349 2433 1402 exque

887 1445 1140 1498 suprema
1195 1429 1330 1497 justi
1378 1428 1586 1481 ratione
1632 1426 1684 1476 in
1737 1441 1924 1477 omnes
1973 1423 2217 1478 homines
2264 1421 2433 1475 effun-

893 1521 996 1574 dit.
1433 1528 1442 1536 “

2532 882 2809 950 καιοσύνη,
2862 880 3103 934 κάτωθεν
3147 881 3205 933 δὲ
3252 881 3360 934 ἀπὸ
3397 881 3498 950 τῆς
3546 881 3650 950 γῆς
3699 879 4090 949 ἀνατείλασαή

2535 971 2774 1040 ἀλήθεια.
2800 970 3018 1033 Τούτοις
3054 972 3354 1036 ἀκολούθως
3382 971 3505 1042 ἑξῆς
3540 965 3962 1040 παραθησόμεθα
3989 969 4092 1022 καὶ

2537 1062 2840 1130 συνάψομεν
2867 1061 2936 1114 τά
2982 1061 3171 1131 πρῶτα
3201 1060 3293 1114 τοῦ
3330 1059 3544 1131 ψαλμοῦ
3564 1101 3578 1124 ,
3609 1063 3666 1113 ὲν
3710 1054 3789 1122 οἷς
3831 1056 4051 1125 ἐλέγετο
4071 1074 4085 1086 ·

2533 1153 2902 1220 Εὐδόκησας,
2927 1154 3119 1220 Κύριε,
3143 1151 3255 1220 τὴν
3274 1151 3543 1221 τῆν-σου,
3563 1151 3943 1219 ἀπέστρεψας
3969 1147 4090 1216 τὴν

2535 1245 2943 1313 αἰχμαλωσίαν
2997 1241 3204 1295 Ἰακώϐ.
3255 1241 3504 1310 Ἀφῆκας
3549 1241 3660 1309 τὴν
3690 1241 3942 1308 ἀνομίαν
3977 1237 4088 1292 τοῦ

2533 1334 2684 1388 λαοῦ
2710 1349 2844 1396 σου,
2865 1332 3169 1398 ἐκάλυψα(
3203 1330 3525 1396 πάσας-τὰς
3549 1331 3831 1400 ἁμαρτίας
3865 1327 4085 1393 αὐτῶν.

2534 1423 2716 1481 Ταῦτα
2741 1423 2848 1492 γὰρ
2878 1423 3052 1475 πάντα
3075 1421 3283 1492 μέλλειν
3314 1420 3528 1472 ἔσεσθαι
3558 1416 4085 1491 προεφητεύετο,τοῦ

2543 1511 2807 1582 σωτηρίου
2840 1511 2929 1565 τοῦ
2962 1511 3102 1572 Θεοῦ
3127 1513 3218 1585 sui.
3249 1511 3351 1588 γῆς
3411 1508 3679 1578 ὀφθέντος.
3713 1509 3863 1562 Ἐπεὶ
3884 1509 3980 1561 σὺν
4005 1506 4088 1576 τῷ

887 1608 1142 1684 Σωτηρίῳ
1188 1607 1408 1676 ἀλήθεια
1438 1607 1500 1657 ἐκ
1532 1605 1628 1672 τῆς
1658 1604 1758 1673 γῆς
1793 1603 2134 1664 ἀνατείλασα,
2173 1602 2345 1676 ταύτῃ
2412 1618 2468 1653 τε
2511 1603 2884 1672 συναντήσασα
2919 1603 2953 1672 ὴ
3002 1605 3067 1655 ὲκ
3109 1601 3201 1654 τοῦ
3241 1598 3469 1668 οὐρανοῦ
3535 1597 3838 1666 διακύψασα
3883 1594 4086 1652 δικαιο-

890 1699 1018 1769 σύνη
1040 1738 1054 1762 ,
1091 1701 1167 1761 είς
1214 1699 1421 1760 πάντας
1451 1695 1766 1766 ἀνθρώπους
1811 1693 1870 1765 ἐξ
1913 1694 2026 1746 ἴσου
2063 1696 2157 1747 καὶ
2203 1695 2342 1746 κατά
2373 1693 2432 1745 τὸ
2470 1693 2802 1753 δικαιότατον
2825 1694 2937 1764 τὴν,
2951 1692 3051 1746 τοῦ
3065 1692 3200 1746 Θεοῦ
3225 1693 3380 1764 χάριν
3409 1691 3701 1765 ἐξῄπλωσε.

961 1814 1057 1868 His
1094 1829 1258 1883 porro
1306 1813 1522 1866 divinus
1581 1810 1790 1864 Domini
1824 1819 1876 1864 et
1910 1809 2216 1866 Servatoris
2265 1813 2434 1866 nostri

2607 1813 2798 1882 Σαφῶς
2829 1813 2885 1865 δὲ
2913 1812 2999 1871 διὰ
3035 1812 3236 1872 τούτων
3262 1815 3294 1882 ή
3325 1811 3608 1880 θεοφάνεια
3626 1809 3718 1863 τοῦ
3747 1810 3948 1881 Κυρίου
3992 1813 4086 1865 καὶ

884 1901 1010 1958 Jesu
1042 1903 1250 1956 Christi
1314 1901 1573 1955 adventus
1614 1900 1896 1970 perspicue
1950 1901 2299 1965 enuntiatur;
2344 1916 2437 1969 per
2469 1891 2508 1943 Β
2536 1907 2624 1962 Σωι

2344 1916 2437 1969 per
2469 1891 2508 1943 Β
2536 1906 2780 1975 Σωτῆρος
2825 1905 2979 1975 ἡμῶν
3022 1903 3192 1975 Ἰησοῦ
3241 1904 3474 1974 Χριστοῦ
3525 1902 3874 1973 παρίσταται·
3933 1899 4081 1957 διὀὗ

889 2008 1050 2062 quem
1096 1992 1267 2044 solum
1303 1990 1501 2045 veritas
1547 1989 1613 2044 de
1658 1998 1799 2043 terra
1837 1996 1954 2043 orta
1987 1999 2068 2042 est
2103 2007 2118 2042 ε
2153 1990 2278 2058 quia
2323 1990 2439 2063 ipse

885 2085 1088 2136 veritas
1126 2088 1261 2143 erat,
1297 2093 1357 2134 ac
1399 2080 1659 2133 doctrinas
1703 2080 1822 2148 ejus
1864 2081 2183 2149 evangelicae
2231 2096 2431 2146 sermo,

886 2187 996 2224 non
1019 2179 1076 2223 ut
1102 2172 1226 2222 olim
1252 2172 1303 2222 in
1346 2170 1532 2238 ﬁguris
1573 2178 1626 2222 et
1664 2170 1945 2239 symbolis,
1979 2171 2072 2224 sed
2127 2185 2218 2240 per
2265 2172 2438 2239 ipsam

888 2261 1170 2329 veritatem
1229 2261 1560 2314 tradebatur.
1611 2258 1735 2314 Ideo
1785 2261 1986 2314 dictum
2030 2270 2113 2313 est
2163 2259 2320 2313 :Lea:
2347 2277 2438 2327 per

887 2349 1124 2420 Moysem
1154 2352 1283 2403 data
1323 2359 1419 2412 est,
1448 2351 1620 2419 gratia
1651 2359 1700 2402 et
1729 2352 1916 2409 veritas
1956 2365 2044 2416 per
2075 2349 2254 2403 Iesum
2287 2351 2438 2404 Chri-

885 2451 1023 2492 stum
1048 2440 1191 2506 facta
1220 2438 1403 2492 est"?
1450 2437 1712 2494 Universa
1749 2449 1925 2493 autem
1960 2453 2120 2506 opera
2150 2440 2267 2507 ejus
2295 2441 2436 2493 veri-

885 2537 969 2582 tas
995 2536 1171 2590 erant,
1201 2542 1410 2580 necnon
1439 2536 1592 2582 ortus
1616 2529 1754 2596 ejus,
1788 2529 1968 2598 passio
1996 2536 2048 2582 et
2074 2537 2288 2593 caetera,
2321 2545 2437 2600 qum

885 2617 1066 2686 specie
1096 2618 1273 2670 solum
1304 2625 1355 2670 et
1383 2618 1668 2687 phantasia
1692 2627 1842 2689 gesta
1875 2619 2042 2675 fuisse
2079 2621 2437 2689 Opinabantur

889 2709 1034 2762 athei
1071 2708 1332 2764 haeretici.
1365 2709 1518 2774 Quod
1552 2713 1599 2764 si
1640 2713 1817 2767 omnis
1849 2712 2010 2766 homo
2043 2713 2295 2776 mendax,
2326 2726 2438 2766 mev-

888 2797 999 2850 rito
1031 2799 1147 2867 ipse
1177 2800 1346 2862 solus,
1383 2801 1474 2868 qui
1511 2801 1707 2857 veritas
1734 2809 1840 2865 est,
1888 2803 1954 2856 de
1986 2809 2129 2856 terra
2159 2810 2310 2857 ortus
2332 2813 2434 2866 est,

886 2890 1226 2958 peregrinum
1256 2891 1529 2960 quidpiam
1561 2901 1614 2944 et
1655 2892 1933 2957 insolens;
1968 2902 2108 2947 terra
2128 2895 2283 2962 quale
2307 2911 2439 2954 nun-

891 2993 1054 3045 quam
1091 2980 1287 3033 tulerat
1315 2966 1513 3033 honum
1545 2979 1869 3049 proferente,
1898 2987 1947 3036 in
1976 3000 2083 3053 quo
2111 2985 2326 3053 justitia
2348 2987 2435 3039 illa

891 3068 962 3122 de
986 3068 1124 3121 caelo
1161 3070 1495 3138 prospiciens
1537 3072 1817 3140 requievit.
1868 3074 2081 3128 Justitia
2128 3091 2275 3140 vero,
2319 3093 2438 3146 quae

891 3160 950 3213 in
981 3161 1210 3213 veritate
1240 3161 1521 3230 requievit,
1552 3179 1795 3232 quasnam
1819 3167 1921 3219 alia
1954 3167 2136 3230 fuerit,
2184 3168 2288 3222 nisi
2324 3169 2434 3238 ipse

891 3245 1036 3302 Deus
1068 3247 1302 3302 Verbum
1335 3250 1398 3303 de
1425 3265 1533 3319 quo
1569 3253 1770 3307 dictum
1808 3263 1891 3308 est
1945 3275 1957 3309 π
2015 3256 2113 3321 Qui
2153 3256 2322 3324 factus
2358 3268 2433 3312 est

891 3335 1043 3389 nobis
1074 3339 1328 3403 sapientia
1358 3355 1390 3389 a
1423 3337 1552 3399 Deo,
1577 3339 1791 3407 justitia
1829 3351 1879 3396 et
1911 3344 2255 3411 sanctiﬁcatio
2280 3353 2331 3398 et
2356 3361 2435 3397 re-

889 3426 1116 3493 demptio
1165 3426 1248 3479 "il
1293 3427 1391 3481 Hic
1441 3444 1674 3498 namque
1718 3446 1784 3484 ex
1825 3431 1978 3484 caelis
2017 3432 2348 3488 descendens
2380 3433 2434 3487 in

891 3518 1139 3578 veritate,
1172 3532 1290 3584 qua:
1324 3518 1389 3571 de
1423 3530 1565 3571 terra
1596 3527 1716 3572 orta
1758 3529 1859 3582 est,
1907 3522 2184 3590 requievit,
2229 3523 2437 3593 ipsique

889 3603 1234 3672 conjunctus,
1267 3620 1364 3659 ceu
1398 3606 1645 3662 dilectam
1676 3610 1978 3663 amabiliter
2005 3625 2124 3665 eam
2154 3613 2436 3680 amplexa-

897 3699 989 3744 tus
1011 3701 1115 3747 est.
1152 3691 1378 3748 Veritati
1418 3712 1579 3764 porro
1635 3697 1701 3752 de
1753 3706 1893 3752 terra
1934 3711 2064 3754 ortae
2103 3717 2437 3770 praecurrens

893 3783 1083 3836 aderat
1107 3783 1475 3838 misericordia
1499 3803 1514 3838 ι
1540 3803 1633 3856 per
1654 3789 2078 3844 misericordiam
2103 3794 2299 3863 quippe
2320 3793 2433 3858 Dei,

897 3881 1012 3925 tota
1040 3876 1282 3929 veritatis
1321 3877 1654 3945 dispensatio
1694 3880 1834 3932 facta
1866 3888 1969 3935 est.
1998 3880 2272 3936 Justitiam
2311 3899 2438 3939 vero

894 3963 965 4015 de
995 3964 1132 4015 caelo
1166 3965 1437 4034 delapsam
1471 3982 1570 4035 pax
1604 3971 1960 4037 sequebatur;
1984 3981 2040 4024 ut
2067 3971 2311 4028 homines
2332 3984 2439 4030 ter-

895 4068 1012 4106 ram
1044 4053 1364 4115 incolentes.
1403 4072 1512 4113 non
1539 4060 1710 4112 solum
1745 4062 2108 4117 misericordia
2139 4062 2230 4117 Dei
2264 4071 2315 4119 et
2347 4082 2438 4120 ve-

895 4144 1079 4206 ritate,
1116 4145 1207 4198 sed
1235 4145 1397 4199 etiam
1426 4145 1518 4199 illa
1548 4149 1756 4203 caelesti
1794 4151 2007 4218 justitia
2037 4161 2090 4208 et
2123 4155 2240 4223 ejus
2267 4155 2437 4210 amica

897 4245 1031 4300 pace
1078 4229 1404 4287 fruerentur.
1436 4233 1568 4287 Nam
1597 4237 1723 4318 olim
1767 4239 1982 4306 quidem
2011 4241 2232 4309 justitia:
2260 4251 2315 4296 et
2345 4259 2438 4312 pa-

895 4320 976 4373 cis
1003 4320 1336 4375 domicilium
1368 4323 1563 4377 cmlum
1605 4335 1760 4391 erat;
1797 4344 1939 4383 nunc
1976 4343 2105 4386 vero
2144 4340 2282 4386 terra
2315 4349 2435 4388 cum

898 4411 1271 4465 misericordia
1296 4411 1386 4466 Dei
1410 4413 1462 4465 in
1488 4420 1630 4468 terra
1661 4416 1916 4470 substitit.
1939 4417 2071 4471 Nam
2099 4420 2211 4474 haec
2237 4421 2438 4475 subse-

2541 1996 2698 2064 μόνου
2741 1994 3022 2064 ὴάλήθεια
3067 1995 3130 2054 ὲκ
3159 1993 3256 2063 τῆς
3283 1994 3404 2063 ’γῆς
3446 1991 3746 2047 ἀνέτειλεν·
3788 1992 4080 2064 ἐπειδήπερ·

2536 2087 2697 2150 αὐτὸς
2739 2082 2807 2156 ἦν
2844 2087 2878 2157 ἡ
2916 2085 3161 2156 ἀλήθεια,
3211 2087 3239 2138 ὃ
3285 2102 3342 2138 τε
3375 2083 3473 2162 τῆς
3519 2083 3876 2153 εὐαγγελικῆς
3917 2084 4080 2137 αὐτοῦ

2534 2177 2875 2240 διδασκαλίας
2906 2176 3061 2243 λόγος
3099 2177 3196 2229 οὐκ
3228 2175 3302 2227 ἔθ’
3337 2176 3412 2237 ὡς
3440 2175 3501 2226 τὺ
3533 2176 3755 2228 παλαιὸν
3801 2177 3859 2227 ὲν
3895 2175 4081 2236 τύποις

2536 2270 2628 2322 καὶ
2657 2268 2744 2320 sua;
2778 2266 3058 2337 συμῦόλων
3103 2265 3445 2337 παραδέδοτο,
3477 2265 3610 2317 ἀλλά
3657 2265 3723 2316 δι’
3751 2264 3917 2334 αὐτῆς
3953 2263 4080 2334 ἀλη-

2536 2359 2700 2421 θείας.
2727 2357 2816 2410 Διὸ
2837 2356 3044 2427 είρηται
3066 2373 3077 2384 ·
3117 2351 3380 2424 Ὁίνόμος·
3409 2353 3506 2407 διὰ
3518 2343 3809 2419 Μωσέως
3829 2352 4026 2421 ἐδόθη,
4042 2355 4080 2421 ἠ

2535 2449 2702 2518 χάρις
2737 2449 2834 2501 καὶ
2861 2445 2899 2513 ἡ
2927 2447 3176 2515 ἀλήθεια
3195 2444 3296 2500 διὰ
3329 2444 3520 2512 Ἰησοῦ
3544 2441 3798 2512 Χριστοῦ
3826 2444 4078 2518 ἐγένετο.

2535 2516 2643 2589 Καὶ
2672 2540 2838 2590 πᾶσαι
2865 2537 2921 2589 δὲ
2949 2534 3110 2589 αὐτοῦ
3135 2537 3189 2588 αἱ
3239 2533 3460 2610 πράξεις
3500 2535 3720 2606 ἀλήθεια
3749 2530 3907 2606 ἦσαν,
3945 2535 3981 2605 ἦ
4011 2516 4082 2588 ’τε

2535 2629 2744 2695 γένεσις
2777 2627 2939 2681 αὐτοῦ
2973 2628 3146 2681 καὶτὸ
3174 2627 3342 2690 πάθος
3372 2629 3464 2680 καὶ
3485 2627 3553 2679 τά
3583 2626 3763 2689 λοιπὰ,
3783 2626 3819 2679 ἃ
3847 2620 3920 2697 δη
3941 2626 4082 2680 δ...τά

2534 2717 2875 2788 δόκησινηκαὶ
2920 2717 3218 2785 φαντασίαν
3254 2716 3515 2775 ὑπέλαϐον
3541 2716 3814 2785 γεγονέναι
3847 2719 3896 2768 οἱ
3935 2717 4082 2770 ἄθεοι

2537 2806 2866 2877 αἱρεσιῶται.
2906 2807 2968 2858 Ei
2987 2805 3042 2858 δὲ
3079 2806 3174 2857 καὶ
3198 2807 3302 2868 πᾶς
3334 2805 3613 2876 ἄνθρωπος
3640 2805 3896 2875 ψεύστης,
3925 2805 4081 2874 μόνος

2538 2897 2602 2950 ἂν
2629 2897 2786 2960 αὐτὸς
2809 2897 3047 2960 εἰκότως,
3073 2897 3291 2968 ἀλήθεια
3318 2896 3413 2960 ὢν,
3441 2896 3546 2948 ἀπὸ
3570 2895 3668 2964 τῆς
3696 2895 3796 2964 γῆς
3823 2897 4080 2961 ἀνέτειλε,

2539 2987 2686 3052 ξένον
2701 3005 2763 3042 ,τι
2787 2988 2970 3058 χρῆμα
3003 2988 3099 3059 τῆς
3135 2990 3270 3061 γῆς,
3319 2987 3410 3041 καὶ
3442 2981 3552 3039 οἷον
3588 2986 3925 3043 οὐδεπώποτε
3955 3000 4081 3059 κρο-

2534 3079 2799 3147 ηνέγκατο
2828 3077 3049 3146 ἀγαθὸν,
3071 3079 3404 3149 ἀποδούσης·
3439 3080 3521 3146 ἐφ’
3554 3079 3613 3132 ὃν
3637 3079 3730 3131 καὶ
3759 3081 3790 3148 ἡ
3827 3077 3887 3142 ἐξ
3918 3081 4096 3151 οὑραε

2538 3169 2629 3223 νοῦ
2657 3169 2958 3239 διακύψασα
2981 3170 3285 3240 δικαιοσύνη
3317 3170 3671 3234 ἀνεπαύσατο.
3700 3170 3793 3233 Τίς
3825 3169 3868 3222 δ’
3898 3169 3963 3223 ἂν
3996 3172 4078 3242 εἴη

2536 3263 2569 3330 ἡ
2590 3261 2896 3330 δικαιοσύνη
2915 3263 2946 3331 ή
2970 3263 3394 3334 ἀναπαυσαμένη
3420 3264 3510 3315 ἐπὶ
3530 3265 3626 3333 τὴν
3648 3263 3900 3332 ἀλήθειαν
3919 3264 4078 3334 ἀλλ’ἢ

2535 3351 2693 3414 αὐτὸς
2726 3354 2753 3404 ὁ
2785 3351 2915 3414 Θεὸς
2954 3351 3122 3419 Λόγος
3144 3389 3158 3412 ,
3191 3354 3315 3422 περὶ
3343 3347 3402 3406 οῦ
3430 3353 3662 3425 εἴρηται,
3701 3355 3795 3418 '0;-
3832 3353 4080 3422 ἐγενήθη

2535 3441 2676 3510 ἡμῖν
2718 3442 2902 3510 σοφία
2943 3440 3059 3494 ἀπὸ
3092 3441 3259 3514 Θεοῦ,
3280 3441 3640 3509 ’δικαιοσύνη
3682 3459 3743 3496 τε
3792 3442 3890 3495 καὶ
3921 3443 4082 3514 ἁγια-

2534 3531 2686 3600 σμὸς
2727 3532 2822 3584 καὶ
2871 3524 3312 3598 ἀπολύτρωσιςέ
3355 3527 3517 3594 Οὗτος
3554 3533 3690 3600 γὰρ,
3726 3532 3784 3595 ἐξ
3832 3532 4077 3602 οὐρανῶν

2536 3621 2793 3683 καταϐὰς,
2823 3621 3228 3676 έπανεπαύσατο
3256 3624 3321 3691 τῇ
3360 3622 3463 3674 ἀπὸ
3492 3623 3587 3691 τῆς
3617 3623 3718 3690 γῆς
3756 3622 4086 3700 ἀνατειλάσῃ

2536 3713 2775 3782 ἀληθείᾳ,
2804 3711 2983 3782 ἡνώθη
3017 3729 3076 3764 τε
3124 3712 3295 3781 αὐτῇ,
3327 3713 3421 3765 καὶ
3465 3713 3538 3774 ὡς
3584 3713 3709 3782 φίλῃ
3752 3711 4082 3783 περιπλοκὰς

2537 3805 2698 3857 ἔδωκε
2729 3804 2967 3873 φιλικὰς.
2993 3803 3165 3871 Συνῆν
3193 3805 3245 3856 δὲ
3285 3806 3352 3873 τῇ
3385 3803 3482 3873 μὲν
3517 3806 3623 3857 ἀπὸ
3667 3804 3912 3874 τῆς’γῆς
3946 3806 4079 3872 ἀνα-υ

2537 3893 2752 3965 τειλάσῃ
2781 3891 3004 3963 ἀληθείᾳ
3029 3892 3090 3944 τὸ
3126 3891 3274 3954 ἔλεος
3307 3893 3600 3962 προτρέχον
3637 3892 3801 3962 αὐτῆς
3822 3909 3835 3921 ·
3862 3892 3950 3945 διὰ
3975 3891 4088 3961 γὰρ,

2536 3982 2594 4032 τὺ
2621 3981 2708 4033 τοῦ
2737 3980 2867 4033 Θεοῦ
2901 3980 3046 4044 ἔλεος
3068 3982 3101 4051 ἡ
3136 3980 3284 4032 πᾶσα
3308 3978 3676 4049 τῆς-ἀληθείας
3700 3978 3917 4046 γέγονεν
3941 3981 4082 4031 οἱκο-

2536 4072 2723 4140 νομία·
2773 4074 2839 4140 τῇ
2876 4071 2932 4124 δὲ
2983 4070 3041 4134 ἐξ
3077 4069 3315 4141 οὐρανῶν
3378 4067 3704 4142 κατελθούσῃ
3765 4067 4098 4142 δικαιοσύνῃ-

2537 4163 2996 4234 εἴπετοοήιείρήνη,
3022 4162 3166 4222 ὅπως
3186 4162 3352 4229 οί-ὲπὶ
3382 4161 3483 4232 γῆς
3509 4159 3781 4222 οἰκοῦντες
3807 4159 4080 4229 ἂνθρωποι

2541 4251 2614 4322 μὴ
2657 4251 2810 4318 μόνον
2864 4252 3009 4303 ἐλέου
3047 4250 3178 4302 Θεοῦ
3224 4251 3320 4304 καὶ
3367 4249 3620 4320 ἀληθείας
3670 4249 4044 4304 ἀπολαύσωσιν
4063 4289 4078 4313 ,

2537 4342 2673 4394 ἀλλὰ
2697 4341 2786 4393 καὶ
2825 4341 2923 4410 τῆς
2953 4340 3009 4405 ιξ
3041 4340 3279 4412 οὐρανῶν
3317 4340 3679 4412 δικαιοσύνης,
3716 4341 3831 4409 ἅμα
3858 4339 3951 4390 xui.
3984 4339 4081 4407 τῆς

2537 4431 2737 4502 ταύτης
2785 4430 2943 4500 φίλης
2992 4429 3231 4500 εἰρήνης.
3279 4429 3451 4491 Πάλαι
3501 4428 3598 4498 μὲν
3629 4428 3735 4498 γὰρ
3777 4429 4081 4497 οίκητήριον

896 4500 1176 4567 quentium
1205 4516 1369 4573 causa
1403 4502 1505 4556 fuit
1555 4522 1568 4557 :
1614 4505 1878 4573 siquidem
1912 4518 2127 4576 propter
2154 4508 2248 4563 Dei
2282 4511 2440 4586 misr;
2468 4514 2512 4567 D
2539 4518 2636 4569 sui

2338 4511 2440 4586 ise;
2468 4514 2512 4567 D
2539 4500 2795 4587 ἐτύγχανε
2822 4517 2919 4586 τῆς
2943 4514 3278 4584 δικαιοσύνης
3307 4517 3398 4568 καὶ
3415 4515 3524 4585 ,τῆς
3563 4517 3780 4586 εἰρήνης
3821 4514 4046 4583 οὐρανός
4065 4533 4076 4546 ·

895 4589 1183 4642 ricordiam
1217 4592 1417 4660 reliqua
1440 4595 1618 4651 omnia
1652 4604 1836 4675 secuta
1867 4605 1993 4651 sunt
2021 4617 2034 4652 :
2065 4606 2187 4667 post
2217 4600 2437 4655 miseri-

870 4679 1137 4732 ‘cordiam
1169 4680 1367 4748 quippe
1388 4685 1607 4745 veritas,
1636 4685 1760 4739 hinc
1784 4687 2015 4754 justitia,
2045 4688 2274 4758 denique
2305 4705 2433 4759 pax.

870 4769 975 4847 'De
1010 4769 1304 4824 Servatore’
1333 4780 1477 4826 certe
1507 4783 1696 4828 nostro
1723 4777 1924 4832 diserte
1961 4778 2215 4833 scribitur
2249 4798 2262 4832 ι
2299 4779 2438 4844 Quia

895 4859 1006 4925 ipse
1033 4867 1109 4910 est
1136 4873 1240 4924 pax
1271 4871 1469 4922 nostra,
1503 4863 1591 4929 qui
1630 4862 1750 4928 fecit
1785 4874 2001 4931 utraque
2040 4882 2199 4919 unum
2231 4869 2306 4935 “;
2339 4876 2392 4922 et
2422 4889 2434 4924 :

900 4945 1195 5013 Paci/ianus
1221 4964 1311 5015 per
1333 4966 1385 5002 se
1412 4952 1515 5005 sive
1540 4968 1656 5020 qua:
1676 4953 1729 5004 in
1755 4946 1916 5014 caelis,
1951 4956 2053 5009 sive
2078 4974 2194 5026 quae
2221 4961 2276 5013 in
2301 4971 2439 5014 terra

900 5046 1023 5089 sunt
1043 5037 1120 5102 ⁸⁸;
1143 5054 1206 5092 ac
1232 5054 1448 5092 rursum
1481 5061 1493 5094 :
1535 5041 1750 5096 Veniens
1781 5045 2148 5113 evangelisavit
2173 5064 2348 5115 pacem
2373 5053 2436 5106 iis

791 5139 793 5141 ‘
901 5127 990 5194 qui
1021 5127 1186 5196 longe.
1220 5139 1270 5183 et
1309 5132 1374 5183 iis
1432 5132 1520 5198 qui
1548 5147 1702 5198 prope
1752 5145 1872 5186 sunt
1904 5136 1969 5188 ".
2027 5135 2154 5190 Jure
2203 5153 2330 5206 ergo
2381 5142 2435 5196 in

899 5215 1114 5272 Psalmo
1151 5217 1350 5273 dicitur
1379 5221 1511 5274 illud
1548 5221 1970 5286 :'Verumtainen
2008 5231 2161 5294 prepe
2202 5231 2433 5284 timentes

902 5323 1018 5360 eum
1073 5306 1307 5360 salutare
1339 5309 1522 5375 ipsius,
1543 5319 1599 5362 ιιι
1625 5312 1869 5364 inhabitet
1899 5315 2066 5382 gloria
2097 5319 2147 5368 in
2179 5326 2314 5372 terra
2346 5337 2438 5372 no-

903 5405 1033 5452 stra.
1066 5397 1230 5450 Multa
1253 5399 1446 5466 quippe
1476 5415 1770 5470 magnaque
1790 5404 1965 5472 gloria
1997 5407 2049 5457 in
2074 5415 2214 5460 terra
2232 5419 2437 5475 nostra,

905 5487 1152 5543 videlicet
1174 5489 1229 5542 in
1255 5488 1403 5568 orbe,
1434 5504 1526 5557 per
1547 5493 1945 5560 prophetiarum
1968 5506 2214 5551 eventum
2229 5501 2441 5554 consti-

905 5578 988 5635 tit.
1015 5577 1077 5630 Et
1097 5581 1208 5647 qui,
1223 5595 1422 5649 quaeso,
1443 5594 1549 5634 non
1572 5583 1874 5638 habitatura
1894 5596 2009 5639 erat
2031 5588 2194 5654 gloria
2215 5591 2270 5644 in
2296 5598 2440 5645 terra

906 5675 1112 5729 nostra,
1136 5670 1348 5735 quando
1381 5672 1620 5724 salutare
1648 5672 1835 5740 ipsius,
1866 5676 2113 5731 Christus
2136 5676 2248 5741 Dei,
2272 5688 2326 5733 et
2349 5680 2438 5734 illa

977 5819 1020 5856 ”
1048 5816 1201 5876 Jonn.
1239 5835 1288 5885 ι,
1328 5821 1408 5875 17.

2542 4606 2630 4660 νῦν
2658 4607 2711 4658 δὲ
2739 4607 2829 4659 καὶ
2853 4609 2886 4674 ἡ
2911 4606 3002 4675 γῆ,
3028 4606 3114 4658 ὅτε
3144 4606 3234 4657 ἐπὶ
3254 4606 3351 4676 τῆς
3381 4607 3480 4676 γῆς
3502 4597 3704 4678 ὑπέστη
3733 4607 3791 4659 τὸ
3823 4604 3967 4667 ἔλεος
3988 4605 4080 4657 τοῦ

2538 4693 2859 4748 Θεοῦ.Τοῦτο
2872 4694 2977 4764 γὰρ
2991 4689 3056 4764 ἦν
3071 4694 3281 4747 καὶτῶν
3297 4693 3419 4766 ἑξῆς
3436 4696 3623 4750 αἴτιον·
3636 4695 3723 4748 διὰ
3739 4695 3847 4764 γὰρ
3859 4694 3920 4748 τὸ
3939 4695 4083 4759 ἔλεος

2541 4785 2632 4837 τοῦ
2655 4784 2788 4838 Θεοῦ
2829 4783 2922 4838 καὶ
2958 4783 3022 4834 τὰ
3066 4782 3228 4836 λοιπὰ
3258 4785 3431 4838 πάντα
3485 4782 3913 4856 ἐπηκολούθησε·
3948 4786 4084 4855 μετά

2540 4874 2647 4944 γὰρ
2679 4875 2734 4926 τὺ
2761 4873 2915 4937 ἔλεος,
2938 4875 2970 4943 ἡ
2995 4873 3234 4944 ἀλήθεια,
3261 4875 3446 4928 ἔπειτα
3466 4876 3500 4944 ἡ
3518 4874 3844 4944 δικαιοσύνη,
3868 4873 3962 4928 καὶ
3993 4877 4082 4930 ἐπὶ

2538 4966 2746 5042 πᾶσινή
2771 4964 3288 5034 είρήνη.Γέγραπται
3389 4961 3569 5032 σαφῶς
3591 4963 3822 5035 περὶτοῦ
3839 4964 4081 5037 Σωτῆρος

2535 5052 2707 5123 ἡμῶν,
2743 5056 2859 5106 Ὅτι
2885 5054 3062 5118 αὑτός
3087 5055 3256 5106 ἐστιν
3292 5047 3334 5118 ἡ
3365 5051 3569 5120 εἰρήνη
3600 5053 3786 5122 ἡμῶν,
3825 5055 4082 5122 ποιήσας

2537 5143 2608 5198 τὰ
2631 5145 2924 5213 ἀμφότερα
2946 5143 3014 5196 ἓν
3031 5160 3044 5173 ·
3077 5144 3188 5206 καὶ,
3212 5138 3683 5209 Εἰρηνοποιήσας
3700 5144 3772 5197 δι’
3797 5145 3982 5198 αὐτοῦ
4013 5146 4085 5197 τὰ

2538 5233 2606 5285 ἐν
2631 5233 2752 5298 τοῖς
2786 5233 3058 5300 οὐρανοῖς
3089 5233 3184 5287 καὶ
3223 5228 3295 5290 τὰ
3331 5231 3426 5284 ἐπὶ
3457 5233 3563 5300 τῆς
3596 5235 3708 5304 γῆς
3729 5252 3742 5263 ·
3768 5236 3861 5287 ’καὶ
3887 5236 4073 5288 πάλιν·

2550 5321 2765 5375 Ἐλθὼν
2814 5322 3241 5393 εὐηγγελίσατο
3278 5322 3521 5390 εἰρήνην
3563 5323 3684 5388 τοῖς
3705 5325 3941 5392 μακρὰν
3984 5323 4080 5375 καὶ

2539 5411 2660 5477 τοῖς
2690 5413 2884 5481 ἐγγύς.
2913 5411 3148 5474 Εἰκότως
3190 5405 3281 5464 οὖν
3329 5412 3416 5464 διά
3435 5412 3609 5466 ταῦτα
3654 5417 3712 5468 ἑν
3759 5416 3835 5485 τῷ
3886 5411 4080 5482 ψαλμῷ

2537 5500 2748 5570 εἴρηται
2771 5501 2850 5564 τὺ,
2877 5499 3048 5566 Πλὴν
3072 5498 3249 5568 ἐγγὺς
3269 5500 3386 5553 τῶν
3407 5493 3785 5571 φοϐουμένων
3809 5502 3992 5556 αὐτόν
4014 5501 4080 5553 τὸ

2538 5591 2829 5656 σωτήριον
2875 5586 3089 5650 αὐτοῦ,
3146 5589 3249 5642 τοῦ
3288 5592 3742 5658 maciem-(Boas
3785 5591 3971 5656 δόξαν
4015 5592 4084 5646 ἐν

2540 5678 2614 5747 τῇ
2639 5678 2928 5752 τῆς-ὴμῶν.
2945 5678 3248 5750 Πολλὴ-γὰρ
3271 5682 3364 5734 καὶ
3390 5682 3596 5751 μεγάλη
3623 5682 3748 5748 δόξα
3771 5684 3830 5745 ὲν
3861 5686 3926 5755 τῇ
3950 5684 4080 5761 ἡμας

1509 5824 1553 5856 ⁵³
1591 5822 1610 5876 l
1650 5824 1770 5879 Cor.
1811 5842 1859 5890 ι,
1896 5827 1980 5881 50.
2057 5829 2101 5860 "°
2140 5827 2331 5900 Ephes.
2370 5846 2439 5894 II,
2477 5829 2560 5886 14.
2635 5833 2678 5864 ³⁵
2715 5830 2832 5886 Col.
2871 5847 2922 5896 ι,
2955 5830 3040 5886 20.
3116 5832 3160 5863 ⁸⁸
3202 5830 3249 5889 EI

1896 5827 1980 5881 50.
2057 5829 2101 5860 "°
2140 5827 2331 5900 Ephes.
2370 5846 2439 5894 II,
2477 5829 2560 5886 14.
2635 5833 2678 5864 ³⁵
2715 5830 2832 5886 Col.
2871 5847 2922 5896 ι,
2955 5830 3040 5886 20.
3116 5832 3160 5863 ⁸⁸
3202 5830 3392 5893 Helles.
3431 5845 3505 5897 it.
3547 5832 3630 5891 Π.
