4406 6414
887 511 1025 567 1027

1624 496 1892 560 EUSEBII
1931 503 2398 560 CESARIENSIS
2419 504 2572 560 UPP.
2609 503 2790 559 PARS
2819 505 2905 560 lll.
2935 518 3004 547 —‘-
3038 506 3444 567 EXEGETICA.

3965 495 4101 570 i018

888 643 1008 698 qtae
1045 627 1156 696 jam
1191 624 1441 679 indicatis
1471 623 1626 677 bonis
1658 623 1874 692 dignata
1908 621 2000 687 sit,
2043 637 2166 676 cum
2209 620 2442 692 Spiritus
2470 628 2517 685 Α
2543 622 2611 676 τὰ

2361 631 2442 678 tus
2470 628 2517 685 Α
2543 622 2611 676 τὰ
2648 622 2805 676 καινὰ
2857 623 3076 694 ᾄσματα
3104 623 3250 694 ᾅδειν
3277 622 3672 696 προστάττεται
3703 625 3736 693 ή
3765 623 3874 694 γῆ,
3920 623 3996 687 ὡς
4035 625 4101 678 ἂν

889 729 1113 774 sanctus
1148 718 1250 788 ipsi
1280 717 1489 770 accinat
1513 715 1774 784 et'dicatl.
1802 713 2024 768 Cantate
2057 715 2301 779 Domino,
2333 732 2443 768 om-

889 810 970 861 nis
1026 818 1185 874 terra,
1214 817 1420 860 cantate
1470 806 1691 860 Domino
1727 807 1987 858 canticum
2042 823 2229 859 novum
2260 805 2334 869 ‘°;
2367 813 2439 870 et,

892 899 1149 961 Dominus
1203 898 1457 966 regnavit,
1507 895 1790 949 exsultabit
1832 905 1970 949 terra
2003 895 2067 959 “,
2114 903 2168 950 et
2211 896 2314 948 alia
2359 897 2442 950 his

889 989 1108 1050 similia.
1148 1018 1217 1027 —
1247 986 1410 1041 Vens.
1454 987 1540 1040 14.
1575 985 1798 1040 Iustitia
1827 995 1947 1040 ante
1974 1004 2089 1040 eum
2132 986 2439 1051 ambulabit,

887 1093 936 1138 et
964 1091 1117 1152 pauet
1144 1083 1198 1134 in
1230 1082 1314 1133 via
1340 1097 1546 1151 gressus
1578 1084 1711 1149 ejus.
1755 1079 1930 1150 Hujus
1960 1081 2090 1134 dicti
2123 1082 2443 1136 sententiam

887 1175 1148 1244 liquidius
1197 1172 1427 1226 elTeruut
1474 1173 1669 1242 reliqui
1719 1173 2065 1242 interpretes,
2104 1172 2443 1241 maximeque

887 1267 1244 1337 Symmachus
1273 1267 1365 1336 qui
1420 1266 1501 1321 sic
1531 1266 1693 1320 habet
1737 1282 1750 1318 :
1787 1263 2012 1318 Justitia
2037 1263 2442 1332 uniuscujusque

882 1358 1134 1426 prtecedet
1185 1360 1375 1427 ipsum,
1407 1367 1455 1412 et
1487 1369 1639 1426 ponet
1673 1359 1727 1410 in
1758 1361 1842 1413 via
1868 1358 2019 1427 pedes
2057 1358 2191 1426 ejus.
2221 1356 2439 1412 Collatis

889 1463 1126 1517 namque
1147 1457 1306 1502 terra:
1331 1447 1510 1510 bonis,
1539 1447 1788 1518 quisquis
1811 1456 2009 1502 terram
2034 1448 2240 1511 incolit,
2261 1454 2435 1516 utpote

882 1541 973 1608 qui
997 1541 1222 1607 justitiae
1250 1540 1316 1592 de
1351 1540 1494 1592 cmlo
1526 1540 1905 1608 prospicientis
1937 1554 2163 1593 consors
2193 1539 2283 1603 sit,
2317 1552 2441 1607 pro-

883 1631 1054 1698 priam
1079 1631 1183 1684 sibi
1201 1631 1463 1698 justitiam
1491 1630 1764 1691 obtinens,
1783 1646 1900 1684 eam
1927 1631 1981 1683 in
2002 1631 2083 1682 via
2116 1629 2183 1682 ad
2210 1645 2442 1700 superna

883 1714 1097 1778 ducem,
1129 1729 1193 1768 ac
1215 1732 1434 1785 gressus
1465 1735 1593 1774 suos
1623 1718 1942 1786 dirigentem
1975 1717 2228 1784 habebit;
2263 1727 2320 1771 ut
2341 1719 2457 1772 iter.

883 1805 950 1857 ad
989 1807 1157 1862 caelos
1188 1823 1458 1874 emensus,
1496 1811 1895 1879 roboratusque
1923 1818 1977 1864 et
2007 1825 2036 1863 a
2076 1795 2442 1879 praacurrente

879 1897 1088 1965 justitia
1124 1915 1220 1954 sua
1249 1914 1408 1952 manu
1427 1900 1641 1966 ductus,
1666 1917 1898 1970 superna
1930 1903 2198 1971 promissa
2241 1902 2436 1954 nanci-

2546 716 2798 768 τοιούτων
2851 715 3051 786 ἀρτίως
3102 715 3484 786 δεδηλωμένων
3542 714 3957 785 κατηξιωμένη,
4005 715 4101 769 τοῦ

2543 808 2695 876 ἁγίου
2733 809 3046 880 Πνεύματος
3084 807 3477 876 ὲπιφωνοῦντος
3525 807 3659 878 αὐτῇ
3698 808 3791 861 καὶ
3833 806 4100 876 λέγοντοςδ

2547 902 2770 970 ’ᾼσατε
2802 901 2882 966 τῷ
2923 901 3117 967 Κυρίῳ
3159 884 3326 955 πᾶσά
3364 900 3402 966 ἡ
3449 897 3545 968 γῆ,
3573 898 3759 966 (ﬁo-ars
3787 897 3867 964 τῷ
3911 901 4105 966 Κυρίῳ

2543 986 2706 1059 ᾆσμα
2737 993 2963 1044 καινόν’
2995 991 3106 1058 καὶ,
3138 992 3350 1060 Κύριος
3371 991 3789 1056 ἐϐασίλευσεν,
3821 990 4102 1060 dra/uuis

2544 1095 2711 1135 σεται
2754 1083 2793 1149 ἢ
2837 1081 2934 1152 γῆ,
2983 1083 3077 1136 καὶ
3112 1084 3210 1135 ὅσα
3253 1083 3459 1146 τούτοις
3494 1084 3655 1154 ὃμοια
3691 1083 3966 1153 τυγχάνει.
4015 1083 4105 1135 Δι-

2543 1173 2836 1240 καιοσύνη
2889 1173 3164 1226 ἐναντίον
3220 1174 3407 1227 αὐτοῦ
3465 1176 3952 1243 προπορεύσεται,
4008 1170 4106 1228 καί

2544 1263 2715 1332 θήσει
2750 1267 2835 1330 εὶς
2865 1265 3008 1318 ὁδὸν
3045 1265 3115 1318 τὰ
3150 1267 3476 1337 διαϐήματα
3520 1266 3724 1321 αὐτοῦ.
3771 1266 3970 1318 Τούτου
4007 1264 4106 1335 τὴν

2541 1355 2776 1408 διάνοιαν
2808 1358 3136 1429 σαφέστερον
3168 1359 3520 1412 ὲκδεδὼκασιν
3558 1361 3606 1411 οἱ
3636 1359 3810 1412 λοιποὶ
3841 1360 4105 1427 ἑρμηνεύε-

2541 1446 2649 1507 ταὶ,
2694 1447 2786 1497 καὶ
2825 1447 3055 1516 μάλιστα
3105 1449 3132 1500 ό
3176 1448 3467 1519 Σύμμαχος
3510 1448 3695 1503 εἰπών·
3748 1449 4102 1514 Δικαιοσύνη

2540 1535 2798 1591 ἑκάστου
2824 1541 3247 1607 προελεύσεται
3278 1541 3482 1606 αὐτὸν,
3513 1541 3612 1594 καὶ
3643 1543 3813 1608 θήσει
3845 1543 3931 1606 είς
3963 1539 4105 1593 ὁδὸν

2541 1627 2679 1692 τοὺς
2708 1630 2896 1695 πόδας
2923 1633 3127 1689 αὐτοῦ.
3155 1633 3308 1687 Μετὰ
3327 1632 3432 1704 γὰρ
3451 1633 3521 1686 τὰ
3543 1638 3610 1705 τῇ
3636 1638 3704 1706 γῇ
3737 1633 4106 1705 κεχαρισμένα

2539 1717 2718 1785 ἀγαθὰ
2742 1718 2969 1782 ἕκαστος
2988 1720 3095 1773 τῶν
3121 1721 3216 1792 τὴν
3243 1723 3346 1791 γῆν
3376 1724 3793 1785 κατοικούντων,
3818 1723 3893 1786 ὡς
3915 1720 3980 1774 ἂν
4004 1721 4124 1790 τῆς.

2540 1808 2599 1870 ἐξ
2635 1809 2877 1880 οὐρανῶν
2920 1811 3258 1883 διακυψὰσης
3304 1813 3645 1883 δικαιοσύνης
3677 1811 3977 1883 μετασχὼν,
4012 1811 4104 1864 καὶ

2544 1899 2704 1962 αὐτὸς
2736 1900 2868 1954 ἰδίαν
2899 1903 3238 1972 κτησάμενος
3265 1903 3624 1974 δικαιοσύνην,
3654 1902 3764 1966 ἕξει
3793 1901 3958 1972 αὐτὴν
3980 1907 4106 1972 προέ

887 1991 1073 2042 scatur
1104 2009 1115 2042 :
1157 2006 1276 2059 quae
1312 1989 1562 2045 Salvator
1586 2000 1639 2046 et
1668 1990 1930 2045 Dominus
1976 2001 2161 2046 noster
2191 1991 2440 2044 omnibus
2471 2018 2513 2072 Β
2543 1987 2627 2055 άγ‹

2361 2006 2440 2044 ms
2471 2018 2513 2072 Β
2543 1987 2777 2055 άγουσαν
2810 1991 2968 2044 αὑτὸν
3009 1994 3088 2055 είς
3129 1992 3226 2063 τὴν
3266 1994 3377 2047 ἀνω
3422 1993 3686 2062 φέρουσαν
3717 1991 3855 2056 ὁδὸν,
3897 1992 3992 2044 καὶ
4034 1990 4101 2043 τὰ

882 2077 1191 2135 hominibus
1221 2081 1562 2135 annuntiavit
1593 2081 1779 2135 dicens
1811 2100 1824 2135 :
1856 2081 2302 2150 Appropinquavit
2352 2097 2438 2134 re-
2489 2085 2492 2088 ί

877 2185 1036 2237 guunt
1090 2170 1336 2224 calorum
1368 2173 1446 2238 °’;
1510 2179 1565 2226 et
1618 2171 1771 2224 Beati
1833 2170 2135 2239 hujusmodi
2176 2170 2435 2236 homines,

878 2261 1124 2329 quoniam
1153 2264 1386 2331 ipsorum
1411 2271 1488 2316 est
1523 2278 1739 2330 regnum
1769 2262 2016 2316 caelorum
2054 2262 2120 2316 ”.

2544 2079 2850 2151 διαδήματα
2880 2084 3047 2153 αὐτῆς
3084 2086 3542 2170 κατατάττουσαν·
3584 2086 3730 2148 ὅπως
3763 2083 3984 2146 ὁδεύσας
4007 2083 4102 2153 τὴν

2544 2174 2622 2235 εἰς
2647 2175 2907 2244 οὐρανοὺς
2938 2177 3224 2248 φέρουσαν,
3255 2178 3732 2250 ἐπιστηριζόμενός
3765 2193 3824 2230 τε
3865 2175 3958 2229 καὶ
3989 2192 4102 2244 χει-

2545 2266 2957 2336 ραγωγούμενος
2987 2268 3090 2322 ὑπὸ
3131 2271 3232 2340 τῆς
3276 2271 3620 2342 προαγούσης
3652 2271 3811 2323 αὑτὸν
3833 2265 4103 2322 δικαιοσύ-

876 2370 973 2423 νης
1005 2350 1188 2419 αὑτοῦ,
1221 2354 1370 2423 τύχοι
1404 2354 1511 2406 τῶν
1553 2355 1887 2425 ἐπουρανίων
1921 2355 2278 2423 ἐπαγγελιῶν,
2317 2355 2383 2418 ἂς
2412 2357 2438 2407 ὁ
2478 2355 2666 2429 Σωτὴρ
2727 2359 2819 2410 καὶ
2848 2359 3047 2430 Κύριος
3078 2361 3236 2431 ἡμῶν
3271 2365 3536 2434 ἐκήρυττε
3577 2365 3739 2416 πᾶσιν
3791 2357 4104 2432 ἀνθρώποις

877 2447 1068 2515 λέγων·
1099 2452 1370 2519 Ἤγγικεν
1394 2450 1432 2515 ἡ
1456 2449 1743 2512 βασιλεία
1767 2449 1882 2503 τῶν
1904 2449 2194 2518 οὐρανῶν-ο
2223 2452 2336 2517 καὶ,
2368 2452 2655 2506 Μαγήηιοι
2683 2458 2738 2508 οἱ
2798 2453 3036 2535 τοιοίδε,
3066 2454 3154 2508 ὅτι
3181 2455 3378 2510 αὐτῶν
3398 2457 3566 2509 ἐστιν
3586 2457 3625 2523 ἠ
3660 2455 3946 2520 βασιλεία
3984 2448 4106 2507 τῶνἱ

877 2546 948 2596 οὐ
973 2543 1164 2597 κινῶν.

1161 2702 1419 2760 ORATIO
1458 2700 1591 2758 msn
1627 2703 1853 2761 DAVID.
1896 2691 2154 2762 LXXXV.

950 2830 1114 2898 Vens.
1149 2842 1199 2895 l.
1235 2839 1466 2908 Inclina,
1492 2839 1734 2907 Domine,
1784 2860 1964 2897 aurem
1995 2852 2140 2896 tuam
2168 2851 2215 2896 et
2243 2842 2437 2897 exaudi

884 2954 978 3001 me,
1014 2935 1260 3007 quoniam
1305 2935 1452 3000 inops
1502 2945 1552 2988 et
1586 2949 1783 3003 pauper
1813 2951 1928 2988 sum
1961 2950 2072 3005 ego.
2100 2935 2237 2989 Cum
2266 2935 2352 2989 his
2379 2934 2435 2987 in

880 3028 1014 3082 lucis
1043 3025 1278 3097 quatuor
1305 3027 1498 3096 psalmi
1528 3027 1762 3096 ﬁliorum
1796 3026 1930 3081 Core
1967 3025 2213 3095 inscripti
2245 3040 2436 3079 conse-

877 3120 1107 3188 quenter
1134 3126 1424 3188 ponantur,
1457 3101 1687 3186 quorum
1715 3117 1924 3186 primus
1951 3125 2048 3186 est
2080 3131 2308 3179 Lxxxm,
2351 3130 2436 3170 se-

877 3213 1089 3267 cundus
1113 3224 1333 3273 Lxxnv,
1364 3211 1559 3265 tertius
1592 3224 1810 3273 Lxxxw,
1841 3217 2151 3278 postremus
2176 3223 2396 3262 Lxxxvn
2417 3248 2430 3272 ,

876 3308 1178 3373 opportune
1197 3309 1402 3371 quaerat
1434 3302 1628 3370 aliquis
1654 3301 1782 3370 quid
1815 3316 1995 3355 causae
2031 3301 2122 3363 sit,
2148 3301 2288 3370 quod
2315 3315 2436 3354 ora-

2853 2707 3220 2760 ΠΡΟΣΕΥΧΗ
3265 2707 3351 2776 Τῼ
3402 2707 3619 2761 ΔΑΥΙΔ.
3648 2702 3772 2762 IIE'.

2605 2833 2848 2898 Κλῖνον,
2879 2835 3073 2902 Κύριε,
3101 2834 3167 2886 τὸ
3189 2819 3299 2900 οὺς
3319 2850 3454 2897 σου,
3479 2835 3574 2908 καὶ
3597 2835 3941 2900 ὲπάκσυσόν
3957 2851 4096 2908 μου,

2538 2927 2624 2980 ὄτι
2656 2928 2887 2996 πτωχὸς
2915 2928 3012 2980 καὶ
3060 2929 3248 2995 πένης
3283 2928 3398 2997 eiul
3604 2930 3894 3002 Τεσσάρων
3932 2932 4102 2987 ὄντων

2537 3018 2731 3089 ἑφεξῆς
2781 3019 3009 3095 ψαλμῶν
3058 3021 3166 3074 τῶν
3221 3021 3710 3092 ἐπιγεγραμμένων
3762 3022 3909 3078 υἱῶν
3940 3021 4094 3095 Κορὲ

2540 3111 2679 3163 κατὰ
2726 3112 2850 3173 τοὺς
2889 3110 3161 3180 παρόντας
3206 3112 3423 3175 τόπους,
3467 3111 3680 3183 πρώτου
3728 3115 3826 3184 μὶν
3852 3116 3944 3169 τοῦ
3983 3125 4097 3186 nr,-

2539 3200 2724 3253 ἔπειτα
2765 3199 2858 3252 τοῦ
2900 3199 3003 3265 πδ¹,
3039 3201 3132 3254 καὶ
3168 3202 3350 3273 τρίτου
3385 3202 3479 3254 τοῦ
3512 3211 3627 3268 πςν,
3660 3205 3754 3258 καὶ
3793 3207 4098 3263 τελευταίου·

2537 3294 2629 3347 τοῦ
2666 3293 2773 3357 πζ’,
2817 3293 2932 3356 πῶς
2960 3296 3286 3366 ὴπροσευχὴ
3319 3295 3410 3348 τοῦ
3446 3297 3896 3370 Δαυῒδ-ὰκαίρως,
3926 3301 4001 3366 ὡς
4031 3304 4098 3357 ἂν

877 3395 954 3448 tio
1001 3385 1216 3447 Davidis
1265 3393 1661 3462 intempestive,
1698 3400 1755 3446 ut
1801 3394 2068 3462 quispiam
2121 3393 2432 3456 dixerit,'in
2459 3402 2500 3460 α
2533 3386 2617 3437 εῐπ

2359 3393 2432 3445 .in
2459 3402 2500 3460 C
2533 3386 2671 3438 ετποι
2708 3402 2814 3450 om;
2855 3385 3295 3455 παρεμὸέὸληται
3339 3386 3498 3458 μέση,
3539 3387 3772 3457 εύλόγως
3813 3391 3876 3444 ἄν
3904 3409 3984 3456 τις
4013 3393 4099 3458 es;

877 3485 1057 3540 medio
1088 3500 1276 3539 eorum
1309 3486 1480 3539 locata
1515 3486 1697 3540 fuerit.
1732 3485 1967 3542 Aistimo
2000 3487 2166 3556 igitur
2185 3501 2291 3539 non
2317 3486 2435 3538 sine

877 3585 1077 3644 causa,
1130 3577 1223 3633 sed
1265 3578 1726 3647 opportunissime
1777 3578 2054 3633 vaticiniis
2099 3577 2166 3631 de
2217 3577 2435 3631 Christo

877 3667 1174 3721 immistain
1205 3667 1345 3721 hanc
1372 3668 1672 3722 orationem
1703 3668 1890 3722 fuisse.
1923 3667 2062 3732 Quia
2088 3667 2232 3720 enim
2266 3666 2436 3720 bono-

874 3773 996 3811 rum
1035 3757 1320 3827 promi'ssa,
1352 3759 1565 3812 veniam
1613 3761 1981 3827 peccatorum,
2016 3758 2110 3813 Dei
2146 3759 2213 3812 ad
2257 3759 2432 3813 homi-

874 3866 972 3905 nes
1021 3851 1333 3915 adVentum,
1368 3846 1570 3905 Christi
1621 3850 1981 3919 redemptoris
2024 3865 2088 3905 ac
2131 3850 2432 3907 Servatoris

873 3941 1153 3995 hominum
1186 3941 1706 4011 peregrinationem,
1746 3942 1904 4010 primi
1955 3943 2149 4012 psalmi
2199 3945 2432 4012 ﬁliorum

873 4033 1006 4087 Core
1063 4034 1309 4103 inscripti
1345 4034 1802 4097 vaticinabantur,
1839 4033 2091 4090 videlicet
2139 4050 2344 4089 Lxxxm
2379 4045 2433 4090 et

873 4143 1089 4192 Lxxxtv,
1122 4128 1229 4180 imo
1255 4127 1416 4181 etiam
1445 4127 1537 4199 quj
1586 4137 1770 4196 postea
1803 4127 2039 4196 ﬁliorum
2075 4126 2207 4181 Core
2237 4129 2432 4184 inscri—

871 4221 1092 4283 buntur,
1128 4220 1364 4290 gentium
1400 4219 1760 4284 vocationem,
1797 4219 2000 4274 Christi
2044 4227 2247 4285 ortum,
2286 4233 2432 4275 mor-

871 4319 976 4364 tem
1010 4311 1078 4363 ab
1100 4325 1164 4364 eo
1195 4324 1292 4378 pro
1323 4309 1633 4364 hominibus
1665 4321 1994 4379 susceptam,
2027 4310 2426 4379 praedicabant;

869 4403 1107 4456 arbitror
1128 4401 1182 4455 in
1210 4400 1389 4454 medio
1414 4401 1708 4469 pr0phetiaa
1738 4401 1900 4456 hasce
1944 4415 2032 4456 res
2062 4403 2428 4472 praenuntian-

869 4500 939 4552 tis
978 4497 1290 4552 necessario
1341 4496 1573 4565 positam
1612 4495 1782 4550 fuisse
1835 4495 2057 4551 Davidis
2105 4498 2425 4561 orationem,

866 4606 971 4658 qua
1004 4590 1271 4660 supplicat
1303 4590 1443 4643 bona
1466 4604 1562 4658 per
1589 4586 1921 4643 Salvatorem
1954 4589 2220 4644 universis
2253 4588 2429 4642 homi-

866 4684 1028 4737 nibus
1060 4682 1422 4754 procuranda,
1455 4682 1557 4737 sibi
1582 4697 1798 4751 quoque
1831 4681 2109 4746 conferri;
2137 4690 2198 4737 ut
2239 4691 2291 4737 et
2311 4673 2426 4755 ipse

2535 3476 2790 3528 ετόισειεν.
2829 3475 3098 3546 Ἠγοῦμαι
3124 3476 3299 3529 τοίνυν
3325 3478 3422 3529 οὐκ
3445 3477 3671 3547 ἀλόγως,
3705 3479 3818 3532 ἀλλ’
3852 3483 4100 3556 εὐκαιρόέ

2533 3582 2668 3618 τατα
2709 3569 2827 3629 ταῖς
2869 3568 2994 3638 περὶ
3033 3566 3128 3620 τοῦ
3174 3567 3408 3640 Χριστοῦ
3457 3571 3812 3642 προφητείαις
3844 3591 4094 3646 παραμε-

2536 3656 2848 3730 μίχθαιτὴν
2880 3660 3240 3733 προκειμένην
3275 3663 3457 3734 εὐχήν.
3506 3663 3718 3736 Ἐπειδὴ
3745 3665 3852 3737 γὰρ
3877 3667 4099 3735 ἀγαθῶν

2533 3750 2861 3818 ἐπαγγελίας
2893 3753 2986 3806 καὶ
3027 3754 3246 3822 ἀφέσεις
3290 3754 3717 3826 ἁμαρτημάτων,
3756 3757 3890 3810 Θεοῦ
3922 3777 3982 3813 τε
4018 3762 4096 3824 είς

2533 3840 2850 3912 ἀνθρώπους
2875 3846 3173 3915 παρουσίαν
3215 3845 3309 3898 καὶ
3346 3845 3580 3916 Χριστοῦ
3619 3847 3798 3916 ἄφιξιν
3825 3848 4102 3920 λυτρωτσῦ

2532 3933 2626 3986 καὶ
2653 3925 2899 4005 Σωτῆρος
2944 3935 3263 4005 ἀνθρώπων,
3298 3938 3344 3988 οἱ
3385 3937 3590 4006 πρῶτοι
3621 3938 3735 4000 τῶν
3758 3941 4094 4010 ἐπιγεγραμ-

2534 4025 2707 4094 μένων
2757 4027 2901 4080 υίῶν
2931 4029 3080 4095 Κορὲ
3133 4031 3524 4099 προεφήτευον,
3581 4031 3670 4082 ὅτε
3710 4038 3800 4099 πγ¹
3847 4032 3941 4085 καὶ
3988 4031 4094 4086 πᾶν.

2545 4117 2702 4170 Ἀλλὰ
2738 4120 2829 4171 καὶ
2865 4120 2915 4172 oi
2947 4118 3072 4190 ἑξῆς
3100 4121 3469 4192 ἐπιλεγόμενοι
3503 4121 3611 4174 τῶν
3642 4122 3788 4176 υἱῶν⁹
3805 4124 3976 4191 Κορὲ,
4003 4124 4091 4176 καὶ

2531 4209 2681 4262 αὐτοὶ
2708 4210 2877 4264 ἐθνῶν
2911 4211 3102 4282 κλῆσιν
3123 4212 3551 4284 εὐηγγελίζοντο,
3580 4215 3672 4266 καὶ
3696 4215 3930 4284 Χριστοῦ
3952 4215 4098 4283 γένε-

2531 4319 2634 4366 σιν,
2667 4304 2876 4356 καὶτὸν
2918 4305 3057 4376 ὑπὲρ
3095 4304 3393 4378 ἀνθρώπων
3439 4305 3600 4360 αὑτοῦ
3643 4307 3884 4360 Θάνατον·
3928 4308 4098 4377 ἀναγ-

2529 4396 2696 4460 καίως
2727 4397 2963 4468 ἠγοῦμαι
2999 4399 3099 4468 τῆς
3149 4399 3274 4470 περὶ
3312 4398 3514 4452 τούτων
3553 4400 3885 4470 προφητείας
3922 4388 4105 4471 μέσην

2528 4489 3011 4560 παρεμϐεϐλῆσθαι
3037 4492 3136 4561 τὴν
3161 4485 3465 4563 προσεύχὴν
3487 4494 3579 4546 τοῦ
3604 4493 3782 4558 Δαυῖδ,
3804 4495 3870 4548 δι’
3890 4492 3961 4566 ἦς’
3979 4499 4095 4548 ἱκε-

2525 4579 2670 4632 τεύει
2705 4583 2886 4650 τυχεῖν
2929 4583 3021 4634 καὶ⁸
3060 4583 3220 4645 αὐτὸς
3260 4583 3365 4637 τῶν
3397 4583 3486 4637 διὰ
3515 4583 3607 4637 τοῦ
3651 4577 3899 4657 Σωτῆρος
3929 4589 4096 4640 πᾶσιν

2527 4671 2828 4744 ἀνθρώποις
2855 4673 3288 4744 προξενουμένων
3316 4675 3554 4743 ἀγαθῶν*
3581 4677 3655 4739 ὼς
3691 4677 3776 4744 ἂν,
3805 4677 3900 4730 καὶ
3931 4678 4094 4743 αὐτὸς

865 4775 1132 4829 bonorum
1155 4790 1274 4844 quas
1299 4776 1347 4827 in
1374 4773 1656 4843 prophetia
1683 4771 2040 4826 enuntiantur
2061 4788 2308 4836 consors,
2335 4754 2424 4828 ve-
2455 4754 2498 4808 D
2526 4781 2605 4832 Yet

2355 4790 2424 4828 re.
2455 4754 2498 4808 1)
2526 4767 2814 4837 γενόμενος
2843 4766 3097 4829 κοινωνὸς
3129 4766 3236 4818 τῶν
3271 4769 3782 4841 προφητευομὲνων,
3809 4768 3958 4839 τύχοι
3994 4771 4095 4839 μὲν

865 4869 1011 4921 niam
1044 4876 1392 4934 peccatorum
1449 4873 1838 4934 consequatur,
1882 4879 2188 4935 magnoque
2223 4865 2316 4919 illo
2363 4881 2425 4919 ac

867 4958 1093 5018 salutari.
1127 4958 1268 5011 bono
1298 4957 1528 5021 fruatur,
1559 4959 1700 5027 quod
1734 4958 1988 5013 omnibus
2021 4958 2274 5029 gentibus
2299 4974 2425 5028 pro-

864 5049 1118 5102 mittitur.
1155 5050 1211 5102 ln
1244 5049 1343 5102 hac
1383 5049 1564 5118 itaque
1609 5051 1855 5103 oratione
1899 5049 2067 5104 David
2110 5049 2331 5106 effusam
2372 5052 2425 5105 in

862 5156 1052 5194 omnes
1080 5148 1268 5208 gentes
1307 5139 1535 5208 gratiam
1571 5148 1857 5203 memorat,
1887 5155 2047 5208 quam
2078 5140 2333 5194 demirari
2365 5155 2422 5194 se

862 5243 916 5288 et
970 5246 1191 5302 stupere
1241 5233 1526 5301 proﬁtetur
1571 5231 1655 5285 his
1686 5231 1870 5285 verbis
1907 5249 1921 5284 :
1955 5231 2077 5284 Non
2115 5240 2194 5284 est
2229 5231 2421 5285 similis

862 5323 941 5376 tui
967 5323 1022 5376 in
1051 5323 1174 5385 diis,
1213 5320 1448 5382 Domine,
1477 5328 1524 5371 et
1556 5335 1657 5371 non
1690 5327 1764 5372 est
1811 5321 2088 5373 secundum
2120 5335 2276 5388 opera
2307 5328 2416 5372 tua.

865 5416 1055 5469 Omnes
1085 5424 1255 5483 gentes
1285 5426 1615 5480 quascunque
1638 5410 1810 5478 fecisti
1833 5411 2031 5463 venient
2054 5420 2100 5463 et
2125 5410 2419 5464 adorabunt

859 5523 1040 5560 coram
1071 5517 1133 5558 te.
1169 5505 1307 5571 Quia
1339 5505 1504 5573 igitur
1534 5502 1646 5571 ipse
1677 5517 1892 5571 quoque
1930 5502 2080 5570 paria
2111 5503 2251 5555 bona
2288 5517 2417 5555 con-

861 5599 1010 5670 sequi
1042 5599 1385 5668 precabatur,
1417 5597 1719 5649 orationem
1762 5609 1913 5649 suam
1946 5595 2000 5646 in
2051 5593 2227 5647 medio
2275 5593 2419 5662 psal—

861 5707 1071 5743 morum
1095 5688 1528 5756 evangelicorum
1557 5694 1919 5756 congruenter
1952 5686 2169 5740 locavit.
2202 5685 2324 5738 Haec
2352 5684 2424 5738 de

870 5776 1132 5844 oroposita
1169 5775 1466 5844 quaastione
1500 5775 1645 5828 dicta
1696 5775 1827 5828 sint.
1874 5773 1983 5828 Nec
2033 5775 2412 5846 ignorandum,

2530 4858 2773 4926 ἀφέσεως
2810 4858 3108 4929 ἁμαρτιῶν,
3151 4860 3442 4914 ἀπολαύσοι
3476 4862 3531 4915 δὲ
3560 4864 3660 4932 τῆς
3699 4861 3964 4931 σωτηρίου
3997 4880 4094 4932 με-

2530 4952 2864 5024 γαλοδωρεᾶς
2905 4951 3003 5020 τῆς
3049 4953 3179 5005 πᾶσι
3218 4957 3328 5016 τοῖς
3365 4954 3542 5008 ἔθνεσι
3581 4952 4095 5025 εὐαγγελιζομένης.-

2529 5046 2866 5116 Μνημονεύει
2901 5044 3030 5112 γοῦν
3059 5046 3114 5099 έν
3153 5049 3216 5117 τῇ
3250 5046 3413 5100 αὑτοῦ
3445 5048 3717 5117 προσευχῇ
3745 5046 3772 5097 ὁ
3800 5037 3961 5098 Δαυῗδ
3988 5047 4090 5115 τ’ἦς

2525 5136 2602 5200 είς
2634 5139 2702 5191 τὰ
2730 5138 2853 5208 ἔθνη
2884 5136 3136 5209 χυθείσης
3171 5138 3262 5192 τοῦ
3306 5139 3438 5192 Θεοῦ
3487 5137 3726 5208 χάριτος,
3769 5137 4090 5208 ἀποθαυμά-

2527 5229 2631 5294 ζων
2662 5231 2753 5284 καὶ
2787 5229 3212 5301 ἐκπληττόμενος
3236 5233 3335 5303 τὴν
3357 5232 3534 5302 χάριν,
3563 5229 3630 5282 δι’
3657 5223 3730 5284 ὧν
3759 5247 3944 5300 φησιν’
3967 5235 4088 5284 Οὐκ

2523 5321 2693 5373 ἔστιν
2721 5320 2920 5389 ὅμοιός
2955 5337 3051 5373 σοι
3104 5322 3174 5374 ἐν
3211 5321 3382 5386 θεοῖς,
3432 5320 3626 5388 Κύριε,
3673 5320 3769 5373 καὶ
3819 5321 3927 5374 οὐκ
3956 5320 4089 5373 ἐστι

2525 5419 2670 5465 κατὰ
2698 5415 2767 5464 τὰ
2800 5412 2941 5480 ἔργα
2973 5429 3107 5466 σου.
3142 5413 3344 5466 Πάντα
3373 5413 3443 5465 τὰ
3471 5413 3614 5479 ἔθνη
3652 5411 3767 5467 ὅσα
3794 5412 4084 5479 ἐποίησας

2525 5500 2740 5566 ῆξουσι
2767 5503 2862 5554 καὶ
2895 5505 3429 5568 προσκυνήσουσιν
3471 5503 3724 5556 ἐνώπιόν
3750 5519 3885 5557 σου.
3933 5503 4086 5555 Ἐπεὶ

2522 5593 2697 5644 τοίνυν
2739 5594 2831 5644 καὶ
2880 5594 3038 5656 αὐτὸς
3082 5594 3275 5665 ηὔχετο
3318 5593 3408 5645 τοῦ
3457 5595 3582 5646 ίσων
3623 5594 3840 5663 ἀγαθῶν
3879 5596 4086 5663 τυχεῖν,

2521 5686 2742 5746 εἰκότως
2774 5685 2870 5752 τὴν
2904 5685 3095 5738 ἑαυτοῦ
3130 5687 3439 5757 προσευχὴν
3467 5687 3635 5759 μέσην
3662 5687 3768 5740 τῶν
3799 5685 4082 5754 εὐαγγελι-

2522 5778 2630 5830 κῶν
2670 5775 2898 5847 ψαλμῶν
2945 5777 3334 5848 παρεμϐάλλει.
3381 5779 3564 5833 Ταῦτα
3620 5779 3717 5850 μὲν
3751 5774 3842 5832 οὖν
3875 5778 3954 5839 είς
3985 5774 4085 5846 τὴν

929 5929 972 5960 ⁸ο
1011 5927 1150 5983 Psal.
1190 5943 1310 5995 xcv,
1348 5928 1398 5984 l.
1478 5930 1517 5961 “
1560 5927 1704 5985 Psal.
1741 5945 1895 5996 xcvi,
1935 5932 1983 5984 l.
2063 5933 2105 5965 θ’
2145 5930 2335 5987 Matth.
2372 5948 2468 6000 ιιι,
2499 5932 2552 5987 9.
2631 5934 2669 5963 ⁸³

1478 5930 1517 5961 ⁶¹
1560 5927 1704 5985 Psal.
1741 5945 1895 5996 xcvi,
1935 5932 1983 5984 l.
2063 5933 2105 5965 θ’
2145 5930 2335 5987 Matth.
2372 5948 2468 6000 ιιι,
2499 5932 2552 5987 9.
2631 5934 2672 5963 ⁸³
2715 5931 2901 5988 Matth.
2929 5951 2984 5998 ν,
3012 5933 3068 5994 3,
3105 5934 3191 5988 10.
