4406 6432
277 524 414 581 10¹ὶ9

1384 518 1887 577 εονΜεΝτΑιιι-ιι
1927 517 1993 573 IN
2033 498 2379 576 PSALMOSI

3355 509 3491 577 1030

273 638 550 709 λεχθεῖσαν
578 634 835 707 πρότασιν
862 633 1113 705 εἰρήσθω.
1143 632 1260 705 Χρὴ
1290 634 1346 686 δὲ
1381 634 1455 705 μὴ
1485 635 1714 701 ἀγνοεῖν,
1748 634 1828 686 ὄτι
1857 644 1905 702 Α
1932 633 2013 686 alii

1764 634 1828 686 ἑτι
1857 644 1905 702 Α
1932 633 2068 687 alios
2091 621 2377 702 plerosque
2402 632 2638 703 psalmos
2666 647 2787 688 esse
2808 632 2920 703 qui,
2947 632 3154 696 Oratio,
3181 632 3504 689 inscribunt--

273 730 364 783 καὶ
398 727 543 783 ἄλλοι
588 726 800 787 πλείους
841 726 946 777 εἰσί¹
977 724 1325 793 Προσευχτῇ-
1372 726 1832 796 ἐπιγεγραμμένοι

269 816 489 887 ψαλμοί·
514 815 625 869 ἀλλ’
654 809 804 877 οὗτος
834 817 967 884 μετὰ
1001 814 1331 884 προσθήκης,
1374 815 1480 867 τοῦ
1514 816 1712 879 Δαυῒδ,
1751 817 1831 869 εἰ-

272 922 450 975 ρηται·
473 905 656 977 ἕτερος
680 904 735 957 δὲ
761 904 1181 973 ἐπιγέγραπται,
1209 904 1521 973 Προσευχὴ
1542 905 1646 958 τοῦ
1667 909 1832 959 Μωϋ-

268 993 350 1063 σῆ
377 996 686 1063 ἀνθρώπου
716 994 819 1047 τοῦ
856 995 1019 1048 Θεοῦ·
1056 995 1145 1046 καὶ
1172 994 1346 1057 ἄλλος,
1384 996 1696 1065 Προσευχὴ
1726 998 1830 1051 τοῦ

270 1088 527 1156 πτωχοῦ,
553 1087 699 1140 ὅταν
720 1086 1018 1153 ἁκηδιάσῃ
1049 1086 1143 1139 καί
1182 1087 1455 1141 ἐναντίον
1481 1089 1584 1141 τοῦ
1612 1090 1831 1156 Κυρίου

266 1180 449 1247 ἐκχέῃ
478 1178 593 1244 τὴν
619 1177 831 1245 δέησιν
854 1178 1057 1231 αὐτοῦ.
1104 1164 1240 1230 Ἀλλ’
1262 1179 1335 1242 ὼς
1366 1180 1830 1249 ὲπαναϐεὸηκότες

262 1270 362 1333 τὰς
394 1273 450 1323 ὲν
477 1272 542 1339 τῇ
576 1269 781 1338 Παλαιᾷ
808 1269 992 1338 Γραφῇ
1028 1271 1351 1339 προσευχὰς,
1384 1271 1432 1322 οἰ
1465 1269 1553 1322 τοῦ
1586 1271 1831 1342 Σωτῆρος

266 1359 421 1429 ἡμῶν
469 1360 769 1415 ἀπόστολοιῖ
798 1360 1181 1429 προσελθόντες
1212 1361 1394 1429 ἠξίουν
1431 1362 1590 1415 αὑτὸν
1628 1363 1831 1429 διδάξαι

262 1450 457 1514 αὐτοὺς
500 1450 933 1521 προσεύχεσθαι·
973 1452 1002 1502 ὁ
1033 1452 1089 1505 δὲ
1121 1452 1380 1519 διδάσκει,
1431 1454 1611 1524 μόνοις
1648 1457 1830 1522 αὐτοῖς

264 1542 358 1594 καὶ
385 1544 495 1604 τοῖς
525 1542 731 1612 ὁμοίοις
776 1542 1104 1613 κατάλληλον
1135 1544 1459 1615 παραδιδοὺς
1501 1549 1772 1619 προσευχή
1790 1566 1825 1602 ι.

262 1632 355 1686 Διό
395 1651 527 1703 φησι
574 1634 709 1705 πρὸς
758 1634 973 1696 αὐτούς·
1025 1635 1218 1700 Οὕτως
1266 1634 1377 1687 οὖν
1423 1638 1830 1705 προσεύχεσθε

262 1724 448 1792 ὑμεῖς·
482 1724 671 1793 Πάτερ
699 1724 867 1794 ἡμῶν
894 1728 925 1779 ὀ
946 1726 1013 1779 ἐν
1034 1725 1155 1789 τοῖς
1175 1724 1465 1792 οὐρανοῖς,
1494 1727 1830 1797 ἁγιασθήτω

262 1816 329 1868 τὸ
368 1814 554 1883 ὄνομά
584 1799 720 1881 (Iov,
762 1817 853 1870 καὶ
894 1817 963 1869 τὰ
1008 1816 1153 1885 ἑξῆς.
1202 1819 1469 1881 Ἕκαστος
1504 1814 1597 1871 οὖν
1642 1821 1829 1873 ἑαυτὸν

260 1906 617 1978 δοκιμαζέτω,
658 1909 767 1961 εἴτε
798 1908 944 1973 ἄξιός
980 1910 1145 1974 ἐστιν,
1178 1908 1253 1973 ὡς
1289 1908 1387 1982 ἤδη
1432 1909 1543 1973 υίὸς
1569 1911 1699 1965 Θεοῦ
1738 1930 1829 1981 γε-

1934 732 2060 789 tur;
2092 724 2187 779 sed
2216 724 2305 777 hic
2333 739 2459 777 cum
2501 724 2604 779 hoc
2653 726 3044 791 additamento,
3077 714 3316 791 Dauidis,
3365 745 3491 798 pro.

1933 814 2144 881 fertur;
2177 815 2315 870 alius
2365 815 2411 847 “
2462 831 2591 870 vero
2622 818 2935 872 inscribitur
2980 836 2993 872 :
3043 817 3231 872 Oratio
3287 818 3486 890 Moysis

1931 891 2153 958 hominis
2186 904 2315 971 Dei;
2339 904 2477 961 alius
2507 906 2572 971 ⁸⁸,
2612 906 2797 961 Oratio
2831 910 3094 976 pauperis,
3132 926 3251 962 cum
3295 887 3487 965 anxius

1930 997 2123 1066 fuerit,
2170 1006 2221 1051 et
2270 999 2323 1050 in
2372 1007 2646 1066 conspectu
2700 998 2909 1052 Domini
2996 1000 3235 1068 effuderit
3286 1016 3487 1069 precem

1931 1088 2232 1169 suam.§ed
2288 1091 2742 1159 quemadmodum
2800 1093 3027 1162 apostoli
3064 1091 3359 1149 Salvatoris
3393 1111 3489 1149 no-

1909 1181 2069 1243 -stri,
2117 1178 2329 1235 Veteris
2410 1179 2707 1250 Scriptura:
2774 1183 3116 1238 orationibus
3179 1186 3487 1254 superiores

1930 1268 2141 1333 effecti,
2198 1271 2516 1326 accedentes
2565 1262 2830 1342 rogabant
2884 1288 3046 1336 eum,
3088 1284 3147 1329 ut
3192 1290 3250 1329 se
3296 1277 3487 1329 orandi

1932 1359 2150 1413 modum
2182 1360 2462 1427 edoceret;
2509 1361 2599 1415 ille
2640 1377 2770 1415 vero
2818 1362 2952 1432 ipsis
2995 1364 3126 1417 solis
3185 1374 3238 1417 et
3291 1352 3499 1419 simili-

1918 1450 2033 1506 'bus
2112 1453 2353 1521 ipsorum
2414 1460 2810 1527 congruentem
2874 1444 3094 1509 tradidit
3148 1452 3483 1518 orationem,

1930 1555 2054 1596 cum
2088 1542 2226 1595 dixit
2253 1543 2381 1605 illis,
2426 1542 2512 1596 Sic
2563 1560 2649 1597 vos
2710 1552 2855 1599 orate
2898 1560 2917 1598 :
2950 1540 3111 1601 Pater
3174 1556 3366 1615 noster,
3398 1549 3487 1619 qui

1928 1649 1982 1685 es
2043 1633 2096 1684 in
2129 1633 2293 1696 caelis,
2357 1634 2717 1701 sanctiﬁcetur
2782 1651 2969 1689 nomen
3027 1646 3174 1689 tuum
3201 1638 3265 1702 ⁸⁸,
3302 1647 3354 1691 et
3383 1652 3487 1692 cae-

1928 1730 2074 1788 tera;
2114 1724 2295 1791 itaque
2339 1723 2578 1794 seipsum
2614 1724 2847 1794 quisque
2876 1728 3088 1795 probet,
3125 1744 3256 1781 num
3287 1728 3484 1799 dignus

1929 1815 2020 1880 sit,
2057 1823 2239 1884 utpote
2274 1816 2385 1883 jam
2421 1816 2563 1870 illius
2603 1815 2695 1869 Dei
2732 1816 2977 1880 effectus,
3016 1804 3230 1875 patrem
3277 1821 3371 1891 qui
3426 1823 3484 1877 in
3540 1824 3541 1828 “

1886 1898 1899 1910 ’
1928 1904 2081 1959 caelis
2107 1914 2186 1957 est
2222 1905 2495 1970 invocare,
2530 1920 2593 1959 ac
2622 1905 2754 1960 illud
2780 1906 3041 1976 proferre,
3087 1899 3250 1964 Pater
3274 1920 3472 1978 noster,

260 1999 454 2067 γονὼς,
494 1998 585 2052 τὸν
623 2002 681 2053 ὲν
727 2002 839 2064 τοῖς
879 2002 1123 2072 οὐρανοῖς
1166 2002 1537 2056 ἐπικαλεῖσθαι
1583 2005 1822 2075 Πατέρα,
1856 1988 1900 2043 Β
1927 2013 2000 2066 (με

1740 2023 1822 2075 pa,
1856 1988 1900 2043 Β
1927 1998 2017 2066 qui
2044 2014 2097 2051 es
2139 1998 2193 2051 in
2221 1998 2383 2063 caelis,
2433 2005 2539 2052 etc.
2580 1998 2735 2063 Quod
2786 2000 2831 2054 si
2874 1999 2996 2053 talis
3043 2017 3149 2055 non
3183 2003 3277 2068 sit,
3327 1999 3480 2059 eurei

260 2092 355 2145 καὶ
384 2091 563 2161 λέγειν
587 2092 668 2155 τὸ,
696 2093 884 2160 Πάτερ
913 2094 1080 2162 ἡμῶν
1111 2096 1143 2147 ό
1170 2094 1240 2147 ἐν
1263 2095 1389 2161 τοῖς
1410 2096 1706 2164 οὐρανοῖς,
1733 2099 1825 2151 καὶ

257 2183 329 2235 τὰ
361 2182 508 2253 ἑξῆς.
562 2184 625 2237 Ei
673 2184 747 2255 μὴ
794 2184 1043 2248 τοσοῦτος
1089 2187 1194 2256 εἰη,
1242 2187 1595 2256 ἀναλέγεσθαι
1650 2182 1827 2263 ἑαυτῷ

261 2276 606 2342 σπουδαζέτω
651 2277 747 2349 τὴν
795 2278 1138 2350 ἁρμόζουσαν
1191 2282 1255 2350 τῇ
1298 2280 1461 2333 αὑτοῦ
1500 2283 1826 2337 καταστάσει

258 2367 566 2440 προσευχὴν
593 2369 700 2422 ἀπό
728 2387 786 2423 τε
813 2371 911 2441 τῆς
942 2368 1123 2440 βίϐλου
1154 2372 1263 2427 τῶν
1286 2372 1531 2445 Ψαλμῶν
1582 2376 1675 2429 καὶ
1720 2376 1827 2429 ἀπὸ

256 2460 367 2513 τῶν
400 2461 751 2533 προφητικῶν
789 2463 998 2531 φωνῶν.
1056 2464 1119 2518 Ἠ
1154 2464 1335 2535 μέντοι
1367 2467 1614 2540 παροῦσα
1659 2486 1826 2540 προσ-

256 2554 391 2625 ευχὴ
412 2553 505 2607 τοῦ
526 2554 686 2609 Δαυῒδ
708 2550 841 2608 οὖσα
861 2554 1137 2626 τυγχάνει·
1163 2556 1335 2620 οὕτως
1360 2557 1467 2629 γὰρ
1486 2559 1825 2630 ήρμήνευσεν

254 2642 286 2695 ὅ
306 2660 366 2695 τε
409 2644 634 2709 Ἀκύλας
672 2646 765 2698 καὶ
795 2647 823 2698 ό
854 2645 1163 2717 Σύμμαχος,
1196 2648 1316 2701 ἀντὶ
1347 2648 1460 2711 τοῦ,
1493 2635 1585 2714 ’τῷ
1623 2648 1822 2712 Δαυῒὸ,

253 2734 362 2789 τοῦ
411 2735 609 2801 Δαυῒδ,
643 2737 942 2807 εἰρηκότες.
990 2740 1147 2791 Δοκεῖ
1191 2740 1245 2792 δὲ
1297 2741 1325 2793 ό
1374 2739 1535 2793 Δαυῒδ
1575 2740 1652 2809 τῷ
1695 2740 1823 2812 θείῳ

254 2825 533 2896 Πνεύματι
572 2828 645 2899 μὴ
679 2828 1005 2899 ἠγνοηκέναι
1036 2827 1125 2881 τὸν
1163 2832 1290 2901 περὶ
1322 2830 1431 2884 τῶν
1462 2824 1690 2902 πτωχῶν
1718 2833 1824 2887 ὑπὸ

252 2917 347 2971 τοῦ
376 2912 624 2990 Σωτῆρος
663 2920 817 2991 ὴμῶν
846 2921 1133 2992 εἰρημένον
1168 2923 1534 2993 μακαρισμόν·
1568 2923 1647 2976 διὸ
1676 2942 1821 2976 πτω-

253 3011 347 3082 χὸν
372 3011 559 3065 ἑαυτὸν
582 3012 673 3065 καὶ
704 3012 908 3084 πένητα
940 3013 1204 3083 ὑπάρχειν
1229 3014 1498 3083 ὁμολογεῖ,
1534 3016 1625 3067 καὶ
1652 3016 1824 3070 ταῦτα

256 3103 505 3172 βασιλεὺς
538 3103 614 3156 ὣν
644 3105 735 3158 καὶ
766 3103 975 3175 πλούτῳ
1002 3105 1179 3175 πολλῷ
1208 3098 1646 3178 περιῤῥεόμενος.
1685 3107 1823 3161 Ἀλλ’

253 3195 440 3267 ἐπειδὴ
468 3196 544 3267 τῷ
578 3186 848 3267 πνεύματι
870 3196 1107 3261 τοιοῦτος
1127 3193 1216 3267 ἦν,
1253 3197 1391 3251 κατὰ
1422 3197 1503 3263 τὸ,
1536 3184 1823 3265 Μακάριοι

251 3293 307 3343 οἱ
339 3291 557 3359 πτωχοὶ
594 3288 672 3357 τῷ
714 3290 1024 3359 πνεύματι,
1055 3290 1277 3353 εἰκότως
1316 3290 1374 3343 ἐν
1414 3292 1479 3360 τῇ
1523 3293 1819 3361 προσευχῇ,

248 3382 328 3445 ὼς
377 3383 577 3454 ἀρετὰς
624 3382 819 3436 ἑαυτοῦ
888 3384 981 3435 καὶ
1024 3382 1091 3435 τὰ
1135 3382 1530 3453 κατορθώματα
1586 3374 1819 3453 προϐάλ-

250 3474 400 3528 λεται
450 3475 547 3545 τὴν
606 3474 875 3544 πτωχείαν
944 3474 1039 3527 καὶ
1102 3475 1309 3527 πενίαν.
1370 3475 1479 3527 Καὶ
1538 3462 1709 3537 ἄλλως
1762 3476 1819 3529 δὲ

249 3566 417 3637 ἐρεῖς,
463 3567 563 3630 ὃτι,
608 3566 795 3635 ὥσπερ
838 3566 1095 3636 Μωῡσῆς,
1151 3567 1333 3637 φωνῆς
1379 3550 1621 3630 ἀκούσας’
1662 3567 1816 3633 Θεοῦ,

253 3656 578 3726 ἰσχνόφωνον
610 3656 801 3710 ἑαυτὸν
828 3640 965 3709 εἰναι
997 3646 1283 3726 ὡμολόγει,
1334 3659 1474 3712 κατὰ
1519 3659 1818 3729 παράθεσιν

246 3751 347 3820 τῆς
380 3749 529 3814 θείας
562 3751 743 3820 φωνῆς
785 3748 941 3803 τοῦτο
981 3738 1175 3822 φήσας·
1213 3750 1353 3804 οὕτω
1385 3753 1527 3805 καὶὸ
1556 3753 1735 3816 Δαυῒδ,
1769 3757 1819 3808 εἰ

248 3842 344 3895 καὶ
390 3840 561 3911 μέγας
602 3835 669 3912 ἦν
722 3841 815 3894 καὶ
861 3838 1113 3905 πλούσιος
1163 3842 1256 3895 καὶ
1308 3842 1467 3911 σοφὸς
1514 3843 1817 3913 ἀνθρώποις

250 3934 693 4005 συγκρινόμενος,
730 3934 846 3988 ἀλλ’
877 3935 1159 3998 ἀνατείνας
1208 3934 1343 4006 πρὸς
1390 3935 1479 3988 τὸν
1525 3934 1657 3987 Θεὸν
1690 3937 1817 4000 τοὺς

246 4027 575 4099 ὀφθαλμοὺς,
606 4029 706 4099 ὁρᾷ
734 4027 920 4081 ἑαυτὸν
943 4027 1004 4080 τὸ
1027 4026 1189 4098 μηδὲν
1212 4026 1357 4081 ὄντα·
1388 4026 1479 4080 καὶ
1506 4027 1625 4079 ἐπεὶ
1650 4027 1814 4097 μήπω

243 4115 315 4191 ἦν
334 4118 555 4184 δυνατὸς
584 4121 797 4192 πατέρα
819 4120 909 4175 τὸν
935 4120 1065 4173 Θεὸν
1085 4118 1390 4191 ὀνομάζειν,
1425 4118 1625 4189 Κύριον
1653 4118 1812 4172 αὑτὸν

246 4211 423 4277 καλεῖ,
450 4211 636 4265 δούλου
672 4210 854 4283 χώραν
890 4212 1080 4266 ἑαυτὸν
1121 4212 1335 4282 ἐπέχειν
1378 4210 1673 4282 σημαίνων.
1701 4208 1813 4263 Εἶθ’

244 4304 323 4367 ὡς
348 4304 510 4367 αὐτὸς
543 4300 716 4375 μένων
744 4306 894 4358 κάτω
926 4321 1027 4357 που
1060 4304 1153 4357 καὶ
1177 4304 1235 4356 ὲν
1276 4301 1443 4372 βυθῷ,
1476 4301 1569 4355 τοῦ
1598 4302 1653 4355 δὲ
1677 4300 1812 4355 Θεοῦ

242 4394 393 4459 ὄντος
416 4398 474 4448 ὲν
496 4395 638 4464 ὕψει,
671 4395 844 4449 κλῖναι
872 4395 960 4448 τὸν
989 4396 1119 4448 Θεὸν
1147 4393 1373 4448 ἱκετεύει
1398 4394 1458 4446 τὸ
1481 4388 1573 4456 οὖς
1594 4391 1807 4446 ἑαυτοῦ·

243 4484 339 4539 ἅτε
387 4486 460 4557 μὴ
507 4484 762 4541 τοσοῦτον
818 4487 945 4558 βοᾷν
991 4488 1286 4558 δυνάμενος
1332 4487 1427 4541 διὰ
1469 4487 1565 4559 τὴν
1608 4486 1813 4541 οἰκείαν

1927 2090 2091 2144 statui
2115 2105 2215 2145 suo
2236 2096 2618 2161 congruentem
2643 2092 2937 2148 orationem
2966 2093 3219 2161 deligere,
3246 2109 3309 2149 ex
3339 2086 3481 2149 libro

1926 2180 2267 2257 Psalmorum
2300 2189 2354 2237 et
2382 2198 2447 2237 ex
2480 2183 2810 2253 propheticis
2857 2186 3081 2239 vocibus
3114 2184 3479 2257 de'sumptam.

1926 2273 2052 2327 Haec
2080 2270 2245 2342 igitur
2268 2272 2444 2328 oratio
2476 2272 2696 2330 Davidis
2726 2282 2810 2330 est
2837 2298 2851 2330 :
2876 2290 2999 2330 nam
3026 2278 3105 2331 sic
3137 2272 3479 2347 explicarunt

1925 2364 2121 2433 Aquila
2149 2370 2202 2416 et
2238 2361 2616 2434 Symmachus,
2646 2366 2739 2433 qui
2772 2380 2870 2435 pro
2900 2366 3014 2426 illo.
3049 2358 3260 2432 Davidi,
3303 2368 3479 2423 i'nter-

1925 2456 2119 2527 pretati
2151 2465 2296 2517 sunt,
2337 2444 2570 2512 Dauidis.
2625 2457 2851 2514 Videtur
2880 2474 3042 2529 porro
3073 2448 3264 2523 David,
3294 2449 3482 2516 divino

1925 2545 2134 2602 afllatus
2166 2545 2393 2617 Spiritu,
2427 2550 2822 2607 beatitudinem
2870 2552 3015 2606 illam
3048 2552 3115 2606 de
3146 2542 3477 2623 pauperibus

1925 2650 1955 2688 a
1990 2635 2267 2693 Salvatore
2295 2648 2483 2696 nostro
2517 2643 2780 2711 prolatam
2812 2658 2920 2697 non
2964 2644 3285 2713 ignorasse:
3313 2653 3483 2714 quare

1925 2742 1983 2781 se
2011 2742 2302 2797 pauperem
2328 2739 2383 2783 et
2414 2730 2627 2801 inopem
2657 2747 2779 2787 esse
2808 2731 3028 2797 fatetur,
3054 2730 3267 2790 etiamsi
3297 2740 3389 2789 rex
3416 2743 3482 2789 ac

1923 2816 2125 2871 divitiis
2174 2805 2473 2873 instructus
2526 2821 2712 2875 multis
2744 2828 2908 2876 esset.
2963 2821 3069 2876 Sed
3108 2812 3236 2893 quia
3282 2824 3479 2894 spiritu

1923 2907 2047 2963 talis
2073 2916 2189 2962 erat
2213 2898 2513 2964 secundum
2550 2909 2706 2976 illud,
2736 2908 2889 2963 Beati
2916 2925 3165 2979 pauperes
3193 2901 3382 2979 spiritu
3398 2904 3481 2979 ης

1924 3003 2119 3054 merito
2159 3008 2532 3070 paupertatem
2571 3008 2626 3055 et
2676 3002 2916 3071 inopiam
2963 3001 3105 3055 inter
3153 2990 3384 3058 virtutes
3420 3010 3478 3058 et

1924 3101 2071 3148 recte
2124 3092 2265 3147 facta
2311 3107 2409 3149 sua
2453 3095 2508 3147 in
2557 3094 2803 3149 oratione
2854 3102 3122 3150 recenset.
3181 3082 3302 3149 Alio
3348 3096 3476 3150 item

1924 3186 2084 3241 modo
2120 3186 2358 3253 dixeris;
2402 3187 2540 3241 sicut
2588 3172 2820 3258 Moyses,
2854 3186 3037 3241 audita
3082 3185 3175 3241 Dei
3224 3194 3373 3252 ‘voce,
3418 3203 3483 3244 se

1921 3301 2308 3355 balbutientem
2339 3315 2462 3357 esse
2508 3299 2801 3365 fatebatur,
2836 3301 2998 3370 idque
3040 3300 3253 3357 dicebat
3288 3318 3480 3357 vocem

1926 3410 2079 3451 suam
2139 3408 2260 3447 cum
2324 3392 2507 3447 divina
2568 3394 2965 3463 comparando;
3025 3394 3099 3446 ita
3162 3401 3217 3449 et
3279 3392 3484 3461 David,

1926 3486 2138 3540 etiamsi
2178 3500 2426 3555 magnus,
2459 3485 2610 3541 dives
2653 3495 2706 3539 et
2742 3487 2981 3553 sapiens,
3015 3501 3138 3539 cum
3170 3486 3483 3541 hominibus

1924 3584 2272 3647 comparatus
2328 3585 2499 3641 esset;
2534 3582 2587 3628 at
2616 3575 2842 3630 elevatis
2879 3576 2946 3629 ad
2989 3575 3156 3631 Deum
3187 3578 3383 3641 oculis,
3419 3593 3477 3633 sc

1924 3669 2060 3724 nihil
2093 3685 2215 3725 esse
2246 3669 2378 3723 vidit
2404 3689 2416 3723 :
2448 3675 2501 3723 et
2524 3669 2649 3737 quia
2691 3666 2929 3721 nondum
2960 3675 3142 3736 posset
3170 3666 3338 3723 Deum
3381 3684 3477 3738 pa-

1924 3769 2061 3816 trem
2101 3776 2317 3825 vocare,
2349 3760 2635 3815 Dominum
2667 3774 2790 3815 eum
2836 3758 3139 3829 appellavit,
3191 3774 3251 3812 se
3288 3757 3475 3814 famuli

1922 3854 2102 3907 locum
2135 3861 2320 3908 tenere
2359 3852 2691 3921 significans.
2726 3840 2948 3914 Deinde,
2982 3857 3167 3919 utpote
3189 3850 3279 3920 qui
3310 3850 3364 3903 in
3394 3852 3475 3904 in-

1921 3942 2065 3997 fimis
2095 3950 2149 3997 et
2205 3944 2259 3996 in
2301 3941 2572 4012 profundo
2614 3948 2851 4015 maneat,
2901 3953 3025 3993 cum
3075 3936 3216 3991 Deus
3264 3936 3319 3989 in
3364 3938 3475 3991 alto

1920 4035 2186 4093 exsistat,I
2218 4042 2375 4102 rogat
2415 4040 2472 4086 ut
2510 4032 2935 4086 inclinetaurem
2966 4043 3144 4091 suam,
3178 4027 3323 4096 quod
3358 4028 3473 4096 ipse

1918 4139 2028 4193 prae
2068 4121 2381 4175 infirmitate
2426 4126 2633 4174 tantum
2668 4118 2828 4173 edere
2874 4118 3165 4193 clamorem
3203 4130 3313 4170 non
3350 4131 3475 4186 pos-

1917 4213 2011 4276 sit,
2051 4212 2143 4282 qui
2177 4211 2231 4265 in
2260 4212 2429 4264 altum
2459 4209 2757 4279 perveniat,
2788 4214 2843 4262 et
2875 4206 2943 4260 ad
2978 4205 3146 4260 Deum
3179 4207 3469 4278 pertingat.

1916 4301 2277 4369 Quamobrem
2345 4299 2613 4370 supplicat
2670 4305 2729 4351 ut
2793 4295 2936 4351 Deus
2993 4297 3216 4351 inclinet
3286 4312 3471 4354 aurem

1915 4409 2089 4456 suam,
2122 4399 2175 4448 et
2205 4400 2265 4446 ut
2288 4391 2507 4447 divinus
2546 4389 2766 4445 auditus
2796 4382 3095 4444 humilitati
3131 4405 3243 4445 suae
3279 4397 3474 4444 attem‘

1913 4496 2149 4555 peretur.

242 4576 544 4641 ἀσθένειαν,
568 4577 642 4641 ὡς
668 4578 1007 4648 ἀναπέμπειν
1040 4581 1117 4643 εἰς
1143 4578 1273 4648 ὕψος
1301 4581 1395 4634 καὶ
1432 4580 1626 4633 τείνειν
1660 4579 1795 4651 πρὸς
1822 4576 1913 4630 τὸν
1936 4577 2066 4631 Θεὸν
2092 4575 2187 4647 τὴν
2215 4572 2406 4664 ἑαυτοῦ
2442 4575 2643 4646 φωνήν.
2676 4574 2767 4627 Διὸ
2786 4573 2956 4664 δεῖται
2988 4572 3162 4626 κλῖναι
3193 4570 3382 4624 ἑαυτοῦ
3411 4570 3471 4624 τὸ

241 4664 337 4735 οὖς
363 4670 453 4723 τὸν
477 4670 630 4752 Θεὸν,
651 4672 742 4723 καὶ
760 4673 824 4741 τῇ
859 4671 1049 4723 ἑαυτοῦ
1118 4672 1461 4742 ταπεινότητι
1528 4666 1945 4740 συγκαταϐῆναι
1964 4669 2059 4739 τὴν
2090 4667 2238 4721 θείαν
2261 4662 2449 4737 ἀκοήν.
2785 4662 2791 4670 ’

316 4789 599 4854 Φύλαεον
616 4787 731 4856 τὴν
752 4788 963 4857 ψυχήν
988 4806 1127 4857 μου,
1153 4789 1241 4843 ὅτι
1263 4790 1430 4855 ὅσιός
1449 4792 1585 4859 ειμι·
1612 4789 1818 4843 σῶσον
1848 4798 1893 4852 ι)
1986 4785 2056 4841 Vr

1730 4806 1818 4843 πον
1848 4798 1893 4852 ι)
1986 4785 2153 4841 Vens.
2194 4787 2248 4841 2.
2291 4782 2508 4839 Custodi
2548 4782 2780 4833 animam
2822 4794 3008 4842 metm,
3054 4777 3301 4847 quoniam
3344 4792 3470 4829 sau-

241 4884 351 4937 τὸν
378 4883 605 4938 δοῦλόν
641 4898 777 4947 σου,
818 4885 851 4935 ό
896 4882 1059 4948 Θεὸς,
1100 4882 1205 4936 τὸν
1234 4881 1549 4944 ἐλπίζοντα
1586 4884 1681 4937 ἐπὶ
1714 4876 1806 4937 σέ.

238 4970 345 5028 ’Ἐν
363 4971 444 5040 οἶς
464 4972 552 5048 ἦν,
581 4979 639 5030 ὲν
665 4976 872 5039 τούτοις
899 4975 1231 5046 φυλαχθῆναι
1255 4972 1398 5040 ἀξιοί
1417 4977 1521 5030 ὑπὸ
1539 4976 1631 5030 τοῦ
1653 4975 1808 5042 Θεοῦ,

240 5067 317 5133 ὡς
346 5068 411 5122 ἂν
454 5068 529 5142 μὴ
559 5068 813 5142 συληθείη
847 5066 1010 5123 αὑτοῦ
1044 5069 1077 5138 ή
1105 5068 1249 5139 ψυχὴ
1289 5062 1363 5121 ὧν
1393 5069 1653 5139 ἐκέκτητο
1685 5069 1811 5139 ἀρε-

240 5160 372 5215 τῶν·
415 5162 481 5227 ἃς
524 5162 757 5234 ἐδήλωσε
807 5160 1020 5233 πρῶτον
1065 5158 1255 5222 εἰπὼν,
1297 5160 1416 5213 Ὅτι
1453 5158 1684 5227 πτωχὸς
1711 5159 1809 5213 καὶ

242 5249 433 5319 πένης
458 5252 573 5321 ειμί
605 5252 738 5322 ἐγώ·
767 5252 1037 5322 δεύτερον,
1078 5250 1197 5303 Ὅτι
1234 5248 1403 5315 ὅσιός
1441 5250 1577 5318 εἰμι·
1607 5248 1687 5301 διὸ
1712 5249 1808 5302 καὶ

244 5342 480 5413 ἀλλαχοῦ
501 5344 716 5412 φάσκει·
745 5344 839 5413 Μὴ
858 5343 1076 5399 ἐλθέτω
1091 5359 1191 5412 μοι
1213 5340 1364 5406 ποῦς
1381 5337 1809 5409 ὑπερηφανίας.

256 5436 408 5490 Ἐπεὶ
432 5435 488 5488 δὲ
519 5436 726 5507 συνῄδει
745 5437 920 5509 ἐαυτῷ
944 5436 1169 5507 μηδέπω
1182 5433 1293 5487 δντι
1309 5433 1427 5505 υἰῷ,
1449 5432 1667 5495 εἰκότως
1686 5432 1810 5485 δοῦ-

243 5530 334 5585 λον
376 5527 565 5582 ἑαυτὸν
604 5528 852 5599 ὁμολογεῖ
894 5528 986 5583 καί
1033 5544 1184 5600 φησι·
1217 5524 1427 5580 Σῶσον
1460 5524 1565 5577 τὸν
1589 5522 1812 5577 δοῦλόν

244 5640 383 5686 σου,
425 5624 458 5675 ό
505 5619 671 5686 Θεὸς,
721 5619 828 5673 τὸν
877 5620 1194 5681 ἐλπίζοντα
1236 5616 1332 5671 ἐπὶ
1376 5614 1470 5671 σέ.
1518 5614 1713 5677 Δοῦλος
1755 5614 1811 5668 δὲ

244 5714 389 5771 Θεοῦ-
410 5716 555 5768 ἐστιν
578 5714 610 5766 ὁ
639 5713 714 5783 μὴ
750 5710 1015 5767 δουλεύων
1055 5710 1317 5784 ἁμαρτίᾳ,
1355 5707 1487 5780 μηδέ
1519 5725 1622 5761 τινι
1652 5705 1811 5760 πάθει

247 5804 789 5880 ὕποκείμενος,]μόνῳ
812 5804 869 5857 δὲ
897 5803 1032 5858 Θεοῦ
1053 5805 1211 5876 Λόγῳ
1232 5799 1683 5870 ὑποτεταγμένος,
1718 5799 1813 5852 καὶ

1913 4889 2027 4933 ctus
2056 4895 2170 4933 sum
2195 4894 2213 4931 :
2237 4877 2439 4931 salvum
2483 4875 2568 4943 {ac
2601 4888 2804 4929 servum
2848 4879 3014 4934 tuum,
3053 4868 3214 4930 Deus,
3261 4882 3469 4936 sperau-

1915 4978 2016 5024 tem
2048 4969 2101 5021 in
2147 4976 2213 5020 te.
2248 4964 2305 5018 In
2339 4978 2448 5032 quo
2485 4969 2630 5016 statu
2671 4967 2789 5015 erat
2825 4974 2884 5015 se
2942 4957 3257 5012 conservari
3286 4971 3315 5009 a
3356 4954 3469 5010 Deo

1912 5060 2168 5132 postulat,
2208 5064 2269 5111 ut
2294 5070 2363 5110 ne
2406 5054 2586 5110 anima
2634 5046 2733 5109 sua
2764 5050 3059 5106 virtutibus
3090 5065 3227 5120 quas
3253 5048 3467 5104 obtine-

1912 5154 2004 5209 bat
2052 5150 2423 5220 spoliaretur:
2469 5160 2608 5217 quas
2660 5144 2912 5208 virtutes,
2976 5143 3061 5197 his
3120 5139 3465 5221 declarabat,

1910 5245 2085 5315 primo
2117 5255 2238 5297 cum
2268 5240 2495 5302 diceret,
2548 5236 2807 5303 Quoniam
2849 5236 2995 5302 inops
3029 5241 3078 5286 et
3119 5245 3314 5299 pauper
3350 5246 3466 5281 sum

1909 5350 2031 5407 ego;
2082 5332 2322 5387 secundo
2352 5370 2368 5395 ,
2418 5330 2681 5397 Quoniam
2727 5335 2940 5381 sanctus
2974 5338 3119 5387 sum;
3144 5335 3311 5391 quare
3337 5319 3465 5373 alibi

1909 5429 2059 5491 dicit,
2088 5424 2210 5479 Non
2240 5425 2411 5479 ueniat
2453 5421 2579 5476 mihi
2609 5438 2695 5491 pes
2736 5418 2990 5489 superbia:
3011 5416 3075 5469 ⁸⁸.
3119 5412 3253 5468 Cum
3287 5419 3464 5467 autem

1912 5538 1970 5579 se
1999 5520 2238 5576 nondum
2278 5518 2444 5573 filium
2478 5528 2601 5572 esse
2635 5520 2808 5583 putet,
2840 5525 2899 5565 se
2926 5510 3053 5579 jure
3087 5521 3305 5562 servum
3335 5519 3467 5559 con-

1911 5614 2093 5685 fitetur
2129 5618 2182 5665 et
2209 5609 2306 5672 ait,
2341 5608 2558 5664 Salvum
2588 5605 2672 5673 fac
2701 5616 2905 5656 servum
2937 5609 3107 5660 tuum,
3163 5596 3320 5661 Deus,
3352 5609 3467 5661 spe—

1909 5714 2112 5760 rantem
2158 5702 2213 5755 in
2253 5710 2318 5754 te.
2371 5697 2573 5753 Servus
2611 5706 2774 5762 porro
2828 5688 2919 5744 Dei
2963 5696 3069 5752 est,
3105 5690 3197 5758 qui
3244 5694 3466 5757 peccato

1911 5811 2020 5851 non
2055 5792 2246 5858 servit,
2297 5790 2537 5861 nullique
2566 5784 2776 5841 aﬂ‘ectui
2821 5780 3071 5838 subditus
3115 5790 3218 5845 est,
3252 5776 3347 5834 sui
3375 5776 3468 5833 uni

318 5965 360 5998 “
396 5963 539 6022 Psal.
575 5977 810 6032 una,
841 5968 896 6018 1.
1056 5962 1199 6020 Psal.
1234 5976 1283 6017 Cl
1306 6003 1321 6029 ,
1358 5961 1407 6015 1.
1484 5957 1526 5991 ⁸⁸
1567 5952 1753 6011 Matth.
1792 5965 1882 6023 vr,
1917 5951 1971 6009 9.
2014 6034 2015 6037 η
2048 5950 2092 5982 ⁸⁷
2132 5944 2324 6005 Matth.
2362 5941 2500 6019 v,_’5.
2548 5936 2625 6020 l“
2661 5936 2806 5995 Psal.
2843 5950 3007 5988 “xv.
3040 5929 3129 5984 i2.
