  <div class='ocr_page' id='page_1' title='image "/cluster/home/n/w/nwhite01/storage/ocr_20150623/23/coo.31924054873041/533.png"; bbox 0 0 4406 6428; ppageno 0'>
   <div class='ocr_carea' id='block_1_1' title="bbox 840 489 985 544">
    <p class='ocr_par' dir='ltr' id='par_1_1' title="bbox 840 489 985 544">
     <span class='ocr_line' id='line_1_1' title="bbox 840 489 985 544; baseline -0.007 -1"><span class='ocrx_word' id='word_1_1' title='bbox 840 489 985 544; x_wconf 69' lang='grc' dir='ltr'><strong>ιθὸἒ)</strong></span> 
     </span>
    </p>
   </div>
   <div class='ocr_carea' id='block_1_2' title="bbox 1524 459 3389 539">
    <p class='ocr_par' dir='ltr' id='par_1_2' title="bbox 1524 459 3389 539">
     <span class='ocr_line' id='line_1_2' title="bbox 1524 459 3389 539; baseline -0.012 -2"><span class='ocrx_word' id='word_1_2' title='bbox 1524 479 1790 539; x_wconf 85' lang='lat' dir='ltr'><strong>EUSEBII</strong></span> <span class='ocrx_word' id='word_1_3' title='bbox 1828 474 2299 534; x_wconf 66' lang='lat' dir='ltr'><strong>CESARIENSIS</strong></span> <span class='ocrx_word' id='word_1_4' title='bbox 2338 472 2486 528; x_wconf 85' lang='lat' dir='ltr'><strong>OPP.</strong></span> <span class='ocrx_word' id='word_1_5' title='bbox 2529 468 2706 525; x_wconf 78' lang='lat' dir='ltr'><strong>PARS</strong></span> <span class='ocrx_word' id='word_1_6' title='bbox 2741 465 2827 522; x_wconf 93' lang='lat' dir='ltr'><strong>lll.</strong></span> <span class='ocrx_word' id='word_1_7' title='bbox 2869 496 2938 503; x_wconf 91' lang='lat'><strong>——</strong></span> <span class='ocrx_word' id='word_1_8' title='bbox 2973 459 3389 517; x_wconf 73' lang='lat' dir='ltr'><strong>EXEGETICA.</strong></span> 
     </span>
    </p>
   </div>
   <div class='ocr_carea' id='block_1_3' title="bbox 3872 429 4049 513">
    <p class='ocr_par' dir='ltr' id='par_1_3' title="bbox 3872 429 4049 513">
     <span class='ocr_line' id='line_1_3' title="bbox 3872 429 4049 513; baseline -0.056 0"><span class='ocrx_word' id='word_1_9' title='bbox 3872 510 3875 513; x_wconf 43' lang='grc' dir='ltr'>η</span> <span class='ocrx_word' id='word_1_10' title='bbox 3918 429 4049 506; x_wconf 75' lang='lat' dir='ltr'><strong>mss</strong></span> 
     </span>
    </p>
   </div>
   <div class='ocr_carea' id='block_1_4' title="bbox 834 572 2574 682">
    <p class='ocr_par' dir='ltr' id='par_1_4' title="bbox 834 591 2574 682">
     <span class='ocr_line' id='line_1_4' title="bbox 834 591 2574 682; baseline -0.011 -20"><span class='ocrx_word' id='word_1_11' title='bbox 834 605 1190 682; x_wconf 78' lang='lat' dir='ltr'><strong>quamobrem</strong></span> <span class='ocrx_word' id='word_1_12' title='bbox 1223 616 1326 656; x_wconf 91' lang='lat' dir='ltr'><strong>non</strong></span> <span class='ocrx_word' id='word_1_13' title='bbox 1378 611 1461 657; x_wconf 89' lang='lat' dir='ltr'><strong>est</strong></span> <span class='ocrx_word' id='word_1_14' title='bbox 1508 602 1704 656; x_wconf 82' lang='lat' dir='ltr'><strong>similis</strong></span> <span class='ocrx_word' id='word_1_15' title='bbox 1736 599 1836 669; x_wconf 86' lang='lat' dir='ltr'><strong>ipsi</strong></span> <span class='ocrx_word' id='word_1_16' title='bbox 1888 599 1945 652; x_wconf 89' lang='lat' dir='ltr'><strong>in</strong></span> <span class='ocrx_word' id='word_1_17' title='bbox 1975 597 2101 658; x_wconf 91' lang='lat' dir='ltr'><strong>diis,</strong></span> <span class='ocrx_word' id='word_1_18' title='bbox 2135 610 2196 648; x_wconf 90' lang='lat' dir='ltr'><strong>ac</strong></span> <span class='ocrx_word' id='word_1_19' title='bbox 2248 595 2397 649; x_wconf 81' lang='lat' dir='ltr'><strong>solus</strong></span> <span class='ocrx_word' id='word_1_20' title='bbox 2427 599 2468 654; x_wconf 80' lang='grc' dir='ltr'>Α</span> <span class='ocrx_word' id='word_1_21' title='bbox 2503 591 2574 660; x_wconf 82' lang='grc' dir='ltr'><strong>μό</strong></span> 
     </span>
    </p>
   </div>
   <div class='ocr_carea' id='block_1_5' title="bbox 2318 572 4058 682">
    <p class='ocr_par' dir='ltr' id='par_1_5' title="bbox 2318 572 4058 682">
     <span class='ocr_line' id='line_1_5' title="bbox 2318 572 4058 660; baseline -0.012 -14"><span class='ocrx_word' id='word_1_22' title='bbox 2318 595 2397 648; x_wconf 89' lang='lat' dir='ltr'><strong>lus</strong></span> <span class='ocrx_word' id='word_1_23' title='bbox 2427 599 2468 654; x_wconf 80' lang='grc' dir='ltr'>Α</span> <span class='ocrx_word' id='word_1_24' title='bbox 2503 591 2677 660; x_wconf 83' lang='grc' dir='ltr'><strong>μόνος.</strong></span> <span class='ocrx_word' id='word_1_25' title='bbox 2731 586 3053 654; x_wconf 81' lang='grc' dir='ltr'>Ἐπειδήπερ</span> <span class='ocrx_word' id='word_1_26' title='bbox 3088 582 3244 651; x_wconf 75' lang='grc' dir='ltr'>μόνος</span> <span class='ocrx_word' id='word_1_27' title='bbox 3272 578 3509 647; x_wconf 74' lang='grc' dir='ltr'>όΣωτὴρ</span> <span class='ocrx_word' id='word_1_28' title='bbox 3544 575 3633 628; x_wconf 74' lang='grc' dir='ltr'><strong>καὶ</strong></span> <span class='ocrx_word' id='word_1_29' title='bbox 3677 572 3872 643; x_wconf 82' lang='grc' dir='ltr'>Κύριος</span> <span class='ocrx_word' id='word_1_30' title='bbox 3903 572 4058 643; x_wconf 75' lang='grc' dir='ltr'>ἡμῶν</span> 
     </span>
     <span class='ocr_line' id='line_1_6' title="bbox 2596 657 4013 682; baseline 0 0"><span class='ocrx_word' id='word_1_31' title='bbox 2596 674 2773 682; x_wconf 31' lang='grc' dir='ltr'>νμ-</span> <span class='ocrx_word' id='word_1_32' title='bbox 3324 665 3348 682; x_wconf 70' lang='grc' dir='ltr'><strong>τ</strong></span> <span class='ocrx_word' id='word_1_33' title='bbox 3501 666 3515 682; x_wconf 79' lang='grc'><strong>.</strong></span> <span class='ocrx_word' id='word_1_34' title='bbox 3623 666 3637 682; x_wconf 74' lang='lat'><strong>,</strong></span> <span class='ocrx_word' id='word_1_35' title='bbox 3738 657 4013 682; x_wconf 57' lang='grc' dir='ltr'>ειμι,</span> 
     </span>
    </p>
   </div>
   <div class='ocr_carea' id='block_1_6' title="bbox 843 684 2390 769">
    <p class='ocr_par' dir='ltr' id='par_1_6' title="bbox 843 684 2390 769">
     <span class='ocr_line' id='line_1_7' title="bbox 843 684 2390 769; baseline -0.012 -15"><span class='ocrx_word' id='word_1_36' title='bbox 843 701 963 769; x_wconf 72' lang='lat' dir='ltr'><strong>ipse</strong></span> <span class='ocrx_word' id='word_1_37' title='bbox 984 697 1137 764; x_wconf 88' lang='lat' dir='ltr'><strong>quasi</strong></span> <span class='ocrx_word' id='word_1_38' title='bbox 1166 697 1219 748; x_wconf 86' lang='lat' dir='ltr'><strong>in</strong></span> <span class='ocrx_word' id='word_1_39' title='bbox 1256 695 1359 749; x_wconf 85' lang='lat' dir='ltr'><strong>diis</strong></span> <span class='ocrx_word' id='word_1_40' title='bbox 1391 694 1531 747; x_wconf 83' lang='lat' dir='ltr'><strong>Deus</strong></span> <span class='ocrx_word' id='word_1_41' title='bbox 1555 692 1742 755; x_wconf 81' lang='lat' dir='ltr'><strong>fuerit;</strong></span> <span class='ocrx_word' id='word_1_42' title='bbox 1794 705 1916 743; x_wconf 92' lang='lat' dir='ltr'><strong>cum</strong></span> <span class='ocrx_word' id='word_1_43' title='bbox 1946 689 2126 742; x_wconf 88' lang='lat' dir='ltr'><strong>nullus</strong></span> <span class='ocrx_word' id='word_1_44' title='bbox 2159 702 2221 739; x_wconf 78' lang='lat' dir='ltr'><strong>ex</strong></span> <span class='ocrx_word' id='word_1_45' title='bbox 2257 684 2390 738; x_wconf 87' lang='lat' dir='ltr'><strong>mul-</strong></span> 
     </span>
    </p>
   </div>
   <div class='ocr_carea' id='block_1_7' title="bbox 845 777 2401 856">
    <p class='ocr_par' dir='ltr' id='par_1_7' title="bbox 845 777 2401 856">
     <span class='ocr_line' id='line_1_8' title="bbox 845 777 2401 856; baseline -0.008 -13"><span class='ocrx_word' id='word_1_46' title='bbox 845 791 915 845; x_wconf 90' lang='lat' dir='ltr'><strong>tis</strong></span> <span class='ocrx_word' id='word_1_47' title='bbox 950 789 1074 850; x_wconf 88' lang='lat' dir='ltr'><strong>illis,</strong></span> <span class='ocrx_word' id='word_1_48' title='bbox 1107 789 1196 856; x_wconf 90' lang='lat' dir='ltr'><strong>qui</strong></span> <span class='ocrx_word' id='word_1_49' title='bbox 1234 787 1307 840; x_wconf 90' lang='lat' dir='ltr'><strong>dii</strong></span> <span class='ocrx_word' id='word_1_50' title='bbox 1342 794 1635 847; x_wconf 79' lang='lat' dir='ltr'><strong>vocantur,</strong></span> <span class='ocrx_word' id='word_1_51' title='bbox 1682 782 2083 850; x_wconf 80' lang='lat' dir='ltr'><strong>comparatione</strong></span> <span class='ocrx_word' id='word_1_52' title='bbox 2116 779 2221 832; x_wconf 91' lang='lat' dir='ltr'><strong>illis</strong></span> <span class='ocrx_word' id='word_1_53' title='bbox 2263 777 2401 831; x_wconf 90' lang='lat' dir='ltr'><strong>Deus</strong></span> 
     </span>
    </p>
   </div>
   <div class='ocr_carea' id='block_1_8' title="bbox 846 867 2404 951">
    <p class='ocr_par' dir='ltr' id='par_1_8' title="bbox 846 867 2404 951">
     <span class='ocr_line' id='line_1_9' title="bbox 846 867 2404 951; baseline -0.012 -13"><span class='ocrx_word' id='word_1_54' title='bbox 846 883 948 938; x_wconf 93' lang='lat' dir='ltr'><strong>dici</strong></span> <span class='ocrx_word' id='word_1_55' title='bbox 971 882 1160 951; x_wconf 89' lang='lat' dir='ltr'><strong>possit.</strong></span> <span class='ocrx_word' id='word_1_56' title='bbox 1184 878 1336 931; x_wconf 84' lang='lat' dir='ltr'><strong>Alius</strong></span> <span class='ocrx_word' id='word_1_57' title='bbox 1354 891 1499 939; x_wconf 85' lang='lat' dir='ltr'><strong>vero,</strong></span> <span class='ocrx_word' id='word_1_58' title='bbox 1521 875 1642 944; x_wconf 84' lang='lat' dir='ltr'><strong>quia</strong></span> <span class='ocrx_word' id='word_1_59' title='bbox 1658 872 1955 927; x_wconf 86' lang='lat' dir='ltr'><strong>secundum</strong></span> <span class='ocrx_word' id='word_1_60' title='bbox 1982 871 2093 923; x_wconf 61' lang='lat' dir='ltr'><strong>haec</strong></span> <span class='ocrx_word' id='word_1_61' title='bbox 2111 870 2291 923; x_wconf 86' lang='lat' dir='ltr'><strong>omnia</strong></span> <span class='ocrx_word' id='word_1_62' title='bbox 2316 867 2404 921; x_wconf 81' lang='lat' dir='ltr'><strong>ad-</strong></span> 
     </span>
    </p>
   </div>
   <div class='ocr_carea' id='block_1_9' title="bbox 846 958 2401 1039">
    <p class='ocr_par' dir='ltr' id='par_1_9' title="bbox 846 958 2401 1039">
     <span class='ocr_line' id='line_1_10' title="bbox 846 958 2401 1039; baseline -0.013 -10"><span class='ocrx_word' id='word_1_63' title='bbox 846 974 1011 1039; x_wconf 83' lang='lat' dir='ltr'><strong>ditur,</strong></span> <span class='ocrx_word' id='word_1_64' title='bbox 1040 971 1115 1026; x_wconf 86' lang='lat' dir='ltr'><strong>Tu</strong></span> <span class='ocrx_word' id='word_1_65' title='bbox 1141 987 1191 1025; x_wconf 83' lang='lat' dir='ltr'><strong>es</strong></span> <span class='ocrx_word' id='word_1_66' title='bbox 1219 970 1352 1023; x_wconf 86' lang='lat' dir='ltr'><strong>Deus</strong></span> <span class='ocrx_word' id='word_1_67' title='bbox 1376 969 1537 1029; x_wconf 84' lang='lat' dir='ltr'><strong>solus,</strong></span> <span class='ocrx_word' id='word_1_68' title='bbox 1577 966 1773 1019; x_wconf 80' lang='lat' dir='ltr'><strong>dixerit</strong></span> <span class='ocrx_word' id='word_1_69' title='bbox 1813 964 1876 1017; x_wconf 91' lang='lat' dir='ltr'><strong>ad</strong></span> <span class='ocrx_word' id='word_1_70' title='bbox 1908 964 2121 1016; x_wconf 85' lang='lat' dir='ltr'><strong>Patrem</strong></span> <span class='ocrx_word' id='word_1_71' title='bbox 2152 969 2204 1014; x_wconf 92' lang='lat' dir='ltr'><strong>et</strong></span> <span class='ocrx_word' id='word_1_72' title='bbox 2236 958 2401 1012; x_wconf 88' lang='lat' dir='ltr'><strong>Deum</strong></span> 
     </span>
    </p>
   </div>
   <div class='ocr_carea' id='block_1_10' title="bbox 846 1049 2397 1127">
    <p class='ocr_par' dir='ltr' id='par_1_10' title="bbox 846 1049 2397 1127">
     <span class='ocr_line' id='line_1_11' title="bbox 846 1049 2397 1127; baseline -0.011 -9"><span class='ocrx_word' id='word_1_73' title='bbox 846 1064 1219 1127; x_wconf 79' lang='lat' dir='ltr'><strong>universorum</strong></span> <span class='ocrx_word' id='word_1_74' title='bbox 1237 1059 1349 1113; x_wconf 66' lang='lat' dir='ltr'><strong>haec</strong></span> <span class='ocrx_word' id='word_1_75' title='bbox 1370 1058 1547 1111; x_wconf 84' lang='lat' dir='ltr'><strong>omnia</strong></span> <span class='ocrx_word' id='word_1_76' title='bbox 1563 1056 1617 1109; x_wconf 88' lang='lat' dir='ltr'><strong>in</strong></span> <span class='ocrx_word' id='word_1_77' title='bbox 1630 1056 1873 1109; x_wconf 80' lang='lat' dir='ltr'><strong>Oratione</strong></span> <span class='ocrx_word' id='word_1_78' title='bbox 1890 1053 2170 1108; x_wconf 87' lang='lat' dir='ltr'><strong>enuntiata</strong></span> <span class='ocrx_word' id='word_1_79' title='bbox 2189 1049 2397 1103; x_wconf 82' lang='lat' dir='ltr'><strong>referri:</strong></span> 
     </span>
    </p>
   </div>
   <div class='ocr_carea' id='block_1_11' title="bbox 846 1144 2401 1223">
    <p class='ocr_par' dir='ltr' id='par_1_11' title="bbox 846 1144 2401 1223">
     <span class='ocr_line' id='line_1_12' title="bbox 846 1144 2401 1223; baseline -0.01 -15"><span class='ocrx_word' id='word_1_80' title='bbox 846 1169 971 1208; x_wconf 85' lang='lat' dir='ltr'><strong>nam</strong></span> <span class='ocrx_word' id='word_1_81' title='bbox 996 1152 1235 1223; x_wconf 58' lang='lat' dir='ltr'><strong>per&#39;ejus</strong></span> <span class='ocrx_word' id='word_1_82' title='bbox 1254 1149 1453 1203; x_wconf 86' lang='lat' dir='ltr'><strong>donum</strong></span> <span class='ocrx_word' id='word_1_83' title='bbox 1480 1155 1532 1202; x_wconf 90' lang='lat' dir='ltr'><strong>et</strong></span> <span class='ocrx_word' id='word_1_84' title='bbox 1562 1147 1788 1217; x_wconf 77' lang='lat' dir='ltr'><strong>gratiam</strong></span> <span class='ocrx_word' id='word_1_85' title='bbox 1810 1144 2022 1198; x_wconf 89' lang='lat' dir='ltr'><strong>vocatio</strong></span> <span class='ocrx_word' id='word_1_86' title='bbox 2048 1144 2285 1213; x_wconf 88' lang='lat' dir='ltr'><strong>gentium</strong></span> <span class='ocrx_word' id='word_1_87' title='bbox 2308 1154 2401 1208; x_wconf 80' lang='lat' dir='ltr'><strong>per</strong></span> 
     </span>
    </p>
   </div>
   <div class='ocr_carea' id='block_1_12' title="bbox 834 1235 2398 1312">
    <p class='ocr_par' dir='ltr' id='par_1_12' title="bbox 834 1235 2398 1312">
     <span class='ocr_line' id='line_1_13' title="bbox 834 1235 2398 1312; baseline -0.01 -14"><span class='ocrx_word' id='word_1_88' title='bbox 834 1244 1041 1300; x_wconf 77' lang='lat' dir='ltr'><strong>Filium</strong></span> <span class='ocrx_word' id='word_1_89' title='bbox 1063 1240 1340 1312; x_wconf 80' lang='lat' dir='ltr'><strong>ejusfacta</strong></span> <span class='ocrx_word' id='word_1_90' title='bbox 1368 1246 1481 1294; x_wconf 92' lang='lat' dir='ltr'><strong>est:</strong></span> <span class='ocrx_word' id='word_1_91' title='bbox 1516 1247 1569 1291; x_wconf 89' lang='lat' dir='ltr'><strong>et</strong></span> <span class='ocrx_word' id='word_1_92' title='bbox 1598 1239 1715 1306; x_wconf 86' lang='lat' dir='ltr'><strong>ipse</strong></span> <span class='ocrx_word' id='word_1_93' title='bbox 1763 1235 1865 1289; x_wconf 86' lang='lat' dir='ltr'><strong>fuit</strong></span> <span class='ocrx_word' id='word_1_94' title='bbox 1898 1235 2135 1289; x_wconf 90' lang='lat' dir='ltr'><strong>omnium</strong></span> <span class='ocrx_word' id='word_1_95' title='bbox 2168 1238 2398 1291; x_wconf 83' lang='lat' dir='ltr'><strong>creator,</strong></span> 
     </span>
    </p>
   </div>
   <div class='ocr_carea' id='block_1_13' title="bbox 844 1325 2400 1403">
    <p class='ocr_par' dir='ltr' id='par_1_13' title="bbox 844 1325 2400 1403">
     <span class='ocr_line' id='line_1_14' title="bbox 844 1325 2400 1403; baseline -0.012 -12"><span class='ocrx_word' id='word_1_96' title='bbox 844 1337 1093 1392; x_wconf 87' lang='lat' dir='ltr'><strong>conditor</strong></span> <span class='ocrx_word' id='word_1_97' title='bbox 1118 1340 1168 1389; x_wconf 89' lang='lat' dir='ltr'><strong>et</strong></span> <span class='ocrx_word' id='word_1_98' title='bbox 1187 1330 1501 1403; x_wconf 77' lang='lat' dir='ltr'><strong>Opifex,&#39;qui</strong></span> <span class='ocrx_word' id='word_1_99' title='bbox 1533 1344 1622 1398; x_wconf 91' lang='lat' dir='ltr'><strong>per</strong></span> <span class='ocrx_word' id='word_1_100' title='bbox 1640 1326 1837 1381; x_wconf 87' lang='lat' dir='ltr'><strong>Filium</strong></span> <span class='ocrx_word' id='word_1_101' title='bbox 1852 1325 2112 1387; x_wconf 88' lang='lat' dir='ltr'><strong>condidit,</strong></span> <span class='ocrx_word' id='word_1_102' title='bbox 2139 1331 2250 1376; x_wconf 91' lang='lat' dir='ltr'><strong>tum</strong></span> <span class='ocrx_word' id='word_1_103' title='bbox 2282 1336 2400 1391; x_wconf 69' lang='lat' dir='ltr'><strong>quae</strong></span> 
     </span>
    </p>
   </div>
   <div class='ocr_carea' id='block_1_14' title="bbox 846 1419 2402 1492">
    <p class='ocr_par' dir='ltr' id='par_1_14' title="bbox 846 1419 2402 1492">
     <span class='ocr_line' id='line_1_15' title="bbox 846 1419 2402 1492; baseline -0.012 -10"><span class='ocrx_word' id='word_1_104' title='bbox 846 1431 899 1482; x_wconf 91' lang='lat' dir='ltr'><strong>in</strong></span> <span class='ocrx_word' id='word_1_105' title='bbox 943 1426 1104 1489; x_wconf 74' lang='lat' dir='ltr'><strong>ctelo,</strong></span> <span class='ocrx_word' id='word_1_106' title='bbox 1138 1432 1252 1478; x_wconf 90' lang='lat' dir='ltr'><strong>tum</strong></span> <span class='ocrx_word' id='word_1_107' title='bbox 1283 1438 1403 1492; x_wconf 68' lang='lat' dir='ltr'><strong>qua:</strong></span> <span class='ocrx_word' id='word_1_108' title='bbox 1424 1422 1478 1475; x_wconf 90' lang='lat' dir='ltr'><strong>in</strong></span> <span class='ocrx_word' id='word_1_109' title='bbox 1509 1433 1652 1474; x_wconf 85' lang='lat' dir='ltr'><strong>terra</strong></span> <span class='ocrx_word' id='word_1_110' title='bbox 1706 1430 1869 1473; x_wconf 85' lang='lat' dir='ltr'><strong>sunt:</strong></span> <span class='ocrx_word' id='word_1_111' title='bbox 1904 1419 2017 1486; x_wconf 90' lang='lat' dir='ltr'><strong>ipse</strong></span> <span class='ocrx_word' id='word_1_112' title='bbox 2058 1429 2273 1488; x_wconf 88' lang='lat' dir='ltr'><strong>quoque</strong></span> <span class='ocrx_word' id='word_1_113' title='bbox 2307 1428 2402 1483; x_wconf 92' lang='lat' dir='ltr'><strong>per</strong></span> 
     </span>
    </p>
   </div>
   <div class='ocr_carea' id='block_1_15' title="bbox 848 1504 2399 1577">
    <p class='ocr_par' dir='ltr' id='par_1_15' title="bbox 848 1504 2399 1577">
     <span class='ocr_line' id='line_1_16' title="bbox 848 1504 2399 1577; baseline -0.009 -6"><span class='ocrx_word' id='word_1_114' title='bbox 848 1520 1040 1571; x_wconf 81' lang='lat' dir='ltr'><strong>Filium</strong></span> <span class='ocrx_word' id='word_1_115' title='bbox 1074 1514 1338 1570; x_wconf 83' lang='lat' dir='ltr'><strong>mirabilia</strong></span> <span class='ocrx_word' id='word_1_116' title='bbox 1387 1511 1569 1566; x_wconf 85' lang='lat' dir='ltr'><strong>omnia</strong></span> <span class='ocrx_word' id='word_1_117' title='bbox 1620 1509 1782 1571; x_wconf 87' lang='lat' dir='ltr'><strong>fecit,</strong></span> <span class='ocrx_word' id='word_1_118' title='bbox 1826 1515 1937 1563; x_wconf 90' lang='lat' dir='ltr'><strong>tum</strong></span> <span class='ocrx_word' id='word_1_119' title='bbox 1979 1523 2099 1577; x_wconf 74' lang='lat' dir='ltr'><strong>quae</strong></span> <span class='ocrx_word' id='word_1_120' title='bbox 2137 1506 2190 1560; x_wconf 90' lang='lat' dir='ltr'><strong>in</strong></span> <span class='ocrx_word' id='word_1_121' title='bbox 2226 1504 2399 1560; x_wconf 82' lang='lat' dir='ltr'><strong>Veteri</strong></span> 
     </span>
    </p>
   </div>
   <div class='ocr_carea' id='block_1_16' title="bbox 844 1597 2400 1671">
    <p class='ocr_par' dir='ltr' id='par_1_16' title="bbox 844 1597 2400 1671">
     <span class='ocr_line' id='line_1_17' title="bbox 844 1597 2400 1671; baseline -0.011 -6"><span class='ocrx_word' id='word_1_122' title='bbox 844 1610 1193 1665; x_wconf 90' lang='lat' dir='ltr'><strong>Testamento</strong></span> <span class='ocrx_word' id='word_1_123' title='bbox 1225 1612 1581 1666; x_wconf 86' lang='lat' dir='ltr'><strong>enarrantur,</strong></span> <span class='ocrx_word' id='word_1_124' title='bbox 1626 1609 1738 1655; x_wconf 88' lang='lat' dir='ltr'><strong>tum</strong></span> <span class='ocrx_word' id='word_1_125' title='bbox 1768 1616 1888 1671; x_wconf 66' lang='lat' dir='ltr'><strong>qua:</strong></span> <span class='ocrx_word' id='word_1_126' title='bbox 1932 1600 1984 1654; x_wconf 91' lang='lat' dir='ltr'><strong>in</strong></span> <span class='ocrx_word' id='word_1_127' title='bbox 2016 1598 2163 1653; x_wconf 84' lang='lat' dir='ltr'><strong>Novo</strong></span> <span class='ocrx_word' id='word_1_128' title='bbox 2191 1597 2400 1651; x_wconf 83' lang='lat' dir='ltr'><strong>descri-</strong></span> 
     </span>
    </p>
   </div>
   <div class='ocr_carea' id='block_1_17' title="bbox 843 1677 2401 1771">
    <p class='ocr_par' dir='ltr' id='par_1_17' title="bbox 843 1677 2401 1771">
     <span class='ocr_line' id='line_1_18' title="bbox 843 1677 2401 1771; baseline -0.009 -17"><span class='ocrx_word' id='word_1_129' title='bbox 843 1701 1078 1764; x_wconf 88' lang='lat' dir='ltr'><strong>buntur;</strong></span> <span class='ocrx_word' id='word_1_130' title='bbox 1109 1694 1489 1771; x_wconf 57' lang='lat' dir='ltr'><strong>ideoqueﬁici,</strong></span> <span class='ocrx_word' id='word_1_131' title='bbox 1519 1724 1589 1734; x_wconf 85' lang='lat'><strong>——</strong></span> <span class='ocrx_word' id='word_1_132' title='bbox 1620 1691 1785 1746; x_wconf 73' lang='lat' dir='ltr'><strong>Vens.</strong></span> <span class='ocrx_word' id='word_1_133' title='bbox 1818 1692 1923 1769; x_wconf 65' lang='grc'><strong>10.</strong></span> <span class='ocrx_word' id='word_1_134' title='bbox 1963 1689 2087 1745; x_wconf 87' lang='lat' dir='ltr'><strong>Non</strong></span> <span class='ocrx_word' id='word_1_135' title='bbox 2113 1698 2188 1743; x_wconf 85' lang='lat' dir='ltr'><strong>est</strong></span> <span class='ocrx_word' id='word_1_136' title='bbox 2226 1677 2401 1742; x_wconf 83' lang='lat' dir='ltr'><strong>secun-</strong></span> 
     </span>
    </p>
   </div>
   <div class='ocr_carea' id='block_1_18' title="bbox 842 1766 2397 1858">
    <p class='ocr_par' dir='ltr' id='par_1_18' title="bbox 842 1766 2397 1858">
     <span class='ocr_line' id='line_1_19' title="bbox 842 1766 2397 1858; baseline -0.009 -15"><span class='ocrx_word' id='word_1_137' title='bbox 842 1794 966 1844; x_wconf 77' lang='lat' dir='ltr'><strong>dum</strong></span> <span class='ocrx_word' id='word_1_138' title='bbox 1002 1804 1196 1858; x_wconf 80' lang='lat' dir='ltr'><strong>opera;</strong></span> <span class='ocrx_word' id='word_1_139' title='bbox 1228 1800 1302 1851; x_wconf 91' lang='lat' dir='ltr'><strong>et,</strong></span> <span class='ocrx_word' id='word_1_140' title='bbox 1342 1766 1570 1856; x_wconf 60' lang='lat' dir='ltr'><strong>Magnus</strong></span> <span class='ocrx_word' id='word_1_141' title='bbox 1600 1801 1653 1837; x_wconf 90' lang='lat' dir='ltr'><strong>es</strong></span> <span class='ocrx_word' id='word_1_142' title='bbox 1696 1793 1771 1847; x_wconf 88' lang='lat' dir='ltr'><strong>tu,</strong></span> <span class='ocrx_word' id='word_1_143' title='bbox 1799 1766 1848 1836; x_wconf 86' lang='lat' dir='ltr'><strong>et</strong></span> <span class='ocrx_word' id='word_1_144' title='bbox 1869 1782 2065 1850; x_wconf 80' lang='lat' dir='ltr'><strong>faciens</strong></span> <span class='ocrx_word' id='word_1_145' title='bbox 2103 1779 2397 1839; x_wconf 79' lang='lat' dir='ltr'><strong>mirabilia,</strong></span> 
     </span>
    </p>
   </div>
   <div class='ocr_carea' id='block_1_19' title="bbox 843 1869 2401 1938">
    <p class='ocr_par' dir='ltr' id='par_1_19' title="bbox 843 1869 2401 1938">
     <span class='ocr_line' id='line_1_20' title="bbox 843 1869 2401 1938; baseline -0.009 -1"><span class='ocrx_word' id='word_1_146' title='bbox 843 1895 903 1937; x_wconf 85' lang='lat' dir='ltr'><strong>tu</strong></span> <span class='ocrx_word' id='word_1_147' title='bbox 932 1900 984 1938; x_wconf 85' lang='lat' dir='ltr'><strong>es</strong></span> <span class='ocrx_word' id='word_1_148' title='bbox 1019 1883 1154 1936; x_wconf 89' lang='lat' dir='ltr'><strong>Deus</strong></span> <span class='ocrx_word' id='word_1_149' title='bbox 1184 1881 1350 1935; x_wconf 83' lang='lat' dir='ltr'><strong>solus.</strong></span> <span class='ocrx_word' id='word_1_150' title='bbox 1378 1877 1511 1931; x_wconf 91' lang='lat' dir='ltr'><strong>lllud</strong></span> <span class='ocrx_word' id='word_1_151' title='bbox 1543 1883 1721 1929; x_wconf 89' lang='lat' dir='ltr'><strong>autem</strong></span> <span class='ocrx_word' id='word_1_152' title='bbox 1747 1914 1762 1937; x_wconf 93' lang='lat'><strong>,</strong></span> <span class='ocrx_word' id='word_1_153' title='bbox 1808 1888 1951 1926; x_wconf 77' lang='lat' dir='ltr'><strong>satus</strong></span> <span class='ocrx_word' id='word_1_154' title='bbox 1976 1912 1991 1935; x_wconf 95' lang='lat'><strong>,</strong></span> <span class='ocrx_word' id='word_1_155' title='bbox 2041 1885 2070 1924; x_wconf 90' lang='lat' dir='ltr'><strong>a</strong></span> <span class='ocrx_word' id='word_1_156' title='bbox 2120 1869 2401 1924; x_wconf 72' lang='lat' dir='ltr'><strong>Salvatore</strong></span> 
     </span>
    </p>
   </div>
   <div class='ocr_carea' id='block_1_20' title="bbox 844 1958 2407 2045">
    <p class='ocr_par' dir='ltr' id='par_1_20' title="bbox 844 1958 2407 2045">
     <span class='ocr_line' id='line_1_21' title="bbox 844 1958 2407 2045; baseline -0.01 -19"><span class='ocrx_word' id='word_1_157' title='bbox 844 1987 1059 2045; x_wconf 83' lang='lat' dir='ltr'><strong>quoque</strong></span> <span class='ocrx_word' id='word_1_158' title='bbox 1087 1981 1273 2026; x_wconf 88' lang='lat' dir='ltr'><strong>nostro</strong></span> <span class='ocrx_word' id='word_1_159' title='bbox 1298 1969 1365 2022; x_wconf 89' lang='lat' dir='ltr'><strong>ad</strong></span> <span class='ocrx_word' id='word_1_160' title='bbox 1388 1967 1603 2021; x_wconf 80' lang='lat' dir='ltr'><strong>Patrem</strong></span> <span class='ocrx_word' id='word_1_161' title='bbox 1633 1965 1838 2017; x_wconf 84' lang='lat' dir='ltr'><strong>dictum</strong></span> <span class='ocrx_word' id='word_1_162' title='bbox 1891 1962 1991 2015; x_wconf 82' lang='lat' dir='ltr'><strong>fuit</strong></span> <span class='ocrx_word' id='word_1_163' title='bbox 2035 1962 2087 2015; x_wconf 90' lang='lat' dir='ltr'><strong>in</strong></span> <span class='ocrx_word' id='word_1_164' title='bbox 2137 1961 2264 2023; x_wconf 90' lang='lat' dir='ltr'><strong>illo,</strong></span> <span class='ocrx_word' id='word_1_165' title='bbox 2333 1958 2407 2013; x_wconf 92' lang='lat' dir='ltr'><strong>Ut&#39;</strong></span> 
     </span>
    </p>
   </div>
   <div class='ocr_carea' id='block_1_21' title="bbox 845 2052 2403 2137">
    <p class='ocr_par' dir='ltr' id='par_1_21' title="bbox 845 2052 2403 2137">
     <span class='ocr_line' id='line_1_22' title="bbox 845 2052 2403 2137; baseline -0.011 -15"><span class='ocrx_word' id='word_1_166' title='bbox 845 2073 1156 2137; x_wconf 76' lang='lat' dir='ltr'><strong>cognoscant</strong></span> <span class='ocrx_word' id='word_1_167' title='bbox 1185 2072 1230 2117; x_wconf 88' lang='lat' dir='ltr'><strong>te</strong></span> <span class='ocrx_word' id='word_1_168' title='bbox 1263 2062 1433 2115; x_wconf 85' lang='lat' dir='ltr'><strong>solum</strong></span> <span class='ocrx_word' id='word_1_169' title='bbox 1466 2072 1641 2112; x_wconf 74' lang='lat' dir='ltr'><strong>rerum</strong></span> <span class='ocrx_word' id='word_1_170' title='bbox 1667 2054 1831 2109; x_wconf 86' lang='lat' dir='ltr'><strong>Deum</strong></span> <span class='ocrx_word' id='word_1_171' title='bbox 1856 2055 1922 2106; x_wconf 84' lang='lat'><strong>&#39;“.</strong></span> <span class='ocrx_word' id='word_1_172' title='bbox 1973 2052 2236 2118; x_wconf 86' lang='lat' dir='ltr'><strong>Quoniam</strong></span> <span class='ocrx_word' id='word_1_173' title='bbox 2273 2066 2403 2106; x_wconf 80' lang='lat' dir='ltr'><strong>vero</strong></span> 
     </span>
    </p>
   </div>
   <div class='ocr_carea' id='block_1_22' title="bbox 841 2141 2401 2232">
    <p class='ocr_par' dir='ltr' id='par_1_22' title="bbox 841 2141 2401 2232">
     <span class='ocr_line' id='line_1_23' title="bbox 841 2141 2401 2232; baseline -0.013 -16"><span class='ocrx_word' id='word_1_174' title='bbox 841 2171 1083 2232; x_wconf 64' lang='lat' dir='ltr'><strong>paterna:</strong></span> <span class='ocrx_word' id='word_1_175' title='bbox 1114 2141 1331 2214; x_wconf 87' lang='lat' dir='ltr'><strong>deitatis</strong></span> <span class='ocrx_word' id='word_1_176' title='bbox 1366 2153 1637 2224; x_wconf 88' lang='lat' dir='ltr'><strong>particeps</strong></span> <span class='ocrx_word' id='word_1_177' title='bbox 1659 2155 1742 2204; x_wconf 90' lang='lat' dir='ltr'><strong>est</strong></span> <span class='ocrx_word' id='word_1_178' title='bbox 1772 2147 1966 2210; x_wconf 88' lang='lat' dir='ltr'><strong>Filius,</strong></span> <span class='ocrx_word' id='word_1_179' title='bbox 2001 2160 2123 2198; x_wconf 93' lang='lat' dir='ltr'><strong>cum</strong></span> <span class='ocrx_word' id='word_1_180' title='bbox 2155 2144 2224 2198; x_wconf 89' lang='lat' dir='ltr'><strong>sit</strong></span> <span class='ocrx_word' id='word_1_181' title='bbox 2254 2142 2401 2211; x_wconf 55' lang='lat' dir='ltr'><strong>ejus-</strong></span> 
     </span>
    </p>
   </div>
   <div class='ocr_carea' id='block_1_23' title="bbox 846 2233 2400 2322">
    <p class='ocr_par' dir='ltr' id='par_1_23' title="bbox 846 2233 2400 2322">
     <span class='ocr_line' id='line_1_24' title="bbox 846 2233 2400 2322; baseline -0.014 -13"><span class='ocrx_word' id='word_1_182' title='bbox 846 2254 968 2311; x_wconf 88' lang='lat' dir='ltr'><strong>dem</strong></span> <span class='ocrx_word' id='word_1_183' title='bbox 997 2251 1148 2322; x_wconf 85' lang='lat' dir='ltr'><strong>regni</strong></span> <span class='ocrx_word' id='word_1_184' title='bbox 1179 2262 1431 2311; x_wconf 87' lang='lat' dir='ltr'><strong>consors,</strong></span> <span class='ocrx_word' id='word_1_185' title='bbox 1464 2251 1649 2313; x_wconf 87' lang='lat' dir='ltr'><strong>utpote</strong></span> <span class='ocrx_word' id='word_1_186' title='bbox 1706 2240 2018 2310; x_wconf 87' lang='lat' dir='ltr'><strong>unigenitus</strong></span> <span class='ocrx_word' id='word_1_187' title='bbox 2048 2235 2217 2290; x_wconf 88' lang='lat' dir='ltr'><strong>Filius</strong></span> <span class='ocrx_word' id='word_1_188' title='bbox 2242 2275 2256 2297; x_wconf 93' lang='lat'><strong>,</strong></span> <span class='ocrx_word' id='word_1_189' title='bbox 2307 2233 2400 2289; x_wconf 88' lang='lat' dir='ltr'><strong>Dei</strong></span> 
     </span>
    </p>
   </div>
   <div class='ocr_carea' id='block_1_24' title="bbox 847 2318 2403 2407">
    <p class='ocr_par' dir='ltr' id='par_1_24' title="bbox 847 2318 2403 2407">
     <span class='ocr_line' id='line_1_25' title="bbox 847 2318 2403 2407; baseline -0.012 -10"><span class='ocrx_word' id='word_1_190' title='bbox 847 2318 1114 2404; x_wconf 61' lang='lat' dir='ltr'><strong>Verbum.</strong></span> <span class='ocrx_word' id='word_1_191' title='bbox 1155 2349 1209 2395; x_wconf 88' lang='lat' dir='ltr'><strong>et</strong></span> <span class='ocrx_word' id='word_1_192' title='bbox 1250 2338 1340 2394; x_wconf 90' lang='lat' dir='ltr'><strong>Dei</strong></span> <span class='ocrx_word' id='word_1_193' title='bbox 1372 2335 1674 2407; x_wconf 86' lang='lat' dir='ltr'><strong>sapientia;</strong></span> <span class='ocrx_word' id='word_1_194' title='bbox 1738 2333 1859 2402; x_wconf 88' lang='lat' dir='ltr'><strong>jure</strong></span> <span class='ocrx_word' id='word_1_195' title='bbox 1899 2338 1951 2385; x_wconf 90' lang='lat' dir='ltr'><strong>et</strong></span> <span class='ocrx_word' id='word_1_196' title='bbox 2006 2330 2122 2399; x_wconf 89' lang='lat' dir='ltr'><strong>ipse</strong></span> <span class='ocrx_word' id='word_1_197' title='bbox 2153 2318 2403 2396; x_wconf 63' lang='lat' dir='ltr'><strong>praesenti</strong></span> 
     </span>
    </p>
   </div>
   <div class='ocr_carea' id='block_1_25' title="bbox 848 2406 2401 2504">
    <p class='ocr_par' dir='ltr' id='par_1_25' title="bbox 848 2406 2401 2504">
     <span class='ocr_line' id='line_1_26' title="bbox 848 2406 2401 2504; baseline -0.015 -11"><span class='ocrx_word' id='word_1_198' title='bbox 848 2434 1126 2504; x_wconf 67' lang='lat' dir='ltr'><strong>theologia:</strong></span> <span class='ocrx_word' id='word_1_199' title='bbox 1155 2436 1507 2486; x_wconf 90' lang='lat' dir='ltr'><strong>accenseatur</strong></span> <span class='ocrx_word' id='word_1_200' title='bbox 1525 2442 1631 2497; x_wconf 88' lang='lat' dir='ltr'><strong>qua</strong></span> <span class='ocrx_word' id='word_1_201' title='bbox 1654 2426 1768 2481; x_wconf 67' lang='lat' dir='ltr'><strong>haec</strong></span> <span class='ocrx_word' id='word_1_202' title='bbox 1797 2426 2073 2484; x_wconf 91' lang='lat' dir='ltr'><strong>docemur,</strong></span> <span class='ocrx_word' id='word_1_203' title='bbox 2100 2406 2249 2474; x_wconf 87' lang='lat' dir='ltr'><strong>inter</strong></span> <span class='ocrx_word' id='word_1_204' title='bbox 2267 2417 2401 2471; x_wconf 88' lang='lat' dir='ltr'><strong>mul-</strong></span> 
     </span>
    </p>
   </div>
   <div class='ocr_carea' id='block_1_26' title="bbox 847 2508 2403 2591">
    <p class='ocr_par' dir='ltr' id='par_1_26' title="bbox 847 2508 2403 2591">
     <span class='ocr_line' id='line_1_27' title="bbox 847 2508 2403 2591; baseline -0.013 -11"><span class='ocrx_word' id='word_1_205' title='bbox 847 2532 933 2580; x_wconf 87' lang='lat' dir='ltr'><strong>tos</strong></span> <span class='ocrx_word' id='word_1_206' title='bbox 964 2523 1089 2577; x_wconf 89' lang='lat' dir='ltr'><strong>illos</strong></span> <span class='ocrx_word' id='word_1_207' title='bbox 1113 2521 1205 2591; x_wconf 91' lang='lat' dir='ltr'><strong>qui</strong></span> <span class='ocrx_word' id='word_1_208' title='bbox 1243 2519 1314 2573; x_wconf 85' lang='lat' dir='ltr'><strong>dii</strong></span> <span class='ocrx_word' id='word_1_209' title='bbox 1348 2525 1613 2572; x_wconf 83' lang='lat' dir='ltr'><strong>vocantur</strong></span> <span class='ocrx_word' id='word_1_210' title='bbox 1657 2529 1765 2568; x_wconf 90' lang='lat' dir='ltr'><strong>non</strong></span> <span class='ocrx_word' id='word_1_211' title='bbox 1822 2528 1943 2567; x_wconf 90' lang='lat' dir='ltr'><strong>esse</strong></span> <span class='ocrx_word' id='word_1_212' title='bbox 1982 2511 2286 2581; x_wconf 86' lang='lat' dir='ltr'><strong>quempiam</strong></span> <span class='ocrx_word' id='word_1_213' title='bbox 2328 2508 2403 2563; x_wconf 82' lang='lat' dir='ltr'><strong>si-</strong></span> 
     </span>
    </p>
   </div>
   <div class='ocr_carea' id='block_1_27' title="bbox 846 2598 2401 2668">
    <p class='ocr_par' dir='ltr' id='par_1_27' title="bbox 846 2598 2401 2668">
     <span class='ocr_line' id='line_1_28' title="bbox 846 2598 2401 2668; baseline -0.009 -1"><span class='ocrx_word' id='word_1_214' title='bbox 846 2612 1032 2668; x_wconf 88' lang='lat' dir='ltr'><strong>milem</strong></span> <span class='ocrx_word' id='word_1_215' title='bbox 1072 2610 1182 2666; x_wconf 90' lang='lat' dir='ltr'><strong>Deo</strong></span> <span class='ocrx_word' id='word_1_216' title='bbox 1211 2609 1627 2664; x_wconf 85' lang='lat' dir='ltr'><strong>universorum:</strong></span> <span class='ocrx_word' id='word_1_217' title='bbox 1662 2619 1789 2658; x_wconf 89' lang='lat' dir='ltr'><strong>nam</strong></span> <span class='ocrx_word' id='word_1_218' title='bbox 1832 2603 1886 2656; x_wconf 92' lang='lat' dir='ltr'><strong>in</strong></span> <span class='ocrx_word' id='word_1_219' title='bbox 1917 2616 2025 2655; x_wconf 87' lang='lat' dir='ltr'><strong>uno</strong></span> <span class='ocrx_word' id='word_1_220' title='bbox 2064 2600 2181 2655; x_wconf 90' lang='lat' dir='ltr'><strong>solo</strong></span> <span class='ocrx_word' id='word_1_221' title='bbox 2211 2598 2401 2666; x_wconf 81' lang='lat' dir='ltr'><strong>unige-</strong></span> 
     </span>
    </p>
   </div>
   <div class='ocr_carea' id='block_1_28' title="bbox 846 2688 2401 2772">
    <p class='ocr_par' dir='ltr' id='par_1_28' title="bbox 846 2688 2401 2772">
     <span class='ocr_line' id='line_1_29' title="bbox 846 2688 2401 2772; baseline -0.012 -12"><span class='ocrx_word' id='word_1_222' title='bbox 846 2705 964 2760; x_wconf 84' lang='lat' dir='ltr'><strong>nito</strong></span> <span class='ocrx_word' id='word_1_223' title='bbox 991 2702 1111 2772; x_wconf 87' lang='lat' dir='ltr'><strong>ejus</strong></span> <span class='ocrx_word' id='word_1_224' title='bbox 1141 2700 1317 2757; x_wconf 82' lang='lat' dir='ltr'><strong>Verbo</strong></span> <span class='ocrx_word' id='word_1_225' title='bbox 1337 2740 1354 2764; x_wconf 91' lang='lat'><strong>,</strong></span> <span class='ocrx_word' id='word_1_226' title='bbox 1382 2698 1559 2753; x_wconf 89' lang='lat' dir='ltr'><strong>Patris</strong></span> <span class='ocrx_word' id='word_1_227' title='bbox 1588 2692 1885 2751; x_wconf 89' lang='lat' dir='ltr'><strong>similitudo</strong></span> <span class='ocrx_word' id='word_1_228' title='bbox 1926 2696 2194 2747; x_wconf 86' lang='lat' dir='ltr'><strong>servatur.</strong></span> <span class='ocrx_word' id='word_1_229' title='bbox 2221 2688 2401 2753; x_wconf 85' lang='lat' dir='ltr'><strong>Quare</strong></span> 
     </span>
    </p>
   </div>
   <div class='ocr_carea' id='block_1_29' title="bbox 843 2780 2399 2865">
    <p class='ocr_par' dir='ltr' id='par_1_29' title="bbox 843 2780 2399 2865">
     <span class='ocr_line' id='line_1_30' title="bbox 843 2780 2399 2865; baseline -0.013 -16"><span class='ocrx_word' id='word_1_230' title='bbox 843 2794 1023 2865; x_wconf 81' lang='lat' dir='ltr'><strong>imago</strong></span> <span class='ocrx_word' id='word_1_231' title='bbox 1044 2792 1138 2850; x_wconf 87' lang='lat' dir='ltr'><strong>Dei</strong></span> <span class='ocrx_word' id='word_1_232' title='bbox 1160 2802 1404 2853; x_wconf 84' lang='lat' dir='ltr'><strong>vocatur,</strong></span> <span class='ocrx_word' id='word_1_233' title='bbox 1427 2792 1500 2852; x_wconf 84' lang='lat' dir='ltr'><strong>et,</strong></span> <span class='ocrx_word' id='word_1_234' title='bbox 1526 2787 1665 2841; x_wconf 83' lang='lat' dir='ltr'><strong>Deus</strong></span> <span class='ocrx_word' id='word_1_235' title='bbox 1694 2794 1809 2841; x_wconf 87' lang='lat' dir='ltr'><strong>erat</strong></span> <span class='ocrx_word' id='word_1_236' title='bbox 1845 2782 2066 2837; x_wconf 84' lang='lat' dir='ltr'><strong>Verbum</strong></span> <span class='ocrx_word' id='word_1_237' title='bbox 2093 2782 2171 2843; x_wconf 86' lang='lat'><strong>&quot;;</strong></span> <span class='ocrx_word' id='word_1_238' title='bbox 2222 2780 2294 2833; x_wconf 89' lang='lat' dir='ltr'><strong>ita</strong></span> <span class='ocrx_word' id='word_1_239' title='bbox 2340 2783 2399 2829; x_wconf 90' lang='lat' dir='ltr'><strong>ut</strong></span> 
     </span>
    </p>
   </div>
   <div class='ocr_carea' id='block_1_30' title="bbox 846 2868 2402 2957">
    <p class='ocr_par' dir='ltr' id='par_1_30' title="bbox 846 2868 2402 2957">
     <span class='ocr_line' id='line_1_31' title="bbox 846 2868 2402 2957; baseline -0.013 -16"><span class='ocrx_word' id='word_1_240' title='bbox 846 2887 903 2941; x_wconf 86' lang='lat' dir='ltr'><strong>in</strong></span> <span class='ocrx_word' id='word_1_241' title='bbox 949 2888 1068 2957; x_wconf 90' lang='lat' dir='ltr'><strong>ipso</strong></span> <span class='ocrx_word' id='word_1_242' title='bbox 1118 2885 1236 2941; x_wconf 90' lang='lat' dir='ltr'><strong>solo</strong></span> <span class='ocrx_word' id='word_1_243' title='bbox 1287 2882 1462 2937; x_wconf 89' lang='lat' dir='ltr'><strong>Patris</strong></span> <span class='ocrx_word' id='word_1_244' title='bbox 1512 2877 1810 2935; x_wconf 87' lang='lat' dir='ltr'><strong>similitudo</strong></span> <span class='ocrx_word' id='word_1_245' title='bbox 1857 2881 2247 2945; x_wconf 83' lang='lat' dir='ltr'><strong>conservetur,</strong></span> <span class='ocrx_word' id='word_1_246' title='bbox 2307 2868 2402 2923; x_wconf 89' lang='lat' dir='ltr'><strong>sed</strong></span> 
     </span>
    </p>
   </div>
   <div class='ocr_carea' id='block_1_31' title="bbox 847 2969 1589 3055">
    <p class='ocr_par' dir='ltr' id='par_1_31' title="bbox 847 2969 1589 3055">
     <span class='ocr_line' id='line_1_32' title="bbox 847 2969 1589 3055; baseline -0.009 -26"><span class='ocrx_word' id='word_1_247' title='bbox 847 2990 957 3055; x_wconf 66' lang='lat' dir='ltr'><strong>non</strong></span> <span class='ocrx_word' id='word_1_248' title='bbox 976 2975 1034 3028; x_wconf 89' lang='lat' dir='ltr'><strong>in</strong></span> <span class='ocrx_word' id='word_1_249' title='bbox 1068 2974 1177 3027; x_wconf 89' lang='lat' dir='ltr'><strong>illis</strong></span> <span class='ocrx_word' id='word_1_250' title='bbox 1208 2972 1391 3026; x_wconf 82' lang='lat' dir='ltr'><strong>multis</strong></span> <span class='ocrx_word' id='word_1_251' title='bbox 1412 2969 1540 3024; x_wconf 86' lang='lat' dir='ltr'><strong>diis.</strong></span> <span class='ocrx_word' id='word_1_252' title='bbox 1582 2988 1589 2995; x_wconf 57' lang='grc' dir='ltr'><em>ί</em></span> 
     </span>
    </p>
   </div>
   <div class='ocr_carea' id='block_1_32' title="bbox 2502 657 4055 749">
    <p class='ocr_par' dir='ltr' id='par_1_32' title="bbox 2502 657 4055 749">
     <span class='ocr_line' id='line_1_33' title="bbox 2502 657 4055 749; baseline -0.011 -17"><span class='ocrx_word' id='word_1_253' title='bbox 2502 657 2557 731; x_wconf 70' lang='grc' dir='ltr'><strong>έν</strong></span> <span class='ocrx_word' id='word_1_254' title='bbox 2582 680 2717 749; x_wconf 83' lang='grc' dir='ltr'>ἀρχῇ</span> <span class='ocrx_word' id='word_1_255' title='bbox 2746 674 2834 746; x_wconf 83' lang='grc' dir='ltr'>ἦν,</span> <span class='ocrx_word' id='word_1_256' title='bbox 2862 675 2954 727; x_wconf 73' lang='grc' dir='ltr'><strong>καὶ</strong></span> <span class='ocrx_word' id='word_1_257' title='bbox 2974 671 3107 726; x_wconf 83' lang='grc' dir='ltr'><strong>Θεοῦ</strong></span> <span class='ocrx_word' id='word_1_258' title='bbox 3136 671 3302 738; x_wconf 81' lang='grc' dir='ltr'><strong>Λόγος</strong></span> <span class='ocrx_word' id='word_1_259' title='bbox 3322 665 3408 739; x_wconf 83' lang='grc' dir='ltr'>ἦν,</span> <span class='ocrx_word' id='word_1_260' title='bbox 3430 666 3525 722; x_wconf 81' lang='grc' dir='ltr'>καὶ</span> <span class='ocrx_word' id='word_1_261' title='bbox 3544 666 3677 736; x_wconf 78' lang='grc' dir='ltr'>πρὸς</span> <span class='ocrx_word' id='word_1_262' title='bbox 3704 662 3794 717; x_wconf 79' lang='grc' dir='ltr'>τὸν</span> <span class='ocrx_word' id='word_1_263' title='bbox 3813 661 3945 715; x_wconf 80' lang='grc' dir='ltr'>Θεὸν</span> <span class='ocrx_word' id='word_1_264' title='bbox 3967 657 4055 733; x_wconf 80' lang='grc' dir='ltr'>ἦν,</span> 
     </span>
    </p>
   </div>
   <div class='ocr_carea' id='block_1_33' title="bbox 2502 752 4057 836">
    <p class='ocr_par' dir='ltr' id='par_1_33' title="bbox 2502 752 4057 836">
     <span class='ocr_line' id='line_1_34' title="bbox 2502 752 4057 836; baseline -0.012 -14"><span class='ocrx_word' id='word_1_265' title='bbox 2502 770 2594 822; x_wconf 79' lang='grc' dir='ltr'><strong>καὶ</strong></span> <span class='ocrx_word' id='word_1_266' title='bbox 2624 768 2753 830; x_wconf 83' lang='grc' dir='ltr'><strong>Θεὸς</strong></span> <span class='ocrx_word' id='word_1_267' title='bbox 2781 763 2879 836; x_wconf 73' lang='grc' dir='ltr'><strong>ἦν’</strong></span> <span class='ocrx_word' id='word_1_268' title='bbox 2913 763 3100 833; x_wconf 85' lang='grc' dir='ltr'><strong>διόπερ</strong></span> <span class='ocrx_word' id='word_1_269' title='bbox 3123 762 3219 815; x_wconf 79' lang='grc' dir='ltr'><strong>οὐκ</strong></span> <span class='ocrx_word' id='word_1_270' title='bbox 3250 761 3394 813; x_wconf 80' lang='grc' dir='ltr'>ἐστιν</span> <span class='ocrx_word' id='word_1_271' title='bbox 3420 760 3601 828; x_wconf 86' lang='grc' dir='ltr'>ὅμοιος</span> <span class='ocrx_word' id='word_1_272' title='bbox 3627 753 3775 824; x_wconf 84' lang='grc' dir='ltr'>αὑτῷ</span> <span class='ocrx_word' id='word_1_273' title='bbox 3806 755 3862 805; x_wconf 83' lang='grc' dir='ltr'><strong>ἐν</strong></span> <span class='ocrx_word' id='word_1_274' title='bbox 3896 752 4057 816; x_wconf 80' lang='grc' dir='ltr'><strong>Θεοῖς,</strong></span> 
     </span>
    </p>
   </div>
   <div class='ocr_carea' id='block_1_34' title="bbox 2502 845 4059 929">
    <p class='ocr_par' dir='ltr' id='par_1_34' title="bbox 2502 845 4059 929">
     <span class='ocr_line' id='line_1_35' title="bbox 2502 845 4059 929; baseline -0.011 -16"><span class='ocrx_word' id='word_1_275' title='bbox 2502 862 2597 929; x_wconf 63' lang='grc' dir='ltr'><strong>και</strong></span> <span class='ocrx_word' id='word_1_276' title='bbox 2626 859 2783 929; x_wconf 85' lang='grc' dir='ltr'>μόνος</span> <span class='ocrx_word' id='word_1_277' title='bbox 2811 858 2970 920; x_wconf 82' lang='grc' dir='ltr'>αὐτὸς</span> <span class='ocrx_word' id='word_1_278' title='bbox 2996 857 3072 919; x_wconf 87' lang='grc' dir='ltr'>ὠς</span> <span class='ocrx_word' id='word_1_279' title='bbox 3089 857 3146 907; x_wconf 87' lang='grc' dir='ltr'>ὲν</span> <span class='ocrx_word' id='word_1_280' title='bbox 3174 853 3315 917; x_wconf 81' lang='grc' dir='ltr'>θεοῖς</span> <span class='ocrx_word' id='word_1_281' title='bbox 3342 853 3425 920; x_wconf 79' lang='grc' dir='ltr'>εἴη</span> <span class='ocrx_word' id='word_1_282' title='bbox 3449 850 3513 903; x_wconf 85' lang='grc' dir='ltr'><strong>ἂν</strong></span> <span class='ocrx_word' id='word_1_283' title='bbox 3541 848 3693 913; x_wconf 80' lang='grc' dir='ltr'>Θεὸς,</span> <span class='ocrx_word' id='word_1_284' title='bbox 3718 845 3927 909; x_wconf 78' lang='grc' dir='ltr'>οὐδενὸς</span> <span class='ocrx_word' id='word_1_285' title='bbox 3953 845 4059 898; x_wconf 87' lang='grc' dir='ltr'><strong>τῶν</strong></span> 
     </span>
    </p>
   </div>
   <div class='ocr_carea' id='block_1_35' title="bbox 2501 926 4061 1018">
    <p class='ocr_par' dir='ltr' id='par_1_35' title="bbox 2501 926 4061 1018">
     <span class='ocr_line' id='line_1_36' title="bbox 2501 926 4061 1018; baseline -0.01 -17"><span class='ocrx_word' id='word_1_286' title='bbox 2501 926 2803 1018; x_wconf 52' lang='grc' dir='ltr'>λείομένων</span> <span class='ocrx_word' id='word_1_287' title='bbox 2826 946 3031 999; x_wconf 82' lang='grc' dir='ltr'>πολλῶν</span> <span class='ocrx_word' id='word_1_288' title='bbox 3057 944 3193 998; x_wconf 86' lang='grc' dir='ltr'>θεῶν</span> <span class='ocrx_word' id='word_1_289' title='bbox 3218 945 3273 996; x_wconf 78' lang='grc' dir='ltr'>ὲν</span> <span class='ocrx_word' id='word_1_290' title='bbox 3302 944 3367 1012; x_wconf 82' lang='grc' dir='ltr'>τῇ</span> <span class='ocrx_word' id='word_1_291' title='bbox 3402 936 3564 993; x_wconf 79' lang='grc' dir='ltr'>αὐτοῦ</span> <span class='ocrx_word' id='word_1_292' title='bbox 3590 935 3884 1009; x_wconf 78' lang='grc' dir='ltr'>παραθέσει</span> <span class='ocrx_word' id='word_1_293' title='bbox 3907 935 4061 987; x_wconf 87' lang='grc' dir='ltr'>δυνα-</span> 
     </span>
    </p>
   </div>
   <div class='ocr_carea' id='block_1_36' title="bbox 2505 1024 4059 1109">
    <p class='ocr_par' dir='ltr' id='par_1_36' title="bbox 2505 1024 4059 1109">
     <span class='ocr_line' id='line_1_37' title="bbox 2505 1024 4059 1109; baseline -0.012 -17"><span class='ocrx_word' id='word_1_294' title='bbox 2505 1042 2666 1109; x_wconf 89' lang='grc' dir='ltr'>μένου</span> <span class='ocrx_word' id='word_1_295' title='bbox 2706 1028 3059 1107; x_wconf 77' lang='grc' dir='ltr'>χρηματίζειν</span> <span class='ocrx_word' id='word_1_296' title='bbox 3087 1032 3244 1086; x_wconf 83' lang='grc' dir='ltr'>Θεοῦ.</span> <span class='ocrx_word' id='word_1_297' title='bbox 3278 1030 3467 1092; x_wconf 78' lang='grc' dir='ltr'>’Δλλος</span> <span class='ocrx_word' id='word_1_298' title='bbox 3488 1028 3545 1081; x_wconf 85' lang='grc' dir='ltr'>δὲ</span> <span class='ocrx_word' id='word_1_299' title='bbox 3580 1026 3667 1080; x_wconf 85' lang='grc' dir='ltr'>διὰ</span> <span class='ocrx_word' id='word_1_300' title='bbox 3700 1025 3762 1079; x_wconf 79' lang='grc' dir='ltr'><strong>τὸ</strong></span> <span class='ocrx_word' id='word_1_301' title='bbox 3805 1024 4059 1094; x_wconf 72' lang='grc' dir='ltr'>ἐπιφέρε-</span> 
     </span>
    </p>
   </div>
   <div class='ocr_carea' id='block_1_37' title="bbox 2503 1114 4060 1191">
    <p class='ocr_par' dir='ltr' id='par_1_37' title="bbox 2503 1114 4060 1191">
     <span class='ocr_line' id='line_1_38' title="bbox 2503 1114 4060 1191; baseline -0.012 -5"><span class='ocrx_word' id='word_1_302' title='bbox 2503 1132 2625 1186; x_wconf 82' lang='grc' dir='ltr'><strong>σθαι</strong></span> <span class='ocrx_word' id='word_1_303' title='bbox 2654 1134 2785 1186; x_wconf 81' lang='grc' dir='ltr'>πᾶσι</span> <span class='ocrx_word' id='word_1_304' title='bbox 2824 1130 3033 1191; x_wconf 78' lang='grc' dir='ltr'>τούτοις</span> <span class='ocrx_word' id='word_1_305' title='bbox 3062 1128 3142 1190; x_wconf 82' lang='grc' dir='ltr'><strong>τὸ,</strong></span> <span class='ocrx_word' id='word_1_306' title='bbox 3175 1128 3254 1180; x_wconf 86' lang='grc' dir='ltr'>ὅτι</span> <span class='ocrx_word' id='word_1_307' title='bbox 3290 1124 3371 1178; x_wconf 85' lang='grc' dir='ltr'><strong>Σὺ</strong></span> <span class='ocrx_word' id='word_1_308' title='bbox 3403 1123 3460 1177; x_wconf 83' lang='grc' dir='ltr'>εἶ</span> <span class='ocrx_word' id='word_1_309' title='bbox 3489 1114 3632 1187; x_wconf 80' lang='grc' dir='ltr'>Θεὸς</span> <span class='ocrx_word' id='word_1_310' title='bbox 3663 1120 3872 1188; x_wconf 82' lang='grc' dir='ltr'>μόνος,</span> <span class='ocrx_word' id='word_1_311' title='bbox 3916 1114 4060 1169; x_wconf 67' lang='grc' dir='ltr'>εἴποι</span> 
     </span>
    </p>
   </div>
   <div class='ocr_carea' id='block_1_38' title="bbox 2503 1204 4062 1296">
    <p class='ocr_par' dir='ltr' id='par_1_38' title="bbox 2503 1204 4062 1296">
     <span class='ocr_line' id='line_1_39' title="bbox 2503 1204 4062 1296; baseline -0.015 -17"><span class='ocrx_word' id='word_1_312' title='bbox 2503 1226 2569 1279; x_wconf 85' lang='grc' dir='ltr'><strong>ἂν</strong></span> <span class='ocrx_word' id='word_1_313' title='bbox 2596 1224 2728 1296; x_wconf 84' lang='grc' dir='ltr'>πρὸς</span> <span class='ocrx_word' id='word_1_314' title='bbox 2750 1223 2837 1275; x_wconf 84' lang='grc' dir='ltr'><strong>τὸν</strong></span> <span class='ocrx_word' id='word_1_315' title='bbox 2860 1221 3076 1290; x_wconf 82' lang='grc' dir='ltr'><strong>Πατέρα</strong></span> <span class='ocrx_word' id='word_1_316' title='bbox 3096 1219 3188 1271; x_wconf 67' lang='grc' dir='ltr'>καὶ</span> <span class='ocrx_word' id='word_1_317' title='bbox 3202 1216 3330 1269; x_wconf 83' lang='grc' dir='ltr'>Θεὸν</span> <span class='ocrx_word' id='word_1_318' title='bbox 3356 1214 3462 1267; x_wconf 90' lang='grc' dir='ltr'><strong>τῶν</strong></span> <span class='ocrx_word' id='word_1_319' title='bbox 3486 1212 3620 1266; x_wconf 85' lang='grc' dir='ltr'>ὅλων</span> <span class='ocrx_word' id='word_1_320' title='bbox 3643 1208 3711 1263; x_wconf 86' lang='grc' dir='ltr'><strong>τὰ</strong></span> <span class='ocrx_word' id='word_1_321' title='bbox 3734 1204 4062 1287; x_wconf 74' lang='grc' dir='ltr'>προκείμενα</span> 
     </span>
    </p>
   </div>
   <div class='ocr_carea' id='block_1_39' title="bbox 2502 1284 4060 1382">
    <p class='ocr_par' dir='ltr' id='par_1_39' title="bbox 2502 1284 4060 1382">
     <span class='ocr_line' id='line_1_40' title="bbox 2502 1284 4060 1382; baseline -0.015 -12"><span class='ocrx_word' id='word_1_322' title='bbox 2502 1284 2677 1369; x_wconf 73' lang='grc' dir='ltr'>πάντα</span> <span class='ocrx_word' id='word_1_323' title='bbox 2709 1284 2796 1368; x_wconf 78' lang='grc' dir='ltr'>διὰ</span> <span class='ocrx_word' id='word_1_324' title='bbox 2839 1312 2938 1382; x_wconf 80' lang='grc' dir='ltr'>τῆς</span> <span class='ocrx_word' id='word_1_325' title='bbox 2970 1284 3131 1379; x_wconf 79' lang='grc' dir='ltr'>εύχῆς</span> <span class='ocrx_word' id='word_1_326' title='bbox 3174 1302 3619 1376; x_wconf 78' lang='grc' dir='ltr'>ἀναπέμπεσθαι·</span> <span class='ocrx_word' id='word_1_327' title='bbox 3651 1302 3717 1371; x_wconf 76' lang='grc' dir='ltr'>τῇ</span> <span class='ocrx_word' id='word_1_328' title='bbox 3758 1298 3866 1369; x_wconf 82' lang='grc' dir='ltr'><strong>γὰρ</strong></span> <span class='ocrx_word' id='word_1_329' title='bbox 3898 1284 4060 1351; x_wconf 81' lang='grc' dir='ltr'>αὑτοῦ</span> 
     </span>
    </p>
   </div>
   <div class='ocr_carea' id='block_1_40' title="bbox 2500 1386 4064 1479">
    <p class='ocr_par' dir='ltr' id='par_1_40' title="bbox 2500 1386 4064 1479">
     <span class='ocr_line' id='line_1_41' title="bbox 2500 1386 4064 1479; baseline -0.015 -18"><span class='ocrx_word' id='word_1_330' title='bbox 2500 1407 2675 1479; x_wconf 80' lang='grc' dir='ltr'>δωρεᾷ</span> <span class='ocrx_word' id='word_1_331' title='bbox 2690 1405 2781 1457; x_wconf 77' lang='grc' dir='ltr'><strong>καὶ</strong></span> <span class='ocrx_word' id='word_1_332' title='bbox 2797 1404 2977 1476; x_wconf 81' lang='grc' dir='ltr'>χάριτι</span> <span class='ocrx_word' id='word_1_333' title='bbox 3005 1403 3038 1472; x_wconf 78' lang='grc' dir='ltr'><strong>ἡ</strong></span> <span class='ocrx_word' id='word_1_334' title='bbox 3068 1388 3257 1468; x_wconf 81' lang='grc' dir='ltr'>κλῆ’σις</span> <span class='ocrx_word' id='word_1_335' title='bbox 3272 1396 3378 1450; x_wconf 90' lang='grc' dir='ltr'><strong>τῶν</strong></span> <span class='ocrx_word' id='word_1_336' title='bbox 3404 1393 3570 1448; x_wconf 78' lang='grc' dir='ltr'>ἐθνῶν</span> <span class='ocrx_word' id='word_1_337' title='bbox 3596 1392 3683 1446; x_wconf 82' lang='grc' dir='ltr'>διὰ</span> <span class='ocrx_word' id='word_1_338' title='bbox 3702 1390 3797 1444; x_wconf 90' lang='grc' dir='ltr'><strong>τοῦ</strong></span> <span class='ocrx_word' id='word_1_339' title='bbox 3821 1387 3952 1442; x_wconf 81' lang='grc' dir='ltr'>Υίοῦ</span> <span class='ocrx_word' id='word_1_340' title='bbox 3975 1386 4064 1440; x_wconf 80' lang='grc' dir='ltr'>αύ-</span> 
     </span>
    </p>
   </div>
   <div class='ocr_carea' id='block_1_41' title="bbox 2499 1475 4065 1564">
    <p class='ocr_par' dir='ltr' id='par_1_41' title="bbox 2499 1475 4065 1564">
     <span class='ocr_line' id='line_1_42' title="bbox 2499 1475 4065 1564; baseline -0.014 -14"><span class='ocrx_word' id='word_1_341' title='bbox 2499 1475 2592 1550; x_wconf 89' lang='grc' dir='ltr'><strong>τοῦ</strong></span> <span class='ocrx_word' id='word_1_342' title='bbox 2619 1475 2805 1564; x_wconf 78' lang='grc' dir='ltr'>γέγονε</span> <span class='ocrx_word' id='word_1_343' title='bbox 2827 1510 2840 1523; x_wconf 81' lang='grc'><em>”</em></span> <span class='ocrx_word' id='word_1_344' title='bbox 2871 1494 2964 1546; x_wconf 77' lang='grc' dir='ltr'>καὶ</span> <span class='ocrx_word' id='word_1_345' title='bbox 2985 1490 3145 1551; x_wconf 79' lang='grc' dir='ltr'>αὐτὸς</span> <span class='ocrx_word' id='word_1_346' title='bbox 3170 1483 3236 1558; x_wconf 82' lang='grc' dir='ltr'>ἦν</span> <span class='ocrx_word' id='word_1_347' title='bbox 3263 1488 3291 1538; x_wconf 84' lang='grc' dir='ltr'>ὁ</span> <span class='ocrx_word' id='word_1_348' title='bbox 3314 1484 3422 1538; x_wconf 87' lang='grc' dir='ltr'><strong>τῶν</strong></span> <span class='ocrx_word' id='word_1_349' title='bbox 3445 1483 3577 1537; x_wconf 84' lang='grc' dir='ltr'>ὅλων</span> <span class='ocrx_word' id='word_1_350' title='bbox 3610 1480 3831 1549; x_wconf 74' lang='grc' dir='ltr'>κτίστης</span> <span class='ocrx_word' id='word_1_351' title='bbox 3864 1477 3957 1531; x_wconf 76' lang='grc' dir='ltr'>καὶ</span> <span class='ocrx_word' id='word_1_352' title='bbox 3974 1475 4065 1546; x_wconf 78' lang='grc' dir='ltr'>δη-</span> 
     </span>
    </p>
   </div>
   <div class='ocr_carea' id='block_1_42' title="bbox 2504 1571 4064 1659">
    <p class='ocr_par' dir='ltr' id='par_1_42' title="bbox 2504 1571 4064 1659">
     <span class='ocr_line' id='line_1_43' title="bbox 2504 1571 4064 1659; baseline -0.026 -1"><span class='ocrx_word' id='word_1_353' title='bbox 2504 1589 2758 1659; x_wconf 83' lang='grc' dir='ltr'>μιουργδς</span> <span class='ocrx_word' id='word_1_354' title='bbox 2787 1587 2880 1639; x_wconf 76' lang='grc' dir='ltr'>καὶ</span> <span class='ocrx_word' id='word_1_355' title='bbox 2903 1582 3129 1653; x_wconf 80' lang='grc' dir='ltr'>ποιητὴς</span> <span class='ocrx_word' id='word_1_356' title='bbox 3156 1580 3245 1634; x_wconf 82' lang='grc' dir='ltr'>διὰ</span> <span class='ocrx_word' id='word_1_357' title='bbox 3276 1578 3369 1632; x_wconf 89' lang='grc' dir='ltr'><strong>τοῦ</strong></span> <span class='ocrx_word' id='word_1_358' title='bbox 3402 1574 3526 1629; x_wconf 84' lang='grc' dir='ltr'>Υίοῦ</span> <span class='ocrx_word' id='word_1_359' title='bbox 3557 1574 3625 1629; x_wconf 78' lang='grc' dir='ltr'>τὰ</span> <span class='ocrx_word' id='word_1_360' title='bbox 3657 1571 3833 1626; x_wconf 82' lang='grc' dir='ltr'>πάντα</span> <span class='ocrx_word' id='word_1_361' title='bbox 3864 1585 4064 1655; x_wconf 56' lang='grc' dir='ltr'>συστηέ</span> 
     </span>
    </p>
   </div>
   <div class='ocr_carea' id='block_1_43' title="bbox 2502 1652 4066 1750">
    <p class='ocr_par' dir='ltr' id='par_1_43' title="bbox 2502 1652 4066 1750">
     <span class='ocr_line' id='line_1_44' title="bbox 2502 1652 4066 1750; baseline -0.013 -16"><span class='ocrx_word' id='word_1_362' title='bbox 2502 1652 2750 1750; x_wconf 41' lang='grc' dir='ltr'>σαμε-νος,</span> <span class='ocrx_word' id='word_1_363' title='bbox 2786 1678 2853 1730; x_wconf 82' lang='grc' dir='ltr'>τά</span> <span class='ocrx_word' id='word_1_364' title='bbox 2876 1693 2936 1729; x_wconf 86' lang='grc' dir='ltr'><strong>τε</strong></span> <span class='ocrx_word' id='word_1_365' title='bbox 2966 1652 3038 1727; x_wconf 52' lang='grc' dir='ltr'><strong>νὲν</strong></span> <span class='ocrx_word' id='word_1_366' title='bbox 3067 1652 3277 1744; x_wconf 84' lang='grc' dir='ltr'>ούρανῷ</span> <span class='ocrx_word' id='word_1_367' title='bbox 3313 1668 3405 1723; x_wconf 85' lang='grc' dir='ltr'><strong>καί</strong></span> <span class='ocrx_word' id='word_1_368' title='bbox 3436 1667 3506 1721; x_wconf 80' lang='grc' dir='ltr'>τὰ</span> <span class='ocrx_word' id='word_1_369' title='bbox 3543 1666 3635 1720; x_wconf 77' lang='grc' dir='ltr'><strong>ἐπὶ</strong></span> <span class='ocrx_word' id='word_1_370' title='bbox 3665 1665 3764 1735; x_wconf 85' lang='grc' dir='ltr'>τῆς</span> <span class='ocrx_word' id='word_1_371' title='bbox 3794 1663 3900 1733; x_wconf 79' lang='grc' dir='ltr'><strong>γῆς</strong></span> <span class='ocrx_word' id='word_1_372' title='bbox 3922 1678 3937 1693; x_wconf 78' lang='grc'><em>’</em></span> <span class='ocrx_word' id='word_1_373' title='bbox 3972 1652 4066 1714; x_wconf 80' lang='grc' dir='ltr'><strong>καὶ</strong></span> 
     </span>
    </p>
   </div>
   <div class='ocr_carea' id='block_1_44' title="bbox 2502 1751 4067 1840">
    <p class='ocr_par' dir='ltr' id='par_1_44' title="bbox 2502 1751 4067 1840">
     <span class='ocr_line' id='line_1_45' title="bbox 2502 1751 4067 1840; baseline -0.013 -16"><span class='ocrx_word' id='word_1_374' title='bbox 2502 1773 2660 1834; x_wconf 84' lang='grc' dir='ltr'>αὐτὸς</span> <span class='ocrx_word' id='word_1_375' title='bbox 2691 1767 2757 1840; x_wconf 78' lang='grc' dir='ltr'>ἦν</span> <span class='ocrx_word' id='word_1_376' title='bbox 2784 1771 2813 1821; x_wconf 85' lang='grc' dir='ltr'>ὁ</span> <span class='ocrx_word' id='word_1_377' title='bbox 2845 1767 3021 1821; x_wconf 84' lang='grc' dir='ltr'>πάντα</span> <span class='ocrx_word' id='word_1_378' title='bbox 3054 1763 3541 1833; x_wconf 76' lang='grc' dir='ltr'>θαυματουργήσας</span> <span class='ocrx_word' id='word_1_379' title='bbox 3579 1756 3667 1811; x_wconf 81' lang='grc' dir='ltr'>διὰ</span> <span class='ocrx_word' id='word_1_380' title='bbox 3697 1754 3789 1809; x_wconf 90' lang='grc' dir='ltr'><strong>τοῦ</strong></span> <span class='ocrx_word' id='word_1_381' title='bbox 3819 1752 3971 1818; x_wconf 80' lang='grc' dir='ltr'>Υίοῦ,</span> <span class='ocrx_word' id='word_1_382' title='bbox 3998 1751 4067 1805; x_wconf 80' lang='grc' dir='ltr'>τά</span> 
     </span>
    </p>
   </div>
   <div class='ocr_carea' id='block_1_45' title="bbox 2500 1843 4061 1931">
    <p class='ocr_par' dir='ltr' id='par_1_45' title="bbox 2500 1843 4061 1931">
     <span class='ocr_line' id='line_1_46' title="bbox 2500 1843 4061 1931; baseline -0.012 -16"><span class='ocrx_word' id='word_1_383' title='bbox 2500 1881 2559 1915; x_wconf 88' lang='grc' dir='ltr'><strong>τε</strong></span> <span class='ocrx_word' id='word_1_384' title='bbox 2589 1862 2729 1916; x_wconf 81' lang='grc' dir='ltr'>κατὰ</span> <span class='ocrx_word' id='word_1_385' title='bbox 2755 1861 2851 1931; x_wconf 82' lang='grc' dir='ltr'><strong>τὴν</strong></span> <span class='ocrx_word' id='word_1_386' title='bbox 2885 1856 3126 1911; x_wconf 84' lang='grc' dir='ltr'>Παλαιὰν</span> <span class='ocrx_word' id='word_1_387' title='bbox 3158 1852 3428 1924; x_wconf 79' lang='grc' dir='ltr'>Διαθήκην</span> <span class='ocrx_word' id='word_1_388' title='bbox 3479 1848 3852 1921; x_wconf 82' lang='grc' dir='ltr'>ἱστορούμενα,</span> <span class='ocrx_word' id='word_1_389' title='bbox 3880 1844 3975 1898; x_wconf 76' lang='grc' dir='ltr'>καὶ</span> <span class='ocrx_word' id='word_1_390' title='bbox 3992 1843 4061 1897; x_wconf 67' lang='grc' dir='ltr'>τὰ</span> 
     </span>
    </p>
   </div>
   <div class='ocr_carea' id='block_1_46' title="bbox 2502 1935 4066 2025">
    <p class='ocr_par' dir='ltr' id='par_1_46' title="bbox 2502 1935 4066 2025">
     <span class='ocr_line' id='line_1_47' title="bbox 2502 1935 4066 2025; baseline -0.015 -15"><span class='ocrx_word' id='word_1_391' title='bbox 2502 1959 2560 2010; x_wconf 83' lang='grc' dir='ltr'><strong>ὲν</strong></span> <span class='ocrx_word' id='word_1_392' title='bbox 2584 1957 2649 2025; x_wconf 79' lang='grc' dir='ltr'>τῇ</span> <span class='ocrx_word' id='word_1_393' title='bbox 2668 1956 2838 2023; x_wconf 80' lang='grc' dir='ltr'>Καινῇ</span> <span class='ocrx_word' id='word_1_394' title='bbox 2864 1946 3346 2020; x_wconf 80' lang='grc' dir='ltr'>ἀναγεγραμμένα⁶</span> <span class='ocrx_word' id='word_1_395' title='bbox 3371 1944 3450 1998; x_wconf 84' lang='grc' dir='ltr'><strong>διὸ</strong></span> <span class='ocrx_word' id='word_1_396' title='bbox 3477 1940 3749 2010; x_wconf 85' lang='grc' dir='ltr'>λέγεσθαι,</span> <span class='ocrx_word' id='word_1_397' title='bbox 3782 1935 4066 1991; x_wconf 62' lang='grc' dir='ltr'>Οὐκοὲστι</span> 
     </span>
    </p>
   </div>
   <div class='ocr_carea' id='block_1_47' title="bbox 2505 2024 4068 2111">
    <p class='ocr_par' dir='ltr' id='par_1_47' title="bbox 2505 2024 4068 2111">
     <span class='ocr_line' id='line_1_48' title="bbox 2505 2024 4068 2111; baseline -0.013 -12"><span class='ocrx_word' id='word_1_398' title='bbox 2505 2024 2654 2099; x_wconf 78' lang='grc' dir='ltr'>κατὰ</span> <span class='ocrx_word' id='word_1_399' title='bbox 2696 2044 2766 2097; x_wconf 86' lang='grc' dir='ltr'>τὰ</span> <span class='ocrx_word' id='word_1_400' title='bbox 2800 2043 2944 2111; x_wconf 68' lang='grc' dir='ltr'>ἔργα</span> <span class='ocrx_word' id='word_1_401' title='bbox 2965 2054 3116 2095; x_wconf 67' lang='lat' dir='ltr'><strong>«Iov-</strong></span> <span class='ocrx_word' id='word_1_402' title='bbox 3145 2039 3260 2101; x_wconf 75' lang='grc' dir='ltr'>καὶ,</span> <span class='ocrx_word' id='word_1_403' title='bbox 3303 2034 3501 2104; x_wconf 75' lang='grc' dir='ltr'>Μέγας</span> <span class='ocrx_word' id='word_1_404' title='bbox 3533 2032 3589 2085; x_wconf 84' lang='grc' dir='ltr'>εἷ</span> <span class='ocrx_word' id='word_1_405' title='bbox 3611 2030 3713 2095; x_wconf 85' lang='grc' dir='ltr'>σὺ,</span> <span class='ocrx_word' id='word_1_406' title='bbox 3744 2028 3842 2083; x_wconf 73' lang='grc' dir='ltr'><strong>καί</strong></span> <span class='ocrx_word' id='word_1_407' title='bbox 3882 2024 4068 2081; x_wconf 80' lang='grc' dir='ltr'>ποιῶν</span> 
     </span>
    </p>
   </div>
   <div class='ocr_carea' id='block_1_48' title="bbox 2506 2116 4069 2204">
    <p class='ocr_par' dir='ltr' id='par_1_48' title="bbox 2506 2116 4069 2204">
     <span class='ocr_line' id='line_1_49' title="bbox 2506 2116 4069 2204; baseline -0.015 -13"><span class='ocrx_word' id='word_1_408' title='bbox 2506 2135 2819 2204; x_wconf 81' lang='grc' dir='ltr'>θαυμάσια,</span> <span class='ocrx_word' id='word_1_409' title='bbox 2848 2132 2930 2186; x_wconf 88' lang='grc' dir='ltr'>σὺ</span> <span class='ocrx_word' id='word_1_410' title='bbox 2952 2128 3007 2185; x_wconf 82' lang='grc' dir='ltr'>εἷ</span> <span class='ocrx_word' id='word_1_411' title='bbox 3028 2134 3060 2184; x_wconf 86' lang='grc' dir='ltr'><strong>ό</strong></span> <span class='ocrx_word' id='word_1_412' title='bbox 3091 2130 3234 2194; x_wconf 84' lang='grc' dir='ltr'>Θεὸς</span> <span class='ocrx_word' id='word_1_413' title='bbox 3248 2127 3451 2197; x_wconf 85' lang='grc' dir='ltr'>μόνος.</span> <span class='ocrx_word' id='word_1_414' title='bbox 3484 2124 3555 2178; x_wconf 84' lang='grc' dir='ltr'>Τὸ</span> <span class='ocrx_word' id='word_1_415' title='bbox 3582 2123 3658 2188; x_wconf 82' lang='grc' dir='ltr'>δὲ,</span> <span class='ocrx_word' id='word_1_416' title='bbox 3686 2121 3894 2190; x_wconf 83' lang='grc' dir='ltr'>μόνος,</span> <span class='ocrx_word' id='word_1_417' title='bbox 3919 2116 4069 2187; x_wconf 69' lang='grc' dir='ltr'>εἴρη-</span> 
     </span>
    </p>
   </div>
   <div class='ocr_carea' id='block_1_49' title="bbox 2504 2209 4067 2291">
    <p class='ocr_par' dir='ltr' id='par_1_49' title="bbox 2504 2209 4067 2291">
     <span class='ocr_line' id='line_1_50' title="bbox 2504 2209 4067 2291; baseline -0.013 -12"><span class='ocrx_word' id='word_1_418' title='bbox 2504 2243 2592 2279; x_wconf 90' lang='grc' dir='ltr'><strong>ται</strong></span> <span class='ocrx_word' id='word_1_419' title='bbox 2626 2225 2716 2278; x_wconf 72' lang='grc' dir='ltr'><strong>καὶ</strong></span> <span class='ocrx_word' id='word_1_420' title='bbox 2749 2223 2851 2276; x_wconf 83' lang='grc' dir='ltr'><strong>ὑπὸ</strong></span> <span class='ocrx_word' id='word_1_421' title='bbox 2882 2222 2973 2276; x_wconf 88' lang='grc' dir='ltr'><strong>τοῦ</strong></span> <span class='ocrx_word' id='word_1_422' title='bbox 3001 2220 3252 2291; x_wconf 80' lang='grc' dir='ltr'>Σωτῆρος</span> <span class='ocrx_word' id='word_1_423' title='bbox 3280 2217 3434 2289; x_wconf 75' lang='grc' dir='ltr'>ἡμῶν</span> <span class='ocrx_word' id='word_1_424' title='bbox 3464 2214 3601 2286; x_wconf 81' lang='grc' dir='ltr'>πρὸς</span> <span class='ocrx_word' id='word_1_425' title='bbox 3646 2213 3735 2266; x_wconf 84' lang='grc' dir='ltr'><strong>τὸν</strong></span> <span class='ocrx_word' id='word_1_426' title='bbox 3767 2209 3985 2281; x_wconf 84' lang='grc' dir='ltr'>Πατέρα</span> <span class='ocrx_word' id='word_1_427' title='bbox 4011 2209 4067 2259; x_wconf 85' lang='grc' dir='ltr'>ὲν</span> 
     </span>
    </p>
   </div>
   <div class='ocr_carea' id='block_1_50' title="bbox 2503 2292 4095 2386">
    <p class='ocr_par' dir='ltr' id='par_1_50' title="bbox 2503 2292 4095 2386">
     <span class='ocr_line' id='line_1_51' title="bbox 2503 2292 4095 2386; baseline -0.014 -16"><span class='ocrx_word' id='word_1_428' title='bbox 2503 2315 2602 2386; x_wconf 81' lang='grc' dir='ltr'>τῷ,</span> <span class='ocrx_word' id='word_1_429' title='bbox 2638 2315 2769 2369; x_wconf 84' lang='grc' dir='ltr'>Ἵνα</span> <span class='ocrx_word' id='word_1_430' title='bbox 2792 2311 3128 2382; x_wconf 76' lang='grc' dir='ltr'>γινώσκωσι</span> <span class='ocrx_word' id='word_1_431' title='bbox 3148 2325 3223 2363; x_wconf 86' lang='grc' dir='ltr'><strong>σε</strong></span> <span class='ocrx_word' id='word_1_432' title='bbox 3254 2309 3357 2361; x_wconf 83' lang='grc' dir='ltr'>τὸν</span> <span class='ocrx_word' id='word_1_433' title='bbox 3374 2306 3563 2375; x_wconf 82' lang='grc' dir='ltr'>μόνον</span> <span class='ocrx_word' id='word_1_434' title='bbox 3587 2299 3877 2369; x_wconf 71' lang='grc' dir='ltr'>ἀληθινὸν</span> <span class='ocrx_word' id='word_1_435' title='bbox 3897 2298 4065 2352; x_wconf 86' lang='grc' dir='ltr'>Θεόν.</span> <span class='ocrx_word' id='word_1_436' title='bbox 4092 2292 4095 2295; x_wconf 51' lang='grc'>“</span> 
     </span>
    </p>
   </div>
   <div class='ocr_carea' id='block_1_51' title="bbox 2518 2388 4066 2474">
    <p class='ocr_par' dir='ltr' id='par_1_51' title="bbox 2518 2388 4066 2474">
     <span class='ocr_line' id='line_1_52' title="bbox 2518 2388 4066 2474; baseline -0.014 -13"><span class='ocrx_word' id='word_1_437' title='bbox 2518 2407 2667 2461; x_wconf 72' lang='grc' dir='ltr'>Ἐπεὶ</span> <span class='ocrx_word' id='word_1_438' title='bbox 2698 2407 2755 2459; x_wconf 79' lang='grc' dir='ltr'>δὲ</span> <span class='ocrx_word' id='word_1_439' title='bbox 2786 2402 2883 2474; x_wconf 79' lang='grc' dir='ltr'>τῆς</span> <span class='ocrx_word' id='word_1_440' title='bbox 2915 2402 3007 2456; x_wconf 93' lang='grc' dir='ltr'><strong>τοῦ</strong></span> <span class='ocrx_word' id='word_1_441' title='bbox 3030 2400 3239 2470; x_wconf 83' lang='grc' dir='ltr'>Πατρὸς</span> <span class='ocrx_word' id='word_1_442' title='bbox 3271 2398 3520 2467; x_wconf 79' lang='grc' dir='ltr'>θεότητος</span> <span class='ocrx_word' id='word_1_443' title='bbox 3551 2391 3804 2453; x_wconf 75' lang='grc' dir='ltr'>κοινωνὸς</span> <span class='ocrx_word' id='word_1_444' title='bbox 3834 2388 4066 2459; x_wconf 75' lang='grc' dir='ltr'>ὑπάρχει</span> 
     </span>
    </p>
   </div>
   <div class='ocr_carea' id='block_1_52' title="bbox 2504 2480 4064 2567">
    <p class='ocr_par' dir='ltr' id='par_1_52' title="bbox 2504 2480 4064 2567">
     <span class='ocr_line' id='line_1_53' title="bbox 2504 2480 4064 2567; baseline -0.015 -15"><span class='ocrx_word' id='word_1_445' title='bbox 2504 2501 2533 2552; x_wconf 87' lang='grc' dir='ltr'><strong>ό</strong></span> <span class='ocrx_word' id='word_1_446' title='bbox 2562 2497 2705 2561; x_wconf 81' lang='grc' dir='ltr'>Υἱὸς,</span> <span class='ocrx_word' id='word_1_447' title='bbox 2738 2498 2837 2567; x_wconf 82' lang='grc' dir='ltr'>τῆς</span> <span class='ocrx_word' id='word_1_448' title='bbox 2865 2494 3033 2564; x_wconf 80' lang='grc' dir='ltr'>αὐτῆς</span> <span class='ocrx_word' id='word_1_449' title='bbox 3086 2491 3308 2562; x_wconf 85' lang='grc' dir='ltr'>μέτοχος</span> <span class='ocrx_word' id='word_1_450' title='bbox 3350 2486 3426 2541; x_wconf 81' lang='grc' dir='ltr'><strong>ὢν</strong></span> <span class='ocrx_word' id='word_1_451' title='bbox 3458 2483 3749 2557; x_wconf 74' lang='grc' dir='ltr'>βασιλείας,</span> <span class='ocrx_word' id='word_1_452' title='bbox 3782 2480 3876 2535; x_wconf 74' lang='grc' dir='ltr'><strong>ἅτε</strong></span> <span class='ocrx_word' id='word_1_453' title='bbox 3908 2495 4064 2550; x_wconf 83' lang='grc' dir='ltr'>μονο-</span> 
     </span>
    </p>
   </div>
   <div class='ocr_carea' id='block_1_53' title="bbox 2505 2570 4069 2661">
    <p class='ocr_par' dir='ltr' id='par_1_53' title="bbox 2505 2570 4069 2661">
     <span class='ocr_line' id='line_1_54' title="bbox 2505 2570 4069 2661; baseline -0.014 -17"><span class='ocrx_word' id='word_1_454' title='bbox 2505 2592 2664 2661; x_wconf 82' lang='grc' dir='ltr'>γενὴς</span> <span class='ocrx_word' id='word_1_455' title='bbox 2693 2588 2817 2651; x_wconf 77' lang='grc' dir='ltr'>Υἰδς</span> <span class='ocrx_word' id='word_1_456' title='bbox 2845 2586 2918 2640; x_wconf 84' lang='grc' dir='ltr'>ὢν</span> <span class='ocrx_word' id='word_1_457' title='bbox 2948 2586 3039 2639; x_wconf 75' lang='grc' dir='ltr'>καὶ</span> <span class='ocrx_word' id='word_1_458' title='bbox 3063 2581 3199 2638; x_wconf 87' lang='grc' dir='ltr'>Θεοῦ</span> <span class='ocrx_word' id='word_1_459' title='bbox 3230 2577 3544 2649; x_wconf 62' lang='grc' dir='ltr'>Λόγος,,καὶ</span> <span class='ocrx_word' id='word_1_460' title='bbox 3563 2574 3697 2630; x_wconf 85' lang='grc' dir='ltr'>Θεοῦ</span> <span class='ocrx_word' id='word_1_461' title='bbox 3724 2573 3904 2642; x_wconf 84' lang='grc' dir='ltr'>σοφία,</span> <span class='ocrx_word' id='word_1_462' title='bbox 3927 2570 4069 2623; x_wconf 81' lang='grc' dir='ltr'>εικό-</span> 
     </span>
    </p>
   </div>
   <div class='ocr_carea' id='block_1_54' title="bbox 2504 2661 4065 2745">
    <p class='ocr_par' dir='ltr' id='par_1_54' title="bbox 2504 2661 4065 2745">
     <span class='ocr_line' id='line_1_55' title="bbox 2504 2661 4065 2745; baseline -0.014 -9"><span class='ocrx_word' id='word_1_463' title='bbox 2504 2699 2611 2745; x_wconf 87' lang='grc' dir='ltr'>τως</span> <span class='ocrx_word' id='word_1_464' title='bbox 2632 2682 2695 2735; x_wconf 85' lang='grc' dir='ltr'><strong>ἂν</strong></span> <span class='ocrx_word' id='word_1_465' title='bbox 2728 2679 3075 2745; x_wconf 83' lang='grc' dir='ltr'>καταλέγοιτο</span> <span class='ocrx_word' id='word_1_466' title='bbox 3110 2675 3203 2729; x_wconf 76' lang='grc' dir='ltr'>καὶ</span> <span class='ocrx_word' id='word_1_467' title='bbox 3227 2672 3388 2735; x_wconf 80' lang='grc' dir='ltr'>αὐτὸς</span> <span class='ocrx_word' id='word_1_468' title='bbox 3425 2672 3491 2742; x_wconf 76' lang='grc' dir='ltr'>τῇ</span> <span class='ocrx_word' id='word_1_469' title='bbox 3531 2666 3779 2740; x_wconf 74' lang='grc' dir='ltr'>παρούσῃ</span> <span class='ocrx_word' id='word_1_470' title='bbox 3819 2661 4065 2731; x_wconf 56' lang='grc' dir='ltr'>θεολογίξ</span> 
     </span>
    </p>
   </div>
   <div class='ocr_carea' id='block_1_55' title="bbox 2505 2749 4068 2844">
    <p class='ocr_par' dir='ltr' id='par_1_55' title="bbox 2505 2749 4068 2844">
     <span class='ocr_line' id='line_1_56' title="bbox 2505 2749 4068 2844; baseline -0.012 -18"><span class='ocrx_word' id='word_1_471' title='bbox 2505 2771 2843 2844; x_wconf 79' lang='grc' dir='ltr'>διδασκούσῃ,</span> <span class='ocrx_word' id='word_1_472' title='bbox 2879 2771 2956 2823; x_wconf 83' lang='grc' dir='ltr'><strong>ὅτι</strong></span> <span class='ocrx_word' id='word_1_473' title='bbox 2986 2769 3084 2822; x_wconf 80' lang='grc' dir='ltr'><strong>οὐκ</strong></span> <span class='ocrx_word' id='word_1_474' title='bbox 3105 2767 3246 2822; x_wconf 78' lang='grc' dir='ltr'>ἔστιν</span> <span class='ocrx_word' id='word_1_475' title='bbox 3277 2765 3458 2836; x_wconf 87' lang='grc' dir='ltr'>ὅμοιος</span> <span class='ocrx_word' id='word_1_476' title='bbox 3488 2761 3566 2838; x_wconf 72' lang='grc' dir='ltr'>τῷ</span> <span class='ocrx_word' id='word_1_477' title='bbox 3588 2758 3681 2813; x_wconf 76' lang='grc' dir='ltr'><strong>ἐπὶ</strong></span> <span class='ocrx_word' id='word_1_478' title='bbox 3706 2756 3921 2812; x_wconf 81' lang='grc' dir='ltr'>πάντων</span> <span class='ocrx_word' id='word_1_479' title='bbox 3949 2749 4068 2823; x_wconf 79' lang='grc' dir='ltr'>Θεῷ</span> 
     </span>
    </p>
   </div>
   <div class='ocr_carea' id='block_1_56' title="bbox 2507 2845 4067 2929">
    <p class='ocr_par' dir='ltr' id='par_1_56' title="bbox 2507 2845 4067 2929">
     <span class='ocr_line' id='line_1_57' title="bbox 2507 2845 4067 2929; baseline -0.01 -13"><span class='ocrx_word' id='word_1_480' title='bbox 2507 2865 2563 2915; x_wconf 83' lang='grc' dir='ltr'>ὲν</span> <span class='ocrx_word' id='word_1_481' title='bbox 2593 2866 2701 2925; x_wconf 84' lang='grc' dir='ltr'>τοῖς</span> <span class='ocrx_word' id='word_1_482' title='bbox 2721 2862 2929 2923; x_wconf 85' lang='grc' dir='ltr'>πολλοῖς</span> <span class='ocrx_word' id='word_1_483' title='bbox 2956 2857 3368 2929; x_wconf 79' lang='grc' dir='ltr'>ὀνομαζομένοις</span> <span class='ocrx_word' id='word_1_484' title='bbox 3395 2854 3533 2917; x_wconf 85' lang='grc' dir='ltr'>Θεοῖς</span> <span class='ocrx_word' id='word_1_485' title='bbox 3551 2869 3563 2882; x_wconf 93' lang='grc'><strong>·</strong></span> <span class='ocrx_word' id='word_1_486' title='bbox 3589 2854 3648 2906; x_wconf 80' lang='grc' dir='ltr'>ὲν</span> <span class='ocrx_word' id='word_1_487' title='bbox 3676 2850 3759 2906; x_wconf 79' lang='grc' dir='ltr'><strong>ἑνὶ</strong></span> <span class='ocrx_word' id='word_1_488' title='bbox 3785 2850 3894 2929; x_wconf 78' lang='grc' dir='ltr'><strong>γὰρ</strong></span> <span class='ocrx_word' id='word_1_489' title='bbox 3921 2845 4067 2919; x_wconf 78' lang='grc' dir='ltr'>μόνῳ</span> 
     </span>
    </p>
   </div>
   <div class='ocr_carea' id='block_1_57' title="bbox 2505 2923 4069 3023">
    <p class='ocr_par' dir='ltr' id='par_1_57' title="bbox 2505 2923 4069 3023">
     <span class='ocr_line' id='line_1_58' title="bbox 2505 2923 4069 3023; baseline -0.01 -18"><span class='ocrx_word' id='word_1_490' title='bbox 2505 2952 2583 3023; x_wconf 83' lang='grc' dir='ltr'><strong>τῷ</strong></span> <span class='ocrx_word' id='word_1_491' title='bbox 2604 2923 2875 3022; x_wconf 78' lang='grc' dir='ltr'>μονογενεί</span> <span class='ocrx_word' id='word_1_492' title='bbox 2891 2923 3062 3003; x_wconf 38' lang='grc' dir='ltr'>αὑτοῦ.</span> <span class='ocrx_word' id='word_1_493' title='bbox 3080 2923 3236 3017; x_wconf 62' lang='lat' dir='ltr'><strong>Aciqu</strong></span> <span class='ocrx_word' id='word_1_494' title='bbox 3268 2947 3302 3017; x_wconf 80' lang='grc' dir='ltr'>ἡ</span> <span class='ocrx_word' id='word_1_495' title='bbox 3334 2944 3424 2999; x_wconf 85' lang='grc' dir='ltr'><strong>τοῦ</strong></span> <span class='ocrx_word' id='word_1_496' title='bbox 3448 2944 3658 3014; x_wconf 83' lang='grc' dir='ltr'>Πατρὸς</span> <span class='ocrx_word' id='word_1_497' title='bbox 3686 2923 3938 3012; x_wconf 69' lang='grc' dir='ltr'>ὁμοιότης</span> <span class='ocrx_word' id='word_1_498' title='bbox 3967 2934 4069 2989; x_wconf 78' lang='grc' dir='ltr'><strong>σιί-</strong></span> 
     </span>
    </p>
   </div>
   <div class='ocr_carea' id='block_1_58' title="bbox 855 3030 4065 3150">
    <p class='ocr_par' dir='ltr' id='par_1_58' title="bbox 855 3030 4065 3150">
     <span class='ocr_line' id='line_1_59' title="bbox 855 3030 4065 3150; baseline -0.012 -28"><span class='ocrx_word' id='word_1_499' title='bbox 855 3051 1018 3150; x_wconf 69' lang='grc' dir='ltr'>ξεται.</span> <span class='ocrx_word' id='word_1_500' title='bbox 1053 3068 1147 3120; x_wconf 85' lang='grc' dir='ltr'>Διδ</span> <span class='ocrx_word' id='word_1_501' title='bbox 1190 3065 1285 3118; x_wconf 75' lang='grc' dir='ltr'>καὶ</span> <span class='ocrx_word' id='word_1_502' title='bbox 1328 3061 1487 3116; x_wconf 75' lang='grc' dir='ltr'>εἰκὼν</span> <span class='ocrx_word' id='word_1_503' title='bbox 1539 3056 1872 3133; x_wconf 67' lang='grc' dir='ltr'>χρηματίζει·</span> <span class='ocrx_word' id='word_1_504' title='bbox 1910 3054 2065 3117; x_wconf 88' lang='grc' dir='ltr'>Θεοῦ,</span> <span class='ocrx_word' id='word_1_505' title='bbox 2110 3053 2222 3117; x_wconf 74' lang='grc' dir='ltr'>καὶ,</span> <span class='ocrx_word' id='word_1_506' title='bbox 2270 3049 2412 3114; x_wconf 82' lang='grc' dir='ltr'>Θεὸς</span> <span class='ocrx_word' id='word_1_507' title='bbox 2445 3044 2524 3119; x_wconf 81' lang='grc' dir='ltr'>ἦν</span> <span class='ocrx_word' id='word_1_508' title='bbox 2556 3048 2763 3117; x_wconf 78' lang='grc' dir='ltr'>Λόγος,</span> <span class='ocrx_word' id='word_1_509' title='bbox 2829 3044 2904 3107; x_wconf 82' lang='grc' dir='ltr'>ὡς</span> <span class='ocrx_word' id='word_1_510' title='bbox 2941 3045 2999 3095; x_wconf 81' lang='grc' dir='ltr'>ὲν</span> <span class='ocrx_word' id='word_1_511' title='bbox 3030 3041 3176 3112; x_wconf 79' lang='grc' dir='ltr'>αὐτῷ</span> <span class='ocrx_word' id='word_1_512' title='bbox 3207 3041 3302 3111; x_wconf 84' lang='grc' dir='ltr'><strong>μὲν</strong></span> <span class='ocrx_word' id='word_1_513' title='bbox 3349 3037 3611 3102; x_wconf 77' lang='grc' dir='ltr'>σώζεσθαι</span> <span class='ocrx_word' id='word_1_514' title='bbox 3663 3035 3808 3108; x_wconf 84' lang='grc' dir='ltr'>μόνῳ</span> <span class='ocrx_word' id='word_1_515' title='bbox 3829 3033 3925 3105; x_wconf 80' lang='grc' dir='ltr'>τὴν</span> <span class='ocrx_word' id='word_1_516' title='bbox 3972 3030 4065 3086; x_wconf 84' lang='grc' dir='ltr'><strong>τοῦ</strong></span> 
     </span>
    </p>
   </div>
   <div class='ocr_carea' id='block_1_59' title="bbox 848 3138 2817 3229">
    <p class='ocr_par' dir='ltr' id='par_1_59' title="bbox 848 3138 2817 3229">
     <span class='ocr_line' id='line_1_60' title="bbox 848 3138 2817 3229; baseline -0.011 -19"><span class='ocrx_word' id='word_1_517' title='bbox 848 3146 1058 3229; x_wconf 84' lang='grc' dir='ltr'>Πατρὸς</span> <span class='ocrx_word' id='word_1_518' title='bbox 1106 3153 1381 3220; x_wconf 77' lang='grc' dir='ltr'>ὁμοίωσιν,</span> <span class='ocrx_word' id='word_1_519' title='bbox 1437 3150 1619 3215; x_wconf 80' lang='grc' dir='ltr'>ούκέτι</span> <span class='ocrx_word' id='word_1_520' title='bbox 1671 3148 1728 3201; x_wconf 80' lang='grc' dir='ltr'>δὲ</span> <span class='ocrx_word' id='word_1_521' title='bbox 1788 3147 1881 3201; x_wconf 73' lang='grc' dir='ltr'><strong>καὶ</strong></span> <span class='ocrx_word' id='word_1_522' title='bbox 1923 3146 1980 3198; x_wconf 81' lang='grc' dir='ltr'>ὲν</span> <span class='ocrx_word' id='word_1_523' title='bbox 2032 3146 2144 3207; x_wconf 81' lang='grc' dir='ltr'>τοῖς</span> <span class='ocrx_word' id='word_1_524' title='bbox 2188 3141 2401 3203; x_wconf 82' lang='grc' dir='ltr'>πολλοῖς</span> <span class='ocrx_word' id='word_1_525' title='bbox 2434 3138 2593 3200; x_wconf 84' lang='grc' dir='ltr'>θεοῖς.</span> <span class='ocrx_word' id='word_1_526' title='bbox 2810 3168 2817 3175; x_wconf 87' lang='grc'><strong>-</strong></span> 
     </span>
    </p>
   </div>
   <div class='ocr_carea' id='block_1_60' title="bbox 916 3241 2656 3339">
    <p class='ocr_par' dir='ltr' id='par_1_60' title="bbox 916 3255 2656 3339">
     <span class='ocr_line' id='line_1_61' title="bbox 916 3255 2656 3339; baseline -0.01 -15"><span class='ocrx_word' id='word_1_527' title='bbox 916 3268 1081 3326; x_wconf 68' lang='lat' dir='ltr'><strong>Vsus.</strong></span> <span class='ocrx_word' id='word_1_528' title='bbox 1106 3268 1188 3321; x_wconf 84' lang='grc'><strong>11.</strong></span> <span class='ocrx_word' id='word_1_529' title='bbox 1211 3265 1385 3320; x_wconf 85' lang='lat' dir='ltr'><strong>Dedue</strong></span> <span class='ocrx_word' id='word_1_530' title='bbox 1410 3281 1509 3326; x_wconf 88' lang='lat' dir='ltr'><strong>me,</strong></span> <span class='ocrx_word' id='word_1_531' title='bbox 1543 3262 1785 3324; x_wconf 86' lang='lat' dir='ltr'><strong>Domine,</strong></span> <span class='ocrx_word' id='word_1_532' title='bbox 1819 3264 1874 3316; x_wconf 92' lang='lat' dir='ltr'><strong>in</strong></span> <span class='ocrx_word' id='word_1_533' title='bbox 1901 3263 1984 3316; x_wconf 88' lang='lat' dir='ltr'><strong>via</strong></span> <span class='ocrx_word' id='word_1_534' title='bbox 2004 3272 2116 3327; x_wconf 84' lang='lat' dir='ltr'><strong>tua,</strong></span> <span class='ocrx_word' id='word_1_535' title='bbox 2156 3271 2206 3316; x_wconf 86' lang='lat' dir='ltr'><strong>et</strong></span> <span class='ocrx_word' id='word_1_536' title='bbox 2238 3261 2404 3339; x_wconf 80' lang='lat' dir='ltr'><strong>ingre-</strong></span> <span class='ocrx_word' id='word_1_537' title='bbox 2429 3270 2470 3325; x_wconf 88' lang='lat' dir='ltr'>c</span> <span class='ocrx_word' id='word_1_538' title='bbox 2585 3255 2656 3306; x_wconf 81' lang='grc' dir='ltr'>’οι</span> 
     </span>
    </p>
   </div>
   <div class='ocr_carea' id='block_1_61' title="bbox 2329 3241 4069 3339">
    <p class='ocr_par' dir='ltr' id='par_1_61' title="bbox 2330 3241 4069 3325">
     <span class='ocr_line' id='line_1_62' title="bbox 2330 3241 4069 3325; baseline -0.01 -14"><span class='ocrx_word' id='word_1_539' title='bbox 2330 3275 2404 3313; x_wconf 86' lang='lat' dir='ltr'><strong>re-</strong></span> <span class='ocrx_word' id='word_1_540' title='bbox 2429 3270 2470 3325; x_wconf 88' lang='lat' dir='ltr'>c</span> <span class='ocrx_word' id='word_1_541' title='bbox 2585 3252 2919 3322; x_wconf 77' lang='grc' dir='ltr'>Ὀδήγησόν</span> <span class='ocrx_word' id='word_1_542' title='bbox 2938 3267 3033 3321; x_wconf 83' lang='grc' dir='ltr'><strong>με,</strong></span> <span class='ocrx_word' id='word_1_543' title='bbox 3067 3250 3259 3318; x_wconf 83' lang='grc' dir='ltr'>Κύριε,</span> <span class='ocrx_word' id='word_1_544' title='bbox 3290 3251 3360 3301; x_wconf 82' lang='grc' dir='ltr'>ἐν</span> <span class='ocrx_word' id='word_1_545' title='bbox 3413 3244 3487 3315; x_wconf 77' lang='grc' dir='ltr'>τῇ</span> <span class='ocrx_word' id='word_1_546' title='bbox 3525 3241 3641 3310; x_wconf 81' lang='grc' dir='ltr'><strong>ὀδῷ</strong></span> <span class='ocrx_word' id='word_1_547' title='bbox 3670 3256 3808 3307; x_wconf 87' lang='grc' dir='ltr'>σου,</span> <span class='ocrx_word' id='word_1_548' title='bbox 3834 3241 3935 3295; x_wconf 76' lang='grc' dir='ltr'><strong>καί</strong></span> <span class='ocrx_word' id='word_1_549' title='bbox 3964 3256 4069 3295; x_wconf 74' lang='grc' dir='ltr'>πο-</span> 
     </span>
    </p>
   </div>
   <div class='ocr_carea' id='block_1_62' title="bbox 846 3351 2403 3419">
    <p class='ocr_par' dir='ltr' id='par_1_62' title="bbox 846 3351 2403 3419">
     <span class='ocr_line' id='line_1_63' title="bbox 846 3351 2403 3419; baseline -0.006 -6"><span class='ocrx_word' id='word_1_550' title='bbox 846 3356 968 3414; x_wconf 75' lang='lat' dir='ltr'><strong>diar</strong></span> <span class='ocrx_word' id='word_1_551' title='bbox 1008 3358 1060 3411; x_wconf 88' lang='lat' dir='ltr'><strong>in</strong></span> <span class='ocrx_word' id='word_1_552' title='bbox 1102 3358 1318 3411; x_wconf 82' lang='lat' dir='ltr'><strong>veritate</strong></span> <span class='ocrx_word' id='word_1_553' title='bbox 1362 3365 1487 3419; x_wconf 86' lang='lat' dir='ltr'><strong>tua,</strong></span> <span class='ocrx_word' id='word_1_554' title='bbox 1535 3362 1739 3409; x_wconf 70' lang='lat' dir='ltr'><strong>[aletur</strong></span> <span class='ocrx_word' id='word_1_555' title='bbox 1788 3369 1880 3409; x_wconf 76' lang='lat' dir='ltr'><strong>car</strong></span> <span class='ocrx_word' id='word_1_556' title='bbox 1927 3368 2095 3408; x_wconf 68' lang='lat' dir='ltr'><strong>meum</strong></span> <span class='ocrx_word' id='word_1_557' title='bbox 2130 3360 2187 3406; x_wconf 80' lang='lat' dir='ltr'><strong>ut</strong></span> <span class='ocrx_word' id='word_1_558' title='bbox 2226 3351 2403 3405; x_wconf 79' lang='lat' dir='ltr'><strong>timeat</strong></span> 
     </span>
    </p>
   </div>
   <div class='ocr_carea' id='block_1_63' title="bbox 848 3443 2407 3511">
    <p class='ocr_par' dir='ltr' id='par_1_63' title="bbox 848 3443 2407 3511">
     <span class='ocr_line' id='line_1_64' title="bbox 848 3443 2407 3511; baseline -0.004 -7"><span class='ocrx_word' id='word_1_559' title='bbox 848 3464 1031 3504; x_wconf 86' lang='lat' dir='ltr'><strong>nomen</strong></span> <span class='ocrx_word' id='word_1_560' title='bbox 1053 3459 1217 3501; x_wconf 85' lang='lat' dir='ltr'><strong>tuum.</strong></span> <span class='ocrx_word' id='word_1_561' title='bbox 1266 3445 1343 3501; x_wconf 88' lang='lat' dir='ltr'><strong>Ne</strong></span> <span class='ocrx_word' id='word_1_562' title='bbox 1367 3447 1681 3502; x_wconf 76' lang='lat' dir='ltr'><strong>aberremus</strong></span> <span class='ocrx_word' id='word_1_563' title='bbox 1722 3461 1751 3499; x_wconf 90' lang='lat' dir='ltr'><strong>a</strong></span> <span class='ocrx_word' id='word_1_564' title='bbox 1780 3447 2007 3500; x_wconf 80' lang='lat' dir='ltr'><strong>veritate</strong></span> <span class='ocrx_word' id='word_1_565' title='bbox 2035 3444 2149 3511; x_wconf 87' lang='lat' dir='ltr'><strong>Dei,</strong></span> <span class='ocrx_word' id='word_1_566' title='bbox 2182 3443 2407 3498; x_wconf 78' lang='lat' dir='ltr'><strong>ductore</strong></span> 
     </span>
    </p>
   </div>
   <div class='ocr_carea' id='block_1_64' title="bbox 848 3530 2405 3611">
    <p class='ocr_par' dir='ltr' id='par_1_64' title="bbox 848 3530 2405 3611">
     <span class='ocr_line' id='line_1_65' title="bbox 848 3530 2405 3611; baseline -0.008 -16"><span class='ocrx_word' id='word_1_567' title='bbox 848 3553 1069 3611; x_wconf 76' lang='lat' dir='ltr'><strong>egemus</strong></span> <span class='ocrx_word' id='word_1_568' title='bbox 1094 3556 1109 3590; x_wconf 88' lang='lat'>:</span> <span class='ocrx_word' id='word_1_569' title='bbox 1146 3551 1314 3606; x_wconf 90' lang='lat' dir='ltr'><strong>quare</strong></span> <span class='ocrx_word' id='word_1_570' title='bbox 1343 3535 1536 3605; x_wconf 84' lang='lat' dir='ltr'><strong>Aquila</strong></span> <span class='ocrx_word' id='word_1_571' title='bbox 1557 3575 1572 3600; x_wconf 96' lang='lat'><strong>,</strong></span> <span class='ocrx_word' id='word_1_572' title='bbox 1606 3532 1883 3593; x_wconf 81' lang='lat' dir='ltr'><strong>Illumina,</strong></span> <span class='ocrx_word' id='word_1_573' title='bbox 1912 3531 2109 3601; x_wconf 87' lang='lat' dir='ltr'><strong>inquit,</strong></span> <span class='ocrx_word' id='word_1_574' title='bbox 2143 3546 2224 3583; x_wconf 86' lang='lat' dir='ltr'><strong>me</strong></span> <span class='ocrx_word' id='word_1_575' title='bbox 2244 3531 2299 3583; x_wconf 89' lang='lat' dir='ltr'><strong>in</strong></span> <span class='ocrx_word' id='word_1_576' title='bbox 2321 3530 2405 3582; x_wconf 80' lang='lat' dir='ltr'><strong>via</strong></span> 
     </span>
    </p>
   </div>
   <div class='ocr_carea' id='block_1_65' title="bbox 848 3620 2404 3695">
    <p class='ocr_par' dir='ltr' id='par_1_65' title="bbox 848 3620 2404 3695">
     <span class='ocr_line' id='line_1_66' title="bbox 848 3620 2404 3695; baseline -0.004 -12"><span class='ocrx_word' id='word_1_577' title='bbox 848 3639 959 3695; x_wconf 76' lang='lat' dir='ltr'><strong>tua,</strong></span> <span class='ocrx_word' id='word_1_578' title='bbox 985 3628 1225 3687; x_wconf 86' lang='lat' dir='ltr'><strong>Domine,</strong></span> <span class='ocrx_word' id='word_1_579' title='bbox 1260 3624 1541 3679; x_wconf 84' lang='lat' dir='ltr'><strong>ambulabo</strong></span> <span class='ocrx_word' id='word_1_580' title='bbox 1574 3626 1626 3677; x_wconf 86' lang='lat' dir='ltr'><strong>in</strong></span> <span class='ocrx_word' id='word_1_581' title='bbox 1649 3624 1864 3676; x_wconf 79' lang='lat' dir='ltr'><strong>veritate</strong></span> <span class='ocrx_word' id='word_1_582' title='bbox 1887 3632 2014 3685; x_wconf 87' lang='lat' dir='ltr'><strong>tua;</strong></span> <span class='ocrx_word' id='word_1_583' title='bbox 2049 3620 2404 3692; x_wconf 83' lang='lat' dir='ltr'><strong>Symmachus</strong></span> 
     </span>
    </p>
   </div>
   <div class='ocr_carea' id='block_1_66' title="bbox 844 3711 2405 3782">
    <p class='ocr_par' dir='ltr' id='par_1_66' title="bbox 844 3711 2405 3782">
     <span class='ocr_line' id='line_1_67' title="bbox 844 3711 2405 3782; baseline -0.008 -6"><span class='ocrx_word' id='word_1_584' title='bbox 844 3735 997 3782; x_wconf 85' lang='lat' dir='ltr'><strong>vero,</strong></span> <span class='ocrx_word' id='word_1_585' title='bbox 1026 3715 1252 3773; x_wconf 80' lang='lat' dir='ltr'><strong>Ostende</strong></span> <span class='ocrx_word' id='word_1_586' title='bbox 1292 3715 1453 3778; x_wconf 82' lang='lat' dir='ltr'><strong>mihi,</strong></span> <span class='ocrx_word' id='word_1_587' title='bbox 1501 3712 1757 3775; x_wconf 84' lang='lat' dir='ltr'><strong>Domine,</strong></span> <span class='ocrx_word' id='word_1_588' title='bbox 1796 3711 1933 3764; x_wconf 82' lang='lat' dir='ltr'><strong>viam</strong></span> <span class='ocrx_word' id='word_1_589' title='bbox 1967 3720 2142 3770; x_wconf 89' lang='lat' dir='ltr'><strong>tuam.</strong></span> <span class='ocrx_word' id='word_1_590' title='bbox 2201 3720 2259 3763; x_wconf 86' lang='lat' dir='ltr'><strong>ut</strong></span> <span class='ocrx_word' id='word_1_591' title='bbox 2304 3711 2405 3763; x_wconf 82' lang='lat' dir='ltr'><strong>iter</strong></span> 
     </span>
    </p>
   </div>
   <div class='ocr_carea' id='block_1_67' title="bbox 847 3800 2405 3880">
    <p class='ocr_par' dir='ltr' id='par_1_67' title="bbox 847 3800 2405 3880">
     <span class='ocr_line' id='line_1_68' title="bbox 847 3800 2405 3880; baseline -0.007 -16"><span class='ocrx_word' id='word_1_592' title='bbox 847 3810 1043 3880; x_wconf 78' lang='lat' dir='ltr'><strong>{nciam</strong></span> <span class='ocrx_word' id='word_1_593' title='bbox 1070 3809 1124 3860; x_wconf 86' lang='lat' dir='ltr'><strong>in</strong></span> <span class='ocrx_word' id='word_1_594' title='bbox 1154 3806 1367 3860; x_wconf 82' lang='lat' dir='ltr'><strong>veritate</strong></span> <span class='ocrx_word' id='word_1_595' title='bbox 1399 3812 1511 3856; x_wconf 88' lang='lat' dir='ltr'><strong>tua.</strong></span> <span class='ocrx_word' id='word_1_596' title='bbox 1544 3801 1782 3856; x_wconf 86' lang='lat' dir='ltr'><strong>Rursum</strong></span> <span class='ocrx_word' id='word_1_597' title='bbox 1814 3802 1939 3855; x_wconf 89' lang='lat' dir='ltr'><strong>item</strong></span> <span class='ocrx_word' id='word_1_598' title='bbox 1964 3816 2063 3870; x_wconf 87' lang='lat' dir='ltr'><strong>pro</strong></span> <span class='ocrx_word' id='word_1_599' title='bbox 2091 3802 2203 3866; x_wconf 92' lang='lat' dir='ltr'><strong>illo,</strong></span> <span class='ocrx_word' id='word_1_600' title='bbox 2240 3800 2405 3854; x_wconf 64' lang='lat' dir='ltr'><strong>Laete-</strong></span> 
     </span>
    </p>
   </div>
   <div class='ocr_carea' id='block_1_68' title="bbox 849 3893 2401 3963">
    <p class='ocr_par' dir='ltr' id='par_1_68' title="bbox 849 3893 2401 3963">
     <span class='ocr_line' id='line_1_69' title="bbox 849 3893 2401 3963; baseline -0.007 -7"><span class='ocrx_word' id='word_1_601' title='bbox 849 3911 937 3956; x_wconf 64' lang='grc' dir='ltr'>(μιν</span> <span class='ocrx_word' id='word_1_602' title='bbox 968 3912 1052 3953; x_wconf 82' lang='lat' dir='ltr'><strong>cor</strong></span> <span class='ocrx_word' id='word_1_603' title='bbox 1092 3914 1285 3960; x_wconf 84' lang='lat' dir='ltr'><strong>meum,</strong></span> <span class='ocrx_word' id='word_1_604' title='bbox 1318 3904 1376 3949; x_wconf 89' lang='lat' dir='ltr'><strong>ut</strong></span> <span class='ocrx_word' id='word_1_605' title='bbox 1404 3896 1583 3949; x_wconf 83' lang='lat' dir='ltr'><strong>timeat</strong></span> <span class='ocrx_word' id='word_1_606' title='bbox 1611 3910 1795 3947; x_wconf 85' lang='lat' dir='ltr'><strong>nomen</strong></span> <span class='ocrx_word' id='word_1_607' title='bbox 1824 3902 1971 3947; x_wconf 88' lang='lat' dir='ltr'><strong>tuum</strong></span> <span class='ocrx_word' id='word_1_608' title='bbox 1992 3933 2007 3958; x_wconf 92' lang='lat'><strong>,</strong></span> <span class='ocrx_word' id='word_1_609' title='bbox 2030 3893 2224 3963; x_wconf 81' lang='lat' dir='ltr'><strong>Aquila</strong></span> <span class='ocrx_word' id='word_1_610' title='bbox 2250 3893 2401 3955; x_wconf 90' lang='lat' dir='ltr'><strong>dicit,</strong></span> 
     </span>
    </p>
   </div>
   <div class='ocr_carea' id='block_1_69' title="bbox 847 3988 2403 4059">
    <p class='ocr_par' dir='ltr' id='par_1_69' title="bbox 847 3988 2403 4059">
     <span class='ocr_line' id='line_1_70' title="bbox 847 3988 2403 4059; baseline -0.008 -9"><span class='ocrx_word' id='word_1_611' title='bbox 847 3993 1161 4050; x_wconf 76' lang='lat' dir='ltr'><strong>Solitariam</strong></span> <span class='ocrx_word' id='word_1_612' title='bbox 1186 3990 1268 4059; x_wconf 75' lang='lat' dir='ltr'><strong>fac</strong></span> <span class='ocrx_word' id='word_1_613' title='bbox 1293 3988 1385 4044; x_wconf 79' lang='lat' dir='ltr'><strong>eor</strong></span> <span class='ocrx_word' id='word_1_614' title='bbox 1428 4003 1620 4052; x_wconf 88' lang='lat' dir='ltr'><strong>meum,</strong></span> <span class='ocrx_word' id='word_1_615' title='bbox 1651 3996 1709 4039; x_wconf 88' lang='lat' dir='ltr'><strong>ut</strong></span> <span class='ocrx_word' id='word_1_616' title='bbox 1757 3988 1937 4040; x_wconf 82' lang='lat' dir='ltr'><strong>timeat</strong></span> <span class='ocrx_word' id='word_1_617' title='bbox 1990 4002 2176 4041; x_wconf 85' lang='lat' dir='ltr'><strong>nomen</strong></span> <span class='ocrx_word' id='word_1_618' title='bbox 2220 3996 2403 4049; x_wconf 86' lang='lat' dir='ltr'><strong>tuum;</strong></span> 
     </span>
    </p>
   </div>
   <div class='ocr_carea' id='block_1_70' title="bbox 849 4075 2405 4153">
    <p class='ocr_par' dir='ltr' id='par_1_70' title="bbox 849 4075 2405 4153">
     <span class='ocr_line' id='line_1_71' title="bbox 849 4075 2405 4153; baseline -0.006 -18"><span class='ocrx_word' id='word_1_619' title='bbox 849 4081 1207 4153; x_wconf 70' lang='lat' dir='ltr'><strong>Symmachus</strong></span> <span class='ocrx_word' id='word_1_620' title='bbox 1236 4093 1365 4132; x_wconf 84' lang='lat' dir='ltr'><strong>vero</strong></span> <span class='ocrx_word' id='word_1_621' title='bbox 1386 4116 1402 4141; x_wconf 94' lang='lat'><strong>,</strong></span> <span class='ocrx_word' id='word_1_622' title='bbox 1426 4075 1596 4130; x_wconf 73' lang='grc' dir='ltr'><strong>ιιΙηὶιο</strong></span> <span class='ocrx_word' id='word_1_623' title='bbox 1627 4092 1718 4128; x_wconf 86' lang='lat' dir='ltr'><strong>cor</strong></span> <span class='ocrx_word' id='word_1_624' title='bbox 1750 4090 1935 4145; x_wconf 82' lang='lat' dir='ltr'><strong>meum</strong></span> <span class='ocrx_word' id='word_1_625' title='bbox 1954 4075 2008 4128; x_wconf 89' lang='lat' dir='ltr'><strong>in</strong></span> <span class='ocrx_word' id='word_1_626' title='bbox 2040 4075 2278 4128; x_wconf 85' lang='lat' dir='ltr'><strong>timorem</strong></span> <span class='ocrx_word' id='word_1_627' title='bbox 2310 4088 2405 4125; x_wconf 88' lang='lat' dir='ltr'><strong>no-</strong></span> 
     </span>
    </p>
   </div>
   <div class='ocr_carea' id='block_1_71' title="bbox 846 4158 2401 4227">
    <p class='ocr_par' dir='ltr' id='par_1_71' title="bbox 846 4158 2401 4227">
     <span class='ocr_line' id='line_1_72' title="bbox 846 4158 2401 4227; baseline -0.005 -10"><span class='ocrx_word' id='word_1_628' title='bbox 846 4165 1002 4218; x_wconf 88' lang='lat' dir='ltr'><strong>minis</strong></span> <span class='ocrx_word' id='word_1_629' title='bbox 1033 4164 1127 4217; x_wconf 89' lang='lat' dir='ltr'><strong>tui.</strong></span> <span class='ocrx_word' id='word_1_630' title='bbox 1155 4191 1226 4201; x_wconf 93' lang='lat'><strong>——</strong></span> <span class='ocrx_word' id='word_1_631' title='bbox 1253 4159 1417 4216; x_wconf 72' lang='lat' dir='ltr'><strong>Vsus.</strong></span> <span class='ocrx_word' id='word_1_632' title='bbox 1476 4159 1563 4214; x_wconf 70' lang='grc' dir='ltr'><strong>ιε.</strong></span> <span class='ocrx_word' id='word_1_633' title='bbox 1627 4158 1925 4227; x_wconf 86' lang='lat' dir='ltr'><strong>Can/itebor</strong></span> <span class='ocrx_word' id='word_1_634' title='bbox 1973 4159 2108 4225; x_wconf 89' lang='lat' dir='ltr'><strong>tibi,</strong></span> <span class='ocrx_word' id='word_1_635' title='bbox 2156 4158 2401 4220; x_wconf 87' lang='lat' dir='ltr'><strong>Domine,</strong></span> 
     </span>
    </p>
   </div>
   <div class='ocr_carea' id='block_1_72' title="bbox 847 4249 2406 4321">
    <p class='ocr_par' dir='ltr' id='par_1_72' title="bbox 847 4249 2406 4321">
     <span class='ocr_line' id='line_1_73' title="bbox 847 4249 2406 4321; baseline -0.005 -12"><span class='ocrx_word' id='word_1_636' title='bbox 847 4254 985 4309; x_wconf 78' lang='lat' dir='ltr'><strong>Deus</strong></span> <span class='ocrx_word' id='word_1_637' title='bbox 1015 4268 1179 4315; x_wconf 84' lang='lat' dir='ltr'><strong>meus,</strong></span> <span class='ocrx_word' id='word_1_638' title='bbox 1209 4251 1265 4304; x_wconf 85' lang='lat' dir='ltr'><strong>in</strong></span> <span class='ocrx_word' id='word_1_639' title='bbox 1290 4258 1396 4321; x_wconf 82' lang='lat' dir='ltr'><strong>toto</strong></span> <span class='ocrx_word' id='word_1_640' title='bbox 1429 4250 1582 4303; x_wconf 85' lang='lat' dir='ltr'><strong>corde</strong></span> <span class='ocrx_word' id='word_1_641' title='bbox 1615 4266 1751 4315; x_wconf 89' lang='lat' dir='ltr'><strong>meo,</strong></span> <span class='ocrx_word' id='word_1_642' title='bbox 1779 4259 1829 4305; x_wconf 88' lang='lat' dir='ltr'><strong>et</strong></span> <span class='ocrx_word' id='word_1_643' title='bbox 1872 4249 2178 4321; x_wconf 77' lang='lat' dir='ltr'><strong>giariﬁcabo</strong></span> <span class='ocrx_word' id='word_1_644' title='bbox 2220 4265 2406 4304; x_wconf 84' lang='lat' dir='ltr'><strong>nomen</strong></span> 
     </span>
    </p>
   </div>
   <div class='ocr_carea' id='block_1_73' title="bbox 846 4340 2404 4411">
    <p class='ocr_par' dir='ltr' id='par_1_73' title="bbox 846 4340 2404 4411">
     <span class='ocr_line' id='line_1_74' title="bbox 846 4340 2404 4411; baseline -0.005 -10"><span class='ocrx_word' id='word_1_645' title='bbox 846 4357 993 4401; x_wconf 86' lang='lat' dir='ltr'><strong>tuum</strong></span> <span class='ocrx_word' id='word_1_646' title='bbox 1045 4346 1100 4398; x_wconf 84' lang='lat' dir='ltr'><strong>in</strong></span> <span class='ocrx_word' id='word_1_647' title='bbox 1156 4352 1429 4397; x_wconf 64' lang='lat' dir='ltr'><strong>aeternum.</strong></span> <span class='ocrx_word' id='word_1_648' title='bbox 1467 4340 1603 4395; x_wconf 82' lang='lat' dir='ltr'><strong>Cum</strong></span> <span class='ocrx_word' id='word_1_649' title='bbox 1651 4342 1819 4396; x_wconf 85' lang='lat' dir='ltr'><strong>multa</strong></span> <span class='ocrx_word' id='word_1_650' title='bbox 1868 4343 1923 4397; x_wconf 93' lang='lat' dir='ltr'><strong>in</strong></span> <span class='ocrx_word' id='word_1_651' title='bbox 1976 4341 2404 4411; x_wconf 58' lang='lat' dir='ltr'><strong>praecedentibus</strong></span> 
     </span>
    </p>
   </div>
   <div class='ocr_carea' id='block_1_74' title="bbox 842 4431 2405 4505">
    <p class='ocr_par' dir='ltr' id='par_1_74' title="bbox 842 4431 2405 4505">
     <span class='ocr_line' id='line_1_75' title="bbox 842 4431 2405 4505; baseline -0.004 -13"><span class='ocrx_word' id='word_1_652' title='bbox 842 4438 987 4492; x_wconf 88' lang='lat' dir='ltr'><strong>bona</strong></span> <span class='ocrx_word' id='word_1_653' title='bbox 1016 4435 1263 4505; x_wconf 84' lang='lat' dir='ltr'><strong>dixisset,</strong></span> <span class='ocrx_word' id='word_1_654' title='bbox 1312 4433 1711 4488; x_wconf 76' lang='lat' dir='ltr'><strong>confessionem</strong></span> <span class='ocrx_word' id='word_1_655' title='bbox 1740 4432 1948 4503; x_wconf 84' lang='lat' dir='ltr'><strong>peccati</strong></span> <span class='ocrx_word' id='word_1_656' title='bbox 1980 4433 2065 4488; x_wconf 90' lang='lat' dir='ltr'><strong>sui</strong></span> <span class='ocrx_word' id='word_1_657' title='bbox 2095 4431 2405 4486; x_wconf 83' lang='lat' dir='ltr'><strong>necessario</strong></span> 
     </span>
    </p>
   </div>
   <div class='ocr_carea' id='block_1_75' title="bbox 844 4516 2404 4593">
    <p class='ocr_par' dir='ltr' id='par_1_75' title="bbox 844 4516 2404 4593">
     <span class='ocr_line' id='line_1_76' title="bbox 844 4516 2404 4593; baseline -0.008 -12"><span class='ocrx_word' id='word_1_658' title='bbox 844 4532 1065 4581; x_wconf 89' lang='lat' dir='ltr'><strong>revocat</strong></span> <span class='ocrx_word' id='word_1_659' title='bbox 1118 4525 1176 4579; x_wconf 89' lang='lat' dir='ltr'><strong>in</strong></span> <span class='ocrx_word' id='word_1_660' title='bbox 1236 4522 1588 4593; x_wconf 78' lang='lat' dir='ltr'><strong>memoriam,</strong></span> <span class='ocrx_word' id='word_1_661' title='bbox 1635 4529 1696 4575; x_wconf 94' lang='lat' dir='ltr'><strong>ut</strong></span> <span class='ocrx_word' id='word_1_662' title='bbox 1747 4534 1814 4575; x_wconf 85' lang='lat' dir='ltr'><strong>ne</strong></span> <span class='ocrx_word' id='word_1_663' title='bbox 1862 4534 1929 4575; x_wconf 81' lang='lat' dir='ltr'><strong>ex</strong></span> <span class='ocrx_word' id='word_1_664' title='bbox 1985 4531 2247 4573; x_wconf 80' lang='lat' dir='ltr'><strong>concessa</strong></span> <span class='ocrx_word' id='word_1_665' title='bbox 2300 4516 2404 4571; x_wconf 88' lang='lat' dir='ltr'><strong>sibi</strong></span> 
     </span>
    </p>
   </div>
   <div class='ocr_carea' id='block_1_76' title="bbox 2496 3328 4071 3411">
    <p class='ocr_par' dir='ltr' id='par_1_76' title="bbox 2496 3328 4071 3411">
     <span class='ocr_line' id='line_1_77' title="bbox 2496 3328 4071 3411; baseline -0.009 -15"><span class='ocrx_word' id='word_1_666' title='bbox 2496 3343 2784 3411; x_wconf 81' lang='grc' dir='ltr'>ρεύσομαι</span> <span class='ocrx_word' id='word_1_667' title='bbox 2820 3339 2893 3409; x_wconf 80' lang='grc' dir='ltr'>τῇ</span> <span class='ocrx_word' id='word_1_668' title='bbox 2934 3340 3185 3406; x_wconf 75' lang='grc' dir='ltr'>ἀληθείᾳ</span> <span class='ocrx_word' id='word_1_669' title='bbox 3215 3331 3755 3403; x_wconf 71' lang='grc' dir='ltr'>σου,εὺςορανθήτω</span> <span class='ocrx_word' id='word_1_670' title='bbox 3790 3329 3830 3399; x_wconf 80' lang='grc' dir='ltr'><strong>ἠ</strong></span> <span class='ocrx_word' id='word_1_671' title='bbox 3860 3328 4071 3398; x_wconf 77' lang='grc' dir='ltr'>καρδία</span> 
     </span>
    </p>
   </div>
   <div class='ocr_carea' id='block_1_77' title="bbox 2496 3422 4067 3506">
    <p class='ocr_par' dir='ltr' id='par_1_77' title="bbox 2496 3422 4067 3506">
     <span class='ocr_line' id='line_1_78' title="bbox 2496 3422 4067 3506; baseline -0.009 -18"><span class='ocrx_word' id='word_1_672' title='bbox 2496 3453 2618 3506; x_wconf 78' lang='grc' dir='ltr'>μου</span> <span class='ocrx_word' id='word_1_673' title='bbox 2642 3432 2749 3487; x_wconf 83' lang='grc' dir='ltr'><strong>τοῦ</strong></span> <span class='ocrx_word' id='word_1_674' title='bbox 2784 3430 3087 3501; x_wconf 77' lang='grc' dir='ltr'>φοϐεῖσθαι</span> <span class='ocrx_word' id='word_1_675' title='bbox 3116 3428 3183 3483; x_wconf 86' lang='grc' dir='ltr'>τὸ</span> <span class='ocrx_word' id='word_1_676' title='bbox 3225 3425 3410 3497; x_wconf 77' lang='grc' dir='ltr'>ὄνομα</span> <span class='ocrx_word' id='word_1_677' title='bbox 3446 3440 3581 3480; x_wconf 90' lang='grc' dir='ltr'>σου.</span> <span class='ocrx_word' id='word_1_678' title='bbox 3612 3422 3705 3483; x_wconf 69' lang='lat' dir='ltr'><strong>Ei:</strong></span> <span class='ocrx_word' id='word_1_679' title='bbox 3732 3422 3793 3477; x_wconf 82' lang='grc' dir='ltr'>τὸ</span> <span class='ocrx_word' id='word_1_680' title='bbox 3826 3422 3900 3495; x_wconf 74' lang='grc' dir='ltr'>μὴ</span> <span class='ocrx_word' id='word_1_681' title='bbox 3932 3423 4067 3476; x_wconf 81' lang='grc' dir='ltr'>ἁπο-</span> 
     </span>
    </p>
   </div>
   <div class='ocr_carea' id='block_1_78' title="bbox 2505 3514 4073 3597">
    <p class='ocr_par' dir='ltr' id='par_1_78' title="bbox 2505 3514 4073 3597">
     <span class='ocr_line' id='line_1_79' title="bbox 2505 3514 4073 3597; baseline -0.01 -16"><span class='ocrx_word' id='word_1_682' title='bbox 2505 3526 2769 3597; x_wconf 80' lang='grc' dir='ltr'>σφαλῆναι</span> <span class='ocrx_word' id='word_1_683' title='bbox 2792 3524 2889 3597; x_wconf 86' lang='grc' dir='ltr'>τῆς</span> <span class='ocrx_word' id='word_1_684' title='bbox 2916 3522 3170 3595; x_wconf 79' lang='grc' dir='ltr'>ἀληθείας</span> <span class='ocrx_word' id='word_1_685' title='bbox 3211 3519 3367 3583; x_wconf 86' lang='grc' dir='ltr'>Θεοῦ,</span> <span class='ocrx_word' id='word_1_686' title='bbox 3408 3516 3643 3588; x_wconf 78' lang='grc' dir='ltr'>ποδηγοῦ</span> <span class='ocrx_word' id='word_1_687' title='bbox 3668 3515 3899 3587; x_wconf 84' lang='grc' dir='ltr'>δεόμεθα</span> <span class='ocrx_word' id='word_1_688' title='bbox 3918 3532 3931 3547; x_wconf 86' lang='grc'><strong>·</strong></span> <span class='ocrx_word' id='word_1_689' title='bbox 3964 3514 4073 3567; x_wconf 85' lang='grc' dir='ltr'>διό-</span> 
     </span>
    </p>
   </div>
   <div class='ocr_carea' id='block_1_79' title="bbox 2504 3603 4069 3692">
    <p class='ocr_par' dir='ltr' id='par_1_79' title="bbox 2504 3603 4069 3692">
     <span class='ocr_line' id='line_1_80' title="bbox 2504 3603 4069 3692; baseline -0.01 -19"><span class='ocrx_word' id='word_1_690' title='bbox 2504 3637 2609 3692; x_wconf 88' lang='grc' dir='ltr'><strong>περ</strong></span> <span class='ocrx_word' id='word_1_691' title='bbox 2647 3620 2682 3671; x_wconf 75' lang='grc' dir='ltr'><strong>’ὁ</strong></span> <span class='ocrx_word' id='word_1_692' title='bbox 2716 3620 2813 3689; x_wconf 77' lang='grc' dir='ltr'>μὲν</span> <span class='ocrx_word' id='word_1_693' title='bbox 2857 3616 3106 3680; x_wconf 84' lang='grc' dir='ltr'>Ἀκύλας,</span> <span class='ocrx_word' id='word_1_694' title='bbox 3149 3612 3415 3669; x_wconf 80' lang='grc' dir='ltr'>Φώτισόν</span> <span class='ocrx_word' id='word_1_695' title='bbox 3436 3628 3531 3680; x_wconf 79' lang='grc' dir='ltr'><strong>με,</strong></span> <span class='ocrx_word' id='word_1_696' title='bbox 3566 3610 3721 3682; x_wconf 65' lang='grc' dir='ltr'>φησι,</span> <span class='ocrx_word' id='word_1_697' title='bbox 3750 3609 3951 3677; x_wconf 82' lang='grc' dir='ltr'>Κύριε.</span> <span class='ocrx_word' id='word_1_698' title='bbox 3992 3603 4069 3675; x_wconf 72' lang='grc' dir='ltr'>τῇ</span> 
     </span>
    </p>
   </div>
   <div class='ocr_carea' id='block_1_80' title="bbox 2503 3698 4074 3779">
    <p class='ocr_par' dir='ltr' id='par_1_80' title="bbox 2503 3698 4074 3779">
     <span class='ocr_line' id='line_1_81' title="bbox 2503 3698 4074 3779; baseline -0.01 -13"><span class='ocrx_word' id='word_1_699' title='bbox 2503 3710 2620 3776; x_wconf 82' lang='grc' dir='ltr'><strong>ὁδῷ</strong></span> <span class='ocrx_word' id='word_1_700' title='bbox 2651 3700 2788 3774; x_wconf 87' lang='grc' dir='ltr'>σου,</span> <span class='ocrx_word' id='word_1_701' title='bbox 2824 3708 3204 3779; x_wconf 74' lang='grc' dir='ltr'>περιπατήσω</span> <span class='ocrx_word' id='word_1_702' title='bbox 3239 3706 3310 3759; x_wconf 78' lang='grc' dir='ltr'>ἐν</span> <span class='ocrx_word' id='word_1_703' title='bbox 3334 3704 3582 3771; x_wconf 70' lang='grc' dir='ltr'>ἀληθείᾳ</span> <span class='ocrx_word' id='word_1_704' title='bbox 3605 3719 3721 3756; x_wconf 88' lang='grc' dir='ltr'>σου</span> <span class='ocrx_word' id='word_1_705' title='bbox 3739 3719 3753 3733; x_wconf 72' lang='grc' dir='ltr'><strong><em>ο</em></strong></span> <span class='ocrx_word' id='word_1_706' title='bbox 3786 3702 3818 3754; x_wconf 87' lang='grc' dir='ltr'><strong>ό</strong></span> <span class='ocrx_word' id='word_1_707' title='bbox 3846 3698 3903 3753; x_wconf 79' lang='grc' dir='ltr'>δὲ</span> <span class='ocrx_word' id='word_1_708' title='bbox 3933 3698 4074 3769; x_wconf 86' lang='grc' dir='ltr'>Σύμ-</span> 
     </span>
    </p>
   </div>
   <div class='ocr_carea' id='block_1_81' title="bbox 2507 3791 4073 3872">
    <p class='ocr_par' dir='ltr' id='par_1_81' title="bbox 2507 3791 4073 3872">
     <span class='ocr_line' id='line_1_82' title="bbox 2507 3791 4073 3872; baseline -0.01 -14"><span class='ocrx_word' id='word_1_709' title='bbox 2507 3818 2695 3872; x_wconf 82' lang='grc' dir='ltr'>μαχος,</span> <span class='ocrx_word' id='word_1_710' title='bbox 2741 3800 3087 3860; x_wconf 76' lang='grc' dir='ltr'>’Υπόδειεόν</span> <span class='ocrx_word' id='word_1_711' title='bbox 3120 3816 3241 3867; x_wconf 88' lang='grc' dir='ltr'>μοι,</span> <span class='ocrx_word' id='word_1_712' title='bbox 3273 3796 3467 3863; x_wconf 81' lang='grc' dir='ltr'>Κύριε,</span> <span class='ocrx_word' id='word_1_713' title='bbox 3497 3793 3611 3861; x_wconf 81' lang='grc' dir='ltr'>τὴν</span> <span class='ocrx_word' id='word_1_714' title='bbox 3643 3793 3786 3846; x_wconf 81' lang='grc' dir='ltr'>ὀδόν</span> <span class='ocrx_word' id='word_1_715' title='bbox 3809 3804 3948 3857; x_wconf 87' lang='grc' dir='ltr'>σου,</span> <span class='ocrx_word' id='word_1_716' title='bbox 3971 3791 4073 3844; x_wconf 78' lang='grc' dir='ltr'>ἵνα</span> 
     </span>
    </p>
   </div>
   <div class='ocr_carea' id='block_1_82' title="bbox 2466 3880 4071 3960">
    <p class='ocr_par' dir='ltr' id='par_1_82' title="bbox 2466 3880 4071 3960">
     <span class='ocr_line' id='line_1_83' title="bbox 2466 3880 4071 3960; baseline -0.006 -17"><span class='ocrx_word' id='word_1_717' title='bbox 2466 3942 2469 3943; x_wconf 65' lang='lat'><strong>,</strong></span> <span class='ocrx_word' id='word_1_718' title='bbox 2504 3892 2733 3947; x_wconf 85' lang='grc' dir='ltr'>όδεύσω</span> <span class='ocrx_word' id='word_1_719' title='bbox 2764 3890 2839 3960; x_wconf 76' lang='grc' dir='ltr'>τῇ</span> <span class='ocrx_word' id='word_1_720' title='bbox 2867 3890 3115 3958; x_wconf 78' lang='grc' dir='ltr'>ἀληθείᾳ</span> <span class='ocrx_word' id='word_1_721' title='bbox 3153 3902 3290 3942; x_wconf 83' lang='grc' dir='ltr'>σου.</span> <span class='ocrx_word' id='word_1_722' title='bbox 3320 3886 3430 3954; x_wconf 71' lang='grc' dir='ltr'><strong>ΚαὶΔ</strong></span> <span class='ocrx_word' id='word_1_723' title='bbox 3454 3881 3615 3938; x_wconf 79' lang='grc' dir='ltr'>πάλιν</span> <span class='ocrx_word' id='word_1_724' title='bbox 3654 3880 3776 3937; x_wconf 67' lang='grc' dir='ltr'>ἀντὶ</span> <span class='ocrx_word' id='word_1_725' title='bbox 3808 3880 3923 3945; x_wconf 89' lang='grc' dir='ltr'>τοῦ,</span> <span class='ocrx_word' id='word_1_726' title='bbox 3954 3883 4071 3935; x_wconf 83' lang='grc' dir='ltr'><strong>Εὐ-</strong></span> 
     </span>
    </p>
   </div>
   <div class='ocr_carea' id='block_1_83' title="bbox 2503 3970 4074 4053">
    <p class='ocr_par' dir='ltr' id='par_1_83' title="bbox 2503 3970 4074 4053">
     <span class='ocr_line' id='line_1_84' title="bbox 2503 3970 4074 4053; baseline -0.01 -15"><span class='ocrx_word' id='word_1_727' title='bbox 2503 3981 2815 4053; x_wconf 77' lang='grc' dir='ltr'>φρανθήτω</span> <span class='ocrx_word' id='word_1_728' title='bbox 2859 3982 2898 4049; x_wconf 71' lang='grc' dir='ltr'><strong>ἡ</strong></span> <span class='ocrx_word' id='word_1_729' title='bbox 2927 3980 3140 4049; x_wconf 58' lang='grc' dir='ltr'>καρδία</span> <span class='ocrx_word' id='word_1_730' title='bbox 3163 3984 3281 4049; x_wconf 64' lang='grc' dir='ltr'>μου</span> <span class='ocrx_word' id='word_1_731' title='bbox 3310 3975 3414 4030; x_wconf 87' lang='grc' dir='ltr'><strong>τοῦ</strong></span> <span class='ocrx_word' id='word_1_732' title='bbox 3439 3973 3745 4044; x_wconf 66' lang='grc' dir='ltr'>φοϐεῖσθαι</span> <span class='ocrx_word' id='word_1_733' title='bbox 3778 3972 3847 4026; x_wconf 81' lang='grc' dir='ltr'>τὸ</span> <span class='ocrx_word' id='word_1_734' title='bbox 3885 3970 4074 4040; x_wconf 82' lang='grc' dir='ltr'>ὄνομά</span> 
     </span>
    </p>
   </div>
   <div class='ocr_carea' id='block_1_84' title="bbox 2503 4066 4074 4151">
    <p class='ocr_par' dir='ltr' id='par_1_84' title="bbox 2503 4066 4074 4151">
     <span class='ocr_line' id='line_1_85' title="bbox 2503 4066 4074 4151; baseline -0.011 -15"><span class='ocrx_word' id='word_1_735' title='bbox 2503 4097 2638 4145; x_wconf 90' lang='grc' dir='ltr'>σου,</span> <span class='ocrx_word' id='word_1_736' title='bbox 2660 4080 2690 4133; x_wconf 75' lang='grc' dir='ltr'><strong><em>ὁ</em></strong></span> <span class='ocrx_word' id='word_1_737' title='bbox 2721 4080 2820 4151; x_wconf 73' lang='grc' dir='ltr'>μὲν</span> <span class='ocrx_word' id='word_1_738' title='bbox 2850 4078 3079 4142; x_wconf 84' lang='grc' dir='ltr'>’Δκύλας</span> <span class='ocrx_word' id='word_1_739' title='bbox 3099 4073 3263 4147; x_wconf 80' lang='grc' dir='ltr'>φησί·</span> <span class='ocrx_word' id='word_1_740' title='bbox 3292 4070 3665 4141; x_wconf 81' lang='grc' dir='ltr'>Μονάχωσον</span> <span class='ocrx_word' id='word_1_741' title='bbox 3684 4067 3800 4135; x_wconf 81' lang='grc' dir='ltr'>τὴν</span> <span class='ocrx_word' id='word_1_742' title='bbox 3822 4066 4074 4133; x_wconf 75' lang='grc' dir='ltr'>καρδίαν</span> 
     </span>
    </p>
   </div>
   <div class='ocr_carea' id='block_1_85' title="bbox 2499 4158 4069 4243">
    <p class='ocr_par' dir='ltr' id='par_1_85' title="bbox 2499 4158 4069 4243">
     <span class='ocr_line' id='line_1_86' title="bbox 2499 4158 4069 4243; baseline -0.01 -17"><span class='ocrx_word' id='word_1_743' title='bbox 2499 4189 2616 4243; x_wconf 84' lang='grc' dir='ltr'>μου</span> <span class='ocrx_word' id='word_1_744' title='bbox 2643 4170 2751 4226; x_wconf 80' lang='grc' dir='ltr'><strong>τοῦ</strong></span> <span class='ocrx_word' id='word_1_745' title='bbox 2780 4170 3085 4241; x_wconf 76' lang='grc' dir='ltr'>φοϐεῖσθαι</span> <span class='ocrx_word' id='word_1_746' title='bbox 3116 4166 3183 4243; x_wconf 78' lang='grc' dir='ltr'><strong>τό</strong></span> <span class='ocrx_word' id='word_1_747' title='bbox 3217 4163 3402 4235; x_wconf 71' lang='grc' dir='ltr'>ὄνομα</span> <span class='ocrx_word' id='word_1_748' title='bbox 3432 4181 3546 4218; x_wconf 89' lang='grc' dir='ltr'><strong>σου</strong></span> <span class='ocrx_word' id='word_1_749' title='bbox 3564 4180 3576 4192; x_wconf 89' lang='grc'><strong>·</strong></span> <span class='ocrx_word' id='word_1_750' title='bbox 3612 4162 3641 4214; x_wconf 83' lang='grc'>6</span> <span class='ocrx_word' id='word_1_751' title='bbox 3670 4161 3727 4214; x_wconf 82' lang='grc' dir='ltr'>δὲ</span> <span class='ocrx_word' id='word_1_752' title='bbox 3755 4158 4069 4230; x_wconf 82' lang='grc' dir='ltr'>Σύμμαχος,</span> 
     </span>
    </p>
   </div>
   <div class='ocr_carea' id='block_1_86' title="bbox 2506 4251 4074 4329">
    <p class='ocr_par' dir='ltr' id='par_1_86' title="bbox 2506 4251 4074 4329">
     <span class='ocr_line' id='line_1_87' title="bbox 2506 4251 4074 4329; baseline -0.008 -14"><span class='ocrx_word' id='word_1_753' title='bbox 2506 4263 2779 4315; x_wconf 87' lang='grc' dir='ltr'>Ἕνωσον</span> <span class='ocrx_word' id='word_1_754' title='bbox 2795 4260 2917 4329; x_wconf 75' lang='grc' dir='ltr'>τὴν</span> <span class='ocrx_word' id='word_1_755' title='bbox 2928 4258 3179 4328; x_wconf 79' lang='grc' dir='ltr'>καρδίαν</span> <span class='ocrx_word' id='word_1_756' title='bbox 3196 4274 3313 4327; x_wconf 83' lang='grc' dir='ltr'>μου</span> <span class='ocrx_word' id='word_1_757' title='bbox 3337 4257 3423 4322; x_wconf 82' lang='grc' dir='ltr'><strong>εις</strong></span> <span class='ocrx_word' id='word_1_758' title='bbox 3449 4254 3633 4323; x_wconf 73' lang='grc' dir='ltr'>φόϐον</span> <span class='ocrx_word' id='word_1_759' title='bbox 3656 4251 3761 4306; x_wconf 84' lang='grc' dir='ltr'><strong>τοῦ</strong></span> <span class='ocrx_word' id='word_1_760' title='bbox 3782 4252 4074 4320; x_wconf 79' lang='grc' dir='ltr'>ὀνόματός</span> 
     </span>
    </p>
   </div>
   <div class='ocr_carea' id='block_1_87' title="bbox 2504 4341 4075 4424">
    <p class='ocr_par' dir='ltr' id='par_1_87' title="bbox 2504 4341 4075 4424">
     <span class='ocr_line' id='line_1_88' title="bbox 2504 4341 4075 4424; baseline -0.008 -16"><span class='ocrx_word' id='word_1_761' title='bbox 2504 4368 2639 4408; x_wconf 87' lang='grc' dir='ltr'>σου.</span> <span class='ocrx_word' id='word_1_762' title='bbox 2667 4351 3212 4424; x_wconf 65' lang='grc' dir='ltr'>Ἐξομολογήσομαι</span> <span class='ocrx_word' id='word_1_763' title='bbox 3241 4364 3360 4408; x_wconf 87' lang='grc' dir='ltr'>σοι,</span> <span class='ocrx_word' id='word_1_764' title='bbox 3383 4348 3574 4414; x_wconf 81' lang='grc' dir='ltr'>Κύριε,</span> <span class='ocrx_word' id='word_1_765' title='bbox 3604 4348 3637 4399; x_wconf 85' lang='grc' dir='ltr'><strong>ό</strong></span> <span class='ocrx_word' id='word_1_766' title='bbox 3665 4344 3808 4411; x_wconf 87' lang='grc' dir='ltr'>Θεός</span> <span class='ocrx_word' id='word_1_767' title='bbox 3833 4361 3973 4414; x_wconf 81' lang='grc' dir='ltr'>μου,</span> <span class='ocrx_word' id='word_1_768' title='bbox 4001 4341 4075 4396; x_wconf 73' lang='grc' dir='ltr'>ἐν</span> 
     </span>
    </p>
   </div>
   <div class='ocr_carea' id='block_1_88' title="bbox 2505 4435 4073 4514">
    <p class='ocr_par' dir='ltr' id='par_1_88' title="bbox 2505 4435 4073 4514">
     <span class='ocr_line' id='line_1_89' title="bbox 2505 4435 4073 4514; baseline -0.006 -17"><span class='ocrx_word' id='word_1_769' title='bbox 2505 4444 2617 4514; x_wconf 72' lang='grc' dir='ltr'><strong>ὅλῃ</strong></span> <span class='ocrx_word' id='word_1_770' title='bbox 2649 4444 2723 4513; x_wconf 78' lang='grc' dir='ltr'>τῇ</span> <span class='ocrx_word' id='word_1_771' title='bbox 2753 4444 2963 4513; x_wconf 75' lang='grc' dir='ltr'>καρδίᾳ</span> <span class='ocrx_word' id='word_1_772' title='bbox 2989 4461 3126 4513; x_wconf 79' lang='grc' dir='ltr'>μου,</span> <span class='ocrx_word' id='word_1_773' title='bbox 3157 4442 3253 4495; x_wconf 76' lang='grc' dir='ltr'>καὶ</span> <span class='ocrx_word' id='word_1_774' title='bbox 3276 4438 3514 4503; x_wconf 80' lang='grc' dir='ltr'>δοξάσω</span> <span class='ocrx_word' id='word_1_775' title='bbox 3544 4437 3609 4492; x_wconf 83' lang='grc' dir='ltr'>τὸ</span> <span class='ocrx_word' id='word_1_776' title='bbox 3635 4435 3821 4505; x_wconf 80' lang='grc' dir='ltr'>ὄνομά</span> <span class='ocrx_word' id='word_1_777' title='bbox 3848 4450 3963 4489; x_wconf 92' lang='grc' dir='ltr'>σου</span> <span class='ocrx_word' id='word_1_778' title='bbox 3983 4437 4073 4500; x_wconf 78' lang='grc' dir='ltr'><strong>εις</strong></span> 
     </span>
    </p>
   </div>
   <div class='ocr_carea' id='block_1_89' title="bbox 2504 4525 4091 4601">
    <p class='ocr_par' dir='ltr' id='par_1_89' title="bbox 2504 4525 4091 4601">
     <span class='ocr_line' id='line_1_90' title="bbox 2504 4525 4091 4601; baseline -0.007 -14"><span class='ocrx_word' id='word_1_779' title='bbox 2504 4534 2611 4587; x_wconf 85' lang='grc' dir='ltr'>τὸν</span> <span class='ocrx_word' id='word_1_780' title='bbox 2640 4532 2843 4587; x_wconf 74' lang='grc' dir='ltr'>αἰῶνα.</span> <span class='ocrx_word' id='word_1_781' title='bbox 2884 4531 3060 4585; x_wconf 83' lang='grc' dir='ltr'>Πολλὰ</span> <span class='ocrx_word' id='word_1_782' title='bbox 3100 4529 3309 4601; x_wconf 85' lang='grc' dir='ltr'>χρηστὰ</span> <span class='ocrx_word' id='word_1_783' title='bbox 3342 4530 3400 4582; x_wconf 82' lang='grc' dir='ltr'>ὲν</span> <span class='ocrx_word' id='word_1_784' title='bbox 3426 4530 3538 4591; x_wconf 79' lang='grc' dir='ltr'>τοῖς</span> <span class='ocrx_word' id='word_1_785' title='bbox 3574 4525 3881 4598; x_wconf 78' lang='grc' dir='ltr'>ἔμπροσθεν</span> <span class='ocrx_word' id='word_1_786' title='bbox 3917 4526 4091 4596; x_wconf 80' lang='grc' dir='ltr'>εἰρη-’</span> 
     </span>
    </p>
   </div>
   <div class='ocr_carea' id='block_1_90' title="bbox 819 4611 2559 4693">
    <p class='ocr_par' dir='ltr' id='par_1_90' title="bbox 819 4611 2559 4683">
     <span class='ocr_line' id='line_1_91' title="bbox 819 4611 2559 4683; baseline -0.009 -8"><span class='ocrx_word' id='word_1_787' title='bbox 819 4618 1000 4675; x_wconf 70' lang='lat' dir='ltr'><strong>‘venia</strong></span> <span class='ocrx_word' id='word_1_788' title='bbox 1020 4655 1035 4679; x_wconf 89' lang='lat'><strong>,</strong></span> <span class='ocrx_word' id='word_1_789' title='bbox 1087 4623 1142 4671; x_wconf 92' lang='lat' dir='ltr'><strong>et</strong></span> <span class='ocrx_word' id='word_1_790' title='bbox 1171 4630 1237 4671; x_wconf 73' lang='lat' dir='ltr'><strong>ex</strong></span> <span class='ocrx_word' id='word_1_791' title='bbox 1267 4615 1477 4670; x_wconf 83' lang='lat' dir='ltr'><strong>collatis</strong></span> <span class='ocrx_word' id='word_1_792' title='bbox 1505 4614 1610 4669; x_wconf 85' lang='lat' dir='ltr'><strong>sibi</strong></span> <span class='ocrx_word' id='word_1_793' title='bbox 1661 4620 1783 4683; x_wconf 89' lang='lat' dir='ltr'><strong>post</strong></span> <span class='ocrx_word' id='word_1_794' title='bbox 1831 4611 2212 4667; x_wconf 82' lang='lat' dir='ltr'><strong>remissionem</strong></span> <span class='ocrx_word' id='word_1_795' title='bbox 2278 4623 2403 4662; x_wconf 88' lang='lat' dir='ltr'><strong>mn-</strong></span> <span class='ocrx_word' id='word_1_796' title='bbox 2436 4623 2481 4680; x_wconf 76' lang='grc' dir='ltr'>ι)</span> <span class='ocrx_word' id='word_1_797' title='bbox 2505 4623 2559 4678; x_wconf 63' lang='grc' dir='ltr'><strong>κε</strong></span> 
     </span>
    </p>
   </div>
   <div class='ocr_carea' id='block_1_91' title="bbox 2329 4611 4069 4693">
    <p class='ocr_par' dir='ltr' id='par_1_91' title="bbox 2329 4617 4069 4693">
     <span class='ocr_line' id='line_1_92' title="bbox 2329 4617 4069 4693; baseline 0.011 -32"><span class='ocrx_word' id='word_1_798' title='bbox 2329 4623 2403 4662; x_wconf 88' lang='lat' dir='ltr'><strong>.tt-</strong></span> <span class='ocrx_word' id='word_1_799' title='bbox 2436 4623 2481 4680; x_wconf 77' lang='grc' dir='ltr'>ι)</span> <span class='ocrx_word' id='word_1_800' title='bbox 2505 4623 2638 4688; x_wconf 84' lang='grc' dir='ltr'>κὼς,</span> <span class='ocrx_word' id='word_1_801' title='bbox 2672 4624 2981 4693; x_wconf 80' lang='grc' dir='ltr'>ἀναγκαίως</span> <span class='ocrx_word' id='word_1_802' title='bbox 3028 4621 3287 4693; x_wconf 80' lang='grc' dir='ltr'>ἀναφέρει</span> <span class='ocrx_word' id='word_1_803' title='bbox 3320 4624 3385 4692; x_wconf 78' lang='grc' dir='ltr'>τῇ</span> <span class='ocrx_word' id='word_1_804' title='bbox 3436 4622 3623 4692; x_wconf 83' lang='grc' dir='ltr'>μνήμη</span> <span class='ocrx_word' id='word_1_805' title='bbox 3661 4619 3759 4689; x_wconf 78' lang='grc' dir='ltr'><strong>τὴν</strong></span> <span class='ocrx_word' id='word_1_806' title='bbox 3800 4618 3929 4690; x_wconf 78' lang='grc' dir='ltr'>περὶ</span> <span class='ocrx_word' id='word_1_807' title='bbox 3968 4617 4069 4688; x_wconf 82' lang='grc' dir='ltr'>τῆς</span> 
     </span>
    </p>
   </div>
   <div class='ocr_carea' id='block_1_92' title="bbox 844 4702 2400 4778">
    <p class='ocr_par' dir='ltr' id='par_1_92' title="bbox 844 4702 2400 4778">
     <span class='ocr_line' id='line_1_93' title="bbox 844 4702 2400 4778; baseline -0.006 -14"><span class='ocrx_word' id='word_1_808' title='bbox 844 4710 1103 4773; x_wconf 74' lang='lat' dir='ltr'><strong>aeribus,</strong></span> <span class='ocrx_word' id='word_1_809' title='bbox 1165 4709 1382 4764; x_wconf 90' lang='lat' dir='ltr'><strong>mollius</strong></span> <span class='ocrx_word' id='word_1_810' title='bbox 1440 4709 1769 4778; x_wconf 85' lang='lat' dir='ltr'><strong>segniusque</strong></span> <span class='ocrx_word' id='word_1_811' title='bbox 1829 4704 2037 4760; x_wconf 85' lang='lat' dir='ltr'><strong>versari</strong></span> <span class='ocrx_word' id='word_1_812' title='bbox 2103 4702 2400 4757; x_wconf 86' lang='lat' dir='ltr'><strong>videretur.</strong></span> 
     </span>
    </p>
   </div>
   <div class='ocr_carea' id='block_1_93' title="bbox 842 4794 2402 4871">
    <p class='ocr_par' dir='ltr' id='par_1_93' title="bbox 842 4794 2402 4871">
     <span class='ocr_line' id='line_1_94' title="bbox 842 4794 2402 4871; baseline -0.008 -12"><span class='ocrx_word' id='word_1_813' title='bbox 842 4799 978 4859; x_wconf 85' lang='lat' dir='ltr'><strong>Sese</strong></span> <span class='ocrx_word' id='word_1_814' title='bbox 1027 4798 1194 4871; x_wconf 83' lang='lat' dir='ltr'><strong>igitur</strong></span> <span class='ocrx_word' id='word_1_815' title='bbox 1223 4802 1340 4869; x_wconf 91' lang='lat' dir='ltr'><strong>ipse</strong></span> <span class='ocrx_word' id='word_1_816' title='bbox 1368 4801 1529 4855; x_wconf 89' lang='lat' dir='ltr'><strong>vertit</strong></span> <span class='ocrx_word' id='word_1_817' title='bbox 1561 4808 1615 4855; x_wconf 91' lang='lat' dir='ltr'><strong>et</strong></span> <span class='ocrx_word' id='word_1_818' title='bbox 1652 4808 2002 4862; x_wconf 85' lang='lat' dir='ltr'><strong>commovet,</strong></span> <span class='ocrx_word' id='word_1_819' title='bbox 2062 4812 2127 4851; x_wconf 85' lang='lat' dir='ltr'><strong>ac</strong></span> <span class='ocrx_word' id='word_1_820' title='bbox 2192 4794 2402 4867; x_wconf 81' lang='lat' dir='ltr'><strong>peccati</strong></span> 
     </span>
    </p>
   </div>
   <div class='ocr_carea' id='block_1_94' title="bbox 844 4886 2401 4957">
    <p class='ocr_par' dir='ltr' id='par_1_94' title="bbox 844 4886 2401 4957">
     <span class='ocr_line' id='line_1_95' title="bbox 844 4886 2401 4957; baseline -0.005 -13"><span class='ocrx_word' id='word_1_821' title='bbox 844 4890 929 4945; x_wconf 87' lang='lat' dir='ltr'><strong>sui</strong></span> <span class='ocrx_word' id='word_1_822' title='bbox 989 4888 1308 4944; x_wconf 85' lang='lat' dir='ltr'><strong>memoriam</strong></span> <span class='ocrx_word' id='word_1_823' title='bbox 1369 4890 1619 4957; x_wconf 84' lang='lat' dir='ltr'><strong>repetit;</strong></span> <span class='ocrx_word' id='word_1_824' title='bbox 1691 4897 1749 4942; x_wconf 89' lang='lat' dir='ltr'><strong>ut</strong></span> <span class='ocrx_word' id='word_1_825' title='bbox 1810 4888 1938 4941; x_wconf 86' lang='lat' dir='ltr'><strong>hinc</strong></span> <span class='ocrx_word' id='word_1_826' title='bbox 2004 4886 2211 4953; x_wconf 84' lang='lat' dir='ltr'><strong>majore</strong></span> <span class='ocrx_word' id='word_1_827' title='bbox 2272 4898 2401 4955; x_wconf 89' lang='lat' dir='ltr'><strong>erga</strong></span> 
     </span>
    </p>
   </div>
   <div class='ocr_carea' id='block_1_95' title="bbox 802 4976 2396 5049">
    <p class='ocr_par' dir='ltr' id='par_1_95' title="bbox 802 4976 2396 5049">
     <span class='ocr_line' id='line_1_96' title="bbox 802 4976 2396 5049; baseline -0.002 -17"><span class='ocrx_word' id='word_1_828' title='bbox 802 4983 819 5000; x_wconf 65' lang='grc' dir='ltr'><em>ί</em></span> <span class='ocrx_word' id='word_1_829' title='bbox 846 4979 1011 5035; x_wconf 90' lang='lat' dir='ltr'><strong>Deum</strong></span> <span class='ocrx_word' id='word_1_830' title='bbox 1043 4980 1343 5049; x_wconf 76' lang='lat' dir='ltr'><strong>gratiarum</strong></span> <span class='ocrx_word' id='word_1_831' title='bbox 1390 4980 1602 5033; x_wconf 88' lang='lat' dir='ltr'><strong>actione</strong></span> <span class='ocrx_word' id='word_1_832' title='bbox 1650 4988 1847 5033; x_wconf 87' lang='lat' dir='ltr'><strong>utatur.</strong></span> <span class='ocrx_word' id='word_1_833' title='bbox 1897 4977 2265 5043; x_wconf 83' lang='lat' dir='ltr'><strong>Quamobrem</strong></span> <span class='ocrx_word' id='word_1_834' title='bbox 2299 4976 2396 5039; x_wconf 88' lang='lat' dir='ltr'><strong>ait,</strong></span> 
     </span>
    </p>
   </div>
   <div class='ocr_carea' id='block_1_96' title="bbox 844 5064 2401 5150">
    <p class='ocr_par' dir='ltr' id='par_1_96' title="bbox 844 5064 2401 5150">
     <span class='ocr_line' id='line_1_97' title="bbox 844 5064 2401 5150; baseline -0.002 -26"><span class='ocrx_word' id='word_1_835' title='bbox 844 5069 1143 5140; x_wconf 83' lang='lat' dir='ltr'><strong>Confitebor</strong></span> <span class='ocrx_word' id='word_1_836' title='bbox 1171 5064 1304 5150; x_wconf 61' lang='lat' dir='ltr'><strong>tibi;</strong></span> <span class='ocrx_word' id='word_1_837' title='bbox 1335 5083 1399 5122; x_wconf 88' lang='lat' dir='ltr'><strong>ac</strong></span> <span class='ocrx_word' id='word_1_838' title='bbox 1448 5070 1689 5138; x_wconf 86' lang='lat' dir='ltr'><strong>subjicit,</strong></span> <span class='ocrx_word' id='word_1_839' title='bbox 1720 5068 1924 5123; x_wconf 78' lang='lat' dir='ltr'><strong>Emisti</strong></span> <span class='ocrx_word' id='word_1_840' title='bbox 1956 5070 2189 5123; x_wconf 83' lang='lat' dir='ltr'><strong>animam</strong></span> <span class='ocrx_word' id='word_1_841' title='bbox 2233 5084 2401 5122; x_wconf 84' lang='lat' dir='ltr'><strong>meum</strong></span> 
     </span>
    </p>
   </div>
   <div class='ocr_carea' id='block_1_97' title="bbox 843 5160 2404 5230">
    <p class='ocr_par' dir='ltr' id='par_1_97' title="bbox 843 5160 2404 5230">
     <span class='ocr_line' id='line_1_98' title="bbox 843 5160 2404 5230; baseline -0.003 -13"><span class='ocrx_word' id='word_1_842' title='bbox 843 5176 909 5217; x_wconf 74' lang='lat' dir='ltr'><strong>ea:</strong></span> <span class='ocrx_word' id='word_1_843' title='bbox 943 5160 1148 5229; x_wconf 75' lang='lat' dir='ltr'><strong>inferno</strong></span> <span class='ocrx_word' id='word_1_844' title='bbox 1190 5160 1451 5230; x_wconf 76' lang='lat' dir='ltr'><strong>inferiori.</strong></span> <span class='ocrx_word' id='word_1_845' title='bbox 1505 5160 1639 5213; x_wconf 85' lang='lat' dir='ltr'><strong>Nam</strong></span> <span class='ocrx_word' id='word_1_846' title='bbox 1690 5168 1977 5230; x_wconf 83' lang='lat' dir='ltr'><strong>peccatum</strong></span> <span class='ocrx_word' id='word_1_847' title='bbox 2027 5161 2256 5215; x_wconf 89' lang='lat' dir='ltr'><strong>mortale</strong></span> <span class='ocrx_word' id='word_1_848' title='bbox 2296 5160 2404 5213; x_wconf 86' lang='lat' dir='ltr'><strong>htt-</strong></span> 
     </span>
    </p>
   </div>
   <div class='ocr_carea' id='block_1_98' title="bbox 840 5249 2405 5322">
    <p class='ocr_par' dir='ltr' id='par_1_98' title="bbox 840 5249 2405 5322">
     <span class='ocr_line' id='line_1_99' title="bbox 840 5249 2405 5322; baseline -0.002 -17"><span class='ocrx_word' id='word_1_849' title='bbox 840 5250 1079 5322; x_wconf 85' lang='lat' dir='ltr'><strong>jusmodi</strong></span> <span class='ocrx_word' id='word_1_850' title='bbox 1124 5258 1213 5307; x_wconf 86' lang='lat' dir='ltr'><strong>est</strong></span> <span class='ocrx_word' id='word_1_851' title='bbox 1237 5291 1253 5317; x_wconf 89' lang='lat'><strong>,</strong></span> <span class='ocrx_word' id='word_1_852' title='bbox 1285 5258 1345 5306; x_wconf 89' lang='lat' dir='ltr'><strong>ut</strong></span> <span class='ocrx_word' id='word_1_853' title='bbox 1378 5252 1430 5305; x_wconf 93' lang='lat' dir='ltr'><strong>in</strong></span> <span class='ocrx_word' id='word_1_854' title='bbox 1463 5250 1948 5320; x_wconf 79' lang='lat' dir='ltr'><strong>profundissimum</strong></span> <span class='ocrx_word' id='word_1_855' title='bbox 1992 5249 2191 5307; x_wconf 81' lang='lat' dir='ltr'><strong>inferni</strong></span> <span class='ocrx_word' id='word_1_856' title='bbox 2223 5251 2405 5306; x_wconf 86' lang='lat' dir='ltr'><strong>detra-</strong></span> 
     </span>
    </p>
   </div>
   <div class='ocr_carea' id='block_1_99' title="bbox 844 5345 2394 5416">
    <p class='ocr_par' dir='ltr' id='par_1_99' title="bbox 844 5345 2394 5416">
     <span class='ocr_line' id='line_1_100' title="bbox 844 5345 2394 5416; baseline -0.004 -14"><span class='ocrx_word' id='word_1_857' title='bbox 844 5347 960 5403; x_wconf 86' lang='lat' dir='ltr'><strong>hat.</strong></span> <span class='ocrx_word' id='word_1_858' title='bbox 992 5345 1128 5399; x_wconf 84' lang='lat' dir='ltr'><strong>Cum</strong></span> <span class='ocrx_word' id='word_1_859' title='bbox 1188 5347 1332 5401; x_wconf 90' lang='lat' dir='ltr'><strong>enim</strong></span> <span class='ocrx_word' id='word_1_860' title='bbox 1389 5348 1559 5399; x_wconf 89' lang='lat' dir='ltr'><strong>multa</strong></span> <span class='ocrx_word' id='word_1_861' title='bbox 1612 5346 1723 5401; x_wconf 89' lang='lat' dir='ltr'><strong>sint</strong></span> <span class='ocrx_word' id='word_1_862' title='bbox 1773 5352 2118 5415; x_wconf 84' lang='lat' dir='ltr'><strong>peccatorum</strong></span> <span class='ocrx_word' id='word_1_863' title='bbox 2172 5359 2394 5416; x_wconf 85' lang='lat' dir='ltr'><strong>genera,</strong></span> 
     </span>
    </p>
   </div>
   <div class='ocr_carea' id='block_1_100' title="bbox 840 5436 2401 5508">
    <p class='ocr_par' dir='ltr' id='par_1_100' title="bbox 840 5436 2401 5508">
     <span class='ocr_line' id='line_1_101' title="bbox 840 5436 2401 5508; baseline -0.003 -15"><span class='ocrx_word' id='word_1_864' title='bbox 840 5436 1097 5494; x_wconf 83' lang='lat' dir='ltr'><strong>videntur</strong></span> <span class='ocrx_word' id='word_1_865' title='bbox 1110 5437 1222 5491; x_wconf 82' lang='lat' dir='ltr'><strong>alia</strong></span> <span class='ocrx_word' id='word_1_866' title='bbox 1248 5437 1314 5492; x_wconf 87' lang='lat' dir='ltr'><strong>ad</strong></span> <span class='ocrx_word' id='word_1_867' title='bbox 1342 5437 1685 5508; x_wconf 80' lang='lat' dir='ltr'><strong>superﬁciem</strong></span> <span class='ocrx_word' id='word_1_868' title='bbox 1718 5437 1913 5492; x_wconf 79' lang='lat' dir='ltr'><strong>inferni</strong></span> <span class='ocrx_word' id='word_1_869' title='bbox 1944 5436 2178 5502; x_wconf 74' lang='lat' dir='ltr'><strong>deferre,</strong></span> <span class='ocrx_word' id='word_1_870' title='bbox 2202 5439 2306 5491; x_wconf 90' lang='lat' dir='ltr'><strong>alia</strong></span> <span class='ocrx_word' id='word_1_871' title='bbox 2333 5436 2401 5490; x_wconf 85' lang='lat' dir='ltr'><strong>ad</strong></span> 
     </span>
    </p>
   </div>
   <div class='ocr_carea' id='block_1_101' title="bbox 843 5528 2402 5600">
    <p class='ocr_par' dir='ltr' id='par_1_101' title="bbox 843 5528 2402 5600">
     <span class='ocr_line' id='line_1_102' title="bbox 843 5528 2402 5600; baseline -0.001 -16"><span class='ocrx_word' id='word_1_872' title='bbox 843 5530 1110 5593; x_wconf 82' lang='lat' dir='ltr'><strong>intimum,</strong></span> <span class='ocrx_word' id='word_1_873' title='bbox 1147 5528 1283 5591; x_wconf 88' lang='lat' dir='ltr'><strong>sive,</strong></span> <span class='ocrx_word' id='word_1_874' title='bbox 1322 5538 1381 5582; x_wconf 92' lang='lat' dir='ltr'><strong>ut</strong></span> <span class='ocrx_word' id='word_1_875' title='bbox 1414 5531 1536 5600; x_wconf 85' lang='lat' dir='ltr'><strong>quis</strong></span> <span class='ocrx_word' id='word_1_876' title='bbox 1567 5529 1782 5593; x_wconf 74' lang='lat' dir='ltr'><strong>dixerit,</strong></span> <span class='ocrx_word' id='word_1_877' title='bbox 1834 5529 1901 5583; x_wconf 89' lang='lat' dir='ltr'><strong>ad</strong></span> <span class='ocrx_word' id='word_1_878' title='bbox 1948 5530 2125 5600; x_wconf 84' lang='lat' dir='ltr'><strong>ipsum</strong></span> <span class='ocrx_word' id='word_1_879' title='bbox 2173 5528 2402 5600; x_wconf 79' lang='lat' dir='ltr'><strong>profun-</strong></span> 
     </span>
    </p>
   </div>
   <div class='ocr_carea' id='block_1_102' title="bbox 832 5618 2402 5691">
    <p class='ocr_par' dir='ltr' id='par_1_102' title="bbox 832 5618 2402 5691">
     <span class='ocr_line' id='line_1_103' title="bbox 832 5618 2402 5691; baseline -0.001 -17"><span class='ocrx_word' id='word_1_880' title='bbox 832 5621 994 5684; x_wconf 90' lang='lat' dir='ltr'><strong>-dum,</strong></span> <span class='ocrx_word' id='word_1_881' title='bbox 1028 5621 1098 5676; x_wconf 87' lang='lat' dir='ltr'><strong>de</strong></span> <span class='ocrx_word' id='word_1_882' title='bbox 1145 5634 1255 5689; x_wconf 91' lang='lat' dir='ltr'><strong>quo</strong></span> <span class='ocrx_word' id='word_1_883' title='bbox 1309 5618 1515 5676; x_wconf 83' lang='lat' dir='ltr'><strong>fertur:</strong></span> <span class='ocrx_word' id='word_1_884' title='bbox 1577 5620 1685 5676; x_wconf 71' lang='lat' dir='ltr'><strong>Vite</strong></span> <span class='ocrx_word' id='word_1_885' title='bbox 1714 5622 1814 5676; x_wconf 82' lang='lat' dir='ltr'><strong>viri</strong></span> <span class='ocrx_word' id='word_1_886' title='bbox 1856 5637 1971 5691; x_wconf 68' lang='lat' dir='ltr'><strong>quin</strong></span> <span class='ocrx_word' id='word_1_887' title='bbox 2020 5620 2259 5677; x_wconf 81' lang='lat' dir='ltr'><strong>uidentur</strong></span> <span class='ocrx_word' id='word_1_888' title='bbox 2291 5636 2402 5674; x_wconf 81' lang='lat' dir='ltr'><strong>esse</strong></span> 
     </span>
    </p>
   </div>
   <div class='ocr_carea' id='block_1_103' title="bbox 847 5713 2398 5783">
    <p class='ocr_par' dir='ltr' id='par_1_103' title="bbox 847 5713 2398 5783">
     <span class='ocr_line' id='line_1_104' title="bbox 847 5713 2398 5783; baseline 0.004 -20"><span class='ocrx_word' id='word_1_889' title='bbox 847 5720 1020 5777; x_wconf 66' lang='lat' dir='ltr'><strong>rectae,</strong></span> <span class='ocrx_word' id='word_1_890' title='bbox 1048 5718 1310 5779; x_wconf 86' lang='lat' dir='ltr'><strong>postrema</strong></span> <span class='ocrx_word' id='word_1_891' title='bbox 1339 5720 1511 5765; x_wconf 84' lang='lat' dir='ltr'><strong>autem</strong></span> <span class='ocrx_word' id='word_1_892' title='bbox 1544 5728 1727 5766; x_wconf 87' lang='lat' dir='ltr'><strong>earum</strong></span> <span class='ocrx_word' id='word_1_893' title='bbox 1766 5713 2047 5783; x_wconf 81' lang='lat' dir='ltr'><strong>respiciunt</strong></span> <span class='ocrx_word' id='word_1_894' title='bbox 2093 5714 2148 5768; x_wconf 88' lang='lat' dir='ltr'><strong>in</strong></span> <span class='ocrx_word' id='word_1_895' title='bbox 2176 5713 2398 5783; x_wconf 68' lang='lat' dir='ltr'><strong>profun—</strong></span> 
     </span>
    </p>
   </div>
   <div class='ocr_carea' id='block_1_104' title="bbox 817 4876 833 4916">
    <p class='ocr_par' dir='ltr' id='par_1_104' title="bbox 817 4876 833 4916">
     <span class='ocr_line' id='line_1_105' title="bbox 817 4876 833 4916; baseline 0 0"><span class='ocrx_word' id='word_1_896' title='bbox 817 4876 833 4916; x_wconf 73' lang='grc' dir='ltr'><strong>ί</strong></span> 
     </span>
    </p>
   </div>
   <div class='ocr_carea' id='block_1_105' title="bbox 882 5854 1907 5939">
    <p class='ocr_par' dir='ltr' id='par_1_105' title="bbox 882 5854 1907 5939">
     <span class='ocr_line' id='line_1_106' title="bbox 882 5854 1907 5939; baseline 0.004 -18"><span class='ocrx_word' id='word_1_897' title='bbox 882 5854 883 5859; x_wconf 37' lang='grc'><em>“</em></span> <span class='ocrx_word' id='word_1_898' title='bbox 915 5867 958 5899; x_wconf 83' lang='grc'>¹¹</span> <span class='ocrx_word' id='word_1_899' title='bbox 995 5864 1151 5923; x_wconf 82' lang='lat' dir='ltr'><strong>Joan.</strong></span> <span class='ocrx_word' id='word_1_900' title='bbox 1190 5884 1331 5939; x_wconf 77' lang='lat' dir='ltr'><strong>xvn,</strong></span> <span class='ocrx_word' id='word_1_901' title='bbox 1372 5868 1424 5923; x_wconf 79' lang='grc'>5.</span> <span class='ocrx_word' id='word_1_902' title='bbox 1506 5868 1550 5901; x_wconf 81' lang='grc'><strong>⁷³</strong></span> <span class='ocrx_word' id='word_1_903' title='bbox 1585 5866 1740 5926; x_wconf 79' lang='lat' dir='ltr'><strong>Joan.</strong></span> <span class='ocrx_word' id='word_1_904' title='bbox 1778 5887 1823 5938; x_wconf 88' lang='grc' dir='ltr'><strong>ι,</strong></span> <span class='ocrx_word' id='word_1_905' title='bbox 1863 5871 1907 5927; x_wconf 89' lang='grc'><strong>1.</strong></span> 
     </span>
    </p>
   </div>
   <div class='ocr_carea' id='block_1_106' title="bbox 2511 4708 4069 4788">
    <p class='ocr_par' dir='ltr' id='par_1_106' title="bbox 2511 4708 4069 4788">
     <span class='ocr_line' id='line_1_107' title="bbox 2511 4708 4069 4788; baseline -0.004 -20"><span class='ocrx_word' id='word_1_906' title='bbox 2511 4715 2783 4786; x_wconf 82' lang='grc' dir='ltr'>ἁμαρτίας</span> <span class='ocrx_word' id='word_1_907' title='bbox 2804 4711 2872 4788; x_wconf 85' lang='grc' dir='ltr'>ἦς</span> <span class='ocrx_word' id='word_1_908' title='bbox 2901 4714 3146 4785; x_wconf 75' lang='grc' dir='ltr'>ἥμαρτεν</span> <span class='ocrx_word' id='word_1_909' title='bbox 3168 4712 3571 4783; x_wconf 76' lang='grc' dir='ltr'>ἐξομολόγησιν,</span> <span class='ocrx_word' id='word_1_910' title='bbox 3597 4710 3672 4773; x_wconf 87' lang='grc' dir='ltr'>ὼς</span> <span class='ocrx_word' id='word_1_911' title='bbox 3695 4708 3759 4762; x_wconf 85' lang='grc' dir='ltr'><strong>ἂν</strong></span> <span class='ocrx_word' id='word_1_912' title='bbox 3790 4709 3864 4780; x_wconf 81' lang='grc' dir='ltr'>μὴ</span> <span class='ocrx_word' id='word_1_913' title='bbox 3886 4709 4069 4779; x_wconf 81' lang='grc' dir='ltr'>δοκοίη</span> 
     </span>
    </p>
   </div>
   <div class='ocr_carea' id='block_1_107' title="bbox 2507 4800 4071 4885">
    <p class='ocr_par' dir='ltr' id='par_1_107' title="bbox 2507 4800 4071 4885">
     <span class='ocr_line' id='line_1_108' title="bbox 2507 4800 4071 4885; baseline 0 -31"><span class='ocrx_word' id='word_1_914' title='bbox 2507 4801 2596 4855; x_wconf 82' lang='grc' dir='ltr'>διὰ</span> <span class='ocrx_word' id='word_1_915' title='bbox 2626 4802 2725 4885; x_wconf 82' lang='grc' dir='ltr'>τῆς</span> <span class='ocrx_word' id='word_1_916' title='bbox 2757 4801 3192 4873; x_wconf 84' lang='grc' dir='ltr'>παρασχεθείσης</span> <span class='ocrx_word' id='word_1_917' title='bbox 3226 4802 3375 4872; x_wconf 80' lang='grc' dir='ltr'>αὐτῷ</span> <span class='ocrx_word' id='word_1_918' title='bbox 3406 4800 3803 4883; x_wconf 84' lang='grc' dir='ltr'>συγχωρήσεως</span> <span class='ocrx_word' id='word_1_919' title='bbox 3842 4800 4071 4854; x_wconf 76' lang='grc' dir='ltr'>καὶτῶν</span> 
     </span>
    </p>
   </div>
   <div class='ocr_carea' id='block_1_108' title="bbox 2511 4881 4074 4962">
    <p class='ocr_par' dir='ltr' id='par_1_108' title="bbox 2511 4881 4074 4962">
     <span class='ocr_line' id='line_1_109' title="bbox 2511 4881 4074 4962; baseline -0.002 -19"><span class='ocrx_word' id='word_1_920' title='bbox 2511 4881 2648 4961; x_wconf 71' lang='grc' dir='ltr'>μετὰ</span> <span class='ocrx_word' id='word_1_921' title='bbox 2674 4890 3247 4962; x_wconf 79' lang='grc' dir='ltr'>ταῦτα-ὑπαρχθέντων</span> <span class='ocrx_word' id='word_1_922' title='bbox 3275 4888 3421 4959; x_wconf 80' lang='grc' dir='ltr'>αὐτῷ</span> <span class='ocrx_word' id='word_1_923' title='bbox 3438 4881 3457 4950; x_wconf 61' lang='grc'>,’</span> <span class='ocrx_word' id='word_1_924' title='bbox 3484 4885 3827 4958; x_wconf 86' lang='grc' dir='ltr'>χαυνοῦσθαι,</span> <span class='ocrx_word' id='word_1_925' title='bbox 3850 4887 3943 4941; x_wconf 77' lang='grc' dir='ltr'><strong>καὶ</strong></span> <span class='ocrx_word' id='word_1_926' title='bbox 3981 4890 4074 4961; x_wconf 68' lang='grc' dir='ltr'><strong>ρᾳ-</strong></span> 
     </span>
    </p>
   </div>
   <div class='ocr_carea' id='block_1_109' title="bbox 2508 4973 4071 5055">
    <p class='ocr_par' dir='ltr' id='par_1_109' title="bbox 2508 4973 4071 5055">
     <span class='ocr_line' id='line_1_110' title="bbox 2508 4973 4071 5055; baseline 0 -20"><span class='ocrx_word' id='word_1_927' title='bbox 2508 4973 2801 5055; x_wconf 68' lang='grc' dir='ltr'>θυμότερον</span> <span class='ocrx_word' id='word_1_928' title='bbox 2848 4982 3224 5055; x_wconf 80' lang='grc' dir='ltr'>ἀναστρέφειν.</span> <span class='ocrx_word' id='word_1_929' title='bbox 3286 4980 3627 5051; x_wconf 84' lang='grc' dir='ltr'>Ἐπιστρέφει</span> <span class='ocrx_word' id='word_1_930' title='bbox 3679 4979 3855 5033; x_wconf 87' lang='grc' dir='ltr'>τοίνυν</span> <span class='ocrx_word' id='word_1_931' title='bbox 3907 4982 4071 5046; x_wconf 83' lang='grc' dir='ltr'>αὐτὸς</span> 
     </span>
    </p>
   </div>
   <div class='ocr_carea' id='block_1_110' title="bbox 2508 5071 4068 5147">
    <p class='ocr_par' dir='ltr' id='par_1_110' title="bbox 2508 5071 4068 5147">
     <span class='ocr_line' id='line_1_111' title="bbox 2508 5071 4068 5147; baseline 0.001 -20"><span class='ocrx_word' id='word_1_932' title='bbox 2508 5075 2717 5141; x_wconf 76' lang='grc' dir='ltr'>ἑαυτὸν,</span> <span class='ocrx_word' id='word_1_933' title='bbox 2743 5074 2835 5129; x_wconf 75' lang='grc' dir='ltr'>καὶ</span> <span class='ocrx_word' id='word_1_934' title='bbox 2866 5076 3081 5147; x_wconf 84' lang='grc' dir='ltr'>μνήμην</span> <span class='ocrx_word' id='word_1_935' title='bbox 3103 5077 3333 5128; x_wconf 81' lang='grc' dir='ltr'>ποιεῖται</span> <span class='ocrx_word' id='word_1_936' title='bbox 3360 5072 3458 5141; x_wconf 81' lang='grc' dir='ltr'>τῆς</span> <span class='ocrx_word' id='word_1_937' title='bbox 3478 5071 3639 5138; x_wconf 80' lang='grc' dir='ltr'>αὐτοῦ</span> <span class='ocrx_word' id='word_1_938' title='bbox 3667 5072 3957 5145; x_wconf 76' lang='grc' dir='ltr'>ἁμαρτίας,</span> <span class='ocrx_word' id='word_1_939' title='bbox 3982 5075 4068 5128; x_wconf 83' lang='grc' dir='ltr'><strong>ἵνα</strong></span> 
     </span>
    </p>
   </div>
   <div class='ocr_carea' id='block_1_111' title="bbox 2512 5164 4071 5238">
    <p class='ocr_par' dir='ltr' id='par_1_111' title="bbox 2512 5164 4071 5238">
     <span class='ocr_line' id='line_1_112' title="bbox 2512 5164 4071 5238; baseline -0.009 -8"><span class='ocrx_word' id='word_1_940' title='bbox 2512 5167 2711 5235; x_wconf 75' lang='grc' dir='ltr'>μείζων</span> <span class='ocrx_word' id='word_1_941' title='bbox 2742 5167 2961 5237; x_wconf 82' lang='grc' dir='ltr'>γένηται</span> <span class='ocrx_word' id='word_1_942' title='bbox 2986 5169 3019 5237; x_wconf 83' lang='grc' dir='ltr'>ἡ</span> <span class='ocrx_word' id='word_1_943' title='bbox 3046 5168 3178 5238; x_wconf 84' lang='grc' dir='ltr'>πρὸς</span> <span class='ocrx_word' id='word_1_944' title='bbox 3205 5165 3296 5219; x_wconf 84' lang='grc' dir='ltr'><strong>τὸν</strong></span> <span class='ocrx_word' id='word_1_945' title='bbox 3328 5164 3457 5217; x_wconf 77' lang='grc' dir='ltr'>Θεὸν</span> <span class='ocrx_word' id='word_1_946' title='bbox 3485 5165 3799 5235; x_wconf 81' lang='grc' dir='ltr'>εὐχαριστία</span> <span class='ocrx_word' id='word_1_947' title='bbox 3818 5184 3831 5197; x_wconf 87' lang='grc'><strong>·</strong></span> <span class='ocrx_word' id='word_1_948' title='bbox 3860 5167 3939 5220; x_wconf 88' lang='grc' dir='ltr'><strong>διό</strong></span> <span class='ocrx_word' id='word_1_949' title='bbox 3966 5184 4071 5237; x_wconf 73' lang='grc' dir='ltr'><strong>φηο</strong></span> 
     </span>
    </p>
   </div>
   <div class='ocr_carea' id='block_1_112' title="bbox 2511 5254 4071 5327">
    <p class='ocr_par' dir='ltr' id='par_1_112' title="bbox 2511 5254 4071 5327">
     <span class='ocr_line' id='line_1_113' title="bbox 2511 5254 4071 5327; baseline -0.003 -18"><span class='ocrx_word' id='word_1_950' title='bbox 2511 5274 2624 5310; x_wconf 89' lang='grc' dir='ltr'>σιν·</span> <span class='ocrx_word' id='word_1_951' title='bbox 2670 5254 3213 5327; x_wconf 78' lang='grc' dir='ltr'>Ἐξομολοτήσομαι</span> <span class='ocrx_word' id='word_1_952' title='bbox 3251 5270 3383 5306; x_wconf 83' lang='grc' dir='ltr'>σοι·</span> <span class='ocrx_word' id='word_1_953' title='bbox 3416 5254 3509 5305; x_wconf 72' lang='grc' dir='ltr'><strong>καὶ</strong></span> <span class='ocrx_word' id='word_1_954' title='bbox 3541 5255 3763 5321; x_wconf 70' lang='grc' dir='ltr'>ὲπάγεισ</span> <span class='ocrx_word' id='word_1_955' title='bbox 3809 5255 4071 5322; x_wconf 74' lang='grc' dir='ltr'><strong>Ἐρῤὐσω</strong></span> 
     </span>
    </p>
   </div>
   <div class='ocr_carea' id='block_1_113' title="bbox 2508 5334 4070 5419">
    <p class='ocr_par' dir='ltr' id='par_1_113' title="bbox 2508 5334 4070 5419">
     <span class='ocr_line' id='line_1_114' title="bbox 2508 5334 4070 5419; baseline -0.004 -17"><span class='ocrx_word' id='word_1_956' title='bbox 2508 5349 2622 5417; x_wconf 82' lang='grc' dir='ltr'>τὴν</span> <span class='ocrx_word' id='word_1_957' title='bbox 2646 5350 2856 5419; x_wconf 68' lang='grc' dir='ltr'>ψυχήν</span> <span class='ocrx_word' id='word_1_958' title='bbox 2877 5366 2995 5418; x_wconf 83' lang='grc' dir='ltr'>μου</span> <span class='ocrx_word' id='word_1_959' title='bbox 3040 5348 3108 5412; x_wconf 83' lang='grc' dir='ltr'><strong>ἐξ</strong></span> <span class='ocrx_word' id='word_1_960' title='bbox 3142 5346 3289 5413; x_wconf 82' lang='grc' dir='ltr'>ᾅδου</span> <span class='ocrx_word' id='word_1_961' title='bbox 3319 5346 3670 5398; x_wconf 81' lang='grc' dir='ltr'>κατωτάτου.</span> <span class='ocrx_word' id='word_1_962' title='bbox 3708 5345 3770 5397; x_wconf 87' lang='grc' dir='ltr'><strong>Ἡ</strong></span> <span class='ocrx_word' id='word_1_963' title='bbox 3798 5334 3906 5415; x_wconf 63' lang='grc' dir='ltr'>ίγὰρ</span> <span class='ocrx_word' id='word_1_964' title='bbox 3935 5344 4070 5416; x_wconf 73' lang='grc' dir='ltr'>πρὸς</span> 
     </span>
    </p>
   </div>
   <div class='ocr_carea' id='block_1_114' title="bbox 2511 5434 4072 5512">
    <p class='ocr_par' dir='ltr' id='par_1_114' title="bbox 2511 5434 4072 5512">
     <span class='ocr_line' id='line_1_115' title="bbox 2511 5434 4072 5512; baseline -0.005 -18"><span class='ocrx_word' id='word_1_965' title='bbox 2511 5440 2737 5495; x_wconf 86' lang='grc' dir='ltr'>θάνατον</span> <span class='ocrx_word' id='word_1_966' title='bbox 2769 5440 3010 5512; x_wconf 84' lang='grc' dir='ltr'>ἁμαρτία</span> <span class='ocrx_word' id='word_1_967' title='bbox 3037 5436 3255 5507; x_wconf 78' lang='grc' dir='ltr'>τοιαύτη</span> <span class='ocrx_word' id='word_1_968' title='bbox 3297 5438 3571 5506; x_wconf 78' lang='grc' dir='ltr'>τυγχάνει,</span> <span class='ocrx_word' id='word_1_969' title='bbox 3600 5438 3679 5498; x_wconf 77' lang='grc' dir='ltr'><strong>εἰς</strong></span> <span class='ocrx_word' id='word_1_970' title='bbox 3706 5436 3797 5489; x_wconf 76' lang='grc' dir='ltr'>τὸν</span> <span class='ocrx_word' id='word_1_971' title='bbox 3826 5434 4072 5489; x_wconf 81' lang='grc' dir='ltr'>κατώτα-</span> 
     </span>
    </p>
   </div>
   <div class='ocr_carea' id='block_1_115' title="bbox 2509 5525 4065 5605">
    <p class='ocr_par' dir='ltr' id='par_1_115' title="bbox 2509 5525 4065 5605">
     <span class='ocr_line' id='line_1_116' title="bbox 2509 5525 4065 5605; baseline -0.004 -20"><span class='ocrx_word' id='word_1_972' title='bbox 2509 5550 2598 5587; x_wconf 91' lang='grc' dir='ltr'><strong>τον</strong></span> <span class='ocrx_word' id='word_1_973' title='bbox 2623 5532 2754 5605; x_wconf 78' lang='grc' dir='ltr'>ᾇὸην</span> <span class='ocrx_word' id='word_1_974' title='bbox 2780 5530 3135 5586; x_wconf 79' lang='grc' dir='ltr'>κατασπῶσαι.</span> <span class='ocrx_word' id='word_1_975' title='bbox 3168 5528 3381 5582; x_wconf 78' lang='grc' dir='ltr'>Πολλῶν</span> <span class='ocrx_word' id='word_1_976' title='bbox 3410 5529 3517 5600; x_wconf 78' lang='grc' dir='ltr'><strong>γὰρ</strong></span> <span class='ocrx_word' id='word_1_977' title='bbox 3545 5528 3718 5582; x_wconf 79' lang='grc' dir='ltr'>οὐσῶν</span> <span class='ocrx_word' id='word_1_978' title='bbox 3763 5525 4065 5598; x_wconf 81' lang='grc' dir='ltr'>ἁμαρτιῶν,</span> 
     </span>
    </p>
   </div>
   <div class='ocr_carea' id='block_1_116' title="bbox 2507 5618 4114 5695">
    <p class='ocr_par' dir='ltr' id='par_1_116' title="bbox 2507 5618 4114 5695">
     <span class='ocr_line' id='line_1_117' title="bbox 2507 5618 4114 5695; baseline -0.004 -19"><span class='ocrx_word' id='word_1_979' title='bbox 2507 5624 2743 5677; x_wconf 75' lang='grc' dir='ltr'>ἐοίκασιν</span> <span class='ocrx_word' id='word_1_980' title='bbox 2773 5627 2828 5679; x_wconf 87' lang='grc' dir='ltr'><strong>αί</strong></span> <span class='ocrx_word' id='word_1_981' title='bbox 2858 5624 2955 5695; x_wconf 83' lang='grc' dir='ltr'>μὲν</span> <span class='ocrx_word' id='word_1_982' title='bbox 2986 5620 3079 5676; x_wconf 89' lang='grc' dir='ltr'><strong>τοῦ</strong></span> <span class='ocrx_word' id='word_1_983' title='bbox 3109 5621 3233 5692; x_wconf 72' lang='grc' dir='ltr'>ᾅδου</span> <span class='ocrx_word' id='word_1_984' title='bbox 3261 5624 3339 5685; x_wconf 90' lang='grc' dir='ltr'>εἰς</span> <span class='ocrx_word' id='word_1_985' title='bbox 3364 5618 3431 5674; x_wconf 76' lang='grc' dir='ltr'>τὰ</span> <span class='ocrx_word' id='word_1_986' title='bbox 3462 5620 3745 5675; x_wconf 81' lang='grc' dir='ltr'>ἐπιπόλαια</span> <span class='ocrx_word' id='word_1_987' title='bbox 3764 5620 3976 5689; x_wconf 61' lang='grc' dir='ltr'>φέρειν,</span> <span class='ocrx_word' id='word_1_988' title='bbox 4011 5618 4068 5670; x_wconf 73' lang='grc' dir='ltr'>αἱ</span> <span class='ocrx_word' id='word_1_989' title='bbox 4110 5674 4114 5678; x_wconf 59' lang='grc'><strong>,</strong></span> 
     </span>
    </p>
   </div>
   <div class='ocr_carea' id='block_1_117' title="bbox 2483 5708 4070 5780">
    <p class='ocr_par' dir='ltr' id='par_1_117' title="bbox 2483 5708 4070 5780">
     <span class='ocr_line' id='line_1_118' title="bbox 2483 5708 4070 5780; baseline -0.006 -8"><span class='ocrx_word' id='word_1_990' title='bbox 2483 5715 2559 5772; x_wconf 63' lang='grc' dir='ltr'><strong>δὲ</strong></span> <span class='ocrx_word' id='word_1_991' title='bbox 2590 5717 2669 5780; x_wconf 81' lang='grc' dir='ltr'><strong>εἰς</strong></span> <span class='ocrx_word' id='word_1_992' title='bbox 2698 5716 2764 5771; x_wconf 77' lang='grc' dir='ltr'>τὰ</span> <span class='ocrx_word' id='word_1_993' title='bbox 2795 5714 3100 5778; x_wconf 83' lang='grc' dir='ltr'>κατώτατα,</span> <span class='ocrx_word' id='word_1_994' title='bbox 3132 5715 3244 5779; x_wconf 75' lang='grc' dir='ltr'>καὶ,</span> <span class='ocrx_word' id='word_1_995' title='bbox 3286 5714 3360 5779; x_wconf 84' lang='grc' dir='ltr'>ὡς</span> <span class='ocrx_word' id='word_1_996' title='bbox 3396 5713 3461 5768; x_wconf 82' lang='grc' dir='ltr'>ἂν</span> <span class='ocrx_word' id='word_1_997' title='bbox 3490 5714 3631 5766; x_wconf 83' lang='grc' dir='ltr'>εἴποι</span> <span class='ocrx_word' id='word_1_998' title='bbox 3662 5731 3765 5776; x_wconf 82' lang='grc' dir='ltr'>τις,</span> <span class='ocrx_word' id='word_1_999' title='bbox 3795 5713 3874 5773; x_wconf 83' lang='grc' dir='ltr'>εἰς</span> <span class='ocrx_word' id='word_1_1000' title='bbox 3907 5708 4070 5764; x_wconf 73' lang='grc' dir='ltr'>αὑτὸν</span> 
     </span>
    </p>
   </div>
  </div>
