4406 6462
826 564 961 622 1059

1517 547 1778 609 EUSEBH
1815 545 2279 606 ΟᾸΞΞΑΗΙΕΝΞΙΞ
2312 540 2459 599 OPP.
2492 535 2675 596 PARS
2711 536 2797 595 lll.
2839 566 2907 576 —
2943 529 3350 589 EXEGETICA.

3855 525 4017 585 ωιο

827 675 1031 746 pudore
1087 668 1401 728 adiciuntur,
1457 683 1485 720 a
1541 667 1694 736 signo
1739 663 1996 718 indicium
2049 661 2344 721 habentes,
2376 655 2566 724 Αφίλο

2255 673 2307 713 es
2331 698 2344 721 ,
2376 662 2422 718 Α
2449 655 2586 724 φίλοι
2612 652 2906 723 χαίρουσιν,
2937 648 2984 699 οἱ
3014 646 3070 698 δὲ
3099 643 3280 728 ἐχθροὶ
3311 640 3405 694 καὶ
3430 639 3480 692 oi
3517 633 3995 746 pta'bt'ivtscuaiagt'r

826 768 1002 836 ipsum
1049 761 1101 814 in
1153 757 1415 828 ejusmodi
1468 771 1596 810 casu
1644 755 1846 810 auxilio
1886 762 1939 807 et
1989 750 2354 806 consolatione

826 853 1040 908 muniri.
1069 849 1131 903 Et
1167 850 1390 903 fortasse
1420 848 1646 900 inimica:
1684 846 1926 907 virtutes,
1957 843 2167 912 signum
2187 839 2355 893 Caino

828 942 1132 1012 impositum
1158 947 1458 1001 cernentes,
1498 936 1820 1006 gaudebant,
1857 934 2000 1004 quod
2056 933 2263 988 soleam
2289 930 2356 984 de

829 1031 1014 1086 alienis
1058 1031 1224 1084 laetari
1260 1028 1446 1094 malis;
1480 1027 1652 1096 angeli
1682 1041 1809 1080 vero
1834 1022 1928 1078 Dei
1961 1023 2026 1076 de
2058 1021 2150 1075 illo
2178 1033 2356 1090 geme-

826 1121 976 1184 bant,
1011 1136 1075 1173 ex
1098 1119 1250 1188 signo
1282 1116 1671 1185 impendentem
1719 1114 1795 1170 illi
1826 1129 1856 1166 a
1888 1112 1996 1166 Deo
2025 1113 2158 1165 iram
2196 1124 2357 1178 agno-

809 1219 1059 1268 'scentes.
1091 1209 1156 1261 At
1182 1209 1234 1261 in
1269 1209 1518 1276 religiosa
1553 1208 1732 1260 anima
1767 1204 2095 1259 contrarium
2127 1201 2353 1264 accidit;

825 1301 1055 1354 inimicm
1081 1300 1276 1368 quippe
1296 1298 1518 1349 virtutes
1551 1292 1970 1354 confunduntur,
2000 1292 2197 1344 bonum
2227 1289 2356 1342 illud

825 1393 1037 1460 signum
1067 1389 1121 1441 in
1151 1388 1265 1456 ipsa
1294 1387 1524 1456 positum
1548 1384 1969 1453 conspicientes;
1996 1380 2159 1434 divini
2182 1386 2355 1432 autem

823 1491 876 1532 et
916 1480 1045 1533 boni
1099 1478 1270 1545 angeli
1305 1476 1542 1546 gaudent
1566 1482 1619 1529 et
1645 1473 1985 1543 gratulantur
2019 1471 2087 1525 ei.
2122 1469 2355 1538 ldipsum

824 1569 1009 1620 docuit
1041 1565 1286 1621 Salvator
1314 1573 1496 1620 noster
1517 1565 1720 1626 dicens,
1744 1562 1995 1632 gaudium
2019 1575 2138 1615 esse
2171 1559 2224 1613 in
2250 1573 2360 1614 cae-

826 1658 892 1711 lis
926 1672 1090 1726 super
1130 1670 1237 1709 uno
1267 1664 1547 1725 peccatore
1567 1651 1939 1722 paenitentiam
1968 1657 2158 1720 agente
2183 1649 2249 1701 ⁷⁸.

998 1937 1049 1990 1.
1077 1933 1272 2004 FILIIS
1297 1932 1499 1999 CORE,
1530 1928 1844 1985 PSALMUS
1881 1927 2169 1983 CAN'I‘ICI.

1446 2022 1727 2079 LXXXVI.

898 2119 1062 2174 Vsus.
1099 2119 1215 2173 2-4.
1248 2116 1613 2170 Fundamenta
1641 2115 1750 2183 ejus
1772 2116 1823 2167 in
1852 2115 2108 2168 montibus
2129 2115 2362 2168 sanctis:

829 2210 998 2280 diligit
1025 2209 1278 2262 Dominus
1303 2216 1478 2274 portas
1498 2204 1624 2260 Sion
1653 2222 1808 2273 super
1833 2206 2010 2259 omnia
2032 2204 2367 2258 tabernacula

829 2300 1014 2355 Iacob.
1054 2299 1294 2352 Gloriosa
1316 2298 1459 2350 dicta
1476 2305 1595 2350 sunt
1618 2299 1678 2349 de
1705 2306 1773 2357 te,
1804 2297 1986 2349 civitas
2021 2295 2137 2349 Dei.
2170 2294 2369 2349 Memo-

830 2392 959 2445 rabo
977 2388 1153 2441 Rahab
1181 2399 1228 2441 et
1246 2388 1582 2456 Babylonem,
1603 2387 1878 2441 scientibus
1905 2403 2002 2440 me.
2028 2385 2133 2440 Pro
2150 2386 2262 2449 illo,
2284 2384 2376 2439 Εἰ·-

832 2483 916 2536 liis
932 2481 1080 2544 Core,
1098 2481 1286 2548 Aquila
1303 2491 1354 2534 et
1370 2479 1741 2549 Symmachus,
1761 2477 2014 2532 Filiorum
2030 2477 2178 2542 Core,
2197 2478 2372 2548 edide-

832 2579 977 2635 runt,
996 2572 1146 2642 quasi
1163 2572 1397 2640 psalmus
1414 2571 1480 2624 ab
1497 2569 1560 2625 iis
1572 2569 1900 2640 compositus
1918 2570 2006 2632 sit,
2022 2571 2105 2624 vel
2126 2570 2191 2622 ab
2205 2569 2272 2623 iis
2290 2583 2373 2623 re-

831 2664 1047 2725 citatus,
1072 2677 1178 2716 non
1201 2662 1487 2715 modocum
1515 2661 1787 2731 psalterio,
1815 2661 1907 2715 sed
1927 2662 2084 2715 etiam
2104 2676 2225 2715 cum
2247 2677 2373 2716 can-

832 2755 959 2806 tico.
988 2753 1119 2807 Cum
1153 2761 1330 2806 autem
1372 2767 1578 2805 mecum
1614 2761 1917 2821 reputarem
1950 2765 2055 2820 qua
2104 2751 2170 2808 de
2209 2766 2374 2805 causa

833 2847 1019 2916 psalmi
1039 2844 1130 2916 qui
1153 2843 1412 2898 Filiorum
1433 2843 1563 2900 Core
1578 2844 1821 2914 inscripti
1841 2851 1967 2897 sunt
1991 2859 2095 2898 non
2118 2858 2223 2896 una
2245 2857 2378 2896 con-

829 2938 1001 3006 juncti
1023 2938 1150 2999 sint,
1166 2937 1257 2991 sed
1280 2937 1448 3005 primo
1461 2935 1745 3003 separatim
1766 2936 1925 3004 positi
1947 2948 1976 2986 a
1993 2949 2078 2985 xu
2091 2947 2171 2994 ,ac
2189 2947 2377 2987 rursus

835 3027 941 3080 duo
955 3027 1181 3081 seorsim
1205 3025 1390 3093 locati,
1412 3038 1600 3093 nempe
1624 3038 1828 3078 unm
1848 3031 1900 3078 et
1916 3037 2131 3086 univ,
2156 3023 2378 3076 iterum-

836 3131 942 3185 que
967 3115 1056 3174 alii
1079 3115 1207 3179 duo,
1239 3114 1445 3168 scilicet
1466 3113 1553 3166 hic
1585 3128 1745 3182 quem
1776 3118 2073 3166 tractamus
2107 3119 2162 3164 et
2193 3113 2379 3166 subse-

838 3220 1039 3274 quens;
1069 3212 1122 3259 et
1159 3219 1256 3260 cur
1278 3204 1332 3256 in
1369 3203 1549 3257 medio
1577 3203 1802 3257 istorum
1836 3201 2043 3271 positus
2079 3201 2148 3256 sit
2176 3215 2373 3262 axx-xv,

2452 761 2647 806 νονται,
2674 740 2950 810 γνώρισμα
2991 726 3243 795 λαϐόντες
3273 732 3360 786 διὰ
3390 730 3481 783 τοῦ
3513 729 3756 800 σημείου,
3799 729 3880 780 ὅτι
3911 726 3997 796 βε-

2453 836 2707 905 ϐοήθηται
2731 832 2822 884 καὶ
2849 825 3254 898 παρακέκληται
3273 822 3362 874 ἐπὶ
3389 819 3464 890 τῷ
3489 812 3868 888 συμϐεϐηκότι.
3890 815 4000 870 Καὶ

2452 929 2589 997 τάχα
2618 926 2710 977 ἐπὶ
2757 922 2852 992 μὲν
2877 919 2969 974 τοῦ
3013 917 3151 970 Κάῗν
3181 916 3237 967 αι
3281 911 3469 998 ἐχθραὶ
3495 909 3767 978 δυνάμεις,
3797 906 4002 977 ὁρῶσαι

2452 1020 2510 1072 τὸ
2554 1015 2793 1070 ὲπιτεθὲν
2823 1008 2970 1080 αὐτῷ
3019 1010 3238 1079 σημεῖον
3269 1004 3371 1057 ὑπὸ
3396 1001 3488 1056 τοῦ
3529 999 3683 1063 Θεοῦ,
3717 998 4006 1066 ἐπέχαιρεν

2453 1108 2617 1180 αὐτῷ,
2655 1107 2748 1162 ars
2795 1099 3264 1172 ἐπιχαιρησίκακοι
3305 1089 3490 1147 οὖσαν
3534 1093 3582 1143 oi
3628 1089 3684 1142 δὲ
3725 1086 3817 1180 τοῦ
3869 1085 4003 1139 Θεοῦ

2453 1199 2664 1270 ἄγγελοι
2696 1195 2978 1249 έπέστενον
3008 1187 3153 1259 αὐτῷ
3174 1185 3260 1239 διὰ
3282 1184 3376 1237 τοῦ
3407 1183 3626 1253 σημείου
3649 1180 3746 1251 τὴν
3768 1179 4001 1270 ὲπηρτη-
4045 1225 4051 1228 _

2459 1268 2622 1361 μένην
2649 1285 2795 1354 αὑτῷ
2837 1285 2901 1336 ὲκ
2942 1279 3075 1334 Θεοῦ
3103 1277 3267 1349 ἀργὴν
3305 1272 3764 1342 ἐπιγινώσκοντες.

2454 1359 2551 1452 τῆς
2583 1375 2854 1447 θεοφιλοῦς
2885 1372 3062 1443 ψυχῆς
3081 1367 3401 1430 τούναντίον,
3427 1368 3482 1418 αἱ
3512 1364 3607 1434 μὲν
3634 1359 4003 1452 ὲχθραὶλδυνά-

2459 1450 2577 1546 μεις
2612 1466 3055 1538 καταισχύνονται
3083 1460 3146 1544 τρ
3175 1458 3370 1528 ἀγαθὸν
3407 1458 3626 1526 σημεῖον
3659 1450 4008 1546 έπικείμενον

2455 1542 2657 1634 δρῶσαι
2681 1561 2814 1628 αὐτῇ
2833 1574 2845 1586 ·
2873 1556 2921 1609 οί
2949 1555 3006 1607 δὲ
3035 1542 3166 1606 θείοι
3194 1549 3285 1602 καὶ
3299 1547 3507 1617 ’ἀγαθοὶ
3524 1544 3738 1614 ἄγγελοι
3763 1542 4007 1634 χαίρουσι

2456 1633 2549 1707 και
2573 1647 3041 1720 συνευφραίνονται
3067 1643 3222 1712 αὐτῇ.
3256 1640 3423 1693 Τοῦτο
3465 1638 3558 1691 καὶ
3585 1640 3613 1690 ι
3634 1635 3822 1706 Σωτὴρ
3853 1633 4008 1720 ἡμῶν

2458 1741 2689 1804 ἐδίδαξεν
2723 1717 2910 1799 εἰπὼν,
2942 1733 3113 1805 χαρὰν
3136 1730 3409 1809 γίτνεσθαι
3443 1729 3500 1782 έν
3521 1729 3631 1790 τοῖς
3656 1727 3899 1796 οὐρανοῖς
3920 1717 4009 1777 ἐπὶ

2460 1835 2538 1886 ἐνὶ
2563 1827 2861 1901 ἁμαρτωλῷ
2886 1822 3252 1896 μετανοοῦντι.

2633 1938 2785 1991 ΤΟΙΣ
2820 1934 2997 1989 ΥΙΟΙΣ
3032 1933 3233 1995 KOPE,
3271 1929 3556 1983 ΨΔΛΜΟΣ
3592 1927 3783 1999 ῼΔΗΣ.

3163 2024 3305 2090 Πςν.

2539 2125 2601 2175 οι
2637 2120 2888 2190 θεμέλιοι
2933 2116 3117 2172 αὐτοῦ
3167 2116 3237 2169 ἐν
3273 2113 3398 2180 τοῖς
3449 2113 3613 2181 ὄρεσι
3655 2110 3777 2177 τοῖς
3797 2110 3981 2180 ἁγίοις
3999 2124 4011 2138 ·

2466 2210 2663 2282 ἀγαπᾷ
2705 2212 2916 2277 Κύριος
2944 2209 3047 2274 τὰς
3071 2209 3266 2272 πύλας
3315 2203 3467 2260 Σιὼν
3512 2202 3663 2269 ὑπὲρ
3708 2200 3903 2254 πάντα
3947 2198 4017 2253 τὰ

2467 2303 2821 2373 σκηνώματα
2865 2300 3084 2356 Ἰακώϐ.
3135 2296 3545 2366 Δεδοξασμένα
3584 2294 3845 2362 ἐλαλήθη
3887 2291 4017 2360 περὶ

2467 2400 2603 2461 σοῦ,
2647 2398 2686 2463 ἡ
2720 2397 2892 2461 πόλις
2916 2393 3022 2447 τοῦ
3054 2391 3221 2446 Θεοῦ.
3254 2389 3685 2458 Μησθήσομαι
3721 2387 3900 2441 Ῥαὰϐ
3922 2385 4020 2439 καὶ

2471 2483 2818 2552 Βαϐυλῶνος
2856 2484 2978 2550 τοῖς
3024 2481 3384 2553 γινώσκουσί
3420 2496 3517 2549 με.
3554 2477 3697 2532 Ἀντὶ
3737 2476 3853 2544 τοῦ,
3893 2474 4021 2541 Τοῖς

2469 2580 2620 2646 υἱοῖς
2668 2583 2836 2646 Κορὲ,
2870 2578 2900 2629 ὁ
2935 2574 3162 2638 ’Δκύλας
3209 2574 3303 2650 καὶ
3349 2572 3659 2643 Σύμμαχος,
3712 2569 3835 2624 Τῶν
3877 2567 4024 2623 υἱῶν·

2471 2655 3065 2738 Κορὲξὲκδεδώκασιν,
3102 2666 3178 2728 ὡς
3219 2664 3310 2718 ὑπ’
3344 2664 3522 2718 αὐτῶν
3570 2662 3954 2733 πεποιημένου,
3984 2659 4020 2730 ἢ

2471 2762 2559 2814 διὰ
2587 2761 2786 2814 τούτων
2819 2758 3103 2830 είρημένου
3133 2755 3228 2810 τοῦ
3268 2753 3481 2825 ψαλμοῦ
3514 2754 3608 2807 καὶ
3634 2753 3934 2824 λεχθέντος,
3962 2753 4025 2804 οὐ

2483 2846 2639 2916 μόνον
2668 2845 2754 2898 διὰ
2773 2845 3087 2915 ψαλτηρίου,
3118 2843 3250 2897 ἀλλὰ
3286 2844 3378 2898 καὶ
3413 2845 3529 2914 μετ’
3563 2842 3724 2912 ᾠδῆς.
3753 2841 3938 2912 Ζητῶν
3968 2841 4026 2893 δὲ

2477 2940 2604 3009 παρ’
2637 2936 2875 3008 ἐμαυτῷ,
2903 2936 3007 2989 τίνι
3023 2936 3162 3006 λόγῳ
3195 2936 3266 3007 μὴ
3290 2936 3486 2996 πάντες
3512 2929 3650 3004 ἦσαν
3683 2933 3766 3002 ἐφ’
3800 2933 3881 2986 ένὶ
3905 2949 4027 2984 συν-

2477 3027 2709 3100 ημμένοι
2729 3027 2776 3079 οἱ
2799 3027 3254 3097 ἐπιγεγραμμένοι
3279 3025 3400 3078 Τῶν
3424 3023 3568 3078 υἱῶν
3580 3023 3873 3092 Κορὲ,ἀλλ’
3890 3022 4029 3076 οὕτω

2481 3119 2578 3188 μὲν
2598 3117 2738 3181 ίδίως
2759 3116 2962 3188 πρῶτοι
2978 3119 3026 3169 oi
3051 3117 3157 3170 ἀπὸ
3180 3115 3273 3168 τοῦ
3294 3122 3402 3184 pa."
3431 3115 3526 3167 καὶ
3545 3114 3704 3167 πάλιν
3729 3115 3872 3178 ίδίως
3890 3115 4031 3182 ἀφω-

2483 3211 2722 3282 ρισμέναι
2747 3209 2837 3262 δύο
2861 3210 2890 3261 ὁ
2913 3213 3020 3276 πγθ,
3044 3207 3129 3261 ὁδ’
3144 3208 3235 3261 καὶ
3253 3213 3305 3259 π’
3330 3223 3345 3238 ο
3364 3206 3455 3259 καὶ
3486 3205 3642 3258 πάλιν
3663 3189 3838 3276 ἕτεροι
3868 3203 3978 3270 δύο,
3997 3203 4029 3256 ὁ

839 3299 1159 3367 inscriptus,
1211 3295 1394 3350 Oratio
1435 3293 1650 3350 Dasidia
1681 3312 1699 3347 :
1729 3310 1833 3362 qua
1884 3294 1950 3349 de
1987 3310 2046 3348 re
2088 3308 2208 3364 quae
2263 3301 2376 3346 tum
2405 3313 2448 3375 ο
2483 3319 2579 3372 μετ

2290 3309 2376 3346 um
2405 3313 2448 3375 ο
2483 3303 2618 3372 μετὰ
2641 3304 2824 3372 χεῖρας
2845 3301 2937 3354 καὶ
2956 3302 2983 3353 ὁ
3005 3299 3128 3370 ὲξῆς
3143 3298 3305 3369 αὐτῷ·
3334 3297 3494 3369 μέσος
3516 3299 3572 3351 δὲ
3589 3296 4030 3370 παρεμϐέϐληται

840 3389 1248 3452 succurrebant,
1278 3387 1330 3440 in
1380 3393 1770 3455 postremorum
1814 3384 2171 3454 explicatione
2218 3398 2246 3436 a
2294 3397 2379 3436 me

837 3478 946 3549 jam
984 3479 1177 3532 tradita
1199 3484 1344 3531 sunt.
1381 3473 1550 3530 Secus
1573 3475 1802 3529 fortasse
1841 3474 2109 3542 quispiam
2138 3472 2378 3534 dixerit;

841 3585 1028 3638 nempe
1057 3582 1244 3620 omnes
1280 3567 1368 3636 qui
1405 3568 1457 3618 in
1504 3567 1640 3619 libro
1667 3563 2003 3617 Psalmorum
2036 3563 2300 3626 feruntur,
2348 3578 2379 3615 a

842 3660 1078 3714 diversis
1100 3660 1229 3712 viris
1269 3656 1582 3726 prophetico
1616 3654 1821 3723 Spiritu
1854 3654 2043 3707 afilatis
2068 3655 2384 3722 pronuntia-

842 3758 946 3812 tos,
979 3749 1263 3816 separatim
1299 3749 1505 3814 positos
1540 3745 1727 3811 fuisse,
1764 3753 1875 3798 tum
1910 3745 2033 3814 quia
2063 3760 2169 3798 non
2192 3744 2378 3798 eodem

845 3850 1084 3908 tempore
1112 3837 1263 3901 dicti,
1294 3847 1402 3890 tum
1452 3836 1580 3906 quia
1608 3851 1714 3890 non
1746 3837 1813 3890 ab
1855 3835 2042 3890 iisdem
2072 3836 2383 3905 prephetice

842 3929 1169 3998 pronuntiati
1228 3927 1457 3982 fuerant.
1517 3927 1562 3981 Α
1610 3927 1874 3997 principio
1930 3928 2110 3997 itaque
2162 3927 2380 3996 quidam

843 4018 1006 4073 Mosis
1059 4019 1349 4086 inscriptus
1391 4017 1527 4083 fuit,
1583 4018 1673 4072 alii
1729 4017 1954 4087 Asaphi,
2005 4017 2096 4070 alii
2140 4015 2382 4079 Davidis,

844 4124 985 4163 unus
1028 4105 1352 4171 Salomonis,
1388 4107 1601 4164 fEtham
1650 4108 1913 4162 Esdraitaa
1950 4121 2162 4176 quoque
2210 4107 2385 4171 alius;

845 4199 1000 4251 multi
1035 4211 1158 4252 vero
1190 4206 1380 4266 praeter
1409 4199 1570 4252 hosce
1597 4198 1949 4266 inscriptione
1971 4203 2198 4259 curent,
2233 4196 2305 4248 ita
2329 4204 2386 4249 ut

846 4287 1129 4355 cujusnam
1174 4288 1280 4340 sint
1318 4288 1456 4341 scire
1504 4301 1853 4354 nequeamus.
1883 4285 2016 4338 Cum
2064 4300 2193 4354 ergo
2236 4287 2385 4341 varie

847 4379 1054 4432 recitati
1089 4379 1333 4442 fuissent,
1371 4377 1602 4447 sparsim
1633 4378 1794 4446 positi
1840 4390 1869 4428 a
1915 4377 2172 4431 studiosis
2194 4377 2385 4431 harum

2481 3394 2685 3447 τούτων
2707 3396 2734 3447 ὁ
2753 3399 2834 3447 πε⁹
2859 3388 3328 3463 ἐπιγεγραμμένος
3348 3389 3663 3460 Προσευχὴ
3698 3387 3805 3444 τοῦ
3830 3387 4028 3443 Δαυΐδο

2480 3485 2547 3539 τὰ
2575 3487 2670 3556 μὲν
2697 3485 2818 3556 ἐμοὶ
2841 3483 3188 3556 παραστάντα
3208 3484 3287 3546 είς
3308 3483 3405 3552 τὴν
3431 3482 3538 3536 τῶν
3561 3481 3878 3535 τελευταίων
3902 3480 4035 3535 θεω-

2484 3576 2603 3648 ρίαν
2651 3576 2738 3629 διὰ
2782 3575 2888 3629 τῶν
2928 3574 3226 3645 εἰρημένων
3273 3574 3374 3645 ήδη
3419 3575 3678 3646 πρότερον
3707 3573 4031 3645 δεδήλωται.

2480 3667 2636 3720 Εἴποι
2668 3667 2712 3720 δ’
2737 3666 2801 3721 ἄν
2826 3684 2910 3729 τις
2937 3667 3032 3719 καὶ
3060 3666 3247 3730 ἄλλως,
3270 3666 3350 3719 δτι
3383 3665 3579 3728 πάντες
3600 3668 3650 3719 οἱ
3678 3667 3735 3719 ὲν
3773 3668 3838 3736 τῇ
3871 3663 4037 3734 βίϐλῳ

2481 3758 2586 3812 τῶν
2611 3752 2854 3828 Ψαλμῶν
2891 3758 3176 3827 φερόμενοι
3202 3756 3367 3824 λόγοι,
3404 3758 3509 3810 ὑπὸ
3532 3757 3801 3828 διαφόρων
3833 3756 4038 3828 άνδριῖιν

2485 3846 2801 3918 προφητικῷ
2840 3848 3113 3917 Πνεύματι
3153 3847 3518 3917 λελαλημένοι,
3559 3847 3845 3911 ἰδιάζοντες
3877 3844 4037 3918 ἦσαν,

2482 3937 2556 4000 ὡς
2585 3937 2649 3991 ἂν
2675 3938 2810 4008 μήτε
2843 3939 2930 4006 ὑφ’
2960 3938 3054 3991 ἕνα
3083 3938 3271 4009 καιρὸν
3305 3937 3602 4006 λεχθέντες,
3638 3940 3774 4008 μήτε
3804 3938 3906 3991 ὑπὸ
3932 3937 4041 3991 τῶν

2485 4031 2659 4082 αὐτῶν
2701 4030 3180 4100 προφητευθέντες.
3233 4029 3439 4083 Αὐτίκα
3466 4028 3596 4096 γοῦν
3643 4027 4040 4100 δπιγέγραπταί

2485 4137 2567 4184 τις
2609 4122 2901 4188 Μωῦσέως,
2931 4121 3024 4175 καὶ
3071 4121 3243 4192 ἕτεροι
3281 4119 3375 4173 τοῦ
3419 4120 3607 4189 Ἀσάφ,
3638 4121 3730 4173 καὶ
3752 4119 3847 4173 τοῦ
3882 4118 4046 4174 Aab?!

2485 4212 2642 4265 ¹πάλιν
2675 4211 2868 4283 ἕτεροι,
2895 4213 2988 4264 καὶ
3015 4211 3048 4262 ὁ
3075 4210 3410 4280 Σολομῶντος
3438 4208 3612 4274 ἄλλος,
3652 4212 3742 4264 καὶ
3775 4210 3933 4266 πάλιν
3955 4213 4045 4263 Δί-

2487 4300 2583 4355 θὰν
2608 4301 2702 4354 τοῦ
2738 4302 3044 4372 Ὲσδραῒτου
3067 4319 3079 4332 ·
3110 4301 3203 4354 καὶ
3229 4301 3403 4372 ἕτεροι
3425 4300 3480 4353 δὲ
3499 4301 3739 4354 πλεῖστοι
3757 4304 3868 4354 ὅσοι
3894 4301 4048 4372 παρὰ

2485 4391 2701 4454 τούτους
2734 4392 2987 4462 φέρονται
3030 4392 3407 4464 ἀνεπίγραφοι,
3440 4392 3500 4444 οὐ
3551 4391 3856 4462 δυναμένων
3886 4392 4045 4462 ἡμῶν

848 4487 1026 4524 rerum
1061 4472 1192 4525 viris
1223 4470 1519 4537 antiquitus
1573 4468 1944 4522 servabantur.
2006 4467 2206 4521 Deinde
2263 4484 2390 4521 vero
2489 4481 2588 4533 είδέ

2307 4484 2390 4521 3T0
2489 4481 2680 4533 εἰδέναι
2706 4481 2847 4543 τίνος
2871 4483 2958 4552 ἄρ’
2979 4479 3107 4537 εἷεν.
3131 4483 3408 4551 Διαφόρως
3429 4478 3519 4536 οὖν
3544 4484 3840 4554 είρημένων
3865 4483 3925 4535 τὸ
3946 4500 4047 4538 πα-

850 4561 1070 4634 [dixerit
1102 4560 1285 4632 idem],
1311 4576 1374 4614 et.
1411 4561 1648 4629 psalmos
1672 4574 1834 4613 unum
1870 4560 1922 4612 in
1956 4559 2149 4612 librum
2173 4568 2389 4613 coactos
2491 4572 2590 4624 λαιξ

2308 4568 2389 4613 ιοε
2491 4572 2636 4624 λαιὸν
2665 4571 2930 4641 σποράδην
2958 4573 3168 4643 ὑπῆρχε
3214 4573 3362 4641 παρὰ
3393 4575 3504 4636 τοῖς
3534 4574 3660 4643 περὶ
3679 4572 3847 4625 ταῦτα
3880 4588 4043 4627 σπου-

851 4654 1038 4708 fuisse.
1065 4655 1138 4706 Ac
1170 4653 1394 4707 fortasse
1423 4652 1510 4721 qui
1539 4653 1772 4722 collegit,
1792 4651 1904 4705 sive
1925 4650 1973 4706 is
1996 4651 2192 4705 Esdras
2211 4650 2391 4716 fuerit,
2426 4661 2469 4715 ι)
2496 4661 2591 4713 δαί.

2307 4653 2391 4716 fit.
2426 4661 2469 4715 D
2496 4661 2661 4757 ὁσίοις
2685 4660 3115 4757 πεφυλαγμένον.
3146 4656 3256 4713 Εἶθ’
3302 4660 3522 4757 ὕστερον
3565 4661 3888 4732 συναχθῆναι
3919 4664 4047 4726 τοὺς

854 4753 912 4798 ιιι
933 4746 1083 4797 aiunt
1113 4743 1338 4806 Hebraei,
1367 4745 1478 4798 sive
1495 4745 1632 4799 alius
1660 4744 1949 4814 quispiam,
1985 4759 2078 4799 eos
2103 4744 2195 4814 qui
2223 4745 2398 4813 primo

855 4834 923 4888 ad
969 4849 1185 4888 manum
1236 4846 1514 4898 venerunt,
1556 4836 1760 4903 primos
1790 4837 1844 4888 in
1895 4835 2040 4888 libro
2089 4834 2393 4889 constituit.

855 4925 986 4979 Nam
1020 4941 1141 4979 cum
1164 4939 1270 4978 non
1301 4939 1485 4980 omnes
1511 4941 1618 4979 uno
1649 4925 1942 4995 eodemque
1975 4934 2212 4996 tempore
2242 4941 2397 4995 repe-

859 5021 1010 5080 rerit,
1033 5017 1339 5072 necessario
1369 5031 1462 5070 eos
1493 5019 1584 5085 qui
1624 5033 1754 5071 casu
1783 5020 1836 5071 in
1867 5033 2060 5072 manus
2092 5019 2398 5072 inciderunt

860 5115 1034 5179 primo
1065 5107 1296 5178 repertis
1327 5107 1590 5174 adjunxit.
1623 5107 1981 5172 Quamobrem
2006 5126 2126 5164 cum
2148 5119 2270 5164 octo
2291 5110 2402 5179 pri-

862 5215 979 5253 mos
1003 5196 1254 5252 Filiorum
1297 5196 1453 5258 Core,
1477 5204 1532 5248 ut
1553 5197 1845 5252 verisimile
1869 5208 1971 5261 est,
2004 5213 2109 5252 una
2136 5200 2293 5253 simul
2320 5213 2400 5252 re-

864 5297 1064 5359 pertos,
1084 5291 1136 5342 in
1165 5291 1302 5344 libro
1329 5290 1489 5343 simul
1522 5289 1809 5356 posuisset,
1829 5289 1895 5344 iis
1919 5297 2099 5357 postea
2124 5290 2403 5358 subjunxit

2500 4760 2574 4824 pv’
2607 4751 2710 4806 ὑπὸ
2759 4754 2883 4824 μίαν
2912 4753 3108 4822 βίϐλον.
3140 4755 3348 4825 Μήποέ
3379 4751 3472 4808 οὖν
3506 4756 3534 4808 ὁ
3582 4755 3915 4823 συναγαγὼν,
3945 4756 4051 4810 εἴτ’

2501 4845 2730 4916 Ἔσδρας
2762 4840 2913 4908 οὗτος
2957 4841 3042 4915 ἦν,
3086 4843 3159 4908 ῶς
3203 4863 3360 4914 φασιν
3401 4845 3660 4917 Ἑϐραίων
3692 4846 3894 4911 παῖδες,
3937 4848 4048 4903 εἴτε

2499 4952 2580 4998 τις
2609 4936 2791 5007 ἕτερος
2812 4933 2959 5005 παρὰ
2981 4935 3184 5002 τοῦτον,
3219 4938 3344 4999 τοὺς
3376 4934 3619 5008 πρώτους
3646 4937 3723 4998 είς
3749 4937 3907 4990 αὑτὸν
3927 4939 4047 5008 έχο-

2506 5027 2694 5098 μένους
2719 5026 2962 5098 πρώτους
2980 5027 3038 5078 ὲν
3061 5030 3123 5097 τῇ
3157 5026 3319 5098 βίϐλῳ
3343 5026 3682 5082 κατέταττεν.
3707 5028 3818 5081 Οὐκ
3843 5029 4052 5102 ἀθρόως

2503 5119 2610 5188 γὰρ
2639 5120 2761 5181 τοὺς
2795 5119 2997 5180 πάντας
3034 5119 3120 5187 ὑφ’
3147 5119 3239 5170 ἕνα
3286 5113 3473 5187 καιρὸν
3501 5116 3692 5188 εὑρὼν,
3721 5118 3779 5184 ἐξ
3810 5120 4052 5191 ἀνάγκης

2502 5211 2624 5271 τοὺς
2660 5209 2792 5278 πρὸς
2817 5210 2969 5278 χεῖρα
2989 5209 3466 5279 παρεμπίπτοντας
3485 5209 3715 5280 συνῆπτε
3732 5213 3842 5272 τοῖς
3871 5227 4053 5280 προει-

2505 5299 2714 5367 ληφόσι.
2750 5299 2944 5369 Διόπερ
2977 5300 3070 5351 καὶ
3104 5301 3226 5361 τοὺς
3251 5297 3496 5368 πρώτους
3521 5306 3571 5370 η’
3602 5300 3722 5354 Τῶν
3747 5299 3877 5354 υἱῶν
3908 5299 4052 5370 Κορὲ

861 5399 956 5438 eos
994 5382 1085 5451 qui
1116 5383 1215 5436 sub
1249 5384 1360 5436 haec
1408 5397 1526 5437 sese
1552 5382 1881 5435 obtulerunt.
1913 5380 2113 5434 Deinde
2141 5396 2260 5434 cum
2286 5381 2404 5450 plu-
2501 5390 2601 5442 εικξ

2315 5381 2404 5432 Ἰιι-
2501 5390 2643 5452 είκὸς
2684 5390 2801 5442 τότε
2842 5389 3152 5455 κατατάξαι,
3183 5390 3270 5443 ὅτε
3319 5391 3409 5444 καὶ
3458 5392 3662 5463 ἀθρόως
3691 5392 3824 5463 ὁμοῦ
3857 5392 4055 5454 πάντες

866 5489 954 5527 res
977 5473 1069 5525 alii
1094 5475 1286 5539 reperti
1317 5482 1368 5526 et
1396 5474 1448 5526 in
1479 5475 1616 5528 libro
1642 5471 1980 5525 Psalmorum
2013 5472 2232 5540 repositi
2269 5471 2405 5524 fuis-
2504 5477 2606 5550 εὕρ

2314 5473 2405 5524 Iis-
2504 5477 2756 5550 εὕρηνται
2776 5495 2789 5509 ο
2827 5482 2941 5550 μετ’
2975 5480 3216 5543 ἐκείνους
3239 5478 3295 5532 δὲ
3325 5481 3552 5550 συνάψαι
3570 5483 3693 5545 τοὺς
3721 5482 3857 5552 μετὰ
3881 5478 4054 5533 ταῦτα

865 5575 984 5618 scnt
1003 5570 1123 5635 post
1144 5579 1323 5617 Luxu
1349 5568 1632 5633 psalmum,
1656 5567 1811 5619 binos
1833 5566 1968 5618 alios
1989 5561 2242 5619 Filiorum
2269 5563 2405 5619 Core
2503 5572 2580 5634 εἰς

2313 5580 2405 5618 ore
2503 5572 2580 5634 εἰς
2607 5571 2767 5624 αὑτὸν
2791 5570 3056 5633 ἐλθόντας.
3091 5565 3218 5624 Εἶτα
3244 5571 3448 5626 πολλῶν
3475 5573 3630 5643 ἐντῷ
3654 5555 3854 5643 μεταξὺ
3889 5571 4049 5640 εὑρη·

866 5655 1246 5723 deprehensos,
1276 5672 1464 5727 nempe
1485 5668 1752 5712 Lxxxiuet
1775 5673 1995 5721 Lxxuv,
2015 5665 2406 5727 consequenter
2509 5661 2603 5732 μέν

2314 5665 2406 5711 iter
2509 5661 2702 5732 μένων,
2729 5663 2822 5716 καὶ
2847 5665 2926 5725 εἰς
2941 5660 3036 5732 τὴν
3063 5661 3238 5730 βίϐλον
3257 5663 3362 5718 τῶν
3377 5664 3616 5734 1Ψαλμῶν
3643 5659 4054 5732 ἀναληφθέντων

867 5747 1077 5801 locavit.
1111 5748 1243 5801 Tum
1273 5758 1392 5817 post
1435 5750 1673 5818 elapsum
1706 5746 1966 5821 temporis
2018 5751 2246 5820 spatium
2278 5764 2398 5804 cum
2509 5770 2606 5823 μετ

2314 5766 2398 5803 um
2509 5752 2643 5823 μετὰ
2667 5753 2754 5806 τὸν
2783 5751 2870 5825 ιϐ’
2891 5751 3119 5824 ψαλμὸν,
3140 5753 3396 5824 εὑρῆσθαι
3417 5754 3576 5808 πάλιν
3603 5753 3790 5814 ἅλλους
3823 5749 3914 5804 δύο
3934 5751 4054 5808 Τῶν

938 5902 982 5932 ⁷⁵
1022 5900 1149 5957 Luc.
1187 5919 1276 5969 xv,
1317 5904 1370 5960 7.
