4406 6430
298 487 426 565 ton
1434 498 1922 560 COMMENTARIA
1961 499 2022 553 IN
2062 499 2394 554 PSALMOS.
3325 492 3495 548 4012--

291 620 420 676 υίῶν
441 617 600 687 Κορὲ,
642 614 730 675 οὒς
761 614 852 666 καὶ
880 612 1176 673 ἀκολούθως
1218 610 1445 678 συνάψας
1473 611 1529 662 ὲν
1565 609 1641 679 τῷ
1668 592 1901 679 τρίτῳλ
1932 610 2031 664 Ora

1716 592 1901 678 πίτῳλ
1932 610 2115 664 Oratio
2141 611 2354 666 Davidis
2380 616 2587 679 reperta
2612 609 2819 676 fuisset,
2853 625 2968 663 eam
2998 617 3114 678 post
3139 624 3330 662 Lxxxtv
3369 626 3456 665 re-

291 708 384 761 καὶ
416 712 467 757 π’
497 703 683 772 καὶτῷ
705 702 780 753 ταδ’
813 700 1115 763 κατέταξεν.
1143 695 1270 751 Εἶτα
1297 699 1491 767 μεταξὺ
1518 696 1609 750 τοῦ
1639 699 1823 769 χρόνου
1929 717 2026 770 pos

1774 716 1823 750 au
1929 703 2125 770 posuit.
2164 704 2238 755 Ac
2286 717 2498 755 rursum
2558 708 2677 770 post
2725 700 3031 753 Orationem
3080 700 3458 770 Davidis,qu:e
3513 734 3514 737 η

288 797 385 866 τῆς
417 793 506 846 τοῦ
537 792 692 844 Δαυῖδ
737 790 1043 860 Προσευχῆς
1093 787 1421 858 εὑρεθείσης,
1475 787 1701 838 ἐνθεῖναι
1734 788 1825 839 καὶ
1929 810 2028 846 Lxx

1734 788 1825 839 καὶ
1929 810 2104 846 Lxxxv
2139 810 2362 848 numero
2414 795 2585 862 posita
2622 793 2812 856 fuerat,
2839 796 3083 846 inventos
3122 792 3289 848 fuisse
3320 794 3459 848 dicet

289 886 487 954 ταύτην
528 884 662 953 μετὰ
687 883 774 934 τὸν
800 881 900 934 τπδ’.
924 880 1029 932 Καὶ
1060 880 1216 932 πάλιν
1248 878 1383 948 μετὰ
1403 880 1499 948 τὴν
1520 878 1826 948 Προσευχὴν
1929 883 2029 935 duo

1719 878 1826 947 πχὴν
1929 883 2064 935 duos
2094 883 2227 936 alios
2254 881 2510 935 Filiorum
2528 883 2686 948 Core,
2721 884 2861 935 hunc
2889 897 3044 950 quem
3072 889 3384 945 tractamus,
3405 890 3459 936 et

289 976 381 1030 τοῦ
407 974 582 1038 Δαυῒδ,
608 977 662 1026 tv
686 979 764 1024 πε¹
793 972 938 1038 τόπῳ
960 969 1392 1038 καταλεχθεῖσαν,
1417 968 1698 1038 εὑρεθῆναι
1723 969 1828 1020 ἑτέ·
1932 989 2025 1042 seq

1723 969 1828 1020 ἑτέ·
1932 985 2239 1042 sequentem
2295 992 2307 1026 :
2356 988 2418 1026 ac
2466 974 2546 1028 sic
2597 974 2905 1028 necessario
2948 972 3187 1026 Orationi
3242 970 3459 1027 Davidis

291 1083 415 1138 ρους
462 1062 553 1116 δύο
581 1065 698 1116 Τῶν
731 1063 857 1114 υἰῶν
884 1061 1044 1130 Κορὲ,
1088 1060 1178 1112 τὸν
1211 1059 1347 1129 μετὰ
1385 1062 1568 1129 χεῖρας
1607 1060 1697 1112 καὶ
1740 1059 1828 1111 τὸν
1931 1077 2029 1116 con

1740 1059 1828 1111 τὸν
1931 1062 2246 1131 conjunctos
2287 1061 2474 1116 fuisse.
2527 1060 2757 1129 ldipsum
2807 1075 2967 1128 porro
2995 1058 3186 1112 dixerit
3231 1058 3369 1111 idem
3402 1060 3457 1113 in

287 1157 484 1227 ἑφεξῆς
515 1155 657 1224 αὐτῷ
677 1171 689 1181 ·
717 1153 773 1217 ἑξ
814 1151 1051 1220 ἀνάγκης
1078 1167 1135 1202 τε
1162 1151 1254 1203 καὶ
1280 1151 1470 1213 αὐτοὺς
1515 1149 1830 1219 συναχθῆναι
1932 1151 2027 1205 reli

1577 1149 1830 1219 ναχθῆναι
1932 1151 2261 1219 reliquorum
2292 1151 2617 1218 psalmorum
2651 1149 2981 1202 ordinatione
3007 1149 3313 1217 contigisse.

286 1253 354 1318 τῇ
383 1225 658 1319 Προσευχῇ
683 1243 772 1297 τοῦ
793 1244 970 1298 Δαυῖδ.
992 1243 1093 1296 Τὸν
1112 1243 1269 1297 αὑτὸν
1300 1243 1353 1296 δὲ
1377 1243 1530 1312 λόγον
1554 1244 1814 1314 ὑπάρχειν
1850 1246 1877 1296 ὁ
1899 1243 2057 1306 αὑτὸς
2084 1225 2307 1298 armis»;
2335 1245 2427 1296 καὶ
2446 1245 2535 1295 ἐπὶ
2562 1246 2657 1314 τῆς
2680 1244 2783 1296 τῶν
2811 1243 3004 1296 λοιπῶν
3062 1242 3285 1312 ψαλμῶν
3337 1259 3456 1295 συν-

288 1339 506 1403 θέσεως.

357 1455 687 1511 Πιστὼσεται
713 1454 767 1508 δὲ
790 1454 858 1508 τὰ
875 1454 1190 1525 λελεγμένον
1213 1455 1318 1508 ἀπὸ
1336 1454 1677 1523 προφητικῶν
1698 1455 1827 1507 ἀπο-

283 1545 528 1610 δείξεων·
564 1545 684 1598 ἑπεί
703 1544 811 1616 γὰρ
849 1545 905 1597 ἑν
933 1546 1050 1606 ταῖς
1087 1545 1442 1613 προφητικαῖς
1471 1543 1664 1610 βίϐλοις
1697 1543 1826 1594 πολ-

286 1633 442 1697 λάκις
469 1635 612 1687 ἐστὶν
644 1636 818 1705 εὑρεῖν
843 1634 912 1688 τὰ
934 1634 1010 1703 τῷ
1031 1635 1200 1704 χρόνῳ
1227 1633 1579 1702 προλεχθέντα
1605 1633 1826 1703 δεύτερα

287 1727 509 1796 κείμενα
530 1728 594 1796 τῇ
625 1724 790 1791 τάξει,
819 1727 910 1779 καὶ
935 1725 1001 1777 τὰ
1026 1721 1457 1794 προφητευθέντα
1479 1723 1675 1794 ὕστερα
1693 1741 1820 1794 πρι-

286 1815 587 1884 τεταγμένα
605 1814 714 1888 τῶν
747 1813 1084 1884 προαγόντων
1111 1813 1218 1872 τοῖς
1249 1811 1472 1880 χρόνοις.
1491 1811 1546 1863 'O
1578 1811 1705 1877 γοῦν
1737 1811 1830 1862 Ἰε-

1996 1451 2117 1504 Haec
2153 1463 2277 1504 vero
2307 1449 2566 1504 sententia
2610 1447 2933 1516 propheticis
2979 1449 3231 1518 exemplis
3259 1451 3452 1504 conﬁr-

1928 1550 2102 1593 matur
2133 1557 2144 1591 :
2181 1551 2304 1590 nam
2335 1538 2389 1590 in
2419 1538 2746 1605 propheticis
2783 1537 2931 1592 libris
2973 1539 3275 1607 frequenter
3306 1556 3454 1609 repe—

1924 1628 2032 1681 rire
2060 1634 2142 1680 est
2170 1641 2250 1688 ea,
2278 1641 2395 1695 qua:
2421 1626 2568 1693 prius
2599 1626 2740 1678 dicta
2772 1635 2914 1689 sunt,
2947 1629 3181 1682 secundo
3208 1631 3326 1682 loco
3360 1645 3454 1699 po-

1927 1719 2048 1779 sita,
2099 1723 2151 1768 et
2201 1731 2318 1784 quae
2363 1723 2631 1784 postremo
2678 1718 3025 1783 praenuntiata
3071 1730 3213 1783 sunt,
3243 1721 3307 1774 iis
3337 1736 3455 1789 qua

1927 1815 2308 1877 prmeesserant
2332 1807 2626 1875 praemissa.
2655 1806 2784 1857 Nam
2816 1806 3072 1863 Jeremias
3096 1811 3300 1862 initium
3332 1827 3454 1878 pro-
3517 1830 3520 1835 '

286 1905 482 1976 ρεμίας
515 1903 868 1975 προφητεύειν
901 1903 995 1972 μὲν
1019 1901 1239 1970 ἄρχεται
1287 1901 1376 1952 ἐπὶ
1407 1901 1625 1962 Ἰωσίου,
1654 1897 1828 1970 παρα-
1860 1890 1899 1943 Β
1931 1899 2026 1966 phe

1713 1917 1828 1970 ιρα-
1860 1890 1899 1943 Β
1931 1897 2179 1966 phetandi
2207 1896 2354 1950 ducit
2383 1910 2412 1948 a
2443 1906 2676 1964 tempore
2701 1894 2891 1960 JOsiae;
2919 1903 2971 1949 et
3001 1911 3169 1964 usque
3194 1898 3261 1950 ad
3291 1897 3453 1952 Sede-

284 1993 444 2046 τείνει
471 1994 525 2046 δὲ
559 1993 713 2062 μέχρι
743 1989 981 2043 Σεδεκίου
1011 1989 1101 2042 καὶ
1127 1989 1222 2057 τῆς
1249 1987 1613 2056 αἰχμαλωσίας
1632 2006 1643 2016 ·
1670 1988 1819 2039 Σεδε-

285 2083 410 2148 κίας
441 2084 484 2136 δ’
509 2079 574 2154 ἦν
605 2083 853 2151 τέταρτος
884 2080 988 2134 ἀπὸ
1022 2079 1219 2132 Ἰωσίου
1255 2079 1518 2147 βασιλεύς.
1543 2079 1694 2131 Μετὰ
1718 2082 1820 2148 γὰρ

297 2173 503 2227 Ἰωσίαν
531 2171 771 2240 δεύτερος
803 2171 1050 2238 ἰωακεὶμ
1080 2169 1190 2231 υίὸς
1220 2166 1379 2221 αὑτοῦ
1408 2168 1695 2238 διαδέχεται
1727 2169 1822 2237 τὴν

282 2263 458 2332 ἀρχήν
477 2279 490 2292 ·
530 2260 645 2330 μεθ’
673 2260 730 2312 ὃν
755 2259 930 2330 τρίτος
964 2259 1228 2328 Ἰεχωνίας
1258 2261 1368 2322 υίὸς
1397 2259 1642 2328 Ἰωακείμ
1661 2276 1674 2290 ο
1707 2259 1821 2328 μεθ’

283 2354 344 2407 δν
389 2354 639 2422 τέταρτος
687 2352 936 2415 Σεδεκίας
985 2353 1206 2420 ἀδελφὸς
1250 2351 1526 2419 Ἰωακείμ·
1572 2351 1689 2403 καθ’
1731 2350 1821 2411 οὒς

285 2441 524 2502 ἅπαντας
556 2440 648 2492 τοῦ
679 2439 936 2510 Ἰερεμίου
963 2439 1444 2510 προφητεύσαντος,
1475 2440 1506 2507 ἡ
1545 2438 1821 2505 ἐπώνυμος

284 2529 450 2581 αὑτοῦ
479 2530 660 2599 γραφὴ
680 2529 897 2599 ἄρχεται
925 2531 1018 2599 μὲν
1041 2529 1144 2581 ἀπὸ
1175 2527 1398 2581 Ἰωσίου·
1431 2525 1544 2579 εἷτα
1565 2529 1820 2596 προϊοῦσα

285 2617 557 2686 μέμνηται
586 2616 836 2685 Ἰεχωνίου
859 2617 950 2669 τοῦ
965 2617 1142 2686 τρίτου
1168 2617 1272 2668 ἀπὸ
1306 2616 1501 2667 Ἰωσίου
1517 2632 1528 2644 ⁸
1553 2609 1667 2665 εἶτα
1688 2631 1820 2684 προ-

283 2705 505 2774 φητεύει
530 2707 597 2757 τὰ
623 2707 713 2756 ἑπὶ
740 2706 998 2769 Σεδεκίου,
1029 2706 1085 2768 ὂς
1114 2701 1178 2774 ῆν
1197 2702 1450 2773 τέταρτος
1464 2703 1567 2755 ἀπὸ
1601 2703 1816 2754 Ἰωσίου·

280 2791 366 2856 οἷς
396 2794 521 2862 ἑξῆς
549 2794 725 2864 τίθησι
753 2795 822 2846 τά
853 2798 908 2856 ἑν
931 2795 1005 2864 τῷ
1034 2795 1272 2864 τετάρτῳ
1299 2795 1387 2846 tul.
1420 2795 1667 2862 Ίωακεὶμ
1691 2810 1820 2863 προ-

281 2883 636 2953 φητευθέντα,
670 2884 726 2946 δς
756 2881 822 2953 ἦν
849 2883 1089 2954 δεύτερος
1136 2884 1268 2952 μετὰ
1299 2884 1518 2936 Ἰωσίαν.
1552 2880 1660 2935 Εἶθ’
1698 2883 1820 2951 ἑξῆς

285 2969 478 3037 ἑπάγει
505 2971 569 3024 τὰ
592 2973 647 3024 tv
679 2974 816 3040 ἀρχῇ
843 2972 934 3024 τοῦ
966 2972 1126 3025 αὑτοῦ
1163 2972 1436 3041 Ἰωακείμ·
1469 2968 1583 3024 εἶτα
1621 2971 1690 3023 τὰ
1731 2973 1820 3024 ἑπί

282 3062 552 3127 Σεδεκίου,
583 3065 674 3117 καὶ
699 3065 856 3116 πάλιν
881 3063 947 3116 τά
977 3066 1065 3116 ἑπὶ
1097 3065 1361 3133 Ἰωακείμ.
1394 3058 1521 3116 Εἶτα
1556 3065 1819 3134 μέμνηται

282 3149 384 3217 τῆς
415 3151 781 3219 αἰχμαλωσίας
811 3151 906 3220 τῆς
933 3153 1010 3212 εἰς
1033 3151 1336 3212 Βαϐυλῶνα,
1359 3152 1450 3204 καὶ
1470 3151 1544 3213 ὼς
1573 3152 1705 3220 μετὰ
1727 3153 1820 3201 Σε-

1922 1989 2058 2042 ciam
2082 1996 2133 2040 et
2162 1986 2520 2054 captivitatem
2544 1986 2796 2054 pertingit
2827 2004 2840 2038 :
2871 1984 3120 2039 Sedecias
3146 2001 3271 2040 vero
3292 2001 3456 2054 quar-

1922 2087 2006 2132 tus
2035 2085 2150 2131 erat
2188 2092 2219 2130 a
2263 2075 2407 2130 Josia
2443 2091 2553 2129 rex.
2587 2075 2714 2128 Post
2754 2075 2952 2129 Josiam
2995 2077 3137 2130 enim
3185 2077 3454 2135 secundus

1920 2182 2140 2236 regnum
2169 2166 2364 2233 excipit
2389 2163 2629 2218 Joachim
2661 2165 2799 2220 [ilius
2824 2166 2962 2233 ejus,
2993 2167 3092 2219 sub
3125 2167 3236 2220 ham
3263 2169 3453 2223 tertius

1915 2255 2200 2309 Jecbonias
2226 2245 2371 2307 filius.
2389 2253 2651 2315 Joachim,
2682 2264 2735 2308 et
2765 2265 2882 2323 post
2905 2271 3023 2308 eum
3048 2264 3269 2324 quartus
3290 2256 3453 2310 Sede—

1919 2346 2028 2399 cias
2061 2345 2222 2397 frater
2248 2342 2488 2397 Joacbim
2519 2362 2530 2396 :
2567 2359 2628 2396 ac
2660 2359 2778 2396 cum
2807 2343 3063 2399 Jeremias
3094 2346 3176 2400 his
3203 2347 3453 2399 omnibus

1918 2436 2264 2502 regnantibus
2300 2436 2716 2504 prophetaverit,
2761 2435 2877 2502 ejus
2923 2434 3199 2504 Scriptura
3228 2452 3258 2488 a
3302 2434 3452 2490 Josia

1917 2525 2047 2588 init;
2081 2525 2181 2577 sub
2221 2525 2332 2579 hzec
2378 2524 2664 2583 Jechoniac,
2696 2523 2784 2591 qui
2829 2524 3020 2577 tertius
3067 2538 3094 2574 a
3135 2523 3282 2578 Josia
3315 2533 3447 2586 erat,

1919 2615 2159 2666 meminit
2183 2633 2197 2680 ;
2225 2627 2334 2668 tum
2363 2632 2422 2668 ea
2453 2631 2573 2684 qua:
2611 2614 2710 2668 sub
2746 2612 2964 2668 Sedecia
2991 2613 3332 2676 vaticinatur,
3357 2617 3450 2683 qui

1919 2712 2140 2771 quartus
2165 2712 2279 2756 erat
2306 2720 2335 2756 a
2364 2704 2509 2758 Josia
2548 2725 2560 2759 :
2599 2706 2680 2758 his
2710 2713 2900 2774 quarto
2929 2707 3046 2759 loco
3089 2706 3360 2774 subjungit
3385 2721 3452 2760 ea

1917 2809 2034 2862 qua:
2060 2794 2414 2859 praenuntiata
2463 2802 2586 2846 sunt
2627 2796 2725 2848 sub
2753 2794 3014 2858 Joachim,
3046 2796 3136 2863 qui
3181 2796 3448 2849 secundus

1919 2890 2038 2951 post
2065 2880 2265 2934 Josiam
2298 2891 2430 2935 erat.
2463 2882 2660 2950 Adjicit
2710 2890 2892 2951 postea
2944 2899 3063 2952 qua:
3094 2883 3146 2935 in
3185 2884 3446 2952 principio

1919 2971 2089 3040 ipsius
2123 2970 2359 3024 Joachim
2388 2970 2528 3024 dicta
2557 2979 2681 3024 sunt
2707 2988 2720 3036 ;
2760 2971 2883 3024 hinc
2911 2987 3027 3039 qua:
3058 2972 3158 3024 sub
3191 2969 3442 3037 Sedecia;

1918 3075 2129 3114 rursum
2160 3075 2221 3114 ea
2247 3075 2364 3129 quae
2391 3061 2490 3114 sub
2528 3059 2788 3114 Joachim.
2835 3060 3033 3114 Deinde
3081 3061 3441 3129 captivitatem

1918 3151 1971 3203 in
2003 3150 2321 3219 Babylonem
2357 3152 2616 3213 meminit,
2644 3160 2695 3205 et
2721 3152 2988 3220 quomodo
3019 3162 3136 3221 post
3168 3152 3442 3206 Sedcciam

280 3236 464 3290 δεκίαν
491 3239 722 3307 κατέστη
752 3240 1044 3308 ἡγούμενος
1074 3238 1179 3292 τῶν
1210 3238 1634 3306 ἀπολειφθέντων
1672 3240 1821 3291 Γοδοο
1847 3252 1886 3308 C
1921 3241 2020 3293 resi

1703 3240 1821 3291 ὀδο-
1847 3252 1886 3308 C
1921 3240 2119 3293 residui
2150 3240 2330 3307 populi
2368 3239 2475 3293 dux
2508 3240 2758 3296 Godolias
2790 3244 3112 3296 constitutus
3144 3243 3230 3305 sit,
3260 3251 3312 3296 et
3337 3258 3443 3311 quo

282 3325 422 3390 λίας,
452 3330 544 3380 καί¹
587 3329 659 3392 ῶς
693 3329 906 3398 Ἰσμαὴλ
949 3329 1153 3398 ἀναιρεῖ
1194 3329 1283 3380 τὸν
1329 3329 1589 3392 Γοδολίαν,
1624 3329 1736 3398 μεθ’
1762 3328 1819 3379 ὃν

295 3415 512 3470 ἰωανᾱν
542 3417 653 3479 υίὸς
682 3417 849 3486 Καριὲ
872 3418 1099 3483 ἡγεῖται.
1130 3419 1234 3469 Καὶ
1265 3417 1400 3486 μετὰ
1419 3418 1632 3479 τούτους
1653 3417 1820 3468 ἅπαν-

280 3523 379 3568 τας
411 3506 533 3577 ἑξῆς
557 3507 746 3574 ἐπάγει
771 3507 867 3568 τὰς
899 3508 956 3557 ἑν
976 3506 1050 3572 τῷ
1075 3506 1115 3558 δ’
1135 3507 1241 3559 ἔτει
1270 3509 1516 3575 Ἰωακεὶμ
1545 3505 1818 3576 λεχθείσας

283 3596 631 3666 προφητείας,
671 3594 763 3648 καὶ⁸
795 3595 950 3650 πάλιν
981 3595 1076 3657 τὰς
1109 3598 1165 3647 ἑν
1197 3598 1332 3666 ἀρχῇ
1373 3596 1639 3665 βασιλείας
1663 3596 1816 3648 Σεδε-

282 3685 417 3760 κίου⁹
438 3684 743 3756 εἰρημένας.
773 3685 962 3753 Εὖροις
991 3686 1034 3738 δ’
1068 3686 1132 3738 άν
1162 3687 1253 3738 καὶ
1285 3686 1434 3756 παρὰ
1472 3686 1546 3756 τῷ
1577 3685 1817 3759 Ἑζεκιὴλ

278 3777 351 3829 τὰ
393 3776 755 3846 παραπλήσια.
782 3777 929 3829 Ἐπεὶ
961 3776 1052 3829 καὶ
1081 3777 1136 3828 tv
1173 3779 1236 3846 τῇ
1278 3776 1461 3829 τούτου
1503 3781 1681 3846 γραφῇ
1723 3779 1817 3848 οὑχ

281 3859 407 3935 ἑξῆς
431 3868 539 3927 τοῖς
572 3865 776 3934 χρόνοις
812 3865 1112 3933 σύγκεινται
1140 3867 1194 3919 αἱ
1220 3869 1564 3937 προφητεῖαι·
1594 3866 1704 3919 ἀλλ’
1738 3870 1815 3920 εί-

282 3951 368 4006 σὶν
399 3953 454 4005 αἰ
489 3951 586 4022 μὲν
618 3953 754 4007 κατὰ
776 3953 836 4004 τὸ
864 3952 940 4016 κζ’
970 3953 1085 4017 ἔτος
1120 3955 1214 4024 τῆς
1241 3946 1600 4023 αἰχμαλωσίας
1627 3972 1818 4024 προτε-

279 4039 546 4107 ταγμέναι
585 4039 661 4108 τῷ
704 4047 769 4093 ια’
800 4042 896 4111 τῆς
939 4041 1301 4109 αίχμαλωσίας
1339 4041 1636 4110 εἰρημένῳ·
1680 4044 1814 4112 μετὰ

279 4126 388 4196 γὰρ
422 4127 517 4188 τὰς
547 4129 604 4181 ἑν
641 4127 717 4196 τῷ
755 4127 834 4190 κζ’
863 4127 970 4180 έτει
1001 4129 1249 4196 φέρονται
1277 4130 1329 4179 αἰ
1355 4128 1617 4196 λεχθεῖσαι
1657 4132 1714 4181 tv
1739 4129 1815 4198 τῷ

282 4223 351 4270 ια’
383 4216 481 4285 τῆς
505 4218 870 4285 αἰχμαλωσίας
903 4218 1009 4270 ἔτει
1028 4235 1040 4246 ·
1077 4219 1167 4270 καὶ
1194 4219 1350 4271 πάλιν
1380 4219 1512 4288 μετὰ
1532 4218 1627 4282 τὰς
1650 4223 1706 4273 ἑν
1737 4221 1813 4290 τῷ

281 4312 352 4359 ια’
379 4305 528 4357 ἄλλαι
561 4306 808 4376 φέρονται
850 4311 906 4360 tv
941 4307 1015 4377 τῷ
1049 4315 1076 4360 ι’
1109 4308 1215 4361 ἔτει
1247 4309 1544 4379 εἰρημέναι,
1572 4309 1662 4363 καὶ
1692 4312 1812 4381 ἑξῆς

278 4397 336 4449 αἱ
362 4397 418 4447 ἑν
447 4394 523 4464 τῷ
554 4402 627 4448 κε’
652 4397 777 4450 ἔτει.
812 4398 920 4450 Καὶ
959 4399 1154 4452 τούτων
1184 4401 1432 4453 ἁπάντων
1475 4402 1614 4455 εῐποι
1645 4403 1708 4457 ἄν
1734 4421 1816 4466 τις

278 4482 378 4552 τὴν
413 4482 586 4536 αἰτίαν
631 4485 727 4537 ούκ
766 4485 925 4556 άλλην
951 4481 1087 4539 εῖναι
1113 4487 1208 4557 τῆς
1239 4489 1642 4559 ἀποδεδομένης.
1678 4493 1810 4543 Em-

1919 3336 2076 3397 pacto
2105 3327 2292 3381 lsmael
2323 3325 2597 3380 Godoliam
2619 3328 2895 3393 occiderit,
2921 3339 3039 3399 post
3059 3345 3213 3398 quem
3238 3331 3443 3383 Joanan

1919 3421 2057 3474 ﬁlius
2087 3418 2240 3474 Carie
2284 3417 2390 3470 dux
2424 3417 2540 3470 fuit.
2570 3416 2697 3472 Post
2737 3419 2835 3471 hos
2874 3430 3046 3473 autem
3078 3435 3261 3474 omnes
3292 3420 3445 3473 atl'ert

1917 3509 2108 3564 deinde
2138 3507 2442 3576 prephetias
2471 3521 2612 3560 anno
2641 3516 2832 3574 quarto
2860 3504 3100 3560 Jo'achim
3132 3509 3443 3577 pronuntia-

1916 3605 2033 3661 tas;
2071 3597 2172 3650 sub
2209 3597 2321 3658 hac
2356 3597 2473 3649 illas
2507 3611 2625 3664 qua:
2653 3595 2806 3648 initio
2835 3598 2980 3663 regni
3010 3595 3244 3649 Sedeciaa
3284 3597 3444 3650 dictae

1917 3694 2061 3741 sunt.
2096 3686 2300 3740 Similia
2343 3701 2552 3754 quoque
2591 3686 2646 3739 in
2697 3684 2970 3739 Ezechiele
3014 3700 3267 3754 repertas.
3308 3685 3439 3739 Nam

1915 3777 1968 3828 in
2001 3777 2158 3843 hujus
2201 3792 2413 3845 quoque
2457 3777 2720 3845 scriptura
2767 3777 3054 3846 prophetia:
3100 3792 3205 3830 non
3256 3776 3442 3830 ordine

1917 3866 2170 3934 temporis
2192 3867 2404 3935 jacent;
2437 3866 2530 3921 sed
2554 3882 2672 3936 quae
2695 3867 3006 3921 vicesimum
3038 3869 3319 3935 septimum
3347 3879 3443 3918 ca-

1913 3956 2175 4025 ptivitatis
2203 3970 2399 4009 annum
2429 3966 2690 4024 spectant,
2719 3957 3110 4025 praemittuntur
3138 3957 3201 4009 iis
3227 3970 3344 4022 qua:
3367 3954 3435 4009 de

1913 4040 2193 4097 undecimo
2232 4043 2555 4112 captivitatis
2601 4054 2744 4096 anno
2772 4044 2910 4098 dicta
2945 4052 3070 4097 sunt
3100 4062 3112 4097 :
3145 4052 3264 4112 post
3307 4045 3426 4097 illas

1912 4132 2053 4186 enim
2083 4131 2322 4185 vicesimi
2351 4131 2560 4199 septimi
2603 4131 2726 4183 anni
2755 4132 3081 4200 prophetias,
3109 4146 3226 4200 quae
3269 4133 3436 4185 unde-

1912 4221 2051 4276 cimo
2084 4236 2223 4275 anno
2256 4220 2410 4273 dictae
2447 4230 2592 4284 sunt,
2624 4220 2868 4274 feruntur
2900 4241 2911 4274 :
2947 4221 3138 4296 deinde
3164 4238 3292 4276 vero
3317 4231 3439 4291 post

1913 4310 2030 4363 illas
2051 4310 2315 4364 undecimi
2344 4310 2492 4372 anni,
2516 4309 2754 4378 quaedam
2783 4311 3045 4363 habentur
3065 4309 3272 4363 decimo
3297 4326 3437 4363 anno

1911 4394 2085 4456 dictae,
2107 4394 2230 4447 hinc
2250 4409 2368 4464 quae
2393 4395 2518 4449 anni
2543 4395 2783 4450 vicesimi
2810 4398 2983 4465 quinti
3014 4405 3156 4452 sunt.
3195 4396 3433 4461 Quorum

1913 4484 2152 4536 omnium
2179 4499 2287 4538 non
2323 4485 2480 4538 aliam
2508 4500 2724 4540 causam
2755 4487 2876 4554 quis
2900 4486 3085 4540 aderat
3113 4496 3304 4555 praeter
3323 4486 3436 4556 jam

279 4571 446 4642 ράδην
478 4572 603 4642 γάρι
623 4574 696 4636 ὡς
722 4576 883 4639 εἰκὸς,
904 4576 1010 4629 τῶν
1033 4577 1170 4630 κατὰ
1191 4579 1407 4646 χρόνους
1432 4557 1522 4632 καὶ
1548 4557 1668 4632 καθ’
1687 4581 1813 4632 ἓκα-
1844 4574 1888 4628 D
1912 4573 2019 4626 trad

1695 4581 1813 4632 ἑκα-
1844 4574 1888 4628 D
1912 4557 2182 4628 traditam.
2227 4572 2356 4627 Nam
2389 4589 2508 4628 cum
2538 4575 2786 4643 sparsim,
2827 4584 2883 4628 ut
2907 4575 3191 4630 verisimile
3211 4585 3315 4638 est,
3343 4592 3435 4629 va-

281 4675 404 4711 στον
437 4659 653 4729 βασιλέα
682 4663 914 4732 μερικῶς
945 4665 1480 4734 προπεφητευμένων,
1502 4668 1559 4719 τὸ
1591 4667 1811 4719 παλαιὸν

279 4745 429 4816 παρὰ
455 4750 565 4811 τοῖς
593 4748 893 4811 σπουδαίοις
930 4739 1266 4820 σωζομένων,
1294 4753 1407 4821 ἢτοι
1448 4755 1536 4805 τὸν
1562 4755 1807 4825 Ἔσδραν,

277 4834 314 4904 ἢ
349 4835 440 4889 καί
470 4853 619 4898 τινας
651 4837 884 4906 ἑτέρους,
913 4840 1015 4890 ὑπὸ
1042 4841 1164 4909 μίαν
1196 4843 1529 4913 περιγραφὴν
1562 4843 1811 4908 συνάγον-

277 4940 378 4985 τας
407 4925 474 4978 τά
505 4925 713 4995 ἑκάστῳ
746 4926 851 4979 τῶν
887 4930 1173 4998 προφητῶν
1213 4932 1350 4984 κατὰ
1379 4934 1595 5002 χρόνους
1628 4931 1808 4999 διαφό-

277 5029 407 5086 ρους
439 5013 710 5084 λεχθέντα,
737 5019 858 5080 τοὺς
896 5016 1138 5086 πρώτους
1177 5022 1583 5091 εὑρισκομένους
1626 5021 1810 5089 λόγους

277 5101 632 5154 κατατάσσειν
656 5103 896 5173 πρώτους
917 5120 929 5133 ·
957 5100 1051 5156 εἷθ’
1075 5105 1197 5174 ἑξῆς
1224 5108 1506 5161 συνάπτειν
1526 5109 1647 5172 τοὺς
1675 5111 1808 5177 μετὰ

275 5187 449 5241 ταῦτα
479 5190 906 5261 εὑρισκομένους,
933 5197 979 5248 ει
1009 5194 1099 5247 καὶ
1126 5197 1358 5264 προῆγον
1385 5198 1462 5267 τῷ
1487 5201 1675 5268 χρόνῳ.
1709 5201 1808 5253 Τὸν

273 5275 322 5327 δ’
342 5275 501 5328 αὑτὸν
527 5272 660 5328 εἶναι
679 5277 830 5344 λόγον
855 5280 946 5333 καὶ
969 5281 1058 5332 ἑπὶ
1083 5280 1180 5348 τῆς
1205 5279 1403 5344 τάξεως
1424 5282 1527 5334 τῶν
1548 5282 1804 5351 Ψαλμῶν,

276 5364 501 5417 καθόλου
536 5365 631 5435 μὲν
661 5367 925 5433 ἁπάντων,
961 5369 1101 5432 ἰδίως
1131 5369 1186 5421 δὲ
1219 5372 1309 5422 καὶ
1334 5371 1440 5422 τῶν
1468 5370 1601 5440 μετὰ
1625 5374 1807 5442 χεῖρας

275 5459 409 5529 ἡμῖν
452 5454 872 5524 ἐξεταζομένων·
917 5461 965 5510 εἰ
1015 5459 1086 5528 μὴ
1119 5459 1222 5529 ἄρα
1264 5477 1348 5521 τις
1376 5459 1663 5529 βαθύτερος
1687 5464 1808 5525 νοῦς

274 5545 547 5599 λανθάνων
584 5545 724 5620 ἡμᾶς
763 5544 975 5614 ἑτέρους
999 5547 1146 5610 τινὰς
1171 5548 1454 5618 λογισμοὺς
1476 5552 1805 5620 παραστήσει

274 5635 377 5699 τῆς
398 5633 500 5686 τῶν
532 5633 872 5702 ἑζητημένων
903 5637 1077 5699 αἰτίας
1133 5637 1213 5690 Τά
1250 5655 1311 5705 γε
1371 5638 1474 5706 μὴν
1505 5641 1633 5707 ἡμῖν
1675 5640 1804 5692 ὑπο-

275 5723 508 5775 πεσόντα
547 5723 625 5784 είς
671 5739 729 5775 τε
773 5740 868 5793 την
900 5725 1047 5791 τάξιν
1073 5727 1189 5780 Τῶν
1226 5728 1353 5782 υἱῶν
1383 5729 1546 5800 Κορὲ,
1571 5732 1660 5782 καὶ
1684 5734 1806 5801 περὶ

276 5811 378 5881 ’ἧς
417 5813 720 5884 Προσευχῖκ
768 5815 856 5868 τοῦ
901 5817 1059 5871 Δαυῒδ
1085 5818 1182 5888 τῆς
1210 5819 1309 5891 πρὸ
1339 5819 1429 5873 τοῦ
1461 5819 1596 5891 μετὰ
1627 5822 1806 5890 νεῖρας

1909 4663 2003 4715 riis
2029 4664 2374 4732 temporibus.
2405 4671 2458 4718 et
2503 4665 2602 4717 sub
2639 4665 2863 4733 singulis
2907 4665 3119 4733 regibus
3149 4667 3434 4734 separatim

1907 4751 2061 4805 edita:
2081 4753 2386 4819 prophetia,
2411 4767 2440 4803 a
2470 4752 2726 4805 studiosis
2743 4753 3036 4821 antiquitus
3059 4763 3278 4808 servata:
3303 4754 3435 4809 fuis-

1909 4845 2060 4899 sent,
2114 4838 2224 4891 sive
2271 4837 2486 4900 Esdras,
2533 4838 2644 4891 sive
2698 4839 2912 4906 quidam
2942 4841 3052 4904 alii,
3099 4842 3432 4911 singulorum

1908 4925 2284 4992 prophetarum
2311 4923 2472 4989 dicta,
2505 4926 2668 4979 variis
2696 4927 3026 4995 temporibus
3072 4931 3293 4996 prolata,
3325 4945 3432 4981 uno

1907 5011 2176 5066 volumine
2213 5009 2738 5072 circumscribentcs.
2770 5031 2831 5068 ea
2866 5033 2982 5084 qua:
3010 5020 3179 5085 primo
3227 5027 3433 5086 reperta

1906 5104 2138 5165 fuerant,
2169 5103 2340 5172 primo
2375 5104 2491 5158 loco
2520 5115 2832 5173 posuerunt,
2862 5108 3053 5160 deinde
3088 5122 3149 5160 ea
3185 5123 3302 5176 quae
3333 5125 3432 5177 po-

1907 5200 2017 5246 stea
2075 5192 2141 5245 ad
2207 5207 2422 5246 manum
2479 5204 2772 5256 venerunt,
2824 5195 3164 5262 subjunxere,
3219 5196 3431 5253 etiamsi

1905 5291 2141 5350 tempore
2166 5285 2435 5352 prmirent.
2463 5283 2659 5339 Eadem
2690 5300 2815 5339 vero
2841 5287 3045 5339 ratione
3067 5284 3262 5340 Psalmi
3291 5288 3430 5357 dige—

1905 5373 1974 5426 sti
2004 5379 2148 5435 sunt,
2179 5375 2290 5429 sive
2327 5389 2511 5428 omnes
2540 5390 2644 5428 una
2674 5383 3002 5443 spectentur,
3043 5376 3156 5430 sive
3205 5378 3237 5429 ii
3283 5391 3428 5430 seor-

1905 5463 2001 5517 sim
2026 5477 2160 5532 quos
2187 5465 2649 5532 jam‘tractamus.
2691 5463 2802 5518 Nisi
2847 5462 3074 5519 fortasse
3115 5464 3428 5534 profundior

1905 5550 2079 5620 aliqua
2108 5551 2432 5621 intelligendi
2473 5556 2628 5618 ratio,
2663 5553 2818 5607 nobis
2849 5555 3080 5616 occulta.
3113 5557 3269 5607 aliam
3298 5570 3427 5606 cau-

1905 5658 2015 5697 sam
2046 5642 2110 5695 ad
2136 5645 2455 5711 quaestiones
2478 5645 2790 5698 solutionem
2824 5644 3024 5699 afferat.
3057 5644 3134 5696 Ea
3157 5659 3282 5696 vero
3309 5661 3428 5712 quae

1903 5731 1968 5788 de
1998 5733 2182 5788 ordine
2205 5735 2526 5802 psalmorum
2549 5731 2811 5812 Filiorum
2825 5733 2978 5797 Core,
3009 5741 3062 5786 et
3089 5732 3155 5803 de
3175 5731 3427 5787 Oratione

1905 5822 2113 5880 Paridis
2143 5841 2258 5896 quae
2293 5833 2414 5881 ante
2435 5826 2575 5881 hunc
2604 5826 2863 5895 psalmum
2902 5824 3074 5892 posita
3128 5832 3180 5880 et
3225 5825 3281 5878 in
3312 5837 3426 5876 nie~
