4406 6438
294 520 429 577 1945

1468 520 1963 577 COMMENTARIA
2002 521 2067 576 IN
2108 519 2443 577 PSALMOS.

3359 508 3491 564 {016

360 638 471 708 Τῆς
493 636 584 690 οὖν
611 638 867 710 μεγίστης
892 638 1091 708 ταύτης
1116 612 1206 691 καί
1242 636 1573 708 θεοπρεποῦς
1611 638 1833 701 πόλεως,
1864 657 1910 714 Δ
2007 638 2100 707 Huj

1752 657 1833 701 υς,
1864 657 1910 714 Δ
2007 638 2177 707 Hujus
2207 639 2387 706 itaque
2419 632 2665 687 maximae
2687 637 2740 685 et
2766 630 2872 684 Deo
2900 629 3074 698 digna:
3106 625 3362 687 civitatis,
3384 624 3492 679 sci-

286 726 427 796 λὲγω
453 728 508 782 δὲ
530 732 625 799 τῆς
651 729 742 782 τοῦ
768 730 902 783 Θεοῦ
942 728 1279 797 Ἐκκλησίας,
1301 729 1391 781 καὶ
1417 728 1509 780 τοῦ
1534 731 1651 782 κατ’
1674 729 1840 800 αὐτὴν

286 821 675 891 ἐμφαινομένου
726 821 1004 885 θεοσεὸοὖς
1054 821 1461 893 πολιτεύματος,
1506 824 1554 874 οἱ
1603 822 1837 893 θεμέλιοι

284 914 639 981 τυγχάνουσιν
668 915 725 965 ἐν
758 917 867 977 τοῖς
906 914 1057 984 ὄρεσι
1083 917 1192 977 τοῖς
1216 914 1408 984 ἁγίοις.
1426 916 1741 987 Ἐρμηνεύει
1781 915 1838 969 δὲ

284 1000 375 1055 τὸν
425 1001 578 1069 λόγον
623 1004 651 1055 6
686 1002 998 1064 ’Δπόστολος
1033 1004 1285 1071 φάσκων
1331 1005 1840 1075 Ἐποικοδομηθέν-

266 1109 381 1157 ,τες
414 1092 511 1146 ἐπὶ
538 1092 618 1158 τῷ
646 1094 890 1162 θεμελίῳ
930 1093 1046 1146 τῶν
1091 1095 1447 1149 ἀποστόλων
1473 1095 1571 1149 καὶ
1616 1112 1839 1165 προφη-

262 1182 419 1249 τῶν,
460 1185 630 1251 ὄντος
662 1186 1084 1252 ἀκρογωνιαίου
1114 1187 1297 1240 αὐτοῦ
1332 1188 1527 1254 Ἰησοῦ
1560 1190 1835 1257 Χριστοῦ.

282 1276 391 1328 Καὶ
441 1277 613 1341 ἄλλως
658 1279 713 1331 δὲ
755 1279 805 1331 οί
849 1278 1082 1348 θεμέλιοι
1121 1280 1282 1333 αὑτοῦ
1308 1282 1406 1334 οὐκ
1432 1280 1664 1335 ἐνταῦθα
1691 1282 1839 1335 κάτω

280 1367 375 1418 καὶ
402 1368 530 1437 παρ’
555 1369 698 1437 ἡμᾶς
726 1370 1098 1438 τυγχάνουσιν,
1122 1371 1234 1423 ἀλλ’
1260 1372 1372 1425 ἄνω
1394 1388 1497 1424 που
1527 1374 1618 1425 καὶ
1648 1375 1704 1425 ἐν
1728 1379 1839 1438 τοῖς

281 1453 632 1524 καλουμένοις
667 1457 842 1524 ἁγίοις
868 1456 1038 1528 ὄρεσι.
1072 1458 1162 1511 Διὸ
1187 1457 1429 1511 λέλεκται
1448 1474 1462 1488 ο
1493 1462 1556 1511 οι
1584 1459 1837 1528 θεμέλιοι

277 1544 464 1597 αὑτοῦ
504 1545 573 1597 ἐν
613 1544 734 1610 τοῖς
762 1546 924 1613 ὄρεσι
947 1547 1070 1614 τοῖς
1100 1549 1306 1617 ἁγίοις.
1341 1544 1463 1601 Εἶεν
1499 1551 1528 1600 δ
1574 1548 1639 1602 ἂν
1666 1550 1837 1603 ταῦτα

278 1632 346 1685 τὰ
372 1633 472 1703 ὅρη
497 1634 547 1686 οἱ
574 1635 790 1706 οὐρανοὶ
820 1637 928 1691 τῶν
957 1637 1217 1709 οὐρανῶν,
1250 1636 1377 1690 ἔνθα
1412 1637 1469 1689 τὸ
1511 1638 1650 1708 μέγα
1683 1640 1835 1693 πηλί-

275 1739 452 1792 τευμα
475 1723 572 1791 τῆς
602 1726 918 1796 ἐπουρανίου
944 1727 1101 1789 Σιὼν,
1128 1728 1219 1781 καὶ
1242 1728 1343 1797 τῆς
1364 1727 1575 1799 ἀληθῶς
1600 1728 1835 1800 μεγάλης

273 1813 372 1867 τοῦ
397 1813 529 1867 Θεοῦ
560 1816 766 1881 πόλεως
797 1817 1139 1889 συνέστηκεν.
1169 1820 1281 1872 Οὐκ
1301 1818 1431 1889 ἐμὸς
1456 1820 1513 1873 δὲ
1540 1814 1687 1884 οὗτος
1706 1822 1734 1872 6
1753 1820 1837 1879 λότ

275 1919 390 1971 γος,
421 1903 556 1956 ἀλλὰ
587 1905 678 1957 καὶ
710 1906 868 1969 αὐτὸς
903 1906 998 1959 τοῦ
1030 1909 1293 1977 φήσαντος
1308 1908 1653 1962 Ἀποστόλου·
1672 1910 1749 1965 ,Ἠ
1772 1908 1837 1965 δὲ

274 1992 398 2046 ἄνω
437 1994 817 2063 Ἰερουσαλὴμ
845 1997 1124 2065 ἐλευθέρα
1162 1998 1351 2063 ἐστίν,
1389 1999 1521 2067 ἥτις
1548 2001 1679 2054 ἐστὶ
1722 2002 1837 2069 μή·

275 2099 386 2149 τηρ
442 2083 627 2151 ἡμῶν,
673 2087 797 2138 καί·
835 2084 1329 2154 Προσεληλύθατε
1376 2092 1529 2143 Σιὼν
1575 2090 1693 2158 ὄρει
1738 2088 1835 2148 καί

276 2174 446 2227 πόλει
490 2174 635 2227 θεοῦ
675 2174 905 2241 ζῶντος,
924 2177 1304 2247 Ἰερουσαλὴμ
1341 2178 1690 2247 ἐπουρανίῳ,
1736 2182 1832 2234 καὶ

269 2263 555 2345 μυριάσιν
569 2264 835 2333 ἀγγέλων
852 2270 1201 2337 πανηγύρει,
1219 2269 1316 2322 καὶ
1351 2270 1669 2337 Ἐκκλησία
1693 2288 1835 2339 πρω-

274 2354 533 2445 τοτόκων
584 2357 1117 2427 ἀπογεγραμμένων
1166 2359 1236 2445 ἐν
1285 2360 1577 2426 οὐρανοῖς.
1611 2348 1833 2431 ’Ταύτης

270 2440 366 2498 οὖν
398 2447 495 2515 τῆς
531 2446 767 2515 μεγάλης
797 2450 999 2512 πόλεως
1029 2448 1122 2502 τοῦ
1154 2440 1288 2531 Θεοῖξ
1330 2450 1491 2504 εἰκὼν
1527 2453 1624 2522 μὲν
1651 2469 1735 2522 ειη
1767 2451 1831 2503 ἂν

273 2536 310 2608 ἡ
354 2537 443 2589 ἐπὶ
492 2539 591 2607 γῆς
629 2538 917 2609 Ἐκκλησία
950 2540 1042 2594 τοῦ
1076 2541 1243 2595 Θεοῦ’
1286 2542 1355 2595 τὰ
1392 2543 1448 2596 δὲ
1491 2543 1830 2613 στηρίγματα

272 2628 443 2699 αὐτῆς
490 2630 583 2682 καὶ
630 2629 885 2699 θεμέλιοι,
915 2633 964 2684 οἱ
1013 2634 1070 2685 ἐν
1115 2635 1222 2695 τοῖς
1266 2633 1669 2703 ἀποδεδομένοις
1699 2636 1830 2705 ἡμῖν

272 2719 448 2786 ἁγίοις
476 2720 655 2791 ὅρεσιν
676 2722 1057 2792 ὑφεστήκασιν·
1088 2727 1143 2778 αἱ
1170 2727 1225 2779 δέ
1251 2726 1445 2779 εἴσοδοι
1478 2726 1570 2780 καὶ
1597 2727 1654 2781 αἱ
1680 2725 1829 2795 πρῶ-

272 2825 362 2861 ται
410 2810 770 2879 στοιχειώσεις
825 2815 993 2884 αὐτῆς
1041 2815 1252 2885 ἐκείνης
1292 2817 1391 2884 τῆς
1430 2816 1829 2887 οὐρανοπόλεως

273 2896 506 2950 ἐνταῦθα
537 2900 855 2968 τυγχάνουσι
908 2904 1033 2974 παρ’
1060 2905 1428 2976 ἡμῖν.⁹Ασπερ
1473 2907 1706 2969 εἰσόδους
1738 2908 1830 2960 καὶ

270 2988 578 3057 εἰσαγωγὰς
606 2990 699 3043 τοῦ
731 2991 1012 3055 Θεοσεὸοὖς
1044 2994 1430 3065 πολιτεύματος
1481 2997 1653 3061 πύλας
1700 2998 1829 3052 ὠνό-

276 3093 417 3145 μασε
438 3079 574 3133 Σιὼν
597 3083 624 3134 6
638 3080 789 3150 λόγος
829 3082 1049 3151 φάσκων
1066 3100 1079 3114 ο
1127 3085 1339 3151 Ἇγαπᾷ
1361 3088 1575 3153 Κύριος
1602 3088 1707 3153 τὰς
1724 3088 1830 3141 πύ-

272 3171 388 3233 λας
445 3168 599 3223 Σιὼν
665 3172 814 3239 ὑπὲρ
868 3173 1061 3227 πάντα
1112 3176 1182 3227 τὰ
1228 3174 1581 3245 σκηνώματα
1615 3178 1823 3232 Ἰακώϐ.

277 3256 614 3328 Σκηνώματα
638 3260 693 3313 δὲ
732 3261 919 3314 Ἰακὼό
948 3264 1002 3315 al
1039 3264 1319 3317 Ίουδαικαὶ¹
1363 3252 1701 3339 παραδόσεις,
1733 3270 1822 3321 καὶ

1938 731 2063 785 licet
2112 728 2366 783 Ecclesiae
2424 725 2540 787 Dei,
2567 732 2617 778 et
2653 723 2739 791 pii.
2778 720 3012 775 instituti
3037 719 3092 772 in
3148 733 3212 772 ea
3271 714 3491 778 servati,

1940 820 2286 875 fundamenta
2308 825 2432 871 sunt
2455 818 2512 870 in
2539 814 2810 868 montibus
2839 809 3062 866 sanctis.
3086 807 3287 861 Locum
3315 812 3492 859 autem

1903 926 1910 935 ’
1938 910 2170 978 explicat
2204 906 2491 976 Apostolus
2520 903 2603 957 his
2643 902 2824 959 verbis
2850 918 2864 953 :
2891 894 3308 967 Supermdiﬁcati
3336 907 3491 961 super

1938 1000 2335 1069 fundamentum
2360 996 2713 1065 apostolorum
2741 1004 2788 1047 et
2804 990 3192 1060 prophetarum,
3211 987 3323 1055 ipso
3343 999 3491 1037 sum-

1939 1089 2303 1159 mo.angulari
2348 1086 2518 1154 lapide
2560 1083 2688 1138 Jesu
2718 1083 2927 1137 Christo
2948 1082 3017 1133 ⁷⁸.
3038 1077 3113 1131 ηΕι
3146 1091 3273 1153 vero
3295 1074 3491 1130 funda-

1939 1196 2117 1237 menta
2151 1170 2271 1250 ejus
2307 1194 2415 1235 non
2448 1178 2676 1232 interius
2708 1176 2884 1243 posita
2914 1180 2966 1225 et
2996 1185 3161 1241 penes
3191 1181 3293 1223 nos
3331 1172 3486 1232 sunt;

1938 1272 2033 1327 sed
2076 1285 2316 1335 sursum,
2342 1278 2394 1323 et
2421 1269 2476 1322 in
2510 1268 2577 1322 iis
2609 1268 2701 1335 qui
2735 1264 2947 1318 montes
2989 1260 3161 1315 sancti
3200 1266 3486 1311 vocantur.

1938 1363 2117 1428 Quare
2162 1361 2385 1425 dicitur,
2423 1357 2793 1412 Fundamenta
2838 1354 2949 1422 ejus
2984 1354 3037 1405 in
3070 1348 3333 1411 montibus
3360 1364 3488 1402 san-

1936 1454 2056 1505 clis.
2102 1451 2183 1505 Illi
2231 1465 2393 1520 porro
2422 1457 2637 1504 montes
2672 1446 2863 1508 sancti,
2897 1450 3025 1497 sunt
3053 1440 3176 1494 caeli
3199 1438 3483 1497 caelorum,

1936 1544 2029 1596 ubi
2077 1558 2328 1611 magnum
2378 1540 2507 1594 illud
2546 1540 2852 1593 institutum
2903 1532 3140 1588 cmlestis
3200 1528 3381 1584 Sionis
3432 1535 3487 1581 et

1935 1648 2063 1687 vere
2089 1647 2297 1701 magna:
2322 1631 2418 1685 Dei
2440 1628 2677 1683 civitatis
2714 1626 2983 1681 consistit.
3007 1623 3191 1692 Neque
3213 1634 3367 1675 meus
3396 1618 3488 1673 hic

1937 1738 2115 1780 sermo
2144 1729 2248 1786 est,
2265 1721 2359 1777 sed
2389 1719 2632 1790 ejusdem
2660 1717 2903 1791 Apostoli
2935 1716 3165 1770 dicentis
3193 1733 3204 1767 :
3234 1712 3343 1767 Illa
3368 1725 3486 1766 vero

1936 1831 2050 1885 qua
2096 1830 2304 1868 sursum
2360 1821 2438 1866 est
2490 1808 2805 1869 Jerusalem,
2862 1806 3025 1859 libera
3081 1814 3195 1885 est,
3241 1818 3358 1873 qua:
3406 1806 3487 1856 est

1939 1916 2106 1961 mater
2132 1915 2314 1959 nostra
2341 1904 2414 1967 ⁸⁰;
2442 1909 2516 1966 ει,
2540 1900 2848 1954 Accessistis
2899 1898 2967 1950 ad
2998 1894 3126 1950 Sion
3162 1878 3407 1958 montem,
3432 1897 3486 1946 et

1869 2026 1909 2081 Β
1938 1996 2197 2049 ciuitatem
2238 1992 2335 2045 Dei
2377 1990 2613 2053 viventis,
2650 1987 2945 2042 Jerusalem
2960 1984 3245 2067 caelestem,
3273 1990 3325 2035 et
3348 1980 3483 2033 mul-

1937 2098 2108 2154 torum
2134 2082 2361 2135 millium
2393 2079 2695 2150 angelorum
2724 2058 3088 2147 frequentiora,
3112 2081 3161 2126 et
3193 2070 3483 2125 Ecclesiam

1929 2174 2312 2242 primitivorum
2361 2172 2451 2240 qui
2500 2169 2749 2237 descripti
2796 2176 2917 2221 sunt
2955 2167 3008 2219 in
3048 2163 3186 2219 catis
3210 2162 3275 2216 ⁸⁸.
3307 2159 3480 2230 Hujus

1930 2268 2111 2333 itaque
2159 2277 2367 2332 magnae
2412 2260 2505 2315 Dei
2561 2260 2795 2314 civitatis
2826 2258 3002 2327 imago
3047 2252 3206 2309 fuerit
3241 2250 3481 2305 Ecclesia

1932 2353 2046 2421 Dei,
2080 2369 2202 2423 quae
2228 2359 2311 2409 est
2338 2353 2392 2406 in
2422 2359 2597 2417 terra;
2642 2349 2811 2403 fulcra
2839 2357 3016 2404 autem
3040 2354 3094 2402 et
3130 2342 3479 2398 fundamenta

1890 2460 1893 2465 λ
1928 2448 2047 2515 ejus
2076 2461 2147 2505 ea,
2185 2451 2334 2507 sunt,
2361 2458 2480 2513 qua:
2520 2446 2770 2513 superius
2801 2458 2895 2514 per
2925 2448 3136 2497 montes
3168 2444 3385 2495 sanctos
3412 2437 3482 2490 si-

1927 2534 2170 2606 gniﬁcari
2206 2533 2565 2599 tradidimus;
2598 2534 3077 2604 ingressus'autem
3098 2537 3152 2586 et
3176 2530 3331 2601 primi
3364 2528 3478 2582 adi-

1927 2626 2027 2682 tus'
2046 2625 2285 2681 caelestis
2318 2623 2466 2680 illius
2494 2616 2751 2679 civitatis.
2778 2624 2918 2693 apud
2949 2638 3049 2679 nos
3082 2628 3228 2677 sunt.
3263 2619 3367 2686 Qui
3396 2619 3479 2672 in-

1926 2731 2146 2789 gressus
2166 2726 2225 2771 et
2252 2716 2433 2771 aditus
2454 2716 2522 2771 ad
2547 2717 2858 2787 religiosum
2891 2714 3021 2769 illud
3043 2713 3369 2775 institutum,
3388 2711 3478 2766 hic

1928 2817 2096 2879 portae
2126 2806 2259 2863 Sion
2281 2802 2577 2871 vocantur,‘
2597 2822 2720 2861 cum
2738 2806 2937 2861 dicitur
2965 2824 2978 2859 :
3012 2806 3194 2875 Diligit
3220 2804 3474 2858 Dominus
3548 2880 3551 2881 ν

1926 2908 2105 2968 portas
2154 2899 2283 2955 Sion
2333 2915 2489 2967 super
2537 2898 2715 2951 omnia
2771 2896 3109 2950 tabernacula
3159 2894 3344 2949 Iacob.
3372 2892 3473 2948 His

1927 3001 2107 3047 autem
2131 2990 2261 3045 mihi
2293 3004 2386 3059 per
2417 2989 2506 3043 illa
2530 2988 2876 3043 tabernacula
2906 2983 3343 3065 JacohJud’aicaa
3363 2992 3474 3037 tral-

1926 3082 2158 3137 ditiones
2187 3090 2239 3136 et
2268 3080 2490 3135 Mosaici
2521 3078 2830 3149 corporales
2866 3079 3046 3133 cultus
3074 3075 3364 3147 signiﬁcari
3390 3076 3473 3130 vi»

1926 3174 2123 3230 dentur
2166 3193 2180 3227 :
2226 3175 2425 3245 quibus
2481 3174 2885 3245 przestantiores
2933 3172 3075 3243 apud
3126 3172 3293 3227 Deum
3348 3180 3473 3227 sunt

1928 3275 2093 3334 porta:
2127 3262 2277 3328 Sion,
2325 3264 2377 3317 id
2412 3273 2514 3329 est,
2546 3263 2823 3333 ingressus
2861 3270 2914 3316 et
2943 3263 3121 3317 aditus
3150 3261 3214 3318 ad
3248 3276 3470 3331 regnum

270 3345 331 3397 αί
359 3348 498 3399 κατά
528 3339 799 3411 Μωῦσέως
833 3353 1137 3418 σωματικαὶ
1168 3353 1446 3423 θρησκεϊαι
1480 3356 1710 3410 ἐνταῦθα
1739 3373 1828 3426 μοι
1854 3360 1895 3418 C
1928 3369 2010 3408 ca:

1739 3373 1828 3426 μοι
1854 3360 1895 3418 C
1928 3354 2168 3416 cmleste,
2211 3354 2265 3407 in
2320 3353 2557 3410 Ecclesia
2601 3353 2847 3407 stabiliti.
2882 3351 2940 3408 In
2972 3367 3035 3408 ea
3075 3367 3307 3423 namque
3356 3352 3471 3407 sola

268 3435 482 3490 δοκοῦσι
510 3437 783 3507 λέγεσθαι·
811 3433 885 3493 ὧν
913 3444 1295 3515 προτιμότεραι
1321 3447 1639 3517 τυγχάνουσι
1673 3447 1821 3518 παρὰ

269 3524 349 3594 τῷ
376 3524 494 3595 Θεῷ
535 3528 590 3580 al
624 3528 785 3581 πύλαι
812 3529 909 3599 τῆς
936 3530 1093 3593 Σιὼν,
1123 3534 1394 3586 τουτέστιν
1421 3536 1475 3587 al
1505 3536 1693 3588 εἴσοδοι
1730 3537 1824 3589 καὶ

270 3618 568 3685 είσαγωγαὶ
594 3618 692 3686 τῆς
712 3620 1030 3688 ἐπουρανίου
1065 3622 1331 3692 βασιλείας
1363 3626 1455 3678 ἐπὶ
1478 3627 1574 3696 τῆς
1606 3626 1820 3692 Ἐκκλη-

272 3702 711 3777 σίαςίδρυμέναι.
732 3707 816 3758 Ἐν
840 3708 973 3780 μόνῃ
991 3709 1097 3780 γὰρ
1119 3712 1286 3783 ταύτῃ
1309 3714 1634 3783 κηρύσσεται
1654 3717 1686 3784 ή
1715 3714 1821 3768 τῶν

267 3794 509 3864 οὐρανῶν
540 3794 809 3864 βασιλεία,
841 3798 934 3849 καὶ
981 3798 1073 3850 τοῦ
1121 3804 1383 3872 σωτηρίου
1410 3820 1469 3870 γε
1498 3804 1819 3870 Εὐαγγελίου

266 3884 299 3934 6
343 3885 447 3946 πᾶς
490 3885 684 3949 σκοπὸς
710 3888 885 3938 ἐκεῖσε
920 3886 1292 3956 βλέπει.Ὲπεὶ
1326 3894 1418 3944 καὶ
1463 3894 1517 3945 αἱ
1568 3896 1820 3962 σωτήριοι

268 3976 610 4045 ἐπαγγελίαι,
650 3979 743 4031 καὶ
769 3979 828 4031 τὸ
850 3980 1194 4047 εὐαγγελικὸν
1220 3984 1496 4052 κήρυγμα,
1531 3983 1623 4035 καὶ
1650 3985 1684 4053 ή
1714 3987 1818 4039 πᾶ-
1843 3973 1847 3977 ’

270 4082 341 4117 σα
370 4066 523 4130 ἐλπὶς
549 4066 643 4120 τοῦ
676 4069 815 4140 κατὰ
840 4072 1067 4141 Χριστὸν
1100 4060 1504 4141 πολιτεύματος,
1527 4074 1624 4143 τὴν
1670 4074 1819 4144 βασι-

266 4151 415 4207 λείαν
436 4153 542 4207 τῶν
561 4156 800 4226 οὐρανῶν
824 4161 943 4229 όρᾷ.
962 4160 1271 4230 Γέγραπται
1294 4161 1441 4228 γοῦν,
1461 4163 1540 4215 ὅτι
1563 4163 1819 4234 ἐκήρυξεν

258 4244 295 4327 '6
338 4243 524 4316 Σωτὴρ
553 4245 724 4312 λέγων
743 4262 760 4279 ’
792 4248 1064 4316 Ἤγγικεν
1092 4250 1129 4316 ἡ
1163 4251 1466 4315 βασιλεία·
1485 4251 1601 4305 τῶν
1646 4257 1819 4324 οὐρα-

264 4331 752 4405 νῶν.⁹Εμακάριζέ
792 4353 851 4388 τε
895 4340 1018 4400 τοὺς
1050 4338 1361 4408 ἁξίουςντῶν
1402 4344 1615 4397 οἰκείων
1640 4363 1817 4417 μακα-

267 4421 499 4492 ρισμῶν,
537 4424 995 4495 ἐπαγγελλόμενος
1018 4429 1218 4501 ἀὐτοῖς
1244 4430 1514 4499 βασιλείαν
1539 4436 1779 4506 οὐρανῶν
1798 4455 1812 4467 ’

264 4509 399 4562 ἀλλὰ
428 4511 518 4565 καὶ
544 4511 817 4591 ἐδίδασκεν
843 4513 1094 4584 εὔχεσθαι
1118 4520 1243 4583 τοὺς
1269 4522 1431 4575 αὐτοῦ
1457 4502 1699 4595 μαθητὰς
1725 4528 1817 4580 καὶ

263 4601 364 4670 τὴν
392 4601 497 4656 τῶν
526 4603 766 4669 οὐρανῶν
796 4604 1065 4675 βασιλείαν
1090 4607 1410 4673 ἐξαιτεῖσθαι
1439 4615 1737 4681 φάσκοντας
1758 4616 1815 4667 ἐν

263 4691 329 4761 τῇ
356 4695 623 4763 προσευχῇ
645 4694 997 4762 Τενηθήτω
1019 4696 1085 4750 τὸ
1120 4699 1343 4768 θέλημά
1369 4678 1505 4764 σοι),
1534 4703 1747 4756 ἐλθέτω
1776 4704 1813 4770 ἡ
1845 4678 1889 4733 D

1864 4854 1871 4867 _
1915 4810 2054 4865 quas,
2101 4795 2451 4850 tabernacula
2486 4793 2665 4848 Jacob
2707 4794 3015 4863 appellavit.
3051 4793 3205 4865 Apud
3247 4793 3464 4852 Judaaos

255 4782 542 4843 ,βασιλεία
569 4800 704 4839 σου.
729 4786 961 4861 Εἰκότως
984 4788 1158 4841 τοίνυν
1180 4790 1353 4843 πάντα
1377 4791 1445 4845 τὰ
1474 4792 1695 4847 τοιαῦτα
1715 4793 1814 4845 πύ-

262 4870 352 4926 λαι
376 4872 476 4943 τῆς
498 4873 605 4940 τῶν
627 4875 868 4945 οὐρανῶν
899 4878 1170 4947 βασιλείας
1187 4880 1595 4953 ὠνομάσθησαν.
1622 4884 1812 4936 εἴσοδοί

261 4978 405 5026 τινες
429 4964 530 5018 ’καὶ
546 4966 842 5032 είσαγωγαὶ
865 4970 1222 5045 τυγχάνουσαι
1243 4972 1339 5041 τῆς
1366 4975 1539 5024 ἐκεῖσε
1569 4975 1806 5043 πορείας.

273 5052 486 5125 ’ᾼγαπᾷ
530 5056 706 5109 τοίνυν
754 5056 954 5121 ταύτας
1003 5058 1101 5122 τὰς
1151 5060 1322 5123 πύλας
1362 5063 1459 5131 τῆς
1490 5064 1809 5133 ἐπουρανίου

260 5142 398 5199 Σιων
431 5145 569 5215 ὑπὲρ
615 5144 711 5209 τὰς
754 5146 981 5216 νομικὰς
1012 5149 1103 5199 καὶ
1137 5149 1429 5215 ’Ῑουδαῖκὰς
1468 5152 1806 5221 συναγωγὰς,

262 5233 441 5304 ἇσπερ
465 5234 710 5304 ὠνόμασε
735 5236 1059 5307 σκηνώματα
1093 5237 1304 5293 Ἰακώϐ.
1334 5240 1499 5294 Οὐδὲν
1525 5241 1651 5309 γοῦν
1678 5246 1806 5315 παρ’

261 5324 488 5385 ἐκείνοις
514 5325 640 5395 περὶ
672 5326 769 5397 τῆς
808 5327 1126 5398 ἐπουρανίου
1161 5328 1362 5391 πόλεως
1400 5330 1492 5383 τοῦ
1516 5331 1648 5384 Θεοῦ
1678 5351 1808 5403 μνηο

262 5411 560 5485 μονεύεται,
588 5415 706 5468 οὐδέ
730 5434 812 5481 τις
838 5419 1016 5481 αὐτοῖς
1046 5419 1241 5481 σκοπὸς
1276 5420 1399 5490 περὶ
1428 5420 1700 5488 βασιλείας
1726 5424 1809 5475 οὐδ

261 5505 437 5578 ρανῶν
479 5504 835 5586 ἐνεστι,κᾲτω
864 5510 918 5562 δὲ
956 5510 1023 5561 δι’
1051 5510 1168 5563 ὅλου
1201 5510 1505 5573 νενευκότες
1533 5511 1629 5574 τὰς
1657 5512 1807 5565 ἐλπί-

255 5598 351 5661 δας
378 5597 468 5651 ἐπὶ
488 5597 588 5666 γῆς
612 5594 790 5667 ἔχουσι
809 5639 824 5661 ,
857 5603 948 5652 καὶ
984 5602 1080 5665 τὰς
1105 5601 1430 5669 ἐπαγγελίας
1449 5600 1687 5655 ἐνταῦθα
1702 5621 1802 5657 που

1922 3443 2245 3514 praedicatur
2297 3459 2520 3514 regnum
2578 3444 2840 3497 caelorum
2878 3451 3177 3513 :totusque
3217 3443 3473 3498 salutaris

1922 3534 2194 3605 Evangelii
2252 3549 2448 3604 scopus
2492 3547 2559 3587 eo
2599 3534 2839 3603 respicit.
2893 3530 3167 3602 Siquidem
3211 3532 3469 3588 salutaria

1920 3623 2210 3692 promissa,
2247 3622 2551 3693 evangelica
2581 3622 2913 3692 praedicatio,
2933 3620 3469 3693 totaqueCltristiani

1922 3714 2155 3769 instituti
2179 3730 2325 3785 spes,
2354 3730 2576 3784 regnum
2605 3715 2865 3769 cmlorum
2898 3722 3163 3783 spectant.
3196 3711 3469 3783 Scriptum

1917 3820 2002 3861 est
2052 3806 2195 3859 enim
2246 3807 2357 3859 haac
2404 3807 2727 3874 praedicasse
2767 3806 3098 3860 Salvatorem
3128 3821 3141 3857 :
3174 3804 3470 3875 Appropin-

1918 3897 2093 3965 quavit
2108 3911 2318 3965 regnum
2340 3896 2583 3949 caelorum
2600 3899 2682 3964 ﬂ;
2709 3898 2928 3966 ipseque
2957 3897 3142 3953 beatos
3163 3897 3468 3967 praedicavit

1919 4004 2012 4042 eos
2050 3988 2142 4057 qui
2188 3988 2405 4057 propria
2445 3989 2547 4043 sibi
2582 3988 2917 4044 beatitudine
2950 3988 3097 4058 digni
3131 3995 3279 4054 sunt,
3304 3988 3467 4058 ipsis-

1917 4092 2021 4147 que
2058 4091 2280 4146 regnum
2316 4080 2574 4131 caelorum
2605 4079 2883 4147 pollicitus
2913 4088 3030 4143 est;
3054 4079 3165 4131 imo
3192 4077 3353 4133 etiam
3384 4077 3467 4133 di-

1918 4168 2157 4236 scipulos
2188 4183 2318 4222 suos
2340 4167 2594 4237 precandi
2628 4176 2682 4222 et
2708 4183 2933 4238 regnum
2964 4169 3221 4229 caelorum
3250 4167 3474 4238 petendi

1918 4256 2134 4310 modum
2175 4256 2413 4335 edocuit,
2444 4257 2585 4311 hanc
2623 4258 2888 4331 orationis
2933 4256 3159 4314 formam
3202 4259 3462 4314 tradens:

1917 4341 2043 4397 Fiat
2085 4344 2324 4398 voluntas
2378 4353 2486 4409 tua,
2536 4345 2777 4401 adueniat
2803 4363 3035 4422 regnum
3076 4348 3303 4403 tuum“.
3335 4346 3463 4403 lure

1915 4449 2043 4505 ergo
2075 4436 2188 4489 haec
2220 4436 2399 4490 omnia
2428 4445 2598 4506 portae
2624 4426 2773 4507 regni
2812 4438 3073 4492 cmlorum
3096 4446 3284 4492 vocata
3316 4450 3462 4502 sunt,

1915 4532 2098 4593 utpote
2130 4526 2411 4595 ingressus
2432 4526 2721 4597 aditusque
2752 4527 2965 4589 itineris
2999 4528 3092 4581 illo
3121 4526 3461 4581 instituendi.

1915 4614 2099 4685 Diligit
2148 4632 2277 4688 ergo
2314 4616 2579 4673 Dominus
2638 4618 2738 4672 has
2788 4618 3027 4674 caelestis
3056 4616 3237 4674 Sionis
3278 4625 3465 4685 portas

1916 4705 2039 4775 plus
2093 4720 2256 4776 quam
2313 4720 2502 4760 omnes
2541 4705 2740 4771 legales
2770 4713 2825 4759 et
2857 4702 3112 4759 Judaicas
3140 4719 3461 4775 synagogas,

1911 4889 2056 4939 enim
2098 4886 2335 4947 caelestis
2373 4884 2460 4957 illa
2498 4882 2591 4938 Dei
2620 4884 2811 4945 civitas
2843 4884 3155 4940 nullatenus
3191 4899 3460 4940 memora.

1914 4984 2021 5038 tur,
2046 4988 2219 5043 neque
2240 4988 2338 5041 pro
2363 4986 2529 5041 scopo
2556 4972 2754 5027 habent
2778 4973 2881 5042 ipsi
2911 4990 3134 5045 regnum
3162 4975 3458 5041 caelorum;
3528 5014 3533 5017 ι

1911 5068 2006 5121 sed
2033 5068 2284 5121 deorsum
2328 5066 2505 5133 proni,
2535 5065 2590 5118 in
2624 5072 2767 5119 terra
2814 5081 2961 5134 spem
2998 5066 3215 5130 habent,
3248 5074 3302 5119 et
3328 5081 3459 5134 pro-

1912 5160 2077 5214 missa
2132 5157 2237 5211 sibi
2287 5155 2411 5212 data
2455 5159 2545 5212 hic
2575 5164 2893 5226 exspectant
2922 5177 2935 5211 :
2966 5172 3132 5226 quare
3158 5163 3324 5226 portae
3342 5154 3461 5210 illa:

1912 5246 2148 5302 caelestis
2188 5243 2339 5308 Sion,
2369 5262 2503 5316 quas
2533 5262 2692 5315 supra
2727 5246 3142 5307 declaravimus,
3170 5243 3371 5311 majore
3402 5244 3461 5297 in

1912 5337 2083 5407 pretio
2132 5335 2273 5405 apud
2328 5336 2493 5392 Deum
2532 5359 2537 5363 ·
2571 5337 2856 5406 habentur,
2895 5350 3056 5405 quam
3112 5334 3469 5390 tabernacula-

1908 5424 2093 5478 Jacob.
2114 5423 2281 5493 Cujus
2305 5425 2486 5480 Sionis
2509 5425 2857 5481 fundamenta
2890 5441 2997 5479 non
3025 5424 3112 5478 hic
3133 5430 3186 5478 et
3212 5424 3265 5478 in
3286 5432 3463 5488 terra,

1910 5514 2097 5567 humili
2144 5513 2264 5568 loco
2300 5516 2474 5583 posita
2500 5523 2661 5581 sunt,
2695 5515 2788 5571 sed
2818 5516 2873 5569 in
2905 5514 3181 5570 montibus
3223 5513 3459 5578 sanctis,

1907 5605 1983 5658 uti
2011 5619 2174 5664 supra
2209 5607 2620 5674 explicavimus.
3441 5614 3443 5616 ’

255 5687 600 5758 προσδωκῶσι
622 5705 634 5716 ·
670 5688 748 5742 διὸ
776 5693 1154 5763 προτιμότεραι
1188 5692 1335 5764 παρὰ
1359 5691 1434 5763 τῷ
1463 5691 1579 5762 Θεῷ
1608 5695 1927 5764 τυγχάνουσι
1952 5695 2057 5747 τῶν
2107 5696 2472 5766 σκηνωμάτων
2502 5696 2691 5749 Ἰακὼϐ
2739 5697 2792 5748 al
2852 5693 3267 5765 προδηλωθεῖσαι
3324 5694 3475 5762 ἡμῖν

321 5838 366 5871 τ’
408 5838 604 5908 Ephes.
640 5857 711 5905 ιι,
742 5840 830 5895 20.
907 5842 951 5876 ³⁸
990 5843 1107 5896 Gal.
1148 5862 1221 5908 ιν.
1254 5844 1344 5900 26.
1420 5846 1461 5879 ⁸¹
1504 5844 1665 5904 Hebr.
1692 5854 1807 5914 ιιι,
1838 5801 1949 5918 ᾖ,
1976 5848 2064 5903 25.
2140 5802 2185 5881 “6
2225 5847 2481 5913 Matth.)
2507 5888 2522 5913 ,
2562 5848 2611 5905 7.
2687 5848 2731 5880 ’⁵³
2769 5846 2955 5903 Matth.
2990 5864 3075 5915 νι,
3114 5846 3211 5901 10-
