4406 6416
333 485 465 544 1049

1461 494 1961 549 COMMENTABIA
1996 495 2063 551 IN
2089 496 2403 553 PSALHOS

3335 507 3489 562 1050

321 599 504 688 τέχθαι
535 599 649 651 ἐκεῖ
679 598 928 681 φάσκων,
962 596 1249 669 παρίστησι
1279 598 1376 672 τὴν
1404 603 1459 656 tv
1486 604 1562 673 τῷ
1593 603 1856 675 ἀνθρώπῳ
1886 612 1926 666 Α
1958 605 2061 658 illic

1744 605 1856 674 ὺπῳ
1886 612 1926 666 Α
1958 605 2064 658 illic
2096 615 2275 658 uatum
2301 607 2450 670 dicit,
2479 607 2569 662 Dei
2603 608 2758 664 Verbi
2783 610 2835 663 in
2860 610 3078 665 homine
3105 612 3483 668 habitationem

319 689 409 741 τοῦ
434 678 577 741 ’Θεοῦ
605 689 774 756 Λόγου
805 678 1130 767 κατοίκησιν.
1169 689 1375 761 Ὥσπερ
1395 691 1549 764 γὰρὴ
1581 695 1734 755 Σιὼν,
1763 698 1856 749 πό-

319 777 401 839 λις
434 772 565 829 οὖσα
590 777 683 830 τοῦ
715 777 879 845 Θεοῦ,
917 775 1064 847 χώρα
1088 778 1336 846 τυγχάνει
1365 780 1457 851 τοῦ
1489 783 1764 851 τεχθέντος
1799 787 1854 837 ὲν

318 869 450 937 αὐτῇ
485 867 703 939 ἀνδρὸς,
735 869 873 921 οὕτω
920 870 1014 931 καὶ
1055 869 1213 932 αὐτὸς
1244 872 1272 921 ό
1307 871 1442 942 ἀνὴρ
1474 872 1620 942 χώρα
1653 873 1853 940 γίνεται

319 961 412 1011 καὶ
443 960 640 1028 δοχεῐον
669 959 761 1012 τοῦ
787 962 842 1012 tv
869 959 1012 1030 αὐτῷ
1036 961 1373 1030 γεννηθέντος
1397 963 1529 1015 Θεοῦ
1562 965 1752 1031 Λόγου,
1780 965 1854 1026 ὡς

319 1049 377 1100 tv
401 1048 528 1118 ἱερῷ
559 1048 693 1117 ἁγίῳ
715 1050 806 1100 καὶ
830 1047 957 1116 ναῷ,
989 1041 1181 1117 μᾶλλον
1210 1050 1264 1103 δὲ
1287 1050 1360 1113 ὼς
1394 1053 1449 1103 tv
1470 1053 1734 1123 ἀγάλματι
1763 1055 1854 1105 καὶ

317 1139 504 1208 δοχείῳ
525 1139 621 1209 τῆς
639 1138 796 1191 αὐτοῦ
818 1137 1060 1206 θεότητος
1077 1140 1133 1191 tv
1156 1139 1300 1208 αύτῷ
1325 1144 1716 1211 κατῳκηκότος.
1747 1143 1852 1196 Καὶ

319 1229 489 1297 ταῦτα
519 1230 574 1282 δὲ
597 1228 898 1295 ἀναγκαίως
923 1228 951 1278 ό
968 1228 1134 1294 Λόγος
1165 1229 1393 1293 ἐδίδαξεν
1418 1232 1493 1292 εἰς
1525 1232 1582 1282 τὸ
1613 1231 1852 1301 γνωσθῆ-

321 1335 409 1371 ναι
441 1319 556 1380 πῶς
582 1315 857 1384 ἀλλόφυλοι
882 1317 975 1368 καὶ
1001 1317 1171 1388 Τύρος
1198 1320 1287 1371 καὶ
1307 1319 1429 1382 λαὸς
1457 1319 1720 1372 Αἰθιόπων
1741 1322 1853 1388 ἐγε-

319 1410 551 1479 νήθησαν
570 1410 627 1460 tv
646 1410 709 1477 τῇ
729 1406 820 1505 ηοῦ
840 1407 971 1468 Θεοῦ
996 1410 1163 1474 πόλει,
1187 1411 1277 1462 καὶ
1296 1411 1574 1478 γεγόνασιν
1596 1412 1698 1463 υἱοὶ
1717 1411 1850 1463 Θεοῦ

314 1501 402 1554 διὰ
423 1500 520 1569 τῆς
541 1504 668 1569 παρ’
691 1497 837 1569 αὐτῷ
855 1500 1459 1570 ἀναγεννήσεως.”οπως
1477 1501 1582 1570 γὰρ
1601 1501 1692 1553 καὶ
1714 1500 1851 1553 κατὰ

313 1592 434 1646 τίνα
473 1593 669 1663 τρόπον
705 1593 738 1662 ἡ
766 1592 993 1662 τοσαύτη
1024 1593 1102 1654 εἰς
1140 1593 1392 1662 οὐρανοὺς
1419 1593 1638 1663 ἐξεχύθη
1671 1595 1846 1662 χάρις,

314 1678 649 1751 παρέστησεν
681 1682 846 1735 εἰπὼν
870 1683 937 1735 τὰ
968 1684 1105 1736 κατὰ
1131 1683 1216 1735 τὸν
1247 1684 1409 1754 ἄνδρα
1423 1686 1512 1735 τὸν
1527 1683 1848 1753 γεννηθέντα

310 1768 454 1830 tusi,
490 1768 580 1822 καὶ
608 1769 696 1822 τὸν
730 1770 786 1821 tv
811 1768 886 1838 τῷ
915 1770 1066 1840 ἀνδρὶ
1095 1770 1253 1824 πάλιν
1278 1770 1598 1841 γεννηθέντα
1628 1771 1843 1846 Κύριον.

308 1856 403 1920 οἷς
423 1859 618 1913 ἅπασιν
642 1860 874 1928 ἐπιλέγει
901 1860 982 1927 τὸ,
1013 1861 1104 1925 Ὠς
1129 1861 1594 1929 εὐφραινομένων
1612 1860 1848 1913 πάντων

1953 693 2205 747 declarat.
2238 694 2692 759 Quemadmodum
2738 699 2879 752 enim
2931 699 3058 752 Sion
3084 739 3098 763 ,
3130 717 3248 768 qua:
3295 703 3485 757 civitas

1954 779 2047 835 Dei
2084 791 2185 846 est,
2215 784 2364 839 locus
2385 792 2466 838 est
2494 786 2589 838 viri
2619 787 2670 839 in
2700 801 2762 840 ea
2785 787 2924 849 nati;
2980 788 3052 839 ita
3082 788 3198 855 ipse
3224 791 3307 844 vir
3336 792 3484 847 locus

1950 869 2176 921 eﬁicitur
2204 880 2256 924 et
2288 874 2681 940 receptaculum
2712 873 2799 927 Dei
2828 873 2987 928 Verbi
3023 877 3076 927 in
3102 891 3159 930 se
3192 879 3339 943 nati,
3389 882 3483 949 qui

1951 961 2103 1028 quasi
2135 962 2189 1015 in
2215 964 2332 1016 loco
2356 978 2512 1016 sacro
2550 972 2603 1018 et
2637 966 2690 1017 in
2729 965 2950 1034 templo,
2986 965 3090 1019 imo
3125 968 3302 1034 potius
3327 973 3486 1039 quasi

1949 1051 2002 1103 in
2038 1057 2211 1104 statua
2239 1060 2292 1104 et
2328 1054 2666 1122 receptaculo
2704 1053 2920 1108 deitatis
2945 1070 3074 1119 sum,
3105 1057 3158 1109 in
3183 1059 3299 1126 ipso
3329 1060 3484 1114 habi-

1949 1149 2044 1195 tat.
2075 1141 2140 1195 Et
2168 1143 2288 1208 haec
2331 1147 2635 1199 necessario
2693 1144 2847 1200 docet
2907 1147 3019 1201 hate
3059 1145 3373 1219 Scriptura,
3423 1157 3486 1204 ut
3539 1141 3551 1150 ’

1948 1242 2133 1287 notum
2177 1224 2255 1287 sit'
2290 1250 2393 1303 qua
2428 1236 2635 1289 ratione
2675 1236 2983 1306 alienigena:
3018 1247 3070 1292 et
3103 1239 3276 1310 Tyrus
3302 1250 3354 1295 et
3379 1256 3480 1311 po-

1948 1323 2107 1390 pulus
2138 1320 2444 1392 Ethiopum
2479 1325 2532 1377 in
2568 1324 2782 1380 civitate
2835 1325 2928 1381 Dei
2978 1327 3100 1382 facti
3151 1329 3369 1393 fuerint,
3428 1339 3485 1386 et

1949 1406 2042 1459 ﬁlii
2076 1405 2168 1461 Dei
2224 1419 2320 1476 per
2357 1411 2811 1474 regenerationem
2846 1410 2921 1464 ibi
2965 1420 3233 1481 acceptam
3268 1416 3375 1470 sint
3411 1415 3488 1470 ef-

1947 1493 2091 1550 fecti.
2119 1497 2248 1553 Nam
2278 1514 2382 1568 qua
2413 1501 2619 1555 ratione
2646 1508 2796 1554 tanta
2837 1502 2888 1555 En
2923 1503 3075 1557 cmlis
3111 1505 3281 1573 gratia
3313 1507 3481 1561 eﬁ'usa

1946 1586 2034 1650 sit,
2071 1587 2246 1643 allatis
2276 1589 2342 1644 iis
2374 1605 2491 1658 qua:
2519 1589 2586 1643 ad
2618 1592 2789 1644 virum
2833 1608 2896 1647 eo
2922 1594 2977 1647 in
3010 1595 3126 1648 loco
3158 1596 3389 1659 editum,
3431 1605 3486 1649 et

1946 1676 2010 1730 ad
2042 1676 2322 1731 Dominum
2355 1679 2477 1733 item
2525 1680 2578 1733 in
2625 1679 2932 1750 bujusmodi
2961 1685 3076 1737 viro
3104 1695 3287 1738 natum
3318 1687 3476 1754 perti-

1947 1775 2092 1828 nent,
2123 1776 2305 1836 aperte
2331 1767 2589 1823 declarat.
2649 1769 2858 1836 Quibus
2893 1774 3145 1828 omnibus
3193 1775 3376 1828 subdit
3425 1775 3484 1829 il-

1948 1857 2059 1913 lud.
2087 1889 2154 1898 —
2184 1858 2344 1914 Vsus.
2371 1859 2425 1916 7.
2463 1860 2608 1915 Sicut
2646 1864 2932 1916 latentium
2963 1867 3482 1923 omnium-habitatio

304 1945 346 2013 ἡ
388 1948 652 2001 κατοικία
684 1948 754 2002 ἐν
786 1949 886 2001 σοι
902 1965 915 1977 ·
969 1947 1083 2001 ἀνθ’
1116 1942 1175 2002 οὗ
1209 1950 1236 2000 ό
1279 1949 1374 2017 μὲν
1421 1948 1644 2010 Ἀκύλας
1692 1948 1842 2017 φησὶ,
1875 1945 1918 2005 Β
1943 1957 2044 2001 est:

1743 1948 1842 2017 ησὶ,
1875 1945 1918 2005 Β
1943 1957 2020 2001 est
2042 1946 2094 1999 in
2125 1955 2207 2011 te;
2243 1963 2340 2017 pro
2371 1964 2476 2017 quo
2503 1949 2693 2019 Aquila
2725 1951 2888 2016 dicit,
2939 1952 3005 2006 Et
3044 1963 3282 2008 canentes
3329 1959 3483 2025 quasi

305 2036 414 2089 Καὶ
452 2037 695 2103 ᾄδοντες
737 2037 817 2101 ὡς
852 2034 1014 2104 χοροὶ
1054 2036 1238 2089 πᾶσαι
1261 2037 1439 2104 πηγαὶ
1469 2037 1537 2098 ἐν
1569 2037 1665 2090 σοι
1685 2052 1702 2070 ο
1728 2038 1756 2088 ὁ
1786 2037 1842 2089 δὲ

306 2124 627 2195 Σύμμαχος,
675 2125 780 2180 Καὶ
815 2125 1160 2178 αινέσουσιν
1203 2127 1282 2190 ὡς
1311 2126 1379 2177 ἐν
1413 2127 1618 2192 αὐλοῖς
1660 2127 1844 2182 πᾶσαι

303 2216 362 2266 αι
399 2214 574 2283 πηγαί
596 2215 664 2267 ἐν
689 2218 807 2268 σοί.
835 2211 997 2282 Οἶμαι
1025 2214 1081 2267 δὲ
1115 2215 1463 2285 σημαίνεσθαι
1498 2218 1587 2268 καὶ
1614 2216 1702 2268 διὰ
1727 2217 1847 2269 τού-

303 2323 410 2360 των
431 2307 529 2377 τὴν
559 2305 665 2359 τῶν
685 2305 896 2358 -πιστῶν
919 2305 1185 2367 ἁπάντων,
1213 2303 1319 2357 τῶν
1345 2304 1407 2375 δὴ
1437 2305 1534 2375 τῆς
1564 2306 1722 2374 ἁγίας
1749 2306 1841 2359 τοῦ

303 2397 436 2449 Θεοῦ
467 2397 672 2459 πόλεως
686 2395 1248 2464 καταξιωθησομένων,
1283 2395 1690 2466 ἐπισυναγωγὴν
1710 2435 1725 2460 ,
1747 2395 1840 2448 καὶ

303 2488 399 2556 τὴν
430 2489 507 2552 είς
536 2488 630 2541 ἕνα
660 2485 813 2558 χορὸν
837 2474 1282 2540 ἀποκατάστασιν.
1331 2487 1418 2556 Τῷ
1443 2486 1547 2556 γὰρ
1571 2485 1839 2552 λέγεσθαι,

305 2577 374 2627 ἐν
400 2576 530 2641 σοί,
562 2576 653 2629 τὸν
677 2577 839 2628 τόπον
869 2575 1025 2628 πάλιν
1057 2574 1335 2644 σημαίνειν
1367 2573 1723 2642 ύπολαμὸάνω
1745 2573 1841 2642 τῆς

301 2662 395 2716 τοῦ
427 2663 558 2717 Θεοῦ
582 2664 782 2726 πόλεως
797 2680 810 2694 ·
831 2659 898 2733 ἦς
922 2665 967 2716 oi
997 2662 1092 2732 μὲν
1117 2661 1348 2731 θεμέλιοι
1372 2658 1509 2731 ἦσαν
1530 2665 1587 2715 tv
1604 2663 1712 2723 τοῖς
1730 2660 1843 2730 δρε-

307 2769 362 2806 σι
386 2754 499 2815 τοῖς
525 2753 727 2820 ἁγίοις,
760 2757 818 2814 ,αἱ
847 2754 904 2806 δὲ
947 2753 1105 2806 πύλαι
1137 2754 1228 2805 καὶ¹
1257 2756 1310 2805 αἱ
1349 2753 1536 2806 εῐσοδοι
1564 2753 1712 2807 κάτω
1738 2771 1839 2807 που

306 2841 400 2895 καὶ
433 2846 560 2912 παρ’
587 2845 716 2913 ημῖν
733 2862 746 2875 ·
773 2847 830 2897 tv
855 2847 991 2920 μέσῃ
1021 2847 1076 2900 δὲ
1096 2847 1227 2915 αὐτῇ
1259 2843 1454 2907 πάντες
1479 2844 1552 2907 ὼς
1582 2846 1636 2899 tv
1657 2845 1841 2917 χορείᾳ

303 2933 394 2985 καὶ
417 2932 645 3002 ἁρμονία
672 2932 788 3004 θείᾳ
811 2936 924 3004 μετ’
953 2933 1277 3003 εὐφροσύνης
1301 2932 1644 3006 συναγόμενοι
1669 2949 1839 2985 κατοι-

302 3022 487 3091 κήσειν
515 3023 952 3094 προφητεύονται.
991 3025 1126 3094 Ὅρα
1156 3022 1212 3074 δὲ
1242 3022 1359 3075 τίνα
1377 3023 1570 3093 τρόπον
1597 3024 1625 3074 ό
1656 3021 1838 3091 παρὼν

299 3109 531 3182 ψαλμδς,
559 3112 689 3166 Θεοῦ
719 3114 927 3181 γένεσιν
957 3112 1221 3175 θεσπίζων
1253 3113 1390 3167 κατὰ
1412 3113 1509 3182 τὴν
1541 3113 1838 3180 ἀνάγνωσιν

303 3191 519 3268 τῆςτῶν
535 3201 921 3276 Ἐὁδομήκιοντα
942 3202 1247 3275 ἑρμηνείας,
1266 3201 1534 3273 ὲπέκρυψε
1558 3201 1616 3253 τὸ
1636 3203 1835 3272 μυστή-

305 3305 434 3361 ριον.
497 3291 569 3344 Τὸ
596 3292 706 3363 γὰρ
724 3331 740 3356 ,
785 3293 995 3360 Κύριος
1026 3291 1330 3360 ἀριθμήσει
1360 3291 1593 3361 γράφων
1614 3292 1826 3356 λαούς·

303 3376 489 3447 Οὗτος
516 3382 724 3451 ἐτέχθη
746 3381 899 3446 ἐκεῖ,
927 3381 1062 3435 κατὰ
1092 3382 1408 3453 Σύμμαχον·
1439 3382 1472 3453 ἢ
1505 3383 1642 3436 κατὰ
1683 3381 1833 3435 Ἀκύ-

299 3469 396 3523 λαν
418 3510 433 3534 ,
479 3471 687 3543 Κύριος
722 3469 1063 3539 διηγήσεται
1110 3474 1179 3526 ἐν
1219 3472 1297 3536 τῷ
1329 3471 1570 3541 γράφειν
1612 3471 1794 3534 λαούς
1815 3487 1827 3500 ·

303 3555 489 3624 οὗτος
511 3559 715 3628 ἐτέχθη
742 3559 868 3613 ἐκεῖ
878 3577 891 3591 ο
917 3561 951 3631 ἢ
983 3562 1122 3615 κατὰ
1139 3562 1226 3615 τὸν
1254 3563 1591 3624 Θεοδοτίωνα,
1625 3561 1831 3627 Κύριος

298 3649 637 3718 διηγήσεται
655 3652 726 3703 ὲν
752 3650 944 3720 ’πραφῇ
971 3651 1157 3705 λαῶν’
1180 3647 1365 3716 οὗτος
1383 3649 1665 3718 ἐγεννήθη
1688 3650 1829 3714 ἐκεῖ,

298 3738 358 3792 οὐ
397 3736 580 3806 τοῦτον
616 3740 945 3810 ἡρμήνευται
983 3741 1131 3812 παρὰ
1166 3743 1275 3802 τοῖς
1313 3738 1702 3808 Έὸδομήκοντα
1742 3738 1831 3792 τὸν

297 3825 524 3897 τρόπον’
555 3827 668 3880 ἀλλ’
699 3829 925 3900 εἴρηται,
959 3831 1170 3896 Κύριος
1189 3826 1526 3898 διηγήσεται
1554 3827 1831 3897 ἐντραφῇ

296 3914 458 3969 ,ιαῶν
490 3916 587 3970 καὶ
619 3917 920 3986 ἀρχόντων
947 3920 1165 3973 τούτων
1199 3918 1316 3972 τῶν
1347 3915 1832 3988 τεγενημένυνέν

296 4003 446 4072 αὐτῇ
465 4023 478 4035 ·
505 4007 914 4078 ἐπικρυψάντων
935 4045 951 4072 ,
989 4009 1065 4071 ὡς
1110 4003 1260 4077 οἶμαι
1281 4046 1296 4069 ,
1329 4008 1426 4076 τὴν
1459 4006 1687 4060 διάνοιαν
1724 4006 1830 4060 τῶν

294 4092 392 4163 τὴν
419 4095 705 4165 ἑρμηνείαν
739 4097 1108 4167 πεποιημένων
1125 4135 1139 4159 ,
1165 4096 1249 4149 διὰ
1283 4096 1342 4148 τὸ
1369 4096 1570 4148 ἔθνεσιν
1600 4095 1828 4164 ἀλλοφύ-

294 4179 404 4244 λοις
430 4183 640 4252 μέλλειν
660 4177 948 4238 ἐκδίδοσθαι
976 4185 1072 4253 τὴν
1097 4185 1312 4254 Γραφὴν
1335 4184 1471 4237 κατὰ
1494 4185 1616 4248 τοὺς
1638 4186 1830 4239 Πτολε-

297 4273 458 4341 μαίου
489 4273 728 4344 χρόνους,
754 4273 901 4326 οὔπω
926 4275 1018 4326 τοῦ
1047 4274 1290 4344 Σωτῆρος
1315 4274 1468 4344 ἡμῶν
1493 4261 1827 4346 ἐπιλάμψαν-

293 4377 382 4424 τος
419 4361 496 4430 τῷ
539 4361 654 4431 βίῳ.
695 4363 803 4416 Καὶ
834 4365 862 4416 ό
894 4365 997 4426 πᾶς
1025 4363 1082 4415 δὲ
1112 4362 1316 4433 ψαλμὸς
1351 4365 1550 4434 σφόδρα
1579 4368 1825 4436 αίνιγμα·

293 4449 464 4520 τώδης
486 4453 580 4505 καὶ
606 4451 886 4514 σκοτεινῶς
911 4453 1190 4522 εἰρημένος
1211 4454 1458 4522 τυγχάνει
1478 4493 1492 4517 ,
1523 4455 1825 4523 θεμελίους

1945 2038 2087 2093 chori
2134 2056 2306 2094 omnes
2357 2040 2520 2108 fontes
2556 2044 2606 2094 in
2656 2055 2735 2105 te;
2794 2041 3146 2112 Symmachus
3195 2060 3356 2108 vero,
3412 2044 3476 2098 Et

1943 2128 2230 2182 laudabunt
2271 2131 2422 2198 quasi
2467 2133 2519 2183 in
2572 2132 2709 2185 tibiis
2742 2148 2914 2185 omnes
2960 2132 3125 2199 fontes
3165 2135 3216 2186 in
3262 2145 3327 2187 te.
3379 2132 3476 2188 llis

1940 2235 2100 2290 porro
2153 2219 2438 2289 signiﬁcari
2490 2222 2723 2274 arbitror
2771 2222 3007 2276 ﬁdelium
3044 2225 3325 2285 omnium,
3385 2226 3476 2292 qui

1939 2317 2124 2365 sancta
2149 2307 2240 2364 Dei
2263 2309 2476 2363 civitate
2503 2310 2735 2364 donandi
2783 2320 2929 2374 sunt,
2960 2323 3430 2382 congregationem
3454 2325 3478 2377 .’

1937 2407 2097 2468 atque
2118 2400 2173 2453 in
2203 2400 2426 2454 chorum
2458 2415 2623 2453 unum
2652 2399 3041 2454 reductionem.
3073 2400 3206 2453 Nam
3237 2416 3358 2459 cum
3392 2403 3478 2456 di.-

1937 2490 2096 2554 citur,
2119 2490 2176 2542 in
2208 2499 2275 2554 te,
2312 2490 2540 2544 indicari
2587 2490 2831 2559 suspicor
2861 2489 3097 2543 civitatis
3130 2489 3221 2543 Dei
3255 2491 3474 2564 locum,

1936 2581 2092 2649 cujus
2147 2579 2488 2635 fundamenta
2543 2580 2755 2650 quidem
2810 2581 2870 2634 in
2936 2581 3209 2635 montibus
3272 2583 3477 2639 sanctis

1935 2678 2114 2732 erant,
2139 2680 2306 2739 porta
2329 2684 2456 2724 vero
2493 2681 2545 2723 et
2571 2669 2751 2723 aditus
2780 2669 2962 2722 inﬁmo
3012 2669 3065 2722 in
3100 2670 3220 2724 loco
3246 2677 3299 2725 et
3329 2671 3475 2740 apud

1935 2773 2034 2813 nos
2054 2759 2143 2814 siti
2170 2766 2287 2814 sunt
2323 2777 2336 2811 :
2369 2759 2421 2812 in
2452 2758 2626 2811 medio
2653 2764 2829 2811 autem
2862 2758 3026 2821 illius,
3064 2760 3218 2826 quasi
3255 2760 3310 2813 in
3341 2761 3473 2815 cho-

1933 2863 2025 2902 rea
2062 2859 2114 2902 et
2154 2856 2414 2902 concentu
2448 2847 2648 2907 divino,
2685 2848 2988 2916 congregati
3045 2847 3122 2900 illi
3178 2848 3469 2904 habitaturi

1932 2952 2052 2993 esse
2077 2939 2518 3008 pmnuntiantur.
2550 2935 2923 2989 Animadverte
2953 2951 3113 3004 porro
3132 2952 3234 3005 qua
3257 2937 3468 2994 ratione

1935 3027 2022 3080 hic
2053 3025 2313 3095 psalmus,
2343 3024 2432 3079 Dei
2458 3026 2852 3094 generationem
2906 3024 3205 3078 secundum
3238 3021 3464 3094 Septua-

1933 3117 2080 3187 ginta
2116 3114 2468 3185 lnterpretum
2501 3117 2780 3170 lectionem
2803 3115 3122 3180 vaticinans,
3152 3117 3465 3188 mysterium

1932 3206 2234 3261 occultarit.
2259 3203 2352 3257 illa
2379 3205 2519 3258 enim
2561 3203 2852 3259 secundum
2885 3204 3261 3274 Symmachum
3294 3205 3466 3274 expli-

1930 3294 2090 3360 catio,
2113 3293 2364 3346 Dominus
2396 3294 2686 3347 numerabit
2719 3295 2945 3348 scribens
2983 3295 3225 3363 populos,
3253 3294 3350 3347 llic
3369 3311 3466 3349 na-

1931 3392 2013 3436 tu
2038 3391 2114 3436 est
2144 3383 2252 3446 ibi;
2282 3383 2363 3436 vel
2388 3383 2679 3437 secundum
2703 3383 2972 3452 Aquilam,
2994 3383 3246 3438 Dominus
3274 3401 3465 3440 παι-ηρ

1930 3471 2002 3525 bit
2036 3473 2091 3525 in
2113 3471 2381 3526 scribendo
2403 3473 2638 3541 populos,
2673 3461 2774 3524 Hii:
2803 3482 2955 3525 natus
3006 3481 3083 3526 est
3128 3473 3230 3536 ibi;
3268 3475 3352 3528 vei
3379 3489 3463 3529 se-

1929 3559 2162 3613 cundant
2192 3558 2646 3622 Theodotionenr,
2675 3559 2924 3612 Dominus
2970 3559 3203 3614 narrabit
3239 3562 3291 3613 in
3328 3564 3462 3615 scri-

1927 3659 2082 3716 ptura
2107 3649 2430 3716 populorum,
2453 3648 2550 3701 Hic
2564 3659 2716 3702 natus
2738 3657 2812 3702 est
2835 3649 2945 3714 tibi,
2973 3664 3080 3702 non
3109 3649 3290 3703 eadem
3317 3652 3460 3720 apud

1928 3740 2068 3795 LXX
2088 3742 2383 3810 reperitur;
2434 3741 2528 3794 sed
2575 3741 2803 3802 dicitur,
2850 3740 3073 3794 Domino
3130 3740 3364 3793 narrabit
3405 3743 3459 3796 in

1928 3833 2186 3900 scriptura
2230 3833 2538 3898 ponulorum
2575 3840 2624 3885 et
2676 3832 2960 3900 principum
3012 3832 3190 3883 horum
3211 3832 3300 3900 qui
3347 3830 3461 3898 fue-

1929 3932 2049 3981 runt
2082 3922 2136 3975 in
2171 3937 2265 3984 ea;
2306 3922 2430 3990 quia
2453 3961 2468 3984 ,
2519 3928 2581 3975 ut
2624 3922 2876 3983 arbitror,
2924 3921 3243 3990 interpretes
3273 3934 3455 3974 veram

1928 4011 2245 4067 sententiam
2273 4011 2632 4072 occultarunt,
2662 4009 2806 4079 quod
2828 4009 3016 4064 alienis
3036 4009 3302 4078 gentibus,
3321 4017 3456 4061 tem-

1927 4115 2054 4170 pore
2075 4098 2374 4167 Ptolemai,
2425 4090 2755 4167 Scripturam
2810 4098 3208 4167 interpretaturi
3232 4105 3455 4167 essent,

1925 4206 2046 4247 cum
2083 4191 2319 4244 nondum
2355 4189 2603 4245 Servatur
2629 4198 2812 4245 noster
2847 4191 2901 4244 in
2944 4190 3144 4244 mundo
3179 4193 3462 4262 apparuit-

1926 4287 2025 4334 set.
2079 4277 2350 4348 Totusque
2381 4280 2618 4348 psalmus
2663 4279 2950 4334 admodum
2988 4276 3358 4350 aenigmaticus
3403 4288 3460 4336 ct

1923 4368 2187 4422 obscurus
2214 4379 2294 4422 est
2322 4387 2335 4422 :
2368 4369 2561 4437 quippe
2589 4368 2680 4438 qui
2723 4369 3061 4436 fundamenta
3088 4371 3196 4437 ejus
3219 4372 3382 4434 dicat,
3404 4381 3458 4425 et

1921 4459 2042 4527 quis
2065 4459 2134 4511 sit
2162 4457 2208 4513 is
2232 4457 2297 4512 de
2326 4473 2432 4526 quo
2454 4458 2689 4527 loquitur
2717 4465 2915 4524 taceat,
2932 4474 3031 4514 nec
3062 4461 3256 4514 indicet
3282 4461 3452 4524 illum;

291 4535 474 4589 αὑτοῦ
499 4536 668 4605 λέγων
700 4539 1136 4608 σεσιωπημένως,
1163 4543 1302 4604 τίνος
1323 4542 1368 4594 δ’
1413 4541 1575 4595 αὑτοῦ
1608 4543 1682 4613 μὴ
1707 4542 1822 4594 δια-
1855 4578 1896 4631 D
1925 4564 1988 4603 ac
2009 4565 2031 4602 τ

1711 4542 1822 4594 δια·
1855 4578 1896 4631 D
1925 4564 1988 4603 ac
2009 4564 2221 4605 rursum
2256 4559 2463 4602 montes
2497 4557 2713 4602 sanctos
2753 4556 3026 4614 memoret,
3049 4557 3334 4618 portasque
3365 4558 3451 4602 ta-

295 4626 505 4693 σαφῶν·
557 4627 650 4696 καὶ
694 4627 849 4681 πάλιν
889 4627 986 4697 θρη
1028 4629 1155 4695 ἅγια
1185 4630 1487 4701 ὀνομάζων,
1535 4632 1626 4684 καὶ
1657 4629 1824 4691 πύλας

294 4711 430 4766 Σιὼν
471 4715 881 4785 προτιμωμένας
917 4714 1018 4767 ὑπὸ
1040 4718 1131 4769 τοῦ
1171 4721 1369 4789 Κυρίου
1400 4719 1508 4772 τῶν
1545 4718 1824 4787 σκηνωμάρ

292 4818 396 4855 των
441 4804 658 4867 Ἰακὼϐ,
691 4806 783 4857 καὶ
812 4805 960 4857 πόλιν
991 4804 1120 4858 Θεοῦ
1153 4808 1542 4878 δεδοξασμένως
1570 4806 1824 4874 λαλουμέ-

291 4908 415 4960 νην·
450 4892 542 4945 καὶ
568 4893 660 4946 ἐπὶ
690 4895 817 4957 πᾶν,
853 4896 908 4947 tv
932 4897 996 4966 τῇ
1029 4895 1210 4959 πόλει,
1245 4900 1303 4949 οὐ
1335 4899 1424 4951 τὸν
1465 4897 1703 4968 Ἰσραὴλ,
1730 4897 1821 4947 οὺ-

290 4979 348 5032 δὲ
382 4980 442 5034 τὸ
482 4983 741 5037 Ἰουδαίων
777 4985 922 5048 ἔθνος
940 5023 953 5048 ,
983 4985 1114 5038 ἀλλὰ
1151 4987 1316 5039 Ῥαὰό
1344 4990 1440 5058 τήν
1470 5003 1596 5040 ποτε
1624 4984 1823 5055 πόρνην

293 5073 384 5124 καὶ
412 5072 700 5127 Βαϐυλῶνα
717 5113 732 5137 ,
760 5076 986 5147 Τυρίους
1032 5092 1090 5127 τε
1132 5077 1223 5127 καὶ
1263 5077 1518 5141 Αἰθίοπας
1549 5076 1642 5130 καὶ
1667 5075 1817 5129 ἁλλο-

293 5159 505 5221 ιούλους.
534 5157 766 5223 Τούτους
790 5163 894 5231 γὰρ
932 5163 1132 5226 πάντας
1162 5163 1509 5234 τεχθήσεσθαι
1539 5166 1596 5216 tv
1625 5164 1691 5232 τῇ
1723 5163 1820 5215 πό-

293 5262 372 5300 ut
411 5246 502 5300 τοῦ
539 5246 671 5300 Θεοῦ
701 5249 788 5303 διὰ
816 5251 972 5304 ποίαν
1001 5251 1172 5306 αἰτίαν
1199 5253 1297 5304 οὐκ
1324 5254 1388 5308 ἂν
1424 5253 1532 5323 ἔχοι
1553 5269 1634 5314 τις
1657 5250 1818 5322 ἄλλην

291 5337 510 5407 ιίπεῙνῆ
531 5337 617 5390 διὰ
634 5337 730 5407 τὴν
750 5339 956 5407 γένεσιν
976 5342 1066 5394 τοῦ
1088 5344 1142 5394 tv
1164 5343 1296 5411 αὐτῇ
1317 5343 1590 5413 τεχθέντος
1608 5341 1815 5411 ἀνδρὸς,

292 5427 387 5481 καὶ
415 5425 506 5480 τοῦ
537 5427 737 5499 Κυρίου
783 5427 1057 5497 τεχθέντος
1091 5433 1233 5492 ἐκεῖ,
1263 5432 1456 5502 δηλαδὴ
1486 5433 1543 5484 tv
1570 5431 1717 5501 αὐτῷ
1740 5432 1820 5503 τῷ

293 5516 631 5595 προλεχθέντι
663 5517 810 5588 ἀνδρί
829 5535 844 5549 ο
872 5519 958 5595 tcp‘
981 5518 1059 5584 οἷς
1091 5523 1264 5575 πᾶσαν
1290 5521 1619 5592 εὐφροσύνην
1639 5523 1819 5594 κοινὴν

410 5593 640 5678 χορείας,
670 5606 808 5677 ᾠδάς
838 5593 896 5660 τε
924 5609 1016 5661 καὶ
1046 5609 1222 5672 αῐνους
1242 5613 1332 5665 καὶ
1356 5614 1532 5682 πηγὰς
1551 5611 1706 5663 θείων
1726 5593 1820 5665 καὶ

296 5696 452 5765 ιερῶν
471 5695 637 5764 λόγων
669 5696 759 5748 ἰπὶ
785 5697 923 5750 τέλει
941 5699 1032 5751 τοῦ
1051 5701 1260 5771 ψαλμοῦ
1283 5700 1536 5762 θεσπίζει.
1577 5699 1741 5753 Ἐπὰν
1763 5701 1819 5764 δὲ

294 5785 428 5858 λέγῃ
453 5787 508 5842 tv
531 5788 708 5859 γραφῇ
734 5785 877 5842 λαῶν
895 5788 1062 5844 ταῦτα
1089 5809 1258 5849 πάντα
1283 5791 1520 5855 ἔσεσθαι,
1548 5791 1816 5859 σημαίνειν
1853 5871 1868 5876 ἤ

1923 4639 2223 4693 bernaculis
2253 4630 2431 4692 'Jacob
2463 4653 2493 4691 a
2525 4637 2748 4692 Domino
2776 4640 3065 4702 antelatas;
3114 4640 3345 4709 itemque
3373 4641 3452 4694 ci-

1921 4732 2137 4786 vitatem
2192 4729 2286 4785 Dei
2341 4729 2572 4803 gloriose
2600 4725 2947 4781 ’celebratam
2985 4747 2997 4782 :
3034 4730 3101 4781 ad
3160 4729 3272 4782 lure
3321 4745 3449 4785 vero

1923 4818 2120 4883 omnia,
2151 4817 2206 4871 in
2234 4817 2468 4878 civita!e,
2497 4829 2606 4868 non
2636 4815 2904 4880 lsraelem,
2938 4833 3111 4886 neque
3167 4817 3444 4874 Iudaicam

1921 4901 2128 4972 gentem
2153 4920 2169 4969 ;
2199 4901 2294 4957 sed
2343 4899 2528 4954 Hahab
2553 4900 2679 4955 olim
2709 4901 3058 4965 meretricem,
3089 4903 3444 4972 Babylonem,

1922 4990 2111 5062 'tyrias
2143 5028 2160 5056 ,
2213 4989 2533 5059 Ethiopas,
2594 4989 3023 5060 alienigenasque
3084 4992 3338 5045 nominet.
3378 4990 3442 5046 lli

1920 5083 2114 5151 quippe
2145 5093 2330 5134 omnes
2359 5094 2456 5134 cur
2487 5081 2541 5134 in
2572 5079 2787 5135 civitate
2809 5079 2902 5134 Dei
2930 5080 3184 5134 nascituri
3211 5093 3329 5133 esse
3360 5079 3444 5131 dio

1923 5181 2133 5233 cantur,
2153 5186 2261 5224 non
2295 5171 2452 5225 aliam
2485 5185 2700 5225 causam
2732 5171 2854 5240 quis
2877 5171 3130 5239 proferat,
3154 5169 3257 5222 nisi
3281 5184 3441 5237 gene-

1923 5261 2179 5315 rationem
2201 5259 2300 5312 viri
2321 5259 2414 5328 qui
2445 5259 2499 5312 in
2543 5258 2630 5313 illa
2662 5270 2820 5314 natus
2849 5267 2951 5322 est,
2977 5267 3029 5312 et
3057 5255 3265 5311 Domini
3308 5256 3457 5334 item,

1919 5351 1975 5404 in
2002 5349 2090 5403 illa
2121 5347 2253 5411 nati,
2283 5347 2526 5402 videlicet
2563 5347 2616 5400 in
2659 5346 2774 5401 viro
2810 5361 2964 5415 quem
3021 5343 3126 5412 iam
3182 5345 3434 5400 diximus.

1919 5439 2248 5508 Quapropter
2301 5435 2658 5491 omnimodam
2709 5449 3145 5503 communemque
3181 5433 3432 5499 laetitiam,

1919 5527 2164 5588 choreas,
2194 5526 2428 5588 cantica,
2459 5523 2643 5577 laudes
2662 5561 2677 5586 ,
2731 5521 3029 5576 divinorum
3061 5533 3435 5587 sacrorumque

1919 5615 2248 5683 eloqulorlm
2294 5614 2465 5668 fontes
2493 5612 2548 5665 in
2579 5613 2681 5667 ﬁne
2713 5611 2900 5681 psalmi
2932 5604 3264 5668 vaticinatur.
3297 5607 3433 5662 Cum

1919 5715 2095 5756 autem
2126 5702 2275 5764 dicit,
2306 5703 2358 5756 in
2390 5702 2654 5769 scriptura
2697 5702 3012 5769 populorum
3053 5699 3232 5754 omnia
3279 5712 3435 5767 repo-

1920 5791 2090 5848 nenda
2111 5807 2246 5859 esse,
2272 5793 2498 5849 arbitror
2521 5806 2640 5849 eum
2665 5797 2874 5861 tempus
2892 5790 3266 5860 descriptionis
3295 5804 3433 5860 gen-
