4406 6406
868 504 997 559 1051

1539 494 1803 553 EUSEBII
1831 493 2303 552 CESARIENSIS
2338 488 2488 550 OPP.
2529 489 2708 545 PARS
2745 488 2832 545 Ill.
2866 518 2934 529 ——
2972 486 3378 546 EXEGETICA.

3928 486 4062 545 1053

866 620 998 672 ηὶηηι
1025 656 1040 680 ,
1077 630 1197 686 quae
1244 614 1295 668 in
1339 620 1460 667 ortu
1502 613 1799 669 Salvatoris
1834 611 2008 667 nostri
2053 609 2180 665 Jesu
2208 607 2411 664 Christi
2442 615 2488 671 Α
2514 608 2606 676 ἡγι

2321 608 2411 663 isti
2442 615 2488 671 Α
2514 606 2747 676 ἡγοῦμαι
2781 605 2868 657 τὸν
2896 618 3083 673 καιρον
3112 602 3211 671 τῆς
3235 601 3557 670 ἀπογραφῆς
3584 601 3688 654 τῶν
3717 586 3882 654 ἐθνῶν
3901 642 3917 666 ,
3944 604 4061 673 ἥτις

842 709 1007 766 iacta
1029 715 1131 772 est,
1153 708 1420 761 indicare:
1447 715 1577 760 tunc
1597 706 1741 761 enim
1767 704 1893 758 exiit
1910 704 2133 758 edictum
2153 720 2185 755 a
2207 700 2414 756 Cczsare

866 799 1121 868 Augusto,
1149 808 1206 850 ut
1239 796 1619 871 describeretur
1668 795 1937 847 universus
1987 792 2128 846 orbis
2164 792 2240 857 ⁸’;
2288 807 2413 845 cum

864 890 1125 962 Cyrenius
1151 891 1207 950 in
1250 888 1491 943 Judazam
1528 886 1750 942 veniens
1774 900 1997 941 censum
2042 884 2227 939 edidit.
2258 882 2412 950 Quod

867 982 1130 1053 signiﬁcat
1161 979 1489 1049 evangelista
1543 968 1732 1032 dicens
1764 995 1781 1031 :
1833 975 1962 1031 Haec
1989 976 2264 1045 descriptio
2298 976 2410 1044 pri-

810 1112 818 1118 -
865 1092 953 1128 ma
979 1074 1024 1106 ⁸⁸
1052 1092 1067 1140 ;
1099 1074 1171 1127 ita
1192 1080 1249 1125 ut
1279 1078 1489 1139 tempus
1532 1067 1661 1122 illud
1693 1069 1749 1122 in
1792 1067 1897 1121 hoc
1924 1068 2130 1136 psalmo
2163 1074 2411 1120 accurate

864 1166 1214 1237 signiﬁcetur.
1249 1161 1383 1214 Num
1419 1161 1555 1215 forte
1605 1159 1727 1230 ideo
1774 1158 2009 1229 psalmus
2043 1159 2144 1212 iste
2174 1172 2413 1228 segrega-

862 1265 973 1320 tus,
1008 1256 1264 1326 longeque
1295 1252 1361 1307 ab
1391 1253 1513 1306 aliis
1536 1250 1628 1319 qui
1660 1248 1915 1303 Filiorum
1936 1248 2072 1303 Core
2100 1248 2408 1302 inseribun-

848 1342 954 1399 ‘tur
991 1344 1093 1398 hoc
1144 1342 1371 1397 consilio
1418 1341 1625 1410 positus
1672 1345 1777 1401 est,
1809 1345 1869 1391 ut
1925 1338 2178 1408 mysteria
2234 1337 2305 1391 ibi
2345 1336 2410 1391 de

861 1420 1066 1490 Christi
1105 1444 1225 1489 ortu
1256 1432 1534 1488 enuntiata
1580 1431 2015 1494 occultarentur;
2073 1428 2147 1482 ita
2192 1436 2251 1482 ut
2306 1428 2409 1483 ista

862 1541 1076 1595 quoque
1105 1525 1241 1579 ratio
1271 1532 1325 1577 et
1374 1520 1658 1590 responsio
1688 1518 1865 1573 aﬂ‘erri
1902 1518 2072 1588 possit
2094 1519 2157 1572 ad
2184 1517 2407 1587 quaesita

862 1627 1046 1673 nostra
1078 1615 1233 1671 initio
1266 1614 1529 1669 sermonis
1578 1611 1877 1684 proposita.
1932 1608 2165 1679 ldipsum
2194 1624 2408 1678 quoque

861 1709 1011 1764 dicas
1038 1708 1104 1763 de
1140 1720 1378 1768 Lxxxvn,
1409 1704 1500 1773 qui
1550 1704 1695 1757 hunc
1731 1704 1974 1771 sequitur
2003 1742 2016 1765 ,
2066 1709 2119 1755 et
2146 1700 2404 1754 Filiorum

860 1799 995 1853 Core
1044 1797 1244 1871 pariter
1294 1794 1586 1871 ipscriptus
1635 1800 1736 1848 est.
1794 1792 1931 1857 Quia
1964 1791 2059 1845 ille
2105 1790 2407 1845 Servatoris

861 1886 1031 1944 nostri
1057 1868 1279 1943 mortem
1309 1868 1656 1947 vaticinatur,
1679 1891 2070 1954 consequenter
2111 1882 2178 1935 ad
2222 1881 2364 1935 hunc
2389 1920 2404 1947 ,

858 1982 949 2050 qui
980 1987 1158 2035 ortum
1189 1978 1307 2047 ejus
1344 1975 1685 2046 praedixerat.

2513 695 2811 767 ἐπληροῦτο
2835 695 2925 747 ὲπϊ
2942 693 3041 763 τῆς
3063 693 3155 745 τοῦ
3177 692 3424 763 Σωτῆρος
3453 691 3607 762 ἡμῶν
3638 691 3808 763 Ἰησοῦ
3830 694 4060 764 Χριστοῦ

2511 788 2802 856 γενέσεωςυ
2838 786 2958 837 τότε
2992 784 3100 855 γὰρ
3131 782 3351 851 ἐξῆλθε
3377 782 3563 851 δόγμα
3590 782 3748 851 παρὰ
3770 785 4064 852 Καίσαρος

2510 879 2857 947 Αὐγούστου
2871 876 3312 945 ἀπογράφεσθαι
3325 872 3530 928 πᾶσαν
3546 872 3660 941 τὴν
3673 874 4029 944 οἰκουμένην
4044 892 4059 907 ·

2509 968 2596 1020 ὅτε
2642 967 2906 1037 Κυρήνιος
2949 965 3172 1027 ἐπιστὰς
3212 968 3277 1035 τῇ
3337 963 3560 1033 Ἰουδαίᾳ
3602 963 3699 1026 τὰς
3743 965 4063 1035 ἀπογραφὰς

2510 1049 2767 1112 ἐποιεῖτο(
2792 1056 2980 1126 Ἐπιση
2988 1056 3232 1125 μαίνεται
3257 1054 3431 1123 γοῦνιό
3455 1054 3837 1125 εύαγγελιστὴς
3856 1054 4025 1123 λέγων
4043 1072 4058 1085 θ

2508 1149 2667 1215 Αὕτη
2714 1149 2752 1215 ἢ
2801 1146 3112 1215 ἀπογραφὴ
3160 1145 3386 1215 πρώτην
3438 1145 3577 1198 ὥστε
3610 1146 3703 1200 καὶ
3741 1144 3832 1197 τὸν
3874 1146 4063 1216 καιρὸν

2509 1239 2667 1292 αὑτὸν
2699 1238 2933 1309 ἀκριϐῶς
2956 1238 3043 1291 διὰ
3071 1237 3163 1290 τοῦ
3200 1237 3461 1309 παρόντος
3507 1236 3734 1307 ψαλμοῦ
3751 1236 4055 1308 δηλοῦσθαι.

2508 1331 2731 1402 Μήποτε
2769 1330 2825 1384 δὲ
2869 1331 2963 1383 καὶ
2987 1330 3089 1383 ’διὰ
3116 1329 3271 1401 τοῦτο
3308 1328 3608 1405 ἀφώρισται
3638 1330 3665 1382 6
3692 1327 3899 1399 ψαλμδς
3918 1368 3933 1392 ,
3968 1329 4060 1383 καὶ

2510 1422 2723 1493 μακρὰν
2748 1422 3146 1492 ἀπεσχοωισται
3180 1420 3286 1473 τῶν
3308 1420 3506 1473 λοιπῶν
3528 1421 3633 1493 τῶν
3656 1420 4061 1491 ἐπιγεγραμμέ-

2505 1480 2760 1569 νωνιυὶῶν
2785 1480 2946 1585 Κορὲ,
2976 1513 3158 1584 ἐπειδὴ
3178 1512 3509 1581 κρύπτεσθαι
3537 1480 3567 1566 6
3596 1480 4060 1585 λόγος-τέίδηλού-

2510 1624 2641 1678 μενα
2683 1610 2740 1659 ὲν
2781 1606 2928 1676 αὐτῷ
2963 1607 3233 1679 μυστήρια
3267 1606 3392 1677 περὶ⁴
3429 1605 3528 1674 τῆς
3557 1606 3651 1660 τοῦ
3680 1607 3880 1678 Κυρίου
3911 1607 4060 1674 γενέ-

2507 1715 2642 1761 σεως
2667 1697 2911 1750 ἐϐούλετο
2928 1696 3129 1752 ’θῶστε
3157 1698 3247 1751 καὶ
3273 1696 3472 1764 ταύτην
3499 1695 3686 1767 ἑτέραν
3715 1693 3851 1751 εἶναι
3883 1697 4059 1751 αἰτίαν

2506 1788 2611 1842 τῶν
2634 1790 2975 1859 ὲζητημένων
3009 1791 3137 1859 ἡμῖν
3165 1791 3304 1843 κατὰ
3329 1787 3424 1857 τὴν
3452 1787 3623 1857 ἀρχὴν
3641 1786 3745 1839 τῶν
3768 1788 4061 1858 προκειμέὲ-

2504 1896 2627 1933 νων.
2661 1881 2733 1933 Τὸ
2754 1882 2883 1933 αὐτὸ
2908 1881 2951 1934 δ’
2977 1881 3042 1933 ἂν
3072 1882 3244 1943 εἴποις
3278 1879 3372 1932 καὶ
3401 1878 3490 1930 ἐπὶ
3506 1877 3595 1930 τοῦ
3614 1876 3710 1940 πζ¹
3736 1876 3863 1947 ἑξῆς
3889 1876 4060 1948 τούτῳ

2431 1956 2473 2017 Β
2499 1971 2897 2041 ὲπιλεγομένου,
2921 1970 3391 2042 ἐπιγεγραμμένου
3417 1988 3476 2023 τε
3497 1969 3589 2023 καὶ
3606 1969 3766 2022 αὑτοῦ
3800 1968 4059 2022 τῶν-υἱῶν

859 2046 1000 2143 Χορέ
1019 2090 1031 2101 ·
1060 2073 1181 2127 ἐπεὶ
1207 2070 1300 2122 καὶ
1329 2069 1485 2130 αὐτὸς
1506 2068 1597 2121 τὸν
1622 2066 1847 2120 θάνατον
1874 2064 1966 2119 τοῦ
1987 2046 2407 2136 Σωτῆροςὴμῶν
2444 2063 2771 2135 προφητεύει
2809 2064 3111 2126 ἀκολούθως
3167 2064 3243 2133 τῷ
3313 2063 3446 2134 μετὰ
3486 2066 3671 2143 χεῖρας
3707 2062 3805 2134 τὴν
3830 2062 4058 2131 ’γένεσιν

857 2160 1018 2218 αὐτοῦ
1053 2162 1375 2233 περιέχοντι.

857 2334 1207 2405 CANTICUM
1241 2333 1530 2405 psum,
1584 2336 1779 2392 FlLllS
1826 2325 2026 2399 cene,
2071 2338 2135 2391 IN
2176 2336 2402 2405 FINEM,

929 2404 1063 2458 PRO
1101 2404 1468 2458 MAHELETH
1510 2406 1597 2459 AD
1672 2407 2252 2467 RESPONDENDUM.
2314 2409 2425 2461 lN—'

929 2473 1323 2530 TELLECTUS
1364 2467 1577 2529 ΔΕΜΑΝ
1616 2475 1996 2531 ΕΞΒΒΑΙΤΑΞ.
2037 2476 2332 2532 LXXXVII.
2390 2536 2398 2544 ι

929 2611 1094 2669 Vens.
1136 2614 1191 2668 2.
1236 2612 1455 2668 Domine
1500 2612 1637 2668 Deus
1668 2615 1853 2668 salutis
1894 2630 2038 2679 mem,
2074 2617 2130 2668 in
2168 2617 2251 2670 die
2290 2616 2401 2670 cla-
2444 2654 2445 2657 η

858 2705 1017 2767 mari,
1039 2714 1088 2758 et
1118 2714 1263 2758 nocte
1306 2722 1483 2758 coram
1515 2715 1580 2759 te.
1620 2706 1865 2762 Praesens
1894 2722 2106 2776 quoque
2139 2710 2397 2777 psalmus,

859 2802 919 2845 ut
950 2794 1277 2861 prmcedens.
1313 2792 1569 2849 Filiorum
1613 2796 1751 2851 Core
1790 2804 1893 2852 est.
1933 2796 2037 2851 Sed
2070 2797 2160 2852 ille
2186 2796 2401 2866 quidem

857 2880 1061 2936 Christi
1110 2892 1287 2937 ortum
1334 2885 1709 2938 subindicahat
1760 2885 1845 2941 his
1891 2886 2117 2941 verbis:
2159 2885 2222 2939 Et
2255 2886 2403 2941 Sioni

857 2976 1076 3044 dicetur,
1122 2977 1213 3031 Vir
1237 2986 1287 3032 et
1332 2980 1408 3033 vir
1438 2989 1592 3035 natus
1617 2991 1692 3033 est
1721 2980 1776 3034 in
1818 2996 1900 3045 ea,
1931 2989 1979 3033 et
2024 2966 2135 3049 ipse
2174 2980 2404 3048 ﬁrmabit

855 3084 991 3131 eam,
1023 3074 1084 3121 ut
1122 3055 1314 3138 Aquila
1361 3070 1741 3141 interpretatur
1782 3088 1794 3124 :
1828 3076 2037 3140 tempus
2062 3071 2221 3125 etiam
2239 3078 2402 3132 ortus

858 3154 1100 3229 praedicti
1147 3159 1251 3212 viri
1304 3160 1571 3229 signiﬁcat
1605 3161 1658 3215 in
1708 3161 2288 3233 sequentibusdicens,
2337 3161 2401 3217 In

857 3249 1129 3324 scribendo
1157 3252 1393 3318 populos.
1421 3253 1503 3306 hic
1531 3263 1685 3306 natus
1718 3264 1793 3307 est
1819 3253 1908 3307 ibi.
1935 3253 2108 3323 Hujus
2134 3258 2296 3324 porro
2319 3255 2402 3311 di-

2508 2332 2639 2402 ῼΔΗ
2676 2333 2973 2386 mmor
3008 2332 3161 2386 T012:
3197 2334 3380 2389 non:
3415 2334 3626 2397 KOPE,
3666 2334 3779 2386 rm:
3822 2308 3909 2387 ro
3945 2336 4059 2388 ru-

2573 2403 2733 2466 ΛΟΣ,
2794 2403 2973 2455 ΥΠΕΡ
3022 2404 3330 2470 ΜΑΕΛΕΘ,
3369 2403 3508 2456 ΤΟΥ
3539 2404 4053 2470 ΑΠΟΚΡῙΘΗΝΔΙ,

2573 2464 2917 2525 ΣΥΝΕΣΕΩΣ
2953 2472 3171 2525 ΑΙΜΑΝ
3208 2473 3292 2546 Tt)
3315 2464 3659 2544 ἙΣΔΡΑῘΤῌ
3698 2473 3795 2544 (1).
3851 2475 4014 2529 ΠΖ’.’

2572 2610 2745 2677 Κύριε
2774 2612 2808 2664 ὁ
2837 2609 2979 2675 Θεὸς
3018 2609 3128 2679 τῆς
3163 2612 3451 2680 σωτηρίας
3476 2628 3614 2680 μου,
3648 2610 3870 2685 ἡμέρας
3929 2610 4057 2666 ἐκέ-

2503 2702 2691 2770 κραξα
2717 2700 2813 2755 καὶ
2851 2702 2921 2755 ἐν
2946 2702 3115 2755 νυκτὶ
3153 2702 3429 2756 ἐναντίον
3449 2702 3586 2755 σοῦ.
3643 2702 3753 2770 καὶ
3799 2704 3826 2754 6
3868 2702 4054 2773 παρὼν

2502 2790 2710 2863 ψαλμδς
2736 2792 2856 2845 Τῶν
2888 2793 3015 2846 υἱῶν
3041 2794 3204 2863 Κορὲ,
3235 2793 3310 2856 ὡς
3337 2786 3431 2846 καὶ
3457 2794 3485 2845 6
3518 2792 3621 2864 πρὸ
3642 2792 3827 2856 αὑτοῦ,
3855 2793 4054 2863 τυγχά-

2504 2898 2603 2935 νει.
2644 2881 2778 2933 Ἀλλ’
2808 2885 2835 2935 6
2864 2882 2961 2952 μὲν
2984 2882 3087 2953 πρὸ
3118 2882 3303 2945 αὐτοῦ,
3330 2882 3563 2955 Χριστοῦ
3588 2884 3797 2951 γένεσιν
3817 2885 4054 2954 ῂνῖττετο

2508 2972 2755 3041 φοίσιιων⁸
2776 2971 2881 3025 Καὶ
2903 2970 2975 3039 τῇ
2994 2971 3144 3026 Σιὼν
3168 2971 3522 3041 λεχθήσεται
3538 2990 3550 3002 ·
3589 2973 3765 3041 Ἀνὴρ
3784 2973 3879 3028 καὶ
3901 2973 4053 3042 ἀνὴρ

2505 3061 2713 3130 ἐτέχθη
2742 3062 2811 3114 ἐν
2844 3059 3023 3129 αὐτῇ,
3075 3062 3171 3115 καὶ
3204 3061 3384 3127 αὐτὸς
3413 3061 3648 3129 ἐδρὰσει
3671 3062 3869 3129 autin:
3882 3102 3898 3127 ,
3925 3063 3998 3127 ὡς
4023 3064 4053 3116 6

2518 3150 2744 3229 Ἀκύλας
2765 3152 3099 3222 ἡρμήνευσε·
3130 3150 3336 3204 καὶτὸν
3368 3150 3556 3223 καιρόν
3585 3168 3647 3219 γε
3678 3153 3931 3221 σημαίνει
3956 3154 4055 3224 τῆς

2503 3243 2765 3311 γενέσεως
2786 3240 2878 3295 τοῦ
2901 3242 3185 3314 εἰρημένου
3209 3242 3418 3314 ἀνδρὸς,
3444 3241 3646 3313 προῖὼν
3667 3242 3792 3313 ἑξῆς
3811 3259 3824 3273 ·
3853 3242 4051 3312 ἔφασκε

858 3340 930 3419 cti
983 3342 1305 3395 sententiam
1356 3344 1595 3412 apertius
1649 3344 1838 3398 extulit
1874 3344 2064 3414 quinta
2109 3345 2292 3409 editio,
2346 3346 2399 3398 in
2428 3343 2472 3405 C
2502 3333 2598 3402 Υοῧ

2346 3346 2399 3398 in
2428 3343 2472 3405 ο
2502 3333 2658 3402 γοῦν·
2703 3335 2797 3386 Ἐν
2830 3333 2908 3399 τῷ
2932 3334 3176 3403 τράφειν
3214 3334 3431 3400 λαοὺς,
3461 3330 3638 3399 οὗτος
3664 3335 3873 3403 ἐτέχθη
3911 3334 4050 3389 ἐκεῖ.

857 3444 964 3498 qua
1012 3430 1215 3485 dictum
1262 3441 1362 3496 est,
1418 3433 1483 3487 In
1532 3436 1873 3499 descriptione
1920 3436 2262 3503 populorum,
2318 3436 2401 3489 hic

859 3529 1102 3575 nascetur
1131 3521 1222 3577 ibi.
1269 3522 1704 3581 Manifestissime
1749 3526 1946 3596 quippe
1986 3526 2401 3595 descriptionem

832 3610 1193 3674 -memoravit,
1239 3611 1395 3679 cujus
1444 3620 1687 3683 tempore
1738 3612 1983 3667 Salvator
2044 3623 2098 3670 et
2142 3613 2402 3669 Dominus

858 3706 1046 3754 noster
1075 3710 1233 3755 natus
1266 3713 1367 3763 est,
1402 3703 1544 3757 sicut
1574 3710 1793 3757 enarrat
1813 3705 2136 3772 evangelista
2162 3724 2173 3758 :
2202 3703 2266 3757 1η
2292 3704 2403 3758 die-

862 3787 955 3843 bus
987 3788 1118 3853 illis,
1146 3791 1269 3844 exiit
1296 3791 1519 3845 edictum
1550 3810 1581 3845 a
1611 3792 1818 3847 Cwsare
1842 3794 2093 3864 Augusto,
2128 3805 2182 3847 ut
2208 3794 2403 3848 descri-

811 3873 813 3875 ’
862 3879 1066 3934 beretur
1092 3881 1357 3935 universus
1387 3883 1546 3955 orbis.
1582 3882 1706 3938 llaec
1739 3885 2015 3953 descriptio
2055 3887 2226 3954 prima
2259 3886 2401 3953 facta

860 3979 959 4031 est.
996 3969 1217 4037 praeside
1263 3970 1434 4041 Syria:
1456 3966 1459 3967 ⁷
1481 3972 1703 4043 Cyrenio
1727 3976 1793 4029 ⁸⁸.
1826 3973 2021 4030 Verum
2064 3975 2153 4030 ille
2185 3975 2400 4045 quidem

861 4059 1102 4124 psalmus
1131 4047 1306 4113 ortum
1339 4062 1455 4126 ejus
1486 4063 1855 4132 Signiﬁcabat;
1887 4064 1974 4117 hic
1996 4080 2123 4119 vero
2151 4071 2400 4118 mortem.

862 4146 996 4201 Illud
1025 4158 1221 4214 autem,
1237 4165 1329 4218 pro
1353 4149 1634 4223 Matieleth,
1662 4152 2034 4223 Symmachus.
2057 4170 2146 4222 per
2169 4154 2399 4219 chorum,

864 4237 1248 4307 interpretatus
1276 4250 1359 4295 est
1384 4260 1397 4307 ;
1429 4220 1618 4311 Aquila
1649 4220 1794 4309 vero,
1840 4263 1993 4315 super
2020 4220 2277 4309 choreum,
2310 4246 2403 4300 Vi-

848 4325 1126 4396 ,deturque
1171 4330 1301 4383 mihi
1347 4330 1433 4385 hic
1457 4331 1657 4389 Christi
1690 4336 1944 4404 populum
1963 4344 2025 4389 et
2061 4336 2402 4393 Ecclesiasti—

860 4433 980 4471 cam
1019 4419 1269 4474 choreum
1301 4422 1631 4487 adumbrari,
1678 4424 1730 4477 in
1764 4440 1868 4493 qua
1910 4442 2055 4480 mors
2098 4425 2401 4483 Servatoris

862 4506 1034 4595 nostri
1064 4507 1280 4595 hymnis
1311 4509 1632 4566 celebratur.
1665 4513 1799 4579 Quia
1828 4530 1955 4569 vero
1984 4524 2135 4573 ortus
2166 4516 2284 4586 ejus
2308 4532 2403 4586 per

862 4593 1002 4649 hanc
1054 4593 1303 4651 choreum
1347 4599 1579 4669 canitur,
1625 4602 1748 4670 jure
1793 4604 2099 4672 praecedens
2137 4606 2399 4675 psalmus,

2502 3421 2700 3475 Τούτου
2722 3421 2779 3474 δὲ
2801 3420 2895 3491 τὴν
2914 3420 3146 3474 διάνοιαν
3168 3422 3492 3494 σαφέστερον
3519 3422 3850 3476 ἀποδέδωκεν
3869 3425 3901 3493 ἡ
3924 3424 4055 3494 πέμ·
4148 3428 4161 3449 '

2502 3527 2608 3579 πτη
2652 3508 2889 3573 ἐκδοσις,
2928 3511 2986 3562 ὲν
3096 3508 3339 3579 εἴρηται·
3384 3512 3485 3565 Ἐν
3514 3510 3831 3581 ἀπογραφῇ
3867 3512 4047 3577 λαῶν,

2501 3595 2674 3666 οὗτος
2698 3599 3127 3671 γεννηθήσεται
3151 3599 3291 3652 ἐκεῖ.
3320 3601 3634 3671 Σαφέστατα
3653 3601 3770 3675 ’γὰρ
3798 3602 3895 3673 τῆς
3922 3604 4051 3655 ἁπο-

2500 3691 2715 3761 γραφῆς
2762 3691 3159 3762 ἐμνημόνευσε,
3194 3692 3312 3745 καθ’
3346 3694 3410 3764 ἣν
3437 3697 3465 3747 6
3504 3694 3691 3765 Σωτὴρ
3734 3694 3828 3747 καὶ
3853 3695 4053 3765 Κύριος

2500 3781 2657 3851 ἡμῶν
2683 3781 2937 3854 ἐγεννήθη
2962 3822 2977 3846 ,
2998 3782 3181 3855 ῶσπερ
3211 3781 3302 3838 οὖν
3339 3783 3487 3854 δηλοῖ
3515 3783 3683 3852 λέγων
3715 3786 3743 3837 6
3773 3783 4051 3853 ἐὐαγγελι-

2503 3872 2650 3943 στής·
2669 3872 2771 3926 Ἐν
2783 3872 2908 3938 ταῖς
2922 3872 3164 3942 ἡμέραις
3180 3874 3434 3939 ἐκείναις
3453 3873 3669 3945 ἐξῆλθε
3690 3874 3876 3943 δόγμα
3896 3874 4053 3941 παρὰ

2502 3962 2795 4029 Καίσαρος
2828 3964 3172 4031 Αὐγούστου
3219 3962 3661 4033 ἀπογράφεσθαι
3697 3962 3902 4018 πᾶσαν
3939 3964 4051 4031 τὴν

2502 4051 2868 4121 οἰκουμένην.
2895 4053 3112 4122 Αὕτηυή
3128 4053 3438 4123 ἀπογραφὴ
3461 4054 3656 4122 πρώτη
3671 4053 3902 4124 ἐγένετο
3924 4055 4047 4123 ἠγε-

2494 4143 2897 4210 μονεύσαντος
2929 4141 3038 4211 τῆς
3070 4145 3284 4212 Συρίας
3307 4144 3620 4211 Κιιρηνίου.
3686 4142 3826 4194 Ἀλλ’
3851 4146 4049 4207 ἐκεῖνος

2506 4234 2603 4303 μὲν
2628 4234 2723 4306 τὴν
2745 4237 3239 4307 γένεσινηὲσήμανεν
3261 4234 3442 4297 αὑτοῦ,
3464 4236 3491 4287 6
3511 4234 3565 4287 δὲ
3593 4236 3727 4303 μετὰ
3753 4236 3937 4306 χεῖρας
3962 4223 4064 4289 τὸν

2502 4323 2745 4379 θάνατον.
2779 4326 2852 4378 T6
2877 4326 2933 4379 δὲ
2953 4364 2967 4389 ,
3022 4325 3171 4393 ὑπὲρ
3196 4325 3427 4380 Μαελὲθ
3450 4364 3464 4387 ,
3500 4323 3593 4377 διὰ
3622 4326 3833 4394 χοροῦ,
3868 4327 4048 4397 ἡρμή-

2502 4430 2686 4468 νευσεν
2709 4416 2737 4467 6
2768 4415 3056 4485 Σύμμαχος
3076 4432 3088 4444 ·
3116 4417 3145 4467 6
3171 4415 3228 4468 δὲ
3263 4414 3511 4478 Ἀκύλας,
3535 4415 3631 4467 ἐπὶ
3660 4415 3910 4483 χορείας.
3941 4416 4052 4469 Καὶ

2506 4522 2593 4575 μοι
2614 4505 2759 4557 δοκεῖ
2774 4504 2866 4558 τὸν
2887 4505 3121 4575 Χριστοῦ
3141 4504 3265 4559 λαὸν
3286 4504 3610 4559 αἰνίττεσθαι
3636 4505 3729 4557 καὶ
3749 4506 3845 4575 τὴν
3864 4506 4043 4576 ἐκκλη-

2504 4593 2779 4664 σιαστικὴν
2808 4594 3020 4667 χορείαν
3039 4634 3052 4658 ,
3074 4596 3150 4645 ὲν
3243 4593 3336 4646 τοῦ
3371 4595 3619 4663 Σωτῆρος
3652 4594 3804 4664 ήμῶν
3831 4595 3859 4648 6
3891 4594 4049 4648 Θάνα-

862 4685 954 4753 qui
981 4693 1158 4741 ortum
1192 4680 1310 4758 ejus
1339 4691 1753 4761 vaticinabatur,
1785 4694 1899 4748 haec
1925 4694 2079 4761 dixit,
2114 4694 2182 4748 Et
2214 4712 2404 4751 canen-
2433 4675 2478 4732 D
2502 4702 2591 4748 τος

2310 4712 2404 4751 ηεη,
2433 4675 2478 4732 D
2502 4702 2591 4748 τος
2616 4685 2947 4755 ἁνυμνεῖται.
2992 4684 3140 4736 Ἐπεὶ
3174 4685 3229 4735 δὲ
3254 4684 3346 4737 καὶ
3369 4687 3401 4753 ἡ
3436 4682 3645 4751 γένεσις
3664 4682 3825 4737 αὑτοῦ
3848 4684 3933 4737 διὰ
3953 4686 4050 4755 τῆς

864 4778 938 4831 tes
958 4774 1092 4826 sicut
1120 4776 1263 4831 chori
1291 4777 1463 4833 omnes
1491 4779 1658 4848 fontes
1689 4781 1740 4833 in
1765 4790 1811 4833 te
1833 4798 1850 4833 :
1876 4782 2402 4850 queis-declarantur

861 4859 1064 4915 Christi
1101 4862 1251 4918 chori
1290 4868 1343 4920 in
1379 4866 1618 4922 Ecclesia
1656 4876 1912 4925 canentes
1951 4878 2004 4925 et
2034 4872 2251 4939 hymnis
2281 4889 2399 4943 my-

863 4951 1026 5005 steria
1077 4952 1198 5020 ejus
1246 4957 1597 5015 celebrantes.
1658 4958 1851 5014 JEman
1908 4976 2036 5015 vero
2084 4961 2397 5027 Esdraiten,

864 5055 1030 5095 unum
1059 5058 1122 5096 ex
1160 5042 1282 5100 ﬁliis
1315 5045 1461 5115 Zara:
1493 5049 1583 5101 ﬁlii
1612 5047 1749 5102 Juda
1778 5048 1895 5105 esSe
1923 5053 2092 5129 aiunt,
2124 5062 2403 5107 vocatum-

865 5144 968 5197 que
1009 5133 1150 5201 apud
1196 5130 1450 5191 Hebraeos
1480 5139 1847 5208 patronymica
1868 5142 1869 5145 “
1890 5139 2137 5196 Zaraiten
2164 5158 2178 5194 :
2206 5142 2399 5197 fuisse-

864 5235 969 5289 que
1012 5222 1148 5277 ﬁlios
1200 5224 1351 5279 Zarae
1401 5242 1625 5282 numero
1665 5230 1929 5298 quinque,
1977 5238 2035 5283 ut
2084 5232 2402 5286 testiﬁcatur

865 5312 1074 5380 primus
1098 5312 1538 5384 Paralipomenon
1566 5319 1699 5373 liber
1727 5320 1811 5375 his
1833 5320 2013 5375 verbis
2037 5339 2049 5371 :
2077 5320 2205 5375 Filii
2232 5322 2395 5384 Iuda.

868 5396 1065 5452 Phares
1096 5408 1145 5452 et
1180 5400 1322 5455 Zara
1348 5420 1365 5455 :
1387 5401 1518 5457 Filii
1552 5403 1725 5469 Zarw,
1757 5405 1990 5471 Zambri,
2019 5419 2069 5461 et
2095 5408 2316 5462 xEtham
2351 5418 2401 5463 et

866 5485 1064 5542 .Eman
1082 5497 1130 5541 et
1146 5482 1398 5545 Chalchal
1422 5504 1470 5547 et
1499 5492 1701 5557 Darda,
1727 5511 1937 5567 numero
1962 5496 2182 5564 quinque
2201 5498 2265 5551 ⁸⁷.
2294 5496 2403 5553 llos

2504 4777 2716 4848 χορείας
2739 4775 2939 4844 ταύτης
2963 4774 3162 4845 ᾄδεται,
3194 4775 3411 4837 εἰκότως
3433 4774 3523 4827 καὶ
3543 4776 3571 4826 6
3594 4775 3696 4845 πρὸ
3718 4774 3905 4828 τούτου
3922 4775 4050 4845 ψαλ-

2503 4870 2601 4938 μὸς
2622 4869 2720 4938 τὴν
2744 4869 2951 4937 γένεσιν
2973 4868 3132 4921 αὑτοῦ
3161 4868 3417 4929 θεσπίσας
3438 4868 3681 4937 ἐπήγαγε
3711 4868 3880 4937 λέγων
3899 4886 3913 4899 ·
3937 4870 4046 4922 Καὶ

2499 4958 2742 5025 ᾄδοντες
2754 4961 2831 5024 ὡς
2846 4958 3005 5028 χοροὶ
3024 4957 3207 5011 πᾶσαι
3223 4958 3400 5027 πηγαὶ
3415 4958 3481 5012 ἐν
3498 4959 3614 5024 σοὶ,
3633 4961 3754 5023 τοὺς
3776 4961 3832 5013 ὲν
3850 4962 3914 5031 τῇ
3930 4960 4045 5013 Ἐκ-

2504 5050 2697 5120 κλησία
2726 5047 2958 5120 Χριστοῦ
2989 5050 3177 5117 χοροὺς
3201 5048 3414 5119 ᾅδοντας
3438 5050 3599 5103 αὑτοῦ
3632 5049 3724 5102 καὶ
3756 5049 4048 5118 ἀνυμνοῦν-

2498 5155 2597 5200 ητσς
2622 5140 2689 5191 τὰ
2730 5139 2997 5208 μυστήρια
3024 5138 3285 5207 δηλώσας.
3346 5138 3448 5191 Τὸν
3476 5130 3532 5190 δὲ
3564 5137 3846 5207 λεγόμενον
3873 5138 4052 5207 Δὶμὰν

2501 5228 2590 5280 τὸν
2630 5229 2938 5299 Ἐσδραῖτην
2979 5229 3139 5296 φασιν
3184 5225 3319 5281 εἶναι
3351 5229 3446 5280 ἕνα
3478 5227 3583 5281 τῶν
3616 5227 3744 5279 υἱῶν
3768 5228 3916 5297 Ζαρὰ
3955 5230 4050 5283 τοῦ

2504 5316 2615 5370 υἱοῦ
2649 5318 2835 5383 Ἰούδα,
2888 5311 3180 5382 κεκλῆσθαὶ
3207 5334 3269 5371 τε
3291 5318 3451 5371 αὐτὸν
3482 5301 3609 5388 παρ’
3654 5318 3919 5389 Ἑϐραίοις
3944 5337 4048 5375 πα·-

2501 5410 2849 5479 τρωνυμικῶς
2882 5411 3148 5481 Ζαραῖτην
3168 5427 3181 5440 ·
3214 5405 3350 5461 εἶναι
3390 5409 3446 5461 δὲ
3475 5408 3630 5462 πέντε
3658 5410 3783 5474 τοὺς
3813 5412 4044 5472 πάντας

2508 5504 2797 5572 μαρτυρεῖν
2827 5500 2881 5553 δὲ
2910 5501 2986 5571 τῷ
3005 5501 3143 5570 λόγῳ
3168 5500 3265 5569 τὴν
3292 5497 3510 5571 πρώτην
3530 5499 3632 5554 τῶν
3653 5499 4051 5573 Παραλειπομέ-

864 5690 865 5693 γ
929 5634 1148 5723 ἰδίως,
1190 5665 1352 5731 ιι,ι.
1427 5667 1471 5699 α·
1509 5668 1638 5723 ibid.
1673 5668 1726 5723 2.
1801 5644 2308 5737 «malum.
2385 5669 2844 5735 "Manius.

940 5839 1014 5909 (Ι)
1049 5840 1107 5894 ln
1136 5842 1282 5899 cusis
1308 5841 1490 5905 Bibliis
1524 5804 1630 5897 τῶν
1662 5844 1737 5909 0',
1798 5842 2152 5913 Ἰσραηλίτη,
2189 5847 2345 5909 male.
