4406 6430
316 528 452 591 i053

1425 527 1922 584 COHIENTARIA
1963 530 2026 583 IN
2056 528 2388 597 ιξδΑωιοδ.

3369 526 3504 582 l0“

309 662 446 707 νων,
477 644 661 697 τοῦτον
700 627 1054 717 περιέχουσαν
1084 649 1174 702 τόν
1215 649 1412 719 τρόπον
1436 667 1448 678 ·
1518 651 1635 704 Υίοι
1677 652 1860 705 Ἰούδα
1889 661 1929 713 Α
1963 652 2049 705 Hel

1761 652 1860 705 ὑδα
1889 661 1929 713 Α
1963 652 2213 706 Hebraeus
2242 653 2314 704 ait
2343 653 2395 704 in
2425 648 2655 720 Egypto
2687 656 2813 704 ante
2850 648 3049 720 Moysis
3076 657 3285 703 atatem
3311 649 3501 702 vatici-

309 735 494 803 Φαρὲς
519 736 615 792 καὶ
646 739 838 805 Ζαρὰ·
867 741 963 792 καὶ
1005 741 1120 792 vlo!
1147 741 1302 806 Ζαρὰ
1321 780 1334 800 ,
1365 741 1610 808 Ζαμόρὶ,
1643 743 1737 793 καὶ
1766 745 1861 794 Αί-

307 826 422 894 θὰμ
454 826 550 878 καὶ
590 827 776 895 Atad-tr
814 829 908 881 καί
942 830 1185 897 Χαλχὰλ
1232 830 1330 884 καὶ
1374 830 1594 898 Δαρόάο
1644 831 1862 896 πάντες

305 916 501 970 πέντε.
543 917 772 983 Τούτους
809 921 988 988 ἔλεγεν
1019 924 1046 974 6
1085 922 1331 992 Ἐδραῐος
1361 921 1418 974 ἑν
1445 921 1698 992 Αίγύπτῳ
1725 939 1856 992 προκ

305 1009 571 1080 φητεῦσαι
590 1049 604 1074 ,
633 1012 736 1082 πρὸ
764 1013 1034 1075 Μωῦσέως
1057 1012 1396 1081 γενομένους,
1426 1012 1602 1064 αὐτῶν
1634 1029 1696 1064 τε
1725 1009 1859 1064 εἶναι

305 1099 428 1160 τοὺς
446 1097 691 1168 ψαλμοὺς
704 1102 825 1162 τοὺς
843 1103 919 1162 είς
934 1101 1101 1170 ὄνομα
1121 1101 1297 1154 αὐτῶν
1315 1103 1828 1172 προγεγραμμένους
1843 1119 1856 1131 ο

303 1182 415 1242 οἷον
451 1190 538 1242 τὸν
575 1190 711 1260 μετά
743 1193 926 1259 χεῖρας
945 1231 957 1252 ,
994 1193 1086 1245 καὶ
1110 1194 1199 1245 τὸν
1226 1193 1352 1262 έξῆς
1377 1194 1551 1262 αὐτῷ,
1579 1195 1668 1246 καὶ
1703 1193 1860 1246 αὑτὸν

305 1279 793 1350 ἐπιγεγραμμένον,
816 1280 994 1349 Αὶθὰμ
1017 1281 1094 1347 τῷ
1123 1284 1433 1352 Ἐσόραττῃ
1453 1303 1464 1314 ο
1491 1285 1624 1337 ἀλλά
1649 1287 1739 1337 καὶ
1766 1303 1860 1337 πε-

307 1368 361 1434 ρὶ
389 1369 566 1422 αὐτῶν
587 1368 828 1438 λελέχθαι
857 1371 912 1422 ὲν
955 1373 1019 1440 τῇ
1049 1372 1204 1444 τρίτῃ
1236 1375 1342 1426 τῶν
1373 1375 1662 1427 Βασιλειῶν
1681 1391 1693 1404 °
1751 1375 1860 1430 Καὶ

301 1460 627 1528 ἐσοφίσατο
657 1459 936 1528 Σολομὼν
962 1462 1112 1531 ὑπὲρ
1149 1467 1330 1519 Αίθὰν
1351 1465 1454 1518 τὸν
1490 1466 1856 1533 Ἐσδραΐτην,

301 1553 399 1605 καὶ
425 1552 632 1620 Αίμὰν,
662 1554 756 1606 καὶ
781 1555 883 1606 τὸν
906 1556 1154 1622 Χαλχὰλ
1178 1556 1272 1608 καὶ
1306 1555 1409 1608 τὸν
1434 1554 1681 1622 Δαρδάν.
1713 1556 1856 1607 Ταῦ-

299 1656 368 1693 τα
397 1641 494 1709 μὲν
524 1637 614 1694 οὖν
637 1643 717 1704 είς
746 1643 843 1712 τὴν
876 1643 1116 1714 ἱστορίαν
1145 1643 1400 1713 εἰρήσθω.
1461 1644 1521 1695 El
1550 1643 1606 1696 δέ
1639 1661 1686 1696 τι
1719 1661 1854 1714 συμ-

299 1729 580 1784 ϐάλλονται
608 1735 672 1802 τῇ
707 1733 798 1785 τοῦ
829 1733 1043 1802 ψαλμοῦ
1075 1733 1275 1803 θεωρίᾳ
1302 1735 1357 1785 αἱ
1392 1733 1590 1786 τούτων
1619 1733 1724 1786 τῶν
1747 1735 1858 1786 ὀνο-

302 1818 485 1887 μάτων
519 1821 818 1891 ἑρμηνεῖαι,
854 1824 943 1875 xui.
975 1821 1133 1884 αὐτὸς
1159 1824 1487 1893 ἐπιστήσεις.
1509 1824 1769 1885 ’Ὑστατος
1801 1824 1856 1876 δὲ

296 1907 372 1961 ὣν
409 1911 438 1962 6
481 1911 667 1982 παρὼν
696 1913 803 1965 τῶν
848 1913 1336 1982 ἐπιγεγραμμένων
1380 1915 1520 1974 Υίῶν
1555 1914 1728 1984 Κορὲ,
1761 1915 1856 1983 τὴν

1969 751 2121 796 natos
2162 758 2302 804 esse,
2356 749 2708 810 auctoresque
2741 757 2860 796 esse
2900 743 3226 810 psalmorum
3275 747 3367 814 qui
3413 760 3511 799 no-

1966 834 2108 886 mine
2151 847 2252 885 suo
2290 832 2534 901 inscripti
2572 838 2696 890 sunt
2724 849 2738 884 τ
2769 832 2944 899 qualis
2975 839 3056 885 est
3101 832 3186 884 hic
3215 850 3373 902 quem
3397 842 3510 888 tra-

1965 927 2170 974 ctamus
2223 929 2277 974 et
2304 922 2658 989 subsequens,
2696 921 2784 989 qui
2825 920 3115 988 inscriptus
3147 929 3248 984 est,
3285 921 3505 976 .Ethant

1966 1011 2234 1064 Ezdraittz
2261 1013 2367 1066 :de
2413 1013 2521 1066 illis
2562 1028 2775 1081 quoque
2810 1013 2922 1066 haec
2954 1013 3005 1066 in
3036 1013 3191 1066 tertio
3231 1014 3367 1066 libro
3408 1013 3514 1069 Be-

1964 1119 2085 1172 gum
2115 1103 2259 1156 dicta
2303 1118 2422 1157 esse
2454 1111 2605 1172 putat
2636 1121 2649 1156 :
2685 1102 2750 1154 Et
2782 1105 3073 1168 sapientior
3103 1114 3214 1157 erat
3257 1103 3507 1157 Salomon

1966 1191 2486 1257 .Ethan-Ezdraita,
2517 1191 2715 1245 xEman
2743 1203 2791 1246 et
2823 1192 3078 1248 Chalcltal
3120 1204 3168 1246 et
3203 1194 3417 1247 Dardan
3437 1195 3509 1248 ⁸⁸.

1965 1283 2088 1338 Haec
2125 1284 2190 1337 de
2215 1285 2438 1337 historia
2474 1284 2615 1336 dicta
2644 1292 2823 1338 sunto.
2854 1285 2935 1336 An
2950 1299 3076 1337 vero
3109 1284 3298 1336 horum
3329 1284 3507 1337 nomi-

1965 1388 2091 1426 num
2125 1373 2552 1442 signiflcationes
2583 1373 2648 1426 ad
2683 1373 2874 1443 psalmi
2916 1374 3335 1442 speculationem
3374 1389 3506 1428 con-

1965 1463 2158 1525 ferant,
2196 1473 2250 1516 tu
2292 1464 2408 1531 ipse
2450 1463 2760 1518 consideres
2814 1465 2992 1517 velim.
3024 1464 3155 1516 Cum
3201 1471 3377 1518 autem
3420 1464 3505 1518 hic

1966 1553 2205 1620 psalmus
2243 1561 2548 1621 postremus
2590 1554 2660 1607 sit
2691 1569 2901 1613 eorum,
2934 1553 3023 1621 qui
3063 1551 3322 1605 Filiorum
3369 1553 3511 1608 Core

1964 1643 2206 1711 inscripti
2245 1652 2393 1703 sunt,
2420 1643 2720 1698 Salvatoris
2753 1645 2924 1697 nostri
2951 1644 3016 1697 ad
3055 1642 3254 1697 inferos
3285 1645 3510 1699 descen-

1964 1749 2080 1788 sum
2113 1734 2518 1802 complectitur;
2551 1735 2624 1788 ita
2669 1743 2728 1788 ut
2755 1735 2910 1802 quasi
2937 1734 3002 1787 de
3033 1733 3297 1787 industria
3335 1736 3510 1802 provi—

1964 1839 2080 1878 sum
2102 1825 2190 1887 sit,
2230 1832 2285 1876 ut
2320 1826 2506 1878 mortis
2545 1825 2663 1892 ejus
2705 1825 3018 1894 mysterium
3055 1822 3234 1888 in‘fine
3265 1825 3505 1876 omnium

1965 1914 2280 1968 traderetur.
2313 1912 2682 1983 Videnturque
2728 1913 2857 1966 mihi
2892 1913 2943 1964 hi
2991 1919 3219 1980 quatuor
3247 1910 3505 1964 Filiorum

296 1997 518 2053 κάθοδον
544 2003 642 2073 τὴν
670 2005 748 2065 είς
779 2004 866 2055 τὸν
899 2003 1027 2072 ᾅδην
1056 2003 1148 2054 τοῦ
1179 2004 1423 2073 Σωτῆρος
1459 2003 1613 2074 ήμῶν
1647 2004 1852 2074 περιεί-
1885 2005 1926 2063 Β
1954 2003 2030 2057 Co

1766 2004 1852 2056 ιεί-
1885 2003 2092 2063 BCore
2143 2005 2355 2073 psalmi,
2403 2019 2595 2073 nempe
2643 2019 2872 2068 unm,
2926 2018 3142 2062 uxxrv,
3203 2016 3398 2054 unm
3452 2008 3506 2056 et

294 2087 462 2159 ληφεν
486 2131 501 2154 ,
535 2091 722 2164 ὥσπερ
751 2093 1059 2162 ἐξεπίτηδες
1090 2093 1522 2163 ταμιευσαμένου
1564 2094 1656 2146 τοῦ
1698 2094 1852 2161 λόγου

292 2181 354 2234 τὸ
384 2185 674 2253 μυστήριον
695 2183 786 2237 τοῦ
811 2185 1037 2238 θανάτου
1061 2185 1153 2250 ,ἐπὶ
1175 2185 1318 2236 τέλει
1339 2184 1432 2236 τοῦ
1460 2186 1660 2248 παντὸς
1681 2203 1856 2256 παρα-

291 2271 489 2325 δοῦναι.
522 2274 628 2326 Καί
661 2292 749 2343 μοι
774 2275 1017 2328 δοκοῦσιν
1048 2277 1094 2328 οἱ
1119 2276 1165 2327 δ’
1201 2270 1344 2328 οὗτοι
1376 2277 1496 2344 Τῶν
1531 2276 1661 2328 υἱῶν
1691 2276 1852 2346 Κορὲ,

293 2359 432 2430 λέγω
453 2363 506 2414 δὲ
525 2365 551 2415 ό
579 2364 756 2433 τρίτος
776 2365 868 2417 καὶ
898 2371 978 2428 π’,
1007 2367 1099 2418 καὶ
1121 2369 1149 2419 6
1172 2367 1225 2418 6'
1252 2367 1346 2420 καὶ
1378 2385 1417 2420 π
1436 2373 1468 2431 ’,
1500 2368 1527 2419 6
1552 2384 1610 2420 τε
1638 2373 1744 2431 πς¹
1771 2367 1861 2419 καὶ

289 2453 318 2504 6
339 2452 412 2515 πξ
424 2453 436 2471 ’
457 2453 544 2523 ξχε
554 2472 600 2506 ιν
626 2454 742 2507 τινᾶ
760 2456 892 2526 πρὸς
908 2455 1164 2527 ἀλλήλους
1186 2457 1519 2535 ἀκολουθίαν.
1552 2458 1609 2510 '0
1630 2457 1725 2527 μὲν
1744 2455 1850 2524 γὰρ

291 2541 394 2608 πγ¹
426 2541 609 2612 σαφῶς
641 2543 774 2596 Θεοῦ
807 2547 1101 2617 παρουσίαν
1134 2548 1210 2610 εἰς
1241 2538 1557 2619 ἀνθρώπους
1589 2548 1680 2599 καὶ
1717 2547 1851 2614 Χρι-

291 2632 415 2685 στοῦ
448 2636 779 2706 προφητείαν
805 2638 1058 2707 ὀνομαστὶ¹
1087 2641 1384 2708 περιεῖχενο
1418 2639 1447 2690 ὁ
1478 2638 1533 2690 δὲ
1556 2635 1683 2705 ἑξῆς
1707 2635 1855 2706 αὐτῷ

290 2719 323 2798 ᾖ
367 2725 527 2795 τάχος
558 2729 838 2798 ἐπιστῆναι
891 2729 960 2782 τὰ
989 2729 1385 2800 τεθεσπισμένα
1433 2728 1663 2799 ηὔχετο·
1716 2727 1744 2778 6
1795 2727 1851 2780 δὲ

1952 2106 2166 2144 usxvn
2199 2091 2403 2159 aliquid
2448 2093 2800 2147 connexionis
2835 2092 2976 2145 inter
3022 2107 3078 2145 se
3119 2092 3337 2145 habere.
3371 2089 3503 2144 Nam

1954 2197 2156 2235 uuln
2201 2181 2291 2235 Dei
2329 2184 2617 2236 adventum
2663 2184 2728 2236 ad
2770 2184 3021 2238 homines
3058 2191 3112 2238 et
3142 2183 3343 2239 Christi
3377 2197 3509 2251 pro-

1955 2273 2185 2341 phetiam
2223 2271 2507 2326 manifeste
2557 2275 2966 2342 complectitur;
3004 2289 3237 2343 sequens
3284 2288 3410 2326 vero
3442 2287 3506 2327 ea

1957 2377 2074 2430 qua:
2105 2363 2160 2414 in
2193 2360 2445 2414 valicinio
2471 2360 2785 2414 ferebantur
2816 2365 3212 2429 quamprimum
3250 2364 3508 2418 accedere

1957 2451 2277 2520 precabatur
2319 2470 2332 2502 :
2369 2445 2676 2519 praecedens
2736 2459 2914 2505 autem
2974 2451 3216 2520 psalmus
3271 2453 3390 2522 ejus
3449 2455 3509 2507 in

1958 2556 2120 2596 carne
2161 2548 2338 2594 ortum
2388 2542 2498 2610 jam
2545 2542 2954 2608 subindieabat;
3011 2543 3096 2596 hic
3135 2555 3260 2596 vero
3309 2556 3506 2598 censeo

1959 2639 2187 2702 quenter
2214 2631 2280 2684 ad
2308 2646 2402 2687 eos
2429 2647 2620 2686 omnes
2655 2641 2882 2686 mortem
2905 2632 3046 2701 ejus,
3084 2646 3245 2702 quam
3273 2646 3370 2701 pro
3399 2633 3500 2686 ho-

1961 2724 2195 2779 minibus
2221 2725 2484 2792 suscepit,
2519 2725 2866 2793 pra-nuntiat.

289 2815 395 2885 πρὸ
417 2816 509 2868 τοῦ
542 2817 677 2886 μετά
699 2821 884 2888 χεῖρας
911 2819 1008 2888 ήδη
1035 2820 1131 2890 τὴν
1158 2819 1412 2890 ἕνσαρκον
1441 2817 1602 2872 αὑτοῦ
1631 2817 1842 2886 γένεσιν
1875 2816 2115 2886 ᾐνίττετο
2135 2832 2146 2844 ο
2178 2812 2382 2876 τούτοις
2405 2813 2460 2865 δὲ
2496 2814 2660 2866 πᾶσιν
2724 2813 3029 2876 ἀκολούθως
3064 2816 3093 2867 6
3154 2813 3507 2885 προκείμενος

285 2907 374 2960 τὸν
402 2908 625 2963 θάνατον
643 2952 656 2976 ,
687 2910 744 2963 ὃν
779 2913 914 2982 ὑπὲρ
940 2913 1036 2964 ἀνθ
1047 2912 1239 2983 ρώπων
1263 2913 1544 2977 ἀνεδέξατο
1563 2954 1578 2977 ,
1604 2915 1997 2983 προαναφωνεϊ.

354 3024 531 3090 Κύριε
548 3027 581 3077 ό
607 3024 748 3090 Θεὸς
770 3024 875 3092 τῆς
903 3029 1194 3094 σωτηρίας
1209 3045 1347 3096 μου,
1373 3028 1590 3096 ἡμέρας
1607 3027 1849 3095 ἐκέκραὲ

286 3107 362 3176 ξα
380 3155 394 3179 ,
423 3115 518 3166 καὶ
553 3116 624 3167 ἐν
647 3116 817 3169 νυκτὶ
846 3118 1120 3171 ἐναντίον
1151 3134 1284 3172 σου.
1322 3117 1650 3172 Εἱσελθέτω
1681 3119 1844 3171 ἐναν-

2023 3023 2236 3077 Domine
2267 3021 2404 3076 Deus
2432 3022 2619 3075 salutis
2653 3037 2798 3083 mete,
2832 3021 2883 3072 in
2913 3020 2998 3072 die
3027 3015 3251 3072 clamavi
3277 3010 3326 3072 et
3357 3026 3505 3071 nocte

1949 3132 2123 3168 coram
2165 3123 2231 3167 te.
2268 3144 2336 3152 -—
2363 3112 2527 3166 Vens.
2560 3115 2612 3166 5.
2661 3112 2826 3166 Intret
2865 3112 2917 3164 in
2942 3119 3211 3177 conspectu
3264 3122 3350 3162 tuo
3380 3117 3502 3161 ota-

286 3205 416 3258 τίον
442 3219 556 3259 σου
588 3209 624 3274 ἠ
661 3209 966 3278 προσευχὴ
991 3227 1128 3278 μου,
1159 3211 1366 3263 κλῖνον
1393 3211 1457 3262 τὸ
1483 3206 1589 3275 οὖς
1618 3225 1732 3286 σου
1759 3211 1844 3274 είς
1874 3241 1914 3296 C
1950 3208 2022 3257 lio

1760 3211 1844 3274 είς
1874 3241 1914 3296 C
1950 3208 2022 3257 tio
2056 3221 2164 3256 mea
2187 3221 2204 3256 :
2231 3204 2426 3257 inclina
2459 3221 2636 3259 aurem
2685 3214 2828 3256 tuam
2872 3203 2940 3255 ad
2971 3217 3168 3269 precem
3217 3216 3406 3254 meam.
3441 3198 3500 3253 in

286 3293 399 3362 τὴν
416 3293 628 3363 δέησίν
647 3313 785 3364 μου.
821 3298 908 3350 Ἐν
932 3299 1007 3367 τῷ
1031 3305 1126 3350 κα¹
1150 3298 1346 3368 ψαλμῷ
1367 3300 1457 3351 καὶ
1480 3297 1626 3366 αὑτῷ
1654 3281 1732 3360 είς
1759 3297 1846 3350 τὸν

285 3383 518 3457 Χριστὸν
538 3386 941 3458 ἀναφερομένῳ,
961 3389 1054 3442 καὶ
1074 3389 1131 3440 τὸ
1154 3390 1318 3452 πάθος
1339 3388 1497 3441 αὑτοῦ
1521 3387 1704 3456 σαφῶς
1727 3403 1848 3457 προ·

286 3472 602 3542 φητεύοντι,
632 3474 767 3545 ὅπερ
807 3474 895 3528 διὰ
937 3476 1033 3545 τῆς
1059 3479 1230 3546 ἀρχῆς
1268 3478 1590 3546 παρίστησιν
1623 3479 1650 3528 6
1694 3476 1847 3542 λόγος

285 3563 539 3633 φάσκωνι
565 3566 632 3618 '0
654 3566 816 3631 Θεὸς,
846 3569 878 3619 ὁ
914 3568 1055 3632 Θεός
1081 3587 1219 3635 μου,
1243 3571 1504 3636 πρόσχες
1528 3585 1647 3636 μοι,
1669 3568 1768 3620 ἵνα
1792 3568 1847 3618 τί

283 3654 664 3722 ἐγκατέλιπές
706 3673 817 3724 pe;
862 3656 888 3709 ὃ
937 3658 1029 3708 καὶ
1065 3658 1481 3727 μεμαρτύρηται
1532 3656 1671 3709 κατά
1704 3655 1844 3720 λέξιν

285 3744 376 3796 ἐπὶ
399 3745 494 3796 τοῦ
525 3745 727 3807 πάθους
748 3748 775 3798 6
798 3747 985 3816 Σωτὴρ
1005 3747 1158 3816 ἡμῶν
1181 3746 1433 3818 εἰρηκὼς.
1467 3747 1601 3816 μετά
1629 3746 1723 3816 τὴν
1750 3748 1845 3816 ἀρ-

286 3834 386 3904 χὴν
414 3832 540 3902 ἑξῆς
567 3833 869 3903 ὲπιλέγεται
890 3853 902 3865 ο
921 3837 972 3886 Ὀ
999 3838 1141 3902 Θεός
1163 3856 1300 3903 μου,
1329 3836 1680 3905 κεκράξομαι
1703 3818 1841 3904 ἡμέ-

279 3938 410 3987 ρας,
434 3921 530 3976 καὶ
563 3924 671 3975 οὐκ
697 3925 1023 3992 εὶσακούσῃ
1041 3965 1055 3986 ,
1090 3927 1184 3978 καὶ
1220 3927 1435 3990 νυκτὸς
1455 3966 1468 3989 ,
1499 3927 1595 3978 καὶ
1626 3927 1734 3979 οὐκ
1758 3929 1843 3992 είς

284 4013 497 4066 ἄνοιαν
526 4013 674 4082 ἐμοι.
724 4017 832 4068 Καὶ
859 4019 887 4069 6
910 4016 1098 4088 παρὼν
1126 4019 1182 4070 δὲ
1212 4017 1422 4087 ψαλμός
1451 4035 1610 4088 φησιν
1629 4034 1643 4047 ·
1687 4017 1842 4085 Ἡμέ-

279 4118 389 4168 ρας
410 4104 722 4171 ἐκέκραξα,
755 4107 848 4159 καὶ
867 4109 936 4160 ἐν
958 4108 1126 4160 νυκτὶ
1151 4109 1424 4160 ἐναντίον
1444 4121 1578 4159 σου.
1612 4107 1722 4159 Καί
1753 4124 1840 4176 μοι

281 4188 504 4242 δοκεῖτὸ
527 4191 702 4259 λόγιον
728 4193 837 4245 τὺνί
847 4194 960 4263 βίον
1003 4195 1101 4263 τῆς
1126 4194 1582 4264 ὲνανθρωπήσεως
1609 4193 1702 4246 τοῦ
1731 4194 1841 4246 Σω-

281 4281 441 4351 τῆρος
477 4281 634 4350 ἡμῶν
675 4284 1006 4354 ὑπογράφειν
1026 4285 1113 4336 διὰ
1146 4285 1324 4354 πάσης
1353 4286 1412 4336 οὐ
1446 4285 1603 4353 μόνον
1628 4285 1840 4356 ἡμέρας

281 4367 417 4422 ἀλλὰ
461 4367 553 4420 καὶ
577 4369 768 4430 νυκτὸς
798 4371 1149 4440 ἀνακειμένου
1181 4371 1257 4441 τῷ
1290 4371 1423 4441 Θεῷ.
1486 4373 1635 4440 Ἔχει
1660 4372 1716 4424 δὲ
1749 4374 1838 4424 καὶ

281 4459 340 4510 ὲν
385 4462 496 4521 τοῖς
543 4459 887 4527 Εὑαγγελίοις
935 4462 1080 4525 ὅπως
1129 4465 1246 4526 ταῖς
1296 4464 1478 4532 εὐχαῖς
1519 4462 1606 4515 διά
1644 4465 1839 4526 παντὸς

1954 3297 2208 3350 vicesimo
2252 3295 2426 3364 primo
2475 3298 2700 3365 psalmo,
2746 3297 2838 3365 qui
2887 3296 3071 3349 itidem
3121 3294 3184 3346 ad
3230 3293 3506 3347 Christum

1950 3385 2203 3450 refertur,
2240 3386 2466 3454 ejusque
2501 3387 2805 3454 passionem
2849 3394 3030 3453 aperte
3054 3383 3400 3446 vaticinatur,
3441 3391 3503 3437 ut

1949 3477 2015 3528 ab
2050 3477 2199 3529 initio
2229 3476 2534 3530 declaratur
2560 3476 2644 3529 bis
2664 3475 2862 3537 verbis,
2895 3474 3029 3527 Deus
3061 3473 3204 3528 Deus
3229 3491 3390 3537 meus,
3420 3491 3501 3528 re-

1948 3567 2081 3632 spice
2105 3567 2157 3618 in
2186 3583 2286 3628 me,
2319 3582 2477 3634 quare
2517 3582 2595 3617 me
2630 3564 2951 3633 dereliquisti
2974 3563 3097 3614 ”'?
3129 3563 3270 3634 quod
3310 3561 3519 3633 Salva-_

1947 3664 2116 3710 torem
2142 3658 2206 3710 ad
2241 3657 2459 3711 verbum
2484 3657 2536 3710 in
2570 3656 2819 3724 passione
2851 3654 3053 3708 dixisse
3087 3661 3368 3717 narratur;
3394 3659 3499 3706 sta-

1948 3747 2039 3798 tim
2083 3756 2200 3814 post
2226 3747 2438 3799 initium
2487 3745 2723 3808 additur,
2774 3743 2910 3797 Deus
2946 3759 3086 3795 meus
3129 3740 3368 3794 clamabo
3408 3755 3500 3808 per

1945 3835 2076 3888 diem
2104 3844 2150 3887 et
2177 3851 2277 3888 non
2304 3834 2572 3898 exaudies,
2601 3843 2649 3886 et
2681 3842 2826 3886 nocte
2844 3843 2892 3885 et
2923 3849 3025 3884 non
3048 3829 3115 3883 ad
3143 3829 3498 3897 insipientiam

1947 3925 2091 3978 mihi.
2133 3924 2375 3978 Praesens
2404 3925 2530 3978 item
2561 3924 2800 3993 psalmus
2843 3923 2936 3984 ait,
2969 3921 3033 3974 In
3067 3920 3150 3974 die
3184 3920 3410 3973 clamant
3443 3927 3496 3973 et

1945 4025 2091 4068 nocte
2116 4032 2292 4068 coram
2319 4027 2382 4070 te.
2409 4016 2738 4085 Videturque
2768 4015 2896 4067 mihi
2916 4015 3001 4069 his
3028 4013 3374 4087 subindicare
3410 4021 3493 4065 to-

1945 4113 2053 4158 tam
2082 4105 2342 4158 incarnali
2381 4105 2675 4159 Salvatoris
2708 4105 2880 4158 nostri
2911 4105 3096 4164 vitam,
3127 4116 3246 4170 qua:
3270 4116 3382 4155 non
3415 4116 3500 4156 so-

1945 4200 2052 4251 lum
2088 4197 2173 4250 die
2221 4197 2314 4251 sed
2347 4197 2509 4250 etiam
2565 4205 2721 4249 nocte
2767 4195 2876 4248 Deo
2921 4201 3236 4248 consecrata
3285 4192 3404 4246 fuit.
3438 4193 3496 4246 In

1941 4284 2242 4354 Evangeliis
2293 4299 2454 4354 porro
2499 4284 2700 4338 dicitur
2731 4299 2854 4338 eum
2906 4297 3117 4351 semper
3159 4281 3497 4338 orationibus

1939 4388 2180 4430 vacasse.
2215 4373 2272 4429 In
2303 4376 2556 4445 praesenti
2577 4391 2705 4430 vero
2729 4375 2939 4428 Patrem
2973 4373 3225 4427 obsecrat
3255 4380 3308 4426 et
3341 4379 3495 4441 rogat

1939 4475 1999 4518 ut
2031 4467 2253 4521 inclinet
2286 4482 2472 4521 aurem
2501 4467 2567 4522 sd
2595 4481 2806 4536 precem
2849 4481 3036 4530 suam;
3078 4465 3129 4518 id
3161 4470 3265 4526 est,
3297 4470 3353 4516 ut
3396 4478 3496 4516 an-

282 4550 587 4621 ἐσχόλαζεν.
639 4553 761 4604 Ἐπὶ
806 4553 860 4605 δὲ
880 4552 972 4604 τοῦ
1012 4555 1271 4623 παρόντος
1295 4555 1471 4607 δέεται
1509 4554 1602 4608 τοῦ
1627 4555 1834 4625 [ἰατρὸς
1865 4571 1910 4627 υ
1942 4575 2022 4614 nu:

1751 4555 1834 4625 ρὸς
1865 4571 1910 4627 υ
1942 4568 2074 4614 nuat
2115 4561 2465 4629 petitionibus
2507 4562 2644 4616 suis.
2683 4560 2849 4631 ldqtfe
2885 4568 3137 4630 precatur
3171 4567 3356 4627 utpote
3397 4541 3491 4625 qui

281 4640 377 4694 καὶ
419 4642 561 4708 ἀξιοῖ
609 4641 782 4695 κλῖναι
815 4644 873 4696 τὸ
925 4638 1019 4706 οὖς
1076 4645 1207 4716 πρὸς
1255 4645 1352 4714 τὴν
1402 4645 1584 4713 δέησιν
1634 4644 1830 4698 αὐτοῦ·

280 4732 551 4786 τουτέστιν
581 4731 857 4786 ι’πινεῦσαι
899 4737 1008 4796 τοῖς
1043 4736 1333 4805 αἰτήμασιν
1362 4737 1540 4788 αὑτοῦ.
1569 4737 1675 4789 Καὶ
1695 4735 1834 4788 τοῦτ’

280 4821 516 4893 εὔχεται,
538 4822 613 4886 ὡς
641 4823 708 4877 ἂν
730 4824 935 4893 μέλλων
964 4825 1100 4894 ὑπὲρ
1122 4827 1373 4880 ἁπάντων
1397 4827 1505 4879 τῶν
1527 4827 1711 4887 ἐθνῶν,
1739 4827 1832 4879 aft-

214 4935 216 4937 >
279 4913 368 4976 τὸς
391 4915 580 4967 ἑαυτὸν
598 4913 672 4982 τῷ
693 4915 863 4984 Harp).
886 4921 1210 4988 προσφέρειν
1235 4918 1440 4972 θυσίαν.
1465 4919 1637 4972 Πολλά
1658 4919 1712 4970 δὲ
1737 4934 1835 4970 πε⁹

282 5004 336 5074 ρὶ
361 5002 456 5056 τοῦ
491 5002 620 5056 ίδίου
650 5003 877 5056 θανάτου
911 5005 1114 5074 μέλλων
1144 5007 1272 5076 ἑῆς
1300 5009 1580 5074 διεξιέναι,
1612 5010 1751 5080 ὁρῶν
1772 5028 1831 5064 τε

277 5091 374 5163 τὴν
399 5093 536 5162 μετά
558 5092 781 5146 θάνατον
803 5092 1177 5164 διαδεξομένην
1196 5097 1358 5150 αὑτὸν
1383 5099 1673 5168 σωτηρίαν,
1693 5101 1834 5153 εἰκό-

280 5197 387 5246 τως
406 5182 505 5255 τὴν
535 5183 787 5255 ἀπαρχὴν
815 5185 907 5237 τοῦ
927 5185 1139 5254 ψαλμοῦ
1158 5190 1225 5257 τῇ
1252 5189 1422 5241 αὑτοῦ·
1445 5190 1684 5259 σωτηρίᾳ
1702 5205 1834 5260 προ-

277 5269 459 5325 λαϐὼν
485 5273 794 5344 ἀνατίθησι·
825 5274 903 5326 διό
937 5292 1087 5344 φησι,
1113 5277 1284 5342 Κύριε
1305 5281 1339 5330 ὁ
1359 5278 1502 5343 Θεὸς
1521 5279 1630 5345 τῆς
1653 5294 1834 5347 σωτη-

271 5361 407 5427 ρίας
427 5379 568 5428 μου.
602 5365 727 5418 Ὀτι
754 5365 1028 5432 ἐπλήσθη
1055 5365 1254 5418 κακῶν
1282 5367 1320 5430 ἡ
1357 5369 1528 5436 ψυχή
1548 5387 1695 5436 μου,
1737 5373 1833 5424 καὶ

279 5449 314 5515 ἡ
345 5449 455 5517 ζωή
482 5467 599 5519 μου
635 5452 715 5517 τῷ
745 5455 858 5522 ἅδῃ
891 5454 1132 5524 ἤγγισεν
1166 5459 1646 5526 electrum-10W
1681 5466 1833 5528 μετὰ

278 5541 394 5596 τῶν
422 5542 891 5598 καταϐαινόντων
919 5547 1005 5609 εις
1027 5544 1276 5598 λάκκον.
1306 5546 1493 5611 Σαφῶς
1513 5548 1602 5599 διὰ
1630 5550 1830 5604 τούτων

274 5631 374 5704 τὴν
416 5633 494 5694 εἰς
526 5631 615 5684 τὸν
656 5631 788 5700 ᾅδην
821 5634 1040 5690 κάθοδον
1072 5636 1234 5690 αὑτοῦ
1274 5619 1601 5707 παρίστησι,
1640 5641 1733 5693 καὶ
1764 5643 1832 5695 τὰ

275 5722 422 5775 κακά
464 5715 538 5774 ὧν
583 5720 966 5791 πεπληρῶσθαι
1013 5715 1449 5795 ἑαυτοῦἰφασκε
1495 5728 1589 5798 τὴν
1635 5730 1830 5803 ψυχήν,

350 5871 396 5902 ⁸⁸
436 5871 497 5923 ΙΙΙ
535 5872 660 5942 llcg.
701 5889 768 5936 Iv,
806 5872 890 5926 3|.
968 5873 1034 5906 “'
1072 5875 1193 5931 Psal
1251 5893 1366 5931 ut.
1406 5875 1439 5926 9.-

1943 4663 2042 4717 pro
2069 4651 2324 4706 omnibus
2353 4652 2603 4721 gentibus
2634 4652 2751 4721 ipse
2790 4665 2854 4706 se
2877 4649 3023 4704 Patri
3059 4650 3114 4702 in
3162 4646 3490 4703 sacrificium

1918 4739 2220 4815 oblaturus
2250 4751 2415 4815 esset.
2454 4740 2589 4796 Cum
2625 4751 2800 4796 autem
2857 4740 3022 4792 multa
3062 4736 3128 4791 de
3173 4744 3346 4790 morte
3391 4749 3490 4790 sua

1940 4829 2194 4902 deinceps
2221 4831 2563 4894 narraturus,
2608 4831 2942 4900 prospiceret
2975 4844 3090 4882 eam
3124 4843 3244 4897 qua:
3283 4843 3341 4883 se
3367 4833 3490 4896 post

1938 4935 2165 4978 mortem
2192 4935 2485 4992 exceptura
2507 4927 2624 4985 erat
2657 4921 2911 4978 salutem.
2942 4918 3152 4972 initium
3181 4916 3488 4987 psalmi-ss-

1939 5018 2035 5071 luti
2083 5029 2194 5072 suae
2253 5019 2612 5080 congruenter
2662 5009 2896 5077 applicat
2949 5023 3072 5060 cum
3125 5008 3200 5060 ait
3231 5025 3242 5058 :
3273 5004 3488 5058 Domine

1939 5110 2076 5164 Deus
2125 5105 2316 5160 salutis
2357 5119 2502 5157 meat.
2536 5132 2603 5142 —-
2625 5100 2789 5156 Vsus.
2819 5101 2872 5164 4,
2909 5101 2960 5153 5.
2999 5100 3137 5163 Quia
3181 5098 3378 5164 repleta
3409 5104 3484 5147 est

1938 5201 2092 5254 malis
2118 5197 2297 5250 anima
2332 5211 2465 5258 mea,
2503 5206 2552 5250 et
2583 5196 2688 5250 vita
2728 5210 2842 5247 mea
2870 5193 3072 5260 inferno
3100 5187 3484 5256 appropinqua-

1937 5293 2041 5351 vit,
2085 5288 2374 5342 estimates
2431 5302 2547 5357 sum
2593 5301 2708 5337 cum
2755 5279 3175 5337 descendentibus
3203 5277 3256 5327 in
3289 5274 3478 5326 locum;

1939 5380 2030 5433 His
2051 5377 2376 5435 descensum
2395 5376 2460 5430 ad
2490 5375 2694 5430 inferos
2719 5385 2878 5427 suum
2904 5368 3188 5422 manifeste
3217 5364 3479 5424 declarat,

1933 5483 2144 5526 necnon
2166 5470 2305 5522 mala
2337 5469 2425 5522 illa
2441 5467 2596 5536 queis
2614 5465 2859 5519 afflictam
2886 5461 3119 5513 animam
3142 5471 3294 5512 suam
3316 5453 3481 5507 fuisse

1936 5557 2271 5619 testificatur.
2349 5557 2485 5610 Mala
2538 5569 2705 5615 vero,
2787 5548 3122 5604 calamitates
3184 5540 3415 5612 appellat
3459 5559 3473 5593 :

1938 5663 2060 5702 nam
2112 5647 2237 5699 mali
2289 5645 2689 5701 nomenlatius
2749 5637 3103 5706 intelligitur;
3156 5634 3268 5686 sive
3313 5629 3477 5683 etiam

1901 5723 1911 5733 ’
1939 5737 2023 5792 bis
2053 5736 2251 5793 indicat
2277 5719 2552 5792 hominum
2587 5732 2866 5792 malitiam,
2904 5742 3007 5798 qua
3044 5723 3294 5794 repletam
3341 5717 3493 5779 dixit
