4406 6420
903 479 1040 536 1055
1145 529 1162 540 ,.

1589 473 1852 532 EUSEBII
1887 473 2354 531 CAESARIENSIS
2390 473 2536 529 OPP.
2577 470 2750 528 PARS
2787 469 2876 526 ΙΙΙ.
2913 503 2978 512 -
3027 469 3428 526 EXECE’I‘ICA.

3887 466 4038 523 1058

898 585 1132 652 animum
1147 611 1335 657 suam;
1368 595 1475 649 imo
1494 594 1652 649 etiam
1675 602 1898 664 peccata
1912 603 2117 650 nostra.
2140 608 2258 662 qua:
2278 593 2332 645 in
2362 607 2418 646 se
2446 602 2490 657 Α
2517 594 2638 646 Κακ

2299 608 2332 645 n
2362 607 2418 646 se
2446 602 2490 657 Α
2517 593 2672 646 Κακὰ
2702 593 2755 646 δὲ
2779 594 2894 662 ἦτοι
2940 592 3034 654 τὰς
3073 589 3409 660 περιστάσεις
3441 585 3717 655 ὀνομάζει,
3743 585 4036 654 κοινότερον

899 687 1012 755 ipse
1034 687 1288 754 suscepit,
1316 700 1379 739 ac
1408 701 1636 754 quorum
1663 701 1827 740 causa
1857 684 2030 739 factus
2061 692 2144 738 est
2185 698 2280 752 pro
2317 697 2418 735 ηοσ-
2517 682 2639 748 ἔξακ

2317 697 2418 735 [ιο-
2517 682 2890 752 ἔξακουομένου
2915 679 3005 734 τοῦ
3028 679 3134 734 τῶν
3153 678 3333 732 κακῶν
3349 677 3621 746 ὀνόματος,
3647 676 3680 746 ἡ
3705 676 3797 727 καὶ
3815 674 3910 744 τὴν
3929 673 4036 726 τῶν

895 773 979 828 bis
1021 774 1380 836 maledictum,
1420 775 1713 828 secundum
1759 773 2067 836 Apostolum
2108 774 2413 828 dicentem:

893 856 1143 912 Dominus
1179 875 1272 927 pro
1320 862 1464 913 nobis
1505 869 1738 914 mortuus
1776 869 1871 924 est,
1920 861 2089 929 factus
2128 875 2222 926 pro
2272 859 2414 913 nobis

894 950 1245 1012 maledictum,
1291 953 1414 1020 quia
1453 954 1699 1020 scriptum
1746 963 1869 1008 est:
1899 953 2207 1008 Haledictus
2249 953 2413 1008 omnis

891 1040 977 1106 qui
1004 1039 1184 1106 pendet
1209 1041 1262 1091 in
1292 1040 1429 1107 ligno
1449 1041 1513 1094 δ’.
1545 1042 1720 1107 Quare
1742 1083 1756 1105 ,
1791 1052 1848 1096 ut
1885 1043 1938 1096 in
1983 1044 2186 1112 psalmo
2224 1041 2410 1104 fertur,

890 1115 1093 1194 repleta
1129 1133 1212 1180 est
1254 1127 1406 1182 malis
1447 1129 1622 1182 anima
1668 1130 1807 1198 ejus,
1837 1137 1892 1185 et
1916 1135 2023 1184 vita
2059 1131 2175 1200 ejus
2204 1130 2412 1184 inferno

888 1215 1356 1284 appropinquavit,
1413 1216 1555 1285 quod
1602 1219 1777 1286 ipsum
1829 1205 2147 1274 descensum
2193 1220 2308 1286 ejus
2358 1220 2412 1273 in

889 1309 1116 1356 mortem
1145 1304 1286 1359 clare
1314 1303 1595 1372 signiﬁcat.
1631 1305 1753 1360 Ideo
1786 1305 1971 1374 Aquila
2006 1306 2084 1361 sic
2110 1305 2274 1360 edidit
2303 1325 2316 1360 :
2347 1307 2411 1359 Et

888 1391 994 1443 vita
1025 1408 1134 1444 mea
1153 1393 1205 1445 in
1233 1393 1488 1460 infernum
1503 1393 1744 1456 elevavit;
1769 1393 2118 1463 Symmachus
2150 1410 2275 1448 vero
2299 1411 2310 1446 :
2338 1395 2406 1447 Et

889 1479 994 1533 vita
1028 1498 1142 1535 mea
1202 1483 1459 1544 infernum
1498 1485 1688 1552 attigit.
1725 1482 1791 1536 Ut
1832 1491 2006 1538 autem
2045 1484 2168 1538 alibi
2210 1484 2409 1538 dictum

887 1578 972 1628 est
1008 1587 1023 1622 :
1065 1571 1198 1625 Cum
1238 1574 1425 1642 iniquis
1460 1584 1721 1642 reputatus
1757 1584 1871 1638 est;
1915 1575 1996 1628 sic
2028 1583 2081 1628 et
2116 1575 2216 1628 hoc
2247 1575 2362 1629 loco
2391 1593 2403 1628 :

891 1657 1202 1712 JEstimatus
1233 1677 1364 1725 sum,
1405 1662 1594 1730 inquit,
1632 1677 1746 1714 cum
1775 1660 2187 1715 descendentibus
2229 1663 2282 1714 in
2330 1663 2408 1713 la-

887 1763 1021 1801 cum.
1059 1747 1162 1803 Pro
1204 1766 1311 1820 quo
1359 1750 1709 1820 Symmachus
1740 1751 1904 1805 edidit
1937 1770 1951 1806 :
1985 1750 2268 1819 Reputatus
2295 1767 2408 1803 sum

2512 770 2805 844 ἀνθρώπιον
2836 770 3047 832 κακίαν,
3073 765 3138 840 ἦς
3160 767 3535 837 πεπληρῶσθαι
3560 765 3654 836 τὴν
3679 763 3850 834 ψυχὴν
3875 760 4039 818 αὑτοῦ

2513 861 2718 930 ἔλεγεν·
2744 859 2878 914 ἀλλὰ
2896 861 2987 913 καὶ
3013 859 3109 922 τὰς
3137 857 3401 928 ἁμαρτίας
3428 857 3522 919 τὰς
3543 853 3839 925 ἡμετέρας,
3872 853 3935 914 ας
3956 852 4038 913 είς

2512 949 2693 1002 ἑαυτὸν
2712 948 2958 1018 ἀνείληφε
2971 989 2985 1012 ,
3001 947 3065 1000 δι’
3080 946 3144 1009 ἃς
3162 948 3255 999 καὶ
3271 945 3486 1014 γέγονεν
3506 944 3644 1013 ὑπὲρ
3659 944 3692 1012 ἡ
3702 941 3812 1010 μῶν
3828 940 4036 1008 κατάρα

2511 1039 2649 1093 κατὰ
2687 1039 2769 1091 τὸν
2829 1039 3136 1092 ’Δπόστολον
3159 1078 3174 1101 ,
3199 1038 3258 1101 ὃς
3286 1038 3384 1106 ἔφη
3405 1054 3418 1069 ·
3450 1037 3659 1101 Κύριος
3683 1032 3834 1098 ὑπὲρ
3866 1029 4035 1099 ἡμῶν

2510 1127 2780 1192 ἀπέθανε,
2804 1127 3111 1196 γενόμενος
3125 1125 3268 1193 ὑπὲρ
3281 1125 3444 1194 ἡμῶν
3464 1122 3680 1190 κατάρα
3697 1139 3710 1153 ·
3737 1120 3823 1172 ὅτι
3843 1118 4039 1188 rem

2510 1232 2645 1270 πται
2660 1233 2673 1247 ·
2708 1216 3148 1283 Ἐπικατάρατος
3166 1213 3280 1280 πᾶς
3299 1218 3330 1268 ό
3344 1212 3696 1282 κρεμάμενος
3713 1210 3808 1264 ἐπὶ
3825 1209 4031 1273 ξύλου.

2510 1305 2596 1358 Διὸ
2611 1307 2699 1358 καὶ
2713 1306 2848 1360 κατὰ
2863 1305 2950 1357 τὸν
2964 1305 3192 1374 ψαλμὸν,
3206 1304 3440 1374 mqu
3459 1302 3637 1356 κακῶν
3652 1301 3836 1372 ἡψυχὴ
3848 1299 4033 1364 αὑτοῦ,

2509 1395 2598 1448 καὶ
2618 1397 2650 1465 ή
2673 1395 2782 1464 ζωὴ
2800 1394 2957 1447 αὑτοῦ
2973 1393 3046 1463 τῷ
3072 1393 3171 1465 ᾄδῃ
3193 1394 3430 1463 ἠγγισεν·
3461 1393 3488 1444 ὂ
3518 1392 3579 1461 δὴ
3603 1392 3696 1444 καὶ⁵
3709 1389 3836 1443 αὐτὸ
3851 1387 4036 1458 σαφῶς

2505 1483 2600 1552 τὴν
2623 1487 2699 1546 είς
2717 1485 2805 1536 τὸν
2829 1484 3049 1537 θάνατον
3070 1482 3286 1535 κάθοδον
3304 1481 3461 1534 αὑτοῦ
3483 1482 3642 1550 δηλοῖ.
3673 1481 3868 1549 Διόπερ
3889 1482 3917 1531 6
3936 1479 4034 1548 μὲν

2519 1572 2740 1633 Ἀκύλας
2777 1571 3031 1637 ἐξέδωκεν
3063 1568 3224 1623 εἰπὼν
3243 1609 3258 1633 ,
3284 1570 3390 1624 Καὶ
3425 1570 3461 1635 ἠ
3491 1569 3597 1634 ζωή
3631 1587 3746 1637 μου
3775 1571 3861 1633 εις
3884 1567 4036 1634 ᾅδην

2507 1659 2902 1724 κατήντηκεν·
2931 1661 2959 1712 6
2983 1659 3038 1711 δὲ
3067 1657 3374 1728 Σύμμαχος,
3403 1658 3508 1712 Kal
3536 1659 3573 1723 ή
3611 1656 3718 1724 ζωή
3760 1674 3877 1726 μου
3918 1654 4033 1723 ᾄδῃ

2506 1749 2718 1815 ἥψατο.
2739 1750 2940 1818 Ὥσπερ
2965 1749 3020 1801 δὲ
3046 1750 3252 1819 εἴρηται
3277 1746 3502 1817 ἀλλαχοῦ
3527 1748 3604 1812 τὸ,
3630 1749 3785 1802 Μετὰ
3802 1748 4036 1817 ἀνόμων

888 1854 1002 1891 cum
1033 1839 1262 1894 deductis
1300 1843 1354 1893 in
1382 1841 1573 1894 locum.
1609 1838 1882 1908 Siquidem
1931 1855 2113 1893 omnes
2164 1839 2406 1891 homines
2503 1837 2628 1904 ἐλοτ

2295 1839 2406 1890 ines
2503 1837 2806 1904 ἐλογίσθηο
2841 1837 2992 1890 Οὕτω
3022 1839 3113 1891 καὶ
3133 1838 3376 1904 ἐνταῦθα,
3397 1840 3894 1906 Προσελοτίσθην,
3933 1855 4035 1909 φη-

889 1926 942 1981 in
973 1929 1144 1983 locum
1173 1930 1381 1993 mortis,
1411 1931 1501 1998 qui
1530 1930 1641 1998 jam
1677 1928 1816 1980 iacui
1847 1935 2208 1994 comparatur,
2231 1925 2406 1979 detra-
2436 1910 2477 1963 Β
2506 1926 2590 1998 οὶ,

2292 1933 2406 1977 :tra-
2436 1910 2477 1963 Β
2506 1926 2590 1998 οὶ,
2632 1926 2777 1994 μετὰ
2804 1927 2921 1980 τῶν
2942 1930 3404 1982 καταϐαινόντων
3427 1932 3513 1994 είς
3537 1928 3762 1983 λάκκον
3783 1946 3796 1960 ·
3832 1928 3945 1983 ἀνθ’
3971 1922 4032 1984 οὗ

777 2069 787 2078 ,
884 2016 1086 2070 huntur
1110 2025 1164 2071 et
1190 2017 1528 2072 deducuntur
1559 2035 1572 2071 :
1606 2017 1780 2084 itaque
1810 2016 1932 2068 illnc
1958 2023 2170 2083 propter
2191 2021 2406 2083 peccata

881 2119 1003 2168 sua,
1035 2107 1134 2160 ista
1160 2107 1374 2175 regione
1405 2105 1546 2175 digni
1571 2106 1810 2174 judicati,
1835 2105 2183 2158 descendunt.
2221 2103 2284 2156 Et
2310 2118 2406 2172 ego

885 2207 1097 2261 quoque
1122 2193 1174 2245 in
1205 2208 1387 2246 eorum
1414 2208 1635 2247 numero
1654 2201 1988 2262 computalus
2014 2208 2150 2253 sum,
2176 2192 2275 2246 etsi
2303 2207 2406 2245 non

881 2281 937 2336 id
972 2283 1307 2351 promeritus.
1361 2282 1454 2336 sed
1496 2282 1638 2336 Patri
1681 2283 1979 2350 obsequens
2015 2280 2204 2334 fuerim
2235 2295 2406 2348 usque

882 2369 951 2425 ad
982 2380 1223 2427 mortem.
1252 2373 1349 2428 Hic
1376 2375 1552 2442 itaque
1579 2375 1683 2426 vita
1705 2389 1836 2434 mea,
1868 2372 2060 2439 inquit,
2091 2371 2289 2438 inferno
2315 2385 2406 2436 ap-

877 2448 1254 2531 propinquavit,
1282 2469 1356 2528 et,
1375 2462 1689 2516 Estimatus
1707 2477 1820 2514 sum
1848 2476 1963 2512 cum
1987 2459 2404 2513 descendentibus

882 2555 935 2607 in
967 2555 1156 2607 lacum.
1183 2553 1242 2606 ln
1273 2554 1379 2607 alio
1413 2555 1535 2607 item
1565 2552 1767 2621 psalmo
1795 2551 1905 2604 hrec
1933 2550 2047 2618 ipsa
2081 2565 2402 2603 commemo-

881 2658 1027 2705 rans,
1051 2643 1276 2698 reditum
1294 2642 1415 2697 inde
1434 2643 1694 2711 signitiCut
1709 2641 1791 2695 his
1806 2640 2011 2695 verbis:
2033 2639 2265 2701 Domine,
2285 2640 2405 2692 edu-

879 2734 1004 2786 xisti
1019 2733 1080 2786 ab
1098 2733 1295 2801 inferno
1309 2734 1534 2786 animam
1548 2749 1732 2796 meam,
1748 2731 1962 2784 salvasti
1976 2746 2052 2783 me
2064 2746 2096 2781 a
2107 2729 2404 2782 descenden-

881 2821 1015 2874 tibus
1030 2823 1083 2875 in
1101 2823 1269 2877 lacum
1283 2823 1329 2855 ’°
1349 2841 1363 2888 ;
1382 2839 1445 2877 ac
1478 2812 1691 2878 rursum
1721 2823 1844 2876 alibi
1871 2841 1882 2875 :
1905 2820 2220 2888 Exspectans
2234 2835 2408 2886 exspe-

879 2913 1013 2965 ctaui
1030 2912 1326 2974 Dominum,
1343 2922 1389 2967 et
1408 2913 1621 2966 intendit
1637 2913 1763 2965 mihi
1778 2928 1795 2964 :
1809 2923 1858 2966 et
1887 2911 2148 2964 exaudivit
2167 2909 2404 2976 depreca-

882 3001 1072 3053 tionem
1097 3017 1280 3064 meam,
1301 3010 1348 3054 et
1366 3000 1540 3054 eduxit
1557 3018 1634 3054 me
1653 3003 1713 3053 de
1729 3001 1843 3053 lacu
1860 2999 2098 3052 miseriae.
2129 2996 2193 3049 Et
2217 2997 2402 3051 statuit

877 3105 1035 3158 supra
1054 3099 1252 3157 petram
1272 3089 1419 3158 pedes
1437 3107 1572 3143 meos
1596 3091 1664 3155 ⁹¹;
1687 3100 1739 3144 ει
1760 3089 1812 3142 in
1829 3088 2036 3143 decimo
2049 3086 2238 3157 quinto
2262 3087 2403 3155 psal-

877 3193 967 3232 mo
989 3179 1187 3234 dictum
1218 3189 1324 3234 est:
1343 3177 1463 3234 Non
1482 3179 1799 3249 derelinques
1817 3180 2043 3232 animam
2066 3183 2230 3232 meam
2247 3179 2299 3231 iu
2320 3179 2400 3230 in-

2504 1997 2758 2077 ὲξέδωκεν
2785 2015 2813 2066 6
2843 2013 3148 2084 Σύμμαχος,
3193 2017 3539 2085 Ἐλογίσθην
3585 2018 3733 2085 μετὰ
3763 2016 3879 2070 τῶν
3903 2033 4037 2072 κατ-

2503 2101 2800 2170 αγομένων
2827 2108 2912 2168 εις
2935 2104 3177 2158 λάκκον.
3191 2104 3254 2159 Οί
3287 2109 3381 2177 μὲν
3413 2107 3518 2177 γὰρ
3548 2107 3740 2170 πάντες
3764 2107 4034 2174 ἄνθρωποι

2504 2192 2846 2246 καθέλκονται
2884 2197 2973 2247 καὶ
3002 2198 3315 2264 κατάγονται
3340 2200 3418 2262 είς
3448 2200 3508 2251 τὸ
3536 2198 3728 2270 χωρίον
3750 2197 3841 2251 τοῦ
3869 2198 4032 2253 Θανά-

2502 2298 2593 2332 του
2609 2323 2624 2347 ,
2648 2282 2708 2334 τὸ
2733 2282 2825 2336 νῦν
2850 2284 3031 2354 λάκκῳ
3054 2288 3541 2358 παραϐαλλόμενον·
3570 2290 3662 2342 καὶ
3686 2290 4034 2343 καταδαίνου-

2505 2387 2587 2424 σιν
2616 2374 2728 2424 ἐκεῖ
2748 2373 2834 2424 διὰ
2864 2374 2960 2436 τὰς
2989 2377 3190 2429 ἑαυτῶν
3212 2379 3500 2448 ἁμαρτίας,
3525 2379 3621 2448 τῆς
3643 2379 3825 2432 αὐτόθι
3854 2378 4033 2450 χώρας

2503 2462 2636 2526 ἄξιοι
2665 2459 2798 2516 εἶναι
2827 2464 3114 2534 κριθέντες.
3151 2466 3317 2534 Κάγὼ
3341 2467 3395 2519 δὲ
3422 2470 3478 2520 ὲν
3504 2468 3707 2530 τούτοις
3733 2466 4028 2539 ὲλογίσθην,

2501 2552 2596 2604 οὐκ
2626 2552 2699 2604 ὢν
2729 2553 2872 2616 άξιος
2893 2592 2908 2614 ,
2932 2553 3042 2606 ἀλλ’
3081 2553 3314 2626 ὑπήκοος
3342 2556 3620 2625 γενόμενος
3643 2556 3718 2627 τῷ
3742 2558 3912 2628 Πατρὶ
3938 2557 4030 2627 μά-

2502 2658 2589 2710 χρι
2616 2641 2860 2694 θανάτου.
2905 2642 3114 2697 Ἐνθάδε
3145 2645 3239 2713 μὲν
3261 2639 3350 2698 οὖν
3387 2647 3424 2711 ἠ
3459 2644 3566 2712 ζωή
3592 2661 3729 2714 μου,
3769 2645 3920 2716 φησὶ,
3951 2644 4032 2710 τῷ

2501 2731 2612 2797 ᾄδῃ
2641 2730 2868 2800 ἤγγικεο
2898 2732 3010 2796 καὶ,
3043 2735 3541 2802 Πρυσελοτίσθην,
3575 2736 3723 2805 φησὶ,
3743 2738 3892 2803 μετὰ
3917 2732 4030 2788 τῶν

2502 2821 2966 2874 καταϐαινόντων
2997 2824 3083 2887 εἱς
3112 2822 3368 2876 λάκκον·
3401 2826 3473 2877 ὲν·
3499 2826 3665 2894 ἑτέρῳ
3709 2824 3767 2877 δὲ
3811 2823 4027 2894 ψαλμῷ.

2501 2908 2696 2960 τούτων
2714 2909 2886 2962 αὐτῶν
2905 2911 3264 2979 μνημονεύων,
3290 2913 3384 2981 τὴν
3411 2913 3614 2966 ἐκεῖθεν
3636 2912 3814 2965 ἄνοδον
3842 2911 4028 2982 σημαί-

2500 3012 2580 3050 νει
2605 2997 2822 3066 φάσκων
2840 3015 2852 3029 ·
2875 3000 3064 3066 Κύριε,
3089 3001 3378 3069 ἀνήγαγες
3407 3002 3475 3066 ἐξ
3510 3003 3654 3068 ᾷδου
3681 3000 3793 3069 τὴν
3822 3001 4030 3070 ψυχήν

2493 3105 2630 3156 μου,
2659 3087 2892 3153 ἐσωσάς
2915 3106 2990 3157 με
3011 3091 3126 3143 ἀπὸ
3151 3092 3264 3143 τῶν
3285 3094 3750 3146 καταϐαινόντων
3780 3094 3864 3157 είς
3894 3092 4029 3146 λάκ-

2501 3181 2609 3230 κον
2627 3194 2641 3209 ·
2687 3178 2793 3230 Καὶ
2837 3178 2995 3231 πάλιν
3043 3178 3270 3248 ἀλλαχοῦ
3294 3196 3307 3209 ο
3372 3180 3707 3249 ’Υπομένων
3748 3181 4028 3250 ὑπέμεινα

876 3267 1045 3337 ferito,
1061 3285 1149 3321 nec
1164 3268 1310 3323 dabis
1322 3280 1552 3322 sanctum
1569 3281 1711 3322 tuum
1729 3269 1893 3322 uidere
1916 3269 2392 3336 corruptionem”.
2420 3261 2462 3318 C
2494 3268 2616 3320 τὸν⁴

2287 3269 2392 3320 ﬂ“.
2420 3261 2462 3318 C
2494 3268 2598 3320 τὸν
2613 3269 2844 3334 Κύριον,
2871 3269 2967 3320 καί
2991 3269 3287 3339 προσέσχε
3307 3289 3403 3338 μοι
3424 3286 3440 3303 ⁶
3463 3271 3560 3326 καί
3583 3268 3902 3338 είσήκουσε
3921 3271 4027 3340 τῆς

874 3359 1132 3430 deﬂeuit;-
1155 3380 1270 3432 μου
1291 3402 1306 3428 ,
1336 3363 1431 3416 καί
1466 3364 1724 3433 ἀνήγαγε
1748 3381 1823 3433 με
1853 3365 1921 3417 ἐκ
1950 3364 2173 3439 λάκκου
2207 3364 2610 3428 ταλαιπωρίας.
2641 3361 2745 3415 Καὶ
2772 3361 2991 3429 ἔστησε
3011 3363 3107 3416 ἐπί
3162 3363 3379 3431 πέτραν
3434 3366 3572 3430 τοὺς
3633 3363 3820 3430 πόδας
3876 3381 4024 3435 μου·

877 3455 969 3514 καὶ
999 3458 1054 3508 ὲν
1092 3455 1168 3526 τῷ
1202 3464 1270 3508 ιε’
1306 3456 1501 3527 ψαλμῷ
1540 3457 1780 3527 εἴρηται·
1815 3459 1934 3510 Οὐκ
1965 3457 2402 3525 ἐγκαταλείψεις
2438 3455 2548 3522 τὴν
2578 3455 2784 3523 ψυχήν
2805 3472 2922 3522 μου
2961 3457 3045 3520 είς
3109 3454 3214 3509 τὸν
3275 3456 3455 3526 ᾅδην,
3500 3455 3638 3511 οὐδὲ
3678 3455 3886 3522 δώσεις
3924 3455 4030 3510 τὸν

877 3547 1046 3602 ὅσιόν
1070 3564 1184 3602 σου
1215 3549 1358 3603 ιλρῖν
1387 3549 1725 3618 διαφθοράν.

946 3666 1110 3723 Vens.
1141 3669 1192 3722 6.
1220 3666 1413 3721 Factus
1436 3669 1710 3722 sum'sicut
1741 3668 1803 3721 Ito
1827 3683 1889 3720 no
1912 3667 2020 3721 sine
2041 3667 2299 3735 adjutorio
2321 3667 2402 3718 itt-

2573 3661 2882 3730 Ἐτενήθην
2900 3659 3038 3715 ὡσεί
3055 3659 3355 3730 ἄνθρωπος
3376 3660 3699 3728 ἀϐοήθητος
3715 3661 3783 3715 ἐν
3805 3661 4030 3730 νεκροῖς

882 3767 960 3811 ter
987 3763 1215 3808 mortuos
1239 3755 1365 3809 liber
1396 3770 1414 3807 :
1442 3757 1573 3809 sicut
1615 3757 1867 3810 vulnerati
1895 3756 2198 3811 dormientes
2241 3759 2293 3810 iu
2322 3773 2402 3810 se-
2492 3752 2622 3805 ἐλεύ

2283 3775 2293 3809 ι
2322 3773 2402 3810 se-
2492 3752 2812 3819 ὲλεύθερος’
2833 3751 2972 3805 ὡσεί
2995 3753 3330 3820 τραυματίαι
3350 3751 3730 3816 καθεύδοντες
3753 3753 3822 3805 ἐν
3845 3751 4023 3820 τάφῳ,

884 3839 1085 3910 pulcro,
1115 3861 1330 3914 quorum
1362 3861 1460 3899 non
1500 3855 1574 3898 est
1613 3863 1803 3900 memor
1832 3848 2070 3914 amplius,
2113 3857 2160 3901 et
2206 3849 2305 3915 ipsi
2342 3848 2404 3902 de
2493 3831 2579 3890 ὧν
2602 3855 2624 3890 ε

2288 3849 2305 3899 ε
2342 3848 2404 3902 de
2493 3831 2579 3890 ὧν
2602 3840 2710 3890 οὐκ
2733 3837 3029 3905 ἐμνήσθης
3053 3837 3158 3898 ἔτι,
3184 3839 3278 3890 καί
3304 3839 3468 3892 αὐτοί
3489 3839 3557 3891 ἐκ
3573 3839 3682 3904 τῆς
3705 3843 3890 3907 χειρός
3913 3855 4027 3894 σου

879 3948 1036 3988 manu
1070 3941 1160 3986 tua
1187 3932 1378 4000 repulsi
1417 3943 1557 3987 sunt.
1593 3933 1692 3998 Qui
1727 3950 1848 3989 vere
1872 3937 1985 3989 sine
2013 3935 2279 4002 adjutorio
2304 3930 2404 3989 sub

878 4021 1064 4075 mortis
1093 4021 1314 4089 imperio
1346 4020 1560 4090 degunt.
1585 4022 1653 4074 ab
1682 4023 1796 4090 ipsa
1823 4022 2134 4076 deferuntur
2158 4028 2210 4076 et
2241 4020 2402 4074 abdu-

878 4117 1092 4163 cuntur;
1133 4107 1288 4162 Solus
1329 4115 1502 4162 autem
1547 4107 1796 4164 Senator
1827 4118 1881 4163 et
1928 4109 2182 4164 Dominus
2220 4118 2399 4164 noster

877 4200 1112 4268 seipsum
1139 4197 1429 4250 exinanivit
1448 4204 1504 4251 et
1526 4198 1825 4253 humiliavit
1850 4215 2019 4268 usque
2043 4199 2108 4252 ad
2133 4210 2356 4254 mortem
2381 4218 2394 4252 :

877 4297 930 4343 et
968 4288 1108 4342 sicut
1136 4286 1307 4342 factus
1338 4294 1421 4340 est
1458 4287 1511 4340 in
1544 4287 1941 4343 similitudinem
1971 4290 2150 4344 carnis
2176 4290 2398 4359 peccati,

879 4381 953 4432 ita
982 4378 1155 4431 factus
1177 4383 1258 4432 est
1283 4377 1422 4430 sicut
1449 4392 1588 4432 unus
1612 4391 1677 4431 ex
1708 4378 2008 4433 hominibus
2044 4380 2160 4434 sine
2189 4380 2400 4448 adjuto-

879 4468 976 4520 rio.
1006 4467 1070 4519 At
1091 4467 1213 4534 quia
1247 4482 1353 4520 non
1385 4481 1502 4520 vere
1540 4475 1592 4521 et
1632 4467 1807 4536 reipsa
1843 4470 1894 4520 in
1937 4469 2275 4523 multitudine
2307 4469 2395 4521 illa

878 4557 1279 4620 numerabatur,-
1323 4556 1468 4609 solus
1497 4555 1634 4608 inter
1688 4563 1928 4610 mortuos
1961 4557 2091 4609 liber
2135 4565 2268 4619 erat,
2300 4571 2396 4611 nec

879 4643 980 4697 sub
1021 4646 1208 4698 mortis
1260 4644 1515 4697 servitute
1574 4644 1852 4697 remansit.
1905 4643 2009 4696 Pro
2047 4645 2139 4696 illo
2177 4652 2391 4698 autem:

881 4731 1025 4788 Inter
1046 4742 1272 4787 mortuos
1305 4736 1451 4799 liber,
1473 4732 1684 4802 Aquila,
1719 4734 1780 4789 In
1801 4737 2014 4788 mortuis
2039 4734 2182 4798 liber,
2201 4733 2393 4799 edidit;

881 4821 1232 4891 Symmu'altus
1280 4837 1440 4888 vero,
1501 4823 1645 4876 Inter
1683 4833 1911 4877 mortuos
1955 4809 2200 4876 dimissus
2245 4822 2392 4876 liber.

879 4909 1001 4963 llaec
1038 4923 1198 4978 porro
1224 4924 1343 4962 cum
1371 4910 1714 4965 distinctione
1753 4912 1928 4980 legas;
1973 4913 2045 4965 ita
2075 4919 2132 4964 ut
2161 4911 2342 4966 isthmc
2377 4929 2391 4964 :

882 4997 1075 5052 Factus
1102 5014 1216 5051 sum
1245 5000 1375 5052 sicut
1398 4999 1546 5054 homo
1568 5002 1674 5054 sine
1701 4998 1956 5068 adjutario
1986 5002 2118 5054 inter
2144 5010 2393 5064 mortuos,

881 5085 1157 5154 scjungas;
1191 5084 1380 5139 deinde
1405 5099 1533 5138 vero
1565 5086 1741 5139 addita
1769 5091 1887 5153 post
1922 5085 2071 5148 illud,
2103 5086 2235 5138 inter
2256 5099 2395 5136 mor-

883 5183 1017 5235 tuos,
1041 5173 1486 5242 interpunctione,
1512 5173 1664 5241 quasi
1710 5172 1948 5242 negative
1985 5173 2206 5241 atljicias
2246 5173 2396 5234 illud,

883 5261 1040 5315 liber:
1068 5269 1127 5313 ut
1170 5263 1279 5315 haec
1326 5261 1396 5340 sit
1426 5261 1552 5315 dicti
1588 5263 1849 5314 sententia
1885 5281 1897 5314 :
1940 5259 2048 5329 Ego
2067 5251 2400 5329 quiliher‘et

881 5349 1027 5402 solus
1053 5363 1174 5401 vere
1201 5349 1433 5401 omnium
1466 5347 1721 5402 Dominus
1751 5343 1891 5410 sum,
1921 5347 2090 5401 factus
2117 5363 2234 5401 sum
2260 5348 2398 5403 sicut

885 5435 1042 5494 homo
1065 5435 1182 5488 sine
1206 5436 1466 5501 adiutorio
1507 5437 1646 5488 inter
1672 5443 1911 5490 mortuos
1935 5453 1950 5500 ;
1993 5451 2098 5489 non
2126 5453 2248 5491 vere
2278 5437 2397 5505 qui-

883 5523 1003 5578 dem
1033 5525 1148 5578 sine
1181 5524 1465 5590 adiutorio,
1487 5525 1578 5578 sed
1609 5523 1762 5592 quasi
1797 5524 1913 5578 sine
1955 5525 2237 5594 adjutorio.
2275 5525 2397 5578 llzeo

884 5619 1057 5666 autem
1091 5613 1241 5667 dicta
1270 5611 1358 5665 alii
1400 5612 1596 5666 nemini
1635 5621 1934 5681 competere
1963 5629 2134 5682 posse,
2160 5630 2318 5684 quam
2349 5614 2398 5668 ei

2496 3925 2906 3992 ἁπεώσθησαν.
2929 3928 2991 3978 Ol
3019 3926 3226 3995 άληθῶς
3252 3927 3536 3995 ἀϐοήθητοι
3562 3929 3663 3980 ὑπὸ
3683 3929 3776 3980 τοῦ
3801 3928 4026 3982 θανάτου

2497 4016 2880 4086 κυριευόμενοι,
2911 4016 3231 4083 κατάγονται
3275 4018 3365 4069 καὶ
3394 4018 3689 4084 ἀπάγονται
3730 4019 3819 4070 ὑπ’
3843 4018 4020 4072 αὐτοῦ.

2498 4105 2669 4166 Μόνος
2700 4106 2755 4157 δὲ
2787 4107 2815 4157 6
2842 4104 3026 4174 Σωτὴρ
3058 4106 3149 4158 καὶ
3173 4104 3370 4174 Κύριος
3394 4105 3549 4173 ἡμῶν
3581 4105 3765 4158 ἑαυτὸν
3797 4106 4028 4160 ὲκὲνωσε

2497 4197 2586 4247 καὶ
2618 4195 2801 4248 ἑαυτὸν
2847 4195 3165 4247 ἐταπείνωσε
3213 4196 3369 4264 μέχρι
3411 4195 3654 4248 θανάτου·
3706 4196 3796 4249 καὶ⁸
3843 4197 4027 4267 ὥσπερ

2496 4283 2707 4350 γέγονεν
2729 4283 2784 4334 ὲν
2802 4281 3096 4351 ὁμοιώματι
3125 4284 3318 4353 σαρκλς
3341 4284 3625 4353 ἁμαρτίας,
3648 4285 3814 4348 οὕτως
3841 4285 4027 4356 ἐγενή-

2499 4371 2566 4440 θη
2597 4372 2670 4432 ὡς
2701 4366 2778 4433 εἷς
2804 4370 2908 4423 τῶν
2949 4370 3257 4442 ἀϐοηθήτων
3287 4372 3594 4442 ἀνθρώπων.
3642 4375 3775 4427 Ἀλλ’
3801 4375 3920 4428 ἐπεὶ
3952 4377 4024 4446 μὴ

2496 4460 2706 4530 άληθῶς
2729 4453 2806 4521 εἷς
2834 4456 2898 4529 ἦν
2923 4459 3028 4512 τῶν
3049 4460 3273 4522 πολλῶν,
3302 4462 3454 4529 μόνος
3479 4463 3534 4514 ιν
3557 4465 3762 4532 νεκροῖς
3787 4459 3853 4532 ἦν
3880 4463 4027 4517 ἐλεύ-

2499 4550 2668 4619 Θερος,
2699 4548 2986 4611 άδούλωτος
3029 4548 3104 4616 τῷ
3150 4548 3358 4618 θανάτῳ
3407 4550 3608 4617 μείνας.
3665 4549 3802 4602 ’Δντὶ
3829 4549 3885 4602 δὲ
3909 4550 4024 4614 τοῦ,

2427 4612 2469 4665 D
2510 4612 2610 4690 ’έν
2643 4635 2868 4702 νεκροῖς
2893 4612 3214 4701 ἐλεύθερος.
3247 4635 3274 4685 6
3301 4612 3540 4697 ’Ᾱκύλας,
3560 4635 3652 4686 Ἑν
3677 4612 4027 4702 τεθνηκόσιν

2496 4725 2817 4792 ἐλεύθερος,
2843 4722 3110 4784 ἐξέδωκεν·
3128 4724 3155 4773 ὁ
3181 4722 3236 4775 δὲ
3267 4722 3568 4798 Σύμμαχος,
3585 4723 3783 4787 Ἐντὸς
3808 4723 4027 4791 νεκρῶν

2497 4815 2664 4883 ἀφεὶς
2701 4815 3023 4879 ἐλεύθερος.
3087 4812 3388 4884 Ἀναγνώσῃ
3433 4814 3486 4865 δὲ
3525 4813 3618 4865 καὶ
3651 4812 3784 4883 μετὰ
3813 4813 4024 4866 ὑποδια-

2499 4902 2704 4971 στολῆς,
2739 4901 2878 4963 ιδίως
2914 4902 3006 4969 μὲν
3037 4901 3291 4971 ἀφορίσας
3316 4902 3395 4963 τὸ,
3413 4901 3736 4967 Ἑγενήθην
3759 4901 3897 4953 ὡσεί
3926 4903 4028 4954 dr-

2497 4995 2719 5058 Opwwc
2752 4991 3074 5058 ἀϐοήθητος
3107 4992 3176 5044 ἐν
3199 4991 3442 5058 νεκροῖς·
3475 4985 3589 5042 εῐτα
3628 4991 3912 5054 ὐποστίξας
3949 4994 4027 5054 εἰς

2495 5081 2573 5144 τὸ,
2605 5081 2673 5134 ἐν
2697 5079 2944 5147 νεκροῖς,
2979 5079 3323 5148 ὰποφατικῶς
3349 5078 3562 5143 ἐπάξεις
3590 5079 3667 5141 τὸ,
3695 5080 4023 5148 emaepu-

2499 5170 2593 5237 τῆς
2618 5171 2847 5231 διανοίας
2875 5169 3030 5224 τοῦτο
3072 5169 3350 5240 δηλούσης,
3379 5168 3459 5221 ὅτι
3502 5166 3638 5234 Ἐγὼ
3673 5170 3702 5221 6
3753 5168 4026 5243 ιλεύθερος

2496 5259 2590 5311 ’καὶ
2618 5260 2772 5328 μόνος
2791 5259 3004 5328 άληθῶς
3041 5259 3288 5313 ἁπάντων
3330 5255 3523 5326 Κύριος
3559 5259 3751 5325 γέγονα
3781 5259 3910 5311 ὡσεὶ
3938 5261 4027 5310 άν-

2499 5347 2705 5416 θρωπος
2731 5346 3024 5416 ἀϐοήθητος
3049 5348 3106 5399 ὲν
3126 5347 3349 5415 νεκροίςο
3375 5345 3483 5399 ἀλλ’
3511 5346 3611 5399 οὐκ
3636 5345 3846 5415 άληθῶς
3866 5346 4026 5413 ἀϐοή-

2499 5429 2673 5506 θητος,
2701 5436 2812 5490 ἀλλ’
2841 5436 2916 5498 ὡς
2942 5434 3250 5504 άσοήθητος.
3290 5433 3468 5488 Ταῦτα
3496 5435 3552 5488 δὲ
3578 5437 3658 5487 ὅτι
3703 5435 3885 5505 μηδενὶ
3913 5432 4025 5484 ἑτέ-

2501 5542 2578 5594 ρῳ
2603 5525 2774 5592 λέγειν
2795 5521 3019 5594 ἁρμόζει
3050 5523 3082 5591 ἢ
3113 5523 3189 5592 τῷ
3228 5523 3482 5594 ἁψαμένῳ
3532 5525 3627 5593 μὲν
3658 5523 3749 5576 τοῦ
3777 5524 4023 5582 θανάτου.

2501 5614 2591 5668 καὶ
2631 5615 2708 5677 είς
2753 5607 2879 5683 ᾅδην
2924 5611 3325 5681 καταϐεϐηκότι,
3362 5613 3435 5683 μὴ
3485 5611 3928 5667 καταδουλωθόντι
3967 5608 4022 5665 δι

988 5763 1030 5797 ⁸³
1069 5763 1180 5816 Cal.
1221 5779 1306 5826 ιιι,
1346 5763 1441 5825 l3;
1480 5760 1630 5818 Dcut.
1666 5779 1774 5828 ut,
1808 5765 1894 5820 25.
1971 5767 2012 5801 "
2050 5767 2187 5822 Psal.
2225 5783 2343 5820 uix
2368 5806 2381 5832 ,
2416 5767 2467 5820 ι.
2541 5768 2582 5800 ἰ
2623 5765 2728 5814 ραι

1971 5767 2012 5801 ⁹⁰
2050 5767 2187 5822 Psal.
2225 5783 2343 5820 xm
2368 5806 2381 5832 ,
2416 5767 2467 5820 ι.
2541 5768 2582 5800 ἰ
2623 5765 2740 5814 mal
2800 5779 2980 5829 usis,
3015 5762 3069 5828 Ξ,
3098 5763 3150 5821 3.
3221 5765 3288 5798 ⁹¹⁵
3319 5763 3458 5822 “sal.
3498 5782 3584 5831 xv,
3625 5764 3705 5825 ιο.
