4406 6430
315 511 450 569 1057

1405 510 1901 570 COMMENTARIA
1937 515 2000 570 IN
2038 516 2368 573 PSALMOS.

3333 527 3477 586 1058

313 631 498 703 αὐτῷ,
547 629 705 684 παντί
735 647 812 701 τῳ
857 648 1003 703 οιμαι
1048 631 1271 702 φανερὸν
1311 634 1608 702 τυγχάνειν·
1658 633 1731 697 ὡς
1776 633 1848 704 μὴ
1879 644 1922 700 Α
1949 634 2040 704 qui

1730 653 1731 659 η
1776 633 1848 704 μὴ
1879 644 1922 700 Α
1949 634 2040 704 qui
2071 642 2292 687 mortem
2317 633 2526 702 quidem
2559 633 2756 704 attigit,
2784 642 2838 688 et
2862 633 2928 689 ad
2952 632 3154 691 inferos
3176 637 3470 704 descendit,

306 722 566 777 δύνασθαι
611 725 694 792 ἐφ’
731 724 911 794 ἕτερον
945 723 1218 793 ἄνθρωπον
1243 723 1562 794 ἐφαρμόζειν
1590 724 1656 778 τὰ
1692 727 1748 776 ὲν
1772 724 1849 794 τῷ

310 814 503 884 ψαλμῷ
535 815 796 885 λεγόμενα
825 797 973 885 ἠ’ὲπὶ
1007 815 1163 882 μόνον
1203 815 1292 866 τὸν
1318 815 1577 885 ἡμέτερον
1606 815 1845 886 Σωτῆρα.

310 900 518 975 Ὠσπερ
539 907 596 958 δὲ
635 906 850 973 γέγονεν
876 906 1003 958 ὡσεὶ
1033 905 1310 973 ἄνθρωπος
1345 907 1636 976 ἀόοήθητος
1654 947 1669 971 ,
1713 905 1851 959 οὔτω

308 993 402 1046 καὶ
446 995 587 1047 ὡσεί
632 996 968 1063 τραυματίαι
1017 993 1398 1058 καθεύδοντες
1441 995 1509 1047 ὲν
1546 993 1727 1063 τάφῳ,
1766 992 1851 1048 ὧν

307 1087 419 1138 οὐκ
447 1083 746 1152 ἐμνήσθης
780 1086 884 1137 ἔτι.
909 1083 1004 1136 Διὰ
1029 1084 1085 1135 δὲ
1114 1083 1313 1136 τούτων
1341 1083 1433 1135 καὶ
1461 1085 1493 1153 ἡ
1519 1084 1659 1154 ταφὴ
1688 1081 1849 1137 αὐτοῦ

309 1174 646 1242 σημαίνεται,
693 1171 760 1244 ἦς
802 1176 893 1225 καὶ
942 1176 969 1226 6
1011 1160 1477 1236 θεῖοςἊπόστολος
1532 1175 1848 1244 μνημονεύει

306 1265 532 1333 γράφων
567 1265 886 1335 Κορινθίοις,
917 1265 1100 1333 λέγων·
1145 1265 1452 1332 Παρέδωκα
1483 1266 1589 1333 γὰρ
1619 1266 1758 1333 ὑμῖν
1782 1267 1848 1321 ἐν

307 1355 571 1422 πρώτοις,
600 1356 631 1408 ὃ
659 1357 751 1408 καὶ
781 1355 1129 1422 παρέλαϐον·
1160 1355 1248 1408 ὅτι
1286 1355 1530 1423 Χριστὸς
1558 1356 1850 1409 ἀπέθανεν

305 1445 456 1513 ὑπὲρ
488 1446 603 1499 τῶν
642 1447 932 1515 ἁμαρτιῶν
962 1445 1125 1515 ὴμῶν
1157 1446 1300 1499 κατὰ
1325 1447 1427 1510 τὰς
1456 1446 1714 1513 Γραφὰς,
1749 1446 1844 1498 καὶ

299 1535 395 1588 ὅτι
414 1529 618 1603 ἐτάφη.
653 1533 760 1589 Καὶ
800 1537 1017 1599 Ἡσαΐας
1042 1537 1098 1589 δὲ
1128 1536 1225 1605 τῆς
1251 1537 1421 1606 ταφῆς
1445 1536 1604 1588 αὑτοῦ
1643 1535 1862 1605 pium-

304 1637 392 1674 ται
444 1623 632 1690 λέγων·
684 1624 778 1675 Ἐν
817 1625 1023 1692 εἰρήνη
1079 1626 1117 1692 η
1152 1625 1304 1693 ταφὴ
1358 1625 1537 1680 αὐτοῦ
1573 1621 1844 1696 ἦρται.ἐκ

300 1708 508 1777 μέσου.
553 1711 692 1762 ’Δντὶ
723 1711 778 1762 δὲ
805 1712 1083 1775 τοῦ,Ὡσεί
1118 1713 1476 1782 τραυματίαι,
1510 1715 1538 1766 6
1567 1716 1662 1782 μὲν
1689 1713 1844 1766 Ἀκύ-

302 1797 399 1860 λας
446 1799 625 1868 φησίν,
646 1800 877 1867 Ὄμοιος
926 1792 1328 1867 ἀνῃρημένοις·
1371 1803 1399 1852 6
1445 1801 1500 1853 δὲ
1540 1802 1843 1871 Σύμμαχος,

317 1889 468 1941 Ὡσεὶ
495 1890 851 1957 τετρωμένοι·
884 1891 974 1942 καὶ
1003 1891 1166 1959 σαφές
1189 1909 1308 1944 τινα
1342 1893 1538 1962 τρόπον
1575 1894 1843 1947 καὶτοῦτο

301 1976 620 2048 ἐπληροῦτο,
649 1979 880 2047 ὁπηνίκα
904 1981 931 2031 6
959 1981 1284 2050 στρατιώτης
1312 1982 1472 2052 λόγχῃ
1502 1982 1729 2052 ἔτρωσεν
1759 1984 1846 2036 αὐ-

301 2052 393 2120 τοῦ
416 2068 513 2138 τὴν
545 2068 796 2139 πλευράν.
846 2069 980 2120 Ἀλλ’
1029 2071 1108 2121 ὅτι
1149 2071 1245 2138 μὲν
1283 2073 1614 2141 τραυματίας
1659 2075 1845 2141 γέγονα

301 2158 394 2208 καὶ
427 2158 482 2210 ὲν
511 2157 684 2227 τάφῳ,
715 2157 894 2223 σαφῶς
920 2158 1257 2228 παρίσταται·
1293 2159 1428 2230 πλὴν
1456 2163 1502 2214 εί
1527 2161 1668 2229 λέγοι
1690 2179 1846 2230 γεγο-

301 2246 448 2298 νέναι
478 2246 606 2299 ὡσεὶ
631 2249 980 2318 τραυματίας,
1007 2250 1095 2301 καὶ¹
1135 2251 1313 2319 ὅμοιος
1352 2253 1460 2314 τοῖς
1504 2251 1843 2306 καθεύδουσιν

299 2335 359 2388 ἐν
381 2338 550 2406 τάφῳ,
584 2337 697 2390 ἀλλ’
729 2339 786 2391 οὐ
822 2339 980 2410 μέχρι
1020 2340 1204 2413 τούτου
1233 2341 1461 2394 ἵσταται·
1495 2342 1610 2396 ὅλον
1635 2344 1690 2396 δὲ
1729 2360 1845 2396 συν·
1879 2397 1881 2400 ι

299 2424 459 2493 ἀψας,
487 2426 603 2495 ὕψει
635 2429 731 2498 τὴν
770 2428 1004 2481 διάνοιαν
1033 2430 1124 2482 τοῦ
1149 2429 1324 2499 λόγου.
1355 2432 1582 2500 Γέπυνα
1609 2433 1714 2502 γάρ
1741 2449 1843 2502 φη-

295 2527 405 2578 σιν,
453 2517 592 2570 ὡσεί
637 2522 1003 2587 τραυματίαι,
1046 2515 1132 2573 ὧν
1168 2523 1275 2573 οὐκ
1301 2519 1602 2588 ἐμνήσθης
1627 2521 1731 2572 ἔτι.
1778 2521 1840 2572 Ol

298 2606 396 2676 μιν
432 2606 539 2676 γὰρ
575 2607 766 2672 λοιποὶ,
813 2609 945 2678 μετὰ
984 2611 1073 2661 τὸν
1121 2610 1346 2662 θάνατον
1395 2612 1452 2662 ὲν
1501 2611 1612 2670 τοῖς
1653 2607 1840 2677 τάφοις

294 2695 602 2764 γενόμενοι,
657 2697 1072 2767 ἀπελείφθησαν,
1129 2700 1221 2751 καὶ
1276 2699 1592 2767 ἀπέμεινανι
1625 2699 1693 2768 γῆ
1748 2699 1839 2752 καὶ

293 2787 460 2850 κόνις,
497 2788 689 2857 μηκέτι
721 2787 854 2857 μετὰ
889 2788 979 2861 τὸν
1016 2788 1237 2841 θάνατον
1265 2787 1720 2858 μνημονεύσαντος
1746 2790 1841 2841 αὐ-

293 2877 401 2929 τῶν
428 2877 518 2929 τοῦ
547 2877 698 2930 Θεοῦ·
730 2878 838 2946 ἐγὼ
863 2879 918 2931 δὲ
943 2878 1200 2947 ἐγενήθην
1225 2878 1298 2941 ὼς
1335 2873 1413 2941 είς
1437 2879 1540 2940 τῶν
1568 2879 1835 2945 τοιούτων,

294 2968 370 3038 μὴ
395 2968 468 3021 ὢν
491 2970 670 3038 ὅμοιος
698 2971 896 3033 αὐτοῖς·
929 2969 1061 3039 ἐμοῦ
1088 2970 1193 3040 γὰρ
1225 2970 1360 3040 μετὰ
1400 2971 1497 3041 τὴν
1525 2971 1720 3042 τρῶσιν
1748 2963 1838 3026 καὶ

295 3061 435 3127 μετά
458 3060 548 3112 τὸν
571 3060 793 3114 θάνατον
817 3060 908 3112 καὶ
933 3059 1064 3130 μετὰ
1089 3059 1185 3130 τὴν
1209 3062 1266 3113 ὲν
1287 3060 1362 3131 τῷ
1387 3061 1536 3131 τάφῳ
1557 3062 1838 3114 κατάθεσιν

289 3149 584 3220 ἐμνήσθης,
619 3151 761 3220 ζωῆς
794 3153 928 3221 μετὰ
972 3151 1143 3205 ταῦτά
1191 3168 1256 3220 με
1298 3153 1388 3204 καὶ
1434 3152 1698 3222 σωτηρίας
1739 3154 1836 3222 τῆς

1949 739 2120 793 neque
2159 733 2337 778 tamen
2370 726 2422 776 in
2464 725 2768 778 servitutem
2794 724 2910 792 ejus
2943 711 3192 782 redactus
3219 736 3322 791 est,
3357 729 3475 782 cui-

1948 815 2030 870 vis
2072 821 2200 884 puto
2229 813 2567 870 manifestum
2599 829 2747 881 esse;
2790 814 2861 868 ita
2906 823 2964 868 ut
2996 815 3124 869 nulli
3164 817 3252 869 alii
3299 817 3473 870 homi-

1947 919 2076 958 num
2103 904 2291 974 psalmi
2321 904 2480 958 verha
2508 904 2712 971 possint
2741 903 2932 970 aptari,
2974 912 3320 972 praeterquam
3356 902 3474 957 Sal-

1947 994 2115 1047 vatori
2137 1002 2338 1047 nostro.
2370 991 2822 1057 Quemadmodum
2856 1002 3030 1045 autem
3050 993 3219 1047 lactus
3246 1003 3329 1047 est
3355 995 3472 1047 sic-

1948 1093 2007 1139 ut
2047 1085 2204 1138 homo
2237 1084 2352 1138 sine
2396 1084 2690 1151 adjutorio;
2738 1087 2808 1139 ita
2854 1087 3011 1140 etiam
3043 1087 3174 1137 sicut
3215 1086 3470 1138 vulnerati

1946 1177 2256 1230 dormientes
2291 1176 2346 1228 in
2374 1176 2624 1244 sepulcro,
2655 1192 2868 1244 quorum
2898 1193 2994 1228 non
3027 1193 3079 1229 es
3129 1191 3320 1229 menter
3355 1191 3470 1228 am-

1945 1266 2100 1332 plius.
2130 1263 2222 1319 His
2249 1263 2408 1317 etiam
2440 1265 2709 1333 sepultura
2735 1265 2850 1332 ejus
2880 1265 3158 1326 indicatur,
3200 1277 3356 1333 quam
3384 1264 3468 1317 di-

1946 1356 2101 1409 vinus
2131 1354 2421 1422 Apostolus
2445 1355 2508 1406 ad
2537 1339 2842 1408 Corinthios
2871 1354 3106 1408 scribens
3135 1354 3218 1408 his
3241 1369 3470 1411 comme-

1945 1455 2116 1500 morat
2139 1464 2153 1500 :
2177 1444 2395 1498 Tradidi
2418 1446 2551 1498 enim
2575 1445 2712 1497 vobis
2739 1445 2790 1496 in
2820 1445 3000 1511 primis
3020 1445 3151 1514 quod
3177 1455 3226 1496 et
3256 1447 3426 1513 accepi
3447 1461 3468 1498 :

1943 1534 2182 1602 quoniam
2217 1530 2453 1585 Christus
2491 1541 2720 1584 mortuus
2767 1540 2843 1584 est
2875 1547 2968 1600 pro
3010 1534 3230 1599 peccatis
3275 1535 3470 1588 nostris

1943 1623 2223 1676 secundum
2255 1621 2574 1687 Scripturas,
2607 1630 2656 1673 et
2691 1622 2814 1689 quia
2842 1623 3068 1688 sepultus
3100 1633 3173 1676 est
3202 1626 3266 1675 ⁹².
3302 1625 3468 1679 Isaias

1945 1726 2155 1781 quoque
2213 1709 2537 1779 sepulturam
2585 1710 2701 1776 ejus
2753 1721 3012 1764 memorat
3046 1711 3128 1764 his
3159 1713 3373 1767 verbis:
3403 1711 3470 1768 In

1942 1814 2066 1867 pace
2092 1799 2353 1867 sepultura
2376 1799 2487 1864 ejus
2522 1796 2728 1850 sublata
2756 1806 2831 1850 est
2858 1812 2921 1850 ea:
2953 1799 3118 1851 medio
3147 1801 3211 1853 ".
3245 1803 3347 1855 Pro
3375 1800 3470 1856 illo

1946 1897 2144 1949 autem.
2172 1888 2317 1943 Sicut
2340 1888 2614 1950 vulnerati,
2658 1887 2845 1957 Aquila
2890 1887 3148 1940 :I’erinde
3187 1897 3338 1958 atque
3375 1905 3470 1945 oe-

1875 1966 1916 2019 Β
1945 1981 2069 2043 eisi;
2111 1979 2464 2050 Symmachus
2516 1993 2642 2032 vero
2696 1997 2710 2032 :
2759 1978 2921 2042 Quasi
2970 1981 3223 2032 vulnerati
3254 1997 3273 2035 :
3306 1980 3467 2052 idque

1943 2072 2084 2125 clare
2138 2069 2530 2139 quodammodo
2582 2069 2850 2138 impletum
2887 2077 2986 2134 est,
3045 2073 3256 2139 quando
3311 2073 3469 2129 miles

1944 2161 2125 2214 lancea
2163 2160 2300 2213 latus
2333 2160 2449 2227 ejus
2477 2159 2771 2213 vulneravit
2797 2179 2808 2212 :
2833 2159 2974 2228 quod
2999 2172 3172 2214 autem
3201 2161 3255 2214 in
3288 2164 3466 2231 sepul-

1940 2263 2032 2303 cro
2063 2250 2222 2302 etiam
2252 2249 2562 2302 vulneratus
2598 2248 2848 2316 jacuerit,
2895 2249 3164 2319 prOpalam
3211 2259 3309 2305 est.
3351 2251 3464 2306 Cane

1942 2347 2112 2392 terum
2141 2353 2263 2393 cum
2289 2339 2420 2392 dicit
2462 2353 2521 2394 se
2552 2339 2748 2393 factum
2791 2355 2909 2395 esse
2938 2339 3078 2394 sicut
3107 2341 3462 2406 vulneratum,

1935 2441 1988 2486 et
2015 2430 2240 2484 similem
2265 2431 2648 2485 dormientibus
2685 2432 2736 2484 in
2764 2433 3028 2500 sepulcro,
3059 2432 3146 2488 hic
3173 2434 3337 2488 series
3358 2450 3466 2489 non

1938 2516 2290 2582 terminatur;
2319 2518 2412 2572 sed
2440 2518 2484 2570 si
2510 2524 2675 2570 totum
2696 2527 2979 2573 connectas
2999 2519 3122 2574 dicti
3147 2521 3462 2578 sententiam

1935 2605 2299 2674 deprehendes
2333 2625 2346 2660 :
2380 2606 2575 2661 Factus
2607 2624 2743 2670 sum,
2775 2609 2965 2677 inquit,
3009 2611 3143 2663 sicut
3187 2611 3462 2678 vulnerati,

1935 2710 2150 2763 quorum
2170 2712 2270 2748 non
2300 2712 2352 2749 es
2383 2712 2576 2750 memor
2597 2697 2837 2764 amplius.
2866 2698 3051 2752 Caeteri
3083 2715 3312 2769 namque
3343 2711 3463 2769 post

1936 2794 2159 2840 mortem
2206 2786 2259 2839 in
2297 2787 2555 2855 sepulcris
2582 2787 2828 2855 depositi,
2859 2789 3025 2844 relicti
3048 2796 3192 2853 sunt,
3234 2805 3296 2844 ac
3319 2801 3462 2846 terra

1934 2884 1988 2932 et
2023 2878 2198 2946 pulvis
2237 2887 2630 2940 remanserunt,
2681 2876 2790 2933 Deo
2823 2887 2946 2947 post
2994 2890 3216 2932 mortem
3259 2881 3460 2936 nullam

1934 2981 2118 3021 eorum
2166 2969 2472 3022 memoriam
2502 2969 2800 3022 retinente:
2832 2981 2930 3036 ego
2969 2983 3093 3021 vero
3127 2966 3298 3024 lactus
3340 2984 3461 3025 sum

1935 3059 2075 3114 sicut
2103 3073 2242 3112 unus
2266 3070 2472 3120 eorum,
2507 3058 2630 3111 licet
2677 3072 2782 3111 non
2808 3058 2910 3111 illis
2956 3057 3143 3113 similis
3181 3059 3310 3124 sim;
3337 3073 3461 3114 nam

1934 3150 2038 3203 mei
2069 3157 2189 3219 post
2223 3148 2478 3203 inﬂictum
2502 3149 2716 3214 vulnus,
2748 3156 2869 3217 post
2901 3155 3124 3201 mortem
3148 3156 3198 3202 et
3225 3158 3345 3218 post
3367 3150 3480 3211 de-i,

289 3239 440 3309 παρὰ
471 3241 558 3292 σοὶ
580 3240 919 3305 καταξιώσας
986 3243 1071 3297 Διὸ
1113 3243 1202 3294 καὶ
1230 3242 1521 3313 ἀρχόμενος
1567 3244 1658 3294 καί
1685 3244 1838 3312 εὐχα-
1861 3278 1901 3334 C
1935 3255 2029 3307 pos

1720 3244 1838 3312 ὐχα-
1861 3278 1901 3334 C
1935 3240 2246 3307 positionem
2291 3239 2345 3311 in
2386 3239 2655 3307 sepulcro,
2701 3253 2905 3292 memor
2943 3237 3112 3302 fuisti,
3149 3253 3211 3292 ac
3256 3239 3360 3292 vita
3407 3249 3460 3294 et

291 3331 446 3400 ριστή
457 3347 565 3401 ριον
593 3331 898 3401 ἀνέπεμπεν
916 3333 1096 3402 ὕμνον.
1115 3332 1302 3401 λέγων·
1328 3334 1500 3400 Κύριε
1519 3336 1551 3386 ὀ
1568 3335 1707 3399 Θεὸς
1726 3333 1834 3402 τῆς

287 3422 580 3486 σωτηρίας
601 3439 734 3489 μου,
761 3421 979 3490 ἡμέρας
1001 3424 1286 3490 ἐκέκραξα
1320 3426 1414 3477 καί
1449 3425 1515 3477 ἐν
1543 3424 1712 3478 νυκτὶ
1743 3426 1835 3476 ἐν·

286 3510 497 3563 απίον
515 3526 646 3562 σου.
672 3513 776 3563 Καὶ
804 3512 872 3564 τὰ
901 3513 995 3581 μὲν
1020 3516 1137 3564 κατ’
1165 3515 1263 3582 ἐμὲ
1284 3515 1501 3567 τοιαῦτα
1528 3511 1613 3584 ἦν.
1653 3517 1834 3584 Ὅμως

287 3600 334 3652 δ’
363 3595 453 3652 οὖν
475 3600 670 3668 γέγονα
698 3603 876 3675 ὅμοιος
903 3605 1013 3665 τοῖς
1038 3602 1247 3665 πολλοῖς
1271 3607 1380 3667 τοῖς
1412 3607 1468 3656 ὲν
1499 3606 1652 3674 τάφῳ
1681 3621 1832 3672 γενο-

293 3687 487 3757 μένοις,
522 3687 614 3739 καὶ
646 3688 836 3757 μηκέτι
868 3687 964 3756 τῆς
1015 3691 1109 3757 σῆς
1144 3688 1558 3758 κατηξιωμένοις
1599 3693 1829 3761 μνήμης,

286 3775 377 3830 διὰ
402 3777 463 3830 τὺ
492 3777 598 3832 ἀπὸ
627 3778 722 3846 τῆς
748 3778 845 3848 σῆς
872 3779 1046 3849 χειρὸς
1075 3777 1363 3830 ἁπεῶσθαι.
1407 3779 1547 3832 Ἀντὶ
1579 3781 1684 3849 γὰρ
1716 3780 1829 3842 τοῦ,

285 3856 402 3920 ὀν
438 3868 546 3919 οὐκ
586 3865 887 3934 ἐμνήσθης
916 3866 1023 3928 ἐτι,
1059 3866 1155 3919 καί
1189 3866 1356 3919 αὐτοὶ
1403 3866 1469 3918 ἐκ
1500 3863 1605 3933 τῆς
1639 3865 1833 3933 χειρός

284 3973 406 4011 σου
447 3957 859 4024 ἁπεώσθησαν,
911 3959 939 4010 6
983 3957 1081 4026 μὲν
1138 3955 1360 4018 ’Δκύλας
1401 3954 1673 4018 ἐξέδωκεν,
1723 3948 1834 4004 *Ων

287 4049 400 4100 οὐκ
417 4046 718 4116 ἐμνήσθης
741 4045 934 4099 αὐτῶν
956 4047 1062 4106 ἐτι,
1089 4044 1185 4098 καί
1215 4044 1380 4096 αὐτοὶ
1412 4044 1478 4096 ἐκ
1508 4041 1615 4109 τῆς
1642 4042 1832 4110 χειρός

285 4150 404 4189 σου
448 4135 892 4204 ἀπετμήθησαν·
928 4138 956 4188 6
993 4135 1048 4187 δὲ
1079 4133 1366 4202 Σύμμαχός
1411 4149 1590 4202 φησιν,
1619 4126 1726 4184 Ὦν
1759 4134 1830 4186 οὐ

283 4228 708 4295 μνημονεύσεις
761 4226 869 4289 ἔτι,
921 4225 1133 4290 οἵτινες
1173 4225 1290 4278 ὑπὸ
1332 4224 1439 4292 τῆς
1474 4225 1670 4293 χειρός
1716 4238 1832 4278 σου

287 4316 681 4382 ἐξεκόπησαν.
1503 4302 1510 4310 ’

273 4468 277 4470 _
359 4399 599 4462 Ἕθεντό
627 4425 702 4476 με
726 4408 795 4461 ἐν
816 4406 1016 4473 λάκκῳ
1037 4405 1360 4468 κατωτάτφ,
1386 4407 1454 4458 ὲν
1483 4405 1830 4471 σκοτεινοῖς,

286 4498 384 4552 καί
428 4499 497 4551 ἐν
530 4497 968 4564 σκιᾷίθανάτου.
1011 4499 1153 4552 Ἀντὶ
1182 4498 1546 4560 τοῦ,”Εθεντό
1562 4513 1656 4565 με,
1681 4499 1710 4550 6
1736 4496 1831 4566 μὲν

1910 3331 2125 3393 .salute,
2156 3343 2273 3398 qua
2301 3344 2463 3398 penes
2492 3337 2542 3382 te
2572 3337 2674 3391 est,
2704 3329 2951 3397 dignatus
2976 3343 3060 3382 me
3094 3343 3170 3382 es.
3189 3326 3366 3394 Quare
3394 3329 3467 3384 ab

1934 3421 2086 3477 initio
2104 3419 2389 3488 gratiarum
2415 3418 2637 3472 actionis
2661 3417 2912 3486 hymnum
2931 3417 3106 3470 emisit
3133 3418 3218 3471 bis
3242 3418 3418 3472 verbis
3443 3438 3458 3474 :

1935 3511 2151 3573 Domine
2193 3509 2331 3563 Deus
2360 3509 2543 3563 salutis
2581 3523 2725 3569 mea,
2765 3508 2820 3558 in
2851 3507 2933 3558 die
2979 3507 3199 3559 clamavi
3225 3517 3274 3560 et
3315 3519 3467 3564 nocte

1933 3619 2108 3657 coram
2137 3611 2203 3655 te.
2230 3600 2358 3667 Quae
2387 3615 2469 3654 me
2494 3599 2802 3668 spectabant
2844 3595 2969 3650 talia
3005 3602 3178 3650 erant.
3209 3598 3458 3652 Attamen

1935 3692 2106 3744 lactus
2135 3705 2253 3744 sum
2309 3689 2490 3742 multis
2518 3689 2574 3740 in
2621 3684 2864 3754 sepulcro
2897 3682 3195 3752 jacentibus
3236 3683 3458 3748 similia,

1930 3779 2022 3848 qui
2046 3793 2150 3832 non
2180 3778 2409 3846 amplius
2447 3775 2702 3830 memoria
2730 3781 2817 3827 tua
2839 3773 2983 3841 digni
3013 3771 3295 3835 habentur,
3326 3773 3459 3840 quia

1930 3867 1996 3920 de
2023 3883 2184 3921 manu
2218 3876 2308 3920 tua
2356 3865 2553 3935 repulsi
2599 3872 2742 3920 sunt.
2774 3864 2906 3918 Nam
2936 3863 3078 3917 illius
3120 3863 3238 3918 loco
3270 3881 3285 3917 :
3315 3864 3458 3928 Que-

1930 3973 2043 4010 rum
2067 3974 2166 4010 non
2185 3974 2238 4009 es
2263 3972 2457 4008 memor
2481 3956 2722 4023 amplius,
2745 3963 2792 4008 et
2830 3955 2928 4022 ipsi
2955 3956 3017 4007 de
3042 3968 3210 4024 denu
3243 3962 3335 4006 tua
3381 3970 3460 4007 re-

1928 4049 2063 4116 pulsi
2085 4056 2223 4108 sunt,
2251 4046 2440 4116 Aquila
2462 4045 2623 4098 edidit
2654 4063 2666 4097 :
2694 4044 2924 4109 Quorum
2953 4059 3054 4096 non
3081 4042 3383 4097 recordatus
3405 4059 3459 4097 es

1930 4137 2090 4196 ultra,
2112 4144 2159 4188 et
2177 4134 2277 4202 ipsi
2301 4147 2364 4186 ex
2394 4147 2551 4185 manu
2578 4139 2665 4183 tua
2683 4130 2900 4184 absciss‘i
2920 4143 3040 4186 sunt
3064 4146 3084 4195 ;
3107 4129 3462 4202 Symmachus

1931 4233 2104 4280 autem
2138 4243 2151 4277 :
2188 4223 2419 4288 Quorum
2449 4238 2548 4276 non
2577 4219 2927 4276 recordaberis
2951 4221 3114 4288 ultra,
3136 4221 3273 4290 quia
3302 4234 3463 4273 manu

1932 4325 2020 4368 tua
2048 4313 2208 4367 excisi
2241 4321 2378 4366 sunt.

1998 4397 2159 4453 Vsus.
2201 4398 2250 4450 7.
2290 4396 2693 4468 Posuerttntvme
2718 4396 2771 4449 in
2802 4395 2920 4448 lacu
2961 4394 3215 4461 inferiori,
3244 4394 3296 4446 in
3323 4401 3460 4448 tene—

1931 4489 2095 4544 brosis
2120 4497 2168 4543 et
2198 4489 2254 4542 in
2294 4487 2478 4543 umbra
2527 4487 2726 4539 mortis.
2769 4483 2911 4538 Loco
2958 4483 3120 4544 illius,
3166 4481 3456 4534 Posuerunt

299 4588 727 4654 ’Λκύλας,”Εθου
752 4607 848 4657 με,
876 4591 904 4642 6
936 4590 991 4642 δὲ
1011 4586 1581 4660 Σύμμαχος,Ἐταεάς
1605 4604 1699 4655 με,
1741 4587 1829 4638 ἐκ·
1859 4605 1902 4658 ι)
1931 4597 2028 4642 τηεν

1741 4587 1829 4638 ὲκ-
1859 4605 1902 4658 ι)
1931 4597 2028 4642 me,
2072 4579 2280 4649 Aquila,
2318 4576 2550 4632 Posuisti
2587 4590 2696 4637 me;
2753 4572 3103 4642 Symmachus
3139 4586 3287 4637 vero,
3340 4570 3457 4624 Sta.

283 4680 562 4734 δεδώκασι.
595 4683 672 4734 Δι’
694 4674 767 4734 ὧν
794 4681 1129 4752 παρίστησιν,
1152 4681 1233 4732 ὅτι
1257 4678 1480 4748 νεύματι
1507 4677 1600 4729 τοῦ
1629 4676 1834 4747 Πατρδς

286 4777 378 4829 καὶ
410 4775 590 4846 βουλῇ,
624 4775 720 4844 οὐχ
760 4772 943 4835 ἁπλῶς
971 4773 1050 4834 είς
1087 4771 1176 4823 τὸν
1206 4769 1448 4831 θάνατον,
1491 4766 1608 4819 οὐδὲ
1640 4767 1718 4828 είς
1745 4766 1835 4818 τὸν

285 4864 416 4940 ᾅδην
458 4867 552 4921 καὶ
594 4866 683 4919 τὸν
715 4864 1037 4934 καλούμενον
1061 4863 1258 4916 λάκκον
1287 4855 1679 4927 κατελήλυθεν,
1701 4855 1835 4908 ἀλλὰ

283 4959 376 5013 καὶ
407 4960 483 5020 είς
506 4958 575 5010 τὰ
596 4955 866 5028 βαθύτατα
889 4955 980 5006 καὶ
1003 4953 1072 5007 τὰ
1097 4949 1379 5004 κατώτατα
1407 4945 1587 5000 καὶτὰ
1614 4945 1830 5014 ἔσχατα,

279 5048 353 5108 ὡς
378 5045 443 5098 ἂν
471 5045 613 5098 εἴποι
640 5063 741 5107 τις,
765 5041 870 5097 τῶν
900 5043 1013 5095 ἐκεῖ
1039 5041 1266 5110 χωρίων.
1300 5035 1597 5106 Παρίστησι
1621 5033 1676 5085 δὲ
1703 5032 1825 5086 τοῦ-

278 5155 339 5191 το
369 5136 461 5189 καὶ
494 5135 651 5197 αὐτὸς
693 5137 750 5187 ὲν
797 5135 907 5196 τοῖς
939 5129 1282 5200 Εὒαγγελὶοις
1317 5127 1553 5196 φάσκων·
1599 5124 1693 5176 Δεῖ
1717 5123 1824 5176 τὸν

289 5229 424 5283 Υίόν
449 5228 553 5281 τοῦ
578 5226 885 5295 ἀνθρώπου
903 5225 1145 5292 ποιῆσαι
1171 5224 1238 5276 ὲν
1261 5219 1334 5288 τῇ
1348 5217 1554 5286 καρδίᾳ
1580 5216 1689 5284 τῆς
1711 5215 1822 5284 τῆς

281 5318 434 5387 τρεῖς
467 5315 687 5386 ἡμέρας
730 5317 826 5370 καὶ
861 5315 1015 5384 τρεῖς
1055 5316 1294 5377 νύκτας.
1341 5309 1482 5362 Ἀντὶ
1512 5307 1566 5359 δὲ
1605 5305 1720 5370 τοῦ,
1750 5307 1819 5359 ἐν

281 5406 626 5472 σκοτεινοῖς,
662 5406 761 5460 καὶ
790 5407 859 5460 ἐν
886 5402 1026 5472 σκιᾷ
1061 5402 1333 5464 θανάτου,
1381 5400 1409 5451 6
1471 5397 1714 5459 Ἀκύλας,
1754 5398 1823 5449 ἐν

277 5497 624 5563 σκοτεινοῖς,
681 5497 830 5565 φησὶ,
884 5496 982 5549 καί
1022 5496 1090 5548 ἐν
1115 5491 1342 5559 βυθοῖς·
1371 5493 1399 5542 6
1431 5489 1485 5541 δὲ
1514 5487 1825 5556 Σύμμαχος,

279 5593 349 5649 ἐν
365 5589 687 5654 σκοτεινοῖς
715 5586 1177 5654 ἐσχεδιασμένον·
1208 5585 1240 5654 ἡ
1270 5583 1325 5635 δὲ
1351 5579 1568 5649 πέμπτη
1595 5577 1819 5640 ἔκδοσις,

279 5682 350 5736 ἐν
373 5677 719 5744 σκοτεινοῖς,
757 5677 824 5730 ἐν
854 5668 1216 5740 καταδύτοις.
1247 5670 1426 5723 Τοῦτο
1449 5669 1503 5721 δέ.
1535 5684 1622 5737 μοι
1650 5682 1823 5736 παρα-

1930 4673 2075 4725 luisti
2105 4686 2204 4732 me,
2232 4668 2529 4723 ediderunt.
2571 4663 2731 4730 Queis
2762 4662 2997 4716 declarat
3045 4676 3102 4715 se
3134 4675 3198 4718 ex
3239 4668 3372 4714 nutu
3404 4670 3458 4715 et

1927 4763 2198 4816 voluntate
2239 4757 2435 4819 Patris,
2482 4769 2588 4809 non
2636 4753 2792 4806 modo
2841 4751 2896 4804 in
2941 4760 3202 4814 mortem,
3262 4751 3314 4805 in
3377 4752 3458 4804 in-

1928 4854 2133 4906 fernum
2192 4856 2246 4903 et
2307 4849 2362 4900 in
2434 4851 2781 4900 memoratum
2831 4843 3003 4895 lacum
3073 4842 3457 4905 descendisse;

1928 4941 2017 4995 sed
2042 4941 2218 4993 °etiam
2249 4937 2302 4989 in
2340 4932 2784 5004 profundissima,
2818 4930 3002 4985 inlima
3026 4939 3078 4983 et
3107 4936 3368 4989 extrema,
3396 4935 3456 4980 ut

1926 5032 1999 5084 ita
2029 5026 2306 5088 dicam,ihi
2332 5025 2504 5095 posita
2537 5026 2676 5078 loca.
2704 5020 3045 5091 Idipsumque
3075 5022 3126 5074 in
3153 5018 3459 5087 Evangeliis

1926 5123 2107 5172 narrat
2140 5115 2225 5170 his
2250 5114 2427 5168 verbis
2454 5132 2466 5168 :
2500 5111 2711 5182 Oportet
2743 5110 2942 5165 Filium
2988 5109 3204 5162 hominis
3248 5121 3460 5161 manere

1924 5210 1979 5262 in
2010 5204 2162 5260 corde
2205 5213 2353 5259 terra
2397 5204 2564 5258 tribus
2596 5203 2773 5259 diebus
2817 5210 2867 5256 et
2919 5201 3079 5254 tribus
3122 5195 3354 5250 noctibus
3382 5197 3451 5253 “.

1924 5299 2027 5352 Pro
2062 5297 2154 5351 illo
2182 5304 2385 5362 autem,
2414 5297 2468 5349 in
2515 5295 2791 5350 tenebrosis
2823 5301 2872 5347 et
2917 5293 2970 5344 in
3014 5288 3198 5341 umbra
3245 5287 3450 5349 mortis,

1921 5390 2109 5460 Aquila
2137 5388 2215 5442 sic
2238 5388 2418 5452 habet,
2444 5388 2500 5440 in
2522 5387 2798 5440 tenebrosis
2819 5392 2868 5437 et
2895 5383 2948 5434 in
2976 5376 3245 5448 profundis
3266 5392 3284 5441 ;
3304 5374 3455 5445 Sym-

1922 5479 2142 5533 machus
2169 5491 2315 5540 vero,
2341 5478 2395 5530 in
2430 5475 2705 5530 tenebrosis
2737 5471 3023 5530 obtectum;
3053 5467 3236 5536 quinta
3263 5463 3451 5532 editio,

1919 5572 1982 5625 in.
2000 5569 2300 5632 tenebrosis,
2340 5570 2394 5622 in
2423 5565 2689 5620 latibulis.
2721 5561 2832 5615 Hoc
2862 5567 3038 5613 autem
3077 5553 3386 5612 necessario
3417 5569 3452 5610 ι

1921 5677 2007 5716 me
2033 5661 2373 5716 observatum
2415 5665 2518 5726 est,
2564 5671 2632 5713 ne
2659 5655 2782 5724 quis
2829 5650 3132 5722 suspicetur
3178 5647 3352 5717 ipsum
3389 5647 3448 5702 in

350 5835 397 5868 "
434 5832 452 5887 1
486 5832 608 5892 Cor.
643 5847 729 5894 sv.
761 5830 830 5894 5,
865 5830 916 5883 4.
992 5829 1035 5860 ⁸³
1074 5826 1174 5884 lsa.
1213 5842 1340 5894 tm,
1370 5827 1422 5882 8.
1497 5825 1542 5858 "'
1583 5820 1767 5876 Matth.
1808 5835 1914 5882 xu,
1949 5817 2035 5872 ιο.
