4406 6410
903 470 1047 529 1059

1596 469 1858 527 EUSEBII
1895 469 2364 529 CASSARIENSIS
2385 474 2531 531 OPP.
2572 475 2752 533 PARS
2777 471 2866 534 ηι.
2908 480 2958 519 -—'
2996 435 3400 539 EXEfiL’TICA.

3957 488 4102 547 1060

897 599 1074 641 morte
1106 601 1210 639 non
1245 586 1429 648 fuisse,
1461 588 1591 655 quia
1625 604 1653 642 a
1687 588 1824 643 LXX
1874 589 2266 660 lnterpretibus
2311 591 2443 646 dici—
2473 601 2516 655 Α
2543 613 2637 648 τετη

2377 595 2443 646 ci—
2473 601 2516 655 Α
2543 597 2832 666 τετήρηται
2865 595 3194 666 αναγκαίως,
3219 601 3296 663 ὼς
3334 602 3400 655 ἀν
3429 603 3504 673 μή
3541 622 3624 668 τις
3669 604 3913 679 om
3944 608 4020 680 μή

892 684 1004 739 tur,
1046 680 1103 730 in
1149 676 1429 730 tenebrosis
1477 691 1524 730 et
1557 679 1611 731 in
1659 680 1847 733 umbra
1881 681 2083 733 mortis.
2129 681 2262 734 Nam
2300 697 2450 735 corna

895 777 1233 832 monstratur
1263 785 1386 824 eum
1423 770 1476 822 in
1510 771 1835 837 tenebrosis,
1861 771 2145 842 profundis
2170 780 2225 828 et
2253 773 2448 828 latibu-

891 859 963 915 lis
989 861 1160 929 ipsius
1193 862 1384 915 mortis
1418 860 1588 916 fuisse
1610 865 1992 932 :quamobrem
2025 880 2199 935 neque
2225 864 2450 921 Hebrai-

892 964 1014 1004 cum
1062 951 1358 1020 exemplar,
1389 967 1563 1021 neque
1605 955 1799 1024 reliqui
1838 955 2179 1024 interpretes,
2209 957 2447 1009 umbram

890 1041 1074 1094 mortis
1118 1042 1458 1110 interpretati
1507 1052 1654 1099 sunt.
1706 1043 1840 1098 Nam
1868 1037 2212 1115 praesentem
2258 1047 2455 1111 vitam,

853 1154 862 1192 ;
888 1131 1140 1197 umbram
1174 1133 1366 1186 mortis
1406 1135 1725 1206 plerumque
1763 1152 1958 1191 vocare
1992 1135 2271 1205 Scriptura
2317 1151 2448 1189 con-

888 1223 1086 1277 suevit.
1116 1222 1215 1277 Hic
1231 1240 1366 1278 vero
1391 1224 1662 1293 Salvator,
1681 1231 1736 1281 in
1759 1228 1876 1297 ipsa
1901 1235 2073 1281 morte
2095 1226 2443 1291 constitutus,

884 1319 1058 1366 totam
1091 1317 1454 1368 (economlam
1504 1332 1658 1371 suam
1707 1318 1988 1373 describit.
2016 1347 2086 1358 —-
2117 1317 2280 1372 Vsus.
2307 1318 2361 1382 8,
2388 1318 2442 1372 9.

889 1405 1056 1473 Super
1077 1424 1157 1460 me
1173 1410 1518 1477 conﬁrmatus
1539 1422 1614 1464 est
1645 1410 1797 1479 furor
1822 1422 1962 1474 tuus,
1985 1420 2032 1465 et
2053 1429 2226 1465 omnes
2257 1413 2444 1479 ﬂuctus

886 1503 1006 1548 tuos
1047 1497 1304 1550 induxisti
1340 1515 1492 1566 super
1519 1516 1616 1553 me.
1669 1499 1999 1569 Diapsalma.
2045 1499 2218 1570 Longe
2276 1501 2446 1568 fecisti

888 1593 1039 1639 notos
1075 1603 1211 1641 meos
1245 1606 1276 1640 a
1314 1606 1412 1650 me,
1431 1598 1713 1657 posuerunt
1746 1607 1829 1645 me
1861 1591 2299 1645 abominatione‘m
2321 1592 2439 1646 sibi.
2465 1619 2467 1624 ε

885 1665 1139 1730 Traditus
1172 1695 1310 1742 sum,
1347 1688 1395 1732 et
1419 1695 1520 1732 non
1547 1679 1867 1750 egrediebar.
1902 1680 2167 1747 Quoniam
2195 1684 2444 1740 Christus

884 1780 984 1835 pro
1013 1768 1171 1823 nobis
1194 1778 1441 1825 mortuus
1463 1781 1565 1834 est,
1588 1771 1886 1826 secundum
1911 1773 2247 1841 Apostolum,
2271 1774 2444 1830 factus

880 1872 985 1927 pro
1035 1859 1193 1912 nobis
1241 1860 1615 1925 maledictum;
1645 1858 1764 1914 ideo
1792 1870 2092 1926 scribitur,
2130 1860 2444 1916 Haledictus

2550 688 2762 756 θανάτῳ
2786 688 2950 746 αὐτὸν
2988 691 3285 759 γεγονέναι,
3318 692 3403 745 διά
3435 693 3496 746 τὸ
3538 694 3787 763 λέγεσθαι
3816 697 3966 769 παρά
3996 699 4113 760 τοῖς

2564 778 2981 849 Ἑϐδομήκοντα,
3013 781 3083 832 ἐν
3106 783 3435 848 σκοτεινοῖς
3451 786 3545 836 καὶ
3566 785 3636 837 ἐν
3657 785 3800 852 σκιᾷ
3826 787 4106 841 θανάτου.

2549 867 2821 921 Δέδεικται
2863 870 2990 940 γὰρ,
3022 869 3103 923 ὅτι
3130 872 3188 924 ὲν
3225 872 3623 942 ὲσκοτισμένοις
3662 875 3754 928 καὶ
3803 874 3982 945 βυθοῖς
4013 876 4112 930 καὶ

2549 957 2862 1021 καταδύτοις
2883 959 3044 1012 αὑτοῦ
3077 959 3171 1012 τοῦ
3200 959 3427 1013 Θανάτου
3449 962 3657 1030 γέγονε
3694 963 3882 1034 διόπερ
3905 964 4024 1018 οὔτε
4045 965 4110 1019 τὸ

2559 1045 2860 1115 Ἐὄραῖκὺν,
2908 1045 3028 1098 οὔτε
3054 1050 3102 1100 oi
3131 1049 3303 1102 λοιποὶ
3335 1051 3683 1120 ἑρμηνευταὶ,
3725 1053 3906 1106 σκιὰν
3929 1054 4110 1108 θανά-

2546 1137 2687 1199 του,
2714 1137 3078 1207 ήρμήνευσαν.
3108 1139 3209 1191 Τὸν
3233 1140 3340 1209 γάρ
3370 1141 3610 1210 παρόντα
3635 1141 3748 1212 βίον
3779 1143 3872 1195 καὶ
3900 1143 3996 1214 τὴν
4021 1147 4106 1197 ὲν-

2547 1225 2787 1280 εστῶσαν
2815 1225 2980 1296 ζωὴν,
3009 1228 3262 1292 πολλάκις
3297 1233 3328 1283 ό
3357 1231 3510 1299 λόγος
3538 1233 3692 1285 σκιάν
3722 1232 3952 1287 θανάτου
3986 1235 4107 1289 είω-

2546 1315 2637 1369 θεν
2679 1317 2988 1373 ἀποκαλεῖν.
3051 1319 3310 1375 Ἐνταῦθα
3349 1321 3405 1374 δὲ
3436 1325 3464 1375 6
3492 1323 3700 1395 Σωτὴρ,
3739 1326 3797 1378 ὲν
3843 1326 3992 1399 αὐτῷ
4027 1325 4106 1400 Ἒῷ

2545 1406 2756 1477 θανάτῳ
2779 1407 3033 1476 γεγονὼς,
3063 1411 3239 1462 πᾶσαν
3260 1410 3423 1465 αὐτοῦ
3447 1413 3544 1484 τὴν
3562 1415 3869 1486 οἰκονομίαν
3893 1416 4108 1491 διαγρά-

2515 1557 2518 1560 ,
2545 1513 2652 1566 φεῖ.
2672 1517 2676 1520 ·
2700 1500 2824 1553 Ἐπ’
2853 1500 2960 1569 ἐμὲ
2979 1500 3303 1572 ἐστηρίχθη
3327 1506 3361 1556 ό
3387 1505 3568 1572 θυμός
3590 1519 3726 1570 σου,
3752 1508 3849 1560 καὶ
3878 1507 4108 1578 πάντας

2543 1588 2684 1654 τοὺς
2707 1592 3160 1660 ομετεωρισμούς
3186 1608 3304 1646 σου
3345 1592 3638 1663 ἐπήγαγες
3680 1596 3774 1649 ἐπ’
3818 1596 3942 1666 ἐμέ.
3985 1592 4108 1654 Adi

2543 1683 2766 1749 ψαλμα.
2806 1682 3166 1751 Ἐμὰκρυνας
3181 1683 3323 1750 τοὺς
3341 1689 3641 1755 modo
3667 1706 3786 1757 μου
3807 1691 3910 1744 ἀπ’
3933 1691 4103 1761 ἐμοῦ,

2541 1774 2744 1826 Elis-red
2764 1791 2838 1842 με
2868 1774 3182 1844 βδέλυγμα
3208 1777 3457 1844 ἑαυτοῖς.
3487 1780 3843 1848 Παρεδόθην.
3880 1784 3972 1836 καί
3995 1787 4104 1838 οὐκ

2541 1862 2999 1933 ἐξεπορευόμην.
3034 1865 3248 1937 Ἐπειδὴ
3265 1867 3496 1938 Χριστὸς
3518 1871 3654 1940 ὑπὲρ
3673 1871 3828 1942 ἡμῶν
3847 1873 4100 1939 ἀπέθανε,

883 1951 1052 2004 omnis
1074 1950 1164 2020 qui
1200 1950 1464 2018 pendet‘in
1491 1949 1632 2019 ligno
1656 1950 1704 1982 “
1735 1967 1749 2004 :
1775 1957 1830 2003 et
1865 1951 1991 2020 quia
2023 1967 2169 2015 eum,
2196 1953 2289 2021 qui
2318 1969 2439 2022 pec-
2473 1968 2510 2020 Β
2540 1965 2623 2007 και

2357 1971 2439 2008 ec-
2473 1968 2510 2020 Β
2540 1954 2678 2008 κατὰ
2705 1955 2794 2007 τὸν
2838 1956 3174 2021 Ἀπόστολον,
3203 1959 3486 2029 γενόμενος
3523 1962 3662 2032 ὑπὲρ
3686 1965 3718 2032 ὴ
3729 1963 3844 2034 μῶν
3867 1965 4097 2036 κατάρα·

876 2051 1062 2098 catum
1099 2057 1208 2096 non
1247 2049 1490 2104 noverat,
1522 2041 1664 2096 Deus
1691 2057 1789 2111 pro
1817 2042 1974 2097 nobis
2003 2052 2282 2112 peccatum
2307 2044 2434 2100 επεν

881 2131 979 2195 cit,
1027 2130 1330 2185 secundum
1369 2130 1618 2184 eumdem
1648 2129 1964 2199 Apostolum
1988 2132 2053 2196 ",
2094 2133 2217 2202 jure
2252 2134 2434 2189 immi-

881 2229 1102 2277 nentem
1135 2211 1314 2286 nobis,
1347 2226 1438 2294 qui
1473 2237 1645 2292 nuper
1684 2223 1834 2293 impii
1861 2231 1915 2276 et
1960 2231 2276 2294 peccatores
2307 2241 2434 2280 era-

881 2329 1027 2378 mus,
1061 2313 1196 2367 iram
1228 2313 1347 2379 Dei,
1377 2321 1432 2368 et
1458 2313 1698 2368 furorem
1721 2314 1840 2384 ejus
1874 2315 2164 2372 instantem
2194 2319 2350 2374 nobis
2380 2320 2435 2373 in

875 2422 944 2463 se
976 2408 1316 2478 pertrahens,
1338 2416 1498 2478 atque
1525 2407 1596 2460 ob
1624 2408 1730 2460 vim
1761 2407 1844 2462 sui
1869 2423 1994 2480 erga
2027 2409 2271 2465 homines
2289 2425 2436 2466 amo-
2473 2424 2480 2429 '

880 2497 981 2562 ris,
1022 2499 1344 2568 supplicium
1371 2504 1424 2552 et
1453 2497 1779 2552 destinatam
1809 2499 1967 2554 nobis
2007 2501 2266 2555 ultionem
2302 2502 2355 2554 in
2379 2517 2436 2556 se

875 2588 1206 2657 suscipiens,
1249 2589 1345 2642 has
1375 2587 1676 2657 proferebat
1698 2604 1860 2644 voces
1885 2606 1899 2652 ;
1921 2596 2110 2659 utp‘ote
2147 2592 2238 2660 qui
2262 2590 2437 2647 factus

879 2686 1027 2733 esset
1055 2681 1239 2748 Agnus
1267 2676 1360 2731 Dei
1392 2678 1484 2748 qui
1517 2677 1658 2731 tollit
1693 2686 1979 2746 peccatum
2017 2679 2225 2732 mundi.
2261 2678 2439 2744 Quare

884 2766 997 2820 haec
1043 2767 1108 2821 de
1137 2768 1230 2821 illo
1257 2767 1522 2837 pr0pheta
1557 2767 1794 2836 loquitur
1824 2784 1839 2821 :
1878 2766 1979 2820 llic
2006 2777 2218 2835 peccata
2259 2777 2439 2822 nostra

877 2865 1077 2927 portat,
1105 2867 1154 2910 et
1180 2873 1274 2926 pro
1298 2858 1445 2911 nobis
1478 2858 1744 2910 cruciatur
1773 2871 1792 2910 :
1822 2857 1935 2926 ejus
1959 2857 2117 2910 vibice
2147 2873 2238 2910 nos
2266 2859 2439 2911 sanati

878 2960 1163 3017 sumus,,et
1199 2948 1456 3001 Dominus
1490 2948 1860 3000 tradiditeunt
1886 2948 2115 3016 peccatis
2144 2949 2341 3001 nostris
2371 2948 2435 2997 ".

879 3037 1004 3092 Haec
1033 3041 1197 3111 igitur
1232 3049 1286 3091 et
1317 3040 1432 3110 ipse
1462 3038 1702 3091 declarat
1729 3037 1783 3090 in
1812 3037 2041 3106 psalmo,
2070 3037 2258 3092 dicens
2291 3053 2306 3091 :
2337 3035 2440 3091 Su-

876 3148 967 3201 per
1013 3148 1094 3185 me
1137 3136 1478 3201 confirmatus
1499 3144 1576 3185 est
1604 3129 1752 3200 {uror
1779 3143 1919 3195 tuus,
1952 3141 2000 3185 et
2035 3144 2210 3185 omnes
2249 3128 2438 3196 ﬂuctus

881 3235 999 3278 tuos
1053 3224 1313 3278 induxiin
1356 3240 1509 3292 super
1534 3241 1632 3278 me.
1664 3222 1770 3276 Pro
1795 3238 1904 3293 quo
1954 3221 2310 3294 Symmachus
2338 3228 2434 3284 ιιι.

2533 2044 2600 2096 δι’
2627 2044 2655 2096 6
2677 2045 2997 2115 γέγραπται·
3042 2047 3498 2116 Ἐπικατάρατος
3533 2049 3648 2116 πᾶς
3677 2055 3711 2106 ό
3739 2053 4102 2124 κρεμάμενος

2532 2127 2632 2179 ἐπὶ
2673 2130 2884 2193 ξύλου,
2935 2131 3028 2183 καὶ
3076 2132 3259 2204 ἐπειδὴ
3312 2133 3403 2186 τὸν
3441 2133 3514 2205 μή
3544 2136 3738 2202 γνόντα
3775 2139 4044 2210 ἁμαρτίαν
4070 2141 4101 2191 6

2533 2219 2664 2282 Θεὸς
2690 2221 2829 2291 ὑπὲρ
2860 2222 3013 2291 ήμῶν
3050 2223 3322 2294 ἁμαρτίαν
3349 2224 3595 2296 ἐποίησε,
3628 2226 3768 2279 κατά
3792 2227 3882 2280 ’ὠν
3914 2226 4096 2290 αὑτὸν,

2534 2310 2755 2374 εἰκότως
2782 2310 2876 2381 τὴν
2904 2313 3032 2382 ἡμῖν
3059 2316 3172 2376 τοῖς
3197 2315 3455 2386 πρότερον
3478 2314 3696 2368 ἀσεσέσι
3722 2317 3816 2371 καὶ
3840 2318 4099 2387 ἁμαρτω-ρ

2535 2401 2642 2465 λοϊς
2675 2402 3025 2473 ἐπικειμένην
3053 2404 3220 2476 ὀργὴν
3251 2405 3342 2458 τοῦ
3370 2406 3525 2468 Θεου,
3557 2406 3651 2458 καὶ
3687 2407 3778 2458 τὸν
3805 2406 3974 2476 θυμὸν
3999 2408 4098 2462 αὐ-

2533 2492 2627 2548 τοῦ
2673 2495 2763 2548 τὸν
2803 2495 2921 2548 καθ’
2965 2495 3120 2566 ἡμῶν
3163 2497 3244 2558 είς
3288 2497 3478 2551 ἑαυτὸν
3523 2497 3981 2568 ἐπισπασάμενος,
4029 2499 4095 2552 δι’

2536 2585 2971 2657 ὑπερϐάλλουσάν
3013 2604 3072 2639 τε
3105 2587 3507 2659 φιλανθρωπίαν
3556 2586 3947 2658 ἀναδεξάμενος
3999 2588 4100 2660 τὴν

2534 2679 2670 2750 ὒπὲρ
2701 2679 2856 2750 ἡμῶν
2883 2679 3150 2751 τιμωρίαν
3177 2695 3238 2733 τε
3279 2680 3373 2733 καὶ
3402 2678 3643 2746 κόλασιν,
3672 2678 3772 2742 τὰς
3805 2679 4098 2750 προκειμῶ

2537 2785 2632 2832 νας
2663 2770 2987 2842 προφέρεται
3012 2770 3212 2840 φωνάς·
3237 2770 3334 2824 ἆτε
3364 2769 3428 2840 δὴ
3461 2770 3747 2840 γενόμενος
3785 2769 3976 2840 ’.ἀμνὸς
4002 2767 4097 2824 τοῦ

2537 2859 2669 2912 Θεοῦ
2699 2862 2728 2912 6
2757 2862 2924 2931 αῐρων
2950 2860 3049 2932 τήν
3075 2861 3344 2933 ἁμαρτίαν
3374 2858 3469 2914 τοῦ
3497 2860 3721 2932 κόσμου.
3759 2863 3849 2915 Διό
3876 2876 4044 2934 φησιν
4068 2865 4099 2915 ό

2538 2950 2817 3020 προφήτης
2864 2951 2990 3020 περὶ
3031 2951 3212 3003 αὐτοῦ·
3243 2947 3430 3017 οὗτος
3475 2951 3582 3018 τὰς
3618 2951 3904 3022 ἁμαρτιας
3931 2953 4100 3023 ἡμῶν

2536 3037 2715 3106 φέρει,
2743 3040 2839 3092 zeal
2865 3040 2996 3107 περὶ
3023 3039 3190 3108 ἡμῶν
3211 3039 3510 3096 ὀδυνᾶσαι·
3543 3039 3623 3105 τῷ
3645 3040 3888 3110 μώλωπι
3911 3041 4098 3097 αὐτοῦ

2537 3129 2706 3199 ἡμεῖς
2731 3119 2995 3199 War,
3029 3131 3129 3183 καὶ
3155 3131 3367 3199 Κύριος
3395 3120 3732 3201 παρόδωκὰ
3758 3133 3945 3186 αὐτὸν
3970 3132 4099 3200 ταῖς

2539 3221 2843 3290 ἁμαρτίαις
2873 3221 3056 3290 ἡμῶν.
3093 3219 3261 3274 Τοῦτο
3288 3221 3464 3275 τοίνυν
3501 3224 3594 3276 καὶ⁵
3616 3223 3778 3287 αὐτὸς
3804 3224 4097 3296 παρίστησι

880 3313 1047 3382 Super
1069 3331 1148 3368 me
1177 3289 1490 3385 aggravatus
1520 3325 1596 3368 est
1626 3314 1775 3382 furor
1797 3289 1936 3381 tuus,
1962 3289 2010 3368 et
2036 3315 2276 3383 procellis
2303 3317 2433 3386 ami-
2458 3289 2507 3357 (ἶ
2537 3289 2620 3372 διὰ

2355 3317 2433 3386 με-
2458 3289 2507 3357 C-
2537 3289 2626 3372 δία
2662 3312 2756 3369 τοῦ
2789 3312 3004 3387 ψαλμοῦ
3035 3311 3274 3386 φάσκων·
3334 3313 3457 3371 Ἔτ’
3496 3313 3597 3386 ἐνμὲ
3628 3289 4037 3388 summa
4059 3324 4095 3375 δ

875 3421 1036 3464 ctam
1078 3427 1175 3464 me.
1210 3410 1342 3463 Nam
1398 3426 1495 3465 ceu
1553 3410 1770 3480 quidam
1820 3411 2229 3464 amantissimus
2261 3417 2430 3478 pater,

875 3502 1217 3572 tempestatis
1247 3511 1339 3555 aut
1370 3503 1495 3557 belli
1526 3506 1766 3571 tempere
1794 3502 2060 3572 genuinos
2092 3500 2227 3554 ﬁlios
2252 3509 2432 3568 prote-

876 3608 1032 3662 gens,
1065 3593 1189 3647 illos
1221 3593 1441 3662 quidem
1482 3593 1796 3655 occultavit,
1825 3593 1880 3645 in
1904 3592 2045 3644 ulnis
2071 3591 2327 3664 obtegens
2350 3595 2434 3642 at-

873 3699 980 3754 que
1004 3685 1055 3736 in
1082 3692 1197 3736 tuto
1224 3697 1605 3752 ponens;sese
1641 3697 1771 3737 vero
1802 3683 2056 3751 procellis
2091 3697 2154 3737 ac
2181 3683 2306 3738 telis
2334 3698 2429 3752 pro

871 3773 1126 3827 omnibus
1155 3773 1375 3842 objecit,
1409 3779 1638 3826 mortem
1664 3787 1821 3826 suam
1850 3787 1948 3840 pro
1987 3772 2222 3826 llliorum
2252 3774 2427 3828 salute

872 3865 929 3920 in
962 3865 1441 3923 commutationem
1473 3863 1718 3927 tradens,
1752 3873 1805 3917 et
1835 3865 1969 3917 iram
2000 3865 2107 3919 illis
2145 3864 2428 3918 imminen-

875 3966 981 4008 tem
1021 3953 1087 4006 ad
1142 3968 1200 4007 se
1227 3958 1592 4031 convertens.
1617 3949 1978 4017 Quamobrem
2003 3954 2093 4021 qui
2127 3953 2427 4008 benedictio

872 4044 967 4099 Dei
1021 4054 1159 4108 erat,
1199 4045 1377 4099 factus
1407 4038 1915 4111 estintaledictum;
1964 4052 2018 4098 et
2069 4046 2162 4115 qui
2214 4045 2426 4114 justitia

871 4141 1011 4196 erat,
1044 4133 1219 4190 factus
1240 4141 1328 4189 est
1372 4141 1654 4204 peccatum
1694 4151 1707 4186 :
1740 4133 2088 4204 furoremque
2115 4135 2208 4189 Dei
2237 4142 2425 4188 contra

869 4226 1120 4279 homines
1153 4234 1500 4295 aggravatum
1528 4226 1594 4279 ad
1629 4241 1689 4280 se
1720 4227 2066 4295 pertrahens,
2101 4227 2279 4296 ipsum
2304 4227 2425 4296 qui-

870 4320 995 4374 dem
1029 4320 1124 4374 abs
1145 4335 1202 4374 se
1226 4321 1460 4388 repulit;
1493 4319 1566 4372 ita
1602 4327 1658 4371 ut
1690 4334 1862 4387 neque
1888 4335 1946 4373 se
1981 4335 2153 4388 neque
2180 4320 2315 4374 alios
2341 4321 2424 4374 vel

869 4412 1156 4465 minimum
1200 4412 1452 4476 laederet;
1499 4411 1647 4463 illum
1684 4425 1811 4463 vero
1834 4419 2016 4477 utpote
2059 4409 2293 4473 Patrem,
2327 4409 2423 4464 bo-

866 4504 1078 4558 minum
1104 4505 1284 4574 generi
1315 4503 1587 4572 placatum
1640 4500 1901 4554 reddidit.
1934 4499 2216 4566 Quomodo
2246 4507 2421 4552 autem

865 4611 1060 4650 omnes
1092 4595 1346 4664 discipuli
1379 4594 1498 4662 ejus
1530 4579 1769 4663 tempore
1822 4591 2091 4661 passionis
2121 4591 2294 4659 ipsum
2324 4589 2426 4643 de-

867 4685 1173 4750 seruerint;
1210 4686 1300 4737 alii
1343 4691 1521 4738 autem
1555 4683 1889 4754 negaverint,
1918 4697 2024 4734 non
2059 4690 2142 4736 est
2167 4679 2308 4748 quod
2337 4692 2420 4733 re-

868 4775 1127 4840 feramus,
1188 4775 1404 4844 quando
1460 4784 1694 4845 quatuor
1730 4772 2072 4842 evangelista
2131 4769 2290 4824 simul
2339 4768 2420 4821 id-

865 4867 1045 4936 ipsuin
1095 4882 1196 4918 nos
1238 4866 1487 4919 edocent.
1532 4863 1654 4917 Haec
1687 4865 1852 4932 igitur
1896 4864 1984 4916 ille
2028 4861 2416 4931 praanuntians,

867 4958 954 5011 his
985 4957 1210 5010 vocibus
1240 4956 1586 5018 vaticinatur,
1616 4970 1753 5024 quas
1784 4953 2144 5023 Symmachus
2164 5018 2176 5027 _
2197 4950 2295 5006 bac
2329 4965 2418 5002 ra-

862 5055 1014 5103 tione
1063 5048 1447 5115 interpretatus
1474 5053 1577 5108 est,
1603 5043 1774 5113 Longe
1804 5043 1974 5112 fecisti
2013 5051 2160 5095 notos
2191 5057 2330 5095 meos
2383 5057 2418 5096 α

863 5157 946 5195 me
980 5154 998 5193 .'
1027 5129 1249 5208 posuisti
1281 5125 1358 5189 ηὶε
1405 5134 1802 5188 abominabitur
1837 5137 1987 5203 ipsis,
2018 5133 2331 5187 custoditum
2365 5143 2416 5186 et

861 5245 967 5286 non
992 5227 1422 5297 pragredientem.
1459 5222 1615 5277 Tunc
1645 5224 1827 5294 itaque
1849 5225 2026 5293 ipsum
2054 5224 2302 5296 discipuli
2325 5226 2415 5278 ab-

862 5329 1150 5389 negarunt,
1183 5333 1307 5372 cum
1359 5317 1416 5369 in
1473 5316 1635 5369 domo
1662 5315 1880 5383 Caiphae
1917 5316 2112 5370 summi
2147 5314 2414 5383 pontiﬁcis

863 5413 920 5465 in
967 5409 1618 5463 custodia-detineretur.
1645 5395 1722 5445 ’-
1757 5405 1921 5460 Vens.
1965 5407 2053 5459 10.
2113 5405 2266 5460 Oculi
2316 5406 2416 5459 nisi

859 5502 1174 5573 languerunt
1203 5516 1313 5568 prie
1347 5501 1541 5570 inopia.
1577 5498 1815 5555 Clamaoi
1836 5499 1903 5552 ad
1935 5509 2001 5562 te,
2034 5499 2270 5564 Domine,
2303 5507 2411 5552 tota

861 5595 964 5656 die,
991 5592 1216 5661 (πριιιιάί
1245 5591 1313 5644 ad
1347 5601 1394 5645 te
1422 5608 1628 5645 manus
1675 5605 1837 5644 ineas.
1890 5589 2012 5644 llaec
2047 5592 2170 5645 item
2211 5591 2411 5645 clarius

863 5682 1221 5747 Symmachus
1249 5683 1414 5737 edidit
1456 5685 1539 5739 his
1566 5685 1743 5739 verbis
1777 5703 1788 5737 :
1817 5683 2012 5736 Oculus
2046 5700 2188 5738 meus
2216 5683 2409 5756 efﬂuxit

928 5841 973 5878 ⁸⁵
1014 5838 1166 5896 Dcul.
1206 5856 1324 5904 nt,
1361 5840 1465 5906 23;
1509 5838 1622 5894 Gal.
1664 5856 1751 5909 Ill,
1795 5841 1876 5894 l3.
1952 5841 1997 5871 "
2040 5839 2076 5892 ll
2111 5840 2232 5895 Cor.
2272 5856 2323 5905 ν,
2356 5838 2446 5896 21.

2535 3412 2721 3479 θυμός
2750 3423 2886 3471 σου,
2925 3419 3022 3461 και
3071 3406 3297 3472 πάντας
3340 3407 3481 3474 τοὺς
3507 3411 3945 3478 patech
3979 3424 4095 3463 σου

2534 3501 2828 3572 ἐπήγαγες
2851 3501 2943 3554 ἐπ’
2960 3498 3084 3570 ἐμέ.
3101 3499 3238 3552 ’Δνθ’
3269 3493 3330 3553 οὗ
3359 3516 3521 3572 φησιν
3551 3503 3579 3554 6
3604 3501 3916 3572 Σύμμαχος,
3927 3499 4093 3571 ῙΕμοι

2533 3585 2842 3660 ἐπέϐρισεν
2868 3595 2902 3646 ὁ
2923 3592 3106 3661 θυμός
3131 3594 3287 3655 ’σου,
3319 3592 3416 3645 καὶ
3443 3591 3570 3658 ταῖς
3594 3593 3933 3661 καταιγίσαν
3955 3590 4094 3646 ἐκά-

2532 3681 2728 3746 κωσάς
2778 3697 2872 3749 με.
2907 3675 3008 3734 Οία
3045 3679 3153 3752 γάρ
3176 3696 3258 3742 τις
3289 3679 3634 3750 φιλόστοργος
3671 3680 3854 3752 πατὴρ
3877 3683 3936 3736 ιν
3977 3680 4097 3753 ὥρᾳ

2533 3771 2846 3843 χειμῶνοςῆ
2873 3769 3128 3840 πολέμου,
3156 3770 3393 3839 γνησίων
3422 3769 3552 3822 υίῶν
3579 3769 3948 3841 προασπίζων,
3969 3773 4094 3836 τοὺς

2534 3865 2633 3935 μὲν
2683 3863 2981 3916 ἐκάλυπτεν
3028 3860 3394 3932 ἀποκρύπτων
3446 3860 3540 3914 καὶ
3589 3861 3805 3915 σκέπων
3845 3863 3948 3916 ὑπο
3992 3863 4094 3928 τὰς

2534 3956 2670 4020 ιδίας
2697 3955 2961 4023 ἀγκάλας·
2991 3955 3182 4009 ἑαυτὸν
3200 3941 3255 4006 δὲ
3277 3953 3396 4006 ἀντὶ
3425 3952 3639 4005 πάντων
3665 3955 3787 4015 ταῖς
3813 3954 4092 4022 καταιγίσι

2530 4047 2623 4099 καὶ
2665 4047 2778 4109 τοῖς
2822 4044 2995 4114 βέλεσι
3039 4044 3284 4112 παρεῖχε,
3320 4041 3416 4112 τῆς
3443 4041 3551 4095 τῶν
3591 4041 3796 4095 παίδων
3821 4043 4093 4114 σωτηρίας

2527 4137 2618 4190 τὸν
2642 4135 2805 4190 αὑτοῦ
2832 4135 3056 4189 θάνατον
3080 4131 3710 4204 ἀντικαταλλαττόμενος,
3740 4134 3830 4187 καὶ
3857 4134 3946 4188 τὸν
3972 4136 4091 4190 κατ’

2527 4229 2748 4282 ἐκείνων
2789 4227 2960 4298 θυμὸν
2999 4228 3084 4289 είς
3113 4228 3301 4279 ἑαυτὸν
3332 4227 3705 4305 ἀποστρέφων.
3737 4229 3815 4280 Δι’
3847 4228 3875 4280 ὅ
3902 4228 4092 4297 γέγονε

2528 4321 2758 4391 κατάρα,
2802 4323 2843 4392 ὴ,
2877 4319 3091 4387 εὐλογία
3128 4318 3221 4371 τοῦ
3269 4317 3402 4371 Θεοῦ
3434 4319 3593 4383 αὐτὸς
3622 4318 3716 4372 ὢν·
3739 4320 3844 4396 ,καὶ
3869 4319 4092 4388 γέγονεν

2526 4413 2786 4483 ἁμαρτία,
2824 4411 3130 4482 δικαιοσύνη
3161 4411 3462 4481 τυγχάνων,
3504 4411 3596 4462 καὶ
3622 4410 3712 4464 τὸν
3739 4411 3857 4464 κατ’
3883 4409 4094 4483 ἀνθρὼ-

2527 4518 2643 4554 πων
2687 4498 3040 4570 ὲπιὸρίσαντα
3083 4498 3254 4568 θυμὸν
3293 4499 3387 4551 τοῦ
3433 4497 3567 4550 Θεοῦ
3601 4501 3680 4562 είς
3713 4499 3902 4554 ἑαυτὸν
3934 4517 4092 4572 περι-

2528 4593 2760 4654 σπάσας,
2795 4591 2886 4644 τὸν
2929 4591 3026 4661 μὲν
3062 4589 3123 4654 ἐξ
3153 4589 3346 4643 ἑαυτοῦ
3391 4589 3754 4651 διεσκέδασεν,
3798 4589 3875 4653 ὡς
3925 4591 4092 4662 μηδὲν

2453 4647 2496 4702 D
2529 4683 2649 4755 μήτ’
2676 4647 2855 4745 asiam
2884 4647 3007 4752 μήθ’
3033 4647 3250 4752 ἑτέρους
3271 4678 3538 4750 ἀδικῆσαι·
3573 4678 3664 4731 τὸν
3685 4647 4091 4752 δ’ὀῖαἿΠατὶρα

2522 4771 2680 4823 ῐλεων
2707 4768 2786 4838 τῷ
2814 4767 2923 4820 τῶν
2951 4766 3253 4838 ἀνθρώπων
3295 4765 3664 4836 κατεστήσατο
3702 4765 3856 4831 γένει.
3901 4767 4091 4832 Ὅπως

2507 4862 2577 4914 -δὲ
2601 4863 2797 4925 πάντες
2821 4863 2870 4914 οἱ
2902 4859 3138 4931 μαθηταὶ
3160 4855 3607 4914 καταλελοίπασιν
3633 4857 3792 4912 αὐτὸν
3818 4860 3969 4931 παρά
3996 4861 4090 4914 τὸν

2519 4955 2706 5026 καιρὸν
2736 4953 2830 5007 τοῦ
2870 4953 3093 5016 πάθους,
3135 4953 3185 5004 oi
3231 4951 3285 5006 δὲ
3336 4953 3430 5005 καὶ
3460 4953 3783 5022 ἠρνήσαντο,
3814 4952 3965 5006 οὐδὲν
4005 4954 4091 5007 δεῖ

2514 5044 2713 5114 λέγειν,
2765 5046 2873 5100 τῶν
2918 5045 3196 5117 τεσσάρων
3237 5041 3635 5110 εὐαηελιπῶν
3679 5042 3980 5113 συμφώνως
4015 5044 4089 5100 τά

2516 5138 2654 5191 αὐτὰ
2681 5137 3055 5191 διδασκόντων.
3081 5135 3230 5189 sua
3251 5133 3314 5204 δὴ
3346 5129 3439 5186 οὖν
3464 5132 3636 5186 ταῦτα
3669 5134 3917 5205 προλέγει
3947 5152 4086 5207 προς-

2514 5229 2758 5297 φητεύων
2789 5229 2852 5281 τὸ
2888 5227 3080 5299 μέλλον
3107 5227 3197 5281 διὰ
3226 5226 3336 5278 τῶν
3381 5209 3752 5295 προκειμένων
3781 5225 3993 5296 φωνῶν,
4017 5225 4089 5290 ἃς

2512 5321 2540 5372 6
2570 5321 2862 5392 Σύμμαχος
2889 5319 3079 5373 τοῦτον
3103 5317 3413 5389 ἡρμήνευσε
3445 5316 3535 5371 τὸν
3565 5317 3784 5388 τρόπον’
3809 5346 3812 5349 -
3837 5318 4085 5385 Μακρὸν

2511 5412 2802 5480 ἐποίησας
2837 5413 2981 5479 τοὺς
3024 5408 3332 5474 γνωτούς
3365 5426 3483 5478 μου
3519 5409 3618 5463 ἀπ’
3651 5409 3818 5479 ἐμοῦο
3863 5405 4085 5473 εταξός

2508 5501 2584 5571 με
2606 5502 2949 5566 βδελυκτὸν
2972 5498 3197 5564 αὐτοῖς,
3224 5500 3666 5569 φρουρούμενον
3701 5500 3798 5554 καὶ
3819 5497 3906 5569 μὴ
3937 5513 4084 5565 προ·

2513 5594 2854 5660 ερχόμεγον.
2893 5591 3027 5644 Τότε
3054 5587 3186 5660 γοῦν
3231 5588 3380 5642 ιϋτὸν
3419 5591 3512 5646 καὶ
3541 5591 3842 5662 ήρνήσαντο
3882 5590 3931 5642 οι
3967 5603 4084 5657 ,μα-

2509 5685 2690 5756 θηταὶ,
2724 5685 2884 5755 ήνίκα
2908 5683 3218 5754 ἐφρουρεῖτο
3244 5681 3300 5737 ὲν
3330 5684 3398 5753 τῇ
3430 5682 3830 5756 οίκίᾳίΚαῖάφα
3859 5677 3951 5734 τοῦ
3974 5677 4082 5751 ’ἀρ-

2522 5842 2564 5873 ’τ
2605 5839 2708 5897 lsa.
2735 5855 2836 5895 'Lllt
2850 5881 2866 5906 ,
2899 5838 3016 5894 3-5.
