  <div class='ocr_page' id='page_1' title='image "/cluster/home/n/w/nwhite01/storage/ocr_20150623/23/coo.31924054873041/548.png"; bbox 0 0 4406 6420; ppageno 0'>
   <div class='ocr_carea' id='block_1_1' title="bbox 328 500 457 559">
    <p class='ocr_par' dir='ltr' id='par_1_1' title="bbox 328 500 457 559">
     <span class='ocr_line' id='line_1_1' title="bbox 328 500 457 559; baseline -0.031 0"><span class='ocrx_word' id='word_1_1' title='bbox 328 500 457 559; x_wconf 64' lang='grc'><strong>0061</strong></span> 
     </span>
    </p>
   </div>
   <div class='ocr_carea' id='block_1_2' title="bbox 1473 494 2445 559">
    <p class='ocr_par' dir='ltr' id='par_1_2' title="bbox 1473 494 2445 559">
     <span class='ocr_line' id='line_1_2' title="bbox 1473 494 2445 559; baseline -0.005 0"><span class='ocrx_word' id='word_1_2' title='bbox 1473 502 1963 559; x_wconf 78' lang='lat' dir='ltr'><strong>COMMENTARIA</strong></span> <span class='ocrx_word' id='word_1_3' title='bbox 2007 494 2072 557; x_wconf 80' lang='grc' dir='ltr'><strong>ΙΝ</strong></span> <span class='ocrx_word' id='word_1_4' title='bbox 2109 494 2445 558; x_wconf 66' lang='grc' dir='ltr'><strong>ΡδΑΙιΜΟΞ.</strong></span> 
     </span>
    </p>
   </div>
   <div class='ocr_carea' id='block_1_3' title="bbox 3398 510 3535 566">
    <p class='ocr_par' dir='ltr' id='par_1_3' title="bbox 3398 510 3535 566">
     <span class='ocr_line' id='line_1_3' title="bbox 3398 510 3535 566; baseline 0.015 -2"><span class='ocrx_word' id='word_1_5' title='bbox 3398 510 3535 566; x_wconf 65' lang='lat' dir='ltr'><strong>i063</strong></span> 
     </span>
    </p>
   </div>
   <div class='ocr_carea' id='block_1_4' title="bbox 325 620 2065 693">
    <p class='ocr_par' dir='ltr' id='par_1_4' title="bbox 325 620 2065 693">
     <span class='ocr_line' id='line_1_4' title="bbox 325 620 2065 693; baseline -0.001 -18"><span class='ocrx_word' id='word_1_6' title='bbox 325 621 568 693; x_wconf 77' lang='grc' dir='ltr'>χιερέως.</span> <span class='ocrx_word' id='word_1_7' title='bbox 607 624 669 675; x_wconf 84' lang='grc' dir='ltr'><em>Οἱ</em></span> <span class='ocrx_word' id='word_1_8' title='bbox 713 620 1001 691; x_wconf 64' lang='grc' dir='ltr'><strong>ὀφθαλμοί</strong></span> <span class='ocrx_word' id='word_1_9' title='bbox 1047 641 1164 692; x_wconf 80' lang='grc' dir='ltr'><strong>μου</strong></span> <span class='ocrx_word' id='word_1_10' title='bbox 1202 623 1550 689; x_wconf 74' lang='grc' dir='ltr'>ήσθένησιιν</span> <span class='ocrx_word' id='word_1_11' title='bbox 1578 624 1691 677; x_wconf 82' lang='grc' dir='ltr'>ἀπὸ</span> <span class='ocrx_word' id='word_1_12' title='bbox 1733 636 1881 675; x_wconf 83' lang='grc' dir='ltr'>πτω-</span> <span class='ocrx_word' id='word_1_13' title='bbox 1912 634 1956 687; x_wconf 79' lang='grc' dir='ltr'>Α</span> <span class='ocrx_word' id='word_1_14' title='bbox 1985 638 2065 688; x_wconf 82' lang='lat' dir='ltr'><strong>prc</strong></span> 
     </span>
    </p>
   </div>
   <div class='ocr_carea' id='block_1_5' title="bbox 1790 620 3530 693">
    <p class='ocr_par' dir='ltr' id='par_1_5' title="bbox 1790 624 3530 693">
     <span class='ocr_line' id='line_1_5' title="bbox 1790 624 3530 693; baseline 0.005 -18"><span class='ocrx_word' id='word_1_15' title='bbox 1790 640 1881 675; x_wconf 74' lang='grc' dir='ltr'><strong>τω·</strong></span> <span class='ocrx_word' id='word_1_16' title='bbox 1912 634 1956 687; x_wconf 79' lang='grc' dir='ltr'>Α</span> <span class='ocrx_word' id='word_1_17' title='bbox 1985 631 2191 689; x_wconf 75' lang='lat' dir='ltr'><strong>propter</strong></span> <span class='ocrx_word' id='word_1_18' title='bbox 2222 627 2543 676; x_wconf 70' lang='lat' dir='ltr'><strong>vexationem</strong></span> <span class='ocrx_word' id='word_1_19' title='bbox 2584 639 2600 674; x_wconf 93' lang='lat'><em>:</em></span> <span class='ocrx_word' id='word_1_20' title='bbox 2637 624 2943 677; x_wconf 78' lang='lat' dir='ltr'><strong>invocavite</strong></span> <span class='ocrx_word' id='word_1_21' title='bbox 2967 626 3183 693; x_wconf 78' lang='lat' dir='ltr'><strong>singulis</strong></span> <span class='ocrx_word' id='word_1_22' title='bbox 3213 627 3413 691; x_wconf 86' lang='lat' dir='ltr'><strong>diebus,</strong></span> <span class='ocrx_word' id='word_1_23' title='bbox 3436 646 3530 684; x_wconf 74' lang='lat' dir='ltr'><strong>es:-</strong></span> 
     </span>
    </p>
   </div>
   <div class='ocr_carea' id='block_1_6' title="bbox 324 713 1881 791">
    <p class='ocr_par' dir='ltr' id='par_1_6' title="bbox 324 713 1881 791">
     <span class='ocr_line' id='line_1_6' title="bbox 324 713 1881 791; baseline -0.001 -24"><span class='ocrx_word' id='word_1_24' title='bbox 324 715 510 783; x_wconf 80' lang='grc' dir='ltr'>χειας.</span> <span class='ocrx_word' id='word_1_25' title='bbox 549 713 869 791; x_wconf 68' lang='grc' dir='ltr'>Ἐκέκραξα</span> <span class='ocrx_word' id='word_1_26' title='bbox 918 714 1065 781; x_wconf 75' lang='grc' dir='ltr'>πρὸς</span> <span class='ocrx_word' id='word_1_27' title='bbox 1085 714 1177 779; x_wconf 86' lang='grc' dir='ltr'>σὲ,</span> <span class='ocrx_word' id='word_1_28' title='bbox 1203 716 1394 780; x_wconf 84' lang='grc' dir='ltr'>Κύριε,</span> <span class='ocrx_word' id='word_1_29' title='bbox 1423 715 1573 781; x_wconf 83' lang='grc' dir='ltr'>ὅλην</span> <span class='ocrx_word' id='word_1_30' title='bbox 1600 715 1712 780; x_wconf 79' lang='grc' dir='ltr'><strong>τὴν</strong></span> <span class='ocrx_word' id='word_1_31' title='bbox 1742 714 1881 782; x_wconf 72' lang='grc' dir='ltr'>ἠμέ-</span> 
     </span>
    </p>
   </div>
   <div class='ocr_carea' id='block_1_7' title="bbox 316 802 1882 873">
    <p class='ocr_par' dir='ltr' id='par_1_7' title="bbox 316 802 1882 873">
     <span class='ocr_line' id='line_1_7' title="bbox 316 802 1882 873; baseline 0 -18"><span class='ocrx_word' id='word_1_32' title='bbox 316 819 454 871; x_wconf 76' lang='grc' dir='ltr'>ραν,</span> <span class='ocrx_word' id='word_1_33' title='bbox 486 802 803 857; x_wconf 72' lang='grc' dir='ltr'>διεπέτασα</span> <span class='ocrx_word' id='word_1_34' title='bbox 826 804 977 871; x_wconf 71' lang='grc' dir='ltr'>πρὸς</span> <span class='ocrx_word' id='word_1_35' title='bbox 1004 804 1077 857; x_wconf 90' lang='grc' dir='ltr'>σὲ</span> <span class='ocrx_word' id='word_1_36' title='bbox 1100 805 1203 869; x_wconf 76' lang='grc' dir='ltr'>τὰς</span> <span class='ocrx_word' id='word_1_37' title='bbox 1230 803 1429 873; x_wconf 81' lang='grc' dir='ltr'>χεῖράς</span> <span class='ocrx_word' id='word_1_38' title='bbox 1451 823 1589 873; x_wconf 81' lang='grc' dir='ltr'>μου.</span> <span class='ocrx_word' id='word_1_39' title='bbox 1618 804 1882 870; x_wconf 86' lang='grc' dir='ltr'>Σαφέστε-</span> 
     </span>
    </p>
   </div>
   <div class='ocr_carea' id='block_1_8' title="bbox 326 893 1883 965">
    <p class='ocr_par' dir='ltr' id='par_1_8' title="bbox 326 893 1883 965">
     <span class='ocr_line' id='line_1_8' title="bbox 326 893 1883 965; baseline 0 -19"><span class='ocrx_word' id='word_1_40' title='bbox 326 911 415 965; x_wconf 86' lang='grc' dir='ltr'>ρον</span> <span class='ocrx_word' id='word_1_41' title='bbox 447 894 541 945; x_wconf 74' lang='grc' dir='ltr'>καὶ</span> <span class='ocrx_word' id='word_1_42' title='bbox 566 893 737 947; x_wconf 83' lang='grc' dir='ltr'>ταῦτα</span> <span class='ocrx_word' id='word_1_43' title='bbox 773 896 801 946; x_wconf 99' lang='lat'><strong>6</strong></span> <span class='ocrx_word' id='word_1_44' title='bbox 827 896 1124 965; x_wconf 78' lang='grc' dir='ltr'><strong>Σύμμαχος</strong></span> <span class='ocrx_word' id='word_1_45' title='bbox 1168 895 1424 958; x_wconf 78' lang='grc' dir='ltr'><strong>ἐξέδωκεν</strong></span> <span class='ocrx_word' id='word_1_46' title='bbox 1466 894 1651 947; x_wconf 77' lang='grc' dir='ltr'>εἰπών·</span> <span class='ocrx_word' id='word_1_47' title='bbox 1692 896 1745 946; x_wconf 88' lang='lat'><strong>&#39;0</strong></span> <span class='ocrx_word' id='word_1_48' title='bbox 1779 896 1883 962; x_wconf 72' lang='lat'><strong>650-</strong></span> 
     </span>
    </p>
   </div>
   <div class='ocr_carea' id='block_1_9' title="bbox 325 983 1878 1053">
    <p class='ocr_par' dir='ltr' id='par_1_9' title="bbox 325 983 1878 1053">
     <span class='ocr_line' id='line_1_9' title="bbox 325 983 1878 1053; baseline -0.001 -15"><span class='ocrx_word' id='word_1_49' title='bbox 325 986 545 1053; x_wconf 75' lang='grc' dir='ltr'>θαλμός</span> <span class='ocrx_word' id='word_1_50' title='bbox 571 1002 689 1053; x_wconf 85' lang='grc' dir='ltr'>μου</span> <span class='ocrx_word' id='word_1_51' title='bbox 718 983 1071 1052; x_wconf 80' lang='grc' dir='ltr'>ἐξέρρευσεν</span> <span class='ocrx_word' id='word_1_52' title='bbox 1102 985 1214 1037; x_wconf 74' lang='grc' dir='ltr'>ἀπὸ</span> <span class='ocrx_word' id='word_1_53' title='bbox 1247 983 1356 1049; x_wconf 84' lang='grc' dir='ltr'>τῆς</span> <span class='ocrx_word' id='word_1_54' title='bbox 1388 983 1718 1048; x_wconf 80' lang='grc' dir='ltr'><strong>κακώσεως·</strong></span> <span class='ocrx_word' id='word_1_55' title='bbox 1748 985 1878 1036; x_wconf 78' lang='grc' dir='ltr'>ἐπε-</span> 
     </span>
    </p>
   </div>
   <div class='ocr_carea' id='block_1_10' title="bbox 320 1073 1882 1144">
    <p class='ocr_par' dir='ltr' id='par_1_10' title="bbox 320 1073 1882 1144">
     <span class='ocr_line' id='line_1_10' title="bbox 320 1073 1882 1144; baseline -0.002 -15"><span class='ocrx_word' id='word_1_56' title='bbox 320 1074 673 1144; x_wconf 61' lang='lat' dir='ltr'><strong>ualeatier</strong></span> <span class='ocrx_word' id='word_1_57' title='bbox 715 1088 788 1127; x_wconf 80' lang='grc' dir='ltr'><strong>σε</strong></span> <span class='ocrx_word' id='word_1_58' title='bbox 820 1075 945 1128; x_wconf 80' lang='grc' dir='ltr'>καθ’</span> <span class='ocrx_word' id='word_1_59' title='bbox 972 1073 1234 1141; x_wconf 81' lang='grc' dir='ltr'>ἑκάστην</span> <span class='ocrx_word' id='word_1_60' title='bbox 1278 1074 1524 1142; x_wconf 79' lang='grc' dir='ltr'><strong>ἡμέραν,</strong></span> <span class='ocrx_word' id='word_1_61' title='bbox 1562 1073 1882 1128; x_wconf 81' lang='grc' dir='ltr'>διεπέτασα</span> 
     </span>
    </p>
   </div>
   <div class='ocr_carea' id='block_1_11' title="bbox 320 1162 1882 1235">
    <p class='ocr_par' dir='ltr' id='par_1_11' title="bbox 320 1162 1882 1235">
     <span class='ocr_line' id='line_1_11' title="bbox 320 1162 1882 1235; baseline 0 -18"><span class='ocrx_word' id='word_1_62' title='bbox 320 1165 470 1232; x_wconf 75' lang='grc' dir='ltr'>πρὸς</span> <span class='ocrx_word' id='word_1_63' title='bbox 502 1163 578 1217; x_wconf 73' lang='grc' dir='ltr'>σὲ</span> <span class='ocrx_word' id='word_1_64' title='bbox 612 1163 718 1228; x_wconf 80' lang='grc' dir='ltr'>τὰς</span> <span class='ocrx_word' id='word_1_65' title='bbox 763 1162 958 1231; x_wconf 63' lang='grc' dir='ltr'>χεῷἁς</span> <span class='ocrx_word' id='word_1_66' title='bbox 985 1181 1121 1230; x_wconf 84' lang='grc' dir='ltr'>μου.</span> <span class='ocrx_word' id='word_1_67' title='bbox 1174 1163 1497 1234; x_wconf 82' lang='grc' dir='ltr'>Ἀπεκλᾲετο</span> <span class='ocrx_word' id='word_1_68' title='bbox 1537 1164 1644 1235; x_wconf 82' lang='grc' dir='ltr'>γὰρ</span> <span class='ocrx_word' id='word_1_69' title='bbox 1674 1166 1760 1217; x_wconf 76' lang='grc' dir='ltr'><strong>ἀεὶ</strong></span> <span class='ocrx_word' id='word_1_70' title='bbox 1787 1166 1882 1228; x_wconf 88' lang='grc' dir='ltr'>τὰς</span> 
     </span>
    </p>
   </div>
   <div class='ocr_carea' id='block_1_12' title="bbox 318 1240 1881 1326">
    <p class='ocr_par' dir='ltr' id='par_1_12' title="bbox 318 1240 1881 1326">
     <span class='ocr_line' id='line_1_12' title="bbox 318 1240 1881 1326; baseline 0 -19"><span class='ocrx_word' id='word_1_71' title='bbox 318 1256 426 1307; x_wconf 84' lang='grc' dir='ltr'><strong>τῶν</strong></span> <span class='ocrx_word' id='word_1_72' title='bbox 473 1254 769 1326; x_wconf 83' lang='grc' dir='ltr'>ἀνθρώπων</span> <span class='ocrx_word' id='word_1_73' title='bbox 824 1240 1210 1323; x_wconf 72' lang='grc' dir='ltr'>ταλαιπωρίας,</span> <span class='ocrx_word' id='word_1_74' title='bbox 1263 1255 1354 1306; x_wconf 76' lang='grc' dir='ltr'>καὶ</span> <span class='ocrx_word' id='word_1_75' title='bbox 1408 1255 1532 1317; x_wconf 84' lang='grc' dir='ltr'>τοὺς</span> <span class='ocrx_word' id='word_1_76' title='bbox 1571 1254 1881 1325; x_wconf 84' lang='grc' dir='ltr'>ὀφθαλμοὺς</span> 
     </span>
    </p>
   </div>
   <div class='ocr_carea' id='block_1_13' title="bbox 320 1344 1880 1414">
    <p class='ocr_par' dir='ltr' id='par_1_13' title="bbox 320 1344 1880 1414">
     <span class='ocr_line' id='line_1_13' title="bbox 320 1344 1880 1414; baseline -0.001 -15"><span class='ocrx_word' id='word_1_77' title='bbox 320 1347 509 1400; x_wconf 84' lang='grc' dir='ltr'>ἑαυτοῦ</span> <span class='ocrx_word' id='word_1_78' title='bbox 535 1345 834 1399; x_wconf 83' lang='grc' dir='ltr'>κατεπόνει.</span> <span class='ocrx_word' id='word_1_79' title='bbox 864 1344 1087 1414; x_wconf 84' lang='grc' dir='ltr'>δάκρυσι</span> <span class='ocrx_word' id='word_1_80' title='bbox 1119 1344 1328 1397; x_wconf 84' lang='grc' dir='ltr'>πενθῶν</span> <span class='ocrx_word' id='word_1_81' title='bbox 1353 1344 1449 1414; x_wconf 83' lang='grc' dir='ltr'><strong>τὴν</strong></span> <span class='ocrx_word' id='word_1_82' title='bbox 1482 1344 1750 1397; x_wconf 86' lang='grc' dir='ltr'>ἀπώλειαν</span> <span class='ocrx_word' id='word_1_83' title='bbox 1774 1345 1880 1397; x_wconf 85' lang='grc' dir='ltr'><strong>τῶν</strong></span> 
     </span>
    </p>
   </div>
   <div class='ocr_carea' id='block_1_14' title="bbox 270 1434 1881 1507">
    <p class='ocr_par' dir='ltr' id='par_1_14' title="bbox 270 1434 1881 1507">
     <span class='ocr_line' id='line_1_14' title="bbox 270 1434 1881 1507; baseline -0.004 -15"><span class='ocrx_word' id='word_1_84' title='bbox 270 1498 273 1499; x_wconf 22' lang='grc' dir='ltr'><strong>ν</strong></span> <span class='ocrx_word' id='word_1_85' title='bbox 324 1436 397 1507; x_wconf 82' lang='grc' dir='ltr'>μὴ</span> <span class='ocrx_word' id='word_1_86' title='bbox 431 1434 873 1504; x_wconf 79' lang='grc' dir='ltr'><strong>καταδεξαμένων</strong></span> <span class='ocrx_word' id='word_1_87' title='bbox 903 1436 1081 1487; x_wconf 82' lang='grc' dir='ltr'>αὐτόν.</span> <span class='ocrx_word' id='word_1_88' title='bbox 1130 1435 1239 1487; x_wconf 74' lang='grc' dir='ltr'><strong>Καὶ</strong></span> <span class='ocrx_word' id='word_1_89' title='bbox 1282 1434 1356 1497; x_wconf 84' lang='grc' dir='ltr'>ὡς</span> <span class='ocrx_word' id='word_1_90' title='bbox 1387 1434 1485 1506; x_wconf 82' lang='grc' dir='ltr'>τὴν</span> <span class='ocrx_word' id='word_1_91' title='bbox 1534 1434 1881 1505; x_wconf 76' lang='grc' dir='ltr'>Ἰερουσαλὴμ</span> 
     </span>
    </p>
   </div>
   <div class='ocr_carea' id='block_1_15' title="bbox 320 1520 1879 1595">
    <p class='ocr_par' dir='ltr' id='par_1_15' title="bbox 320 1520 1879 1595">
     <span class='ocr_line' id='line_1_15' title="bbox 320 1520 1879 1595; baseline -0.002 -16"><span class='ocrx_word' id='word_1_92' title='bbox 320 1526 713 1587; x_wconf 80' lang='grc' dir='ltr'>ἀπεκλαύσατο,</span> <span class='ocrx_word' id='word_1_93' title='bbox 746 1524 917 1587; x_wconf 79' lang='grc' dir='ltr'>οὕτως</span> <span class='ocrx_word' id='word_1_94' title='bbox 959 1525 1099 1589; x_wconf 82' lang='grc' dir='ltr'>εἰκὸς</span> <span class='ocrx_word' id='word_1_95' title='bbox 1140 1520 1207 1595; x_wconf 78' lang='grc' dir='ltr'>ἦν</span> <span class='ocrx_word' id='word_1_96' title='bbox 1240 1526 1334 1578; x_wconf 77' lang='grc' dir='ltr'><strong>καὶ</strong></span> <span class='ocrx_word' id='word_1_97' title='bbox 1369 1525 1460 1577; x_wconf 82' lang='grc' dir='ltr'>τοῦ</span> <span class='ocrx_word' id='word_1_98' title='bbox 1493 1525 1879 1595; x_wconf 77' lang='grc' dir='ltr'><strong>προδεδωκότος</strong></span> 
     </span>
    </p>
   </div>
   <div class='ocr_carea' id='block_1_16' title="bbox 318 1614 1879 1685">
    <p class='ocr_par' dir='ltr' id='par_1_16' title="bbox 318 1614 1879 1685">
     <span class='ocr_line' id='line_1_16' title="bbox 318 1614 1879 1685; baseline -0.003 -16"><span class='ocrx_word' id='word_1_99' title='bbox 318 1617 478 1669; x_wconf 76' lang='grc' dir='ltr'>αὑτὸν</span> <span class='ocrx_word' id='word_1_100' title='bbox 509 1614 801 1669; x_wconf 75' lang='grc' dir='ltr'>ἀποστόλου</span> <span class='ocrx_word' id='word_1_101' title='bbox 826 1614 922 1685; x_wconf 83' lang='grc' dir='ltr'><strong>τὴν</strong></span> <span class='ocrx_word' id='word_1_102' title='bbox 945 1614 1255 1667; x_wconf 87' lang='grc' dir='ltr'>ἀπόπτωσιν</span> <span class='ocrx_word' id='word_1_103' title='bbox 1286 1614 1377 1666; x_wconf 70' lang='grc' dir='ltr'>καὶ</span> <span class='ocrx_word' id='word_1_104' title='bbox 1399 1615 1490 1666; x_wconf 79' lang='grc' dir='ltr'><strong>τοῦ</strong></span> <span class='ocrx_word' id='word_1_105' title='bbox 1517 1614 1714 1675; x_wconf 82' lang='grc' dir='ltr'>παντὸς</span> <span class='ocrx_word' id='word_1_106' title='bbox 1751 1615 1879 1665; x_wconf 89' lang='grc' dir='ltr'>Ἰου-</span> 
     </span>
    </p>
   </div>
   <div class='ocr_carea' id='block_1_17' title="bbox 1982 712 3533 784">
    <p class='ocr_par' dir='ltr' id='par_1_17' title="bbox 1982 712 3533 784">
     <span class='ocr_line' id='line_1_17' title="bbox 1982 712 3533 784; baseline 0.005 -19"><span class='ocrx_word' id='word_1_107' title='bbox 1982 713 2142 780; x_wconf 84' lang='lat' dir='ltr'><strong>pandi</strong></span> <span class='ocrx_word' id='word_1_108' title='bbox 2169 712 2237 765; x_wconf 88' lang='lat' dir='ltr'><strong>ad</strong></span> <span class='ocrx_word' id='word_1_109' title='bbox 2265 722 2313 765; x_wconf 89' lang='lat' dir='ltr'><strong>te</strong></span> <span class='ocrx_word' id='word_1_110' title='bbox 2335 729 2518 764; x_wconf 88' lang='lat' dir='ltr'><strong>manus</strong></span> <span class='ocrx_word' id='word_1_111' title='bbox 2544 724 2705 765; x_wconf 85' lang='lat' dir='ltr'><strong>meas.</strong></span> <span class='ocrx_word' id='word_1_112' title='bbox 2737 712 2805 765; x_wconf 88' lang='lat' dir='ltr'><strong>At</strong></span> <span class='ocrx_word' id='word_1_113' title='bbox 2824 715 2969 768; x_wconf 91' lang='lat' dir='ltr'><strong>enim</strong></span> <span class='ocrx_word' id='word_1_114' title='bbox 3014 729 3226 784; x_wconf 86' lang='lat' dir='ltr'><strong>semper</strong></span> <span class='ocrx_word' id='word_1_115' title='bbox 3252 717 3533 773; x_wconf 85' lang='lat' dir='ltr'><strong>hominum</strong></span> 
     </span>
    </p>
   </div>
   <div class='ocr_carea' id='block_1_18' title="bbox 1982 802 3531 877">
    <p class='ocr_par' dir='ltr' id='par_1_18' title="bbox 1982 802 3531 877">
     <span class='ocr_line' id='line_1_18' title="bbox 1982 802 3531 877; baseline 0.005 -22"><span class='ocrx_word' id='word_1_116' title='bbox 1982 804 2231 858; x_wconf 83' lang='lat' dir='ltr'><strong>miserias</strong></span> <span class='ocrx_word' id='word_1_117' title='bbox 2256 802 2513 877; x_wconf 81' lang='lat' dir='ltr'><strong>deﬂebat,</strong></span> <span class='ocrx_word' id='word_1_118' title='bbox 2548 805 2845 873; x_wconf 77' lang='lat' dir='ltr'><strong>oculosque</strong></span> <span class='ocrx_word' id='word_1_119' title='bbox 2874 804 3138 874; x_wconf 78' lang='lat' dir='ltr'><strong>atﬂigebat</strong></span> <span class='ocrx_word' id='word_1_120' title='bbox 3164 821 3315 869; x_wconf 86' lang='lat' dir='ltr'><strong>suos,</strong></span> <span class='ocrx_word' id='word_1_121' title='bbox 3341 814 3531 861; x_wconf 84' lang='lat' dir='ltr'><strong>eorum</strong></span> 
     </span>
    </p>
   </div>
   <div class='ocr_carea' id='block_1_19' title="bbox 1981 893 3537 967">
    <p class='ocr_par' dir='ltr' id='par_1_19' title="bbox 1981 893 3537 967">
     <span class='ocr_line' id='line_1_19' title="bbox 1981 893 3537 967; baseline 0.006 -22"><span class='ocrx_word' id='word_1_122' title='bbox 1981 893 2072 962; x_wconf 90' lang='lat' dir='ltr'><strong>qui</strong></span> <span class='ocrx_word' id='word_1_123' title='bbox 2104 908 2163 947; x_wconf 91' lang='lat' dir='ltr'><strong>se</strong></span> <span class='ocrx_word' id='word_1_124' title='bbox 2185 908 2291 946; x_wconf 92' lang='lat' dir='ltr'><strong>non</strong></span> <span class='ocrx_word' id='word_1_125' title='bbox 2324 903 2677 962; x_wconf 78' lang='lat' dir='ltr'><strong>susceperant</strong></span> <span class='ocrx_word' id='word_1_126' title='bbox 2698 895 2992 964; x_wconf 86' lang='lat' dir='ltr'><strong>perniciem</strong></span> <span class='ocrx_word' id='word_1_127' title='bbox 3016 896 3319 964; x_wconf 84' lang='lat' dir='ltr'><strong>deplorans.</strong></span> <span class='ocrx_word' id='word_1_128' title='bbox 3356 894 3537 967; x_wconf 80' lang='lat' dir='ltr'><strong>Atque</strong></span> 
     </span>
    </p>
   </div>
   <div class='ocr_carea' id='block_1_20' title="bbox 1981 981 3532 1055">
    <p class='ocr_par' dir='ltr' id='par_1_20' title="bbox 1981 981 3532 1055">
     <span class='ocr_line' id='line_1_20' title="bbox 1981 981 3532 1055; baseline 0.004 -20"><span class='ocrx_word' id='word_1_129' title='bbox 1981 990 2041 1035; x_wconf 89' lang='lat' dir='ltr'><strong>ut</strong></span> <span class='ocrx_word' id='word_1_130' title='bbox 2084 981 2506 1052; x_wconf 77' lang='lat' dir='ltr'><strong>Hierosolymam</strong></span> <span class='ocrx_word' id='word_1_131' title='bbox 2539 984 2791 1055; x_wconf 85' lang='lat' dir='ltr'><strong>lacrymis</strong></span> <span class='ocrx_word' id='word_1_132' title='bbox 2825 985 3276 1053; x_wconf 76' lang='lat' dir='ltr'><strong>prosequebatur;</strong></span> <span class='ocrx_word' id='word_1_133' title='bbox 3323 987 3396 1040; x_wconf 84' lang='lat' dir='ltr'><strong>ita</strong></span> <span class='ocrx_word' id='word_1_134' title='bbox 3435 1003 3532 1055; x_wconf 88' lang='lat' dir='ltr'><strong>par</strong></span> 
     </span>
    </p>
   </div>
   <div class='ocr_carea' id='block_1_21' title="bbox 1979 1074 3532 1146">
    <p class='ocr_par' dir='ltr' id='par_1_21' title="bbox 1979 1074 3532 1146">
     <span class='ocr_line' id='line_1_21' title="bbox 1979 1074 3532 1146; baseline 0.003 -19"><span class='ocrx_word' id='word_1_135' title='bbox 1979 1080 2096 1127; x_wconf 89' lang='lat' dir='ltr'><strong>erat</strong></span> <span class='ocrx_word' id='word_1_136' title='bbox 2123 1088 2245 1128; x_wconf 88' lang='lat' dir='ltr'><strong>eum</strong></span> <span class='ocrx_word' id='word_1_137' title='bbox 2276 1081 2458 1142; x_wconf 91' lang='lat' dir='ltr'><strong>utpote</strong></span> <span class='ocrx_word' id='word_1_138' title='bbox 2488 1074 2764 1128; x_wconf 87' lang='lat' dir='ltr'><strong>hominum</strong></span> <span class='ocrx_word' id='word_1_139' title='bbox 2798 1077 3398 1146; x_wconf 86' lang='lat' dir='ltr'><strong>amantem,optimique</strong></span> <span class='ocrx_word' id='word_1_140' title='bbox 3428 1078 3532 1131; x_wconf 78' lang='lat' dir='ltr'><strong>Pa—</strong></span> 
     </span>
    </p>
   </div>
   <div class='ocr_carea' id='block_1_22' title="bbox 1983 1162 3528 1232">
    <p class='ocr_par' dir='ltr' id='par_1_22' title="bbox 1983 1162 3528 1232">
     <span class='ocr_line' id='line_1_22' title="bbox 1983 1162 3528 1232; baseline 0.003 -19"><span class='ocrx_word' id='word_1_141' title='bbox 1983 1162 2082 1217; x_wconf 84' lang='lat' dir='ltr'><strong>tris</strong></span> <span class='ocrx_word' id='word_1_142' title='bbox 2112 1162 2300 1227; x_wconf 81' lang='lat' dir='ltr'><strong>lilium,</strong></span> <span class='ocrx_word' id='word_1_143' title='bbox 2333 1163 2627 1232; x_wconf 85' lang='lat' dir='ltr'><strong>proditoris</strong></span> <span class='ocrx_word' id='word_1_144' title='bbox 2657 1164 2885 1231; x_wconf 86' lang='lat' dir='ltr'><strong>apostoli</strong></span> <span class='ocrx_word' id='word_1_145' title='bbox 2919 1178 3129 1231; x_wconf 85' lang='lat' dir='ltr'><strong>casum,</strong></span> <span class='ocrx_word' id='word_1_146' title='bbox 3154 1166 3317 1219; x_wconf 86' lang='lat' dir='ltr'><strong>totius</strong></span> <span class='ocrx_word' id='word_1_147' title='bbox 3338 1163 3528 1220; x_wconf 82' lang='lat' dir='ltr'><strong>Judai-</strong></span> 
     </span>
    </p>
   </div>
   <div class='ocr_carea' id='block_1_23' title="bbox 1981 1252 3531 1325">
    <p class='ocr_par' dir='ltr' id='par_1_23' title="bbox 1981 1252 3531 1325">
     <span class='ocr_line' id='line_1_23' title="bbox 1981 1252 3531 1325; baseline 0.003 -19"><span class='ocrx_word' id='word_1_148' title='bbox 1981 1266 2057 1306; x_wconf 62' lang='lat' dir='ltr'><strong>ca:</strong></span> <span class='ocrx_word' id='word_1_149' title='bbox 2081 1252 2258 1323; x_wconf 88' lang='lat' dir='ltr'><strong>gentis</strong></span> <span class='ocrx_word' id='word_1_150' title='bbox 2292 1252 2675 1321; x_wconf 86' lang='lat' dir='ltr'><strong>abjectionem,</strong></span> <span class='ocrx_word' id='word_1_151' title='bbox 2706 1267 2771 1306; x_wconf 90' lang='lat' dir='ltr'><strong>ac</strong></span> <span class='ocrx_word' id='word_1_152' title='bbox 2796 1253 3129 1322; x_wconf 88' lang='lat' dir='ltr'><strong>reliquorum</strong></span> <span class='ocrx_word' id='word_1_153' title='bbox 3159 1256 3250 1325; x_wconf 89' lang='lat' dir='ltr'><strong>qui</strong></span> <span class='ocrx_word' id='word_1_154' title='bbox 3284 1258 3531 1325; x_wconf 82' lang='lat' dir='ltr'><strong>peribant</strong></span> 
     </span>
    </p>
   </div>
   <div class='ocr_carea' id='block_1_24' title="bbox 1980 1342 3528 1417">
    <p class='ocr_par' dir='ltr' id='par_1_24' title="bbox 1980 1342 3528 1417">
     <span class='ocr_line' id='line_1_24' title="bbox 1980 1342 3528 1417; baseline 0.004 -21"><span class='ocrx_word' id='word_1_155' title='bbox 1980 1343 2192 1397; x_wconf 88' lang='lat' dir='ltr'><strong>ruinam</strong></span> <span class='ocrx_word' id='word_1_156' title='bbox 2223 1342 2418 1398; x_wconf 81' lang='lat' dir='ltr'><strong>deﬂere</strong></span> <span class='ocrx_word' id='word_1_157' title='bbox 2441 1362 2453 1397; x_wconf 91' lang='lat'><strong>:</strong></span> <span class='ocrx_word' id='word_1_158' title='bbox 2483 1358 2587 1412; x_wconf 92' lang='lat' dir='ltr'><strong>qua</strong></span> <span class='ocrx_word' id='word_1_159' title='bbox 2607 1343 2674 1399; x_wconf 88' lang='lat' dir='ltr'><strong>de</strong></span> <span class='ocrx_word' id='word_1_160' title='bbox 2701 1358 2863 1398; x_wconf 85' lang='lat' dir='ltr'><strong>causa</strong></span> <span class='ocrx_word' id='word_1_161' title='bbox 2893 1360 3084 1399; x_wconf 90' lang='lat' dir='ltr'><strong>manus</strong></span> <span class='ocrx_word' id='word_1_162' title='bbox 3106 1346 3441 1417; x_wconf 81' lang='lat' dir='ltr'><strong>expandebat</strong></span> <span class='ocrx_word' id='word_1_163' title='bbox 3465 1363 3528 1402; x_wconf 89' lang='lat' dir='ltr'><strong>ac</strong></span> 
     </span>
    </p>
   </div>
   <div class='ocr_carea' id='block_1_25' title="bbox 1979 1432 3525 1505">
    <p class='ocr_par' dir='ltr' id='par_1_25' title="bbox 1979 1432 3525 1505">
     <span class='ocr_line' id='line_1_25' title="bbox 1979 1432 3525 1505; baseline 0.005 -21"><span class='ocrx_word' id='word_1_164' title='bbox 1979 1432 2395 1495; x_wconf 80' lang='lat' dir='ltr'><strong>vociferabatur,</strong></span> <span class='ocrx_word' id='word_1_165' title='bbox 2432 1435 2483 1486; x_wconf 90' lang='lat' dir='ltr'><strong>in</strong></span> <span class='ocrx_word' id='word_1_166' title='bbox 2519 1434 2853 1490; x_wconf 83' lang='lat' dir='ltr'><strong>orationibus</strong></span> <span class='ocrx_word' id='word_1_167' title='bbox 2890 1435 2955 1488; x_wconf 88' lang='lat' dir='ltr'><strong>ad</strong></span> <span class='ocrx_word' id='word_1_168' title='bbox 2995 1433 3206 1490; x_wconf 85' lang='lat' dir='ltr'><strong>Patrem</strong></span> <span class='ocrx_word' id='word_1_169' title='bbox 3266 1438 3525 1505; x_wconf 86' lang='lat' dir='ltr'><strong>clamans,</strong></span> 
     </span>
    </p>
   </div>
   <div class='ocr_carea' id='block_1_26' title="bbox 1978 1524 3526 1593">
    <p class='ocr_par' dir='ltr' id='par_1_26' title="bbox 1978 1524 3526 1593">
     <span class='ocr_line' id='line_1_26' title="bbox 1978 1524 3526 1593; baseline 0.005 -17"><span class='ocrx_word' id='word_1_170' title='bbox 1978 1524 2270 1591; x_wconf 80' lang='lat' dir='ltr'><strong>gemitibus</strong></span> <span class='ocrx_word' id='word_1_171' title='bbox 2298 1525 2751 1579; x_wconf 88' lang='lat' dir='ltr'><strong>inenarrabilibus</strong></span> <span class='ocrx_word' id='word_1_172' title='bbox 2773 1526 2915 1593; x_wconf 89' lang='lat' dir='ltr'><strong>apud</strong></span> <span class='ocrx_word' id='word_1_173' title='bbox 2932 1525 3144 1579; x_wconf 88' lang='lat' dir='ltr'><strong>Patrem</strong></span> <span class='ocrx_word' id='word_1_174' title='bbox 3170 1528 3526 1584; x_wconf 86' lang='lat' dir='ltr'><strong>intercedens.</strong></span> 
     </span>
    </p>
   </div>
   <div class='ocr_carea' id='block_1_27' title="bbox 1978 1614 3531 1686">
    <p class='ocr_par' dir='ltr' id='par_1_27' title="bbox 1978 1614 3531 1686">
     <span class='ocr_line' id='line_1_27' title="bbox 1978 1614 3531 1686; baseline 0.006 -20"><span class='ocrx_word' id='word_1_175' title='bbox 1978 1614 2098 1669; x_wconf 87' lang='lat' dir='ltr'><strong>Alio</strong></span> <span class='ocrx_word' id='word_1_176' title='bbox 2126 1616 2249 1668; x_wconf 88' lang='lat' dir='ltr'><strong>item</strong></span> <span class='ocrx_word' id='word_1_177' title='bbox 2280 1615 2442 1671; x_wconf 88' lang='lat' dir='ltr'><strong>modo</strong></span> <span class='ocrx_word' id='word_1_178' title='bbox 2471 1617 2710 1679; x_wconf 88' lang='lat' dir='ltr'><strong>oculum,</strong></span> <span class='ocrx_word' id='word_1_179' title='bbox 2745 1616 2860 1670; x_wconf 82' lang='lat' dir='ltr'><strong>sive</strong></span> <span class='ocrx_word' id='word_1_180' title='bbox 2885 1618 3073 1672; x_wconf 80' lang='lat' dir='ltr'><strong>oculos</strong></span> <span class='ocrx_word' id='word_1_181' title='bbox 3106 1619 3224 1686; x_wconf 81' lang='lat' dir='ltr'><strong>ejus</strong></span> <span class='ocrx_word' id='word_1_182' title='bbox 3254 1618 3531 1675; x_wconf 85' lang='lat' dir='ltr'><strong>inﬁrman-</strong></span> 
     </span>
    </p>
   </div>
   <div class='ocr_carea' id='block_1_28' title="bbox 1978 1707 3529 1778">
    <p class='ocr_par' dir='ltr' id='par_1_28' title="bbox 1978 1707 3529 1778">
     <span class='ocr_line' id='line_1_28' title="bbox 1978 1707 3529 1778; baseline 0.004 -18"><span class='ocrx_word' id='word_1_183' title='bbox 1978 1714 2083 1771; x_wconf 90' lang='lat' dir='ltr'><strong>tes,</strong></span> <span class='ocrx_word' id='word_1_184' title='bbox 2108 1708 2420 1778; x_wconf 84' lang='lat' dir='ltr'><strong>neutiquam</strong></span> <span class='ocrx_word' id='word_1_185' title='bbox 2450 1707 2670 1762; x_wconf 88' lang='lat' dir='ltr'><strong>aberres</strong></span> <span class='ocrx_word' id='word_1_186' title='bbox 2705 1709 2750 1763; x_wconf 89' lang='lat' dir='ltr'><strong>si</strong></span> <span class='ocrx_word' id='word_1_187' title='bbox 2782 1710 2931 1763; x_wconf 90' lang='lat' dir='ltr'><strong>dicas</strong></span> <span class='ocrx_word' id='word_1_188' title='bbox 2957 1712 3233 1778; x_wconf 82' lang='lat' dir='ltr'><strong>apostolos</strong></span> <span class='ocrx_word' id='word_1_189' title='bbox 3254 1726 3374 1766; x_wconf 86' lang='lat' dir='ltr'><strong>esse</strong></span> <span class='ocrx_word' id='word_1_190' title='bbox 3401 1730 3414 1777; x_wconf 88' lang='lat'><strong>;</strong></span> <span class='ocrx_word' id='word_1_191' title='bbox 3454 1714 3529 1766; x_wconf 91' lang='lat' dir='ltr'><strong>si-</strong></span> 
     </span>
    </p>
   </div>
   <div class='ocr_carea' id='block_1_29' title="bbox 1977 1798 3531 1870">
    <p class='ocr_par' dir='ltr' id='par_1_29' title="bbox 1977 1798 3531 1870">
     <span class='ocr_line' id='line_1_29' title="bbox 1977 1798 3531 1870; baseline 0.003 -18"><span class='ocrx_word' id='word_1_192' title='bbox 1977 1798 2194 1869; x_wconf 84' lang='lat' dir='ltr'><strong>quidem</strong></span> <span class='ocrx_word' id='word_1_193' title='bbox 2224 1815 2420 1868; x_wconf 90' lang='lat' dir='ltr'><strong>corpus</strong></span> <span class='ocrx_word' id='word_1_194' title='bbox 2451 1800 2590 1869; x_wconf 85' lang='lat' dir='ltr'><strong>ejus,</strong></span> <span class='ocrx_word' id='word_1_195' title='bbox 2617 1808 2761 1854; x_wconf 90' lang='lat' dir='ltr'><strong>totus</strong></span> <span class='ocrx_word' id='word_1_196' title='bbox 2804 1802 3033 1870; x_wconf 88' lang='lat' dir='ltr'><strong>populus</strong></span> <span class='ocrx_word' id='word_1_197' title='bbox 3062 1802 3180 1869; x_wconf 91' lang='lat' dir='ltr'><strong>ejus</strong></span> <span class='ocrx_word' id='word_1_198' title='bbox 3213 1809 3316 1867; x_wconf 90' lang='lat' dir='ltr'><strong>est,</strong></span> <span class='ocrx_word' id='word_1_199' title='bbox 3350 1811 3408 1857; x_wconf 92' lang='lat' dir='ltr'><strong>ut</strong></span> <span class='ocrx_word' id='word_1_200' title='bbox 3430 1803 3531 1857; x_wconf 91' lang='lat' dir='ltr'><strong>do-</strong></span> 
     </span>
    </p>
   </div>
   <div class='ocr_carea' id='block_1_30' title="bbox 316 1703 1878 1776">
    <p class='ocr_par' dir='ltr' id='par_1_30' title="bbox 316 1703 1878 1776">
     <span class='ocr_line' id='line_1_30' title="bbox 316 1703 1878 1776; baseline -0.002 -16"><span class='ocrx_word' id='word_1_201' title='bbox 316 1707 481 1761; x_wconf 86' lang='grc' dir='ltr'>δαίων</span> <span class='ocrx_word' id='word_1_202' title='bbox 519 1705 701 1769; x_wconf 74' lang='grc' dir='ltr'>ἔθνους</span> <span class='ocrx_word' id='word_1_203' title='bbox 746 1707 844 1776; x_wconf 83' lang='grc' dir='ltr'>τὴν</span> <span class='ocrx_word' id='word_1_204' title='bbox 888 1705 1185 1775; x_wconf 76' lang='grc' dir='ltr'>ἀποϐολὴν,</span> <span class='ocrx_word' id='word_1_205' title='bbox 1233 1706 1325 1758; x_wconf 78' lang='grc' dir='ltr'>καὶ</span> <span class='ocrx_word' id='word_1_206' title='bbox 1375 1705 1480 1756; x_wconf 85' lang='grc' dir='ltr'><strong>τῶν</strong></span> <span class='ocrx_word' id='word_1_207' title='bbox 1524 1704 1724 1757; x_wconf 85' lang='grc' dir='ltr'>λοιπῶν</span> <span class='ocrx_word' id='word_1_208' title='bbox 1771 1703 1878 1757; x_wconf 83' lang='grc' dir='ltr'><strong>τῶν</strong></span> 
     </span>
    </p>
   </div>
   <div class='ocr_carea' id='block_1_31' title="bbox 316 1780 1916 1868">
    <p class='ocr_par' dir='ltr' id='par_1_31' title="bbox 316 1780 1916 1868">
     <span class='ocr_line' id='line_1_31' title="bbox 316 1780 1916 1868; baseline -0.003 -17"><span class='ocrx_word' id='word_1_209' title='bbox 316 1798 694 1868; x_wconf 79' lang='grc' dir='ltr'>ἀπολλυμένων</span> <span class='ocrx_word' id='word_1_210' title='bbox 724 1798 813 1850; x_wconf 76' lang='grc' dir='ltr'>τὸν</span> <span class='ocrx_word' id='word_1_211' title='bbox 838 1797 1072 1867; x_wconf 77' lang='grc' dir='ltr'>ὄλεθρον,</span> <span class='ocrx_word' id='word_1_212' title='bbox 1114 1792 1200 1849; x_wconf 76' lang='grc' dir='ltr'>οἷα</span> <span class='ocrx_word' id='word_1_213' title='bbox 1228 1780 1601 1867; x_wconf 83' lang='grc' dir='ltr'>φιλάνθρωπον</span> <span class='ocrx_word' id='word_1_214' title='bbox 1630 1796 1722 1849; x_wconf 73' lang='grc' dir='ltr'><strong>καὶ</strong></span> <span class='ocrx_word' id='word_1_215' title='bbox 1740 1811 1877 1848; x_wconf 88' lang='grc' dir='ltr'>παν·</span> <span class='ocrx_word' id='word_1_216' title='bbox 1904 1814 1916 1826; x_wconf 91' lang='grc'><strong>·</strong></span> 
     </span>
    </p>
   </div>
   <div class='ocr_carea' id='block_1_32' title="bbox 315 1878 2055 1960">
    <p class='ocr_par' dir='ltr' id='par_1_32' title="bbox 315 1878 2055 1959">
     <span class='ocr_line' id='line_1_32' title="bbox 315 1878 2055 1959; baseline 0.001 -17"><span class='ocrx_word' id='word_1_217' title='bbox 315 1888 517 1958; x_wconf 88' lang='grc' dir='ltr'>αγάθου</span> <span class='ocrx_word' id='word_1_218' title='bbox 541 1889 750 1959; x_wconf 75' lang='grc' dir='ltr'>Πατρὸς</span> <span class='ocrx_word' id='word_1_219' title='bbox 793 1889 907 1941; x_wconf 78' lang='grc' dir='ltr'>υἱὸν</span> <span class='ocrx_word' id='word_1_220' title='bbox 941 1886 1402 1942; x_wconf 86' lang='grc' dir='ltr'>ἀποκλαύσασθαι·</span> <span class='ocrx_word' id='word_1_221' title='bbox 1436 1886 1502 1939; x_wconf 89' lang='grc' dir='ltr'>δι’</span> <span class='ocrx_word' id='word_1_222' title='bbox 1548 1878 1608 1939; x_wconf 74' lang='grc' dir='ltr'>οὗ</span> <span class='ocrx_word' id='word_1_223' title='bbox 1657 1888 1747 1939; x_wconf 77' lang='grc' dir='ltr'><strong>καὶ</strong></span> <span class='ocrx_word' id='word_1_224' title='bbox 1778 1885 1877 1949; x_wconf 83' lang='grc' dir='ltr'><strong>τάς</strong></span> <span class='ocrx_word' id='word_1_225' title='bbox 1978 1899 2055 1944; x_wconf 86' lang='lat' dir='ltr'><strong>cel</strong></span> 
     </span>
    </p>
   </div>
   <div class='ocr_carea' id='block_1_33' title="bbox 1788 1878 3528 1960">
    <p class='ocr_par' dir='ltr' id='par_1_33' title="bbox 1788 1885 3528 1960">
     <span class='ocr_line' id='line_1_33' title="bbox 1788 1885 3528 1960; baseline 0.006 -22"><span class='ocrx_word' id='word_1_226' title='bbox 1788 1885 1877 1949; x_wconf 73' lang='grc' dir='ltr'>τὰς</span> <span class='ocrx_word' id='word_1_227' title='bbox 1978 1899 2061 1944; x_wconf 87' lang='lat' dir='ltr'><strong>cet</strong></span> <span class='ocrx_word' id='word_1_228' title='bbox 2089 1890 2135 1944; x_wconf 93' lang='lat' dir='ltr'><strong>is</strong></span> <span class='ocrx_word' id='word_1_229' title='bbox 2161 1890 2254 1959; x_wconf 87' lang='lat' dir='ltr'><strong>qui</strong></span> <span class='ocrx_word' id='word_1_230' title='bbox 2284 1890 2420 1945; x_wconf 81' lang='lat' dir='ltr'><strong>dixit</strong></span> <span class='ocrx_word' id='word_1_231' title='bbox 2451 1905 2463 1940; x_wconf 93' lang='lat'><strong>:</strong></span> <span class='ocrx_word' id='word_1_232' title='bbox 2506 1889 2605 1942; x_wconf 85' lang='lat' dir='ltr'><strong>Vos</strong></span> <span class='ocrx_word' id='word_1_233' title='bbox 2633 1899 2998 1945; x_wconf 68' lang='lat' dir='ltr'><strong>autemomnes</strong></span> <span class='ocrx_word' id='word_1_234' title='bbox 3031 1908 3216 1960; x_wconf 85' lang='lat' dir='ltr'><strong>corpus</strong></span> <span class='ocrx_word' id='word_1_235' title='bbox 3240 1889 3459 1955; x_wconf 81' lang='lat' dir='ltr'><strong>Christi,</strong></span> <span class='ocrx_word' id='word_1_236' title='bbox 3477 1901 3528 1948; x_wconf 80' lang='lat' dir='ltr'><strong>et</strong></span> 
     </span>
    </p>
   </div>
   <div class='ocr_carea' id='block_1_34' title="bbox 314 1976 2054 2050">
    <p class='ocr_par' dir='ltr' id='par_1_34' title="bbox 314 1976 2054 2050">
     <span class='ocr_line' id='line_1_34' title="bbox 314 1976 2054 2050; baseline 0.002 -20"><span class='ocrx_word' id='word_1_237' title='bbox 314 1982 501 2050; x_wconf 83' lang='grc' dir='ltr'>χεῖρας</span> <span class='ocrx_word' id='word_1_238' title='bbox 534 1978 762 2047; x_wconf 80' lang='grc' dir='ltr'>ἐξήπλου</span> <span class='ocrx_word' id='word_1_239' title='bbox 792 1982 883 2032; x_wconf 74' lang='grc' dir='ltr'>καὶ</span> <span class='ocrx_word' id='word_1_240' title='bbox 926 1978 1104 2047; x_wconf 75' lang='grc' dir='ltr'>φωνὰς</span> <span class='ocrx_word' id='word_1_241' title='bbox 1138 1978 1439 2047; x_wconf 89' lang='grc' dir='ltr'>ἀνέπεμπε,</span> <span class='ocrx_word' id='word_1_242' title='bbox 1490 1976 1625 2047; x_wconf 84' lang='grc' dir='ltr'>βοῶν</span> <span class='ocrx_word' id='word_1_243' title='bbox 1650 1979 1706 2030; x_wconf 84' lang='grc' dir='ltr'><strong>ἐν</strong></span> <span class='ocrx_word' id='word_1_244' title='bbox 1760 1978 1878 2039; x_wconf 87' lang='grc' dir='ltr'>ταῖς</span> <span class='ocrx_word' id='word_1_245' title='bbox 1911 1993 1949 2048; x_wconf 75' lang='grc' dir='ltr'>Β</span> <span class='ocrx_word' id='word_1_246' title='bbox 1979 1997 2054 2033; x_wconf 85' lang='lat' dir='ltr'><strong>me</strong></span> 
     </span>
    </p>
   </div>
   <div class='ocr_carea' id='block_1_35' title="bbox 1790 1976 3530 2050">
    <p class='ocr_par' dir='ltr' id='par_1_35' title="bbox 1792 1977 3530 2048">
     <span class='ocr_line' id='line_1_35' title="bbox 1792 1977 3530 2048; baseline 0.003 -19"><span class='ocrx_word' id='word_1_247' title='bbox 1792 1978 1878 2039; x_wconf 88' lang='grc' dir='ltr'><strong>αῖς</strong></span> <span class='ocrx_word' id='word_1_248' title='bbox 1911 1993 1949 2048; x_wconf 74' lang='grc' dir='ltr'>Β</span> <span class='ocrx_word' id='word_1_249' title='bbox 1979 1979 2209 2033; x_wconf 87' lang='lat' dir='ltr'><strong>membra</strong></span> <span class='ocrx_word' id='word_1_250' title='bbox 2238 1994 2301 2033; x_wconf 77' lang='lat' dir='ltr'><strong>ea:</strong></span> <span class='ocrx_word' id='word_1_251' title='bbox 2343 1977 2578 2047; x_wconf 75' lang='lat' dir='ltr'><strong>parte“;</strong></span> <span class='ocrx_word' id='word_1_252' title='bbox 2613 1992 2806 2033; x_wconf 91' lang='lat' dir='ltr'><strong>manus</strong></span> <span class='ocrx_word' id='word_1_253' title='bbox 2836 1985 3010 2032; x_wconf 89' lang='lat' dir='ltr'><strong>autem</strong></span> <span class='ocrx_word' id='word_1_254' title='bbox 3042 1994 3190 2043; x_wconf 81' lang='lat' dir='ltr'><strong>suas,</strong></span> <span class='ocrx_word' id='word_1_255' title='bbox 3223 1988 3385 2048; x_wconf 78' lang='lat' dir='ltr'><strong>Opera</strong></span> <span class='ocrx_word' id='word_1_256' title='bbox 3421 1980 3530 2035; x_wconf 86' lang='lat' dir='ltr'><strong>sci-</strong></span> 
     </span>
    </p>
   </div>
   <div class='ocr_carea' id='block_1_36' title="bbox 315 2065 2055 2141">
    <p class='ocr_par' dir='ltr' id='par_1_36' title="bbox 315 2068 2055 2141">
     <span class='ocr_line' id='line_1_36' title="bbox 315 2068 2055 2141; baseline -0.002 -19"><span class='ocrx_word' id='word_1_257' title='bbox 315 2070 451 2141; x_wconf 79' lang='grc' dir='ltr'>πρὸς</span> <span class='ocrx_word' id='word_1_258' title='bbox 478 2070 567 2123; x_wconf 85' lang='grc' dir='ltr'><strong>τὸν</strong></span> <span class='ocrx_word' id='word_1_259' title='bbox 597 2069 811 2138; x_wconf 82' lang='grc' dir='ltr'>Πατέρα</span> <span class='ocrx_word' id='word_1_260' title='bbox 849 2071 1196 2139; x_wconf 83' lang='grc' dir='ltr'>προσευχαῖς,</span> <span class='ocrx_word' id='word_1_261' title='bbox 1239 2070 1557 2137; x_wconf 86' lang='grc' dir='ltr'>στεναγμοῖς</span> <span class='ocrx_word' id='word_1_262' title='bbox 1594 2068 1875 2135; x_wconf 82' lang='grc' dir='ltr'>ἀλαλήτοις</span> <span class='ocrx_word' id='word_1_263' title='bbox 1979 2074 2055 2126; x_wconf 46' lang='lat' dir='ltr'><strong>lict</strong></span> 
     </span>
    </p>
   </div>
   <div class='ocr_carea' id='block_1_37' title="bbox 1787 2065 3527 2141">
    <p class='ocr_par' dir='ltr' id='par_1_37' title="bbox 1787 2065 3527 2141">
     <span class='ocr_line' id='line_1_37' title="bbox 1787 2065 3527 2141; baseline 0.003 -22"><span class='ocrx_word' id='word_1_264' title='bbox 1787 2083 1875 2130; x_wconf 71' lang='grc' dir='ltr'>ςοις</span> <span class='ocrx_word' id='word_1_265' title='bbox 1979 2074 2104 2126; x_wconf 89' lang='lat' dir='ltr'><strong>licet</strong></span> <span class='ocrx_word' id='word_1_266' title='bbox 2151 2071 2216 2124; x_wconf 91' lang='lat' dir='ltr'><strong>ad</strong></span> <span class='ocrx_word' id='word_1_267' title='bbox 2255 2065 2430 2123; x_wconf 85' lang='lat' dir='ltr'><strong>Patris</strong></span> <span class='ocrx_word' id='word_1_268' title='bbox 2466 2069 2689 2140; x_wconf 89' lang='lat' dir='ltr'><strong>gloriam</strong></span> <span class='ocrx_word' id='word_1_269' title='bbox 2731 2068 2893 2135; x_wconf 89' lang='lat' dir='ltr'><strong>edita,</strong></span> <span class='ocrx_word' id='word_1_270' title='bbox 2934 2070 3291 2140; x_wconf 80' lang='lat' dir='ltr'><strong>expandebat,</strong></span> <span class='ocrx_word' id='word_1_271' title='bbox 3323 2072 3372 2125; x_wconf 91' lang='lat' dir='ltr'><strong>ei</strong></span> <span class='ocrx_word' id='word_1_272' title='bbox 3433 2070 3527 2141; x_wconf 87' lang='lat' dir='ltr'><strong>qui</strong></span> 
     </span>
    </p>
   </div>
   <div class='ocr_carea' id='block_1_38' title="bbox 316 2157 2056 2234">
    <p class='ocr_par' dir='ltr' id='par_1_38' title="bbox 316 2157 2056 2234">
     <span class='ocr_line' id='line_1_38' title="bbox 316 2157 2056 2234; baseline -0.001 -21"><span class='ocrx_word' id='word_1_273' title='bbox 316 2161 792 2231; x_wconf 80' lang='grc' dir='ltr'>ὑπερεντυγχάνων</span> <span class='ocrx_word' id='word_1_274' title='bbox 832 2159 909 2229; x_wconf 81' lang='grc' dir='ltr'>τῷ</span> <span class='ocrx_word' id='word_1_275' title='bbox 938 2158 1131 2229; x_wconf 68' lang='lat' dir='ltr'><strong>[lat-pl.</strong></span> <span class='ocrx_word' id='word_1_276' title='bbox 1180 2160 1288 2211; x_wconf 79' lang='grc' dir='ltr'>Καὶ</span> <span class='ocrx_word' id='word_1_277' title='bbox 1314 2158 1483 2221; x_wconf 75' lang='grc' dir='ltr'>ἄλλως</span> <span class='ocrx_word' id='word_1_278' title='bbox 1509 2158 1565 2211; x_wconf 86' lang='grc' dir='ltr'>δὲ</span> <span class='ocrx_word' id='word_1_279' title='bbox 1602 2157 1875 2227; x_wconf 72' lang='grc' dir='ltr'>ὀφθαλμὸν</span> <span class='ocrx_word' id='word_1_280' title='bbox 1906 2230 1911 2234; x_wconf 18' lang='grc' dir='ltr'>ι</span> <span class='ocrx_word' id='word_1_281' title='bbox 1980 2161 2056 2215; x_wconf 84' lang='lat' dir='ltr'><strong>sol</strong></span> 
     </span>
    </p>
   </div>
   <div class='ocr_carea' id='block_1_39' title="bbox 1788 2157 3528 2234">
    <p class='ocr_par' dir='ltr' id='par_1_39' title="bbox 1788 2158 3528 2234">
     <span class='ocr_line' id='line_1_39' title="bbox 1788 2158 3528 2234; baseline 0.005 -24"><span class='ocrx_word' id='word_1_282' title='bbox 1788 2158 1875 2226; x_wconf 54' lang='lat' dir='ltr'><strong>om</strong></span> <span class='ocrx_word' id='word_1_283' title='bbox 1906 2230 1911 2234; x_wconf 21' lang='grc' dir='ltr'>δ</span> <span class='ocrx_word' id='word_1_284' title='bbox 1980 2161 2129 2215; x_wconf 88' lang='lat' dir='ltr'><strong>solus</strong></span> <span class='ocrx_word' id='word_1_285' title='bbox 2162 2159 2310 2228; x_wconf 81' lang='lat' dir='ltr'><strong>ipsas</strong></span> <span class='ocrx_word' id='word_1_286' title='bbox 2340 2158 2523 2213; x_wconf 84' lang='lat' dir='ltr'><strong>videre</strong></span> <span class='ocrx_word' id='word_1_287' title='bbox 2544 2167 2754 2228; x_wconf 85' lang='lat' dir='ltr'><strong>poterat</strong></span> <span class='ocrx_word' id='word_1_288' title='bbox 2780 2159 3113 2216; x_wconf 89' lang='lat' dir='ltr'><strong>obtendens:</strong></span> <span class='ocrx_word' id='word_1_289' title='bbox 3137 2162 3244 2216; x_wconf 85' lang='lat' dir='ltr'><strong>imo</strong></span> <span class='ocrx_word' id='word_1_290' title='bbox 3276 2162 3435 2217; x_wconf 89' lang='lat' dir='ltr'><strong>etiam</strong></span> <span class='ocrx_word' id='word_1_291' title='bbox 3462 2161 3528 2218; x_wconf 82' lang='lat' dir='ltr'><strong>in</strong></span> 
     </span>
    </p>
   </div>
   <div class='ocr_carea' id='block_1_40' title="bbox 290 2236 2030 2322">
    <p class='ocr_par' dir='ltr' id='par_1_40' title="bbox 290 2248 2030 2322">
     <span class='ocr_line' id='line_1_40' title="bbox 290 2248 2030 2322; baseline 0 -19"><span class='ocrx_word' id='word_1_292' title='bbox 290 2248 537 2322; x_wconf 82' lang='grc' dir='ltr'>ἀὐτοῦῆ</span> <span class='ocrx_word' id='word_1_293' title='bbox 585 2250 893 2321; x_wconf 71' lang='grc' dir='ltr'>ὀφθαλμοὺς</span> <span class='ocrx_word' id='word_1_294' title='bbox 926 2248 1327 2320; x_wconf 87' lang='grc' dir='ltr'>ἀσθενήσαντας</span> <span class='ocrx_word' id='word_1_295' title='bbox 1367 2249 1467 2301; x_wconf 85' lang='grc' dir='ltr'><strong>οὑκ</strong></span> <span class='ocrx_word' id='word_1_296' title='bbox 1510 2248 1875 2319; x_wconf 51' lang='grc' dir='ltr'>ἀνηάμάρτοις</span> <span class='ocrx_word' id='word_1_297' title='bbox 1978 2248 2030 2303; x_wconf 82' lang='lat' dir='ltr'><strong>fr</strong></span> 
     </span>
    </p>
   </div>
   <div class='ocr_carea' id='block_1_41' title="bbox 1787 2236 3527 2322">
    <p class='ocr_par' dir='ltr' id='par_1_41' title="bbox 1787 2236 3527 2319">
     <span class='ocr_line' id='line_1_41' title="bbox 1787 2236 3527 2319; baseline 0.005 -21"><span class='ocrx_word' id='word_1_298' title='bbox 1787 2264 1875 2311; x_wconf 73' lang='grc' dir='ltr'>τοις</span> <span class='ocrx_word' id='word_1_299' title='bbox 1978 2248 2352 2317; x_wconf 82' lang='lat' dir='ltr'><strong>frequentibus</strong></span> <span class='ocrx_word' id='word_1_300' title='bbox 2384 2250 2721 2304; x_wconf 86' lang='lat' dir='ltr'><strong>orationibus</strong></span> <span class='ocrx_word' id='word_1_301' title='bbox 2754 2256 2813 2303; x_wconf 86' lang='lat' dir='ltr'><strong>et</strong></span> <span class='ocrx_word' id='word_1_302' title='bbox 2842 2250 2897 2303; x_wconf 90' lang='lat' dir='ltr'><strong>in</strong></span> <span class='ocrx_word' id='word_1_303' title='bbox 2927 2251 3179 2319; x_wconf 89' lang='lat' dir='ltr'><strong>passione</strong></span> <span class='ocrx_word' id='word_1_304' title='bbox 3204 2267 3301 2306; x_wconf 88' lang='lat' dir='ltr'><strong>sua</strong></span> <span class='ocrx_word' id='word_1_305' title='bbox 3331 2236 3527 2307; x_wconf 83' lang='lat' dir='ltr'><strong>manus</strong></span> 
     </span>
    </p>
   </div>
   <div class='ocr_carea' id='block_1_42' title="bbox 311 2326 2051 2417">
    <p class='ocr_par' dir='ltr' id='par_1_42' title="bbox 311 2326 2051 2417">
     <span class='ocr_line' id='line_1_42' title="bbox 311 2326 2051 2417; baseline 0 -22"><span class='ocrx_word' id='word_1_306' title='bbox 311 2337 452 2395; x_wconf 78' lang='grc' dir='ltr'>εἶναι</span> <span class='ocrx_word' id='word_1_307' title='bbox 482 2340 648 2395; x_wconf 75' lang='grc' dir='ltr'>εἱπὼν</span> <span class='ocrx_word' id='word_1_308' title='bbox 681 2343 803 2417; x_wconf 71' lang='grc' dir='ltr'>τοὺς</span> <span class='ocrx_word' id='word_1_309' title='bbox 835 2341 1180 2404; x_wconf 82' lang='grc' dir='ltr'>ἀποστόλους,</span> <span class='ocrx_word' id='word_1_310' title='bbox 1225 2326 1277 2391; x_wconf 62' lang='grc' dir='ltr'><strong>εἶ’</strong></span> <span class='ocrx_word' id='word_1_311' title='bbox 1302 2341 1366 2412; x_wconf 87' lang='grc' dir='ltr'>δὴ</span> <span class='ocrx_word' id='word_1_312' title='bbox 1396 2340 1551 2411; x_wconf 87' lang='grc' dir='ltr'>σῶμα</span> <span class='ocrx_word' id='word_1_313' title='bbox 1574 2339 1735 2392; x_wconf 82' lang='grc' dir='ltr'>αὑτοῦ</span> <span class='ocrx_word' id='word_1_314' title='bbox 1765 2340 1872 2402; x_wconf 82' lang='grc' dir='ltr'>πᾶς</span> <span class='ocrx_word' id='word_1_315' title='bbox 1974 2357 2051 2411; x_wconf 82' lang='lat' dir='ltr'><strong>prt</strong></span> 
     </span>
    </p>
   </div>
   <div class='ocr_carea' id='block_1_43' title="bbox 1787 2326 3527 2417">
    <p class='ocr_par' dir='ltr' id='par_1_43' title="bbox 1787 2340 3527 2415">
     <span class='ocr_line' id='line_1_43' title="bbox 1787 2340 3527 2415; baseline 0.002 -24"><span class='ocrx_word' id='word_1_316' title='bbox 1787 2340 1872 2402; x_wconf 76' lang='grc' dir='ltr'>τᾶς</span> <span class='ocrx_word' id='word_1_317' title='bbox 1974 2357 2072 2411; x_wconf 88' lang='lat' dir='ltr'><strong>pro</strong></span> <span class='ocrx_word' id='word_1_318' title='bbox 2105 2341 2326 2404; x_wconf 88' lang='lat' dir='ltr'><strong>mundo,</strong></span> <span class='ocrx_word' id='word_1_319' title='bbox 2357 2340 2514 2409; x_wconf 89' lang='lat' dir='ltr'><strong>cujus</strong></span> <span class='ocrx_word' id='word_1_320' title='bbox 2542 2348 2821 2411; x_wconf 86' lang='lat' dir='ltr'><strong>peccatum</strong></span> <span class='ocrx_word' id='word_1_321' title='bbox 2845 2342 3142 2407; x_wconf 73' lang='lat' dir='ltr'><strong>auferebat,</strong></span> <span class='ocrx_word' id='word_1_322' title='bbox 3166 2344 3441 2415; x_wconf 84' lang='lat' dir='ltr'><strong>expandit,</strong></span> <span class='ocrx_word' id='word_1_323' title='bbox 3465 2346 3527 2395; x_wconf 89' lang='lat' dir='ltr'><strong>ut</strong></span> 
     </span>
    </p>
   </div>
   <div class='ocr_carea' id='block_1_44' title="bbox 309 2430 2049 2504">
    <p class='ocr_par' dir='ltr' id='par_1_44' title="bbox 309 2431 2046 2504">
     <span class='ocr_line' id='line_1_44' title="bbox 309 2431 2046 2504; baseline -0.002 -17"><span class='ocrx_word' id='word_1_324' title='bbox 309 2434 487 2498; x_wconf 80' lang='grc' dir='ltr'>ὁλαὸς</span> <span class='ocrx_word' id='word_1_325' title='bbox 510 2434 672 2488; x_wconf 80' lang='grc' dir='ltr'>αὐτοῦ</span> <span class='ocrx_word' id='word_1_326' title='bbox 702 2435 974 2504; x_wconf 80' lang='grc' dir='ltr'>τυγχάνει,</span> <span class='ocrx_word' id='word_1_327' title='bbox 1018 2435 1093 2499; x_wconf 81' lang='grc' dir='ltr'><strong>ὡς</strong></span> <span class='ocrx_word' id='word_1_328' title='bbox 1124 2433 1355 2501; x_wconf 78' lang='grc' dir='ltr'>ἐδίδαξεν</span> <span class='ocrx_word' id='word_1_329' title='bbox 1385 2435 1413 2485; x_wconf 93' lang='lat'><strong>6</strong></span> <span class='ocrx_word' id='word_1_330' title='bbox 1447 2432 1632 2487; x_wconf 77' lang='grc' dir='ltr'>εἰπών·</span> <span class='ocrx_word' id='word_1_331' title='bbox 1681 2431 1870 2501; x_wconf 74' lang='grc' dir='ltr'>Ὑμεῖς</span> <span class='ocrx_word' id='word_1_332' title='bbox 1976 2431 2046 2483; x_wconf 89' lang='lat' dir='ltr'><strong>Pa</strong></span> 
     </span>
    </p>
   </div>
   <div class='ocr_carea' id='block_1_45' title="bbox 1061 2430 2801 2504">
    <p class='ocr_par' dir='ltr' id='par_1_45' title="bbox 1061 2430 2801 2502">
     <span class='ocr_line' id='line_1_45' title="bbox 1061 2430 2801 2502; baseline -0.002 -13"><span class='ocrx_word' id='word_1_333' title='bbox 1061 2453 1093 2499; x_wconf 83' lang='grc' dir='ltr'><strong>ις</strong></span> <span class='ocrx_word' id='word_1_334' title='bbox 1124 2433 1355 2501; x_wconf 78' lang='grc' dir='ltr'>ἐδίδαξεν</span> <span class='ocrx_word' id='word_1_335' title='bbox 1385 2435 1413 2485; x_wconf 93' lang='lat'><strong>6</strong></span> <span class='ocrx_word' id='word_1_336' title='bbox 1447 2432 1632 2487; x_wconf 77' lang='grc' dir='ltr'>εἰπών·</span> <span class='ocrx_word' id='word_1_337' title='bbox 1681 2431 1870 2501; x_wconf 73' lang='grc' dir='ltr'>Ὑμεῖς</span> <span class='ocrx_word' id='word_1_338' title='bbox 1976 2431 2187 2484; x_wconf 87' lang='lat' dir='ltr'><strong>Patrem</strong></span> <span class='ocrx_word' id='word_1_339' title='bbox 2222 2430 2483 2502; x_wconf 81' lang='lat' dir='ltr'><strong>placaret.</strong></span> <span class='ocrx_word' id='word_1_340' title='bbox 2797 2486 2801 2491; x_wconf 80' lang='grc'><strong>,</strong></span> 
     </span>
    </p>
   </div>
   <div class='ocr_carea' id='block_1_46' title="bbox 309 2520 3528 2597">
    <p class='ocr_par' dir='ltr' id='par_1_46' title="bbox 309 2520 3528 2597">
     <span class='ocr_line' id='line_1_46' title="bbox 309 2520 3528 2597; baseline -0.001 -17"><span class='ocrx_word' id='word_1_341' title='bbox 309 2528 379 2580; x_wconf 81' lang='grc' dir='ltr'>δὲ</span> <span class='ocrx_word' id='word_1_342' title='bbox 416 2528 633 2594; x_wconf 80' lang='grc' dir='ltr'>πάντες</span> <span class='ocrx_word' id='word_1_343' title='bbox 671 2527 840 2597; x_wconf 82' lang='grc' dir='ltr'>σῶμα</span> <span class='ocrx_word' id='word_1_344' title='bbox 877 2520 1163 2596; x_wconf 77' lang='grc' dir='ltr'>Χριστοῦ,</span> <span class='ocrx_word' id='word_1_345' title='bbox 1215 2529 1311 2581; x_wconf 81' lang='grc' dir='ltr'>καὶ</span> <span class='ocrx_word' id='word_1_346' title='bbox 1342 2528 1497 2596; x_wconf 76' lang='grc' dir='ltr'>μέλη</span> <span class='ocrx_word' id='word_1_347' title='bbox 1525 2526 1592 2579; x_wconf 83' lang='grc' dir='ltr'>ἐκ</span> <span class='ocrx_word' id='word_1_348' title='bbox 1634 2525 1870 2594; x_wconf 82' lang='grc' dir='ltr'>μέρους·</span> <span class='ocrx_word' id='word_1_349' title='bbox 1912 2526 2096 2593; x_wconf 80' lang='grc' dir='ltr'>χεῖρας</span> <span class='ocrx_word' id='word_1_350' title='bbox 2142 2523 2198 2575; x_wconf 85' lang='grc' dir='ltr'>δὲ</span> <span class='ocrx_word' id='word_1_351' title='bbox 2235 2522 2417 2588; x_wconf 82' lang='grc' dir='ltr'>αὑτοῦ,</span> <span class='ocrx_word' id='word_1_352' title='bbox 2446 2524 2545 2589; x_wconf 87' lang='grc' dir='ltr'>τὰς</span> <span class='ocrx_word' id='word_1_353' title='bbox 2600 2526 2825 2595; x_wconf 80' lang='grc' dir='ltr'>πράξεις</span> <span class='ocrx_word' id='word_1_354' title='bbox 2868 2527 2933 2591; x_wconf 78' lang='grc' dir='ltr'>ἃς</span> <span class='ocrx_word' id='word_1_355' title='bbox 2998 2528 3212 2597; x_wconf 79' lang='grc' dir='ltr'>ἐνήργει</span> <span class='ocrx_word' id='word_1_356' title='bbox 3252 2526 3330 2589; x_wconf 77' lang='grc' dir='ltr'><strong>εἰς</strong></span> <span class='ocrx_word' id='word_1_357' title='bbox 3371 2524 3528 2590; x_wconf 82' lang='grc' dir='ltr'>δόξαν</span> 
     </span>
    </p>
   </div>
   <div class='ocr_carea' id='block_1_47' title="bbox 236 2612 3529 2691">
    <p class='ocr_par' dir='ltr' id='par_1_47' title="bbox 236 2612 3529 2691">
     <span class='ocr_line' id='line_1_47' title="bbox 236 2612 3529 2691; baseline -0.002 -16"><span class='ocrx_word' id='word_1_358' title='bbox 236 2647 257 2675; x_wconf 74' lang='grc' dir='ltr'><strong>ι</strong></span> <span class='ocrx_word' id='word_1_359' title='bbox 307 2620 402 2674; x_wconf 77' lang='grc' dir='ltr'>τοῦ</span> <span class='ocrx_word' id='word_1_360' title='bbox 448 2620 681 2691; x_wconf 78' lang='grc' dir='ltr'>Πατρὸς,</span> <span class='ocrx_word' id='word_1_361' title='bbox 728 2619 1119 2682; x_wconf 84' lang='grc' dir='ltr'>διεπετάννυεν,</span> <span class='ocrx_word' id='word_1_362' title='bbox 1184 2618 1426 2682; x_wconf 81' lang='grc' dir='ltr'>ἐξαπλῶν</span> <span class='ocrx_word' id='word_1_363' title='bbox 1457 2617 1622 2678; x_wconf 79' lang='grc' dir='ltr'>αὐτὰς</span> <span class='ocrx_word' id='word_1_364' title='bbox 1660 2614 1737 2684; x_wconf 83' lang='grc' dir='ltr'><strong>τῷ</strong></span> <span class='ocrx_word' id='word_1_365' title='bbox 1773 2614 1914 2685; x_wconf 86' lang='grc' dir='ltr'>μόνῳ</span> <span class='ocrx_word' id='word_1_366' title='bbox 1952 2612 2244 2667; x_wconf 85' lang='grc' dir='ltr'>θεάσασθαι</span> <span class='ocrx_word' id='word_1_367' title='bbox 2282 2614 2451 2676; x_wconf 85' lang='grc' dir='ltr'>αὑτὰς</span> <span class='ocrx_word' id='word_1_368' title='bbox 2494 2615 2790 2687; x_wconf 83' lang='grc' dir='ltr'>δυναμένῳ·</span> <span class='ocrx_word' id='word_1_369' title='bbox 2831 2618 2966 2671; x_wconf 86' lang='grc' dir='ltr'><strong>ἀλλά</strong></span> <span class='ocrx_word' id='word_1_370' title='bbox 3010 2619 3102 2671; x_wconf 75' lang='grc' dir='ltr'><strong>καὶ</strong></span> <span class='ocrx_word' id='word_1_371' title='bbox 3150 2619 3206 2671; x_wconf 82' lang='grc' dir='ltr'><strong>ἐν</strong></span> <span class='ocrx_word' id='word_1_372' title='bbox 3245 2618 3362 2679; x_wconf 84' lang='grc' dir='ltr'>ταῖς</span> <span class='ocrx_word' id='word_1_373' title='bbox 3406 2633 3529 2668; x_wconf 86' lang='grc' dir='ltr'>συν-</span> 
     </span>
    </p>
   </div>
   <div class='ocr_carea' id='block_1_48' title="bbox 306 2699 3526 2783">
    <p class='ocr_par' dir='ltr' id='par_1_48' title="bbox 306 2699 3526 2783">
     <span class='ocr_line' id='line_1_48' title="bbox 306 2699 3526 2783; baseline -0 -19"><span class='ocrx_word' id='word_1_374' title='bbox 306 2712 487 2783; x_wconf 83' lang='grc' dir='ltr'>εχέσιν</span> <span class='ocrx_word' id='word_1_375' title='bbox 508 2712 690 2782; x_wconf 76' lang='grc' dir='ltr'>εὐχαῖς</span> <span class='ocrx_word' id='word_1_376' title='bbox 714 2712 769 2772; x_wconf 82' lang='grc' dir='ltr'><strong>ἐν</strong></span> <span class='ocrx_word' id='word_1_377' title='bbox 813 2729 871 2765; x_wconf 88' lang='grc' dir='ltr'><strong>τε</strong></span> <span class='ocrx_word' id='word_1_378' title='bbox 918 2710 994 2781; x_wconf 81' lang='grc' dir='ltr'>τῷ</span> <span class='ocrx_word' id='word_1_379' title='bbox 1026 2710 1186 2764; x_wconf 82' lang='grc' dir='ltr'>πάθει</span> <span class='ocrx_word' id='word_1_380' title='bbox 1214 2711 1309 2773; x_wconf 84' lang='grc' dir='ltr'>τὰς</span> <span class='ocrx_word' id='word_1_381' title='bbox 1345 2712 1530 2781; x_wconf 85' lang='grc' dir='ltr'>χεῖρας</span> <span class='ocrx_word' id='word_1_382' title='bbox 1555 2709 1869 2762; x_wconf 83' lang='grc' dir='ltr'>διεπέτασεν</span> <span class='ocrx_word' id='word_1_383' title='bbox 1908 2709 2049 2779; x_wconf 78' lang='grc' dir='ltr'>ὑπὲρ</span> <span class='ocrx_word' id='word_1_384' title='bbox 2074 2706 2167 2760; x_wconf 82' lang='grc' dir='ltr'>τοῦ</span> <span class='ocrx_word' id='word_1_385' title='bbox 2190 2706 2417 2777; x_wconf 85' lang='grc' dir='ltr'>κόσμου,</span> <span class='ocrx_word' id='word_1_386' title='bbox 2440 2702 2499 2761; x_wconf 73' lang='grc' dir='ltr'>οὗ</span> <span class='ocrx_word' id='word_1_387' title='bbox 2527 2708 2773 2780; x_wconf 78' lang='grc' dir='ltr'>περιῄρει</span> <span class='ocrx_word' id='word_1_388' title='bbox 2801 2711 2900 2780; x_wconf 86' lang='grc' dir='ltr'><strong>τὴν</strong></span> <span class='ocrx_word' id='word_1_389' title='bbox 2952 2699 3242 2781; x_wconf 78' lang='grc' dir='ltr'>ἁμαρτίαν,</span> <span class='ocrx_word' id='word_1_390' title='bbox 3271 2710 3361 2763; x_wconf 80' lang='grc' dir='ltr'><strong>τὸν</strong></span> <span class='ocrx_word' id='word_1_391' title='bbox 3420 2708 3526 2764; x_wconf 71' lang='lat' dir='ltr'><strong>na—</strong></span> 
     </span>
    </p>
   </div>
   <div class='ocr_carea' id='block_1_49' title="bbox 304 2803 838 2875">
    <p class='ocr_par' dir='ltr' id='par_1_49' title="bbox 304 2803 838 2875">
     <span class='ocr_line' id='line_1_49' title="bbox 304 2803 838 2875; baseline -0.002 -17"><span class='ocrx_word' id='word_1_392' title='bbox 304 2803 442 2874; x_wconf 74' lang='grc' dir='ltr'>τέρα</span> <span class='ocrx_word' id='word_1_393' title='bbox 470 2803 838 2875; x_wconf 76' lang='grc' dir='ltr'>ἱλασκόμενος.</span> 
     </span>
    </p>
   </div>
   <div class='ocr_carea' id='block_1_50' title="bbox 379 2912 1872 2989">
    <p class='ocr_par' dir='ltr' id='par_1_50' title="bbox 379 2912 1872 2989">
     <span class='ocr_line' id='line_1_50' title="bbox 379 2912 1872 2989; baseline -0.001 -18"><span class='ocrx_word' id='word_1_394' title='bbox 379 2916 511 2971; x_wconf 81' lang='grc' dir='ltr'>Τίνα</span> <span class='ocrx_word' id='word_1_395' title='bbox 537 2916 593 2969; x_wconf 79' lang='grc' dir='ltr'><strong>δέ</strong></span> <span class='ocrx_word' id='word_1_396' title='bbox 620 2912 687 2988; x_wconf 82' lang='grc' dir='ltr'>ἦν</span> <span class='ocrx_word' id='word_1_397' title='bbox 712 2916 852 2989; x_wconf 77' lang='grc' dir='ltr'>άπερ</span> <span class='ocrx_word' id='word_1_398' title='bbox 880 2916 976 2980; x_wconf 82' lang='grc' dir='ltr'>τὰς</span> <span class='ocrx_word' id='word_1_399' title='bbox 1004 2920 1188 2989; x_wconf 81' lang='grc' dir='ltr'>χεῖρας</span> <span class='ocrx_word' id='word_1_400' title='bbox 1212 2916 1457 2982; x_wconf 82' lang='grc' dir='ltr'>ἐξαπλῶν</span> <span class='ocrx_word' id='word_1_401' title='bbox 1482 2916 1617 2988; x_wconf 83' lang='grc' dir='ltr'>πρὸς</span> <span class='ocrx_word' id='word_1_402' title='bbox 1641 2917 1729 2970; x_wconf 82' lang='grc' dir='ltr'><strong>τὸν</strong></span> <span class='ocrx_word' id='word_1_403' title='bbox 1760 2917 1872 2970; x_wconf 85' lang='grc' dir='ltr'><strong>Πα-</strong></span> 
     </span>
    </p>
   </div>
   <div class='ocr_carea' id='block_1_51' title="bbox 305 3005 1875 3078">
    <p class='ocr_par' dir='ltr' id='par_1_51' title="bbox 305 3005 1875 3078">
     <span class='ocr_line' id='line_1_51' title="bbox 305 3005 1875 3078; baseline 0 -20"><span class='ocrx_word' id='word_1_404' title='bbox 305 3006 446 3076; x_wconf 82' lang='grc' dir='ltr'>τέρα</span> <span class='ocrx_word' id='word_1_405' title='bbox 494 3005 849 3077; x_wconf 84' lang='grc' dir='ltr'>προσηύχετο,</span> <span class='ocrx_word' id='word_1_406' title='bbox 885 3007 976 3059; x_wconf 76' lang='grc' dir='ltr'>καὶ</span> <span class='ocrx_word' id='word_1_407' title='bbox 1006 3006 1124 3059; x_wconf 73' lang='grc' dir='ltr'>κατ’</span> <span class='ocrx_word' id='word_1_408' title='bbox 1158 3006 1371 3077; x_wconf 78' lang='grc' dir='ltr'>ἐκείνην·</span> <span class='ocrx_word' id='word_1_409' title='bbox 1402 3007 1501 3077; x_wconf 86' lang='grc' dir='ltr'>τὴν</span> <span class='ocrx_word' id='word_1_410' title='bbox 1548 3006 1875 3078; x_wconf 81' lang='grc' dir='ltr'>δηλουμένην</span> 
     </span>
    </p>
   </div>
   <div class='ocr_carea' id='block_1_52' title="bbox 201 3097 1872 3170">
    <p class='ocr_par' dir='ltr' id='par_1_52' title="bbox 201 3097 1872 3170">
     <span class='ocr_line' id='line_1_52' title="bbox 201 3097 1872 3170; baseline -0.002 -16"><span class='ocrx_word' id='word_1_411' title='bbox 201 3164 206 3169; x_wconf 30' lang='grc' dir='ltr'><strong>ε</strong></span> <span class='ocrx_word' id='word_1_412' title='bbox 311 3097 525 3169; x_wconf 68' lang='grc' dir='ltr'>ἡμέραν</span> <span class='ocrx_word' id='word_1_413' title='bbox 573 3097 720 3169; x_wconf 84' lang='grc' dir='ltr'>αὐτῷ</span> <span class='ocrx_word' id='word_1_414' title='bbox 768 3098 902 3168; x_wconf 74' lang='grc' dir='ltr'>πρὺς</span> <span class='ocrx_word' id='word_1_415' title='bbox 954 3098 1044 3151; x_wconf 83' lang='grc' dir='ltr'>τὸν</span> <span class='ocrx_word' id='word_1_416' title='bbox 1091 3098 1306 3169; x_wconf 86' lang='grc' dir='ltr'>Πατέρα</span> <span class='ocrx_word' id='word_1_417' title='bbox 1357 3097 1519 3152; x_wconf 82' lang='grc' dir='ltr'>αὐτοῦ</span> <span class='ocrx_word' id='word_1_418' title='bbox 1556 3098 1872 3170; x_wconf 78' lang='grc' dir='ltr'>βεὸοημένα,</span> 
     </span>
    </p>
   </div>
   <div class='ocr_carea' id='block_1_53' title="bbox 314 3188 1877 3261">
    <p class='ocr_par' dir='ltr' id='par_1_53' title="bbox 314 3188 1877 3261">
     <span class='ocr_line' id='line_1_53' title="bbox 314 3188 1877 3261; baseline 0.001 -20"><span class='ocrx_word' id='word_1_419' title='bbox 314 3188 520 3261; x_wconf 81' lang='grc' dir='ltr'>προῖὼν</span> <span class='ocrx_word' id='word_1_420' title='bbox 550 3190 787 3245; x_wconf 82' lang='grc' dir='ltr'>διδάσκει</span> <span class='ocrx_word' id='word_1_421' title='bbox 823 3192 880 3243; x_wconf 83' lang='grc' dir='ltr'><strong>ἐν</strong></span> <span class='ocrx_word' id='word_1_422' title='bbox 906 3190 1133 3255; x_wconf 81' lang='grc' dir='ltr'>τούτοις·</span> <span class='ocrx_word' id='word_1_423' title='bbox 1171 3190 1266 3259; x_wconf 80' lang='grc' dir='ltr'><strong>Μὴ</strong></span> <span class='ocrx_word' id='word_1_424' title='bbox 1298 3191 1421 3255; x_wconf 81' lang='grc' dir='ltr'>τοῖς</span> <span class='ocrx_word' id='word_1_425' title='bbox 1446 3191 1678 3260; x_wconf 79' lang='grc' dir='ltr'>νεκροῖς</span> <span class='ocrx_word' id='word_1_426' title='bbox 1708 3190 1877 3261; x_wconf 82' lang='grc' dir='ltr'>ποιή-</span> 
     </span>
    </p>
   </div>
   <div class='ocr_carea' id='block_1_54' title="bbox 2038 2907 3523 2981">
    <p class='ocr_par' dir='ltr' id='par_1_54' title="bbox 2038 2907 3523 2981">
     <span class='ocr_line' id='line_1_54' title="bbox 2038 2907 3523 2981; baseline -0.003 -14"><span class='ocrx_word' id='word_1_427' title='bbox 2038 2913 2294 2979; x_wconf 71' lang='lat' dir='ltr'><strong>Qutenam</strong></span> <span class='ocrx_word' id='word_1_428' title='bbox 2329 2920 2510 2967; x_wconf 89' lang='lat' dir='ltr'><strong>autem</strong></span> <span class='ocrx_word' id='word_1_429' title='bbox 2545 2911 2800 2981; x_wconf 78' lang='lat' dir='ltr'><strong>expansis</strong></span> <span class='ocrx_word' id='word_1_430' title='bbox 2831 2909 3083 2963; x_wconf 84' lang='lat' dir='ltr'><strong>manibus</strong></span> <span class='ocrx_word' id='word_1_431' title='bbox 3117 2907 3328 2963; x_wconf 88' lang='lat' dir='ltr'><strong>Patrem</strong></span> <span class='ocrx_word' id='word_1_432' title='bbox 3362 2923 3523 2980; x_wconf 81' lang='lat' dir='ltr'><strong>roga-</strong></span> 
     </span>
    </p>
   </div>
   <div class='ocr_carea' id='block_1_55' title="bbox 1969 2999 3519 3075">
    <p class='ocr_par' dir='ltr' id='par_1_55' title="bbox 1969 2999 3519 3075">
     <span class='ocr_line' id='line_1_55' title="bbox 1969 2999 3519 3075; baseline -0.003 -16"><span class='ocrx_word' id='word_1_433' title='bbox 1969 3007 2128 3069; x_wconf 85' lang='lat' dir='ltr'><strong>verit,</strong></span> <span class='ocrx_word' id='word_1_434' title='bbox 2172 3013 2225 3061; x_wconf 91' lang='lat' dir='ltr'><strong>et</strong></span> <span class='ocrx_word' id='word_1_435' title='bbox 2268 3019 2509 3075; x_wconf 78' lang='lat' dir='ltr'><strong>quamam</strong></span> <span class='ocrx_word' id='word_1_436' title='bbox 2556 3009 2851 3057; x_wconf 89' lang='lat' dir='ltr'><strong>memorata</strong></span> <span class='ocrx_word' id='word_1_437' title='bbox 2882 3002 2969 3055; x_wconf 91' lang='lat' dir='ltr'><strong>die</strong></span> <span class='ocrx_word' id='word_1_438' title='bbox 2998 3000 3064 3053; x_wconf 90' lang='lat' dir='ltr'><strong>ad</strong></span> <span class='ocrx_word' id='word_1_439' title='bbox 3098 2999 3308 3075; x_wconf 88' lang='lat' dir='ltr'><strong>Patrem</strong></span> <span class='ocrx_word' id='word_1_440' title='bbox 3360 3016 3519 3056; x_wconf 84' lang='lat' dir='ltr'><strong>suum</strong></span> 
     </span>
    </p>
   </div>
   <div class='ocr_carea' id='block_1_56' title="bbox 1969 3072 3518 3167">
    <p class='ocr_par' dir='ltr' id='par_1_56' title="bbox 1969 3072 3518 3167">
     <span class='ocr_line' id='line_1_56' title="bbox 1969 3072 3518 3167; baseline -0.005 -16"><span class='ocrx_word' id='word_1_441' title='bbox 1969 3072 2303 3159; x_wconf 69' lang='lat' dir='ltr'><strong>clamaverit,</strong></span> <span class='ocrx_word' id='word_1_442' title='bbox 2328 3097 2445 3167; x_wconf 88' lang='lat' dir='ltr'><strong>ipse</strong></span> <span class='ocrx_word' id='word_1_443' title='bbox 2461 3110 2583 3148; x_wconf 81' lang='lat' dir='ltr'><strong>mox</strong></span> <span class='ocrx_word' id='word_1_444' title='bbox 2606 3094 2779 3164; x_wconf 90' lang='lat' dir='ltr'><strong>aperit</strong></span> <span class='ocrx_word' id='word_1_445' title='bbox 2807 3094 2993 3147; x_wconf 75' lang='lat' dir='ltr'><strong>dit-ens</strong></span> <span class='ocrx_word' id='word_1_446' title='bbox 3026 3072 3297 3147; x_wconf 43' lang='lat' dir='ltr'><strong>:J-Vzns.</strong></span> <span class='ocrx_word' id='word_1_447' title='bbox 3328 3086 3518 3145; x_wconf 63' lang='lat'><strong>{1-13.</strong></span> 
     </span>
    </p>
   </div>
   <div class='ocr_carea' id='block_1_57' title="bbox 1972 3178 3519 3256">
    <p class='ocr_par' dir='ltr' id='par_1_57' title="bbox 1972 3178 3519 3256">
     <span class='ocr_line' id='line_1_57' title="bbox 1972 3178 3519 3256; baseline -0.005 -17"><span class='ocrx_word' id='word_1_448' title='bbox 1972 3185 2223 3256; x_wconf 81' lang='lat' dir='ltr'><strong>Nunquid</strong></span> <span class='ocrx_word' id='word_1_449' title='bbox 2258 3186 2479 3239; x_wconf 78' lang='lat' dir='ltr'><strong>mortuis</strong></span> <span class='ocrx_word' id='word_1_450' title='bbox 2501 3184 2658 3252; x_wconf 76' lang='lat' dir='ltr'><strong>facies</strong></span> <span class='ocrx_word' id='word_1_451' title='bbox 2680 3181 2964 3245; x_wconf 82' lang='lat' dir='ltr'><strong>mirabilia,</strong></span> <span class='ocrx_word' id='word_1_452' title='bbox 2990 3190 3081 3233; x_wconf 87' lang='lat' dir='ltr'><strong>aut</strong></span> <span class='ocrx_word' id='word_1_453' title='bbox 3098 3178 3283 3233; x_wconf 87' lang='lat' dir='ltr'><strong>medici</strong></span> <span class='ocrx_word' id='word_1_454' title='bbox 3298 3180 3519 3233; x_wconf 82' lang='lat' dir='ltr'><strong>suscita-</strong></span> 
     </span>
    </p>
   </div>
   <div class='ocr_carea' id='block_1_58' title="bbox 309 3268 2049 3378">
    <p class='ocr_par' dir='ltr' id='par_1_58' title="bbox 309 3274 2049 3378">
     <span class='ocr_line' id='line_1_58' title="bbox 309 3274 2049 3378; baseline -0.002 -43"><span class='ocrx_word' id='word_1_455' title='bbox 309 3297 446 3359; x_wconf 83' lang='grc' dir='ltr'>σεις</span> <span class='ocrx_word' id='word_1_456' title='bbox 468 3281 785 3350; x_wconf 85' lang='grc' dir='ltr'>θαυμάσια,</span> <span class='ocrx_word' id='word_1_457' title='bbox 836 3281 874 3349; x_wconf 75' lang='grc' dir='ltr'><strong>ἢ</strong></span> <span class='ocrx_word' id='word_1_458' title='bbox 918 3282 1098 3349; x_wconf 70' lang='grc' dir='ltr'>ἰατροὶ</span> <span class='ocrx_word' id='word_1_459' title='bbox 1148 3281 1565 3348; x_wconf 69' lang='grc' dir='ltr'>ἀπιστήσουσι</span> <span class='ocrx_word' id='word_1_460' title='bbox 1606 3281 1703 3335; x_wconf 74' lang='grc' dir='ltr'>καὶ</span> <span class='ocrx_word' id='word_1_461' title='bbox 1740 3281 1872 3343; x_wconf 80' lang='grc' dir='ltr'><strong>ἐξο-</strong></span> <span class='ocrx_word' id='word_1_462' title='bbox 1899 3320 1940 3378; x_wconf 74' lang='lat' dir='ltr'><strong><em>C</em></strong></span> <span class='ocrx_word' id='word_1_463' title='bbox 1972 3274 2049 3327; x_wconf 61' lang='lat' dir='ltr'><strong>bit</strong></span> 
     </span>
    </p>
   </div>
   <div class='ocr_carea' id='block_1_59' title="bbox 1776 3268 3516 3378">
    <p class='ocr_par' dir='ltr' id='par_1_59' title="bbox 1776 3268 3516 3378">
     <span class='ocr_line' id='line_1_59' title="bbox 1776 3268 3516 3378; baseline -0.003 -51"><span class='ocrx_word' id='word_1_464' title='bbox 1776 3281 1872 3343; x_wconf 80' lang='grc' dir='ltr'><strong>ξο-</strong></span> <span class='ocrx_word' id='word_1_465' title='bbox 1899 3320 1940 3378; x_wconf 74' lang='lat' dir='ltr'><strong><em>C</em></strong></span> <span class='ocrx_word' id='word_1_466' title='bbox 1972 3274 2119 3337; x_wconf 74' lang='lat' dir='ltr'><strong>bunt,</strong></span> <span class='ocrx_word' id='word_1_467' title='bbox 2169 3283 2219 3329; x_wconf 84' lang='lat' dir='ltr'><strong>et</strong></span> <span class='ocrx_word' id='word_1_468' title='bbox 2283 3274 2664 3341; x_wconf 82' lang='lat' dir='ltr'><strong>conﬁtebuntur</strong></span> <span class='ocrx_word' id='word_1_469' title='bbox 2705 3271 2840 3327; x_wconf 74' lang='lat' dir='ltr'><strong>tibi?</strong></span> <span class='ocrx_word' id='word_1_470' title='bbox 2893 3269 3225 3340; x_wconf 83' lang='lat' dir='ltr'><strong>Diapsalma.</strong></span> <span class='ocrx_word' id='word_1_471' title='bbox 3268 3268 3516 3338; x_wconf 78' lang='lat' dir='ltr'><strong>Nunquid</strong></span> 
     </span>
    </p>
   </div>
   <div class='ocr_carea' id='block_1_60' title="bbox 300 3371 1872 3443">
    <p class='ocr_par' dir='ltr' id='par_1_60' title="bbox 300 3371 1872 3443">
     <span class='ocr_line' id='line_1_60' title="bbox 300 3371 1872 3443; baseline -0.001 -17"><span class='ocrx_word' id='word_1_472' title='bbox 300 3371 757 3443; x_wconf 73' lang='grc' dir='ltr'>μολογήσονταί</span> <span class='ocrx_word' id='word_1_473' title='bbox 781 3388 911 3437; x_wconf 88' lang='grc' dir='ltr'>σοι;</span> <span class='ocrx_word' id='word_1_474' title='bbox 940 3373 1268 3442; x_wconf 70' lang='grc' dir='ltr'>Διάψαλμα.</span> <span class='ocrx_word' id='word_1_475' title='bbox 1293 3373 1389 3441; x_wconf 78' lang='grc' dir='ltr'><strong>Μὴ</strong></span> <span class='ocrx_word' id='word_1_476' title='bbox 1404 3373 1756 3443; x_wconf 76' lang='grc' dir='ltr'>διηγήσεταί</span> <span class='ocrx_word' id='word_1_477' title='bbox 1784 3390 1872 3439; x_wconf 86' lang='grc' dir='ltr'><strong>τις</strong></span> 
     </span>
    </p>
   </div>
   <div class='ocr_carea' id='block_1_61' title="bbox 306 3463 1871 3534">
    <p class='ocr_par' dir='ltr' id='par_1_61' title="bbox 306 3463 1871 3534">
     <span class='ocr_line' id='line_1_61' title="bbox 306 3463 1871 3534; baseline -0.001 -15"><span class='ocrx_word' id='word_1_478' title='bbox 306 3464 383 3519; x_wconf 76' lang='grc' dir='ltr'>ἐν</span> <span class='ocrx_word' id='word_1_479' title='bbox 413 3464 575 3533; x_wconf 74' lang='grc' dir='ltr'>τάφῳ</span> <span class='ocrx_word' id='word_1_480' title='bbox 602 3465 668 3517; x_wconf 88' lang='grc' dir='ltr'>τὸ</span> <span class='ocrx_word' id='word_1_481' title='bbox 706 3465 879 3530; x_wconf 76' lang='grc' dir='ltr'>ἔλεός</span> <span class='ocrx_word' id='word_1_482' title='bbox 918 3480 1032 3519; x_wconf 90' lang='grc' dir='ltr'><strong>σου</strong></span> <span class='ocrx_word' id='word_1_483' title='bbox 1071 3465 1168 3518; x_wconf 78' lang='grc' dir='ltr'>καὶ</span> <span class='ocrx_word' id='word_1_484' title='bbox 1213 3466 1327 3533; x_wconf 78' lang='grc' dir='ltr'><strong>τὴν</strong></span> <span class='ocrx_word' id='word_1_485' title='bbox 1368 3466 1653 3533; x_wconf 70' lang='grc' dir='ltr'>ἀλήθειαν</span> <span class='ocrx_word' id='word_1_486' title='bbox 1689 3466 1758 3519; x_wconf 82' lang='grc' dir='ltr'>ἐν</span> <span class='ocrx_word' id='word_1_487' title='bbox 1797 3463 1871 3534; x_wconf 78' lang='grc' dir='ltr'>τῇ</span> 
     </span>
    </p>
   </div>
   <div class='ocr_carea' id='block_1_62' title="bbox 306 3554 1869 3625">
    <p class='ocr_par' dir='ltr' id='par_1_62' title="bbox 306 3554 1869 3625">
     <span class='ocr_line' id='line_1_62' title="bbox 306 3554 1869 3625; baseline -0.001 -15"><span class='ocrx_word' id='word_1_488' title='bbox 306 3554 606 3622; x_wconf 55' lang='lat' dir='ltr'><strong>(Munda;</strong></span> <span class='ocrx_word' id='word_1_489' title='bbox 651 3554 746 3623; x_wconf 75' lang='grc' dir='ltr'><strong>Μὴ</strong></span> <span class='ocrx_word' id='word_1_490' title='bbox 776 3555 1182 3625; x_wconf 72' lang='grc' dir='ltr'>γνωσθήσεται</span> <span class='ocrx_word' id='word_1_491' title='bbox 1210 3555 1281 3607; x_wconf 81' lang='grc' dir='ltr'>ἐν</span> <span class='ocrx_word' id='word_1_492' title='bbox 1301 3554 1381 3620; x_wconf 81' lang='grc' dir='ltr'>τῷ</span> <span class='ocrx_word' id='word_1_493' title='bbox 1399 3556 1597 3608; x_wconf 83' lang='grc' dir='ltr'>σκότει</span> <span class='ocrx_word' id='word_1_494' title='bbox 1628 3556 1699 3609; x_wconf 82' lang='grc' dir='ltr'>τὰ</span> <span class='ocrx_word' id='word_1_495' title='bbox 1730 3557 1869 3609; x_wconf 83' lang='grc' dir='ltr'>θαυ-</span> 
     </span>
    </p>
   </div>
   <div class='ocr_carea' id='block_1_63' title="bbox 299 3644 1870 3716">
    <p class='ocr_par' dir='ltr' id='par_1_63' title="bbox 299 3644 1870 3716">
     <span class='ocr_line' id='line_1_63' title="bbox 299 3644 1870 3716; baseline -0.001 -16"><span class='ocrx_word' id='word_1_496' title='bbox 299 3645 493 3716; x_wconf 72' lang='grc' dir='ltr'>μάσια</span> <span class='ocrx_word' id='word_1_497' title='bbox 532 3661 667 3710; x_wconf 89' lang='grc' dir='ltr'>σου,</span> <span class='ocrx_word' id='word_1_498' title='bbox 713 3646 811 3699; x_wconf 81' lang='grc' dir='ltr'>καὶ</span> <span class='ocrx_word' id='word_1_499' title='bbox 847 3648 885 3714; x_wconf 78' lang='grc' dir='ltr'><strong><em>ἠ</em></strong></span> <span class='ocrx_word' id='word_1_500' title='bbox 930 3645 1276 3713; x_wconf 77' lang='grc' dir='ltr'>δικαιοσύνη</span> <span class='ocrx_word' id='word_1_501' title='bbox 1315 3662 1429 3699; x_wconf 89' lang='grc' dir='ltr'><strong>σου</strong></span> <span class='ocrx_word' id='word_1_502' title='bbox 1472 3647 1541 3697; x_wconf 83' lang='grc' dir='ltr'>ἐν</span> <span class='ocrx_word' id='word_1_503' title='bbox 1576 3644 1652 3713; x_wconf 76' lang='grc' dir='ltr'><strong>τῇ</strong></span> <span class='ocrx_word' id='word_1_504' title='bbox 1676 3646 1870 3699; x_wconf 73' lang='grc' dir='ltr'>ἐπιλε-</span> 
     </span>
    </p>
   </div>
   <div class='ocr_carea' id='block_1_64' title="bbox 304 3734 1869 3807">
    <p class='ocr_par' dir='ltr' id='par_1_64' title="bbox 304 3734 1869 3807">
     <span class='ocr_line' id='line_1_64' title="bbox 304 3734 1869 3807; baseline -0.003 -16"><span class='ocrx_word' id='word_1_505' title='bbox 304 3736 587 3807; x_wconf 72' lang='grc' dir='ltr'>λησμένῃ,</span> <span class='ocrx_word' id='word_1_506' title='bbox 602 3752 622 3800; x_wconf 89' lang='grc'><strong><em>;</em></strong></span> <span class='ocrx_word' id='word_1_507' title='bbox 662 3737 805 3789; x_wconf 58' lang='grc' dir='ltr'>’ἀντὶ</span> <span class='ocrx_word' id='word_1_508' title='bbox 824 3735 937 3801; x_wconf 84' lang='grc' dir='ltr'>τοῦ,</span> <span class='ocrx_word' id='word_1_509' title='bbox 966 3736 1061 3803; x_wconf 81' lang='grc' dir='ltr'><strong>Μὴ</strong></span> <span class='ocrx_word' id='word_1_510' title='bbox 1082 3736 1151 3787; x_wconf 76' lang='grc' dir='ltr'>ἐν</span> <span class='ocrx_word' id='word_1_511' title='bbox 1177 3734 1411 3803; x_wconf 81' lang='grc' dir='ltr'>νεκροῖς</span> <span class='ocrx_word' id='word_1_512' title='bbox 1436 3735 1705 3801; x_wconf 80' lang='grc' dir='ltr'>ποιήσεις</span> <span class='ocrx_word' id='word_1_513' title='bbox 1731 3737 1869 3788; x_wconf 86' lang='grc' dir='ltr'>θαυ-</span> 
     </span>
    </p>
   </div>
   <div class='ocr_carea' id='block_1_65' title="bbox 300 3820 1869 3897">
    <p class='ocr_par' dir='ltr' id='par_1_65' title="bbox 300 3820 1869 3897">
     <span class='ocr_line' id='line_1_65' title="bbox 300 3820 1869 3897; baseline -0.003 -16"><span class='ocrx_word' id='word_1_514' title='bbox 300 3826 524 3897; x_wconf 79' lang='grc' dir='ltr'>μάσια;</span> <span class='ocrx_word' id='word_1_515' title='bbox 569 3828 731 3896; x_wconf 79' lang='grc' dir='ltr'>φησὶν</span> <span class='ocrx_word' id='word_1_516' title='bbox 766 3828 794 3879; x_wconf 92' lang='lat'><strong>6</strong></span> <span class='ocrx_word' id='word_1_517' title='bbox 823 3825 1132 3897; x_wconf 78' lang='grc' dir='ltr'>Σύμμαχος,</span> <span class='ocrx_word' id='word_1_518' title='bbox 1162 3820 1313 3893; x_wconf 75' lang='grc' dir='ltr'><strong>Ἀρα</strong></span> <span class='ocrx_word' id='word_1_519' title='bbox 1339 3823 1569 3893; x_wconf 81' lang='grc' dir='ltr'>νεκροῖς</span> <span class='ocrx_word' id='word_1_520' title='bbox 1599 3825 1869 3891; x_wconf 78' lang='grc' dir='ltr'>ποιήσεις</span> 
     </span>
    </p>
   </div>
   <div class='ocr_carea' id='block_1_66' title="bbox 308 3911 1864 3987">
    <p class='ocr_par' dir='ltr' id='par_1_66' title="bbox 308 3911 1864 3987">
     <span class='ocr_line' id='line_1_66' title="bbox 308 3911 1864 3987; baseline -0.002 -15"><span class='ocrx_word' id='word_1_521' title='bbox 308 3918 617 3986; x_wconf 75' lang='grc' dir='ltr'>τεράστια;</span> <span class='ocrx_word' id='word_1_522' title='bbox 664 3919 774 3971; x_wconf 74' lang='grc' dir='ltr'>Καὶ</span> <span class='ocrx_word' id='word_1_523' title='bbox 805 3918 871 3971; x_wconf 89' lang='grc' dir='ltr'>δι’</span> <span class='ocrx_word' id='word_1_524' title='bbox 908 3918 1042 3971; x_wconf 86' lang='grc' dir='ltr'>ὅλων</span> <span class='ocrx_word' id='word_1_525' title='bbox 1084 3917 1192 3970; x_wconf 83' lang='grc' dir='ltr'><strong>τῶν</strong></span> <span class='ocrx_word' id='word_1_526' title='bbox 1231 3913 1376 3987; x_wconf 77' lang='grc' dir='ltr'>ἑξῆς,</span> <span class='ocrx_word' id='word_1_527' title='bbox 1418 3918 1476 3969; x_wconf 90' lang='grc' dir='ltr'><strong>ἐν</strong></span> <span class='ocrx_word' id='word_1_528' title='bbox 1518 3911 1599 3979; x_wconf 77' lang='grc' dir='ltr'>οἷς</span> <span class='ocrx_word' id='word_1_529' title='bbox 1632 3916 1864 3984; x_wconf 90' lang='grc' dir='ltr'>λέγεται,</span> 
     </span>
    </p>
   </div>
   <div class='ocr_carea' id='block_1_67' title="bbox 305 4008 1867 4079">
    <p class='ocr_par' dir='ltr' id='par_1_67' title="bbox 305 4008 1867 4079">
     <span class='ocr_line' id='line_1_67' title="bbox 305 4008 1867 4079; baseline -0.002 -15"><span class='ocrx_word' id='word_1_530' title='bbox 305 4010 407 4078; x_wconf 71' lang='grc' dir='ltr'><strong>Μὴ</strong></span> <span class='ocrx_word' id='word_1_531' title='bbox 432 4009 777 4079; x_wconf 74' lang='grc' dir='ltr'>διηγήσεταί</span> <span class='ocrx_word' id='word_1_532' title='bbox 812 4025 903 4075; x_wconf 80' lang='grc' dir='ltr'><strong>τις</strong></span> <span class='ocrx_word' id='word_1_533' title='bbox 930 4009 999 4062; x_wconf 79' lang='grc' dir='ltr'>ἐν</span> <span class='ocrx_word' id='word_1_534' title='bbox 1031 4008 1226 4079; x_wconf 64' lang='lat' dir='ltr'><strong>tdgptp;</strong></span> <span class='ocrx_word' id='word_1_535' title='bbox 1259 4011 1351 4062; x_wconf 79' lang='grc' dir='ltr'><strong>καὶ</strong></span> <span class='ocrx_word' id='word_1_536' title='bbox 1374 4009 1550 4074; x_wconf 86' lang='grc' dir='ltr'>πάλιν,</span> <span class='ocrx_word' id='word_1_537' title='bbox 1587 4009 1680 4076; x_wconf 82' lang='grc' dir='ltr'><strong>Μὴ</strong></span> <span class='ocrx_word' id='word_1_538' title='bbox 1719 4026 1867 4079; x_wconf 75' lang='grc' dir='ltr'>γνω-</span> 
     </span>
    </p>
   </div>
   <div class='ocr_carea' id='block_1_68' title="bbox 305 4094 1867 4171">
    <p class='ocr_par' dir='ltr' id='par_1_68' title="bbox 305 4094 1867 4171">
     <span class='ocr_line' id='line_1_68' title="bbox 305 4094 1867 4171; baseline -0.001 -17"><span class='ocrx_word' id='word_1_539' title='bbox 305 4100 593 4167; x_wconf 77' lang='grc' dir='ltr'>σθήσεται</span> <span class='ocrx_word' id='word_1_540' title='bbox 617 4094 1041 4166; x_wconf 63' lang='grc' dir='ltr'>ὲντῷισκότεω</span> <span class='ocrx_word' id='word_1_541' title='bbox 1072 4102 1101 4153; x_wconf 88' lang='lat'><strong>6</strong></span> <span class='ocrx_word' id='word_1_542' title='bbox 1138 4100 1446 4170; x_wconf 81' lang='grc' dir='ltr'>Σύμμαχος,</span> <span class='ocrx_word' id='word_1_543' title='bbox 1486 4102 1559 4155; x_wconf 82' lang='grc' dir='ltr'><em>Ἣ</em></span> <span class='ocrx_word' id='word_1_544' title='bbox 1591 4098 1867 4171; x_wconf 76' lang='grc' dir='ltr'>διηγήσε-</span> 
     </span>
    </p>
   </div>
   <div class='ocr_carea' id='block_1_69' title="bbox 304 4190 1869 4262">
    <p class='ocr_par' dir='ltr' id='par_1_69' title="bbox 304 4190 1869 4262">
     <span class='ocr_line' id='line_1_69' title="bbox 304 4190 1869 4262; baseline -0.001 -17"><span class='ocrx_word' id='word_1_545' title='bbox 304 4207 421 4256; x_wconf 84' lang='grc' dir='ltr'>ται,</span> <span class='ocrx_word' id='word_1_546' title='bbox 454 4190 493 4260; x_wconf 79' lang='grc' dir='ltr'><em>ἢ</em></span> <span class='ocrx_word' id='word_1_547' title='bbox 542 4191 989 4261; x_wconf 56' lang='grc' dir='ltr'>γνωσθήσετακ</span> <span class='ocrx_word' id='word_1_548' title='bbox 1040 4191 1315 4255; x_wconf 78' lang='grc' dir='ltr'>ἐξέδωκεν.</span> <span class='ocrx_word' id='word_1_549' title='bbox 1353 4191 1427 4243; x_wconf 85' lang='grc' dir='ltr'><strong>Οὐ</strong></span> <span class='ocrx_word' id='word_1_550' title='bbox 1450 4190 1557 4262; x_wconf 90' lang='grc' dir='ltr'><strong>γάρ</strong></span> <span class='ocrx_word' id='word_1_551' title='bbox 1600 4191 1869 4260; x_wconf 81' lang='grc' dir='ltr'>ἀπογινώ-</span> 
     </span>
    </p>
   </div>
   <div class='ocr_carea' id='block_1_70' title="bbox 300 4281 1893 4353">
    <p class='ocr_par' dir='ltr' id='par_1_70' title="bbox 300 4281 1893 4353">
     <span class='ocr_line' id='line_1_70' title="bbox 300 4281 1893 4353; baseline -0.003 -18"><span class='ocrx_word' id='word_1_552' title='bbox 300 4298 453 4335; x_wconf 76' lang='grc' dir='ltr'>σκων</span> <span class='ocrx_word' id='word_1_553' title='bbox 475 4283 543 4336; x_wconf 87' lang='grc' dir='ltr'><strong>τά</strong></span> <span class='ocrx_word' id='word_1_554' title='bbox 571 4283 853 4353; x_wconf 85' lang='grc' dir='ltr'>λεγόμενα,</span> <span class='ocrx_word' id='word_1_555' title='bbox 889 4281 1088 4344; x_wconf 79' lang='grc' dir='ltr'>ταύτας</span> <span class='ocrx_word' id='word_1_556' title='bbox 1111 4281 1373 4352; x_wconf 84' lang='grc' dir='ltr'>προέφερε</span> <span class='ocrx_word' id='word_1_557' title='bbox 1405 4281 1500 4343; x_wconf 76' lang='grc' dir='ltr'>τὰς</span> <span class='ocrx_word' id='word_1_558' title='bbox 1523 4283 1721 4349; x_wconf 76' lang='grc' dir='ltr'>φωνὰς,</span> <span class='ocrx_word' id='word_1_559' title='bbox 1746 4285 1865 4336; x_wconf 84' lang='grc' dir='ltr'>κατ’</span> <span class='ocrx_word' id='word_1_560' title='bbox 1890 4330 1893 4331; x_wconf 65' lang='lat'>,</span> 
     </span>
    </p>
   </div>
   <div class='ocr_carea' id='block_1_71' title="bbox 1971 3362 3521 3435">
    <p class='ocr_par' dir='ltr' id='par_1_71' title="bbox 1971 3362 3521 3435">
     <span class='ocr_line' id='line_1_71' title="bbox 1971 3362 3521 3435; baseline -0.005 -13"><span class='ocrx_word' id='word_1_561' title='bbox 1971 3368 2210 3422; x_wconf 81' lang='lat' dir='ltr'><strong>narrabit</strong></span> <span class='ocrx_word' id='word_1_562' title='bbox 2238 3363 2432 3435; x_wconf 69' lang='lat' dir='ltr'><strong>aliquis</strong></span> <span class='ocrx_word' id='word_1_563' title='bbox 2459 3366 2516 3418; x_wconf 86' lang='lat' dir='ltr'><strong>in</strong></span> <span class='ocrx_word' id='word_1_564' title='bbox 2543 3368 2781 3435; x_wconf 75' lang='lat' dir='ltr'><strong>sepulcro</strong></span> <span class='ocrx_word' id='word_1_565' title='bbox 2808 3362 3221 3417; x_wconf 85' lang='lat' dir='ltr'><strong>misericordiam</strong></span> <span class='ocrx_word' id='word_1_566' title='bbox 3264 3368 3429 3426; x_wconf 85' lang='lat' dir='ltr'><strong>tuam,</strong></span> <span class='ocrx_word' id='word_1_567' title='bbox 3469 3370 3521 3417; x_wconf 81' lang='lat' dir='ltr'><strong>et</strong></span> 
     </span>
    </p>
   </div>
   <div class='ocr_carea' id='block_1_72' title="bbox 1970 3448 3523 3526">
    <p class='ocr_par' dir='ltr' id='par_1_72' title="bbox 1970 3448 3523 3526">
     <span class='ocr_line' id='line_1_72' title="bbox 1970 3448 3523 3526; baseline -0.006 -13"><span class='ocrx_word' id='word_1_568' title='bbox 1970 3460 2238 3513; x_wconf 85' lang='lat' dir='ltr'><strong>ueritatem</strong></span> <span class='ocrx_word' id='word_1_569' title='bbox 2270 3454 2413 3511; x_wconf 82' lang='lat' dir='ltr'><strong>tuam</strong></span> <span class='ocrx_word' id='word_1_570' title='bbox 2435 3457 2491 3510; x_wconf 87' lang='lat' dir='ltr'><strong>in</strong></span> <span class='ocrx_word' id='word_1_571' title='bbox 2515 3456 2837 3526; x_wconf 77' lang='lat' dir='ltr'><strong>perditione?</strong></span> <span class='ocrx_word' id='word_1_572' title='bbox 2880 3448 3130 3523; x_wconf 84' lang='lat' dir='ltr'><strong>Nunquid</strong></span> <span class='ocrx_word' id='word_1_573' title='bbox 3151 3462 3523 3523; x_wconf 76' lang='lat' dir='ltr'><strong>cognoscentur</strong></span> 
     </span>
    </p>
   </div>
   <div class='ocr_carea' id='block_1_73' title="bbox 1970 3542 3522 3612">
    <p class='ocr_par' dir='ltr' id='par_1_73' title="bbox 1970 3542 3522 3612">
     <span class='ocr_line' id='line_1_73' title="bbox 1970 3542 3522 3612; baseline -0.003 -11"><span class='ocrx_word' id='word_1_574' title='bbox 1970 3551 2023 3601; x_wconf 88' lang='lat' dir='ltr'><strong>in</strong></span> <span class='ocrx_word' id='word_1_575' title='bbox 2054 3548 2274 3601; x_wconf 82' lang='lat' dir='ltr'><strong>tenebris</strong></span> <span class='ocrx_word' id='word_1_576' title='bbox 2299 3546 2563 3605; x_wconf 84' lang='lat' dir='ltr'><strong>mirabilia</strong></span> <span class='ocrx_word' id='word_1_577' title='bbox 2587 3554 2692 3607; x_wconf 87' lang='lat' dir='ltr'><strong>tua,</strong></span> <span class='ocrx_word' id='word_1_578' title='bbox 2717 3554 2765 3598; x_wconf 88' lang='lat' dir='ltr'><strong>et</strong></span> <span class='ocrx_word' id='word_1_579' title='bbox 2792 3544 3003 3612; x_wconf 80' lang='lat' dir='ltr'><strong>justitia</strong></span> <span class='ocrx_word' id='word_1_580' title='bbox 3031 3552 3121 3595; x_wconf 88' lang='lat' dir='ltr'><strong>tua</strong></span> <span class='ocrx_word' id='word_1_581' title='bbox 3139 3545 3201 3595; x_wconf 84' lang='lat' dir='ltr'><strong>in</strong></span> <span class='ocrx_word' id='word_1_582' title='bbox 3224 3552 3364 3595; x_wconf 85' lang='lat' dir='ltr'><strong>terra</strong></span> <span class='ocrx_word' id='word_1_583' title='bbox 3388 3542 3522 3596; x_wconf 75' lang='lat' dir='ltr'><strong>obli-</strong></span> 
     </span>
    </p>
   </div>
   <div class='ocr_carea' id='block_1_74' title="bbox 1969 3632 3522 3708">
    <p class='ocr_par' dir='ltr' id='par_1_74' title="bbox 1969 3632 3522 3708">
     <span class='ocr_line' id='line_1_74' title="bbox 1969 3632 3522 3708; baseline -0.001 -15"><span class='ocrx_word' id='word_1_584' title='bbox 1969 3641 2178 3696; x_wconf 80' lang='lat' dir='ltr'><strong>oionis?</strong></span> <span class='ocrx_word' id='word_1_585' title='bbox 2206 3639 2314 3693; x_wconf 87' lang='lat' dir='ltr'><strong>Pro</strong></span> <span class='ocrx_word' id='word_1_586' title='bbox 2345 3640 2456 3705; x_wconf 87' lang='lat' dir='ltr'><strong>illo,</strong></span> <span class='ocrx_word' id='word_1_587' title='bbox 2492 3638 2739 3708; x_wconf 87' lang='lat' dir='ltr'><strong>Nunquid</strong></span> <span class='ocrx_word' id='word_1_588' title='bbox 2776 3637 2991 3689; x_wconf 79' lang='lat' dir='ltr'><strong>mortuis</strong></span> <span class='ocrx_word' id='word_1_589' title='bbox 3023 3636 3182 3704; x_wconf 78' lang='lat' dir='ltr'><strong>facies</strong></span> <span class='ocrx_word' id='word_1_590' title='bbox 3207 3634 3474 3703; x_wconf 78' lang='lat' dir='ltr'><strong>mirabilia</strong></span> <span class='ocrx_word' id='word_1_591' title='bbox 3492 3632 3522 3691; x_wconf 67' lang='lat'><em>?</em></span> 
     </span>
    </p>
   </div>
   <div class='ocr_carea' id='block_1_75' title="bbox 1971 3726 3515 3803">
    <p class='ocr_par' dir='ltr' id='par_1_75' title="bbox 1971 3726 3515 3803">
     <span class='ocr_line' id='line_1_75' title="bbox 1971 3726 3515 3803; baseline -0.005 -18"><span class='ocrx_word' id='word_1_592' title='bbox 1971 3732 2329 3803; x_wconf 85' lang='lat' dir='ltr'><strong>Symmachus</strong></span> <span class='ocrx_word' id='word_1_593' title='bbox 2372 3732 2469 3795; x_wconf 87' lang='lat' dir='ltr'><strong>ait,</strong></span> <span class='ocrx_word' id='word_1_594' title='bbox 2503 3731 2583 3783; x_wconf 83' lang='lat' dir='ltr'><strong>An</strong></span> <span class='ocrx_word' id='word_1_595' title='bbox 2614 3730 2833 3782; x_wconf 77' lang='lat' dir='ltr'><strong>niortuis</strong></span> <span class='ocrx_word' id='word_1_596' title='bbox 2862 3728 3022 3797; x_wconf 82' lang='lat' dir='ltr'><strong>facies</strong></span> <span class='ocrx_word' id='word_1_597' title='bbox 3042 3726 3331 3796; x_wconf 83' lang='lat' dir='ltr'><strong>prodigia?</strong></span> <span class='ocrx_word' id='word_1_598' title='bbox 3357 3736 3411 3780; x_wconf 90' lang='lat' dir='ltr'><strong>et</strong></span> <span class='ocrx_word' id='word_1_599' title='bbox 3459 3727 3515 3779; x_wconf 86' lang='lat' dir='ltr'><strong>in</strong></span> 
     </span>
    </p>
   </div>
   <div class='ocr_carea' id='block_1_76' title="bbox 1968 3817 3515 3899">
    <p class='ocr_par' dir='ltr' id='par_1_76' title="bbox 1968 3817 3515 3899">
     <span class='ocr_line' id='line_1_76' title="bbox 1968 3817 3515 3899; baseline -0.005 -22"><span class='ocrx_word' id='word_1_600' title='bbox 1968 3822 2659 3899; x_wconf 61' lang='lat' dir='ltr'><strong>sequentibusubieunque</strong></span> <span class='ocrx_word' id='word_1_601' title='bbox 2694 3821 2937 3881; x_wconf 84' lang='lat' dir='ltr'><strong>dicitur,</strong></span> <span class='ocrx_word' id='word_1_602' title='bbox 2966 3817 3219 3887; x_wconf 86' lang='lat' dir='ltr'><strong>Nunquid</strong></span> <span class='ocrx_word' id='word_1_603' title='bbox 3273 3818 3515 3871; x_wconf 85' lang='lat' dir='ltr'><strong>narrabit</strong></span> 
     </span>
    </p>
   </div>
   <div class='ocr_carea' id='block_1_77' title="bbox 1968 3909 3605 3984">
    <p class='ocr_par' dir='ltr' id='par_1_77' title="bbox 1968 3909 3605 3984">
     <span class='ocr_line' id='line_1_77' title="bbox 1968 3909 3605 3984; baseline -0.002 -17"><span class='ocrx_word' id='word_1_604' title='bbox 1968 3916 2157 3984; x_wconf 81' lang='lat' dir='ltr'><strong>aliquis</strong></span> <span class='ocrx_word' id='word_1_605' title='bbox 2200 3915 2256 3969; x_wconf 88' lang='lat' dir='ltr'><strong>in</strong></span> <span class='ocrx_word' id='word_1_606' title='bbox 2302 3915 2579 3983; x_wconf 82' lang='lat' dir='ltr'><strong>sepulcro?</strong></span> <span class='ocrx_word' id='word_1_607' title='bbox 2628 3929 2692 3967; x_wconf 89' lang='lat' dir='ltr'><strong>ac</strong></span> <span class='ocrx_word' id='word_1_608' title='bbox 2741 3928 2979 3976; x_wconf 88' lang='lat' dir='ltr'><strong>rursum,</strong></span> <span class='ocrx_word' id='word_1_609' title='bbox 3035 3909 3285 3980; x_wconf 74' lang='lat' dir='ltr'><strong>Nunquid</strong></span> <span class='ocrx_word' id='word_1_610' title='bbox 3325 3926 3518 3980; x_wconf 81' lang='lat' dir='ltr'><strong>cogno-</strong></span> <span class='ocrx_word' id='word_1_611' title='bbox 3602 3926 3605 3929; x_wconf 71' lang='lat'><em>‘</em></span> 
     </span>
    </p>
   </div>
   <div class='ocr_carea' id='block_1_78' title="bbox 1966 4001 3516 4075">
    <p class='ocr_par' dir='ltr' id='par_1_78' title="bbox 1966 4001 3516 4075">
     <span class='ocr_line' id='line_1_78' title="bbox 1966 4001 3516 4075; baseline -0.003 -15"><span class='ocrx_word' id='word_1_612' title='bbox 1966 4014 2175 4060; x_wconf 83' lang='lat' dir='ltr'><strong>scentur</strong></span> <span class='ocrx_word' id='word_1_613' title='bbox 2203 4006 2271 4063; x_wconf 13' lang='lat' dir='ltr'><strong>in,</strong></span> <span class='ocrx_word' id='word_1_614' title='bbox 2314 4006 2574 4059; x_wconf 81' lang='lat' dir='ltr'><strong>tenebris?</strong></span> <span class='ocrx_word' id='word_1_615' title='bbox 2617 4004 2994 4075; x_wconf 80' lang='lat' dir='ltr'><strong>Symmachus,</strong></span> <span class='ocrx_word' id='word_1_616' title='bbox 3036 4002 3116 4056; x_wconf 77' lang='lat' dir='ltr'><strong>An</strong></span> <span class='ocrx_word' id='word_1_617' title='bbox 3146 4001 3406 4066; x_wconf 86' lang='lat' dir='ltr'><strong>narrabit,</strong></span> <span class='ocrx_word' id='word_1_618' title='bbox 3443 4018 3516 4056; x_wconf 81' lang='lat' dir='ltr'><strong>an</strong></span> 
     </span>
    </p>
   </div>
   <div class='ocr_carea' id='block_1_79' title="bbox 1966 4093 3516 4167">
    <p class='ocr_par' dir='ltr' id='par_1_79' title="bbox 1966 4093 3516 4167">
     <span class='ocr_line' id='line_1_79' title="bbox 1966 4093 3516 4167; baseline 0.001 -17"><span class='ocrx_word' id='word_1_619' title='bbox 1966 4104 2335 4167; x_wconf 73' lang='lat' dir='ltr'><strong>cognoscentur</strong></span> <span class='ocrx_word' id='word_1_620' title='bbox 2351 4099 2375 4151; x_wconf 69' lang='grc' dir='ltr'><strong>ἒ)</strong></span> <span class='ocrx_word' id='word_1_621' title='bbox 2391 4095 2576 4150; x_wconf 88' lang='lat' dir='ltr'><strong>edidit.</strong></span> <span class='ocrx_word' id='word_1_622' title='bbox 2596 4093 2713 4149; x_wconf 88' lang='lat' dir='ltr'><strong>Non</strong></span> <span class='ocrx_word' id='word_1_623' title='bbox 2732 4095 2873 4151; x_wconf 86' lang='lat' dir='ltr'><strong>enim</strong></span> <span class='ocrx_word' id='word_1_624' title='bbox 2890 4094 3032 4165; x_wconf 85' lang='lat' dir='ltr'><strong>quod</strong></span> <span class='ocrx_word' id='word_1_625' title='bbox 3049 4094 3175 4149; x_wconf 57' lang='lat' dir='ltr'><strong>haec</strong></span> <span class='ocrx_word' id='word_1_626' title='bbox 3207 4093 3320 4149; x_wconf 81' lang='lat' dir='ltr'><strong>ﬁeri</strong></span> <span class='ocrx_word' id='word_1_627' title='bbox 3352 4109 3516 4164; x_wconf 79' lang='lat' dir='ltr'><strong>posse</strong></span> 
     </span>
    </p>
   </div>
   <div class='ocr_carea' id='block_1_80' title="bbox 1965 4184 3514 4255">
    <p class='ocr_par' dir='ltr' id='par_1_80' title="bbox 1965 4184 3514 4255">
     <span class='ocr_line' id='line_1_80' title="bbox 1965 4184 3514 4255; baseline 0.001 -17"><span class='ocrx_word' id='word_1_628' title='bbox 1965 4185 2296 4254; x_wconf 86' lang='lat' dir='ltr'><strong>desperaret,</strong></span> <span class='ocrx_word' id='word_1_629' title='bbox 2344 4186 2419 4237; x_wconf 90' lang='lat' dir='ltr'><strong>ita</strong></span> <span class='ocrx_word' id='word_1_630' title='bbox 2464 4184 2676 4238; x_wconf 89' lang='lat' dir='ltr'><strong>loeutus</strong></span> <span class='ocrx_word' id='word_1_631' title='bbox 2730 4191 2832 4248; x_wconf 90' lang='lat' dir='ltr'><strong>est,</strong></span> <span class='ocrx_word' id='word_1_632' title='bbox 2886 4184 2937 4237; x_wconf 91' lang='lat' dir='ltr'><strong>in</strong></span> <span class='ocrx_word' id='word_1_633' title='bbox 2990 4184 3079 4237; x_wconf 89' lang='lat' dir='ltr'><strong>illa</strong></span> <span class='ocrx_word' id='word_1_634' title='bbox 3137 4184 3357 4240; x_wconf 84' lang='lat' dir='ltr'><strong>scilicet</strong></span> <span class='ocrx_word' id='word_1_635' title='bbox 3388 4200 3514 4255; x_wconf 78' lang='lat' dir='ltr'><strong>pas-</strong></span> 
     </span>
    </p>
   </div>
   <div class='ocr_carea' id='block_1_81' title="bbox 1966 4266 3513 4346">
    <p class='ocr_par' dir='ltr' id='par_1_81' title="bbox 1966 4266 3513 4346">
     <span class='ocr_line' id='line_1_81' title="bbox 1966 4266 3513 4346; baseline -0.001 -13"><span class='ocrx_word' id='word_1_636' title='bbox 1966 4278 2134 4333; x_wconf 88' lang='lat' dir='ltr'><strong>sionis</strong></span> <span class='ocrx_word' id='word_1_637' title='bbox 2163 4293 2273 4332; x_wconf 66' lang='lat' dir='ltr'><strong>suae</strong></span> <span class='ocrx_word' id='word_1_638' title='bbox 2300 4276 2423 4342; x_wconf 88' lang='lat' dir='ltr'><strong>die;</strong></span> <span class='ocrx_word' id='word_1_639' title='bbox 2456 4275 2549 4331; x_wconf 92' lang='lat' dir='ltr'><strong>sed</strong></span> <span class='ocrx_word' id='word_1_640' title='bbox 2582 4290 2611 4329; x_wconf 91' lang='lat' dir='ltr'><strong>a</strong></span> <span class='ocrx_word' id='word_1_641' title='bbox 2645 4274 2802 4330; x_wconf 90' lang='lat' dir='ltr'><strong>Patre</strong></span> <span class='ocrx_word' id='word_1_642' title='bbox 2846 4277 2961 4331; x_wconf 91' lang='lat' dir='ltr'><strong>solo</strong></span> <span class='ocrx_word' id='word_1_643' title='bbox 2982 4277 3107 4329; x_wconf 85' lang='lat' dir='ltr'><strong>talia</strong></span> <span class='ocrx_word' id='word_1_644' title='bbox 3136 4266 3327 4346; x_wconf 81' lang='lat' dir='ltr'><strong>perﬁci</strong></span> <span class='ocrx_word' id='word_1_645' title='bbox 3351 4274 3513 4346; x_wconf 80' lang='lat' dir='ltr'><strong>posse</strong></span> 
     </span>
    </p>
   </div>
   <div class='ocr_carea' id='block_1_82' title="bbox 268 4367 2008 4451">
    <p class='ocr_par' dir='ltr' id='par_1_82' title="bbox 268 4368 2008 4451">
     <span class='ocr_line' id='line_1_82' title="bbox 268 4368 2008 4451; baseline -0.003 -28"><span class='ocrx_word' id='word_1_646' title='bbox 268 4372 518 4451; x_wconf 53' lang='grc' dir='ltr'>,ἐκείνην</span> <span class='ocrx_word' id='word_1_647' title='bbox 542 4372 640 4442; x_wconf 82' lang='grc' dir='ltr'>τὴν</span> <span class='ocrx_word' id='word_1_648' title='bbox 666 4371 873 4443; x_wconf 78' lang='grc' dir='ltr'>ἡμέραν</span> <span class='ocrx_word' id='word_1_649' title='bbox 893 4369 1089 4440; x_wconf 83' lang='grc' dir='ltr'>δηλαδὴ</span> <span class='ocrx_word' id='word_1_650' title='bbox 1109 4369 1205 4439; x_wconf 83' lang='grc' dir='ltr'>τὴν</span> <span class='ocrx_word' id='word_1_651' title='bbox 1234 4368 1327 4421; x_wconf 82' lang='grc' dir='ltr'>τοῦ</span> <span class='ocrx_word' id='word_1_652' title='bbox 1353 4368 1573 4433; x_wconf 82' lang='grc' dir='ltr'>πάθους·</span> <span class='ocrx_word' id='word_1_653' title='bbox 1597 4368 1674 4439; x_wconf 81' lang='grc' dir='ltr'><strong>τῷ</strong></span> <span class='ocrx_word' id='word_1_654' title='bbox 1694 4370 1866 4440; x_wconf 75' lang='grc' dir='ltr'>Πατρὶ</span> <span class='ocrx_word' id='word_1_655' title='bbox 1961 4383 2008 4435; x_wconf 70' lang='lat' dir='ltr'><strong>p1</strong></span> 
     </span>
    </p>
   </div>
   <div class='ocr_carea' id='block_1_83' title="bbox 1770 4367 3510 4451">
    <p class='ocr_par' dir='ltr' id='par_1_83' title="bbox 1770 4367 3510 4440">
     <span class='ocr_line' id='line_1_83' title="bbox 1770 4367 3510 4440; baseline -0.001 -19"><span class='ocrx_word' id='word_1_656' title='bbox 1770 4371 1866 4440; x_wconf 75' lang='grc' dir='ltr'>ιτρὶ</span> <span class='ocrx_word' id='word_1_657' title='bbox 1961 4382 2279 4435; x_wconf 77' lang='lat' dir='ltr'><strong>persuasum</strong></span> <span class='ocrx_word' id='word_1_658' title='bbox 2307 4367 2531 4430; x_wconf 84' lang='lat' dir='ltr'><strong>habens,</strong></span> <span class='ocrx_word' id='word_1_659' title='bbox 2560 4368 2644 4423; x_wconf 90' lang='lat' dir='ltr'><strong>sui</strong></span> <span class='ocrx_word' id='word_1_660' title='bbox 2673 4368 2740 4421; x_wconf 89' lang='lat' dir='ltr'><strong>ad</strong></span> <span class='ocrx_word' id='word_1_661' title='bbox 2777 4378 2999 4422; x_wconf 91' lang='lat' dir='ltr'><strong>mortem</strong></span> <span class='ocrx_word' id='word_1_662' title='bbox 3042 4368 3337 4422; x_wconf 86' lang='lat' dir='ltr'><strong>descensus</strong></span> <span class='ocrx_word' id='word_1_663' title='bbox 3379 4383 3510 4421; x_wconf 73' lang='lat' dir='ltr'><strong>cau—</strong></span> 
     </span>
    </p>
   </div>
   <div class='ocr_carea' id='block_1_84' title="bbox 300 4457 2040 4536">
    <p class='ocr_par' dir='ltr' id='par_1_84' title="bbox 300 4459 2040 4536">
     <span class='ocr_line' id='line_1_84' title="bbox 300 4459 2040 4536; baseline -0.006 -16"><span class='ocrx_word' id='word_1_664' title='bbox 300 4466 363 4520; x_wconf 62' lang='lat' dir='ltr'><strong>at</strong></span> <span class='ocrx_word' id='word_1_665' title='bbox 387 4465 529 4536; x_wconf 86' lang='grc' dir='ltr'>μόνῳ</span> <span class='ocrx_word' id='word_1_666' title='bbox 555 4464 771 4518; x_wconf 75' lang='grc' dir='ltr'>δύναται</span> <span class='ocrx_word' id='word_1_667' title='bbox 796 4459 931 4515; x_wconf 79' lang='grc' dir='ltr'>εἶναι</span> <span class='ocrx_word' id='word_1_668' title='bbox 957 4462 1126 4516; x_wconf 80' lang='grc' dir='ltr'>ταῦτα</span> <span class='ocrx_word' id='word_1_669' title='bbox 1153 4461 1533 4533; x_wconf 86' lang='grc' dir='ltr'>πεπεισμένος,</span> <span class='ocrx_word' id='word_1_670' title='bbox 1563 4461 1660 4525; x_wconf 83' lang='grc' dir='ltr'><strong>τάς</strong></span> <span class='ocrx_word' id='word_1_671' title='bbox 1688 4462 1865 4525; x_wconf 79' lang='grc' dir='ltr'>αἰτίας</span> <span class='ocrx_word' id='word_1_672' title='bbox 1966 4473 2040 4512; x_wconf 81' lang='lat' dir='ltr'><strong>sal</strong></span> 
     </span>
    </p>
   </div>
   <div class='ocr_carea' id='block_1_85' title="bbox 1792 4457 3532 4536">
    <p class='ocr_par' dir='ltr' id='par_1_85' title="bbox 1792 4457 3532 4525">
     <span class='ocr_line' id='line_1_85' title="bbox 1792 4457 3532 4525; baseline -0.002 -11"><span class='ocrx_word' id='word_1_673' title='bbox 1792 4462 1865 4525; x_wconf 77' lang='grc' dir='ltr'>ἵας</span> <span class='ocrx_word' id='word_1_674' title='bbox 1966 4473 2080 4512; x_wconf 88' lang='lat' dir='ltr'><strong>sam</strong></span> <span class='ocrx_word' id='word_1_675' title='bbox 2124 4459 2195 4511; x_wconf 89' lang='lat' dir='ltr'><strong>ita</strong></span> <span class='ocrx_word' id='word_1_676' title='bbox 2248 4466 2468 4512; x_wconf 87' lang='lat' dir='ltr'><strong>narrat:</strong></span> <span class='ocrx_word' id='word_1_677' title='bbox 2499 4460 2579 4511; x_wconf 81' lang='lat' dir='ltr'><strong>An</strong></span> <span class='ocrx_word' id='word_1_678' title='bbox 2622 4460 2841 4512; x_wconf 87' lang='lat' dir='ltr'><strong>mortuis</strong></span> <span class='ocrx_word' id='word_1_679' title='bbox 2891 4459 3049 4523; x_wconf 77' lang='lat' dir='ltr'><strong>facies</strong></span> <span class='ocrx_word' id='word_1_680' title='bbox 3101 4457 3381 4525; x_wconf 82' lang='lat' dir='ltr'><strong>prodigia?</strong></span> <span class='ocrx_word' id='word_1_681' title='bbox 3425 4458 3532 4524; x_wconf 39' lang='lat' dir='ltr'><strong>An;</strong></span> 
     </span>
    </p>
   </div>
   <div class='ocr_carea' id='block_1_86' title="bbox 301 4544 2041 4627">
    <p class='ocr_par' dir='ltr' id='par_1_86' title="bbox 301 4547 2039 4627">
     <span class='ocr_line' id='line_1_86' title="bbox 301 4547 2039 4627; baseline -0.004 -19"><span class='ocrx_word' id='word_1_682' title='bbox 301 4556 404 4627; x_wconf 80' lang='grc' dir='ltr'>τῆς</span> <span class='ocrx_word' id='word_1_683' title='bbox 430 4556 509 4617; x_wconf 75' lang='grc' dir='ltr'><strong>εἰς</strong></span> <span class='ocrx_word' id='word_1_684' title='bbox 533 4553 757 4608; x_wconf 87' lang='grc' dir='ltr'>θάνατον</span> <span class='ocrx_word' id='word_1_685' title='bbox 779 4550 942 4610; x_wconf 79' lang='grc' dir='ltr'>αὑτοῦ</span> <span class='ocrx_word' id='word_1_686' title='bbox 970 4551 1212 4604; x_wconf 84' lang='grc' dir='ltr'>ἐδίδασκε</span> <span class='ocrx_word' id='word_1_687' title='bbox 1238 4552 1464 4605; x_wconf 84' lang='grc' dir='ltr'>καθόδου</span> <span class='ocrx_word' id='word_1_688' title='bbox 1499 4550 1689 4619; x_wconf 87' lang='grc' dir='ltr'>λέγων·</span> <span class='ocrx_word' id='word_1_689' title='bbox 1725 4547 1866 4618; x_wconf 75' lang='grc' dir='ltr'>Ἆρα</span> <span class='ocrx_word' id='word_1_690' title='bbox 1966 4550 2039 4602; x_wconf 85' lang='lat' dir='ltr'><strong>tal</strong></span> 
     </span>
    </p>
   </div>
   <div class='ocr_carea' id='block_1_87' title="bbox 1768 4544 3508 4627">
    <p class='ocr_par' dir='ltr' id='par_1_87' title="bbox 1768 4544 3508 4619">
     <span class='ocr_line' id='line_1_87' title="bbox 1768 4544 3508 4619; baseline -0.002 -15"><span class='ocrx_word' id='word_1_691' title='bbox 1768 4556 1866 4618; x_wconf 75' lang='lat' dir='ltr'><strong>ipa</strong></span> <span class='ocrx_word' id='word_1_692' title='bbox 1966 4549 2092 4602; x_wconf 87' lang='lat' dir='ltr'><strong>talia</strong></span> <span class='ocrx_word' id='word_1_693' title='bbox 2120 4556 2172 4605; x_wconf 91' lang='lat' dir='ltr'><strong>et</strong></span> <span class='ocrx_word' id='word_1_694' title='bbox 2209 4550 2336 4602; x_wconf 86' lang='lat' dir='ltr'><strong>talia</strong></span> <span class='ocrx_word' id='word_1_695' title='bbox 2380 4544 2652 4618; x_wconf 86' lang='lat' dir='ltr'><strong>patrabis?</strong></span> <span class='ocrx_word' id='word_1_696' title='bbox 2701 4549 2884 4619; x_wconf 85' lang='lat' dir='ltr'><strong>Neque</strong></span> <span class='ocrx_word' id='word_1_697' title='bbox 2935 4550 3076 4603; x_wconf 91' lang='lat' dir='ltr'><strong>enim</strong></span> <span class='ocrx_word' id='word_1_698' title='bbox 3132 4565 3217 4606; x_wconf 88' lang='lat' dir='ltr'><strong>me</strong></span> <span class='ocrx_word' id='word_1_699' title='bbox 3267 4556 3508 4616; x_wconf 85' lang='lat' dir='ltr'><strong>eousque</strong></span> 
     </span>
    </p>
   </div>
   <div class='ocr_carea' id='block_1_88' title="bbox 300 4638 2040 4731">
    <p class='ocr_par' dir='ltr' id='par_1_88' title="bbox 300 4644 2040 4731">
     <span class='ocr_line' id='line_1_88' title="bbox 300 4644 2040 4731; baseline -0.003 -27"><span class='ocrx_word' id='word_1_700' title='bbox 300 4650 536 4718; x_wconf 75' lang='grc' dir='ltr'>νεκροῖς</span> <span class='ocrx_word' id='word_1_701' title='bbox 589 4646 859 4715; x_wconf 82' lang='grc' dir='ltr'>ποιήσεις</span> <span class='ocrx_word' id='word_1_702' title='bbox 936 4645 1254 4714; x_wconf 82' lang='grc' dir='ltr'>τεράστια;</span> <span class='ocrx_word' id='word_1_703' title='bbox 1299 4647 1398 4718; x_wconf 9' lang='grc' dir='ltr'><strong>ἿἮ</strong></span> <span class='ocrx_word' id='word_1_704' title='bbox 1436 4646 1559 4699; x_wconf 88' lang='grc' dir='ltr'>τάδε</span> <span class='ocrx_word' id='word_1_705' title='bbox 1588 4686 1603 4710; x_wconf 97' lang='grc'><strong>,</strong></span> <span class='ocrx_word' id='word_1_706' title='bbox 1648 4646 1680 4716; x_wconf 79' lang='grc' dir='ltr'><strong>ἢ</strong></span> <span class='ocrx_word' id='word_1_707' title='bbox 1734 4645 1861 4698; x_wconf 86' lang='grc' dir='ltr'>τάδε</span> <span class='ocrx_word' id='word_1_708' title='bbox 1893 4644 2040 4731; x_wconf 62' lang='grc' dir='ltr'>υᾶοπ</span> 
     </span>
    </p>
   </div>
   <div class='ocr_carea' id='block_1_89' title="bbox 1769 4638 3509 4731">
    <p class='ocr_par' dir='ltr' id='par_1_89' title="bbox 1770 4638 3509 4731">
     <span class='ocr_line' id='line_1_89' title="bbox 1770 4638 3509 4731; baseline -0.002 -33"><span class='ocrx_word' id='word_1_709' title='bbox 1770 4645 1861 4698; x_wconf 83' lang='grc' dir='ltr'><strong>άδε</strong></span> <span class='ocrx_word' id='word_1_710' title='bbox 1893 4676 1938 4731; x_wconf 75' lang='lat' dir='ltr'><strong>D</strong></span> <span class='ocrx_word' id='word_1_711' title='bbox 1960 4644 2230 4711; x_wconf 85' lang='lat' dir='ltr'><strong>devenire,</strong></span> <span class='ocrx_word' id='word_1_712' title='bbox 2254 4660 2287 4699; x_wconf 88' lang='grc' dir='ltr'><strong>ο</strong></span> <span class='ocrx_word' id='word_1_713' title='bbox 2316 4638 2494 4709; x_wconf 80' lang='lat' dir='ltr'><strong>Pater,</strong></span> <span class='ocrx_word' id='word_1_714' title='bbox 2524 4659 2588 4698; x_wconf 88' lang='lat' dir='ltr'><strong>ac</strong></span> <span class='ocrx_word' id='word_1_715' title='bbox 2642 4644 2695 4697; x_wconf 93' lang='lat' dir='ltr'><strong>in</strong></span> <span class='ocrx_word' id='word_1_716' title='bbox 2747 4653 2917 4699; x_wconf 88' lang='lat' dir='ltr'><strong>morte</strong></span> <span class='ocrx_word' id='word_1_717' title='bbox 2952 4649 3003 4696; x_wconf 94' lang='lat' dir='ltr'><strong>et</strong></span> <span class='ocrx_word' id='word_1_718' title='bbox 3051 4642 3103 4695; x_wconf 92' lang='lat' dir='ltr'><strong>in</strong></span> <span class='ocrx_word' id='word_1_719' title='bbox 3148 4645 3263 4695; x_wconf 81' lang='lat' dir='ltr'><strong>lacn</strong></span> <span class='ocrx_word' id='word_1_720' title='bbox 3322 4640 3509 4695; x_wconf 83' lang='lat' dir='ltr'><strong>inﬁmo</strong></span> 
     </span>
    </p>
   </div>
   <div class='ocr_carea' id='block_1_90' title="bbox 303 4731 1859 4813">
    <p class='ocr_par' dir='ltr' id='par_1_90' title="bbox 303 4731 1859 4813">
     <span class='ocr_line' id='line_1_90' title="bbox 303 4731 1859 4813; baseline -0.004 -18"><span class='ocrx_word' id='word_1_721' title='bbox 303 4743 585 4813; x_wconf 88' lang='grc' dir='ltr'>ποιήσεις;</span> <span class='ocrx_word' id='word_1_722' title='bbox 648 4742 722 4795; x_wconf 83' lang='grc' dir='ltr'>Οὐ</span> <span class='ocrx_word' id='word_1_723' title='bbox 780 4740 889 4810; x_wconf 85' lang='grc' dir='ltr'>γὰρ</span> <span class='ocrx_word' id='word_1_724' title='bbox 946 4739 1011 4792; x_wconf 83' lang='grc' dir='ltr'><strong>ἂν</strong></span> <span class='ocrx_word' id='word_1_725' title='bbox 1056 4738 1229 4801; x_wconf 79' lang='grc' dir='ltr'>ἄλλως</span> <span class='ocrx_word' id='word_1_726' title='bbox 1288 4736 1573 4807; x_wconf 80' lang='grc' dir='ltr'>ἠθέλησας,</span> <span class='ocrx_word' id='word_1_727' title='bbox 1636 4731 1683 4789; x_wconf 84' lang='grc' dir='ltr'>ὧ</span> <span class='ocrx_word' id='word_1_728' title='bbox 1745 4736 1859 4789; x_wconf 86' lang='grc' dir='ltr'><strong>Πά-</strong></span> 
     </span>
    </p>
   </div>
   <div class='ocr_carea' id='block_1_91' title="bbox 299 4828 1860 4905">
    <p class='ocr_par' dir='ltr' id='par_1_91' title="bbox 299 4828 1860 4905">
     <span class='ocr_line' id='line_1_91' title="bbox 299 4828 1860 4905; baseline -0.002 -21"><span class='ocrx_word' id='word_1_729' title='bbox 299 4849 421 4903; x_wconf 83' lang='grc' dir='ltr'>τερ,</span> <span class='ocrx_word' id='word_1_730' title='bbox 448 4833 607 4905; x_wconf 82' lang='grc' dir='ltr'>μέχρι</span> <span class='ocrx_word' id='word_1_731' title='bbox 633 4833 819 4886; x_wconf 83' lang='grc' dir='ltr'>τούτου</span> <span class='ocrx_word' id='word_1_732' title='bbox 853 4847 916 4902; x_wconf 79' lang='grc' dir='ltr'><strong>με</strong></span> <span class='ocrx_word' id='word_1_733' title='bbox 952 4829 1251 4901; x_wconf 75' lang='grc' dir='ltr'>προελθεῖν,</span> <span class='ocrx_word' id='word_1_734' title='bbox 1282 4829 1375 4882; x_wconf 79' lang='grc' dir='ltr'><strong>καὶ</strong></span> <span class='ocrx_word' id='word_1_735' title='bbox 1399 4831 1455 4882; x_wconf 85' lang='grc' dir='ltr'><strong>ἐν</strong></span> <span class='ocrx_word' id='word_1_736' title='bbox 1483 4828 1691 4899; x_wconf 87' lang='grc' dir='ltr'>θανάτῳ</span> <span class='ocrx_word' id='word_1_737' title='bbox 1712 4830 1860 4897; x_wconf 86' lang='grc' dir='ltr'>γενέ-</span> 
     </span>
    </p>
   </div>
   <div class='ocr_carea' id='block_1_92' title="bbox 306 4919 1857 4995">
    <p class='ocr_par' dir='ltr' id='par_1_92' title="bbox 306 4919 1857 4995">
     <span class='ocr_line' id='line_1_92' title="bbox 306 4919 1857 4995; baseline -0.004 -18"><span class='ocrx_word' id='word_1_738' title='bbox 306 4925 453 4989; x_wconf 87' lang='grc' dir='ltr'>σθαι,</span> <span class='ocrx_word' id='word_1_739' title='bbox 494 4927 587 4978; x_wconf 82' lang='grc' dir='ltr'>καὶ</span> <span class='ocrx_word' id='word_1_740' title='bbox 615 4928 672 4978; x_wconf 87' lang='grc' dir='ltr'><strong>ἐν</strong></span> <span class='ocrx_word' id='word_1_741' title='bbox 695 4924 772 4995; x_wconf 82' lang='grc' dir='ltr'>τῷ</span> <span class='ocrx_word' id='word_1_742' title='bbox 802 4923 986 4992; x_wconf 83' lang='grc' dir='ltr'>λάκκῳ</span> <span class='ocrx_word' id='word_1_743' title='bbox 1018 4921 1096 4993; x_wconf 79' lang='grc' dir='ltr'>τῷ</span> <span class='ocrx_word' id='word_1_744' title='bbox 1124 4921 1437 4992; x_wconf 87' lang='grc' dir='ltr'>κατωτάτῳ,</span> <span class='ocrx_word' id='word_1_745' title='bbox 1466 4919 1617 4990; x_wconf 77' lang='grc' dir='ltr'>εἰμὴ</span> <span class='ocrx_word' id='word_1_746' title='bbox 1644 4919 1857 4984; x_wconf 83' lang='grc' dir='ltr'>πάντως</span> 
     </span>
    </p>
   </div>
   <div class='ocr_carea' id='block_1_93' title="bbox 304 5008 1854 5084">
    <p class='ocr_par' dir='ltr' id='par_1_93' title="bbox 304 5008 1854 5084">
     <span class='ocr_line' id='line_1_93' title="bbox 304 5008 1854 5084; baseline -0.003 -18"><span class='ocrx_word' id='word_1_747' title='bbox 304 5031 410 5066; x_wconf 82' lang='grc' dir='ltr'><strong>που</strong></span> <span class='ocrx_word' id='word_1_748' title='bbox 428 5015 519 5067; x_wconf 78' lang='grc' dir='ltr'><strong>καὶ</strong></span> <span class='ocrx_word' id='word_1_749' title='bbox 543 5015 600 5068; x_wconf 79' lang='grc' dir='ltr'>ὲν</span> <span class='ocrx_word' id='word_1_750' title='bbox 618 5017 726 5078; x_wconf 83' lang='grc' dir='ltr'>τοῖς</span> <span class='ocrx_word' id='word_1_751' title='bbox 746 5016 954 5084; x_wconf 82' lang='grc' dir='ltr'>νεκροῖς</span> <span class='ocrx_word' id='word_1_752' title='bbox 974 5012 1246 5083; x_wconf 87' lang='grc' dir='ltr'>θαυμάσια</span> <span class='ocrx_word' id='word_1_753' title='bbox 1269 5011 1520 5082; x_wconf 87' lang='grc' dir='ltr'>παρέχειν</span> <span class='ocrx_word' id='word_1_754' title='bbox 1545 5008 1854 5080; x_wconf 76' lang='grc' dir='ltr'>ἐδουλήθης,</span> 
     </span>
    </p>
   </div>
   <div class='ocr_carea' id='block_1_94' title="bbox 303 5097 1862 5178">
    <p class='ocr_par' dir='ltr' id='par_1_94' title="bbox 303 5097 1862 5178">
     <span class='ocr_line' id='line_1_94' title="bbox 303 5097 1862 5178; baseline -0.002 -21"><span class='ocrx_word' id='word_1_755' title='bbox 303 5105 372 5157; x_wconf 79' lang='grc' dir='ltr'><strong>ἵν’</strong></span> <span class='ocrx_word' id='word_1_756' title='bbox 419 5106 561 5177; x_wconf 76' lang='grc' dir='ltr'>άπερ</span> <span class='ocrx_word' id='word_1_757' title='bbox 610 5108 683 5178; x_wconf 78' lang='grc' dir='ltr'>μὴ</span> <span class='ocrx_word' id='word_1_758' title='bbox 735 5107 983 5161; x_wconf 85' lang='grc' dir='ltr'>δύνανται</span> <span class='ocrx_word' id='word_1_759' title='bbox 1032 5106 1223 5178; x_wconf 74' lang='grc' dir='ltr'>ἰατροὶ,</span> <span class='ocrx_word' id='word_1_760' title='bbox 1272 5097 1507 5175; x_wconf 72' lang='grc' dir='ltr'>ταῦταῆ</span> <span class='ocrx_word' id='word_1_761' title='bbox 1540 5104 1604 5174; x_wconf 84' lang='grc' dir='ltr'>σὴ</span> <span class='ocrx_word' id='word_1_762' title='bbox 1635 5102 1862 5172; x_wconf 87' lang='grc' dir='ltr'>δύναμις</span> 
     </span>
    </p>
   </div>
   <div class='ocr_carea' id='block_1_95' title="bbox 302 5193 1861 5268">
    <p class='ocr_par' dir='ltr' id='par_1_95' title="bbox 302 5193 1861 5268">
     <span class='ocr_line' id='line_1_95' title="bbox 302 5193 1861 5268; baseline 0.001 -20"><span class='ocrx_word' id='word_1_763' title='bbox 302 5197 727 5268; x_wconf 71' lang='grc' dir='ltr'>κατεργάσηται·</span> <span class='ocrx_word' id='word_1_764' title='bbox 772 5199 1064 5262; x_wconf 85' lang='grc' dir='ltr'>τουτέστιν,</span> <span class='ocrx_word' id='word_1_765' title='bbox 1114 5198 1259 5262; x_wconf 85' lang='grc' dir='ltr'>ὅπως</span> <span class='ocrx_word' id='word_1_766' title='bbox 1291 5199 1341 5250; x_wconf 81' lang='lat' dir='ltr'><strong>ot</strong></span> <span class='ocrx_word' id='word_1_767' title='bbox 1388 5199 1444 5250; x_wconf 83' lang='grc' dir='ltr'><strong>ἐν</strong></span> <span class='ocrx_word' id='word_1_768' title='bbox 1476 5193 1685 5264; x_wconf 85' lang='grc' dir='ltr'>θανάτῳ</span> <span class='ocrx_word' id='word_1_769' title='bbox 1712 5195 1861 5262; x_wconf 83' lang='grc' dir='ltr'>γενό-</span> 
     </span>
    </p>
   </div>
   <div class='ocr_carea' id='block_1_96' title="bbox 304 5284 1860 5362">
    <p class='ocr_par' dir='ltr' id='par_1_96' title="bbox 304 5284 1860 5362">
     <span class='ocr_line' id='line_1_96' title="bbox 304 5284 1860 5362; baseline -0.002 -21"><span class='ocrx_word' id='word_1_770' title='bbox 304 5304 476 5360; x_wconf 85' lang='grc' dir='ltr'>μενοι,</span> <span class='ocrx_word' id='word_1_771' title='bbox 509 5288 853 5354; x_wconf 86' lang='grc' dir='ltr'>ἀναστάντες,</span> <span class='ocrx_word' id='word_1_772' title='bbox 885 5288 1356 5362; x_wconf 82' lang='grc' dir='ltr'>ἐξομολογήσονταί</span> <span class='ocrx_word' id='word_1_773' title='bbox 1386 5304 1486 5340; x_wconf 89' lang='grc' dir='ltr'>σοι.</span> <span class='ocrx_word' id='word_1_774' title='bbox 1534 5286 1607 5337; x_wconf 85' lang='grc' dir='ltr'><strong>Οὐ</strong></span> <span class='ocrx_word' id='word_1_775' title='bbox 1640 5284 1746 5355; x_wconf 82' lang='grc' dir='ltr'>γὰρ</span> <span class='ocrx_word' id='word_1_776' title='bbox 1781 5288 1860 5339; x_wconf 87' lang='grc' dir='ltr'><strong>ἰα-</strong></span> 
     </span>
    </p>
   </div>
   <div class='ocr_carea' id='block_1_97' title="bbox 302 5374 1859 5451">
    <p class='ocr_par' dir='ltr' id='par_1_97' title="bbox 302 5374 1859 5451">
     <span class='ocr_line' id='line_1_97' title="bbox 302 5374 1859 5451; baseline -0.002 -19"><span class='ocrx_word' id='word_1_777' title='bbox 302 5378 449 5451; x_wconf 83' lang='grc' dir='ltr'>τρῶν</span> <span class='ocrx_word' id='word_1_778' title='bbox 475 5374 543 5450; x_wconf 77' lang='grc' dir='ltr'>ἦν</span> <span class='ocrx_word' id='word_1_779' title='bbox 586 5379 753 5433; x_wconf 82' lang='grc' dir='ltr'>ταῦτα</span> <span class='ocrx_word' id='word_1_780' title='bbox 777 5382 1034 5435; x_wconf 79' lang='grc' dir='ltr'>δύνασθαι</span> <span class='ocrx_word' id='word_1_781' title='bbox 1059 5383 1317 5451; x_wconf 76' lang='grc' dir='ltr'>ἐνεργεῖν,</span> <span class='ocrx_word' id='word_1_782' title='bbox 1348 5376 1481 5431; x_wconf 86' lang='grc' dir='ltr'><strong>ἀλλά</strong></span> <span class='ocrx_word' id='word_1_783' title='bbox 1514 5376 1614 5442; x_wconf 85' lang='grc' dir='ltr'>τῆς</span> <span class='ocrx_word' id='word_1_784' title='bbox 1642 5375 1739 5445; x_wconf 79' lang='grc' dir='ltr'><strong>σῆς</strong></span> <span class='ocrx_word' id='word_1_785' title='bbox 1774 5378 1859 5429; x_wconf 76' lang='grc' dir='ltr'>ἐν·</span> 
     </span>
    </p>
   </div>
   <div class='ocr_carea' id='block_1_98' title="bbox 302 5466 1857 5543">
    <p class='ocr_par' dir='ltr' id='par_1_98' title="bbox 302 5466 1857 5543">
     <span class='ocr_line' id='line_1_98' title="bbox 302 5466 1857 5543; baseline -0.004 -16"><span class='ocrx_word' id='word_1_786' title='bbox 302 5471 427 5527; x_wconf 84' lang='grc' dir='ltr'>θέου</span> <span class='ocrx_word' id='word_1_787' title='bbox 462 5470 870 5542; x_wconf 79' lang='grc' dir='ltr'>μεγαλουργίας.</span> <span class='ocrx_word' id='word_1_788' title='bbox 918 5474 1040 5543; x_wconf 69' lang='grc' dir='ltr'>Ἆρ’</span> <span class='ocrx_word' id='word_1_789' title='bbox 1071 5470 1162 5526; x_wconf 84' lang='grc' dir='ltr'>οὖν</span> <span class='ocrx_word' id='word_1_790' title='bbox 1192 5473 1277 5525; x_wconf 83' lang='grc' dir='ltr'>διὰ</span> <span class='ocrx_word' id='word_1_791' title='bbox 1306 5470 1475 5524; x_wconf 83' lang='grc' dir='ltr'>ταῦτα</span> <span class='ocrx_word' id='word_1_792' title='bbox 1510 5466 1754 5520; x_wconf 83' lang='grc' dir='ltr'>ὑπελθεῖν</span> <span class='ocrx_word' id='word_1_793' title='bbox 1790 5486 1857 5539; x_wconf 91' lang='grc' dir='ltr'><strong>με</strong></span> 
     </span>
    </p>
   </div>
   <div class='ocr_carea' id='block_1_99' title="bbox 298 5558 1859 5632">
    <p class='ocr_par' dir='ltr' id='par_1_99' title="bbox 298 5558 1859 5632">
     <span class='ocr_line' id='line_1_99' title="bbox 298 5558 1859 5632; baseline -0.006 -14"><span class='ocrx_word' id='word_1_794' title='bbox 298 5564 396 5618; x_wconf 81' lang='grc' dir='ltr'><strong>τὸν</strong></span> <span class='ocrx_word' id='word_1_795' title='bbox 443 5561 664 5615; x_wconf 86' lang='grc' dir='ltr'>θάνατον</span> <span class='ocrx_word' id='word_1_796' title='bbox 714 5560 1025 5632; x_wconf 76' lang='grc' dir='ltr'>ἐϐουλήθης,</span> <span class='ocrx_word' id='word_1_797' title='bbox 1067 5564 1133 5615; x_wconf 78' lang='grc' dir='ltr'><strong>ἶν’</strong></span> <span class='ocrx_word' id='word_1_798' title='bbox 1186 5563 1244 5615; x_wconf 85' lang='grc' dir='ltr'><strong>ἐν</strong></span> <span class='ocrx_word' id='word_1_799' title='bbox 1296 5562 1394 5631; x_wconf 87' lang='grc' dir='ltr'><strong>μὲν</strong></span> <span class='ocrx_word' id='word_1_800' title='bbox 1438 5561 1550 5621; x_wconf 85' lang='grc' dir='ltr'>τοῖς</span> <span class='ocrx_word' id='word_1_801' title='bbox 1574 5558 1764 5625; x_wconf 77' lang='grc' dir='ltr'>τάφοις</span> <span class='ocrx_word' id='word_1_802' title='bbox 1798 5558 1859 5610; x_wconf 83' lang='grc' dir='ltr'><strong>τὸ</strong></span> 
     </span>
    </p>
   </div>
   <div class='ocr_carea' id='block_1_100' title="bbox 296 5648 1855 5724">
    <p class='ocr_par' dir='ltr' id='par_1_100' title="bbox 296 5648 1855 5724">
     <span class='ocr_line' id='line_1_100' title="bbox 296 5648 1855 5724; baseline -0.002 -19"><span class='ocrx_word' id='word_1_803' title='bbox 296 5653 450 5718; x_wconf 60' lang='grc' dir='ltr'>ἔλεός</span> <span class='ocrx_word' id='word_1_804' title='bbox 479 5668 570 5705; x_wconf 91' lang='grc' dir='ltr'><strong>σου</strong></span> <span class='ocrx_word' id='word_1_805' title='bbox 604 5650 854 5723; x_wconf 77' lang='grc' dir='ltr'>διηγηθῇ,</span> <span class='ocrx_word' id='word_1_806' title='bbox 901 5653 957 5705; x_wconf 81' lang='grc' dir='ltr'><strong>ἐν</strong></span> <span class='ocrx_word' id='word_1_807' title='bbox 1002 5652 1058 5705; x_wconf 86' lang='grc' dir='ltr'>δὲ</span> <span class='ocrx_word' id='word_1_808' title='bbox 1083 5655 1149 5724; x_wconf 80' lang='grc' dir='ltr'>τῇ</span> <span class='ocrx_word' id='word_1_809' title='bbox 1182 5651 1419 5723; x_wconf 76' lang='grc' dir='ltr'>ἀπωλείᾳ</span> <span class='ocrx_word' id='word_1_810' title='bbox 1451 5651 1482 5720; x_wconf 79' lang='grc' dir='ltr'><strong>ἡ</strong></span> <span class='ocrx_word' id='word_1_811' title='bbox 1512 5648 1736 5721; x_wconf 85' lang='grc' dir='ltr'>ἀλήθειά</span> <span class='ocrx_word' id='word_1_812' title='bbox 1764 5666 1855 5703; x_wconf 85' lang='grc' dir='ltr'><strong>σου</strong></span> 
     </span>
    </p>
   </div>
   <div class='ocr_carea' id='block_1_101' title="bbox 375 5904 911 5967">
    <p class='ocr_par' dir='ltr' id='par_1_101' title="bbox 375 5904 911 5967">
     <span class='ocr_line' id='line_1_101' title="bbox 375 5904 911 5967; baseline -0.011 -3"><span class='ocrx_word' id='word_1_813' title='bbox 375 5904 426 5940; x_wconf 81' lang='grc'><strong><em>⁸⁸</em></strong></span> <span class='ocrx_word' id='word_1_814' title='bbox 466 5907 481 5963; x_wconf 94' lang='grc' dir='ltr'><strong>Ι</strong></span> <span class='ocrx_word' id='word_1_815' title='bbox 517 5907 642 5962; x_wconf 79' lang='lat' dir='ltr'><strong>Cor.</strong></span> <span class='ocrx_word' id='word_1_816' title='bbox 678 5920 788 5967; x_wconf 76' lang='lat' dir='ltr'><strong>ut,</strong></span> <span class='ocrx_word' id='word_1_817' title='bbox 823 5905 911 5959; x_wconf 65' lang='lat'><strong>9.7.</strong></span> 
     </span>
    </p>
   </div>
   <div class='ocr_carea' id='block_1_102' title="bbox 1962 4730 3507 4807">
    <p class='ocr_par' dir='ltr' id='par_1_102' title="bbox 1962 4730 3507 4807">
     <span class='ocr_line' id='line_1_102' title="bbox 1962 4730 3507 4807; baseline -0.002 -19"><span class='ocrx_word' id='word_1_818' title='bbox 1962 4735 2156 4804; x_wconf 91' lang='lat' dir='ltr'><strong>deponi</strong></span> <span class='ocrx_word' id='word_1_819' title='bbox 2182 4734 2466 4795; x_wconf 83' lang='lat' dir='ltr'><strong>voluisses,</strong></span> <span class='ocrx_word' id='word_1_820' title='bbox 2499 4733 2601 4787; x_wconf 87' lang='lat' dir='ltr'><strong>nisi</strong></span> <span class='ocrx_word' id='word_1_821' title='bbox 2654 4733 2817 4786; x_wconf 85' lang='lat' dir='ltr'><strong>etiam</strong></span> <span class='ocrx_word' id='word_1_822' title='bbox 2866 4731 2921 4783; x_wconf 89' lang='lat' dir='ltr'><strong>in</strong></span> <span class='ocrx_word' id='word_1_823' title='bbox 2971 4731 3199 4803; x_wconf 85' lang='lat' dir='ltr'><strong>mortuis</strong></span> <span class='ocrx_word' id='word_1_824' title='bbox 3241 4730 3507 4807; x_wconf 78' lang='lat' dir='ltr'><strong>mirabilia</strong></span> 
     </span>
    </p>
   </div>
   <div class='ocr_carea' id='block_1_103' title="bbox 1962 4810 3505 4894">
    <p class='ocr_par' dir='ltr' id='par_1_103' title="bbox 1962 4810 3505 4894">
     <span class='ocr_line' id='line_1_103' title="bbox 1962 4810 3505 4894; baseline -0.003 -14"><span class='ocrx_word' id='word_1_825' title='bbox 1962 4810 2215 4880; x_wconf 83' lang='lat' dir='ltr'><strong>exhibere</strong></span> <span class='ocrx_word' id='word_1_826' title='bbox 2246 4826 2302 4879; x_wconf 90' lang='lat' dir='ltr'><strong>in</strong></span> <span class='ocrx_word' id='word_1_827' title='bbox 2335 4827 2513 4878; x_wconf 89' lang='lat' dir='ltr'><strong>animo</strong></span> <span class='ocrx_word' id='word_1_828' title='bbox 2540 4826 2694 4894; x_wconf 88' lang='lat' dir='ltr'><strong>plane</strong></span> <span class='ocrx_word' id='word_1_829' title='bbox 2723 4824 3041 4888; x_wconf 84' lang='lat' dir='ltr'><strong>habuisses;</strong></span> <span class='ocrx_word' id='word_1_830' title='bbox 3074 4831 3131 4875; x_wconf 91' lang='lat' dir='ltr'><strong>ut</strong></span> <span class='ocrx_word' id='word_1_831' title='bbox 3158 4814 3277 4893; x_wconf 73' lang='lat' dir='ltr'><strong>qua:</strong></span> <span class='ocrx_word' id='word_1_832' title='bbox 3309 4820 3505 4875; x_wconf 81' lang='lat' dir='ltr'><strong>medici</strong></span> 
     </span>
    </p>
   </div>
   <div class='ocr_carea' id='block_1_104' title="bbox 1962 4901 3503 4984">
    <p class='ocr_par' dir='ltr' id='par_1_104' title="bbox 1962 4901 3503 4984">
     <span class='ocr_line' id='line_1_104' title="bbox 1962 4901 3503 4984; baseline -0.004 -14"><span class='ocrx_word' id='word_1_833' title='bbox 1962 4931 2069 4970; x_wconf 91' lang='lat' dir='ltr'><strong>non</strong></span> <span class='ocrx_word' id='word_1_834' title='bbox 2101 4916 2295 4977; x_wconf 85' lang='lat' dir='ltr'><strong>valent,</strong></span> <span class='ocrx_word' id='word_1_835' title='bbox 2322 4922 2556 4984; x_wconf 86' lang='lat' dir='ltr'><strong>potestas</strong></span> <span class='ocrx_word' id='word_1_836' title='bbox 2601 4923 2693 4967; x_wconf 88' lang='lat' dir='ltr'><strong>tua</strong></span> <span class='ocrx_word' id='word_1_837' title='bbox 2721 4922 3066 4984; x_wconf 87' lang='lat' dir='ltr'><strong>operaretur;</strong></span> <span class='ocrx_word' id='word_1_838' title='bbox 3104 4914 3153 4968; x_wconf 89' lang='lat' dir='ltr'><strong>id</strong></span> <span class='ocrx_word' id='word_1_839' title='bbox 3183 4919 3286 4975; x_wconf 88' lang='lat' dir='ltr'><strong>est,</strong></span> <span class='ocrx_word' id='word_1_840' title='bbox 3317 4901 3387 4965; x_wconf 45' lang='lat' dir='ltr'><strong>ut.</strong></span> <span class='ocrx_word' id='word_1_841' title='bbox 3411 4911 3503 4980; x_wconf 93' lang='lat' dir='ltr'><strong>qui</strong></span> 
     </span>
    </p>
   </div>
   <div class='ocr_carea' id='block_1_105' title="bbox 1963 5004 3506 5078">
    <p class='ocr_par' dir='ltr' id='par_1_105' title="bbox 1963 5004 3506 5078">
     <span class='ocr_line' id='line_1_105' title="bbox 1963 5004 3506 5078; baseline -0.005 -15"><span class='ocrx_word' id='word_1_842' title='bbox 1963 5010 2019 5063; x_wconf 92' lang='lat' dir='ltr'><strong>in</strong></span> <span class='ocrx_word' id='word_1_843' title='bbox 2063 5014 2237 5062; x_wconf 89' lang='lat' dir='ltr'><strong>morte</strong></span> <span class='ocrx_word' id='word_1_844' title='bbox 2285 5007 2443 5076; x_wconf 89' lang='lat' dir='ltr'><strong>positi</strong></span> <span class='ocrx_word' id='word_1_845' title='bbox 2490 5017 2676 5071; x_wconf 89' lang='lat' dir='ltr'><strong>erant,</strong></span> <span class='ocrx_word' id='word_1_846' title='bbox 2722 5014 3066 5078; x_wconf 76' lang='lat' dir='ltr'><strong>resurgentes</strong></span> <span class='ocrx_word' id='word_1_847' title='bbox 3122 5004 3506 5061; x_wconf 82' lang='lat' dir='ltr'><strong>conﬁterentur</strong></span> 
     </span>
    </p>
   </div>
   <div class='ocr_carea' id='block_1_106' title="bbox 1960 5093 3611 5179">
    <p class='ocr_par' dir='ltr' id='par_1_106' title="bbox 1960 5093 3611 5179">
     <span class='ocr_line' id='line_1_106' title="bbox 1960 5093 3611 5179; baseline -0.006 -24"><span class='ocrx_word' id='word_1_848' title='bbox 1960 5101 2077 5155; x_wconf 89' lang='lat' dir='ltr'><strong>tibi.</strong></span> <span class='ocrx_word' id='word_1_849' title='bbox 2111 5098 2228 5153; x_wconf 85' lang='lat' dir='ltr'><strong>Non</strong></span> <span class='ocrx_word' id='word_1_850' title='bbox 2257 5102 2399 5154; x_wconf 90' lang='lat' dir='ltr'><strong>enim</strong></span> <span class='ocrx_word' id='word_1_851' title='bbox 2429 5098 2759 5153; x_wconf 88' lang='lat' dir='ltr'><strong>medicorum</strong></span> <span class='ocrx_word' id='word_1_852' title='bbox 2784 5108 2865 5155; x_wconf 90' lang='lat' dir='ltr'><strong>est</strong></span> <span class='ocrx_word' id='word_1_853' title='bbox 2887 5100 2999 5154; x_wconf 64' lang='lat' dir='ltr'><strong>haec</strong></span> <span class='ocrx_word' id='word_1_854' title='bbox 3020 5098 3269 5162; x_wconf 80' lang='lat' dir='ltr'><strong>faeliltas,</strong></span> <span class='ocrx_word' id='word_1_855' title='bbox 3300 5094 3392 5149; x_wconf 83' lang='lat' dir='ltr'><strong>sed</strong></span> <span class='ocrx_word' id='word_1_856' title='bbox 3420 5093 3505 5147; x_wconf 90' lang='lat' dir='ltr'><strong>di-</strong></span> <span class='ocrx_word' id='word_1_857' title='bbox 3608 5176 3611 5179; x_wconf 21' lang='grc' dir='ltr'><strong>Ι</strong></span> 
     </span>
    </p>
   </div>
   <div class='ocr_carea' id='block_1_107' title="bbox 1958 5183 3502 5261">
    <p class='ocr_par' dir='ltr' id='par_1_107' title="bbox 1958 5183 3502 5261">
     <span class='ocr_line' id='line_1_107' title="bbox 1958 5183 3502 5261; baseline -0.003 -16"><span class='ocrx_word' id='word_1_858' title='bbox 1958 5193 2097 5245; x_wconf 64' lang='lat' dir='ltr'><strong>vinas</strong></span> <span class='ocrx_word' id='word_1_859' title='bbox 2121 5189 2531 5259; x_wconf 68' lang='lat' dir='ltr'><strong>magniﬁcentiae</strong></span> <span class='ocrx_word' id='word_1_860' title='bbox 2562 5198 2685 5247; x_wconf 76' lang='lat' dir='ltr'><strong>tute.</strong></span> <span class='ocrx_word' id='word_1_861' title='bbox 2743 5189 2907 5261; x_wconf 86' lang='lat' dir='ltr'><strong>Igitur</strong></span> <span class='ocrx_word' id='word_1_862' title='bbox 2961 5205 3049 5245; x_wconf 91' lang='lat' dir='ltr'><strong>me</strong></span> <span class='ocrx_word' id='word_1_863' title='bbox 3104 5195 3331 5242; x_wconf 90' lang='lat' dir='ltr'><strong>mortem</strong></span> <span class='ocrx_word' id='word_1_864' title='bbox 3383 5183 3502 5240; x_wconf 84' lang='lat' dir='ltr'><strong>ideo</strong></span> 
     </span>
    </p>
   </div>
   <div class='ocr_carea' id='block_1_108' title="bbox 1962 5274 3502 5349">
    <p class='ocr_par' dir='ltr' id='par_1_108' title="bbox 1962 5274 3502 5349">
     <span class='ocr_line' id='line_1_108' title="bbox 1962 5274 3502 5349; baseline -0.007 -11"><span class='ocrx_word' id='word_1_865' title='bbox 1962 5282 2142 5338; x_wconf 87' lang='lat' dir='ltr'><strong>subire</strong></span> <span class='ocrx_word' id='word_1_866' title='bbox 2186 5280 2435 5344; x_wconf 69' lang='lat' dir='ltr'><strong>voluisti,</strong></span> <span class='ocrx_word' id='word_1_867' title='bbox 2482 5288 2541 5334; x_wconf 93' lang='lat' dir='ltr'><strong>ut</strong></span> <span class='ocrx_word' id='word_1_868' title='bbox 2591 5281 2645 5334; x_wconf 91' lang='lat' dir='ltr'><strong>in</strong></span> <span class='ocrx_word' id='word_1_869' title='bbox 2699 5280 2965 5349; x_wconf 87' lang='lat' dir='ltr'><strong>sepulcris</strong></span> <span class='ocrx_word' id='word_1_870' title='bbox 3008 5274 3377 5332; x_wconf 90' lang='lat' dir='ltr'><strong>misericordia</strong></span> <span class='ocrx_word' id='word_1_871' title='bbox 3409 5281 3502 5327; x_wconf 81' lang='lat' dir='ltr'><strong>tua</strong></span> 
     </span>
    </p>
   </div>
   <div class='ocr_carea' id='block_1_109' title="bbox 1962 5371 3504 5441">
    <p class='ocr_par' dir='ltr' id='par_1_109' title="bbox 1962 5371 3504 5441">
     <span class='ocr_line' id='line_1_109' title="bbox 1962 5371 3504 5441; baseline -0.007 -13"><span class='ocrx_word' id='word_1_872' title='bbox 1962 5378 2293 5433; x_wconf 83' lang='lat' dir='ltr'><strong>narraretur,</strong></span> <span class='ocrx_word' id='word_1_873' title='bbox 2319 5379 2373 5424; x_wconf 87' lang='lat' dir='ltr'><strong>et</strong></span> <span class='ocrx_word' id='word_1_874' title='bbox 2426 5372 2480 5426; x_wconf 92' lang='lat' dir='ltr'><strong>in</strong></span> <span class='ocrx_word' id='word_1_875' title='bbox 2532 5372 2830 5441; x_wconf 87' lang='lat' dir='ltr'><strong>perditione</strong></span> <span class='ocrx_word' id='word_1_876' title='bbox 2860 5371 3061 5426; x_wconf 82' lang='lat' dir='ltr'><strong>veritas</strong></span> <span class='ocrx_word' id='word_1_877' title='bbox 3094 5376 3182 5421; x_wconf 89' lang='lat' dir='ltr'><strong>tua</strong></span> <span class='ocrx_word' id='word_1_878' title='bbox 3211 5379 3504 5435; x_wconf 78' lang='lat' dir='ltr'><strong>eognosce~</strong></span> 
     </span>
    </p>
   </div>
   <div class='ocr_carea' id='block_1_110' title="bbox 1961 5453 3503 5527">
    <p class='ocr_par' dir='ltr' id='par_1_110' title="bbox 1961 5453 3503 5527">
     <span class='ocr_line' id='line_1_110' title="bbox 1961 5453 3503 5527; baseline -0.006 -11"><span class='ocrx_word' id='word_1_879' title='bbox 1961 5472 2135 5527; x_wconf 88' lang='lat' dir='ltr'><strong>retur,</strong></span> <span class='ocrx_word' id='word_1_880' title='bbox 2178 5460 2232 5513; x_wconf 89' lang='lat' dir='ltr'><strong>in</strong></span> <span class='ocrx_word' id='word_1_881' title='bbox 2254 5462 2494 5515; x_wconf 88' lang='lat' dir='ltr'><strong>tenebris</strong></span> <span class='ocrx_word' id='word_1_882' title='bbox 2531 5461 2795 5516; x_wconf 91' lang='lat' dir='ltr'><strong>mirabilia</strong></span> <span class='ocrx_word' id='word_1_883' title='bbox 2822 5467 2913 5513; x_wconf 87' lang='lat' dir='ltr'><strong>tua</strong></span> <span class='ocrx_word' id='word_1_884' title='bbox 2954 5458 3370 5527; x_wconf 66' lang='lat' dir='ltr'><strong>praedicarentur</strong></span> <span class='ocrx_word' id='word_1_885' title='bbox 3393 5494 3408 5519; x_wconf 92' lang='lat'><strong>,</strong></span> <span class='ocrx_word' id='word_1_886' title='bbox 3446 5453 3503 5507; x_wconf 92' lang='lat' dir='ltr'><strong>in</strong></span> 
     </span>
    </p>
   </div>
   <div class='ocr_carea' id='block_1_111' title="bbox 1962 5541 3503 5619">
    <p class='ocr_par' dir='ltr' id='par_1_111' title="bbox 1962 5541 3503 5619">
     <span class='ocr_line' id='line_1_111' title="bbox 1962 5541 3503 5619; baseline -0.01 -11"><span class='ocrx_word' id='word_1_887' title='bbox 1962 5564 2104 5609; x_wconf 89' lang='lat' dir='ltr'><strong>terra</strong></span> <span class='ocrx_word' id='word_1_888' title='bbox 2163 5552 2452 5606; x_wconf 86' lang='lat' dir='ltr'><strong>oblivionis</strong></span> <span class='ocrx_word' id='word_1_889' title='bbox 2489 5551 2700 5619; x_wconf 87' lang='lat' dir='ltr'><strong>justitia</strong></span> <span class='ocrx_word' id='word_1_890' title='bbox 2755 5558 2847 5603; x_wconf 86' lang='lat' dir='ltr'><strong>tua</strong></span> <span class='ocrx_word' id='word_1_891' title='bbox 2893 5554 3305 5601; x_wconf 84' lang='lat' dir='ltr'><strong>memoraretur.</strong></span> <span class='ocrx_word' id='word_1_892' title='bbox 3349 5541 3503 5607; x_wconf 87' lang='lat' dir='ltr'><strong>Quod</strong></span> 
     </span>
    </p>
   </div>
   <div class='ocr_carea' id='block_1_112' title="bbox 1962 5642 3505 5716">
    <p class='ocr_par' dir='ltr' id='par_1_112' title="bbox 1962 5642 3505 5716">
     <span class='ocr_line' id='line_1_112' title="bbox 1962 5642 3505 5716; baseline -0.009 -14"><span class='ocrx_word' id='word_1_893' title='bbox 1962 5648 2006 5702; x_wconf 90' lang='lat' dir='ltr'><strong>si</strong></span> <span class='ocrx_word' id='word_1_894' title='bbox 2049 5644 2167 5716; x_wconf 90' lang='lat' dir='ltr'><strong>quis</strong></span> <span class='ocrx_word' id='word_1_895' title='bbox 2197 5644 2433 5699; x_wconf 87' lang='lat' dir='ltr'><strong>animum</strong></span> <span class='ocrx_word' id='word_1_896' title='bbox 2465 5645 2713 5700; x_wconf 88' lang='lat' dir='ltr'><strong>adhibeat</strong></span> <span class='ocrx_word' id='word_1_897' title='bbox 2742 5642 2837 5707; x_wconf 89' lang='lat' dir='ltr'><strong>iis,</strong></span> <span class='ocrx_word' id='word_1_898' title='bbox 2879 5656 2999 5711; x_wconf 67' lang='lat' dir='ltr'><strong>qua:</strong></span> <span class='ocrx_word' id='word_1_899' title='bbox 3046 5648 3234 5696; x_wconf 85' lang='lat' dir='ltr'><strong>nostro</strong></span> <span class='ocrx_word' id='word_1_900' title='bbox 3263 5646 3505 5707; x_wconf 83' lang='lat' dir='ltr'><strong>tempore</strong></span> 
     </span>
    </p>
   </div>
  </div>
