4406 6430
889 486 1027 540 ιοοδ
1504 480 1770 537 EUSEBII
1801 479 2270 536 CESARIENSIS
2305 480 2452 536 OPP.
2491 479 2672 538 PARS
2706 469 2898 537 HL:
2928 471 3324 537 EXEGETICA'.
3913 481 4046 538 1064

886 597 952 652 ad
993 596 1291 664 sepulcrum
1333 603 1385 648 et
1429 595 1503 662 (l)
1537 595 1849 665 martyrium
1897 594 2192 648 Salvatoris
2246 597 2414 648 nostri
2445 601 2490 656 Α
2517 612 2626 662 γνω

2303 597 2414 648 tstri
2445 601 2490 656 Α
2517 595 2761 665 γνωσθῇ·
2809 598 2866 648 ὲν
2889 596 2943 648 δὲ
2971 597 3046 666 τῷ
3075 596 3341 670 σκότει,τά
3365 595 3634 667 θαυμάσιά
3661 614 3749 650 σου
3781 601 4043 672 κηρυχθῇ,

885 695 1091 756 patrata
1120 693 1264 744 sunt,
1289 684 1642 747 mirabilibus,
1673 685 1721 739 is
1760 689 1888 740 sane
1924 683 2283 754 deprehendet
2309 698 2418 752 quo
2518 686 2575 738 ἐν
2594 703 2625 738 τ

2309 698 2418 752 quo
2518 686 2575 738 ἐν
2594 703 2653 738 τε
2684 689 2748 756 τῇ
2779 686 3164 756 ἐπιλελησμένῃ
3193 689 3262 756 γῇ
3293 687 3327 755 ἡ
3370 687 3672 757 δικαιοσύνη
3708 703 3798 738 σου
3840 704 4044 758 μνημο-

883 785 1039 848 pacto
1081 791 1143 830 ea
1193 791 1310 861 quae
1340 777 1688 844 praenuntiata
1741 774 1950 829 fuerant
1975 789 2134 844 opere
2155 774 2420 841 completa
2516 775 2623 826 veul

2306 774 2420 827 plet:
2516 775 2696 844 νευθῇ.
2723 776 2784 827 Εἰ
2826 775 2882 827 δέ
2905 791 2984 835 τις
3015 775 3104 826 τὸν
3144 761 3264 826 νοῦν
3295 777 3594 845 ἐπιστήσειε
3621 778 3731 838 τοίς
3745 776 3874 830 καθ’
3903 778 4046 846 ἡμᾶς

881 869 1008 920 sint.
1041 865 1416 946 Animadverte
1444 879 1603 934 porro
1627 872 1756 934 quot
1776 864 2003 919 diversis
2031 864 2204 918 modis
2223 863 2311 916 hic
2333 877 2419 917 re.
2519 865 2621 934 ἀμς

2307 877 2419 917 ενοι
2519 865 2659 934 ἀμφὶ
2681 865 2742 917 τὸ
2759 866 2958 934 μνῆμα,
2991 866 3079 916 καὶ
3104 863 3163 916 τδ
3195 863 3484 935 μαρτύριον
3509 864 3600 917 τοῦ
3627 865 3872 937 Σωτῆρος
3890 867 4047 937 ἡμῶν

881 955 1089 1022 gionem
1123 954 1312 1007 mortis
1332 953 1578 1021 explicet.
1605 952 1736 1005 Nam
1766 955 1940 1020 primo
1964 959 2204 1007 mortuos
2229 959 2416 1017 vocat;
2516 952 2621 1003 ἐπιλι

2305 959 2416 1017 cat;
2516 951 2892 1003 ἑπιτελεσθεῖσι
2932 951 3264 1021 Θαυμασίοις,
3293 951 3501 1021 ἀληθῶς
3541 953 3739 1005 εἵσεται
3779 954 3924 1016 ὅπως
3949 971 4045 1009 πε-

881 1040 1136 1103 secundo,
1162 1041 1252 1110 qui
1282 1041 1528 1094 habitant
1557 1040 1613 1093 in
1647 1040 1933 1108 sepulcro;
1964 1039 2146 1100 tertio,
2172 1039 2265 1106 qui
2292 1046 2420 1092 sunt

879 1132 933 1184 in
963 1133 1290 1199 perditione;
1343 1139 1572 1199 quarto,
1599 1130 1692 1198 qui
1731 1129 1786 1182 in
1820 1129 2057 1182 tenebris
2092 1136 2414 1194 versantur;

877 1221 1084 1290 quinto.
1103 1222 1194 1288 qui
1220 1227 1346 1274 sunt
1371 1220 1424 1273 in
1456 1228 1597 1273 terra
1613 1216 2056 1274 oblivionis.Ha:c
2081 1218 2276 1287 quippe
2303 1233 2418 1271 om-

879 1325 969 1364 nza
1013 1309 1079 1364 de
1128 1310 1316 1365 iisdem
1347 1309 1624 1374 enuntiat;
1663 1309 1815 1378 queis
1841 1307 2117 1361 hominum
2147 1296 2332 1362 amans
2361 1315 2415 1361 et

877 1400 1139 1470 benignus
1193 1400 1330 1454 Deus
1378 1399 1640 1454 mirabilia
1673 1398 2007 1454 exhibiturus
2029 1398 2415 1452 erat:iivide-

879 1490 1003 1544 licet
1037 1487 1477 1553 miscricordiam,
1502 1489 1777 1541 veritatem
1805 1496 1857 1542 et
1881 1487 2144 1556 justitiam
2169 1486 2261 1541 Dei
2281 1499 2414 1540 nar-

2517 1041 2789 1112 πλήρωται
2815 1042 2990 1112 ἔργοις
3017 1042 3086 1094 τὰ
3111 1040 3518 1111 τεθεσπισμινα.
3561 1043 3667 1095 Θέα
3698 1043 3754 1095 δὲ
3797 1042 3883 1096 διά
3927 1044 4047 1096 τού-

2514 1149 2618 1185 των
2648 1133 2792 1193 ὅπως
2819 1131 2914 1200 τὴν
2950 1131 3006 1182 ὲν
3033 1129 3109 1200 τῷ
3145 1129 3356 1200 θανάτῳ
3385 1129 3564 1200 χώραν
3591 1131 3853 1202 διαφόρως
3881 1134 4047 1204 ἑρμη-

2513 1221 2670 1274 νεύει.
2687 1220 2902 1290 Πρῶτον
2922 1220 3016 1289 μὲν
3037 1220 3256 1290 νεκροὺς
3279 1219 3458 1287 σαφῶς
3473 1221 3776 1293 ἀποκαλῶν,
3804 1222 4046 1293 δεύτερον

2511 1311 2635 1374 τοὺς
2659 1313 2718 1363 ὲν
2741 1311 2912 1380 τάφῳ,
2932 1307 3263 1380 τρίτοντοὺς
3287 1312 3342 1362 ὲν
3365 1310 3623 1380 ἀπωλείᾳ,
3647 1311 3900 1382 τέταρτον
3923 1315 4048 1377 τοὺς

2511 1403 2569 1452 ὲν
2614 1399 2819 1468 σκότῳ,
2869 1386 3110 1468 πέμπτον
3158 1399 3280 1461 τοὺς
3319 1401 3375 1452 ὲν
3420 1402 3482 1469 τῇ
3527 1400 3916 1474 ἐπιλελησμένῃ
3952 1404 4042 1473 γῇ.

2511 1489 2691 1542 Ταῦτα
2719 1489 2825 1559 γάρ
2858 1490 3029 1542 πάντα
3059 1489 3183 1558 περί
3217 1489 3324 1541 τῶν
3367 1490 3544 1543 αὐτῶν
3593 1491 3938 1561 διεξέρχεται,
3965 1487 4048 1556 οἷς

879 1579 1093 1632 rabunt.
1125 1577 1240 1643 Qua
1271 1577 1472 1632 ratione
1500 1583 1676 1630 autem
1723 1577 1837 1630 haec
1874 1576 2116 1631 videlicet
2145 1576 2412 1631 mirabilia
2508 1580 2619 1650 ἧμεῖ

2304 1576 2412 1631 tilia
2508 1580 2732 1650 ἤμελλεν
2757 1581 2785 1633 ό
2811 1580 3177 1650 φιλάνθρωπος
3195 1580 3288 1632 καὶ
3317 1579 3512 1648 ἀγαθὸς
3535 1581 3664 1645 Θεὸς
3689 1582 3955 1635 δεικνύναι
3983 1598 4044 1634 τε

878 1665 994 1730 Dei,
1027 1667 1424 1728 misericordia,
1474 1667 1773 1721 veritas‘et
1803 1666 2010 1735 justitia
2041 1667 2158 1735 ejus
2193 1666 2257 1719 ad
2290 1666 2412 1722 illos
2507 1671 2601 1723 καὶ

2311 1667 2412 1722 llos
2507 1671 2601 1723 καὶ
2627 1671 2877 1740 παρέχειν
2908 1671 3177 1740 θαυμάσια
3196 1687 3209 1700 ·
3257 1672 3318 1724 τὸ
3347 1671 3491 1734 ἔλεος
3518 1671 3680 1726 αὑτοῦ
3715 1671 3914 1743 δηλαδὴ
3947 1673 4044 1725 καὶ

878 1759 1006 1812 olim
1040 1767 1279 1812 mortuos
1303 1795 1317 1820 ,
1350 1757 1417 1810 ad
1466 1758 1712 1827 sepulcra
1735 1796 1751 1820 ,
1803 1756 1870 1809 ad
1900 1757 2252 1826 perditionem
2275 1795 2290 1819 ,
2342 1757 2409 1810 ad
2507 1760 2604 1828 τὴν

2342 1757 2409 1810 ad
2507 1760 2604 1828 τὴν
2646 1759 2895 1828 ἀλήθειαν
2937 1762 3029 1813 καὶ
3061 1761 3158 1831 τὴν
3191 1759 3535 1830 δικαιοσύνην
3558 1761 3651 1814 τοῦ
3692 1761 3826 1814 Θεοῦ
3851 1761 4039 1830 διηγή-

877 1849 1124 1902 tenebras
1143 1859 1196 1903 et
1222 1849 1286 1903 ad
1315 1857 1513 1904 terram
1539 1846 1829 1901 oblivionis
1861 1848 2198 1916 pervenerint
2217 1884 2233 1908 ,
2267 1847 2408 1900 scire
2509 1866 2617 1902 oov1

2301 1847 2408 1900 cire
2509 1866 2705 1902 σονται.
2745 1851 2894 1904 Ἐστι
2915 1850 2969 1902 δὲ
2998 1851 3282 1919 ἐπιγνῶναι
3308 1853 3451 1915 ὅπως
3473 1852 3645 1904 πάντα
3674 1851 3868 1913 ταῦτα,
3901 1849 4041 1916 λέγω

879 1938 1080 2003 licebit,
1105 1928 1154 1992 si
1182 1940 1476 2009 cogitemus
1518 1945 1651 2007 quot
1703 1937 1962 1992 bonorum
1993 1937 2150 1991 nobis
2177 1938 2303 1991 olim
2352 1938 2409 1990 in
2441 1929 2481 1984 Β
2507 1939 2562 1990 δὲ
2587 1956 2618 1990 τ

2301 1966 2303 1988 ι
2352 1938 2409 1990 in
2441 1929 2481 1984 Β
2507 1939 2562 1990 δὲ
2587 1939 2654 1991 τὰ
2684 1939 2952 2010 θαυμάσια
2993 1941 3087 1994 τοῦ
3118 1941 3250 1994 Θεοῦ
3290 1942 3382 1994 καὶ
3410 1940 3470 1995 τὸ
3503 1941 3646 2002 ἕλεος
3675 1937 3857 2002 αὑτοῦ,
3883 1937 3976 1990 καὶ
4003 1938 4041 2006 ή

878 2042 1050 2083 morte
1080 2029 1442 2090 versantibus,
1476 2034 1664 2082 auctor
1692 2024 1853 2080 fuerit
1889 2023 2134 2080 Salvator
2157 2034 2211 2082 et
2238 2025 2412 2080 Domi-
2506 2029 2618 2099 ἀλήί

2305 2027 2412 2080 ιωὶ-
2506 2029 2726 2099 ἀλήθεια
2753 2030 2935 2096 αὐτοῦ,
2969 2032 3061 2084 καὶ
3093 2033 3124 2102 ή
3155 2032 3456 2103 δικαιοσύνη
3489 2030 3647 2085 αὐτοῦ
3691 2029 3919 2098 ἔφθασεν
3951 2029 4045 2082 ἐπὶ

875 2132 980 2174 nus
1004 2125 1204 2182 noster,
1227 2131 1454 2187 quorum
1483 2117 1654 2186 gratia
1689 2116 1746 2170 in
1769 2115 1858 2169 illa
1884 2116 2001 2170 loca
2026 2114 2321 2178 descendit,
2352 2124 2413 2168 ut
2505 2119 2615 2182 τοὺς

2307 2153 2321 2178 ,
2352 2124 2413 2168 ut
2505 2119 2629 2182 τοὺς
2658 2118 2820 2172 πάλαι
2844 2123 3085 2191 νεκροὺς,
3127 2122 3221 2175 καὶ
3255 2124 3314 2175 ὲν
3337 2121 3545 2190 τάφοις,
3573 2120 3666 2173 καὶ
3694 2114 3754 2173 εν
3785 2117 4045 2190 mh,

878 2221 984 2262 non
1028 2209 1165 2262 vivis
1195 2224 1205 2261 ι
1231 2207 1376 2270 ‘odo,
1423 2207 1517 2261 sed
1548 2207 1711 2262 etiam
1739 2207 1964 2262 mortuis
1995 2205 2365 2260 dominaretur
2393 2222 2410 2260 :

874 2311 1000 2351 nam
1033 2311 1154 2365 quae
1180 2309 1341 2351 causa
1391 2293 1550 2349 fuerit
1579 2293 1870 2350 descensus
1897 2295 2016 2365 ejus
2062 2296 2119 2349 in
2149 2294 2410 2363 mortemf,

876 2387 964 2439 hic
993 2385 1329 2454 apertissime
1355 2384 1645 2439 declaravit
1671 2403 1684 2440 :
1717 2401 1834 2455 qua:
1857 2384 2151 2440 secundum
2177 2399 2410 2453 evange-

875 2474 1029 2528 listas
1065 2484 1193 2526 tunc
1223 2473 1438 2542 impleta
1487 2483 1632 2537 sunt,
1669 2489 1790 2527 cum
1833 2469 1997 2527 multa
2023 2487 2249 2542 corpora
2277 2488 2408 2528 sau-

877 2569 1117 2626 ciorum,
1158 2563 1250 2632 qui
1295 2562 1661 2628 dormierant,
1721 2571 2154 2630 'resurrexerunt,
2187 2571 2240 2619 et
2283 2579 2406 2619 cum

873 2653 993 2721 ipso
1029 2650 1304 2708 Salvatore
1333 2653 1389 2707 in
1417 2660 1657 2708 sanctam
1689 2652 1780 2708 Dei
1807 2654 2075 2710 civitatem
2099 2692 2115 2719 ,
2165 2654 2413 2710 videlicet

873 2742 929 2799 ln
955 2743 1096 2797 illam
1126 2744 1420 2807 cmlestem,
1449 2743 1680 2814 ingressi
1711 2752 1856 2800 sunt.

2508 2209 2600 2261 καὶ
2624 2211 2681 2262 ὲν
2713 2211 2905 2280 σκότῳ,
2934 2212 3025 2265 καὶ
3058 2213 3117 2264 ὲν
3139 2215 3208 2282 γῇ
3251 2212 3658 2282 ὲπιλελησμένῃ,
3698 2211 3750 2263 εἰ
3787 2211 4049 2281 νοήσομεν

2513 2299 2652 2353 ὅσων
2696 2301 2911 2368 ἀγαθῶν
2947 2301 3112 2365 αῐτιος
3152 2303 3368 2369 γέγονεν
3414 2302 3444 2353 ὸ
3483 2299 3669 2370 Σωτὴρ
3715 2299 3808 2352 καὶ
3847 2299 4049 2370 Κύριος

2513 2387 2666 2457 ἡμῶν
2691 2390 2801 2451 τοῖς
2831 2388 2991 2441 πάλαι
3021 2389 3078 2441 ὲν
3100 2389 3175 2458 τῷ
3204 2388 3410 2457 θανάτῳ
3443 2387 3834 2458 γεγενημένοις,
3863 2386 3930 2440 δι’
3955 2385 4050 2448 οὓς

2511 2478 2604 2530 καὶ
2631 2478 2689 2530 εν
2720 2477 2943 2541 ἐκείνοις
2972 2477 3316 2549 κατεληλύθει
3362 2479 3470 2540 τοῖς
3499 2477 3702 2540 τόποις,
3731 2477 3815 2528 ἵνα
3849 2477 3922 2548 μὴ
3950 2475 4047 2546 μό-

2510 2584 2596 2621 νον
2635 2567 2865 2633 ζώντων,
2898 2569 3032 2623 ἀλλά
3068 2570 3158 2622 καὶ
3181 2569 3386 2639 νεκρῶν
3414 2567 3689 2638 κυριεύσῃ.
3725 2564 3805 2618 Τά
3829 2563 3934 2633 γάρ
3960 2561 4048 2615 αἰ-

2509 2674 2597 2713 τια
2640 2659 2739 2729 τῆς
2787 2659 2942 2730 μέχρι
2971 2659 3063 2714 τοῦ
3109 2661 3333 2715 θανάτου
3379 2658 3598 2714 καθόδου
3631 2654 3792 2711 αὐτοῦ
3830 2653 3918 2708 διά
3941 2651 4050 2705 τῶν

2510 2749 2874 2818 προκειμένων
2901 2750 3179 2820 τηλαυγῶς
3199 2747 3552 2821 παρέστησενο
3587 2748 3727 2818 ἀπερ
3755 2741 4051 2815 ἐπληροῦτο

873 2835 1007 2888 κατὰ
1038 2835 1160 2897 τοὺς
1199 2834 1598 2902 εὐαγγελιστάς,
1631 2837 1720 2890 ὅτε
1766 2837 1934 2890 πολλά
1979 2837 2202 2907 σώματα
2245 2839 2650 2908 κεκοιμημένων
2702 2841 2869 2909 ἁγίων
2895 2843 3218 2914 ἠγέρθησαν,
3279 2843 3373 2898 καί
3410 2843 3504 2896 σὺν
3559 2841 3703 2912 αὐτῷ
3732 2839 3809 2910 τῷ
3839 2837 4048 2912 Σωτῆρι

871 2925 1113 2996 εἰσῆλθον
1145 2929 1222 2991 εἰς
1251 2934 1348 2999 τὴν
1390 2928 1548 2996 ἁγίαν
1593 2927 1744 2980 πόλιν
1770 2927 1863 2981 τοῦ
1899 2927 2052 2990 Θεοῦ,
2092 2926 2289 2998 δηλαδὴ
2315 2927 2412 2997 τὴν
2445 2929 2772 3000 ἐπουράνιον.

940 3021 1103 3077 Vsus.
1137 3021 1222 3076 is.
1258 3021 1322 3074 Et
1362 3038 1454 3090 ego
1485 3021 1553 3074 ad
1589 3031 1636 3074 te
1677 3021 1929 3085 clamavi,
1957 3030 2004 3074 et
2050 3036 2201 3075 mane
2239 3023 2410 3076 oratio

2585 3022 2686 3078 Kal
2715 3023 2828 3093 ἐγὼ
2857 3025 3003 3093 πρὸς
3025 3026 3099 3079 σὲ
3125 3025 3402 3094 κέκραξα,
3429 3022 3604 3078 καὶτὸ
3619 3022 3768 3091 πρωῒ
3793 3022 3832 3090 ἠ
3861 3034 4046 3090 προσ-

873 3130 987 3168 mea
1024 3114 1292 3180 preveniet
1341 3120 1408 3164 te.
1441 3110 1900 3192 Quemadmodum
1947 3105 2001 3164 in
2035 3111 2191 3165 titulo
2215 3112 2410 3181 psalmi
2438 3134 2480 3192 ρ
2509 3131 2613 3183 ευχ

2308 3112 2410 3166 ulmi
2438 3134 2480 3192 ρ
2509 3115 2794 3184 ευχήμου
2817 3114 3138 3184 προφθάσει
3165 3129 3257 3168 σε.
3313 3116 3518 3184 Ὠσπερ
3552 3113 3610 3168 ὲν
3639 3112 3718 3182 τῷ
3745 3113 3829 3166 κα¹
3853 3111 4048 3184 ψαλμῷ

874 3223 986 3272 ιιι,
1021 3206 1112 3275 qui
1145 3212 1326 3274 aperte
1354 3218 1417 3258 ex
1471 3190 1698 3273 perSona
1730 3200 2039 3260 Salvatoriss
2072 3205 2243 3260 nostri
2271 3205 2413 3276 ,ιιι-οε

873 3295 1079 3356 fertur,
1126 3295 1352 3356 dicitur,
1400 3292 1504 3346 Pro
1537 3294 1855 3360 susceptione
1878 3295 2167 3359 matutina,
2197 3311 2305 3366 quo
2337 3312 2415 3352 re-

875 3386 1138 3441 surrectio
1175 3383 1484 3438 Salvatoris-
1519 3385 1689 3441 nostri
1717 3422 1732 3447 ,
1790 3399 1910 3453 quae
1962 3401 2118 3441 mane
2149 3387 2410 3456 contigit,

873 3473 1284 3540 subindicatur;
1330 3471 1562 3542 idipsum
1606 3472 1717 3540 jam
1763 3471 1848 3526 his
1896 3472 2187 3542 signiﬁcari
2242 3483 2411 3543 puto,

873 3559 1029 3614 Hane
1059 3562 1226 3615 oratio
1255 3576 1367 3615 mea
1398 3561 1667 3628 prmia
1704 3569 1793 3614 te:
1830 3574 1938 3628 quo
1962 3559 2252 3628 indicatur,
2288 3577 2412 3617 ora-

869 3656 1070 3709 tionem
1099 3649 1393 3706 Salvatoris
1422 3665 1528 3704 non
1573 3650 1681 3702 alio
1727 3655 1969 3719 tempore
1998 3648 2243 3704 edoctum
2285 3667 2415 3706 con-

872 3750 1112 3799 secutam
1144 3755 1282 3802 esse,
1318 3740 1420 3793 nisi
1455 3740 1798 3794 illucescente
1827 3751 2020 3792 aurora
2054 3745 2107 3792 et
2137 3726 2414 3797 matutinis

873 3832 1044 3894 horis,
1076 3845 1198 3884 cum
1220 3829 1542 3884 resurrectio
1569 3837 1904 3882 mortuorum
1928 3825 2192 3882 accidisse
2223 3841 2411 3882 narra-

871 3932 982 3978 tur.
1005 3921 1182 3990 Quare
1221 3936 1392 3990 ueque
1423 3935 1673 3990 vespere,
1712 3934 1886 3989 neque
1925 3920 2196 3983 meridie,
2242 3935 2415 3999 neque

873 4015 981 4070 alio
1007 4014 1235 4084 quodam
1271 4021 1528 4083 tempore,
1558 4014 1651 4068 sed
1702 4008 1895 4082 (Vnus.
1929 4012 2018 4082 i5)
2056 4026 2207 4069 tum
2245 4011 2413 4066 oratio

871 4123 988 4160 mea
1013 4105 1280 4172 prmeniet
1308 4114 1372 4156 te.
1419 4102 1636 4172 thaid,
1665 4102 1903 4166 Domine,
1949 4103 2151 4170 repellis
2183 4103 2414 4157 animant

873 4211 1064 4257 nteant,
1094 4193 1282 4246 avertis
1318 4192 1502 4260 faciem
1531 4203 1673 4245 tuam
1701 4210 1734 4246 a
1764 4195 1888 4248 me?
1918 4193 1976 4246 In
2003 4191 2255 4259 vicesimo
2281 4207 2415 4263 quo-

871 4301 980 4356 que
1013 4263 1195 4354 primo.
1235 4282 1484 4336 dicebat:
1533 4281 1704 4344 Deus,
1752 4281 1890 4336 Deus
1921 4284 2308 4353 meus,mpice
2358 4283 2414 4336 its

875 4389 976 4436 me,
1005 4388 1163 4444 quare
1191 4387 1270 4424 me
1291 4369 1647 4437 dereliquisti.’
1684 4367 1780 4423 Hic
1825 4379 2001 4435 autem
2031 4371 2180 4435 dicit,
2207 4368 2410 4440 utquid,

2514 3203 2698 3273 σαφῶς
2730 3205 2794 3258 ἐκ
2835 3204 3118 3275 προσώπου
3162 3204 3253 3260 τοῦ
3299 3204 3543 3273 Σωτῆρος
3581 3202 3735 3274 ήμῶν
3775 3202 4047 3275 εἰρημένῳ

2510 3292 2649 3346 κατά
2665 3293 2760 3363 τὴν
2775 3292 3087 3364 προγραφὴν
3101 3293 3334 3358 λέλεκτο,
3360 3294 3373 3312 '
3384 3291 3659 3361 Υπὲρτῆς
3677 3291 4046 3360 ἀντιλήψεως

2511 3378 2618 3448 τῆς
2641 3380 2901 3449 ἑωθινῆς,
2945 3381 3038 3434 τοῦ
3070 3382 3230 3464 λόγου
3254 3382 3353 3454 τὴν
3385 3383 3673 3436 ἀνάστασιν
3717 3381 3809 3438 τοῦ
3859 3382 4045 3450 Σιωτῆο

2515 3487 2604 3540 ρος
2643 3471 2796 3541 ἡμῶν
2827 3472 3189 3542 αἰνιττομένου
3227 3472 3366 3526 κατά
3401 3471 3496 3544 τὴν
3538 3471 3761 3543 ἑωθινὴν
3783 3472 3928 3544 ὥραν
3953 3488 4049 3540 γε·

2511 3560 2810 3632 γενημένην
2830 3577 2842 3590 ·
2874 3560 3015 3615 οῦτω
3042 3563 3134 3615 καὶ
3163 3560 3258 3614 νῦν
3287 3561 3482 3616 ταύτὸν
3517 3561 3865 3633 σημαίνεσθαι
3895 3557 4042 3630 ἠγοῦ-

2514 3665 2610 3718 μαι
2637 3648 2722 3701 διά
2749 3648 2956 3713 τούτου,
2995 3650 3150 3717 Ιιρωτ
3175 3651 3213 3718 ἠ
3241 3648 3545 3718 προσευχὴ
3575 3667 3688 3715 μου
3715 3647 4044 3719 προφθάσει

2510 3753 2602 3803 σε,
2647 3739 2926 3812 δηλοῦντος
2962 3741 3053 3795 τοῦ
3081 3741 3269 3809 λόγου,
3289 3741 3369 3794 δτι
3401 3739 3476 3811 μὴ
3508 3740 3648 3812 ἄλλῳ
3671 3740 3844 3812 καιρῷ
3860 3741 3927 3794 τὰ
3948 3739 4047 3809 τῆς

2512 3833 2811 3902 προσευχῆς
2831 3832 2922 3885 τοῦ
2957 3832 3200 3902 Σωτῆρος
3225 3833 3303 3892 εἰς
3326 3830 3458 3901 ἔργα
3491 3830 3684 3900 ἐχώρει
3711 3832 3745 3903 ἢ
3778 3831 3918 3885 κακά
3946 3831 4046 3902 τὴν

2512 3921 2584 3974 ἕω
2599 3923 2762 3976 καὶτὸ
2780 3923 2937 3994 πρωῒ,
2966 3923 3054 3976 δτι
3085 3922 3178 3975 καὶ
3191 3921 3258 3974 τά
3271 3921 3369 3989 τῆς
3391 3922 3454 3972 ἑκ
3481 3920 3684 3996 νεκρῶν
3705 3920 4048 3984 ἀναστάσεως

2512 4007 2829 4077 γεγενῆσθαι
2857 4007 3282 4082 μεμαρτύρηται.
3321 4009 3399 4059 Δι’
3426 4006 3455 4060 δ
3493 4005 3613 4060 οὔτε
3641 4006 3896 4078 ἑσπέρας.
3923 4005 4048 4061 οὕτε

2513 4098 2868 4173 μεσημβρίας,
2883 4098 3271 4169 οὕτεάλλῳτινί
3289 4088 3629 4169 καιρῷ,ωά
3650 4094 3731 4161 τῷ
3752 4096 3915 4164 πρωῒ,
3945 4113 4051 4168 φη-

2513 4189 2616 4247 a‘tv.
2645 4191 2683 4257 ἡ
2710 4190 3012 4260 προσευχὴ
3028 4203 3145 4259 μου
3166 4187 3491 4259 προφθάσει
3507 4202 3599 4242 σε.
3641 4187 3830 4250 Ἰνατί,
3852 4189 4047 4257 Κύριε,

2511 4280 2766 4345 ἀπωθεῖς
2787 4281 2899 4348 τὴν
2920 4281 3126 4350 ψυχήν
3139 4300 3255 4350 μου
3274 4322 3290 4346 ,
3315 4279 3706 4350 ἀποστρέφεις
3735 4281 3803 4334 τὸ
3829 4281 4050 4350 πρόσω-

2513 4372 2630 4424 πόν
2661 4387 2774 4424 σου
2809 4371 2917 4426 ἀπ’
2953 4372 3132 4438 tam};
3182 4371 3291 4426 Καὶ
3335 4373 3392 4424 ὲν
3423 4371 3500 4441 τῷ
3547 4370 3630 4425 κα¹
3658 4371 3808 4440 ιλεγε
3853 4370 3934 4437 τὸ,
3991 4370 4047 4423 '0

874 4461 1254 4530 interrogando
1273 4474 1376 4530 qua
1397 4459 1464 4514 de
1491 4472 1654 4513 causa
1687 4458 1971 4514 derelictus
1997 4475 2027 4514 a
2054 4459 2213 4516 Patre
2244 4461 2334 4525 sit,
2357 4466 2411 4514 et
2440 4454 2494 4541 D_
2514 4460 2614 4514 Θεό

2308 4473 2334 4525 L,
2357 4466 2411 4514 θι
2440 4454 2494 4541 1).
2514 4460 2672 4525 Θεὸς,
2695 4463 2728 4513 o'
2749 4463 2890 4525 Θεός
2910 4478 3050 4529 μου,
3067 4461 3327 4527 πρόσχες
3341 4478 3458 4528 μοι,
3477 4461 3630 4514 ἰνατί
3667 4458 4048 4530 ἐγκατέλιπές

873 4564 1043 4618 quare
1070 4549 1156 4602 ille
1183 4549 1413 4602 animam
1452 4561 1605 4603 suam
1635 4547 1919 4618 repulerit;
1970 4556 2029 4601 ut
2076 4550 2120 4603 si
2168 4565 2266 4604 nos
2316 4549 2416 4602 ali-

876 4639 1090 4706 quando
1115 4639 1261 4692 dubii
1297 4654 1599 4708 quaeramus
1639 4654 1806 4709 quare
1835 4639 1976 4694 Deus
2005 4629 2263 4696 Filio'suo
2305 4656 2414 4696 non

876 4729 1135 4795 pepercit,
1160 4729 1250 4781 sed
1289 4728 1507 4782 tradidit
1538 4744 1658 4784 eum
1683 4769 1698 4794 ,
1728 4728 1909 4784 volens
1939 4728 2214 4782 hominum
2243 4731 2414 4784 mani-

878 4819 980 4872 bus
1003 4817 1297 4873 dedititium
1329 4835 1449 4874 esse
1479 4820 1552 4888 (td
1576 4822 1724 4876 enim
1779 4828 1895 4874 erat
1939 4835 2062 4874 eum
2111 4820 2414 4889 relinquere

877 4922 940 4961 ac
965 4907 1270 4976 repellere);
1311 4909 1613 4963 ediscamus
1657 4909 1709 4962 id
1741 4909 1908 4966 nostri
1952 4912 2122 4979 gratia
2148 4910 2304 4978 plane
2343 4909 2415 4965 fa-

872 5004 1042 5060 ctum,
1075 5007 1134 5070 qut
1169 4996 1349 5050 docuit
1374 4997 1662 5066 Apostolus
1695 4999 1778 5053 his
1802 5000 1981 5055 verbis
2010 5019 2023 5054 :
2055 4999 2155 5054 Sed
2186 5016 2280 5069 pro
2320 5015 2414 5052 no—

876 5090 954 5143 bis
975 5088 1263 5143 hominibus
1292 5089 1363 5152 ”',
1384 5099 1443 5142 ut
1473 5089 1620 5149 fieret
1635 5105 1805 5158 agnus
1820 5092 1913 5145 Dei
1936 5099 1989 5144 et
2007 5093 2122 5146 ovis
2139 5091 2412 5146 immolata

876 5193 979 5250 pro
1021 5181 1192 5233 salute
1242 5179 1446 5233 mundi.
1499 5177 1856 5244 Quamobrem
1909 5181 2167 5250 propheta
2200 5193 2413 5249 quoque

874 5265 1086 5322 dicebat
1117 5287 1131 5322 :
1167 5266 1232 5319 Et
1261 5266 1513 5320 Dominus
1546 5266 1758 5319 tradiait
1788 5283 1904 5319 eam
1946 5269 2165 5335 peccatis
2194 5268 2408 5322 nostris.

941 5423 985 5456 ”
1025 5420 1182 5475 Rom.
1214 5438 1331 5486 vm,
1363 5421 1450 5476 32.

952 5537 1019 5606 ⁸1)
1069 5535 1283 5606 Scilicet
1310 5536 1543 5606 ecclesia
1578 5534 1644 5588 ad
1674 5527 1974 5606 sepulcrum
2023 5531 2242 5606 Christi,
2280 5545 2399 5601 quae

873 5600 1360 5673 ao'A'thsnasioin
1395 5607 1615 5673 epistola
1654 5600 1843 5673 synodi
1882 5600 2397 5673 Hierosolymitanae,

873 5690 926 5742 p.
962 5675 1078 5736 199,
1123 5672 1408 5743 μαρτύριον
1430 5663 1525 5725 ἶτοῦ
1568 5663 1830 5743 Σωτῆρος,
1871 5663 2401 5743 ηιατιῃνὶιιῆιᾲεαίοαὲ

876 5740 1031 5804 toris,
1071 5740 1210 5810 apud
1254 5741 1606 5796 Sozomenum
1640 5740 1817 5795 autem
1848 5741 1939 5794 lib.
1980 5757 2037 5802 ιι,
2072 5741 2233 5810 οηεῖ,
2264 5740 2402 5808 μέγα

877 5809 1186 5875 μαρτύριον,
1226 5827 1466 5878 umquam
1507 5814 1814 5875 martyrium
1853 5811 2065 5866 dicitur.
2109 5809 2232 5865 Haec
2261 5824 2402 5863 anno

2508 4563 2616 4617 μσς
2631 4547 2774 4614 λέγει
2800 4547 2854 4598 δὲ
2872 4548 2927 4598 ἐν
2941 4547 3166 4610 τούτοις,
3194 4548 3292 4600 ινα
3315 4549 3394 4610 τί,
3415 4547 3832 4618 ὲρωτηματικῶς
3851 4546 4050 4600 πυνθα-

2513 4638 2730 4708 νόμενος
2759 4638 2823 4689 δι’
2843 4640 2907 4708 ἣν
2939 4638 3113 4690 αἰτίαν
3146 4636 3620 4705 ἐγκαταλέλειπται
3653 4621 3770 4690 ’ὑπὸ
3807 4637 3900 4690 τοῦ
3933 4634 4047 4691 Πα-

2512 4724 2655 4800 τρδς,
2686 4727 2780 4781 καὶ
2817 4729 2954 4780 ίνατί
2995 4727 3247 4782 ἀπώσατο
3289 4727 3450 4780 αὐτοῦ
3477 4727 3574 4797 τὴν
3625 4727 3833 4798 ψυχήν·
3882 4727 3957 4791 ὡς
3981 4725 4050 4781 ἀν

2512 4820 2607 4872 καὶ
2630 4819 2808 4888 ἡμεῖς,
2837 4816 2891 4868 εἰ
2919 4835 3048 4870 ποτε
3086 4819 3428 4889 διαποροῑμεν
3452 4816 3519 4869 δι’
3556 4817 3620 4886 ἢν
3650 4817 3824 4870 αἰτίαν
3856 4818 3885 4870 ό
3917 4817 4049 4880 Θεὸς

2512 4910 2613 4962 τοῦ.
2634 4909 2760 4962 ἰδίου
2788 4907 2917 4960 Υἰοῦ
2954 4909 3050 4961 οὐκ
3085 4908 3353 4978 ἐφείσατο,
3390 4906 3522 4960 ἀλλά
3551 4907 3866 4977 ’παρέδωκεν
3888 4906 4048 4962 αὑτὸν

2513 4998 2740 5069 θελήσας
2773 4997 3076 5068 ὑποχείριον
3103 4996 3405 5069 ἀνθρώποις
3432 4995 3680 5063 γενέσθαι
3705 5012 3719 5027 ⁶
3764 4996 3918 5050 τοῦτο
3940 4995 4056 5069 γάρ

2490 5084 2578 5158 -ῆν
2605 5088 2666 5141 τὺ
2709 5086 3018 5141 καταλιπεῖν
3046 5089 3205 5143 αὐτὸν
3250 5088 3344 5140 καὶ
3389 5084 3735 5140 ἀπώσασθαι·
3771 5086 4055 5157 μανθάνοι-

2515 5193 2632 5246 μεν,
2690 5178 2772 5230 ὅτι
2817 5175 2971 5230 τοῦτο
3031 5177 3169 5247 ὑπὲρ
3213 5175 3367 5246 ἡμῶν
3415 5175 3652 5244 γέγονεν,
3706 5174 4055 5247 ὡςιὲδίδαξεν

2510 5270 2537 5320 ὁ
2592 5267 2901 5322 ’Δπόστολοτ
2947 5266 3110 5320 εἰπών
3131 5284 3144 5296 ·
3189 5267 3348 5321 Ἀλλ’
3389 5266 3536 5336 ὑπὲρ
3571 5265 3738 5335 ἡμῶν
3785 5265 4051 5327 πάντων,

2499 5532 2699 5607 ςίιιυίειί
2721 5535 2826 5592 355
2849 5535 3099 5607 dedicata
3129 5543 3232 5598 est,
3262 5537 3403 5591 unde
3431 5544 3642 5607 tempus
3656 5535 3938 5607 editorum
3971 5533 4044 5607 ab

2502 5603 2733 5660 Eusebio
2757 5606 3263 5660 commentariorum
3303 5603 3557 5670 eruimus
3576 5608 3627 5659 in
3655 5604 4045 5659 Pmliminari-

2503 5674 2794 5800 bumbpuad
2809 5677 2875 5730 de
2903 5692 2958 5732 re
2977 5685 3034 5732 ct
3052 5676 3118 5732 de
3142 5677 3476 5731 mirabilibus
3505 5691 3566 5729 ea
3591 5677 3645 5730 in
3672 5672 3899 5728 ecclesia
3923 5673 4044 5727 edi-

2531 5763 2574 5801 ιε
2602 5763 2616 5799 ι
2663 5763 2678 5799 ι
2710 5763 2758 5801 vn
2799 5762 2842 5804 ο.
