4406 6422
363 457 499 512 1065

1496 457 1989 514 COMMENTARIA
2012 458 2082 511 1N
2123 458 2455 514 PSAIMOS.
2523 465 2527 469 '

3397 466 3529 519 1066

361 571 446 623 ἵνα
475 569 691 639 γένηται
735 571 900 638 ἀμνὸς
948 569 1079 623 Θεοῦ
1129 570 1220 621 καὶ
1269 570 1530 640 πρόδατον
1583 571 1890 639 ἱερουργού-
1918 577 1964 632 Α
1994 569 2101 622 Et!

1791 571 1890 622 ὀύ-
1918 577 1964 632 Α
1994 569 2059 622 Et
2086 571 2166 622 hic
2196 581 2410 638 peccata
2445 579 2624 622 nostra
2658 579 2850 638 portat,
2878 581 2927 624 et
2954 588 3046 639 pro
3074 573 3218 627 nobis
3249 578 3531 634 cruciatur.

361 676 517 728 μενον
547 660 689 730 ὑπὲρ
727 661 824 730 τῆς
855 660 947 712 τοῦ
996 661 1196 728 κόσμου
1231 664 1518 730 σωτηρίας.
1553 662 1751 732 Διόπερ
1783 660 1893 712 ἐλε-

357 764 419 816 γε
453 751 544 801 καὶ
583 750 611 799 6
637 749 916 819 προφήτης
935 766 948 778 ο
977 750 1083 802 Καὶ
1117 751 1326 815 Κύριος
1354 749 1687 816 παρέδωκεν
1712 749 1894 802 αὐτὸν

359 835 482 901 ταῖς
517 839 819 906 ἁμαρτίαις
863 837 1043 904 ἡμῶν.
1099 839 1206 889 Καὶ
1253 834 1428 903 οὗτος
1467 839 1572 902 τὰς
1609 840 1890 906 ἁμαρτίας

357 926 521 993 ἡμῶν
550 927 730 994 φέρει,
757 927 851 978 καὶ
882 927 1010 993 περὶ
1046 927 1208 994 ἡμῶν
1238 925 1532 979 όδυνᾶται.
1575 927 1684 981 Καὶ
1712 929 1890 992 αὐτὸς

356 1014 780 1082 ἑτραυματίσθη
809 1014 904 1066 διὰ
933 1014 1036 1078 τὰς
1063 1002 1342 1082 ἀμὶιρτίας
1372 1013 1556 1081 ήμῶν,
1588 1017 1681 1068 καὶ
1703 1033 1884 1084 μεμα-

357 1102 627 1155 λὰκισται
664 1102 759 1154 διὰ
788 1102 890 1167 τὰς
920 1103 1164 1170 ἀνομίας
1195 1102 1360 1171 ἡμῶν
1379 1119 1392 1132 ⁸
1413 1103 1492 1167 τῷ
1506 1103 1745 1170 μώλωπι
1770 1108 1888 1158 αὑ-

357 1193 460 1245 τοῦ
495 1193 660 1262 ἡμεῖς
695 1191 952 1260 ιάθημεν.
1003 1181 1274 1262 Ἐπιιρέρει
1304 1192 1361 1246 δὲ
1385 1193 1553 1262 λέγων
1585 1196 1640 1246 ἐν
1669 1193 1752 1246 κα⁹
1779 1211 1792 1224 ’
1835 1197 1888 1248 '0

358 1283 520 1348 Θεὸς,
549 1283 900 1351 κεκράξομαι
950 1282 1205 1350 ἡμέρας,
1249 1286 1347 1338 καὶ
1391 1286 1500 1337 οὐκ
1541 1286 1888 1353 εισακούσῃ,

355 1380 450 1432 καὶ
484 1371 718 1443 νὺκτός,
749 1377 844 1432 καὶ
872 1379 978 1429 οὐκ
1014 1380 1100 1442 εἰς
1128 1375 1325 1430 ἄνοιαν
1361 1377 1490 1445 ἐμοί
1513 1394 1523 1404 ·
1571 1378 1664 1429 καὶ
1695 1379 1751 1429 ιν
1779 1382 1889 1441 τοῖς

357 1466 729 1537 προκειμένοις
758 1481 770 1493 ·
841 1463 1258 1531 Ἀποστρέφεις
1301 1465 1364 1516 τὸ
1407 1465 1726 1530 πρόσωπόν
1775 1478 1889 1516 σου

353 1557 453 1609 ἀπ’
485 1556 646 1624 ἐμοῦ.
679 1555 874 1624 Ὅμοια
903 1554 957 1606 δὲ
982 1554 1214 1622 ἡγοῦμαι
1240 1551 1375 1606 εἶναι
1401 1554 1570 1607 ταῦτα
1599 1557 1711 1616 τοῖς
1737 1555 1793 1606 ὲν
1812 1552 1890 1622 τῷ

357 1647 664 1716 Εὑαγγελιῳ
697 1646 840 1716 ἔργῳ
877 1645 1339 1714 τετελειωμένοις,
1371 1645 1496 1697 ἔνθα
1531 1645 1747 1707 διαστὰς
1783 1644 1889 1697 τῶν

1996 661 2062 713 Et
2090 663 2196 728 ipse
2217 661 2513 714 vulneratus
2549 671 2625 714 est
2673 672 2877 729 propter
2908 673 3118 729 peccata
3153 678 3352 731 nostra,
3387 668 3536 736 inﬁr-

1991 761 2164 802 matus
2210 757 2287 801 est
2342 759 2550 816 propter
2596 751 2894 818 iniquitates
2937 763 3181 807 nostras:
3219 757 3377 811 vibice
3419 759 3533 827 ejus

1988 856 2081 891 nos
2103 839 2281 890 sanati
2317 854 2500 890 sumus
2531 839 2572 892 ‘.
2606 839 2662 890 ln
2700 854 2785 892 ut
2817 847 2990 892 autem
3026 841 3324 910 subjungit,
3355 842 3495 898 Deus
3517 883 3533 908 ,

1986 927 2220 980 clamabo
2251 942 2338 993 per
2360 927 2516 993 diem,
2539 937 2588 980 et
2620 944 2721 980 non
2746 927 3012 992 exaudiet;
3033 938 3082 982 et
3104 939 3265 989 nocte.
3281 941 3330 984 et
3349 949 3448 984 non
3465 935 3535 987 ad

1987 1017 2336 1084 insipientiam
2393 1017 2520 1069 mihi
2559 1018 2617 1080 ¹;
2652 1018 2705 1070 in
2741 1019 2984 1087 praesenti
3034 1035 3178 1095 vero,
3213 1022 3412 1075 Avertit
3449 1025 3532 1092 {a-

1988 1109 2115 1160 ciem
2142 1118 2280 1158 tuam
2305 1123 2336 1158 a
2367 1123 2463 1160 me.
2501 1106 2622 1161 Haec
2649 1123 2808 1177 porro
2845 1109 3042 1163 similia
3071 1117 3196 1178 puto
3221 1109 3287 1164 iis
3317 1122 3432 1179 quae
3476 1109 3531 1162 in

1994 1195 2277 1264 Evangelio
2305 1212 2464 1266 opere
2486 1199 2749 1268 completa
2775 1199 3040 1264 feruntur,
3069 1201 3161 1254 ubi
3192 1214 3222 1253 a
3253 1200 3532 1268 discipulis

1997 1296 2268 1352 semotus,
2321 1289 2374 1341 in
2409 1288 2597 1342 faciem
2655 1291 2937 1358 procubuit
2995 1307 3157 1348 orans
3203 1303 3255 1346 et
3304 1292 3527 1346 dicens:

1990 1374 2168 1438 Pater,
2199 1377 2245 1429 si
2277 1377 2521 1443 possibile
2547 1387 2644 1440 est,
2684 1388 2913 1432 transeat
2936 1380 3020 1434 hic
3044 1382 3184 1434 calix
3223 1398 3256 1434 a
3285 1388 3382 1434 nte.
3439 1380 3534 1433 Vc-

1989 1475 2276 1519 rumtamcn
2322 1484 2424 1519 non
2469 1469 2603 1520 sicut
2642 1486 2732 1537 ego
2783 1471 2916 1534 uolo,
2967 1472 3054 1524 sed
3112 1473 3245 1526 sicut
3279 1483 3332 1524 tu
3363 1474 3436 1537 ²·;
3471 1486 3532 1526 ac

1990 1571 2224 1619 rursum,
2255 1556 2434 1622 Pater,
2461 1559 2506 1610 si
2527 1575 2632 1627 non
2658 1569 2821 1625 potest
2849 1561 2931 1612 hic
2957 1565 3201 1627 transire,
3233 1563 3334 1615 nisi
3363 1560 3532 1615 bibam

1989 1645 2157 1708 illum,
2189 1647 2284 1713 ﬁat
2309 1645 2542 1699 voluntas
2578 1657 2667 1699 tua
2690 1649 2729 1700 ³.

357 1739 624 1807 μαθητῶν,
645 1737 832 1789 ἔπεσεν
860 1739 950 1790 ἐπὶ
974 1739 1252 1808 πρόσωπον
1274 1737 1436 1790 αὑτοῦ
1463 1737 1882 1807 προσευχόμενος
1913 1738 2005 1788 καὶ
2037 1737 2230 1804 λέγων’
2271 1736 2476 1804 Πάτερ,
2519 1741 2572 1791 εὶ
2609 1739 2884 1805 δυνατὸν,
2921 1742 3256 1809 παρελθέτω
3314 1738 3382 1795 τό
3427 1749 3532 1794 ποέ

355 1832 552 1900 τήριον
581 1830 752 1883 τοῦτο
791 1832 888 1884 ἀπ’
919 1814 1081 1899 ἐμοῦ.
1111 1831 1282 1898 Πλὴν
1310 1834 1420 1899 οὐχ
1453 1832 1532 1896 ὡς
1593 1831 1706 1900 ἐγὼ
1737 1829 1902 1892 θέλω,
1937 1831 2070 1883 ἀλλ’
2095 1832 2172 1895 ὡς
2197 1832 2275 1884 σύ
2297 1848 2309 1860 ·
2334 1834 2425 1882 καὶ
2447 1831 2602 1884 πάλιν
2625 1850 2636 1862 ·
2666 1832 2877 1901 Πάτερ,
2897 1837 2948 1887 sl
2972 1834 3310 1896 obdurare“
3359 1834 3531 1888 τοῦτο

354 1919 680 1987 παρελθεῖν,
740 1919 845 1970 ἐὰν
880 1918 963 1986 μὴ
1009 1920 1151 1972 αὐτὸ
1197 1922 1328 1984 πίω,
1379 1919 1676 1988 γενηθήτω
1727 1921 1794 1971 τὸ
1857 1917 2080 1987 θέλημά
2111 1935 2222 1971 σου

423 2010 656 2076 Πτωχός
677 2012 790 2078 εἰμι
813 2009 923 2078 ἐγὼ
949 2011 1042 2062 καὶ
1060 2011 1127 2063 ὲν
1147 2011 1351 2075 κόποις
1370 2010 1436 2062 ἐκ
1454 2010 1726 2076 νεότητός
1739 2025 1877 2076 μου·
1913 2018 1953 2071 Β
2051 2007 2157 2060 Ven

1789 2025 1877 2060 ου·
1913 2018 1953 2071 Β
2051 2007 2209 2063 Vens.
2239 2008 2416 2064 l6—l9.
2455 2010 2659 2077 Pauper
2707 2026 2820 2063 sum
2865 2029 2955 2082 ego
2987 2021 3036 2066 et
3075 2013 3128 2066 in
3183 2014 3444 2069 laboribus
3495 2031 3529 2068 a

354 2103 605 2169 ὑψωθεὶς
647 2101 711 2152 δὲ
754 2100 1144 2168 ἑταπεινώθην
1181 2103 1278 2154 καὶ
1322 2099 1713 2168 ὲξηπορήθην.
1760 2099 1880 2152 Ἐπ’
1978 2096 2094 2163 juve

1788 2099 1880 2152 [ἔπ’
1978 2096 2241 2163 juventute
2295 2113 2446 2149 mea:
2500 2097 2758 2152 exaltatus
2808 2109 2977 2153 autem
3007 2101 3306 2154 humiliatus
3332 2117 3447 2154 sum
3478 2099 3528 2155 τε

353 2192 454 2256 ἐμὲ
483 2190 724 2257 διῆλθον
749 2193 806 2242 al
841 2192 1004 2258 όργαι
1025 2207 1159 2252 σου,
1190 2194 1242 2243 ol
1271 2191 1607 2258 φοϐερισμοί
1641 2203 1755 2242 σου
1798 2187 1886 2251 ἐξ·

354 2281 646 2348 ετάραξάν
676 2297 772 2349 με.
821 2280 1202 2334 Ἐκύκλωσάν
1229 2297 1304 2349 με
1332 2281 1411 2346 ὡς
1425 2280 1576 2347 ὕδωρ
1597 2279 1750 2347 ὅλην
1775 2279 1886 2345 τὴν

353 2372 597 2440 ἡμέραν,
631 2371 946 2439 περιέσχον
963 2388 1039 2439 με
1064 2371 1220 2440 ἅμαη
1242 2370 1596 2439 Έμὰκρυνας
1624 2370 1723 2422 ἀπ’
1743 2367 1884 2435 ἐμοῦ

353 2458 531 2525 φίλον
558 2457 655 2510 καὶ
684 2460 966 2526 πλησίον,
997 2459 1092 2511 και
1127 2458 1266 2522 τοὺς
1302 2459 1606 2526 τνωστούς
1634 2473 1749 2524 μου
1770 2454 1884 2508 ἀπὸ

353 2549 764 2616 ταλαιπιιιρίας.
817 2548 926 2600 Καὶ
958 2547 1129 2600 ταῦτα
1158 2550 1185 2600 6
1224 2547 1509 2617 Σύμμαχος
1567 2543 1885 2614 σαφέστερόν

355 2653 470 2696 πως
499 2635 754 2698 ἐξέδωκεν
795 2636 997 2687 εἰπών·
1048 2637 1283 2704 Πτωχὸς
1326 2637 1408 2688 ὢν
1456 2635 1551 2687 καὶ
1601 2634 1888 2687 ἐκλείπων

353 2727 470 2782 ἀπὸ
501 2729 796 2794 νεότητος,
848 2729 1140 2782 ἀνέλαϐον
1187 2730 1292 2780 τὸν
1337 2729 1520 2795 φόϐον
1560 2743 1694 2780 σου.
1736 2729 1889 2794 Πρὸς

353 2821 581 2885 τούτοις
601 2819 673 2874 δι’
695 2819 838 2889 ἐμοῦ
864 2820 1248 2888 παρώδευσαν
1280 2825 1336 2874 αὶ
1364 2821 1526 2888 ὀργαί
1552 2834 1684 2883 σου,
1713 2821 1771 2872 αὶ
1798 2819 1891 2872 ὲκ-

353 2909 603 2978 πλήξεις
625 2925 739 2963 σου
768 2909 1217 2977 κατεσιώπησάν
1243 2928 1336 2978 με.
1373 2909 1698 2978 Περιῆλθόν
1715 2927 1789 2977 με
1814 2911 1893 2976 ὡς

353 3001 559 3064 ὕδατα,
587 2999 791 3054 πᾶσαν
851 2999 963 3068 τὴν
1009 3000 1231 3068 ἡμέραν
1278 2997 1757 3066 περιεκύκλωσάν
1797 3016 1889 3067 με.

353 3095 464 3147 Καὶ
489 3095 517 3145 ό
555 3093 800 3155 Ἀκύλας,
829 3092 945 3144 Ἐπ’
977 3091 1098 3160 ἐμὲ,
1144 3091 1293 3160 φησὶ,
1317 3090 1622 3159 παρῆλθον
1647 3093 1704 3144 al
1733 3090 1896 3158 ὀργαί

354 3198 491 3236 σου.
527 3183 709 3245 Ὅπως
745 3182 800 3234 δὲ
830 3183 1044 3252 πτωχὸς
1072 3179 1137 3252 ἧν
1177 3184 1268 3235 καὶ
1304 3184 1360 3234 ὲν
1385 3183 1572 3246 κόποις
1608 3185 1672 3236 ὲκ
1714 3183 1897 3252 νεότη-

353 3288 476 3336 τος,
500 3270 730 3322 διδάσκει
766 3270 923 3333 αὐτὸς
950 3273 1005 3322 ὲν
1030 3274 1138 3341 τοῖς
1179 3269 1520 3337 Εὑαγγελίοις
1553 3271 1677 3340 περὶ
1708 3268 1895 3322 ἑαυτοῦ
1929 3325 1937 3331 ,

1982 2186 2272 2252 perplexas.
2309 2185 2465 2240 lnme
2512 2190 2823 2242 transierunt
2859 2191 2950 2243 ira:
2994 2199 3091 2244 tute
3120 2230 3136 2253 ,
3181 2200 3394 2244 terrores
3456 2172 3531 2244 tu‘

1983 2273 2409 2326 conturbauerunt
2456 2292 2554 2330 me.
2606 2276 3060 2331 Circumdederunt
3100 2295 3178 2332 me
3213 2280 3346 2331 sicut
3396 2294 3533 2348 aqua

1985 2372 2092 2414 tota
2138 2364 2255 2427 die,
2303 2354 2749 2420 circumdederunt
2799 2384 2878 2421 me
2939 2369 3114 2421 simul.
3185 2367 3457 2438 Elongasti
3497 2387 3526 2421 α

1985 2467 2063 2503 me
2115 2453 2338 2504 amicum
2379 2464 2431 2506 et
2485 2457 2817 2522 proximum,
2872 2464 2922 2509 et
2985 2465 3130 2510 notos
3172 2473 3308 2510 meos
3353 2473 3384 2509 a
3436 2458 3505 2510 uti

1984 2543 2137 2595 seria.
2193 2541 2314 2597 Haec
2362 2545 2558 2599 clarius
2590 2544 2943 2615 Symmachus
2981 2546 3149 2600 edidit
3179 2547 3263 2602 his
3311 2547 3527 2602 verbis:

1987 2632 2189 2700 Pauper
2217 2649 2332 2685 cum
2360 2635 2458 2687 sint
2503 2646 2551 2688 et
2609 2635 2851 2703 deﬁciens
2898 2652 2931 2688 a
2965 2636 3232 2704 jubentute
3259 2676 3274 2699 ,
3331 2639 3533 2706 suscepi

1990 2723 2223 2775 timorem
2254 2731 2418 2775 tuum.
2458 2723 2540 2774 Ad
2574 2723 2681 2774 htec
2731 2737 2822 2790 per
2868 2739 2946 2774 me
2981 2733 3400 2790 praetermearunt
3437 2727 3533 2780 ire

1989 2819 2090 2865 tua:
2109 2851 2123 2874 ,
2168 2820 2387 2863 terrores
2412 2811 2488 2862 tui
2521 2819 2690 2863 tacere
2707 2826 2784 2863 me
2805 2810 3053 2878 fecerunt.
3075 2811 3532 2868 Circumvetterunt

1991 2918 2069 2954 me
2104 2902 2237 2954 sicut
2266 2917 2433 2970 aquae,
2477 2909 2584 2954 tota
2612 2902 2694 2954 die
2725 2900 3168 2955 circumdederunt
3197 2919 3293 2956 me.
3339 2903 3530 2973 Aquila

1993 3007 2138 3055 vero,
2165 2992 2330 3060 Super
2354 3009 2451 3057 me,
2483 2991 2674 3063 inquit,
2697 2995 3056 3061 preterierunt
3085 2995 3178 3049 ira
3225 3004 3345 3048 tuae.
3395 2995 3534 3060 Quo‘

1995 3081 2151 3134 modo
2177 3091 2354 3135 autem
2381 3096 2581 3150 pauper
2617 3080 2783 3133 fuerit
2805 3091 2857 3135 et
2884 3082 2939 3135 in
2963 3082 3239 3137 laboribus
3268 3096 3298 3135 a
3340 3083 3543 3150 juven-_

1995 3177 2127 3233 tute,
2162 3170 2318 3224 docet
2347 3171 2462 3239 ipse
2492 3172 2572 3225 ‘in
2615 3170 2917 3241 Evangeliis
2965 3172 3032 3226 de
3068 3187 3125 3225 se
3178 3171 3403 3241 loquens
3449 3172 3533 3228 his

1998 3269 2212 3322 verbis:
2257 3267 2454 3322 Discite
2510 3286 2542 3323 a
2592 3286 2670 3323 me
2719 3270 2842 3339 quia
2891 3271 3034 3324 mitis
3063 3287 3178 3324 sum
3229 3272 3279 3323 et
3323 3269 3534 3325 humilis

354 3357 526 3425 λέγων
547 3373 559 3388 ·
598 3357 822 3412 Μάθετε
852 3359 950 3412 ἀπ’
984 3358 1147 3427 ἐμοῦ,
1180 3358 1266 3409 ὅτι
1299 3357 1486 3425 πρᾶός
1523 3360 1637 3428 ειμι
1671 3360 1766 3411 καὶ
1792 3374 1891 3408 τα-
1921 3352 1963 3408 C
1986 3375 2094 3412 cori

1794 3374 1891 3408 τα-
1921 3352 1963 3408 C
1986 3359 2146 3412 corde
2185 3358 2224 3408 ⁸.
2259 3358 2545 3426 Apostolus
2570 3359 2696 3412 item
2725 3358 2802 3411 ait
2831 3377 2844 3413 :
2880 3358 2984 3424 Qui
3009 3375 3127 3412 cum
3149 3362 3201 3413 in
3239 3360 3408 3428 [arma
3437 3361 3534 3416 Dei

355 3450 557 3514 πεινὸς
601 3448 674 3516 τῇ
711 3449 940 3515 καρδίᾳ.
985 3450 1093 3501 Καὶ
1137 3450 1164 3500 6
1210 3449 1517 3511 Ἀπόστολός
1550 3465 1707 3519 φησιν
1732 3465 1744 3477 ·
1797 3450 1892 3512 Ὃς
1995 3464 2095 3501 esse

1797 3450 1892 3512 ’ος
1995 3456 2144 3510 esset,
2176 3463 2276 3500 non
2311 3448 2551 3515 rapinam
2587 3446 2874 3500 arbitratus
2919 3456 2995 3500 est
3029 3464 3140 3521 esse
3180 3465 3233 3502 se
3286 3449 3533 3518 aqualem

354 3540 426 3590 ἐν
441 3536 638 3606 μορφῇ
670 3539 811 3591 Θεοῦ
841 3537 1138 3605 ὑπάρχων,
1167 3540 1277 3606 οὺχ
1303 3539 1609 3607 ἁρπαγμόν
1629 3536 1893 3606 ἡγήσατο
1991 3536 2094 3589 Deo

1803 3554 1893 3590 sto
1991 3536 2098 3589 Deo
2116 3577 2129 3600 ,
2169 3537 2257 3591 sed
2277 3539 2604 3604 semetipsum
2631 3538 2909 3591 exinanirit
2928 3539 2986 3602 ';
3015 3538 3088 3592 ita
3114 3548 3171 3592 ut
3191 3541 3543 3617 perSpicuum'

355 3625 506 3681 εἷναι
546 3628 649 3680 ἴσα
673 3627 810 3691 Θεῷ,
838 3627 972 3680 ἀλλ’
997 3628 1211 3679 ἑαυτὸν
1235 3626 1528 3680 ἐκένωσεν
1546 3644 1559 3657 ο
1594 3627 1731 3680 ὥστε
1758 3619 1892 3681 εἶναι

360 3719 526 3786 σαφὲς
576 3716 690 3780 πῶς
751 3719 962 3788 εἴρηται
1013 3719 1162 3789 παρὰ
1209 3721 1321 3780 τοῖς
1382 3718 1774 3790 Ἐὁδομήκοντα
1813 3723 1891 3785 τὸ,

356 3808 596 3876 Πτωχός
619 3811 732 3876 ειμι
762 3807 875 3876 ἐγὼ
897 3809 992 3863 καὶ
1022 3810 1090 3860 ἐν
1118 3809 1323 3874 κόποις
1359 3809 1426 3862 ἐκ
1455 3812 1731 3878 νεότητός
1753 3829 1891 3880 μου.

370 3901 507 3953 Ἀλλ’
536 3903 593 3954 ὲν
634 3902 728 3971 μὲν
770 3903 835 3970 τῇ
877 3901 1082 3969 νεότητι
1120 3900 1302 3964 αὑτοῦ,
1341 3901 1432 3953 καί
1469 3901 1638 3963 ἄλλως
1670 3903 1774 3955 ὑπὸ
1804 3902 1895 3955 τὸν

357 3991 704 4065 νομιζόμενον
726 3991 932 4060 πατέρα
955 3990 1043 4043 τὸν
1074 3990 1290 4059 Ἰωσὴφ,
1319 3991 1412 4043 καὶ
1439 3992 1537 4062 τὴν
1559 3991 1697 4044 κατὰ
1723 3994 1895 4063 σάρκα

359 4082 571 4153 μητέρα
602 4084 949 4154 τρεφόμενος,
973 4083 1182 4152 πτωχὸς
1213 4078 1279 4151 ἦν
1309 4084 1364 4134 ὲν
1390 4086 1620 4151 πτωχοῖς
1643 4101 1656 4114 ·
1690 4085 1781 4136 καὶ
1805 4084 1894 4136 τὸν

356 4167 514 4228 ἄλλον
539 4174 595 4226 δὲ
618 4174 780 4227 αὐτοῦ
818 4175 930 4244 βίον
966 4174 1213 4235 πλούσιος
1238 4172 1332 4236 ὣν,
1360 4173 1426 4225 δι’
1455 4176 1598 4244 ἡμᾶς
1627 4173 1895 4244 ἐπτώχευο
1917 4181 1929 4190 ⁸

359 4254 663 4328 σεν,’ὂπω;
699 4267 855 4334 ἡμεῖς
900 4267 965 4334 τῇ
999 4263 1157 4316 αὑτοῦ
1208 4265 1446 4335 πτωχείᾳ
1494 4264 1891 4335 πλουτήσωμεν.

360 4356 491 4407 Ὅτε
531 4354 588 4405 δὲ
642 4354 822 4406 λοιπὸν
864 4351 1296 4424 παραδοξοποιῶν
1337 4355 1430 4407 καὶ
1469 4354 1602 4407 Θεοῦ
1645 4354 1895 4426 δυνάμεις

359 4445 662 4508 ἀποτελῶν,
710 4444 895 4514 ὑψώθη
932 4461 990 4496 τε
1058 4447 1149 4498 καὶ
1179 4445 1265 4499 διὰ
1307 4445 1400 4498 τοῦ
1443 4446 1644 4509 πάθους
1671 4447 1898 4515 ὑψωθεὶς

358 4534 712 4606 ἐταπεινώθη.
743 4538 816 4588 Δι’
863 4537 891 4589 ὂ
925 4537 1103 4606 ἔλεγεν
1125 4553 1138 4567 ·
1186 4539 1405 4605 ’Ὠσπερ
1441 4537 1660 4605 Μωσῆς
1693 4539 1900 4605 ὒψωοε

358 4624 638 4693 τὸνῶφιν
667 4626 736 4678 ἐν
763 4624 834 4692 τῇ
865 4623 1075 4694 ἐρήμῳ,
1119 4626 1302 4690 οὕτως
1334 4625 1643 4694 ὑψωθῆναι
1678 4625 1770 4678 δεῖ
1796 4625 1902 4678 τὸν

1990 3629 2060 3681 sit
2073 3644 2176 3697 qua
2194 3628 2260 3684 de
2269 3644 2432 3683 causa
2446 3629 2584 3698 apud
2598 3628 2736 3683 LXX
2753 3629 3073 3699 lnterpretes
3086 3629 3534 3701 dicatur,Pauper

1990 3737 2106 3775 sunt
2126 3739 2217 3792 ego
2246 3730 2295 3776 et
2323 3723 2376 3774 in
2406 3722 2670 3776 laboribus
2720 3743 2754 3775 α
2773 3724 3040 3792 juventute
3086 3737 3217 3777 mea.
3252 3724 3446 3787 Verum
3477 3726 3534 3781 in

1987 3809 2268 3879 iuventute
2297 3825 2416 3875 sua,
2449 3826 2573 3865 cum
2606 3813 2844 3881 alioquin
2879 3827 2908 3865 a
2936 3812 3188 3881 Josepho,
3252 3816 3344 3883 qui
3384 3823 3536 3884 pater

1990 3899 2107 3968 ejus
2129 3914 2250 3954 esse
2284 3901 2593 3969 putabatur,
2617 3909 2671 3956 et
2700 3917 2730 3954 a
2762 3909 2930 3956 matre
2964 3917 3059 3957 sua
3093 3905 3386 3958 secundum
3415 3919 3536 3959 car-

1991 4005 2135 4050 nem.
2165 3989 2501 4049 educaretur,
2535 4006 2738 4059 pauper
2785 3991 2926 4044 inter
2982 4001 3439 4062 pauperes-erat;
3482 4003 3537 4051 et

1993 4095 2115 4134 cum
2144 4081 2435 4134 secundum
2467 4081 2623 4134 aliam
2649 4082 2810 4134 vitam
2832 4096 2982 4146 suam
3011 4083 3160 4137 dives
3184 4093 3347 4149 esset,
3365 4087 3535 4141 nostri

1994 4185 2156 4224 causa
2198 4171 2352 4239 inops
2380 4169 2600 4224 eﬂ'ectus
2625 4179 2728 4232 est,
2761 4181 2819 4224 ut
2850 4186 2948 4226 nos
2977 4171 3096 4240 ejus
3129 4173 3310 4243 inopia
3341 4176 3534 4231 divites

1993 4275 2254 4316 essemus.
2283 4260 2416 4316 Cum
2447 4275 2606 4330 porro
2638 4260 2854 4314 demum
2895 4261 3136 4332 prodigia
3161 4271 3214 4317 et
3242 4262 3333 4318 Dei
3367 4265 3536 4319 virtu-

1995 4360 2074 4404 tes
2101 4350 2286 4411 edens.
2320 4350 2585 4404 exaltatus
2603 4357 2779 4419 gest,et
2806 4365 2901 4420 per
2922 4351 3224 4419 passionem
3258 4367 3408 4407 suam
3429 4354 3536 4407 ele-

1995 4449 2172 4504 vatus,
2200 4441 2510 4496 humiliatus
2539 4448 2642 4494 est.
2673 4439 2851 4505 Quare
2870 4441 3079 4494 dicebat
3111 4461 3124 4495 :
3156 4441 3301 4495 Sicut
3329 4441 3533 4511 κοντα

1995 4528 2248 4582 exaltabit
2296 4539 2580 4597 serpentem
2620 4531 2675 4582 in
2705 4529 2927 4593 deserto,
2959 4531 3035 4582 ita
3082 4531 3306 4583 exaltari
3339 4541 3534 4618 oporte‘t

1999 4613 2197 4668 Filium
2223 4617 2446 4670 hominis
2466 4618 2520 4684 ⁶;
2553 4633 2614 4670 ac
2637 4633 2876 4687 rursum,
2901 4618 3031 4672 Cum
3058 4619 3410 4674 exaltaroritis
3442 4613 3536 4674 Fil-

370 4715 505 4767 Υὶὸν
530 4716 632 4769 τοῦ
659 4716 965 4784 ἀνθρώπου
989 4734 1000 4745 ·
1040 4717 1132 4770 καὶ
1162 4717 1318 4770 πάλιν
1349 4733 1363 4747 ⁸
1411 4717 1584 4770 Ὅταν
1618 4717 1898 4784 ὑψώσητε
1929 4735 1970 4789 ι)
1999 4705 2110 4757 “ut!

1794 4732 1898 4784 ητε
1929 4735 1970 4789 D
1999 4705 2124 4757 lium
2167 4705 2409 4770 hominis,
2463 4715 2582 4759 tunc
2625 4709 2941 4773 cognoscetis
2989 4710 3111 4776 quia
3142 4724 3233 4778 ego
3286 4711 3434 4775 unt';
3479 4712 3534 4766 in

360 4805 468 4857 τὸν
505 4806 638 4858 Υιὸν
668 4807 772 4860 τοῦ
799 4806 1124 4874 ἀνθρώπου,
1166 4809 1292 4859 τότε
1321 4807 1640 4876 γνώσεσθε,
1669 4807 1759 4859 ὅτι
1788 4807 1902 4875 ἐγώ

359 4897 476 4961 ειμι
502 4909 515 4924 ⁸
561 4897 653 4948 καὶ
687 4898 741 4949 ὲν
779 4897 854 4966 τῷ
893 4897 1228 4967 προκειμένῳ
1257 4913 1269 4926 ·
1332 4897 1613 4967 Ὑψωθεὶς
1658 4896 1727 4948 δὲ
1766 4898 1896 4950 ἐτα-

361 4983 654 5052 πεινώθην
688 4987 786 5039 καὶ
820 4965 1214 5054 ἐξηπορήθην.
1263 4985 1334 5036 Τὸ
1363 4965 1442 5047 δὲ,
1470 4987 1548 5036 Δι’
1586 4986 1729 5053 ἐμοῦ
1752 5000 1898 5054 παρ-

358 5074 632 5128 ώδευσαν
673 5080 731 5130 at
789 5078 956 5146 ὀργαί
989 5092 1136 5137 σου,
1184 5075 1321 5130 κατὰ
1370 5076 1460 5127 τὸν
1513 5075 1820 5145 Σύμμαχον,
1863 5077 1896 5147 ῆ

361 5165 502 5220 κατὰ
537 5165 625 5216 τὸν
677 5167 899 5221 Ἀκύλαν
925 5185 937 5198 ·
986 5169 1107 5237 Ἐπ’
1145 5167 1247 5236 ἐμὲ
1292 5166 1598 5235 παρῆλθον
1623 5170 1682 5218 al
1725 5169 1890 5235 όργτιι

361 5271 500 5318 σου,
529 5255 561 5324 ἢ
591 5255 729 5307 κατὰ
758 5259 883 5320 τοὺς
920 5259 1334 5329 Ἐὁδομήκοντα,
1379 5259 1501 5312 Ἐπ’
1519 5258 1622 5327 ἐμὲ
1652 5257 1899 5325 διῆλθον

362 5351 422 5402 al
453 5347 618 5417 ὀρταλ
641 5362 777 5409 σου,
815 5348 996 5416 σαφῶς
1023 5351 1365 5422 παρίστησιν,
1401 5352 1483 5403 ὅτι
1507 5351 1605 5402 οὐκ
1635 5353 1713 5412 εις
1736 5351 1896 5405 αὑτὸν

363 5439 695 5512 ἐπέσκηψαν,
730 5438 862 5492 ἀλλὰ
903 5439 967 5491 δι’
1002 5438 1163 5494 αὐτοῦ
1210 5441 1477 5513 παρῆλθον
1501 5459 1516 5473 ο
1566 5443 1659 5494 καὶ
1701 5442 1779 5494 δτι
1823 5443 1896 5513 μὴ

363 5533 614 5603 ἔστησαν,
643 5529 774 5583 ἀλλὰ
804 5529 1031 5600 διῆλθον.
1066 5531 1137 5582 Τὸ
1165 5530 1242 5596 δὲ,
1265 5532 1625 5601 ἐξετὰραξάν
1640 5549 1736 5602 με,
1760 5535 1900 5587 κατὰ

363 5630 490 5688 τοὺς
521 5624 930 5693 Ἐὗδομήκοντα,
964 5619 1144 5690 ὅμοιόν
1162 5621 1276 5696 tam
1302 5623 1378 5695 τῷ
1412 5624 1682 5695 εἰρημένῳ
1709 5625 1767 5676 ἐν
1791 5627 1900 5687 τοῖς

1999 4797 2244 4864 praesenti
2277 4810 2403 4849 vero
2430 4797 2521 4858 ait,
2542 4794 2822 4849 Exaltatus
2863 4807 3056 4862 autem,
3083 4799 3390 4855 humiliatus
3419 4817 3536 4856 sum

1997 4895 2058 4947 et
2086 4881 2373 4953 perplexu's.
2419 4885 2554 4938 Illud
2593 4894 2799 4950 autem,
2836 4886 2939 4941 Per
2990 4907 3070 4943 me
3111 4901 3534 4959 pratermearunt

1998 4979 2092 5030 ires
2147 4985 2271 5038 tuae,
2325 4975 2619 5030 secundum
2672 4975 3086 5048 Symmachum;
3117 4985 3199 5037 vel
3240 4985 3547 5058 secundum

1998 5065 2264 5134 Aquilam,
2300 5063 2464 5131 Super
2485 5083 2563 5120 me
2583 5069 2942 5136 praeterierunt
2966 5072 3058 5126 ira:
3083 5085 3206 5138 tute,
3231 5074 3312 5128 vel
3339 5089 3536 5129 secun-

1997 5156 2123 5209 dum
2154 5152 2313 5217 LXX,
2351 5153 2417 5208 In
2439 5173 2519 5210 nte
2544 5159 2863 5221 transierunt
2897 5161 2991 5215 ira
3017 5171 3138 5225 tua,
3167 5163 3308 5216 clare
3329 5162 3538 5218 denun-

2002 5249 2117 5310 tiat,
2154 5260 2258 5300 non
2303 5247 2366 5299 in.
2390 5247 2483 5301 illo
2541 5251 2869 5314 constitisse,
2905 5254 2996 5306 sed
3047 5267 3138 5320 per
3180 5267 3300 5305 eum
3321 5264 3540 5321 preter-

2002 5335 2157 5400 iisse;
2229 5349 2404 5405 neque
2438 5340 2672 5404 stetisse,
2707 5338 2799 5393 sed
2835 5341 3133 5394 transiisse.
3170 5340 3300 5394 lllud
3335 5349 3535 5408 autem,

2001 5426 2430 5480 conturbauerunt
2464 5445 2563 5492 me,
2603 5429 2903 5484 secundum
2947 5427 3107 5491 LXX,
3141 5429 3268 5482 huic
3297 5429 3540 5502 Evange-

2004 5517 2196 5571 liorum
2236 5515 2382 5570 dicto
2416 5518 2596 5580 simile
2636 5529 2722 5574 est
2753 5537 2768 5573 :
2796 5518 2950 5574 Nunc
2978 5520 3154 5572 anima
3178 5536 3290 5573 mea
3325 5522 3539 5598 turbgta

2002 5619 2077 5662 est
2094 5609 2146 5672 ’ς
2169 5614 2240 5673 et,
2289 5607 2480 5662 Tristis
2506 5619 2581 5663 est
2605 5611 2780 5664 anima
2799 5626 2910 5662 mea
2934 5626 3091 5679 usque
3111 5609 3178 5662 ad
3201 5619 3439 5665 mortem.
3461 5621 3538 5669 :et

438 5769 457 5801 ¹
496 5766 598 5837 lsa.
632 5779 762 5826 LIII,
798 5763 931 5837 3-a_
968 5765 986 5790 ‘
1025 5759 1166 5837 fsal,
1204 5776 1328 5825 ut,
1363 5764 1416 5818 5.
1443 5766 1534 5837 u"
1572 5763 1756 5837 Matth.
1795 5781 1952 5829 xxvi,
1988 5767 2076 5820 39.
2153 5767 2172 5798 ³

1799 5781 1952 5829 XXVI,
1988 5767 2076 5820 39.
2153 5767 2172 5798 ³
2209 5766 2337 5820 ibid.
2376 5764 2464 5819 42.
2539 5767 2560 5797 ⁵
2599 5767 2786 5824 Matth.
2823 5783 2904 5832 ιι,
2937 5767 3028 5823 29.
3102 5767 3124 5800 ⁸
3162 5765 3357 5837 Philip.
3399 5770 3539 5836 ",6.

367 5837 422 5896 ῗ,
495 5838 516 5870 ⁸
551 5833 705 5892 Joan.
741 5848 835 5896 III,
874 5832 956 5885 lt.
1029 5831 1048 5861 '
1084 5829 1237 5884 Joan.
1274 5848 1404 5899 vui,
1437 5833 1523 5890 28.
1598 5837 1618 5867 ⁸
1656 5834 1810 5890 Joan.
1847 5852 1955 5904 xu,
1988 5837 2076 5890 ‘27.

1029 5831 1048 5861 '
1084 5829 1237 5884 Joan.
1274 5848 1404 5899 vm,
1437 5833 1523 5890 28.
1598 5837 1618 5867 ⁸
1656 5834 1810 5890 Joan.
1847 5852 1955 5904 xu,
1988 5837 2076 5890 ‘27.
2152 5837 2173 5868 ’
2213 5837 2399 5891 Matii.
2435 5851 2553 5890 XXVI
2582 5877 2595 5901 ,
2633 5839 2718 5890 58.

641 5930 906 5989 Ρλτιιοι..
940 5927 1053 5987 (in.
1101 5925 1335 5988 XXIII.

3196 5929 3332 6010 δι’
