4406 6468
820 425 959 484 1067

1519 427 1789 486 susssu
1816 399 2297 488 cussmsusis
2334 428 2702 521 oremus
2742 434 2830 492 ιιι.
2873 468 2941 478 -
2971 437 3392 496 EXEGETICA.

3927 446 4061 506 i068

789 553 1013 622 caetera
1061 561 1275 617 quoque
1323 546 1622 602 secundum
1659 549 1943 605 historiam
1992 534 2389 619 implebantur,
2421 560 2467 616 Α
2495 553 2529 605 Ε

2317 567 2389 617 1r,
2421 560 2467 616 Α
2495 553 2845 623 Εὐαγγελίοις
2877 573 2890 586 ·
2932 557 3062 610 Νῦν
3087 558 3125 624 ἡ
3164 558 3337 627 ψυχιὶ
3376 577 3497 628 μου
3536 563 3903 631 τετάρακται,
3947 566 4057 618 uolo

819 657 942 696 cum
974 656 1039 696 eo
1076 641 1262 696 relicto
1291 641 1520 712 apostoli
1573 643 1984 705 abscesserunt,
2015 643 2208 699 Petrus
2262 659 2391 700 vero

818 738 903 790 ter
926 733 1138 798 negavit
1166 746 1312 786 eum.
1347 730 1412 785 Et
1442 732 1546 785 alia
1573 747 1792 802 quoque
1819 735 2029 788 ratione
2062 734 2176 790 haec
2209 736 2391 790 omnia

818 821 1049 885 dicebat,
1097 822 1328 876 aliorum
1379 822 1521 875 mala
1577 823 1683 877 sibi
1713 831 1772 878 ut
1805 827 2027 896 propria
2085 827 2389 895 ascribens,

815 912 1063 967 videlicet
1112 902 1406 982 proditoris
1437 911 1589 967 Iudae
1622 916 1944 984 perniciem,
1977 918 2391 988 totiusque“-

814 1004 983 1061 daicaa
1009 1006 1188 1077 gentis
1219 1005 1436 1061 ruinam
1462 1026 1473 1060 :
1497 1007 1565 1062 de
1599 1009 1819 1078 quibus,
1855 1013 2013 1080 quasi
2035 1011 2102 1067 de
2133 1013 2259 1070 filiis
2289 1014 2390 1068 im-

811 1099 1018 1169 probis,
1048 1098 1353 1167 iniquitatis
1404 1113 1518 1154 sua’:
1568 1114 1736 1156 causa
1799 1104 2177 1172 pereuntibus,
2200 1105 2388 1160 ~vehe-

811 1189 980 1244 menti
1038 1188 1407 1245 miserationis
1435 1198 1491 1246 et
1535 1191 1891 1250 humanitatis
1951 1194 2146 1251 affectu
2199 1213 2385 1252 eorum

813 1282 955 1336 mala
994 1281 1062 1336 ad
1099 1296 1390 1352 personam
1435 1283 1714 1352 propriam
1748 1283 2016 1351 referens,
2059 1286 2386 1358 ingemisce-

809 1373 923 1430 bat.
977 1372 1036 1428 ld
1082 1388 1248 1443 porro
1277 1373 1548 1444 intelligas
1586 1375 1632 1432 si
1663 1376 1750 1431 his
1779 1377 2056 1448 propheta:
2082 1380 2262 1434 verbis
2301 1387 2384 1433 at-

806 1465 999 1520 tendas
1027 1483 1040 1519 :
1063 1463 1167 1519 Hic
1194 1474 1409 1535 peccata
1433 1475 1618 1521 nostra
1657 1477 1856 1535 portat,
1885 1471 1938 1523 et
1962 1470 2236 1538 pro-nobis
2255 1487 2384 1524 eru-

806 1558 981 1611 ciatur
1000 1559 1063 1610 ¹⁰.
1084 1556 1266 1624 Quare
1278 1573 1465 1614 eorum
1478 1560 1652 1628 gratia
1664 1558 1852 1615 dolore
1863 1560 2090 1617 affectus
2111 1563 2380 1617 exclama-

805 1649 898 1725 bat
923 1649 1111 1704 dicens
1145 1669 1158 1703 :
1195 1647 1260 1703 In
1295 1665 1376 1703 me
1420 1651 1745 1704 transierunt
1773 1653 1867 1706 ira:
1894 1660 2017 1713 tum,
2050 1661 2276 1708 terrores
2301 1655 2379 1707 tui

804 1739 1241 1796 conturbauerunt
1269 1757 1369 1795 me.
1394 1738 1627 1796 Videbat
1657 1742 1801 1796 enim
1829 1753 1940 1797 non
1965 1743 2038 1797 ita
2065 1744 2236 1798 multo
2258 1752 2382 1814 post

802 1838 1087 1886 venturam
1135 1830 1295 1897 iram,
1333 1845 1456 1900 qua:
1504 1829 1691 1884 omnia
1725 1829 1835 1886 illis
1865 1839 2099 1900 augusta
2134 1841 2188 1886 et
2218 1848 2379 1888 vene-

2499 646 2852 713 Περίλυπός
2872 647 3045 701 ἐστιν
3067 648 3105 713 ἡ
3145 649 3309 725 Ψυχή
3336 667 3459 718 μου
3491 651 3602 718 ἕως
3636 653 3894 709 θανάτου
3919 670 3932 683 ⁸
3969 655 4060 709 καὶ

2496 734 2564 788 τὰ
2597 735 2756 788 λοιπὰ
2780 735 2837 789 δὲ
2870 736 3011 790 κατὰ
3041 737 3139 809 τὴν
3169 737 3408 808 ἱστορίαν
3437 739 3755 812 ἐπληροῦτο,
3779 742 3870 795 ὅτε
3898 760 4060 797 κατα-

2497 825 2745 888 λιπόντες
2767 827 2926 880 αύτὸν
2946 829 2997 880 οἱ
3037 827 3325 881 ἀπόστολοι
3354 829 3558 900 ᾤχοντο
3577 848 3591 862 ·
3614 833 3642 885 ὁ
3664 831 3720 885 δὲ
3749 833 3955 905 Πέτρος
3971 835 4060 887 καὶ

2496 915 2674 986 τρίτον
2710 915 2873 970 αὑτὸν
2917 918 3212 989 ἠρνήσατο.
3259 919 3368 972 Καὶ
3415 920 3588 986 ἄλλως
3629 921 3686 975 δὲ
3730 921 3802 975 τὰ
3844 923 4060 994 προκεί-

2499 1024 2635 1077 μενα
2678 1007 2893 1062 ἅπαντα
2931 1009 3182 1077 ’ἔφασκεν
3205 1051 3217 1074 ,
3278 1000 3705 1083 ’ίδιοποιούμενος
3744 1013 3813 1068 τά
3863 1015 4059 1085 ἐτέρων

2496 1099 2671 1152 κακά·
2711 1098 2854 1168 λέγω
2888 1099 2946 1152 δὲ
2985 1099 3080 1153 τοῦ
3112 1103 3372 1172 προδότου
3416 1103 3586 1158 Ἰούδα
3628 1087 3727 1176 τὴν
3765 1104 4057 1168 ἀπώλειαν,

2494 1188 2587 1242 καὶ
2606 1188 2701 1242 τοῦ
2723 1189 2922 1252 παντὸς
2959 1189 3225 1244 Ἰουδαίων
3251 1191 3436 1257 ἔθνους
3468 1194 3566 1264 τὴν
3592 1194 3907 1249 ἀπόπτωσιν
3925 1214 3939 1226 '
3977 1198 4060 1268 ἐφ’

2491 1273 2573 1342 οἷς
2602 1277 2670 1330 δι’
2701 1278 3006 1348 ὑπερϐολὴν
3040 1280 3442 1353 εὐσπλαγχνίας
3494 1286 3588 1338 καὶ
3634 1286 4058 1360 φιλανθρωπίαν

2489 1368 2565 1432 ὡς
2585 1370 2815 1438 ἐφύίοῖς
2833 1373 3106 1441 πονηροῖς,
3123 1372 3212 1425 διά
3223 1375 3322 1437 τὰς
3332 1375 3512 1453 αὐτῶν
3538 1377 3736 1441 κακίας
3755 1377 3956 1431 ἀπολλυ
3965 1379 4060 1453 μέ-

2489 1474 2620 1521 νοις,
2638 1456 2806 1516 ταῦτα
2819 1462 2898 1522 είς
2910 1459 3100 1513 ἐαυτοῦ
3117 1463 3404 1532 πρόσωπον
3416 1463 3834 1535 ἀναλαμϐάνων,
3849 1467 4062 1521 ἀπωδύ-

2490 1567 2632 1620 ρετο.
2653 1551 2764 1623 Nai}
2773 1569 2886 1615 σεις
2900 1551 3124 1606 δὲτοῦτο
3149 1554 3447 1627 ἐπιστήσας
3460 1556 3537 1610 τῶ
3552 1557 3764 1626 λέγοντι
3782 1561 4056 1631 προφήτῃ’
4085 1630 4087 1633 ι

2497 1638 2692 1709 Οὗτος
2730 1642 2838 1708 τὰς
2865 1643 3154 1712 ἁμαρτίας
3183 1641 3351 1712 ἡμῖν
3375 1643 3558 1714 φέρει,
3609 1647 3709 1700 καὶ
3739 1649 3871 1716 περὶ
3894 1648 4063 1719 ἡμῶν

2487 1732 2789 1789 όδυνᾶται.
2829 1734 2922 1786 Διὸ
2955 1733 3093 1805 ὑπὲρ
3132 1734 3312 1789 αὐτῶν
3348 1735 3680 1808 ὀδυνώμενος
3702 1739 3830 1791 ἐϐόα
3849 1739 4059 1809 λέγων’

2498 1825 2614 1878 Ἐπ’
2641 1824 2747 1894 ἐμὲ
2772 1819 3035 1893 ’διῆλθον
3085 1829 3146 1881 αὶ
3188 1829 3357 1897 ὀργαί
3391 1841 3508 1882 σου
3540 1870 3555 1896 ,
3611 1830 3665 1882 οι
3711 1832 4063 1902 φοϐερισμοι

801 1923 971 1985 randa
1011 1922 1078 1979 de
1109 1922 1291 1978 medio
1337 1922 1594 1988 sustulit;
1630 1921 1703 1974 ita
1735 1928 1797 1976 ut
1842 1920 2044 1976 Sancta
2071 1930 2386 1979 sanctorum
2418 1927 2541 1995 Βεσε

2317 1938 2386 1976 Im
2418 1927 2603 1995 Βεσου
2657 1918 3024 1988 ἐξετάραξάν
3054 1925 3151 1991 με.
3212 1921 3388 1995 Ἐώρα
3429 1922 3537 1995 γὰρ
3574 1921 3672 1995 τὴν
3709 1924 3811 1979 οὐκ
3836 1927 3916 1990 εἰς
3951 1943 4057 1996 μα-

797 2023 852 2072 et
890 2015 1061 2071 altare
1101 2028 1134 2068 a
1178 2011 1550 2068 fundamentis
1582 2011 1955 2075 diruerentur,
1988 2027 2253 2084 regesque
2285 2029 2382 2070 eo-

798 2120 918 2161 rum
969 2104 1064 2176 qui
1115 2102 1375 2159 diuturna
1422 2110 1708 2156 atavorum
1756 2102 2109 2158 successione
2149 2102 2216 2157 ad
2247 2103 2381 2158 illud

798 2211 974 2273 usque
1031 2204 1248 2267 tempus
1299 2194 1655 2258 devenerant,
1701 2191 1864 2248 finem
1895 2192 2202 2263 imperandi
2232 2192 2380 2249 face-

797 2294 951 2354 rent;
975 2287 1069 2357 jus
1096 2294 1151 2342 et
1177 2285 1412 2341 facultas
1436 2285 1527 2340 illa
1558 2286 1675 2342 suis
1703 2284 1921 2340 vivendi
1947 2284 2181 2355 legibus,
2212 2299 2320 2356 qua
2348 2299 2380 2339 a

796 2380 1118 2451 longissimo
1151 2394 1266 2434 aevo
1296 2378 1378 2433 usi
1402 2377 1643 2442 fuerant,
1664 2377 1854 2447 legalis
1891 2378 2075 2433 cultus
2103 2393 2226 2432 cum
2259 2378 2380 2448 ipso

796 2473 1128 2537 sacerdotio,
1157 2487 1223 2529 ac
1250 2471 1480 2542 reliquis
1510 2471 1746 2526 ducibus
1780 2471 2232 2542 principibusque
2261 2472 2377 2527 suis

794 2572 1308 2642 exstinguerentur;
1341 2570 1415 2623 ita
1445 2577 1506 2623 ut
1537 2584 1604 2623 ne
1628 2569 1918 2640 vestigium
1941 2568 2164 2640 quidem"
2186 2583 2374 2624 eorum

795 2661 866 2718 ad
917 2663 1020 2717 hoc
1065 2666 1243 2732 usque
1299 2669 1516 2730 tempus
1571 2659 1854 2715 residuum
1906 2652 2377 2726 manserit.°Qu:e

793 2751 978 2811 omnia
1019 2750 1264 2823 perpessi
1309 2759 1464 2815 sunt,
1486 2751 1567 2805 ira
1600 2749 1697 2806 Dei
1727 2767 1842 2806 non
1872 2751 1970 2806 diu
2005 2761 2130 2823 post
2163 2756 2377 2822 passio-

793 2857 916 2898 nem
944 2843 1086 2914 ejus,
1115 2844 1185 2898 ob
1212 2843 1453 2899 admissa
1487 2851 1680 2898 contra
1710 2845 1888 2914 ipsum
1917 2843 2183 2907 facinora,
2206 2851 2372 2898 totam

789 2946 983 2987 eorum
1017 2939 1234 3003 gentem
1262 2931 1572 2987 invadente.
1594 2931 1737 2998 Quae
1775 2934 1892 3004 ipse
1924 2931 2266 3004 signiﬁcabat
2289 2933 2374 2990 bis

791 3021 993 3089 verbis,
1024 3019 1088 3077 In
1133 3021 1590 3075 me'transierunt
1633 3022 1730 3075 ira:
1783 3029 1909 3085 tuae",
1943 3036 2008 3076 ac
2050 3021 2096 3076 si
2143 3021 2371 3087 diceret,

796 3111 1019 3181 Propter
1055 3128 1166 3176 me;
1205 3112 1320 3168 sive
1340 3112 1641 3168 secundum
1672 3111 2081 3185 Symmachum,
2117 3113 2223 3168 Per
2253 3130 2368 3174 me:

788 3205 921 3277 quia
978 3204 1283 3262 secundum
1339 3204 1420 3259 rei
1463 3205 1746 3260 veritatem
1775 3205 1904 3259 talia
1934 3213 2156 3276 propter
2180 3206 2368 3275 ipsum

788 3299 939 3369 passi
979 3304 1127 3354 sunt.
1162 3295 1277 3352 lino
1318 3298 1483 3354 etiam
1529 3299 1746 3353 illorum
1779 3298 1990 3353 cladem
2027 3299 2367 3369 prbspiciens

786 3390 1022 3456 dicebat,
1082 3389 1330 3446 Ten-ores
1376 3393 1451 3445 tui
1499 3391 1941 3445 conturbauerunt
1989 3404 2089 3446 me.
2140 3389 2368 3444 Etiamsi

785 3485 933 3541 enim
968 3492 1213 3542 terrores
1243 3483 1362 3551 Del,
1388 3500 1528 3557 quos
1553 3486 1688 3556 ipsis
1719 3486 2000 3555 prophetae
2048 3484 2361 3538 intermina-

783 3576 1006 3644 bantur,
1022 3593 1117 3634 eos
1133 3579 1204 3633 ob
1220 3577 1476 3634 duritiem
1495 3577 1677 3633 cordis
1712 3592 1822 3631 non
1838 3575 2223 3634 conturbarent
2245 3593 2261 3642 ;
2282 3590 2369 3630 me

782 3678 987 3734 tamen,
1006 3670 1208 3741 inquit,
1226 3670 1322 3740 qui
1340 3671 1668 3725 terribilium
1690 3682 2006 3723 sermonum
2022 3673 2238 3721 tuorum
2253 3666 2367 3721 exi-

782 3770 898 3816 tum
921 3761 1341 3832 prospicerem,
1377 3770 1616 3814 terrores
1646 3758 1723 3812 tui
1756 3758 2241 3816 conturbaverunt.
2274 3749 2365 3810 Sic

781 3852 967 3923 itaque
1000 3852 1072 3906 ob
1099 3867 1292 3908 eorum
1333 3851 1644 3921 impietates
1667 3848 1883 3905 Patrem
1916 3863 2016 3920 pro
2039 3849 2150 3904 illis
2173 3847 2365 3918 depre—

779 3957 937 4009 cans,
972 3943 1159 3999 animo
1189 3943 1345 4020 valde
1369 3953 1621 4008 mmstus,
1655 3943 2013 4014 ipsorumque
2055 3955 2222 3997 causa
2246 3948 2363 3995 tur-

776 4024 959 4102 batus,
986 4038 1166 4100 tristis
1194 4045 1312 4093 erat
1334 4052 1510 4106 usque
1537 4035 1604 4090 ad
1640 4043 1868 4092 mortem
1904 4055 1916 4090 :
1951 4035 2079 4106 quia
2110 4035 2356 4089 immine-

776 4132 913 4187 bant
960 4133 1070 4188 illis
1118 4133 1214 4186 ira:
1258 4131 1351 4185 Dei
1384 4133 1521 4198 tela;
1559 4132 1632 4185 ita
1664 4137 1725 4185 ut
1755 4126 2057 4193 orationes,
2090 4144 2227 4199 quas
2262 4144 2362 4199 pro

766 4215 888 4279 illis
938 4223 1247 4285 emittebat,
1274 4222 1415 4276 nihil
1465 4223 1570 4276 loci
1617 4221 1915 4277 baberent:
1948 4236 2121 4290 quare
2149 4235 2275 4274 cum
2304 4220 2361 4274 in

775 4315 1088 4387 Evangeliis
1120 4329 1328 4385 pronus
1355 4321 1408 4369 et
1436 4313 1804 4383 procumbens
1836 4315 1890 4368 in
1921 4313 2116 4368 faciem
2142 4312 2360 4382 iacens-

773 4423 880 4480 que
908 4397 1098 4478 preces
1141 4407 1434 4472 emitteret,
1477 4405 1700 4475 hacque
1741 4407 2005 4459 clamaret
2033 4421 2049 4458 :
2082 4402 2272 4469 Pater,
2307 4405 2359 4456 si

771 4501 1022 4572 possibile
1049 4510 1146 4566 est,
1173 4507 1410 4554 transeat
1436 4515 1467 4552 a
1508 4514 1588 4552 me
1617 4498 1760 4551 calix
1784 4497 1882 4551 iste
1910 4496 1989 4565 ης
2020 4494 2236 4558 deinde,
2267 4495 2359 4550 ubi

2473 2011 2616 2081 ⁴σιρὸν
2678 2014 3109 2086 ἐπελευσομένην
3180 2015 3363 2079 αὐτοῖς
3405 2016 3574 2087 ὀργὴν
3601 2055 3616 2079 ,
3681 2017 3806 2087 ἥτις
3879 2019 4059 2074 αὐτῶν

2483 2101 2692 2171 ἀθρόως
2731 2103 2800 2156 τὰ
2854 2104 3026 2174 σεμνά
3071 2105 3250 2160 πάντα
3301 2105 3625 2178 ἐξηφάνισεν
3663 2124 3676 2137 ·
3726 2107 3803 2171 ὡς
3837 2109 3906 2162 τὰ
3957 2110 4056 2180 μὲν

2486 2195 2651 2262 Ἅγια
2677 2193 2795 2247 ¹τῶν
2837 2193 3037 2263 ἀγίων,
3082 2197 3177 2249 καὶ
3214 2195 3276 2250 τὺ
3307 2196 3689 2270 θυσιαστήριον
3732 2201 3797 2253 ἐκ
3839 2200 4053 2273 βάθρων

2481 2284 2816 2350 ἀπολέσθαι,
2857 2285 3110 2356 βασιλέας
3153 2287 3212 2340 δὲ
3250 2288 3452 2350 αὐτῶν,
3500 2291 3626 2354 τοὺς
3665 2291 3731 2343 ἐκ
3776 2293 4055 2360 προγόνων

2479 2376 2730 2447 διαδοχῆς
2760 2379 2842 2440 ἐίς
2862 2377 3038 2430 ἐκεῖνο
3069 2376 3264 2447 καιροῦ
3296 2378 3712 2448 διάρκέσαντας,
3746 2380 4055 2451 καταλυθῆ-

2478 2489 2587 2536 ναι,
2632 2473 2733 2543 τήν
2773 2488 2831 2524 τε
2866 2470 3197 2541 αὐτονομίαν
3233 2470 3357 2526 καθ’
3388 2471 3457 2543 ῆν
3490 2471 3549 2539 ἐξ
3594 2472 3792 2536 αἰῶνος
3840 2472 4055 2545 μακροῦ

2478 2565 2854 2620 ἐπολιτεύοντο
2873 2605 2886 2628 ,
2923 2565 3018 2619 καὶ
3048 2565 3147 2634 τὴν
3194 2565 3336 2620 κατὰ
3379 2565 3576 2637 νόμους
3616 2564 3875 2636 λατρείαν
3914 2566 4052 2638 αὐτῇ

2478 2656 2743 2730 ἱερωσύνῃ
2794 2656 2888 2710 καὶ
2941 2659 3054 2720 τοῖς
3092 2658 3302 2721 λοιποῖς
3335 2658 3580 2728 ’ἡγεμόσι
3626 2675 3685 2712 τε
3733 2657 3913 2713 αὐτῶν
3959 2659 4056 2713 καὶ

2477 2749 2730 2820 ἄρχουσιν
2758 2746 3163 2820 ἀποσὸεσθῆναι
3182 2765 3196 2779 ·
3230 2748 3307 2811 ὡς
3338 2747 3471 2821 μηδὲ
3505 2750 3648 2821 [χνος
3671 2748 3851 2804 αὐτῶν
3884 2749 4052 2805 εἰσέτι

2476 2840 2570 2892 νῦν
2609 2840 3041 2912 περιλείπεσθαι.
3074 2842 3140 2893 Ἀ
3163 2839 3228 2912 δὴ
3261 2841 3438 2895 πάντα
3466 2842 3796 2895 πεπόνθασιν
3825 2842 3932 2896 ὑπὸ
3949 2842 4052 2913 τῆς

2474 2933 2642 3003 ὀργῆς
2670 2928 2765 2985 τοῦ
2797 2931 2956 2996 Θεοῦ,
2989 2933 3088 3003 τῆς
3124 2934 3224 2986 οὐκ
3251 2935 3331 2997 είς
3370 2934 3582 3007 μακρὸν
3610 2933 3750 3004 μετά
3781 2936 3847 2990 τὸ
3878 2934 4050 3000 πάθος

2474 3024 2640 3078 αὐτοῦ
2688 3024 2748 3095 to
2793 3025 2902 3077 πᾶν
2956 3024 3137 3078 αὐτῶν
3186 3025 3336 3089 ἔθνος
3389 3026 3803 3099 καταλαϐούσης
3833 3026 3932 3082 διὰ
3978 3027 4050 3082 τὰ

2473 3115 2850 3186 τετολμημένα
2881 3116 3064 3178 αὐτοῖς
3085 3111 3206 3169 κατ’
3238 3114 3403 3170 αὑτοῦ
3424 3134 3437 3147 ο
3471 3117 3508 3171 ἃ
3528 3117 3592 3188 δὴ
3622 3118 3808 3189 ἐδήλου
3837 3118 4008 3188 λέγων
4031 3136 4044 3148 ·

2487 3208 2612 3261 Ἐπ’
2642 3206 2748 3277 ἐμὲ
2785 3207 3039 3276 διῆλθον
3071 3212 3130 3262 al
3179 3209 3348 3278 ὀργαί
3384 3225 3501 3264 σου
3535 3226 3551 3241 ο
3587 3209 3721 3263 ὡσεὶ
3745 3210 3898 3279 ἔλεγε
3918 3249 3935 3275 ,
3963 3209 4047 3265 Δι’

2395 3262 2438 3320 C
2467 3298 2572 3367 ἐμέ
2595 3315 2606 3327 ·
2642 3262 2686 3369 ἢ.
2709 3298 2850 3352 κατά
2869 3262 2963 3352 τὸν
2990 3262 3304 3369 Σύμμαχον,
3331 3262 3413 3352 Διῖ
3600 3315 3614 3330 ·

2468 3391 2558 3443 τὸν
2585 3390 2754 3462 ἀληθῆ
2803 3391 2959 3459 λόγον
2999 3391 3070 3444 δι’
3087 3391 3248 3445 αὑτὸν
3281 3389 3452 3456 ταῦτα
3485 3391 3663 3446 πάντα
3692 3391 4041 3449 πεπόνθασιν.

2481 3483 2640 3558 Ἀλλά
2687 3484 2782 3537 καὶ
2826 3484 3074 3558 προορῶν
3112 3483 3292 3538 αὐτῶν
3336 3483 3428 3538 τδν
3469 3483 3690 3556 ὄλεθρον
3729 3484 3946 3554 ἔλεγεν·
3979 3487 4046 3540 οι

2466 3556 2818 3644 φοϐερισμοί
2862 3556 2979 3629 σοι)
3021 3570 3394 3642 ἐξετάραξάν
3433 3590 3530 3644 με.
3581 3574 3644 3628 El
3681 3575 3792 3645 γὰρ
3841 3575 3933 3628 καὶ
3975 3575 4046 3629 τὰ

2471 3664 2706 3736 μάλιστα
2751 3665 2838 3721 διά
2877 3667 2976 3738 τὴν
3014 3668 3369 3738 ἀναισθησίαν
3411 3667 3513 3720 οὐκ
3561 3667 3858 3740 ἐτάραττον
3903 3668 4046 3722 ἐκεί-

2467 3764 2590 3821 νοὺς
2626 3757 2795 3817 οἱδιὰ
2833 3760 2941 3812 τῶν
2973 3759 3270 3832 προφητῶν
3311 3757 3695 3831 ἀπειλούμενοι
3718 3761 3841 3814 κατ’
3864 3760 4043 3815 αὐτῶν

2466 3847 2790 3920 φοϐερισμοὶ
2822 3848 2916 3902 τοῦ
2945 3848 3107 3918 Θεοῦ,
3151 3849 3268 3904 ἀλλ’
3295 3849 3416 3920 ἐμὲ,
3455 3850 3641 3921 φησὶν,
3680 3849 3895 3922 ὁρῶντα
3931 3851 4042 3905 τῶν

2465 3940 2713 4014 φοῦερῶν
2765 3959 2860 3995 σου
2906 3941 3081 4011 λόγων
3122 3943 3229 4005 ντάς
3270 3942 3555 4008 ἐκόάσεις,
3591 3933 3952 4016 ἐξετάρασσον
3991 3945 4040 3997 ol

2464 4027 2786 4100 φοὸερισμοί
2817 4046 2932 4083 σου.
2966 4027 3158 4094 Οὕτως
3191 4025 3284 4084 οὖν
3323 4025 3410 4084 διᾶ
3448 4031 3546 4095 τὰς
3586 4027 3812 4088 ἐκείνων
3843 4035 4038 4090 δυσσε-

2463 4118 2617 4183 ϐείας
2648 4121 2987 4194 παρακαλῶν
3017 4123 3112 4176 τὸν
3151 4123 3372 4194 Πατέρα
3401 4123 3544 4195 ὑπὲρ
3569 4124 3772 4190 αὐτῶν,
3810 4126 3904 4180 καὶ
3938 4126 4038 4198 τὴν

2460 4209 2636 4280 ψυχὴν
2659 4211 2982 4282 ὑπεραλγῶν
3009 4212 3101 4266 καὶ
3132 4212 3200 4265 δι’
3227 4213 3426 4277 αὐτοὺς
3447 4215 3866 4286 ταραττόμενος,
3887 4217 4039 4286 περί-

2461 4301 2629 4364 λυπος
2665 4296 2734 4372 ἦν
2778 4301 2940 4375 μέχρι
2978 4303 3208 4358 θανάτου
3230 4320 3242 4334 ·
3276 4305 3462 4376 ἐπειδὴ
3501 4304 3570 4359 τά
3605 4307 3705 4378 τῆς
3737 4305 3910 4378 ὀργῆς
3943 4304 4036 4358 τοῦ

2460 4393 2594 4446 Θεοῦ
2627 4394 2874 4466 σφοδρῶς
2904 4395 3157 4451 ἐπέκειτο
3187 4398 3310 4451 κατ’
3339 4399 3538 4462 αὐτῶν,
3574 4398 3651 4462 ὡς
3673 4399 3806 4470 μηδέ
3833 4398 4036 4477 τυτχά-

2460 4502 2571 4538 νειν
2603 4485 2712 4537 τῶν
2744 4486 2937 4556 εὐχῶν,
2986 4483 3061 4543 ὧν
3088 4489 3405 4561 ἀνέπεμπεν
3438 4490 3580 4562 ὑπὲρ
3607 4490 3788 4544 αὐτῶν
3809 4507 3822 4521 ·
3863 4490 3932 4544 δι’
3953 4483 4033 4543 ’ὦν

771 4594 907 4655 vidit
931 4591 1110 4647 Patris
1132 4592 1466 4648 voluntatem
1497 4590 1760 4653 abnuere,
1785 4586 2091 4676 subiunxit,
2134 4584 2357 4640 Verum-
2391 4622 2431 4676 υ

2298 4601 2357 4676 ιι-
2391 4622 2431 4676 D
2461 4576 2793 4676 παρακαλῶν
2831 4579 2923 4676 καὶ
2949 4579 3208 4676 δεόμενος
3231 4582 3288 4634 ἐν
3317 4583 3444 4676 τοῖς.
3465 4581 3818 4676 Εὐάγγελίοις

772 4691 946 4735 tamen
975 4699 1078 4735 non
1122 4683 1257 4736 sicut
1277 4697 1370 4750 ego
1397 4678 1535 4744 volo,
1566 4679 1656 4732 sed
1686 4679 1823 4732 sicut
1853 4685 1910 4729 tu
1926 4669 1991 4729 ¹²ζ
2019 4673 2086 4727 Et
2109 4673 2354 4729 secundo
2393 4669 2423 4676 ⁷
2463 4669 2512 4721 έτ

2293 4673 2354 4728 [ιο
2393 4669 2423 4676 ⁷
2463 4669 2692 4723 έπιπτεν
2734 4670 2948 4741 πρηνής
2982 4686 3043 4723 τε
3084 4671 3225 4724 κατά
3272 4669 3848 4743 προσώπουίκείμενος
3870 4671 4033 4736 ἐϐόα,

771 4771 962 4825 abiens
987 4770 1300 4840 procumbit
1326 4771 1382 4825 in
1414 4769 1631 4833 faciem,
1649 4777 1704 4824 et
1736 4769 1822 4823 his
1849 4764 2028 4821 verbis
2055 4774 2177 4818 orat
2201 4784 2212 4818 :
2243 4762 2353 4817 Pa-

770 4871 868 4926 ter,
901 4861 948 4914 si
999 4859 1249 4929 possibile
1301 4877 1404 4916 non
1441 4871 1518 4915 est
1548 4870 1609 4913 ut
1635 4860 1718 4914 hic
1749 4860 2017 4922 transeat;
2044 4857 2148 4910 nisi
2178 4855 2351 4910 bibam

767 4954 944 5018 illum,
981 4953 1079 5022 ﬁat
1110 4954 1354 5025 uoluntas
1385 4962 1480 5005 tua
1499 4951 1577 5017 ";
1612 4965 1676 5004 ac
1695 4951 1857 5006 tertio
1888 4937 2169 5021 prdfectus
2198 4962 2355 5002 eum-

765 5046 890 5101 dem
948 5057 1255 5103 sermonem
1287 5044 1534 5112 protulit.
1562 5042 1744 5109 Quare
1769 5042 2011 5112 idipsum
2042 5041 2128 5097 his
2165 5039 2350 5095 verbis

765 5133 1109 5206 signiﬁcabat
1136 5150 1152 5189 :
1185 5131 1405 5203 thuid,
1425 5131 1668 5197 Domine,
1689 5133 1894 5203 repellis
1913 5133 2147 5186 animam
2159 5147 2353 5189 meant.

763 5227 957 5281 avertis
1012 5227 1204 5295 {aciem
1241 5234 1388 5278 tuam
1435 5242 1468 5277 a
1517 5226 1639 5280 me?
1661 5233 1717 5280 et
1749 5225 1904 5290 illud,
1924 5223 1991 5279 In
2013 5241 2094 5280 me
2117 5225 2346 5278 transie-

763 5327 888 5372 runt
935 5320 1030 5372 ira
1098 5328 1244 5384 tua,
1317 5326 1542 5372 terrores
1599 5316 1677 5370 tui
1722 5315 2164 5374 conturbauerunt
2226 5332 2329 5370 me.

761 5407 966 5466 Videns
1002 5418 1183 5466 autem
1211 5409 1368 5482 longe
1398 5423 1429 5463 a
1457 5408 1635 5464 salute
1679 5406 1776 5463 Dei
1805 5409 2079 5466 excidisse
2106 5424 2204 5485 eos
2234 5421 2334 5479 pro

761 5504 962 5574 quibus
1007 5504 1285 5559 orationes
1335 5500 1670 5563 effundebat,
1703 5515 1803 5572 pro
1850 5501 2044 5559 iisdem
2084 5502 2188 5559 sibi
2233 5515 2331 5571 pa-

760 5608 904 5652 trum
941 5611 1169 5652 suorum
1197 5609 1362 5653 causa
1388 5593 1732 5650 charissimis
1744 5603 1799 5650 et
1812 5593 2206 5658 dilectissimis,
2233 5592 2334 5648 di—

760 5690 918 5745 cebat
951 5708 962 5742 :
994 5686 1275 5759 Elongasti
1303 5705 1336 5742 a
1363 5704 1445 5742 me
1471 5689 1700 5757 anticum
1724 5697 1774 5743 et
1794 5689 2114 5758 proximum,
2141 5697 2192 5742 et
2234 5703 2329 5740 σιο-

2464 4760 2680 4829 Πάτερ,
2714 4759 2906 4829 λέγων,
2948 4764 3002 4815 ei
3033 4761 3317 4826 δυνατὸν,
3347 4760 3692 4830 παρελθέτω
3734 4762 3800 4816 τὸ
3852 4764 4037 4829 ποτή-

2453 4869 2589 4920 ριον
2633 4851 2810 4908 τοῦτο
2837 4852 2952 4907 ,ἀπ’
2984 4851 3131 4922 ἐμοῦ
3154 4869 3167 4882 ο
3201 4847 3300 4905 εἷθ’
3337 4853 3479 4925 ὀρῶν
3525 4852 3887 4907 ἀνανεύουσαν
3933 4852 4035 4926 τὴν

2460 4944 2653 5018 βουλὴν
2684 4945 2790 4999 τοῦ
2841 4944 3088 5018 Πατρδς,
3127 4945 3371 5016 ἐπέφερε
3392 4963 3404 4976 ⁸
3438 4943 3914 5015 Πλὴν-’ἀλλὀὐχ
3951 4947 4035 5012 ὡς

2455 5037 2570 5107 ἐγὼ
2594 5038 2769 5105 θέλω,
2801 5040 2939 5094 ἀλλ’
2974 5039 3054 5106 ὡς
3077 5040 3180 5093 σύ.
3215 5039 3327 5092 Καὶ
3358 5026 3607 5111 δεύτέρον
3637 5023 3909 5107 ἀπελθὼν,
3937 5040 4035 5093 ἐπὶ.

2461 5131 2750 5204 πρόσωπον
2788 5133 2998 5197 πίπτει,
3043 5132 3138 5209 καὶ
3176 5129 3536 5223 προσεύχεται
3567 5131 3770 5201 λέγων·
3812 5130 4028 5201 Πάτερ,

2452 5227 2504 5279 εὶ
2530 5227 2602 5280 οὐ
2632 5225 2881 5280 δύναται
2909 5224 3085 5279 τοῦτο
3111 5222 3447 5290 παρελθεῖν,
3476 5223 3583 5278 ἐὰν
3600 5223 3686 5294 μὴ
3715 5224 3862 5278 αὐτὸ
3890 5224 4028 5288 πίω,

2447 5319 2749 5389 Τενηθήτω
2764 5320 2828 5374 τὸ
2849 5316 3082 5388 θέλημά
3092 5335 3208 5372 σου
3229 5331 3242 5345 '
3265 5318 3550 5390 καὶτρίτον
3566 5319 3621 5372 δέ
3634 5317 4027 5396 πορευθεὶςτὸν

2451 5411 2612 5465 αὑτὸν
2627 5411 2781 5481 λόγον
2797 5410 3089 5482 προῦφερε.
3115 5408 3205 5461 Διὸ
3226 5407 3289 5480 δὴ
3302 5409 3474 5463 ταῦτα
3510 5410 3785 5483 σημαίνων
3807 5400 3912 5462 ’καὶ
3934 5407 4029 5462 διὰ

2438 5503 2548 5557 τῶν
2567 5503 2940 5576 προκειμένων
2951 5501 3134 5570 ἔλεγεν
3146 5517 3162 5531 ⁸
3183 5501 3315 5556 Ἵνα
3331 5503 3387 5557 τί
3405 5543 3418 5568 ,
3438 5499 3894 5572 Κύριε,άπωθεῐς
3907 5496 4028 5566 τὴν

2437 5595 2651 5665 Ψυχὴν
2669 5613 2808 5668 μου,
2847 5591 3246 5662 ἀποστρέφεις
3285 5594 3352 5648 τὸ
3383 5595 3725 5664 πρόσωπόν
3756 5606 3888 5671 σουφ
3915 5587 4022 5646 ἀπ’

2435 5688 2582 5758 ἐμοῦ
2598 5705 2618 5753 ;
2653 5690 2747 5744 καὶ
2774 5680 2869 5755 τὸ,
2906 5687 3034 5742 Ἐπ’
3071 5686 3177 5756 ἐμὲ
3213 5686 3464 5758 διῆλθον
3503 5692 3562 5744 al
3598 5686 3766 5757 ὀργαί
3794 5697 3934 5754 σου,
3961 5685 4016 5740 01

835 5866 877 5894 ιο
916 5861 1179 5930 lsa.t.ttt,
1219 5863 1270 5920 5.
1347 5862 1620 5921 “lauit.
1661 5831 1828 5936 im,
1866 5867 1954 5924 ω.
2034 5867 2077 5899 ιι
2119 5863 2254 5921 ibid.
2338 5864 2381 5897 ιι
2420 5862 2554 5921 ibid.
2593 5863 2682 5918 ta.
