4406 6428
405 479 542 535 1069

1557 479 2057 538 COMMENTARIA
2096 485 2164 539 1N
2199 483 2538 540 PSALMOS.

3491 490 3624 544 1070

401 593 746 660 φοϐερισμοί
779 606 894 646 σου
921 593 1288 663 ἐξετάραξάν
1309 612 1404 666 με.
1453 595 1621 667 Ὁρῶν
1654 599 1709 650 δὲ
1745 601 1961 670 μακρὰν
1991 608 2032 660 Α
2064 613 2141 656 tos

1883 601 1961 653 »ἀν
1991 608 2032 660 Α
2064 613 2142 656 tos
2201 621 2339 658 meos
2396 622 2427 657 a
2485 603 2713 658 miseria.
2746 602 2952 657 lndicat
2981 611 3159 657 autem
3192 619 3286 658 eos
3316 604 3372 658 in
3401 603 3623 660 Iudaica

403 680 764 744 ἐκπίπτοντας
796 683 892 753 τῆς
941 683 1033 735 τοῦ
1078 683 1211 736 Θεοῦ
1259 686 1527 756 σωτηρίας
1567 689 1691 750 τοὺς
1720 689 1858 758 ὑπὲρ
1887 683 1961 742 ὧν

402 771 498 834 τὰς
531 771 694 842 εὐχὰς
727 773 958 828 ἐποιεῖτο
991 776 1272 844 φιλτάτους
1312 777 1470 840 ὄντας
1503 777 1663 830 αὑτοῦ
1711 781 1802 831 καὶ
1833 781 1962 847 ἀγα-

400 865 605 932 πητοὺς
633 863 720 917 διὰ
746 867 870 930 τοὺς
895 867 1154 937 πατέρας,
1199 867 1408 936 ἔλεγεν·
1455 868 1825 937 Ἐμάκρυνας
1860 871 1958 924 ἀπ’

411 953 544 1022 ἐμοῦ
572 955 755 1022 φίλον
779 957 876 1010 καί
912 960 1191 1024 πλησίον,
1220 961 1316 1012 καί
1347 961 1487 1027 τοὺς
1518 965 1822 1030 γ’νωοῖτούς
1841 983 1958 1034 μου

418 1044 515 1095 me
550 1048 965 1114 ταλαιπωρίας.
1008 1049 1168 1117 Δηλοῖ
1205 1050 1260 1102 δέ
1299 1052 1420 1114 τοὺς
1443 1055 1499 1105 ἐν
1527 1054 1605 1124 τῷ
1643 1054 1782 1108 ἔθνει
1822 1072 1958 1124 γνωο

404 1137 559 1199 στοὺς
578 1137 736 1200 ὄντας
759 1139 920 1192 αὑτοῦ
951 1141 1209 1211 πρότερον
1234 1145 1325 1196 καὶ
1346 1144 1529 1212 φίλους
1545 1163 1556 1175 ο
1593 1148 1712 1198 ἐπεὶ
1741 1149 1832 1201 καί
1867 1149 1960 1217 μέ-

399 1244 492 1297 ρος
514 1224 654 1300 ἦσαν
681 1231 842 1284 αὑτοῦ
877 1234 970 1284 καὶ
1004 1233 1331 1306 κληρονομία
1353 1255 1364 1266 ·
1400 1237 1513 1290 ἀλλ’
1541 1239 1958 1309 ἐμακρύνθησαν

397 1317 613 1388 ἀληθῶς
655 1323 749 1374 ἀπ’
793 1323 954 1376 αὑτοῦ
1004 1324 1091 1378 διὰ
1145 1327 1242 1397 τῆς
1283 1328 1488 1381 ἑαυτῶν
1523 1330 1814 1393 ἀπιστίας·
1865 1333 1956 1382 καὶ

398 1409 563 1463 πάλαι
612 1413 760 1476 ὄντες
808 1414 974 1482 φίλοι,
1028 1417 1254 1490 ἐχθροὺς
1300 1421 1523 1484 ἑαυτοὺς
1576 1422 1950 1492 κατέστησαν·

394 1499 490 1550 καὶ
517 1501 744 1567 γνωστοὶ
780 1505 1136 1574 τυγχάνοντες
1175 1507 1357 1573 αὑτοῦ,
1406 1499 1626 1564 ἐλθόντα
1666 1513 1826 1564 αὐτὸν
1854 1514 1952 1564 οὐκ

2071 703 2227 762 gente
2249 697 2341 766 qui
2372 695 2579 764 pridem
2602 694 2722 747 noti
2757 695 2856 748 sibi
2880 695 3108 749 et‘amici
3130 702 3334 760 essent,
3367 697 3625 764 quoniam

2069 785 2249 851 portio
2277 793 2330 838 et
2361 784 2649 839 hear-editas
2696 783 2868 852 ipsius
2902 791 3077 846 erant,
3115 783 3307 837 sed.ob
3340 799 3494 838 suam
3536 785 3624 839 in-

2067 874 2441 929 credulitatem
2472 890 2601 928 vere
2625 875 2812 944 procul
2847 873 2914 927 ab
2940 890 3004 928 eo
3035 873 3227 928 remoti
3259 882 3418 940 sunt;
3452 882 3506 928 et
3530 876 3624 945 qui

2067 965 2194 1018 olim
2217 967 2376 1020 amici
2414 965 2649 1029 fuerant,
2679 981 2797 1020 sese
2822 966 3074 1019 inimicos
3112 965 3542 1032 constituerunt;
3572 975 3627 1021 et

2067 1072 2190 1110 cum
2231 1056 2343 1110 noti
2373 1056 2491 1125 ejus
2531 1065 2742 1119 essent,
2782 1055 3086 1110 venientem
3118 1055 3294 1122 ipsum
3319 1069 3426 1107 non
3457 1069 3625 1108 nove-

2066 1153 2212 1211 runt,
2238 1162 2412 1215 neque
2443 1153 2820 1214 susceperunt.
2853 1142 3097 1208 Quorum
3125 1145 3363 1197 omnium
3398 1159 3560 1198 causa
3595 1160 3625 1197 a

2067 1236 2174 1290 Deo
2220 1238 2378 1306 longe
2421 1237 2548 1290 facti
2582 1244 2730 1300 sunt,
2765 1235 2836 1288 ob
2862 1234 3133 1290 miseriam
3164 1235 3415 1290 videlicet
3448 1250 3620 1289 suam.

2067 1329 2156 1383 Sic
2189 1330 2354 1399 igitur
2374 1344 2402 1382 a
2425 1329 2534 1382 Deo
2555 1328 2875 1398 exciderunt
2905 1327 3200 1383 secundum
3227 1327 3354 1381 illud
3378 1327 3578 1381 dietum
3606 1345 3619 1380 :

2063 1419 2327 1484 Quoniam
2348 1422 2436 1491 qui
2465 1421 2708 1490 elongant
2741 1439 2792 1474 se
2833 1439 2864 1474 a
2895 1430 2941 1475 te
2966 1423 3203 1490 peribunt
3225 1422 3286 1474 “.
3318 1420 3493 1490 Atque
3519 1420 3625 1474 huc

2059 1514 2317 1568 desinunt
2340 1514 2536 1583 psalmi
2554 1512 2815 1566 Filiorum
2844 1513 2977 1567 Core
3007 1513 3274 1582 inscripti.

393 1590 707 1660 ἐπέγνωσαν
727 1636 741 1658 ,
795 1597 915 1650 οὐδὲ
963 1600 1340 1672 παρεδέξαντο.
1390 1598 1488 1656 Ὧν
1537 1605 1698 1657 ’ἑνεκα
1742 1607 1954 1660 πάντων
1993 1609 2088 1660 καὶ
2118 1607 2222 1659 άπὸ
2251 1607 2343 1659 τοῦ
2389 1605 2522 1659 Θεοῦ
2555 1605 2969 1676 ἐμακρύνθησαν
2997 1605 3061 1658 δι’
3087 1607 3262 1658 αίτίαν
3291 1605 3390 1674 τῆς
3421 1605 3625 1658 ἑαυτῶν

390 1681 781 1756 ταλαιπωρίας.
847 1688 1002 1743 Οὕτω
1061 1691 1106 1744 δ’
1179 1690 1271 1746 οὖν
1326 1696 1416 1746 καὶ
1475 1698 1859 1749 ἐκπεπτώκασι
1914 1698 2005 1750 τοῦ
2046 1697 2178 1750 Θεοῦ
2212 1698 2435 1751 κατὰτὸ
2492 1698 2696 1764 φάσκον
2732 1697 2928 1764 λόγιον,
2969 1697 3084 1748 Ὀτι
3127 1700 3180 1748 οἰ
3217 1697 3624 1764 μακρύνοντες

391 1776 642 1846 ἑαυτοὺς
699 1781 817 1835 ἀπὸ
866 1785 981 1838 σοῦ
1015 1788 1396 1843 ἀπολοῦνται.
1433 1791 1541 1844 Καὶ
1581 1793 1660 1855 είς
1696 1793 1854 1845 τοῦτο
1896 1794 2285 1864 καταλήγουσιν
2324 1797 2371 1846 oi
2409 1794 2872 1864 ἐπιγεγραμμένοι
2914 1792 3018 1844 τῶν
3057 1791 3200 1845 υἱῶν
3219 1792 3366 1860 Κορὲ
3398 1792 3619 1862 ψαλμοί.

535 1919 883 2011 ΣΥΝΕΣΕΩΣ
917 1925 1124 1979 ΔΙΘΔΝ
1162 1927 1247 1997 Τῼ
1286 1929 1634 2002 ΕΣΔΡΔΙΤῌ.
1684 1931 1815 1986 HH'.

467 2058 542 2111 Τὰ
576 2058 715 2127 ἐλέη
746 2060 851 2115 τοῦ
877 2064 1096 2131 Κυρίου
1129 2069 1214 2132 είς
1250 2069 1354 2121 τὸν
1375 2068 1556 2122 αἰῶνα
1582 2070 1817 2140 ᾄσομαι.
1857 2075 1956 2139 Εἰς

390 2153 602 2219 γενεὰν
647 2153 744 2206 καί
783 2155 997 2223 γενεὰν
1038 2159 1493 2232 duum-8.1m.th
1531 2164 1819 2233 ἀλήθειάν
1841 2183 1955 2220 σου

387 2243 459 2293 ἐν
484 2242 562 2308 τῷ
601 2245 851 2314 στόματί
883 2266 1020 2316 μου.
1040 2250 1253 2321 Ἐπειδὴ
1283 2252 1484 2321 προῖὼν
1507 2252 1631 2324 ἑξῆς
1661 2254 1841 2325 μέλλει
1868 2255 1954 2308 λέ-

389 2351 539 2402 γειν·
576 2338 700 2392 Ποῦ
739 2342 854 2393 εισι
891 2340 962 2394 τὰ
1001 2342 1137 2410 ἐλέη
1180 2360 1294 2398 σου
1333 2344 1402 2398 τὰ
1436 2346 1668 2414 ἀρχαῖα,
1703 2349 1894 2416 Κύριε,
1919 2349 1957 2402 ἁ

386 2424 628 2494 ὤμοσας
646 2426 724 2492 τῷ
744 2430 923 2483 Δαυῖδ
942 2432 1010 2484 ἐν
1030 2432 1102 2501 τῇ
1124 2435 1370 2501 ἀληθείᾳ
1392 2451 1539 2500 σου;
1560 2437 1954 2508 προθεραπεύει

385 2515 449 2568 τὸ
479 2515 667 2586 μέλλον
698 2521 1028 2593 ῥηθήσεσθαι
1055 2525 1141 2578 διὰ
1166 2527 1273 2578 τῶν
1307 2530 1700 2598 προκειμένων,
1731 2529 1952 2598 δυνάμει

382 2605 544 2658 τοῦτο
585 2607 789 2676 λέγων·
834 2613 896 2664 Ei
935 2615 1027 2667 καὶ
1069 2615 1136 2668 τὰ
1179 2616 1488 2686 ἀνθρώπινα
1537 2620 1831 2690 πράγματα
1856 2620 1953 2690 τὴν

384 2697 525 2766 ἐμὴν
553 2697 728 2769 ψυχὴν
755 2701 832 2762 είς
858 2702 1160 2772 ἀμηχανίαν
1182 2706 1485 2774 ἐμϐαλόντα
1517 2708 1789 2779 ταράττει,
1813 2707 1953 2777 ίλιγ-

386 2789 480 2857 γόν
510 2789 568 2841 τέ
600 2809 689 2862 μοι
724 2793 817 2844 καὶ
844 2794 1074 2870 ἀπορίαν
1103 2797 1335 2866 ἐμποιεῖ,
1368 2799 1472 2852 τῶν
1505 2800 1631 2862 σῶν,
1669 2794 1718 2854 ὧ
1760 2801 1950 2873 Κύριε,

386 2882 687 2952 κριμάτων,
720 2883 794 2946 ὼς
821 2884 1029 2954 μέλλειν
1066 2889 1256 2958 μικρὸν
1282 2889 1503 2962 ὕστερον
1531 2893 1840 2965 ἁπαιολμᾷν
1861 2898 1954 2948 καὶ

385 2973 626 3044 ἀπορεῖν,
657 2975 796 3047 ὑπὲρ
840 2971 913 3030 ῶν
963 2979 1026 3031 σὺ
1070 2981 1167 3049 μέν
1206 2982 1238 3032 ὁ
1279 2981 1512 3055 ἀψευδὴς
1532 2984 1662 3048 Θεὸς
1699 2987 1834 3058 πρὸς
1862 2989 1952 3041 τὸν

382 3063 549 3118 Δαυῒδ
575 3067 914 3135 ἐπαγγελιῶν
934 3071 1225 3141 πεποίησαι
1247 3087 1258 3098 ·
1283 3074 1536 3128 τάναντία
1560 3076 1616 3129 δὲ
1640 3077 1950 3150 συμϐέϐηκε

381 3158 507 3220 ταῖς
539 3161 658 3222 σαῖς
693 3160 1050 3230 ὑποσχέσεσι·
1083 3162 1162 3214 διὸ
1210 3165 1303 3217 καὶ
1346 3165 1523 3235 μέλλω
1570 3168 1746 3238 λέγειν
1771 3187 1786 3201 ⁸
1826 3172 1950 3225 Ποῦ

381 3250 502 3302 εισι
525 3250 596 3304 τὰ
632 3250 770 3319 me"
794 3268 909 3306 σου
931 3255 1004 3308 τὰ
1037 3255 1270 3323 ἀρχαῖα,
1300 3257 1508 3325 Κύριε;
1535 3259 1646 3313 ἀλλ’
1680 3263 1826 3331 ὅμως
1857 3281 1950 3316 πε-

383 3340 694 3410 πεισμένος,
721 3343 800 3394 ὅτι
833 3343 907 3413 μὴ
931 3343 1276 3414 διαψεύσεταί
1310 3365 1400 3401 σου
1429 3352 1460 3421 ἡ
1493 3352 1810 3420 ἐπαγγελία,
1835 3355 1952 3408 οὐδὲ

380 3431 716 3485 διαπεσεῖται
748 3435 780 3504 ὴ
810 3433 904 3488 τοῦ
936 3435 1030 3488 σοῦ
1063 3436 1218 3505 λόγου
1241 3439 1484 3512 ἀλήθεια,
1521 3444 1804 3513 προλαϐὼν
1830 3449 1953 3510 τοὺς

385 3524 678 3595 μέλλοντας
719 3526 778 3590 ἐξ
815 3525 1159 3599 ἀνθρωπίνης
1188 3531 1470 3597 ἀσθενείας
1497 3535 1825 3607 ρηθήσεσθαί
1862 3536 1951 3610 μῗοι

381 3616 592 3684 λόγους,
621 3617 718 3688 τὴν
745 3620 984 3688 ἐμαυτοῦ
1007 3621 1184 3675 πίστιν
1205 3624 1298 3676 καὶ
1320 3627 1378 3676 τὸ
1403 3626 1622 3690 εὐσεϐὲς
1659 3631 1757 3697 τῆς
1782 3631 1950 3700 ἐμαυ-

379 3707 475 3760 τοῦ
526 3707 749 3780 γνώμης
791 3712 1288 3782 προασφαλίςομαι·
1338 3714 1421 3767 διό
1472 3732 1639 3786 φημι’
1697 3720 1773 3772 Τὰ
1810 3721 1949 3788 ἐλέη

379 3813 518 3864 σου,
543 3801 735 3868 Κύριε,
766 3803 853 3866 εὶς
879 3803 984 3856 τὸν
1003 3802 1186 3856 αἰῶνα
1207 3801 1444 3872 ᾄσομαι.
1480 3807 1553 3858 Οὐ
1596 3807 1702 3881 γὰρ
1737 3808 1830 3862 νῦν
1855 3811 1952 3879 μό-

381 3907 492 3955 νον,
522 3891 610 3944 ὄτε
630 3892 804 3945 ταῦτα
833 3893 978 3947 λαλῶ
1009 3896 1099 3948 καὶ
1130 3896 1453 3969 φθέγγομαι,
1478 3897 1545 3950 τὰ
1572 3899 1694 3969 ἐλέη
1721 3899 1813 3953 τοῦ
1839 3904 1950 3956 Κυ-

381 3982 500 4054 ρίου
524 3985 746 4056 ᾴσομαι,
779 3987 913 4041 ἀλλά
941 3991 1034 4044 καὶ
1077 3993 1134 4045 ἐν
1165 3995 1292 4065 ἰοῖς¹
1327 3990 1794 4063 σκυθρωποτέρας
1826 4011 1947 4046 και-

383 4078 518 4146 ροῖς,
540 4078 632 4130 καὶ
661 4081 717 4131 ἐν
737 4080 916 4145 αὐτοῖς
943 4082 1169 4146 ἐκείνοις
1196 4083 1259 4137 δι’
1277 4083 1370 4148 οὓς
1394 4085 1569 4154 μέλλω
1596 4085 1803 4153 λέγειν·
1825 4086 1947 4139 Ποῦ

378 4169 498 4220 είσι
539 4169 609 4221 τὰ
648 4170 788 4238 eun
823 4186 938 4225 σου
959 4173 1030 4225 τὰ
1053 4173 1288 4240 ἀρχαῖα,
1314 4176 1520 4242 Eripis;
1550 4176 1657 4228 Καὶ
1691 4177 1809 4229 τότε
1841 4177 1949 4248 γάρ

378 4258 473 4311 καὶ
517 4259 596 4321 είς
641 4259 730 4311 τὸν
771 4261 908 4329 μετὰ
945 4261 1112 4316 ταῦτα
1146 4265 1354 4334 χρόνον,
1387 4265 1479 4318 καὶ
1514 4265 1601 4320 διὰ
1630 4267 1828 4332 παντὸς
1853 4269 1947 4322 τοῦ

376 4344 574 4409 αἰῶνος
609 4347 668 4399 οὐ
711 4350 987 4419 παύσομαι
1037 4351 1285 4423 ἀνυμνῶν
1326 4353 1394 4408 τὰ
1425 4353 1551 4426 ἐλέη
1595 4373 1708 4424 σου,
1755 4358 1946 4430 Κύριε,

373 4436 622 4507 ἀκριϐῶς
653 4437 826 4504 εἰδὼς,
865 4440 946 4494 ὃτι
969 4481 985 4505 ,
1014 4441 1158 4508 ἅπαξ
1180 4445 1636 4516 ἐπαγγειλάμενος
1665 4448 1758 4512 τὰς
1790 4453 1847 4504 ἐν
1873 4450 1948 4522 τῷ

374 4525 574 4598 ψαλμῷ
606 4531 959 4601 προφητείας,
994 4532 1054 4585 οὐ
1078 4532 1404 4604 διαψεύσεις,
1436 4537 1529 4590 ἅτε
1553 4539 1684 4602 Θεὸς
1718 4538 1792 4592 ῶν
1825 4541 1946 4614 ἀλη-

380 4617 503 4689 Θής.
522 4620 724 4694 Διόπερ
739 4623 799 4676 οὐ
820 4623 977 4693 μόνον
998 4625 1065 4678 τά
1077 4625 1199 4699 ἐλέη
1226 4645 1340 4693 σου,
1359 4627 1548 4698 Κύριε,
1573 4633 1652 4695 είς
1673 4633 1761 4685 τὸν
1775 4614 1944 4687 αίῶνα

376 4709 600 4780 ᾄσομαι,
635 4713 770 4768 ἀλλὰ
794 4717 886 4770 καὶ
910 4716 1008 4788 τὴν
1032 4717 1287 4793 ἀλήθειάν
1318 4736 1409 4772 σου
1442 4719 1562 4774 καθ’
1594 4722 1828 4792 ἑκάστην
1853 4740 1944 4790 γε-

375 4800 504 4856 νεὰν
531 4803 846 4873 ἀπαγγελῶ.
872 4808 935 4860 Εί
958 4808 1064 4880 γὰρ
1093 4811 1182 4862 καὶ
1207 4809 1274 4863 τὰ
1307 4809 1540 4880 μάλιστα
1573 4811 1790 4866 τοιαῦτά
1825 4832 1946 4869 τινα

378 4891 583 4962 μεταξὺ
610 4897 916 4968 γενήσεται,
947 4898 1022 4961 ὡς
1057 4900 1220 4965 δοκεῖ,
1259 4902 1472 4954 ἐναντία
1501 4905 1619 4964 ταῖς
1653 4907 1770 4965 σαῖς
1810 4905 1946 4974 πρὸς

373 4980 468 5034 τὸν
509 4984 668 5038 Δαυῖδ
709 4990 1058 5058 ἐπαγγελίαις
1090 4992 1423 5061 συμϐαίνειν,
1463 4993 1597 5045 ἀλλὰ
1639 4995 1731 5046 καὶ
1773 4994 1944 5058 οὕτως

374 5070 490 5141 ἐγὼ
523 5076 882 5143 πεπίστευκα,
916 5083 1009 5134 καὶ
1034 5081 1248 5152 άληθῶς
1297 5084 1534 5154 ἐμαυτὸν
1579 5084 1829 5148 πέπεικα,
1864 5088 1944 5141 ὅτι

372 5162 485 5216 τῶν
511 5163 682 5232 λόγων
713 5184 826 5234 σου,
930 5171 1122 5243 Κύριε,
1158 5176 1191 5244 η
1222 5174 1444 5247 ἀλήθεια
1477 5175 1726 5228 οὐδέποτε
1758 5176 1941 5244 διαπει-

375 5255 570 5308 σεῖται.
623 5256 820 5329 Διόπερ
867 5260 956 5313 τὸν
1001 5265 1178 5318 πάντα
1215 5283 1314 5336 μου
1347 5266 1533 5337 χρόνον
1563 5265 1660 5334 τῆς
1693 5265 1836 5336 ζωῆς
1877 5270 1936 5321 οὐ

373 5344 655 5416 παύσομαι
685 5349 742 5400 ἐν
771 5347 848 5418 τῷ
875 5352 1100 5422 στόματί
1129 5372 1229 5426 μου
1249 5356 1346 5429 τὴν
1372 5353 1626 5428 ἀλήθειάν
1647 5371 1738 5407 σου
1763 5357 1938 5425 ἀπαγ-

373 5437 600 5507 γέλλων.
620 5437 781 5492 Ἀλλὰ
797 5442 888 5494 καὶ
909 5445 1237 5515 παραδιδοὺς
1256 5452 1321 5520 τῇ
1352 5449 1588 5521 ἐμαυτοῦ
1609 5453 1790 5523 γραφῇ
1811 5449 1939 5503 ταύ-

370 5549 476 5602 την
508 5529 814 5599 καταλείψω
848 5537 959 5598 τοῖς
999 5541 1494 5614 μεταγενεστέροις,
1522 5545 1602 5607 είς
1631 5543 1692 5596 τὺ
1720 5543 1812 5596 καὶ
1845 5541 1940 5594 αὑ-

369 5626 502 5690 τοὺς
530 5623 870 5678 διδάσκεσθαί
905 5641 965 5677 τε
993 5629 1085 5679 καὶ
1125 5630 1411 5698 μανθάνειν
1434 5635 1632 5706 ὁμοίως
1665 5634 1786 5705 ἐμοὶ
1817 5633 1938 5686 καθ’

373 5706 615 5788 ἑκάστην
643 5716 832 5785 γενεὰν
856 5716 954 5788 τὴν
984 5719 1238 5792 ἀλήθειάν
1267 5741 1361 5780 σου
1401 5726 1491 5786 διὰ
1534 5728 1794 5799 στόματος
1844 5725 1939 5798 φέ-

453 5870 503 5905 ⁸⁶
530 5867 671 5928 Plal-
708 5877 884 5921 tnn'.
916 5867 992 5926 2'!

2063 1931 2112 1984 1.
2139 1929 2609 1985 INTELLECTUS
2633 1927 2886 1985 ᾹΞΤΗΑΝ
2914 1927 3298 1984 EZRAlT/EL
3336 1927 3617 1984 XXXVIII.

2128 2063 2295 2120 Vatis.
2340 2064 2393 2116 2.
2438 2062 2832 2117 Misericordias
2864 2062 3073 2116 Domini
3113 2063 3165 2115 in
3198 2073 3447 2116 internum
3494 2079 3620 2117 can-

2059 2157 2200 2210 tabo.
2243 2155 2309 2210 In
2347 2158 2734 2228 generationem
2776 2165 2825 2208 et
2871 2155 3251 2224 generationem
3299 2153 3618 2207 annuntiabo

2058 2251 2324 2304 veritatem
2356 2259 2497 2301 tuam
2528 2250 2581 2301 in
2607 2265 2694 2301 ore
2724 2265 2853 2302 meo.
2888 2247 3152 2313 Quoniam
3183 2248 3236 2301 in
3269 2245 3618 2316 sequentibus

2057 2343 2300 2394 dicturus
2347 2347 2454 2402 est,
2501 2335 2602 2391 Ubi
2632 2346 2754 2412 sunt
2804 2335 3180 2390 misericordia:
3222 2344 3326 2389 tua:
3367 2335 3615 2403 antiquis,

2057 2433 2297 2495 Domine,
2332 2448 2462 2500 quas
2480 2431 2684 2499 jurasti
2715 2429 2883 2482 David
2915 2429 2968 2481 in
2997 2428 3210 2481 veritate
3233 2429 3362 2481 tua?
3398 2426 3464 2480 iis
3501 2439 3620 2495 quae

2057 2530 2243 2594 postea
2293 2522 2534 2592 proferet
2582 2523 2695 2592 jam
2742 2520 3074 2591 respondere
3116 2519 3423 2580 antevertit,
3473 2533 3536 2572 ac
3573 2518 3618 2572 si

2055 2616 2261 2670 diceret
2291 2633 2303 2667 :
2337 2613 2565 2667 Etiamsi
2590 2614 2838 2666 humanae
2867 2627 2953 2666 res
2975 2612 3208 2664 animam
3234 2626 3407 2664 meam
3443 2611 3494 2663 in
3523 2625 3621 2663 an-

2055 2707 2287 2776 gustiam
2328 2713 2381 2758 et
2411 2703 2804 2757 dubitationem
2853 2702 3151 2770 conjiciant
3182 2715 3245 2754 ac
3277 2700 3616 2769 perturbent,

2056 2798 2392 2868 caligineque
2441 2810 2526 2848 me
2579 2803 2632 2848 ct
2687 2792 3028 2846 haesitatione
3083 2788 3316 2844 adiciant
3365 2791 3438 2844 ob
3482 2797 3613 2852 tua,

2056 2905 2089 2943 ο
2112 2887 2355 2950 Domine,
2395 2885 2634 2954 judicia;
2672 2885 2745 2937 ita
2775 2893 2832 2936 ut
2861 2897 2986 2935 mox
3017 2881 3368 2950 quaestionem
3400 2895 3616 2935 movere

2055 2980 2230 3036 ausim
2255 2980 2322 3034 de
2357 2978 2665 3050 promissis,
2696 2992 2815 3046 quae
2845 2983 2903 3028 tn
2942 2973 3084 3029 Deus
3125 2971 3390 3027 mendacii
3420 2987 3615 3042 expers

2055 3072 2244 3127 Davidi
2280 3071 2513 3135 dedisti;
2546 3077 2600 3124 et
2630 3076 2810 3121 tamen
2842 3064 3326 3136 pollicitationibus
3352 3065 3459 3117 tuis
3486 3080 3617 3118 con-

2055 3165 2222 3218 traria
2270 3163 2600 3225 acciderunt,
2645 3158 2999 3230 quamobrem
3049 3157 3296 3211 dicturus
3338 3170 3481 3221 sum,
3518 3155 3618 3208 Ubi

2054 3267 2178 3311 sunt
2223 3253 2598 3308 misericordia:
2632 3261 2735 3305 tua:
2768 3251 3018 3320 antique,
3054 3248 3313 3302 Domine?
3343 3257 3619 3302 verumta-

2057 3366 2180 3405 men
2219 3357 2404 3403 certus
2433 3345 2851 3416 promissionem
2897 3352 3042 3395 tuam
3070 3355 3178 3394 non
3227 3342 3436 3394 irritam
3478 3340 3614 3407 fore,

2055 3457 2232 3513 neque
2272 3439 2537 3496 sermonis
2584 3437 2662 3490 tui
2705 3436 2984 3489 veritatem
3019 3434 3291 3501 lapsuram
3325 3447 3468 3496 esse,
3499 3449 3617 3488 ser-

2056 3549 2247 3589 mones
2278 3546 2415 3602 quos
2445 3547 2508 3586 ex
2543 3531 2777 3584 humana
2811 3526 3120 3581 infirmitate
3148 3525 3459 3596 prolaturus
3495 3539 3615 3580 sum

2054 3633 2418 3698 praeverteris,
2471 3623 2632 3677 ﬁdem
2687 3635 2862 3675 meam
2919 3625 2974 3672 et
3021 3618 3274 3686 pietatem
3335 3610 3618 3671 sententiae

2053 3735 2186 3774 mea:
2227 3719 2382 3789 prius
2423 3715 2702 3786 proﬁteor,
2748 3727 2810 3766 ac
2846 3712 2989 3776 dico,
3030 3707 3439 3764 Misericordia“
3472 3718 3611 3771 tuae,

2053 3810 2294 3874 Domine,
2326 3810 2378 3862 in
2409 3817 2661 3863 a’ternnm
2691 3804 2934 3858 cantabo.
2968 3801 3084 3856 Non
3112 3805 3254 3856 enim
3300 3815 3444 3854 nunc
3473 3801 3615 3855 dun-

2051 3909 2223 3963 taxat,
2265 3915 2389 3954 cum
2437 3900 2552 3952 haec
2598 3899 2790 3967 loquor
2840 3904 2894 3951 et
2933 3893 3171 3965 profero,
3209 3886 3614 3949 misericordias

2050 3991 2267 4046 Domini
2293 3982 2546 4053 cantabo,
2578 4003 2765 4043 verum
2795 3989 2957 4042 etiam
3004 3988 3058 4040 in
3095 3985 3436 4040 tristioribus
3470 3994 3610 4041 tem-

2049 4083 2294 4154 poribus,
2327 4083 2380 4136 in
2417 4083 2552 4151 ipsis
2576 4081 2831 4134 videlicet
2858 4079 3017 4148 queis
3047 4079 3296 4134 dicturus
3327 4093 3469 4144 sum,
3513 4077 3613 4133 Ubi

2048 4184 2170 4231 sunt
2199 4173 2571 4228 misericordice
2594 4183 2697 4226 tua:
2729 4173 2978 4242 antiquw,
3011 4171 3266 4225 Domine?
3294 4171 3448 4225 Tunc
3466 4171 3609 4225 enim

2048 4273 2102 4320 et
2134 4265 2280 4319 omni
2303 4265 2548 4334 sequenti
2583 4272 2846 4332 tempore,
2878 4263 2987 4318 imo
3017 4278 3112 4334 per
3135 4277 3300 4317 omne
3330 4263 3607 4327 saeculum,

2048 4371 2156 4411 non
2184 4341 2339 4410 linem
2363 4356 2555 4410 faciam
2584 4354 2893 4414 celebrandi
2924 4354 3484 4417 misericordiastuas,
3507 4354 3628 4416 Do-~

2049 4449 2229 4503 mine:
2256 4447 2425 4517 probe
2452 4449 2629 4502 sciens
2656 4454 2729 4510 te,
2765 4447 2984 4516 quando
3013 4446 3178 4500 semel
3207 4461 3269 4500 ea
3298 4447 3353 4499 in
3377 4446 3632 4516 propbe-'

2047 4541 2123 4594 tia
2170 4540 2361 4612 psalmi
2401 4538 2676 4609 pollicitus
2716 4554 2796 4602 es,
2845 4553 2952 4591 non
2997 4537 3147 4590 irrita
3202 4537 3289 4589 illa
3338 4536 3604 4590 facturum

2046 4649 2188 4698 esse,
2215 4641 2400 4702 utpote
2430 4631 2596 4685 Deum
2626 4643 2893 4684 veracem.
2922 4627 3284 4692 Quamobrem
3315 4642 3422 4679 non
3444 4629 3634 4693 modo.

2048 4722 2453 4778 misericordias
2487 4732 2630 4784 tuas,
2666 4719 2911 4781 Domine,
2948 4719 3001 4773 in
3049 4725 3308 4772 aeternum
3349 4721 3632 4786 cantabo,

2049 4816 2143 4870 sed
2185 4817 2347 4869 etiam
2377 4815 2656 4866 veritatem
2704 4819 2851 4863 tuam
2899 4826 2995 4880 per
3031 4811 3275 4880 singulas
3305 4813 3609 4881 generatio—

2048 4922 2145 4960 nes
2168 4903 2522 4958 annuntiabo.
2559 4900 2675 4953 Etsi
2710 4899 2853 4952 enim
2893 4899 3072 4969 aliqua
3105 4900 3320 4954 interim
3350 4909 3607 4956 eventura

2048 5000 2178 5060 sint,
2211 5010 2331 5065 qua:
2355 4995 2464 5046 tuis
2496 4991 2680 5045 Davidi
2703 4991 2846 5045 datis
2879 4992 3362 5062 pollicitationibus
3391 5000 3607 5058 contra-

2047 5091 2130 5143 ria
2163 5088 2478 5152 videantur;
2530 5085 2885 5140 nihilominus
2928 5095 3109 5140 tamen
3143 5087 3307 5141 credo
3348 5100 3411 5138 ac
3449 5086 3608 5154 plane

2013 5195 2367 5252 “persuasum
2402 5179 2533 5232 mihi
2579 5187 2683 5242 est,
2718 5193 3027 5233 sermonum
3073 5187 3308 5242 tuorum,
3355 5176 3600 5242 Domine,

2048 5263 2326 5323 veritatem
2361 5277 2640 5337 nunquam
2671 5281 2793 5321 esse
2831 5267 3125 5336 lapsuram.
3156 5265 3278 5319 Ideo
3309 5280 3402 5334 per
3431 5273 3603 5319 totum

2046 5361 2169 5415 vita:
2217 5375 2349 5414 mea:
2393 5368 2606 5430 tempus
2655 5374 2765 5413 non
2813 5360 2971 5414 linem
3021 5357 3213 5412 faciam
3246 5357 3603 5412 annuntiandi

2047 5450 2332 5504 veritatem
2361 5458 2507 5504 tuam
2557 5452 2611 5505 in
2661 5466 2754 5505 ore
2797 5465 2936 5504 meo.
2970 5447 3165 5503 Verum
3201 5449 3362 5501 etiam
3400 5448 3603 5517 scripto

2047 5542 2423 5612 consignatam
2477 5543 2623 5596 illam
2661 5542 2892 5612 posteris
2937 5538 3142 5594 tradam
3173 5556 3187 5593 :
3215 5545 3275 5592 ut
3317 5539 3419 5608 ipsi
3465 5555 3604 5608 quo-

2046 5650 2174 5705 que,
2205 5633 2430 5706 perinde
2461 5643 2621 5705 atque
2647 5648 2767 5704 ego,
2819 5633 3146 5687 edoceantur
3178 5638 3232 5684 et
3259 5629 3473 5686 discant
3507 5648 3603 5703 per

2048 5726 2291 5798 singulas
2311 5727 2691 5798 generationes
2722 5727 3002 5782 veritatem
3036 5732 3183 5778 tuam
3209 5723 3265 5778 in
3295 5737 3389 5780 ore
3419 5722 3603 5795 ferrei,
