4406 6410
789 480 910 530 1071

1469 465 1730 521 EUSEBII
1765 460 2236 519 CIESARIENSIS
2272 460 2419 517 OPP.
2459 459 2637 514 PARS
2663 461 2756 514 Ill.
2795 487 2865 499 —
2900 452 3304 511 EXEGETICA.

3813 447 3966 503 -1072

782 599 844 637 ac
883 592 1196 651 persuasum
1245 575 1476 628 habeant
1529 585 1801 640 nunquam
1849 584 2008 638 posse
2051 570 2314 638 promissa
2346 585 2386 641 Α
2418 585 2522 639 ρειν

2228 582 2314 622 ssa
2346 585 2386 641 Α
2418 585 2549 639 ρειν,
2594 567 2686 620 καί⁵
2728 566 3012 618 πεπεῖσθαι
3064 564 3326 635 μηδέποτε
3371 561 3623 614 δύνασθαι
3662 560 3968 613 διαπίπτειν

781 682 871 726 tua
915 669 1174 725 excidere.
1212 665 1378 720 Totus
1419 671 1597 717 autem
1641 676 1840 726 sermo,
1883 660 2086 716 Christi
2120 675 2184 713 ex
2231 673 2318 713 se-

785 765 926 819 mine
949 760 1110 814 David
1136 756 1556 828 generationem,
1584 762 1637 810 et
1664 768 1888 823 regnum
1913 753 2030 821 ejus
2063 751 2323 804 vaticina-

784 862 890 927 tur.
921 849 1361 918 Quandoquidem
1395 846 1538 900 enim
1580 848 1636 898 in
1667 843 2094 913 praecedentibus
2119 842 2239 910 ejus
2269 843 2323 895 in

783 945 1088 1000 hominibus
1119 940 1390 1012 generatio
1433 938 1913 1009 praenuntiabatur,
1945 945 1999 988 ut
2038 935 2091 988 in
2119 935 2324 1003 psalmo

779 1051 976 1090 Lxxxvt
1030 1034 1359 1088 declaratum
1407 1039 1526 1096 est;
1588 1037 1642 1081 at
1690 1035 1883 1097 prater
1925 1025 2324 1096 generationem

779 1128 895 1194 ejus
927 1125 1069 1179 scitu
1095 1137 1308 1192 quoque
1341 1135 1476 1188 opus
1514 1128 1628 1173 erat
1655 1118 1795 1171 unde
1826 1115 2138 1185 proditurus
2159 1118 2322 1176 esset;

673 1285 677 1289 ι
780 1220 880 1271 hoc
915 1229 1149 1284 praesens
1195 1212 1470 1280 Scriptura
1511 1209 1818 1263 necessario
1851 1208 2027 1269 docet,
2060 1218 2178 1273 qua:
2203 1217 2327 1271 pro-

781 1307 1091 1360 missionem
1144 1301 1234 1355 Dei
1271 1301 1334 1353 ad
1380 1299 1629 1352 Davidem
1679 1298 1870 1350 factam
1918 1295 1984 1349 de
2016 1294 2234 1348 Christo
2261 1307 2326 1345 ex

783 1397 988 1452 semine
1015 1395 1132 1463 ejus
1156 1391 1434 1462 prodituro
1459 1389 1835 1458 complectitur
1863 1407 1874 1440 :
1904 1388 1974 1438 ita
2007 1397 2063 1438 ut
2087 1385 2173 1437 hic
2197 1398 2326 1436 con-

781 1494 1032 1557 gruenter
1081 1493 1202 1553 post
1256 1481 1635 1536 antecedentes
1676 1480 1912 1547 psalmos
1964 1476 2174 1546 positus
2234 1474 2323 1528 sit.

787 1578 1083 1646 lnscriptus
1128 1582 1308 1628 autem
1354 1573 1526 1627 solum
1555 1579 1660 1633 est,
1691 1570 2015 1632 Intellectus,
2055 1583 2116 1621 ac
2153 1580 2328 1635 neque

784 1669 1022 1738 psalmus
1061 1682 1235 1734 neque
1273 1665 1503 1733 hymnus
1530 1660 1750 1715 dicitur.
1785 1657 1968 1713 Fuerit
1999 1671 2126 1709 vero
2154 1654 2341 1710 canti-.

783 1775 902 1813 cum
933 1758 1323 1828 prOpheticum,
1361 1767 1421 1806 ea
1445 1766 1563 1820 quas
1596 1750 1891 1804 secundum
1941 1748 2109 1802 Deum
2135 1752 2218 1798 est
2252 1744 2328 1797 in-

2417 659 2513 721 τάς
2548 658 2644 721 σάς
2674 655 3016 724 ἐπαγγελίας.
3034 654 3091 707 '0
3119 655 3172 706 δέ
3203 655 3307 715 πᾶς
3335 653 3487 720 λόγος
3519 652 3616 721 τὴν
3639 653 3700 702 ἐκ
3727 650 3969 722 σπέρμα-

2417 767 2505 811 τος
2535 748 2694 802 Δαυῖδ
2723 748 2932 816 γένεσιν
2957 745 3047 798 τοῦ
3076 743 3307 814 Χριστοῦ
3339 743 3430 795 καὶ
3455 742 3551 812 τὴν
3583 741 3854 810 βασιλείαν
3877 742 3972 794 αὑ-

2418 838 2510 890 τοῦ
2541 833 3031 905 θεσπίζει.Ἐπειδὴ
3078 833 3184 902 γάρ
3216 831 3304 884 διὰ
3350 831 3455 884 τῶν
3489 821 3790 901 ἔμπροσθεν
3831 834 3862 901 ή
3895 833 3972 894 εἰς

2420 927 2732 998 ἀνθρώπους
2780 925 2987 994 γένεσις
3037 924 3198 976 αὑτοῦ
3241 923 3635 993 προεφητεύετο
3663 922 3799 974 κατά
3829 921 3896 974 τά
3917 923 3974 974 ἐν

2419 1019 2498 1087 τῷ
2527 1018 2579 1070 π’
2614 1018 2705 1070 καὶ
2733 1016 2783 1081 ς’
2811 1015 3005 1085 ψαλμῷ
3037 1015 3383 1084 παραστάντα
3405 1030 3416 1042 ·
3451 1014 3610 1082 ἐχρῆν
3636 1012 3691 1064 δέ
3735 1012 3866 1083 πρὸς
3906 1014 3973 1082 τῇ

2421 1108 2627 1174 γενέσει
2681 1106 2867 1175 μαθεῖν
2927 1106 3019 1157 καὶ
3073 1103 3233 1155 πόθεν
3285 1101 3700 1172 προελεύσεται·
3741 1101 3977 1153 διδάσκει

2421 1197 2577 1250 τοῦτο
2627 1197 2933 1264 ἀναγκαίως
2980 1197 3012 1264 ή
3064 1193 3309 1264 παροῦσα
3361 1193 3566 1263 Γραφὴ,
3600 1191 3694 1262 τὴν
3729 1192 3862 1262 πρὸς
3888 1191 3978 1243 τὸν

2423 1288 2579 1340 Δαυῖδ
2616 1287 2951 1355 ¹ἐπαγγελίαν
2989 1286 3081 1338 τοῦ
3111 1284 3243 1336 Θεοῦ
3289 1301 3324 1335 π
3362 1284 3413 1354 ρὶ
3454 1283 3546 1336 τοῦ
3580 1286 3642 1335 ἐκ
3672 1282 3979 1352 σπέρματος

2423 1378 2584 1431 αὑτοῦ
2613 1379 2700 1429 τὸν
2731 1377 2959 1447 Χριστὸν
2999 1372 3417 1445 προελεύσεσθαι
3447 1375 3769 1443 περιέχουσα
3790 1387 3803 1401 ·
3839 1370 3979 1422 ὥστε

2424 1469 2563 1538 ἔχειν
2595 1467 2909 1519 ἀκολουθίαν
2937 1466 3029 1517 καὶ
3052 1463 3242 1516 τοῦτον
3274 1464 3406 1532 πρὸς
3430 1463 3553 1524 τοὺς
3574 1461 3678 1531 πρὸ
3702 1461 3865 1514 αὑτοῦ
3888 1478 3983 1514 κα-

2422 1557 2847 1627 τατεταγμένους
2872 1555 3137 1626 ψαλμοὺς.
3174 1553 3476 1619 Συνέσεως
3497 1554 3552 1605 δέ
3581 1552 3980 1620 ἐπιγέγραπται

2424 1650 2583 1711 αὐτὸς
2617 1649 2793 1718 μόνον,
2823 1647 2945 1701 οὔτε
2989 1647 3044 1698 δὲ
3083 1645 3309 1716 ψαλμὺς,
3334 1644 3456 1697 οὔτε
3485 1643 3667 1714 ὕμνος.
3703 1644 3803 1712 Εῖη
3847 1642 3892 1694 δ’
3915 1641 3983 1694 ἂν

2425 1737 2533 1808 ᾠδὴ
2562 1716 2868 1807 προφητικὴ
2898 1733 3162 1798 συνέσεῶς
3189 1735 3287 1805 τῆς
3317 1734 3455 1786 κατά
3485 1734 3612 1786 Θεὸν
3640 1733 3981 1802 δεομένη.Δι’
4019 1716 4022 1719 ’

783 1822 1073 1920 ῐειιὶεοηιὶιι
1094 1824 1364 1918 indigens.
1397 1846 1576 1909 Quare
1613 1841 1816 1894 dictum
1849 1847 1951 1900 est.
1980 1838 2043 1890 In
2080 1832 2327 1891 aeternum
2425 1829 2453 1878 ὂ
2479 1828 2523 1878 λέ

2243 1853 2327 1890 ατη
2425 1829 2453 1878 ὂ
2479 1827 2722 1878 λέλεκται
2746 1842 2758 1854 '
2785 1828 2886 1890 Εἰς
2913 1826 3019 1877 τὸν
3043 1826 3224 1877 αἰῶνα
3251 1824 3487 1892 ᾄσομαι,
3524 1825 3638 1885 καί,
3662 1827 3746 1888 εἰς
3776 1822 3983 1891 γενεὰν

783 1942 1021 2006 cantabo,
1053 1949 1125 2002 et,
1160 1941 1212 1992 in
1241 1937 1620 2006 generationem
1641 1940 1687 1984 et
1716 1931 2095 2000 generationem
2123 1944 2326 1980 annun—
2358 1925 2398 1980 Β
2427 1919 2522 1971 καὶ

2245 1944 2326 1979 m-
2358 1925 2398 1980 B
2427 1919 2522 1971 καὶ
2553 1917 2762 1985 γενεὰν
2790 1916 3101 1985 ἀπαγγελῶ
3126 1915 3240 1983 τὴν
3267 1915 3561 1982 ἀλήθειά»Α
3573 1929 3710 1968 σου.
3729 1913 3859 1967 Ἀπὸ
3887 1912 3985 1983 μὲν

785 2035 921 2090 tiabo
970 2004 1445 2103 veritatem—tuam.
1501 2025 1583 2078 Ab
1630 2022 1716 2076 his
1764 2021 1960 2089 quippe
2009 2019 2210 2081 verbis,
2261 2016 2325 2070 In
2432 2009 2525 2077 γάς

2261 2016 2325 2070 In
2432 2009 2538 2077 γάρ
2567 2006 2659 2059 τοῦ
2681 2025 2694 2038 ·
2730 2010 2831 2072 Εἰς
2859 2008 2967 2060 τὸν
2996 2006 3176 2061 αἰῶνα
3203 2006 3438 2076 ᾄσομαι.
3476 2006 3612 2077 ᾠδὴν
3647 2005 3812 2076 αὐτὴν
3834 2004 3983 2058 ἐἰκό-

691 3220 698 3226 ’
788 3213 1064 3283 Prophetas
1116 3218 1344 3276 persona
1379 3213 1582 3282 sermo
1629 3197 1976 3260 enuntietur;
2029 3193 2117 3246 hic

784 2137 1030 2180 aeternum
1060 2120 1303 2182 cantabo,
1336 2119 1458 2187 jure
1495 2115 1768 2168 canticum
1800 2127 1920 2166 esse
1965 2111 2218 2176 dicatur;
2260 2110 2329 2164 ab

783 2218 891 2272 illis
921 2223 1119 2277 autem,
1163 2207 1495 2264 Annuntiabo
1537 2206 1805 2259 ueritatem
1841 2211 1979 2254 tuam
2017 2203 2069 2254 in
2115 2217 2330 2270 genera-

784 2313 972 2363 tionem
1001 2315 1049 2359 et
1081 2304 1482 2374 generationem,
1504 2305 1558 2352 et
1591 2311 1620 2349 a
1643 2286 2012 2364 sequentibus,
2045 2292 2328 2362 prophetia

785 2400 966 2455 fuerit.
1009 2397 1192 2448 Dictus
1251 2400 1428 2445 autem
1470 2396 1554 2443 est
1585 2387 1783 2440 1Etban
1829 2384 2224 2453 Ezraitaa:qua
2263 2382 2330 2436 de

786 2507 843 2545 re
872 2491 925 2543 in
952 2489 1102 2557 prius
1131 2481 1413 2553 explicatis
1442 2478 1662 2549 psalmis
1682 2491 1779 2545 pro
1810 2474 2063 2528 facultate
2087 2473 2331 2543 disputa-

785 2591 897 2635 tum
923 2595 950 2631 a
981 2577 1137 2631 nobis
1167 2582 1267 2628 est.

856 2668 1020 2722 Vens.
1062 2666 1115 2718 5.
1168 2661 1428 2728 Quoniam
1474 2657 1678 2719 dixisti,
1724 2654 1789 2708 In
1835 2662 2082 2708 aeternum
2129 2650 2332 2704 miseri-

785 2760 964 2814 cordia
1011 2753 1392 2823 wdiﬁcabitur,
1438 2751 1494 2802 in
1537 2749 1677 2801 coriis
1713 2744 2096 2814 prmparabitur
2144 2743 2331 2795 veritas

786 2862 895 2906 tua.
927 2849 1032 2902 Pro
1055 2848 1146 2900 illo
1177 2853 1376 2905 autem,
1411 2841 1670 2906 Quoniam
1703 2839 1908 2899 dixisti,
1952 2835 2143 2904 Aquila
2167 2834 2333 2886 inter-

786 2948 1027 3014 pretatus
1056 2947 1158 2999 est,
1183 2933 1441 2998 Quoniam
1469 2930 1615 2990 dixi;
1650 2925 2005 2997 Symmachus
2038 2937 2184 2984 vero,
2213 2937 2335 2989 quo-

785 3011 929 3086 niam
985 3027 1129 3089 dixi;
1184 3020 1485 3076 Theodotio
1539 3017 1824 3078 similiter,
1878 3013 2137 3078 Quoniam
2187 3011 2331 3073 disci;

785 3123 971 3191 quinta
1004 3118 1130 3170 item
1158 3112 1345 3174 editio,
1383 3108 1641 3183 Quoniam
1678 3105 1824 3166 dimi;
1853 3103 2008 3173 quasi
2036 3101 2241 3156 scilicet
2269 3115 2334 3155 ex

2171 3206 2333 3261 porro

788 3313 905 3362 erat
932 3301 1132 3357 tEtban
1179 3295 1441 3354 Ezraites,
1500 3288 1780 3349 uttitulus
1829 3284 2086 3339 declarat.

790 3396 931 3453 modi
974 3405 1102 3447 vero
1152 3385 1470 3443 sententiam
1515 3379 1782 3449 Propheta
1829 3376 2138 3432 subindicat
2176 3371 2332 3427 :Jam

791 3498 943 3545 antea
977 3481 1109 3547 dixi,
1155 3475 1548 3532 Misericordia:
1585 3470 1796 3525 Domini
1825 3473 1879 3520 in
1922 3476 2174 3548 internum
2207 3479 2336 3516 can-

789 3589 927 3643 tabo.
965 3586 1020 3641 ld
1054 3593 1234 3640 autem
1267 3581 1360 3650 qui
1384 3578 1502 3633 ﬁeri
1540 3579 1734 3646 possit,
1765 3573 1870 3625 nisi
1916 3568 2088 3638 prima
2118 3567 2209 3619 illa
2242 3563 2334 3618 Dei

790 3678 1181 3737 misericordia,
1217 3673 1284 3727 ab
1311 3671 1464 3725 initio
1487 3675 1541 3723 et
1568 3681 1597 3719 a
1621 3663 1844 3736 conditu
1875 3658 2062 3715 mundi
2087 3658 2141 3710 in
2163 3655 2337 3709 homi-

790 3773 950 3826 nibus
981 3768 1224 3825 l'undata.
1267 3759 1512 3830 sequenti
1543 3767 1784 3824 tempore
1815 3748 2133 3810 accreverit,
2170 3752 2222 3800 et
2254 3746 2337 3804 in-

792 3872 905 3918 star
946 3858 1152 3915 :edilicii
1196 3852 1562 3908 accessionem
1594 3842 1877 3901 habuerit?
1920 3839 2054 3894 Nam
2089 3837 2181 3892 Dei
2210 3849 2336 3906 erga

793 3951 1035 4007 homines
1077 3943 1448 4003 misericordia
1494 3938 1737 4010 quotidie
1784 3934 2016 3998 crescit,
2072 3937 2125 3986 et
2182 3927 2337 3998 quasi

793 4045 996 4100 fabrica
1047 4048 1272 4110 augetur
1323 4044 1375 4091 et
1409 4032 1707 4090 exstruitur
1742 4028 1795 4081 in
1849 4019 2250 4096 generationem
2284 4027 2338 4073 et

793 4131 1213 4206 generationem.
1232 4127 1368 4194 Quia
1394 4127 1555 4195 igitur
1577 4122 1688 4177 dixi
1721 4130 1772 4174 et
1800 4116 2078 4177 alIirmavi,
2103 4114 2156 4167 in
2185 4119 2339 4165 aeter-

793 4205 922 4279 num
970 4218 1396 4275 misericordiam
1437 4215 1534 4268 Dei
1557 4209 1928 4266 aediﬁcandam
1957 4221 2099 4268 esse,
2139 4212 2192 4260 et
2219 4205 2339 4258 ideo

795 4331 879 4370 me
923 4309 1325 4366 misericordias
1382 4307 1500 4374 ejus
1561 4305 1616 4356 in
1672 4311 1929 4356 aeternum
1996 4297 2340 4353 Cantaturum

793 4421 948 4470 esse;
978 4419 1083 4457 non
1115 4399 1468 4473 ignorandum
1491 4403 1592 4460 est,
1622 4392 1770 4446 verbi
1796 4394 2076 4445 veritatem
2107 4389 2160 4441 in
2187 4388 2340 4442 ccelis

793 4493 1199 4567 prmparandam
1225 4507 1367 4546 esse.
1411 4486 1650 4541 Terrena
1680 4484 1879 4553 quippe
1915 4479 2127 4551 negotia
2159 4487 2212 4533 et
2240 4481 2338 4533 ho-

796 4590 998 4643 minum
1058 4586 1258 4641 malitia
1312 4597 1418 4636 non
1465 4579 1689 4633 multam
1739 4574 1887 4629 verbi
1941 4572 2338 4626 accurationem
2375 4607 2417 4659 D
2447 4572 2536 4664 7:2“

1710 4574 1887 4682 -νθξδί
2375 4607 2417 4659 D
2447 4572 2663 4664 animi.“
2693 4572 2971 4680 ἐμφαίνειν
3103 4572 3450 4682 ἀκριὸἐςντοῦ

793 4681 1048 4736 exhibere
1099 4684 1358 4748 possunt;
1415 4672 1540 4744 quia
1590 4669 1756 4723 multa
1801 4667 1857 4719 in
1900 4665 2010 4717 vita
2065 4664 2341 4718 hominum

798 4770 1188 4841 inaequabilitas
1218 4779 1318 4822 est.
1342 4766 1538 4819 Verum
1566 4761 1820 4831 quoniam
1848 4756 2114 4827 promissa
2143 4755 2255 4818 Dei,
2279 4755 2344 4809 ad

795 4862 1048 4918 Davidem
1086 4859 1249 4920 facta,
1289 4858 1468 4912 divina
1497 4870 1560 4908 ac
1594 4852 1836 4906 coelestia
1866 4855 2012 4912 sunt,
2060 4863 2254 4918 neque,
2288 4855 2347 4900 ut

795 4954 962 5010 Judmi
1025 4951 1392 5020 suspicantur,
1440 4958 1654 5003 terrena
1699 4955 1753 5000 et
1803 4958 2099 5012 corporea;
2157 4956 2220 4997 ea
2278 4942 2345 4995 de

796 5061 960 5102 causa
984 5046 1106 5115 jure
1133 5041 1406 5110 Propheta
1441 5040 1591 5107 prius
1615 5036 1916 5106 distinguit.
1955 5052 2060 5089 non
2097 5037 2151 5088 in
2178 5043 2343 5099 terra,

797 5138 890 5190 sed
930 5138 981 5189 in
1036 5133 1192 5189 ccelis
1236 5132 1515 5186 Veritatem
1557 5129 1948 5198 promissorum
1998 5126 2090 5181 Dei
2141 5142 2349 5197 praepa-

799 5226 1021 5300 randam
1050 5241 1190 5281 esse.
1220 5222 1580 5290 Quamobrem
1618 5220 1972 5291 Symmachus
2011 5220 2123 5274 haec
2147 5220 2348 5273 clarius

797 5319 1022 5387 explicat
1047 5319 1234 5374 dicens
1261 5337 1272 5372 :
1304 5315 1369 5370 In
1393 5316 1532 5369 cretis
1555 5313 1865 5383 fundabitur
1909 5315 2098 5368 ueritas
2129 5324 2240 5365 tua.

872 5514 1032 5570 Vens.
1057 5514 1172 5570 4—6.
1224 5515 1465 5583 Disposui
1487 5524 1852 5569 testamentum
1880 5515 2052 5568 electis
2087 5516 2234 5575 meis,
2251 5513 2345 5582 ju-

804 5607 913 5657 ravi
942 5605 1108 5659 David
1137 5622 1280 5659 servo
1322 5624 1454 5672 meo,
1479 5607 1648 5678 Usque
1676 5609 1727 5661 in
1763 5615 2011 5660 internum
2039 5605 2344 5676 prmparabo

804 5713 972 5748 semen
1004 5707 1170 5761 tuum,
1201 5707 1250 5751 et
1279 5699 1549 5769 aediﬁcabo
1574 5702 1629 5753 in
1656 5701 2033 5770 generationem
2065 5709 2112 5753 et
2140 5716 2349 5770 genera-

808 5788 992 5838 tionem
1011 5787 1249 5842 thronum
1274 5799 1438 5843 tuum.
1465 5791 1790 5860 Diapsalma.
1817 5790 2211 5860 Conﬁtebuntur
2231 5793 2347 5845 coeli

809 5876 1073 5930 mirabilia
1108 5888 1219 5945 tua,
1263 5879 1500 5948 Domine,
1543 5886 1730 5939 etenim
1785 5885 2050 5938 veritatem
2101 5895 2244 5938 tuam
2293 5887 2346 5940 in

2430 2115 2537 2159 τως
2559 2097 2623 2150 ἄν
2652 2115 2734 2159 τις
2762 2098 2919 2150 εἴποι·
2959 2098 3063 2151 ἀπὸ
3089 2098 3144 2151 δὲ
3166 2098 3258 2150 τοῦ
3279 2113 3292 2128 ·
3336 2097 3662 2167 Ἀπαγγελῶ
3694 2097 3808 2164 τὴν
3833 2095 3984 2164 ἀλή-

2435 2187 2594 2241 θειάν
2621 2203 2733 2240 σου
2756 2191 2840 2252 εἰς
2862 2189 3070 2257 γενεὰν
3099 2190 3196 2242 καὶ
3218 2189 3449 2257 γενεὰν,
3480 2190 3572 2242 καὶ
3601 2189 3706 2242 ἀπὸ
3728 2189 3835 2240 τῶν
3860 2187 3988 2258 ἑξῆς

2434 2277 2844 2348 ἐπιλεγομένων,
2882 2281 3230 2350 προφητείαν.
3267 2280 3523 2332 Λέλεκται
3576 2279 3631 2332 δὲ
3679 2279 3843 2332 Δίθάν
3889 2277 3984 2330 τοῦ

2447 2370 2750 2441 Ἐσδραῖτου
2779 2372 2904 2440 περί
2921 2367 2988 2424 οῦ
3015 2371 3083 2423 τά
3113 2371 3457 2442 παραστάντα
3481 2365 3538 2422 ἐν
3563 2372 3674 2433 τοῖς
3704 2383 3990 2441 προτεχνο-

2434 2460 2775 2530 λογουμένοις
2796 2461 2903 2513 τῶν
2934 2461 3158 2533 ψαλμῶν
3185 2462 3553 2532 διειλήφαμεν.

2505 2629 2623 2680 ’Ότι
2668 2625 2839 2696 εἶπας
2862 2647 2875 2660 ·
2913 2633 3015 2696 Εἰς
3039 2632 3144 2686 τὸν
3173 2633 3354 2686 αἰῶνα
3390 2633 3560 2700 ἕλεος
3602 2632 3989 2703 οὶκοδομηθή-
4023 2652 4045 2666 '

2436 2734 2624 2785 σεται,
2674 2722 2743 2775 ἐν
2787 2722 2910 2788 τοῖς
2940 2721 3214 2792 οὐρανοῖς
3243 2724 3727 2794 ἐτοιμασθήσεται
3771 2727 3809 2794 ἠ
3841 2724 3992 2791 ἀλή-
4045 2791 4048 2797 ι

2437 2812 2564 2866 θειά
2594 2827 2727 2866 σου.
2745 2814 2888 2867 ’Δντὶ
2917 2814 3009 2867 τοῦ
3030 2833 3043 2845 ·
3081 2817 3196 2868 ’Ότι
3229 2813 3419 2881 εἶπας,
3447 2817 3475 2867 ὁ
3505 2816 3601 2886 μὲν
3643 2815 3866 2877 Ἀκύλας
3894 2817 3993 2885 ἠρ-

2442 2904 2732 2972 μήνευσεν·
2767 2906 2885 2957 Ὅτι
2914 2902 3049 2957 εἶπα
3067 2921 3081 2936 ο
3124 2908 3151 2958 ό
3180 2907 3235 2958 δὲ
3266 2907 3554 2976 Σύμμαχος
3573 2923 3586 2935 ·
3628 2907 3749 2957 ’Ότι
3785 2900 3956 2957 εἷπον
3975 2919 3990 2935 ⁸

2440 2991 2533 3044 καί.
2574 2993 2601 3043 ὁ
2628 2991 2914 3044 Θεοδοτίων
2945 2995 3171 3062 ὁμοίως·
3207 2994 3324 3046 Ὅτι
3352 2991 3522 3047 εἷπον
3545 3011 3558 3024 ⁸
3591 2996 3684 3047 καὶ
3709 2998 3739 3064 ἡ
3772 2995 3990 3065 πέμπτη

2439 3079 2643 3143 έκδοσις
2663 3097 2674 3108 ·
2717 3081 2832 3132 ’Ὁτι
2859 3078 3024 3134 εἴπα·
3072 3082 3145 3145 ώς
3176 3084 3238 3134 ἐκ
3277 3082 3560 3152 προσώπου
3589 3082 3680 3134 τοῦ
3711 3083 3992 3152 Προφήτου

2439 3167 2727 3237 λεγομένου
2750 3167 2844 3220 τοῦ
2871 3165 3224 3236 λόγου.οῦτος
3251 3170 3305 3222 δέ
3332 3166 3397 3240 ἦν
3427 3169 3591 3222 Αίθὰν
3610 3172 3637 3222 ό
3661 3170 3989 3240 Ἐσδραϊτης,

2129 3252 2332 3350 ιιῖιίυε.
2364 3269 2405 3324 C
2436 3259 2510 3350 ᾡς
2544 3259 2897 3350 ἡᾼξιτρογραφή
2925 3252 3236 3331 παρίστησι.
3261 3259 3522 3330 Τοιαύτη-ι
3550 3260 3605 3312 δέ
3623 3277 3740 3313 τινα
3764 3261 3994 3314 διάνοιαν

2439 3348 2691 3400 ὐποΰάλοι
2725 3348 2788 3401 ἂν
2820 3350 2848 3399 ὁ
2885 3350 3172 3420 Προφήτης
3193 3367 3205 3379 ·
3240 3350 3450 3411 Φθάσας
3487 3349 3588 3419 ήδη
3624 3349 3883 3419 πρότερον
3915 3344 3994 3401 εἷ-

2440 3453 2538 3490 πον
2560 3454 2573 3467 ο
2622 3440 2701 3490 ὅτι
2740 3438 2813 3489 Τὰ
2857 3439 2994 3506 mn
3022 3438 3126 3492 τοῦ
3154 3441 3370 3507 Kvpt'ov
3394 3443 3479 3505 εἰς
3515 3440 3620 3493 τὸν
3654 3440 3834 3495 αἰῶνα
3854 3439 3993 3506 ᾄσο-

2432 3544 2555 3595 μαι.
2585 3528 2738 3581 Τοῦτι
2803 3529 2859 3582 δὲ
2913 3530 3027 3593 πῶς
3083 3531 3196 3582 ποτ’
3222 3531 3285 3584 ἂν
3332 3531 3537 3598 γένοιτο
3584 3531 3616 3601 ἢ
3657 3531 3749 3584 τοῦ
3785 3530 3992 3602 πρώτου

2438 3615 2621 3679 ἐλέους
2653 3617 2745 3670 τοῦ
2771 3617 2903 3670 Θεοῦ
2932 3618 2989 3684 ἐξ
3016 3620 3188 3689 ἀρχῆς
3213 3621 3305 3672 καὶ
3337 3620 3442 3672 ἀπδ
3471 3620 3690 3692 πρώτης
3729 3637 3992 3690 κοσμογο-

2439 3705 2556 3770 νίας
2600 3707 3022 3778 καταϐληθέντος
3072 3711 3151 3772 εἰς
3199 3709 3533 3782 ἀνθρώπους,
3584 3703 3819 3764 ἐπίδοσιν
3858 3711 3996 3763 κατὰ

2439 3799 2659 3867 χρόνους
2685 3798 3064 3869 λαμϐάνοντος,
3093 3800 3186 3851 καὶ
3211 3800 3363 3870 δίκην
3392 3802 3679 3872 οἰκοδομῆς
3709 3801 3993 3866 αὖξοντος;

2439 3887 2598 3952 Αὔξει
2616 3889 2723 3959 γὰρ
2758 3889 3023 3959 ὁσημέραι
3042 3890 3101 3942 τὸ
3125 3889 3269 3952 ἐλεος
3290 3889 3382 3942 τοῦ
3404 3889 3536 3952 Θεοῦ
3558 3895 3635 3954 εἰς
3659 3891 3992 3962 ἀνθρώπους,

2441 3981 2533 4032 καὶ
2551 3979 2705 4050 δίκην
2732 3981 3014 4051 οἰκοδομῆς
3035 3981 3330 4052 προκόπτει
3359 3982 3450 4036 καὶ
3470 3982 3823 4051 οἰκοδομεῖται
3853 3983 3992 4035 κατά

2441 4071 2628 4139 γενεὰν
2649 4072 2740 4123 καὶ
2762 4071 2970 4138 γενεάν.
2991 4064 3200 4142 Ἐπειδὴ
3221 4072 3395 4124 τοίνυν
3415 4068 3564 4125 εἷπον
3584 4073 3676 4126 καὶ
3689 4071 3995 4127 διεϐεϐαιω-

2443 4161 2640 4230 σάμην,
2666 4163 2743 4214 ὅτι
2776 4162 2854 4224 εἰς
2887 4162 2976 4214 τὸν
3005 4161 3173 4215 αἰῶνα
3200 4161 3260 4214 τὸ
3280 4161 3422 4225 ἔλεος
3452 4162 3542 4215 τοῦ
3562 4161 3693 4216 Θεοῦ
3714 4163 3996 4233 οἰκοδομη-

2443 4249 2682 4320 θήσεται,
2709 4251 2799 4303 καὶ
2848 4250 2933 4303 διά
2977 4251 3132 4304 τοῦτο
3163 4252 3231 4306 τά
3255 4251 3377 4323 ἐλέη
3407 4251 3566 4305 αὐτοῦ
3598 4253 3676 4316 εἰς
3701 4252 3792 4307 τὸν
3829 4254 4000 4306 αἰῶνα

2444 4341 2662 4411 ᾄσομαι,
2695 4345 2754 4395 οὐ
2781 4345 3041 4414 προσήκει
3064 4345 3293 4413 ἀγνοεῖν,
3316 4345 3394 4397 ὅτι
3422 4343 3514 4397 τοῦ
3541 4345 3696 4414 λόγου
3718 4348 3749 4416 ή
3777 4345 4000 4414 ἀλήθεια

2445 4433 2500 4482 ἐν
2549 4433 2660 4492 τοῖς
2704 4431 2949 4500 οὐρανοῖς
2994 4433 3457 4503 ἐτοιμασθήσεται.
3490 4436 3568 4488 Τὰ
3597 4436 3705 4506 γάρ
3753 4435 4002 4506 περίγεια

2446 4518 2742 4588 πράγματα
2771 4520 2865 4571 καὶ
2904 4522 2935 4589 ή
2969 4523 3025 4572 ἐν
3061 4520 3362 4591 ἀνθρώποις
3399 4523 3560 4575 κακία
3594 4524 3790 4587 δόξειεν
3820 4525 3886 4578 ἂν
3924 4525 4014 4599 μὴ,

3484 4614 3661 4681 λόγου,
3694 4614 3770 4685 τῷ
3803 4614 4000 4686 πολλὴν

2447 4703 2754 4792 ἀνωμαλίαν
2804 4699 2940 4756 εἰναι
2988 4703 3161 4756 δοκεῖν
3211 4705 3347 4758 κατὰ
3388 4706 3477 4759 τὸν
3501 4705 3831 4777 ἀνθρώπινον
3867 4708 3998 4778 βίον.

2458 4793 2594 4850 ’Ἀλλ’
2618 4794 2910 4865 ἐπειδήπερ
2942 4795 2998 4847 αἰ
3024 4795 3341 4864 ἐπαγγελίαι
3367 4795 3458 4848 τοῦ
3488 4795 3642 4862 Θεοῦ,
3674 4799 3727 4851 αἰ
3757 4798 3889 4869 πρὸς
3908 4799 4000 4852 τὸν

2446 4886 2606 4939 Δαυῒδ
2626 4886 3003 4957 γεγενημέναι,
3023 4886 3159 4941 θεῖαι
3181 4889 3272 4941 καὶ
3294 4889 3530 4959 οὐράνιοι
3551 4891 3885 4960 τυγχάνουσι,
3909 4893 4000 4945 καὶ

2446 4977 2561 5046 οὐχ,
2583 4978 2655 5038 ὡς
2686 4976 2750 5029 ἂν
2777 4977 3088 5031 ὑπολάϐοιεν
3123 4981 3386 5033 Ἰουδαίων
3422 4982 3623 5043 παῖδες,
3657 4982 3875 5048 γεώδεις
3907 4986 4000 5036 καί⁵

2449 5072 2769 5138 σωματικαί·
2794 5074 3013 5135 εἰκότως
3039 5074 3125 5127 διὰ
3150 5074 3305 5127 τοῦτο
3330 5075 3792 5145 προδιαστέλλεται
3815 5080 3842 5129 ὁ
3865 5081 4002 5148 Προ-

2448 5161 2641 5230 φήτηςν
2672 5164 2753 5215 δτι
2787 5164 2859 5235 μὴ
2892 5166 2981 5218 ἐπὶ
3011 5165 3110 5235 τῆς
3150 5165 3269 5235 γῆς,
3304 5166 3416 5217 ἀλλ’
3444 5167 3501 5218 ἐν
3532 5170 3641 5230 τοῖς
3691 5168 3934 5239 οὐρανοῖς
3965 5169 3997 5235 ἡ

2446 5251 2671 5320 ἀλήθεια
2719 5255 2823 5306 τῶν
2867 5255 3199 5323 ἐπαγγελιῶν
3230 5254 3323 5308 τοῦ
3371 5255 3503 5308 Θεοῦ
3537 5256 3998 5327 ἑτοιμασθήσεται.

2456 5342 2650 5412 Διόπερ
2681 5344 2708 5394 ό
2740 5345 3027 5416 Σύμμαχος
3060 5346 3382 5418 σαφέστερον
3423 5350 3759 5419 ήρμήνευσεν
3794 5345 3958 5400 εἰπών
3980 5360 3998 5374 ·

2470 5427 2564 5483 Ἐν
2587 5432 2708 5498 τοῖς
2740 5436 3012 5503 οὐρανοῖς
3039 5436 3464 5504 ἑδρασθήσεται
3503 5441 3540 5506 ἡ
3575 5437 3818 5506 ἀλήθειά
3861 5451 3996 5489 σου.

2514 5524 2789 5608 ᾼιεθέμην
2815 5526 3102 5595 διαθήκην
3131 5529 3252 5596 τοῖς
3288 5531 3586 5597 ἐκλεκτοῖς
3613 5548 3732 5600 μου
3755 5547 3767 5559 ·
3795 5527 3997 5595 ὤμοσα

2446 5617 2623 5670 Δαυῒδ
2659 5617 2738 5682 τῷ
2762 5619 2954 5684 δούλῳ
2983 5637 3132 5686 μου)
3172 5623 3314 5688 Ἕως
3341 5625 3443 5677 τοῦ
3471 5621 3682 5688 αἰῶνος
3707 5617 3994 5687 ἑτοιμάσω

2433 5709 2506 5763 τὸ
2540 5708 2775 5779 σπέρμα
2814 5727 2946 5774 σου,
2977 5713 3071 5766 καί
3119 5714 3487 5784 οἰκοδομήσω
3525 5719 3609 5780 εὶς
3658 5712 3865 5784 γενεὰν
3896 5710 3995 5764 καί

2452 5801 2661 5867 γενεὰν
2703 5799 2808 5852 τὸν
2845 5802 3058 5867 θρόνον
3092 5817 3227 5859 σου.
3268 5804 3594 5873 Διάψαλμα.
3615 5797 3999 5870 Ἐξομολοτή-

2453 5907 2659 5946 σονται
2690 5896 2740 5946 οἱ
2770 5894 3003 5960 οὐρανοί
3054 5895 3123 5950 τὰ
3167 5896 3461 5963 θαυμάσια
3495 5913 3628 5962 σου,
3670 5896 3858 5963 Κύριε,
3898 5891 3995 5945 καὶ
