4406 6432
406 551 540 606 1073

1581 527 2078 601 οοΜιιΕΝτΑιιιΑ
2117 546 2181 599 IN
2221 545 2554 601 essurus.

3451 551 3584 595 10.14-

404 666 511 732 γὰρ
531 664 645 730 τὴν
662 663 950 730 ’ἀλήθειάν
974 678 1087 717 σου
1110 662 1168 716 ἐν
1210 661 1526 728 Ἐκκλησία
1544 661 1742 730 ἁγίων.
1764 661 1953 730 Σαφῶς
1985 668 2027 724 Α
2058 661 2144 714 Ea

1845 661 1953 730 φῶς
1985 668 2027 724 Α
2058 661 2294 714 Ecclesia
2318 668 2638 714 sanctorum.
2675 655 2797 709 Haec
2826 670 2890 709 es
2921 668 3146 724 persona
3174 653 3267 708 Dei
3308 652 3585 708 manifeste

402 752 570 804 ταῦτα
608 753 672 802 ὲκ
707 751 992 822 προσώπου
1029 750 1121 802 τοῦ
1155 748 1286 800 Θεοῦ
1317 747 1555 818 εἴρηταιο
1596 749 1783 818 διόπερ
1806 749 1949 801 δοκεῖ

406 857 494 907 μοι
539 839 687 909 παρὰ
725 842 834 901 τοῖς
874 838 1267 907 Ἐδδομήκοντα
1307 835 1560 905 ἀνωτέρω
1583 835 1828 905 ειρῆσθαι
1855 836 1943 888 τό·

404 930 530 980 Ὀτι
557 925 755 992 εἶπας·
790 932 891 992 Εἰς
936 927 1040 980 τὸν
1077 925 1257 978 αἰῶνα
1285 926 1453 990 ἔλεος
1498 925 1948 992 οἰκοδομηθήσε-

401 1034 512 1082 ται,
545 1019 614 1070 ἐν
648 1018 771 1083 τοῖς
802 1016 1075 1084 οὐρανοῖς
1112 1015 1598 1083 ὲτοιμασθήσεται
1631 1016 1668 1081 ἡ
1703 1015 1950 1082 ἁλήθειά

400 1123 544 1160 σου·
581 1105 661 1171 οἶς
694 1108 1018 1176 ὲπισυνῆπτε
1062 1105 1152 1156 τόο
1204 1104 1481 1172 Διεθέμην
1514 1102 1797 1170 διαθήκην
1827 1102 1949 1168 τοῖς

399 1197 696 1261 ἐκλεκτοῖς
725 1214 842 1264 μου
861 1213 872 1225 ·
911 1196 995 1247 ἵνα
1037 1194 1156 1247 καθ’
1187 1193 1489 1263 ὑπερϐατὸν
1512 1194 1592 1262 εἴη
1625 1193 1792 1264 οῦτως
1815 1193 1948 1263 ἔχων

399 1286 426 1336 ὀ
455 1286 573 1347 νοῦς
603 1285 706 1337 τῶν
743 1283 1141 1354 προκειμένωνο
1184 1281 1400 1351 Ἐπειδὴ
1446 1282 1508 1333 σὺ
1548 1282 1726 1342 αὐτὸς,
1761 1274 1805 1333 ὧ
1834 1281 1945 1334 Κύ-

403 1390 504 1443 ριε,
532 1378 586 1426 ἐν
623 1377 737 1436 ταῖς
781 1375 906 1442 περὶ
945 1373 1036 1425 τοῦ
1072 1372 1229 1425 Δαυῒδ
1257 1373 1605 1440 ἐπαγγελίαις
1634 1369 1815 1434 εἶπας·
1855 1373 1947 1433 Et;

398 1466 488 1517 τὸν
516 1465 682 1517 αἰῶνα
713 1465 774 1516 τὸ
801 1464 942 1527 ἔλεός
972 1481 1070 1534 μου
1098 1464 1157 1515 τὸ
1184 1464 1319 1533 πρὸς
1357 1464 1446 1515 τὸν
1477 1463 1655 1526 Δαυῖδ,
1682 1463 1714 1533 ἢ
1756 1463 1848 1515 καὶ
1888 1463 1946 1514 τὸ

399 1557 478 1618 εἰς
511 1557 714 1617 πάντας
748 1553 1059 1624 ἀνθρώπους
1092 1552 1598 1624 οἰκοδομηθήσεται⁸
1644 1554 1736 1605 καὶ
1778 1571 1945 1624 προσ-

400 1644 598 1714 έθηκας
642 1645 839 1711 λέγων·
872 1643 1147 1712 Διεθέμην
1169 1641 1457 1709 διαθήκην
1497 1643 1620 1708 τοῖς
1650 1644 1946 1708 ἐκλεκτοῖς

394 1748 532 1799 μου,
577 1733 693 1801 ἦτοι
738 1732 1002 1802 ἐπιλέκτῳ
1046 1750 1168 1802 μου,
1210 1733 1334 1784 καί·
1364 1735 1606 1800 ⁸ᾯμοσα
1643 1732 1826 1784 Δαυῒδ
1868 1731 1946 1796 τῷ

399 1822 592 1885 δούλῳ
630 1838 769 1890 μου,
816 1824 907 1874 καὶ
952 1823 1019 1875 τὰ
1067 1821 1268 1884 τούτοις
1299 1821 1589 1874 ὰκόλουθα’
1629 1806 1942 1889 πέπεισμαι,

399 1914 482 1965 ὃτι
511 1911 704 1964 οὔποτε
733 1908 1204 1981 διαψευσθήσονταί
1232 1928 1323 1962 σου
1366 1912 1421 1964 αἱ
1455 1911 1792 1977 ἐπαγγελίαι,
1855 1911 1947 1980 μέ-

2054 753 2198 805 dicta
2251 762 2378 805 sunt
2411 769 2422 802 :
2459 764 2522 802 ac
2552 747 2766 801 videtur
2811 745 2941 798 mihi
2993 745 3113 797 ideo
3145 745 3285 813 apud
3318 742 3456 797 LXX
3499 760 3584 798 su-

2053 843 2234 910 perius
2280 842 2483 895 dictum
2536 838 2704 892 fuisse
2728 879 2742 902 ,
2783 837 3041 902 Quoniam
3074 835 3252 886 dixisti
3282 850 3300 886 :
3329 833 3396 886 In
3439 843 3589 888 wter—

2053 948 2175 984 num
2204 929 2560 983 misericordia
2587 926 2950 995 wdiﬁcabitur,
2970 928 3022 978 in
3048 925 3186 978 cazlis
3210 924 3590 992 prwparabitur

2051 1022 2238 1074 veritas
2265 1020 2595 1088 tua;quibus
2625 1017 2736 1070 haec
2757 1016 3131 1077 subdiderunt,
3153 1012 3394 1080 Disposui
3427 1023 3587 1066 testa-

2052 1120 2279 1163 mentum
2314 1110 2487 1170 electis
2528 1109 2688 1168 meis;
2724 1115 2781 1158 ut
2812 1120 2906 1174 per
2937 1105 3267 1173 hyperbaton
3298 1103 3424 1156 dicti
3469 1117 3591 1155 sen-

2050 1201 2218 1254 tentia
2272 1202 2350 1255 sic
2394 1186 2762 1268 exprimatur:
2793 1194 3052 1260 Quoniam
3083 1202 3138 1245 tu
3184 1194 3317 1260 ipse,
3347 1190 3588 1255 Domine,

2051 1291 2105 1342 in
2135 1289 2588 1357 promissionibus
2611 1286 2826 1339 Davidis
2851 1284 3033 1338 dixisti
3069 1302 3080 1336 :
3114 1284 3171 1335 ln
3203 1293 3459 1334 aeternum
3494 1283 3590 1333 mi-

2051 1379 2345 1434 sericordia
2376 1394 2494 1432 mea
2526 1392 2654 1446 erga
2686 1376 2960 1436 Davidem,
2989 1373 3101 1427 sive
3130 1386 3252 1440 erga
3280 1386 3464 1424 omnes
3496 1373 3589 1423 ho-

2050 1469 2223 1522 mines
2289 1467 2677 1532 aediﬁcabitur;
2737 1474 2788 1519 et
2838 1466 2952 1518 haec
3006 1463 3281 1530 adjecisti,
3345 1462 3590 1528 Disposui

2051 1566 2413 1611 testamentum
2458 1558 2630 1609 electis
2673 1557 2822 1618 meis,
2855 1556 3080 1618 scilicet,
3115 1555 3284 1608 electo
3324 1568 3464 1615 meo,
3515 1560 3585 1615 et,

2047 1647 2234 1701 Juravi
2266 1647 2435 1701 David
2461 1664 2603 1700 servo
2629 1663 2759 1709 meo,
2791 1654 2844 1698 et
2877 1655 3067 1698 caetera
3090 1658 3440 1713 :persuasum
3465 1643 3594 1696 mihi

2049 1747 2134 1793 est
2169 1737 2434 1807 prcmissa
2491 1744 2584 1788 tua
2628 1748 2901 1804 nunquam
2954 1722 3121 1785 irrita
3152 1733 3286 1796 fore,
3319 1734 3412 1786 sed
3466 1747 3588 1785 vera

2050 1830 2312 1896 ﬁrmaque
2343 1837 2598 1880 mansura
2633 1841 2795 1887 esse;
2829 1823 2920 1878 sed
2973 1838 3083 1875 non
3129 1821 3225 1884 ita,
3263 1830 3319 1874 ut
3349 1823 3402 1875 in
3450 1832 3587 1876 terra

2051 1917 2348 1970 consistant
2381 1935 2392 1969 :
2425 1930 2598 1984 neque
2641 1914 2784 1968 enim
2816 1921 3027 1966 terrena
3074 1920 3136 1964 et
3180 1912 3398 1965 sensilia
3443 1918 3586 1976 sunt,

400 2017 547 2052 νουσι
568 2002 623 2052 δὲ
666 2000 881 2070 ἀληθεῖς
912 2001 1002 2052 καὶ
1033 2000 1383 2052 ὰδιάπτωτοι·
1415 1999 1527 2050 ἀλλ’
1560 2001 1656 2067 οὐχ
1690 1999 1830 2051 ὥστε
1859 2000 1949 2052 ἐπὶ
1980 2007 2020 2060 Β
2050 2020 2140 2074 neq

1859 2000 1949 2052 ἐπὶ
1980 2007 2020 2060 Β
2050 2019 2222 2074 neque
2250 2004 2458 2058 venalia
2513 2013 2567 2058 et
2611 2003 2763 2057 brevi
2817 2009 3058 2070 tempore
3102 2001 3380 2062 duratura,
3412 2001 3584 2068 qualis

398 2090 494 2158 τῆς
534 2091 634 2159 γῆς
677 2091 1013 2143 συνίστασθαι
1053 2091 1248 2152 αὐτάς·
1297 2090 1414 2142 ούδὲ
1443 2089 1548 2160 γὰρ
1593 2091 1820 2155 ἐπίγειοι
1859 2092 1951 2144 καὶ

397 2178 670 2247 αἰσθηταὶ,
703 2179 819 2230 οὐδὲ
857 2179 1058 2248 ὠνηταὶ
1093 2180 1184 2231 καὶ
1208 2179 1550 2249 ὀλιγοχρόνιοι
1581 2182 1947 2249 τυγχάνουσιν,

396 2264 505 2331 οἶός
533 2272 687 2321 ’ἐστιν
719 2272 746 2321 ὁ
777 2268 882 2320 τῶν
913 2267 1209 2340 ἀνθρώπων
1244 2269 1373 2339 βίος,
1417 2270 1530 2322 ἀλλ’
1563 2273 1814 2325 ἀθάνατοι
1861 2273 1950 2324 καὶ

395 2359 598 2412 aldith
627 2360 716 2411 καὶ
747 2362 811 2429 τῇ
841 2363 904 2429 σῇ
935 2359 1143 2430 θεότητι
1178 2363 1709 2432 πρέπουσαι.Διόπερ
1734 2364 1832 2414 οὐκ
1859 2363 1948 2412 ἐπὶ

395 2450 493 2518 τῆς
520 2450 640 2519 γῆς,
670 2450 782 2502 ἀλλ’
812 2453 868 2501 ἐν
897 2453 1006 2513 τοῖς
1035 2452 1277 2522 οὐρανοῖς
1304 2455 1748 2522 ἐτοιμασθήσεται
1768 2456 1799 2521 ὴ
1823 2451 1949 2518 ὰλή-

397 2538 516 2590 θεια
568 2539 671 2591 τῶν
722 2540 828 2592 σῶν
875 2541 1007 2610 πρὸς
1039 2542 1130 2593 τὸν
1159 2542 1316 2594 Δαυῒδ
1348 2542 1699 2608 ἐπαγγελιῶν.
1719 2542 1860 2593 Ἀντὶ
1892 2540 1947 2592 δὲ

395 2624 487 2676 τοῦ
510 2642 522 2654 ·
563 2626 841 2693 Διεθέμην
883 2626 1166 2693 διαθήκην
1209 2627 1330 2692 τοῖς
1378 2617 1675 2692 ἐκλεκτοῖς
1713 2645 1851 2695 μου,
1899 2632 1947 2680 οἱ

395 2714 568 2766 λοιποὶ
605 2715 800 2777 πάντες
836 2709 1187 2784 ὲρμηνευταί·
1221 2717 1304 2780 Τῷ
1331 2719 1618 2782 eadem.)
1635 2736 1772 2785 μου,
1799 2719 1947 2789 εἰρή-

397 2820 542 2858 κασι.
573 2805 679 2856 Καὶ
722 2804 919 2872 μᾶλλον
953 2805 1175 2873 ἁρμόζει
1210 2809 1274 2875 τῇ
1305 2806 1507 2878 διανοίᾳ
1539 2809 1571 2877 ἡ
1597 2808 1816 2878 τοιαύτη
1860 2808 1947 2860 ἐκ·

396 2890 538 2957 δοσις
559 2909 577 2936 ·.
600 2892 718 2944 οὐδὲ
739 2893 846 2962 γὰρ
866 2894 992 2962 περὶ
1022 2893 1222 2944 πολλῶν
1250 2896 1393 2950 ἐστιν
1421 2897 1448 2946 6
1472 2895 1642 2963 λόγος,
1665 2897 1796 2950 ἀλλὰ
1821 2897 1946 2966 περὶ

399 2983 557 3052 μόνου
600 2983 691 3035 τοῦ
731 2984 920 3036 Δαυῖδ·
965 2985 1109 3053 αὐτῷ
1147 2985 1272 3056 γὰρ,
1306 2988 1455 3055 φησὶ,
1487 2989 1578 3040 καὶ
1609 2987 1814 3057 ὤμοσα,
1851 2988 1944 3040 ἆτε

395 3071 563 3140 δούλῳ
585 3089 682 3141 μου
706 3072 815 3125 ὄντι
837 3075 928 3125 καὶ
947 3075 1208 3145 ὲπιλέκτῳ
1231 3093 1348 3145 μου.
1369 3079 1442 3128 Οὐ
1462 3079 1565 3148 γὰρ
1583 3079 1740 3149 ἤρκει
1762 3079 1945 3146 ἁπλῶς

395 3165 667 3221 διαθέσθαι
696 3170 840 3237 αύτῷ
864 3170 1142 3240 διαθήκην,
1178 3170 1361 3242 ῶσπερ
1398 3173 1648 3242 διεθέμην
1683 3172 1758 3240 τῷ
1798 3171 1941 3236 Νῶε,

395 3258 488 3310 καὶ
519 3260 654 3327 μετὰ
682 3260 850 3313 ταῦτα
881 3260 955 3330 τῷ
991 3262 1253 3331 Ἀϐραὰμ,
1285 3263 1376 3314 καὶ
1415 3263 1573 3316 πάλιν
1602 3264 1714 3333 μετ’
1743 3265 1943 3316 ἐκεῖνον

2050 2093 2324 2147 hominum
2356 2094 2464 2146 vita
2498 2101 2618 2157 est;
2663 2091 2757 2145 sed
2791 2089 3132 2152 immortalia,
3168 2099 3363 2143 aeterna
3392 2096 3444 2142 et
3476 2089 3571 2142 dei-

2048 2185 2145 2235 tati
2169 2191 2272 2234 tuae
2298 2183 2668 2253 congruentia.
2703 2181 3042 2249 Quapropter
3073 2195 3178 2232 non
3214 2181 3267 2233 in
3291 2189 3454 2242 terra,
3495 2179 3584 2232 sed

2048 2273 2103 2325 in
2152 2273 2306 2326 caelis
2347 2272 2738 2341 praiparabitur
2765 2270 2966 2324 veritas
3015 2284 3201 2322 eorum
3252 2285 3379 2339 quae
3399 2269 3583 2322 Davidi

2046 2361 2318 2429 pollicitus
2349 2375 2429 2416 es.
2461 2361 2566 2414 Pro
2595 2361 2688 2414 illo
2718 2369 2914 2424 autem,
2951 2360 3194 2428 Disposui
3225 2367 3583 2415 testamentum

2044 2452 2214 2503 electis
2250 2453 2396 2515 meis,
2430 2452 2624 2520 reliqui
2656 2466 2845 2505 omnes
2887 2452 3228 2519 interpretes,
3254 2448 3428 2502 Electa
3453 2465 3583 2510 meo,

2044 2538 2313 2593 dixerunt.
2353 2537 2482 2606 Qua:
2532 2556 2662 2595 sane
2722 2541 3088 2609 interpretatio
3118 2537 3256 2593 uerte
3306 2538 3583 2592 sententiae

2046 2628 2218 2697 magis
2240 2631 2523 2699 congruit:
2554 2646 2661 2682 non
2692 2630 2834 2683 enim
2868 2630 2932 2683 de
2957 2629 3138 2682 multis
3170 2635 3477 2690 sermoest,
3493 2627 3582 2681 sed

2045 2716 2110 2769 de
2137 2731 2243 2769 uno
2282 2714 2513 2782 Davide;
2547 2717 2648 2785 ipsi
2697 2719 2895 2786 quippe
2942 2717 3138 2784 juravi,
3174 2717 3366 2785 inquit,
3406 2725 3583 2785 utpote

2047 2823 2201 2862 servo
2242 2822 2362 2860 meo
2410 2816 2462 2859 et
2491 2807 2661 2861 electo
2711 2822 2848 2859 meo.
2898 2805 3082 2874 Neque
3125 2808 3267 2859 enim
3308 2809 3439 2860 satis
3469 2816 3578 2860 erat

2045 2897 2143 2965 ipsi
2180 2905 2556 2951 testamentum
2583 2896 2889 2964 disponere,
2915 2897 3053 2950 sicut
3080 2895 3210 2959 Noe,
3244 2904 3428 2964 postea
3456 2910 3581 2950 vero

2045 2986 2371 3049 Abrahamo,
2401 2986 2695 3054 deindeque
2745 2987 2868 3040 ﬁliis
2921 2986 3081 3039 Israel
3133 2985 3458 3051 in‘deserto.
3490 3001 3578 3054 per

2043 3075 2278 3146 Moysem
2308 3076 2547 3144 disposui
2577 3095 2588 3129 :
2618 3092 2739 3128 nam
2774 3091 2896 3129 cum
2923 3077 2988 3131 iis
3019 3077 3134 3131 sine
3159 3078 3493 3145 juramento;
3529 3084 3583 3128 at

2044 3180 2166 3218 cum
2211 3166 2402 3227 electo,
2441 3182 2594 3220 servo
2626 3176 2678 3222 et
2708 3166 2906 3220 famulo
2942 3181 3061 3221 meo
3097 3166 3315 3227 Davide,
3343 3165 3582 3219 adhibito

2039 3255 2410 3322 jurejurando,
2433 3254 2606 3309 l‘aadus
2628 3264 2681 3309 ct
2704 3262 3078 3309 testamentum
3115 3254 3418 3309 iniiJuravi
3439 3255 3580 3309 enim

393 3321 657 3410 τοῖς-υἱοῖς
695 3351 905 3420 Ἰσραὴλ
927 3321 1026 3402 ’ἐπὶ
1056 3321 1154 3418 της
1179 3321 1381 3421 έρῆμου
1403 3352 1488 3404 διὰ
1511 3321 1770 3416 Μωσέως·
1804 3351 1942 3404 ὲκεί-
1970 3321 2009 3376 c
2043 3321 2128 3412 ips

1837 3351 1942 3404 κεί-
1970 3321 2009 3376 c
2045 3343 2145 3412 ipsi
2199 3342 2435 3396 futurum
2469 3359 2588 3398 esse
2625 3353 2683 3397 ut
2711 3359 2890 3397 semen
2929 3346 3046 3412 ejus
3071 3346 3122 3398 in
3145 3355 3401 3399 aeternum
3443 3360 3577 3414 pra:-

394 3452 502 3497 νοις
548 3437 654 3508 γὰρ
693 3439 814 3507 δίχα
845 3441 1208 3508 ὁρκωμοσίας·
1237 3441 1313 3510 τῷ
1343 3442 1385 3494 δ’
1419 3442 1683 3511 ὲπιλέκτῳ
1719 3458 1816 3511 μου
1851 3442 1941 3494 καὶ

391 3527 470 3596 τῷ
518 3518 634 3595 ὲμῷ
678 3527 964 3599 θεράποντι
1010 3531 1103 3581 καὶ
1153 3531 1318 3600 δούλῳ
1343 3531 1502 3583 Δαυῒδ
1528 3531 1776 3601 διεθέμην
1809 3531 1942 3600 μετὰ

391 3619 552 3688 ὅρκου
586 3618 943 3688 παραλήψεως
963 3637 974 3648 ·
1013 3619 1197 3689 ὤμοσα
1239 3622 1346 3690 γὰρ
1387 3621 1530 3690 αύτῷ
1559 3623 1683 3692 περὶ
1712 3621 1803 3673 τοῦ
1835 3621 1940 3676 δεῖν

389 3707 450 3759 τὸ
501 3705 716 3778 σπέρμα
761 3707 920 3759 αὐτοῦ
972 3711 1048 3770 είς
1075 3709 1162 3761 τὸν
1204 3710 1375 3762 αίῶνα
1405 3711 1706 3780 ἑτοιμάσειν
1737 3711 1939 3766 καὶτὸν

391 3796 574 3867 θρόνον
605 3797 767 3849 αὑτοῦ
793 3799 1178 3869 οἰκοδομήσειν,
1216 3803 1306 3854 καὶ
1336 3805 1432 3856 ούκ
1471 3806 1547 3866 εἰς
1577 3804 1700 3872 μίαν
1731 3805 1938 3872 γενεὰν,

389 3883 500 3935 ἀλλ’
533 3886 612 3946 είς
654 3885 852 3951 γενεὰν
889 3889 980 3940 καὶ
1004 3890 1210 3954 γενεάν.
1239 3891 1370 3961 Περὶ
1396 3892 1450 3943 δὲ
1476 3891 1566 3943 τοῦ
1598 3892 1822 3961 ὀμνύναι
1850 3893 1939 3945 τὸν

388 3973 538 4037 Θεὸν,
566 3976 594 4026 6
621 3975 759 4043 ἱερὸς
775 3977 1091 4040 Ἀπόστολος
1119 3981 1174 4029 ἐν
1203 3983 1264 4048 τῇ
1284 3981 1418 4050 πρὸς
1451 3982 1725 4051 Ἐϐραίους
1747 3984 1934 4052 φησιν’

391 4061 512 4116 Ἵνα
535 4063 631 4118 διὰ
661 4065 766 4117 δύο
806 4068 1152 4135 πραγμάτων
1178 4070 1559 4136 ἀμεταθέτων,
1598 4073 1666 4123 ἐν
1697 4067 1784 4134 οἷς
1806 4071 1940 4126 ἀδύ-

387 4169 567 4205 νατον
590 4156 929 4220 ψεύσασθαι
959 4158 1062 4209 τὸν
1097 4159 1259 4222 Θεὸν,
1288 4161 1538 4226 ἰσχυρὰν
1562 4162 1940 4228 παράκλησιν

388 4243 633 4310 ἔχωμεν.
667 4245 800 4296 Κατ’
833 4247 1077 4298 ἐπίτασιν
1111 4247 1218 4317 γὰρ
1251 4234 1490 4316 μείζονος
1515 4249 1938 4315 διαϐεϐαιὼσεως

387 4331 479 4382 καὶ
510 4331 668 4400 ὅρκος
701 4333 1062 4401 παρείληπται
1096 4335 1172 4403 τῷ
1200 4336 1335 4404 Θεῷ.
1375 4337 1529 4390 Κατὰ
1555 4341 1697 4402 τίνος
1728 4340 1783 4392 δὲ
1802 4343 1829 4393 6
1851 4343 1940 4412 ὄρ-

388 4436 480 4484 κος
513 4421 637 4489 ἑξῆς
678 4423 877 4493 προῖὼν
909 4423 1142 4475 διδάσκει
1171 4425 1370 4492 λέγων·
1416 4427 1598 4492 Ἄπαξ
1632 4428 1834 4497 ὤμοσα
1871 4431 1940 4482 ἐν

387 4507 464 4576 τῷ
482 4511 624 4579 ἁγίῳ
642 4512 957 4576 μου.Ἔνθα
986 4515 1077 4564 καί
1105 4516 1433 4584 ἐπιστήσεις,
1461 4518 1542 4579 τίς
1567 4536 1693 4570 ποτε
1717 4521 1820 4589 ἄρα
1846 4514 1935 4571 οῦ-

2043 3439 2283 3499 paretur,
2309 3439 2360 3484 et
2378 3434 2602 3486 thronus
2635 3432 2751 3500 ejus
2768 3433 3079 3497 aediﬁcetur,
3100 3450 3204 3486 non
3229 3435 3281 3486 in
3301 3447 3458 3487 unam
3492 3448 3581 3502 ge-

2043 3520 2398 3584 nerationem,
2441 3518 2533 3573 sed
2557 3520 2608 3572 in
2643 3520 3038 3588 generationem
3070 3528 3122 3573 et
3155 3521 3575 3587 generationem.

2040 3606 2149 3662 Cur
2181 3617 2358 3662 autem
2395 3609 2533 3664 Deus
2557 3610 2837 3677 juraverit,
2870 3608 2926 3662 S.
2951 3610 3237 3678 Apostolus
3260 3610 3314 3662 in
3343 3608 3580 3676 Epistola

2042 3699 2108 3753 ad
2141 3697 2392 3752 Hebraeos
2416 3700 2733 3754 testificatur
2760 3719 2772 3754 :
2801 3698 2867 3752 Ut
2895 3716 2982 3768 per
3003 3699 3135 3752 duas
3169 3717 3247 3776 res
3272 3700 3577 3764 immobiles,

2039 3790 2222 3859 quibus
2260 3790 2577 3857 impossibile
2628 3799 2704 3843 est
2745 3791 2953 3844 mentiri
2990 3789 3189 3853 Deum,
3237 3791 3579 3858 fortissimum

2040 3880 2285 3934 solatium
2326 3881 2606 3934 habeamus
2630 3882 2691 3935 ’⁵.
2717 3881 2852 3935 Nam
2879 3881 2946 3936 ad
2975 3883 3338 3936 accessionem
3361 3882 3579 3949 majoris

2039 3953 2374 4022 certitudinis
2390 3966 2901 4036 Deusjuramentum
2916 3970 3172 4023 adhibuit.
3188 3969 3295 4024 Per
3310 3985 3465 4038 quem
3483 3984 3550 4022 au

2039 4065 2142 4112 tem
2161 4060 2506 4139 juraverit,i'n
2525 4062 2874 4129 sequentibus
2891 4062 3048 4114 docet
3067 4061 3152 4114 bis
3171 4061 3379 4115 verbis:
3408 4061 3577 4116 Semel

2029 4152 2210 4218 ,ἱκναυὶ
2259 4153 2312 4204 in
2363 4162 2544 4205 sancto
2599 4169 2729 4206 meo.
2778 4151 2877 4206 Ubi
2931 4153 3229 4222 perpendas
3262 4155 3352 4222 qui
3393 4155 3461 4207 sit
3493 4155 3576 4208 illc

2040 4254 2267 4297 sanctus.
2291 4243 2404 4305 Dei,
2430 4258 2524 4311 per
2555 4259 2712 4311 quem
2735 4245 2889 4313 quasi
2910 4260 3002 4314 per
3022 4244 3215 4298 Filium
3242 4247 3574 4314 unigenitum

2035 4331 2214 4397 jus-at,
2257 4333 2321 4383 ad
2378 4331 2794 4399 promissionem
2856 4333 3076 4385 omnino
3129 4331 3572 4386 conﬁrmandam.

2041 4423 2182 4476 Sane
2213 4438 2339 4476 vero
2382 4431 2627 4477 sanctum
2663 4425 2811 4476 illum
2839 4425 2922 4477 vel
2951 4424 3219 4478 (Immones
3247 4424 3298 4475 in
3337 4423 3572 4491 Evange-

2037 4514 2124 4567 liis
2141 4514 2373 4567 conl‘essi
2400 4522 2546 4574 sunt,
2572 4529 2694 4567 cum
2724 4513 3093 4581 divinam'ejus
3120 4520 3572 4581 potestatem,qua

385 4616 476 4662 τος
508 4596 574 4671 ἦν
608 4603 636 4654 6
677 4601 828 4670 ἅγιος
873 4602 964 4654 τοῦ
1009 4603 1161 4667 Θεοῦ,
1197 4605 1314 4658 καθ’
1339 4600 1397 4658 οῦ
1433 4607 1652 4676 ὄμνυσιν
1695 4610 1769 4670 ῶς
1800 4611 1935 4662 κατὰ
1965 4644 2012 4703 D
2039 4619 2096 4658 Sc

1834 4611 1935 4662 ατὰ
1965 4644 2012 4703 D
2039 4619 2096 4658 se
2140 4605 2397 4672 puniebat
2439 4604 2493 4657 'et
2532 4604 2779 4672 ejiciebat
2808 4618 2913 4656 non
2943 4603 3194 4665 ferentes,
3233 4604 3346 4655 llaec
3375 4603 3574 4655 clama-

389 4688 513 4740 Υίοῦ
535 4688 868 4758 μονογενοῦς,
894 4694 970 4754 εἰς
997 4693 1057 4744 τὸ
1080 4693 1136 4758 ἐξ
1155 4695 1386 4758 ἅπαντος
1404 4697 1470 4749 τὰ
1493 4698 1588 4765 τῆς
1609 4699 1930 4764 ἐπαγγελίας
1965 4688 2008 4703 ”
2037 4693 2123 4745 bal

1834 4700 1930 4761 .lac
1965 4688 2008 4703 ”
2037 4693 2168 4746 bant
2199 4713 2210 4745 :
2249 4692 2390 4755 Sine,
2411 4694 2533 4761 quid
2561 4692 2704 4745 nobis
2736 4703 2783 4745 et
2807 4693 2921 4754 tibi,
2953 4691 3078 4744 Jesu
3119 4690 3574 4747 Nazarenei-No-

386 4779 762 4848 κῳτυνθῆναι.
797 4779 899 4830 Τὸν
951 4782 1047 4849 μὲν
1095 4779 1184 4834 οῦν
1231 4783 1380 4849 ἅγιον
1417 4785 1718 4854 ὡμολόγουν
1764 4787 1854 4838 καὶ
1883 4789 1931 4838 οἱ

384 4867 628 4937 δαίμονες
654 4867 710 4921 ὲν
741 4871 850 4932 τοῖς
881 4870 1244 4936 Εὑαγγελίοις,
1265 4873 1351 4923 ὂτε
1383 4875 1456 4942 μὴ
1487 4875 1735 4942 φέροντες
1767 4875 1927 4926 αὑτοῦ

386 4959 480 5027 τὴν
507 4959 685 5012 ἔνθεον
713 4960 935 5030 δύναμιν
961 4960 1278 5029 κολαστικὴν
1300 4958 1460 5014 οὖσαν
1480 4964 1654 5016 αὐτῶν
1701 4965 1792 5015 καὶ
1829 4966 1930 5017 ὰπ-

384 5046 686 5118 ελαστικὴν,
719 5048 884 5101 ὲδόων
929 5049 1202 5116 λέγοντεςο
1259 5051 1394 5111 Ἔα,
1435 5053 1490 5103 τί
1516 5051 1772 5120 ἡμῖνκαὶ
1810 5055 1928 5114 σοί,

395 5136 584 5201 Ἰησοῦ
627 5138 958 5206 Ναζαρῆνε;
989 5137 1240 5206 Οἴδαμέν
1266 5153 1337 5191 σε
1359 5142 1448 5204 τίς
1479 5138 1550 5202 εἶ,
1578 5145 1609 5193 ὀ
1635 5141 1797 5209 ἅγιος
1826 5145 1930 5196 τοῦ

385 5225 551 5281 Θεοῦ.
580 5227 734 5279 Κατὰ
771 5229 956 5281 τούτου
994 5231 1170 5282 τοίνυν
1201 5231 1364 5298 ὀμνὺς
1395 5233 1421 5282 6
1452 5231 1601 5295 Θεὸς,
1634 5229 1720 5283 οἷα
1752 5234 1930 5302 πατὴρ

384 5312 521 5365 κατὰ
557 5315 868 5380 μονογενοῦς
911 5318 1001 5368 καὶ
1039 5317 1316 5384 ἀγαπητοῦ
1365 5317 1500 5378 υἱοῦ,
1536 5317 1612 5386 τῷ
1637 5317 1794 5370 Δαυῒδ
1835 5320 1930 5389 τὴν

379 5402 706 5470 ἐπαγγελίαν
764 5405 1012 5457 ἐποιεῖτο·
1042 5410 1105 5459 Ὃ
1166 5407 1228 5476 δὴ
1288 5408 1380 5458 καὶ
1431 5407 1661 5472 διδάσκει
1719 5408 1888 5474 λέγων
1914 5428 1925 5439 ο

384 5492 570 5555 Ἀπαξ
594 5491 795 5562 ὤμοσα
818 5494 881 5544 ἐν
915 5493 994 5558 τῷ
1019 5497 1162 5564 ἁγίῳ
1190 5514 1326 5564 μου,
1357 5499 1411 5550 εὶ
1455 5496 1532 5560 τῷ
1575 5496 1752 5550 Δαυῒδ
1781 5500 1926 5564 ψεύ-

383 5597 582 5648 σομαι.
610 5581 789 5649 Ζητῶν
825 5581 880 5632 δὲ
923 5583 1044 5651 παρ’
1071 5585 1286 5653 ἐμαυτῷ
1310 5586 1407 5653 τὴν
1437 5587 1629 5648 αίτίαν,
1659 5586 1724 5638 δι’
1747 5588 1812 5656 ἥν
1841 5590 1928 5640 ού-

382 5670 504 5722 δενῖΓ
515 5669 612 5737 μὲν
636 5669 774 5737 ἄλλῳ
804 5669 906 5720 τῶν
939 5671 1126 5736 ἁγίων,
1155 5663 1300 5742 μόνῳ
1324 5673 1378 5726 δὲ
1407 5675 1483 5743 τῷ
1501 5673 1658 5728 Δαυῒδ
1680 5675 1744 5727 δι’
1765 5677 1924 5746 ὅρκου

458 5822 506 5852 ιι
541 5821 694 5878 ιιριιιι.
732 5832 802 5886 γε,
845 5822 924 5877 l8.
1002 5825 1041 5854 ιο
1080 5823 1202 5876 Luc.
1245 5790 1315 5879 ιι.
1349 5826 1428 5878 τι,

2034 4787 2196 4838 vimus
2231 4794 2277 4838 te
2300 4789 2412 4854 quis
2441 4787 2533 4848 sis,
2555 4774 2763 4837 sanctus
2785 4783 2880 4836 Dei
2904 4785 2963 4834 ¹⁶.
2984 4783 3085 4837 Per
3114 4783 3255 4837 hunc
3287 4784 3464 4852 itaque
3482 4783 3572 4851 ju-

2037 4890 2166 4930 rans
2195 4875 2354 4937 Deus,
2388 4883 2446 4928 ut
2480 4885 2630 4944 pater
2649 4890 2744 4943 per
2765 4874 3099 4944 unigenitum
3128 4875 3470 4928 eLdilectum
3510 4872 3572 4924 ii-

2035 4965 2188 5027 lium,
2231 4961 2414 5015 Davidi
2473 4962 2884 5030 promissionem
2921 4963 3100 5016 dabat.
3151 4961 3302 5026 Quod
3349 4961 3467 5027 ipse
3497 4959 3569 5012 ita

2035 5054 2188 5106 docet
2212 5071 2224 5104 :
2254 5050 2422 5105 Semel
2435 5053 2613 5120 juravi
2639 5054 2690 5104 in
2709 5062 2889 5106 sancto
2910 5069 3041 5117 meo,
3068 5054 3112 5106 si
3139 5051 3303 5105 David
3325 5051 3564 5104 mentiar.

2028 5144 2160 5197 Cum
2208 5151 2385 5196 autem
2418 5159 2624 5197 mecum
2645 5159 2976 5213 \quaarerem,
2999 5159 3096 5196 cur
3125 5141 3324 5196 nemini
3359 5149 3570 5195 sancto-

2031 5249 2168 5296 rum,
2197 5235 2302 5287 nisi
2335 5233 2547 5298 Davidi,
2580 5237 2990 5304 promissionem
3022 5234 3089 5288 de
3144 5234 3348 5287 semine
3398 5233 3567 5302 ipsius

2029 5338 2151 5375 cum
2182 5323 2492 5390 jaramento
2531 5322 2673 5376 Deus
2708 5322 2968 5387 ediderit;
3004 5322 3140 5374 banc
3165 5335 3250 5375 me
3271 5320 3567 5389 deprehen-

2030 5413 2174 5466 disse
2215 5427 2434 5467 causam
2474 5415 2678 5468 aastimo
2717 5433 2728 5466 :
2763 5413 2997 5482 comperi
3053 5427 3285 5480 namque
3311 5411 3564 5487 Davidem

2033 5507 2153 5554 ante
2182 5501 2325 5553 illam
2366 5517 2395 5554 a
2429 5499 2538 5556 Deo
2585 5503 2684 5556 sibi
2733 5501 2911 5554 datam
2966 5501 3377 5569 promissionem
3415 5497 3566 5566 jura-

2033 5598 2214 5644 mento
2263 5607 2422 5644 usum
2475 5591 2660 5645 fuisse.
2707 5589 2928 5644 Jurasse
2981 5600 3157 5645 autem
3194 5591 3366 5658 ipsum
3407 5588 3564 5644 docet

1997 5678 2268 5749 ‘Spiritus
2313 5679 2537 5735 divinus.
2563 5680 2618 5733 in
2659 5693 2841 5746 cxxxr,
2871 5680 3056 5737 dicens
3092 5698 3104 5732 :
3147 5677 3420 5745 Memento,
3462 5676 3566 5730 Do-
