4406 6420
800 527 934 583 1075

1345 585 1356 596 ,
1431 525 1700 584 EUSEBll
1746 522 2226 580 CA'JSARIENSIS
2259 521 2409 578 OPP.
2455 519 2644 576 PAR-8
2669 520 2755 576 111.
2799 549 2866 561 -—
2907 519 3307 582 EXEGETICA.

3890 525 4020 581 i078

796 647 953 707 mine,
986 642 1178 707 David,
1231 651 1280 696 et
1328 646 1496 700 omnis
1551 643 1970 698 mansuetudinis
2026 644 2138 711 ejus
2176 659 2191 695 :
2222 643 2354 697 sicut
2385 649 2430 702 Α
2458 657 2536 692 πελ

2281 651 2354 695 rut
2385 649 2430 702 Α
2458 640 2748 711 πεποίηται
2773 640 2872 712 τὴν
2900 641 3028 710 περὶ
3050 638 3145 692 τοῦ
3173 640 3480 710 σπέρματος
3508 638 3670 693 αὐτοῦ
3696 641 4021 710 ἐπαγγελίαν

793 735 991 808 iuravit
1039 733 1285 796 Domino,
1323 736 1456 788 vovit
1513 734 1622 789 Deo
1658 733 1870 787 Iacob:
1904 733 1964 788 Si
1997 734 2253 786 introiero
2303 733 2356 784 in

799 828 1191 881 tabernaculum
1240 828 1426 881 domus
1481 843 1628 891 mete,
1661 827 1710 881 si
1751 827 2029 881 ascendero
2082 827 2135 878 in
2169 825 2358 878 lectum

798 921 952 973 strati
995 922 1097 972 mei
1123 935 1141 972 :
1168 923 1216 973 si
1247 919 1437 983 dedero
1470 935 1709 973 somnum
1736 920 1902 973 oculis
1936 920 2084 982 meis,
2113 929 2163 973 et
2183 920 2359 988 palpe-

800 1012 904 1065 bris
957 1014 1085 1067 meis
1138 996 1600 1074 dormitationem,
1649 1010 1810 1064 donec
1866 1013 2125 1065 inveniam
2189 1011 2358 1065 locum

691 1125 696 1130 -
799 1102 1043 1170 Domino,
1080 1104 1474 1158 tabernaculum
1521 1103 1628 1157 Deo
1670 1101 1857 1157 Iacob.
1891 1102 2074 1156 Davidi
2113 1103 2226 1156 huic
2260 1119 2358 1156 vo-

797 1189 942 1242 venti
971 1197 1025 1244 et
1049 1190 1346 1258 pollicenti,
1373 1206 1436 1245 ac
1488 1190 1574 1244 his
1620 1190 1687 1244 de
1719 1191 1883 1260 rebus
1919 1191 2145 1259 juranti,
2174 1206 2358 1260 parem

797 1277 938 1333 Deus
962 1280 1135 1335 vicem
1167 1281 1422 1345 reddens,
1441 1281 1648 1350 juravit
1680 1288 1733 1334 et
1771 1281 1908 1348 ipse,
1942 1291 1996 1335 et
2041 1296 2139 1349 pro
2172 1281 2359 1350 singu-

797 1369 864 1423 lis
909 1371 1404 1440 pollicitationibus
1439 1372 1686 1449 singulas
1744 1373 1947 1436 retulit,
1988 1361 2359 1440 juramentum

792 1457 1100 1527 iuramento
1149 1461 1420 1529 pensavit.
1457 1459 1799 1530 Quapropter
1847 1460 1901 1514 in
1953 1461 2140 1515 eodem
2175 1476 2359 1527 cxxxt,

796 1552 854 1605 in
900 1565 1008 1621 quo
1049 1553 1252 1608 dicitur
1284 1553 1499 1623 jurasse
1547 1554 1824 1616 Davidem,
1864 1553 2059 1608 deinde
2109 1554 2361 1623 adjicitur

797 1637 1034 1709 Spiritus
1053 1642 1226 1696 sancti
1255 1643 1648 1706 testimonium,
1681 1643 1822 1711 quod
1849 1643 1928 1697 sic
1964 1643 2159 1696 habet:
2197 1641 2361 1696 Iura-

797 1730 868 1782 vit
910 1729 1168 1787 Dominus
1216 1733 1387 1788 Dauid
1423 1736 1716 1799 ueritatem,
1760 1743 1808 1788 et
1860 1750 1963 1788 non
2014 1734 2361 1803 frustrabitur

799 1836 914 1873 eum
949 1838 966 1874 :
998 1822 1073 1877 De
1111 1823 1286 1891 fructu
1338 1827 1531 1881 uentris
1565 1828 1645 1880 tui
1692 1842 1885 1895 ponam
1933 1842 2088 1894 super
2118 1826 2360 1879 thronum

800 1919 961 1963 tuum.
997 1911 1150 1966 Prior
1177 1913 1360 1984 itaque
1391 1914 1558 1970 David
1583 1916 1820 1984 juravit;
1845 1915 2042 1970 deinde
2071 1916 2242 1970 vicem
2271 1930 2359 1969 re-

799 2002 1040 2070 pendens
1070 2003 1233 2068 Deus,
1269 1981 1460 2059 mutuo
1509 2017 1562 2061 et
1585 1981 1714 2076 ipse
1743 2006 1947 2075 juravit
1984 2025 1997 2061 :
2037 2006 2183 2075 prior
2232 2006 2358 2059 item
2394 1981 2434 2038 Β

800 2094 992 2161 David,
1023 2098 1112 2166 pia
1145 2105 1330 2152 motus
1365 2098 1710 2167 cogitatione,
1744 2096 2022 2167 quidpiam
2065 2097 2175 2153 Deo
2205 2097 2363 2166 polli-

795 2187 937 2241 citus
969 2196 1090 2253 est;
1116 2187 1244 2242 hinc
1277 2187 1432 2244 Deus-
1459 2205 1557 2245 ceu
1600 2191 1826 2259 gratiam
1882 2190 2055 2262 gratia
2099 2204 2356 2260 pensans,

797 2276 899 2346 ipsi
943 2279 1061 2333 vice
1091 2293 1248 2334 versa
1279 2281 1552 2348 promisit,
1593 2281 1896 2337 secundum
1942 2281 2239 2336 Salvawris
2261 2296 2360 2335 no-

798 2367 898 2422 stri
950 2374 1120 2425 Voces
1163 2386 1286 2441 qua}
1320 2371 1402 2427 sic
1426 2371 1650 2432 habent,
1688 2371 1755 2425 In
1783 2389 1888 2441 qua
1921 2389 2166 2425 mensura
2195 2373 2365 2426 mensi

797 2457 1026 2527 fueritis,
1057 2461 1354 2514 remetiatur
1389 2461 1548 2516 vobis.
1603 2461 1912 2517 Mensuram
1950 2463 2160 2528 bonam,
2185 2464 2356 2532 agita-

798 2556 928 2612 tam,
960 2564 1329 2616 compressam,
1364 2538 1824 2622 supereﬂluentem,
1856 2553 2056 2607 dabunt
2096 2554 2152 2606 in
2182 2556 2354 2608 sinum

798 2646 1026 2692 oestrum
1049 2641 1114 2694 ".
1148 2639 1264 2706 Qua
1296 2658 1550 2697 mensura
1582 2644 1747 2714 igitur
1785 2643 1954 2699 David
1997 2660 2218 2702 mensus
2252 2654 2371 2710 est,

799 2743 921 2781 cum
953 2744 1020 2783 ex
1050 2729 1190 2785 bona
1220 2741 1274 2786 et
1306 2733 1564 2802 religiosa
1601 2734 1930 2805 cogitatione
1971 2747 2356 2806 congruentem

797 2821 1210 2887 promissionem
1252 2823 1469 2892 juratus
1512 2815 1681 2887 dedit,
1717 2826 1903 2892 eadem
1961 2843 2216 2883 mensura
2274 2843 2360 2882 re-

799 2925 1026 2980 pensum
1055 2915 1267 2979 illiest,
1296 2930 1360 2969 ac
1395 2916 1534 2971 data:
1553 2926 1682 2972 sunt
1713 2918 1790 2972 illi
1822 2919 2208 2975 retributiones
2235 2935 2360 2990 pro.

801 3001 1194 3074 missionesque
1217 3021 1340 3058 cum
1376 3007 1687 3074 iuramento
1720 3007 1835 3061 Dei.

2456 734 2483 782 ὁ
2515 730 2664 794 Θεὸς,
2699 728 2839 782 δοκῶ
2887 745 2975 798 μοι
3007 726 3209 797 ταύτην
3245 725 3556 796 εὑρηκέναι,
3587 725 3906 780 καταλαϐὼν
3932 726 4025 780 καὶ

2457 822 2617 875 αὑτὸν
2651 822 2743 875 τὸν
2780 819 2942 875 Δαυῖδ
2970 821 3120 891 ὅρκῳ
3142 820 3477 890 κεχρημένον
3501 816 3607 888 πρὸ
3635 817 3734 886 τῆς
3766 817 3901 887 πρὸς
3925 818 4022 872 αὐ-

2457 913 2546 966 τὸν
2569 911 2899 979 ἐπαγγελίας
2925 909 3019 963 τοῦ
3048 909 3202 963 Θεοῦ.
3220 909 3595 978 Ὁμωμοκέναι
3617 906 3673 960 δὲ
3699 906 3862 960 αὐτὸν
3888 907 4026 962 διδά-

2462 1022 2580 1058 σκει
2605 1004 2664 1056 τὺ
2697 1004 2837 1057 Θεῖον
2862 1002 3088 1073 Πνεῦμα
3119 1003 3181 1054 ὲν
3204 1000 3316 1072 ρλα¹
3340 1000 3494 1068 λέγον
3513 1015 3526 1027 ·
3553 999 3888 1065 Μνήσθητι,
3915 1000 4028 1052 ne.

2451 1113 2564 1163 ριε,
2592 1095 2699 1149 τοῦ
2732 1094 2930 1160 Δαυῖδ,
2958 1093 3057 1148 καὶ
3079 1094 3279 1158 πάσης
3302 1091 3412 1160 τῆς
3436 1091 3770 1158 πραΰτητος
3801 1089 3988 1145 αὐτοῦ
4009 1106 4023 1120 ’

2450 1189 2540 1253 ὡς
2575 1186 2772 1257 ὤμοσε
2813 1184 2894 1250 τῷ
2930 1185 3143 1253 Κυρίῳ,
3168 1183 3392 1252 ηὔξατο
3417 1180 3500 1246 τῷ
3531 1180 3652 1246 Θεῷ
3688 1181 3888 1236 Ἰακώϐ
3906 1196 3919 1210 ·
3959 1183 4028 1236 ει

2459 1279 2877 1345 εἰσελεύσομαι
2905 1277 2990 1340 εὶς
3018 1273 3307 1342 σκήνωμα
3335 1273 3506 1327 οἴκου
3544 1290 3684 1341 μου,
3714 1274 3767 1326 el
3814 1271 4030 1336 ἀναϐή-

2461 1385 2639 1438 σομαι
2664 1367 2764 1422 ἐπὶ
2794 1367 3009 1432 κλίνης
3036 1363 3352 1434 στρωμνῆς
3378 1381 3497 1433 μου
3520 1378 3536 1394 ⁸
3560 1366 3614 1418 ει
3638 1363 3809 1418 δώσω
3836 1363 4030 1416 ὕπνον

2459 1462 2580 1528 τοῖς
2621 1458 2946 1530 ὀφθαλμοῖς
2970 1474 3109 1526 μου,
3138 1456 3237 1510 καί
3265 1455 3386 1521 τοῖς
3422 1453 3753 1525 βλεφάροις
3775 1472 3895 1525 μου
3922 1472 4027 1510 νυ-

2459 1552 2746 1624 σταγμὸν,
2773 1551 2884 1617 ἕως
2915 1543 2986 1605 οὖ
3012 1549 3163 1617 εὕρω
3189 1548 3376 1601 τόπον
3398 1548 3479 1613 τῷ
3501 1548 3721 1616 Κυρίῳ,
3745 1547 4032 1616 σκήνωμα

2460 1643 2540 1710 τῷ
2580 1642 2703 1707 Θεῷ
2743 1639 2956 1697 Ἰακώϐ.
2991 1637 3225 1693 Τοιαῦτα
3259 1637 3539 1710 εὐξαμένῳ
3569 1640 3663 1693 καὶ
3703 1637 4031 1707 ἐπαγγειλα-

2464 1735 2607 1806 μένῳ
2649 1733 2727 1804 τῷ
2766 1731 2950 1798 Δαυῒδ,
2989 1731 3084 1784 καὶ
3130 1731 3223 1783 ἐπὶ
3261 1730 3524 1794 τοιούτοις
3574 1730 3910 1801 ὀμωμοκότι,
3934 1729 4029 1800 την

2463 1824 2583 1896 ῐσην
2609 1823 2839 1895 ἀμοιϐὴν
2869 1821 3165 1885 ἀντιδιδοὺς
3197 1824 3230 1877 ὁ
3259 1821 3392 1885 Θεὸς
3421 1820 3592 1892 αὐτῷ,
3630 1821 3917 1891 ἀπομνύει
3939 1822 4037 1874 καὶ

2460 1919 2638 1983 αὐτὸς,
2662 1918 2756 1970 καὶ
2797 1913 3291 1982 ἀντεπαγγὲλλεται
3330 1912 3388 1966 ἓν
3426 1912 3541 1966 ἀνθ’
3569 1913 3687 1976 ἑνὸς
3717 1911 3912 1976 διδοὺς,
3938 1910 4033 1965 καὶ

2461 2011 2612 2080 ὅρκῳ
2625 2005 2714 2059 τὸν
2736 2005 2895 2075 ὅρκον
2920 2002 3300 2074 ἀμειϐόμενος.
3320 2004 3519 2073 Διόπερ
3546 2001 3605 2056 ἂν
3626 2001 3774 2072 αὐτῷ
3793 2001 3869 2072 τῷ
3895 2000 4029 2072 ρλα’,

2460 2102 2517 2152 ὲν
2544 2092 2588 2166 ᾧ
2614 2097 2830 2165 λέγεται
2874 2095 3224 2164 ὀμωμοκέναι
3251 2095 3280 2148 ὀ
3317 2092 3500 2158 Δαυϊδ,
3545 2092 3811 2164 συνῆπται
3840 2091 3973 2164 ἑξῆς
3996 2093 4030 2162 η
4091 2115 4104 2120 -

2459 2189 2551 2243 τοῦ
2602 2189 2758 2256 ἁγίου
2800 2187 3116 2258 Πνεῦματος
3158 2185 3449 2257 μαρτυρία,
3493 2180 3598 2240 ὦδέ
3639 2200 3716 2254 πη
3760 2184 4034 2254 λέγουσαι

2463 2285 2680 2350 Ὤμοσε
2709 2282 2921 2347 Κύριος
2942 2278 3022 2344 τῷ
3049 2277 3229 2333 Δαυῒδ
3247 2275 3554 2343 ἀλήθειαν,
3581 2275 3679 2330 καὶ
3703 2278 3777 2330 οὐ
3793 2276 3880 2346 μῂ
3909 2277 4032 2331 ἀθε-

2462 2373 2633 2440 τήσει
2656 2370 2861 2425 αὐτόν.
2881 2371 2978 2421 Ἐκ
2994 2367 3223 2436 καρποῦ
3251 2365 3360 2434 τῆς
3390 2367 3622 2432 κοιλίας
3640 2381 3757 2421 σου
3779 2366 4034 2436 θήσομαι

2461 2464 2558 2516 ἐπὶ
2581 2461 2686 2515 τοῦ
2704 2463 2916 2528 θρόνου
2939 2473 3074 2512 σου.
3099 2456 3308 2511 Οὐκοῦν
3334 2456 3545 2527 πρῶτος
3567 2455 3778 2526 ὤμοσεν
3803 2459 3832 2510 6
3851 2457 4030 2520 Δαυῒδ,

2463 2553 2583 2607 εἶτα
2611 2552 2968 2624 ἀμειϐόμενος
3001 2550 3159 2602 αὑτὸν
3179 2550 3208 2601 ὁ
3231 2547 3393 2612 Θεὸς,
3412 2547 3749 2617 ὰντωμοσίαν
3774 2547 3911 2619 πρὸς
3940 2547 4034 2601 αὑ-

2462 2646 2553 2699 τὸν
2577 2645 2897 2714 ἐποιήσατο·
2925 2642 3019 2695 καὶ
3053 2639 3265 2712 πρῶτος
3293 2641 3322 2692 ὁ
3345 2637 3526 2700 Δαυῒδ,
3562 2638 3774 2691 εὐσεϐεῖ
3794 2639 4034 2710 λογισμῷ

2467 2737 2726 2807 κινηθεὶς,
2755 2733 3118 2804 ὲπηγγείλατό
3144 2750 3196 2785 τι
3223 2731 3301 2801 τῷ
3325 2729 3442 2801 Θεῷ
3460 2747 3474 2760 ο
3501 2725 3618 2784 εἶτα
3645 2731 3805 2785 πάλιν
3829 2733 3858 2784 ὁ
3881 2730 4031 2796 Θεὸς,

2467 2828 2653 2898 ὥσπερ
2688 2826 2980 2889 ἀντιδιδοὺς
3013 2823 3158 2893 αὐτῷ
3184 2823 3339 2894 χάριν
3379 2821 3498 2876 ἀντὶ
3539 2822 3780 2892 χάριτος,
3817 2822 3912 2875 καὶ
3947 2820 4037 2874 αὺ-

2464 2921 2554 2983 τὸς
2587 2916 3046 2987 ἀντεπηγγείλατο
3075 2913 3312 2980 ταῖςττοῦ
3341 2912 3592 2983 Σωτῆρος
3622 2913 3779 2982 ἡμῶν
3811 2912 4034 2966 ἀκολού-

2468 3011 2572 3073 θως
2602 3012 2824 3076 φωναῖς,
2852 3007 2917 3060 δι’
2944 2999 3018 3059 ὧν
3044 3021 3205 3075 φησιν
3225 3022 3238 3034 ·
3275 2999 3349 3072 ⁷ῼ
3381 3004 3575 3072 μέτρῳ
3620 3003 3908 3071 μετρεῖτε,
3931 3004 4036 3057 ἀγ.

799 3097 1277 3165 τιμετρηθήσεται
1307 3096 1468 3164 ὑμῖν.
1503 3096 1732 3164 Μέτρον
1761 3098 1969 3160 καλὸν,
1999 3101 2486 3182 σεσαᾼευμένον,
2520 3098 2941 3168 πεπιεσμένον,
2982 3095 3557 3164 ὑπερεκχυννόμενον,
3605 3091 3909 3147 δώσουσιν
3951 3098 4036 3162 εις

799 3189 903 3242 τὸν
925 3189 1156 3242 κόλπον
1177 3186 1360 3257 ὑμῶν.
1394 3182 1464 3240 Ὦ
1492 3190 1676 3259 μέτρῳ
1718 3189 1894 3242 τοίνυν
1941 3191 2033 3244 καὶ
2062 3193 2090 3243 ὁ
2121 3192 2285 3245 Δαυῒδ
2336 3194 2638 3266 ἐμέτρησεν
2654 3233 2682 3258 ,.
2699 3195 2784 3245 ἐπ’
2831 3189 3019 3260 ἀγαθῷ
3071 3188 3164 3242 καὶ
3193 3187 3430 3240 θεοσεϐεῖ
3457 3184 3699 3256 λογισμῷ
3724 3187 4036 3258 πρέπουσαν

796 3281 1128 3349 ἒπαγγελίαν
1164 3281 1279 3352 μεθ’
1334 3281 1497 3352 ὅρκου
1531 3283 1913 3353 ποιησάμενος.
1941 3285 2310 3356 ἀντεμετρήθη
2375 3287 2544 3358 αὐτῷ,
2613 3288 2708 3341 καὶ
2737 3286 2967 3339 δίδονται
2999 3284 3147 3354 αὐτῷ
3179 3282 3423 3354 ἀμοιϐαὶ,
3458 3282 3515 3362 αἱ
3559 3281 3880 3349 ἐπαγγελίαι
3916 3282 4034 3354 μεθ’

800 3374 1141 3447 ὁρκωμοσίας
1163 3374 1325 3428 Θεοῦ.

868 3493 1007 3562 Quid
1037 3495 1140 3550 sibi
1169 3494 1306 3550 velit'
1328 3502 1505 3552 autem
1531 3497 1623 3550 illa
1656 3495 1872 3552 Davidis
1903 3512 2026 3551 cum
2051 3498 2432 3567 juramentoc
2541 3497 2604 3550 Τί

2291 3507 2432 3562 Itoc
2541 3497 2604 3550 Τί
2633 3496 2690 3550 δὲ
2719 3493 3024 3564 βούλεται-ἡ
3057 3489 3150 3543 τοῦ
3181 3488 3342 3542 Δαυῒδ
3377 3489 3494 3559 μεθ’
3526 3489 3689 3560 ὅρκου
3718 3487 4031 3558 ἐπαγγελία,

800 3585 1140 3657 pollicitatio,
1167 3585 1282 3654 jam
1320 3583 1656 3656 perpendere
1687 3595 2055 3658 opportunum
2079 3587 2202 3642 erit.
2231 3586 2368 3641 Cum

800 3675 1013 3732 videre!
1040 3683 1228 3746 gentes
1283 3691 1378 3744 per
1413 3673 1587 3730 totum
1643 3678 1829 3732 orbem
1864 3676 2148 3732 diabolico-
2173 3679 2371 3731 multo-

802 3781 923 3821 rum
959 3766 1242 3820 numinum
1280 3768 1454 3820 errori
1497 3766 1794 3836 subjectae,
1828 3781 1891 3821 ac
1943 3769 2144 3837 ubique
2197 3775 2371 3823 terra-

804 3872 922 3911 rum
978 3856 1198 3925 templa,
1232 3855 1484 3921 delubra,
1519 3872 1676 3912 sacra
1732 3859 1986 3928 malignis
2033 3860 2375 3915 daemonibus

803 3963 899 4018 per
941 3947 1126 4009 urbes,
1158 3947 1410 4017 regiones
1452 3956 1507 4001 et
1528 3948 1678 4004 vicos
1704 3949 1963 4016 excitata,
1984 3966 2067 4019 lac
2092 3951 2148 4005 in
2171 3951 2372 4007 monti—

804 4038 904 4092 bus
963 4043 1020 4091 et
1071 4036 1303 4092 collibus
1361 4036 1661 4107 improbam
1718 4039 1864 4092 illam
1909 4047 1977 4107 et:
2007 4039 2371 4096 adversariam

805 4135 1123 4196 potestatem
1180 4127 1321 4196 apud
1383 4143 1573 4183 omnes
1629 4129 1876 4188 homines
1944 4131 2223 4193 honorari.
2275 4130 2372 4186 Dei

807 4225 987 4270 autem
1019 4216 1260 4270 omnium
1297 4217 1507 4286 opiﬁcis
1539 4225 1594 4272 et
1621 4219 1928 4276 conditoris
1972 4236 2042 4275 ne
2091 4221 2370 4275 minimam

809 4323 1035 4378 usquam
1081 4309 1396 4362 memoriam
1439 4309 1674 4375 servari;
1706 4310 1774 4366 de
1821 4327 1880 4367 re
1921 4314 2018 4367 tali
2056 4313 2385 4368 vulneratus-

808 4400 1010 4461 animo,
1030 4400 1282 4467 bonoque
1303 4398 1484 4454 studio
1503 4399 1781 4466 incensus,
1805 4404 2104 4458 secundum
2138 4420 2261 4460 eum
2278 4403 2384 4474 qui-

808 4488 964 4551 dixit,
979 4485 1102 4541 Zeto
1122 4488 1320 4542 zelatus
1349 4505 1466 4541 sum
1487 4488 1787 4556 Domino“,
1808 4495 1991 4547 votum
2015 4495 2160 4549 vovit
2183 4502 2237 4550 et
2256 4508 2376 4564 proa-

809 4577 1121 4630 missionem
1140 4577 1328 4645 edidit,
1351 4594 1512 4649 quam
1529 4579 1886 4648 jurejurando
1911 4583 2196 4648 astrinxit;
2231 4583 2376 4638 vide-

813 4667 933 4719 licet
958 4681 1016 4719 se
1029 4668 1285 4734 primum,
1297 4668 1539 4722 omnium
1555 4671 1669 4741 regi
1689 4670 1799 4725 Deo
1819 4673 2075 4739 templum
2091 4681 2145 4726 et
2156 4687 2371 4728 sacmm

811 4758 864 4808 in
877 4761 1022 4815 terra
1037 4757 1480 4823 excitaturum,in
1502 4775 1609 4829 quo
1629 4763 2037 4818 tabernaculum
2053 4764 2368 4828 testimonii,

807 4854 862 4899 ct
909 4861 1104 4905 arcam.
1135 4847 1465 4904 Testamenti
1517 4867 1547 4904 a
1606 4851 1790 4923 Moyse
1841 4855 1907 4908 ina
1953 4855 2174 4911 deserto
2209 4857 2366 4926 jussu
2400 4845 2445 4903 ί)

808 4937 903 4992 Dei
944 4947 1339 5004 constructam,
1374 4941 1688 5014 deponeret.
1734 4943 1868 4998 Nam
1919 4945 2011 4999 illa
2042 4948 2108 5000 ad
2157 4958 2369 5017 tempus

808 5045 982 5098 usque
1023 5029 1250 5085 Davidis
1285 5032 1711 5103 circumquaque
1755 5033 2050 5101 ferebatur,
2099 5045 2159 5091 et
2192 5052 2222 5090 a
2252 5038 2371 5091 loco

810 5122 864 5174 iu
903 5122 1102 5185 locum,
1153 5137 1216 5174 ac
1258 5123 1419 5176 modo
1458 5127 1512 5177 in
1554 5124 1796 5195 Galgala,
1833 5126 1993 5179 modo
2021 5128 2076 5180 in
2125 5127 2371 5184 Hanase-

808 5211 938 5279 pha,
969 5213 1176 5266 mox-in
1207 5210 1342 5274 Silo,
1393 5215 1684 5283 aliquando
1715 5215 1857 5284 apud
1893 5215 2214 5287 allophylos,
2245 5220 2371 5274 inde

809 5302 880 5371 in,
917 5299 1192 5371 Besamys.
1226 5305 1356 5358 hinc
1394 5305 1448 5358 in
1487 5303 1867 5369 Cariathirim,
1915 5315 2101 5375 postea
2149 5310 2205 5362 in
2265 5311 2368 5364 do-

810 5408 957 5446 mum
982 5392 1304 5461 Aminadab,
1328 5396 1538 5451 indein
1567 5396 1784 5451 domum
1819 5398 2126 5466 Abeddara,
2144 5402 2368 5457 advecta

811 5482 946 5545 fuit,
982 5477 1124 5536 unde
1163 5497 1280 5536 eam
1331 5486 1387 5539 in
1428 5489 1616 5551 urbem
1665 5484 1797 5541 Sion
1855 5487 2024 5543 David
2065 5492 2363 5546 transtulit:

812 5573 964 5638 Quod
990 5575 1091 5630 ille
1113 5576 1477 5644 conspicatus,
1515 5579 1736 5633 domum
1778 5594 1988 5634 sacram
2020 5589 2074 5637 et
2106 5585 2366 5654 templum

813 5665 1050 5721 excitare
1081 5667 1355 5736 cogitavit,
1393 5668 1483 5723 ubi
1507 5684 1692 5725 aream
1710 5669 1804 5726 Dei
1849 5669 2141 5750 deponeret
2174 5683 2367 5730 erata,-

2470 3589 2742 3659 Θεωρῆσαι
2773 3584 2978 3656 καιρός.
2998 3581 3168 3654 Ὀρῶν
3199 3581 3266 3633 τά
3301 3580 3420 3634 καθ’
3443 3579 3570 3659 ὅλης
3595 3581 3692 3651 τῆς
3719 3579 4036 3650 οἰκουμένης

2471 3680 2593 3750 ἔθνη
2623 3682 2688 3749 τῇ
2721 3678 3007 3748 δαιμονικῇ
3048 3675 3142 3729 καὶ
3172 3672 3416 3744 πλυθέῳ
3444 3671 3620 3742 πλάνῃ
3646 3670 4031 3741 δεδουλωμένα,

2470 3769 2564 3822 καὶ
2609 3768 2880 3838 πανταχοῦ
2923 3767 3028 3836 γῆς
3078 3765 3237 3827 ναοὺς
3277 3765 3377 3818 καὶ
3412 3761 3613 3833 τεμένη
3657 3762 3748 3814 καὶ
3779 3761 3898 3831 ἱερά
3929 3762 4035 3824 τοῖς

2471 3861 2725 3929 πονηροῖς
2764 3855 3474 3926 δαίμοσιν-ἀνεγηγερμένα,
3516 3853 3572 3906 εν
3613 3871 3673 3906 τε
3714 3853 3904 3906 πόλεσι
3945 3853 4037 3905 καὶ

2471 3947 2674 4018 χώραις
2698 3947 2789 3999 καὶ
2813 3946 3045 4016 κώμαις,
3080 3947 3137 3997 ειν
3166 3944 3316 4014 δρεσί
3360 3960 3419 3996 τε
3464 3943 3556 3995 καὶ
3587 3941 3794 4012 βουνοῖς
3825 3941 3922 4009 τὴν
3950 3957 4040 3993 πυ-

2472 4038 2642 4108 νηράν
2669 4037 2763 4091 καὶ
2794 4034 3174 4105 ἀντικειμένην
3206 4034 3431 4104 δύναμιν
3467 4031 3616 4103 παρά
3645 4033 3807 4085 πᾶσιν
3833 4031 4038 4101 ἀνθρώ-

2474 4146 2599 4192 ποις
2619 4129 2931 4199 τιμωμένην
2950 4145 2962 4157 ·
3000 4127 3134 4179 Θεοῦ
3158 4125 3214 4178 δὲ
3239 4123 3332 4179 τοῦ
3363 4125 3577 4178 πάντων
3611 4123 3834 4193 ποιητοῦ
3863 4140 3922 4176 τε
3945 4125 4039 4177 καὶ

2471 4215 2799 4291 δημιουργοῦ
2837 4218 3084 4288 μηδαμοῦ
3118 4218 3336 4288 μνήμην
3363 4215 3512 4286 παρά
3536 4231 3647 4268 τισι
3675 4215 3996 4286 γιγνομένην
4019 4231 4035 4246 ο

2471 4311 2688 4382 δηχθεὶς
2716 4311 2815 4382 τὴν
2847 4309 3026 4381 ψυχὴν
3053 4311 3144 4364 ἐπὶ
3176 4309 3256 4380 τῷ
3277 4309 3580 4382 πράγματι,
3607 4307 3894 4379 καὶιζῆλον
3906 4312 4039 4378 ἀγα-

2473 4399 2863 4472 Θδν-ζηλώσας,
2904 4400 3044 4454 κατά
3085 4400 3175 4454 τὸν
3223 4399 3474 4453 εἰπόντα·
3531 4389 3731 4469 Ζῆλον
3773 4400 4040 4469 ἐζήλωσα

2472 4491 2553 4559 τῷ
2591 4493 2803 4560 Κυρίῳ,
2835 4490 2997 4561 εὐχὴν
3033 4489 3255 4561 ηὔξατο,
3282 4493 3377 4545 καὶ
3407 4492 3739 4560 ἐπαγγελίαν
3779 4490 4038 4560 ἐπηγγείὲ

2473 4588 2619 4651 λατο,
2647 4585 2741 4638 καὶ
2769 4581 2971 4652 ταύτην
2998 4582 3143 4653 ὅρκῳ
3168 4584 3500 4654 κατεδήσατο
3593 4583 3697 4654 μὴν
3718 4583 3797 4652 τῷ
3823 4581 4040 4653 παμϐα-

2476 4677 2612 4731 σιλεῖ
2643 4675 2761 4745 Θεῷ
2797 4673 3010 4743 πρῶτος
3034 4671 3166 4726 νεὼν
3191 4673 3284 4726 ἐπὶ
3311 4673 3413 4743 γῆς
3437 4672 3534 4726 καὶ
3557 4673 3697 4743 ἱερὸν
3720 4672 3874 4740 ἀγιον
3897 4673 4038 4726 οἰκο-

2473 4770 2746 4840 δομήσειν,
2784 4766 2910 4818 ἔνθα
2949 4763 3052 4835 τὴν
3083 4763 3286 4835 σκηνὴν
3337 4764 3430 4817 τοῦ
3485 4763 3780 4841 μαρτυρίου
3822 4764 3916 4817 παὶ
3943 4761 4040 4834 τὴν

2474 4859 2702 4913 κιϐωτὸν
2753 4856 2850 4926 τῆς
2899 4855 3174 4928 meam;
3213 4857 3311 4926 τὴν
3344 4856 3450 4909 ὑπὸ
3477 4856 3752 4920 Μωῦσέως
3783 4855 3923 4909 κατὰ
3943 4854 4039 4929 τὴν

2476 4951 2678 5022 ἔρημον
2737 4951 2804 5001 ὲκ
2857 4946 3272 5020 προστάγματος
3332 4946 3465 5000 Θεοῦ
3510 4945 4039 5001 κατασκευασθεῖσαν

2476 5037 3180 5112 ἀποθέμενος-ἀναπαύσων.
3216 5039 3513 5110 Περιήγετο
3538 5037 3668 5104 γοῦν
3695 5028 3793 5088 ὧδε
3823 5037 4038 5089 κάκεῖσε

2481 5133 2638 5203 μέχρι
2671 5131 2779 5185 τῶν
2810 5131 2902 5185 τοῦ
2930 5131 3104 5185 Δαυῒδ
3117 5130 3323 5201 χρόνων
3351 5128 3516 5181 τόπου
3544 5128 4033 5200 μετακομιζομένη,

2479 5221 2605 5272 ποτε
2641 5221 2737 5290 μὲν
2769 5224 2825 5274 ὲν
2856 5221 3170 5288 Γαλγάλοις,
3206 5219 3343 5271 ποτὲ·
3364 5217 3421 5270 δὲ
3456 5218 3511 5269 ὲν
3546 5218 3874 5289 Μανασῆφα,
3912 5220 4040 5272 ποτε

2475 5310 2530 5363 δὲ
2556 5314 2612 5364 ὲν
2636 5311 2809 5383 Σηλὼ,
2839 5313 2932 5366 καὶ
2957 5311 3142 5366 ἀλλοτε
3178 5303 3658 5379 παρ”ἀλλοφύλοις,
3684 5309 3933 5363 κάκεῖθεν
3963 5310 4052 5370 είς,

2475 5402 2742 5473 Βεσαμὺς,
2774 5404 2925 5459 ἐνθεν
2981 5406 3059 5467 είς
3110 5398 3534 5473 Καρειαθιρεῖμο
3583 5396 3703 5454 εἶτα
3758 5403 3837 5466 είς
3895 5396 4037 5454 οἷκον

2489 5495 2780 5567 Ἀμιναδάϐ
2799 5513 2813 5527 ο
2838 5496 3092 5550 κάκεῖθεν
3114 5496 3199 5556 εἰς
3234 5487 3380 5545 οἷκον
3425 5491 3715 5563 Ἀϐεδδαρά
3734 5509 3746 5521 ο
3777 5490 3930 5546 ἔνθεν
3961 5489 4048 5556 είς,

2477 5586 2611 5638 Σιὼν
2643 5588 2742 5658 τὴν
2788 5587 2941 5640 πόλιν
2965 5587 2994 5638 ὁ
3027 5583 3185 5638 Δαυτδ
3221 5583 3681 5654 perennem-030
3711 5582 3776 5654 δὴ
3813 5575 4037 5634 συνιδὼν

2476 5675 3052 5753 γινόμενοιδιενοήβη
3077 5671 3223 5728 οἷκον
3262 5672 3404 5751 ἱερὸν
3452 5674 3663 5747 ἐγεῖραι
3697 5671 3789 5733 καὶ
3807 5669 3938 5724 ναδν
3959 5665 4047 5728 οιτ-

891 5905 928 5936 ⁸⁷
971 5905 1155 5962 lattb.
1191 5911 1407 5970 “1.2;
1454 5911 1581 5966 Luc.
1621 5929 1707 5973 νι,
1740 5915 1827 5969 38.
1910 5917 1948 5948 “
1986 5913 2048 5968 lli
2081 5914 2209 5977 Reg.
2252 5931 2370 5977 xix.
2421 5915 2505 5976 iO,
2545 5917 2628 5969 ιι.

4073 140 4331 292 Ἠ
