4372 6404
862 527 999 583 1οἹ9

1546 521 1810 579 EUSEBII
1845 522 2310 582 CIESARIENSIS
2349 525 2495 584 OPP.
2539 523 2718 579 PARS
2750 522 2832 576 Ill.
2877 553 2942 561 ——
2980 519 3380 576 EXEGETICA.

3903 523 4041 578 1080

866 639 936 694 Et
976 638 1143 709 ﬁdelis
1172 639 1268 693 erit
1296 641 1477 693 domus
1508 642 1622 709 ejus
1663 650 1711 694 et
1741 658 1952 712 regnum
1995 643 2106 705 eius
2150 660 2309 713 usque
2349 646 2404 698 in
2431 653 2475 708 Α
2503 645 2592 698 τῶι

2349 646 2404 698 in
2431 653 2475 708 Α
2503 644 2903 713 τῶνξπατέρων
2931 657 3068 705 σου,
3101 643 3195 696 καὶ
3231 642 3549 708 ἀναστήσω
3571 645 3633 698 τὸ
3662 645 3895 715 σπέρμα
3930 661 4039 698 σου

865 729 1110 783 amulum
1145 730 1196 782 in
1223 739 1494 796 conspectu
1521 746 1634 783 meo
1659 747 1675 782 :
1699 739 1746 782 et
1779 730 1993 785 thronus
2022 732 2134 801 ejus
2163 736 2264 787 erit
2293 750 2402 786 ere-

869 825 980 872 ctus
1009 819 1063 871 in
1091 819 1338 872 amulum
1379 817 1659 872 secundum
1708 817 1882 874 omnes
1919 837 2174 876 sermones
2205 823 2316 888 hos,
2352 833 2400 876 et

867 909 1145 964 secundum
1184 902 1476 964 universam
1524 911 1770 980 uisionem
1802 911 1933 966 hanc
1956 915 2020 968 ".
2071 913 2161 969 Sic
2193 917 2400 969 locutus

867 1005 949 1052 est
990 996 1198 1050 Nathan
1229 996 1437 1051 Davidi.
1489 995 1612 1050 Haec
1644 1012 1806 1066 porro
1846 1000 2025 1053 omnia
2067 1001 2121 1052 in
2169 1001 2399 1055 medium

867 1085 1040 1146 attuli,
1069 1092 1128 1137 ut
1156 1084 1508 1147 declararem,
1555 1100 1676 1138 cum
1721 1085 1888 1138 David
1929 1088 2313 1141 aediﬁcaturum
2347 1101 2403 1140 St“

867 1172 1086 1226 domum
1111 1187 1249 1226 arca:
1279 1171 1368 1228 Dei
1390 1174 1594 1242 primus
1624 1173 2184 1244 promisissethum,
2211 1191 2393 1244 appro-

867 1263 994 1317 bata
1035 1264 1179 1320 illius
1211 1264 1430 1333 pietate,
1461 1264 1695 1319 vicissim
1722 1248 2016 1333 pollicitum
2060 1265 2108 1318 ei
2137 1280 2276 1327 esse,
2312 1281 2396 1318 ex-

868 1352 1156 1405 citaturum
1201 1367 1258 1407 se
1302 1366 1485 1406 semen
1539 1351 1656 1420 ejus
1707 1366 1848 1413 esse,
1886 1352 2042 1421 cujus
2093 1366 2254 1421 opera
2302 1352 2400 1405 sibi

867 1442 1083 1498 domum
1127 1444 1386 1497 excitaret
1411 1461 1424 1495 :
1449 1448 1503 1495 et
1529 1455 1649 1495 cum
1679 1441 1843 1496 David
1876 1445 2022 1512 prior
2051 1444 2312 1512 jurasset,
2348 1458 2404 1496 se

868 1531 1001 1584 nihil
1029 1532 1174 1586 aliud
1205 1541 1327 1588 ante
1356 1530 1644 1595 facturum,
1676 1547 1837 1601 quam
1870 1533 2166 1590 invenisset
2193 1533 2300 1588 Deo
2327 1535 2402 1588 lo-

869 1634 1014 1685 cum,
1041 1620 1204 1676 Deum
1233 1623 1473 1677 vicissim
1499 1623 1715 1692 jurasse
1736 1624 2058 1692 pollicendo,
2089 1633 2139 1679 et
2175 1625 2408 1679 humano

870 1726 988 1766 sese
1024 1715 1158 1766 mori
1197 1723 1578 1782 attemperasse
1613 1715 1668 1767 in
1706 1715 1974 1782 loquendo
2008 1732 2172 1769 :nam
2199 1715 2406 1769 inﬁnita

869 1816 1035 1871 prope
1062 1802 1165 1856 alia
1197 1803 1252 1857 in
1295 1803 1475 1857 divina
1505 1801 1784 1872 Scriptura
1817 1820 1882 1858 ex
1909 1803 2142 1858 humana
2180 1819 2404 1858 consue-

872 1891 1053 1948 tudine
1080 1901 1133 1945 et
1171 1893 1400 1962 quadam
1437 1893 1706 1961 cogitandi
1733 1894 1941 1948 ratione
1973 1895 2040 1948 de
2081 1894 2188 1948 Deo
2216 1895 2404 1949 dicun-

2501 736 2648 804 μετὰ
2677 734 2771 796 σὲ,
2803 732 2832 785 ὃ
2875 731 3043 786 ἔσται
3063 731 3131 784 ὲν
3157 729 3230 798 τῇ
3258 733 3450 797 κοιλίᾳ
3478 749 3610 797 σου,
3641 734 3736 786 καὶ
3759 730 4043 801 ἑτοιμάσω

2504 824 2617 892 τὴν
2638 823 2958 888 ,βασιλείαν
2983 835 3116 874 σου.
3140 821 3328 886 Αὐτὸς
3347 822 3734 890 οἰκοδομήσει
3758 841 3859 891 μοι
3883 820 4044 875 οἷκον

2506 913 2586 978 τῷ
2612 911 2852 980 ὀνόματί
2884 929 3019 978 μου,
3043 911 3138 964 καὶ
3168 909 3480 978 ἀνορθώσω
3502 911 3606 963 τὸν
3626 912 3838 978 θρόνον
3863 910 4043 963 αὑτοῦ

2506 1002 2615 1066 ἕως
2649 1003 2734 1065 εις
2767 1000 2871 1052 τὸν
2891 999 3091 1052 αίῶνα.
3111 999 3256 1067 Ἐγὼ
3281 1001 3490 1069 ἔσομαι
3521 999 3677 1065 αὐτῷ
3700 1002 3784 1064 είς
3807 997 4041 1065 πατέρα,

2507 1093 2604 1145 καὶ
2637 1092 2815 1156 αὐτὸς
2843 1091 3011 1144 ἔσται
3038 1109 3135 1160 μοι
3161 1094 3246 1158 είς
3290 1094 3442 1146 υἱόν.
3478 1093 3585 1145 Καὶ
3618 1091 3724 1144 ἐὰν
3751 1092 3900 1157 ἔλθῃ
3929 1089 4048 1143 ἀδι-

2508 1182 2608 1234 κία
2647 1180 2848 1243 αὑτοῦ,
2877 1182 2970 1233 καὶ
3012 1179 3231 1249 ἐλέγξω
3266 1182 3448 1235 αὑτὸν
3485 1183 3552 1235 ἐν
3576 1180 3771 1249 ῥάϐδῳ
3796 1180 4044 1246 ἀνδρῶν,

2509 1270 2604 1323 καί
2651 1271 2720 1322 ἐν
2759 1269 2934 1338 ἁφαῖς
2971 1268 3114 1323 υίῶν
3154 1271 3491 1338 ἁνθριίυντιιιγ.⁴
3523 1271 3593 1325 Τὸ
3631 1271 3698 1324 δὲ
3739 1272 3910 1336 ἔλεός
3930 1288 4047 1340 μου

2509 1364 2618 1414 οὐκ
2645 1361 2986 1428 ,ἁποστήσω
3018 1360 3116 1414 ἀπ’
3141 1361 3341 1425 αὐτοῦ,
3383 1361 3572 1426 καθὼς
3600 1361 3912 1440 ἀπέστησα
3950 1362 4046 1428 ἀφ’

2508 1447 2592 1506 ὧν
2621 1453 2935 1519 ἀπέστησα
2961 1453 3028 1506 ἐκ
3059 1450 3374 1520 προσώπου
3397 1471 3532 1520 μου.
3559 1454 3667 1506 Καὶ
3691 1451 4049 1519 πιστευθήσο-

2507 1561 2601 1595 ται
2639 1546 2672 1595 ό
2691 1543 2853 1608 οἶκος
2878 1543 3060 1596 αὑτοῦ
3089 1543 3186 1595 καὶ
3209 1543 3247 1608 ἠ
3273 1543 3552 1606 ,ϐασιλεία
3584 1543 3765 1607 αὺτοῦ
3795 1543 3904 1608 ἕως
3921 1540 4049 1595 σιῶ-

2510 1648 2613 1695 voc
2642 1629 2894 1683 ἐνώπιόν
2908 1649 3025 1699 μου
3042 1644 3056 1658 ⁶
3095 1630 3193 1683 καὶ
3232 1633 3263 1682 ό
3290 1630 3497 1696 θρόνος
3522 1630 3703 1683 αὑτοῦ
3735 1630 3903 1684 ἔσται
3948 1629 4051 1682 dr-

2511 1703 2847 1786 ῴθωμένος
2875 1721 2959 1783 είς
3005 1719 3110 1772 τὸν
3141 1718 3319 1773 αίῶνα
3356 1719 3502 1770 κατὰ
3525 1718 3750 1783 πάντας
3780 1719 3920 1782 τοὺς
3951 1718 4052 1770 λό’

2511 1825 2652 1876 γους
2677 1815 2940 1874 τούτους,
2973 1812 3069 1862 καὶ
3105 1809 3253 1863 κατὰ
3287 1807 3493 1873 πᾶσαν
3525 1807 3635 1874 τὴν
3674 1807 3884 1874 ὅρασιν
3918 1807 4052 1859 ταύ-

2514 1914 2640 1963 την.
2668 1897 2850 1961 Οὕτως
2893 1899 3116 1969 ἐλάλησε
3147 1898 3337 1952 Ναθὰν-
3362 1899 3496 1968 πρὸς
3539 1898 3627 1950 τὸν
3670 1897 3843 1950 Δαυῖδ.
3875 1896 4055 1950 Ταῦτα

870 1989 976 2034 tur.
1003 1981 1210 2048 Quibus
1232 1985 1305 2036 ita
1329 1983 1790 2047 commonstratis,
1809 1984 1918 2052 jam
1947 1992 2112 2038 restat
2135 1992 2191 2038 ut
2215 1985 2404 2053 psalmi
2438 2000 2477 2052 Β
2504 1988 2567 2057 δὴ

2325 1985 2404 2037 .mi
2438 2000 2477 2052 Β
2504 1988 2567 2057 δὴ
2614 1988 2788 2042 πάντα
2831 1989 3161 2060 παρεθέμην,
3204 1990 3544 2060 παραστῆσαι
3595 1984 3930 2059 βουλόμενος,
3960 1987 4051 2050 ὡς,

869 2071 1073 2126 dictum
1103 2064 1533 2131 consideremus.

2516 2075 2726 2147 πρώτου
2757 2078 3229 2148 ἐπηγγειλαμένου
3247 2078 3337 2131 τοῦ
3367 2079 3524 2131 Δαυῒδ
3548 2074 3691 2131 οἷκον
3724 2075 4055 2144 κατασκευά-

871 2161 981 2225 ζειν
1012 2165 1078 2232 τῇ
1126 2161 1341 2232 κιϐωτῷ
1389 2163 1480 2226 τοῦ
1519 2163 1671 2230 Θεοῦ,
1708 2163 2101 2234 ἀποδεξάμενος
2125 2170 2284 2219 αὐτον
2315 2168 2410 2234 της
2449 2165 2720 2229 εὐσεϐείας
2747 2168 2775 2217 ὁ
2815 2167 2970 2230 Θεὸςε
3013 2167 3498 2235 ἀντεπαγγέλλεται
3534 2168 3594 2220 τὸ
3642 2167 3859 2237 σπέρμα
3893 2164 4052 2218 αὐτοῦ

870 2251 1207 2321 ἀναστήσειν,
1242 2254 1335 2306 καὶ
1364 2253 1452 2307 διὰ
1478 2254 1662 2308 τούτου
1692 2255 2111 2319 κατασκευάζειν
2145 2253 2318 2324 ἐάυτῷ
2342 2251 2485 2307 οἷκον
2507 2271 2520 2283 ·
2553 2257 2646 2308 καὶ
2682 2256 2872 2319 ὼςτοῦ
2907 2256 3067 2309 Δαυῖδ
3112 2257 3325 2327 πρώτου
3383 2257 3726 2327 ὀμωμοκότος
3786 2257 3859 2325 μὴ
3926 2255 4057 2325 πρό-

871 2361 1023 2416 τερον
1046 2347 1221 2401 ἄλλοτι
1245 2349 1490 2418 ποιήσειν
1508 2350 1600 2402 τοῦ
1623 2351 1784 2419 τόπον
1811 2352 1986 2420 εὑρεῖν
2005 2351 2080 2420 τῷ
2102 2351 2238 2420 Θεῷ,
2261 2350 2556 2421 άμοιὸαίως
2582 2352 2673 2403 καὶ
2706 2353 2733 2404 ὁ
2762 2351 2890 2414 Θεὸς
2919 2353 3204 2420 άντόμνυσι
3271 2351 3384 2428 διὰ.¹
3414 2352 3513 2418 τῆς
3575 2350 3918 2418 ἐπαγγελίας,
3969 2350 4059 2428 ἀντ

865 2435 1279 2509 θρωπινώτερον
1327 2439 1766 2507 συγκαταϐαίνων
1799 2441 1877 2509 τῷ
1907 2440 2075 2511 λόγῳ·
2114 2420 2421 2512 ἐπειδὴγκαὶ
2457 2443 2589 2496 ἄλλα
2619 2443 2785 2512 μυρία
2830 2445 2887 2495 ἐν
2931 2445 2994 2512 τῇ
3043 2443 3160 2512 θείᾳ
3191 2423 3402 2513 Γραφῇκ
3442 2439 3876 2510 ὰνθρωποπαθῶς
3935 2420 4060 2507 περὶ

871 2528 962 2582 τοῦ
988 2529 1121 2582 Θεοῦ
1149 2529 1390 2582 λέλεκται
1429 2531 1567 2583 κατά
1594 2547 1712 2582 τινα
1765 2532 2052 2598 νοουμένην
2086 2532 2328 2601 θεωρίαν.
2381 2527 2478 2585 Ὦν
2513 2533 2680 2596 οὕτως
2727 2533 3199 2602 ἀποδεδειγμένων,
3262 2532 3448 2601 καιρὸς
3501 2530 3599 2600 ήδη
3631 2532 3723 2584 καὶ
3749 2530 3846 2599 τὴν
3886 2531 3942 2581 ἐν
3984 2526 4058 2597 τῷ

871 2619 1067 2689 ψαλμῷ
1098 2621 1239 2684 λέξιν
1268 2621 1651 2692 ἐπιθεωρῆσαι.

941 2727 1082 2792 Quid
1106 2731 1208 2784 sibi
1231 2731 1346 2784 vult
1376 2745 1503 2800 ergo
1531 2733 1822 2802 promissio
1848 2732 1980 2788 Dei?
2007 2735 2132 2788 Haec
2154 2735 2261 2789 duo
2281 2748 2416 2804 pre-

874 2821 1103 2882 nuntiat,
1129 2821 1302 2890 primo
1334 2837 1392 2877 se
1438 2821 1658 2878 Davidis
1697 2839 1882 2880 semen
1922 2825 1976 2878 in
2008 2827 2264 2879 saeculum
2296 2839 2408 2878 ser-

877 2919 1163 2978 vaturum;
1198 2912 1460 2977 secimdo,
1509 2914 1762 2968 thronum
1795 2915 1913 2984 ejus
1939 2914 2324 2968 :ediﬂcaturum
2362 2913 2416 2965 in

877 3003 1268 3074 generationem
1316 3012 1370 3059 et
1409 3005 1829 3075 generationem.
1876 3004 2077 3060 Deinde
2128 3006 2252 3074 quia
2305 3004 2417 3058 hzec

873 3108 984 3148 non
1029 3093 1274 3148 sensibili
1308 3107 1456 3147 more
1504 3095 1558 3147 in
1583 3101 1748 3157 terra,
1787 3108 1962 3162 neque
2014 3095 2068 3147 in
2109 3108 2277 3163 regno
2316 3093 2416 3145 hu-

877 3197 1034 3236 mana
1075 3183 1287 3236 ratione
1313 3183 1658 3237 considerato
1695 3183 1876 3238 futura
1911 3194 2085 3247 erant,
2118 3186 2415 3253 promisso-

2585 2733 2649 2784 Τί
2689 2734 2863 2785 τοίνυν
2908 2732 3151 2800 βούλεται
3196 2735 3228 2802 ὴ
3273 2731 3564 2800 ἐπαγγελία
3615 2730 3706 2784 τοῦ
3751 2731 3919 2794 Θεοῦ;
3958 2729 4059 2782 Δύο

2515 2819 2683 2872 ταῦτα
2704 2820 3056 2892 προαγορεύει
3073 2837 3085 2851 ο
3116 2821 3324 2892 πρῶτον
3349 2821 3443 2890 μὲν
3463 2821 3522 2872 τὸ
3545 2820 3761 2890 σπέρμα
3784 2819 3876 2871 τοῦ
3902 2817 4059 2870 Acut!

2516 2908 2617 2970 ἓως
2647 2908 2738 2962 τοῦ
2767 2910 2956 2971 αἰῶνος
2983 2909 3232 2978 φυλάξειν
3251 2925 3263 2938 ·
3294 2909 3539 2980 δεύτερον
3565 2909 3621 2960 δὲ
3645 2909 3733 2960 τὸν
3764 2907 3946 2976 θρόνον
3967 2910 4058 2962 αὐ·

2513 3000 2606 3052 τοῦ
2640 3001 3005 3070 οἰκοδομήσειν
3035 3002 3113 3062 είς
3147 2999 3335 3067 γενεὰν
3359 3000 3452 3051 καὶ
3483 2999 3689 3065 γενεάν.
3713 2995 3822 3049 Εἶτ’
3847 2998 4061 3067 ἐπειδη-

2518 3108 2622 3162 περ
2642 3091 2835 3160 ἤμελλε
2862 3089 3030 3143 ταῦτα
3060 3090 3133 3159 μὴ
3159 3091 3253 3141 ἐπὶ
3273 3090 3374 3158 γῆς
3403 3087 3670 3158 αἰσθητῶς
3697 3088 4059 3151 συνίστασθαι,

2523 3182 2654 3251 μηδέ
2699 3183 2754 3233 ἐν
2797 3183 2860 3250 τῇ
2905 3180 3042 3233 κατὰ
3086 3179 3364 3249 ἄνθρωπον
3411 3177 3672 3246 βασιλείᾳ,
3702 3177 3777 3238 είς
3808 3176 4062 3246 οὐρανοὺς

877 3288 996 3326 rum
1028 3273 1471 3342 complementum
1504 3274 1556 3327 in
1591 3276 1758 3330 caelos
1805 3276 2049 3328 remittit.
2073 3244 2418 3344 Quapropter
2443 3244 2484 3299 δ

2337 3283 2418 3328 ter
2443 3244 2484 3299 Ε
2669 3244 2973 3340 ἀναπέμπει
3007 3269 3112 3322 τῶν
3143 3244 3479 3336 ἐπαγγελιῶν
3521 3267 3588 3319 τὰ
3630 3244 4059 3336 ἀποτελέσματα.

878 3365 1017 3418 sicut
1055 3364 1302 3430 superius
1333 3363 1489 3429 dixit,
1525 3363 1592 3418 Ιιη
1639 3365 1765 3419 calo
1795 3366 2181 3435 praeparabitur
2227 3365 2416 3417 veritas
2517 3364 2592 3414 Δι’

2335 3375 2416 3417 tas
2517 3364 2592 3414 At‘
2622 3362 2649 3413 δ
2672 3360 2855 3430 ὥσπερ
2881 3360 3132 3430 ἀνωτέρω
3163 3359 3358 3429 ἔφησεν
3379 3376 3391 3388 ·
3437 3360 3529 3410 Ἐν
3556 3357 3634 3421 τῷ
3662 3357 3891 3424 οὐρανῷ
3921 3358 4061 3409 ἐτοι-

880 3465 1010 3518 tua;
1043 3455 1123 3509 sic
1158 3462 1279 3524 post
1330 3453 1424 3510 Dei
1456 3456 1868 3524 promissionem
1891 3456 1999 3524 jam
2034 3455 2217 3516 infert,
2244 3452 2421 3521 Conﬁ-

881 3543 1273 3606 tebunturIcaeli
1307 3545 1573 3600 mirabilia
1624 3555 1737 3608 tua,
1769 3545 2004 3598 Domino.
2058 3543 2242 3613 Neque
2279 3544 2419 3596 enim

878 3631 1125 3687 homines
1155 3634 1246 3702 qui
1277 3633 1332 3685 in
1368 3642 1509 3687 terra
1540 3641 1687 3695 sunt,
1718 3633 1910 3703 inquit,
1954 3634 2251 3701 intelligere
2273 3641 2420 3699 pote-

878 3727 1006 3772 runt
1060 3733 1220 3788 quam
1255 3727 1486 3773 mentem
1531 3721 1780 3782 habeant,
1816 3736 1848 3774 o
1881 3719 2126 3782 Domine,
2156 3721 2419 3788 promissa

881 3818 992 3875 tua,
1037 3824 1138 3863 nec
1179 3824 1426 3878 quamam
1472 3811 1580 3862 sint
1632 3811 2066 3880 propheticorum
2115 3825 2419 3866 sermonum

881 3899 1426 3968 complementa;sed
1459 3900 1559 3968 ipsi
1609 3901 1731 3952 cmli
1777 3901 2046 3962 videlicet.
2098 3909 2154 3953 et
2196 3916 2314 3969 qua:
2368 3901 2419 3953 in

882 3989 1020 4042 cmlo
1057 3996 1184 4042 sunt
1212 3987 1404 4042 divina:
1436 3989 1661 4043 virtutes
1689 4009 1701 4042 :
1733 3991 1986 4058 quoniam
2025 3990 2176 4044 cmlis
2218 4003 2423 4058 compe-

885 4081 951 4131 tit
998 4080 1271 4133 mirabilia
1296 4087 1406 4141 tua,
1437 4095 1554 4148 quae
1594 4061 1646 4132 in
1677 4082 2125 4149 promissionibus
2157 4081 2420 4144 feruntur,

884 4179 1137 4218 enarrare
1178 4175 1231 4218 et
1286 4166 1646 4234 interpretari.
1695 4167 2151 4231 Quemadmodum
2186 4169 2422 4221 vicissim

885 4265 1162 4312 ventatem
1214 4264 1405 4320 tuam,
1467 4265 1588 4327 quae
1641 4258 1695 4310 in
1760 4259 2043 4326 promissis
2095 4257 2278 4311 Davidi
2330 4259 2423 4311 da-

886 4347 958 4400 tis
1001 4345 1346 4408 celebratur,
1399 4345 1638 4413 cogitare
1691 4355 1738 4398 et
1793 4347 2076 4414 enuntiare
2125 4361 2230 4398 non
2291 4346 2424 4399 alio-

887 4451 1004 4490 rum
1058 4443 1194 4504 erat,
1238 4449 1395 4509 quam
1433 4435 1690 4487 cmlorum
1747 4442 1970 4498 tantum,
2020 4444 2072 4489 et
2116 4435 2422 4504 angelorum

2513 3451 2890 3519 μασθήσεται
2930 3451 2969 3516 ἡ
3014 3449 3259 3516 ἀλήθειά
3295 3465 3429 3512 σου,
3491 3448 3631 3502 οῦτω
3663 3449 3754 3502 καὶ
3788 3450 3880 3502 νῦν
3933 3448 4063 3520 μετὰ

2516 3543 2612 3611 τὴν
2639 3541 2962 3608 ἐπαγγελίαν
2986 3540 3075 3592 τοῦ
3109 3539 3241 3612 Θεοῦ
3272 3540 3518 3610 ἐπιφέρει
3541 3541 3600 3593 τό
3621 3558 3632 3569 ·
3677 3537 4036 3609 Ἐξομολογή

2518 3645 2722 3683 σονται
2769 3633 2821 3684 οί
2876 3631 3110 3698 οὐρανοὶ
3153 3629 3225 3681 τὰ
3265 3629 3563 3699 θαυμάσια
3591 3645 3727 3692 σου,
3755 3631 3950 3696 Κύριε.
3987 3627 4064 3681 Οὐ

2519 3723 2625 3791 γὰρ
2670 3724 2716 3774 οἱ
2765 3722 2856 3774 ἐπὶ
2896 3722 2996 3790 γῆς
3036 3721 3325 3792 ἄνθρωποι,
3381 3720 3532 3788 φησὶ,
3584 3720 3894 3790 δυνήσονται
3944 3735 4065 3770 συν-

2522 3811 2676 3874 ιέναι,
2708 3814 2884 3862 ὁποῖον
2915 3809 3038 3862 νοῦν
3078 3810 3306 3878 ἔχουσιν,
3331 3803 3374 3861 ὧ
3403 3808 3588 3878 Κύριε,
3625 3812 3679 3861 αἱ
3727 3807 4058 3875 ἐπαγγελίαι,

2520 3902 2623 3953 οὐδ’
2658 3905 2816 3955 ὁποῖα
2837 3901 2905 3954 τὰ
2931 3901 3337 3969 ἀποτελέσματα
3358 3900 3463 3952 τῶν
3499 3898 3841 3970 προφητικῶν
3863 3897 4064 3966 τυγχά-

2524 4007 2600 4042 νει
2629 3989 2832 4061 λόγωνο
2863 3988 2976 4040 ἀλλ’
3004 3990 3051 4040 οἱ
3075 3988 3288 4057 οὐρανοὶ
3322 3987 3472 4038 αὐτοὶ
3497 3986 3716 4056 δηλαδὴ,
3738 3985 3831 4037 καὶ
3861 3986 3914 4036 al
3949 3986 4066 4037 κατ’

2523 4082 2742 4150 οὐρανὸν
2776 4080 2912 4131 θεῖαι
2939 4079 3210 4149 δυνάμεις·
3235 4078 3420 4148 διόπερ
3445 4080 3554 4137 τοῖς
3571 4077 3813 4146 οὐρανοῖς
3841 4074 4066 4144 ἁρμόζει

2521 4173 2587 4223 τὰ
2633 4171 2907 4240 θαυμάσια
2948 4185 3041 4221 σου
3077 4170 3146 4221 τὰ
3189 4169 3534 4239 ἐμφερόμενα
3571 4170 3688 4228 ταῖς
3722 4166 4068 4233 ἐπαγγελίαις

2522 4259 2812 4327 διηγεῖσθαι
2855 4257 2946 4310 καὶ
2987 4255 3593 4326 διερμηνεύειν.”Ωσπερ
3626 4253 3783 4306 πάλιν
3808 4254 3904 4322 τὴν
3935 4251 4068 4322 ἀλή-

2523 4349 2667 4400 θειάν
2695 4366 2806 4408 σου,
2835 4349 2931 4418 τὴν
2956 4351 3011 4402 ἐν
3034 4352 3149 4410 ταῖς
3166 4347 3298 4416 πρὸς
3323 4348 3409 4398 τὸν
3440 4345 3596 4398 Δαυῒδ
3624 4343 3963 4411 ἐπαγγελίαις
3987 4342 4069 4393 δε-

2523 4435 2869 4506 δοξασμένην,
2897 4439 2994 4490 οὐκ
3021 4438 3190 4490 αλλων
3215 4433 3436 4505 τιν-νοεῖν
3453 4437 3545 4486 καὶ
3567 4433 3861 4503 διηγεῖσθαι
3892 4431 4002 4483 ἀλλ’
4033 4430 4066 4499 ἢ

884 4526 977 4595 qui
1017 4526 1071 4579 in
1093 4526 1255 4580 ccelis-
1273 4534 1443 4579 sunt:
1492 4525 1543 4576 bi
1589 4539 1820 4592 namque
1863 4527 2140 4580 veritatem
2185 4536 2329 4577 tuam
2371 4534 2422 4578 et
2457 4561 2497 4612 Β
2531 4530 2610 4597 μόε

2371 4534 2422 4578 et
2457 4561 2497 4612 Β
2531 4530 2704 4597 μόνων
2747 4528 2850 4580 τῶν
2894 4527 3132 4596 οὐρανῶν
3177 4527 3272 4577 καὶ
3304 4525 3407 4576 τῶν
3437 4526 3491 4574 ἐν
3519 4524 3760 4592 οὐρανοῖς
3792 4519 4064 4601 ἀγγέλων·

887 4615 1153 4672 mirabilia
1198 4623 1290 4668 tua
1324 4615 1378 4667 in
1411 4612 1647 4668 Ecclesia
1671 4624 1978 4667 sanctorum
2004 4615 2421 4667 conﬁtebuntur.

888 4701 1097 4758 Etenim
1128 4705 1172 4757 si
1204 4705 1491 4776 aliquando
1529 4707 1654 4760 talis
1680 4703 1918 4758 Ecclesia
1944 4705 1998 4756 in
2042 4713 2184 4757 terra
2212 4713 2422 4766 exstet,

889 4810 1008 4864 qua
1053 4793 1290 4848 Ecclesia
1322 4806 1630 4850 sanctorum
1661 4805 1918 4850 vocetur:
1951 4804 2145 4864 praeter
2173 4795 2273 4848 bos
2301 4809 2426 4846 san-

889 4894 1007 4938 ctos
1029 4923 1044 4947 ,
1074 4883 1176 4953 ipsi
1205 4884 1326 4936 caeli
1348 4923 1362 4946 ,
1396 4885 1508 4938 sive
1538 4885 1731 4938 divinae
1755 4886 2011 4947 virtutes,
2041 4884 2151 4938 sive
2180 4879 2426 4937 cmlestes

892 4973 1135 5036 homines
1159 5012 1173 5036 ,
1213 4973 1480 5025 mirabilia
1510 4981 1603 5026 tua
1629 4981 1682 5026 et
1712 4974 1986 5026 veritatem
2016 4982 2160 5025 tuam
2180 5013 2193 5036 ,
2224 4986 2342 5041 qua:
2372 4972 2406 5022 ii

893 5067 1245 5138 praesentibus
1284 5066 1564 5133 promissis
1605 5065 1792 5122 fertur.
1824 5066 2240 5117 conﬁtebuntur.
2272 5064 2426 5128 Quod

894 5155 940 5205 si
985 5156 1043 5206 in
1080 5155 1211 5222 ipsis
1251 5153 1407 5208 cmlis
1453 5153 1693 5208 Ecclesia
1729 5153 1976 5222 quaedam
2019 5156 2086 5204 sit
2129 5153 2428 5220 primitivo-

896 5257 1012 5294 rum
1033 5279 1050 5304 .
1084 5242 1477 5312 descriptorum
1513 5244 1566 5295 in
1600 5245 1751 5296 caelis
1773 5283 1786 5304 ,
1818 5256 1882 5295 ea
1911 5241 2091 5293 verius
2123 5248 2175 5293 et
2208 5253 2431 5293 accura—

895 5334 1002 5386 tius
1030 5329 1264 5400 Ecclesia
1293 5342 1602 5387 sanctorum
1631 5347 1751 5386 esse
1775 5325 1992 5386 dicatur
2018 5347 2028 5381 :
2096 5329 2147 5381 in
2175 5345 2278 5398 qua
2309 5329 2427 5382 ccnli

901 5423 1171 5474 veritatem
1218 5424 1606 5490 promissorum
1652 5421 1779 5482 Dei,
1824 5431 1876 5474 et
1923 5419 2191 5472 mirabilia
2221 5422 2273 5471 in
2308 5433 2431 5487 pro-

900 5511 1080 5564 missis
1136 5511 1308 5579 posita
1338 5549 1355 5575 ,
1401 5513 1745 5565 enarrabunt.
1811 5509 2073 5563 Mirabilia
2118 5519 2294 5562 autem
2344 5509 2447 5560 illa-

901 5615 1018 5666 quae
1066 5599 1297 5664 fuerint,
1354 5600 1458 5652 nisi
1510 5601 1762 5654 Davidem
1807 5602 2035 5654 electum
2087 5596 2178 5651 Dei
2219 5597 2431 5659 vocari,

903 5703 1108 5742 necnon
1134 5705 1314 5744 semen
1342 5690 1410 5743 ab
1437 5690 1553 5758 ipso
1583 5692 1914 5758 proditurum
1942 5703 2061 5744 esse
2079 5729 2092 5754 ,
2121 5687 2261 5757 quod
2292 5688 2409 5741 thro

979 5842 1022 5871 ⁸ο
1054 5840 1091 5893 ll
1124 5841 1252 5910 Reg.
1288 5859 1391 5909 vn,
1425 5843 1572 5896 ι-ιτ.

2526 4611 2669 4669 οὗτοι
2695 4619 2800 4687 γὰρ
2835 4617 2926 4668 καὶ
2951 4616 3046 4684 τὴν
3075 4615 3326 4684 ἀλήθειάν
3352 4629 3442 4664 σου
3473 4610 3653 4663 καὶτὰ
3682 4608 3950 4678 θαυμάσιά
3977 4623 4068 4658 σου

2528 4710 2581 4759 ἐν
2614 4707 2900 4777 Ἐκκλησία
2927 4707 3090 4772 ἁγίων
3109 4703 3599 4773 ἐξομολογήσονταιε
3620 4701 3680 4752 El
3705 4699 3810 4768 γάρ
3835 4714 3961 4749 ποτε
3987 4697 4071 4765 γέ-

2527 4814 2665 4848 νοιτο
2705 4795 2990 4863 Ἐκκλησία
3016 4811 3097 4857 τις
3126 4793 3340 4862 τοιαύτη
3394 4792 3482 4843 ἐπὶ
3507 4791 3626 4859 γῆς,
3654 4790 3727 4853 ὡς
3751 4788 3917 4854 ἁγίων
3953 4787 4070 4839 Ἐκ-

2529 4886 2749 4954 κλησίαν
2777 4884 2941 4953 αὐτὴν
2969 4883 3340 4952 χρηματίζειν,
3363 4880 3508 4950 παρὰ
3539 4877 3741 4937 τούτοις
3771 4879 3819 4927 ul
3837 4875 4067 4945 οὐρανοὶ,

2527 4977 2635 5027 εἴτε
2665 4975 2914 5044 δυνάμεις
2948 4974 3102 5035 θεῖαι,
3127 4974 3233 5024 εἴτε
3262 4973 3352 5025 καὶ
3377 4970 3610 5040 οὐράνιοι
3627 4967 3833 5036 ἄνδρες,
3857 4968 3924 5015 τὰ
3945 4965 4070 5016 θαυ-

2535 5066 2701 5134 μάσιά
2727 5081 2816 5116 σου
2839 5065 2929 5116 καὶ
2951 5063 3046 5133 τὴν
3080 5063 3327 5134 ἀλήθειάν
3359 5077 3470 5120 σου,
3501 5058 3595 5127 τὴν
3613 5056 3983 5125 ἐμφερομένην
4017 5055 4070 5105 ὲν

2531 5155 2646 5214 ταῖς
2686 5151 3062 5220 προκειμέναις
3109 5149 3473 5218 ἐπαγγελίαις,
3497 5145 3984 5214 ἐξομολογήσονται.
4011 5145 4071 5195 Et

2533 5241 2590 5291 δέ
2623 5245 2735 5293 ἐστι
2787 5243 2878 5294 καὶ
2929 5242 2985 5293 ἐν
3032 5242 3208 5301 αὐτοῖς
3251 5241 3361 5298 τοῖς
3392 5238 3632 5306 οὐρανοῖς
3669 5235 3958 5305 Ἐκκλησία
3992 5250 4072 5294 τις

2539 5333 2884 5400 πρωτοτόκων
2921 5328 3414 5399 ἀπογεγραμμένων
3439 5327 3494 5377 ἐν
3528 5327 3785 5397 οὐρανοῖς,
3820 5323 4072 5395 κυριώτε-

2539 5437 2628 5488 ρον
2676 5422 2763 5472 καὶ
2808 5420 3155 5488 ἀληθέστερον
3201 5414 3407 5485 λεχθείη
3459 5415 3521 5467 ἂν
3569 5415 3745 5483 ἐκείνη
3786 5411 4114 5482 Ἐκκλησία’

2541 5511 2704 5576 ἁγίων
2727 5508 2862 5564 εἶναι
2903 5509 3210 5575 Ἐκκλησία,
3241 5509 3296 5557 ἐν
3383 5509 3429 5557 οἱ
3461 5506 3674 5584 οὐρανοὶ
3707 5503 3800 5564 τὴν
3821 5501 4071 5570 ἀλήθειαν

2539 5599 2644 5651 τῶν
2672 5601 3000 5667 ἐπαγγελιῶν
3031 5597 3119 5649 τοῦ
3151 5596 3282 5648 Θεοῦ
3307 5598 3396 5648 καὶ
3419 5596 3485 5648 τὰ
3511 5595 3779 5663 θαυμάσια
3811 5592 3882 5643 τὰ
3902 5592 3960 5639 ἐν
3981 5588 4073 5640 αύ-

2541 5692 2657 5751 ταῖς
2692 5691 3035 5758 ἀποκείμενα
3061 5687 3418 5756 διηγήσονται.
3450 5684 3730 5754 Θαυμάσια
3761 5681 3814 5732 δὲ
3849 5678 3966 5731 τίνα
4006 5673 4087 5748 ἧνι
