4372 6416
322 528 449 585 1681

1380 532 1875 590 ΟΟΜΜΕΝΤᾹΚΙΑ
1904 531 1970 587 ΙΝ
2019 532 2351 587 PSALMOS.

3350 534 3489 590 1082

317 642 483 711 ἀλλ’ἢ
512 642 570 695 τὸ
596 642 845 697 ἐκλεκτὸν
872 643 964 697 τοῦ
1004 644 1137 698 Θεοῦ
1166 648 1490 718 χρηματίσαι
1538 650 1628 702 τὸν
1677 650 1853 713 Δαυῒδ,
1882 658 1928 712 Α
1956 665 2043 703 nul

1759 650 1853 713 υῖδ,
1882 658 1928 712 Α
1956 664 2084 703 num
2131 657 2388 703 aeternum
2433 656 2714 703 nacturum
2755 650 2862 715 sit;
2907 656 3066 718 atque
3110 657 3485 704 testamentum

318 732 491 786 καὶτὸ
520 731 578 797 ἐξ
604 730 764 786 αὐτοῦ
792 733 1038 800 γενέσθαι
1073 736 1289 807 σπέρμα
1310 737 1491 808 θρόνον
1520 738 1731 793 αἰώνιον
1759 758 1856 794 κα-

320 819 488 885 θέξον,
518 822 609 873 καὶ
637 821 708 873 τὸ·
722 821 981 900 διαθήκην
1009 822 1220 877 αἰώνιον
1242 826 1572 881 διατίθεσθαι
1595 830 1727 899 πρὸς
1756 831 1855 883 αὑ-

320 909 406 962 τὸν
433 910 521 962 τὸν
544 909 691 974 Θεὸν,
718 910 751 979 ἢ
782 910 1045 979 συνθήκην
1067 912 1199 981 πρὸς
1220 914 1379 968 αὐτδν
1405 915 1686 983 γενέσθαι;
1717 917 1857 970 οὕτω

320 1000 427 1072 γάρ
459 1002 492 1053 δ’
521 1002 745 1063 Ἀκύλας
783 1002 877 1053 καὶ
916 1001 1201 1072 Σύμμαχος
1238 1007 1601 1076 ήρμήνευσαν,
1642 1009 1863 1078 συνθή-

321 1108 439 1160 κην
473 1092 593 1145 ἀντὶ
630 1091 883 1161 διαθήκης
911 1095 1205 1162 εἰρηκότες.
1233 1096 1535 1167 Θαυμάσιον
1576 1096 1642 1169 ἦν
1680 1100 1769 1152 καὶ
1798 1101 1858 1153 τδ

321 1178 544 1248 ὀμνύναι
580 1179 668 1231 τὸν
694 1179 824 1231 Θεὸν
862 1180 1126 1251 ἀνθρώπῳ
1159 1184 1250 1237 καὶ
1280 1186 1339 1237 τὸ
1364 1188 1588 1254 φάσκειν
1612 1191 1747 1260 πρὸς
1768 1190 1856 1242 τὸν

321 1269 477 1321 αὐτόν
495 1286 509 1300 ο
538 1270 682 1335 Ἕως
710 1269 813 1322 τοῦ
840 1268 1047 1335 αἰῶνος
1070 1272 1355 1342 ἑτοιμάσω
1383 1277 1447 1329 τὸ
1470 1268 1700 1346 σπέρμα
1718 1294 1854 1342 σου,

322 1356 460 1411 κατὰ
482 1358 571 1411 τὸν
601 1360 919 1429 Σύμμαχονο
941 1362 1048 1416 Καὶ
1090 1364 1453 1433 οἰκοδομήσω
1482 1370 1567 1432 εις
1597 1368 1857 1435 ἑκάστην

319 1446 528 1512 γενεὰν
548 1445 654 1499 τὸν
679 1448 889 1514 θρόνον
919 1464 1052 1514 σου,
1090 1452 1225 1503 κατὰ
1249 1451 1338 1505 τὸν
1370 1455 1546 1507 αὐτόν.
1570 1455 1641 1507 Τὸ
1665 1455 1718 1506 δὲ
1743 1458 1856 1525 μεῖ-

321 1535 410 1599 ζον
440 1537 687 1591 ἁπάντων
718 1537 897 1608 θαῦμα
918 1538 1071 1593 τοῦτο
1101 1537 1188 1612 ἦν,
1212 1542 1273 1595 τὺ
1298 1533 1518 1597 τοιαῦτα
1540 1545 1856 1613 ἐπαγγελλό-

322 1643 478 1696 μενον
508 1627 598 1679 τδν
619 1628 746 1681 Θεὸν
768 1629 913 1699 ὅρκῳ
940 1630 1106 1684 ταῦτα
1128 1633 1613 1703 ἐπισφραγίσασθαι
1638 1652 1649 1664 ο
1683 1635 1774 1687 καὶ
1797 1635 1856 1687 τὸ

324 1715 536 1768 πάντων
579 1715 1008 1791 θαυμασιώτερον
1034 1720 1093 1773 τὸ
1132 1721 1267 1791 μετὰ
1302 1721 1391 1774 τὸν
1418 1721 1555 1775 θεῖον
1589 1724 1745 1794 ὅρκον
1774 1723 1858 1776 δο-

320 1808 434 1859 κεῖν
460 1808 532 1877 μή
554 1808 701 1872 τέλος
723 1810 992 1882 εἰληφέναι
1010 1813 1131 1874 τοὺς
1155 1812 1246 1865 τοῦ
1268 1812 1398 1865 Θεοῦ
1430 1813 1636 1881 λόγους,
1663 1810 1855 1868 τάναν-

319 1896 407 1948 τία
437 1897 493 1949 δὲ
524 1902 587 1969 τῇ
618 1901 924 1970 ὁρκωμοσίᾳ
959 1883 1242 1971 συμϐῆναι.
1262 1902 1533 1973 Ἐπιφέρει
1555 1903 1682 1970 γοῦν
1709 1902 1853 1972 ἑξῆς,

321 1988 540 2040 ἐναντία
555 1992 673 2051 ταῖς
695 1989 788 2042 τοῦ
813 1969 943 2043 Θεοῦ
971 1969 1315 2059 ἐπαγγελίαις
1337 1969 1507 2061 δήλων
1532 1969 1856 2062 συμὸεόηκέο
1887 1969 1925 2022 Β

320 2094 437 2130 ναι·
466 2077 529 2128 δι’
562 2076 597 2130 ἃ
624 2080 715 2131 καὶ
746 2080 973 2149 μάλιστα
1005 2081 1359 2150 ἐκπλήττεται
1393 2084 1484 2134 καὶ
1530 2082 1791 2153 Θαυμάζει
1827 2085 1855 2135 ὁ

322 2169 605 2239 Προφήτης
624 2184 638 2198 ⁶
669 2170 1022 2223 ἀποδυσπετεῖ
1051 2170 1178 2239 γοῦν
1206 2171 1328 2241 ἑξῆς
1356 2172 1524 2239 λέγων
1543 2189 1555 2203 ι
1580 2173 1702 2226 Ποῦ
1729 2172 1856 2226 ἐστι

320 2260 554 2327 τὰὲλέη
579 2274 692 2314 σου
717 2260 788 2314 τὰ
810 2260 1039 2329 ἀρχαῖα,
1062 2261 1252 2328 Κύριε,
1274 2260 1311 2314 ἁ
1331 2260 1565 2330 ὤμοσας
1589 2260 1667 2326 τῷ
1682 2262 1856 2314 Δαυτδ

321 2347 392 2401 ὲν
416 2347 488 2416 τῇ
511 2348 756 2417 ἀληθείᾳ
787 2365 932 2414 σου;
971 2350 1105 2403 Ἀλλ’
1123 2350 1515 2423 ά’ποθξραπεύει
1542 2350 1636 2419 τὴν
1666 2347 1855 2402 ἑαυτοῦ

321 2439 645 2510 ἀμηχανίαν,
678 2426 931 2510 ἀνωτέρω
961 2440 1058 2509 μὲν
1090 2439 1351 2509 εἰρηκώς·
1399 2441 1499 2493 Ἐν
1532 2438 1652 2502 τοῖς
1692 2440 1857 2503 οὐρα-

319 2528 445 2593 νοῖς
470 2527 950 2597 ἐτοιμασθήσεται
972 2531 1009 2597 ri
1035 2528 1280 2595 ἀλήθειά
1303 2546 1436 2591 σου,
1467 2531 1522 2580 ὲν
1548 2527 1603 2579 δὲ
1628 2529 1737 2589 τοῖς
1764 2544 1856 2595 μει-

320 2615 388 2669 τὰ
418 2619 631 2687 χεῖρας’
678 2617 1239 2687 Ἐξομολογήσονται
1276 2624 1328 2673 οἱ
1359 2617 1595 2685 οὐρανοὶ
1621 2617 1694 2669 τὰ
1726 2622 1857 2671 θαυ-

315 2705 503 2774 μάσιά
536 2720 670 2771 σου,
698 2706 795 2758 καὶ
817 2704 927 2774 γὰρ
952 2707 1063 2775 τὴν
1082 2706 1366 2773 ἀλήθειάν
1388 2722 1501 2760 σου
1534 2708 1604 2761 ἐν
1626 2707 1859 2775 Ἐκκλη-

322 2796 429 2862 ὀνίᾳ
461 2796 789 2864 ἁγίων-,Ὅτι
819 2798 917 2861 ’τίς
956 2782 1023 2850 ἐκ
1066 2798 1341 2866 νεφέλαις
1387 2797 1735 2866 ίσωθήσεται
1778 2797 1857 2863 τῷ

320 2885 532 2951 Κυρίῳ,
554 2886 969 2955 ὁμοιωθήσεται
1014 2885 1092 2950 τῷ
1137 2888 1327 2954 Κυρίῳ
1369 2887 1436 2939 ἐν
1482 2888 1630 2953 υἱοῖς
1678 2888 1821 2941 Θεοῦ
1838 2904 1857 2952 ;

331 2962 477 3027 Ἀντὶ
516 2974 638 3028 τοῦο
684 2978 753 3030 ὲν
788 2979 1082 3045 νεφέλαις,
1141 2979 1169 3030 ὀ
1220 2977 1505 3048 Σύμμαχος
1554 2995 1705 3047 φησι’
1764 2979 1857 3042 Τίς

322 3063 430 3131 rdp
475 3064 544 3117 ἐν
591 3065 806 3135 αὶθέρι;
834 3065 1041 3136 Σφόδρα
1091 3065 1145 3117 δὲ
1190 3065 1487 3128 ἀκολούθως
1524 3067 1763 3136 ἐπήγαγε
1791 3065 1857 3118 τὰ

324 3158 654 3228 προκείμενα
675 3162 785 3221 τοῖς
804 3158 1138 3229 προλεχθεῖσι
1164 3175 1176 3189 ·
1215 3156 1308 3227 τὴν
1337 3158 1443 3229 γὰρ
1468 3157 1717 3227 ᾁλήθειὰν
1743 3173 1854 3219 σου,

1953 748 2212 793 aeternum
2234 777 2249 801 ,
2284 739 2397 793 sive
2426 747 2638 807 pactum
2670 740 2735 792 ah
2764 740 2854 792 illo
2884 754 3004 791 cum
3038 738 3146 792 Deo
3173 753 3486 807 percussum

1954 829 2161 883 fuisse?
2188 829 2267 881 sic
2289 828 2431 881 enim
2462 827 2649 897 Aquila
2679 840 2729 881 et
2761 826 3111 898 Symmachus
3154 828 3483 897 interpretati

1955 928 2115 981 sunt,
2146 918 2237 987 qui
2269 929 2477 985 pactum
2516 933 2611 986 pro
2640 910 2964 971 testamento
3009 916 3281 975 dixerunt,
3324 917 3485 970 Mira-

1953 1010 2060 1063 bile
2086 1023 2299 1078 quoque
2326 1011 2643 1078 eratjurare
2675 1007 2839 1060 Deum
2884 1006 3122 1067 homini,
3158 1006 3363 1074 ipsique
3399 1006 3484 1059 di-

1953 1114 2075 1153 cere
2091 1138 2106 1161 ,
2136 1097 2309 1168 Usque
2327 1100 2379 1151 in
2401 1112 2649 1154 aeternum
2670 1098 2978 1167 prmparabo
3000 1113 3168 1150 semen
3195 1107 3337 1149 tuum
3354 1136 3369 1159 ,
3398 1112 3484 1152 se-

1952 1190 2185 1244 cundum
2218 1174 2591 1259 Symmachum
2618 1206 2631 1242 :
2666 1187 2731 1240 Et
2763 1188 3029 1255 aediﬁcabo
3069 1188 3120 1240 in
3151 1203 3487 1256 unamquam-

1952 1295 2048 1350 que
2065 1280 2441 1349 generationem
2459 1278 2696 1331 thronum
2718 1287 2859 1330 tuum
2876 1318 2890 1343 ,
2911 1280 3201 1332 secundum
3218 1276 3480 1331 eumdem.

1952 1368 2017 1421 At
2035 1369 2324 1423 maximum
2345 1369 2582 1424 omnium
2606 1367 2917 1423 miraculum
2937 1367 3065 1421 illud
3082 1375 3215 1430 erat,
3241 1367 3485 1421 videlicet

1953 1458 2066 1512 haec
2081 1459 2373 1527 pollicitum
2396 1458 2559 1514 Deum
2579 1499 2593 1521 ,
2607 1458 2915 1526 iuramento
2928 1457 3111 1512 eadem
3130 1458 3443 1526 obsignasse
3466 1475 3480 1511 :

1951 1562 2136 1602 verum
2179 1549 2323 1618 quod
2351 1536 2591 1602 omnium
2621 1547 3336 1602 omninomirabilissimum
3366 1555 3483 1613 est,

1950 1635 2047 1693 Dei
2073 1653 2379 1700 sermones,
2410 1652 2546 1707 quos
2571 1637 2785 1706 iuratus
2819 1636 3145 1705 protulerat,
3179 1651 3293 1689 non
3314 1635 3379 1689 ad
3407 1636 3485 1690 ef-

1952 1727 2151 1783 fectum
2194 1728 2455 1784 deductos
2500 1742 2662 1793 esse;
2711 1726 2806 1781 sed
2852 1710 3175 1794 juramentls
3214 1726 3483 1779 contraria

1953 1821 2194 1875 evenisse
2234 1819 2424 1875 videri;
2467 1817 2617 1881 Nam,
2644 1816 2835 1873 deinde
2874 1818 3078 1887 pergit,
3124 1818 3320 1872 divinis
3361 1833 3488 1893 pro-

1956 1909 2143 1965 missis
2171 1912 2411 1979 opposita
2435 1908 2726 1977 contigisse
2754 1921 2983 1963 narrans
3009 1926 3021 1961 :
3051 1922 3280 1977 quorum
3310 1908 3483 1959 maxi-

1954 2013 2037 2053 me
2059 2013 2219 2053 causa
2244 1997 2568 2065 obstupescit
2590 1998 2918 2064 miraturque
2938 1994 3202 2070 PrOpheta
3218 2035 3234 2059 ,
3256 2003 3306 2048 et
3330 1995 3487 2063 quasi

1953 2104 2067 2143 rem
2092 2104 2231 2158 aegre
2261 2088 2436 2143 ferens
2462 2091 2535 2140 ait
2562 2106 2574 2141 :
2605 2086 2703 2139 Ubi
2732 2096 2851 2139 sunt
2878 2087 3247 2140 misericordia:
3273 2096 3374 2139 tua:
3400 2102 3487 2152 ᾳιι-

1953 2176 2138 2243 ιὶᾳιιω,
2169 2175 2417 2241 Domine,
2448 2191 2579 2243 quas
2600 2174 2799 2242 jurasti
2823 2173 2993 2226 David
3036 2174 3089 2226 in
3117 2166 3329 2227 veritate
3356 2175 3490 2228 tua!

1952 2261 2020 2317 At
2047 2260 2305 2333 angustiae
2333 2279 2444 2319 suae
2470 2264 2726 2318 medelam
2762 2262 3032 2324 adhibuit.
3077 2271 3186 2316 tum
3233 2263 3492 2333 superius

1952 2368 2075 2407 cum
2114 2353 2350 2418 diceret,
2404 2354 2469 2407 In
2520 2354 2658 2409 cali:
2700 2354 3081 2423 prteparabimr
3121 2354 3309 2408 veritas
3350 2362 3483 2415 tua;

1953 2448 2065 2494 tum
2110 2443 2162 2494 in
2203 2442 2288 2496 his
2328 2457 2447 2511 quae
2491 2452 2788 2499 tractamus
2826 2443 3045 2507 dicens,
3094 2442 3488 2511 Conﬁtebuntur

1952 2529 2065 2581 creti
2095 2528 2357 2582 mirabilia
2389 2540 2478 2584 tua
2497 2570 2511 2593 ,
2539 2533 2726 2584 etenim
2755 2532 3023 2585 veritatem
3054 2540 3195 2585 tuam
3221 2533 3273 2585 in
3298 2531 3484 2591 Eccle-

1954 2621 2034 2671 sia
2086 2628 2402 2673 sanctorum.
2425 2650 2495 2659 ——
2516 2619 2677 2695 Vsus.
2710 2621 2781 2675 ,7.
2830 2621 3094 2687 Quoniam
3110 2621 3232 2691 quis
3263 2623 3319 2673 in
3338 2621 3487 2673 nubi-

1955 2707 2047 2760 bus
2079 2706 2366 2770 aequabitur
2391 2707 2611 2762 Domino
2637 2748 2651 2771 ,
2683 2710 2868 2764 similis
2894 2712 2994 2763 erit
3024 2710 3243 2762 Domino
3275 2711 3328 2762 in
3360 2710 3487 2777 ﬁliis

1960 2796 2050 2850 Dei
2078 2799 2102 2852 7
2127 2796 2231 2850 Pro
2260 2797 2382 2861 illo,
2411 2798 2465 2849 in
2512 2798 2729 2851 nubibus
2748 2838 2763 2858 ,
2809 2798 3162 2869 Symmachus
3206 2798 3316 2860 ait,
3354 2799 3491 2863 Quis

1946 2890 2090 2943 enim
2130 2889 2185 2941 in
2230 2888 2461 2943 wthere?
2504 2888 2801 2942 Admodum
2843 2880 3200 2958 congruenter
3232 2888 3343 2942 haec
3371 2888 3483 2957 jam

1954 2976 2245 3047 praemissis
2279 2977 2511 3045 adjecit:
2546 2980 2824 3031 veritatem
2863 2978 3003 3030 enim
3046 2986 3227 3040 tuam,
3270 2977 3479 3045 inquit,

1955 3076 2009 3123 et
2050 3068 2317 3131 mirabilia
2364 3077 2454 3120 tua
2501 3068 2707 3121 etiamsi
2751 3067 2994 3121 homines
3039 3067 3333 3137 intelligere
3374 3080 3482 3120 non

1954 3157 2204 3222 valeant;
2237 3170 2352 3225 qua
2388 3158 2455 3211 de
2481 3171 2647 3212 causa
2672 3157 2892 3226 jamjam
2926 3157 3172 3212 dicturus
3197 3173 3315 3212 sum
3337 3198 3351 3223 ,
3388 3154 3485 3209 Ubi

323 3248 475 3316 φησὶ,
498 3248 590 3301 καὶ
615 3248 683 3300 τὰ
705 3247 977 3317 θαυμάσιά
1006 3262 1119 3309 σου,
1146 3246 1194 3297 εί
1222 3247 1312 3297 καὶ
1341 3244 1413 3315 μή
1441 3245 1709 3315 ἄνθρωποι
1738 3260 1855 3298 συν-
1881 3272 1922 3328 C
1955 3263 2049 3302 un

1760 3260 1855 3298 τυν-
1881 3272 1922 3328 C
1955 3256 2074 3302 sunt
2112 3246 2482 3299 misericordiae
2523 3256 2625 3300 tua
2663 3248 2891 3315 antiqua:
2912 3289 2926 3312 ,
2960 3245 3211 3308 Domine,
3243 3262 3371 3314 quae
3394 3247 3486 3316 ,ἰα-

323 3340 459 3389 εἶναι
485 3337 765 3391 δύνανται·
795 3337 860 3389 δι’
890 3335 935 3387 δ·
963 3335 1135 3406 μέλλω
1174 3334 1347 3404 λέγειν
1380 3335 1569 3405 μικρὸν
1600 3334 1817 3404 ὕστερον
1839 3350 1852 3364 ·

322 3425 444 3478 Ποῦ
465 3423 593 3477 ἐστι
618 3425 689 3477 τὰ
707 3422 845 3490 mn
874 3438 987 3475 σου
1014 3425 1084 3475 τὰ
1103 3423 1335 3491 ἀρχαῖα,
1355 3422 1549 3489 Κύριε,
1564 3420 1602 3473 ἆ
1622 3420 1855 3488 ὤμοσας

321 3514 400 3579 τῷ
424 3514 641 3575 Δαυΐικ.
668 3515 802 3567 Ἀλλ’
826 3515 1037 3584 οὐρανοὶ
1067 3514 1407 3583 διηγήσονται
1447 3514 1539 3566 καὶ
1571 3512 1857 3581 Ἐκκλησία

324 3604 492 3670 ἁγίων
535 3604 886 3673 μαρτυρήσει,
916 3604 995 3655 ὅτι
1045 3603 1206 3673 μηδὲν
1232 3595 1308 3653 ὧν
1334 3600 1550 3669 ὤμοσας
1576 3598 1653 3669 τῷ
1677 3598 1853 3661 Δαυῖδ,

321 3694 669 3754 διαπεσεῖται,
700 3694 819 3745 οὐδὲ
845 3692 1131 3761 ψεύσονται
1160 3708 1248 3744 σου
1282 3691 1335 3744 αί
1366 3690 1713 3758 ἐπαγγελίαι·
1742 3690 1858 3743 ἁδύ-

324 3769 477 3836 νατον
495 3785 609 3853 ’γάρ
644 3786 755 3836 ἐστι
786 3784 846 3836 τδ
874 3785 931 3837 σὲ
960 3782 1280 3853 ψεύσασθαι.
1310 3782 1415 3846 Τίςσ
1432 3782 1538 3857 γάρ
1561 3798 1640 3833 σοι
1667 3780 1854 3846 ἐξισω-

325 3874 541 3947 θήσεται
572 3877 629 3928 ὲν
651 3875 888 3946 ἀληθείᾳ,
918 3875 950 3945 ἢ
977 3875 1059 3938 τίς
1085 3875 1471 3945 ὁμοιωθήσεται
1502 3873 1557 3925 ὲν
1578 3870 1655 3941 τῷ
1682 3870 1856 3938 λέγειν

322 3965 415 4015 καὶ
436 3963 750 4019 πιστοῦσθαί
784 3980 874 4016 σου
906 3964 1003 4025 τὰς
1032 3961 1386 4029 ὲπαγγελίαςς
1424 3959 1555 4012 Οὐδὲ
1585 3958 1692 4028 γὰρ
1712 3960 1856 4011 ἀντι-

323 4054 509 4122 στῆναι
542 4071 632 4106 σου
661 4056 725 4123 τῇ
757 4052 913 4123 βουλῇ
950 4051 1165 4104 δύναταί
1209 4068 1311 4112 τις,
1344 4048 1416 4111 ὡς
1445 4047 1761 4118 ἀνατρέπειν
1787 4045 1857 4100 τὰ

322 4139 465 4205 ἅπαξ
494 4141 594 4192 ὑπὸ
624 4140 715 4192 σοὖ
740 4140 1030 4209 ὡρισμένα,
1054 4141 1242 4207 μήτιγε
1262 4137 1330 4189 τὰ
1363 4136 1477 4207 μεθ’
1502 4137 1661 4207 ὅρκου
1687 4138 1856 4207 ὲπηγ-

320 4226 581 4297 γελμένα’
626 4229 762 4289 ὥστε
803 4230 850 4279 εί
887 4227 960 4297 μὴ
988 4228 1081 4279 καὶ
1123 4228 1252 4296 ήμίν
1288 4225 1545 4293 ἔγνωσταί
1576 4243 1662 4277 πω
1693 4228 1727 4298 ή
1748 4227 1855 4281 τῶν

320 4304 653 4385 ἐπαγγελιῶν
679 4332 770 4367 σου
793 4314 1031 4385 ἀλήθεια,
1062 4313 1174 4365 ἁλλ’
1199 4315 1371 4366 έκεῖνο
1395 4313 1632 4385 ἀκριϐῶς
1666 4316 1819 4384 ῐσμεν
1837 4352 1852 4377 ,

320 4407 409 4461 ὅτι
444 4406 695 4470 δυνατὸς
723 4401 793 4467 ετ,
819 4406 1007 4473 Κύριε,
1036 4404 1131 4456 καί
1167 4404 1203 4471 ὴ
1240 4404 1484 4471 ἀλήθειά
1514 4418 1625 4457 σου
1657 4405 1855 4466 κύκλῳ

320 4511 455 4550 σου.
488 4496 645 4569 Πάντ’
671 4491 760 4549 οὖν
790 4495 885 4547 ὅσα
916 4493 1007 4546 καὶ
1029 4492 1343 4562 βεϐούλησαι
1371 4492 1609 4557 δύνασαι,
1634 4494 1725 4545 καὶ
1748 4492 1854 4545 τῶν
1896 4552 1901 4557 ,

1955 3335 2087 3389 raeti
2120 3333 2287 3387 Dauid
2312 3336 2336 3389 Ρ
2363 3341 2417 3385 at
2443 3335 2565 3387 coeli
2592 3334 2950 3396 enarrabunt,
2981 3340 3035 3386 et
3080 3333 3318 3387 Ecclesia
3361 3350 3485 3390 san-

1953 3434 2159 3479 ctorum
2181 3423 2573 3485 testiﬁcahitur,
2593 3422 2725 3477 nihil
2747 3437 2931 3477 eorum
2953 3439 3069 3491 quae
3088 3418 3271 3476 Davidi
3293 3425 3485 3491 jurasti

1953 3516 2227 3585 lapsorum
2271 3529 2429 3580 esse,
2480 3529 2656 3582 neque
2698 3513 2885 3566 irritas
2935 3511 3050 3566 fore
3099 3514 3486 3582 promissiones

1952 3614 2076 3662 tuas
2104 3625 2117 3659 :
2148 3604 2261 3661 ﬁeri
2286 3606 2428 3660 enim
2451 3606 2635 3674 nequit
2658 3612 2708 3656 te
2735 3601 2968 3655 mentiri.
2999 3601 3128 3666 Quis
3148 3602 3289 3656 enim
3314 3616 3488 3671 aequa.

1954 3697 2021 3752 lis
2053 3695 2151 3749 tibi
2176 3696 2281 3750 erit
2309 3696 2365 3749 in
2394 3695 2650 3756 veritate,
2682 3698 2774 3744 aut
2802 3691 2923 3760 quis
2953 3691 3146 3755 similis
3173 3691 3277 3745 erit
3304 3691 3399 3745 tibi
3431 3691 3484 3745 in

1952 3799 2046 3847 eo,
2070 3784 2212 3853 quod
2238 3784 2476 3853 loquaris
2496 3790 2550 3837 et
2574 3780 2954 3851 promissiones
2982 3788 3083 3833 tute
3108 3778 3270 3833 ﬁrmae
3296 3786 3349 3832 et
3375 3779 3485 3847 ple-

1952 3888 2034 3928 na
2066 3871 2192 3927 ﬁdei
2231 3872 2505 3927 evadant?
2532 3870 2659 3923 Tua:
2687 3869 2883 3939 quippe
2910 3868 3171 3922 voluntati
3201 3881 3358 3921 nemo
3385 3882 3482 3936 po-

1952 3971 2058 4018 test
2085 3948 2383 4038 ob'sistere,
2431 3962 2505 4013 ita
2543 3967 2603 4012 ut
2646 3973 2742 4021 ea,
2786 3972 2904 4026 qua:
2930 3966 2961 4008 a
2991 3966 3041 4011 te
3070 3957 3233 4010 semel
3265 3954 3482 4010 definita

1955 4046 2375 4117 sunt,evertat,
2409 4048 2606 4105 nedum
2636 4064 2698 4103 ea
2728 4064 2846 4118 qua
2875 4061 2996 4103 cum
3024 4047 3330 4119 iuramento
3357 4061 3481 4115 pro-

1952 4141 2119 4195 missa
2161 4128 2326 4203 sunt;
2372 4138 2448 4191 ita
2488 4144 2547 4190 ut
2584 4136 2795 4190 etiamsi
2839 4136 2998 4190 nobis
3039 4143 3161 4187 nota
3200 4149 3306 4187 non
3343 4141 3487 4188 esset

1953 4230 2339 4302 promissorum
2371 4234 2586 4280 tuorum
2615 4228 2814 4282 veritas
2835 4267 2850 4292 ,
2882 4234 2936 4278 at
2970 4224 3099 4278 illud
3142 4224 3304 4289 probe
3345 4225 3483 4277 scia-

1954 4334 2071 4374 mus
2090 4357 2105 4381 ,
2134 4317 2375 4387 quoniam
2406 4326 2587 4382 potens
2610 4332 2694 4379 es,
2728 4315 2977 4374 Domine,
3009 4322 3058 4367 et
3089 4314 3276 4373 veritas
3310 4315 3396 4364 tua
3430 4313 3484 4363 in

1952 4409 2171 4462 circuitu
2202 4418 2309 4461 tuo.
2348 4406 2538 4461 Omnia
2580 4407 2744 4476 igitur
2770 4420 3101 4475 quaecunque
3130 4403 3360 4456 volueris
3390 4417 3483 4469 po-

1952 4509 2032 4553 tes
2055 4538 2070 4561 ,
2111 4507 2165 4553 et
2191 4496 2569 4568 praedictorum
2608 4494 2674 4550 de
2719 4494 2917 4549 Davide
2964 4494 3245 4546 verborum
3284 4500 3482 4545 veritas

321 4587 489 4655 λόγων
521 4603 611 4639 σου
640 4579 745 4639 τῶν
769 4586 895 4655 περὶ
921 4582 1013 4636 τοῦ
1032 4582 1188 4635 Δαυῒδ
1213 4583 1620 4655 προρρηθέντων
1661 4585 1694 4649 ή
1722 4582 1850 4650 άλήο
1881 4580 1924 4635 D
1951 4590 2047 4643 εῖτ(

1755 4582 1850 4650 λήο
1881 4580 1924 4635 Β
1951 4590 2096 4643 circa
2125 4597 2176 4643 te
2202 4589 2475 4653 volvitur;
2506 4585 2579 4638 ita
2612 4593 2669 4637 ut
2696 4584 2945 4637 omnibus
2966 4621 2979 4645 ,
3016 4582 3106 4650 qui
3134 4582 3276 4633 circa
3306 4591 3357 4634 te
3389 4595 3481 4650 po-

322 4676 440 4730 θεια
466 4677 606 4747 ἀμφὶ
639 4678 703 4730 σε
718 4675 963 4742 είλεῖταιτ
997 4673 1071 4735 ὼς
1094 4674 1224 4725 πᾶσι
1253 4673 1349 4743 μὲν
1370 4676 1480 4736 τοῖς
1503 4674 1624 4745 περὶ
1654 4673 1712 4724 σὲ
1740 4668 1855 4724 οὖσι

323 4767 411 4818 καὶ
443 4766 540 4835 τὴν
562 4760 657 4834 σήν
686 4762 907 4831 θεότητα
924 4759 1282 4829 δορυφυροῦσι
1312 4758 1685 4826 γινώσκεσθαι,
1701 4760 1855 4826 ἁγνο-

322 4855 492 4907 εῖσθαι
517 4854 570 4906 δὲ
591 4856 700 4915 τοῖς
733 4850 943 4922 μακρὰν
971 4848 1326 4915 ἀφεστηκόσιν
1350 4850 1457 4901 ἀπὸ
1485 4849 1596 4901 σοῦ.

387 4946 541 4996 Δοκεῖ
581 4943 637 4995 δέ
689 4958 777 5012 μοι
820 4940 905 4992 διὰ
935 4940 1131 4989 τούτων
1150 4938 1179 4987 ὁ
1212 4938 1512 5007 Προφήτης,
1539 4937 1673 5005 ἁγίῳ
1702 4935 1861 4987 Πνεύ.

308 5036 451 5104 ματι
482 5032 844 5103 θεοφορηθεὶς,
872 5027 1104 5089 καὶτοὺς
1122 5026 1218 5095 τῆς
1234 5024 1410 5095 ψυχῆς
1431 5026 1734 5094 ὀφθαλμοὺς
1754 5043 1856 5093 φω-

319 5125 373 5176 τὶ
395 5122 561 5193 νοερῷ
584 5120 992 5195 καταυγασθεὶς,
1014 5117 1113 5187 τὴν
1139 5114 1292 5181 δόξαν
1323 5116 1617 5185 ἑωρακέναι
1639 5113 1728 5166 τοῦ
1752 5116 1861 5168 Mo-
1901 5143 1905 5147 ν

321 5210 565 5278 νογενοῦς
609 5210 701 5262 τοῦ
745 5209 877 5261 Θεοῦ
950 5210 1006 5260 ὲν
1054 5206 1201 5277 μέσῳ
1249 5205 1344 5274 τῆς
1389 5202 1703 5273 Ἐκκλησίας
1746 5203 1853 5256 τῶν

322 5303 485 5369 ἁγίων
515 5299 761 5361 ἑστῶτος,
787 5300 879 5350 καί
907 5294 1361 5367 δορυφορουμένου
1402 5292 1504 5345 ὑπὸ
1543 5292 1647 5344 τῶν
1688 5291 1856 5358 ἁγίων

319 5392 424 5445 τῶν
456 5394 513 5443 εν
551 5376 792 5459 βασιλείᾳ
827 5387 1008 5440 αὐτοῦ.
1044 5383 1430 5455 Μνημονεύσας
1458 5382 1587 5451 γοῦν
1624 5381 1731 5436 τῶν
1758 5382 1851 5434 οὐ·

326 5481 517 5551 ρανῶν,
546 5478 635 5530 καὶ
682 5475 757 5545 τῷ
806 5474 933 5538 θείῳ
981 5474 1250 5543 Πνεύματι
1288 5472 1591 5533 ὲνατενίσας
1634 5472 1699 5540 τῇ
1745 5469 1851 5523 τῶν

324 5550 488 5636 ἁγίων
516 5550 839 5634 πἘκκλησίᾲ,
870 5563 1038 5615 ῐοικεν
1084 5563 1379 5633 ἑωρακέναι
1419 5562 1579 5630 μέσον
1613 5560 1700 5611 τὸν
1724 5559 1849 5631 Υίὸν

319 5658 411 5709 τοῦ
442 5655 572 5709 Θεοῦ
590 5672 605 5687 ο
628 5652 743 5706 εἶτα
767 5652 901 5722 μετὰ
928 5653 1023 5722 τὴν
1042 5650 1245 5704 ἐκείνου
1272 5652 1586 5720 κατανόησιν
1612 5650 1850 5717 ἐπιστρέ-

321 5764 440 5816 φειν
472 5747 594 5809 τοὺς
634 5743 934 5812 ὀφθαλμοὺς
967 5742 1057 5793 ἐπὶ
1096 5741 1204 5793 τῶν
1233 5742 1387 5810 πέριξ
1412 5741 1576 5807 ἁγίων
1606 5738 1846 5806 ὲγγέλων

324 5838 413 5891 καὶ
439 5834 804 5905 ἀρχαγγέλων,
852 5830 1165 5899 πνευμάτων
1183 5847 1239 5883 τε
1266 5830 1418 5883 θείων
1453 5831 1545 5883 καὶ
1574 5829 1844 5897 δυνάμεων

1954 4679 2043 4733 siti
2072 4686 2197 4733 sunt
2223 4686 2277 4732 et
2304 4677 2555 4731 deitatem
2583 4673 2782 4741 stipant
2812 4678 2957 4723 tuam
2979 4711 2994 4736 ,
3027 4680 3153 4723 nota
3183 4671 3282 4736 sit,
3317 4670 3382 4724 ab
3415 4671 3487 4725 iis

1954 4784 2084 4823 vero
2111 4768 2201 4837 qui
2232 4766 2418 4836 procul
2448 4762 2649 4818 te'sunt
2669 4801 2684 4828 ,
2710 4762 3003 4830 ignoretur.

2022 4937 2100 4991 Ex
2128 4936 2213 4989 his
2244 4948 2406 5003 porro
2430 4932 2644 4989 videtur
2671 4930 2801 4984 mihi
2822 4928 3094 4999 Propheta
3128 4930 3329 5001 Spiritu
3358 4945 3475 4983 san-

1953 5010 2040 5082 cto
2066 5026 2245 5080 divine
2275 5026 2513 5094 repletus
2532 5066 2547 5089 ,
2587 5038 2651 5077 ac
2679 5023 2874 5076 mentis
2898 5023 3074 5077 oculis
3106 5021 3368 5091 spirituali
3400 5024 3481 5074 lu-

1954 5118 2097 5172 mine
2122 5118 2426 5171 illustratus
2445 5155 2459 5180 ,
2488 5114 2716 5185 gloriam
2742 5112 2943 5167 vidisse
2974 5111 3237 5181 Unigeniti
3266 5110 3391 5177 Dei,
3427 5112 3480 5164 in

1951 5205 2125 5260 medio
2147 5203 2397 5260 Ecclesia:
2419 5213 2729 5259 sanctorum
2751 5202 2964 5267 stantis,
2989 5211 3042 5257 et
3063 5208 3369 5255 sanctorum
3390 5203 3481 5273 qui

1952 5297 2005 5348 in
2046 5309 2211 5362 regno
2233 5295 2352 5362 eius
2379 5302 2505 5348 sunt
2532 5293 2871 5346 multitudine
2898 5291 3100 5360 stipati.
3140 5289 3274 5344 Cum
3316 5292 3485 5345 etelos

1949 5394 2178 5448 namque
2208 5390 2594 5444 memorasset,
2628 5388 2681 5433 et
2712 5379 2913 5447 Spiritu
2940 5378 3123 5431 divino
3173 5389 3482 5435 sanctorum

1921 5468 2242 5522 -Ecclesiam
2276 5470 2596 5534 intueretur,
2625 5468 2838 5523 videtur
2870 5470 2923 5522 in
2954 5469 3130 5525 medio
3171 5486 3355 5525 eorum
3392 5470 3484 5524 Fi-

1948 5557 2075 5610 lium
2088 5555 2180 5609 Dei
2205 5556 2774 5627 conspexisse,deinde
2791 5567 2964 5613 autem
2984 5561 3099 5629 ipso
3119 5556 3480 5625 considerato,

1948 5647 2133 5703 oculos
2162 5654 2370 5702 vertere
2411 5649 2477 5701 ad
2515 5656 2824 5704 sanctorum
2869 5653 3209 5721 angelorum,
3255 5653 3483 5707 archan-

1926 5738 2183 5807 "gelorum
2203 5775 2218 5799 ,
2246 5737 2529 5805 spirituum
2552 5737 2854 5793 divinorum
2885 5748 2938 5794 et
2966 5744 3219 5794 virtutum
3253 5742 3480 5797 circum—
3535 5794 3541 5805 ς

1947 5826 2176 5899 positum
2200 5826 2459 5881 chorum:
2503 5828 2692 5882 horum
2734 5830 3065 5891 divinitatem
3096 5832 3275 5885 mirari
3302 5847 3487 5902 {eunt
