4372 6408
778 537 924 592 ιοεσ

1470 526 1736 583 EUSEBI!
1774 525 2242 582 CESARIENSIS
2278 524 2428 582 ΟΝ).
2464 522 2646 578 PARS
2677 520 2764 577 111.
2804 549 2873 561 —-
2902 515 3308 573 EXEGETICA.

3839 511 3994 571 ιοειμ

785 666 911 706 vero
938 648 1032 717 qui
1056 660 1252 701 omnes
1281 626 1521 707 excedita,
1550 657 1750 698 omnes-
1775 649 1996 712 superat
2015 681 2031 706 ,
2065 641 2319 711 Unigeni—
2346 646 2395 701 Α,
2419 657 2511 710 χορ

2250 641 2319 694 ai—
2346 646 2395 701 Α,
2419 641 2574 710 χορόν
2592 657 2606 669 ·
2634 640 2726 692 καὶ
2754 635 3048 706 Θαυμάξειν
3071 633 3169 703 τὴν
3197 631 3398 684 τούτων
3432 629 3680 698 θειότητα
3700 647 3712 659 ·
3744 635 3976 704 ὑπερεκ-

785 752 894 795 tum
922 739 1049 802 Dei,
1080 752 1200 791 cum
1232 744 1452 805 stupore
1484 733 1830 789 considerare
1856 732 2095 788 :.deinde
2123 747 2203 788 ex.
2233 731 2327 786 ad—

2425 731 2750 802 πλήττεσθαι
2773 729 2829 783 δὲ
2852 729 2941 782 τὸν
2966 727 3221 780 ἐπέκεινα
3245 723 3477 782 πάντων,
3504 721 3597 774 καὶ
3622 720 3758 790 ὑπὲρ
3779 721 3981 784 πάντας

787 832 1061 887 miratione
1085 830 1196 884 haec
1218 827 1368 884 eﬂari
1385 867 1400 890 ,
1423 825 1684 890 Quoniam
1704 826 1818 891 quis
1837 826 1889 877 in
1913 823 2132 879 nubibus
2152 840 2329 893 wqua-
2424 822 2513 876 τὸν

2259 841 2329 877 ια-
2424 822 2514 876 τὸν
2535 822 2809 891 Μονογενῆ
2835 818 2927 872 τοῦ
2953 815 3086 870 Θεοῦ
3107 832 3123 846 ·
3157 810 3252 867 εῐτ’
3282 816 3344 867 ἐκ
3375 813 3469 866 τοῦ
3495 812 3767 882 θαύματος
3793 811 3985 865 ἀναπε-

787 925 921 977 bitur
947 923 1211 977 Domino?
1245 920 1360 976 sive
1405 919 1705 973 secundum
1735 917 2116 990 Symmachum
2136 957 2152 985 ,
2195 917 2328 983 Qui:

785 1017 915 1068 enim
945 1017 999 1067 in
1026 1014 1208 1068 aethere
1232 1011 1458 1078 conferet
1480 1026 1532 1063 se
1546 1008 1766 1063 Domino
1795 1010 1848 1062 in
1873 1007 1998 1078 filiis
2013 1009 2111 1062 Dei
2132 1012 2157 1064 7.
2184 1006 2329 1076 Haec,

785 1107 852 1162 de
881 1105 1168 1175 Unigenito
1191 1102 1283 1157 Dei
1315 1103 1456 1156 dicta
1478 1143 1492 1166 ,
1529 1102 1670 1172 piam
1701 1108 1917 1157 servant
1958 1099 2278 1154 sententiam
2313 1115 2328 1163 ;

787 1197 852 1252 de
881 1197 1039 1251 Patre
1069 1210 1290 1250 veroac
1323 1193 1432 1249 Deo
1472 1195 1850 1265 universorum
1889 1207 2047 1247 secus
2075 1210 2088 1244 :
2132 1191 2332 1259 impro-

787 1288 912 1358 pria.
933 1287 1074 1341 enim
1103 1293 1155 1340 ct
1185 1286 1346 1354 impia
1373 1284 1705 1352 comparatio
1733 1291 1894 1337 esset.
1924 1281 2059 1336 Nam
2089 1281 2214 1336 ﬁliis
2240 1279 2334 1335 Dei

788 1378 1027 1434 omnium
1056 1391 1273 1430 causam
1302 1375 1548 1430 conferre
1568 1415 1582 1438 ,
1611 1382 1666 1428 et
1691 1388 1813 1429 eum
1841 1373 1933 1442 qui
1962 1388 2124 1442 supra
2154 1374 2335 1427 omnia

790 1476 872 1522 est
907 1465 1046 1520 Deus
1077 1466 1198 1519 aliis
1229 1479 1579 1533 comparare,
1624 1464 2060 1532 improbissimus
2093 1464 2332 1518 omnium

792 1576 958 1614 ausus
983 1567 1144 1615 esset.
1175 1559 1244 1612 At"
1273 1559 1390 1613 sine
1418 1558 1658 1628 periculo
1688 1557 1860 1615 Filius
1896 1559 1989 1614 Dei
2025 1560 2337 1630 unigenitus
2362 1547 2371 1555 ’

793 1650 919 1704 ﬁliis
957 1649 1050 1704 Dei
1089 1656 1454 1718 comparatur,
1495 1663 1558 1703 ac
1595 1649 1798 1704 dicitur
1833 1665 1957 1704 cum
1997 1650 2337 1721 incompara-

793 1740 951 1794 bilem
983 1755 1128 1804 esse,
1158 1754 1276 1793 cum
1308 1740 1455 1794 nullo
1486 1738 1871 1794 conferendum
1892 1780 1909 1805 ,
1950 1747 2113 1808 atque
2153 1740 2338 1795 admo-

791 1831 916 1885 dum
939 1832 1261 1885 antecellere
1279 1832 1541 1887 asseritur
1561 1831 1646 1886 his
1669 1831 1871 1893 verbis,
1892 1831 2021 1897 Quis
2044 1832 2096 1884 in
2118 1831 2337 1885 nubibus

791 1925 1084 1992 wquabitur
1117 1923 1383 1977 Domino?
1426 1937 1488 1976 ac
1531 1922 1578 1975 si
1616 1923 1847 1986 dicatur,
1891 1938 2067 1978 nemo.
2113 1921 2338 1978 Etiamsi

752 2028 754 2030 '
790 2016 930 2068 enim
957 2015 1112 2068 multi
1141 2015 1352 2079 sancti,
1375 2021 1428 2069 et
1454 2014 1622 2067 millia
1652 2014 1962 2084 angelorum
1981 2053 1996 2078 ,
2020 2022 2074 2069 et
2099 2014 2339 2070 Ecclesia

790 2102 1215 2172 primitivorum,
1245 2099 1600 2170 principatus,
1619 2109 1960 2170 potestates,
1991 2104 2206 2168 throni,
2238 2103 2338 2158 do-

791 2193 1118 2246 minationes
1143 2229 1158 2251 ,
1202 2191 1428 2259 spiritus
1480 2192 1689 2245 sancti.
1740 2193 1971 2247 virtutes
2012 2193 2241 2259 divinas,
2281 2195 2338 2250 in

791 2281 1109 2335 caelestibus
1130 2280 1458 2335 exercitibus
1477 2291 1781 2346 versentur,
1806 2283 2080 2339 caelestem
2107 2281 2340 2354 implen—

792 2370 1198 2426 tes'Ecclesiam
1228 2390 1242 2434 ;
1269 2381 1323 2426 at
1347 2375 1500 2443 quis,
1531 2373 1638 2436 ait,
1662 2373 1718 2427 in
1746 2374 1943 2429 aethere
1971 2389 2138 2444 supra
2159 2375 2341 2430 ﬁrma-

791 2466 1032 2513 mentum
1064 2459 1240 2530 posito
1268 2463 1574 2531 equabitur
1608 2461 1834 2516 Domino
1855 2464 1880 2516 Ἰ
1914 2463 2068 2529 Quod
2105 2466 2151 2520 si
2183 2465 2338 2519 multi

793 2550 886 2603 lilii
912 2547 1004 2628 Βεί
1038 2558 1163 2605 sunt
1191 2552 1451 2621 multique
1492 2551 1600 2615 dii,
1649 2553 1948 2607 secundum
1987 2555 2153 2618 illud,
2195 2553 2337 2609 Deus

792 2641 935 2694 stetit
971 2641 1026 2694 in
1051 2657 1314 2712 synagoga
1344 2643 1560 2697 deorum
1591 2646 1632 2678 ²¹
1654 2661 1668 2709 ;
1693 2652 1783 2711 et,
1823 2645 1961 2699 Deus
1991 2645 2206 2700 deorum
2233 2646 2338 2701 Do-

793 2733 962 2786 minus
1004 2732 1207 2788 locutus
1243 2744 1321 2787 est
1349 2738 1394 2768 "
1420 2775 1434 2794 .
1482 2744 1570 2799 et,
1619 2734 1731 2806 Ego
1765 2736 1915 2802 dixi,
1957 2735 2047 2790 Dii
2097 2739 2254 2801 estis,
2287 2746 2345 2792 et

793 2825 890 2891 ﬁlii
917 2822 1177 2879 Altissimi
1207 2843 1380 2880 omnes
1402 2826 1480 2882 ":
1511 2827 1604 2883 sed
1626 2829 1740 2897 quis
1764 2828 1955 2882 similis
1982 2829 2083 2882 erit
2115 2828 2338 2883 Domino

792 2915 845 2965 in
877 2914 1004 2982 ﬁliis
1047 2914 1191 2971 Dei?
1231 2915 1363 2970 Nam
1411 2933 1535 2972 cum
1587 2919 1858 2973 innumeri
1908 2919 2029 2988 ejus
2076 2919 2169 2973 ﬁlii
2197 2923 2334 2984 sint,

792 3019 987 3070 nemo,
1036 3007 1244 3077 inquit,
1294 3009 1423 3063 huic
1470 3010 1664 3066 similis
1709 3012 1851 3074 erit,
1882 3019 1978 3065 aut
2014 3014 2351 3082 mutabit-urg.

795 3101 978 3161 utpote
1017 3096 1108 3164 qui
1148 3098 1354 3152 electus
1381 3098 1483 3161 sit,
1512 3098 1821 3169 unigenitus
1849 3107 1904 3155 et
1946 3103 2338 3173 primogenitus

794 3184 972 3237 omnis
1001 3191 1282 3252 creatura,
1317 3184 1552 3241 Verbum
1584 3187 1712 3242 item
1741 3196 1796 3241 et
1840 3189 2123 3258 sapientia,
2164 3190 2337 3246 virtus

2428 913 2731 984 φωνηκέναι
2757 911 2817 962 τό
2833 927 2845 940 ·
2875 910 2991 961 Ὅτι
3020 907 3112 970 τίς
3135 906 3203 959 ἐν
3230 903 3506 972 νεφέλαις
3529 901 3884 968 ίσωθήσεται
3908 897 3988 964 τῷ

2427 1005 2654 1071 κυρίως
2702 1002 2734 1071 ἢ
2782 999 2922 1054 κατά
2964 997 3053 1050 τὸν
3079 995 3365 1066 Σύμμαχον
3389 1012 3403 1026 ο
3443 993 3674 1067 Τίςιιρὰρ
3708 993 3780 1046 ἐν
3804 990 4000 1057 αἰθέρι-

2431 1093 2889 1163 ὰντιπαραθήσει
2917 1091 2996 1157 τῷ
3027 1092 3218 1159 Κυρίῳ
3245 1091 3312 1142 ὲν
3337 1085 3484 1152 υιοῖς
3508 1085 3690 1147 Θεοῦ;
3723 1081 3906 1136 Ταῦτα
3929 1081 3988 1134 δὲ

2431 1191 2558 1260 περὶ
2603 1189 2700 1258 μὲν
2750 1185 2850 1240 τοῦ·
2890 1183 3221 1252 Μονογενοῦς
3256 1179 3348 1234 τοῦ
3380 1177 3513 1231 Θεοῦ
3539 1175 3802 1246 λεγόμενα
3822 1172 4000 1237 σώζοι.

2432 1279 2499 1334 ἂν
2535 1277 2732 1347 εὐσεϐῆ
2761 1277 2857 1347 τὴν
2879 1275 3133 1337 διάνοιαν,
3164 1272 3223 1325 οὐ
3255 1270 3351 1341 μὲν
3383 1266 3621 1338 περὶτοῦ
3660 1264 3869 1336 Πατρδς
3899 1262 4003 1316 καὶ.

2433 1369 2566 1423 Θεοῦ
2596 1369 2701 1421 τῶν
2726 1368 2859 1422 ὅλων
2877 1383 2891 1398 ο
2913 1365 3178 1426 ἀνοίκειος
3208 1360 3316 1432 γάρ
3340 1360 3438 1414 καὶ
3463 1358 3663 1430 ἀσεϐὴς
3692 1358 3726 1427 ἡ
3754 1353 3990 1424 παράθε-

2437 1479 2538 1524 σις.
2571 1460 2642 1513 Τὸ
2691 1459 2799 1529 γάρ
2844 1459 2979 1520 υίοῑς
3008 1454 3142 1509 Θεοῦ
3178 1450 3544 1524 παραϐάλλειν
3576 1450 3636 1503 τὸ
3666 1449 3880 1503 πάντων
3906 1447 3988 1500 αῐ-

2432 1572 2565 1618 τιον,
2595 1553 2687 1607 καὶ
2716 1551 2776 1604 τὸ
2813 1551 3121 1620 συγκρίνειν
3161 1547 3366 1617 ἑτέροις
3398 1544 3597 1615 τολμᾷν
3621 1543 3710 1597 τὸν
3742 1542 4005 1595 ἐπέκεινα.

2435 1646 2543 1698 τῶν
2562 1645 2696 1697 ὅλων
2716 1641 2868 1705 Θεὸν,
2891 1641 3106 1694 πάντων
3125 1639 3190 1692 ἂν
3204 1637 3412 1706 γένοιτο
3434 1632 3808 1688 ἀνοσιώτατον.
3825 1632 3992 1686 ’Δκίν-

2436 1736 2589 1798 δυνος
2631 1733 2676 1787 δ’
2699 1732 2764 1786 ἀν
2814 1732 2897 1801 εῐη
2941 1731 2978 1788 ,ὁ
3017 1730 3170 1796 λόγος
3203 1729 3339 1790 υίοῖς
3367 1725 3500 1779 Θεοῦ
3533 1724 3832 1795 συγκρίνων
3866 1723 4004 1778 ra»-

2438 1817 2574 1873 Θεοῦ
2607 1817 2885 1889 μονογενῆ,
2902 1815 2995 1869 καὶ
3020 1813 3082 1868 τδ
3099 1815 3232 1887 πρὸς
3255 1814 3459 1876 πάντας
3482 1813 3805 1882 ἀσύγκριτον
3828 1811 4008 1866 αὑτοῦε

2440 1911 2531 1964 καὶ
2557 1895 2912 1980 ἀπαράθετον,
2943 1905 3061 1959 καθ’
3092 1905 3391 1977 ύπερὸολήν
3415 1904 3760 1975 τε.ὑπερέχον
3801 1903 4012 1974 σημαίοι

2370 1965 2411 2020 Β
2439 2019 2547 2054 νειν
2576 1965 2820 2053 διάιτοῦ·
2855 1965 3043 2064 Τίς-ἑν
3073 1965 3358 2066 νεφέλαις
3395 1965 3745 2059 ισωθήάεται
3779 1965 3995 2058 fdi-'3'!)-

2429 2093 2568 2160 ρίῳ;
2595 2091 2715 2146 ἀντὶ
2759 2089 2874 2154 τοῦ,
2915 2089 3110 2152 οὐδείς.
3143 2089 3206 2142 Εί
3227 2088 3337 2160 γὰρ
3378 2088 3472 2157 καὶ
3511 2086 3694 2140 πολλοὶ
3732 2085 3879 2154 ἀγιοι
3903 2085 4014 2140 καὶτ

2439 2181 2694 2254 μυριάδες
2726 2182 2990 2249 ἀγγέλων,
3015 2180 3111 2234 καὶ
3146 2168 3848 2250 Έκκλησίίπρωτοτόκων,
3894 2180 4012 2248 ἀρφ

2437 2276 2528 2355 χαί
2560 2291 2616 2326 τε
2650 2272 2743 2327 καὶ
2770 2272 3007 2337 ἐξουσίαι
3034 2273 3130 2325 καὶ
3159 2271 3462 2359 θρόνοιθκαὶ
3480 2270 3815 2342 κυριότητες,
3838 2271 3996 2323 πνεύσ

2441 2365 2585 2436 ματά
2608 2381 2668 2417 τε
2701 2362 2853 2431 sua,
2887 2365 2981 2418 καὶ
3005 2362 3260 2432 δυνάμεις
3291 2362 3430 2416 θεῖαι
3454 2364 3512 2415 έν
3540 2364 3659 2424 ταῖς
3687 2363 3806 2414 κατ’
3834 2360 3985 2430 οὐρα·

2437 2457 2526 2511 νὸν
2558 2458 2831 2528 στρατιαῖς
2855 2453 3242 2518 πολιτεύονται,
3271 2454 3370 2525 τὴν
3402 2453 3717 2524 ἐπουράνιον
3747 2451 3994 2522 συμπλη-

2441 2548 2656 2620 ροῦντες
2697 2546 3048 2617 Ἐκκλησίανο
3074 2544 3209 2599 ἀλλά
3246 2545 3350 2609 τίς,
3384 2545 3565 2615 φησὶν,
3597 2547 3656 2597 ὲν
3695 2543 3774 2614 τῷ
3820 2543 3996 2616 αίθέρι

2437 2639 2512 2710 τῷ
2537 2639 2790 2693 ἐπέκεινα
2811 2637 2904 2690 τοῦ
2931 2637 3300 2708 στερεώματος
3332 2635 3651 2707 ίσωθήσεται
3674 2634 3750 2699 τῷ
3777 2635 3992 2705 κυρίως

2435 2733 2499 2784 El
2521 2732 2576 2784 δὲ
2594 2729 2774 2784 πολλοὶ
2794 2730 2899 2782 υἱοὶ
2922 2728 3056 2783 Θεοῦ
3078 2730 3170 2782 κα)⁴
3193 2728 3305 2781 θεοὶ
3324 2727 3462 2781 κατὰ
3481 2727 3575 2780 τά·
3605 2728 3659 2780 Ὁ
3684 2726 3828 2792 Θεὸς
3848 2727 3995 2793 ἔστη

2436 2821 2506 2875 ἐν
2538 2817 2861 2887 συναγωγῇ
2892 2819 3062 2881 θεῶν,
3094 2818 3220 2872 καί·
3255 2817 3400 2884 Θεὸς
3430 2816 3580 2873 θεῶν
3606 2817 3818 2884 Κύριος
3861 2815 3990 2870 ἐλά-

2435 2912 2610 2977 λησε,
2648 2909 2742 2962 καί
2761 2927 2775 2941 ·
2816 2909 2955 2979 Ἐγὼ
2983 2903 3152 2962 εἷπον
3171 2924 3182 2936 ·
3220 2907 3351 2961 Θεοί
3376 2908 3535 2971 ἐστε,
3562 2906 3658 2959 καί
3685 2906 3803 2960 viai
3837 2906 3988 2975 Ὑψίο

2437 3013 2586 3053 στου
2613 2998 2832 3064 πάντες
2850 3015 2862 3027 ·
2889 2998 3021 3051 ἀλλά
3053 2998 3141 3064 Τίς
3166 2995 3584 3066 ὁμοιωθήσεται
3611 2992 3692 3059 τῷ
3714 2995 3909 3062 Κυρίῳ
3929 2995 3992 3049 ἐν

2437 3089 2587 3156 υιοῖς
2615 3088 2795 3151 Θερῦς
2836 3089 3058 3160 Μυρίων
3101 3087 3208 3158 γὰρ
3253 3088 3419 3140 όντων
3449 3086 3599 3154 υίῶν,
3625 3085 3818 3149 οὐδεὶς,
3845 3087 4017 3158 φησὶ.-

2436 3179 2608 3252 τούτῳ
2636 3181 3051 3251 ὁμοιωθήσεται,
3078 3178 3197 3232 οὐδὲ
3222 3177 3628 3248 ὲξισωθήσεται,
3655 3177 3892 3248 ὲκλεκτῷ
3917 3177 3992 3230 ὅτι

792 3284 847 3326 et
877 3275 1135 3343 sapientia
1164 3275 1274 3331 Dei.
1313 3276 1556 3346 Mihique
1585 3278 1798 3333 videtur
1849 3279 2042 3335 horum
2090 3282 2336 3336 notitiam
2361 3285 2416 3340 ιι
2437 3273 2518 3325 καί

2267 3298 2336 3336 ιω
2361 3285 2416 3340 α
2437 3273 2530 3325 καὶ
2559 3272 2832 3342 μονογενεϊ
2867 3271 2960 3323 καὶ
2993 3269 3317 3341 πρωτοτόκῳ
3344 3269 3521 3337 πάσης
3566 3267 3815 3333 κτίσεως,
3843 3267 3993 3338 Λόγῳ

765 3364 848 3434 in
880 3364 1304 3432 precedentibus
1333 3368 1544 3424 tradere
1563 3409 1577 3433 ,
1623 3385 1747 3424 cum
1794 3371 1869 3424 ait
1897 3390 1911 3425 :
1942 3371 2340 3440 Conﬁtebuntu:

793 3454 908 3508 caeli
940 3455 1205 3508 mirabilia
1237 3466 1347 3510 tua.
1396 3457 1672 3529 Siquidem
1705 3477 1771 3515 ex
1801 3461 2145 3516 mirabilibus
2173 3478 2340 3516 unum

795 3545 898 3600 hoc
921 3553 1068 3611 erat,
1097 3549 1238 3616 quod
1263 3549 1517 3620 deinceps
1541 3551 1609 3606 de
1621 3548 1911 3621 Unigenito
1934 3550 2028 3607 Dei
2057 3553 2346 3609 additurus

732 3661 735 3666 ν
793 3640 940 3697 erat,
971 3642 1024 3688 et
1048 3636 1261 3702 quidem
1289 3638 1616 3692 necessario.
1646 3637 1783 3703 Quia
1811 3638 1951 3693 enim
1982 3639 2132 3704 illum
2162 3655 2227 3694 ex
2256 3656 2340 3696 se-

795 3723 942 3777 mine
968 3722 1136 3778 David
1166 3727 1500 3780 nasciturum
1527 3742 1650 3794 esse
1667 3770 1683 3795 ,
1714 3729 1769 3783 in
1796 3730 2076 3800 prophetia
2103 3731 2347 3786 indicano

792 3812 924 3867 dum
967 3825 1116 3882 erat,
1159 3814 1410 3871 deitatem
1453 3817 1572 3886 ejus
1611 3820 1704 3888 qui
1746 3821 1800 3873 in
1843 3821 1963 3890 ipso
2002 3822 2347 3880 habitaturus

794 3910 912 3957 erat
963 3912 1120 3958 antea
1173 3907 1675 3976 contemplabatur;
1719 3917 1778 3964 ut
1818 3925 1924 3965 una
1972 3911 2343 3970 edisceremus

795 4005 916 4064 qua!
946 3994 1119 4050 virtus
1162 3997 1215 4050 in
1269 3998 1388 4066 ipso
1434 3997 1740 4054 habitatura
1783 4009 1960 4068 esset,
1993 4009 2046 4058 et
2074 4004 2350 4059 sciremus.

796 4084 970 4152 ipsum
1013 4086 1229 4154 quidem
1281 4087 1447 4142 ﬁlium
1488 4105 1609 4146 esse
1651 4090 1914 4156 Davidis.-
1939 4110 2059 4150 eum
2089 4111 2218 4152 vero
2248 4097 2339 4167 qui

798 4171 853 4224 in
883 4173 1002 4241 ipso
1027 4173 1364 4227 habitaturus
1401 4170 1542 4231 esset
1564 4219 1578 4238 ,
1610 4179 1806 4235 Filium
1841 4181 1955 4237 Dei.

873 4351 1039 4408 Vens.
1081 4357 1131 4410 ὃ.
1175 4357 1311 4408 ﬂeui
1338 4357 1425 4424 qui
1454 4355 1778 4424 gloriﬁcatur
1806 4359 1868 4413 in
1885 4355 2105 4416 consilio
2131 4372 2340 4421 sancto-

797 4460 909 4498 rum
931 4487 945 4511 ,
977 4461 1190 4513 magnus
1214 4454 1261 4497 et
1285 4444 1529 4498 terribilis
1556 4461 1708 4514 super
1732 4464 1906 4502 omnes
1929 4452 2016 4520 qui
2039 4453 2091 4504 in
2118 4453 2340 4505 circuitu

794 4536 906 4604 ejus
935 4543 1076 4592 sunt.
1103 4534 1331 4600 Quinam
1366 4535 1435 4588 sit
1461 4535 1507 4588 is
1532 4537 1624 4604 qui
1651 4553 1774 4591 cum
1801 4541 2014 4595 nemine
2037 4543 2338 4610 comparari

795 4627 879 4681 vel
907 4626 1140 4680 conferri
1171 4622 1380 4701 possit,
1408 4627 1679 4682 neminem
1722 4629 1952 4684 similem
1996 4609 2247 4687 admittat
2286 4635 2340 4688 in
2371 4609 2416 4664 Ῐ)

797 4718 864 4771 iis
896 4716 987 4784 qui
1021 4717 1115 4768 lilii
1146 4715 1239 4770 Dei
1269 4723 1553 4780 vocantur,
1587 4718 1675 4782 hic
1703 4721 1944 4775 declarat
1971 4721 2160 4778 dicens
2191 4743 2202 4777 :
2240 4725 2340 4778 ﬂia

795 4816 871 4861 est
923 4807 1094 4870 Deus,
1140 4810 1227 4876 qui
1269 4809 1600 4878 gloriﬁcatur
1641 4813 1696 4863 in
1745 4813 1967 4879 consilio
2013 4824 2338 4870 sanctorum.

795 4898 1093 4952 Consilium
1127 4905 1302 4952 autem
1331 4909 1640 4956 sanctorum
1667 4903 1777 4972 jam
1802 4919 1963 4972 supra
1993 4905 2129 4960 dixit
2160 4905 2346 4962 Eccle-

795 4987 930 5040 siam
959 4995 1270 5044 sanctorum
1296 5006 1418 5046 esse
1435 5031 1450 5056 ,
1475 4993 1792 5062 videturque
1817 4993 2114 5053 Ecclesium
2140 5000 2344 5068 primo—

797 5080 1099 5147 genitorum
1120 5118 1135 5143 ,
1172 5080 1264 5148 qui
1293 5080 1552 5152 descripti
1584 5091 1713 5138 sunt
1741 5083 1797 5137 in
1827 5087 2014 5150 caelis,
2049 5090 2336 5154 consilium

799 5170 1112 5235 nominare,
1146 5171 1379 5241 quadam
1422 5173 1604 5229 habita
1644 5179 1853 5232 ratione
1895 5177 1962 5232 ad
1996 5188 2219 5234 senatus
2247 5181 2339 5248 qui

799 5258 965 5312 variis
1011 5260 1067 5312 in
1114 5261 1248 5315 locis
1292 5262 1578 5317 exsistunt.
1628 5265 1687 5319 in
1742 5265 1845 5320 hoc
1887 5272 2066 5321 autem
2111 5256 2342 5323 consilio

799 5355 1112 5401 sanctorum
1176 5352 1345 5421 gloria
1407 5353 1528 5422 ejus
1589 5357 1935 5418 celebratur,
1990 5358 2082 5426 qui
2135 5359 2340 5412 nullam

799 5441 1256 5508 comparationem
1294 5445 1377 5498 vel
1413 5446 1817 5506 similitudinem
1849 5449 2084 5504 admittit
2114 5465 2241 5505 cum
2274 5450 2341 5507 iis

799 5528 891 5596 qui
928 5528 1020 5583 ﬁlii
1056 5527 1149 5583 Dei
1182 5541 1476 5589 vocantur:
1508 5549 1684 5606 neque
1714 5539 1887 5593 solum
1920 5539 2253 5609 gloriﬁcatur
2286 5541 2342 5593 in

791 5616 1033 5672 consilio
1065 5626 1406 5687 sanctorum,
1439 5624 1533 5678 sed
1572 5626 1732 5679 etiam
1767 5627 2024 5688 terribilis
2051 5637 2135 5682 est
2177 5644 2342 5698 super

803 5716 993 5761 omnes
1020 5706 1110 5775 qui
1139 5707 1194 5761 in
1228 5706 1455 5764 circuitu
1483 5713 1613 5782 ejus,
1633 5722 1778 5768 sunt.
1815 5716 2046 5782 Quinam
2077 5727 2252 5773 autem
2288 5718 2342 5772 in

2437 3379 2496 3414 τε
2524 3363 2684 3433 σοφίᾳ
2716 3362 2810 3415 καὶ
2833 3359 3058 3431 δυνάμει
3097 3359 3189 3416 καὶ
3227 3358 3388 3429 σοφίᾳ,
3415 3357 3569 3412 Θεοῦ.
3601 3359 3710 3411 Καί
3742 3375 3830 3434 μοι
3859 3357 3994 3430 δοκεῖ

2435 3452 2532 3522 τὴν
2561 3450 2761 3504 τούτων
2787 3448 2984 3517 γνῶσιν
3008 3448 3094 3501 διὰ
3116 3448 3222 3502 τῶν
3245 3448 3498 3519 ἀνωτέρω
3521 3465 3585 3518 οη
3595 3444 3822 3517 μαίνειν,
3839 3448 3895 3501 ὲν
3919 3443 3994 3510 οἷς

2439 3540 2540 3612 ἔφη
2561 3557 2572 3567 ·
2623 3539 3194 3610 Ἐξομολογήσονται
3223 3542 3275 3593 oi
3309 3540 3550 3607 οὐρανοί
3585 3537 3657 3592 τὰ
3702 3537 3993 3608 θαυμάσιά

2438 3632 2678 3687 σου.Ἔν
2726 3631 2833 3703 γάρ
2883 3630 2990 3685 τῶν
3045 3631 3358 3702 θαυμασίων
3405 3632 3498 3684 καὶ
3549 3630 3702 3683 τοῦτο
3747 3625 3836 3700 ἦν,
3864 3630 3992 3700 ὅπερ

2440 3725 2668 3795 ήμελλεν
2716 3724 2843 3795 ἑξῆς
2889 3724 3158 3794 ἐπιλέγειν
3210 3724 3338 3796 περὶ
3385 3723 3479 3776 τοῦ
3529 3722 3861 3792 Μονογενοῦς
3906 3722 4016 3791 τοῐ.

2438 3806 2570 3869 Θεοῦ
2594 3833 2606 3846 ο
2639 3817 2950 3882 ἀναγκαίως
2977 3817 3064 3870 δέ·
3093 3815 3279 3886 ἐπειδὴ
3313 3814 3510 3885 ἧμελλε
3539 3815 3629 3868 τὸν
3659 3817 3722 3868 ὲκ
3755 3810 3992 3886 σπέρμα·

2438 3927 2527 3973 τος
2551 3909 2710 3962 Δαυϊδ
2732 3909 3087 3978 γενησόμενον
3107 3907 3196 3961 διὰ
3213 3907 3314 3976 τῆς
3337 3906 3665 3976 προφητείας
3698 3906 3994 3976 σημαίνειν,

2438 4001 2535 4071 τὴν
2566 4000 2793 4070 θεότητα
2823 3999 2914 4052 τοῦ
2950 4000 3364 4068 κατοικήσαντος
3394 4000 3451 4050 ὲν
3486 3996 3634 4068 αὐτῷ
3665 3989 3961 4069 προθεωρεῖ
3981 4013 3995 4028 ·

2439 4089 2513 4151 ὡς
2545 4087 2608 4141 ἂν
2640 4088 2772 4158 ὁμοῦ
2807 4087 3090 4159 μάθοιμεν,
3118 4086 3199 4149 τίς
3245 4086 3279 4155 ἡ
3332 4085 3598 4155 μέλλουσα
3637 4088 3905 4152 κατοικεῖν
3942 4086 4021 4140 ὲν.

2439 4178 2584 4235 αύτῶ
2604 4178 2849 4250 δύναμις,
2894 4178 2987 4231 καὶ
3016 4177 3090 4240 ὡς
3114 4179 3144 4230 ὁ
3177 4177 3284 4248 μὲν.
3308 4173 3420 4240 ύίὸς
3450 4172 3518 4247 ἦν
3548 4175 3724 4241 Δαυῒδ,
3766 4171 3813 4230 ό⁹
3832 4176 3887 4229 δὲ
3940 4176 4022 4231 έν.

2440 4271 2586 4342 αὐτῴ
2617 4272 2954 4342 κατοικήσων
2985 4269 3111 4333 Υἱὸς
3140 4270 3232 4323 τοῦ
3262 4267 3419 4324 Θεοῦ.
3449 4273 3458 4278 “
3591 4315 3600 4324 .
3929 4262 3931 4264 ’

2522 4365 2574 4417 Ὁ
2612 4364 2754 4429 Θεὸς
2779 4359 3240 4430 ἐνδοξαζόμενος
3277 4361 3344 4414 ἐν
3368 4359 3571 4427 βουλῇ
3595 4359 3794 4429 ἁγίων,
3817 4359 3995 4430 μέγα(

2443 4454 2540 4506 καί
2577 4451 2824 4522 φοϐερὸς
2861 4452 2957 4504 ἐπί
3007 4451 3235 4516 πάντας
3265 4449 3405 4516 τοὺς
3435 4452 3768 4518 περικύκλῳ
3792 4449 4022 4504 αὐτοῦ.-

2445 4543 2545 4596 Τὸν
2568 4543 2641 4613 μὴ
2686 4541 2876 4611 ἔχοντα
2924 4540 3208 4609 σύγκρισιν
3232 4580 3246 4604 ,
3304 4541 3438 4610 μηδὲ
3488 4541 3826 4610 παράθεσιν,
3867 4541 3997 4611 μηδὲ

2442 4635 2697 4704 ὁμοίωσιν
2737 4633 2871 4703 πρός
2910 4649 3032 4685 τινα
3075 4632 3184 4688 τῶν
3229 4630 3632 4700 ὠνομασμένων
3659 4631 3788 4684 υἱῶν
3832 4631 4006 4696 Θεοῦ,

2441 4723 2619 4786 ὁποῖός
2662 4722 2744 4785 τίς
2793 4725 2906 4774 ἐστι
2941 4720 3231 4790 παρίστησι
3283 4719 3484 4788 λέγων·
3529 4717 3719 4786 Οὗτός
3762 4721 3931 4776 ἐστιν
3966 4727 4000 4777 ὁ

2445 4815 2585 4880 Θεὸς
2625 4818 2656 4869 ό
2702 4812 3158 4881 ἐνί-δοξαζόμενος
3197 4813 3266 4866 ὲν
3299 4812 3371 4881 τῇ
3409 4813 3610 4881 ,βουλῇ
3651 4813 3768 4867 τῶν
3795 4814 3996 4882 ἁγίων.

2443 4904 2646 4974 Βουλὴν
2678 4903 2733 4957 δὲ
2783 4904 2952 4971 ἁγίων
2985 4905 3241 4973 προσεῖπε
3281 4905 3377 4974 τὴν
3428 4904 3684 4975 ἀνωτέρω
3723 4902 3999 4973 λεχθεῖσαν

2454 4996 2774 5066 Ἐκκλησίαν
2814 4996 3015 5064 ἁγίων·
3057 4986 3148 5050 καὶ
3185 4997 3346 5067 ἐῴκει
3373 4999 3472 5068 τὴν
3522 4998 3843 5068 Ἐκκλησίαν
3891 5001 3998 5054 τῶν

2445 5090 2797 5157 πρωτοτόκων
2835 5087 2942 5141 τῶν
2982 5089 3483 5158 ἀπογεγραμμένων
3507 5090 3563 5141 ὲν
3600 5090 3846 5162 οὐρανοῖς
3880 5090 4000 5160 βου-

2444 5177 2538 5248 λὴν
2565 5175 2924 5247 ὠνομακέναι,
2951 5178 3226 5250 ἀναλόγως
3261 5180 3373 5240 τοῖς
3412 5179 3551 5231 κατὰ
3595 5180 3754 5234 τόπον
3783 5180 4001 5251 βουλευ-

2445 5270 2668 5339 τηρίοις.
2713 5270 2796 5322 Ἐν
2824 5269 2992 5341 ταύτῃ
3019 5269 3077 5322 δὲ
3107 5272 3171 5340 τῇ
3209 5267 3367 5338 βουλῇ
3389 5269 3497 5321 τῶν
3528 5271 3696 5337 ἁγίων
3729 5271 4001 5339 ὲνδοξαζό-

2451 5357 2603 5423 μνὸς
2627 5359 2770 5410 ἐστιν
2790 5358 2817 5408 ὁ
2842 5359 2916 5428 μὴ
2947 5357 3085 5427 ἔχων
3108 5356 3407 5426 σύγκρισιν,
3433 5358 3565 5428 μηδὲ
3591 5360 3844 5429 ὁμοίωσιν
3865 5361 4000 5432 πρὸς

2442 5445 2563 5508 τοὺς
2596 5445 3018 5516 ὀνομαζομένους
3053 5447 3201 5508 υἱοὺς
3241 5445 3372 5497 Θεοῦ
3395 5464 3407 5476 ’
3445 5449 3537 5501 καὶ
3571 5450 3630 5501 ού
3669 5451 3825 5519 μόνον
3853 5449 3998 5503 ὲνδο-

2444 5535 2731 5607 ξαζόμενός
2760 5541 2906 5592 ἐστιν
2947 5540 3004 5590 ὲν
3048 5539 3114 5607 τῇ
3168 5537 3324 5608 βουλῇ
3357 5538 3464 5591 τῶν
3504 5541 3693 5608 ἀγίων,
3718 5539 3856 5593 ἀλλὰ
3901 5537 3997 5592 καὶ

2444 5626 2670 5698 φοϐερὸς
2694 5629 2924 5699 ὑπάρχει
2950 5629 3040 5681 ἐπὶ
3086 5630 3290 5692 πάντας
3318 5631 3441 5693 τοὺς
3473 5631 3781 5701 περικύκλῳ
3806 5627 3992 5683 αὑτοῦ.

2443 5718 2597 5783 Τίνες
2619 5720 2663 5773 δῖ
2689 5721 2752 5774 ἂν
2801 5717 2908 5773 εἷεν
2952 5719 2999 5774 οἱ
3047 5721 3355 5793 περικύκλῳ
3389 5723 3553 5777 αὑτοῦ
3595 5723 3709 5776 ἀλλ’
3737 5722 3768 5793 ἢ
3803 5721 3856 5774 οι
3887 5719 4008 5773 ubi.

877 5878 918 5910 ²¹
960 5879 1096 5938 Psal.
1133 5901 1329 5973 Luxu,
1369 5891 1415 5942 l.
1494 5893 1535 5922 ”
1579 5893 1718 5950 Psal.
1753 5912 1912 5961 χιιι,
1956 5900 2003 5953 Ι.
2086 5900 2129 5932 ’³
2171 5897 2313 5953 Psal-
2358 5913 2555 5962 ιῐκυν
2595 5899 2650 5952 6-
