4406 6420
367 528 508 602 ioss
1409 543 2022 603 COMMENTARIAJN
2061 544 2395 602 ussuros.
3441 540 3601 613 im“

357 657 454 713 τοὸ
496 658 665 721 Θεοῦ,
715 656 807 711 καὶ
848 656 1002 711 αὐτοὶ
1047 656 1159 711 θεοὶ
1201 655 1664 728 χρηματίζοντες,
1710 658 1775 710 δι’
1827 657 1920 722 οὓς
1949 664 1995 721 Α
2022 661 2097 713 cir

1827 657 1920 722 οὓς
1949 664 1995 721 Α
2022 661 2253 713 circuitu
2280 660 2400 729 ejus
2428 658 2658 724 fuerint,
2701 662 2806 716 nisi
2837 661 2927 715 ﬁlii
2961 659 3088 726 Dei,
3117 663 3207 733 qui
3232 671 3287 718 et
3313 665 3413 735 ipsi
3439 684 3561 737 quo-

355 752 589 821 εἴρηται,
620 751 676 802 '0
704 749 847 814 Θεὸς
868 748 1018 813 ἔστη
1040 748 1110 801 ἐν
1132 748 1449 817 συναγωγῇ
1470 748 1651 813 θεῶν;
1674 750 1781 802 Καὶ
1810 750 1917 822 γὰρ

353 841 435 905 τὸ,
474 842 575 895 Ἐν
596 838 800 908 ,βουλῇ
824 839 1023 907 ἁγίων,
1054 838 1246 901 καὶτὸ,
1287 839 1388 892 Ἐν
1420 840 1715 908 ἐκκλησίᾳ
1765 854 1909 909 πρω-

350 932 633 993 τοτόκων,
662 930 755 983 καί
782 929 862 991 τὸ,
900 929 995 981 Ἐν
1022 926 1343 996 συναγωγῇ
1372 928 1543 994 θεῶν,
1583 928 1640 981 ἓν
1666 930 1759 983 καὶ
1793 947 1917 983 ταυ-

348 1022 442 1075 τὸν
474 1016 611 1073 εἷναί
646 1038 736 1090 μοι
752 1020 913 1072 δοκεῖ.
933 1014 1147 1070 Τούτων
1172 1002 1455 1090 τοιγαροῦν
1480 1020 1537 1072 ὲν
1572 1019 1719 1091 μέσῳ
1747 1020 1916 1085 ἑστὼς

352 1111 442 1165 καὶ
490 1110 595 1163 ὑπὸ
640 1108 843 1162 τούτων
882 1108 1343 1178 δορυφορούμενος
1397 1111 1426 1163 δ
1458 1110 1584 1173 Υἱὸς
1621 1111 1715 1164 τοῦ
1759 1112 1913 1179 Θεοῦ,

350 1199 761 1271 ινδοξαζόμενος
790 1200 1002 1270 εἴρηται
1036 1200 1130 1252 καὶ
1160 1199 1331 1271 μέγας
1365 1202 1457 1255 καὶ
1483 1202 1731 1273 φοϐερός.
1758 1204 1824 1257 '0
1853 1221 1914 1271 γε

355 1292 462 1364 μὴν
501 1292 793 1362 Σύμμαχος
840 1290 908 1343 τὰ
960 1290 1292 1361 προκείμενα
1332 1291 1523 1345 τοῦτον
1569 1292 1794 1358 ἐξέδωκε
1827 1294 1916 1347 τὸν

348 1384 551 1455 τρόπον
570 1402 584 1416 ’
626 1383 733 1438 Θεέ
759 1382 1011 1451 ἀήττητε
1041 1383 1110 1437 ἐν
1138 1382 1339 1451 ὁμιλίᾳ
1368 1383 1551 1451 ὸτίωγ
1568 1384 1790 1452 πολλῇ,
1816 1388 1913 1439 καὶ

350 1476 633 1545 ἐπίφοϐος
656 1476 725 1528 ἐν
751 1472 899 1528 πᾶσι
921 1474 1044 1539 τοῖς
1072 1474 1203 1542 περὶ
1236 1474 1522 1527 σεαυτόνι
1550 1476 1579 1527 ὁ
1604 1474 1662 1526 δὲ
1689 1474 1914 1538 Ἀκύλας

352 1567 516 1641 φησί’
581 1566 846 1634 Ἰσχυρὸς
894 1565 1470 1634 κατισχυρευόμενος
1503 1564 1571 1618 ἐν
1603 1564 1916 1633 ἀπορρήτῳ

349 1657 553 1725 ἁγίων,
583 1654 828 1723 πλῆθος,
856 1656 1108 1724 πλῆθος,
1140 1655 1238 1709 καὶ
1266 1656 1549 1724 ἐπίφοϐος
1567 1655 1664 1708 ἐπὶ
1686 1656 1915 1723 πάντας

349 1747 551 1814 κύκλῳ
586 1746 792 1802 αὐτοῦ.
842 1748 905 1800 Ἠ
933 1748 989 1800 δὲ
1023 1746 1116 1801 τοῦ
1144 1747 1303 1817 λόγου
1330 1748 1535 1801 διάνοια
1565 1747 1663 1819 τὴν
1692 1748 1913 1801 ἀκολου-

350 1840 471 1894 θίαν
517 1839 862 1911 παρίστησιν.
914 1840 1130 1911 Ἐπειδὴ
1186 1841 1292 1911 γὰρ
1321 1840 1544 1903 δυνατὸς
1587 1836 1667 1905 εἴ,
1704 1840 1911 1911 Κύριε,

349 1934 536 2004 φησὶν,
566 1933 659 1986 κα)⁵
692 1934 725 2003 ἡ
763 1932 989 2003 ἀλήθειά
1022 1925 1114 1985 σου
1136 1931 1321 2003 κύκλῳ
1354 1948 1470 1996 σου,
1494 1931 1717 1995 εἰκότως
1743 1933 1913 2003 μέγας

2022 764 2129 818 que
2172 748 2246 803 dii
2284 757 2668 819 nuncupantur
2699 768 2711 804 :
2748 766 2977 819 quorum
3022 766 3185 806 causa
3218 753 3423 809 dictum
3454 766 3576 821 est,

2021 839 2162 893 Deus
2189 842 2329 893 stetit
2361 843 2415 894 in
2444 858 2708 911 synagoga
2735 840 2953 895 deorum
2977 843 3061 895 “1'
3090 842 3295 897 Etenim
3318 846 3449 900 illud
3468 887 3484 913 ,
3512 847 3577 902 In

2021 930 2238 983 consilio
2269 940 2570 983 sanctorum
2597 948 2617 995 ;
2647 940 2700 985 et
2734 933 2867 986 illud
2895 971 2909 993 ,
2965 930 3028 984 In
3074 934 3290 986 ecclesia
3321 938 3561 1005 primoge-

2022 1022 2249 1075 nitorum
2266 1039 2286 1085 ;
2336 1032 2420 1085 et,
2456 1021 2523 1075 In
2568 1040 2833 1093 synagoga
2865 1024 3121 1089 deorum;
3154 1041 3315 1079 unum
3350 1034 3405 1080 et
3437 1027 3579 1082 idem

2020 1128 2140 1168 esse
2168 1113 2382 1179 videtur
2425 1115 2577 1169 mihi.
2626 1113 2829 1169 Horum
2868 1116 3051 1185 itaque
3098 1117 3152 1170 in
3186 1117 3363 1171 medio
3390 1126 3576 1183 stans,

2020 1203 2102 1257 his
2135 1194 2552 1273 stipatus'Filius
2578 1203 2670 1259 Dei
2695 1245 2711 1269 ,
2741 1205 3073 1274 gloriﬁcatus
3093 1246 3107 1269 ,
3138 1222 3368 1277 magnus
3397 1215 3449 1260 et
3467 1213 3555 1259 ter

2021 1295 2199 1349 ribilis
2232 1296 2454 1349 dicitur.
2504 1294 2628 1349 Haec
2671 1311 2803 1350 vero
2836 1296 3196 1368 Symmachus
3246 1300 3326 1353 sic
3370 1298 3575 1353 edidit:

2020 1387 2157 1441 Deus
2202 1389 2389 1441 invicte
2433 1388 2486 1441 in
2530 1389 2921 1443 conversatione
2966 1398 3268 1443 sanctorum
3297 1392 3501 1448 multa.‘
3527 1397 3575 1443 et

2022 1478 2277 1530 tremende
2300 1479 2355 1531 in
2384 1478 2622 1531 omnibus
2652 1478 2743 1547 qui
2772 1480 2967 1532 circum
2999 1488 3045 1533 te
3068 1489 3230 1542 sunt;
3257 1480 3450 1549 Aquila
3478 1495 3581 1533 aut

2018 1577 2123 1623 tem
2149 1571 2222 1621 ait
2247 1589 2257 1621 :
2286 1568 2463 1622 Fortis
2488 1569 2768 1623 roboratus
2791 1573 2843 1623 in
2862 1581 3061 1623 secreto
3080 1581 3380 1625 sanctorum
3400 1611 3420 1637 ,
3444 1571 3552 1625 mul

2020 1660 2186 1714 titudo
2206 1700 2220 1725 ,
2257 1660 2538 1713 multitudo
2560 1700 2574 1718 .
2606 1667 2654 1712 et
2690 1661 2986 1714 tremendus
3016 1678 3171 1729 super
3200 1678 3376 1715 omnes
3406 1663 3495 1731 qui
3522 1663 3587 1716 in“

2019 1750 2242 1803 circuitu
2286 1749 2398 1818 ejus
2446 1757 2590 1803 sunt.
2642 1748 2759 1819 Ipsa
2794 1764 2961 1818 porro
2992 1750 3124 1803 dicti
3171 1752 3437 1805 sententia
3484 1767 3573 1805 se-

2020 1842 2153 1895 riem
2187 1841 2379 1909 aperit.
2412 1839 2545 1893 Nam
2573 1842 2701 1910 quia
2733 1850 2926 1909 potens
2951 1855 3010 1894 es
3029 1880 3044 1903 ,
3078 1838 3302 1895 Domine
3322 1882 3336 1905 ,
3364 1842 3578 1911 inquit,

2016 1936 2071 1985 et
2103 1930 2301 1983 veritas
2332 1936 2425 1982 tua
2460 1930 2513 1982 in
2545 1930 2776 1982 circuitu
2814 1940 2937 1993 tuo,
2979 1929 3105 1998 jure
3148 1943 3376 1998 magnus
3420 1945 3480 1984 es
3520 1938 3572 1985 et

348 2018 419 2086 εῐ,
453 2023 545 2075 καὶ
583 2022 811 2103 φοϐερὸς
856 2018 934 2087 εἴ,
981 2023 1075 2076 καὶ
1118 2022 1530 2093 ὲνδοξαζόμενος
1569 2023 1620 2075 εϊ
1661 2025 1716 2075 ἐν
1752 2024 1912 2096 βουλῇ
1947 2018 1987 2072 Β
2015 2028 2088 2074 tet

1828 2025 1912 2096 δλῇ
1947 2018 1987 2072 Β
2015 2019 2278 2074 terribilis
2320 2025 2372 2071 et
2411 2016 2749 2087 glorilicatus
2783 2019 2834 2072 in
2871 2019 3102 2074 consilio
3146 2028 3488 2082 sanctorum,
3521 2027 3568 2074 et

348 2114 541 2185 ἁγίων,
566 2116 667 2167 καὶ
693 2116 750 2167 ὲν
770 2117 879 2177 τοῖς
907 2113 1004 2185 τὴν
1031 2114 1128 2184 σὴν
1162 2114 1391 2184 θεότητα
1419 2114 1821 2186 περιπολοῦσιν,
1840 2118 1909 2191 oi,

350 2206 458 2260 τῶν
497 2205 603 2259 σῶν
624 2205 962 2277 ἐπαγγελιῶν
993 2206 1092 2276 τὴν
1138 2206 1395 2277 ἀλήθειαν
1423 2207 1772 2278 συνορῶντες,
1816 2208 1912 2272 τὰς

350 2300 663 2369 πρεπούσας
720 2297 1067 2368 εὐχαριστίας
1118 2296 1256 2367 μετὰ
1305 2295 1627 2367 θαυμασμοῦ
1673 2298 1771 2367 τῆς
1816 2300 1913 2369 σῆς

350 2390 600 2461 θεότητος
632 2389 1031 2460 ἀναπέμπουσι.
1079 2388 1171 2441 Διὸ
1212 2387 1391 2469 μικρῷ
1426 2388 1656 2458 πρόσθεν
1694 2388 1906 2455 ἔλεγον·
1936 2432 1939 2437 ,

360 2479 930 2550 Ἐξομολοτήσονται
954 2483 1007 2534 ol
1052 2479 1292 2548 οὐρανοὶ
1326 2478 1409 2533 ’τὰ
1442 2478 1744 2549 θαυμάσια
1772 2496 1908 2543 σου,

348 2573 447 2628 καὶ
480 2574 594 2640 τὴν
625 2562 911 2642 ἀλήθειάν
940 2588 1054 2627 σου
1087 2573 1155 2625 ἐν
1189 2572 1511 2640 Ἐκκλησία
1532 2566 1732 2639 άγίὥν.

418 2664 593 2731 Κύριε
624 2666 658 2717 ὁ
694 2664 837 2729 Θεὸς
865 2662 984 2716 τῶν
1012 2661 1356 2732 δυνάμεων,
1400 2662 1491 2727 τίς
1526 2661 1725 2729 ὅμοιός
1767 2677 1901 2724 σοις

345 2756 609 2821 Δυνατὸς
635 2752 707 2819 εἴ,
736 2756 931 2824 Κύριε,
954 2754 1051 2807 καὶ
1070 2756 1109 2823 ἡ
1137 2752 1389 2821 ἀλήθειά
1411 2766 1525 2807 σου
1545 2752 1749 2817 κύκλῳ
1772 2768 1905 2807 σου.

348 2846 433 2899 Σὺ
462 2844 767 2911 δεσπόζεις
794 2845 901 2899 τοῦ
934 2836 1321 2912 κράτουςτῆς
1344 2842 1677 2909 θαλάσσης,
1708 2844 1814 2896 τὸν
1843 2844 1911 2896 δὲ

349 2936 547 2991 σάλον
565 2936 684 2990 τῶν
718 2935 995 3006 κυμάτων
1019 2933 1209 3002 αὐτῆς
1234 2933 1314 2987 σὺ
1346 2934 1795 3002 statuamus-sto.
1826 2934 1910 2988 Σὺ

345 3024 753 3092 ἐταπείνωσας
782 3027 863 3091 ὡς
901 3026 1261 3095 τραυματίαν
1286 3024 1675 3093 ὑπερήφανον
1714 3027 1784 3078 ἐν
1830 3025 1909 3090 τῷ

353 3116 626 3184 Βραχίονι
668 3114 779 3185 τῆς
807 3116 1112 3186 δυνάμεώς
1149 3132 1263 3171 σου
1300 3115 1725 3185 διεσκόρπισας
1770 3116 1909 3182 τοὺς

344 3206 598 3274 ἐχθρούς
634 3222 773 3262 σου.
803 3208 910 3261 Καὶ
945 3209 1004 3261 ἐν
1038 3207 1245 3270 τούτοις
1272 3208 1424 3261 οὐδὲν
1458 3207 1645 3281 ἀφίησι
1682 3207 1788 3260 τῶν
1814 3224 1906 3275 γε-

347 3299 525 3367 νητῶν
557 3294 695 3367 εἶναι
722 3301 904 3367 ὅμοιον
929 3297 1007 3368 τῷ
1038 3298 1284 3366 θεολογου
1293 3299 1437 3369 μένῳ
1474 3297 1587 3367 Υίῷ
1611 3296 1702 3349 τοῦ
1741 3297 1901 3350 Θεοῦ·

344 3390 511 3445 αὐτὸν
539 3392 647 3463 γὰρ
694 3387 954 3445 εἷναι”τὸν
980 3390 1205 3445 δυνατὸν
1223 3431 1237 3455 ,
1280 3393 1372 3445 καὶ
1396 3391 1487 3445 τὸν
1518 3390 1625 3444 τῶν
1671 3387 1906 3443 δυνατῶν

345 3483 501 3548 Θεὸν,
557 3470 652 3538 καὶ
680 3485 855 3537 αὐτῶν
880 3484 987 3536 τῶν
1023 3485 1303 3555 δυνάμεων
1345 3485 1567 3556 Κύριον,
1599 3484 1673 3547 ὼς
1708 3482 1927 3554 μηδένα

346 3573 497 3644 αὐτῷ
519 3572 816 3642 ἀντιλέγειν
840 3574 1116 3638 δύνασθαι,
1149 3575 1282 3647 μηδὲ
1317 3578 1384 3645 τῇ
1423 3574 1585 3629 αὐτοῦ
1627 3574 1788 3645 βουλῇ
1820 3574 1910 3627 ἀν-

348 3664 662 3719 θίστασθαι·
701 3665 767 3719 δι’
802 3666 830 3718 δ
872 3665 1049 3735 λέγειν
1078 3667 1239 3719 αὑτὸν
1273 3668 1594 3732 καὶνποιείν,
1618 3666 1711 3719 ἆτε
1754 3665 1909 3737 μόνον

344 3755 599 3831 δυνατὸν,
650 3757 717 3809 τὰ
758 3756 963 3810 πάνταο
997 3757 1059 3809 τὸ
1086 3756 1225 3828 γὰρ,
1283 3758 1376 3823 Τίς
1407 3757 1604 3827 ὅμοιός
1650 3773 1784 3822 σοι;
1818 3759 1910 3811 καὶ

345 3845 580 3899 ἐνταῦθα
608 3846 711 3900 οὐκ
746 3847 837 3899 ἐπὶ
870 3846 962 3899 τοῦ
995 3848 1240 3914 σπανίου,
1282 3848 1394 3902 ἀλλ’
1438 3850 1529 3902 ἐπὶ
1564 3850 1655 3903 τοῦ
1689 3850 1911 3921 μηδενὸς

346 3936 730 4007 παρείληπται.
765 3937 967 3992 Οὐδένα
991 3938 1121 4015 γοῦν
1149 3941 1330 4012 ὅμοιον
1364 3937 1503 3995 εἷναί
1538 3958 1667 4011 φησι
1699 3942 1776 4013 τῷ
1813 3960 1909 3995 κυ-

348 4026 771 4100 ριολογουμένῳ,
795 4031 1276 4102 ἀντιπαραϐάλλων
1305 4033 1453 4102 αὐτῷ
1496 4033 1621 4096 τοὺς
1658 4033 1910 4105 ἀνωτέρω

346 4117 666 4188 εἰρημένους
703 4120 851 4184 υἱοὺς
891 4120 1057 4174 Θεοῦ..
1078 4122 1189 4191 Τῆς
1226 4122 1335 4193 γὰρ
1373 4122 1543 4191 αὐτῆς
1580 4123 1758 4193 ἔχεται
1799 4124 1911 4176 δια-

346 4207 494 4271 νοίας
520 4209 588 4263 τὰ
616 4210 857 4281 παρόντα
883 4212 978 4264 καὶ
996 4196 1066 4263 τά
1090 4204 1350 4282 πρότερα,
1374 4212 1431 4264 ὲν
1453 4206 1532 4275 οἷς
1562 4213 1769 4284 εἴρητο·
1793 4214 1912 4267 Ὅτι

320 4308 323 4317 ‘
346 4295 514 4362 εις-ὲν
525 4297 1169 4365 νεφέλαις-ισωθήσεται
1180 4297 1259 4364 τῷ
1270 4300 1487 4367 Κυρίῳ,
1497 4302 1913 4368 ὁμοιωθήσεται

345 4386 427 4452 υῷ
454 4388 647 4456 Κυρίῳ
670 4388 740 4440 ἐν
762 4386 911 4453 υἱοῖς
940 4387 1119 4452 Θεοῦ;
1151 4390 1245 4443 καὶ
1268 4380 1362 4443 νῦν
1393 4391 1438 4443 δ’
1467 4386 1579 4455 οὖν,
1609 4394 1699 4458 Τις
1716 4392 1913 4460 ὅμοιός

343 4490 474 4543 σοι;
490 4495 561 4549 φη
569 4478 672 4542 σίν,
683 4478 765 4531 ὅτι
778 4477 996 4542 δυνατὸς
1013 4476 1084 4542 εἴ,
1101 4480 1193 4532 καίι
1207 4482 1239 4540 ἡ
1256 4480 1478 4551 ἀλήθεια
1487 4482 1592 4537 τῶν
1607 4478 1775 4552 λόγων
1797 4502 1910 4550 σου,

342 4568 406 4622 αϊ
428 4585 488 4621 τε
506 4568 822 4640 ἐπαγγελίαι
845 4586 936 4623 σου
962 4570 1089 4642 περὶ
1105 4570 1165 4624 σὲ
1188 4573 1281 4627 καὶ
1301 4573 1449 4644 παρὰ
1470 4575 1552 4627 σοὶ
1568 4575 1912 4646 τυγχάνουσι.

2014 2111 2068 2165 in
2099 2110 2165 2165 iis
2193 2110 2284 2180 qui
2325 2110 2585 2165 deitatem
2636 2111 2840 2180 stipant
2886 2119 3069 2172 tuam,
3123 2110 3251 2178 qui,
3280 2119 3570 2179 conspecta

2013 2202 2399 2271 promissorum
2422 2210 2637 2253 tuorum
2668 2200 2919 2263 veritate,
2944 2199 3153 2255 debitas
3183 2216 3303 2254 cum
3334 2201 3555 2255 admira-

2013 2292 2159 2345 tione
2212 2290 2432 2345 deitatis
2490 2299 2598 2344 tua:
2650 2291 2947 2360 gratiarum
2998 2290 3244 2346 actiones
3299 2291 3550 2344 emittunt

2012 2382 2189 2449 Quare
2214 2382 2377 2450 paulo
2405 2389 2563 2435 antea
2592 2381 2837 2436 dicebam
2865 2398 2879 2435 :
2911 2378 3311 2449 Conﬁtebuntur
3336 2380 3447 2435 sculi
3478 2381 3547 2433 mi

2011 2472 2203 2551 rabilia
2230 2481 2319 2525 tua
2336 2512 2351 2538 ,
2373 2482 2421 2526 et
2448 2474 2714 2527 veritatem
2742 2484 2885 2531 tuam
2910 2473 2964 2525 in
2990 2471 3225 2527 Ecclesia
3250 2482 3570 2527 sanctorum.

2076 2674 2243 2731 Vens.
2283 2675 2447 2729 9—H.
2486 2675 2708 2729 Domine
2738 2674 2877 2729 Deus
2908 2675 3180 2737 virtutum,
3225 2674 3342 2743 quis
3382 2672 3571 2727 similis

2011 2765 2102 2819 tibi
2128 2768 2153 2820 ?
2181 2764 2372 2821 Potens
2409 2781 2485 2827 es,
2516 2764 2769 2827 Domine,
2801 2772 2851 2817 et
2893 2764 3083 2817 ueritas
3129 2772 3219 2814 tua
3254 2764 3309 2816 in
3352 2763 3570 2815 circuitu

2014 2866 2121 2911 tuo.
2179 2856 2257 2911 Tu
2304 2856 2597 2909 dominaris
2627 2855 2875 2922 potestati
2908 2854 3105 2916 maris,
3152 2860 3348 2906 motum
3396 2862 3568 2905 autem

2008 2949 2261 3015 ﬂuctuum
2287 2948 2400 3016 ejus
2418 2956 2474 2999 tu
2496 2946 2727 3015 mitigas.
2752 2944 2830 2997 Tu
2860 2944 3151 2996 bumiliasti
3177 2944 3309 2995 sicut
3328 2943 3559 2995 vulnera-

2012 3049 2121 3093 tum
2158 3038 2471 3105 superbum,
2518 3037 2571 3090 in
2614 3035 2826 3088 brachio
2875 3036 3082 3087 virtutis
3129 3044 3231 3087 tua:
3272 3031 3569 3098 dispersisti

2010 3130 2248 3182 inimicos
2281 3108 2420 3182 tuos.
2470 3126 2528 3180 In
2571 3127 2658 3181 his
2698 3140 2913 3196 quoque
2944 3125 3147 3178 nullam
3181 3122 3443 3177 factarum
3477 3136 3569 3175 re-

2009 3235 2127 3273 rum
2158 3219 2389 3285 similem
2436 3217 2577 3272 Filio
2614 3217 2742 3281 Dei,
2774 3219 2866 3286 qui
2911 3216 3052 3269 Deus
3097 3216 3442 3286 praedicatur,
3474 3214 3569 3267 ad-

2011 3309 2218 3373 mittit;
2254 3308 2432 3377 ipsum
2482 3323 2714 3377 namque
2759 3318 2811 3363 ct
2858 3315 3127 3377 potentem
3174 3313 3229 3360 et
3270 3305 3567 3376 potentium

2010 3396 2176 3452 Deum
2204 3412 2267 3452 ac
2292 3398 2547 3451 virtutum
2581 3398 2859 3451 dominum
2892 3397 3057 3461 dicit,
3087 3397 3159 3450 ita
3194 3404 3253 3449 ut
3281 3410 3440 3450 nemo
3466 3394 3567 3465 ipsi

2009 3503 2310 3559 repugnare
2332 3528 2345 3553 ,
2380 3504 2557 3557 neque
2585 3488 2705 3557 ejus
2735 3487 3004 3541 voluntati
3036 3485 3408 3541 contradicere
3438 3500 3567 3553 pos-

2011 3581 2081 3636 sit
2104 3598 2131 3633 :-
2153 3594 2352 3650 quare,
2383 3586 2571 3649 utpote
2596 3579 2747 3633 solus
2772 3586 2998 3648 potens,
3028 3575 3208 3653 omnia
3241 3575 3375 3629 dicit
3405 3581 3459 3627 et
3489 3573 3569 3627 fa-

2009 3672 2083 3725 cit
2112 3690 2126 3739 ;
2160 3671 2293 3725 illud
2326 3672 2471 3726 enim
2496 3710 2510 3736 ,
2545 3670 2677 3736 Quis
2706 3656 2896 3724 similis
2926 3668 3068 3723 tibi?
3098 3681 3204 3720 non
3233 3678 3387 3719 raros
3414 3679 3564 3727 esse,

2009 3762 2103 3817 sed
2132 3762 2341 3816 nullum
2368 3775 2489 3818 esse
2517 3761 2779 3816 declarat.
2811 3759 3090 3814 Neminem
3122 3758 3305 3827 itaque
3334 3755 3569 3810 similem

2010 3869 2132 3908 esse
2162 3855 2237 3906 ait
2266 3854 2381 3920 illi,
2413 3854 2507 3923 qui
2533 3851 2799 3906 Dominus
2842 3850 3187 3921 praedicatur,
3232 3862 3354 3901 cum
3392 3845 3565 3901 eidem

2011 3943 2133 3997 llos
2177 3948 2490 4010 comparat,
2531 3938 2622 4010 qui
2668 3941 2919 4009 superius
2962 3938 3055 3991 ﬁlii
3102 3935 3197 3990 Dei
3243 3935 3373 3988 dicti
3415 3938 3561 3988 sunt.

2010 4034 2133 4089 Haec
2161 4032 2303 4089 enim
2335 4033 2510 4099 eidem
2541 4032 2749 4085 haerent
2776 4028 3093 4091 sententias,
3127 4027 3214 4080 cui
3248 4026 3435 4081 isthzc
3468 4041 3564 4080 su-

2010 4125 2193 4196 perius
2214 4124 2407 4177 dicta:
2455 4121 2719 4186 Quoniam
2758 4120 2873 4189 quis
2918 4121 2973 4171 in
3014 4112 3567 4193 nubibusazq'uabitur

2010 4214 2286 4268 Domino?
2331 4210 2521 4266 similis
2570 4211 2668 4263 erit
2715 4209 2939 4264 Domino
2984 4208 3038 4261 in
3086 4206 3214 4276 filiis
3241 4205 3383 4261 Dei?
3410 4203 3564 4259 Nunc

2012 4292 2171 4369 item,
2205 4304 2334 4370 Quis
2368 4302 2555 4356 similis
2582 4300 2717 4356 tibi?
2745 4302 2842 4365 ait,
2882 4298 3009 4369 quia
3052 4308 3241 4367 potens
3264 4312 3359 4360 es,
3392 4304 3445 4350 et
3471 4309 3565 4349 ve-

2018 4398 2152 4452 ritas
2210 4409 2521 4450 sermonum
2572 4399 2830 4457 tuorum,
2891 4389 3157 4460 promissa
3203 4401 3419 4457 quoque
3470 4394 3563 4439 tua

1968 4490 1975 4497 ⁸
2012 4491 2157 4546 circa
2206 4498 2260 4544 te
2305 4496 2359 4543 et
2404 4501 2573 4558 penes
2601 4493 2653 4539 te
2678 4494 2826 4541 sunt.
2858 4483 3032 4553 Penes
3064 4491 3113 4535 te
3140 4481 3336 4550 quippe
3364 4484 3479 4541 est,
3508 4486 3587 4533 et-

2012 4598 2177 4653 penes
2200 4597 2294 4637 eos
2324 4583 2416 4650 qui
2458 4589 2513 4635 te
2552 4578 2909 4640 circumdant,
2949 4575 3149 4629 veritas
3195 4582 3324 4627 tua:
3356 4585 3480 4625 nam
3513 4570 3563 4625 si

345 4661 503 4731 Παρὰ
518 4662 601 4715 σοὶ
624 4662 897 4732 rapiam,
916 4662 1173 4735 καὶ,παρὰ
1198 4666 1310 4728 τοῖς
1328 4664 1580 4719 κυκλοῦσί
1603 4683 1685 4732 σε,
1718 4668 1749 4738 ἡ
1780 4667 1913 4738 ἀλή-
1944 4686 1990 4745 ι)
2014 4691 2085 4744 qu

1826 4668 1913 4738 “1'
1944 4686 1990 4745 ι)
2014 4675 2107 4744 qui
2150 4674 2395 4745 proxime
2433 4682 2488 4726 te
2545 4679 2601 4725 es
2646 4671 2700 4749 in
2742 4667 2973 4721 circuitu
3009 4674 3100 4718 tuo
3132 4668 3294 4725 sunt,
3324 4660 3401 4714 illi
3432 4658 3566 4715 sane

343 4749 467 4803 θειά
488 4767 581 4804 σου
601 4769 617 4784 ο
642 4753 693 4805 εἰ
735 4752 842 4822 γάρ
872 4754 1015 4818 τινές
1049 4771 1143 4807 σου
1171 4755 1396 4827 πλησίον
1418 4759 1512 4811 καὶ
1529 4757 1710 4829 κύκλῳ
1734 4776 1911 4830 περιε-
1934 4828 1939 4835 ¹

344 4838 547 4906 σῖτῶτες
577 4839 707 4924 εῐεν,
728 4837 872 4897 οὗτοι
905 4838 1056 4897 αὐτοὶ
1078 4846 1175 4916 τὴν
1197 4846 1452 4919 ἀλήθειάν
1473 4866 1565 4902 σου
1612 4849 1911 4918 γινώσκου-

343 4946 448 4984 σιν.
464 4931 653 5005 Ἡμεῖς
670 4934 725 4987 δὲ
743 4934 803 4986 οἱα
823 4934 915 4986 ἐπὶ
934 4935 1057 5006 γῆς,
1073 4935 1165 4993 ἔτι»
1182 4940 1398 5010 μακράν
1418 4957 1510 4994 σου
1536 4944 1907 5012 τυγχάνοντες,

348 5021 458 5087 τὰς
498 5024 904 5097 μεγαλουργίας.
952 5043 1044 5080 σου
1105 5028 1213 5082 ἀπὺ
1273 5016 1385 5084 τῶν
1432 5032 1571 5086 κατὰ
1636 5021 1913 5087 θάλασσαν’

342 5114 750 5185 ἐνεργουμένων
802 5116 905 5170 ὑπὸ
947 5118 1046 5190 τῆς
1093 5120 1192 5191 σῆς
1252 5120 1507 5192 προνοίας
1559 5116 1913 5193 θεωροῦντες,

342 5207 731 5279 ὁμολογοῦμεν,
760 5211 842 5264 ὅτι
888 5211 1108 5277 δυνατὸς
1126 5209 1202 5277 si,
1231 5213 1326 5268 καὶ
1359 5216 1393 5285 ἠ
1421 5213 1647 5284 ἀλήθειά
1678 5232 1769 5269 σου
1810 5218 1908 5271 κύ-
1936 5228 1937 5231 ‘

343 5299 457 5370 κλῳ
484 5315 598 5353 σου.
621 5300 733 5371 Τῆς
749 5318 817 5357 τε
839 5302 947 5373 γὰρ
976 5302 1251 5376 θαλάσσης
1278 5305 1374 5358 καὶ
1400 5304 1495 5357 τοῦ
1520 5304 1773 5359 τοσούτου
1798 5308 1906 5361 τῶν

344 5391 552 5446 ὑδὰων
585 5390 779 5455 κύτους
811 5392 876 5444 σὺ
1120 5394 1418 5460 δεσπόζεις,
1462 5380 1556 5457 καὶ
1609 5396 1702 5449 τὸν
1747 5397 1905 5451 σάλον

351 5481 454 5537 σῶν
481 5480 741 5552 κυμάτων
767 5481 935 5561 αὐτῆς
974 5485 1040 5537 σὺ
1081 5487 1240 5555 μόνος
1284 5488 1712 5559 καταπραΰνεις,
1748 5474 1904 5559 περι-

343 5575 461 5639 an;
484 5574 623 5646 αὐτῇ
654 5572 875 5643 κλεῖθρα
913 5576 1007 5628 καὶ
1036 5577 1225 5641 πύλας,
1268 5579 1361 5631 καὶ
1403 5580 1523 5649 ὅρια
1569 5578 1707 5650 αὐτῇ
1737 5579 1908 5650 πηξά-

343 5684 527 5738 μενος,
565 5665 643 5730 ὡς
684 5665 751 5719 ἂν
797 5665 872 5734 μὴ
918 5665 1205 5737 ύπερδᾶσα
1252 5669 1606 5724 κατακλύσειε
1656 5670 1755 5740 τὴν
1802 5671 1908 5726 τῶν

343 5758 644 5831 ἀνθρώπων
671 5755 1008 5826 οἰκουμένην.
1045 5758 1108 5811 '0
1122 5757 1185 5828 δὴ
1217 5760 1307 5815 καὶ
1346 5760 1476 5817 αὐτὸ
1498 5759 1556 5815 ἓν
1579 5777 1632 5814 τι
1654 5760 1910 5832 τυγχάνει

421 5913 463 5938 ν’
502 5908 661 5968 Rsal-
682 5925 876 5976 um,
908 5910 960 5967 1.

1998 4765 2297 4827 veritatem
2345 4764 2558 4817 norunt.
2590 4766 2760 4812 tuam.
2793 4756 2901 4811 Nos
2930 4761 3105 4809 autem
3134 4753 3225 4823 qui
3253 4753 3307 4806 in
3333 4759 3480 4805 terra
3510 4756 3564 4804 et

2014 4855 2192 4910 adhuc
2221 4852 2407 4924 procul
2439 4859 2493 4904 te
2522 4861 2822 4909 versamur,
2854 4860 2919 4899 ex
2948 4844 3017 4899 iis
3049 4857 3169 4911 qua;
3198 4841 3313 4897 sive
3339 4842 3394 4895 in
3419 4848 3563 4893 terra

2014 4947 2127 5001 sive
2153 4947 2208 4999 in
2238 4942 2371 4996 mari
2399 4955 2429 4993 a
2456 4938 2796 5010 providentia
2823 4943 2913 4989 tua
2938 4944 3223 5005 geruntur,
3250 4945 3441 5001 magna
3470 4939 3561 4983 tua

2012 5035 2222 5107 opiﬁcis
2253 5030 2708 5101 contemplantes,
2752 5027 3070 5081 conﬁtemur
3097 5034 3149 5079 te
3176 5016 3473 5093 potentem,
3508 5029 3563 5075 et

2006 5126 2285 5180 veritatem
2317 5129 2465 5174 tuam
2497 5121 2552 5175 in
2584 5119 2817 5173 circuitu
2843 5128 2936 5172 tuo
2963 5132 3104 5171 esse.
3136 5113 3267 5168 Nam
3311 5120 3374 5176 _tu
3414 5110 3563 5165 solus

2007 5214 2145 5269 mari
2172 5220 2228 5268 et
2254 5219 2418 5266 tanta:
2450 5224 2712 5282 aquarum
2738 5206 3058 5279 plenitudini
3083 5200 3381 5258 dominaris
3403 5238 3418 5264 ,
3443 5215 3563 5254 mo-

2006 5314 2117 5360 tum
2149 5304 2409 5358 ﬂuctuum
2440 5304 2558 5373 ejus
2580 5315 2722 5356 unus
2751 5299 2967 5371 mitigas
2988 5335 3003 5359 ,
3042 5293 3254 5364 ipsique
3282 5291 3519 5345 claustra
3544 5328 3562 5353 ,

2010 5402 2195 5467 portas
2223 5402 2277 5449 et
2301 5395 2566 5448 terminos
2601 5390 2766 5444 ﬁxisti
2791 5429 2804 5451 ,
2840 5403 2908 5442 ne
2938 5392 3384 5455 pmtergressum
3416 5380 3544 5448 pela-

2004 5503 2105 5558 gus
2133 5484 2359 5540 inundet
2384 5484 2591 5539 orbem.
2616 5481 2772 5549 Quod
2799 5494 2932 5534 sane
2961 5477 3044 5531 vel
3069 5488 3237 5528 unum
3265 5472 3561 5525 maximum

2008 5582 2169 5636 fuerit
2211 5577 2494 5647 potestatis
2538 5585 2645 5629 tua:
2695 5577 3089 5642 argumentum.
3124 5566 3192 5618 At
3219 5564 3363 5619 enim
3410 5567 3563 5613 tanta

2010 5686 2274 5742 aquarum
2326 5668 2648 5729 commotio,
2699 5664 2798 5717 tibi
2859 5670 2917 5715 ut
2963 5660 3181 5714 domino
3222 5652 3559 5723 obsequens.

2010 5762 2137 5818 dum
2170 5770 2385 5817 tumens
2418 5760 2481 5816 in
2502 5759 2668 5813 altum
2698 5752 2966 5822 evehitur,
2994 5746 3313 5807 reformidat
3344 5754 3561 5811 tamen,
