4372 6414
908 510 932 558 1
942 508 1042 562 (18⁸³1

1561 505 1824 562 EUSEBII
1859 507 2326 565 CESARIENSIS
2362 507 2510 562 OPP.
2550 505 2730 562 PARS
2768 505 2855 562 lll.
2895 534 2965 546 —-
3001 503 3401 571 EXEGETICA.

3930 502 4070 560 1088

905 621 1034 676 etin
1060 617 1231 686 seipsa
1249 618 1488 673 terminis
1519 620 1773 674 conclusa
1787 621 1923 684 suis,
1941 622 2230 678 colliditur.
2249 622 2446 688 Quem-
2471 628 2517 684 Α
2547 620 2631 690 μέγ

2361 638 2446 676 m-
2471 628 2517 684 Α
2547 620 2793 690 μέγιστον
2818 622 2912 691 τῆς
2945 621 3041 691 σῆς
3068 621 3346 693 δυνάμεως
3371 619 3581 688 δεῖγμα.
3618 615 3704 680 Ὧς
3725 604 3831 687 γάρ
3852 617 4087 693 δεσπότῃ

907 707 1189 762 admodum
1223 714 1396 760 autem
1449 706 1646 762 ﬂuctus
1695 709 1968 777 marisque
1999 713 2439 775 comminationes

901 799 1166 866 jussutuo‘
1188 797 1494 858 refrenasti,
1512 805 1566 851 et
1594 798 1876 864 elationes,
1911 800 2145 868 impetus
2165 841 2178 862 ,
2201 803 2439 872 iramque

905 887 1020 953 ejus
1051 886 1248 940 sedasti
1279 904 1293 952 ;
1331 887 1403 938 ita
1433 897 1651 955 quoque
1674 887 1720 940 si
1750 902 1816 941 ex
1860 888 2225 945 invisibilibus
2267 892 2436 946 virtu-

906 977 1047 1030 tibus
1077 975 1319 1044 quaedam
1354 969 1701 1044 providentiae
1732 984 1837 1032 tua:
1865 980 2097 1035 consilio
2130 981 2358 1036 inimicm
2384 992 2438 1039 et

906 1066 1222 1120 adversariae
1265 1065 1496 1129 iuerint,
1524 1081 1615 1120 eas
1664 1083 1898 1138 quoque.
1930 1079 2113 1140 utpote
2153 1073 2244 1141 qui
2290 1069 2438 1129 solus

905 1141 1310 1224 potentissimus
1355 1157 1590 1209 omnium
1637 1160 1748 1220 sis,
1797 1160 2108 1229 dissipasti,
2148 1177 2439 1232 earumque

903 1247 1195 1314 principem
1228 1255 1278 1300 et
1307 1254 1631 1316 tyrannum,
1675 1260 2015 1319 arrogantem
2058 1253 2208 1306 illum
2254 1262 2307 1308 et
2347 1271 2433 1309 su-

882 1337 1121 1403 perbum
1151 1335 1445 1410 principem
1479 1337 1636 1406 hujus
1677 1341 1857 1392 saeculi
1904 1342 2099 1397 virtute
2135 1353 2224 1397 tua
2262 1345 2435 1398 humi-

898 1426 1044 1502 liasti
1095 1434 1149 1479 et
1199 1427 1536 1506 vulnerasti;
1571 1443 1886 1496 percussum
1919 1448 2110 1503 nempe
2139 1434 2436 1510 gladioqillo

896 1522 994 1569 tuo
1022 1531 1216 1585 magno
1243 1526 1297 1571 et
1322 1504 1576 1582 terribili,
1603 1529 1663 1573 ut
1694 1522 1744 1574 in
1779 1523 2058 1591 prophetia
2091 1523 2262 1578 fertur
2291 1545 2303 1579 :
2333 1507 2433 1579 In-

896 1603 1316 1677 ducetDominus
1334 1607 1564 1675 gladium
1589 1607 1835 1677 grandem
1859 1619 1907 1662 et
1929 1609 2114 1677 fortem
2136 1626 2287 1676 super
2309 1611 2435 1664 dra-

899 1673 1098 1756 conem,
1130 1673 1411 1763 serpentem
1441 1707 1730 1751 tortuosum
1752 1736 1765 1757 ,
1799 1699 2078 1767 fugientem
2103 1715 2122 1762 ,°
2161 1710 2208 1752 et
2237 1701 2433 1772 occidet

895 1782 1169 1859 draconem
1198 1785 1283 1850 qui
1313 1795 1388 1838 est
1416 1786 1468 1837 in
1499 1788 1633 1840 mari
1658 1789 1723 1838 ”.
1759 1786 1820 1839 Et
1849 1788 1976 1856 quia
2007 1788 2144 1841 alius
2173 1788 2432 1855 propheta

896 1854 1182 1927 draconem
1219 1874 1361 1926 hunc
1389 1875 1726 1928 vulneratum
1754 1876 1808 1928 in
1847 1877 1982 1930 mari
2024 1878 2215 1946 degere
2254 1879 2433 1934 docuit

2536 709 2851 766 δουλεύουσα
2885 713 2917 782 ἡ
2949 712 3180 782 τοσαύτη
3216 712 3322 764 τῶν
3360 710 3562 763 ὑδάτων
3596 709 3822 779 κίνησις,
3856 728 4086 782 κυρτου-

2541 802 2674 874 μὲνη
2713 807 2792 867 είς
2845 804 2976 873 ὕψος
3033 805 3126 856 καὶ
3175 803 3508 874 ὲπαιρομένη
3553 803 3803 878 πτήσσει,
3862 803 3954 856 καὶ
4007 806 4087 867 εἰς

2538 893 2737 964 ἑαυτὴν
2756 897 3179 965 καταράσσεται,
3211 894 3340 948 εἴσω
3377 894 3483 946 τῶν
3530 892 3740 945 οἰκείων
3768 893 3907 962 ὅρων
3953 894 4085 965 ἁπο-

2537 984 2908 1056 κεκλεισμένη.
2943 986 3148 1055 Ὥσπερ
3167 985 3221 1038 δὲ
3247 986 3314 1038 τὰ
3346 984 3565 1054 κύματα
3595 984 3687 1036 καὶ
3730 983 3827 1046 τὰς
3855 983 4084 1045 ἀπειλὰς

2535 1075 2634 1143 τῆς
2663 1074 2931 1145 θαλάσσης
2975 1077 3301 1144 ὲχαλίνωσας
3338 1075 3413 1145 τῷ
3459 1075 3534 1145 σῷ
3566 1075 3962 1145 προστάγματι,
3990 1072 4084 1126 καὶ

2536 1165 2602 1218 τὰ
2634 1165 2897 1236 ὑψώματα
2928 1167 3119 1236 αὐτῆς,
3154 1169 3250 1231 τάς
3278 1183 3337 1219 τε
3381 1165 3554 1236 όρμάς
3594 1163 3684 1217 καὶ
3717 1165 3840 1226 τοὺς
3879 1162 4082 1230 θυμοὺς

2495 1268 2497 1270 ’
2537 1257 2942 1326 κατεπράῡνας·
2983 1255 3121 1309 οὕτω
3160 1257 3216 1310 δὲ
3247 1257 3338 1310 καὶ
3377 1257 3469 1308 ἐπὶ
3505 1255 3612 1307 τῶν
3649 1254 3890 1326 ἀοράτων
3925 1251 4084 1306 δυνά-

2539 1362 2706 1415 μεων,
2723 1349 2774 1398 ετ
2793 1347 2935 1409 τινές
2962 1364 3088 1400 ποτε
3115 1342 3221 1400 εἷεν
3238 1346 3424 1417 ἐχθραὶ
3447 1345 3539 1398 καὶ
3564 1345 3802 1398 ἐναντίαι
3824 1347 3891 1415 τῇ
3922 1341 4081 1413 βουλῇ

2533 1435 2630 1504 τῆς
2660 1437 2758 1506 σῆς
2784 1437 3034 1506 προνοίας
3054 1477 3068 1501 ,
3105 1439 3195 1491 καὶ
3220 1436 3440 1499 ταύτας,
3471 1436 3563 1489 ἅτε
3597 1436 3754 1506 μόνος
3801 1435 3895 1488 καὶ
3943 1435 4084 1503 ὑπὲρ

2504 1574 2508 1578 .
2529 1528 2737 1590 ,πάντας
2763 1527 2836 1580 ὢν
2863 1523 3247 1590 δυνατώτατος,
3264 1525 3662 1597 διεσκόρπισας,
3678 1525 3768 1577 τόν
3794 1541 3851 1578 τε
3881 1523 4083 1577 τούτων

2533 1615 2771 1685 ἄρχοντα
2819 1618 2910 1670 καὶ
2941 1617 3197 1687 τύραννον
3232 1616 3325 1669 καὶ
3376 1614 3605 1678 ἀλαζόνα
3652 1615 3774 1668 τινὰ
3817 1614 3944 1669 ὅντα
3988 1614 4085 1666 καὶ

2533 1707 2869 1778 ὑπερήφανον
2897 1746 2912 1771 ,
2964 1710 3194 1780 ἄρχοντα
3249 1707 3339 1761 τοῦ
3385 1706 3577 1769 αίῶνος
3627 1705 3814 1759 τούτου
3838 1745 3854 1770 ,
3895 1706 3958 1756 σὺ
4011 1708 4079 1774 τῇ

2533 1799 2723 1850 σαυτοῦ
2753 1798 2974 1869 δυνάμει
3006 1796 3389 1862 ὲταπείνωσας,
3414 1799 3507 1850 καὶ
3538 1797 3877 1867 τραυματίαν
3899 1795 4083 1865 εἰργά-

2531 1905 2624 1950 σω,
2655 1890 2894 1952 πατάξας
2926 1891 3082 1943 αὐτὸν
3108 1893 3173 1960 τῇ
3192 1888 3430 1959 ῥομφαίᾳ
3454 1890 3518 1957 τῇ
3543 1887 3748 1957 μεγάλῃ
3773 1886 3864 1938 καὶ
3892 1887 3957 1954 τῇ
3988 1901 4085 1953 φο·-

894 1961 980 2016 liis
1009 1963 1185 2017 verbis
1207 2001 1224 2025 ,
1260 1963 1373 2016 Hoc
1400 1981 1542 2017 mare
1576 1981 1816 2034 magnum
1857 1975 1906 2018 et
1952 1968 2278 2034 spatiosum",
2323 1969 2430 2023 illis
2460 1964 2502 2018 B
2529 1979 2620 2048 δερ

2353 1969 2430 2023 llis
2460 1964 2502 2018 B
2529 1979 2684 2049 ϐερᾷ,
2718 1977 3022 2042 ἀκολούθως
3052 1982 3116 2050 τῇ
3152 1978 3430 2049 φασκούσῃ
3454 1977 3758 2049 προφητείᾳ
3783 1993 3796 2006 ·
3843 1975 4079 2039 Ἐπάξει

895 2051 1103 2118 reptilia
1130 2069 1346 2121 quorum
1380 2069 1479 2106 non
1508 2063 1584 2108 est
1611 2071 1874 2109 numerus.
1926 2055 2098 2109 Draco
2145 2058 2243 2111 iste
2286 2075 2433 2127 quem

895 2141 1137 2208 formasti
1180 2143 1246 2195 ad
1278 2143 1598 2197 illudendum
1636 2147 1686 2198 ei
1721 2146 1788 2177 ¹³⁶
1815 2161 1830 2208 ;
1857 2146 2190 2209 consideres
2235 2148 2389 2203 velim
2415 2187 2430 2213 ,

895 2248 1028 2285 num
1093 2219 1223 2286 illud
1264 2236 1460 2302 .ipsum
1522 2249 1669 2289 mare
1724 2251 1961 2304 praesens
2013 2252 2192 2292 sermo
2248 2239 2434 2294 subin-

893 2321 1037 2374 dicet
1093 2321 1221 2375 dum
1282 2325 1400 2376 ait:
1457 2323 1533 2376 Tu
1593 2324 1882 2378 dominaris
1932 2328 2179 2393 potestati
2228 2330 2430 2392 mar-is,

895 2421 1090 2464 motum
1141 2422 1311 2464 autem
1354 2413 1604 2480 [luctuum
1661 2414 1772 2482 ejus
1800 2426 1854 2470 tu
1889 2418 2140 2486 mitigas:
2169 2418 2259 2474 his
2290 2420 2430 2473 enim

895 2495 1164 2548 subnectit
1197 2495 1348 2558 illud,
1391 2497 1467 2550 Tu
1497 2497 1789 2553 humiliasti
1822 2502 1956 2553 sicut
1984 2504 2307 2558 uulneratum
2341 2499 2430 2560 sit-

2531 2069 2741 2135 Κύριος
2762 2069 2874 2137 τὴν
2888 2072 3189 2138 ῥομφαίαν
3213 2069 3326 2138 τὴν
3351 2068 3619 2139 μεγάλην
3645 2068 3742 2122 καὶ
3770 2066 3884 2135 τὴν
3910 2070 4081 2136 ισχυ-

2523 2160 2640 2226 ρὰν
2664 2160 2760 2213 ἐπὶ
2792 2160 2898 2213 τὸν
2927 2160 3237 2229 δράκοντα,
3281 2160 3418 2228 ὄφιν
3465 2160 3570 2213 τὸν
3609 2159 3859 2213 σκολιόν
3884 2198 3899 2221 ,
3935 2157 4078 2228 φεύ-

2531 2264 2739 2316 γοντα*
2780 2249 2880 2302 καί
2925 2250 3132 2304 ἀνελεῖ
3161 2249 3265 2303 τὸν
3299 2249 3595 2316 δράκοντα
3628 2249 3734 2302 τὸν
3770 2249 3839 2301 ἐν
3868 2246 3942 2316 τῇ
3973 2251 4080 2301 θα-

2528 2338 2753 2405 λάσσῃ.
2802 2339 2908 2391 Καὶ
2957 2339 3247 2411 ἐπειδήπερ
3279 2339 3433 2402 ἀλλος
3475 2340 3753 2410 προφήτης
3795 2339 3884 2392 τὸν
3915 2354 4080 2409 τραυ-

2533 2430 2726 2498 ματίαν
2754 2429 2937 2482 τοῦτον
2967 2429 3230 2500 δράκοντα
3267 2430 3359 2481 ἐπὶ
3386 2429 3484 2498 τῆς
3509 2428 3779 2499 θαλάσσης
3812 2428 4076 2481 ποιεῖσθαι

2527 2520 2628 2582 τὰς
2672 2519 2946 2592 διατριϐὰς
2977 2519 3197 2586 ἐδίδαξε,
3231 2522 3436 2590 φήσαςο
3470 2519 3627 2587 Αὕτη
3654 2520 3692 2584 ἠ
3724 2518 4004 2575 θάλασσα
4036 2524 4075 2590 ἡ

889 2584 1098 2649 perbum
1122 2601 1140 2637 :
1171 2585 1226 2638 in
1252 2586 1460 2663 brachio
1502 2591 1705 2644 virtutis
1755 2600 1857 2645 tua:
1884 2593 2431 2661 dispersistiinimisos
2523 2625 2615 2677 p.51

2352 2615 2431 2652 σοι
2523 2608 2752 2677 μεγάλη
2895 2584 3255 2678 εὐρύχωρος.⁷
3274 2584 3422 2663 ’ἐκεῖ
3436 2584 3650 2678 ἑρπετά
3669 2604 3755 2663 ὧν
3776 2613 3884 2664 οὐκ
3908 2584 4078 2665 ἐστιν

896 2686 1029 2729 mos.
1060 2673 1191 2729 Nam
1214 2677 1659 2735 adversariarum.
1680 2690 2024 2751 potestatum,
2047 2686 2345 2743 daemonum
2379 2699 2434 2745 et

894 2762 1177 2829 spirituum
1209 2765 1563 2835 malignorum
1589 2769 1788 2833 locum,
1816 2787 1962 2827 mare
1995 2774 2206 2828 videtur
2226 2792 2432 2830 nuncu—

891 2870 1040 2924 pare.
1075 2855 1250 2922 Quare
1277 2859 1345 2915 iis
1395 2878 1516 2931 qua
1563 2864 1629 2918 de
1661 2867 1795 2918 mari
1831 2867 2069 2930 dixerat,
2101 2869 2337 2923 subdidit
2368 2886 2431 2928 ea

893 2959 1010 3012 quae
1041 2947 1106 3000 ad
1135 2950 1470 3004 vulneratum
1517 2961 1779 3022 spectant,
1810 2964 1863 3010 et
1916 2958 1984 3010 ad
2043 2959 2289 3015 inimicos
2320 2960 2425 3023 Dei,

895 3036 1052 3102 queis
1080 3037 1421 3095 adversarias
1471 3050 1766 3114 potestates
1821 3053 1874 3099 et
1921 3062 2105 3102 earum
2137 3049 2429 3118 principem

892 3126 1035 3178 clare
1069 3126 1291 3181 indicat.
1329 3128 1384 3180 lu
1417 3130 1522 3183 alio
1552 3129 1767 3200 quoque
1815 3135 2021 3202 psalmo
2063 3137 2262 3191 dictum
2297 3145 2378 3191 est
2412 3158 2424 3191 :

895 3213 972 3266 Tu
1009 3216 1307 3285 confregisti
1331 3221 1503 3287 capita
1534 3222 1899 3284 draconumin
1920 3226 2088 3293 aquis.
2124 3227 2201 3281 Tu
2229 3229 2428 3297 confre-

2529 2700 2783 2768 ἀριθμός.
2827 2700 3062 2767 Δράκων
3110 2697 3284 2767 οὗτος
3323 2701 3394 2754 ὃν
3442 2701 3716 2768 ἔπλασας
3781 2700 4079 2771 ἐμπαίζειν

2528 2787 2713 2852 αὐτῷ’
2736 2789 3024 2860 ἐπίστησον
3054 2792 3260 2862 μήποτε
3287 2792 3488 2862 ταύτην
3524 2792 3690 2863 αὐτὴν
3721 2793 3936 2864 ᾐνίξατο
3975 2794 4078 2862 τὴν

2529 2875 2797 2930 Θάλασσαν
2827 2879 2919 2931 καὶ
2942 2882 2970 2932 ό
3001 2879 3186 2950 παρὼν
3217 2881 3369 2949 λόγος
3404 2884 3609 2954 φήσας
3641 2883 3726 2936 Σὺ
3769 2882 4079 2950 δεσπότης

2527 2967 2631 3024 τοῦ
2662 2967 2914 3035 κράτους
2954 2967 3060 3036 τῆς
3091 2969 3426 3037 θαλάσσης,
3476 2972 3584 3025 τὸν
3623 2971 3690 3025 δὲ
3734 2973 3929 3032 σάλον
3955 2974 4079 3028 τῶν

2527 3056 2799 3126 κυμάτων
2843 3057 3030 3126 αὐτῆς
3066 3058 3145 3112 σὺ
3195 3062 3650 3128 καταπραῢνειςο
3699 3061 3909 3124 τούτοις
3941 3063 4078 3130 γοῦν

2529 3150 2724 3219 συνῆψε
2752 3151 2833 3214 τὸ,
2867 3151 3366 3220 Σὺᾌταπείνωσας
3397 3155 3475 3219 ᾡς
3502 3155 3864 3222 τραυματίαν
3892 3158 4076 3224 ὑπερ-

2524 3238 2758 3308 ήφανον
2777 3258 2789 3270 ·
2814 3242 2882 3295 ἐν
2912 3243 2991 3308 τῷ
3017 3231 3292 3313 ,ϐραχίονι
3342 3244 3446 3312 τῆς
3488 3242 3792 3312 δυνάμεώς
3836 3259 3948 3297 σου
3985 3243 4077 3296 δι-

889 3305 1012 3370 gisti
1068 3307 1238 3372 capita
1285 3307 1553 3377 draconis,
1596 3313 1786 3368 dedisti
1832 3331 1946 3367 eum
1995 3332 2172 3402 escam
2223 3321 2425 3387 populis
2452 3342 2492 3399 ε
2523 3305 2615 3383 alr:

2347 3321 2425 3373 ιιίδ
2452 3342 2492 3399 c
2523 3305 2893 3399 εέγκόρπισας
2923 3305 3328 3402 τους-ὲέθρούς
3355 3305 3487 3388 σέυ.
3511 3334 3584 3386 Τὸ
3611 3305 3716 3404 γάρ
3746 3305 3936 3404 ίωρίον
3961 3335 4073 3389 τῶν

891 3391 1224 3458 ιΕιΙιίορὶὺιικ
1242 3395 1304 3448 ³⁸.
1336 3395 1391 3448 ln
1420 3396 1521 3451 Job
1556 3399 1684 3470 item
1721 3420 1732 3454 :
1770 3401 1932 3455 Duces
1961 3395 2134 3457 autem
2150 3404 2425 3460 draconem
2459 3391 2492 3399 ν
2529 3422 2617 3473 ἀντ

2346 3425 2425 3460 ειη
2529 3422 2914 3492 ἀντικειμένων
2951 3423 3248 3493 δυνάμεων,
3277 3425 3384 3478 τῶν
3404 3442 3464 3478 τε
3508 3425 3771 3495 δαιμόνων
3815 3426 3906 3477 καὶ
3959 3425 4072 3478 τῶν

890 3481 1064 3549 hamo,
1090 3500 1246 3551 pones
1289 3487 1539 3540 circulum
1582 3491 1723 3542 circa
1775 3507 1925 3545 nares
1978 3493 2112 3561 ejus,
2137 3503 2184 3546 et
2214 3496 2425 3566 armilla

887 3570 1172 3637 perforabis
1223 3574 1415 3627 lubium
1469 3576 1599 3644 ejus.
1659 3576 1918 3646 Loquetur
1973 3593 2143 3646 autem
2179 3584 2271 3640 tibi
2309 3602 2423 3638 cum

888 3661 1262 3726 supplicatione
1316 3679 1377 3713 ac
1436 3663 1788 3730 deprecatione
1836 3669 2083 3733 molliter,
2111 3676 2428 3746 accipiesque

889 3746 1059 3815 ipsum
1116 3750 1168 3801 in
1220 3767 1419 3804 servum
1467 3756 1898 3821 sempiternum”.
1928 3758 2064 3815 Hinc
2096 3765 2419 3831 veroinl'ert,

890 3837 1006 3921 ipse
1039 3849 1208 3895 autem
1251 3852 1328 3896 est
1386 3860 1475 3898 rex
1506 3849 1732 3898 omnium
1775 3865 1888 3916 qum
1930 3851 1982 3904 in
2014 3856 2161 3921 aquis
2208 3868 2325 3910 sunt
2353 3859 2418 3912 ⁸⁸.

889 3917 1085 3976 Ibidem
1136 3936 1311 3980 autem
1361 3929 1428 3983 de
1478 3931 1594 3999 ipso
1638 3932 1874 3989 dracone
1903 3917 2099 3996 dicitur
2127 3943 2191 3996 ad
2227 3943 2329 3998 Job
2356 3961 2421 4000 ex

887 4026 1115 4080 persona
1158 4016 1363 4070 Domini
1401 4037 1414 4073 :
1449 4018 1572 4073 Non
1615 4026 1764 4079 times
1794 4028 1917 4096 quia
1944 4041 2270 4098 praeparatus
2295 4035 2422 4088 mihi

890 4102 1066 4153 est”?
1105 4105 1159 4156 ln
1211 4110 1461 4174 praesenti
1507 4113 1671 4187 etiam
1729 4115 1913 4170 eadem
1950 4117 2192 4188 apposite
2241 4125 2423 4179 memi-

887 4191 965 4243 nit
998 4189 1478 4264 Spiritusdivinus,
1511 4198 1789 4274 Unigeniti‘
1808 4204 1900 4259 Dei
1935 4223 2104 4278 usque
2129 4210 2193 4264 ad
2217 4212 2419 4266 dictum

886 4294 1033 4334 mare
1062 4283 1379 4345 descensum
1415 4286 1713 4344 declarans.
1751 4291 2038 4365 Postquam
2066 4279 2229 4369 igitur
2253 4302 2418 4359 Deum

887 4366 1035 4421 illum
1063 4385 1183 4424 esse
1206 4373 1570 4441 praedicasset,
1600 4392 1662 4432 ac
1691 4383 1923 4448 priorem
1961 4366 2110 4444 illius
2128 4389 2181 4441 in
2216 4393 2419 4446 sanctis

883 4464 1346 4518 conversationem
1392 4462 1702 4533 indicasset,
1735 4487 1795 4525 ac
1819 4475 2046 4530 dixisset
2086 4481 2299 4547 quinam
2331 4484 2420 4540 ille

886 4549 977 4612 sit,
1011 4563 1073 4604 ac
1100 4569 1220 4607 cum
1249 4555 1497 4635 qualibus
1525 4568 1577 4612 et
1603 4562 1743 4617 inter
1774 4565 1961 4633 quales
1976 4569 2220 4635 prodeat,
2240 4572 2418 4629 decla-

885 4648 968 4692 rat
996 4651 1179 4708 postca
1211 4633 1456 4700 eumdem
1498 4650 1670 4732 ipsum
1710 4633 2003 4710 memorato
2034 4660 2167 4713 mari
2193 4663 2419 4732 impera-

883 4735 1088 4793 turum,
1124 4735 1460 4812 vulneratum
1485 4736 1632 4793 illum
1673 4743 1726 4795 in
1767 4746 1901 4798 mari
1931 4745 2210 4817 degentem
2245 4745 2420 4809 humi-

881 4815 1157 4882 liaturum,
1187 4833 1478 4894 omnesqu‘e
1514 4829 1761 4884 inimicos
1789 4849 1916 4896 suos
1966 4815 2025 4891 in’
2066 4839 2286 4896 brachio
2309 4847 2420 4900 vir-

883 4909 1014 4960 tutis
1044 4926 1153 4964 sua:
1175 4911 1557 4983 dissipaturum
1589 4933 1729 4975 esse.
1766 4921 1888 4976 Haec
1921 4941 2082 4993 porro
2112 4937 2416 4990 necessario

885 4996 1016 5050 dicit
1049 5019 1062 5052 :
1099 5016 1220 5053 nam
1269 5004 1347 5056 sic
1394 5013 1548 5058 antea
1576 5009 1806 5076 locutus,
1843 5012 2032 5070 Potens
2076 5035 2150 5081 es,
2182 5021 2419 5092 Domine,

885 5095 935 5137 et
967 5090 1155 5142 veritas
1186 5092 1360 5158 tuayin
1401 5089 1629 5146 circuitu
1660 5107 1746 5150 tuo
1768 5141 1783 5164 ,
1809 5100 1918 5167 jam
1954 5103 2018 5154 ad
2052 5106 2179 5160 dicti
2222 5089 2421 5167 verita;-

2523 3514 2848 3584 πνευμάτων
2877 3516 3142 3586 πονηρῶν,
3170 3516 3439 3570 Θάλασσαν
3461 3517 3632 3569 ἔοικεν
3651 3517 3958 3571 ἀποκαλεῖν.
3976 3516 4072 3569 Διὸ

2527 3589 2620 3657 οιαὶ
2659 3607 2899 3676 ἐπήγαγε
2933 3606 3008 3677 τῷ
3033 3608 3166 3677 ’περὶ
3204 3607 3302 3677 τῆς
3337 3608 3606 3678 θαλάσσης
3645 3607 3787 3676 λόγῳ
3829 3607 3892 3660 τὰ
3941 3607 4071 3680 περὶ

2525 3696 2617 3750 τοῦ
2646 3698 2976 3768 τραυματίου
3009 3699 3100 3752 καὶ
3128 3698 3196 3752 τὰ
3234 3700 3360 3769 περὶ⁵
3385 3699 3490 3751 τῶν
3537 3698 3744 3768 ἐχθρῶν
3789 3696 3880 3750 τοῦ
3907 3697 4065 3762 Θεοῦ,

2527 3785 2779 3858 ἄντικρυς
2801 3788 2899 3850 τὰς
2923 3789 3297 3857 ἀντικειμένας
3327 3788 3579 3857 δυνάμεις
3613 3790 3705 3840 καὶ
3744 3788 3834 3840 τὸν
3863 3786 4070 3840 τούτων

2525 3877 2754 3946 ἄρχοντα
2790 3879 3051 3947 σημήνας.
3084 3879 3190 3931 Καὶ
3232 3880 3288 3931 ὲν
3311 3865 3479 3948 ἑτέρῳ
3509 3879 3565 3930 δὲ
3594 3877 3802 3948 εἴρηται
3835 3877 4031 3947 ψαλμῷ
4050 3895 4064 3909 ·

2524 3966 2608 4019 Σὺ
2632 3967 3007 4031 συνέθλασας
3040 3967 3145 4033 τὰς
3172 3969 3432 4035 κεφαλὰς
3455 3965 3571 4020 τῶν
3596 3966 3930 4033 δρακόντων
3964 3968 4064 4019 ἐπὶ

2524 4055 2627 4108 τοῦ
2658 4056 2887 4122 ὕδατος.
2933 4057 3014 4109 Σὺ
3054 4056 3434 4137 συνέθᾼασας
3478 4055 3592 4123 τὴν
3638 4053 3908 4122 κεφαλὴν
3957 4056 4065 4108 τοῦ

2523 4143 2860 4210 δράκοντος,
2889 4145 3110 4211 ἔδωκας
3134 4146 3316 4199 αὑτὸν
3352 4144 3560 4213 ,βρῶμα
3593 4144 3761 4208 ⁸λαοῖς·
3802 4143 3924 4208 τοῖς
3965 4145 4066 4196 Al-
4102 4207 4107 4211 _

2523 4234 2716 4302 θίοψι·
2768 4237 2860 4292 καὶ
2905 4238 2961 4288 ἐν
3012 4236 3088 4305 τῷ
3126 4236 3270 4288 Ἰώὸ·
3321 4235 3507 4300 Ἀξεις
3545 4235 3611 4288 δὲ
3659 4233 3949 4302 δράκοντα
3994 4229 4064 4287 ἐν

2522 4321 2831 4390 ἀγκίστρῳ,
2861 4325 3197 4391 περιθήσεις
3234 4324 3300 4377 δὲ
3325 4325 3611 4392 φορσαίαν
3637 4325 3768 4393 περὶ
3798 4325 3910 4391 τὴν
3924 4323 4064 4391 ῥῖνα

2521 4413 2732 4476 αὐτοῦ,
2759 4405 2990 4480 ψελλίῳ
3039 4414 3105 4466 δὲ
3145 4414 3463 4482 τρυπήσεις
3501 4414 3566 4467 τὸ
3606 4415 3805 4482 χεῖλος
3853 4415 4061 4468 αὐτοῦ.

2521 4501 2784 4568 Λαλήσει
2833 4502 2899 4554 δέ
2935 4520 3032 4556 σοι
3068 4502 3267 4568 δεήσει
3317 4505 3414 4557 καί
3461 4505 3718 4570 ἱκετηρία
3758 4502 4060 4571 μαλακῶς.

2520 4591 2688 4659 λήψῃ
2730 4591 2798 4643 δὲ
2845 4591 3029 4645 αὐτὸν
3077 4593 3299 4647 δοῦλον
3342 4593 3611 4646 αὶώνιον..
3652 4593 3760 4646 Καὶ
3802 4593 3929 4662 ἑξῆς
3965 4595 4064 4646 ἐπ’

2444 4679 2492 4735 D
2518 4678 2669 4746 άγει·
2719 4681 2901 4745 Αὐτὸς
2952 4679 3018 4733 δέ
3048 4682 3176 4733 ἐστι
3212 4673 3514 4745 βασιλεὺς(
3537 4681 3773 4761 πάντων
3832 4682 3950 4734 τῶν
3988 4682 4063 4736 ἐν

2521 4764 2642 4832 τοῖς
2683 4766 2879 4821 ﬁdam:
2906 4769 3059 4820 Κατὰ
3081 4769 3138 4821 τὸ
3165 4770 3292 4822 αὐτὸ
3324 4769 3533 4841 εἴρηται
3581 4771 3708 4841 περὶ
3755 4770 3848 4823 τοῦ
3893 4771 4066 4825 αὑτοῦ

2518 4853 2802 4923 δράκοντος
2830 4858 2894 4909 ὲκ
2920 4859 3205 4927 προσώπου
3248 4859 3341 4913 τοῦ
3374 4861 3571 4931 Κυρίου
3601 4862 3734 4932 πρὸς
3773 4861 3862 4914 τὸν
3887 4861 4022 4915 ’Ὶώσ
4039 4879 4064 4894 ο

2522 4947 2600 4999 Οὐ
2630 4945 2925 5013 δέδοικας.
2977 4949 3062 5002 ὅτι
3101 4952 3449 5019 ἡτοίμασται
3485 4969 3584 5020 μοι
3623 4952 3694 5005 τὰ
3737 4951 3921 5020 χοῦν;
3962 4953 4067 5006 καὶ

2515 5034 2601 5087 διὰ
2621 5037 2728 5089 τῶν
2751 5040 3116 5108 προκειμένων
3139 5041 3444 5125 ἀναγκαίως
3468 5041 3667 5094 τούτων
3691 5044 4060 5121 ἐμνημόνευσε

2516 5124 2574 5176 τὸ
2600 5125 2739 5179 θεῖον
2771 5128 3011 5198 Πνεῦμα,
3042 5129 3286 5183 διδάσκον
3323 5128 3414 5180 τοῦ
3439 5124 3776 5198 Μονογενοῦς
3801 5132 3892 5186 τοῦ
3917 5134 4055 5188 Θεοῦ

891 5183 994 5227 tem
1048 5180 1518 5249 comprobandam,
1557 5184 1670 5252 ipsa
1725 5203 1780 5242 re
1826 5189 2046 5272 denotat
2078 5211 2181 5264 qua
2213 5205 2420 5261 ratione
2515 5213 2597 5282 τὴχ

871 5264 1143 5290 τιμή-ω,
1569 5283 1581 5290 ,
1615 5275 1662 5290 ..
1928 5283 1939 5290 .
2066 5285 2098 5290 -

2339 5221 2420 5261 me
2515 5213 2608 5282 τὴν
2635 5215 2790 5286 μέχρι
2820 5180 3554 5287 τῆςιδηλιιῆείσηςθαλάσσης
3569 5180 4065 5290 discidia};

891 5264 1146 5338 Dominus
1179 5279 1367 5336 potens
1394 5273 1496 5336 sit,
1530 5283 1587 5329 ut
1613 5275 1738 5330 hinc
1771 5264 2034 5347 promissa
2066 5285 2108 5338 D

885 5371 1010 5408 vera
1048 5372 1168 5410 esse
1196 5359 1449 5416 declaret.

2111 5291 2248 5345 avidi
2279 5293 2417 5349 facta
2512 5299 2741 5372 λογήσας
2756 5303 2882 5371 γοῦν
2915 5305 3200 5370 αὐτὸν,καὶ
3227 5305 3322 5374 τὴν
3349 5305 3563 5377 πρώτην
3596 5308 3758 5362 αὑτοῦ
3775 5310 4061 5380 διατριϐὴν

2511 5389 2608 5458 τήν
2629 5391 2685 5443 ὲν
2707 5393 2817 5454 τοῖς
2842 5393 3012 5461 ἁγίοις
3039 5394 3225 5455 εἰπὼν,
3243 5394 3326 5457 τίς
3351 5395 3410 5446 τὲ
3446 5397 3580 5459 ἐστι,
3606 5401 3697 5452 καὶ
3727 5399 4060 5468 μεθ’όποίων

884 5447 976 5498 καί
994 5449 1056 5558 5V:
1067 5449 1237 5558 ποίοις
1259 5453 1493 5558 fidem“
1512 5458 1551 5520 ’ν
1575 5454 1697 5558 ἑξῆς
1717 5461 1807 5512 καὶ
1831 5463 2171 5558 παρίστησιν,
2188 5471 2266 5526 ὅτι
2287 5474 2349 5545 δὴ
2367 5476 2522 5539 αὐτὸς
2542 5447 2742 5545 ἐκεῖνος
2764 5447 2856 5536 καὶ
2869 5447 2965 5554 τῆς
2984 5447 3322 5553 δηλωθείσης⁷
3335 5485 3461 5554 ἡμῖν

885 5549 975 5587 και
1007 5539 1093 5588 τὸν
1133 5539 1190 5591 ἐν
1222 5539 1351 5610 αὐτῇ
1377 5547 1708 5614 τραυματίαν
1738 5553 2089 5621 ταπεινώσει,
2118 5563 2211 5614 καὶ
2252 5566 2308 5617 ὲν
2338 5539 2349 5545 ⁷
2373 5567 2447 5621 τῷ

990 5627 1288 5694 πρόσεστιν.

947 5715 1139 5803 'Lljsa.‘
1167 5736 1343 5803 χχχιιι,
1504 5726 1568 5756 ²⁵⁶
1608 5726 1747 5803 Psal.
1782 5747 1876 5788 cm
1899 5776 1913 5803 ,
1948 5738 2049 5803 25,
2082 5743 2177 5801 26.

879 5782 924 5816 "
959 5783 1087 5838 ibid.
1119 5787 1140 5838 i
1167 5827 1182 5853 ,
1224 5782 1442 5857 Vulgata
1473 5810 1612 5848 secus
1639 5782 1808 5852 habet:

2278 5751 2322 5781 "
2357 5748 2498 5806 Psal.
2535 5769 2723 5821 uxm,
2761 5757 2843 5810 Η.

2487 5568 2725 5641 βραχίονι
2785 5566 2894 5626 τοῦ
2927 5575 3156 5643 κράτους
3200 5573 3376 5627 αὑτοῦ
3416 5575 3619 5640 πάντας
3656 5578 3780 5639 τοὺς
3829 5574 4053 5644 ἐχθροὺς.

2968 5758 3008 5788 ³’
3053 5755 3145 5812 loli
3179 5772 3278 5822 ιι,
3313 5751 3496 5810 20-25.
3597 5752 3643 5785 ³³
3676 5749 3776 5806 Job
3807 5769 3889 5806 xu
3912 5793 3926 5818 ,
3957 5755 4048 5812 25,
