4372 6414
262 493 285 548 4
297 496 397 550 089

1401 503 1893 562 COMMENTARIA
1931 507 1994 562 ΙΝ
2033 508 2364 574 PSALMQS.

3303 527 3438 582 £090

257 611 419 664 αὐτοῦ
463 611 850 683 διασκορπίσει.
901 615 1059 681 Λέγει
1118 616 1172 668 δὲ
1234 617 1401 671 ταῦτα
1457 620 1790 687 ἀναγκαίως·
1832 625 2099 694 προειπὼν
2130 627 2255 697 γάρ,
2303 629 2556 696 Δυνατὸς
2601 632 2673 698 εἴ,
2707 635 2899 702 Κύριε,
2968 612 3065 692 καί
3107 639 3145 706 ἠ
3195 640 3437 707 ἁλήθειὰ

253 714 368 753 σου
414 702 612 767 κύκλῳ
667 718 811 765 σου,
859 704 1176 774 παρίστησιν
1224 708 1404 770 αὐτοῖς
1455 708 1630 778 ἔργοις
1681 711 1795 773 πῶς
1834 712 2062 784 ὑπάρχει
2087 716 2358 778 δυνατὸςό
2385 717 2589 788 ¹Κύριος
2611 722 2689 782 είς
2718 722 2972 776 πίστωσιν
3042 702 3142 795 τῆς
3189 702 3438 798 ἀληθείας

253 791 416 845 αὐτοῦ
441 831 455 854 ,
502 792 639 862 ὑπὲρ
685 793 776 844 τοῦ
815 793 911 855 τάς
957 796 1282 862 ἐπαγγελίας
1326 798 1458 867 πρὸς
1505 801 1595 852 τὸν
1638 802 1795 854 Δαυῒδ
1830 805 2195 876 γεγενημένας
2218 808 2434 877 ἀληθεῖς
2458 811 2744 876 ἀποδεῖξαι.

324 886 425 936 Σοί
471 888 627 936 εἰσιν
652 885 921 951 οὐρανοὶ,
971 889 1063 940 καὶ
1097 887 1178 954 σή
1229 892 1397 944 ἐστιν
1448 895 1486 960 ἠ
1539 895 1638 962 τῆ.
1683 897 1795 962 τὴν
1823 909 1872 964 Α
1971 897 2050 952 Vs:

1708 897 1795 962 ’ὴν
1823 909 1872 964 Α
1971 895 2130 954 Vsus.
2163 901 2252 966 12,
2277 903 2360 956 15.
2383 903 2481 957 Tui
2504 914 2623 958 sunt
2652 905 2764 959 caeli
2785 917 2836 960 et
2855 919 2945 960 tua
2973 918 3050 962 est
3083 921 3242 974 terra,
3263 915 3434 968 orbem

251 974 608 1042 οἰκουμένην
646 975 740 1026 καὶ
787 975 847 1027 τὸ
905 976 1189 1044 πλήρωμα
1233 979 1420 1048 αὐτῆς
1464 982 1544 1035 σὺ
1599 985 1794 1054 ἀθεμε-

249 1066 517 1130 λίωσας,
575 1067 676 1118 τὸν
735 1066 963 1134 ,βορῤᾶν
1032 1071 1125 1121 καί
1183 1069 1295 1137 τὴν
1342 1073 1660 1130 θάλασσαν
1715 1079 1794 1132 σὺ

254 1154 520 1220 ἔκτισας.
551 1156 744 1224 Θασὼρ
780 1159 876 1209 καὶ
919 1159 1133 1226 Ἑρμῶν
1176 1161 1245 1213 ἐν
1271 1161 1348 1226 τῷ
1395 1164 1634 1233 ὀνόματί
1681 1160 1794 1223 σου

255 1247 734 1314 ἀταλλιάσσνται.
763 1247 823 1299 Ἢ
844 1247 1041 1301 διάνοια
1063 1249 1168 1301 τῶν
1189 1254 1553 1322 προκειμένων
1575 1259 1792 1329 τοιαύτη

250 1339 335 1400 τίς
367 1341 500 1390 ἐστι·
539 1338 832 1408 Πεποίησαι
869 1339 984 1407 μὲν,
1020 1334 1063 1392 ὦ
1103 1340 1268 1410 Κύριε
1292 1381 1305 1405 ,
1339 1343 1470 1412 πρὸς
1503 1347 1592 1399 τὸν
1639 1350 1794 1402 Δαυῖδ

252 1429 581 1497 ἐπαγγελίας
605 1431 728 1500 περὶ
769 1429 861 1482 τοῦ
895 1432 1201 1502 σπέρματος
1240 1435 1402 1488 αὐτοῦ
1452 1437 1544 1488 καὶ
1588 1434 1681 1490 τοῦ
1714 1441 1793 1501 είς

248 1517 420 1570 αίῶνα
446 1517 813 1587 διαρκέσοντος
847 1520 1033 1590 θρόνου
1077 1521 1268 1575 αὐτοῦ’
1301 1526 1392 1577 καὶ
1431 1527 1630 1589 ταύτας
1648 1526 1792 1598 ώμο-

252 1623 352 1668 σας
379 1605 454 1676 τῷ
480 1605 639 1660 Δαυῒδ
658 1607 1005 1663 ἐπιτελέσειν.
1035 1609 1286 1682 Ὁρῶμεν
1321 1613 1376 1666 δὲ
1408 1617 1566 1685 ἡμεῖς
1597 1618 1644 1668 οί
1696 1618 1789 1671 άν-

249 1695 454 1766 θρωποι
485 1696 556 1766 μὴ
592 1697 966 1767 πληρουμένας
989 1700 1174 1764 αὑτὰς,
1207 1702 1326 1755 ὅσον
1349 1704 1439 1756 ἐπὶ
1465 1708 1574 1768 τοῖς
1606 1706 1792 1777 αἰσθη-

245 1782 359 1848 τοῖς
385 1787 476 1838 καὶ
517 1788 840 1856 ὁρωμένοις·
875 1789 952 1840 διό
997 1807 1196 1859 φαμεν,
1223 1793 1347 1846 Ποῦ
1381 1796 1498 1847 εισι
1538 1796 1612 1848 τὰ
1651 1796 1789 1864 ἐλέη

245 1892 363 1930 σου
389 1875 461 1929 τὰ
500 1874 733 1944 ἀρχαῖα,
767 1881 938 1946 Κύριε
951 1897 970 1943 ;
1018 1881 1154 1952 πλὴν
1187 1880 1319 1937 ἀλλά
1349 1886 1684 1956 πεπείσμεθα
1733 1904 1790 1940 σε

246 1967 308 2031 ἐξ
339 1967 570 2030 ἅπαντος
609 1969 919 2038 ἀληθεύειν,
947 1973 1027 2025 ὅτι
1063 1973 1316 2040 δυνατὸς
1341 1972 1413 2039 ετ,
1453 1978 1546 2030 καὶ
1578 1979 1616 2044 ἠ
1647 1979 1792 2045 ἀλή-

246 2059 373 2112 θειά
397 2073 512 2113 σου
535 2061 730 2124 κύκλῳ
753 2077 884 2114 σου.
907 2063 1014 2114 Καὶ
1043 2065 1315 2136 μάρτυρές
1333 2083 1394 2133 γε
1420 2068 1516 2138 τῆς
1538 2069 1792 2140 ἀληθείας

229 2166 344 2203 που
377 2151 571 2214 πάντες
600 2154 649 2204 ol
684 2153 808 2222 περὶ
848 2153 934 2204 σέο
977 2156 1032 2206 αἱ
1079 2156 1206 2222 γοῦν
1252 2158 1486 2227 οὐράνιοι
1538 2157 1790 2231 δυνάμεις

239 2238 785 2309 ἐξομολογήσονται
807 2244 876 2295 τὰ
899 2245 1194 2312 θαυμάσιά
1214 2261 1348 2313 σου,
1378 2251 1474 2303 καὶ
1509 2251 1621 2318 τὴν
1647 2253 1792 2321 ἀλή-
1821 2243 1861 2295 Β

244 2329 412 2384 eam
455 2347 569 2384 σου
613 2331 681 2384 ἐν
731 2333 1047 2400 Ἐκκλησία
1096 2337 1294 2390 ὁσίων.
1330 2340 1438 2392 Καὶ
1467 2342 1686 2405 εἰκότως
1734 2344 1789 2394 αἱ

242 2421 482 2491 οὐράνιοι
504 2421 757 2493 δυνάμεις
778 2423 873 2493 τὴν
899 2423 1148 2496 ἀλήθειάν
1170 2443 1260 2480 σου
1297 2427 1786 2502 ὲξομολογήσονται,

242 2511 430 2582 ἐπειδὴ
455 2514 511 2566 ὲν
537 2513 612 2582 τῷ
646 2513 856 2584 οὐρανῷ
884 2515 1323 2588 ἑτοιμασθήσεται
1347 2523 1378 2589 ἡ
1417 2521 1638 2590 ἀλήθειά
1662 2540 1752 2574 σου
1771 2540 1784 2552 ·

241 2604 321 2666 ὡς
356 2606 548 2675 μηκέτι
597 2606 702 2658 δεῖν
733 2607 830 2668 τὰς
873 2607 1198 2674 ἐπαγγελίας
1231 2625 1342 2671 σου,
1376 2608 1471 2672 τὰς
1513 2611 1645 2679 πρὸς
1699 2611 1787 2664 τὸν

240 2693 424 2753 Δαυῖδ.
456 2695 723 2762 ἐπιγείους
754 2692 888 2749 εἶναι
932 2698 1024 2748 καὶ
1065 2698 1375 2767 σωματικὰς
1419 2701 1678 2768 νομίζειν·
1730 2704 1787 2754 ὲν

240 2785 352 2856 γὰρ
377 2785 454 2855 τῷ
485 2785 694 2856 οὐρανῷ
721 2786 1208 2858 ἑτοιμασθήσεταιή
1236 2789 1459 2859 ἀλήθειά
1479 2808 1590 2844 σου.
1609 2792 1790 2848 Ταῦτα

239 2875 299 2928 δὲ
325 2877 416 2929 καὶ⁹
457 2875 615 2938 αὐτὸς
673 2878 736 2927 ἐκ
777 2876 870 2928 τοῦ
913 2877 1067 2944 ἁγίου
1115 2879 1423 2948 Πνεύματος
1460 2882 1787 2953 μεμαθηκώς

241 2983 412 3038 φημι·
455 2967 530 3020 Τὰ
581 2966 718 3034 eun
767 2983 881 3020 σου
927 2970 1012 3032 είς
1056 2968 1160 3020 τὸν
1189 2968 1371 3023 αιῶνη
1415 2970 1648 3040 ᾄσομαι.
1687 2978 1789 3042 Είς

240 3057 454 3126 γενεὰν
498 3057 595 3110 καὶ
625 3058 833 3126 γενεὰν
880 3056 1190 3125 ἀπαγγελῶ
1216 3052 1339 3126 τὴν
1364 3060 1645 3128 ἀλήθειάν
1673 3081 1787 3118 σου

238 3150 312 3201 ἐν
339 3148 417 3214 τῷ
445 3149 691 3216 στόματί
707 3165 845 3217 μου.
884 3147 1184 3217 Ἀληθεύειν
1212 3148 1268 3202 δέ
1301 3166 1359 3202 σε
1383 3149 1512 3203 Θεὸν
1548 3151 1673 3205 ὄντα
1695 3156 1787 3207 καὶ

241 3241 444 3312 Κύριον
471 3240 577 3293 τῶν
611 3241 745 3293 ὅλων
778 3239 1062 3291 πεπεῖσθαι
1087 3240 1211 3309 χρὴ,
1232 3239 1316 3292 διὰ
1341 3239 1403 3291 τὸ
1429 3241 1625 3310 μηδένα
1654 3238 1786 3296 εἶναι

238 3334 422 3404 ὅμοιον
463 3337 528 3404 τῇ
560 3335 624 3404 σῇ
658 3332 914 3400 δυνάμειο
951 3334 1041 3384 καὶ
1072 3333 1177 3404 γὰρ
1214 3335 1305 3385 καὶ
1343 3327 1787 3405 τῶνίάσωμάτων

240 3425 336 3477 καὶ
365 3423 520 3476 θείων
549 3423 824 3492 δυνάμεων
855 3423 1056 3495 Κύριος
1092 3419 1161 3486 εἷ,
1189 3425 1280 3477 καὶ
1309 3424 1528 3498 δυνατὸς
1556 3423 1604 3479 si
1632 3428 1786 3498 μόνος

240 3515 334 3592 καὶ
359 3513 495 3584 ὑπὲρ
525 3514 749 3576 πάντας,
783 3513 856 3576 ὡς
889 3515 986 3584 τὴν
1032 3515 1284 3585 ἀλήθειάν
1316 3533 1408 3570 σου
1451 3519 1782 3575 πιστοῦσθαι.
1813 3557 1854 3612 C

239 3605 304 3656 Εί
329 3603 384 3656 δὲ
414 3603 507 3655 καὶ
537 3601 648 3655 ἐστι
674 3620 756 3665 τις
776 3604 832 3654 ὲν
857 3607 968 3667 τοῖς
989 3601 1138 3658 οὖσιν
1164 3607 1520 3678 ὑπερήφανος,
1545 3613 1573 3663 ό
1595 3611 1786 3665 καλοῦ-

245 3710 402 3765 μενος
427 3693 665 3756 διάϐολος
701 3695 1068 3765 ἀντικείμενος
1089 3698 1196 3758 ἀεὶ,
1227 3699 1320 3751 καὶ
1349 3699 1595 3769 πολεμῶν
1622 3705 1687 3772 τῇ
1721 3708 1784 3775 σῇ

241 3785 486 3856 ἀληθείᾳ,
539 3784 672 3839 ἀλλά
718 3785 781 3838 σὺ
827 3785 1009 3840 τοῦτον
1065 3787 1452 3853 ὲταπείνωσας·
1495 3790 1602 3844 εῐτε
1646 3795 1787 3858 τινές

241 3877 375 3930 είσιν
405 3875 541 3947 ὑπὲρ
573 3876 756 3931 τοῦτον
789 3877 977 3948 ἐχθραὶ
1010 3880 1102 3931 καὶ
1125 3879 1490 3950 ἀντικείμεναι
1514 3879 1784 3951 δυνάμεις,

239 3967 379 4021 ἀλλά
410 3968 502 4020 καὶ
529 3967 727 4032 ταύτας
754 3969 1152 4041 διεσκόρπισας.
1187 3971 1420 4024 Πάντοτε
1462 3971 1524 4024 σὺ
1550 3975 1781 4042 κρατεῖς,

238 4061 459 4132 καὶτῆς
509 4062 617 4115 τῶν
641 4062 775 4116 ὅλων
823 4064 1007 4128 οὐσίας
1053 4065 1115 4118 σὺ
1167 4063 1480 4131 δεσπόζεις,
1532 4065 1650 4118 ἐπεὶ
1692 4068 1785 4120 καὶ

238 4151 465 4222 ποιητὴς
504 4153 611 4205 τῶν
648 4153 782 4206 ὅλων
814 4155 1117 4224 τυγχάνεις.
1152 4155 1297 4227 Αὕτη
1343 4155 1450 4228 γάρ
1484 4157 1516 4226 ἡ
1547 4155 1783 4212 θάλασσα

237 4242 421 4295 καὶτὸ
461 4243 708 4296 τοσοῦτον
736 4243 835 4313 τῆς
885 4245 1054 4314 ὑγρᾶς
1096 4246 1280 4311 οὐσίας
1327 4250 1582 4317 στοιχεῖον
1628 4247 1783 4318 ἔργον

238 4332 472 4403 ὒπάρχει
503 4333 610 4397 σὸν,
645 4335 735 4386 καὶ
767 4333 826 4386 σὲ
866 4335 1050 4405 κύριον
1089 4336 1465 4407 ἐπιγράφεται.
1512 4338 1574 4391 Ei
1601 4338 1656 4390 δὲ
1693 4338 1784 4390 καὶ

235 4423 453 4498 οὐρανοί
501 4442 642 4487 τινες
673 4424 926 4497 ἀνώτεροι
965 4426 1060 4480 τοῦ
1104 4427 1474 4500 στερεώματος
1522 4428 1780 4492 νοοῦνται,

238 4516 396 4571 θείων
423 4516 742 4588 πνευμάτων
775 4517 868 4570 καὶ
906 4515 1185 4589 δυνάμεων
1214 4503 1420 4589 ἀγίων,
1461 4518 1566 4572 τῶν
1596 4536 1651 4571 τε
1686 4520 1784 4589 τὴν

239 4607 337 4682 σὴν
372 4607 596 4678 θεότητα
641 4607 1070 4680 περιπολούντων
1103 4610 1344 4678 ἀγγέλων
1378 4611 1468 4664 καὶ
1511 4609 1782 4680 ἀρχαγγέ-

235 4698 344 4752 λων
373 4700 685 4770 οἰκητήρια,
731 4700 824 4754 καὶ
865 4692 1009 4769 οὗτοι
1041 4702 1122 4754 σοί
1160 4704 1296 4757 εἰσιν
1346 4701 1462 4771 άμα
1499 4703 1631 4754 πᾶσι
1673 4703 1783 4765 τοῖς

236 4789 473 4842 οἰκοῦσιν
503 4791 702 4854 αὐτοῖς.
738 4792 846 4845 Καὶ
884 4791 1010 4846 ἄλλο
1050 4793 1106 4846 δὲ
1138 4796 1391 4863 στοιχεῖον
1434 4793 1492 4845 οὐ
1531 4792 1719 4865 μικρὸν
1748 4795 1781 4864 ἡ

1896 1002 2048 1046 ειη-ω
2076 1003 2126 1046 et
2155 996 2524 1061 plenitudinem
2552 998 2662 1065 ejus
2697 1007 2750 1051 tu
2782 1001 3037 1067 fundasti,
3071 1007 3360 1073 aquilonem
3385 1019 3435 1062 et

1893 1099 2034 1137 mare
2047 1093 2103 1136 tu
2116 1085 2535 1141 creasti.Thabor
2548 1099 2595 1140 et
2614 1089 2840 1144 Hermon
2857 1093 2909 1143 in
2927 1095 3128 1147 nomine
3159 1105 3244 1149 luo
3260 1101 3436 1151 exsul-

1895 1173 2094 1229 tabunt.
2117 1174 2317 1229 Horum
2344 1178 2467 1232 talis
2501 1181 2761 1233 sententia
2805 1189 2884 1235 est
2909 1201 2922 1236 :
2955 1182 3163 1249 Davidi,
3188 1185 3431 1252 Domine,

1892 1265 2170 1334 promissa.
2186 1265 2382 1320 dedisti
2407 1267 2472 1321 de
2501 1270 2704 1324 semine
2737 1270 2877 1337 ejus,
2898 1285 2961 1324 ac
2990 1273 3056 1326 de
3086 1275 3287 1328 throno
3316 1278 3433 1345 ejus

1893 1370 2062 1424 usque
2101 1356 2155 1409 in
2183 1364 2446 1411 aeternum
2473 1357 2734 1410 duraturo
2756 1350 2778 1411 ἐ
2809 1368 2967 1428 atque
3001 1363 3100 1430 ipsi
3131 1361 3313 1416 Davidi
3343 1365 3432 1432 ju-

1891 1446 2025 1499 rasti
2055 1453 2108 1499 te
2132 1461 2195 1499 ea
2236 1447 2599 1516 perfecturum
2640 1464 2780 1503 esse.
2828 1449 2937 1506 Nos
2977 1459 3152 1507 autem
3186 1453 3431 1509 homines

1889 1534 2131 1590 videmus
2158 1531 2271 1590 haec
2312 1551 2417 1590 non
2450 1547 2710 1608 quantum
2755 1539 2821 1593 ad
2844 1554 2906 1593 ea
2937 1556 3054 1609 qua:
3085 1542 3186 1596 sub
3215 1557 3428 1599 sensum

1889 1633 1940 1678 et
1989 1635 2261 1692 aspectum
2294 1627 2497 1680 cadunt
2556 1625 2764 1696 impleri
2799 1649 2810 1682 :
2839 1645 3004 1698 quare
3050 1632 3298 1697 dicimus,
3334 1632 3430 1688 Ubi

1889 1724 2010 1767 sunt
2031 1717 2402 1770 misericordiae
2432 1726 2533 1770 tua:
2565 1719 2812 1784 antiquis,
2833 1719 3086 1776 Domine?
3114 1736 3431 1792 persuasum
3516 1709 3521 1716 I

1861 1813 2068 1859 .tamen
2120 1807 2382 1866 habemus
2436 1815 2489 1862 te
2545 1823 2766 1878 prorsus
2822 1828 3063 1866 veracem
3121 1829 3259 1880 esse,
3306 1819 3431 1884 quia

1890 1904 2064 1963 potens
2092 1913 2144 1949 es
2178 1906 2227 1950 et
2252 1899 2442 1950 ueritas
2466 1906 2555 1951 tua
2583 1900 2635 1950 in
2661 1901 2880 1953 circuitu
2909 1911 3016 1955 tuo.
3051 1901 3238 1960 Tenes
3268 1921 3432 1975 porro

1891 1983 2133 2038 veritatis
2172 1993 2278 2038 tua:
2312 1994 2439 2040 sunt
2485 1995 2748 2056 quotquot
2793 1991 2938 2042 circa
2973 1998 3027 2044 te
3074 1993 3379 2046 consistunt
3411 2010 3427 2048 :

1891 2090 2014 2128 nam
2066 2076 2314 2131 caelestes
2361 2078 2590 2133 virtutes
2619 2079 2994 2148 conﬁtebuntur
3023 2082 3285 2135 mirabilia
3316 2094 3428 2152 tua,

1888 2175 1938 2219 et
1965 2167 2229 2221 ueritatem
2281 2177 2423 2220 tuam
2461 2169 2517 2222 in
2566 2169 2799 2225 Ecclesia
2844 2182 3160 2227 sanctorum.
3192 2173 3256 2226 Et
3300 2190 3431 2230 sane

1886 2258 2006 2325 jure
2039 2258 2288 2315 caelestes
2327 2259 2430 2314 illae
2456 2261 2681 2316 virtutes
2707 2250 3168 2332 veritatemtuam
3204 2266 3428 2320 conﬁte—

1889 2347 2108 2411 buntur,
2138 2353 2269 2418 quia
2299 2350 2352 2403 in
2389 2349 2528 2405 coelo
2561 2353 2948 2422 przeparabitur
2970 2355 3168 2409 veritas
3198 2363 3287 2408 tua
3307 2347 3429 2418 {ita
3467 2403 3470 2405 Α

1888 2446 1947 2490 ut
1983 2439 2247 2506 promissa
2280 2447 2371 2494 tua
2399 2441 2463 2496 ad
2494 2441 2748 2496 Davidem
2779 2441 2942 2508 facta,
2973 2459 3079 2497 non
3115 2445 3297 2512 utique
3319 2453 3430 2498 ter-

1888 2540 2014 2580 rena
2042 2536 2094 2581 et
2125 2543 2384 2598 corporea
2417 2531 2664 2585 habenda
2701 2532 2808 2587 sint
2835 2551 2848 2585 :
2877 2549 3000 2586 nam
3045 2533 3098 2587 in
3131 2533 3271 2587 ctelo
3294 2547 3430 2602 prae-

1886 2618 2164 2685 parabitur
2199 2621 2400 2675 veritas
2428 2629 2540 2675 tua.
2577 2621 2702 2678 Haec
2735 2638 2863 2677 vero
2900 2639 2928 2677 a
2977 2622 3183 2692 Spiritu
3242 2631 3428 2679 sancto

1885 2709 2108 2761 edoctus
2138 2708 2261 2763 dico
2292 2730 2304 2764 :
2332 2709 2721 2766 Misericordia:
2747 2716 2864 2766 tua;
2894 2713 2946 2765 in
2972 2723 3218 2767 (sternunt
3247 2722 3428 2767 canta-

1890 2795 1967 2849 bo.
2001 2794 2065 2848 In
2093 2798 2476 2866 generationem
2503 2808 2551 2851 et
2581 2800 2963 2868 generationem
2995 2800 3312 2852 annuntiabo
3341 2817 3427 2854 vc—

1888 2886 2092 2938 ritatem
2134 2895 2275 2939 tuam
2309 2888 2360 2939 in
2393 2904 2479 2942 ore
2510 2905 2642 2942 meo.
2674 2887 2748 2942 Te
2773 2903 2959 2958 porro,
2985 2897 3166 2958 utpote
3184 2889 3348 2944 Deum
3374 2899 3428 2945 et

1889 2974 2174 3029 Dominum
2211 2980 2610 3042 universorum,
2633 2993 2877 3033 veracem
2899 2981 3118 3035 credere
3153 2984 3422 3048 convenit,

1890 3067 2013 3136 quia
2049 3067 2230 3122 nullus
2259 3078 2342 3122 est
2387 3069 2482 3122 tibi
2518 3069 2716 3124 virtute
2765 3069 2998 3124 similis:
3033 3072 3293 3140 siquidem
3341 3073 3427 3128 in-

1888 3172 2270 3229 corporearum
2314 3169 2366 3215 et
2404 3146 2706 3220 divinarum
2756 3162 3012 3217 virtutum
3056 3148 3312 3221 Dominus
3341 3183 3421 3232 es,

1888 3248 2143 3318 solusque
2169 3262 2233 3302 ac
2276 3265 2439 3320 super
2479 3257 2665 3306 omnes
2697 3261 2898 3321 potens,
2922 3268 3002 3316 es,
3029 3254 3102 3308 ita
3137 3265 3194 3309 ut
3225 3253 3423 3310 verita-

1889 3348 1991 3391 tem
2022 3347 2168 3420 tuam
2203 3341 2514 3396 credibilem
2568 3341 2745 3398 facere
2793 3347 2988 3413 possis.
3023 3344 3176 3411 Quod
3215 3347 3260 3401 si
3306 3347 3426 3417 quis

1889 3427 1938 3481 in
1973 3434 2148 3494 rerum
2183 3439 2375 3485 natura
2412 3433 2675 3502 superbus
2696 3435 2939 3497 exsistat,
2965 3451 3154 3505 nempe
3180 3435 3426 3493 diabolus

1887 3518 1980 3572 tibi
2026 3509 2237 3586 semper
2287 3519 2648 3583 adversarius,
2680 3536 2743 3575 ac
2788 3523 3064 3575 veritatem
3110 3538 3429 3595 qoppugnans

1889 3617 2066 3661 tuam:
2101 3615 2158 3662 tu
2200 3624 2330 3664 sane
2373 3611 2515 3665 hunc
2551 3611 2840 3665 buiniliazti
2877 3629 2889 3664 :
2920 3612 2963 3666 si
2999 3614 3132 3665 vero
3169 3613 3293 3666 huic
3329 3629 3420 3670 su-

1888 3701 2123 3768 periores
2158 3701 2401 3770 quedam
2447 3704 2676 3757 inimica:
2715 3711 2770 3757 et
2803 3702 3042 3757 adversae
3077 3703 3172 3756 tibi
3197 3688 3428 3760 virtutes

1886 3789 2012 3850 sint,
2045 3805 2138 3846 eas
2178 3787 2394 3862 quoque
2424 3792 2718 3864 dissipasti.
2741 3781 2829 3848 ’τυ
2861 3793 3057 3869 ubique
3079 3793 3330 3862 imperas,
3371 3802 3426 3848 et

1887 3879 2261 3935 universorum
2298 3883 2615 3937 substantia
2641 3883 2956 3944 dominaris,
2991 3881 3116 3950 quia
3150 3882 3424 3936 universo-

1883 3981 2001 4019 rum
2033 3952 2210 4036 cpite:
2238 3986 2320 4025 es.
2359 3970 2538 4040 Ipsum
2567 3973 2763 4041 quippe
2786 3986 2951 4034 mare,
2977 3958 3422 4040 tantumque-bu-

1883 4059 2038 4112 midae
2076 4059 2392 4114 substantiae
2417 4061 2786 4128 elementum,
2823 4069 2973 4121 tuum
3004 4070 3087 4129 est
3123 4062 3418 4131 opiﬁcium,

1883 4156 2041 4218 teque
2068 4151 2344 4205 dominum
2371 4152 2591 4207 ascribit
2613 4168 2790 4208 suum.
2812 4152 2951 4220 Quid
2972 4154 3019 4210 si
3050 4155 3172 4209 caeli
3202 4152 3420 4224 quidam

1882 4240 1999 4308 ipso
2029 4239 2366 4296 ﬁrmamento
2389 4242 2693 4312 superiores
2736 4243 3060 4314 Cogitentur,
3099 4246 3189 4314 qui
3217 4243 3422 4303 scilicet

1881 4331 2184 4385 divinorum
2215 4333 2524 4402 spirituum,
2550 4343 2857 4391 sanctarum
2892 4337 3171 4400 virtutum,
3205 4336 3420 4406 angelo-

1881 4429 1999 4476 rum
2029 4429 2084 4477 et
2102 4423 2544 4494 archangelorum
2582 4425 2836 4480 deitatem
2883 4434 3031 4480 tuam
3084 4426 3419 4495 stipantium,

1881 4509 2148 4566 domicilia
2165 4513 2305 4580 sint;
2337 4514 2392 4568 lii
2417 4530 2634 4585 quoque
2657 4530 2779 4569 cum
2808 4516 3059 4571 omnibus
3089 4515 3281 4570 incolis
3305 4514 3422 4569 suis

1881 4603 1960 4657 tui
2016 4613 2163 4660 sunt.
2213 4605 2372 4661 Aliud
2401 4607 2564 4661 etiam
2593 4614 2597 4617 '
2627 4607 2948 4662 elementum
3000 4605 3418 4676 non'exiguum,

1880 4695 2031 4750 arida
2067 4712 2258 4766 nempe
2290 4697 2592 4764 substantia
2613 4703 2666 4751 et
2686 4705 2828 4751 terra
2859 4695 3012 4750 cmlis
3043 4695 3304 4765 subjecta,
3329 4703 3421 4749 tua

1881 4789 2005 4844 item
2037 4796 2141 4844 est.
2165 4787 2300 4843 Cum
2329 4789 2508 4858 itaque
2545 4785 2725 4842 omnia
2766 4795 2855 4840 tuo
2890 4788 3047 4841 nutui
3087 4775 3424 4852 serviant,..et

242 4878 378 4947 ἔτιρά
399 4882 572 4944 οὐσία.
605 4883 752 4954 καὶὴ
795 4885 905 4946 τοῖς
945 4884 1191 4955 οὐρανοῖς
1223 4883 1552 4952 ὑποκειμένη
1590 4884 1680 4953 γῆ,
1716 4886 1780 4955 σή
1813 4882 1857 4936 D
1885 4889 1968 4934 tui

1716 4886 1780 4955 σή
1813 4882 1857 4936 D
1885 4889 1941 4934 tn
1962 4879 2211 4934 omnibus
2235 4880 2485 4949 imperes,
2527 4887 2713 4948 utpote
2741 4878 2984 4933 omnium
3021 4879 3290 4942 dominus,
3325 4894 3420 4933 rex

240 4970 352 5023 ἐστι
384 4973 477 5026 καὶ
512 4973 671 5046 αὕτη.
693 4974 815 5027 ὐτε
846 4975 1023 5027 τοίνυν
1064 4975 1132 5028 τά
1177 4974 1460 5045 σύμπαντα
1506 4978 1616 5038 τοῖς
1669 4978 1779 5039 σοῖς

238 5060 464 5132 νεύμασι
487 5064 742 5130 δουλεύει,
775 5067 866 5120 καὶ
899 5067 962 5119 σὺ
989 5065 1203 5119 πάντων
1237 5069 1472 5138 κρατεῖς,
1494 5064 1675 5135 κύριος
1703 5065 1778 5120 ὢν

239 5151 486 5206 ἁπάντων
520 5157 612 5210 καὶ
657 5153 906 5228 βασιλεὺς
948 5158 1042 5211 καὶ
1072 5156 1230 5222 Θεὸς,
1277 5157 1360 5220 τίς
1405 5156 1778 5227 ἀντιστήσεται

1881 4979 1933 5025 et
1962 4970 2123 5035 Deus,
2151 4971 2276 5040 quis
2312 4970 2530 5025 resistet
2565 4970 2696 5024 tibi?
2734 4968 2814 5043 .Et
2859 4969 2990 5044 quid
3041 4970 3422 5040 impedimento

1882 5061 2059 5124 fuerit,
2082 5061 2370 5131 quominus
2406 5070 2497 5115 tua
2523 5061 2695 5116 electo
2717 5069 2810 5116 tuo
2837 5061 3024 5116 Davidi
3049 5062 3171 5144 data
3193 5060 3421 5130 promis-

1883 5168 1962 5216 sa,
1994 5167 2112 5223 quae
2138 5152 2353 5222 juratus
2381 5152 2614 5216 edidisti,
2646 5153 2924 5209 credibilia
2957 5150 3307 5208 reddantur?‘

239 5259 349 5306 σοις
380 5243 452 5296 .‘H
476 5246 525 5298 τί
545 5247 605 5299 τὸ
631 5249 873 5318 ἐμποδὼν
898 5249 1046 5304 ἔσται
1066 5248 1156 5302 τοῦ
1191 5251 1263 5320 μὴ
1319 5247 1688 5304 πιστώσασθαι
1736 5234 1844 5310 ⁶τὰς
1884 5246 1980 5310 σάς
2028 5245 2160 5318 πρὸς
2189 5245 2279 5299 τὸν
2325 5247 2574 5300 ἐκλεκτόν
2625 5263 2715 5299 σου
2758 5245 2917 5299 Δαυῖδ
2958 5240 3280 5311 ἐπαγγελίας
3303 5280 3318 5303 ,
3355 5238 3419 5302 ἀς

243 5336 356 5408 μεθ’
389 5337 548 5407 ὅρκου
579 5339 713 5409 πρὸς
734 5342 892 5395 αὑτὸν
929 5345 1196 5414 ὲποιήσως

308 5429 517 5499 Σφόδρα
536 5431 711 5484 τοίνυν
732 5435 824 5486 καὶ
852 5435 1154 5500 ἀκολούθως
1175 5439 1284 5501 τοῖς
1307 5436 1610 5509 ἔμπροσθεν
1634 5439 1784 5510 είρη-

245 5521 419 5594 μένοις
449 5521 534 5575 διά
559 5523 664 5576 τῶν
696 5527 1064 5597 προκειμένων
1108 5530 1352 5600 ἐπήγαγε
1390 5531 1469 5597 τὸ,
1499 5531 1600 5585 Σοί
1629 5533 1783 5584 εἰσιν

241 5617 295 5670 οἱ
324 5612 581 5684 οὐρανοί,
615 5615 711 5668 καὶ
745 5616 827 5672 σή
861 5617 1030 5672 ἐστιν
1056 5621 1094 5687 ἠ
1123 5620 1199 5690 γῆ
1220 5638 1234 5653 ο
1279 5621 1393 5689 τὴν
1431 5619 1783 5690 almum

243 5707 337 5762 καί
369 5705 653 5776 πλήρωμα
687 5706 872 5774 αὐτῆς
902 5708 982 5761 σὺ
1005 5709 1416 5780 ἐθεμελίωσας.
1443 5710 1518 5764 Οὐ
1547 5709 1653 5781 γὰρ
1689 5709 1782 5780 μό-

241 5817 329 5852 νον
357 5800 446 5852 τὸν
492 5797 732 5870 οὐρανὸν,
758 5801 909 5870 φησὶ,
963 5800 1180 5864 καὶτὰς
1231 5803 1290 5854 ὲν
1329 5800 1475 5872 αὐτῷ
1503 5801 1772 5871 δυνάμεις,

241 5889 371 5943 ἀλλά
398 5889 489 5944 καὶ
507 5887 603 5957 τὴν
635 5888 738 5957 γῆν
769 5888 833 5942 σὺ
873 5887 1258 5958 ἐθεμελίωσαςο
1292 5891 1588 5963 συμφώνως
1623 5892 1688 5961 τῇ
1720 5892 1778 5945 ὲν

1933 5431 2247 5490 Admodum
2277 5439 2640 5504 congruenter
2662 5445 2821 5500 supra
2855 5428 3013 5483 dictis
3040 5429 3150 5497 jam
3197 5427 3418 5495 subjicit

1878 5523 2008 5579 illud
2035 5541 2047 5575 :
2079 5521 2178 5575 Tui
2210 5530 2331 5577 sunt
2383 5521 2498 5575 caeli
2539 5529 2587 5574 et
2616 5529 2709 5573 tua
2748 5527 2822 5571 est
2853 5527 2991 5570 terra
3016 5532 3034 5569 :
3065 5515 3237 5570 orbem
3266 5525 3417 5569 terrte

1876 5629 1922 5671 et
1950 5614 2320 5682 plenitudinem
2366 5615 2476 5683 ejus
2510 5622 2562 5665 tu
2612 5611 2866 5680 fundasti.
2915 5607 3033 5662 Non
3079 5607 3236 5662 modo
3272 5607 3414 5662 enim

1877 5708 2093 5770 caelum,
2141 5707 2238 5770 ait,
2267 5715 2322 5762 et
2377 5707 2604 5762 virtutes
2645 5703 2719 5756 ibi
2753 5709 3070 5764 versantes,
3111 5697 3202 5754 sed
3253 5699 3416 5754 etiam

1879 5807 2075 5856 terram
2103 5796 2340 5853 fundasti
2364 5815 2376 5852 :
2398 5796 2483 5851 cui
2508 5793 2705 5848 accinit
2733 5792 2822 5846 illa
2852 5790 3262 5845 Proverbiorum
3293 5806 3412 5845 scn-

1883 5888 2050 5946 tentia
2078 5907 2092 5946 :
2124 5887 2264 5944 Deut
2299 5887 2555 5958 sapientia
2602 5884 2838 5954 fundavit
2874 5893 3064 5939 terram
3093 5897 3110 5936 :
3146 5895 3412 5953 prepara-
