4372 6404
816 465 942 523 1091
982 478 986 482 ’

1480 456 1747 514 EUSEBII
1786 451 2262 512 CIESARIENSIS
2288 450 2436 506 OPP.
2473 447 2654 503 PARS
2687 447 2772 504 lﬂ.
2813 479 2883 490 —
2921 444 3327 502 EXEGETICA.

3899 446 4042 504 1092

813 585 882 637 vit
913 591 1087 636 autem
1111 581 1264 634 cwlos
1294 580 1349 632 in
1377 577 1659 648 prudentia
1689 578 1756 632 ³⁸.
1791 575 1892 632 Hic
1921 591 2052 631 vero
2077 575 2374 629 habitatam
2403 578 2449 634 Α
2475 587 2539 622 τα

2322 587 2374 626 m
2403 578 2449 634 Α
2475 572 2593 632 ταῖς
2634 568 2964 640 Παροιμίαις
3002 567 3234 638 λεγούσῃ
3276 567 3447 638 φωνῇ.
3500 566 3557 620 '0
3589 567 3732 633 Θεὸς
3757 566 3832 636 τῇ
3860 569 4042 637 σοφίᾳ

815 690 973 733 terra:
1024 682 1263 743 partem,
1323 669 1480 741 quasi
1547 669 1982 740 praestantiorem
2013 707 2028 732 ,
2056 665 2376 735 οἰκουμένην
2471 661 2541 714 ea

2314 681 2376 735 ην
2471 660 2836 743 ἐθεμελίωσε-
2867 658 2982 726 τὴν
3023 656 3142 726 γῆν
3166 676 3194 743 '_
3219 659 3508 727 ἡτοίμασε
3541 657 3610 710 δὲ
3645 659 3940 724 οὐρανοὺς
3976 659 4040 711 ἐν

814 767 1132 830 nominavit,
1167 764 1234 818 ad
1263 763 1560 821 discrimen
1591 763 1734 817 inter
1760 759 2031 816 desertam
2060 769 2115 813 et
2151 758 2373 811 cultam.

814 860 937 912 [mo
957 858 1115 911 etiam
1146 855 1538 925 plenitudinem
1563 853 1712 906 orbis
1738 859 1898 906 terra
1935 849 2156 918 adiecit,
2192 848 2275 907 bis
2305 847 2380 901 si-

2473 749 2782 819 ςρρονήσει.
2816 739 2955 802 Κατ’
2982 739 3256 818 ἐξαίρετον
3283 744 3340 802 δὲ
3374 748 3612 804 ἐνταῦθα
3647 750 3707 802 τὺ
3731 750 4044 821 οἰκούμενον

2479 842 2641 913 μέρος
2667 841 2766 911 τῆς
2799 842 2902 913 γῆς
2947 842 3268 912 οἰκουμένην
3308 842 3610 912 ὠνόμασεν,
3636 843 4044 907 άποδιαστείλας

815 947 1075 1019 gniﬁcaus
1126 947 1421 1000 humanum
1454 960 1648 1015 genus,
1682 941 1828 1012 quod
1868 941 2056 995 orbem
2087 947 2246 993 terrm
2273 938 2402 991 im-'
2475 933 2541 1002 τῆ

2319 945 2402 990 n-'
2475 933 2576 1002 τῆς
2634 934 2840 1004 ἐρήμου
2897 932 3122 1003 καὶτῆς
3174 932 3414 1002 οἰκητοῦ,
3484 933 3642 985 Ἀλλα
3686 933 3780 986 καί
3810 933 3871 986 τδ
3911 935 4045 1004 πλή-

819 1043 943 1111 plet.
973 1037 1157 1108 Neque
1181 1046 1364 1092 tamen
1386 1039 1629 1102 aberres,
1661 1035 1708 1088 si
1737 1034 1844 1089 alio
1872 1031 2182 1102 explicandi
2232 1044 2381 1083 more

817 1132 1007 1196 dicas,
1074 1129 1467 1199 plenitudinem
1517 1143 1640 1182 esse
1701 1125 2005 1180 Salvatoris
2057 1123 2377 1184 Ecclesium,

792 1238 979 1294 quam
1027 1225 1204 1291 ipsum
1257 1220 1353 1275 Dei
1397 1220 1633 1274 Verbum
1675 1216 1923 1272 fundavit
1956 1231 2121 1287 supra
2148 1223 2375 1286 petram.

818 1313 1158 1383 Quapropter
1223 1313 1353 1366 alibi
1395 1310 1626 1365 dictum
1676 1319 1761 1365 est
1813 1328 1825 1364 :
1888 1310 2143 1363 Dominus
2197 1324 2382 1376 regna-

818 1408 887 1460 vit
911 1446 926 1470 ,
954 1405 1187 1459 decorem
1221 1405 1434 1458 indutus
1463 1412 1560 1459 est.
1589 1402 1795 1457 Etenim
1819 1404 2047 1456 correxit
2083 1403 2256 1455 orbem
2278 1409 2380 1453 ter-

818 1514 912 1565 rte,
931 1499 1019 1566 qui
1048 1514 1149 1550 non
1175 1497 1577 1549 commovebitur
1597 1496 1658 1546 “.
1681 1492 1964 1560 Quomodo
1984 1504 2163 1548 autem
2187 1493 2380 1547 funda-

816 1591 957 1644 verit
981 1591 1163 1644 orbem
1198 1597 1356 1643 terrae
1384 1587 1575 1642 deinde
1604 1588 1814 1656 adjicit,
1837 1585 2143 1655 Aquilonem
2168 1595 2217 1639 et
2237 1603 2381 1643 mare

821 1691 877 1734 tu
901 1682 1122 1735 creasti:
1146 1681 1334 1750 quinta
1363 1695 1492 1735 vero
1520 1679 1708 1742 editio,
1734 1678 2043 1749 Aquilonem
2057 1687 2106 1732 et
2128 1689 2307 1732 notum
2325 1688 2380 1732 tu

817 1772 1030 1824 creasti.
1063 1768 1396 1840 Videturque
1428 1769 1558 1823 mihi
1589 1785 1684 1839 per
1715 1769 1824 1822 duo
1863 1769 2030 1823 latera
2060 1777 2114 1823 et
2142 1779 2381 1823 extrema

820 1863 1011 1927 orbis,
1048 1869 1221 1915 totum
1279 1861 1540 1916 mundum
1609 1860 1941 1931 signiﬁcare,
2000 1874 2160 1929 quem
2207 1859 2381 1928 reple-

2477 1041 2636 1095 ρωμα
2696 1025 2794 1093 τῆς
2833 1022 3153 1094 οἰκουμένης
3199 1024 3536 1094 προσέθηκεν
3563 1064 3577 1088 ,
3625 1023 3765 1078 οὕτω
3800 1027 4047 1096 σημήνας

2480 1116 2540 1168 τὸ
2576 1115 2682 1168 τῶν
2723 1113 3024 1186 ἀνθρώπων
3052 1115 3226 1182 γένος,
3258 1115 3365 1168 τῶν
3409 1116 3506 1188 τὴν
3550 1117 3875 1187 οἰκουμένην
3915 1116 4046 1186 πλη-

2481 1207 2732 1276 ρούντων.
2786 1207 3066 1278 Πλήρωμα
3113 1207 3168 1259 δὲ
3218 1207 3311 1260 καί
3365 1207 3538 1270 ἄλλως
3585 1209 3684 1279 τῆς
3729 1209 4051 1280 οἰκουμένης

2478 1298 2577 1350 οὐκ
2621 1298 2687 1351 ἂν
2734 1297 2996 1367 ἁμάρτοις
3028 1299 3199 1366 λέγων
3241 1298 3337 1369 τὴν
3387 1300 3480 1352 τοῦ
3515 1300 3772 1372 Σωτῆρος
3824 1300 4052 1370 Ἐκκλη-

2483 1391 2634 1454 σίαν,
2691 1389 2756 1460 ἢν
2789 1389 2948 1452 αὐτὸς
2990 1392 3018 1443 ὁ
3053 1390 3148 1443 τοῦ
3191 1390 3324 1442 Θεοῦ
3371 1392 3538 1460 Λόγος
3571 1389 3926 1463 ὲθεμελίωσεν
3959 1393 4052 1444 ὲπὶ

2479 1481 2576 1551 τὴν
2613 1481 2838 1552 πέτραν.
2895 1481 2987 1533 Διὸ
3034 1479 3130 1534 καὶ
3169 1482 3228 1533 ὲν
3278 1481 3484 1552 ἑτέροις
3527 1482 3776 1555 εἴρηταιο
3833 1481 4053 1551 Κύριος

2480 1571 2875 1627 ἐϐασίλευσεν
2893 1609 2906 1635 ,
2961 1569 3318 1638 εὐπρέπειαν
3385 1571 3726 1625 ἐνεδύσατο.
3783 1573 3894 1626 Καὶ
3946 1573 4056 1642 γὰρ

2485 1661 2833 1728 κατώρθωσε
2877 1659 2991 1728 τὴν
3031 1661 3423 1730 οἰκουμένην,
3468 1661 3596 1729 ἣτις
3638 1665 3709 1716 οὐ
3759 1659 4058 1730 σαλευθή-

2484 1766 2677 1804 σεται.
2705 1751 2829 1814 Πῶς
2855 1751 2912 1804 δὲ
2954 1749 3041 1803 έθε
3053 1751 3282 1821 μελεωσε
3311 1752 3409 1821 τὴν
3450 1754 3792 1822 οἰκουμένην,
3816 1753 4059 1823 ἐπιλέγει

2482 1839 2628 1910 ἑξῆς,
2654 1841 3002 1910 Τὸνβορῤᾶν
3013 1834 3107 1895 καί
3146 1841 3257 1909 τὴν
3272 1841 3590 1897 θάλασσαν
3602 1843 3682 1897 σὺ
3693 1845 3937 1909 ἔκτισας
3960 1847 4044 1901 αὐ

818 1954 894 2007 vit
943 1952 1238 2008 Salvatoris
1291 1953 1467 2007 nostri
1513 1919 1714 2006 virtus.
1755 1949 2177 2026 Animadvertas
2222 1962 2385 2017 porro
2413 1919 2544 2026 Βτλ

2334 1962 2385 2002 ,ο
2413 1969 2458 2026 Β
2484 1919 2575 1985 τὶι·
2596 1933 2628 2002 ἡ
2647 1932 2701 1984 δὲ
2727 1933 2952 2026 πέμπτη
2971 1930 3450 2026 ἔκδοσιςὶΒορῤᾶν
3472 1935 3569 1990 καὶ
3588 1937 3770 1989 νότον
3795 1937 3876 1990 σὺ
3909 1935 4060 1991 ἔκτι-

820 2045 1000 2110 velim,
1027 2060 1134 2113 quo
1157 2053 1314 2114 pacto
1342 2045 1429 2097 hic
1456 2057 1554 2113 pro
1579 2041 1717 2096 facie
1750 2041 1919 2095 totius
1967 2025 2177 2102 mundi,
2205 2039 2389 2093 orien-

816 2140 925 2188 tem
957 2142 1158 2203 ponat;
1201 2147 1297 2202 pro
1340 2131 1563 2186 sinistra
1592 2169 1607 2194 ,
1640 2175 1654 2199 ,Α
1670 2128 1942 2183 borealem
1999 2127 2248 2197 plagam;
2291 2140 2389 2195 pro

820 2223 1042 2290 dextera
1068 2223 1474 2280 meridionalem
1515 2228 1570 2276 et
1600 2204 1917 2275 australem.
1956 2215 2089 2271 Nam
2126 2232 2249 2272 cum
2283 2217 2386 2281 ait,

819 2316 1129 2387 Aquilonem
1169 2325 1218 2368 et
1264 2314 1451 2368 dextra
1498 2322 1553 2366 tu
1604 2311 1831 2373 creasti,
1877 2310 2145 2366 borealem
2176 2309 2389 2380 plagam

819 2409 1101 2468 sinistrum
1123 2421 1244 2460 esse
1267 2405 1414 2458 latus
1437 2403 1707 2468 declarat;
1738 2402 2006 2471 siquidem
2030 2401 2278 2454 dextrum
2305 2407 2391 2454 est

819 2501 1077 2556 australe.
1116 2497 1174 2552 Si
1216 2498 1399 2566 itaque
1449 2504 1655 2550 stantes
1691 2503 1878 2548 notum
1907 2497 1962 2547 in
1984 2491 2393 2561 dextera,aqui-

822 2593 1004 2648 lonem
1034 2592 1088 2645 in
1118 2591 1342 2645 sinistra
1392 2587 1715 2651 habeamus,
1753 2587 2038 2641 adversum
2074 2585 2390 2641 habebimus

816 2683 1108 2744 orientem,
1151 2695 1181 2734 a
1210 2688 1364 2751 tergo
1391 2687 1571 2734 autem
1598 2679 1938 2734 occidentem
1967 2697 1981 2733 :
2010 2679 2082 2732 ita
2111 2685 2171 2731 ut
2200 2692 2394 2732 secun-

814 2773 952 2828 dum
978 2771 1258 2845 physicam
1285 2771 1778 2828 considerationem
1813 2771 1928 2825 lizec
1965 2770 2111 2826 dicta
2141 2771 2285 2833 sint,
2326 2769 2393 2823 ad

815 2866 988 2922 totius
1019 2865 1208 2919 mundi
1245 2866 1571 2934 positionem
1616 2862 2023 2918 declarandam.
2081 2861 2213 2928 Quae
2263 2860 2396 2914 indi-

817 2971 948 3013 care
977 2957 1345 3012 necessarium
1379 2954 1478 3008 fuit
1518 2956 1582 3008 ad
1612 2953 2055 3025 signiﬁcandum,
2085 2952 2393 3007 divinarum

820 3047 1232 3120 Scripturarum
1266 3047 1574 3100 doctrinam
1607 3061 1784 3115 neque
1815 3046 2012 3100 horum
2045 3043 2262 3114 quidem
2299 3058 2397 3098 no-

819 3139 998 3197 titiam
1029 3138 1462 3211 praetermisisse.
1483 3135 1616 3189 Nam
1641 3137 1846 3201 omnia,
1875 3137 2066 3206 inquit,
2093 3143 2150 3188 tu
2173 3136 2394 3199 creasti,

817 3235 940 3289 sive
987 3232 1209 3287 dextras
1255 3228 1444 3283 mundi
1491 3235 1692 3297 partes,
1724 3228 1840 3283 sive
1893 3229 2164 3283 sinistras.
2198 3211 2397 3300 Verum

2487 2037 2622 2090 σας.
2657 2026 2810 2077 Δοκεῖ
2842 2024 2898 2077 δέ
2929 2041 3018 2094 μοι
3038 2023 3126 2078 διὰ
3150 2024 3256 2077 τῶν
3281 2024 3374 2077 δύο
3395 2026 3642 2096 πλευρῶν
3666 2044 3727 2079 τε
3751 2031 3845 2081 καί
3873 2028 4064 2100 ἄκρων

2485 2116 2586 2186 τῆς
2624 2117 2946 2187 οἰκουμένης
2994 2119 3086 2172 τὸν
3137 2119 3425 2189 σύμπαντα
3469 2119 3673 2189 κόσμον
3727 2120 3952 2191 δηλοῦν,
4003 2119 4065 2174 ὃν

2489 2205 2799 2276 ἐπλήρωσεν
2829 2210 2860 2278 ὴ
2887 2209 2979 2260 τοῦ
3002 2209 3250 2280 Σωτῆρος
3276 2205 3432 2279 ὴμῶν
3460 2209 3704 2280 δύναμις.
3724 2209 3833 2264 Θέα
3860 2212 3916 2264 δὲ
3947 2211 4066 2267 τινα

2487 2299 2686 2369 τρόπον
2728 2299 2814 2352 διὰ
2845 2299 3048 2352 τούτων
3085 2302 3417 2370 παρίσταται
3463 2303 3749 2371 πρόσωπον
3787 2302 3881 2355 τοῦ
3924 2302 4067 2373 σύμ-

2492 2407 2691 2454 παντος
2720 2392 2925 2463 κόσμου
2965 2393 3026 2445 τὸ
3049 2393 3362 2446 ἀνατολικὸν
3401 2393 3582 2464 μέρος
3611 2395 3894 2466 ἀριστερὸν
3922 2395 3978 2448 δὲ
4003 2395 4068 2448 τὸ

2492 2481 2719 2553 βόρειον,
2752 2483 2922 2550 δεξιὸν
2947 2485 3001 2537 δὲ
3032 2486 3092 2538 τὸ
3124 2485 3496 2556 ¹μεσημϐρινὸν
3518 2485 3612 2539 καὶ
3642 2487 3833 2541 νότιον.
3869 2487 3956 2540 Ἐν
3987 2485 4069 2556 τῷ

2489 2580 2594 2651 γὰρ
2630 2581 2814 2650 φάναι,
2849 2580 2958 2635 Τὸν
2980 2579 3213 2649 βορῤᾶν
3239 2578 3339 2650 καὶ
3374 2579 3445 2632 τὰ
3477 2577 3644 2642 δεξιὰ
3678 2578 3759 2631 σὺ
3801 2578 4067 2644 ἔκτισας,

2490 2673 2551 2725 τὸ
2574 2674 2782 2745 βόρειον
2804 2673 3034 2744 πλευρὸν
3059 2671 3342 2746 ἀριστερὸν
3368 2667 3506 2724 εἶναι
3530 2670 3783 2736 ἐδίδαξεν
3809 2671 3874 2734 ,εἰ
3896 2687 3957 2740 γε
3979 2668 4071 2722 δε-

2494 2763 2600 2829 ξιὸν
2630 2765 2690 2819 τὸ
2719 2766 2910 2820 νότιον.
2952 2766 3014 2818 Εἰ
3046 2764 3110 2835 δὴ
3150 2760 3242 2818 οὖν
3286 2764 3518 2827 ἑστῶτες
3563 2764 3780 2836 ἔχοιμεν
3823 2765 3881 2818 ὲν
3921 2763 4072 2835 δεξιᾷ

2497 2857 2594 2928 μὲν
2623 2858 2830 2910 ἑαυτῶν
2866 2858 2954 2911 τὸν
2990 2857 3161 2923 νότον,
3190 2861 3248 2909 ὲν
3277 2856 3332 2909 δὲ
3358 2859 3467 2921 τοῖς
3489 2857 3798 2928 ἀριστεροῖς
3820 2857 3912 2911 τόν
3945 2856 4073 2929 βορ⁶

2498 2951 2615 3020 ρἄ,
2655 2949 3072 3020 ἀντιπρόσωπον
3127 2951 3400 3021 σχήσομεν
3447 2949 3545 3020 τὴν
3593 2948 3880 3019 ἀνατολὴν,
3931 2946 4074 3001 κατὰ

2495 3040 2661 3095 νώτου
2690 3042 2745 3095 δὲ
2774 3042 2872 3115 τὴν
2896 3028 3067 3095 δύσιν⁸
3100 3042 3240 3095 ὥστε
3266 3041 3409 3095 κατά
3430 3030 3556 3094 τινα¹
3582 3040 3816 3111 φυσικὴν
3840 3040 4072 3112 Θεωρίαν

2497 3133 2744 3206 εἰρῆσθαι
2777 3121 2968 3200 ταῦτα,
3005 3133 3104 3203 τὴν
3131 3133 3278 3186 θέσιν
3306 3131 3399 3186 τοῦ
3437 3133 3638 3196 παντὸς
3681 3132 3886 3204 κόσμου
3932 3149 4076 3203 παρ-

2445 3278 2447 3280 ,
2500 3228 2748 3282 ιστῶντα.
2787 3229 2854 3280 Ἀ
2894 3228 2988 3281 καί.
3030 3226 3170 3281 αὐτὰ
3213 3209 3966 3298 ἀναγκατονέπισημήνασθαι
3996 3228 4076 3290 εἰς

823 3325 1050 3380 dextras
1081 3321 1260 3377 solum
1296 3320 1618 3374 nominatim
1646 3319 1987 3382 memoravit,
2021 3326 2183 3389 atque
2207 3334 2236 3372 a
2267 3319 2399 3372 sini-
2425 3315 2468 3374 C
2501 3340 2549 3375 π‹

2347 3319 2399 3371 ιὶ-
2425 3315 2468 3374 C
2501 3323 2838 3394 παράστασιν
2868 3320 2962 3374 τοῦ
2999 3321 3131 3392 μηδὲ
3151 3311 3255 3393 ’τὴν
3284 3321 3485 3374 τούτων
3523 3320 3722 3390 γνῶσιν
3753 3317 4073 3392 παραλελοι-

828 3416 930 3472 stri
959 3415 1179 3471 nomine
1217 3413 1468 3468 consulto
1521 3410 1803 3468 abstinuit.
1854 3411 2034 3479 Quare
2098 3411 2397 3468 secundum

830 3506 1215 3578 Symmachum
1246 3505 1465 3571 dicitur,
1499 3502 1564 3557 In
1595 3504 1907 3574 Aquilonem
1951 3512 2002 3557 et
2041 3501 2311 3557 dexteram
2340 3509 2398 3554 tu

826 3596 1060 3658 creasti;
1123 3595 1422 3652 secundum
1485 3596 1737 3666 Aquilam
1783 3607 1952 3658 vero,
1997 3592 2302 3661 Aquilonem
2350 3599 2398 3644 et

828 3687 1098 3743 dexteram
1135 3697 1192 3741 tu
1214 3689 1426 3744 creasti.
1455 3687 1654 3755 Quinta
1690 3693 1869 3740 autem
1899 3685 2068 3739 editio
2096 3683 2399 3738 accuratius

828 3781 1115 3852 explicavit
1149 3796 1399 3852 quaenam
1440 3781 1666 3836 dextera
1689 3785 1875 3833 essent
1905 3775 2094 3831 dicens
2116 3816 2130 3836 ,
2181 3775 2400 3843 Aquilo-

830 3889 947 3928 nem
987 3882 1037 3927 et
1069 3858 1250 3927 abtum
1290 3882 1344 3924 tu
1375 3872 1590 3925 creasti.
1627 3869 1862 3924 Sinistra
1906 3881 2071 3938 porro
2113 3865 2254 3937 apud
2285 3881 2400 3921 om-

832 3980 929 4019 nes
958 3965 1284 4035 interpretes
1322 3963 1543 4020 silentio
1569 3962 1824 4025 mittitur,
1853 3959 1980 4031 quia
2024 3967 2246 4030 putatur
2273 3960 2400 4030 quid

833 4055 1131 4111 infaustum
1160 4071 1304 4119 esse,
1334 4063 1389 4110 et
1418 4054 1612 4123 dextro
1642 4053 1952 4124 oppositum
1978 4071 1988 4106 :
2041 4052 2177 4107 nihil
2219 4060 2398 4106 autem

832 4148 888 4203 in
912 4149 1168 4202 universo
1212 4147 1508 4201 infaustum
1538 4155 1592 4201 et
1634 4145 1776 4200 bono
1812 4146 2120 4216 oppositum
2145 4151 2247 4202 est.
2281 4142 2402 4198 0m-

835 4241 926 4296 nia
955 4240 1122 4303 enim,
1151 4239 1360 4308 inquit,
1413 4247 1471 4291 tu
1507 4239 1727 4292 creasti.
1763 4237 1880 4293 Duo
1927 4247 2105 4294 autem
2150 4245 2362 4292 montes
2384 4281 2398 4304 ,

845 4329 1053 4384 l‘habor
1081 4337 1133 4382 et
1156 4326 1414 4389 Hermon,
1451 4341 1548 4396 per
1581 4327 1958 4382 excellentiam
1989 4335 2184 4398 praeter
2212 4342 2403 4383 omnes

838 4418 973 4472 alios
1005 4415 1290 4472 memorati
1324 4423 1487 4470 sunt:
1522 4416 1722 4470 etenim
1755 4416 1810 4469 hi
1857 4416 1912 4470 in
1940 4418 2158 4472 nomine
2187 4425 2279 4470 tuo
2306 4432 2402 4472 ex-

839 4507 1139 4565 sultabunt.
1203 4504 1515 4562 Secundum
1573 4505 1822 4574 Aquilam
1868 4520 2036 4569 vero,
2099 4505 2308 4560 Thubor
2356 4515 2406 4559 et

840 4598 1074 4656 Harmon
1105 4601 1159 4654 in
1186 4599 1394 4654 nomine
1424 4607 1513 4652 tuo
1546 4597 1874 4660 laudabunt;
1921 4597 2219 4653 secundum
2248 4596 2404 4669 Sym-

2503 3413 2659 3467 πέναι
2686 3413 2786 3484 τὴν
2814 3412 2920 3466 τῶν
2943 3412 3103 3466 θείων
3135 3412 3366 3485 Γραφῶν
3401 3412 3767 3467 διδασκαλίαν.
3795 3410 3878 3464 Τὰ
3899 3411 4080 3466 πάντα

2503 3507 2630 3579 γὰρ,
2659 3507 2809 3578 φησί,
2844 3507 2907 3560 σὺ
2929 3506 3167 3570 ἔκτισας,
3195 3507 3265 3560 τά
3293 3523 3351 3560 τε
3381 3505 3529 3572 δεξιὰ
3553 3506 3647 3560 τοῦ
3672 3505 3878 3574 κόσμου
3911 3503 4077 3576 μέρη,

2503 3597 2596 3651 καὶ
2626 3592 2696 3650 τά
2724 3596 3004 3668 ἀριστερά.
3052 3596 3211 3650 Ἀλλὰ
3236 3597 3306 3652 τὰ
3328 3598 3427 3668 μὲν
3448 3595 3597 3664 δεξιὰ
3625 3594 3880 3665 ὀνομαστί
3906 3607 4076 3665 προσ-

2504 3693 2674 3755 εῖπεν,
2699 3687 2999 3758 ἐφυλάξατο
3016 3689 3073 3742 δὲ
3094 3686 3396 3763 χρήσασθαι
3425 3688 3502 3759 τῷ
3530 3686 3624 3742 τοῦ
3650 3683 3937 3759 ἀριστεροῦ
3963 3682 4078 3736 ὁνό⁹

2508 3791 2666 3853 part:
2687 3781 2777 3834 Διὸ
2808 3781 3054 3836 λέλεκται
3087 3783 3229 3836 κατὰ
3255 3783 3346 3836 τὸν
3373 3781 3688 3852 Σύμμαχον,
3724 3779 3829 3843 Εἰς
3846 3772 4081 3843 ,ϐορῤᾶν

2505 3875 2602 3928 καί
2651 3873 2856 3938 δεξιὰν
2896 3873 2978 3927 σὺ
3024 3874 3301 3941 ἔκτισας·
3351 3875 3444 3926 καὶ
3485 3864 3644 3937 κατά
3674 3869 3766 3922 τὸν
3828 3863 4077 3928 Ἀκύλαν,

2504 3964 2738 4035 Βορῤἇν
2771 3964 2869 4020 καί
2896 3963 3102 4031 δεξιὰν
3129 3965 3210 4018 σὺ
3237 3965 3502 4028 ἔκτισας.
3545 3961 3611 4014 Ἦ
3637 3960 3694 4013 δὲ
3732 3958 3958 4029 πέμπτη
3990 3955 4083 4009 ἐκ·

2504 4060 2649 4124 δοσις
2692 4058 3022 4130 σαφέστερον
3062 4059 3375 4132 ἡρμήνευσε
3404 4056 3527 4110 τίνα
3564 4053 3632 4106 τὰ
3664 4051 3811 4116 δεξιὰ
3840 4052 4081 4121 φήσασα,

2506 4151 2736 4220 Βορῤᾶν
2777 4151 2878 4205 καί
2924 4152 3103 4224 νότον
3147 4150 3230 4205 σὺ
3281 4149 3547 4214 ἔκτισας.
3599 4145 3674 4199 Th
3713 4143 3757 4196 δ’
3799 4141 4084 4215 ἀριστερὸν

2508 4244 2684 4313 πάντη
2714 4242 3048 4314 σεσιώπηται
3077 4243 3225 4316 παρὰ
3252 4244 3366 4306 τοῖς
3397 4241 3549 4303 πᾶσι,
3573 4237 3662 4292 διὰ
3685 4237 3745 4290 τὸ
3771 4233 4084 4307 νομίζεσθαι

2511 4335 2697 4388 σκαιὸν
2727 4331 2864 4387 εἶναι
2904 4337 2996 4389 καί
3031 4336 3270 4389 ἐναντίον
3299 4333 3376 4404 τῷ
3415 4330 3590 4402 δεξιῷ·
3637 4328 3787 4382 οὐδὲν
3817 4327 3872 4380 δὲ
3915 4328 3972 4379 ὲν
4007 4323 4087 4396 τῷ

2511 4425 2670 4478 παντί
2705 4427 2909 4489 σκαιὸν,
2959 4427 3080 4479 οὐδὲ
3125 4425 3204 4497 τῷ
3250 4423 3399 4495 καλῷ
3443 4421 3704 4476 ἐναντίον.
3755 4419 3939 4473 Πάντα
3985 4417 4088 4489 μὲν

2510 4512 2622 4580 οὖν,
2653 4517 2805 4588 φησί,
2834 4519 2896 4570 σὺ
2925 4501 3161 4581 ἔκτισας.
3201 4519 3341 4586 Ὄρη
3371 4515 3426 4568 δὲ
3455 4513 3566 4577 δύο,
3600 4512 3661 4566 τδ
3686 4509 3882 4584 Θαόὼρ
3909 4509 4002 4562 καὶ
4026 4509 4089 4561 τὸ

2522 4605 2736 4677 Ἐρμὼν
2766 4607 3040 4678 ἐξαίρετόν
3068 4625 3120 4660 τι
3159 4607 3420 4676 κέκληται
3465 4603 3616 4674 παρὰ
3650 4602 3846 4655 πάντα·
3876 4600 3953 4670 τῷ
3978 4601 4089 4673 γὰρ

840 4693 1093 4748 machum
1126 4701 1338 4757 autem,
1388 4691 1599 4746 Thabor
1649 4699 1696 4744 et
1748 4688 1983 4744 Hermon
2040 4706 2227 4743 nomen
2262 4699 2408 4742 tuum
2439 4695 2484 4751 D
2510 4699 2566 4750 όν

2359 4707 2408 4742 πι
2439 4695 2484 4751 D
2510 4698 2730 4769 ὀνόματί
2757 4715 2850 4751 σου
2877 4698 3046 4752 ταῦτα
3073 4698 3510 4767 ἀγαλλιάσονται.
3540 4693 3695 4747 Κατὰ
3721 4693 3777 4746 δὲ
3797 4692 3888 4745 τὸν
3927 4691 4085 4746 Ἀκύ-

839 4780 1192 4837 celebrabant.
1229 4780 1433 4835 Horum
1482 4795 1644 4850 porro
1679 4779 1942 4834 montium
1991 4779 2156 4833 variis
2187 4779 2240 4832 in
2273 4779 2410 4834 locis

842 4873 1089 4928 meminit
1117 4871 1326 4927 Veteris
1373 4871 1704 4928 Testamenti
1754 4872 1986 4926 historia
2013 4911 2028 4936 ,
2065 4871 2410 4942 arbitrorque

764 4995 767 4998 -
841 4966 928 5022 bis
964 4966 1021 5021 in
1068 4965 1347 5019 montibus
1392 4966 1672 5020 mirabiles
1723 4964 1844 5019 illas
1896 4962 2194 5018 Salvatoris
2238 4965 2412 5020 nostri

843 5058 1373 5130 transﬁgurationes,
1410 5056 1831 5128 frequentesque
1877 5071 2058 5112 moras
2098 5040 2410 5124 exstitisse,

845 5150 1058 5220 quando
1089 5165 1213 5205 cum
1263 5147 1580 5203 hominibus
1625 5148 1967 5202 versabatur.
2001 5147 2083 5201 An
2129 5163 2260 5203 vero
2292 5148 2411 5219 ipsa

845 5246 1126 5299 nominum
1159 5240 1488 5314 signiﬁcatio
1537 5240 1741 5311 aliquid
1775 5240 1934 5295 nobis
1975 5239 2042 5293 ad
2088 5242 2280 5296 horum
2329 5245 2413 5298 in-

846 5338 1196 5408 telligentiam
1233 5333 1500 5399 conferat,
1538 5345 1595 5388 tu
1629 5333 1745 5402 ipse
1775 5333 2091 5389 consideres
2120 5336 2298 5391 velim.

2512 4788 2629 4856 λαν,
2676 4790 2874 4859 Θαϐὼρ
2919 4789 3014 4843 καὶ
3060 4789 3278 4858 Ἑρμὼν
3306 4788 3376 4841 ἐν
3402 4785 3482 4852 τῷ
3519 4784 3763 4853 ὀνόματι
3794 4798 3910 4836 σου
3934 4784 4091 4838 αἰνέ-

2513 4897 2719 4936 σουσι·
2754 4883 2892 4935 κατὰ
2927 4882 2982 4936 δὲ
3003 4882 3103 4934 τὸν
3139 4881 3450 4951 Σύμμαχον,
3487 4874 3688 4945 Θαϐὼρ
3720 4874 3818 4927 καί
3854 4874 3920 4927 τὸ
3969 4875 4089 4943 Ἐρ-

2508 4973 2640 5043 ad”
2667 4975 2733 5027 τὸ
2764 4973 2951 5044 ὄνομά
2987 4959 3103 5026 σου
3148 4969 3591 5041 εὐφημήσουσι.
3640 4964 3855 5018 Τούτων
3891 4965 3947 5018 δὲ
3981 4965 4090 5017 τῶν

2515 5066 2684 5136 ὀρέων
2717 5065 2989 5138 μέμνηται
3018 5065 3291 5137 διαφόρως
3330 5065 3365 5133 ἡ
3405 5061 3504 5130 τῆς
3537 5057 3780 5120 Παλαιᾶς
3818 5055 4090 5128 Διαθήκης

2521 5159 2746 5230 ἱστορία·
2776 5160 2867 5212 καί.
2896 5154 3049 5228 οἶμαί
3076 5177 3140 5228 γε
3170 5161 3228 5211 ὲν
3255 5154 3478 5231 τούτοις
3493 5154 3605 5213 τοῖς
3629 5149 3778 5222 ὄρεσι
3798 5148 3894 5212 τὰς
3918 5166 4092 5221 παρα-

2519 5245 2701 5312 δόξους
2728 5249 2819 5303 τοῦ
2853 5250 3101 5322 Σωτῆρος
3133 5248 3287 5321 ήμῶν
3314 5243 3592 5314 γεγονέναι
3621 5240 4092 5313 μεταμορφώσεις,

2521 5342 2616 5395 καί
2645 5342 2742 5407 τὰς
2784 5343 3000 5406 πλείους
3036 5339 3334 5413 διατριϐὰς,
3377 5339 3466 5391 ὅτε
3507 5336 3602 5388 σὺν
3634 5333 3939 5407 ἀνθρώποις
3968 5334 4098 5385 ἔπο-

847 5433 1103 5486 λιτεύετο.
1131 5433 1196 5484 Εἰ
1231 5432 1287 5485 δὲ
1329 5432 1420 5486 καὶ
1466 5428 1572 5484 τῶν
1619 5429 1894 5499 ὀνομάτων
1940 5432 1975 5498 ἡ
2011 5432 2274 5503 ἑρμηνεία
2310 5434 2673 5506 συμϐάλλεταί
2720 5455 2774 5493 τι
2812 5440 2944 5511 ἡμῖν
2977 5439 3054 5501 εἰς
3090 5436 3186 5508 τὴν
3230 5434 3338 5487 τῶν
3399 5429 3773 5503 προκειμένων
3834 5426 4096 5490 διάνοιαν,

849 5532 942 5587 καί
975 5530 1137 5592 αὐτὸς
1165 5531 1495 5600 ἐπιστήσεις.

919 5621 1086 5677 Vens.
1121 5620 1209 5685 H,
1233 5620 1321 5673 15.
1363 5622 1525 5673 Tuum
1552 5617 1820 5672 brachium
1854 5634 1971 5672 cum
2024 5622 2258 5689 potentia
2283 5637 2301 5675 :
2331 5622 2419 5692 ﬁt.

2593 5617 2708 5684 Σὸς
2736 5621 2768 5672 ό
2796 5618 3068 5688 βραχίων
3089 5616 3239 5688 μετὰ
3276 5613 3652 5679 δυναστείαςο
3685 5601 4100 5681 κραταιωθήτω

851 5724 1019 5770 metur
1043 5729 1228 5767 manus
1259 5720 1370 5776 tuo,
1395 5711 1657 5764 excitetur
1688 5711 1905 5765 dextera
1937 5720 2028 5765 tua
2059 5729 2077 5767 .'
2121 5713 2336 5784 justitia
2370 5723 2419 5767 et
2483 5706 2500 5720 “
2524 5710 2562 5779 ἠ

2372 5723 2419 5767 et
2483 5706 2500 5720 “
2524 5710 2562 5779 ἠ
2598 5711 2726 5782 χείρ
2758 5693 2895 5778 σου,
2926 5709 3222 5781 omnm
3263 5707 3302 5777 ἠ
3344 5705 3512 5772 δεξιά
3550 5719 3686 5760 σου.
3735 5691 4098 5776 Δικαιοσύνη

829 5967 840 5974 .
921 5891 968 5927 ³⁸
1007 5888 1165 5946 PrOv.
1204 5905 1299 5952 ιιι.
1340 5888 1424 5946 19.
1502 5890 1542 5923 ⁸¹
1584 5889 1730 5968 Psal.
1767 5906 1875 5946 xcu
1901 5931 1916 5952 ,
1954 5890 2004 5946 1.
