4372 6434
398 478 534 532 r093

1511 480 2002 537 COMMENTARIA
2041 483 2111 538 IN
2145 466 2476 552 essurus,

3456 497 3590 555 1094

395 593 491 645 καὶ
518 591 693 661 κρῖμα
721 593 1028 664 ἐτοιμασία
1064 598 1175 655 τοῦ
1206 600 1419 666 θρόνου
1432 615 1584 654 ηοσου.
1626 603 1830 667 Ἔλεος
1857 603 1952 656 καὶ
1981 611 2024 664 Α
2043 605 2121 673 jut

1864 603 1952 656 καὶ
1981 611 2024 664 Α
2043 604 2304 673 judicium
2330 607 2645 674 prwparatio
2675 606 2845 660 throni
2873 609 2970 662 tui.
3003 607 3370 666 Misericordia
3414 623 3477 690 et!
3506 633 3590 670 ve-

389 683 638 748 ἀλήθεια
669 689 1129 755 προπορεύσεται
1161 692 1272 760 πρὸ
1309 693 1632 759 προσώπου
1673 710 1807 747 σου.
1837 698 1946 748 Καὶ

357 771 560 846 ’ταῦτα
599 777 677 838 είς
718 776 812 846 τὴν
846 778 936 831 τοῦ
985 781 1316 848 Μονσγενοῦς
1356 781 1450 835 τοῦ
1486 784 1617 836 Θεοῦ
1646 785 1945 852 δοξολογίαν

389 865 772 936 παρείληπται,
800 869 942 940 ἅπερ
967 871 1291 943 σαφέστερον
1311 875 1340 926 6
1371 872 1597 938 Ἀκύλας
1612 877 1941 946 ἡρμήνευσε,

388 957 576 1011 τοῦτον
619 961 848 1024 ἀποδοὺς
891 963 981 1016 τὸν
1021 965 1240 1036 τρόπον’
1274 967 1388 1031 Σὸς
1428 971 1460 1020 ό
1493 969 1760 1036 βραχίων
1801 969 1946 1038 μετὰ

367 1046 762 1120 τδυναστείαςτ
795 1052 1082 1121 ἀήττητος
1119 1057 1159 1123 ἠ
1193 1058 1320 1124 χείρ
1348 1072 1483 1121 σου,
1521 1058 1730 1127 ὑψηλὴ
1769 1059 1945 1128 113.68-

361 1137 488 1200 ιειά
519 1155 652 1195 σου·
677 1143 1034 1212 δικαιοσύνη
1062 1147 1162 1200 καὶ
1197 1147 1373 1218 κρῖμα
1395 1147 1578 1215 ,ϐάσις
1602 1150 1707 1204 τοῦ
1730 1153 1942 1217 θρόνου

359 1243 522 1282 .σου.
565 1232 673 1283 Καὶ
699 1233 898 1296 ταύτας
927 1233 983 1286 δὲ
1008 1237 1320 1303 ἀναγκαίως
1350 1238 1442 1300 τὰς
1477 1238 1666 1308 Θεοπρε
1677 1244 1792 1302 πεῖς
1819 1244 1943 1309 ἀρε-

373 1319 485 1382 τὰς
513 1323 570 1374 ἐν
608 1325 671 1392 τῇ
700 1322 942 1396 θεολογίᾳ
971 1328 1270 1399 παρείληφε
1299 1330 1386 1382 διὰ
1412 1331 1509 1393 τὰς
1531 1331 1622 1383 τοῦ
1656 1332 1785 1384 Θεοῦ
1811 1335 1943 1403 πρὸς

370 1409 476 1462 ,τὸν
491 1409 649 1463 Δαυῒδ
675 1412 1021 1482 ἐπαγγελίας.
1046 1417 1206 1469 υὺδὲν
1224 1417 1350 1489 γὰρ,
1371 1421 1549 1489 φησὶν,
1570 1421 1940 1489 ἀντιστήσεται

374 1501 482 1554 ,σοῦ
512 1505 575 1573 τῇ
607 1503 790 1576 βουλῇ·
840 1507 976 1577 μετὰ
1002 1508 1112 1580 γὰρ
1139 1509 1232 1562 τοῦ
1271 1510 1440 1564 θέλειν
1473 1512 1566 1564 καὶ
1601 1513 1658 1564 τὸ
1688 1513 1940 1566 δύνασθαί

365 1608 468 1646 «τοι
497 1588 727 1665 οἷαιΘεῷ
756 1597 848 1651 καὶ
877 1597 1107 1672 δεσπότῃ
1134 1600 1242 1653 τῶν
1268 1602 1402 1655 ὅλων
1423 1602 1674 1674 πάρεστι.
1704 1605 1812 1657 Καὶ
1833 1606 1941 1675 γὰρ

365 1683 618 1754 ,βραχίων
648 1686 730 1740 σοί
759 1689 872 1741 ἐστι
909 1690 1079 1760 μέγας
1119 1692 1212 1746 καὶ
1237 1691 1521 1761 δυναστείᾳ
1551 1695 1642 1747 καὶ
1671 1694 1810 1765 ἀρχὴ
1835 1695 1940 1748 τῶν

363 1751 616 1839 πάντων,
640 1751 1089 1853 κεκραταιωμόνῆ
1107 1801 1166 1835 τε
1188 1785 1305 1853 χεὶρ
1328 1785 1421 1836 καὶ
1443 1751 1968 1855 ὑῇλστάτῆᾟίτξιὰί

385 1865 486 1918 ὅτε
518 1864 705 1938 θρόνος
731 1870 832 1940 τῆς
865 1873 964 1943 σῆς
994 1872 1285 1943 βασιλείας,
1303 1874 1489 1946 ὥσπερ
1517 1877 1564 1928 οἱ
1588 1877 1694 1928 τῶν
1727 1879 1817 1929 ἐπὶ
1841 1878 1941 1948 γῆς

2043 696 2178 747 ritas
2197 695 2484 762 pracedent
2505 696 2690 763 faciem
2709 707 2874 752 tuam.
2902 697 3023 752 Haec
3053 698 3179 753 item
3216 700 3281 754 ad
3320 701 3586 773 Unigeniti

2046 781 2138 838 Dei
2167 784 2390 853 gloriam
2412 785 2787 840 celebrandam
2835 796 3164 856 usurpantur
3193 808 3204 842 :
3241 806 3361 860 qua:
3397 795 3588 862 Aquila

2044 874 2246 928 clarius
2301 874 2680 944 interpretatur
2722 877 2821 931 hoc
2869 886 3024 947 pacto
3061 896 3074 931 :
3106 879 3271 932 Tuum
3320 880 3589 937 brachium

2044 978 2161 1014 cum
2203 967 2480 1030 potentia:
2521 966 2709 1018 invicta
2749 983 2935 1020 manus
2989 976 3100 1030 tua,
3130 969 3329 1021 excelsa
3373 970 3590 1027 dextera

2046 1059 2171 1103 tua:
2196 1052 2407 1119 justitia
2433 1061 2482 1106 et
2507 1053 2765 1122 judicium
2788 1055 2927 1109 basis
2954 1057 3126 1110 ειη-ὀπί
3158 1061 3250 1110 tui.
3275 1057 3588 1130 Opportune

2043 1149 2219 1195 autem
2248 1140 2458 1198 divinas
2488 1143 2648 1198 hasce
2684 1145 2930 1209 virtutes,
2960 1147 3026 1202 de
3060 1146 3167 1202 Deo
3208 1149 3448 1218 loquens,
3475 1168 3588 1206 me-

2044 1235 2292 1300 moravit,
2323 1235 2394 1289 ob
2419 1236 2683 1304 promissa
2712 1235 2803 1291 Dei
2836 1235 3023 1291 Davidi
3050 1238 3208 1292 facta.
3242 1239 3469 1304 Etenim,
3507 1245 3588 1298 in-

2041 1324 2178 1390 quit,
2208 1325 2342 1378 nihil
2385 1327 2648 1381 voluntati
2690 1328 2917 1382 obsistet
2957 1336 3062 1383 tute
3095 1349 3104 1382 :
3141 1346 3262 1384 cum
3317 1333 3590 1389 voluntate

2042 1420 2237 1487 quippe
2279 1419 2396 1482 tibi,
2429 1406 2617 1488 utpote
2652 1419 2760 1474 Deo
2811 1430 2865 1474 et
2904 1420 3123 1476 'domino
3176 1423 3545 1479 universorum
3569 1467 3585 1489 ,

2040 1509 2191 1564 adest
2225 1517 2484 1578 potestas.
2519 1510 2652 1564 Nam
2695 1527 2944 1581 magnum
2971 1513 3066 1567 tibi
3093 1514 3369 1569 brachium
3402 1526 3503 1582 est,
3535 1526 3590 1572 et

2041 1609 2280 1669 potestas
2309 1610 2362 1655 et
2389 1602 2672 1670 imperium
2698 1603 2749 1654 in
2779 1603 2979 1669 omnia,
3017 1619 3207 1658 manus
3245 1605 3475 1671 ﬁrmata,
3501 1623 3588 1663 ex-

2040 1690 2426 1745 cellentissima
2481 1691 2739 1765 dextera:
2779 1692 3113 1763 thronusque
3168 1696 3315 1765 regni
3363 1697 3483 1762 tui,
3531 1708 3589 1752 ut

2042 1780 2220 1832 throni
2272 1764 2620 1848 regnantium.
2659 1781 2714 1832 in
2767 1788 2913 1835 terra
2964 1796 3028 1836 ex
3077 1764 3309 1851 pretiosa
3363 1787 3588 1840 materia

2041 1869 2274 1923 confecti
2303 1879 2452 1937 sunt,
2476 1873 2552 1925 ita
2574 1879 2628 1926 et
2658 1873 2769 1941 ipse
2790 1889 2854 1927 ex
2878 1875 2944 1928 iis
2968 1889 3087 1943 qua1
3115 1881 3166 1949 te
3202 1874 3367 1928 Deum
3395 1877 3587 1932 decent

390 1955 778 2025 βασιλευόντων
804 1961 979 2032 Θρόνοι
1012 1965 1072 2028 ἐξ
1099 1960 1229 2036 ὕλης
1260 1966 1445 2035 τιμίας
1474 1968 1814 2038 πεποίηνται,
1850 1970 1939 2021 καὶ
1973 1952 2012 2005 Β
2041 1976 2116 2015 001

1859 1970 1939 2021 καὶ
1973 1952 2012 2005 Β
2041 1963 2398 2016 concinnatus
2427 1970 2529 2017 est.
2563 1961 2765 2017 Divina
2813 1964 2992 2034 itaque
3028 1964 3272 2028 virtutes,
3292 1965 3500 2034 justitia
3533 1977 3585 2022 et

379 2049 539 2113 αὐτὸς
563 2045 714 2115 οὗτος
741 2053 804 2104 ὲκ
831 2054 938 2128 τῶν
968 2057 1281 2125 πρεπόντων
1311 2074 1392 2109 σοι
1413 2056 1491 2127 τῷ
1510 2057 1629 2128 Θεῷ
1651 2060 1939 2112 κατεσκεύ-

351 2197 357 2205 ,
380 2152 560 2192 ασται.
604 2141 813 2211 ’Δρεταὶ
840 2143 968 2213 γοῦν
993 2145 1333 2216 Θεοπρεπεῖς,
1361 2147 1669 2218 δικαιοσύνη
1706 2150 1798 2202 καὶ
1821 2152 1939 2220 κρῖ-

382 2244 478 2299 μα,
518 2230 611 2307 τὸν,
648 2232 736 2286 σὺν
774 2235 1175 2304 κατακοσμοῦσι
1212 2237 1414 2309 Θρόνον.
1451 2238 1645 2308 Διόπερ
1674 2237 1937 2292 τοσούτων

375 2321 550 2374 οὐσῶν
581 2324 729 2395 παρὰ
761 2326 841 2377 σοὶ
867 2327 944 2397 τῷ
973 2326 1092 2397 Θεῴ
1110 2328 1407 2398 δυνάμεων,
1430 2329 1646 2398 ὁμαλῶς
1674 2331 1766 2382 καὶ
1793 2331 1936 2382 ἀκω-

374 2411 548 2476 λύτως
585 2415 616 2484 ἡ
666 2415 892 2486 ἀλήθεια
938 2417 1045 2470 τῶν
1097 2419 1204 2471 σῶν
1245 2419 1579 2488 ἐπαγγελιῶν
1625 2421 1932 2491 προτρέχει,

376 2502 604 2574 μηδενὸς
637 2506 1021 2576 παραποδίζειν
1047 2509 1340 2580 δυναμένου
1365 2511 1461 2574 τὰς
1489 2511 1586 2574 σὰς
1613 2513 1931 2579 ἀποφάσεις,

375 2595 446 2659 ἃς
473 2596 691 2667 ὤμοσας
715 2597 792 2668 τῷ
815 2600 976 2652 Δαυῒδ
1001 2601 1135 2670 ἐλέῳ
1167 2604 1261 2654 καὶ
1291 2603 1468 2672 χάριτι
1500 2602 1596 2663 τὰς
1625 2601 1932 2666 ἐκτεθείσας

373 2685 701 2754 ἐπαγγελίας
750 2687 887 2758 πρὸς
919 2689 1079 2741 αὑτὸν
1112 2691 1490 2761 πεποιημένος.
1544 2691 1685 2742 Ἀντὶ
1727 2689 1784 2742 δὲ
1814 2689 1930 2752 τοῦ,

369 2775 726 2843 Δικαιοσύνη
755 2776 852 2828 καὶ
885 2776 1058 2845 κρῖμα
1088 2778 1396 2846 ἐτοιμασία
1423 2779 1526 2832 τοῦ
1555 2781 1767 2847 θρόνου
1793 2796 1929 2843 σου,

369 2865 512 2918 κατὰ
545 2864 635 2924 τὸν
680 2866 928 2930 Ἀκύλαν,
952 2869 1306 2936 Δικαιοσύνη
1330 2869 1429 2923 καὶ
1461 2870 1635 2939 κρῖμα
1667 2871 1732 2924 τὸ
1761 2867 1930 2940 ἔδρα-

2034 2051 2303 2120 judicium
2328 2090 2344 2116 ,
2373 2050 2626 2105 thronum
2658 2061 2920 2107 exornant
2954 2062 3123 2106 tuum.
3150 2052 3485 2122 Quapropter
3507 2091 3520 2114 ,
3550 2068 3585 2106 ο

2039 2140 2203 2203 Deus,
2237 2152 2360 2196 cum
2391 2147 2471 2195 tot
2502 2151 2773 2214 lanaeque
2817 2156 2981 2211 penes
3025 2149 3076 2195 te
3115 2149 3404 2210 potestates
3439 2143 3581 2205 sint,

2033 2230 2234 2284 veritas
2254 2231 2411 2299 plana
2435 2231 2522 2283 via
2565 2239 2619 2284 et
2666 2219 2784 2285 sine
2817 2231 2970 2285 obice
2998 2232 3446 2301 promissionibus
3476 2231 3584 2285 tuis

2033 2319 2360 2387 pmcurrit:
2414 2334 2536 2373 cum
2596 2335 2753 2374 nemo
2813 2322 2985 2389 possit
3047 2321 3308 2376 obsistere
3352 2321 3585 2376 decretis

2032 2408 2161 2472 tuis,
2190 2408 2390 2478 quibus
2419 2410 2614 2478 jurasti
2644 2409 2855 2476 Davidi,
2879 2425 2945 2465 ex
2982 2411 3351 2465 misericordia
3379 2419 3432 2465 et
3453 2426 3577 2480 gra-

2032 2500 2107 2553 tia
2149 2508 2238 2554 tua
2284 2501 2396 2569 jam
2419 2509 2754 2575 memoratas
2785 2501 2953 2558 edens
2997 2502 3433 2573 pollicitationes.
3479 2498 3584 2554 Pro

2033 2592 2126 2647 illo
2153 2601 2357 2657 autem,
2387 2592 2613 2648 Iustitia
2658 2604 2707 2649 et
2730 2594 2996 2664 judicium
3049 2597 3365 2663 preparatio
3415 2594 3584 2647 throni

2034 2684 2139 2747 tui;
2170 2683 2468 2737 secundum
2513 2684 2762 2754 Aquilam
2788 2724 2804 2744 .
2837 2685 3056 2738 Iustitia
3091 2697 3139 2738 et
3168 2687 3430 2753 judicium
3461 2686 3585 2754 fun-

2031 2772 2328 2826 damentum
2361 2773 2534 2826 throni
2582 2776 2693 2842 ejus
2719 2814 2734 2838 ,
2780 2774 3013 2841 dicitur;
3070 2775 3423 2846 Symmachus
3455 2791 3582 2831 vero

2032 2864 2181 2918 basin
2209 2865 2342 2920 dixit
2367 2866 2766 2934 essejustitiam
2811 2874 2864 2919 et
2905 2866 3192 2933 judicium.
3227 2865 3459 2920 Iustitia:
3488 2881 3583 2919 au-

368 2968 496 3023 σμα
516 2955 620 3010 τοῦ
648 2959 861 3025 θρόνου
886 2958 1090 3024 αὐτοῦ,
1116 2960 1349 3030 εἴρηται·
1377 2963 1404 3014 ὁ
1428 2957 1484 3013 δὲ
1507 2961 1793 3032 Σύμμαχος
1819 2963 1932 3032 τὴν
2028 2965 2094 3012 tet

1854 2963 1932 3032 ὴν
2028 2965 2138 3012 tem
2169 2965 2222 3011 et
2243 2958 2471 3027 judicio,
2503 2956 2646 3026 quod
2674 2972 2797 3012 cum
2829 2958 3036 3026 justitia
3059 2957 3278 3012 effertur
3301 2997 3315 3020 ,
3351 2971 3580 3026 praecur-

361 3046 556 3110 βάσιν
583 3048 749 3120 αὐτὴν
781 3045 920 3104 είναί
947 3067 1077 3122 φησι
1106 3051 1204 3122 τὴν
1233 3051 1573 3124 δικαιοσύνην
1607 3055 1699 3107 καὶ
1723 3055 1785 3108 τὸ
1815 3057 1932 3126 κρί-
1958 3110 1960 3113 ,
2029 3051 2087 3103 ril

1855 3057 1960 3126 ρτ-¹
2029 3051 2100 3103 rit
2148 3050 2516 3105 misericordia
2543 3057 2596 3103 et
2641 3049 2862 3104 veritas.
2891 3048 3162 3106 Justitiam
3192 3048 3332 3103 enim
3369 3048 3581 3101 miseri-

371 3149 466 3205 μα.
509 3136 620 3207 Τῆς
642 3155 704 3206 γε
742 3139 846 3210 μὴν
877 3140 1216 3213 δικαιοσύνης
1247 3143 1340 3196 καὶ
1375 3142 1467 3196 τοῦ
1506 3143 1768 3214 κρίματος
1795 3144 1930 3214 μετὰ
2029 3155 2094 3195 co

1854 3144 1930 3198 ιτὰ
2029 3140 2212 3195 cordia
2246 3147 2574 3210 temperans,
2605 3139 2848 3194 mitiores
2875 3147 3064 3195 contra
3086 3154 3178 3195 eos
3201 3140 3292 3209 qui
3326 3153 3580 3208 peccave-

365 3224 708 3306 δικαιοσύνης
731 3231 1113 3304 ἐκφερομένου,
1148 3233 1435 3306 προτρέχει
1459 3233 1603 3296 ἔλεος
1629 3234 1720 3287 καὶ⁵
1743 3236 1774 3303 ὴ
1800 3232 1931 3304 ἁλή-
1970 3304 1998 3306 _
2030 3248 2091 3286 ru

1853 3235 1931 3304 lﬁ-
1970 3304 1998 3306 _
2030 3241 2157 3286 runt
2184 3231 2387 3301 profert
2416 3234 2909 3288 comminationes:
2959 3247 3082 3286 nam
3132 3233 3269 3287 alias
3311 3230 3579 3301 justitiam

367 3303 509 3373 θεια.
539 3319 630 3390 Τῷ
660 3321 789 3389 γοῦν
811 3303 945 3393 ἐλέῳ
975 3323 1072 3395 τὴν
1101 3303 1442 3397 δικαιοσύνῆν
1464 3326 1777 3396 ἀνακιρνὰς,
1800 3303 1930 3394 πρα-
1959 3304 2000 3360 C
2032 3325 2093 3394 ej!

1800 3303 1930 3394 πρα-
1959 3304 2000 3360 C
2032 3325 2150 3394 ejus
2182 3339 2288 3379 non
2316 3332 2666 3395 temperatam
2689 3325 2870 3379 nullus
2891 3324 3169 3379 hominum
3201 3323 3515 3379 sustineret.

363 3414 558 3485 οτέρας
591 3419 816 3471 ποιεῖται
841 3418 937 3480 τὰς
959 3419 1103 3473 κατὰ
1131 3419 1236 3473 τῶν
1259 3422 1649 3491 ἡμαρτηκότων
1675 3420 1918 3483 ἀπειλάςο
1959 3419 2130 3484 ἄλλως
2144 3420 2260 3490 ,γὰρ
2279 3421 2511 3490 ἄκρατον
2548 3417 2712 3471 αὑτοῦ
2734 3417 2830 3488 τὴν
2885 3418 3225 3490 δικαιοσύνην
3288 3419 3386 3470 οὐκ
3408 3418 3471 3471 ἄν
3498 3432 3580 3481 τις

365 3508 664 3580 ἀνθρώπων
693 3510 1031 3579 ὑπομείνειεν

432 3623 734 3692 Μακάριος
764 3627 798 3678 ό
829 3624 976 3690 λαὸς
1004 3627 1038 3678 ό
1069 3626 1376 3695 γινώσκων
1409 3623 1776 3698 ἁλαλατμόνξ
1806 3629 1924 3682 Κύ-
1987 3674 1992 3678 .

355 3733 473 3786 ριε.
505 3716 575 3770 ἐν
599 3715 679 3782 τῷ
709 3715 854 3784 φωτὶ
882 3715 987 3770 τοῦ
1013 3715 1335 3784 προσώπου
1359 3731 1476 3770 σου
1505 3719 1919 3786 πορεύσονται,

361 3805 462 3861 καὶ
496 3806 567 3859 ἐν
594 3804 674 3871 τῷ
711 3806 952 3876 ὀνόματι
979 3820 1097 3860 σου
1137 3805 1602 3876 ἀγαλλιάσσνται
1633 3807 1784 3877 ὅλην
1809 3809 1923 3876 τὴν

360 3893 609 3966 ἡμέραν,
648 3896 744 3950 καὶ
768 3897 838 3950 ἐν
862 3895 1312 3967 τῇ,δικαιοσύνῃ
1336 3913 1452 3952 σου
1477 3898 1916 3966 ὑψωθήσονται.

364 3969 784 4059 Ὅτι-καύχημα
810 3989 920 4060 τῆς
947 3990 1252 4061 δυνάμεως
1281 3988 1480 4044 αὐτῶν
1508 3990 1589 4044 σὺ
1616 3986 1688 4055 εἶ,
1727 3991 1823 4044 καὶ
1848 3994 1916 4045 ἐν

359 4079 439 4151 τῇ
460 4083 705 4150 εὐδοκία
737 4097 852 4143 σου
883 4083 1263 4153 ὑψωθήσεται
1283 4083 1349 4137 τὸ
1382 4083 1556 4152 κέρας
1578 4083 1764 4153 ἡμῶν.
1795 4086 1915 4138 Ὀτι

358 4173 466 4227 τοῦ
509 4173 728 4241 Κυρίου
773 4174 810 4241 ἡ
855 4161 1174 4242 ἀντίληψις
1223 4173 1408 4243 ἡμῶν,
1455 4174 1552 4226 καὶ
1591 4174 1696 4227 τοῦ
1743 4175 1912 4245 ἁγίου

371 4263 610 4330 Ἰσραὴλ
636 4264 939 4329 βασιλέως
961 4263 1146 4332 ήμῶν.
1177 4265 1404 4335 Νοήσεις
1423 4281 1482 4317 τε
1511 4265 1603 4318 καὶ
1629 4264 1801 4328 ἄλλως
1823 4265 1912 4318 τὸν

359 4353 674 4425 ἀλαλαγμὸν
694 4354 801 4407 ἀπὸ
824 4353 932 4408 τῶν
965 4354 1104 4408 κατὰ
1133 4357 1256 4418 τοὺς
1287 4355 1511 4426 καιροὺς
1537 4355 1644 4408 τῶν
1676 4354 1924 4426 πολέμων

355 4443 726 4508 ἀλαλαζόντων
749 4446 1089 4518 στρατιωτῶν
1107 4447 1208 4501 ’καὶ
1235 4447 1395 4516 φόϐον
1427 4448 1792 4519 ἐμποιούντων
1814 4451 1924 4513 τοῖς

2100 3618 2265 3674 Vens.
2299 3618 2484 3672 16-19.
2508 3617 2700 3671 Beatus
2728 3616 2946 3670 συνοίει
2965 3617 3052 3668 aui
3068 3625 3166 3669 sctt
3184 3617 3573 3685 jubilationcm.

2030 3711 2251 3766 Domine
2278 3710 2333 3763 in
2359 3709 2736 3775 luminerultus
2754 3708 2830 3760 tui
2859 3706 3280 3770 ambulabunt,et
3297 3711 3350 3763 in
3372 3716 3576 3769 nomine

2029 3813 2116 3856 tuo
2127 3800 2460 3856 exsultabant
2477 3799 2748 3864 totadie,et
2763 3800 2816 3852 in
2829 3799 3039 3868 justitia
3074 3808 3162 3852 tua
3183 3801 3572 3861 exaltabuntur.

2027 3893 2289 3958 Quoniam
2317 3890 2486 3960 gloria
2518 3891 2722 3944 uirtutis
2759 3906 2937 3944 eorum
2967 3898 3021 3942 tu
3059 3905 3132 3952 es,
3173 3899 3221 3943 et
3252 3891 3305 3942 in
3335 3890 3575 3960 benepla-

2018 3985 2122 4035 cito
2159 3991 2249 4035 tuo
2270 3980 2593 4034 exaltabitur
2616 3997 2776 4034 cornu
2806 3990 3064 4034 nostrum.
3093 3977 3231 4045 Quia
3255 3980 3467 4035 Domini
3496 3994 3576 4038 est

2019 4073 2304 4140 assumptio
2336 4078 2535 4133 nostra,
2562 4079 2613 4124 et
2636 4072 2805 4123 sancti
2836 4069 3006 4124 Israel
3044 4071 3175 4140 regis
3207 4073 3389 4126 nostri.
3416 4071 3562 4129 Jubi-

2017 4164 2229 4219 lationis
2257 4160 2470 4215 modum
2498 4159 2603 4212 alia
2635 4160 2842 4216 ratione
2883 4161 3150 4232 intelligas
3173 4203 3187 4224 ,
3217 4179 3281 4218 ex
3329 4163 3557 4220 militum

2019 4255 2072 4308 in
2101 4261 2340 4323 tempore
2368 4253 2488 4308 belli
2508 4252 2847 4321 jubilatione,
2869 4261 2929 4307 ut
2957 4254 3142 4309 hostes
3181 4256 3384 4324 majore
3416 4256 3561 4312 edito

2023 4345 2277 4408 clamore,
2302 4343 2592 4413 additaque
2618 4344 2959 4414 symphonia,
2990 4345 3452 4416 perterrefaciant.
3486 4347 3572 4401 Di-

2022 4441 2184 4493 vinus
2212 4422 2389 4491 autem
2421 4429 2712 4505 Apostolus
2757 4436 2895 4490 tales
2947 4451 3068 4492 esse
3115 4436 3273 4491 docet
3302 4439 3571 4492 orationes

356 4537 569 4609 ὲχθροῖς
599 4537 687 4590 διὰ
716 4538 817 4608 τῆς
849 4537 1089 4609 μείζονος
1120 4537 1248 4608 βοῆς
1281 4541 1374 4592 καὶ
1411 4539 1512 4609 τῆς
1553 4541 1692 4595 κατὰ
1722 4540 1923 4610 ταύτην
2024 4531 2080 4585 in

1845 4557 1923 4610 νην
2024 4531 2080 4585 in
2113 4529 2315 4600 Spiritu
2343 4534 2553 4590 sancto,
2587 4541 2687 4581 nec
2708 4526 2814 4580 alta
2843 4541 2994 4589 voce,
3026 4527 3120 4582 sed
3150 4528 3204 4582 in
3223 4527 3432 4581 virtute
3455 4527 3571 4597 Spi-

359 4624 692 4695 συμφωνίας.
713 4625 770 4678 '0
797 4625 852 4678 δὲ
884 4625 1023 4690 θεῖος
1040 4626 1360 4691 ’Δπόστολος
1385 4629 1480 4692 τὰς
1506 4631 1561 4682 ἐν
1591 4631 1727 4701 ἁγίῳ
1757 4630 1938 4690 Πνεύτ
2020 4625 2085 4677 rit

1840 4630 1938 4690 εὑ-.
2020 4625 2159 4678 ritus
2184 4622 2431 4684 emissas,
2465 4634 2586 4675 cum
2616 4619 2730 4673 ait:
2776 4618 2897 4688 Ipse
2944 4617 3171 4680 Spiritus
3204 4619 3436 4687 postulat
3471 4634 3566 4688 pro

359 4731 488 4821 μῗτι
518 4716 701 4818 εὐχὰς,
744 4716 841 4780 τὰς
881 4716 956 4789 μὴ
994 4716 1082 4771 διὰ
1117 4718 1359 4787 γεγωνοῦ
1391 4719 1539 4791 βοῆς,
1574 4720 1707 4774 ἀλλὰ
1741 4723 1797 4774 ὲν
1827 4722 1918 4775 δυ·-
1947 4760 1993 4821 D
2022 4733 2085 4770 rw

1841 4722 1918 4775 ςυ-
1947 4760 1993 4821 .D
2022 4714 2190 4778 nobis,
2217 4713 2489 4784 gemitibus
2509 4709 2948 4764 inenarrabilibus
2967 4711 3032 4761 ³³.
3061 4709 3232 4764 Tanta
3251 4725 3410 4780 porro
3435 4718 3567 4766 tam-

355 4803 516 4872 νάμει
546 4803 856 4876 Πνεύματος
888 4806 1364 4878 ἀναπεμπομένας,
1405 4810 1655 4872 τοιαύτας
1687 4806 1823 4863 εἴναι
1845 4811 1920 4864 δι-
1949 4800 1992 4821 υ
2021 4822 2081 4876 (ιιι

1845 4811 1920 4864 δι-
1949 4800 1992 4821 υ
2021 4821 2124 4876 que
2145 4821 2267 4860 rara
2292 4817 2375 4861 est
2397 4806 2646 4876 jubilatio
2683 4804 2793 4865 illa,
2815 4802 3014 4873 passim
3037 4816 3068 4855 a
3096 4802 3295 4856 divinis
3320 4800 3565 4873 Scriptu-

354 4892 546 4947 δάσκει
587 4894 782 4963 λέγων⁸
821 4896 974 4949 Αὐτὸ
1019 4896 1082 4948 τὸ
1126 4896 1390 4967 Πνεῦμα·
1424 4899 1917 4969 ὑπερεντυγχάνει
2013 4898 2080 4953 rit

1837 4918 1917 4955 νει
2013 4898 2090 4953 ris
2136 4906 2464 4960 memorata,
2499 4895 2570 4950 ‘ut
2599 4895 2790 4950 beatus
2845 4892 3168 4964 praedicetur
3214 4893 3308 4963 qui
3365 4908 3563 4974 gnarus

351 4982 505 5052 ὑπὲρ
528 4984 698 5055 ἡμῶν
717 4985 1068 5055 στεναγμοῶ
1090 4986 1435 5054 ἀλαλήτοις.
1460 4987 1616 5041 Οὕτω
1653 4989 1710 5041 δὲ
1745 4989 1916 5059 μέγας
2007 4987 2077 5041 Illi

1836 5005 1916 5052 νας
2007 4987 2154 5042 illius
2184 4995 2288 5050 est,
2317 4986 2541 5056 perinde
2570 4996 2728 5057 atque
2755 4985 2846 5039 alii
2870 4998 2939 5040 ex
2966 4985 3242 5054 praeclaris
3266 4985 3562 5040 secundum

351 5071 434 5135 τίς
465 5073 579 5126 ἐστι
607 5075 701 5127 καὶ
734 5074 956 5137 σπᾶνιος
986 5077 1018 5128 6
1038 5072 1292 5138 πολλάκις
1318 5076 1420 5128 ὑπὸ
1449 5076 1556 5130 τῶν
1581 5077 1739 5130 Θείων
1773 5079 1914 5148 Γρα-
2008 5078 2077 5134 De

1836 5096 1914 5131 ια-
2008 5078 2175 5134 Deum
2199 5079 2364 5149 gestis
2389 5078 2529 5133 beati
2548 5079 2823 5144 dicuntur.
2853 5077 2976 5132 Ideo
3000 5078 3088 5133 hic
3110 5078 3340 5132 dicitur:
3366 5074 3562 5132 Beatus

352 5166 468 5236 φῶν
503 5168 896 5240 ὀνομαζόμενος
928 5168 1258 5238 ἀλαλαγμὸς,
1299 5168 1374 5232 ὡς
1400 5169 1794 5241 μακαρίζεσθαι
1824 5171 1908 5223 τὸν
2004 5185 2078 5238 ρο]

1838 5171 1908 5223 τὸν
2004 5169 2220 5238 populus
2248 5171 2337 5239 qui
2358 5170 2456 5223 scit
2474 5170 2859 5239 jubilutionein.
2886 5169 3025 5224 Alibi
3048 5183 3176 5224 vero
3205 5167 3417 5222 divinus
3449 5183 3564 5223 ser-

351 5258 690 5328 ὲπιστήμονα
716 5261 928 5327 τούτου,
961 5260 1161 5332 ὁμοίως
1191 5261 1303 5322 τοῖς
1341 5259 1792 5332 μακαριζομένοις
1816 5262 1908 5315 ἐπὶ
2012 5278 2077 5317 ωε

1835 5262 1908 5315 ;πὶ
2012 5278 2101 5317 mo
2129 5261 2438 5330 hujusmodi
2468 5259 2846 5332 jubilstionem
2875 5261 3106 5316 hostiam
3127 5271 3266 5312 "esse
3288 5257 3445 5312 docet
3475 5259 3561 5315 his

347 5354 461 5414 τοῖς
493 5349 670 5416 ἄλλοις
694 5353 834 5408 κατὰ
863 5355 994 5423 Θεὸν
1023 5351 1425 5424 κατορθώμασι.
1459 5353 1549 5404 Διὸ
1574 5350 1803 5405 ἐνταῦθα
1825 5352 1911 5405 λέ·
2007 5367 2072 5407 ve

1832 5352 1911 5405 λέ·
2007 5352 2227 5407 verbis:
2268 5350 2500 5407 Circuioi
2554 5363 2606 5409 et
2653 5353 2920 5408 immolavi
2970 5353 3023 5406 in
3064 5348 3398 5404 tabernaculo
3443 5350 3558 5416 ejus

347 5443 557 5496 λεκταιο
580 5442 880 5510 Μακάριος
909 5448 941 5498 ό
967 5445 1118 5511 λαός
1150 5449 1182 5498 ό
1211 5441 1515 5513 γινώσκων
1539 5442 1905 5510 Mentor.
2009 5441 2073 5496 lto

1831 5443 1905 5497 ἄν.
2009 5441 2235 5496 hostium
2261 5443 2594 5512 jubilationis
2624 5444 2687 5500 ⁸³.
2731 5442 2831 5498 Hic
2857 5454 3017 5512 porro
3038 5437 3250 5493 videtur
3269 5438 3398 5491 mihi
3433 5437 3557 5507 Spis

360 5534 452 5587 Ἔν
482 5531 687 5603 ἑτέροις
712 5533 769 5585 δὲ
801 5536 832 5588 6
872 5533 1013 5596 θεῖος
1051 5534 1206 5603 λόγος
1239 5534 1426 5588 θυσίαν
1456 5531 1590 5587 εἶναι
1620 5534 1710 5586 τὸν
1734 5534 1908 5589 τοιοῠ-
2008 5536 2086 5590 rit!

1831 5534 1908 5589 ›ῠ-
2008 5536 2144 5590 ritus
2173 5546 2398 5595 sanctus
2437 5537 2693 5608 populum
2722 5533 2925 5591 Christi
2964 5537 3149 5601 aperte
3179 5531 3394 5584 beatum
3421 5542 3557 5597 prae-

347 5640 443 5679 rm
494 5622 803 5694 ἀλαλαγμὸν
850 5623 1088 5678 διδάσκει
1141 5625 1311 5695 λέγων
1337 5643 1351 5656 ·
1413 5625 1752 5680 Ἑκύκλωσα
1809 5627 1907 5680 καί

345 5716 540 5775 ἔθυσα
573 5715 644 5770 ἐν
688 5713 765 5786 τῇ
809 5714 1012 5786 σκηνῇ
1051 5717 1238 5786 αὐτοῦ
1283 5717 1501 5774 θυσίαν
1539 5719 1910 5790 ἀλαλαγμοῦ.

450 5825 496 5904 ’ί
530 5865 688 5924 Bon.
722 5860 853 5937 vin,
881 5865 972 5925 36.
1015 5867 1093 5905 ~“
1131 5866 1276 5928 Pssl.
1313 5885 1475 5938 un,
1510 5869 1564 5938 6,

2007 5627 2190 5682 dicare
2215 5645 2230 5682 :
2260 5627 2381 5699 ipse
2397 5644 2632 5700 namque
2656 5642 2778 5683 cum
2803 5625 2858 5680 in
2887 5623 3130 5679 notitiam
3157 5621 3363 5678 venerit
3379 5621 3555 5675 victo-

2005 5718 2102 5775 ria:
2129 5733 2160 5774 a
2191 5714 2475 5778 Salvatore
2501 5728 2688 5778 nostro
2711 5717 2779 5775 de
2800 5715 3033 5772 inimicis
3052 5721 3220 5786 parta:
3236 5739 3271 5781 ,ι
3295 5711 3573 5788 ιιίτοιιειιι¹
