4372 6440
836 490 973 546 1095
1563 490 1822 546 EUSEBII
1857 473 2319 548 CESARIENSIS
2354 490 2499 544 OPP.
2544 485 2719 542 PARS
2752 485 2838 540 ιιι.
2878 515 2948 526 —-
2982 482 3384 539 EXEGETICA.
3878 486 4012 542 109t-

837 602 1017 655 hestes
1042 601 1234 670 jubilat
1263 611 1314 654 et
1345 601 1558 667 clamat,
1582 618 1644 657 ac
1673 619 1769 672 pro
1804 619 1927 676 rege
1966 621 2065 662 suo
2104 605 2377 676 jubilalio-
2401 616 2445 670 Α
2473 606 2563 656 on

2290 606 2377 659 lio-
2401 616 2445 670 Α
2473 606 2627 656 Δοκεῖ
2655 603 2718 674 δὴ
2760 596 2849 656 οὖν
2894 618 2981 672 μοι
3017 600 3243 652 ἐνταῦθα
3288 600 3349 651 τὸ
3385 597 3525 652 θεῖον
3569 600 3789 670 Πνεῦμα
3837 604 4016 671 σαφῶς

830 707 956 745 nem
989 690 1115 744 edit.
1148 691 1256 743 lmo
1282 691 1442 744 etiam
1485 708 1623 748 unus
1650 693 1738 748 ille
1766 697 1995 764 populus
2037 696 2374 751 incruentam
2478 709 2556 760 μα·

2289 711 2374 751 am
2478 691 2793 760 μακαρίζειν
2837 688 2926 741 τὸν
2971 687 3202 758 Χριστοῦ
3256 686 3400 740 λαόν⁵
3448 681 3599 751 οὗτος
3647 688 3776 766 γάρ,
3819 690 4015 757 γνῶσιν

829 789 887 834 et
932 779 1291 835 rationabilem
1345 782 1574 837 hostiam
1632 799 1728 853 per
1774 785 2146 855 jubilationem
2188 787 2378 842 oﬁ'erre

836 869 947 946 Deo
996 871 1164 924 solet:
1197 872 1322 939 quia
1352 872 1403 925 in
1430 873 1801 942 spiritualibus
1842 875 2124 932 sacriﬁciis
2150 915 2165 940 ,
2216 884 2377 945 atque

835 959 888 1010 in
928 960 1072 1012 cultu
1122 975 1278 1028 quem
1327 961 1379 1014 in
1408 960 1555 1016 Novo
1593 962 1938 1019 Testamento
1984 966 2371 1035 persolvimus,

833 1062 1038 1100 necnon
1074 1049 1128 1100 in
1154 1049 1432 1104 sacriﬁciis
1464 1049 1762 1107 incruentis
1792 1061 1852 1109 et
1876 1055 2109 1108 materize
2137 1054 2374 1123 experti-

832 1141 954 1202 bus,
985 1153 1089 1192 una
1124 1154 1254 1194 voce
1302 1139 1412 1193 Deo
1435 1141 1728 1210 gratiarum
1770 1144 2032 1198 actionem
2059 1147 2372 1200 emittimus.

805 1228 936 1282 ,Pro
971 1229 1062 1282 illo
1095 1238 1294 1294 autem,
1328 1230 1432 1295 Qui
1465 1233 1564 1284 scit
1584 1232 1972 1299 jubilationem,
2001 1233 2372 1305 Symmachus,

799 1304 805 1311 ’
833 1321 942 1385 Qui
969 1322 1063 1373 scit
1084 1321 1544 1391 signiﬁcationem,
1583 1325 1953 1395 interpretatu:
1997 1337 2101 1383 est.
2147 1327 2259 1383 Cur
2280 1344 2374 1383 au-

831 1417 938 1463 tem
975 1412 1163 1466 beatus
1197 1419 1280 1466 est
1315 1414 1546 1481 populus
1580 1416 1670 1483 qui
1715 1428 2062 1472 memoratam
2103 1420 2374 1488 iubilatio-

833 1513 955 1552 nem
1004 1499 1170 1560 novit,
1224 1499 1328 1552 nisi
1376 1502 1503 1568 quia
1561 1502 1858 1558 Salvatoris
1906 1505 2156 1560 deitatem
2210 1523 2375 1577 agno-

835 1602 1012 1649 scens,
1065 1604 1183 1656 quae
1233 1590 1409 1644 vultus
1449 1592 1568 1660 ejus
1608 1603 1850 1658 vocatur,
1900 1596 2078 1651 vultus
2132 1597 2373 1666 ejusdem

835 1679 1036 1731 lumine
1060 1679 1336 1746 perfusus,
1370 1682 1450 1734 sic
1477 1682 1578 1736 iter
1613 1684 1722 1753 agit
1750 1701 1906 1739 suum
1939 1686 2142 1752 dicens,
2173 1687 2376 1759 Signa-—

837 1777 943 1819 tum
973 1775 1049 1819 est
1081 1785 1231 1836 super
1267 1786 1358 1822 nos
1399 1772 1567 1824 lumen
1611 1773 1779 1826 vultus
1819 1776 1916 1836 tui,
1953 1775 2169 1831 Domine
2192 1778 2265 1843 ’ξς
2298 1785 2370 1837 et,

837 1853 903 1908 In
931 1856 1121 1910 lumine
1151 1867 1238 1910 tuo
1267 1858 1546 1912 videbimus
1585 1859 1756 1914 lumen
1774 1862 1855 1914 ⁸⁵2
1883 1861 1956 1915 Ea
1989 1865 2055 1918 de
2086 1880 2250 1918 causa
2275 1865 2373 1934 igi-

2474 780 2771 850 ἀνειληφὼς
2813 781 2908 848 τῆς
2967 779 3106 832 καδτά
3152 777 3259 832 τ’ῶν
3303 779 3595 850 πολεμίων·
3621 781 3736 834 τοῦ·
3771 783 4018 854 Σωτῆρος

2474 868 2626 938 ἡμῶν
2673 869 2845 936 νίκης,
2888 867 3138 930 ἀλαλάζει
3187 867 3323 921 κατά
3352 869 3459 923 τῶν
3501 869 3726 939 ἐχθρῶν,
3762 873 3898 942 ὑπὲρ
3926 874 4016 925 τοῦ

2473 958 2670 1011 οἰκείου
2711 957 2968 1028 βασιλέως
3001 959 3091 1013 τὸν
3119 957 3424 1027 ἀλαλαγμὸν
3463 961 3798 1031 ποιούμενος.
3861 964 4017 1016 Ἀλλά

2473 1049 2565 1101 καὶ
2592 1050 2690 1119 τὴν
2727 1049 2912 1100 θυσίαν
2957 1048 3054 1118 τὴν
3100 1049 3324 1117 ἄναιμον
3355 1051 3570 1120 λογικὴν
3617 1052 3772 1120 μόνος
3813 1049 3962 1116 οὗτος
3988 1059 4016 1107 6

2473 1138 2598 1201 λαὸς
2639 1139 2705 1190 δι’
2742 1139 3054 1208 ἀλαλαγμοῦ
3094 1137 3248 1190 εἴωθε
3291 1140 3611 1210 προσφέρειν
3641 1142 3716 1212 τῷ
3751 1143 3888 1211 Θεῷ,
3929 1144 4016 1198 διὰ

2471 1228 2564 1282 τοῦ
2604 1229 2883 1298 σύμφωνον
2911 1229 3249 1299 ἀναπέμπειν
3294 1229 3370 1299 τῷ
3411 1231 3525 1302 Θεῷ
3570 1233 3912 1304 εὐχαριστίαν
3959 1237 4014 1287 ὲν

2472 1323 2592 1381 ταῖς
2635 1322 3024 1388 πνευματικαῖς
3068 1320 3391 1391 ἱερουργίαις
3437 1323 3529 1374 καὶ
3568 1327 3684 1386 ταῖς
3733 1324 3868 1376 κατά
3917 1327 4014 1394 τὴν

2473 1409 2676 1479 Καινὴν
2694 1409 2961 1478 Διαθήκην
2979 1409 3412 1478 ὲπιτελουμέναις
3435 1414 3562 1481 ἡμῖν
3585 1412 3877 1482 λατρείαις,
3900 1417 4014 1478 ταῖς

2471 1515 2528 1550 τε
2561 1498 2805 1568 ἀναίμοις
2862 1500 2955 1551 κα)⁸
3002 1499 3182 1561 ἀΰλοις
3218 1501 3308 1551 καὶ
3353 1506 3742 1571 πνευματικαῖς
3784 1504 4010 1566 θυσίαις.

2485 1588 2625 1640 ’Λντὶ
2651 1587 2705 1640 δὲ
2725 1587 2838 1650 τοῦ,
2857 1588 2907 1640 ’0
2929 1588 3229 1656 γινώσκων
3247 1591 3609 1660 ἀλαλαγμὸν,
3638 1594 3689 1644 '0
3715 1589 4017 1662 γινώσκων

2469 1678 2794 1745 mutuatur,
2823 1680 2852 1730 6
2884 1678 3172 1748 Σύμμαχος
3201 1680 3524 1750 ἡρμήνευσε.
3551 1683 3648 1735 Διά
3677 1684 3727 1736 τί
3757 1683 3811 1736 δὲ
3839 1686 4014 1753 μακά-

2474 1769 2586 1838 ριός
2609 1771 2753 1821 ἐστιν
2779 1764 2931 1831 οὗτος
2955 1771 2983 1820 6
3007 1770 3239 1840 Χριστοῦ
3264 1771 3386 1834 λαὸς
3413 1774 3440 1824 6
3467 1773 3556 1826 τὸν
3583 1777 3865 1845 εἰρημένον
3892 1778 4017 1831 ἀλα-

2472 1857 2676 1926 λαγμὸν
2705 1858 3074 1928 ἐπιστάμενος,
3121 1860 3231 1912 ἀλλ’
3269 1861 3302 1931 ἢ
3332 1863 3622 1933 ἐπειδήπερ
3659 1865 3752 1934 τὴν
3794 1866 4017 1936 θεότητα

835 1954 922 1998 tur
956 1947 1146 2001 beatus
1186 1955 1267 2001 est
1309 1948 1395 2002 hic
1427 1950 1675 2018 populus.
1723 1949 1926 2015 Tertio,
1955 1953 2079 2021 quia
2113 1968 2235 2007 cum
2265 1968 2373 2007 non
2405 1935 2446 1988 Β
2470 1947 2560 1999 τοῦ

2291 1968 2373 2007 Ion
2405 1935 2446 1988 Β
2470 1947 2560 1999 τοῦ
2585 1947 2827 2017 Σωτῆρος
2851 1949 3234 2016 ἐπιγινώσκων,
3264 1951 3381 2020 ἥτις
3404 1951 3704 2022 ὠνόμασται
3735 1956 4017 2026 πρόσωπον

837 2038 971 2090 satis
1016 2038 1207 2091 habeat
1253 2039 1397 2106 quod
1448 2041 1753 2110 cognitione
1798 2041 1998 2105 Christi
2041 2044 2375 2112 illustretur;

833 2130 924 2181 sed
958 2129 1116 2182 etiam
1149 2129 1202 2182 in
1231 2130 1446 2183 nomine
1475 2130 1592 2198 ejus
1621 2132 1896 2202 glorietur,
1941 2140 1994 2187 et
2032 2134 2099 2188 ab
2127 2149 2191 2188 eo
2223 2133 2377 2188 Chri-

827 2221 1040 2273 stianus
1088 2228 1451 2290 nuncupetur,
1510 2210 1719 2276 laetatur
1762 2231 1816 2278 et
1855 2224 2085 2293 exsultat
2108 2225 2373 2289 totadie,

798 2316 804 2324 '
833 2311 941 2362 imo
971 2310 1151 2379 potius
1180 2312 1432 2366 omnibus
1461 2300 1685 2379 diebus;
1730 2314 1802 2366 ita
1839 2313 1978 2366 enim
2020 2311 2373 2383 Symmachus

829 2397 1215 2466 interpretatus
1241 2407 1357 2466 est;
1391 2393 1617 2469 ideoque
1640 2402 1829 2456 beatus
1856 2413 1955 2456 est.
1989 2401 2211 2466 Quarto,
2245 2405 2370 2472 quia

832 2487 1204 2555 magnitudine
1245 2495 1297 2541 et
1337 2488 1668 2544 sublimitate
1718 2503 1971 2545 crescens
2014 2490 2221 2559 justitia
2275 2492 2370 2546 Dei

821 2576 1101 2628 exaltatur
1131 2594 1143 2628 :
1180 2573 1289 2630 Deo
1313 2591 1522 2644 aequum
1560 2592 1680 2632 esse
1717 2588 1987 2642 censente,
2021 2581 2274 2648 populum
2306 2583 2369 2636 il-

831 2663 940 2715 lum
981 2663 1036 2716 in
1082 2665 1466 2719 sublimitatem
1519 2673 1572 2720 et
1619 2682 1673 2720 ιυ
1717 2666 1900 2736 gloria:
1938 2669 2368 2738 magnitudinem

821 2768 1008 2823 agere,
1041 2755 1134 2824 qui
1171 2764 1516 2810 memoratam
1545 2757 1690 2810 illam
1717 2757 2088 2827 jubilationem
2116 2763 2282 2823 novit,
2307 2776 2370 2815 ac

830 2843 920 2911 qui
952 2860 980 2895 a
1010 2842 1465 2903 facieSalvatoris
1498 2847 1822 2913 illustratur,
1853 2855 1907 2914 et
1935 2850 1990 2904 in
2013 2851 2231 2904 nomine
2252 2850 2370 2920 ejus

822 2934 1081 2999 exsultat,
1131 2936 1533 3005 gloriaturque,
1598 2937 1694 2992 sed
1743 2955 1850 3000 non
1917 2940 1971 2994 in
2017 2948 2163 2995 recte
2215 2939 2370 2994 factis

821 3039 963 3080 SUIS.

821 3079 964 3173 ἐἶναι
988 3084 1264 3191 κρίναντος
1283 3121 1374 3174 τοῦ
1400 3079 1530 3174 (θεοῦ
1555 3125 1633 3186 εἰς
1655 3122 1786 3191 ῦψος
1815 3123 1964 3192 ἄγειν
1996 3124 2090 3176 καὶ
2118 3123 2208 3176 ἐπὶ
2233 3101 2385 3192 μέγα,
2407 3123 2464 3176 δδ

2477 2035 2660 2100 αὐτοῦ,
2697 2037 2773 2106 τῷ
2806 2039 2944 2106 φωτὶ
2973 2038 3064 2090 τοῦ
3097 2040 3382 2110 προσώπου
3419 2043 3579 2096 αὐτοῦ
3610 2047 4017 2116 καταυγαζόμε-

2473 2142 2579 2188 νος,
2604 2126 2698 2196 τὴν
2728 2128 2915 2180 ἑαυτοῦ
2945 2133 3169 2184 ποιεῖται
3197 2132 3417 2203 πορείαν
3441 2132 3630 2201 λέγων,
3667 2136 4018 2206 Ἐσημειώθη

2471 2215 2560 2281 ἐφ’
2585 2213 2738 2283 ἡμᾶς
2765 2215 2829 2268 τὸ
2857 2216 2976 2284 φῶς
3002 2218 3108 2272 τοῦ
3142 2205 3457 2287 προσώπου
3483 2238 3619 2287 σου,
3659 2226 3831 2292 Κύριε
3851 2241 3864 2254 ·
3901 2205 4015 2288 καὶ,

2483 2305 2576 2357 Ἐν
2608 2303 2684 2368 τῷ
2709 2307 2854 2372 φωτί
2882 2320 2995 2360 σου
3025 2310 3284 2378 ὀψόμεθα
3324 2311 3390 2363 τὸ
3423 2311 3576 2379 sed)“
3605 2313 3712 2366 Καὶ
3742 2315 3828 2366 διὰ
3863 2315 4019 2369 τοῦτο

2471 2396 2597 2463 γοῦν
2638 2398 2897 2468 μακάριός
2935 2401 3077 2452 ἐστιν
3107 2393 3263 2463 οὗτος
3299 2403 3328 2454 6
3368 2401 3511 2464 λαός.
3555 2404 3663 2455 Καὶ
3690 2405 3868 2474 τρίτον
3896 2405 4017 2457 ἐπεὶ

2475 2487 2547 2557 μὴ
2570 2487 2902 2556 ἀρκούμενος
2925 2488 3004 2558 τῷ
3028 2488 3114 2541 διά
3141 2490 3238 2557 τῆς
3263 2490 3508 2557 γνώσεως
3533 2490 3626 2543 τοῦ
3655 2492 3886 2561 Χριστοῦ
3914 2512 4018 2562 φω-

2472 2579 2726 2643 τίζεσθαι,
2762 2579 2838 2632 ἐτι
2881 2580 2972 2633 καὶ
3011 2580 3088 2651 τῷ
3134 2582 3351 2650 ὀνόματι
3395 2583 3558 2636 αὑτοῦ
3606 2584 4011 2653 σεμνυνόμενος,

2472 2670 2562 2721 καὶ
2579 2670 2898 2740 Χριστιανὸς
2915 2671 2972 2736 ἐξ
2989 2671 3148 2723 αὑτοῦ
3177 2671 3520 2739 καλούμενος,
3555 2674 3730 2743 χαίρει
3742 2675 3834 2726 καὶ
3852 2675 4020 2742 ἀγαλ-

2471 2759 2560 2828 λιᾷ
2589 2761 2712 2830 ὃλην
2742 2761 2838 2830 τὴν
2869 2762 3109 2833 ἡμέραν,
3151 2762 3348 2832 μᾶλλον
3374 2763 3430 2816 δὲ
3467 2769 3638 2817 πᾶσαν
3667 2765 3894 2835 ἡμέραν·
3927 2761 4018 2817 οῦ-

2473 2865 2548 2900 τω
2588 2849 2693 2920 γὰρ
2724 2853 2751 2902 6
2798 2851 3083 2922 Σύμμαχος
3111 2855 3434 2924 ἡρμήνευσε·
3469 2855 3562 2908 καῖ
3589 2855 3677 2910 διὰ
3705 2856 3858 2908 τοῦτο
3888 2854 4018 2925 γοῦν

2471 2939 2587 2991 ἐστι
2619 2942 2901 3010 μακάριος.
2933 2944 3041 2996 Καὶ
3063 2944 3316 3014 τέταρτον
3347 2945 3530 3016 ἐπειδὴ
3561 2947 3640 3008 είς
3676 2945 3898 3015 μέγεθος
3920 2947 4018 3001 καὶ

2465 3030 2603 3112 ξψος
2622 3033 2835 3096 ἐπιδοὺς
2857 3036 2923 3104 τῇ
2947 3033 3038 3106 τοῦ
3054 3034 3198 3087 Θεοῦ
3222 3036 3528 3107 δικαιοσύνῃ
3549 3037 3792 3105 ὑψοῦται,
3816 3037 4017 3090 δίκαιον

2469 3125 2562 3193 ξης
2580 3126 2669 3179 τὸν
2708 3127 3040 3197 ἐπιστήμονα
3061 3128 3152 3180 τοῦ
3208 3129 3490 3198 εἰρημένου
3517 3129 3828 3200 ἀλαλαγμοῦ
3870 3130 4016 3193 λαὸν,

817 3213 923 3265 οιαὶ
944 3213 1032 3264 τὸν
1059 3211 1161 3264 ὑπὸ
1185 3211 1276 3264 τοῦ
1303 3212 1591 3282 προσώπου
1609 3212 1701 3265 τοῦ
1725 3214 1969 3286 Σωτῆρος
1992 3213 2370 3285 φωτιζόμενον,
2408 3215 2500 3267 καὶ
2562 3215 2648 3268 τὸν
2675 3215 2678 3218 ’
2715 3219 2771 3268 ὲν
2808 3216 3029 3287 ὀνόματι
3064 3215 3227 3270 αὑτοῦ
3255 3217 3632 3288 ἀγαλλόμενον.
3663 3220 3767 3272 καὶ
3802 3219 3891 3272 τὸν
3922 3221 4018 3287 ἑγ-

822 3302 1198 3372 καυχώμενον,
1242 3303 1351 3355 ἀλλ’
1379 3304 1477 3357 οὐκ
1507 3305 1596 3356 ἐπὶ
1629 3305 1739 3368 τοῖς
1768 3303 1914 3368 ίδίοις
1946 3302 2373 3376 κατορθώμασιν⁴

900 3409 1217 3467 Necessario
1264 3421 1441 3466 autem
1497 3411 1739 3482 prmdicti
1783 3411 1994 3467 Domini
2046 3395 2443 3490 mentionemc
2553 3411 2626 3464 ’Δι

2292 3427 2372 3468 em
2398 3428 2443 3490 ε
2553 3410 2882 3479 ’Δναγκαίως
2905 3411 2960 3464 δὲ
2985 3412 3078 3464 καὶ
3105 3412 3199 3465 τοῦ
3210 3411 3551 3483 ,δηλωθέντος
3567 3410 3784 3486 μνήμην
3805 3417 3834 3469 6
3865 3417 4018 3487 λόγος

827 3518 1010 3558 sermo
1041 3501 1187 3568 fecit,
1210 3501 1421 3573 .Christi
1453 3502 1519 3558 ad
1551 3504 1796 3558 homines
1840 3503 2102 3558 adventus
2149 3505 2375 3573 praecla-

833 3608 953 3647 rum
977 3592 1186 3646 facinus
1215 3594 1533 3649 vaticinans.
1563 3593 1861 3662 Antequam
1889 3594 2032 3647 enim
2054 3601 2233 3648 ortum
2257 3593 2375 3662 ejus

833 3683 1067 3748 doceret,
1107 3685 1195 3754 qui
1238 3699 1301 3738 ex
1343 3685 1548 3739 semine
1577 3683 1741 3738 David
1777 3683 2090 3753 proditurus
2123 3692 2279 3751 erat;
2314 3699 2376 3739 ac

827 3777 1221 3847 pi‘mnuntiaret
1257 3778 1498 3832 omnium
1552 3775 1693 3846 apud
1733 3775 1948 3831 Judasos
1988 3776 2374 3831 venerabilium

833 3869 1192 3931 eversionem,
1246 3882 1353 3937 qua
1412 3867 1479 3922 de
1526 3859 1690 3922 causa
1723 3867 1921 3921 dubius
1959 3867 2094 3930 inﬁt,
2130 3863 2230 3919 Ubi
2258 3875 2374 3919 sunt

834 3957 1204 4011 misericordiae
1229 3966 1332 4011 tuae
1369 3957 1618 4026 antiquis,
1647 3956 1900 4012 Domine?
1927 3965 2224 4025 opportune
2255 3957 2374 4025 qui-

832 4047 951 4100 dem
980 4046 1048 4102 de
1072 4048 1296 4102 veritate
1315 4049 1704 4118 promissorum
1731 4047 1821 4102 Dei
1843 4047 1910 4101 ad
1934 4045 2184 4103 Davidem
2207 4048 2376 4103 facto-

827 4153 952 4191 rum
983 4137 1312 4206 praemissam
1360 4138 1662 4192 doctrinam
1705 4138 1891 4193 edidit.
1940 4139 2204 4204 Quoniam
2245 4155 2374 4195 vero

830 4243 933 4281 nos
962 4224 1437 4297 priusedidicisse
1480 4241 1616 4294 opus
1657 4234 1791 4289 erat,
1835 4227 1922 4280 cui
1966 4228 2374 4303 populo’qgratia

829 4315 1078 4370 beneﬁcii
1098 4330 1128 4368 a
1153 4313 1438 4369 Servatore
1458 4316 1637 4370 collati
1664 4330 2050 4380 reservamur,
2071 4332 2375 4388 congruen-

825 4415 915 4461 ter
947 4405 1279 4468 memoravit,
1308 4420 1417 4460 non
1453 4405 1726 4469 lsraelem,
1754 4421 1928 4475 neque
1946 4405 2224 4462 Iudaicam
2253 4424 2396 4479 gens

825 4507 962 4561 tem,
1007 4496 1102 4552 sed
1144 4496 1400 4566 populum
1457 4496 1547 4565 qui
1599 4495 1702 4550 scit
1741 4495 2116 4564 juhilationem
2145 4517 2171 4554 .:
2212 4513 2373 4567 quem

834 4589 1088 4668 populum
1123 4588 1246 4657 jure
1277 4589 1491 4642 beatum
1524 4585 1852 4656 praedicavit,
1898 4587 2066 4640 multa
2100 4586 2201 4656 ipsi
2236 4591 2375 4643 bona

832 4677 1126 4746 pollicitus.
1155 4677 1289 4732 Nam
1319 4680 1447 4748 quia
1467 4675 1654 4734 sciunt
1681 4677 1758 4730 illi
1786 4676 2180 4747 jubilationem,
2202 4678 2375 4747 primo

2476 3500 2788 3570 ἐποιήσατο,
2818 3499 3082 3571 θεσπίζων
3106 3501 3165 3553 τδ
3205 3502 3530 3573 κατόρθωμα
3558 3503 3656 3573 τῆς
3694 3505 3776 3568 εἰς
3813 3507 4022 3580 ἀνθρώ-

2475 3606 2606 3653 πους
2641 3589 2734 3643 τοῦ
2772 3589 3005 3661 Χριστοῦ
3043 3593 3358 3663 παρουσίας.
3397 3593 3619 3648 Μέλλων
3651 3595 3780 3662 γοῦν
3803 3596 3900 3668 τὴν
3925 3599 4020 3668 γέ-

2474 3695 2616 3732 νεσιν
2649 3678 2912 3733 διδάσκειν
2948 3678 3042 3733 τοῦ
3074 3683 3137 3734 ὲκ
3170 3681 3478 3753 σπέρματος
3508 3682 3671 3737 Δαυῖδ
3701 3687 4022 3756 προελευσο-

2476 3771 2656 3840 μένου,
2703 3772 2794 3825 καὶ
2835 3770 2932 3842 τὴν
2980 3773 3353 3842 καταστροφὴν
3399 3772 3506 3825 τῶν
3553 3774 3700 3842 παρά
3761 3775 4021 3829 Ἰουδαίων

2476 3861 2684 3931 σεμνῶν
2714 3861 3118 3932 προαγορεύειν,
3158 3861 3224 3913 δι’
3269 3862 3334 3930 ἢν
3376 3861 3470 3912 καὶ
3509 3862 3726 3932 ἀπορῶν
3757 3865 4018 3934 ἐπιλέγει,

2473 3953 2594 4007 Ποῦ
2630 3954 2759 4007 ἐστι
2801 3955 2874 4007 τὰ
2911 3952 3050 4019 ὲλέη
3081 3968 3200 4005 σου
3229 3950 3300 4003 τὰ
3340 3951 3572 4019 ἀρχαῖα,
3615 3938 3821 4020 Κύριε
3853 3957 4022 4024 ἀναγ-

2473 4044 2641 4107 καίως
2671 4044 2796 4114 περὶ
2828 4043 2923 4113 μὲν
2967 4043 3059 4096 τοῦ
3113 4041 3496 4112 ὲπαληθεύσειν
3545 4041 3602 4106 ἐξ
3644 4044 3878 4107 ἅπαντος
3919 4045 4022 4110 τὰς

2475 4135 2605 4206 πρὸς
2632 4136 2724 4188 τὸν
2752 4134 2911 4187 Δαυῖδ
2932 4132 3025 4185 τοῦ
3051 4132 3184 4185 Θεοῦ
3217 4132 3542 4200 ἐπαγγελίας
3569 4132 3666 4197 τὰς
3694 4137 4022 4207 προειρημέ..

2473 4242 2566 4291 νας
2587 4224 3250 4294 ἐποιήσατο-διδασκαλίας.
3287 4223 3436 4275 Ἐπεὶ
3456 4223 3510 4276 δὲ
3533 4225 3695 4294 ἐχρῆν
3722 4226 4021 4296 προμαθεὶΝ

2473 4317 2616 4386 ἡμᾶς
2645 4317 2740 4369 καὶ
2779 4316 2916 4385 ποίῳ
2951 4314 3062 4385 λαῷ
3093 4317 3127 4385 ή
3159 4315 3316 4384 χάρις
3339 4314 3436 4382 τῆς
3460 4313 3558 4366 τοῦ
3588 4315 3837 4385 Σωτῆρος
3868 4319 4023 4389 εὐερ-

2473 4406 2657 4476 γεσίας
2685 4405 3018 4476 ὲιαμιεύετο,
3049 4405 3353 4467 ἀκολούθως
3398 4405 3795 4475 ἐμνημόνευσεν
3835 4409 3894 4460 οὐ
3924 4408 4021 4462 τοῦ

2486 4498 2718 4569 Ἰσραὴλ,
2758 4497 2877 4550 οὐδὲ
2916 4497 3010 4551 τοῦ
3058 4497 3319 4550 Ἰουδαίων
3360 4495 3560 4560 ἔθνους,
3599 4497 3733 4550 ἀλλά
3765 4498 3859 4550 τοῦ
3890 4498 4021 4552 λαοῦ

2472 4591 2565 4644 τοῦ
2597 4587 2951 4656 γινώσκοντος
2977 4586 3305 4655 ἀλαλαγμόνσ
3342 4587 3433 4637 καὶ
3461 4585 3647 4638 τοῦτον
3678 4589 3899 4650 εἰκότως
3928 4589 4020 4642 τὸν

2473 4681 2597 4733 λαὸν
2629 4670 2949 4749 ἐμακάρισε,
2975 4676 3197 4730 πλεῖστα
3224 4675 3368 4745 αὐτῷ
3409 4673 3587 4743 ἀγαθά
3626 4676 4022 4747 ἂπαγγειλάμε-

833 4769 1049 4838 quidem
1087 4768 1142 4822 in
1183 4770 1385 4824 lumine
1416 4769 1596 4824 vultus
1636 4768 1729 4823 Dei
1766 4766 2138 4848 ambulabunt.
2183 4767 2375 4823 deinde
2403 4759 2448 4814 Ι)
2470 4787 2559 4834 νος

2295 4768 2375 4823 ide
2403 4759 2448 4814 ι)
2470 4787 2579 4834 νος.
2606 4763 2704 4851 Διά
2723 4769 2831 4839 γὰρ
2855 4767 2915 4820 τὺ
2942 4767 3136 4819 εἰδέναι
3165 4765 3493 4834 ἀλαλαγμὸν,
3520 4764 3728 4834 πρῶτον
3753 4765 3847 4834 μὲν
3869 4765 4021 4837 ὲντῷ

835 4861 889 4913 in
928 4859 1143 4915 nomine
1185 4859 1303 4927 eius
1347 4859 1693 4914 exsultabunt
1747 4845 1971 4928 singulis
2019 4858 2238 4924 diebus;
2273 4865 2382 4912 ter-

832 4948 912 5003 tio
968 4953 1021 5002 In
1070 4947 1282 5018 justitia
1340 4948 1457 5016 ejus
1515 4947 1928 5012 exaltahuntur;
1989 4953 2184 5017 quarto
2213 4946 2382 5016 gloria

834 5040 1046 5094 virtutis
1090 5018 1278 5094 eorum
1326 5037 1428 5090 erit
1473 5038 1588 5107 ipse
1619 5034 1899 5091 Dominus.
1947 5036 2084 5103 Quia
2122 5037 2264 5092 enim
2293 5037 2384 5092 hic

836 5131 1066 5200 populus
1129 5128 1284 5186 fortis
1338 5132 1404 5181 et
1448 5133 1637 5196 potens
1689 5133 1797 5191 est,
1846 5134 2030 5194 utpote
2083 5127 2176 5196 qui
2219 5141 2383 5196 supra

837 5232 1041 5292 petram
1065 5220 1362 5282 adiﬁcatus
1385 5223 1478 5283 sit,
1512 5222 1586 5275 ita
1616 5228 1675 5275 ut
1703 5227 1873 5291 ponat
1911 5219 2069 5299 inferi
2105 5235 2212 5274 non
2243 5234 2379 5289 prat-

835 5305 1050 5368 valeant
1096 5310 1355 5368 adversus
1389 5326 1563 5379 eum;
1609 5313 1730 5380 jure
1775 5311 2112 5382 gloriabitur,
2164 5326 2272 5365 non
2321 5311 2379 5364 in

837 5406 1053 5475 propria
1093 5405 1310 5476 virtute,
1355 5402 1449 5460 sed
1481 5404 1536 5459 in
1564 5403 1791 5460 Domino
1835 5405 1928 5474 qui
1977 5402 2224 5462 fundavit
2253 5416 2377 5457 eum

840 5511 1004 5565 supra
1047 5503 1271 5564 petram.
1310 5493 1537 5566 Propter
1574 5495 1686 5549 haec
1721 5494 1904 5551 omnia
1935 5493 2129 5548 Beatus
2158 5493 2377 5571 ρορμα

834 5586 924 5654 qui
960 5583 1057 5639 scit
1095 5582 1477 5650 jubituionan.
1523 5583 1775 5653 Nostrum
1812 5585 1940 5640 item
1986 5586 2375 5656 prophetarum

837 5675 929 5743 qui
963 5676 1195 5742 uesper
1217 5671 1478 5744 Spiritum
1507 5675 1883 5743 vaticinamur,
1923 5690 2092 5731 cornu
2120 5675 2376 5734 exaltabi-

911 5881 956 5913 ⁸⁸
983 5880 1121 5938 Psal.
1148 5899 1217 5949 iv,
1244 5883 1295 5938 7.
1370 5883 1414 5915 ³⁸
1453 5880 1597 5939 Psal.
1632 5896 1792 5946 xxxv,
1839 5882 1922 5936 i0.

2476 4861 2612 4926 φωτὶ
2640 4859 2734 4912 τοῦ
2758 4857 3042 4929 προσώπου
3071 4855 3163 4908 τοῦ
3198 4855 3328 4907 Θεοῦ
3358 4855 3726 4924 πορεύσονται,
3757 4853 3942 4910 ἔπειτα
3959 4857 4024 4909 ὲν

2475 4950 2550 5020 τῷ
2585 4948 2803 5021 ὀνόματι
2843 4948 3004 5002 αὑτοῦ
3044 4947 3452 5016 ἀγαλλιάσονται
3484 4945 3601 4997 καθ’
3629 4937 3862 5015 ἑκάστην
3887 4948 4023 5015 ἠμέρ-

2480 5056 2592 5108 ραν·
2622 5041 2713 5093 καὶ
2735 5040 2914 5112 τρίτον
2941 5041 2998 5092 ὲν
3024 5041 3088 5110 τῇ
3113 5037 3418 5107 δικαιοσύνῃ
3440 5034 3602 5091 αὑτοῦ
3631 5034 3810 5102 ὑψωθή
3821 5052 4019 5090 σονται-

2479 5132 2569 5182 καὶ
2604 5131 2855 5202 τέταρτον
2903 5129 3302 5202 καύχημαγτῆς
3339 5127 3613 5195 δυνάμεως
3655 5126 3832 5178 αὐτῶν
3872 5125 4024 5183 ἔσται

2479 5220 2636 5284 αὐτὸς
2661 5223 2689 5274 6
2717 5220 2934 5292 Κύριος.
2992 5207 3204 5290 Ἐπειῆ
3233 5218 3342 5289 γὰρ
3373 5215 3628 5288 κραταιὸς
3670 5217 3764 5269 καὶ
3803 5217 4024 5281 δυνατὸς

2479 5316 2731 5384 τυγχάνει
2764 5317 2792 5368 6
2829 5314 2953 5378 λαὸς
2994 5308 3166 5376 οὗτος,
3196 5311 3290 5366 ἅτε
3322 5311 3410 5361 ἐπὶ
3451 5309 3548 5380 τὴν
3585 5310 3788 5379 πέτραν
3829 5309 4023 5379 ᾠκοδο-

2486 5405 2739 5473 μημένος,
2769 5406 2843 5469 ὡς
2870 5406 3003 5476 μήτε
3037 5402 3206 5465 πύλας
3237 5399 3363 5471 ᾅδου
3396 5400 3701 5469 κατισχύειν
3735 5399 3917 5452 αὐτοῦ’
3945 5400 4023 5450 εἰ-

2483 5494 2651 5558 κότως
2679 5491 3028 5566 καυχήσεται,
3061 5493 3175 5547 ἀλλ’
3203 5492 3302 5542 οὐκ
3329 5490 3420 5543 ἐπὶ
3449 5493 3515 5561 τῇ
3560 5487 3751 5561 οἰκείᾳ.
3777 5487 4020 5556 δυνάμει,

2481 5583 2591 5637 ἀλλ’
2638 5585 2726 5636 ἐπὶ
2772 5583 2848 5654 τῷ
2888 5579 3291 5652 τεθεμελιωκότι
3336 5580 3496 5633 αὐτὸν
3539 5580 3628 5633 ἐπὶ
3668 5579 3769 5649 τὴν
3819 5578 4024 5646 πέτραν

2480 5674 2685 5748 Κυρίῳ.
2717 5669 3585 5742 Διάδὲταῦταπάντα
3615 5674 3647 5726 ό
3681 5670 3830 5734 λαὸς
3864 5670 3899 5722 δ
3931 5679 4024 5735 τά·
