4372 6404
409 486 531 541 i'09'7

1492 493 1977 549 COMMENTARIA
2012 496 2077 549 IN
2116 494 2444 550 PSALMOS.

3416 497 3547 550 1098

399 597 638 684 νώσκων
660 597 1017 684 ἁλαλιιγμον.
1049 598 1153 650 Καὶ
1175 601 1204 667 ἢ
1214 600 1326 669 μῶν
1352 602 1405 653 δὲ
1433 605 1606 655 αὐτῶν
1633 606 1738 656 τῶν
1758 607 1925 658 ταῦτα
1954 618 1999 668 Α
2027 616 2125 659 tur.

1822 607 1925 657 .511
1954 618 1999 668 Α
2027 616 2133 659 tur.
2166 607 2317 684 Quod
2358 614 2533 660 autem
2564 622 2752 673 cornu,
2798 609 2902 664 nisi
2952 610 3003 661 id
3048 609 3190 677 quod
3234 623 3299 664 ex
3346 612 3548 665 semine

398 682 747 744 Θεσπιζόντων
776 683 861 735 διὰ
889 683 981 735 τοῦ
1023 684 1329 753 Πνεύματος
1360 690 1644 758 προφητῶν
1672 691 1731 742 τὸ
1762 692 1925 761 κέρας

396 771 747 841 ὑψωθήσεται.
784 773 936 825 Ποῖον
961 772 1016 825 δὲ
1047 774 1205 843 κέρας
1232 776 1265 845 ἦ
1292 778 1352 828 τὸ
1386 778 1572 846 μέλλον
1596 782 1659 831 ὲκ
1685 780 1925 849 σπέρμα-

393 859 667 921 τος-Δαυίδ
697 861 833 913 κατὰ
860 862 953 930 τὴν
998 864 1113 930 σὴν,
1152 856 1197 914 ὦ
1225 862 1411 931 Κύριε,
1437 867 1765 933 ἐπαγγελίαν
1796 885 1927 936 προ-

395 950 734 1013 exstinctum;
760 951 866 1002 Καὶ
887 950 1039 1002 τοῦτο
1064 951 1167 1021 γὰρ
1196 953 1255 1003 τὸ
1274 952 1436 1023 κέρας
1455 956 1486 1022 ή
1496 956 1627 1023 μῶν,
1663 958 1719 1009 ὲν
1738 950 1781 1021 ᾧ
1804 959 1927 1019 τοὺς

395 1039 616 1107 ἐχθροὺς
657 1040 807 1109 ἡμῶν
838 1040 1209 1110 κερατιοῦμεν,
1242 1044 1299 1093 ὲν
1328 1045 1393 1111 τῇ
1424 1044 1636 1113 εὐδοκία
1666 1062 1757 1097 σου
1786 1046 1927 1113 ὑψω-

395 1130 633 1197 Θήσεται,
656 1129 748 1181 σοῦ
774 1128 1059 1197 τοῦἋγίου
1088 1132 1317 1201 Ἰσραὴλ,
1346 1120 1438 1185 τοῦ
1470 1133 1725 1201 βασιλέως
1751 1136 1922 1204 ἡμῶν,

394 1206 908 1288 ἁντίλαμὸανομὲνου
952 1220 1049 1289 τῆς
1091 1222 1275 1274 τούτου
1317 1222 1409 1274 τοῦ
1448 1223 1620 1293 κέρως
1644 1226 1921 1291 γενέσεως.

396 1306 517 1361 Εἶεν
546 1309 589 1361 δ’
622 1309 688 1361 ἂν
717 1305 871 1363 αῦται
900 1313 1068 1379 φωναὶ
1100 1312 1425 1381 προφητικαὶ
1458 1315 1514 1377 ἐξ
1540 1315 1732 1366 οἰκείου
1763 1332 1925 1384 προσ-

393 1397 540 1449 ώπου
570 1396 637 1449 τὰ
665 1400 990 1468 προκείμενα
1029 1402 1418 1469 ἀναφωνοῦσαι,
1462 1402 1623 1473 κέρας
1659 1421 1716 1455 τε
1751 1405 1923 1457 αὐτῶν

393 1487 739 1556 ὁμολογοῦσαι
770 1483 906 1541 εἶναι
933 1488 1022 1542 τὸν
1048 1490 1185 1543 κατὰ
1216 1491 1391 1560 σάρκα
1416 1492 1776 1561 φανησόμενον
1796 1495 1923 1563 Χρι-

391 1577 512 1629 στὸν
540 1577 627 1629 τοῦ
652 1577 802 1632 Θεοῦ.

466 1695 597 1745 Τότε
635 1692 936 1761 ἐλάλησας
967 1694 1035 1746 ἑν
1065 1694 1264 1761 δράσει
1303 1696 1423 1762 τοῖς
1466 1698 1611 1763 υἱοῖς
1650 1716 1782 1763 σου,
1829 1701 1923 1753 καί

390 1775 582 1845 εἴπως’
658 1774 895 1850 Ἔθέμην
926 1784 1210 1847 βοήθειαν
1255 1784 1349 1836 ἐπὶ
1388 1784 1666 1839 δυνατόν’
1714 1789 1926 1854 {ig-mou

389 1868 673 1922 ἐκλεκτὸν
692 1871 759 1924 ἐκ
789 1873 891 1925 τοῦ
914 1874 1062 1925 λαοῦ
1082 1890 1216 1941 μου.
1239 1869 1430 1940 Εὗρον
1457 1876 1633 1928 Δαυῒδ
1655 1876 1757 1929 τὸν
1786 1876 1921 1930 δοῦ-

391 1956 501 2007 λόν
517 1973 652 2022 μου,
678 1958 746 2009 ὲν
765 1959 943 2024 ἐλαίῳ
965 1960 1106 2027 ἁγίῳ
1127 1977 1241 2028 μου
1266 1960 1477 2028 ἐχρισα
1499 1965 1696 2016 αὐτόν.
1737 1967 1795 2020 Ἠ
1815 1968 1919 2034 γὰρ

389 2046 515 2113 χείρ
552 2063 669 2113 μου
714 2051 1215 2117 συναηιλιὶψεται
1252 2052 1425 2115 αὐτῷ,
1467 2054 1560 2104 καὶ
1599 2056 1631 2106 ό
1655 2055 1921 2123 ,ϐραχίων

387 2153 505 2204 μου,
532 2130 877 2205 κατισχύσει
906 2141 1107 2193 αὐτόν.
1153 2143 1268 2193 Οὐκ
1302 2141 1589 2209 ὠφελήσει
1620 2144 1824 2210 ἐχθρὸς
1854 2146 1921 2196 ἐν

386 2225 561 2291 αὐτῷ,
595 2228 690 2278 καὶ
738 2227 863 2293 υίὰς
908 2229 1151 2297 ἀνομίας
1182 2234 1252 2283 οὐ
1282 2231 1528 2283 κακώσει
1575 2235 1772 2286 αὐτόν.
1812 2237 1917 2287 Καὶ

388 2317 671 2383 συγκόψω
698 2318 812 2370 ἀπὸ
841 2321 1157 2386 προσώπου
1188 2323 1368 2374 αὑτοῦ
1398 2323 1535 2387 τοὺς
1562 2325 1805 2390 ἐχθροὺς
1828 2326 1921 2377 αὺ-

388 2405 511 2469 τοῦ,
543 2406 637 2458 καὶ
674 2407 812 2471 τοὺς
837 2411 1161 2476 μισοῦντας
1187 2411 1369 2463 αὐτόν
1400 2397 1780 2479 τροπώσομαί.
1811 2415 1917 2465 Καὶ

386 2498 424 2563 ἡ
454 2495 699 2562 ἀλήθειά
719 2515 836 2565 μου
867 2500 962 2550 καὶ
990 2500 1053 2550 τὸ
1092 2501 1258 2564 ἔλεός
1292 2519 1409 2568 μου
1432 2505 1553 2568 μετ’
1591 2502 1791 2566 αὑτοῦ,
1824 2506 1918 2555 καὶ

388 2585 453 2637 ὲν
481 2585 559 2650 τῷ
598 2588 833 2655 ὀνόματί
869 2606 983 2656 μου
1014 2586 1385 2655 ὑψωθήσεται
1415 2592 1477 2643 τὸ
1522 2592 1691 2657 κέρας
1714 2592 1915 2645 αὑτοῦ.

391 2676 567 2741 Ἀπαξ
604 2677 690 2729 διὰ
726 2678 831 2730 τῶν
858 2678 1153 2747 ἔμπροσθεν
1195 2680 1565 2749 μνημονεύσας
1588 2684 1615 2733 6
1647 2680 1797 2748 λόγος
1826 2682 1917 2734 τοῦ

387 2767 560 2835 κέρως
584 2770 639 2819 ὲν
666 2764 744 2830 οἷς
777 2767 895 2837 ἔφη·
937 2769 1029 2819 Ἐν
1048 2768 1121 2836 τῇ
1148 2769 1384 2833 εὐδοκίᾳ
1407 2784 1521 2821 σου
1547 2771 1919 2837 ὑψωθήσεται

386 2856 451 2907 τὸ
476 2854 649 2921 κέρας
675 2854 856 2922 ἡμῶν,
890 2856 1191 2923 ἀναγκαίως
1225 2855 1421 2925 προῖὼν
1446 2856 1681 2908 διδάσκει
1709 2857 1757 2909 τί
1794 2874 1916 2908 ποτε

384 2940 450 3013 ἦν
484 2944 637 2996 τοῦτο
662 2946 721 2996 τὸ
748 2947 928 3015 κέρας,
969 2948 1060 2998 καὶ
1090 2945 1247 2998 πόθεν
1274 2944 1409 3013 ἥξει,
1442 2946 1532 2998 καὶ
1562 2947 1674 3009 πῶς
1706 2947 1916 3016 ὑψωθήο

388 3052 557 3087 σεται.
587 3038 674 3101 Διό
703 3054 881 3105 φησιν’
916 3037 1032 3090 Ὅτι
1054 3038 1157 3091 τοῦ
1179 3041 1392 3107 Κυρίου
1421 3036 1589 3091 ἐστίν
1618 3040 1654 3104 ὴ
1683 3040 1916 3104 ἀντίλη-

386 3126 509 3189 ψις,
548 3126 579 3192 ή
614 3094 725 3176 τοῦ,
746 3094 916 3194 κέρως
945 3126 1195 3195 δηλονότι.
1228 3094 1425 3198 Ιξυρὶου
1465 3128 1520 3179 δὲ
1558 3094 1725 3193 ποίου,
1760 3129 1792 3198 ἢ
1826 3094 1915 3179 τοῦ

2028 695 2190 749 David
2240 696 2532 749 secundum
2595 704 2773 760 tuam,
2836 696 3085 760 Domine,
3139 700 3547 766 promissionem

2026 783 2359 850 proditurum
2410 783 2529 837 est?
2574 782 2703 836 Nam
2756 785 2885 836 illud
2930 800 3095 837 cornu
3149 794 3408 846 nostrum,
3440 802 3549 854 quo

2028 874 2271 927 inimicos
2315 882 2530 927 nostros
2559 874 2956 939 ventilabimns,
2996 875 3052 926 in
3094 874 3423 942 beneplacito
3456 884 3549 929 tuo

2024 962 2380 1015 exaltabitur:
2413 968 2465 1015 te
2515 961 2709 1015 Sancto
2754 961 2937 1024 Israel,
2976 978 3100 1031 rege
3144 972 3346 1025 nostro,
3386 965 3547 1032 hujus

1979 1073 1983 1077 υ
2025 1064 2191 1102 cornu
2219 1059 2395 1102 ortum
2448 1060 2784 1117 procurante.
2830 1049 2920 1103 Has
2948 1065 3108 1119 porro
3137 1066 3294 1105 voces
3324 1054 3544 1121 prophe-

2025 1146 2202 1191 tarum
2248 1137 2467 1199 fuerint,
2520 1154 2585 1192 ex
2633 1140 2845 1207 propria
2888 1154 3116 1208 persona
3152 1142 3264 1194 haec
3295 1157 3411 1211 qua:
3438 1143 3546 1209 jam

2024 1235 2319 1281 tractamus
2374 1227 2779 1295 proferentium,
2838 1244 2901 1282 ac
2958 1229 3321 1305 confitentium
3380 1246 3547 1284 eomu

2024 1330 2178 1369 suum
2224 1331 2344 1370 esse
2392 1316 2667 1372 Christum
2699 1316 2811 1385 Dei,
2862 1318 2955 1386 qui
3003 1319 3298 1374 secundum
3335 1334 3549 1375 carnem

2022 1406 2333 1473 proditurus
2357 1407 2409 1459 in
2438 1407 2611 1460 lucem
2635 1414 2736 1459 est.

2090 1682 2250 1738 Vens.
2283 1683 2471 1737 21-25.
2494 1684 2633 1736 Tunc
2659 1684 2855 1737 locutus
2884 1702 2935 1738 es
2964 1687 3016 1737 in
3047 1686 3238 1738 visione
3268 1688 3393 1754 ﬁliis
3422 1690 3545 1752 tuis,

2021 1783 2068 1828 et
2090 1756 2304 1827 dixisti:
2340 1774 2495 1826 Posui
2526 1775 2839 1841 adjutorium
2871 1776 2924 1827 in
2950 1784 3180 1841 potente;
3205 1764 3547 1829 cxaltavietc-

2024 1875 2158 1917 ctum
2196 1880 2261 1917 ex
2292 1865 2478 1931 populo
2528 1881 2655 1917 meo.
2711 1864 2886 1917 Inveni
2926 1866 3085 1917 David
3124 1882 3321 1918 servant
3358 1882 3543 1928 meum,

2023 1955 2133 2007 οίεο
2163 1965 2342 2008 εαησιο
2386 1971 2493 2007 meo
2527 1956 2652 2006 unxi
2683 1971 2818 2007 eum.
2864 1954 3053 2009 Manus
3083 1958 3216 2009 enim
3255 1974 3365 2009 mea
3396 1961 3545 2009 auxi-

2022 2047 2235 2098 liabitur
2262 2048 2328 2111 ei,
2358 2055 2407 2100 et
2430 2047 2697 2099 brachium
2728 2064 2896 2101 meum
2924 2050 3231 2117 confortabit
3260 2064 3394 2101 eum.
3427 2047 3546 2101 Non

2018 2135 2251 2202 proﬁciet
2284 2136 2519 2187 inimicus
2562 2137 2614 2187 in
2654 2153 2732 2200 eo,
2767 2152 2815 2189 et
2842 2138 2984 2203 ﬁlius
3016 2139 3299 2207 iniquitatis
3331 2154 3429 2191 non
3455 2155 3548 2190 no-

2019 2225 2147 2277 cebit
2172 2227 2237 2278 ei.
2270 2225 2336 2278 Et
2366 2228 2633 2280 concidam
2665 2244 2696 2278 a
2724 2226 2856 2294 facie
2885 2229 3047 2293 ipsius
3077 2229 3310 2281 inimicos
3336 2229 3467 2296 ejus,
3497 2238 3545 2279 et

2020 2312 2242 2367 odientes
2270 2331 2385 2368 eum
2413 2317 2465 2367 in
2494 2317 2669 2385 fugam
2701 2329 3009 2370 convertam.
3043 2317 3111 2369 Et
3142 2320 3325 2370 veritas
3358 2335 3468 2370 mea
3499 2328 3547 2370 et

2018 2404 2372 2456 misericordia
2402 2421 2512 2458 mea
2537 2422 2650 2457 cum
2674 2409 2805 2473 ipso,
2834 2417 2881 2459 et
2910 2409 2962 2459 in
2987 2409 3187 2460 nomine
3213 2424 3320 2461 meo
3347 2410 3549 2461 exalta-

2019 2495 2154 2547 bitur
2200 2512 2358 2548 cornu
2404 2497 2533 2563 ejus.
2586 2498 2720 2549 Cum
2767 2498 2926 2551 semel
2972 2506 3127 2550 antea
3173 2512 3351 2551 sermo
3383 2513 3549 2553 cornu

2017 2587 2406 2647 memoraverit,
2436 2602 2555 2638 cum
2586 2587 2787 2641 diceret
2814 2606 2827 2639 :
2862 2586 2925 2638 In
2948 2588 3260 2654 beneptacito
3285 2598 3373 2639 tuo
3400 2590 3550 2639 exat-

2019 2674 2214 2726 tabitur
2250 2690 2407 2726 cornu
2434 2682 2686 2735 nostrum,
2718 2675 3025 2726 necessario
3054 2674 3205 2726 docet
3235 2676 3286 2727 in
3319 2691 3547 2743 sequen-

2018 2762 2160 2815 tibus
2190 2762 2452 2830 quodnam
2488 2760 2613 2813 illud
2643 2776 2830 2823 cornu,
2858 2760 2998 2813 unde
3026 2771 3305 2815 venturum
3332 2772 3385 2815 et
3413 2780 3546 2831 quo-

2017 2853 2176 2905 modo
2205 2850 2545 2905 exaltandum
2578 2852 2666 2904 sit.
2697 2849 3055 2913 Quamobrem
3090 2851 3239 2916 dicit,
3274 2852 3409 2916 Quia
3438 2852 3547 2903 Dc-

2014 2944 2143 2997 mini
2179 2951 2257 2996 est
2301 2944 2604 3009 assumptio,
2661 2942 2804 2995 illius
2842 2956 3010 2994 cornu
3044 2942 3304 2995 videlicet.
3338 2942 3544 2996 Domini

2018 3040 2193 3085 autem
2232 3028 2533 3095 cujusnam,
2579 3029 2681 3081 nisi
2727 3027 2906 3082 Sancti
2932 3027 3114 3089 Israel,
3159 3030 3301 3097 regis
3338 3031 3547 3083 nostri?

2018 3120 2135 3189 ipse
2158 3115 2397 3189 namque
2433 3120 2689 3201 Dominus
2730 3128 2783 3174 et
2835 3118 3065 3173 Sanctus
3114 3117 3272 3173 Israel
3306 3136 3419 3181 rex,
3456 3119 3549 3175 Dei

399 3214 578 3276 Ἀγίου
596 3215 802 3286 Ἰσραὴλ
821 3216 910 3269 τοῦ
934 3216 1188 3285 βασιλέως
1209 3218 1390 3288 ήμῶνς
1423 3213 1589 3281 Ᾱὺτὸς
1620 3219 1724 3289 γὰρ
1751 3222 1781 3271 6
1807 3220 1916 3270 Κύ-
1945 3234 1985 3287 (ζ
2022 3211 2122 3266 ver

1824 3220 1916 3270 ςύ-
1945 3234 1985 3287 (ς
2022 3211 2272 3277 Verbum,
2320 3212 2617 3280 assumptio
2666 3212 2767 3297 erit
2802 3225 2973 3263 cornu
3007 3210 3198 3272 nostri,
3232 3211 3312 3262 uti
3347 3211 3550 3279 pollici-

389 3320 498 3374 ριος
526 3305 618 3356 καὶ
642 3306 668 3355 ὁ
693 3308 875 3373 Ἄγιος
916 3307 1007 3358 τοῦ
1059 3308 1269 3377 Ἰσραὴλ
1306 3308 1566 3378 βασιλεὺς,
1601 3313 1629 3361 6
1654 3310 1745 3362 τοῦ
1784 3311 1915 3363 Θεοῦ

383 3394 571 3459 Λόγος,
605 3395 877 3463 ἀντίληψις
910 3396 1055 3448 ἔσται
1080 3397 1170 3449 τοῦ
1197 3400 1370 3468 κέρως
1405 3401 1557 3468 ἡμῶν
1588 3401 1708 3453 καθ’
1734 3401 1796 3462 ἃς
1826 3418 1919 3452 πε-

387 3485 597 3553 ποίηται
632 3486 972 3551 ἐπαγγελίας,
1002 3488 1232 3555 ὁπηνίκα
1271 3488 1418 3539 λαλεῖ
1448 3490 1530 3540 διὰ
1564 3490 1669 3540 τῶν
1707 3508 1918 3557 προφη-

382 3574 489 3627 τῶν
520 3576 642 3643 περὶ
682 3575 771 3626 τοῦ
804 3575 1076 3643 μέλλοντος
1123 3578 1185 3627 ἐκ
1234 3577 1537 3645 σπέρματος
1584 3579 1741 3631 Δαυῖδ
1791 3596 1917 3647 προ-

383 3663 715 3716 ελεύσεσθαι.
766 3667 890 3717 Ὅτε
930 3667 1055 3735 γὰρ,
1104 3668 1280 3735 φησὶν,
1330 3667 1590 3735 ὲλάληςας
1636 3670 1691 3719 ὲν
1736 3668 1915 3736 ὁράσει

382 3755 493 3815 τοῖς
531 3753 701 3820 ἁγίοις
732 3770 842 3813 σου,
869 3755 935 3807 τά
962 3772 1018 3806 τε
1060 3756 1382 3825 προκείμενα
1425 3756 1727 3825 ὲπηγγείλω
1752 3758 1835 3818 σὺ,
1873 3752 1917 3807 ὧ

383 3841 533 3902 Θεὸς,
563 3840 648 3892 διὰ
681 3841 786 3892 τῶν
820 3841 1040 3893 σεαυτοῦ
1079 3842 1206 3895 υίῶν
1244 3843 1346 3895 τῶν
1382 3845 1685 3915 προφητῶν,
1714 3838 1791 3907 οἷς
1822 3845 1917 3907 τὰς

381 3931 597 4000 ὁράσεις
622 3931 725 3983 τῶν
765 3931 1055 4000 μελλόντων
1091 3934 1479 4003 ἀπεκάλυπτεςο
1518 3934 1584 3985 δι’
1614 3932 1787 3985 αὐτῶν
1810 3932 1916 4002 γὰρ

384 4021 476 4070 καὶ
507 4019 817 4088 ποιούμενος
858 4020 951 4081 τὰς
988 4021 1308 4087 ἐπαγγελίας
1346 4022 1441 4083 τὰς
1474 4022 1607 4089 πρὸς
1630 4021 1717 4072 τὸν
1737 4020 1914 4082 Δαυῖδ,

382 4109 589 4169 τούτοις
622 4110 836 4177 ἐχρήσω
866 4113 977 4172 τοῖς
1007 4110 1198 4177 λόγοις
1254 4110 1489 4177 Ἐθέμην
1508 4110 1791 4177 βοήθειαν
1818 4110 1915 4162 ἐπὶ

381 4196 656 4250 δυνατόν·
683 4199 895 4264 ὕψωοα
922 4200 1200 4251 ἐκλεκτὸν
1220 4199 1287 4251 ἐκ
1314 4198 1415 4251 τοῦ
1441 4198 1590 4251 λαοῦ
1608 4216 1742 4266 μου.
1780 4198 1914 4250 ‘Ave’

381 4282 456 4338 ὧν
485 4289 512 4339 6
541 4286 826 4356 Σύμμαχος
850 4286 1030 4340 τοῦτον
1057 4288 1357 4358 ἡρμήνευσε
1387 4290 1475 4341 τὸν
1501 4289 1715 4356 τρόπον’
1755 4289 1915 4342 ἰδπέ-

380 4379 532 4442 θηκα
570 4377 887 4443 ἀντίληψιν
918 4375 1166 4443 ἀνδρῶν,
1205 4376 1419 4444 ὕψωσα
1463 4378 1775 4430 ἐπίλεκτον
1801 4377 1914 4430 ἀπὸ

380 4468 487 4521 τοῦ
511 4468 660 4521 λαοῦ
680 4485 817 4536 μου.
852 4463 1041 4534 Εὗρον
1065 4466 1240 4519 Δαετδ
1266 4467 1374 4520 τὸν
1399 4466 1620 4521 δοῦλόν
1650 4485 1787 4535 μου,
1826 4467 1917 4519 καὶ

379 4558 449 4610 τὰ
480 4558 601 4629 ἑξῆς
626 4561 736 4620 τοῖς
778 4557 1163 4626 Ἐὁδομήκοντα
1198 4557 1602 4628 παραπλησίως’
1637 4550 1709 4609 ὧν
1739 4561 1771 4627 ἡ
1801 4559 1915 4610 διά-

380 4664 499 4701 νοια
527 4649 711 4702 τοῦτον
740 4648 850 4719 ἔχει
874 4648 962 4701 τὸν
988 4647 1198 4717 τρόπον·
1236 4647 1409 4702 Πολλὰ
1458 4648 1693 4725 ζητήσας
1728 4648 1785 4698 ἐν
1821 4649 1916 4699 ἀν-

382 4736 615 4806 θρώποις
642 4738 788 4802 ἄξιον
818 4741 990 4809 εὑρεῖν
1017 4737 1271 4806 ὲμαυτοῦ,
1305 4738 1452 4806 μόλις
1488 4738 1615 4790 ποτὲ
1647 4732 1800 4805 εὗρον
1826 4740 1915 4790 τὸν

378 4827 561 4881 δοῦλόν
594 4846 691 4897 μου
721 4830 901 4890 Δαυῖδ,
940 4830 1030 4881 τὸν
1061 4828 1124 4880 δι’
1151 4828 1448 4898 ὑπερδολὴν
1467 4828 1740 4890 εὐσεὸείας
1770 4825 1915 4882 οἷκον

378 4917 471 4967 ἐπὶ
498 4915 599 4983 γῆς
626 4918 904 4987 εὐκτήριον
928 4918 1049 4985 ὲμοῖ
1075 4914 1354 4984 δείμασθαι
1392 4917 1546 4985 μόνον
1569 4916 1675 4968 τῶν
1705 4916 1761 4981 ἐξ
1788 4917 1915 4969 αίῶ-

377 5021 467 5067 νος
496 5004 917 5076 διανενοημένον.
944 5008 1138 5077 Διόπερ
1165 5006 1390 5077 ἀμοιϐὴν
1420 5007 1564 5075 αὑτῷ
1584 5008 1679 5076 τῆς
1714 5006 1915 5076 ἀγαθῆς

376 5096 474 5149 ναὶ
513 5093 763 5157 εὐσεϐοῦς
804 5098 1165 5169 προαιρέσεως
1204 5081 1554 5167 δωρούμενος,
1584 5097 1695 5149 ἀνθ’
1718 5091 1777 5149 οὗ
1806 5096 1917 5148 δια-

377 5186 623 5255 νενόηται
670 5184 839 5249 οίκον,
894 5187 1053 5250 αὐτὸς
1098 5186 1316 5257 ἐμαυτῷ
1363 5187 1493 5240 νεὼν
1544 5187 1799 5254 πανάγιον
1854 5188 1915 5239 ὲκ

379 5278 686 5347 σπέρματος
717 5274 879 5327 αὐτοῦ
912 5279 1317 5333 κατασκιυάσω.
1356 5278 1509 5340 Νεὼς
1549 5280 1656 5348 γὰρ
1700 5273 1767 5347 ἢν
1798 5279 1826 5330 6
1854 5277 1912 5329 ἐκ

378 5367 684 5436 σπέρματος
717 5364 874 5417 Δαυῖδ
895 5366 1126 5432 γεγονὼς
1147 5365 1425 5438 ἄνθρωπος
1452 5369 1541 5422 τοῦ
1569 5366 1909 5436 κατασκηνὼ-

376 5474 566 5519 σαντος
591 5458 644 5508 ὲν
664 5456 807 5526 αὐτῷ
829 5455 961 5509 Θεοῦ
985 5456 1174 5524 Λόγου.
1206 5462 1270 5514 Ὅ
1292 5461 1355 5531 δὴ
1385 5462 1476 5513 καὶ
1501 5461 1659 5521 αὐτὸς
1684 5460 1711 5511 6
1732 5457 1909 5529 Σωτὴρ

306 5534 311 5537 ’
376 5549 619 5602 ἐδίδασκε
650 5565 713 5601 πε
724 5550 774 5619 pi.
800 5547 890 5600 τοῦ
922 5548 1049 5601 ἰδίου
1074 5547 1318 5617 σώματος
1338 5552 1527 5620 λέγων·
1554 5554 1784 5605 Λύσατε
1814 5550 1912 5602 τὸν

373 5640 527 5693 ναὸν
551 5639 780 5702 τοῦτον,
815 5640 908 5695 καί
933 5639 1002 5692 ἐν
1026 5639 1221 5707 τρισὶν
1250 5642 1491 5711 ἡμέροις
1514 5641 1690 5711 ἐγερῶ
1712 5642 1918 5698 αὐτόν.

449 5798 493 5830 ³³
531 5797 686 5853 Joan.
724 5814 793 5862 ιι,
832 5801 912 5852 t9.

650 5890 915 5953 Pu‘noL.
949 5893 1062 5952 Gn.
1091 5891 1301 5952 XXIII

2018 3310 2107 3357 tus
2138 3310 2240 3365 est,
2287 3318 2407 3355 cum
2456 3317 2549 3369 per
2596 3301 2880 3382 prophetas
2930 3314 3228 3353 sermonem
3263 3301 3459 3354 faceret
3486 3302 3553 3355 de

2006 3394 2111 3446 ‘illo
2131 3394 2221 3461 qui
2243 3408 2308 3445 ex
2332 3393 2535 3446 semine
2552 3391 2714 3444 David
2738 3391 3045 3457 proditurus
3071 3398 3205 3441 erat.
3230 3391 3363 3443 Cum
3386 3392 3549 3456 enim,

2019 3482 2211 3550 inquit.
2241 3482 2450 3535 locutus
2472 3497 2529 3534 es
2559 3481 2612 3533 in
2641 3482 2847 3535 visione
2874 3480 3073 3534 sanctis
3094 3480 3220 3543 tuis,
3252 3488 3303 3534 et
3329 3481 3440 3534 haec
3467 3490 3548 3546 tu,

2019 3570 2178 3635 Deus,
2209 3588 2305 3641 per
2337 3572 2475 3627 ﬁlios
2526 3582 2645 3625 tuos
2670 3572 2953 3640 prophetas
2997 3570 3309 3637 promisisti,
3355 3571 3552 3638 quibus

2019 3660 2321 3715 futurorum
2352 3664 2585 3717 visiones
2618 3663 2887 3724 revelasti,
2919 3676 3012 3730 per
3042 3675 3135 3715 eos
3166 3675 3395 3728 namque
3420 3675 3549 3729 pro-

2018 3752 2303 3805 missiones
2333 3751 2519 3805 Davidi
2549 3752 2775 3816 edebas;
2799 3760 2927 3804 tunc
2962 3750 3047 3804 his
3078 3764 3207 3804 usus
3237 3750 3414 3803 verbis
3444 3765 3501 3803 cs
3532 3768 3546 3802 :

2020 3842 2182 3896 Posui
2227 3842 2543 3909 adjutorium
2594 3843 2645 3893 in
2687 3851 2889 3907 potente
2918 3858 2935 3893 :
2966 3840 3191 3892 exaltavi
3238 3840 3450 3892 electum
3487 3842 3550 3894 de

2014 3935 2155 4003 plebe
2184 3950 2314 3985 mea.
2352 3930 2456 3983 Pro
2502 3946 2608 3998 quo
2658 3930 3013 3999 Symmachus
3059 3928 3172 3999 hoc.
3196 3936 3350 3996 pacto
3385 3930 3551 3981 inter-

2016 4034 2256 4095 pretatus
2299 4032 2401 4084 est,
2456 4021 2616 4075 Posui
2671 4020 2990 4088 adjutorium
3034 4022 3284 4081 virorum,
3324 4022 3551 4073 exatlavi

2016 4117 2232 4170 electum
2271 4132 2301 4167 a
2340 4113 2527 4183 populo
2562 4128 2691 4165 meo.
2730 4113 2906 4164 Inveni
2935 4111 3099 4164 David
3132 4127 3332 4164 servum
3360 4127 3547 4175 meum,

2018 4218 2071 4264 et
2091 4209 2294 4276 reliqua
2316 4204 2451 4259 LXX
2482 4204 2905 4273 interpretationi
2930 4202 3121 4256 similia
3148 4221 3161 4254 :
3184 4215 3411 4270 quorum
3441 4201 3551 4254 haec

2016 4307 2102 4354 est
2147 4297 2411 4352 sententia
2446 4313 2459 4349 :
2502 4294 2635 4348 Cum
2677 4294 2731 4347 in
2755 4292 3061 4347 hominibus
3102 4291 3190 4344 diu
3220 4290 3549 4356 multumque

2020 4390 2354 4459 quaesiissem
2383 4388 2556 4440 virum
2603 4401 2689 4441 me
2736 4385 2974 4453 dignum,
3012 4383 3094 4434 vix
3128 4380 3339 4435 tandem
3373 4380 3548 4432 inveni

2022 4478 2187 4532 David
2233 4491 2447 4531 servum
2492 4490 2692 4538 meum,
2741 4473 2831 4540 qui
2862 4470 3059 4538 ingenti
3110 4470 3303 4537 pietate
3347 4474 3547 4528 motus.

2020 4570 2168 4625 solus
2194 4584 2259 4623 ex
2289 4568 2356 4621 iis
2384 4567 2475 4638 qui
2504 4580 2533 4619 a
2564 4564 2759 4619 saeculo
2790 4561 3005 4615 fuerunt
3034 4560 3249 4612 dommn
3274 4557 3401 4610 mihi
3426 4570 3549 4610 ora-

2019 4658 2183 4712 tionis
2212 4664 2489 4711 exstruere
2512 4652 2782 4722 cogitavit.
2812 4651 2993 4714 Quare
3016 4649 3141 4702 honi
3170 4648 3347 4717 piique
3371 4647 3549 4701 consi-

2018 4748 2073 4802 lii
2100 4748 2267 4800 vicem
2299 4746 2399 4813 ipsi
2439 4743 2759 4812 rependens,
2801 4755 2897 4808 pro
2935 4740 3096 4793 domo
3125 4753 3284 4806 quam
3315 4739 3549 4792 excitare

2015 4836 2204 4897 voluit,
2229 4835 2355 4887 mihi
2389 4848 2454 4887 ex
2486 4831 2689 4885 semine
2714 4830 2832 4897 ejus
2861 4829 3116 4897 templum
3150 4827 3548 4883 sanctissimum

2018 4924 2309 4979 adornabo.
2324 4921 2453 4974 Nam
2474 4920 2565 4989 qui
2585 4935 2647 4974 ex
2669 4919 2871 4973 semine
2894 4916 3061 4971 David
3085 4916 3257 4970 factus
3272 4923 3353 4970 est
3370 4914 3546 4973 homo,

2017 5015 2108 5071 Dei
2153 5011 2314 5067 Verbi
2355 5013 2409 5065 in
2448 5012 2564 5080 ipso
2612 5010 2901 5063 habitantis
2931 5008 3184 5077 templum
3225 5013 3358 5060 erat.
3400 5003 3547 5067 Quod

2017 5084 2177 5162 etiam
2206 5103 2451 5157 Salvator
2482 5103 2594 5165 ipse
2616 5099 2843 5155 docebat
2855 5100 2925 5154 de
2954 5113 3179 5167 corpore
3204 5110 3304 5152 suo
3331 5094 3547 5147 dicens:

2019 5194 2207 5249 Solvite
2221 5190 2461 5258 templum
2474 5190 2585 5253 hoc,
2604 5200 2653 5243 et
2668 5192 2720 5243 in
2734 5184 3327 5255 tribusdiebusescitabo
3343 5181 3475 5236 illud
3486 5183 3548 5235 ".

2019 5285 2192 5353 Atque
2226 5280 2510 5335 admodum
2538 5288 2897 5352 congruenter
2922 5275 3266 5349 promissioni
3298 5273 3365 5327 ad
3398 5272 3553 5327 Davi-

2018 5374 2139 5429 dem
2169 5372 2340 5435 facta,
2370 5369 2515 5425 Deus
2544 5372 2649 5440 ipsi
2676 5372 2851 5425 vicem
2887 5365 3147 5437 rependit.
3192 5363 3329 5429 Quia
3370 5364 3550 5433 igitur.

2018 5465 2209 5534 inquit,
2247 5460 2498 5515 idoneum
2527 5471 2580 5515 et
2611 5460 2830 5530 dignum
2866 5455 3282 5528 promissionum
3314 5467 3551 5505 mearum

2019 5551 2191 5604 virum
2219 5547 2415 5615 reperi,
2449 5546 2702 5602 Davidem
2738 5548 2977 5610 scilicet;
3008 5544 3129 5598 ideo
3152 5542 3327 5613 ipsum
3357 5541 3555 5593 auxilio

2019 5656 2139 5697 meo
2160 5638 2411 5709 dignatus
2455 5652 2596 5705 sum,
2638 5638 2865 5691 electum
2896 5634 3185 5699 declaravi,
3210 5641 3263 5688 et
3289 5646 3449 5700 super
3476 5638 3559 5684 to-

3213 5890 3289 5946 3’3
