4372 6422
835 476 962 534 ιω(

1510 468 1776 530 EUSEBII
1808 466 2285 531 CESARIENSIS
2316 471 2465 531 OPP.
2497 473 2676 531 PARS
2711 469 2800 533 lll.
2831 506 2900 519 —-
2937 466 3340 531 EXEGETICA.

3927 479 4065 535 “00

832 599 944 646 tum
983 588 1239 658 pupulum
1275 586 1532 643 exaltavi.
1585 587 1667 643 Ad
1717 589 1833 644 haec
1890 605 2041 654 vero,
2094 590 2220 658 quia
2269 597 2392 662 post
2425 601 2467 655 Α
2498 592 2558 645 Κι

2336 597 2392 646 πει
2425 601 2467 655 Α
2498 592 2607 645 Καὶ
2643 593 2842 663 σφόδρα
2879 610 2941 660 γε
2974 590 3320 661 καταλλήλως
3360 592 3424 661 τῇ
3454 588 3549 643 τοῦ
3575 590 3735 644 Δαυτδ
3762 592 4062 664 ἐπαγγελίᾳ

830 680 1051 734 multam
1087 677 1559 749 perquisitionem,
1610 680 1787 749 ipsum
1831 680 2005 734 solum
2048 681 2393 750 pollicitatio-

811 784 956 823 ‘num
998 783 1240 824 mearum
1271 768 1495 839 dignum
1528 770 1740 837 iuveni;
1789 771 1947 825 talem
1972 771 2390 841 deprehensum,

826 858 1048 931 dignum
1082 859 1210 913 item
1242 859 1408 913 habui
1432 862 1525 929 qui
1555 861 1676 914 oleo
1706 871 1898 914 sancto
1930 876 2051 914 meo
2075 869 2388 930 ungeretur,

822 963 935 1019 quo
960 950 1136 1019 ipsum
1166 950 1320 1005 ell'eci
1344 950 1642 1013 Christum,
1676 959 1730 1005 et
1756 952 1875 1007 haec
1908 954 1984 1006 illi
2016 968 2101 1007 me
2130 955 2390 1008 beneﬁcia

823 1041 1151 1095 collaturum
1175 1042 1465 1111 polliceor:
1498 1041 1726 1097 Dextera
1755 1058 1867 1096 mea
1890 1045 2113 1111 ﬁrmiter
2145 1046 2245 1113 ipsi
2267 1045 2390 1097 ade-

823 1133 919 1197 rit,
951 1142 1000 1186 et
1041 1132 1308 1187 brachium
1360 1150 1529 1188 meum
1583 1135 1901 1203 confortabit
1946 1153 2063 1189 eum
2096 1153 2113 1190 :
2145 1138 2387 1191 inimicus

820 1239 941 1279 eum
991 1240 1095 1278 non
1148 1222 1402 1294 decipiet,
1453 1242 1613 1295 neque
1660 1227 1804 1293 ﬁlius
1861 1228 2151 1297 iniquitatis
2199 1230 2386 1299 aﬂliget

819 1330 957 1370 eum.
988 1314 1103 1371 Ima
1133 1317 1292 1369 etiam
1323 1316 1592 1370 concidam
1626 1318 1678 1369 in
1709 1329 1984 1387 conspectu
2012 1320 2124 1388 ejus
2155 1319 2384 1375 odientes

820 1423 959 1467 eum,
1006 1417 1053 1461 et
1100 1407 1376 1477 aﬂligentcs
1419 1423 1537 1459 eum
1579 1409 1869 1474 percutiam
1902 1424 1921 1460 :
1952 1410 2288 1476 conﬁrmatio
2337 1419 2385 1461 et

818 1494 995 1564 gratia
1032 1511 1145 1549 mea
1187 1494 1355 1549 aderit
1387 1496 1507 1564 ipsi.
1562 1495 1626 1549 Et
1668 1496 1783 1550 hmo
1823 1498 2040 1567 quidem
2072 1498 2252 1551 omnia
2283 1498 2383 1568 ipsi

819 1584 1070 1651 aderunt,
1122 1585 1422 1641 secundum
1487 1584 1796 1655 Symmachi
1855 1589 2380 1657 interpretationem.

817 1673 1125 1730 Secundum
1155 1675 1296 1730 LXX
1323 1692 1471 1740 vero,
1500 1674 1694 1729 Manus
1728 1694 1865 1741 mea,
1907 1680 2102 1747 inquit,
2153 1678 2383 1730 auxilia-

815 1766 955 1819 bitur
999 1768 1067 1830 ei,
1107 1776 1155 1820 et
1202 1766 1473 1821 brachium
1523 1784 1692 1831 meum
1736 1767 2054 1835 confortabit
2083 1784 2200 1821 eum
2230 1783 2247 1819 :
2280 1784 2382 1820 non

811 1859 1047 1927 proﬁciet
1078 1859 1319 1912 inimicus
1353 1860 1407 1911 in
1429 1875 1509 1922 eo,
1538 1868 1587 1912 et
1612 1857 1753 1927 ﬁlius
1785 1858 2079 1928 iniquitatis
2115 1876 2217 1912 non
2250 1859 2381 1928 ami-

2496 682 2586 733 καὶ
2608 682 2636 733 ὁ
2662 681 2791 744 Θεὸς
2815 683 2914 752 τὴν
2939 681 3075 751 πρὸς
3096 679 3258 732 αὑτὸν
3286 678 3516 749 ἀμοιδὴν
3539 681 3848 753 ἐποιήσατο.
3884 682 4062 735 Ἐπει-

2493 772 2557 841 δὴ
2607 771 2801 835 τοίνυν,
2854 772 3036 840 φησὶν,
3086 769 3385 841 ἐπιτήδειον
3430 764 3589 841 εὗρον
3635 773 3731 825 καὶ
3775 770 3925 837 ἀξιον
3953 773 4060 825 τῶν

2493 861 2641 930 ὲμῶν
2674 862 3012 930 ἐπαγγελιῶν
3060 860 3151 913 τὸν
3200 860 3376 925 Δαυῒδ,
3429 861 3515 931 διά
3545 862 3701 916 τοῦτο
3746 865 4059 935 κατηξίωσα

2493 951 2651 1003 αὑτὸν
2684 952 2781 1021 τῆς
2809 951 2949 1020 ἐμῆς
2981 949 3253 1019 βοηθείας,
3290 950 3541 1002 ἐκλεκτὸν
3569 950 3727 1003 αὐτὸν
3751 952 4058 1023 ἀποφήνας,

2492 1043 2584 1094 καὶ
2628 1042 2765 1111 ὑπὲρ
2809 1042 2985 1093 πάντα
3026 1041 3116 1091 τὸν
3155 1040 3283 1093 λαὸν
3309 1039 3616 1109 ἀνυψώσας.
3660 1042 3770 1094 Καὶ
3807 1040 3887 1093 ἔτι
3926 1041 4059 1112 πρὸς

2489 1131 2695 1193 τούτοις
2736 1131 2922 1202 ἐπειδὴ
2971 1131 3138 1184 πολλὰ
3184 1131 3444 1201 ζητήσας,
3493 1131 3651 1200 μόνον
3695 1132 3855 1185 αὐτὸν
3901 1127 4059 1202 εὖρον

2490 1223 2638 1293 ἀξιον
2670 1223 2777 1276 τῶν
2812 1223 2959 1292 ἐμῶν
2993 1222 3353 1290 ἐπαγγελιῶν,
3391 1224 3486 1276 καὶ
3527 1222 3703 1293 εὑρὼν
3744 1224 4057 1294 κατηξίωσα

2488 1314 2717 1383 χρίσεως
2760 1312 2853 1366 τοῦ
2897 1315 3053 1382 ἁγίου
3090 1332 3190 1384 μου
3230 1315 3433 1376 ελαίου,
3471 1314 3537 1367 δι’
3569 1308 3631 1366 οὗ
3683 1316 3779 1369 καὶ
3824 1317 4056 1387 Χριστὸν

2486 1407 2646 1459 αὑτὸν
2689 1407 3131 1477 ἀπειργασάμην,
3186 1408 3276 1459 καὶ
3308 1406 3492 1458 ταῦτα
3530 1404 3676 1476 αὐτῷ
3708 1405 4053 1477 δωρήσασθαι

2485 1492 2781 1567 ὲπαγγέλλο
2790 1515 2904 1568 μαι·
2948 1498 3009 1552 Ἡ
3026 1496 3193 1560 δεξιά
3209 1514 3328 1565 μου
3352 1497 3609 1562 βεϐαίως
3631 1497 3925 1552 συνέσται
3948 1499 4053 1550 αὑ-

2483 1586 2583 1652 τῷ,
2636 1588 2733 1641 καὶ
2767 1590 3093 1655 όβραχίων
3128 1594 3257 1656 ’μου
3308 1585 3623 1654 στερεὼσει
3670 1590 3877 1641 αὑτόν.
3930 1590 4049 1641 Οὐκ

2482 1678 2846 1745 ὲξαπατήσει
2880 1680 3065 1731 αὑτὸν
3095 1676 3328 1746 ἐχθρὸς,
3355 1677 3497 1736 οὐδὲ
3520 1677 3645 1743 υίὸς
3674 1678 3910 1746 ἀδικίας
3945 1695 4049 1733 κα-

2482 1770 2659 1823 κώσει
2678 1770 2880 1823 αὐτόν.
2917 1768 3092 1823 Ἀλλὰ
3121 1768 3219 1821 καί
3249 1772 3536 1839 συγκόψω
3564 1769 3681 1823 ἀπὸ
3713 1770 4051 1839 ἔμπροσθεν

2481 1858 2667 1913 αὐτοῦ
2718 1858 2860 1925 τοὺς
2895 1859 3229 1927 μισοῦντας
3276 1859 3482 1923 αὑτὸν,
3533 1860 3631 1914 καί
3681 1862 3822 1929 τοὺς
3870 1878 4045 1917 κακο-

810 1959 892 2021 get
921 1953 1112 2019 ipsum.
1156 1949 1224 2003 Et
1251 1949 1524 2004 concidam
1558 1966 1591 2001 a
1618 1944 1753 2017 facie
1777 1949 1941 2016 ipsius
1975 1950 2214 2002 inimicos
2244 1949 2379 2017 ejus,
2414 1953 2453 2007 Β
2483 1966 2536 2002 πε

2319 1966 2379 2015 ιε,
2414 1953 2453 2007 Β
2483 1950 2802 2016 ποιοῦντας
2828 1949 3015 2005 αὑτὸν
3045 1949 3305 2013 πατᾶξω·
3340 1952 3379 2019 ἠ
3410 1950 3478 2003 δὲ
3509 1952 3835 2020 ,ϐεϐαίωσις
3874 1953 3974 2007 καί
4008 1955 4045 2019 ἠ

808 2052 859 2097 et
886 2042 1114 2096 odientes
1136 2058 1254 2095 eum
1285 2042 1340 2094 in
1378 2041 1557 2109 fugam
1595 2050 1913 2094 convertam.
1943 2038 2013 2093 Et
2040 2041 2231 2094 veritas
2262 2056 2377 2093 mea

804 2141 859 2187 et
889 2131 1253 2188 misericordia
1284 2148 1399 2185 mea
1428 2143 1546 2184 cum
1580 2131 1723 2199 ipso;
1772 2145 1834 2185 ac
1865 2130 2080 2185 demum
2111 2140 2234 2201 post
2261 2131 2380 2185 11ch

805 2226 1010 2289 omnia,
1042 2225 1094 2278 in
1130 2224 1335 2278 nomine
1364 2240 1475 2277 meo
1504 2220 1827 2277 exaltabitur
1867 2239 2029 2277 cornu
2062 2223 2199 2292 ejus.

2482 2038 2653 2108 χάρις
2692 2039 2810 2109 μοῦ
2855 2040 3147 2093 συνέσται
3185 2037 3361 2104 αὐτῷ.
3404 2040 3515 2093 Καὶ
3548 2039 3720 2096 ταῦτα
3767 2043 3865 2112 μὲν
3898 2044 4047 2115 αὐτῷ

2482 2129 2655 2182 πάντα
2702 2129 2855 2181 ἔσται
2899 2128 3041 2183 κατά
3087 2129 3185 2201 τὴν
3226 2130 3319 2183 τοῦ
3372 2131 3669 2204 Συμμάχου
3724 2134 4042 2204 ἑρμηνείαν·

2481 2221 2624 2275 κατά
2671 2220 2728 2274 δὲ
2775 2222 2899 2284 τοὺς
2960 2222 3390 2294 Ἑϐδομήκοντα·
3436 2225 3497 2279 Ἡ
3540 2225 3668 2293 χείρ
3702 2244 3843 2294 μου,
3891 2229 4066 2296 φησὶ,

805 2317 1320 2387 συναντιλήψεται
1363 2317 1542 2382 αὐτῷ,
1582 2318 1681 2370 καὶ
1723 2321 1754 2372 ό
1781 2318 2051 2387 βραχίων
2076 2336 2195 2387 μου
2224 2317 2579 2386 κατισχύσει
2626 2315 2831 2387 αὑτόν.
2891 2317 3011 2369 Οὐκ
3056 2315 3352 2384 ὠφελήσει
3396 2317 3609 2385 ἐχθρὸς
3644 2317 3714 2370 ἑν
3746 2317 4043 2383 αὐτῷ,καί

804 2411 936 2476 υίὸς
969 2411 1220 2479 ἀνομίας
1244 2412 1316 2463 οὑ
1337 2407 1593 2463 κακώσει
1621 2409 1824 2469 αὑτόν.
1850 2408 1959 2463 Kal
1988 2410 2274 2478 συγκόψω
2302 2408 2419 2463 ἀπὸ
2446 2406 2767 2475 προσώπου
2798 2406 2984 2460 αὑτοῦ
3024 2400 3181 2472 τοὺς
3200 2406 3451 2475 ἐχθροὺς
3491 2406 3700 2473 αὑτοῦ,
3746 2408 3846 2462 καί
3900 2409 4043 2475 τοὺς

801 2501 1133 2571 μισοῦντας
1165 2501 1352 2554 αὑτὸν
1369 2499 1763 2570 τροπὼσομαι.
1788 2500 1897 2556 Kal
1930 2502 1969 2569 ή
1998 2499 2244 2565 ἀλήθειά
2266 2518 2384 2569 μου
2421 2499 2521 2553 καὶ
2547 2497 2613 2551 τό
2631 2496 2799 2559 ἔλεός
2825 2515 2937 2557 ιιου
2959 2498 3086 2561 μετ’
3120 2497 3326 2553 αὑτοῦ·
3362 2498 3458 2552 καὶ
3479 2497 3653 2565 τέλος
3676 2501 3828 2571 μετὰ
3857 2500 4043 2553 ταῦτα

802 2588 1019 2653 πάντα,
1054 2590 1123 2643 ὲν
1145 2588 1224 2655 τῷ
1252 2590 1496 2659 ὀνόματί
1520 2608 1639 2660 μου
1672 2590 2053 2660 ὑψωθήσεται
2082 2590 2146 2645 τὸ
2183 2589 2360 2658 κέρας
2383 2590 2590 2644 αὑτοῦ.

873 2707 988 2765 Hoc
1026 2716 1207 2764 autem
1249 2724 1419 2763 cornu
1467 2709 1587 2779 ejus
1631 2724 1697 2765 ex
1744 2709 1864 2780 ipso
1902 2710 2267 2779 proditurum,
2316 2715 2370 2760 et

802 2802 1069 2872 templum
1097 2816 1165 2856 ex
1214 2800 1425 2857 semine
1450 2802 1625 2872 ipsius
1668 2801 1803 2855 mihi
1842 2793 2319 2856 excitandumest
2352 2817 2366 2853 :

823 2907 1089 2963 psumque
1118 2907 1289 2947 cornu
1325 2891 1447 2961 ejus
1493 2894 1549 2946 in
1590 2891 1810 2947 nomine
1853 2906 1975 2946 meo
2004 2890 2367 2957 exalta‘bitur;

812 2970 1025 3039 nomine
1076 2984 1278 3054 quippe
1332 2990 1388 3036 et
1453 2983 1838 3053 appellatione.
1867 2997 1987 3037 mea
2035 2981 2365 3052 dignabitur.

802 3073 1347 3130 Denominationibus
1370 3071 1515 3128 enim
1556 3072 1695 3127 meis
1726 3070 2153 3142 nuncupabitur,
2187 3078 2241 3127 et
2270 3085 2367 3139 ap-

800 3165 1191 3238 pellationibus
1239 3178 1456 3237 quoque
1503 3163 1640 3220 meis
1686 3162 1829 3234 apud
1867 3178 2060 3219 omnes
2101 3162 2367 3217 exaltabi-

2547 2706 2717 2759 Τοῦτο
2748 2706 2805 2759 δὲ
2833 2707 2893 2760 τὸ
2921 2706 3088 2778 κέρας
3119 2705 3285 2761 αὑτοῦ
3318 2705 3379 2760 τὸ
3414 2706 3607 2777 μέλλον
3634 2714 3694 2774 εξ
3721 2708 3885 2764 αὑτοῦ
3914 2728 4044 2782 προ-

2473 2797 2808 2861 ελεύσεσθαι,
2831 2799 2924 2852 καὶ
2948 2802 2977 2853 ό
3003 2798 3138 2863 νεὼς
3166 2802 3195 2852 ό
3222 2802 3286 2853 ὲκ
3310 2800 3621 2871 σπέρματος
3642 2801 3805 2856 αὑτοῦ
3834 2803 4044 2873 μέλλων

2477 2903 2567 2957 μοι
2601 2888 3123 2953 κατασκευάζεσθαι·
3163 2890 3300 2960 ὅπερ
3340 2890 3506 2962 κέρας
3543 2892 3708 2946 αὐτοῦ
3739 2894 3796 2947 ἐν
3822 2893 3897 2964 τῷ
3927 2894 4012 2947 eve

2476 2979 2605 3049 ματί
2640 2996 2741 3049 μου
2773 2979 3133 3051 ὑψωθήσεται·
3165 2980 3625 3053 καταξαυθήσεται
3657 2983 3765 3055 γάρ
3786 2985 3879 3038 τοῦ
3906 2985 4042 3056 ἐμοῦ

2471 3069 2734 3140 ὀνόματος
2778 3071 2873 3123 καὶ
2918 3072 3017 3141 τῆς
3066 3074 3205 3144 ἐμῆς
3256 3076 3643 3147 προσηγορίας.
3701 3076 4042 3145 Χρηματίσει

2471 3159 2603 3229 γοῦν
2634 3161 2730 3214 καὶ
2761 3161 2891 3214 αὐτὸ
2916 3163 3027 3226 τοῖς
3057 3164 3209 3234 ἐμοῖς
3242 3167 3667 3237 χρηματισμοῖς,
3707 3168 3800 3221 καὶ
3823 3168 3909 3221 διά
3933 3170 4045 3222 τῶν

799 3266 910 3312 tur.
961 3256 1327 3324 Quamobrem
1373 3256 1627 3326 superius
1663 3254 1969 3319 dicebatur,
2003 3252 2091 3349 .Et
2128 3252 2187 3306 in
2215 3251 2368 3349 bene-
2395 3292 2437 3349 c
2470 3252 2525 3322 ἐι.

2318 3268 2368 3305 e-
2395 3292 2437 3349 ο
2470 3251 2620 3349 ἐμῶν
2649 3253 3031 3349 προσηγοριῶν
3054 3256 3342 3349 παρα-τοῖς
3371 3259 3542 3349 πᾶσιν
3559 3259 3922 3349 ὑψωθήσεται.
3950 3260 4044 3313 Διὸ

795 3349 992 3419 placito
1019 3358 1109 3405 tuo
1139 3347 1463 3404 exattabitur
1504 3348 1667 3402 carm:
1697 3358 1956 3409 nostrum.
2000 3343 2105 3400 Sed
2133 3343 2367 3415 prophe-

797 3450 977 3496 tarum
1008 3440 1229 3510 quidem
1271 3440 1474 3495 chorus
1515 3440 1595 3495 sic
1635 3439 1887 3510 superius
1922 3435 2089 3491 Deum
2127 3436 2363 3507 alloque-

795 3530 980 3598 batur,
1031 3529 1099 3584 Et
1131 3531 1188 3586 in
1237 3530 1558 3601 beneptacito
1593 3539 1682 3584 tuo
1713 3526 2038 3584 exattabitur
2069 3543 2232 3581 cornu
2270 3544 2368 3580 no-

790 3634 1007 3692 strum;
1044 3622 1156 3691 jam
1201 3636 1334 3676 vero
1372 3622 1489 3691 ipse
1520 3620 1683 3684 Deus,
1708 3620 1978 3691 promissa
2009 3618 2198 3674 Davidi
2239 3617 2366 3674 data

794 3714 1048 3780 eﬂ'erens,
1067 3704 1262 3768 caetera
1289 3715 1471 3770 omnia
1504 3713 1589 3769 his
1608 3714 1882 3786 obsignat,
1915 3713 1983 3768 In
2015 3713 2222 3768 nomine
2252 3728 2365 3766 meo

795 3804 1121 3860 excitabitur
1149 3820 1313 3860 cornu
1345 3806 1481 3876 ejus,
1518 3805 1796 3862 Christum
1826 3822 1894 3862 ex
1918 3820 1983 3861 eo
2020 3803 2362 3875 proditurum

796 3898 1111 3972 Signiﬁcans
1133 3943 1147 3966 ,
1178 3901 1271 3971 qui
1301 3914 1410 3955 non
1440 3899 1602 3955 modo
1631 3900 2040 3972 prophetarum,
2074 3898 2169 3955 sed
2199 3897 2363 3952 etiam

795 3988 1016 4049 Davidis
1054 4006 1227 4046 cornu
1270 3991 1627 4049 vocaturzde
1666 4007 1777 4063 quo
1824 3992 1928 4048 sub
1974 4001 2087 4045 haec
2127 3988 2360 4057 adjicit:

794 4102 867 4125 ι·-
887 4081 1053 4139 Vens.
1085 4083 1276 4139 26-29.
1307 4082 1376 4137 Et
1412 4098 1607 4153 ponam
1649 4086 1703 4139 in
1732 4085 1871 4138 mari
1900 4098 2115 4137 manum
2140 4081 2277 4149 ejus,
2313 4089 2363 4133 et

792 4175 848 4229 in
877 4174 1183 4243 ﬂuminibus
1213 4174 1482 4229 dexteram
1509 4175 1644 4243 ejus.
1682 4172 1803 4243 Ipse
1830 4172 2088 4229 invocabit
2118 4188 2219 4234 me,
2252 4169 2362 4247 Pa-

799 4272 877 4319 ter
907 4280 1051 4319 meus
1085 4279 1139 4318 es
1172 4273 1249 4327 tu,
1280 4262 1423 4318 Deus
1458 4280 1601 4317 meus
1622 4274 1672 4317 et
1698 4273 1967 4332 susceptor
1991 4261 2183 4317 salutis
2211 4275 2357 4314 mea.

791 4354 866 4409 'Et
896 4372 990 4426 ego
1017 4356 1417 4425 primogenitum
1438 4364 1628 4423 ponam
1657 4354 1831 4417 illum,
1859 4353 2121 4407 excelsum
2145 4365 2254 4419 prae
2280 4366 2362 4403 re-

2475 3342 2570 3395 καὶ
2598 3342 2656 3395 ὲν
2684 3344 2797 3407 τοῖς
2833 3342 3138 3415 ἔμπροσθεν
3176 3345 3413 3415 ἐλέγετο,
3441 3348 3552 3403 Kal
3585 3349 3656 3401 ἐν
3693 3347 3773 3418 τῇ·
3798 3349 4037 3417 εὐδοκίιΥ

2472 3449 2589 3489 σου
2618 3434 2999 3504 ὑψωθήσεται
3030 3438 3096 3492 τὸ
3130 3438 3306 3507 κέρας
3342 3440 3527 3510 ἡμῶν.
3568 3441 3705 3495 Ἀλλ’
3738 3444 3767 3496 ὁ
3802 3443 3899 3514 μὲν
3930 3442 4040 3495 τῶν

2464 3514 2763 3599 προφητῶν
2794 3528 2949 3600 χορὸς
2990 3529 3127 3600 πρὸς
3167 3530 3260 3584 τὸν
3305 3531 3438 3586 Θεὸν
3479 3533 3743 3605 ἀνεφὼνει
3780 3534 4041 3605 πρότεροι

2470 3617 2662 3688 λέγων,
2696 3620 2803 3674 Kal
2819 3616 2971 3689 ἐντῇ
2990 3620 3234 3691 εὐδοκία
3248 3638 3364 3678 σου
3379 3612 3760 3694 ὑψωθήσεται
3780 3625 3845 3679 τό
3862 3624 4036 3693 κέρας

2468 3706 2637 3779 ἡμῶν
2642 3725 2656 3738 ⁸
2687 3708 2847 3771 αὐτὸς
2877 3708 2935 3762 δὲ
2960 3708 3055 3762 νῦν
3086 3710 3115 3762 ὁ
3146 3709 3279 3774 Θεὸς
3310 3710 3407 3774 τὰς
3435 3712 3765 3779 ἐπαγγελίας
3794 3710 3920 3781 περὶ
3941 3711 4032 3763 τοῖν

2469 3798 2631 3852 Δαυῖδ
2656 3798 2995 3873 ποιούμενος,
3022 3801 3683 3872 ἑπισφράγισμανπάντων
3716 3802 4033 3873 προστίθησι

2471 3889 2563 3943 καὶ
2590 3891 2672 3955 τὸ,
2705 3892 2799 3944 Ἐν
2830 3889 2911 3956 τῷ
2938 3891 3181 3957 ὀνόματί
3211 3909 3331 3960 μου
3359 3886 3744 3961 ὑψωθήσεται
3770 3894 3835 3945 τὸ
3860 3892 4023 3962 nepa:

2468 3981 2673 4055 αὑτοῦ,
2701 3982 2791 4035 τὸν
2824 3982 2883 4048 ἐξ
2918 3984 3084 4038 αὑτοῦ
3124 3983 3582 4056 προελευσόμενον
3610 3984 3844 4054 Χριστὸν
3870 3983 4023 4054 δηλῶ

2470 4089 2587 4137 σας,
2622 4075 2789 4146 κέρας
2820 4075 2880 4128 οὐ
2926 4076 3086 4144 μόνον
3126 4076 3222 4129 καὶ
3247 4074 3561 4147 προφητῶν,
3588 4073 3725 4128 ἀλλά
3751 4075 3844 4127 καὶ
3870 4076 4019 4129 abso-7

2466 4166 2561 4220 τοῦ
2594 4167 2755 4221 Δαυῒδ
2781 4168 3189 4241 ὠνομασμένον·
3218 4168 3347 4238 περὶ
3370 4160 3432 4221 οὗ
3460 4167 3589 4236 ἑξῆς
3622 4167 3883 4237 ἐπιλέγει·
3924 4171 4023 4222 Κατ

2467 4257 2726 4328 θήσομαι
2763 4260 2833 4313 ἐν
2871 4259 3151 4329 θαλάσσῃ
3200 4258 3368 4329 χεῖρα
3390 4258 3597 4322 αὑτοῦ,
3623 4260 3720 4315 καὶ
3749 4260 3820 4313 ἐν
3856 4274 4035 4319 «ora:

2461 4348 2831 4417 μοῖςιδεξιὰν
2860 4352 3065 4408 αὑτοῦ.
3108 4354 3293 4418 Αὐτὸς
3342 4351 3763 4407 ἐπικαλέσεταί
3793 4367 3890 4421 με·
3917 4355 4037 4405 Ha-

789 4444 1139 4516 yibusterrce.
1178 4443 1245 4499 In
1286 4455 1538 4501 aeternum
1578 4444 1793 4499 servabo
1832 4444 1914 4497 illi
1945 4440 2360 4497 misericordiam
2466 4456 2515 4493 τι

2311 4457 2360 4493 m
2466 4439 2575 4507 τήρ
2765 4438 2969 4508 εϊ-σὺ,
3014 4445 3152 4510 Θεὸς
3193 4460 3313 4511 μου
3359 4442 3459 4495 καί
3506 4442 3883 4512 ἁντιλήπτωρ
3927 4442 4037 4512 τῆς

791 4550 987 4599 meum,
1021 4542 1071 4588 et
1101 4544 1467 4589 testamentum
1499 4550 1668 4588 meum
1690 4533 1843 4603 ﬁdele
1864 4533 1983 4601 ipsi.
2014 4529 2072 4585 Si
2105 4531 2230 4601 quis
2264 4530 2362 4585 ho-
2464 4545 2517 4583 σ‹

2309 4545 2362 4585 o—
2464 4532 2759 4599 σωτηρίας
2775 4550 2913 4601 μου·
2948 4534 3107 4603 κάγὼ
3139 4535 3517 4603 πρωτότοκον
3544 4532 3798 4603 θήσομαι
3824 4535 4035 4600 αὑτὸν,

795 4634 916 4679 rum
940 4627 1263 4682 sententiam
1289 4626 1602 4689 accuratius
1638 4623 1957 4698 perpendat,
1994 4623 2107 4677 haec
2145 4637 2255 4691 non
2293 4622 2359 4677 de
2390 4646 2435 4701 Β
2466 4624 2521 4691 in

2313 4622 2359 4677 le
2390 4646 2435 4701 Β
2466 4624 2709 4691 ὑψηλὸν
2738 4624 2898 4692 παρὰ
2942 4624 3065 4691 τοῖς
3107 4624 3441 4689 ,ϐασιλεῦσι
3477 4625 3587 4693 τῆς
3628 4624 3762 4695 τῆς.
3796 4627 3902 4694 Είς
3928 4628 4039 4682 τὸν

2461 4713 2645 4767 αἰῶνα
2666 4712 2915 4782 φυλάξω
2938 4714 3099 4780 αὐτῷ
3130 4716 3196 4770 τὸ
3219 4716 3392 4781 ἔλεός
3412 4733 3553 4785 μου,
3581 4717 3680 4770 καί
3711 4717 3749 4784 ή
3775 4718 4037 4789 Διαθήκη

2452 4822 2572 4874 μου
2595 4805 2792 4874 ..πιστὴ
2832 4805 3010 4872 αὐτῷ.
3041 4806 3109 4860 Εἴ
3131 4824 3215 4871 τις
3242 4807 3485 4880 ἀκριϐῶς
3506 4808 3813 4879 ἐπιστήσειε
3833 4812 3901 4881 τῇ
3918 4810 4038 4865 τῶν

2458 4896 2763 4968 λεγομένων
2807 4898 3034 4970 διανοίᾳ,
3091 4898 3356 4972 εὕροι-ἃν
3409 4898 3584 4953 ταῦτα
3622 4900 3697 4952 οὐ
3754 4902 3881 4972 περὶ
3937 4903 4037 4955 τοῦ

2457 4986 2641 5051 Δαυῖδ,
2666 4978 2802 5041 ἀλλά
2826 4990 2953 5061 περὶ
2984 4987 3078 5042 τοῦ
3109 4970 3567 5061 προελευσομένου
3589 4988 3647 5055 ἐξ
3665 4970 3838 5044 αὑτοῦῖ
3858 4992 4038 5062 κέρως

2463 5081 2926 5151 προφητευόμενα.
2963 5075 3144 5134 Είπὼν
3173 5079 3281 5151 γὰρ
3306 5080 3335 5131 ὁ
3358 5078 3533 5148 λόγος,
3555 5081 3663 5134 Kal
3694 5082 3765 5135 ἐν
3794 5082 3874 5148 τῷ
3900 5084 4039 5137 ὀνό-

2457 5171 2601 5237 ματί
2653 5188 2772 5239 μου
2818 5170 3199 5239 ὑψωθήσεται
3244 5168 3309 5221 τὸ
3352 5169 3531 5238 κέρας
3574 5173 3780 5238 αὑτοῦ,
3814 5176 4032 5227 ἐπισυν-

794 4714 1022 4781 Davide,
1053 4716 1148 4773 sed
1177 4717 1245 4773 de
1273 4732 1470 4779 cornu.
1505 4719 1648 4788 quod
1680 4730 1745 4773 ex
1786 4716 1988 4771 Davide
2015 4715 2357 4787 proditurum

792 4815 932 4872 erat,
953 4810 1316 4878 praenuntiata
1339 4825 1463 4865 esse
1480 4809 1864 4879 deprehendet.
1891 4807 2026 4863 Nam
2044 4823 2169 4862 cum
2186 4806 2363 4861 dixis-

794 4908 899 4968 set,
940 4898 1009 4954 Et
1040 4900 1095 4953 in
1148 4902 1355 4955 nomine
1396 4917 1508 4955 meo
1549 4902 1876 4955 czaltabitur
1912 4914 2080 4955 cornu
2118 4900 2256 4969 ejus,
2292 4898 2359 4953 de

792 5000 967 5042 cornu
999 4986 1092 5040 illo
1113 4987 1296 5042 Statim
1330 4988 1634 5056 subjunxit,
1663 4990 1867 5044 Ponam
1892 4990 1946 5043 in
1978 4991 2117 5043 mari
2144 5004 2357 5044 manuni

793 5077 929 5145 ejus,
954 5076 1164 5131 scilicet
1189 5090 1360 5130 cornu
1393 5077 1560 5139 illius,
1594 5085 1649 5132 et
1672 5089 1865 5133 caetera
1898 5094 2055 5149 :qua:
2078 5078 2261 5133 omnia
2288 5076 2357 5130 ad

794 5167 1070 5223 Christum
1102 5183 1169 5223 ex
1201 5168 1408 5223 semine
1439 5166 1608 5223 David
1627 5171 1963 5225 nasciturum
1994 5169 2199 5225 referre
2224 5182 2358 5222 con-

797 5256 962 5311 venit.
1003 5256 1139 5311 Nam
1173 5257 1221 5312 si
1250 5258 1374 5327 quis
1406 5257 1595 5312 istbmc
1626 5274 1734 5313 non
1780 5274 1846 5313 eo
1879 5258 2041 5314 modo
2070 5257 2355 5326 intelligat,

799 5346 895 5401 sed
930 5347 997 5401 ad
1028 5346 1285 5407 Davidem
1321 5348 1541 5413 referat,
1586 5350 1759 5419 ipsius
1786 5365 1918 5405 sane
1948 5350 2216 5406 sententia
2246 5363 2357 5402 non

799 5438 1099 5494 consistet:
1131 5442 1404 5509 quomodo
1435 5442 1578 5498 enim
1618 5442 1757 5497 Deus
1787 5441 2008 5497 Davidis
2040 5454 2261 5497 manum
2302 5440 2356 5495 in

793 5532 936 5587 mari
965 5533 1210 5603 posuerit
1236 5544 1290 5589 et
1329 5535 1384 5589 in
1429 5534 1746 5592 ﬂuminibus
1774 5535 2051 5590 dexteram
2084 5533 2227 5602 ejus,
2260 5544 2358 5586 ex-

785 5620 960 5691 ‘plicet
986 5620 1082 5691 qui
1109 5620 1358 5678 voluerit.
1385 5624 1570 5697 Neque
1599 5626 1742 5680 enim
1774 5624 1938 5678 David
1967 5624 2253 5678 maritima:
2282 5638 2362 5678 re-

794 5713 942 5781 gioni
980 5714 1283 5784 imperavit.
1334 5718 1441 5773 Aut
1476 5735 1575 5773 cur
1604 5719 1674 5773 de
1719 5716 1920 5771 Davide
1957 5716 2193 5778 dicatur,
2240 5714 2359 5782 Ipse

794 5802 1053 5860 invocabit
1081 5824 1179 5871 me,
1229 5808 1392 5864 Pater
1428 5828 1568 5865 meus
1611 5828 1663 5865 es
1705 5820 1759 5862 tu
1784 5826 1800 5862 :
1825 5821 1873 5863 et
1912 5825 2005 5878 ego
2038 5810 2361 5879 primogeni-

799 5903 903 5948 tum
922 5910 1113 5964 ponam
1144 5901 1291 5957 illum
1316 5905 1339 5958 .’
1370 5902 1483 5969 Qua
1509 5903 1574 5958 de
1599 5919 1761 5958 causa
1787 5901 1930 5956 enim
1965 5900 2168 5970 potius,
2196 5915 2358 5970 quam

2464 5261 2624 5313 άπτει
2652 5265 2779 5332 περὶ
2826 5262 2919 5316 τοῦ
2961 5262 3157 5332 κέρως,
3194 5260 3287 5313 καὶ
3328 5259 3493 5331 λέγει·
3530 5263 3795 5333 ϐήσομαι
3824 5265 3893 5319 ἐν
3928 5268 4033 5318 θα-

2461 5350 2668 5422 λάσσῃ
2707 5338 3107 5421 χεζοαάὑτοῦ,
3136 5351 3293 5420 δῆλον
3314 5352 3359 5406 δ’
3391 5356 3473 5408 ὅτι
3501 5354 3596 5408 τοῦ
3618 5357 3816 5427 κέρως,
3853 5357 4040 5411 καὶτὰ

2464 5442 2608 5514 ἑξῆς·
2632 5446 2725 5498 καὶ
2747 5444 2973 5515 ἁρμόζει
2998 5459 3062 5510 γε
3084 5441 3331 5497 ἐντεῦθεν
3362 5455 3538 5508 παντα
3565 5445 3656 5497 ἐπὶ
3684 5445 3773 5498 τὸν
3796 5444 4041 5515 Χριστὸν

2464 5536 2554 5589 τὸν
2586 5537 2650 5589 ὲκ
2695 5538 3003 5607 σπέρματος
3045 5534 3210 5589 Δαυτδ
3247 5538 3609 5609 γενησόμενον
3642 5535 4037 5606 ἀναφέρεσθαι.

2466 5628 2529 5681 El
2558 5628 2687 5697 γοῦν
2716 5646 2799 5691 τις
2833 5628 2907 5698 μὴ
2932 5624 3120 5680 τοῦτον
3153 5628 3368 5682 ἐκλάὄοι
3397 5630 3489 5683 τὸν
3522 5630 3743 5701 τρόπον.
3791 5627 3905 5681 an?
3940 5629 4044 5685 ἐπὶ

2463 5718 2553 5771 τὸν
2586 5720 2747 5772 Δαυῖδ
2782 5719 2969 5785 ἀνάγοι
3007 5717 3075 5770 τὰ
3120 5720 3471 5791 προκείμενα,
3508 5722 3804 5781 ἀσύστατος
3842 5717 3928 5789 εἴη
3967 5720 4046 5775 ἂν

2467 5812 2613 5881 αὐτῷ
2641 5814 2668 5865 ὁ
2695 5812 2871 5879 λόγος.
2905 5810 3027 5873 Πῶς
3050 5812 3156 5882 γὰρ
3187 5812 3278 5865 τοῦ
3300 5814 3461 5866 Δαυῒδ
3485 5815 3543 5867 ὲν
3572 5811 3813 5882 θαλάσσῃ
3846 5812 4045 5879 ἔταξεν

2466 5906 2493 5958 ὁ
2524 5904 2654 5967 Θεὸς
2680 5904 2774 5975 τὴν
2810 5906 2965 5974 χεῖρα
2996 5905 3085 5958 καὶ
3114 5904 3170 5957 ὲν
3206 5910 3463 5976 ποταμοῖς
3494 5907 3590 5979 τὴν
3622 5904 3820 5973 δεξιὰν,
3850 5906 3879 5958 ό
3914 5903 4034 5976 βου-
