4372 6408
292 517 428 576 Ηυι

1294 521 1791 577 ἙΟΜΜΕΝΤΔΒΙΑ
1827 521 1896 575 1N
1930 522 2264 580 ρδΑικοε.

3340 535 3476 591 HO!

283 631 505 704 λόμσνος
549 632 906 702 ἑρμηνευέτυ.
953 633 1084 684 Οὐδὲ
1129 632 1232 703 γὰρ
1278 636 1574 703 ἐκράτησεν
1605 638 1632 687 6
1669 636 1827 687 Δαυῒδ
1858 653 1899 699 Α
1929 635 2009 689 Ab

1746 636 1827 687 υῒδ
1858 653 1899 699 Α
1929 635 2220 702 Abraham,
2261 645 2353 691 aut
2392 636 2560 704 lsaac,
2592 649 2688 694 aut
2731 640 2913 705 Israel,
2951 651 3044 697 aut
3089 644 3203 714 ipse
3239 647 3472 719 Moyses.

283 721 382 789 τῆς
419 719 658 790 παράλου
690 718 890 790 χώρας.
926 721 992 772 Ἥ
1026 721 1140 783 πῶς
1166 723 1289 791 περὶ
1319 722 1410 774 τοῦ
1447 723 1604 774 Δαυῒδ
1637 724 1828 790 λέγοιτ’

282 808 348 861 ἂν
378 809 458 873 τὸ,
486 810 676 877 Αὐτὸς
702 810 1119 864 ἐπικαλέσεται
1143 827 1239 879 με’
1272 813 1470 879 Πατήρ
1499 831 1612 880 μου
1639 810 1703 866 «εἷ
1729 816 1827 867 σύ’

275 901 438 969 κάγὼ
469 904 840 969 κρωτὸτοκον
861 901 1112 971 θήσομαι
1142 904 1347 964 αὐτόν;
1384 905 1524 954 Ἀντὶ
1553 904 1694 966 τίνος
1726 905 1831 973 γὰρ

279 993 477 1062 μᾶλλον
508 992 599 1044 τοῦ
637 993 896 1063 ’Δὸραὰμ,
930 995 961 1062 ἢ
994 995 1086 1046 τοῦ
1131 994 1340 1060 Ἰσαὰκ,
1371 997 1402 1064 ἢ
1443 994 1536 1046 τοῦ
1598 996 1829 1064 Ἰσραὴλ,

274 1084 307 1152 ἢ
341 1084 502 1136 αὑτοῦ
530 1084 767 1146 Μωσέως
785 1124 799 1146 ,
827 1085 861 1153 ἢ
898 1084 988 1136 τοῦ
1005 1086 1177 1156 Ἠλία,
1205 1086 1236 1156 ἦ
1270 1085 1376 1137 τῶν
1405 1085 1575 1138 ἄλλων
1604 1086 1823 1138 δικαίων

270 1194 328 1229 τε
354 1178 446 1229 καὶ
478 1178 788 1248 προφητῶν,
815 1179 1147 1248 πρωτότοκος
1175 1179 1265 1231 τοῦ
1297 1179 1430 1232 Θεοῦ
1454 1179 1728 1250 νομισθείη
1762 1179 1827 1231 ἂν

267 1270 296 1320 6
326 1268 514 1332 Δαυϊδ;
565 1267 686 1331 Πῶς
730 1268 785 1320 δὲ
832 1269 1116 1339 ἀληθεύσει
1161 1273 1288 1339 περὶ
1336 1269 1500 1323 αὑτοῦ
1551 1270 1769 1336 φάσκων
1798 1273 1825 1322 6

257 1357 418 1420 Θεὸς,
463 1357 724 1427 ϐήσομαι
774 1358 960 1411 αὑτὸν
1001 1359 1246 1426 ὑψηλὸν
1298 1360 1457 1427 παρὰ
1497 1359 1618 1424 τοῖς
1649 1361 1826 1423 ,ϐασι-

1934 735 2028 781 aut
2072 727 2237 794 Elias,
2268 736 2360 782 aut
2395 730 2486 782 alii
2518 731 2652 800 justi
2696 743 2748 786 et
2774 734 3044 802 pr0pheta:
3083 737 3478 808 primogenitus

1932 818 2023 872 Dei
2060 817 2222 874 David
2255 836 2377 875 esse
2410 823 2661 890 putetur?
2681 823 2780 888 Qui
2803 841 2927 878 vere
2957 825 3150 879 dixerit
3183 826 3346 891 Deus,
3371 830 3480 883 Po-

1932 926 2052 964 nant
2075 911 2226 964 illum
2245 914 2511 966 excelsum
2527 930 2640 981 prta
2668 916 2869 985 regibus
2909 921 3097 972 terrae?
3123 919 3477 983 Quandonam

1933 1000 2096 1055 David
2128 1017 2236 1070 pra:
2261 1005 2474 1072 regibus
2509 1023 2558 1060 v.
2594 1022 2645 1075 ς,
2677 1005 2987 1070 Persarum,
3017 1008 3355 1078 Scytharum,
3397 1011 3480 1066 ln-

1931 1090 2144 1155 dorum,
2187 1090 2525 1161 EthiOpum,
2577 1095 2903 1159 Maurorum,
2944 1095 3328 1166 Hispanorum,
3359 1098 3475 1154 Bri-

1926 1185 2240 1244 tannorum,
2293 1189 2385 1234 aut
2414 1183 2741 1253 reliquarum
2773 1187 3017 1253 gentium
3049 1190 3315 1244 exaltatus
3355 1191 3478 1244 est?

1926 1269 2078 1334 Quod
2129 1271 2174 1325 si
2214 1272 2327 1327 haec
2359 1276 2634 1344 acceperis
2674 1275 2739 1331 de
2774 1291 2838 1329 eo
2879 1278 2974 1348 qui
3021 1294 3086 1334 ex
3122 1281 3326 1335 semine
3353 1282 3474 1350 ejus

1925 1364 2238 1418 nasciturus
2270 1373 2408 1429 erat,
2443 1366 2756 1423 ﬁrmissime
2788 1376 2842 1422 et
2878 1373 3285 1427 accuratissime
3327 1373 3471 1428 dicta

263 1449 442 1502 ,ιεῦσι
489 1449 597 1517 τῆς
631 1449 773 1519 τῆςς
817 1450 939 1502 [161’
970 1446 1063 1504 οὖν
1104 1452 1132 1504 6
1176 1449 1337 1503 Δαυῒδ
1392 1450 1541 1521 παρὰ
1588 1451 1822 1520 Πέρσαις
1923 1469 1989 1506 co

909 1451 939 1502 :’
970 1446 1063 1504 οὖν
1104 1452 1132 1504 6
1176 1449 1337 1503 Δαυῒδ
1392 1450 1541 1521 παρὰ
1588 1451 1822 1520 Πέρσαις
1923 1469 2223 1523 congruere
2250 1455 2635 1524 deprehendes.

263 1542 416 1612 φερε,
449 1542 482 1612 ἡ
519 1542 830 1612 Σκύθαις,ῆ
875 1543 1072 1608 Ἰνδοῖς,
1106 1543 1139 1613 ἢ
1173 1543 1436 1613 Αἰθίοψιν,
1474 1546 1508 1614 ἢ
1546 1545 1808 1613 Μαύροις,
1862 1547 1894 1616 ἢ
1950 1547 2196 1611 Σπάνοις,
2237 1549 2268 1618 ἢ
2319 1550 2622 1620 Βρετανοῖς,
2673 1553 2706 1620 ἢ
2772 1557 2921 1624 παρὰ
2958 1559 3069 1619 τοῖς
3113 1557 3314 1621 λοιποῖς
3365 1559 3474 1610 τῶν

262 1633 432 1688 ἐθνῶν
466 1635 773 1704 βασιλεῦσιν
803 1637 1019 1709 ὑψώθη;
1054 1639 1116 1690 El
1152 1639 1208 1691 δὲ
1266 1638 1513 1702 ὲκλάδοις
1567 1639 1739 1692 ταῦτα
1778 1641 1869 1692 ἐπὶ
1906 1642 1995 1694 τὸν
2034 1644 2096 1695 ἐκ
2141 1640 2451 1713 σπέρματος
2491 1647 2653 1698 αὑτοῦ
2692 1649 2969 1715 γεγονότα,
3019 1652 3334 1719 βεϐαιότατα
3378 1655 3469 1705 καὶ

263 1725 569 1796 κυριώτατα
591 1727 768 1800 εὕροις
789 1729 856 1783 ἂν
875 1731 1250 1801 ἐφαρμόζοντα
1274 1731 1418 1801 αὐτῷ
1442 1732 1511 1785 τὰ
1529 1730 1814 1801 λεγόμενα.
2023 1729 2034 1739 ’

329 1839 613 1911 Μαρτυρεῖ
653 1841 710 1894 δὲ
749 1843 816 1912 τῇ
858 1842 956 1912 τῆς
1001 1844 1330 1914 προφητείας
1375 1843 1594 1897 ὲικσάσει
1635 1846 1728 1897 καὶ
1760 1844 1820 1896 τὸ
1994 1842 2055 1896 Pr

1760 1844 1820 1896 16
1994 1842 2294 1913 Pr0pbeti:e
2315 1852 2493 1900 autem
2515 1846 2716 1901 exitum
2747 1847 3066 1902 testiﬁcatur
3081 1849 3428 1921 Evangelium
3448 1893 3466 1920 ,

259 1927 609 1996 Εὐαγγέλιον,
637 1931 696 1983 ἐν
737 1925 784 1999 ᾧ
815 1933 956 1984 κατὰ
986 1933 1074 1986 16v
1115 1935 1325 1988 Λουκᾶν
1357 1937 1629 2007 Ζαχαρίας
1668 1938 1696 1988 6
1725 1935 1817 1988 τοῦ
1846 1965 1888 2018 ς
1921 1933 1985 1988 ιιι]

1740 1935 1817 1988 τοῦ
1846 1965 1888 2018 ς
1921 1933 2014 1988 ubi
2039 1935 2337 1989 secundum
2364 1933 2586 2000 Lucam,
2613 1935 2907 1992 Zacharias
2933 1938 3094 1992 etiam
3121 1937 3349 1997 Joannis
3371 1959 3466 2013 pa~

271 2020 512 2073 Ἰωάννου
543 2021 722 2092 πατὴρ
750 2027 1054 2094 προφητικῇ
1077 2025 1300 2096 δυνάμει
1333 2026 1426 2078 »καὶ
1464 2027 1624 2089 αὐτὸς
1650 2027 1818 2098 κέρας
1919 2035 1997 2078 ter

1739 2043 1818 2089 δας
1919 2035 2002 2078 ter
2029 2026 2343 2095 prophetica
2367 2026 2566 2081 virtute
2598 2027 2774 2097 ipsum
2806 2026 3081 2083 Christum
3112 2045 3280 2085 cornu
3307 2048 3465 2088 voca-

255 2112 425 2173 αὑτὸν,
457 2111 725 2182 ὠνόμασε.
777 2113 938 2181 Λέγει
983 2114 1027 2167 δ’
1073 2111 1164 2168 οὖν
1194 2117 1222 2168 6
1250 2117 1634 2187 εὖαγγελιστής
1657 2134 1670 2146 '
1708 2117 1815 2170 Καὶ

257 2205 553 2272 Ζαχαρίας
593 2205 869 2275 ἐπλήσθη
918 2211 1261 2278 Πνεύματος
1303 2211 1496 2280 ἁγίου,
1539 2210 1638 2264 καὶ
1677 2225 1816 2278 προ-

253 2295 548 2365 εφήτευσε
576 2296 784 2367 λέγων*
826 2303 1166 2370 Εὐλογητὸς
1193 2306 1223 2356 ὀ
1257 2303 1399 2368 Θεὸς
1423 2303 1525 2356 τοῦ
1557 2303 1811 2371 Ἰσραὴλ,

252 2386 344 2441 ὅτι
379 2387 754 2457 ἐπεσκέψατο
783 2391 879 2445 καὶ
911 2393 1160 2460 ἐποίησε
1196 2395 1494 2462 λύτρωσιν
1525 2394 1631 2447 τοῦ
1662 2395 1814 2448 λαοῦ

251 2479 456 2534 αὑτοῦ.
492 2482 601 2535 Καὶ
637 2481 833 2552 ἤγειρε
862 2483 1037 2550 κέρας
1073 2488 1367 2552 σωτηρίας
1409 2485 1549 2555 ἡμῖν
1581 2486 1649 2537 ἐν
1675 2486 1814 2550 olm,»

251 2570 434 2624 Δαυτδ
483 2572 588 2626 τοῦ
637 2573 848 2638 παιδὸς
891 2575 1095 2629 αὑτοῦ.
1147 2577 1348 2641 Καθὼς
1406 2576 1670 2643 ἐλάλησα
1715 2575 1813 2629 διὰ

250 2663 548 2731 στόματος
588 2663 704 2716 τῶν
742 2664 924 2734 ἁγίων
965 2665 1065 2718 ἀπ’
1110 2663 1323 2730 αἰῶνος
1359 2664 1674 2732 προφητῶν
1703 2668 1809 2718 αὑ-

249 2753 376 2808 τοῦ.
405 2754 586 2825 Κέρας
610 2755 668 2807 δὲ
697 2757 898 2826 κυρίως
922 2755 1227 2826 ὠνόμασται
1252 2757 1280 2807 ὁ
1302 2755 1528 2828 Χριστὸς
1545 2755 1639 2807 τοῦ
1655 2755 1806 2808 Θεοῦ.

251 2845 343 2899 Διὸ
391 2846 484 2898 καὶ
536 2846 842 2918 μονόκερως
895 2846 1108 2917 εἴρηται
1157 2847 1296 2900 κατὰ
1345 2847 1444 2918 τὴν
1501 2848 1809 2914 φάσκουσαν

250 2938 491 3010 Γραφήν’
527 2937 637 2991 Καὶ
677 2938 1052 3008 ἠγαπημένοι*
1094 2939 1174 3005 ὡς
1207 2939 1337 3004 υἱὸς
1369 2932 1804 3007 μονοκερὼτωνσ

248 3028 480 3099 ἐπείπερ
506 3028 571 3082 δι’
595 3028 757 3082 αὐτοῦ
786 3028 934 3082 πᾶσα
959 3033 992 3102 ἡ
1025 3031 1368 3103 ἀντικειμένη
1404 3031 1497 3084 καὶ
1527 3031 1696 3103 ἐχθρὰ
1716 3032 1808 3085 τοῦ

247 3117 384 3170 Θεοῦ
404 3117 628 3189 δύναμις
647 3120 916 3191 ἑνετράπη
936 3137 995 3174 κε
1003 3121 1309 3192 ρατισθεῖσα
1327 3123 1417 3176 καὶ
1438 3123 1801 3193 κεραῖσθεῖσα.

1919 2115 2012 2170 vit.
2050 2116 2138 2170 Ait
2163 2117 2306 2171 enim
2337 2119 2665 2187 evangelista
2695 2138 2708 2172 :
2740 2117 2808 2170 Et
2830 2117 3117 2173 Zacharias
3145 2123 3368 2190 repletus
3386 2136 3466 2178 est

1917 2204 2115 2269 Spiritu
2138 2216 2340 2270 sancto,
2363 2218 2410 2260 et
2427 2207 2750 2276 .prophetavit
2777 2208 2972 2274 dicens,
2998 2210 3304 2266 Benedictus
3325 2213 3464 2268 Deus

1917 2297 2107 2368 Israel,
2148 2299 2272 2369 quia
2319 2299 2547 2352 visitavit
2591 2309 2642 2353 et
2693 2301 2813 2368 fecit
2861 2303 3256 2370 redemptionem
3299 2306 3462 2372 plebis

1913 2405 2042 2444 suae.
2077 2387 2145 2442 Et
2186 2391 2359 2444 erexit
2399 2407 2560 2444 cornu
2602 2392 2791 2446 salutis
2837 2393 2983 2448 nobis
3016 2395 3074 2447 in
3103 2395 3257 2449 domo
3299 2397 3463 2449 David

1914 2481 2061 2549 pueri
2091 2482 2195 2537 sui.
2240 2480 2389 2535 Sicut
2420 2483 2623 2536 locutus
2657 2493 2735 2537 est
2765 2500 2862 2552 per
2886 2501 2943 2536 os
2983 2495 3281 2539 sanctorum
3317 2489 3406 2558 qui
3427 2507 3466 2542 α

1914 2571 2106 2626 σαι-ιιιο
2150 2581 2272 2626 sunt
2311 2574 2682 2641 prophetarum
2730 2575 2842 2643 ejus
2864 2576 2927 2626 ³⁷.
2962 2576 3143 2631 Cornu
3167 2594 3227 2630 vc
3265 2595 3296 2632 ο
3337 2596 3460 2649 pro-

1890 2663 2026 2734 prie
2067 2673 2289 2717 vocatur
2319 2663 2568 2719 Christus
2607 2665 2722 2720 Dei.
2765 2665 2944 2731 Quare
2993 2669 3271 2724 unicornis
3301 2674 3460 2723 etiam

1886 2753 2111 2808 dicitur
2149 2753 2204 2807 in
2250 2751 2554 2824 Scriptura,
2598 2769 2719 2823 quae
2761 2756 2841 2810 sic
2890 2756 3051 2810 habet
3084 2777 3095 2810 :
3128 2757 3197 2809 Et
3242 2759 3460 2814 dilectus

1906 2843 2340 2914 quemadmodum
2369 2845 2512 2912 ﬁlius
2537 2845 2866 2898 unicornium
2890 2845 2933 2877 ³⁸
2962 2862 2979 2898 ;
3010 2847 3136 2915 quia
3158 2863 3255 2917 per
3282 2850 3457 2917 ipsum

1910 2936 2086 2992 omnis
2106 2935 2417 2991 adversaria
2448 2946 2502 2990 et
2535 2935 2756 2990 inimica
2783 2935 2891 2990 Deo
2924 2936 3097 2991 virtus
3127 2953 3316 2994 eversa
3353 2951 3456 3005 εει,

1908 3041 2082 3082 cornu
2120 3028 2362 3097 impetita
2393 3036 2447 3082 et
2470 3027 2711 3097 depulsa.
2744 3027 2907 3084 Solus
2931 3028 3112 3100 itaque
3139 3044 3206 3086 ex
3234 3046 3457 3087 succes-

1908 3118 2126 3173 soribus
2164 3117 2402 3181 Davidis,
2440 3117 2602 3176 Iesus
2635 3119 2888 3176 Christus
2917 3119 3164 3175 Salvator
3194 3131 3250 3176 et
3279 3122 3457 3177 Domi-

249 3210 427 3273 Μόνος
470 3212 599 3280 γοῦν
643 3213 718 3277 ὡς
765 3213 977 3284 ἀληθῶς
1019 3214 1125 3267 τῶν
1172 3216 1473 3286 γενομένων
1513 3214 1606 3269 τοῦ
1644 3215 1806 3268 Δαυῖδ
1909 3223 1975 3261 nu

1733 3215 1806 3268 ﬁs
1909 3223 2012 3263 nus
2045 3219 2252 3272 noster,
2277 3225 2346 3264 ex
2397 3211 2604 3265 semine
2632 3211 2753 3280 ejus
2791 3223 2972 3276 natus,
3003 3211 3217 3268 deitatis
3255 3214 3309 3268 in
3340 3215 3459 3285 ipso

248 3302 506 3374 διαδόχων
539 3305 743 3374 Ἰησοῦς
773 3305 1002 3376 Χριστὸς
1021 3309 1051 3359 6
1073 3307 1258 3378 Σωτὴρ
1285 3309 1378 3360 καὶ
1399 3308 1599 3378 Κύριος
1624 3307 1801 3379 ἡμῶν,
1831 3289 1872 3344 C
1906 3298 1974 3351 ha

1729 3307 1801 3371 δν,
1831 3289 1872 3344 C
1906 3297 2200 3352 habitantis
2242 3312 2434 3363 cornu,
2486 3312 2699 3351 omnem
2746 3297 3050 3353 daemonum
3105 3307 3158 3354 et
3192 3299 3455 3354 idolorum

249 3394 315 3444 ἐκ
347 3393 656 3464 σπέρματος
693 3395 853 3448 αὑτοῦ
891 3397 1163 3467 προελθὼν
1188 3399 1264 3468 τῷ
1295 3399 1482 3470 κέρατι
1508 3400 1610 3469 τῆς
1634 3400 1690 3450 ὲν
1714 3400 1804 3452 αὐ-

249 3481 328 3553 τῷ
359 3482 630 3555 θεότητος,
667 3489 843 3540 πᾶσαν
890 3487 986 3556 τὴν
1029 3489 1344 3561 δαιμονικὴν
1386 3493 1480 3543 καὶ
1527 3491 1803 3562 είδωλικὴν

244 3574 551 3644 ἀνατρέψας
584 3577 795 3629 καθεῖλε
839 3577 1060 3649 πλάνην.
1106 3581 1195 3632 Διὸ
1237 3582 1328 3634 καὶ
1370 3583 1534 3652 κέρας
1582 3584 1802 3646 εἰκότως

249 3665 344 3718 καὶ
379 3665 684 3737 μονόκερως
715 3669 773 3720 ὲν
803 3673 910 3732 τοῖς
944 3673 1108 3740 ἱεροῖς
1135 3671 1446 3740 ὠνόμασται
1473 3673 1666 3740 λόγοις.
1697 3675 1801 3725 Αὐ-

242 3754 337 3808 τοῦ
349 3754 428 3818 δὲ,
446 3757 674 3825 καὶέοὺδὲ
693 3756 920 3830 suam,
947 3761 1064 3830 χεὶρ
1086 3760 1225 3830 καὶὴ
1246 3758 1391 3823 δεξιὰ
1415 3761 1800 3831 κατεκυρίευσε

244 3847 344 3918 τῆς
382 3847 704 3920 οἰκουμένης
749 3849 947 3920 πάσης,
987 3853 1044 3902 ὲν
1073 3852 1331 3920 ποταμοῖς
1364 3852 1454 3903 καὶ
1485 3851 1792 3915 θαλάσσαις·

242 3941 365 3993 ἐπεὶ
397 3941 491 3994 καὶ
533 3941 631 4006 τὰς
668 3944 861 4014 νήσους
901 3943 1009 3996 τῶν
1040 3943 1204 3996 ἐθνῶν
1243 3944 1554 4014 ἐπλήρωσεν
1587 3946 1619 4014 ή
1657 3943 1798 3995 διδα-

243 4029 440 4083 σκαλία
476 4032 638 4085 αὐτοῦ
670 4034 763 4086 καὶ
792 4034 1062 4104 πανταχοῦ
1113 4035 1216 4104 γῆς
1257 4035 1457 4105 Κύριον
1501 4035 1663 4088 αὐτὸν
1705 4036 1796 4087 καὶ

241 4119 373 4173 Θεὸν
398 4119 492 4173 καὶ
523 4121 759 4190 βασιλέα,
798 4124 904 4176 πᾶν
932 4123 1084 4189 γένος
1125 4121 1422 4192 ἀνθρώπιον
1457 4120 1792 4191 ἀναγορεύει.

241 4210 462 4280 Ὅμοιον
492 4211 549 4265 δέ
581 4213 695 4265 ἐστι
719 4213 779 4264 16
810 4212 1040 4266 ἐνταῦθα
1065 4212 1290 4285 φάσκον,
1315 4212 1579 4281 Θησομαι
1607 4213 1675 4265 ὲν
1697 4216 1794 4267 θα-

235 4298 443 4368 λάσση
472 4301 640 4369 xsi'pa
682 4303 864 4356 αὐτοῦ
894 4302 1093 4356 καὶ-ὲν
1133 4301 1414 4371 ποταμοῖς
1445 4301 1649 4366 δεξιὰν
1685 4304 1792 4354 αὐ-

237 4391 364 4455 τοῦ,
385 4391 462 4463 τῷ
486 4393 544 4445 ἐν
565 4400 640 4446 οα⁸
670 4393 865 4464 ψαλμῷ
895 4391 1046 4456 αὖθις
1073 4395 1202 4465 περὶ
1232 4394 1396 4449 αὑτοῦ
1429 4394 1656 4462 λέγοντιυ
1683 4395 1791 4448 Καὶ

236 4485 685 4550 κατακυριεύσει
718 4485 835 4540 ἀπὸ
858 4484 1170 4554 θαλάσσης
1198 4485 1306 4552 ἕως
1339 4485 1670 4552 θαλάσσης,
1697 4485 1792 4539 καὶ

233 4574 351 4627 ἀπὸ
372 4576 643 4646 ,ποταμοῦ
685 4576 794 4644 ἕως
829 4576 947 4631 τῶν
988 4577 1253 4645 περάτων
1275 4577 1386 4646 τῆς
1414 4578 1786 4647 οἰκουμένης.

246 4664 571 4738 Ἀρξάμενος
600 4664 691 4723 οὖν
719 4671 747 4723 6
782 4670 968 4742 Σωτὴρ
1005 4671 1111 4724 ἀπὺ
1153 4670 1247 4724 τοῦ
1290 4669 1655 4740 βαπτίσματος
1691 4670 1785 4721 τοῦ

235 4756 378 4809 κατὰ
402 4757 495 4813 16v
539 4760 806 4831 Ἰορδάνην
841 4761 1082 4832 ποταμοῦ
1109 4762 1205 4834 τὴν
1234 4761 1505 4830 βασιλειαν
1525 4760 1618 4814 τοῦ
1649 4761 1783 4813 Θεοῦ

234 4850 545 4920 κηρύττειν,
572 4854 671 4924 τὴν
698 4855 872 4908 πᾶσαν
895 4854 1206 4924 ἐπλήρωσεν
1229 4853 1566 4924 οἰκουμένην.
1597 4852 1704 4904 Καὶ
1729 4854 1783 4904 ὲν

233 4942 475 5016 Ζαχαρία
491 4945 546 4998 δὲ
563 4946 640 5017 τῷ
661 4947 908 5018 προφήτῃ
931 4945 1194 4998 λέλεκται·
1218 4937 1391 5013 Χαῖρε
1421 4945 1517 4997 καὶ
1543 4945 1780 5012 εὐφραι-

230 5049 366 5098 rov,
403 5037 649 5106 θύγατερ
683 5037 846 5092 Σιών·
874 5037 1000 5090 ἰδοὺ
1026 5041 1058 5090 ό
1085 5038 1378 5102 βασιλεύς
1405 5053 1518 5090 σου
1551 5036 1782 5104 ἔρχεταί

231 5137 328 5175 σοι
344 5124 532 5190 πραῢς
550 5127 646 5180 καὶ
661 5125 1015 5194 ἐπιϐεϐηκὼς
1028 5126 1122 5179 ἐπὶ
1139 5124 1453 5194 ῥποζύτιογ
1469 5125 1560 5178 καὶ
1580 5124 1775 5178 πῶλον

228 5213 388 5267 νέον.
420 5216 527 5268 Καὶ
554 5219 828 5287 κατάρξει
854 5219 971 5274 ἀπὸ
996 5217 1307 5284 θαλάσσης
1322 5217 1430 5280 ἕως
1445 5216 1771 5282 θαλάσσης.

229 5306 325 5360 καὶ
341 5305 458 5360 ἀπὸ
475 5311 750 5377 ποταμῶν
760 5312 833 5365 δι’
847 5312 1097 5377 ἐκϐολὰς
1111 5308 1236 5379 γῆς.
1267 5308 1400 5361 Ἀνθ’
1415 5302 1474 5361 οὗ
1487 5308 1548 5361 16
1571 5309 1772 5379 Ἐϐραῖ-

229 5399 324 5452 κον
359 5399 618 5470 περιέχει,
651 5403 758 5455 Καὶ
784 5405 900 5456 ἀπὸ
933 5401 1208 5471 ποταμῶν
1231 5401 1338 5466 ἕως
1369 5399 1483 5453 τῶν
1515 5399 1773 5468 περάτων

228 5489 332 5558 τῆς
349 5489 480 5560 τῆς.
499 5492 653 5545 Εἴποι
675 5492 720 5546 δ’
749 5493 812 5545 ἄν
836 5512 919 5557 τις
948 5494 1374 5565 ἀπορρητότερον
1392 5493 1482 5545 καὶ
1501 5492 1672 5556 ἄλλως
1691 5493 1774 5545 διὰ

226 5581 445 5648 τούτων,
477 5583 575 5654 τὴν
613 5584 712 5654 μὲν
740 5585 914 5650 δεξιὰν
940 5586 1100 5639 αὐτοῦ
1131 5587 1186 5637 ἐν
1215 5587 1472 5653 ποταμοξ
1503 5583 1771 5650 λέγεσθαι,

225 5673 312 5725 διὰ
331 5671 391 5725 16
421 5674 628 5738 πάντας
649 5676 772 5737 τοὺς
799 5678 862 5728 ὲκ
886 5676 1070 5742 δεξιῶν
1112 5675 1274 5729 αὑτοῦ
1305 5675 1388 5728 διὰ
1418 5674 1638 5745 λουτροῦ
1672 5692 1773 5730 πα-

226 5761 558 5825 λιγγενεσίας
605 5764 971 5833 καθαίρεσθαι,
1007 5768 1097 5819 καὶ
1137 5767 1234 5834 τῆς
1265 5765 1442 5819 ἐνθέου
1477 5767 1770 5833 ἀναγεννή-

1904 3403 2144 3443 errorem
2190 3403 2316 3443 vere
2371 3403 2436 3442 ac
2483 3388 2725 3442 funditus
2759 3390 3049 3445 destruxit.
3097 3389 3455 3455 Quamobrem

1904 3495 2074 3538 cornu
2097 3487 2150 3535 et
2190 3480 2469 3534 unicornis
2502 3481 2553 3533 in
2604 3481 2775 3535 sacris
2799 3479 3019 3534 Litteris
3043 3481 3259 3540 .merito
3295 3497 3454 3536 voca-

1902 3582 2012 3626 tur.
2037 3572 2214 3644 Ipsius
2236 3587 2383 3636 vero,
2407 3581 2459 3627 et
2491 3588 2596 3626 nou
2619 3573 2781 3637 alius,
2813 3586 3007 3628 manus
3028 3580 3082 3626 et
3107 3571 3326 3626 dextera
3357 3574 3454 3628 toti

1903 3667 2106 3723 mundo
2142 3667 2417 3722 dominata
2453 3674 2537 3721 est
2563 3668 2616 3720 in
2649 3665 2966 3722 ﬂuminibus
2992 3675 3045 3721 et
3072 3667 3335 3722 maribus.
3370 3667 3452 3720 Si-

1901 3759 2117 3828 quidem
2147 3760 2385 3831 gentium
2427 3761 2632 3815 insulas
2675 3759 2900 3830 replevit
2929 3758 3176 3813 doctrina
3219 3759 3359 3828 ejus,
3399 3769 3452 3812 et

1899 3850 2101 3918 ubique
2129 3858 2397 3905 terrarum
2429 3851 2739 3906 universum
2769 3851 3058 3905 humanum
3078 3865 3250 3919 genus
3270 3848 3450 3902 Domi-

1899 3945 2026 3994 num
2058 3941 2230 4005 illum,
2267 3940 2433 3996 Deum
2465 3949 2519 3995 et
2545 3941 2745 4011 Regem
2784 3942 3040 4011 appellat.
3069 3940 3256 3995 Simile
3286 3955 3449 4009 porro

1897 4038 1981 4085 est
2007 4031 2110 4085 hoc
2140 4031 2368 4093 dictum,
2400 4031 2605 4084 Ponant
2629 4033 2684 4085 in
2726 4033 2863 4084 mari
2890 4047 3101 4084 manum
3137 4025 3271 4099 ejus,
3315 4040 3364 4084 et
3393 4033 3450 4089 in

1900 4119 2203 4187 ﬂuminibus
2236 4120 2507 4174 dexteram
2538 4121 2674 4188 ejus,
2698 4121 2747 4174 ei
2769 4119 2914 4190 quod
2937 4120 3003 4175 de
3031 4120 3222 4176 eodem
3251 4122 3370 4192 ipso
3395 4124 3444 4176 iu

1896 4226 2019 4264 Lm
2082 4210 2292 4280 psalmo
2357 4209 2606 4273 dicitur,
2655 4207 2724 4261 Et
2798 4208 3157 4264 dominabitur
3215 4228 3249 4264 ιι
3311 4213 3450 4264 mari

1894 4319 2056 4373 usque
2114 4303 2182 4355 ad
2227 4318 2399 4366 mare,
2449 4312 2499 4355 et
2557 4319 2590 4355 a
2628 4303 2845 4371 ﬂumine
2885 4319 3046 4373 usque
3100 4304 3168 4357 ad
3202 4306 3448 4358 terminos

1894 4395 2033 4449 orbis
2092 4403 2371 4448 terrarum.
2421 4393 2557 4447 Cum
2613 4394 2868 4463 cmpisset
2921 4394 3065 4448 enim
3109 4393 3362 4448 Servator
3416 4411 3446 4446 ει

1894 4484 2216 4556 baptismate
2274 4484 2341 4538 ad
2405 4483 2694 4539 Jordauem
2759 4483 2982 4538 ﬂuvium
3044 4494 3299 4552 suscepto
3356 4499 3444 4538 re-

1892 4591 2056 4644 gnum
2118 4576 2208 4630 Dei
2261 4574 2593 4645 praedicare,
2637 4581 2809 4628 totum
2858 4574 3082 4642 replevit
3126 4573 3334 4626 orbem.
3384 4571 3442 4630 lu

1894 4667 2155 4722 Zacharia
2213 4682 2344 4722 vero
2391 4665 2652 4736 propheta
2713 4663 2912 4718 dicitur
2964 4680 2980 4717 ;
3031 4660 3211 4716 Gaude
3258 4671 3307 4714 et
3348 4660 3442 4714 lae-

1891 4771 2026 4824 tare,
2069 4759 2187 4827 ﬁlia
2233 4757 2362 4812 Sion
2386 4773 2404 4810 .'
2428 4772 2542 4810 ecce
2589 4770 2682 4808 rea:
2717 4764 2838 4808 tuus
2889 4754 3023 4808 venit
3063 4753 3158 4806 tibi
3193 4767 3434 4806 mansne.

1891 4862 1995 4915 tus,
2027 4861 2076 4904 et
2112 4850 2341 4905 insidens
2389 4848 2674 4918 subjugali,
2719 4858 2770 4902 et
2813 4847 2960 4917 pullo
2999 4847 3196 4916 juveni.
3235 4844 3304 4898 Et
3343 4845 3430 4898 do-

1888 4943 2174 4996 minabitur
2213 4957 2245 4993 a
2287 4940 2426 4992 mari
2465 4955 2624 5010 usque
2659 4939 2730 4992 ad
2765 4955 2909 4992 mare
2931 4979 2946 5002 ,
2978 4948 3029 4992 et
3064 4956 3098 4992 α
3131 4938 3436 5006 ﬂuminibus

1887 5051 2044 5104 usque
2085 5034 2152 5086 ad
2187 5033 2359 5087 exitus
2406 5041 2557 5087 teme
2589 5033 2653 5086 ⁸⁹.
2687 5030 2795 5086 Pro
2835 5048 2944 5102 quo
2987 5031 3304 5087 Hebraicum
3339 5029 3435 5084 ha-

1891 5125 2010 5187 bet,
2046 5121 2116 5174 Et
2145 5139 2177 5175 a
2207 5121 2512 5190 ﬂuminibus
2553 5137 2715 5190 usque
2753 5120 2821 5174 ad
2851 5123 3098 5174 terminos
3133 5129 3302 5172 terra.
3339 5116 3433 5170 Di-

1889 5217 2026 5270 xerit
2057 5229 2220 5284 porro
2248 5213 2517 5284 quispiam
2539 5255 2553 5279 ,
2582 5213 2934 5284 profundiore
2965 5209 3292 5278 intelligendi
3327 5209 3432 5263 ritu

1887 5309 1974 5362 hic
2006 5307 2124 5375 ejus
2151 5306 2510 5378 dexteram‘in
2551 5305 2863 5360 ﬂuminibus
2902 5304 3037 5365 dici,
3081 5302 3204 5369 quia
3244 5315 3436 5354 omnes

1887 5399 1976 5470 qui
2004 5413 2032 5450 a
2064 5397 2268 5452 dextris
2298 5397 2418 5467 ejus
2446 5405 2606 5462 sunt,
2644 5413 2738 5467 per
2771 5398 3041 5450 lavacrum
3069 5396 3435 5462 regeneratio-

1884 5493 1967 5546 nis
1997 5497 2314 5559 purgantur,
2339 5495 2393 5542 et
2417 5488 2598 5543 divina
2627 5485 3030 5556 regeneratione
3051 5499 3146 5553 per
3170 5481 3428 5535 inﬂurum

1883 5582 2118 5651 Spiritus
2142 5581 2314 5634 sancti
2334 5568 2650 5649 dignantur:
2674 5577 2902 5632 Dextros
2925 5591 3054 5632 sane
3086 5576 3207 5630 illos
3233 5575 3282 5628 ei
3309 5587 3432 5629 esse

1879 5673 2199 5734 didicimus,
2236 5671 2435 5741 quibus
2476 5669 2778 5740 pollicendo
2823 5668 2997 5722 dixit:
3035 5667 3249 5729 Venite,
3279 5663 3432 5718 benc-

1877 5764 2004 5817 dicti
2057 5763 2236 5819 Patris
2282 5765 2412 5831 mei,
2461 5762 2716 5832 possidete
2747 5778 2958 5832 regnum
3002 5759 3141 5813 vobis
3184 5768 3427 5812 auratum

295 5914 334 5946 "
374 5913 504 5970 Luc.
540 5934 667 5986 vui,
701 5919 767 5974 67
804 5921 886 5975 70.
964 5920 1006 5954 ⁸³
1044 5917 1183 5974 Psal.
1222 5937 1416 5984 uvul,
1452 5920 1506 5978 6.
1582 5921 1623 5953 ³⁸
1660 5919 1821 5974 Zach.
1855 5933 1943 5985 is,
1969 5919 2024 5973 9.
