4372 6394
343 462 477 515 ιιυ5

1440 459 1932 517 COMMENTARIA
1968 462 2035 518 1N
2064 460 2399 517 PSALIIOS.

3364 456 3499 513 “06

337 572 504 635 σῶσι,
546 569 645 625 καί
692 571 765 625 τὰ
802 566 1153 636 δικαιώματά
1186 584 1301 635 μου
1330 568 1735 634 βεδηλώσωσι,
1780 570 1877 623 καί
1906 580 1951 634 Α
1980 586 2062 622 ma

1780 570 1877 623 καί
1906 580 1951 634 Α
1980 570 2227 623 mandata
2276 585 2389 621 mea
2437 584 2535 621 non
2582 567 2955 625 custodierint;
3002 567 3218 620 visitabo
3262 570 3317 621 in
3362 572 3498 639 virga

336 661 442 726 τὰς
458 656 708 722 ἐντολάς
731 674 847 725 μου
873 656 952 723 μὴ
990 654 1353 723 mmmam
1390 654 1778 722 ἐπισκέψομαι
1805 657 1872 708 ὲν

334 748 528 817 ῥάϐδῳ
574 748 681 809 τὰς
724 744 968 812 ἀνομίας
1011 740 1219 803 αὐτῶν,
1261 741 1356 793 καὶ
1397 742 1467 793 ἑν
1500 742 1737 809 μάστιξι
1770 744 1874 806 τὰς

339 836 570 899 ἀδικίας
595 832 809 885 αὐτῶν.
853 833 918 884 Τὸ
956 830 1023 880 δὲ
1074 829 1241 892 ἔλεός
1267 845 1383 896 μου
1414 830 1483 881 οὐ
1516 829 1599 897 μὴ
1642 828 1870 881 διασκε-

340 927 503 980 δάσω
527 924 627 977 ἀπ’
647 922 849 985 αὐτοῦ,
882 918 1017 971 οὐδὲ
1034 918 1119 985 μὴ
1155 917 1420 983 ἀδικήσω
1450 918 1518 969 ἐν
1542 916 1611 984 τῇ
1632 920 1872 985 ἀληθείᾳ

333 1032 473 1084 μου.
506 1012 655 1067 Οὑδέ
676 1010 759 1079 μὴ
782 1008 1103 1073 ,ϐεϐηλώσω
1147 1006 1258 1073 τὴν
1298 1006 1586 1073 διαθήκην
1614 1024 1749 1075 μου,
1780 1010 1874 1059 καί

339 1104 409 1157 τὰ
454 1101 885 1169 ἐκπορευόμενα
933 1096 1030 1148 διὰ
1090 1096 1205 1148 τῶν
1247 1096 1489 1163 χειλέων
1530 1114 1646 1163 μου
1687 1100 1756 1150 οὺ
1789 1096 1873 1164 μὴ

338 1194 625 1257 ἀθετήσω.
661 1189 740 1242 Τὰ
767 1189 863 1257 μὲν
902 1187 1162 1256 είρημένα
1193 1188 1318 1255 περὶ
1346 1186 1436 1239 τοῦ
1463 1187 1633 1257 κέρως
1659 1188 1745 1240 διὰ
1770 1189 1874 1241 τῶν

340 1282 641 1355 ἔμπροσθεν
694 1278 1060 1347 πεπλήρωται.
1118 1276 1412 1329 Ἑδείκνυτο
1466 1276 1522 1329 δὲ
1576 1278 1737 1346 κέρας
1780 1279 1878 1331 οὐκ

339 1373 614 1441 ἀλλότριον
639 1372 731 1425 τοῦ
761 1370 825 1421 ὲκ
852 1367 1158 1435 σπέρματος
1176 1366 1331 1418 Δαυϊδ
1356 1366 1492 1419 κατὰ
1519 1367 1693 1434 σάρκα
1721 1383 1877 1436 γενη-

346 1462 529 1524 θέντος
561 1458 810 1529 Χριστοῦ.
846 1456 1043 1509 Τούτου
1093 1457 1137 1509 δ’
1169 1452 1279 1519 οὖν,
1317 1455 1614 1517 ἀκολούθως
1648 1457 1784 1525 μετὰ
1810 1457 1875 1507 τὰ

340 1554 465 1624 περὶ
489 1548 649 1602 αὐτοῦ
674 1547 1084 1616 τεθεσπισμένα,
1110 1546 1208 1614 τὴν
1236 1544 1477 1614 διαδοχὴν
1507 1544 1591 1597 διὰ
1614 1545 1718 1597 τῶν
1748 1562 1877 1614 προ-

339 1641 621 1710 κειμένων,
674 1636 829 1689 ὁποία
878 1637 957 1699 τίς
994 1638 1126 1697 ἐστι,
1164 1634 1452 1704 παρίστησι
1477 1635 1725 1701 φάσκων·
1767 1636 1874 1704 Οὐχ

338 1730 521 1793 ἁπλῶς
545 1731 626 1792 εις
652 1729 745 1783 ινα
778 1728 931 1798 μόνον
974 1728 1062 1779 τὸν
1102 1725 1337 1795 παρόντα
1382 1724 1567 1786 αἰῶνα,
1614 1723 1743 1776 ἀλλὰ
1787 1726 1878 1776 καὶ

339 1822 419 1883 εἱς
441 1819 535 1872 τὸν
576 1818 863 1888 μετέπειτα
899 1815 1065 1869 αίῶνα
1096 1814 1184 1867 τοῦ
1217 1812 1407 1874 αἰῶνος
1436 1813 1495 1865 τὸ
1534 1813 1747 1883 σπέρμα
1787 1815 1874 1884 δηέ

1978 660 2271 727 iniquitates
2312 674 2518 720 eorum,
2562 668 2610 710 et
2643 658 2695 707 in
2736 656 3018 718 verberibus
3059 669 3269 724 peccata
3304 676 3499 713 eorum.

1978 748 2392 801 Misericordiam
2437 758 2606 800 autem
2649 762 2815 799 meam
2856 764 2957 799 non
2997 746 3258 813 dissipabo
3302 751 3366 802 ab
3410 766 3501 810 eo,

1978 851 2133 903 neque
2164 835 2347 887 nocebo
2380 836 2433 886 in
2460 836 2677 888 veritate
2720 851 2875 888 mea:
2915 836 3069 904 neque
3106 836 3391 903 profanabo
3432 847 3506 893 tc-

1978 933 2287 975 stamentum
2318 939 2519 985 meum,
2547 933 2594 977 et
2629 929 2750 991 qua!
2767 924 3047 989 procedunt
3086 925 3147 979 de
3188 926 3337 980 labiis
3379 929 3502 983 meis

1979 1028 2078 1063 non
2120 1013 2313 1079 faciam
2359 1014 2533 1064 irrita.
2580 1012 2706 1077 Quae
2736 1015 2800 1067 de
2830 1029 2997 1067 cornu
3030 1015 3173 1068 dicta
3208 1016 3416 1069 fuerant
3450 1018 3501 1070 iu

1979 1103 2419 1178 praecedentibus,
2444 1105 2657 1172 impleta
2680 1104 2938 1158 feruntur.
2960 1105 3140 1158 Cornu
3167 1121 3323 1173 porro
3343 1107 3507 1175 signi-

1981 1190 2238 1243 ﬁcabatur
2262 1194 2380 1244 non'
2397 1192 2539 1245 aliud
2568 1207 2597 1245 a
2614 1193 2845 1258 Christo,
2867 1194 2956 1261 qui
2981 1194 3273 1250 secundum
3295 1210 3504 1249 carnem

1978 1296 2043 1333 ex
2072 1283 2272 1335 semine
2320 1280 2483 1335 David
2525 1292 2679 1336 natus
2720 1292 2822 1339 est.
2879 1284 3277 1352 Consequenter
3336 1294 3509 1339 autem

1980 1372 2043 1423 ad
2074 1372 2161 1423 illa
2194 1388 2311 1440 quae
2344 1374 2410 1427 de
2446 1374 2563 1442 ipso
2594 1372 2915 1426 vaticinatus
2943 1380 3089 1436 erat,
3121 1388 3362 1441 quanam
3395 1376 3512 1442 ejus

1980 1462 2255 1514 successio
2286 1462 2461 1514 futura
2494 1463 2563 1515 sit
2594 1462 2829 1514 declarat
2861 1462 3044 1516 dicens
3073 1480 3086 1515 :
3119 1462 3232 1515 {Non
3264 1464 3316 1516 in
3347 1480 3510 1517 unum

1979 1564 2215 1616 praesens
2244 1550 2495 1603 saeculum
2528 1550 2818 1614 duntaxat,
2853 1551 2943 1604 sed
2976 1551 3026 1603 in
3060 1553 3393 1623 subsequens
3416 1569 3513 1608 sae-

1980 1641 2156 1693 culum
2188 1640 2389 1701 surculi,
2436 1640 2712 1692 memorati
2752 1654 2919 1692 cornu
2965 1656 3146 1693 semen
3187 1656 3417 1708 ponam:
3461 1647 3515 1694 et

1980 1731 2229 1783 thronum
2263 1730 2410 1796 ejus,
2446 1744 2553 1781 non
2584 1727 2648 1781 ad
2680 1743 2875 1796 paucos
2910 1727 3057 1792 dies,
3096 1743 3268 1796 neque
3298 1730 3363 1781 ad
3394 1729 3515 1783 bte-

1981 1835 2071 1873 ves
2104 1834 2364 1872 annorum
2396 1817 2639 1887 periodos
2660 1858 2672 1880 ,
2704 1818 3037 1880 custodiam;
3072 1818 3163 1870 sed
3196 1816 3418 1871 alliciant
3456 1826 3515 1871 ut

338 1911 597 1971 λωθέντος
641 1908 814 1979 κέρως
862 1907 1093 1977 θήσομαι
1117 1920 1130 1933 ·
1174 1906 1266 1957 καὶ
1303 1902 1394 1954 τὸν
1420 1902 1601 1973 θρόνον
1627 1905 1789 1957 αὑτοῦ
1820 1907 1881 1958 οὑ
1914 1912 1953 1966 Β
1981 1909 2064 1964 die

1820 1907 1881 1958 οὑ
1914 1912 1953 1966 Β
1981 1909 2169 1964 diebus
2192 1910 2313 1963 caeli
2342 1916 2665 1976 comquetur.
2698 1905 3049 1976 Symmachus
3078 1916 3253 1961 autem
3284 1907 3367 1961 his
3396 1924 3515 1962 ver—

340 2002 475 2071 πρὸς
522 2000 704 2067 ὀλίγας
746 1998 977 2067 ἡμέρας,
1005 1994 1121 2047 οὐδὲ
1153 1994 1233 2056 εἰς
1265 1992 1399 2045 ἐτῶν
1427 1994 1700 2063 περιόδους
1750 1995 1879 2066 βρα-

341 2091 491 2159 χείας
520 2089 753 2157 φυλάξω,
788 2086 920 2138 ἀλλὰ
972 2086 1092 2145 ταῖς
1117 2082 1345 2151 ἡμέραις
1365 2082 1456 2135 τοῦ
1489 2084 1715 2155 οὐρανοῦ
1748 2102 1883 2155 συμ-

343 2178 783 2252 παρεκτείνεσθαι
839 2174 1063 2243 ποιήσω.
1092 2173 1199 2225 Καὶ
1238 2174 1265 2223 ὁ
1308 2173 1593 2243 Σύμμαχος
1618 2174 1672 2227 δὲ
1716 2175 1882 2237 οὕτως

340 2274 679 2342 ἡρμήνευσεν
694 2267 878 2320 εἰπών·
913 2266 1021 2321 Kal
1046 2265 1273 2332 ποιήσω
1295 2264 1559 2331 διηνεκὲς
1580 2266 1640 2317 τὸ
1654 2267 1884 2333 σπέρμα

338 2361 547 2423 αὐτοῦ,
587 2360 689 2413 καὶ
713 2359 819 2412 τὸν
857 2359 1068 2425 θρόνον
1103 2356 1395 2433 αὐτοῦ.ἑφ’
1418 2357 1565 2409 ὅσον
1592 2360 1649 2408 αί
1676 2357 1883 2423 ἡμέραι

340 2451 445 2504 τοῦ
471 2449 745 2517 οὐρανοῦ.
776 2450 999 2519 Σπέρμα
1035 2447 1090 2499 δὲ
1131 2445 1222 2499 τοῦ
1273 2444 1503 2515 Χριστοῦ
1544 2445 1594 2496 τί
1618 2444 1718 2513 χρὴ
1748 2447 1883 2495 νοεῖν

340 2541 375 2607 ἢ
397 2540 494 2601 τὰς
541 2538 660 2592 καθ’
702 2537 829 2606 ὅλης
857 2537 953 2605 τῆς
977 2536 1294 2604 οἰκουμένης
1332 2532 1665 2593 συνεστώσας
1696 2531 1751 2593 ἐξ
1791 2534 1885 2584 αὺ-

340 2628 433 2680 τοῦ
463 2628 799 2695 Ἐκκλησίας,
825 2629 916 2679 καὶ
934 2628 1056 2687 τοὺς
1077 2629 1135 2678 ὲν
1160 2627 1288 2677 πᾶσι
1316 2628 1419 2685 τοῖς
1443 2624 1646 2675 ἔθνεσιν
1672 2623 1885 2689 ἀναγεν-

348 2716 600 2785 νηθέντας
636 2715 783 2783 αὐτῷ
822 2708 1012 2776 λαούς;
1060 2713 1245 2781 θρόνος
1288 2712 1343 2764 δὲ
1390 2711 1548 2763 αὑτοῦ
1588 2711 1886 2778 τυγχάνειὸ

345 2806 485 2859 κατὰ
510 2806 609 2874 τὴν
650 2803 966 2872 Ἐκκλησίαν
1008 2790 1165 2855 αὑτοῦ
1197 2802 1315 2853 καθ’
1348 2801 1472 2870 ὅλης
1510 2800 1607 2881 τῆς
1643 2801 1887 2869 οἰκουμέ-

343 2913 442 2966 νης
463 2896 552 2948 διὰ
570 2895 687 2948 τῶν
708 2893 766 2957 ἐξ
784 2893 945 2946 αὐτοῦ
994 2892 1131 2946 κατὰ
1161 2890 1403 2961 διαδοχὴν
1441 2892 1711 2961 προέδρων
1743 2892 1885 2962 ἱδρυ-

346 2988 505 3057 μένος
522 3003 535 3016 θ
564 2987 740 3038 ὅντινα
761 2984 944 3054 θρόνον
970 2983 1233 3052 διαμένειν
1265 2983 1425 3052 φησιν
1466 2981 1539 3044 ὼς
1564 2982 1888 3051 τὰςυήμέρας

340 3076 436 3129 τοῦ
472 3074 697 3146 οὐρανοῦ
724 3091 737 3104 ·
776 3076 872 3143 οὐχ
933 3074 1139 3145 ὁμοίως
1178 3071 1257 3141 τῷ
1319 3072 1578 3125 Ἰουδαίων
1632 3072 1887 3141 βασιλικῷ

344 3164 536 3234 θρόνῳ,
595 3165 653 3227 ὃς
697 3165 782 3217 ἐπ’
827 3163 989 3233 ὀλίγῳ
1034 3163 1343 3231 διαρπάσας,
1372 3161 1696 3234 ἀπεσσέσθη,
1729 3162 1887 3229 ἐγγύς

345 3272 447 3306 που
502 3253 789 3323 φυλαχθεὶς
830 3253 1197 3323 τετρακοσίοις
1244 3252 1419 3319 μόνοις
1456 3251 1616 3313 ἔτεσι,
1643 3254 1753 3313 τοῖς
1785 3252 1890 3304 ἀπὸ

341 3342 438 3393 τοῦ
494 3342 652 3395 Δαυῖδ
697 3342 790 3394 καὶ
824 3344 913 3395 ἐπὶ
944 3342 1039 3411 τὴν
1082 3344 1159 3406 εἰς
1191 3340 1481 3394 Βαϐυλῶνα
1503 3342 1888 3411 αἰχμαλωσίαν.

341 3424 513 3493 Οὗτος
565 3431 621 3482 δὲ
672 3434 703 3483 ό
750 3430 935 3502 παρὼν
978 3430 1231 3499 θρόνος.ὁ
1259 3427 1348 3482 διὰ
1375 3431 1479 3483 τῶν
1520 3431 1890 3501 προκειμένων

343 3519 726 3590 θεπιζὸμενος
749 3522 857 3575 τῶν
881 3524 977 3591 τῆς
1018 3521 1341 3590 Ἐκκλησιας
1380 3520 1674 3590 προέδρων,
1706 3520 1893 3589 διαμε-

341 3614 423 3664 νεῖ
436 3611 530 3663 καὶ
555 3610 946 3681 φυλαχθήσεται
976 3610 1172 3679 ὁμοίως
1196 3611 1315 3671 ταῖς
1360 3608 1589 3679 ἡμέραις
1612 3609 1706 3663 τοῦ
1734 3612 1892 3681 οὐρα-

341 3701 455 3759 νοῦ.
497 3701 561 3753 Ei
608 3701 663 3753 δὲ
706 3699 1123 3769 συμϐαίη-ποτὲ·
1144 3700 1480 3770 πλημμελεῖν
1531 3700 1620 3753 τὸν
1651 3700 1777 3755 λαὸν
1800 3704 1892 3754 καὶ

340 3791 469 3853 τοὺς
498 3791 646 3852 υἱοὺς
671 3789 763 3843 τοῦ
795 3790 1286 3859 προφητευομένου,
1313 3790 1454 3858 λέγω
1480 3791 1536 3843 δὲ
1574 3793 1696 3855 τοὺς
1717 3793 1890 3845 διαδό-

344 3897 473 3950 χους
528 3880 709 3944 αὐτοῦ,
752 3880 1174 3951 πειραθήσεσθαι
1222 3882 1319 3949 μὲν
1348 3881 1539 3954 αὐτοὺς
1564 3883 1890 3953 ἐπιστροφῆς

340 3972 443 4049 τῆς
471 3970 559 4023 διὰ
572 3971 678 4024 τῶν
708 3971 959 4041 διωγμῶν
982 3987 1132 4041 φησι,
1166 3972 1237 4040 μὴ
1273 3972 1376 4040 μὴν
1400 3972 1742 4024 ἐκπεσεῖσθαί
1766 3989 1891 4024 ποτε

342 4062 450 4114 τῶν
467 4062 686 4131 θρόνων,
710 4063 840 4131 μηδὲ
860 4060 1276 4132 στερηθήσεσθαι
1302 4061 1396 4114 τοῦ
1412 4062 1590 4123 ἐλέους
1618 4061 1710 4113 τοῦ
1735 4062 1888 4115 Θεοῦ.

357 4150 483 4203 Ἐὰν
504 4152 612 4219 γὰρ
624 4151 745 4205 τάδε
767 4152 859 4203 καὶ
873 4152 995 4203 τάδε
1010 4150 1279 4218 πράξωσιν
1291 4152 1340 4200 oi
1353 4146 1457 4200 υἱοὶ
1470 4148 1651 4210 αὐτοῦ,
1673 4148 1827 4218 δῆλον
1848 4150 1891 4201 δ’

342 4242 427 4294 δτι
450 4239 543 4292 τοῦ
574 4240 826 4310 Χριστοῦ,
845 4240 967 4292 τάδε
998 4238 1209 4291 ἔσεσθαι
1223 4240 1400 4299 αὐτοῖς
1416 4254 1594 4306 φησιν’
1621 4238 1891 4291 ἐπισκέ-

342 4335 529 4399 iopas
544 4332 613 4384 ἐν
622 4330 816 4399 ῥάϐδῳ
830 4332 933 4396 τὰς
945 4331 1187 4397 ἀνομίας
1198 4329 1607 4401 αὑτῶν,δηλαδὴ
1623 4331 1726 4383 τῶν
1742 4332 1889 4393 υἱῶν,

345 4422 783 4491 καὶένμάστιξι
834 4423 939 4487 τὰς
984 4420 1213 4485 ἀδικίας
1255 4419 1478 4473 αὐτῶν·
1510 4423 1574 4473 τὸ
1626 4423 1693 4475 δὲ
1722 4424 1892 4486 ἔλεός

341 4528 458 4579 μου
491 4513 564 4565 οὐ
585 4510 669 4579 μὴ
704 4509 1073 4565 διασκεδάσω
1114 4510 1212 4563 ἀπ’
1248 4511 1451 4563 αὐτοῦ.
1501 4511 1608 4562 Καὶ
1638 4510 1888 4579 πρόσχες.

344 4601 427 4652 ὅτι
458 4602 530 4671 μὴ
559 4602 788 4671 εῐρηται,
826 4599 1157 4663 ἀπἀὐτῶν,
1191 4599 1327 4662 ἀλλ’,
1367 4600 1467 4653 ἀπ’
1499 4599 1701 4662 αὑτοῦ,
1735 4599 1888 4667 δῆλον

344 4691 425 4741 ὅτι
457 4690 549 4741 τοῦ
582 4688 1076 4758 προφητευομένου,
1122 4688 1296 4741 καίτοι
1330 4687 1437 4740 τῶν
1469 4688 1721 4757 ἀνωτέρω
1752 4688 1884 4758 πλησ

349 4776 609 4838 θυντικῶς
659 4776 974 4846 ειρημένων,
1021 4777 1160 4829 κατὰ
1213 4777 1305 4839 τὸ,
1360 4777 1782 4843 Ἐπισκέψιομιι
1820 4778 1889 4829 ἐν

298 4868 301 4871 ’
341 4868 542 4934 ῥάϐδῳ
589 4870 696 4935 τὰς
743 4869 987 4936 ἀνομίας
1014 4867 1226 4933 αὐτῶν,
1269 4870 1366 4924 καί
1408 4870 1477 4921 ἐν
1499 4869 1741 4937 μάστιξι
1784 4870 1890 4935 τὰς

348 4958 581 5023 ἀδικίας
608 4958 820 5013 αὐτῶν.
853 4960 1021 5012 Τίνων
1042 4959 1096 5009 δὲ
1130 4960 1324 5020 αὐτῶν,
1346 4959 1379 5027 ἢ
1403 4959 1638 5027 δηλονότι
1666 4957 1773 5011 τῶν
1795 4959 1887 5011 τοῦ

350 5034 524 5116 κέρως
558 5050 715 5113 nov;
760 5052 845 5103 Ἐν
875 5051 931 5102 δὲ
960 5049 1054 5118 τῷ,
1098 5050 1165 5101 τὸ
1192 5050 1361 5112 ελεός
1386 5051 1592 5116 μουοὺ
1626 5048 1711 5117 μὴ
1764 5048 1887 5101 δια-

349 5136 624 5191 σκεδάσω
667 5140 766 5190 ἀπ’
812 5140 1013 5202 αὑτοῦ,
1051 5139 1175 5208 περὶ
1202 5137 1319 5199 ἑνὸς
1353 5137 1614 5200 λέλεκται,
1662 5138 1778 5208 ἦτοι
1794 5139 1888 5193 τοῦ

350 5226 538 5295 θρόνου
562 5228 595 5295 ἢ
617 5228 715 5279 τοῦ
752 5228 925 5297 scipio;
950 5230 1041 5282 τοῦ
1070 5212 1553 5301 προφητευομένου.
1581 5228 1686 5281 Καὶ
1708 5230 1888 5281 ἐπιλέ-

352 5334 439 5383 γει
468 5316 615 5383 ἑξῆς·
645 5316 795 5369 Οὐδὲ
825 5318 910 5385 μὴ
944 5319 1268 5385 βεϐηλώσω
1302 5318 1417 5384 τὴν
1442 5318 1729 5387 διαθήκην
1748 5335 1885 5387 μου,

351 5405 508 5474 δῆλον
542 5406 622 5457 ὅτι
798 5405 921 5460 νέαν
951 5409 1046 5459 καὶ
1076 5410 1284 5479 καινὴν,
1340 5407 1468 5481 περὶ
1519 5403 1591 5479 ἧς
1640 5408 1891 5477 aith

357 5495 524 5563 ιφησε
579 5494 657 5558 τὸ,
711 5496 817 5548 Kal
852 5496 892 5561 ἡ
929 5495 1179 5565 διαθήκη
1216 5515 1335 5567 μου
1376 5492 1891 5565 stthqu

1983 1996 2065 2049 bis
2096 1998 2473 2064 interpretatus
2505 2004 2623 2058 est,
2674 1994 2737 2046 Et
2778 1994 2972 2059 faciam
3014 2004 3307 2062 perpetuum
3348 2011 3517 2049 semen

1981 2086 2092 2152 ejus
2114 2124 2128 2148 ,
2156 2095 2205 2138 et
2240 2085 2485 2137 thronum
2500 2086 2611 2152 ejus
2632 2123 2645 2147 ,
2677 2085 2731 2136 in
2752 2093 2999 2153 quantum
3028 2085 3135 2137 dies
3162 2086 3291 2139 caeli.
3326 2082 3517 2138 Semen

1982 2184 2155 2229 autem
2187 2175 2384 2229 Christi
2417 2176 2543 2243 quid
2573 2190 2692 2229 esse
2725 2176 3015 2242 putandum
3044 2184 3152 2236 est.
3186 2178 3289 2235 nisi
3337 2175 3519 2231 Eccle-

1982 2266 2091 2320 sias
2120 2280 2215 2333 per
2240 2274 2408 2318 totum
2440 2266 2623 2319 orbem
2655 2264 2723 2318 ab
2749 2266 2839 2319 illo
2862 2267 3208 2328 constitutas,
3230 2270 3282 2321 et
3309 2283 3399 2321 eos
3428 2268 3520 2337 qui

1982 2353 2036 2407 in
2061 2354 2312 2408 omnibus
2329 2354 2577 2423 gentibus
2604 2355 2900 2422 regenerati
2929 2357 2981 2409 in
3008 2356 3127 2423 ipso
3154 2358 3334 2425 populi
3355 2366 3480 2410 sunt
3497 2359 3523 2409 7

1987 2441 2233 2496 Thronus
2271 2458 2402 2497 vero
2444 2444 2565 2513 ejus
2594 2452 2707 2507 est,
2745 2439 2836 2515 qui
2867 2446 2919 2499 in
2954 2444 3189 2499 Ecclesia
3221 2447 3392 2515 ipsius
3424 2460 3522 2516 per

1985 2540 2153 2587 totum
2183 2534 2368 2588 orbem
2417 2535 2735 2603 praesulum,
2771 2536 2861 2604 qui
2906 2550 2936 2589 a
2980 2545 3212 2605 tempore
3252 2536 3369 2601 ejus
3408 2535 3521 2589 fue-

1981 2628 2145 2686 runt,
2194 2626 2543 2678 successione
2590 2626 2833 2679 ﬁrmatus
2881 2636 3001 2680 est:
3058 2641 3215 2695 quem
3273 2626 3520 2678 thronum

1985 2724 2447 2785 perseveraturum
2492 2716 2564 2767 ait
2610 2715 2752 2767 sicut
2793 2714 2907 2768 dies
2950 2716 3110 2779 cmli;
3148 2730 3254 2768 non
3302 2714 3523 2782 perinde

1986 2814 2146 2875 atque
2182 2804 2485 2859 Iuda'orum
2525 2804 2731 2872 regium
2774 2803 3056 2867 thronum,
3103 2803 3193 2871 qui
3237 2809 3521 2871 postquam

1987 2895 2198 2948 modico
2243 2904 2482 2961 tempore
2534 2892 2785 2946 durasset
2841 2892 3088 2960 (scilicet
3124 2892 3279 2944 annis
3308 2891 3525 2944 circiter

1988 2984 2421 3053 quadringentis,
2454 2998 2483 3036 a
2518 2983 2911 3052 Davide‘usque
2956 2983 3020 3035 ad
3055 2982 3427 3049 captivitatem
3469 2980 3522 3034 in

1987 3074 2253 3143 Babylone
2279 3077 2295 3141 )
2317 3074 2615 3139 exstinctus
2642 3081 2741 3127 est.
2778 3074 2845 3125 At
2872 3074 2959 3125 hic
2984 3073 3210 3126 thronus
3240 3072 3526 3140 praesulum

1989 3162 2240 3217 Ecclesiae
2258 3201 2274 3225 ,
2304 3163 2392 3231 qui
2422 3163 2471 3215 in
2496 3164 2743 3231 praesenti
2766 3162 3015 3217 vaticinio
3038 3160 3225 3224 fertur,
3251 3174 3525 3229 permane-

1994 3253 2073 3307 bit
2098 3267 2160 3306 ac
2182 3252 2591 3326 conservabitur
2608 3254 2748 3306 sicut
2769 3251 2883 3305 dies
2904 3252 3046 3305 cmli.
3074 3250 3224 3315 Quod
3247 3253 3291 3304 si
3313 3250 3527 3319 quando

1990 3342 2277 3411 contigerit
2306 3342 2556 3411 populum
2600 3351 2652 3394 et
2691 3340 2860 3399 ﬁlios.
2900 3341 3103 3394 scilicet
3144 3354 3524 3401 successores,

1991 3432 2111 3500 ejus
2138 3432 2229 3501 qui
2259 3432 2309 3484 in
2346 3430 2621 3499 prophetia
2651 3429 2992 3491 enuntiatur,
3037 3428 3297 3482 scelerate
3338 3442 3524 3496 agere,

1992 3524 2140 3592 ipsos
2172 3524 2244 3576 ait
2274 3521 2739 3591 persecutiouibus
2766 3520 3022 3589 agitatus,
3073 3532 3251 3571 rerum
3303 3531 3529 3571 conver-

1990 3618 2195 3672 sionem
2212 3627 2527 3683 experturos
2542 3656 2557 3679 ,
2581 3631 2752 3685 neque
2776 3624 2951 3669 tamen
2972 3616 3195 3667 thronos
3216 3626 3343 3667 suos
3369 3612 3531 3665 amis-

1994 3721 2152 3760 suros
2196 3720 2429 3773 unquam
2450 3744 2463 3767 ,
2508 3720 2680 3773 neque
2716 3704 3083 3758 misericordia
3118 3702 3207 3757 Dei
3240 3701 3529 3771 privandos

1992 3810 2130 3850 esse.
2150 3793 2280 3846 Nam
2302 3797 2347 3847 sl
2378 3796 2504 3846 talia
2528 3804 2582 3846 et
2602 3794 2727 3846 talia
2755 3794 3051 3863 peregerint
3070 3793 3159 3843 ﬁlii
3182 3793 3318 3859 ejus,
3342 3804 3532 3859 nempe

1992 3886 2212 3946 Christi,
2228 3888 2338 3938 llaec
2352 3886 2458 3939 illis
2474 3892 2729 3938 eventura
2748 3884 3026 3936 denuntiat
3051 3880 3310 3935 :Visitabo
3322 3881 3375 3931 in
3388 3880 3530 3947 virga

1992 3977 2289 4044 iniquitates
2324 3990 2501 4028 eorum
2523 4010 2538 4032 .
2568 3974 2811 4025 videlicet
2840 3965 3067 4023 ﬁliorum
3090 4010 3103 4032 ,
3132 3980 3178 4021 et
3219 3971 3273 4021 in
3311 3969 3529 4022 verberi-

1993 4066 2084 4118 bus
2112 4075 2321 4133 peccata
2346 4077 2559 4119 eorum:
2588 4061 2993 4115 misericordiam
3030 4072 3199 4114 autem
3226 4077 3395 4114 meam
3425 4076 3526 4112 non

1992 4153 2252 4220 dissipabo
2275 4152 2340 4205 ab
2368 4168 2444 4205 eo.
2469 4151 2534 4204 Et
2562 4150 2803 4205 attendas
2831 4149 2989 4204 velim
3017 4164 3124 4201 non
3154 4148 3351 4201 dictum
3387 4162 3525 4209 esse,

1993 4247 2061 4299 ab
2097 4244 2206 4304 eis;
2240 4242 2332 4297 sed
2360 4241 2425 4293 ab
2455 4256 2534 4304 eo,
2557 4241 2609 4293 id
2640 4250 2741 4303 est,
2792 4238 2882 4308 qui
2930 4239 2982 4291 in
3021 4237 3296 4307 prophetia
3330 4237 3530 4302 fertur;

1992 4335 2198 4389 etiamsi
2256 4333 2503 4401 superius
2532 4330 2809 4398 pluraliter
2837 4330 3045 4381 dicatur
3090 4328 3239 4390 illud,
3300 4327 3530 4380 Visitabo

1992 4425 2048 4477 iu
2096 4425 2238 4492 virga
2291 4422 2591 4490 iniquitates
2614 4434 2810 4479 eorum,
2844 4417 2967 4471 etin
3003 4416 3292 4470 verberibus
3322 4428 3531 4484 peccata

1923 4543 1965 4597 Ι)
1991 4530 2188 4568 eorum.
2238 4512 2603 4577 Quorumuam
2652 4525 2858 4570 eorum,
2892 4508 2995 4563 nisi
3024 4524 3191 4563 cornu
3220 4508 3364 4562 iilius
3396 4508 3529 4561 lilio-

1989 4602 2145 4655 rum?
2174 4600 2230 4653 In
2260 4602 2349 4654 illo
2373 4604 2572 4661 autem,
2605 4597 3012 4650 misericordiam
3044 4612 3207 4649 meam
3238 4611 3337 4648 non
3370 4596 3529 4649 dissi-

1986 4692 2118 4760 pabo
2148 4692 2211 4744 ab
2239 4706 2317 4755 eo,
2354 4689 2421 4743 de
2438 4703 2546 4741 uno
2580 4696 2784 4741 tantum
2811 4687 3025 4749 dicitur,
3056 4686 3260 4743 scilicet
3293 4688 3359 4741 de
3385 4706 3533 4742 mro-

1990 4798 2079 4845 no,
2109 4791 2200 4835 aut
2224 4782 2289 4835 de
2318 4795 2482 4833 cornu
2512 4772 2629 4846 ejus
2662 4780 2752 4848 qui
2791 4780 2841 4830 in
2871 4777 3147 4845 prophetia
3178 4786 3522 4831 memoratur.

1990 4870 2152 4925 Infert
2184 4874 2387 4939 postea,
2426 4866 2602 4932 Neque
2628 4866 2914 4935 profanabo
2942 4873 3304 4918 testamentum
3337 4878 3525 4923 meum,

1989 4974 2185 5014 novum
2232 4958 2437 5013 scilicet
2476 4958 2606 5011 illud
2661 4966 2715 5010 et
2761 4971 2969 5018 recens,
3007 4964 3065 5008 ut
3119 4955 3294 5025 palam
3323 4960 3424 5013 est.
3459 4950 3527 5005 de

1991 5064 2099 5119 quo
2128 5048 2382 5116 superius
2412 5047 2626 5102 dicebat
2658 5066 2669 5098 :
2705 5044 2771 5096 Et
2800 5054 3157 5098 testamentum
3188 5058 3355 5095 meum
3379 5042 3532 5109 ﬁdet:

1994 5140 2110 5208 ipsi.
2155 5138 2233 5191 Ac
2283 5152 2498 5192 rursum
2545 5134 2806 5190 sermonis
2852 5136 3126 5188 veritatem
3172 5133 3421 5201 obsignat
3451 5133 3533 5187 di-

1993 5242 2157 5282 cens:
2189 5223 2367 5294 Neque
2394 5228 2579 5279 nocebo
2614 5223 2665 5273 in
2698 5222 2909 5273 veritate
2929 5235 3061 5279 mea,
3092 5233 3182 5269 nec
3210 5232 3325 5286 quis
3352 5230 3529 5284 proce-

1992 5318 2121 5369 dunt
2140 5315 2203 5368 de
2233 5316 2384 5369 labiis
2410 5316 2534 5369 meis
2555 5313 2745 5381 faciam
2774 5314 2955 5373 irrita;
2986 5310 3075 5362 sed
3106 5309 3302 5372 ﬁdelia,
3336 5308 3523 5374 inquit,

1992 5416 2046 5462 et
2075 5421 2197 5461 vera
2237 5406 2427 5459 faciam
2464 5404 2725 5474 promissa
2761 5417 2897 5467 mea,
2933 5401 3136 5455 addens
3190 5396 3528 5454 sermonibus

1994 5510 2155 5566 Opera
2185 5508 2470 5563 rerumque
2499 5493 2905 5559 complementa.

356 5583 517 5637 πάλιν
545 5586 981 5655 ἐπισφραγίζεται
1006 5586 1098 5639 τοῦ
1121 5587 1274 5655 λόγου
1291 5590 1391 5658 τὴν
1438 5586 1687 5658 ἀλήθειαν
1710 5585 1877 5641 εἰπών
1912 5604 1926 5617 ο
1979 5586 2127 5641 οὐδὲ
2174 5584 2259 5653 μὴ
2306 5583 2567 5648 ἀδικήσω
2603 5582 2671 5634 ὲν
2697 5581 2772 5648 τῇ
2814 5581 3057 5646 ἀληθείᾳ
3097 5596 3232 5647 μου,
3275 5576 3414 5630 οὐδᾶ
3457 5573 3528 5629 τὸ

358 5671 792 5742 hac}:de
832 5672 925 5727 διὰ
948 5673 1064 5727 τῶν
1118 5679 1496 5747 χειλέωνμου
1534 5680 1601 5731 οὺ
1635 5675 1720 5745 μὴ
1769 5675 2051 5747 ἀθετήσω·
2086 5674 2217 5728 ἀλλὰ
2248 5674 2408 5727 πιστὰ
2458 5673 2549 5725 καὶ
2599 5670 2789 5741 ἀληθῆ,
2834 5670 2983 5739 φησὶ,
3008 5670 3234 5738 ¹ποιήσω
3251 5665 3529 5736 τὰν-ἐπηγ-

362 5758 614 5829 γελμένα,
634 5764 835 5827 δπιθεὶς
861 5767 967 5829 τοῖς
989 5765 1163 5836 λόγοις
1206 5769 1340 5838 ιργα
1357 5756 1423 5823 δι’
1452 5770 1625 5823 αὐτῶν
1648 5768 1755 5823 τῶν
1782 5768 2240 5837 ἀποτελεσμάτων.
