4372 6404
795 478 934 536 ιιοτ

1461 474 1725 531 EUSEBH
1767 473 2237 563 CESAIilENSlS
2269 473 2414 530 OPP.
2451 473 2626 528 PARS
2667 470 2752 529 Ill,
2792 500 2846 514 -η
2899 466 3304 523 EXEGE'I'ICA.

3839 464 3979 518 “08

865 592 929 645 Et
956 593 1089 646 hac
1132 590 1349 660 quidem
1385 592 1616 662 taliaque
1666 601 1805 647 sunt.
1827 592 2011 647 Davidi
2040 592 2164 646 data
2206 608 2331 662 pro-
2360 603 2401 654 Α
2499 592 2591 644 Kal

2260 608 2331 646 'o-
2360 603 2401 654 Α
2499 592 2605 644 Καὶ
2658 589 2724 642 τὰ
2767 564 2873 659 ’μὲν
2905 586 3010 640 τῶν
3039 585 3170 656 πρὸς
3195 583 3286 636 τὸν
3322 582 3479 635 Δαυῖδ
3513 579 3846 649 ἐπαγγελιῶν
3877 580 3986 632 τῶν

794 685 956 738 missa
980 683 1048 737 de
1060 699 1225 737 cornu
1243 692 1295 738 et
1313 684 1381 737 de
1407 683 1604 738 throno
1628 684 1844 752 eius,ac
1873 684 1938 738 de
1961 685 2028 739 iis
2061 684 2152 753 qui
2180 685 2248 737 ab
2272 698 2337 738 eo

795 776 1054 845 prodituri
1097 782 1242 840 sunt,
1271 788 1486 828 necnon
1530 772 1598 828 de
1641 773 1793 829 Novo
1821 774 2166 830 Testamento
2196 775 2334 844 ejus.

791 866 926 933 Quia
953 881 1080 921 vero
1110 868 1245 921 tales
1297 867 1730 936 pollicitationes,
1763 882 1870 921 non
1926 867 2159 937 simplici
2199 881 2338 936 quo-

788 955 912 1011 dam
959 965 1013 1011 et
1057 957 1205 1010 nudo
1242 972 1490 1013 sermone
1534 960 1773 1029 prolatas
1807 959 2075 1013 aestimare
2116 967 2334 1028 oporte-

789 1043 902 1108 bat,
939 1045 1130 1098 iterum
1178 1046 1401 1100 resumit
1450 1044 1514 1101 ac
1571 1047 1736 1101 verba
1779 1047 1995 1116 repetit,
2026 1054 2080 1100 et
2121 1047 2188 1100 ad
2211 1063 2338 1118 pro~

789 1135 1077 1188 missorum
1103 1135 1560 1190 conﬁrmationem
1576 1152 1636 1192 ea
1656 1136 2012 1205 jurejurando
2031 1136 2333 1206 consignat,

787 1238 909 1276 eum
931 1223 1006 1276 ait
1029 1222 1275 1279 :—-—Veus.
1301 1225 1491 1279 36-58.
1515 1224 1681 1280 Semel
1702 1227 1882 1295 juravi
1900 1226 2173 1300 iss-Sancto
2203 1245 2334 1296 meo,

792 1313 835 1366 si
860 1311 1028 1366 David
1049 1316 1290 1379 mentiar,
1318 1331 1489 1369 semen
1526 1317 1638 1384 ejus
1666 1317 1722 1370 in
1755 1327 2005 1371 internum
2025 1319 2269 1385 manebit,
2286 1330 2334 1374 et

789 1402 1002 1457 thronus
1026 1405 1137 1474 ejus
1165 1407 1300 1459 sicut
1329 1407 1414 1459 sol-
1437 1408 1490 1460 in
1522 1417 1791 1476 conspectu
1822 1426 1953 1474 meo,
1984 1421 2035 1463 et
2054 1412 2187 1464 sicut
2209 1413 2334 1466 luna

786 1494 1010 1561 perfecta
1048 1496 1104 1548 in
1144 1504 1396 1549 (sternam
1426 1513 1444 1550 :
1474 1507 1523 1551 et
1557 1501 1701 1553 testis
1729 1502 1782 1554 in
1812 1502 1937 1555 caelo
1978 1501 2169 1570 ﬁdelis.
2202 1502 2334 1557 Dia-

785 1586 1008 1652 psalms.
1049 1585 1317 1641 Mendacii
1336 1587 1552 1658 quidem
1585 1605 1778 1658 expers
1814 1591 1956 1647 Deus
1985 1599 2092 1657 est,
2120 1594 2333 1650 etiamsi

787 1679 1196 1747 promissionem
1243 1679 1550 1748 iuramento
1607 1697 1714 1736 non
1753 1685 1960 1738 muniat
1993 1703 2006 1738 :
2038 1685 2164 1754 quia
2205 1701 2335 1741 vero

786 1769 1031 1824 homines
1058 1770 1357 1838 alloquens,
1388 1786 1523 1840 opus
1552 1781 1672 1825 erat
1693 1782 1751 1826 ut
1775 1773 2013 1828 humano
2032 1776 2138 1829 ritu
2159 1785 2334 1830 utere-

786 1867 893 1923 tur,
926 1860 1223 1913 secundum
1277 1876 1478 1915 morem
1530 1861 1806 1916 hominum
1838 1865 2157 1932 iurantium,
2181 1874 2236 1921 et
2263 1867 2329 1920 ad

784 1948 1244 2005 confirmationem
1293 1951 1577 2005 verborum
1633 1955 1997 2010 testimonium
2028 1956 2122 2012 Dei
2177 1974 2334 2013 usur-

784 2037 1058 2105 pantium,
1113 2049 1165 2093 et
1197 2041 1308 2110 ipse
1341 2041 1415 2095 ait
1457 2057 1516 2096 se
1568 2041 1804 2112 iurasse.
1839 2061 1939 2100 nec
1973 2048 2332 2117 peieraturum

783 2141 940 2192 esse;
977 2127 1042 2182 Ut
1081 2144 1170 2197 per
1208 2130 1344 2184 duas
1371 2148 1452 2185 res
1487 2133 1798 2198 immobiles,
1830 2137 1904 2189 ait
1935 2137 2148 2193 divinus
2194 2138 2335 2208 Apo-

787 2221 1038 2285 stolus“,
1063 2222 1251 2291 quibus
1280 2223 1598 2291 impossibile
1624 2234 1699 2278 est
1729 2228 1934 2279 mentiri
1953 2226 2135 2293 Deum,
2153 2230 2334 2297 [ortis—

785 2311 979 2363 simum
1031 2311 1278 2364 solatium
1330 2312 1631 2368 habeamus.
1663 2315 1780 2368 Alia
1819 2331 2030 2386 quoque
2061 2319 2222 2373 allata
2251 2331 2335 2375 est

784 2415 975 2465 causa,
1018 2415 1117 2456 cur
1143 2401 1359 2471 iurasse
1399 2402 1540 2458 Deus
1573 2403 1810 2460 feratur:
1850 2414 1909 2459 ut
1953 2408 2205 2464 videlicet
2231 2408 2336 2464 Da-

783 2483 930 2541 vidis
961 2487 1314 2554 promissioni
1356 2503 1479 2542 cum
1520 2491 1829 2558 iuramento
1856 2493 1994 2548 data:
2033 2496 2202 2551 vicem
2246 2513 2325 2552 re-

795 2572 1055 2628 oenderet.
1076 2573 1227 2628 lurat
1245 2591 1405 2645 porro
1418 2575 1558 2634 Deus
1574 2595 1669 2648 per
1684 2576 1940 2635 Sanctum
1963 2599 2139 2651 suum,
2155 2601 2339 2662 quem-

798 2663 1069 2718 wdmodum
1112 2673 1263 2735 pater
1294 2669 1442 2737 iurat
1491 2686 1588 2740 per
1637 2672 1863 2728 salutem
1910 2676 2128 2746 legitimi
2165 2692 2228 2732 ac
2253 2679 2336 2732 di-

806 2755 908 2807 ecti
938 2754 1027 2809 lilii
1052 2758 1136 2812 sui
1175 2777 1186 2810 :
1219 2760 1406 2814 eodem
1428 2799 1443 2824 ,
1469 2761 1673 2830 inquit,
1692 2765 1850 2819 modo
1879 2773 1932 2820 et
1956 2782 2055 2836 ego
2069 2767 2247 2836 iuravi
2281 2771 2333 2823 in

783 2844 978 2900 Sancto
1018 2863 1150 2910 meo,
1186 2848 1237 2902 id
1276 2857 1380 2913 est,
1413 2864 1507 2920 per
1542 2851 1799 2906 Sanctum
1825 2868 2022 2918 meum,
2074 2859 2130 2909 si
2168 2855 2334 2912 Dauid

784 2933 1027 2987 mentiar.
1072 2934 1212 2999 Quid
1256 2944 1434 2994 autem
1475 2941 1713 2994 continet
1765 2942 2136 3008 iuramentum
2162 2945 2332 3003 illud?

781 3019 969 3077 Semen
1012 3025 1146 3092 ejus,
1178 3025 1372 3095 inquit,
1398 3028 1455 3079 in
1504 3038 1753 3082 (uernum
1795 3033 2042 3087 manebit.
2078 3032 2190 3088 Hoc
2227 3037 2334 3104 pri-

784 3128 932 3168 mum
977 3122 1082 3177 est,
1119 3122 1174 3169 et
1228 3117 1340 3172 hac
1379 3117 1549 3187 prima
1587 3121 1872 3194 promissio
1910 3121 1974 3176 dc
2009 3126 2241 3191 semine;
2269 3126 2334 3181 de

783 3219 895 3272 quo
927 3206 1180 3274 superius
1203 3207 1502 3273 dicebatur,
1539 3209 1608 3266 Et
1636 3227 1827 3279 ponam
1867 3216 1922 3267 in
1951 3217 2198 3270 arculum
2233 3235 2333 3273 sa:-

785 3297 891 3349 culi
917 3313 1088 3351 semen
1127 3299 1270 3367 ejus;
1308 3300 1576 3356 indicabat
1607 3319 1742 3358 vero.
1784 3305 1987 3360 Christi
2029 3309 2333 3363 successio-

784 3404 926 3442 nem.
947 3389 1193 3445 Secunda
1222 3401 1398 3447 autem
1423 3395 1711 3462 promissio
1734 3397 1800 3452 de
1822 3406 2118 3452 memorato
2141 3399 2333 3454 throno

783 3489 897 3545 est;
933 3497 1099 3550 quare
1142 3483 1274 3537 dicit
1302 3504 1312 3538 :
1341 3483 1407 3536 Et
1442 3485 1656 3541 thronus
1694 3490 1806 3557 ejus
1840 3491 1974 3542 sicut
2005 3492 2085 3544 sol
2125 3492 2181 3543 in
2211 3508 2334 3545 con-

783 3580 959 3636 spectu
1001 3589 1132 3637 meo,
1161 3584 1212 3628 et
1252 3577 1387 3629 sicut
1426 3579 1550 3630 luna
1578 3580 1808 3647 perfecta
1833 3581 1884 3633 in
1923 3591 2194 3638 wternum.
2233 3583 2331 3639 Se-

786 3676 912 3714 men
958 3661 1157 3732 itaque,
1195 3666 1247 3718 id
1295 3674 1396 3732 est,
1427 3667 1837 3725 disseminatum
1885 3673 2085 3733 Christi
2129 3690 2334 3729 sermo-

785 3759 931 3808 nem,
978 3747 1089 3800 sive
1121 3750 1376 3816 populum
1425 3761 1479 3805 et
1531 3751 1826 3809 Ecclesiam
1873 3759 2014 3826 eius,
2057 3774 2331 3828 nunquam

785 3832 1081 3900 periturum
1134 3850 1254 3890 esse
1304 3839 1397 3899 ait,
1443 3854 1614 3909 neque
1653 3841 2021 3911 deiecturum;
2075 3847 2330 3906 thronum

785 3930 968 3976 autem
988 3924 1107 3994 eius
1137 3941 1545 3994 permansurum
1576 3932 1630 3985 in
1665 3934 1953 4002 saeculum;
1984 3937 2098 3992 sive
2135 3953 2308 3997 secun

784 4012 911 4065 dum
948 4012 1347 4084 Symmachum,
1403 4019 1549 4074 Sicut
1598 4021 1723 4076 luna
1781 4025 1936 4093 ﬁrma
1977 4027 2030 4079 in
2083 4038 2334 4087 (uernum.

785 4104 1010 4160 manebit
1049 4122 1071 4169 ί
1109 4108 1186 4161 sic
1233 4109 1338 4166 erit
1381 4113 1783 4170 ecclesiasticus
1831 4116 2030 4172 Christi
2080 4121 2329 4177 thronus.

787 4191 927 4249 Num
945 4191 1080 4249 forte
1103 4210 1232 4253 eum,
1250 4199 1400 4266 prius
1420 4199 1633 4267 dixerit,
1659 4202 1827 4260 Semel
1853 4206 2034 4274 ,ἰκταυί
2061 4210 2112 4263 in
2139 4209 2332 4267 Sancto

786 4299 919 4347 meo,
948 4291 1001 4338 et
1033 4286 1348 4352 subdiderit,
1381 4289 1564 4348 Semen
1585 4294 1696 4359 eius
1719 4296 1773 4348 in
1803 4306 2053 4364 (uernum
2084 4303 2330 4371 manebit,

784 4377 961 4432 sancti
991 4378 1073 4433 sui
1101 4393 1280 4433 semen
1305 4381 1358 4435 in
1391 4384 1646 4440 saeculum
1670 4377 2059 4456 imperaturum
2083 4407 2204 4448 esse
2239 4411 2332 4449 va-

783 4465 1076 4525 ticinatur?
1097 4472 1170 4524 ita
1191 4481 1251 4525 ut
1281 4488 1467 4531 semen
1492 4474 1675 4535 Sancti
1705 4475 1820 4540 Dei,
1844 4481 1898 4541 id
1925 4491 2029 4546 est,
2060 4483 2330 4557 Uuigeniti

2441 680 2564 748 περὶ
2599 677 2691 730 τοῦ
2751 678 2926 746 κέρως
2968 676 3059 728 καὶ
3089 673 3181 726 τοῦ
3211 674 3397 745 θρόνου
3435 671 3617 732 αὐτοῦ,
3642 671 3843 739 περίτε
3875 670 3982 722 τῶν

2434 769 2489 834 ἐξ
2516 768 2676 821 αὐτοῦ
2705 765 3081 836 γενησομένων
3103 765 3196 817 καὶ
3227 763 3323 833 τῆς
3352 760 3558 830 Καινῆς
3591 759 3863 832 Διαθήκης
3888 761 3983 814 αὑ-

2435 858 2526 912 τοῦ
2580 856 2837 911 τοσαῦτα.
2903 856 3052 908 Ἐπεὶ
3084 855 3141 907 δὲ
3167 853 3334 925 ἐχρῆν
3362 853 3458 916 τὰς
3485 851 3736 912 τοιαύτας
3753 851 3983 919 ἐπαγγε-

2434 950 2553 1012 λίας
2586 951 2659 1020 μὴ
2693 947 2846 1017 ἀπλῷ
2883 963 2987 1000 τινι
3018 945 3109 1000 καὶ
3133 945 3273 1017 ψιλῷ
3294 945 3434 1013 λόγῳ
3454 941 3861 1014 προενηνοχέναι
3895 959 3984 995 νο-

2437 1039 2632 1109 μίζειν,
2664 1035 2815 1102 αὖθις
2855 1038 3288 1108 ἐπναλαμεάνει
3309 1037 3401 1090 καὶ
3435 1035 3762 1113 ἐπιδευτεροτ
3790 1033 3881 1086 τὸν
3899 1033 3987 1086 λό-

2435 1149 2550 1200 γον,
2577 1132 2722 1201 ὅρκῳ
2747 1128 3342 1201 ἐπισφραγιζόμενοςτὰ
3373 1125 3634 1200 εἰρημένα
3661 1126 3740 1187 είς
3761 1123 3988 1194 βεϐαίω-

2437 1241 2519 1276 σιν
2541 1223 2647 1274 τῶν
2676 1220 3113 1294 ἐπηγγελμένων.
3144 1219 3233 1272 Διό
3258 1236 3418 1290 φησιν
3434 1235 3447 1248 ·
3488 1215 3674 1282 Ἅπαε
3694 1215 3896 1286 ὤμοσα
3916 1217 3990 1269 ἐν

2434 1312 2683 1382 τῷἎτίῳ
2727 1330 2867 1382 μου,
2895 1315 2949 1367 sl
2975 1312 3053 1377 τῷ
3078 1310 3258 1371 Δαυῒδ
3287 1312 3604 1380 ψεύσομαι,
3646 1309 3714 1363 τὸ
3752 1307 3987 1377 σπέρμα

2433 1401 2614 1456 αὐτοῦ
2637 1404 2722 1467 εις
2747 1401 2849 1456 τὸν
2861 1399 3045 1454 αἰῶνα
3069 1399 3232 1469 μένει
3252 1400 3348 1468 (1},
3375 1401 3471 1453 καὶ
3494 1402 3529 1454 ὁ
3557 1401 3767 1468 θρόνος
3801 1398 3988 1452 αὑτοῦ

2432 1495 2511 1559 ὼς
2547 1495 2580 1546 ό
2601 1492 2770 1559 ἣλιος
2789 1492 3063 1545 ἐναντίον
3068 1507 3205 1560 μου,
3225 1489 3321 1542 καί
3347 1489 3425 1554 ὡς
3446 1489 3484 1555 ἡ
3513 1487 3744 1556 σελήνη
3777 1503 3987 1554 κατηρ-

2433 1583 2680 1652 τισμένη
2713 1585 2797 1648 εις
2823 1581 2928 1636 τὸν
2954 1580 3138 1636 aliam
3157 1595 3172 1610 ⁸
3221 1580 3319 1633 καὶ
3359 1583 3390 1633 ό
3433 1573 3989 1648 μάρτυς-ἐνθύμινῷ

2437 1676 2668 1740 πιστός.
2693 1674 3020 1743 Ardua-alga.
3060 1671 3314 1742 Ἀψευδὴς
3346 1670 3441 1740 μέν
3480 1671 3623 1724 ἐστιν
3650 1672 3679 1723 6
3709 1669 3860 1733 Θεὸς,
3894 1671 3987 1723 καὶ

2435 1766 2694 1835 ἀνωμότῳ
2715 1763 2990 1837 χρώμενος
3026 1767 3090 1835 τῇ
3124 1762 3423 1832 ἐπαγγελίᾳ
3441 1779 3453 1792 ·
3489 1762 3607 1813 ἐπεὶ
3642 1761 3698 1812 δὲ
3725 1760 3891 1832 ἐχρῆν
3912 1760 3987 1822 ὡς

2435 1855 2571 1925 πρὸς
2602 1852 2915 1925 ἀνθρώπους
2940 1853 3312 1924 διαλεγόμενον
3344 1850 3658 1922 ἀνθρωπίνῃ
3682 1850 3987 1922 χρήσασθαι

2365 1927 2407 1984 Β
2437 1948 2815 2018 συμπεριφορᾷ
2867 1945 3003 2000 κατά
3034 1946 3159 2008 τοὺς
3190 1947 3249 1998 ἐν
3278 1943 3581 2016 ἀνθρώποις
3609 1943 3986 2012 εὺορκοῦντας,

2433 2042 2524 2094 καὶ
2545 2039 2679 2093 Θεοῦ
2723 2037 2997 2110 μαρτυρίᾳ
3038 2035 3347 2106 χρωμένους
3378 2037 3456 2097 εἰς
3495 2034 3754 2087 πίστωσιν
3779 2035 3885 2088 τῶν
3913 2038 3988 2088 ol-

2435 2129 2592 2183 κείων
2637 2129 2837 2196 λόγων·
2875 2129 2968 2181 καὶΙ
3020 2128 3181 2190 αὑτός
3219 2143 3379 2196 φησιν
3412 2125 3758 2196 ὀμωμοκέναι
3787 2127 3880 2178 καὶ
3914 2126 3988 2197 μὴ

2434 2219 2815 2287 διαψεύσασθαι
2838 2219 2914 2289 (2)
2945 2220 3071 2281 τοὺς
3089 2219 3301 2288 ὅρκους,
3334 2218 3456 2270 Ἵνα
3475 2216 3570 2270 διὰ
3588 2217 3717 2282 δύο,
3754 2217 3925 2286 φησιν,
3961 2220 3990 2269 6

2435 2313 2574 2376 θεῖος
2612 2311 2945 2375 Ἀπόστολος,
2981 2309 3330 2380 πραγμάτοιν
3377 2309 3760 2378 ἀμεταθέτων,
3793 2309 3863 2360 ἐν
3901 2305 3990 2374 οἷς

2433 2404 2728 2458 ἀδύνατον
2773 2402 3115 2470 ⁴ψεύσασθαι
3170 2399 3276 2452 τὸν
3323 2401 3488 2460 Θεὸν,
3530 2400 3786 2467 ἰσχυρὰν
3805 2397 3993 2465 παρό-

2411 2483 2655 2562 ’κλησιν
2702 2492 2948 2560 ἔχωμεν.
2990 2490 3212 2561 Εἴρηται
3235 2489 3291 2542 δὲ
3327 2490 3420 2541 καὶ
3460 2488 3591 2560 ἄλλη
3620 2488 3786 2552 αἰτία,
3816 2489 3882 2540 δι’
3922 2487 3990 2560 ἢν

2434 2586 2597 2655 ὀμνὺς
2627 2585 2656 2636 6
2682 2581 2812 2644 Θεὸς
2837 2580 3083 2650 εἰσῆκται
3121 2619 3134 2643 ,
3164 2578 3303 2632 κατὰ
3326 2577 3555 2648 ἀμοιϐὴν
3581 2577 3680 2647 τῆς
3703 2575 3796 2630 τοῦ
3828 2576 3991 2630 Δαυῖϐ

2439 2675 2554 2746 μεθ’
2579 2676 2741 2745 ὅρκου
2787 2671 3130 2740 ἐπαγγελίας.
3179 2668 3392 2739 Ὀμνύει
3436 2668 3493 2720 δέ
3521 2667 3549 2719 6
3574 2667 3707 2730 Θεὸς
3735 2666 3874 2719 κατὰ
3896 2665 3989 2718 τοῦ

2447 2766 2625 2833 Ἀγίου
2653 2762 2839 2828 αὐτοῦ,
2878 2763 2952 2826 ὼς
2981 2763 3047 2816 ἂν
3079 2762 3172 2814 καὶ
3194 2762 3371 2832 πατὴρ
3392 2758 3629 2830 εὐορκῶν
3660 2759 3800 2812 κατὰ
3827 2774 3992 2827 σωτη-

2439 2858 2557 2928 ρίας
2598 2853 2712 2907 υἱοῦ
2759 2853 2978 2922 γνησίου
3011 2853 3104 2906 καὶ
3129 2850 3440 2920 ἁγατητοῦο
3482 2850 3572 2902 τὸν
3603 2849 3763 2903 αὐτὸν
3794 2848 3990 2918 τρόπον

2437 2945 2609 3014 κάγὼ,
2627 2945 2807 3015 φησιν,
2835 2942 3039 3012 ὤμοσα
3063 2943 3131 2995 ὲν
3149 2941 3401 3011 τῷἉτιῳ
3423 2957 3562 3009 μου,
3583 2939 3824 2991 τουτέστι
3852 2937 3991 2993 κατὰ

2435 3037 2527 3090 τοῦ
2546 3037 2723 3106 Ἀγίου
2755 3052 2881 3106 μου,
2935 3036 2988 3088 ει
3027 3032 3106 3097 τῷ
3135 3032 3312 3086 Δαυῒδ
3342 3024 3660 3100 ψεύσομαι.
3713 3031 3778 3082 Τί
3808 3029 3863 3082 δέ
3896 3047 3993 3084 που

2436 3130 2629 3198 ριεῖχεν
2657 3129 2687 3180 6
2715 3128 2872 3196 ὄρθιος
2895 3142 2910 3190 ;
2951 3125 3018 3178 Τὸ
3065 3121 3299 3191 σπέρμα
3327 3121 3530 3184 αὑτοῦ,
3572 3122 3753 3191 φησιν,
3780 3124 3866 3186 εὶς
3886 3119 3994 3173 τὸν

2435 3216 2616 3270 αἰῶνα
2642 3215 2828 3285 μένει.
2859 3213 3027 3272 Τοῦτο
3079 3212 3312 3284 πρῶτον,
3347 3212 3439 3265 καὶ
3491 3211 3628 3281 αῦτη
3671 3211 3767 3279 μὲν
3803 3209 3991 3280 πρώτη

2435 3293 2787 3376 ἐπαγγελίαή
2821 3305 2946 3376 περὶ
2976 3302 3070 3356 τοῦ
3099 3303 3405 3374 σπέρματος
3424 3319 3438 3332 ·
3477 3301 3604 3373 περὶ
3624 3295 3684 3353 οῦ
3717 3301 3811 3352 καὶ
3851 3302 3994 3353 ἀνω-

2430 3398 2570 3468 τέρω
2616 3395 2864 3464 ἐλέγετο·
2914 3395 3021 3447 Kal
3058 3394 3313 3462 θήσομαι
3353 3395 3439 3458 εὶς
3481 3392 3588 3446 τὸν
3648 3393 3832 3445 αἰῶνα
3885 3392 3993 3445 τοῦ

2431 3486 2640 3552 αἰῶνος
2669 3485 2735 3539 τὸ
2756 3485 2992 3552 σπέρμα
3047 3483 3231 3537 αὐτοῦ
3250 3500 3262 3512 ·
3309 3483 3493 3552 ἐδήλου
3525 3482 3583 3535 δὲ
3622 3482 3724 3535 τοῦ.
3756 3481 3992 3554 Χριστοῦ

2431 3577 2526 3646 τὴν
2554 3576 2817 3646 διαδοχήν.
2840 3575 3076 3645 Δευτέρα
3108 3573 3162 3625 δὲ
3191 3573 3484 3641 ἐπαγγελία
3507 3574 3636 3644 περὶ
3673 3572 3766 3626 τοῦ
3801 3574 3992 3646 θρόνου

2431 3669 2522 3721 τοῦ
2553 3665 2937 3738 προλεχθέντος
2957 3685 2969 3695 ·
2995 3666 3076 3727 διὸ
3131 3668 3224 3727 καὶ
3277 3667 3511 3733 ἐπιλέγει
3540 3665 3696 3721 ’.Ξάὶ
3720 3669 3754 3720 ὁ
3783 3667 3991 3734 θρόνος

2430 3759 2611 3812 αὑτοῦ
2648 3760 2780 3822 ὠςό
2805 3757 2974 3824 ἥλιος
3018 3757 3294 3810 ἐναντιον
3323 3774 3460 3824 μου,
3493 3757 3589 3810 καὶ
3637 3759 3718 3822 ὡς
3757 3755 3990 3824 σελήνη

2432 3848 2861 3916 κατηρτισμένη
2891 3850 2977 3912 εὶς
3005 3847 3109 3898 τὸν
3141 3845 3342 3902 αίῶνα.
3377 3846 3459 3897 Τὸ.
3477 3847 3574 3916 μὲν
3618 3842 3709 3900 οῦν
3745 3845 3994 3916 σπέρμα,

2431 3939 2673 3994 τουτέστι
2723 3937 2812 3990 τὸν
2871 3936 2964 3989 τοῦ
3024 3934 3255 4009 Χριστοῦ
3287 3937 3706 4007 κατασπαρέντα
3744 3936 3919 4004 λόγον,
3953 3937 3990 4007 ῆ

2431 4033 2520 4091 τὸν
2547 4030 2671 4083 λαὸν
2705 4028 2866 4082 αὑτοῦ
2906 4029 2995 4081 καὶ
3027 4027 3124 4100 τὴν
3164 4027 3504 4099 Ἐκκλησίαν,
3549 4029 3741 4083 οὔποτε
3770 4031 3992 4100 διαφθας

2434 4120 2689 4192 ρήσεσθαί
2719 4136 2902 4190 φησιν,
2938 4118 3058 4173 οὐδὲ
3110 4117 3429 4187 διαλείψειν·
3461 4120 3552 4173 τὸν
3581 4120 3638 4173 δέ
3661 4120 3845 4192 θρόνον
3889 4122 3994 4174 αὐ·-

2430 4210 2522 4268 τοῦ
2547 4209 2816 4279 διαμένειν
2851 4209 2930 4270 εἰς
2959 4206 3049 4263 τὸν
3085 4206 3254 4260 αἰῶνα
3279 4225 3291 4237 ·
3325 4208 3358 4279 ἢ
3401 4208 3540 4262 κατὰ
3561 4210 3650 4263 τὸν
3679 4211 3990 4282 Σύμμαχον,

2443 4301 2536 4364 Ὠς
2562 4301 2598 4365 ἡ
2618 4298 2780 4368 μήνη
2805 4297 3007 4365 έδραία
3032 4301 3279 4366 αὶωνίως
3292 4301 3492 4369 pere?‘
3524 4300 3696 4364 οὕτως
3727 4301 3878 4355 ἔσται
3899 4302 3993 4356 καὶ

2430 4393 2458 4443 ὁ
2487 4390 2929 4458 ἐκκλησιαστικὸς
2978 4390 3071 4443 τοῦ
3125 4391 3355 4461 Χριστοῦ
3404 4391 3609 4462 θρόνος.
3663 4394 3887 4462 Μήποτε
3932 4392 3992 4449 δέ

2432 4478 2706 4550 προειπὼν
2741 4479 2770 4531 6
2798 4478 2971 4546 λόγος,
3009 4481 3195 4546 Ἀπαξ
3232 4482 3527 4550 ὢμοσαὲν
3560 4481 3640 4549 τῷ
3655 4483 3815 4552 Ἁγίφ
3846 4499 3988 4552 μου,

787 4559 880 4615 Dei
915 4562 987 4618 sit
1011 4561 1253 4616 doctrina
1283 4564 1402 4632 eius
1437 4580 1596 4635 quam
1628 4568 1682 4624 in
1712 4575 1855 4623 terra
1895 4575 2330 4647 seminavit,ipse
2363 4583 2401 4636 D
2433 4571 2513 4623 καΊ

2268 4594 2330 4634 se
2363 4583 2401 4636 ῃ
2433 4571 2524 4623 καὶ
2573 4569 2910 4638 ἐπισυνάψας
2948 4570 3092 4640 ἑξῆς,
3158 4573 3223 4627 Τὸ
3271 4571 3509 4642 σπέρμα
3552 4563 3740 4633 αὐτοῦ
3768 4575 3851 4638 εις
3884 4573 3994 4627 τὸν

784 4655 934 4705 sator
963 4651 1081 4718 eius
1107 4652 1351 4713 eﬂ‘ectus.
1376 4657 1671 4710 secundum
1697 4660 2004 4727 parabolam
2028 4666 2094 4719 ab
2126 4681 2192 4720 eo
2213 4684 2330 4736 pro-

786 4739 1263 4809 latam,qnadicit:
1289 4743 1431 4799 Exiit
1448 4748 1534 4816 qui
1557 4750 1777 4803 seminat
1802 4756 2204 4823 seminare-“,et
2227 4774 2331 4814 cae-

785 4839 919 4886 tera.
949 4829 1013 4884 Et
1041 4834 1150 4888 hac
1176 4837 1414 4904 quidem,
1443 4841 1538 4903 ait,
1560 4841 1634 4894 ita
1665 4851 1843 4906 erunt,
1875 4845 1946 4898 ita
1975 4845 2122 4910 ﬁent,
2146 4858 2199 4902 et
2222 4865 2333 4904 cre-

783 4921 968 4977 dibilia
992 4925 1301 4983 reddentur.
1328 4926 1459 4983 Nam
1477 4930 1676 4997 .horum
1702 4933 1856 4990 testis
1897 4937 2065 4992 fidelis
2087 4948 2166 4993 est
2190 4939 2331 4993 Deus

785 5012 839 5065 in
876 5016 1013 5068 cmlo
1038 5015 1306 5071 habitans.
1337 5019 1622 5073 Veritatem
1652 5005 1812 5089 porro
1838 5029 2102 5082 sermonis
2136 5030 2332 5083 conﬁr-

786 5109 898 5158 mat
953 5120 1132 5160 rerum
1185 5116 1409 5162 eventus
1466 5116 1518 5162 et
1561 5115 1994 5169 consummatio:
2031 5133 2152 5170 nam
2189 5120 2330 5173 illius

785 5206 955 5249 cornu
969 5194 1204 5259 Davidis,
1237 5197 1290 5251 id
1314 5207 1415 5263 est,
1436 5198 1732 5257 Salvatoris
1749 5206 1919 5259 nostri
1949 5205 2075 5262 Jesu
2106 5208 2326 5273 Christi,

786 5298 968 5338 semen
999 5295 1052 5341 et
1077 5280 1476 5343 successionem
1522 5291 1656 5359 ipsis
1693 5295 1866 5350 oculis
1893 5296 2137 5355 videmus
2177 5320 2186 5354 :
2224 5301 2330 5354 imo

788 5376 949 5428 etiam
981 5372 1165 5433 Sancti
1197 5378 1310 5441 Dei,
1336 5379 1592 5449 unigeniti
1625 5383 1798 5453 ipsius
1818 5384 1976 5440 Verbi
2008 5391 2328 5458 sparsumin

787 5474 928 5519 terra
966 5465 1188 5521 cmleste
1215 5485 1395 5527 semen
1426 5474 1745 5542 evangelica:
1772 5477 2029 5532 doctrina:
2069 5489 2332 5535 aeternum

786 5571 1138 5620 perseverans
1171 5577 1182 5611 :
1217 5549 1444 5630 itemque
1479 5565 1729 5621 thronum
1773 5567 1892 5636 eius
1918 5583 2013 5638 per
2042 5578 2211 5626 totum
2242 5586 2332 5625 or-

786 5647 904 5700 bem
925 5647 980 5702 in
1003 5648 1229 5718 singulis
1256 5653 1520 5720 gentibus,
1552 5657 1776 5713 urbibus
1792 5658 1948 5722 ,vicis
1972 5666 2024 5715 et
2058 5663 2200 5730 agris
2222 5668 2332 5716 sta-

854 5736 898 5768 “
937 5737 1096 5799 Hebr.
1131 5755 1214 5804 Iv,
1252 5740 1337 5797 16.
1412 5746 1455 5774 ⁵⁵
1494 5744 1624 5801 Luc.
1659 5765 1785 5810 vni.
1822 5751 1875 5805 5.

855 5826 932 5899 (l)
955 5827 1099 5886 LXX
1125 5830 1308 5907 legunt
1344 5836 1513 5903 μινιί,
1549 5837 1603 5895 in
1643 5838 1843 5899 futuro.
1877 5839 2034 5900 Em.

2433 4659 2613 4714 αἰῶνα
2623 4660 2808 4730 μένει,
2825 4660 2916 4718 τοῦ
2932 4661 3108 4729 ’Δγίου
3123 4662 3352 4724 αύτοῦτὸ
3374 4663 3590 4734 σπέρμα
3605 4663 3895 4734 κρατήσειν
3910 4665 3993 4728 είς

2436 4753 2603 4805 αἰῶνα
2629 4751 2870 4812 θεσπίζει
2891 4768 2904 4814 ;
2928 4752 3001 4813 ὡς
3017 4747 3152 4809 εἶναι
3178 4736 3394 4824 σπέρμα
3412 4753 3505 4806 τοῦ
3523 4753 3703 4820 ’Δγίου
3718 4750 3818 4811 τοῦ,
3830 4751 3988 4817 Θεοῦ,

2435 4844 2630 4916 δηλαδὴ
2653 4843 2746 4896 τοῦ
2769 4844 3099 4912 Μονογενοῦς
3117 4845 3210 4897 τοῦ
3239 4845 3391 4908 Θεοῦ,
3417 4846 3482 4913 ἢν
3507 4844 3755 4912 ἔσπειρεν
3773 4844 3864 4896 ἐπὶ
3884 4846 3990 4915 γῆς

2434 4935 2794 4998 διδασκαλίαν,
2837 4936 2993 4998 αὐτὸς
3026 4937 3310 5004 γενόμενος
3343 4934 3509 5003 αὐτῆς
3543 4935 3808 5004 σπορεὺς,
3848 4937 3994 4990 κατὰ

2435 5030 2532 5098 τὴν
2557 5028 2832 5097 λεχθεῖσαν
2859 5026 2946 5078 ὑπ’
2977 5026 3137 5082 αὑτοῦ
3188 5025 3518 5095 παραϐολὴν,
3547 5025 3611 5077 δι’
3640 5020 3705 5097 ἧς
3735 5026 3948 5097 εἴρηται
3971 5043 3986 5057 ·

2449 5119 2728 5186 Ἐξῆλθεν
2774 5120 2806 5170 ό
2863 5118 3124 5184 σπείρων
3169 5113 3272 5168 τοῦ
3311 5116 3564 5184 σπεῖραι,
3609 5117 3802 5170 καὶτὰ
3837 5115 3985 5186 ἑξῆς.

2435 5210 2543 5264 Καὶ
2569 5209 2736 5262 ταῦτα
2757 5208 2871 5277 μὲν,
2890 5209 3071 5277 φησιν,
3093 5206 3260 5268 οὕτως
3292 5206 3440 5261 ἔσται
3469 5210 3559 5261 καὶ
3574 5210 3857 5278 γενήσεται
3891 5207 3989 5261 καὶ

2436 5300 2852 5369 πιστευθήσεται.
2905 5302 2965 5353 ’0
3009 5299 3114 5368 γὰρ
3141 5298 3340 5354 τούτων
3375 5300 3582 5369 μάρτυς
3628 5299 3812 5360 πιστός
3838 5301 3987 5352 ἐστιν

2433 5393 2460 5442 ὀ
2487 5395 2542 5444 ἐν
2573 5392 2783 5466 οὐρανῷ
2815 5391 3076 5444 κατοικῶν
3109 5389 3255 5452 Θεὸς.
3303 5390 3584 5458 Συνίστησι
3616 5389 3670 5442 δὲ
3700 5389 3793 5443 τοῦ
3825 5391 3987 5455 λόγου

2435 5485 2536 5555 τὴν,
2566 5485 2820 5555 ἀλήθειαν
2847 5484 2908 5536 τὸ
2932 5481 3019 5536 διὰ
3039 5481 3144 5538 τῶν
3176 5481 3347 5552 ἔργων
3380 5480 3721 5551 ἀποτέλεσμα
3741 5497 3753 5509 ·
3784 5479 3987 5549 οφθαλ-

2439 5576 2554 5644 poi;
2573 5573 2678 5644 γὰρ
2704 5571 3017 5643 ὁρῶμειιτοῦ-
3038 5571 3210 5642 κέρως
3232 5571 3405 5633 Δαυῖδ,
3423 5570 3661 5624 τουτέστι
3684 5570 3776 5623 τοῦ
3803 5569 3988 5640 Σωτῆη

2564 5661 2716 5731 ημῶν
2757 5659 2924 5731 Ἰησοῦ
2955 5660 3205 5726 Χριστοῦ,
3230 5662 3292 5715 τὸ
3321 5659 3536 5732 σπέρμα
3570 5661 3662 5714 καὶ
3691 5659 3787 5712 τὺν
3809 5657 3984 5716 διαδο-

2511 5838 2584 5913 (2)
2619 5839 2776 5898 Forte
2804 5837 2904 5912 leg.
2941 5835 3342 5913 διαψεύσασθαι,
3369 5844 3519 5900 Enn.
