4372 6420
419 535 555 592 ιιοθ

1454 522 1948 580 COMMENTARIA
1981 521 2046 575 IN
2062 518 2407 603 PSALMOS.

3479 514 3614 573 1110

416 652 548 718 χήν·
584 645 719 701 ἀλλὰ
765 646 859 697 καὶ
907 642 998 695 τοῦ
1013 641 1191 709 Ἀγίου
1222 640 1312 692 τοῦ
1345 640 1477 692 Θεοῦ
1525 639 1615 692 τοῦ
1651 636 1965 708 μονογενοῦς
1995 642 2039 696 Α
2069 636 2140 689 bil

1891 636 1965 699 ιῦς
1995 642 2039 696 Α
2069 636 2299 696 bilitum,
2331 634 2621 701 orbemque
2651 640 2816 685 totum
2843 639 3148 699 unplentem
3178 628 3437 685 videmus.
3465 625 3617 695 Quod

416 737 577 790 αὑτοῦ
598 736 767 803 Λόγου
795 734 855 785 τὸ
874 731 1211 799 καταϐληθὲν
1240 731 1328 782 ἐπὶ
1351 729 1451 798 γῆς
1473 728 1717 798 οὐράνιον
1750 728 1966 796 σπέρμα

415 827 511 894 τῆς
535 822 891 891 εὺαηελικῆς
905 818 1245 879 διδασκαλίας
1264 814 1583 879 διαιωνίζον·
1618 815 1678 868 οὐ
1706 816 1809 885 μὴν
1833 813 1965 866 ἀλλὰ

418 914 511 978 καὶ
563 913 682 966 καθ’
728 913 851 981 ὅλης
876 911 976 979 τῆς
1012 908 1307 979 ἀνθρώπων
1343 906 1684 976 οἰκουμένης,
1714 907 1771 959 ὲν
1804 906 1966 957 πᾶσιν

416 1004 613 1067 ἔθνεσι,
649 1003 828 1055 πόλεσί
853 1020 911 1054 τε
940 1002 1030 1055 καὶ
1068 1000 1279 1069 κώμαις
1301 999 1393 1051 καὶ
1416 996 1617 1068 χώραις
1645 997 1856 1069 ὁρῶμεν
1876 997 1966 1049 τὸν

416 1096 475 1147 ἒν
502 1096 568 1164 τῇ
626 1092 917 1163 Ἐκκλησία
946 1088 1106 1143 αὑτοῦ
1136 1086 1412 1157 ἱδρυμένον
1444 1086 1629 1158 θρόνον
1663 1086 1966 1157 πληροῦντα

416 1183 508 1235 τὸν
536 1183 819 1254 σύμπαντα
849 1180 1066 1250 κόσμον.
1096 1179 1156 1231 Εἰ
1180 1177 1237 1230 δέ
1257 1194 1340 1239 τις
1370 1177 1444 1247 μὴ
1474 1176 1662 1241 οὕτως,
1684 1176 1817 1229 ἀλλὰ
1842 1176 1967 1227 Ἰου-

416 1272 617 1335 δαῖκῶς
646 1268 859 1325 ὲκλᾶϐοι
895 1269 981 1321 τὸν
1005 1267 1209 1337 θρόνον,
1241 1266 1339 1338 τὴν
1366 1265 1675 1337 σωματικὴν
1699 1263 1967 1334 βασιλείαν

417 1361 509 1414 τοῦ
542 1361 703 1413 Δαυῒδ
729 1357 979 1427 λέγεσθαι
1031 1354 1282 1427 νομίζων,
1309 1355 1519 1425 ψευδεῖς
1558 1353 1967 1425 ἐλεγχθήσονται

417 1451 472 1503 αἰ
504 1451 844 1521 προφητεῖαι.
879 1446 1033 1500 Μετὰ
1061 1446 1169 1516 γὰρ
1215 1446 1313 1517 τὴν
1346 1447 1424 1507 εἰς
1451 1444 1737 1497 Βαϐυλῶνα
1767 1446 1967 1513 αἰχμα-

415 1540 611 1591 λωσίαν
660 1537 751 1592 τοῦ
785 1537 1049 1591 Ἰουδαίων
1095 1536 1294 1599 ἐθνους,
1330 1536 1501 1598 οὐδεὶς
1535 1536 1614 1598 εἰς
1650 1534 1743 1586 τὸν
1784 1534 1968 1604 θρόνον

412 1629 680 1701 ἐκαθέσθη
732 1628 892 1681 Δαυῖδ
912 1644 926 1659 ο
962 1626 1022 1692 ἐξ
1062 1627 1265 1681 ἐκείνου
1290 1625 1471 1678 δὲμκαλ⁵
1497 1625 1575 1686 είς
1599 1622 1773 1694 δεῦρο,
1805 1622 1968 1690 ἐγγύς

416 1737 513 1773 που
543 1721 636 1790 ἔτη
663 1719 915 1789 τυγχάνει
946 1719 1111 1789 χίλια,
1130 1718 1188 1781 ἐξ
1207 1712 1288 1779 οῦ,
1312 1714 1728 1785 καθαιρεθείσης
1748 1714 1845 1783 τῆς
1877 1714 1970 1783 βα-

414 1812 616 1875 σιλείας
654 1809 839 1875 αὑτοῦ,
879 1810 973 1863 καὶ⁵
995 1809 1092 1879 τῆς
1118 1808 1360 1876 διαδοχῆς
1392 1803 1552 1858 αὑτοῦ
1593 1803 1965 1874 παυσαμένης,

408 1899 597 1953 λέλυτο
621 1899 714 1953 τοῦ
744 1898 905 1953 Δαυτδ
934 1899 963 1951 ό
996 1898 1199 1972 θρόνος.
1231 1897 1319 1949 Διὸ
1349 1895 1411 1965 δὴ
1459 1893 1525 1947 τὰ
1548 1893 1675 1963 ἑξῆς
1712 1891 1803 1945 τοῦ
1836 1891 1968 1961 ψαλ-
1995 1910 1999 1917 ·

2064 726 2111 780 si
2144 728 2266 795 quis
2314 740 2422 778 non
2473 724 2575 778 hac
2623 723 2851 784 ratione,
2881 722 2976 776 sed
3027 720 3252 792 Judaico
3295 735 3443 776 more
3470 720 3619 774 thro-

2066 830 2193 869 num
2226 815 2478 885 accipiat,
2511 822 2663 869 ratus
2695 826 3014 882 corporeum
3043 808 3262 865 Davidis
3290 824 3514 880 regnum
3547 810 3620 863 ita

2063 906 2269 969 vocari,
2295 905 2443 959 falsae
2476 904 2947 973 deprehendentur
2986 900 3297 979 prophetiae.
3329 898 3464 954 Nam
3497 910 3622 972 post

2062 994 2297 1051 Iudaicae
2330 997 2510 1064 gentis
2549 997 2601 1047 in
2641 994 2912 1065 Babylone
2953 992 3338 1062 captivitatem,
3368 1005 3527 1046 nemo
3565 992 3622 1045 in

2064 1087 2259 1140 throno
2301 1084 2519 1138 Davidis
2569 1082 2707 1138 sedit
2755 1102 2768 1135 :
2808 1081 2903 1138 sed
2953 1098 3016 1138 ex
3065 1082 3156 1136 illo
3195 1081 3261 1135 ad
3298 1082 3400 1137 hoc
3447 1096 3621 1153 usque

2065 1185 2277 1246 tempus
2324 1176 2450 1229 anni
2500 1182 2636 1243 sunt
2695 1174 2913 1230 circiter
2966 1174 3130 1237 mille,
3165 1188 3195 1226 a
3223 1180 3617 1243 quotempore,

2066 1270 2183 1338 ejus
2198 1260 2479 1323 destructo
2498 1280 2684 1337 regno,
2704 1282 2766 1321 ac
2787 1266 2960 1336 ipsius
2982 1265 3331 1321 successione
3351 1272 3618 1327 cessante,

2068 1359 2287 1414 Davidis
2338 1360 2568 1413 thronus
2631 1359 2840 1413 solutus
2896 1365 2997 1413 est.
3030 1356 3392 1425 Quamobrem
3442 1366 3624 1433 poste-

2068 1450 2213 1502 riora
2260 1448 2453 1517 psalmi
2501 1448 2647 1502 dicta
2682 1448 2792 1502 hate
2835 1448 2951 1518 ipsa
2998 1447 3300 1517 deplorant,
3334 1456 3623 1517 aperteque

2066 1540 2309 1608 corporei
2342 1546 2394 1593 et
2420 1540 2715 1595 materialis
2748 1539 2929 1594 throni
2961 1540 3171 1593 ruinam
3205 1538 3525 1609 signiﬁcant,
3559 1554 3623 1593 ac

2066 1627 2342 1681 declarant
2372 1630 2657 1698 promissis
2681 1630 2951 1703 contraria
2972 1629 3255 1693 accidisse,
3279 1637 3536 1699 quantum
3556 1630 3624 1688 ad

2066 1719 2375 1773 sensibilem
2424 1720 2679 1783 thronum
2731 1726 2783 1774 et
2836 1734 3152 1789 corpoream
3205 1720 3355 1790 regni
3404 1717 3624 1775 Davidis

2067 1808 2467 1862 successionem
2492 1808 2741 1877 pertinet.
2781 1807 2911 1872 Quae
2936 1823 3067 1864 sane
3094 1824 3200 1863 non
3227 1809 3440 1863 silentio
3460 1808 3619 1870 mitti.

2067 1897 2161 1952 sed
2212 1897 2267 1951 in
2316 1896 2594 1968 prophetia
2652 1898 2718 1952 de
2756 1896 2968 1953 Christo
3016 1900 3305 1953 memorari
3351 1899 3620 1970 oportuit;

413 1989 515 2061 μοῦ
562 1991 697 2045 αὐτὰ
744 1992 914 2045 ταῦτα
941 1989 1285 2059 ἀποδύρεται,
1335 1985 1515 2055 σαφῶς
1540 1984 1633 2037 τοῦ
1661 1983 1964 2055 σωματικοῦ
1997 1977 2038 2032 Β
2068 1996 2127 2041 ιιι

1898 1983 1964 2036 ιοῦ
1997 1977 2038 2032 Β
2068 1996 2127 2041 ιιι
2155 1986 2482 2048 ediscamus.
2515 1988 2749 2042 instante
2780 2002 2958 2041 rerum
2992 1988 3045 2041 in
3072 1989 3330 2043 vaticinio
3356 2004 3624 2045 memora-

407 2078 597 2153 θρόνου
642 2082 739 2152 τὴν
780 2079 1156 2151 καταστροφὴν
1200 2078 1544 2149 σημαίνοντα,
1575 2065 1668 2131 καὶ
1706 2076 1959 2131 τάναντία

410 2172 753 2243 παριστῶντα
794 2170 1192 2242 συμϐεϐηκέναι
1241 2172 1357 2232 ταῖς
1406 2168 1793 2237 ἐπαγγελίαις,
1840 2168 1959 2221 ὅσον

406 2264 499 2315 ἐπὶ
520 2262 597 2332 τῷ
622 2260 859 2331 αἰσθητῷ
888 2260 1059 2331 θρόνῳ
1086 2262 1178 2313 καὶ
1216 2262 1282 2330 τῇ
1314 2262 1591 2328 σωματικῇ
1626 2257 1836 2327 διαδοχῇ
1863 2258 1959 2327 τῆς

404 2351 497 2404 τοῦ
514 2350 671 2404 Δαυῗδ
701 2350 991 2421 βασιλείας
1025 2348 1060 2402 ἃ
1088 2349 1152 2419 δὴ
1178 2350 1270 2402 καὶ
1283 2348 1419 2401 αὐτὰ
1436 2348 1600 2419 ἐχρῆν
1621 2348 1693 2417 μὴ
1723 2348 1958 2399 ἀποσιω-

2064 2085 2239 2133 tarum
2283 2088 2543 2147 tempore,
2576 2077 2912 2133 sensibilium
2947 2077 3184 2140 illorum,
3213 2078 3281 2132 de
3307 2078 3505 2147 quibus
3536 2078 3622 2147 agi

2064 2175 2253 2236 putant
2289 2165 2489 2229 Judaei,
2522 2168 2844 2222 solutionem
2889 2164 3122 2219 futuram
3154 2182 3302 2231 esse;
3337 2168 3440 2221 alia
3471 2184 3621 2229 vero.

2063 2273 2184 2328 quae
2227 2257 2410 2311 divino
2452 2273 2602 2313 more
2656 2257 3053 2327 intelliguntur,
3095 2257 3186 2313 Dei
3243 2258 3623 2329 promissionis

2062 2347 2449 2417 complementa
2480 2356 2533 2401 et
2556 2349 3083 2403 consummationem
3114 2347 3245 2403 fore.

403 2443 660 2515 πηθῆναι,
699 2444 1004 2513 ἀναγκαίως
1027 2442 1083 2496 δὲ
1110 2443 1168 2495 ὲν
1202 2443 1267 2515 τῇ
1294 2441 1419 2513 περὶ
1450 2441 1543 2493 τοῦ
1572 2438 1805 2511 Χριστοῦ
1833 2438 2129 2508 προφητείᾳ
2159 2438 2615 2510 παραληφθῆναι·
2651 2439 2725 2501 ὼς
2774 2440 2842 2493 ἂν
2892 2439 3172 2509 μάθοιμεν,
3216 2440 3317 2497 ὅτι,
3357 2436 3449 2490 τοῦ
3502 2454 3592 2491 και

407 2532 503 2605 ροῦ
528 2533 636 2588 τῶν
691 2534 1176 2606 προφητευομένων
1225 2532 1559 2596 ἐπιστάντος,
1602 2532 1709 2584 τῶν
1757 2532 1854 2601 μὲν
1893 2529 2160 2600 αἰσθητῶν
2203 2530 2351 2600 παρὰ
2412 2531 2679 2585 Ἰουδαίων
2730 2533 3095 2602 νομιζομένων
3152 2530 3422 2593 παντελῶς
3470 2530 3619 2583 ἔστι..

402 2624 572 2687 λύσις,
607 2624 804 2683 ἑτέρων
825 2624 881 2677 δὲ
914 2623 1228 2689 θεοπρεπῶς
1262 2622 1565 2693 νοουμένων
1592 2619 2041 2689 ἀποτελεσμάτων
2061 2618 2160 2687 τῆς
2199 2617 2292 2670 τοῦ
2326 2618 2459 2671 Θεοῦ
2486 2620 2816 2687 ἐπαγγελίας
2841 2620 3253 2691 συμπλήρωσις.

430 2736 557 2790 ιΣὺ
606 2735 675 2790 δὲ
736 2736 954 2792 ἀπώσω
1008 2738 1102 2790 καὶ
1156 2734 1590 2800 ἐξουδένωσας,
1664 2733 1957 2788 ἀνεϐάλου

402 2827 509 2881 τὸν
560 2827 817 2893 Χριστόν
864 2828 997 2879 σοὺ.
1061 2825 1477 2892 Κατέστρεψας
1526 2825 1638 2893 τὴν
1668 2823 1959 2893 διαθήκην

400 2914 508 2969 τοῦ
546 2913 767 2969 δούλου
823 2932 961 2980 σου,
1017 2913 1391 2980 ἐϐεϐήλωσας
1440 2916 1526 2981 εἰς
1569 2914 1684 2982 τὴν
1729 2913 1844 2984 γῆν
1891 2919 1956 2971 τὸ

399 3007 661 3076 ἀγίασμα
721 3006 935 3060 αὐτοῦ’
1004 3006 1273 3072 καθεῖλες
1340 3005 1567 3073 πάντας
1620 3007 1760 3073 τοὺς
1807 3025 1955 3077 φρα-

401 3097 587 3166 τμοὺς
636 3097 821 3151 αὐτοῦ
845 3138 859 3163 ,
910 3097 1048 3152 ἔθου
1106 3098 1176 3151 τὰ
1224 3097 1569 3166 ὀχυρώματα
1611 3099 1794 3152 αὑτοῦ
1834 3099 1953 3153 δει-

398 3188 559 3261 λίαν.
621 3188 946 3256 Διήρπαζον
1016 3189 1200 3242 αὑτὸν
1271 3188 1491 3255 πάντες
1558 3191 1612 3241 οἱ
1685 3203 1953 3257 παραπο-

2137 2732 2296 2788 Vsus.
2323 2733 2509 2787 59-46.
2541 2733 2617 2787 Tu
2648 2751 2764 2788 vero
2793 2734 3033 2801 repulisti
3073 2742 3122 2787 et
3150 2732 3451 2803 despexisti,
3478 2735 3586 2804 abje

2062 2825 2181 2878 .‘isti
2209 2822 2475 2879 Christum
2503 2834 2667 2878 tuum.
2692 2824 2943 2881 Evertisti
2976 2835 3341 2881 testamentum
3363 2831 3496 2883 servi
3520 2831 3610 2897 lui,

2058 2915 2354 2984 profanasti
2378 2916 2431 2967 in
2461 2924 2600 2969 terra
2629 2918 2989 2969 sanctuarium
3006 2917 3118 2985 ejus
3142 2931 3158 2968 :
3180 2916 3488 2971 destruxisti
3508 2936 3619 2972 om-

2059 3024 2146 3061 nes
2181 3023 2321 3076 sepes
2345 2997 2478 3076 ejus,
2504 3006 2726 3075 posuisti
2764 3007 3085 3060 munimenta
3120 3007 3232 3074 ejus
3260 3007 3612 3073 formidinem.

2058 3096 2400 3165 Diripuerunt
2437 3115 2554 3151 eum
2584 3113 2757 3152 omnes
2787 3107 3112 3153 transeuntes
3140 3099 3276 3157 viam
3301 3099 3617 3169 :factus-est

2058 3187 2387 3255 opprobrium
2433 3189 2617 3243 vicinis
2664 3187 3088 3242 suis.E:caltasti
3125 3187 3393 3243 dexteram
3451 3189 3616 3242 tribu—

394 3275 702 3343 ρευόμενοι
746 3275 919 3330 ὀδόν·
963 3272 1211 3346 ἐγενήθη
1265 3276 1491 3343 ὄνειδος
1526 3276 1648 3342 τοῖς
1695 3279 1956 3346 γείτοσιν
1981 3272 2022 3297 υ
2057 3278 2120 3330 [απ

1889 3294 1956 3330 ἰν
1981 3272 2022 3297 υ
2057 3278 2280 3333 lantium
2298 3293 2436 3339 eum,
2460 3272 2743 3347 laeti/icasti
2760 3294 2932 3332 omnes
2956 3280 3194 3334 inimicos
3221 3281 3351 3349 ejus.
3371 3279 3615 3335 Avertisti

399 3364 605 3420 αὐτοῦ.
638 3367 937 3433 ,Ὓψωσας
984 3366 1099 3434 τὴν
1134 3363 1338 3428 δεξιὰν
1365 3362 1482 3417 τῶν
1507 3364 1824 3417 θλιϐόντων
1852 3366 1955 3417 αὐ-

400 3455 524 3523 τὸν,
551 3456 851 3524 εὔφρανας
879 3455 1105 3523 πάντας
1126 3456 1264 3521 τοὺς
1299 3454 1546 3524 ἐχθροὺς
1582 3455 1783 3508 αὐτοῦ.
1831 3455 1955 3507 Ἀπ-

396 3548 694 3615 έστρεψας
740 3548 856 3616 τὴν
898 3546 1185 3615 ,βοήθειαν
1243 3546 1351 3613 τῆς
1398 3547 1695 3616 ῥομφαίας
1734 3544 1951 3611 αὐτοῦ,

398 3640 497 3693 καὶ
527 3641 637 3692 οὐκ
680 3624 1023 3692 ¹ἀντελάόου
1074 3638 1258 3692 αὐτοῦ
1289 3638 1358 3691 ἐν
1400 3636 1479 3702 τῷ
1521 3637 1776 3705 πολέμῳ.
1810 3640 1957 3692 Κατ-

396 3730 622 3795 ἐλυσας
691 3730 807 3784 άπὸ
862 3727 1222 3797 καθαρισμοῦ
1288 3727 1499 3795 αὐτὸν,
1562 3727 1669 3779 τὸν
1743 3726 1956 3792 θρόνον

398 3819 581 3876 αὑτοῦ
612 3820 697 3885 εἰς
722 3818 837 3888 γῆν
860 3816 1249 3886 κατέρραξας·
1284 3816 1648 3886 ἐσμικρυνας
1675 3814 1780 3881 τὰς
1818 3816 1955 3885 ἠμέ-

393 3930 507 3982 ρας
534 3911 640 3966 τοῦ
666 3912 882 3981 χρόνου
906 3910 1109 3976 αὑτοῦ,
1141 3908 1420 3991 κατέχεας
1448 3907 1605 3973 αὑτῷ
1631 3907 1949 3975 αἰσχύνην·

400 4004 732 4073 Διάψιαλμα.
819 4002 1206 4055 Ἀποδέδεικται
1229 3998 1398 4055 ταῦτα
1428 4002 1493 4074 τῇ
1536 3998 1955 4069 σωματικωτέρᾳ

398 4095 493 4148 τοῦ
528 4094 688 4148 Δαυτδ
716 4093 930 4164 διαδοχῇ
960 4092 1054 4146 καὶ
1082 4095 1146 4164 τῇ
1176 4093 1455 4163 σωματικῇ
1486 4088 1645 4148 αὑτοῦ
1685 4088 1951 4159 βασιλείᾳ,

399 4184 521 4252 ἥτις
556 4180 826 4254 καθῃρέθη
867 4179 1006 4234 κατὰ
1049 4180 1172 4241 τοὺς
1200 4180 1420 4250 χρόνους
1441 4179 1538 4249 τῆς
1558 4179 1636 4239 εἰς
1668 4175 1954 4237 Βαϐυλῶνα

398 4272 769 4342 αἰχμαλωσίας
793 4270 887 4324 τοῦ
918 4269 1182 4339 Ἰουδαίων
1204 4268 1350 4321 λαοῦ.
1510 4268 1712 4321 ἐκείνου
1734 4266 1840 4337 γὰρ
1863 4267 1953 4321 καὶ

396 4364 426 4414 ό
459 4358 705 4431 Χριστὸς,
736 4358 1006 4412 τουτέστιν
1037 4358 1068 4417 δ
1094 4355 1347 4427 αἰσθητὸς
1378 4356 1642 4427 βασιλεὺς,
1670 4358 1698 4408 ὁ
1730 4358 1836 4410 ἀπὸ
1863 4357 1955 4428 γέ·-

398 4466 521 4513 νους
545 4446 705 4501 Δαυίδ
729 4446 1046 4519 διαλέλοιπε,
1081 4450 1221 4503 καὶὸ
1246 4444 1429 4519 θρόνος
1447 4447 1544 4517 τῆς
1567 4446 1836 4517 βασιλείας
1860 4451 1954 4504 αὐ,

2055 3366 2376 3435 adjutorium
2404 3369 2571 3437 gladii
2587 3369 2722 3438 ejus.
2743 3378 2791 3422 et
2811 3386 2913 3423 non
2928 3387 2981 3424 es
3004 3372 3296 3434 auxiliatus
3318 3373 3364 3426 ei
3381 3373 3435 3425 in
3460 3371 3612 3427 bello.

2055 3457 2271 3511 Solvisti
2297 3475 2411 3511 eum
2443 3460 2506 3511 ab
2540 3460 2906 3514 emundatione
2933 3500 2949 3525 ,
2987 3460 3229 3515 thronum
3257 3464 3368 3532 ejus
3411 3464 3465 3517 in
3509 3472 3615 3517 tero

2054 3564 2170 3601 ram
2222 3549 2551 3620 confregisti.
2591 3549 2869 3605 Minorasti
2897 3552 3007 3605 dies
3052 3555 3298 3620 temporis
3328 3554 3464 3623 ejus,
3494 3572 3613 3625 per-

2054 3638 2241 3708 fudisti
2262 3657 2377 3694 eum
2402 3640 2722 3709 confusione.
2749 3641 3076 3712 Diapsatma.
3103 3641 3228 3697 Haec
3256 3643 3324 3698 de
3348 3658 3612 3714 corporea

2056 3728 2274 3785 Davidis
2309 3732 2693 3794 successione,
2741 3739 2795 3785 et
2844 3732 2911 3786 de
2955 3748 3120 3801 regno
3167 3733 3286 3798 ejus
3342 3733 3609 3798 sensibili,

2054 3821 2195 3892 quod
2243 3828 2483 3891 tempore
2527 3822 2773 3877 abductas
2817 3823 3123 3878 Iudaeorum
3184 3824 3237 3877 in
3281 3823 3609 3894 Babylonem

2053 3911 2383 3979 captivitatis
2421 3910 2755 3976 destructum
2799 3912 2937 3975 fuit,
2994 3912 3214 3981 intelligi
3246 3913 3611 3981 comproban-

2054 4008 2160 4055 tur.
2200 3999 2275 4053 Ex
2308 4002 2400 4055 illo
2422 4017 2655 4072 namque
2682 4013 2922 4074 tempore
2953 4003 3243 4065 Christus.
3277 4006 3326 4059 id
3366 4012 3479 4065 est.
3515 4020 3609 4058 rex

2055 4091 2327 4155 sensibilis
2360 4107 2390 4145 e
2437 4108 2632 4163 genere
2670 4082 2887 4148 Davidis
2920 4095 3136 4157 defecit,
3166 4095 3398 4162 thronus
3455 4095 3607 4166 regni

2052 4180 2171 4249 ejus
2201 4180 2513 4248 confractus
2539 4190 2643 4242 est.
2673 4193 2737 4236 et
2760 4184 2965 4252 reliqua
2992 4183 3173 4238 omnia
3196 4200 3316 4254 qua:
3339 4186 3392 4238 in
3418 4186 3609 4241 vatici-

2054 4271 2144 4325 nio
2191 4268 2439 4323 feruntur
2478 4270 2693 4339 impleta
2743 4279 2887 4327 sunt.
2940 4272 3147 4338 Quibus
3200 4274 3267 4330 de
3306 4277 3489 4331 causis
3541 4292 3609 4331 ex

2054 4376 2282 4433 persona
2309 4360 2613 4416 Iudaeorum
2644 4363 2731 4418 hic
2773 4379 2953 4419 sermo
2985 4366 3221 4421 lamenta
3270 4368 3413 4432 edit;
3447 4370 3606 4439 quasi

2056 4452 2261 4507 scilicet
2288 4451 2389 4505 alia
2414 4449 2555 4506 Deus
2587 4454 2943 4523 promiserit,
2987 4456 3094 4511 alia
3130 4459 3432 4515 evenerint.
3496 4457 3605 4514 Nos

396 4540 495 4615 τοῦ
522 4538 852 4611 κατερράγη,
879 4541 970 4593 καὶ
1001 4539 1070 4593 τὰ
1098 4540 1257 4613 λοιπὰ
1286 4540 1462 4597 πάντα
1487 4540 1557 4593 τὰ
1577 4546 1951 4613 προπέφητευ-
1980 4564 2025 4618 D
2054 4557 2117 4597 ve

1880 4560 1951 4596 ευ·
1980 4564 2025 4618 D
2054 4556 2182 4597 vero
2216 4541 2645 4612 animadvertere
2676 4544 2950 4609 convenit,
2975 4558 3101 4629 cum
3146 4545 3289 4602 Deus
3340 4546 3606 4610 mendacii

400 4632 536 4702 μένα
560 4630 909 4701 πεπλήρωται
927 4647 940 4660 θ
969 4632 1049 4701 ἐφ’
1070 4626 1149 4695 οἷς
1174 4633 1236 4693 ἐκ
1258 4629 1545 4703 προσώπου
1561 4631 1654 4684 τοῦ
1686 4633 1951 4691 Ἰουδαίων

396 4715 579 4781 ἔθνους
596 4714 987 4791 ἀπολοφύρεται
1014 4719 1042 4771 ὁ
1072 4718 1225 4788 λόγος
1243 4757 1258 4782 ,
1288 4708 1363 4781 ὡς
1390 4719 1547 4789 ἔτερα
1582 4720 1678 4789 μὲν
1696 4720 1788 4773 τοῦ
1817 4721 1949 4772 Θεοῦ

396 4802 855 4873 ἐπαγγειλαμένου
875 4845 890 4870 ,
915 4805 1112 4876 ἑτέρων
1144 4804 1200 4857 δὲ
1230 4804 1564 4859 ἀποϐάντων.
1596 4807 1863 4877 Προσήκει
1893 4807 1949 4859 δὲ

397 4893 543 4962 ἡμᾶς
566 4893 853 4963 ἐπιστῆσαι
877 4894 966 4948 τὸν
993 4895 1114 4949 νοῦν
1132 4936 1147 4959 ,
1177 4896 1271 4959 ὡς,
1301 4896 1394 4949 τοῦ
1418 4896 1551 4950 Θεοῦ
1576 4897 1833 4967 ἀψευδοῦς
1864 4898 1949 4949 δν-

398 4995 508 5044 τος,
533 4973 740 5053 ἀνάγκη
764 4982 907 5035 πᾶσα
926 4982 1378 5053 ὲπαληθεύσεσθαι
1403 4987 1526 5048 τοὺς
1544 4986 1703 5039 αὐτοῦ
1723 4985 1910 5055 λόγους
1927 4998 1944 5015 ⁸

398 5072 447 5123 εἰ
472 5070 527 5123 δὲ
556 5072 628 5143 μὴ
654 5072 993 5144 ἀληθεύοιντο
1024 5076 1115 5128 ἐπὶ
1142 5074 1239 5145 τῆς
1266 5072 1524 5145 αἰσθητῆς
1546 5075 1638 5129 τοῦ
1665 5074 1822 5129 Δαυῖδ
1847 5074 1943 5144 βα-

398 5159 631 5224 σιλείας,
664 5162 782 5235 ὥρα
816 5165 999 5234 ἕτερον
1026 5165 1221 5235 τρόπον
1254 5167 1389 5218 νοεῖν
1431 5164 1502 5219 τὰ
1541 5165 1939 5236 ἐπηγγελμένα.

396 5252 494 5315 Τίς
527 5247 619 5306 οὖν
647 5253 677 5305 ό
704 5255 931 5323 τρόπος,
965 5256 1095 5309 αὐτὸ
1120 5257 1181 5310 τὸ
1210 5257 1348 5310 θεῖον
1378 5256 1579 5321 ἐδίδαξε
1609 5256 1828 5327 Πνεῦμα
1854 5257 1943 5312 διὰ

394 5340 502 5395 τῶν
529 5339 848 5412 ἔμπροσθεν,
877 5342 935 5394 ὲν
960 5338 1040 5406 οἷς
1072 5345 1281 5418 εἴρητο·
1340 5350 1441 5402 Ἐν
1461 5345 1690 5415 οὐρανῷ
1714 5350 1941 5419 ἑτοιμα-

394 5432 684 5502 σθήσεται
718 5434 756 5501 ἠ
788 5432 1035 5500 ἀλήθειά
1053 5452 1168 5492 σου
1187 5456 1201 5469 ο
1225 5439 1318 5493 καὶ
1347 5440 1536 5493 πάλιν·
1572 5438 1949 5510 Ἑξομολοτήο

394 5536 605 5577 dormt
628 5523 682 5575 οἱ
703 5522 943 5590 οὐρανοί
972 5522 1044 5577 τὰ
1076 5528 1375 5597 θαυμάσια
1408 5542 1523 5583 σου
1548 5567 1562 5591 ,
1608 5529 1809 5595 Κύριε,
1851 5532 1951 5585 καί

395 5614 504 5681 γὰρ
534 5611 630 5666 καί
668 5606 782 5678 τὴν
815 5602 1101 5681 ἀλήθειάν
1152 5632 1269 5672 σου
1323 5618 1392 5673 ἐν
1414 5620 1705 5687 ἐκκλησίᾳ
1733 5620 1913 5691 ἁγίων
1932 5641 1945 5653 ε

395 5703 488 5756 καὶ
508 5702 666 5757 πάλιν
685 5718 697 5733 ο
727 5704 985 5770 Δυνατὸς
1009 5699 1067 5757 εἷ
1081 5744 1096 5769 ,
1125 5708 1300 5776 Κύριε
1317 5750 1332 5775 ,
1366 5710 1463 5767 καί
1496 5710 1535 5775 ἡ
1562 5710 1807 5779 ἀλήθειά
1834 5729 1949 5768 σου

395 5794 600 5858 κύκλῳ
626 5808 741 5848 σου
764 5809 778 5823 ·
821 5795 912 5848 καὶ
935 5788 1089 5858 αὖθις
1105 5813 1117 5826 ’
1168 5798 1377 5867 Ἔλεος
1408 5800 1504 5854 καί
1534 5800 1780 5868 ἀλήθεια
1804 5818 1941 5870 προ-

394 5886 784 5951 πορεύσονται
815 5886 922 5953 πρὸ
956 5887 1273 5955 προσώπου
1304 5908 1438 5947 σου.
1480 5890 1656 5945 Ταῦτα
1684 5892 1793 5965 γὰρ
1819 5895 1943 5949 πάν-

2052 4646 2245 4702 expers
2273 4632 2362 4699 sit,
2394 4633 2703 4688 necessario
2746 4650 2906 4692 veros
2943 4648 3063 4690 esse
3105 4650 3383 4690 sermones
3434 4635 3554 4705 ejus
3585 4655 3600 4691 :

2051 4722 2098 4775 si
2131 4729 2308 4783 autem
2339 4738 2464 4793 erga
2497 4712 2771 4779 sensibile
2803 4723 3019 4779 Davidis
3058 4739 3282 4793 regnum
3330 4726 3443 4779 reri
3494 4709 3604 4782 non

2048 4812 2408 4881 reperiantur,
2441 4820 2608 4867 restat
2653 4821 2711 4887 ut
2743 4813 2850 4865 alio
2884 4811 3044 4866 modo
3092 4814 3360 4883 promissa
3405 4815 3604 4869 intelli-

2046 4904 2421 4981 gamusguis
2459 4905 2547 4959 ille
2581 4905 2774 4959 modus
2804 4905 2893 4969 sit,
2918 4904 3073 4959 docet
3105 4906 3355 4974 superius
3384 4905 3603 4963 divinus

2051 4994 2306 5066 Spiritus,
2336 4984 2457 5051 cum
2487 4995 2687 5049 dicitur
2717 5015 2730 5048 :
2765 4994 2830 5048 In
2854 4996 2980 5049 cielo
2999 4996 3382 5065 prmparabilur
3413 5001 3602 5053 veritas
3694 5030 3695 5033 η

2049 5094 2178 5149 ιιιο;
2213 5099 2276 5138 ac
2303 5099 2517 5137 rursum
2546 5102 2559 5137 :
2584 5081 2985 5155 Conﬁtebuntur
3026 5088 3143 5140 caeli
3166 5087 3435 5140 mirabilia
3468 5097 3557 5139 tua
3582 5127 3597 5152 ,

2046 5173 2286 5234 Domine,
2314 5172 2503 5224 etenim
2555 5174 2822 5227 veritatem
2856 5185 3000 5229 tuam
3049 5177 3104 5241 in
3144 5176 3360 5229 ecclesia
3389 5186 3600 5227 sancto-

2047 5280 2195 5327 rum;
2223 5264 2526 5333 iterumque
2559 5284 2572 5319 :
2602 5264 2795 5320 Potens
2815 5283 2891 5329 es,
2910 5267 3161 5331 Domine,
3193 5277 3242 5320 et
3284 5244 3493 5320 veritas,
3508 5278 3601 5321 tua

2046 5356 2104 5407 in
2133 5353 2355 5407 circuitu
2390 5362 2515 5419 tuo;
2544 5362 2597 5410 et
2635 5372 2851 5412 rursum
2873 5396 2889 5422 ,
2927 5356 3296 5411 Misericordia
3323 5364 3375 5410 et
3401 5333 3597 5411 veritas

2042 5443 2328 5512 prandent
2355 5444 2543 5512 faciem
2574 5456 2742 5501 tuam.
2785 5446 2909 5505 Haec
2961 5450 3158 5518 quippe
3194 5447 3374 5501 omnia
3416 5446 3601 5501 decla-

2045 5543 2185 5599 rant,
2211 5532 2301 5588 Dei
2329 5536 2596 5603 promissa
2640 5553 2916 5613 nunquam
2947 5539 3101 5593 irrita
3127 5553 3251 5594 esse
3275 5579 3291 5603 ,
3343 5541 3438 5594 sed
3490 5557 3598 5609 qua

2042 5627 2158 5697 ipse
2184 5626 2333 5679 novit
2358 5628 2565 5682 ratione
2609 5628 2842 5697 impleri.
2871 5627 3028 5692 Nam,
3063 5628 3131 5684 In
3160 5631 3287 5684 caelo
3312 5671 3328 5697 ,
3379 5632 3557 5700 inquit
3580 5670 3595 5693 ,

2043 5715 2427 5797 ρτωρανσὸἰιαν
2472 5720 2659 5780 veritas
2720 5728 2853 5772 tua:
2882 5728 3064 5789 aperte
3117 5720 3426 5791 signiﬁcans
3486 5736 3600 5775 ca:-

2044 5808 2217 5863 lestes
2246 5820 2309 5859 ac
2340 5807 2550 5863 divinas
2593 5823 2714 5863 esse
2756 5807 2848 5863 Dei
2888 5810 3295 5879 promissiones.
3340 5809 3416 5861 Ac
3476 5824 3601 5863 ver-

2047 5899 2235 5952 borum
2269 5897 2655 5967 complcmenta
2676 5897 2969 5953 declaravit
2999 5914 3091 5973 per
3122 5900 3458 5966 salvatorem
3492 5914 3596 5955 no-
