4372 6450
856 533 985 586 illi

1534 529 1794 586 EUSEBII
1816 530 2280 587 CESARIENSIS
2315 533 2461 589 OPP.
2502 534 2675 587 PARS
2711 533 2793 589 ΠΙ.
2831 563 2903 577 -
2938 534 3331 589 EXEGETICA.

3882 532 4019 585 Mli

860 655 1028 699 strum
1061 643 1237 697 Jesum
1268 644 1655 710 Christum,_ex
1703 644 1903 697 semine
1934 641 2151 697 Davidis
2172 651 2347 697 ortum
2369 684 2384 710 ,
2413 663 2455 717 Α
2486 662 2549 697 τα
2582 667 2586 678 ·

2297 658 2347 697 In
2369 684 2384 710 ,
2413 663 2455 717 Α
2486 662 2549 697 τα
2582 647 2953 715 παραστατικὰ
2982 646 3229 715 τυγχάνει
3257 644 3348 697 τοῦ
3384 644 3454 714 μὴ
3501 644 3876 712 διαψεύσασθαι
3922 644 4018 707 τὰς

860 740 1091 804 perfecta
1114 752 1266 791 esse:
1304 752 1426 789 nam
1464 736 1623 803 hujus
1664 749 1882 803 regnum
1915 744 1965 787 et
1998 734 2243 796 thronus,
2275 750 2383 789 non

861 828 1149 889 humanus,
1170 841 1342 894 neque
1370 842 1437 877 ex
1470 825 1573 877 hoc
1605 823 1805 876 mundo
1838 830 1970 877 erat.
2008 822 2381 878 ldcircodice-

860 918 948 969 bat
982 916 1149 969 Pilato
1180 935 1190 968 :
1246 915 1473 981 Regnum
1497 930 1663 965 meum
1694 930 1792 966 non
1813 922 1889 966 est
1914 928 1975 965 ea:
1990 913 2084 965 hoc
2101 913 2290 964 mundo
2313 912 2378 966 ⁸⁸.

863 1004 1176 1080 Sciscitante
1200 1016 1375 1058 autem
1403 1005 1509 1065 illo,
1542 1020 1667 1056 num
1698 1019 1787 1056 rex
1814 1011 1974 1065 esset,
1994 1004 2286 1071 respondit,
2317 1002 2381 1057 In

856 1097 951 1150 hoc
976 1109 1131 1149 natus
1159 1112 1289 1148 sum.
1321 1096 1484 1163 Igitur
1531 1096 1574 1147 si
1624 1094 1676 1146 in
1709 1094 1809 1147 hoc
1842 1101 2000 1147 natus
2032 1102 2144 1156 est,
2188 1095 2239 1146 in
2280 1094 2382 1147 hoc

855 1182 1108 1236 manebit.
1140 1180 1273 1234 Huic
1331 1196 1488 1250 porro
1549 1182 1779 1253 sermo’hi
1839 1180 2203 1234 testimonium
2234 1181 2383 1233 affert

852 1271 943 1339 qui
988 1276 1161 1323 ortum
1194 1269 1307 1339 ejus
1335 1268 1538 1339 Virgini
1590 1269 1835 1337 promisit
1878 1269 2109 1343 angelus,
2138 1268 2377 1330 Gabriel,

851 1357 942 1428 qui
970 1357 1103 1413 dixit
1134 1358 1181 1411 ei
1208 1356 1325 1409 :.Et
1352 1374 1464 1410 ecce
1501 1358 1751 1425 coneipies
1774 1358 1827 1409 in
1856 1364 2018 1421 utero,
2041 1343 2101 1410 et.
2119 1359 2308 1423 paries,
2334 1369 2382 1410 et

850 1446 1051 1501 vocabis
1082 1464 1259 1501 nomen
1280 1448 1389 1514 ejus
1418 1445 1617 1500 Jesum.
1653 1446 1751 1499 Hic
1778 1448 1877 1499 erit
1914 1462 2146 1515 magnus,
2170 1455 2217 1499 et
2240 1447 2379 1513 ﬁlius

852 1536 1106 1590 Altissimi
1137 1538 1416 1590 vocabitur.
1450 1536 1517 1589 Et
1563 1536 1706 1589 dabit
1736 1537 1817 1588 illi
1841 1535 1979 1589 Deus
2003 1536 2239 1587 thronum
2271 1536 2380 1588 Da-

851 1626 933 1679 vid
956 1630 1117 1695 patris
1143 1630 1245 1691 sui,
1271 1638 1319 1681 et
1350 1629 1579 1697 regnabit
1620 1630 1671 1680 in
1700 1637 1967 1690 wternum,
1997 1636 2046 1680 et
2080 1630 2221 1696 regni
2269 1628 2381 1695 ejus

852 1734 949 1771 non
976 1715 1073 1772 erit
1101 1719 1221 1787 ﬁnis
1245 1719 1308 1772 δ’.
1341 1718 1398 1772 ln
1442 1720 1543 1772 hoc
1566 1720 1766 1787 'itaque
1810 1726 1969 1773 natus
2001 1725 2114 1784 est;
2174 1719 2268 1772 sed
2296 1733 2381 1771 re—

842 1824 1006 1877 gnum
1040 1807 1159 1878 ejus
1210 1824 1315 1865 non
1356 1820 1471 1865 erat
1514 1826 1576 1864 ex
1629 1810 1731 1863 hoc
1764 1808 2003 1862 mundo:
2057 1823 2179 1861 nam
2219 1809 2379 1876 hujus

849 1897 1030 1951 mundi
1060 1912 1281 1968 regnum
1325 1914 1431 1953 non
1462 1907 1635 1969 potest
1666 1900 1721 1951 in
1752 1907 2008 1952 aeternum
2039 1898 2253 1959 durare,
2289 1913 2380 1951 ne-

2446 768 2451 772 ~
2482 736 2573 788 τοῦ
2600 736 2730 788 Θεοῦ
2761 736 3101 803 ἐπαγγελίας,
3129 733 3454 804 πληροῦσθαι
3484 735 3539 786 δὲ
3566 734 3751 798 αὑτὰς,
3783 735 3903 788 καθ’
3924 736 4018 798 οὒς

2481 821 2584 877 οἵδε
2604 824 2805 893 λόγους.
2838 826 2938 878 Ἔν
2958 825 3063 893 γὰρ
3086 823 3163 889 τῷ
3182 824 3438 890 οὐρανῷ,
3463 824 3643 894 φησὶν,
3669 824 4014 891 ἐτοιμασθή-

2479 928 2644 967 σεται
2686 916 2723 979 ἡ
2769 914 3009 981 ἀλήθειά
3052 930 3199 966 σου·
3236 913 3415 980 σαφῶς
3457 913 3629 983 δηλῶν
3668 915 4015 982 ἐπουρανίους

2480 1000 2613 1055 εἶναι
2642 1004 2733 1055 καὶ
2758 1004 2899 1064 θείας
2923 1003 3019 1065 τὰς
3047 1002 3139 1054 τοῦ
3172 1002 3303 1054 Θεοῦ
3337 1003 3678 1068 ἐπαγγελίας.
3724 1004 3831 1055 Καὶ
3878 1022 4013 1075 παρ-

2481 1092 2671 1161 έστηκε
2702 1092 2804 1143 τῶν
2824 1091 2990 1158 λόγων
3022 1090 3089 1143 τὰ
3121 1091 3525 1161 ἀποτελέσματα
3545 1092 3629 1144 διὰ
3656 1092 3747 1144 τοῦ
3768 1093 4014 1163 Σωτῆρος

2478 1183 2631 1251 ἡμῶν
2669 1183 2835 1251 Ἰησοῦ
2880 1181 3110 1251 Χριστοῦ
3151 1180 3242 1233 τοῦ
3293 1182 3577 1251 γενομένου
3620 1184 3681 1235 ἐκ
3708 1182 4012 1252 σπέρματος

2480 1271 2637 1323 Δαυῒδ
2668 1272 3057 1342 πεπληρωμένα
3076 1289 3088 1303 ο
3114 1274 3296 1324 τούτου
3323 1273 3427 1342 γὰρ
3448 1274 3481 1341 ἡ
3514 1255 3750 1339 βασιλεία
3773 1271 3865 1324 καὶ
3888 1271 4010 1342 θρό-

2480 1377 2565 1421 νος
2592 1360 2690 1412 οὐκ
2726 1360 3053 1431 ἀνθρώπινος
3083 1357 3149 1431 ἦν
3170 1402 3185 1426 ,
3217 1361 3335 1413 οὐδέ
3362 1365 3424 1414 ἐκ
3460 1361 3550 1414 τοῦ
3576 1363 3777 1432 κόσμου
3803 1360 4008 1415 τούτου.

2477 1449 2564 1501 Διὸ
2594 1449 2771 1516 ἔλεγεν
2802 1450 2889 1501 ἐπὶ
2912 1449 3002 1503 τοῦ
3027 1451 3251 1504 Πιλάτου
3268 1470 3282 1482 ν
3309 1452 3377 1505 Ἡ
3392 1451 3675 1515 βασιλεία
3702 1452 3741 1517 ἡ
3770 1451 3881 1519 ἐμὴ
3904 1456 4011 1505 οὐκ

2476 1537 2643 1588 ἔστιν
2668 1537 2735 1588 ἐκ
2763 1537 2868 1589 τοῦ
2900 1538 3125 1605 κόσμου
3156 1540 3383 1591 τούτου.
3454 1538 3773 1609 Ἐρωτηθείς
3817 1555 3876 1591 τε
3920 1541 4009 1593 ὑπ’

2477 1622 2635 1675 αὑτοῦ
2666 1628 2712 1677 εί
2746 1622 2989 1690 βασιλεὺς
3033 1626 3113 1694 εἴη
3134 1662 3148 1686 ,
3182 1625 3535 1693 ἀπεκρίνατο,
3576 1626 3679 1688 Εἰς
3710 1624 3883 1677 τοῦτο
3915 1628 4008 1679 καὶ

2476 1715 2837 1783 γεγέννημαι.
2889 1713 3094 1766 Οὐκοῦν
3120 1715 3166 1765 εἰ
3193 1714 3524 1783 γεγέννηται,
3556 1716 3701 1782 μενεῖ
3731 1715 3811 1777 είς
3832 1715 4008 1767 τοῦτο.

2476 1805 2583 1857 Καὶ
2615 1807 2875 1874 μαρτυρεῖ
2897 1804 2970 1872 τῷ
2994 1805 3133 1872 λόγῳ
3160 1806 3189 1856 6
3210 1806 3303 1873 τὴν
3335 1805 3540 1871 γένεσιν
3570 1804 3730 1856 αὐτοῦ
3763 1808 3829 1875 τῇ
3866 1807 4009 1876 [lap-

2477 1894 2611 1963 θένω
2640 1894 3117 1963 εὐαγγελισάμενος
3143 1894 3366 1961 ἄγγελος
3392 1898 3419 1946 ὁ
3440 1894 3672 1964 Γαὸριὴλ
3694 1894 3859 1947 εἰπὼν
3880 1897 4013 1965 πρὸς

846 2002 948 2053 que
976 1988 1077 2042 line
1108 1997 1275 2052 caret,
1310 2004 1481 2057 neque
1526 1989 1579 2041 in
1614 1988 1878 2041 intinitum
1931 1986 2267 2052 extenditur;
2301 2000 2379 2039 re-
2406 1989 2446 2040 B
2476 1984 2571 2035 αὐτ

2301 2000 2379 2039 re-
2406 1989 2446 2040 B
2476 1984 2664 2052 αὑτήν·
2720 1983 2828 2036 Καὶ
2864 1984 2989 2035 ἰδοὺ
3022 1983 3310 2050 συλλήψῃ
3341 1984 3410 2035 ἐν
3438 1984 3674 2051 γαστρὶ,
3722 1984 3815 2036 καὶ
3845 1984 4009 2051 τέξῃ,

848 2092 1006 2141 gnum
1027 2092 1153 2131 vero
1181 2078 1368 2132 semini
1396 2077 1609 2131 Davidis
1635 2076 1956 2145 promissum
1981 2085 2238 2130 aeternum
2259 2083 2374 2130 erat

2476 2073 2570 2125 καὶ
2588 2072 2857 2137 καλέσεις
2879 2064 2954 2124 τὸ
2965 2074 3145 2140 ὄνομα
3166 2073 3346 2126 αὐτοῦ
3374 2074 3629 2138 Ἰησοῦν.
3649 2069 3831 2138 Οὗτος
3846 2074 4013 2127 ἕσται

846 2170 897 2215 et
922 2164 1254 2217 immortale:
1286 2166 1359 2216 ait
1383 2165 1556 2229 enim,
1597 2163 1664 2217 Et
1716 2166 1927 2217 thronus
1957 2164 2067 2230 ejus
2112 2164 2210 2216 erit
2241 2164 2373 2215 sicut
2470 2162 2572 2231 μέγ

2286 2166 2373 2214 ται
2470 2162 2671 2231 μέγας,
2704 2162 2798 2214 καὶ
2830 2163 2955 2226 υίὸς
2983 2164 3269 2229 Ὑψίστου
3299 2165 3677 2231 κληθήσεται.
3709 2166 3819 2217 Καὶ
3840 2164 4012 2217 δώσει

847 2252 925 2301 sol
959 2252 1010 2301 in
1040 2263 1306 2317 conspectu
1332 2268 1460 2314 meo,
1482 2260 1531 2304 et
1556 2253 1688 2304 sicut
1733 2250 1857 2305 luna
1886 2252 2115 2324 perfecta
2143 2252 2197 2303 in
2226 2259 2374 2304 azter-
2410 2250 2413 2251 ⁷

848 2354 989 2400 num,
1018 2346 1067 2390 et
1097 2340 1237 2391 testis
1260 2340 1309 2389 in
1339 2340 1462 2391 calo
1492 2340 1681 2406 ﬁdelis.

2477 2245 2630 2307 αὐτῷ
2656 2250 2686 2297 ό
2722 2246 2859 2310 Θεὸς
2882 2249 2985 2298 τὸν
3010 2250 3221 2314 θρόνον
3241 2250 3418 2302 Δαυῒδ
3438 2251 3540 2303 τοῦ
3563 2253 3779 2318 πατρὸς
3805 2252 4009 2313 αὐτοῦ,

2478 2336 2573 2387 καὶ
2598 2335 2951 2396 βασιλεύσει
2983 2338 3065 2399 εὶς
3089 2336 3194 2389 τὸν
3220 2337 3418 2401 αἰῶνα,
3455 2339 3677 2406 καὶτῆς
3695 2340 4013 2404 βασιλείας

846 2426 1028 2479 αὑτοῦ
1064 2430 1171 2480 οὐκ
1198 2428 1363 2481 ἔσται
1390 2430 1578 2493 τέλος.
1609 2430 1926 2498 Γεγέννηται
1946 2431 2121 2483 τοίνυν
2139 2428 2216 2494 είς
2231 2429 2405 2489 τοῦτο,
2436 2425 2546 2479 ἀλλ’
2569 2424 2665 2476 οὐκ
2695 2418 2762 2492 ἦν
2794 2426 2825 2482 ὴ
2855 2422 3091 2490 βασιλεία
3145 2426 3308 2479 αὐτοῦ
3344 2430 3407 2479 ὲκ
3426 2426 3516 2479 τοῦ
3545 2429 3744 2497 κόσμου
3788 2429 3974 2500 τούτου
3993 2449 4006 2461 ·

847 2518 878 2582 ἡ
910 2517 1004 2583 μὲν
1031 2516 1136 2585 γάρ
1162 2515 1251 2569 τοῦ
1273 2518 1469 2587 κόσμου
1490 2518 1673 2569 τούτου
1701 2519 1938 2587 βασιλεία
1960 2522 2055 2589 οὐχ
2077 2520 2161 2573 οἵα
2180 2520 2236 2571 τέ
2258 2522 2367 2571 ἐστι
2396 2519 2629 2587 διαρκεῖν
2664 2516 2741 2575 εἰς
2770 2515 2857 2565 τὸν
2898 2514 3063 2566 αίῶνα
3087 2553 3100 2577 ,
3146 2514 3252 2582 ουδ’
3302 2517 3446 2569 ἐστὶν
3489 2516 3832 2586 άτελεύτητος
3853 2558 3867 2580 ,
3903 2505 4008 2569 οὐδ’

848 2610 925 2667 εἰς
956 2607 1012 2658 τὸ
1047 2607 1265 2674 ἄπειρον
1289 2608 1627 2676 ἐκτεινομένη
1647 2626 1658 2639 ο
1688 2610 1720 2677 ἡ
1747 2608 1801 2660 δὲ
1831 2609 1907 2679 τῷ
1934 2612 2203 2682 σπέρματι
2224 2609 2381 2662 Δαυῖδ
2409 2607 2779 2678 ἐπηγγελμένη
2814 2607 3053 2677 βασιλεία
3083 2606 3292 2669 αἰώνιός
3333 2623 3415 2670 τις
3463 2604 3529 2676 ἦν
3578 2608 3665 2661 καὶ
3709 2608 3965 2669 ἀθάνατος
3989 2625 4003 2635 ·

846 2695 951 2748 Καὶ
985 2689 1017 2746 δ
1054 2696 1277 2759 θρόνος,
1302 2698 1405 2767 γάρ
1434 2714 1612 2766 φησιν,
1656 2702 1832 2755 ,ἔσται
1889 2705 2069 2757 αὐτοῦ
2096 2705 2173 2771 ὠς
2212 2704 2378 2771 ἥλιος
2408 2705 2653 2756 ἐνώπιόν
2683 2721 2828 2771 μου,
2856 2704 2951 2755 καὶ
2978 2703 3055 2765 ὡς
3078 2703 3115 2769 ἡ
3174 2700 3401 2768 σελήνη
3449 2701 3875 2771 κατηρτισμένη
3923 2706 4011 2768 είς

845 2783 950 2834 τὸν
975 2783 1172 2847 αὶῶνα,
1196 2786 1291 2837 καὶ
1314 2784 1346 2839 ὀ
1375 2786 1601 2855 μάρτυς
1623 2791 1692 2843 ἐν
1723 2794 1950 2859 οὐρανῷ
1987 2797 2216 2860 πιστός.
3460 2826 3465 2831 ‘

915 2892 1063 2948 Talia
1098 2908 1259 2965 porro
1303 2906 1573 2967 suntquae
1620 2901 1822 2972 Virgini
1856 2904 1921 2959 de
1968 2906 2075 2960 tilio
2100 2922 2164 2961 ex
2190 2921 2247 2959 se
2280 2919 2375 2959 ua-
2540 2902 2641 2953 Τοιε

2283 2919 2375 2959 na.
2540 2899 2771 2953 Τοιαῦτα
2802 2900 2857 2951 δέ
2882 2898 3133 2967 τυγχάνει
3156 2896 3222 2950 τὰ
3259 2900 3351 2950 καὶ
3375 2899 3439 2967 τῇ
3464 2899 3719 2967 Παρθένῳ
3743 2900 4009 2967 ἐπηγγελ-

847 2983 1047 3037 scituro
1086 2988 1348 3053 promissa
1388 2998 1533 3042 sunt.
1566 2990 1793 3046 Oracula
1823 2994 1961 3047 enim
2009 2996 2111 3063 ipsi
2147 2996 2373 3052 fundens
2476 2980 2571 3060 μλέν

2281 3012 2373 3052 ens
2476 2980 2605 3060 μένα
2632 2989 2755 3059 περῖ¹
2779 2988 2869 3040 τοῦ
2899 2986 2956 3051 ἐξ
2980 2988 3143 3056 αὐτῆς
3164 2987 3633 3056 γεννηθησομένου.
3652 2986 4007 3056 Χρηματίζων

846 3077 1082 3144 angelus,
1112 3077 1223 3129 haec
1252 3078 1519 3144 pollicitus
1545 3088 1626 3134 est
1651 3100 1663 3134 :
1694 3080 1762 3133 Et
1790 3083 1933 3136 dabit
1962 3084 2041 3136 illi
2068 3084 2207 3139 Deus
2232 3070 2373 3138 thro-
2473 3078 2568 3147 γοῦ

2278 3103 2373 3138 [το-
2473 3078 2600 3147 γοῦν
2625 3079 2757 3147 αὐτῇ
2790 3078 2817 3129 ὁ
2847 3076 3069 3143 ἄγγελος
3090 3074 3441 3143 ἐπηγγείλατο
3468 3074 3635 3142 λέγων
3653 3092 3667 3105 ο
3693 3076 3803 3129 Kal
3830 3076 4004 3130 δώσει

847 3171 969 3216 nunt
995 3164 1158 3216 David
1195 3168 1359 3231 patris
1388 3169 1520 3234 ejus.
1554 3168 1737 3234 Qualis
1764 3186 1889 3225 vero
1906 3172 2055 3227 illeet
2073 3154 2372 3242 cujusmodi
2469 3171 2573 3220 αὐτ

2278 3175 2372 3229 ιοάί
2469 3166 2627 3231 αὑτῷ
2650 3170 2682 3221 ὀ
2716 3166 2855 3231 Θεὸς
2880 3166 2984 3218 τὸν
3007 3166 3216 3243 θρόνογ
3238 3163 3416 3217 Δαυῒδ
3436 3164 3539 3219 τοῦ
3562 3164 3779 3230 πατρὸς
3803 3166 4004 3220 αὑτοῦ.

846 3267 1007 3319 esset,
1040 3258 1138 3313 sub
1160 3259 1270 3313 haec
1302 3261 1531 3328 explicat
1553 3261 1756 3329 dicens,
1786 3260 1855 3314 Et
1886 3264 2117 3332 regnabit
2147 3267 2199 3317 in
2224 3276 2373 3320 ceter-
2472 3259 2572 3331 Ποῖί

2279 3276 2373 3320 [εν.
2472 3259 2623 3331 Ποῖος
2653 3258 2708 3309 δέ
2748 3250 2897 3319 οὗτος
2943 3258 3033 3309 καὶ
3066 3255 3300 3317 ποταπὸς
3330 3250 3428 3324 ἦν,
3480 3254 3604 3323 tea;
3632 3254 4005 3325 διερμηνεύσει

850 3364 987 3410 num,
1012 3357 1059 3400 et
1092 3350 1232 3416 regni
1256 3349 1366 3415 ejus
1393 3367 1491 3415 non
1530 3352 1625 3403 erit
1654 3353 1793 3419 ﬁnis.
1822 3350 1966 3408 Talis
2005 3355 2093 3406 ille
2148 3354 2370 3409 thronus
2398 3336 2440 3390 ε
2474 3350 2576 3415 φάει

2279 3371 2370 3409 nus
2398 3336 2440 3390 (ἶ
2474 3350 2688 3415 φάσκων
2708 3364 2721 3377 ·
2766 3348 2872 3400 Kal
2899 3348 3251 3409 βασιλεύσει
3274 3349 3360 3412 είς
3377 3346 3482 3398 τόν
3510 3344 3689 3397 αἰῶνα
3709 3384 3722 3405 ,
3766 3346 3864 3433 καί
3895 3362 4005 3414 της

850 3445 985 3501 erat,
1016 3453 1170 3506 quem
1205 3438 1386 3492 Davidi
1420 3440 1560 3494 Deus
1600 3456 1720 3494 cum
1767 3444 2070 3511 juramento
2104 3447 2369 3513 pollicitus
2467 3436 2576 3498 βαε

2285 3457 2369 3501 ius
2467 3435 2783 3499 βασιλείας
2825 3430 3006 3487 αὑτοῦ
3036 3435 3145 3485 οὐκ
3175 3433 3341 3485 ἔσται
3371 3434 3565 3497 τέλος.
3594 3429 3839 3496 Τοιοῦτος
3868 3434 3915 3485 δ’
3940 3429 4006 3502 ἦν

852 3532 943 3579 est.
972 3524 1123 3591 Quod
1158 3527 1438 3581 declarans
1476 3531 1722 3598 angelus,
1772 3535 2046 3587 'oraculum
2101 3550 2253 3588 suum
2290 3538 2369 3590 in.

850 3621 1165 3682 terpretatus
1192 3627 1303 3671 est:
1336 3620 1507 3685 primo
1530 3619 1742 3687 quidem
1770 3620 1973 3684 dicens,
2005 3621 2071 3673 Et
2110 3622 2253 3675 dabit
2293 3626 2373 3677 illi

852 3700 983 3758 Deus
1005 3702 1240 3757 thronum
1271 3704 1438 3765 David
1466 3709 1629 3773 patris
1669 3708 1817 3774 ejus;
1850 3705 2042 3777 postea
2063 3726 2189 3764 vero
2231 3714 2369 3781 adjir

851 3790 1015 3851 ciens,
1043 3789 1109 3842 Et
1139 3792 1367 3858 regnabit
1401 3794 1452 3844 in
1483 3802 1746 3855 internum,
1772 3806 1820 3849 et
1845 3799 1986 3865 regni
2006 3800 2115 3865 ejus
2145 3816 2244 3852 non
2274 3803 2372 3854 erit

848 3879 982 3943 ﬁnis.
1018 3876 1137 3931 Haec
1171 3893 1328 3947 opere
1351 3882 1611 3949 completa
1648 3893 1771 3936 sunt
1801 3886 1851 3937 in
1885 3884 2155 3943 Salvatore
2188 3898 2371 3943 nostro

846 3966 991 4029 lesu,
1017 3965 1231 4021 Christo
1264 3970 1372 4034 Dei,
1400 3973 1491 4039 qui
1521 3988 1585 4025 ex
1631 3974 1835 4027 semine
1874 3974 2038 4028 David
2062 3984 2231 4037 ortus,
2268 3980 2368 4031 iiu-

848 4061 1018 4119 perat,
1047 4054 1214 4123 legem
1249 4056 1356 4121 dat,
1382 4067 1429 4111 et
1462 4070 1645 4129 regnat
1686 4062 1739 4114 in
1766 4062 2018 4117 universo
2065 4066 2233 4129 orbe;
2264 4084 2369 4121 non

848 4144 1079 4195 humano
1105 4145 1315 4211 quidem
1350 4149 1509 4202 modo
1533 4190 1547 4212 ,
1597 4150 1689 4205 sed
1732 4152 1911 4205 divina
1938 4154 2171 4225 virtute:
2205 4164 2257 4209 et
2288 4174 2370 4211 se-

850 4246 968 4283 men
1002 4231 1118 4298 ejus
1141 4248 1262 4286 vere
1285 4235 1336 4287 in
1368 4239 1618 4291 saculum
1650 4247 1864 4306 manet;
1894 4240 1948 4294 id
1976 4252 2077 4304 est,
2101 4245 2373 4299 successio

846 4320 963 4387 ejus
984 4361 997 4383 ,
1034 4337 1151 4389 quae
1181 4338 1273 4390 per
1301 4326 1568 4391 apostolos
1600 4335 1654 4387 et
1682 4328 1976 4400 discipulos
2004 4332 2174 4399 ipsius
2201 4341 2370 4387 totum

847 4406 1030 4478 implet
1054 4414 1338 4477 mundum;
1368 4415 1479 4467 sive
1512 4404 1827 4472 rationabile
1854 4422 2090 4476 cmlestis
2119 4421 2372 4478 doctrina:

846 4499 963 4568 ejus
994 4516 1193 4555 semen.
1253 4503 1351 4557 Sed
1383 4506 1541 4559 etiam
1591 4488 1814 4563 thronus
1866 4510 1982 4578 ejus
2029 4512 2158 4565 solis
2206 4502 2383 4568 instar'

848 4590 1165 4658 resplendet,
1200 4593 1469 4648 hominum
1510 4600 1715 4654 animas
1766 4599 2072 4656 illuminans
2117 4615 2169 4656 ct
2212 4605 2372 4657 radiis

847 4675 1139 4733 illustrans.
1169 4679 1290 4735 Hinc
1321 4688 1673 4749 porroomnia
1709 4688 1818 4756 jam
1851 4690 1915 4742 ad
1938 4690 2177 4745 effectum
2212 4693 2377 4745 dedu-

847 4773 931 4817 cta
963 4774 1105 4826 sunt,
1135 4776 1186 4820 et
1218 4771 1268 4822 in
1298 4771 1412 4826 dies
1438 4772 1696 4829 hactenus
1726 4777 2037 4845 implentur,
2075 4782 2371 4834 secundum

845 4869 909 4907 ea
939 4870 1056 4923 qua:
1088 4854 1269 4911 Davidi
1296 4861 1498 4927 juravit
1544 4860 1703 4919 Deus.
1742 4864 1938 4921 Verum
1982 4874 2231 4938 quoniam
2267 4887 2375 4925 non

849 4942 1080 4995 humano
1101 4944 1226 5007 ritu,
1251 4962 1419 5016 neque
1439 4951 1731 5005 secundum
1779 4972 1977 5012 morem
2014 4976 2194 5030 regum
2220 4977 2372 5014 mun-

848 5029 1128 5113 danorum,
1159 5032 1271 5086 haec
1298 5040 1558 5103 promissa
1603 5041 1658 5096 in
1700 5029 2102 5103 successoribus
2156 5049 2372 5106 Davidis

850 5118 1064 5188 impleta
1097 5130 1256 5188 sunt;
1294 5139 1464 5193 neque
1491 5130 1543 5181 in
1575 5131 1689 5198 ipso
1724 5131 1997 5189 Salvatore
2018 5147 2221 5203 nostro,
2254 5155 2374 5193 cor-

851 5221 1011 5275 poreo
1037 5224 1183 5264 more
1213 5210 1369 5265 linem
1411 5228 1766 5283 acceperunt,
1821 5220 1945 5289 quia
1998 5238 2220 5293 regnum
2256 5227 2373 5293 ejus

851 5305 957 5345 non
992 5293 1090 5347 fuit
1116 5311 1181 5350 ex
1207 5297 1309 5353 hoc
1355 5302 1574 5365 mundo,
1605 5309 1896 5374 neque'ille
1925 5308 1977 5361 in
2004 5314 2239 5366 sensibili
2272 5314 2373 5365 Da-

848 5382 990 5436 vidis
1022 5382 1213 5439 throno
1239 5388 1409 5456 sedit;
1445 5384 1552 5443 imo
1600 5409 1724 5449 vero
1774 5397 2099 5451 cOntrarium
2153 5402 2370 5467 accidit,

850 5470 1163 5526 adveniente
1193 5478 1439 5543 passione
1467 5480 1582 5549 ejus
1607 5499 1619 5546 ;
1654 5482 1765 5536 haec
1793 5484 1908 5553 ipsa
1941 5485 2152 5545 divinus
2181 5499 2233 5544 et
2251 5506 2375 5559 pro-

851 5564 1093 5629 pbeticus
1136 5558 1365 5632 Spiritus
1407 5569 1527 5637 jure
1579 5586 1639 5626 ac
1697 5574 1885 5628 merito
1936 5558 2257 5647 declaravit,
2306 5580 2372 5635 ad

853 5652 1286 5737 perquisitionem
1341 5648 1813 5727 consummationis
1854 5663 2057 5718 divini
2111 5670 2371 5725 sermonis

921 5800 965 5830 ⁵⁸
999 5800 1151 5857 που..
1187 5821 1347 5866 mu,
1383 5808 1467 5863 36.
1541 5812 1586 5844 δ’
1623 5810 1734 5866 Luc
1767 5827 1816 5880 ι,
1849 5815 2031 5870 31-55.

2472 3526 2501 3575 6
2520 3523 2595 3591 τῷ
2612 3524 2767 3575 Δαυῒδ
2796 3522 2908 3593 μεθ’
2926 3521 3263 3591 ὁρκωμοσίας
3285 3522 3387 3573 ὑπὸ
3410 3521 3499 3574 τοῦ
3521 3521 3653 3574 Θεοῦ
3679 3523 4007 3593 ἐπηγγελμέ-

2474 3630 2577 3676 νος.
2616 3615 2677 3665 Ὂ
2702 3613 2762 3682 δὴ
2795 3612 3056 3682 παριστὰς
3084 3612 3323 3679 ἄγγελος,
3346 3612 3666 3682 διηρμήνευε
3697 3614 3785 3665 τὸν
3813 3613 4002 3667 ἐαυτοῦ

2474 3702 2743 3774 χρησμόν⁹
2775 3704 3030 3771 πρότερον
3062 3701 3155 3771 μὲν
3179 3700 3342 3753 εἰπὼν
3363 3741 3376 3765 ,
3407 3701 3515 3756 Kal
3558 3701 3731 3756 δώσει
3773 3701 3930 3767 αὐτῷ
3972 3706 4007 3756 ό

2476 3794 2615 3861 Θεὸς
2643 3795 2746 3846 τὸν
2786 3796 2994 3859 θρόνον
3041 3780 3216 3845 ΔαυῒίίΔ
3266 3796 3368 3848 τοῦ
3400 3796 3619 3863 πατρὸς
3645 3797 3828 3850 αὐτοῦ
3850 3817 3869 3830 θ
3908 3795 4008 3864 εἷθ’

2475 3883 2599 3951 ἑξῆς
2618 3883 2924 3951 ἐπαγαγὼν,
2947 3885 3050 3936 Καὶ
3066 3884 3418 3945 βασιλεύσει
3454 3888 3540 3950 είς
3561 3888 3665 3941 τὸν
3683 3887 3884 3951 αίῶνα,
3912 3889 4009 3941 καὶ

2475 3972 2581 4040 τῆς
2603 3964 2919 4036 βασιλείας
2942 3974 3123 4025 αὑτοῦ
3161 3975 3268 4026 οὐκ
3302 3972 3467 4025 ἔσται
3494 3972 3683 4039 τέλος.
3741 3976 3922 4028 ταῦτα
3951 3978 4008 4028 δὲ

2473 4065 2581 4123 τοῖς
2603 4063 2778 4133 ἔργοις
2805 4061 3119 4131 ἐπληροῦτο,
3146 4063 3225 4125 είς
3254 4061 3344 4114 τὸν
3374 4062 3633 4149 ἡμέτερρν
3661 4065 3880 4133 Σωτῆρα
3909 4067 4011 4135 ’1η-

2477 4151 2598 4204 σοῦν
2618 4190 2631 4214 ,
2659 4152 2748 4204 τὸν
2772 4153 2999 4222 Χριστὸν
3036 4151 3127 4204 τοῦ
3158 4150 3287 4204 Θεοῦ
3306 4193 3320 4216 ,
3352 4152 3410 4215 ὃς
3438 4155 3501 4206 ἐκ
3524 4155 3828 4224 σπέρματος
3850 4159 4011 4212 Δαυῒδ

2475 4240 2704 4308 γεγονὼς
2726 4244 2911 4311 κρατεί
2938 4243 3029 4295 καὶ
3050 4243 3322 4311 νομοθετεῖ
3337 4244 3429 4295 καὶ
3455 4245 3717 4312 βασιλεύει
3741 4247 3865 4299 καθ’.
3882 4248 4008 4319 ὅλης

2472 4332 2571 4399 τῆς
2602 4329 2894 4400 ἀνθρώπων
2925 4333 3242 4401 οἰκουμένης
3262 4373 3275 4396 ,
3323 4335 3421 4385 οὐκ
3450 4335 3795 4406 ἀνθρωπίνως
3815 4379 3829 4400 ,
3875 4337 4011 4390 ἀλλὰ

2478 4419 2627 4487 θεῖκῇ
2657 4418 2874 4486 δυνάμει
2897 4438 2910 4450 ·
2948 4422 3038 4471 καὶ
3064 4421 3123 4472 τό
3166 4438 3223 4473 τε
3252 4422 3465 4491 σπέρμα
3496 4425 3655 4475 αὐτοῦ
3688 4425 3901 4495 ἀληθῶς
3928 4429 4010 4489 είς

2473 4507 2563 4558 τὸν
2597 4508 2761 4559 αίῶνα
2794 4507 2970 4575 μένει·
2999 4509 3113 4578 ἦτοι
3148 4509 3205 4561 τὺ
3227 4510 3324 4577 τῆς
3350 4510 3589 4581 διαδοχῆς
3620 4512 3782 4563 αὑτοῦ
3805 4513 3901 4581 τῆς
3922 4513 4015 4566 δια

2475 4597 2579 4648 τῶν
2625 4596 2927 4653 ἀποστόλων
2971 4597 3130 4650 αὑτοῦ
3174 4599 3266 4650 καὶ
3310 4599 3561 4668 μαθητῶν
3606 4601 3691 4652 τὸν
3724 4600 4014 4669 σύμπαντα

2477 4684 2673 4753 κόσμον
2693 4684 2996 4755 πληρούσης
3009 4702 3022 4716 ’
3049 4686 3081 4754 ἦ
3104 4686 3163 4738 τὸ
3182 4686 3391 4752 λογικὸν
3416 4687 3629 4757 σπέρμα
3647 4688 3745 4759 τῆς
3763 4691 4012 4758 οὐρανίου

2478 4772 2814 4834 διδασκαλίας
2834 4773 3013 4824 αὑτοῦ.
3032 4772 3188 4824 Ἀλλὰ
3205 4773 3295 4825 καὶ
3316 4775 3343 4825 6
3359 4773 3541 4844 θρόνος
3560 4776 3719 4829 αὑτοῦ
3736 4778 3810 4840 ὠς
3823 4780 3850 4831 ὁ
3864 4778 4011 4847 ἥλιος

2477 4861 2739 4930 ἐκλάμπει
2761 4900 2773 4924 ,
2803 4862 3043 4931 φωτίζων
3065 4864 3156 4914 καὶ
3182 4864 3528 4931 καταυγάζων
3555 4866 3651 4929 τὰς
3677 4865 3784 4918 τῶν
3804 4867 4012 4938 ἀνθρώ-

2474 4967 2588 5003 way
2612 4952 2802 5019 ψυχάς.
2836 4950 3013 5003 Ταῦτα
3037 4952 3091 5003 δέ
3116 4953 3287 5006 πάντα
3306 4954 3488 5017 τέλους
3528 4955 3757 5024 ἠξιοῦτο,
3780 4958 3869 5009 καὶ
3898 4961 4009 5011 είσ·ιΔ

2476 5041 2553 5093 ἐτι
2582 5043 2673 5096 νῦν
2708 5041 2999 5111 πληροῦται
3026 5044 3323 5106 ἀκολούθως
3377 5040 3456 5107 οἷς
3482 5045 3687 5114 ὤμοσεν
3715 5048 3742 5097 ὁ
3773 5046 3899 5111 Θεὸς
3931 5049 4008 5118 τῷ

2474 5134 2650 5186 Δαυῒδ.
2726 5133 2853 5185 ’Ἀλλ’
2890 5133 3070 5205 ἐπειδὴ
3099 5134 3170 5205 μὴ
3198 5134 3571 5204 ἀνθρωπίνως,
3609 5135 3737 5205 μηδέ
3767 5139 4010 5207 συνήθως

2475 5225 2583 5285 τοῖς
2607 5224 2743 5277 κατὰ
2761 5224 3037 5295 ἄνθρωπον
3061 5225 3361 5293 βασιλεῦσιν
3380 5225 3456 5285 είς
3477 5224 3598 5286 τοὺς
3624 5226 3891 5295 διαδόχους
3913 5226 4010 5280 τοῦ

2476 5313 2630 5366 Δαυῖδ
2658 5314 2952 5383 ἐπληροῦτο
2976 5316 3040 5368 τὰ
3066 5311 3458 5383 ἐπηγγελμένα,
3484 5313 3593 5365 ἀλλ’
3612 5315 3716 5367 οὐδ’
3737 5317 3822 5368 ἐπ’
3846 5314 4010 5367 αὑτὸν

2474 5402 2562 5469 τὸν
2607 5404 2863 5475 ἡμέτερον
2897 5405 3118 5475 Σωτῆρα
3150 5403 3465 5471 σωματικῶς
3488 5403 3669 5466 τέλους
3698 5404 4007 5472 ἐτύγχανεν,

2475 5493 2592 5544 ἐπεὶ
2619 5492 2691 5563 μὴ
2720 5489 2937 5561 γέγονεν
2965 5493 3123 5547 αὑτοῦ
3148 5496 3181 5562 ή
3206 5492 3443 5561 βασιλεία
3466 5499 3530 5548 hx
3559 5496 3649 5548 τοῦ
3673 5497 3872 5557 κόσμου
3898 5494 4013 5545 τούς

2454 5598 2560 5659 ’του
2582 5620 2596 5644 ,
2630 5582 2747 5651 μηδ’
2784 5585 2872 5636 ἐπὶ
2904 5584 2991 5635 τὸν
3012 5581 3269 5651 αἰσθητὸν
3300 5583 3482 5653 θρόνον
3519 5584 3779 5653 ἐκαθέσθη
3815 5584 3973 5635 Aemi?
3994 5605 4003 5611 ι

2472 5672 2769 5727 τούναντίον
2811 5673 2865 5726 δὲ
2900 5672 3074 5741 ἀπέϐη
3116 5673 3201 5726 διὰ
3232 5674 3289 5727 τὸ
3321 5673 3655 5743 συμβεϐηκὸς
3694 5673 3818 5739 περὶ
3850 5672 3959 5724 αὖτέ
