4372 6404
807 496 946 570 ms

1574 486 1840 547 EUSEBﬂ
1879 482 2350 542 CESARIENSIS
2387 481 2534 536 ()PP.
2567 477 2746 533 PARS
2783 474 2871 529 lll.
2905 503 2974 514 —-
3008 468 3413 524 EXEGETICA.

3872 469 4008 514 H10

806 619 952 661 nitus
979 606 1072 661 Dei
1103 602 1282 658 voc-ari
1314 624 1324 657 :
1355 604 1784 674 quandoquidem
1813 612 1935 656 ante
1963 609 2015 656 et
2042 609 2161 670 post
2193 601 2341 652 illum
2375 607 2415 657 Α
2444 614 2532 664 γον

2272 573 2341 650 Im
2375 607 2415 657 Α
2444 614 2536 664 γον
2549 595 2635 648 τὸν
2651 592 2808 647 Δαυῒδ
2825 591 3026 644 ἐκεῖνον
3041 585 3385 657 Πρωτότοκον
3400 597 3502 651 χρη
3512 595 3612 650 ματ
3622 579 3728 674 ίσαῌι
3749 575 3998 674 1:098:06-

807 698 1042 752 sexceuti
1067 697 1156 748 illo
1180 697 1577 764 praestantiores
1606 695 1771 749 fuere.
1807 693 1989 762 Neque
2019 694 2226 744 videtur
2259 689 2354 742 Da-

808 790 893 842 vid
925 790 1196 841 dexteram
1230 789 1284 841 in
1327 787 1570 847 ﬂumina,
1603 789 1880 840 sinistram
1911 785 1964 836 in
1996 799 2142 836 mare
2168 793 2355 836 exten-

807 877 972 938 disse,
1004 891 1173 944 neque
1194 875 1500 929 dominatus
1529 882 1613 928 est
1656 889 1686 926 a
1727 874 1860 926 mari
1887 888 2056 941 usque
2083 872 2147 923 ad
2183 885 2353 947 mare,

808 982 979 1034 neque
1011 981 1231 1036 regnum
1263 965 1518 1028 obtinuit,
1556 965 1696 1033 quod
1729 964 2050 1033 pertingeret
2085 977 2254 1029 usque
2288 961 2353 1014 ad

807 1056 1064 1109 terminos
1089 1064 1261 1110 terrae.
1284 1053 1466 1122 Neque
1487 1055 1645 1107 etiam
1671 1054 1778 1106 lilio
1799 1053 1918 1119 ejus
1945 1051 2216 1104 Salomoni
2242 1051 2352 1102 hzec

808 1148 1051 1215 adaptari
1097 1153 1372 1214 possunt:
1414 1160 1535 1197 nam
1587 1145 1675 1196 hic
1726 1144 1948 1212 perinde
2003 1150 2177 1210 atquo
2205 1153 2354 1210 pater

807 1239 943 1306 ejus,
976 1253 1084 1290 non
1125 1238 1260 1289 ultra
1289 1235 1524 1290 Iudaeam
1556 1236 1858 1304 imperavit,
1895 1250 2070 1301 neque
2103 1241 2160 1284 ut
2205 1241 2356 1301 pater

760 1324 765 1330 ’
805 1329 944 1398 ejus,
973 1329 1094 1399 plus
1123 1329 1476 1397 quadraginta
1509 1328 1666 1381 annis
1711 1325 1955 1395 regnavit
1987 1344 2000 1379 :
2034 1340 2206 1392 neque
2249 1324 2357 1376 cri-

808 1422 950 1473 mine
978 1435 1199 1472 vacuam
1233 1419 1393 1472 vitam
1421 1431 1674 1471 emensus
1702 1423 1803 1470 est.
1831 1415 1947 1468 Tali
1987 1414 2216 1483 namque
2248 1429 2356 1465 mo-

809 1509 876 1561 do
900 1523 958 1560 se
986 1507 1169 1576 gessit,
1201 1514 1260 1559 ut
1286 1513 1505 1575 propter
1529 1505 1774 1558 insanum
1802 1505 2083 1558 mulierum
2117 1519 2352 1556 amorem

806 1606 858 1651 et
889 1597 1243 1651 idololatriam
1280 1597 1417 1650 male
1446 1595 1696 1657 audierit,
1729 1609 1833 1664 qua
1880 1595 1946 1648 de
1995 1609 2157 1648 causa
2206 1593 2355 1645 Sata-

808 1699 929 1736 nam
957 1685 1056 1753 ipsi
1097 1685 1389 1737 suscitasse
1420 1683 1616 1737 dicitur
1643 1683 2008 1737 Deus.Verum
2037 1699 2208 1751 neque
2235 1691 2354 1750 post

809 1773 1145 1830 Salomonem
1181 1775 1247 1828 ad
1277 1775 1500 1829 alterum
1543 1790 1726 1843 regum
1755 1772 2060 1827 Iudaeorum
2089 1789 2151 1827 ex
2185 1773 2351 1827 semi-

808 1880 874 1918 ne
906 1874 957 1918 et
986 1867 1332 1919 successione
1371 1864 1536 1917 David
1570 1873 1794 1932 possunt
1830 1865 2218 1931 promissiones
2251 1865 2353 1918 illa:

2456 688 2576 739 ἐπεὶ
2610 687 2700 738 καὶ
2737 685 2840 753 πρὸ
2882 679 3041 736 αὑτοῦ
3079 677 3254 749 μυρίοι
3289 673 3532 733 καλλίους
3562 667 3724 722 αὑτοῦ
3763 668 3855 720 καὶ
3893 669 4032 736 μετ’,

2455 779 2613 828 αὑτὸν
2638 776 2937 844 γεγόνασιν.
2991 771 3124 823 Ἀλλ’
3155 769 3271 822 οὑδὲ
3304 765 3547 834 φαίνεται
3568 761 3595 811 ὁ
3621 757 3782 812 Δαυῖδ
3804 757 3900 825 τὴν
3923 756 4004 807 δε-

2456 865 2571 929 ξιάν
2602 864 2693 916 ἐπὶ
2730 862 3000 931 ποταμοὺς
3039 857 3277 920 ἐκτείνας
3298 896 3312 918 ,
3358 853 3449 906 καὶ
3474 850 3568 921 τὴν
3597 847 3885 919 ἀριστερὰν
3916 846 4004 897 ἐπὶ

2454 956 2759 1017 θάλασσαν,
2793 953 2910 1004 οὑδὲ
2963 947 3391 1020 κατακυριεύσας
3437 944 3543 996 ἀπὸ
3585 937 3861 1006 Θαλάσσης
3903 937 4002 998 ἕως

2455 1045 2723 1112 Θαλάσσης
2743 1083 2755 1106 ,
2788 1043 2905 1095 οὑδὲ
2936 1041 3204 1110 βασιλείαν
3236 1037 3571 1107 κτησάμενος
3599 1037 3696 1103 τὴν
3730 1045 4003 1100 παρεκτα-

2454 1137 2636 1189 θεῖσαν
2675 1136 2778 1195 ἕως
2804 1133 2908 1185 τῶν
2939 1131 3184 1201 περάτων
3206 1131 3302 1199 τῆς
3330 1125 3667 1196 οἰκουμένης.
3727 1120 3864 1173 Ἀλλ’
3897 1117 4004 1170 οὐδ’

2453 1228 2542 1280 ἐπὶ
2585 1227 2675 1278 τὸν
2715 1225 2771 1290 ἐξ
2816 1222 2976 1276 αὑτοῦ
3014 1221 3294 1290 γενόμενον
3325 1217 3604 1287 Σολομῶνα
3636 1211 3803 1265 ταῦτα
3833 1211 4012 1274 πάντα,

2455 1316 2922 1387 ὲφαρμοσθήσεται
2943 1329 2955 1342 ·
2985 1313 3044 1365 οὑ
3071 1311 3227 1363 πλέον
3256 1311 3363 1380 γὰρ
3391 1309 3486 1380 τῆς
3521 1306 3774 1367 Ἰουδαίας
3798 1303 3903 1356 οὐδ’
3925 1297 4007 1355 οῦ·

2452 1426 2540 1471 τος
2587 1408 2860 1476 κρατήσας
2908 1404 3105 1475 ὁμοίως
3137 1400 3213 1470 τῷ
3253 1398 3439 1452 ἑαυτοῦ
3475 1398 3761 1467 ἱστορεῖται
3807 1392 4004 1461 πατρὶ⁹

2453 1477 2563 1550 άλλ⁴
2585 1497 2690 1549 οὐδ’
2709 1495 2946 1565 ὑπερϐὰς
2969 1493 3155 1563 χρόνον
3173 1490 3304 1542 ἐτῶν
3330 1495 3388 1558 μ’
3404 1489 3499 1557 τῆς
3521 1484 3791 1555 βασιλείας
3810 1482 4006 1552 ὁμοίως

2452 1587 2528 1657 τῷ
2564 1586 2752 1640 ἑαυτοῦ
2791 1585 2981 1653 πατρί·
3015 1582 3126 1635 ἀλλ’
3155 1580 3274 1634 οὑδὲ
3302 1577 3659 1645 ἀνεπίληπτον
3699 1574 3809 1644 βίον
3834 1572 4008 1625 διατε-

2454 1679 2629 1739 λέσας.
2658 1675 2888 1728 Τοιαῦτα
2920 1673 3047 1742 γοῦν
3074 1667 3139 1743 ἦν
3172 1669 3239 1723 τά
3264 1668 3390 1740 περὶ
3416 1667 3575 1720 αὑτὸν
3597 1667 3672 1728 ὡς
3701 1668 3794 1718 καὶ
3825 1680 4008 1734 γυναι-

2455 1767 2716 1836 κομανίαν
2745 1768 2836 1817 καὶ
2868 1761 3298 1832 είδωλολατρείαν
3320 1756 3713 1824 διαϐάλλεσθαι,
3749 1748 3825 1808 ὧν
3846 1755 4010 1820 ἕνεκα

2455 1860 2546 1909 καὶ
2577 1857 2812 1908 Σατανᾶν
2846 1854 2990 1923 αὑτῷ
3017 1851 3319 1922 ἐπιπέμψαι
3354 1849 3566 1917 λέγεται
3593 1849 3622 1899 ό
3647 1846 3810 1916 Θεόςη
3869 1845 4006 1899 Ἀλλ’

807 1954 989 2008 referri
1025 1973 1037 2006 :
1072 1955 1166 2008 sed
1194 1956 1371 2007 omnia
1401 1954 1581 2015 simul,
1606 1956 1716 2008 sive
1746 1955 1978 2017 mitiora,
2017 1955 2128 2008 sive
2152 1953 2350 2018 tristia,
2382 1956 2425 2010 Β
2452 1949 2533 2000 οὐδ

2281 1956 2350 2018 ia,
2382 1956 2425 2010 Β
2452 1949 2556 2000 οὐδ’
2574 1950 2657 2014 ἐφ’
2673 1948 2855 2017 ἕτερον
2871 1945 2957 1997 τὸν
2978 1943 3111 2014 μετὰ
3128 1941 3409 2012 Σολομῶνα
3425 1939 3516 1992 τοῦ
3546 1937 3807 1997 Ἰουδαίων
3826 1935 4007 2000 ἔθνους

808 2047 861 2098 in
892 2061 998 2099 uno
1028 2047 1164 2106 solo,
1212 2061 1278 2100 ex
1327 2047 1530 2101 semine
1561 2045 1726 2099 David
1750 2054 1888 2109 orto,
1923 2047 2012 2115 qui
2046 2047 2243 2100 dicitur
2267 2045 2356 2102 Je-

806 2153 902 2193 sus
947 2137 1199 2192 Christus
1247 2136 1494 2193 Salvator
1523 2146 1729 2196 noster.
1781 2140 1994 2206 impleta
2030 2137 2198 2192 fuisse
2226 2154 2358 2192 con-

807 2237 956 2284 stat:
989 2244 1108 2298 quae
1161 2229 1370 2284 scilicet
1416 2229 1632 2283 divinus
1667 2228 1901 2299 Spiritus
1953 2229 2352 2300 prmnuntiavit,

806 2323 1136 2389 praemittens
1182 2320 1398 2391 quidem
1443 2320 1652 2374 divinas
1685 2321 2118 2390 pollicitationes,
2155 2321 2355 2376 docens

806 2418 984 2462 autem
1015 2410 1433 2479 exspectandum
1460 2426 1603 2473 esse,
1636 2419 1696 2464 nt
1727 2412 1779 2463 in
1811 2425 1918 2464 uno
1947 2419 2001 2464 et
2029 2411 2217 2465 eodem
2245 2412 2357 2466 hac

806 2501 1048 2556 tristiora
1077 2501 1452 2570 contingerent
1481 2520 1494 2556 :
1531 2515 1654 2554 cum
1701 2502 1930 2556 maxime
1962 2502 2268 2557 sensibilem
2300 2503 2358 2557 il-

807 2592 914 2644 lum
946 2592 1112 2644 totius
1145 2606 1210 2644 ex
1257 2589 1454 2644 Davide
1489 2590 1855 2645 successionis
1905 2590 2158 2644 thronum
2204 2606 2359 2646 ever-

806 2681 1023 2734 tendum
1054 2695 1174 2736 esse
1207 2683 1554 2749 prospiceret.
1579 2679 1710 2733 Nam
1741 2695 1896 2749 reges
1925 2695 1989 2733 ex
2019 2681 2224 2734 semine
2254 2679 2356 2732 Da-

805 2773 944 2828 vidis
978 2773 1083 2826 orti
1117 2773 1183 2827 ad
1216 2788 1385 2842 usque
1418 2773 1781 2840 captivitatem
1806 2772 1988 2841 populi
2013 2773 2064 2824 in
2089 2770 2357 2841 Babylone

809 2865 1163 2931 perdurarunt
1197 2883 1210 2919 :
1244 2879 1417 2933 neque
1450 2863 1547 2918 toti
1575 2862 1880 2918 Iudaeorum
1923 2863 2090 2933 genti,
2122 2864 2214 2917 sed
2254 2863 2356 2916 tri-

807 2957 907 3010 bus
939 2956 1111 3010 solum
1143 2957 1390 3010 tribubus
1434 2971 1496 3010 ac
1524 2972 1589 3011 ne
1621 2956 1835 3024 quidem
1870 2955 2091 3023 integris
2128 2955 2357 3023 impera-

791 3046 936 3098 bant
969 3064 983 3099 :
1026 3053 1188 3113 atque
1218 3053 1388 3099 totum
1419 3046 1628 3114 imperii
1661 3060 1848 3098 eorum
1879 3051 2092 3113 tempus
2122 3044 2186 3097 ad
2218 3060 2354 3112 qua-

2456 2041 2518 2091 ὲκ
2541 2037 2847 2108 σπέρματος
2867 2037 2958 2089 καὶ
2981 2035 3227 2105 διαδοχῆς
3247 2031 3406 2086 Δαυῖδ
3430 2030 3854 2101 βασιλευσάντων
3879 2029 4009 2085 άνα-

2457 2129 2712 2198 φέρεσθαι
2747 2127 2964 2180 δύναται
3006 2125 3072 2179 τά
3112 2123 3522 2196 ἐπηγγελμένα·
3575 2121 3750 2174 πάντα
3781 2120 3837 2171 δὲ
3872 2116 4007 2188 ὁμοῦ

2456 2223 2549 2273 καὶ
2576 2219 2712 2272 κατὰ
2752 2220 2810 2271 τὸ
2837 2219 2964 2271 αὑτὸ
2986 2218 3053 2270 τά
3081 2234 3139 2270 τε
3173 2215 3506 2286 χρηστότερα
3536 2213 3628 2266 καὶ
3663 2211 3732 2264 τά
3765 2210 4009 2291 σκυθρω-

2456 2311 2532 2365 πά
2563 2313 2639 2372 είς
2664 2309 2758 2362 ’ἐνα
2795 2310 2951 2378 μόνον
2984 2310 3073 2360 τὸν
3104 2309 3167 2359 ὲκ
3204 2307 3510 2376 σπέρματος
3537 2305 3695 2358 Δαυῖδ
3721 2305 4010 2374 λεγόμενον

2467 2399 2670 2469 Ἰησοῦν
2719 2398 2944 2468 Χριστὸν
2998 2399 3087 2450 τὸν
3131 2397 3395 2467 ἡμέτερον
3424 2397 3651 2466 Σωτῆρα
3698 2379 4010 2450 συνίσταται

2456 2488 2884 2558 πεπληρωμένα·
2911 2487 2947 2540 ἃ.
2971 2487 3034 2557 δὴ
3068 2487 3157 2540 καὶ
3186 2485 3478 2557 προείληφε
3503 2486 3562 2537 τὸ
3596 2485 3734 2537 θεῖον
3761 2485 4006 2555 Πνεῦμα,

2456 2576 2723 2647 προτάξαν
2775 2575 2871 2644 μὲν
2903 2577 2997 2638 τάς
3030 2574 3240 2637 ἐνθέους
3291 2573 3620 2641 ἐπαγγελίας
3645 2613 3659 2638 ,
3707 2572 3925 2640 διδάξαν
3953 2573 4011 2629 δὲ

2455 2667 2646 2736 χρῆναι
2680 2666 2978 2737 προσδοκᾷν
3007 2666 3131 2735 περὶ
3171 2665 3265 2717 ἕνα
3296 2666 3388 2717 καὶ
3421 2665 3511 2717 τὸν
3540 2665 3699 2717 αὑτὸν
3731 2664 4008 2736 συμϐήσε-

2458 2757 2578 2810 σθαι
2605 2758 2673 2809 τά
2715 2756 3134 2827 σκυθρωπότερα
3155 2772 3166 2784 ·
3201 2757 3430 2826 μάλιστα
3458 2756 3545 2808 ὅτε
3581 2756 3676 2808 καὶ
3703 2755 3881 2825 πάσης
3909 2754 4010 2823 τῆς

2453 2847 2546 2900 τοῦ
2575 2847 2733 2900 Δαυῖδ
2761 2848 3006 2918 διαδοχῆς
3023 2889 3037 2911 ,
3065 2849 3155 2901 τὸν
3188 2847 3438 2917 αἰσθητὸν
3463 2848 3561 2916 τῆς
3593 2846 3862 2914 βασιλείας
3889 2845 4012 2914 θρό-

2456 2956 2541 2991 νον
2562 2938 3060 3006 καταλυθησόμενον
3086 2938 3294 3008 θεωρεῖ.
3323 2937 3500 3007 Μέχρι
3526 2937 3652 3004 γοῦν
3681 2937 3781 3006 τῆς
3807 2939 3882 3001 είς
3907 2933 4009 2990 Βα-

2456 3030 2666 3082 ϐυλῶνα
2699 3030 3065 3099 αἰχμαλωσίας
3088 3029 3179 3082 τοῦ
3213 3030 3340 3083 λαοῦ
3366 3031 3656 3099 διήρκεσαν
3679 3031 3728 3082 οἱ
3755 3031 3819 3082 ὲκ
3845 3027 4012 3097 σπέρ-

809 3133 1126 3203 dringentos
1177 3134 1393 3188 circiter
1421 3149 1590 3187 annos
1621 3133 1794 3186 solum
1829 3133 2126 3202 pertingit':
2162 3135 2356 3202 quibus
2459 3139 2532 3190 μα

2282 3150 2356 3189 ,υς
2459 3139 2624 3190 ματος
2655 3121 2811 3173 Δαυῒδ
2839 3120 3272 3189 βεϐασιλευκότες
3292 3137 3304 3150 ·
3339 3121 3431 3173 καὶ
3460 3121 3578 3174 οὑδὲ
3609 3120 3729 3173 ὅλου
3756 3120 3848 3172 τοῦ
3884 3121 4008 3173 Ἰοδ-

806 3227 1009 3280 exactis
1054 3224 1311 3279 Jechonia
1354 3240 1416 3279 ex
1464 3224 1808 3280 successione
1840 3221 2054 3278 Davidis
2081 3233 2356 3292 postremo
2455 3212 2532 3265 δαί

2278 3240 2356 3278 m0
2455 3212 2614 3265 δαίων
2634 3212 2814 3275 ἔθνους
2839 3213 3244 3282 βασιλεύσαντες
3263 3212 3398 3266 άλλά
3423 3213 3596 3282 μόνων
3615 3211 3782 3282 τριῶν
3803 3212 4004 3281 φυλῶν,

807 3322 1087 3381 regnante,
1123 3315 1302 3367 nullus
1327 3315 1461 3367 alius
1484 3311 1786 3367 Iudaeorum
1818 3329 1910 3367 rex
1933 3329 1994 3368 ex
2028 3315 2238 3368 semine
2255 3315 2360 3367 Da-
2385 3301 2426 3355 (ἶ
2462 3303 2533 3352 καί

2282 3317 2360 3367 )3-
2385 3301 2426 3355 C
2462 3303 2550 3352 καὶ
2595 3303 2710 3355 οὑδὲ
2749 3303 2951 3356 τούτων
2996 3305 3130 3356 ὅλων
3151 3322 3164 3335 ο
3214 3304 3350 3356 ἀλλὰ
3392 3303 3485 3356 καὶ
3516 3303 3732 3373 σύμπας
3761 3306 3790 3356 ό
3821 3304 4008 3374 χρόνος

809 3397 896 3450 vid
933 3407 1289 3462 memoratur;
1324 3398 1394 3450 ita
1428 3404 1485 3450 ut
1519 3397 1618 3450 hoc
1653 3398 1776 3450 item
1811 3397 1968 3451 modo
2006 3399 2222 3467 impleta
2251 3399 2360 3452 sint
2455 3394 2535 3462 τῆς

2284 3399 2360 3452 im,
2455 3394 2550 3462 τῆς
2580 3393 2777 3446 τούτων
2806 3395 2975 3465 ἀρχῆς
2998 3396 3135 3464 ἀμφὶ
3161 3396 3229 3447 τὰ
3255 3395 3573 3465 τετρακόσια
3604 3394 3695 3464 ἐτη
3730 3393 3864 3463 μόνα
3888 3411 4010 3446 συν-

812 3488 998 3540 isthaec
1016 3487 1179 3540 divini
1200 3487 1434 3557 Spiritus
1458 3489 1696 3549 oracula,
1717 3488 1914 3556 quibus
1937 3487 2136 3541 dicitur
2162 3507 2174 3541 :
2205 3486 2359 3541 Nunc
2456 3485 2534 3536 τεί

2282 3504 2359 3541 mc
2456 3485 2648 3548 τείνει,
2688 3485 2802 3554 μεθ’
2828 3484 2880 3548 ἃ,
2921 3487 3165 3555 Ἰεχονίου
3197 3486 3426 3538 ὑστάτου
3457 3486 3553 3556 τῆς
3585 3484 3677 3536 τοῦ
3712 3484 3868 3536 Δαυῒδ
3893 3485 4008 3538 δια-

811 3587 982 3629 autem
999 3579 1235 3646 repulisti
1257 3589 1304 3632 et
1329 3579 1628 3646 despexisti,
1650 3577 1886 3646 abjecisti
1903 3576 2169 3632 Christum
2194 3588 2357 3634 tuum.
2455 3575 2537 3643 δοχ

2289 3597 2357 3634 nt.
2455 3575 2613 3645 δοχῆς
2662 3576 2984 3646 γενομένου,
3036 3576 3308 3647 οὐδέτερος
3343 3575 3590 3645 βασιλεὺς
3642 3575 3904 3628 Ἰουδαίων
3947 3576 4010 3626 ὲκ

814 3666 1054 3720 Euertisti
1091 3677 1450 3722 testamentum
1499 3669 1634 3720 servi
1667 3668 1760 3729 tui,
1794 3668 2090 3734 profannsti
2135 3670 2189 3721 in
2223 3679 2362 3724 terra
2460 3686 2540 3720 σπε

2287 3687 2362 3724 ’να
2460 3670 2766 3740 σπέρματος
2790 3670 2948 3723 Δαυῒδ
2981 3669 3217 3739 γεγονὼς
3251 3670 3638 3740 μνημονεύεται
3659 3686 3672 3700 ο
3698 3671 3772 3732 ὡς
3801 3669 3892 3721 καὶ
3916 3685 4013 3721 κα-

813 3757 1172 3809 sanctuarium
1201 3757 1339 3826 ejus,
1368 3766 1420 3811 et
1448 3767 1660 3819 camera.
2459 3760 2526 3812 τὰ

2459 3760 2526 3812 τὰ
2564 3760 2745 3813 τοῦτον
2788 3760 2878 3813 τὸν
2917 3761 3112 3832 τρόπον
3157 3762 3543 3832 πεπληρῶσθαι
3583 3763 3649 3814 τὰ
3683 3761 4013 3833 προκείμενα

811 3849 904 3902 τοῦ
934 3850 1076 3902 θείου
1113 3850 1426 3918 Πνεύματος
1459 3852 1634 3918 λόγια,
1670 3853 1738 3905 δι’
1784 3867 1857 3906 ων
1919 3854 2156 3923 εἴρηται·
2191 3853 2338 3906 Νυνὶ
2368 3851 2435 3904 δὲ
2471 3853 2687 3907 ἀπώσω
2720 3856 2816 3908 καὶ
2845 3855 3271 3919 ἐξουδένωσας,
3307 3853 3402 3906 καί
3439 3854 3732 3910 ἁνεὸάλου
3759 3851 3863 3904 τὸν
3887 3852 4015 3917 Χρι-

813 3941 958 3991 στόν
1009 3955 1143 3994 σου.
1207 3945 1621 4012 Κατέστρεψας
1661 3943 1774 4010 τὴν
1826 3943 2116 4012 διαθήκην
2167 3943 2271 3997 τοῦ
2325 3941 2546 3998 δούλου
2583 3961 2732 4010 σου,
2789 3946 3164 4013 ἐϐεϐήλωσας
3195 3947 3293 4014 ,εις
3329 3943 3444 4008 τὴν
3473 3941 3588 4012 Tir
3629 3943 3695 3995 τὸ
3752 3942 4016 4010 ἀγίασμα

808 4030 996 4084 αὐτοῦ
1011 4047 1024 4062 ο
1060 4034 1151 4090 καὶ
1173 4033 1241 4086 τά
1261 4033 1464 4096 τούτοις
1486 4036 1869 4104 ἐπιφερόμενα.

878 4141 1083 4198 Deinde
1127 4145 1252 4212 quia
1305 4144 1397 4200 Dei
1450 4146 1515 4201 ad
1555 4147 1808 4203 Davidem
1847 4148 2232 4218 promissiones
2258 4150 2356 4203 bo-

815 4250 937 4290 nam
974 4243 1028 4290 et
1053 4237 1321 4305 ingentem
1352 4237 1566 4293 Davidis
1590 4240 1779 4294 semini
1802 4255 1950 4308 spem
1980 4241 2353 4306 ascribebant;

812 4335 865 4380 et
910 4333 1088 4380 tamen
1123 4342 1241 4396 quae
1272 4329 1603 4382 successioni
1630 4329 1747 4397 ejus
1775 4330 2102 4393 acciderant,
2136 4334 2356 4385 omnino

813 4415 1085 4468 contraria
1125 4403 1476 4479 videbantur;
1520 4431 1642 4469 nam
1675 4417 1896 4470 thronus
1971 4420 2081 4488 :gni
2112 4420 2230 4488 ejus
2257 4419 2360 4472 hu-

2529 4142 2634 4200 Εἶτ’
2661 4146 2951 4216 ἐπειδήπερ
2966 4143 3033 4196 τά
3058 4143 3152 4214 μὲν
3173 4142 3280 4197 τῶν
3305 4141 3396 4196 τοῦ
3423 4141 3556 4196 Θεοῦ
3581 4142 3714 4214 πρὸς
3739 4143 3833 4196 τδν
3857 4145 4018 4200 Δαυτδ

2459 4237 2792 4306 ἐπαγγελιῶν
2847 4235 3052 4303 ἀγαθάς
3105 4252 3255 4298 τινας
3286 4236 3377 4288 καὶ
3431 4234 3668 4305 μεγάλας
3700 4234 3915 4300 ὲλπίδας
3939 4236 4017 4307 τῷ

2463 4330 2735 4399 σπέρματι
2770 4327 2928 4380 Δαυῖδ
2961 4327 3268 4397 ὑπέγραφε,
3297 4326 3364 4378 τὰ
3392 4326 3449 4378 δὲ
3487 4326 3612 4395 περί
3643 4327 3741 4396 τὴν
3769 4325 4014 4398 διαδοχὴν

2463 4419 2626 4472 αὑτοῦ
2661 4417 3036 4486 συμϐεϐηκότα
3069 4417 3324 4472 τάναντία
3356 4418 3530 4470 πάντα
3557 4420 3858 4486 περιεῖχεν,
3893 4417 3921 4469 ὅ
3957 4435 4003 4469 τι

813 4521 973 4559 mano
999 4521 1143 4559 more
1179 4507 1376 4574 sumpti
1411 4520 1439 4558 a
1469 4513 1709 4576 tempore
1722 4506 1992 4563 Jechoniae
2011 4511 2221 4565 solutus
2241 4525 2361 4564 ces-
2393 4527 2436 4582 ῃ
2461 4509 2539 4580 θρ‹

2277 4525 2361 4564 es-
2393 4527 2436 4582 ῃ
2461 4509 2646 4580 θρόνος
2688 4508 2786 4576 τῆς
2821 4508 2958 4560 κατὰ
2995 4507 3273 4578 ἄνθρωπον
3310 4507 3583 4578 βασιλείας
3620 4507 3782 4560 αὑτοῦ
3830 4506 4003 4558 λέλυτσ

815 4606 1024 4649 saverat
1057 4617 1068 4649 :
1098 4598 1209 4650 haec
1232 4599 1563 4666 prospiciens
1588 4599 1819 4668 bpiritus
1851 4601 2220 4667 propheticus,
2239 4601 2360 4668 jure

815 4685 882 4739 ad
914 4687 1149 4740 veritatis
1182 4703 1494 4742 sermonum
1517 4689 1610 4744 Dei
1641 4691 2076 4759 perquisitionem
2102 4705 2202 4745 nos
2220 4692 2359 4743 invi-

814 4779 912 4835 tat,
948 4789 1151 4842 nosque
1187 4777 1418 4832 instituit
1453 4785 1510 4831 ut
1543 4779 1596 4830 id
1628 4796 1656 4832 a
1686 4779 1794 4835 Deo
1835 4795 2140 4850 quaeramus
2168 4790 2220 4833 et
2246 4780 2357 4833 edi-

815 4879 1052 4927 scamus,
1088 4867 1425 4923 sciscitantes
1456 4870 1629 4938 ipsum
1674 4885 1736 4923 ac
1782 4871 2020 4925 dicentes
2052 4891 2064 4924 :
2104 4870 2202 4924 Ubi
2238 4889 2350 4924 sum

816 4955 1187 5010 misericordia:
1212 4967 1313 5011 tua
1337 4962 1585 5027 antiquior,
1615 4959 1852 5024 Domine,
1875 4979 2003 5030 quas
2025 4962 2222 5029 jurasti
2255 4962 2359 5013 Da-

817 5046 937 5098 vid?
987 5046 1118 5099 Nam
1167 5048 1314 5116 regni
1355 5049 1472 5116 ejus
1520 5050 1792 5104 sensibilis
1837 5059 1889 5103 et
1917 5051 2172 5119 [humano
2215 5067 2363 5104 more

816 5135 1014 5204 sumpti
1061 5139 1336 5193 successio
1371 5141 1566 5205 soluta,
1606 5151 1659 5195 et
1707 5157 1736 5194 a
1785 5141 1942 5209 longo
1981 5142 2088 5209 jam
2122 5151 2364 5210 tempore

819 5227 1026 5280 sublata
1081 5229 1274 5296 fuerat,
1310 5245 1430 5284 cum
1479 5247 1544 5285 ex
1594 5234 1798 5286 semine
1845 5232 1962 5300 ejus
2008 5239 2160 5288 ortus
2208 5232 2364 5288 Iesus

819 5315 1087 5381 Christus,
1118 5322 1210 5389 qui
1239 5322 1660 5391 promissionum
1690 5322 1875 5375 Davidi
1907 5322 2166 5376 factarum
2191 5323 2362 5378 haeres

820 5406 1034 5462 futurus
1083 5413 1514 5478 exspectabatur,
1561 5427 1666 5464 non
1695 5413 1950 5467 sensibile
1978 5427 2150 5481 neque
2175 5415 2363 5468 huma-

821 5512 949 5550 num
1001 5513 1224 5566 regnum
1278 5503 1554 5570 possedit;
1591 5503 1683 5556 sed
1733 5518 1954 5571 prorsus
2000 5507 2270 5560 contraria
2298 5506 2363 5558 iis

825 5600 943 5652 qua:
972 5587 1217 5642 homines
1244 5594 1623 5659 exspectabant
1668 5609 1859 5662 passus
1909 5605 2012 5657 est,
2043 5595 2106 5649 ad
2137 5604 2363 5649 mortem

828 5688 999 5742 usque
1022 5691 1359 5745 progressus,
1381 5681 1662 5751 omniaque
1678 5697 1988 5752 perpessus,
2011 5699 2128 5753 quae
2151 5685 2362 5740 divinus

832 5760 1070 5834 Spiritus
1115 5771 1461 5839 praescientiaa
1491 5773 1683 5828 virtute
1722 5775 2127 5845 praenuntia-at.
2160 5773 2276 5848 Qua
2304 5775 2369 5830 de

2461 4598 2800 4666 πεπαυμένος
2829 4597 2934 4649 ἀπὸ
2958 4598 3062 4650 τῶν
3104 4600 3345 4669 Ἰεχονίου
3376 4600 3581 4668 χρόνων
3601 4616 3613 4628 °
3646 4599 3867 4660 είκότως
3890 4597 4006 4650 ταῦ-

2460 4706 2526 4740 τα
2557 4687 2934 4759 προθεωρῆσαν
2959 4687 3019 4738 τὸ
3048 4689 3376 4759 προφητικὸν
3406 4687 3646 4757 Πνεῦμα,
3673 4689 3762 4739 ἐπὶ
3790 4686 4007 4758 ζήτησιι

2462 4779 2612 4846 ἡμᾶς
2633 4778 2887 4848 παρορμᾷ
2907 4763 3132 4846 τῆς’τῶν
3153 4779 3322 4839 λόγων
3346 4778 3437 4829 τοῦ
3465 4777 3596 4830 Θεοῦ
3622 4777 3894 4848 ἀληθείας,
3925 4780 4015 4831 καὶ

2465 4870 2589 4937 παρ’
2623 4867 2785 4920 αὑτοῦ
2815 4867 2908 4919 τοῦ
2953 4867 3086 4920 Θεοῦ
3125 4869 3303 4938 ζητεῖν
3330 4869 3422 4920 καὶ
3457 4868 3740 4936 μανθάνειν
3776 4868 4014 4921 διδάσκει

2461 4956 2773 5025 ἐρωτῶντας
2795 4956 2954 5010 αὑτὸν
2983 4957 3075 5008 καὶ
3115 4956 3394 5024 λέγονταςο
3447 4957 3568 5011 Ποῦ
3608 4959 3736 5011 ἐστι
3763 4957 3834 5011 τὰ
3873 4958 4014 5024 ἑλέη

2463 5061 2575 5097 σου
2605 5045 2674 5098 τὰ
2705 5045 2918 5115 ἀρχαῖα
2939 5085 2953 5110 ,
3001 5047 3208 5113 Κύριε,
3243 5045 3279 5098 ἄ
3312 5046 3546 5116 ὤμοσας
3580 5047 3659 5113 τῷ
3691 5048 3868 5102 Δαυτδ
3886 5064 3903 5110 ;
3939 5049 4012 5099 Ἥ

2460 5150 2518 5185 τε
2567 5135 2674 5208 γάρ
2707 5139 2804 5210 τῆς
2831 5134 3098 5204 βασιλείας
3136 5136 3296 5189 αὑτοῦ
3326 5138 3423 5208 τῆς
3461 5137 3720 5207 αἰσθητῆς
3749 5138 3840 5189 καὶ
3873 5138 4015 5191 κατὰ

2463 5225 2739 5295 ἄνθρωπον
2769 5227 2981 5298 διαδοχὴ
3004 5227 3207 5292 λέλυτο,
3239 5229 3301 5280 ἐκ
3336 5226 3544 5297 μακροῦ
3583 5226 3957 5296 καθῃρημένη,
3983 5227 4014 5280 ὅ

2464 5336 2520 5370 τε
2554 5322 2616 5371 ὲκ
2646 5320 2951 5388 σπέρματος
2980 5319 3140 5372 αὑτοῦ
3182 5319 3416 5387 γεγονὼς
3460 5317 3663 5387 Ἰησοῦς
3700 5305 4010 5388 όΧεριστδς,

2467 5412 2838 5481 προσδοκηθεὶς
2863 5411 3018 5473 αὑτὸς
3045 5407 3181 5464 εἶναι
3212 5413 3239 5462 ό
3257 5409 3363 5460 τῶν
3391 5407 3524 5476 πρὸς
3552 5405 3639 5459 τὸν
3662 5407 3817 5461 Δαυῖδ
3845 5411 4016 5478 ἑπαγ-

2466 5499 2656 5566 γελιῶν
2694 5500 3039 5570 κληρονόμος,
3074 5496 3331 5564 αἰσθητὴν
3356 5495 3453 5564 μὲν
3476 5494 3573 5546 οὑκ
3597 5495 3880 5564 ἐκτήσατο,
3901 5495 4013 5547 οὐδ’

2467 5589 2802 5659 ἀνθρωπίνην
2830 5588 3101 5658 βασιλείαν
3120 5605 3132 5618 ·
3154 5585 3405 5638 τάναντία
3433 5583 3490 5636 δὲ
3526 5584 3697 5638 πάντα
3734 5587 3827 5640 καὶ⁵
3853 5582 4015 5645 αὑτὸς

2467 5675 2546 5743 οἷς
2575 5681 2968 5748 πρνισεδόκησαν
2989 5678 3257 5746 ἄνθρωποι
3281 5676 3532 5739 πέπονθε,
3563 5679 3720 5748 μέχρι
3745 5678 3836 5731 καὶ
3860 5675 4016 5728 θανά.

2468 5790 2558 5830 του
2584 5778 2817 5841 φθαςας,
2840 5771 2932 5834 καὶ
2959 5770 3128 5825 πάντα
3157 5769 3465 5840 ὑπομείνας,
3500 5770 3534 5824 ἃ
3554 5771 3616 5842 δὴ
3640 5771 4016 5842 προγνωστικῇ
