4372 6456
322 539 354 593 Ι
376 535 476 595 ΞΠ

1347 519 1359 536 ’
1447 523 1940 583 ΕΟΜΜΕΝΤᾹΜΑ*
1976 526 2039 580 lN
2090 526 2423 583 PSALMOS.

3402 531 3539 589 1118

314 658 353 713 ὃ
369 657 552 727 ινάμει
573 655 636 708 τὸ
652 654 793 707 θεῖον
812 648 1175 719 ἀνεφθέγξατο
1191 645 1428 716 Πνεῦμα.
1455 638 1554 697 Ὧν
1569 644 1727 697 ἕνεκα
1747 644 1887 697 εἰκό-
1912 649 1957 704 Α
1986 660 2040 697 ca

1812 644 1887 697 ιό-
1912 649 1957 704 Α
1986 660 2147 698 causa
2170 645 2293 713 jure
2315 643 2735 714 percontandum
2761 653 2815 698 et
2842 646 3278 716 interrogandum
3300 661 3421 702 esse
3447 648 3538 704 do-

315 765 437 813 τως
452 745 725 817 άνερωτᾷν
740 742 831 796 καὶ
850 737 1200 793 πυνθάνεσθαι
1215 735 1451 789 διδάσκει
1465 733 1715 800 λέγοντας
1732 750 1744 762 ·
1759 732 1881 787 Ποῦ

310 841 455 893 ἐστι
481 837 551 890 τὰ
577 836 716 902 mn
751 847 866 886 σου
899 822 970 885 τὰ
1000 827 1212 898 ἀρχαῖα
1233 867 1247 891 ,
1281 829 1454 893 Κύριε
1473 866 1486 888 ,
1521 826 1613 877 καὶ
1640 824 1708 877 τά
1735 821 1875 893 ἑξῆς.

312 929 458 983 Μεθ’
482 928 517 982 ἃ
534 926 771 995 ἐπιλέγει
784 943 797 956 ·
818 925 969 987 Ἕως
988 922 1151 982 πότε,
1171 919 1366 985 Κύριε,
1383 914 1780 984 ἀποστρέψεις
1797 917 1881 979 είς

312 1020 520 1085 τέλος,
536 1016 963 1081 ἐκκαυθήσεται
977 1014 1055 1077 ὡς
1076 1011 1193 1079 πῦρ
1213 1012 1250 1078 ἠ
1272 1008 1414 1079 ὀργή
1440 1022 1586 1071 σου;
1612 1006 1881 1075 lily-ilco»-

310 1127 376 1164 τι
400 1112 490 1176 τίς
513 1102 632 1179 μου
663 1108 701 1174 ἡ
724 1106 1084 1169 ὑπόστασις’
1111 1101 1194 1170 μὴ
1218 1100 1326 1171 γὰρ
1353 1101 1613 1169 ματαίως
1637 1100 1879 1163 ἔκτισας

308 1201 549 1266 πάντας
580 1200 720 1263 τοὺς
745 1196 912 1261 υἱοὺς
940 1194 1057 1248 τῶν
1096 1191 1445 1261 ἀνθρώπωη
1471 1193 1563 1257 Τίς
1586 1192 1754 1244 ἐστιν
1775 1192 1877 1244 ἆν-

308 1296 548 1360 Θρωπος
568 1290 635 1356 ὃς
652 1288 907 1355 ζήσεται,
932 1286 1026 1338 καί
1049 1288 1156 1339 οὐκ
1180 1285 1383 1353 ὄψεται
1405 1283 1677 1345 θάνατον,
1696 1285 1875 1350 ῥύσε-

306 1399 410 1436 ται
429 1381 543 1451 τὴν
570 1379 780 1448 ψυχὴν
798 1377 982 1432 αὑτοῦ
1014 1376 1083 1429 ἐκ
1105 1376 1297 1444 χειρὸς
1328 1374 1508 1442 ᾅδου;
1540 1373 1871 1441 Διὰψαλμα.

322 1474 475 1527 ’Δντὶ
501 1472 615 1534 τοῦ,
636 1469 1055 1537 ἀποστρέψεις,
1082 1470 1110 1520 6
1134 1467 1231 1537 μὲν
1266 1465 1490 1527 Ἀκύλας
1514 1464 1695 1533 φησὶν,
1722 1465 1873 1529 Ἕως

307 1565 478 1627 πότε,
495 1564 686 1630 Κύριε,
704 1559 1093 1629 ἀποπρυόήσῃ
1114 1561 1199 1623 είς
1213 1557 1429 1621 νεῖκος
1446 1558 1475 1607 6
1492 1556 1545 1607 δὲ
1561 1555 1866 1624 Σύμμαχος,

310 1656 461 1718 Ἕως
481 1654 658 1718 τίνος,
679 1653 871 1721 Κύριε,
898 1649 1286 1717 ἀποκρυῶὶσῃ
1308 1650 1392 1712 είς
1416 1646 1619 1711 tum;
1645 1646 1750 1698 Καί
1782 1663 1869 1715 μοι

305 1744 458 1797 δοκεῖ
480 1746 509 1797 6
528 1744 681 1812 λόγος
704 1745 764 1797 τὸ
794 1746 1098 1815 ἀπόρρητον
1132 1742 1229 1810 τῆς
1254 1738 1581 1807 ἐπελθούσης
1609 1740 1775 1809 ὀργῆς
1802 1743 1866 1810 τῇ

308 1836 741 1908 σωματικωτέρᾳ
760 1836 1001 1906 βασιλείᾳ
1015 1833 1191 1897 Δαυῒδ,
1216 1834 1307 1886 καὶ
1330 1832 1489 1885 παντὶ
1503 1832 1580 1900 τῷ
1608 1831 1867 1883 Ἰουδαίων

303 1926 451 1980 ἔθνει
494 1928 840 1981 αἰνίττεσθαι.
898 1927 1178 1979 Ἐναντίων
1222 1924 1350 1993 γοῦν
1393 1912 1708 1977 ἀποϐάντων
1748 1926 1866 1985 ταῖς

302 2018 680 2087 ἐπαγγελίαις,
708 2020 829 2071 ὅσον
856 2018 948 2071 ἐπὶ
973 2020 1037 2087 τῇ
1063 2016 1337 2087 προχείρῳ
1371 2016 1680 2085 προσδοκίᾳ,
1713 2018 1740 2067 6
1771 2015 1867 2077 τὰς

300 2109 516 2177 ἀγαθὰς
566 2110 892 2178 ἐπαγγελίας
950 2108 1088 2179 πρὸς
1144 2107 1233 2159 τὸν
1294 2106 1456 2159 Δαυῒδ
1505 2105 1865 2177 πεποιημένος

301 2200 437 2264 Θεὸς
465 2200 878 2272 ἀνεκηρύττετο.
906 2201 995 2253 Διὸ
1024 2199 1252 2253 ίκετεύει
1284 2201 1313 2251 6
1340 2199 1493 2266 λόγος
1532 2198 1605 2268 μὴ
1636 2200 1715 2262 είς
1761 2214 1865 2268 μα-

304 2289 436 2359 κρὸν
466 2292 813 2361 παρεκτείναι
838 2289 937 2360 τὴν
975 2289 1270 2359 γενομένην
1304 2290 1422 2341 κατ’
1456 2288 1635 2341 αὐτῶν
1671 2288 1858 2359 ὀργὴν,

300 2381 440 2449 ταχὺ
482 2378 540 2431 δὲ
571 2378 855 2448 παρελθεῖν
888 2378 986 2447 μὲν
1025 2378 1093 2431 τά
1125 2376 1442 2448 σκυθρωπὰ,
1482 2376 1763 2446 ἐπιστῆναι
1802 2376 1859 2427 δὲ

300 2458 401 2535 τὰς
433 2469 758 2538 ἐπαγγελίας
780 2469 872 2522 τοῦ
896 2468 1050 2523 Θεοῦ.
1082 2465 1212 2527 Εἶτα
1238 2471 1299 2522 ὲκ
1328 2468 1629 2545 προσώπου,
1654 2468 1750 2537 τῆς
1775 2468 1860 2519 ἀν-

300 2560 580 2633 θρωπίνης
634 2561 915 2625 ἀσθενείας
962 2562 1128 2630 λέγει,
1178 2550 1487 2630 Ἠνήσθητι
1537 2562 1628 2626 τίς
1657 2577 1775 2629 μου
1816 2560 1855 2626 ἠ

298 2657 659 2720 ὑπόστασις,
680 2654 773 2707 καὶ
802 2653 867 2707 τὰ
890 2653 1032 2725 ἑξῆς.
1061 2654 1311 2707 Διδάσκει
1342 2654 1398 2706 δὲ
1422 2654 1509 2705 τὸν
1536 2652 1661 2703 λαδν
1691 2650 1858 2703 ταῦτα

297 2744 479 2813 λέγειν
520 2746 550 2799 6
591 2744 920 2816 προφητικδς
970 2746 1145 2812 λόγος,
1178 2747 1256 2806 είς
1287 2745 1347 2796 τὸ
1390 2743 1724 2814 παρακαλεῖν
1764 2743 1855 2794 τὸν

296 2835 432 2889 Θεὸν
471 2834 564 2887 καὶ
604 2834 869 2887 δυσωπεῖν
898 2834 1242 2887 καταπαῦσαι
1283 2832 1379 2902 μὲν
1422 2831 1521 2902 τὴν
1556 2832 1723 2902 ὀργὴν
1757 2831 1854 2902 τὴν

295 2925 439 2979 κατά
471 2923 564 2977 τοῦ
598 2924 803 2990 ἔθνους,
848 2924 1153 2978 παύσασθαι
1174 2924 1231 2976 δὲ
1264 2924 1357 2976 καὶ
1379 2922 1537 2976 αὐτὸν
1566 2924 1852 2992 ἀποκρυπ-

291 3017 548 3085 τόμενον·
612 3014 943 3082 καταξιῶσαι
984 3016 1040 3068 δὲ
1100 3015 1200 3085 ἤδη
1241 3013 1370 3067 ποτὲ
1416 3016 1712 3084 παρασχεῖν
1761 3015 1854 3066 ἀν-

292 3106 534 3175 θρώποις
558 3107 626 3161 τά
652 3107 730 3178 τῷ
754 3106 915 3162 Δαυῒδ
940 3107 1339 3176 ἐπηγγελμένα.
1377 3105 1719 3176 Ἐπειδήπερ,
1751 3122 1853 3176 φη-

290 3198 404 3260 σὶν,
428 3198 462 3269 ἡ
482 3198 789 3270 ἀνθρωπίνη
820 3198 978 3268 φύσις
1006 3198 1234 3267 ἀσθενὴς
1258 3198 1354 3268 μέν
1376 3200 1487 3250 ἐστι
1520 3197 1612 3249 καὶ
1639 3195 1844 3265 πτωχὴ,

1984 744 2069 790 cet
2098 736 2181 789 bis
2214 737 2392 790 verbis
2422 754 2435 789 :
2476 734 2573 788 Ubi
2602 746 2722 789 sunt
2754 736 3126 792 misericordia
3157 747 3262 791 tua
3283 740 3533 808 antiquae,

1982 824 2238 878 Domine?
2262 835 2316 880 et
2344 834 2556 880 caetera.
2578 823 2690 879 Sub
2719 826 2831 879 haec
2865 826 3024 879 infert
3057 824 3531 884 z—YsasJ'i-w.

1984 916 2277 988 Usquequo,
2309 918 2553 977 Domine,
2580 928 2777 973 avertes
2811 920 2865 971 in
2898 920 3071 987 ﬁnem,
3104 920 3404 974 exardescet
3430 924 3533 976 sic-

1978 1016 2037 1059 ut
2078 1008 2213 1076 ignis
2257 1010 2341 1061 ira
2376 1009 2507 1061 tua?
2534 1007 2829 1064 Memorare
2872 1024 2987 1077 quia
3016 1025 3149 1062 .mea
3187 1007 3483 1065 substantia
3511 1028 3531 1065 :

1976 1099 2208 1167 nunquid
2246 1100 2383 1151 enim
2426 1115 2555 1152 vane
2596 1100 2789 1157 creasti
2827 1116 3002 1154 omnes
3049 1100 3189 1167 ﬁlios
3219 1102 3533 1155 hominum!

1977 1189 2107 1254 Quis
2132 1198 2208 1242 est
2234 1190 2385 1251 homo
2410 1191 2499 1258 qui
2521 1192 2667 1257 vivet,
2699 1200 2748 1243 et
2776 1207 2876 1247 non
2908 1190 3093 1250 videbit
3119 1201 3356 1254 mortem,
3384 1200 3529 1247 eruet

1975 1266 2207 1331 animam
2234 1288 2384 1333 suam
2413 1279 2475 1333 de
2499 1266 2655 1333 manu
2690 1281 2845 1353 inferi
2862 1282 2883 1313 ⁹
2903 1280 3237 1349 Diapsalma.
3263 1280 3365 1337 Pro
3394 1281 3485 1335 illo
3509 1299 3523 1341 :

1974 1369 2202 1435 Λυσι-ιιι,
2246 1369 2441 1439 Aquila
2485 1389 2497 1424 :
2541 1368 2849 1441 Usquequo.
2902 1370 3141 1435 Domine,
3194 1370 3525 1429 absconderis

1972 1460 2027 1511 in
2075 1462 2493 1514 contentionem?
2549 1461 2907 1531 Symmachus
2957 1478 3085 1516 vero
3134 1480 3149 1516 :
3205 1460 3523 1533 Usquequa,

1975 1549 2209 1613 Domine,
2272 1550 2605 1605 absconderis
2666 1552 2722 1610 in
2773 1553 2971 1620 ﬁnem?
3029 1551 3357 1624 Videturque
3418 1553 3523 1606 mi-

1970 1640 2022 1693 hi
2091 1657 2270 1697 sermo
2335 1658 2591 1697 arcanum
2662 1645 2777 1707 iraa,
2824 1660 3048 1714 regnum
3114 1644 3330 1701 Davidis
3400 1661 3525 1701 cor-

1970 1747 2133 1801 poreo
2226 1748 2376 1787 more
2468 1741 2737 1802 sumptum
2834 1741 2888 1789 et
2985 1743 3153 1790 totam
3245 1734 3521 1794 Iudaicam

1968 1831 2175 1890 gentem
2208 1822 2496 1888 invasurae,
2531 1823 2898 1878 subindicare.
2932 1823 3068 1878 Cum
3102 1826 3305 1893 itaque,
3340 1842 3521 1896 quan-

1969 1923 2079 1967 tum
2103 1914 2166 1968 ad
2198 1915 2471 1985 vulgarem
2499 1916 2974 1985 exspectationem,
2998 1917 3281 1985 promissis
3302 1927 3522 1971 contra-

1903 1977 1941 2031 Β
1966 2005 2046 2056 ria
2070 1977 2365 2069 evenirent,
2401 2004 2542 2060 Deus
2568 1977 2658 2076 q-ui
2693 2006 2863 2061 bonas
2892 1977 3304 2077 pollicitationes
3331 2006 3519 2067 Davidl

1965 2097 2184 2150 dederat
2221 2098 2565 2152 evocabatur.
2621 2098 2981 2163 Quamobrem
3024 2099 3113 2154 hic
3172 2108 3410 2169 rogatur,
3449 2117 3519 2157 ne

1964 2189 2097 2240 iram
2121 2189 2175 2241 in
2204 2189 2324 2242 illos
2346 2203 2628 2242 accensam
2657 2189 2860 2246 diutius
2888 2192 3150 2260 producat
3176 2211 3189 2247 :
3216 2194 3307 2247 sed
3326 2208 3518 2261 quam-

1960 2280 2191 2347 primum
2233 2279 2410 2333 tristia
2444 2288 2781 2348 praatereant,
2825 2291 2878 2336 et
2916 2284 3179 2351 promissa
3205 2299 3233 2337 a
3280 2284 3387 2338 Deo
3415 2284 3513 2339 ad-

1959 2372 2197 2426 veniant.
2257 2370 2458 2425 Deinde
2503 2362 2569 2426 εκ
2610 2386 2839 2441 persona
2876 2372 3123 2432 humanae
3177 2372 3513 2431 inﬁrmitatis

1959 2464 2033 2515 ait
2068 2482 2079 2517 :
2114 2462 2408 2517 Memorare
2435 2478 2549 2530 quo:
2586 2478 2698 2515 mea
2727 2462 3041 2525 substantia,
3075 2470 3125 2516 et
3155 2473 3367 2520 caetera.
3404 2463 3512 2521 Po-

1958 2560 2139 2628 pulum
2172 2566 2349 2613 autem
2382 2557 2448 2611 ad
2491 2559 2603 2611 haec
2631 2557 2857 2612 dicenda
2900 2558 3131 2612 instituit
3162 2558 3508 2628 prapheticus

1956 2666 2155 2714 sermo,
2178 2658 2237 2704 ut
2271 2650 2437 2705 Deum
2466 2649 2716 2719 precibus
2750 2663 2811 2702 ac
2834 2650 3321 2718 supplicationibus
3351 2650 3511 2704 indu.-

1955 2752 2042 2798 cat
2076 2743 2141 2795 ad
2180 2740 2471 2800 sedandam
2526 2741 2660 2794 iram
2702 2740 2962 2794 adversus
3001 2749 3211 2809 gentem
3254 2754 3428 2806 suam,
3455 2749 3510 2797 et

1953 2841 2102 2901 roget
2144 2838 2203 2883 ut
2251 2831 2409 2884 ﬁnem
2456 2827 2620 2883 faciat
2648 2843 2768 2883 sese
2799 2827 3106 2883 occultandi
3142 2847 3155 2882 :
3190 2840 3341 2899 roget
3377 2831 3506 2885 item

1953 2930 2011 2977 ut
2041 2928 2120 2977 vel
2160 2937 2281 2977 sero
2308 2918 2523 2974 tandem
2566 2934 2685 2989 qua:
2714 2917 2897 2974 Davidi
2926 2921 3173 2991 promisit
3196 2922 3509 2980 hominibus

1952 3015 2214 3070 conferat.
2244 3012 2403 3079 Quia,
2442 3013 2637 3080 inquit,
2686 3012 2921 3066 humana
2967 3022 3159 3066 natura
3206 3012 3419 3066 inﬁrma
3451 3022 3507 3067 et

1952 3108 2104 3176 inops
2133 3114 2237 3170 est,
2265 3104 2356 3160 sed
2389 3112 2566 3159 tamen
2595 3106 2763 3158 multo
2788 3104 2926 3173 apud
2962 3112 3014 3157 te
3044 3105 3249 3160 honore
3278 3104 3501 3174 dignata

1948 3205 2060 3263 est;
2092 3212 2195 3250 non
2226 3197 2368 3251 enim
2418 3211 2555 3251 vane
2602 3195 2800 3251 creasti
2853 3194 2991 3250 ﬁlios
3034 3194 3332 3259 hominum,
3363 3210 3505 3265 quos

292 3287 435 3359 πλὴν
466 3288 600 3341 ἀλλὰ
624 3288 876 3358 πλείστης
901 3288 1122 3357 ἠξίωται
1149 3288 1298 3360 παρά
1322 3288 1403 3343 σοὶ
1426 3286 1616 3357 τιμῆς·
1650 3287 1710 3339 οὐ
1739 3285 1847 3357 γάρ
1874 3302 1914 3357 C
1950 3306 2018 3343 se.

1778 3285 1847 3357 ἀρ
1874 3302 1914 3357 c
1950 3289 2241 3343 sectmdum
2274 3289 2562 3357 imaginem
2592 3296 2737 3341 tuam
2762 3287 3089 3354 condidisti;
3118 3294 3403 3357 eapropter
3435 3303 3503 3341 ne

292 3379 539 3449 ματαίως
564 3370 780 3441 ἔκτισας
803 3382 927 3440 τοὺς
958 3379 1105 3441 υἱοὺς
1134 3379 1238 3431 τῶν
1269 3376 1586 3449 ἀνθρώπων,
1611 3376 1701 3439 οὒς
1727 3376 1843 3428 κατ’

290 3468 477 3520 εἰκόνα
518 3468 617 3538 τὴν
646 3468 743 3538 σὴν
776 3465 1209 3537 ἐδημιούργησας
1228 3484 1240 3497 ·
1265 3466 1331 3519 δι’
1359 3466 1388 3518 6
1437 3467 1523 3519 ἵνα
1556 3466 1629 3536 μὴ
1666 3465 1727 3516 τὸ
1756 3464 1845 3516 σὺν

292 3557 496 3627 κτίσμα
526 3560 621 3611 καὶ
650 3561 682 3631 ή
720 3558 786 3629 σὴ
817 3558 977 3612 εἰκὼν
1012 3558 1389 3630 παραπόληται
1436 3557 1523 3610 διά
1553 3556 1651 3626 τῆς
1692 3555 1845 3607 ἐπελ-

290 3646 489 3715 θούσης
533 3648 719 3719 ὀργῆς,
754 3650 844 3701 καὶ
883 3650 979 3719 τῆς
1016 3650 1124 3701 τῶν
1165 3647 1581 3718 ἐπηγγελμένων
1613 3646 1843 3717 ὑπερθέ-

290 3755 448 3804 σεως,
481 3739 707 3809 τάχυνον
744 3740 1146 3810 ἀνακτήσασθαι
1178 3739 1246 3792 τά
1277 3738 1589 3810 σκυθρωπά,
1624 3740 1714 3791 καὶ
1750 3738 1842 3792 θε-

288 3831 560 3904 ραπεῦσαι
582 3831 650 3884 τά
670 3832 966 3903 νοσήσαντα
986 3829 1072 3883 διὰ
1101 3829 1200 3898 τῆς
1227 3828 1332 3881 τῶν
1368 3829 1584 3896 ἀγαθῶν
1610 3829 1842 3897 ἐπαγγε-

284 3923 417 3977 λιῶν
459 3924 750 3987 ἐκϐάσεως.
791 3924 853 3976 Εί
888 3922 984 3994 μὲν
1026 3922 1135 3993 γάρ
1178 3918 1315 3992 ἦσαν
1354 3924 1402 3975 οί
1449 3921 1723 3992 ἄνθρωποι
1761 3912 1843 3986 ἐίς

290 4015 519 4088 μάταιον
564 4014 871 4086 ἑκτισμένοι
922 4008 1120 4083 ὁμοίως
1170 4014 1281 4075 τοῖς
1326 4012 1418 4064 ἐπὶ
1469 4013 1571 4082 γῆς
1612 4012 1841 4079 ἀλόγοις

285 4105 467 4170 ζώοις,
509 4106 608 4159 οὐκ
644 4104 709 4159 ἀν
749 4104 898 4159 οὐδὲν
941 4095 1123 4167 αὐτοῖς
1158 4103 1325 4173 ἐχρῆν
1352 4102 1491 4172 μέγα
1513 4102 1840 4169 ἐπαγγέλλε-

285 4195 412 4251 σθαι
430 4212 443 4226 ·
468 4197 556 4249 ὅτε
581 4196 638 4248 δὲ
669 4195 891 4250 τοιαῦτα
919 4184 1205 4261 φθάνουσιν
1230 4191 1536 4262 ἀνθρώποις
1564 4192 1841 4261 εὐαγγελι-

286 4286 509 4357 ζόμεναι
546 4289 603 4340 αἱ
651 4285 787 4357 πρὸς
830 4285 920 4337 τὸν
958 4282 1117 4336 Δαυῒδ
1148 4282 1498 4352 ὁρκωμοσίαι,
1538 4283 1694 4336 παντί
1736 4301 1838 4336 που

280 4377 441 4447 δῆλον
470 4374 728 4438 ποιοῦσιν,
750 4376 830 4428 ὅτι
855 4375 928 4445 μὴ
951 4375 1042 4425 ὲπὶ
1074 4374 1282 4447 ματαίῳ
1308 4371 1524 4435 ἔκτισας
1546 4371 1671 4431 τοὺς
1692 4374 1839 4435 υἱοὺς

284 4470 391 4521 τῶν
423 4466 742 4538 ἀνθρώπων.
781 4466 931 4518 Ἐπεὶ
956 4466 1130 4518 τοίνυν
1159 4464 1407 4534 τοιαύτης
1435 4464 1659 4535 ἠξίωται
1688 4464 1836 4535 παρά

285 4559 369 4613 σοὶ
392 4558 559 4629 τιμῆς
588 4560 621 4629 ἡ
657 4556 966 4629 ἀνθρωπεία
995 4555 1173 4623 φύσις,
1215 4554 1438 4620 εἰκότως
1477 4557 1639 4627 φημὶ,
1673 4555 1835 4625 Μνή-

279 4640 456 4717 σθητι
486 4650 576 4716 τίς
618 4667 734 4718 μου
778 4648 1142 4712 ὑπόστασις·
1184 4646 1592 4718 καὶίμνησθητι,
1643 4646 1723 4699 ὅτι
1760 4633 1909 4717 μὴοο

284 4740 527 4813 ματαίως
569 4739 784 4801 ἔκτισας
828 4739 951 4801 τοὺς
982 4738 1128 4800 υἱοὺς
1169 4737 1275 4790 τῶν
1317 4736 1634 4809 ἀνθρώπων.
1678 4736 1834 4789 Ἀλλά

282 4832 376 4885 καὶ
406 4831 564 4883 τοῦτο
602 4831 900 4902 μνησθῆναι
933 4829 1087 4895 ἀξιῶ,
1118 4830 1199 4881 ὅτι
1233 4829 1402 4892 οὐδείς
1441 4831 1588 4883 ἐστιν
1624 4826 1831 4896 ἀνθρωο

284 4920 488 4985 πος,.ὃς
517 4918 773 4989 ἄγευστος
808 4920 1060 4990 τυγχάνει
1093 4918 1341 4980 θανάτου,
1378 4917 1483 4970 οὐδ’
1507 4911 1614 4979 οἷός
1654 4918 1715 4969 τέ
1747 4916 1830 4981 τίς

283 5014 427 5063 ἐστιν
457 5008 616 5072 αὐτὸς
645 5010 833 5061 ἑαυτοῦ
870 5011 967 5079 τὴν
991 5010 1163 5080 ψυχὴν
1198 5012 1261 5062 ἐκ
1288 5009 1512 5063 θανάτου
1542 5007 1825 5078 ῥύσασθαι,

280 5101 399 5154 οὐδὲ
422 5097 686 5154 καὶτοῦτο
716 5098 966 5167 τυγχάνει
987 5101 1087 5169 τῆς
1116 5101 1447 5169 εὐεργεσίας.
1476 5099 1632 5150 Ὥστε
1658 5101 1705 5152 εί
1736 5100 1826 5153 καὶ

280 5191 499 5245 τοιαῦτα
530 5190 838 5261 ἡμάρτανον
876 5191 923 5241 oi
957 5189 1047 5241 τοῦ
1088 5190 1350 5243 Ἰουδαίων
1380 5189 1579 5251 ἔθνους,
1614 5189 1688 5251 ὡς
1729 5186 1827 5253 τάς

280 5268 673 5343 ἐπαναστάσεις
714 5280 788 5351 (ί)
822 5278 918 5342 τὰς
945 5280 1077 5349 πρὸς
1101 5281 1189 5333 τὸν
1221 5280 1382 5333 Δαυῒδ
1411 5281 1489 5342 είς
1526 5278 1827 5334 τούναντίον

280 5374 462 5437 αὐτοῖς
500 5374 917 5446 περιτραπῆναι,
961 5373 1054 5424 καὶ
1084 5372 1182 5440 τὴν
1214 5373 1276 5424 ὲκ
1317 5372 1627 5442 σπέρματος
1664 5372 1825 5426 αὑτοῦ

279 5465 525 5535 διαδοχὴν
558 5466 653 5518 σὺν
689 5465 767 5535 τῷ
796 5465 894 5534 τῆς
929 5464 1202 5535 βασιλείας
1232 5462 1404 5535 θρόνῳ
1431 5462 1790 5535 καταλυθῆναι
1809 5481 1822 5494 ο

278 5556 341 5609 οὐ
374 5554 480 5624 μὴν
507 5552 641 5606 άλλά
668 5555 758 5607 καὶ
788 5554 947 5607 αὐτὸν
973 5554 1060 5606 τὸν
1082 5553 1312 5623 Χριστόν
1353 5568 1447 5605 σου
1477 5550 1698 5604 τοιαῦτα
1728 5570 1822 5605 πα-

279 5645 390 5700 θεῖν
418 5644 519 5698 ὑπὸ
556 5627 662 5697 τῶν
682 5644 881 5708 αὐτῶν,
906 5646 1063 5698 ὁποῖα
1091 5643 1447 5717 προλαϐόντες
1480 5644 1529 5696 οἱ
1562 5643 1643 5694 σοι
1675 5642 1817 5713 λόγοι

280 5735 409 5809 περὶ
445 5734 605 5787 αὑτὸν
645 5732 966 5802 γενήσεσθαι
995 5737 1432 5808 προεφήτευσαν·
1463 5733 1597 5787 ἀλλά
1632 5734 1708 5806 μὴ
1738 5738 1817 5800 είς

277 5826 427 5889 τέλος
458 5813 863 5895 ἀποστραφῆναι
890 5824 1162 5900 ἀξιοῦμεν,
1207 5828 1336 5903 μηδὲ
1370 5826 1444 5891 ὡς
1494 5826 1601 5895 πῦρ
1624 5826 1818 5885 taxau-

344 5916 423 5992 (ι)
458 5902 517 5977 ι.
548 5914 886 5987 ιπαγγεδιας,

1946 3379 2214 3447 Opiﬁcium
2246 3386 2395 3432 tuum
2422 3385 2475 3432 et
2520 3379 2695 3447 imago
2727 3386 2821 3431 tua
2853 3393 2948 3446 per
2985 3381 3322 3449 ingruentem
3366 3379 3499 3432 iram

1944 3478 1996 3525 et
2026 3471 2413 3539 promissorum
2446 3469 2752 3524 dilationem
2808 3479 3009 3541 pereat,
3062 3482 3273 3528 mature
3324 3467 3500 3527 tristia

1946 3564 2033 3615 illa
2064 3576 2301 3630 repares,
2341 3561 2672 3630 inﬁrmisque
2722 3560 2989 3615 medearis
3033 3577 3131 3630 per
3180 3563 3499 3633 promissio-

1945 3670 2071 3707 num
2105 3655 2305 3709 exitum
2336 3659 2390 3707 et
2444 3652 2917 3723 complementum.
2969 3651 3101 3705 Nam
3152 3654 3197 3707 si
3251 3654 3498 3708 homines

1942 3747 2161 3815 perinde
2180 3752 2339 3814 atque
2360 3746 2516 3798 bruta
2534 3743 2787 3797 animalia
2811 3743 2862 3796 i..
2887 3758 3083 3797 vanum
3101 3745 3267 3797 creati
3290 3752 3493 3806 essent,

1942 3837 2075 3891 nihil
2107 3837 2240 3905 ipsis
2266 3851 2515 3905 magnum
2565 3833 2982 3905 promittendum
3013 3842 3156 3889 esset
3196 3853 3209 3888 :
3241 3849 3364 3889 cum
3393 3849 3493 3887 au-

1942 3938 2044 3983 tem
2065 3928 2369 3995 iuramenta
2403 3924 2761 3989 Davididata,
2810 3925 2939 3979 talia
2990 3926 3130 3979 bona
3182 3926 3492 3982 hominibus

1941 4017 2291 4081 anuunticnt;
2318 4030 2381 4070 ea
2412 4030 2542 4070 sane
2567 4018 2743 4086 palam
2771 4016 2976 4070 faciunt
3000 4023 3056 4070 te
3079 4031 3185 4069 non
3214 4017 3268 4068 in
3289 4030 3488 4070 vanum

1939 4123 2151 4165 creasse
2177 4107 2312 4160 ﬁlios
2339 4106 2635 4159 hominum.
2665 4105 2802 4171 Quia
2832 4107 2994 4176 igitur
3031 4106 3265 4158 humana
3295 4113 3488 4161 natura

1939 4198 2030 4252 tali
2057 4198 2154 4253 abs
2179 4205 2231 4253 te
2262 4198 2463 4251 honore
2486 4197 2685 4249 donata
2710 4204 2815 4261 est,
2839 4196 2962 4266 jure
2993 4196 3115 4253 dico
3141 4216 3155 4252 :
3191 4195 3489 4256 Memorare

1936 4304 2049 4360 quae
2105 4305 2215 4343 mea
2244 4288 2567 4348 substantia:
2594 4296 2647 4342 et
2676 4290 2961 4343 recordare
2992 4297 3045 4343 te
3074 4303 3181 4343 non
3208 4292 3261 4343 in
3288 4305 3486 4344 vanum

1936 4393 2152 4435 creasse
2193 4380 2332 4434 ﬁlios
2361 4380 2656 4434 hominum.
2690 4376 2794 4433 Sed
2832 4380 2992 4432 etiam
3026 4379 3079 4433 id
3116 4381 3389 4436 recordari
3435 4392 3488 4436 te

1939 4484 2146 4541 precor,
2173 4471 2379 4525 nullum
2403 4486 2522 4526 esse
2561 4470 2837 4523 hominum
2871 4473 2962 4538 qui
2992 4478 3217 4525 mortem
3249 4486 3355 4525 non
3390 4472 3485 4527 de-

1936 4571 2133 4631 gustet,
2155 4576 2252 4616 nee
2274 4576 2432 4630 posse
2453 4574 2775 4630 quemquam
2801 4561 3031 4614 animam
3054 4575 3203 4614 suam
3219 4576 3284 4614 ex
3312 4570 3485 4615 morte

1938 4655 2192 4719 liberare;
2229 4668 2400 4721 neque
2449 4652 2590 4705 enim
2632 4650 2683 4703 id
2733 4647 2977 4704 beneﬁcii
3028 4652 3251 4720 accepit.
3296 4651 3482 4720 Itaque

1932 4744 2142 4799 etiamsi
2168 4745 2289 4798 talia
2317 4740 2513 4797 fuerint
2542 4740 2779 4795 Judaicze
2807 4742 2981 4810 gentis
3008 4743 3231 4807 scelera,
3265 4750 3322 4797 ut
3350 4758 3480 4812 pro.

1932 4834 2095 4887 missa
2136 4834 2328 4886 Davidi‘
2354 4832 2477 4886 data
2509 4832 2562 4885 in
2594 4835 2924 4887 contrarium
2963 4831 3095 4901 ipsis
3117 4833 3392 4895 cederent,
3423 4840 3480 4889 et

1929 4926 2203 4991 successio
2232 4923 2453 4977 seminis
2480 4923 2598 4993 ejus
2621 4938 2725 4977 una
2751 4937 2874 4977 cum
2903 4925 3053 4992 regni
3084 4926 3279 4978 throno
3305 4924 3479 4980 solve-

1928 5021 2107 5077 retur;
2145 5014 2253 5066 imo
2283 5014 2589 5084 etiam-ipse
2625 5013 2875 5067 Christus
2906 5023 3031 5068 tuus
3065 5014 3189 5067 talia
3232 5014 3300 5068 sb
3342 5014 3476 5083 ipsis

1927 5108 2216 5171 pateretur,
2236 5102 2415 5171 qualia
2439 5103 2589 5171 prius
2611 5115 2889 5156 sermones
2910 5103 2987 5155 tui
3014 5103 3114 5171 ipsi
3140 5102 3318 5156 futura
3342 5116 3477 5171 prc-

1926 5191 2277 5245 nuntiabant:
2309 5200 2541 5244 attamen
2587 5203 2869 5257 precamur
2902 5205 2971 5245 ne
3014 5192 3065 5245 in
3109 5189 3268 5243 ﬁnem
3302 5206 3474 5261 usque

1926 5280 2206 5342 avertatis,
2238 5294 2411 5349 neque
2436 5280 2513 5332 ira
2540 5286 2630 5334 tua
2656 5280 2793 5335 sicut
2826 5281 2964 5351 ignis
2996 5280 3348 5347 accendatur;
3376 5282 3483 5336 sed

1926 5370 2224 5424 recorderis
2264 5384 2385 5438 quae
2440 5370 2743 5426 substantia
2778 5386 2914 5431 mea,
2947 5370 3040 5439 qui
3088 5369 3201 5426 huic
3240 5387 3337 5442 pro
3363 5373 3469 5428 illis

1925 5464 2158 5532 postulo,
2182 5472 2235 5518 et
2256 5478 2375 5532 quae
2403 5462 2473 5517 sit
2502 5450 2780 5518 hominum
2806 5461 3111 5525 inﬁrmitas,
3138 5466 3229 5534 qui
3263 5473 3466 5521 morta-

1924 5552 2026 5606 lem
2054 5560 2105 5605 et
2153 5550 2392 5609 interitui
2446 5551 2732 5606 obnoxiam
2783 5558 3032 5606 naturam
3076 5554 3252 5608 sortiti
3278 5544 3465 5609 sunt:

1922 5642 2224 5699 recorderis
2250 5645 2375 5698 item
2404 5644 2505 5708 tui,
2530 5644 2621 5713 qui
2659 5659 2765 5697 non
2796 5644 2849 5697 in
2884 5659 3076 5699 vanum
3098 5645 3295 5700 creasti
3329 5644 3468 5702 ﬁlios

1920 5733 2218 5809 hominum,
2242 5733 2335 5789 sed
2358 5732 2428 5787 ad
2450 5747 2697 5803 magnam
2721 5750 2868 5803 spem
2892 5750 3056 5805 penes
3078 5743 3131 5791 te
3152 5740 3462 5807 repositam.

1926 5824 2297 5897 Supplicamus
2324 5833 2503 5879 autem
2525 5831 2591 5879 ut
2617 5821 2727 5878 haec
2758 5825 2810 5885 in
2839 5824 3150 5888 memoriam
3180 5818 3459 5895 remeans,
