4372 6410
854 467 997 527 “23

1487 465 1753 524 EUSEBll
1791 462 2273 525 CESARIENSIS
2298 465 2458 525 ‘OPP.
2499 466 2679 524 PARS
2712 466 2802 526 Ill.
2838 492 2910 512 -δ
2938 460 3354 527 'EXEGETICA.

3932 477 4068 532 H24

853 597 910 644 et
942 590 1210 643 revocatis
1240 594 1509 658 prioribus
1544 589 1700 644 initio
1742 591 1971 660 prolatis
2005 590 2103 644 Dei
2143 589 2410 658 pollicita-
2446 600 2483 654 Β
2514 591 2579 642 πά

2338 596 2410 642 ta-
2446 600 2483 654 Β
2514 591 2671 642 πάλιν
2697 590 2935 660 ἐντίθησι
2962 591 3023 643 τὸ
3067 591 3360 661 διάῷαλμα,
3393 593 3484 643 καὶ
3531 591 3840 646 ἑναλλάττει
3868 593 3965 662 τὴν
3991 595 4064 646 δι-

854 676 1113 745 tiouibus,
1164 681 1234 733 ita
1275 690 1331 732 ut
1383 680 1741 749 diapsalmata
1794 681 2056 734 rationem
2115 680 2402 749 quamdam

854 784 1069 826 servent
1099 786 1159 824 ac
1216 781 1477 824 mutatam
1527 774 1848 827 sententiam
1895 772 1978 826 vel
2016 787 2300 841 personam
2337 771 2412 824 si-

851 861 1126 935 gnificent.
1160 862 1269 917 lloc
1299 878 1461 932 porro
1509 864 1659 918 dicas
1700 866 1765 918 de
1811 864 2065 917 omnibus
2111 862 2409 931 psalmisin

851 959 1048 1028 quibus
1097 958 1397 1026 diapsalma
1450 955 1621 1010 fertur
1658 976 1671 1011 :
1712 973 1835 1010 nam
1882 965 1975 1010 aut
2022 973 2266 1026 persona:
2319 964 2410 1009 aut

851 1051 1134 1103 sententia:
1189 1050 1541 1103 mutationem
1595 1046 1835 1103 declarat
1879 1069 1891 1102 :
1943 1049 2236 1120 aliquando
2281 1064 2410 1101 vero

850 1140 1128 1195 Hebraicae
1156 1141 1401 1195 melodis:
1431 1143 1840 1196 conversionem
1875 1149 2046 1195 notat.
2077 1142 2267 1210 Aquila
2303 1156 2405 1193 au-

847 1241 956 1287 tem
1007 1243 1274 1302 nusquam
1312 1232 1667 1302 diapsalmate
1710 1235 1913 1300 utitur;
1959 1233 2052 1288 sed
2080 1234 2408 1287 omnibusin

769 1339 776 1346 '
849 1325 985 1382 locis
1010 1322 1128 1380 vice
1158 1325 1322 1389 illius,
1352 1321 1697 1393 interpretari
1721 1325 1874 1390 solet,
1895 1324 2282 1392 semper.Quod
2313 1339 2411 1377 no-

847 1419 934 1473 bis
963 1417 1322 1487 ignorandum
1353 1432 1462 1468 non
1492 1426 1628 1469 erat.
1663 1416 1717 1468 lu
1755 1417 1846 1468 illo
1880 1424 2058 1470 autem
2095 1415 2261 1470 totius
2295 1428 2410 1467 ser-

846 1506 1024 1562 monis
1049 1521 1146 1560 ceu
1179 1506 1378 1577 sigillo,
1427 1504 1734 1558 Benedictus
1765 1505 2024 1575 Dominus
2054 1505 2107 1556 in
2135 1513 2403 1568 wternum,

846 1599 964 1667 ﬁat,
995 1600 1124 1666 ﬁat;
1174 1598 1471 1653 secundum
1523 1599 1794 1668 Aquilam,
1844 1613 1940 1668 pro
1973 1597 2066 1650 illo
2109 1594 2256 1657 Fiat,
2288 1585 2426 1663 ﬁat,"

845 1691 1044 1762 legitur
1074 1684 1350 1757 Fideliter,
1383 1691 1646 1760 ﬁdeliter;
1691 1690 1989 1744 secundum
2023 1686 2404 1757 Symmachum

843 1798 995 1850 vero,
1022 1783 1240 1853 perint"
1283 1794 1441 1854 “tque
1466 1783 1521 1837 in
1573 1781 1838 1837 Hebraico
1867 1781 2183 1849 exemplari,
2220 1779 2403 1840 Amen,

843 1890 1014 1929 amen.

2509 681 2797 734 δασκαλίαν
2823 681 3044 749 φάσκων
3068 697 3080 709 ³
3109 683 3252 747 Ἕως
3272 683 3434 745 πότε,
3457 684 3648 749 Κύριε,
3672 684 4066 751 ἀποστρέψεις

2513 775 2598 837 εὶς
2629 771 2828 837 τέλος
2859 773 2951 824 καὶ
2980 772 3078 842 τὴν
3108 773 3268 842 εὐχὴν
3294 773 3635 844 ἀναπέμψας,
3672 775 3832 827 πάλιν
3861 775 3938 844 τῷ
3958 777 4056 827 διαο

2510 863 2749 932 ψάλματι
2785 863 2982 932 μεταξὺ
3010 864 3291 934 κέχρηται,
3333 864 3426 915 καὶ
3459 865 3697 932 ἐπιλέγει
3723 881 3735 893 ·
3769 865 3895 917 Ποῦ
3938 866 4065 917 ἐστι

2510 956 2582 1008 τὰ
2628 956 2766 1022 ἐλέη
2812 972 2927 1007 σου
2968 958 3037 1008 τὰ
3080 955 3331 1022 ἀρχαῖα,
3371 955 3573 1022 Κύριε;
3614 955 3929 1025 μεταϐαλὼν
3971 956 4065 1026 τὴν

2509 1047 2743 1100 διάνοιαν
2788 1050 2880 1100 καὶ
2927 1048 3354 1118 ἀνακαλούμενος
3402 1048 3497 1110 τὰς
3539 1048 3756 1117 πρώτας
3797 1049 3892 1101 τοῦ
3933 1047 4063 1101 Θεοῦ

2513 1137 2857 1204 ἐπαγγελίας,
2909 1137 3007 1198 τὰς
3058 1140 3112 1188 ὲν
3167 1139 3306 1208 ἀρχῇ
3359 1137 3665 1207 λεχθείσας·
3722 1137 3861 1190 ὥστε
3916 1138 4066 1205 λόγον

2512 1229 2652 1298 ἔχειν
2682 1229 2802 1280 τινὰ
2844 1229 2936 1280 καὶ
2964 1227 3032 1280 τά
3064 1229 3408 1298 διαψὰλματα
3445 1229 3744 1299 μεταϐολῆς
3773 1229 4006 1292 διανοίας
4032 1232 4064 1300 ἢ

2510 1317 2796 1388 προσώπου
2826 1319 3122 1388 ὲναλλαγῆς
3152 1318 3216 1370 δι’
3244 1319 3419 1372 αὐτῶν
3452 1337 3514 1388 ση
3526 1320 3869 1390 μαινομένης.
3903 1320 4069 1373 Τοῦτο

2508 1411 2562 1462 δὲ
2595 1411 2685 1462 ἐπὶ
2719 1411 2932 1462 πάντων
2976 1413 3121 1480 ἐρεῖς
3151 1410 3256 1462 τῶν
3292 1411 3514 1479 ψαλμῶν
3548 1415 3604 1463 ἐν
3651 1407 3730 1474 οἷς
3760 1413 3980 1482 φέρεται
4006 1414 4068 1464 τὸ

2507 1499 2810 1569 διάψαλμω
2843 1499 2874 1569 ἢ
2910 1500 3017 1570 γὰρ
3050 1499 3138 1551 τοῦ
3174 1500 3460 1571 προσώπου
3495 1502 3816 1571 παρίστησιν
3848 1503 4065 1556 ἐναλλαο

2507 1594 2610 1661 γὴν
2653 1592 2685 1662 ἢ
2720 1592 2817 1661 τῆς
2859 1591 3093 1654 διανοίας
3117 1609 3130 1622 ο
3166 1592 3279 1644 ἐστι
3323 1592 3368 1645 δ’
3411 1595 3498 1645 ὅτε
3544 1593 3635 1644 xui.
3671 1593 3939 1663 μεταὸολὴ
3969 1595 4067 1663 τῆς

2507 1684 2646 1737 κατὰ
2686 1684 2747 1736 τὸ
2796 1683 3077 1754 Ἐὀραῖκὸν
3125 1683 3404 1753 μελῳδίας.
3455 1684 3518 1735 Ὃ
3567 1700 3627 1751 γε
3676 1684 3776 1755 μὴν
3855 1683 4066 1744 Ακύλας

2506 1772 2740 1843 οὐδαμοῦ
2784 1773 3045 1841 κέχρηται
3083 1770 3160 1841 τῷ
3206 1772 3568 1844 διαψάλματι’
3617 1773 3736 1825 ἀντὶ
3777 1772 3835 1826 δὲ
3881 1772 4064 1825 τούτου

2438 1865 2480 1918 Β
2509 1869 2564 1917 ὲν
2592 1867 2723 1918 πᾶσι
2750 1867 2860 1926 τοῖς
2882 1866 3066 1928 τόποις
3095 1865 3282 1918 εἴωθεν
3307 1866 3625 1936 ἑρμηνεύειν
3651 1865 3730 1928 τὸ,
3753 1865 3865 1920 ἀεί.
3894 1865 4066 1936 Ὅπερ

840 1965 1005 2035 ὲχρῆν
1034 1961 1178 2035 ἡμᾶς
1209 1964 1282 2036 μὴ
1317 1967 1545 2033 αγνοεῖν.
1577 1961 1650 2016 Τὸ
1681 1961 1737 2015 δὲ
1765 1960 2179 2033 ὲπισφράγισμα
2204 1956 2402 2018 παντὸς
2425 1955 2520 2008 τοῦ
2551 1953 2710 2022 λόγου
2739 1955 2820 2018 τὸ,
2848 1956 3187 2024 Εὐλογητὸς
3209 1957 3420 2024 Κύριος
3447 1958 3532 2021 εἰς
3573 1956 3678 2009 τὸν
3722 1955 3925 2017 αἰῶνα,
3973 1954 4066 2024 τέ-

839 2074 1019 2121 νοιτο,
1071 2058 1318 2127 γένοιτο,
1373 2058 1514 2110 κατὰ
1561 2057 1658 2127 μὲν
1702 2053 1794 2107 τὸν
1845 2053 2072 2107 Ἀκύλαν
2123 2050 2243 2103 ἀντὶ
2287 2047 2403 2110 τοῦ,
2435 2047 2698 2108 Γένοιτο,
2745 2046 2993 2113 γένοιτο,
3048 2047 3530 2117 Πεπιστωμένως,
3585 2047 4060 2116 πεπιστωμένως,

840 2150 1126 2220 περιέχει·
1195 2151 1335 2203 κατά
1393 2149 1451 2202 δὲ
1513 2150 1603 2201 τὸν
1663 2145 1996 2217 Σύμμαχον,
2064 2143 2263 2214 ὁμοίως
2320 2138 2397 2207 τῷ
2437 2136 2729 2207 Ἐσραῖκῷ,
2764 2136 2939 2205 Ἀμὴν
2967 2137 3062 2189 καὶ
3097 2139 3278 2206 ἁμήν.

1108 2267 1159 2321 Ι.
1214 2265 1496 2320 LXXXIX.
1524 2257 1783 2318 ORATIO
1821 2262 2095 2317 MOYSIS.

910 2361 1152 2416 “235.2.
1192 2359 1430 2425 Domine,
1465 2359 1722 2430 refugium
1753 2346 1925 2427 factus
1958 2375 2010 2410 es
2051 2355 2197 2410 nobis
2225 2357 2279 2408 in
2316 2371 2400 2425 ge-

841 2454 1112 2509 neratione
1144 2461 1192 2505 et
1227 2453 1579 2522 generatione.
1619 2449 1938 2519 Priusquam
1983 2458 2179 2501 montes
2212 2448 2399 2514 ﬁrma-

841 2557 1043 2608 rentur,
1075 2553 1166 2598 aut
1217 2543 1536 2612 {armaretur
1581 2553 1721 2595 terra
1751 2552 1800 2595 et
1833 2541 1994 2602 orbis,
2042 2549 2090 2592 et
2146 2555 2176 2590 a
2207 2537 2398 2591 seculo

840 2655 1000 2708 usque
1026 2638 1078 2690 in
1121 2637 1371 2690 swculum
1403 2643 1457 2686 tu
1485 2651 1559 2697 es,
1588 2632 1749 2686 Deus.
1790 2631 1884 2686 liis
1927 2631 2218 2687 edocemur
2261 2630 2398 2683 divi-

841 2747 971 2786 num
1025 2730 1246 2800 quidem
1291 2727 1504 2781 Numen
1547 2733 1865 2796 perpetuum
1912 2732 1965 2779 et
2013 2719 2398 2790 sempiternum

838 2839 980 2879 esse.
1015 2821 1150 2876 Nam
1179 2821 1272 2891 qui
1304 2819 1460 2887 dixit,
1484 2819 1622 2872 Deus
1648 2834 1739 2888 ego
1758 2834 1896 2881 sum,
1920 2816 2009 2886 qui
2038 2826 2236 2882 semper
2258 2827 2395 2877 sum,

835 2925 885 2970 et
916 2916 1054 2969 idem
1085 2930 1222 2978 sum,
1257 2921 1306 2966 et
1339 2911 1394 2964 in
1442 2903 1654 2979 inﬁnita
1689 2907 1886 2964 δίκαια
1929 2914 2229 2974 permaneo,
2262 2920 2400 2957 nun-

837 3021 1004 3077 quam
1036 3013 1284 3059 uaturam
1313 3007 1488 3055 mutat
1517 2991 1819 3054 suam.Nos
1841 3008 2040 3061 autem,
2065 2997 2157 3068 qui
2186 2995 2239 3049 in
2270 3004 2400 3048 tem-

837 3114 970 3170 pore
1012 3096 1081 3151 ad
1127 3096 1294 3149 vitam
1321 3091 1654 3154 accedimus,
1697 3088 1955 3143 torrentis
2006 3087 2178 3142 instar
2227 3085 2399 3140 eillui-

836 3203 1001 3243 mus:
1047 3184 1305 3255 quoniam
1351 3180 1651 3238 secundum
1701 3176 2067 3241 Salomouem,
2121 3175 2398 3246 Generatio

836 3277 1091 3339 abscedit,
1127 3284 1176 3331 et
1211 3273 1474 3346 generatio
1514 3272 1651 3325 venit
1671 3265 1737 3332 ⁸³,
1760 3273 1815 3346 et
1853 3283 1941 3323 res
1974 3266 2222 3321 humana:
2261 3281 2400 3320 nun-

836 3385 1001 3439 quam
1029 3369 1216 3424 eodem
1248 3368 1303 3420 in
1327 3372 1470 3420 statu
1501 3369 1722 3418 manent
1743 3379 1756 3427 ;
1776 3361 1871 3418 sed
1895 3358 2260 3415 diversimode
2279 3372 2399 3412 mu-

836 3468 1048 3516 tantur.
1076 3458 1337 3513 Dominus
1362 3467 1560 3521 autem,
1581 3453 1674 3524 qui
1702 3453 1758 3507 in
1789 3451 2017 3522 singulis
2038 3447 2399 3520 generationi-

2833 2254 3203 2307 ΠΡΟΣΕΥΧΗ
3235 2255 3563 2307 ΜΩΥΣΕΩΣ.
3593 2254 3717 2306 ΠΘν.

2575 2351 2770 2412 Κύρνε,
2811 2337 3122 2413 καταφυγὴ
3161 2343 3447 2412 ἑτενήθης
3484 2344 3627 2412 ἡμῖν
3662 2345 3732 2396 ἐν
3762 2342 3938 2412 γενεᾷ
3969 2345 4062 2397 καὶ

2506 2436 2694 2507 γενεᾷ.
2747 2435 2865 2504 Πρὸ
2909 2436 3011 2488 τοῦ
3046 2435 3148 2502 ὄρη
3179 2434 3538 2502 ἑδρασθῆναι
3585 2434 3684 2487 καὶ
3727 2433 4064 2501 πλασθῆναι

2505 2525 2618 2594 τὴν
2647 2524 2759 2596 γῆν
2786 2525 2884 2578 καὶ
2908 2525 3022 2591 τὴν
3046 2523 3420 2593 οἰκουμένην,
3456 2523 3552 2577 καὶ
3583 2523 3700 2576 ἀπὸ
3727 2523 3832 2577 τοῦ
3855 2523 4063 2589 αἰῶνος

2504 2618 2611 2683 ἕως
2634 2618 2736 2672 τοῦ
2762 2617 2973 2681 αἰῶνος
2994 2616 3075 2668 σὺ
3104 2616 3176 2678 εἴ,
3205 2619 3238 2668 ὁ
3270 2617 3430 2680 Θεός.
3456 2615 3641 2684 Δόγμα
3663 2615 3902 2668 παιδεύει
3922 2616 3949 2666 ό
3975 2613 4055 2667 λό-

2505 2727 2620 2780 γος,
2648 2711 2909 2763 διδάσκων
2933 2708 2992 2761 τὸ
3025 2707 3124 2778 μὲν
3145 2696 3296 2760 Θεϊον
3327 2707 3544 2778 διαρκὲς
3573 2705 3835 2779 ὑπάρχειν
3859 2707 3951 2759 καὶ
3978 2702 4064 2759 ἆτ-
4127 2772 4134 2776 η

2502 2801 2632 2854 διον.
2657 2800 2713 2853 '0
2740 2797 2847 2870 γάρ
2875 2795 3062 2859 εἰπὼν,
3090 2796 3234 2862 Θεὸς
3257 2795 3368 2864 ἐγώ
3392 2799 3508 2864 εἰμι
3537 2799 3570 2849 ὁ
3592 2795 3694 2860 ὢν,
3721 2795 3809 2849 ἀεὶ
3841 2794 3944 2860 ὢν,
3967 2795 4060 2848 καὶ

2503 2894 2537 2944 ὁ
2563 2890 2742 2955 αὐτὸς
2777 2889 2879 2952 ὢν,
2913 2887 3007 2940 καί
3045 2889 3133 2952 εὶς
3160 2886 3301 2952 τοὺς
3321 2887 3602 2954 ἀπείρους
3630 2885 3844 2952 αἰῶνας
3868 2887 4062 2955 διαμέ..

2502 2999 2642 3046 νων,
2691 2979 2886 3035 ούποτε
2932 2975 3251 3049 μετασάλλει
3289 2979 3389 3047 τὴν
3433 2976 3597 3030 αὑτοῦ
3647 2975 3825 3047 φύσιν.
3879 2979 4060 3048 Ἡμεῖς

2501 3071 2576 3135 δὲ,
2613 3069 2754 3124 κατὰ
2787 3072 3009 3140 καιροὺς
3050 3067 3335 3138 παριόντες
3367 3067 3446 3129 είς
3475 3067 3566 3120 τὸν
3605 3066 3739 3136 βίον,
3766 3069 4061 3140 χειμάρρου

2502 3164 2700 3234 τρόπον
2739 3161 3114 3234 ἀπορρέομεν·
3157 3158 3279 3210 ἐπεὶ
3308 3156 3401 3210 καὶ
3450 3156 3591 3209 κατὰ
3632 3157 3723 3209 τὸν
3755 3158 4057 3228 Σολομῶνα.

2503 3257 2690 3311 Γενεὰ
2716 3255 3045 3323 πορεύεται,
3092 3253 3191 3306 καὶ
3233 3249 3409 3318 γενεὰ
3454 3248 3705 3318 ἔρχεται,
3735 3250 3829 3304 καὶ
3861 3249 3929 3303 τὰ
3968 3251 4058 3303 άν-

2503 3347 2748 3419 θρώπινα
2774 3346 3074 3416 πράγματα
3105 3344 3170 3397 δὲ’
3201 3344 3321 3396 οὐδὲ
3352 3343 3568 3396 πώποτε
3590 3343 3648 3395 ἐν
3673 3341 3854 3412 ταὺτῷ
3889 3342 4055 3413 μένει.

2502 3440 2688 3495 ἄλλοτε
2738 3437 2782 3491 δ’
2833 3436 3006 3499 ἄλλως
3057 3433 3397 3506 μεταϐάλλει.
3449 3435 3508 3487 ’0
3556 3432 3614 3486 δὲ
3662 3433 3890 3504 διαρκὴς
3939 3433 4058 3486 καθ’

837 3553 942 3607 bus
980 3559 1181 3614 manet,
1217 3551 1273 3604 in
1310 3565 1370 3604 se
1409 3547 1745 3618 sperantium
1774 3543 2042 3614 refugium
2085 3541 2261 3595 factus
2293 3547 2396 3596 est.
2424 3543 2468 3600 C
2501 3536 2563 3587 ἐκ

2329 3547 2396 3596 st.
2424 3543 2468 3600 C
2501 3533 2733 3602 ἑκάστην
2776 3530 2967 3602 γενεάν
3003 3531 3208 3599 Κύριος
3247 3528 3354 3582 τῶν
3398 3530 3477 3591 είς
3526 3527 3684 3581 αὐτὸν
3733 3527 4055 3591 ἐλπιζόντων

835 3644 968 3699 Nam
1001 3647 1125 3699 an’te
1151 3641 1413 3698 diluvium
1453 3637 1661 3701 Enoch,
1690 3644 1744 3690 et
1767 3634 1812 3689 si
1841 3634 1965 3705 quis
1995 3632 2134 3686 alius
2154 3629 2397 3701 ejusdem

760 3781 768 3789 .
834 3734 1224 3810 generationis,
1261 3735 1314 3788 in
1351 3730 1619 3800 refugium
1653 3728 1832 3798 ipsum
1877 3723 2106 3779 habuit:
2135 3729 2396 3810 pereunte

834 3809 1018 3882 autem
1051 3826 1107 3879 in
1140 3823 1344 3877 diluvio
1386 3819 1666 3874 hominum
1695 3827 1912 3886 genere,
1956 3827 2148 3868 rursus
2175 3809 2287 3865 Noe
2317 3810 2397 3878 ip-

835 3932 957 3972 sum
985 3921 1040 3971 et
1081 3930 1187 3969 non
1226 3913 1393 3967 alium
1439 3911 1494 3964 in
1527 3908 1797 3977 refugium
1827 3905 2084 3960 obtinuit.
2119 3901 2185 3955 Et
2207 3908 2396 3972 postea

833 4011 936 4065 Lot
966 4026 1030 4065 ex
1062 4001 1886 4073 Sodomitarum'generatione;
1925 3997 2218 4060 Abraham,
2248 3993 2397 4048 lsaae

833 4113 888 4158 et
917 4101 1109 4164 Jacob,
1145 4096 1346 4168 singuli
1398 4096 1453 4149 in
1493 4110 1621 4158 sua;
1659 4093 1764 4146 imo
1794 4090 1958 4144 etiam
1986 4086 2187 4155 Joseph
2227 4086 2281 4138 in
2304 4098 2396 4154 ge-

833 4195 1119 4250 neratione
1158 4206 1276 4252 sua,
1309 4203 1372 4241 ac
1404 4186 1614 4257 Moyses
1643 4199 1859 4238 rursum
1901 4183 1957 4235 in
1987 4180 2091 4234 alia
2116 4198 2131 4246 ;
2155 4179 2210 4232 in
2245 4193 2391 4231 sum-

833 4302 921 4342 ma
949 4301 1043 4355 per
1078 4283 1324 4353 singulas
1357 4278 1756 4349 generationes.
1791 4273 2102 4335 Dominum,
2131 4268 2225 4339 qui
2254 4282 2395 4323 sem—

835 4391 933 4449 per
958 4382 1062 4437 est,
1095 4373 1151 4426 in
1199 4369 1466 4440 refugium
1499 4366 1807 4420 habuerunt
1850 4363 1944 4431 qui
1974 4361 2029 4415 in
2061 4363 2178 4429 ipso
2211 4371 2395 4428 spera-

833 4475 981 4524 runt.
1007 4464 1103 4520 His
1137 4479 1299 4535 porro
1331 4476 1432 4515 nos
1480 4457 1763 4526 Scriptura
1798 4455 2071 4516 hortatur,
2123 4457 2182 4503 ut
2226 4464 2294 4503 ne
2338 4449 2394 4502 iu

832 4559 1003 4615 alium
1065 4571 1228 4627 quam
1283 4553 1334 4607 in
1396 4549 1564 4605 Deum
1625 4560 1946 4618 speremus;
1999 4541 2092 4597 sed
2143 4543 2198 4595 in
2248 4540 2396 4595 Omni

831 4661 1099 4722 tempore,
1140 4649 1195 4702 in
1243 4644 1474 4717 singulis
1512 4641 1706 4697 diebus
1756 4647 1812 4693 et
1847 4636 2020 4700 horis,
2062 4636 2117 4688 in
2165 4633 2395 4702 singulis

832 4743 962 4795 item
993 4737 1320 4801 actionibus,
1341 4735 1685 4802 maximeque
1713 4730 1769 4785 in
1798 4737 2044 4798 tempore
2069 4724 2394 4781 calamitatis

835 4834 905 4888 ad
940 4833 1116 4902 ipsum
1165 4828 1566 4897 confugiamus.
1619 4822 1686 4877 Et
1734 4821 1992 4893 quoniam
2049 4818 2142 4889 qui
2195 4817 2394 4888 frigore

2497 3624 2785 3696 καταφυγὴ
2833 3623 3064 3693 γίνεται.
3112 3621 3224 3693 Πρὸ
3265 3621 3368 3692 μὲν
3404 3621 3511 3692 γὰρ
3542 3620 3645 3674 ’τοῦ
3679 3611 4056 3692 κατακλυσμοῦ

2509 3717 2698 3786 Ἑνὼχ,
2727 3715 2820 3769 καὶ
2845 3716 2897 3766 ετ
2916 3731 3001 3777 τις
3029 3711 3187 3775 ἄλλος
3220 3711 3321 3781 τῆς
3351 3711 3471 3764 τότε
3505 3713 3714 3779 γενεᾶς,
3740 3712 4058 3780 καταφυγὴν

2495 3807 2654 3861 αὐτὸν
2695 3807 2955 3877 ἔσχηκεν·
2983 3803 3353 3874 ἀπολλυμένου
3396 3803 3454 3856 δὲ
3491 3802 3584 3856 τοῦ
3630 3805 3737 3857 τῶν
3761 3803 4056 3875 ἀνθρώπων

2494 3900 2684 3968 γένους
2714 3900 2770 3950 ἐν
2814 3896 2891 3966 τῷ
2936 3894 3323 3964 κατακλυσμῷ,
3370 3894 3530 3946 πάλιν
3573 3895 3694 3947 Νῶε
3740 3896 4056 3964 καταφυγὴν

2495 3991 2676 4056 αὑτὸν,
2699 3989 2813 4043 ἀλλ’
2838 3988 2898 4042 οὗ
2919 4002 3038 4041 τινα
3061 3989 3244 4058 ἕτερον
3273 3986 3555 4056 ἐκτήσατο.
3589 3986 3697 4038 Καὶ
3730 3985 3864 4055 μετὰ
3887 3985 4057 4038 ταῦτα

2496 4085 2654 4139 πάλιν
2691 4085 2719 4136 ὁ
2754 4081 2884 4135 Λὼτ·
2915 4083 2978 4135 ὲκ
3011 4080 3113 4150 τῆς
3143 4079 3442 4149 Σοδομιτῶν
3483 4079 3691 4147 γενεᾶς,
3733 4078 3977 4148 Ἀϐραάμ
3997 4095 4056 4130 τε

2495 4178 2589 4230 καὶ
2629 4175 2812 4229 Ἰσαὰκ
2862 4174 2957 4227 καὶ
3000 4172 3215 4235 Ἰακὼϐ,
3266 4173 3358 4224 ἐπὶ
3403 4171 3504 4241 τῆς
3546 4170 3753 4223 ἑαυτῶν
3793 4169 4052 4232 ἕκαστος·

2493 4268 2554 4320 ού
2586 4268 2690 4337 μὴν
2723 4266 2856 4319 άλλά
2898 4267 2991 4319 καὶ
3029 4265 3223 4335 Ἰωσὴφ
3245 4264 3337 4317 ἐπὶ
3365 4265 3463 4334 τῆς
3492 4265 3609 4316 κατ’
3650 4262 3809 4316 αὑτὸν
3841 4266 4054 4331 γενεᾶς,

2495 4355 2586 4409 καὶ
2618 4356 2853 4425 Μωῡσῆς
2878 4355 3037 4410 πάλιν
3069 4356 3163 4408 ἐπὶ
3189 4355 3355 4425 ἄλλης
3374 4371 3387 4384 ·
3435 4357 3528 4408 καὶ
3568 4355 3900 4420 ἁπαξαπλῶς
3931 4356 4055 4409 καθ’

2494 4447 2726 4516 εκάστην
2750 4447 2939 4513 γενεὰν
2963 4447 3053 4499 τὸν
3075 4448 3160 4499 ἀεὶ
3181 4447 3307 4499 ὄντα
3332 4447 3531 4517 Κύριον
3557 4447 3872 4518 καταφυγὴν
3895 4449 4060 4518 ἐσχή-

2493 4553 2648 4588 κασιν
2677 4538 2724 4588 οἱ
2753 4536 2833 4599 εἰς
2870 4538 3028 4589 αὑτὸν
3059 4538 3364 4607 ἠλπικότες.
3395 4539 3698 4610 Προτρέπει
3735 4538 3792 4592 δὲ
3819 4540 3904 4592 διὰ
3927 4540 4055 4593 τού-

2492 4646 2599 4682 των
2655 4629 2748 4683 atat
2796 4631 2943 4698 ἡμᾶς
2988 4631 3016 4682 ὁ
3057 4629 3210 4696 λόγος
3267 4629 3341 4699 μὴ
3380 4629 3474 4681 ὲπί
3520 4646 3641 4684 τινα
3676 4631 3860 4701 ἕτερον
3903 4634 4058 4702 παρὰ

2492 4721 2583 4774 τὸν
2611 4720 2740 4774 Θεὸν
2766 4720 3025 4784 ἐλπίζειν,
3062 4721 3226 4774 παντὶ
3269 4720 3325 4773 δὲ
3369 4721 3543 4792 καιρῷ
3567 4721 3659 4774 καὶ
3697 4722 3877 4794 ἡμέρᾳ
3905 4723 4054 4794 πάσῃ

2493 4813 2586 4865 καὶ
2651 4812 2927 4884 ὥρᾳ,-ὲν
2994 4811 3197 4884 ἑκάστῃ
3265 4829 3320 4865 τε
3383 4812 3606 4884 πράξει,
3657 4810 3766 4866 καὶ
3823 4815 4056 4883 μάλιστα

834 4889 1124 4986 vexa-titur,
1165 4889 1517 4990 tegum'ento;
1567 4916 1658 4986 qui
1695 4889 1769 4968 in_
1797 4913 1933 4967 mari
1981 4909 2393 4980 tempestatibus
2425 4889 2468 4943 θ
2496 4906 2552 4956 ὲν

2331 4925 2393 4963 us
2425 4889 2468 4943 θ
2496 4906 2552 4956 ὲν
2588 4909 2699 4970 τοῖς
2743 4907 3146 4976 περιστατικοῖς
3195 4907 3422 4976 καιροῖς,
3477 4905 3562 4958 ἐπ’
3608 4905 3767 4959 αὐτὸν
3810 4923 4053 4976 καταφυ-

827 5020 1129 5091 laetantur,
1181 5018 1380 5084 portu;
1433 5009 1528 5078 qui
1587 5008 1658 5061 ab
1719 5006 1955 5060 inimicis
2010 5012 2065 5058 et
2120 5002 2389 5063 hostibus,

831 5121 924 5166 aut
952 5126 981 5163 a
1005 5108 1138 5164 feris
1160 5101 1468 5175 agrestibus
1502 5099 1796 5169 pelluntur.
1835 5096 2004 5151 muris
2031 5093 2097 5148 ad
2124 5093 2388 5164 refugium

831 5219 971 5272 opus
997 5201 1232 5262 habent;
1263 5208 1386 5249 cum
1413 5192 1494 5247 his
1525 5201 1706 5244 autem
1745 5187 2000 5242 omnibus
2035 5187 2196 5240 homo
2226 5185 2317 5239 Dei
2336 5186 2389 5238 in

833 5290 1086 5365 presenti
1119 5291 1227 5344 vita
1266 5290 1574 5341 concertat:
1613 5279 1924 5336 necessario
1958 5281 2183 5333 docetur
2209 5286 2270 5332 ut
2300 5294 2384 5331 re-

835 5385 1063 5456 fugium,
1088 5397 1326 5441 murum,
1344 5389 1666 5448 portumque
1685 5373 1921 5428 salutare
1951 5372 2052 5426 sibi
2085 5379 2234 5442 putet
2266 5385 2386 5425 esse

835 5476 1156 5538 Dominum;
1193 5482 1252 5525 ut
1280 5473 1394 5526 sive
1427 5465 1821 5540 persecutionis
1844 5474 2083 5534 tempore
2114 5465 2184 5518 ab
2207 5461 2385 5516 inimi—

841 5571 914 5625 :is
943 5566 1237 5638 pellamur,
1270 5565 1383 5619 sive
1429 5562 1496 5616 ab
1542 5558 1905 5615 invisibilibus
1933 5557 2178 5612 hostibus
2215 5569 2385 5633 oppu-

833 5674 1083 5732 gnemur,
1117 5656 1231 5712 sive
1264 5655 1539 5709 hominum
1568 5655 1622 5707 in
1658 5667 1757 5707 nos
1792 5651 2221 5719 conspiranttum
2256 5647 2388 5700 insi—

834 5753 941 5807 diis
979 5759 1269 5812 tentemur,
1296 5749 1580 5818 vigilanter
1619 5746 1684 5800 ad
1721 5743 2005 5798 Dominum
2054 5751 2296 5796 nostrum
2333 5746 2384 5791 et

835 5843 1003 5901 Deum
1028 5841 1423 5910 confugiamus,
1465 5839 1557 5910 qui
1598 5839 1649 5892 in
1681 5837 2024 5908 generatione
2075 5843 2125 5888 et
2156 5847 2375 5903 genera-

908 5934 954 5965 ⁸⁸
996 5933 1140 5988 Eccl.
1174 5948 1222 5998 t,
1258 5932 1306 5987 4.

2497 5002 2632 5064 γεῖν.
2683 4999 2791 5052 Καὶ
2835 4997 3128 5068 ἐπειδήπερ
3172 4999 3220 5049 οἱ
3265 4999 3361 5066 μὲν
3407 4997 3788 5068 χειμαζόμενοι
3833 4997 4053 5068 στέγης,

2496 5091 2543 5142 οἱ
2595 5091 2649 5144 δὲ
2709 5090 2849 5144 κατά
2909 5090 3005 5161 τὴν
3058 5090 3329 5142 Θάλασσαν
3392 5089 3837 5161 κλυδωνιζόμενοι
3899 5091 4055 5161 λιμέ-

2495 5201 2602 5249 νος,
2648 5183 2697 5237 οί
2754 5185 2810 5236 δὲ
2858 5183 2962 5235 ὑπὸ
2987 5183 3193 5254 ἐχθρῶν
3251 5181 3343 5234 καὶ
3397 5180 3669 5249 πολεμίων
3722 5181 3754 5253 ἢ
3810 5183 3902 5235 καὶ
3955 5183 4055 5252 θη-

2497 5276 2603 5345 ρῶν
2633 5276 2836 5348 ἀγρίων
2856 5275 3192 5344 διωκόμενοι,
3224 5272 3430 5341 τείχους
3456 5273 3532 5333 είς
3564 5273 3879 5343 καταφυγὴν
3907 5273 4055 5325 δέον-

2490 5386 2606 5422 ται·
2636 5371 2767 5422 πᾶσι
2800 5369 2855 5420 δὲ
2879 5372 3083 5430 τούτοις
3113 5369 3141 5419 ὁ
3177 5364 3269 5417 τοῦ
3300 5363 3432 5418 Θεοῦ
3465 5364 3744 5436 ἄνθρωπος
3778 5364 3918 5417 κατά
3965 5364 4055 5417 τὸν

2494 5464 2730 5534 παρόντα
2765 5462 2876 5532 βίον
2915 5461 3156 5513 παλαίει·
3198 5457 3503 5525 ἀναγκαίως
3547 5458 3853 5511 διδάσκεται
3880 5474 4053 5511 κατα-

2492 5555 2664 5625 φυγὴν
2697 5554 2887 5607 ἑαυτοῦ
2921 5554 3012 5607 καὶ
3043 5555 3237 5622 τεῖχος,
3279 5551 3468 5621 λιμένα
3501 5569 3558 5604 τε
3593 5553 3855 5623 σωτήριον
3903 5553 4049 5620 ἡγεῖ-

2495 5647 2613 5700 σθαι
2641 5647 2731 5700 τὸν
2765 5645 2952 5699 ἑαυτοῦ
2977 5645 3174 5716 Κύριον
3194 5660 3208 5673 ⁸
3242 5645 3328 5705 ἵν’,
3363 5644 3468 5695 εἴτε
3493 5643 3558 5694 ἐν’
3575 5647 3780 5714 καιροῖς
3798 5643 4051 5711 διωγμῶν

2491 5739 2580 5790 ὑπ’
2614 5737 2818 5809 ἐχθρῶν
2847 5735 3208 5807 ὲλαυνώμεθα,
3245 5735 3351 5788 εἴτε
3383 5734 3488 5786 ὑπὸ
3509 5735 3748 5804 ἀοράτων
3777 5732 4048 5801 πολεμίων

2489 5830 2885 5900 πολεμούμεθα,
2914 5830 3021 5882 εἴτε
3058 5829 3160 5880 ὑπὸ
3184 5828 3286 5880 τῶν
3323 5824 3744 5887 συσκευάζεσθαι
3766 5827 3906 5894 ἡμᾶς
3929 5840 4045 5877 πει-
