4372 6404
303 497 447 553 1115

1422 501 1920 558 COMMENTARIA
1960 500 2022 554 IN
2061 499 2395 554 PSALMOS.

3369 502 3506 556 “26

291 609 549 683 ρωμὲνων
579 609 1072 680 ἐπιδουλευοίμεθα,
1109 614 1380 682 νηφόντως
1420 616 1511 666 ἐπὶ
1536 615 1622 666 τὸν
1650 614 1850 682 Κύριον
1882 620 1923 675 Α
1952 612 2017 664 tio

1781 630 1850 664 ιον
1882 620 1923 675 Α
1952 612 2097 665 tione
2121 610 2484 664 invocantium
2517 625 2574 664 se
2612 618 2980 680 propugnator
3006 619 3059 666 ct
3105 615 3376 681 proteaor
3404 622 3507 668 est.

287 703 444 773 ἡμῶν
485 704 697 756 καὶτὸν
736 704 866 757 Θεὸν
904 703 1325 774 καταφύγοιμεν,
1356 707 1445 758 τὸν
1489 707 1627 759 κατά
1660 705 1848 773 γενεὰν

287 797 382 848 καὶ
402 797 591 865 γενεὰν
618 797 929 867 ὑπέρμαχον
964 795 1274 865 γιγνόμενον
1306 798 1396 848 καὶ
1440 797 1849 865 ὑπερασπιστὴν

283 887 392 940 τῶν
429 887 866 956 ἐπικαλουμένων
903 886 1082 938 αὑτόν.
1122 886 1263 937 Ἀντί
1301 886 1356 936 δὲ
1389 886 1503 948 τοῦ,
1549 889 1640 938 Ἐν
1677 885 1850 956 γενεᾷ

283 981 383 1033 καὶ
415 977 608 1048 γενεᾷ,
638 977 962 1047 σαφέστερον
995 979 1021 1028 ὁ
1049 977 1339 1045 Σύμμαχος
1369 978 1624 1042 ἐξέδωκεν
1661 979 1846 1043 εἰπὼν,

291 1070 396 1125 Ἐν
423 1070 646 1138 ἑκάστῃ
681 1068 850 1137 γενεᾷ
871 1085 882 1096 ·
913 1070 1004 1120 καὶ
1038 1069 1197 1121 πάλιν
1219 1087 1230 1098 ·
1265 1069 1380 1135 Πρὸ
1410 1069 1513 1120 τοῦ
1542 1069 1645 1135 ὄρη
1683 1087 1850 1136 γενη-

278 1162 457 1228 θῆναι
495 1159 593 1212 καί
639 1159 980 1225 πλασθῆναι
1023 1158 1136 1225 τὴν
1176 1156 1289 1228 γῆν
1334 1161 1427 1211 καὶ
1474 1161 1846 1227 οἰκουμένην,

279 1249 584 1319 συμφώνως
617 1247 750 1317 ὁμοῦ
789 1248 1016 1310 Ἀκύλας
1048 1249 1139 1300 καὶ
1185 1247 1474 1316 Σύμμαχος
1503 1266 1631 1315 φασι
1656 1266 1668 1277 ·
1704 1250 1850 1316 Πρὶν

276 1339 385 1406 ὅρη
412 1337 692 1406 τεχθῆναι
729 1339 823 1391 καί
863 1338 1221 1405 ὠδινηθῆναι
1255 1339 1368 1406 γῆν
1397 1339 1491 1390 καὶ
1521 1339 1633 1404 τὴν
1666 1343 1850 1393 οἰκου-

273 1431 486 1499 μένην.
521 1432 630 1483 Καί
653 1449 740 1500 μοι
763 1431 908 1483 δοκεῖ
937 1433 969 1500 ἡ
1011 1414 1270 1500 Ἐὁραῖκὴ
1300 1430 1440 1491 λέξις
1461 1430 1682 1498 φυσικὸν
1713 1433 1846 1483 ἀπο-

274 1523 566 1576 δεδωκέναι
616 1523 793 1590 λόγον,
834 1523 891 1574 ἐν
933 1523 1111 1583 αὑτοῖς
1155 1520 1472 1572 διδάσκουσα
1503 1521 1574 1590 μὴ
1614 1521 1846 1590 ἀρχῆθεν

276 1613 614 1682 συνυπὰρξαι
642 1616 706 1682 τῇ
755 1615 822 1681 γῇ
853 1612 921 1664 τά
953 1613 1010 1662 ἐν
1058 1609 1193 1679 αὑτῇ
1227 1610 1347 1678 δρη,
1389 1609 1502 1662 ἀλλ’
1544 1610 1846 1678 ἀναφυῆναι

273 1705 432 1774 δίκην
458 1703 565 1756 τῶν
588 1703 916 1773 τικτομένων
935 1720 948 1733 ·
977 1701 1054 1754 διὸ
1085 1700 1296 1770 εἴρηται
1316 1715 1328 1726 ⁶
1359 1700 1472 1767 Πρὸ
1500 1701 1602 1753 τοῦ
1627 1701 1730 1768 ὄρη
1761 1719 1849 1769 γε-

275 1775 548 1860 νηθῆναι,
587 1791 642 1860 ἢ,
687 1790 832 1858 Πρὶν
858 1790 962 1858 ὄρη
989 1787 1266 1856 τεχθῆναι
1287 1804 1300 1818 ο
1337 1790 1428 1840 καὶ
1461 1789 1604 1850 εἰκὸς
1631 1789 1746 1858 ἅμα
1772 1788 1848 1858 τῷ

275 1882 530 1951 τεχθῆναι
555 1881 621 1934 τά
644 1881 742 1956 ὅρη
774 1881 866 1933 καὶ
892 1877 1262 1950 προδληθῆναι
1285 1877 1390 1930 ἀπὸ
1413 1878 1507 1948 τῆς
1533 1877 1635 1946 γῆς
1659 1879 1848 1931 καταλ-

1951 701 2054 756 Pro
2086 702 2177 755 illo
2212 709 2413 762 autem,
2447 699 2512 752 In
2559 703 2885 769 generatione
2925 711 2973 754 et
3018 703 3369 770 generatione.
3400 704 3504 756 cla-

1949 794 2062 844 rius
2092 789 2448 860 Symmachus
2470 789 2639 842 edidit
2674 789 2756 842 bis
2794 789 2993 850 verbis,
3021 789 3086 842 In
3107 784 3329 857 singulis
3359 806 3510 857 gene-

1948 882 2284 942 rationibus;
2317 895 2380 932 ac
2423 894 2642 934 rursum
2697 879 2831 942 bzec,
2867 879 3158 950 Antequam
3185 894 3385 936 montes
3417 884 3512 951 ﬁe-

1950 981 2082 1034 rent,
2115 981 2162 1024 et
2195 971 2536 1034 forrnaretur'
2563 980 2704 1022 terra
2750 981 2798 1023 et
2833 972 3006 1033 orbis;
3039 973 3229 1042 Aquila
3268 982 3321 1028 et
3355 973 3511 1043 Sym-

1950 1063 2174 1116 machus
2212 1063 2458 1116 similiter
2496 1063 2573 1116 sic
2605 1061 2773 1115 edunt
2809 1081 2822 1115 τ
2860 1063 3145 1132 Antequam
3189 1075 3384 1119 montes
3409 1081 3498 1133 pa-

1949 1167 2208 1217 rerentur,
2236 1163 2283 1207 et
2337 1155 2692 1221 parturiretur
2718 1163 2857 1205 terra
2887 1163 2936 1206 et
2986 1154 3145 1208 orbis.
3179 1152 3509 1224 Videturque

1951 1244 2080 1298 mibi
2109 1243 2370 1297 Hebraica
2395 1245 2554 1298 lectio
2584 1243 2863 1313 physicam
2889 1247 3153 1296 rationem
3191 1246 3507 1311 reddidisse,

1949 1335 2152 1390 docens
2205 1350 2314 1394 non
2346 1336 2412 1387 ab
2453 1334 2606 1387 initio
2633 1343 2842 1387 montes
2877 1350 2982 1387 una
3013 1350 3135 1388 cum
3179 1345 3319 1390 terra
3347 1339 3510 1391 exsti-

1950 1426 2102 1489 tisse,
2136 1425 2228 1479 sed
2257 1432 2509 1494 partuum
2537 1425 2708 1477 instar
2733 1432 2882 1479 ortos
2907 1441 3028 1479 esse
3063 1444 3075 1478 :
3109 1441 3276 1495 quare
3305 1427 3507 1480 dictum

1956 1525 2061 1580 est,
2125 1514 2441 1584 Priusquam
2497 1525 2691 1568 montes
2745 1517 2958 1584 fierent;
3019 1525 3130 1580 aut,
3192 1515 3507 1589 Priusquam

1949 1618 2148 1662 montes
2198 1619 2549 1674 pararentur:
2585 1624 2647 1660 ac
2679 1610 2974 1663 verisimile
3001 1620 3105 1674 est,
3143 1619 3354 1666 montes
3384 1627 3504 1666 cum

1948 1708 2289 1770 parerentur,
2319 1716 2382 1754 ac
2419 1701 2568 1752 velut
2603 1701 2835 1754 infantes
2875 1717 2904 1755 e
2936 1711 3079 1755 terra
3109 1705 3505 1767 emitterentur,

1949 1806 2055 1844 non
2102 1807 2163 1844 ea
2197 1806 2302 1859 qua
2343 1807 2489 1844 nunc
2537 1800 2662 1844 sunt
2707 1777 3034 1847 celsitudine
3069 1794 3268 1860 fuisse;
3305 1795 3397 1849 sed
3425 1813 3509 1848 re-

1949 1897 2080 1937 cens
2110 1880 2296 1944 natos,
2326 1891 2386 1935 ut
2415 1882 2647 1936 infantes
2685 1898 2854 1952 nuper
2894 1892 3064 1949 ortos,
3089 1886 3316 1954 exiguos
3348 1887 3507 1938 mini-

272 1970 452 2042 -λήλως
491 1973 603 2033 τοῖς
646 1951 902 2040 βρέφεσι,
943 1969 1017 2039 μὴ
1047 1971 1203 2022 ὁποῖα
1231 1967 1325 2021 νῦν
1356 1968 1416 2020 τὸ
1457 1968 1680 2038 μέγεθος
1714 1970 1843 2020 ὑπο-
1879 1951 1920 2007 Β
1952 1990 1998 2025 m

1776 1985 1843 2020 εο-
1879 1951 1920 2007 B
1952 1990 2177 2043 mosque
2205 1975 2518 2040 exstitisse;
2553 1973 2916 2042 diuturnoque
2950 1990 3064 2028 aevo
3105 1977 3502 2029 incrementum

277 2062 490 2132 στῆναι,
509 2062 620 2115 ἀλλ’
643 2063 766 2133 ἀρτι
787 2062 882 2132 μὲν
910 2061 1232 2132 γεννηθέντα
1257 2061 1348 2112 καὶ
1363 2059 1638 2130 τεχθέντα,
1657 2060 1842 2130 ὥσπερ

273 2160 535 2228 ἀρτιγενῆ
570 2157 676 2210 τῶν
711 2157 941 2227 βρεφῶν,
984 2156 1152 2227 μικρά
1183 2156 1276 2209 καὶ
1302 2157 1556 2226 ἐλάχιστα
1584 2155 1839 2226 ὑπάρξαι,

271 2249 348 2318 τῷ
372 2249 428 2301 δὲ
461 2248 653 2321 μακρῷ
673 2248 827 2302 αίῶνι
850 2246 1016 2316 αὔξην
1038 2249 1130 2300 καὶ
1155 2247 1380 2318 μέγεθος
1402 2247 1689 2300 ἐπιδοῦναι.
1707 2245 1842 2298 Φασὶ

272 2341 402 2407 γοῦν
431 2344 508 2405 είς
530 2341 606 2394 ἐτι
629 2341 786 2412 δεῦρό
806 2359 946 2404 τινες
966 2340 1074 2391 τῶν
1091 2339 1416 2408 φυσιολόγων
1438 2339 1619 2405 αὔξειν
1635 2338 1701 2391 τά
1722 2338 1842 2406 ὅρη,

271 2432 367 2485 καὶ
406 2433 505 2496 τάς
551 2433 754 2502 πέτρας
791 2430 1007 2502 μείζους
1036 2431 1243 2484 ἑαυτῶν
1274 2431 1514 2499 γίνεσθαι
1540 2431 1676 2483 κατὰ
1699 2446 1846 2490 τινας

275 2517 639 2585 λανθανούσας
661 2524 807 2592 ἡμᾶς
835 2523 920 2574 διά
952 2522 1174 2592 μακρῶν
1214 2522 1474 2590 περιόδων
1505 2520 1845 2589 βραχυτάτας

275 2613 609 2683 προσθήκας.
645 2613 796 2665 Ἐπεὶ
821 2612 877 2664 δὲ
904 2613 997 2664 καὶ
1025 2611 1344 2680 ὠδινηθῆναι
1376 2610 1471 2680 τὴν
1500 2611 1600 2680 γῆν
1631 2611 1723 2662 καὶ
1745 2609 1840 2679 τὴν

272 2703 596 2772 οἰκουμένην
628 2703 908 2772 εἰρήκασιν
939 2704 986 2755 oi
1019 2699 1465 2771 ἐρμηνεύσαντες,
1495 2699 1841 2770 ἐξακολουθή-

275 2811 465 2857 σαντες
489 2794 566 2864 τῷ
605 2793 896 2864 Ἐϐραῖκῴ,
922 2794 1128 2862 μήποτε
1162 2793 1254 2843 καὶ
1283 2792 1373 2842 ἐπὶ
1402 2792 1498 2861 τῆς
1527 2792 1626 2861 γῆς
1647 2792 1706 2843 τὸ
1739 2809 1841 2844 πα-

273 2885 572 2958 ραπλήσιον
615 2888 726 2949 τοῖς
757 2885 904 2956 ὄρεσι
933 2885 1120 2954 νοῆσαι
1156 2884 1436 2954 προσήκει,
1468 2883 1541 2946 ὡς
1574 2883 1630 2949 ἐξ
1653 2884 1838 2955 ἐτέρου

1949 2071 2002 2116 et
2034 2064 2460 2133 magnitudinem
2505 2065 2795 2134 accepisse.
2825 2063 2954 2118 Nam
2994 2067 3212 2135 quidam
3255 2082 3319 2120 ex
3368 2067 3506 2137 phy-

1949 2154 2168 2224 Siologis
2196 2157 2462 2224 hodieque
2488 2157 2656 2219 aiunt,
2687 2163 2894 2209 montes
2923 2172 3186 2220 crescere,
3206 2171 3269 2210 ac
3291 2165 3494 2226 petras,

1948 2248 2185 2316 acceptis
2241 2248 2402 2318 longo
2449 2257 2750 2318 temporum
2804 2249 3074 2302 curriculo
3107 2249 3354 2316 modicis,
3388 2261 3506 2318 qua.

1948 2338 2105 2392 nobis
2145 2338 2331 2402 latent,
2359 2339 2727 2401 incrementis,
2758 2340 2991 2408 majores
3021 2341 3222 2395 sensim
3257 2342 3502 2395 evadere.

1946 2426 2082 2492 Quia
2125 2443 2252 2482 vero
2302 2430 2649 2498 interpretes,
2677 2429 2998 2486 ilehraicum
3047 2441 3356 2501 sequentes,
3399 2441 3504 2485 ter-

1945 2534 2061 2570 ram
2111 2527 2164 2573 et
2206 2520 2391 2573 orbem
2443 2522 2741 2589 parturisse
2770 2522 3050 2587 dixerunt;
3088 2539 3215 2576 num
3251 2524 3409 2577 etiam
3440 2524 3507 2576 de

1949 2617 2092 2662 terra
2145 2611 2296 2678 paria
2330 2611 2396 2664 iis
2442 2626 2561 2679 qua;
2593 2611 2659 2666 de
2693 2614 2967 2668 montibus
3001 2617 3239 2683 cogitare
3266 2629 3362 2684 par
3390 2617 3504 2667 lue-

1947 2699 2036 2761 rit,
2075 2701 2232 2770 quasi
2263 2700 2377 2768 ipsa
2411 2717 2630 2769 quoque
2669 2717 2733 2754 ex
2773 2704 2880 2756 alio
2912 2705 3178 2758 elemento
3219 2705 3500 2774 procedat,

1945 2792 2018 2846 ita
2054 2800 2112 2844 ut
2135 2792 2298 2846 etiam
2336 2793 2424 2844 illa
2458 2793 2630 2861 prius,
2663 2794 2819 2861 quasi
2855 2808 2883 2845 a
2916 2796 3321 2864 prmgnantibus
3360 2803 3412 2850 et
3443 2797 3496 2849 in
3526 2803 3529 2806 ’

1945 2891 2101 2953 partu
2124 2881 2339 2938 dulores
2368 2883 2718 2952 patientibus,
2753 2885 3150 2951 parturiretur?

274 2979 539 3049 στοιχείου
563 2977 928 3048 προελθούσης
957 2976 1148 3046 αὑτῆς,
1189 2974 1569 3047 καὶπρότερον
1628 2976 1724 3045 μὲν
1781 2974 2127 3044 ὡδινηθείσης
2154 2974 2322 3044 ,δίκην
2376 2973 2482 3026 τῶν
2523 2974 2922 3046 κυοφορουσῶν,
2953 2977 3042 3027 καὶ
3068 2978 3123 3028 ἐν
3163 2975 3239 3044 τῷ
3297 2976 3506 3028 τίκτειν

273 3073 656 3145 ὑπομενουσῶν
679 3072 871 3133 ὠδῖνας
892 3088 906 3137 ;

343 3192 408 3245 Et
436 3191 481 3243 δ’
507 3185 598 3244 οὖν
650 3188 972 3258 συνέστηκεν
1008 3186 1036 3236 ὁ
1072 3186 1179 3239 τῶν
1223 3185 1462 3254 φυσικῶν
1501 3185 1654 3253 λόγος
1685 3187 1714 3237 ὁ
1742 3149 1844 3254 ιρά-
1874 3192 1916 3250 c
2020 3181 2069 3236 Si

1775 3185 1844 3236 a—
1874 3192 1916 3250 c
2020 3181 2078 3236 Si
2107 3182 2288 3252 itaque
2313 3180 2662 3252 physicorum
2695 3192 2873 3234 sermo
2897 3184 3129 3242 constet,
3162 3147 3268 3246 qui.
3287 3182 3362 3230 ait
3385 3180 3501 3248 pri-

273 3301 441 3348 σκων,
476 3283 691 3355 πρῶτον
741 3285 998 3351 στοιχεῖον
1037 3280 1314 3349 γεγονέναι
1344 3279 1404 3331 τὸ
1446 3277 1606 3348 ὕδωρ,
1631 3272 1746 3329 εἶτα
1787 3276 1846 3342 ἐξ

272 3376 464 3438 ὓδατος
510 3377 602 3428 καὶ
651 3375 748 3444 τῆς
793 3374 964 3444 ὑγρᾶς
1006 3373 1190 3434 οὐσίας
1241 3370 1537 3440 ὑποστῆναι
1577 3369 1643 3422 τὰ
1686 3368 1848 3422 λοιπά

275 3467 545 3535 στοιχεῖα·
577 3464 722 3517 εἴποι
774 3464 838 3516 ἄν
866 3476 948 3528 τις
989 3463 1146 3516 τοῦτο
1186 3464 1278 3516 καί⁵
1308 3465 1400 3516 ἐπὶ
1436 3463 1534 3533 τῆς
1570 3462 1846 3532 παρούσης

272 3557 313 3609 Γ
317 3557 493 3628 ραφῆς
530 3555 888 3625 σημαίνεσθαι
931 3555 1215 3625 δηλούσης,
1257 3556 1337 3607 ὅτι
1368 3551 1436 3624 ἦν
1470 3557 1556 3607 ὅτε
1589 3537 1658 3606 ἐν’
1672 3555 1845 3624 ἑτέρῳ

268 3647 406 3703 οὖσα
431 3651 463 3719 ἡ
489 3649 560 3718 γῆ
586 3649 831 3718 στοιχείῳ
853 3647 1058 3716 ἀφανὴς
1087 3642 1175 3715 ἦν,
1204 3647 1474 3715 κυουμένη
1498 3646 1593 3696 καὶ
1618 3645 1846 3716 συλλαμρ

272 3741 541 3812 σανομένη
572 3741 630 3793 ἐν
673 3743 737 3810 τῇ
770 3739 928 3808 φύσει
957 3735 1053 3808 τῆς
1097 3739 1268 3808 ὑγρᾶς
1307 3738 1508 3799 οὐσίας.
1540 3737 1629 3788 Διὸ
1662 3738 1755 3790 καὶ
1787 3739 1844 3789 ἐν

268 3837 338 3906 τῇ
382 3833 706 3905 κοσμοποιίᾳ
746 3833 986 3904 εἴρηται·
1030 3829 1098 3883 Ἠ
1139 3829 1207 3882 δὲ
1244 3828 1320 3898 τῆ
1355 3825 1437 3898 ἦν
1467 3829 1713 3895 ἀόρατος
1747 3827 1844 3880 καὶ

271 3925 835 3990 ἀκατασκεύαστοςο
879 3925 976 3977 καὶ
1016 3925 1234 3987 σκότος
1278 3919 1476 3973 ἐπάνω
1516 3918 1625 3987 τῆς
1654 3919 1842 3972 ἀϐύσ-

271 4035 422 4072 σου·
458 4018 573 4072 ἀλλ’
621 4016 843 4086 ὕστερον
884 4015 1070 4085 ὥσπερ
1121 4010 1544 4081 ἀπογεννηθεῖσα
1576 4009 1842 4079 προῆλθεν

270 4111 338 4161 ἐκ
365 4109 463 4179 τῆς
486 4108 594 4160 τῶν
619 4108 822 4160 ὑδάτων
854 4106 1058 4166 οὐσίας,
1102 4104 1199 4155 οὑκ
1231 4102 1356 4156 ἄνευ
1383 4101 1532 4163 θείας
1565 4099 1842 4170 δυνάμεως

270 4201 367 4252 καί
394 4201 697 4271 κρείττονος
737 4198 979 4266 ἀνάγκης
1020 4194 1360 4262 ἐπιτεθείσης
1397 4195 1564 4263 αὑτῇ·
1602 4191 1738 4261 αὕτη
1785 4191 1840 4243 δὲ

269 4288 338 4362 ῆν
364 4293 396 4363 ἡ
424 4290 520 4344 τοῦ
553 4289 896 4365 Δημιουργοῦ
933 4286 1201 4358 βούλησις.
1231 4286 1317 4347 Ὠς
1341 4285 1448 4356 γὰρ
1477 4285 1567 4335 ἐπὶ
1597 4283 1703 4334 τῶν
1726 4299 1844 4335 κυο-

269 4379 550 4451 φορουσῶν
593 4377 884 4447 γυναικῶν,
919 4377 1036 4447 βίας
1083 4377 1177 4429 καὶ
1224 4375 1466 4446 ἀνάγκης
1513 4372 1840 4442 ἐπελθούσης

268 4473 483 4537 αὑταῖς,
511 4472 572 4524 τὸ
601 4471 742 4525 κατά
777 4471 1013 4542 γαστρὸς
1058 4469 1376 4539 προάγεται,
1412 4467 1504 4520 τοῦ
1539 4466 1838 4539 ὡρισμένου

269 4568 462 4640 χρόνον
489 4566 585 4637 τῆς
623 4540 931 4633 ἀποτέξεως
954 4563 1291 4627 ἐπιστάντος,
1322 4561 1441 4615 καθ’
1473 4561 1530 4614 ὃν
1559 4562 1837 4614 ὠδίνουσαι
1872 4540 1912 4594 D

268 4661 540 4714 τίκτουσι·
564 4659 656 4711 τὸν
679 4657 838 4712 αὑτὸν
856 4657 1054 4727 τρόπον
1076 4655 1300 4725 δυνάμει
1322 4655 1416 4705 καὶ
1437 4654 1596 4723 σοφίᾳ
1615 4651 1708 4704 τοῦ
1729 4653 1835 4705 τῶν

267 4751 407 4804 ὅλων
435 4749 763 4822 δημιουργοῦ
802 4751 905 4818 γῆν
938 4749 1031 4802 καὶ
1057 4747 1153 4817 τὴν
1181 4745 1290 4798 τῶν
1323 4743 1622 4814 ἀνθρώπων
1661 4744 1837 4796 οίκου-

273 4842 440 4913 μένην
470 4843 537 4896 τὰ
580 4841 744 4895 ὕδατα
779 4840 1170 4910 προηνέγκατο.
1203 4838 1310 4891 Καὶ
1339 4835 1480 4888 τοῦτ’
1515 4834 1834 4905 ἐπληροῦτο,

269 4935 504 5002 ὁπηνίκα
538 4929 689 4986 εἶπεν
715 4933 744 4985 ὁ
775 4931 938 4992 Θεός·
967 4927 1325 4995 Συναχθήτω
1359 4925 1431 4978 τὰ
1469 4923 1656 4977 ὕδατα
1691 4927 1837 4978 ὐπο-

268 5025 428 5078 κάτω
480 5024 584 5080 τοῦ
635 5021 895 5092 οὐρανοῦ
947 5024 1032 5086 εις
1087 5017 1446 5086 συναγωγὴν
1503 5018 1680 5085 μίαν,
1739 5015 1836 5069 καὶ

271 5116 506 5184 ὀφθήτω
536 5120 574 5186 ἠ
600 5117 770 5186 Erunt.
814 5117 921 5171 Καὶ
976 5114 1210 5183 ἐγένετο
1247 5111 1414 5163 οὕτω.
1444 5110 1552 5162 Θέα
1597 5111 1704 5180 γάρ
1747 5126 1836 5179 μοι

269 5210 336 5277 τῇ
359 5208 565 5279 διανοίᾳ
595 5209 692 5280 τὴν
719 5210 820 5279 γῆν
853 5207 998 5260 ἔνδον
1032 5207 1088 5257 ἐν
1123 5205 1232 5265 τοῖς
1266 5203 1417 5253 ὕδασι
1441 5199 1603 5252 πάλαι
1639 5201 1836 5270 πρότε-

271 5315 365 5372 ρον
408 5299 878 5368 ἐγκεκρυμμένην,
919 5297 1118 5368 τρόπον
1149 5311 1206 5346 τε
1246 5293 1384 5355 ἰλύος
1416 5291 1835 5362 ἀναλελυμένην,

272 5390 365 5445 καὶ
390 5389 468 5460 τῷ
493 5390 681 5460 πλήθει
703 5392 810 5443 τῶν
833 5391 1035 5444 ὑδάτων
1065 5386 1530 5456 ἀνακεκραμένην,
1554 5384 1628 5445 ὼς
1657 5385 1834 5454 ἀφανῆ

163 5473 166 5476 ’
269 5479 409 5537 εἶναι
435 5482 525 5534 καὶ
555 5482 782 5550 ἀόρατον
803 5501 816 5510 ·
851 5483 930 5534 διὸ
949 5478 1203 5548 λέγεσθαι
1230 5495 1240 5506 ’
1285 5480 1352 5532 Ἠ
1378 5477 1443 5529 δὲ
1468 5476 1537 5545 γῆ
1564 5474 1638 5546 ἦν
1669 5479 1838 5544 ἀόρα-

268 5593 375 5641 τος
425 5575 521 5628 καὶ
563 5575 1088 5638 ἀκατασκεύαστος
1114 5588 1125 5599 ·
1171 5567 1266 5623 εἷθ’
1315 5570 1536 5641 ὕστερον
1590 5570 1835 5640 βουλήσει

266 5666 406 5720 Θεοῦ
462 5666 626 5736 αὑτὴν
679 5665 1046 5734 συναγομένην
1094 5662 1376 5746 πιλοῦσθαι
1428 5664 1688 5734 πρότερον
1740 5662 1834 5714 καὶ

270 5759 708 5832 συμπήγνυσθαι,
745 5759 836 5810 καὶ
864 5758 1001 5826 μετά
1042 5758 1212 5812 ταῦτα
1243 5758 1449 5829 ἀθρόως
1487 5755 1834 5810 ἀναδοθεῖσαν

345 5917 392 5951 δ’
428 5916 562 5973 Gen.
601 5934 651 5982 I,
689 5917 742 5970 2.
820 5916 863 5948 ⁵ο
904 5913 1012 5968 Gen
1074 5929 1106 5968 ι,
1143 5915 1190 5967 9.

1951 3290 2098 3330 mum
2136 3275 2463 3330 elementum
2516 3270 2689 3326 fuisse
2741 3286 2936 3341 aquam
2961 3309 2977 3334 ,
3029 3268 3223 3325 deinde
3262 3285 3392 3325 vero
3433 3287 3502 3325 ex

1948 3381 2088 3437 aqua
2124 3373 2178 3420 et
2212 3365 2433 3418 humida
2465 3363 2789 3426 substantia,
2824 3361 3030 3431 reliqua
3065 3362 3327 3416 elementa
3373 3362 3504 3417 sub-

1948 3458 2156 3512 stitisse
2179 3474 2192 3521 ;
2214 3455 2413 3510 dixerit
2450 3453 2677 3508 fortasse
2700 3451 2990 3521 quispiam,
3027 3451 3127 3505 hoc
3159 3453 3211 3505 in
3253 3453 3504 3521 praesenti

1911 3589 1914 3593 -
1949 3549 2230 3618 Scriptura
2270 3545 2586 3616 signiﬁcari,
2629 3558 2691 3598 ac
2747 3542 3033 3605 declarari,
3072 3540 3243 3610 fuisse
3293 3551 3505 3612 tempus

1947 3658 2071 3697 cum
2105 3643 2334 3697 terra'in
2375 3639 2481 3693 alio
2518 3640 2783 3693 elemento
2832 3637 3027 3706 posita,
3075 3637 3178 3690 sub
3223 3647 3503 3707 aspectum

1945 3749 2054 3788 non
2096 3734 2336 3798 caderet,
2368 3731 2524 3801 quasi
2578 3739 2734 3784 utero
2784 3736 2989 3799 gestata
3046 3735 3100 3781 et
3137 3737 3396 3796 concepta
3447 3730 3501 3784 in

1946 3822 2180 3875 humidae
2208 3823 2528 3876 substantia:
2569 3828 2780 3873 natura.
2822 3816 2998 3883 Quare
3039 3818 3093 3870 in
3130 3817 3313 3870 mundi
3348 3833 3500 3873 onem

1942 3912 2090 3966 tione
2116 3910 2375 3964 dicitur“
2403 3931 2414 3964 :
2443 3912 2603 3964 Terra
2618 3920 2789 3963 autem
2812 3919 2921 3962 erat
2949 3906 3224 3963 invisibilis
3253 3910 3484 3962 etincom

1937 4003 2134 4068 posita,
2170 4012 2218 4055 et
2260 4000 2479 4054 tenebra:
2529 4017 2680 4068 super
2737 4000 3020 4068 abyssum;
3074 3997 3168 4052 sed
3227 4007 3500 4068 postremo

1942 4095 2100 4164 quasi
2145 4094 2323 4162 genita
2363 4107 2429 4146 ex
2476 4107 2737 4162 aquarum
2793 4090 3099 4145 substantia
3140 4092 3359 4160 prodiit,
3390 4107 3497 4147 non

1944 4187 2062 4242 sine
2082 4186 2262 4240 divina
2293 4185 2513 4249 virtute,
2545 4183 2639 4238 sed
2679 4181 2873 4250 majori
2912 4190 3102 4236 coacta
3133 4183 3182 4236 vi
3218 4191 3272 4236 et
3310 4199 3497 4238 neces-

1943 4277 2103 4334 sitate
2132 4295 2144 4330 :
2179 4277 2291 4329 hazc
2321 4291 2448 4330 vero
2469 4283 2586 4330 erat
2618 4273 2894 4329 Creatoris
2919 4272 3188 4326 voluntas.
3227 4272 3498 4337 Quemad-

1942 4370 2160 4424 modum
2194 4369 2337 4423 enim
2369 4383 2396 4420 a
2427 4366 2831 4436 praegnantibus
2854 4363 3190 4425 mulieribus,
3215 4364 3501 4417 imminen-

1943 4470 1996 4516 te
2043 4461 2095 4515 vi
2141 4475 2205 4514 ac
2236 4461 2582 4521 necessitate,
2628 4456 2850 4511 delinito
2902 4463 3089 4524 partus
3118 4463 3382 4521 tempore
3415 4454 3500 4507 in-

1941 4563 2140 4620 stante,
2190 4553 2332 4624 quod
2396 4552 2449 4604 in
2499 4562 2648 4605 utero
2690 4555 2807 4602 erat
2859 4545 3141 4608 emittitur,
3178 4553 3340 4614 atque
3391 4547 3495 4601 illae

1942 4661 2066 4701 eum
2097 4646 2282 4701 dolore
2321 4645 2571 4713 pariunt;
2607 4638 2792 4694 eodem
2830 4652 3054 4706 prorsus
3090 4635 3249 4689 modo
3274 4637 3491 4691 univer-

1943 4752 2128 4793 sorum
2181 4733 2387 4805 opiﬁcis
2421 4730 2472 4784 vi
2523 4736 2576 4782 et
2630 4727 2913 4796 sapientia,
2951 4732 3146 4778 terram
3208 4732 3259 4777 et
3311 4723 3494 4778 orbem

1941 4843 2094 4898 aqua:
2126 4825 2489 4895 protulerunt.
2526 4818 2590 4872 Et
2619 4819 2721 4871 hoc
2753 4815 3080 4886 implebatur
3112 4814 3328 4884 quando
3360 4814 3496 4868 dixit

1939 4921 2081 4974 Deus
2110 4916 2156 4948 ⁸⁰
2186 4934 2198 4969 :
2229 4913 2614 4983 Congregentur
2631 4925 2777 4980 aquae
2807 4908 2901 4961 sub
2919 4909 3042 4962 ccelo
3065 4909 3116 4961 in
3148 4908 3495 4961 collectionem

1939 5026 2121 5075 unam,
2142 5018 2191 5062 et
2215 5017 2465 5076 appareat
2495 5005 2670 5058 arida.
2711 5003 2777 5055 Et
2810 5001 3008 5070 factum
3035 5009 3113 5054 est
3145 4997 3329 5062 itarEt
3360 5014 3493 5051 con-

1939 5103 2168 5162 sideres,
2193 5115 2397 5170 quaeso,
2425 5107 2623 5152 terram
2665 5098 2720 5150 in
2751 5097 2905 5166 aquis
2932 5095 3056 5148 olim
3098 5090 3492 5152 absconditam,

1939 5204 2102 5264 atque
2141 5195 2314 5247 instar
2346 5192 2444 5245 luti
2484 5190 2737 5250 solutam,
2779 5197 2832 5242 et
2856 5199 3117 5256 aquarum
3159 5181 3492 5234 multitudini

1938 5287 2289 5342 commixtam
2326 5283 2522 5348 fuisse;
2557 5281 2631 5332 ita
2654 5287 2710 5332 ut
2733 5274 3019 5332 invisibilis
3047 5282 3101 5327 et
3131 5273 3346 5325 occulta
3379 5286 3495 5324 ma-

1939 5383 2090 5433 neret
2126 5397 2138 5430 :
2173 5383 2502 5450 quapropter
2531 5371 2753 5432 dicitur,
2781 5368 2940 5420 Terra
2966 5374 3140 5418 autem
3169 5372 3282 5416 erat
3311 5362 3492 5414 inuisi-

1937 5473 2054 5528 bilis
2089 5481 2137 5524 et
2178 5468 2558 5537 incomposita;
2589 5462 2780 5517 deinde
2811 5475 2937 5514 vero
2979 5475 3043 5513 ex
3091 5457 3184 5512 Dei
3218 5457 3494 5510 voluntate

1937 5573 2274 5634 compactam
2313 5571 2366 5617 et
2395 5558 2733 5628 eoagulatam
2763 5553 2954 5618 fuisse,
2980 5560 3034 5607 et
3059 5558 3242 5646 postea
3276 5548 3493 5602 confer—

1937 5658 2033 5712 tim
2065 5656 2119 5709 in
2160 5656 2333 5710 lucem
2369 5653 2591 5711 editam,
2630 5648 2681 5701 in
2721 5661 2912 5714 purum
2949 5642 3124 5697 aerem
3165 5642 3491 5695 emersisse:

1937 5758 1989 5804 et
2006 5749 2393 5810 animadverte,
2421 5743 2554 5798 nihil
2572 5741 2681 5796 fere
2705 5750 2817 5794 tum
2843 5735 3216 5794 intercessisse
3232 5734 3492 5790 discrimi-
