4372 6398
364 484 499 547 1129

1491 475 1905 541 COMMENTAR
1917 482 1981 539 IA
2017 484 2082 539 lN
2120 480 2449 541 PSALMOS.

3373 482 3504 544 H30

355 588 579 663 Μωῦσῇ.
609 592 761 664 Ζητῶ
788 592 842 645 δὲ
870 594 1005 648 κατὰ
1052 595 1197 647 ποῖον
1225 594 1329 667 ἄρα
1371 598 1556 667 καιρὸν
1594 598 1761 668 ταύτῃ
1801 597 1887 648 κέ·
1917 604 1959 659 Α
1990 612 2081 650 ner

1801 597 1887 648 κέ·
1917 604 1959 659 Α
1990 597 2249 650 nerationi
2281 612 2390 652 suae
2418 605 2470 649 et
2501 596 2694 665 populo
2716 612 2895 652 secum
2934 599 3186 660 versanti,
3215 604 3305 651 aut
3332 601 3511 655 subse

355 701 549 754 χρηται
569 687 633 755 τῇ
665 688 927 755 προσευχῇ
951 688 1204 757 Μωῡσῆς,
1230 688 1320 739 καὶ
1347 688 1501 758 είπερ
1524 690 1684 758 αὐτῷ,
1707 691 1738 760 ἧ
1765 695 1887 761 μᾶλ-

355 772 443 825 λον
468 772 541 841 τῷ
572 772 683 841 λαῷ
706 771 1025 842 κατάλληλος
1043 774 1310 842 τυγχάνει,
1330 774 1549 845 πότερον
1563 777 1628 844 τῇ
1649 778 1805 845 γενεᾷ
1821 780 1885 847 τῇ

355 868 473 918 κατ’
500 864 679 925 αὑτὸν,
705 863 798 915 καὶ
817 862 893 932 τῷ
915 864 1120 915 συνόντι
1147 864 1291 934 αὐτῷ
1315 863 1496 934 λαῷ,ἥ
1521 868 1584 935 τῇ
1618 867 1729 935 μετ’
1751 867 1888 919 ὲκεί-

354 971 475 1017 νους
500 954 710 1022 διαδοχῇ
734 953 1090 1023 ἐφαρμοστέον
1115 954 1296 1024 αὑτήν.
1322 955 1439 1006 Ὀτι
1465 954 1561 1023 μὲν
1584 950 1675 1008 οὖν
1694 954 1789 1008 οὐκ
1812 956 1889 1019 είς

353 1044 513 1099 αὑτὸν
564 1044 827 1113 προσήκει
884 1043 951 1095 τὰ
1001 1042 1324 1114 προκείμενα
1378 1044 1689 1114 ἀναφέρειν,
1743 1042 1889 1115 οἴμαι

353 1133 509 1185 πάνθ’
539 1134 771 1187 ὁντινοῦν
786 1135 971 1203 ὀμολογ
982 1137 1148 1204 ήσειν.
1164 1133 1285 1196 Πῶς
1298 1134 1402 1203 γὰρ
1424 1133 1637 1187 δύναται
1657 1135 1891 1204 Μωῡσῆς

352 1224 383 1275 ό
414 1222 693 1293 ἅνθρωπος
720 1222 811 1276 τοῦ
825 1223 979 1289 Θεοῦ,
999 1222 1314 1293 περὶάὐτοῦ
1340 1221 1533 1290 λέγειν,
1561 1224 1677 1275 ’Ότι
1705 1223 1890 1287 ἐξελί-

354 1328 544 1380 ττομεν
595 1314 663 1364 ἐν
700 1312 773 1381 τῇ
810 1311 953 1383 ὁρτῇ
1001 1329 1147 1368 σου’
1199 1312 1232 1382 ἢ
1270 1313 1405 1365 κατὰ
1442 1314 1530 1365 τὸν
1582 1312 1887 1382 Σύμμαχον,

357 1403 485 1455 Ὀτι
512 1403 893 1471 ἀνηλώθημεν
914 1403 983 1454 έν
1002 1402 1073 1470 τῇ
1094 1402 1237 1471 ὀργῇ
1258 1419 1390 1463 σου,
1414 1400 1511 1453 καὶ
1538 1401 1606 1456 έν
1633 1401 1711 1465 τῷ
1732 1401 1891 1469 θυμῷ

355 1507 470 1546 σου
503 1491 914 1561 ἐταράχθημεν.
950 1495 1127 1546 Ἔθου
1150 1492 1253 1557 τὰς
1272 1493 1516 1561 ἀνομίας
1537 1491 1699 1560 ἡμῶν
1725 1492 1891 1543 ἐναν-

355 1583 484 1633 τίον
523 1596 664 1635 σου·
696 1583 787 1633 καὶ
823 1582 1013 1634 πάλιν·
1048 1583 1114 1633 ΑΖ
1164 1580 1373 1648 ἡμέραι
1412 1578 1576 1647 ἡμῶν
1617 1578 1892 1642 ἐξέλιπον

356 1673 426 1723 έν
459 1671 529 1737 τῇ
562 1667 705 1739 ὀργῇ
734 1686 877 1724 σου·
909 1672 1001 1747 καὶ
1028 1672 1215 1725 πάλιν’
1250 1673 1342 1737 Τίς
1366 1672 1632 1739 γινώσκει
1664 1673 1728 1724 τὸ
1754 1672 1892 1738 κρά-

357 1758 593 1828 τος-τῆς
638 1757 811 1826 ὀργῆς
841 1775 973 1821 σου.
1005 1763 1098 1814 καί
1128 1761 1245 1815 ἀπὸ
1289 1761 1393 1814 τοῦ
1431 1763 1616 1829 φόϐου
1648 1776 1761 1814 σου
1792 1762 1893 1813 τὸν

358 1849 545 1917 θυμόν
599 1863 752 1911 σους
798 1849 933 1901 Ἀλλ’
978 1851 1056 1902 ὅτι
1092 1852 1189 1919 μὲν
1226 1849 1395 1904 ταῦτα
1444 1851 1543 1902 οὐκ
1589 1849 1652 1902 ἂν
1695 1854 1772 1913 είς
1804 1850 1893 1903 τὸν

358 1940 590 1995 Μωῡσέα
636 1940 967 2009 ἀναφέροιτο,
1007 1941 1065 1993 οὺ
1102 1942 1256 2011 μόνον
1292 1941 1399 1993 ἀπὸ
1428 1940 1519 1993 τοῦ
1552 1941 1725 1994 πάντα
1768 1941 1894 2011 περὶ

357 2031 523 2100 ὀργῆς
549 2029 679 2082 Θεοῦ
708 2032 971 2100 είρῆσθαι,
1002 2032 1131 2084 ἀλλά
1161 2032 1253 2085 καὶ
1284 2033 1388 2085 ἀπὸ
1414 2032 1504 2084 τοῦ
1528 2020 1893 2102 πληθυντωξιῖκς

358 2122 739 2190 προενηνέχθαι
763 2122 829 2175 τὰ
845 2123 1121 2193 εἰρημένα,
1140 2121 1289 2191 δῆλόν
1306 2124 1466 2175 ἐστιν.
1485 2122 1640 2183 Εἰκὸς
1663 2118 1752 2175 οὖν
1776 2139 1894 2174 τινα

357 2214 449 2263 ὲπί
475 2216 561 2263 τὸν
598 2214 816 2266 συνόντα
858 2212 1003 2282 αὑτῷ
1034 2212 1172 2265 κατὰ
1200 2212 1295 2282 τὴν
1336 2212 1535 2283 ἔρημον
1566 2212 1689 2265 λαὸν
1729 2212 1895 2265 ταῦτα

357 2304 667 2372 ἀναφέρειν.
707 2304 842 2356 Ἀλλ’
877 2306 994 2358 οὑδλ
1026 2306 1178 2363 τοῦτο
1214 2309 1482 2375 συγχωρεῖ
1505 2306 1639 2361 νοεῖν
1669 2306 1697 2356 ό
1722 2304 1891 2371 λόγος.

361 2393 426 2443 Τί
460 2396 563 2463 γὰρ
592 2391 680 2447 καί
708 2411 869 2465 φησι·
900 2396 967 2450 Τὸ
995 2398 1140 2463 πρωϊ
1164 2394 1241 2463 ὡς
1262 2399 1299 2465 ἡ
1330 2397 1477 2465 χλόη
1502 2394 1796 2463 παρέλθοι.
1828 2394 1893 2444 τὸ

358 2482 508 2547 πρωϊ
544 2481 799 2548 ἀνθήσαι
829 2484 925 2536 καί
958 2483 1263 2551 παρέλθοιο
1296 2484 1361 2538 τὸ
1386 2484 1639 2551 ἑσπέρας
1673 2481 1894 2537 ἀποπέ-

358 2584 477 2628 σοι.
510 2571 907 2636 σκληρυνθείη
932 2570 1025 2621 καὶ
1051 2570 1359 2636 ξηρανθείη
1377 2588 1388 2599 ·
1430 2570 1514 2622 ὅτι
1548 2570 1896 2637 ἐξελίπομεν

356 2658 426 2711 ἐν
447 2656 521 2724 τῇ
540 2656 683 2725 ὀργῇ
711 2672 823 2709 σου
838 2674 856 2719 ;
881 2656 1090 2716 οὐκοῦν
1116 2660 1173 2709 οὐ
1207 2658 1282 2727 τῷ
1307 2660 1448 2728 πρωΐ
1481 2675 1638 2727 φησιν
1666 2659 1891 2713 ὲκλελοιυ

359 2746 537 2810 πὲναι,
577 2745 711 2799 ἀλλὰ
738 2750 803 2799 Τὸ
835 2748 928 2817 μὲν
958 2747 1103 2814 πρωῒ
1125 2747 1204 2812 ὡς
1231 2746 1268 2813 ἡ
1295 2749 1443 2815 χλόη
1470 2748 1746 2817 παρέλθοι
1766 2767 1777 2779 ·
1804 2752 1892 2805 καὶ

359 2835 540 2901 πάλιν,
560 2835 641 2898 οὒ,
670 2835 827 2889 Κατὰ
866 2835 932 2889 τὸ
957 2835 1104 2903 πρωῒ
1126 2820 1583 2901 ἁποπέσωβὺδὲ,
1628 2839 1783 2892 Κατὰ
1830 2840 1893 2892 τὸ

358 2928 508 2994 πρωῒ
534 2928 929 2995 σκληρυνθείη
956 2929 1053 2981 καὶ
1082 2928 1413 2995 ξηρανθείη,
1444 2930 1553 2980 ἀλλ’
1596 2930 1890 2994 Ἀνθήσαι,

359 3016 521 3084 φησὶν
546 3017 583 3068 ’ό
621 3015 791 3081 λόγος,
829 3016 973 3070 κατὰ
1000 3016 1063 3068 τὸ
1098 3017 1243 3082 πρωῒ
1266 3016 1357 3069 καὶ
1395 3018 1669 3083 παρέλθοι
1688 3033 1703 3048 ο
1749 3017 1808 3069 τὸ
1839 3018 1894 3069 δὲ

358 3104 649 3157 ἀποπεσεῖν
688 3106 779 3157 καί
826 3105 1213 3176 σκληρυνθῆναι
1240 3107 1331 3159 καὶ
1364 3106 1683 3176 ξηρανθῆναι
1734 3106 1894 3158 ὲσπὲ-

1926 1914 1965 1966 Β

1989 687 2169 755 quenti
2200 686 2529 741 successioni
2558 687 2852 754 coaptanda
2878 688 2966 741 sit.
3004 686 3153 751 Quod
3190 696 3364 742 autem
3401 690 3510 743 haec

1986 776 2087 845 ipsi
2116 778 2315 831 referre
2343 791 2448 830 non
2480 776 2784 837 conveniat,
2816 777 2954 844 apud
2985 792 3167 830 omnes
3201 778 3429 830 arbitror
3457 780 3511 830 in

1986 862 2230 919 confesso
2262 864 2496 917 futurum
2527 881 2663 919 esse.
2684 864 2781 928 Qui
2813 865 2953 918 enim
2984 866 3148 932 possit
3174 863 3397 941 Moyses,
3428 866 3515 920 ho-

1986 969 2075 1007 mo
2110 953 2222 1017 Dei,
2253 954 2318 1009 de
2372 968 2430 1009 se
2463 954 2639 1009 dicere
2673 973 2684 1006 :
2722 954 2857 1018 Quia
2884 954 3158 1021 defecimus
3179 955 3228 1007 in
3259 957 3339 1007 ira
3386 964 3513 1018 tua;

1986 1045 2070 1097 vel
2098 1044 2388 1100 secundum
2420 1044 2793 1114 Symmachum
2817 1062 2829 1097 :
2851 1044 2987 1109 Quia
3016 1047 3303 1113 consumpti
3335 1061 3512 1099 sumus

1989 1136 2043 1188 in
2081 1137 2163 1187 ira
2205 1145 2313 1197 tua,
2341 1143 2389 1188 et
2430 1136 2482 1187 in
2510 1136 2685 1202 furore
2714 1146 2799 1187 tuo
2828 1136 3023 1187 turbati
3055 1150 3250 1188 sumus.
3283 1133 3515 1189 Posuisti

1990 1224 2283 1291 iniquitates
2328 1235 2532 1277 nostras
2576 1226 2631 1277 in
2679 1232 2946 1291 conspectu
2991 1233 3112 1287 tuo;
3151 1240 3211 1277 ac
3256 1240 3510 1279 rursum:

1988 1313 2111 1366 Dies
2160 1316 2322 1367 nostri
2365 1314 2657 1382 defecerunt
2684 1318 2737 1366 in
2769 1316 2849 1367 ira
2878 1323 3001 1377 tua;
3026 1316 3320 1383 iterumque
3348 1334 3359 1367 :
3388 1315 3513 1379 Quis

1990 1406 2127 1456 novit
2162 1406 2261 1457 vim
2288 1406 2381 1457 ine
2406 1395 2524 1467 tum,
2559 1416 2607 1457 et
2643 1422 2673 1457 a
2705 1406 2887 1456 timore
2917 1414 3001 1455 tuo
3029 1405 3159 1456 iram
3195 1405 3377 1455 tuam?
3410 1402 3513 1456 Ve-

1988 1510 2106 1548 rum
2135 1496 2274 1563 quod
2309 1496 2420 1549 haec
2452 1497 2516 1547 ad
2548 1496 2781 1563 Moysem
2808 1510 2911 1548 non
2947 1494 3261 1557 referantur,
3296 1509 3401 1548 non
3436 1510 3516 1548 so-

1990 1586 2096 1637 lnm
2126 1585 2250 1652 quia
2276 1584 2453 1635 omnia
2480 1584 2611 1635 iram
2640 1582 2730 1636 Dei
2753 1583 3078 1651 exprimunt,
3101 1583 3191 1637 sed
3214 1584 3370 1637 etiam
3391 1582 3515 1649 quia

1990 1675 2100 1727 haec
2152 1673 2425 1742 pluraliter
2472 1674 2831 1741 proferuntur,
2862 1672 3200 1725 manifestum
3247 1681 3349 1727 est.
3384 1672 3519 1725 iliuc

1992 1767 2153 1834 igitur
2173 1764 2457 1818 verisimile
2476 1772 2574 1825 est,
2600 1764 2708 1817 hare
2730 1763 3027 1832 quempiam
3059 1764 3254 1832 populo
3281 1764 3372 1832 qui
3396 1778 3516 1815 cum

1992 1855 2107 1923 ipso
2140 1854 2192 1906 in
2219 1854 2433 1908 deserto
2458 1862 2593 1916 erat,
2626 1854 2977 1921 ascripturum
3001 1868 3137 1907 esse.
3169 1853 3236 1905 At
3264 1853 3315 1905 id
3342 1868 3408 1906 ne
3436 1855 3518 1907 vel

1990 1944 2224 2011 cogitare
2262 1941 2504 1994 concedit
2550 1940 2732 1995 series.
2762 1939 2869 1993 Cur
2914 1943 3053 1994 enim
3091 1939 3333 1993 diceret:
3363 1934 3521 1993 Mane

1991 2032 2121 2085 sicut
2163 2031 2319 2084 herba
2359 2040 2608 2093 transeat,
2670 2047 2819 2085 mane
2850 2032 3032 2099 ﬂoreat
3060 2040 3105 2083 et
3132 2039 3395 2091 transeat;
3432 2046 3519 2082 ισθ-

2002 2137 2144 2188 spere
2169 2120 2393 2184 decidat,
2426 2121 2629 2173 induret
2659 2131 2706 2174 et
2749 2130 2979 2182 arescat;
3006 2126 3125 2189 quia
3155 2119 3427 2187 defecimus
3465 2120 3518 2173 in

1992 2214 2071 2264 ira
2100 2213 2227 2263 tua?
2256 2211 2433 2279 Itaque
2469 2226 2572 2263 non
2602 2212 2730 2265 dicit
2763 2226 2916 2265 mane
2944 2210 3229 2272 defecisse,
3260 2208 3380 2264 sed:
3402 2208 3519 2260 Ha-

1994 2315 2053 2352 ne
2091 2301 2221 2351 sicut
2268 2300 2422 2351 herba
2453 2307 2719 2361 transeat;
2758 2313 2931 2367 neque
2980 2313 3191 2351 rursum
3223 2298 3297 2349 ait
3326 2315 3339 2350 :
3372 2295 3518 2349 Mane

1992 2388 2214 2451 decidat,
2242 2405 2410 2457 neque
2437 2407 2449 2441 :
2480 2384 2635 2442 Mane
2670 2388 2872 2441 induret
2904 2398 2950 2441 et
2982 2396 3213 2449 arescat;
3253 2387 3344 2443 sed
3384 2386 3517 2441 dici-

1995 2485 2081 2530 tur
2114 2497 2125 2530 :
2159 2476 2314 2531 Mane
2345 2478 2526 2545 ﬂoreat
2574 2488 2622 2531 et
2669 2487 2936 2541 transeat;
2968 2487 3025 2531 ut
3070 2488 3244 2531 autem
3290 2477 3516 2540 decidat,

1994 2568 2205 2621 induret
2233 2578 2283 2621 et
2313 2576 2541 2630 arescat,
2564 2583 2781 2636 vespere
2800 2566 3037 2620 futurum
3063 2581 3180 2621 esse
3197 2567 3268 2619 ait
3294 2566 3377 2619 his
3402 2580 3518 2620 ver-

1994 2658 2077 2713 bis
2107 2676 2119 2709 :
2162 2656 2373 2723 Vespere
2400 2656 2623 2720 decidat,
2643 2655 2844 2708 induret
2888 2665 2937 2708 et
2963 2665 3202 2716 arescat;
3233 2655 3360 2707 illm]
3389 2668 3521 2722 quo-

1995 2766 2097 2820 que
2132 2768 2143 2802 :
2174 2749 2309 2815 Quia
2360 2748 2636 2815 defecimus
2682 2748 2736 2799 in
2778 2747 2859 2798 ira
2900 2754 3009 2809 tua,
3037 2758 3255 2813 vespere
3282 2743 3518 2797 futurum

1993 2856 2112 2894 esse
2144 2840 2343 2893 dictum
2374 2846 2454 2893 est
2495 2857 2506 2891 :
2537 2852 2659 2890 nam
2709 2836 2833 2898 hoc,
2864 2834 3129 2904 inquiunt,
3162 2842 3400 2902 tempore
3428 2836 3519 2886 de-

1996 2930 2234 2983 fecimus.
2266 2928 2526 2993 Quoniam
2554 2942 2675 2980 cum
2709 2940 2864 2979 mane
2911 2923 3090 2987 liores,
3120 2922 3281 2977 herba
3312 2930 3363 2977 et
3388 2931 3521 2977 tem-

1966 3031 2224 3089 vporanea
2256 3018 2493 3088 quazdam
2530 3016 2734 3086 species
2758 3014 3070 3077 exstitisset,
3100 3026 3318 3082 vespere
3344 2993 3520 3065 ema‘r-

1995 3110 2115 3163 cuit~
2134 3109 2319 3172 herba,
2350 3116 2401 3162 et
2449 3107 2607 3162 ﬂores
2649 3106 2905 3161 exsiccati
2952 3104 3279 3159 defecerunt.
3312 3101 3378 3156 Et
3410 3103 3522 3156 haec

364 3209 463 3262 ρας
492 3192 708 3247 ἔσεσθαί
750 3211 900 3264 φησι,
935 3195 1105 3261 λέγων
1124 3194 1201 3257 τὸ,
1250 3194 1539 3261 Ἐσπέρας
1578 3195 1889 3259 ἀποπέσοι,
1920 3237 1961 3292 C
1995 3200 2090 3269 qui

1794 3210 1889 3259 τοι,
1920 3237 1961 3292 C
1995 3200 2206 3269 quidem
2238 3198 2409 3253 oratio
2437 3197 2610 3267 quoad
2656 3197 2884 3251 litteram
2915 3196 2987 3248 ita
3022 3211 3077 3249 se
3110 3194 3299 3260 habet;
3332 3206 3520 3247 sensus

360 3283 757 3359 σκληρυνθείη
789 3285 883 3336 καὶ
921 3284 1262 3352 ξηρανθεῶι·
1305 3285 1396 3337 καὶ
1440 3286 1518 3337 τόο
1558 3286 1683 3337 Ὅτι
1710 3283 1947 3349 ἐξελίοῗ

361 3385 547 3439 πομεν
566 3373 633 3425 ἐν
655 3370 729 3441 τῇ
755 3372 897 3449 ὀργῇ
923 3391 1057 3439 σου,
1087 3376 1223 3428 κατὰ
1248 3374 1306 3427 τὸ
1335 3376 1565 3445 ἑσπέρας
1589 3375 1799 3428 ἔσεσθαι
1821 3376 1897 3427 εί-

362 3479 520 3532 ρηται
542 3480 553 3494 ι
584 3464 640 3515 ὲν
665 3461 834 3532 τούτῳ
856 3464 980 3535 γὰρ,
1014 3465 1192 3534 φησιν,
1236 3465 1544 3534 ἐξελίπομιν
1564 3480 1575 3492 ’
1611 3466 1897 3535 ἐπειδήπερ

362 3552 423 3604 τὸ
449 3550 589 3622 πρωῒ
618 3552 781 3621 ᾶνθης
809 3552 1118 3623 γενομένης,
1148 3554 1238 3607 καὶ
1270 3554 1427 3623 χλόης
1449 3555 1537 3607 καὶ¹
1571 3558 1893 3627 προσκαίρου

361 3640 503 3704 τινὸς
544 3641 839 3712 ὠραϊσμοῦ,
875 3643 1010 3695 κατὰ
1040 3642 1135 3713 τὴν
1171 3644 1403 3714 ἑσπέραν
1445 3643 1828 3715 σκληρυνθείη
1863 3651 1895 3718 ἠ

363 3730 489 3801 χλόη
524 3732 616 3783 καὶ
644 3728 1071 3802 ἀποξηρανθεϊσα
1094 3734 1127 3803 η
1161 3732 1290 3802 ἄνθη
1323 3732 1553 3798 ἐξέλιπε.
1576 3736 1683 3787 Καὶ
1712 3736 1779 3789 τὰ
1802 3738 1896 3807 μὲν

361 3821 460 3891 τῆς
483 3820 677 3887 λέξεως
700 3822 795 3893 τῆς
825 3821 1098 3894 παρούσης
1126 3823 1424 3893 προσευχῆς
1450 3824 1631 3877 τοῦτον
1670 3824 1779 3895 ἔχει
1808 3827 1897 3879 τὸν

362 3913 587 3981 τρόπον’
621 3912 687 3966 τὰ
721 3914 778 3967 δὲ
807 3911 903 3984 τῆς
942 3908 1171 3977 διανοίας
1194 3915 1291 3967 οὐκ
1330 3915 1605 3984 ἐπιτρέπει
1652 3916 1744 3967 ἐπὶ
1772 3919 1897 3981 τοὺς

362 3998 634 4065 Μωῢσέως
653 4005 871 4074 χρόνους
891 4005 980 4057 καὶ
1000 4004 1094 4073 τὴν
1116 4006 1233 4057 κατ’
1252 4005 1407 4057 αὐτὸν
1432 4005 1616 4072 γενεὰν
1649 4007 1895 4072 συνάγειν

360 4093 429 4145 τὰ
446 4091 723 4162 εἰρημένα.
749 4094 821 4145 Οὐ
853 4094 959 4163 γὰρ
983 4090 1184 4163 ἑσπέρα
1215 4089 1281 4163 ἦν
1304 4095 1439 4155 τότε,
1470 4094 1590 4146 οὐδὲ
1608 4095 1673 4146 τὰ
1696 4094 1895 4149 ὕστατα

362 4180 453 4233 τοῦ
486 4184 550 4234 ὲκ
587 4182 878 4251 περιτομῆς
920 4182 1047 4236 λαοῦ
1070 4199 1083 4211 ⁸
1116 4182 1277 4253 ἀρχαὶ
1300 4182 1355 4235 δὲ
1388 4174 1525 4253 ἦσαν
1565 4185 1758 4249 αὐτῶν,
1804 4188 1895 4239 καὶ

362 4272 481 4324 τότε
516 4272 725 4343 πρῶτον
754 4273 931 4335 αὐτοῖς
957 4273 1297 4327 ἁνατετάλκει
1325 4274 1385 4327 τὸ
1416 4276 1476 4326 ὲκ
1506 4274 1635 4328 Θεοῦ
1675 4278 1892 4344 φέγγος.

363 4362 452 4415 Διὸ
468 4363 560 4417 καὶ
578 4362 636 4415 τὺ
658 4361 800 4435 πρωϊ
844 4352 1127 4434 ὠνομάσθη
1146 4366 1177 4435 η
1196 4363 1379 4417 τούτου
1409 4382 1465 4417 τε
1503 4366 1690 4437 καιροῦ
1726 4368 1887 4419 κατά-

364 4469 567 4518 στασις,
582 4454 674 4507 καὶ
698 4457 728 4524 ἡ
754 4453 845 4507 τοῦ
864 4453 994 4507 Θεοῦ
1018 4456 1095 4519 είς
1117 4455 1309 4518 αὐτοὺς
1335 4458 1615 4525 ὲπισκοπή.
1664 4457 1897 4528 Ἐσπέρα

360 4542 416 4595 δὲ
445 4545 563 4597 τότε
604 4544 781 4606 αὐτοῖς
808 4545 1045 4611 γέγονεν.
1074 4546 1107 4614 ἡ
1136 4545 1225 4599 ἐπὶ
1248 4546 1520 4617 συντελείᾳ
1551 4547 1639 4599 τοῦ
1681 4547 1889 4609 αἰῶνος,
1928 4578 1968 4631 D

361 4633 480 4685 καθ’
519 4635 584 4703 ἢν
615 4634 699 4687 ἔδυ
727 4635 906 4701 αὐτοῖς
958 4636 986 4699 ό
1029 4631 1146 4687 τότε
1172 4636 1447 4700 ἀνατείλας
1491 4637 1676 4705 Λόγος.
1737 4637 1895 4689 Ἀλλὰ

360 4710 479 4776 τότε
510 4725 604 4794 μὲν
654 4723 973 4778 ἁνατέταλκε
1012 4724 1103 4776 καὶ
1145 4725 1353 4795 πρωῖαν
1384 4726 1563 4788 αὐτοῖς
1599 4726 1891 4796 εἰργάζετο,

362 4813 446 4864 ὅτε
485 4813 576 4866 καὶ
610 4814 753 4884 ἤνθει
781 4814 850 4866 τὰ
892 4812 1008 4866 κατ’
1035 4813 1227 4876 αὐτοὺς
1256 4815 1565 4885 πράγματα.
1602 4817 1675 4868 06
1732 4818 1897 4887 παρέ.

367 4918 510 4971 μεινε
538 4902 593 4955 δὲ
622 4905 678 4955 ὲν
708 4905 772 4974 τῇ
794 4902 1015 4973 ἀληθείᾳ
1034 4919 1049 4933 ·
1074 4902 1205 4954 ἀλλὰ
1232 4903 1339 4974 γὰρ
1362 4904 1664 4974 ἀνθήσαντα
1687 4905 1896 4976 παρῆλ-

362 4992 442 5054 θε,
470 4991 562 5044 καὶ
605 4992 760 5057 σκιᾶς
797 4990 948 5063 δίκην
999 4992 1338 5063 παρέδραμε·
1378 4977 1457 5045 διδ
1502 4992 1741 5047 λέλεκται
1766 5010 1780 5025 ο
1828 4993 1895 5047 Τὸ

361 5080 507 5148 πρωῒ
539 5081 617 5146 ὡς
643 5084 680 5150 ή
708 5085 856 5150 χλόη
889 5085 1184 5151 παρέλθοι.
1220 5082 1369 5136 Μετὰ
1400 5083 1453 5135 δὲ
1492 5084 1587 5154 τὴν
1623 5084 1893 5147 Μωῦσέως

361 5172 610 5242 τελευτὴν
648 5170 805 5225 πάλιν
834 5177 891 5227 ἐν
911 5178 1021 5240 τοῖς
1051 5175 1184 5245 μετὰ
1214 5174 1384 5228 ταῦτα
1404 5175 1608 5245 χρόνοις
1629 5175 1895 5237 ἐπιδόντες
1952 5176 1955 5179 ’

362 5265 439 5325 είς
461 5260 678 5331 αὔξησιν
708 5262 801 5315 καὶ
834 5261 1048 5332 μείζονα
1078 5264 1236 5335 φυὴν,
1293 5262 1408 5317 οὺδδ
1440 5261 1577 5315 οὕτω
1602 5262 1893 5333 διέμειναν,

362 5353 495 5407 ἀλλά
521 5350 786 5423 παρῆλθον
803 5369 817 5383 ·
852 5352 931 5409 διὸ
961 5352 1052 5407 καὶ
1077 5350 1322 5425 δεύτερον
1348 5351 1589 5407 λέλεκται
1608 5369 1622 5383 ο
1654 5353 1724 5406 Τό
1750 5351 1896 5419 πρωϊ

362 5442 614 5509 ἁνθήσαι
643 5442 739 5495 καί
773 5439 1065 5510 παρέλθοι.
1102 5443 1180 5499 Τὰ
1210 5445 1267 5498 δέ
1297 5462 1357 5514 γε
1400 5437 1678 5498 τελευταῖα
1716 5441 1891 5495 αὐτῶν

365 5536 499 5603 μετᾶ
532 5534 699 5586 ταῦτα
731 5533 1043 5604 σημαίνεται
1082 5535 1168 5590 διὰ
1214 5538 1387 5593 τοῦτο·
1430 5534 1715 5603 Ἐσπέρας
1742 5534 1889 5587 ἀπο-

361 5624 553 5683 πέσοι.
583 5626 676 5679 καί
720 5628 1115 5713 σκληρυνθείη
1167 5630 1262 5682 καί
1305 5630 1649 5699 ξηρανθείη·
1699 5624 1894 5696 τὸγὰρ

436 5803 480 5834 ’³
522 5803 673 5860 ηἰείι.
712 5822 801 5871 ιιι,
835 5807 867 5861 ϐ
969 5808 1006 5839 ³⁸
1044 5807 1267 5865 Malacb.
1302 5820 1385 5879 tv,
1418 5811 1473 5867 Ξ.
1545 5809 1591 5844 ⁸⁸
1629 5802 1735 5865 Jer.
1767 5822 1853 5873 ιτ,
1886 5806 1939 5863 ο.

680 5900 938 5964 Parnm.
987 5901 1102 5962 Gn.
1136 5901 1368 5964 XXIII.

1994 3306 2119 3344 vero
2153 3289 2217 3343 ad
2246 3288 2442 3359 Moysis
2471 3298 2709 3362 tempora
2728 3291 2781 3341 et
2803 3286 2868 3339 ad
2893 3287 2975 3340 sui
3006 3287 3100 3339 avi
3122 3286 3522 3355 generationem

1996 3380 2225 3435 conferri
2260 3380 2462 3449 nequit.
2482 3378 2663 3447 Neque
2684 3377 2824 3431 enim
2857 3383 2983 3427 tunc
3012 3389 3233 3443 vespera
3262 3384 3397 3436 erat,
3437 3390 3525 3429 ne-

1995 3486 2098 3541 que
2119 3478 2353 3525 extrema
2377 3470 2555 3539 populi
2585 3484 2651 3523 ex
2678 3465 3081 3521 circumcisione
3107 3473 3341 3531 tempora
3366 3478 3525 3519 vene-

1994 3570 2143 3625 rant;
2176 3559 2267 3615 sed
2299 3567 2426 3612 tunc
2453 3557 2671 3611 exordia
2715 3556 2831 3624 ejus
2860 3559 3030 3617 erant,
3065 3562 3117 3607 et
3141 3558 3268 3607 tunc
3294 3552 3522 3620 primum

1994 3668 2056 3705 ex
2107 3651 2213 3705 Deo
2261 3650 2351 3702 lux
2403 3654 2518 3700 orta
2546 3656 2679 3701 erat.
2713 3630 3062 3711 Quamobrem
3098 3640 3350 3710 temporis
3378 3640 3523 3695 illius

1994 3739 2248 3801 conditio,
2278 3748 2327 3793 et
2377 3738 2467 3793 Dei
2519 3736 2777 3810 inspectio
2828 3746 3101 3795 concessa,
3136 3745 3291 3785 mane
3336 3736 3522 3783 vocata

1995 3842 2095 3888 est.
2126 3831 2279 3885 Tunc
2308 3838 2483 3884 autem
2516 3841 2734 3897 vespera
2762 3825 2859 3878 iuit
2884 3824 3009 3884 illis,
3032 3836 3152 3875 cum
3184 3822 3237 3873 in
3269 3833 3522 3874 consum-

1997 3924 2229 3978 matione
2260 3922 2440 3977 δαίουιὶ
2466 3917 2719 3979 Verbum,
2748 3914 2889 3985 quod
2919 3913 3045 3967 hinc
3076 3919 3411 3973 ortumerat,
3436 3925 3523 3964 oc-

1996 4014 2120 4069 cidit
2151 4014 2275 4067 illis.
2309 4010 2504 4065 Verum
2532 4017 2660 4061 tunc
2686 4005 2899 4077 quidem
2918 4012 3105 4075 ortum
3130 4012 3235 4067 est,
3254 4010 3317 4059 et
3342 4012 3523 4057 matu-

1994 4104 2165 4156 tinum
2193 4101 2325 4171 ipsis
2348 4099 2540 4162 etl‘ecit,
2573 4113 2693 4151 cum
2734 4112 2823 4151 res
2866 4098 3103 4165 ipsorum
3130 4094 3398 4150 ﬂorerent.
3428 4092 3527 4147 Ne-

1996 4208 2099 4261 que
2144 4205 2271 4246 sane
2304 4190 2358 4243 in
2389 4190 2611 4243 veritate
2658 4195 3095 4256 permanserunt;
3143 4184 3237 4240 sed
3272 4198 3393 4238 cum
3429 4183 3526 4237 ﬂo-

1998 4280 2251 4343 ruissent,
2281 4275 2628 4337 transierunt,
2655 4281 2707 4329 et
2731 4275 2933 4328 umbra:
2962 4273 3133 4326 instar
3170 4271 3520 4341 aufugerunt:

1998 4369 2340 4438 quamobrem
2370 4366 2571 4419 dictum
2600 4372 2681 4419 est
2714 4384 2725 4417 :
2755 4362 2910 4417 Mans
2931 4362 3058 4417 sicut
3080 4360 3515 4445 iterba'transeat.

1996 4434 2123 4514 éost
2166 4456 2363 4527 Moysis
2409 4464 2584 4509 autem
2630 4454 2853 4521 obitum,
2884 4454 2939 4507 in
2986 4434 3329 4522 sequentibus
3360 4450 3521 4504 etiam

1996 4531 2345 4619 temporibus,
2376 4547 2429 4599 in
2460 4546 2729 4599 meliorem
2760 4552 2955 4598 statum
2989 4543 3128 4597 aucti
3170 4548 3223 4596 et
3264 4540 3521 4610 provecti,

1998 4656 2103 4692 non
2158 4640 2229 4692 ita
2285 4642 2676 4699 remanserunt,
2726 4632 2817 4686 sed
2873 4632 3522 4700 transierunt:quocirca

1995 4731 2155 4782 etiam
2182 4726 2418 4782 secundo
2442 4726 2645 4779 dictum
2666 4731 2781 4777 est:
2806 4720 2964 4787 Mane
2988 4722 3169 4790 ﬂoreat
3198 4732 3245 4776 et
3273 4727 3522 4774 transeat.

1994 4818 2267 4872 Postrema
2310 4828 2437 4867 vero
2483 4828 2666 4868 eorum
2700 4812 2802 4867 sub
2836 4813 2947 4865 haec
2991 4814 3063 4865 ita
3106 4811 3470 4882 significantur
3506 4824 3522 4861 :

2006 4906 2218 4972 Vespere
2244 4902 2467 4965 decidat,
2493 4902 2699 4955 induret
2735 4909 2785 4954 et
2837 4910 3079 4955 arescat:
3118 4915 3239 4953 nam
3269 4895 3407 4967 quod
3434 4910 3523 4949 se-

1997 4995 2167 5063 nescit
2193 5001 2247 5048 et
2270 4993 2616 5053 inveteratur,
2654 5006 2897 5061 proxime
2938 4986 3210 5046 interitum
3240 4998 3332 5044 est.
3384 4983 3523 5049 luod

1992 5100 2118 5141 sane
2142 5084 2246 5138 illis
2268 5084 2491 5153 contigit
2519 5084 2798 5137 occidente
2816 5083 3037 5151 iustitiae
3059 5082 3197 5145 Sole,
3230 5079 3523 5134 mundum

1995 5174 2322 5245 prophetiam
2346 5189 2465 5243 qua:
2494 5174 2566 5227 ait
2602 5192 2615 5227 :
2656 5169 2721 5227 Et
2748 5171 2937 5227 occidet
2962 5172 3038 5227 tot
3063 5185 3211 5237 super
3228 5168 3520 5237 prophetas.

1990 5268 2074 5336 qui
2100 5274 2274 5319 errare
2301 5263 2498 5331 faciunt
2526 5270 2772 5331 populum
2798 5279 2961 5316 meum
2983 5262 3046 5315 ".
3071 5256 3521 5324 Quemadmodum

1992 5356 2131 5410 enim
2159 5354 2223 5409 de
2246 5352 2410 5421 justis
2438 5353 2642 5407 dictum
2669 5361 2753 5407 est
2779 5371 2790 5405 :
2814 5350 3022 5407 Orietttr
3044 5349 3336 5402 timentibus
3364 5346 3523 5400 Deum

1996 5446 2091 5503 Sol
2117 5446 2432 5515 justitiw“;
2462 5446 2541 5501 sic
2567 5455 2726 5500 etiam
2749 5443 2817 5498 de
2839 5442 3013 5511 impiis
3035 5440 3234 5495 dictum
3266 5447 3345 5494 est
3375 5457 3388 5491 :
3424 5436 3529 5492 0c-

1997 5539 2128 5591 cidet
2150 5536 2229 5590 sui
2262 5552 2414 5604 super
2448 5536 2564 5591 illos
2578 5534 2657 5591 "z
2693 5549 2755 5589 ac
2789 5546 3001 5587 rursum
3037 5530 3160 5585 alibi
3194 5530 3209 5582 ἐ
3239 5526 3305 5581 Et
3330 5526 3528 5580 occidet

1998 5626 2075 5679 sol
2104 5629 2157 5679 in
2179 5626 2408 5690 meridie,
2449 5637 2497 5679 et
2525 5627 2655 5680 [una
2695 5640 2795 5678 non
2826 5622 2967 5676 dabit
2997 5622 3157 5709 lucem
3197 5635 3345 5672 suam
3369 5618 3437 5673 ".
3467 5616 3533 5673 In

2038 5807 2083 5839 "
2120 5804 2283 5861 Amos
2310 5805 2443 5876 vmf,
2472 5804 2531 5859 9.

3138 5891 3217 5957 36
