4372 6416
810 470 941 521 NI)!

1496 462 1761 518 LUSEB“
1799 461 2280 520 CESARIENSIS
2317 464 2471 519 OPP.
2517 465 2697 521 PARS
2735 466 2819 522 Ill.
2844 495 2913 505 —-
2952 464 3357 523 EXEGETICA.

3887 468 4025 526 “32

813 577 1273 636 consummatione
1302 577 1465 647 igitur
1495 579 1676 631 seculi
1708 587 1832 648 post
1853 577 2159 633 Servatoris
2190 580 2365 634 nostri
2394 594 2437 641 Α
2469 598 2539 634 πα

2299 580 2365 632 tri
2394 594 2437 641 Α
2469 581 2860 651 παλαιούμενον
2883 582 2976 635 καὶ
3002 582 3279 653 γηράσκον
3310 583 3475 649 ἐγγὺς
3508 578 3837 661 ἀφανισμοῦ.
3874 586 3937 639 Ὀ
3962 584 4025 658 δὴ

811 672 1117 730 adventum,
1151 682 1273 721 cum
1297 682 1521 737 vespera
1551 668 1684 736 ipsis
1716 666 2048 733 advenisset,
2074 681 2136 721 ac
2158 666 2248 721 lux
2282 682 2368 721 ve-

811 752 987 815 ritatis
1016 760 1171 829 plane
1204 758 1518 821 occidisset,
1556 759 1612 811 in
1665 758 1881 835 ruinam
1926 768 1979 812 et
2008 760 2365 828 abjectionem

809 851 1018 919 penitus
1067 848 1422 912 devenerunt,
1457 856 1621 918 atque
1652 849 1754 904 hoc
1778 852 2057 904 oraculum
2089 836 2365 919 impletum

806 950 885 997 est
918 960 931 995 :
971 940 1190 1009 Vespere
1218 939 1444 1005 decidat,
1486 941 1695 995 indurat
1718 952 1767 996 et
1802 952 2028 998 arescat.
2054 941 2195 1008 Quia
2224 942 2367 1011 defe-

805 1034 969 1086 cimus
996 1034 1053 1085 in
1076 1033 1159 1086 ira
1191 1042 1302 1094 tua,
1328 1042 1378 1087 et
1400 1034 1455 1086 in
1480 1032 1658 1100 furore
1685 1044 1772 1088 tuo
1803 1036 1998 1089 turbati
2027 1052 2226 1090 sumus.
2252 1034 2367 1089 His-

802 1138 907 1194 que
956 1122 1172 1179 videtur
1221 1124 1353 1177 mihi
1408 1123 1621 1195 Moyses
1655 1126 1962 1181 orationem
2011 1127 2361 1190 concinnare,

802 1217 985 1286 populi
1032 1224 1153 1285 post
1200 1214 1495 1272 Salvatoris
1530 1219 1708 1271 nostri
1748 1217 2038 1273 adventum
2068 1219 2364 1273 conditioni

801 1317 1241 1363 consentaneam.
1298 1306 1431 1361 Nam
1461 1308 1722 1378 propheta
1759 1325 1881 1362 cum
1914 1320 2078 1374 esset,
2103 1294 2156 1364 et
2184 1310 2364 1364 divina

802 1398 1140 1469 praescientia
1177 1398 1535 1466 abjectionem
1581 1414 1771 1453 eorum
1823 1400 2066 1454 ultimam
2107 1410 2157 1453 et
2187 1409 2363 1455 extre-

800 1505 945 1544 mam
973 1491 1183 1543 ruinam
1205 1491 1555 1560 prospiceret,
1586 1491 1823 1544 salutare
1850 1492 1981 1560 ipsis
2005 1493 2361 1561 pliarmacum

729 1640 732 1645 ,
802 1586 868 1638 ad
897 1584 1159 1639 medelam
1190 1586 1531 1655 suggerebat,
1567 1587 1707 1641 hanc
1750 1586 1998 1641 videlicet
2036 1587 2357 1650 orationem,
2386 1620 2391 1625 ι

801 1691 963 1747 quam
996 1676 1049 1730 in
1080 1676 1318 1741 arcanis,
1349 1684 1408 1730 ut
1436 1677 1749 1745 ,verisintile
1795 1686 1900 1743 est,
1930 1688 1984 1732 et
2014 1688 2166 1731 extra
2202 1678 2361 1731 aliam

803 1767 1128 1836 scripturam
1166 1782 1343 1830 suam,
1377 1766 1444 1821 iis
1484 1769 1579 1837 qui
1619 1782 1817 1822 arcana
1849 1784 2013 1837 penes
2047 1783 2105 1820 se
2134 1768 2363 1820 retinere

804 1868 1024 1929 possent
1070 1858 1334 1921 tradidit;
1368 1862 1691 1930 videturque
1724 1860 1869 1931 apud
1897 1860 2017 1914 illos
2048 1860 2138 1911 diu
2170 1867 2224 1913 et
2258 1860 2365 1927 pri-

801 1950 967 2004 vatim
1016 1964 1135 2004 eam
1184 1950 1429 2013 latuisse,
1464 1966 1527 2003 ae
1574 1950 1788 2006 demum
1840 1952 1976 2003 libro
2022 1949 2361 2004 Psaimorum

800 2042 1108 2097 necessario
1156 2043 1415 2097 insertam
1470 2042 1658 2106 fuisse,
1702 2058 1769 2097 ne
1819 2041 2076 2096 diuturno
2121 2050 2357 2111 tempore

799 2134 986 2188 multis
1019 2135 1193 2189 latens
1224 2143 1276 2189 et
1300 2136 1543 2205 neglecta
1572 2136 1863 2191 excideret.
1898 2133 1966 2188 Ut
1991 2134 2153 2202 igitur
2181 2149 2358 2188 serva-

798 2235 968 2287 retur,
1001 2226 1363 2297 omnibusque
1396 2238 1521 2281 nota
1550 2236 1813 2287 maneret,
1846 2227 1985 2280 libro
2014 2226 2355 2281 Psalmorum

796 2320 1000 2374 inserta
1034 2319 1158 2385 fuit,
1184 2322 1284 2375 etsi
1314 2322 1553 2390 psalmus
1589 2336 1695 2373 non
1723 2320 1813 2375 sit.
1840 2317 2023 2389 Neque
2052 2320 2193 2373 enim
2219 2320 2357 2388 psal-

795 2411 869 2465 mi
900 2410 1176 2480 quidpiam
1211 2411 1589 2479 complectitur
1622 2430 1635 2465 :
1671 2411 1912 2479 psalmus
1939 2410 2135 2480 quippe
2164 2410 2231 2463 ad
2258 2412 2351 2463 la:-

796 2502 970 2555 titiam
994 2503 1160 2558 animi
1192 2510 1433 2574 spectat;
1467 2503 1579 2556 haec
1607 2510 1787 2556 autem
1818 2502 1993 2556 oratio
2028 2503 2162 2555 iram
2196 2511 2248 2557 et
2274 2502 2359 2555 fu-

796 2607 972 2648 rorem
998 2578 1113 2660 DEi,
1146 2592 1358 2666 aliaque
1386 2595 1565 2650 tristia
1615 2604 2002 2650 commemorat
2036 2615 2048 2649 :
2085 2597 2357 2650 divinum-

792 2700 897 2756 que
927 2701 1123 2742 numen
1157 2687 1222 2742 iis
1252 2688 1449 2757 placat,
1478 2686 1569 2757 qui
1605 2686 1739 2756 lapsi
1776 2693 1924 2741 sunt.
1958 2685 2169 2756 Moyses
2200 2686 2356 2755 quip-

792 2792 859 2849 pe
888 2780 1030 2835 hunc
1055 2780 1387 2851 propitiandi
1417 2780 1637 2834 modum
1670 2779 1836 2834 tradit
1871 2780 2089 2848 populo,
2113 2780 2205 2847 qui
2236 2785 2355 2847 post

793 2866 1092 2925 Salvatoris
1123 2872 1297 2926 nostri
1328 2870 1703 2925 adventumin
1740 2880 1963 2941 peccata
1992 2871 2211 2926 decidit.

2466 674 2558 726 καὶ
2580 674 2706 743 περὶ
2742 674 2918 736 αὐτοῖς
2949 673 3170 741 γέγονεν
3198 672 3472 735 ἐπιδόντος
3502 674 3684 738 αὐτοῖς
3706 674 3801 729 τοῦ
3826 675 3926 746 τῆς
3950 677 4029 731 δι-

2466 764 2966 834 καιοσύνηςἩλίου,
2993 764 3131 817 κατά
3157 764 3253 835 τὴν
3276 765 3523 835 φήσασαν
3547 767 3900 837 προφητείαν·
3918 766 4027 822 Καὶ

2465 856 2707 909 δύσεται
2734 860 2765 909 ὀ
2788 856 2956 923 ἣλιος
2980 857 3075 909 ἐπὶ
3104 856 3245 921 τοὺς
3266 856 3574 926 προφήτας
3595 856 3737 924 τσὺς
3757 857 4027 913 πλανῶν-

2464 965 2571 1012 τας
2601 948 2706 999 τόν
2735 950 2887 1002 λαόν
2918 966 3057 1017 μου.
3088 949 3292 1019 Ὥσπερ
3333 949 3440 1019 γὰρ
3480 950 3610 1020 περὶ
3650 950 3758 1004 τῶν
3800 951 4026 1007 δικαίων

2465 1038 2654 1110 ἐλέχθη
2670 1039 2746 1102 τὸ,
2764 1039 3062 1093 Ἀνατελεῖ
3084 1040 3207 1106 τοῖς
3226 1040 3611 1110 φοϐουμένοις
3624 1040 4024 1110 αὐτόν”Ηλιος

2464 1132 2871 1201 δικαιοσύνης,
2914 1133 3054 1186 οὕτω
3102 1134 3353 1205 καὶπερὶ
3400 1132 3507 1185 τῶν
3554 1133 3764 1187 ἀσεϐῶν
3813 1135 4020 1205 εἴρηται

2463 1214 2542 1288 ei},
2571 1227 2819 1278 Δύσεται
2848 1228 2881 1278 ό
2907 1218 3076 1293 ἥλιος
3094 1226 3189 1278 ἐπὶ
3214 1225 3432 1279 τοῖσδε·
3462 1226 3555 1279 καὶ
3583 1224 3744 1279 πάλιν
3771 1225 4019 1296 ἀλλαχοῦ·

2463 1318 2572 1371 Καὶ
2599 1318 2889 1372 δύσεταιό
2913 1317 3083 1384 ἣλιος
3105 1318 3489 1386 μεσημϐρίας,
3514 1318 3610 1371 καί
3634 1319 3673 1385 ἠ
3694 1317 3925 1386 σελήνη
3952 1318 4022 1372 οὐ

2462 1410 2634 1464 δώσει
2666 1411 2729 1464 τὸ
2772 1410 2988 1480 φέγγος
3015 1410 3220 1478 αὐτῆς.
3261 1411 3380 1463 Ἐπὶ
3428 1410 3701 1482 συντελείᾳ
3733 1409 3908 1463 τοίνυν
3931 1409 4024 1464 τοῦ

2462 1502 2655 1566 αἰῶνος
2678 1504 2812 1572 μετά
2830 1503 2927 1573 τὴν
2943 1500 3035 1554 τοῦ
3052 1502 3300 1572 Σωτῆρος
3312 1505 3343 1572 ή
3355 1502 3467 1572 μῶν
3484 1502 3801 1575 παρουσίαν,
3820 1502 3909 1556 ὅτε
3926 1502 4023 1555 αὑ-

2461 1595 2571 1655 τοῖς
2601 1595 2633 1663 ή
2664 1593 2867 1663 ἑσπέρα
2892 1591 3113 1663 ἐπῆλθε,
3145 1592 3328 1655 δύντος
3365 1594 3543 1657 αὐτοῖς
3582 1593 3656 1656 ὡς
3684 1592 3899 1664 ἀληθῶς
3928 1589 4026 1648 τοῦ

2460 1683 2557 1751 τῆς
2581 1682 2834 1751 ἀληθείας
2862 1682 3054 1751 φωτὸς,
3079 1684 3111 1751 ή
3130 1680 3399 1744 ἔκπτωσις
3424 1682 3600 1734 αὐτῶν
3623 1682 3716 1735 καὶ
3736 1683 3769 1753 ή
3786 1681 4023 1754 ἀποϐολὴ

2461 1773 2643 1834 τέλους
2673 1772 2847 1841 ἔτυχε,
2867 1774 2960 1824 καὶ
2988 1772 3048 1824 τὸ
3076 1773 3247 1843 παρὸν
3277 1771 3564 1844 ἐπληρώθη
3598 1774 3779 1841 λόγιον
3809 1774 4023 1845 φῆσανο

2463 1864 2537 1917 Τὸ
2573 1865 2833 1931 ἑσπέρας
2878 1864 3189 1929 ἀποπέσοι,
3224 1866 3628 1934 σκληρυνθείη
3676 1866 3773 1920 καὶ
3802 1868 4024 1939 ξηραν-

2462 1955 2607 2022 θείη.
2634 1955 2759 2008 ’Ὁτι
2794 1955 3146 2024 ἐξελίπομεν
3175 1957 3243 2009 ἐν
3271 1956 3344 2025 τῇ
3376 1957 3521 2027 ὀργῇ
3548 1974 3683 2022 σου,
3714 1959 3814 2012 καί
3849 1959 3918 2013 ἐν
3943 1956 4026 2025 τῷ
4064 1946 4071 1953 ’

2463 2046 2624 2115 θυμῷ
2645 2065 2757 2101 σου
2791 2049 3208 2118 ἐταράχθημεν.
3239 2051 3343 2102 Καί
3367 2068 3454 2120 μοι
3476 2051 3619 2104 δοκεί
3638 2051 3725 2105 διὰ
3761 2052 3965 2106 τούτων
3994 2053 4024 2105 ό

2462 2139 2698 2208 Μωῦσῆς
2733 2141 3035 2211 προσευχὴν
3084 2142 3335 2206 συντάξαι
3380 2142 3721 2214 ἁρμόζουσαν
3749 2146 3815 2215 τῇ
3851 2160 4021 2197 κατα-

2463 2228 2644 2283 στάσει
2670 2230 2761 2283 τοῦ
2787 2232 2935 2295 λαοῦ,
2962 2236 3028 2303 τῇ
3051 2233 3184 2303 μετὰ
3211 2233 3307 2303 τὴν
3330 2233 3626 2303 παρουσίαν
3650 2233 3742 2287 τοῦ
3771 2234 4023 2305 Σωτῆρος

2459 2321 2634 2392 ήμῶν.
2677 2322 2965 2393 Προφήτης
2988 2319 3080 2376 οὖν
3107 2322 3201 2386 ὢν,
3228 2324 3528 2394 προγνώσει
3558 2342 3617 2377 τε
3650 2324 3768 2396 θεία
3782 2324 3849 2377 ’τὸ
3874 2324 4022 2387 τέλος

2460 2414 2637 2468 αὐτῶν
2662 2416 2757 2485 τῆς
2782 2415 3047 2486 ἀποϐολῆς
3078 2416 3169 2468 καὶ
3194 2415 3291 2485 τὴν
3318 2417 3548 2485 ἐσχάτην
3569 2416 3879 2469 ἀπόπτωσιν
3899 2432 4021 2467 συν-

2458 2508 2615 2578 ορῶν,
2652 2508 2938 2578 φάρμακον
2985 2507 3163 2566 αὐτοῖς
3204 2507 3465 2577 σωτήριον
3494 2506 3587 2558 καὶ
3631 2489 4018 2575 θεραπευτικὸν

2458 2599 2761 2662 ὑπετίθετο,
2796 2598 2891 2669 τὴν
2930 2597 3205 2669 παροῦσαν
3249 2596 3552 2667 προσευχὴν
3583 2596 3640 2647 ἐν
3669 2595 4017 2665 ἀπορρήτοις,

2456 2690 2531 2753 ὡς
2560 2674 2723 2753 εἰκός,
2767 2691 3037 2759 παραδοὺς
3075 2689 3243 2761 αὐτὴν
3269 2686 3464 2752 ἔξωθεν
3502 2687 3603 2757 τῆς
3652 2686 3817 2758 ἄλλης
3854 2684 4018 2740 αὑτοῦ

2456 2780 2673 2851 γραφῆς
2715 2782 2825 2842 τοῖς
2871 2778 3183 2849 δυναμένοις
3227 2777 3291 2832 τὰ
3335 2778 3619 2849 ἀπόρρητα
3656 2777 3788 2847 παρῗ
3810 2775 4019 2837 ἑαυτοῖς

2456 2871 2707 2939 κατέχειν
2726 2887 2738 2900 ·
2765 2870 2891 2939 παρ’
2911 2864 2990 2932 οἷς
3019 2870 3112 2923 καὶ
3136 2870 3282 2933 εἰκὸς
3304 2867 3664 2939 φυλάττεσθαι
3690 2865 3857 2937 αὐτὴν
3888 2865 4020 2919 ἰδια-

791 2961 989 3028 ζόντως
1019 2966 1111 3019 καὶ
1143 2964 1440 3036 λεληθότως
1478 2965 1636 3035 μέχρι
1660 2965 1854 3019 πολλοῦ
1875 2984 1888 2997 ’
1920 2965 2143 3038 ὕστερόν
2168 2977 2229 3035 γε
2253 2964 2357 3036 μὴν
2394 2965 2850 3035 ἐγκαταλεχθῆναι
2871 2956 3179 3033 ἀναγκαίως
3202 2967 3271 3036 τῇ
3304 2964 3469 3035 βίϐλῳ
3492 2964 3598 3017 τῶν
3623 2961 3888 3033 Ψαλμῶν,
3943 2958 4021 3025 ὡς

787 3053 856 3109 ἂν
891 3058 963 3128 μὴ
994 3059 1072 3128 τῷ
1113 3058 1305 3129 μακρῷ
1328 3059 1501 3128 χρόνῳ
1532 3058 1771 3111 διαπέσοι
1805 3058 2041 3112 λαθοῦσα
2068 3059 2192 3122 τοὺς
2224 3059 2449 3123 πολλοὺς
2485 3061 2577 3113 καὶ
2627 3040 2977 3130 ἀμεληθεῖσα.
3014 3058 3107 3111 ”Ιν’
3136 3052 3230 3111 οὖν
3300 3055 3542 3120 σώζοιτᾳ
3606 3054 3701 3108 καὶ⁴
3766 3054 4017 3127 παραμέ.

723 3180 731 3188 -
791 3166 871 3202 νοι
902 3149 1270 3221 γινωσκομένη
1308 3149 1411 3202 ὑπὸ
1439 3149 1673 3213 πάντων,
1696 3151 1761 3219 τῇ
1795 3149 1959 3220 βίϐλῳ
1989 3149 2097 3202 τῶν
2130 3150 2375 3223 ιΙξαλμῶν
2414 3150 2808 3229 παρενεϐλήθη,
2852 3151 2927 3222 μὴ
2955 3145 3086 3203 οὖσα
3126 3148 3353 3220 ψαλμός.
3387 3148 3519 3202 Οὐδὲ
3556 3148 3663 3220 γὰρ
3700 3146 3913 3218 ψαλμοῦ
3966 3164 4018 3201 τι

792 3241 1065 3312 περιέχει·
1111 3239 1370 3311 θυμηδίας,
1410 3240 1517 3310 γὰρ
1572 3241 1601 3293 ὁ
1637 3239 1884 3310 ,ψαλμὸς·
1919 3240 1950 3309 ή
2006 3239 2060 3291 δὲ
2106 3239 2350 3309 παροῦσα
2383 3242 2653 3312 προσευχὴ
2682 3241 2852 3311 ὀργῆς
2888 3238 3211 3310 μνημονεύει
3240 3239 3334 3293 καὶ
3387 3236 3560 3309 θυμοῦ
3598 3237 3733 3291 Θεοῦ
3782 3239 3873 3293 καὶ
3911 3237 4019 3291 ἐτέ-

795 3355 902 3413 ρων
950 3337 1301 3410 σκυθρωπῶν,
1349 3337 1623 3391 ἱλάσκεται
1664 3354 1723 3389 τε
1780 3336 1840 3389 τὸ
1870 3335 2022 3387 Θεῖον
2070 3336 2208 3405 ὑπὲρ
2248 3335 2355 3388 τῶν
2419 3337 2916 3390 ἁποπεπτωκότων·
2962 3336 3052 3389 τὸν
3100 3335 3321 3406 ἱλασμὸν
3363 3333 3549 3387 τοῦτον
3610 3334 3888 3396 Μωῦσέως
3933 3333 4018 3386 διὰ

788 3434 890 3504 τῆς
924 3434 1223 3506 προσευχῆς
1271 3433 1606 3495 διδάσκοντος
1647 3432 1822 3500 λέγειν
1868 3430 1959 3483 τὸν
2006 3430 2347 3484 ἀποπεσόντα
2380 3431 2474 3484 τοῦ
2516 3432 2649 3485 Θεοῦ
2684 3431 2807 3484 λαὸν
2851 3430 2987 3502 μετά
3016 3432 3113 3502 τὴν
3138 3429 3232 3484 τοῦ
3277 3429 3527 3500 Σωτῆρος
3593 3427 3750 3497 ἡμῶν
3817 3442 4015 3497 παραυ·-

793 3530 930 3582 σίαν.

860 3647 1191 3718 Videtur-que
1237 3647 1367 3700 mihi
1425 3648 1564 3698 hanc
1603 3643 1803 3714 Moysis
1853 3642 2176 3707 orationem,
2227 3650 2421 3724 postc
2520 3642 2586 3695 Kc

2290 3650 2349 3697 ist
2377 3663 2421 3724 ο
2520 3640 2629 3695 Καί
2670 3658 2757 3711 μοι
2803 3640 2947 3694 δοκεῖ
2973 3641 3071 3693 οὐκ
3111 3638 3363 3702 ἀσκόπως
3397 3650 3534 3709 μετα
3568 3635 3658 3691 τὸν
3684 3643 3774 3709 πη¹
3806 3636 4016 3708 ψαλμὸν

791 3756 1028 3799 Lxxxvnt
1057 3740 1344 3809 psalmum,
1377 3745 1429 3791 et
1459 3751 1523 3791 ea
1552 3750 1673 3805 qua:
1704 3734 1775 3788 ibi
1809 3734 1875 3788 de
1910 3734 2114 3789 semine
2163 3734 2348 3797 David,

789 3837 962 3905 deque
1005 3831 1204 3886 throno
1271 3830 1345 3883 illi
1401 3829 1670 3899 promisso
1719 3829 2186 3898 praenuntiantur,
2240 3844 2347 3882 non

789 3931 907 3985 sine
945 3926 1173 3981 consilio
1217 3923 1446 4001 positam
1503 3921 1798 3978 fuisse:ac
1862 3937 2163 3979 sermonem
2229 3938 2352 3991 pro-

787 4018 1038 4071 fuitdiore
1090 4015 1325 4085 quodam
1376 4013 1694 4084 speculandi
1743 4028 1913 4077 more,
1958 4012 2194 4066 futuram
2254 4010 2352 4065 Ju-

787 4107 925 4161 daici
986 4093 1187 4176 populi,
1236 4112 1356 4175 post
1393 4104 1683 4159 adventum
1722 4103 1842 4173 ejus
1899 4104 1989 4173 qui
2031 4120 2094 4157 ex
2146 4103 2350 4157 semine

787 4196 952 4250 David
1005 4196 1320 4266 proditurus
1380 4202 1539 4260 erat,
1612 4196 1824 4249 ruinam
1885 4205 1938 4249 et
1989 4194 2347 4263 abjectionem

787 4288 1131 4344 subindicare
1164 4286 1343 4357 :quod
1404 4301 1535 4341 sane
1585 4302 1764 4340 rerum
1822 4293 2047 4363 eventus
2076 4286 2344 4354 obsignat.

784 4381 855 4437 At
884 4380 1029 4435 enim
1051 4380 1349 4433 orationem
1378 4379 1511 4449 ipsis
1541 4377 1703 4431 tradit
1744 4377 1974 4451 Moyses,
2039 4376 2346 4446 prophetica

784 4477 981 4533 virtute
1035 4474 1296 4531 orationis
1346 4474 1508 4529 verba
1567 4488 1812 4542 persona:
1870 4472 2051 4542 populi
2103 4469 2238 4539 lapsi
2296 4475 2349 4522 et

785 4567 980 4637 abjecti
1032 4564 1466 4621 accommodans.
1526 4564 1659 4617 Cum
1718 4563 1882 4633 igitur
1910 4562 2004 4623 ait,
2036 4559 2115 4613 Ne
2143 4569 2347 4614 avertas

784 4658 1039 4713 hominem
1068 4660 1122 4713 in
1160 4658 1505 4712 humilitatem
1534 4675 1553 4709 :
1587 4655 1651 4709 Et
1685 4655 1909 4708 dixisti:
1948 4652 2345 4714 Convertimini,

782 4752 1184 4821 ﬁlii/tominum,
1239 4752 1381 4806 hanc
1432 4751 1563 4820 ipsis
1620 4748 1923 4802 doctrinam
1970 4745 2186 4799 tradere
2214 4744 2346 4797 mihi

777 4842 993 4897 videtur
1013 4883 1027 4905 ,
1061 4851 1119 4896 ut
1150 4843 1353 4897 scilicet
1385 4841 1656 4911 precando
1677 4826 1861 4893 dicant
1904 4858 1915 4892 :
1947 4836 1991 4893 Ο
2026 4837 2268 4899 Domine,
2290 4844 2346 4887 tu

780 4936 947 4990 variis
996 4934 1329 5003 temporibus
1391 4931 1657 5003 refugium
1709 4932 1865 4986 nobis
1917 4930 2091 4983 factus
2148 4944 2207 4983 es
2252 4941 2347 4996 per

2452 3734 2545 3787 καί
2567 3732 2635 3784 τὰ
2667 3732 2731 3783 δι’
2768 3730 2929 3783 αὑτοῦ
2959 3730 3085 3801 περὶ
3120 3729 3213 3782 τοῦ
3255 3729 3564 3798 σπέρματος
3594 3727 3756 3781 Δαυῖδ
3797 3728 3892 3782 καὶ
3920 3726 4013 3780 τοῦ

2452 3824 2857 3893 ὲπηγγελμένου
2900 3820 3046 3889 αὑτῷ
3070 3820 3258 3891 θρόνου
3295 3804 3672 3884 θεσπισθέντος
3701 3821 3735 3889 ἡ
3767 3819 4015 3892 παροῦσα

2453 3912 2724 3986 προσευχὴ
2756 3912 3031 3975 Μωῦσέως
3053 3907 3316 3981 συνῆφθαι
3336 3926 3350 3940 ·
3386 3911 3522 3979 μετά
3548 3928 3689 3972 τινος
3709 3912 3765 3964 δὲ
3793 3911 4014 3981 βαθυτέ-

2455 4024 2550 4079 ρας
2576 4005 2802 4076 θεωρίας
2835 4001 3201 4071 αἰνιττομένου
3235 3999 3325 4053 τοῦ
3359 4000 3513 4067 λόγου
3554 4001 3863 4055 ἀπόπτωσιν
3897 4003 4016 4056 ἔσε-

2452 4098 2573 4150 σθαι
2599 4097 2690 4149 καὶ
2710 4093 2975 4164 ἀποϐολὴν
2992 4091 3089 4149 τοῦ
3131 4090 3393 4144 Ἰουδαίων
3420 4088 3601 4154 ἔθνους
3627 4090 3764 4161 μετὰ
3790 4092 3888 4164 τὴν
3915 4108 4016 4147 πα-

2453 4188 2667 4261 ρουσίαν
2695 4185 2787 4240 τοῦ
2831 4186 2894 4239 ἐκ
2929 4185 3239 4257 σπέρματος
3266 4183 3425 4236 Δαυῖδ
3463 4182 3952 4255 προελευσομένου·
3982 4184 4015 4239 ὃ

2449 4281 2510 4352 δὴ
2545 4282 2636 4334 καὶ
2669 4276 3118 4351 ἐπισφραγίζεται
3163 4279 3196 4349 ή
3236 4277 3341 4328 τῶν
3382 4276 3721 4347 πραγμάτων
3763 4275 4008 4340 ἔκϐασις.

2461 4374 2619 4425 ,Αλλά
2647 4372 2753 4441 γὰρ
2776 4370 3079 4441 προσευχὴν
3104 4371 3283 4432 αὐτοῖς
3305 4367 3661 4440 παραδίδωσιν
3688 4371 3716 4422 ό
3748 4368 4010 4439 Μωῦσῆς,

2449 4466 2757 4536 προφητικῇ
2794 4462 3017 4532 δυνάμει
3046 4460 3359 4533 ἐφαρμόσας
3384 4462 3508 4524 τοὺς
3545 4461 3602 4513 ἐν
3638 4464 3701 4530 τῇ
3737 4463 4010 4531 προσευχῇ

2448 4553 2635 4621 λόγους
2656 4552 2733 4622 τῷ
2766 4552 3037 4623 προσώπῳ
3061 4552 3152 4604 τοῦ
3200 4552 3519 4614 ἐκπεσόντος
3546 4552 3637 4604 καὶ
3674 4550 4011 4622 ἀποϐληθέν-

2447 4662 2536 4709 τος
2564 4644 2713 4697 λαοῦ.
2753 4643 2917 4696 Ἐπὰν
2943 4638 3032 4696 οὖν
3054 4643 3184 4713 λέγῃ
3206 4661 3219 4672 ·
3244 4646 3300 4697 Μ
3308 4644 3340 4710 ἡ
3373 4641 3759 4709 ἁποστρέψῃς
3790 4640 4015 4711 ἄνθρω-

2448 4751 2566 4790 πον
2606 4738 2691 4802 είς
2724 4736 3108 4788 ταπείνωσιν
3154 4734 3264 4789 Καὶ
3307 4731 3506 4798 shaec
3556 4732 4009 4801 Ἐπιστρέψατε,

2447 4825 2633 4881 οἱυίοὶ
2676 4826 2793 4881 τῶν
2824 4824 3163 4892 ἀνθρώπων,
3209 4825 3393 4878 τοῦτόν
3436 4840 3523 4893 μοι
3561 4822 3708 4876 δοκεῖ
3737 4824 4013 4882 διδάσκειν

2447 4918 2642 4981 αὐτοὺς
2670 4917 2760 4970 τὸν
2785 4915 2927 4979 νοῦν,
2963 4916 3426 4987 προσευχομένους
3461 4914 3635 4982 λέγειν
3660 4931 3674 4946 ο
3714 4911 3782 4967 Ὦ
3811 4917 4004 4987 Κύριε,

781 5026 1425 5097 singulasgenerationes
1459 5040 1473 5074 :
1512 5038 1636 5077 nam
1663 5023 1837 5091 primo
1864 5036 1984 5075 cum
2015 5022 2068 5074 in
2107 5018 2340 5103 IEgypto
2374 5014 2417 5069 D
2447 5013 2507 5065 σὺ

2286 5028 2340 5074 ιο
2374 5014 2417 5069 D
2447 5013 2510 5065 σὺ
2545 5010 2684 5065 κατὰ
2712 5009 2931 5081 χρόνους
2975 5010 3103 5080 ήμῖν
3151 5009 3377 5077 γέγονας
3419 5007 3702 5077 καταφυγὴ
3745 5008 3839 5062 καὶ
3883 5008 4008 5062 καθ.

744 5146 745 5149 η
781 5131 1144 5179 versaremur,
1182 5122 1341 5184 atque
1366 5128 1396 5167 a
1428 5113 1713 5167 Pharaone
1757 5119 1809 5166 et
1850 5109 2120 5182 Egyptiis
2158 5110 2339 5181 oppri-
2410 5174 2411 5177 η

779 5224 1070 5274 meremur,
1103 5206 1370 5279 refugium
1408 5206 1564 5262 nobis
1592 5205 1739 5259 fuisti
1767 5222 1781 5270 ;
1835 5205 2137 5274 iterumque
2170 5204 2224 5257 in
2247 5201 2342 5257 de—

780 5309 925 5357 serto
977 5302 1270 5373 Oppugnati
1329 5315 1451 5353 cum
1500 5298 1568 5352 ab
1594 5295 1907 5373 Amalecitis
1932 5296 2046 5349 tam
2072 5310 2102 5349 a
2121 5292 2337 5349 Chana-

777 5392 930 5459 nteis,
967 5370 1094 5448 tein
1123 5370 1424 5447 subsidium
1453 5404 1514 5443 ac
1540 5370 1808 5460 refugium
1864 5387 2182 5453 habuimus;
2233 5386 2340 5443 imo

777 5488 937 5541 etiam
996 5499 1117 5538 cum
1171 5483 1398 5554 ingressi
1439 5482 1492 5536 in
1542 5487 1745 5535 terram
1779 5478 2154 5550 promissionis
2200 5478 2330 5532 allo—

778 5578 953 5649 pbylis
1000 5576 1209 5632 subacti
1262 5591 1525 5637 essemus,
1584 5588 1648 5627 ac
1677 5572 1992 5643 plerumque
2016 5581 2201 5643 postea
2230 5572 2332 5628 sub

778 5670 995 5738 regibus
1030 5668 1253 5731 nostris,
1281 5667 1495 5722 demum
1524 5666 1579 5720 in
1604 5664 1933 5737 Babylonica
1994 5666 2327 5736 captivitate,

780 5760 989 5831 refugio
1023 5760 1177 5819 nobis
1213 5758 1380 5814 fuisti.
1442 5757 1505 5811 Et
1559 5772 1705 5813 nunc
1746 5757 1925 5827 itaque
1962 5757 2331 5827 supplicamus

779 5852 930 5921 paria
969 5853 1062 5909 abs
1095 5860 1145 5907 te
1175 5851 1449 5922 consequi,
1482 5859 1639 5923 teque
1674 5852 1730 5906 in
1753 5848 2021 5922 refugium
2078 5856 2326 5905 nostrum

2437 5103 2672 5175 ἑκάστην
2714 5101 2904 5172 γενεάν
2928 5119 2941 5131 ·
2978 5101 3188 5173 πρῶτον
3224 5101 3321 5171 μὲν
3358 5098 3465 5169 γὰρ
3492 5098 3549 5151 ἐν
3579 5099 3836 5170 Αἰγύπτῳ
3872 5116 4007 5171 τυγ-

2437 5198 2689 5268 χάνουσιν
2726 5198 2877 5266 ἡμῖν,
2913 5197 3004 5249 καὶ
3042 5195 3147 5248 ὑπὸ
3169 5193 3265 5246 τοῦ
3295 5192 3492 5263 Φαραῶ
3544 5192 3639 5246 καὶ
3683 5193 3789 5246 τῶν
3838 5195 4005 5262 Λίγυ-

2439 5290 2604 5345 πτίων
2639 5289 3127 5360 καταπονουμένοις
3161 5286 3446 5357 καταφυγὴ
3473 5284 3699 5354 γέγονας
3718 5303 3732 5316 ’
3754 5285 3913 5340 πάλιν
3944 5285 4002 5339 δὲ

2439 5384 2529 5436 ἐπὶ
2561 5383 2657 5453 τῆς
2687 5383 2892 5453 ἐρήμου
2937 5378 3327 5451 πολεμούμενοι
3359 5377 3479 5432 τοτὲ
3505 5379 3604 5449 μὲν
3639 5378 3743 5432 ὑπὸ
3773 5379 3865 5433 τοῦ
3911 5379 3999 5433 ’Δ-

2442 5475 2638 5548 μαλὴκ,
2699 5476 2822 5528 τοτὲ
2853 5474 2910 5528 δὲ
2951 5472 3054 5527 ὑπὸ
3080 5472 3173 5525 τοῦ
3216 5472 3537 5535 Χαναναίου,
3575 5473 3633 5525 σὲ
3679 5471 3999 5541 καταφυγὴν

2437 5569 2744 5639 ἐσχήκαμεν
2763 5584 2775 5597 ·
2805 5567 2862 5619 οὐ
2895 5565 2999 5635 μὴν
3032 5564 3165 5617 ἀλλὰ
3196 5564 3288 5619 καὶ
3325 5564 3652 5628 εἰσελθόντες
3675 5565 3754 5626 εἰς
3772 5562 3868 5632 τὴν
3894 5563 3999 5633 γῆν

2436 5661 2535 5731 τῆς
2577 5658 2928 5728 ἐπαγγελίας,
2963 5657 3064 5709 ὑπὸ
3104 5657 3417 5728 ἀλλοφύλοις
3445 5674 3503 5710 τε
3540 5656 3839 5725 γενόμενοι,
3868 5655 3998 5709 πολ-

2438 5752 2591 5815 λάκις
2632 5766 2688 5802 τε
2722 5750 2813 5803 καὶ
2848 5748 2983 5819 μετά
3031 5749 3200 5803 ταῦτα
3232 5750 3322 5802 ἐπὶ
3366 5750 3474 5801 τῶν
3520 5745 3782 5817 βασιλέων
3815 5744 3993 5813 ἡμῶν,

2438 5848 2529 5900 καὶ
2562 5845 2708 5907 τέλος
2766 5845 2854 5895 ἐπὶ
2904 5843 2999 5914 τῆς
3047 5845 3123 5906 εἰς
3161 5842 3452 5897 Βαϐυλῶνα
3500 5836 3889 5909 αίχμαλωσίας,
3931 5838 3993 5892 σὲ
