4372 6404
388 488 524 554 mia

1461 490 1954 554 COMMENTARIA
1990 491 2057 547 IN
2096 493 2408 549 PSALMOS

3445 497 3582 554 1134

384 616 703 687 καταφυγὴν
737 617 980 688 εσλοῇἔν.
1012 613 1120 669 Kal.
1156 616 1279 669 vovi.
1302 615 1585 687 τοιγαροῦν
1625 615 1933 684 ἱκετεύομεν
1961 618 2007 672 Α
2033 612 2110 665 obl

1857 630 1933 666 ιεν
1961 618 2007 672 Α
2033 612 2274 666 obtinere
2305 628 2319 664 :
2351 626 2519 681 quare
2572 622 2844 678 rogamus,
2895 602 2975 661 Ne
3017 615 3221 663 avertas
3242 606 3498 665 hominem
3525 614 3583 667 in

380 706 491 761 τῶν
519 708 716 778 ὁμοίων
748 707 897 777 παρά
923 707 1014 760 σοῦ
1045 710 1240 777 τυχεῖν,
1285 708 1376 760 καί
1410 724 1468 760 σε
1501 704 1798 777 κτήσασθαι
1830 722 1930 765 κα-

380 800 663 869 ταφυγήν·
693 798 772 851 διδ
804 797 1049 867 δεόμεθα,
1084 797 1179 865 Μὴ
1212 798 1600 867 ἀποστρέψῃς
1624 796 1932 864 ἄνθρωπον

381 888 468 951 εις
491 888 847 940 ταπείνωσιν
865 901 876 915 ·
901 886 1161 949 τουτέστι,
1195 886 1285 957 Μὴ
1315 887 1656 958 ἀποστρέψῃς
1682 887 1826 955 ἡμᾶς
1853 885 1931 948 είς

379 978 588 1031 τελείαν
609 978 919 1033 ἀπόπτωσιν
950 979 1041 1031 καὶ
1062 979 1400 1032 ταπείνωσιν.
1432 979 1504 1030 Σὺ
1528 980 1635 1049 γὰρ
1664 981 1729 1048 τῇ
1760 980 1824 1047 σῇ
1848 995 1933 1046 ιρι-

381 1065 697 1140 λανθρωπίᾳ
738 1067 915 1135 εἶπας,
950 1070 1044 1123 καὶ
1076 1068 1399 1140 κηρύγματα
1428 1070 1587 1121 πᾶσιν
1631 1067 1931 1139 ἀνθρώποις

381 1159 693 1231 εξενήνοχας
711 1162 897 1231 λέγων·
917 1161 1357 1231 Ἑπιστρέψιιτε,
1377 1166 1428 1217 οὶ
1450 1161 1563 1216 υἱοὶ
1582 1161 1697 1214 τῶν
1716 1160 1933 1229 ἀνθρώ-

379 1263 528 1307 πων.
564 1254 625 1306 El
648 1254 710 1325 δὴ
730 1252 822 1307 οῦν
846 1254 1020 1309 πάντα
1049 1254 1119 1308 τά
1140 1255 1382 1326 ἐθνηᾼκαὶ
1412 1256 1619 1317 πάντας
1642 1257 1761 1317 τοὺς
1787 1254 1932 1316 υἱοὺς

378 1340 490 1395 τῶν
529 1321 826 1417 ἀνθρώπων
873 1321 1289 1417 προίξ-κέκληταί⁸
1321 1364 1414 1399 σου
1446 1348 1479 1416 ἡ
1536 1346 1928 1417 φιλανθρωπία,

381 1437 476 1488 καὶ
507 1438 629 1499 τοὺς
662 1438 823 1492 πάλαι
851 1440 1291 1511 ἀποστραφέντας
1320 1441 1425 1493 ἀπὸ
1454 1440 1567 1504 σοῦ,
1600 1440 1691 1493 καὶ
1718 1440 1931 1509 δαίμοσι

380 1527 475 1579 καὶ
512 1528 779 1599 πνεύμασι
806 1533 1056 1602 πονηροῖς
1079 1530 1572 1592 καταδουλωθέντας
1600 1527 1932 1600 ἐπιστραφῆ-

382 1634 468 1671 ναι
496 1618 586 1671 ἐπὶ
619 1620 678 1672 σὲ
712 1620 1004 1684 κελεύσεις,
1045 1621 1179 1693 μηδὲ
1212 1623 1354 1691 ἡμᾶς
1382 1622 1749 1690 ἀποστραφῇς,
1801 1618 1931 1689 μηδὲ

292 1740 299 1743 -
378 1710 458 1771 είς
498 1711 728 1781 παντελῆ
756 1714 1028 1783 ἐρήμωσιν
1056 1712 1384 1786 καταλείπῃς
1408 1711 1578 1764 ἐλθεῖν
1612 1712 1737 1773 τοὺς
1768 1710 1949 1787 πάλαι,

380 1814 476 1851 σου
503 1800 820 1869 γενομένους
874 1802 1121 1865 οἰκείους,
1153 1803 1342 1865 οἵτινες
1384 1802 1517 1872 πρὸς
1558 1800 1734 1868 ὀλίγον
1772 1799 1934 1870 ἀνθή-

380 1906 569 1953 σαντες
601 1892 897 1963 χειμάρρου
931 1892 1082 1963 δίκην
1115 1892 1550 1964 παρεδράμομεν.
1588 1890 1669 1943 Τά
1698 1889 1827 1959 γοῦν
1850 1889 1932 1960 χί-

380 1982 470 2035 λια
518 1982 670 2053 ἡμῶν
699 1982 815 2052 ἐτη,
849 1986 907 2036 ὲν
944 1979 1025 2046 οἷς
1073 1985 1416 2054 ἠκμάσαμεν,
1463 1981 1638 2045 ταῦτα
1662 1979 1932 2051 παρῆλθεν

380 2073 455 2135 ὡς
480 2073 512 2143 ἡ
545 2072 715 2141 ἐχθὲς,
744 2074 864 2143 ῆτις
888 2072 1084 2144 διῆλθε.
1111 2073 1400 2143 Γενόμενος
1419 2071 1476 2125 δὲ
1514 2073 1571 2124 ἐν
1588 2069 1797 2147 τούτοις
1838 2072 1934 2138 ἐφ-

324 2218 334 2227 _
389 2165 578 2234 ίστημι
613 2164 729 2227 πῶς
754 2164 962 2236 εἴρηται
991 2163 1059 2217 τά
1086 2163 1228 2234 χίλια
1261 2164 1433 2216 ταῦτα
1455 2162 1571 2234 ιτη.
1602 2164 1665 2216 El
1696 2162 1793 2234 μὲν
1822 2163 1933 2233 7&9

379 2257 563 2309 ινεκεν
590 2255 890 2322 δοξολογίας
924 2250 1017 2306 τοῦ
1046 2252 1180 2307 Θεοῦ
1214 2254 1307 2307 καὶ
1337 2256 1415 2317 είς
1460 2254 1797 2325 παράστασιν
1837 2255 1933 2323 τῆς

380 2349 547 2403 ἀϊδίου
578 2347 722 2416 ζωῆς
751 2344 843 2399 τοῦ
873 2343 1028 2408 Θεοῦ,
1055 2346 1204 2399 οὐδὲν
1230 2343 1380 2416 οἶμαι
1412 2344 1500 2398 τὸν
1526 2345 1679 2414 λόγον
1703 2345 1931 2417 μεγαλο-

384 2439 587 2510 πρεπὲς
636 2439 924 2508 περιέχειν.
966 2436 1098 2490 Οὐδὲ
1142 2435 1249 2508 γὰρ
1289 2436 1381 2489 τὸν
1413 2435 1697 2507 σύμπαντα
1742 2434 1928 2498 αἰῶνα,

377 2530 501 2585 οὐδὲ
533 2531 622 2584 τὸν
650 2528 757 2584 ἀπὸ
788 2528 1005 2601 πρώτης
1036 2529 1263 2595 κτίσεως
1282 2529 1372 2581 τοῦ
1414 2530 1615 2599 κόσμου
1656 2528 1744 2580 καὶ
1771 2527 1931 2595 μέχρι

379 2618 479 2692 τῆς
503 2620 815 2684 συντελείας,
827 2622 1212 2692 παρατείνοντα
1242 2620 1446 2690 χρόνον,
1469 2619 1528 2670 τὸ
1552 2620 1749 2690 ἀκαρὲς
1768 2618 1931 2689 ἡγοῦ-

380 2729 481 2783 μαι
506 2708 660 2773 εἶναι,
696 2712 792 2782 οὐχ
819 2712 899 2764 ὅτι
929 2712 1027 2782 τῆς
1058 2711 1288 2782 ἡμέρας,
1330 2710 1441 2763 ἀλλ’
1466 2709 1583 2762 οὐδὲ
1608 2710 1705 2780 τῆς
1732 2709 1931 2781 βραχυ-

380 2804 546 2872 τάτης
577 2802 725 2875 ὥρας
759 2802 1050 2875 παραθέσει
1090 2803 1186 2873 τῆς
1230 2803 1460 2873 ἀνάρχου
1502 2802 1595 2856 καὶ
1640 2803 1932 2874 ἀγεννήτου

382 2897 524 2967 ζωῆς
550 2896 642 2949 τοῦ
663 2895 817 2960 Θεοῦ,
858 2896 962 2969 πρὸ
993 2895 1204 2949 πάντων
1230 2896 1559 2967 ὑπάρχοντος
1590 2895 1815 2961 αίώνων,
1841 2897 1932 2951 καὶ

384 2988 507 3058 προ
526 2986 723 3051 παντὸς
750 2988 1130 3058 ὲπινοουμένου
1162 2986 1253 3040 καὶ
1285 2988 1363 3050 εις
1385 2980 1607 3059 ἄπειρον
1629 2988 1932 3058 ἐκτεινομέ-

382 3097 473 3133 νου
497 3079 775 3150 λογισμοῦ,
806 3079 946 3151 ὑπέρ
984 3096 1044 3132 τε
1074 3079 1197 3142 τοὺς
1229 3077 1561 3149 μετάταῦτα
1602 3079 1932 3151 ἀπεράντους

378 3172 476 3225 καὶ
506 3171 891 3243 ἀτελευτήτους
921 3164 1121 3235 αίῶνας
1142 3169 1501 3243 διαρκοῦντος.
1528 3171 1725 3241 Διόπερ
1748 3170 1930 3245 ἔτερόν

386 3280 471 3332 μοι
499 3262 644 3317 δοκεῖ
669 3264 792 3317 νοῦν
828 3264 1152 3318 ,ὑποϐάλλειν
1185 3264 1217 3333 ἡ
1256 3262 1500 3334 παροῦσα
1532 3263 1825 3335 προσευχὴ,
1856 3263 1931 3316 δι-

382 3354 650 3408 δάσκουσα
666 3354 757 3408 τὸν
784 3354 909 3408 λαὸν
930 3354 1138 3424 λέγειν’
1165 3355 1283 3407 Ὅτι
1304 3354 1467 3422 χίλια
1486 3352 1588 3421 ἐτη
1616 3353 1685 3406 ἐν
1715 3354 1933 3421 ὀφθαλ-

378 3446 513 3516 μοῖς
542 3461 656 3500 σου
704 3447 782 3511 ὡς
813 3447 851 3514 ἡ
896 3447 1084 3517 ἡμέρα
1112 3448 1148 3515 ή
1185 3446 1376 3516 ἐχθὲς,
1404 3446 1535 3513 ἥτις
1573 3444 1797 3514 διῆλθε.
1833 3444 1929 3499 καὶ

384 3537 623 3608 φυλακὴ
656 3538 725 3591 ἐν
753 3539 944 3591 νυκτί.
977 3537 1056 3590 Τά
1074 3536 1202 3605 γοῦν
1235 3536 1405 3609 σεμνὰ
1431 3537 1530 3607 τῆς
1561 3536 1928 3609 Ἰερουσαλὴμ,

379 3629 440 3681 ἐν
470 3622 550 3691 οἷς
582 3627 642 3680 τὸ
672 3629 778 3681 πᾶν
805 3626 950 3689 ἔθνος
973 3625 1151 3679 αὐτῶν
1181 3626 1393 3697 ῆκμασέ
1421 3642 1479 3678 τε
1504 3628 1597 3699 καλτ
1617 3625 1844 3696 ῆνθησεν
1873 3628 1930 3679 έν

383 3718 632 3790 ἡμέραις,
656 3716 841 3789 ὥσπερ
874 3716 965 3771 καὶ
1004 3716 1142 3785 φωτὶ
1168 3716 1377 3784 γέγονε,
1418 3708 1565 3769 ταῦτ’
1589 3712 1656 3787 ἦν
1690 3717 1756 3769 τά
1787 3717 1930 3786 χίλια

382 3811 496 3882 ἔτη.
535 3812 655 3865 Ἐπὶ
680 3812 855 3883 μόνοις
878 3811 984 3883 γὰρ
1004 3811 1185 3883 χιλίοις
1198 3810 1342 3864 ἔτεσι
1364 3809 1652 3879 συνέστηκε
1680 3810 1771 3864 καί
1784 3810 1931 3881 διήρὴ

383 3914 509 3954 κεσε
542 3900 610 3955 τὰ
640 3903 739 3972 τῆς
780 3902 837 3954 ἐν
864 3901 1011 3971 τόπῳ
1037 3900 1313 3973 λατρείας”
1344 3898 1475 3971 ἀ’δὴ
1503 3900 1593 3952 καὶ
1625 3898 1929 3970 ἀριθμεῖται

383 3991 568 4047 τοῦτον
594 3993 684 4047 τὸν
730 3993 945 4065 τρόπον.
986 3993 1117 4047 Ἀπὸ
1161 3992 1257 4065 μὲν
1278 3992 1377 4063 τῆς
1412 3991 1630 4064 πρώτης
1663 3992 1758 4045 τοῦ
1786 3991 1929 4063 ἱεροῦ

380 4085 721 4155 κατασκευῆς
770 4084 999 4139 καὶτῶν
1045 4084 1353 4155 Σολομῶνος
1393 4083 1595 4154 χρόνων
1634 4083 1791 4154 μέχρι
1833 4083 1932 4154 τῆς

384 4175 489 4227 ὑπὸ
513 4174 859 4228 Βαϐυλωνίων
887 4175 1193 4245 πολιορκίας
1226 4174 1320 4243 ἐτη
1354 4173 1640 4243 συνάγεται
1671 4172 1803 4225 υλ6⁸·
1832 4190 1930 4243 με·-

382 4267 451 4319 τά
471 4266 527 4319 δὲ
548 4266 717 4319 ταῦτα
738 4268 814 4330 είς
842 4266 1043 4337 ἔρημον
1076 4267 1423 4336 περιστάντος
1446 4260 1540 4319 τοῦ
1562 4265 1745 4330 τόπου,
1776 4260 1931 4328 αὖθις

398 4355 598 4428 Ἰησοῦς
630 4356 1049 4427 καὶΖοροϐάϐελ,
1076 4355 1212 4409 ότοῦ
1245 4355 1526 4427 Σαλαθιὴλ,
1560 4354 1696 4409 κατὰ
1727 4354 1787 4408 τὸ
1809 4354 1929 4407 δεύ-

384 4462 537 4520 τερον
568 4446 681 4510 ἔτος
713 4446 934 4517 Δαρείου
973 4446 1062 4499 τοῦ
1091 4446 1297 4517 Πέρσου
1331 4446 1607 4499 ἀνανεοῦσι
1638 4444 1727 4498 τὸν
1752 4441 1928 4498 οἶκονο

383 4539 669 4605 ἐξ.ὲκείνου
698 4555 755 4591 τε
790 4538 881 4591 καὶ
912 4538 1001 4590 ἐπὶ
1034 4536 1096 4590 τὺ
1130 4539 1604 4593 πεντεκαιδέκατον
1636 4538 1752 4603 ἔτος
1777 4538 1931 4592 Τιϐε-

2032 703 2414 769 humilitatem;
2441 704 2541 757 hoc
2564 710 2668 766 est,
2722 700 2798 755 Ne
2826 709 3039 755 avertas
3066 717 3163 756 nos
3196 700 3261 755 ad
3288 709 3584 759 extremam

2030 794 2243 848 ruinam
2265 803 2319 851 et
2348 795 2726 849 humilitatem.
2752 792 2834 847 Tu
2867 808 3095 863 namque
3122 795 3170 847 vi
3197 795 3273 847 tui
3306 810 3433 865 erga
3486 796 3585 849 ho—

2029 884 2203 939 mines
2235 884 2436 937 amoris
2467 884 2578 938 haec
2613 883 2817 947 dixisti,
2856 892 3016 956 atque
3070 884 3318 939 omnibus
3352 886 3587 940 homini-

2029 976 2131 1030 bus
2160 976 2296 1029 lianc
2325 975 2756 1045 praedicationem
2786 976 3009 1029 attulisti
3059 976 3265 1043 dicens,
3318 976 3586 1032 Converti-

2030 1067 2182 1130 mini,
2218 1068 2317 1135 ﬁlii
2354 1067 2641 1121 hominum.
2672 1064 2727 1120 Si
2770 1066 2951 1137 itaque
2978 1068 3261 1123 clementia
3279 1076 3371 1122 tua
3394 1084 3584 1126 omnes

2031 1166 2237 1226 gentes,
2294 1173 2587 1227 omnesque
2652 1157 2792 1212 ﬁlios
2848 1158 3123 1213 hominum
3149 1162 3414 1226 evocavit,
3452 1160 3584 1216 etsi

2030 1265 2129 1305 eos
2151 1252 2241 1320 qui
2268 1250 2393 1303 olim
2422 1251 2518 1305 abs
2545 1260 2594 1305 te
2627 1250 2823 1311 aversi.
2882 1265 2946 1304 ac
2987 1251 3321 1306 daemonibus
3384 1253 3585 1321 spiriti-

2030 1341 2235 1411 busque
2261 1342 2509 1409 malignis
2531 1341 2733 1397 subditi
2760 1350 2933 1406 erant,
2962 1343 3029 1397 ad
3060 1348 3113 1397 te
3135 1343 3582 1413 convertijubes;

2031 1447 2098 1486 ne
2131 1448 2229 1487 nos
2247 1432 2534 1496 averseris,
2563 1448 2737 1502 neque
2767 1434 2822 1485 in
2850 1440 3146 1489 extremam
3174 1450 3333 1490 ruere
3359 1437 3585 1491 vastita-

2031 1529 2135 1577 tem
2160 1523 2330 1586 sinas,
2389 1524 2479 1593 qui
2534 1523 2659 1577 olim
2712 1524 2790 1577 tui
2827 1510 3146 1587 fuimusfac
3166 1541 3288 1580 cum
3318 1528 3585 1582 tantillum

2030 1614 2284 1682 temporis
2316 1612 2707 1678 ﬂoruissemus,
2740 1615 2993 1669 torrentis
3012 1614 3185 1668 instar
3211 1615 3582 1672 transivimus.

2030 1704 2162 1759 Nam
2192 1706 2335 1761 mille
2358 1707 2484 1759 anni
2515 1708 2705 1771 nostri,
2764 1706 2919 1777 queis
2966 1707 3101 1761 bene
3139 1721 3252 1761 rem
3293 1707 3584 1777 gessimus,

2032 1798 2362 1853 transierunt
2389 1799 2529 1854 sicut
2556 1798 2672 1854 dies
2701 1792 2991 1862 hesterna,
3009 1813 3130 1869 qua:
3148 1800 3423 1869 praeteriit.
3484 1799 3585 1855 Hic

2034 1906 2162 1945 vero
2182 1891 2508 1961 perpendere
2544 1891 2692 1954 libet,
2714 1906 2813 1946 cur
2833 1890 2886 1944 hi
2911 1891 3058 1946 mille
3098 1890 3225 1944 anni
3278 1906 3586 1947 memoren-

2032 1990 2139 2039 tur.
2174 1983 2231 2038 Si
2257 1983 2399 2039 enim
2430 1978 2779 2039 dicatur'baec
2811 1983 2875 2037 ad
2901 1983 3125 2055 gloriam
3155 1965 3251 2037 Dei
3270 1999 3411 2049 esse,
3445 1984 3583 2039 etad

2033 2076 2413 2145 sempiternam
2437 2074 2530 2130 Dei
2560 2076 2723 2129 vitam
2762 2074 3161 2140 declarandam,
3214 2074 3348 2128 nihil
3401 2076 3581 2147 magni

2034 2167 2133 2221 hoc
2158 2174 2287 2235 puto
2309 2178 2555 2221 sermone
2576 2165 2827 2235 proferri.
2861 2163 3067 2219 Etenim
3100 2180 3198 2221 nec
3213 2180 3374 2220 omne
3409 2181 3584 2222 saecu-

2032 2254 2164 2317 lum,
2196 2269 2369 2323 neque
2396 2254 2555 2309 etiam
2581 2262 2752 2309 totum
2784 2255 2915 2309 illud
2938 2263 3151 2325 tempus
3198 2253 3339 2325 quod
3362 2270 3390 2308 a
3410 2256 3583 2325 prima

2031 2343 2214 2398 mundi
2247 2344 2519 2401 creatione
2541 2351 2713 2415 uSque
2762 2345 2831 2401 ad
2874 2345 2992 2415 ejus
3044 2347 3580 2413 consummationem,

2030 2441 2111 2494 vel
2142 2436 2245 2509 pro.
2269 2442 2500 2505 tantillo,
2534 2457 2641 2497 non
2670 2442 2846 2496 dicam
2897 2442 3058 2497 unius
3106 2441 3233 2509 diei,
3285 2442 3379 2498 sed
3424 2443 3585 2497 unius

2031 2530 2363 2586 brevissimae
2419 2532 2564 2586 horae
2611 2532 2806 2601 spatio,
2864 2530 3168 2586 habendum
3209 2546 3329 2587 esse
3358 2538 3506 2602 pulo,
3536 2532 3585 2587 si

2032 2631 2375 2693 comparetur
2401 2639 2523 2678 cum
2556 2624 2646 2677 illa
2675 2623 2793 2678 sine
2832 2622 3098 2692 principio
3146 2629 3200 2677 et
3240 2623 3588 2692 generatione

2030 2716 2140 2769 vita
2174 2714 2288 2778 Dei,
2315 2715 2408 2785 qui
2457 2722 2583 2770 ante
2623 2715 2802 2773 omnia
2858 2714 3053 2769 saecula
3097 2712 3325 2777 exsistit,
3373 2727 3586 2768 necnon

2033 2812 2157 2862 ante
2187 2822 2399 2861 omnem
2422 2805 2801 2876 cogitationem
2859 2805 2942 2867 vel
2986 2803 3041 2858 in
3102 2803 3369 2858 inﬁnitum
3400 2813 3587 2859 exten-

2032 2915 2177 2965 sam;
2204 2900 2404 2969 quique
2427 2899 2608 2953 omnia
2630 2897 2831 2961 futura,
2874 2896 3081 2951 inﬁnita
3136 2902 3191 2951 et
3241 2897 3584 2951 interminata

2030 2991 2226 3045 saecula
2246 2990 2531 3043 duratioue
2582 2988 2811 3044 excedit.
2855 2987 3211 3055 Quamobrem
3262 2986 3420 3040 aliam
3450 2985 3583 3040 mihi

2020 3080 2347 3137 sententiam
2400 3079 2610 3134 videtur
2678 3079 2792 3133 haec
2856 3078 3030 3133 oratio
3087 3092 3404 3148 suggerere,
3460 3092 3584 3137 cum

2031 3175 2286 3245 populum
2318 3173 2383 3227 ad
2419 3174 2534 3229 haec
2560 3172 2787 3228 dicenda
2844 3172 3117 3227 instituit:
3151 3172 3411 3239 Quoniam
3438 3170 3588 3224 mille

2028 3266 2156 3319 anni
2179 3266 2234 3318 in
2262 3264 2424 3318 oculis
2454 3265 2581 3329 his,
2615 3272 2863 3333 tauquam
2893 3263 3001 3317 dies
3025 3262 3287 3328 hesterna,
3310 3276 3587 3343 qu¢_pr¢r-

2036 3357 2194 3423 ieriit,
2225 3365 2274 3410 et
2306 3354 2546 3421 custodia
2580 3356 2635 3408 in
2665 3363 2831 3408 nam.
2860 3352 3177 3409 Veneranda
3199 3368 3331 3423 ergo
3360 3353 3451 3407 illa
3465 3367 3585 3422 qua:

2032 3449 2087 3504 in
2120 3448 2419 3506 Jerusalem
2456 3455 2633 3510 erant,
2665 3446 2863 3517 quibus
2898 3453 3007 3499 tota
3047 3460 3178 3515 gens
3224 3444 3314 3498 illa
3364 3443 3588 3499 ﬂorebat

2030 3548 2082 3595 et
2104 3542 2273 3595 multo
2300 3541 2507 3595 dierum
2537 3538 2808 3594 curriculo
2828 3536 2971 3613 bene
3000 3552 3111 3591 rem
3139 3534 3378 3605 gerebat,
3428 3536 3585 3604 quasi

2031 3631 2085 3685 in
2109 3633 2228 3688 luce
2258 3631 2657 3702 degens;haec,
2684 3631 2926 3700 inquam,
2988 3642 3085 3698 pro
3134 3626 3460 3681 milleannis
3480 3626 3586 3681 ha-

2030 3721 2223 3778 benda.
2276 3722 2409 3776 Nam
2470 3723 2628 3778 annis
2670 3721 2815 3777 mille
2875 3720 3136 3775 duntaxat
3186 3718 3363 3775 cultus
3395 3717 3500 3772 hoc
3528 3718 3585 3774 in

2030 3813 2149 3867 loco
2194 3820 2430 3869 statutus
2466 3814 2684 3869 duravit
2730 3822 2783 3868 et
2830 3804 3074 3867 constitit
3110 3828 3123 3863 :
3155 3810 3249 3881 qui
3308 3807 3436 3863 anni
3480 3808 3586 3863 hoc

2030 3912 2186 3976 pacto
2215 3912 2583 3959 numerantur.
2644 3904 2689 3957 Α
2738 3904 2909 3973 prima
2954 3902 3135 3972 templi
3183 3899 3498 3954 fundatione
3529 3904 3587 3954 et

2029 3995 2363 4065 temporibus
2416 3994 2744 4057 Salomonis,
2812 3994 2885 4047 ad-
2934 4004 3108 4070 usque
3169 3989 3583 4062 Babyloniorum

2030 4088 2387 4151 obsidionem,
2402 4087 2530 4141 anni
2549 4093 2932 4155 computantur
2953 4082 3334 4154 quadringenti
3360 4082 3584 4153 triginta
3658 4096 3662 4101 ·

2031 4181 2157 4236 duo.
2189 4180 2318 4236 Post
2341 4181 2455 4233 hare
2482 4186 2659 4233 autem
2681 4192 2804 4231 cum
2834 4177 2986 4231 locus
3008 4176 3062 4230 in
3098 4174 3442 4231 solitudinem
3472 4188 3587 4228 ver

2031 4288 2126 4327 sus
2138 4276 2303 4337 esset,
2333 4283 2546 4324 rursum
2562 4266 2721 4324 Iesus
2736 4275 2790 4323 et
2807 4266 3125 4332 Zorobabel,
3146 4267 3285 4322 (ilius
3306 4264 3583 4329 Salathiel,

2006 4366 2179 4416 anno
2217 4359 2456 4417 secundo
2503 4359 2648 4412 Darii
2694 4356 2872 4414 Persae
2903 4358 3121 4413 domum
3186 4361 3580 4412 restauratum.

2032 4454 2113 4509 Ab
2137 4454 2229 4508 illo
2256 4457 2432 4507 autem
2463 4458 2703 4521 tempore
2736 4466 2906 4520 usque
2937 4449 3002 4503 ad
3034 4436 3583 4517 quintum‘decimum

2034 4561 2235 4598 annum
2263 4543 2464 4598 Tiberii
2488 4542 2739 4603 Caesaris,
2775 4540 3104 4608 colliguntur
3123 4536 3248 4591 anni
3304 4532 3583 4605 quingenii

380 4632 501 4703 ρίου
551 4632 821 4701 Καίσαρος
854 4629 947 4700 ἐτη
1003 4630 1286 4697 συνάγεται
1319 4640 1477 4703 φμη’·
1526 4632 1664 4685 ὥστε
1700 4628 1833 4685 εἶναι
1864 4631 1932 4684 τά
1963 4653 2005 4707 D
2033 4651 2103 4705 qu

1864 4631 1932 4684 -:&
1963 4653 2005 4707 ι)
2033 4635 2386 4705 quadraginta
2411 4642 2462 4687 et
2482 4639 2639 4695 octo;
2667 4631 2737 4682 ita
2768 4636 2823 4681 ut
2849 4641 3036 4681 omnes
3066 4626 3130 4679 ad
3161 4640 3424 4679 summam
3446 4640 3582 4677 non-

385 4726 560 4779 πάντα
588 4727 707 4792 ῶτιν.
750 4723 989 4794 Διέμεινέ
1016 4714 1074 4775 τε
1099 4721 1465 4795 χειμαζομένη
1502 4726 1594 4778 καὶ
1629 4723 1933 4779 ἀστατοῦσα

382 4817 419 4888 ή
452 4816 604 4879 πόλις
639 4818 774 4888 μετά
811 4817 907 4889 τὴν
946 4813 1082 4869 κατὰ
1111 4813 1200 4867 τοῦ
1234 4816 1481 4888 Σωτῆρος
1517 4816 1673 4888 ἡμῶν
1712 4816 1931 4869 ὲπιὸου-

382 4907 480 4979 λὴν
512 4910 685 4963 αὐτῶν
735 4910 939 4981 ἑτέροις
964 4908 1103 4961 ἔτεσι
1140 4906 1209 4976 μ’·
1245 4907 1358 4977 μεθ’
1388 4908 1424 4960 ἃ.
1464 4910 1493 4961 ὁ
1530 4908 1791 4979 παντελὴς
1837 4909 1933 4962 αὐ-

382 5002 509 5063 τοῦς
559 5001 820 5072 μετῆλθεν
863 5000 1101 5072 δλεθρος.
1138 4998 1229 5051 καὶ
1264 4999 1524 5069 ήὺστάτη
1570 4987 1867 5070 πολιορκία,
1899 5003 1931 5071 η

384 5093 489 5146 ὑπὸ
520 5094 800 5164 Ῥωμαίων
822 5095 1081 5165 γενομένη
1109 5091 1245 5146 κατά
1266 5091 1419 5144 Τίτον
1464 5092 1558 5145 καὶ
1596 5092 1933 5145 Οὐεσπασια-

272 5268 291 5281 ο
383 5186 472 5241 νὺν
509 5186 923 5258 αὐτοκράτορας.

454 5278 613 5332 Ταῦτ’
643 5273 734 5331 οὖν
760 5275 827 5349 ἦν
852 5279 921 5333 τὰ
952 5280 1091 5351 χίλια
1118 5278 1211 5348 ἐτη
1247 5277 1371 5349 περὶ
1396 5269 1470 5330 ὧν
1498 5276 1730 5347 εἴρηται,
1772 5275 1867 5339 Ὠς
1895 5277 1930 5343 ἠ

383 5370 571 5441 ἡμέρα
594 5372 632 5437 ἡ
670 5369 865 5439 ἐχθὲς,
900 5369 1033 5437 ἥτις
1062 5370 1287 5438 διῆλθε.
1322 5368 1600 5422 Διελθόντα
1631 5368 1737 5437 7&9
1763 5366 1932 5420 ταῦτα

383 5465 478 5519 καὶ
514 5463 703 5534 μηκέτι
743 5462 873 5515 ὄντα
905 5462 1286 5516 ἀποκλαίονται
1314 5464 1362 5515 oi
1387 5460 1473 5514 διά
1498 5460 1595 5530 τῆς
1629 5458 1930 5531 προσευχῆς

380 5554 474 5609 τὸν
502 5552 631 5608 Θεὸν
669 5552 959 5623 ἱλεούμενοι
983 5571 996 5585 ·
1027 5553 1161 5609 ἀλλά
1185 5556 1275 5609 καὶ
1305 5554 1379 5617 ὡς
1409 5551 1649 5623 φυλακὴν
1686 5568 1932 5621 νυκτερι-

381 5647 480 5719 νὴν
510 5644 681 5701 ταῦτά
711 5663 839 5716 φασι
870 5646 938 5701 τά
958 5647 1102 5718 χίλια
1133 5648 1226 5719 ἐτη
1259 5646 1698 5719 παρεληλυθέναι.
1730 5645 1933 5716 Λύχνος

381 5743 491 5813 7&9
519 5737 635 5813 ῆνὸ
676 5741 947 5805 Μωῦσέως
992 5721 1249 5813 νόμοςλν
1292 5743 1442 5795 νυκτὶ
1475 5743 1675 5811 φαίνων
1717 5741 1927 5804 αὐτοῖς·

380 5834 515 5886 ἀλλά
544 5834 636 5886 καὶ
660 5836 706 5887 oi
735 5833 1026 5905 προφῆται,
1059 5834 1105 5887 οί
1142 5832 1277 5904 μετὰ
1300 5834 1555 5897 Μωῦσέα,
1584 5833 1762 5902 λύχνοι
1793 5827 1931 5903 ἦσαν

380 5927 416 5991 ἢ
449 5924 542 5979 καὶ
564 5926 785 5990 ἀστέρες
810 5927 873 5979 ἰν
926 5925 1077 5981 νυκτὶ
1110 5925 1405 5988 φαίνοντες.
1434 5924 1585 5981 οὔπω
1633 5926 1723 5980 τοῦ
1758 5926 1931 5985 φωτὸς

2033 4735 2313 4796 gentorum
2347 4732 2399 4778 et
2424 4722 2694 4792 octoginta
2737 4724 3114 4788 supputentur.
3174 4714 3307 4773 Post,
3357 4714 3582 4785 insidias

2032 4834 2158 4873 vero
2188 4816 2255 4871 ab
2284 4816 2350 4870 iis
2369 4822 2557 4869 contra
2583 4812 2912 4865 Salvatorem
2939 4818 3181 4863 nostrum
3213 4815 3466 4870 structas,
3490 4815 3581 4860 tu-

2033 4905 2288 4960 multibus
2322 4911 2372 4957 et
2405 4902 2759 4957 seditionibus
2788 4899 2985 4969 agitata
3006 4898 3215 4963 civitas,
3247 4897 3421 4951 adhuc
3447 4910 3583 4964 qua-

2033 4998 2275 5067 draginta
2299 4995 2456 5048 annis
2478 4994 2770 5063 permansit
2802 4981 3038 5060 :quibus
3097 4990 3315 5058 elapsis,
3350 4987 3580 5040 accessit

2033 5097 2271 5143 extrema
2298 5101 2482 5141 eorum
2511 5084 2796 5157 pernicies,
2826 5090 2879 5136 et
2908 5081 3096 5135 ultima
3122 5073 3500 5141 obsidio,-Tito
3525 5083 3580 5130 et

2036 5181 2365 5251 Vespasiano
2396 5178 2831 5249 imperatoribus,
2864 5190 2892 5227 a
2916 5171 3183 5229 Romanis
3212 5170 3368 5223 facta.

2105 5274 2166 5327 Hi
2209 5274 2385 5341 itaque
2436 5272 2581 5327 mille
2634 5270 2760 5323 anni
2807 5260 2999 5328 erant,
3028 5264 3097 5318 de
3138 5259 3334 5329 quibus
3356 5258 3589 5324 dicitur,

2038 5367 2303 5436 Tanquam
2337 5366 2445 5419 dies
2468 5366 2706 5419 hesterna
2729 5376 2844 5431 qua
2868 5355 3136 5427 prater-iit.
3164 5350 3296 5405 Nam
3333 5350 3452 5425 illos
3477 5365 3577 5403 an-

2034 5476 2132 5515 nos
2157 5474 2252 5512 ceu
2285 5457 2580 5527 praeteritos
2608 5463 2660 5511 et
2685 5454 2894 5522 elapsos
2916 5446 3214 5516 deplorant,
3258 5443 3350 5512 qui
3380 5443 3433 5495 in
3453 5454 3577 5494 ora~

2034 5550 2353 5624 tionelDeum
2368 5549 2580 5619 placare
2590 5552 2857 5601 conantur
2873 5559 2886 5609 ;
2905 5541 3010 5594 imo
3020 5537 3179 5592 etiam
3193 5535 3344 5605 quasi
3358 5539 3581 5586 noctur-

2034 5663 2157 5704 nam
2190 5643 2511 5709 custodiam,
2544 5642 2689 5695 mille
2717 5652 2887 5693 annos
2912 5635 3031 5689 illos
3073 5630 3339 5687 eﬂlux‘isse
3366 5626 3576 5679 dicunt.

2034 5739 2166 5792 Nam
2202 5734 2399 5805 Moysis
2430 5733 2514 5787 lex
2543 5731 2763 5783 lucerna
2785 5732 2902 5780 erat
2958 5725 3016 5778 in
3077 5727 3233 5776 nocte
3289 5712 3579 5787 splendens

2034 5831 2202 5901 ipsis;
2233 5823 2646 5898 prophetmitem
2676 5822 2765 5889 qui
2798 5826 2918 5893 post
2944 5815 3178 5887 Moysem
3211 5810 3446 5867 fuerunt,
3487 5807 3583 5858 .lu-

2034 5936 2209 5977 cernae
2234 5924 2410 5977 erant,
2441 5915 2554 5972 sive
2595 5914 2763 5969 stella:
2818 5910 2873 5969 in
2935 5916 3089 5965 nocte
3115 5904 3407 5963 fulgentes,
3456 5910 3585 5952 cum
