4372 6406
388 504 523 567 H57

1516 498 2004 554 COMMENTARIA
2042 497 2106 551 1N
2143 495 2468 553 PSALMOS.

3384 492 3518 545 “38

384 639 471 694 ρον
518 622 545 673 6
586 619 868 689 Σύμμαχος
922 616 1192 669 ἀπέδωκεν
1240 615 1432 668 εἰπών·
1476 616 1581 681 Τὰς
1633 617 1906 683 ἀμελείας
1934 606 2110 674 Α’γειιι

1796 617 1906 680 alat;
1934 606 2114 674 A'rent
2144 615 2306 668 vultui
2336 624 2441 667 tuo.
2471 611 2607 665 Anni
2638 610 2801 664 nostri
2832 609 2960 663 sicut
2984 622 3173 660 aranea
3206 608 3522 660 meditaban-

378 706 544 775 ἡμῶν
570 704 879 774 φαίνεσθαι
905 700 981 765 τῷ
1020 702 1304 769 προσώπῳ
1331 718 1442 755 σου
1500 703 1573 755 Τὰ
1605 704 1705 769 ἔτη
1743 703 1906 770 ἡμῶν

378 796 518 849 ὡσεὶ
568 793 791 862 ἀράχνῃ
850 792 1150 861 ἐμελέτων.
1209 795 1277 846 At
1332 793 1535 859 ἡμέραι
1590 792 1703 845 τῶν
1762 794 1906 845 ἐτῶν

379 883 543 951 ἡμῶν
592 884 661 935 ἐν
707 881 905 947 αὐτοῖς
948 888 992 933 o’
1025 882 1147 945 ἔτη.
1189 880 1319 932 Ἐὰν
1350 880 1416 932 δὲ
1446 881 1905 946 ἐν.ὃυναστείαις

381 973 734 1043 ὀγδοήκοντα
760 973 883 1037 ἐτη,
918 970 1013 1023 καὶ
1042 970 1105 1023 τὸ
1138 972 1341 1024 πλεῖον
1370 970 1561 1023 αὐτῶν
1590 974 1770 1038 κόπος
1812 974 1908 1026 καὶ

380 1065 579 1128 πόνος.
649 1061 899 1116 Ἐνταῦθα
972 1060 1109 1114 κατὰ
1170 1061 1351 1131 καιρὸν
1421 1062 1743 1133 παραθετέον
1813 1065 1907 1135 τὴν

392 1153 603 1205 Ἡσαΐου
646 1151 1001 1223 προφητείαν,
1046 1150 1111 1201 δι’
1154 1147 1219 1221 ἧς
1271 1168 1457 1219 φησιν·
1503 1152 1598 1205 ne
1643 1154 1908 1207 ἀσπίδων

376 1244 632 1311 ἕρῤηξαν
659 1244 754 1296 καὶ
785 1241 951 1295 ἱστὸν
979 1240 1239 1309 ἀράχνης
1266 1244 1598 1310 ὑφαίνουσι.
1643 1245 1825 1298 Ταῦτα
1852 1246 1908 1297 δὲ

379 1333 651 1396 ὲθέσπιζεν
674 1336 700 1386 6
726 1332 1030 1402 Προφήτης,
1060 1332 1388 1401 ἀναπέμπων
1411 1333 1499 1384 τὸν
1522 1333 1672 1399 λόγον
1692 1336 1780 1386 ἐπὶ
1812 1335 1907 1403 τὴν

378 1426 697 1477 κατάστασιν
714 1421 803 1477 τοῦ
827 1422 950 1476 λαοῦ
970 1424 1065 1494 τὴν
1084 1424 1213 1492 μετά
1243 1426 1337 1493 τὴν
1363 1424 1656 1492 παρουσίαν
1684 1424 1776 1475 τοῦ
1807 1426 1908 1476 Σω-

374 1514 534 1584 τῆρος
556 1514 731 1584 ἡμῶν,
760 1512 877 1567 καθ’
908 1514 971 1583 ἢν
1010 1518 1057 1566 οἱ
1096 1514 1344 1583 ἄρχοντες
1378 1514 1550 1569 αὐτῶν
1581 1513 1729 1583 δίκην
1770 1513 1908 1582 ὅρνι-

375 1604 464 1665 θος
486 1604 763 1673 τικτούσης
785 1603 850 1656 τὰ
880 1604 1076 1657 ἑαυτῶν
1102 1602 1510 1671 ἀπο-γεννώμενα
1532 1602 1763 1656 τοσαῦτα
1787 1620 1909 1671 προ-

376 1692 670 1757 ϐάλλονται,
698 1693 772 1755 ὡς
802 1693 1017 1757 ἀσπίδος
1046 1692 1351 1761 ὁμοιοῦσθαι
1374 1694 1662 1762 γεννήμασι
1698 1691 1784 1743 διὰ
1819 1691 1907 1743 τὸν

375 1782 641 1852 ἐνιέμενον
685 1784 773 1836 ὑπ’
801 1784 970 1836 αὐτῶν
1015 1787 1109 1853 τῆς
1156 1783 1291 1836 κατά
1330 1783 1419 1835 τοῦ
1468 1784 1711 1853 Σωτῆρος
1755 1782 1907 1851 ἡμῶν

378 1874 713 1944 βλασφημίας
760 1875 833 1928 ἱὸν
874 1878 964 1930 καὶ
998 1877 1093 1943 τῆς
1122 1874 1281 1944 ἄλλης
1321 1876 1397 1936 εἰς
1437 1874 1594 1927 αὑτὸν
1640 1873 1904 1935 ἀπιστίας.

376 1962 545 2015 Πάλαι
570 1965 665 2033 μὲν
692 1960 783 2017 οὖν
811 1962 1024 2033 ὕφαινον
1048 1964 1273 2032 χιτῶνας
1304 1962 1379 2032 τῷ
1408 1964 1645 2032 ἀρχιερεῖ
1672 1963 1763 2013 καὶ
1798 1980 1913 2014 στο-
1942 1952 1983 2006 Β

374 2052 469 2114 λάς
506 2054 691 2121 ἁγίας·
724 2052 817 2111 νῦν
844 2054 903 2106 δὲ
939 2055 1110 2106 πᾶσαν
1150 2052 1243 2121 τὴν
1292 2053 1429 2121 ὑφὴν
1465 2052 1637 2103 αὐτῶν
1681 2052 1769 2103 καὶ
1817 2034 1912 2121 τὴν

372 2143 461 2196 διὰ
483 2143 573 2196 τοῦ
599 2144 749 2211 λόγου
786 2141 1313 2212 κατασκευαζομένην
1341 2140 1695 2202 διδασκαλίαν,
1728 2143 1793 2211 ἢν
1830 2142 1915 2193 διά

375 2233 469 2302 τῆς
505 2232 609 2285 τῶν
644 2232 799 2286 θείων
829 2233 1052 2302 Γραφῶν
1085 2231 1389 2310 συμπλοκῆς
1424 2248 1480 2283 τε
1515 2233 1606 2283 καὶ
1639 2232 1912 2298 ὑφάνσεως

375 2320 780 2390 προϐάλλονται,
807 2324 1043 2394 ἀράχνης
1077 2323 1344 2392 ὑφάσματι
1377 2323 1697 2392 παρείκασεν
1724 2324 1750 2372 6
1779 2338 1911 2391 προ-

376 2412 594 2481 φητικὸς
642 2412 811 2479 λόγος.
860 2414 947 2467 Διό
990 2429 1173 2483 φησιν·
1214 2412 1413 2466 Ἰστὸνη
1444 2412 1704 2479 ἀράχνης
1742 2411 1911 2477 ὑφαί-

377 2515 565 2555 ιιυυσι.
611 2503 719 2556 Καὶ
757 2506 785 2556 6
827 2503 1011 2573 παρὼν
1052 2504 1107 2556 δὲ
1138 2504 1365 2571 ψαλμδς,
1393 2503 1487 2571 τὴν
1530 2504 1591 2553 ὲκ
1628 2499 1909 2570 προσώπου

377 2592 547 2645 αὐτῶν
573 2592 835 2663 περιέχων
862 2593 1251 2662 ἐξομολόγησιν,
1278 2593 1407 2663 φησι
1427 2609 1439 2621 ·
1492 2591 1566 2644 Τὰ
1605 2590 1707 2657 ἐτη
1748 2588 1911 2657 ἡμῶν

377 2682 452 2746 ὡς
474 2683 699 2750 ἀράχνῃ
746 2683 1049 2751 ἐμελέτων.
1083 2684 1365 2752 ¹Ἀντικρυς
1407 2681 1511 2751 γὰρ
1560 2680 1654 2742 τὰς
1689 2679 1908 2749 μελέτας

377 2772 482 2825 τῶν
509 2773 547 2824 Γ
553 2774 735 2843 ραφῶν
768 2776 823 2825 ὲν
856 2769 942 2837 αἷς
973 2772 1394 2843 κατατρίϐονται,
1420 2773 1509 2824 καὶ
1532 2770 1626 2834 τὰς
1653 2770 1909 2837 δευτερώ·

378 2880 521 2927 σεις,
569 2866 634 2915 δι’
680 2861 753 2917 ὧν
798 2864 1084 2933 ὑφάσματά.
1130 2879 1247 2917 τινα
1290 2861 1624 2924 διδασκαλίας
1672 2859 1912 2912 δοκοῦσιν

378 2952 791 3021 ἀπεργάζεσθαι,
821 2955 1056 3025 ἀράχνης
1084 2954 1373 3006 ἀπείκασεν
1405 2952 1599 3022 ἔργοις.
1639 2949 1790 3003 Ἀλλά
1822 2950 1913 3003 καὶ

379 3041 471 3111 τὴν
504 3042 644 3113 ζωὴν
673 3044 846 3097 αὐτῶν
896 3044 1057 3113 μόνην
1100 3045 1258 3111 φασὶν
1298 3038 1554 3111 εἶναιτὴν
1591 3039 1913 3109 πρόσκαιρον

2006 717 2107 759 tur.
2139 706 2259 759 Dies
2309 720 2559 757 annorum
2591 711 2882 755 nostrorum
2941 698 2990 751 in
3036 698 3155 762 ipsis
3209 700 3524 767 septuaginta

2005 798 2146 849 anni.
2177 795 2234 849 Si
2264 805 2430 847 autem
2486 795 2542 845 in
2593 787 2935 859 potentatibus
2975 786 3231 855 octoginta
3273 788 3395 837 anni
3429 827 3442 849 ,
3474 797 3523 839 et

2006 886 2223 951 amplius
2250 900 2421 937 eorum
2440 883 2585 935 labor
2610 890 2657 935 et
2685 868 2850 933 dolor.
2878 877 2972 930 llic
2992 884 3281 945 opportune
3308 874 3526 942 adjicia-

2006 984 2093 1029 tur
2114 975 2261 1028 Isaiae
2277 972 2570 1041 prophetia,
2589 986 2692 1038 qua
2716 970 2810 1029 ait,
2832 967 2939 1021 Ova
2969 966 3202 1032 aspidum
3230 973 3521 1028 eruperunt,

2005 1072 2052 1116 et
2077 1062 2227 1115 telam
2250 1067 2643 1136 aranewleasunt
2665 1058 2731 1107 ⁸ο.
2760 1055 2879 1108 Haec
2916 1068 3073 1122 porro
3104 1053 3416 1106 vaticinatus
3441 1061 3525 1107 est

2008 1154 2287 1223 Propheta,
2312 1152 2603 1205 sermonem
2638 1147 2701 1199 ad
2735 1145 3065 1213 populi'post
3100 1143 3379 1196 adventum
3409 1140 3521 1195 Sal-

2007 1244 2204 1298 vatoris
2230 1241 2398 1296 nostri
2427 1246 2621 1293 statum
2651 1236 2907 1298 referens,
2926 1249 3030 1304 quo
3056 1235 3322 1301 principes
3342 1246 3523 1286 eorum

2007 1348 2104 1387 ceu
2134 1332 2325 1402 gallina
2355 1330 2587 1401 pariens,
2610 1342 2723 1381 eam
2750 1326 3059 1380 emittebant
3084 1324 3429 1391 prolcm,quae
3457 1322 3523 1375 ob

2006 1424 2305 1477 immissum
2347 1422 2411 1474 ab
2457 1420 2563 1473 illis
2589 1418 2736 1471 virus
2772 1416 3109 1483 blasphemia:
3151 1414 3203 1466 in
3235 1412 3523 1474 Christum,

2006 1526 2058 1570 et
2084 1514 2150 1569 ob
2172 1512 2427 1580 reliquam
2460 1511 2601 1563 circa
2644 1509 2791 1560 illum
2838 1506 3254 1561 incredulitatem
3276 1543 3289 1567 ,
3352 1511 3531 1571 posset

2012 1602 2253 1672 aspidum
2294 1599 2431 1655 ,fetui
2474 1596 2791 1665 comparari.
2834 1594 2968 1648 Olim
3001 1594 3212 1663 quidem
3269 1590 3531 1644 sacerdoti

2006 1692 2253 1747 texebant
2291 1696 2485 1751 vestes,
2517 1694 2569 1740 et
2594 1686 2757 1740 stolas
2783 1694 3028 1747 sanctas;
3068 1697 3209 1736 nunc
3244 1690 3417 1733 autem
3447 1685 3532 1731 to-

2008 1793 2113 1835 tam
2152 1795 2335 1835 eorum
2377 1785 2640 1833 texturam
2665 1816 2679 1840 ,
2728 1782 2781 1830 et
2832 1782 2993 1826 totam
3036 1778 3339 1841 apparatam
3386 1770 3528 1821 illam

2008 1872 2152 1927 verbi
2185 1870 2502 1929 doctrinam,
2541 1879 2699 1935 quam
2752 1877 2847 1932 per
2886 1860 3182 1914 divinarum
3230 1856 3531 1925 Scriptura-

2006 1978 2125 2015 rum
2156 1960 2609 2027 complicationem
2628 1962 2682 2009 et
2698 1964 2957 2009 texturam
2987 1950 3307 2019 producunt,
3326 1960 3531 2000 araneae

2008 2054 2126 2107 telis
2163 2050 2365 2104 conl‘en
2410 2046 2749 2115 propheticus
2796 2057 2991 2096 sermo.
3042 2041 3371 2109 Quapropter
3419 2038 3530 2102 ait,

1979 2143 2185 2211 .Telam
2210 2152 2418 2192 aranea:
2447 2142 2643 2189 texunt.
2694 2132 2939 2186 Praesens
2967 2144 3177 2197 quoque
3205 2128 3440 2195 psalmus
3468 2141 3533 2180 ex

2005 2244 2186 2286 eorum
2220 2239 2446 2295 persona
2485 2221 2868 2276 confessionem
2901 2218 3150 2271 emittens
3178 2254 3191 2278 ,
3253 2214 3345 2277 ait,
3396 2214 3531 2265 Anni

2005 2318 2166 2371 nostri
2194 2316 2324 2368 sicut
2368 2328 2560 2365 aranea
2600 2308 3005 2363 meditabantur.
3063 2305 3256 2372 Aperte
3305 2316 3531 2368 namque

2006 2406 2373 2461 meditationes
2416 2401 2811 2470 Scripturarum
2860 2398 2913 2451 in
2943 2396 3139 2465 quibus
3168 2399 3375 2445 aetatem
3407 2405 3533 2443 con-

2004 2497 2198 2558 ferunt,
2226 2505 2277 2549 et
2297 2494 2626 2553 deuteroses,
2654 2491 2764 2543 sive
2792 2487 3052 2541 secundas
3094 2482 3406 2535 traditiones
3439 2494 3531 2533 eo-

2005 2601 2143 2649 rum,
2167 2584 2360 2653 quibus
2389 2582 2522 2636 telas
2550 2576 2802 2647 quasdam
2827 2574 3081 2629 doctrinas
3112 2571 3359 2624 videntur
3376 2568 3535 2622 ador-

2005 2689 2153 2735 nare,
2191 2685 2398 2725 aranea:
2428 2668 2637 2738 opiﬁcio
2675 2671 2965 2733 comparat.
3017 2662 3127 2713 lmo
3156 2661 3312 2714 etiam
3364 2658 3527 2710 vitam

2007 2781 2159 2823 suam
2193 2774 2586 2831 temporaneam
2613 2760 2784 2813 solum
2812 2772 2931 2811 esse
2969 2754 3173 2813 dicunt,
3202 2748 3535 2819 septuaginta

2009 2858 2092 2913 vel
2117 2854 2384 2925 octoginta
2412 2853 2564 2905 annis
2598 2844 3078 2913 circumscriptam.
3108 2841 3162 2894 ld
3197 2853 3355 2909 porro
3385 2838 3553 2913 aiunt,

2010 2948 2076 3001 de
2106 2954 2303 3000 aeterna
2328 2949 2380 2997 et
2423 2940 2599 2994 futura
2646 2938 2775 3002 vita,
2805 2948 2924 3004 qua:
2968 2930 3231 2999 religiosis
3261 2928 3390 2982 viris
3412 2942 3533 2995 pro-

2011 3036 2235 3090 mittitur
2256 3073 2269 3095 ,
2302 3032 2662 3099 desperantes.

378 3105 442 3185 ἔν-
476 3105 524 3185 οἳ
556 3105 645 3187 καὶ
693 3140 745 3187 π’
777 3105 915 3187 ἔτεσι
958 3105 1473 3204 συμπεραιουμὲνην.
1503 3105 1668 3208 Τοῦτο
1693 3131 1747 3182 δέ
1779 3105 1907 3198 φασι
1941 3128 2045 3197 τὴν
2066 3124 2272 3179 αἰώνιον
2309 3118 2404 3173 καὶ
2440 3120 2722 3191 μέλλουσαν
2759 3114 2897 3184 ζωὴν
2925 3113 3020 3181 τὴν
3082 3112 3187 3171 τοῖς
3245 3105 3534 3173 θεοφιλέσιν

382 3222 841 3292 ἐπαγγελλομένην
870 3221 1343 3290 ἀπογινώσκοντες.

450 3345 573 3399 ‘Ou
644 3343 863 3425 ἐπῆλθε
927 3344 1186 3409 πραΰτης
1238 3340 1334 3396 καὶ
1390 3340 1909 3408 παιδευθησόμεθα.
1939 3341 1979 3397 C
2078 3333 2176 3387 Ver

1807 3341 1909 3392 ιθα.
1939 3341 1979 3397 C
2078 3333 2241 3387 Vens.
2278 3330 2362 3393 il,
2413 3326 2497 3380 Β.
2572 3324 2827 3391 Quoniam
2880 3320 3160 3386 supervenit
3201 3316 3533 3369 mansuetudo

384 3435 478 3499 Τίς
506 3433 776 3501 γινώσκει
817 3433 882 3484 τὸ
926 3432 1136 3498 κράτος
1163 3430 1270 3497 τῆς
1298 3430 1475 3497 dprﬁc
1496 3444 1628 3492 σου,
1670 3428 1767 3481 καὶ
1795 3428 1907 3481 ἀπὸ

381 3525 483 3578 τοῦ
514 3529 701 3591 φόϐου
737 3540 850 3577 σου
881 3524 988 3575 τὸν
1013 3522 1198 3589 θυμόν
1224 3535 1338 3573 σου
1383 3518 1908 3587 ἐξαριθμήσασθαι;

380 3613 491 3680 τὴν
513 3612 712 3675 δεξιάν
742 3627 855 3665 σου
890 3611 1039 3662 οὕτω
1083 3608 1389 3676 γνώρισον,
1420 3608 1514 3659 καὶ
1543 3609 1684 3672 τοὺς
1718 3621 1911 3659 πεπαι-

382 3700 697 3771 δευμέιτους
738 3700 813 3765 τῇ
846 3698 1053 3766 καρδίᾳ
1090 3697 1157 3749 ἐν
1208 3698 1408 3764 σοφίᾳ.
1450 3695 1593 3749 ’Δντὶ
1644 3695 1756 3758 τοῦ,
1794 3696 1911 3747 ’Ότι

383 3789 598 3857 ἐπῆλθε
628 3796 889 3856 πραῠτης
913 3788 1008 3841 καὶ
1030 3786 1551 3854 παιδευθησόμεθα,
1576 3786 1603 3837 ὁ
1626 3784 1911 3854 Σύμμαχός

383 3895 539 3949 φησιο
576 3878 891 3947 Τμηθέντες
915 3877 1023 3945 γὰρ
1048 3877 1212 3944 ἄφνω
1238 3876 1725 3944 ἐκπεταννύμεθα.
1762 3875 1915 3944 Ἐχε-

382 3986 467 4022 ται
494 3969 549 4021 δὲ
577 3986 674 4037 της
703 3965 1124 4038 προδηλωθείσης
1152 3964 1381 4026 διανοίας
1419 3964 1510 4015 καὶ
1546 3965 1574 4013 6
1606 3961 1789 4029 παρὼν
1824 3962 1912 4019 λόι-

384 4048 497 4125 γος.
524 4057 601 4109 re
631 4057 737 4125 γὰρ
768 4054 859 4124 ἔτη
909 4053 1082 4124 ἡμῶν,
1130 4052 1282 4122 φησι,
1335 4051 1399 4103 τὰ
1442 4051 1537 4117 τῆς
1587 4048 1913 4119 προσκαίρου

385 4147 526 4215 ζωῆς
552 4148 629 4205 είς
656 4158 695 4187 η’
730 4146 821 4197 καὶ
850 4152 901 4195 π’
927 4143 1152 4214 ἀριθμὸν
1184 4140 1316 4193 ὲτῶν
1346 4140 1599 4192 συντείνει
1620 4156 1633 4169 ο
1662 4142 1753 4191 καὶ
1780 4139 1931 4208 αὕτη

384 4237 529 4290 ἐστὶν
568 4238 599 4303 ἡ
648 4233 798 4303 ἡμῶν
838 4232 1006 4295 ἐλπὶς,
1059 4230 1173 4301 μεθ’
1201 4230 1268 4299 ἢν
1315 4229 1534 4297 οὐδεμία
1589 4227 1717 4296 ἄλλη
1772 4228 1916 4297 ἡμᾶς

384 4326 705 4385 διαδέξεται·
734 4322 1024 4392 τμηθέντες
1054 4321 1152 4392 γὰρ
1187 4321 1335 4388 ἄφνω
1359 4319 1494 4372 κατά
1526 4319 1619 4388 τὴν
1648 4318 1914 4387 τελευτὴν,

386 4412 818 4482 ἑκπεταννὺμεθα
833 4428 845 4441 ·
876 4412 1009 4481 μετά
1030 4411 1085 4463 δὲ
1114 4408 1281 4462 ταῦτα
1306 4410 1357 4461 τί
1379 4425 1506 4463 ποτε
1528 4410 1673 4479 ἡμᾶς
1693 4406 1918 4473 διαδέξε-

385 4520 491 4559 ται.
526 4504 602 4567 τες
642 4502 778 4569 οῐδε;
825 4504 919 4566 Τίς
956 4502 1061 4573 γὰρ
1106 4498 1429 4572 ἑρμηνεῦσαι
1467 4499 1701 4561 δύναται,
1752 4497 1784 4565 ἢ
1829 4498 1920 4551 καὶ

388 4591 625 4661 ἀκριϐῶς
649 4583 842 4662 γνῶναι
874 4591 965 4645 καὶ
993 4590 1241 4654 ἐξειπεῖν,
1266 4588 1419 4640 ὁποία
1452 4588 1531 4649 τίς
1559 4588 1703 4639 ἐστιν
1729 4587 1762 4654 ὴ
1788 4585 1919 4653 μετὰ

2012 3434 2059 3478 et
2080 3423 2389 3477 erudiemur.
2424 3418 2547 3484 Quis
2577 3416 2713 3469 novit
2743 3419 3043 3481 potestatem
3084 3410 3173 3460 ine
3212 3416 3330 3468 tuas,
3355 3416 3398 3457 et
3429 3422 3536 3470 prce

2016 3517 2193 3567 timore
2220 3524 2304 3565 tuo
2325 3511 2549 3579 furorem
2571 3514 2713 3558 tuum
2740 3502 3094 3555 dinumerare?
3115 3499 3371 3549 dexteram
3397 3503 3535 3545 tuam

2014 3604 2087 3657 sic
2116 3611 2293 3653 notam
2327 3598 2431 3666 fac,
2462 3604 2509 3649 et
2540 3591 2763 3649 eruditos
2823 3586 2971 3643 corde
3020 3587 3075 3638 in
3103 3584 3371 3650 sapientia.
3435 3580 3537 3634 Pro

2016 3695 2125 3756 illo,
2159 3691 2415 3755 Quoniam
2443 3683 2730 3753 supervenit
2766 3676 3123 3738 mansuetudo,
3156 3684 3203 3746 et
3223 3674 3534 3733 erudiemur,

2019 3780 2365 3855 Symmachus
2383 3778 2478 3839 ait,
2502 3773 2701 3830 Suec‘isi
2722 3771 2875 3832 enim,
2899 3775 3096 3834 repente
3124 3764 3404 3816 avotamus.
3440 3760 3538 3813 Su-

2018 3850 2199 3942 perius
2227 3872 2534 3923 memoratae
2562 3860 2837 3917 sententias
2863 3858 2952 3911 hic
2975 3869 3150 3910 sermo
3169 3851 3384 3907 insistit.
3402 3850 3538 3901 Nam

2019 3941 2110 4024 ait,
2140 3959 2266 4013 anni
2296 3956 2464 4010 nostri
2495 3952 2656 4020 hujus
2681 3958 3031 4015 temporaneae
3063 3944 3181 3995 vitae
3226 3941 3280 3993 in
3327 3946 3539 4007 septua-
3569 3944 3582 3959 '

2018 4055 2161 4121 ginta
2202 4049 2284 4102 vel
2316 4043 2582 4113 octoginta
2614 4051 2877 4092 annorum
2925 4047 3205 4089 numerum
3238 4029 3542 4099 producun-

2018 4118 2143 4194 tur:
2178 4146 2229 4192 et
2258 4139 2369 4190 haec
2402 4140 2583 4187 nostra
2630 4143 2751 4198 spes
2777 4133 2879 4191 est,
2905 4133 3028 4193 post
3071 4136 3229 4192 quam
3263 4120 3408 4173 nulla
3440 4118 3543 4169 alia

2018 4246 2117 4285 nos
2144 4228 2384 4296 excipiet.
2432 4222 2640 4276 Succisi
2667 4219 2808 4275 enim
2841 4222 3058 4286 repente
3084 4214 3136 4264 in
3165 4219 3403 4278 tempore
3429 4206 3544 4260 obi—

2022 4329 2127 4382 tus,
2160 4318 2429 4372 avolamus
2457 4333 2468 4366 ε
2502 4322 2682 4381 postea
2711 4323 2838 4362 vero
2882 4306 3009 4375 quid
3060 4316 3159 4354 nos
3200 4306 3545 4374 excepturum

2021 4406 2091 4465 sit
2121 4404 2242 4473 quis
2268 4400 2446 4456 novit?
2476 4400 2607 4464 Quis
2644 4396 2784 4451 enim
2808 4393 3073 4461 explicare
3102 4394 3291 4456 potest,
3314 4391 3405 4436 aut
3424 4384 3544 4452 quis

2023 4502 2268 4551 accurate
2303 4506 2462 4547 nosse
2500 4493 2673 4559 potest
2719 4499 2780 4537 ac
2822 4483 3018 4544 dicere,
3053 4492 3170 4547 qua:
3200 4476 3269 4532 sit
3300 4476 3377 4526 ira
3420 4474 3541 4537 illa,

2023 4599 2140 4655 quae
2165 4590 2284 4653 post
2312 4583 2451 4635 hanc
2476 4580 2638 4634 vitam
2670 4580 2974 4641 peccatores
3003 4570 3253 4621 invasura
3274 4562 3396 4616 est?
3424 4559 3546 4614 ldeo

387 4653 556 4733 ταξιτα
606 4653 731 4740 τοὺς
768 4653 1117 4747 ἀμαρτωλοὺς
1171 4673 1574 4743 καταληψομένη
1622 4673 1785 4743 ὁργή;
1828 4671 1917 4724 Διό
1949 4669 1992 4723 D
2016 4653 2110 4735 ait,

1828 4671 1917 4724 Διό
1949 4669 1992 4723 D
2016 4653 2110 4735 ait,
2142 4674 2270 4739 Quis
2297 4671 2434 4727 nouit
2462 4672 2759 4734 potestatem
2795 4663 2888 4714 ira:
2925 4672 3059 4721 tute,
3118 4666 3167 4709 et
3213 4670 3317 4713 pra:
3366 4653 3547 4706 timore

390 4784 551 4839 φησι·
585 4768 678 4837 Τίς
715 4766 983 4834 γινώσκει
1009 4765 1075 4819 τὸ
1098 4763 1309 4831 κράτος
1332 4763 1441 4829 τῆς
1464 4760 1639 4840 ρργῆς
1660 4776 1795 4824 σου,
1821 4762 1917 4814 καί

390 4858 503 4917 ἀπὸ
535 4858 639 4911 τοῦ
668 4858 852 4924 φόϐου
873 4868 986 4907 σου
1014 4855 1116 4909 τὸν
1135 4858 1321 4923 θυμόν
1350 4870 1499 4918 σου;
1525 4853 1619 4916 Τίς
1643 4852 1697 4903 δὲ
1728 4845 1919 4917 οἷός.τέ

390 4947 537 4999 ὲστιν
566 4942 1019 5016 ἐξαριθμήσασθαι
1064 4943 1160 5011 τὴν
1189 4943 1362 5005 δεξιάν
1407 4958 1535 5006 σου;
1576 4938 1730 4992 Ἀλλά
1764 4936 1826 4989 σύ
1857 4954 1919 5004 γε

390 5038 517 5107 ἡμῖν
542 5036 570 5087 6
600 5034 731 5097 Θεὸς
760 5033 999 5087 ἐντεῦθεν
1026 5032 1122 5102 ἤδη
1162 5031 1417 5101 γνώρισον
1466 5032 1562 5102 τὴν
1605 5030 1775 5099 δεξιάν
1809 5045 1917 5091 σου,

393 5125 471 5186 εἰς
501 5122 560 5174 τὸ
602 5121 851 5175 δύνασθαι
884 5124 1025 5193 ἡμᾶς
1056 5123 1192 5174 νοεῖν
1230 5136 1289 5171 τε
1317 5120 1480 5188 αὐτὴν
1523 5122 1613 5173 καὶ
1638 5120 1735 5182 τὰς
1766 5118 1919 5171 δυνά.-

396 5227 515 5283 μεις
549 5209 714 5276 αὐτῆς
734 5210 1168 5281 ἀπαριθμείσθαι.
1198 5209 1381 5272 Δεξιάν
1414 5210 1469 5261 δὲ
1517 5208 1649 5262 Θεοῦ
1680 5208 1765 5261 τὸν
1798 5209 1926 5276 Χρι-

395 5300 516 5352 στὸν
561 5298 722 5350 αὑτοῦ
756 5300 1005 5363 πολλάκις
1050 5301 1287 5365 ἐδίδαξαν
1334 5301 1381 5351 οἱ
1432 5299 1563 5368 ἱεροὶ
1578 5298 1748 5367 λόγοι.
1798 5297 1927 5348 Παι-

393 5389 635 5451 δεύονται
660 5387 832 5439 τοίνυν
859 5391 906 5439 οἱ
937 5389 1229 5460 δηλούμενα
1271 5388 1405 5459 μετά
1442 5388 1537 5455 τὴν
1562 5386 1935 5457 ὲξομολόγησιν»

396 5477 640 5548 εὔχεσθαι
686 5474 1071 5547 καταξιωθῆναι
1116 5480 1325 5549 πρῶτον
1380 5479 1475 5547 μὲν
1519 5477 1617 5545 τῆς
1664 5477 1755 5529 τοῦ
1800 5474 1929 5528 Θεοῦ

401 5570 721 5638 πραΰτητος,
751 5565 824 5627 ὼς
854 5565 919 5618 ἂν
950 5568 1279 5621 παιδευθεϊεν
1304 5567 1367 5621 δι’
1391 5566 1554 5636 αὐτῆς
1580 5579 1594 5593 °
1628 5564 1811 5619 ἔπειτα
1826 5563 1931 5633 τῆς

400 5658 571 5721 δεξιᾶς
588 5656 769 5716 αὑτοῦ,
786 5657 979 5729 δηλαδὴ
1002 5659 1101 5735 τῆς
1118 5659 1361 5727 γνώσεως
1378 5656 1471 5711 τοῦ
1495 5654 1725 5727 Χριστοῦ
1751 5653 1931 5715 αὐτοῦ,

474 5811 517 5842 ⁸ο
556 5811 655 5869 lsa.
695 5826 815 5872 tu.
850 5811 901 5865 5.

2023 4776 2109 4819 tuo
2140 4764 2274 4815 iram
2300 4770 2441 4813 tuam
2462 4760 2486 4812 7
2507 4754 2637 4820 Quis
2683 4755 3018 4807 dinumerare
3057 4754 3231 4816 potest
3276 4744 3549 4798 dexteram

2023 4852 2202 4905 tuam?
2238 4847 2339 4902 Sed
2372 4853 2427 4897 tu
2461 4844 2599 4898 Deus
2648 4842 2739 4896 hic
2787 4841 2939 4894 nobis
2986 4836 3258 4890 dexteram
3287 4842 3431 4885 tuam
3460 4844 3550 4881 uo-

2024 4947 2131 4991 tam
2160 4936 2262 4996 fac,
2298 4942 2357 4986 ut
2382 4932 2649 5001 possimus
2678 4930 2821 4983 illam
2872 4924 3162 4994 intelligere
3182 4961 3197 4986 ,
3247 4930 3299 4973 et
3328 4920 3550 4971 virtutes

2024 5031 2139 5098 ejus
2186 5026 2544 5080 dinumerare.
2578 5020 2858 5074 Dexteram
2904 5028 3063 5083 porro
3109 5011 3237 5072 Dei,
3279 5008 3551 5062 Christum

2025 5093 2141 5185 ejus
2172 5112 2640 5181 esse,plerumque
2666 5106 2963 5158 docuerunt
3005 5114 3173 5155 sacrae
3212 5098 3419 5149 litterae.
3470 5093 3553 5149 Illi

2029 5182 2207 5274 itaque
2228 5202 2352 5271 'jam
2396 5196 2673 5253 memorati
2716 5193 3088 5252 instituuntur,
3116 5195 3172 5240 ut
3200 5193 3318 5255 post
3350 5182 3555 5238 confes-

2030 5271 2233 5355 sionem
2261 5289 2491 5345 conferri
2536 5285 2640 5340 sibi
2678 5290 2998 5353 precentur,
3040 5278 3213 5346 primo
3256 5271 3349 5327 Dei
3402 5287 3553 5327 man-

2031 5381 2381 5442 suetudinem,
2404 5386 2462 5430 ut
2490 5373 2661 5428 abilia
2683 5369 3025 5431 erudiantur,
3052 5363 3243 5418 deinde
3280 5362 3552 5415 dexteram

2030 5477 2167 5546 ejus,
2199 5471 2403 5527 scilicet
2429 5466 2782 5536 cognitionem
2808 5458 3008 5515 Christi
3037 5455 3229 5525 ipsius,
3252 5460 3306 5506 et
3338 5450 3555 5503 mirabi-

2030 5541 2160 5620 lium
2193 5562 2309 5630 ejus
2359 5560 2649 5617 virtutum,
2706 5560 2762 5605 ut
2816 5551 3004 5603 horum
3061 5544 3248 5598 notitia
3306 5541 3556 5594 meliores

2034 5654 2278 5716 evadant,
2309 5657 2358 5705 ct
2386 5658 2443 5704 ut
2483 5654 2654 5701 mente
2695 5639 2922 5703 eruditi,
2981 5636 3069 5701 Dei
3105 5632 3379 5704 sapientiae
3424 5644 3559 5688 con.
