4372 6410
758 486 897 541 “'59

1376 486 1645 545 EUSEBll
1675 486 2150 545 CESARIENSIS
2191 488 2340 546 OPP.
2382 490 2563 546 PARS
2597 489 2683 544 lli.
2736 519 2805 532 —
2845 488 3250 546 EXEGETICA.

3818 481 3962 538 μιο

757 606 937 655 sortes
998 598 1105 653 sint
1134 615 1148 651 :
1182 596 1431 655 Christus
1488 608 1666 656 autem
1696 608 1781 657 est
1806 601 1900 659 Dei
1934 603 2109 657 virtus
2142 610 2196 658 et
2218 602 2313 658 Dei
2341 613 2385 668 Α
2412 602 2483 655 τῶ

2238 603 2313 658 )ei
2341 613 2385 668 Α
2412 602 2518 655 τῶν
2556 620 2613 656 τε
2659 601 2972 673 παραδόξων
2997 602 3159 657 αὑτοῦ
3191 600 3487 671 δυνάμεων,
3521 598 3595 663 ὡς
3624 584 3691 653 ἃν
3730 596 3964 669 βελτίους

756 685 1025 753 sapientia
1056 686 1119 737 “.

2410 694 2584 747 αὐτῶν
2628 695 2863 761 γένοιντο
2909 693 3015 747 ἀπὸ
3051 693 3151 763 τῆς
3186 692 3387 746 τούτων
3429 689 3708 760 γνώσεως,
3754 688 3849 744 καὶ
3889 688 3965 753 ὡς

755 742 843 846 ἂν,
874 780 1251 845 παιδευθέντες
1290 781 1389 852 τὴν
1426 781 1678 847 διάνοιαν,
1728 742 2040 857 μετάσχοιεν
2086 788 2184 860 τῆς
2218 786 2309 841 τοῦ
3401 742 3782 868 δῦναμις,.ιιαλ
3828 742 3992 838 Θεοῦ.

758 875 933 941 σοφία.
1498 935 1501 939 .

825 965 986 1021 Vens.
1024 967 1199 1021 15-17.
1240 966 1563 1036 Convertere,
1619 968 1868 1036 Domine,
1914 989 2172 1042 usquequo
2199 1016 2215 1040 ,
2252 985 2302 1027 et

751 1057 1090 1127 deprecabilis
1136 1068 1245 1112 esto
1275 1075 1426 1143 super
1469 1076 1641 1115 servos
1686 1071 1820 1115 tuos.
1869 1062 2067 1130 Repleti
2123 1081 2301 1117 sumus

750 1166 903 1202 mane
931 1150 1291 1205 misericordia
1326 1162 1435 1215 tua,
1465 1161 1514 1207 et
1550 1147 1927 1208 exsultav'imus
1974 1165 2024 1209 et
2067 1154 2305 1209 delectati

749 1258 929 1295 sumus
979 1243 1212 1297 omnibus
1264 1242 1446 1298 diebus
1494 1246 1709 1297 nostris.
1756 1243 1948 1300 Lartati
1995 1263 2173 1300 sumus
2209 1261 2303 1314 pro

748 1332 928 1385 diebus
956 1333 1137 1402 quibus
1168 1350 1261 1386 nos
1299 1333 1613 1397 humiliasti,
1647 1334 1797 1388 annis
1849 1336 2037 1405 quibus
2080 1335 2299 1390 vidimus

748 1421 913 1477 mala.
943 1420 1010 1474 Et
1042 1424 1234 1490 respice
1262 1418 1323 1475 in
1336 1438 1505 1475 seruos
1536 1430 1649 1477 tuos
1680 1432 1729 1476 et
1757 1424 1810 1477 in
1832 1440 1985 1492 opera
2007 1434 2116 1487 tua,
2142 1434 2190 1478 et
2218 1424 2303 1477 di-

748 1513 857 1582 rige
881 1512 1017 1582 ﬁlios
1045 1529 1225 1567 eorum
1250 1528 1267 1565 :
1299 1521 1349 1566 et
1382 1514 1452 1566 sit
1481 1512 1723 1581 splendor
1753 1512 1965 1568 Domini
2004 1514 2101 1569 Dei
2136 1516 2303 1569 nostri

746 1619 900 1673 super
919 1620 1033 1667 nos,
1061 1613 1111 1657 et
1138 1619 1293 1671 opera
1326 1621 1574 1658 manuum
1628 1614 1929 1659 nostrarum
1956 1607 2118 1678 dirige
2147 1623 2303 1676 super

744 1711 859 1758 nos,
890 1705 940 1749 et
963 1711 1089 1765 opus
1120 1712 1365 1749 manuum
1397 1706 1698 1750 nostrarum
1715 1696 1899 1768 dirige.
1925 1696 2056 1753 Post
2084 1698 2299 1753 confes-

747 1786 952 1840 sionem
1009 1788 1064 1840 in
1118 1785 1547 1855 prmedentihus
1607 1786 1893 1852 traditam,
1943 1794 2304 1858 congruenter

2487 969 2901 1035 Ἐπίστρεψον,
2933 966 3126 1033 Κύριε,
3163 963 3273 1030 ἕως
3316 964 3477 1026 ποτε,
3516 961 3612 1016 καὶ
3659 963 3963 1031 παρακλή-

2408 1064 2535 1129 θητι
2580 1060 2677 1112 ἐπὶ
2709 1057 2847 1122 τοὺς
2890 1056 3148 1121 δούλους
3192 1070 3325 1109 σου.
3368 1054 3849 1128 Ἐνεπλήσθημεν
3884 1056 3964 1122 τῷ

2407 1151 2553 1219 πρωῒ
2595 1149 2703 1203 τοῦ
2740 1148 2949 1212 ἐλέους
2996 1162 3131 1211 σου,
3174 1145 3274 1199 καὶ
3322 1145 3809 1215 ἠγαλλιασάμεθα
3864 1150 3961 1203 καὶ

2404 1240 2815 1312 εὐφράνθημεν
2850 1239 2919 1293 ἐν
2953 1237 3173 1303 πάσαις
3210 1238 3335 1303 ταῖς
3366 1237 3607 1307 ἡμέραις
3628 1238 3814 1306 ἡμῶν,
3844 1244 3961 1294 Εὐ-

2404 1334 2743 1404 φράνθημεν
2782 1331 2909 1385 ἀνθ’
2945 1324 3031 1383 ὧν
3066 1327 3296 1398 ἡμερῶν
3333 1318 3734 1396 ἐταπείνωσαῇ
3784 1329 3961 1399 ἡμᾶς.

2404 1426 2553 1481 ἐτῶν
2571 1422 2658 1480 ὧν
2677 1425 2911 1495 δίδομεν
2932 1422 3103 1478 κακά.
3136 1425 3246 1477 Kal
3299 1423 3387 1476 ίδε
3416 1423 3514 1476 ἐπὶ
3535 1423 3675 1489 τοὺς
3705 1423 3962 1491 δούλους

2405 1536 2520 1573 σου
2563 1519 2660 1572 καί
2704 1517 2801 1573 ἐπὶ
2850 1515 2923 1571 τὰ
2970 1517 3111 1585 ἔργα
3160 1531 3293 1579 σου,
3334 1513 3431 1568 καί
3476 1513 3778 1584 όδήτησον
3822 1515 3963 1585 τοὺς

2405 1610 2572 1681 υἱοὺς
2598 1608 2822 1664 αὐτῶν·
2855 1608 2953 1662 καί
2981 1609 3134 1662 ἔστω
3161 1608 3198 1675 ὴ
3228 1607 3569 1675 λαμπρότης
3606 1608 3826 1675 κυρίου
3856 1607 3963 1661 τοῦ

2410 1698 2556 1753 Θεοῦ
2604 1698 2773 1767 ἡμῶν
2811 1697 2903 1767 ἐφ’
2935 1696 3110 1767 ἡμᾶς,
3152 1697 3251 1751 καὶ
3294 1696 3367 1751 τὰ
3410 1696 3551 1767 ἔργα
3592 1695 3709 1751 τῶν
3754 1698 3963 1772 χειρῶν

2408 1790 2576 1859 ἡμῶν
2610 1790 2973 1844 ωτεύθυνον
3015 1789 3107 1857 ἐφ’
3138 1787 3314 1857 ἡμᾶς,
3364 1787 3463 1842 καὶ
3505 1786 3573 1840 τὸ
3623 1788 3799 1859 ἔργον
3846 1788 3964 1842 τῶν

748 1877 961 1949 Moyses
1008 1876 1199 1931 orandi
1246 1876 1465 1930 modum
1512 1877 1677 1930 tradit
1721 1877 1790 1930 iis
1832 1893 1899 1932 ex
1941 1879 2159 1942 lsraele,
2208 1879 2301 1949 qui
2338 1901 2379 1955 Β
2410 1896 2474 1947 χε

2235 1879 2301 1948 [υἱ
2338 1901 2379 1955 Β
2410 1878 2619 1947 χειρῶν
2656 1876 2824 1947 ἡμῶν
2866 1876 3248 1929 κατεύθυνον.
3311 1873 3635 1937 Ἀκολούθως
3686 1873 3821 1944 μετὰ
3864 1873 3961 1945 τὴν

747 1978 869 2039 post
900 1968 1199 2021 Salvatoris
1232 1968 1407 2021 nostri
1438 1967 1725 2021 adventum
1759 1966 1894 2036 lapsi
1926 1976 2075 2034 sunt,
2096 1977 2155 2021 ut
2182 1978 2305 2038 post

747 2058 1047 2129 praemissa,
1084 2057 1217 2123 haec,
1266 2074 1386 2129 qua:
1423 2060 1536 2127 jam
1568 2058 1875 2121 traduntur,
1908 2058 2181 2129 precando
2222 2054 2341 2112 di-'

746 2156 873 2201 cant
921 2167 935 2202 :
976 2164 1207 2217 quorum
1272 2149 1599 2204 sententiam
1649 2149 1851 2203 clarius
1915 2150 2306 2221 interpretatus

749 2238 1105 2311 Symmachus
1151 2249 1234 2294 est
1281 2242 1384 2294 hoc
1441 2248 1645 2311 pacto:
1681 2238 2005 2307 Convertere,
2054 2242 2301 2306 Domine,

747 2347 1008 2400 usquequo
1036 2346 1054 2393 ,'
1079 2330 1417 2399 deprecabilis
1448 2339 1555 2383 esto
1588 2345 1739 2399 super
1766 2348 1937 2386 servos
1969 2343 2103 2388 tuos.
2151 2330 2307 2389 Satia

747 2438 841 2475 nos
878 2422 1139 2475 matutina
1172 2422 1534 2475 misericordia
1564 2430 1673 2485 tua,
1704 2430 1762 2475 ut
1791 2422 2111 2477 dormiamus
2142 2434 2191 2477 et
2216 2425 2306 2479 lce-

749 2522 917 2565 temur
934 2512 1168 2566 omnibus
1197 2512 1375 2566 diebus
1406 2514 1617 2566 nostris.
1654 2511 1888 2582 Lati/ica
1935 2531 2026 2568 nos
2066 2515 2305 2569 omnibus

2407 1969 2785 2041 ἐξομολόγησιν
2818 1968 2915 2040 τὴν
2940 1966 3025 2019 διὰ
3054 1966 3161 2021 τῶν
3196 1966 3619 2038 προτεινομένων
3647 1964 3963 2036 παραδοθεί-

2407 2080 2524 2127 σαν,
2548 2062 2625 2114 ἐτι
2640 2062 2738 2132 τὴν
2763 2058 3067 2131 προσευχὴν
3091 2060 3119 2110 ὁ
3149 2057 3388 2127 Μωῦσῆς
3406 2057 3642 2110 διδάσκει
3676 2058 3800 2119 τοὺς
3828 2056 3963 2126 μετά

2404 2151 2500 2221 τὴν
2532 2150 2623 2202 τοῦ
2640 2150 2885 2221 Σωτῆρος
2899 2149 3056 2220 ἡμῶν
3074 2148 3373 2219 παρουσίαν
3393 2148 3848 2211 ἀποπεπτωκότας
3864 2146 3959 2200 τοῦ

2401 2235 2649 2307 Ἲσραὴλ,
2688 2238 2765 2297 εις
2792 2236 2852 2287 τὸ
2879 2236 3055 2304 λέγειν
3088 2236 3280 2299 αὐτοὺς
3313 2236 3792 2307 προσευχομένους,
3827 2236 3962 2307 μετά

2405 2324 2512 2377 τῶν
2540 2322 2902 2377 ἀποδοθέντων
2929 2326 3022 2377 καὶ
3042 2325 3110 2395 τά
3132 2325 3488 2395 προκείμενα·
3514 2318 3590 2378 ὧν
3614 2325 3713 2395 τὴν
3731 2325 3962 2381 διάνοιαν

2407 2416 2730 2486 σαφέστερον
2756 2416 3084 2487 ἐρμήνευσεν
3126 2417 3154 2467 ὁ
3193 2416 3501 2485 Σύμμαχος,
3530 2414 3709 2475 τοῦτον
3735 2416 3964 2480 ἀποδοὺς

2402 2508 2492 2560 τὸν
2521 2508 2749 2577 τρόπον·
2803 2504 3238 2574 Ἐπιστράφηθι,
3272 2507 3467 2574 Κύριε,
3503 2506 3612 2572 ἕως
3640 2508 3813 2560 πότεο
3850 2521 3962 2560 πα-

747 2602 950 2666 diebus,
983 2602 1166 2671 quibus
1193 2620 1284 2657 nos
1309 2592 1562 2673 aﬂiixisti,
1597 2607 1749 2660 annis
1779 2607 1832 2659 in
1867 2605 2051 2675 quibus
2085 2606 2305 2660 vidimus
2396 2615 2473 2666 ρα

2245 2623 2305 2660 αδ
2396 2597 2727 2666 ρακλήθητι
2754 2596 2903 2665 ὑπὲρ
2925 2594 3043 2649 τῶν
3068 2597 3298 2650 δούλων
3319 2611 3453 2651 σου.
3484 2600 3790 2665 Χόρτασον
3810 2597 3964 2667 ἡμᾶς

748 2692 909 2745 mala.
940 2692 1242 2761 Appareant
1269 2693 1406 2759 apud
1443 2710 1613 2748 servos
1648 2704 1760 2748 tuos
1796 2710 1951 2763 opera
1998 2703 2109 2756 tua,
2138 2704 2186 2748 et
2220 2694 2306 2748 di-

747 2784 920 2853 gnitas
964 2799 1118 2850 super
1163 2784 1300 2851 ﬁlios
1342 2794 1545 2839 nostros
1572 2802 1589 2840 :
1616 2798 1665 2840 et
1709 2788 1775 2840 sit
1821 2786 2153 2855 pulchritudo
2198 2787 2308 2840 Do-

746 2873 877 2925 mini
909 2872 1005 2925 Dei
1032 2876 1197 2927 nostri
1227 2891 1378 2942 super
1406 2893 1520 2939 nos,
1552 2886 1602 2930 et
1633 2894 1787 2945 opera
1820 2892 2069 2929 manuum
2097 2887 2307 2931 nostra-

746 2978 866 3019 rum
899 2963 1053 3030 ﬁrma
1091 2964 1177 3032 {ac
1221 2982 1376 3033 super
1405 2983 1519 3030 nos,
1553 2976 1602 3019 et
1630 2970 1885 3021 actionem
1930 2984 2179 3019 manuum
2211 2986 2306 3022 no-

746 3068 980 3109 strarum
1028 3057 1233 3124 perﬁce.
1294 3055 1388 3111 His
1439 3073 1601 3127 porro
1656 3059 1832 3125 docet,
1882 3068 1940 3112 ut
1988 3060 2305 3114 matutinam

748 3143 1178 3198 misericordiam
1219 3148 1476 3215 consequi
1510 3148 1806 3217 postulent,
1858 3156 1917 3201 ut
1947 3156 2071 3203 ortu
2116 3148 2306 3203 Salva-

2405 2688 2673 2755 ὀρθρινοῦ
2702 2689 2912 2753 ἐλέους
2939 2703 3075 2753 σου,
3106 2689 3203 2740 ἵνα
3234 2688 3598 2758 ὐπνώσωμεν
3623 2688 3723 2743 καὶ
3748 2691 3965 2759 εὐφρα-

2403 2777 2631 2846 νὼμεθα
2656 2779 2725 2830 ἐν
2746 2778 2967 2843 πάσαις
2992 2778 3117 2844 ταῖς
3153 2779 3397 2847 ἡμέραις
3427 2777 3610 2848 ἡμῶν.
3650 2780 3965 2847 Εὕφρανον

2402 2866 2558 2934 ἡμᾶς
2599 2866 2798 2931 πάσας
2824 2867 3045 2935 ἡμέρας
3073 2867 3145 2933 ἀς
3182 2867 3489 2934 ὲκάκωσας
3537 2867 3714 2937 ἡμᾶς,
3755 2866 3857 2936 ἐτη
3895 2869 3965 2923 ἐν

2404 2952 2491 3022 οἷς
2514 2957 2748 3025 εἴδομεν
2777 2957 2947 3011 κακά.
2990 2958 3234 3025 Φανήτω
3259 2958 3417 3026 παρὰ
3441 2958 3563 3023 τοῖς
3585 2958 3824 3022 δούλοις
3848 2975 3964 3014 σου

2404 3049 2473 3101 τὰ
2519 3048 2661 3119 ἔργα
2703 3064 2838 3113 σου,
2875 3048 2973 3102 καὶ
3023 3049 3087 3102 τὸ
3140 3049 3495 3117 ἀξιοπρεπὲς
3532 3050 3632 3103 ἐπὶ
3658 3050 3745 3104 --τά
3784 3051 3966 3105 τέκνα

2402 3140 2568 3211 ἡμῶν
2586 3159 2599 3174 ·
2626 3143 2721 3195 καὶ
2760 3142 2913 3195 ἔστω
2940 3143 3005 3195 τὸ
3034 3140 3253 3207 κάλλος
3288 3142 3394 3196 τοῦ
3430 3144 3648 3209 Κυρίου
3675 3142 3781 3195 τοῦ
3818 3143 3963 3198 Θεοῦ

750 3236 890 3290 toris
926 3234 1235 3305 dignentur.
1284 3223 1594 3291 Matutinam
1629 3239 1826 3308 quippe
1873 3240 2301 3295 misericordiam
2329 3243 2371 3301 (ι
2402 3235 2476 3303 tia

2237 3257 2301 3295 ιιι
2329 3243 2371 3301 (1
2402 3233 2568 3303 ἡμῶν
2590 3234 2787 3288 ἐπάνω
2806 3233 2994 3304 ἡμῶν,
3030 3234 3126 3288 καὶ
3156 3235 3227 3287 τὰ
3258 3234 3400 3305 ἔργα
3426 3234 3544 3288 τῶν
3562 3233 3777 3304 χειρῶν
3798 3234 3963 3305 ἡμῶν

746 3326 948 3382 Christi
977 3342 1094 3381 eam
1120 3326 1249 3382 dicit
1277 3343 1418 3392 esse,
1449 3345 1566 3398 quae
1598 3329 1662 3383 ad
1691 3346 1880 3386 omnes
1906 3332 2165 3400 homines:
2186 3332 2298 3386 ori-

750 3423 859 3470 tur.
898 3415 1031 3469 Nam
1062 3424 1119 3469 ut
1146 3416 1273 3469 olim
1308 3418 1475 3488 priori
1505 3420 1705 3487 populo
1734 3422 2057 3474 matutinum
2088 3428 2298 3491 tempus

714 3507 873 3579 iuit,
924 3522 1033 3577 quo
1077 3508 1131 3562 in
1172 3508 1406 3579 Egypto
1447 3511 1649 3579 degens
1700 3512 2036 3581 inspectione
2066 3512 2299 3569 donatus

748 3609 866 3666 est;
903 3602 981 3655 sic
1014 3601 1068 3655 in
1102 3602 1399 3671 novissimo
1433 3601 1640 3655 dierum
1680 3604 1944 3657 matutina
1993 3604 2300 3659 misericor-

747 3689 837 3745 dia
866 3690 1118 3745 omnibus
1148 3692 1396 3760 gentibus
1434 3690 1643 3748 effulsit!
1669 3708 1765 3762 per
1794 3695 2081 3750 salutarem
2119 3694 2301 3749 orien-

748 3794 879 3843 tem.
903 3796 1063 3851 quam
1091 3785 1374 3838 memorati
1406 3783 1483 3837 illi
1517 3785 1761 3841 homines
1796 3787 2069 3856 postulare
2099 3786 2302 3841 docen-

748 3881 839 3927 tur
875 3875 928 3928 in
957 3874 1236 3941 oratione;
1269 3875 1378 3929 imo
1408 3876 1569 3929 etiam
1598 3875 1739 3929 inter
1768 3876 1873 3929 alia
1907 3876 2104 3937 dicere,
2138 3875 2206 3928 Et
2230 3877 2299 3929 sit

747 3966 990 4033 splendor
1020 3966 1228 4019 Domini
1259 3966 1355 4020 Dei
1385 3967 1552 4020 nostri
1584 3982 1737 4035 super
1774 3983 1889 4029 nos,
1935 3976 1985 4021 et
2012 3977 2299 4036 appareant

747 4057 885 4121 apud
922 4068 1090 4109 servos
1125 4065 1249 4117 tuos,
1287 4050 1442 4124 opera
1486 4065 1599 4117 tua.
1638 4053 1685 4109 et
1711 4056 1939 4127 dignitas
1965 4066 2075 4120 tua,
2111 4067 2160 4111 et
2190 4056 2303 4125 pul-

746 4144 984 4197 chritudo
1029 4144 1239 4197 Domini
1269 4144 1365 4197 Dei
1396 4148 1592 4207 nostri;
1632 4152 1690 4198 ut
1721 4154 1774 4199 et
1820 4146 1920 4215 ipsi
1954 4134 2138 4199 divina
2182 4144 2300 4199 Sal-

747 4237 952 4289 vatoris
1004 4235 1291 4305 praesentia
1334 4235 1643 4304 dignentur,
1694 4252 1907 4289 necnon
1951 4237 2133 4291 divina
2177 4236 2297 4306 ejus

745 4328 915 4396 gloria
952 4340 1014 4380 ac
1044 4323 1468 4398 pulchritudine,
1495 4325 1561 4378 de
1592 4339 1699 4393 quo
1728 4316 1931 4380 dictum
1953 4337 2058 4393 est,
2090 4326 2301 4394 Specio-

744 4434 834 4471 sus
863 4418 1034 4487 [arma
1064 4433 1173 4487 pra:
1209 4416 1338 4485 ﬁliis
1360 4415 1626 4468 hominum
1650 4415 1716 4477 υ,
1754 4431 1817 4469 ac
1843 4416 2063 4487 insuper
2090 4417 2299 4472 caeteris

2401 3326 2601 3393 ἐδραῖα
2643 3327 2897 3391 ποίησον
2931 3326 3080 3394 ὑπὲρ
3114 3327 3299 3395 ἡμῶν,
3338 3327 3437 3381 καὶ
3470 3326 3584 3394 τὴν
3612 3326 3828 3395 πρᾶξιν
3851 3326 3965 3380 τῶν

2401 3414 2613 3485 χειρῶν
2648 3414 2814 3484 ἡμῶν
2840 3416 3205 3470 ἐπιτέλεσον.
3242 3417 3487 3473 Διδάσκει
3530 3419 3587 3470 δὲ
3635 3418 3723 3472 διὰ
3762 3419 3965 3472 τούτων

2401 3506 2664 3559 αἰτεῖσθαι
2706 3509 2886 3576 τυχεῖν
2918 3506 3011 3559 τοῦ
3062 3505 3310 3577 ὀρθρινοῦ
3349 3506 3546 3570 ἐλέους,
3586 3507 3661 3571 ὡς
3704 3509 3770 3562 ἂν
3799 3526 3965 3562 κατα-

2402 3599 2639 3665 ξιωθεῖεν
2667 3584 2765 3671 τῆς
2789 3601 3046 3671 ἀνατολῆς
3074 3600 3165 3658 τοῦ
3195 3602 3460 3674 Σωτῆρος.
3492 3602 3563 3655 Τὸ
3588 3603 3831 3674 ὀρθρινὸν
3857 3602 3965 3673 γὰρ

2400 3690 2545 3754 ἔλεος
2579 3690 2813 3763 Χριστοῦ
2846 3693 2907 3745 τὸ
2938 3694 3031 3747 ἐπὶ
3068 3694 3273 3757 πάντας
3308 3692 3587 3751 ἀνατεῖλαν
3626 3693 3959 3765 ἀνθρώπους.

2412 3782 2500 3845 Ὠς
2522 3784 2630 3851 γὰρ
2655 3783 2816 3837 πάλαι
2848 3784 3038 3852 γέγονε
3084 3787 3265 3855 πρωτα
3304 3785 3381 3855 τῷ
3407 3786 3655 3857 προτέρῳ
3685 3785 3798 3856 λαῷ
3824 3784 3965 3839 κατά

2399 3869 2496 3940 τὴν
2525 3871 2825 3941 ἐπισκοπὴν
2853 3866 2921 3942 ἧς
2948 3872 3359 3943 κατηξιώθησαν
3392 3875 3448 3926 ἐν
3470 3873 3728 3944 Αἰγύπτῳ
3762 3873 3963 3945 διατρίο

2401 3963 2604 4027 εόντες,
2642 3963 2811 4028 οὕτως
2859 3966 2945 4017 ἐπ’
2991 3966 3217 4037 ἐσχάτου
3243 3966 3347 4019 τῶν
3378 3965 3600 4037 ⁴ἡμερῶν
3632 3964 3963 4036 τδεόρθρινδν

2402 4053 2544 4118 ἔλεος
2568 4057 2680 4119 τοῖς
2712 4057 2872 4109 πᾶσιν
2902 4052 3167 4127 ἐξέλαμψε
3205 4059 3315 4119 τοῖς
3345 4055 3518 4109 ἔθνεσι
3542 4055 3632 4108 διὰ
3657 4054 3753 4126 τῆς
3787 4071 3959 4125 σωτη-

2404 4146 2517 4215 ρίου
2543 4147 2824 4217 ἀνατολῆς,
2853 4144 2921 4220 ἦς
2947 4146 3338 4218 καταξιωθῆναι
3364 4146 3696 4200 διδάσκονται
3725 4147 3772 4198 οἱ

2403 4237 2583 4300 θέντες
2630 4239 2717 4293 διὰ
2756 4239 2855 4309 τῆς
2892 4241 3196 4311 προσευχῆς
3240 4243 3434 4293 αἰτεῖν·
3479 4240 3615 4293 ἀλλά
3658 4240 3749 4293 καὶ⁵
3786 4238 3964 4308 λέγειν

2404 4328 2540 4398 μετά
2568 4329 2675 4383 τῶν
2716 4329 2917 4383 ἄλλων⁸
2956 4330 3066 4384 Καί
3115 4332 3270 4385 ἔστω
3296 4331 3335 4397 ἠ
3361 4333 3704 4399 λαμπρότης
3743 4330 3964 4397 Κυρίου

2401 4418 2507 4473 τοῦ
2548 4420 2693 4474 Θεοῦ
2730 4420 2896 4489 ήμῶν
2919 4421 3011 4489 ἐφ’
3037 4418 3211 4490 ἡμᾶς,
3253 4422 3350 4475 καὶ
3385 4420 3623 4490 φανήτω
3656 4421 3813 4487 παρὰ
3829 4419 3964 4501 τοῖς

745 4509 999 4564 omnibus
1024 4509 1179 4563 bonis
1206 4522 1325 4579 quae
1376 4508 1433 4560 in
1489 4506 1707 4562 Christo
1740 4505 1833 4561 Dei
1892 4508 2116 4578 intelligi
2174 4523 2299 4578 pos-

752 4610 900 4653 sunt.
1270 4614 1272 4618 ’

2402 4510 2637 4576 δούλοις
2666 4526 2779 4565 σου
2813 4512 2882 4565 τὰ
2920 4512 3061 4581 ἔργα
3101 4528 3216 4565 σου
3252 4513 3349 4569 καὶ
3390 4513 3454 4564 τὸ
3494 4511 3719 4576 κάλλος
3745 4511 3964 4578 Κυρίου

2330 4584 2374 4640 Ῑ)
2404 4600 2507 4654 τοῦ
2544 4599 2688 4654 Θεοῦ
2712 4600 2905 4670 ἡμῶν·
2933 4601 3006 4664 ὡς
3047 4600 3113 4654 ἂν
3144 4601 3235 4659 καὶ
3274 4600 3428 4654 αὐτοὶ
3450 4599 3834 4664 νκαταξιωθεῑεν
3866 4602 3967 4671 τῆς

751 4692 1015 4762 σωτηρίου
1050 4693 1399 4778 θεοφανείας.
1441 4694 1533 4747 καὶ
1574 4689 1671 4762 τῆς
1716 4694 1894 4747 ἐνθέου
1934 4695 2087 4767 δόξης
2140 4692 2325 4760 αὑτοῦ,
2358 4693 2448 4746 τοῦ
2495 4710 2553 4746 τε
2599 4693 2853 4757 κάλλους,
2902 4694 3028 4762 περὶ
3075 4688 3133 4773 οῦ
3177 4693 3414 4761 εἴρηται,
3491 4692 3710 4760 Ὠραῖος
3754 4691 3966 4746 κάλλει

630 4814 633 4817 η
744 4787 903 4855 παρὰ
932 4787 1073 4852 τοὺς
1108 4790 1277 4856 υίοὺς
1322 4787 1440 4843 τῶν
1470 4830 1471 4835 η
1514 4801 1812 4859 νοριιιπων,
1861 4794 1950 4844 καὶ
1987 4792 2092 4845 τῶν
2122 4790 2321 4846 λοιπῶν
2358 4790 2607 4845 ἁπάντων
2636 4788 2744 4843 τῶι
2775 4788 2915 4842 κατά
2955 4787 3045 4841 τὸν
3074 4786 3303 4857 Χριστὸν
3342 4786 3435 4840 τοῦ
3468 4788 3602 4842 Θεοῦ
3648 4785 3964 4855 ἐπινοουμέ-

745 4896 850 4931 νων
876 4880 1111 4949 ἀγαθῶν.

1440 4997 1582 5050 'XC.

820 5078 983 5134 Vens.
1036 5081 1086 5143 1,
1120 5080 1173 5133 2.
1216 5082 1319 5148 Qui
1366 5086 1566 5140 habitat
1604 5089 1656 5140 in
1698 5087 1963 5155 adjutorio
2019 5090 2295 5151 Altissimi,
2486 5088 2537 5139 '0

2236 5090 2295 5151 ti,
2486 5088 2537 5139 '0
2562 5084 2851 5140 κατοικῶν
2868 5086 3199 5155 ἐτι-,βοηθείᾳ
3221 5088 3327 5142 τοῦ
3356 5089 3657 5156 Ὑψίστου,
3674 5086 3744 5137 ὲν
3764 5086 3962 5157 σκέπῃ

754 5168 812 5222 in
844 5178 1129 5238 legumento
1168 5171 1266 5225 Dei
1299 5175 1413 5227 cwli
1472 5177 1900 5231 commorabitur.
1938 5176 2034 5231 Hic
2060 5180 2300 5248 psalmus
2400 5179 2480 5230 τοι

2280 5194 2300 5232 3
2400 5177 2504 5231 τοῦ
2535 5177 2680 5230 Θεοῦ
2711 5176 2815 5230 τοῦ
2860 5178 3119 5248 οὐρανοῦ
3155 5178 3605 5245 αὑλισθήσεται.
3644 5176 3961 5249 Ἀνεπίγρα-
3985 5220 4006 5233 .

756 5260 1109 5327 inscriptione
1135 5273 1300 5318 caret.
1326 5266 1410 5319 An
1444 5266 1581 5323 forte
1614 5284 1788 5340 neque
1818 5269 2058 5338 psalmus
2081 5280 2183 5333 est,
2207 5270 2301 5325 sed
2403 5285 2482 5335 φοι

2236 5270 2301 5325 ed
2403 5285 2502 5335 φος
2523 5270 2551 5319 ὁ
2571 5266 2800 5336 ψαλμός.
2821 5269 3045 5341 Μήποτε
3073 5268 3129 5321 δὲ
3151 5268 3271 5322 οὔτε
3291 5267 3501 5339 ψαλμὺς
3524 5268 3798 5337 τυγχάνει,
3826 5268 3960 5321 ἀλλά

753 5350 1032 5422 prophetia
1074 5356 1318 5420 quaedam
1355 5358 1738 5431 profundiores
1779 5360 1845 5418 de
1881 5359 2099 5415 Christo
2142 5375 2205 5414 ac
2233 5360 2301 5413 de
2402 5376 2479 5422 τις

2233 5360 2301 5413 de
2402 5376 2485 5422 τις
2516 5357 2816 5429 προφητεία
2850 5357 3178 5430 βαθυτέρους
3230 5358 3553 5428 περιέχουσα
3596 5358 3786 5427 λόγους
3831 5358 3958 5430 περὶ

744 5440 834 5503 iis,
865 5456 984 5511 qua:
1012 5442 1065 5495 in
1093 5444 1211 5513 ipso
1247 5460 1623 5503 consummata
1660 5457 1808 5515 sunt,
1843 5466 2120 5506 sermones
2148 5464 2299 5504 com-
2401 5452 2470 5522 Χε

2233 5464 2299 5502 n-
2401 5451 2634 5522 Χριστοῦ
2661 5450 2887 5504 καὶτῶν
2919 5452 2976 5503 ἐν
3033 5448 3179 5518 αὐτῷ
3210 5447 3629 5519 τελειουμένων;
3666 5450 3870 5520 Πολλὴν
3902 5448 3959 5501 δὲ

744 5530 1025 5621 plectens?
1072 5531 1197 5587 Haec
1229 5552 1393 5605 porro
1423 5556 1542 5610 qua:
1567 5540 1679 5609 jam
1723 5548 2019 5603 tractamus
2067 5543 2294 5597 multam
2406 5545 2470 5596 ἀσ

2235 5556 2294 5593 ηηι
2406 5544 2756 5614 ἀσυμφωνίαν
2802 5543 2913 5613 ἔχει
2938 5541 3006 5593 τὰ
3046 5540 3375 5612 προκείμενα
3408 5540 3544 5621 πρὸς
3582 5542 3672 5595 τὸν
3707 5540 3961 5608 ἀνωτέρω

746 5611 1084 5677 habehtcum
1116 5625 1435 5694 praecedenti
1461 5633 1670 5700 psalmo
1696 5631 2131 5702 discrepantiam.
2163 5631 2297 5686 Nam
2404 5634 2472 5702 ψα

2232 5648 2297 5685 un
2404 5611 2614 5704 ψαλμιν
2652 5634 2750 5705 τὴν
2794 5611 3126 5687 ἀκολουθίαν.
3172 5631 3231 5686 '0
3277 5633 3376 5705 μὲν
3417 5611 3525 5706 {ep
3575 5634 3673 5705 τὴν
3726 5631 3958 5703 ἐσχάτην

745 5706 835 5763 ille
863 5711 1077 5781 quidem
1126 5730 1221 5780 per
1267 5715 1467 5790 Moysis
1508 5723 1831 5787 orationem,
1878 5711 2174 5779 citremam
2206 5722 2301 5779 Ju-
2411 5727 2471 5779 ἀτ

2232 5722 2301 5779 ἰι-
2411 5725 2677 5795 ἀποϐολὴν
2733 5722 2823 5778 τοῦ
2865 5708 3127 5779 Ἰουδαίων
3164 5723 3346 5789 rem;
3400 5724 3485 5778 διὰ
3537 5727 3661 5796 τῆςο-
3683 5722 3958 5786 Μωῦσέως

812 5862 850 5896 ⁵³
894 5860 913 5919 1
946 5862 1069 5920 Cor.
1118 5883 1169 5927 l.
1206 5867 1309 5923 2L
1371 5871 1413 5904 “
1452 5870 1593 5925 Psal.
1633 5888 1773 5935 XLIV,
1808 5875 1859 5927 5.
