4372 6410
363 528 494 586 ιίιι

1472 525 1610 585 C051
1619 518 1968 580 M‘ENTARIA
2001 516 2067 572 IN
2105 516 2443 575 PSALMOS.

3421 515 3561 570 “t2

363 644 671 716 προσευχῆς
699 643 1006 708 ἐθέσπιζεν-
1040 647 1069 696 6
1108 645 1165 697 δέ
1198 644 1385 715 παρὼν
1416 646 1541 710 τοὺς
1573 644 1787 714 ἀγῶνας
1819 645 1911 696 καὶ
1939 649 1985 707 Α
2012 638 2089 694 dtu

1834 645 1911 696 ιαὶ
1939 649 1985 707 Α
2012 638 2183 694 ὰιιίοω
2226 638 2403 709 gentis
2448 634 2805 705 abjectionem
2859 632 3283 697 vaticinabatur;
3312 630 3401 688 hic
3433 648 3560 689 vero

362 735 431 789 τὰ
461 737 785 807 πειρατήρια
812 734 904 787 τοῦ
933 733 1070 788 κατὰ
1100 735 1298 804 Κύριον
1337 735 1702 805 τελειουμένου
1738 734 1917 809 περιέ-

364 842 473 896 χει·
512 826 647 880 ἀλλὰ
680 827 773 880 καὶ
804 826 967 879 αὑτοῦ
998 824 1093 877 τοῦ
1125 826 1375 895 Σωτῆρος
1426 826 1581 895 ήμῶν
1626 828 1714 879 τὸν
1752 827 1808 878 ἐν
1848 828 1914 895 τῇ

363 914 555 986 ἐρήμῳ
596 917 895 988 πειρασμὸν
924 917 1285 987 προφητεύει,
1315 918 1401 969 ὅτε
1431 918 1635 987 ἀνήχθη
1670 918 1772 971 ὑπὸ
1822 916 1916 971 τοῦ

362 1004 674 1076 Πνεύματος
703 1008 781 1069 εἰς
810 1008 907 1078 τὴν
932 1007 1131 1077 ἔρημον
1166 1007 1519 1079 πειρασθῆναι
1546 1009 1650 1060 ὑπὸ
1677 1008 1768 1061 τοῦ
1799 1009 1915 1061 δια-

362 1094 537 1160 ϐόλου,
566 1097 659 1151 καὶ
684 1098 780 1167 τὴν
810 1098 900 1150 ἐπὶ
931 1100 1061 1151 πᾶσι
1088 1099 1241 1169 νίκην
1268 1099 1447 1152 αὑτοῦ.
1476 1100 1538 1151 Τί
1557 1100 1619 1169 δὴ
1646 1096 1737 1153 οὖν
1756 1117 1915 1171 φησιν

360 1184 390 1237 6
424 1188 752 1257 προφητικὸς
782 1188 967 1255 λόγος;
1006 1190 1063 1241 Ὁ
1090 1190 1186 1258 μὲν
1219 1190 1477 1262 πρότερος
1506 1190 1630 1253 λαὸς
1654 1193 1681 1244 6
1705 1190 1793 1243 διὰ
1820 1192 1915 1261 τῆς

362 1276 774 1346 προηγουμένης
808 1278 1079 1341 Μωῦσέως
1112 1281 1415 1350 προσευχῆς
1443 1280 1916 1349 ἀποκλαυσάμενος

360 1364 611 1432 ὁμολογεῖ
634 1366 876 1433 φάσκων,
899 1368 1015 1421 Ὅτι
1041 1369 1392 1438 ἐξελίπομεν
1416 1370 1485 1422 ἐν
1505 1368 1577 1436 τῇ
1604 1368 1746 1438 ὀργῇ
1776 1384 1911 1434 σου,

360 1455 452 1507 καὶ
481 1454 549 1507 τὰ
578 1455 757 1519 λοιπὰ,
792 1458 889 1510 ὅσα
915 1459 1163 1530 ἐδηλοῦτο
1195 1459 1281 1511 διὰ
1311 1458 1415 1511 τῶν
1440 1460 1851 1529 ἐμφερομένων⁸
1886 1461 1914 1511 6

357 1544 416 1597 δέ
450 1543 655 1614 μέλλων
685 1547 1041 1617 συστήσεσθαι
1075 1550 1190 1619 μετ’
1220 1551 1423 1602 ἐκεῖνον
1452 1548 1528 1618 τῷ
1557 1548 1675 1621 Θεῴ
1702 1548 1788 1611 διὰ
1820 1548 1912 1601 τοῦ

358 1632 591 1703 Χριστοῦ
620 1633 763 1699 λαὸς,
800 1637 891 1690 ἐπὶ⁹
933 1640 997 1709 τῇ
1040 1638 1259 1709 βοηθείᾳ
1287 1638 1379 1690 τοῦ
1434 1624 1686 1707 Ὑψίστου
1731 1653 1915 1689 πεποι-

358 1721 485 1789 θὼς,
514 1725 605 1777 καὶ
634 1725 718 1777 ἀεὶ
762 1726 819 1779 ἐν
849 1727 984 1798 αὐτῇ
1017 1728 1304 1792 κατοικῶν,
1338 1724 1610 1799 ἀτάραχος
1645 1728 1739 1782 καὶ
1777 1728 1912 1781 ἀσά-

2015 730 2311 785 certamina
2345 739 2398 784 et
2432 728 2759 783 tentationes
2783 726 2902 797 ejus
2932 726 3025 796 qui
3056 724 3352 781 scCundum
3382 724 3561 779 Domi-

2016 836 2143 875 num
2177 829 2607 882 consummatur,
2636 816 3048 887 complectitur;
3091 815 3199 869 imo
3239 817 3401 868 etiam
3445 810 3562 866 Sa!-

2015 911 2218 966 vatoris
2254 910 2428 965 nostri
2483 909 2537 963 in
2585 910 2800 964 deserto
2830 907 3182 962 tentationem
3218 903 3557 974 praenuntiat,

2015 1004 2233 1074 quando
2276 1008 2588 1069 assuugptus
2644 1005 2728 1052 est
2756 1013 2786 1051 a
2830 998 3034 1067 Spiritu
3084 997 3137 1049 in
3180 994 3467 1055 desertum,
3505 1001 3562 1045 ut

2015 1100 2317 1150 tentaretur
2348 1106 2376 1143 a
2412 1088 2646 1151 diabolo,
2684 1087 3033 1157 praedicitque
3066 1085 3182 1154 ejus
3214 1086 3268 1139 iu
3309 1082 3582 1137 omnibus’

2016 1184 2323 1239 victoriam.
2388 1180 2528 1246 Quid
2591 1164 2772 1248 itaque
2825 1178 2901 1230 ait
2951 1176 3302 1246 propheticus
3346 1171 3561 1229 sermo?

2015 1275 2169 1330 Prior
2218 1273 2433 1343 quidem
2475 1270 2726 1340 populus,
2776 1267 2867 1337 qui
2903 1269 2955 1321 in
3002 1266 3324 1337 praecedenti
3360 1263 3561 1335 Moysis

2014 1365 2261 1419 oratione
2302 1362 2566 1433 plorabat,
2618 1361 2733 1414 haec
2776 1358 3151 1419 conﬁtebatur,
3189 1356 3327 1421 Quia
3369 1354 3561 1423 deieci.

2015 1472 2129 1508 mus
2157 1455 2208 1508 in
2236 1455 2319 1506 ira
2349 1465 2460 1517 tua,
2488 1460 2540 1506 et
2571 1460 2785 1514 caztera,
2821 1466 2940 1520 qua:
2964 1449 3162 1504 ibidem
3188 1448 3558 1511 declarantur;

2013 1546 2243 1617 populus
2284 1559 2414 1597 vero
2458 1545 2551 1612 qui
2588 1550 2711 1613 post
2737 1542 2886 1595 illum
2926 1556 2954 1593 a
2993 1540 3106 1595 Deo
3148 1554 3244 1608 per
3285 1538 3563 1593 Christum

2013 1634 2431 1691 constituendus
2483 1640 2619 1695 erat,
2668 1630 2940 1700 adjutorio
2982 1629 3245 1683 Altissimi
3300 1626 3562 1695 conlisus,

2018 1730 2073 1783 in
2104 1729 2329 1798 ipsoque
2356 1739 2568 1794 semper
2596 1723 2870 1786 habitans,
2904 1722 3310 1793 perturbatione
3338 1727 3391 1775 et
3411 1734 3563 1775 com.

2017 1822 2255 1875 motione
2285 1833 2489 1872 vacuus
2532 1824 2743 1882 manet;
2784 1825 2964 1885 utpote
2987 1814 3077 1885 qui
3124 1813 3223 1867 sub
3254 1818 3562 1881 tegumento

358 1812 541 1877 λευτος
567 1814 838 1886 διαμένει·
885 1818 959 1883 ὡς
994 1818 1089 1883 ἂν,
1124 1820 1227 1872 ὑπὸ
1254 1818 1349 1891 τὴν
1389 1820 1596 1892 σκέπην
1646 1820 1737 1872 τοῦ
1780 1810 1939 1875 Θεοῦ

2014 1910 2105 1966 Dei
2136 1911 2291 1966 sedes
2325 1910 2536 1973 habeat,
2593 1907 3062 1973 tentationumque
3107 1886 3308 1956 nullam
3342 1915 3559 1954 aversa-

356 1902 720 1975 αύλιζόμενος,
752 1907 938 1960 οὐδένα
967 1926 1027 1961 τε
1069 1908 1176 1962 τῶν
1220 1907 1537 1980 πειρασμῶν
1584 1910 1913 1979 ἐπιστραφή-

357 2009 526 2056 σεται,
557 1994 667 2048 ἀλλ’
690 1997 772 2065 ἐφ’
796 1997 1007 2067 ἑκάστῳ
1036 1998 1245 2069 ἐρεῖτῷ
1272 1998 1457 2068 Κυρίῳ
1474 2016 1487 2027 θ
1524 1998 1913 2068 Ἀντιλήπτωρ
1939 1984 1990 2038 Β
2011 2004 2083 2058 bit

1834 1984 2192 2068 ωρθῢέιικ,
2243 2001 2336 2057 sed
2386 2000 2444 2054 in
2505 1998 2728 2066 singulis
2779 1996 2920 2051 dicet
2976 1994 3202 2047 Domino
3234 2010 3248 2046 :
3286 1991 3560 2060 Susceptor

352 2097 468 2150 μου
498 2081 556 2134 εἴ
608 2083 704 2136 καί
735 2088 1043 2155 καταφυγή
1084 2104 1221 2154 μου,
1269 2090 1302 2140 ό
1351 2087 1492 2151 Θεός
1519 2103 1670 2155 μου,
1721 2087 1908 2141 ἐλπιῶ
2011 2111 2078 2149 nu

1833 2087 1908 2141 ἰὧ
2011 2111 2153 2149 meus
2191 2110 2243 2148 es
2270 2102 2324 2145 tu
2353 2103 2401 2144 et
2436 2090 2691 2160 refugium
2746 2102 2935 2149 meum,
2966 2083 3104 2137 Deus
3143 2099 3308 2145 meus,
3344 2081 3559 2150 sperabo

352 2171 446 2225 ἐπ’
475 2174 676 2227 αὐτόν.
720 2175 864 2239 Ἀντὶ
900 2175 956 2229 δέ
993 2176 1107 2239 τοῦ,
1141 2177 1194 2229 '0
1248 2177 1532 2231 κατοικῶν
1565 2178 1635 2231 ὲν
1658 2178 1909 2246 βοηθείᾳ
1970 2206 1973 2207 ν
2010 2184 2063 2236 in

1832 2180 1909 2246 είςι
1970 2206 1973 2207 ν
2010 2184 2063 2236 in
2113 2198 2250 2235 eum.
2286 2179 2393 2233 Pro
2426 2179 2520 2232 illo
2559 2184 2758 2242 autem,
2806 2174 2908 2240 Qui
2957 2171 3158 2225 habitat
3195 2172 3248 2223 in
3291 2170 3558 2239 adjutorio

353 2263 461 2325 τοῦ
504 2264 801 2334 Ὑψίστου,
823 2267 851 2318 6
898 2266 995 2338 μὲν
1029 2268 1341 2340 Σύμμαχος,
1380 2269 1437 2322 '0
1472 2269 1759 2324 κατοικῶν
1788 2270 1907 2324 ὑπὸ

353 2355 589 2424 σκέπην
618 2355 725 2410 τοῦ
752 2357 1028 2425 Ὑψίστου
1049 2376 1062 2389 ’
1096 2360 1125 2411 6
1151 2359 1208 2412 δὲ
1237 2359 1483 2423 Ἀκύλας,
1508 2361 1601 2413 καὶ
1623 2362 1655 2431 ἠ
1688 2359 1905 2430 πέμπτη

352 2445 590 2511 ἔκδοσις,
630 2446 683 2500 '0
724 2447 1056 2518 καθήμενος
1106 2450 1177 2504 ἐν
1226 2452 1547 2523 ἀποκρύφῳ
1607 2452 1903 2519 Ὑψίστου,

352 2539 711 2605 ἐκδεδωκασι·
748 2544 1097 2613 σημαίνοντος
1145 2544 1238 2597 τοῦ
1284 2544 1440 2613 λόγου
1487 2543 1580 2596 τοῦ
1612 2544 1750 2597 κατὰ
1774 2544 1905 2596 Θεὸν

352 2632 413 2685 ἐν
432 2633 649 2702 Χριστῷ
671 2634 1067 2711 ἀγωνιζομένου
1090 2635 1151 2688 τὸ
1170 2636 1378 2706 ἑδραῖον
1404 2636 1494 2689 καὶ
1517 2636 1781 2706 ἀπτόητον
1807 2636 1907 2707 τῆς

2007 2272 2288 2338 Altissimi,
2327 2269 2706 2340 Symmachus,
2759 2266 2863 2342 Qui
2896 2264 3100 2319 habitat
3142 2261 3235 2317 sub
3266 2271 3557 2332 tegumenta

2006 2362 2306 2423 Altissimi;
2350 2360 2541 2431 Aquila
2590 2375 2715 2413 vero
2758 2366 2811 2413 et
2845 2358 3034 2427 quinta
3059 2353 3245 2416 editio,
3282 2352 3384 2419 Qui
3414 2352 3553 2406 sedet

2006 2454 2059 2506 in
2091 2450 2391 2531 abscondito
2428 2450 2710 2513 Altissimi,
2746 2449 3051 2506 ediderunt.
3074 2445 3191 2512 Quo
3226 2443 3557 2515 signiﬁcatur

2006 2542 2142 2612 ejus,
2195 2542 2285 2612 qui
2332 2540 2632 2597 secundum
2685 2539 2851 2594 Deum
2901 2540 2956 2592 in
2996 2537 3214 2592 Christo
3254 2541 3553 2601 eoncertat,

2006 2634 2232 2687 ﬁrmitas
2285 2640 2339 2687 et
2380 2631 2780 2701 imperterritus
2829 2629 3062 2691 anhnus,
3113 2635 3165 2682 et
3196 2626 3467 2697 quomodo
3500 2625 3555 2680 in

350 2721 623 2787 διανοίας,
662 2723 754 2775 καὶ
787 2724 861 2787 ὡς
914 2726 971 2777 ἐν
1025 2724 1322 2796 ἀποκρύφῳ
1372 2726 1471 2797 τῆς
1518 2724 1678 2777 αὑτοῦ
1728 2725 1906 2795 ψυχῆς
2006 2738 2076 2778 rer

1827 2726 1906 2795 [ἧς
2006 2736 2220 2778 recessu
2254 2723 2444 2776 anima:
2469 2720 2587 2790 ejus
2621 2720 2827 2774 habitet
2858 2718 3150 2785 sedeatque
3195 2716 3410 2783 adjutor
3435 2716 3553 2785 ejus

352 2810 557 2874 ἐνοικος
614 2812 962 2880 ἐγκαθέζεται
992 2817 1083 2868 καὶ
1131 2814 1320 2887 βοηθὸς
1363 2816 1521 2878 αὐτὸς
1562 2819 1589 2869 6
1623 2818 1899 2886 Ὕψιστος.
2003 2814 2078 2867 All

1827 2833 1899 2880 ος.
2003 2813 2339 2869 Altissimus.
2371 2811 2738 2879 Rursumque,
2767 2824 2865 2879 pro
2892 2809 3002 2871 illo,
3032 2805 3099 2859 In
3148 2814 3434 2876 tegumenta
3456 2804 3553 2859 Dei

353 2902 520 2979 Πάλιν
545 2903 600 2957 δέ
632 2905 749 2958 ἀντὶ
781 2905 895 2972 τοῦ,
940 2907 1039 2960 Ἐν
1066 2907 1260 2976 σκέπῃ
1294 2908 1397 2961 τοῦ
1431 2909 1575 2962 Θεοῦ
1608 2909 1711 2961 τοῦ
1733 2911 1904 2975 οὺρα-
2004 2921 2076 2959 co:

1829 2925 1904 2961 >a-
2004 2905 2121 2959 coeti
2140 2903 2568 2968 commorabitur,
2591 2899 2807 2971 Aquila,
2832 2898 2896 2951 In
2930 2906 3213 2967 tegumenta
3237 2896 3388 2964 fortis
3413 2912 3555 2949 com-

351 2984 953 3062 νοῦέαὺλισθήσεται,
1006 2999 1034 3049 6
1090 2998 1185 3067 μὲν
1228 2998 1478 3062 Ἀκύλας,
1554 3000 1649 3052 Ἐν
1710 2999 1902 3068 σκέπῃ
2003 3010 2077 3046 m6

1824 3013 1902 3068 πῃ
2003 2994 2331 3056 morabitur;
2384 2990 2742 3061 Symmachus
2793 2995 2994 3052 autem,
3046 2985 3151 3039 Sub
3184 2985 3366 3068 umbra
3397 2984 3550 3053 fortis

352 3084 560 3138 ἱκανοῦ
580 3086 1039 3153 αὑλισθήσεται·
1131 3089 1187 3141 δὲ
1218 3089 1527 3159 Σύμμαχος,
1567 3088 1699 3142 Ὑπὸ
1724 3064 1905 3142 σκιὰν
1998 3098 2078 3149 per

1828 3064 1905 3142 ἀν
1998 3092 2329 3149 pernoctaus,
2356 3080 2695 3149 interpretati
2720 3087 2865 3132 sunt.
2895 3075 3000 3130 Sed
3024 3076 3137 3131 ha2c
3159 3064 3373 3145 quidem
3397 3075 3550 3145 quasi

351 3173 457 3228 τοῦ
500 3176 707 3231 ἱκανοῦ
744 3179 1137 3245 νυκτερεύων,
1172 3181 1472 3252 εἰρήκασιν.
1534 3178 1689 3232 Ἀλλὰ
1734 3179 1902 3232 ταῦτα
2003 3177 2055 3229 in

1824 3180 1902 3231 ἰτα
2003 3177 2055 3229 in
2091 3175 2368 3245 prommiis
2401 3173 2638 3243 Spiritus
2674 3183 2894 3228 sanctus
2930 3171 3139 3224 locutus
3167 3178 3247 3223 est
3277 3189 3288 3223 ε
3319 3184 3439 3240 qua:
3466 3185 3550 3223 se-

355 3266 453 3338 μὲν
482 3268 561 3332 ὡς
583 3256 641 3322 ἐν
672 3262 973 3341 προοιμίοις
1003 3271 1063 3323 τὸ
1085 3270 1233 3337 ἅγιον
1258 3270 1476 3340 Πνεῦμα
1500 3269 1773 3341 διελὰλησε
1793 3288 1805 3300 ·
1833 3270 1901 3324 τὰ
1934 3331 1968 3341 ,ε
2004 3282 2073 3336 qu

1833 3270 1901 3324 τὰ
1934 3331 1968 3341 ,ἡ
2004 3273 2245 3336 quuntur
2273 3273 2449 3318 autem
2490 3264 2557 3317 ad
2608 3280 2728 3319 eum
2771 3262 2976 3331 dirigit,
3020 3270 3300 3331 totumque
3345 3277 3550 3317 semo-

349 3331 393 3412 δ’
422 3358 544 3429 ἑξῆς
588 3331 735 3431 αύτῷ
784 3331 1241 3433 προσιρωνεῖξκαὶ
1272 3362 1359 3415 τὸν
1403 3331 1581 3423 πάντα
1622 3331 1774 3431 λόγον
1822 3366 1901 3428 είς
1927 3331 1970 3388 C
2002 3331 2075 3412 uel

1823 3366 1901 3428 εὶς
1927 3331 1970 3388 (λ
2002 3331 2120 3412 nem
2145 3356 2209 3410 ad
2240 3355 2359 3426 ejus
2397 3369 2683 3424 personam
2715 3354 2900 3416 refert,
2933 3354 3026 3429 qui
3052 3368 3150 3427 pro
3174 3353 3391 3423 Christo
3420 3367 3549 3407 con-

347 3450 513 3504 αὐτοῦ
548 3452 835 3522 πρόσωπον
872 3453 1231 3520 ἀποτείνεται,
1269 3455 1386 3525 ἢτοι
1429 3454 1523 3508 τοῦ
1566 3454 1642 3526 τῷ
1685 3454 1902 3526 Χριστῷ

350 3541 747 3612 ἀγωνιζομένου
802 3546 894 3597 καὶ
950 3543 1302 3613 νικῶντος,ἧ
1354 3543 1446 3595 καὶ
1494 3542 1586 3595 τοῦ
1627 3530 1762 3596 κατᾶ
1810 3542 1900 3594 τὸν

350 3621 572 3704 Σωτῆρα
600 3636 885 3703 νοουμένου
933 3634 1249 3704 ἀνθρώπου,
1282 3628 1325 3701 ᾧ
1358 3634 1510 3704 δίκην
1549 3635 1777 3705 ὀργάνου
1812 3633 1903 3686 κέ-

349 3740 515 3794 χρητο
544 3725 572 3778 6
607 3723 787 3795 προὼν
824 3724 917 3776 τοῦ
955 3724 1090 3800 Θεοῦ
1120 3725 1286 3793 Λόγος
1308 3743 1320 3756 ·
1365 3726 1458 3778 καὶ
1503 3726 1609 3797 γὰρ
1642 3742 1811 3788 ουτος,
1843 3726 1902 3777 ἐν

350 3812 569 3893 βοηθείᾳ⁵
619 3814 884 3870 κατοικῶν
934 3814 1027 3869 τοῦ
1062 3816 1334 3886 Ὑψίστου,
1384 3817 1487 3875 ύπὸ
1540 3816 1637 3888 τὴν
1694 3816 1900 3888 σκέπην

346 3902 592 3973 ηὐλίζετο
618 3904 710 3957 τοῦ
754 3905 1081 3970 ἐνοικοῦντος
1133 3905 1281 3976 αύτῷ
1333 3905 1464 3960 Θεοῦ
1511 3906 1719 3975 Λόγου,
1777 3906 1898 3964 ἑπι-

348 3994 658 4061 σκιάξοντος
691 3996 837 4066 αύτῷ
867 4000 935 4068 τῇ
966 3994 1133 4053 αὐτοῦ
1162 3996 1394 4067 θεότητι,
1452 3992 1563 4066 εἶχέ
1592 4013 1650 4048 τε
1687 3995 1901 4065 ἀντιλή-

346 4094 523 4157 πτορα
562 4086 656 4139 καὶ
705 4088 1022 4158 καταφυγὴν
1046 4088 1140 4140 καὶ
1168 4087 1403 4149 ’ἐλπίδας
1430 4086 1593 4141 αὐτοῦ
1640 4087 1737 4157 τὴν
1765 4086 1899 4157 πληο

350 4171 545 4243 ροῦσαν
594 4174 754 4229 αὑτὸν
790 4174 882 4227 τοῦ
940 4170 1085 4228 Θεοῦ¹
1103 4175 1275 4244 Λόγου
1320 4174 1562 4246 δύναμιν.
1596 4175 1802 4246 Ὥσπερ
1841 4176 1902 4229 δὲ

347 4260 506 4333 σῶμα
545 4262 779 4334 Χριστοῦ
813 4265 872 4317 τὸ
905 4264 1237 4336 ἀνθρώπειον
1283 4264 1445 4319 αὐτοῦ
1474 4265 1701 4337 δργανον
1734 4269 1906 4337 ἐχρηε

348 4355 592 4426 μάτισεν,
612 4354 751 4408 οὕτω
771 4356 863 4408 καὶ
889 4357 917 4407 6
946 4357 1073 4420 λαὸς
1091 4356 1252 4410 αὐτοῦ
1281 4356 1516 4429 Χριστοῦ
1550 4357 1703 4428 σῶμα
1733 4375 1899 4429 προσ-

347 4445 632 4517 ηγόρευται
667 4447 770 4498 ὑπὸ
789 4446 880 4500 τοῦ
918 4447 1059 4519 ιεροῦ
1077 4447 1391 4501 ’Δποστόλου
1416 4448 1683 4517 λέγοντος·
1718 4449 1903 4519 Ὑμεῖς

345 4532 413 4588 δέ
432 4534 570 4589 ἐστε
603 4535 770 4605 σῶμα
797 4536 1070 4605 Χριστοῦ,
1106 4537 1201 4590 καὶ
1228 4536 1382 4606 μέλη
1409 4537 1475 4590 ἐκ
1495 4537 1736 4605 μέρους.

2000 3455 2171 3503 eertat
2200 3463 2262 3501 ac
2300 3452 2555 3516 superat;
2608 3444 2721 3498 sive
2758 3444 2916 3497 etiam
2960 3443 3026 3497 ad
3056 3443 3328 3497 hominem
3361 3444 3452 3513 qui
3493 3444 3548 3498 in

2002 3538 2282 3599 Salvatore
2334 3552 2454 3591 esse
2500 3534 2841 3605 intelligitur,
2900 3548 3008 3604 quo
3051 3549 3149 3589 ceu
3191 3534 3548 3589 instrumento

1999 3646 2156 3685 usum
2195 3636 2283 3683 est
2302 3627 2393 3682 Dei
2425 3625 2659 3681 Verbum
2694 3628 2838 3697 quod
2885 3610 3306 3699 prasexsistebat.
3340 3624 3549 3680 Etenim

2000 3721 2088 3774 ile
2118 3719 2171 3773 in
2200 3716 2472 3788 adjutorio
2504 3716 2767 3773 Altissimi
2796 3717 3068 3781 habitans,
3114 3718 3213 3771 sub
3243 3724 3550 3786 legumento

2000 3809 2354 3865 inhabitantis
2402 3808 2457 3860 in
2506 3823 2564 3862 se
2606 3807 2698 3861 Dei
2739 3806 2901 3862 Verbi
2951 3808 3404 3871 commorabatur,
3457 3805 3581 3874 qui

1998 3901 2195 3956 deitate
2227 3913 2324 3951 sua
2364 3899 2541 3966 ipsum
2583 3898 2951 3964 inumbrabat;
2984 3907 3141 3966 atque
3170 3898 3215 3950 is
3246 3897 3301 3949 in
3347 3911 3537 3951 susce-

2000 4001 2226 4064 plorem,
2249 3987 2525 4058 refugium
2554 3995 2608 4041 et
2631 4003 2778 4057 spem
2809 3990 3040 4042 habebat
3071 3990 3242 4058 ipsam
3270 3986 3362 4042 Dei
3384 3986 3548 4044 Verbi

1997 4084 2270 4145 virtutem,
2326 4095 2434 4150 qua
2492 4078 2819 4147 replebatur.
2866 4078 3326 4149 Quemadmodum
3370 4087 3549 4135 autem

1997 4165 2427 4240 Christi’corpus
2462 4169 2756 4223 humanum
2788 4169 2934 4225 illius
2960 4170 3374 4239 instrumentum
3402 4178 3546 4238 erat;

1998 4262 2078 4316 sic
2100 4269 2154 4316 et
2182 4261 2412 4331 populus
2445 4259 2584 4329 ejus,
2612 4258 2816 4315 Christi
2862 4274 3064 4329 corpus
3112 4274 3141 4312 a
3185 4268 3374 4315 sancto
3402 4260 3546 4330 Apo-

1997 4353 2136 4407 stolo
2185 4359 2408 4405 vocatur
2455 4351 2541 4405 his
2574 4351 2793 4406 verbis:
2833 4349 2933 4405 Vos
2973 4360 3143 4404 autem
3192 4352 3315 4402 estis
3362 4366 3546 4417 corpus

1999 4443 2216 4507 Christi,
2250 4452 2299 4496 et
2320 4440 2560 4505 membra
2590 4456 2654 4495 ex
2678 4449 2826 4510 parte
2848 4440 2913 4493 ⁸³.

416 4648 655 4721 Εἰκότως
690 4651 973 4720 τοιγαροῦν
999 4650 1070 4705 τὰ
1099 4652 1157 4713 ἐν
1192 4655 1303 4715 τοῖς
1340 4650 1713 4722 προκειμένοις
1741 4651 1895 4719 λεγό-
1928 4657 1971 4712 D
2068 4647 2142 4703 Mc

1817 4652 1895 4719 r6—
1928 4657 1971 4712 1)
2068 4647 2259 4703 Merito
2290 4648 2455 4717 igitur
2486 4660 2606 4716 quae
2656 4645 2743 4699 hic
2772 4646 2930 4715 quasi
2978 4643 3043 4698 de
3075 4656 3303 4713 corpore
3341 4639 3543 4697 Christi

351 4754 487 4815 μενα
515 4738 589 4800 ὡς
622 4740 749 4809 περ)⁵
792 4740 883 4793 τοῦ
938 4735 1184 4815 σώματος
1215 4742 1447 4814 Χριστοῦ
1489 4743 1788 4814 ὰναφέροιτ’
1830 4743 1903 4803 ἂν,

349 4826 441 4878 καὶ
472 4827 550 4889 εἰς
580 4826 641 4879 τὸ
687 4828 1018 4899 ἀνθρώπειον
1053 4833 1147 4885 τοῦ
1189 4835 1435 4906 Σωτῆρος
1476 4833 1649 4905 ἡμῶν,
1679 4834 1769 4886 καὶ
1816 4836 1900 4900 εἰς,

346 4916 436 4969 τὸν
480 4916 540 4969 ἐν
590 4916 739 4987 αύτῷ
778 4918 1165 4989 τελειούμενον.
1206 4917 1305 4976 Ὧν
1335 4924 1508 4988 οὕτως
1558 4924 1899 4995 εἰρημένων,

348 5006 472 5078 ἑξῆς
501 5010 529 5061 6
555 5008 706 5077 λόγος
732 5007 1055 5085 διεξέρχεται
1081 5013 1179 5066 ὅσα
1212 5014 1361 5089 παρὰ
1391 5016 1482 5069 τοῦ
1511 5013 1642 5070 Θεόῦ
1669 5017 1896 5089 ὑπάρξει

347 5100 425 5173 τῷ
474 5104 811 5158 κατοικοῦντι
842 5107 897 5160 ἐν
943 5104 1159 5177 βοηθείᾳ
1199 5086 1581 5178 τοῦιΎψίστου
1611 5112 1701 5164 καὶ
1751 5086 1898 5165 αύλι-

349 5189 557 5263 ζομένῳ
590 5194 694 5248 ὑπὸ
740 5196 837 5267 τὴν
879 5198 1084 5267 σκέπην
1129 5197 1409 5262 τοῦΘεοῦ,
1464 5200 1669 5269 λέγοντί
1722 5221 1782 5256 τε
1822 5204 1897 5274 τῷ

349 5282 565 5355 Κυρίῳ⁸
611 5286 993 5357 Ἀντιλήπτωρ
1034 5307 1151 5358 μου
1180 5286 1239 5343 εἴ
1277 5289 1374 5342 καὶ
1412 5295 1717 5362 καταφυγή
1754 5313 1892 5364 μου.

349 5377 385 5429 ὁ
413 5376 554 5440 Θεός
571 5393 713 5444 μου,
734 5380 831 5433 καὶ
861 5379 1042 5435 ἐλπιῶ
1069 5382 1161 5434 ἐπ’
1189 5381 1389 5434 αὐτόν.
1421 5382 1553 5436 Τίνα
1584 5384 1643 5437 δέ
1676 5387 1789 5438 ἐστι
1826 5385 1895 5439 τὰ

351 5464 479 5536 περὶ
503 5464 663 5521 αὑτὸν
700 5469 1049 5539 γενησόμενα,
1080 5470 1360 5539 καταλέγει
1402 5470 1488 5523 διὰ
1537 5472 1643 5525 τῶν
1694 5475 1894 5544 ἑπομέ-

350 5572 454 5609 νων
473 5572 486 5585 ·
506 5556 632 5609 Ὅτι
655 5558 836 5625 αὐτὸς
851 5562 1100 5628 ῥύσεταί
1118 5582 1194 5634 με
1211 5566 1279 5619 ἐκ
1302 5564 1548 5633 παγίδος
1576 5566 1889 5633 θηρευτῶν,

351 5642 467 5697 ἀπὸ
518 5648 702 5715 ,πόνου
748 5649 1140 5719 ταραχώδους.
1199 5656 1293 5707 Ἑν
1338 5654 1459 5721 τοῖς
1506 5657 1893 5724 μεταφρένοις

350 5736 532 5796 αὑτοῦ
581 5738 913 5799 ἐπισκιάσει
953 5760 1081 5811 σοι,
1136 5746 1231 5801 καὶ
1280 5746 1395 5802 ὑπὸ
1449 5746 1552 5813 τὰς
1606 5746 1895 5819 πτέρυγας

426 5887 468 5921 ⁸³
506 5888 527 5946 ι
561 5892 684 5948 Cor.
723 5910 836 5978 xu,
872 5898 962 5953 2?.

2000 4742 2275 4804 dicuntur,
2307 4740 2464 4795 etiam
2506 4739 2573 4793 ad
2612 4737 2997 4791 humanitatem
3044 4732 3337 4788 Salvatoris
3372 4733 3559 4788 nostri

1999 4833 2321 4895 referantur,
2352 4839 2511 4900 atque
2544 4829 2611 4884 ad
2638 4844 2763 4883 eum
2788 4827 2883 4897 qui
2912 4828 2965 4881 in
2992 4826 3109 4897 ipso
3137 4832 3542 4881 consummatus

1998 4934 2099 4982 est.
2143 4926 2275 4990 Qua:
2321 4938 2444 4977 cum
2493 4922 2594 4995 hac
2644 4921 2856 4975 ratione
2907 4919 3052 4973 dicta
3103 4919 3232 4983 sint,
3282 4918 3541 4987 deinceps

1999 5022 2303 5077 enarratur,
2339 5020 2539 5083 quanta
2580 5027 2610 5065 a
2642 5011 2752 5068 Deo
2788 5009 3113 5065 conferenda
3146 5010 3254 5064 sint
3294 5008 3347 5059 in
3393 5021 3538 5069 eum,

1996 5109 2087 5182 qui
2110 5104 2314 5161 habitat
2344 5106 2397 5159 in
2426 5104 2698 5174 adjutorio
2720 5102 3006 5163 Altissimi,
3030 5108 3083 5154 et
3110 5101 3210 5154 sub
3234 5101 3542 5165 tegumento

2000 5198 2089 5254 Dei
2124 5206 2514 5262 commoratur,
2548 5210 2611 5248 ac
2653 5193 2785 5248 dicit
2816 5193 3061 5257 Domino,
3094 5190 3369 5254 Susceptor
3397 5201 3540 5239 meus

1994 5307 2071 5353 es,
2100 5297 2148 5342 et
2171 5287 2425 5357 refugium
2457 5302 2646 5350 meum,
2686 5283 2825 5338 Deus
2854 5276 3022 5345 ‘meus,
3058 5276 3273 5344 sperabo
3309 5278 3365 5329 in
3398 5292 3535 5329 eum.

1974 5364 2251 5447 Quaenam
2284 5390 2459 5434 autem
2496 5364 2576 5433 illi
2608 5375 2934 5435 conferenda
2963 5374 3071 5428 sint
3101 5371 3152 5421 in
3188 5366 3538 5439 sequentibus

1995 5478 2182 5525 narrat
2208 5489 2221 5524 :
2248 5499 2316 5508 —
2336 5469 2501 5525 Vsus.
2536 5468 2651 5524 3-9.
2681 5466 2937 5532 Quoniam
2970 5463 3076 5530 ipse
3104 5458 3342 5513 liberabit
3373 5472 3451 5510 me
3475 5454 3539 5510 de

2000 5562 2178 5630 laqueo
2210 5562 2521 5625 venantium,
2553 5569 2602 5613 et
2649 5577 2682 5612 α
2720 5558 2866 5612 uerbo
2900 5552 3212 5607 turbulento.
3250 5548 3314 5601 In
3351 5563 3540 5615 scapu-

2000 5653 2065 5711 tis
2099 5653 2205 5704 suis
2244 5651 2569 5716 obumblrabit
2600 5650 2715 5710 tibi,
2738 5660 2785 5703 et
2808 5646 2899 5701 sub
2936 5643 3113 5712 pennis
3140 5640 3251 5709 ejus
3282 5639 3550 5709 sperabis,

2002 5750 2160 5805 Scuto
2191 5730 2530 5802 circumdabit
2564 5754 2609 5798 te
2639 5744 2825 5812 veritas
2857 5740 2989 5808 ejus,
3034 5750 3135 5789 non
3163 5731 3359 5786 timebis
3399 5748 3431 5783 α
3470 5733 3540 5785 ti.
