4372 6412
875 492 1011 571 ius

1543 507 1805 561 EUSEBII
1842 505 2305 564 CESARIENBIB
2342 506 2486 563 OPP.
2531 506 2705 566 PARS
2740 505 2805 561 Ill
2828 534 2899 548 --
2921 501 3318 559 EXEGETICA.

3869 504 4001 553 ΜΗ

874 635 1017 678 more
1043 628 1305 681 nocturno,
1343 635 1373 668 a
1420 618 1615 687 sagitta
1653 618 1853 675 volante
1891 618 1945 669 in
1983 617 2085 681 die,
2126 634 2159 671 a
2187 619 2384 687 negotio
2410 634 2457 691 Δ
2483 619 2600 672 αὐτη

2276 619 2384 671 ὀιίο
2410 634 2457 691 Δ
2483 616 2668 672 αὐτοῦ
2710 616 2947 681 tamen.
2995 614 3189 679 Ὀπλῳ
3230 609 3519 665 κυκλώσει
3562 611 3636 662 ’σε
3686 610 3723 682 ἠ
3762 609 4002 676 ἀλήθεια

873 708 1254 775 perambulante
1281 709 1335 758 in
1360 707 1599 770 tenebris,
1631 723 1661 761 a
1689 708 1840 760 ruina
1875 716 1923 760 et
1952 707 2203 769 damonio
2233 710 2384 762 meri-

2484 705 2687 768 αῠτοῦ,
2714 708 2783 759 οὐ
2802 704 3105 772 φοϐηθήσῃ
3139 702 3254 755 ἀπὸ
3297 700 3478 768 φόϐου
3508 697 3865 763 νυκτερινοῦ,
3888 697 4004 751 ἀπὸ

872 795 1048 848 diana.
1078 796 1267 848 Cadent
1314 813 1343 847 ιι
1374 797 1531 850 latere
1568 804 1653 849 tuo
1692 797 1851 861 mille,
1890 807 1939 851 et
1965 799 2133 855 decem
2156 800 2322 852 millia
2355 817 2387 852 a
2478 794 2597 859 ,θέλ

2280 801 2322 851 ia
2355 817 2387 852 a
2478 785 2723 859 ,βέλους¹
2750 792 3066 861 πετομένου
3116 788 3333 858 ἡμέρας
3354 827 3369 851 ,
3409 786 3522 842 ἀπὸ
3573 784 3900 856 πράγματος
3938 787 4006 838 ἐν

872 884 1065 938 dextris
1110 880 1231 946 tuis,
1266 885 1331 936 uti
1378 894 1426 939 te
1472 896 1636 939 autem
1675 904 1774 939 non
1803 889 2242 958 appropinquabit.
2288 888 2384 942 Ve-

872 984 1158 1029 rumtamen
1190 972 1351 1025 oculis
1400 974 1505 1028 tuis
1531 956 1895 1039 considerabis,
1927 986 1973 1029 et
2007 956 2387 1038 retributionem

869 1071 1189 1131 peccatorum
1223 1060 1430 1115 videbis.
1464 1050 1718 1129 Quoniam
1752 1073 1805 1119 tu
1857 1080 1963 1132 spes
1998 1082 2135 1130 mea,
2178 1066 2384 1118 Altissi-

870 1169 1009 1204 mum
1026 1152 1252 1219 posuisti
1282 1152 1531 1221 refugium
1572 1140 1733 1211 tuum;
1768 1154 1998 1209 lnsultus
2045 1154 2300 1225 plurimos
2336 1154 2389 1209 in

868 1252 991 1292 eum
1026 1238 1139 1291 fore
1177 1242 1513 1307 praenuntiat,
1546 1242 1637 1309 qui
1676 1242 1739 1294 in“
1778 1242 2023 1297 vaticinio
2060 1234 2387 1303 enuntiatur.

870 1326 968 1381 Hic
1001 1340 1121 1381 vero
1152 1342 1400 1395 perrarus
1433 1338 1548 1383 erat
1574 1336 1627 1383 et
1667 1328 1940 1393 mirabilis,
1982 1330 2038 1395 in
2080 1331 2391 1386 abscondito

868 1416 1123 1481 Altissimi
1164 1417 1375 1481 sedens,
1429 1418 1529 1471 sub
1561 1418 1745 1471 umbra
1775 1418 1923 1473 fortis
1966 1435 2303 1476 commorans
2338 1430 2391 1475 et

872 1504 1096 1558 Domino
1144 1508 1344 1571 dicens,
1390 1508 1664 1579 Susceptor
1693 1525 1830 1562 meus
1862 1526 1913 1564 es
1942 1520 1997 1563 tu
2041 1520 2090 1564 et
2137 1512 2391 1581 refugium

871 1612 1054 1662 meum,
1078 1596 1213 1651 Deus
1235 1614 1394 1659 meus,
1422 1606 1469 1650 et
1489 1599 1699 1665 sperabo
1726 1600 1779 1651 in
1804 1616 1939 1675 eum;
1962 1601 2073 1655 sive
2101 1603 2390 1657 secundum

872 1686 1137 1753 Aquilam,
1168 1686 1304 1743 Deus
1335 1704 1505 1749 meus,
1538 1686 1790 1756 conﬁdam
1829 1690 1881 1742 in
1914 1690 2045 1752 illo;
2080 1699 2169 1744 aut
2198 1705 2390 1745 secun-

869 1772 994 1826 dum
1039 1772 1433 1844 Symmachum,
1468 1774 1604 1835 Deus
1631 1792 1797 1838 meus,
1841 1785 1889 1829 et
1934 1776 2117 1837 bonam
2148 1778 2393 1845 ﬁduciam

871 1863 1061 1919 habebo
1098 1865 1163 1917 in
1212 1864 1321 1919 illo.
1362 1862 1628 1923 Adversus
1668 1880 1788 1919 eum
1829 1866 2008 1933 igitur,
2053 1868 2144 1936 qui
2182 1862 2245 1919 οἱ)
2290 1880 2395 1935 quo

870 1948 1071 2002 dictum
1100 1955 1180 2002 est
1208 1948 1363 2001 modo
1388 1948 1441 2002 in
1470 1946 1562 2001 Dei
1594 1950 1789 2002 auxilio
1816 1952 2078 2019 repositus
2104 1959 2237 2015 erat,
2264 1952 2395 2008 insi-

870 2038 971 2090 dia:
998 2038 1234 2106 quaedam
1253 2046 1306 2093 et
1331 2039 1725 2109 coniurationes
1762 2048 2132 2109 sexcentarum
2162 2042 2391 2097 hostium

872 2128 1309 2189 insurrexerunt:
1337 2144 1453 2197 qum
1492 2131 1695 2186 scilicet
1725 2131 1896 2201 laquei
1916 2132 2243 2195 venantium,
2280 2147 2396 2187 ser-

869 2228 1054 2271 atones
1084 2216 1367 2271 turbulenti
1386 2258 1400 2283 ,
1452 2218 1614 2272 timor
1643 2228 1956 2281 nocturnus,
1990 2223 2179 2291 sagitta
2210 2224 2394 2283 volans

871 2308 925 2354 in
976 2301 1084 2365 die,
1116 2306 1385 2373 negotium
1440 2306 1813 2374 perambulans
1876 2308 1929 2360 in
1962 2310 2195 2365 tenebris
2236 2312 2392 2365 ruina

870 2390 1117 2450 damonii
1143 2392 1420 2451 meridiani
1442 2400 1639 2447 vocata:
1655 2401 1778 2448 sunt
1806 2414 1816 2447 :
1840 2395 1905 2448 ad
1928 2396 2039 2450 haec
2066 2413 2211 2463 vero,
2231 2401 2394 2453 millia

868 2490 923 2535 et
971 2475 1152 2536 decem
1199 2477 1395 2544 millia;
1449 2478 1517 2531 ita
1566 2489 1624 2533 ut
1664 2481 1825 2536 millia
1870 2483 2169 2549 sinistram;
2212 2486 2395 2540 decem

870 2576 998 2617 vero
1046 2556 1209 2617 millia
1256 2563 1523 2620 dexteram
1557 2568 1673 2635 ejus
1719 2577 2061 2638 occuparunt.
2106 2570 2237 2625 Nam
2280 2572 2395 2627 inec

872 2651 1074 2707 dextris
1120 2655 1381 2722 partibus,
1412 2642 1593 2726 utpote
1624 2658 1944 2715 ﬁrmioribus
1981 2669 2033 2716 et
2063 2654 2391 2730 fortioribus,

871 2742 1277 2800 insidiabantur.
1322 2746 1410 2799 Ait
1448 2761 1569 2801 vero
1597 2748 1803 2803 nullum
1841 2751 2028 2805 horum
2070 2767 2191 2805 eum
2221 2753 2312 2823 qui
2338 2754 2393 2808 in

870 2832 1122 2886 vaticinio
1156 2832 1325 2889 fertur
1373 2834 1628 2905 attingere
1676 2853 1851 2908 posse.
1900 2838 2160 2895 Praeterea
2200 2841 2395 2895 dicitur

869 2934 991 2976 eum
1022 2920 1352 2975 incessurum
1382 2938 1499 2980 esse
1520 2940 1635 2987 non
1672 2928 1831 2982 modo
1859 2943 2020 2998 supra
2050 2937 2321 3000 serpentes
2343 2940 2395 2986 et

872 3013 1202 3082 scorpiones,
1246 3029 1369 3069 nam
1399 3016 1511 3070 hinc
1538 3017 1745 3071 modica
1772 3029 1961 3085 erant;
1990 3022 2079 3076 sed
2120 3038 2277 3094 super
2304 3039 2392 3079 as-

871 3101 1043 3173 pidem
1070 3112 1123 3157 et
1144 3102 1471 3170 basiliscum,
1512 3112 1564 3163 et
1591 3107 2021 3163 conculcaturum
2040 3120 2165 3167 esse
2186 3098 2392 3166 leonem

872 3194 927 3244 et
954 3187 1236 3245 draconem
1263 3204 1276 3239 :
1311 3205 1428 3259 quae
1453 3207 1579 3248 sane
1607 3194 1746 3249 inter
1768 3194 1911 3252 feras
1927 3206 1980 3251 et
2011 3198 2215 3266 reptilia
2242 3199 2391 3267 prin-

871 3276 1043 3343 cipem
1083 3277 1323 3336 obtinent
1354 3280 1551 3337 locum.
1581 3282 1840 3340 Existimo
1877 3294 2052 3341 autem
2080 3287 2164 3341 bis
2194 3288 2393 3358 princi-

872 3382 966 3439 pes
1010 3368 1169 3437 hujus
1215 3372 1393 3426 smculi
1437 3373 1746 3443 signiﬁcari,
1786 3390 1992 3430 necnon
2022 3375 2316 3431 invisibiles
2340 3384 2395 3431 et

2485 883 2683 937 σκότει
2737 877 3251 947 διαπορευομένου,
3302 876 3416 936 ἀπὸ
3453 872 3872 944 συμπτώματος
3912 875 4007 929 καί

2484 970 2784 1038 δαιμονίου
2805 966 3216 1037 μεσημϐρινοῦ.
3254 963 3519 1019 Πεσεῖται
3537 963 3605 1017 ἐκ
3635 962 3737 1015 τοῦ
3769 963 4007 1027 κλίτους

2488 1056 2619 1119 σου
2636 1058 2844 1125 χιλιὰς,
2879 1059 2973 1110 καὶ
3003 1056 3210 1124 μυριὰς
3238 1055 3305 1107 ἐκ
3335 1053 3544 1117 δεξιῶν
3569 1068 3711 1119 σου,
3748 1052 3895 1119 πρὸς
3933 1052 4008 1107 σὲ

2489 1148 2556 1200 δὲ
2589 1150 2697 1206 οὐκ
2741 1146 2933 1215 ὲτγιεῒ.
2968 1145 3136 1211 Πλὴν
3172 1144 3291 1210 τοῖς
3321 1144 3637 1213 ὀφθαλμοῖς
3676 1159 3788 1198 σου
3834 1159 4007 1195 κατα-

2489 1236 2744 1300 νοήσεις,
2770 1234 2866 1289 καὶ
2890 1232 3285 1287 ἀνταπόδοσιν
3320 1232 3673 1301 ἁμαρτωλῶν
3700 1233 3850 1301 ὄψει.
3894 1234 4007 1287 Ὀτι

2490 1326 2569 1385 σὺ
2602 1327 2638 1393 ή
2669 1325 2839 1390 ἐλπίς
2874 1341 3011 1391 μου,
3037 1322 3139 1377 τὸν
3173 1323 3452 1390 Ὕψιστον
3489 1324 3626 1379 ἐθου
3669 1321 4008 1399 καταφυγήν

2489 1432 2621 1467 σου.
2659 1413 2857 1475 Πολλὰς
2884 1412 3269 1475 ἐπαναστάσεις
3295 1413 3323 1463 6
3354 1412 3505 1480 λόγος
3542 1411 3893 1483 προαγορεύει
3922 1428 4009 1479 γε-

2489 1504 2737 1573 νήσεσθαι
2768 1502 2843 1571 τῷ
2883 1503 3349 1573 προφητευομένῳ.
3392 1499 3552 1564 Οὗτος
3594 1502 3650 1554 δὲ
3684 1498 3751 1571 ἦν
3796 1502 4010 1567 σπάνιός

2490 1610 2570 1655 τις
2614 1594 2704 1646 καὶ
2744 1592 3064 1663 θαυμαστὸς,
3105 1594 3159 1645 tv
3190 1592 3483 1662 ἀποκρύφῳ
3506 1591 3598 1644 τοῦ
3635 1592 3882 1661 Ὑψίστου
3914 1610 4012 1647 καν-

2492 1682 2751 1751 θήμενος,
2788 1683 2891 1736 ύπὺ
2932 1683 3027 1753 τὴν
3071 1684 3224 1737 σκιὰν
3276 1680 3367 1734 τοῦ
3416 1682 3595 1735 ἱκανοῦ
3640 1682 4009 1753 αὐλιζόμενος,

2494 1772 2584 1825 καὶ
2610 1771 2777 1839 λέγων
2806 1770 2881 1841 τῷ
2915 1772 3127 1843 Κυρίῳ’
3167 1771 3549 1838 Ἀντιλήπτωρ
3564 1788 3680 1839 μσυ
3716 1772 3811 1825 καὶ
3839 1790 4011 1827 κατα-

2492 1860 2646 1929 φυγή
2685 1878 2820 1928 μου,
2870 1863 2901 1912 ὀ
2938 1864 3077 1926 Θεός
3101 1881 3235 1929 μου,
3271 1861 3366 1916 καὶ
3398 1859 3579 1914 ἐλπιῶ
3624 1862 3714 1913 ἐπ’
3742 1862 3949 1915 αὐτόν·
3979 1862 4010 1931 ἢ

2491 1950 2628 2004 κατὰ
2663 1952 2749 2002 τὸν
2786 1952 3027 2015 Ἀκύλαν,
3046 1955 3104 2004 'U
3135 1954 3272 2017 Θεός
3298 1970 3431 2019 μου.
3457 1950 3792 2018 πεποιθήσω
3822 1951 3889 2002 ἐν
3909 1954 4011 2005 αὐ-

2492 2041 2597 2105 τῲυ
2629 2041 2681 2109 ἢ,
2712 2044 2772 2094 '0
2804 2044 2942 2108 Θεός
2958 2059 3095 2110 μου,
3121 2042 3214 2094 καὶ
3231 2041 3577 2109 εὐθαρσήσω
3597 2043 3668 2094 ἐν
3690 2041 4017 2105 αὐτῷ.κατά

2492 2129 2580 2181 τὸν
2633 2129 2936 2200 Σύμμαχον.
2991 2130 3171 2200 Τούτῳ
3212 2131 3274 2200 δὴ
3330 2127 3419 2183 οὖν
3453 2131 3528 2199 τῷ
3568 2131 3673 2184 τῶν
3719 2120 4017 2201 είρημένων

2490 2218 2670 2287 τρόπῳ
2714 2220 3042 2289 ἀνακειμένῳ
3090 2222 3156 2290 τῇ
3200 2220 3291 2274 τοῦ
3325 2219 3456 2273 Θεοῦ
3490 2218 3704 2290 βοηθείᾳ
3744 2220 4016 2274 ὲπιϐουλαί

2491 2323 2630 2368 τινες
2651 2308 2741 2357 καὶ
2768 2309 3020 2359 συσκευαὶ
3048 2309 3251 2377 μυρίων
3271 2309 3385 2360 κατ’
3403 2308 3563 2361 αὐτοῦ
3585 2309 4016 2377 στρατευομένων

2492 2390 2853 2464 ἐπανέστησαν
2871 2412 2883 2424 ·
2916 2395 3134 2463 παγίδες
3150 2394 3281 2463 πούν
3307 2395 3575 2465 θηρευτῶν
3608 2394 4010 2464 ὠνομάσθησαν,

2492 2485 2582 2536 καὶ
2633 2484 2771 2551 λόγοι
2819 2484 3177 2554 ταραχώδεις,
3212 2485 3303 2538 καὶ
3344 2485 3501 2551 φόϐος
3546 2485 3881 2555 νυκτερινὸς,
3924 2485 4015 2536 καὶ

2494 2574 2639 2643 βέλος
2670 2576 2954 2645 πετόμενον
2978 2564 3203 2645 ἡμέρας,
3229 2577 3320 2628 καὶ
3354 2578 3578 2646 πρᾶγμα
3609 2577 3663 2628 tv
3689 2577 3865 2629 σκότει
3899 2575 4012 2627 δια-

2490 2646 2861 2734 πορευόμενον,
2893 2665 2984 2718 καὶ
3008 2663 3309 2734 σύμπτωμα
3330 2665 3596 2735 δαιμονίου
3622 2663 3981 2735 μσημσρινοῦ
3997 2680 4009 2689 ·

2492 2754 2582 2807 καὶ
2614 2755 2748 2825 πρὸς
2783 2756 2985 2816 τούτοις
3011 2755 3178 2808 ἅπασι
3229 2752 3455 2824 χιλιάδες
3497 2756 3588 2808 καὶ
3638 2754 3922 2825 μυριάδεςο
3958 2753 4013 2810 αἱ

2495 2841 2590 2911 μὲν
2616 2841 2843 2913 χιλιάδες
2867 2841 2934 2894 τὰ
2956 2843 3209 2914 ἀριστερὰ
3232 2842 3391 2897 αὐτοῦ
3435 2842 3917 2913 ἀπολαμϐάνουσαι,
3958 2842 4015 2895 αἱ

2491 2932 2545 2984 δὲ
2576 2932 2642 2986 τὰ
2669 2930 2812 2995 δεξιὰ
2847 2934 3115 3003 μυριάδες.
3159 2934 3322 2988 Λύταὶ
3361 2932 3467 3003 γὰρ
3493 2935 3602 2994 τοῖς
3631 2931 3817 2997 δεξιοῖς
3847 2930 3919 2994 ὡς
3952 2931 4017 2984 ἂν

2493 3022 2887 3093 κραταιοτέροις
2909 3024 2999 3075 καὶ
3026 3022 3380 3093 ἰσχυροτέροις
3412 3022 3625 3091 μέρεσιν
3653 3020 4011 3075 ἐπεϐούλευον.

2492 3111 2699 3166 Τούτων
2729 3112 2785 3165 δὲ
2817 3113 3027 3166 πάντων
3049 3113 3195 3165 οὐδὲν
3221 3111 3546 3182 προσψαύειν
3570 3109 3644 3181 τῷ
3671 3111 3797 3180 περ)⁸
3811 3105 3869 3162 οὗ
3900 3112 4020 3165 ὁλό-

2492 3220 2583 3271 γος
2611 3204 2953 3274 προφητεύει.
2992 3204 3108 3257 Ἔτι
3146 3203 3199 3254 δὲ
3257 3200 3616 3273 πρὸςτούτοις
3676 3199 4017 3273 ἐπιϐήσεσθαι

2489 3293 2717 3361 λέγεται,
2769 3292 2841 3361 (l)
2877 3293 2955 3345 ὅτι
3002 3294 3091 3345 καὶ
3144 3291 3323 3363 ἐπάνω
3364 3292 3535 3359 ὄφεων
3600 3291 3690 3343 καὶ
3720 3291 4013 3359 σκορπίων

2499 3380 2666 3451 μικρά
2690 3382 2795 3451 γὰρ
2820 3376 2885 3450 ἦν
2902 3368 3099 3432 ταῦτα·
3126 3379 3236 3431 ἀλλ’
3266 3379 3348 3430 ἐπ’
3362 3378 3557 3431 ἀσπίδα
3574 3379 3665 3431 καὶ
3699 3376 4016 3445 βασιλίσκον,

876 3459 1154 3524 primarius
1177 3468 1482 3527 potestates.
1515 3460 1887 3526 Verumtamen
1915 3465 2005 3534 qui
2036 3465 2089 3518 in
2119 3465 2394 3535 pr0phetia
2493 3485 2602 3521 κατι

2293 3466 2394 3519 etia
2493 3470 2883 3539 καταπατήσειν
2909 3485 2967 3520 τε
2991 3467 3175 3519 λέοντα
3214 3467 3305 3519 καὶ
3343 3466 3601 3535 δράκοντα
3621 3482 3634 3494 ·
3670 3464 3783 3534 ἆδὴ
3817 3464 4019 3532 βασιλι-

875 3546 1041 3603 fertur
1065 3562 1249 3603 omnes
1277 3550 1434 3605 simul
1452 3552 1859 3607 conculcaturus
1880 3568 1997 3610 esse
2024 3553 2232 3607 dicitur.
2264 3551 2395 3607 Nam
2493 3555 2601 3608 κώτ

2293 3552 2395 3607 iam
2493 3555 2706 3611 κώτατα
2742 3556 2832 3607 καὶ
2858 3552 3195 3625 άρχικώτατα
3219 3552 3323 3604 τῶν
3351 3552 3408 3604 tv
3434 3549 3637 3622 θηρίοις
3661 3552 3751 3602 καὶ
3780 3553 4019 3620 ἑρπετοῖς

876 3652 1025 3703 super
1072 3637 1319 3706 aspidem,
1354 3639 1543 3708 inquit,
1574 3648 1622 3692 et
1660 3639 1957 3697 basiliscum
2015 3641 2321 3706 ambulabis,
2346 3650 2396 3696 et
2491 3658 2602 3710 mm

2293 3659 2321 3706 ι,
2346 3650 2396 3696 et
2491 3641 2760 3710 τυγχάνει.
2788 3636 2947 3709 Οἶμαι
2982 3638 3107 3708 γοῦν
3143 3639 3229 3692 διὰ
3255 3638 3451 3703 τούτων
3486 3640 3607 3699 τοὺς
3645 3637 3903 3709 ἄρχοντας
3930 3636 4019 3690 τοῦ

876 3726 1193 3780 conculcabis
1219 3728 1410 3787 leonem
1434 3737 1481 3784 et
1512 3726 1802 3788 draconem.
2496 3731 2602 3783 αἰῶ·

2496 3731 2683 3793 αἰῶνος
2728 3730 2913 3783 τούτου
2954 3728 3337 3798 σημαίνεσθαι,
3370 3728 3585 3792 καὶτὰς
3634 3729 3889 3799 άοράτους
3932 3726 4022 3779 καὶ

876 3816 1187 3885 άρχθντικὰς
1214 3817 1478 3891 δυνάμεις.
1504 3819 1646 3891 Πλὴν
1682 3820 1825 3889 ὅμως
1868 3822 1897 3872 6
1940 3822 2396 3893 προφητεύομενος
2443 3820 2834 3889 καταπατήσειν
2871 3818 3074 3890 ἁθρόως
3105 3817 3313 3885 λέγεται
3356 3816 3453 3877 τὰς
3505 3817 3698 3877 πάσας.
3740 3815 4022 3882 Ἐπιϐήσῃ

876 3909 997 3977 γάρ,
1023 3911 1200 3978 φησιν,
1234 3910 1329 3962 ἐπὶ
1370 3911 1593 3965 ἀσπίδα
1637 3914 1732 3966 καὶ
1768 3913 2149 3976 βασιλίσκον,
2189 3914 2285 3969 καὶ
2332 3912 2757 3977 καταπατήσεις
2792 3909 3003 3963 λέοντα
3030 3909 3124 3973 καὶ
3152 3907 3461 3975 δράκοντα.

943 4017 1071 4080 Quis
1091 4020 1251 4088 igitur
1270 4021 1359 4075 hic
1379 4021 1661 4087 fuerit,cut
1687 4024 1810 4077 talia
1837 4034 2134 4095 competere
2164 4025 2393 4093 possint;

878 4117 928 4159 et
956 4110 1075 4175 quis
1099 4111 1326 4177 populus
1358 4125 1514 4180 quem
1540 4112 1725 4169 decem
1764 4113 1927 4178 millia
1957 4113 2293 4168 inimicorum
2332 4114 2398 4168 ad

878 4195 1147 4249 dexteram
1173 4208 1498 4269 oppugnant,
1536 4200 1601 4253 ad
1640 4202 1862 4259 alterum
1899 4218 2023 4257 vero
2044 4203 2182 4261 latus
2209 4204 2397 4267 millia,

880 4302 1050 4353 neque
1090 4286 1285 4342 audent
1323 4289 1391 4344 ad
1416 4304 1544 4345 eum
1576 4292 1845 4355 accedere,
1888 4293 1981 4350 sed
2016 4308 2197 4347 coram
2220 4308 2286 4348 eo
2310 4307 2401 4348 ca-

878 4373 1047 4441 dunt;
1076 4391 1172 4445 age
1209 4377 1587 4448 disquiramus.
1638 4379 1765 4441 Dico
1803 4391 1977 4437 autem
2026 4383 2202 4451 aliquo
2244 4383 2401 4439 modo

881 4478 1036 4533 posse
1067 4469 1175 4521 bace
1209 4467 1393 4522 referri
1421 4470 1487 4523 ad
1516 4469 1781 4524 hominem
1828 4472 1881 4523 in
1912 4470 2125 4537 Christo
2153 4485 2400 4526 consum-

2562 4022 2656 4084 Τίς
2686 4019 2775 4075 οὖν
2815 4020 3002 4089 γένοιτ’
3032 4020 3097 4073 ἂν
3135 4017 3387 4082 τοιοῦτος,
3428 4019 3501 4083 ὡς
3532 4015 3851 4097 ἐφαρμόζειν
3880 4014 4024 4085 αύτῷ

2498 4112 2748 4177 δύνασθαι
2779 4111 2847 4163 τὰ
2872 4110 3110 4178 τοιαῦτα,
3144 4109 3235 4163 καὶ
3257 4109 3315 4173 ὃς
3344 4111 3372 4162 6
3402 4108 3524 4171 λαὸς
3556 4108 3651 4178 μὲν
3688 4105 3892 4177 ἐχθρῶν
3925 4105 4021 4176 μὲν

2503 4202 2759 4272 μυριάδας
2804 4201 3240 4271 ἐπιστρατεύεται
3270 4200 3427 4255 αὐτοῦ
3452 4202 3559 4262 τοῖς
3591 4199 3798 4261 δεξιοῖς,
3834 4199 3943 4259 τοῖς
3966 4195 4023 4250 δὲ

2500 4291 2640 4357 κατὰ
2678 4291 2897 4361 θάτερον
2939 4292 3097 4361 μέρος
3124 4291 3377 4361 χιλιάδας,
3424 4291 3497 4361 μὴ
3524 4283 3727 4359 ’τολμᾷν
3767 4289 3824 4340 δὲ
3862 4284 4024 4341 αὑτοῦ

2503 4380 2848 4452 προσψαύειν,
2881 4383 3235 4436 καταπίπτειν
3264 4381 3317 4434 δὲ
3348 4379 3646 4451 ἔμπροσθεν
3675 4377 3856 4438 αὑτοῦ,
3896 4378 4026 4447 φέρε

2502 4470 2929 4538 κατανοήσωμεν.
2953 4470 3095 4539 Φημὶ
3125 4470 3180 4521 δὲ
3208 4469 3323 4522 καθ’
3347 4468 3441 4523 ’ἐνα
3462 4468 3655 4537 τρόπον
3675 4464 4027 4534 ἀναφέρεσθαι

882 4561 1114 4618 malum;
1145 4555 1318 4623 qualis
1345 4564 1459 4612 erat
1489 4555 1707 4621 Paulus,
1747 4558 1838 4629 qui
1884 4558 2112 4621 dicebat,
2163 4557 2280 4623 Scio
2312 4558 2404 4615 ho-
2432 4564 2477 4622 υ
2501 4560 2608 4611 ταῦλ

2312 4558 2404 4615 ho-
2432 4564 2477 4622 Ι)
2501 4560 2669 4612 ταῦτα
2699 4558 2791 4610 ἐπὶ
2818 4557 2911 4611 τὸν
2933 4558 2989 4614 tv
3031 4558 3245 4627 Χριστῷ
3272 4556 3675 4625 τετελειωμένον
3718 4554 4022 4624 ἄνθρωπον·

882 4642 1065 4696 minem
1096 4644 1149 4695 in
1177 4644 1382 4700 Christo
1402 4648 1447 4678 “
1470 4664 1488 4701 :
1517 4657 1568 4702 et
1592 4648 1658 4701 ad
1682 4664 1867 4705 omnes
1897 4649 1985 4716 qui
2009 4648 2226 4718 perinde
2250 4655 2405 4715 atque

884 4731 974 4785 ille
1001 4728 1177 4786 dicere
1223 4736 1448 4804 possint,
1499 4736 1625 4802 Quis
1658 4754 1749 4803 nos
1780 4737 2037 4805 separabit
2068 4753 2101 4790 a
2155 4736 2406 4795 charitate

886 4820 978 4876 Dei
993 4824 1017 4877 Ρ
1044 4822 1329 4891 tribulatio,
1352 4843 1419 4883 an
1449 4811 1787 4897 angustia,an
1808 4828 2109 4895 persecutio,
2135 4844 2201 4880 an
2218 4827 2401 4896 fames,

884 4926 950 4965 an
979 4910 1211 4975 auditas,
1241 4929 1308 4965 an
1337 4915 1641 4983 periculum,
1698 4930 1763 4969 an
1791 4916 1995 4985 gladius
2046 4916 2091 4947 "
2116 4918 2141 4971 ?
2168 4928 2231 4969 ac
2283 4928 2403 4965 rur-

885 5014 1022 5063 sum,
1058 4998 1240 5060 Certus
1269 5018 1382 5058 sum
1409 5006 1544 5057 enim
1573 5006 1693 5074 quia
1721 4992 1876 5077 neque
1904 5021 2064 5069 mors,
2094 5018 2248 5072 neque
2274 5004 2400 5059 vita.

885 5083 1039 5156 neque
1066 5091 1339 5170 instantia,
1379 5109 1533 5163 neque
1561 5094 1759 5162 futura,
1791 5110 1946 5167 neque
1984 5094 2216 5153 uirtutes,
2248 5107 2405 5159 neque

886 5178 1125 5243 altitudo,
1157 5198 1311 5251 neque
1340 5184 1672 5253 profundum,
1703 5202 1858 5253 neque
1878 5192 2115 5237 creatura
2139 5184 2246 5241 alia
2260 5191 2405 5249 pote-

886 5267 954 5320 rit
984 5274 1075 5320 nos
1097 5284 1335 5336 separare
1374 5287 1406 5324 a
1432 5271 1683 5323 charitate
1716 5269 1977 5347 Deinqua
2006 5275 2082 5321 est
2109 5272 2162 5320 in
2202 5265 2407 5331 Christo

894 5354 1008 5411 Iesu
1030 5356 1075 5387 “
1103 5371 1121 5408 :
1151 5357 1217 5410 ad
1248 5359 1360 5415 haec
1380 5374 1516 5413 vero
1538 5358 1784 5428 quisquis
1812 5358 1988 5412 dicere
2014 5363 2207 5429 potest,
2236 5353 2335 5409 Sed
2351 5354 2405 5405 in

908 5447 963 5498 'is
1002 5443 1235 5507 omnibus
1265 5463 1561 5517 superamus
1590 5447 1655 5513 ",
1679 5447 1872 5515 dignus
1914 5459 2041 5500 sane
2072 5445 2231 5500 fuerit
2255 5437 2315 5501 ut
2341 5447 2407 5501 de

915 5547 1003 5599 pso
1035 5534 1113 5586 hae
1142 5545 1299 5587 voces
1331 5534 1687 5602 proferantur.
1723 5532 1868 5589 Talis
1899 5538 2090 5603 quippe
2127 5535 2286 5589 homo
2314 5536 2409 5587 ha-

912 5622 1059 5676 itans
1090 5624 1149 5679 in
1189 5622 1454 5693 adjutorio
1490 5624 1769 5693 Altissimi,
1799 5631 1851 5677 et
1874 5623 1943 5701 {in
1986 5630 2286 5694 tegumen“)
2318 5622 2408 5691 οβί

2503 4643 2609 4711 οἷος
2633 4644 2698 4719 ἦν
2722 4647 2964 4720 ὁῌαῦλος
2986 4648 3153 4725 λέγων
3175 4664 3189 4677 ’
3217 4645 3355 4700 Οἶδα
3372 4646 3675 4713 ἄνθρωπον
3700 4646 3768 4698 ἐν
3782 4644 4026 4713 Χριστῷ⁹

2504 4738 2593 4791 ἐπὶ
2621 4739 2791 4801 πάντα
2819 4756 2877 4791 τε
2924 4738 3013 4791 τὸν
3047 4738 3241 4807 ὁμοίως
3280 4724 3463 4807 ἐκείνῳ
3498 4736 3671 4803 λέγειν
3700 4736 3989 4804 δυνάμενον
4012 4752 4027 4766 ο

2511 4827 2601 4892 Τίς
2649 4826 2803 4895 ἡμᾶς
2833 4828 3069 4897 χωρίσει
3118 4826 3231 4886 ἀπὸ
3288 4823 3394 4892 τῆς
3428 4814 3657 4894 ἀγάπης
3697 4825 3801 4895 τοῦ
3850 4823 4033 4895 Θεοῦς

2506 4914 2721 4981 θλίψις,
2753 4913 2789 4982 ἣ
2834 4913 3189 4983 στενοχωρία
3213 4953 3227 4977 ,
3271 4912 3309 4981 ἢ
3347 4912 3591 4981 διωγμὸς
3614 4953 3629 4977 ,
3674 4911 3711 4979 ἢ
3741 4910 3909 4977 λιμὸς
3933 4950 3948 4975 ι
3991 4909 4029 4978 ἦ

2506 4999 2826 5071 γυμνότης,
2872 5003 2910 5072 ἣ
2945 5002 3253 5071 κίνδυνος,
3292 5002 3330 5069 ἢ
3362 5001 3652 5071 μάχαιρα;
3703 5000 3792 5054 καὶ
3840 4999 4028 5053 πάλινο

2505 5093 2822 5161 Πέπεισμαι
2838 5094 2961 5163 γὰρ,
2995 5093 3082 5147 ὅτι
3112 5094 3246 5148 οὔτε
3266 5093 3532 5159 θάνατος,
3563 5091 3700 5145 οὔτε
3737 5088 3867 5157 ζωὴ,
3896 5089 4033 5143 οὔτε

2506 5183 2815 5248 ἐνεστῶτα,
2855 5186 2987 5239 οὔτε
3027 5184 3324 5254 μέλλοντα
3341 5220 3357 5244 ,
3382 5180 3517 5232 οὔτε
3562 5178 3854 5263 δυνάμεις,
3895 5179 4034 5234 οὐτε

2509 5274 2739 5341 ὕψωμα,
2773 5274 2905 5327 οὔτε
2928 5274 3133 5339 βάθος,
3160 5272 3295 5325 οὔτε
3323 5287 3412 5335 τις
3440 5272 3628 5335 κτίσις
3655 5269 3821 5337 ἑτέρα
3846 5267 4029 5334 δυνή-

2507 5373 2672 5413 σεται
2712 5360 2865 5427 ημᾶς
2897 5362 3138 5429 χωρίσαι
3168 5358 3283 5412 ἀπὸ
3334 5356 3439 5424 τῆς
3467 5358 3696 5427 ἀγάπης
3744 5357 3848 5409 τοῦ
3887 5352 4032 5407 Θεοῦ

2508 5448 2612 5516 τῆς
2639 5452 2707 5502 ἐν
2736 5450 2960 5517 Χριστῷ
3003 5448 3191 5516 Ἰησοῦ
3210 5465 3223 5477 ·
3262 5450 3290 5500 6
3332 5448 3389 5500 δὲ
3419 5448 3551 5517 πρὸς
3588 5447 3791 5509 τούτοις
3833 5439 3941 5504 οἷός
3970 5454 4035 5494 τι

2509 5537 2581 5602 ὢν
2606 5538 2809 5607 λέγειν
2850 5540 2995 5593 Ἀλλ’
3043 5540 3110 5591 ὲν
3152 5538 3373 5604 τούτοις
3402 5536 3585 5591 πᾶσιν
3612 5532 4029 5604 ὑπερνικῶμεν,

2512 5628 2655 5693 άξιος
2685 5628 2750 5681 ἂν
2772 5629 2975 5697 γένοιτο
2995 5628 3087 5683 τοῦ
3112 5629 3203 5686 καὶ
3227 5630 3313 5682 ἐπ’
3340 5628 3484 5699 αὐτῷ
3509 5627 3755 5709 λεχθῆναι
3775 5623 3872 5689 τὰς
3900 5637 4030 5703 προς

958 5728 1001 5760 ⁸⁸
1039 5728 1080 5781 ll
1110 5730 1235 5786 Cor.
1272 5751 1346 5788 xu
1372 5730 1469 5800 ,2.
1544 5735 1588 5766 ⁸⁸
1627 5732 1780 5789 Rom.
1816 5749 1923 5789 Vllt
1943 5733 2031 5789 35.
2107 5734 2150 5765 “
2189 5733 2316 5789 ibid.
2354 5734 2439 5801 38,
2475 5737 2561 5791 39.
2630 5738 2675 5770 ⁸⁷
2716 5736 2844 5793 ibid.
2884 5736 2969 5801 3'1.

948 5820 1020 5897 ll)
1057 5822 1172 5873 ὐτι
1221 5824 1311 5901 wi-
