4372 6408
366 524 503 576 41ιῦ

1499 516 1991 573 COMMENTARIA
2028 518 2094 573 IN
2132 516 2473 573 PSALMOS:

3388 523 3521 578 {HC

365 634 615 705 κειμένας
650 632 845 700 φωνάς.
883 632 939 684 '0
980 632 1086 707 γὰρ
1112 633 1361 696 τοιοῦτος,
1393 632 1652 685 κατοικῶν
1691 634 1746 684 ὲν
1772 633 1893 702 βοη-
1920 650 1965 703 Α
1990 648 2091 687 con

1798 650 1893 702 οη-
1920 650 1965 703 Α
1990 648 2345 701 commorans,
2389 634 2529 688 dicet
2576 633 2797 689 Domino
2832 650 2844 683 :
2878 633 3169 703 Susceptor
3193 652 3333 691 meus
3368 656 3420 693 es
3474 649 3524 694 et

366 724 485 794 θείᾳ
514 721 606 777 τοῦ
648 722 916 790 Ὑψίστου,
953 723 1043 774 καλ⁵
1075 724 1130 775 ὲν
1181 722 1353 792 σκέπῃ
1384 721 1475 773 τοῦ
1525 722 1655 773 Θεοῦ
1685 722 1893 785 αὐλιζό-

369 808 544 883 μενος,
577 813 690 883 ὲρεῖ
734 812 809 881 τῷ
854 814 1072 882 Κυρίῳ·
1120 810 1507 878 Ἀντιλήπτωρ
1546 828 1661 879 μου
1702 806 1760 863 εἷ
1798 811 1895 863 καὶ

312 916 313 919 ‘
366 905 670 974 καταφυγή
715 922 871 973 μου,
910 909 942 958 ὀ
981 904 1147 968 Θεὸς,
1191 905 1288 968 καὶ
1329 902 1510 956 ἐλπιῶ
1555 905 1645 957 ἐπ’
1692 906 1893 961 αὐτόν.

366 996 546 1049 Ταῦτα
572 997 626 1048 δὲ
653 995 816 1048 αὐτοῦ
846 994 1076 1047 διαθέσει
1119 993 1297 1064 τελείᾳ.
1331 982 1623 1065 εἰρηκότος,
1657 994 1894 1058 θεσπίζει

309 1144 315 1149 _
363 1087 509 1157 αὐτῷ
534 1088 593 1140 τὸ
613 1086 752 1140 θεῖον
782 1084 1018 1155 Πνεῦμα,
1035 1084 1113 1137 ὃτι
1134 1084 1195 1153 δὴ
1223 1085 1435 1152 ἀσφαλῆ
1465 1085 1639 1137 εἵλατο
1664 1086 1891 1152 φύλακα,

364 1182 456 1234 καὶ
486 1179 651 1251 καλὴν
677 1179 943 1246 ’ἐκτήσατο
961 1176 1271 1246 καταφυγὴν
1298 1178 1387 1229 τὸν
1412 1176 1625 1245 Κύριον.
1651 1176 1896 1238 Τοιοῦτον

362 1270 468 1339 γὰρ
502 1270 634 1337 ἔχων
668 1267 855 1337 βοηθὸν
884 1268 974 1318 καὶ
1018 1266 1293 1335 πρόμαχον
1326 1268 1417 1319 καὶ
1460 1265 1891 1337 ὐπερασπιστὴν,

362 1358 545 1409 οὐδένα
581 1356 687 1407 τῶν
738 1354 944 1425 ἐχθρῶν
1002 1356 1388 1427 φοϐηθήσεται,
1445 1355 1536 1419 ars
1592 1355 1751 1409 αὐτοῦ
1801 1355 1893 1409 τοῦ

362 1448 565 1518 Κυρίου
610 1448 867 1517 ῥυομένου
913 1448 1069 1499 αὐτὸν
1109 1447 1166 1511 ἐξ
1210 1446 1479 1499 ἁπάντων.
1525 1444 1632 1497 Καὶ
1684 1445 1786 1514 γὰρ
1830 1446 1895 1498 ἐκ

361 1538 583 1605 παγίδος
621 1536 892 1608 θηρευτῶν
943 1535 1193 1600 ὲξελεῖται
1232 1534 1387 1588 αὐτὸν
1410 1572 1424 1597 ,
1470 1533 1561 1589 καὶ
1602 1532 1707 1586 ἀπὸ
1738 1534 1892 1602 λόγου

359 1626 695 1697 ταραχώδους
726 1629 835 1687 τοῖς
881 1626 1223 1696 μεταφρένοις
1262 1622 1419 1675 αὐτοῦ
1452 1624 1750 1675 ἐπισκιάσει
1796 1624 1890 1677 αύ-

358 1716 435 1785 τῷ
455 1733 468 1746 ·
501 1718 591 1769 καὶ
624 1719 793 1771 πάντα
813 1716 954 1768 δὲτὰ
988 1716 1107 1781 ἑξῆς
1133 1712 1574 1783 κατηριθμημένα
1609 1714 1697 1765 ἐπὶ
1719 1714 1892 1767 πάντα

358 1805 449 1856 τὸν
472 1807 527 1859 ὲν
562 1803 776 1874 Χριστῷ
806 1803 1006 1871 τέλειον
1035 1802 1309 1870 ἄνθρωπον
1340 1799 1741 1869 ἁνενεχθήσεται
1761 1840 1773 1862 ,
1802 1802 1894 1853 καὶ

358 1894 449 1945 ἐπὶ
469 1892 528 1944 τὸ
561 1893 712 1962 σῶμα
746 1892 803 1945 δὲ
833 1890 1079 1961 Χριστοῦ,
1115 1889 1228 1958 ἦτοι
1261 1890 1349 1940 τὸν
1378 1890 1439 1941 ὲκ
1474 1888 1683 1941 τελείων
1710 1888 1891 1958 ψυχῶν

1993 722 2245 793 refugium
2273 740 2458 787 meum,
2488 724 2647 788 Deus,
2680 737 2728 777 et
2754 724 2965 791 sperabo
2990 726 3039 777 in
3070 742 3201 779 eum.
3227 726 3348 783 Haec
3368 732 3525 801 quip-

1993 829 2058 883 pe
2084 830 2147 867 ex
2190 814 2424 882 perfecto
2458 822 2511 867 et
2541 816 2752 869 sincero
2775 813 2986 868 ’all‘ectu
3023 813 3304 880 dicentem,
3337 820 3525 874 vatici-

1994 912 2151 956 natur
2178 904 2391 957 divinus
2434 902 2663 972 Spiritus
2695 912 2867 957 tutum
2898 905 3119 974 elegisse
3152 907 3445 970 custodem,
3469 916 3523 964 et

1993 999 2272 1067 pulchrum
2310 997 2611 1051 obtinuisse
2659 998 2945 1067 refugium,
2981 1002 3184 1055 scilicet
3221 1000 3520 1058 Dominum.

1991 1090 2124 1144 Cum
2159 1092 2313 1143 talem
2359 1090 2552 1159 quippe
2610 1089 2925 1157 adjutorem,
2977 1100 3419 1160 propugnatorem
3470 1101 3524 1147 et

1992 1186 2355 1248 protectorem
2398 1176 2590 1231 nactus
2638 1177 2726 1242 sit,
2761 1177 2962 1230 nullum
2990 1178 3327 1233 inimicorum
3359 1182 3523 1249 perti-

1991 1277 2213 1331 meseet,
2243 1269 2367 1337 quia
2400 1269 2571 1337 ipsum
2599 1266 2853 1323 Dominus
2882 1285 2945 1322 ex
2972 1268 3220 1326 omnibus
3252 1272 3409 1325 eruit.
3432 1270 3523 1324 Et-

1990 1359 2129 1412 enim
2155 1374 2221 1413 ex
2241 1360 2429 1427 laqueo
2464 1360 2769 1412 venantium
2791 1359 3038 1414 liberabit
3061 1375 3202 1422 eum,
3235 1370 3287 1414 et
3307 1376 3337 1414 a
3364 1362 3523 1416 verbo

1991 1448 2319 1512 turbulento,
2352 1450 2585 1518 scapulis
2606 1450 2718 1504 suis
2739 1449 3077 1505 obumbrabit
3104 1452 3151 1504 ei
3181 1470 3192 1503 :
3222 1454 3524 1522 pariterque

1990 1538 2166 1590 omnia
2200 1553 2319 1607 quas
2367 1539 2468 1593 sub
2513 1539 2625 1593 haec
2658 1547 3026 1602 recensentur,
3073 1542 3141 1594 ad
3180 1544 3421 1610 quemvis
3468 1548 3521 1600 in

1990 1624 2205 1678 Christo
2220 1625 2514 1693 perfectum
2548 1626 2814 1681 hominem
2854 1626 3175 1696 referentur;
3200 1632 3522 1699 itemquead

1990 1729 2185 1782 corpus
2216 1714 2437 1779 Christi,
2471 1715 2713 1770 videlicet
2745 1717 2813 1771 ad
2849 1724 3139 1787 martyrum
3189 1722 3409 1775 chorum
3455 1739 3520 1777 ex

1990 1804 2237 1873 perfectis
2264 1805 2544 1860 animabus
2576 1808 2961 1876 compositum;
2992 1808 3103 1862 sive
3137 1808 3199 1861 ad
3235 1811 3519 1877 perfectam

1992 1893 2283 1949 Ecclesiam
2312 1895 2505 1963 ipsius,
2530 1911 2687 1964 quam
2716 1897 2830 1966 ipse
2862 1897 2965 1953 sibi
3005 1906 3181 1954 astare
3210 1900 3352 1964 fecit,
3374 1903 3519 1957 nulla

358 1981 846 2051 κατεσκευασμένον
897 1979 1182 2049 μαρτύρων
1232 1979 1415 2047 χορόνο
1465 1979 1497 2047 ἢ
1546 1979 1641 2047 τὴν
1683 1978 1889 2037 τελείαν
1920 1997 2084 2057 Binat

1791 1978 1889 2037 εἰσιν
1920 1997 1963 2057 Β
1990 1986 2198 2039 macula
2230 1994 2321 2039 aut
2353 1986 2471 2041 labe
2502 1994 2592 2039 aut
2622 1989 2869 2055 quopiam
2908 1988 3070 2043 simili
3120 1988 3379 2044 affectam.
3420 1990 3517 2054 Qui

371 2074 687 2141 Ἐκκλησίαν
714 2072 896 2133 αὐτοῦ,
923 2073 988 2139 ἣν
1008 2072 1165 2132 αὐτὸς
1195 2070 1365 2139 ἑαυτῴ
1394 2072 1782 2139 παρεστήσατο,
1815 2073 1887 2147 μὴ
1989 2074 2097 2143 igitt

1815 2073 1887 2147 μὴ
1989 2074 2147 2143 igitur
2168 2074 2459 2129 Ecclesiam
2487 2092 2638 2131 suam
2671 2092 2728 2131 se
2751 2091 2910 2144 supra
2938 2084 3141 2145 petram
3174 2076 3520 2135 fundaturum

356 2163 579 2233 ἔχουσαν
612 2164 792 2215 σπῖλον
820 2162 852 2229 ἢ
880 2160 1080 2229 ῥυτίδα,
1107 2160 1139 2229 ἡ
1172 2178 1222 2211 τι
1249 2160 1355 2211 τῶν
1373 2159 1640 2212 τοιούτων.
1678 2160 1735 2212 Ὀ
1762 2160 1889 2227 γοῦν
1986 2179 2082 2218 εδει

1791 2160 1889 2214 ὀῦν
1986 2179 2105 2218 esse
2134 2164 2406 2233 pollicitus
2442 2173 2557 2230 est;
2597 2164 2667 2215 ita
2709 2172 2767 2217 ut
2814 2172 2979 2233 porta:
3036 2164 3192 2220 inferi
3245 2183 3517 2236 nunquam

356 2254 448 2305 ἐπὶ
478 2252 573 2322 τὴν
604 2253 801 2321 πέτραν
826 2249 1186 2319 οἰκοδομήσειν
1221 2248 1615 2319 ἐπηγγελμένος
1633 2250 1729 2319 τὴν
1768 2250 1888 2301 Ἑκ-

358 2342 579 2411 κλησίαν
600 2339 781 2405 αὐτοῦ,
806 2338 876 2403 ὼς
904 2341 975 2409 μὴ
1000 2340 1167 2402 πύλας
1196 2339 1319 2410 ᾅδου
1343 2338 1679 2408 κατισχύσειν
1703 2339 1883 2407 αὐτῆς,

357 2429 514 2491 αὐτὸς
560 2430 725 2500 αὐτῆς
770 2429 859 2481 καὶ
910 2428 1077 2499 φύλαξ
1126 2429 1219 2482 καὶ
1264 2423 1492 2499 φρουρὸς
1534 2428 1701 2490 ἔσται,
1735 2443 1885 2495 περι-

358 2520 602 2589 φράττων
624 2520 788 2588 αὐτὴν
815 2520 906 2571 καὶ
950 2518 1399 2587 ἀσφαλιζόμενος,
1429 2517 1560 2586 πρὸς
1586 2516 1646 2568 τὸ
1684 2516 1756 2586 μὴ
1789 2515 1885 2577 τὰς

356 2610 528 2671 πύλας
555 2596 648 2661 τοῦ
693 2608 816 2680 ᾅδου
870 2607 1175 2675 κατισχύειν
1204 2607 1388 2676 αὐτῆς.
1440 2607 1529 2659 Διὸ
1572 2608 1637 2675 τῇ
1669 2606 1886 2677 τοιαύτῃ

369 2698 655 2767 Ἐκκλησία
675 2738 687 2761 ,
721 2698 814 2750 καὶ
849 2696 925 2766 τῷ
956 2696 1175 2765 τοιούτῳ
1214 2697 1277 2765 δὴ
1310 2695 1541 2767 Χριστοῦ
1601 2696 1884 2767 μαρτύρων

356 2787 529 2859 χορῷ,
562 2786 638 2857 τῷ
666 2785 940 2843 κατοικίαν
976 2787 1069 2856 μὲν
1092 2785 1365 2859 μηδαμῶς
1417 2784 1587 2854 ἔχοντι
1639 2786 1728 2838 ἐπὶ
1762 2789 1882 2856 γῆς,

353 2876 631 2947 δυναμένῳ
658 2876 714 2929 δὲ
744 2876 940 2943 λέγειν,
984 2868 1166 2943 Ἠμῶν
1220 2874 1285 2927 δὲ
1340 2874 1403 2929 τὸ
1452 2876 1773 2945 πολίτευμα
1818 2877 1886 2929 ἐν

354 2963 623 3033 οὐρανοῖς
671 2964 953 3032 ὑπάρχει,
996 2963 1335 3035 λεχθήσεται·
1387 2965 1441 3017 '0
1488 2965 1772 3019 κατοικῶν
1816 2964 1885 3019 ἐν

1984 2254 2302 2329 praevaleant
2346 2253 2601 2309 adversus
2640 2269 2777 2318 eam,
2812 2255 2958 2308 illius
3009 2254 3122 2323 ipse
3150 2262 3203 2309 et
3247 2265 3433 2311 custos
3468 2270 3523 2313 et

1985 2344 2349 2413 priesidiarius
2377 2346 2499 2409 erit,
2531 2345 2701 2415 ipsam
2725 2346 3177 2400 circummuniens
3207 2354 3259 2401 et
3288 2350 3514 2412 vallans,

1983 2452 2052 2490 ne
2083 2446 2244 2505 porta!
2274 2436 2430 2491 inferi
2452 2436 2773 2506 prmValeant
2805 2436 3061 2493 adversus
3086 2453 3223 2493 eam.
3254 2438 3521 2504 Quamob-

1983 2541 2095 2580 rem
2160 2526 2470 2594 hujusmodi
2521 2525 2799 2593 Ecclesiae,
2856 2537 2909 2585 et
2961 2529 3269 2598 hujusmodi
3319 2530 3521 2585 Christi

1984 2622 2277 2684 martyrum
2312 2616 2494 2679 choro,
2546 2618 2637 2685 qui
2679 2618 3047 2672 habitaculum
3080 2619 3297 2687 quidem
3346 2621 3520 2674 nulla-

1984 2715 2140 2762 tenus
2168 2709 2223 2761 in
2255 2715 2395 2762 terra
2431 2708 2628 2773 habet,
2660 2710 2751 2764 sed
2785 2710 2898 2763 hinc
2950 2710 3053 2763 fari
3096 2718 3286 2779 potest,
3320 2710 3521 2765 Nostra

1986 2808 2154 2852 autem
2182 2801 2497 2852 conversatio
2525 2800 2576 2851 in
2598 2802 2735 2853 catis
2756 2809 2831 2854 est
2853 2800 2916 2863 ⁸⁸,
2940 2800 3165 2863 dicetur,
3200 2802 3299 2865 Qui
3320 2801 3518 2855 habitat

1980 2887 2035 2939 in
2056 2882 2316 2955 adjutorio
2355 2887 2632 2951 Altissimi,
2656 2889 2709 2940 in
2740 2898 3024 2958 tegumenta
3047 2876 3142 2944 Dei
3168 2891 3279 2943 cali
3301 2907 3519 2943 commo-

1982 2975 2201 3029 rabitur.
2231 2974 2432 3030 Deinde
2465 2975 2607 3029 dicet
2642 2975 2854 3045 quidem
2882 2978 2996 3045 ipse
3023 2974 3267 3039 Domino,
3302 2975 3402 3030 sub
3422 2991 3517 3029 cu-

348 3056 594 3122 βοηθείᾳ
624 3055 727 3109 τοῦ
741 3055 1037 3122 Ὑψίστου,
1060 3054 1332 3121 ἐνσκέπῃ
1354 3053 1458 3107 τοῦ
1489 3055 1632 3107 Θεοῦ
1658 3054 1765 3107 τοῦ
1781 3055 1879 3108 οὐ-

346 3147 534 3214 ρανοῦ
550 3141 1353 3216 αὑλισθήσεταιῶῖτᾎρεῖθμὲν
1383 3144 1542 3206 αὐτὸς
1572 3142 1646 3213 τῷ
1675 3144 1880 3215 Κυρίῳ,

1975 3063 2066 3129 jus
2101 3071 2406 3132 tegumento
2457 3064 2696 3120 habitare
2728 3066 3015 3134 cooptavit,
3058 3064 3332 3134 Susceptor
3375 3080 3515 3118 meus

1980 3168 2032 3205 es
2074 3162 2122 3205 et
2147 3153 2401 3221 refugium
2428 3170 2616 3219 meum,
2647 3152 2785 3207 Deus
2810 3171 2970 3220 meus,
2993 3164 3042 3208 et
3064 3156 3278 3223 sperabo
3306 3156 3358 3208 in
3379 3172 3513 3210 eum.

352 3232 411 3290 οὗ
441 3238 613 3290 εἵλατο
657 3238 926 3303 κατοικεῖν
962 3234 1066 3286 ὑπὸ
1095 3234 1192 3303 τὴν
1223 3234 1424 3304 σκέπην
1446 3248 1460 3266 ·
1503 3234 1881 3302 Ἀντιλήπτωρ
1917 3313 1946 3321 Δ
1981 3240 2078 3294 Cu:

1843 3252 1881 3302 ιο
1917 3313 1946 3321 _
1981 3240 2113 3295 Cum
2143 3250 2318 3296 autem
2375 3242 2534 3297 talem
2584 3242 2859 3298 custodem
2908 3251 3101 3299 nactus
3134 3245 3224 3309 sit,
3272 3253 3323 3298 et
3357 3246 3515 3300 talem
3566 3314 3569 3321 Α

346 3345 463 3398 μου
492 3324 550 3380 ετ
571 3328 668 3380 καὶ
692 3325 997 3394 καταφυγή
1020 3342 1155 3393 μου,
1183 3328 1215 3377 ὀ
1244 3325 1383 3389 Θεός
1404 3342 1541 3392 μου,
1578 3325 1673 3378 καὶ
1700 3326 1880 3379 exmia
1908 3313 1949 3369 ε
1983 3331 2072 3385 sibi

1788 3326 1880 3379 τιῶ
1908 3313 1949 3369 C
1983 3331 2083 3385 sibi
2116 3337 2440 3385 servatorem
2483 3340 2536 3384 et
2577 3329 2867 3399 adjutorem
2896 3332 3228 3400 ascripserit,
3269 3332 3409 3386 dicet
3439 3333 3514 3387 illi

350 3418 439 3469 ἐπ’
468 3417 669 3469 αὐτόν.
696 3415 1030 3485 Κτησαμένῳ
1054 3415 1109 3467 δὲ
1137 3414 1281 3486 αὐτῷ
1300 3414 1531 3468 τοιοῦτον
1558 3415 1767 3482 φύλακα
1789 3418 1880 3470 καὶ
1986 3420 2075 3490 Spi

1789 3418 1880 3470 καὶ
1986 3420 2217 3490 Spiritus
2246 3421 2478 3484 divinus,
2510 3420 2765 3489 optimam
2818 3421 2991 3490 ipsum
3025 3422 3321 3491 portionem
3388 3423 3511 3478 ade—

338 3505 581 3559 ⁷τοιοῦτον
630 3507 845 3575 σωτῆρα
889 3506 981 3558 καὶ
1017 3506 1203 3575 βοηθὸν
1235 3506 1655 3576 ὲττιγραψαμένῳ
1690 3507 1879 3577 λεχθή-
1984 3522 2064 3583 ριυ

1791 3507 1879 3577 θή-
1984 3522 2131 3583 ptum
2166 3528 2547 3576 esse,'murum
2568 3512 2947 3583 firmissimum,
2968 3511 3371 3582 inexpugnabile
3393 3530 3517 3568 scu-

352 3614 496 3649 σεται
526 3598 627 3649 ὐπὸ
652 3596 745 3649 τοῦ
780 3596 923 3649 θείου
970 3596 1298 3665 Πνεύματος,
1333 3597 1405 3657 ὡς
1441 3596 1546 3664 ἄρα
1578 3597 1660 3665 εἴη
1715 3597 1878 3666 καλὴν
1982 3609 2078 3654 tun

1782 3597 1878 3666 λὴν
1982 3609 2117 3664 tum,
2144 3601 2350 3655 scilicet
2380 3600 2660 3655 Dominum
2699 3616 2875 3657 suum.
2909 3600 3059 3655 Hunc
3079 3602 3273 3670 quippe
3299 3611 3508 3666 nactus,

350 3684 641 3754 εὑράμενος
679 3681 854 3750 ἑαυτῷ
888 3680 1076 3751 μερίδα
1106 3682 1198 3735 καὶ
1251 3684 1423 3751 τεῖχος
1470 3683 1688 3752 ὀχυρὸν,
1721 3685 1880 3743 ὅπλον
1978 3693 2033 3755 in
2063 3700 2076 3747 1

1784 3685 1880 3743 ελον
1978 3693 2033 3755 in
2063 3699 2178 3748 tuto
2205 3699 2260 3745 et
2284 3693 2398 3747 sine
2435 3691 2793 3750 sollicitudine
2823 3691 2997 3761 deget,
3028 3698 3212 3761 utpote
3239 3690 3326 3760 qui
3358 3691 3510 3745 habi-

348 3791 409 3827 τε
437 3775 642 3844 ἄμαχον
667 3773 755 3826 τὸν
793 3773 982 3826 ἑαυτοῦ
1030 3773 1249 3845 Κύριον.
1282 3773 1477 3827 Τοῦτον
1507 3774 1613 3845 γὰρ
1648 3774 1784 3844 ἔχων
1821 3776 1878 3829 ὲν
1978 3788 2053 3835 tet

1821 3776 1878 3829 ὲν
1978 3788 2053 3835 tet
2098 3782 2152 3833 in
2192 3778 2458 3847 adjutorio
2504 3780 2786 3845 Altissimi,
2814 3789 2868 3836 et
2905 3781 2961 3835 in
3002 3788 3307 3852 tegumento
3361 3780 3510 3838 fortis

349 3862 577 3929 ἀσφαλεῖ
620 3863 711 3915 καὶ
756 3864 1067 3941 ἀμερίμνως
1112 3864 1336 3933 οἰκήσει,
1378 3864 1469 3919 ἅτε
1514 3864 1773 3917 κατοικῶν
1822 3867 1878 3923 ὲν
1978 3882 2075 3921 cou

626 3863 711 3915 καὶ
756 3864 1067 3941 ἀμερίμνως
1112 3864 1336 3933 οἰκήσει,
1378 3864 1469 3919 ἅτε
1514 3864 1773 3917 κατοικῶν
1822 3867 1878 3923 ὲν
1978 3872 2352 3921 commoretur.

350 3955 564 4025 βοηθείᾳ
586 3953 677 4007 τοῦ
734 3954 996 4023 Ὑψίστου,
1052 3956 1145 4009 καὶ
1176 3957 1235 4010 ὲν
1272 3954 1445 4027 σκέπῃ
1486 3955 1574 4007 τοῦ
1632 3956 1813 4011 ἱκανοῦ
1854 3957 2209 4027 αὐλιζόμενος.

419 4050 480 4102 El
514 4048 640 4116 γοῦν
668 4064 812 4109 ποτε,
851 4048 1029 4119 φησὶν,
1070 4050 1116 4103 οἱ
1154 4046 1261 4101 τῶν
1305 4046 1648 4119 ἀνθρωπείων
1694 4048 1878 4119 ψυχῶν
2052 4049 2145 4107 Sii

1782 4048 1878 4119 (ῶν
2052 4049 2111 4107 Si
2136 4051 2315 4120 itaque
2335 4049 2432 4113 illi,
2463 4059 2557 4113 ait,
2579 4049 2933 4104 humanarum
2960 4065 3253 4105 animarum
3297 4061 3508 4104 venato-

290 4188 291 4193 η
348 4138 637 4209 θηρευταὶ,
672 4138 890 4205 ἀφανεῖς
936 4137 1027 4190 καὶ
1076 4136 1290 4209 ἀόρατοι
1336 4135 1584 4211 δυνάμεις
1632 4139 1767 4190 κατὰ
1818 4140 1879 4193 τὸ
1982 4160 2016 4198 1⁵1

1818 4140 1879 4193 τὸ
1982 4159 2092 4207 res,
2115 4141 2406 4198 invisibiles
2423 4141 2627 4199 scilicet
2650 4149 2703 4195 et
2730 4141 2953 4195 occultae
2976 4142 3222 4207 virtutes,
3249 4157 3346 4211 pro
3366 4155 3512 4195 more

350 4225 574 4295 σύνηθες
621 4225 799 4285 αὐτοῖς
846 4224 1080 4291 παγίδας
1138 4208 1400 4296 λαθραίως
1450 4208 1873 4293 ὲγέρύπτοντες.
1982 4235 2076 4294 soli

1785 4244 1873 4292 ες.
1982 4235 2141 4294 solito
2167 4233 2384 4302 laqueos
2414 4233 2551 4285 clam
2594 4231 2947 4297 occultantes,
2976 4238 3031 4286 te
3069 4208 3300 4301 unquam
3330 4245 3511 4302 aggre-

349 4313 733 4385 προὸἀλλεσθαι
763 4313 899 4366 κατὰ
933 4313 1025 4367 σοῦ
1050 4316 1327 4386 πειρῷντο,
1354 4315 1499 4368 οὐδὲν
1532 4317 1708 4380 αὐτοῖς
1729 4318 1878 4373 ἔσται
1981 4323 2075 4377 dial

1785 4336 1878 4373 ται
1981 4310 2216 4387 diantur,
2261 4321 2393 4376 nihil
2442 4322 2676 4392 proderit
2725 4321 2831 4375 illis
2870 4340 2884 4375 :
2929 4321 3051 4389 quia
3098 4321 3211 4391 ipse
3258 4320 3511 4373 Dominus

348 4404 532 4456 πλέον’
563 4404 643 4457 ὅτι
689 4402 844 4466 αὐτὸς
875 4404 1074 4475 Κύριος
1102 4407 1317 4475 ῥύσεταί
1351 4414 1410 4457 σε
1443 4406 1506 4457 ἐκ
1527 4408 1753 4476 *παγίδος
1784 4408 1879 4479 θη-
1978 4430 2072 4469 eru

1784 4408 1879 4479 θη-
1978 4420 2129 4469 eruet
2160 4421 2212 4467 te
2225 4412 2289 4467 de
2318 4394 2507 4483 laqueo
2534 4412 2864 4475 venantium,
2889 4409 3121 4480 Laqueus
3146 4411 3396 4463 contritus
3411 4418 3508 4475 est,

350 4494 568 4565 ρευτῶν,
604 4495 665 4549 'H
696 4494 870 4563 παγίς
899 4496 1229 4564 συνετρίϐη,
1272 4496 1371 4550 καί
1397 4497 1564 4565 ἡμεῖς
1589 4498 1873 4567 ἐρῤύσθη-
1978 4513 2026 4563 et
2054 4519 2076 4555 rt

1784 4504 1873 4567 9η-
1978 4513 2026 4563 et
2054 4519 2146 4556 nos
2178 4501 2382 4558 liberati
2409 4518 2586 4565 sumus
2619 4502 2683 4555 ".
2726 4500 2879 4567 Quod
2920 4502 2963 4556 si
3008 4514 3128 4555 eum
3175 4500 3510 4555 sermonibus

344 4600 473 4653 μεν.
504 4584 567 4636 El
593 4584 649 4650 δὲ
696 4584 789 4636 καὶ
824 4582 997 4651 λόγοις
1038 4580 1279 4652 θορυϐεῖν
1321 4573 1636 4653 ἐπιχειροῖεν
1708 4584 1875 4648 ίὲντες
1907 4642 1948 4662 λ
1978 4607 2070 4662 quc

1784 4602 1875 4648 τες
1907 4642 1948 4662 λ
1978 4607 2193 4662 quoque
2234 4592 2451 4646 turbare
2481 4591 2832 4655 tentaverint,
2877 4590 3164 4659 impietatis
3222 4604 3333 4645 suae
3364 4591 3510 4645 virus

348 4675 551 4737 ἑαυτῶν
570 4674 658 4727 τὸν
679 4676 774 4743 τῆς
794 4671 1038 4734 ἀσεϐείας
1066 4671 1140 4725 ίδν
1160 4672 1246 4725 διὰ
1265 4676 1364 4744 τῆς
1385 4673 1587 4727 ἑαυτῶν
1609 4672 1873 4744 γλώσσης,

347 4765 478 4820 ἀλλά
511 4764 833 4826 καὶτούτων
876 4762 1051 4817 αὐτῶν
1091 4761 1297 4831 πάλινρ
1331 4764 1529 4835 Κύριος
1556 4748 1761 4837 causa
1786 4764 1876 4818 τὸν

347 4855 536 4909 ἑαυτοῦ
552 4854 827 4927 ἄνθρωποι
847 4851 1208 4922 φυλάξει.”1να
1235 4852 1308 4923 μὴ
1338 4855 1366 4907 ὁ
1398 4854 1629 4925 φλογμὸς
1656 4852 1747 4905 τοῦ
1770 4853 1876 4911 τῶν

346 4943 639 5014 ἀνθρώπιον
658 4943 771 5013 βίου
803 4942 897 4995 καὶ
925 4942 954 4994 ὁ
977 4940 1280 5013 τῆςκακίας
1319 4943 1552 5006 καύσων,
1580 4942 1671 4995 ἐπὶ
1690 4940 1875 5002 ,πλεῖον

345 5016 661 5099 ικκαυθεὶς,
699 5032 869 5105 ἐξάψῃ
895 5032 962 5085 τὰ
1004 5033 1146 5099 κακὰ
1184 5030 1321 5084 κατά
1353 5031 1447 5084 τοῦ
1489 5033 1581 5101 τῆς
1606 5031 1877 5093 εὐσεϐείας

351 5124 592 5195 ἀθλητοῦ,
606 5122 843 5188 θεσπίζει
856 5124 1073 5192 φάσκων
1099 5124 1125 5177 ὁ
1148 5121 1300 5191 λόγος
1333 5122 1477 5192 αὐτῷ
1491 5140 1505 5154 ο
1524 5124 1617 5175 Ἐν
1637 5121 1756 5187 τοῖς
1769 5138 1874 5190 με·

346 5214 647 5284 ταφρένοις
702 5198 883 5267 αὐτοῦ
912 5214 1262 5271 ἐπισκιάσει
1307 5229 1405 5270 σοι
1423 5251 1438 5275 ,
1482 5212 1580 5279 καὶ
1612 5212 1726 5267 ὑπὸ
1766 5212 1873 5280 τὰς

345 5290 635 5375 πτέρυγας
658 5303 841 5363 αὐτοῦ
872 5303 1187 5369 autem!!!
1211 5302 1267 5357 δὲ
1294 5301 1387 5357 καὶ
1420 5301 1686 5371 πολεμίων
1711 5300 1869 5371 στίφη

345 5396 706 5467 πεπυρωμένα
734 5396 835 5471 ⁵καὶ
860 5394 1203 5463 θανατηφόρα
1223 5392 1347 5467 βέλη
1370 5392 1537 5458 λόγων
1557 5390 1758 5460 ψευδῶν
1778 5391 1873 5453 καὶ

344 5489 442 5558 τῆς
459 5486 708 5557 ἀληθείας
725 5485 975 5541 ἐναντίων
991 5484 1253 5548 ἀκοντίζοι
1268 5482 1406 5537 κατά
1421 5480 1514 5535 τοῦ
1531 5481 1684 5550 δηλου
1692 5481 1872 5551 μένου,

345 5578 503 5642 αὐτὸς
530 5578 625 5650 μὲν
663 5560 919 5651 ἡσυχάσει
950 5574 1096 5644 νόμῳ
1133 5570 1265 5645 θείῳ
1308 5573 1610 5643 πειθαρχῶν
1645 5574 1867 5645 λέγοντι·

347 5664 555 5731 Κύριος
588 5663 911 5733 πολεμήσει
944 5661 1093 5730 ὑπὲρ
1125 5661 1289 5729 ὑμῶν
1306 5701 1324 5726 ,
1342 5694 1347 5695 ί
1362 5662 1459 5717 καί
1500 5661 1663 5731 ὑμεῖς
1700 5662 1871 5732 σιγήη

417 5816 464 5850 ⁸⁸
499 5814 690 5880 Philip.
729 5832 819 5883 ιη,
850 5815 937 5870 20.
1015 5815 1055 5847 θ’
1098 5811 1240 5881 Psal.
1276 5828 1474 5885 tutu,
1509 5815 1554 5867 'I.

1977 4681 2156 4750 lingua
2210 4682 2545 4745 emittentes,
2607 4680 2692 4740 bis
2747 4680 2906 4737 etiam
2958 4678 3183 4734 illaesum
3242 4679 3507 4733 hominem

1976 4784 2131 4831 suum
2161 4768 2417 4824 Dominus
2447 4768 2698 4824 servabit.
2727 4766 2804 4821 Ac
2838 4783 2904 4823 ne
2931 4768 3177 4824 humanae
3209 4770 3329 4823 vitae
3346 4776 3509 4822 aestus

1974 4868 2027 4915 et
2057 4859 2215 4913 ardor
2231 4856 2459 4911 .malitiaa
2489 4857 2656 4927 magis
2702 4857 2979 4928 magisque
3005 4858 3287 4921 incensus,
3321 4864 3507 4911 contra

1972 4945 2184 5019 pietatis
2215 4942 2465 4997 athletam
2479 4944 2618 4997 mala
2635 4945 2947 5011 succendat,
2974 4946 3087 5000 haec
3110 4959 3284 5000 sermo
3301 4944 3401 5011 ipsi
3416 4958 3506 4996 va-

1972 5035 2245 5087 ticinatur:
2265 5029 2332 5084 In
2358 5031 2583 5098 scapulis
2601 5034 2710 5086 suis
2729 5032 3054 5095 obumbrabit
3077 5034 3189 5097 tibi,
3205 5043 3253 5086 et
3267 5032 3359 5085 sub
3387 5046 3507 5085 ven-

1974 5124 2054 5178 nis
2076 5121 2185 5190 ejus
2207 5119 2458 5188 sperabis.
2477 5119 2630 5193 Quod
2647 5122 2693 5177 si
2727 5121 3065 5177 inimicorum
3089 5121 3321 5192 agmina,
3341 5122 3506 5191 ignita

1974 5220 2027 5269 et
2072 5210 2315 5266 lethifera
2363 5212 2700 5266 mendacium
2731 5218 2939 5269 etcum
2980 5227 3107 5267 vero
3152 5213 3503 5282 pugnantium

1975 5314 2279 5358 sermonum
2299 5303 2402 5357 tela
2425 5303 3008 5373 iaculenturadver‘sus
3026 5309 3375 5356 memoratum
3408 5303 3502 5356 ho-

1987 5394 2190 5455 ninem,
2220 5392 2310 5449 ille
2334 5394 2551 5464 quidem
2575 5394 2836 5462 quiescet,
2867 5391 3062 5446 divina:
3101 5392 3205 5463 legi
3233 5394 3502 5462 obtempe-

1979 5498 2103 5537 rans
2133 5497 2249 5551 qua:
2276 5482 2352 5536 ait
2401 5502 2415 5538 :
2463 5482 2714 5537 Dominus
2742 5497 2834 5550 pro
2862 5481 3001 5537 vobis
3045 5482 3310 5553 pugnabit,
3340 5490 3389 5535 et
3418 5498 3502 5537 vos

1975 5572 2207 5625 tacebitis
2264 5586 2282 5623 :
2338 5578 2638 5642 opportune
2692 5581 2869 5627 autem
2930 5571 3033 5643 ipsi
3063 5572 3259 5627 dicitur
3293 5589 3307 5625 :
3344 5569 3503 5627 Scuto

1977 5662 2307 5717 circumdabit
2350 5650 2403 5717 te
2431 5663 2619 5730 veritas
2674 5662 2807 5735 ejus.
2866 5662 2983 5733 ipsa
3033 5676 3264 5736 namque
3303 5661 3499 5719 Christi
