4372 6418
847 493 982 548 ΗΠ

1509 491 1776 551 unseen
1812 480 2285 550 CESARIENSIS
2321 490 2474 547 opp.
2516 490 2697 549 rans
2734 490 2819 547 ill.
2858 473 2935 534 —'
2964 489 3372 550 exessum.

3906 491 4041 548 1168

846 604 1107 673 doctrina:
1136 605 1355 669 veritas,
1381 604 1636 660 virtutem
1676 620 1923 677 magnam
1960 604 2229 669 obtinens,
2258 586 2389 659 eum
2418 610 2464 665 Α
2491 618 2572 659 σοι

2320 618 2389 656 Im
2418 610 2464 665 Α
2491 608 2672 659 σεσθε
2692 621 2705 635 ο
2740 604 3055 677 λεχθήσεται
3089 605 3146 659 δὲ
3167 604 3312 674 ἀύτῷ
3330 602 3470 658 κατά
3496 602 3684 675 καιρὸν
3706 600 3796 667 τὺ,
3840 603 4046 672 ὐπλφ

848 697 1279 759 circummuniet,
1318 699 1371 766 in
1421 698 1654 750 circuitu
1683 698 1859 766 posita
1900 710 1963 751 ac
2004 702 2160 750 scuto
2209 703 2394 765 tegens

847 800 967 849 suo,
1000 793 1057 839 ut
1086 802 1168 848 ne,
1191 786 1487 841 accedente
1502 794 1678 849 nocte,
1715 793 1770 839 et
1804 785 2040 839 tenebris
2068 784 2276 847 oﬂ'usis,
2306 800 2397 838 re-

849 875 1096 932 formidet
1139 877 1246 939 ille,
1282 882 1375 929 aut
1408 892 1516 943 prae
1547 884 1688 932 metu
1718 877 1994 942 turbetur;
2044 891 2217 946 neque
2254 876 2396 944 pari-

849 976 931 1023 ter
950 970 1006 1023 in
1047 968 1134 1023 die
1166 968 1404 1022 immissa
1438 969 1542 1022 tela
1580 978 1802 1023 metuat.
1836 968 1936 1023 Per
1967 977 2180 1023 noctem
2218 975 2397 1021 autem

845 1068 898 1115 et
928 1060 1177 1114 tenebras
1232 1059 1556 1115 calamitatis
1591 1067 1835 1129 tempora
1863 1058 2154 1128 significat,
2193 1058 2250 1111 in
2278 1058 2398 1127 qui-

846 1148 949 1206 bus
980 1150 1115 1203 nihil
1151 1149 1625 1203 reformidaturum
1656 1150 1732 1202 ait
1756 1164 1879 1203 eum
1909 1189 1924 1215 ,
1948 1149 2041 1218 qui
2076 1155 2231 1201 scuto
2257 1146 2400 1200 veri-

846 1245 976 1298 tatis
1006 1242 1486 1298 circummunietur
1520 1262 1533 1295 :
1567 1256 1663 1311 per
1709 1240 1851 1295 diem
1912 1254 2059 1304 vero,
2110 1239 2398 1309 tranquilla

845 1324 905 1383 et
930 1334 1118 1397 pacata
1146 1335 1389 1397 tempora
1418 1326 1636 1390 indicat,
1670 1326 1724 1379 in
1747 1326 1944 1396 quibus
1983 1326 2187 1380 inimici
2224 1324 2400 1379 nostri

847 1419 1071 1490 sagittas
1103 1420 1316 1474 eminus
1346 1419 1610 1483 volantes,
1640 1418 1955 1489 blasphema
2000 1433 2192 1488 nempe
2218 1427 2273 1472 et
2306 1417 2399 1470 im-

848 1514 937 1583 pia
972 1513 1135 1575 dicta,
1165 1513 1219 1567 in
1254 1527 1354 1566 nos
1386 1510 1634 1567 emittere
1674 1512 1868 1566 solent.
1899 1510 2032 1565 Nam
2063 1511 2397 1581 persecutio-

847 1620 979 1659 num
1008 1613 1251 1677 tempore
1280 1619 1387 1658 non
1422 1604 1634 1659 eminus
1674 1603 1781 1658 tela
1818 1603 2059 1668 mittunt,
2098 1603 2193 1658 sed
2231 1602 2399 1657 comi-

847 1714 950 1755 nus
977 1700 1236 1769 impetum
1269 1699 1548 1761 facientes,
1577 1713 1677 1753 nos
1704 1698 1987 1753 universos
2008 1697 2287 1762 devorare,
2311 1704 2399 1751 ut-

847 1800 971 1863 pote
1017 1798 1248 1845 mortem
1298 1796 1609 1857 expetentes
1658 1797 1897 1843 nostram
1925 1829 1940 1854 ,
1987 1796 2284 1851 conantur;
2338 1794 2399 1840 ut

2495 696 2791 750 κυκλώσει
2820 711 2894 750 σε
2922 700 2960 765 ἠ
2988 696 3235 765 ἀλήθεια
3264 694 3465 750 αὑτοῦ.
3538 695 3676 765 Δῦτη
3708 693 3817 765 γάρ
3846 694 3879 765 ή
3911 689 4043 765 ἀλή-

2496 786 2615 841 θεια
2643 788 2749 840 τῶν
2772 787 3003 858 Χριστοῦ
3031 788 3332 858 δογμάτων,
3354 787 3588 858 μεγάλην
3619 784 3925 857 κεκτημένη
3955 784 4044 837 δύ-

2495 897 2654 949 ναμιν
2679 920 2694 943 ,
2750 880 2840 933 τὸν
2894 880 3081 951 ἔχοντα
3135 879 3300 950 αὐτὴν
3350 878 3670 951 περιφράξει
3693 919 3708 944 ,
3779 875 4045 932 κυκλοῦσα

2496 972 2655 1024 αὐτὸν
2673 1012 2688 1036 ,
2722 973 2817 1025 καὶ
2856 972 3250 1042 περιϐάλλουσα
3280 970 3357 1041 τῷ
3396 971 3589 1041 ἑαυτῆς
3616 969 3764 1039 ὅπλῳ
3786 1010 3801 1035 ,
3835 967 4045 1039 πρὺςτὸ

2501 1064 2633 1133 μήτε
2660 1064 2847 1126 νυκτὸς
2874 1063 3217 1134 ἐπελθούσης,
3247 1065 3379 1134 μήτε
3402 1064 3615 1126 σκοτίας
3639 1060 4045 1130 καταλαϐούσης

2496 1154 2744 1218 δεδιέναι,
2778 1155 2898 1226 μηδ’
2928 1155 3030 1209 ὑπὸ
3057 1154 3233 1223 φόϐων
3260 1153 3648 1225 ταράττεσθαι,
3685 1153 3829 1224 μήτε
3852 1152 3960 1205 τῶν
3988 1154 4045 1205 ἐν

2497 1244 2677 1317 ἡμέρᾳ
2721 1246 3082 1316 πεμπομένων
3123 1243 3289 1315 βελῶν
3318 1243 3633 1316 φροντίζειν.
3695 1243 3854 1315 Δηλοϊ
3878 1242 3935 1297 δὲ
3960 1241 4046 1295 διὰ

2500 1337 2597 1407 μὲν
2628 1337 2726 1407 τῆς
2758 1336 2946 1400 νυκτὸς
2971 1337 3063 1390 καὶ⁵
3095 1337 3192 1407 τῆς
3226 1338 3444 1400 σκοτίας
3472 1337 3597 1399 τοὺς
3633 1333 4046 1407 περιστατικοὺς

2496 1428 2716 1498 καιροὺς
2734 1467 2749 1491 ,
2790 1429 2907 1482 καθ’
2938 1428 3030 1493 οὖς
3054 1447 3186 1500 φησι
3213 1430 3374 1502 μηδὲν
3407 1430 3803 1501 φοϐηθήσεσθαι
3827 1429 3916 1484 τὸν
3943 1428 4046 1481 ὑπὸ

2494 1520 2587 1573 τοῦ
2612 1521 2709 1590 τῆς
2736 1519 2987 1591 ἀληθείας
3012 1519 3175 1574 ὅπλου
3198 1521 3705 1592 περιπεφραγμένον
3722 1537 3738 1553 °
3766 1519 3854 1573 διά
3876 1519 3932 1572 δὲ
3950 1519 4047 1591 τῆς

2495 1610 2707 1681 ἡμέρας
2731 1612 2854 1673 τοὺς
2884 1610 3166 1685 ἐνγαλήνῃ
3196 1614 3289 1665 καὶ
3321 1610 3469 1682 εὐδίᾳ
3492 1611 3583 1663 καὶ
3610 1612 3855 1682 εἰρηνικῇ
3886 1628 4075 1666 κατα-.

2499 1700 2701 1765 στάσει,
2737 1700 2856 1753 καθ’
2874 1701 2967 1765 οὓς
2997 1702 3273 1773 πόρρωθεν
3305 1701 3429 1772 βέλη
3458 1701 3725 1772 πετόμενα
3754 1700 3874 1756 καθ’
3896 1700 4050 1772 ἡμῶν

2498 1792 2731 1863 πέμπειν
2783 1791 3031 1847 εἰώθασιν
3076 1797 3123 1847 oi
3159 1794 3374 1865 ἐχθροὶ,
3410 1795 3531 1857 τοὺς
3579 1792 3925 1865 βλασφήμους
3957 1795 4051 1846 καὶ

845 1881 1139 1952 aliquando
1182 1880 1270 1935 ille
1303 1894 1426 1934 eum
1458 1880 1633 1949 potuit
1662 1878 1959 1935 devoravit.
1998 1879 2067 1932 At
2114 1894 2213 1933 nos
2242 1885 2398 1934 scuto
2429 1949 2462 1954 λ
2498 1883 2571 1935 ea,

2322 1885 2398 1933 tto
2429 1949 2462 1954 ᾳ
2498 1883 2709 1947 ἀσεϐεῖς
2740 1884 2944 1938 ἐαυτῶν
2969 1882 3174 1953 λόγους.
3204 1883 3359 1938 Κατά
3385 1882 3491 1954 γὰρ
3515 1884 3641 1945 τοὺς
3667 1882 3773 1936 τῶν
3796 1881 4048 1953 διωγμῶν

846 1949 955 2044 iam
978 1978 1275 2027 memorato
1303 1972 1552 2043 protecti,
1582 1970 1826 2026 dicentus
1854 1989 1868 2025 :
1898 1968 2024 2024 Nisi
2049 1970 2173 2041 quia
2214 1968 2371 2023 Domi
2382 1998 2398 2009 -
2429 1949 2471 2005 Β
2499 1992 2569 2028 κα

2322 1970 2371 2023 ni
2382 1998 2398 2009 -
2429 1949 2471 2005 Β
2499 1976 2737 2046 καιροὺς,
2766 1978 2827 2029 ού
2851 1949 3126 2047 πόρρωθεν
3159 1949 3545 2044 ἑστῶτες-βέλη
3572 1973 3876 2043 πέμπουσιν
3896 1949 3916 2036 ,ὴ
3935 1949 4048 2025 ἀλλ’

846 2082 944 2120 nus
984 2074 1091 2119 erat
1124 2064 1177 2119 in
1211 2065 1375 2127 nobis,
1410 2080 1527 2117 cum
1569 2071 1904 2134 exsurgerent
1937 2062 2167 2117 homines
2198 2064 2251 2117 in
2278 2080 2395 2129 nos,

846 2155 983 2224 forte
1012 2157 1145 2210 vivos
1183 2156 1519 2227 deglutissent
1558 2171 1650 2208 nos
1677 2155 1743 2209 ⁷ο.
1794 2153 1978 2225 Neque
2023 2162 2182 2210 nocte
2234 2154 2399 2225 igitur

847 2255 1016 2316 nequr
1076 2246 1313 2301 interdiu
1357 2244 1490 2315 quid
1532 2253 1720 2300 contra
1758 2260 1859 2300 nos
1897 2253 2150 2315 poterunt
2192 2245 2399 2300 inimici

848 2338 1018 2392 nostri
1047 2344 1268 2408 pr0pter
1313 2334 1599 2389 Dominum
1629 2344 2081 2406 propugnatorem
2128 2343 2397 2391 nostrum.

848 2427 1029 2494 Quare
1060 2426 1265 2481 dictum
1304 2433 1388 2481 est
1415 2444 1428 2479 :
1461 2422 1582 2477 Non
1614 2425 1814 2478 timebis
1848 2442 1881 2477 a
1912 2427 2093 2479 timore
2121 2433 2396 2489 nocturno,

848 2537 884 2575 α
933 2520 1126 2589 sagitta
1168 2518 1372 2573 volante
1398 2519 1451 2571 in
1478 2518 1580 2581 die,
1625 2534 1657 2572 a
1698 2518 1896 2587 negotio
1929 2518 2318 2585 perambulante
2347 2519 2402 2571 in

850 2610 1101 2674 tenebris;
1136 2610 1246 2665 imo
1272 2624 1445 2679 neque
1474 2626 1506 2662 a
1535 2610 1690 2662 ruina
1726 2616 1776 2663 et
1809 2608 2068 2662 damonio
2112 2609 2401 2662 meridiano

849 2704 1177 2759 timebimus.
1214 2703 1366 2769 Quod
1393 2703 1440 2756 si
1468 2702 1635 2755 millia
1662 2709 1716 2756 et
1742 2701 1926 2756 decem
1958 2696 2146 2764 millia,
2174 2701 2287 2755 sive
2318 2701 2402 2754 in-

849 2794 1142 2851 sisibilium
1188 2809 1284 2849 seu
1310 2793 1605 2847 visibilium
1660 2791 2003 2845 inimicorum
2048 2798 2101 2845 et
2147 2790 2400 2853 hostium,

851 2892 1042 2941 contra
1080 2883 1293 2938 Christi
1318 2883 1575 2954 p0pulum
1616 2890 1669 2937 et
1716 2888 1903 2935 contra
1950 2878 2245 2934 Ecclesiam
2284 2880 2403 2950 ejus

850 2975 1279 3034 insurrexerint;
1306 2987 1494 3027 omnes
1524 2987 1654 3027 sane
1678 2987 1785 3025 una
1811 2971 1982 3026 virtus
2011 2971 2129 3039 ejus
2156 2986 2264 3025 uno
2290 2987 2403 3026 mo-

852 3072 1037 3120 mento
1074 3065 1335 3130 destruet,
1367 3071 1427 3117 ut
1465 3077 1565 3117 nos
1596 3062 1728 3133 ipsis
1763 3063 1937 3118 oculis
1965 3062 2257 3117 vindictam
2289 3078 2405 3133 per-

852 3156 1171 3225 spiciamus.
1215 3152 1340 3209 Ideo
1387 3154 1584 3210 dicitur
1621 3172 1633 3209 :
1686 3152 2051 3208 Verumtamen
2083 3154 2248 3208 oculis
2301 3155 2402 3209 tuis

2498 2068 2724 2138 ἐγγύθεν
2758 2067 3065 2140 ὁρμῶντες,
3099 2068 3557 2138 καταπιεῖνγὴμᾶς
3587 2066 3739 2131 ὅλους
3774 2060 3863 2121 οἷα
3889 2065 4048 2119 θανά-

2495 2175 2590 2211 του
2623 2158 2762 2227 φίλοι
2794 2158 3083 2230 πειρῶνται
3107 2177 3119 2191 ·
3153 2158 3210 2222 ὃς
3234 2158 3457 2212 κατέπιε
3488 2157 3607 2212 τότε
3634 2157 3874 2227 ἰσχύσας.
3912 2155 4049 2208 Ἀλλ’

2500 2252 2655 2321 ἡμεῖς
2685 2268 2747 2319 γε
2770 2289 2785 2314 ,
2819 2251 2895 2322 τῷ
2924 2251 3209 2321 δηλωθέντι
3245 2241 3391 2320 ὅπλῳ
3428 2249 3829 2320 πεφυλαγμένοι
3847 2287 3863 2312 ,
3894 2246 4049 2320 ἐροῦ-

2503 2358 2601 2412 μεν
2620 2358 2633 2371 ·
2684 2343 2751 2395 Εί
2775 2341 2859 2410 μὴ
2892 2330 2980 2394 ὅτι
3012 2342 3223 2409 Κύριος
3246 2337 3325 2410 ἦν
3348 2341 3418 2393 ἐν
3442 2338 3605 2409 ἡμῖν,
3631 2338 3801 2405 ἐν.τῷ
3828 2338 4050 2393 ἐπανα-

2499 2430 2713 2499 στῆναι
2739 2430 3083 2499 ἀνθρώπους
3104 2430 3198 2497 ἑφῖ
3225 2427 3382 2497 ἡμᾶς
3401 2467 3415 2492 ,
3450 2428 3567 2496 ἄρα
3586 2426 3803 2493 ζῶντας
3835 2426 3911 2481 ἂν
3946 2442 4051 2481 κα-

2499 2524 2703 2577 τέπιον
2730 2522 2904 2593 ἡμᾶς.
2936 2522 3057 2577 οῦτ⁹
3085 2518 3176 2576 οῦν
3208 2522 3417 2593 ἡμέρας
3440 2520 3563 2575 οῦτε
3592 2520 3783 2582 νυκτὸς
3806 2520 4050 2590 δυνήσονο

2500 2614 2585 2669 ταί
2603 2633 2653 2668 τι
2678 2614 2797 2669 καθ’
2820 2618 2852 2685 ἡ
2861 2614 2974 2685 μῶν
2992 2616 3039 2667 oi
3056 2614 3237 2685 ἐχθροὶ
3257 2613 3342 2667 διὰ
3361 2614 3451 2667 τὸν
3468 2610 3879 2685 ὑπερμαχοῦντα
3897 2613 3930 2681 ἡ
3939 2610 4053 2681 μῶν

2500 2703 2719 2775 Κύριον.
2789 2705 2878 2757 Διὸ
2925 2695 3198 2758 λέλεκταιο
3249 2706 3331 2757 Οὐ
3377 2704 3688 2771 φοϐηθήσῃ
3717 2700 3837 2756 ἀπὸ
3867 2702 4053 2771 φόϐου

2500 2796 2863 2863 νυκτερινοῦ,
2888 2796 3002 2850 ἀπὸ
3030 2796 3258 2861 βέλους
3285 2794 3609 2864 πετομένου
3641 2794 3894 2862 ἡμέρας,
3935 2791 4055 2845 ἀπὸ

2501 2884 2836 2956 πράγματος
2864 2886 2933 2938 ἐν
2960 2888 3160 2940 σκότει
3200 2884 3696 2954 διαπορευομένου
3714 2900 3728 2913 ’
3780 2882 3891 2936 ἀλλ’
3935 2882 4055 2935 οὐδὲ

2501 2976 2618 3030 ἀπὸ
2674 2977 3103 3046 συμπτώματος
3149 2976 3244 3030 καί
3296 2975 3600 3045 δαιμονίου
3653 2970 4055 3044 μεσημϐρινώ

2504 3062 2937 3136 φοϐηθησόμεθα.
2993 3066 3057 3119 El
3087 3066 3143 3119 δὲ
3177 3063 3270 3118 καὶ
3297 3064 3529 3137 χιλιάδες
3558 3064 3649 3118 καὶ
3683 3063 3936 3136 μυριάδες
3959 3066 4050 3116 άο⁴

2505 3156 2679 3226 ράτων
2706 3155 2739 3227 ἢ
2766 3155 2859 3210 καί
2894 3138 3335 3229 όρατῶνέχῷῶν
3362 3158 3455 3211 καὶ
3491 3155 3759 3229 πολεμίων
3792 3154 3930 3208 κατά
3959 3154 4054 3208 τοῦ

854 3244 1230 3312 considerabis,
1270 3253 1319 3300 et
1338 3246 1394 3298 in
1423 3244 1809 3299 retributionem
1834 3254 2160 3313 peccatorum
2186 3244 2399 3300 videbis.
2430 3279 2475 3341 Ο
2502 3234 2580 3298 λα.

2333 3247 2399 3300 is.
2430 3279 2475 3341 Ο
2502 3234 2632 3341 λαοῦ
2677 3244 2770 3298 τοῦ
2822 3248 3054 3341 Χριστοῦ
3094 3251 3195 3341 καὶ,
3217 3250 3356 3304 κατά
3395 3251 3493 3341 τῆς
3530 3246 3851 3341 Ἐκκλησίας
3892 3246 4054 3341 αὐτοῦ

853 3337 964 3393 Nos
1008 3344 1185 3393 autem
1237 3339 1503 3393 sermonis
1541 3336 1823 3392 veritatem
1872 3338 1988 3408 ipsa
2034 3338 2402 3407 exemplorum
2440 3336 2475 3341 “
2506 3337 2578 3389 ἐπ

2327 3353 2402 3391 ιω
2440 3336 2475 3341 “
2506 3337 2885 3401 ὲπανασταῖεν,
2914 3338 3048 3392 ἀλλὰ
3077 3339 3170 3393 καὶ
3209 3340 3413 3403 πάντας
3435 3339 3643 3411 ἀθρόως
3664 3336 3799 3408 ὁμοῦ
3832 3337 3923 3389 καὶ
3950 3336 4053 3389 πά-

853 3427 1297 3496 interpretatione
1318 3426 1676 3498 percepimus,
1699 3435 1990 3496 conspecto
2016 3426 2181 3481 variis
2202 3433 2405 3496 tempo-

853 3517 1004 3572 ribus
1023 3513 1316 3575 Ecclesiam
1342 3516 1542 3571 Christi
1570 3518 1997 3587 impugnantium
2015 3515 2139 3580 line,
2162 3516 2253 3587 qui
2269 3532 2401 3571 con-

853 3608 1055 3672 f65lil{.
1072 3622 1172 3662 nec
1196 3608 1355 3679 longo
1378 3617 1499 3678 post
1522 3616 1761 3677 tempore
1788 3622 1821 3662 a
1842 3606 1952 3663 Deo
1974 3608 2224 3667 debellati
2252 3614 2397 3664 sunt.

2510 3442 2608 3489 σας
2633 3428 2665 3495 ἡ
2694 3426 2854 3480 αὑτοῦ
2879 3425 3101 3498 δύναμις
3128 3428 3185 3480 ἐν
3215 3430 3312 3498 μιᾷ
3338 3430 3475 3499 ῥοπῇ
3509 3426 3758 3491 καθελεῖ,
3785 3424 3859 3488 ὡς
3878 3425 4056 3486 αὐτοῖς

2504 3515 2794 3587 ὀφθαλμοῖς
2829 3517 3155 3589 παραλαϐεῖν
3184 3520 3329 3589 ἡμᾶς
3355 3524 3451 3590 την
3480 3517 3774 3585 ἐκδίκησιν.
3858 3514 3947 3568 Διὸ
3971 3513 4055 3567 λέ-

2505 3607 2708 3661 λεκται³
2766 3608 2939 3679 Πλὴν
2965 3609 3086 3677 τοῖς
3122 3611 3447 3681 ὀφθαλμοῖς
3489 3626 3604 3664 σου
3644 3607 4056 3675 κατανοήσεις,

854 3704 953 3757 καί
1002 3702 1408 3758 ἀνταπόδοσιν
1453 3702 1810 3771 ἁμαρτωλῶν
1859 3703 2010 3773 ὄψει.
2064 3704 2333 3774 Ἠμεῖςιδὲ
2371 3702 2463 3756 τοῦ
2500 3703 2656 3773 λόγου
2692 3706 2792 3775 τὴν
2831 3705 3085 3777 ἀλήθειαν
3130 3704 3191 3771 ἐξ
3224 3706 3391 3777 αὐτῆς
3421 3706 3523 3777 τῆς
3550 3703 3840 3777 ἑρμηνείας
3866 3718 4057 3771 παρει-

853 3796 1101 3869 λήφαμεν
1123 3837 1139 3862 ,
1172 3796 1311 3851 κατά
1338 3797 1559 3868 καιροὺς
1606 3797 1674 3851 τά
1716 3798 1845 3868 τέλη
1908 3798 2235 3869 συνορῶντες
2265 3797 2374 3851 τῶν
2395 3796 2491 3869 τὴν
2540 3799 2860 3871 Ἐκκλησίαν
2886 3799 2980 3854 τοῦ
3006 3800 3140 3854 Θεοῦ
3170 3799 3608 3868 πολεμησάντων,
3640 3795 3973 3867 παραχρῆμά
3997 3812 4057 3847 τε

855 3888 949 3941 καὶ
974 3888 1073 3941 οὐκ
1107 3889 1185 3952 είς
1214 3889 1418 3960 μακρὸν
1448 3888 1551 3941 ὑπὸ
1572 3888 1665 3941 τοῦ
1693 3886 1828 3942 Θεοῦ
1859 3889 2307 3959 πολεμηθέντων.ι

925 3992 1051 4049 Haec
1080 4010 1240 4064 porro
1268 3998 1469 4069 omnia,
1504 4007 1559 4053 et
1598 4004 1791 4053 cetera
1811 3997 1913 4053 sub
1939 3997 2055 4052 haec
2084 4004 2400 4065 memorata,

857 4087 927 4145 ad
958 4089 1231 4145 hominem
1267 4090 1426 4145 etiam
1459 4092 1551 4163 qui
1598 4094 1654 4147 in
1702 4091 1921 4148 Christo
1954 4102 2039 4148 est
2080 4089 2404 4159 referentur,

857 4196 1070 4238 necnon
1108 4181 1175 4235 ad
1220 4196 1407 4238 omnes
1435 4185 1535 4255 qui
1562 4183 1742 4239 dicere
1771 4182 1984 4237 valeant
2018 4203 2030 4236 :
2064 4182 2253 4238 Omnia
2282 4198 2406 4252 pos-

857 4291 972 4330 sum
994 4275 1047 4328 in
1069 4291 1126 4329 eo
1145 4274 1235 4346 qui
1268 4290 1348 4329 me
1369 4274 1628 4342 confortat
1658 4273 1865 4329 Christo
1892 4274 2088 4329 Iesu."
2119 4273 2217 4330 Hic
2246 4291 2406 4345 porro

860 4365 1021 4420 fuerit
1047 4365 1250 4420 Christi
1271 4364 1491 4429 chorus,
1521 4362 1613 4434 qui
1637 4378 1701 4417 ex
1725 4365 1930 4419 sanctis
1950 4371 2004 4419 et
2033 4364 2284 4434 perfectis
2317 4364 2407 4421 Dei

2575 4001 2759 4056 Πάντα
2777 4001 2833 4055 δὲ
2848 3998 3011 4055 ταῦτα
3026 4001 3119 4056 καὶ
3128 4012 3197 4055 τα
3221 3998 3429 4063 τούτοις
3451 3997 3575 4069 ἑξῆς
3593 3996 3947 4067 ἐπιλεγόμενα
3968 3998 4068 4053 ἐπὶ

2507 4092 2597 4146 τὸν
2617 4094 2673 4146 ἐν
2688 4091 2903 4165 Χριστῷ
2922 4091 3202 4165 ἄνθρωπον
3221 4090 3648 4163 ἀνενεχθήσεται,
3670 4089 3763 4143 καὶ
3780 4090 3870 4143 ἐπὶ
3886 4088 4061 4144 πάντα

2508 4184 2598 4237 τὸν
2643 4180 2751 4238 οἷόν
2797 4202 2856 4237 τε
2892 4183 3067 4252 λέγειν
3087 4201 3102 4215 υ
3146 4182 3348 4237 Πάντα
3390 4182 3575 4251 ἰσχύω
3608 4182 3678 4236 ἐν
3708 4179 3789 4247 τῷ
3814 4180 4060 4235 ἐνδυναρ

2505 4274 2719 4343 μόῦντί
2740 4290 2815 4343 με
2842 4273 3070 4342 Χριστῷ
3109 4271 3321 4341 Ἰησοῦ.
3391 4264 3557 4335 Οὗτος
3586 4271 3629 4325 δ’
3665 4271 3729 4325 ἂν
3761 4269 3845 4342 εῐη
3872 4272 3901 4324 ό
3929 4271 4062 4341 Χρι-

2514 4364 2637 4418 στοῦ
2682 4364 2867 4435 χορὸς,
2904 4367 2933 4417 ὁ
2959 4364 3016 4430 ἐξ
3057 4363 3222 4433 ἁγίων
3254 4363 3345 4417 καὶ
3371 4361 3588 4416 τελείων
3610 4360 3744 4415 Θεοῦ
3774 4359 4064 4431 μαρτύρων

859 4456 1188 4527 martyribus
1238 4463 1474 4521 constat,
1504 4455 1703 4525 quique
1767 4452 1834 4507 ad
1880 4454 2193 4523 sanguinem
2241 4470 2411 4525 usque
2514 4474 2585 4509 συ·

2334 4471 2411 4525 [ue
2514 4454 2797 4518 συνεστὼς,
2831 4457 2859 4508 ό
2880 4455 3069 4527 μέχρις
3099 4454 3327 4526 αἵματος
3354 4451 3745 4523 ἀγωνιζόμενος
3766 4451 3908 4521 ὑπὲρ
3926 4450 4060 4521 ἀλη-

860 4561 960 4617 pro
992 4546 1558 4608 veritate‘decertavit,
1590 4553 1643 4600 et
1672 4545 1857 4599 bravia
1887 4545 2123 4599 victoria:
2152 4560 2275 4599 cum
2303 4545 2409 4601 Deo
2512 4548 2586 4601 θεί

2338 4557 2409 4601 leo
2512 4548 2692 4614 θείας,
2732 4546 2825 4599 καὶ
2854 4545 2923 4599 τά
2968 4546 3190 4617 βραϐεϊα
3217 4547 3316 4616 τῆς
3360 4548 3418 4598 ἐν
3445 4542 3563 4612 Θεῷ
3600 4543 3754 4611 νίκης
3788 4541 3929 4596 κατὰ
3954 4541 4064 4596 τῶν

859 4641 1029 4707 parte
1050 4634 1311 4689 adversus
1341 4634 1590 4689 inimicos
1615 4636 1816 4689 retulit.
1852 4633 1974 4688 Haec
2009 4636 2158 4700 item,
2189 4652 2309 4707 quae
2328 4638 2409 4693 di-
2443 4622 2484 4676 Ῑ)
2511 4640 2585 4691 ἀν

2339 4638 2409 4693 Ji-
2443 4622 2484 4676 Ῑ)
2511 4638 2815 4691 ἀντιπάλων
2863 4638 3162 4709 αἰρόμενος.
3209 4637 3319 4691 Καὶ
3344 4634 3437 4688 ἐπὶ
3461 4632 3551 4687 τὸν
3580 4633 3863 4703 ἄνθρωπον
3888 4634 3945 4688 δὲ
3970 4633 4065 4687 τοῦ

858 4733 945 4781 cta
974 4730 1119 4790 sunt,
1144 4724 1345 4781 Christi
1397 4724 1603 4778 homini
1639 4726 2031 4796 coaptabuntur
2072 4744 2085 4781 :
2131 4725 2235 4781 hoc
2265 4729 2409 4783 enim
2512 4732 2584 4800 Χρ

2338 4729 2409 4783 im
2512 4730 2745 4800 Χριστοῦ
2772 4729 3166 4801 ἀρμοσθήσεται
3192 4728 3261 4780 τά
3291 4726 3553 4797 λεγόμενα
3573 4742 3586 4755 ·
3608 4722 3763 4780 τοῦτο
3778 4723 3908 4795 γοῦν
3926 4743 4064 4796 παρ⁶

862 4817 1099 4870 declarat
1134 4816 1400 4871 dictorum
1438 4815 1625 4871 series.
1660 4813 1793 4870 Nam
1839 4834 1961 4872 cum
2003 4804 2069 4873 ad
2103 4820 2408 4889 quempiam
2518 4822 2588 4875 lcn

2340 4836 2408 4874 tm
2518 4822 2723 4893 ίστησιν
2753 4820 2889 4890 αῦτη
2941 4820 2974 4889 ἡ
3013 4818 3118 4871 τῶν
3145 4817 3526 4889 ἐμφερομένων
3546 4815 3849 4871 ἀκολουθία.
3884 4812 4066 4869 Εἰπὼν

863 4908 1091 4964 dixisset
1123 4926 1139 4963 :
1170 4908 1428 4974 Quoniam
1459 4911 1563 4979 ipse
1599 4910 1839 4963 liberabit
1888 4911 1949 4966 de
1999 4912 2181 4983 laqueo
2224 4930 2409 4968 venan-
2512 4912 2586 4981 γά

2339 4931 2409 4967 ιιι-
2512 4912 2619 4983 γάρ
2648 4915 2675 4965 ὁ
2697 4912 2852 4981 λόγος
2881 4910 3014 4980 πρὸς
3041 4908 3135 4962 ἕνα
3162 4907 3284 4962 τινὰ
3302 4949 3317 4974 ,
3361 4909 3487 4962 Ὀτι
3522 4908 3703 4973 αὐτὸς
3723 4907 3975 4974 ῥύσεται
3999 4905 4065 4958 ἐκ

865 5000 1015 5065 tium,
1038 5009 1087 5055 et
1106 5018 1137 5053 a
1163 4999 1313 5053 verbo
1347 5001 1661 5065 turbulento,
1688 5011 1741 5059 et
1772 5019 1785 5056 :
1819 5000 2143 5072 In’scapulis
2170 5006 2279 5073 suis
2317 5005 2409 5058 ob-
2516 5020 2591 5056 πα

2339 5005 2409 5057 ιῡ-
2516 5004 2761 5073 παγίδος
2777 5000 3069 5069 θηρευτῶῖ·
3089 5001 3185 5056 καί
3205 5001 3322 5057 ἀπὸ
3340 5002 3523 5071 λόγου
3539 4983 3931 5067 ταραχώδους,
3950 4998 4065 5062 καὶ,

864 5091 1122 5145 umbrabit
1170 5091 1284 5154 tibi,
1326 5101 1374 5145 et
1405 5092 1498 5145 sub
1528 5095 1707 5162 pennis
1739 5094 1850 5162 ejus
1883 5094 2155 5162 sperabis;
2199 5104 2251 5149 et
2285 5111 2407 5149 cum
2526 5095 2589 5147 ’E

2340 5111 2407 5149 Im
2526 5095 2628 5147 Ἐν
2648 5092 2768 5157 τοῖς
2798 5091 3179 5162 μεταφρένοις
3206 5090 3391 5144 αὑτοῦ
3426 5085 3759 5141 ἐπισκιάσει
3796 5101 3927 5151 σοι,
3966 5088 4066 5141 καί

864 5181 1108 5237 eumdem
1138 5183 1415 5252 alloquens
1445 5184 1772 5239 subdidisset
1821 5203 1832 5237 :
1875 5181 2034 5237 Scuto
2068 5183 2410 5236 circumdabit
2519 5187 2590 5238 im

2340 5184 2410 5236 bit
2519 5184 2635 5238 ὑπὸ
2682 5181 2787 5248 τὰς
2824 5182 3107 5253 πτέρυγας
3156 5182 3339 5235 αὐτοῦ
3370 5177 3623 5243 ἐλπιεῗς·
3680 5177 3937 5250 καὶπρὸς
3976 5178 4066 5232 τὸν

2521 5277 2679 5331 αὑτὸν
2707 5276 2923 5345 ἐπάγων
2949 5276 3009 5330 τὺ
3027 5318 3043 5343 ,
3085 5276 3287 5340 ὀπλῳ
3329 5268 3623 5325 κυκλώσει
3648 5286 3723 5325 σε
3752 5272 3791 5340 ή
3821 5270 4067 5339 ἀλήθεια

2516 5365 2699 5420 αὑτοῦ
2718 5382 2732 5395 '
2762 5365 2855 5418 καὶ
2890 5364 2951 5417 τδ
2969 5403 2984 5429 ,
3012 5365 3094 5417 οὐ
3120 5358 3430 5431 φοϐηθήσῃ
3456 5358 3571 5414 ἀπὸ
3595 5360 4067 5428 φόϐουνυκτερι-

2509 5454 2621 5510 νοῦ
2641 5472 2655 5487 ’
2680 5455 2773 5510 καὶ⁵
2797 5454 2877 5518 τὸ,
2912 5451 3183 5507 Πεσεῖται
3208 5449 3275 5503 ἐκ
3296 5450 3400 5505 τοῦ
3435 5450 3675 5514 κλίτους
3702 5464 3816 5503 σου
3848 5446 4067 5527 χιλιὰς,

2511 5546 2609 5599 καί
2632 5545 2845 5614 μυριὰς
2865 5544 2933 5596 ἑκ
2952 5539 3164 5605 δεξιῶν
3181 5554 3295 5593 σου
3309 5580 3323 5604 ,
3357 5539 3506 5608 πρὸς
3526 5538 3600 5591 σὲ
3622 5536 3688 5591 δὲ
3709 5538 3819 5591 οὐκ
3853 5532 4065 5603 σηοιεῦ

2513 5637 2604 5689 καὶ
2624 5635 2826 5697 τούτοις
2847 5631 3150 5703 προστιθεὶς
3174 5632 3252 5697 τὸ,
3278 5630 3449 5699 Πλὴν
3468 5629 3587 5694 τοῖς
3608 5624 3929 5696 ὀφθαλμοῖς
3952 5640 4065 5681 σου

2514 5724 2923 5794 κατανοήσεις,
2958 5724 3050 5777 κα)
3085 5722 3485 5777 ἀνταπόδοσιν
3508 5715 3863 5788 ἁμαρτωλῶν
3894 5714 4029 5785 ὄψει
4049 5730 4063 5749 ·

867 5283 915 5327 te
944 5274 1133 5327 veritas
1160 5275 1313 5343 ejus;
1345 5282 1398 5330 et
1424 5274 1555 5328 illud
1588 5293 1603 5330 :
1643 5274 1763 5330 Non
1796 5276 1997 5330 timebis
2038 5293 2071 5329 a
2114 5276 2295 5328 timore
2323 5290 2413 5328 no-

858 5374 1080 5425 cturno;
1118 5362 1349 5435 itemque
1383 5384 1396 5421 :
1431 5365 1631 5421 Cadent
1664 5382 1697 5419 a
1733 5368 1896 5422 latere
1934 5375 2021 5421 tuo
2060 5366 2283 5431 mille,et
2323 5364 2413 5419 de-

866 5468 975 5507 cem
1008 5451 1179 5505 millia
1214 5471 1246 5507 a
1273 5455 1469 5509 dextris
1517 5455 1643 5521 tuis,
1687 5454 1755 5506 ad
1786 5462 1833 5507 te
1879 5463 2051 5506 autem
2084 5470 2185 5507 non
2222 5467 2411 5521 appro-

865 5542 1168 5613 pinquabit;
1210 5552 1263 5598 et
1302 5545 1586 5614 adiecisset
1628 5564 1641 5599 :
1694 5543 2056 5597 Verumtamen
2092 5544 2256 5597 oculis
2305 5543 2408 5597 tuis
2448 5618 2453 5622 ἡ

867 5633 1239 5699 considerabis,
1285 5643 1335 5689 et
1375 5635 1765 5688 retributionem
1796 5641 2129 5713 peccatorum
2179 5632 2407 5695 videbis;

868 5739 990 5779 cum
1034 5727 1211 5783 omnia
1234 5728 1579 5799 singulariter
1604 5730 1756 5798 quasi
1785 5729 1851 5783 de
1873 5742 1982 5781 uno
2011 5728 2222 5784 locutus
2246 5733 2408 5796 esset,

867 5928 889 5940 -
939 5878 984 5912 τ·
1024 5876 1162 5933 Psal.
1196 5897 1379 5936 cum.
1418 5882 1535 5936 1-5.
1607 5882 1646 5945 τι
1689 5862 1882 5937 Philip.
1926 5898 1995 5937 ιτ.
2034 5880 2117 5935 15.
