4372 6414
266 513 400 557 1149

1371 513 1410 562 U
1422 512 1866 564 UMMENI‘ARIA
1906 515 1969 564 ΞΝ
2011 513 2342 567 PSALMUS.

2821 2 3250 10 __.._._.___._——._..._—.
3261 0 3377 8 ...η-

3331 520 3466 567 Ηῐρυ

264 616 439 669 πάντα
475 615 532 670 δὲ
556 615 624 669 τὰ
653 616 845 680 ἑνικῶς
869 616 1035 670 εἰπὼν
1057 616 1129 680 ὡς
1157 617 1292 687 πρὸς
1319 604 1411 672 ἕνα
1435 623 1572 686 τινὰ,
1602 624 1822 676 ὲπισυν-
1852 631 1898 686 Α
1926 626 1990 698 sit

1742 643 1822 676 δν-
1852 631 1898 686 Α
1926 626 2003 698 sic
2037 623 2197 680 infert
2230 623 2520 690 :Quoniam
2554 640 2606 675 ιιι
2635 639 2707 686 es,
2743 629 2979 689 Domine,
3005 639 3116 691 spes
3139 641 3272 686 mea.
3306 626 3468 679 Altis-

262 707 421 762 άπτει
462 708 651 777 λέγων,
694 710 813 762 Ὅτι
838 710 938 772 σὺ,
977 712 1168 778 Κύριε,
1186 713 1358 778 ἐλπίς
1367 731 1504 781 μου,
1527 715 1630 767 τὸν
1653 716 1673 734 ’⁷
1688 717 1817 783 Υψι-

263 815 412 852 στον
436 799 574 854 ἔθου
608 801 954 870 καταφυγήν
973 816 1087 854 σου
1105 820 1117 834 ο
1144 803 1448 870 σαφέστατα
1474 804 1816 874 παρίσταται,

262 887 344 940 ὅτι
384 886 586 958 Κύριος
621 883 688 956 ἦν
722 887 852 956 πρὸς
880 888 936 938 ὃν
961 887 1130 940 ταῦτα
1161 889 1332 941 πάντα
1359 890 1588 958 ἐλέγετο.
1639 893 1816 963 Μηδε-

265 979 393 1046 μιᾶς
423 977 531 1047 γὰρ
570 977 822 1046 διαμέσου
852 977 1145 1049 ὲναλλαγῆς
1179 979 1465 1050 προσώπου
1506 983 1816 1054 γενομένης,

265 1068 498 1138 συνῆψεν
521 1071 550 1121 ὁ
595 1069 748 1136 λόγος
780 1071 882 1123 ὑπὸ
932 1073 1056 1139 μίαν
1088 1070 1319 1125 διάνοιαν
1352 1073 1426 1134 ὼς
1455 1073 1588 1142 πρὸς
1629 1073 1721 1124 ἕνα
1753 1075 1820 1127 τὰ

263 1159 470 1212 πάντα·
506 1159 813 1230 παρέστησε
845 1179 899 1213 τε
934 1160 1016 1224 τίς
1066 1178 1191 1214 ποτε
1240 1157 1306 1232 ἦν
1332 1156 1502 1224 οὗτος,
1551 1163 1821 1231 διασαφῶν

263 1250 391 1321 ἑξῆς
423 1252 515 1304 καὶ
545 1250 714 1319 λέγων
735 1269 747 1281 ·
785 1253 902 1304 Ὅτι
942 1252 1021 1306 σὺ
1041 1293 1055 1315 ,
1092 1254 1296 1320 Κύριε,
1329 1254 1503 1319 ἐλπίς
1536 1272 1684 1322 μου,
1719 1255 1822 1307 τὸν

263 1341 566 1411 "reluctor
596 1344 733 1397 ἔθου
781 1341 1130 1412 καταφυγήν
1171 1359 1305 1397 σου.
1355 1345 1564 1415 Ἐπειδὴ
1596 1345 1700 1417 γαρ
1735 1345 1818 1408 σὺ,

265 1435 428 1503 φησὶν
447 1473 462 1496 ,
491 1427 535 1486 ὧ
568 1432 768 1502 Κύριε,
803 1434 886 1501 ἐφ’
914 1433 972 1485 ὃν
1000 1432 1109 1500 ἐγὼ
1141 1433 1339 1502 ήλπισα
1363 1471 1377 1494 ,
1411 1434 1501 1485 τὸν
1547 1434 1819 1501 Ὕψιστον,

263 1521 459 1593 δηλαδὴ
478 1523 567 1574 τὸν
595 1522 849 1575 ἀνωτάτω
868 1521 1025 1585 Θεὸν,
1056 1522 1147 1573 καὶ
1175 1522 1368 1574 σαυτοῦ
1394 1523 1626 1594 Πατέρα,
1657 1540 1820 1576 κατα-

263 1613 441 1686 φυγὴν
478 1612 597 1666 ἔθου
628 1613 851 1665 σεαυτοῦ
873 1653 887 1679 ,
916 1610 1004 1664 διὰ
1028 1611 1185 1665 τοῦτο
1214 1613 1272 1665 οὑ
1302 1613 1714 1683 προσελεύσεταί
1744 1631 1822 1666 σοι

261 1700 383 1754 οὔτε
405 1696 598 1770 χιλιὰς,
624 1699 747 1753 οὕτε
775 1700 991 1774 μυριὰς,
1024 1699 1144 1753 οὕτε
1171 1700 1393 1769 παγίδες
1416 1701 1708 1772 θηρευτῶν,
1738 1701 1825 1754 οῦ-

260 1809 322 1846 τε
342 1810 393 1845 τι
423 1791 606 1863 ἕτερον
626 1792 734 1847 τῶν
754 1791 1248 1864 κατηριθμημένων
1265 1809 1278 1824 ο
1309 1793 1401 1846 καὶ
1425 1794 1716 1865 ἐπειδήπερ
1738 1795 1822 1858 σὺ,

260 1876 308 1936 ὦ
332 1882 522 1954 Κύριε,
557 1878 609 1936 εἴ
633 1900 730 1954 μου
751 1882 843 1936 τοῦ
872 1881 1041 1937 ταῦτα
1062 1883 1305 1952 λέγοντος
1332 1883 1505 1947 ἐλπὶς,
1538 1886 1646 1937 Τὸν
1663 1887 1682 1901 "
1697 1887 1826 1952 Υψι-

1918 712 2105 785 simum
2148 713 2365 778 posuisti
2412 712 2664 780 refugium
2701 721 2878 774 tuum;
2926 703 3265 781 apertissime
3289 714 3469 768 decla-

1917 813 2043 852 rans
2065 798 2348 852 Dominum
2377 815 2496 854 esse
2521 799 2586 852 ad
2603 814 2758 868 quem
2784 799 2895 852 huic
2926 799 3102 852 omnia
3125 799 3463 854 dicebantur.

1917 885 2049 940 Cum
2085 888 2233 939 nulla
2276 887 2418 940 enim
2455 888 2510 940 in
2550 887 2726 940 medio
2770 903 3012 956 personae
3060 889 3285 941 mutatio
3323 888 3465 943 facta

1919 978 2008 1042 sit,
2048 978 2225 1031 omnia
2259 993 2362 1030 una
2397 979 2680 1040 sententia,
2715 980 2865 1046 quasi
2915 981 3006 1032 uni
3048 980 3213 1040 dicta,
3245 982 3469 1034 concin-

1921 1077 2044 1122 nata
2072 1078 2216 1130 sunt,
2249 1084 2311 1121 ac
2352 1069 2434 1133 his
2473 1068 2651 1122 verbis
2683 1068 2825 1122 clare
2855 1069 3191 1138 signiﬁcatur
3219 1071 3464 1125 declara-

1920 1169 2111 1230 turque
2143 1151 2388 1229 quis-ille
2421 1161 2489 1213 sit
2524 1179 2535 1210 :
2565 1161 2821 1224 Quoniam
2854 1168 2908 1211 tu
2954 1177 3028 1224 es,
3073 1159 3310 1226 Domine,
3352 1176 3466 1229 spes

1921 1269 2054 1314 mea,
2080 1252 2406 1305 Altissimum
2438 1252 2657 1318 posuisti
2678 1250 2933 1320 refugium
2955 1261 3120 1304 tuum.
3141 1251 3277 1317 Quia
3299 1254 3462 1316 enim,

1921 1341 2113 1410 inquit,
2161 1349 2240 1405 tu,
2289 1339 2530 1403 Domine,
2567 1341 2621 1393 in
2661 1356 2818 1411 quem
2865 1355 2962 1410 ego
2999 1342 3467 1409 speravi,.Altissi-

1921 1446 2086 1493 mum,
2136 1430 2188 1484 id
2239 1439 2320 1484 est
2355 1445 2666 1499 supremum
2723 1429 2891 1483 Deum
2934 1440 2986 1485 et
3041 1429 3253 1485 Patrem
3293 1439 3464 1496 tuum,

1919 1520 2182 1590 refugium
2217 1531 2364 1574 tuum
2412 1522 2664 1590 posuisti,
2705 1521 2826 1575 ideo
2858 1537 2965 1575 non
2996 1520 3251 1574 accedent
3287 1523 3352 1576 ad
3389 1533 3462 1585 te,

1922 1627 2092 1681 neque
2125 1613 2310 1674 millia,
2349 1628 2522 1681 neque
2553 1613 2732 1666 decem
2783 1613 2970 1675 millia,
3019 1628 3117 1667 nec
3168 1614 3342 1682 laquei
3374 1630 3467 1668 ve-

1922 1705 2183 1768 nantium,
2217 1719 2388 1772 neque
2427 1703 2570 1758 aliud
2614 1703 2885 1774 quidpiam
2933 1719 2997 1758 ex
3033 1704 3379 1758 memoratis:
3414 1713 3470 1759 et.

1923 1797 2046 1866 quia
2073 1805 2150 1859 tu,
2191 1795 2433 1860 Domine,
2466 1811 2588 1865 spes
2628 1797 2730 1850 mei
2762 1813 2821 1851 es
2852 1797 2964 1850 haec
2993 1795 3219 1851 dicentis
3253 1816 3270 1850 :
3301 1797 3468 1850 Altis-

1923 1888 2113 1940 simum
2138 1887 2359 1955 posuisti
2390 1886 2648 1956 refugium
2680 1895 2867 1949 tuum;
2903 1886 3023 1942 ideo
3065 1887 3218 1940 initio
3260 1901 3467 1940 sermo—

260 1989 414 2029 στον
443 1974 582 2028 ἔθου
614 1973 961 2043 καταφυγήν
985 1990 1099 2029 σου
1123 1993 1135 2005 ·
1171 1975 1258 2028 διὰ
1288 1973 1443 2027 τοῦτο
1473 1976 1564 2026 καὶ
1585 1976 1817 2046 ἀρχόμε-
1852 1963 1894 2025 Β
1922 1977 1986 2031 ni:

1740 1994 1817 2028 ιε·
1852 1963 1894 2025 Β
1922 1977 2004 2032 nis
2037 1976 2102 2031 de
2131 1985 2182 2030 te
2226 1977 2469 2031 dicebam
2518 1998 2532 2019 ο
2557 1976 2660 2041 Qui
2683 1976 2884 2030 habitat
2926 1977 2980 2029 in
3014 1977 3274 2046 adjutorio
3306 1978 3466 2032 Altis-

261 2081 352 2128 νος
393 2064 574 2133 ἔλεγον
621 2067 747 2136 περὶ
801 2066 915 2129 σοῦ,
953 2069 1007 2118 Ὀ
1033 2066 1320 2120 κατοικῶν
1343 2067 1410 2118 ἐν
1434 2066 1692 2134 βοηθείᾳ
1716 2069 1820 2122 τοῦ

272 2152 580 2224 'rwmov,
597 2156 652 2226 ἢ,
669 2156 732 2207 '0
746 2155 1073 2224 καθήμενος
1086 2158 1154 2210 ἐν
1171 2157 1490 2224 ἀποκρύφῳ
1504 2157 1518 2176 '
1530 2159 1789 2225 Υψίστου
1805 2176 1818 2189 ·

261 2245 558 2316 ἐπειδήπερ
599 2247 656 2298 ὲν
693 2247 1017 2318 ἀπορρήτοις
1062 2247 1154 2299 καὶ
1196 2249 1530 2318 ἀποκρύφοις
1576 2248 1821 2319 σύνεδρον

263 2354 323 2389 σε
355 2338 448 2390 καὶ
489 2322 770 2408 σύνθρονον
802 2341 829 2391 ὁ
861 2338 1115 2406 ’Υψιστος
1147 2339 1452 2410 ἐποιήσατο,
1483 2341 1657 2410 φήσας
1686 2341 1820 2410 πρὸς

264 2428 355 2480 σέο
412 2427 604 2482 Κάθου
637 2430 704 2482 ἐκ
734 2428 851 2482 τῶν
882 2429 1092 2494 δεξιῶν
1115 2448 1264 2498 μου,
1301 2413 1410 2497 ἕως
1453 2431 1528 2483 ἂν
1565 2430 1643 2484 θῶ
1684 2431 1821 2495 τοὺς

259 2521 510 2588 ἐχθρούς
539 2536 653 2576 σου
678 2523 1008 2576 ὑποπόδιον
1038 2523 1155 2574 τῶν
1188 2521 1387 2576 ποδῶν
1415 2540 1549 2575 σου.

344 2610 592 2679 Ὑψίστου
608 2611 966 2686 δὲονοουμένσυ
982 2615 1039 2664 ἐν
1058 2614 1264 2675 τούτοις
1283 2612 1373 2664 τοῦ
1391 2613 1661 2665 ἀνωτάτου
1687 2611 1819 2663 Θεοῦ

260 2699 370 2752 τῶν
401 2700 566 2753 ὅλων·
595 2701 798 2769 Κυρίου
825 2701 879 2754 δὲ
907 2701 1035 2754 Υἱοῦ
1065 2703 1156 2754 τοῦ
1185 2702 1336 2765 Θεοῦ,
1367 2703 1423 2759 ὃς
1453 2701 1541 2754 τὸν
1562 2702 1819 2770 ’Ὕψιστον

261 2789 411 2842 ἔθετο
442 2791 752 2859 καταφυγὴν
779 2790 961 2856 αὑτοῦ,
991 2793 1214 2855 εἰκότως
1252 2793 1343 2844 καὶ
1362 2793 1595 2861 Μωῡσῆς
1621 2793 1695 2862 τῷ
1729 2794 1824 2846 αὑ⁴

260 2875 340 2944 τῷ
361 2875 486 2946 θείῳ
505 2878 776 2947 Πνεύματι
795 2878 1215 2950 θεοφορούμενος
1239 2881 1511 2934 ἐδίδασκεν
1532 2882 1587 2932 ὲν
1614 2883 1821 2953 μεγάλῃ

259 2964 371 3036 ᾠδῇ
399 2966 594 3034 λέγων·
637 2969 802 3046 ’Ὅτε
820 2967 1130 3037 διεμέριζεν
1162 2973 1193 3022 ό
1224 2971 1514 3038 ’Υψιστος
1543 2973 1682 3039 ἔθνη
1703 3012 1716 3034 ,
1745 2974 1822 3038 ὡς

261 3055 596 3125 διέσπειρε-ν
626 3057 792 3122 υἱοὺς
824 3057 1014 3126 Ἀδὰμ,
1042 3059 1302 3127 ἔστησεν
1324 3060 1448 3127 ὅρια
1468 3061 1652 3114 ἐθνῶν
1679 3062 1822 3114 κατὰ

261 3147 508 3216 ἀριθμὸν
527 3149 792 3218 ἀγγέλων
815 3148 980 3202 Θεοῦ.
1007 3149 1115 3204 Καὶ
1137 3150 1385 3218 ἐγενήθη
1405 3151 1584 3217 μέρος
1602 3154 1821 3218 Κυρίου

261 3239 409 3305 λαὸς
426 3239 606 3294 αὐτοῦ
641 3233 851 3302 Ἰακὼϐ,
876 3226 1200 3308 σχόίνισμα
1222 3230 1618 3308 κληρονομίας
1641 3241 1822 3294 αὐτοῦ

1922 2067 2058 2128 simi,
2095 2074 2187 2120 aut
2216 2084 2229 2118 :
2264 2067 2368 2133 Qui
2389 2067 2592 2120 habitat
2613 2068 2666 2120 in
2697 2067 2999 2121 abscondito
3029 2068 3308 2131 Altissimi,
3339 2069 3466 2139 quia

1922 2155 1974 2209 in
2003 2157 2216 2216 arcanis
2248 2166 2300 2210 et
2330 2157 2558 2212 occultis
2594 2165 2648 2212 te
2685 2157 2994 2212 Altissimus
3023 2159 3166 2213 sedis
3205 2168 3257 2214 et
3287 2160 3466 2215 throni

1921 2254 2224 2301 consortem
2248 2246 2442 2310 effecit,
2474 2256 2528 2302 te
2565 2249 2644 2303 sic
2685 2249 2963 2317 alloquens
3000 2268 3014 2302 :
3047 2247 3177 2302 Sede
3204 2268 3236 2302 a
3265 2251 3467 2306 dextris

1920 2337 2067 2400 meis,
2108 2335 2268 2389 donec
2306 2353 2494 2405 ponam
2539 2341 2774 2394 inimicos
2808 2351 2921 2392 tuos
2969 2339 3248 2394 scabellum
3281 2342 3468 2410 pedum

1922 2439 2126 2482 tuorum
2149 2431 2216 2483 ".

1988 2586 2122 2640 Cum
2167 2596 2343 2641 autem
2375 2590 2682 2644 Altissimus
2705 2589 2793 2644 hic
2824 2605 2921 2659 pro
2951 2606 3204 2660 supremo
3229 2594 3466 2647 omnium

1921 2675 2028 2730 Deo
2058 2678 2414 2748 intelligatur;
2469 2679 2727 2735 Dominus
2781 2686 2958 2733 autem
3023 2697 3118 2749 pro
3175 2679 3310 2735 Filio
3354 2681 3467 2745 Dei,

1921 2769 2012 2837 qui
2053 2769 2385 2823 Altissimum
2419 2772 2596 2839 posuit
2630 2770 2893 2840 refugium
2937 2786 3130 2836 suum;
3157 2773 3279 2840 jure
3325 2772 3472 2842 Moy-

1923 2873 2009 2912 ses
2031 2857 2268 2926 ejusdem
2305 2857 2537 2927 Spiritus
2554 2860 2772 2912 numine
2793 2859 3002 2913 aﬂlatus
3030 2860 3081 2911 in
3106 2875 3299 2930 magno
3341 2873 3472 2913 can-

1920 2953 2026 3007 tico
2061 2954 2170 3006 haec
2210 2953 2390 3006 docuit
2425 2972 2436 3005 :
2471 2951 2689 3017 Quando
2729 2951 2987 3005 dividebat
3020 2952 3319 3005 Altissimus
3349 2968 3472 3022 gett-

1923 3053 2015 3106 tes,
2047 3053 2102 3096 ut
2125 3044 2498 3097 disseminabat
2532 3044 2670 3110 filios
2703 3042 2894 3105 Adam,
2927 3043 3191 3095 constituit
3227 3043 3469 3096 terminos

1922 3139 2247 3205 populorum,
2281 3135 2562 3188 secundum
2607 3152 2876 3189 numerum
2917 3137 3214 3206 angelorum
3259 3133 3366 3187 Dei.
3404 3133 3471 3185 Et

1925 3228 2064 3294 facta
2103 3235 2178 3279 est
2218 3228 2385 3293 portio
2421 3226 2631 3279 Domini
2658 3227 2876 3293 populus
2902 3227 3013 3294 ejus
3042 3225 3228 3288 Jucob,
3265 3225 3471 3290 funicu-

275 3327 530 3394 Ὶσραήλ.
557 3327 653 3380 Διὰ
676 3327 874 3380 τούτων
914 3307 1042 3395 γοῦν
1093 3307 1182 3380 καὶ
1213 3331 1240 3380 ὁ
1275 3329 1515 3396 Μωῡσῆς
1567 3330 1820 3398 ’Ὕψιστον
1849 3307 1888 3360 C
1922 3320 2001 3371 ιω

1744 3347 1820 3381 τον
1849 3307 1888 3360 C
1922 3320 2002 3371 lus
2050 3316 2368 3370 hazreditatis
2424 3317 2536 3385 ejus
2604 3317 2771 3369 Israel
2813 3318 2882 3372 ⁷³.
2939 3317 3032 3370 llis
3072 3317 3211 3369 enim
3263 3315 3470 3386 Moyses

265 3417 450 3486 σαφῶς
469 3422 724 3489 προσεῖπε
766 3419 856 3471 τὸν
888 3419 1180 3488 ἀγέννητον
1211 3419 1341 3472 Θεὸν
1365 3460 1378 3482 ,
1415 3421 1726 3491 διανέμοντα
1756 3423 1820 3473 τὰ

259 3507 356 3560 ἐπὶ
369 3509 469 3578 γῆς
493 3509 616 3580 ἔθνη
634 3513 743 3573 τοῖς
765 3509 955 3563 ἑαυτοῦ
981 3511 1227 3578 ἀγγέλοις
1245 3528 1257 3540 ·
1287 3511 1488 3582 Κύριον
1508 3513 1564 3564 δὲ
1588 3511 1676 3564 τὸν
1698 3511 1820 3563 Υίδν

260 3599 363 3652 τοῦ
381 3598 638 3662 Θεοῦ,τδν
661 3601 810 3671 παρὰ
832 3599 924 3652 τοῦ
973 3601 1183 3670 Πατρὸς
1213 3601 1303 3654 τὸν
1338 3602 1546 3672 Ἰσραὴλ
1576 3602 1820 3654 ὑποδεδε-

264 3688 488 3758 γμένον.
518 3689 688 3752 Αὐτὸς
709 3689 753 3742 δ’
775 3687 866 3742 οὖν
885 3682 1039 3750 οὗτος
1070 3691 1097 3740 ὁ
1122 3689 1321 3760 Κύριος
1351 3691 1439 3744 καὶ
1466 3690 1552 3742 διὰ
1565 3691 1670 3743 τῶν
1693 3709 1822 3762 προ-

263 3777 527 3848 κειμένων
556 3773 614 3831 ὲν
642 3777 859 3848 βοηθείᾳ
881 3776 974 3829 τοῦ
1006 3777 1261 3844 Ὑψίστου
1291 3783 1561 3833 κατοικεῖν
1587 3781 1817 3850 ἐλέγετο,

261 3869 586 3939 καταφυγήν
611 3885 671 3921 τε
703 3869 893 3922 ἑαυτοῦ
919 3870 1007 3923 τὸν
1030 3870 1291 3939 Ὕψιστον
1312 3869 1599 3936 τεθεῖσθαι,
1626 3872 1821 3946 δηλαδὴ

267 3956 354 4008 τὸν
381 3955 571 4009 ἑαυτοῦ
610 3957 868 4028 Πατέρα.
904 3958 993 4011 Διὸ
1025 3958 1267 4011 λέλεκται
1303 3960 1435 4029 πρὸς
1465 3962 1650 4013 αὐτόν·
1705 3963 1820 4016 Ὀτι

262 4046 346 4100 σὺ
369 4087 384 4111 ,
410 4048 615 4115 Κύριε,
650 4049 823 4114 ἐλπίς
849 4067 998 4117 μου,
1029 4049 1133 4102 τὸν
1165 4051 1448 4116 Ὕψιστον
1474 4053 1610 4105 ἔθου
1642 4071 1817 4107 κατα-

264 4132 468 4202 φυγήν
493 4149 627 4189 σου.
687 4137 835 4196 Ἐπεὶ
859 4138 914 4190 δὲ
958 4137 1378 4206 Ἰουδαῖκώτερον
1405 4140 1433 4189 ὁ
1474 4139 1699 4204 Ἀκύλας
1731 4144 1821 4195 καὶ

264 4224 294 4276 ὁ
320 4223 606 4295 Σύμμαχος
632 4227 731 4295 τὴν
762 4227 1050 4296 ἑρμηνείαν
1080 4226 1414 4280 ὲκτεθείκασι
1435 4269 1448 4291 ,
1486 4231 1819 4302 ὑφορώμενοι

263 4315 326 4368 τὸ
361 4318 488 4386 περὶ
529 4316 619 4369 τοῦ
667 4317 912 4385 Ὑψίστου
947 4319 1039 4370 καὶ
1072 4320 1198 4389 περὶ
1221 4319 1313 4371 τοῦ
1341 4321 1542 4389 Κυρίου
1572 4324 1820 4377 ἀποδεδο-

269 4408 428 4478 μένον
459 4410 587 4479 ήμῖν
627 4409 831 4480 δόγμα·
870 4410 961 4462 καὶ
991 4411 1019 4461 ὀ
1065 4411 1175 4480 μὲν.
1217 4411 1441 4476 Ἀκύλας
1485 4416 1823 4484 ήρμήνευσεν

265 4497 463 4552 εἰπών·
499 4499 625 4552 Ὅτι
653 4499 752 4561 σὺ,
776 4499 968 4566 Κύριε,
1000 4499 1173 4565 ἐλπίς
1195 4519 1342 4569 μου,
1396 4501 1656 4571 ὕψιστον
1697 4506 1824 4574 ἔθη-

266 4603 346 4640 κα
396 4588 845 4672 κατοικητήριόν
875 4602 1021 4642 σουο
1065 4591 1092 4640 ὁ
1134 4589 1189 4641 δὲ
1231 4592 1547 4662 Σύμμαχος·
1585 4595 1666 4647 Σὺ
1694 4595 1820 4664 γὰρ,
1854 4639 1899 4695 D

267 4679 395 4742 Θεέ,
426 4680 640 4747 ἁφοϐία
679 4667 822 4748 μου,
855 4681 1122 4748 ὺψίστην
1154 4679 1292 4733 ἔθου
1330 4680 1442 4748 τὴν
1474 4685 1824 4749 κατοίκησιν

265 4783 410 4823 σου⁶
447 4769 706 4839 τηρητέον
745 4770 957 4840 πρῶτον
989 4771 1084 4840 μὲν
1110 4809 1124 4833 ,
1167 4769 1239 4832 ὡς
1283 4771 1314 4840 ή
1353 4771 1571 4840 πέμπτη
1617 4771 1824 4836 έκδοσις

268 4860 480 4930 συνᾴδει
512 4862 622 4921 τοῖς
643 4859 1079 4929 ·Ἐ6δομήκοντα,
1121 4861 1337 4930 φήσασα
1368 4859 1460 4911 καὶ
1483 4860 1616 4930 αὐτή
1635 4876 1649 4889 ο
1699 4861 1822 4914 Ὅτι

263 4949 370 5014 σὺ,
397 4951 589 5018 Κύριε,
613 4950 782 5013 ἐλπίς
808 4966 944 5016 μου,
970 4949 1075 5001 τὸν
1101 4952 1383 5017 Ὕψιστον
1406 4949 1543 5004 ἔθου
1573 4964 1823 5019 καταφυ-

265 5039 383 5109 γήν
411 5055 526 5094 σου
548 5057 560 5068 ⁸
595 5039 840 5109 δεύτερον
860 5080 873 5101 ,
906 5039 980 5100 ὼς
1013 5040 1044 5108 ἡ
1087 5039 1346 5110 Ἐὁραῖκὴ
1383 5039 1564 5109 φωνὴ,
1614 5040 1821 5092 Ἐλίων

265 5130 591 5200 περιέχουσα
623 5131 712 5183 τὸν
745 5129 997 5198 Ὕψιστον
1019 5127 1184 5196 δηλοῖ.
1216 5127 1458 5197 Εὖρομεν
1487 5128 1617 5196 γοῦν
1642 5129 1697 5179 ἐν
1723 5136 1816 5192 νςν

263 5219 463 5290 ψαλμῷ
491 5221 734 5290 κείμενον
759 5222 819 5275 τὸ
838 5262 852 5285 ,
872 5219 1232 5287 Κεκράξομαι
1256 5219 1403 5286 πρὸς
1423 5219 1528 5272 τὸν
1548 5220 1692 5272 Θεὸν
1715 5219 1818 5272 τὸν

265 5311 526 5378 ὕψιστον
544 5326 556 5340 °
594 5310 719 5363 ἔνθα
753 5313 870 5364 ἀντὶ
899 5311 990 5364 τοῦ
1015 5351 1028 5374 ,
1054 5309 1156 5362 τὸν
1188 5307 1447 5376 ὕψιστον
1465 5347 1480 5372 ,
1511 5309 1572 5360 τὸ
1605 5308 1817 5378 Ἐϐραῖ-

265 5401 363 5455 θιὸν
427 5400 636 5453 Ἐλίων
691 5402 949 5470 περιέχει,
997 5402 1071 5464 ὼς
1117 5400 1206 5454 καὶ
1267 5400 1357 5450 ἐπὶ
1406 5398 1498 5451 τοῦ
1537 5401 1816 5470 παρόντος.

267 5491 384 5544 Οὐκ
410 5491 515 5560 ἄρα
542 5491 644 5560 χρὴ
676 5489 1022 5559 βιαζομένους
1058 5492 1158 5562 τὴν
1182 5488 1436 5559 ἀλήθειαν
1455 5487 1817 5558 διαστρέφειν.

269 5579 380 5634 Καὶ
427 5577 597 5639 ἄλλως
627 5577 713 5638 δὲ,
744 5579 896 5647 εῐπερ
935 5575 1192 5647 κατᾲίτὸν
1239 5575 1464 5629 ’Δκύλαν
1501 5576 1636 5646 πρὸς
1664 5575 1821 5635 αὑτὸν

272 5669 363 5736 ⁶εεὺν
412 5668 610 5742 Κύριον
662 5666 926 5731 λέλεκται,
1032 5667 1156 5720 ὐσι
1209 5665 1326 5729 σὺ,
1391 5667 1598 5734 Κύριε,
1651 5666 1822 5729 ἐλπίς

268 5774 408 5827 μου,
445 5759 737 5826 ’ὕψιστον
787 5757 969 5824 ἔθηκα
1014 5757 1351 5825 οἰκητήριον
1397 5771 1540 5811 σου·
1597 5755 1628 5826 ἢ
1686 5755 1823 5809 κατὰ

344 5908 388 5940 ⁷³
426 5905 568 5963 εδει.
601 5924 722 5973 οη.
756 5910 807 5967 1.

1920 3397 2410 3477 ῡειιῐηῖιιεεηίιυηι
2437 3407 2643 3476 liquido
2671 3406 3004 3461 Altissimum
3041 3407 3347 3474 appellavit,
3380 3406 3472 3475 qui

1918 3509 2100 3570 gentes
2161 3508 2312 3554 terra:
2369 3499 2571 3568 angelis
2629 3499 2743 3552 suis
2802 3497 3111 3559 distribuit;
3187 3495 3472 3550 Dominum

1915 3606 2043 3644 vero
2093 3589 2286 3643 Filium
2335 3589 2450 3650 Dei.
2485 3589 2577 3659 qui
2627 3588 2875 3644 lsraelem
2916 3603 2946 3641 a
2997 3586 3156 3641 Patre
3213 3589 3470 3657 suscepit.

1918 3680 2014 3736 Hic
2063 3698 2189 3753 ergo
2242 3685 2356 3752 ipse
2431 3681 2689 3737 Dominus
2760 3681 2814 3733 in
2877 3678 3145 3747 adjutorio
3211 3677 3471 3731 Altissimi

1917 3773 2158 3828 habitare
2228 3773 2610 3836 afﬁrmabatur,
2682 3779 2736 3827 et
2803 3770 3140 3824 Altissimum
3224 3771 3474 3838 posuisse

1917 3864 2177 3934 refugium
2226 3880 2403 3929 suum,
2445 3863 2692 3918 videlicet
2737 3861 2950 3916 Patrem
2993 3875 3170 3915 suum.
3203 3859 3474 3926 Quamob-

1917 3972 2027 4011 rem
2067 3955 2267 4009 dictum
2328 3964 2411 4011 est
2466 3955 2543 4009 illi
2601 3974 2612 4008 :
2668 3953 2929 4019 Quoniam
2979 3962 3035 4005 tu
3094 3967 3170 4012 es,
3232 3950 3469 4015 Domine,

1917 4060 2028 4111 spes
2061 4060 2193 4105 mea,
2225 4044 2554 4098 Altissimum
2584 4041 2807 4110 posuisti
2842 4038 3100 4108 refugium
3137 4049 3301 4091 tuum.
3333 4036 3472 4103 Quia

1917 4149 2043 4190 vero
2106 4134 2297 4203 Aquila
2347 4140 2400 4187 et
2445 4131 2799 4202 Symmachus
2853 4129 3013 4183 modo
3067 4129 3132 4183 ad
3190 4128 3471 4182 ludaicam

1919 4225 2239 4281 sententiam
2299 4224 2523 4292 propius
2579 4223 2872 4278 accedente
2909 4221 3264 4290 interpretati
3321 4229 3469 4286 sunt,

1921 4310 2223 4364 doctrinam
2258 4325 2288 4362 a
2320 4311 2476 4364 nobis
2507 4311 2572 4364 de
2602 4312 2880 4366 Altissimo
2913 4319 2965 4364 et
2995 4310 3062 4364 de
3096 4309 3322 4364 Domino
3363 4317 3474 4362 tra-

1919 4400 2084 4454 ditam
2133 4409 2436 4469 suapectam
2480 4401 2781 4466 habentes;
2818 4400 3010 4468 Aquila
3060 4399 3206 4454 enim
3270 4397 3469 4461 edidit,

1922 4491 2176 4556 Quoniam
2202 4501 2277 4554 tu,
2327 4490 2564 4553 Domine,
2600 4506 2713 4558 spes
2772 4507 2906 4550 mea,
2957 4489 3273 4541 altissimum
3319 4488 3471 4554 posui
3546 4483 3551 4487 ’

1925 4583 2280 4636 habitaculum
2339 4590 2523 4644 tuum;
2571 4580 2926 4650 Symmachus
2975 4592 3132 4638 vero,
3193 4575 3269 4629 Tu
3310 4577 3468 4639 enim,

1925 4674 2083 4732 Deus.
2105 4673 2300 4742 ﬁducia
2328 4690 2463 4735 mea,
2489 4671 2803 4725 altissimam
2849 4661 3069 4739 posuisti
3098 4667 3470 4721 habitationem

1923 4776 2096 4826 tuum;
2127 4763 2517 4819 observandum
2551 4761 2723 4830 primo
2742 4769 2844 4823 est,
2873 4761 3119 4829 quintam
3183 4759 3468 4813 editionem

1925 4852 2266 4922 Septuaginta
2295 4850 2681 4919 lnterpretibus
2710 4850 2978 4914 accinere,
3010 4863 3132 4904 nam
3163 4860 3215 4902 et
3245 4849 3360 4918 ipsa
3389 4845 3469 4900 sic

1921 4944 2099 5006 habet,
2132 4941 2389 5006 Quoniam
2424 4950 2500 5003 tu,
2550 4939 2786 5004 Domine,
2819 4955 2930 5007 spes
2979 4956 3113 5004 mea,
3152 4939 3466 4992 altissimum

1920 5033 2141 5101 posuisti
2188 5032 2445 5100 refugium
2503 5041 2648 5085 tuum
2689 5047 2709 5094 ;
2745 5030 3003 5096 secundo,
3037 5030 3346 5085 Hebraicam
3373 5041 3468 5082 vo-

1892 5186 1893 5189 η
1922 5139 2058 5187 cem,
2086 5138 2204 5192 qua:
2242 5123 2397 5205 Efs'on
2425 5122 2584 5177 habet
2601 5121 2926 5175 Altissimum
2948 5120 3265 5190 significare.
3300 5116 3356 5172 In
3383 5133 3470 5173 va

1921 5215 2061 5271 enim
2077 5215 2282 5284 psalmo
2298 5214 2374 5268 sic
2389 5226 2701 5282 expressum
2717 5211 3018 5265 invenimus
3034 5212 3076 5240 "
3098 5208 3386 5271 gClamabo
3401 5209 3469 5262 ad
3495 5222 3502 5229 ·

1923 5303 2085 5359 Deum
2114 5303 2428 5357 altissimum
2459 5319 2478 5356 :
2515 5303 2604 5357 ubi
2629 5316 2726 5370 pro
2751 5301 2863 5364 illo,
2891 5300 3222 5362 altissimum,
3248 5296 3470 5352 Hebrai-

1923 5409 2045 5448 cum
2068 5393 2358 5461 exemplar,
2384 5392 2558 5453 Elian,
2591 5388 2918 5451 circumfert,
2941 5395 3001 5440 ut
3025 5393 3078 5440 et
3113 5386 3166 5440 in
3197 5385 3464 5452 pmsenti.

1920 5485 2034 5539 Non
2069 5490 2280 5550 oportet
2307 5497 2435 5553 ergo
2466 5481 2719 5536 violentia
2748 5487 2960 5534 utentes
3009 5476 3287 5532 veritatem
3317 5490 3469 5529 ever-

1921 5582 2054 5629 tere.
2086 5571 2150 5625 Et
2178 5572 2414 5641 alioquin
2435 5572 2481 5625 si
2505 5568 2800 5626 secundum
2827 5567 3074 5636 Aquilam
3109 5565 3210 5634 ipsi
3239 5561 3468 5616 Domino

1922 5665 2122 5719 dictum
2157 5663 2246 5730 sit,
2278 5662 2542 5729 Quoniam
2570 5671 2624 5714 tu
2649 5677 2724 5726 es,
2748 5658 2986 5723 Domine,
3019 5672 3130 5724 spes
3161 5670 3292 5716 mea,
3315 5651 3467 5706 altis-

1924 5757 2112 5810 simum
2158 5755 2308 5824 posui
2361 5752 2715 5808 habitaculum
2782 5758 2960 5810 tuum;
3019 5753 3109 5801 aut
3173 5741 3468 5798 secundum

880 5910 926 5941 "
967 5908 1116 5964 Deut.
1151 5922 1334 5969 usu,
1373 5910 1424 5965 8.
1464 5910 1514 5964 9.
1592 5911 1635 5942 ⁷³
1689 5909 1830 5964 Psal.
1865 5924 1948 5963 tu
2017 5908 2068 5963 5.
