4372 6404
923 492 1052 544 ίιὸι

1576 479 1835 535 EUSEBII
1873 478 2336 536 CrESARlENSlS
2373 477 2517 535 OPP.
2554 476 2727 531 PARS
2764 476 2845 532 ιιι.
2882 507 2951 516 -
2986 473 3382 529 ΕΧΕΟΕΤΙΟΑ.

3919 472 4056 529 11Ξῖ

920 598 1309 669 Symmachum,
1344 596 1416 649 Tu
1448 595 1601 658 enim,
1633 594 1787 659 Deus,
1830 594 2021 663 ﬁducia
2068 611 2202 657 mea,
2245 594 2440 648 altissi-
2467 608 2509 663 Α
2540 595 2646 647 τὸν]

2330 595 2440 648 issi-
2467 608 2509 663 Α
2540 595 2624 647 τὸν
2640 594 2943 663 Σύμμαχον,
2964 591 3045 645 Σὺ
3059 576 3185 658 γὰρ,
3203 590 3391 656 Κύριε,
3417 568 3625 656 ἁφοδία
3640 605 3775 656 μου,
3797 590 4056 657 ὑψίστην

916 704 1056 741 mam
1092 688 1308 755 posuisti
1348 685 1717 737 habitationem
1752 693 1929 745 tuam;
1956 694 2007 737 et
2036 697 2232 747 sermo,
2264 692 2320 735 ut
2347 681 2437 735 Ju-

916 780 1012 831 daei
1042 780 1343 845 opinantur,
1394 776 1457 829 ad
1508 775 1670 828 Deum
1719 776 2086 829 universorum
2133 773 2433 829 referatur:

917 883 1011 920 Cur
1056 867 1303 934 deinceps
1362 864 1592 925 additur,
1649 863 1937 917 secundum
1988 863 2252 932 Aquilam.
2316 861 2435 916 Non

914 956 1273 1021 importabitnr
1302 953 1390 1004 tibi
1414 954 1631 1014 malitia,
1665 962 1713 1005 ct
1742 954 1895 1019 plaga
1922 969 2023 1004 non
2058 952 2437 1019 appropinqua-

914 1044 983 1096 bit
1017 1052 1297 1112 tegumenta
1327 1051 1433 1103 tuo,
1456 1044 1693 1111 quoniam
1723 1043 1916 1112 angelis
1959 1046 2066 1095 suis
2093 1043 2354 1109 praecipiet
2381 1050 2436 1093 ut

911 1134 1205 1187 custodiant
1250 1142 1293 1185 te
1332 1134 1381 1184 in
1432 1133 1662 1188 omnibus
1693 1134 1786 1185 viis
1819 1134 1941 1187 tuis.
1969 1132 2034 1184 In
2073 1130 2307 1185 manibus
2342 1131 2439 1183 tul-

913 1224 1015 1277 lent
1051 1237 1114 1283 te.
1149 1240 1207 1275 ne
1236 1224 1364 1289 forte
1408 1223 1633 1291 offendat
1661 1225 1713 1274 in
1760 1222 1927 1289 lapide
1951 1236 2036 1289 pes
2068 1231 2216 1283 tuus;
2250 1236 2439 1276 secun-

911 1316 1036 1366 dum
1090 1312 1459 1382 Symmachum
1510 1328 1653 1376 vero,
1708 1322 1828 1380 post
1874 1311 2025 1381 illud,
2074 1312 2174 1390 lin,
2199 1310 2435 1373 Domine,

911 1402 1104 1468 ﬁducia
1134 1418 1263 1465 mea,
1289 1403 1599 1455 altissimam
1621 1402 1839 1468 posuisti
1870 1402 2233 1454 habitationem
2259 1413 2433 1465 tuam;

914 1506 1016 1557 qua
1041 1490 1104 1544 de
1131 1506 1295 1544 causa
1324 1486 1751 1559 sulijicitur,Non
1780 1491 2071 1559 prwvalebit
2102 1491 2368 1545 adversum
2389 1504 2436 1546 te

912 1581 1125 1644 malum,
1152 1597 1307 1647 neque
1335 1581 1486 1648 plaga
1522 1582 1947 1651 appropinquabit
1976 1582 2303 1636 tabernaculo
2326 1593 2430 1638 tuo.

914 1670 1164 1733 Quoniam
1208 1672 1400 1739 angelis
1438 1672 1544 1723 suis
1586 1671 1851 1724 mandabit
1874 1671 1935 1726 de
1963 1681 2029 1734 te,
2056 1674 2116 1725 ut
2144 1672 2437 1745 custodiant

911 1771 956 1815 te
989 1762 1039 1813 in
1070 1761 1301 1813 omnibus
1326 1763 1417 1813 viis
1449 1763 1571 1813 tuis.
1606 1759 1671 1811 In
1701 1760 1935 1813 manibus
1974 1760 2256 1829 gestabant
2281 1771 2346 1822 to,
2379 1770 2435 1813 ut

908 1867 969 1903 ne
1001 1850 1256 1918 impingas
1308 1852 1359 1902 in
1414 1849 1634 1917 lapidem
1670 1849 1793 1916 pede
1835 1854 1962 1905 tuo?
1986 1849 2107 1905 Haec
2140 1830 2333 1920 quippe
2368 1851 2433 1906 de

2536 681 2670 735 ἔθου
2696 680 2807 748 τὴν
2832 680 3067 746 οικησίν
3108 694 3221 732 σου
3240 694 3251 707 ·
3284 676 3605 747 ἀναφέρεταί
3636 692 3693 728 τε
3716 678 3743 728 ό
3773 678 3924 743 λόγος
3942 718 3954 741 ,
3985 679 4058 741 ὡς

2532 770 2596 823 ἂν
2622 772 2847 841 οἰηθεῖεν
2886 769 3145 824 Ἰουδαίων
3169 768 3367 832 παῖδες,
3394 768 3484 821 ἐπὶ
3510 768 3596 821 τὸν
3617 766 3720 820 τῶν
3751 766 3882 819 ὅλων
3908 767 4054 831 Θεὸν,

2534 862 2647 925 πῶς
2682 861 2938 929 συνῆπται
2972 860 3093 930 ἑξῆς
3138 860 3275 914 κατά
3308 859 3404 929 μὲν
3441 859 3530 911 τὸν
3581 857 3804 919 Ἀκύλαν
3848 856 3941 921 τὸ,
3980 860 4057 911 Οὐ

2528 952 2953 1021 μεταχθήσεται
2980 951 3123 1018 πρὸς
3142 951 3213 1003 σὲ
3241 950 3415 1003 κακία
3433 988 3447 1012 ,
3471 948 3564 1000 καὶ
3594 946 3713 1015 ἁφὴ
3747 950 3855 999 οὐκ
3887 946 4061 1014 ἐγγωῖ

2532 1046 2600 1097 ἐν
2628 1042 2820 1110 σκέπῃ
2849 1056 2960 1095 σου
2979 1057 2992 1072 ο
3022 1042 3109 1094 ὅτι
3144 1040 3412 1109 ἀγγέλοις
3437 1039 3618 1093 αὐτοῦ
3642 1037 3958 1091 ἐντελεῖται
3987 1053 4059 1091 σε

2532 1131 2790 1201 φυλάξαι
2810 1132 2877 1184 ἐν
2900 1130 3117 1196 πάσαις
3136 1129 3294 1196 ὁδοῖς
3317 1145 3449 1184 σου.
3494 1128 3614 1181 Ἐπὶ
3635 1124 3868 1193 ταρσῶν
3894 1126 4059 1193 ἀροῦ-

2534 1242 2614 1287 σι,
2641 1224 2867 1292 μήποτε
2904 1223 3213 1288 προσκόψῃ
3234 1221 3301 1272 ἐν
3328 1221 3470 1283 λίθῳ
3497 1222 3530 1272 ὁ
3561 1219 3711 1283 ποῦς
3742 1232 3884 1269 σου·
3917 1215 4053 1268 κατὰ

2531 1313 2586 1365 δὲ
2614 1312 2702 1364 τὸν
2724 1311 3029 1381 Σύμμαχον,
3063 1307 3195 1379 μετά
3214 1309 3273 1359 τὸ
3290 1348 3304 1371 ,
3328 1308 3435 1371 Σὺ,
3460 1308 3659 1374 Κύριε,
3686 1306 3898 1373 ἀφοόία
3916 1322 4049 1370 μου,

2531 1405 2795 1471 optumr-
2826 1402 2961 1455 ἔθου
2990 1399 3102 1468 τὴν
3130 1399 3365 1466 οἴκησίν
3409 1414 3551 1453 σου·
3605 1398 3719 1460 πῶς
3756 1395 4055 1461 ἐπιλέγεται

2530 1495 2608 1557 τὸ,
2638 1498 2715 1548 Οὐ
2748 1494 3091 1561 κατισχύσει
3123 1506 3234 1544 σου
3262 1487 3477 1547 κακὸν.
3514 1487 3651 1542 οὐδὲ
3675 1487 3795 1554 ἁφὴ
3840 1485 4057 1554 ἐγγίσει

2530 1584 2602 1652 τῇ
2623 1582 2821 1651 σκηνῇ
2844 1599 2977 1637 σου.
3010 1583 3133 1634 Ὅτι
3158 1580 3279 1646 τοῖς
3290 1578 3560 1648 ἀγγέλοις
3585 1574 3903 1648 ἐντελεῖται
3929 1575 4057 1641 περὶ

2530 1674 2642 1728 σοῦ
2663 1673 2999 1742 φυλάσσειν
3019 1687 3089 1725 σε
3108 1673 3175 1724 ἐν
3199 1669 3416 1735 πάσαις
3432 1668 3555 1732 ταῖς
3575 1666 3731 1731 ὁδοῖς
3754 1679 3886 1717 σου.
3932 1664 4055 1717 Ἐπὶ

2531 1764 2736 1834 χειρῶν
2749 1764 3129 1828 βαστάσουσί
3156 1776 3247 1823 σε,
3272 1762 3370 1813 ἵνα
3392 1761 3475 1828 μὴ
3504 1758 3846 1825 προσπαίσῃ
3874 1755 3941 1807 ἐν
3963 1756 4055 1809 .11-

2529 1858 2608 1917 θφ
2633 1854 2767 1906 ποδί
2794 1869 2941 1915 σου;
2986 1851 3168 1903 Ταῦτα
3202 1850 3309 1920 γὰρ
3349 1850 3481 1920 πρὸς
3511 1849 3598 1900 τὸν
3624 1846 3730 1900 τῶν
3772 1844 3904 1897 ὅλων
3931 1844 4058 1898 Θεὸν

910 1937 1017 1993 Deo
1073 1939 1444 1991 universorum
1488 1939 1629 1991 dicta
1679 1948 1883 2006 putare.
1911 1940 2000 2007 qui
2053 1955 2157 1992 non
2196 1941 2431 1993 omnium
2464 1924 2504 1981 Β
2533 1946 2636 2012 λέγι

2332 1944 2431 1993 tum
2464 1924 2504 1981 Β
2533 1931 2778 2012 λέγεσθαι
2812 1942 2923 2004 πῶς
2961 1943 3058 1993 οὐκ
3087 1940 3153 1993 ἂν
3182 1938 3263 2008 εἴη
3294 1939 3502 1991 πάντων
3540 1935 3926 1999 ἀσεὸἑστατον;
3965 1935 4058 1997 Τίς

910 2026 1283 2094 impiissimum
1334 2027 1527 2080 fuerit?
1554 2027 1685 2093 Quis
1722 2030 1864 2080 enim
1905 2029 2105 2097 angelis
2135 2030 2246 2083 suis
2285 2045 2433 2082 man-

907 2115 997 2169 det
1035 2116 1100 2169 de
1152 2116 1253 2169 Deo
1305 2117 1693 2177 universorum,
1752 2126 1809 2169 ut
1866 2119 2167 2174 custodiant
2212 2136 2328 2174 eum
2380 2122 2431 2175 in

908 2205 1153 2259 omnibus
1204 2206 1303 2261 viis
1346 2206 1546 2275 ipsius?
1574 2215 1665 2259 aut
1711 2209 1978 2275 quomodo
2002 2206 2186 2273 Deum,
2210 2211 2299 2277 qui
2340 2226 2433 2266 su-

908 2310 1000 2363 pra
1028 2296 1205 2349 omnia
1237 2302 1342 2357 est,
1381 2296 1625 2349 manibus
1654 2297 1954 2365 gestabunt,
1986 2307 2046 2351 ut
2074 2312 2177 2353 non
2206 2299 2436 2355 offendat

908 2385 973 2437 ad
1007 2384 1230 2452 lapidem
1270 2398 1363 2450 pes
1392 2383 1547 2449 ejus?
1582 2384 1646 2435 At
1696 2382 1842 2437 vides
1870 2399 1973 2436 non
2004 2385 2166 2439 licere
2202 2401 2294 2453 per
2323 2401 2437 2440 ser-

908 2472 1080 2546 monis
1129 2472 1339 2531 sericm,
1386 2471 1494 2523 ltazc
1543 2473 1604 2523 ad
1660 2489 1938 2539 personam
1986 2474 2097 2537 Dei,
2142 2476 2231 2544 qui
2272 2491 2435 2545 supra

906 2564 1083 2612 omnia
1130 2568 1231 2623 est,
1264 2560 1463 2614 referre
1493 2580 1504 2614 :
1539 2578 1709 2629 neque
1758 2565 1879 2616 item
1920 2564 2165 2633 superius
2195 2566 2333 2618 dicta
2370 2567 2434 2621 ab

908 2647 1017 2711 illo,
1045 2647 1298 2711 Quoniam
1320 2651 1423 2716 ipso
1460 2652 1691 2703 liberabit
1734 2662 1779 2704 te
1816 2653 1876 2704 de
1908 2653 2086 2721 laqueo
2118 2657 2430 2719 venantium,

909 2754 939 2788 a
985 2737 1130 2790 verba
1177 2740 1485 2793 turbulento.
1520 2740 1577 2793 In
1611 2744 1833 2807 scapulis
1864 2745 1969 2797 suis
1995 2736 2436 2796 obumbrabit‘tibi

903 2835 954 2879 et
981 2826 1073 2878 sub
1099 2830 1274 2892 pennis
1302 2829 1410 2895 ejus
1436 2833 1681 2895 sperabis,
1698 2840 1749 2882 et
1768 2841 1958 2886 cretera
1980 2848 2098 2901 qua:
2120 2844 2431 2901 sequuntur.

974 2914 1125 2979 Quod
1172 2918 1215 2971 si
1257 2919 1376 2985 quis
1419 2919 1527 2972 haec
1567 2915 1793 2987 accipiat
1823 2922 1886 2975 de
1925 2921 2139 2975 Christo
2176 2921 2289 2981 Dei,
2344 2925 2435 2989 qui

904 3001 1011 3068 hic,
1040 3014 1096 3057 ut
1135 3005 1291 3057 etiam
1324 3007 1467 3070 alibi,
1504 3006 1756 3061 Dominus
1787 3017 2035 3072 vocatur.
2070 3012 2115 3065 is
2140 3026 2248 3064 non
2278 3012 2432 3066 aber-

903 3094 1100 3147 raverit
1142 3108 1172 3146 a
1222 3109 1346 3147 vero
1388 3114 1399 3148 :
1437 3112 1555 3147 nam
1606 3096 1885 3163 Apostolus
1917 3115 2127 3168 quoque
2151 3102 2261 3153 ait:
2294 3099 2434 3155 Unus

906 3180 1044 3234 Deus
1086 3197 1148 3235 ex
1187 3200 1285 3251 quo
1332 3185 1520 3248 omnia,
1558 3198 1604 3239 et
1648 3204 1778 3240 unus
1844 3189 2095 3244 Dominus
2152 3206 2239 3257 per
2288 3210 2433 3261 quem

862 3300 865 3301 ν
906 3272 1173 3324 omnia”:
1211 3287 1271 3326 ac
1296 3288 1527 3337 rursum,
1561 3275 1701 3329 Unus
1754 3277 2020 3341 Dominus,
2067 3280 2273 3347 inquit,
2331 3297 2432 3333 una

906 3362 1056 3429 ﬁdes,
1099 3378 1255 3415 unum
1294 3363 1566 3432 baptisma.
1620 3366 1758 3419 L'nus
1812 3368 1968 3430 Deus,
2012 3370 2098 3436 qui
2155 3382 2231 3423 est
2287 3385 2433 3435 super

906 3451 1098 3510 omnia,
1146 3463 1193 3503 et
1235 3466 1323 3517 per
1371 3456 1566 3517 omnia,
1597 3464 1642 3509 et
1689 3455 1739 3507 in
1783 3459 2095 3513 omnibus".
2122 3458 2235 3510 Duo
2261 3467 2431 3513 autem

908 3537 1113 3591 Domini
1142 3548 1320 3608 aperte
1349 3557 1380 3594 a
1410 3542 1606 3596 Davide
1631 3546 1755 3598 dicti
1784 3556 1907 3600 sunt
1931 3550 1984 3600 in
2015 3548 2125 3610 illo,
2154 3548 2292 3600 Dixit
2327 3548 2432 3601 Do-

907 3632 1077 3684 minus
1120 3631 1338 3685 Domino
1367 3650 1496 3695 meo,
1529 3634 1655 3687 Sede
1690 3653 1721 3687 a
1746 3636 1941 3690 dextris
1978 3639 2123 3699 meis,
2150 3638 2307 3691 donec
2344 3656 2434 3703 po-

907 3737 1028 3771 nam
1090 3721 1321 3773 inimicos
1384 3732 1495 3773 tuos
1550 3726 1827 3776 scabellum
1876 3726 2059 3789 pedum
2133 3732 2430 3793 tuorum”;

909 3809 1014 3861 imo
1038 3810 1198 3862 etiam
1228 3809 1355 3863 illud
1387 3810 1601 3881 Moysis,
1628 3813 1772 3867 Pluit
1810 3816 2055 3870 Dominus
2086 3835 2116 3870 a
2138 3818 2356 3871 Domino
2380 3819 2432 3870 in

908 3901 1185 3955 Sodomam
1214 3914 1262 3957 et
1311 3903 1649 3957 Gomorrham
1684 3905 1897 3971 sulphur
1922 3916 1970 3959 et
2000 3909 2242 3975 ignem",
2262 3909 2431 3962 eidem

907 3996 1182 4047 sententia:
1212 3996 1557 4063 astipuletur;
1622 3996 2069 4064 quemadmodum
2112 3998 2271 4051 etiam
2312 4014 2433 4053 cum

905 4083 1126 4144 diceret,
1158 4085 1374 4149 Quando
1396 4087 1649 4139 dividebat
1669 4087 1964 4139 Altissimus
1986 4098 2176 4156 gentes,
2204 4089 2342 4155 facta
2357 4102 2433 4143 est

904 4186 1025 4239 pars
1045 4172 1251 4227 Domini
1266 4175 1483 4242 populus
1510 4177 1621 4243 ejus
1652 4176 1905 4242 Jacob";
1936 4176 2217 4231 manifeste
2244 4180 2433 4247 quippe

905 4262 1030 4314 hinc
1076 4270 1127 4316 et
1178 4264 1513 4318 Altissimum
1562 4272 1614 4318 et
1666 4265 1944 4319 Dominum
1987 4282 2146 4321 nosse
2188 4269 2429 4334 videtur;

904 4350 1234 4404 Altissimum
1292 4352 1505 4419 quidem
1554 4368 1697 4416 eum,
1732 4355 1817 4421 qui
1866 4350 2220 4409 distribuitet
2263 4365 2432 4411 sortes

904 4440 1213 4507 datangelis
1246 4443 1391 4503 suis;
1435 4441 1715 4495 Dominum
1754 4458 1896 4504 vero,
1950 4446 2037 4511 qui
2083 4460 2203 4496 cum
2232 4446 2431 4512 angelis

903 4526 1286 4592 praecellentem
1320 4528 1553 4580 omnium
1587 4530 1819 4596 gentium
1846 4539 2037 4583 sortem
2068 4532 2277 4598 accipit.
2299 4532 2431 4595 Quia

904 4614 1065 4684 igitur
1093 4615 1365 4689 Dominus,
1401 4621 1490 4686 qui
1532 4620 1621 4671 hic
1653 4621 1935 4683 indicatur,
1966 4621 2136 4673 forma
2174 4623 2312 4675 servi
2340 4636 2430 4675 ae—

903 4713 1076 4772 cepta,
1110 4705 1163 4756 in
1194 4708 1591 4761 similitudinem
1634 4708 1907 4762 hominum
1932 4708 2104 4765 factus
2133 4719 2215 4765 est
2246 4720 2299 4765 et
2332 4712 2428 4765 ha-

904 4794 1017 4846 bitu
1067 4793 1311 4848 inventus
1352 4786 1411 4848 ul
1456 4796 1631 4857 homo,
1663 4810 1724 4847 ac
1749 4804 1867 4864 post
1890 4799 2211 4867 baptismum
2235 4800 2287 4855 in
2308 4799 2427 4853 Jor-

903 4884 1042 4937 dane
1090 4898 1296 4937 omnem
1337 4901 1527 4951 passus
1562 4887 1902 4941 tentationem
1931 4884 2031 4953 est,
2088 4892 2302 4959 quando
2329 4891 2427 4945 du-

898 4980 1022 5027 ctus
1058 4981 1140 5025 est
1165 4988 1193 5023 a
1225 4970 1422 5038 Spiritu
1455 4974 1508 5025 in
1542 4974 1816 5028 desertum
1852 4984 1908 5028 ut
1934 4985 2229 5030 tentaretur
2255 4994 2285 5031 a
2310 4978 2426 5033 diav

901 5062 1045 5123 bolo.
1072 5070 1122 5113 et
1153 5062 1204 5113 in
1235 5062 1517 5115 solitudine
1543 5064 1890 5135 quadraginta
1916 5067 2101 5122 diebus
2122 5077 2173 5123 et
2198 5071 2427 5138 quadra-

894 5153 1049 5231 ginta
1096 5150 1340 5204 noctibus
1391 5160 1623 5207 tentatus
1668 5164 1769 5217 est,
1800 5163 1852 5209 et
1891 5165 2155 5212 eratcum
2196 5158 2342 5222 feris,
2370 5169 2426 5214 ut

908 5254 985 5319 an
1021 5240 1424 5305 evangelista”;
1454 5242 1575 5307 jure
1609 5244 1719 5297 haec
1744 5248 1919 5299 ontnia
1954 5247 2181 5317 Spiritus
2210 5257 2425 5303 sanctus

920 5328 1255 5436 Pr,yiuntiare
1276 5340 1516 5397 occupat,
1544 5333 1847 5401 signiﬁcans
1866 5346 2063 5407 quanta
2092 5339 2275 5393 diebus
2296 5355 2427 5408 qua-

920 5418 1151 5503 :ﬁ‘mta
1193 5420 1443 5471 tentatus.
1475 5424 1671 5482 quanta
1704 5418 1919 5472 totidem
1986 5423 2232 5476 noctibus
2266 5423 2426 5477 susti-

891 5502 1030 5583 ιίυιι,
1087 5502 1224 5565 Cum
1262 5504 1402 5554 enim
1446 5505 1512 5557 ad
1561 5505 1901 5578 Evangelium
1942 5513 2091 5581 regni
2114 5512 2207 5568 Dei
2236 5512 2426 5582 prmi-

2534 2032 2637 2100 γὰρ
2656 2033 2682 2082 ό
2705 2034 2811 2092 τοῖς
2841 2028 3083 2096 ἀγγέλοις
3101 2025 3260 2079 αὑτοῦ
3283 2025 3647 2094 ἐντελλόμενος
3675 2025 3797 2094 περὶ
3818 2023 3908 2076 τοῦ
3926 2019 4059 2075 Θεοῦ

2530 2121 2633 2173 τῶν
2656 2120 2808 2183 ὅλων,
2833 2118 2967 2171 ὥστε
3000 2116 3278 2185 φυλάττειν
3298 2116 3453 2168 αὐτὸν
3485 2116 3541 2166 ὲν
3571 2115 3765 2177 πάσαις
3787 2118 3905 2175 ταῖς
3922 2113 4059 2175 ὁδοῖς

2531 2209 2720 2271 αὐτοῦς
2766 2210 2797 2278 ἢ
2828 2208 2942 2271 πῶς
2983 2208 3069 2259 τὸν
3106 2207 3195 2259 ἐπὶ
3226 2206 3435 2260 πάντων
3459 2207 3585 2259 Θεὸν
3623 2206 3712 2259 ἐπὶ
3739 2206 3928 2275 χειρῶν
3969 2206 4060 2274 βα-

2532 2300 2809 2353 στάσουσιν
2834 2336 2849 2362 ,
2898 2299 2981 2350 ἵνα
3010 2284 3105 2367 ’μὴ
3152 2296 3458 2368 προσπαίσῃ
3488 2294 3616 2363 λίθῳ
3642 2297 3671 2348 ό
3698 2293 3829 2357 ποῦς
3864 2294 4055 2359 aii-.06;

2543 2386 2678 2438 Ἀλλ’
2702 2386 2830 2456 ὁρᾷς
2848 2425 2862 2449 ,
2891 2385 2964 2448 ὡς
2992 2388 3019 2438 ό
3051 2385 3205 2452 λόγος
3236 2386 3334 2438 οὐκ
3365 2384 3642 2454 ἐπιτρέπει
3665 2385 3744 2447 εἰς
3775 2384 4058 2451 πρόσωπον

2530 2473 2619 2526 τοῦ
2646 2476 2733 2526 ἐπὶ
2762 2474 2968 2526 πάντων
3005 2474 3135 2526 Θεοῦ
3169 2473 3338 2527 ταῦτα
3365 2471 3751 2543 ἀναφέρεσθαν
3781 2472 3899 2525 ἐπεὶ
3931 2471 4060 2541 μηδὲ

2531 2564 2596 2625 τά
2619 2564 2865 2633 ἀνωτέρω
2889 2564 2994 2615 ἀπὸ
3017 2562 3106 2615 τοῦ
3122 2603 3137 2627 ,
3169 2564 3286 2615 Ὅτι
3313 2564 3489 2627 αὐτὸς
3508 2561 3756 2630 ῥύσεταί
3776 2576 3847 2614 σε
3865 2562 3933 2614 ἐκ
3956 2574 4065 2616 πα-

2531 2654 2689 2722 γίδος
2716 2652 3025 2719 θηρευτῶν,
3054 2654 3169 2707 ἀπὸ
3201 2655 3380 2721 λόγου
3408 2650 3800 2721 ταραχώδους.
3819 2653 3920 2705 Ἐν
3939 2651 4061 2719 τοῖς

2527 2742 2904 2809 μεταφρένοις
2942 2742 3123 2795 αὐτοῦ
3158 2741 3491 2795 ἐπισκιάσει
3518 2758 3648 2805 σοι,
3682 2743 3777 2795 καὶ
3815 2742 3932 2796 ὑπὸ
3956 2741 4061 2808 τὰς

2533 2829 2818 2896 πτέρυγας
2844 2830 3022 2883 αὐτοῦ
3058 2830 3276 2895 ἐλπιεῖς
3295 2870 3309 2894 ,
3347 2832 3438 2883 καὶ
3466 2830 3530 2883 τὰ
3554 2830 3761 2895 τούτοις
3802 2831 4058 2900 ἑπόμενα.

2604 2922 2665 2971 Ei
2688 2920 2739 2972 δέ
2762 2938 2841 2981 τις
2870 2920 3033 2973 ταῦτα
3060 2921 3272 2973 ὲκλάόοι
3299 2923 3387 2973 ἐπὶ
3415 2923 3503 2975 τὸν
3532 2924 3760 2994 Χριστὸν
3784 2923 3877 2975 τοῦ
3904 2922 4058 2991 Θεοῦ,

2533 3013 2624 3063 καὶ
2648 3012 2872 3064 ἐνταῦθα
2910 3015 3136 3083 Κύριον,
3186 3012 3369 3083 ὥσπερ
3396 3010 3487 3066 οὖν
3515 3016 3607 3066 καὶ
3635 3017 3691 3067 ὲν
3729 3013 3903 3077 ἄλλοις
3928 3015 4058 3068 ὠνο-

2536 3103 2799 3171 μασμένον
2820 3142 2834 3165 ,
2858 3103 2953 3153 οὐκ
2991 3102 3056 3156 ἂν
3084 3102 3362 3173 διαμάρτοι
3386 3103 3483 3171 τῆς
3510 3104 3789 3174 ἀληθείας·
3820 3106 3940 3157 ἐπεὶ
3968 3106 4063 3157 καὶ

2458 3240 2497 3295 C
2532 3194 2559 3241 ό
2593 3192 2931 3253 Ἀπόστολος,
2964 3186 3066 3256 Εἷς
3093 3190 3266 3256 Θεὸς,
3298 3192 3365 3255 ἐξ
3390 3187 3461 3247 οὗ
3489 3193 3558 3246 τὰ
3594 3190 3783 3245 πάντα
3804 3231 3819 3257 ,
3853 3194 3948 3246 καὶ
3976 3189 4062 3258 εἲς

2530 3280 2732 3344 Kt’rptoc
2754 3318 2765 3339 ,
2797 3274 2871 3330 δι’
2904 3275 2973 3332 οὗ
2999 3281 3069 3332 τὰ
3099 3279 3316 3333 πάντα·
3348 3281 3439 3333 καὶ⁹
3482 3280 3673 3345 πάλιν,
3702 3278 3803 3346 Εἷς
3833 3283 4059 3348 Κύριος,

2531 3369 2678 3437 φησὶ,
2697 3370 2800 3435 μία
2817 3370 3030 3433 πίστις,
3052 3370 3452 3440 ἒνβὰπτισμα.
3474 3367 3577 3437 Εἷς
3596 3372 3736 3437 Θεὸς
3756 3376 3786 3425 ὁ
3800 3374 3896 3425 ἐπὶ
3918 3373 4065 3425 πάν-

2528 3475 2643 3510 των
2676 3460 2766 3512 καὶ
2802 3459 2894 3511 διὰ
2926 3460 3159 3514 πάντων
3189 3462 3282 3514 καὶ
3310 3462 3377 3513 ἐν
3416 3461 3579 3516 πᾶσι.
3636 3462 3824 3531 Κύριοὶ
3869 3480 3927 3514 τε
3974 3462 4063 3513 δύο

2528 3549 2777 3616 ἄντικρυς
2808 3550 2899 3601 καὶ
2932 3550 3029 3601 ὑπὸ
3058 3550 3148 3601 τοῦ
3194 3549 3352 3603 Δαυῖδ
3384 3549 3768 3619 ὠνομάσθησαν
3808 3551 3945 3603 κατὰ
3982 3550 4061 3611 τὸ,

2531 3636 2709 3691 Εἶπεν
2740 3642 2770 3691 ό
2806 3642 3013 3705 Κύριος
3048 3640 3126 3704 τῷ
3148 3642 3337 3707 Κυρίῳ
3360 3657 3507 3708 μου·
3539 3639 3729 3694 Κάθου
3759 3641 3823 3691 ἐκ
3856 3638 4065 3700 δεξιῶν

2524 3745 2638 3794 μου
2657 3769 2670 3789 ,
2700 3729 2807 3792 ἕως
2833 3729 2907 3781 ἂν
2934 3730 3011 3781 θῶ
3040 3730 3177 3795 τοὺς
3198 3731 3441 3798 ἐχθρούς
3466 3744 3579 3783 σου
3600 3729 3927 3783 ὑποπόδιον
3950 3727 4062 3779 τῶν

2497 3879 2508 3895 ⁸
2530 3815 2723 3869 ποδῶν
2754 3832 2865 3870 σου
2884 3834 2896 3848 ·
2918 3817 3048 3869 ἀλλὰ
3070 3818 3162 3870 καὶ
3190 3817 3425 3886 Μωῦσῆς
3454 3817 3644 3885 λέγων,
3681 3816 3916 3883 Ἕϐρεξε
3948 3818 4063 3869 Κύ-

2522 3920 2649 3969 ριος
2688 3903 2841 3970 παρὰ
2870 3905 3083 3970 Κυρίου
3110 3904 3206 3957 ἐπὶ
3234 3903 3464 3972 Σόδομα
3487 3905 3581 3957 καὶ
3620 3906 3886 3970 Γόμορρα
3910 3903 4067 3956 θεῖον

2531 3994 2625 4045 καὶ
2677 3993 2824 4058 πῦρ,
2869 3997 2964 4063 τῆς
3007 3994 3168 4063 αὐτῆς
3204 3992 3267 4045 ἂν
3300 3992 3504 4060 γένοιτο
3539 3993 3724 4060 δόξης·
3761 3992 3943 4061 ὥσπερ
3971 3989 4065 4046 οὖν

2531 4084 2621 4137 καὶ
2648 4086 2703 4136 ἐν
2733 4079 2812 4146 οἷς
2850 4084 3047 4151 ἔφασκε
3084 4085 3175 4150 τὸ,
3213 4086 3337 4138 Ὅτε
3366 4084 3674 4153 διεμέριζεν
3713 4088 3744 4136 ὀ
3774 4086 4066 4151 ’Ύψιστος

2528 4176 2666 4239 ἔθνη
2686 4212 2699 4235 ,
2741 4166 2985 4241 ἐγενήθη
3022 4174 3186 4241 μερὶς
3208 4176 3424 4243 Κυρίου
3448 4176 3593 4240 λαός
3612 4175 3791 4228 αὐτοῦ
3833 4174 4037 4228 Ἰακώϐ
4049 4194 4060 4205 ⁸

2532 4263 2779 4330 ἄντικρυς
2802 4263 2906 4331 γὰρ
2937 4264 3020 4315 διὰ
3043 4264 3154 4326 τοῦ,
3182 4263 3272 4315 τὸν
3290 4264 3544 4332 ’Υψιστον
3569 4266 3659 4316 καὶ
3685 4264 3884 4335 Κύριον
3910 4263 4064 4325 εἰδὼς

2532 4348 2797 4410 φαίνεται·
2862 4349 3115 4415 Ὕψιστον
3149 4350 3244 4417 μὲν
3281 4350 3369 4401 τὸν
3400 4351 3712 4419 διανέμοντα
3744 4352 3837 4404 καὶ
3867 4351 4066 4420 κληρο-

2529 4434 2774 4487 δοτοῦντα
2818 4440 2925 4497 τοῖς
2950 4437 3132 4489 ἑαυτοῦ
3164 4440 3438 4505 ἀγγέλοις,
3468 4440 3665 4510 Κύριον
3708 4440 3763 4492 δὲ
3802 4440 3891 4491 τὸν
3926 4438 4066 4507 μετὰ

2530 4522 2636 4573 τῶν
2687 4521 2923 4589 ἀγγέλων
2963 4525 3318 4594 κληρούμενον
3354 4527 3449 4594 τὴν
3492 4528 3705 4589 πάντων
3748 4525 3853 4578 τῶν
3894 4524 4065 4579 ἐθνῶν

2533 4610 2879 4682 διαφέρουσαν
2924 4614 3130 4683 μερίδα.
3199 4617 3344 4667 Ἐπεὶ
3383 4615 3555 4680 τοίνυν
3596 4617 3623 4666 ό
3650 4614 3966 4685 δηλούμενος
4004 4616 4063 4666 ἐν

2530 4703 2729 4765 τούτοις
2769 4702 2965 4772 Κύριος
3013 4704 3216 4775 μορφὴν
3245 4702 3424 4755 δούλου
3453 4704 3626 4758 λαϐὼν
3670 4707 3724 4757 ὲν
3763 4706 4063 4775 ὁμοιώματι

2533 4790 2825 4860 ἀνθρώπων
2849 4793 3032 4859 γέγονε
3054 4830 3070 4856 ,
3106 4794 3195 4844 καὶ
3250 4794 3480 4863 σχήματι
3522 4795 3715 4864 εὑρέθη
3747 4796 3820 4855 ὡς
3852 4794 4062 4864 ἄνθρω-

2529 4897 2646 4943 πος,
2677 4881 2925 4950 ὑπέμεινέ
2945 4897 3003 4933 τε
3024 4881 3196 4934 πάντα
3224 4883 3517 4952 πειρασμὸν
3546 4884 3681 4955 μετὰ
3699 4883 3759 4936 τὸ
3786 4883 4064 4953 βάπτισμα

2527 4972 2588 5025 τὸ
2626 4974 2681 5025 ὲν
2720 4970 2984 5041 Ἰορδάνῃ,
3017 4972 3101 5023 ὅτε
3132 4972 3334 5044 ἀνήχθη
3377 4975 3479 5027 ὑπὸ
3511 4972 3603 5026 τοῦ
3644 4971 3950 5039 Πνεύματος
3980 4976 4062 5037 εις

2526 5061 2624 5129 τὴν
2655 5060 2855 5130 ἔρημον
2880 5062 3223 5131 πειρασθῆναι
3250 5064 3351 5116 ὑπὸ
3371 5064 3461 5117 τοῦ
3487 5062 3722 5115 διαϐόλου
3743 5102 3757 5124 ,
3788 5064 3878 5117 καὶ
3905 5065 3962 5116 ἐν
3989 5065 4060 5133 τῇ

2528 5153 2713 5223 ἐρήμῳ
2753 5158 2815 5220 μ’
2848 5153 3057 5224 ἡμέρας
3086 5154 3178 5207 καὶ
3208 5161 3265 5223 μ’
3297 5154 3491 5215 νύκτας
3517 5154 3932 5231 πειραζόμενος,
3964 5155 4063 5206 καὶ

2527 5237 2594 5311 ἦν
2623 5242 2756 5311 μετὰ
2778 5241 2881 5293 τῶν
2905 5243 3120 5313 θηρίων,
3156 5243 3230 5305 ὣς
3258 5260 3416 5311 φησιν
3448 5246 3475 5295 ὁ
3498 5246 3893 5313 εύαγγελιστής·
3921 5242 4063 5294 εἰκό-

2528 5348 2633 5393 τως
2672 5331 2840 5383 ταῦτα
2870 5334 3040 5385 πάντα
3068 5332 3129 5385 τὸ
3156 5332 3374 5401 Πνεῦμα
3398 5334 3457 5385 τὸ
3489 5334 3639 5402 ἆγιον
3664 5333 3925 5402 πῳλαὸὸν
3966 5330 4058 5382 θε-

2530 5421 2727 5482 σπίζει,
2750 5424 3002 5490 σημαῖνον
3018 5424 3116 5475 ὅσα
3132 5438 3189 5473 τε
3211 5424 3266 5475 ὲν
3286 5426 3399 5485 ταῖς
3418 5425 3812 5492 τεσσαράκοντα
3829 5421 4061 5491 ἡμέραις

2531 5509 2909 5579 πειραζόμενος
2935 5511 3203 5580 ὑπέμεινε,
3234 5514 3323 5565 καὶ
3347 5514 3444 5566 ὅσα
3469 5512 3605 5565 κατὰ
3622 5511 3720 5573 τὰς
3742 5508 4060 5577 ἰσαρίθμους

966 5733 1016 5766 η
1060 5728 1079 5785 ι
1114 5722 1222 5783 Cm.
1254 5714 1390 5785 ΠΗ,
1426 5701 1475 5754 6.
1548 5704 1591 5733 ⁷⁸
1628 5703 1819 5772 Eplics.
1864 5722 1931 5771 tv,
1969 5707 2035 5773 5,
2077 5705 2128 5761 6.
2205 5709 2247 5740 τ’
2283 5670 2431 5765 λ’δξιι.
2461 5720 2575 5771 Ctx,
2618 5708 2665 5761 1.

2326 5683 2431 5763 sal.
2461 5720 2575 5771 ιιι,
2618 5708 2665 5761 1.
2737 5708 2783 5739 ⁷⁸
2820 5706 2949 5764 Gen.
2984 5724 3106 5773 xix,
3138 5710 3223 5767 24.
3328 5713 3371 5743 ⁷³
3414 5709 3560 5767 Deut.
3623 5721 3768 5762 usu
3866 5706 3931 5771 8,
3992 5704 4052 5769 9.

897 5821 944 5861 ιο
978 5809 1157 5871 Marc.
1198 5768 1331 5854 ιμ’
