4372 6444
306 534 439 589 “55

1390 524 1878 593 COMMENTARlA
1915 536 1980 589 tn
2017 530 2345 594 PSALmos.

3310 552 3446 604 1154

297 646 416 705 ταῖς
446 643 673 713 ἡμέραις
708 645 918 708 νύκτας.
941 640 1159 700 Μέλλων
1181 648 1286 717 γὰρ
1307 649 1395 702 ἐπὶ
1413 652 1473 703 τὸ
1499 649 1820 719 Εὐαγγέλιον
1848 654 1891 710 Α
1920 664 2023 703 cani

1720 653 1820 702 λιον
1848 654 1891 710 Α
1920 650 2145 704 randum
2178 652 2483 720 proditurus
2517 646 2675 716 esset,
2712 656 2989 725 antequam
3021 657 3446 726 prmdicatienem

296 734 394 802 τῆς
420 734 509 787 τοῦ
536 732 665 787 Θεοῦ
695 735 960 804 βασιλείας
992 732 1270 809 παριέναι,
1301 742 1424 810 πρὶν
1450 741 1703 813 ἀρξασθαι
1730 744 1818 794 τοῦ

296 824 640 899 κηρύγματος
656 867 671 888 ,
698 828 789 878 καὶ
812 827 913 895 πρὸ
936 831 1031 897 τῆς
1063 830 1139 891 είς
1162 828 1470 899 ἀνθρώπους
1490 832 1817 899 εὐεργεσίας,

296 917 385 966 ἐπὶ
400 917 495 977 τὰς
514 904 705 985 ἒχθράς
719 918 809 969 καὶ
831 916 1083 987 πολεμίας
1103 918 1192 972 τοῦ
1209 920 1313 971 τῶν
1328 921 1422 973 ἀνθ
1433 920 1620 991 ρώπων
1638 924 1821 988 γένους

294 1006 543 1073 δυνάμεις
570 1006 820 1075 ἀνήγετοο
854 1007 1024 1071 ὅπως,
1055 1009 1260 1070 ὲκείνας
1288 1010 1501 1079 πρώτας
1528 1026 1819 1078 καταγωνιη

297 1096 523 1164 σάμενος
550 1097 642 1149 καὶ
670 1096 923 1160 καθελὼν,
943 1097 1109 1160 οὕτως
1131 1098 1219 1152 ἐπὶ
1240 1100 1334 1169 τὴν
1354 1099 1459 1151 τῶν
1480 1102 1639 1154 πάλαι
1663 1119 1822 1154 καταε

297 1188 632 1256 πονουμένων
675 1188 932 1260 λύτρωσίν
968 1207 1025 1241 τε
1065 1190 1154 1262 καὶ
1200 1190 1499 1259 ἐλευθερίαν
1548 1193 1817 1262 παρέλθοι.

310 1276 503 1348 Ἐχρῆν
534 1278 636 1347 γὰρ
674 1280 861 1341 αὐτοὺς
892 1279 954 1350 δὴ
988 1280 1212 1349 μάλιστα
1242 1280 1484 1353 πρώτους
1516 1285 1636 1346 τοὺς
1674 1286 1817 1353 παρὰ

196 1389 207 1399 ·
298 1369 430 1420 πᾶσι
458 1372 565 1431 τοῖς
594 1370 762 1423 ἔθνεσι
792 1370 941 1433 θεοὺς
964 1366 1097 1424 εἶναι
1130 1372 1462 1441 νομίσαντας,
1490 1374 1581 1425 καὶ
1603 1373 1698 1435 τὰς
1716 1375 1819 1426 τῶν

298 1458 394 1531 ἀνθ
403 1458 594 1527 ρώπων
613 1460 784 1527 ψυχὰς
803 1459 1190 1531 αἰχμαλώτους,
1215 1460 1318 1513 ἀπὸ
1336 1460 1435 1530 τῆς
1457 1459 1547 1512 τοῦ
1564 1460 1668 1511 τῶν
1689 1462 1821 1513 ὅλων

296 1548 429 1602 Θεοῦ
452 1550 697 1617 γνώσεώς
723 1566 779 1603 τε
804 1552 891 1603 καὶ
911 1550 1180 1614 εὐσεϐείας
1202 1551 1634 1621 ἀφαρπάσαντας,
1661 1551 1759 1605 καθ
1770 1570 1821 1603 υ-

298 1640 522 1703 ποτάξαι
540 1642 630 1691 καὶ
651 1639 748 1707 τῆς
768 1642 1067 1711 τυραννίδος
1087 1644 1351 1697 καθελεῖν·
1386 1640 1484 1696 εἶθ’
1505 1641 1669 1705 οὕτως
1692 1644 1821 1695 ἅπας

298 1745 388 1783 σιν
414 1729 711 1799 ἀνθρώποις
732 1730 790 1782 τὸ
816 1733 1138 1801 Εὐαγγέλιον
1163 1735 1261 1805 τῆς
1281 1733 1372 1788 τοῦ
1398 1733 1530 1787 Θεοῦ
1557 1732 1820 1804 βασιλείας

294 1822 640 1892 παραδοῦναι.
694 1820 784 1876 Διὸ
814 1822 875 1893 δὴ
916 1824 1018 1895 πρὸ
1058 1824 1231 1897 πάσης
1260 1820 1632 1896 ἱστορουμένης
1660 1822 1819 1878 αὐτοῦ

295 1910 540 1980 πράξεως
582 1912 805 1980 ἀνήγετο
848 1914 926 1974 εἰς
954 1913 1049 1983 τὴν
1096 1913 1294 1985 ἔρημον
1339 1914 1687 1983 πειρασθῆναι
1722 1913 1820 1964 ὑπὸ

293 2001 387 2054 τοῦ
417 2001 683 2055 διαῦόλου·
729 2002 821 2056 και
849 1998 914 2072 ἦν
956 1982 1087 2073 μέτά
1113 1982 1218 2055 es;
1246 1982 1476 2074 θηριων,
1505 2002 1579 2064 ὦς
1612 2019 1768 2071 φησιν
1794 2004 1820 2055 δ
1852 1982 1891 2037 Β

294 2089 703 2159 εὐαγγελιστὴς,
735 2088 893 2159 θηρία
935 2090 1234 2160 προσειπὼν
1266 2094 1359 2153 τὰς
1403 2090 1819 2161 ἁπηγριωμένας

293 2177 388 2228 καὶ
412 2176 687 2246 θηριώδεις
713 2180 946 2245 πονηρὰς
971 2178 1237 2249 δυνάμεις.
1287 2179 1432 2231 Αὑτά
1452 2179 1514 2251 δὴ
1539 2176 1637 2256 οὖν.
1653 2180 1821 2233 ταῦτα

292 2258 439 2319 καῖᾍ
481 2266 662 2336 παρὼν
693 2267 898 2337 ψαλμός
927 2270 1297 2338 προαναφωνεῖ
1322 2269 1633 2340 προφητικῷ
1657 2269 1821 2323 Ilvati-

293 2372 418 2425 ματι
436 2354 752 2423 ἀναγκαίως.
778 2356 886 2426 Χρὴ
903 2356 1026 2427 γὰρ,
1038 2357 1121 2410 διά
1134 2357 1238 2409 τῶν
1253 2356 1546 2427 ἔμπροσθεν
1559 2359 1823 2429 διδαχθέν-

290 2463 387 2508 τας
407 2447 471 2498 τά
493 2446 615 2517 περὶ
638 2447 732 2516 τῆς
752 2450 828 2510 εἰς
851 2448 1162 2519 ἀνθρώπους
1184 2449 1475 2519 παρουσίας
1499 2450 1591 2504 τοῦ
1616 2466 1821 2520 προφη-

290 2534 595 2604 τευομένου,
613 2536 702 2588 καὶ
718 2536 781 2589 τὰ
802 2535 925 2607 περὶ
946 2538 1041 2606 τῆς
1055 2538 1310 2610 ένσάρκου
1326 2542 1619 2611 γεννήσεως
1635 2540 1817 2603 αὑτοῦ,

288 2623 358 2675 τά
378 2640 435 2674 τε
461 2628 587 2693 περὶ
608 2623 700 2676 τοῦ
736 2626 979 2689 θανάτου,
1004 2627 1146 2689 ὅπως
1165 2644 1222 2679 τε
1244 2630 1307 2680 ἐκ
1341 2627 1642 2699 σπέρματος
1668 2623 1824 2681 Δαυτδ

288 2713 697 2783 προελεύσεσθαι
713 2716 1432 2785 προκεκήρυκτο,ἀκολούθως
1445 2718 1630 2771 καὶτὸν
1642 2718 1823 2785 ἀγῶνα

289 2803 475 2873 μαθεῖν
502 2803 644 2873 ἡμᾶς
674 2803 731 2855 ὃν
762 2805 927 2876 ἤρατο
956 2806 1092 2859 κατά
1116 2806 1231 2860 τῶν
1260 2808 1639 2878 ἀντικειμένων
1668 2808 1822 2861 δυνά-

290 2910 451 2963 μεων.
472 2894 650 2948 Ταῦτα
671 2891 805 2965 οὗνή
826 2895 1067 2968 παροῦσα
1089 2897 1373 2969 παρίστησι
1396 2900 1687 2968 προφητεία
1709 2917 1827 2969 προ-

288 2983 638 3051 λέγουσα,ὅσα
656 2986 793 3039 κατά
813 2990 908 3058 τὴν
926 2986 1121 3058 ἔρημον
1139 2988 1417 3057 ὑπέμεινεν
1438 2990 1517 3056 ἐφ’
1536 2988 1679 3053 ὅλαις
1698 2992 1727 3059 ἡ
1738 2992 1825 3059 μέν

290 3086 409 3145 ραις
426 3084 475 3146 μ’
493 3078 581 3129 καὶ
597 3078 709 3143 νυξὶ
727 3082 842 3140 ταῖς
868 3079 1003 3142 ῐσαις
1020 3078 1399 3150 πειραζόμενος
1423 3080 1523 3133 ὑπὸ
1540 3079 1631 3133 τοῦ
1658 3079 1827 3132 aues.

287 3166 397 3219 λου.
416 3164 679 3238 Θηρευταὶ
700 3169 806 3240 γάρ
833 3164 970 3239 ἦσαν
996 3172 1119 3240 περὶ
1142 3170 1298 3223 αὐτὸν
1320 3165 1531 3241 ἀόρατοι
1552 3168 1823 3239 δυνάμεις,

288 3256 512 3325 παγίδας
563 3258 707 3327 αὐτῴ
738 3258 1244 3323 κατασκευάζουσαι.
1276 3259 1383 3311 Καὶ
1416 3259 1471 3311 αἱ
1520 3258 1617 3328 μὲν
1646 3256 1819 3323 λόγοις

287 3347 646 3417 ταραχώδεσιν
676 3349 831 3401 αὑτὸν
862 3349 1101 3426 θορυὸεἶν
1122 3347 1466 3419 πειρώμεναι,
1496 3349 1619 3402 αἰδὲ
1648 3348 1825 3417 φοϐεῖν

286 3442 424 3495 κατά
461 3441 556 3503 τὰς
604 3440 828 3505 νύκτας,
862 3439 955 3495 καὶ
986 3441 1155 3497 ’πάλιν
1198 3441 1327 3494 ἄλλα
1359 3439 1424 3493 δι’
1458 3440 1665 3511 ἡμέρας
1694 3438 1830 3509 βέλη.

286 3534 447 3605 νοητά
485 3530 790 3603 πέμπουσαι
832 3534 949 3586 κατ’
977 3533 1165 3587 αὑτοῦ·
1212 3528 1487 3609 ωὶιαῦθις
1515 3530 1693 3601 ἕτεραι
1722 3531 1820 3583 οὐκ

285 3620 591 3692 ὠνομάσθαι
617 3621 743 3691 ἡμῖν
770 3658 785 3683 ,
833 3616 949 3671 οὐδὲ
995 3618 1240 3689 λεχθῆναι
1271 3618 1557 3688 δυνάμεναι
1604 3618 1819 3688 θνηταῖς

284 3715 496 3775 ἀκοαῖς,
524 3711 614 3764 τὸν
639 3711 755 3765 κατ’
775 3709 936 3775 αὑτοῦ
966 3702 1259 3782 πειρασμὸν
1284 3706 1784 3780 πραγματευόμεναι
1799 3725 1812 3737 ·

284 3801 313 3853 ὃ
342 3801 406 3872 δὴ
440 3800 687 3871 σημαίνει
719 3797 937 3868 φάσκων
962 3801 989 3851 ό
1020 3799 1191 3867 λόγος,
1235 3797 1373 3874 Ἀπό
1396 3796 1725 3867 πράγματος
1748 3796 1817 3849 ἐν

284 3892 484 3944 σκότει
507 3874 1024 3958 διαπορευομένου·
1042 3885 1179 3940 Ἀνθ’
1210 3877 1268 3941 οὗ
1291 3889 1319 3941 ό
1352 3886 1446 3955 μὲν
1480 3883 1701 3948 Ἀκύλας
1721 3886 1817 3955 ἠρ-

288 3983 568 4053 μήνευσενι
586 3980 724 4057 Ἀπὸ
736 3978 994 4051 ῥήματος
1008 3980 1075 4032 ἐν
1088 3978 1420 4047 σκοτομήνῃ
1438 3975 1816 4044 περιπατοῦν-

283 4090 384 4139 τος
402 4090 416 4104 ⁸
450 4071 477 4125 ὁ
504 4074 560 4126 δὲ
588 4071 909 4143 Σύμμαχος,
931 4070 1077 4125 Οὐδὲ
1112 4071 1318 4129 λοιμὸν
1346 4064 1493 4137 ζόφῳ
1517 4068 1813 4122 ὀδεύοντα.

308 4198 321 4209 ’
355 4223 491 4292 Ἤδη
519 4222 679 4274 δὲκαὶ
704 4220 771 4273 τά
786 4219 1127 4273 ἀναιδέστατα
1154 4219 1245 4271 καὶ
1271 4216 1557 4287 ἀρχοντικά
1579 4216 1682 4269 τῶν
1698 4216 1815 4267 δαι·

284 4312 499 4383 μονίων,
530 4310 596 4362 τά
617 4312 672 4362 ὲν
692 4310 825 4380 αὐτῇ
844 4312 908 4379 τῇ
940 4302 1245 4379 μεσημϐρίᾳ
1274 4309 1366 4361 κάι
1392 4309 1457 4377 τῇ
1484 4306 1574 4359 τοῦ
1593 4304 1813 4378 ἡλιακοῦ

283 4401 457 4472 φωτὸς
499 4402 649 4471 ἀκμῇ
698 4400 972 4471 τολμῶντα
1003 4398 1465 4469 παραφαίνεσθαι,
1510 4397 1814 4467 προσῄεσαν

277 4491 448 4563 αὐτῷ.
482 4490 601 4543 Τῶν
631 4491 739 4561 γὰρ
787 4490 957 4544 ἄλλων
996 4489 1055 4542 τὸ
1105 4491 1297 4543 οἰκεῖον
1331 4489 1514 4551 σκότος
1559 4488 1816 4558 μεταδιω⁴

282 4584 502 4647 κόντων,
534 4588 629 4637 καὶ⁵
662 4584 719 4636 ὲν
750 4582 879 4655 μόνῃ
912 4580 1063 4635 νυκτὶ⁸
1089 4578 1406 4649 φαντασιοῦν
1434 4578 1714 4644 εἰωθότων,
1747 4578 1813 4632 τά

1920 741 2095 804 iniret,
2127 752 2173 795 et
2206 751 2486 811 antequam
2518 742 2769 796 beneﬁcia
2802 745 3103 801 hominibus
3135 750 3448 818 impertiret,

1920 832 1983 881 ad
2016 831 2257 885 inimicas
2282 839 2335 885 et
2361 834 2693 888 advers-arias
2726 835 2907 904 generi
2954 836 3184 889 humano
3222 840 3454 897 virtutes

1920 920 2180 974 adductus
2230 928 2338 985 est;
2389 929 2445 974 ut
2478 938 2597 975 eum
2655 923 2774 977 illas
2828 926 3033 993 priores
3056 926 3369 981 debellasset
3398 937 3451 983 et

1919 1011 2281 1073 destruxisset,
2318 1012 2395 1064 sic
2450 1011 2513 1063 ad
2560 1026 2743 1065 eorum
2786 1014 2875 1082 qui
2922 1014 3047 1065 olim
3090 1009 3451 1083 aﬂligcbantur

1920 1100 2329 1167 redemptionem
2374 1110 2426 1155 et
2478 1101 2771 1155 libertatem
2803 1103 3091 1156 curandam
3116 1107 3444 1173 procederet.

1918 1190 2203 1258 Oportebat
2246 1192 2386 1245 enim
2423 1191 2596 1261 primo
2630 1194 2749 1246 illos
2772 1194 2860 1260 qui
2893 1194 3031 1261 apud
3055 1210 3239 1249 omnes
3267 1205 3447 1265 gentes

1920 1296 2015 1349 pro
2034 1282 2136 1336 diis
2154 1282 2555 1351 reputabantur,
2588 1283 2967 1352 hominumque
2989 1285 3193 1338 animas
3216 1286 3449 1353 captivas

1921 1388 1949 1425 a
1978 1373 2280 1441 cognitione
2311 1370 2403 1427 Dei
2436 1374 2801 1427 universorum
2832 1381 2884 1427 et
2914 1388 2941 1424 a
2971 1374 3167 1442 pietate
3207 1375 3443 1441 abripue-

1918 1462 2055 1521 rant,
2086 1460 2351 1528 subigere,
2393 1474 2577 1513 eorum
2620 1461 2951 1527 tyrannidem
2984 1462 3160 1515 delere
3190 1481 3201 1514 :
3233 1462 3446 1515 deinde-

1917 1566 2020 1619 que
2048 1551 2295 1605 omnibus
2329 1550 2635 1604 hominibus
2669 1550 3010 1619 Evangelium
3048 1552 3194 1619 regni
3228 1551 3317 1605 Dei
3344 1562 3449 1604 tra-

1917 1644 2058 1696 dere.
2111 1640 2446 1711 Quapropter
2492 1650 2616 1694 ante
2661 1654 2845 1694 omnes
2878 1642 3008 1695 alias
3043 1642 3157 1707 ejus
3190 1643 3447 1705 actiones,

1918 1747 2035 1802 qua:
2057 1733 2108 1785 in
2144 1732 2364 1787 historia
2390 1730 2652 1795 feruntur,
2683 1729 2874 1785 ductus
2896 1739 2978 1784 est
2997 1731 3048 1782 in
3070 1731 3360 1795 desertum,
3389 1741 3447 1785 ut

1919 1830 2210 1877 tentaretur
2230 1839 2258 1876 a
2283 1822 2515 1888 diabolo,
2536 1828 2753 1890 eratque
2773 1831 2891 1874 sum
2917 1820 3062 1883 feris,
3096 1828 3153 1873 ut
3176 1822 3249 1873 ait
3284 1837 3447 1875 evan—

1919 1913 2127 1983 gelista,
2175 1911 2672 1981 feras‘nuncupans
2720 1921 2955 1983 agrestes
3006 1914 3123 1966 illas
3169 1922 3221 1967 οι
3248 1912 3448 1967 ferinas

1919 2001 2177 2070 malignas
2208 2001 2449 2057 virtutes.
2483 2000 2604 2056 Haec
2628 2002 2792 2070 igitur
2812 2004 2923 2071 ipsa
2954 2018 3183 2071 praesens
3208 2004 3446 2069 psalmus

1920 2089 2225 2159 prophetico
2243 2089 2444 2157 Spiritu
2460 2090 2761 2144 necessario
2777 2092 3110 2157 praenuntiat.
3130 2088 3231 2141 Par
3254 2090 3447 2158 quippe

1918 2186 2031 2231 erat
2057 2192 2155 2231 nos
2186 2183 2308 2231 ante
2343 2178 2560 2233 edootos
2599 2192 2661 2231 ea
2711 2192 2828 2248 quae
2870 2179 2984 2245 ejus
3016 2181 3107 2247 qui
3139 2181 3189 2231 in
3218 2181 3444 2248 prophe~

1919 2271 1991 2323 tia
2044 2268 2353 2323 enuntiatur
2400 2268 2696 2322 adventum
2756 2270 2820 2323 ad
2882 2271 3122 2324 homines
3182 2278 3441 2339 spectant.

1919 2373 2123 2414 necnon
2157 2374 2275 2429 qua:
2315 2358 2381 2413 ad
2410 2359 2527 2429 ejus
2551 2362 2820 2414 carnalem
2855 2360 3243 2429 generationem
3277 2362 3443 2429 perti«

1919 2454 2063 2512 nent,
2097 2447 2160 2502 ad
2182 2448 2436 2503 "mortem
2488 2448 2613 2501 item
2641 2449 2776 2517 ejus,
2806 2458 2857 2502 et
2900 2450 2964 2503 ad
3009 2450 3223 2503 modum
3250 2464 3355 2518 quo
3380 2465 3441 2503 ex

1919 2538 2122 2592 semine
2146 2536 2311 2593 David
2335 2538 2642 2607 proditurus
2671 2538 3144 2606 pranuntiabatur,
3173 2539 3443 2602 ediscere;

1920 2641 1981 2679 ac
2010 2636 2397 2698 consequenter
2416 2628 2574 2681 etiam
2600 2628 2666 2682 de
2694 2632 2983 2683 ecrtamine
3004 2630 3139 2697 ejus,
3165 2629 3304 2698 quod
3326 2644 3449 2683 con-

1922 2726 2003 2772 tra
2020 2718 2348 2773 adversarias
2372 2726 2661 2787 potestates
2687 2720 2942 2785 suscepit,
2962 2719 3180 2772 erudiri.
3206 2718 3326 2772 Haec
3348 2720 3446 2789 igi-

1922 2818 2009 2864 tur
2035 2825 2267 2881 praasens
2294 2810 2567 2879 prophetia
2597 2809 2851 2871 declarat,
2868 2810 3230 2878 praenuntiatus
3247 2818 3445 2877 quanta

1925 2902 1979 2955 in
2010 2901 2221 2956 deserto
2263 2899 2537 2965 sustinuit,
2572 2898 2759 2953 diebus
2804 2897 3155 2967 quadraginta
3195 2900 3445 2952 totidem-

1923 3007 2025 3061 que
2050 2992 2292 3045 noctibus
2344 2997 2573 3045 tentatus
2602 3004 2630 3042 a
2677 2986 2906 3043 diabolo.
2933 2986 3225 3043 Venatores
3251 2988 3445 3058 quippe

1924 3081 2072 3135 illum
2112 3078 2537 3145 circumdabant,
2570 3079 2869 3147 invisibiles
2902 3094 3091 3149 nempe
3130 3075 3439 3148 potestates,

1922 3171 2137 3241 laqueos
2199 3169 2301 3240 ipsi
2350 3178 2621 3239 parantes,
2695 3167 2761 3223 Et
2827 3169 2943 3224 alia:
3002 3167 3213 3239 quidem
3267 3170 3444 3224 verbis

1923 3260 2242 3316 turbulentis
2284 3254 2623 3314 conturbare
2658 3257 2833 3329 ipsum
2878 3260 3185 3325 tentabant;
3226 3259 3341 3312 alia:
3389 3260 3442 3311 in

1923 3359 2077 3407 nocte
2105 3348 2535 3422 perterrefacere.
2564 3349 2695 3404 Alia
2738 3349 2866 3404 item
2912 3348 2967 3403 in
3019 3347 3104 3403 die
3142 3348 3439 3417 spiritualia

1916 3444 2019 3499 tela
2064 3441 2417 3497 immittebant
2449 3440 2505 3493 in
2553 3450 2708 3506 eum;
2740 3454 2950 3495 rursum
3000 3439 3137 3502 aliaz,
3175 3454 3294 3508 quae
3342 3452 3443 3493 nec

1914 3533 2179 3589 nominari
2210 3531 2384 3600 nobis,
2413 3545 2513 3587 nec
2574 3529 2680 3585 dici
2730 3528 3045 3585 mortalibus
3072 3529 3293 3582 auribus
3315 3544 3443 3598 pos-

1915 3642 1937 3653 "
1990 3631 2056 3687 ιι.
2094 3623 2442 3679 tentationem
2476 3620 2531 3676 in
2592 3635 2711 3675 eum
2768 3618 3099 3673 adornabant
3131 3635 3144 3671 :
3174 3618 3318 3687 quod
3360 3618 3442 3673 his

1912 3712 2325 3783 signiﬁcatur,A
2357 3713 2557 3782 negotio
2583 3708 2967 3778 perambulante
2987 3708 3041 3760 in
3074 3704 3437 3767 tenebris.‘Pro

1912 3816 2018 3869 quo
2048 3800 2238 3870 Aquila
2286 3800 2499 3870 quidem
2543 3784 2921 3869 interpretatus
2962 3807 3061 3857 est.
3113 3796 3155 3848 Α
3188 3794 3333 3849 verbo
3384 3796 3437 3848 in

1914 3900 2055 3943 nocte
2086 3890 2232 3941 illum
2254 3888 2645 3957 perambulante
2669 3904 2686 3951 ;
2718 3889 3068 3958 Symmachus
3090 3899 3237 3953 vero,
3263 3882 3437 3954 Neque

1912 3988 2094 4046 pestem
2117 3979 2171 4032 in
2200 3979 2417 4047 caligine
2456 3966 2802 4029 ambulan‘em
2912 3960 2917 3969 ’

1981 4219 2059 4273 Ad
2086 4220 2198 4273 haec
2223 4233 2350 4273 vero
2376 4218 2536 4274 etiam
2577 4217 3027 4289 impudentissimi
3050 4217 3437 4283 dmmpniorum

1911 4310 2199 4381 principes,
2234 4309 2324 4376 qui
2357 4308 2408 4360 in
2440 4308 2686 4370 meridie,
2718 4308 2926 4377 vigente
2960 4307 3089 4362 solis
3108 4308 3247 4370 luce,
3277 4320 3440 4381 appa-

1909 4399 2168 4455 rere'ausi
2199 4403 2342 4459 sunt,
2367 4405 2713 4451 accesserunt
2746 4398 2811 4451 ad
2852 4412 2994 4451 eum.
3026 4394 3159 4449 Nam
3184 4410 3305 4450 cum
3348 4395 3439 4447 alii

1911 4492 2153 4563 proprias
2180 4489 2279 4544 sibi
2337 4490 2585 4544 tenebras
2618 4496 2907 4550 sectentur,
2941 4495 2994 4542 et
3034 4486 3087 4540 in
3117 4478 3229 4543 sola
3283 4491 3441 4538 nocte

1912 4580 2219 4652 phantasia:
2282 4592 2495 4633 movere
2552 4578 2793 4642 soleant;
2856 4576 2947 4645 qui
2992 4572 3439 4642 impudentissimi

281 4674 632 4729 ἀναιδέστατα
663 4676 756 4729 καὶ
784 4674 849 4726 δι’
870 4673 1076 4745 ἡμέρας
1105 4672 1275 4742 τολμᾷ
1302 4670 1597 4738 φαίνεσθαι,
1633 4670 1724 4722 καὶ
1755 4669 1812 4720 ὲν
1846 4673 1884 4725 D
1914 4686 2007 4726 sun

1710 4672 1724 4722 ι
1755 4669 1812 4720 ὲν
1846 4673 1884 4725 D
1914 4680 2057 4733 sunt,
2084 4670 2243 4722 etiam
2295 4670 2350 4721 in
2378 4668 2465 4723 die
2494 4681 2751 4736 apparere
2782 4665 2999 4727 audent,
3040 4670 3093 4718 et
3143 4665 3196 4717 in
3248 4663 3436 4719 mediis

285 4764 475 4837 μέσαις
498 4766 689 4833 αὐγαῖς
716 4764 882 4835 ἡλίου.
897 4763 1126 4817 Τοιαῦτα
1144 4763 1198 4816 δὲ
1220 4759 1287 4833 ἦν
1306 4763 1373 4814 τά
1399 4762 1489 4814 καὶ
1510 4759 1585 4830 τῷ
1604 4760 1813 4830 Σωτῆρι

283 4856 529 4910 ἐπιόνταο
566 4856 681 4925 μεθ’
712 4854 921 4925 ἡμέραν
979 4854 1074 4923 μὲν
1119 4848 1207 4905 οὖν
1252 4851 1476 4907 τοιαῦτά
1512 4867 1629 4903 τινα
1667 4850 1813 4919 αὐτῷ

283 4946 527 5018 προσῄει,
556 4946 694 5000 κατά
714 4946 769 4998 δὲ
786 4946 884 5008 τὰς
901 4944 1096 5005 νύκτας
1114 4942 1291 5013 ἕτερα.
1310 4942 1398 4995 Διὸ
1424 4941 1629 5012 εἴρηται
1650 4937 1775 5008 ἑξῆς
1794 4954 1808 4969 ’

287 5035 370 5087 οὐ
400 5034 708 5103 φοθηθήσῃ
745 5033 862 5088 ἀπὸ
903 5035 1086 5105 φόβου
1133 5030 1499 5097 νυκτερινοῦ,
1548 5030 1641 5081 καὶ
1690 5028 1807 5081 ἀπὸ

1915 4759 2181 4816 solaribus
2203 4757 2389 4812 radiis.
2421 4756 2577 4812 Tales
2605 4763 2759 4810 erant
2786 4756 2877 4825 qui
2900 4753 3242 4811 ,Salvatorem
3266 4754 3439 4808 adorti

1912 4850 2143 4914 sunt;in
2177 4848 2263 4902 die
2304 4846 2536 4915 namque
2586 4838 2895 4914 huiusmodi
2945 4843 3170 4913 spiritns
3215 4843 3437 4897 accede-

1910 4940 2037 4993 bant
2070 4937 2135 4991 ad
2166 4951 2309 5000 eum,
2343 4936 2397 4989 in
2424 4935 2671 4989 noctibus
2703 4944 2878 4990 autem
2900 4934 3010 4989 alii.
3034 4933 3211 5000 Quare
3242 4932 3439 4987 dicitur

1907 5036 2110 5099 postea,
2139 5025 2260 5078 Non
2289 5026 2486 5079 timebis
2516 5043 2548 5079 a
2576 5028 2755 5080 timore
2792 5034 3060 5090 nocturno,
3090 5034 3141 5091 et
3180 5041 3212 5077 a
3237 5025 3437 5094 negotio

280 5120 615 5190 πράγματος
633 5124 703 5177 ἐν
726 5124 926 5178 σκότει
950 5120 1457 5189 διαπορευομένου.
1496 5118 1725 5187 Ὀρῶντα
1753 5117 1807 5169 δὲ
1904 5136 2006 5190 ρετι

1716 5117 1807 5169 tae
1904 5117 2293 5190 perambulante
2344 5118 2399 5170 in
2448 5117 2683 5171 tenebris.
2716 5117 2849 5172 Cum
2894 5126 3067 5173 autem
3112 5114 3361 5171 invictam
3381 5123 3442 5170 et

282 5213 440 5270 αὐτοῦ
463 5212 559 5282 τὴν
583 5213 789 5284 ἄμαχον
813 5216 908 5269 καὶ
938 5216 1194 5285 ἀήττητον
1218 5212 1459 5281 δύναμιν,
1488 5208 1619 5280 ὁμοῦ
1654 5208 1810 5261 πάλιν

282 5305 633 5380 ἀθροιζόμενα
686 5307 825 5360 κατά
882 5308 1043 5377 στίφη
1103 5304 1388 5376 προσίεσαν
1438 5302 1582 5371 αὐτῷ
1634 5300 1807 5371 πλήθη
1887 5362 1891 5367 δ

282 5396 554 5466 δυνάμεων
593 5396 991 5467 ἀντικειμένων.
1022 5397 1129 5450 Καί
1173 5412 1259 5466 μοι
1286 5391 1526 5447 δοκοῦσιν
1564 5392 1613 5443 οἱ
1644 5390 1808 5445 πάλαι

283 5487 412 5557 παρ’
440 5485 734 5559 ἀνθρώποις
756 5486 1087 5557 νομιζόμενοι
1106 5487 1235 5549 θεοὶ,
1268 5486 1358 5539 καὶ
1386 5483 1450 5537 τά
1468 5481 1809 5551 ἀντικείμενα

285 5578 598 5650 πνεύματα,
627 5578 783 5648 ξένην
826 5577 963 5656 τινὰ,
995 5579 1152 5647 φύσιν
1190 5578 1283 5631 καὶ
1329 5576 1548 5645 δύναμιν
1600 5572 1814 5626 πάντων

284 5670 461 5723 αὐτῶν
492 5668 868 5741 καθαιρετικὴν
909 5666 1152 5739 θεώμενα
1195 5671 1254 5723 ἐν
1291 5667 1368 5739 τῷ
1407 5664 1670 5737 ἀνθρώπῳ
1719 5661 1811 5715 τοῦ

285 5759 530 5833 Σωτῆρος
558 5760 739 5833 ήμῶν,
769 5756 900 5830 ὁμοῦ
932 5757 1185 5829 συνῆχθαι
1226 5756 1605 5827 ἁπανταχόθεν,
1647 5752 1813 5823 ἀθρόα

285 5866 343 5902 τε
375 5851 649 5905 προσιέναι
681 5845 770 5905 καί
804 5850 1158 5903 ποοσοήσσειν
1189 5848 1387 5903 ἐθέλειν
1414 5846 1578 5905 αὐτῶ.
1609 5844 1717 5899 Καὶ
1744 5843 1811 5900 τὰ

1914 5210 2321 5280 insuperabilem
2356 5210 2472 5278 ejus
2506 5210 2753 5264 virtutem
2783 5216 3060 5264 cernerent
3082 5245 3094 5269 .
3126 5205 3336 5277 agmine
3362 5206 3439 5262 εἰ·
3485 5218 3492 5227 ‘

1913 5301 2023 5356 mul
2061 5300 2348 5363 instructo,
2401 5297 2685 5352 multitudo
2735 5295 3158 5351 adversariarum
3206 5300 3439 5365 potesta-

1913 5401 2025 5446 tum
2081 5390 2254 5460 ipsunl
2311 5403 2565 5459 aggressa
2599 5398 2699 5442 est.
2760 5384 3086 5453 Videturque
3134 5384 3283 5443 mihi.
3314 5386 3435 5439 illos

1914 5486 2060 5547 olim,
2101 5482 2193 5552 qui
2233 5481 2374 5551 apud
2404 5482 2645 5534 homines
2672 5477 2744 5531 dii
2786 5476 3247 5540 existimabantur,
3282 5477 3437 5529 item-

1914 5590 2023 5646 que
2041 5572 2379 5629 adversarios
2408 5570 2649 5641 spiritus,
2681 5566 2996 5635 stupendam
3039 5566 3321 5635 quamdam
3342 5580 3439 5618 na-

1911 5674 2086 5731 turam
2119 5669 2172 5717 et
2198 5661 2452 5715 virtutem
2476 5659 2577 5715 sibi
2599 5657 2847 5711 omnibus
2873 5656 3151 5710 exitiosam
3180 5648 3231 5707 i'n
3264 5653 3438 5709 homi-

1911 5770 1979 5810 ne
2004 5752 2296 5809 Salvatoris
2323 5750 2495 5807 nostri
2531 5748 2784 5812 videntes,
2811 5761 2916 5801 una
2950 5754 3300 5817 congregatos
3337 5760 3439 5799 un-

1909 5843 2069 5905 dique
2096 5841 2376 5900 confertim
2399 5838 2709 5902 accessisse,
2744 5844 2800 5893 ut
2834 5837 3189 5902 irrumperent
3212 5835 3265 5889 in
3291 5848 3435 5890 eum.
