4372 6404
850 467 984 522 H55

1540 459 1802 517 EUSEBII
1843 459 2314 516 CJESARIENSIS
2356 459 2503 516 OPP.
2537 458 2716 517 PARS
2746 461 2836 518 ΙΙΙ.
2875 487 2946 504 α-ι
2983 443 3387 524 EXEGETICA.

3916 475 4051 532 “56

847 580 914 638 Et
940 583 1111 652 primo
1138 581 1352 651 quidem
1398 577 1670 636 diabolum
1703 584 1933 638 aliorum
1986 583 2394 652 particular-ium
2427 591 2470 646 Α
2503 583 2567 654 μὲ

2325 599 2394 636 Im
2427 591 2470 646 Α
2503 583 2598 654 μὲν
2631 585 2817 656 πρῶτα
2835 586 2901 638 δι’
2931 588 3131 658 ἐτέρων
3160 591 3401 661 μερικῶν
3429 590 3748 662 πνευμάτων
3777 593 4049 666 πειράζειν

848 676 1130 745 spirituum
1164 689 1324 742 opera
1359 673 1532 743 ipsum
1562 681 1801 726 tentasse
1828 693 1841 727 :
1874 688 2040 743 quare
2063 673 2261 727 dictum
2291 682 2392 739 est,

846 762 915 816 Et
945 772 1058 816 erat
1091 778 1207 815 cum
1238 763 1362 830 feris
1398 761 1460 814 ⁸¹.
1504 760 1838 828 Quibusnam
1881 763 2040 817 feris?
2068 764 2120 817 id
2143 766 2313 833 aperit
2342 767 2394 819 in

844 857 1403 926 sequentibus-sermo
1445 872 1683 926 praesens
1708 857 1792 910 his
1826 857 2027 920 verbis,
2063 856 2229 926 Super
2255 860 2394 927 aspi-

839 947 955 1002 dem
980 957 1029 1001 et
1053 948 1355 1001 basiliscum
1390 946 1713 1009 ambulabis,
1746 956 1795 999 et
1836 948 2162 1001 conculcabis
2200 950 2394 1002 leonem

836 1048 887 1095 et
914 1042 1216 1093 draconem.
1275 1039 1504 1100 Etenim.
1545 1046 1604 1092 ut
1634 1039 1927 1093 verisimile
1954 1047 2058 1103 est,
2089 1041 2180 1093 tali
2219 1043 2394 1110 specie

839 1130 1044 1197 talique
1072 1129 1242 1183 forma
1274 1139 1524 1198 suscepta
1544 1170 1558 1192 ,
1588 1129 1835 1198 malignae
1877 1130 2122 1198 quaedam
2148 1131 2391 1198 virtutes,

841 1219 1180 1288 principatus
1209 1227 1261 1272 et
1294 1228 1588 1286 potestates
1611 1257 1624 1281 ,
1651 1225 1891 1272 rectores
1929 1219 2114 1272 mundi
2148 1221 2393 1273 tenebra-

839 1323 960 1361 rum
991 1308 1202 1374 barum,
1228 1309 1305 1360 ac"
1325 1309 1629 1377 spiritualia
1667 1310 1941 1380 nequitiae,
1972 1326 2068 1380 per
2088 1326 2264 1366 aerem
2300 1326 2391 1365 vo-

836 1400 1046 1465 tantes;
1076 1399 1190 1454 sive
1219 1400 1509 1470 allegorica
1539 1415 1707 1464 more,
1737 1402 1970 1471 aspides,
1991 1403 2249 1466 basilisci,
2282 1404 2392 1458 leo-

835 1507 935 1545 nes
963 1500 1016 1546 et
1065 1492 1331 1547 dracones
1362 1500 1599 1558 vocatae;
1628 1493 1741 1547 sive
1789 1494 1860 1548 nh
1892 1493 2110 1548 malitiae
2140 1494 2392 1548 similitu-

834 1583 1012 1636 dinem
1047 1583 1133 1638 his
1167 1593 1508 1653 comparatae,
1542 1599 1702 1638 omne
1740 1585 2099 1639 tentationum
2129 1601 2300 1656 genus
2335 1587 2390 1640 in

834 1674 1009 1743 ipsum
1044 1685 1346 1730 moverunt.
1378 1675 1434 1728 In
1468 1675 1572 1730 fine
1605 1683 1784 1730 autem
1811 1677 2075 1740 omnium,
2111 1666 2394 1747 conspica-

832 1775 920 1819 tus
949 1765 1196 1822 diabolus
1240 1782 1362 1821 eum
1393 1782 1554 1836 super
1579 1767 1817 1836 aspidem
1856 1776 1908 1824 et
1944 1768 2258 1824 hasiliscum
2283 1784 2394 1822 am-

833 1857 1038 1918 bulare.
1067 1872 1361 1926 omnesque
1394 1857 1496 1926 ipsi
1532 1858 1775 1913 subditas
1806 1859 2146 1928 Operationes
2173 1859 2394 1913 concul-

832 1950 1124 2019 carezipse
1151 1950 1366 2004 demum
1395 1950 1624 2004 accessit
1658 1949 1880 2005 humilis
1907 1961 1961 2004 et
1986 1949 2387 2011 formidolosus,
2420 1972 2463 2026 Β

832 2037 1045 2107 ipsique
1099 2038 1550 2108 interrogationes
1601 2038 1656 2092 in
1730 2037 2056 2108 Evangeliis'
2092 2039 2390 2107 descriptas

833 2131 1133 2200 proposuit,
1165 2116 1379 2185 tentans
1407 2145 1528 2185 eum
1558 2145 1621 2184 ac
1643 2129 1830 2186 dicens
1857 2149 1870 2183 :
1908 2128 1964 2184 Si
1993 2130 2161 2185 Filius
2188 2130 2278 2185 Dei
2307 2147 2387 2196 es,

835 2221 949 2273 haec
975 2219 1163 2285 dicito,
1197 2205 1288 2274 illa
1319 2219 1501 2274 facito.
1544 2218 1802 2288 Impetum
1827 2221 2010 2290 itaque
2035 2220 2318 2276 confertim
2360 2237 2389 2275 a

833 2310 1082 2378 malignis
1133 2309 1413 2378 spiritibus
1456 2308 1680 2371 factum,
1719 2323 2018 2378 eorumque
2059 2309 2269 2365 cladem
2305 2300 2392 2366 de-

833 2401 1021 2456 scribit
1052 2401 1164 2454 haec
1192 2400 1471 2469 prophetia
1502 2411 1658 2468 :quae
1679 2399 1802 2452 illos
1827 2399 1936 2453 una
1979 2400 2196 2469 quidem
2263 2417 2390 2455 coa-

831 2503 950 2545 ctos
975 2505 1096 2545 esse
1121 2489 1296 2554 docet,
1315 2505 1487 2559 neque
1504 2497 1681 2543 tamen
1710 2489 1910 2559 aliquid
1932 2505 2089 2559 agere
2114 2474 2385 2560 potuisse;

832 2584 928 2638 sed
959 2599 1082 2637 cum
1114 2583 1613 2654 appropinquarent
1641 2583 1762 2651 ipsi,
1786 2583 1934 2635 humi
1957 2583 2243 2639 decidisse.
2269 2583 2390 2639 Ideo

831 2675 1034 2728 (ﬁctum
1067 2688 1170 2736 esr,
1213 2673 1414 2728 Cadent
1445 2690 1476 2726 a
1503 2672 1666 2727 latere
1689 2682 1775 2725 tuo
1811 2673 1974 2736 mille,
2005 2681 2053 2725 et
2079 2674 2250 2727 decem
2274 2675 2388 2728 mil-

832 2765 906 2818 lia
929 2785 960 2818 α
978 2765 1176 2819 dextris
1205 2766 1328 2819 tuis.
1355 2763 1460 2828 Pro
1477 2765 1567 2818 illo
1599 2774 1798 2826 autem,
1818 2766 1857 2817 A
1880 2764 2039 2818 latere
2067 2773 2176 2828 tuo,
2200 2766 2390 2836 Aquila

758 2886 764 2891 -
829 2867 880 2911 et
929 2855 1309 2927 Symmachus,
1349 2873 1413 2911 ea:
1452 2865 1751 2910 transverso
1800 2865 1910 2918 tuo,
1957 2855 2276 2923 ediderunt;
2311 2850 2390 2912 sic

831 2948 1106 3011 sinistram
1155 2947 1454 3005 Salvatoris
1499 2955 1846 3017 nuncupante
1873 2947 2056 3001 divina
2088 2946 2385 3018 Scriptura,

831 3040 957 3108 quia
994 3027 1220 3093 fortasse
1249 3053 1414 3107 penes
1444 3054 1567 3094 eum
1596 3038 1728 3092 nihil
1763 3039 1956 3109 laevum
1985 3047 2078 3094 aut
2109 3040 2387 3096 sinistrum

829 3138 935 3185 est.
962 3130 1226 3185 Caeterum
1248 3131 1314 3185 de
1339 3116 1590 3186 omnibus
1623 3130 1783 3185 simul
1813 3131 2138 3188 adversariis
2160 3142 2391 3204 potesta—
2417 3167 2422 3172 -

831 3221 980 3275 tibus
1001 3220 1203 3276 dictum
1238 3230 1319 3278 est
1361 3223 1514 3286 illud,
1554 3222 1631 3277 Ad
1673 3233 1720 3278 te
1747 3233 1919 3278 autem
1964 3243 2066 3279 non
2110 3228 2388 3296 appropin-

2498 675 2654 727 αὑτὸν
2686 679 2976 747 ἐπιχειρεῖν
3000 680 3089 732 τὸν
3122 680 3358 734 διάϐολον
3378 698 3390 710 ·
3421 682 3499 734 διὸ
3527 682 3807 734 λέλεκται·
3839 686 3943 739 Καὶ
3974 679 4052 755 ἦν

2493 771 2638 837 μετὰ
2669 769 2786 822 τῶν
2813 771 3047 839 θηρίων.
3079 773 3252 824 Ποίων
3285 773 3341 825 δὲ
3371 772 3603 844 θηρίων;
3634 776 3662 826 ό
3700 775 3837 845 μετά
3867 781 4050 846 χεῖρας

2498 860 2785 931 παρίστησι
2819 861 2973 929 λόγος
3008 861 3208 933 προῖὼν
3245 864 3370 934 ἑξῆς
3393 867 3484 918 καὶ
3505 866 3694 935 λέγων·
3724 860 3849 922 Ὲέθ
3875 871 4051 924 ἀσπί-

2497 951 2569 1004 δα
2602 953 2698 1005 καί
2743 954 3116 1016 ,ϐασιλίσχον
3146 957 3432 1025 ἐπιϐήσῃ,
3474 959 3573 1011 καί
3613 962 4050 1030 καταπατήσας

2495 1042 2708 1096 λέοντα
2753 1044 2849 1096 καὶ
2898 1044 3210 1112 δράκοντα.
3260 1045 3531 1111 Τοιούτοις
3582 1049 3690 1120 γάρ
3744 1067 3921 1114 τισιν,
3977 1051 4049 1114 ὡς

2495 1133 2659 1195 εἰκὸς,
2694 1133 2856 1185 εῖδεσί
2889 1151 2946 1185 τε
2995 1136 3086 1187 καὶ
3146 1141 3378 1206 μορφαῖς
3430 1139 3914 1211 σχηματιζόμεναι,
3959 1142 4049 1198 τὸν

2494 1223 2673 1291 ἀέριον
2703 1224 2862 1276 τόπον
2904 1224 3249 1296 διιπτάμεναί
3301 1245 3442 1292 τινες
3495 1229 3750 1302 δυνάμεις
3782 1234 4046 1305 πονηραὶ,

2494 1313 2657 1383 ἀρχαί
2682 1331 2739 1366 τε
2775 1317 2866 1367 καὶ
2896 1314 3151 1380 ἐξουσίαι,
3186 1318 3278 1371 καὶ
3319 1323 3756 1394 κοσμοκράτορες
3797 1323 3888 1377 τοῦ
3929 1326 4048 1378 σκό-

2492 1421 2614 1465 τους
2661 1405 2879 1471 τούτου,
2938 1410 3029 1461 καί
3087 1411 3429 1479 πνευματικά
3484 1415 3784 1485 πονηρίας,
3830 1416 4048 1486 τρόποις

2493 1484 2815 1568 ἀλληγορίας
2858 1499 3079 1562 ἀσπίδες
3125 1491 3216 1553 καὶ
3261 1501 3558 1571 βασιλίσκοι
3609 1484 3703 1559 καὶ
3761 1484 4060 1580 δράκοντες.

2491 1582 2584 1634 καὶ
2609 1582 2815 1646 λέοντες
2852 1585 3260 1656 ὀνομαζόμεναι,
3353 1590 3444 1642 καὶ
3473 1591 3559 1644 διὰ
3589 1593 3918 1668 τὸῆὲμφερὲς
3948 1595 4047 1667 τῆς

2493 1671 2688 1735 κακίας
2715 1674 2923 1736 τούτοις
2969 1675 3482 1748 παραϐαλλόμεναι,
3519 1681 3692 1735 πάντα
3748 1683 4048 1755 πειρασμὸν

2492 1760 2699 1815 ἐκίνουν
2733 1765 2850 1815 κατ’
2880 1765 3059 1818 αὑτοῦ,
3081 1767 3200 1819 Ἐπὶ
3229 1768 3367 1820 τέλει
3402 1768 3460 1822 δὲ
3489 1772 3721 1835 πάντων,
3751 1774 3825 1836 ὡς
3859 1771 3996 1829 εῐδεν
4015 1768 4048 1828 6

2491 1850 2730 1915 διάϐολος
2752 1854 2837 1906 ἐπ’
2862 1855 3059 1910 ἀσπίδα
3080 1857 3171 1908 καὶ
3187 1857 3493 1927 βασιλίσκον
3515 1857 3875 1935 ἐπιϐεϐηκότα
3889 1865 4050 1920 αὑτὸν

2491 1945 2584 1996 καὶ
2614 1949 3107 2017 καταπεπατηκότα
3130 1949 3306 2014 πάσας
3327 1950 3424 2014 τὰς
3449 1953 3537 2006 ὑπ’
3561 1952 3720 2008 αὐτὸν
3748 1956 4046 2026 ἐνεργείας,

2491 2029 2654 2098 αὐτὸς
2682 2036 2782 2108 ήδη
2814 2036 2995 2092 λοιπὸν
3029 2040 3096 2092 δι’
3141 2042 3330 2096 ἑαυτοῦ
3379 2038 3605 2116 προσῄει
3659 2047 3910 2111 ταπεινὸς
3955 2043 4050 2102 καὶ

2491 2117 2861 2190 ὑποδεδοικὼς,
2893 2129 3191 2202 προσέφερέ
3229 2149 3288 2185 τε
3320 2135 3463 2205 αὐτῷ
3499 2137 3595 2198 τὰς
3619 2137 3913 2208 ἐρωτήσεις
3949 2137 4049 2202 τὰς

2489 2217 2546 2269 ὲν
2575 2219 2684 2280 τοῖς
2715 2213 3060 2286 Εὑαγγελίοις
3101 2222 3612 2295 ἀναγεγραμμένας,
3647 2227 3924 2300 πειράζων
3951 2228 4050 2280 c.6-
4097 2254 4100 2257 ·

2488 2307 2577 2362 τὸν
2613 2310 2704 2363 καὶ
2745 2305 2935 2378 λέγων,
2967 2310 3029 2365 Ei
3055 2313 3176 2376 Υἱὸς
3207 2306 3257 2367 εἴ
3277 2306 3370 2368 τοῦ
3406 2311 3560 2379 Θεοῦ,
3601 2317 3719 2370 εἰπὲ
3758 2318 3905 2382 τάδε,
3956 2312 4048 2371 καὶ

2490 2398 2711 2468 ποίησον
2742 2400 2886 2453 τάδε.
2922 2400 3032 2470 Τὴν
3061 2397 3152 2456 οὖν
3198 2401 3397 2473 ἀθρόαν
3443 2403 3618 2476 ὁρμὴν
3645 2404 3754 2459 τῶν
3796 2408 4045 2478 πονηρῶν

2489 2493 2807 2562 πνευμάτων
2854 2493 2945 2546 καὶ
2977 2494 3074 2565 τὴν
3108 2487 3274 2566 ἧτταν
3306 2495 3481 2549 αὐτῶν
3543 2496 3575 2566 ή
3630 2498 3875 2569 παροῦσα
3909 2516 4048 2570 παρ-

2493 2576 2665 2652 ίστησι
2711 2583 3047 2654 προφητεία·
3097 2583 3229 2654 ὁμοῦ
3264 2584 3360 2654 μὲν
3403 2583 3662 2655 συνῆχθαι
3706 2587 4046 2656 διδάσκουσα,

2493 2671 2565 2741 μὴ
2602 2673 2706 2741 μὴν
2757 2672 3070 2742 δεδυνῆσθαί
3112 2692 3163 2726 τι
3210 2674 3332 2744 μηδ’
3374 2675 3683 2743 ίσχυκέναι·
3720 2677 3832 2730 ἀλλ’
3876 2680 3933 2731 ἐν
3969 2669 4047 2750 τῷ

2490 2763 2804 2831 πλησιάζειν
2838 2765 2984 2835 αὐτῷ
3025 2757 3385 2819 καταπίπτειν
3415 2767 3602 2837 χαμαί.
3634 2764 3724 2822 Διὸ
3769 2768 4043 2825 λέλεκταιο

2486 2854 2758 2908 Πεσεῖται
2783 2856 2850 2908 ἐκ
2882 2855 2985 2910 τοῦ
3024 2860 3267 2924 κλίτους
3291 2876 3406 2912 σου
3444 2861 3661 2928 χιλιὰς,
3710 2862 3806 2916 καὶ
3839 2863 4048 2931 μυριὰς

2487 2941 2555 2998 ἐκ
2599 2943 2812 3012 δεξιῶν
2865 2963 2997 3006 σου.
3037 2948 3179 3001 Ἀντὶ
3221 2943 3442 3017 δὲτοῦ·
3496 2954 3596 3004 Ἐκ
3651 2938 3756 3005 τοῦ
3804 2953 4048 3019 redito-vc

2487 3039 2622 3098 σου,
2659 3034 2885 3099 Ἀκύλας
2909 3036 3001 3088 καὶ
3030 3033 3340 3108 Σύμμαχος,
3377 3041 3476 3092 Ἐκ
3501 3040 3606 3093 τοῦ
3628 3042 3887 3114 πλαγίου
3908 3059 4044 3105 σου,

2489 3123 2844 3179 ὲκόεόώκασιν
2863 3145 2877 3158 ο
2906 3120 3045 3180 οὕτω
3085 3129 3183 3198 τῆς
3213 3128 3396 3199 θεῖκῆς
3419 3131 3638 3203 Γραφῆς
3669 3131 3738 3184 τά
3788 3132 4045 3204 ἀριστερά

2488 3216 2579 3271 τοῦ
2619 3219 2866 3290 Σωτῆρος
2893 3219 3262 3292 όνομαζούσης
3283 3261 3297 3283 ,
3342 3222 3483 3292 τάχα
3515 3222 3574 3274 τὺ
3605 3223 3766 3294 μηδὲν
3812 3221 3948 3279 εἶναι
3988 3229 4045 3280 ὲν

833 3311 1102 3380 qusbunt;
1156 3311 1391 3382 itemque
1432 3313 1586 3379 illud,
1644 3312 2010 3369 Verumtamen
2065 3318 2231 3370 oculis
2283 3304 2452 3371 tuisC
2487 3307 2553 3361 αὖ

2316 3318 2384 3371 κίε
2412 3304 2452 3359 C
2487 3307 2633 3378 αὐτῷ
2665 3310 2848 3362 σκαιὸν
2883 3305 3012 3380 μηδὲ
3043 3312 3344 3383 ἀριστερόν.
3377 3312 3519 3383 Πλὴν
3543 3313 3675 3367 ἀλλά
3699 3315 3826 3387 περὶ
3855 3315 4042 3374 πασῶν

833 3402 1209 3470 considerabis,
1242 3415 1290 3460 et
1317 3406 1705 3462 retributionem
1726 3417 2054 3486 peccatorum
2079 3400 2293 3461 videbis.
2322 3406 2386 3459 Et

835 3497 967 3561 haec,
1001 3497 1196 3567 inquit,
1229 3500 1410 3553 omnia
1443 3500 1540 3554 tibi
1575 3500 1850 3568 accident;
1881 3498 2141 3568 quoniam
2183 3505 2261 3560 tu,
2291 3494 2387 3551 Do-

835 3589 1006 3654 mine,
1071 3604 1197 3661 spes
1254 3605 1409 3656 mea,
1469 3590 1796 3646 ditissimum
1851 3589 2073 3659 posuisti
2129 3589 2383 3659 refugium

834 3691 1000 3737 tuum.

901 3977 1134 4034 )Estimo
1164 3988 1342 4035 autem
1377 3980 1476 4037 has
1511 3979 1809 4036 invisibiles
1841 3986 1896 4035 et
1922 3977 2257 4034 adversaries
2291 3993 2386 4048 po-

830 4078 1079 4134 testates,
1119 4087 1240 4140 qua:
1290 4074 1397 4127 sub
1429 4075 1684 4128 universo
1737 4073 1876 4128 cmlo
1918 4078 2092 4132 erant.
2128 4071 2386 4126 adversus

831 4175 956 4215 cum
1003 4158 1284 4214 confertim
1321 4169 1673 4232 congregatas
1712 4159 1898 4223 fuisse,
1933 4159 2076 4229 quod
2109 4158 2387 4228 perturba-

753 4249 755 4253 ’
830 4259 1021 4307 rentur
1053 4267 1119 4306 ex
1149 4251 1310 4305 allata
1340 4253 1439 4320 ipsi
1471 4267 1620 4316 voce,
1654 4250 1870 4320 quando
1897 4255 1948 4304 in
1973 4251 2234 4305 columbae
2264 4266 2386 4319 spe-

831 4348 914 4403 cie
949 4345 1184 4417 Spiritus
1219 4355 1442 4401 sanctus
1485 4345 1763 4400 descendit
1793 4347 1845 4398 in
1890 4345 2060 4407 illum,
2096 4353 2148 4398 et
2204 4345 2386 4399 audita

833 4453 934 4493 vox
967 4447 1051 4494 est
1083 4437 1318 4508 desuper
1355 4436 1542 4492 dicens
1579 4454 1593 4489 :
1630 4435 1730 4488 Hic
1762 4442 1838 4488 est
1885 4432 2057 4486 Filius
2090 4450 2229 4486 meus
2256 4434 2387 4487 dile~

831 4543 966 4596 ctus,
1004 4532 1057 4584 in
1106 4546 1206 4600 quo
1261 4529 1388 4583 mihi
1434 4528 1726 4596 complacui
1754 4527 1820 4580 υ.
1869 4524 1982 4596 Hac
2013 4526 2174 4594 igitur
2204 4525 2384 4579 audita

2487 3395 2694 3470 ἀθρόως
2723 3393 2829 3452 τῶν
2849 3399 3231 3472 ἀντικειμένων
3264 3403 3534 3473 δυνάμεων
3553 3405 3763 3476 εἴρηται
3787 3406 3865 3469 τὸ,
3890 3407 4044 3476 Πρὸς

2486 3493 2562 3545 σὲ
2590 3491 2657 3545 δὲ
2683 3494 2793 3546 οὐκ
2821 3493 3104 3562 ἐτγιοῦσι,
3138 3496 3231 3549 καὶ
3264 3490 3340 3562 τὸ,
3373 3495 3541 3556 Πλὴν
3577 3497 3697 3564 τοῖς
3723 3497 4046 3568 ὀφθαλμοῖς

2485 3600 2600 3642 στου
2658 3585 3082 3652 κατανοήσεις,
3108 3587 3206 3641 καὶ
3258 3588 3664 3642 ἀνταπόδοσιν
3687 3591 4044 3660 ἁμαρτωλῶν

2486 3673 2638 3744 ὄψει.
2675 3677 2785 3732 Καὶ
2823 3677 3013 3745 ταῦτα,
3037 3680 3187 3751 φησὶ,
3243 3679 3417 3735 πάντα
3448 3681 3598 3736 ἔσται
3627 3684 3753 3754 περὶ
3784 3685 3863 3750 σὲ,
3898 3687 4046 3738 ἐπει-ι

2484 3768 2655 3851 δήπερ
2683 3770 2768 3831 σὺ,
2807 3763 2851 3822 ὧ
2899 3765 3068 3842 Κύριε
3096 3811 3111 3835 ,
3150 3768 3183 3842 ή
3234 3768 3341 3842 Epit
3387 3772 3573 3837 ἐλπὶς,
3622 3775 3730 3829 τὸν
3759 3777 4046 3846 Ὕψιστον

2485 3858 2623 3914 ἔθου
2650 3861 2999 3930 καταφυγήν
3019 3854 3162 3916 σου.

2568 3974 2833 4045 Ἦγοῦμαι
2874 3975 2930 4028 δὲ
2965 3975 3062 4046 τὰς
3087 3975 3347 4048 ἀοράτους
3373 3978 3572 4041 ταύτας
3603 3978 3695 4031 καὶ
3737 3971 4046 4050 ἀντικειμέ-

2486 4084 2580 4130 νας
2609 4067 2898 4137 δυνάμεις,
2930 4067 3028 4131 τὰς
3071 4068 3174 4121 ὑπὸ
3221 4069 3380 4122 παντὶ
3424 4069 3500 4140 τῷ
3536 4069 3744 4141 οὐρανῷ
3787 4070 4048 4141 συνῆχθαι

2486 4159 2661 4220 πάσας
2711 4159 2920 4231 ἀθρόως
2967 4161 3086 4212 κατ’
3130 4160 3291 4213 αὐτοῦ
3340 4159 3732 4232 θορυϐηθείσας
3787 4160 3895 4213 ἀπὸ
3944 4160 4048 4230 τῆς

2485 4250 2792 4322 ἐνεχθείσης
2839 4253 2973 4323 πρὸς
3002 4251 3162 4304 αὑτὸν
3189 4251 3389 4321 φωνῆς,
3422 4253 3508 4305 ὅτε
3536 4253 3592 4305 ὲν
3638 4252 3764 4305 εἴδει
3795 4264 4051 4324 περιστε-

2488 4345 2585 4414 ρᾶς
2611 4343 2670 4395 τὸ
2700 4342 2920 4412 Πνεῦμα
2948 4344 3007 4396 τὸ
3040 4343 3191 4410 ἅγιον
3231 4345 3546 4397 κατέϐαινεν
3577 4345 3661 4396 ἐπ’
3701 4343 3882 4407 αὐτὸν,
3916 4345 3951 4413 ἦ
3985 4361 4047 4396 τε

2486 4433 2686 4486 ἀνωθεν
2736 4435 2885 4504 φωνή
2941 4434 3178 4504 ἠκούσθη
3232 4435 3495 4503 λέγουσαο
3562 4432 3739 4501 Οὗτός
3790 4435 3959 4488 ἐστιν
4014 4439 4048 4489 ό

2496 4525 2624 4588 Υἱός
2644 4542 2760 4593 μου
2786 4530 2817 4579 ό
2850 4527 3171 4593 ἀγαπητὸς,
3195 4527 3263 4579 ἐν
3293 4519 3340 4592 ᾧ
3367 4527 3689 4594 εὐδόκησα.
3721 4525 4048 4580 Ἀκούσασαι

830 4639 985 4689 voce,
1015 4622 1341 4692 conspicatae
1368 4622 1494 4675 item
1532 4636 1559 4674 a
1595 4617 1802 4689 Spiritu
1836 4627 2023 4673 sancto
2057 4631 2152 4685 per
2175 4618 2384 4670 cnlum-
2417 4638 2463 4695 υ
2487 4633 2556 4684 γοη

2320 4633 2384 4668 n-
2417 4638 2463 4695 D
2487 4616 2614 4684 γοῦν
2645 4617 2744 4685 τῆς
2779 4618 2956 4687 φωνῆς
2983 4617 3203 4688 ταύτης,
3233 4623 3325 4672 καὶ
3356 4619 3680 4689 θεασάμεναι
3706 4618 3795 4670 τὸν
3825 4618 3930 4670 ὑπὸ
3949 4617 4046 4670 τοῦ

829 4716 951 4771 bam
983 4723 1468 4768 commonstratum
1523 4711 1691 4767 fuisse
1731 4711 2001 4765 hominem
2054 4708 2246 4761 Filium
2293 4708 2383 4762 Dei
2443 4775 2450 4781 .

829 4806 1183 4877 appellatum,
1218 4819 1392 4874 neque
1423 4803 1538 4858 voci
1559 4819 1666 4856 non
1700 4801 1944 4863 credere,
1970 4814 2166 4868 neque,
2207 4799 2381 4851 homi-

831 4915 956 4954 nem
997 4913 1159 4952 carne
1193 4885 1438 4950 indutum
1479 4893 1945 4957 cernentes,hunc
1979 4888 2238 4946 dilectum
2264 4906 2383 4946 esse

832 4989 923 5044 Dei
966 5002 1282 5058 persuasum
1313 4986 1511 5042 habere
1549 4994 1816 5055 poterant.
1849 4984 2027 5050 Quare
2059 4984 2382 5052 stupendum

831 5081 1126 5152 quidpiam,
1158 5088 1211 5134 et
1255 5094 1448 5132 novam
1491 5079 1726 5132 hominis
1769 5069 2022 5130 naturam
2076 5083 2379 5137 cernentes,

833 5180 989 5227 suam”
1031 5171 1290 5241 operandi
1337 5171 1442 5222 vim
1481 5169 1840 5238 praestantiori
1880 5170 2078 5222 virtute
2103 5167 2381 5223 delendam

832 5278 955 5318 esse
1003 5263 1410 5333 exspectabant.
1452 5258 1658 5317 Idcirco
1699 5262 1847 5316 illum
1882 5261 2082 5315 adortae
2114 5268 2259 5321 sunt.
2291 5262 2381 5328 qui

834 5370 952 5410 sese
995 5355 1160 5410 alacri
1222 5355 1403 5408 animo
1443 5354 1691 5407 omnibus
1736 5353 2125 5409 tentationibus
2165 5352 2378 5414 obtulit,

831 5458 968 5513 quas
1007 5457 1107 5513 pro
1129 5444 1301 5498 salute
1335 5443 1610 5496 hominum
1643 5449 1972 5512 susceperat.
2001 5442 2133 5499 Nam
2165 5450 2386 5506 cum,ut

830 5535 967 5598 disi,
1008 5534 1398 5606 praedicaturus
1450 5541 1595 5590 esset
1641 5537 1857 5602 captivis
1899 5535 2277 5599 dimissionem,
2333 5543 2382 5588 et

831 5627 982 5680 cacis
1003 5626 1140 5680 visus
1164 5628 1536 5681 restitutionem
1555 5666 1572 5690 ,
1619 5625 1914 5680 secundum
1960 5627 2294 5699 prophetiam
2317 5627 2383 5682 de

831 5716 950 5788 ipso
966 5718 1228 5786 prolatam
1244 5719 1318 5784 '1';
1345 5727 1504 5790 atque
1525 5718 1760 5773 futurum
1781 5726 1947 5782 esset,
1967 5728 2025 5773 ut
2048 5721 2254 5773 animas
2285 5719 2383 5773 ho-

2486 4709 2662 4776 άγίοψ
2687 4710 2998 4779 Πνεύματος
3042 4710 3129 4763 διὰ
3165 4712 3262 4782 τῆς
3302 4713 3624 4783 περιστερᾶς
3667 4710 4048 4779 ἀναδειχθέντα

2485 4799 2762 4872 ἄνθρωπον
2797 4799 2920 4851 Υἱὸν
2974 4799 3107 4853 Θεοῦ
3161 4802 3567 4873 ὠνομασμένον,
3617 4799 3739 4854 οῦτε
3786 4804 3850 4873 τῇ
3892 4803 4045 4874 φωνῇ

2484 4892 2726 4943 ἀπιστεῖν
2775 4885 2936 4960 εἶχον,
2991 4891 3111 4945 οὔτε
3169 4895 3258 4947 τὸν
3295 4893 3575 4963 ἄνθρωπον
3622 4893 3823 4962 όρῶσαι
3869 4893 4048 4965 σάρκα

2483 4983 2852 5052 ἠμφιεσμένον
2878 4983 3145 5036 πιστεύειν
3172 4984 3357 5036 τοῦτον
3381 4980 3516 5037 εἶναι
3537 4984 3625 5036 τὸν
3645 4984 3920 5055 ἀγαπητὸν
3951 4983 4048 5035 τοῦ

2483 5075 2738 5128 Θεοῦ.Διὸ
2765 5075 2908 5138 ξένον
2941 5093 2992 5128 τι
3023 5078 3209 5148 χρῆμα
3247 5077 3336 5130 καὶ
3359 5077 3546 5147 καινὴν
3570 5075 3853 5147 ἀνθρώπου
3883 5077 4049 5144 φύσιν

2486 5166 2748 5238 θεώμεναι
2771 5208 2785 5230 ,
2815 5166 2912 5232 τὰς
2954 5169 3156 5231 οίκείας
3188 5167 3466 5238 ἐνεργείας
3503 5168 3727 5236 δυνάμει
3780 5167 4048 5238 κρείττονι

2485 5253 2974 5331 καθαιρεθήσεσθαι
2998 5259 3420 5332 προσεδόκησαν.
3440 5258 3528 5311 Διὸ
3546 5259 3608 5331 δὴ
3632 5259 3867 5330 ἐπῄεσαν
3898 5255 4049 5325 αὐτῷ

2487 5349 2711 5403 ἐπιδόντι
2746 5344 2803 5402 εὖ
2848 5349 2990 5421 μάλα
3024 5348 3315 5421 προθύμως
3341 5349 3530 5402 ἑαυτὸν
3565 5351 3643 5413 είς
3685 5349 3890 5410 πάντας
3919 5346 4048 5410 τοὺς

2487 5443 2839 5514 πειρασμοὺς,
2871 5442 2960 5505 οὓς
2985 5442 3122 5511 ὑπὲρ
3147 5441 3246 5510 τῆς
3282 5440 3579 5512 ἀνθρώπων
3613 5439 3881 5511 σωτηρίας
3915 5437 4048 5489 ἀνα-

2484 5535 2714 5588 δέδεκτο.
2732 5534 2952 5588 Μέλλων
2973 5531 3329 5605 γοῦν,’ὧσπερ
3348 5533 3503 5602 ἔφην,
3517 5531 3804 5604 κηρύττειν
3837 5529 4050 5594 αἰχμα-

2482 5627 2691 5692 λώτοις
2715 5625 2952 5694 ἄφεσιν,
2990 5625 3086 5676 καὶ
3117 5624 3365 5693 τυφλοῖς
3395 5623 3746 5692 ἀνάϐλεψιν,
3778 5617 3918 5673 κατά
3945 5619 4046 5690 τὴν

2483 5719 2611 5794 περὶ
2643 5718 2804 5773 αὑτοῦ
2839 5717 3191 5790 προφητείαν,
3223 5717 3476 5786 ἀφέλκειν
3502 5733 3562 5770 τε
3584 5715 3681 5780 τάς
3706 5711 3812 5766 τῶν
3832 5708 4046 5781 ἀνθρώ-

904 5869 948 5903 ⁸¹
988 5871 1150 5928 Marc.
1191 5891 1236 5938 ι,
1275 5875 1356 5929 l5.
1433 5874 1478 5907 ⁶²
1520 5875 1704 5931 Matth.
1741 5893 1836 5941 Ill,
1873 5877 1958 5932 Π.
2028 5878 2071 5908 ⁸³
2112 5875 2242 5930 Luc.
2274 5892 2345 5941 Iv,
2378 5876 2475 5942 l8;
2515 5874 2618 5931 Isa.
2652 5891 2773 5937 ut.
2813 5880 2861 5932 l.
