4372 6432
307 486 439 544 H57

1453 477 1947 540 COMMENTARIA
1985 478 2050 538 IN
2074 452 2418 541 'PSALMOS.

3373 484 3510 542 “58

304 621 420 658 πων
444 601 619 674 ψυχὰς
658 598 764 655 ἀπὸ
800 598 906 653 τῶν
948 599 1111 654 πάλαι
1168 600 1618 671 ᾐχμαλωτικότων
1652 601 1819 665 αὐτάς
1842 640 1856 665 ,
1887 610 1931 665 Α
1959 602 2030 655 mi

1792 620 1819 665 ς
1842 640 1856 665 ,
1887 610 1931 665 Α
1959 602 2164 655 minum
2207 601 2274 655 ab
2303 602 2399 665 iis,
2419 599 2512 670 qui
2552 600 2697 670 ipsas
2729 599 2949 655 olim'in
2982 601 3343 673 captivitatem
3388 601 3514 656 abe-

302 693 617 766 ἐλευθεροῦν
648 710 707 745 τε
733 694 900 755 αὐτὰς
933 693 1038 745 άπὸ
1076 693 1173 762 τῆς
1211 693 1595 765 εἰδωλολάτρου
1634 694 1859 762 πλάνης,

290 784 610 855 ἆναγκαίως
635 784 844 856 πρῶτον
874 784 1123 837 ἁπάντων
1159 786 1276 837 κατ’
1305 784 1483 836 αὐτῶν
1507 782 1861 853 ἐστρατεύετο

302 874 410 928 τῶν
458 874 547 927 τὸν
604 872 810 942 μακρὸν
848 870 1017 923 αίῶνα
1045 873 1539 942 τετυραννηκότων.
1604 873 1755 925 Ἐπεὶ
1805 874 1861 926 δὲ

304 965 509 1028 τούτοις
545 963 950 1034 κατηγωνίσατο
1005 962 1081 1015 δι’.
1105 965 1379 1035 ὑπομονῆς
1421 964 1619 1028 παντὸς
1676 980 1864 1037 πειρα⁴

305 1056 463 1129 σμοῦ,
491 1056 569 1109 διό
594 1072 752 1127 φησιν
779 1057 807 1108 ό
834 1056 1045 1117 Λουκᾶς
1073 1071 1087 1085 ο
1117 1056 1225 1108 Kal
1268 1058 1641 1122 συντελέσας
1671 1057 1865 1111 πάντα

304 1150 632 1219 πειρασμὸν
664 1151 697 1202 ό
732 1147 1009 1213 διάϐολος
1046 1135 1281 1216 ἀπέστη
1332 1148 1431 1202 ἀπ’
1470 1149 1672 1202 αὐτοῦ.
1710 1146 1863 1203 Μετὰ

304 1241 475 1295 ταῦτα
523 1241 613 1293 ἐπὶ
660 1239 755 1311 τὴν
795 1238 900 1293 τῶν
952 1238 1252 1309 ἀνθρώπων
1308 1238 1600 1309 θεραπείαν
1634 1239 1859 1312 ἐχώρει·

283 1331 455 1385 ἐνθεν
503 1333 596 1385 καὶ
649 1331 893 1403 ἔφριττον
944 1329 1103 1383 αὑτὸν
1132 1332 1178 1382 οἱ
1228 1328 1514 1402 δαίμονες,
1553 1330 1863 1401 ὡμολόγουν

304 1438 364 1474 τε
391 1420 552 1475 αὐτὸν
600 1420 795 1473 εἰδέναι
845 1420 989 1483 ὅστις
1015 1418 1129 1488 εἴη,
1169 1418 1395 1488 βοῶντες
1424 1420 1534 1473 ,καὶ
1588 1419 1859 1486 λέγοντες·

310 1511 433 1573 Ἔα,
462 1511 519 1563 τί
542 1511 686 1579 ἡμῖν
716 1512 816 1565 καί
857 1524 976 1572 σοι,
1030 1509 1123 1563 Υιέ
1151 1509 1257 1563 τοῦ
1295 1510 1477 1572 Θεοῡ;
1523 1508 1766 1579 οἴδαμέν
1792 1527 1865 1563 σε

304 1602 398 1667 τίς
423 1598 499 1664 εἴ,
526 1605 558 1655 ὀ
586 1602 759 1671 ἅγιος
781 1602 886 1656 τοῦ
910 1601 1077 1655 Θεοῦ.
1122 1601 1253 1653 Ἀπὸ
1290 1600 1396 1671 γὰρ
1429 1601 1525 1670 τῆς
1548 1600 1679 1673 πρὸς
1708 1601 1864 1653 αὑτὸν

307 1692 614 1763 ἐνεχθείσης
642 1693 825 1762 φωνῆς
857 1692 1265 1764 μεμαθήκεισαν
1290 1692 1436 1754 ὅστις
1467 1686 1533 1761 ἦν
1553 1708 1565 1721 ·
1608 1691 1742 1744 ἀλλὰ
1772 1692 1866 1743 καὶ

308 1782 403 1851 ἀφ’
446 1775 520 1845 ὧν
565 1782 857 1852 εἰργάσατο
895 1781 1036 1835 κατὰ
1072 1782 1165 1835 τὸν
1208 1779 1301 1835 τοῦ
1340 1780 1642 1852 πειρασμοῦ
1682 1779 1867 1852 καιρὸν

307 1872 502 1944 ⁴ᾔδεσαν
540 1872 701 1931 αὑτοῦ
727 1872 823 1944 τὴν
850 1873 1099 1943 δύναμιν.

383 1981 463 2034 οὐ
491 1981 955 2049 προσελεύσεται
988 1980 1135 2050 πρὸς
1178 1982 1252 2035 σὲ
1294 1981 1467 2044 κακὰ,
1500 1981 1599 2034 καί
1642 1978 1864 2050 μάστιξ
1899 1947 1937 2000 Β

308 2072 420 2126 οὐκ
450 2070 631 2141 ἐγγιεῖ
648 2070 726 2137 τῷ
758 2071 1100 2140 σκηνώματι
1132 2086 1269 2125 σου.
1293 2073 1410 2124 Ὅτι
1440 2071 1562 2136 τοῖς
1593 2069 1863 2139 ἀγγέλοις

309 2148 494 2220 αὑτοῦ
546 2162 864 2217 ἐντελεῖται
908 2164 1039 2232 περὶ
1088 2162 1204 2217 σοῦ
1256 2162 1362 2216 τοῦ
1392 2161 1749 2230 διαφυλάξαι
1794 2178 1865 2215 σε

310 2255 379 2309 ὲν
422 2254 643 2319 πάσαις
679 2253 807 2319 ταῖς
845 2253 1002 2319 ὁδοῖς
1049 2268 1183 2307 σου.
1234 2254 1357 2305 Ἐπὶ
1400 2238 1867 2322 χειρῶν-ἀροῦσί

310 2357 405 2411 σε,
426 2346 654 2416 μήποτε
680 2348 1031 2414 προσκόψῃς
1056 2344 1203 2412 πρὸς
1225 2346 1398 2398 λίθον
1424 2346 1527 2398 τὸν
1552 2344 1707 2408 πόδα,
1728 2360 1861 2398 σου.

309 2437 422 2491 Καὶ
443 2433 613 2490 ταῦτα
645 2435 721 2506 τῷ
750 2434 889 2488 κατὰ
912 2434 1143 2505 Χριστὸν
1170 2435 1571 2504 τετελειωμένῳ
1594 2434 1747 2504 ἀνδρὶ
1774 2433 1865 2484 καὶ

310 2524 388 2596 τῷ
417 2527 561 2597 χορῷ
600 2526 707 2579 τῶν
738 2526 831 2579 τοῦ
880 2525 1113 2595 Χριστοῦ
1152 2510 1478 2597 μαρτύρων,
1525 2528 1590 2594 τῇ
1636 2541 1692 2575 τε
1737 2524 1866 2593 ἁγία

311 2616 478 2669 αὑτοῦ
516 2616 825 2687 Ἐκκλησίᾳ,
854 2618 945 2669 καὶ
966 2616 1030 2688 δὴ
1056 2617 1149 2669 καὶ
1192 2616 1338 2687 αὐτῷ
1372 2616 1447 2686 τῷ
1486 2614 1715 2686 Χριστοῦ
1761 2615 1865 2667 σώ-

315 2722 447 2777 ματι
476 2705 759 2776 ἀρμόσειεν
787 2704 851 2757 ἂν
900 2704 1181 2773 λέγεσθαι·
1222 2705 1284 2756 Εἰ
1328 2703 1435 2774 γὰρ
1471 2702 1867 2772 παρεμϐάλλει

311 2794 563 2866 ἄγγελος
593 2790 807 2865 Κυρίού
836 2792 1037 2857 κύκλῳ
1080 2793 1197 2847 τῶν
1248 2793 1628 2863 φοϐουμένων
1663 2794 1866 2860 αὑτὸν,

313 2887 411 2940 καί
428 2888 674 2955 ῥύσεται
706 2885 947 2952 αὐτοὺς,
976 2884 1083 2938 τῶν
1112 2884 1561 2955 ὑπερϐεϐηκότων
1588 2885 1677 2939 τὸν
1709 2884 1869 2954 φόϐον

316 2980 411 3033 καὶ
438 2979 496 3031 ἐν
542 2978 649 3043 ἕξει
695 2977 872 3047 τελείᾳ
904 2976 1002 3046 τῆς
1050 2976 1188 3029 κατὰ
1219 2976 1394 3047 ψυχὴν
1430 2977 1625 3048 ἀρετῆς
1670 2994 1868 3047 τυγχα-

315 3071 531 3136 νόντων,
558 3072 737 3135 ὁποῖός
764 3074 907 3124 ἐστιν
936 3073 968 3123 ό
1006 3069 1344 3137 καθήμενος
1373 3069 1441 3121 ἐν
1466 3069 1713 3136 ,βοηθείᾳ
1736 3130 1737 3135 η
1766 3068 1870 3122 τοῦ

328 3162 637 3231 Ὑψίστου,
666 3161 763 3216 καὶ
790 3160 905 3216 ὑπὸ
931 3160 1043 3229 τὴν
1070 3163 1250 3214 σκιὰν
1265 3158 1369 3213 τοῦ
1393 3158 1599 3213 ἱκανοῦ
1643 3158 1872 3219 αὐλιζό-

309 3271 523 3325 μενος·
579 3254 686 3307 τῶν
742 3249 829 3307 οῦν
889 3252 1138 3305 τοιούτων
1185 3252 1280 3321 οὐχ
1332 3246 1410 3314 εἷς
1461 3249 1703 3321 ἄγγελος,
1738 3249 1871 3303 ἀλλὰ

316 3344 656 3417 παρεμϐολαὶ
695 3344 909 3406 πλείους
949 3343 1295 3397 καθίστανται
1334 3339 1588 3411 φύλακες,
1623 3342 1741 3394 ὅσαι
1784 3342 1875 3394 καί

317 3436 533 3498 πλείους
577 3437 627 3487 οἱ
676 3434 753 3506 τῷ
810 3434 950 3489 κατὰ
1004 3434 1134 3488 Θεὸν
1173 3434 1359 3505 τελείῳ
1418 3432 1870 3496 ἐπιϐουλεύοντες.

317 3530 469 3583 Οὕτω
512 3525 641 3596 γοῦν
664 3528 756 3580 καὶ
797 3524 889 3579 τὸν
931 3526 1211 3596 προφήτην
1277 3524 1569 3577 Ἐλισσαῖον
1619 3515 1875 3577 ἐκύκλιίυν

318 3616 519 3687 πλῆθος
542 3614 849 3685 δορυφόρων
870 3612 1133 3681 ἀγγέλων.
1159 3613 1249 3665 Διὸ
1277 3612 1422 3665 οὐδὲν
1442 3612 1547 3664 τῶν
1571 3611 1875 3682 βλαπτικῶν

315 3704 708 3762 ἐπελεύσεσθαι
735 3704 949 3772 λέγεται
981 3702 1057 3774 τῷ
1084 3703 1170 3757 διὰ
1190 3701 1280 3755 τοῦ
1302 3701 1514 3773 ψαλμοῦ
1544 3718 1876 3773 προφητευο-

320 3803 463 3871 μένῳ
482 3815 494 3827 ·
531 3796 642 3851 ἀλλ’
682 3796 799 3849 οὐδὲ
829 3794 1022 3866 μάστιξ
1048 3794 1139 3847 ἐπὶ
1158 3794 1218 3847 τὸ
1248 3793 1403 3865 σῶμα
1428 3792 1733 3863 ἐφάψασθαι
1781 3794 1872 3847 τοῦ

318 3891 670 3961 σκηνώματός
701 3887 863 3941 αὐτοῦ
885 3903 899 3917 ο
940 3887 1174 3957 μάστιγα
1201 3886 1459 3961 νοούντων
1497 3885 1650 3957 ἡμῶν
1687 3886 1746 3938 ού
1776 3886 1873 3957 τὴν

318 3956 615 4053 κοινότερον
640 3980 959 4052 λεγομένηνο
994 3978 1165 4053 ταύτῃ
1201 3978 1307 4050 γάρ
1336 3956 1733 4049 ἐμάστίχθησαν
1772 3956 1873 4049 μυ-

318 4074 421 4147 ρίοι
436 4073 541 4126 τῶν
558 4074 722 4142 ἁγίων
741 4072 831 4126 τοῦ
846 4070 976 4125 Θεοῦ
995 4070 1278 4142 μαρτύρων
1298 4070 1388 4122 καὶ
1408 4070 1569 4123 αὐτοῦ
1587 4070 1643 4122 δὲ
1654 4069 1744 4122 τοῦ
1765 4071 1875 4122 Σω-

316 4168 383 4237 ri}
391 4182 479 4237 ρος
494 4167 527 4236 ἡ
534 4165 648 4237 μῶν
667 4165 725 4218 τὸ
738 4164 1039 4234 σωματικὸν
1056 4156 1466 4233 σκήνωμακαὶή
1482 4160 1613 4231 σάρξ
1631 4160 1874 4230 μάστιξιν

317 4255 514 4328 ᾐκίσθη
572 4256 709 4309 κατὰ
760 4256 851 4308 τὸν
897 4255 1083 4326 καιρὸν
1131 4252 1224 4306 τοῦ
1282 4254 1518 4319 πάθους,
1571 4251 1875 4316 ἀκολούθως

317 4350 383 4420 τῇ
444 4344 720 4416 φασκούσῃ
772 4347 897 4417 περὶ
940 4345 1100 4400 αὑτοῦ
1157 4347 1487 4421 προφητείᾳ,
1535 4347 1644 4400 Τὸν
1684 4346 1905 4401 νῶτόν(

313 4455 432 4507 μου
472 4436 659 4490 ἔδωκα
689 4438 774 4501 εἷς
801 4435 1132 4506 μάστιγας,
1179 4438 1284 4504 τὰς
1326 4438 1394 4491 δὲ
1433 4439 1716 4507 σιαγόνας
1754 4457 1871 4508 μου

319 4534 405 4596 εὶς
422 4530 797 4599 ῥαπίσματαο
827 4527 906 4579 διὸ
936 4529 1173 4597 μάστιγα
1201 4529 1293 4583 νῦν
1326 4527 1609 4600 δηλοῦσθαι
1644 4531 1740 4600 τὴν
1766 4532 1874 4584 ἀπὸ

318 4608 630 4693 δαιμονικῆς
674 4619 946 4691 ἐνεργείας
992 4619 1201 4691 πληγὴν
1234 4621 1535 4692 νομιστέον,
1567 4623 1755 4685 ὁποίας
1799 4623 1875 4675 εἷ-

1964 700 2171 762 gerant,
2206 690 2516 755 abduceret,
2548 692 2908 761 liberaretque
2954 692 3019 746 ab
3061 691 3327 747 idolorum
3359 706 3513 747 erro-

1962 800 2054 851 re;
2090 784 2395 840 necessario
2430 784 2627 842 bellum
2688 786 2862 854 primo
2918 785 3131 855 gerebat
3187 784 3240 837 in
3298 800 3392 839 eos
3421 786 3514 854 qui

1962 875 2222 928 diuturno
2260 882 2499 943 tempore
2529 874 2870 945 tyrannidem
2912 874 3248 929 obtinebant.
3289 874 3353 928 Et
3387 876 3515 944 quia

1962 965 2110 1034 ipsos
2147 980 2241 1034 per
2280 966 2637 1018 tentationum
2688 966 2931 1019 omnium
2969 964 3305 1018 tolerantiam
3344 981 3517 1036 oppu-

1963 1054 2186 1125 gnabat,
2212 1054 2331 1109 ideo
2356 1053 2531 1109 Lucas
2567 1056 2641 1109 ait
2670 1074 2683 1109 :
2722 1053 2790 1107 Et
2822 1070 2939 1109 cum
2960 1067 3370 1109 consummasset
3403 1074 3517 1110 om-

1964 1162 2078 1199 nem
2117 1147 2453 1202 tentationem
2483 1146 2745 1213 diabolus,
2775 1149 3014 1203 discessit
3051 1148 3114 1201 ab
3143 1164 3201 1202 eo
3231 1148 3296 1202 ⁸⁸.
3317 1147 3517 1203 Deinde

1963 1251 2092 1292 vero
2123 1236 2190 1291 ad
2222 1237 2503 1293 hominum
2536 1238 2869 1294 curationem
2900 1246 2952 1293 et
2988 1238 3250 1294 medelam
3299 1238 3519 1293 accede-

1964 1330 2055 1384 bat
2107 1348 2119 1382 :
2161 1344 2327 1399 quare
2380 1329 2681 1384 fremebant
2712 1330 2766 1383 in
2817 1344 2938 1384 eum
2975 1330 3270 1393 daemones,
3298 1329 3518 1384 conﬁte-

1964 1402 2268 1487 banturque
2301 1434 2359 1474 se
2392 1434 2553 1475 nosse
2576 1420 2698 1490 quis
2738 1425 2904 1483 esset,
2932 1420 3227 1474 clamantes
3258 1426 3311 1473 et
3332 1419 3517 1473 dicen-

1966 1521 2043 1566 tes
2073 1532 2085 1566 :
2124 1510 2266 1575 Sine,
2298 1512 2421 1581 quid
2456 1512 2601 1566 nobis
2644 1521 2692 1564 et
2742 1511 2853 1574 tibi,
2891 1509 2997 1564 Fili
3018 1511 3155 1565 Dei?
3192 1510 3445 1564 Nouimus
3475 1519 3520 1565 te

1962 1606 2076 1674 quis
2107 1605 2205 1669 sis,
2240 1614 2450 1658 sanctus
2474 1603 2568 1657 Dei
2601 1603 2763 1659 ".Ab
2779 1603 2926 1656 illata
2945 1605 3092 1659 enim
3118 1604 3195 1656 illi
3236 1618 3365 1658 voce
3392 1604 3520 1657 didi-

1965 1703 2152 1749 cerant
2181 1694 2430 1763 quisnam
2462 1702 2636 1761 esset;
2672 1692 2781 1745 imo
2812 1693 2975 1747 etiam
3002 1706 3069 1747 ex
3100 1692 3167 1745 iis
3198 1704 3317 1760 quae
3345 1698 3521 1745 tenta-

1965 1786 2128 1841 tionis
2159 1796 2399 1855 tempore
2436 1791 2698 1858 gesserat,
2724 1783 2845 1852 ejus
2872 1782 3128 1839 virtutem
3166 1791 3449 1837 noverant.

2034 1990 2199 2045 Vens.
2217 1990 2398 2047 10-12.
2424 1989 2545 2043 Non
2570 1985 2807 2043 accedent
2831 1988 2900 2041 ad
2930 1996 2977 2040 te
3000 1986 3161 2051 mala,
3184 1994 3232 2040 et
3254 1983 3519 2057 ﬂagellum

1963 2102 2064 2139 non
2092 2080 2524 2152 appropinquabit
2549 2079 2882 2143 tabernaculo
2907 2090 3013 2133 tuo.
3036 2078 3296 2145 Quoniam
3324 2071 3520 2147 angelis

1963 2175 2072 2228 suis
2104 2172 2372 2226 mandabit
2402 2172 2469 2225 de.
2488 2181 2555 2233 te,
2587 2180 2644 2223 ut
2672 2170 2967 2223 custodiant
3002 2178 3049 2222 te
3079 2170 3132 2221 in
3161 2166 3398 2222 omnibus
3419 2164 3518 2223 viis

1965 2267 2086 2319 tuis.
2114 2263 2179 2317 In
2209 2262 2451 2317 manibus
2472 2262 2753 2331 portabunt
2783 2270 2849 2325 te,
2867 2279 2929 2315 ne
2944 2277 3171 2331 unquam
3202 2254 3433 2329 oﬂ'endas
3451 2257 3519 2312 ad

1965 2354 2187 2424 lapidem
2215 2354 2394 2423 pedem
2426 2365 2591 2410 tuum.
2617 2353 2742 2409 Haac
2774 2355 2840 2408 de
2872 2354 2986 2408 viro
3025 2353 3318 2408 secundum
3366 2348 3521 2418 Chri-

1965 2456 2107 2502 stum
2138 2453 2533 2508 consummato,
2557 2444 2622 2500 de
2653 2446 2821 2499 choro
2857 2451 3154 2514 martyrum
3185 2438 3407 2508 Christi,
3438 2440 3523 2496 vel

1964 2538 2031 2593 de
2065 2547 2253 2593 sancta
2287 2537 2407 2607 ejus
2456 2537 2733 2605 Ecclesia;
2767 2537 2875 2590 imo
2899 2553 3028 2592 vero
3060 2536 3125 2591 de
3168 2537 3287 2607 ipso
3315 2532 3520 2590 Christi

1963 2641 2191 2696 corpore
2226 2633 2527 2693 opportune
2558 2626 2665 2679 dici
2700 2632 2943 2694 possunt.
2972 2625 3110 2678 Nam
3150 2627 3198 2679 si
3229 2633 3524 2678 castrame-

1968 2725 2110 2770 tatur
2136 2714 2349 2784 angelus
2380 2713 2591 2768 Domini
2622 2715 2675 2766 in
2707 2714 2929 2766 circuitu
2961 2712 3252 2765 timentium
3295 2728 3432 2775 eum,
3467 2719 3519 2765 et

1966 2806 2147 2873 eripiet
2175 2821 2260 2859 eos
2284 2806 2349 2867 ⁸⁸,
2375 2804 2466 2873 qui
2490 2800 2830 2857 formidinem
2855 2810 3196 2871 superarunt,
3211 2810 3263 2856 et
3293 2801 3348 2855 in
3375 2802 3523 2856 bono

1966 2895 2201 2959 virtutis,
2234 2909 2354 2965 qua:
2391 2893 2684 2949 secundum
2719 2892 2966 2947 animam'
3002 2901 3084 2949 est
3110 2932 3124 2956 ,
3176 2890 3371 2946 affectu
3401 2906 3523 2947 ver-

1969 2997 2177 3051 santur,
2206 2986 2381 3055 qualis
2423 2994 2504 3039 est
2534 2985 2624 3054 qui
2671 2984 2809 3038 sedet
2841 2986 2893 3037 in
2924 2983 3184 3054 adjutorio
3237 2982 3523 3049 Altissimi,

1969 3087 2018 3133 et
2047 3078 2140 3132 sub
2166 3078 2351 3131 umbra
2408 3078 2564 3147 fortis
2606 3085 2994 3141 commoratur;
3041 3078 3108 3132 iis
3148 3091 3277 3132 sane
3306 3076 3398 3147 qui
3446 3076 3525 3132 sic

1973 3168 2145 3223 aﬂ‘ecti
2180 3175 2325 3233 sunt,
2360 3184 2468 3222 non
2499 3168 2721 3238 angelus
2746 3182 2909 3230 unus,
2946 3166 3039 3221 sed
3069 3174 3249 3221 castra
3290 3165 3523 3236 plurima

1973 3261 2028 3315 in
2051 3259 2351 3315 custodiam
2380 3257 2578 3312 tradita
2599 3266 2744 3322 sunt,
2768 3264 2822 3312 et
2860 3264 3012 3312 tanto
3040 3256 3295 3327 plurima,
3319 3262 3524 3325 quanto

1973 3350 2064 3421 qui
2098 3350 2211 3404 viro
2241 3345 2535 3403 secundum
2568 3345 2735 3402 Deum
2774 3344 3019 3417 profeCto
3048 3345 3397 3401 insidiantur.
3436 3343 3529 3401 Sic

1939 3441 2157 3511 itaque
2198 3437 2450 3493 Elisatum
2502 3437 2816 3508 prophetam
2873 3434 3188 3499 muniebant
3237 3421 3526 3491 satellitum

1974 3533 2283 3604 angelorum
2342 3538 2533 3600 turmae
2604 3527 2962 3595 Quamobrem
3028 3527 3337 3582 nocumenti
3386 3528 3525 3591 nihil

1972 3639 2238 3695 passurus
2263 3639 2383 3679 esse
2406 3623 2607 3678 dicitur
2632 3621 2726 3692 qui
2757 3621 2812 3675 in
2849 3618 3057 3690 psalmo
3086 3618 3484 3688 praenuntiatur
3510 3635 3524 3686 ;

1972 3724 2147 3779 neque
2179 3706 2445 3780 ﬂagellum
2475 3708 2689 3778 corpori
2718 3704 3048 3761 tabernaculi
3092 3704 3211 3772 ejus
3257 3702 3528 3758 incutien-

1972 3798 2098 3853 dum
2152 3800 2480 3870 pratdicitur.
2530 3798 2630 3854 Per
2658 3798 2921 3869 ﬂagellum
2969 3810 3099 3854 vero
3149 3810 3256 3850 non
3309 3794 3527 3863 vulgare

1972 3890 2102 3944 illud
2135 3891 2514 3961 intelligimus;
2550 3904 2673 3943 nam
2704 3903 2768 3942 eo
2796 3887 2920 3941 caesi
2947 3892 3075 3943 sunt
3102 3884 3525 3943 innumerabiles

1973 3983 2145 4037 sancti
2180 3981 2271 4035 Dei
2307 3988 2589 4051 martyres,
2622 3987 2783 4049 atque
2823 3980 2999 4049 ipsum
3044 3992 3364 4049 corporeum
3395 3976 3525 4033 Ser-

1971 4076 2172 4128 vatoris
2219 4070 2392 4125 nostri
2427 4069 2830 4124 tabernaculum
2877 4074 2930 4122 et
2971 4082 3098 4121 caro
3130 4067 3249 4137 ejus
3282 4074 3528 4138 tempore

1973 4164 2238 4234 passionis
2268 4160 2491 4232 ﬂagellis
2516 4160 2787 4214 lancinata
2831 4167 2933 4224 est,
2966 4157 3263 4214 secundum
3294 4160 3527 4230 propino-

1974 4256 2243 4325 tiamquaa
2276 4253 2341 4307 de
2364 4254 2479 4323 ipso
2502 4252 2660 4313 fatur,
2690 4250 2918 4305 Dorsum
2968 4267 3134 4305 meum
3156 4250 3277 4305 dedi
3305 4250 3374 4305 ad
3419 4253 3526 4321 ﬂa-

1971 4347 2155 4418 gellas,
2174 4354 2221 4401 et
2252 4363 2407 4416 genas
2435 4362 2573 4398 meas
2600 4344 2667 4397 ad
2700 4344 2883 4413 alapas
2906 4343 2950 4374 ⁸⁷
2978 4362 2992 4397 ς
3025 4342 3119 4398 sed
3144 4340 3408 4413 ﬂagellum
3440 4343 3527 4399 hic

1973 4440 2179 4509 plagam
2201 4436 2494 4491 daemonica
2525 4436 2575 4488 vi
2604 4436 2864 4489 ‘inﬂictam
2885 4432 3193 4504 signiﬁcare
3222 4432 3522 4502 putandum

1972 4538 2089 4590 est,
2143 4528 2318 4597 qualia
2361 4527 2475 4596 ipse
2529 4524 2780 4579 Servator
2837 4526 3169 4592 impurorum
3219 4521 3522 4576 daemonum

1973 4620 2283 4674 hominibus
2314 4620 2529 4672 incussa
2552 4617 2755 4687 ﬂagella
2779 4631 2998 4670 curasse
3020 4622 3295 4670 narratur.
3318 4613 3524 4683 Hujus-

322 4721 481 4785 ρὴται
516 4713 675 4775 αὐτὸς
716 4713 745 4764 ὁ
798 4711 983 4782 Σωτὴρ
1033 4712 1282 4766 ἰάσασθαι
1331 4714 1423 4767 καὶ
1468 4713 1784 4784 θεραπεύειν
1814 4716 1871 4766 ἐν
1906 4694 1950 4751 ί)
1978 4720 2048 4764 mt

1814 4716 1871 4766 ἐν
1906 4694 1950 4751 ί)
1978 4712 2121 4764 modi
2150 4710 2418 4781 ﬂagellum
2452 4709 2649 4763 dicitur
2674 4724 2781 4762 non
2813 4706 3365 4777 appropinquaturum
3404 4712 3525 4762 esse

320 4804 622 4878 ἀνθρώποις
654 4802 913 4875 δαιμόνων
939 4802 1258 4873 ἀκαθάρτων
1294 4805 1575 4874 μάστιγας.
1609 4802 1871 4877 Τοιαύτην

318 4894 411 4951 οὖν
451 4897 686 4968 μάστιγά
732 4913 894 4968 φησιν
930 4896 959 4947 ὁ
1008 4892 1193 4966 παρὼν
1224 4893 1378 4963 λόγος
1410 4898 1483 4967 μὴ
1519 4897 1754 4964 ἐγλγίσειν
1794 4895 1870 4967 τῷ

322 4987 638 5059 σκηνώματι
662 4986 754 5042 τοῦ
794 4985 1285 5059 προφητευομένου,
1310 4986 1398 5039 διὰ
1422 4988 1482 5038 τὸ
1513 4987 1869 5056 φυλάττεσθαι

320 5080 426 5135 ὑπὸ
456 5081 562 5133 τῶν
588 5080 1001 5152 καθεσταμένων
1029 5080 1119 5133 ἐπὶ
1144 5078 1204 5132 τὸ
1242 5083 1497 5151 φρουρεῖν
1526 5079 1684 5133 αὑτὸν
1708 5081 1871 5149 ἀγγέ-

321 5172 449 5235 λων,
477 5171 526 5224 οἲ
564 5171 627 5242 δὴ
664 5174 756 5226 καὶ
786 5173 895 5224 ἐπὶ
941 5165 1137 5243 χειρῶν
1186 5168 1347 5223 αὐτὸν
1373 5170 1641 5239 μετέωρον
1678 5170 1873 5241 ἀναλή-

320 5262 514 5337 ψεσθαι
540 5262 801 5332 λέγονται,
832 5256 975 5334 πρὸς
993 5263 1052 5316 τὸ
1075 5263 1147 5334 μὴ
1172 5262 1531 5333 προσκόπτειν
1554 5259 1715 5313 αὐτοῦ
1741 5260 1872 5332 λίθῳ

321 5357 412 5412 τὸν
441 5356 593 5410 πόδα.
632 5357 899 5427 Σκήνωμα
937 5356 992 5409 δὲ
1036 5355 1196 5410 αὑτοῦ
1230 5354 1349 5410 καθ’
1382 5355 1477 5409 ἕνα
1527 5353 1625 5424 μὲν
1674 5354 1871 5425 τρόπον

322 5452 465 5524 ἐρεῖς
509 5444 646 5503 εἶναι
692 5448 787 5518 τὴν
821 5447 1140 5518 Ἐκκλησίαν
1178 5444 1361 5510 αὑτοῦ,
1410 5446 1549 5500 κατὰ
1592 5445 1653 5500 τὸ
1674 5486 1689 5510 ,
1727 5446 1872 5513 Ἕως

322 5542 402 5595 ἄν
448 5539 596 5609 εὕρω
652 5539 839 5592 τόπον
891 5535 971 5603 τῷ
1013 5540 1236 5608 Κυρίῳ,
1296 5538 1579 5609 σκήνωμα
1622 5535 1701 5602 τῷ
1752 5534 1873 5602 Θεῷ

324 5632 557 5689 Vtut-56°
592 5630 730 5684 οὕτω
774 5629 864 5682 καὶ
898 5627 1116 5682 πλείονα
1146 5631 1474 5701 σκηνώματα
1501 5628 1595 5693 τὰς
1632 5629 1871 5681 ἅπαντα·

430 5788 472 5820 ⁸⁸
510 5786 640 5845 Luc.
681 5803 753 5846 tv.
795 5784 881 5839 15.

323 5856 367 5886 ’⁵⁸³
405 5857 543 5912 Psal.
578 5873 801 5915 invni.
834 5856 887 5910 2.

975 5784 1023 5819 ³⁸
1060 5783 1226 5843 Marc.
1262 5804 1302 5854 ι,
1333 5788 1432 5855 24ε
1469 5785 1599 5842 Luc.
1632 5801 1702 5853 Iv,
1730 5782 1820 5843 54.
1897 5782 1944 5833 .“
1981 5784 2124 5843 Psal.
2159 5798 2360 5858 xxxm,
2394 5787 2448 5843 8.

1976 4803 2326 4856 tabernaculo
2373 4802 2512 4870 ejus,
2545 4801 2636 4870 qui
2668 4802 2720 4853 in
2750 4800 3005 4854 vaticinio
3046 4799 3249 4867 fertur;
3303 4798 3427 4869 quia
3457 4801 3525 4855 ab

1976 4877 2178 4963 angelis
2207 4892 2271 4945 ad
2306 4892 2605 4945 custodiam
2636 4889 2752 4959 ejus
2783 4888 3051 4959 deputatis
3088 4889 3406 4952 servabitur,
3430 4889 3522 4958 qui

1975 4985 2133 5039 etiam
2160 4998 2281 5037 eum
2320 4984 2373 5036 in
2410 4981 2659 5041 manibus
2704 4982 2984 5036 sublimem
3035 4980 3365 5051 assumpturi
3401 4994 3521 5043 esse

1978 5073 2250 5137 dicuntur,
2284 5082 2342 5126 ut
2380 5089 2446 5128 ne
2499 5088 2591 5143 pes
2622 5073 2739 5143 ejus
2767 5073 2833 5126 ad
2864 5071 3091 5142 lapidem
3123 5070 3372 5126 oll‘endat.
3414 5068 3521 5124 Ta-

1978 5168 2329 5222 bernaculum
2359 5183 2521 5237 porro
2566 5166 2684 5237 ejus
2721 5168 2898 5237 aliqua
2943 5167 3152 5220 ratione
3198 5164 3348 5219 dicas
3403 5152 3523 5220 esse

1978 5256 2271 5312 Ecclesiam
2302 5258 2496 5327 ipsius,
2528 5257 2821 5319 secundum
2852 5256 3003 5319 illud,
3044 5255 3217 5309 Donec
3264 5255 3521 5309 inveniam

1980 5350 2148 5404 locum
2175 5348 2401 5403 Domino
2422 5390 2437 5415 ,
2477 5349 2870 5404 tabernaculum
2901 5348 3008 5402 Deo
3045 5343 3209 5399 Iacob
3238 5344 3313 5412 ⁸⁸;
3360 5345 3438 5400 sic
3468 5353 3521 5402 et

1979 5443 2099 5497 illas
2132 5457 2224 5511 per
2252 5441 2438 5496 orbem
2490 5444 2749 5499 coclesias
2788 5441 3013 5511 plurima
3035 5438 3378 5493 tabernacula
3399 5451 3519 5493 esse

1978 5536 2127 5591 novit
2157 5534 2248 5604 qui
2275 5534 2431 5599 dixit,
2460 5534 2629 5601 Quam
2656 5533 2847 5587 dilecta
2874 5530 3211 5586 tabernacula
3249 5540 3368 5594 tua,
3410 5526 3518 5599 Do-

1974 5627 2115 5705 ptine
2136 5624 2389 5679 virtutum
2420 5624 2498 5677 "l
2545 5624 2666 5678 Alio
2691 5632 2870 5679 autem
2902 5622 3083 5690 modo,
3118 5633 3433 5692 corporeum
3459 5619 3521 5675 il-

2551 5781 2594 5815 ⁸⁷
2632 5780 2734 5836 lsa.
2768 5796 2819 5840 ι.
2842 5780 2891 5834 6.
2990 5780 3034 5813 ⁸⁸
3072 5778 3213 5835 Psal.
3249 5791 3431 5843 exul,
3463 5774 3514 5829 5.
