4372 6404
866 462 1034 529 1159

1543 451 2309 536 absunu‘cazssmensrs
2337 454 2493 517 ore.
2532 460 2709 516 rans
2738 447 2825 518 Ill.
2858 474 2925 502 —--
2964 445 3362 521 EXEGETICA.

3921 470 4053 520 “lit.

892 592 987 649 llud
1017 584 1449 650 instrumentum,
1479 572 1533 641 in
1564 603 1671 657 quo
1724 585 1983 640 habitavit
2039 584 2130 639 Dei
2153 582 2387 639 Verbum
2407 622 2423 649 ,
2459 589 2502 643 Α
2527 583 2618 654 χοῦ

2336 599 2387 637 m
2407 622 2423 649 ,
2459 589 2502 643 Α
2527 583 2621 654 χοῦ
2660 583 2762 653 γῆς
2793 582 3083 653 εἰρημένας
3118 583 3406 650 ἐκκλησίας
3426 574 3563 633 οἶδεν
3593 570 3621 634 6
3653 582 3826 651 φήσας
3870 582 4019 650 λόγος
4039 599 4054 613 ·

897 679 1095 733 dixeris
1117 675 1513 730 tabernaculum
1544 674 1663 743 ejus
1690 690 1828 728 esse.

2542 674 2636 737 Ὠς
2657 673 2925 741 ἀγαπητὰ
2945 670 3016 724 τὰ
3046 670 3400 739 σκηνώματά
3428 687 3562 732 σου,
3593 672 3767 737 Κύριε
3799 670 3915 723 τῶν
3953 672 4055 725 δυ-

897 766 1156 835 νάμεωνί
1173 765 1305 818 Καθ’
1335 764 1515 834 ἕτερον
1538 763 1594 817 δὲ
1623 764 1818 833 τρόπον
1846 763 1907 816 τὸ
1944 762 2247 832 σωματικὸν
2274 763 2513 832 ὄργανον,
2571 766 2628 817 ἐν
2672 757 2716 831 ᾧ
2772 764 3173 833 κατεσκήνωσεν
3222 762 3249 813 6
3295 763 3383 816 τοῦ
3420 761 3552 814 θεοῦ
3611 752 3795 829 Λόγος,
3847 762 4056 832 λεχθείη

898 854 962 911 ἂν
990 856 1148 910 αὐτοῦ
1184 860 1461 928 σκήνωμαι

964 950 1026 1005 Et
1054 950 1268 1021 quidem
1314 949 1579 1018 praecipua
1626 958 1679 1002 et
1710 948 1909 1022 majora
1950 956 2097 1017 gesta
2126 946 2303 1010 illius,
2336 947 2427 1016 qui

895 1036 949 1091 in
977 1036 1253 1107 prophetia
1276 1034 1599 1095 enuntiatur,
1630 1034 1791 1101 opera
1829 1033 2215 1101 praestantioris
2243 1032 2429 1099 cujus-

894 1129 1034 1197 piam
1066 1126 1386 1191 edebantur;
1418 1138 1538 1177 nam
1568 1124 1613 1177 is
1644 1123 1733 1191 qui
1774 1122 2070 1177 secundum
2118 1134 2333 1174 carnem
2360 1135 2425 1174 ex.

894 1217 1097 1273 semine
1126 1215 1339 1269 Davidis
1366 1230 1485 1269 esse
1510 1224 1539 1266 a
1579 1213 1735 1267 nobis
1766 1212 2096 1280 intelligitur,
2122 1224 2241 1263 cum
2276 1210 2425 1263 sede»

893 1316 976 1361 ret
1006 1307 1059 1360 in
1084 1306 1347 1375 adjutorio
1371 1303 1650 1365 Altissimi,
1682 1310 1735 1355 et
1793 1317 1917 1356 cum
1946 1301 2277 1355 Altissimum
2332 1314 2426 1368 po-

896 1398 1091 1451 suisset
1117 1394 1377 1464 refugium
1412 1406 1591 1454 suum,
1619 1390 1741 1457 jure
1774 1391 1842 1443 ab
1873 1390 2145 1443 Altissimo
2174 1389 2424 1443 servaba-

896 1491 999 1539 tur.
1020 1483 1372 1550 Quamobrem
1389 1481 1596 1535 dicebat
1626 1480 1721 1542 illi,
1739 1480 2015 1547 Suscepwr
2042 1495 2182 1532 meus
2210 1496 2263 1531 es
2294 1487 2347 1530 tu
2375 1486 2425 1532 et

894 1575 1147 1643 refugium
1175 1588 1360 1634 meum,
1393 1554 1528 1624 Deus
1552 1586 1715 1630 meus,
1744 1578 1793 1620 et
1816 1566 2029 1635 sperabo
2060 1569 2112 1620 in
2140 1584 2274 1621 eum.
2307 1567 2424 1637 lpse

896 1680 1123 1735 namque
1149 1664 1368 1719 eruebat
1398 1676 1517 1716 eum
1552 1660 1616 1713 de
1646 1660 1835 1727 laqueo
1868 1659 2173 1712 venantium
2198 1698 2211 1721 ,
2265 1665 2318 1711 et
2370 1658 2425 1711 in

895 1757 1126 1825 scapulis
1159 1756 1271 1811 suis
1291 1753 1639 1807 obumbrabat
1697 1750 1806 1815 illi;
1838 1752 1967 1818 quin
1998 1750 2154 1803 etiam
2191 1751 2423 1802 circum-

894 1844 1051 1897 dabat
1084 1844 1231 1897 illum
1257 1840 1496 1895 veritatis
1550 1842 1704 1892 scuto
1752 1836 2025 1904 obtegens.
2086 1836 2151 1888 Et
2206 1834 2317 1887 haec
2350 1832 2424 1885 illi

2580 947 2675 1000 λΤὰ
2702 945 2798 1015 μὲν
2830 944 3318 1015 κεφαλαιωδέστερα
3352 943 3446 995 καὶ
3484 941 3697 1012 μείζονα
3731 941 3839 996 τῶν
3861 960 4046 1013 κατορ-

2527 1032 2785 1102 θωμάτων
2804 1030 2895 1083 τοῦ
2916 1029 3002 1081 διὰ
3023 1031 3119 1098 τῆς
3141 1031 3462 1100 προφητείας
3488 1029 3805 1099 δηλουμένου
3827 1030 3911 1083 διὰ
3931 1048 4047 1084 συν-

2528 1114 2740 1193 εργείας
2767 1122 2859 1175 τοῦ
2890 1122 3125 1193 μείζονος
3149 1120 3503 1192 κατωρθοῦτοζ
3534 1122 3686 1191 Καθή
3696 1139 3847 1190 μενος
3870 1122 3976 1193 γὰρ
3996 1124 4044 1176 ἐκ

2532 1213 2745 1284 βοηθείᾳ
2776 1212 2869 1266 τοῦ
2904 1213 3151 1282 Ὑψίστου
3183 1214 3211 1265 6
3244 1211 3382 1264 κατὰ
3408 1197 3584 1281 σάρκα
3615 1211 3891 1281 νοούμενος
3928 1214 4051 1283 ἡμῖν

2525 1308 2555 1357 6
2604 1305 2668 1357 ἐκ
2719 1304 3026 1374 σπέρματος
3080 1301 3236 1355 Δαυῒδ
3289 1300 3553 1369 γεγονὼς,
3588 1303 3615 1354 6
3666 1302 3823 1366 αὐτὸς
3863 1304 3919 1357 δὲ
3967 1305 4053 1355 τὸν

2527 1395 2784 1464 ’Υψιστον
2817 1394 3036 1464 θέμενος
3094 1393 3254 1446 αὐτοῦ
3306 1392 3654 1462 καταφυγὴν,
3696 1393 3913 1455 εἰκότως
3951 1394 4052 1446 ὑπὸ

2524 1484 2616 1537 τοῦ
2673 1485 2921 1553 Ὑψίστου
2970 1481 3317 1550 ἐφυλάττετο⁸
3373 1480 3449 1533 διὸ
3496 1481 3587 1533 καὶ
3633 1468 3777 1548 αὖτῷ
3835 1480 4046 1545 ἔλεγεν·

2539 1570 2919 1637 Ἀντιλήπτωρ
2963 1585 3080 1637 μου
3117 1564 3172 1620 εἳ
3207 1566 3303 1619 καὶ
3330 1563 3630 1641 καταφυγή
3659 1582 3797 1632 μου,
3842 1566 3873 1615 ό
3914 1563 4052 1626 Θεός

2522 1679 2677 1731 μου,
2730 1662 2827 1714 καὶ
2881 1658 3061 1715 ἐλπιῶ
3112 1658 3201 1710 ἐπ’
3258 1656 3457 1709 αὐτόν.
3516 1654 3682 1716 Αὐτὸς
3731 1654 3837 1723 γὰρ
3897 1651 4051 1703 αὐτὸν

2527 1752 2744 1824 ἐρρύετο
2772 1754 2835 1803 ὲκ
2886 1748 3105 1817 παγίδος
3166 1746 3465 1815 θηρευτῶν,
3494 1744 3586 1797 καὶ
3637 1743 3693 1797 ἐν
3737 1744 3846 1803 τοῖς
3894 1756 4050 1809 μεταο

2529 1845 2739 1915 φρένοις
2766 1842 2925 1895 αὐτοῦ
2952 1839 3269 1903 ἐπεσκίαζεν
3304 1838 3492 1892 αὐτόν·
3535 1835 3668 1889 ἀλλὰ
3704 1835 3795 1888 καὶ
3827 1831 4049 1886 ὲκύκλου

892 1935 1069 1991 omnia
1098 1933 1405 1987 Altissimus
1425 1929 1726 1999 praestabat,
1756 1934 1817 1980 ut
1848 1941 1915 1979 ne
1959 1925 2261 1977 turbaretur
2297 1939 2325 1975 a
2358 1908 2424 1974 ti;
2455 1934 2495 1987 Β
2526 1908 2618 1988 ac};

2323 1968 2325 1975 ν
2358 1908 2424 1974 tl;
2455 1934 2495 1987 B
2526 1908 2679 1988 αδτὸν
2707 1932 3038 2002 περιϐάλλων
3069 1928 3320 2001 ἀληθείας
3350 1930 3512 1998 ὅπλῳ.
3541 1926 3649 1981 Καὶ
3678 1925 3848 1979 ταῦτα
3878 1924 4049 1977 πάντα

894 2039 1043 2081 more
1072 2031 1353 2082 nocturno,
1385 2020 1467 2072 vel
1500 2034 1528 2072 a
1571 2018 1764 2086 sagitta
1791 2015 2000 2067 volante
2044 2013 2098 2065 in
2129 2013 2234 2073 die,
2277 2022 2366 2064 aut
2394 2027 2421 2063 a

894 2114 1104 2183 negotio
1142 2109 1541 2181 perambulante
1569 2106 1624 2158 in
1655 2102 1887 2157 tenebris
1919 2138 1934 2163 ,
1985 2108 2075 2152 aut
2126 2114 2155 2153 a
2186 2099 2338 2151 ruina
2374 2100 2427 2150 et

892 2202 1154 2258 daemonio
1187 2197 1499 2253 meridiano.
1533 2194 1610 2248 Ad
1650 2194 1760 2247 haec
1788 2206 1917 2245 vero
1964 2190 2269 2242 Altissimus
2323 2201 2424 2240 au-

892 2292 1107 2345 xiliatus
1134 2289 1182 2343 ei
1207 2288 1273 2340 de
1298 2299 1402 2354 quo
1440 2283 1613 2352 agitur
1640 2294 1824 2334 omnes
1871 2277 2207 2329 inimicorum
2245 2282 2297 2328 et
2336 2273 2427 2325 ho-

895 2379 1056 2433 stium
1092 2376 1210 2442 ejus
1246 2374 1471 2426 virtutes
1514 2368 1580 2423 de
1630 2366 1806 2421 medio
1855 2364 2071 2417 tollebat
2120 2370 2172 2415 et
2202 2361 2425 2430 pedibus

894 2470 1013 2537 ejus
1035 2462 1372 2532 subjiciebat.
1408 2459 1581 2524 Quare
1618 2457 1815 2509 dictum
1846 2461 1948 2514 est,
1978 2451 2172 2505 Cadent
2196 2468 2227 2504 a
2268 2451 2426 2503 latere

896 2569 984 2611 tuo
1019 2556 1179 2620 mille,
1202 2564 1249 2607 et
1287 2551 1455 2605 decem
1484 2546 1653 2601 millia
1688 2563 1719 2598 a
1764 2544 1963 2597 dextris
1988 2545 2109 2607 tuis,
2144 2543 2210 2596 ad
2250 2552 2295 2597 te
2332 2559 2425 2595 au-

896 2657 995 2704 tem
1029 2662 1127 2701 non
1152 2639 1600 2713 appropinquabit.
1634 2636 1820 2706 Magna
1856 2635 2054 2704 itaque,
2083 2642 2139 2689 ut
2182 2634 2294 2687 dixi
2320 2673 2334 2695 ,
2372 2640 2426 2687 et

894 2737 1126 2809 perfecta
1154 2749 1314 2805 opera
1341 2731 1648 2785 Altissimus
1680 2729 1813 2796 ipse,
1842 2732 2134 2780 memorato
2155 2724 2272 2777 viro
2304 2722 2424 2792 opi-

893 2830 1105 2894 tulans,
1145 2826 1367 2888 edebat;
1407 2821 1612 2876 minora
1646 2826 1841 2881 autem,
1874 2824 1932 2870 ut
1953 2816 2082 2885 quis
2104 2815 2335 2878 dixerit,
2374 2818 2427 2867 et

894 2918 1093 2973 leviora
1123 2926 1502 2983 corporeaque,
1542 2908 1745 2977 angelis
1774 2904 2112 2976 procuranda
2141 2901 2427 2957 demanda-

892 3013 1001 3067 bat.
1026 3009 1148 3064 Haac
1170 3020 1328 3077 porro
1348 3009 1501 3058 erant
1526 3014 1645 3069 qua:
1663 2998 1729 3051 ad
1760 2995 2182 3077 tabernaculum,
2212 2994 2324 3047 sive
2355 2990 2427 3047 ad

892 3113 1211 3171 corporeum
1240 3096 1656 3149 instrumentum
1700 3094 1860 3158 atque
1890 3073 1979 3140 ad.
2001 3085 2168 3155 ipsam
2210 3098 2424 3139 carnem

894 3186 1259 3260 pertinebant;
1289 3188 1342 3236 et
1378 3181 1510 3241 haec,
1542 3182 1724 3247 utpote
1753 3190 1872 3245 quae
1898 3174 2127 3236 modica,
2150 3179 2307 3241 atque
2334 3186 2422 3225 su-

2527 2026 2776 2093 παρεϊχεν
2807 2021 2951 2090 αὐτῷ
2974 2020 3257 2088 ’⁷Υψιστος,
3291 2021 3433 2079 ὅπως
3475 2018 3550 2087 μὴ
3581 2016 3909 2086 ταράττηται
3946 2011 4050 2065 ἀπὸ

2524 2113 2683 2181 φόὸου
2714 2127 3039 2181 νυκτερινου,
3075 2110 3207 2178 μήτε
3242 2109 3346 2161 ὰπὸ
3380 2104 3561 2174 βέλους
3594 2102 3886 2173 πετομένου
3912 2099 4048 2169 ἠμέ-

2526 2214 2641 2267 ρας,
2670 2190 2808 2266 μηδὲ
2828 2192 2935 2247 ἀπὸ
2959 2197 3276 2265 πράγματος
3299 2195 3355 2247 ἐν
3389 2188 3565 2244 σκότει
3586 2186 4048 2260 διαπορευομένου,

2527 2285 2657 2355 μηδὲ
2678 2274 2782 2335 ἀπὸ
2815 2282 3207 2351 συμπτώματος
3243 2284 3336 2336 καὶ
3368 2280 3635 2351 δαιμονίου
3665 2275 4047 2349 μεσημϐρινοῦ.

2526 2376 2643 2426 Ἔτι
2674 2374 2730 2425 δὲ
2754 2372 2885 2443 πρὸς
2916 2371 3117 2434 τούτοις
3151 2372 3306 2432 αὐτὸς
3338 2374 3365 2423 ὁ
3394 2370 3649 2437 ’Ὕψιστος
3680 2364 3950 2435 συνεργῶν
3976 2361 4052 2430 τῷ

2523 2465 2647 2533 περὶ
2677 2457 2735 2517 οὗ
2760 2467 2787 2516 6
2818 2463 2991 2529 λόγος,
3030 2462 3205 2524 πάσας
3233 2460 3327 2522 τὰς
3364 2458 3469 2512 τῶν
3512 2456 3716 2527 ἐχθρῶν
3766 2453 3927 2506 αὐτοῦ
3959 2451 4053 2503 καὶ⁴

2523 2554 2790 2625 πολεμίων
2838 2554 3090 2623 δυνάμεις
3132 2550 3355 2622 καθῄρει
3395 2550 3488 2602 καὶ
3541 2546 3643 2600 ὑπὸ
3682 2544 3846 2607 πόδας
3890 2541 4051 2622 αὑτοῦ

2524 2618 2832 2698 κατέδαλλε.
2860 2644 2949 2696 Διὸ
2974 2618 3216 2710 ἐλέγετο·
3245 2618 3533 2695 ΠΪΙεσεῖται
3571 2639 3638 2691 ἐκ
3669 2635 3773 2689 τοῦ
3811 2618 4052 2697 mutam:

2523 2749 2636 2788 σου
2676 2736 2866 2802 χιλιὰς
2896 2734 2993 2787 καὶ
3040 2731 3255 2801 μυριὰς
3284 2729 3351 2783 ἐκ
3378 2726 3587 2791 δεξιῶν
3620 2741 3765 2789 σου,
3797 2724 3942 2792 πρὸς
3978 2720 4054 2776 σὲ

2523 2823 2591 2876 δὲ
2615 2826 2720 2877 οὐκ
2745 2824 2938 2892 anisi.
2980 2824 3060 2875 Τὰ
3113 2824 3207 2891 μὲν
3231 2815 3350 2882 οὖν,
3381 2816 3455 2881 ὡς
3499 2818 3665 2887 ἔφην,
3718 2813 3923 2885 μεγάλα
3964 2812 4053 2864 καὶ

2524 2914 2706 2983 ἐντελῆ
2738 2914 3121 2984 κατορθώματα
3141 2915 3168 2965 6
3195 2912 3449 2979 ’Υψιστος
3486 2907 3661 2969 αὐτὸς·
3679 2904 3947 2976 συνεργῶν
3975 2900 4053 2970 τῷ

2523 3005 2824 3076 δηλουμένῳ
2875 2983 3131 3073 ἐξετέλει·
3156 3000 3224 3055 τὰ
3253 3002 3327 3064 δὲ,
3363 2998 3435 3062 ὡς
3482 3000 3547 3053 ἂν
3578 2997 3715 3076 εἴποι
3740 3013 3843 3059 τις,
3887 2983 4051 3072 λεπτὰ

2524 3063 2617 3149 καὶ
2682 3063 3103 3164 σωματικὼτερα
3152 3090 3397 3159 ἀγγέλοις
3467 3063 3819 3141 διακονεῖσθαι
3888 3063 4051 3155 προσ-

2524 3186 2726 3238 ἐταττε.
2768 3182 2947 3235 Ταῦτα
2976 3180 3030 3234 δὲ
3075 3175 3141 3251 ἦν
3177 3178 3243 3232 τὰ
3289 3178 3416 3247 περὶ
3457 3176 3515 3229 τὸ
3566 3178 3821 3245 σκήνωμα
3868 3170 4049 3236 αὑτοῦ,

896 3255 1075 3356 peritis
1103 3278 1408 3334 memoratis
1451 3274 1679 3333 collata,
1731 3273 1852 3327 vilia
1896 3279 2107 3330 essent,
2162 3267 2425 3322 ministris
2450 3255 2493 3314 (ἶ
2523 3273 2619 3343 δηλ

2330 3267 2425 3320 tris
2450 3255 2493 3314 CI
2523 3273 2719 3343 δηλαδὴ
2748 3274 2809 3325 τὸ
2841 3271 3139 3341 σωματικὸν
3175 3268 3425 3341 ὄργανον,
3457 3265 3571 3321 καὶ,
3598 3264 3666 3318 τὰ
3716 3264 3843 3335 περὶ
3888 3262 4053 3332 αὐτὴν

896 3376 1097 3449 angelis
1125 3373 1190 3427 ad
1222 3368 1520 3426 custodiam
1544 3366 2019 3430 concredebantur,
2056 3377 2122 3417 ne
2162 3359 2288 3429 quid
2332 3373 2428 3412 no-

894 3471 1127 3529 cumenti
1186 3466 1399 3538 corpori
1442 3466 1561 3535 ejus
1606 3464 1893 3518 inferretur
1923 3501 1938 3524 ,
1991 3474 2123 3514 neve
2163 3456 2427 3527 flagellum

894 3563 1199 3633 quodpiam,
1221 3572 1327 3611 non
1351 3556 1472 3626 ipsi,
1492 3552 1586 3609 sed
1614 3548 1956 3606 tabernaculo
1980 3546 2118 3616 ‘ejus
2141 3544 2430 3605 eincutere-

893 3661 979 3707 tur
1017 3673 1029 3706 :
1060 3666 1182 3704 nam
1217 3647 1317 3718 ipsi
1371 3659 1545 3714 neque
1598 3640 1762 3696 millia
1789 3679 1803 3703 ,
1835 3652 2009 3709 neque
2050 3636 2231 3692 decem
2264 3633 2427 3687 millia

893 3751 1247 3818 malignorum
1284 3730 1569 3795 'virtutum
1641 3736 2071 3808 appropinquare
2140 3730 2423 3787 audebant.

892 3843 1055 3897 Carni
1090 3853 1213 3891 vero
1236 3846 1286 3889 et
1314 3830 1524 3902 corpori
1543 3829 1679 3897 ejus,
1702 3826 1803 3897 qui
1847 3826 1901 3879 in
1935 3822 2211 3903 prophetia
2236 3819 2427 3881 fertur,

895 3932 1068 4000 arigeli
1100 3924 1476 3983 ministrabant
1508 3920 1591 3974 vel
1622 3919 1677 3972 in
1719 3915 1955 3970 minimis
2000 3922 2055 3968 et
2102 3910 2380 3967 vilissimis
2411 3930 2421 3963 :

894 4020 1037 4091 quod
1060 4034 1187 4074 sane
1207 4016 1291 4070 his
1319 4012 1621 4068 declaratur
1644 4048 1660 4075 ,
1712 4005 1793 4062 Ne
1833 4003 2063 4075 olfendas
2093 4001 2160 4057 ad
2207 4002 2431 4071 lapidem

895 4112 1073 4183 pedem
1106 4118 1271 4163 tuum.
1304 4106 1397 4160 His
1425 4104 1619 4173 quippe
1658 4098 1883 4154 indicari
1915 4095 2147 4152 arbitror
2180 4133 2195 4158 ,
2244 4093 2325 4148 vel
2376 4093 2431 4146 in

897 4199 1134 4257 minimis
1176 4205 1229 4253 et
1258 4195 1407 4265 parvi
1429 4191 1679 4247 momenti
1708 4191 1869 4243 rebus
1895 4201 2013 4257 qua;
2045 4182 2259 4252 corpori
2288 4182 2428 4236 acci-

896 4292 1023 4347 dere
1054 4289 1314 4351 solebant,
1349 4284 1564 4353 angelos
1623 4278 1726 4347 ipsi
1764 4277 2116 4332 ministrasse.
2161 4271 2218 4325 ln
2255 4269 2433 4326 Evan-

896 4384 1049 4457 geliis
1079 4359 1237 4451 porro
1288 4378 1392 4430 hoc
1426 4374 1491 4428 de
1520 4370 1794 4426 Salvatore
1825 4365 2189 4421 testimonium
2238 4360 2430 4431 depre-

896 4453 1136 4539 hendas;
1170 4470 1380 4549 Marcus
1408 4464 1550 4520 enim
1591 4461 1809 4529 scripsit
1837 4466 2076 4526 tempore
2119 4453 2429 4509 tentationis

2525 3364 2623 3432 τὴν
2678 3362 2883 3430 σάρκα,
2919 3360 2955 3413 ἂ
3010 3359 3071 3430 δὴ
3115 3360 3188 3422 ὡς
3235 3359 3438 3427 σμικρὰ
3487 3356 3579 3409 κα)⁵
3610 3352 3900 3425 παραθέσει
3946 3351 4054 3403 τῶν

2526 3451 2823 3522 ἔμπροσθεν
2891 3446 3381 3519 κατωνομασμένων
3454 3444 3641 3515 εὐτελῆ
3668 3483 3684 3508 ,
3763 3441 4055 3513 ὑπηρέταις

2526 3542 2768 3611 ἀγγέλοις
2796 3538 3100 3612 παρεδίδοτο
3138 3538 3215 3601 είς
3264 3538 3322 3590 τὸ
3353 3535 3654 3605 φυλάττειν,
3688 3532 3761 3605 μή
3804 3550 3855 3586 τι
3894 3546 4056 3583 κακο-

2528 3626 2675 3685 ποιόν
2714 3630 2925 3684 ἐπέλθοι
2972 3624 3049 3700 τῷ
3084 3626 3289 3699 σώματι
3336 3625 3528 3693 αὑτοῦ,
3575 3623 3705 3697 μηδὲ
3742 3628 3830 3693 ,τις
3863 3620 4057 3693 μάστιξ

2525 3722 2895 3794 ἐγχρίμψειεν,
2929 3720 3027 3773 οὐκ
3050 3716 3213 3789 αὐτῷ,
3248 3716 3381 3770 ἀλλὰ
3422 3714 3499 3786 τῷ
3532 3713 3840 3786 σκηνώματι
3863 3709 4052 3765 αὑτοῦ*

2526 3812 2671 3882 αὐτῷ
2703 3814 2810 3883 γὰρ
2836 3810 2957 3864 οὔτε
3009 3809 3270 3880 χιλιάδες,
3314 3806 3435 3860 οὔτε
3473 3804 3723 3881 μυριάδες
3781 3801 4060 3871 δυνάμεων

2527 3878 2658 3972 πονη
2666 3878 2791 3973 ρώνν
2806 3878 3115 3970 πλησιάζειν
3127 3896 3381 3965 ἐτόλμων.
3396 3878 3743 3965 Διηκονοῦντο
3762 3890 3818 3943 δέ
3843 3888 4058 3957 ἄγγελοι

2525 3995 2593 4065 τῇ
2626 3994 2784 4062 σαρκὶ
2808 3989 2899 4044 τοῦ
2944 3987 3406 4063 προφητευομένου
3444 3983 3539 4037 καὶ
3577 3980 3655 4052 τῷ
3692 3979 3932 4049 σώματι,
3966 3976 4059 4030 καὶ

2531 4064 2687 4154 μέχρι
2727 4079 2818 4134 τοῦ
2862 4076 3214 4149 σμικροτάτου
3254 4074 3346 4127 καὶ
3373 4070 3744 4126 εὐτελεστάτου
3764 4083 3776 4097 ·
3810 4065 3838 4118 δ
3874 4066 3937 4136 δὴ
3965 4064 4061 4118 καὶ

2486 4220 2489 4223 ,
2527 4174 2846 4245 παρίστησιν
2872 4172 2901 4224 ὁ
2931 4169 3083 4237 λόγος
3110 4166 3328 4236 φάσκων
3346 4181 3359 4195 ·
3387 4165 3571 4229 Ὅπως
3591 4159 3674 4232 μὴ
3706 4158 4063 4228 προσκόψῃς

2529 4263 2675 4332 πρὸς
2726 4263 2897 4317 λίθον
2922 4258 3027 4314 τόν
3066 4257 3219 4329 πόδα
3253 4272 3385 4310 σου.
3442 4253 3731 4325 Σημαινειν
3774 4250 3881 4321 γὰρ
3911 4246 4060 4317 οἴμαι

2526 4354 2612 4408 διὰ
2636 4353 2827 4405 τούτου
2845 4350 2904 4404 τὺ
2926 4350 3019 4403 καὶ
3048 4346 3206 4419 μέχρι
3230 4344 3323 4399 τοῦ
3347 4344 3592 4415 τυχόντος
3614 4343 3706 4396 καὶ
3728 4340 4061 4413 βραχυτάτου

2528 4442 2844 4513 συμϐαίνειν
2874 4438 3059 4501 εἰωθὸς
3090 4436 3214 4508 περὶ
3251 4432 3357 4488 τοιῖ
3374 4434 3615 4503 σώματος
3652 4432 3909 4500 ἀγγέλους
3945 4429 4062 4481 δια-

898 4544 1226 4621 Salvatorem
1281 4572 1401 4612 cum
1457 4553 1584 4619 feris
1641 4550 1827 4611 fuisse,
1862 4555 1916 4600 et
1946 4547 2161 4615 angelos
2193 4544 2239 4598 ei
2275 4543 2432 4597 mini-
2460 4574 2504 4628 Β
2532 4552 2624 4588 κον

2336 4543 2432 4595 ini-
2460 4574 2504 4628 Β
2532 4532 2799 4628 πονεῖσθαι
2840 4526 3228 4628 αὑτῷ-..Ἔχεις
3270 4525 3326 4577 δέ
3370 4525 3461 4628 καὶ
3502 4525 3559 4576 ἐν
3587 4520 3927 4628 Εὐαγγελίοιξ
3972 4520 4062 4623 ἐπὶ

902 4666 1103 4714 strasse
1129 4654 1207 4715 “;
1239 4614 1518 4702 Matthaaus
1550 4656 1677 4697 vero
1709 4640 1938 4707 idipsum
1972 4610 2182 4703 tempus
2226 4632 2431 4702 signili-
2530 4626 2620 4680 τοῦ

2338 4632 2431 4686 ιίίὶο
2530 4626 2620 4680 τοῦ
2650 4624 2896 4694 Σωτῆρος
2937 4619 3097 4719 αὑτοῦ
3135 4616 3331 4687 ταύτην
3367 4615 3463 4685 τὴν
3510 4612 3825 4685 μαρτυρίαν.
3866 4610 3923 4663 Ὀ
3966 4610 4064 4681 μὲν

898 4760 1029 4802 cans
1057 4743 1129 4796 ait
1158 4759 1170 4793 :
1205 4739 1345 4806 Tunc
1364 4732 1577 4788 dimittit
1611 4746 1727 4785 eum
1755 4727 2025 4788 diabolus,
2052 4732 2100 4777 et
2125 4738 2235 4777 ecce
2262 4722 2431 4791 angeli

902 4838 1223 4890 accesserunt
1250 4836 1298 4882 et
1324 4822 1691 4879 ministrabant
1718 4820 1766 4873 ei
1790 4819 1856 4869 ".
1888 4814 2028 4870 Sane
2070 4811 2213 4883 quod
2260 4808 2433 4880 angeli

904 4926 1007 4997 ipsi
1039 4918 1455 4976 ministraverint
1479 4955 1494 4979 ,
1544 4911 1882 4982 evangelista:
1931 4906 2235 4965 declarant;
2292 4896 2433 4972 quod

903 4996 1078 5071 autem
1114 5008 1393 5077 ministerii
1414 5019 1578 5076 genus
1629 5002 1731 5073 ipsi
1778 4996 2139 5070 prmstiterint,
2174 5007 2281 5047 non
2330 5004 2434 5043 mea

905 5111 1179 5161 morarunt
1210 5101 1322 5155 illi:
1356 5097 1449 5152 sed
1492 5095 1547 5149 id
1598 5104 1837 5164 presens
1888 5086 2163 5157 prophetia
2219 5080 2429 5142 docuit,

903 5200 1148 5254 videlicet
1177 5194 1321 5249 circa
1346 5201 1602 5260 corporea
1632 5196 1687 5240 et
1715 5182 1933 5238 minima
1970 5192 2154 5233 eorum
2192 5176 2435 5230 ministe‘

908 5294 1043 5344 rium
1071 5290 1256 5343 fuisse.
1298 5281 1430 5339 Nam
1463 5280 1582 5351 ejus
1612 5276 2013 5332 tabernaculum
2040 5268 2434 5329 custodiebant,

906 5399 973 5435 ne
997 5378 1259 5449 ﬂagellum
1305 5374 1409 5446 ipsi
1452 5368 1933 5443 appropinquaret;
1970 5361 2092 5429 ejus
2136 5367 2309 5414 autem
2340 5372 2434 5449 pe-

906 5473 999 5527 des
1026 5445 1353 5531 tutabantur,
1376 5472 1523 5518 utne
1550 5460 1631 5515 vel
1654 5459 1709 5512 in
1736 5456 1957 5510 minimo
1979 5451 2329 5506 aclevissimo
2354 5445 2436 5499 of-

910 5564 1203 5619 fenderent.

2487 4718 2637 4789 Ἀγὰρ
2668 4716 2889 4787 Μάρκος
2932 4700 3200 4781 ἀνέγραψε
3246 4706 3384 4762 κατὰ
3412 4706 3502 4759 τὸν
3540 4704 3724 4775 καιρὸν
3754 4701 3845 4754 τοῦ
3876 4716 4067 4771 πειρα-

2533 4807 2669 4878 σμοῦ
2702 4806 2795 4887 τοῦ
2827 4805 3090 4875 Σωτῆρος,
3118 4800 3192 4865 ὡς
3212 4801 3317 4873 ἄρα
3335 4793 3402 4871 ἦν
3429 4795 3686 4879 μετὰτῶν
3709 4792 3929 4865 θηρίων,
3969 4791 4065 4847 καὶ

2533 4880 2837 4965 old-{7516:
2884 4893 3157 4963 διηκόνουν
3205 4888 3379 4960 αὐτῷ·
3418 4889 3447 4942 ό
3471 4885 3739 4946 Martiale;
3790 4880 3946 4935 πάλιν
3975 4880 4070 4933 τὸν

2535 4979 2692 5042 αὐτόν
2717 4986 2901 5057 καιρὸν
2949 4979 3415 5055 ἐπισημηνάμενός
3440 4992 3569 5047 φησι
3587 4990 3601 5006 ⁸
3657 4974 3789 5029 Τότε
3818 4971 4068 5040 ἀφίησιν

2534 5078 2716 5134 αὐτὸν
2734 5081 2784 5132 -ό
2812 5076 3113 5145 διάϐολος,
3161 5073 3260 5128 καὶ
3294 5068 3423 5146 ἰδοὺ
3464 5068 3698 5137 ἄγγελοι
3726 5062 4071 5131 προσῆλθον

2535 5173 2631 5227 καὶ
2663 5174 2979 5240 διηκόνουν
3007 5168 3182 5233 αὐτῷ.
3200 5161 3357 5220 Ἀλλά
3394 5163 3477 5216 δτι
3519 5159 3615 5231 μὲν
3640 5158 3688 5211 οἱ
3714 5154 3927 5224 ἄγγελοι
3951 5151 4067 5221 διη-

2536 5264 2719 5316 κόνουν
2739 5260 2905 5332 αὐτῷ,
2931 5259 3133 5324 ἔδειξαν
3157 5257 3205 5310 οἱ
3240 5248 3612 5321 εὐαγγελισταί
3631 5265 3644 5279 °
3676 5245 3830 5308 ποίας
3859 5243 3915 5296 δὲ
3948 5240 4068 5292 δια·-

2498 5401 2503 5405 .
2537 5352 2716 5417 κονίας
2744 5350 2887 5421 αὐτῷ
2919 5352 3192 5423 παρεῖχον,
3226 5337 3370 5399 οὗτοι
3404 5342 3499 5413 μὶν
3521 5340 3618 5393 οὐκ
3634 5333 4064 5423 ἐμνημόνευσανζ

2540 5448 2575 5515 ἡ
2601 5446 2657 5499 δὲ
2690 5417 3017 5516 προκειμένη
3066 5417 3365 5511 προφητεία
3397 5432 3655 5497 ἐδίδαξεν,
3687 5429 3767 5481 ὅτι
3812 5422 3909 5495 τὴν
3944 5417 4071 5516 περὶ

2539 5507 2607 5591 ’έὰ
2632 5507 2909 5607 σωματικὰ
2941 5507 3032 5587 καὶ
3064 5507 3265 5601 σμικρὰ
3290 5522 3575 5583 διακονίαν.
3600 5517 3936 5607 -Ἐφύλαττον
3962 5507 4072 5577 γὰρ

914 5604 1454 5720 σκήνωμα,
1471 5644 1614 5706 ὅπως
1644 5641 1720 5714 μὴ
1754 5633 1948 5710 μάστιξ
1966 5633 2109 5702 αὺτῷ
2134 5628 2428 5700 πλησιάσῃ·
2468 5604 2761 5697 ἐφρούρουν
2790 5625 2845 5683 δὲ
2873 5618 3036 5678 αὐτοῦ
3061 5620 3155 5675 καῖ
3180 5619 3302 5682 τοὺς
3330 5616 3515 5679 πόδας,
3545 5614 3619 5677 ὡς
3646 5611 3709 5665 ἂν
3772 5604 3846 5676 μὴ
3908 5606 4075 5669 apoc-

916 5748 1130 5817 κόψειαν
1160 5744 1316 5815 μέχρι
1342 5740 1434 5793 τοῦ
1464 5736 1815 5809 σμικροτάτου
1848 5732 1940 5786 καὶ
1968 5727 2361 5783 εὐτελεστάτω.

983 5864 1028 5900 ⁹⁰
1066 5863 1227 5918 Marc.
1265 5876 1313 5924 ι.
1345 5860 1431 5915 15.
1503 5860 1546 5892 ⁹¹
1591 5856 1779 5912 Matth.
1815 5867 1866 5907 tv
1894 5889 1909 5913 ,
1952 5850 2033 5902 ll.
