4372 6414
375 495 500 543 Hb!

1466 495 1782 547 (λυΜᾶιΕΝἸ
1795 495 1956 547 AHIA
1993 495 2053 546 ΙΝ
2096 494 2431 547 l’SALMOS.

3361 495 3522 575 .1162

441 602 546 654 Καὶ
596 603 759 656 ταῦτα
793 605 886 674 μὲν
939 606 1054 657 κατ’
1088 603 1251 672 αὐτὴν
1302 603 1395 672 τὴν
1447 604 1618 668 λέξιν·
1671 604 1802 674 πρὸς
1847 603 1901 655 δὲ
1930 609 1974 661 Α
2068 602 2167 656 Et]

1797 621 1802 661 :
1847 603 1901 655 δὲ
1930 609 1974 661 Α
2068 602 2132 656 Et
2158 603 2268 656 haec
2293 603 2504 672 quidem
2541 604 2828 656 secundum
2872 605 3069 656 nudam
3110 603 3386 659 lectionem
3421 624 3435 658 :
3475 614 3523 658 at

373 693 601 745 διάνοιαν
632 689 978 763 ἐπισκήνωμα
1010 693 1101 746 τοῦ
1119 694 1360 762 Σωτῆρος
1389 693 1588 762 ήμῶνὴ
1619 693 1903 761 Ἐκκλησία

372 779 534 834 αὑτοῦ
580 781 946 834 ἀποδέδεικται
974 799 986 811 ·
1042 781 1174 836 ἀλλά
1214 782 1304 833 καὶ
1335 781 1488 850 σῶμα
1531 779 1692 832 αὐτοῦ
1724 783 1752 832 6
1783 781 1903 842 λαὸς

372 869 532 922 αὑτοῦ
556 870 692 922 κατὰ
715 871 803 923 τὸν
838 873 1075 940 φήσαντα
1100 870 1407 922 Ἀπόστολον
1423 887 1436 899 ·
1470 869 1650 938 Ὑμεῖς
1668 868 1742 922 δέ
1767 870 1904 922 ἐστε

373 961 541 1028 σῶμα
561 961 810 1028 Χριστοῦ
827 999 840 1024 ,
875 962 970 1014 καὶ
996 961 1148 1030 μέλη
1176 960 1241 1011 ἐκ
1277 958 1513 1026 μέρους.
1561 955 1682 1010 Εἶεν
1711 958 1774 1010 ἂν
1801 957 1903 1010 τῶν

375 1045 550 1114 μελῶν
580 1049 627 1098 οἱ
668 1047 765 1116 μὲν
792 1047 1069 1117 ὀφθαλμοὶζ
1087 1046 1178 1099 τοῦ
1212 1045 1444 1116 Χριστοῦ
1477 1045 1740 1116 σώματοςι
1770 1049 1816 1099 οἱ
1845 1047 1901 1098 δὲ

369 1136 461 1186 καὶ
478 1129 612 1198 ὦτα,
641 1137 690 1188 οἱ
711 1137 766 1188 δὲ
795 1137 887 1188 καὶ
910 1139 1084 1206 χεῖρες
1105 1151 1120 1168 ο
1148 1137 1285 1188 κατὰ
1307 1137 1473 1191 ταῦτα
1495 1138 1668 1191 τοίνυν
1696 1138 1903 1192 ἔσονται

368 1224 530 1277 αὐτοῦ
555 1225 648 1277 καὶ
676 1225 829 1288 πόδες
847 1225 1040 1296 ἕτεροι,
1071 1219 1300 1304 περὶιιῖΝ
1324 1227 1566 1298 εἴρηται·
1603 1229 1695 1293 Ὡς
1708 1229 1903 1296 ὡραῖοι

368 1317 420 1368 οί
451 1316 631 1382 πόδες
668 1315 786 1368 τῶν
813 1314 1338 1386 εὐαγγελιζομένων
1363 1317 1584 1386 ἀγαθά]
1609 1319 1817 1371 Τούτων
1840 1319 1902 1389 δὴ

366 1394 458 1451 οὖν
482 1399 589 1452 τῶν
611 1400 800 1464 ποδῶν,
828 1402 973 1462 ὅπως
1003 1402 1073 1472 μή
1097 1420 1178 1466 τις
1197 1403 1473 1474 προσκόψῃ
1499 1405 1630 1474 πρὸς
1651 1405 1793 1456 λίθον
1815 1407 1901 1458 τὸν

367 1491 523 1552 πόδα,
556 1489 686 1560 μηδὲ
720 1489 1126 1560 ακανδαλίζηται
1159 1494 1214 1544 ὲν
1240 1492 1316 1562 τῷ
1364 1493 1563 1563 δρόμῳ,
1603 1494 1814 1563 ὁμαλῶς
1842 1511 1900 1545 τε

368 1579 460 1631 καὶ
479 1577 765 1641 ἀκωλύτως
791 1580 1042 1652 διατρέχῃ
1070 1581 1166 1651 τὴν
1197 1582 1288 1634 τοῦ
1311 1582 1632 1649 Εὑαγγελίου
1663 1583 1898 1651 πορείαν,

366 1667 582 1736 ἄγγελοι
643 1669 992 1723 καθέστανται
1044 1671 1396 1742 φρουροῦντες
1439 1671 1529 1724 τοῦ
1581 1673 1901 1742 δηλωθέντπ

369 1758 713 1828 σκηνώματος
738 1757 988 1825 φύλακες.
1010 1760 1172 1812 Πάλιν
1194 1760 1366 1832 ἕτεροι
1389 1760 1604 1828 ἄγγελοι
1630 1764 1677 1814 ol
1697 1763 1793 1824 τὰς
1814 1763 1899 1813 ὲκ-

368 1848 592 1918 κλησίας
622 1848 711 1902 τοῦ
751 1849 980 1920 Χριστοῦ
1014 1849 1111 1911 τὰς
1136 1851 1441 1920 ἁπανταχοῦ
1474 1852 1574 1920 γῆς
1608 1853 1901 1922 ίδρυθείσας

367 1913 1006 2008 πεταστευμένοι.’Ταῦτα
1031 1938 1087 1991 δὲ
1113 1940 1184 2009 μὴ
1215 1913 1407 2002 συνιείς
1430 1943 1456 1992 6
1485 1913 1753 2004 διάϐολος·
1789 1913 1902 2005 πῶς
1934 1913 1974 1969 Β

365 2025 473 2096 γὰρ
500 2026 532 2097 ἢ
563 2027 719 2080 πόθεν
747 2027 891 2098 αὐτῷ
914 2027 1006 2080 τοῦ
1035 2029 1172 2081 θείου
1197 2030 1503 2100 Πνεύματος
1533 2033 1763 2085 συνιέναι
1791 2052 1901 2101 φω-

367 2118 496 2180 νάς;
525 2119 581 2168 ἐν
611 2117 687 2187 τῷ
718 2119 990 2189 πειράζειν
1017 2120 1106 2171 τὸν
1149 2121 1390 2192 Σωτῆρα,
1414 2123 1494 2183 εἰς
1533 2123 1592 2174 τὸ
1619 2123 1904 2194 πτερύγιον

366 2204 525 2257 αὑτὸν
551 2204 806 2276 τοῦίεροῦ
830 2205 1134 2274 ἀναγαγὼν,
1157 2202 1274 2259 εἷπε
1301 2209 1432 2278 πρὸς
1457 2210 1613 2261 αὐτόν
1630 2227 1642 2239 ·
1673 2215 1742 2263 El
1779 2213 1905 2276 Υἱὸς

364 2289 423 2348 εἴ
446 2294 552 2347 τοῦ
579 2296 744 2359 Θεοῦ,
772 2296 927 2360 βάλε
955 2296 1209 2351 σεαυτὸν
1229 2298 1400 2352 κάτω.
1431 2301 1754 2369 Γέγραπται
1776 2305 1901 2372 γὰρ,

364 2383 454 2436 δτι
474 2383 595 2448 τοῖς
632 2386 901 2456 ἀγγέλοις
930 2388 1112 2442 αὐτοῦ
1142 2389 1460 2443 ἐντελεῖται
1488 2392 1618 2458 περὶ
1643 2395 1776 2454 σοῦ,
1810 2395 1905 2447 καὶ

367 2474 464 2527 ἐπὶ
498 2473 707 2542 χειρῶν
736 2478 952 2543 ἀροῦσί
985 2490 1076 2541 σε,
1109 2477 1337 2546 μήποτε
1376 2483 1725 2550 προσκόψῃς
1762 2485 1904 2549 πρὸς

365 2563 539 2615 λίθον
571 2563 675 2616 τὸν
714 2565 868 2618 πόδα
905 2581 1037 2620 σου.
1088 2559 1312 2623 Συνιδὼν
1355 2572 1460 2640 γὰρ
1505 2571 1681 2640 ἔργοις
1730 2572 1904 2632 αὐτοῖς

366 2655 444 2716 είς
476 2654 564 2706 τὸν
597 2655 816 2725 Σωτῆρα
848 2659 1277 2729 πεπληρωμένην
1307 2662 1404 2730 τὴν
1444 2664 1500 2714 ὲν
1540 2664 1648 2722 τοῖς
1691 2678 1905 2730 προκει-

369 2745 549 2813 μένοις
593 2745 939 2814 προφητείαν,
972 2748 1108 2816 όρῶν
1136 2766 1194 2800 τε
1225 2750 1369 2814 ξένον
1400 2751 1574 2818 θέαμα
1617 2753 1673 2802 ὲν
1707 2750 1906 2821 ἀνθρώ-

367 2849 470 2886 που
503 2834 678 2902 φύσει,
711 2835 784 2898 ὡς
805 2836 992 2889 ’τᾶσαν
1029 2838 1188 2890 αὐτοῦ
1219 2839 1315 2909 τὴν
1360 2841 1639 2908 στρατείαν
1670 2841 1905 2914 καθηρῆ.

366 2923 511 2987 σθαι,
537 2926 626 2977 καὶ
654 2925 828 2988 πάσας
857 2925 1018 2978 αὐτοῦ
1051 2929 1355 2998 νενικῆσθαι
1375 2931 1471 2992 τὰς
1503 2931 1772 3001 δυνάμεις,
1805 2933 1905 2983 ὑπὸ

366 3014 460 3068 τοῦ
505 3016 845 3085 φαινομένου,
886 3017 1122 3086 χιλιάδας
1165 3036 1223 3071 τε
1262 3019 1478 3092 ἀθρόας,
1524 3023 1620 3081 καὶ.¹
1650 3023 1906 3092 μυριάδας

366 3106 747 3178 ἀπέμπροσθεν
766 3107 934 3170 ,αὑτοῦ
960 3108 1274 3171 πιπτούσας,
1301 3109 1456 3162 αὐτόν
1480 3127 1538 3162 τε
1569 3111 1791 3181 ἀτρεμεὶ
1813 3113 1905 3163 καὶ

367 3195 811 3290 ἀπαραποδίστως
852 3197 935 3250 ἐπ’
971 3199 1168 3252 ἀσπίδα
1208 3199 1300 3252 καὶ
1354 3198 1653 3269 βασιλίσκον
1700 3201 1906 3253 ὲπι6αῑ-
1931 3235 1972 3290 C

366 3301 543 3346 νοντα,
573 3285 757 3340 λέοντά
781 3303 840 3338 τε
884 3287 974 3339 καὶ
1014 3287 1295 3356 δράκοντα,
1328 3289 1425 3352 τάς
1458 3290 1773 3361 ἀρχοντικὰς
1813 3291 1907 3344 αύ-

364 3374 459 3428 τοῦ
487 3374 753 3445 δυνάμεις,
780 3377 1202 3442 καταπατοῦντα,
1227 3379 1317 3432 καὶ
1337 3378 1477 3432 τοῦτ’
1505 3381 1750 3451 ὲπείραζε
1775 3380 1908 3448 γνῶ-

369 3481 479 3530 ναι,
505 3466 574 3528 εί,
607 3466 794 3519 ἑαυτὸν
829 3467 936 3520 ἀπὸ
963 3467 1052 3519 τοῦ
1083 3468 1369 3538 πτερυγίου
1401 3467 1668 3538 ῥίψαντος,
1694 3466 1908 3533 ἄγγελοι

368 3553 749 3626 προσελθόντες
779 3557 936 3609 αὐτὸν
971 3557 1310 3625 βαστάσουσι.
1340 3558 1478 3628 Πρὸς
1516 3557 1714 3626 ταύτην
1747 3557 1908 3610 αὐτοῦ

366 3645 463 3716 τὴν
505 3643 752 3698 ὑπόνοιαν
781 3644 1160 3715 διεψευσμένην
1199 3645 1359 3700 οὖσαν
1389 3648 1418 3699 6
1457 3646 1642 3714 Σωτὴρ
1684 3647 1910 3715 ἀπεκρί-

369 3750 524 3788 νατοο
557 3733 905 3803 Γέγραπται,
936 3735 1126 3801 λέγων,
1157 3737 1275 3787 Οὐκ
1305 3735 1672 3802 ἐκπειράσεις
1695 3737 1910 3801 Κύριον

369 3825 473 3878 τὸν
500 3825 644 3877 Θεόν
675 3840 806 3878 σου.
835 3824 906 3876 Τδ
937 3824 1043 3894 γὰρ
1079 3824 1267 3877 ἑαυτὸν
1289 3823 1600 3895 κρημνίζειν
1629 3825 1720 3877 καὶ
1747 3841 1910 3878 κατα-

369 3916 583 3969 ϐάλλειν
612 3916 718 3969 ἀπὸ
760 3917 864 3971 τῶν
911 3916 1273 3986 ὑψηλοτάτων,
1307 3918 1399 3970 καὶ
1429 3916 1584 3969 τοῦτο
1628 3921 1796 3970 ποιεῖν
1825 3917 1910 3970 ἵνα

369 4003 498 4074 γνῷ.
524 3988 746 4075 πότερόν
789 4021 916 4058 ποτε
960 4003 1209 4075 βοηθείας
1244 4003 1487 4068 τεύξεται
1529 4004 1626 4072 τῆς
1675 4003 1760 4057 διά
1803 4005 1910 4057 τῶν

369 4095 632 4162 ἀγγέλων,
661 4094 693 4165 ἦ
730 4095 825 4166 μὴ,
879 4095 1212 4166 ..ειράζοντος
1236 4090 1302 4164 ἦν
1329 4094 1418 4147 τὸν
1452 4092 1610 4145 Θεόψ
1644 4094 1671 4145 ὃ
1701 4093 1764 4164 δὴ
1791 4112 1909 4146 πει-

373 4184 556 4256 ράζειν
602 4184 846 4238 ἐϐούλετο
881 4187 909 4238 6
939 4168 1227 4256 πειράζων.
1274 4185 1480 4237 Οίκείον
1516 4184 1621 4253 γὰρ
1672 4183 1814 4253 αὐτῷ
1844 4181 1910 4255 ἦν

372 4279 680 4349 πειράζοντι
699 4279 787 4330 τὸν
824 4277 1067 4346 Σωτῆρα,
1098 4274 1299 4328 καὶτὸν
1327 4273 1455 4326 Θεὸν
1485 4274 1753 4343 πειράζειν
1789 4275 1909 4326 τολ-

375 4372 499 4440 μᾷν.
544 4367 680 4420 Ἀλλ’
709 4369 803 4436 οὐχ
842 4370 870 4419 ὁ
897 4368 1085 4437 Σωτήρ
1122 4382 1184 4433 γε
1228 4365 1539 4436 ἐπείραζεν·
1571 4362 1628 4417 εὖ
1663 4365 1768 4436 γὰρ
1800 4366 1912 4436 ⁴ᾔδει

373 4461 469 4513 καὶ
509 4459 766 4511 πέπειστο
816 4457 940 4526 περὶ
977 4457 1072 4526 τῆς
1110 4455 1201 4508 τοῦ
1246 4449 1452 4528 Πατρὸς
1498 4456 1769 4526 δυνάμεως
1815 4457 1911 4527 τῆς

2003 691 2327 760 intelligendi
2369 705 2514 745 more
2562 690 2963 745 tabernaculum
3017 689 3318 746 Servatoris
3357 695 3527 747 nostri

2001 777 2292 833 Ecclesiam
2339 780 2456 847 ejus
2499 793 2619 834 esse
2643 782 3137 834 *commonstratum
3173 790 3290 847 est;
3334 797 3530 852 corpus

2000 884 2125 924 vero
2155 870 2291 937 ejus,
2325 871 2554 939 populus
2583 871 2700 940 ejus
2740 879 2843 932 est,
2876 870 3165 924 secundum
3190 871 3528 939 Apostolum,

1999 959 2090 1026 qui
2121 959 2195 1011 ait
2225 977 2238 1010 :
2267 957 2367 1011 Vos
2402 968 2570 1012 autem
2593 960 2714 1012 estis
2742 975 2923 1027 corpus
2963 958 3177 1022 Christi,
3223 969 3274 1012 et
3302 960 3532 1014 membra

1998 1062 2061 1100 ex
2084 1056 2230 1112 parte
2258 1047 2323 1100 ⁹¹.
2356 1047 2432 1101 Ex
2454 1048 2708 1102 membris
2734 1058 2908 1102 autem
2941 1048 3029 1100 alii
3059 1047 3256 1102 fuerint
3289 1051 3532 1118 corporis

1999 1138 2196 1192 Christi
2220 1139 2381 1199 oculi,
2417 1139 2504 1191 alii
2533 1153 2710 1204 aures,
2749 1139 2837 1191 alii
2872 1154 3097 1203 manus;
3126 1139 3226 1194 hac
3249 1156 3407 1209 porro
3446 1158 3532 1196 ra-

1999 1230 2144 1282 tione
2177 1230 2266 1282 alii
2301 1229 2462 1297 pedes
2505 1229 2624 1297 ejus
2653 1237 2828 1292 erunt,
2857 1230 2921 1282 de
2953 1231 3148 1298 quibus
3181 1231 3380 1294 dictum
3407 1242 3486 1288 est
3508 1253 3527 1286 ι

2002 1319 2169 1384 Quam
2214 1321 2425 1386 speciosi
2469 1319 2617 1387 pedes
2673 1321 3133 1389 evangelisantium
3169 1322 3300 1375 bona
3327 1323 3407 1376 "l
3455 1323 3532 1379 Ne

1999 1408 2120 1475 quis
2149 1423 2272 1463 vero
2308 1409 2562 1462 horumce
2595 1409 2787 1476 pedum
2829 1408 2894 1462 ad
2949 1410 3178 1478 lapidem
3209 1410 3530 1478 offenderet,

1998 1511 2172 1564 neque
2203 1495 2256 1548 in
2283 1512 2443 1551 cursu
2473 1497 2820 1565 impingeret,
2875 1499 2966 1552 sed
3015 1500 3172 1567 plana
3201 1499 3286 1552 via
3318 1509 3369 1554 et
3419 1501 3534 1556 sine

1999 1583 2149 1636 obice
2177 1583 2276 1636 iter
2320 1583 2679 1651 evangelicum
2727 1593 3054 1651 permearet,
3110 1586 3282 1654 angeli
3331 1594 3534 1642 tutores

1999 1685 2061 1723 ac
2120 1670 2368 1724 custodes
2429 1670 2629 1738 prazfati
2681 1672 3007 1724 tabernaculi
3058 1673 3334 1727 constituti
3385 1683 3530 1727 sunt.

2001 1760 2228 1814 Rursum
2299 1774 2423 1814 vero
2479 1767 2689 1812 exstant
2749 1760 2836 1812 alii
2894 1762 3111 1829 angeli,
3173 1763 3368 1831 quibus
3433 1761 3533 1815 Ec—

2001 1851 2172 1905 clesize
2201 1849 2397 1902 Christi
2449 1849 2646 1916 ubique
2676 1856 2940 1902 terrarum
2978 1849 3228 1911 fundatis,
3257 1850 3530 1906 concredi-

2002 1943 2068 1988 tae
2095 1942 2236 1988 sunt.
2270 1932 2420 1998 Quod
2452 1948 2573 1986 cum
2605 1948 2712 1986 non
2742 1934 3057 2002 intelligeret
3085 1933 3329 1987 diabolus
3355 1953 3367 1987 :
3399 1950 3527 2003 quo.

2002 2023 2158 2076 modo
2178 2022 2317 2076 enim
2346 2031 2435 2074 aut
2461 2021 2600 2075 unde
2626 2021 2788 2074 divini
2812 2020 3040 2090 Spiritus
3056 2038 3214 2076 voces
3241 2023 3516 2093 intelligar:

2002 2114 2204 2182 possit?
2229 2128 2349 2167 cum
2373 2112 2701 2167 Salvatorem
2731 2119 2976 2175 tentaret,
2997 2114 3167 2182 ipsum
3185 2113 3250 2166 ad
3272 2115 3526 2181 pinnacu-

2003 2205 2110 2256 lum
2145 2203 2324 2270 templi
2355 2202 2572 2254 ductum
2603 2202 2681 2255 sic
2707 2201 3070 2271 alloquebatur
3106 2221 3118 2254 :
3149 2201 3208 2254 Si
3239 2200 3410 2254 Filius
3437 2199 3532 2252 Dei

2002 2309 2077 2354 es,
2112 2293 2258 2344 mitte
2288 2301 2334 2343 te
2357 2290 2616 2346 deorsum.
2649 2289 2908 2357 Scriptum
2938 2301 3011 2344 est
3045 2293 3199 2353 enim,
3226 2293 3348 2358 quia
3379 2307 3536 2359 ange-

2005 2383 2068 2435 lis
2097 2383 2204 2435 suis
2237 2380 2503 2434 mandabit
2535 2380 2596 2433 de
2625 2391 2689 2443 te,
2711 2390 2760 2433 et
2794 2383 2847 2433 in
2886 2383 3123 2436 manibus
3161 2382 3335 2435 tollent
3367 2391 3432 2441 te,
3474 2399 3535 2435 ne

2001 2486 2226 2538 unquam
2271 2471 2503 2536 offendas
2544 2469 2613 2521 ad
2658 2468 2880 2536 lapidem
2935 2471 3111 2537 pedem
3153 2480 3295 2524 tuum
3311 2472 3376 2524 “.
3401 2472 3534 2523 Nam

2002 2575 2121 2613 cum
2162 2573 2227 2612 ex
2259 2559 2388 2628 ipsis
2415 2561 2666 2628 operibus
2711 2561 3054 2629 perspiceret,
3089 2562 3421 2630 pr0phetiam
3453 2561 3537 2613 his

2003 2649 2177 2702 verbis
2210 2649 2459 2701 traditam
2515 2649 2570 2701 in
2621 2648 2897 2704 Salvatore
2950 2651 3176 2718 impleri,
3221 2665 3283 2704 ac
3315 2661 3538 2720 stupen-

2002 2739 2128 2792 dum
2175 2739 2229 2791 in
2275 2739 2506 2792 hominis
2539 2750 2728 2792 natura
2757 2741 3124 2806 spectaculum
3153 2751 3426 2806 cerneret;
3462 2742 3536 2794 lta

2002 2838 2063 2882 ut
2089 2829 2262 2883 omnis
2283 2830 2548 2883 exercitus
2581 2844 2710 2882 suus
2730 2829 2795 2882 de
2818 2828 2992 2882 medio
3030 2829 3292 2896 sublatus,
3321 2845 3535 2885 omnes-

2004 2935 2108 2989 que
2143 2920 2364 2974 virtutes
2403 2935 2511 2973 suaa
2555 2917 2620 2971 ab
2660 2933 2723 2972 eo
2761 2918 2852 2987 qui
2881 2926 3200 2988 apparuerat
3248 2929 3531 2990 superatas,

2004 3011 2166 3063 millia
2192 3024 2315 3064 vero
2335 3018 2387 3063 et
2408 3009 2588 3062 decem
2621 3008 2783 3061 millia
2814 3009 2868 3062 in
2898 3016 3188 3078 conspectu
3214 3010 3357 3064 illius
3385 3011 3537 3080 lapsa

2002 3109 2202 3163 essent,
2238 3101 2322 3153 ille
2354 3108 2529 3153 autem
2560 3099 2676 3153 sine
2707 3098 2987 3153 formidine
3009 3106 3060 3152 et
3081 3099 3232 3154 obice
3260 3115 3420 3169 super
3449 3115 3537 3155 as-

2003 3191 2178 3259 pidem
2217 3197 2269 3243 et
2312 3190 2620 3243 basiliscum
2653 3189 2966 3251 ambularet,
2999 3189 3206 3242 leonem
3238 3197 3292 3243 et
3338 3189 3537 3243 draco-

2007 3299 2144 3348 nem,
2177 3282 2445 3351 principes
2475 3282 2593 3350 ejus
2613 3282 2860 3347 virtutes,
2881 3281 3255 3353 conculcaret;
3285 3280 3389 3334 hoc
3411 3283 3538 3335 item

2005 3374 2231 3443 experiri
2267 3372 2494 3450 volebat,
2525 3387 2650 3424 num
2681 3372 2854 3439 ipsum
2879 3385 2944 3423 ex
2974 3369 3264 3437 pinnaculo
3293 3385 3351 3424 se
3373 3371 3540 3439 proji-

2007 3466 2256 3532 cientem,
2287 3464 2598 3517 accedentes
2625 3462 2795 3530 angeli
2831 3459 3088 3530 gestatnri
3113 3470 3312 3514 essent.
3342 3459 3540 3529 Hujus-

2008 3556 2151 3610 modi
2177 3556 2353 3624 itaque
2378 3553 2522 3608 falsae
2545 3553 2837 3622 suSpicioni
2859 3555 2930 3604 ita
2954 3550 3230 3618 respondit
3251 3548 3536 3613 Servator:

2009 3648 2267 3717 Scriptum
2291 3656 2390 3710 est,
2421 3643 2540 3700 Non
2571 3643 2785 3699 tentabis
2823 3641 3093 3695 Dominum
3124 3639 3282 3693 Deum
3311 3643 3536 3693 tum".

2009 3739 2139 3793 Nam
2171 3755 2201 3794 e
2230 3737 2443 3793 sublimi
2477 3752 2594 3792 sese
2621 3734 2950 3804 praecipitare
2995 3747 3058 3786 ac
3093 3730 3343 3799 dejicere,
3380 3730 3540 3799 idque

2009 3830 2200 3884 animo
2234 3827 2548 3896 experiundi
2600 3841 2666 3878 an
2695 3824 3002 3892 angelorum
3036 3820 3290 3874 auxilium
3327 3817 3558 3877 adiutu—

2009 3936 2128 3972 rum
2163 3929 2325 3980 esset.
2368 3932 2556 3980 necne,
2585 3917 2685 3969 hoc
2711 3929 2840 3967 sane
2868 3919 3071 3967 tentare
3113 3909 3276 3965 Deum
3307 3909 3496 3965 fuisset
3523 3930 3536 3964 :

2009 4009 2150 4078 quod
2187 4008 2416 4074 experiri
2466 4012 2700 4060 tentator
2726 4003 2961 4072 optabat.
2992 3999 3126 4052 Nam
3163 3999 3263 4068 ipsi
3291 3999 3540 4053 Salvato-

2009 4112 2121 4152 rem
2144 4098 2389 4156 tentanti,
2408 4094 2678 4163 proprium
2707 4099 2820 4153 erat
2842 4092 2922 4146 vel
2943 4091 3116 4159 ipsum
3145 4088 3544 4151 Deumtentare

2010 4189 2222 4244 audere.
2259 4186 2325 4238 At
2356 4185 2606 4238 Servator
2629 4191 2831 4237 tentare
2868 4182 3039 4236 noluit
3074 4201 3085 4234 :
3119 4196 3319 4251 gnarus
3345 4182 3544 4250 quippe

2008 4287 2124 4334 erat
2146 4292 2206 4330 ac
2231 4290 2545 4346 persuasum
2575 4275 2802 4328 habebat
2831 4272 3006 4327 Patris
3029 4273 3280 4325 virtutem
3302 4272 3402 4324 sibi
3424 4276 3546 4340 api-

2011 4367 2186 4422 tulari.
2214 4367 2386 4432 Quare
2427 4365 2738 4434 imperantis
2789 4379 2934 4417 more
2963 4363 3172 4417 diabolo
3203 4363 3337 4416 dixit
3365 4381 3377 4417 :
3419 4363 3543 4416 Non

2013 4455 2230 4509 tentabis
2278 4454 2556 4509 Dominum
2603 4452 2769 4507 Peum
2819 4462 2981 4513 tuum,
3018 4451 3208 4505 divina:
3255 4450 3543 4520 Scriptum

375 4533 732 4619 συνεργούσης
768 4543 930 4612 αὐτῷ.
975 4543 1063 4594 Διὸ
1095 4543 1187 4595 καὶ
1217 4542 1292 4612 τῷ
1328 4543 1554 4615 διαϐόλῳ
1587 4562 1913 4618 ,προστακτι-
1944 4556 1985 4609 D
2015 4546 2098 4597 dic

1816 4563 1913 4597 ιτι-
1944 4556 1985 4609 D
2015 4546 2212 4597 dictum
2245 4561 2306 4598 ex
2343 4545 2455 4613 lege
2489 4547 2757 4610 sumptum
2797 4540 2956 4607 hujus
2987 4538 3273 4607 Scriptura).
3301 4539 3414 4592 voci
3447 4553 3542 4606 op-

374 4637 484 4699 ttth
531 4633 919 4707 παρεκελεύετο
967 4633 1134 4701 λέγων
1159 4649 1171 4663 ·
1223 4636 1342 4687 Οὐκ
1389 4635 1757 4703 ἐκπειράσεις
1803 4637 1914 4689 Κύ-

368 4742 502 4796 ριον
545 4727 650 4779 τὸν
692 4726 834 4779 Θεόν
870 4740 1002 4786 σου,
1040 4722 1185 4784 θείας
1220 4723 1260 4776 Γ
1267 4724 1438 4793 ραφῆς
1483 4725 1622 4790 λέξιν
1665 4724 1761 4793 τὴν
1810 4725 1915 4776 ἀπὸ

373 4814 468 4867 τοῦ
509 4815 668 4884 νόμου
714 4813 1143 4885 ἀντιπαρατιθεὶς
1177 4817 1250 4884 ,τῇ
1299 4818 1446 4885 φωνῇ
1495 4815 1592 4884 τῆς
1640 4813 1911 4884 παρούσης

376 4906 616 4975 Γραφῆς,
644 4908 707 4975 ἢν
743 4905 814 4976 μὴ
848 4908 1038 4977 νοήσας
1063 4907 1092 4956 6
1120 4903 1358 4967 διάϐολος
1401 4907 1706 4974 προήγαγεν
1745 4904 1912 4972 αὐτῷ,

376 4999 454 5067 μὴ
472 4997 687 5060 συνιεὶς,
711 4999 788 5050 ὅτι
811 4999 907 5051 οὐκ
929 4999 1089 5051 ἐδεῖτο
1110 4994 1361 5066 ’βοηθείας
1389 4997 1628 5064 ἀγγέλων
1654 4997 1682 5046 ὁ
1707 4995 1910 5065 Σωτὴρ,

374 5091 421 5142 εἰ
447 5088 538 5140 καὶ
564 5088 681 5139 καθ’
706 5073 956 5141 ὑπόθεσιν
989 5089 1159 5159 οἰκείᾳ
1187 5088 1497 5157 προαιρέσει
1522 5087 1759 5139 καθεῖναι
1792 5088 1914 5139 ἑαυο

373 5181 462 5232 τὸν
503 5176 760 5247 ἐϐουλήθη
780 5195 792 5208 ·
829 5181 947 5232 ἐπεὶ
983 5180 1074 5232 καὶ
1104 5178 1242 5232 κατὰ
1271 5178 1366 5249 τὴν
1397 5181 1476 5240 εἰς
1508 5176 1762 5246 οὐρανοὺς
1790 5176 1916 5227 ἀνά-

373 5267 533 5337 ληψιν
579 5267 731 5337 (ὅπερ
767 5263 834 5337 ἦν
879 5270 1056 5338 μεῖζον
1116 5271 1209 5338 τῆς
1246 5270 1350 5324 ἀπὺ
1380 5269 1470 5322 τοῦ
1515 5265 1797 5337 πτερυγίου
1822 5266 1911 5317 τοῦ

379 5356 522 5429 ἱεροῦ
560 5356 651 5408 ἐπὶ
676 5357 772 5428 τὴν
804 5359 904 5428 γῆν
931 5361 994 5412 δι’
1023 5361 1179 5431 ἀέρος
1207 5359 1473 5431 καθόδου),
1503 5359 1599 5410 οὐκ
1625 5356 1914 5426 ἀγγελικῆς

379 5447 569 5517 ἐδεήθη
594 5446 792 5516 χειρός.
823 5448 962 5518 Ὅρα
997 5449 1071 5515 δὲ,
1111 5451 1245 5514 πῶς,
1283 5447 1652 5520 μνημονεύσας
1684 5449 1711 5498 6
1737 5445 1914 5499 διάϐο-

377 5539 466 5600 λος
491 5536 604 5601 τοῦ,
649 5537 771 5590 Ἐπὶ
795 5536 1003 5607 χειρῶν
1032 5538 1244 5607 ἀροῦσί
1280 5557 1370 5606 σε,
1395 5540 1621 5609 μήποτε
1661 5537 1915 5603 προσκό-

378 5632 502 5697 ψας
531 5626 675 5696 πρὸς
703 5628 872 5680 λίθον
899 5627 1003 5680 τὸν
1032 5629 1184 5684 πόδα
1213 5647 1348 5695 σου,
1377 5630 1437 5684 τὸ
1475 5629 1599 5698 ἑξῆς
1640 5626 1916 5696 συνημμέ-

2020 4651 2239 4703 ponens,
2261 4648 2418 4703 quam
2452 4647 2559 4685 non
2587 4631 2884 4698 intelligens
2912 4627 3154 4681 diabolus
3178 4627 3276 4695 ipsi
3306 4619 3542 4694 {holere-

2018 4726 2128 4788 bat,
2159 4725 2408 4794 ignorans
2430 4721 2760 4775 Servatorem
2792 4718 3095 4785 angelorum
3119 4731 3218 4783 ope
3243 4731 3345 4770 non
3366 4732 3541 4786 egere,

2019 4816 2224 4869 etiamsi
2255 4813 2469 4883 pr0prio
2493 4821 2620 4864 nutn
2652 4809 2904 4861 voluisset
2946 4821 3064 4861 sese
3090 4807 3339 4862 deorsum
3378 4809 3545 4878 proji-

2017 4920 2155 4958 cere.
2184 4901 2624 4969 Quandoquidem
2673 4900 2726 4951 in
2770 4912 2866 4950 sua
2905 4896 2972 4949 ad
3014 4898 3178 4963 cmlos
3232 4900 3543 4952 ascensione

2019 4993 2176 5065 (quod
2209 5008 2336 5045 sane
2365 4991 2537 5059 majus
2569 4997 2703 5050 erat,
2734 5003 2892 5058 quam
2944 4989 3031 5041 ille
3055 5005 3083 5041 a
3111 4990 3392 5058 pinnaculo
3421 4999 3547 5043 tem-

2019 5089 2087 5157 pli
2129 5085 2190 5138 ad
2222 5095 2413 5138 terram
2459 5097 2551 5151 per
2588 5095 2762 5135 aerem
2801 5082 3106 5146 transitus),
3160 5097 3266 5135 non
3311 5080 3546 5146 angelica

2019 5191 2176 5230 manu
2211 5188 2343 5242 opus
2391 5173 2594 5225 habuit.
2627 5170 3004 5225 Animadverte
3033 5187 3214 5241 porro,
3248 5185 3354 5240 quo
3393 5175 3546 5237 pacio

2021 5265 2263 5320 diabolus
2300 5262 2382 5317 bis
2415 5261 2864 5320 commemoratis,
2905 5259 2970 5312 In
3006 5260 3240 5312 manibus
3273 5258 3446 5311 tollent
3477 5266 3545 5320 te,

2021 5374 2082 5410 ne
2124 5369 2347 5423 unquam
2387 5351 2616 5421 oﬂ'endas
2651 5351 2716 5404 ad
2747 5350 2967 5418 lapidem
2999 5350 3170 5417 pedem
3199 5358 3374 5411 tuum;
3405 5348 3548 5416 quod

2021 5446 2341 5516 sequebatur
2365 5458 2471 5497 non
2501 5442 2784 5504 addiderit,
2818 5439 3060 5494 videlicet
3097 5439 3247 5500 illud,
3279 5455 3432 5508 super
3462 5431 3548 5491 as;

2019 5536 2184 5602 pidem
2211 5543 2257 5586 et
2284 5531 2582 5585 basiliscum
2616 5528 2920 5591 ambulabis,
2937 5535 2984 5579 et
3006 5526 3328 5580 conculcabia
3357 5527 3548 5580 leonem

2022 5635 2068 5677 et
2101 5625 2396 5684 draconem,
2426 5621 2569 5690 quod
2602 5617 2890 5673 Salvatoris
2915 5615 2979 5668 de
3001 5614 3212 5669 diabolo
3255 5625 3308 5670 et
3348 5614 3546 5685 angeli?

451 5815 497 5862 ',‘
536 5812 553 5866 Ι
591 5813 716 5870 Cor.
756 5810 860 5871 xu,
893 5809 980 5864 27.
1054 5810 1099 5842 ’³
1137 5810 1295 5882 lium.
1329 5828 1398 5873 ἶ,
1438 5810 1521 5865 l5.
1602 5808 1644 5840 ”
1683 5806 1872 5861 Matth.
1913 5822 1984 5871 Iv,
2024 5807 2074 5860 6.
2153 5805 2172 5837 ⁹

756 5810 860 5871 ιιι,
893 5809 980 5864 27.
1054 5810 1099 5842 ’³
1137 5810 1295 5882 llam.
1329 5828 1398 5873 τ,
1438 5810 1521 5865 l5.
1602 5808 1644 5840 “
1683 5806 1872 5861 Matth.
1913 5822 1984 5871 IV,
2024 5807 2074 5860 6.
2153 5805 2197 5837 ’⁸
2237 5800 2366 5855 ibid.
2406 5801 2451 5853 'i.

701 5909 960 5966 Parant.
1009 5902 1121 5963 Gn.
1158 5900 1388 5962 XXIII.

3167 5888 3247 5944 37
