4372 6446
819 494 957 550 M65

1489 485 1752 543 EUSEBil
1790 482 2266 540 CESA'RIENSIS
2300 480 2448 538 OPP.
2490 477 2670 535 PARS
2700 476 2791 533 lli.
2826 507 2893 517 --
2923 468 3339 528 EXEGETICA.

3900 466 4042 523 εισι

815 608 938 678 ejus
997 611 1323 678 repo'rtatam
1376 602 1659 658 victoriam
1705 600 1994 656 manifeste
2043 599 2371 654 declarabat.
2404 602 2449 657 Α
2476 612 2541 649 νοε

2312 605 2371 652 ιι.
2404 602 2449 657 Α
2476 612 2564 649 νον
2596 595 2657 649 σὺ
2706 592 3043 665 προσέθηκεο
3084 587 3241 643 τοῦτο
3284 587 3348 659 δὴ
3381 585 3461 651 τὸ,
3503 585 3620 638 Ἐπ’
3664 578 3894 638 ἀσπίδα
3940 580 4038 634 καὶ

819 672 1225 755 dolebat-enim
1258 698 1341 753 sui
1378 695 1807 750 confutatlonem
1836 691 2103 762 adjicere;
2136 688 2376 759 alioquin
2470 688 2545 751 βα

2322 688 2376 741 in
2470 686 2859 760 ,βασιλίσκονῦ
2884 681 3162 751 ἐπιϐήσῃ,
3204 681 3300 733 καί
3344 676 3779 745 καταπατήσας
3822 672 4043 728 λέοντα

816 791 1103 848 ratiocinio
1132 787 1490 858 colligendum
1510 794 1562 840 et
1595 783 2059 855 comprobandum
2099 782 2204 851 lpsi
2240 788 2377 845 erat,

2476 781 2573 833 καὶ
2602 778 2917 847 δράκοντα,
2956 774 3140 845 σαφῶς
3176 764 3275 844 τὴν
3309 772 3427 825 κατ’
3456 767 3618 823 αὑτοῦ
3659 765 3754 820 τοῦ
3798 762 4038 818 διαϐόληυ

818 884 1070 940 eumdem
1109 883 1285 952 ipsum
1321 879 1412 950 qui
1453 894 1616 950 super
1672 880 1807 933 tales
1855 876 2127 948 principes
2159 876 2381 929 virtutes
2478 889 2544 924 κα

2313 890 2381 928 ;es
2478 872 2571 924 καὶ
2613 867 2720 923 τῶν
2764 868 3008 937 ἀγγέλων
3042 864 3204 919 αὑτοῦ
3249 864 3404 933 νίκην
3443 860 3541 914 ’τοῦ
3588 859 3837 927 Σωτῆρος
3884 871 4039 925 παρι-

819 974 1141 1037 ambularet,
1189 974 1441 1042 ipsasque
1491 969 1857 1035 conculcaret,
1917 982 2028 1021 non
2056 980 2228 1036 posse
2270 978 2381 1019 non
2480 979 2545 1015 crs

2315 978 2381 1017 on
2480 962 2704 1015 στῶντα.
2752 961 2825 1013 Οὐ
2868 959 2975 1029 γὰρ
3014 956 3261 1010 ἐδούλετσ
3306 954 3395 1007 τὸν
3437 952 3557 1006 καθ’
3602 948 3789 1004 ἐαυτοῦ
3828 946 4041 1015 ἔλεγχον

820 1063 1087 1118 oﬂendere
1122 1062 1188 1114 ad
1216 1061 1444 1131 lapidem
1478 1060 1611 1129 pede
1643 1074 1775 1122 suo;
1806 1052 1880 1110 ita
1910 1063 1970 1110 ut
1994 1054 2061 1109 ad
2084 1055 2186 1109 hoc
2218 1067 2380 1123 ange-

818 1154 991 1205 lorum
1018 1150 1185 1203 tutela
1206 1156 1258 1203 et
1291 1148 1491 1200 auxilio
1525 1154 1723 1216 egeret.
1756 1143 1954 1198 Verum
1996 1145 2110 1197 haec
2142 1158 2251 1197 non
2280 1156 2376 1195 ca-

818 1244 973 1313 piens
1038 1240 1127 1293 ille
1162 1239 1356 1307 hujus
1398 1237 1695 1307 prophetia
1736 1250 1869 1290 voce
1914 1244 1998 1290 est
2037 1250 2192 1297 usus,
2233 1232 2377 1304 quod

817 1342 1011 1387 caetera
1051 1332 1104 1383 in
1144 1330 1233 1383 illo
1262 1329 1479 1399 impleta
1530 1343 1651 1383 esse
1695 1334 1961 1383 cerneret.
2002 1324 2257 1380 Servator
2280 1338 2380 1377 au-

819 1433 926 1478 tem
957 1437 1063 1476 non
1097 1428 1253 1490 negat
1284 1420 1348 1474 de
1373 1434 1430 1474 se
1448 1420 1714 1489 prolatum
1744 1418 2020 1472 oraculum
2062 1416 2251 1480 fuisse,
2282 1415 2378 1470 sed

819 1513 1087 1567 diabolum
1120 1513 1213 1581 qui
1249 1510 1367 1578 ejus
1398 1525 1617 1565 sensum
1655 1526 1763 1563 non
1790 1515 2026 1579 caperet,
2056 1507 2375 1578 congruenti

821 1622 951 1661 usus
981 1606 1354 1676 responsione,
1378 1600 1572 1673 rejicit.
1606 1602 1887 1669 Quomodo
1913 1610 2093 1657 autem
2123 1615 2224 1657 nos
2251 1615 2376 1673 gra-

821 1696 895 1750 tia
925 1695 1217 1751 Salvatoris
1254 1696 1425 1751 nostri
1474 1696 1684 1765 singula
1713 1695 1946 1765 propriis
1980 1695 2035 1747 in
2071 1693 2205 1749 locis
2228 1709 2377 1748 com-

820 1787 1042 1846 mentati
1084 1787 1275 1849 simus,
1305 1786 1610 1855 legentibus
1637 1786 1920 1855 explorare
1958 1799 2123 1854 supra
2172 1784 2373 1838 licebit.

2478 1053 2888 1126 παρατίθεσθαι.
2914 1052 2976 1103 Ei
3009 1050 3066 1103 δέ
3089 1049 3162 1119 μὴ
3183 1048 3277 1119 τὴν
3296 1043 3613 1120 (εἰο)’ἐαυτῷ
3632 1042 3893 1102 συνέσεως
3909 1039 4042 1107 χρῆν

2484 1143 2924 1212 ἐπιλογίσασθαι,
2959 1142 3033 1205 ὡς
3076 1141 3174 1193 οὐκ
3212 1136 3278 1210 ἦν
3328 1136 3422 1190 τοῦ
3475 1132 3639 1188 αὑτοῦ
3679 1134 3740 1187 τὸ
3786 1128 4044 1185 δῦνασθαι

2484 1232 2781 1287 ἐπιϐαίνειν
2829 1233 2923 1286 καὶ
2953 1231 3282 1286 καταπατεῖν
3309 1228 3407 1292 τὰς
3444 1225 3695 1288 τοιαύτας
3723 1218 4047 1293 ἀρχοντικὰς

2484 1322 2760 1393 δυνάμεις,
2802 1324 2895 1377 καὶ
2930 1321 3005 1393 μὴ
3034 1320 3394 1391 προσκόπτειν
3426 1317 3563 1389 πρὸς
3592 1314 3737 1367 λίθον
3770 1310 3864 1365 τδν
3893 1308 4049 1369 πόδα,

2484 1414 2557 1479 ὼς
2598 1414 2800 1469 δεῖσθαι
2848 1415 3094 1483 φυλακῆς
3135 1412 3380 1481 ἀγγέλων
3434 1412 3527 1465 καὶ
3582 1405 3856 1479 βοηθείας.
3913 1398 4053 1453 Ἀλλ’

2484 1509 2688 1572 ἐκεῖνος
2718 1509 2817 1578 μὲν
2843 1509 2900 1561 οὑ
2937 1508 3135 1569 συνιεὶς
3163 1506 3424 1576 κέχρηται
3452 1505 3519 1574 τῇ
3549 1501 3657 1555 ἀπὸ
3690 1492 4058 1569 προκειμένης

2482 1602 2816 1673 προφητείας
2872 1602 3044 1672 φωνῇ,
3088 1599 3177 1653 διὰ
3223 1599 3284 1651 τὸ
3329 1596 3400 1649 τὰ
3448 1593 3609 1648 λοιπὰ
3650 1586 4029 1661 συνεωρακένα

2483 1693 2884 1765 πεπληρωμένα
2912 1695 2992 1756 είς
3016 1692 3202 1746 αὑτόν·
3228 1691 3257 1741 ὁ
3296 1688 3353 1739 δὲ
3381 1687 3572 1757 Σωτὴρ
3596 1685 3696 1738 οὑκ
3727 1680 4051 1753 ἀωρνεῖται

2488 1788 2583 1857 μὲν
2617 1787 2676 1841 τὸ
2718 1788 2844 1859 περὶ
2871 1786 3033 1839 αὑτοῦ
3076 1782 3323 1857 εἰρῆσθαι
3351 1782 3412 1835 τὸ
3443 1781 3652 1849 λόγιονο
3696 1776 3770 1849 μὴ
3802 1772 4056 1828 συνιέντα

818 1876 874 1929 δὲ
906 1876 1039 1929 αὑτὸ
1062 1874 1440 1937 τὸνιδιέιϐολον,
1466 1873 1653 1943 ἀφίησι
1684 1874 1999 1945 καταλλήλῳ
2028 1876 2373 1945 χρησάμενος
2410 1880 2475 1947 τῇ
2506 1878 2639 1948 πρὸς
2670 1878 2829 1931 αὑτὸν
2859 1878 3166 1948 ἀποκρίσει.
3209 1876 3398 1945 Ἡμεῖς
3445 1872 3523 1936 δὲ,
3555 1873 3621 1942 τῇ
3673 1865 4060 1936 αὑτοῦχάριτι

818 1966 911 2019 τοῦ
955 1964 1198 2036 Σωτῆρος
1238 1965 1414 2035 ἡμῶν,
1469 1965 1615 2026 ὅπως
1669 1964 1735 2016 τὰ
1808 1963 1947 2016 κατὰ
2002 1965 2149 2027 τοὺς,
2175 1966 2367 2028 τόπους
2420 1967 2867 2040 τεθεωρήκαμεν,
2914 1969 3195 2040 πρόκειται
3233 1968 3345 2028 τοῖς
3390 1963 3804 2033 ἐντυγχάνουσιν
3848 1961 3916 2012 ἐκ
3949 1954 4063 2012 τῶν

819 2058 1120 2131 εἰρημένων
1152 2056 1542 2125 διαγινώσκειν.

890 2173 1055 2229 Vens.
1079 2172 1167 2237 15,
1202 2173 1286 2227 id.
1317 2172 1485 2242 Super
1520 2174 1753 2243 aspidem
1778 2185 1828 2229 et
1860 2174 2164 2229 basiliscum
2198 2177 2383 2230 ambu-
2417 2184 2461 2243 Β
2571 2172 2616 2225 Ἐ

2337 2194 2383 2230 ι·
2417 2184 2461 2243 Β
2571 2172 2688 2225 Ἐπ’
2716 2175 2946 2229 ἀσπισα
2966 2173 3063 2226 καὶ
3090 2173 3464 2237 βασιλίσκον
3504 2169 3784 2238 ἐπιθήσῃ,
3826 2166 3925 2221 καὶ
3957 2183 4063 2223 κα-

818 2266 974 2329 labis,
1007 2274 1056 2318 et
1100 2264 1431 2319 conculcabis
1466 2266 1664 2320 leonem
1706 2278 1755 2320 et
1796 2267 2099 2323 draconem.
2126 2269 2389 2335 Quoniam

817 2360 874 2413 in
905 2372 983 2413 me
1007 2358 1252 2425 speravit,
1284 2366 1333 2410 et
1363 2356 1592 2411 liberabo
1614 2375 1761 2422 eum;
1787 2369 2051 2429 protegam
2095 2377 2233 2426 eum,
2264 2378 2391 2430 quo-

819 2450 963 2503 niam
980 2448 1214 2516 cognovit
1237 2463 1421 2500 nomen
1445 2465 1634 2503 meum.
1651 2447 1914 2503 Clamabit
1930 2450 2001 2503 ad
2028 2462 2199 2518 rne,-et
2223 2470 2390 2507 exau-

820 2542 967 2596 diam
1006 2556 1145 2602 eum,
1178 2556 1295 2593 cum
1329 2541 1441 2608 ipso
1485 2556 1602 2593 sum
1649 2542 1705 2594 in
1756 2542 2090 2598 tribulatione
2120 2559 2137 2596 :
2168 2547 2389 2611 eripiam

819 2650 937 2691 cum
972 2642 1023 2688 et
1067 2632 1373 2705 gloriﬁcabo
1408 2649 1546 2693 eum.
1574 2632 2159 2705 Longitudinevdierum
2182 2637 2389 2706 replebo

818 2744 957 2795 eum,
986 2736 1035 2783 et
1064 2726 1335 2782 ostendam
1364 2727 1450 2780 illi
1474 2727 1710 2783 salutare
1741 2746 1932 2785 meum.
1963 2730 2094 2797 Quae
2117 2732 2393 2786 ad-taber-

819 2819 1075 2875 naculum
1123 2820 1441 2891 spectabant
1500 2820 1708 2892 angelis
1759 2823 2153 2884 committebat.
2194 2832 2252 2877 ut
2299 2839 2391 2879 su-

819 2926 918 2981 pra
954 2911 1211 2975 diximus,
1240 2912 1574 2982 explicantes
1613 2928 1723 2982 quo
1745 2922 1906 2983 pacto
1931 2914 2109 2983 angeli
2133 2923 2392 2969 tueantur

819 3008 879 3055 et
899 3000 1207 3055 custodiant
1228 3001 1402 3055 virum
1425 3001 1481 3053 in
1510 2999 1732 3055 Christo
1750 3000 2075 3071 perfectum,
2102 3017 2200 3056 seu
2225 3003 2389 3056 etiam

818 3090 1121 3153 Ecclesiam
1168 3092 1321 3160 ejus;
1352 3098 1445 3144 aut
1498 3106 1720 3146 carnem
1762 3108 1868 3161 qua
1900 3080 2253 3147 instrumenti
2303 3096 2392 3149 in-

821 3189 940 3237 star.
962 3196 1060 3251 pro
1100 3181 1378 3236 hominum
1410 3181 1587 3237 salute
1614 3198 1749 3238 usus
1776 3193 1880 3237 est.
1906 3182 2029 3238 Haec
2058 3185 2275 3254 quippe,
2305 3192 2392 3239 ut-

821 3278 947 3341 pote
992 3272 1203 3327 minora
1250 3272 1571 3343 vilioraque,
1622 3273 1827 3344 angelis
1874 3275 2168 3330 commissa
2228 3285 2387 3343 sunt;

820 3362 1030 3429 eadem,
1057 3363 1314 3429 arbitror,
1350 3365 1584 3429 ratione,
1610 3378 1719 3435 qua
1751 3365 2019 3436 quispiam
2044 3366 2261 3423 famulis
2284 3368 2391 3423 cal-

797 3452 1044 3510 eceo'rum
1074 3466 1167 3511 aut
1194 3457 1380 3512 vilium
1416 3456 1642 3527 perinde
1690 3472 1875 3513 rerum
1918 3474 2106 3513 curam
2136 3470 2190 3515 et
2227 3462 2389 3517 mini-

2489 2265 2854 2332 ταπατήσεις
2896 2265 3114 2319 λέοντα
3160 2265 3259 2318 καὶ
3293 2263 3608 2333 δράκοντα.
3654 2263 3774 2315 ὀτι
3817 2261 3911 2314 ἐπ’
3957 2260 4064 2330 ἐμὲ

2491 2359 2733 2427 ἤλπισε,
2764 2357 2868 2433 ικαὶ
2882 2359 3143 2427 ῥύσομαι
3173 2356 3386 2410 αὐτόν·
3421 2353 3708 2409 σκεπάσω
3734 2352 3942 2418 αὑτὸν,
3971 2351 4064 2407 ὅτι

2488 2451 2639 2520 ἔγνω
2686 2450 2752 2503 τὸ
2805 2448 2989 2517 ὄνομά
3037 2464 3174 2518 μου.
3228 2444 3585 2515 Κεκράξεται
3627 2443 3777 2513 πρὸς
3820 2444 3919 2513 μὲ,
3960 2443 4063 2499 καὶ

2487 2543 2895 2610 ἐπακούσομαι
2933 2539 3141 2604 αὑτοῦ,
3176 2538 3303 2608 μετ’
3346 2535 3533 2591 αὺτοῦ
3564 2538 3688 2606 ειμι
3722 2536 3793 2590 ἐν
3819 2537 4059 2604 θλίψει·

2488 2635 2805 2704 ἐξελοῦμιιι
2834 2632 3037 2699 αὐτόν,
3073 2631 3172 2686 καὶ
3204 2630 3443 2695 δοξάσω
3470 2630 3677 2685 αὐτόν.
3709 2628 4065 2697 Μακρότητι;

2490 2721 2725 2791 ἡμερῶν
2754 2722 3043 2791 ἐμπλήσω
3070 2720 3276 2788 αὐτὸν,
3306 2720 3404 2774 καὶ
3444 2718 3812 2785 δείξωςαύτῷ
3846 2718 3913 2773 τὸ
3944 2733 4039 2772 σω

2492 2812 2695 2881 eripior
2722 2832 2861 2883 μου.
2896 2813 2977 2868 Τὰ
3019 2814 3117 2885 μὲν
3149 2812 3278 2885 περὶ
3303 2812 3398 2867 τοῦ
3429 2810 3785 2884 σκηνώματος
3812 2810 4041 2881 ἀγγέλοιι

2492 2905 2813 2980 ἐνετέλλετο,
2830 2890 2973 2961 κατὰ
2987 2906 3057 2960 τὰ
3076 2905 3537 2978 προαποδοθέντα,
3548 2906 3708 2969 ὅπως
3722 2905 3943 2974 ἄγγελοι
3962 2922 4047 2975 τη-

2496 2996 2809 3069 μελῶσικα).
2833 2997 3140 3067 φυλάττωσι
3174 2997 3269 3051 τοῦ
3305 3000 3365 3053 ἐν
3386 2996 3607 3070 Χριστῷ
3642 2996 4055 3068 τετελειωμένοι

2491 3090 2701 3161 ἀνδρὸς,
2720 3089 2752 3160 ἢ
2771 3090 2863 3143 καὶ
2873 3090 2971 3159 τῆς
2998 3089 3325 3160 Ἐκκλησίας
3344 3088 3531 3155 αὐτοῦ,
3550 3088 3698 3160 ﬂuat
3719 3088 3821 3160 τῆς
3840 3087 4042 3159 σαρκὸς

2490 3176 2525 3256 ᾖ
2538 3182 2769 3254 κέχρητο
2778 3181 2931 3253 δίκην
2943 3181 3171 3253 ὀργάνου
3188 3181 3328 3250 ὑπὲρ
3342 3180 3441 3250 τῆς
3454 3178 3755 3251 ἀνθρώπων
3767 3167 3913 3251 σωτη
3922 3181 4060 3249 ρίας.

2489 3274 2671 3327 Ταῦτα
2705 3272 2813 3346 γὰρ
2844 3273 2919 3337 ὼς
2950 3272 3259 3344 βραχύτερα
3288 3270 3385 3326 καὶ
3429 3268 3784 3343 εὐτελέστερα
3812 3272 4065 3342 ἀγγέλοις

2488 3367 2879 3438 ἐπετέτραπτο·
2899 3366 2992 3421 καὶ
3002 3363 3156 3437 οἶμαι
3170 3365 3365 3431 ὄτι,ὡς
3380 3365 3445 3420 ἄν
3472 3381 3555 3428 τις
3578 3364 3815 3429 οἰκέταις
3844 3367 4067 3438 ἐπιτρές

2486 3459 2637 3530 ψειεν
2676 3458 3038 3530 ὑποδημάτων
3061 3457 3358 3521 διακονίαν,
3385 3456 3420 3528 ἡ
3452 3454 3821 3511 ἀλλωντινῶν
3852 3456 4070 3510 εὐτελε-

822 3548 1045 3603 sterium
1078 3547 1275 3613 tradit;
1298 3548 1387 3603 sic
1423 3564 1763 3620 quaecunque
1794 3550 2008 3605 modica
2037 3559 2092 3605 et
2124 3566 2387 3621 corporea
2415 3567 2458 3625 ο
2492 3568 2548 3604 στ

2341 3568 2387 3608 3a
2415 3567 2458 3625 ο
2492 3552 2695 3621 στέρων
2744 3550 3064 3622 ὑπηρεσίαν,
3089 3549 3262 3613 οὕτως
3287 3550 3387 3602 ὅσα
3432 3548 3603 3619 μικρὰ
3652 3549 3745 3601 καὶ
3778 3547 4067 3619 σωματικά

822 3655 917 3709 per
940 3638 1236 3694 Salvatoris
1268 3640 1440 3695 nostri
1461 3655 1683 3696 carnem
1705 3641 2095 3707 adiciebantur,
2132 3657 2195 3697 ea
2228 3657 2391 3713 ange—

820 3730 998 3784 lorum
1022 3745 1167 3785 curaa
1188 3731 1691 3799 committebantur,
1719 3732 1814 3803 qui
1842 3731 2229 3789 ministrabant
2250 3735 2387 3804 ipsi:

821 3820 889 3877 de
915 3820 1113 3891 quibus
1143 3820 1352 3891 angelis
1380 3820 1495 3876 haec
1546 3821 1870 3878 testiﬁcatur
1918 3822 2195 3894 Evangelii
2243 3822 2392 3879 Seri-

822 3920 980 3984 ptura
994 3911 1181 3969 dicens
1200 3932 1212 3967 :
1228 3914 1573 3969 Accesserant
1597 3914 1793 3986 angeli,
1807 3925 1857 3971 et
1871 3917 2244 3970 ministrabant
2259 3916 2309 3970 ei
2321 3916 2388 3971 ".

822 4001 1223 4059 Praestabiliora
1255 4013 1454 4071 autem,
1505 4006 1711 4077 majora
1743 4014 1796 4062 et
1828 4006 2043 4073 altiora,
2072 4022 2182 4063 non
2230 4022 2393 4078 ange-

821 4096 911 4161 lis,
943 4097 1037 4151 sed
1067 4097 1166 4165 ipsi
1208 4096 1478 4153 Salvatori
1529 4099 1773 4155 ascribit.
1802 4097 2063 4166 Quanam
2118 4100 2211 4154 illa
2257 4100 2387 4165 sint,

824 4192 1077 4256 superius
1133 4196 1621 4245 commonstratum
1672 4201 1783 4258 est;
1812 4192 1980 4247 inter
2036 4192 2152 4248 hare
2190 4202 2390 4249 autem

824 4271 957 4333 illud
978 4287 1116 4345 erat,
1151 4277 1357 4333 Cadent
1382 4297 1417 4334 a
1447 4281 1609 4336 latere
1638 4294 1728 4338 tuo
1756 4286 1921 4348 mille,
1955 4296 2006 4341 et
2046 4286 2220 4340 decem
2268 4286 2392 4340 mil-

823 4370 899 4423 lia
945 4386 977 4423 a
1024 4369 1223 4424 dextris
1257 4372 1382 4425 tuis.
1416 4370 1475 4427 ln
1508 4373 1619 4429 ﬁne
1657 4391 1781 4430 vero
1820 4379 2061 4433 omnium
2091 4378 2390 4435 Salvatoris

822 4463 997 4519 nostri
1024 4463 1252 4519 victoria
1280 4465 1347 4520 de
1388 4466 1646 4521 omnibus
1681 4480 1953 4538 reportata
1998 4458 2273 4541 postrema
2304 4487 2390 4526 re-

822 4562 1077 4610 censetur
1123 4556 1208 4610 his
1260 4557 1460 4623 verbis,
1504 4556 1669 4627 Super
1705 4561 1937 4629 aspidem
1980 4572 2031 4615 et
2086 4562 2389 4617 basiliscum

799 4642 1138 4710 ambulabis,
1169 4657 1218 4701 et
1248 4648 1578 4703 conculcabis
1630 4649 1827 4704 leonem
1870 4662 1920 4705 et
1944 4652 2390 4709 draconem.‘llis

817 4750 985 4805 porro
1028 4736 1323 4807 signiﬁcari
1368 4741 1581 4797 testimo
1639 4744 2002 4814 principatus,
2068 4738 2393 4815 potestates;

821 4825 1011 4879 mundi
1050 4836 1291 4884 rectores
1326 4838 1379 4885 et
1418 4832 1720 4901 spiritualia
1750 4832 2230 4904 nequitias.‘Super
2276 4834 2389 4890 haec

2495 3643 2582 3697 διὰ
2618 3643 2719 3713 τῆς
2749 3643 2843 3697 τοῦ
2890 3642 3142 3713 Σωτῆρος
3180 3641 3337 3712 ἡμῶν
3370 3640 3654 3712 ἐνηργεῖτο
3696 3640 3917 3711 σαρκὸς,
3942 3638 4069 3692 τοὺ-

2495 3751 2603 3789 των
2655 3736 2922 3807 ὑπηρέται
2973 3735 3296 3789 καθίσταντο
3348 3733 3587 3803 ἄγγελοι,
3640 3734 3733 3787 καὶ
3787 3733 4071 3804 διηκόνουν

2497 3812 2645 3895 αὑτῷ
2666 3843 2679 3856 ·
2720 3827 2849 3895 περὶ
2878 3819 2952 3880 ὧν
2980 3827 3073 3879 καὶ
3096 3828 3129 3896 ἡ
3154 3826 3247 3878 τοῦ
3276 3825 3608 3894 Εὑαγγελίου
3642 3823 3827 3897 γραφὴ
3860 3838 4073 3895 μαρτυ-

2500 3919 2585 3988 ρεῖ
2621 3917 2875 3985 λέγουσα,
2914 3917 2995 3969 ὅτι
3024 3915 3380 3984 Προσῆλθον
3426 3906 3685 3985 ἄγγελοι,
3720 3916 3819 3969 καὶ
3864 3914 4072 3983 διηκό-

2496 4026 2647 4064 νουν
2678 4008 2854 4075 αὐτῷ.
2889 4006 2970 4062 Τά
2998 4008 3055 4061 δέ
3097 4005 3525 4078 προύργιαίτερα
3570 4007 3666 4060 καὶ
3712 4005 3931 4077 μείζονα
3967 4007 4073 4060 ’καὶ

2498 4101 2802 4173 ὑψηλότερα
2845 4100 3028 4154 οὐκέτι
3065 4097 3335 4167 ἀγγέλοις,
3385 4098 3500 4151 ἀλλ’
3543 4096 3691 4168 αὑτῷ
3731 4097 3809 4168 τῷ
3856 4098 4073 4170 Σωτῆρι

2495 4195 2800 4266 ἀνατίθησι.
2828 4194 2962 4248 Τίνα
3000 4193 3055 4246 δὲ
3086 4188 3154 4264 ἦν
3180 4191 3373 4256 ταῦτα,
3404 4190 3694 4262 δεδήλωται
3722 4189 3809 4244 διὰ
3836 4186 3945 4245 τῶν
3970 4190 4075 4261 ἒμ-

2496 4288 2731 4362 προσθεν
2754 4305 2769 4319 ο
2801 4288 2859 4343 ἐν
2904 4281 2990 4352 οἷς
3018 4281 3087 4358 ἦν
3124 4286 3217 4340 καὶ
3248 4286 3329 4349 τὸ,
3364 4283 3637 4341 Πεσεῖται
3677 4282 3746 4337 ἐκ
3783 4282 3892 4338 τοῦ
3933 4282 4073 4337 κλι-

2495 4399 2637 4449 τους
2666 4397 2788 4437 σου
2827 4381 3024 4450 χιλιὰς
3062 4379 3162 4434 καί
3189 4379 3405 4450 μυριὰς
3440 4380 3510 4433 ἐκ
3536 4376 3655 4432 τῶν
3684 4376 3899 4443 δεξιῶν
3927 4392 4070 4431 σου.

2496 4474 2662 4539 Τέλος
2694 4474 2753 4528 δέ
2790 4474 3010 4528 πάντων
3042 4474 3139 4527 καὶ
3181 4471 3384 4543 ὑστάτη
3411 4471 3552 4526 κατὰ
3582 4470 3801 4525 πάντων
3826 4468 3922 4523 τοῦ
3954 4470 4074 4522 Σω-

2494 4566 2659 4638 τῆρος
2681 4563 2839 4636 ἡμῶν
2888 4563 3013 4633 νίκη
3054 4564 3385 4633 παρίσταται
3423 4563 3511 4617 διὰ
3535 4562 3653 4628 τοῦ,
3692 4562 3811 4615 Ἐπ’
3836 4559 4073 4617 ἀσπίδα

2495 4659 2594 4713 καὶ
2620 4657 2993 4723 βασιλίσκωρ
3024 4655 3281 4725 ὲκιόήσῃ
3310 4656 3407 4709 καὶ
3448 4651 3893 4720 καταπατήσας
3927 4651 4071 4722 δρά-

2495 4763 2679 4804 κοντα
2706 4749 2804 4802 καὶ
2830 4746 3067 4801 λέοντα.
3108 4745 3409 4817 Δηλοῦσθαι
3449 4744 3507 4797 δέ
3551 4743 3639 4797 διὰ
3669 4742 3875 4797 τούτων
3902 4740 4073 4817 ἡγοῦ-

2500 4833 2597 4914 μαι
2632 4838 2806 4912 ἀρχὰς
2837 4840 2932 4892 καὶ
2961 4837 3207 4906 ἐξουσίας
3248 4838 3342 4892 καὶ
3382 4836 3850 4908 κοσμοκράτορας,
3874 4836 3970 4890 καὶ
3997 4834 4072 4889 τὰ

821 4921 1005 4969 autem
1061 4915 1359 4984 ambulare,
1386 4930 1440 4976 et
1474 4930 1553 4977 tot
1602 4923 1747 4980 feras
1782 4926 1982 4981 divinis
2014 4925 2239 4979 virtutis
2282 4940 2396 4979 suae
2425 4932 2470 4988 υ
2499 4950 2547 4986 π

2350 4940 2396 4979 8
2425 4932 2470 4988 Ι)
2499 4930 2844 5003 πνευματικά
2886 4928 2984 5000 τῆς
3023 4929 3306 5001 πονηρίας.
3336 4928 3572 4992 Ταύταις
3614 4928 3714 4999 μὲν
3738 4922 3831 4982 οὖν
3860 4926 4074 4982 ἐπιϐαί-

820 5005 1104 5078 gressibus
1144 5013 1468 5077 conculcare
1499 5015 1697 5071 dicitur
1734 5018 1851 5087 ipse
1903 5016 2179 5073 Senator.
2235 5015 2393 5083 000d

825 5114 951 5154 vero
982 5100 1036 5153 in
1065 5100 1217 5156 nullo
1240 5102 1496 5172 oﬂ'endat,
1534 5123 1633 5164 nec
1661 5110 1937 5179 quidpiam
1960 5108 2240 5180 corporeis
2271 5109 2393 5178 ejus

820 5192 1231 5262 operationibus
1278 5198 1663 5269 impedimento
1717 5202 1812 5266 sit,
1840 5203 1897 5257 id
1941 5207 2257 5274 angelorum
2290 5202 2394 5256 mi-

826 5285 1063 5343 nisterio
1109 5292 1481 5347 concreditum
1520 5306 1620 5350 est.
1659 5294 1765 5350 Sed
1816 5296 2275 5364 quemadmodum
2326 5294 2395 5351 de

823 5390 1086 5449 corporeo
1124 5382 1270 5465 ejus
1316 5385 1669 5441 tabemsculo
1725 5388 2027 5455 dicebatur,
2090 5386 2392 5465 Flagellum

823 5480 927 5519 non
976 5464 1414 5542 appropinqaabit
1472 5472 1809 5529 tabernaculo
1880 5484 1988 5540 tuo,
2035 5484 2091 5533 et
2120 5462 2264 5548 ejus
2309 5477 2391 5532 rei

824 5570 987 5613 causa
1017 5558 1130 5614 hac
1165 5561 1542 5631 adﬁciebatur.
1575 5563 1839 5632 Quoniam
1870 5569 2069 5638 angelis
2098 5570 2210 5624 suis
2239 5584 2393 5623 man-

823 5646 969 5704 dabit
996 5648 1059 5706 de
1090 5661 1173 5716 te;
1197 5652 1273 5708 ita
1300 5662 1356 5710 et
1381 5670 1528 5710 nunc
1561 5664 1682 5727 post
1708 5658 1862 5724 illud,
1887 5658 2055 5729 Super
2081 5660 2318 5731 aspidem
2342 5671 2393 5716 et

812 5739 1125 5827 basilisca»:
1145 5741 1461 5813 ambalabis,
1483 5756 1533 5803 st
1555 5748 1884 5806 conculcatis
1908 5748 2105 5808 leonem
2128 5762 2177 5808 ct
2204 5751 2397 5806 draco-

890 5864 938 5928 s'
977 5894 1142 5953 Matth
1195 5905 1267 5957 Iv.
1303 5899 1388 5955 ιι.

2498 5038 2632 5089 νειν,
2655 5021 2753 5077 καὶ
2778 5021 2848 5075 τὰ
2876 5018 3112 5075 τοσαῦτα
3146 5019 3309 5092 θηρία
3326 5096 3329 5099 _
3348 5023 3679 5074 καταπατεῖν
3708 5022 3822 5084 τοῖς
3860 5018 4071 5073 θειοτέ-

2496 5132 2612 5187 ροις
2641 5115 2739 5187 τῆς
2762 5112 2945 5168 ἐνθέου
2971 5112 3251 5195 δυνάμεως
3280 5111 3444 5167 αὑτοῦ
3479 5113 3803 5184 βαδίσμασιν
3834 5111 3999 5175 αὐτὸς
4039 5112 4072 5166 6

2495 5208 2685 5280 Σωτὴρ
2716 5207 2961 5276 λέγεται·
2994 5206 3055 5260 τὸ
3094 5206 3151 5259 δὲ
3196 5205 3254 5257 ἐν
3278 5204 3477 5276 μηδενὶ
3518 5205 3905 5278 προσκόπτειν,
3944 5202 4071 5276 μηδ’

2493 5298 2743 5369 ἐμποδὼν
2784 5296 3030 5368 γίνεσθαί
3070 5314 3192 5351 τινα
3240 5298 3361 5360 ταῖς
3392 5295 3872 5367 σωματικωτέραις
3910 5296 4071 5366 ἐνερυ

2493 5389 2668 5458 γείαις
2694 5390 2879 5456 αὐτοῦ,
2909 5388 3128 5460 ἄγγελοι
3153 5388 3252 5459 τὴν
3283 5387 3558 5441 διακονίαν
3581 5386 3895 5458 εἰλήφεσαν.
3926 5382 4070 5439 Ἀλλ’

2496 5480 2685 5554 ὥσπερ
2714 5482 2807 5535 ἐπὶ
2850 5481 2945 5536 τοῦ
2990 5478 3299 5553 σωματικοῦ
3346 5478 3701 5550 σκηνώματος
3743 5477 3911 5532 αὑτοῦ
3953 5475 4046 5530 ἑλέ

2498 5587 2645 5639 γετο,
2685 5570 2920 5637 Μάστιξ
2947 5574 3057 5626 οὐκ
3101 5568 3280 5640 ἐπ·ιεῖ
3308 5569 3379 5623 ἐν
3418 5566 3497 5635 τῷ
3538 5566 3883 5639 σκηνώματι
3924 5579 4069 5649 σου⁹

2498 5664 2596 5716 καὶ
2621 5663 2683 5718 τὸ
2709 5664 3160 5734 αἴτιον-ἐπήγετο
3186 5660 3275 5717 διὰ
3316 5659 3433 5726 τοῦ,
3467 5661 3587 5715 Ὅτι
3624 5659 3749 5727 τοῖς
3789 5657 4075 5731 ἀγγέλοις

2499 5754 2685 5812 αὑτοῦ
2714 5753 3034 5811 ἐντελεῖται
3063 5752 3198 5825 περὶ
3226 5751 3371 5811 σοῦ’
3402 5752 3544 5809 οὕτω
3572 5752 3667 5809 καὶ
3697 5750 3792 5808 νῦν
3816 5749 3956 5823 μετά
3978 5750 4072 5811 τὸ.
