4372 6398
317 523 448 579 1ωὸ

1449 523 1942 578 COMMENTARM
1985 522 2046 575 IN
2087 522 2417 578 PSALMUS.

3369 517 3505 575 1166

321 638 439 690 Ἐπ’
468 637 693 691 ἀσπίδα
723 638 815 690 καὶ
841 639 1207 702 ,ϐασιλίσκον
1236 638 1512 707 ἐπιϐήσῃ,
1546 641 1642 693 καὶ
1674 657 1849 693 κατα-
1883 652 1925 704 Α
1957 657 2047 692 nea

1785 658 1849 693 α-
1883 652 1925 704 Α
1957 656 2092 701 nem,
2156 655 2318 693 causa
2392 655 2608 694 rursum
2672 639 2905 701 additur,
2967 652 3082 706 quae
3131 653 3244 692 rem
3291 653 3398 692 non
3443 640 3508 692 ad

306 729 595 796 πατήσεις
621 728 913 796 δράκοντα
936 731 1031 783 καὶ
1053 730 1288 790 λέοντα,
1321 729 1478 781 πάλιν
1508 731 1539 796 ἡ
1567 730 1712 782 αἰτία
1738 732 1858 780 ἐπι-

306 819 545 886 λέγεται,
579 821 676 872 οὐκ
709 821 792 874 ἐπ’
820 821 1081 889 ἀγγέλους
1116 819 1476 890 ἀναφέρουσα,
1507 820 1619 872 ἀλλ’
1647 823 1731 872 ἐπ’
1766 822 1862 871 αὑ-

307 910 396 962 τὸν
418 910 508 961 τὸν
539 911 814 978 ’Υψιστον,
839 905 898 963 οὗ
927 914 988 964 ἐκ
1021 910 1307 982 προσώπου
1333 910 1598 973 λέλεκται,
1631 912 1748 964 Ὅτι
1768 913 1860 963 ἐπ’

305 999 410 1066 ἐμὲ
443 999 683 1066 ἤλπισε,
708 1001 806 1053 καὶ
831 1003 1090 1069 ῥύσομαι
1121 1001 1325 1053 αὐτόν.
1352 1000 1472 1062 Πῶς
1505 1001 1561 1052 δὲ
1591 1002 1677 1052 ἐπ’
1703 1001 1861 1053 αὑτὸν

303 1091 519 1160 ἤλπισε,
549 1091 832 1162 προλαὸὼν
863 1091 1094 1158 ἐδίδαξεν
1119 1093 1148 1144 ό
1179 1091 1334 1158 λόγος
1362 1090 1526 1144 εἰπών
1551 1107 1563 1120 °
1600 1091 1653 1142 '0
1680 1108 1863 1146 κατοι-

302 1179 427 1234 κῶν
451 1182 520 1233 ἐν
543 1182 793 1250 βοηθείᾳ
830 1182 935 1236 τοῦ
975 1181 1255 1251 Ὑψίστου
1275 1200 1287 1212 ⁸
1319 1183 1433 1245 καὶ,
1471 1181 1622 1250 Ἐρεῒ
1641 1165 1863 1247 261.1(1)-

298 1271 434 1336 pltp'
479 1271 868 1339 Ἀγτιλήπτωρ
907 1289 1025 1340 μου
1072 1269 1144 1336 εἷ,
1179 1271 1278 1325 καὶ
1322 1271 1628 1339 καταφυγή
1656 1289 1793 1339 μου,
1829 1274 1861 1324 ό

305 1362 448 1426 Θεός
479 1379 618 1428 μου,
661 1363 756 1415 καὶ
797 1363 982 1416 ἐλπιῶ
1006 1363 1097 1416 ἐπ’
1140 1363 1342 1416 αὐτόν.
1379 1362 1443 1415 Ἥ
1488 1362 1664 1414 τοίνυν
1689 1361 1858 1412 ἐπινί-

310 1467 428 1514 κιος
457 1452 550 1504 καὶ
577 1453 856 1506 τελευταία
880 1453 1074 1530 πρᾷξις
1100 1453 1237 1523 μετὰ
1264 1453 1453 1515 πάσας,
1472 1453 1566 1514 τὰς
1597 1469 1862 1522 προκατα-

303 1538 582 1609 λεχθείσας
611 1542 704 1594 τοῦ
751 1544 996 1614 Σωτῆρος
1047 1544 1219 1614 ἡμῶν,
1263 1543 1295 1612 ἢ
1342 1545 1435 1595 καὶ
1476 1542 1566 1594 τοῦ
1613 1544 1670 1594 ἐν
1715 1541 1861 1611 αὐτῷ

301 1631 671 1702 τελειουμένου
703 1633 915 1705 ἀνδρὸς,
950 1635 982 1705 ἢ
1013 1637 1106 1687 καὶ
1133 1635 1226 1687 τοῦ
1257 1633 1420 1687 αὑτοῦ
1455 1634 1656 1686 τελείου
1681 1633 1862 1701 σώμα-

301 1737 393 1784 τος
431 1721 530 1790 τῆς
564 1721 882 1792 Ἐκκλησίας
913 1724 1097 1786 αὑτοῦ,
1139 1722 1437 1794 δηλωθεῖσα
1469 1725 1556 1777 διὰ
1582 1723 1697 1786 τοῦ,
1745 1724 1860 1775 Ἐπ’

301 1811 531 1864 ἀσπίδα
557 1811 656 1864 καὶ
677 1813 1052 1875 βασιλίσκον
1077 1814 1358 1882 ἑπιϐήσῃ,
1401 1815 1500 1867 καὶ
1531 1814 1863 1882 καταπατή-

301 1914 434 1966 σεις
477 1899 769 1967 δράκοντα
810 1903 907 1955 καὶ
949 1903 1186 1968 λέοντα,
1226 1906 1324 1974 τὴν
1368 1906 1545 1958 πᾶσαν
1590 1905 1863 1975 ἀναφορὰν

301 1990 517 2060 καὶτῆς
550 1990 702 2059 νίκης
727 1991 824 2059 τὴν
854 1991 1030 2044 αἰτίαν
1054 1993 1144 2044 ἐπὶ
1175 1992 1252 2061 τῷ
1287 1991 1521 2062 ’Υψίστῳ
1555 1974 1852 2062 ἀνατίθησι.
1893 1974 1933 2026 Β

299 2077 393 2128 Διὸ
424 2076 696 2130 λέλεκται·
744 2079 861 2131 Ὅτι
903 2081 996 2132 ἐπ’
1027 2080 1131 2149 ἐμὲ
1178 2081 1420 2149 ἤλπισε,
1463 2082 1559 2134 καὶ
1597 2084 1855 2151 ῥύσομαι

297 2167 504 2234 αὐτὸν,
539 2167 625 2222 ὅτι
649 2169 797 2238 ἔγνω
819 2169 881 2223 τὸ
912 2170 1096 2240 ὄνομα
1116 2190 1253 2241 μου.
1281 2174 1419 2226 Μετ’
1449 2173 1631 2227 αὑτοῦ
1656 2176 1768 2242 ειμι
1789 2176 1857 2226 ἐν

298 2259 521 2327 θλίψει,
545 2259 870 2328 -ὲξελοῦμαι
907 2262 1003 2314 καὶ
1030 2261 1266 2326 δοξάσω
1290 2264 1492 2316 αὐτόν.
1526 2263 1634 2317 Καί
1669 2282 1755 2333 μοι
1777 2264 1857 2316 δο-

299 2351 387 2400 κεῖ
440 2349 560 2402 καθ’
608 2349 800 2421 ἑτέραν
850 2351 1087 2406 διάνοιαν
1138 2355 1171 2423 ἡ
1228 2355 1532 2424 προφητεία
1586 2353 1856 2418 θεσπίζειν

297 2439 474 2491 πάντα
521 2439 609 2492 τὸν
646 2442 845 2512 τρόπον
876 2442 970 2495 τοῦ
1003 2443 1144 2496 κατὰ
1182 2443 1463 2515 ἄνθρωπον
1489 2445 1602 2514 βίου
1627 2445 1719 2496 τοῦ
1746 2446 1854 2495 Σω-

296 2529 464 2600 τῆρος
487 2529 643 2600 ἡμῶν
662 2549 675 2562 ·
702 2531 844 2600 λέγω
867 2532 924 2586 δὲ
943 2533 1034 2586 τὸν
1057 2533 1270 2605 πρῶτον
1302 2535 1620 2606 πειρασμὸν,
1652 2535 1743 2586 καὶ
1765 2534 1855 2585 τὸν

299 2619 440 2671 κατὰ
469 2620 528 2672 τὸ
571 2620 760 2684 πάθος,
797 2624 896 2692 τήν
918 2640 976 2675 τε
1010 2624 1144 2693 μετὰ
1184 2624 1281 2695 τὴν
1305 2625 1452 2677 λύσιν
1483 2625 1575 2677 τοῦ
1612 2626 1855 2694 σώματος

297 2709 390 2761 ὲπ¹ι
413 2711 513 2771 τὰς
556 2711 933 2782 ἀντικειμένας
974 2714 1230 2784 δυνάμεις
1268 2715 1470 2782 ἔφοδον.
1504 2716 1612 2768 Καὶ
1653 2717 1718 2768 τὰ
1759 2716 1856 2785 μὲν

297 2799 492 2869 πρῶτα
526 2799 619 2852 τοῦ
660 2801 905 2872 ψαλμοῦο
951 2805 1248 2874 κοινότερον
1278 2806 1334 2858 δὲ
1364 2806 1505 2859 οὕτω
1547 2806 1784 2874 λεγέσθω
1821 2809 1853 2878 ἡ

301 2888 548 2958 παροῦσα
592 2893 889 2962 προφητεία
929 2893 1019 2946 τὸν
1064 2897 1364 2966 πειρασμὸν
1409 2891 1734 2951 αἰνίττεσθαι
1767 2897 1855 2950 τὸν

298 2980 394 3032 ἐπὶ
435 2980 533 3050 τῆς
584 2982 810 3052 ἐρήμου,
858 2983 917 3036 ὃν
964 2985 1023 3037 ὲν
1070 2989 1180 3050 τοίς
1219 2988 1565 3056 Εὑαγγελίοις
1609 2990 1856 3059 εἰσῆκται

299 3070 580 3141 πειραθεὶς
619 3073 722 3125 ὑπὸ
761 3073 853 3130 τοῦ
884 3074 1159 3129 διαϐόλου·
1205 3078 1272 3131 τὰ
1311 3079 1366 3130 δὲ
1403 3078 1646 3150 δεύτερα,
1681 3081 1737 3131 ὲν
1776 3074 1855 3142 οἷς

300 3160 563 3235 ἀγγέλους
588 3161 944 3220 διακονεῖσθαι
977 3166 1056 3236 τῷ
1079 3168 1242 3221 αὐτοῦ
1278 3168 1487 3238 σώματι
1520 3169 1854 3239 παρέστησεν

297 3252 329 3303 ὀ
353 3252 527 3320 λόγος,
554 3255 652 3325 τὴν
678 3256 817 3309 κατὰ
841 3256 929 3310 τὸν
959 3258 1293 3329 ἀνθρώπινον
1325 3261 1437 3330 βίον
1463 3262 1735 3333 διατριόὴν
1763 3263 1856 3314 αὑ-

297 3340 423 3396 τοῦο
453 3342 522 3395 τὰ
551 3343 607 3396 δὲ
631 3345 806 3415 τρίτα,
842 3347 907 3400 δι’
941 3344 1016 3401 ὦν
1048 3349 1260 3418 λέγεται
1289 3351 1373 3402 ἐπ’
1404 3352 1600 3406 ἀσπίδα
1625 3355 1716 3404 καὶ
1753 3353 1850 3422 βα-

301 3431 536 3485 σιλίσκον
579 3434 982 3506 ἀπιϐεὸηκέναι,
1030 3441 1121 3493 καί
1164 3443 1675 3513 καταπεπατηκέναι
1724 3444 1852 3515 δρά-

299 3537 460 3574 κοντα
495 3523 588 3576 καὶ
631 3523 838 3589 λέοντα,
885 3530 981 3597 τὴν
1016 3531 1153 3598 μετὰ
1191 3532 1280 3584 τὸν
1325 3533 1550 3586 θάνατον
1583 3534 1719 3586 κατὰ
1745 3533 1854 3588 τῶν

296 3610 632 3682 άρχοντικῶν
675 3619 994 3688 πνευμάτων
1035 3621 1214 3692 νίκην·
1253 3623 1370 3691 μεθ’
1397 3623 1434 3676 ἃ
1467 3625 1642 3677 πάντα
1676 3624 1856 3676 ἐπιλέ-

297 3720 482 3771 γεταιο
548 3705 886 3777 Ἐ’ξελοῦμαι
939 3711 1126 3764 αὑτὸν
1183 3713 1280 3766 καὶ
1325 3713 1565 3778 δοξάσω
1623 3717 1808 3768 αὐτόν
1834 3730 1848 3742 ·

295 3797 649 3864 Μακρότητα
681 3798 912 3868 ἡμερῶν
959 3801 1247 3870 ἐμπλήσω
1293 3805 1497 3869 αὐτὸν,
1542 3805 1640 3858 καὶ
1680 3805 1852 3870 δείξω

295 3887 454 3952 αὐτῷ
484 3888 550 3942 τὸ
590 3890 886 3960 σωτήριόν
921 3912 1062 3962 μου,
1091 3896 1188 3966 τῆς
1222 3897 1358 3968 μετὰ
1398 3899 1488 3951 τὸν
1531 3896 1757 3952 θάνατον
1791 3899 1854 3949 ἐκ

294 3981 501 4052 νεκρῶν
545 3985 836 4054 σωτηρίας,
884 3987 976 4039 καὶ
1013 3987 1110 4058 τῆς
1150 3988 1492 4060 μακραίωνος
1520 3990 1610 4042 καὶ
1650 3987 1852 4042 ἀθανά-

1964 728 2182 791 angelos
2210 727 2426 791 referat,
2453 729 2545 784 sed
2573 728 2638 781 ad
2665 729 2838 798 ipsum
2869 728 3224 789 Altissimum,
3248 744 3314 781 ex
3353 729 3511 796 cujus

1963 832 2190 884 persona
2218 815 2437 880 dicitur,
2459 818 2716 882 Quoniam
2746 819 2797 869 in
2829 834 2904 869 me
2928 818 3168 885 speravit,
3209 817 3511 883 ettiberaba

1962 923 2095 959 eum.
2112 905 2389 972 Quomodo
2407 907 2461 960 in
2479 909 2595 976 ipso
2612 909 2921 975 speraverit,
2942 908 3053 975 jam
3082 906 3363 976 Scriptura
3383 907 3512 962 edo-

1963 1012 2085 1051 ccre
2106 1000 2388 1067 occupavit
2416 1000 2502 1054 his
2549 999 2727 1052 verbis
2755 1017 2767 1051 :
2799 998 2902 1064 Qui
2927 998 3129 1051 habitat
3164 999 3217 1050 in
3248 998 3509 1067 adjutorio

1961 1089 2244 1153 Altissimi,
2281 1099 2334 1145 et
2366 1111 2379 1144 :
2416 1091 2563 1144 Dicet
2595 1090 2818 1144 Domino
2855 1089 3176 1160 :Susceptor
3198 1108 3338 1144 meus
3372 1108 3423 1145 es
3455 1103 3509 1145 tu

1961 1189 2010 1233 et
2040 1179 2296 1250 refugium
2331 1197 2522 1247 meum,
2565 1181 2704 1234 Deus
2744 1196 2908 1244 meus,
2938 1188 2987 1232 et
3024 1180 3238 1246 sperabo
3268 1182 3321 1232 in
3369 1196 3504 1234 eum.

1963 1268 2330 1338 Triumphalis
2362 1271 2541 1339 itaque
2592 1281 2645 1325 et
2696 1277 2968 1338 postrema
3021 1271 3184 1333 actio,
3219 1285 3339 1339 quae
3387 1280 3508 1338 post

1963 1359 2066 1411 alia
2092 1369 2388 1414 memorata
2413 1360 2729 1424 Salvatoris,
2765 1368 2858 1413 aut
2909 1360 3009 1413 viri
3048 1360 3104 1413 in
3151 1375 3216 1414 eo
3255 1375 3509 1414 consum-

1963 1446 2113 1507 mati,
2140 1454 2232 1500 aut
2279 1448 2396 1516 ejus
2455 1438 2682 1516 perfecti
2745 1449 3012 1516 corporis,
3067 1447 3180 1502 sive
3234 1447 3507 1512 Ecclesiae.

1961 1547 2110 1604 gesta
2146 1538 2448 1606 signiﬁcata
2479 1539 2531 1589 in
2559 1537 2652 1592 illo
2690 1557 2702 1590 :
2746 1537 2914 1606 Super
2952 1539 3184 1607 aspidem
3226 1550 3275 1591 et
3329 1541 3513 1594 basilit

1962 1642 2110 1677 scum
2134 1628 2448 1690 ambulabis,
2472 1638 2518 1680 et
2543 1627 2868 1681 conrulcabis
2904 1629 3098 1682 leonem
3127 1641 3174 1682 et
3203 1629 3508 1695 draconem;

1961 1721 2095 1780 tota,
2152 1731 2274 1770 cum
2322 1717 2561 1770 victoria:
2632 1731 2817 1781 causa,
2864 1717 3144 1772 Altissimo
3194 1719 3506 1788 ascribitur.

1963 1801 2320 1867 Quamobrem
2351 1805 2549 1858 dicitur
2582 1821 2594 1855 :
2628 1805 2886 1871 Quoniam
2942 1807 2995 1858 in
3047 1822 3126 1860 me
3176 1810 3423 1875 speravit,
3455 1817 3510 1863 et

1966 1894 2192 1948 liberabo
2220 1911 2357 1960 eum,
2386 1897 2628 1963 quoniam
2680 1897 2908 1966 cognovit
2936 1913 3120 1950 nomen
3151 1913 3337 1950 meum.
3374 1895 3508 1950 Cum

1963 1987 2076 2053 ipso
2111 2002 2224 2038 sum
2261 1987 2314 2038 in
2347 1987 2700 2048 tribulatione,
2724 1987 2939 2054 eripiam
2969 2003 3085 2038 eum
3118 1995 3166 2039 et
3199 1987 3505 2056 gloriﬁcabo

1963 2094 2098 2130 eum.
2142 2078 2261 2130 Alio
2290 2079 2416 2130 item
2455 2093 2616 2132 sensu
2646 2078 2924 2146 prophetia
2955 2079 3166 2133 videtur
3203 2081 3332 2132 mihi
3364 2082 3504 2139 vati-

1962 2165 2132 2220 cinari
2167 2181 2382 2220 omnem
2417 2168 2664 2222 humana:
2703 2167 2996 2223 Salvatoris
3029 2171 3199 2224 nostri
3240 2171 3360 2224 vitae
3383 2187 3502 2225 mo-

1960 2259 2116 2322 dum;
2149 2257 2270 2310 dico
2295 2266 2472 2312 autem
2507 2260 2734 2328 primam
2761 2261 3141 2327 tentationem;
3181 2263 3326 2316 illam
3353 2245 3502 2330 item,

1960 2363 2120 2417 quam
2155 2349 2208 2400 in
2252 2349 2507 2417 passione
2549 2351 2835 2416 sustinuit;
2869 2366 2932 2405 ac
2987 2354 3148 2406 etiam
3178 2369 3316 2420 eam,
3341 2371 3502 2424 quam

1960 2447 2082 2507 post
2111 2438 2435 2493 solutionem
2490 2442 2736 2510 corporis
2791 2441 2917 2498 fecit
2946 2452 3137 2498 contra
3169 2446 3505 2502 advel-sarias

1960 2537 2254 2597 potestates
2311 2531 2690 2602 irruptionem.
2724 2532 2788 2586 Et
2846 2534 2958 2588 haec
2991 2535 3206 2605 quidem
3260 2538 3430 2606 prima
3453 2547 3508 2592 et

1960 2624 2225 2692 praecipua
2258 2625 2312 2676 in
2346 2625 2554 2692 psalmo
2599 2632 2726 2679 sunt
2764 2645 2776 2679 :
2811 2627 3100 2696 vulgariori
3133 2635 3310 2682 autem
3357 2644 3507 2684 more

1959 2713 2170 2766 dicatur
2200 2713 2313 2766 haec
2344 2714 2624 2782 prophetia
2675 2716 3028 2769 tentationem
3082 2717 3136 2769 in
3191 2718 3404 2772 deserto
3429 2721 3506 2774 si-

1960 2805 2236 2876 gniﬁcare,
2271 2820 2375 2874 qua
2418 2812 2660 2860 tentatus
2689 2821 2812 2861 esse
2842 2821 2871 2858 a
2907 2806 3124 2861 diabolo
3171 2816 3424 2862 narratur
3444 2810 3503 2863 in

1960 2895 2279 2967 Evangelio;
2313 2895 2547 2951 secunda
2577 2911 2723 2960 vero,
2752 2896 2946 2967 quibus
2981 2898 3200 2966 angelos
3225 2898 3341 2966 ejus
3373 2913 3499 2954 cor-

1960 2988 2077 3057 pori
2122 2988 2462 3041 ministrasse
2514 2985 2858 3053 declaratur,
2881 2985 2997 3055 ejus
3035 2987 3088 3040 in
3135 2987 3366 3042 humana
3392 2989 3500 3043 vita

1960 3078 2421 3132 conversationem
2457 3076 2734 3144 indicant;
2768 3078 2926 3132 tertia
2955 3087 3157 3143 autem,
3199 3080 3394 3148 quibus
3418 3081 3500 3135 di-

1958 3169 2119 3228 citur,
2140 3182 2261 3221 eum
2292 3182 2455 3236 super
2477 3167 2720 3236 aspidem
2749 3176 2802 3221 et
2832 3168 3144 3223 basiliscum
3171 3170 3496 3234 ambulasse,

1957 3266 2011 3311 et
2032 3256 2383 3311 conculcasse
2436 3258 2641 3312 leonem
2689 3266 2743 3313 et
2793 3259 3105 3322 draconem,
3141 3260 3314 3330 ipsum
3376 3272 3499 3332 post

1956 3358 2180 3404 mortem
2214 3348 2282 3403 de
2310 3349 2648 3418 principibus
2677 3332 2960 3418 spiritibus
2984 3351 3265 3406 victoriam
3311 3367 3501 3423 repor-

1956 3451 2102 3496 tasse
2134 3446 2392 3505 narrant;
2427 3448 2548 3509 post
2569 3455 2689 3509 qua
2720 3440 2899 3493 omnia
2919 3441 3173 3510 adjicitur
3206 3457 3219 3492 :
3261 3442 3502 3512 Eripiam

1921 3542 1926 3547 '
1957 3536 2073 3587 eum
2099 3543 2148 3586 et
2176 3531 2482 3603 gloriﬁcabo
2506 3547 2640 3585 eum.
2672 3529 3016 3599 Longitudine
3046 3533 3247 3584 dierum
3295 3534 3500 3599 replebo

1959 3639 2096 3688 eum,
2122 3631 2172 3676 et
2192 3621 2460 3676 ostendam
2482 3620 2565 3673 illi
2594 3620 2826 3673 salutare
2864 3636 3066 3684 meum;
3096 3621 3296 3690 quibus
3317 3621 3498 3675 decla-

1956 3721 2040 3765 rat
2071 3711 2190 3778 ejus
2219 3718 2339 3779 post
2360 3710 2567 3764 obitum
2598 3711 3050 3765 resurremionem
3075 3725 3140 3766 ex
3183 3711 3410 3764 mortuis
3444 3723 3500 3766 et

1958 3805 2208 3866 salutem,
2242 3801 2534 3871 longmvam
2563 3809 2618 3856 et
2647 3801 3003 3856 immortalem
3039 3804 3225 3866 vitam,
3260 3803 3496 3857 divinam

1958 3895 2208 3964 gloriam,
2253 3900 2309 3946 et
2363 3892 2624 3946 honorem
2681 3907 3012 3962 regnumque
3073 3893 3215 3962 apud
3282 3892 3495 3950 Patrem

1960 3991 2291 4052 susceptum.

291 4087 388 4126 του
441 4073 607 4145 ζωῆς,
648 4076 743 4147 τῆς
785 4093 843 4129 τε
891 4076 1071 4131 ἐνθέου
1115 4078 1271 4149 δόξης
1319 4081 1412 4132 καὶ
1456 4080 1555 4151 τῆς
1603 4080 1750 4151 παρὰ
1780 4077 1859 4149 τῷ
1894 4077 2066 4147 Πατρὶ
2110 4074 2272 4143 τιμῆς
2309 4088 2368 4123 τε
2409 4089 2502 4124 και
2549 4071 2820 4141 βασιλείας
2856 4073 2943 4124 διὰ
2983 4073 3184 4127 τούτων
3236 4092 3498 4147 παριστα-

296 4164 484 4234 μένης.

291 4274 582 4328 ramos
617 4254 828 4346 uaris,
867 4277 1478 4415 ELETJII‘lNHEMEPAN
1517 4280 1652 4334 Tur
1690 4278 1843 4332 me.

374 4436 610 4506 Ἀγαθὸν
641 4437 703 4490 τό
722 4437 1200 4509 ἐξομολογεῖσθαι
1219 4441 1297 4507 τῷ
1321 4445 1533 4510 Κυρίῳ,
1561 4445 1655 4500 καὶ
1686 4445 1842 4514 ψάλ-

290 4529 423 4579 λειν
460 4524 540 4590 τῷ
571 4528 814 4595 ὀνόματί
854 4545 990 4592 σου,
1024 4529 1289 4598 Ὗψιστε,
1319 4533 1425 4586 τοῦ
1455 4535 1848 4604 drum-udam

289 4615 358 4669 τὸ
379 4617 528 4684 πρωῒ
555 4617 618 4672 τὸ
640 4618 811 4684 ἔλεός
842 4633 956 4674 σου
981 4621 1077 4674 καὶ
1105 4622 1218 4690 τὴν
1247 4624 1535 4693 ἀλήθειάν
1557 4643 1673 4682 σου
1700 4628 1848 4682 κατὰ

287 4710 498 4774 νύκτα,
527 4710 596 4763 ἐν
621 4709 955 4779 δεκαχόρδῳ
986 4715 1294 4782 ψαλτηρίῳ
1319 4718 1443 4785 μετ’
1475 4717 1634 4785 ᾠδῆς
1662 4719 1732 4771 ἐν
1761 4736 1845 4772 κι-

289 4798 461 4866 θάρᾳ.
491 4799 601 4863 Τὰς
637 4800 744 4854 τῶν
777 4801 1064 4857 Σαϐϐάτων
1095 4805 1301 4876 ἡμέρας
1344 4807 1393 4858 οἱ
1426 4806 1532 4877 πρὸ
1573 4807 1844 4870 Μωῦσέως

287 4891 482 4944 δίκαιοι
527 4892 620 4944 καὶ
659 4891 919 4960 θεοφιλεῖς
955 4895 1145 4967 ἄνδρες
1182 4897 1291 4950 οὕτ⁹
1319 4897 1538 4968 ᾔδεσαν,
1564 4895 1674 4950 οὔτ’
1713 4897 1844 4965 ἐφύ-

288 4981 496 5034 λαττον.
525 4979 651 5034 Οῠτ’
695 4980 789 5037 οὖν
818 4985 976 5048 αὐτὸς
1017 4986 1278 5058 Ἀϐραὰμ,
1312 4987 1433 5041 οὔτε
1477 4989 1675 5050 Ἰσαὰκ,
1718 4985 1841 5040 οὔτε

302 5070 513 5134 Ἰακὼϐ,
534 5072 655 5125 οὔτε
690 5077 739 5128 οἱ
774 5076 962 5130 τούτου
1005 5079 1207 5144 παῖδες,
1237 5079 1350 5132 ἀλλ’
1381 5079 1500 5132 οὐδὲ
1531 5080 1580 5131 ol
1614 5077 1691 5130 ἔτι
1717 5079 1840 5130 τού-

285 5181 392 5219 των
436 5161 511 5232 τῷ
564 5164 739 5234 χρόνῳ
785 5167 1125 5240 παλαιότεροι
1173 5171 1447 5239 φαίνονται
1490 5167 1839 5236 γινώσκοντες

287 5258 497 5329 ἡμέραν
523 5255 815 5310 Σαὸδάτου.
857 5260 1008 5312 Ἐπεὶ
1032 5261 1209 5313 τοίνυν
1234 5261 1282 5312 οἱ
1319 5262 1382 5313 ὲκ
1415 5259 1731 5330 περιτομῆς,
1764 5260 1839 5322 ὼς

287 5350 428 5419 μέγα
454 5363 504 5400 τι
536 5347 939 5416 κατορθοῦντες,
966 5350 1036 5403 τὰ
1061 5350 1308 5404 Σάὸὅατα
1331 5350 1611 5418 φυλάττειν
1647 5351 1840 5420 ἡγοῦν-

286 5458 397 5505 ται,
425 5438 460 5492 ἃ
489 5437 607 5490 οὐδὲ
647 5437 968 5506 φυλάττουσι
1001 5442 1142 5496 κατὰ
1167 5442 1227 5494 τὸ
1253 5441 1494 5512 βούλημα
1524 5439 1617 5494 τοῦ
1649 5442 1832 5510 νόμου,

287 5526 618 5600 παραθετέον
647 5526 827 5590 αὐτοῖς
869 5529 942 5580 τὰ
977 5531 1256 5601 εἰρημένα.
1302 5532 1409 5583 Καὶ
1448 5528 1632 5600 ἐπειδὴ
1673 5531 1839 5584 κατά-

286 5637 484 5674 παυσιν
512 5617 758 5688 σημαίνει
786 5619 846 5671 τὸ
874 5619 1164 5686 Σάϐϐατον,
1191 5622 1496 5694 γέγραπται
1530 5621 1658 5689 γοῦν
1682 5639 1696 5653 ⁶
1725 5623 1835 5677 Καὶ

285 5709 661 5762 κατέπαυσεν
697 5710 730 5760 ό
763 5709 904 5774 Θεὸς
944 5709 1015 5763 ἐν
1040 5710 1114 5780 τῇ
1143 5713 1329 5782 ἡμέρᾳ
1366 5711 1439 5781 τῇ
1473 5709 1516 5771 ζ’
1536 5711 1653 5766 ἀπὸ
1689 5713 1836 5764 πάν-

286 5816 400 5852 των
437 5797 551 5852 τῶν
578 5798 762 5866 ἔργων
796 5800 998 5870 αὑτοῦ,
1032 5796 1118 5860 ὧν
1143 5803 1406 5875 ἐποίησε,
1450 5801 1544 5856 καὶ
1569 5801 1834 5876 ᾐτίασεν

355 5917 398 5947 ⁸⁷
438 5913 568 5969 Gen.
605 5931 680 5983 ιι,
710 5915 778 5983 2,
812 5917 866 5974 5.

1987 4267 2305 4330 PSALMUS
2352 4267 2646 4336 CANTICI,
2683 4270 2748 4326 IN
2807 4271 2917 4327 DIE
2977 4273 3281 4332 SABBATI.
3319 4277 3459 4337 XCI.

2019 4432 2185 4488 Vens.
2221 4431 2277 4495 2,
2309 4431 2362 4485 '5.
2405 4428 2608 4482 Bonum
2635 4437 2712 4482 est
2740 4429 2976 4498 conﬁteri
3006 4429 3247 4496 Domino,
3280 4442 3329 4487 et
3350 4437 3496 4504 psat.

1950 4529 2056 4580 lere
2077 4523 2275 4578 nomini
2304 4532 2415 4586 tuo,
2455 4520 2742 4587 Altissinte,
2775 4519 2844 4571 ad
2889 4522 3303 4575 annuntiandum
3343 4541 3496 4580 mana

1949 4615 2363 4672 misericordiam
2388 4624 2553 4676 tuam,
2583 4621 2631 4663 et
2674 4612 2939 4664 veritatem
2964 4621 3106 4663 tuam
3142 4627 3230 4679 per
3261 4625 3488 4684 noctem,

1950 4710 2005 4761 in
2030 4705 2354 4761 decachordo
2389 4703 2634 4771 psalterio
2671 4716 2788 4753 cum
2817 4701 3018 4752 cantico
3041 4701 3094 4753 in
3135 4703 3357 4761 cithara.
3389 4706 3493 4774 Qui

1947 4806 2072 4852 ante
2125 4795 2362 4867 Moysem
2404 4800 2560 4848 erant
2601 4790 2736 4860 justi
2792 4804 2855 4844 ac
2913 4792 3146 4862 religiosi
3200 4796 3323 4860 viri,
3375 4799 3492 4854 dies

1949 4890 2311 4945 Sabbatorum
2360 4899 2469 4939 non
2517 4891 2712 4938 norant
2769 4896 2870 4937 nec
2932 4884 3334 4942 custodiebant.
3383 4889 3494 4945 Nec

1944 4980 2089 5034 enim
2124 4979 2414 5038 Abraham,
2448 4989 2625 5044 neque
2667 4974 2834 5039 Isaac,
2881 4989 3056 5045 neque
3093 4976 3281 5044 Jacob,
3316 4996 3491 5050 neque

1945 5073 2062 5141 ejus
2121 5071 2235 5132 lilii,
2261 5083 2435 5137 neque
2484 5068 2645 5122 etiam
2694 5066 2785 5136 qui
2837 5066 2904 5121 iis
2950 5068 3281 5143 antiquiores
3309 5082 3483 5134 erant,

1944 5163 2084 5216 diem
2117 5158 2333 5214 Sabbati
2360 5159 2577 5212 novisse
2606 5157 2876 5211 videntur.
2918 5157 3053 5224 Quia
3089 5161 3251 5230 igitur
3297 5163 3388 5230 qui
3420 5178 3486 5214 ex

1944 5250 2362 5306 circumcisione
2411 5259 2561 5316 sunt,
2592 5249 2746 5317 quasi
2800 5249 2978 5319 magni
3029 5251 3300 5320 quidpiam
3344 5266 3485 5320 pra:-

1944 5349 2107 5406 stent,
2144 5355 2201 5394 se
2230 5338 2464 5392 Sabbata
2510 5353 2726 5393 servare
2771 5343 2982 5407 putant,
3014 5353 3133 5407 que
3166 5345 3345 5392 tamen
3400 5355 3484 5394 se-

1943 5431 2180 5486 cundum
2241 5427 2374 5496 legis
2437 5438 2671 5485 mentem
2736 5444 2844 5482 non
2894 5428 3228 5492 custodiunt,
3289 5430 3484 5498 psalmi

1938 5523 2084 5578 dicta
2114 5517 2246 5590 ipsis
2269 5524 2398 5572 sunt
2431 5517 2770 5588 exponenda.
2802 5517 2866 5570 Et
2899 5517 3024 5586 quia
3063 5515 3352 5572 Sabbatum
3391 5534 3481 5572 re-

1939 5617 2119 5685 quiem
2173 5608 2477 5678 signilicat;
2513 5623 2637 5661 nam
2687 5609 2947 5677 scriptum
2971 5617 3056 5663 est
3087 5628 3099 5662 :
3133 5608 3206 5664 Et
3242 5609 3482 5678 requievit

1938 5707 2078 5762 Deus
2101 5704 2184 5758 die
2231 5699 2451 5770 septimo
2481 5698 2546 5751 ab
2585 5699 2820 5753 omnibus
2844 5701 3083 5767 operibus
3128 5703 3237 5754 suis
3261 5716 3376 5769 que
3405 5707 3480 5767 ιε-

1936 5811 2099 5865 cerat,
2135 5808 2184 5853 et
2217 5793 2562 5862 sanctiﬁcarit
2596 5791 2743 5846 illum
2774 5794 2839 5860 ⁹⁷;
2872 5793 3021 5850 dicas
3064 5810 3194 5851 sane
3243 5793 3336 5850 Dei
3398 5809 3483 5849 re-
