4372 6416
872 510 1006 567 HG;

1626 512 1887 566 EUSEBII
1926 510 2395 567 CAiSARIENSIS
2432 510 2577 565 OPP.
2617 511 2789 565 PARS
2828 511 2914 567 lll.
2954 544 3021 552 -—
3060 511 3458 565 EXECETICA.

3902 511 4031 565 “68

874 629 1052 697 quiem
1114 628 1573 688 considcrainlam,
1627 622 1920 696 verumque
1972 626 2261 680 Sabbatum
2307 641 2403 695 pro
2434 631 2473 685 Α
2502 627 2600 676 αὐτ

2307 641 2403 695 pro
2434 631 2473 685 Α
2502 622 2719 689 αὑτήν·
2754 626 2915 695 ἐρεῖς,
2949 626 3029 677 ὅτι
3070 627 3327 695 προσήκει
3366 629 3548 695 νοῆσαι
3593 625 3724 677 Θεοῦ
3756 628 4031 677 κατάπαυ-

875 718 1130 786 dignitate
1162 716 1251 769 Dei
1290 716 1661 785 accipiendum
1700 732 1843 769 esse.
1886 716 1954 781 At
1996 716 2138 768 enim
2170 716 2406 769 declarat

873 809 982 872 ille,
1013 808 1205 876 impios
1238 808 1481 861 homines
1510 822 1618 861 non
1679 807 2023 875 ingressuros
2067 820 2188 860 esse
2238 805 2290 857 in
2321 821 2407 858 re-

872 898 1046 966 quiem
1080 897 1273 965 ipsius,
1298 897 1352 949 in
1380 896 1603 965 psalmis
1634 896 1759 948 talia
1780 895 1919 949 fatus
1949 910 1963 945 :
1995 894 2203 961 Semper
2230 902 2407 947 errant
2448 960 2451 963 Ἴ

871 989 1045 1041 corde.
1081 986 1196 1055 Ipsi
1239 1002 1356 1039 vero
1406 1002 1507 1039 non
1548 993 1889 1053 cognoverunt
1920 986 2030 1039 aias
2080 1000 2242 1046 meas,
2274 985 2408 1036 sicut

870 1077 1041 1143 iuravi
1070 1080 1122 1129 in
1154 1079 1235 1130 ira
1266 1093 1400 1140 mea,
1437 1077 1483 1129 si
1508 1075 1791 1131 introibant
1820 1076 1875 1128 in
1905 1076 2128 1144 requiem
2156 1091 2321 1128 meam
2339 1074 2402 1128 π.

864 1168 1100 1224 Necesse
1126 1169 1287 1238 igitur
1310 1176 1392 1222 est
1421 1165 1654 1222 Sabbata
1710 1165 1805 1220 Dei
1851 1165 2145 1221 secundum
2175 1175 2405 1221 mentem

868 1257 1134 1326 accipere,
1181 1268 1236 1311 et
1262 1256 1370 1310 Deo
1427 1264 1809 1326 congruentem
1865 1256 2104 1323 requiem
2148 1255 2404 1325 cogitare,

812 1366 823 1395 ς
867 1362 973 1418 qua
1026 1347 1177 1417 impii
1201 1362 1307 1401 non
1362 1347 1652 1412 donantur,
1702 1345 1797 1401 sed
1857 1346 1956 1400 soli
2015 1344 2148 1413 justi
2194 1360 2256 1398 ac
2315 1344 2408 1398 Dei

856 1437 1046 1491 amici.
1084 1438 1162 1491 lta
1198 1436 1340 1491 enim
1376 1436 1670 1490 dixerimus
1703 1434 1991 1493 Abraham,
2028 1431 2198 1495 Isaac,
2241 1430 2408 1486 Jacob

867 1535 922 1583 et
943 1540 1128 1581 omnes
1151 1530 1413 1594 quotquOt
1446 1530 1571 1577 ante
1602 1529 1656 1576 et
1706 1528 1829 1590 post
1883 1521 2003 1575 illos
2048 1520 2141 1575 Dei
2170 1520 2406 1574 cultores

870 1616 1039 1680 fuere,
1079 1616 1414 1687 intelligendi
1439 1630 1587 1670 more
1626 1616 1800 1669 solum
1850 1615 2069 1669 novisse
2123 1627 2185 1667 ac
2225 1622 2405 1667 custo-

868 1706 1012 1761 disse
1059 1703 1291 1760 Sabbata
1348 1704 1463 1770 Dei,
1497 1712 1552 1758 et
1593 1704 1864 1774 ingressos
1894 1718 2013 1759 esse
2060 1703 2117 1757 in
2165 1693 2403 1769 requiem

868 1797 1005 1865 ejus.
1033 1794 1171 1862 Quid
1195 1797 1358 1867 igitur
1400 1795 1667 1865 signiticet
1723 1794 2036 1865 Sabbatum,
2078 1793 2405 1863 perpendere

868 1890 1235 1945 necessarium
1294 1898 1399 1944 est.
1461 1887 1755 1942 Sabbatum
1822 1901 1941 1940 esse
2010 1885 2249 1953 requiem
2311 1883 2403 1937 Dei

870 1980 1148 2049 Scriptura
1177 1979 1439 2057 declarat,
1490 1990 1651 2046 quam
1677 1981 1798 2044 post
1855 1971 2194 2027 sensibilium
2253 1984 2404 2023 crea-
2436 1961 2476 2015 Β

866 2074 1067 2127 tionem
1103 2070 1328 2123 inducit.
1382 2067 1478 2122 Dei
1508 2081 1634 2121 vero
1694 2064 1907 2133 requies
1936 2078 2053 2131 qua:
2086 2062 2188 2113 alia
2223 2059 2402 2123 fuerit,

866 2163 972 2218 nisi
1000 2160 1336 2217 c0nversatio
1382 2160 1436 2212 in
1493 2155 1916 2225 intelligibilibus
1968 2161 2022 2207 et
2074 2150 2401 2205 cmlestibus.

866 2253 999 2308 Nam
1050 2266 1172 2306 cum
1224 2246 1573 2304 sensibilibus
1630 2244 1910 2315 prospicit,
1942 2250 1997 2297 et
2050 2242 2197 2296 circa
2242 2255 2404 2311 opera

865 2342 1217 2414 providentia:
1240 2336 1427 2391 mundi
1474 2344 1740 2398 versatur,
1769 2341 1898 2386 tunc
1930 2331 2127 2385 dicitur
2156 2329 2403 2400 operari;

866 2434 1122 2504 atquesic
1139 2428 1537 2499 intelligendum
1556 2428 1654 2480 hoc
1672 2424 1960 2478 Salvatoris
1974 2424 2143 2477 nostri
2166 2422 2367 2476 dictum
2388 2439 2402 2476 :

866 2525 1029 2579 Pater
1057 2539 1198 2575 meus
1244 2536 1401 2587 usque
1434 2520 1584 2570 modo
1617 2528 1860 2585 operatur
1897 2524 1944 2568 et
1983 2532 2073 2584 ego
2110 2529 2291 2583 operor
2308 2513 2352 2544 ”
2386 2532 2401 2566 :

866 2630 988 2669 cum
1018 2624 1193 2667 autem
1224 2613 1365 2665 circa
1409 2624 1568 2678 opera
1599 2609 1932 2675 incorporea,
1961 2614 2013 2661 et
2039 2605 2299 2667 caelestia,
2330 2610 2403 2668 et,

868 2717 926 2760 ut
957 2705 1078 2775 quis
1118 2703 1332 2764 dixerit,
1364 2701 1505 2755 circa
1532 2684 1648 2753 eam
1678 2712 1797 2767 qua:
1849 2695 1923 2750 ibi
1971 2696 2174 2766 geritur
2226 2707 2406 2748 rerum

867 2793 1357 2851 considerationem
1404 2798 1673 2854 versatur,
1716 2796 1846 2843 tunc
1894 2787 2132 2856 requiem
2180 2784 2402 2845 habere,

866 2901 920 2944 et
954 2887 1246 2941 Sabbatum
1291 2898 1446 2938 suum
1498 2897 1655 2952 agere
1710 2880 2042 2948 intelligitur.
2094 2874 2289 2928 Eadem
2318 2890 2408 2927 ra-

867 2982 1011 3035 tione
1040 2978 1202 3046 igitur
1224 2976 1325 3029 viri
1358 2989 1571 3043 quoque
1605 2971 1721 3038 Dei,
1746 2970 1962 3040 quando
2010 2968 2265 3038 operibus
2289 2964 2407 3019 ani-

866 3082 1008 3121 mam
1038 3064 1459 3133 defatigantibus
1496 3062 1646 3130 (talia
1675 3075 1802 3115 vero
1828 3065 1956 3135 sunt
2002 3057 2182 3111 omnia
2210 3071 2405 3121 corpo-

860 3170 980 3221 rea,
1010 3160 1064 3211 et
1093 3160 1318 3207 terrenae
1345 3150 1523 3203 carnis
1554 3148 1748 3218 amica)
1773 3146 2005 3210 liberati,
2054 3144 2163 3201 Deo
2184 3160 2407 3216 prorsus

865 3252 1081 3306 vacant,
1114 3257 1178 3296 ac
1206 3241 1512 3295 divinorum
1558 3236 2025 3308 spiritualiumque
2076 3235 2408 3305 contempla-

867 3334 1003 3390 tioni
1036 3330 1203 3387 dediti
1258 3336 1404 3391 sunt,
1446 3336 1572 3381 tunc
1635 3334 1853 3396 accepta
1901 3324 2010 3381 Deo
2061 3325 2317 3389 Sabbata,
2353 3332 2406 3379 et

867 3426 1106 3496 requiem
1141 3422 1367 3477 Domino
1384 3419 1491 3474 Deo
1520 3426 1704 3490 agunt.
1735 3416 1809 3472 De
1862 3418 1946 3473 bis
1993 3432 2122 3473 vero
2156 3415 2405 3471 Sabbatis

867 3517 971 3571 hoc
1002 3516 1077 3568 ait
1112 3532 1126 3567 ι
1150 3510 1303 3565 Nunc
1324 3510 1633 3579 relinquitur
1659 3507 2003 3562 sabbatismus
2025 3505 2211 3575 populo
2242 3504 2407 3557 Dei‘?

867 3612 921 3660 et
946 3618 1164 3658 rursum
1193 3621 1206 3656 :
1232 3600 1555 3654 Festiuemus
1600 3599 1760 3667 igitur
1808 3596 2008 3667 ingredi
2054 3596 2104 3647 in
2135 3595 2285 3648 illam
2323 3610 2406 3647 re-

866 3697 1086 3767 quiem'.
1122 3691 1255 3745 Nam
1305 3690 1597 3761 perfectum
1627 3689 1919 3743 Sabbatum
1944 3694 1997 3741 et
2025 3685 2258 3756 perlecta
2283 3686 2402 3739 bea-

865 3786 1186 3852 tissimaque
1228 3781 1442 3849 requies
1476 3781 1531 3834 in
1581 3794 1748 3849 regno
1792 3777 1905 3843 Dei,
1953 3792 2117 3847 supra
2168 3793 2261 3832 sex
2288 3777 2404 3831 die-

868 3892 992 3931 rum
1025 3874 1321 3945 Opilicium,
1351 3872 1585 3935 exsistit,
1615 3878 1668 3926 et
1716 3878 1869 3926 extra
1898 3873 2081 3926 omnia
2130 3870 2405 3926 sensibilia

871 3970 925 4021 in
984 3966 1317 4036 incorporeis
1371 3974 1424 4018 et
1473 3962 1783 4018 ccelestibus
1824 3970 2091 4026 versatur,
2120 3962 2261 4016 unde
2310 3977 2408 4015 au-

840 4040 1005 4126 f'fugit
1061 4054 1233 4119 dolor,
1288 4054 1505 4107 tristitia
1548 4059 1601 4107 et
1658 4052 1921 4122 gemitus;
1974 4052 2063 4105 ubi
2112 4065 2142 4104 a
2192 4051 2407 4104 mortali

869 4154 926 4201 ct
974 4145 1303 4214 corruptioni
1354 4145 1584 4199 obnoxia
1624 4145 1734 4198 vita
1788 4144 1977 4212 erepti,
2021 4152 2183 4212 atque
2236 4143 2405 4197 otium

870 4232 983 4290 Deo
1027 4242 1237 4306 gratum
1272 4248 1333 4288 ac
1374 4234 1584 4287 beatum
1616 4244 1854 4303 agentes,
1875 4243 1929 4287 et
1958 4249 1990 4287 a
2039 4235 2282 4303 corporis
2313 4249 2407 4287 ac-

870 4325 1113 4379 tionibus
1167 4330 1327 4393 atque
1371 4336 1401 4375 a
1456 4322 1712 4376 servitute
1776 4322 1957 4377 carnis
2014 4322 2249 4385 liberati,
2284 4337 2406 4377 cum

874 4421 993 4489 ipso
1027 4414 1134 4470 Deo
1167 4422 1219 4470 et
1251 4412 1391 4485 apud
1445 4413 1619 4482 ipsum
1666 4422 1964 4477 versantes,
2022 4412 2314 4466 Sabbatum
2355 4421 2409 4467 et

871 4510 1111 4580 requiem
1136 4520 1371 4577 agemus.
1422 4504 1777 4570 Quamobrem
1822 4504 1896 4557 ait
1940 4503 2230 4573 Apostolus
2265 4501 2410 4557 :Fe—

2469 732 2473 736 ’
2506 734 2605 775 σιν,
2647 718 2737 769 καὶ
2771 717 2830 766 τὸ
2867 716 3113 790 ἀληθινὸν
3152 717 3416 769 Σάϐϐατόν
3468 714 3773 780 ἐκδέξασθαι
3805 714 4038 778 ἐπαξίως

2500 807 2593 859 τοῦ
2644 806 2794 859 Θεοῦ.
2846 808 2980 869 Τοὺς
3026 807 3131 876 γὰρ
3181 806 3394 867 ἀσεϐεῖς
3437 805 3747 876 ἀνθρώπους
3791 804 3921 874 φησί
3964 804 4036 874 μὴ

2503 896 2891 949 εἰσελεύσεσθαι
2937 899 3015 960 εἰς
3052 897 3147 967 τὴν
3186 898 3518 950 κατάπαυσιν
3560 896 3719 949 αὑτοῦ
3764 896 3934 963 λέγων
3982 897 4038 949 ὲν

2502 984 2748 1055 ψαλμοῖς,
2792 986 2895 1039 ’Δεί
2923 986 3259 1040 πλανῶνται
3282 984 3358 1053 τῇ
3385 985 3608 1052 καρδίᾳ.
3636 984 3811 1039 Αὐτοὶ
3835 984 3902 1036 δὲ
3931 985 4039 1039 οὐκ

2503 1076 2773 1144 ἔγνωσαν
2812 1076 2917 1142 τὰς
2949 1077 3124 1142 ὁδούς
3164 1074 3423 1145 immite
3452 1075 3654 1145 ὤμοσα
3690 1076 3760 1128 ἐν
3786 1072 3861 1141 fil
3896 1072 4039 1143 έρτῆ

2498 1184 2638 1236 μου,
2662 1169 2715 1220 εἰ
2754 1168 3195 1221 εἰσελεύσονται
3223 1170 3309 1233 εἰς
3354 1167 3469 1234 τὴν
3506 1165 3881 1220 κατάπαυσίν
3902 1181 4035 1232 μου.

2505 1257 2709 1312 Οὐκοῦν
2747 1258 3036 1326 ἀναγκαῖον
3074 1257 3211 1310 κατά
3249 1258 3478 1311 διάνοιαν
3523 1256 3765 1311 ἑκλαϐεῖν
3797 1253 4042 1307 Σάϐϐατα

2503 1347 2657 1411 Θεοῦ,
2702 1348 2794 1401 καὶ
2836 1348 3137 1401 ἀνάπαυσιν
3182 1346 3299 1417 Θεῷ
3345 1347 3675 1417 πρέπουσαν,
3716 1340 3783 1416 ἧς
3832 1343 4043 1409 ἀσεϐεῖς

2508 1437 2604 1505 μὲν
2645 1435 2744 1487 οὐκ
2774 1434 3067 1499 ἀξιοῦνται,
3101 1435 3247 1505 μόνοι
3283 1434 3338 1486 δὲ
3367 1436 3415 1486 οἱ
3448 1434 3636 1487 δίκαιοι
3664 1432 3872 1486 καὶτοῦ
3912 1430 4041 1483 Θεοῦ

2505 1524 2661 1592 φίλοι.
2690 1524 2840 1578 Οὕτω
2870 1523 2998 1593 γοῦν
3035 1525 3275 1596 είποιμεν
3300 1512 3375 1579 ἀν’
3394 1526 3486 1578 καὶ
3524 1524 3614 1577 τὸν
3648 1523 3912 1594 Ἁϐραάμ,
3948 1520 4037 1573 καὶ

2502 1616 2591 1669 τὸν
2631 1616 2826 1681 Ἰσαὰκ,
2855 1616 2947 1670 καὶ
2982 1617 3071 1669 τὸν
3103 1616 3316 1680 Ἰακὼϐ,
3350 1617 3472 1680 τούς
3503 1634 3561 1669 τε
3594 1616 3698 1687 πρὸ
3732 1614 3907 1667 αὐτῶν
3942 1612 4036 1665 καὶ

2507 1709 2621 1778 μετ’
2648 1692 2842 1770 αὐτοὺς
2869 1707 3132 1776 Θεοφιλεῖς
3163 1707 3367 1770 πάντας
3397 1706 3534 1761 κατά
3565 1707 3796 1760 διάνοιαν
3820 1700 4041 1770 ἐγνωκέ-
4064 1716 4068 1719 ‘

2502 1818 2585 1852 ναι
2614 1800 2706 1851 καὶ
2732 1798 3092 1867 πεφυλαχέναι
3117 1799 3184 1851 τά
3223 1798 3469 1852 Σάϐϐατα
3496 1798 3588 1851 τοῦ
3614 1797 3765 1859 Θεοῦ,
3808 1794 3902 1847 καὶ
3928 1795 4038 1846 εἰσ-

2506 1889 2811 1959 εληλυθέναι
2847 1891 2924 1950 εἰς
2950 1888 3043 1959 τὴν
3076 1890 3409 1942 κατάπαυσιν
3431 1888 3613 1941 αὑτοῦ.
3647 1886 3711 1939 Τί
3735 1885 3797 1956 δὴ
3827 1881 3916 1938 οὖν
3950 1901 4041 1953 ση-

2508 1978 2681 2047 μαίνει
2720 1979 2780 2030 τὸ
2820 1977 3108 2049 Σάϐϐατον,
3144 1979 3432 2045 ἀναγκαῖον
3464 1976 3763 2046 ἐπιστῆσαι.
3804 1975 3861 2027 '0
3888 1974 4042 2042 λόγος

2504 2067 2798 2120 ἀνάπαυσιν
2835 2067 2981 2137 δηλοῖ
3018 2067 3181 2120 Θεοῦ·
3224 2068 3426 2134 εἰσάγει
3456 2083 3514 2117 τε
3548 2064 3747 2136 ταύτην
3789 2063 3923 2135 μετά
3947 2063 4071 2132 τὴν

2502 2157 2607 2209 τῶν
2642 2156 2907 2227 αἰσθητῶν
2958 2157 3325 2228 κοσμοποιίαν.
3364 2153 3497 2208 Θεοῦ
3544 2155 3600 2208 δὲ
3642 2155 3940 2216 ἀνάπαυσις
3964 2154 4045 2215 τίς

2504 2246 2569 2301 ἂν
2590 2249 2792 2315 γένοιτο
2820 2249 2976 2317 ἑτέρα
3003 2249 3100 2318 τῆς
3132 2246 3264 2318 πρὸς
3297 2249 3406 2309 τοῖς
3448 2247 3652 2315 νοητοῖς
3674 2246 3766 2299 καὶ
3816 2246 4042 2315 ὑπερκο-

2507 2338 2683 2407 σμίοις
2733 2338 3036 2407 διαγωγῆς;
3100 2337 3360 2407 Ὀτεὶμὲν
3400 2337 3505 2407 γάρ
3552 2336 3678 2407 περὶ
3726 2335 3792 2388 τὰ
3818 2334 4043 2406 αἰσθητά

2506 2431 2819 2499 περισκοπεῖ
2847 2429 2936 2479 καὶ
2972 2428 3098 2498 περὶ
3138 2427 3205 2479 τὰ
3236 2428 3368 2495 ἔργα
3408 2428 3505 2496 τῆς
3541 2425 3633 2479 τοῦ
3674 2425 3874 2496 κόσμου
3918 2443 4046 2495 προ-

2504 2518 2648 2581 νοίας
2687 2516 3048 2585 καταγίνεται,
3090 2516 3407 2587 ἐργάζεσθαι
3448 2515 3701 2583 λέγεταιο
3742 2515 3837 2567 καὶ
3875 2513 4043 2575 οὕτως

2504 2607 2787 2663 ἀκουστέον
2828 2608 3069 2677 λέγοντος
3110 2606 3202 2659 τοῦ
3245 2606 3490 2676 Σωτῆρος
3531 2606 3725 2676 ήμῶν’,,
3753 2606 3805 2658 '0
3848 2604 4044 2672 Πατήρ

2497 2680 2614 2769 μοί)
2638 2700 2747 2765 ἓως
2782 2699 2909 2766 ἄρτι
2934 2698 3260 2767 ἐργάζεται,
3309 2696 3467 2766 κάγὼ
3504 2696 3835 2766 ἐργάζομαι·
3871 2697 3957 2748 ὅτε
3987 2696 4044 2748 δὲ

2506 2791 2637 2861 πρὸς
2662 2793 2770 2853 τοῖς
2805 2790 3108 2860 ἀσωμάτοις
3140 2791 3231 2843 καὶ
3258 2790 3641 2859 ὑπερκοσμὶοις
3668 2789 3803 2850 ἐστὶ,
3827 2788 3940 2851 καὶ,
3970 2786 4043 2849 ὡς

2503 2879 2567 2934 ἂν
2594 2880 2733 2931 εἴποι
2770 2897 2872 2944 τις,
2916 2882 2973 2932 ὲν
2995 2883 3074 2951 τῇ-
3089 2881 3279 2933 αὐτόσε
3313 2879 3474 2932 αὐτοῦ
3505 2881 3779 2951 περιωπῇἰ
3803 2878 3863 2929 τὸ
3902 2894 4047 2950 τηνι-

2505 2968 2676 3021 καῦτα
2707 2970 3003 3022 ἀνάπαυσιν
3042 2948 3213 3039 άγειν,
3238 2971 3329 3025 καὶ
3358 2970 3415 3024 τὸ
3438 2968 3596 3025 αὐτοῦ
3630 2970 3900 3024 Σάϐϐατον
3932 2971 4047 3019 ἑπι-

2504 3060 2672 3115 τελεῖν
2697 3062 2910 3115 νοεῖται.
2952 3062 3106 3115 Κατά
3133 3064 3202 3116 τὰ
3245 3063 3379 3115 αύτά
3413 3062 3696 3133 τοιγαροῦν
3733 3062 3825 3114 καὶ
3867 3058 3915 3112 οἰ
3954 3060 4044 3113 τοῦ

2505 3152 2637 3205 Θεοῦ
2666 3151 2873 3223 ἄνδρες,
2910 3151 3145 3215 ἐπειδὰν,
3186 3150 3292 3204 τῶν
3331 3149 3632 3203 κοπούντων
3667 3150 3785 3219 (sic)
3814 3148 3911 3216 τὴν
3948 3149 4046 3219 ψυ-

2507 3244 2605 3317 χὴν
2628 3245 2799 3317 ἔργων
2854 3243 3090 3316 (τοιαῦτα
3114 3242 3171 3295 δὲ
3198 3243 3371 3297 πάντα
3398 3240 3466 3294 τὰ
3492 3241 3771 3311 σωματικά
3804 3240 3896 3293 καὶ
3922 3232 4046 3310 φίλα

2505 3339 2602 3406 τῆς
2638 3336 2865 3405 γεώδους
2906 3336 3146 3407 σαρκὸς),
3190 3332 3603 3403 ἀπαλλαγέντες,
3640 3333 3749 3387 ὅλοι
3788 3334 4045 3401 γένωνται

2505 3427 2638 3496 πρὸς
2684 3424 2761 3495 τῷ
2809 3425 2925 3496 Θεῷ
2962 3426 3055 3478 καὶ
3093 3425 3240 3497 ,πρὸς
3287 3428 3351 3495 τῇ
3382 3424 3488 3477 τῶν
3514 3423 3672 3477 θείων
3711 3424 3805 3478 καὶ
3842 3423 4046 3495 νοητῶν

2507 3515 2663 3586 σχολῇ
2702 3533 2759 3568 τε
2790 3516 2882 3569 καὶ
2926 3514 3143 3587 θεωρίᾳ,
3169 3516 3287 3568 τότε
3311 3516 3376 3569 τὰ
3410 3515 3537 3584 φίλα
3560 3515 3637 3587 τῷ
3660 3515 4044 3587 Θεῷ-Σάϐϐατα

2504 3607 2595 3660 καὶ
2619 3607 2917 3662 ἀνάπαυσιν
2948 3607 3135 3679 Κυρίῳ
3160 3606 3235 3678 τῷ
3264 3606 3379 3678 Θεῷ
3408 3607 3616 3676 ἄγουσι.
3649 3608 3756 3661 Καὶ
3783 3607 3907 3677 περί
3940 3606 4045 3659 τῶν

2504 3697 2753 3751 τοιούτων
2780 3699 3067 3753 Σαϐϐάτων
3095 3699 3328 3753 διδάσκει
3350 3699 3547 3767 λέγων’
3572 3696 3713 3768 Ἆρα
3736 3700 4046 3754 ἀπολείπε-

2503 3804 2595 3841 ται
2632 3790 3030 3861 σαϐϐατισμὸς
3068 3788 3149 3854 τῷ
3195 3789 3321 3855 λαῷ
3367 3790 3471 3845 τοῦ
3514 3790 3695 3855 Θεοῦ;
3729 3790 3821 3844 καὶ
3852 3789 4040 3844 πάλιν

2506 3878 2940 3948 Σπουδάσωμεν
2963 3875 3076 3934 οὖν
3100 3879 3389 3933 εἰσελθεῖν
3413 3882 3499 3945 εἰς
3536 3881 3779 3949 ἐκείνην
3805 3878 3919 3949 τὴν
3944 3893 4047 3932 κα-

2504 3968 2819 4023 τάπαυσιν.
2854 3967 2926 4019 Τὸ
2949 3968 3057 4037 γάρ
3096 3966 3294 4020 τέλειον
3339 3949 3630 4032 Σάϐϐατον,
3670 3970 3763 4021 καὶ
3796 3970 3829 4039 ἠ
3871 3967 4049 4021 τελεία

2507 4060 2598 4111 καὶ
2628 4062 2661 4129 ἡ
2687 4057 3051 4129 τρισμακαρία
3092 4057 3427 4121 κατάπαυσις
3461 4059 3519 4111 ὲν
3555 4060 3620 4129 τῇ
3656 4057 3748 4111 τοῦ
3780 4057 3913 4112 Θεοῦ
3956 4060 4048 4129 βα-

2507 4148 2676 4220 σιλείᾳ
2716 4148 2987 4218 τυγχάνει,
3029 4148 3166 4219 ὑπὲρ
3208 4148 3307 4218 τὴν
3355 4148 3653 4219 ὲξαήμερον
3699 4149 4047 4219 δημιουργίαν

2506 4241 2599 4293 καί⁸
2624 4239 2730 4292 τῶν
2761 4238 3028 4308 αἰσθητῶν
3065 4239 3311 4291 ἀπάντων
3336 4237 3490 4300 ἐκτὸς
3532 4238 3588 4291 ὲν
3615 4238 3922 4308 ἀσωμάτοις
3957 4242 4046 4293 καὶ

2506 4328 2922 4400 ύπερκοσμίοις,
2968 4327 3096 4381 ἔνθα
3143 4327 3350 4398 ἀπέδρα
3397 4326 3551 4396 ὀδύνη
3600 4328 3693 4382 καὶ
3732 4327 3906 4400 λύπη,
3955 4328 4046 4382 καὶ

2510 4420 2834 4490 στεναγμός
2893 4417 3019 4471 ἔνθα
3067 4417 3164 4487 τῆς
3215 4417 3411 4487 θνητῆς
3461 4418 3553 4471 καὶ
3610 4419 3853 4490 φθαρτῆς
3906 4418 4047 4488 ζωῆς

2507 4511 2927 4578 ἀπαλλαγέντες,
2972 4509 3063 4561 καὶ
3094 4510 3285 4579 ἀργίαν
3324 4510 3660 4581 ἀργήσαντες
3701 4510 3797 4582 τὴν
3831 4510 4046 4580 θεοφιλῆ

872 4602 1119 4655 stinemus
1146 4600 1304 4668 igitur
1328 4596 1527 4667 ingredi
1554 4597 1607 4649 in
1635 4594 1784 4648 illam
1825 4595 2067 4663 requiem.
2114 4594 2404 4663 Imaginem
2434 4619 2480 4675 ι)
2507 4602 2598 4655 καὶ

2322 4609 2404 4649 em
2434 4619 2480 4675 ι)
2507 4602 2599 4655 καὶ
2628 4601 2919 4672 μακαρίαν,
2949 4600 3056 4655 τῶν
3096 4619 3154 4655 τε
3199 4602 3517 4672 σωματικῶν
3550 4601 3796 4672 πράξεων
3832 4602 3928 4656 καὶ
3952 4603 4048 4673 τῆς

871 4705 1037 4761 porro
1065 4690 1210 4744 illius
1241 4687 1458 4742 Sabbati
1503 4702 1566 4742 ac
1606 4686 1856 4756 perfectae
1883 4685 2307 4755 beatissimaque
2330 4701 2412 4741 re-

856 4765 1019 4853 quiei
1052 4781 1106 4833 in
1128 4788 1268 4835 terra
1294 4787 1563 4851 gestantes
1590 4780 1693 4834 viri
1726 4778 1842 4844 Dei,
1887 4777 2051 4833 ferias
2099 4777 2327 4848 agebant
2356 4786 2411 4833 et

872 4872 1231 4927 cessationem
1278 4872 1345 4925 ab
1375 4870 1463 4933 iis,
1495 4884 1613 4938 quae
1658 4884 1689 4923 a
1728 4869 1837 4925 Deo
1882 4869 2067 4940 procul
2126 4876 2408 4935 amovent;

870 4962 973 5021 toti
1028 4968 1206 5014 autem
1265 4960 1570 5015 divinorum
1620 4958 2058 5027 contemplationi
2109 4957 2297 5021 dediti,
2325 4956 2411 5011 die

869 5062 1139 5123 nocteque
1164 5053 1216 5104 in
1245 5065 1522 5105 sacrorum
1552 5064 1860 5105 sermonum
1914 5049 2262 5104 meditatione
2291 5064 2411 5117 per—

872 5155 1207 5206 severantes,
1236 5134 1421 5197 sancta
1469 5141 1702 5196 Sabbata
1740 5148 1794 5194 et
1850 5140 1957 5194 Deo
2010 5148 2282 5209 acceptam
2328 5154 2414 5192 re-

873 5236 1049 5307 quiem
1100 5234 1446 5306 agebant;ac
1474 5241 1605 5287 tunc
1648 5246 1773 5287 vere
1829 5229 2121 5286 Sabbatum
2174 5229 2412 5284 celebra-

873 5326 1026 5379 bant.
1060 5324 1240 5389 Quare
1272 5329 1571 5393 opportune
1616 5321 1816 5393 Moysis
1849 5323 1952 5386 lex,
1978 5321 2088 5389 jam
2144 5320 2411 5375 dictorum

876 5414 1097 5468 umbras
1121 5422 1174 5469 et
1196 5414 1434 5484 symbola
1456 5412 1693 5475 tradens,
1719 5411 2040 5467 multitudini
2066 5412 2203 5465 diem
2225 5423 2413 5478 quam-

874 5504 1000 5557 dam
1030 5503 1343 5571 assignavit,
1368 5510 1426 5555 ut
1458 5501 1647 5554 saltem
1675 5502 1729 5554 in
1759 5516 1822 5555 ea
1851 5514 1880 5552 a
1928 5501 2203 5555 consuetis
2233 5497 2414 5568 operi-

876 5595 978 5649 bus
1026 5593 1375 5657 abstinerent,
1412 5593 1606 5646 divinae
1653 5600 1832 5644 autem
1891 5590 2022 5660 legis
2074 5589 2410 5646 meditationi

875 5694 1149 5743 vacarent.
1181 5684 1422 5741 Praesens
1458 5696 1601 5742 certe
1634 5687 1871 5755 psalmus
1905 5685 2104 5743 diserte
2155 5686 2310 5742 docet
2350 5702 2413 5741 ea

2513 4692 2749 4755 δουλείας
2788 4693 2885 4763 τῆς
2932 4692 3125 4763 σαρκὸς
3164 4692 3624 4763 ἐλευθερωθέντες,
3665 4693 3761 4745 σὺν
3796 4693 3941 4764 αύτῷ
3973 4694 4049 4764 τῷ

2513 4781 2628 4852 Θεῷ
2668 4783 2758 4835 καὶ
2780 4782 2906 4853 παρ’
2938 4781 3084 4853 αὐτῷ
3119 4782 3413 4853 γενόμενοι,
3441 4780 3827 4852 σαϐϐατίσομέν
3855 4802 3914 4837 τε
3957 4786 4049 4838 καὶ

2515 4870 2946 4941 ἀναπαυσόμεθα.
2971 4871 3060 4923 Διό
3086 4888 3247 4944 φησιν
3276 4872 3305 4923 ό
3335 4868 3644 4933 ’Δπόστολος
3662 4888 3676 4901 ·
3701 4872 4051 4926 Σπουδάσω-

2506 4980 2620 5030 μεν
2650 4950 2767 5017 οὖν
2795 4962 3087 5017 εἰσελθεῖν
3128 4965 3213 5027 εἰς
3253 4951 3487 5027 ἐκείνην
3514 4962 3627 5029 τὴν
3655 4962 4047 5018 κατάπαυσιν.

2515 5053 2707 5105 Εἰκόνα
2732 5052 2776 5104 δ’
2800 5053 3003 5105 ἐκείνου
3032 5053 3122 5105 τοῦ
3152 5051 3421 5106 Σαϐϐάτου
3450 5052 3541 5104 καὶ
3566 5052 3662 5123 τῆς
3685 5052 3889 5117 τελείας
3916 5056 4052 5109 ἐκεί-

2514 5158 2609 5213 νης
2641 5144 2730 5195 καὶ
2763 5145 3154 5216 τρισμακαρίας
3179 5142 3529 5206 ἀναπαύσεως
3558 5144 3809 5214 φέροντες
3842 5149 3931 5200 ἐπὶ
3953 5148 4052 5216 γῆς

2513 5234 2602 5285 τοῦ
2640 5234 2772 5287 Θεοῦ
2819 5234 3026 5306 ἄνδρες,
3058 5236 3247 5306 σχολὴν
3293 5235 3389 5305 μὲν
3430 5236 3702 5290 ἐποιοῦντο
3737 5240 3829 5292 καὶ
3859 5240 4052 5309 ἀργίαν

2514 5325 2619 5379 τῶν
2664 5326 2876 5398 μακρὰν
2905 5328 3237 5396 ἀφιστάντων
3270 5325 3363 5378 τοῦ
3390 5325 3541 5391 Θεοῦ,
3571 5329 3676 5382 ὅλοι
3709 5330 3764 5382 δὲ
3803 5330 3937 5400 πρὸς
3985 5330 4049 5396 τῇ

2513 5415 2621 5467 τῶν
2656 5415 2814 5468 θείων
2849 5415 3045 5488 θεωρίᾳ
3069 5414 3391 5485 γιγνόμενοι,
3416 5416 3481 5469 δι’
3510 5412 3805 5489 ἡμέραςητε
3844 5418 3936 5470 καὶ
3965 5434 4052 5468 νυ-

2516 5508 2637 5570 κτδς
2670 5511 2735 5579 τῇ
2764 5508 2870 5560 τῶν
2904 5508 3063 5579 ἰερῷν
3090 5506 3258 5574 λόγων
3285 5508 3475 5581 μελέτῃ
3504 5508 4050 5581 προσκαρτεροῦντες,

2516 5602 2643 5668 ἀγια
2681 5599 2926 5654 Σάϐϐατα
2966 5601 3056 5652 καὶ
3094 5600 3391 5653 ἀνάπαυσιν
3424 5601 3580 5673 φίλην
3619 5601 3695 5673 τῷ
3710 5599 3836 5671 ,Θεῷ
3883 5598 4054 5673 διανέι-

2517 5708 2685 5744 παυον
2722 5692 2840 5744 τότε
2876 5692 2968 5743 καὶ
3004 5690 3367 5757 ὲσαϐϐάτιζον.
3398 5692 3602 5747 ”Ἔνθεν
3648 5693 3869 5761 εἰκότως
3901 5692 3992 5746 καὶ
4023 5691 4055 5744 ὁ

946 5846 990 5903 δ’
1027 5870 1167 5928 Psal.
1206 5886 1342 5937 χειν,
1378 5870 1473 5937 l0,
1512 5872 1596 5926 ll.
1659 5870 1716 5945 ,⁸³
1751 5869 1906 5928 Joan.
1941 5887 1992 5931 ν.
2030 5871 2114 5927 l7.
2196 5872 2210 5903 '
2251 5867 2412 5926 Hebr.
2452 5885 2525 5924 tv.
2566 5871 2617 5923 9.

1261 5887 1342 5937 :tv,
1378 5870 1473 5937 l0,
1512 5872 1596 5926 ll.
1659 5870 1716 5945 ,⁸³
1751 5869 1906 5928 Joan.
1941 5887 1992 5931 v.
2030 5871 2114 5927 l7.
2196 5872 2210 5903 ¹
2251 5867 2412 5926 Hebr.
2452 5885 2525 5924 tv.
2566 5871 2617 5923 9.
2695 5873 2714 5901 ¹
2768 5871 2891 5919 iniu.
2935 5872 2987 5913 tt
