4372 6408
317 497 450 550 H69

1410 494 1897 550 COMMENTARIA
1930 495 1994 548 IN
2029 492 2356 549 PSALMOS.

3340 480 3478 534 11Ἰῦ

311 605 582 667 Μωῦσέως
625 607 802 674 νῦμος,
835 606 986 667 σκιὰς
1029 605 1133 656 τῶν
1161 605 1456 674 εἰρημένων
1493 609 1582 658 καὶ
1613 606 1850 675 σύμ6ολα
1881 613 1923 666 Α
1953 607 2017 659 de

1745 606 1850 658 ἰολα
1881 613 1923 666 Α
1953 607 2017 659 de
2069 620 2229 659 causa
2266 603 2480 657 Sabbati
2534 602 2701 655 otium
2744 602 2827 671 agi
2875 601 3089 664 debere,
3132 609 3184 653 et
3230 596 3471 650 lnuti-lem

314 694 653 762 παραδιδοὺς,
704 695 910 764 ἡμέραν
961 695 1078 746 τινά
1133 697 1239 755 τοῖς
1289 695 1539 764 πλήθεσιν
1589 695 1844 764 ἀφώρισε,

314 785 458 844 ὅπως
481 781 579 835 κᾶν
607 783 772 853 ταύτῃ
800 785 1097 852 ἀπέχωνται
1129 785 1223 853 μὲν
1259 785 1363 836 τῶν
1397 785 1629 853 συνήθων
1659 786 1845 855 ἔργων,

319 875 621 942 σχολάζοιεν
658 876 712 927 δὲ
739 877 802 942 τῇ
832 874 922 925 τοῦ
953 873 1090 926 θείου
1120 876 1277 943 νόμου
1314 875 1525 943 μελέτῃ.
1562 877 1627 927 ’⁷0
1660 892 1720 941 γε
1749 875 1850 943 μὴν

316 963 501 1032 παρὼν
525 963 733 1031 ψαλμὸς
764 963 1050 1033 διαρρήδην
1074 963 1304 1014 διδάσκει
1334 963 1422 1014 ἐπὶ
1448 961 1600 1013 τοῦτο
1630 963 1736 1013 δεῖν
1759 961 1852 1030 τὴν

314 1051 406 1102 τοῦ
445 1051 715 1105 Σαδδάτου
748 1052 936 1120 σχολὴν
968 1051 1226 1104 ποιεῖσθαι
1264 1053 1355 1103 καὶ
1391 1053 1488 1122 τὴν
1512 1052 1616 1103 τῶν
1649 1051 1853 1118 ἀνωφε-

316 1137 422 1189 λῶν
464 1139 667 1207 ἀργιῶν
701 1142 789 1191 ἐπὶ
822 1141 882 1192 τὸ
925 1139 1058 1191 κατά
1099 1141 1288 1192 ταύτὸν
1333 1139 1744 1210 συνερχομένους
1777 1142 1857 1209 ἐρ-

317 1220 572 1292 γάζεσθαι
594 1227 661 1279 τὰ
682 1227 765 1280 διά
789 1228 879 1279 τοῦ
912 1228 1119 1297 ψαλμοῦ
1141 1229 1457 1298 δηλούμενα.
1489 1226 1596 1280 Ἦν
1632 1229 1685 1280 δὲ
1715 1229 1858 1298 πρῶ-

316 1331 406 1366 τον
439 1315 864 1386 ἐξομολογεῖσθαι
887 1317 964 1386 τῷ
995 1318 1180 1388 Κυρίῳ
1203 1335 1216 1349 ·
1243 1318 1487 1387 δεύτερον
1523 1319 1738 1386 ψάλλειν
1771 1319 1855 1370 διά

317 1403 424 1455 τῶν
467 1407 734 1472 μουσικῶν
778 1408 1016 1476 ὁργάνων
1060 1406 1136 1475 τῷ
1172 1407 1386 1476 ὀνόματι
1434 1407 1624 1461 αὑτοῦ·
1676 1409 1854 1476 τρίτον

317 1495 660 1562 ἀναγγέλλειν
689 1498 824 1550 κατά
853 1499 950 1559 τὰς
977 1497 1198 1557 ἑωθινὰς
1229 1497 1374 1564 ὥρας
1400 1498 1458 1548 τὸ
1484 1497 1626 1558 ἔλεος
1651 1495 1812 1547 αὑτοῦ
1838 1513 1850 1526 ο

1952 697 2303 750 cessationem
2336 694 2697 763 depellendam
2723 707 2862 756 esse,
2892 699 2949 745 ut
2969 693 3023 744 in
3056 704 3220 743 unum
3247 700 3474 755 congre-

1954 787 2058 853 gati
2100 800 2161 838 ca
2194 801 2312 852 qua:
2361 785 2596 853 psalmus
2649 782 2849 836 indicat
2891 787 3232 850 peragantur.
3277 775 3477 829 Eorum

1955 881 2130 925 autem
2174 873 2399 940 primum
2434 880 2534 935 est,
2567 872 2810 926 conﬁteri
2852 870 3110 933 Domino;
3160 864 3477 930 secundum,

1956 981 2075 1019 cum
2112 965 2334 1025 musicis
2391 966 2764 1020 instrumentis
2806 965 3034 1034 psallere
3084 961 3282 1016 nomini
3327 959 3476 1027 ejus;

1956 1055 2195 1114 tertium,
2235 1054 2512 1108 matutinis
2587 1055 2735 1108 horis
2804 1054 3129 1107 a'nnuntiare
3174 1051 3481 1105 misericor-

1956 1144 2100 1196 diam
2132 1143 2284 1210 ejus;
2310 1153 2576 1212 quartum,
2629 1143 2910 1195 nocturnis
2947 1140 3276 1210 temporibus
3320 1151 3476 1190 enar-

1959 1246 2080 1285 rare
2115 1225 2391 1285 veritatem
2420 1233 2578 1301 ejus:
2617 1239 2668 1286 et
2716 1231 2829 1284 hac
2878 1245 2984 1283 non
3025 1228 3184 1282 modo
3227 1227 3381 1280 labiis
3432 1232 3482 1278 et

1956 1336 2107 1383 voce,
2143 1320 2236 1375 sed
2280 1323 2440 1375 etiam
2487 1337 2579 1390 per
2623 1321 2948 1374 musicorum
3005 1320 3480 1372 instrumentorum

1958 1409 2308 1478 pulsationem
2340 1423 2496 1477 agere
2530 1426 2544 1460 :
2581 1422 2705 1461 nam
2731 1409 2804 1461 ait
2848 1425 2859 1458 :
2893 1405 2957 1460 In
2988 1405 3304 1459 decacltordo
3342 1403 3484 1474 psal-

1962 1497 2107 1559 terio,
2140 1513 2256 1548 cum
2278 1497 2478 1548 cantico
2507 1497 2560 1548 in
2593 1496 2813 1548 cithara.

316 1591 568 1660 τέταρτον
601 1592 894 1660 διηγεῖσθαι
938 1592 1032 1660 τὴν
1063 1593 1308 1661 ἀλήθειαν
1351 1589 1512 1642 αὑτοῦ
1551 1589 1690 1642 κατά
1732 1591 1853 1651 τοὺς
1888 1590 2224 1657 ωκτερινοὺς
2253 1587 2504 1657 καιρούςσ
2545 1589 2635 1640 καὶ
2677 1586 2842 1640 ταῦτα
2874 1587 3126 1658 πράττειν
3193 1587 3265 1656 μὴ
3329 1586 3484 1654 μόνον

316 1684 514 1752 χείλεσι
559 1685 649 1736 καὶ
681 1686 848 1752 φωνῇ,
925 1685 1058 1736 ἀλλά
1099 1685 1188 1736 καὶ
1220 1684 1305 1736 διά
1336 1683 1432 1752 τῆς
1470 1682 1574 1735 τῶν
1619 1683 1883 1752 μουσικῶν
1947 1681 2185 1752 ὀργάνων
2222 1680 2625 1751 ἀνακρούσεως’
2671 1681 2764 1732 Ἐν
2804 1679 3134 1748 δεκαχόρδῳ
3165 1679 3291 1748 γὰρ,
3330 1680 3482 1749 φησὶ,

315 1777 621 1842 ψαλτηρίῳ
648 1775 745 1828 καὶ
761 1777 882 1844 μετ’
907 1776 1062 1844 ᾠδῆς
1085 1778 1153 1829 ἐν
1177 1776 1401 1843 κιθάρᾳ.

400 1867 554 1937 Ὁρᾷς
592 1862 680 1918 οὖν
714 1868 810 1919 ὅσα
845 1863 1096 1936 πράττειν
1142 1872 1168 1920 ὁ
1207 1868 1388 1936 παρὼν
1426 1868 1579 1934 λόγος
1607 1856 1854 1937 παραινεῖ
1882 1871 1924 1928 Β
2021 1862 2126 1918 Ἶίᾱι

1759 1856 1854 1920 we:
1882 1871 1924 1928 Β
2021 1862 2182 1918 Vides
2213 1863 2373 1933 igitur
2399 1861 2465 1915 ad
2495 1877 2611 1932 qua}
2642 1863 2696 1916 in
2726 1862 2811 1917 die
2843 1860 3250 1917 resurrectionis
3281 1859 3485 1930 agenda

318 1956 457 2008 κατά
501 1957 596 2025 τὴν
640 1958 734 2026 τῆς
783 1959 1118 2020 ἀναστάσεως
1155 1959 1394 2028 ἡμέραν;
1441 1956 1856 2025 Ἐπιγέγραπται

317 2043 446 2111 γοῦν
476 2047 504 2096 ὁ
570 2045 795 2112 ψαλμὸς,
843 2049 927 2110 είς
977 2046 1089 2112 τὴν
1127 2046 1350 2113 ἡμέραν
1391 2045 1494 2098 τοῦ
1539 2043 1856 2098 Σαόϐἁτου.

331 2134 488 2186 Ἀλλά
531 2136 622 2186 καὶ
668 2136 715 2186 oi
760 2137 920 2203 ἱερεῖς
972 2137 1028 2187 ἐν
1064 2135 1140 2203 τῷ
1173 2136 1296 2205 ἱερῷ
1339 2134 1474 2187 κατά
1505 2135 1562 2187 τὸ
1591 2135 1858 2188 Σάϐϐατον

317 2222 478 2292 ἕτερα
521 2223 739 2274 πλεῖστα
789 2223 1048 2292 ἔπραττον
1097 2224 1235 2276 κατά
1270 2224 1358 2275 τὸν
1395 2225 1571 2293 νόμον.
1612 2225 1723 2278 Οὐκ
1753 2225 1857 2293 ἄρα

317 2312 610 2381 ὁλοσχερῶς
629 2314 813 2381 ἀργεῖν
840 2313 1174 2383 προστάττει.
1192 2313 1327 2365 Ἀλλ’
1352 2314 1467 2366 οὐδὲ
1494 2317 1603 2376 τοῖς
1631 2312 1857 2385 ἱερεῦσιν

317 2403 352 2468 ἡ
382 2401 474 2452 τοῦ
509 2403 778 2455 Σαϐϐάτου
809 2404 988 2473 ἡμέρα
1019 2404 1424 2474 νενομοθέτητω
1461 2404 1636 2474 μόνοις
1668 2403 1721 2454 δέ
1749 2404 1857 2463 τοῖς

322 2491 398 2560 μὴ
423 2492 552 2553 οἵοις
582 2509 640 2544 τε
672 2488 786 2544 οὖσι
817 2494 906 2544 τὸν
943 2495 1112 2545 πάντα
1143 2494 1326 2564 χρόνον
1357 2494 1455 2562 τῆς
1487 2494 1660 2544 αὐτῶν
1692 2490 1854 2558 ζωῆς,

320 2581 415 2633 καὶ
447 2583 619 2644 πάσας
656 2582 829 2634 αὐτῶν
871 2585 965 2643 τὰς
992 2582 1197 2652 ἡμέρας
1240 2585 1305 2652 τῇ
1351 2581 1444 2633 τοῦ
1481 2581 1611 2632 Θεοῦ
1639 2579 1856 2650 λατρεία

318 2669 414 2720 καὶ
455 2672 565 2731 τοῖς
612 2670 686 2738 τῷ
733 2669 847 2738 Θεῷ
876 2671 1044 2737 φίλοις
1089 2671 1266 2740 ἔργοις
1311 2670 1614 2739 σχολάζειν·
1653 2670 1862 2733 τούτοις

320 2756 429 2824 γὰρ
471 2757 535 2808 ἐκ
579 2758 949 2828 διαστημάτων
1004 2759 1171 2811 ταῦτα
1227 2761 1478 2831 πράττειν
1538 2760 1853 2830 ἐνομοθέτει.

321 2847 444 2908 Τοῖς
469 2862 530 2913 γε
561 2848 669 2918 μὴν
700 2849 971 2919 πλησμονῇ
1005 2850 1233 2921 γαστρὸς
1263 2851 1355 2903 καὶ
1397 2849 1550 2922 μέθῃ,
1592 2851 1682 2902 καὶ¹
1714 2850 1856 2920 πάσῃ

317 2933 556 3006 ἀκοσμίᾳ
606 2938 743 2989 κατά
789 2940 885 3008 τὴν
927 2939 1134 3009 ἡμέραν
1179 2939 1270 2991 τοῦ
1319 2939 1590 2992 Σαϐὁάτου
1637 2940 1858 3001 ἑαυτοὺς

322 3027 663 3094 παρέχουσιν,
694 3029 722 3080 ὁ
747 3027 873 3091 Θεὸς
899 3028 982 3081 διὰ
1022 3029 1111 3081 τοῦ
1147 3031 1416 3100 προφήτου
1461 3029 1857 3081 ἐπανατείνεται

320 3112 517 3181 λέγων·
553 3120 615 3170 Οἱ
668 3119 1050 3186 ἐφαπτόμενοι
1109 3118 1346 3186 ψευδῶν
1383 3119 1717 3171 Σαϐϐάτων·
1765 3119 1857 3170 καὶ

1957 1953 2201 2007 hortetur
2258 1952 2345 2004 hic
2395 1951 2654 2019 psalmus.
2705 1947 2999 2019 lnscriptus
3052 1949 3194 2002 enim
3246 1946 3487 2016 psalmus

1955 2051 2058 2106 est,
2091 2043 2144 2094 in
2186 2041 2322 2094 diem
2365 2039 2600 2093 Sabbati.
2643 2037 2744 2093 Sed
2775 2046 2829 2093 et
2866 2038 3171 2093 sacerdotes
3207 2039 3260 2092 in
3293 2037 3488 2106 templo

1954 2133 2040 2186 die
2073 2130 2290 2184 Sabbati
2325 2130 2427 2182 alia
2453 2131 2682 2197 plurima
2719 2126 3012 2183 secundum
3037 2128 3202 2197 legem
3241 2129 3486 2196 agebant.

1955 2221 2071 2275 Non
2109 2235 2235 2289 ergo
2263 2219 2504 2288 praecipit
2532 2225 2589 2271 ut
2617 2217 2837 2272 omnino
2865 2223 3103 2270 vacetur.
3135 2216 3320 2286 Neque
3361 2232 3489 2272 vero

1954 2308 2324 2364 sacerdotibus
2351 2307 2464 2363 dies
2500 2307 2718 2361 Sabbati
2749 2306 3226 2376 praescribebatur;
3269 2308 3362 2361 sed
3399 2324 3489 2362 so-

1955 2400 2064 2454 lum
2092 2399 2160 2452 iis
2192 2399 2284 2468 qui
2313 2413 2414 2454 nec
2458 2407 2572 2452 toto
2603 2398 2726 2452 vitae
2776 2412 2886 2451 sua:
2923 2404 3181 2466 tempore,
3231 2412 3329 2451 nec
3374 2398 3488 2452 sine
3569 2457 3571 2461 ,

1953 2490 2090 2558 gulis
2123 2489 2309 2544 diebus
2355 2490 2466 2544 suis
2497 2496 2714 2558 possent
2754 2485 2847 2542 Dei
2878 2487 3043 2540 cultui
3089 2496 3146 2541 et
3181 2485 3288 2541 Deo
3335 2501 3486 2540 acce-

1954 2579 2060 2648 ptis
2097 2579 2350 2647 operibus
2393 2593 2584 2633 vacare
2611 2597 2623 2632 :
2649 2577 2894 2641 nam'iis,
2929 2585 2986 2631 ut
3025 2579 3332 2633 intermisso
3371 2577 3498 2632 die--

1954 2660 2072 2723 rum
2116 2668 2288 2737 spatio
2336 2667 2390 2721 id
2435 2676 2671 2738 agerent,
2722 2669 2837 2737 lege
2889 2675 3147 2721 statutum
3193 2676 3327 2723 erat.
3377 2668 3484 2722 Eos

1956 2773 2116 2830 porro
2143 2757 2237 2828 qui
2269 2758 2520 2828 crapulae,
2544 2757 2810 2821 ebrietati,
2853 2755 3080 2824 aliisque
3124 2759 3374 2813 omnibus
3404 2761 3487 2813 in-

1955 2851 2166 2906 decoris
2214 2851 2380 2922 gestis
2433 2851 2519 2904 die
2554 2847 2772 2902 Sabbati
2817 2863 2877 2903 se
2929 2849 3151 2912 dedunt,
3211 2848 3353 2904 Deus
3391 2866 3486 2920 per

1957 2941 2269 3012 prophetam
2315 2941 2395 2994 sic
2437 2953 2626 3009 aspere
2679 2939 3013 3008 alloquitur:
3045 2938 3148 3002 Qui
3187 2941 3487 3009 contingunt

1955 3031 2093 3098 falsa
2118 3028 2346 3083 Sabbata
2368 3031 2423 3097 ³;
2457 3043 2520 3083 ac
2549 3041 2784 3094 rursum,
2820 3026 3132 3081 Neomenias
3179 3039 3396 3093 vestras,
3436 3039 3485 3083 et

1955 3120 2173 3173 sabbata
2196 3129 2244 3172 et
2266 3119 2400 3184 diem
2423 3135 2663 3189 magnam
2692 3135 2794 3172 non
2815 3118 2924 3187 fera
2947 3119 2987 3170 ⁵.
3019 3115 3196 3185 Quare
3227 3117 3480 3182 Verbum,

321 3180 480 3258 πάλιν
499 3223 512 3235 ³
554 3209 663 3273 Τὰς
690 3180 999 3275 θεομηνίίιις
1024 3180 1187 3275 ὑμῶν
1219 3209 1314 3261 καὶ
1347 3209 1416 3261 τὰ
1457 3207 1719 3266 Σάϐϐατα
1760 3208 1854 3260 καὶ
1881 3180 1922 3237 C
1956 3211 2047 3278 ipsi

1760 3208 1854 3260 καὶ
1881 3180 1922 3237 C
1956 3211 2086 3278 ipsis
2114 3180 2555 3278 repugnantibus,
2578 3224 2670 3279 per
2692 3180 2898 3264 Novum
2927 3180 3326 3262 Testamentum
3344 3180 3481 3264 Sabe

319 3295 542 3362 ἡμέραν
561 3296 828 3365 μεγάλην
855 3299 961 3349 οὐκ
991 3296 1283 3365 ἀνέχομαι.
1324 3299 1412 3350 Διὸ
1535 3295 1852 3368 παρῃτημέ-

319 3401 423 3437 νων
469 3387 706 3449 ἐκείνων,
734 3385 818 3438 διὰ
850 3385 943 3454 τῆς
975 3387 1174 3454 Καινῆς
1205 3386 1472 3455 Διαθὴκης
1501 3387 1668 3454 Λόγος
1698 3387 1856 3456 μετή-

319 3488 452 3540 γαγε
480 3475 572 3526 καὶ
606 3473 943 3542 μετατέθεικε
987 3474 1081 3544 τὴν
1118 3472 1210 3524 τοῦ
1243 3473 1510 3525 Σαϐϐάτω
1539 3473 1726 3543 ἐορτὴν
1765 3476 1856 3526 ἐπὶ

318 3563 415 3634 τὴν
442 3565 532 3618 τοῦ
563 3567 734 3634 φωτὸς
778 3564 1052 3634 ἀνατολὴν,
1091 3567 1181 3617 καὶ
1218 3564 1522 3634 παρέδωκεν
1555 3565 1682 3632 ἡμῖν
1728 3565 1857 3634 ἀλη-

319 3652 469 3722 θινῆς
503 3655 851 3715 ἀναπαύσεως
890 3654 1088 3716 εἰκόνα,
1115 3654 1211 3722 τὴν
1246 3654 1510 3723 σωτηρίαν
1539 3655 1630 3707 καὶ
1651 3655 1855 3723 Κυρια-

319 3740 418 3810 κὴν
446 3743 536 3794 καὶ
561 3743 777 3810 πρώτην
805 3741 896 3794 τοῦ
925 3743 1095 3810 φωτὸς
1121 3743 1348 3812 ἡμέραν,
1379 3742 1495 3796 καθ’
1525 3745 1590 3813 ἡν
1619 3745 1647 3794 ὁ
1672 3745 1856 3818 Σωτὴρ

317 3831 411 3884 τοῦ
451 3825 651 3903 κόσμου
692 3832 829 3903 μετά
877 3833 1051 3895 πάσας
1106 3833 1265 3885 αὑτοῦ
1317 3834 1412 3896 τὰς
1454 3834 1510 3885 ἐν
1557 3834 1854 3904 ἀνθρώποις

317 3920 561 3992 πράξεις,
592 3923 686 3992 τὴν
712 3922 848 3976 κατά
889 3922 978 3976 τοῦ
1011 3923 1228 3977 θανάτοι
1263 3924 1415 3995 νίκην
1444 3925 1732 3995 ἀράμενος,
1759 3925 1854 3988 τὰς

317 4010 591 4079 οὐρανίους
648 4011 815 4072 πύλας
859 4012 1203 4081 ὑπερέϐαινεν
1244 4013 1382 4081 ὑπὲρ
1422 4013 1517 4081 τὴν
1561 4013 1853 4084 ἐξαήμερον

317 4102 663 4168 κοσμοποιίαν
705 4103 1031 4170 γιγνόμενος,
1065 4103 1123 4153 τό
1159 4119 1216 4153 τε
1259 4102 1546 4170 θεοπρεπὲς
1586 4104 1854 4158 Σάὃὸατον

317 4189 411 4240 καὶ
441 4190 536 4258 τὴν
563 4194 956 4261 τρισμακαρίαν
997 4193 1292 4245 ἀνάπαυσιν
1325 4192 1729 4261 ύπολαμσάνων,
1759 4194 1849 4246 τοῦ

318 4277 526 4345 Πατρὸς
578 4279 850 4347 είρηκότος
895 4279 1070 4347 αὐτῷ·
1125 4278 1316 4333 Κάθου
1355 4281 1422 4332 ἐκ
1461 4279 1667 4343 δεξιῶν
1712 4299 1850 4349 μου,

316 4365 423 4430 ἕως
451 4365 526 4417 ἂν
551 4365 629 4419 θῶ
665 4367 800 4431 τοὺς
832 4369 1072 4434 ἐχθρούς
1103 4385 1214 4421 σου
1247 4370 1572 4423 ὑποπόδιον
1602 4371 1716 4425 τῶν
1746 4389 1849 4425 πο-

1954 3299 2066 3353 bati
2094 3298 2282 3353 festum
2308 3299 2362 3353 in
2391 3300 2527 3355 lucis
2567 3308 2741 3354 ortum
2771 3301 3064 3363 transtulit,
3098 3302 3361 3372 nobisque
3391 3318 3484 3358 ve-

1952 3405 2026 3444 rte
2075 3391 2278 3460 requiei
2329 3391 2612 3460 imaginem
2653 3391 2907 3454 tradidit,
2962 3392 3249 3445 salutarem
3291 3407 3482 3461 nempe
3569 3404 3578 3413 '

1953 3479 2304 3543 Dominicam,
2352 3489 2405 3535 et
2443 3481 2666 3549 primam
2718 3481 2854 3535 lucis
2889 3480 3052 3544 diem,
3090 3496 3196 3550 qua
3239 3480 3484 3535 Salvator

1953 3571 2136 3624 mundi
2173 3579 2294 3640 post
2335 3570 2512 3624 omnia
2544 3585 2641 3624 sua
2685 3571 2741 3623 in
2783 3571 3089 3625 hominibus
3119 3571 3260 3625 edita
3291 3588 3477 3640 opera,

1953 3659 2179 3712 victoria
2208 3658 2273 3712 de
2303 3667 2475 3713 morte
2504 3667 2795 3728 reportata,
2825 3660 3072 3714 caelestes
3092 3669 3271 3729 portas
3305 3668 3482 3715 trans-

1953 3762 2193 3818 gressus,
2225 3762 2320 3802 sex
2369 3748 2575 3802 dierum
2619 3749 2887 3817 opiﬁcium
2931 3751 3297 3816 transcendit,
3334 3759 3482 3803 tunc-

1950 3845 2053 3898 que
2087 3828 2194 3883 Deo
2230 3830 2529 3884 condecens
2573 3828 2860 3883 Sabbatum
2895 3839 2948 3884 et
2979 3832 3342 3884 beatissimam
3391 3846 3478 3884 re-

1951 3916 2125 3986 quiem
2144 3920 2379 3985 accepit,
2419 3919 2628 3973 dicente
2658 3917 2834 3981 Patre,
2867 3916 2996 3971 Sede
3031 3935 3062 3969 a
3094 3918 3288 3971 dextris
3328 3921 3473 3981 meis,

1950 4008 2108 4060 donec
2153 4019 2340 4073 ponam
2381 4008 2616 4059 inimicos
2657 4016 2770 4061 tuo:
2811 4008 3089 4060 scabellum
3133 4009 3315 4077 pedum
3362 4020 3478 4062 tuo-

1951 4113 2067 4150 rum
2089 4097 2129 4150 '.
2175 4096 2249 4149 Ea
2287 4097 2393 4160 die,
2443 4112 2562 4165 qua:
2594 4112 2730 4152 vera:
2774 4098 2908 4152 lucis
2947 4106 2999 4152 et
3044 4100 3156 4154 veri
3201 4101 3330 4154 solis
3364 4102 3479 4156 dies

1950 4196 2050 4252 est,
2091 4201 2190 4241 nos
2227 4187 2328 4255 ipsi
2375 4188 2701 4256 congregati,
2747 4203 2840 4243 sex
2886 4189 3074 4243 diebus
3125 4190 3475 4258 interpositis.

1951 4283 2134 4329 sancta
2161 4284 2213 4330 et
2242 4275 2538 4344 spiritualia
2571 4276 2798 4331 Sabbata
2829 4279 3178 4333 celebrantes.
3220 4285 3476 4346 quotquot

1949 4380 2014 4419 ex
2043 4366 2288 4437 gentibus
2319 4367 2373 4420 in
2410 4367 2539 4420 orbe
2583 4375 2694 4420 toto
2732 4382 2825 4436 per
2869 4382 2989 4420 eum
3027 4368 3234 4420 liberati
3267 4385 3475 4431 sumus,

316 4453 435 4506 δῶν
469 4469 603 4508 σου.
643 4457 728 4508 Ἐν
765 4451 818 4528 ᾖ,
872 4459 1041 4524 φωτὸς
1090 4458 1218 4528 οῦσῃ
1270 4461 1362 4511 καὶ
1397 4459 1581 4530 πρώτῃ
1628 4464 1717 4514 καὶ
1758 4462 1848 4514 τοῦ
1881 4487 1922 4541 D
1950 4471 2042 4523 qua

1758 4462 1848 4514 τοῦ
1881 4487 1922 4541 D
1950 4471 2066 4523 quae
2096 4455 2400 4510 sacerdotes
2432 4457 2486 4509 in
2520 4456 2605 4510 die
2648 4455 2861 4509 Sabbati
2893 4469 3048 4524 agere
3086 4456 3140 4507 in
3171 4456 3280 4524 lege
3307 4465 3467 4510 statu-

317 4543 545 4610 ἀληθοῦς
569 4544 716 4612 ἡλίου
757 4545 951 4615 ἡμέρᾳ,
989 4547 1080 4597 καὶ
1111 4549 1267 4616 ἡμεῖς
1294 4549 1440 4601 αὐτοὶ
1479 4552 1848 4620 συνερχόμενοι

317 4630 404 4683 διὰ
433 4631 595 4700 μέσου
625 4631 683 4693 ἓξ
704 4631 941 4700 ἡμερῶν,
972 4634 1098 4699 ἇγιά
1123 4651 1178 4686 τε
1207 4636 1451 4689 Σάϐϐατα
1483 4638 1574 4689 καὶ
1611 4653 1848 4706 πνευμα-

319 4720 443 4771 τικά
467 4719 802 4789 ἑορτάζοντες
829 4724 876 4773 οἱ
910 4723 964 4788 ἐξ
991 4723 1153 4774 ἐθνῶν
1177 4725 1242 4776 δι’
1271 4725 1430 4777 αὑτοῦ
1467 4726 1848 4795 λελυτρωμένοι
1895 4751 1899 4755 ~

320 4807 434 4858 me‘
467 4809 590 4877 ὅλης
612 4807 709 4876 τῆς
731 4811 1063 4879 οἰκουμένης,
1097 4813 1162 4865 τά
1201 4813 1278 4882 τῷ
1307 4814 1561 4884 Σαόεάτῳ
1596 4815 1848 4883 πράττειν

325 4902 425 4961 τοῖς
464 4899 659 4970 ἱερεῦσι
688 4901 1138 4972 νενομοθετημένα
1179 4905 1317 4958 κατὰ
1355 4907 1444 4960 τὸν
1493 4911 1846 4977 πνευματικὸν

322 4986 475 5055 νόμον
525 4989 884 5058 ἐπιτελοῦμεν.
934 4989 1130 5053 Θυσίας
1174 5009 1231 5044 τε
1280 4994 1386 5063 γὰρ
1435 4998 1528 5049 καὶ
1577 4997 1844 5066 ἀναφορὰς

325 5076 608 5143 ποιούμεθα
641 5080 1022 5148 πνευματικὰς,
1057 5081 1151 5142 τὰς
1187 5081 1518 5152 καλουμένας
1553 5085 1737 5149 θυσίας
1766 5091 1842 5140 ai-

327 5165 530 5226 δέσεως,
577 5168 667 5217 καὶ¹
710 5168 894 5232 θυσίας
934 5169 1269 5238 ἀλαλαγμοῦο
1316 5173 1376 5225 τό
1414 5189 1470 5224 τε
1507 5173 1747 5242 θυμίαμα
1781 5177 1840 5228 τὸ

327 5253 507 5314 ,ὑῶδες
547 5255 951 5325 ἀναπέμπομεν,
986 5261 1110 5329 περὶ
1153 5256 1213 5311 οῦ
1258 5260 1492 5330 εἴρηταιο
1537 5264 1844 5330 Γενηθήτω

325 5346 354 5410 ἡ
383 5343 682 5409 προσευχή
707 5362 822 5410 μου
849 5348 926 5410 ὡς
957 5351 1209 5418 θυμίαμα
1245 5349 1492 5404 ἐνώπιόν
1518 5368 1649 5404 σου.
1691 5353 1845 5406 Ἀλλά

326 5433 407 5486 aa‘t
451 5432 571 5492 τοὺς
613 5433 803 5501 ἄρτους
846 5435 944 5502 τῆς
986 5438 1287 5508 προθέσεως
1332 5441 1718 5508 προσφέρομεν,
1749 5440 1842 5509 τὴν

328 5521 575 5586 ςωτὴριον
621 5521 830 5590 μνήμην
871 5523 1356 5595 ἀναζωπυροῦντες,
1388 5527 1447 5578 τό
1497 5544 1554 5578 τε
1589 5526 1678 5578 τοῦ
1722 5529 1844 5596 ῥαν-

327 5607 503 5676 τισμοῦ
543 5602 694 5675 αἷμα,
728 5608 820 5659 τοῦ
861 5609 1049 5676 ’Δμνοῦ
1087 5613 1177 5665 τοῦ
1216 5613 1364 5677 Θεοῦ,
1396 5613 1484 5666 τοῦ
1517 5614 1846 5684 περιελόντος

1952 4553 2065 4597 tum
2096 4554 2230 4609 erat,
2263 4561 2323 4601 ea
2348 4562 2446 4601 nos
2469 4547 2763 4601 secundum
2795 4546 2959 4614 legem
2994 4546 3323 4614 spiritualem
3356 4562 3468 4615 per-

1957 4635 2186 4691 ﬁcimus.
2237 4635 2366 4689 Nam
2414 4635 2676 4690 sacriﬁcia
2712 4644 2764 4689 et
2813 4635 3108 4690 oblationes
3145 4636 3471 4704 spirituales,

1953 4741 2070 4794 quae
2102 4728 2284 4780 hostia:
2315 4727 2488 4780 laudis
2528 4732 2581 4779 et
2621 4727 2809 4780 hostiae
2830 4725 3163 4794 jubilationis
3191 4734 3470 4790 vocantur,

1949 4815 2339 4885 persolvimus:
2377 4815 2654 4869 incensum
2679 4817 2803 4869 boni
2830 4815 3008 4868 odoris
3063 4816 3378 4878 emittimus,
3405 4817 3469 4869 de

1949 4919 2055 4972 quo
2086 4903 2283 4956 dictum
2306 4909 2388 4956 est
2421 4921 2432 4956 :
2463 4902 2589 4956 Fiat
2627 4905 2790 4956 oratio
2811 4920 2921 4956 mea
2960 4904 3091 4957 sicut
3128 4906 3387 4958 incensum
3417 4907 3467 4957 in

1947 5000 2215 5058 conspectu
2251 5000 2339 5044 tuo
2361 4992 2401 5045 ‘.
2430 4991 2540 5047 lmo
2565 4978 2721 5047 etiam
2754 5008 2918 5061 panes
2965 4995 3346 5063 propositionis
3384 4995 3467 5049 of-

1949 5082 2190 5144 ferimus,
2232 5081 2520 5138 salutarem
2557 5083 2865 5137 memoriam
2898 5084 3246 5149 refricantes;
3285 5100 3466 5154 asper-

1898 5196 1901 5197 ν
1947 5173 2150 5227 sionem
2183 5171 2308 5226 item
2345 5172 2620 5242 sanguinis
2649 5172 2785 5242 Agni
2826 5176 2937 5239 Dei,
2979 5177 3070 5244 qui
3114 5175 3252 5227 tollit
3281 5190 3477 5243 pecca-'

1946 5269 2057 5314 tum
2088 5259 2290 5326 mundi,
2337 5262 2601 5330 piaculum
2637 5263 2933 5317 animarum
2970 5273 3297 5328 nostrarum,
3335 5264 3458 5316 faci-

1948 5362 2067 5402 mus
2094 5366 2107 5400 :
2133 5348 2332 5402 lumina
2359 5363 2572 5419 quoque
2598 5352 2919 5419 cognitionis
2946 5352 3128 5407 vultus
3158 5352 3249 5406 Dei
3274 5367 3452 5406 accen~

1944 5437 2140 5492 dimus.
2172 5436 2368 5493 Verum
2407 5440 2564 5492 etiam
2606 5455 2686 5505 ea,
2735 5457 2852 5510 quae
2894 5442 2948 5494 in
2979 5443 3185 5508 psalmo
3214 5441 3463 5510 praesenti

1947 5535 2316 5592 recensentur,
2354 5531 2441 5582 illa
2469 5529 2560 5582 die
2589 5530 2841 5595 perﬁcere
2879 5531 3190 5599 satagimus,
3217 5540 3269 5591 et
3301 5543 3460 5598 opere

1949 5623 2001 5667 et
2028 5614 2201 5668 verbis
2224 5617 2536 5669 conﬁtentes
2563 5614 2804 5683 Domino,
2837 5625 2887 5671 et
2928 5618 3215 5685 psallentes
3249 5616 3459 5669 nomini

386 5757 406 5786 ³
445 5759 604 5811 Amos
635 5772 718 5816 vt.
751 5759 802 5810 5.
875 5760 895 5790 ⁸
931 5759 1031 5815 lsa.
1069 5779 1112 5818 ι.
1152 5765 1234 5818 15.
1311 5767 1328 5797 ⁵
1368 5763 1505 5818 I’sal.
1540 5781 1658 5819 ους.
1704 5767 1749 5818 1.
1827 5767 1845 5796 ⁶
1882 5765 2017 5818 Psal.
2056 5780 2151 5817 cn
2216 5765 2268 5815 9..
