4372 6410
817 481 948 537 1171

1549 478 1812 536 EUSEBII
1851 477 2320 536 CESARIENSIS
2347 478 2497 536 OPP.
2539 474 2718 532 PARS
2749 474 2836 531 Ill.
2872 507 2940 515 —
2970 472 3372 530 EXEGETIUE.

3879 468 4034 552 1172

815 601 1084 656 Altissimi
1110 620 1122 655 :
1152 615 1310 657 mane
1337 615 1550 672 quoque
1590 603 1655 657 ad
1697 603 1960 658 orientem
1991 604 2129 658 lucis
2157 612 2357 657 nostra:
2384 607 2425 663 Α
2456 601 2541 671 τὴη

2297 617 2357 657 τω
2384 607 2425 663 Α
2456 601 2551 671 τὴν
2576 601 2842 672 ἁμαρτίαν
2870 598 2963 652 τοῦ
3010 599 3233 670 κόσμου,
3271 595 3561 666 καθάρσιον
3591 594 3698 648 τῶν
3742 591 4023 666 ἡμετέρων

816 692 1246 748 misericordiam
1279 708 1309 747 a
1329 692 1441 750 Deo
1458 695 1617 750 nobis
1643 694 1932 764 praestitam
1957 694 2359 756 annuntiamus,

819 786 874 833 et
908 780 1187 836 veritatem
1232 783 1353 852 ejus
1405 785 1462 838 in
1493 785 1744 838 noctibus
1785 800 1882 854 per
1912 785 2147 838 sobriam
2186 792 2238 839 et
2273 797 2365 838 ca-

813 876 952 923 stam
983 875 1454 929 conversationem
1483 875 1830 941 exhibemus;
1875 876 1930 929 in
1964 890 2172 930 summa
2203 883 2362 945 quot-

813 964 943 1026 quot
971 961 1076 1012 alia
1104 961 1159 1014 in
1185 959 1420 1016 Sabbato
1441 977 1695 1032 peragere
1722 963 1986 1017 sancitum
2009 971 2145 1029 erat,
2173 979 2237 1018 ea
2263 979 2362 1019 nos

812 1049 868 1103 in
903 1049 1236 1106 Dominicam
1268 1054 1663 1116 transtuiimus,
1694 1062 1877 1122 utpote
1906 1070 2026 1123 qua
2053 1056 2225 1125 magis
2248 1056 2364 1110 ido-

813 1154 913 1195 nea
935 1149 989 1195 et
1023 1142 1267 1212 propria,
1291 1158 1353 1197 ac
1385 1145 1558 1213 prima
1600 1145 1727 1200 item
1757 1146 1829 1199 sit
1872 1155 1924 1201 et
1958 1160 2146 1216 agmen
2178 1147 2360 1212 ducat,

805 1236 868 1284 et
918 1228 1146 1286 Iudaico
1201 1231 1434 1287 Sabbato
1478 1235 1790 1304 pretiosior.
1844 1233 2117 1300 Namilla
2167 1237 2254 1292 die
2308 1237 2398 1291 in'

811 1322 999 1375 mundi
1025 1323 1237 1392 Opiﬁcio
1267 1339 1390 1378 cum
1419 1324 1646 1380 dixisset
1683 1323 1845 1389 Deus,
1877 1325 2002 1379 Fiat
2027 1326 2118 1380 lux
2143 1365 2158 1390 ,
2221 1326 2364 1381 facta

814 1422 898 1466 est
930 1413 1052 1470 lux"
1075 1433 1086 1466 :
1109 1414 1160 1467 in
1192 1415 1284 1468 illa
1313 1430 1530 1484 quoque
1558 1416 1839 1470 animabus
1869 1419 2072 1473 nostris
2097 1428 2249 1474 ortus
2280 1428 2363 1475 est

816 1500 911 1557 Sol
936 1504 1184 1572 justitiae.
1219 1505 1398 1571 Quare
1445 1517 1504 1560 ut
1541 1522 1603 1562 ea
1641 1507 1729 1562 die
1776 1509 2160 1564 convcniamus
2196 1509 2364 1563 tradi-

825 1601 929 1648 tum
960 1597 1116 1651 nobis
1153 1606 1257 1660 est,
1290 1604 1346 1652 et
1370 1613 1430 1652 ea
1454 1614 1573 1667 quae
1599 1599 1656 1653 in
1681 1599 1890 1668 psalmo
1917 1600 2176 1669 jubentur
2204 1600 2366 1655 nobis

821 1688 1035 1756 exsequi
1061 1697 1383 1758 praeceptum
1415 1697 1496 1745 est
1520 1709 1534 1758 ;
1562 1706 1793 1761 quorum
1829 1692 2063 1761 primum
2095 1673 2200 1756 est,
2230 1704 2362 1747 con-

815 1777 954 1832 ﬁteri
985 1795 997 1830 :
1027 1794 1151 1831 nam
1192 1780 1516 1851 principium
1573 1763 1838 1837 bonorum
1880 1790 1964 1836 est
2007 1782 2360 1852 pristinorum

813 1868 1080 1921 malorum
1106 1869 1370 1939 depositio
1412 1886 1508 1940 per
1537 1886 1719 1926 veram
1751 1872 2123 1941 paenitentiam
2153 1881 2205 1926 et
2230 1884 2364 1925 con-

2460 691 2677 761 ψυχῶν·
2719 689 3016 760 ποιούμεθά
3043 707 3103 743 τε
3137 689 3204 741 τὰ
3240 688 3392 757 φῶτα
3435 687 3533 756 τῆς
3570 685 3814 752 γνώσεως
3856 701 4025 757 προσ-

2460 781 2608 835 ώπου
2657 781 2747 834 τοῦ
2795 779 2928 834 Θεοῦ
2981 779 3337 849 ἐξαπτόμενα.
3384 776 3540 830 Ἀλλά
3581 775 3674 828 καὶ
3722 776 3791 828 τά
3836 777 3892 827 ὲν
3943 777 4026 842 τῷ

2464 872 2599 940 μετὰ
2625 874 2805 941 χεῖρας
2835 870 3031 940 ψαλμῷ
3058 870 3351 938 φιλοτίμως
3379 868 3610 920 ἐκτελεῖν
3643 863 3783 919 κατά
3806 864 3900 934 τὴν
3925 865 4022 916 αὺ-

2459 962 2556 1030 τὴν
2588 962 2799 1032 ἡμέραν
2832 960 3218 1031 σπουδάζομεν,
3257 959 3436 1027 ἔργοις
3477 957 3684 1019 τούτοις
3718 955 3811 1008 καὶ
3846 955 4025 1022 λόγοις

2460 1049 2932 1121 ἐξομολογούμενοι
2976 1051 3184 1120 Κυρίῳ,
3220 1049 3312 1102 καὶ
3351 1047 3639 1117 ψάλλοντες
3675 1043 3754 1115 τῷ
3798 1045 4021 1114 ὀνόματι

2459 1141 2553 1194 τοῦ
2599 1141 2850 1210 Ὑψίστου
2868 1157 2880 1170 ·
2924 1139 3117 1211 δρθρου
3143 1157 3199 1192 τε
3234 1140 3368 1210 πρὸς
3397 1139 3584 1201 αὑταῖς
3618 1135 3898 1198 ἀνατολαῖς
3927 1134 4018 1186 τοῦ

2461 1231 2719 1301 ἡμετέρου
2765 1230 2936 1297 φωτὸς
2982 1230 3041 1282 τὸ
3082 1229 3366 1300 γενόμενον
3415 1228 3558 1291 ἔλεος
3608 1230 3694 1295 ἐφ’
3735 1227 3882 1295 ἡμᾶς
3926 1222 4018 1276 τοῦ

2462 1322 2593 1374 Θεοῦ
2637 1321 3065 1389 διαγγέλλοντες,
3105 1323 3196 1374 καὶ
3241 1321 3339 1391 τὴν
3383 1318 3638 1389 ἀλήθειαν
3677 1314 3840 1386 αὑτοῦ
3885 1313 4018 1367 κατὰ

2461 1411 2557 1474 τάς
2587 1411 2784 1475 νύκτας
2815 1411 2900 1464 διὰ
2933 1411 3203 1481 σώφρονος
3220 1410 3328 1469 ,καὶ
3369 1409 3539 1477 ἀγνῆς
3571 1406 3911 1477 ἀναστροφῆς
3939 1406 3997 1456 ἐν

2459 1501 2806 1571 δεικνύμενοι,
2839 1503 2932 1554 καὶ
2969 1501 3142 1554 πάντα
3181 1501 3244 1572 δὴ
3293 1501 3393 1554 ὅσα
3433 1499 3564 1553 ἀλλα
3596 1498 3759 1569 ἐχρῆν
3793 1498 3850 1548 ἐν
3885 1495 4006 1548 Σαδ-

2459 1592 2606 1662 δάτῳ
2633 1593 2837 1656 τελεῖν,·
2854 1591 3022 1645 ταῦτα
3045 1595 3203 1663 ἡμεῖς
3234 1594 3290 1646 ἐν
3330 1593 3404 1663 τῇ
3430 1592 3679 1661 Κυριακῇ
3715 1586 3995 1659 μετατεθεί

2459 1699 2652 1752 καμεν,
2683 1682 2756 1744 ὼς
2790 1682 2854 1734 ἂν
2881 1683 3215 1752 κυριωτέρας
3239 1680 3403 1750 οὔσης
3445 1681 3631 1750 αὐτῆς,
3656 1679 3749 1731 καὶ
3786 1674 4018 1747 ἡγουμέ-

2460 1789 2575 1841 νης,
2594 1773 2684 1825 καὶ
2719 1771 2956 1843 πρώτης,
2979 1773 3178 1826 καὶτοῦ
3218 1771 3501 1826 Ἰουδαϊκοῦ
3522 1769 3796 1823 Σαϐϐάτου
3825 1782 4017 1836 τιμιω-

2457 1856 2639 1932 τέρας.
2668 1861 2824 1915 Κατά
2847 1861 3045 1931 ταύτην
3076 1862 3182 1932 γὰρ
3213 1862 3272 1916 ἐν
3300 1865 3367 1932 τῇ
3391 1859 3712 1930 κοσμοποιια
3743 1854 4020 1927 εἰρηκότος

813 1956 1128 2021 fessionem,
1160 1973 1276 2026 quae
1305 1959 1372 2012 ad
1402 1959 1603 2012 bonum
1636 1957 1816 2023 linem,
1845 1956 2050 2012 scilicet
2080 1955 2146 2009 ad
2188 1953 2355 2010 Deum
2386 1949 2428 2003 Β
2455 1954 2539 2008 τοῦ

2292 1971 2355 2008 ιω
2386 1949 2428 2003 Β
2455 1954 2548 2008 τοῦ
2596 1954 2750 2018 Θεοῦ,
2799 1951 3110 2020 Γενηθήτω
3147 1951 3291 2020 φῶς,
3336 1952 3430 2004 καὶ
3464 1947 3873 2020 ἐγένετοὶφῶςο
3928 1944 4018 1998 καὶ

815 2047 994 2115 ipsum
1025 2049 1256 2102 deducit.
1302 2048 1514 2103 Etenim
1561 2049 1605 2102 si
1656 2063 1814 2102 nemo
1849 2047 2024 2104 bonus
2060 2047 2164 2101 nisi
2197 2045 2356 2110 Deus.

815 2139 1029 2207 optimae
1059 2140 1155 2193 viae
1184 2139 1250 2193 ad
1280 2139 1446 2194 Deum
1472 2139 1717 2193 ducentis
1750 2137 2096 2208 principium.
2143 2138 2359 2193 confes-

815 2229 898 2284 sio
925 2229 1106 2284 fuerit.
1139 2229 1262 2283 Ideo
1284 2230 1488 2283 dictum
1519 2236 1619 2291 est,
1645 2229 1847 2283 Bonum
1881 2238 1955 2282 est
1978 2227 2212 2296 conﬁteri
2250 2227 2350 2282 Do-

813 2319 976 2372 mino.
997 2317 1104 2372 Par
1131 2319 1329 2388 quippe
1367 2329 1448 2374 est
1478 2334 1584 2373 non
1623 2319 1932 2374 hominibus
1963 2317 2358 2373 confessionem

813 2407 1004 2473 edere,
1031 2407 1126 2461 sed
1158 2408 1259 2476 ipsi
1287 2406 1516 2462 Domino
1555 2407 1719 2462 corda
1750 2408 2036 2462 scrutanti.
2067 2407 2201 2471 Quia
2231 2420 2359 2461 vero

815 2494 1088 2550 confessio
1123 2512 1218 2564 pro
1245 2497 1541 2566 gratiarum
1577 2497 1787 2550 actione
1823 2498 1948 2550 item
1985 2496 2267 2564 accipitur,
2302 2501 2361 2548 ut

808 2585 922 2654 jam
957 2587 1151 2656 saepius
1175 2587 1435 2651 diximus,
1467 2586 1589 2655 jure
1637 2584 1911 2639 Dominica
1951 2585 2036 2638 die
2065 2584 2360 2654 gratiarum

815 2676 1056 2731 actiones
1085 2675 1310 2730 Domino
1339 2676 1639 2739 reddimus,
1671 2675 1871 2745 ubique
1905 2684 2168 2728 terrarum
2195 2674 2251 2726 in
2274 2687 2362 2726 ec-

813 2764 996 2818 clcsiis
1028 2764 1146 2832 eius
1190 2766 1519 2835 congregati.
1549 2764 1686 2818 Cum
1717 2770 1896 2819 autem
1933 2779 2029 2834 per
2059 2761 2362 2817 confessio-

812 2871 936 2909 ncm
967 2871 1313 2926 progressum
1361 2864 1413 2908 et
1441 2862 1783 2926 augmentum
1826 2853 2213 2926 acceperimus,
2244 2857 2359 2904 tum

810 2945 1064 3012 iubemur
1092 2946 1318 3014 psallere
1356 2944 1422 2998 ad
1452 2946 1725 3000 meliorem
1761 2944 1953 3002 animae
1999 2949 2200 2997 statum
2233 2955 2361 3010 pro-

813 3033 953 3087 vecti
990 3053 1002 3088 :
1030 3037 1173 3089 aucti
1203 3052 1331 3090 vero
1370 3051 1434 3090 ac
1462 3037 1712 3090 meliores
1741 3034 1936 3098 eﬂ‘ecti,
1963 3034 2076 3087 haec
2107 3035 2227 3088 aliis
2264 3047 2360 3087 an-

814 3124 1088 3190 nnntiare,
1121 3139 1184 3179 ac
1213 3141 1305 3180 eos
1333 3125 1425 3195 qui
1460 3125 1526 3179 ad
1569 3140 1670 3180 nos
1691 3125 1932 3193 proxime
1961 3123 2224 3179 accedunt
2253 3125 2358 3178 mi-

815 3214 1141 3269 scricordias
1203 3215 1296 3269 Dei
1348 3215 1576 3271 edocere
1637 3215 1980 3286 praecipimur
2021 3235 2034 3270 :
2082 3223 2243 3284 atque
2303 3215 2356 3269 id

2459 2047 2574 2099 κατ’
2600 2045 2764 2116 αὐτὴν
2791 2048 2906 2106 rat;
2944 2045 3232 2114 ἡμετέραις
3258 2043 3451 2112 ψυχαῖς
3492 2042 3519 2092 ὁ
3549 2041 3649 2108 τῆς
3683 2035 4018 2103 δικαιοσύνης

2458 2138 2811 2191 ἀνατέταλκεν
2839 2137 3048 2199 Ἥλιος·
3073 2136 3150 2187 διὸ
3177 2135 3238 2205 δὴ
3255 2137 3344 2187 καὶ
3371 2136 3498 2204 ἡμῖν
3521 2130 3864 2202 συνέρχεσθαι
3882 2127 4018 2180 κατά

2457 2225 2656 2295 ταύτην
2690 2225 3061 2296 παραδέδοται,
3089 2222 3179 2278 καὶ
3219 2224 3287 2276 τὰ
3322 2224 3410 2276 διὰ
3444 2221 3537 2274 τοῦ
3565 2219 3776 2290 ψαλμοῦ
3808 2233 4018 2289 παρηγ-

2460 2315 2690 2385 γελμένα
2729 2316 2822 2368 καὶ
2849 2317 2978 2385 ἡσιῖν
3017 2317 3278 2368 ἐπιτελεῖν
3313 2313 3732 2386 προστέτακταν
3759 2304 3832 2363 ῶν
3869 2307 4019 2379 πρῶ-

2458 2407 2547 2458 τόν
2574 2407 2689 2459 ἐστι
2715 2406 2775 2458 τὸ
2804 2405 3231 2475 ἐξομολογεῖσθαι
3252 2423 3264 2435 ’
3297 2404 3435 2474 ἀρχὴ
3467 2403 3575 2474 γάρ
3608 2400 3822 2470 ἀγαθῶν
3853 2401 3886 2469 ἡ
3911 2397 4022 2450 τῶν

2460 2495 2734 2567 προτέρων
2763 2495 2944 2548 κακῶν
2977 2495 3231 2558 ἀπόλυσις
3257 2494 3342 2547 διὰ
3372 2493 3594 2565 γνησίας
3621 2490 3902 2562 μετανοίας
3926 2486 4022 2541 καὶ

2459 2586 2888 2656 ἐξομολογήσεως
2929 2587 3285 2657 ἐγγιγνομένη
3312 2625 3326 2649 ,
3379 2585 3585 2653 ἄγουσά
3637 2600 3693 2635 τε
3737 2581 3829 2634 ἐπὶ
3870 2578 4019 2643 τέλος

2459 2677 2656 2744 ἀγαθὸν
2683 2678 2842 2731 αὑτὸν
2872 2678 2962 2730 τὸν
2988 2677 3136 2734 Θεόν.
3179 2677 3241 2729 Ei
3272 2676 3392 2746 ydp
3416 2675 3586 2738 οὐδεὶς
3633 2672 3833 2742 ἀγαθὸς
3862 2673 3910 2724 εί
3943 2670 4015 2741 μὴ

2459 2769 2487 2821 ό
2513 2767 2662 2832 Θεὸς,
2694 2768 2899 2838 ἀγαθῆς
2936 2768 3155 2839 πορείας
3187 2767 3284 2836 τῆς
3327 2766 3418 2820 ἐπὶ
3461 2766 3549 2819 τὸν
3585 2765 3714 2818 Θεὸν
3757 2762 4012 2832 ἀγούσης,

2459 2858 2634 2928 ἀγαθὴ
2660 2858 2851 2926 γένοιτ’
2881 2859 2944 2912 ἂν
2970 2857 3109 2931 ἀρχὴ
3134 2860 3167 2928 ἡ
3197 2855 3591 2930 ἐξομολόγησις.
3626 2855 3716 2907 Διὸ
3739 2854 4012 2906 λέλεκταν

2473 2949 2707 3019 Ἀγαθὸν
2740 2950 2804 3003 τὸ
2839 2949 3320 3018 ἐξομολογεῖσθαι
3367 2945 3446 3010 τῷ
3499 2945 3707 3011 Κυρίῳ.
3761 2942 3870 2994 Καὶ
3910 2941 4016 3011 γὰρ
4071 2977 4074 2980 -

2459 3043 2720 3113 προσήκει
2758 3041 2830 3113 μὴ
2859 3040 3162 3112 ἀνθρώποις
3201 3035 3598 3090 ἐπιδείκνυσθαι
3635 3033 3733 3103 τὴν
3767 3032 4013 3102 ἐξομολό-

2458 3149 2634 3203 γησιν,
2657 3131 2768 3184 ἀλλ’
2802 3131 2946 3201 αὐτῷ
2975 3129 3049 3200 τῷ
3078 3129 3176 3192 τὰς
3220 3127 3442 3198 καρδίας
3486 3123 3772 3196 ἐρευνῶντι
3796 3121 4010 3205 Κυρίῳ.

2465 3223 2618 3286 ,Ἐπεὶ
2637 3223 2692 3275 δέ
2723 3221 3046 3292 λαμϐάνεται
3083 3222 3114 3290 ἡ
3144 3217 3522 3289 ἐξομολόγησις
3556 3215 3648 3269 καὶ
3679 3213 3769 3267 ἐπὶ
3803 3212 3899 3282 τῆς
3929 3212 4018 3264 εύ-

814 3317 976 3372 agere
1001 3304 1280 3358 matutinis
1326 3304 1495 3368 horis,
1543 3275 1700 3374 quasi
1737 3275 2000 3374 primitias
2038 3275 2353 3358 diurnarum
2383 3275 2424 3333 ϐ
2457 3281 2540 3381 χαι

2291 3320 2353 3358 lm
2383 3275 2424 3333 ϐ
2457 3275 2757 3381 χαριστίας,
2784 3275 2858 3371 ῶς
2891 3275 3145 3371 πολλάκίς
3183 3275 3314 3378 ἡμῖν
3349 3275 3584 3377 εῖρηται,
3618 3275 4017 3365 εἰκότως-κατά

760 3383 768 3391 ’
813 3393 1084 3448 actionum
1115 3396 1373 3464 doctrina:
1399 3397 1465 3451 de
1494 3395 1586 3450 Dei
1624 3393 1992 3449 misericordia
2018 3393 2280 3450 dicantes.

2456 3399 2550 3469 τὴν
2565 3399 2844 3469 Κυριακὴν
2871 3399 3078 3469 ἡμέραν
3102 3398 3195 3450 καὶ
3219 3398 3315 3461 τὰς
3342 3396 3684 3467 εὐχαριστίας
3707 3393 3860 3463 ἡμῶν
3890 3394 4016 3449 ἀπο.

811 3483 1020 3555 δίδομεν
1051 3485 1128 3556 τῷ
1158 3487 1362 3557 Κυρίῳ,
1395 3485 1668 3555 πανταχοῦ
1693 3485 1790 3555 τῆς
1813 3485 2130 3554 οἰκουμένης
2159 3487 2214 3537 ἐν
2243 3487 2359 3548 ταῖς
2387 3488 2692 3558 ἐκκλησίαις
2728 3487 2889 3540 αὐτοῦ
2916 3487 3333 3556 συνερχόμενοι.
3372 3484 3749 3556 Προκόψαντες
3812 3485 3870 3536 δὲ
3929 3485 4015 3537 διὰ

813 3579 910 3648 τῆς
937 3579 1383 3650 ἐξομολογήσεως,
1415 3579 1516 3650 ἡδη
1543 3578 1635 3632 καὶ
1665 3578 1884 3648 ψάλλειν
1915 3577 2241 3648 κελευόμεθα
2274 3581 2365 3631 ἐπὶ
2395 3581 2671 3650 κρείττονα
2705 3582 2880 3651 ψυχῆς
2935 3581 3261 3633 κατάστασιν
3324 3579 3677 3651 προελθόντες
3696 3595 3709 3609 ο
3747 3578 4016 3641 ἐπιδόντες

813 3669 872 3722 δέ
903 3670 981 3722 ἔτι
1023 3673 1116 3723 καὶ
1161 3671 1394 3740 βελτίους
1437 3658 1714 3742 γενόμενοι
1744 3670 1948 3724 ἑαυτῶν
1968 3711 1982 3736 ,
2028 3670 2128 3741 ἡδη
2171 3670 2263 3724 καὶ
2300 3673 2378 3734 είς
2405 3672 2617 3736 ἐτέρους
2648 3672 3024 3740 ἀπαγγέλλειν,
3051 3671 3317 3724 διδάσκειν
3346 3687 3404 3722 τε
3429 3669 3552 3731 τοὺς
3602 3670 3731 3738 ἡμῖν
3790 3667 4017 3736 πλησιά-

816 3757 1006 3822 ζοντας
1051 3761 1117 3814 τά
1166 3761 1258 3813 τοῦ
1306 3763 1510 3834 Κυρίου
1561 3763 1682 3833 ἐλέη
1737 3762 2207 3832 προσταττόμεθαο
2265 3759 2357 3816 καὶ
2387 3763 2542 3817 τοῦτο
2564 3752 2817 3836 πράττειν
2847 3763 2984 3816 κατὰ
3016 3763 3116 3826 τὰς
3141 3762 3380 3834 πρωῖνάς
3427 3761 3571 3834 ὥρας
3610 3759 3794 3830 ὥσπερ
3842 3761 4019 3830 ἀπαρ-

815 3849 915 3920 χὰς
940 3851 1045 3903 τῶν
1071 3851 1139 3903 δι’
1162 3851 1370 3923 ἡμέρας
1397 3852 1640 3922 πράξεων
1663 3853 1998 3915 ἀνατιθέντες
2027 3855 2092 3923 τῇ
2117 3851 2243 3924 περὶ
2270 3853 2362 3905 τοῦ
2390 3852 2566 3916 ἐλέους
2595 3852 2688 3906 τοῦ
2711 3851 2844 3906 Θεοῦ
2872 3851 3203 3922 διδασκαλία.

888 3958 1013 4013 Haec
1070 3973 1236 4028 porro
1297 3958 1448 4027 jubet
1507 3957 1785 4030 Scriptura
1847 3975 2103 4030 peragere
2183 3962 2360 4031 primo

818 4049 1092 4115 diluculo,
1161 4058 1442 4119 postquam
1503 4051 1711 4105 animas
1771 4059 1824 4106 et
1878 4066 2108 4119 corpora
2171 4059 2360 4108 nostra

817 4149 1086 4195 nocturno
1127 4150 1366 4211 tempore
1416 4150 1602 4197 sancta
1675 4151 1728 4198 et
1774 4158 1804 4196 a
1843 4143 2102 4198 sordibus
2143 4145 2362 4213 quibus-

818 4246 924 4301 que
978 4246 1110 4300 pura
1165 4232 1595 4296 servaverimus,
1651 4234 1976 4303 pietatisque
2038 4233 2356 4296 veritatem,

817 4321 1044 4389 repetita
1122 4320 1403 4374 nocturnis
1471 4319 1618 4373 horis
1694 4320 1878 4374 cultus
1944 4317 2037 4372 Dei
2099 4321 2358 4374 memoria

817 4396 1238 4480 susceperimus.
1287 4409 1425 4464 Olim
1477 4409 1692 4477 quidem
1744 4424 1866 4462 cum
1919 4409 2102 4478 populi
2147 4424 2214 4463 ex
2259 4409 2358 4463 cir-

817 4503 1148 4558 cumcisione
1187 4516 1284 4570 per
1344 4499 1589 4570 symbola
1644 4505 1696 4552 et
1747 4497 1945 4568 ﬁguras
1987 4498 2154 4553 Deum
2209 4499 2356 4554 cole-

2525 3962 2706 4016 Ταῦτα
2755 3963 2811 4015 δέ
2842 3963 3106 4034 πράττειν
3148 3966 3177 4016 ό
3231 3963 3386 4032 λόγος
3439 3967 3862 4034 παρακελεύεται
3899 3962 4018 4032 ἅμα

2455 4054 2521 4121 τῇ
2553 4050 2662 4121 ἐφ,
2711 4052 3150 4123 προφυλάξαντας
3194 4053 3390 4123 δηλαδὴ
3443 4051 3644 4105 ἑαυτῶν
3693 4051 3789 4114 τὰς
3841 4051 4016 4122 ψυχάς

2455 4141 2553 4193 καὶ
2584 4139 2653 4194 τὰ
2687 4141 2908 4211 σώματα
2941 4141 3080 4195 κατά
3119 4143 3241 4204 τοὺς
3274 4142 3371 4212 τῆς
3403 4139 3592 4202 νυκτὸς
3629 4141 3849 4210 καιροὺς
3884 4140 4016 4208 ἆγια
4045 4134 4052 4139 ”

2455 4232 2547 4285 καὶ
2580 4232 2777 4296 παντὸς
2807 4233 3080 4304 μολυσμοῦ
3123 4234 3510 4304 καθαρεύοντα,
3537 4231 3788 4301 ἀλήθειάν
3825 4247 3884 4282 τε
3922 4232 4016 4284 εὔ-

2457 4322 2668 4387 σεδείας
2689 4324 3146 4394 ἐπιδεδεγμένους,
3174 4324 3260 4377 διά
3293 4322 3385 4376 τοῦ
3418 4324 3509 4375 καὶ
3537 4324 3654 4384 ταῖς
3677 4323 4019 4392 νυκτεριναῖς

2462 4413 2630 4484 ὥραις
2678 4416 2775 4484 τῆς
2802 4416 2893 4469 τοῦ
2942 4414 3075 4469 Θεοῦ
3128 4415 3417 4485 θεραπείας
3473 4413 3793 4484 μεμνῆσθαι.
3841 4411 4018 4466 Πάλαι

2464 4504 2560 4574 μὲν
2617 4498 2729 4569 οὖν,
2771 4505 3004 4575 ὁπηνίκα
3053 4505 3142 4558 διὰ
3186 4505 3466 4574 συμϐόλων
3515 4504 3607 4556 καὶ
3657 4503 3840 4554 τύπων
3894 4503 4020 4556 ἐλά-

817 4600 959 4655 rent,
987 4607 1092 4645 non
1124 4592 1475 4672 incongruum
1505 4598 1619 4643 erat
1641 4604 1735 4658 per
1759 4589 2011 4657 psalteria
2044 4598 2096 4644 et
2121 4589 2358 4645 citharas
2390 4603 2434 4658 ι)
2460 4611 2543 4666 τρε

2292 4605 2358 4645 'as
2390 4603 2434 4658 ι)
2460 4611 2648 4666 τρευον
2678 4594 2727 4646 οι
2758 4595 2821 4645 ἐκ
2859 4595 3171 4664 περιτομῆς,
3203 4595 3302 4647 οὐκ
3343 4591 3564 4654 ἀπεικὸς
3596 4587 3662 4660 ῆν
3692 4588 3779 4642 διὰ
3810 4590 4018 4660 ψαλτη-

817 4682 1046 4752 hymnos
1075 4682 1181 4738 Deo
1209 4683 1471 4745 emittere,
1501 4680 1661 4750 idque
1689 4681 1776 4734 die
1821 4678 2038 4733 Sabbati
2086 4689 2358 4748 praestare,

817 4773 988 4829 otium
1033 4787 1223 4847 nempe
1261 4772 1550 4834 solventes,
1587 4779 1641 4826 et
1675 4771 1728 4823 in
1776 4769 1878 4823 hoc
1928 4769 2094 4838 legem
2140 4770 2357 4826 Sabbati
2390 4804 2398 4813 -

816 4866 1293 4936 transgredientes.
1333 4864 1443 4920 Nos
1491 4879 1618 4917 vero
1654 4863 1896 4918 Judaeum
1948 4865 2002 4916 in
2040 4864 2358 4918 abscondito

817 4963 1095 5014 servantes
1151 4957 1444 5009 secundum
1498 4952 1628 5008 illud
1684 4953 1922 5022 Apostoli
1970 4953 2358 5010 dictumzNon

817 5046 953 5099 enim
981 5047 1069 5113 qui
1120 5046 1171 5097 in
1219 5045 1515 5112 manifesto,
1548 5043 1765 5098 Indicus
1819 5056 1915 5111 est,
1946 5064 2100 5117 neque
2148 5064 2263 5117 qua:
2303 5049 2356 5100 in

817 5135 1114 5199 manifesto,
1149 5135 1202 5186 in
1233 5150 1405 5197 carne,
1423 5144 1500 5187 est
1527 5135 1884 5196 circumcisio;
1915 5137 2002 5188 sed
2028 5139 2116 5204 qui
2153 5139 2207 5190 in
2229 5137 2356 5190 abs-

817 5221 1021 5274 condito
1057 5222 1274 5275 Judazus
1312 5231 1410 5283 est,
1446 5233 1494 5276 et
1535 5223 1857 5277 circumcisio
1874 5226 2040 5278 cordis
2065 5229 2118 5279 in
2149 5228 2354 5296 spiritu,

817 5325 920 5361 non
947 5309 1194 5376 littera';
1227 5311 1424 5365 viventi
1467 5313 1720 5379 psalterio
1745 5321 1800 5367 et
1840 5313 2041 5367 cithara
2098 5319 2354 5380 animata,

818 5397 1302 5477 spiritualibusque
1373 5398 1599 5453 canticis
1679 5399 1933 5469 hymnum
2007 5402 2350 5457 eﬂ‘undimus.

816 5487 977 5541 Omni
1008 5489 1204 5556 quippe
1229 5491 1588 5544 instrumento
1613 5492 1819 5547 musico
1859 5495 2128 5562 acceptior
2153 5502 2206 5549 et
2227 5509 2356 5550 sua-

817 5577 935 5630 vior
963 5576 1071 5631 Deo
1098 5577 1259 5631 fuerit
1296 5578 1495 5632 Christi
1534 5582 1853 5651 p0pulorum
1901 5592 2217 5648 concentus,
2248 5597 2356 5653 quo

817 5666 872 5724 in
915 5669 1165 5722 omnibus
1206 5667 1298 5723 Dei
1325 5671 1571 5727 ecclesiis
1619 5686 1724 5725 una
1768 5683 1963 5741 mente,
1999 5689 2106 5730 uno
2139 5673 2354 5738 aliectu,

942 5815 1072 5874 Gen.
1112 5822 1246 5886 1,3.
1319 5823 1338 5854 ⁸
1378 5821 1532 5878 Rom.
1570 5838 1641 5892 η,
1673 5823 1775 5890 28,
1810 5825 1896 5880 29.

2467 4689 2591 4758 ρίων
2633 4686 2724 4740 καὶ
2764 4686 2986 4757 κιθάρας
3037 4687 3372 4756 ἀναπέμπειν
3408 4683 3560 4746 τινάς
3597 4682 3673 4753 τῷ
3727 4682 3846 4753 Θεῷ
3891 4685 4022 4749 τοὺς

2464 4778 2681 4847 ὕμνους,
2715 4778 2809 4831 καὶ
2846 4777 3000 4829 τοῦτο
3045 4778 3214 4830 ποιεῖν
3249 4778 3367 4838 ταῖς
3411 4774 3640 4845 ἡμέραις
3673 4773 3766 4827 τοῦ
3805 4773 4018 4828 Σαϐϐά-

2459 4885 2572 4931 του,
2607 4867 2976 4938 παραλύοντας
3015 4865 3210 4935 δηλαδὴ
3243 4864 3339 4936 τὴν
3370 4864 3587 4937 ἀργίαν,
3620 4864 3712 4918 καὶ
3750 4863 4019 4933 παραϐαί-

2461 4975 2645 5023 νοντας
2681 4960 2770 5012 τὸν
2798 4957 2957 5027 νόμον
2984 4956 3074 5009 τὸν
3113 4955 3240 5025 περὶ
3275 4954 3367 5008 τοῦ
3406 4955 3708 5008 Σαδᾶάτου·
3745 4955 3902 5023 ἡμεῖς
3934 4955 4016 5018 δὲ,

2461 5049 2549 5102 τὸν
2599 5051 2658 5104 ἐν
2718 5047 2943 5120 κρυπτῷ
3001 5048 3246 5100 Ἰουδαῖον
3300 5046 3668 5109 ἀποσώζοντες
3731 5044 3868 5097 κατὰ
3917 5047 4016 5100 τὸν

2462 5138 2733 5204 φάσκοντα
2769 5138 3079 5191 ’Δπόστολον
3099 5153 3110 5164 ·
3149 5140 3228 5190 Οὐ
3261 5137 3369 5206 γὰρ
3397 5136 3464 5188 ἐν
3489 5133 3568 5197 τῷ
3614 5134 3845 5201 φανερῷ
3881 5137 4016 5190 Ἰου-

2461 5225 2622 5292 δαῖός
2649 5229 2834 5290 ἐστιν,
2860 5225 2999 5281 οὐδὲ
3025 5227 3062 5294 ἡ
3092 5227 3161 5280 ἐν
3192 5225 3271 5290 τῷ
3307 5221 3538 5292 φανερῷ
3590 5223 3657 5286 ἐν
3699 5225 3872 5291 σαρκὶ
3907 5241 4010 5277 ιτε-

2453 5315 2684 5383 ριτομὴ,
2708 5317 2841 5370 ἀλλ’
2862 5319 2894 5369 ό
2926 5317 2995 5368 ἐν
3019 5315 3098 5380 τῷ
3121 5311 3356 5382 κρυπτῷ
3396 5311 3683 5378 Ἰούδαῖος,
3718 5312 3815 5366 καὶ
3844 5315 3878 5377 7‘,
3903 5327 3998 5364 πε-

2454 5403 2662 5470 ριτομὴ
2696 5405 2936 5471 καρδίας
2965 5406 3034 5458 ἐν
3057 5405 3360 5470 πνεύματι,
3401 5402 3473 5454 οὐ
3508 5403 3809 5472 γράμματι,
3849 5402 4000 5465 ζῶντι

2459 5492 2732 5564 ψαλτηρίῳ
2755 5496 2847 5548 καὶ
2872 5497 3070 5566 κιθάρᾳ
3097 5492 3341 5563 ἐμψύχῳ,
3363 5495 3750 5562 πνευματικαῖς
3767 5509 3824 5543 τε
3845 5491 4005 5560 ᾠδαῖς

2459 5581 2546 5632 τὸν
2587 5581 2749 5651 ὕμνον
2790 5584 3119 5652 ἀποδίδομεν.
3165 5580 3366 5644 Παντὸς
3394 5582 3438 5634 δ’
3475 5578 3565 5635 οὖν
3603 5581 3832 5651 ὀργάνου
3875 5594 4001 5646 μω-

2462 5674 2609 5727 σικοῦ
2637 5676 2824 5743 γένοιτ’
2843 5675 2908 5730 ἂν
2933 5674 3006 5744 τῷ
3027 5672 3144 5742 Θεῷ
3164 5672 3562 5745 προσηνεστέρα
3586 5673 3617 5722 ἡ
3639 5670 3745 5718 τῶν
3771 5666 3996 5730 Immo?
