4372 6396
294 521 430 576 ιιι-ιδ

1370 518 1872 573 COMIIENTARIA
1912 516 1979 572 ΙΝ
2013 514 2352 570 PSALMOS.
2374 504 2379 507 ’

3363 513 3500 568 14⁸14

287 638 425 693 λαῶν
463 640 783 710 συμφωνία,
832 641 952 694 καθ’
983 642 1046 711 ήν
1086 643 1143 695 ὲν
1185 642 1381 704 πάσαις
1427 642 1544 703 ταῖς
1587 640 1679 693 τοῦ
1716 640 1848 693 Θεοῦ
1880 647 1921 702 Α
1952 656 2013 711 pa

1769 640 1848 692 εοῦ
1880 647 1921 702 Α
1952 642 2067 711 pari
2098 654 2372 696 consensu
2400 642 2454 691 et
2480 647 2586 692 una
2611 635 2876 693 sententia
2896 642 3015 691 liuet
3041 626 3359 707 etv—pietatis,
3391 656 3495 693 una

285 730 621 801 ὶκκλησίαιςο,
654 732 990 801 ὁμογνώμονι
1026 731 1167 801 ψυχῇ
1198 732 1289 783 καὶ
1325 731 1421 800 μιᾷ
1450 728 1703 793 διαθέσει,
1730 728 1850 798 ὁμο-

284 824 523 896 φροσύνῃ
574 841 633 877 τε
685 825 778 877 καὶ
820 822 1066 893 ὁμοδοξία
1117 822 1347 884 πίστεως
1394 820 1487 873 καὶ
1535 818 1845 884 εὐσεϐείας,

282 913 559 983 ὁμόφωνον
591 913 747 983 μέλος
778 912 834 963 ὲν
863 912 981 971 ταῖς
1021 909 1407 978 ψαλμολογίαις
1438 908 1846 979 ἀναπέμπομεν.

281 1004 569 1067 Τοιαύταις
616 999 706 1057 οὖν
740 1002 1074 1073 ψαλμῳδίαις
1127 1002 1219 1053 καὶ
1264 1000 1514 1070 κιθάραις
1560 1015 1849 1070 πνευματι-

282 1097 400 1157 καῖς
438 1095 673 1166 χρῆσθαι
705 1093 991 1163 εἰώθαμεν,
1041 1092 1161 1146 ἐπεὶ
1204 1091 1298 1145 κα)⁵
1341 1090 1497 1144 τοῦτο
1542 1089 1777 1143 διδάσκει
1821 1091 1849 1142 ὁ

293 1184 611 1249 Ἀπὸστολος
636 1186 806 1251 λέγων
824 1201 837 1213 ·
874 1183 1138 1253 Ψαλμοῖς
1173 1182 1268 1237 καὶ
1299 1182 1475 1250 ᾠδαῖς
1501 1182 1601 1236 καὶ
1643 1182 1848 1250 ὕμνοις

280 1276 717 1345 πνευματικοῖς.
758 1275 855 1347 Είη
889 1275 933 1329 δ’
973 1274 1039 1329 ἂν
1078 1274 1248 1338 ἄλλως
1291 1274 1489 1346 κιθάρα
1536 1274 1633 1344 μὲν
1659 1273 1710 1327 τὲ
1726 1274 1847 1335 ,πᾶν

282 1365 459 1437 σῶμα,
484 1362 546 1422 οῦ
580 1365 802 1421 διά.τῶν
831 1368 1095 1438 κινήσεων
1121 1366 1214 1420 καὶ
1236 1366 1344 1419 τῶν
1368 1363 1617 1435 πράξεων
1644 1365 1677 1433 ή
1704 1362 1847 1433 ψυχὴ

278 1458 367 1509 τὸν
402 1459 681 1528 πρέποντα
718 1457 795 1528 τῷ
832 1457 949 1529 Θεῷ
981 1457 1145 1529 ῦμνον
1194 1455 1510 1510 ἀποδίδωσι·
1553 1454 1847 1523 ψαλτήριον

278 1548 332 1602 δὲ
359 1547 680 1619 δεκάχορδον
704 1551 743 1619 ή
768 1549 861 1602 τοῦ
889 1548 1041 1618 ἁγίου
1074 1549 1384 1617 Πνεύματος
1411 1544 1497 1599 διὰ
1528 1544 1633 1597 τῶν
1660 1542 1849 1613 αἰσθη-

278 1639 480 1710 τηρίων
522 1640 682 1694 πέντε
727 1641 823 1711 μὲν
864 1641 955 1693 τοῦ
1000 1639 1263 1710 σώματος,
1307 1634 1602 1706 ἰσαρίθμων
1646 1633 1703 1687 δὲ
1748 1632 1847 1702 τῆς

277 1729 455 1802 ψυχῆς
480 1732 780 1802 δυνάμεων,
804 1731 1205 1801 ἐπιτελουμένη,
1224 1727 1449 1798 λατρεία
1468 1743 1481 1756 ’
1508 1724 1544 1780 ἀ
1587 1724 1651 1795 δὴ
1681 1740 1844 1794 παρι-

278 1824 407 1887 στὰς
448 1826 478 1877 ὁ
523 1823 682 1887 αὐτὸς
711 1823 1030 1887 ’Δπόστολός
1074 1821 1203 1892 φησί
1257 1836 1388 1872 που*
1438 1815 1847 1885 Προσεύξομαι

275 1913 356 1978 τῷ
388 1916 697 1985 πνεύματι,
723 1914 1124 1985 προσεύξομαι
1164 1912 1231 1966 δὲ
1264 1910 1360 1965 καὶ
1394 1906 1473 1973 τῷ
1518 1908 1640 1961 νοΐ³
1670 1905 1847 1975 ψαλῶ

1951 746 2101 796 voce,
2138 732 2309 787 melos
2341 732 2396 785 in
2445 730 2761 799 psalmodiis
2814 728 3134 784 emittimus.
3176 727 3497 799 Hujusmodi

1946 824 2113 895 igitur
2141 823 2456 895 psalmodiis
2483 830 2537 877 et
2574 822 2799 878 citharis
2838 820 3230 892 spiritualibus-
3254 823 3330 875 uti
3366 838 3499 877 con-

1947 914 2268 971 suevimus:
2320 912 2447 981 quia
2500 912 2553 965 id
2608 911 2766 966 docet
2813 910 3102 981 Apostolus
3152 909 3237 966 his
3294 913 3498 980 verbis,

1948 1004 2183 1058 Psalmis
2227 1012 2277 1057 et
2307 1001 2525 1055 canticis
2559 1009 2608 1054 et
2651 1002 2858 1071 hymnis
2904 1000 3325 1070 spiritualibus’.
3378 1001 3499 1055 Alia

1946 1096 2075 1150 item
2133 1094 2346 1149 ratione
2397 1091 2607 1146 cithara
2655 1090 2818 1145 fuerit
2856 1097 3030 1144 totum
3079 1106 3295 1161 corpus,
3344 1090 3499 1160 cujus

1947 1185 2193 1239 motibus’
2216 1167 2277 1239 et
2296 1183 2550 1254 cperibus
2601 1182 2781 1235 anima
2818 1181 3201 1236 condecentem
3240 1182 3500 1252 hymnum

1946 1274 2299 1331 Deoemittit.
2340 1272 2662 1329 Psalterium
2704 1280 2882 1325 autem
2920 1270 3103 1347 decem
3150 1271 3497 1329 chordarum.

1950 1364 2186 1435 Spiritus
2230 1365 2404 1419 sancti
2460 1364 2641 1419 cultus
2687 1370 2791 1426 est,
2839 1376 2933 1432 per
2961 1362 3201 1432 quinque
3256 1362 3497 1432 corporis

1946 1472 2161 1519 sensus,
2195 1462 2248 1510 et
2282 1470 2376 1525 per
2421 1454 2644 1509 totidem
2686 1454 2877 1508 animae
2914 1454 3141 1509 virtutes
3177 1454 3447 1509 exhibitus
3482 1469 3493 1504 :

1945 1564 2066 1619 qua:
2106 1547 2191 1603 his
2241 1548 2481 1602 declarat
2524 1546 2665 1601 idem
2716 1545 3027 1616 Apostolus.
3076 1545 3250 1601 Orabo
3290 1547 3496 1615 spiritu,

1946 1634 2107 1690 orabo
2145 1644 2317 1687 autem
2347 1642 2396 1687 et
2430 1642 2637 1696 mente;
2670 1634 2899 1701 psallam
2934 1636 3123 1705 spiritu
3144 1675 3158 1699 ,
3188 1634 3413 1703 psallam
3452 1643 3499 1685 et

1946 1730 2113 1777 mente
2129 1721 2191 1776 ‘°.
2223 1719 2392 1786 Quasi
2427 1721 2633 1776 scilicet
2654 1736 2808 1778 mens
2838 1725 3000 1779 etiam
3032 1732 3211 1778 motus
3251 1738 3381 1779 suos
3404 1723 3502 1778 ha—

1946 1814 2093 1881 beat,
2132 1811 2328 1883 quibus
2359 1812 2537 1881 pulsat
2575 1826 2802 1882 corpus;
2834 1821 2887 1867 et
2937 1815 3173 1883 spiritus
3208 1814 3335 1869 item
3369 1829 3500 1885 pro-

1947 1903 2095 1973 prios
2129 1901 2369 1956 obtineat
2398 1909 2597 1967 motus,
2635 1904 2832 1973 quibus
2865 1904 3098 1959 animam
3126 1914 3325 1962 movet.

276 2002 356 2069 τῷ
387 2006 697 2073 πνεύματι,
736 2002 909 2073 ψαλῶ
954 2002 1021 2057 δὲ
1069 2001 1164 2056 καί
1211 1999 1290 2065 τῷ
1344 1999 1467 2053 νοΐ·
1517 1996 1591 2060 ὡς
1630 1997 1722 2049 καὶ
1767 1993 1861 2048 τοῦ
1897 1992 2014 2056 νοὸς
2063 1990 2196 2053 ἰδίας
2234 1991 2445 2062 ἔχοντος
2494 1994 2751 2064 κινήσεις,
2796 1994 2863 2071 δι’
2907 1987 2982 2049 ὧν
3014 1996 3370 2068 ἀνακρούεται
3440 1998 3503 2053 τὸ

278 2098 458 2169 σῶμα,
495 2101 597 2153 καί
620 2100 712 2154 τοῦ
758 2100 1062 2169 πνεύματος
1096 2097 1254 2151 πάλιν
1284 2092 1508 2158 οἰκείας,
1542 2092 1607 2145 δι’
1635 2084 1708 2146 ὧν
1745 2090 1841 2161 τήν
1866 2087 2040 2159 ψυχήν
2072 2088 2298 2157 ἐνεργεῖ.

347 2214 466 2267 Ὅτι
490 2212 789 2281 εὐφρανεῖς
814 2229 911 2281 με,
940 2212 1133 2279 Κύριε,
1166 2210 1236 2263 ἐν
1260 2207 1353 2273 ,τῷ
1387 2207 1667 2276 ποιήματι
1705 2221 1841 2268 σου,
1873 2210 1916 2264 Β
2002 2198 2073 2252 Vl

1773 2222 1841 2268 νυ,
1873 2210 1916 2264 Β
2002 2198 2167 2254 Vsus.
2205 2200 2256 2253 5.
2293 2198 2431 2264 Quia
2460 2199 2733 2256 delectasti
2774 2219 2874 2269 me,
2926 2202 3166 2269 Domine,
3202 2206 3258 2258 in
3288 2206 3499 2275 factus

276 2305 371 2359 καὶ
394 2305 464 2359 ἐν
485 2302 608 2370 τοῖς
634 2306 825 2373 ἔργοις
848 2302 964 2356 τῶν
988 2301 1198 2372 χειρῶν
1223 2316 1338 2355 σου
1378 2298 1835 2371 ἁπτιλλιάσομαι.

287 2394 345 2449 '0
374 2396 573 2464 νοήσας
614 2393 709 2465 τὴν
752 2393 857 2446 ὑπὸ
891 2392 983 2446 τοῦ
1027 2392 1161 2445 Θεοῦ
1205 2391 1575 2462 πεποιημένην
1607 2388 1869 2459 ἡμέραν,

276 2480 403 2558 περὶ
436 2482 505 2559 ἦς
535 2486 770 2557 εἴρηται,
811 2486 970 2552 Αὕτη
1020 2486 1059 2552 ἡ
1102 2481 1310 2554 ἡμέρα,
1354 2482 1433 2550 ῆν
1478 2481 1763 2547 ἐποίησεν
1807 2481 1840 2532 d

276 2580 509 2649 Κύριος,
538 2579 1028 2651 ἀμὶλιασώμεθα
1071 2579 1168 2633 καὶ
1198 2576 1613 2647 εὐφρανθῶμεν
1636 2574 1704 2627 ἐν
1732 2574 1840 2626 αὐ-

277 2668 370 2740 τῇ,
414 2665 569 2734 οὗτος
616 2672 751 2742 ἐρεῖ,
788 2672 908 2723 Ὅτι
949 2670 1249 2742 eugepae-dc
1283 2686 1379 2737 ps,
1414 2667 1615 2734 Κύριε,
1650 2665 1721 2717 ἐν
1760 2663 1841 2730 τῷ

276 2762 557 2831 ποιήματι
601 2776 735 2817 σου.
778 2761 911 2815 Ἀλλ’
945 2762 1128 2831 ἐπειδὴ
1180 2762 1305 2831 περὶ
1346 2759 1445 2828 τῆς
1489 2758 1698 2831 ἡμέρας
1746 2756 1839 2811 τοῦ

276 2853 555 2909 Σαϐϐάτω)
596 2854 626 2906 ό
658 2851 847 2925 παρὼν
889 2852 1097 2923 ψαλμὸς
1131 2851 1560 2923 προγέγραπται,
1589 2850 1841 2919 ζητήσεις

278 2943 393 3008 πῶς
440 2946 500 2999 ὲν
529 2944 710 3017 ήμέρᾳ
750 2934 1027 2998 Σαϐὁάτου
1069 2942 1372 3015 ηὖφράνθαι
1414 2939 1579 3009 λέγει,
1610 2940 1709 2993 οὐκ
1748 2936 1845 2992 ἐπι

270 3039 341 3107 τῇ
382 3036 721 3091 καταπαύσει
756 3036 849 3089 τοῦ
892 3034 1048 3100 Θεοῦ,
1079 3035 1183 3087 οὐδ’
1219 3036 1310 3087 ἐπὶ
1347 3036 1411 3105 τῇ
1450 3032 1615 3105 ἀργίᾳ
1654 3029 1837 3096 αὐτοῦ,

276 3126 374 3189 ὡς·
397 3126 464 3181 ἂν
510 3126 827 3181 ὑπολάϐοιεν
874 3126 1133 3187 Ἰουδαῖοι,
1160 3124 1249 3178 διά
1282 3125 1343 3177 τὸ
1392 3125 1449 3176 ὲν
1492 3123 1627 3192 αὐτῇ
1672 3136 1838 3174 κατα-

277 3215 478 3272 παῦσαι
518 3218 626 3272 ἀπδ
662 3219 877 3271 πάντων
908 3216 1013 3270 τῶν
1051 3216 1224 3286 ἔργων
1261 3212 1446 3275 αὐτοῦ,
1481 3205 1556 3265 ὧν
1599 3210 1835 3281 εποίησε.

277 3307 385 3361 Καὶ
408 3308 515 3379 μὴν
540 3304 728 3379 ἐχρῆν,
758 3308 912 3376 είπερ
934 3307 1038 3377 ἄρα
1064 3307 1143 3367 είς
1164 3303 1225 3356 τὸ
1259 3302 1544 3357 Ἰουδαϊκὸν
1570 3300 1840 3357 Σάόὄατον

276 3396 567 3467 ἀνεφέρετο
609 3398 677 3451 τά
720 3396 807 3449 διά
850 3394 942 3447 τοῦ
988 3393 1199 3464 ψαλμοῦ
1252 3392 1588 3464 δηλούμενα,
1640 3390 1731 3444 ἐπὶ
1770 3392 1836 3461 τῇ

279 3484 440 3555 σχολῇ
483 3484 578 3538 τοῦ
625 3483 781 3548 Θεοῦ,
822 3483 915 3537 καὶ
946 3486 1030 3554 τῇ,
1065 3482 1140 3546 ὡς
1182 3483 1247 3536 ἂν
1284 3483 1505 3547 είποιεν,
1541 3478 1839 3535 ἀναπαύσει

1941 2300 2053 2355 tua,
2092 2298 2142 2343 et
2171 2291 2228 2344 in
2260 2285 2497 2357 operibus
2541 2309 2788 2347 manuum
2822 2304 3035 2347 tuarum
3071 2296 3365 2353 exsultabo.
3396 2298 3499 2365 Qui

1940 2382 2082 2438 diem
2113 2397 2144 2435 a
2189 2380 2422 2438 Domino
2460 2382 2660 2439 factam
2712 2385 2996 2452 intellexit,
3034 2387 3101 2442 de
3140 2403 3246 2457 qua
3291 2388 3496 2443 dictum

1940 2480 2042 2537 est,
2076 2470 2205 2526 Hice
2236 2471 2369 2538 dies,
2412 2489 2567 2543 quam
2599 2473 2722 2542 fecit
2768 2473 3045 2540 Dominus,
3095 2478 3410 2532 exsultemus
3446 2489 3497 2533 et

1942 2568 2177 2623 latemur
2204 2568 2259 2621 in
2290 2568 2431 2634 ea",
2464 2568 2553 2623 hic
2576 2568 2741 2631 dicet,
2771 2568 2910 2635 Quia
2940 2568 3215 2625 delectasti
3258 2588 3356 2634 me,
3390 2571 3500 2625 Do-

1940 2661 2095 2724 mine,
2128 2660 2182 2712 in
2216 2660 2429 2729 factura
2461 2669 2573 2713 tua.
2611 2659 2717 2714 Sed
2747 2661 3005 2729 quoniam
3043 2660 3110 2716 de
3146 2662 3233 2717 die
3275 2661 3498 2718 Sabbati

1940 2752 2027 2805 hic
2051 2751 2292 2821 psalmus
2332 2751 2627 2821 inscriptus
2656 2756 2760 2815 est,
2789 2765 3002 2819 quieras
3023 2766 3125 2804 cur
3149 2751 3205 2805 in
3242 2752 3327 2806 die
3358 2752 3522 2815 Sabe...

1940 2842 2053 2897 bati
2088 2856 2146 2896 se
2193 2842 2519 2896 delectatum
2566 2854 2689 2895 esse
2735 2839 2901 2907 dicat,
2932 2854 3041 2894 non
3074 2839 3141 2895 de
3170 2839 3263 2895 Dei
3286 2844 3495 2915 requie;

1940 2930 2119 3003 neque
2146 2931 2213 2988 de
2241 2934 2359 3002 ejus
2391 2930 2714 2995 cessatione,
2742 2936 2801 2983 ut
2830 2926 2999 2985 Judai
3031 2931 3341 3001 opinentur,
3368 2933 3497 3003 quia

1940 3025 1994 3085 in
2046 3024 2166 3093 ipso
2203 3023 2436 3079 cessavit
2468 3022 2537 3078 ab
2583 3024 2838 3081 omnibus
2885 3027 3140 3099 Operibus
3186 3030 3328 3093 ‘suis,
3374 3043 3496 3099 qua

1942 3112 2089 3169 fecit.
2125 3112 2193 3166 Et
2219 3128 2348 3168 vero
2376 3114 2424 3170 si
2448 3129 2511 3170 ea
2540 3130 2661 3185 qua:
2688 3118 2745 3172 in
2790 3118 2999 3192 psalmo
3023 3117 3270 3174 feruntur
3309 3118 3496 3175 Iudai-

1940 3216 2065 3257 cum
2094 3201 2391 3257 Sabbatum
2414 3206 2766 3276 respicerent,
2788 3214 3062 3277 oporteret
3093 3209 3295 3265 dixisse
3318 3209 3492 3273 illum,

1940 3307 2000 3347 se
2019 3292 2087 3347 de
2134 3292 2245 3346 otio
2276 3290 2394 3355 Dei,
2430 3304 2612 3367 atque,
2649 3302 2707 3349 ut
2740 3295 2814 3349 ita
2850 3296 3054 3363 dicant,
3086 3298 3154 3355 de
3192 3299 3498 3355 cessatione

1940 3383 2010 3437 ab
2055 3383 2309 3453 operibus
2347 3382 2667 3439 delectatum
2696 3400 2817 3439 esse
2846 3401 2859 3437 :
2898 3396 2954 3440 at
2980 3404 3090 3443 non
3127 3390 3200 3443 ita
3233 3388 3494 3459 loquitur,

1941 3473 2036 3529 sed
2061 3472 2155 3536 ait,
2193 3470 2479 3527 Delectasti
2526 3491 2626 3539 me,
2669 3474 2909 3538 Domine,
2942 3477 2997 3530 in
3047 3477 3257 3545 factura
3295 3487 3408 3545 tua,
3442 3486 3495 3533 et

278 3546 368 3627 κᾶι
415 3546 583 3646 ἀργία
622 3546 784 3628 αὐτοῦ
821 3546 1125 3646 ηὑφράνθαι
1175 3573 1453 3642 λέγεσθαι*
1492 3546 1596 3628 νῦν
1640 3572 1695 3624 δὲ
1742 3572 1837 3642 οὐχ
1865 3546 1910 3609 C
1941 3566 1994 3619 in

1773 3572 1837 3642 ύχ
1865 3546 1910 3609 C
1941 3566 1994 3619 in
2032 3565 2273 3630 operibus
2305 3581 2554 3619 manuum
2590 3576 2803 3621 tuarum
2842 3568 3139 3636 exsultabo,
3175 3578 3358 3639 aperte
3400 3569 3495 3625 de.-

276 3661 416 3717 οὕτω
446 3666 628 3733 φησὶν,
664 3664 777 3717 ἀλλ’
809 3664 1122 3732 Εὐφρανάς
1143 3682 1239 3733 με,
1263 3665 1453 3733 Κύριε,
1474 3664 1544 3718 ἐν
1565 3662 1645 3728 τῷ
1670 3662 1837 3728 ποιή--

272 3754 412 3822 ματί
453 3768 591 3818 σου,
643 3755 741 3808 καὶ
796 3754 865 3807 ἐν
907 3754 1030 3821 τοῖς
1074 3754 1267 3823 ἔργοις
1316 3754 1432 3807 τῶν
1471 3752 1680 3824 χειρῶν
1722 3769 1836 3807 σου

276 3843 731 3914 ἀγαλλιάσομαι,
768 3844 1019 3915 ἄντικρυς
1057 3844 1326 3916 παριστὰς
1372 3844 1513 3908 ἰδίως
1558 3842 1656 3913 μὲν
1698 3844 1835 3895 νοεῖ-

279 3935 398 3989 σθαι
428 3936 491 3988 τὸ
521 3935 748 4006 ποίημα,
780 3938 872 3990 καὶ
895 3937 1054 3991 πάλιν
1086 3937 1231 4001 ίδίως
1259 3936 1327 3993 τά
1347 3936 1481 4007 ἔργα
1500 3919 1610 3985 τῶν
1640 3933 1836 4003 χειρῶν

276 4023 367 4076 τοῦ
391 4023 548 4088 Θεοῦ,
578 4026 660 4094 ἐφ’
699 4021 779 4090 οἷς
818 4026 1122 4097 ηὐφράνθαι
1168 4025 1434 4096 ὁμολογεῖ,
1460 4022 1573 4076 ἀλλ’
1606 4023 1705 4077 οὐκ
1744 4023 1838 4075 ἐπὶ

276 4114 341 4184 τῇ
386 4113 572 4187 ἀργία.
611 4113 711 4184 Elin
754 4114 798 4167 δ’
849 4114 915 4167 ἂν
967 4114 1173 4185 ποίημα
1214 4113 1314 4183 μὲν
1354 4112 1476 4165 καθ’
1510 4110 1607 4165 ἕνα
1638 4112 1837 4183 τρόπον

277 4200 411 4275 αὕτη
441 4205 475 4273 ἡ
514 4203 712 4275 ἡμέραν
747 4206 874 4275 περὶ
902 4199 970 4277 ἧς
1005 4202 1245 4274 densat“
1274 4202 1435 4269 Αὕτη
1467 4201 1506 4269 ἡ
1539 4202 1727 4272 ἡμέρα
1758 4200 1845 4273 ἣν.

276 4290 561 4361 ἐποίησεν
595 4297 629 4347 ό
657 4294 889 4360 Κύριος,
919 4292 1410 4363 ἀμυιασώμεθα
1450 4292 1547 4346 καί
1586 4296 1835 4363 εὐφρᾶν-

278 4380 468 4451 θῶμεν
491 4383 561 4437 ἐν
582 4381 734 4451 αὐτῇ
752 4399 765 4412 ·
806 4382 954 4454 δηλοῖ
982 4383 1040 4437 δι
1068 4382 1164 4455 τὴν
1195 4368 1560 4455 ἀναστάσιμον
1604 4384 1697 4451 καὶ
1720 4386 1835 4438 Κυ-

280 4472 471 4545 ριακὴν
510 4472 740 4543 ἡμέραν,
780 4472 856 4536 ὡς
903 4474 960 4525 ὲν
995 4472 1199 4544 ἑτέροις
1244 4472 1632 4540 ἀποδεικτικῶς
1667 4491 1825 4546 παρε-

280 4564 583 4635 στήσαμεν,
634 4564 702 4619 τά
750 4564 856 4617 ἀπὸ
900 4563 998 4635 τῆς
1042 4564 1393 4635 κοσμοποιίας
1449 4565 1832 4638 παραθέμενοι,

278 4653 395 4708 καθ’
431 4654 499 4726 ἢν
540 4657 569 4710 ὁ
612 4653 868 4726 Μωῦσῆς·
908 4655 1003 4706 Ἐν
1037 4652 1215 4725 ἀρχῇ,
1256 4656 1438 4728 φησὶν,
1483 4658 1771 4726 ἐποίησεν
1801 4656 1836 4709 ό

281 4745 422 4813 Θεὸς
444 4746 836 4814 τὸνιούρανὸν
856 4746 953 4801 καί
981 4742 1095 4816 τὴν
1123 4746 1267 4817 τῆν’
1299 4748 1397 4802 καὶ
1432 4748 1690 4816 ἐπιλέγει,
1726 4747 1835 4800 Γε-

276 4835 512 4903 νηθήτω
540 4832 691 4905 φῶς,
738 4821 843 4888 καί
876 4834 1113 4903 arb-ero
1154 4834 1310 4904 99(39-
1359 4835 1459 4890 xal
1485 4836 1777 4889 ἐκάλεσεν
1801 4836 1835 4888 ὁ

1941 3657 2156 3711 clarans
2205 3657 2435 3712 seorsim
2480 3655 2771 3723 iacturam,
2815 3673 2879 3713 ac
2914 3659 3142 3716 seorsim
3172 3674 3337 3730 opera
3377 3674 3496 3714 ma-

1938 3763 2105 3802 nuum
2136 3747 2229 3803 Dei
2271 3746 2523 3813 indicari,
2560 3748 2616 3803 in
2647 3741 2846 3820 quibus
2892 3764 2951 3805 se
2998 3749 3322 3807 delectatum
3373 3766 3496 3808 esse

1936 3838 2245 3905 conﬁtetur,
2280 3839 2376 3895 sed
2404 3854 2511 3894 non
2573 3841 2630 3895 in
2676 3841 3002 3897 cessatione.
3050 3840 3282 3896 Factura
3313 3850 3490 3896 autem

1937 3928 2117 3998 aliquo
2170 3930 2331 3984 modo
2379 3927 2538 3985 fuerit
2567 3930 2684 4001 ipsa
2717 3930 2859 3996 dies,
2884 3931 2952 3986 de
2980 3945 3087 3999 qua
3119 3931 3323 3985 dictum
3364 3938 3451 3987 est

1940 4017 2069 4073 Hm
2090 4019 2218 4083 dies,
2250 4036 2409 4089 quam
2456 4020 2577 4089 fecit
2607 4019 2883 4086 Dominus,
2923 4021 3239 4075 exsultantis
3268 4030 3318 4075 et
3348 4017 3485 4077 imu-

1937 4127 2056 4165 mur
2084 4112 2139 4165 in
2170 4127 2254 4165 ea.
2282 4110 2563 4182 Signiﬁcat
2595 4128 2723 4169 vero
2754 4114 3181 4171 resurrectionis
3213 4114 3354 4170 diem
3382 4113 3489 4170 Do:

1935 4201 2213 4266 minicam,
2239 4209 2299 4257 ut
2343 4202 2466 4259 aliis
2506 4204 2562 4257 in
2598 4202 2736 4260 locis
2774 4212 2960 4275 aperte
2988 4196 3475 4275 comprobavimus

1934 4291 2064 4369 dum
2091 4308 2209 4364 quae
2233 4292 2303 4348 ad
2331 4293 2519 4350 mundi
2546 4296 2875 4352 creationem
2919 4302 3168 4367 spectant
3194 4296 3489 4367 explicare-

1935 4397 2091 4439 mus:
2118 4382 2184 4439 de
2205 4397 2313 4455 qua
2345 4384 2484 4440 dixit
2520 4384 2733 4459 Moyses
2758 4402 2774 4441 :
2796 4385 2861 4441 In
2904 4387 3160 4456 principio
3189 4385 3313 4455 fecit
3350 4381 3485 4440 Deus

1934 4473 2118 4526 calum
2138 4482 2190 4527 et
2224 4474 2514 4540 terram";
2571 4488 2635 4531 ac
2673 4473 3086 4553 subjicit,:Fial
3116 4475 3229 4537 lus,
3268 4484 3321 4529 et
3346 4473 3485 4542 facta

1932 4570 2010 4615 est
2036 4560 2130 4615 lus
2144 4575 2164 4615 :
2178 4570 2227 4616 et
2255 4562 2532 4641 appellauit
2554 4563 2694 4619 Deus
2714 4564 2898 4632 lucem,
2925 4560 3061 4619 diem
3079 4563 3141 4617 ⁸⁸.
3161 4561 3323 4620 Vides
3344 4564 3488 4618 enim

1934 4650 2147 4706 nullum
2179 4650 2325 4707 aliud
2336 4653 2612 4723 opiﬁcium
2637 4669 2702 4709 ea
2718 4652 2805 4708 die
2824 4652 2962 4708 eﬂici
2991 4651 3098 4707 nisi
3129 4652 3298 4717 solum
3320 4650 3486 4716 diem,

1936 4742 2012 4797 ita
2042 4749 2104 4798 ut
2149 4743 2228 4797 illi
2279 4742 2384 4797 hoc
2413 4742 2619 4807 dictum
2663 4744 2832 4813 probe
2859 4743 3165 4808 conveniat,
3202 4741 3485 4808 "audies,

1935 4851 2093 4906 quem
2120 4834 2245 4906 fecit
2273 4833 2548 4888 Dominus.
2573 4831 2719 4887 Nihil
2749 4835 2949 4905 quippe
2997 4834 3152 4889 aliud
3178 4833 3488 4904 praterip.

281 4924 420 4991 Θεὸς
460 4926 524 4980 τὸ
540 4902 689 4994 ᾐφῶς
1001 4902 1168 4995 Ὁρᾷς
1206 4902 1317 4996 γάρ
1351 4925 1427 4989 ὡς
1466 4924 1615 4978 οὐδὲν
1651 4923 1836 4995 ἕτερον
1858 4902 1914 4979 ,D
1938 4902 2007 4984 sal

1760 4940 1836 4978 »ον
1858 4902 1914 4979 ,D
1938 4902 2054 4984 sam
2085 4902 2225 4982 diem
2263 4922 2523 4989 condidit,
2556 4912 2677 4992 qua:
2720 4902 3051 4995 eratiprima
3094 4902 3393 4985 Deininica,
3420 4923 3486 4977 de

278 5014 336 5066 ὲν
375 5015 554 5089 ταύτῃ
571 5016 777 5084 γίνεται
821 5013 1227 5087 δημιούργημα,
1269 5016 1382 5070 ἀλλ’
1426 5017 1563 5087 αῦτη
1620 5015 1755 5087 μόνη
1802 5020 1836 5089 ή

276 5101 478 5175 ἡμέρα,
508 5106 581 5170 ὡς
611 5103 935 5179 ἐφαρμόζειν
960 5105 1096 5175 αὐτῇ
1124 5107 1185 5159 τὸ
1212 5108 1417 5176 φάσκον
1447 5107 1643 5176 λόγιον,
1679 5107 1835 5176 Αὕτη

277 5189 317 5255 ἠ
342 5190 531 5259 ἡμέρα
553 5192 633 5261 ἣν
655 5193 941 5261 ἐποίησεν
967 5194 1000 5247 d
1026 5193 1255 5261 Κύριος.
1300 5194 1435 5248 om
1479 5194 1586 5265 γάρ
1627 5194 1753 5248 ἀλλο
1782 5213 1835 5249 τι

278 5278 387 5333 ἀλλ’
417 5280 586 5351 αὐτὴν
625 5282 723 5352 τὴν
759 5283 970 5354 ἡμέραν
1012 5283 1293 5354 εποίησεν,
1319 5285 1441 5355 ήτις
1473 5280 1542 5355 ἦν
1580 5287 1615 5355 ή
1646 5284 1833 5357 πρώτη

179 5418 184 5425 .
280 5369 549 5442 Κυριακὴ,
574 5372 701 5444 περὶ
722 5366 790 5443 ἧς
820 5375 913 5428 καὶ
933 5373 1027 5428 νῦν
1061 5372 1309 5443 λέγεσθαι
1342 5375 1423 5438 τὸ,
1454 5376 1571 5428 ὀτι
1608 5376 1835 5445 ηὔφρα-

279 5459 389 5528 ιεάς
417 5477 513 5529 με,
534 5462 727 5531 Κύριε,
755 5462 824 5517 έν
848 5463 929 5530 τῷ
961 5465 1239 5535 ποιήματι
1276 5479 1421 5519 σου·
1457 5464 1595 5537 ἔργα
1634 5466 1692 5521 δι
1721 5485 1835 5539 χει-

283 5548 388 5621 ρῶν
412 5550 575 5605 αὐτοῦ
601 5551 670 5607 τά
689 5554 747 5607 εν
767 5554 887 5617 ταῖς
912 5554 1047 5625 μετά
1067 5556 1238 5611 ταῦτα
1259 5556 1489 5627 ἡμέραις
1512 5556 1834 5627 γεγενῆσθαι

278 5639 753 5713 ἀναγεγραμμένα.
788 5643 944 5697 Κατὰ
976 5643 1037 5698 ει
1073 5644 1261 5717 ιτερον
1288 5645 1493 5718 τρόπον
1517 5644 1732 5718 λεχθείη
1768 5648 1835 5702 ἂν

282 5732 487 5802 ποίημα
515 5732 613 5803 μὲν
648 5731 717 5786 τά
756 5733 918 5801 νοητά
958 5734 1053 5787 καὶ
1092 5734 1282 5803 λογικά
1322 5736 1414 5790 καὶ
1447 5736 1715 5808 ἀσώματα
1739 5736 1865 5789 τοῦ-

1938 5034 2045 5089 qua
2084 5028 2230 5072 nunc
2258 5013 2481 5076 dicitur,
2530 5011 2667 5079 Quia
2706 5012 2977 5071 delectati
3018 5031 3119 5079 me,
3158 5014 3398 5077 Domine,
3430 5015 3486 5072 iu

1936 5111 2255 5177 facturatua
2278 5122 2296 5159 :
2336 5120 2499 5176 opera
2530 5114 2711 5165 autem
2766 5114 3023 5161 manuum
3054 5106 3173 5175 ejus
3211 5118 3273 5158 ea
3329 5113 3481 5170 sunt,

1934 5214 2054 5271 quae
2085 5197 2438 5267 sequentibus
2460 5196 2651 5253 diebus
2679 5195 3176 5255 factuscribuntur.
3208 5194 3329 5250 Alio
3356 5196 3486 5251 item

1936 5288 2099 5345 modo
2139 5286 2349 5342 factura
2382 5288 2639 5343 dicantur
2677 5286 2951 5343 intellectu
2981 5284 3222 5356 praedita,
3247 5285 3486 5341 rationas

1933 5378 2061 5434 bilia
2091 5384 2144 5431 et
2166 5376 2490 5448 incorporea
2533 5374 2628 5432 Dei
2654 5369 2891 5446 opiﬁcis,
2923 5390 3029 5444 qua
3069 5376 3279 5431 ratione
3303 5375 3488 5430 anima

1935 5467 2002 5523 ad
2029 5466 2319 5537 imaginem
2351 5464 2447 5522 Dei
2474 5465 2616 5531 facta
2642 5480 2765 5521 esse
2791 5464 3000 5533 scripto
3023 5466 3260 5521 traditur
3278 5481 3293 5530 ;
3310 5477 3485 5534 opera

1933 5571 2062 5614 vero
2082 5572 2341 5613 manuum
2374 5554 2815 5627 ejus,_sensibilia
2842 5560 2896 5609 et
2924 5568 3185 5626 corporea
3207 5556 3327 5626 eius
3352 5568 3485 5625 ope-

1934 5663 2016 5715 ra,
2056 5647 2123 5703 de
2161 5646 2360 5717 quibus
2398 5646 2604 5703 dictum
2638 5653 2743 5711 est,
2784 5645 3046 5712 Quoniam
3084 5645 3260 5700 uidebo
3303 5644 3483 5711 cales,

1936 5753 2094 5807 opera
2136 5740 2419 5807 digitorum
2454 5744 2684 5801 tuorum,
2726 5736 2909 5790 lunam
2945 5744 2995 5790 et
3033 5735 3237 5801 stellas,
3267 5750 3410 5810 qua"
3430 5746 3491 5792 tu

349 5886 369 5917 ⁸
407 5883 603 5956 Ephes.
642 5902 697 5955 ν,
736 5885 821 5966 l9.
898 5887 943 5981 ξ*
980 5885 1003 5941 Ι
1034 5886 1159 5945 Cor.
1193 5904 1307 5961 xiv,
1344 5891 1428 5948 is.
1494 5891 1557 5980 ff
1586 5888 1735 5949 Paul.
1768 5903 1911 5947 exivi
1934 5930 1949 5957 ,
1989 5890 2075 5945 24.

1289 5928 1307 5961 ,
1344 5891 1428 5948 i5.
1494 5891 1557 5980 fi
1586 5888 1735 5949 Paul.
1768 5903 1949 5957 cxm,
1989 5890 2077 5945 24.
2156 5890 2199 5979 l’
2236 5885 2367 5945 Gen.
2408 5902 2463 5956 ι,
2499 5887 2550 5944 1.
2630 5888 2673 5922 ¹³
2711 5884 3010 5968 ibid._'5,,5
