4372 6408
821 494 957 548 H75

1503 488 1767 547 EUSEBII
1804 486 2271 577 CESARIENSIS
2302 491 2448 549 OPP.
2483 490 2661 548 PARS
2696 489 2780 545 ΙΙΙ.
2817 519 2886 530 -
2924 482 3332 541 ΕΧΕΟΕΤῙΕΑ.

3839 486 3987 544 1176-

816 604 1047 667 fundasti
1062 606 1121 659 ιδ.
1152 604 1311 659 Docet
1348 605 1515 675 igitur
1557 605 1670 660 haec
1706 603 2002 675 Scriptura,
2036 606 2091 659 in
2122 607 2235 662 otio
2262 608 2344 662 di-
2368 615 2418 671 Α
2443 606 2541 660 Θεο

2262 608 2344 662 di-
2368 615 2418 671 Α
2443 605 2574 660 Θεοῦ
2607 605 2892 675 κτίσματα,
2918 603 3035 657 καθ’
3073 600 3102 654 δ
3145 600 3237 653 καὶ
3272 601 3304 669 ἡ
3353 600 3471 651 κατ’
3502 597 3679 651 είκόνα
3718 596 3808 651 τοῦ
3846 596 3981 652 Θεοῦ

817 698 1060 754 vinarum
1104 696 1567 760 exercitationum,
1603 697 1765 766 inque
1801 698 2101 753 cessatione
2135 713 2165 752 a
2216 712 2339 753 cor-

816 791 987 859 poreis
1016 795 1068 842 et
1103 787 1419 841 mortalibus
1463 786 1735 855 operibus,
1769 801 1926 855 quam
1973 785 2261 841 Sabbatum
2291 794 2345 843 et

816 878 1048 947 requiem
1110 876 1387 945 Scriptura
1439 886 1612 941 vocat,
1646 891 1740 931 eos
1771 877 1863 945 qui
1906 870 2358 946 contemplationi

814 969 1173 1038 spiritualium
1213 967 1372 1022 simul
1398 974 1450 1020 et
1490 968 1819 1021 sensibilium
1850 966 1943 1022 Dei
1980 983 2202 1037 operum
2247 983 2339 1021 va-

815 1068 952 1123 cant,
976 1061 1175 1121 dicere,
1196 1059 1331 1123 Quia
1356 1056 1621 1111 delectasti
1649 1074 1747 1120 me,
1786 1058 2025 1120 Domine,
2054 1059 2106 1110 in
2133 1058 2341 1127 factura

796 1138 921 1213 "tua,
951 1146 1071 1203 etin
1097 1148 1327 1215 aperibus
1363 1164 1608 1205 manuum
1634 1159 1841 1201 tuarum
1867 1148 2138 1203 exsultabo
2173 1164 2190 1199 :
2219 1164 2339 1201 nam

814 1246 873 1292 eo)
910 1237 1260 1308 magnitudine
1301 1247 1349 1291 et
1394 1237 1776 1306 pulchritudine
1826 1248 2185 1291 creaturarum
2222 1252 2343 1304 pro-

814 1330 1043 1401 portione
1063 1327 1287 1398 quadam
1305 1329 1475 1397 opifex
1498 1344 1676 1382 earum
1706 1328 2019 1396 conspicitur
2041 1328 2119 1380 “z
2148 1342 2210 1382 ac
2234 1329 2342 1397 spi-

814 1417 1045 1480 ritualia,
1098 1418 1411 1487 incorporea
1458 1426 1511 1472 et
1542 1418 1805 1481 coelestia,
1848 1433 2057 1473 necnon
2104 1418 2337 1474 visibilis

814 1504 951 1575 ejus,
982 1520 1012 1558 a
1048 1506 1317 1561 creatione
1347 1505 1529 1559 mundi
1551 1506 1803 1575 operibus
1834 1506 2097 1560 intellecta
2123 1506 2337 1575 conspi-

815 1594 1051 1658 ciuntur,
1080 1594 1375 1650 secundum
1403 1602 1647 1649 sanctum
1674 1594 2064 1664 Apostolum".

2443 696 2773 766 γεγενημένη
2814 694 2954 763 ψυχὴ
2998 689 3318 760 πεποιῆσθαι
3362 688 3791 757 άναγέγραπται’
3848 687 3989 759 ἔργα

2442 787 2517 838 δὲ-
2539 783 2733 855 χειρῶν
2785 782 2944 837 αὑτοῦ
2988 783 3055 836 τὰ
3100 778 3326 851 αίσθητὰ
3366 780 3456 833 καὶ
3500 778 3777 848 σωματικὰ
3822 776 4004 831 αὐτοῦ

2443 871 2905 942 δημιουργήματα,
2930 872 3053 940 «rapi.
3082 863 3156 923 ὧν
3183 868 3418 939 εῐρηται’
3455 866 3573 919 Ὅτι
3603 867 3815 934 ὄψομαι
3845 882 3984 932 τους

2444 954 2752 1029 οὐρανούς,
2777 960 2918 1030 ἔργα
2952 960 3067 1012 τῶν
3098 958 3407 1014 δακτύλων
3426 970 3559 1017 σου,
3598 953 3866 1022 σελήνην
3890 957 3984 1009 καί

2444 1050 2726 1123 ἀστέρας,
2769 1049 2808 1104 ἆ
2859 1050 2939 1103 σὺ
2982 1050 3388 1117 ἐθεμελίωσας.
3440 1047 3685 1101 Διδάσκει
3735 1045 3984 1115 τοίνυν-ἡ

2449 1139 2581 1208 μετὰ
2614 1141 2795 1208 χεῖρας
2836 1137 3042 1209 Γραφὴ,
3075 1140 3131 1191 ὲν
3171 1139 3235 1206 τῇ
3280 1136 3437 1207 σχολῇ
3482 1134 3586 1187 τῶν
3622 1132 3777 1186 θείων
3821 1134 3985 1199 ἀσκή-

2447 1244 2601 1293 σεων,
2624 1229 2717 1280 καὶ
2737 1230 2801 1298 τῇ
2823 1227 2929 1279 τῶν
2952 1227 3268 1297 σωματικῶν
3301 1227 3391 1279 καὶ
3416 1225 3616 1294 θνητῶν
3641 1224 3814 1295 ἔργων
3832 1225 3977 1292 ἀσχο-

2445 1318 2533 1389 λίᾳ
2563 1334 2620 1371 τε
2664 1319 2756 1371 καὶ
2785 1318 2968 1390 ἀργίᾳ,
3002 1317 3069 1387 ῆν
3110 1333 3227 1371 τινα
3264 1316 3531 1370 Σάὸϐατον
3559 1315 3651 1369 καὶ
3694 1316 3989 1369 ἀνάπαυσιν

2438 1412 2466 1463 ό
2494 1410 2645 1478 λόγος
2669 1408 2943 1473 ἀποκαλεῖ,
2980 1410 3036 1462 ὲν
3062 1411 3126 1480 τῇ
3148 1407 3347 1479 θεωρίᾳ
3383 1407 3488 1459 τῶν
3528 1423 3587 1458 τε
3621 1406 3821 1477 νοητῶν
3857 1404 3992 1475 ὁμοῦ

2440 1501 2653 1563 καὶτῶν
2676 1500 2834 1569 αίσθη
2843 1516 2950 1552 των
2966 1498 3138 1571 ἐργῶν
3153 1498 3245 1551 τοῦ
3264 1496 3393 1550 Θεοῦ
3412 1495 3761 1567 σχολάζοντας
3792 1495 3987 1563 λέγειν’

2440 1594 2558 1646 Ὅτι
2596 1590 2905 1659 ωὕφρανάς
2947 1607 3043 1660 με,
3082 1591 3275 1658 Κύριε,
3306 1588 3375 1640 ἐν
3416 1586 3495 1652 τῷ
3531 1584 3808 1654 ποιήματι
3851 1599 3993 1644 σου,

814 1676 907 1739 καὶ
929 1687 999 1745 ἐν
1025 1687 1146 1752 τοῖς
1172 1688 1363 1757 ἔργοις
1398 1687 1515 1741 τῶν
1544 1687 1751 1756 χειρῶν
1769 1703 1883 1742 σου
1902 1687 2352 1757 ἀγαλλιάσομαι,
2376 1688 2444 1740 ἐκ
2466 1686 2747 1756 μεγέθους
2768 1684 2875 1755 γὰρ
2898 1685 2996 1738 καί
3017 1682 3316 1751 καλλονῆς
3339 1680 3670 1749 κτισμάτων
3692 1677 3989 1746 ἀναλόγως

813 1791 845 1842 δ
870 1781 1273 1850 τενεσιουργύς
1306 1779 1501 1834 αὐτῶν
1543 1782 1856 1850 θεωρεῖτῑιν
1884 1783 1975 1836 καὶ
2003 1782 2072 1835 τὰ
2096 1781 2259 1851 νοητὰ
2278 1782 2333 1834 δὲ
2377 1784 2467 1835 καὶ
2492 1782 2750 1851 ἀσώματα
2771 1781 2864 1834 καὶ
2902 1779 3257 1850 ὑπερκόσμια,
3284 1778 3353 1831 τά
3385 1794 3444 1829 τε
3478 1775 3651 1846 ὁρατά,
3693 1771 3855 1828 αὐτοῦ
3890 1771 3992 1826 ἀπό

813 1873 1031 1936 κτίσεως
1074 1873 1272 1941 κόσμου
1313 1874 1418 1934 τοῖς
1461 1873 1723 1943 ποιήμασι
1770 1871 2027 1944 νοούμενα
2075 1873 2384 1944 καθορᾶται,
2434 1873 2572 1926 κατὰ
2625 1872 2715 1925 τὸν
2770 1871 2910 1942 ίερὸν
2956 1870 3290 1924 ’Δπόστολον.

883 1986 1051 2041 VEBG.
1083 1984 1213 2049 6,7.
1255 1985 1425 2051 Quam
1476 1986 1811 2057 magniﬁcam
1858 1998 1977 2043 sunt
2030 2006 2185 2057 opera
2234 2000 2344 2055 tua,
2377 1996 2421 2054 Β
2525 1991 2609 2056 Ὠς

2267 2008 2344 2055 ita,
2377 1996 2421 2054 Β
2525 1991 2617 2056 Ὠς
2643 1989 3009 2059 ἐμεγαλύνθη
3048 1987 3119 2041 τὰ
3164 1985 3306 2055 ἔργα
3352 1999 3488 2049 σου,
3526 1984 3721 2051 Κύριε,
3766 1981 3993 2051 σφόδρα

812 2076 1028 2129 Domine
1043 2075 1065 2128 !
1089 2077 1242 2129 nimis
1263 2077 1535 2146 profundis
1558 2079 1711 2146 facte
1724 2088 1842 2132 sunt
1860 2080 2195 2148 cogitationes
2220 2090 2346 2137 tute.

820 2163 916 2216 Vir
936 2164 1184 2232 insipiens
1210 2181 1312 2219 non
1335 2176 1625 2235 cognoscet,
1663 2176 1712 2220 et
1746 2168 1937 2239 stultus
1967 2186 2067 2222 non
2110 2171 2356 2239 intelliget

814 2251 940 2305 hac.
971 2252 1074 2316 Me,
1102 2254 1295 2324 inquit,
1327 2254 1617 2319 delectasti,
1652 2254 1889 2320 Domine,
1920 2258 1972 2309 in
2002 2258 2210 2326 {actura
2242 2269 2351 2322 tua,

812 2352 859 2396 et
888 2344 945 2396 in
970 2342 1209 2413 operibus
1244 2359 1490 2396 manuum
1515 2354 1723 2397 tuarum
1732 2361 1759 2418 ε
1793 2346 1883 2399 sed
1926 2362 2034 2400 non
2060 2349 2234 2417 quivis
2255 2349 2354 2402 ho-

811 2447 901 2486 mo
925 2433 1044 2500 pari
1084 2438 1245 2499 atque
1275 2446 1374 2501 ego
1403 2432 1562 2487 modo
1602 2433 1822 2490 allectus
1872 2443 1974 2491 est.
2018 2437 2167 2492 Multi
2197 2455 2351 2493 namv

812 2538 919 2592 que
942 2520 1261 2591 insipientes
1275 2529 1328 2576 et
1352 2522 1721 2592 imprudentes
1733 2534 1879 2589 sunt,
1909 2524 2002 2595 qui
2030 2542 2129 2581 nec
2154 2537 2353 2583 norunt

813 2624 914 2665 nec
945 2609 1251 2681 intelligunt
1282 2626 1366 2677 ea,
1399 2612 1452 2664 in
1479 2612 1673 2680 quibus
1704 2628 1787 2668 me
1816 2613 2068 2668 delectari
2096 2622 2149 2669 et
2176 2616 2353 2670 exsul-

813 2707 932 2752 tare
976 2697 1254 2753 eontiteor.
1296 2698 1655 2765 Quamobrem
1705 2702 1794 2770 qui
1839 2716 1963 2756 vere
2009 2704 2271 2773 insipiens
2299 2712 2352 2758 et

814 2789 1015 2845 stultus
1063 2798 1166 2852 est,
1211 2788 1306 2843 Dei
1353 2791 1685 2859 providentia
1728 2802 1780 2847 et
1830 2793 1993 2847 verbo
2040 2796 2350 2848 universum

724 2952 727 2953 ν
814 2880 1125 2936 constitisse
1171 2887 1365 2950 negat;
1396 2882 1488 2937 sed
1537 2882 1647 2936 fato
1678 2893 1734 2938 et
1770 2883 2099 2946 necessitati,
2128 2885 2348 2940 insano-

814 2986 921 3039 que
958 2969 1171 3025 cuidam
1208 2971 1392 3024 cursui
1436 2986 1497 3023 ae
1545 2970 1774 3025 fortuna:
1822 2979 1967 3025 tanta
2007 2970 2099 3027 Dei
2137 2972 2348 3042 opiﬁcia

816 3062 1055 3119 ascribit.
1091 3060 1286 3117 Verum
1320 3062 1500 3127 etiam,
1546 3070 1601 3115 ut
1632 3062 1874 3126 insanus,
1901 3063 1956 3116 in
1986 3063 2221 3118 universi
2252 3064 2345 3117 ad-

818 3152 1215 3221 ministratione
1251 3150 1361 3204 ruit
1406 3158 1458 3205 et
1500 3151 1695 3205 labitur
1742 3151 2011 3222 opinione,
2054 3153 2198 3223 quod
2244 3155 2347 3223 ipsi

818 3241 1062 3295 vidcantur
1112 3241 1339 3294 multum
1383 3240 1560 3294 inesse
1592 3241 1647 3293 in
1685 3240 1895 3293 mortali
1934 3241 2041 3293 vita
2071 3241 2347 3311 inaequali-

2453 2082 2863 2149 ἐϐαθύνθησαν
2900 2080 2954 2131 ot
3001 2075 3369 2145 διαλογισμοί
3406 2090 3540 2129 σου.
3580 2073 3747 2141 Ἀνὴρ
3797 2072 3994 2141 ἄφρων

2453 2172 2523 2222 οὐ
2561 2168 2863 2237 γνώσεται,
2903 2166 2999 2219 καὶ
3044 2166 3331 2230 ἀσύνετος
3380 2166 3451 2217 οὐ
3495 2161 3751 2229 συνήθει
3790 2160 3992 2215 ταῦτα.

2466 2257 2619 2327 Ἐμὲ,
2660 2257 2840 2327 φησιν,
2862 2256 3184 2323 ηὔφρανας,
3213 2250 3258 2307 ὦ
3277 2254 3472 2320 Κύριε,
3511 2252 3580 2305 ἐν
3618 2251 3697 2316 τῷ
3719 2249 4000 2319 ποιήματέ

2452 2367 2585 2411 σου,
2609 2348 2705 2401 καὶ
2724 2348 2793 2400 ἐν
2811 2347 2932 2411 τοῖς
2954 2345 3143 2414 ἔργοις
3163 2343 3277 2397 τῶν
3295 2342 3502 2411 χειρῶν
3516 2358 3630 2395 σου
3647 2359 3660 2371 ·
3679 2341 3790 2395 ἀλλ’
3815 2341 3875 2393 οὐ
3902 2340 3995 2393 καὶ

2452 2441 2555 2502 πᾶς
2579 2439 2714 2509 ἀνὴρ
2738 2437 2836 2508 τὴν
2862 2436 3026 2505 αὐτὴν
3065 2435 3183 2503 ἐμοὶ
3210 2433 3361 2503 φέρει
3393 2432 3643 2485 διάθεσιν.
3678 2430 3868 2483 Πολλοὶ
3888 2430 3997 2500 γάρ

2450 2531 2582 2583 εἰσιν
2611 2528 2837 2599 ἄφρονες
2857 2526 2947 2579 καὶ⁸
2966 2523 3227 2587 ὰσύνετοι,
3254 2524 3312 2575 οὐ
3336 2520 3705 2589 γινώσκοντες,
3728 2521 3845 2574 οὐδὲ
3868 2537 3994 2572 συν-

2454 2620 2619 2681 ιέντες
2662 2618 2799 2673 αὐτὰ
2825 2616 2889 2687 δὴ
2924 2616 3093 2668 ταῦτα
3118 2654 3132 2677 ,
3174 2614 3256 2682 ἐφ’
3304 2607 3383 2675 οἷς
3424 2612 3579 2676 αὐτὸς
3623 2610 3995 2683 εὐφραίνεσθαι

2449 2710 2540 2762 καὶ
2575 2708 2830 2779 άγαλλιᾷν
2869 2705 3131 2777 ὁμολογῶ.
3154 2704 3359 2775 ,Διόπερ
3387 2706 3415 2756 ό
3458 2704 3530 2766 ώς
3560 2701 3773 2785 άληθῶς
3810 2700 3997 2771 ἄφρων

2448 2802 2541 2854 καὶ
2568 2799 2817 2861 ἀσύνετος
2847 2800 3056 2869 ἀναιρεῖ
3089 2796 3184 2866 μὲν
3212 2796 3272 2847 τὸ
3298 2795 3520 2865 προνοίᾳ
3559 2794 3653 2846 καὶ
3694 2792 3835 2861 λόγῳ
3861 2791 3995 2844 Θεοῦ

2450 2889 2760 2943 συνεστάναι
2784 2887 2843 2940 τὸ
2871 2889 2997 2949 πᾶν,
3027 2884 3327 2955 εἱμαρμένῃ
3353 2884 3408 2936 δὲ
3443 2882 3538 2935 καὶ
3570 2883 3798 2952 ἀνάγκῃ,
3820 2879 3998 2948 ἀλόγῳ

2445 2990 2503 3032 τε
2534 2979 2673 3048 φορᾷ
2702 2976 2794 3029 καὶ
2818 2976 2954 3044 τύχῃ
2977 2973 3310 3044 προσγράφει
3338 2972 3405 3024 τὰ
3426 2969 3720 3040 τηλικαῦτα
3745 2968 3837 3020 τοῦ
3857 2966 3996 3021 Θεοῦ

2443 3068 2906 3139 δημιουργήματα.
2944 3064 3101 3118 Ἀλλὰ
3139 3064 3232 3116 καὶ
3271 3062 3346 3126 ώς
3387 3060 3637 3123 ἀσύνετος
3668 3060 3997 3130 προσκόπτει

2443 3163 2507 3230 τῇ
2531 3160 2787 3229 διοικήσει
2822 3154 2917 3209 τοῦ
2947 3154 3162 3219 παντὸς,
3186 3154 3271 3207 διὰ
3311 3154 3371 3207 τὸ
3414 3153 3585 3205 δοκεῖν
3620 3149 3816 3214 πολλὰς
3854 3152 3993 3203 ἀνω-

2448 3247 2642 3319 μαλίας
2670 3249 2726 3300 ὲν
2761 3246 2837 3316 τῷ
2862 3245 3037 3315 θνητῷ
3070 3245 3167 3315 βίῳ
3195 3245 3435 3313 θεωρεῖν.
3468 3244 3526 3296 '0
3567 3242 3664 3311 μὲν
3693 3236 3783 3293 οὖν
3810 3240 3994 3310 ἄφρων

820 3330 969 3387 tatis.
999 3328 1264 3399 lnsipiens
1312 3330 1474 3399 igitur
1498 3330 1586 3384 ille
1617 3339 1670 3383 et
1702 3330 1925 3386 insanus
1953 3347 2063 3387 rem
2106 3347 2244 3401 :egre
2272 3331 2345 3385 fe—
2372 3344 2412 3399 (ζ
2445 3341 2537 3395 καὶ

2272 3331 2345 3385 τε·
2372 3344 2412 3399 C
2445 3341 2537 3395 καὶ
2567 3339 2817 3400 ἀσύνετος
2848 3336 3201 3406 δυσχεραίνων
3229 3335 3386 3398 εὐθὺς
3416 3334 3508 3387 ἐπὶ
3546 3332 3858 3403 βλάσφημον
3898 3331 3991 3384 καὶ

820 3436 966 3481 rens.
995 3421 1170 3476 statim
1198 3420 1264 3474 ad
1289 3420 1657 3489 blasphemum
1685 3429 1737 3475 et
1763 3420 1983 3490 impium
2004 3422 2341 3475 ratiocinium

822 3509 1066 3572 vertitur,
1087 3509 1279 3563 borum
1309 3522 1522 3563 causam
1547 3509 1799 3564 dictitans
1824 3525 1963 3572 esse,
1997 3510 2136 3579 quod
2170 3510 2349 3564 nullus

824 3602 896 3654 sit
924 3598 1085 3662 Deus,
1117 3599 1263 3653 nulla
1312 3598 1677 3667 providentia;
1721 3598 1815 3653 sed
1842 3601 2036 3652 'omnia
2074 3609 2271 3654 temere
2298 3611 2351 3654 et

824 3704 954 3743 casu
990 3688 1248 3743 ferantur.
1284 3687 1393 3757 Ego
1424 3704 1549 3742 vero
1575 3689 1734 3741 etiam
1762 3687 1815 3740 in
1845 3688 1950 3742 illis
1978 3690 2223 3743 obscuris
2255 3704 2351 3742 oc-

824 3778 1090 3846 cultisque
1126 3768 1308 3839 rebus,
1340 3778 1425 3847 pia
1458 3776 1694 3830 imbutus
1721 3778 2004 3841 sententia,
2036 3793 2351 3846 persuasum

824 3870 996 3925 habeo
1036 3869 1224 3937 iudicii
1279 3876 1334 3924 et
1376 3869 1859 3923 administrationis
1916 3862 2017 3923 ttiie
2070 3871 2351 3934 rationem,

827 3962 1137 4028 parvitatem
1163 3975 1333 4015 meam
1358 3961 1515 4031 longe
1543 3975 1815 4029 superare.
1835 3959 2189 4024 Quamobrem
2212 3960 2351 4022 dico,

828 4048 1000 4114 Quam
1040 4052 1371 4119 magniﬁcam
1401 4060 1518 4105 sunt
1549 4066 1702 4118 opera
1740 4054 1850 4109 tua,
1894 4049 2145 4103 Domine!
2176 4051 2354 4102 admo-

828 4140 951 4190 dum
1004 4137 1215 4191 excelsa:
1260 4138 1411 4205 facta:
1462 4149 1581 4191 sunt
1628 4140 1959 4206 cogitationes
2004 4148 2124 4192 tum.
2163 4141 2224 4192 Et
2264 4140 2354 4207 qui

827 4229 1035 4297 possint
1068 4229 1314 4282 mortalia
1361 4229 1661 4295 ratiocinia,
1713 4230 1976 4297 profunda
2029 4226 2121 4281 Dei
2173 4230 2355 4296 explo-

826 4336 969 4383 rare,
997 4327 1051 4372 et
1078 4319 1430 4389 cogitationes
1458 4318 1575 4386 ejus
1592 4320 1739 4387 queis
1757 4320 1990 4371 humana
2017 4319 2355 4371 administrat

831 4407 1189 4477 cognoscere?
1213 4408 1671 4471 Quemadmodum
1710 4410 1851 4460 enim
1884 4409 2060 4462 nullus
2092 4409 2354 4461 hominum

832 4498 967 4548 novit
994 4514 1105 4563 qua:
1130 4506 1246 4548 sunt
1270 4496 1510 4560 hominis,
1543 4498 1643 4549 nisi
1681 4497 1894 4564 spiritus
1924 4499 2011 4565 qui
2040 4501 2090 4549 in
2116 4500 2225 4564 ipso
2254 4506 2351 4560 est;

832 4584 905 4635 sic
932 4599 1043 4651 quo:
1077 4585 1168 4636 Dei
1195 4592 1313 4637 sunt
1334 4585 1510 4647 nullus
1563 4580 1729 4659 novit,
1764 4587 1867 4639 nisi
1911 4585 2135 4654 Spiritus
2177 4587 2270 4639 Dei
2288 4589 2349 4651 ‘7,

2449 3428 2615 3498 ἀσεϐῆ
2639 3424 2889 3495 λογισμὸν
2920 3424 3195 3495 τρέπεται,
3233 3422 3494 3492 ἀθεότητα
3531 3439 3589 3474 τε
3618 3422 3709 3473 καὶ
3738 3421 4022 3495 άπρονοη-θ

2448 3519 2597 3581 σίαν,
2628 3516 2799 3570 καὶτὸ
2823 3513 2965 3583 είκῆ,
2990 3513 3079 3565 καὶ
3107 3512 3181 3575 ώς
3201 3509 3376 3581 ἔτυχε,
3401 3510 3599 3563 τούτων
3624 3504 3757 3561 εἶναι
3778 3509 3998 3575 φάσκων

2424 3609 2622 3681 ¹αίτια·
2657 3605 2764 3683 ἐγὼ
2812 3604 2888 3669 δὲ’,
2934 3604 3024 3656 καὶ
3065 3602 3155 3655 ἐπὶ
3200 3600 3307 3654 τῶν
3351 3599 3755 3670 προειρημένων
3788 3596 3995 3667 ἀδήλων

2450 3696 2683 3750 εὐσεϐεῖν
2735 3694 3139 3761 δεδιδαγμένος,
3189 3691 3489 3760 πέπεισμαι
3508 3686 3525 3754 ,’
3568 3690 3663 3761 ηὸτι
3710 3688 3847 3758 ὑπὲρ
3898 3686 4003 3757 τὴν

2451 3786 2587 3856 ἐμὴν
2634 3781 2963 3855 σμικρότητα
3007 3781 3353 3850 τυγχάνουσιν
3396 3783 3443 3833 οί
3482 3780 3579 3848 τῆς
3634 3779 3731 3849 σῆς
3768 3778 3997 3849 κρίσεως

2452 3877 2543 3929 καὶ
2563 3874 2870 3945 διοικήσεως
2894 3872 3057 3939 λόγοι.
3090 3871 3178 3922 Διό
3202 3888 3341 3941 φημι
3359 3886 3371 3898 ·
3409 3871 3506 3935 Ὠς
3531 3869 3895 3936 ἐμεγαλύνθη
3930 3865 3999 3919 τὰ

2451 3966 2591 4033 ἔργα
2622 3979 2758 4027 σου,
2781 3962 2987 4030 Κύριεὶ
3022 3959 3253 4028 σφόδρα
3293 3956 3768 4025 ὺπερυψώθησαν
3790 3957 3842 4007 cl
3874 3954 3998 4008 δια-

2451 4055 2723 4123 λογισμοί
2748 4053 2902 4105 ’σου.
2946 4052 3055 4105 Καὶ
3101 4049 3259 4102 πόθεν
3303 4049 3407 4119 γὰρ
3466 4046 3673 4117 θνητοῖς
3729 4044 3998 4113 λογισμοῖς

2453 4146 2672 4216 ἐρευνᾷν
2713 4144 2781 4197 τὰ
2807 4143 2942 4213 βάθη
2967 4141 3058 4195 τοῦ
3091 4141 3252 4207 Θεοῦ,
3283 4140 3375 4193 καὶ
3409 4136 3688 4207 γινώσκειν
3729 4136 3853 4198 τοὺς
3883 4135 3999 4187 δια-

2452 4237 2736 4305 λογισμοὺς
2764 4232 2925 4287 αὐτοῦ
2958 4232 3170 4295 καθόὒς
3204 4232 3392 4285 διοικεῖ
3427 4216 3495 4282 τὰ
3532 4226 3867 4298 άνθρώπινα;
3911 4226 3999 4288 Ὠς

2452 4329 2559 4398 γὰρ
2579 4326 2749 4387 οὐδεὶς
2780 4324 2915 4393 ἔγνω
2936 4323 3049 4376 τῶν
3075 4322 3394 4390 ἀνθρώπων
3407 4319 3478 4373 τὰ
3495 4318 3597 4372 τοῦ
3618 4314 3924 4383 ἀνθρώπου
3947 4316 4001 4367 ει

2452 4417 2531 4485 μὴ
2555 4416 2618 4468 τὸ
2640 4414 2867 4479 πνεῦμα
2884 4412 2949 4465 τὸ
2967 4414 3034 4465 ἐν
3053 4411 3226 4477 αὐτῷ,
3246 4411 3395 4465 οὕτω
3417 4408 3511 4463 καί
3534 4407 3605 4461 τὰ
3623 4406 3727 4460 τοῦ
3745 4405 3890 4458 Θεοῦ
3909 4406 3980 4457 οὑ

2452 4506 2573 4571 delc
2607 4506 2755 4574 ἔγνω
2790 4505 2843 4555 εὶ
2872 4502 2957 4569 μὴ
2988 4502 3053 4553 τὸ
3082 4501 3319 4569 Πνεῦμα
3335 4499 3438 4552 τοῦ
3465 4495 3632 4558 Θεοῦ,
3661 4494 3753 4547 καὶ
3772 4493 3869 4561 οὐχ
3894 4486 4000 4553 οἷός

2457 4616 2517 4650 τε
2544 4597 2738 4663 λέγειν.
2768 4592 2955 4661 Ἡμεῖς
2976 4590 3042 4643 δὲ
3062 4592 3131 4643 οὐ
3159 4589 3221 4642 τὸ
3242 4588 3471 4663 πνεῦμα
3491 4585 3595 4639 τοῦ
3622 4586 3851 4651 κόσμου
3873 4577 3996 4635 ἑλόν

837 4688 1004 4739 neque
1031 4662 1205 4727 dicere
1232 4682 1407 4743 potest
1430 4691 1443 4726 :
1466 4672 1574 4727 Nos
1604 4686 1771 4729 autem
1788 4693 1887 4729 non
1913 4677 2151 4745 spiritum
2182 4676 2357 4728 mundi
2388 4665 2434 4718 Γ)
2461 4689 2563 4754 σομ

2271 4676 2357 4728 "di
2388 4665 2434 4718 D
2461 4662 2653 4754 ὅομεν,
2688 4666 2819 4737 άλλὰ
2856 4682 2915 4733 τὸ
2955 4679 3177 4749 Πνεῦμα
3203 4678 3295 4739 τοῦ
3320 4662 3451 4730 Θεοῦ
3470 4694 3483 4707 ’
3523 4675 3647 4747 περὶ
3674 4669 3734 4728 οῦ
3766 4673 3996 4743 εἴρηται·

834 4763 1196 4828 accepimus“,
1228 4764 1320 4817 sed
1353 4762 1608 4832 Spiritum
1642 4764 1754 4829 Dei,
1784 4767 1849 4821 de
1879 4782 1985 4837 quo
2008 4768 2209 4822 dictum
2232 4777 2314 4819 est
2341 4782 2352 4815 :

837 4852 976 4905 Nam
1031 4852 1254 4919 Spiritus
1313 4855 1485 4907 omnia
1543 4865 1833 4923 scrutatur,
1886 4860 2039 4910 etiam
2100 4858 2357 4927 profunda

836 4940 931 4996 Dei
954 4943 1027 5008 ¹⁹;
1054 4956 1173 5011 qua:
1214 4956 1335 4995 cum
1374 4944 1537 5010 probe
1579 4944 1771 5009 norim,
1809 4947 2112 5003 nullatenus
2152 4948 2218 5002 de
2265 4948 2361 4999 ho-

839 5031 1042 5084 minum
1088 5034 1444 5099 intequalitate
1492 5034 1808 5101 perturbor;
1849 5036 1954 5089 imo
1993 5053 2121 5091 vero
2156 5037 2360 5106 gaudeo

838 5128 891 5173 et
919 5121 1088 5185 laetor,
1140 5121 1489 5190 providentiae
1536 5126 1794 5180 ratiOnem
1847 5140 1954 5179 non
1999 5127 2065 5180 ab
2112 5128 2362 5180 humanis

839 5212 1075 5273 casibus,
1101 5216 1192 5266 sed
1219 5212 1286 5266 ab
1330 5214 1581 5283 operibus
1622 5230 1878 5272 manuum
1907 5211 1998 5269 Dei
2042 5217 2182 5269 etab
2210 5218 2363 5285 opill-

840 5302 938 5356 ciis
964 5300 1079 5368 ejus
1105 5314 1281 5358 mente
1313 5305 1642 5373 concipiens.
1679 5304 1895 5359 Gaudeo
1936 5307 2059 5360 item
2090 5315 2142 5360 et
2175 5308 2362 5361 admo-

840 5389 968 5445 dum
992 5391 1164 5454 laetor,
1182 5393 1249 5447 iis
1267 5394 1499 5447 donatus
1528 5393 1702 5455 bonis,
1734 5394 1929 5461 quibus
1955 5394 2212 5463 insipiens
2242 5393 2363 5463 qui-

841 5478 971 5532 libet
999 5487 1053 5533 et
1082 5479 1278 5533 stultus
1311 5482 1575 5548 privatur,
1603 5496 1703 5534 nec
1732 5479 1873 5533 valet
1909 5486 1976 5533 ab
2006 5482 2255 5550 cperibus
2269 5480 2364 5535 Dei

844 5567 985 5624 illius
1014 5569 1358 5640 providentiae
1382 5571 1438 5625 in
1459 5571 1635 5624 omnia
1671 5570 1902 5625 rationes
1933 5567 2185 5625 ediscere.

950 5780 991 5810 “
1028 5780 1162 5834 Psal.
1196 5798 1321 5847 vm,
1358 5786 1408 5838 4.
1488 5784 1526 5815 ¹⁵
1570 5782 1694 5855 Sap.
1725 5803 1848 5854 xm,
1882 5788 1930 5842 5.

2029 5790 2069 5820 ¹⁶
2107 5787 2254 5842 Rom.
2296 5805 2331 5854 ι,
2371 5792 2454 5844 90.
2540 5794 2577 5823 ”
2618 5792 2637 5844 ῐ
2671 5790 2792 5845 Cor.
2832 5804 2899 5855 ιι,
2938 5788 3020 5842 ll.

2466 4778 2533 4829 Τὸ
2566 4775 2672 4844 γὰρ
2702 4773 2938 4841 Πνεῦμα
2984 4768 3177 4823 πάντα
3213 4764 3443 4836 ἐρευνᾷ,
3474 4765 3569 4819 καί
3600 4766 3671 4819 τὰ
3707 4764 3865 4830 βάθη
3898 4763 4000 4815 τοῦ

2464 4866 2638 4919 Θεοῦ·
2668 4866 2807 4935 άπερ
2830 4860 2999 4925 εἰδὼς,
3033 4858 3278 4929 οὐδαμῶς
3322 4857 3412 4910 ἐπὶ
3452 4860 3515 4928 τῇ
3560 4856 3665 4909 τῶν
3705 4851 4000 4923 ἀνθρώπων

2462 4956 2739 5026 ἀνωμαλίᾳ
2782 4955 3142 5024 ταράττομαν
3191 4950 3360 5020 χαίρω
3409 4949 3465 5001 δὲ
3513 4947 3605 5000 καὶ
3648 4944 3999 5014 εὐφραίνομαι

2458 5048 2579 5109 τοὺς
2609 5050 2705 5115 τῆς
2732 5042 2980 5113 προνοίας
3008 5028 3193 5108 λόγους
3235 5039 3332 5091 οὐκ
3373 5038 3480 5090 άπὸ
3506 5035 3611 5087 τῶν
3630 5034 3769 5087 κατὰ
3796 5033 3998 5103 ἄνθρω-

2462 5149 2557 5184 πον
2591 5129 3030 5200 συμπτωμάτων,
3067 5127 3171 5181 άπὸ
3208 5127 3264 5179 δὲ
3301 5124 3405 5176 τῶν
3443 5122 3613 5193 ἔργων
3654 5120 3759 5176 τῶν
3803 5120 4001 5191 χειρῶν

2460 5222 2548 5274 τοῦ
2576 5220 2707 5274 Θεοῦ
2742 5220 2835 5273 καὶ
2864 5219 2968 5271 ἀπὸ
2991 5218 3095 5271 τῶν
3124 5214 3435 5285 ποιημάτων
3467 5212 3626 5266 αὑτοῦ
3655 5211 3999 5282 καταλαμόά-

2462 5328 2581 5363 νων.
2620 5310 2728 5363 Καὶ
2766 5307 2936 5378 χαίρω
2975 5323 3039 5375 γε
3081 5307 3172 5359 καὶ
3209 5303 3703 5374 ὑπερευφραίνομαι
3750 5298 4003 5353 τοιούτων

2464 5392 2827 5459 καταξιωθεὶς,
2860 5388 2932 5445 ὧν
2958 5392 3237 5462 ἐπέρηται
3266 5391 3369 5452 πᾶς
3399 5390 3581 5459 ἄφρων
3607 5391 3695 5442 καὶ
3725 5388 3999 5447 ἀσύνετος,

2463 5484 2521 5533 οὑ
2553 5478 2838 5550 δυνάμενος
2862 5481 2968 5532 ἀπὸ
2995 5480 3101 5531 τῶν
3125 5478 3294 5548 ἔργων
3320 5478 3408 5530 τοῦ
3439 5478 3593 5541 Θεοῦ,
3616 5480 3725 5541 τοῖς
3756 5476 3883 5547 περὶ
3903 5476 4006 5543 τῆς

2466 5573 2687 5626 καθόλου
2719 5574 2967 5642 προνοίας
2992 5572 3163 5638 λόγοις
3194 5569 3600 5640 μαθητεύεσθαι.

3100 5788 3140 5821 ’⁸
3180 5789 3305 5843 ibid.
3344 5788 3426 5841 12.
3505 5787 3545 5820 ι’
3587 5784 3713 5840 ibid.
3754 5784 3837 5839 ιο.
