4372 6404
383 513 511 570 ιιτι
1476 501 1911 594 οοκιιΕΝτΑιιι

1886 501 1968 558 ιιΑ
2004 503 2070 558 IN
2110 503 2440 562 rsacuos.
3081 581 3084 583 Α
3396 493 3529 549 ms

460 627 553 680 Ἐν
568 624 648 691 τῷ
669 624 968 680 ἀνατεῖλαι
990 621 1365 693 ἀμαρτωσὺς
1379 622 1522 678 ὡσεί
1543 587 1776 691 χόρτον,
1810 620 1905 674 καὶ

1888 620 1905 672 ὶ
1936 625 1982 678 Α
2081 619 2237 678 Vens.
2266 622 2319 677 8.
2358 620 2490 678 Cum
2528 622 2923 692 exorti’fuerint
2958 581 3247 690 peceatores
3284 614 3416 669 sicut
3462 610 3512 676 fe

374 718 668 787 διέκοψαν
714 715 931 790 πάντες
979 719 1032 770 ot
1083 715 1447 784 ἐργαζόμενοι
1487 715 1601 782 τὴν
1633 715 1905 783 ἀνομίαν,

375 807 532 881 ὅπως
569 807 647 862 ἂν
684 805 1178 875 ἐξολοθρευθῶσιν
1195 807 1281 870 είς
1303 803 1611 884 τόιχαιῶνα
1637 804 1742 865 τοῦ
1781 803 1910 856 alti)—

371 907 498 958 νος.
532 892 590 947 '0
621 892 718 963 μὲν
760 892 944 963 ἄφρων
992 893 1084 945 καὶ
1116 891 1384 953 ἀσύνετος,
1421 891 1562 960 ὁρῶν
1587 891 1797 955 ἀσεϐεῖς
1822 893 1912 944 εὑ-

377 979 764 1051 θυμουμένους,
796 981 1030 1044 δικαίους
1074 981 1130 1033 δὲ
1169 982 1260 1034 καὶ
1292 981 1528 1045 εὐσεϐεῖς
1551 981 1912 1052 κακουμένους

374 1071 432 1123 οὐ
470 1071 676 1142 συνίησι
716 1071 851 1133 τοὺς
879 1070 978 1140 τῆς
1017 1070 1273 1142 Προνοίας
1331 1070 1536 1139 λόγους,
1595 1071 1705 1124 ἀλλ’
1753 1071 1908 1134 εὐθὺς

375 1161 463 1214 ἔπ’
491 1161 704 1224 ἀσεϐεῖς
743 1160 994 1232 τρέπεται
1017 1161 1324 1231 λογισμοὺς,
1357 1162 1628 1218 ἐκπίπτων
1655 1165 1734 1226 είς
1759 1161 1910 1215 ἀθεό-

375 1267 512 1322 τητα
535 1269 551 1283 ·
611 1251 720 1320 ἐγὼ
770 1251 847 1314 δὲ,
893 1253 969 1323 τῷ
1016 1253 1276 1324 ποιήματι
1317 1271 1406 1305 σου
1439 1253 1654 1322 ἐνορῶν,
1684 1253 1776 1305 καί⁵
1800 1255 1910 1316 τοῖς

369 1342 558 1413 -εργοις
600 1342 713 1395 τῶν
751 1343 948 1416 χειρῶν
991 1361 1104 1410 σου,
1154 1345 1289 1414 μετά
1316 1344 1420 1396 τῶν
1453 1343 1620 1396 ἀλλων
1656 1342 1907 1405 συνεῖδον,

376 1433 459 1487 δτι
487 1433 549 1486 τὸ
577 1432 726 1496 τέλος
753 1433 859 1488 τῶν
883 1434 1020 1487 κατά
1044 1435 1132 1487 τὸν
1164 1435 1276 1505 βίον
1307 1433 1670 1503 εὐθυμούντων
1701 1431 1909 1484 ἀσεϐῶν

378 1522 594 1594 δλεθρον
625 1523 858 1594 περιέχει
885 1525 977 1578 καὶ
1000 1525 1297 1578 ἀπώλειαν·
1325 1523 1404 1577 διὸ
1430 1520 1560 1576 πολὺ
1599 1521 1755 1574 πλέον
1785 1523 1909 1583 τοὺς

377 1611 475 1681 τῆς
498 1608 643 1676 θείας
667 1614 896 1686 κρίσεως
919 1613 1106 1683 λόγους
1146 1612 1666 1684 ὕπερεκπλήττομαι,
1699 1611 1908 1679 Ὠσπερ

378 1700 508 1767 γοῦν
541 1702 727 1772 χόρτος
754 1703 845 1756 καὶ
866 1701 933 1756 τά
956 1704 1062 1756 ἀπὸ
1083 1703 1186 1772 γῆς
1212 1701 1343 1772 ἄνθη
1379 1701 1510 1770 πρὸς
1535 1700 1707 1768 ὀλίγον
1739 1699 1910 1770 ὡραῖα

378 1790 643 1858 φαίνεται,
676 1793 767 1844 καὶ
817 1792 994 1860 θέλγει
1029 1793 1126 1860 τὴν
1159 1793 1362 1861 ὅρασιν,
1411 1792 1502 1842 καὶ
1537 1789 1634 1861 τὴν
1665 1787 1908 1858 αἴσθησιν

377 1880 612 1946 ἅπασαν,
640 1883 759 1936 ὅσον
789 1883 844 1936 δὲ
899 1882 1102 1936 οὐδέπω
1142 1880 1454 1951 μεταϐάλλει
1496 1880 1588 1934 κα)⁸
1629 1880 1905 1951 τρέπεται,

2009 729 2152 777 num,
2182 723 2230 767 et
2271 712 2602 782 apparuerint
2643 728 2816 766 omnes
2861 711 2949 782 qui
2984 714 3258 777 operantur
3301 701 3521 771 iniquius

2011 815 2108 856 tem
2131 819 2152 868 ;
2181 813 2236 856 ut
2265 805 2519 856 intereant
2547 807 2603 856 in
2631 802 2877 856 secutum
2900 799 3095 853 steculi.
3125 794 3387 863 lnsipiens
3415 791 3522 860 qui-

2009 892 2129 947 dem
2163 908 2225 946 ac
2254 893 2449 948 stultus
2481 893 2586 956 ille,
2610 907 2730 945 cum
2760 889 2902 944 videt
2931 888 3121 956 impios
3147 883 3390 938 homines
3421 895 3526 950 pro

2010 999 2164 1053 spere
2210 999 2385 1063 agere,
2414 983 2588 1051 justos
2636 979 2814 1035 autem
2861 988 2916 1034 et
2953 979 3071 1049 pios
3111 975 3348 1028 homines
3382 970 3534 1022 malis

2009 1058 2641 1142 Oppi'iii‘ii,;Providentiaa
2667 1071 2926 1124 rationem
2967 1082 3075 1120 non
3112 1062 3397 1130 intelligit;
3444 1058 3534 1114 sed

2010 1162 2187 1216 statim
2221 1160 2287 1214 ad
2333 1161 2492 1229 impia
2538 1159 2814 1214 ratiocinia
2851 1157 3099 1218 vertitur,
3149 1155 3221 1207 ita
3268 1153 3449 1219 lapsus
3479 1157 3534 1201 ut

2009 1252 2212 1305 nullum
2242 1266 2360 1306 esse
2391 1250 2554 1304 Deum
2587 1257 2752 1320 putet.
2781 1247 2889 1319 Ego
2915 1260 3042 1300 vero
3067 1242 3336 1312 opiﬁcium
3363 1247 3537 1302 tuum,
3624 1248 3638 1266 ο

2008 1351 2062 1395 et
2091 1358 2251 1411 opera
2283 1357 2534 1396 manuum
2571 1351 2781 1394 tuarum
2832 1337 3198 1395 considerans,
3231 1333 3284 1385 in
3323 1331 3406 1401 his
3443 1326 3520 1381 de-

2008 1430 2262 1499 prehendi
2294 1431 2452 1484 ﬁnem
2483 1429 2786 1498 impiorum,
2810 1427 2898 1495 qui
2932 1427 2984 1478 in
3012 1423 3112 1476 hac
3144 1421 3251 1474 vita
3287 1431 3536 1488 prospere

2009 1527 2192 1588 agunt,
2232 1534 2353 1573 esse
2388 1518 2659 1573 interitum
2697 1533 2760 1570 ac
2796 1509 3081 1586 perniciem
3115 1531 3128 1565 :
3167 1523 3333 1579 quare
3372 1507 3538 1559 multo

2007 1602 2177 1675 magis
2207 1605 2372 1659 divini
2416 1605 2600 1673 judicii
2644 1605 2903 1657 rationem
2939 1600 3191 1654 admiror.
3226 1594 3356 1649 Nam
3399 1596 3538 1649 sicut

2010 1694 2187 1749 fenum
2227 1703 2280 1749 et
2304 1693 2461 1748 ﬂores
2491 1701 2645 1747 terra:
2676 1691 2742 1744 ad
2771 1691 2930 1745 breve
2950 1684 3159 1756 tempus
3187 1683 3428 1752 speciosa
3459 1681 3539 1733 vi-

2009 1785 2201 1839 dentur
2232 1778 2522 1853 oculostlue
2555 1793 2626 1836 'ac
2672 1795 2887 1836 sensum
2919 1779 3219 1833 demulcent
3239 1815 3255 1840 ,
3294 1772 3385 1826 sed
3412 1785 3538 1824 mox

2009 1882 2285 1928 mutantur
2313 1889 2376 1927 ac
2406 1881 2703 1935 vertuntur,
2742 1869 3096 1937 facillimeque
3122 1869 3457 1918 marcescunt
3483 1865 3538 1912 et

381 1971 556 2040 φθίνει
583 1991 640 2028 τε
672 1976 842 2045 ῥᾷστα
870 1975 959 2027 καὶ
981 1947 1286 2027 ἀπόλλυται·
1306 1972 1393 2026 τὸν
1421 1971 1579 2026 αὑτὸν
1597 1947 1792 2041 τρόπον
1817 1973 1911 2024 καὶ

1886 1973 1911 2024 .1
1939 1963 1981 2016 B
2010 1971 2266 2032 pereunt;
2303 1963 2489 2016 eodem
2533 1960 2690 2014 modo
2717 1966 3047 2028 peccatores,
3078 1954 3169 2025 qui
3211 1965 3371 2020 penes
3397 1947 3537 2000 mul-

261 2071 270 2077 '
377 2063 426 2115 οί
455 2065 605 2135 παρά
643 2068 755 2127 τοῖς
784 2065 991 2127 πολλοῖς
1032 2065 1421 2135 θαυμαζόμενοι
1463 2063 1767 2136 ἁμαρτωλοὶ
1797 2063 1911 2133 ἅμα

376 2167 436 2203 τε
477 2152 768 2217 ἀνέτειλαν,
803 2153 895 2205 καὶ
953 2154 1088 2226 πρὸς
1129 2154 1304 2221 ὀλίγον
1350 2153 1694 2224 ἀνθήσαντες,
1737 2153 1912 2206 διέκυ-

377 2241 503 2311 ψαν,
529 2243 797 2314 ὲφάησάν
822 2259 881 2294 τε
908 2243 1048 2306 τίνες
1077 2243 1203 2296 ποτέ
1229 2245 1352 2306 εισι,
1383 2244 1473 2296 καὶ
1507 2244 1693 2306 ὁποίας
1725 2260 1911 2313 προαι-

381 2333 609 2403 ρέσεως·
647 2330 742 2386 εἴτ’
773 2335 870 2387 οὑκ
899 2336 978 2398 είς
1007 2335 1211 2406 μακρὸν
1236 2334 1426 2396 αὐτοὺς
1455 2334 1708 2405 μετῆλθεν
1731 2333 1910 2387 οὐκέτι

378 2423 582 2495 βραχὺς
607 2427 708 2479 καὶ.
721 2426 1043 2498 πρόσκαιρος
1069 2426 1302 2498 ὄλεθρος,
1335 2427 1468 2480 ἀλλά
1489 2426 1731 2496 διηνεκὴς
1766 2425 1912 2478 ἀπώ-

376 2513 513 2569 λεια.
562 2517 925 2588 Ἐπειδήπερή
950 2519 1016 2588 σὴ
1032 2517 1395 2586 δικαιοκρισία
1420 2520 1528 2581 τοῖς
1564 2515 1911 2585 ἀνθρωπίνοις

380 2604 641 2676 ὶφέστηκε
683 2607 983 2677 πράγμασι,
1023 2606 1101 2659 διὸ
1131 2606 1192 2677 δὴ
1219 2607 1444 2677 μάλιστα
1474 2605 1912 2676 συγκεχωρῆσθαι

379 2696 490 2755 τοῖς
508 2694 842 2765 ἁμαρτωλοῖς
873 2696 976 2748 καὶ·
994 2699 1106 2759 τοῖς
1146 2695 1520 2767 ἐργαζομένοις
1546 2696 1645 2767 τὴν
1690 2698 1913 2768 ἀνομίαν

379 2784 440 2838 τὸ
474 2785 744 2840 ἀνατεῖλαι
770 2787 860 2840 καὶ
883 2785 1135 2856 διακῦψαι
1156 2785 1418 2857 ἠγοῦμαιο
1447 2787 1520 2850 ὡς
1545 2786 1610 2840 ἂν
1636 2787 1912 2858 ἐλεγχθείη

380 2878 555 2931 αὐτῶν
575 2880 609 2950 ἡ
646 2879 976 2949 προαίρεσις,
1020 2878 1080 2931 οὺ
1109 2877 1285 2941 καλῶς
1333 2879 1442 2941 τοῖς
1468 2878 1560 2932 τοῦ
1581 2878 1712 2932 Θεοῦ
1743 2879 1916 2952 δωρή-

385 2984 513 3036 μασι
563 2969 901 3042 κεχρημένη·
950 2969 1133 3040 διόπερ
1187 2969 1394 3032 ἔκδικος
1457 2969 1649 3032 αὐτοὺς
1701 2968 1914 3038 ὄλεθρος

384 3059 596 3125 αἰώνιος
615 3060 924 3128 διαδέξεται.

342 3201 346 3210 ,
452 3149 536 3202 Σὺ
565 3149 634 3203 δὲ
655 3151 932 3219 Tum“
946 3152 1031 3216 εις
1059 3149 1168 3205 τὸν
1195 3152 1400 3214 αἰῶνα,
1425 3152 1614 3218 Κύριε.
1640 3150 1758 3203 Ὅτι
1788 3146 1914 3202 ιδοὺ

294 3241 340 3300 !"'
385 3242 437 3297 οί
457 3241 655 3311 ἐχθροί
666 3256 800 3305 σου,
822 3241 1016 3308 Κύριε,
1047 3238 1134 3291 ὅτι
1161 3238 1288 3292 ίδοὺ
1315 3242 1368 3293 ot
1403 3239 1597 3308 ἐχθροί
1630 3252 1744 3291 σου
1768 3237 1913 3290 ἀπο-

383 3605 563 3673 ἐοιαίῳ
587 3608 767 3662 πίονι.
798 3604 907 3658 Καὶ
935 3604 1164 3658 ἐπεῖδεν
1179 3607 1212 3657 ὁ
1241 3601 1541 3671 ὀφθαλμός
1557 3615 1674 3668 μου
1699 3587 1768 3650 ἐκ
1792 3595 1914 3662 τοῖς

349 3687 353 3692 ’
385 3694 615 3765 ἐχθροῖς
641 3711 778 3765 μου,
805 3693 903 3747 καί
945 3693 1014 3745 ἐν
1036 3691 1156 3756 τοῖς
1184 3686 1670 3757 ἐπανισταμένοις
1698 3685 1788 3738 ἐπ’
1812 3684 1916 3754 ἐμὲ
1985 3741 1987 3744 ,

383 3783 872 3854 πονηρευομένοις
910 3783 1296 3837 ἐπακούσεται
1329 3781 1396 3835 τὸ
1418 3776 1524 3844 οὖς
1540 3794 1670 3846 μου.
1703 3777 1773 3830 Σὺ
1798 3777 1914 3846 μὲν,

387 3870 568 3938 φησὶν,
596 3865 640 3924 ὧ
662 3869 850 3941 Κύριε,
878 3871 962 3924 ἀεὶ
994 3867 1212 3924 κατὰτὰ
1232 3868 1366 3922 αὺτά
1400 3866 1491 3921 καὶ
1515 3862 1768 3928 ὡσαύτως
1782 3863 1917 3934 ἔχων

396 3959 639 4032 Ὑψιστος
653 3961 709 4014 ὲν
726 3961 942 4032 ὑψηλοῖς
966 3961 1229 4031 διαμενεῖς
1257 3958 1346 4011 τὸν
1367 3956 1648 4027 σύμπαντα
1666 3955 1833 4009 αίῶνα
1856 3954 1917 4007 οὐ

1938 3277 1980 3334 C

389 4053 733 4122 τρεπόμενος,
765 4052 826 4104 οὐ
857 4049 1291 4119 ταπεινούμενος,
1323 4047 1419 4100 οὐκ
1445 4044 1832 4114 ἀλλοιούμενος,
1857 4045 1918 4098 οὐ
1961 4077 1964 4080 -

388 4137 646 4208 κρείττων
701 4137 895 4190 σαυτοῦ
940 4135 1234 4205 γινόμενος,
1271 4133 1330 4185 οὐ
1366 4138 1477 4198 τοῖς
1516 4135 1786 4195 ταπεινοῖς
1814 4133 1919 4186 τῶν

386 4225 480 4279 ἐπὶ
531 4227 632 4295 γῆς
667 4219 1028 4294 ὁμοιούμενος,
1071 4223 1188 4275 οὐδὲ
1240 4223 1428 4294 μικρόν
1461 4239 1514 4275 τι
1557 4221 1650 4275 καὶ
1675 4220 1919 4276 ταπεινὸν

387 4313 595 4385 φρονῶν
625 4313 716 4366 καὶ
743 4312 1010 4384 πράττων,
1039 4311 1150 4366 ἀλλ’
1182 4311 1500 4382 είςάπειρον
1533 4310 1712 4382 σαυτῷ
1737 4310 1920 4379 διαμέ-

386 4421 492 4458 νων
521 4407 700 4476 ὃμοιος
718 4421 734 4436 ο
762 4405 918 4475 ἡμεῖς
939 4404 994 4456 δὲ
1019 4405 1067 4456 oi
1097 4402 1335 4457 ταπεινοὶ
1356 4403 1445 4455 καὶ
1472 4402 1683 4474 μακρὰν
1705 4403 1800 4472 τῆς
1822 4404 1919 4472 σῆς

386 4496 678 4566 ἀπέχοντες
703 4506 705 4508 ·
729 4493 1003 4563 δυνάμεως
1047 4493 1229 4548 ἄλλοτε
1267 4489 1438 4556 ἄλλως
1488 4491 1777 4563 φερόμεθα,
1827 4491 1919 4543 καὶ

2009 2059 2092 2105 tos
2132 2051 2185 2104 in
2215 2051 2565 2105 admiratione
2613 2049 2896 2111 habentur,
2930 2061 3052 2100 cum
3094 2045 3323 2114 primum
3367 2035 3538 2092 exorti

2010 2141 2244 2206 fuerunt,
2276 2141 2421 2194 brevi
2451 2139 2764 2202 ﬂoruerunt,
2794 2153 2856 2191 ac
2899 2134 3171 2204 conspecti
3221 2139 3379 2195 sunt;
3429 2135 3538 2182 sta-

2007 2230 2208 2299 timque
2233 2227 2478 2297 apparuit
2502 2227 2685 2294 quales
2713 2223 2929 2286 fuerint,
2955 2228 3008 2275 et
3046 2210 3188 2289 quod
3213 2218 3534 2271 institutum

2007 2322 2130 2376 vitae
2161 2320 2449 2374 tenuerint.
2482 2316 2592 2386 Nec
2619 2317 2712 2370 diu
2755 2321 2940 2384 postea
2978 2311 3123 2380 ipsos
3155 2307 3417 2378 pernicies
3453 2306 3540 2358 in-

2007 2411 2167 2476 vasit,
2200 2424 2309 2465 non
2342 2409 2451 2479 jam
2495 2389 2675 2462 brevis
2711 2415 2764 2458 et
2806 2414 3169 2474 temporanea,
3205 2397 3297 2453 sed
3343 2410 3536 2465 perpe-

2007 2510 2156 2556 tuum
2204 2500 2444 2562 exitium,
2489 2498 2616 2567 quia
2655 2495 2795 2551 enim
2832 2494 3035 2562 justum
3073 2487 3336 2559 judicium
3385 2492 3536 2536 tuum

2009 2593 2169 2648 rebus
2196 2590 2439 2644 imminet
2469 2587 2740 2663 humanis,
2781 2584 2982 2639 idcirco
3007 2581 3213 2635 aestimo
3245 2574 3537 2647 peccatori-

2007 2683 2109 2738 bus
2132 2689 2185 2737 et
2211 2679 2554 2751 operantibus
2589 2677 2921 2747 iniquitatem
2945 2670 3184 2732 concedi,
3205 2677 3266 2722 ut
3289 2666 3538 2721 exorian-

2007 2783 2096 2830 tur
2125 2781 2179 2829 et
2206 2785 2458 2842 prospere
2485 2775 2678 2839 agant;
2717 2774 2777 2821 ut
2825 2778 3010 2820 eorum
3047 2759 3328 2814 consilium
3359 2763 3413 2809 et
3438 2769 3536 2808 vo-

2005 2868 2209 2929 luntas,
2241 2862 2333 2918 Dei
2357 2860 2666 2916 muneribus
2698 2871 2806 2912 non
2848 2855 2982 2909 bene
3024 2866 3143 2914 usa,
3172 2852 3489 2916 coarguatur
3517 2862 3533 2898 :

2009 2954 2356 3026 quamobrem
2397 2951 2562 3006 ultrix
2612 2964 2704 3004 eos
2757 2955 2810 3002 et
2851 2953 3048 3000 aaterna
3100 2941 3365 3013 pernicies
3393 2937 3539 2992 exci-

2047 3046 2138 3099 iet.

2047 3062 2138 3099 tet.
2318 3081 2321 3086 -

2007 3062 2044 3116 p
2077 3137 2241 3193 Vens.
2274 3137 2308 3192 9
2331 3166 2355 3178 -
2384 3135 2470 3190 ιε
2505 3134 2582 3189 Τιι
2626 3142 2797 3187 autem
2840 3129 3138 3182 Altissimus
3181 3126 3235 3177 in
3266 3130 3536 3180 aeternum,

2011 3229 2247 3283 Domine.
2303 3226 2562 3292 Quoniam
2609 3239 2720 3276 ecce
2768 3219 2963 3272 inimici
3008 3217 3103 3279 tui,
3154 3213 3392 3273 Domine,
3421 3221 3541 3277 quo-

1983 3319 2154 3373 .uiam
2180 3333 2292 3371 ecce
2324 3317 2521 3369 inimici
2565 3315 2642 3365 tui
2682 3308 2936 3378 peribunt,
2968 3315 3018 3360 et
3055 3305 3404 3371 dispergentur
3428 3313 3540 3352 om-

1886 3442 1912 3454 -
2013 3426 2100 3465 nes
2133 3408 2220 3478 qui
2245 3415 2520 3475 operantur
2565 3401 2907 3469 iniquitatem.
2949 3391 3017 3446 Et
3055 3391 3372 3445 exaltabitur
3407 3387 3540 3467 sicut

2011 3500 2272 3554 unicornis
2295 3511 2452 3549 cornu
2473 3508 2659 3554 meum,
2683 3494 2733 3544 et
2756 3496 2983 3543 senectus
3006 3499 3118 3537 mea
3139 3483 3194 3534 in
3215 3479 3322 3534 oleo
3342 3476 3537 3546 pingui.

2014 3590 2084 3644 Et
2115 3589 2338 3656 respexit
2364 3585 2542 3640 oculus
2580 3597 2721 3636 meus
2755 3579 2985 3632 inimicos
3005 3589 3164 3635 meos,
3195 3579 3242 3624 et
3276 3571 3332 3622 in
3363 3568 3542 3620 insur-

2013 3655 2248 3750 gentibus
2277 3680 2330 3732 in
2359 3693 2437 3730 me
2474 3673 2874 3745 malignantibus
2905 3669 3078 3724 audiet
3110 3664 3257 3718 auris
3290 3676 3423 3714 mea.
3456 3655 3539 3710 Tu

2013 3770 2251 3843 quidem,
2297 3768 2390 3831 ait,
2437 3765 2678 3830 Domine,
2717 3763 2808 3832 qui
2845 3774 3053 3828 semper
3078 3760 3205 3823 [uno
3248 3749 3541 3816 eodemque

2015 3861 2172 3917 modo
2207 3858 2513 3912 Altissimus
2557 3869 2635 3916 es,
2683 3854 2739 3907 in
2769 3846 2997 3905 excelsis
3034 3857 3218 3899 manes
3262 3854 3357 3910 per
3382 3848 3541 3891 omne

2015 3951 2290 4012 sacculum,
2323 3962 2430 4001 non
2451 3943 2696 4006 mutaris,
2717 3955 2822 3993 non
2853 3934 3121 4005 dejiceris,
3157 3945 3265 3985 non
3290 3923 3542 3989 verteris,

2015 4057 2124 4098 nou
2162 4040 2330 4106 teipso
2353 4034 2540 4089 melior
2567 4030 2770 4092 evadis,
2802 4041 2899 4081 nec
2925 4025 2992 4079 iis
3018 4021 3110 4092 qui
3146 4019 3198 4072 in
3227 4025 3373 4081 terra
3415 4019 3542 4069 sunt

2015 4102 2306 4187 humilibus
2331 4123 2522 4179 similis
2544 4136 2622 4184 es,
2646 4133 2750 4174 non
2780 4116 3026 4185 exiguum
3054 4116 3144 4164 aut
3167 4105 3364 4162 humile
3387 4102 3543 4174 quid-

2016 4221 2158 4292 piam
2191 4217 2356 4272 sentis
2401 4223 2493 4264 aut
2523 4211 2658 4279 agis,
2709 4206 2802 4261 sed
2837 4205 2893 4258 in
2939 4210 3197 4255 aeternum
3225 4193 3322 4248 tibi
3351 4189 3543 4246 similis

2015 4282 2332 4383 permanes;
2371 4318 2472 4356 nos
2496 4309 2671 4354 autem
2709 4295 2957 4358 humiles,
2983 4291 3074 4360 qui
3096 4285 3327 4359 procula
3344 4282 3546 4337 virtute

2017 4375 2106 4455 ina
2136 4398 2412 4458 absumus,
2455 4392 2558 4445 alio
2593 4390 2800 4457 alioque
2830 4383 2987 4437 modo
3032 4379 3252 4433 ferimur
3286 4379 3339 4427 et
3365 4375 3542 4424 muta-

2015 4503 2156 4543 mur.
2182 4485 2384 4538 Inimici
2411 4483 2587 4549 itaque
2617 4479 2715 4541 tui,
2749 4474 2986 4533 Domine,
3017 4469 3109 4537 qui
3137 4478 3255 4520 sese
3276 4462 3403 4523 vita,
3425 4471 3545 4526 qua

391 4551 929 4661 μεταϐαλλόμεθα..ί)ί
966 4551 1060 4653 μὲν
1091 4579 1182 4636 οὗν
1211 4581 1388 4650 ἐχθροί
1622 4551 1818 4648 Κύριε,
1844 4578 1911 4642 ὼς

1886 4596 1918 4642 νς
1950 4597 1992 4652 ι)
2019 4576 2158 4648 apud
2190 4585 2243 4629 te
2267 4560 2377 4636 est;
2401 4571 2602 4625 alienos
2635 4563 3058 4622 constituerunt;
3090 4570 3155 4607 ac
3187 4551 3546 4621 prieoptarunt

389 4672 455 4726 ἂν
479 4674 698 4736 ἑαυτοὺς
728 4672 1030 4743 ἀλλοτρίους
1072 4671 1496 4742 καταστήσαντες
1527 4671 1624 4740 τῆς
1650 4668 1796 4739 παρὰ
1841 4670 1923 4721 σοὶ

388 4761 554 4832 ζωῆς,
589 4761 783 4833 ἔχθραν
813 4778 870 4814 τε
912 4763 1030 4816 ἀντὶ
1060 4761 1234 4830 φιλίας
1267 4761 1399 4834 πρὸς
1417 4761 1476 4813 σε
1502 4760 1591 4812 τὸν
1616 4758 1770 4828 μόνον
1791 4759 1924 4826 ἀγα-

389 4853 480 4908 θὸν
527 4853 787 4925 ἑλόμενοι,
844 4851 1180 4916 ἀπολοῦνται,
1218 4853 1424 4915 ἑαυτοῖς
1460 4851 1618 4904 αίτιοι
1651 4848 1923 4918 γενόμενοι

389 4943 678 5007 ἀπωλείας,
725 4941 813 4996 διὰ
863 4941 922 4995 τὸ
948 4940 1022 5012 μὴ
1065 4940 1308 5010 ἐθελῆσαί
1348 4957 1430 4994 σοι
1468 4938 1796 5010 παραμένειν
1831 4939 1924 4991 καί

391 5048 473 5086 σοι
498 5035 822 5104 φιλωθῆναι·
865 5031 1061 5104 ἔχθραν
1099 5029 1155 5082 δὲ
1194 5029 1417 5101 ἄρασθαι
1439 5029 1534 5101 τὴν
1577 5027 1708 5098 πρὸς
1747 5028 1806 5078 σὲ
1836 5025 1948 5094 τὸν·

391 5124 596 5176 ἑαυτῶν
624 5125 846 5194 ποιητήν
873 5141 933 5178 τε
958 5121 1050 5175 καὶ
1080 5119 1311 5189 σωτῆρα.
1335 5119 1424 5170 Διὸ
1444 5117 1544 5171 κᾶν
1577 5114 1740 5186 μυρία
1768 5130 1925 5168 συνα-

390 5215 628 5283 γάγωσιν
659 5215 718 5284 ἦν
740 5213 818 5282 τῷ
846 5212 943 5283 βίῳ
960 5211 1130 5282 τούτῳ
1149 5210 1252 5281 χρή
1260 5226 1421 5279 ματα,
1449 5209 1538 5262 καὶ
1559 5205 1802 5269 πλοῦτον,
1831 5205 1925 5259 καὶ

391 5303 712 5374 θησαυροὺς,
743 5300 898 5367 ,ἀλλά
938 5302 1006 5354 τὰ
1059 5300 1232 5354 πάντα
1263 5300 1358 5353 σὺν
1389 5301 1506 5362 ταῖς
1527 5295 1701 5350 αὐτῶν
1731 5294 1924 5364 ψυχαῖς

394 5393 488 5447 καὶ
529 5392 709 5455 αὐτοῖς
765 5392 973 5460 σώμασι
1015 5388 1598 5464 διασκορπισθήσονται.
1641 5382 1790 5451 ’Ἐγὼ
1818 5379 1925 5437 δὲό

392 5485 490 5557 τὴν
519 5482 654 5554 πρὸς
687 5481 746 5534 σε
769 5480 963 5550 γνῶσιν
981 5481 1074 5534 καὶ
1092 5479 1268 5550 φιλίαν
1283 5477 1680 5547 ἀσπασάμενος,
1705 5473 1798 5526 καὶ
1819 5473 1926 5528 τῶν

394 5572 598 5644 ἐχθρῶν
618 5587 709 5624 σου
734 5571 1004 5642 ἀλλότριος
1027 5568 1281 5638 γεγονὼς,
1297 5567 1610 5636 πέπεισμαι,
1628 5565 1706 5617 ὅτι
1721 5562 1816 5633 τῆς
1833 5564 1924 5616 ἐπὶ

395 5665 458 5717 τὸ
483 5666 725 5735 κρεῖττον
774 5659 1068 5732 μεταϐολῆς
1093 5661 1344 5732 τεύξομαι
1365 5662 1432 5730 τῇ
1470 5660 1534 5728 σῇ
1569 5654 1957 5724 δικαιοκρισίας

398 5754 679 5808 πιστεύωνο
706 5752 843 5806 ὥστε
870 5755 917 5805 εἰ
949 5752 1040 5804 καὶ
1069 5751 1204 5804 κατά
1232 5750 1321 5804 τὸν
1342 5749 1581 5824 παρόντα¹
1608 5745 1718 5814 βίον
1746 5742 1924 5806 ἄδοξός

2019 4669 2332 4725 inimicitias
2352 4673 2549 4733 tecum,
2579 4658 2670 4729 qui
2696 4656 2842 4712 solus
2871 4653 3043 4705 bonus
3064 4661 3143 4712 es,
3159 4658 3361 4713 gerere,
3383 4653 3546 4714 quam

2020 4751 2256 4812 amicitia
2286 4753 2390 4808 frui
2424 4728 2535 4815 tua,
2578 4727 2846 4816 peribunt,
2887 4737 3098 4806 sibique
3146 4732 3249 4801 ipsi
3291 4727 3546 4799 perniciei

2020 4835 2266 4904 auctores
2297 4848 2454 4898 erunt
2507 4858 2519 4893 :
2559 4837 2686 4907 quia
2739 4833 3025 4887 noluerunt
3061 4824 3197 4894 apud
3243 4831 3295 4877 te
3331 4830 3547 4874 manere

2019 4939 2279 5005 amicique
2321 4932 2398 4985 tui
2434 4943 2589 4992 esse;
2645 4923 2738 4980 sed
2791 4919 3099 4976 inimicitias
3143 4914 3423 4969 adversum
3466 4913 3544 4970 te,

2019 5028 2260 5098 opiﬁcem
2288 5030 2342 5076 et
2372 5026 2701 5074 servatorem
2732 5027 2910 5075 suum,
2951 5020 3252 5076 suscepere.
3283 4998 3550 5066 Quamob-

2018 5090 2131 5173 rem
2158 5112 2369 5169 etiamsi
2408 5109 2643 5163 inﬁnitas
2686 5107 2740 5160 in
2767 5105 2866 5158 hac
2892 5102 3002 5158 vita
3028 5096 3300 5169 pecunias,
3332 5090 3549 5146 divitias

2018 5217 2072 5265 et
2099 5207 2380 5261 thesauros
2400 5200 2688 5269 colligant;
2719 5195 2811 5250 sed
2843 5193 3019 5248 omnia
3043 5202 3163 5244 cum
3189 5181 3468 5238 animabus
3494 5187 3549 5233 et
3590 5243 3591 5248 η

2019 5294 2334 5366 corporibus
2356 5294 2591 5360 ipsorum
2619 5287 3005 5355 dispergentur.
3024 5276 3132 5347 Ego
3155 5289 3281 5330 vero
3325 5272 3550 5366 qui-co-

2020 5356 2310 5457 gnitionem
2342 5356 2394 5435 et
2421 5377 2704 5432 amicitiam
2740 5383 2883 5426 tuam
2916 5367 3268 5436 amplexatus,
3294 5367 3348 5416 et
3373 5356 3552 5412 inimi-

2022 5449 2100 5528 cis
2134 5471 2242 5526 tuis
2267 5469 2473 5523 alienus
2506 5456 2727 5520 eﬂ'ectus
2749 5473 2888 5523 sum,
2920 5468 3236 5527 persuasum
3273 5449 3441 5530 habeo
3462 5459 3552 5500 me

2021 5561 2373 5620 mutationem
2395 5559 2452 5612 i-i
2479 5555 2669 5626 melius
2695 5559 2977 5606 nacturum
2997 5559 3148 5610 esse,
3173 5543 3321 5611 justo
3346 5534 3552 5606 judicio

2020 5664 2115 5708 tuo
2157 5650 2323 5711 tidem
2362 5641 2585 5703 habens.
2624 5641 2806 5718 Itaque
2843 5636 3054 5694 etiamsi
3082 5638 3136 5689 in
3163 5628 3408 5702 prasenti
3439 5628 3550 5678 vita

2024 5743 2284 5813 inglorius
2311 5747 2364 5794 et
2391 5739 2512 5819 vilis
2549 5749 2667 5790 esse
2694 5745 2856 5800 penes
2887 5728 3083 5782 multos
3108 5723 3322 5786 videar;
3359 5717 3453 5772 sed
3496 5717 3551 5769 in

397 5864 480 5913 τις
521 5843 657 5904 εῖναι
707 5846 912 5918 δοκοίην
962 5846 1051 5898 καὶ
1101 5843 1345 5905 ταπεινὸς
1386 5807 1530 5911 ποιρά
1561 5807 1668 5901 τοῖς
1697 5834 1911 5903 πολλοῖς,

1886 5853 1922 5903 ς.
2024 5835 2126 5893 [inc
2152 5847 2328 5888 rerum
2349 5811 2650 5895 esaltabor;
2676 5827 2778 5880 imo
2803 5821 2978 5893 potius
3006 5830 3173 5873 cornu
3204 5826 3377 5868 meum
3401 5807 3550 5864 exal-
