4372 6404
769 487 905 543 “79

1465 483 1729 539 EUSEBH
1767 484 2233 540 C/ESARIENSIS
2268 484 2415 542 OPP.
2459 484 2634 539 PARS
2660 485 2746 539 lli.
2787 517 2858 529 —
2889 484 3294 540 EXEGETICA.

3823 487 3973 544 “80’

767 599 989 661 tabitur,
1021 596 1074 650 id
1111 602 1372 665 est,-spes
1419 596 1569 666 regni
1603 596 1746 651 illius
1777 597 1917 664 quod
1963 598 2103 666 apud
2136 607 2186 653 te
2225 613 2308 652 me
2336 606 2381 660 Α
2409 579 2514 650 ἀλλ’

2410 579 2520 650 ἀλλ’
2543 603 2600 651 ἐν
2628 599 2705 669 τῷ
2736 600 2875 651 τέλει
2905 599 3011 652 τῶν
3043 599 3378 668 πραγμάτων
3419 597 3788 667 ὐψωθήσομαι,
3822 599 3962 670 μᾶλ-

770 694 1182 745 consecuturum
1235 693 1520 755 exspecto;
1562 701 1681 755 qua:
1742 688 1948 741 scilicet
1990 690 2106 758 pari
2154 687 2312 742 modo

769 780 1089 838 exaltabitur
1119 787 1280 849 atque
1319 779 1617 834 unicornis.
1665 781 1796 834 Nam
1845 783 1890 835 si
1920 785 2042 852 quis
2071 789 2154 838 est
2193 783 2313 836 uni-

769 872 952 927 cornis
972 871 1032 924 in
1047 869 1436 940 spiritualibus,
1459 871 1617 939 quite
1645 870 1855 927 Patrem
1883 888 2038 928 suum
2067 881 2125 926 ut
2146 888 2310 926 unum

771 980 940 1018 cornu
975 963 1076 1018 sibi
1116 961 1368 1027 ascribit;
1416 961 1550 1016 bene
1592 964 1716 1016 novi
1749 980 1854 1026 me,
1891 964 2110 1033 perinde
2153 973 2312 1032 atque

771 1052 940 1113 illum,
979 1049 1322 1105 exaltandum
1360 1065 1495 1104 esse.
1543 1050 1678 1116 Quia
1720 1053 1863 1106 enim
1896 1052 2149 1107 'hazredes
2197 1054 2309 1116 Dei,

770 1143 1074 1197 cohaeredes
1093 1152 1266 1196 autem
1289 1143 1485 1196 Christi
1504 1158 1787 1208 vocamur;
1822 1159 1978 1212 spero
1997 1157 2080 1198 me
2102 1146 2309 1210 eodem,

721 1221 728 1235 ί
768 1252 876 1305 quo
905 1235 1172 1296 Christus,
1202 1250 1366 1304 regno
1397 1235 1687 1288 fruiturum
1730 1251 1871 1300 esse,
1907 1227 2031 1288 cum.
2063 1245 2312 1292 senectus

769 1340 908 1388 mea,
936 1325 989 1377 id
1021 1331 1101 1377 est
1128 1332 1366 1378 extrema
1392 1324 1514 1377 vita:
1543 1339 1692 1386 mete,
1746 1325 2068 1378 exaltabitur
2099 1328 2153 1380 in
2195 1328 2313 1381 oleo

775 1413 976 1484 pingui.
1029 1412 1251 1467 Etiamsi
1296 1415 1437 1469 enim
1475 1415 1771 1483 juventutis
1801 1422 1853 1468 et
1887 1417 2086 1486 vigoris
2122 1417 2315 1473 anima:

782 1518 904 1556 τηερε
930 1510 1142 1573 tempus
1175 1504 1233 1556 in
1260 1503 1362 1557 hac
1393 1504 1524 1567 vita,
1566 1519 1661 1558 ceu
1708 1504 1763 1557 in
1791 1507 2104 1572 certamine,
2135 1507 2316 1561 humi-

781 1593 956 1646 liatum
997 1600 1345 1660 exerceatur;
1403 1601 1458 1647 at
1494 1600 1755 1658 extrema,
1790 1597 2071 1666 ipsiusque
2125 1599 2316 1654 animm

773 1692 1043 1746 senectus,
1078 1683 1130 1738 id
1161 1692 1243 1739 est
1273 1687 1666 1752 consummatio
1694 1687 1832 1754 ejus,
1868 1688 2217 1742 mutationem
2259 1690 2315 1742 in

773 1774 962 1829 melius
1008 1775 1308 1841 obtinebit;
1362 1789 1424 1830 ac
1467 1776 1587 1829 oleo
1634 1777 2033 1845 superemuenti
2073 1778 2223 1832 diviti
2265 1788 2317 1833 et

774 1866 978 1936 pingui,
1003 1867 1144 1935 apud
1167 1874 1218 1921 te
1247 1867 1554 1920 misericors
1581 1864 1742 1930 Deus,
1763 1868 2141 1923 viviﬁcabitur.
2162 1869 2316 1923 Tunc

2411 686 2497 738 λον
2522 687 2577 740 δὲ
2612 688 2670 739 τὺ
2703 687 2865 758 κέρας
2905 705 3002 758 μου
3045 687 3402 758 ὑψωθήσεται,
3454 686 3723 738 τουτέστιν
3748 689 3780 756 ή
3805 689 3956 752 ἐλπὶς

2409 777 2505 845 τῆς
2557 777 3006 847 προσδοκωμένης
3060 795 3158 847 μου
3188 778 3336 846 παρὰ
3393 777 3474 828 σοὶ
3518 774 3806 844 βασιλείας,
3838 779 3956 848 ἥτις

2410 865 2748 935 ὑψωθήσεται
2792 867 3060 932 τοσοῦτον,
3095 870 3214 920 ὅσον
3244 869 3337 920 καὶ
3367 869 3400 937 ἡ
3447 866 3540 918 τοῦ
3572 867 3954 937 μονοκέρωτος.

2410 959 2471 1010 Ei
2501 959 2608 1028 γάρ
2628 958 2742 1010 ἐστί
2770 975 2851 1020 τις
2883 960 2939 1010 ἐν
2987 961 3192 1025 νοητοῖς
3245 959 3548 1029 μονόκερως
3575 957 3630 1010 ἒν
3655 959 3818 1028 κέρας
3843 960 3960 1010 ἐπι-

2409 1049 2750 1121 γραφόμενός
2777 1066 2837 1102 σε
2857 1051 2944 1102 τὸν
2975 1049 3138 1102 αὐτοῦ
3179 1051 3415 1121 Πατέρα,
3451 1045 3507 1102 εὖ
3530 1046 3645 1102 οἶδα
3675 1050 3769 1101 καὶ
3803 1049 3962 1113 αὐτὸς

2410 1139 2606 1209 ὁμοίως
2643 1139 2830 1209 ἐκείνῳ
2873 1139 3299 1210 ὑψωθησόμενος.
3344 1141 3494 1192 Ἐπεὶ
3517 1140 3620 1210 γὰρ
3653 1138 3964 1210 κεκλήμεθα
4041 1151 4050 1162 “

2411 1229 2733 1301 κληρονόμοι
2767 1227 2904 1284 εἶναι
2934 1230 3089 1294 Θεοῦ,
3137 1231 3560 1301 συγκληρονόμοι
3609 1230 3664 1283 δὲ
3702 1229 3961 1301 Χριστοῦ,

2413 1322 2727 1392 πέπεισμαι,
2785 1322 2936 1394 φησὶ,
2985 1323 3082 1392 τῆς
3122 1323 3288 1392 αὐτῆς
3327 1322 3404 1392 τῷ
3441 1322 3655 1395 Χριστῷ
3688 1338 3778 1375 σου
3815 1322 3967 1391 βασι-

2412 1413 2560 1475 λείας
2595 1411 2937 1478 ἀπολαύσειν,
2977 1411 3210 1482 ὁπηνίκα
3251 1411 3310 1462 τὸ
3344 1411 3517 1482 γῆράς
3558 1428 3680 1481 μου,
3721 1410 3964 1462 τουτέστι

2411 1505 2479 1558 τὰ
2500 1503 2700 1572 ἔσχατα
2722 1504 2819 1574 τῆς
2843 1504 2980 1574 ἐμῆς
3002 1501 3144 1571 ζωῆς
3165 1501 3501 1572 ὑψωθήσεται
3528 1505 3583 1556 ἐν
3611 1503 3773 1571 ἐλαίῳ
3797 1502 3962 1556 πίονι.

2413 1600 2477 1651 Et
2513 1599 2620 1670 γὰρ
2659 1597 2752 1650 καὶ
2801 1596 2867 1648 τὰ
2900 1593 3131 1663 μάλιστα
3170 1590 3238 1642 τὰ
3265 1591 3364 1659 τῆς
3393 1591 3637 1662 νεότητος
3665 1591 3759 1643 καὶ⁵
3781 1590 3848 1643 τὰ
3868 1589 3966 1660 τῆς

2415 1688 2596 1757 ἀκμῆς
2618 1686 2714 1756 τῆς
2747 1684 2885 1754 ἐμῆς
2908 1681 3082 1751 ψυχῆς
3112 1679 3184 1744 ὥς
3225 1679 3483 1747 ἐννάγῶνι
3515 1680 3592 1749 τῷ
3616 1679 3839 1751 παρόντι
3869 1678 3968 1750 βίῳ

2414 1775 2760 1831 ταπεινοῦται
2785 1791 2852 1841 γυ
2860 1772 3186 1843 μναζόμενα,
3208 1770 3341 1825 ἀλλά
3358 1770 3426 1824 τά
3449 1787 3510 1839 γε
3526 1771 3727 1840 ἔσχατα
3755 1770 3850 1824 καὶ
3867 1769 3970 1840 τῆς

2415 1867 2589 1937 ψυχῆς
2619 1864 2784 1932 αὐτῆς
2829 1863 2888 1914 τὸ
2925 1863 3120 1932 γῆρας,
3154 1861 3425 1914 τουτέστιν
3465 1862 3498 1930 ή
3535 1861 3809 1924 τελείωσις
3841 1860 3967 1914 τεύ-

773 1969 905 2009 sane
928 1955 1117 2009 oculus
1146 1970 1298 2008 meus
1327 1955 1415 2024 qui
1447 1971 1608 2024 super
1629 1962 1938 2025 peccatores
1962 1958 2313 2020 contabescit,
2347 1945 2386 1999 Β
2416 1957 2514 2023 gert

2416 1957 2562 2023 ξεται
2590 1955 2686 2025 τῆς
2715 1954 2804 2005 ἐπὶ¹
2824 1951 2882 2006 τὸ
2916 1954 3156 2022 κρεῖττον
3181 1950 3496 2022 μεταϐολῆς,
3523 1951 3579 2002 ἐν
3607 1950 3767 2020 ἐλαίῳ
3785 1968 3973 2022 περιτ-

772 2052 826 2100 et
855 2043 1131 2098 mortalem
1159 2045 1321 2097 vitam
1353 2045 1614 2115 deplorat,
1650 2046 1719 2100 ab
1759 2047 1992 2102 inimicis
2025 2049 2157 2102 meis
2188 2063 2317 2102 con-

773 2133 1055 2203 spicietur,
1085 2128 1285 2203 eosque
1312 2134 1516 2190 debitus
1543 2151 1731 2204 poenas
1765 2138 1913 2192 luere
1954 2139 2183 2204 videbit;
2223 2140 2314 2209 qui

770 2225 881 2292 jam
931 2221 1072 2290 apud
1120 2223 1318 2295 multos
1366 2225 1536 2294 gloria
1570 2227 1930 2292 celebrantur,
1978 2243 2318 2297 quorumque

774 2315 899 2369 ﬁnis
934 2315 1254 2385 dispersioni
1288 2318 1548 2371 tradetur.
1599 2316 1749 2371 Tunc
1786 2334 1892 2372 non
1926 2319 2087 2373 modo
2128 2321 2317 2374 oculus

774 2420 948 2469 meus,
981 2406 1074 2461 sed
1112 2406 1272 2467 etiam
1311 2406 1457 2458 auris
1504 2406 1708 2460 animi
1739 2422 1889 2469 meae,
1926 2408 2106 2463 ﬁnem'
2139 2410 2318 2464 audiet

775 2509 984 2557 eorum,
1012 2496 1103 2562 qui
1130 2493 1242 2562 jam
1274 2494 1556 2565 insurgunt
1581 2495 1865 2551 adversum
1890 2513 1975 2552 me
2004 2505 2056 2552 et
2089 2500 2320 2571 maligne

776 2595 961 2656 agunt.
991 2583 1190 2640 Horum
1213 2602 1338 2656 ergo
1363 2590 1602 2641 omnium
1630 2604 1792 2643 causa
1822 2590 2176 2646 admiratione
2198 2607 2321 2662 per-

776 2677 964 2730 culsus
1018 2677 1084 2730 de
1140 2680 1490 2747 providentiae
1543 2692 1645 2733 tua:
1685 2682 1911 2744 ratione,
1946 2689 1999 2736 et
2049 2682 2117 2737 de
2172 2680 2321 2752 justo

775 2764 977 2830 judicio
1004 2765 1099 2820 abs
1133 2773 1184 2821 te
1210 2767 1460 2821 omnibus
1488 2767 1780 2830 reddendo,
1801 2782 1899 2839 ego
1928 2769 2142 2837 quidem
2173 2770 2324 2824 laetor

777 2863 832 2907 et
855 2856 1067 2909 exsulto
1094 2857 1148 2910 in
1182 2858 1433 2925 operibus
1460 2873 1714 2911 manuum
1750 2866 1997 2926 tuarum;
2025 2859 2201 2915 omnis
2227 2876 2322 2914 au-
2367 2849 2369 2851 ’

779 2949 886 2996 tem
915 2943 996 2996 vir
1026 2945 1284 3014 insipiens
1310 2955 1362 3000 et
1386 2947 1585 3001 stultus
1620 2963 1725 3002 non
1755 2947 2001 3018 intelligit
2024 2948 2156 3002 haec.
2181 2948 2325 3015 Qua-

781 3042 1001 3102 propter
1047 3034 1166 3088 dico
1206 3053 1221 3089 :
1269 3035 1438 3100 Quam
1485 3040 1821 3106 magniﬁcata
1858 3049 1978 3092 sunt
2010 3056 2164 3108 opera
2209 3051 2321 3106 tua,

781 3123 1035 3178 Domine!
1065 3140 1162 3178 nec
1191 3126 1350 3179 modo
1377 3125 1652 3194 profundae
1681 3126 1834 3182 facta:
1872 3137 2016 3194 sunt,
2048 3134 2139 3188 sed
2171 3134 2324 3188 valde

779 3213 1055 3282 profunda:
1078 3213 1232 3281 facta:
1258 3224 1378 3269 sunt
1408 3218 1742 3287 cogitationes
1773 3229 1910 3284 tua’;
1942 3222 2140 3290 quibus
2185 3225 2325 3294 cogi-

2414 2049 2618 2102 τεύοντι
2667 2046 2758 2099 καὶ
2816 2042 3052 2112 πλουσίῳ
3103 2043 3195 2095 καὶ
3232 2042 3393 2108 πίονι,
3420 2041 3497 2112 τῷ
3551 2041 3700 2112 παρά
3746 2041 3846 2106 σοὶ,
3891 2043 3970 2112 τῷ

2416 2140 2660 2210 ἐλεήμονι
2684 2135 2800 2207 Θεῷ
2825 2135 3146 2206 ζησομένης.
3185 2134 3314 2186 Τότε
3341 2133 3405 2204 δὴ
3431 2134 3550 2187 τότε
3577 2133 3670 2186 καὶ
3701 2133 3730 2183 ό
3759 2132 3852 2186 νῦν
3878 2134 3970 2186 ἐπὶ

2414 2233 2525 2292 τοῖς
2577 2227 2912 2298 ἁμαρτωλοῖς
2961 2225 3320 2296 ἐκτηκόμενός
3370 2242 3468 2295 μου
3527 2224 3835 2293 ὀφθαλμὸς,
3877 2225 3973 2277 καὶ

2415 2319 2505 2372 τὸν
2537 2317 2723 2387 θνητὸν
2758 2315 2867 2384 βίον
2898 2313 3320 2383 ἀποκλαόμενος,
3345 2313 3601 2380 ἐπόψεται
3620 2315 3730 2375 τοῖς
3761 2311 3972 2383 ἐχθροῖς

2421 2425 2540 2477 μου,
2575 2405 2713 2474 ὁρῶν
2764 2403 2916 2473 δίκην
2959 2403 3057 2472 τὴν
3102 2402 3416 2472 πρέπουσαν
3448 2400 3682 2464 διδόντας
3729 2401 3851 2463 τοὺς
3878 2401 3973 2452 νῦν

2420 2497 2568 2568 παρὰ
2613 2498 2724 2558 τοῖς
2758 2493 2970 2554 πολλοῖς
3017 2491 3420 2561 δοξαζομένους,
3453 2483 3527 2542 ὧν
3570 2491 3630 2541 τδ
3683 2491 3834 2554 τέλος
3859 2492 3976 2545 δια-

2421 2584 2741 2657 σκορπισμῷ
2769 2582 3214 2655 παραδοθήσεται.
3233 2582 3363 2633 Τότε
3381 2581 3436 2632 δὲ
3460 2581 3519 2633 ού
3553 2581 3707 2650 μόνον
3727 2584 3755 2634 ὁ
3777 2581 3974 2649 ὀφθαλσ

2423 2677 2519 2745 μός
2543 2693 2666 2746 μου,
2702 2673 2834 2726 ἀλλά
2877 2674 2968 2726 καὶ
3015 2671 3144 2724 αύτό
3190 2671 3249 2724 τδ
3278 2664 3368 2733 οῦς
3394 2672 3492 2740 τῆς
3527 2669 3665 2740 ἐμῆς
3699 2669 3876 2741 ψυχῆς
3913 2671 3976 2724 τὸ

2419 2768 2568 2830 τέλος
2625 2766 2910 2819 ἀκούσεται
2970 2764 3076 2817 τῶν
3128 2764 3361 2833 σήμερον
3413 2763 3852 2833 ἐπανισταμένων
3889 2764 3974 2815 ἐπ’

2423 2859 2521 2928 ἐμὲ
2551 2855 2642 2909 κα)⁵
2674 2853 3136 2925 πονηρευομένων.
3164 2851 3377 2904 Τούτων
3403 2852 3446 2904 δ’
3465 2846 3556 2904 οὖν
3575 2851 3733 2904 ἔνεκα
3763 2851 3977 2905 πάντων

2422 2945 2851 3018 ὑπερθαυμὰζων
2867 2945 2990 3006 τοῦς
3010 2947 3108 3013 τῆς
3136 2944 3234 3014 σῆς
3256 2943 3739 3014 προνοίας’λόγους,
3772 2943 3864 2995 καὶ
3881 2942 3993 3013 τήν-

2423 3038 2783 3109 ἀποκειμένην
2823 3037 2933 3098 τοῖς
2966 3037 3096 3087 πᾶσι
3125 3034 3272 3106 παρὰ
3307 3033 3399 3084 σοῦ
3428 3033 3839 3104 δικαιοκρισίαν,
3870 3030 3994 3101 ἐγὼ.

2427 3135 2522 3204 μὲν
2574 3134 3068 3206 ὑπερευφραίνομαι
3125 3133 3216 3186 καὶ
3264 3130 3500 3199 ἀγαλλιῶ
3530 3130 3621 3182 ἐπὶ
3659 3132 3770 3192 τοῖς
3798 3129 3979 3199 ἔργοις

2423 3223 2530 3280 τῶν
2561 3227 2755 3299 χειρῶν
2814 3245 2936 3280 σου·
2973 3229 3080 3290 πᾶς
3119 3227 3175 3280 δέ
3204 3225 3389 3295 ἄφρων
3429 3222 3567 3294 ἀνὴρ
3605 3222 3699 3276 καὶ
3727 3220 3980 3283 ἀσύνετος

785 3301 1079 3357 tationibus
1100 3319 1295 3360 arcano
1324 3315 1379 3360 et
1407 3307 1673 3378 profundo
1702 3310 1861 3365 modo
1894 3287 2201 3369 universum
2231 3287 2323 3369 ad-
2351 3287 2391 3342 θ
2425 3319 2484 3372 οὐ

2425 3319 2484 3372 οὐ
2534 3287 2746 3389 σῦνίησι
2792 3319 2982 3373 ταῦτα.
3018 3287 3108 3371 Ai?»
3140 3319 3203 3388 δή
3248 3287 3419 3387 φημι·
3608 3312 3978 3381 ἐμεταλύνθη

784 3393 1061 3448 ministras
1097 3412 1109 3447 :
1140 3410 1201 3448 ac
1229 3396 1366 3452 sinis
1407 3398 1622 3468 quidem
1653 3411 1706 3454 et
1750 3400 2022 3465 concedis,
2074 3409 2135 3456 ut
2176 3403 2327 3473 impii
2423 3409 2514 3463 τὰη

2423 3409 2495 3463 τὰ
2513 3411 2655 3480 ἔργα
2687 3425 2822 3472 σου,
2865 3409 3082 3477 Κύριε]
3115 3411 3208 3462 καὶ
3241 3409 3337 3478 οὑχ
3371 3405 3555 3468 ἁπλῶς
3592 3402 3980 3473 ἐδαθύνθησαν,

785 3485 886 3541 hoc
905 3492 1141 3554 tempore
1170 3489 1472 3544 exaltentur
1507 3498 1560 3546 et
1602 3492 1960 3558 extollantur;
1986 3493 2059 3562 pii
2086 3508 2212 3548 vero
2227 3495 2327 3548 bu-
2425 3499 2514 3553 ἀλλ

2425 3499 2559 3553 ἀλλὰ
2583 3501 2812 3569 σφόδρα
2859 3492 3270 3565 ἐϐὶιθύνθησαν
3316 3500 3372 3551 οί
3419 3494 3791 3565 διαλογισμοί
3831 3507 3976 3546 σου·

787 3577 1078 3642 Inilientur,
1115 3595 1342 3650 quorum
1384 3589 1558 3635 tamen
1605 3584 1728 3637 linis
1761 3584 1991 3640 mirabili
2030 3591 2084 3638 et
2116 3585 2328 3655 sapien—
2428 3591 2514 3646 καί

2428 3591 2548 3646 καθ’
2583 3591 2674 3655 οὒς
2691 3592 3068 3661 διαλογισμοὺς
3091 3591 3411 3661 ἀπορῤήτως
3427 3589 3522 3642 καὶ
3544 3585 3746 3656 βαθέως
3765 3585 3978 3648 διοικείς

784 3668 1008 3723 tissimae
1037 3669 1430 3738 dispensationi
1450 3683 1554 3726 tuae
1579 3673 1943 3728 testimonium
1967 3674 2187 3743 praebet,
2210 3691 2329 3745 qua:
2429 3682 2488 3735 τὸ

2429 3682 2488 3735 τὸ
2517 3680 2641 3744 πᾶν,
2674 3682 2979 3750 ἐπιτρέπων
3014 3682 3104 3734 καὶ
3136 3680 3425 3751 συγχωρῶν
3457 3677 3676 3731 ἀσεϐέσι
3723 3677 3818 3747 μὲν
3843 3674 3978 3728 κατά

787 3760 1133 3828 conspicatus
1161 3759 1379 3814 divinus
1414 3761 1700 3830 Apostolus
1731 3764 1809 3816 sic
1839 3762 2168 3819 vociferatus
2197 3774 2279 3821 est
2313 3785 2324 3818 :
2433 3771 2514 3823 τὸν

2433 3771 2522 3823 τὸν
2545 3771 2783 3841 παρόντα
2834 3770 3021 3848 καιρὸν
3065 3770 3383 3840 ἐπαίρεσθαι
3421 3759 3512 3823 καὶ
3543 3765 3822 3837 ύψοῦσθαι,
3859 3765 3983 3828 τοὺς

790 3848 837 3906 0
867 3850 1089 3904 altitudo
1111 3851 1410 3918 divitiarum
1431 3853 1702 3920 sapientiw
1720 3861 1768 3906 et
1791 3854 2019 3908 scientia:
2035 3854 2149 3919 Dei,
2174 3873 2330 3925 quam
2432 3860 2488 3912 δὲ

2432 3860 2488 3912 δὲ
2518 3861 2753 3922 εὐσεϐεῖς
2795 3857 3196 3924 ταπεινοῦσθαι,
3228 3853 3302 3912 ὧν
3338 3858 3406 3910 τά
3437 3858 3563 3928 τέλη
3600 3858 3862 3928 μαρτυρεῖ
3893 3872 3986 3907 σου

790 3940 1326 4010 incomprehensibilia
1353 3952 1472 3996 sunt
1493 3941 1696 4011 judicia
1719 3945 1830 4012 ejus
1870 3953 1919 3998 et
1950 3945 2330 4017 investigabiles
2433 3953 2499 4020 τῇ

2433 3953 2499 4020 τῇ
2541 3952 2821 4019 θαυμαστῇ
2868 3950 2959 4002 καὶ
2985 3948 3241 4016 πανσόφῳ
3261 3947 3547 4016 διοικήσει·
3591 3947 3626 3999 ἃ.
3655 3946 3718 4015 δὴ
3764 3943 3997 3996 συνιδὼν-

793 4029 889 4084 υίω
913 4026 1024 4096 οἰίη
1047 4033 1090 4063 ’⁸
1114 4033 1127 4086 ί
2435 4040 2528 4092 καὶ
2555 4042 2582 4091 ὁ
2599 4040 2738 4102 θεῖος
2753 4038 3070 4101 Ἀπόστολος
3087 4035 3390 4107 ἐξεφώνησε
3408 4036 3489 4100 τὸ,
3510 4035 3570 4088 Ὢ
3597 4034 3784 4098 ,Βάθος
3805 4035 3989 4086 πλού-

790 4139 897 4179 του
943 4125 1040 4178 καὶ
1076 4111 1292 4194 (rogatae
1319 4126 1699 4198 καιτνώσεως
1738 4130 1904 4196 Θεοῦ,
1959 4131 2040 4198 ὡς
2091 4121 2521 4202 ἀνεξερεύιητα
2559 4137 2630 4190 τὰ
2663 4134 2914 4207 κρίματά
2967 4149 3116 4206 μου,
3163 4133 3260 4187 καί
3304 4130 3831 4199 ἀνεξιχνίαστοι-αἱ
3861 4128 3988 4207 ὁδοὶ

789 4213 996 4272 αὐτοῦ.
2474 4235 2514 4248 ’ν

861 4329 1026 4386 Vens.
1064 4332 1149 4396 i5,
1178 4331 1262 4388 M.
1295 4329 1482 4389 Justus
1511 4343 1567 4389 ιιι
1595 4336 1770 4404 palma
1802 4339 2037 4406 ﬂaua“,
2067 4341 2200 4394 sicut
2250 4356 2330 4394 ce-
2503 4363 2514 4391 Α

2503 4340 2738 4402 Δίκαιος
2781 4337 2861 4402 ὠς
2899 4336 3098 4405 φοίνιξ
3138 4333 3409 4403 ἀνθήσει,
3435 4333 3526 4400 ὡς
3554 4335 3592 4402 ἡ
3617 4332 3824 4402 κέδρος
3855 4336 3892 4402 ἠ
3920 4335 3999 4389 ἐν

791 4422 940 4485 drus,
965 4439 1080 4492 qua:
1107 4426 1160 4476 in
1191 4423 1390 4479 Libano
1420 4437 1516 4491 est,
1541 4428 1988 4496 multiplicabitur.
2014 4430 2331 4486 Peccatores
2435 4428 2514 4494 τῷ

2435 4428 2515 4494 τῷ
2536 4426 2763 4492 Λιϐάνῳ
2787 4424 3289 4494 ulnam-Oricum.
3314 4425 3375 4477 Οί
3406 4424 3501 4495 μὲν
3522 4423 3832 4495 ἁμαρτωλοὶ
3859 4423 4001 4478 ὡσεὶ

794 4496 1008 4581 quidem
1046 4513 1186 4565 sicut
1227 4512 1416 4568 fenum
1442 4499 1661 4598 exoriri,
1696 4523 1750 4572 et
1783 4519 1849 4572 ad
1885 4521 2187 4590 exemplum
2225 4520 2332 4574 feni
2366 4552 2414 4611 ο
2439 4519 2514 4588 χόι

2410 4519 2626 4596 ,χόρτος
2685 4515 2926 4583 ἐλέγοντο
2977 4515 3285 4569 ἀνατέλλειν
3305 4555 3319 4578 ,
3367 4514 3461 4568 καὶ
3517 4513 3860 4584 καταλλήλως
3914 4513 3992 4584 τῷ

797 4616 906 4655 non
932 4602 1024 4655 diu
1053 4612 1234 4670 postea
1279 4606 1452 4671 perire
1495 4608 1621 4662 dicti
1651 4620 1794 4663 sunt.
1827 4608 1957 4662 Nam
1986 4619 2230 4666 exortum
2261 4608 2338 4664 fe-
2366 4601 2407 4611 ⁷
2439 4624 2514 4661 πα

2439 4605 2840 4678 παραδείγματι
2861 4603 2953 4657 τοῦ
2989 4604 3198 4675 χόρτου,
3225 4606 3322 4657 οὐκ
3337 4606 3415 4674 είς
3453 4603 3659 4676 μακρὸν
3687 4601 3993 4672 διαφθείρε-

798 4703 928 4743 num
956 4691 1134 4744 statim
1163 4692 1624 4762 exsiccatumest,
1655 4708 1706 4752 et
1727 4699 1824 4753 ﬂos
1854 4698 2072 4767 decidit,
2093 4715 2156 4754 eo
2180 4713 2338 4768 pror-
2437 4698 2514 4751 am

2437 4698 2580 4751 σθαι’
2616 4696 2730 4766 ἅμα
2756 4709 2817 4746 τε
2843 4693 2950 4765 γὰρ
2985 4694 3251 4747 ἀνέτειλεν
3280 4694 3308 4745 ὁ
3335 4690 3526 4761 χόρτος
3570 4692 3663 4743 καὶ
3699 4690 3990 4764 ἐξηράνθη,

797 4794 893 4834 sus
925 4780 1084 4833 modo
1115 4797 1221 4849 quo
1267 4791 1602 4852 peccatorum
1649 4787 1759 4840 vita
1805 4797 1858 4842 et
1905 4789 2093 4858 gloria.
2150 4788 2340 4846 Justus
2439 4786 2514 4839 καί

2439 4786 2532 4839 καὶ
2556 4784 2614 4837 τὸ
2632 4781 3073 4847 ἄνθοςέξέπεσεν,
3104 4781 3288 4851 ὥσπερ
3309 4775 3398 4832 οὖν
3428 4779 3520 4832 καὶ
3545 4779 3712 4849 ἡτῶν
3735 4780 3996 4851 ἀμαρτω-

798 4875 980 4923 autem
1007 4882 1112 4922 non
1143 4871 1283 4924 sicut
1322 4871 1502 4927 fenum
1526 4912 1540 4936 ,
1579 4874 1673 4926 sed
1706 4879 1896 4944 palma:
1924 4879 2094 4934 instar
2131 4879 2343 4936 ﬂorebit
2441 4877 2514 4931 λῶ

2441 4877 2546 4931 λῶν
2573 4879 2683 4949 ζωή
2713 4895 2772 4930 τε
2797 4879 2891 4931 καὶ
2919 4875 3070 4940 δόξα·
3100 4876 3129 4927 ὁ
3172 4874 3230 4928 δέ
3260 4873 3462 4936 δίκαιος
3492 4873 3552 4925 ού
3585 4874 3723 4926 κατὰ
3748 4874 3837 4926 τὸν
3869 4873 3996 4945 χόρ-

803 4971 1019 5012 sursum
1058 4955 1268 5011 radices
1294 4966 1346 5012 et
1373 4973 1554 5014 comas
1579 4957 1840 5027 eﬂ’erens;
1872 4979 2044 5033 neque
2077 4965 2224 5026 humi
2245 4980 2344 5035 po-
2444 4988 2514 5023 rm

2444 4988 2552 5034 τον,
2576 4969 2709 5024 ἀλλὰ
2733 4969 2966 5039 φοίνικος
2985 4968 3135 5036 δίκην
3154 4965 3396 5035 ἀνθήσει,
3425 4965 3535 5019 ἀνω
3567 4981 3668 5019 που
3693 4965 3872 5035 φέρων
3895 4965 3996 5028 τὰς

802 5047 956 5110 sitas,
987 5047 1082 5103 sed
1109 5047 1176 5101 ad
1216 5050 1408 5103 cmlum
1435 5059 1701 5105 extensas.
1727 5050 1842 5114 Qua
1875 5053 1940 5106 de
1966 5069 2127 5108 causa
2157 5056 2347 5125 palmae
2447 5061 2514 5131 ρίξ

2447 5061 2619 5131 ῥίζας,
2660 5061 2752 5113 καὶ
2792 5060 2890 5123 τὰς
2927 5058 3120 5129 κομάς,
3153 5058 3213 5110 οὐ
3253 5059 3424 5127 χαμαὶ
3461 5056 3735 5125 κειμένας,
3769 5054 3880 5106 ἀλλ’
3915 5057 3997 5119 είς

804 5136 1016 5206 quidem
1039 5137 1219 5207 justus
1261 5147 1638 5208 comparatur;
1673 5156 1782 5194 non
1817 5150 1993 5194 autem
2023 5145 2183 5198 unico
2232 5146 2348 5214 pal-

807 5241 909 5280 ma
931 5234 1160 5283 trunco:
1193 5243 1317 5282 nam
1350 5231 1405 5281 in
1431 5230 1594 5284 ramis
1638 5230 2027 5301 multiplicatur
2049 5269 2064 5295 ,
2108 5233 2200 5303 qui
2233 5250 2341 5288 una

808 5330 932 5369 cum
962 5314 1053 5370 illa
1088 5326 1141 5372 et
1189 5333 1283 5388 per
1313 5311 1456 5370 illam
1487 5318 1710 5372 salutem
1753 5330 2176 5390 consequuntur.
2229 5320 2346 5388 Qua

811 5407 878 5462 de
894 5421 1060 5478 causa
1090 5407 1479 5478 comparandus
1512 5407 1636 5460 item
1660 5408 1840 5476 cedro,
1865 5427 1972 5466 non
1995 5413 2233 5478 cuilibet,
2253 5415 2347 5470 sed

811 5501 862 5554 el
895 5513 1016 5569 qua:
1048 5496 1101 5550 in
1129 5495 1333 5552 Libano
1366 5508 1467 5554 est.
1514 5497 1787 5566 Multiplex
1820 5513 1994 5556 autem
2026 5504 2115 5557 illa
2142 5514 2242 5570 est,
2271 5513 2352 5559 at-

815 5604 922 5658 que
947 5587 1234 5643 admodum
1269 5603 1493 5646 numero
1522 5590 1736 5651 crescit,
1751 5597 1932 5660 utpote
1956 5608 2074 5663 quae
2094 5595 2147 5649 in
2171 5604 2351 5652 monte

817 5678 1199 5750 pinguissimo,
1249 5677 1343 5748 qui
1373 5680 1700 5737 celsissimae
1731 5681 1951 5738 arbores
2001 5685 2249 5754 producit
2295 5695 2351 5744 et

925 5833 970 5864 ³⁸
1005 5830 1162 5888 Rom.
1198 5848 1252 5901 ιι
1275 5873 1290 5895 .
1324 5832 1411 5888 53.

2447 5148 2667 5219 οὐρανὸν
2695 5147 3086 5217 ἐκτεινομένας.
3124 5145 3335 5198 Τούτων
3370 5144 3468 5214 μὲν
3504 5139 3594 5195 οὖν
3615 5142 3772 5193 ἕνεκα
3796 5142 4019 5209 φοίνικι·

2448 5238 2817 5309 παραϐληθείη
2843 5238 2906 5291 ἂν
2928 5241 2956 5291 ὁ
2983 5238 3204 5300 δίκαιος,
3240 5236 3338 5289 οὐκ
3383 5234 3460 5286 ἔτι
3510 5232 3566 5284 δέ
3611 5231 3702 5283 καὶ
3723 5231 3798 5302 τῷ
3842 5243 3998 5303 μονομ-

2453 5332 2573 5396 φυεῖ
2603 5329 2837 5398 στελέχει
2878 5327 2972 5382 τοῦ
3019 5329 3257 5397 φοίνικος
3276 5344 3288 5355 ·
3321 5321 3647 5392 πολυπληθεῖ
3667 5320 3772 5394 γὰρ
3796 5326 3852 5376 ἐν
3884 5326 3995 5385 τοῖς

2453 5418 2661 5482 κλάδοις
2686 5421 2794 5482 τοῖς
2825 5418 2938 5488 ἅμα
2959 5415 3104 5484 αύτῷ
3127 5415 3221 5467 καὶ
3243 5413 3308 5465 δι’
3331 5410 3491 5464 αὑτοῦ
3519 5409 3858 5480 σωζομένοις.
3892 5405 3996 5461 Ὧν

2452 5506 2611 5561 ἔνεκα
2641 5507 3005 5578 παραϐλητέον
3036 5504 3168 5571 αὐτῇ
3193 5503 3257 5570 τῇ
3281 5500 3479 5570 κέδρῳ,
3503 5497 3605 5567 οὐχ
3624 5498 3828 5561 ἁπλῶς,
3860 5496 3996 5549 ἀλλὰ

2452 5599 2518 5667 τῇ
2549 5599 2605 5650 ἐν
2640 5596 2716 5666 τῷ
2772 5595 3010 5664 Λιϐάνῳ·
3031 5583 3217 5660 ’πολλὴ
3243 5589 3299 5642 δέ
3336 5589 3471 5660 αῦτη
3507 5589 3599 5642 καὶ
3641 5585 3994 5659 μγαλοφυῶς

2453 5686 2759 5758 πληθύουσα
2777 5704 2790 5719 ·
2826 5686 2920 5741 ire
2947 5688 3002 5738 ἐν
3025 5682 3136 5753 δρει
3159 5671 3362 5750 φύουσα
3379 5680 3756 5750 λιπαρωτάτῳ,
3773 5676 3996 5748 φέροντι
