4372 6394
275 523 278 525 λ
339 489 469 546 "8|

1442 484 1939 542 COMMENTABIA
1978 488 2046 542 IN
2083 488 2413 545 PSALMOS.

3401 496 3534 551 sui?

333 603 427 657 καὶ
456 602 730 676 τρέφοντι
779 600 1125 674 οὐρανομήκη
1170 600 1327 668 φυτά.
1381 601 1533 654 Οὕτω
1579 601 1623 653 δ’
1668 594 1758 655 οὖν
1799 601 1891 654 καὶ

1996 602 2104 666 alit,
2138 612 2411 660 nascatur.
2466 603 2555 658 Sic
2602 605 2784 675 itaque
2827 604 3300 673 justus,inﬂnitos
3352 623 3536 663 secum

329 694 361 747 ὁ
408 697 633 759 δίκαιος,
693 694 915 765 μυρίους
972 693 1105 762 έχων
1150 693 1273 755 τοὺς
1321 691 1388 745 δι’
1434 691 1597 744 αὐτοῦ
1647 692 1739 744 καὶ
1794 694 1889 745 σὺν

333 783 479 854 αὐτῷ
526 783 880 853 σωζομένους,
927 782 1065 836 κατά
1097 781 1254 835 τοῦτο
1303 782 1397 852 μὲν
1440 782 1505 835 ἂν
1542 783 1786 853 ἐμφερὴς
1822 783 1887 854 τῇ

333 875 537 945 κέδρῳ,
590 875 670 946 τῷ
722 875 778 927 δὲ
823 874 1018 943 φοίνικι
1050 872 1188 926 κατά
1227 872 1296 925 τά
1326 872 1497 937 ἄλλως
1529 873 1887 943 δεδηλωμένα.

345 964 483 1018 Ἀλλ’
509 965 569 1018 οὐ
596 965 822 1018 τοιοῦτοι
842 960 977 1033 ἦσαν
994 963 1042 1014 οί
1072 961 1303 1026 ἀσεϐεῖς,
1322 963 1371 1016 οἱ
1390 962 1519 1014 ὡσεὶ
1549 963 1737 1033 χόρτος
1759 962 1889 1015 ἀνα-

331 1055 608 1118 τέλλοντες
660 1056 751 1108 καὶ
782 1054 1113 1124 παραχρῆμα
1159 1054 1556 1123 ἀφανιζόμενοι.
1590 1057 1889 1121 Πεερυτευ-

327 1142 500 1213 μένοι
533 1146 605 1199 ἐν
654 1144 745 1209 τῷ,
781 1143 923 1208 οἴκῳ
948 1142 1054 1195 τοῦ
1091 1143 1260 1208 Θεοῦ,
1301 1143 1370 1195 ἐν
1402 1143 1527 1208 ταῖς
1550 1143 1761 1207 αὐλαῖς
1785 1140 1890 1194 τοῦ

338 1233 485 1287 Θεοῦ
542 1232 711 1302 ἡμῶν
763 1231 1187 1296 ἐξανθήσουσι.
1246 1224 1474 1296 Σπάνιος
1517 1233 1612 1302 μὲν
1652 1235 1680 1285 ό
1710 1234 1891 1301 ἄκρως

334 1324 556 1386 τέλειος,
578 1326 607 1376 ό
631 1303 723 1375 καὶ
736 1323 938 1385 δίκαιος
962 1323 1360 1393 ὠνομασμένος,
1394 1323 1589 1391 φοίνικι
1612 1323 1701 1374 καὶ
1721 1323 1891 1392 κέδρῳ

339 1413 818 1487 παραϐεϐλημένος
837 1430 850 1443 ⁶
875 1415 996 1465 ἐπεὶ
1023 1414 1078 1466 δὲ
1106 1414 1181 1484 μὴ
1210 1413 1407 1475 πάντες
1429 1400 1677 1477 τοιοῦτοι,
1700 1412 1887 1476 ίστέον,

337 1503 419 1557 ὅτι
455 1503 548 1557 καὶ
571 1502 677 1556 τῶν
705 1502 1086 1574 ἀτελεστέρων,
1121 1503 1257 1571 πλὴν
1288 1498 1422 1554 ἀλλά
1444 1501 1544 1569 τῆς
1577 1502 1637 1553 ὲν
1658 1500 1734 1569 τῷ
1758 1502 1891 1569 οίκῳ

337 1592 432 1646 τοῦ
452 1591 585 1645 Θεοῦ
612 1592 832 1661 φυτείας
864 1591 1200 1661 ἠξιωμένων,
1228 1590 1341 1642 ἐστι
1373 1607 1423 1642 τι
1456 1589 1658 1657 ἀγαθὸν
1702 1589 1853 1652 τέλος
1872 1607 1885 1619 ·

338 1685 398 1735 ὲν
428 1680 554 1751 γοῦν
595 1685 715 1744 ταῖς
768 1682 957 1745 αὐλαῖς
996 1681 1090 1735 τοῦ
1139 1680 1269 1733 Θεοῦ
1313 1680 1470 1750 ήμῶν
1521 1679 1886 1749 ὲξανθήσουσι.

338 1773 570 1845 Νοήσεις
595 1773 651 1825 δὲ
683 1773 948 1827 καὶτοῦτο
967 1766 1110 1825 οἷκον
1147 1770 1315 1842 μέγαν
1339 1772 1418 1845 K3
1427 1770 1537 1839 ρίου
1562 1771 1772 1823 ἀκούων
1796 1771 1893 1840 τὴν

351 1863 673 1936 Ἐκκλησίαν
718 1863 901 1926 αὐτοῦ,
952 1863 1049 1933 τὴν
1077 1862 1166 1913 ἐπὶ
1202 1861 1322 1931 γῆς,
1359 1862 1497 1913 κατά
1522 1860 1611 1914 τὸν
1650 1862 1892 1931 φήσαντα

1990 695 2194 749 habens
2220 698 2311 764 qui
2346 696 2516 766 ipsius
2557 710 2720 765 opera
2750 696 2977 751 salutem
3033 708 3434 769 assequuntur,
3472 715 3537 755 ea

1989 786 2204 855 quidem
2259 789 2466 841 ratione
2509 788 2673 841 cedro
2717 788 3149 858 comparandus,
3206 792 3310 845 alia
3357 800 3535 846 autem

1991 879 2138 947 prius
2170 879 2467 940 enuntiata,
2496 879 2705 947 palmae.
2762 878 2830 932 At
2859 894 2969 933 non
3024 879 3333 948 hujusmodi
3381 890 3540 937 erant

1988 969 2158 1038 impii,
2192 970 2304 1037 qui,
2328 977 2579 1039 tanquam
2612 969 2790 1023 fenum
2819 970 3018 1033 exorti,
3045 987 3167 1026 mox
3193 972 3351 1026 deleti
3384 982 3537 1028 sunt.

1990 1058 2228 1113 Plantati
2261 1061 2314 1115 in
2344 1060 2493 1113 domo
2515 1058 2633 1123 Dei,
2674 1060 2725 1113 in
2758 1062 2911 1115 atriis
2938 1059 3036 1115 Dei
3058 1063 3225 1116 nostri
3254 1064 3535 1131 ﬂorebunt.

1988 1148 2252 1211 Perrarus'
2276 1150 2489 1221 quidem
2522 1158 2637 1215 est,
2667 1150 2759 1219 qui
2791 1150 2858 1204 ad
2891 1168 3159 1206 summum
3195 1152 3541 1223 perfectionis

1988 1241 2280 1303 devenerit,
2311 1241 2401 1311 qui
2430 1248 2484 1295 et
2507 1242 2687 1310 justus
2718 1248 2942 1295 vocatur
2964 1280 2977 1305 ,
3023 1243 3321 1313 palmaeque
3363 1259 3426 1315 ac
3450 1259 3543 1299 ce-
3584 1254 3587 1255 '

1988 1333 2087 1386 dro
2135 1330 2431 1387 confertur.
2504 1331 2609 1386 Sed
2660 1332 2788 1400 quia
2839 1347 2947 1385 non
2990 1346 3180 1388 omnes
3227 1332 3540 1401 hujusmodi

1990 1428 2134 1485 sunt,
2160 1421 2436 1474 sciendum
2469 1426 2571 1482 est,
2600 1420 2761 1474 etiam
2806 1418 3309 1488 imperfectioribus,
3333 1423 3423 1490 qui
3459 1430 3540 1475 ta-

1987 1525 2109 1564 men
2138 1510 2228 1563 illa
2266 1510 2319 1563 in
2352 1510 2513 1564 domo
2545 1509 2640 1565 Dei
2679 1510 3011 1578 plantatione
3040 1508 3242 1578 dignati
3298 1510 3540 1574 fuerint,

1988 1600 2187 1655 bonum
2227 1600 2513 1669 quemdam
2565 1599 2724 1654 ﬁnem
2766 1602 3063 1669 repositum
3105 1615 3225 1655 esse
3261 1617 3274 1652 :
3328 1618 3452 1657 nam
3486 1604 3543 1657 in

1990 1688 2141 1743 atriis
2170 1687 2363 1742 domus
2411 1686 2505 1741 Dei
2552 1687 2725 1742 nostri
2768 1685 3054 1742 ﬂorebunt.
3089 1687 3144 1742 Id
3178 1703 3305 1743 vero
3340 1690 3542 1745 intelli-

1932 1830 1935 1833 γ
1990 1790 2105 1845 gas,
2136 1776 2180 1830 si
2208 1791 2304 1845 pro
2329 1790 2522 1846 magna
2545 1776 2703 1829 domo
2724 1774 2958 1838 Domini,
2989 1777 3283 1832 Ecclesiam
3322 1778 3443 1847 ejus
3484 1781 3541 1835 in

1992 1874 2134 1921 terra
2164 1867 2322 1920 sitam
2345 1865 2580 1935 accipias
2608 1865 2907 1925 secundum
2932 1865 3272 1935 Apostolum,
3316 1868 3409 1937 qui
3440 1870 3538 1933 ait,

350 1956 696 2011 Ἀπόστολον·
736 1957 857 2011 Ἵνα
881 1954 1015 2019 ἴδῃς
1038 1950 1163 2016 πῶς
1191 1951 1283 2004 δεῖ
1308 1951 1377 2004 ἐν
1397 1952 1538 2015 οἴκῳ
1577 1952 1721 2005 Θεοῦ
1749 1952 1893 2005 ἀνα-

2002 1956 2068 2011 Ut
2105 1957 2279 2011 videas
2308 1956 2561 2027 quomodo
2587 1966 2819 2026 oporteat
2840 1958 2894 2012 in
2924 1958 3077 2012 domo
3098 1958 3196 2013 Dei
3222 1961 3541 2024 conversari,

340 2045 719 2115 στρέφεσθαι,
741 2044 870 2112 ἣτις
902 2042 1071 2095 ἐστὶν
1110 2041 1429 2103 Ἐκκλησία
1465 2040 1610 2094 Θεοῦ
1644 2039 1853 2107 ζῶντος
1875 2057 1890 2073 ο

340 2134 776 2205 πεφυτευμένους
829 2133 883 2184 δὲ
914 2134 971 2184 ὲν
1022 2132 1193 2201 ταύτῃ
1231 2132 1355 2193 τοὺς
1381 2131 1476 2193 τὰς
1506 2130 1678 2201 ἀρχὰς
1707 2133 1804 2201 τῆς
1837 2134 1893 2184 ὲν

342 2224 621 2295 θεοσεϐείᾳ
672 2223 950 2294 προκοπῆς
993 2220 1239 2273 ἐντεῦθεν
1275 2220 1580 2292 εἰληφότας,
1605 2217 1705 2274 οἷοι
1732 2217 1889 2291 ἦσαν,

339 2311 435 2376 οὓς
486 2311 775 2381 ἐφύτευσεν
820 2312 848 2363 ό
896 2307 1121 2372 Παῦλος,
1153 2306 1329 2371 διὀὒς
1365 2309 1457 2361 καὶ
1507 2307 1711 2376 ἔλεγεν,
1756 2308 1893 2375 Ἐγὼ

339 2401 660 2471 ἐφύτευσα,
705 2399 997 2464 Ἀπολλὼς
1031 2400 1329 2462 ἐπότισεν,
1359 2399 1511 2453 ἀλλ’
1533 2401 1566 2451 ό
1607 2398 1750 2462 Θεὸς
1789 2396 1894 2463 ηὕ-

342 2492 545 2556 εανεν.
564 2487 721 2545 Οὗτοι
735 2487 827 2547 οῦν
845 2491 893 2543 οί
907 2491 964 2542 ὲν
980 2491 1045 2558 τῇ
1064 2486 1321 2559 περιγείῳ
1346 2488 1635 2557 Ἐκκλησία
1657 2485 1748 2538 τοῦ
1760 2485 1891 2538 Θεοῦ

343 2581 736 2651 πεφυτευμένοι
758 2580 913 2643 ἀνθος
950 2577 1312 2634 ἀποδώσουσιν
1336 2577 1531 2638 εὐῶδες
1563 2576 1656 2629 καὶ
1676 2574 1893 2645 γόνιμον

343 2673 437 2725 καὶ
463 2671 569 2726 τῶν
600 2672 817 2724 τελείων
842 2670 1064 2740 καρπῶν
1079 2669 1333 2746 οιστικδν,
1356 2669 1413 2719 ὲν
1436 2668 1553 2729 ταῖς
1584 2666 1773 2728 αὐλαῖς
1800 2664 1892 2718 τοῦ

341 2762 477 2818 Θεοῦ
509 2762 664 2834 ἡμῶν
696 2758 1199 2832 μεταφυτευθέντες,
1226 2757 1498 2810 τουτέστιν
1515 2757 1570 2809 ὲν
1586 2758 1705 2820 ταῖς
1731 2758 1892 2808 ἐπου-

346 2856 545 2925 ρανίοις
587 2856 808 2924 μοναῖς·
858 2851 984 2918 εῐγε
1018 2848 1204 2902 πολλαὶ
1248 2847 1399 2919 παρά
1438 2847 1515 2919 τῷ
1546 2848 1741 2918 Πατρὶ,
1769 2845 1892 2898 ἔνθα

343 2946 462 2997 κατ’
514 2943 668 3009 ἀξίαν
717 2938 1153 3012 διαμερισθέντες
1196 2938 1244 2989 oi
1286 2935 1380 2990 νῦν
1418 2938 1476 2989 ὲν
1512 2937 1589 3006 τῷ
1634 2936 1767 3005 οίκῳ
1796 2933 1889 2986 τοῦ

345 3032 479 3085 Θεοῦ
540 3030 950 3103 πεφυτευμένοι,
991 3026 1128 3082 κατά
1175 3026 1362 3097 καιρὸν
1414 3027 1504 3080 τὸν
1552 3028 1891 3096 προσήκοντα

345 3123 746 3194 έξανθήσουσιν.

418 3236 539 3289 Ἔτι
590 3232 1111 3316 πληθυνθήσονται
1168 3232 1238 3284 ἐν
1276 3230 1430 3299 γήρᾳ
1462 3229 1644 3294 πίονι,
1680 3230 1776 3289 καὶ
1801 3232 1891 3285 εὐ-
1918 3270 1959 3328 C

346 3327 675 3392 παθοῦντες
698 3313 976 3385 ⁶ἔσονται,
1019 3321 1125 3375 τοῦ
1172 3322 1532 3391 ἀναγγεῖλαι,
1588 3322 1674 3375 ὅτι
1713 3323 1893 3393 si;th

344 3417 558 3483 Κύριος
589 3420 622 3471 ὀ
655 3416 796 3480 Θεὸς
840 3413 1025 3483 ἡμῶν,
1078 3411 1175 3466 καί
1221 3413 1331 3467 οὐκ
1384 3412 1552 3466 ἐστιν
1601 3412 1797 3467 ἀδικία
1828 3405 1901 3467 ἐνδ

346 3511 525 3575 αὐτῷ.
576 3509 655 3585 oo
708 3510 861 3580 μόνον
907 3509 1089 3578 φησὶν,
1123 3509 1203 3561 ὅτι
1250 3507 1631 3577 ὲξανθήσουσιν
1680 3509 1738 3560 ἐν
1775 3511 1893 3571 ταῖς

345 3600 531 3663 αὐλαῖς
551 3601 643 3654 τοῦ
668 3600 802 3653 Θεοῦ
830 3600 876 3651 οἱ
906 3601 1138 3668 σήμερον
1171 3600 1226 3651 ὲν
1259 3599 1336 3669 τῷ
1367 3598 1497 3667 οῐκῳ
1534 3598 1693 3653 αὐτοῦ
1727 3616 1893 3667 πεφυ-

343 3690 613 3759 τευμένοι,
665 3690 797 3743 ἀλλά
842 3690 935 3741 καὶ
977 3688 1129 3742 αὐτοὶ
1175 3687 1654 3759 πληθυνθήσονται,
1709 3687 1895 3762 ὥσπερ

348 3779 642 3850 ἀνωτέρωή
662 3778 892 3849 κέδροςή
918 3781 975 3831 ὲν
990 3779 1065 3849 τῷ
1082 3778 1295 3847 Λιϐάνῳ
1307 3778 1651 3850 ἐπληθύνετο.
1681 3778 1814 3832 Πότί
1835 3779 1892 3832 δὲ

347 3868 503 3923 τοῦτο
530 3870 710 3933 αὐτοῖς
743 3869 912 3931 ἔσται,
932 3868 1090 3940 ἀλλ’ἢ
1108 3872 1165 3923 ὲν
1178 3870 1254 3939 τῷ
1272 3870 1416 3939 γήρᾳ
1429 3868 1505 3938 τῷ
1522 3867 1661 3920 πίονι
1681 3885 1695 3933 ;
1714 3868 1893 3939 Γῆρας

236 3988 237 3991 η
345 3958 406 4013 δὲ
436 3959 665 4014 ενταῦθα
690 3958 786 4030 τὴν
832 3959 1104 4013 τελείωσιν
1127 3960 1351 4013 πέπεισο
1393 3957 1636 4024 λέγεσθαι
1672 3958 1770 4027 τῆς
1797 3960 1896 4028 ψυ-

346 4050 470 4121 χῆς,
501 4054 558 4104 ὲν
591 4046 924 4125 ᾖγενόμενοι
976 4050 1334 4111 εὐπαθοῦντες
1393 4048 1605 4101 ἔσονται
1645 4049 1694 4100 οί
1718 4049 1810 4101 νῦν
1836 4052 1893 4102 ὲν

344 4140 423 4212 τῷ
459 4142 589 4211 οίκῳ
630 4142 835 4213 Κυρίου
874 4140 1280 4209 πεφυτευμένοι.
1318 4137 1381 4190 El
1412 4137 1521 4207 γάρ
1556 4138 1649 4191 καὶ
1694 4139 1761 4191 τά
1789 4140 1894 4209 μά-

344 4230 499 4284 λιστα
552 4232 691 4284 κατά
741 4232 831 4283 τὸν
890 4227 1356 4299 παρόνταηκαιρὸν,
1408 4229 1465 4279 ἐν
1496 4221 1540 4295 ᾧ
1585 4227 1893 4295 φυτεύονται

240 4322 241 4325 ’
347 4321 406 4375 ἣν
435 4322 511 4391 τῷ
532 4324 665 4390 οῐκῳ
702 4320 903 4391 Κυρίου
952 4316 1382 4381 κακοπαθοῦντες
1421 4315 1736 4383 διατελοῦσι,
1771 4319 1894 4377 τοὺς

346 4410 590 4483 πρώτους
644 4410 740 4479 τῆς
791 4409 1057 4479 γεωργίας
1108 4409 1296 4472 πόνους
1348 4407 1703 4479 ὑπομένοντες
1724 4424 1738 4438 ο
1781 4407 1893 4460 ἀλλ’

345 4498 607 4561 έπάντοῦ
632 4500 811 4570 γήρως
847 4496 940 4550 τοῦ
966 4498 1144 4561 πίονος
1190 4496 1509 4564 ἀξιωθῶσιν,
1544 4497 1896 4561 εὐπαθοῦντες

1995 2064 2110 2118 quae
2132 2057 2207 2101 est
2235 2047 2467 2101 Ecclesia
2489 2046 2585 2100 Dei
2610 2048 2818 2100 viventis
2850 2046 2928 2112 “;
2965 2058 3020 2103 et
3049 2049 3094 2104 si
3116 2063 3215 2119 pro
3239 2048 3344 2102 illis
3369 2048 3538 2118 quiin

1996 2153 2058 2193 ea
2085 2139 2309 2206 plantati
2328 2145 2483 2200 sunt,
2511 2152 2605 2191 eos
2634 2139 2725 2206 qui
2750 2136 3029 2206 profectus
3056 2138 3111 2191 in
3136 2139 3392 2208 religione
3424 2137 3539 2207 pri-

1995 2225 2201 2279 mordia
2247 2225 2300 2277 in
2340 2224 2428 2277 illa
2478 2234 2835 2293 acceperunt:
2883 2226 3072 2293 quales
3118 2227 3153 2279 ii
3198 2233 3355 2281 erant
3403 2242 3543 2296 quos

1996 2314 2253 2383 plantavit
2278 2312 2498 2380 Paulus,
2527 2332 2865 2395 quorumque
2890 2334 3052 2397 causa
3081 2319 3235 2387 dixit,
3263 2320 3371 2392 Ego
3389 2322 3545 2390 plan-

1997 2404 2121 2467 tari,
2146 2404 2333 2471 Apollo
2359 2406 2587 2476 rigavit.»
2622 2408 2711 2461 sed
2735 2410 2875 2462 Deus
2910 2410 3276 2463 incrementum
3314 2410 3537 2465 dedit".

1996 2492 2061 2547 Hi
2086 2495 2265 2563 itaque
2288 2496 2381 2564 qui
2412 2497 2466 2551 in
2492 2505 2708 2552 terrena
2738 2498 2831 2554 Dei
2861 2498 3102 2556 Ecclesia
3139 2500 3361 2569 plantati
3390 2508 3541 2564 sunt,

1996 2584 2176 2640 ﬂorem
2196 2588 2439 2642 emittent
2487 2589 2670 2645 suavis
2703 2590 2886 2646 odoris
2919 2605 2982 2645 ac
3018 2606 3334 2662 generosum
3369 2591 3542 2659 perfe-

1995 2682 2309 2746 ctorumque
2338 2677 2612 2733 fructuum
2642 2680 2906 2748 feracem;
2944 2682 3000 2736 in
3033 2684 3184 2737 atriis
3206 2683 3299 2738 Dei
3329 2684 3500 2739 nostri
3520 2723 3539 2748 ,

1997 2765 2048 2820 id
2079 2766 2264 2834 est;in
2314 2767 2625 2824 coelestibus
2682 2771 3054 2825 mansionibus
3107 2774 3535 2840 trausplantati:

1996 2858 2256 2928 siquidem
2295 2859 2476 2912 multa:
2521 2866 2648 2913 sunt
2676 2862 2989 2917 mansiones
3017 2861 3158 2932 apud
3184 2861 3418 2930 Patrem,
3444 2867 3539 2921 ubi
3636 2874 3637 2877 ‘

1996 2966 2095 3020 pro
2128 2950 2317 3005 merito
2350 2950 2626 3005 distributi
2654 2950 2745 3019 qui
2781 2950 2887 3020 iam
2918 2952 2973 3005 in
3003 2951 3165 3007 domo
3178 2950 3280 3007 Dei
3311 2952 3538 3026 plantati

1995 3049 2141 3105 sunt,
2163 3042 2477 3110 congruenti
2501 3049 2739 3112 tempore
2766 3042 3051 3099 ﬂorebunt.
3545 3041 3547 3047 ’

2062 3232 2223 3287 Vsus.
2257 3233 2342 3298 15,
2376 3233 2461 3287 i6.
2490 3233 2673 3306 Adhuc
2704 3234 3188 3304 multiplicabuntur
3206 3238 3261 3292 in
3285 3243 3541 3292 senectute

1990 3322 2187 3393 pingui,
2235 3330 2283 3375 et
2324 3321 2459 3376 bona
2503 3324 2885 3391 aceipientfut
2922 3327 3257 3391 annuntient,
3294 3327 3540 3397 quoniam

1994 3423 2157 3467 nutus
2182 3412 2429 3467 Dominus
2457 3412 2595 3468 Deus
2622 3422 2816 3479 noster,
2841 3422 2893 3468 et
2933 3431 3037 3469 non
3062 3425 3143 3471 est
3182 3417 3434 3488 iniquitas
3481 3419 3537 3470 in

1990 3519 2067 3559 eo.
2110 3502 2225 3558 Non
2253 3503 2424 3559 solum
2459 3504 2512 3558 id
2542 3504 2650 3570 ait,
2700 3505 2755 3559 in
2811 3506 2963 3560 atriis
2994 3505 3090 3562 Dei
3130 3507 3399 3569 ﬂorebunt
3444 3511 3533 3581 qui

1990 3593 2150 3648 hodie
2179 3594 2234 3648 in
2259 3593 2417 3648 domo
2444 3593 2562 3661 ejus
2593 3593 2817 3662 plantati
2845 3600 3008 3661 sunt;
3042 3594 3136 3650 sed
3177 3602 3231 3649 et
3266 3596 3373 3666 ipsi
3400 3598 3526 3651 mul-

1991 3683 2396 3753 tiplicabuntur,
2427 3684 2566 3743 sicut
2592 3683 2807 3746 cedrus,
2838 3699 2958 3755 qua:
2985 3685 3040 3739 in
3071 3684 3276 3740 Libano
3308 3693 3412 3749 est,
3445 3702 3533 3742 su»

1992 3789 2086 3844 pra
2134 3774 2482 3844 multiplicari
2533 3774 2830 3830 dicebatur.
2883 3764 3239 3840 Quaudouam
3293 3776 3346 3829 id
3403 3766 3545 3846 ipsis

1992 3866 2217 3931 eveniet,
2240 3866 2345 3919 nisi
2377 3867 2431 3920 in
2462 3873 2737 3941 senectute
2762 3866 2985 3936 pingui?
3006 3863 3105 3919 Hic
3135 3879 3263 3920 vero
3285 3873 3535 3920 senectu-

1992 3964 2110 4011 tem
2127 3972 2224 4023 pro
2251 3956 2721 4011 consummatione
2743 3956 2936 4009 animae
2961 3954 3067 4007 dici
3096 3968 3414 4025 persuasum
3439 3954 3535 4009 ba-

1990 4048 2137 4109 beas,
2153 4048 2202 4100 in
2221 4062 2325 4116 qua
2348 4048 2622 4102 constituti
2644 4048 2799 4102 bonis
2814 4046 3074 4108 fruentur,
3089 4046 3178 4114 qui
3197 4062 3339 4100 nunc
3374 4047 3426 4101 in
3440 4047 3538 4103 do-

1990 4153 2079 4193 mo
2096 4136 2304 4191 Domini
2322 4138 2545 4207 plantati
2564 4146 2708 4192 sunt.
2727 4137 2858 4191 Nam
2882 4137 2926 4192 si
2944 4137 3054 4205 jam
3074 4137 3128 4190 in
3154 4133 3314 4192 domo
3325 4136 3535 4192 Domini

1992 4227 2233 4297 plantati,
2261 4226 2399 4279 mala
2454 4226 2716 4296 patientes
2766 4234 3133 4297 perseverant,
3164 4225 3355 4296 primis
3388 4226 3533 4296 agri—

1991 4318 2215 4371 culturae
2243 4317 2515 4374 laboribus
2543 4318 2811 4385 aﬂlictati;
2839 4319 2931 4373 sed
2961 4334 3083 4373 cum
3114 4320 3388 4373 senectute
3416 4316 3535 4384 pin-

1990 4408 2078 4479 gui
2117 4407 2299 4480 donati
2336 4406 2553 4472 fuerint,
2582 4408 2739 4464 bonis
2773 4408 3038 4472 fruentur,
3061 4421 3124 4461 ac
3155 4405 3392 4476 requiem
3432 4420 3535 4458 na-

1991 4498 2083 4560 cti,
2112 4497 2352 4551 laborum
2392 4498 2852 4567 certaminumque
2874 4497 3112 4566 ‘praamia
3138 4494 3415 4558 referent,
3468 4485 3535 4550 ac
3614 4524 3615 4529 π

344 4592 656 4662 γενήσονται
674 4590 1067 4663 ἀναπαυόμενοι
1092 4590 1199 4644 τῶν
1225 4592 1481 4662 καμάτων
1508 4590 1721 4644 καὶτῶν
1749 4589 1892 4657 ἀγώ-

1996 4587 2406 4653 conﬂtebuntur,
2432 4588 2690 4655 Quoniam
2710 4596 2877 4640 rectus
2905 4584 3157 4639 Dominus
3179 4582 3316 4640 Deus
3336 4591 3530 4647 noster,

344 4698 451 4737 νων
505 4681 573 4734 τά
616 4681 820 4734 ἔπαθλα
870 4680 1297 4751 ἀποληψόμενοι·
1354 4679 1772 4752 ὀμολογήσουσί
1812 4696 1892 4745 τε,

345 4770 477 4824 ὀτι
504 4770 687 4838 εὐθὴς
710 4772 923 4839 Κύριος
954 4774 986 4824 ό
1016 4770 1159 4837 Θεὸς
1200 4771 1389 4840 ἡμῶν,
1434 4772 1531 4825 καὶ
1567 4773 1677 4825 οὐκ
1726 4769 1895 4824 ἐστιν

342 4860 543 4915 ἀδικία
567 4862 636 4915 ἂν
655 4862 831 4927 αὐτῷ.
857 4863 917 4916 El
940 4862 1048 4935 γὰρ
1071 4862 1148 4934 μὴ
1163 4862 1231 4916 τά
1254 4860 1702 4933 κατηριθμημένα
1716 4860 1894 4929 ἀγαθά

344 4946 533 5017 ιμελλε
573 4946 901 5018 διαδέχεσθαι
942 4952 1067 5013 τοὺς
1114 4950 1189 5021 τῷ
1219 4950 1335 5020 Θεῷ
1372 4950 1771 5019 ἀνακειμένους,
1802 4952 1893 5004 καὶ

344 5039 393 5090 εί
430 5037 504 5121 μὴ
530 5037 590 5091 τδ
613 5038 849 5121 ὀλέθριον
880 5040 1029 5101 τέλος
1074 5040 1359 5109 περιέμενε
1410 5042 1532 5103 τοὺς
1562 5040 1771 5104 ἀσεϐεῖς
1800 5042 1892 5095 καὶ

344 5112 468 5193 τοὺς
506 5112 897 5201 ἐργαζομένους
947 5129 1044 5199 τὴν
1075 5130 1319 5199 ἀνομίαν,
1347 5128 1413 5201 ἦν
1431 5132 1496 5184 ἂν
1518 5131 1656 5199 τάχα
1682 5132 1891 5186 ἀδικίαν

344 5219 661 5273 ἐπικαλέσαι
718 5221 783 5290 τῇ
832 5217 927 5271 τοῦ
972 5216 1103 5271 Θεοῦ
1147 5219 1390 5289 προνοίᾳ.
1432 5220 1558 5272 Ὅτε
1584 5219 1641 5271 δὲ
1670 5209 1892 5276 τοιαῦτα

344 5309 470 5379 τέλη
526 5310 619 5363 καὶ
661 5313 769 5374 τοῖς
819 5309 1041 5371 δικαίοις
1085 5308 1422 5379 ἡτοίμασται,
1449 5309 1576 5362 οἴων
1619 5310 1710 5363 καὶ
1735 5313 1891 5381 ἡμεῖς

344 5399 611 5469 εὐχόμεθα
648 5404 826 5471 τυχεῖν
854 5442 869 5467 ,
919 5400 1012 5454 καὶ
1043 5401 1155 5462 τοῖς
1187 5400 1404 5452 ἀσεϐέσι
1456 5400 1695 5454 τοιαῦται
1736 5404 1891 5471 ἠπεί-

344 5486 529 5557 ληνται
553 5489 825 5560 τιμωρίαι,
856 5487 947 5557 ἀφ’
973 5480 1047 5541 ὧν
1067 5486 1271 5555 γένοιτο
1290 5487 1430 5555 ἡμᾶς
1456 5484 1713 5555 ῥυσθῆναι
1733 5505 1745 5517 ·
1771 5489 1886 5551 πῶς

343 5578 442 5637 οὐκ
469 5575 751 5631 ἀκόλουθον
778 5566 844 5631 ἀν
867 5577 951 5647 εἴη
993 5576 1287 5647 ὁμολογεῖν,
1319 5574 1434 5625 Ὅτι
1467 5574 1649 5642 εὐθὴς
1674 5578 1885 5644 Κύριος

345 5671 381 5724 ό
408 5668 551 5733 Θεὸς
585 5667 772 5735 ήμῶν,
817 5665 915 5721 καὶ
964 5666 1074 5720 οὐκ
1119 5665 1289 5720 ἐστιν
1338 5663 1534 5717 ἀδικία
1574 5664 1643 5718 ἐν
1692 5665 1884 5731 αὺτῷ;

414 5823 456 5854 “
495 5820 516 5875 l
549 5820 687 5875 Tim.
726 5834 820 5884 ιιι,
854 5784 941 5875 1.5.
1015 5821 1059 5852 "
1098 5817 1117 5872 Ι
1148 5819 1269 5875 Cor.
1307 5832 1400 5882 ιιι,
1430 5817 1482 5871 6.

1987 4686 2037 4731 et
2066 4694 2169 4732 non
2199 4687 2275 4733 est
2303 4678 2549 4745 iniquitas
2572 4678 2625 4730 in
2657 4692 2735 4730 eo.
2765 4674 2880 4731 Nisi
2912 4676 3053 4729 enim
3076 4674 3187 4742 jam
3218 4680 3533 4730 enumerata

1988 4767 2129 4823 bona
2169 4783 2264 4824 eos
2303 4769 2393 4837 qui
2424 4766 2545 4827 Deo,
2564 4764 2765 4820 addicti
2796 4766 2923 4822 sunt
2970 4771 3264 4833 exceptura
3306 4770 3533 4829 essent,

1987 4867 2041 4914 et
2065 4859 2395 4927 nisi-impios
2418 4865 2473 4913 et
2492 4866 2783 4933 operantes
2814 4855 3152 4926 iniquitatem
3172 4853 3437 4909 exitiosus
3464 4852 3529 4907 ἢ·
3594 4856 3597 4857 ⁷

1986 4951 2072 5005 nis
2116 4955 2387 5013 maneret;
2441 4947 2637 5004 divina
2672 4945 3024 5002 Providentia
3062 4944 3342 5015 culpanda
3390 4937 3533 4997 forte

1985 5051 2150 5094 causa
2174 5035 2437 5092 subesset.
2494 5036 2561 5090 At
2588 5035 2804 5107 quando
2856 5034 2979 5092 ﬁnis
3021 5030 3327 5105 huiusmodi
3366 5031 3531 5100 justis

1984 5132 2202 5199 paratus
2234 5133 2338 5189 est,
2369 5127 2579 5195 qualem
2611 5140 2711 5180 nos
2751 5126 3007 5196 consequi
3060 5128 3432 5194 peroptamus;
3463 5134 3528 5175 ac

1984 5217 2160 5286 impiis
2185 5216 2309 5270 talia
2336 5217 2721 5272 denuntiantur
2762 5217 3023 5286 supplicia
3046 5257 3061 5282 ,
3085 5230 3133 5269 .a
3174 5213 3371 5283 quibus
3427 5226 3531 5267 nos

1982 5305 2113 5373 eripi
2151 5305 2467 5374 contingat:
2526 5302 2693 5373 quare
2744 5315 3159 5360 consentaneum
3217 5317 3324 5355 non
3369 5299 3530 5354 fuerit

1982 5394 2243 5459 conﬁteri,
2276 5396 2535 5461 Quoniam
2578 5403 2747 5449 rectus
2787 5394 3043 5447 Dominus
3072 5390 3211 5445 Deus
3240 5390 3440 5452 natur,
3476 5395 3527 5440 et

1988 5500 2089 5537 non
2113 5493 2189 5537 est
2212 5486 2457 5555 iniquitas
2494 5485 2548 5537 in
2570 5487 2674 5539 eo?
2708 5487 2775 5538 At
2826 5484 3085 5551 insipiens
3121 5483 3234 5537 haec
3277 5495 3382 5535 non
3432 5493 3525 5532 co-

1988 5583 2241 5645 gnoscet,
2272 5589 2371 5629 nec
2400 5575 2592 5628 stultus
2624 5574 2901 5642 intelliget,
2931 5571 3074 5647 quod
3116 5586 3148 5625 a
3176 5568 3399 5626 stultitia
3427 5581 3528 5623 sua

1988 5664 2223 5721 tenebris
2276 5663 2602 5720 oﬂundatur.
2657 5662 2767 5732 Ego
2821 5677 2946 5717 vero
2990 5662 3081 5731 qui
3134 5660 3315 5718 isthmc
3360 5656 3528 5729 probo
