4372 6410
867 484 1001 539 H85

1546 476 1805 533 EUSEBII
1845 472 2312 531 CESARIENSIS
2346 474 2491 531 OPP.
2526 470 2703 528 PARS
2729 469 2817 527 Ill.
2840 499 2908 511 —
2927 464 3307 523 EXEGETICA

3891 461 4018 518 “86

864 608 1183 666 cognoscam
1206 601 1259 649 et
1282 593 1590 665 intelligam,
1624 592 1749 661 quia
1780 607 1810 645 a
1837 590 2038 662 Spiritu
2064 599 2250 645 sancto
2273 590 2391 642 illu-
2418 598 2461 654 Α
2500 587 2590 640 ’Δλ

2296 590 2391 642 ιιυ-
2418 598 2461 654 Α
2500 587 2634 640 Ἀλλ’
2658 589 2686 640 6
2711 585 2805 656 μὲν
2829 585 3014 655 ἄφρων
3040 580 3210 635 ταῦτα
3238 580 3297 633 ού
3318 575 3597 646 γνώσεται,
3630 575 3749 629 om
3773 576 4022 645 ἀσύνετος

865 692 1067 740 stratus
1113 698 1251 747 sum,
1274 692 1326 737 et
1356 681 1499 752 quod
1547 680 1875 735 considerem
1907 694 2065 749 quam
2121 677 2396 747 profunda:

868 762 1021 827 factae
1060 773 1165 825 sint
1192 772 1542 841 cogitationes
1588 769 1707 835 Dei;
1759 770 1878 837 jure
1925 770 2073 823 laetor
2102 776 2156 821 et
2188 766 2397 821 exsulto

868 862 933 915 de
952 861 1127 914 divina
1157 860 1557 928 dispensatione
1582 877 1594 911 ε
1638 858 1918 928 praesentia
1937 871 2064 911 vero
2106 856 2243 908 mala
2266 894 2281 917 ,
2329 855 2397 909 ob

869 966 1013 1019 spem
1042 950 1343 1003 futurorum
1377 956 1590 1003 strenue
1614 949 1798 1002 tolero.
1818 947 1932 1011 Qua
1961 946 2025 1000 de
2043 960 2204 999 causa
2230 953 2396 999 totum

868 1043 1033 1094 otium
1067 1056 1243 1095 meum
1285 1049 1337 1094 et
1378 1040 1730 1093 cessationem
1779 1031 1808 1089 a
1848 1026 2003 1092 malis
2058 1035 2165 1089 Deo
2210 1051 2399 1091 conse-

820 1186 821 1189 η
867 1144 1045 1192 erans,
1076 1128 1406 1183 dolectabilia
1438 1130 1522 1182 illa
1551 1136 1604 1181 et
1630 1134 1813 1204 sancta
1861 1124 2090 1181 Sabbata
2121 1126 2400 1180 observare

868 1225 1074 1288 satago,
1104 1217 1428 1280 conﬁtendo,
1468 1219 1741 1287 psallendo
1766 1226 1823 1272 et
1852 1216 2217 1271 annuntiando
2245 1231 2400 1269 mane

866 1307 1288 1361 misericordiam
1317 1306 1433 1369 Dei,
1462 1316 1515 1361 et
1542 1307 1819 1361 veritatem
1864 1307 1980 1373 ejus
2026 1321 2120 1374 per
2167 1312 2395 1359 noctem.

870 1396 1023 1451 Tunc
1052 1397 1191 1451 enim
1225 1398 1453 1451 maxime
1477 1412 1507 1449 a
1536 1397 1782 1466 religiosa
1816 1398 1992 1450 anima
2021 1397 2214 1451 veritas
2250 1396 2400 1449 exhi-

867 1485 1041 1547 betur,
1068 1502 1186 1539 cum
1213 1488 1267 1539 in
1293 1485 1526 1540 tenebris
1547 1496 1597 1539 et
1624 1487 1950 1541 obscuritate
1976 1486 2173 1556 degens
2196 1525 2209 1549 ,
2245 1485 2399 1554 quasi

870 1575 926 1627 in
954 1575 1382 1643 splendidissima
1414 1576 1529 1629 luce
1565 1584 1616 1629 et
1646 1576 1945 1629 clarissima
1985 1576 2092 1638 die,
2123 1575 2402 1629 conscien-

872 1667 957 1719 tia:
984 1656 1262 1720 sinceritas
1296 1668 1578 1735 etpuritas
1604 1668 1924 1721 ostenditur.
1964 1665 2108 1720 Talis
2146 1674 2228 1721 est
2257 1666 2401 1734 psal-

871 1771 989 1809 mus
1009 1771 1129 1809 cum
1156 1756 1366 1811 cantico
1396 1758 1483 1810 die
1513 1754 1731 1809 Sabbati
1760 1756 1956 1819 dictus,
1987 1756 2039 1810 id
2070 1762 2152 1809 est
2187 1755 2240 1807 in
2268 1762 2403 1808 tem-

872 1860 1001 1913 pore
1030 1847 1193 1909 illius,
1224 1845 1367 1913 quod
1406 1846 1697 1899 secundum
1730 1844 1895 1899 Deum
1935 1853 2050 1907 cst,
2099 1845 2195 1898 otii
2222 1858 2286 1897 ac
2314 1859 2400 1897 re-

2494 679 2706 749 συνήσει
2732 676 2921 740 ταῦτα,
2949 673 3037 727 διὰ
3065 666 3127 726 τδ
3175 668 3503 734 σκοτίζεσθαι
3551 667 3653 720 ὑπὸ
3686 667 3783 735 τῆς
3825 666 4025 730 οίκείας

2495 766 2798 839 ἀφροσύνης
2817 782 2829 795 ·
2858 762 2966 831 ἐγὼ
2990 762 3045 814 δὲ
3078 764 3107 815 6
3130 762 3288 830 γνοὺς
3315 758 3451 813 αὑτά
3480 763 3570 811 καὶ
3609 757 3805 819 συνιεὶς
3841 755 3930 809 διὰ
3966 755 4026 810 τὸ

2496 858 2598 911 ὑπὸ
2620 858 2759 923 θείου
2789 855 3095 924 Πνεύματος
3116 850 3463 922 πεφωτίσθαι,
3493 851 3585 902 καὶ
3610 848 3697 902 διά
3720 848 3782 900 τὸ
3805 846 4045 916 θεωρεῖν-ι

2494 949 2639 1011 ὅπως
2683 946 3042 1015 έϐαθύνθησαν
3090 943 3285 1014 σφόδρα
3314 944 3362 995 οί
3391 941 3720 1010 διαλογισμοὶ
3743 938 3836 991 τοῦ
3861 936 4022 991 Θεοῦ’

2494 1037 2709 1099 εἰκότως
2734 1034 3084 1105 εύφραίνομαι
3120 1033 3211 1085 καὶ
3235 1032 3472 1099 ἀγαλλιῶ
3512 1029 3602 1082 ἐπὶ
3643 1030 3711 1099 τῇ
3746 1028 3864 1097 θείᾳ
3901 1026 4026 1079 διοι⁸

2498 1127 2670 1197 κήσει,
2722 1125 2870 1195 φέρω
2904 1140 2963 1175 τε
3012 1121 3080 1175 τά
3133 1121 3367 1191 παρόντα
3392 1119 3647 1189 γενναίως
3679 1118 3765 1170 διὰ
3793 1117 3888 1188 τὴν
3921 1116 4023 1169 τῶν

2498 1215 2791 1285 μελλόντων
2838 1212 3043 1266 ἐλπίδα.
3081 1204 3177 1263 Ὧν
3209 1211 3365 1262 ἕνεκα
3412 1210 3508 1280 τὴν
3563 1210 3739 1262 πᾶσαν
3798 1204 4025 1278 ἐμαυτοῦ

2498 1304 2706 1374 σχολὴν,
2742 1304 2835 1357 ναὶ
2863 1302 2960 1373 τὴν
2987 1302 3093 1354 ἀπὸ
3115 1299 3221 1352 τῶν
3237 1299 3418 1353 κακῶν
3439 1298 3633 1370 ἀργίαν
3662 1297 3931 1359 ἀνατιθεὶς
3954 1295 4026 1366 τῷ

2450 1392 2629 1466 “’Θεῷ,
2658 1395 2725 1449 τά
2745 1394 2984 1466 τρυφερὰ
3022 1393 3114 1447 καὶ
3160 1392 3286 1461 ἀγια
3323 1390 3568 1445 Σάϐϐατα
3604 1389 3864 1442 ἐπιτελεῖν
3917 1404 4027 1440 πει-

2501 1485 2692 1555 ρῶμαι,
2722 1483 2808 1536 διά
2832 1483 2923 1536 τοῦ
2955 1478 3377 1551 ἐξομολογεῖσθαι
3399 1479 3491 1532 καὶ
3515 1478 3729 1547 ψάλλειν
3749 1477 3840 1530 καὶ
3870 1477 4034 1544 ἀναγ-

2497 1574 2702 1641 γέλλειν
2727 1573 2786 1625 τὸ
2817 1570 2959 1643 πρωῒ
2986 1573 3046 1625 τὸ
3069 1572 3212 1634 ἕλεος
3227 1569 3319 1623 τοῦ
3351 1570 3506 1632 Θεοῦ,
3543 1571 3633 1623 καὶ
3664 1568 3760 1639 τὴν
3779 1566 4036 1637 ἀλήθειαν

2498 1662 2658 1716 αὐτοῦ
2691 1660 2828 1715 κατά
2853 1664 3039 1717 νύκτα.
3072 1662 3202 1713 Τότε
3224 1660 3332 1731 γάρ
3363 1659 3587 1729 μάλιστα
3621 1660 3655 1728 ἠ
3690 1657 3912 1725 ἀλήθεια
3936 1656 4038 1728 τῆς

2499 1751 2775 1813 θεοσεϐοῦς
2796 1751 3060 1825 δείκνυται
3088 1750 3281 1820 ψυχῆς,
3304 1748 3501 1817 ὅτείίὲν
3531 1747 3715 1817 σκοτίᾳ
3731 1746 3823 1799 καὶ
3856 1745 4036 1799 σκότει

2499 1842 2850 1911 τυγχάνουσα,
2882 1839 2956 1902 ὡς
2991 1839 3047 1891 ὲν
3081 1838 3440 1910 λαμπροτάτῳ
3482 1837 3617 1927 φωτὶ
3643 1837 3734 1927 καί
3758 1836 3820 1888 ὲν
3856 1834 4039 1927 ἡμέρᾳ

871 1936 1014 2005 quiei
1041 1955 1056 1989 ;
1089 1950 1193 2004 quo
1221 1951 1319 1990 nos
1345 1936 1503 1989 etiam
1532 1935 1832 1989 divinarum
1857 1935 2262 2004 disciplinarum
2290 1949 2402 1987 me-
2432 1930 2474 1984 B
2501 1933 2597 1984 διαι

2312 1949 2402 1987 ne-
2432 1930 2474 1984 B
2501 1930 2849 2000 διαυγεστάτῃ
2880 1930 2940 1982 τὸ
2968 1929 3184 2000 γνήσιον
3221 1930 3315 1983 καὶ
3347 1927 3627 1999 εἱλικρινὲς
3665 1925 3761 1996 τῆς
3796 1925 4038 1997 συνειδὴ-

873 2024 1119 2077 ditationi
1142 2030 1421 2087 vacantes,
1461 2024 1752 2092 gratiarum
1786 2024 2010 2077 actionis
2038 2022 2199 2077 verba
2226 2022 2326 2077 hoc
2349 2022 2402 2076 in

874 2112 1088 2166 cantico
1116 2114 1388 2165 enuntiata
1417 2111 1525 2166 Deo
1552 2113 1794 2167 emittere
1824 2128 1920 2181 par
1954 2118 2058 2165 est.

2506 2038 2638 2085 σεως
2658 2021 3031 2097 ἐπιδείκνυται.
3062 2018 3305 2083 Τοιοῦτος
3341 2021 3434 2073 καὶ
3460 2020 3489 2071 6
3517 2018 3629 2085 μετ’
3653 2016 3791 2087 ᾠδῆς
3821 2015 4039 2087 είρημέ-

2505 2129 2592 2174 νος
2627 2110 2835 2181 ψαλμὺς
2881 2111 2959 2175 είς
2984 2109 3079 2181 τὴν
3104 2110 3311 2181 ἡμέραν
3353 2108 3445 2162 τοῦ
3470 2108 3765 2172 Σαϐϐάτου,
3797 2106 4044 2159 τουτέστι

872 2201 962 2253 τὸν
986 2202 1080 2272 τῆς
1103 2202 1240 2256 κατά
1263 2203 1389 2257 Θεὸν
1410 2204 1600 2273 σχολῆς
1631 2221 1691 2257 τε
1713 2206 1804 2258 καὶ
1821 2203 2170 2266 ἀναπαύσεως
2193 2203 2396 2274 καιρὸν,
2426 2204 2482 2256 ὲν
2504 2198 2549 2271 ᾧ
2574 2206 2666 2257 καὶ
2688 2205 2835 2274 ἡμᾶς
2883 2206 2948 2275 τῇ
2991 2202 3180 2274 μελέτῃ
3222 2203 3326 2256 τῶν
3347 2202 3502 2257 θείων
3551 2201 3878 2273 μαθημάτων
3916 2214 4040 2267 σχο-

873 2290 1145 2356 λάζοντας,
1192 2294 1315 2356 τοὺς
1358 2294 1813 2371 εὐχαριστηρίουςἲ
1844 2296 2029 2362 λόγους
2069 2298 2167 2367 τῆς
2205 2299 2562 2370 προκειμένης
2581 2298 2721 2369 ᾠδῆς
2748 2298 3083 2369 ἀναπέμπειν
3109 2299 3370 2370 προσήκει
3399 2296 3476 2366 τῷ
3504 2295 3640 2365 Θεῷ.

1044 2405 1224 2459 LAUS
1263 2406 1531 2463 CANTICI
1572 2392 1700 2463 lPSl
1733 2408 1934 2462 num
1966 2409 2063 2482 (l).
2136 2412 2290 2468 xcn.

944 2496 1111 2552 Vens.
1150 2497 1201 2549 1.
1236 2497 1489 2552 Dominus
1529 2500 1755 2570 regnavit
1774 2537 1791 2565 ,
1814 2500 2046 2554 decorem
2074 2502 2282 2573 indutus
2306 2514 2405 2559 est.

2823 2412 3017 2466 ΣιΝοΣ
3043 2411 3213 2464 om}:
3237 2410 3323 2464 το
3355 2408 3574 2463 ΔΑΥιΔ.
3609 2406 3720 2475 ur.

2583 2506 2645 2559 Ὀ
2701 2504 2914 2571 Κύριος
2960 2502 3383 2563 ἐϐασίλευσεν,
3442 2499 3795 2565 εὐπρέπειαν
3838 2498 4041 2553 ἐνεδύ-

876 2585 1037 2653 Quia,
1093 2587 1390 2641 secundum
1438 2587 1792 2658 Apostolum,
1847 2593 2088 2661 regnavit
2144 2609 2291 2651 mors
2340 2596 2408 2649 ab
2506 2612 2602 2650 om

2340 2596 2408 2649 ab
2506 2612 2672 2650 σατο.
2715 2596 2865 2647 Ἐπεὶ
2892 2592 3031 2647 κατά
3055 2593 3145 2645 τὸν
3190 2589 3503 2643 Ἀπόστολον
3530 2587 3870 2648 ἐϐασίλευσεν
3893 2591 3921 2642 6
3950 2588 4042 2644 θά-

877 2676 1045 2729 Adam
1072 2692 1240 2747 usque
1261 2678 1327 2731 ad
1357 2677 1591 2749 Moysem
1615 2680 1681 2743 ",
1712 2679 1767 2734 id
1784 2689 1867 2736 est
1889 2696 1920 2734 a
1950 2683 2118 2751 prima
2133 2682 2408 2737 hominum
2508 2702 2602 2740 νατ

2372 2699 2408 2736 n
2508 2702 2661 2747 νατος
2682 2684 2786 2737 ἀπὸ
2824 2684 2989 2755 ’Δδάμ
3019 2683 3173 2755 μέχρι
3192 2681 3483 2745 Μωῦσίως,
3511 2679 3783 2734 τουτέστιν
3812 2678 3919 2732 ἀπὸ
3941 2678 4045 2749 τῆς

879 2769 1149 2823 creatione
1198 2784 1369 2838 usque
1399 2770 1465 2823 ad
1494 2785 1808 2839 corporeum
1844 2772 2135 2828 secundum
2176 2773 2407 2844 Moysem
2511 2790 2605 2842 πρε

2318 2790 2407 2829 lem
2511 2771 2727 2842 πρώτης
2751 2771 3041 2843 ἀνθρώπων
3062 2772 3319 2840 γενέσεως
3348 2769 3504 2840 μέχρι
3524 2770 3622 2838 τῆς
3644 2758 3783 2820 κατά
3808 2767 4044 2822 Μωῦσέα

881 2859 1113 2922 cultum,
1138 2858 1232 2927 qui
1255 2860 1310 2912 in
1348 2866 1562 2915 terrena
1591 2861 1885 2917 Jerusalem
1918 2863 2213 2931 antiquitus
2243 2879 2411 2933 usque
2516 2878 2607 2931 σωε

2316 2880 2411 2933 que
2516 2863 2825 2932 σωματικῆς
2857 2860 3124 2930 λατρείας,
3158 2861 3277 2929 ἥτις
3296 2858 3531 2925 ἐπιγείου
3571 2856 3918 2926 Ἰερουσαλὴμ
3943 2856 4042 2908 πά-

884 2947 952 3001 ad
982 2947 1278 3005 Salvatoris
1300 2952 1473 3005 nostri
1498 2950 1622 3006 Jesu
1656 2951 1853 3007 Christi
1880 2954 2163 3007 adventum
2179 2956 2414 3023 perlicie-
2513 2949 2603 3001 λαι

2314 2957 2414 3010 cie-
2513 2949 2603 3001 λαι
2640 2948 2898 3019 πρότερον
2936 2948 3091 3018 μέχρι
3135 2949 3233 3017 τῆς
3256 2944 3351 2997 τοῦ
3392 2944 3637 3014 Σωτῆρος
3666 2942 3820 3013 ἡμῶν
3870 2941 4040 3012 Ἰησοῦ

882 3038 1072 3106 batur;
1094 3054 1223 3094 sane
1252 3056 1372 3094 cum
1403 3056 1549 3095 mors
1580 3049 1846 3111 regnaret,
1873 3050 1925 3095 et
1950 3044 1994 3096 is
2016 3044 2107 3112 qui
2136 3044 2411 3117 imperium
2514 3041 2608 3111 Χρι

2325 3060 2411 3098 um
2514 3037 2743 3111 Χριστοῦ
2775 3037 3068 3109 παρουσίας
3098 3036 3421 3088 συνετελεῖτο
3442 3051 3455 3063 ·
3491 3034 3711 3095 εἰκότως
3731 3033 3819 3084 ὅτε
3845 3033 3874 3084 ό
3893 3031 4044 3085 θάνα-

884 3129 1074 3183 mortis
1100 3128 1278 3193 habet,
1308 3130 1561 3183 nimirum
1583 3131 1847 3196 diabolus,
1870 3131 2252 3196 dominaretur,
2268 3142 2413 3204 tunc,

2513 3148 2603 3194 τος
2628 3128 2923 3194 ἐϐασίλευε,
2966 3128 3057 3181 καὶ
3092 3128 3121 3179 6
3165 3126 3227 3179 τὸ
3267 3125 3462 3197 κράτος
3484 3123 3627 3194 έχων
3669 3120 3764 3175 τοῦ
3795 3121 4041 3195 θανάτου,

876 3227 947 3274 -ut
980 3233 1317 3290 consequens
1343 3228 1493 3286 erat,
1518 3220 1776 3277 Dominus
1808 3237 1916 3276 non
1940 3224 2195 3291 regnabat
2227 3224 2279 3277 in
2318 3225 2414 3277 ho—
2440 3216 2480 3271 C
2511 3241 2599 3276 του

2318 3225 2414 3277 ho—
2440 3216 2480 3271 C
2511 3223 2777 3276 τουτέστιν
2804 3223 2831 3273 6
2858 3218 3094 3280 διάϐολος
3121 3217 3460 3287 κατεκράτει,
3486 3215 3583 3267 οὐκ
3611 3208 3678 3283 ἦν
3706 3211 3826 3264 τότε
3849 3211 4044 3282 ἀνθρώ-

888 3309 1144 3373 minibus,
1177 3310 1269 3365 sed
1294 3311 1509 3381 quidam
1536 3313 1829 3365 multorum
1859 3311 2078 3365 deorum
2111 3320 2163 3366 et
2192 3313 2417 3366 diaboli-

887 3411 987 3452 cus
1009 3413 1179 3454 error.
1216 3401 1335 3470 Ipse
1362 3410 1537 3455 autem
1582 3401 1869 3470 Apostolus
1897 3402 2009 3457 haec
2055 3402 2120 3456 de
2145 3401 2417 3456 Salvatore

888 3496 1076 3541 nostro
1097 3488 1251 3542 docet
1275 3508 1287 3543 :
1309 3490 1445 3555 Quia
1462 3492 1580 3559 ergo
1592 3492 1734 3557 pueri
1755 3492 2251 3545 communicaverunt
2276 3478 2420 3545 carni

888 3590 937 3632 et
964 3581 1226 3651 sanguini,
1259 3588 1317 3652 et,
1338 3582 1444 3647 ipse
1466 3582 1706 3636 similiter
1729 3583 2058 3650 participavit
2081 3584 2269 3638 eisdem
2298 3601 2421 3653 pas-

891 3665 1123 3719 tionibus
1147 3682 1165 3727 ,'
1188 3675 1244 3717 ut
1266 3683 1355 3733 per
1376 3677 1590 3720 mortem
1625 3668 1913 3741 destrueret
1937 3664 2174 3739 eum,qui
2205 3670 2421 3724 habebat

894 3754 1076 3806 mortis
1106 3754 1396 3821 imperium,
1417 3756 1469 3807 id
1494 3766 1569 3809 est
1594 3754 1858 3809 diabolum
1888 3756 1951 3811 ".
1974 3757 2099 3813 Jure
2132 3759 2307 3827 itaque
2328 3757 2419 3811 Ι)ρὶ

894 3839 1148 3909 Verbum,
1178 3844 1319 3912 quod
1338 3845 1485 3914 prius
1508 3846 1824 3910 exsistebat,
1852 3860 1975 3899 cum
2003 3847 2111 3901 vita
2129 3848 2240 3916 ipsa
2259 3859 2419 3912 esset,

893 3931 963 3987 ad
1000 3935 1191 3989 mortis
1238 3934 1673 3999 destructionem,
1706 3937 1930 3991 mortale
1985 3936 2416 4001 instrumentum,

893 4034 1093 4089 corpus
1154 4023 1359 4077 scilicet
1406 4024 1698 4095 humanum
1769 4040 2079 4089 assumens,
2141 4025 2425 4095 ipsumque

892 4110 1054 4162 morti
1088 4108 1326 4172 tradens,
1362 4110 1429 4164 ad
1484 4120 1686 4165 natura:
1739 4126 1848 4166 suae
1887 4112 2421 4186 demonstrationem;

892 4196 1140 4268 idemque
1156 4207 1345 4269 postea
1374 4214 1403 4252 a
1422 4208 1594 4255 morte
1622 4216 1899 4257 resumens
1921 4202 1987 4256 ad
2017 4188 2250 4257 divinam
2274 4219 2424 4259 suam

891 4288 1147 4344 virtutem
1186 4284 1578 4354 declarandam,
1609 4292 1734 4345 dum
1790 4295 1977 4347 mortis
2012 4291 2226 4362 quidem
2260 4293 2426 4361 impe-

892 4378 1035 4431 rium
1076 4379 1256 4445 solvit,
1278 4380 1473 4434 diaboli
1516 4381 1699 4436 itidem
1724 4381 1778 4435 in
1809 4365 2050 4436 homines
2089 4382 2424 4450 tyrannidem

778 4518 787 4527 ,
894 4465 1154 4533 destruit;
1185 4468 1291 4520 imo
1320 4469 1480 4522 etiam
1512 4468 1809 4523 dannonum
1852 4470 2204 4537 malignorum
2234 4485 2297 4525 ac
2316 4472 2425 4539 spi-

894 4554 1091 4608 rituum
1141 4557 1493 4625 impurorum,
1532 4558 1621 4625 qui
1652 4558 1777 4610 olim
1819 4556 1874 4609 in
1932 4555 2218 4609 humanum
2254 4572 2419 4626 genus
2448 4552 2495 4610 D

896 4643 1173 4711 imperium
1230 4636 1575 4708 obtinebant,
1616 4645 1870 4715 operandi
1926 4645 2034 4698 vim
2094 4645 2414 4715 exstinguit,

896 4733 1106 4787 sublata
1149 4748 1242 4801 per
1268 4734 1624 4800 evangelicam
1664 4735 2093 4801 praedicationem
2132 4735 2277 4787 omni
2328 4734 2421 4785 acl-

894 4822 1132 4875 versaria
1155 4830 1206 4874 et
1228 4821 1440 4876 inimica
1472 4823 1579 4876 Deo
1600 4831 1883 4891 potestate,
1917 4830 2199 4893 paternum
2222 4823 2329 4881 Deo
2367 4822 2420 4875 in

895 4926 1082 4965 omnes
1110 4920 1296 4982 gentes
1331 4927 1552 4981 regnum
1591 4920 1862 4981 procurat.
1886 4912 2219 4983 Quapropter
2246 4914 2420 4967 soluta

897 5002 1088 5055 mortis
1122 5008 1403 5070 potestate,
1455 5016 1518 5055 ac
1562 5002 1834 5057 destructo
1877 5016 1962 5064 eo,
1980 4988 2079 5074 qui
2138 4998 2418 5073 imperium

898 5090 1087 5143 mortis
1120 5090 1370 5152 habebat,
1404 5089 1457 5142 id
1506 5099 1609 5154 est,
1641 5092 1886 5158 diabolo;
1913 5092 2023 5161 jam
2068 5105 2321 5163 regnante
2364 5096 2417 5148 in

898 5177 1146 5233 omnibus
1176 5178 1423 5247 gentibus
1453 5177 1707 5242 Domino,
1740 5189 1996 5251 regnante
2029 5181 2153 5237 item
2176 5198 2297 5237 cum
2330 5184 2420 5238 illo

798 5300 799 5303 η
900 5283 951 5319 m
986 5267 1290 5323 hominibus
1332 5270 1436 5322 vita
1474 5269 1585 5333 illa,
1613 5284 1729 5338 quae
1774 5273 2065 5327 secundum
2104 5270 2269 5327 Deum
2302 5283 2421 5339 est;

901 5357 1088 5412 merito
1124 5355 1351 5424 Spiritus
1373 5345 1593 5417 sanctus
1619 5375 1717 5430 pro
1745 5368 1891 5415 tanto
1926 5360 2164 5418 facinore
2200 5366 2423 5420 choreas

903 5459 1084 5516 agens,
1103 5460 1310 5513 nosque
1341 5462 1541 5504 .omnes
1587 5451 1654 5504 ad
1692 5450 1917 5505 choreas
1963 5457 2423 5518 convocans;th

906 5534 1265 5589 vociferatur:
1311 5534 1561 5595 Dominus
1620 5541 1883 5619 regnavit,
1944 5545 2173 5597 decorem
2229 5546 2418 5599 induit.

974 5683 1019 5713 ”
1056 5683 1210 5738 Rom.
1245 5704 1297 5753 v,
1349 5689 1439 5743 ll.
1464 5681 1476 5689 ’
1506 5691 1550 5722 ⁸⁸
1589 5690 1747 5746 Hebr.
1786 5707 1823 5745 ιι
1844 5646 1871 5754 ,ί
1898 5691 1981 5747 14.

2514 3329 2627 3366 πων
2656 3309 2945 3380 βασιλεύων
2975 3310 3003 3361 6
3033 3306 3253 3377 Κύριος,
3286 3304 3417 3358 ἀλλά
3438 3321 3521 3366 τις
3548 3301 3800 3379 πολύθεος
3826 3301 3918 3355 καὶ
3937 3301 4046 3356 δαι-

2517 3402 2703 3472 μονικὴ
2734 3400 2925 3473 πλάνη.
2955 3397 3196 3452 Διδάσκει
3231 3396 3285 3449 δὲ
3310 3398 3338 3451 ό
3379 3394 3535 3459 αὐτὸς
3582 3382 3893 3456 Ἀπόστολος
3922 3394 4047 3464 περὶ

2512 3491 2604 3547 τοῦ
2648 3491 2892 3563 Σωτῆρος
2928 3490 3081 3562 ἡμῶν
3123 3476 3293 3556 λέγων
3316 3504 3330 3519 ’
3391 3487 3543 3540 Ἐπεί
3584 3481 3695 3540 οὖν
3740 3482 3810 3536 τὰ
3845 3483 4050 3536 παιδία

2514 3583 2935 3650 κεκοινώνηκεν
2980 3581 3222 3649 αἵματος
3274 3577 3373 3632 καὶ
3423 3576 3665 3644 σαρκὸς,
3723 3573 3820 3627 καὶ
3870 3573 4047 3639 αὐτὸς

2514 3673 2939 3743 παραπλησίως
2984 3670 3237 3739 μετέσχε
3283 3668 3397 3721 τῶν
3433 3666 3626 3721 αὐτῶν
3672 3661 4045 3732 παθημάτων,

2515 3766 2612 3823 ἵνα
2644 3763 2739 3817 διὰ
2773 3761 2878 3815 τοῦ
2908 3758 3161 3814 θανάτου
3202 3756 3545 3825 καταργήσῃ
3582 3756 3687 3809 τὸν
3730 3753 3794 3807 τὸ
3813 3825 3819 3832 _
3840 3750 4049 3818 κράτος

2515 3853 2731 3920 ἔχοντα
2759 3851 2863 3905 τοῦ
2895 3847 3170 3915 θανάτου,
3207 3847 3477 3901 τουτέστι
3507 3844 3610 3898 τὸν
3637 3843 3933 3897 διάϐολον.
3966 3842 4053 3893 El-

2517 3943 2685 4004 κότως
2715 3936 2805 3994 οὖν
2826 3943 2853 3994 6
2888 3939 3065 4013 προὼν
3090 3937 3183 3991 τοῦ
3206 3937 3337 3992 Θεοῦ
3360 3936 3547 4003 Λόγος,
3582 3932 3740 3995 αὐτὸς
3765 3931 3838 3985 ὢν
3857 3933 3891 4001 ἡ
3917 3929 4049 4000 ζωὴ,

2518 4033 2606 4084 ἐπὶ
2639 4031 2949 4101 καθαιρέσει
2974 4030 3066 4083 τοῦ
3084 4028 3323 4083 θανάτου
3351 4024 3537 4095 θνητὸν
3565 4022 3792 4094 ϐργανον
3812 4020 3871 4073 τὸ
3891 4018 4053 4090 σῶμα

2516 4121 2575 4175 τὸ
2602 4120 2929 4191 ἀνθρώπειον
2962 4118 3259 4181 ἀναλαϐὼν,
3301 4115 3396 4170 καὶ
3425 4112 3580 4168 τοῦτο
3612 4111 3687 4181 τῷ
3716 4109 3923 4180 θανάτῳ
3948 4125 4052 4163 παι-

2522 4211 2706 4282 ραδοὺς
2754 4212 2833 4272 είς
2873 4207 3088 4272 ἔνδειξιν
3143 4207 3241 4276 τῆς
3288 4204 3487 4267 οἰκείας
3526 4202 3770 4271 φύσεως,
3821 4200 4054 4254 κᾶπειτα

2518 4300 2644 4353 αὐτὸ
2670 4299 2762 4351 τοῦ
2788 4298 3008 4351 θανάτου
3054 4294 3245 4362 ἐξελὼν
3278 4296 3355 4357 είς
3382 4291 3719 4364 παράστασιν
3750 4289 3849 4358 τῆς
3872 4287 4053 4341 ἐνθέου

2518 4388 2810 4456 δυνάμεως,
2856 4385 2970 4439 λύει
3007 4386 3102 4455 μὲν
3131 4383 3223 4439 τοῦ
3251 4374 3474 4437 θανάτου
3506 4381 3566 4433 τὺ
3602 4377 3959 4450 κράτος,ᾼλύει
3999 4376 4053 4429 δὲ

2520 4478 2613 4543 καὶ
2659 4476 2751 4529 τοῦ
2788 4475 3025 4528 διαϐόλου
3068 4475 3165 4545 τὴν
3203 4474 3342 4527 κατὰ
3374 4472 3481 4525 τῶν
3522 4467 3816 4539 ἀνθρώπων
3855 4483 4055 4535 τυρανη

2518 4568 2648 4620 νίδα·
2673 4565 2805 4621 ἀλλά
2831 4565 3045 4619 καὶτῶν
3067 4563 3231 4618 πάλαι
3253 4558 3731 4631 κατακρατούντων
3747 4553 3841 4609 τοῦ
3855 4555 4057 4624 ἀνθρω-

2522 4658 2670 4711 πείου
2720 4657 2906 4725 γένους
2967 4654 3229 4723 δαιμόνων
3292 4648 3535 4721 πονηρῶν
3588 4645 3681 4701 καὶ
3736 4644 4059 4716 πνευμάτων

2520 4745 2842 4816 ἀκαθάρτων
2868 4743 2962 4812 τὴν
2989 4742 3259 4813 ἐνέργειαν
3294 4739 3554 4803 σϐέννυσι,
3593 4736 3770 4791 πᾶσάν
3800 4751 3860 4787 τε
3896 4735 4055 4788 καθε-

2521 4834 2624 4889 λὼν
2649 4836 2749 4907 τὴν
2780 4832 3152 4903 ἀντικειμένην
3192 4830 3511 4902 καὶηὲχθράν
3543 4828 3620 4899 τῷ
3656 4825 3774 4896 Θεῷ
3804 4824 4053 4907 δύναμιν,

2521 4923 2615 4995 τὴν
2640 4925 2902 4995 πατρικὴν
2925 4920 3000 4991 τῷ
3023 4921 3139 4992 Θεῷ
3177 4920 3451 4992 βασιλείαν
3472 4916 3559 4971 διά
3586 4915 3679 4969 τοῦ
3708 4912 4054 4981 εύαγγελικοῦ

2522 5010 2866 5085 κηρύγματος
2897 5013 3028 5065 πᾶσι
3065 5015 3178 5076 τοῖς
3214 5011 3388 5064 ἔθνεσι
3421 5006 3684 5079 προξενεῖ.
3708 5002 3817 5055 ,Διὸ
3859 5003 3921 5072 δὴ
3958 5020 4057 5056 κα-

2520 5103 2835 5173 ταλυθείσης
2856 5102 2953 5172 τῆς
2979 5101 3071 5172 τοῦ
3104 5102 3328 5157 θανάτου
3371 5096 3700 5159 δυναστείας,
3733 5095 3825 5148 καὶ
3853 5112 4057 5165 καταρ-

2522 5193 2773 5263 γηθέντος
2813 5192 2908 5245 τοῦ
2933 5193 2994 5245 τὸ
3041 5192 3239 5262 κράτος
3267 5189 3475 5258 ἔχοντος
3504 5186 3595 5239 τοῦ
3639 5184 3885 5246 θανάτου,
3933 5200 4056 5235 του-

2519 5282 2665 5337 τέστι
2694 5282 2787 5335 τοῦ
2815 5281 3077 5347 διαϐόλου,
3110 5277 3473 5350 βασιλεύοντος
3497 5278 3553 5330 δὲ
3588 5277 3691 5347 ἤδη
3740 5273 3921 5328 λοιπὸν
3945 5273 4055 5325 τῶν

2518 5370 2609 5422 ἐπὶ
2645 5371 2745 5441 γῆς
2769 5371 3018 5424 ἀπάντων
3049 5364 3337 5427 ὲθνῶνιτοῦ
3352 5365 3579 5436 Κυρίου,
3606 5364 3701 5417 σὺν
3731 5361 3875 5432 αὐτῷ
3905 5360 4058 5430 βασι-

2520 5456 3101 5531 λευούσηςάνθρώπων
3144 5457 3241 5525 τῆς
3286 5455 3421 5507 κατά
3451 5454 3580 5507 Θεὸν
3627 5450 3802 5521 ζωῆς,
3833 5451 4056 5509 ειιιοτως

2518 5547 2579 5600 τὸ
2610 5548 2747 5603 θεῖον
2779 5547 3018 5618 Πνεῦμα,
3050 5544 3270 5617 χορεῦον
3313 5547 3404 5599 ἐπὶ
3432 5543 3510 5613 τῷ
3552 5540 3923 5613 κατορθώματι
3963 5536 4055 5589 καὶ
4096 5612 4101 5615 1

980 5797 1052 5863 (l)
1091 5794 1306 5868 Vulgata
1345 5793 1526 5871 adjicit
1553 5800 1618 5856 In
1654 5802 1735 5857 die
1764 5812 1879 5857 ante
1899 5801 2201 5874 Sabbatum,
2232 5804 2435 5875 quando
2465 5804 2682 5873 fundata
2705 5813 2777 5858 cst
2810 5812 2962 5855 terra.
