4372 6442
364 512 497 569 “85

1458 496 1943 553 (ἸΟΜΜΕΝΤΛΙΗΛ
1988 498 2049 550 IN
2090 498 2416 553 PSALMOS.

3384 507 3512 559 1186

375 619 568 679 πάντας
597 617 741 686 ἡμᾶς
763 615 852 667 ἐπὶ
884 617 979 684 τὴν
1007 614 1218 683 χορείαν
1253 614 1494 679 συνάγον,
1519 614 1782 679 ἀναφωνεῖ
1807 615 1894 664 καὶ
1925 624 1965 670 Α
2001 612 2101 682 Reg

1845 615 1894 664 ul.
1925 624 1965 670 Α
2001 612 2198 682 Βιιειιτιι
2232 629 2388 681 porro
2429 612 2701 674 Dominus,
2727 613 2815 682 qui
2856 612 2970 681 ipsa
2994 612 3098 667 vita
3131 623 3230 676 est,
3261 621 3313 666 et
3342 614 3511 682 ipsum
3568 665 3571 669 .

373 709 508 772 λέγει
527 722 540 733 ·
578 705 640 757 '0
667 707 866 772 Κύριος
897 705 1300 765 ἐϐασίλευσεν,
1328 704 1678 769 εὐπρέπειαν
1703 703 1893 754 ἐνεδύ-

371 812 529 848 σατο.
562 794 838 850 Βασιλεύει
869 796 924 847 δὲ
957 799 984 847 ό
1020 795 1234 863 Κύριος,
1276 794 1433 855 αὐτὸς
1463 793 1536 846 ὢν
1570 793 1601 862 ἠ
1632 793 1760 862 ζωὴ,
1799 793 1892 846 καὶ

372 885 524 945 αὐτὸς
563 882 638 935 ὣν
682 887 710 936 ὁ
753 883 845 936 τοῦ
884 884 1013 936 Θεοῦ
1047 885 1231 950 Λόγος,
1275 884 1451 951 πάσης
1478 883 1680 952 ψυχῆς,
1726 879 1792 952 ἦς
1821 883 1892 953 μὴ

370 973 690 1026 καθάπτεται
736 972 920 1038 ἀλογία
959 973 1049 1025 καὶ
1081 971 1374 1042 ἀφροσύνη,
1418 973 1509 1023 καί
1544 969 1609 1040 ἧς
1645 972 1716 1041 μὴ
1748 972 1892 1039 βασι-

372 1060 506 1112 λεύει
542 1062 798 1130 ἁμαρτία,
835 1062 924 1112 καί⁵
947 1056 1012 1129 ἦς
1041 1062 1111 1129 μὴ
1147 1064 1332 1127 κρατεῖ
1358 1061 1384 1110 ό
1418 1060 1674 1121 διάϐολος,
1705 1059 1795 1110 καὶ
1828 1055 1892 1128 ἧς

371 1151 442 1220 μὴ
474 1148 915 1203 καταδυναστεύει
964 1149 1212 1212 θάνατος,
1245 1149 1554 1220 τιτρώσκων
1596 1148 1757 1218 αὐτὴν
1803 1148 1892 1200 καὶ

369 1239 601 1311 ἀναιρῶν
631 1240 716 1292 διά
753 1239 858 1291 τῶν
906 1239 1044 1291 ἰδίων
1083 1239 1335 1308 κέντρων.
1371 1239 1442 1291 Τὸ
1469 1239 1523 1291 δὲ
1559 1239 1774 1307 κέντρον
1801 1236 1891 1288 τοῦ

368 1329 592 1382 θανάτου
626 1331 720 1399 τὴν
761 1328 1028 1397 ἁμαρτίαν
1061 1322 1194 1379 εἶναι
1226 1327 1458 1380 διδάσκει
1498 1329 1525 1378 ό
1562 1326 1891 1401 ’Λπόστολος,

370 1419 433 1471 δι’
460 1416 527 1490 ἧς
554 1421 847 1488 ἀναιρεῖται
877 1418 1020 1486 ψυχὴ
1054 1419 1190 1470 κατά
1228 1419 1324 1486 τὴν
1354 1417 1659 1484 φάσκουσαν
1690 1434 1896 1486 προφη-

370 1510 548 1563 τείαν·
588 1508 754 1576 Ψυχὴ
783 1509 819 1576 ἡ
847 1508 1284 1576 ἁμαρτάνουσα,
1323 1507 1469 1572 αὐτὴ
1499 1507 1892 1559 ἀποθανεῖται.

371 1601 458 1652 Διὸ
488 1599 745 1666 ἀσκητέον
775 1599 832 1650 τὸ
855 1600 989 1667 μήτε
1019 1597 1257 1664 ἀλογίαν,
1292 1599 1423 1665 μήτε
1447 1597 1728 1665 ἁμαρτίαν,
1762 1598 1894 1665 μήτε

370 1689 456 1743 τὸν
474 1689 730 1748 διάϐολον,
766 1690 896 1757 μήτε
927 1688 1015 1738 τὸν
1039 1686 1260 1739 θάνατον
1294 1687 1444 1755 ἡμῶν
1479 1687 1562 1738 διὰ
1601 1687 1698 1754 τῆς
1726 1689 1896 1755 ἀμαρ-

371 1779 486 1841 τίας
520 1781 766 1848 κρατείνο
815 1779 968 1847 μόνον
1001 1778 1055 1829 δὲ
1097 1776 1362 1846 κυριεύειν
1413 1775 1566 1845 ἡμῶν
1611 1777 1699 1828 τὸν
1730 1776 1896 1842 Λόγον

1997 703 2086 756 Dei
2125 703 2373 768 Verbum,
2427 704 2481 755 in
2524 717 2731 756 omnem
2786 704 3039 764 animam,
3071 705 3156 756 cui
3217 719 3325 757 non
3382 705 3506 759 ines‘

1996 795 2222 847 amentia
2252 801 2301 847 et
2327 793 2572 853 stultitia.
2595 794 2649 845 in
2680 808 2837 860 qnam
2862 808 2968 845 non
2999 799 3186 862 regnat
3216 803 3512 862 peccatum,

1995 885 2081 936 cui
2112 897 2217 936 non
2255 885 2476 952 imperat
2500 883 2766 945 diabolus,
2796 883 2879 936 cui
2912 899 3015 936 non
3034 884 3336 936 dominatur
3353 899 3518 945 mors,

1998 973 2228 1041 propriis
2258 973 2400 1025 illam
2433 972 2665 1026 stimulis
2695 971 3009 1026 confodieris
3037 981 3088 1027 et
3117 974 3385 1028 occidens.
3414 972 3517 1026 Sti‘

1997 1064 2196 1113 mulum
2229 1076 2391 1130 porro
2441 1062 2631 1116 mortis
2661 1070 2940 1132 peccatum
2973 1077 3090 1118 esse
3113 1063 3265 1116 docet
3294 1064 3522 1132 Aposto-

1996 1151 2079 1204 lus
2109 1152 2201 1205 "z
2247 1167 2352 1219 quo
2403 1152 2618 1206 stimulo
2667 1152 2927 1205 occiditur
2982 1153 3180 1213 anima,
3231 1153 3522 1205 secundum

1997 1243 2328 1310 prophetiam
2358 1257 2474 1310 qua:
2504 1245 2577 1294 ait
2616 1261 2631 1297 :
2679 1242 2867 1295 Anima
2926 1259 3039 1312 quis
3085 1243 3382 1309 peccaverit,
3412 1243 3526 1308 ipsa

1999 1335 2246 1384 morietur
2270 1333 2336 1386 ".
2368 1332 2542 1397 Quare
2571 1333 2910 1387 adnitendum
2941 1341 3042 1395 est,
3076 1342 3132 1384 ut
3155 1347 3326 1400 neque
3353 1347 3528 1385 amen—

1999 1424 2284 1491 tia,neque
2336 1433 2629 1491 peccatum,
2660 1439 2830 1491 neque
2877 1424 3137 1484 diabolus,
3187 1436 3358 1490 neque
3385 1435 3527 1475 mors

2000 1529 2092 1581 per
2145 1515 2317 1580 ipsum
2364 1522 2640 1580 peccatum
2674 1514 2726 1566 in
2768 1513 2922 1566 nobis
2955 1513 3289 1578 dominetur;
3323 1512 3414 1567 sed
3440 1529 3527 1566 so-

2002 1604 2268 1657 lummodo
2299 1602 2525 1658 Verbum
2558 1604 2757 1664 etvita,
2791 1604 2840 1655 id
2871 1611 2973 1667 est,
3003 1602 3278 1663 Dominus.
3314 1605 3404 1671 qui
3437 1617 3529 1671 per

1999 1711 2154 1747 omne
2179 1695 2433 1747 virtutum
2462 1709 2627 1762 genus
2651 1702 2836 1762 regnat
2860 1695 2912 1746 in
2941 1709 3056 1756 eos,
3085 1693 3176 1762 qui
3208 1693 3325 1761 ejus
3358 1695 3528 1763 impe-

2001 1779 2079 1830 rio
2099 1779 2243 1847 digni
2269 1779 2549 1833 habentur.

372 1871 460 1923 καί
487 1873 583 1940 τὴν
617 1870 776 1941 ζωὴν,
809 1870 1045 1922 τουτέστι
1087 1870 1177 1921 τὸν
1219 1868 1434 1937 Κύριον,
1481 1868 1564 1920 διὰ
1601 1868 1776 1934 πάσης
1827 1868 2024 1936 ἀρετῆς
2088 1870 2433 1937 βασιλεύοντα
2485 1869 2591 1922 τῶν
2634 1868 3046 1938 κατηξιωμένων
3088 1871 3184 1939 τῆς
3218 1870 3306 1920 ὑπ’
3363 1867 3528 1920 αὐτοῦ

373 1961 659 2030 βασιλείας.

454 2071 603 2123 Ἐπεὶ
644 2071 700 2123 δὲ
748 2071 948 2140 μέλλων
985 2069 1279 2139 βασιλεύειν
1305 2108 1318 2129 ,
1361 2069 1420 2120 ού
1477 2068 1630 2136 μόνον
1672 2067 1902 2131 ζώντων,
1937 2077 1976 2130 Β
2075 2064 2174 2130 Qui

1803 2084 1902 2129 'wv,
1937 2077 1976 2130 Β
2075 2064 2208 2130 Quia
2239 2081 2365 2118 vero
2407 2065 2495 2117 Dei
2527 2064 2781 2126 Verbum,
2813 2067 2925 2134 ipse
2976 2065 3234 2120 Dominus
3277 2077 3529 2136 regnatu-

373 2163 503 2238 ἀλλά
535 2162 626 2214 καὶ
655 2162 857 2230 νεκρῶν
889 2163 916 2212 ὁ
945 2162 1031 2213 τοῦ
1067 2161 1197 2211 Θεοῦ
1230 2160 1395 2226 Λόγος
1429 2159 1586 2220 αὐτὸς
1613 2157 1685 2209 ὢν
1723 2160 1749 2208 ό
1791 2157 1901 2208 Κύ-

378 2270 504 2324 ριος,
553 2254 643 2305 καὶ
687 2253 746 2304 ού
785 2253 939 2320 μόνον
985 2253 1088 2303 τῶν
1121 2253 1176 2303 ὲν
1211 2252 1450 2321 οὐρανοῖς
1495 2250 1626 2303 ἀλλά
1679 2249 1903 2302 καὶτῶν

376 2343 466 2395 ἐπὶ
494 2343 616 2412 γῆς,
657 2342 835 2406 καθὼς
883 2343 1040 2404 αὐτὸς
1070 2343 1304 2394 διδάσκει
1332 2342 1520 2408 λέγων,
1572 2341 1773 2404 Ἐδόθη
1810 2357 1907 2406 μοι

377 2433 541 2486 πᾶσα
577 2433 819 2496 ἐξουσία
851 2435 919 2484 ἐν
956 2433 1180 2499 οὐρανῷ
1214 2433 1308 2484 καὶ
1348 2433 1441 2483 ἐπὶ
1473 2431 1579 2498 τῆς
1618 2431 1755 2498 γῆς’
1792 2429 1907 2480 ἐκέ-

378 2535 542 2570 νωσεν
594 2521 800 2582 ἑαυτὸν,
853 2521 1059 2590 μορφὴν
1102 2519 1282 2570 δούλου
1330 2519 1522 2581 λαὸὼν,
1573 2518 1810 2570 τουτέστι
1850 2516 1908 2566 τὸ

378 2609 567 2678 θνητὸν
618 2609 771 2679 σῶμα
827 2610 916 2661 καὶ
967 2609 1025 2660 τὸ
1084 2607 1412 2676 ἀνθρώπειον
1450 2608 1704 2677 ὄργανον
1757 2604 1910 2656 τοῦτο

379 2700 483 2768 γὰρ
530 2695 597 2768 ἧν
631 2701 662 2768 ὴ
700 2698 876 2768 μορφὴ
923 2697 1014 2748 τοῦ
1069 2697 1281 2748 δούλουο
1313 2698 1430 2748 τότε
1476 2697 1589 2764 μὲν,
1633 2697 1718 2747 ὅτε
1763 2693 1909 2746 ταῦτ’

376 2788 660 2856 ἔπραττεν,
695 2787 991 2856 ἀπρέπειαν
1015 2785 1404 2856 περιεϐάλλετο,
1433 2783 1724 2855 ὥστεπερὶ
1754 2783 1912 2836 αὑτοῦ

377 2876 569 2943 λέγειν,
595 2879 636 2928 Ε
643 2877 842 2944 ιδομεν
868 2875 1066 2936 αὐτὸν,
1095 2877 1190 2928 καὶ
1229 2879 1336 2930 οὐκ
1364 2876 1522 2943 εἶχεν
1552 2873 1735 2939 εἶδος,
1777 2873 1914 2927 οὐδὲ

379 2966 600 3031 κάλλος
619 2983 632 2995 ·
671 2968 806 3020 ἀλλ’
835 2963 912 3036 ἦν
931 2966 993 3018 τὸ
1019 2963 1174 3031 εἷδος
1198 2965 1379 3018 αὑτοῦ
1399 2966 1603 3033 ἄτιμον
1622 2966 1714 3017 καὶ
1739 2964 1918 3017 ἐκλεῖ-

380 3071 494 3110 πον
523 3057 675 3123 παρὰ
702 3057 842 3122 τοὺς
875 3056 1042 3122 υἱοὺς
1070 3057 1186 3108 τῶν
1215 3055 1560 3123 ἀνθρώπων
1594 3057 1678 3108 ὅτε
1703 3055 1758 3106 δὲ
1787 3057 1918 3107 ἀπο-

2005 2173 2095 2210 rus
2126 2165 2359 2209 eratnon
2390 2158 2560 2208 solum
2593 2155 2914 2217 viventibus,
2944 2155 3033 2208 sed
3067 2157 3228 2208 etiam
3266 2161 3529 2224 mortuis;

2003 2262 2100 2298 nec
2135 2247 2303 2298 solum
2350 2248 2678 2309 coelestibus,
2707 2239 2798 2299 sed
2831 2247 2987 2298 etiam
3039 2249 3286 2309 terrenis,
3320 2256 3378 2301 ut
3419 2251 3532 2318 ipse

2004 2337 2240 2390 declarat
2274 2337 2355 2390 his
2387 2337 2560 2390 verbis
2586 2337 2743 2389 :Data
2773 2345 2848 2389 est
2881 2337 3004 2388 mihi
3035 2339 3197 2390 omnis
3222 2349 3448 2405 potestas
3479 2342 3533 2392 in

2005 2428 2126 2481 arto
2159 2438 2205 2480 et
2231 2430 2283 2480 in
2307 2431 2535 2492 terra";
2567 2429 2684 2488 ideo
2720 2429 2950 2497 seipsum
2981 2431 3272 2482 exinanivit
3305 2431 3531 2484 formam

2008 2520 2146 2572 servi
2186 2520 2472 2587 accipiens,
2497 2521 2547 2572 id
2573 2528 2673 2581 cst,
2695 2521 2918 2574 mortale
2949 2535 3141 2588 corpus
3168 2531 3217 2573 et
3247 2521 3533 2574 humanum

2009 2610 2458 2674 instrumentum;
2509 2625 2632 2662 nam
2699 2610 2929 2678 idipsum
2985 2619 3098 2662 erat
3161 2610 3331 2663 forma
3372 2613 3532 2665 servi.

2008 2703 2138 2753 Cum
2173 2708 2348 2753 autem
2373 2700 2483 2752 haec
2516 2707 2714 2768 ageret,
2738 2708 2866 2751 tunc
2895 2699 3135 2753 dedecus
3175 2701 3394 2754 indutus
3419 2710 3534 2765 est;

2011 2789 2080 2840 ita
2117 2797 2174 2840 ut
2213 2788 2278 2840 de
2313 2790 2426 2855 ipso
2456 2788 2700 2840 dicatur:
2736 2787 2965 2839 Vidimus
3008 2803 3144 2848 eum,
3180 2799 3228 2840 et
3258 2806 3359 2842 nou
3387 2792 3541 2843 habe-

2012 2877 2096 2927 bat
2119 2877 2352 2943 speciem,
2385 2891 2539 2942 neque
2577 2873 3048 2940 pulchritudinem;
3074 2875 3160 2926 sed
3189 2885 3302 2926 erat
3345 2880 3538 2943 species

2011 2967 2119 3034 ejus
2170 2965 2495 3026 inhonorata,
2530 2973 2576 3016 et
2605 2964 2844 3031 deﬁciens
2874 2979 2981 3030 prw
3026 2964 3150 3033 ﬁliis
3181 2965 3443 3018 hominum
3469 2968 3515 2996 "‘

2013 3056 2144 3108 Cum
2172 3064 2365 3115 autem,
2387 3061 2598 3121 recepta
2614 3068 2698 3115 ea,
2722 3069 2878 3122 quam
2911 3056 3137 3123 primum
3161 3055 3299 3124 apud
3328 3053 3539 3109 Patrem

381 3145 554 3198 λαϐὼν
594 3144 688 3215 τὴν
729 3145 902 3209 δόξαν,
957 3147 1020 3215 ἢν
1071 3146 1163 3196 καὶ
1210 3145 1463 3215 πρότερον
1507 3139 1615 3212 εἷχε
1660 3142 1807 3212 παρὰ
1842 3143 1918 3212 τῷ
2015 3145 2107 3198 hab

1842 3143 1918 3212 τῷ
2015 3145 2289 3205 habuerat,
2318 3143 2505 3212 gloria,
2543 3143 2763 3201 formam
2795 3147 2934 3199 servi
2959 3147 3010 3198 in
3040 3146 3228 3199 melius
3245 3146 3536 3207 transtulit,

382 3235 572 3306 Πατρὶ,
630 3234 724 3306 τὴν
787 3235 879 3288 τοῦ
923 3235 1105 3287 δούλου
1165 3235 1372 3304 μορφὴν
1427 3234 1515 3285 ἐπὶ
1573 3233 1632 3294 τὸ
1683 3236 1918 3301 κρεῖττον
2015 3250 2103 3288 sec

1816 3251 1918 3285 πον
2015 3233 2303 3288 secundum
2334 3233 2583 3302 lApostoli
2630 3235 2997 3288 testimonium
3038 3235 3117 3290 sic
3154 3236 3356 3291 habens
3388 3256 3400 3290 :
3437 3236 3542 3302 Qui

385 3323 833 3394 μετεσχημάτισε,
878 3323 1015 3375 κατά
1059 3322 1153 3392 τὴν
1199 3323 1553 3390 ἀποστολικὴν
1601 3319 1916 3392 μαρτυρίαν,

376 3402 416 3483 ’ἡ
448 3431 630 3483 φησιν,
677 3416 773 3480 Ὃς
813 3410 1310 3482 μετασχηματίσει
1351 3413 1418 3465 τὸ
1459 3412 1626 3480 σῶμα
1663 3411 1769 3478 τῆς
1816 3429 1914 3464 ta.-
1941 3401 1983 3457 Ε
2016 3425 2102 3463 cor

1816 3429 1914 3464 “ra-
1941 3401 1983 3457 (ἒ
2016 3410 2216 3476 corpori
2267 3409 2447 3477 gloria:
2496 3407 2691 3461 Christi
2719 3411 2786 3472 η,
2847 3419 2974 3463 tunc
3021 3410 3269 3467 decorem
3324 3413 3538 3466 induit:

383 3504 711 3570 πεινώσεως
738 3503 922 3573 ἡμῶν,
960 3505 1309 3572 σύμμορφον
1340 3503 1416 3568 τῷ
1446 3503 1663 3572 σώματι
1687 3503 1795 3568 τῆς
1822 3501 1916 3554 δό-
2014 3513 2109 3570 qua

1822 3501 1916 3554 δό-
2014 3500 2225 3570 quando
2252 3500 2461 3568 penitus
2489 3500 2696 3554 sublato
2719 3501 3004 3554 multorum
3035 3503 3314 3555 numinum
3340 3519 3540 3565 errore,

2019 3318 2409 3384 transformabit
2461 3335 2642 3386 corpus
2670 3319 2979 3376 humilitatis
3033 3333 3244 3389 nostris,
3284 3325 3545 3392 conforme
3649 3307 3668 3325 ‘

385 3591 493 3658 ξης
530 3594 633 3648 τοῦ
665 3593 950 3661 Χριστοῦ,
1000 3593 1058 3644 τὸ
1103 3593 1398 3660 τηνικαῦτα
1435 3593 1762 3662 εὐπρέπειαν
1805 3594 1918 3643 ἐνε-

385 3683 576 3736 δύσατο
597 3700 610 3713 ·
651 3684 736 3736 ὅτε
767 3670 856 3735 καὶ
886 3683 983 3752 τὴν
1024 3682 1116 3734 τοῦ
1165 3683 1371 3752 [ἰατρὸς
1403 3681 1691 3748 βασιλείαν,
1733 3683 1824 3734 καὶ
1851 3682 1920 3752 τὰ

386 3775 618 3836 πάντων,
668 3775 726 3826 οὐ
778 3774 932 3842 μόνον
974 3773 1077 3834 τῶν
1110 3776 1166 3825 ὲν
1205 3773 1466 3842 οὐρανοῖς,
1507 3772 1638 3826 ἀλλά
1677 3772 1766 3825 καὶ
1812 3772 1917 3825 τών

386 3865 503 3918 καθ’
536 3865 662 3935 ὅλης
705 3865 799 3933 τῆς
840 3864 1156 3934 οἰκουμένης
1202 3863 1364 3915 ἐθνῶν
1413 3864 1703 3933 ἐκράτυνε,
1746 3864 1920 3914 πᾶσαν

386 3957 480 4027 τὴν
521 3954 774 4008 πολύθεον
821 3952 1058 4006 καθελὼν
1096 3954 1317 4024 πλάνην.
1371 3955 1457 4006 Διὸ
1504 3953 1771 4006 λέλεκται·
1807 3955 1920 4006 Κύ-

382 4064 508 4113 ριος
562 4046 958 4099 ἐϐασίλευσεν
981 4083 995 4106 ,
1048 4044 1398 4110 εὐπρέπειαν
1456 4043 1806 4094 ἐνεδύσατο·
1863 4041 1921 4092 τὸ

390 4136 516 4203 γοῦν
549 4135 890 4198 ἐνεδύσατο,
918 4134 991 4194 ὼς
1020 4132 1158 4185 κατά
1181 4149 1298 4182 τινα
1320 4130 1502 4199 καιρὸν
1525 4129 1919 4197 ἀποδυσαμένου

390 4229 486 4296 τὴν
517 4227 862 4297 εύπρέπειαν,
915 4223 1154 4274 λέλεκται
1174 4238 1186 4251 ’
1223 4221 1312 4272 καὶ
1340 4220 1425 4271 ὅτε
1473 4220 1566 4287 μὲν
1599 4217 1827 4284 ὑπέμενε
1856 4217 1922 4268 τά

392 4315 530 4366 κατά
570 4315 630 4366 τὸ
673 4313 860 4375 πάθος,
907 4308 1240 4375 ἑσταυλιώθη
1265 4347 1278 4369 ,
1319 4305 1478 4374 φησὶν
1521 4307 1549 4358 ὁ
1592 4303 1918 4365 Ἀπόστολὸςν

392 4403 458 4466 ἐξ
494 4403 834 4466 ἀσθενείας·
869 4401 955 4451 ὅτε
992 4399 1048 4451 δὲ
1093 4395 1382 4466 νενικηκὼς
1407 4396 1497 4447 τὸν
1541 4395 1795 4458 θάνατον,
1826 4395 1922 4462 τὴν

394 4493 532 4546 κατά
565 4494 775 4545 πάντων
803 4488 1142 4560 ἀπελάμϐανε
1178 4487 1468 4556 βασιλείαν,
1507 4486 1663 4537 πάλιν
1693 4485 1922 4554 ἐπλήρου

393 4584 471 4648 τὸ,
519 4583 863 4636 Ἐνεδύσατο
894 4583 1104 4649 Κύριος
1133 4579 1379 4648 δύναμιν
1404 4579 1496 4630 καὶ
1527 4575 1921 4644 περιεζώσατο.

396 4676 622 4746 Χριστὸς
649 4675 754 4744 γὰρ
799 4672 930 4726 Θεοῦ
964 4673 1183 4742 δύναμις
1210 4658 1274 4740 ἧν
1317 4670 1406 4722 καὶ
1430 4667 1563 4720 Θεοῦ
1591 4668 1766 4734 σοφία.
1815 4663 1923 4719 Εἶθ’

396 4767 488 4819 ἆτε
537 4767 635 4837 τὴν
671 4765 872 4818 οἰκείαν
918 4764 1140 4833 δύναμιν
1184 4761 1566 4828 ἐνδυσάμενος,
1616 4758 1707 4810 καὶ
1755 4756 1922 4828 ταύτῃ

395 4856 849 4928 περιζωσάμενος,
892 4855 1104 4926 μεγάλῳ
1137 4851 1506 4922 κατορθώματι
1540 4847 1723 4901 ἑαυτὸν
1754 4847 1923 4899 ἐπιδί-

396 4947 542 5002 δωσι.
577 4950 640 5001 Τί
671 4945 810 5018 δὲῆν
836 4949 1008 5008 τοῦτο,
1037 4945 1162 5014 ἑξῆς
1185 4947 1211 4996 ό
1239 4944 1387 5008 λόγος
1410 4939 1641 4991 διδάσκει
1671 4938 1888 5004 φάσκων
1912 4954 1923 4965 ·

2013 3600 2066 3644 et
2119 3591 2293 3644 Patris
2339 3605 2580 3659 regnum,
2631 3597 2684 3644 et
2735 3605 2840 3642 non
2884 3589 3043 3644 modo
3087 3591 3408 3664 caelestium,
3451 3594 3546 3647 sed

2015 3684 2173 3736 etiam
2219 3683 2455 3734 omnium
2509 3696 2602 3747 per
2633 3681 2812 3734 orbem
2867 3680 3102 3748 gentium
3153 3696 3239 3734 res
3295 3683 3542 3737 ﬁrmavit.

2015 3772 2191 3837 Quare
2220 3772 2414 3825 dicitur
2449 3789 2462 3824 :
2495 3771 2742 3823 Dominus
2784 3771 3029 3838 regnavit,
3063 3769 3296 3823 decorem
3333 3771 3544 3825 indutus

2015 3871 2091 3915 est
2113 3879 2131 3914 :
2160 3863 2287 3916 illud
2318 3864 2478 3926 enim,
2512 3861 2721 3915 indutus
2763 3871 2860 3924 est,
2887 3863 3038 3929 quasi
3087 3862 3267 3929 aliquo
3310 3871 3548 3931 tempore

2016 3954 2261 4007 decorem
2305 3953 2532 4017 exuerit,
2554 3937 2852 4021 'protertur.
2889 3950 3157 4019 Siquidem
3183 3953 3398 4019 quando
3424 3967 3549 4021 pas-

2017 4044 2182 4095 sionis
2233 4051 2494 4095 tormenta
2549 4041 2824 4099 sustinuit,
2882 4041 3162 4109 cruciﬁxus
3191 4049 3309 4103 est,
3348 4042 3548 4110 ‘inquit

2019 4132 2322 4200 Apostolus,
2369 4145 2430 4182 ea:
2484 4131 2885 4196 inﬁrmitate”;
2938 4144 3058 4182 cum
3113 4138 3291 4184 autem
3336 4129 3548 4184 devicta

2018 4229 2208 4284 morte,
2239 4237 2458 4290 regnum
2489 4221 2542 4273 in
2565 4236 2750 4275 omnes
2771 4222 3203 4289 accepit,rursus
3233 4223 3333 4274 hoc
3363 4221 3549 4289 impleo

2019 4325 2128 4368 tum
2162 4320 2242 4367 est
2280 4329 2293 4362 :
2331 4311 2512 4365 Induit
2540 4312 2790 4365 Dominus
2811 4312 3165 4379 fortitudinem
3207 4321 3255 4364 et
3277 4313 3549 4379 prwcinxit

2021 4421 2091 4458 se.
2123 4402 2251 4456 Nam
2282 4403 2529 4456 Christus
2551 4403 2641 4456 Dei
2669 4405 2837 4456 virtus
2859 4408 2973 4456 erat
3000 4408 3052 4454 et
3081 4401 3170 4454 Dei
3208 4400 3546 4469 sapientia".

2022 4494 2244 4558 Deinde,
2282 4502 2464 4561 utpote
2495 4493 2706 4561 propria
2739 4493 2955 4545 indutus
2983 4492 3382 4570 virtute\caque
3413 4503 3548 4557 prae-

2023 4587 2250 4646 cinctus,
2271 4600 2519 4654 magnum
2546 4584 2751 4637 facinus
2773 4575 3094 4650 a'ggreditur.
3113 4578 3388 4642 Quodnam
3405 4585 3550 4632 esset

2027 4675 2178 4737 illud,
2214 4673 2450 4727 declarat
2505 4681 2689 4739 postea
2730 4669 3005 4737 Scriptura
3058 4668 3289 4720 dicens:
3341 4664 3548 4717 Etenim

2026 4765 2250 4833 ﬁrmavit
2280 4764 2451 4814 orbem
2479 4771 2648 4822 terra,
2677 4761 2764 4827 qui
2792 4775 2890 4810 non
2938 4757 3350 4810 commovebitur.
3401 4754 3548 4808 Illam

2025 4856 2240 4924 quippe,
2270 4867 2392 4904 cum
2413 4857 2614 4902 tantum
2648 4865 2752 4900 non
2787 4849 2839 4899 in
2879 4847 3128 4900 barathra
3176 4847 3382 4914 penitus
3416 4846 3540 4898 ruis

2026 4953 2124 5001 set,
2171 4939 2379 5008 quando
2424 4937 2721 4990 dazmonum
2772 4939 2852 4990 vis
2906 4944 2958 4988 et
3018 4937 3249 4990 eﬁicacia
3302 4935 3548 4988 omnibus

397 5037 500 5089 Kal
537 5038 642 5106 γὰρ
671 5035 990 5102 ἐστερέωσε
1025 5032 1136 5098 τὴν
1159 5028 1534 5096 οἰκουμένην,
1569 5026 1697 5092 ἣτις
1720 5030 1789 5079 οὐ
1827 5044 1926 5082 σα-
2026 5045 2123 5098 pra:

1827 5044 1926 5082 σα-
2026 5027 2356 5098 ρι-αξνιιιοὺει,
2382 5026 2550 5078 erexit
2589 5039 2652 5078 ac
2684 5026 2937 5086 restituit,
2969 5040 3088 5077 cum
3125 5040 3331 5078 Omnem
3381 5023 3533 5075 inimi

397 5128 765 5192 λευθήσεται.
804 5124 1009 5197 Μικροῦ
1059 5122 1164 5191 γὰρ
1204 5122 1322 5173 δεῖν
1378 5119 1500 5188 ὅλην
1541 5116 1705 5186 αὐτὴν
1754 5117 1923 5170 διόλου
2026 5135 2122 5173 can

1821 5118 1923 5169 ςλου
2026 5135 2140 5173 eam
2165 5126 2216 5173 et
2247 5118 2624 5171 daemoniacam
2656 5118 2926 5179 virtutem,
2951 5125 3003 5170 et
3044 5118 3326 5170 multorum
3372 5107 3547 5167 numi-

399 5219 537 5272 κατὰ
570 5219 852 5291 βαράθρων
881 5193 1198 5288 ἐνεχθεῖσαν,
1245 5213 1476 5283 ὁπηνίκα
1514 5210 1580 5264 τά
1615 5211 1713 5279 τῆς
1743 5211 1925 5282 δαιμο-
2027 5223 2125 5262 nun

1834 5230 1925 5282 μο-
2027 5223 2153 5262 num
2181 5221 2416 5260 errorem
2458 5208 2756 5259 evertisset.
2807 5193 2884 5256 l'ta
2913 5205 3054 5256 enim
3109 5202 3339 5254 ﬁrmavit
3367 5203 3552 5254 orbem

398 5305 551 5375 νικῆς
579 5307 848 5376 ἐνεργείας
879 5306 1017 5359 κατά
1057 5306 1266 5358 πάντων
1307 5303 1500 5370 ἴσχυεν,
1545 5300 1794 5370 ἀνήγειρε
1836 5303 1926 5354 καὶ
2027 5307 2124 5350 teri

1836 5303 1926 5354 καὶ
2027 5307 2200 5360 terra,
2235 5305 2292 5350 ut
2315 5312 2485 5367 neque
2523 5313 2550 5350 a
2580 5299 2771 5365 pietate
2799 5311 2923 5364 erga
2944 5294 3105 5346 Deum
3141 5291 3501 5345 dimoveretur
3539 5311 3549 5342 :

398 5389 758 5463 διωρθώσατο,
781 5395 956 5446 πᾶσαν
985 5393 1082 5464 τὴν
1115 5390 1307 5461 ἐχθρὰν
1335 5389 1426 5441 καὶ
1447 5387 1754 5457 δαιμονικὴν
1781 5389 1930 5441 δύνα-
2029 5386 2124 5441 Ecc

1823 5389 1930 5441 iva-
2029 5386 2318 5441 Ecclesiam
2350 5403 2478 5443 vero
2506 5388 2694 5456 ipsius,
2722 5401 2838 5454 qua:
2864 5397 3021 5450 supra
3069 5393 3272 5450 petram
3302 5381 3549 5432 fundatur

407 5499 514 5553 μιν.
551 5486 648 5550 τήν
673 5500 732 5535 τε
767 5483 1016 5535 πολύθεον
1046 5483 1247 5551 πλάνην
1276 5478 1590 5548 ἀνατρέψας.
1624 5476 1776 5531 Οὕτω
1802 5478 1935 5546 γοῦν
2026 5487 2078 5532 et
2118 5493 2133 5530 ε

1825 5478 1935 5532 ὀὖν
2026 5487 2078 5532 et
2118 5478 2378 5534 adversus
2407 5495 2562 5549 quam
2603 5487 2766 5546 porta:
2813 5474 2965 5527 inl‘eri
3018 5488 3124 5524 non
3173 5469 3551 5540 praevalebunt,

404 5573 692 5645 ἑστεριωσε
737 5573 834 5644 τὴν
883 5575 1228 5644 οἰκουμένην,
1277 5572 1350 5634 ὡς
1403 5569 1584 5640 μηκέτ’
1632 5569 1796 5639 αὐτὴν
1835 5587 1932 5622 σα-
2030 5570 2115 5622 hic

1835 5587 1932 5622 σα·
2030 5570 2115 5622 hic
2159 5585 2253 5638 per
2306 5571 2486 5624 urbem
2515 5578 2670 5622 terra:
2697 5566 3001 5628 indicatam,
3036 5563 3108 5616 ita
3140 5562 3397 5614 ﬁrmatam
3436 5571 3548 5612 esse

475 5751 518 5781 "
549 5750 566 5804 1
600 5747 723 5804 Cor.
757 5763 846 5810 xv,
881 5745 966 5799 56.
1039 5747 1083 5778 "
1123 5745 1312 5800 Elech.
1347 5759 1502 5807 xvni,
1535 5742 1624 5797 20.
1699 5742 1741 5773 ’⁷
1780 5738 1968 5797 Matth.
2034 5757 2234 5807 xxvm,
2296 5743 2375 5798 l8.

2472 5743 2512 5774 ’⁸
2553 5742 2652 5794 isa.
2689 5752 2811 5802 Lm,
2842 5737 2894 5790 2.
2984 5737 3027 5768 ²⁹
3065 5735 3288 5803 Philipp.
3328 5745 3421 5797 ιιι,
3464 5730 3548 5783 21.

411 5819 452 5851 ³·
492 5818 533 5873 ll
565 5818 687 5876 Ωον.
714 5832 838 5882 xm,
873 5816 925 5870 4.
998 5816 1038 5847 ⁸⁸
1079 5814 1098 5867 l
1131 5817 1253 5871 Cor.
1293 5831 1342 5880 ι,
1374 5814 1462 5866 24.
1566 5892 1575 5903 .
