  <div class='ocr_page' id='page_1' title='image "/cluster/home/n/w/nwhite01/storage/ocr_20150623/23/coo.31924054873041/611.png"; bbox 0 0 4372 6406; ppageno 0'>
   <div class='ocr_carea' id='block_1_1' title="bbox 794 502 946 559">
    <p class='ocr_par' dir='ltr' id='par_1_1' title="bbox 794 502 946 559">
     <span class='ocr_line' id='line_1_1' title="bbox 794 502 946 559; baseline -0.02 0"><span class='ocrx_word' id='word_1_1' title='bbox 794 502 946 559; x_wconf 68' lang='grc'><strong>’1187</strong></span> 
     </span>
    </p>
   </div>
   <div class='ocr_carea' id='block_1_2' title="bbox 1507 479 3358 552">
    <p class='ocr_par' dir='ltr' id='par_1_2' title="bbox 1507 479 3358 552">
     <span class='ocr_line' id='line_1_2' title="bbox 1507 479 3358 552; baseline -0.009 0"><span class='ocrx_word' id='word_1_2' title='bbox 1507 496 1770 552; x_wconf 73' lang='lat' dir='ltr'><strong>EUSEBII</strong></span> <span class='ocrx_word' id='word_1_3' title='bbox 1805 492 2276 551; x_wconf 61' lang='lat' dir='ltr'><strong>CESARIENSIS</strong></span> <span class='ocrx_word' id='word_1_4' title='bbox 2313 488 2462 544; x_wconf 89' lang='lat' dir='ltr'><strong>OPP.</strong></span> <span class='ocrx_word' id='word_1_5' title='bbox 2502 485 2681 539; x_wconf 80' lang='lat' dir='ltr'><strong>PARS</strong></span> <span class='ocrx_word' id='word_1_6' title='bbox 2717 482 2805 538; x_wconf 82' lang='lat' dir='ltr'><strong>Ill.</strong></span> <span class='ocrx_word' id='word_1_7' title='bbox 2844 515 2914 524; x_wconf 93' lang='lat'><strong><em>—</em></strong></span> <span class='ocrx_word' id='word_1_8' title='bbox 2947 479 3358 537; x_wconf 80' lang='lat' dir='ltr'><strong>EXEGETICA.</strong></span> 
     </span>
    </p>
   </div>
   <div class='ocr_carea' id='block_1_3' title="bbox 3935 479 4033 534">
    <p class='ocr_par' dir='ltr' id='par_1_3' title="bbox 3935 479 4033 534">
     <span class='ocr_line' id='line_1_3' title="bbox 3935 479 4033 534; baseline 0 0"><span class='ocrx_word' id='word_1_9' title='bbox 3935 479 4033 534; x_wconf 73' lang='grc'><strong>188</strong></span> 
     </span>
    </p>
   </div>
   <div class='ocr_carea' id='block_1_4' title="bbox 806 593 2532 686">
    <p class='ocr_par' dir='ltr' id='par_1_4' title="bbox 806 607 2532 686">
     <span class='ocr_line' id='line_1_4' title="bbox 806 607 2532 686; baseline -0.01 -11"><span class='ocrx_word' id='word_1_10' title='bbox 806 621 960 686; x_wconf 98' lang='lat' dir='ltr'><strong>dicit,</strong></span> <span class='ocrx_word' id='word_1_11' title='bbox 984 625 1044 673; x_wconf 93' lang='lat' dir='ltr'><strong>ut</strong></span> <span class='ocrx_word' id='word_1_12' title='bbox 1074 634 1181 673; x_wconf 92' lang='lat' dir='ltr'><strong>non</strong></span> <span class='ocrx_word' id='word_1_13' title='bbox 1203 620 1339 671; x_wconf 86' lang='lat' dir='ltr'><strong>ultra</strong></span> <span class='ocrx_word' id='word_1_14' title='bbox 1362 617 1565 671; x_wconf 85' lang='lat' dir='ltr'><strong>moveri</strong></span> <span class='ocrx_word' id='word_1_15' title='bbox 1585 616 1777 686; x_wconf 87' lang='lat' dir='ltr'><strong>possit.</strong></span> <span class='ocrx_word' id='word_1_16' title='bbox 1803 614 1937 668; x_wconf 85' lang='lat' dir='ltr'><strong>Nam</strong></span> <span class='ocrx_word' id='word_1_17' title='bbox 1959 612 2102 682; x_wconf 91' lang='lat' dir='ltr'><strong>quod</strong></span> <span class='ocrx_word' id='word_1_18' title='bbox 2127 615 2179 666; x_wconf 91' lang='lat' dir='ltr'><strong>in</strong></span> <span class='ocrx_word' id='word_1_19' title='bbox 2213 625 2362 681; x_wconf 67' lang='lat' dir='ltr'><strong>pe~ra</strong></span> <span class='ocrx_word' id='word_1_20' title='bbox 2393 619 2438 672; x_wconf 78' lang='grc' dir='ltr'><strong>Α</strong></span> <span class='ocrx_word' id='word_1_21' title='bbox 2464 607 2532 657; x_wconf 75' lang='grc' dir='ltr'>λει</span> 
     </span>
    </p>
   </div>
   <div class='ocr_carea' id='block_1_5' title="bbox 2309 593 4035 686">
    <p class='ocr_par' dir='ltr' id='par_1_5' title="bbox 2309 593 4035 673">
     <span class='ocr_line' id='line_1_5' title="bbox 2309 593 4035 673; baseline -0.01 -12"><span class='ocrx_word' id='word_1_22' title='bbox 2309 625 2362 662; x_wconf 75' lang='lat' dir='ltr'><strong>:a</strong></span> <span class='ocrx_word' id='word_1_23' title='bbox 2393 619 2438 672; x_wconf 78' lang='grc' dir='ltr'><strong>Α</strong></span> <span class='ocrx_word' id='word_1_24' title='bbox 2464 603 2710 657; x_wconf 79' lang='grc' dir='ltr'>λευεσθαι</span> <span class='ocrx_word' id='word_1_25' title='bbox 2742 603 2841 673; x_wconf 80' lang='grc' dir='ltr'>τῆς</span> <span class='ocrx_word' id='word_1_26' title='bbox 2866 601 3003 654; x_wconf 75' lang='grc' dir='ltr'>κατὰ</span> <span class='ocrx_word' id='word_1_27' title='bbox 3033 600 3162 654; x_wconf 72' lang='grc' dir='ltr'><strong>Θεὸν</strong></span> <span class='ocrx_word' id='word_1_28' title='bbox 3196 597 3472 661; x_wconf 75' lang='grc' dir='ltr'>εὐσεϐείας</span> <span class='ocrx_word' id='word_1_29' title='bbox 3491 615 3503 628; x_wconf 81' lang='lat'><strong>&#39;</strong></span> <span class='ocrx_word' id='word_1_30' title='bbox 3547 598 3639 652; x_wconf 70' lang='grc' dir='ltr'>καὶ</span> <span class='ocrx_word' id='word_1_31' title='bbox 3669 597 3765 669; x_wconf 70' lang='grc' dir='ltr'><strong>τὴν</strong></span> <span class='ocrx_word' id='word_1_32' title='bbox 3808 593 4035 662; x_wconf 55' lang='grc' dir='ltr'>Ἐκκλη-</span> 
     </span>
    </p>
   </div>
   <div class='ocr_carea' id='block_1_6' title="bbox 803 703 2370 780">
    <p class='ocr_par' dir='ltr' id='par_1_6' title="bbox 803 703 2370 780">
     <span class='ocr_line' id='line_1_6' title="bbox 803 703 2370 780; baseline -0.006 -16"><span class='ocrx_word' id='word_1_33' title='bbox 803 709 1083 776; x_wconf 78' lang='lat' dir='ltr'><strong>fundetur,</strong></span> <span class='ocrx_word' id='word_1_34' title='bbox 1117 718 1281 780; x_wconf 75' lang='lat' dir='ltr'><strong>porta:</strong></span> <span class='ocrx_word' id='word_1_35' title='bbox 1328 708 1487 763; x_wconf 78' lang='lat' dir='ltr'><strong>inferi</strong></span> <span class='ocrx_word' id='word_1_36' title='bbox 1540 724 1651 761; x_wconf 89' lang='lat' dir='ltr'><strong>non</strong></span> <span class='ocrx_word' id='word_1_37' title='bbox 1687 707 2056 775; x_wconf 69' lang='lat' dir='ltr'><strong>praevalebunt</strong></span> <span class='ocrx_word' id='word_1_38' title='bbox 2110 703 2370 757; x_wconf 84' lang='lat' dir='ltr'><strong>adversus</strong></span> 
     </span>
    </p>
   </div>
   <div class='ocr_carea' id='block_1_7' title="bbox 803 817 1000 859">
    <p class='ocr_par' dir='ltr' id='par_1_7' title="bbox 803 817 1000 859">
     <span class='ocr_line' id='line_1_7' title="bbox 803 817 1000 859; baseline 0.02 -4"><span class='ocrx_word' id='word_1_39' title='bbox 803 817 948 856; x_wconf 89' lang='lat' dir='ltr'><strong>eam.</strong></span> <span class='ocrx_word' id='word_1_40' title='bbox 998 856 1000 859; x_wconf 79' lang='grc'><strong>,</strong></span> 
     </span>
    </p>
   </div>
   <div class='ocr_carea' id='block_1_8' title="bbox 2467 687 4030 776">
    <p class='ocr_par' dir='ltr' id='par_1_8' title="bbox 2467 687 4030 776">
     <span class='ocr_line' id='line_1_8' title="bbox 2467 687 4030 776; baseline -0.006 -28"><span class='ocrx_word' id='word_1_41' title='bbox 2467 699 2586 749; x_wconf 85' lang='grc' dir='ltr'>σίαν</span> <span class='ocrx_word' id='word_1_42' title='bbox 2611 698 2668 749; x_wconf 87' lang='grc' dir='ltr'>δὲ</span> <span class='ocrx_word' id='word_1_43' title='bbox 2700 693 2864 749; x_wconf 81' lang='grc' dir='ltr'>αὑτοῦ</span> <span class='ocrx_word' id='word_1_44' title='bbox 2893 695 2988 764; x_wconf 77' lang='grc' dir='ltr'>τὴν</span> <span class='ocrx_word' id='word_1_45' title='bbox 3021 693 3114 746; x_wconf 72' lang='grc' dir='ltr'><strong>ἐπὶ</strong></span> <span class='ocrx_word' id='word_1_46' title='bbox 3154 691 3255 762; x_wconf 80' lang='grc' dir='ltr'>τὴν</span> <span class='ocrx_word' id='word_1_47' title='bbox 3294 691 3501 776; x_wconf 75' lang='grc' dir='ltr'>πέτραν</span> <span class='ocrx_word' id='word_1_48' title='bbox 3541 687 4030 760; x_wconf 84' lang='grc' dir='ltr'><strong>τεθεμελιωμένην,</strong></span> 
     </span>
    </p>
   </div>
   <div class='ocr_carea' id='block_1_9' title="bbox 2468 776 4031 861">
    <p class='ocr_par' dir='ltr' id='par_1_9' title="bbox 2468 776 4031 861">
     <span class='ocr_line' id='line_1_9' title="bbox 2468 776 4031 861; baseline -0.009 -18"><span class='ocrx_word' id='word_1_49' title='bbox 2468 787 2530 861; x_wconf 69' lang='grc' dir='ltr'><strong>ἧς</strong></span> <span class='ocrx_word' id='word_1_50' title='bbox 2554 776 2735 842; x_wconf 79' lang='grc' dir='ltr'>πύλαι</span> <span class='ocrx_word' id='word_1_51' title='bbox 2756 787 2880 858; x_wconf 68' lang='grc' dir='ltr'>ᾅδου</span> <span class='ocrx_word' id='word_1_52' title='bbox 2911 785 2972 837; x_wconf 81' lang='grc' dir='ltr'>οὐ</span> <span class='ocrx_word' id='word_1_53' title='bbox 3013 782 3419 853; x_wconf 80' lang='grc' dir='ltr'>κατισχύσουσι,</span> <span class='ocrx_word' id='word_1_54' title='bbox 3460 782 3548 835; x_wconf 90' lang='grc' dir='ltr'>διὰ</span> <span class='ocrx_word' id='word_1_55' title='bbox 3575 782 3674 852; x_wconf 81' lang='grc' dir='ltr'>τῆς</span> <span class='ocrx_word' id='word_1_56' title='bbox 3709 778 4031 849; x_wconf 73' lang='grc' dir='ltr'><strong>οἰκουμένης</strong></span> 
     </span>
    </p>
   </div>
   <div class='ocr_carea' id='block_1_10' title="bbox 804 859 4030 963">
    <p class='ocr_par' dir='ltr' id='par_1_10' title="bbox 804 859 4030 963">
     <span class='ocr_line' id='line_1_10' title="bbox 804 859 4030 963; baseline -0.007 -20"><span class='ocrx_word' id='word_1_57' title='bbox 804 894 832 943; x_wconf 86' lang='grc' dir='ltr'>ὁ</span> <span class='ocrx_word' id='word_1_58' title='bbox 860 894 1014 960; x_wconf 85' lang='grc' dir='ltr'>λόγος</span> <span class='ocrx_word' id='word_1_59' title='bbox 1048 859 1313 963; x_wconf 81' lang='grc' dir='ltr'><strong>σημήνας,</strong></span> <span class='ocrx_word' id='word_1_60' title='bbox 1356 897 1448 945; x_wconf 81' lang='grc' dir='ltr'><strong>καί</strong></span> <span class='ocrx_word' id='word_1_61' title='bbox 1482 908 1685 960; x_wconf 81' lang='grc' dir='ltr'>ταυτην</span> <span class='ocrx_word' id='word_1_62' title='bbox 1729 890 1943 959; x_wconf 79' lang='grc' dir='ltr'><strong>άληθῶς</strong></span> <span class='ocrx_word' id='word_1_63' title='bbox 1992 884 2351 958; x_wconf 76' lang='grc' dir='ltr'>ὲστερεῶσθαί</span> <span class='ocrx_word' id='word_1_64' title='bbox 2402 859 2584 952; x_wconf 83' lang='grc' dir='ltr'>φησιν,</span> <span class='ocrx_word' id='word_1_65' title='bbox 2618 882 2739 952; x_wconf 81' lang='grc' dir='ltr'>ἥτις</span> <span class='ocrx_word' id='word_1_66' title='bbox 2772 879 2831 932; x_wconf 81' lang='grc' dir='ltr'>οὑ</span> <span class='ocrx_word' id='word_1_67' title='bbox 2864 876 3268 947; x_wconf 73' lang='grc' dir='ltr'><strong>σαλευθήσετᾳι.</strong></span> <span class='ocrx_word' id='word_1_68' title='bbox 3305 873 3476 927; x_wconf 85' lang='grc' dir='ltr'><strong>Πύλαι</strong></span> <span class='ocrx_word' id='word_1_69' title='bbox 3520 873 3628 945; x_wconf 82' lang='grc' dir='ltr'><strong>γὰρ</strong></span> <span class='ocrx_word' id='word_1_70' title='bbox 3690 873 3818 943; x_wconf 75' lang='grc' dir='ltr'>ᾅδου</span> <span class='ocrx_word' id='word_1_71' title='bbox 3863 871 4030 928; x_wconf 72' lang='grc' dir='ltr'>αὐτῆς</span> 
     </span>
    </p>
   </div>
   <div class='ocr_carea' id='block_1_11' title="bbox 802 973 2491 1056">
    <p class='ocr_par' dir='ltr' id='par_1_11' title="bbox 802 973 2491 1056">
     <span class='ocr_line' id='line_1_11' title="bbox 802 973 2491 1056; baseline -0.007 -21"><span class='ocrx_word' id='word_1_72' title='bbox 802 984 863 1035; x_wconf 80' lang='grc' dir='ltr'>οὐ</span> <span class='ocrx_word' id='word_1_73' title='bbox 890 983 1302 1056; x_wconf 77' lang='grc' dir='ltr'>κατισχύσουσι,</span> <span class='ocrx_word' id='word_1_74' title='bbox 1337 981 1424 1035; x_wconf 80' lang='grc' dir='ltr'>διὰ</span> <span class='ocrx_word' id='word_1_75' title='bbox 1464 981 1524 1032; x_wconf 86' lang='grc' dir='ltr'>τὸ</span> <span class='ocrx_word' id='word_1_76' title='bbox 1554 977 1979 1050; x_wconf 85' lang='grc' dir='ltr'>τεθεμελιῶσθαι</span> <span class='ocrx_word' id='word_1_77' title='bbox 2018 976 2109 1028; x_wconf 75' lang='grc' dir='ltr'><strong>ἐπὶ</strong></span> <span class='ocrx_word' id='word_1_78' title='bbox 2143 975 2240 1045; x_wconf 84' lang='grc' dir='ltr'>τὴν</span> <span class='ocrx_word' id='word_1_79' title='bbox 2267 973 2491 1043; x_wconf 80' lang='grc' dir='ltr'>πέτραν.</span> 
     </span>
    </p>
   </div>
   <div class='ocr_carea' id='block_1_12' title="bbox 875 1077 2362 1158">
    <p class='ocr_par' dir='ltr' id='par_1_12' title="bbox 875 1077 2362 1158">
     <span class='ocr_line' id='line_1_12' title="bbox 875 1077 2362 1158; baseline -0.007 -10"><span class='ocrx_word' id='word_1_80' title='bbox 875 1094 1038 1148; x_wconf 68' lang='lat' dir='ltr'><strong>Vens.</strong></span> <span class='ocrx_word' id='word_1_81' title='bbox 1060 1095 1115 1158; x_wconf 74' lang='grc'><strong>2,</strong></span> <span class='ocrx_word' id='word_1_82' title='bbox 1138 1095 1191 1147; x_wconf 82' lang='grc'><strong>5.</strong></span> <span class='ocrx_word' id='word_1_83' title='bbox 1213 1093 1446 1147; x_wconf 81' lang='lat' dir='ltr'><strong>Paratus</strong></span> <span class='ocrx_word' id='word_1_84' title='bbox 1474 1092 1688 1144; x_wconf 78' lang='lat' dir='ltr'><strong>thronus</strong></span> <span class='ocrx_word' id='word_1_85' title='bbox 1721 1077 1839 1144; x_wconf 79' lang='lat' dir='ltr'><strong>tuus</strong></span> <span class='ocrx_word' id='word_1_86' title='bbox 1859 1105 1922 1143; x_wconf 81' lang='lat' dir='ltr'><strong>ea:</strong></span> <span class='ocrx_word' id='word_1_87' title='bbox 1942 1099 2092 1152; x_wconf 82' lang='lat' dir='ltr'><strong>tunc,</strong></span> <span class='ocrx_word' id='word_1_88' title='bbox 2111 1105 2143 1141; x_wconf 90' lang='lat' dir='ltr'><strong>a</strong></span> <span class='ocrx_word' id='word_1_89' title='bbox 2173 1084 2362 1141; x_wconf 70' lang='grc' dir='ltr'><strong>δαναιίο</strong></span> 
     </span>
    </p>
   </div>
   <div class='ocr_carea' id='block_1_13' title="bbox 802 1179 2361 1253">
    <p class='ocr_par' dir='ltr' id='par_1_13' title="bbox 802 1179 2361 1253">
     <span class='ocr_line' id='line_1_13' title="bbox 802 1179 2361 1253; baseline -0.006 -13"><span class='ocrx_word' id='word_1_90' title='bbox 802 1197 860 1242; x_wconf 83' lang='lat' dir='ltr'><strong>tu</strong></span> <span class='ocrx_word' id='word_1_91' title='bbox 886 1204 958 1241; x_wconf 87' lang='lat' dir='ltr'><strong>es.</strong></span> <span class='ocrx_word' id='word_1_92' title='bbox 993 1187 1337 1240; x_wconf 75' lang='lat' dir='ltr'><strong>Elevauerunt</strong></span> <span class='ocrx_word' id='word_1_93' title='bbox 1365 1185 1606 1253; x_wconf 79' lang='lat' dir='ltr'><strong>ﬁumina,</strong></span> <span class='ocrx_word' id='word_1_94' title='bbox 1645 1183 1884 1246; x_wconf 89' lang='lat' dir='ltr'><strong>Domine,</strong></span> <span class='ocrx_word' id='word_1_95' title='bbox 1904 1182 2229 1236; x_wconf 85' lang='lat' dir='ltr'><strong>elevaverunt</strong></span> <span class='ocrx_word' id='word_1_96' title='bbox 2257 1179 2361 1246; x_wconf 83' lang='lat' dir='ltr'><strong>ﬂu-</strong></span> 
     </span>
    </p>
   </div>
   <div class='ocr_carea' id='block_1_14' title="bbox 800 1270 2354 1342">
    <p class='ocr_par' dir='ltr' id='par_1_14' title="bbox 800 1270 2354 1342">
     <span class='ocr_line' id='line_1_14' title="bbox 800 1270 2354 1342; baseline -0.007 -10"><span class='ocrx_word' id='word_1_97' title='bbox 800 1280 943 1332; x_wconf 89' lang='lat' dir='ltr'><strong>mina</strong></span> <span class='ocrx_word' id='word_1_98' title='bbox 969 1294 1140 1334; x_wconf 81' lang='lat' dir='ltr'><strong>vocem</strong></span> <span class='ocrx_word' id='word_1_99' title='bbox 1168 1293 1342 1331; x_wconf 82' lang='lat' dir='ltr'><strong>suam.</strong></span> <span class='ocrx_word' id='word_1_100' title='bbox 1382 1275 1635 1330; x_wconf 83' lang='lat' dir='ltr'><strong>Thronu&#39;s</strong></span> <span class='ocrx_word' id='word_1_101' title='bbox 1687 1283 1834 1337; x_wconf 89' lang='lat' dir='ltr'><strong>tuus,</strong></span> <span class='ocrx_word' id='word_1_102' title='bbox 1881 1273 2079 1342; x_wconf 82' lang='lat' dir='ltr'><strong>inquit,</strong></span> <span class='ocrx_word' id='word_1_103' title='bbox 2110 1270 2354 1332; x_wconf 88' lang='lat' dir='ltr'><strong>Domine,</strong></span> 
     </span>
    </p>
   </div>
   <div class='ocr_carea' id='block_1_15' title="bbox 799 1361 2364 1437">
    <p class='ocr_par' dir='ltr' id='par_1_15' title="bbox 799 1361 2364 1437">
     <span class='ocr_line' id='line_1_15' title="bbox 799 1361 2364 1437; baseline -0.008 -12"><span class='ocrx_word' id='word_1_104' title='bbox 799 1388 909 1424; x_wconf 90' lang='lat' dir='ltr'><strong>non</strong></span> <span class='ocrx_word' id='word_1_105' title='bbox 934 1385 1082 1424; x_wconf 86' lang='lat' dir='ltr'><strong>nunc</strong></span> <span class='ocrx_word' id='word_1_106' title='bbox 1102 1369 1359 1437; x_wconf 87' lang='lat' dir='ltr'><strong>primum,</strong></span> <span class='ocrx_word' id='word_1_107' title='bbox 1395 1382 1518 1421; x_wconf 92' lang='lat' dir='ltr'><strong>cum</strong></span> <span class='ocrx_word' id='word_1_108' title='bbox 1554 1376 1677 1436; x_wconf 88' lang='lat' dir='ltr'><strong>post</strong></span> <span class='ocrx_word' id='word_1_109' title='bbox 1723 1365 2154 1420; x_wconf 62' lang='lat' dir='ltr'><strong>incarnationem</strong></span> <span class='ocrx_word' id='word_1_110' title='bbox 2185 1361 2240 1414; x_wconf 92' lang='lat' dir='ltr'><strong>in</strong></span> <span class='ocrx_word' id='word_1_111' title='bbox 2260 1375 2364 1414; x_wconf 68' lang='lat' dir='ltr'><strong>coe-</strong></span> 
     </span>
    </p>
   </div>
   <div class='ocr_carea' id='block_1_16' title="bbox 797 1454 2360 1530">
    <p class='ocr_par' dir='ltr' id='par_1_16' title="bbox 797 1454 2360 1530">
     <span class='ocr_line' id='line_1_16' title="bbox 797 1454 2360 1530; baseline -0.006 -14"><span class='ocrx_word' id='word_1_112' title='bbox 797 1463 910 1516; x_wconf 91' lang='lat' dir='ltr'><strong>lum</strong></span> <span class='ocrx_word' id='word_1_113' title='bbox 944 1461 1267 1524; x_wconf 83' lang='lat' dir='ltr'><strong>ascendlsti,</strong></span> <span class='ocrx_word' id='word_1_114' title='bbox 1300 1470 1631 1530; x_wconf 64' lang='lat' dir='ltr'><strong>praeparatus</strong></span> <span class='ocrx_word' id='word_1_115' title='bbox 1662 1467 1744 1514; x_wconf 79' lang='lat' dir='ltr'><strong>est</strong></span> <span class='ocrx_word' id='word_1_116' title='bbox 1771 1458 1906 1524; x_wconf 84' lang='lat' dir='ltr'><strong>tibi;</strong></span> <span class='ocrx_word' id='word_1_117' title='bbox 1949 1458 2058 1512; x_wconf 86' lang='lat' dir='ltr'><strong>imo</strong></span> <span class='ocrx_word' id='word_1_118' title='bbox 2086 1469 2212 1509; x_wconf 88' lang='lat' dir='ltr'><strong>vero</strong></span> <span class='ocrx_word' id='word_1_119' title='bbox 2251 1454 2360 1522; x_wconf 85' lang='lat' dir='ltr'><strong>jam</strong></span> 
     </span>
    </p>
   </div>
   <div class='ocr_carea' id='block_1_17' title="bbox 797 1547 2363 1619">
    <p class='ocr_par' dir='ltr' id='par_1_17' title="bbox 797 1547 2363 1619">
     <span class='ocr_line' id='line_1_17' title="bbox 797 1547 2363 1619; baseline -0.005 -11"><span class='ocrx_word' id='word_1_120' title='bbox 797 1555 925 1609; x_wconf 90' lang='lat' dir='ltr'><strong>olim</strong></span> <span class='ocrx_word' id='word_1_121' title='bbox 951 1561 1006 1608; x_wconf 89' lang='lat' dir='ltr'><strong>et</strong></span> <span class='ocrx_word' id='word_1_122' title='bbox 1034 1561 1158 1607; x_wconf 85' lang='lat' dir='ltr'><strong>ante</strong></span> <span class='ocrx_word' id='word_1_123' title='bbox 1179 1553 1360 1607; x_wconf 84' lang='lat' dir='ltr'><strong>omnia</strong></span> <span class='ocrx_word' id='word_1_124' title='bbox 1389 1552 1583 1606; x_wconf 65' lang='lat' dir='ltr'><strong>saecula</strong></span> <span class='ocrx_word' id='word_1_125' title='bbox 1614 1560 1740 1605; x_wconf 88' lang='lat' dir='ltr'><strong>tuus</strong></span> <span class='ocrx_word' id='word_1_126' title='bbox 1769 1555 1904 1613; x_wconf 88' lang='lat' dir='ltr'><strong>erat,</strong></span> <span class='ocrx_word' id='word_1_127' title='bbox 1933 1563 1996 1603; x_wconf 93' lang='lat' dir='ltr'><strong>ac</strong></span> <span class='ocrx_word' id='word_1_128' title='bbox 2026 1563 2238 1619; x_wconf 86' lang='lat' dir='ltr'><strong>semper</strong></span> <span class='ocrx_word' id='word_1_129' title='bbox 2268 1547 2363 1602; x_wconf 85' lang='lat' dir='ltr'><strong>tibi</strong></span> 
     </span>
    </p>
   </div>
   <div class='ocr_carea' id='block_1_18' title="bbox 797 1640 2363 1717">
    <p class='ocr_par' dir='ltr' id='par_1_18' title="bbox 797 1640 2363 1717">
     <span class='ocr_line' id='line_1_18' title="bbox 797 1640 2363 1717; baseline -0.005 -17"><span class='ocrx_word' id='word_1_130' title='bbox 797 1653 1021 1717; x_wconf 86' lang='lat' dir='ltr'><strong>para-tus</strong></span> <span class='ocrx_word' id='word_1_131' title='bbox 1070 1644 1190 1706; x_wconf 78' lang='lat' dir='ltr'><strong>fuit,</strong></span> <span class='ocrx_word' id='word_1_132' title='bbox 1236 1644 1491 1713; x_wconf 85' lang='lat' dir='ltr'><strong>quoniam</strong></span> <span class='ocrx_word' id='word_1_133' title='bbox 1547 1645 1662 1712; x_wconf 90' lang='lat' dir='ltr'><strong>ipse</strong></span> <span class='ocrx_word' id='word_1_134' title='bbox 1717 1657 1746 1694; x_wconf 86' lang='lat' dir='ltr'><strong>a</strong></span> <span class='ocrx_word' id='word_1_135' title='bbox 1807 1640 2026 1702; x_wconf 56' lang='lat' dir='ltr'><strong>saculo,</strong></span> <span class='ocrx_word' id='word_1_136' title='bbox 2075 1641 2184 1694; x_wconf 92' lang='lat' dir='ltr'><strong>imo</strong></span> <span class='ocrx_word' id='word_1_137' title='bbox 2238 1648 2363 1693; x_wconf 84' lang='lat' dir='ltr'><strong>ante</strong></span> 
     </span>
    </p>
   </div>
   <div class='ocr_carea' id='block_1_19' title="bbox 795 1731 2354 1801">
    <p class='ocr_par' dir='ltr' id='par_1_19' title="bbox 795 1731 2354 1801">
     <span class='ocr_line' id='line_1_19' title="bbox 795 1731 2354 1801; baseline -0.006 -10"><span class='ocrx_word' id='word_1_138' title='bbox 795 1733 977 1791; x_wconf 82' lang='lat' dir='ltr'><strong>omnia</strong></span> <span class='ocrx_word' id='word_1_139' title='bbox 1009 1736 1205 1790; x_wconf 61' lang='lat' dir='ltr'><strong>saecula</strong></span> <span class='ocrx_word' id='word_1_140' title='bbox 1235 1735 1476 1796; x_wconf 80' lang='lat' dir='ltr'><strong>exsistis,</strong></span> <span class='ocrx_word' id='word_1_141' title='bbox 1503 1742 1561 1786; x_wconf 91' lang='lat' dir='ltr'><strong>ut</strong></span> <span class='ocrx_word' id='word_1_142' title='bbox 1595 1734 1709 1801; x_wconf 88' lang='lat' dir='ltr'><strong>ipse</strong></span> <span class='ocrx_word' id='word_1_143' title='bbox 1747 1732 1978 1786; x_wconf 87' lang='lat' dir='ltr'><strong>docuisti</strong></span> <span class='ocrx_word' id='word_1_144' title='bbox 2009 1732 2095 1786; x_wconf 90' lang='lat' dir='ltr'><strong>his</strong></span> <span class='ocrx_word' id='word_1_145' title='bbox 2128 1731 2306 1785; x_wconf 87' lang='lat' dir='ltr'><strong>verbis</strong></span> <span class='ocrx_word' id='word_1_146' title='bbox 2343 1748 2354 1782; x_wconf 87' lang='lat'><strong><em>;</em></strong></span> 
     </span>
    </p>
   </div>
   <div class='ocr_carea' id='block_1_20' title="bbox 794 1820 2358 1885">
    <p class='ocr_par' dir='ltr' id='par_1_20' title="bbox 794 1820 2358 1885">
     <span class='ocr_line' id='line_1_20' title="bbox 794 1820 2358 1885; baseline -0.006 -7"><span class='ocrx_word' id='word_1_147' title='bbox 794 1825 1049 1880; x_wconf 85' lang='lat' dir='ltr'><strong>Dominus</strong></span> <span class='ocrx_word' id='word_1_148' title='bbox 1070 1825 1261 1878; x_wconf 82' lang='lat' dir='ltr'><strong>creavit</strong></span> <span class='ocrx_word' id='word_1_149' title='bbox 1286 1840 1369 1876; x_wconf 85' lang='lat' dir='ltr'><strong>me</strong></span> <span class='ocrx_word' id='word_1_150' title='bbox 1393 1824 1600 1876; x_wconf 87' lang='lat' dir='ltr'><strong>initium</strong></span> <span class='ocrx_word' id='word_1_151' title='bbox 1630 1823 1836 1876; x_wconf 80' lang='lat' dir='ltr'><strong>viarum</strong></span> <span class='ocrx_word' id='word_1_152' title='bbox 1863 1837 2081 1874; x_wconf 88' lang='lat' dir='ltr'><strong>suarum</strong></span> <span class='ocrx_word' id='word_1_153' title='bbox 2125 1820 2180 1872; x_wconf 89' lang='lat' dir='ltr'><strong>in</strong></span> <span class='ocrx_word' id='word_1_154' title='bbox 2203 1834 2358 1885; x_wconf 85' lang='lat' dir='ltr'><strong>opera</strong></span> 
     </span>
    </p>
   </div>
   <div class='ocr_carea' id='block_1_21' title="bbox 795 1912 2357 1981">
    <p class='ocr_par' dir='ltr' id='par_1_21' title="bbox 795 1912 2357 1981">
     <span class='ocr_line' id='line_1_21' title="bbox 795 1912 2357 1981; baseline -0.006 -13"><span class='ocrx_word' id='word_1_155' title='bbox 795 1916 1063 1971; x_wconf 83' lang='lat' dir='ltr'><strong>sua.Ante</strong></span> <span class='ocrx_word' id='word_1_156' title='bbox 1095 1915 1345 1968; x_wconf 68' lang='lat' dir='ltr'><strong>saeculum</strong></span> <span class='ocrx_word' id='word_1_157' title='bbox 1369 1912 1607 1981; x_wconf 78' lang='lat' dir='ltr'><strong>[undavit</strong></span> <span class='ocrx_word' id='word_1_158' title='bbox 1640 1927 1740 1972; x_wconf 89' lang='lat' dir='ltr'><strong>me,</strong></span> <span class='ocrx_word' id='word_1_159' title='bbox 1772 1919 1820 1963; x_wconf 90' lang='lat' dir='ltr'><strong>et</strong></span> <span class='ocrx_word' id='word_1_160' title='bbox 1845 1919 2124 1977; x_wconf 78' lang='lat' dir='ltr'><strong>antequam</strong></span> <span class='ocrx_word' id='word_1_161' title='bbox 2162 1916 2357 1959; x_wconf 80' lang='lat' dir='ltr'><strong>montes</strong></span> 
     </span>
    </p>
   </div>
   <div class='ocr_carea' id='block_1_22' title="bbox 2497 1074 4033 1149">
    <p class='ocr_par' dir='ltr' id='par_1_22' title="bbox 2497 1074 4033 1149">
     <span class='ocr_line' id='line_1_22' title="bbox 2497 1074 4033 1149; baseline 0 -16"><span class='ocrx_word' id='word_1_162' title='bbox 2497 1093 2502 1101; x_wconf 47' lang='lat'><em>=</em></span> <span class='ocrx_word' id='word_1_163' title='bbox 2543 1083 2816 1149; x_wconf 84' lang='grc' dir='ltr'>Ἕτοιμος</span> <span class='ocrx_word' id='word_1_164' title='bbox 2844 1079 2877 1131; x_wconf 83' lang='grc' dir='ltr'>ό</span> <span class='ocrx_word' id='word_1_165' title='bbox 2914 1075 3123 1144; x_wconf 82' lang='grc' dir='ltr'><strong>θρόνος</strong></span> <span class='ocrx_word' id='word_1_166' title='bbox 3155 1090 3270 1129; x_wconf 87' lang='grc' dir='ltr'>σου</span> <span class='ocrx_word' id='word_1_167' title='bbox 3297 1075 3414 1129; x_wconf 83' lang='grc' dir='ltr'><strong>ἀπὸ</strong></span> <span class='ocrx_word' id='word_1_168' title='bbox 3443 1075 3595 1139; x_wconf 82' lang='grc' dir='ltr'>τότε,</span> <span class='ocrx_word' id='word_1_169' title='bbox 3621 1074 3740 1130; x_wconf 76' lang='grc' dir='ltr'><strong>ἀπὸ</strong></span> <span class='ocrx_word' id='word_1_170' title='bbox 3768 1075 3876 1131; x_wconf 85' lang='grc' dir='ltr'><strong>τοῦ</strong></span> <span class='ocrx_word' id='word_1_171' title='bbox 3904 1078 4033 1132; x_wconf 67' lang='lat' dir='ltr'><strong>alti:-</strong></span> 
     </span>
    </p>
   </div>
   <div class='ocr_carea' id='block_1_23' title="bbox 2466 1165 4032 1239">
    <p class='ocr_par' dir='ltr' id='par_1_23' title="bbox 2466 1165 4032 1239">
     <span class='ocr_line' id='line_1_23' title="bbox 2466 1165 4032 1239; baseline -0.004 -12"><span class='ocrx_word' id='word_1_172' title='bbox 2466 1189 2572 1238; x_wconf 76' lang='grc' dir='ltr'><strong>νος</strong></span> <span class='ocrx_word' id='word_1_173' title='bbox 2602 1172 2682 1225; x_wconf 82' lang='grc' dir='ltr'><strong>σὺ</strong></span> <span class='ocrx_word' id='word_1_174' title='bbox 2728 1166 2800 1224; x_wconf 83' lang='grc' dir='ltr'><strong>εἷ.</strong></span> <span class='ocrx_word' id='word_1_175' title='bbox 2843 1165 3102 1234; x_wconf 64' lang='grc' dir='ltr'><strong>Ἐιιιῆραίιν⁵</strong></span> <span class='ocrx_word' id='word_1_176' title='bbox 3145 1169 3199 1219; x_wconf 81' lang='grc' dir='ltr'><strong>οι</strong></span> <span class='ocrx_word' id='word_1_177' title='bbox 3237 1167 3485 1236; x_wconf 76' lang='grc' dir='ltr'>ποταμοὶ</span> <span class='ocrx_word' id='word_1_178' title='bbox 3502 1205 3520 1231; x_wconf 88' lang='grc'><strong>,</strong></span> <span class='ocrx_word' id='word_1_179' title='bbox 3563 1168 3758 1236; x_wconf 81' lang='grc' dir='ltr'><strong>Κύριε,</strong></span> <span class='ocrx_word' id='word_1_180' title='bbox 3797 1167 4032 1239; x_wconf 76' lang='grc' dir='ltr'><strong>ἐπῆραν</strong></span> 
     </span>
    </p>
   </div>
   <div class='ocr_carea' id='block_1_24' title="bbox 2464 1257 4028 1333">
    <p class='ocr_par' dir='ltr' id='par_1_24' title="bbox 2464 1257 4028 1333">
     <span class='ocr_line' id='line_1_24' title="bbox 2464 1257 4028 1333; baseline -0.001 -15"><span class='ocrx_word' id='word_1_181' title='bbox 2464 1268 2517 1319; x_wconf 73' lang='grc' dir='ltr'><strong>οἱ</strong></span> <span class='ocrx_word' id='word_1_182' title='bbox 2558 1261 2812 1332; x_wconf 75' lang='grc' dir='ltr'>ποταμοὶ</span> <span class='ocrx_word' id='word_1_183' title='bbox 2866 1261 2981 1330; x_wconf 74' lang='grc' dir='ltr'><strong>τὴν</strong></span> <span class='ocrx_word' id='word_1_184' title='bbox 3036 1259 3244 1330; x_wconf 76' lang='grc' dir='ltr'><strong>φωνὴν</strong></span> <span class='ocrx_word' id='word_1_185' title='bbox 3287 1257 3500 1313; x_wconf 84' lang='grc' dir='ltr'>αὐτῶν.</span> <span class='ocrx_word' id='word_1_186' title='bbox 3571 1259 3628 1314; x_wconf 91' lang='grc' dir='ltr'>Ὁ</span> <span class='ocrx_word' id='word_1_187' title='bbox 3680 1260 3866 1333; x_wconf 79' lang='grc' dir='ltr'>θρόνος</span> <span class='ocrx_word' id='word_1_188' title='bbox 3915 1281 4028 1329; x_wconf 86' lang='grc' dir='ltr'>σου,</span> 
     </span>
    </p>
   </div>
   <div class='ocr_carea' id='block_1_25' title="bbox 2464 1348 4031 1427">
    <p class='ocr_par' dir='ltr' id='par_1_25' title="bbox 2464 1348 4031 1427">
     <span class='ocr_line' id='line_1_25' title="bbox 2464 1348 4031 1427; baseline 0.001 -19"><span class='ocrx_word' id='word_1_189' title='bbox 2464 1357 2647 1427; x_wconf 73' lang='grc' dir='ltr'>φησὶν,</span> <span class='ocrx_word' id='word_1_190' title='bbox 2674 1348 2719 1408; x_wconf 81' lang='grc' dir='ltr'>ὧ</span> <span class='ocrx_word' id='word_1_191' title='bbox 2753 1353 2944 1424; x_wconf 83' lang='grc' dir='ltr'>Κύριε,</span> <span class='ocrx_word' id='word_1_192' title='bbox 2975 1353 3036 1406; x_wconf 84' lang='grc' dir='ltr'>οὐ</span> <span class='ocrx_word' id='word_1_193' title='bbox 3070 1351 3163 1406; x_wconf 83' lang='grc' dir='ltr'><strong>νῦν</strong></span> <span class='ocrx_word' id='word_1_194' title='bbox 3195 1350 3430 1422; x_wconf 82' lang='grc' dir='ltr'>πρῶτον,</span> <span class='ocrx_word' id='word_1_195' title='bbox 3473 1353 3560 1405; x_wconf 83' lang='grc' dir='ltr'><strong>ὅτε</strong></span> <span class='ocrx_word' id='word_1_196' title='bbox 3592 1352 3730 1423; x_wconf 85' lang='grc' dir='ltr'>μετὰ</span> <span class='ocrx_word' id='word_1_197' title='bbox 3759 1353 3857 1425; x_wconf 83' lang='grc' dir='ltr'>τὴν</span> <span class='ocrx_word' id='word_1_198' title='bbox 3881 1358 4031 1409; x_wconf 80' lang='grc' dir='ltr'>ὲναν-</span> 
     </span>
    </p>
   </div>
   <div class='ocr_carea' id='block_1_26' title="bbox 2463 1437 4028 1516">
    <p class='ocr_par' dir='ltr' id='par_1_26' title="bbox 2463 1437 4028 1516">
     <span class='ocr_line' id='line_1_26' title="bbox 2463 1437 4028 1516; baseline 0.001 -20"><span class='ocrx_word' id='word_1_199' title='bbox 2463 1445 2743 1516; x_wconf 82' lang='grc' dir='ltr'>θρώπησιν</span> <span class='ocrx_word' id='word_1_200' title='bbox 2777 1445 2855 1506; x_wconf 79' lang='grc' dir='ltr'><strong>εἰς</strong></span> <span class='ocrx_word' id='word_1_201' title='bbox 2896 1440 3158 1512; x_wconf 84' lang='grc' dir='ltr'>οὐρανοὺς</span> <span class='ocrx_word' id='word_1_202' title='bbox 3212 1437 3564 1511; x_wconf 72' lang='grc' dir='ltr'>ἀνελήλυθας,</span> <span class='ocrx_word' id='word_1_203' title='bbox 3611 1444 4028 1516; x_wconf 75' lang='grc' dir='ltr'><strong>παρεσκευάσθη</strong></span> 
     </span>
    </p>
   </div>
   <div class='ocr_carea' id='block_1_27' title="bbox 2467 1531 4031 1606">
    <p class='ocr_par' dir='ltr' id='par_1_27' title="bbox 2467 1531 4031 1606">
     <span class='ocr_line' id='line_1_27' title="bbox 2467 1531 4031 1606; baseline 0.001 -18"><span class='ocrx_word' id='word_1_204' title='bbox 2467 1553 2577 1588; x_wconf 91' lang='grc' dir='ltr'>σοι·</span> <span class='ocrx_word' id='word_1_205' title='bbox 2617 1535 2753 1589; x_wconf 84' lang='grc' dir='ltr'>ἀλλὰ</span> <span class='ocrx_word' id='word_1_206' title='bbox 2787 1533 2881 1588; x_wconf 78' lang='grc' dir='ltr'><strong>καὶ</strong></span> <span class='ocrx_word' id='word_1_207' title='bbox 2909 1533 3075 1587; x_wconf 85' lang='grc' dir='ltr'>πάλαι</span> <span class='ocrx_word' id='word_1_208' title='bbox 3106 1532 3201 1586; x_wconf 74' lang='grc' dir='ltr'><strong>καὶ</strong></span> <span class='ocrx_word' id='word_1_209' title='bbox 3227 1531 3522 1603; x_wconf 74' lang='grc' dir='ltr'>πρόπαλαι,</span> <span class='ocrx_word' id='word_1_210' title='bbox 3552 1533 3646 1586; x_wconf 79' lang='grc' dir='ltr'><strong>καὶ</strong></span> <span class='ocrx_word' id='word_1_211' title='bbox 3680 1536 3786 1606; x_wconf 82' lang='grc' dir='ltr'>πρὸ</span> <span class='ocrx_word' id='word_1_212' title='bbox 3816 1537 4031 1590; x_wconf 89' lang='grc' dir='ltr'>πάντων</span> 
     </span>
    </p>
   </div>
   <div class='ocr_carea' id='block_1_28' title="bbox 2432 1622 4032 1700">
    <p class='ocr_par' dir='ltr' id='par_1_28' title="bbox 2432 1622 4032 1700">
     <span class='ocr_line' id='line_1_28' title="bbox 2432 1622 4032 1700; baseline 0.001 -19"><span class='ocrx_word' id='word_1_213' title='bbox 2432 1627 2674 1681; x_wconf 81' lang='grc' dir='ltr'><strong>ἀἰώνων</strong></span> <span class='ocrx_word' id='word_1_214' title='bbox 2714 1630 2803 1690; x_wconf 83' lang='grc' dir='ltr'><strong>σὸς</strong></span> <span class='ocrx_word' id='word_1_215' title='bbox 2843 1622 2933 1697; x_wconf 77' lang='grc' dir='ltr'>ἦν,</span> <span class='ocrx_word' id='word_1_216' title='bbox 2969 1625 3057 1680; x_wconf 82' lang='grc' dir='ltr'><strong>ἀεί</strong></span> <span class='ocrx_word' id='word_1_217' title='bbox 3107 1642 3167 1678; x_wconf 87' lang='grc' dir='ltr'><strong>τε</strong></span> <span class='ocrx_word' id='word_1_218' title='bbox 3210 1625 3302 1677; x_wconf 80' lang='grc' dir='ltr'>καὶ</span> <span class='ocrx_word' id='word_1_219' title='bbox 3358 1623 3447 1678; x_wconf 77' lang='grc' dir='ltr'>διὰ</span> <span class='ocrx_word' id='word_1_220' title='bbox 3503 1626 3709 1691; x_wconf 83' lang='grc' dir='ltr'>παντὸς</span> <span class='ocrx_word' id='word_1_221' title='bbox 3734 1629 4032 1700; x_wconf 83' lang='grc' dir='ltr'>ήτοίμαστό</span> 
     </span>
    </p>
   </div>
   <div class='ocr_carea' id='block_1_29' title="bbox 2468 1715 4032 1790">
    <p class='ocr_par' dir='ltr' id='par_1_29' title="bbox 2468 1715 4032 1790">
     <span class='ocr_line' id='line_1_29' title="bbox 2468 1715 4032 1790; baseline 0.002 -18"><span class='ocrx_word' id='word_1_222' title='bbox 2468 1737 2570 1781; x_wconf 77' lang='grc' dir='ltr'>σοι,</span> <span class='ocrx_word' id='word_1_223' title='bbox 2626 1718 2811 1788; x_wconf 75' lang='grc' dir='ltr'>ἐπειδὴ</span> <span class='ocrx_word' id='word_1_224' title='bbox 2863 1718 2957 1771; x_wconf 74' lang='grc' dir='ltr'>καὶ</span> <span class='ocrx_word' id='word_1_225' title='bbox 3003 1716 3165 1781; x_wconf 80' lang='grc' dir='ltr'>αὐτὸς</span> <span class='ocrx_word' id='word_1_226' title='bbox 3227 1715 3334 1769; x_wconf 83' lang='grc' dir='ltr'><strong>ἀπὸ</strong></span> <span class='ocrx_word' id='word_1_227' title='bbox 3397 1715 3490 1769; x_wconf 75' lang='grc' dir='ltr'><strong>τοῦ</strong></span> <span class='ocrx_word' id='word_1_228' title='bbox 3559 1717 3772 1782; x_wconf 84' lang='grc' dir='ltr'>αἰῶνος,</span> <span class='ocrx_word' id='word_1_229' title='bbox 3831 1721 4032 1790; x_wconf 77' lang='grc' dir='ltr'>μᾶλλον</span> 
     </span>
    </p>
   </div>
   <div class='ocr_carea' id='block_1_30' title="bbox 2465 1805 4031 1878">
    <p class='ocr_par' dir='ltr' id='par_1_30' title="bbox 2465 1805 4031 1878">
     <span class='ocr_line' id='line_1_30' title="bbox 2465 1805 4031 1878; baseline 0.004 -18"><span class='ocrx_word' id='word_1_230' title='bbox 2465 1809 2522 1861; x_wconf 80' lang='grc' dir='ltr'>δὲ</span> <span class='ocrx_word' id='word_1_231' title='bbox 2553 1809 2657 1878; x_wconf 86' lang='grc' dir='ltr'>πρὸ</span> <span class='ocrx_word' id='word_1_232' title='bbox 2693 1807 2907 1860; x_wconf 85' lang='grc' dir='ltr'>πάντων</span> <span class='ocrx_word' id='word_1_233' title='bbox 2953 1805 3166 1861; x_wconf 76' lang='grc' dir='ltr'>αἰώνων</span> <span class='ocrx_word' id='word_1_234' title='bbox 3224 1806 3509 1878; x_wconf 82' lang='grc' dir='ltr'><strong>ὑπάρχεις,</strong></span> <span class='ocrx_word' id='word_1_235' title='bbox 3548 1807 3624 1870; x_wconf 83' lang='grc' dir='ltr'><strong>ὡς</strong></span> <span class='ocrx_word' id='word_1_236' title='bbox 3660 1809 3819 1873; x_wconf 81' lang='grc' dir='ltr'>αὐτὸς</span> <span class='ocrx_word' id='word_1_237' title='bbox 3859 1811 4031 1866; x_wconf 81' lang='grc' dir='ltr'>ἐδίδα-</span> 
     </span>
    </p>
   </div>
   <div class='ocr_carea' id='block_1_31' title="bbox 2469 1897 4030 1968">
    <p class='ocr_par' dir='ltr' id='par_1_31' title="bbox 2469 1897 4030 1968">
     <span class='ocr_line' id='line_1_31' title="bbox 2469 1897 4030 1968; baseline 0.004 -18"><span class='ocrx_word' id='word_1_238' title='bbox 2469 1899 2563 1964; x_wconf 85' lang='grc' dir='ltr'>ξας</span> <span class='ocrx_word' id='word_1_239' title='bbox 2598 1898 2794 1951; x_wconf 85' lang='grc' dir='ltr'><strong>εἰπών·</strong></span> <span class='ocrx_word' id='word_1_240' title='bbox 2830 1899 3046 1966; x_wconf 84' lang='grc' dir='ltr'>Κύριος</span> <span class='ocrx_word' id='word_1_241' title='bbox 3066 1897 3270 1951; x_wconf 76' lang='grc' dir='ltr'>ἐκτισέ</span> <span class='ocrx_word' id='word_1_242' title='bbox 3303 1915 3382 1967; x_wconf 82' lang='grc' dir='ltr'>με</span> <span class='ocrx_word' id='word_1_243' title='bbox 3425 1898 3622 1968; x_wconf 78' lang='grc' dir='ltr'><strong>ἀρχὴν</strong></span> <span class='ocrx_word' id='word_1_244' title='bbox 3658 1899 3814 1953; x_wconf 83' lang='grc' dir='ltr'><em>ὁδῶν</em></span> <span class='ocrx_word' id='word_1_245' title='bbox 3845 1902 4030 1957; x_wconf 80' lang='grc' dir='ltr'>αὐτοῦ</span> 
     </span>
    </p>
   </div>
   <div class='ocr_carea' id='block_1_32' title="bbox 797 1988 2523 2074">
    <p class='ocr_par' dir='ltr' id='par_1_32' title="bbox 797 1993 2523 2074">
     <span class='ocr_line' id='line_1_32' title="bbox 797 1993 2523 2074; baseline -0.004 -15"><span class='ocrx_word' id='word_1_246' title='bbox 797 2008 1157 2074; x_wconf 75' lang='lat' dir='ltr'><strong>ﬁrmarentur,</strong></span> <span class='ocrx_word' id='word_1_247' title='bbox 1190 2013 1239 2058; x_wconf 89' lang='lat' dir='ltr'><strong>et</strong></span> <span class='ocrx_word' id='word_1_248' title='bbox 1268 2013 1388 2058; x_wconf 89' lang='lat' dir='ltr'><strong>ante</strong></span> <span class='ocrx_word' id='word_1_249' title='bbox 1409 2020 1582 2057; x_wconf 84' lang='lat' dir='ltr'><strong>omnes</strong></span> <span class='ocrx_word' id='word_1_250' title='bbox 1630 2002 1790 2056; x_wconf 83' lang='lat' dir='ltr'><strong>colles</strong></span> <span class='ocrx_word' id='word_1_251' title='bbox 1819 2001 1985 2070; x_wconf 78' lang='lat' dir='ltr'><strong>gignit</strong></span> <span class='ocrx_word' id='word_1_252' title='bbox 2019 2017 2098 2053; x_wconf 88' lang='lat' dir='ltr'><strong>me</strong></span> <span class='ocrx_word' id='word_1_253' title='bbox 2112 2000 2176 2053; x_wconf 80' lang='grc'><strong>³².</strong></span> <span class='ocrx_word' id='word_1_254' title='bbox 2213 1998 2362 2053; x_wconf 80' lang='lat' dir='ltr'><strong>Tuus</strong></span> <span class='ocrx_word' id='word_1_255' title='bbox 2394 2011 2434 2064; x_wconf 83' lang='grc' dir='ltr'><strong>Β</strong></span> <span class='ocrx_word' id='word_1_256' title='bbox 2461 1993 2523 2042; x_wconf 76' lang='grc' dir='ltr'><strong>εἱ‹</strong></span> 
     </span>
    </p>
   </div>
   <div class='ocr_carea' id='block_1_33' title="bbox 2302 1988 4028 2074">
    <p class='ocr_par' dir='ltr' id='par_1_33' title="bbox 2302 1988 4028 2064">
     <span class='ocr_line' id='line_1_33' title="bbox 2302 1988 4028 2064; baseline 0.003 -23"><span class='ocrx_word' id='word_1_257' title='bbox 2302 2015 2362 2053; x_wconf 68' lang='lat' dir='ltr'><strong>us</strong></span> <span class='ocrx_word' id='word_1_258' title='bbox 2394 2011 2434 2064; x_wconf 77' lang='grc' dir='ltr'><strong>Β</strong></span> <span class='ocrx_word' id='word_1_259' title='bbox 2461 1993 2548 2054; x_wconf 82' lang='grc' dir='ltr'><strong>είς</strong></span> <span class='ocrx_word' id='word_1_260' title='bbox 2577 1989 2718 2059; x_wconf 79' lang='grc' dir='ltr'>ἔργα</span> <span class='ocrx_word' id='word_1_261' title='bbox 2751 1990 2956 2043; x_wconf 86' lang='grc' dir='ltr'><strong>αὑτοῦ.</strong></span> <span class='ocrx_word' id='word_1_262' title='bbox 2996 1989 3119 2057; x_wconf 84' lang='grc' dir='ltr'><strong>Πρό</strong></span> <span class='ocrx_word' id='word_1_263' title='bbox 3153 1988 3262 2043; x_wconf 82' lang='grc' dir='ltr'><strong>τοῦ</strong></span> <span class='ocrx_word' id='word_1_264' title='bbox 3298 1988 3513 2056; x_wconf 68' lang='grc' dir='ltr'><strong>αἰῶνος</strong></span> <span class='ocrx_word' id='word_1_265' title='bbox 3545 1991 3907 2060; x_wconf 78' lang='grc' dir='ltr'>ἐθεμελίωσέ</span> <span class='ocrx_word' id='word_1_266' title='bbox 3932 2011 4028 2064; x_wconf 83' lang='grc' dir='ltr'>με,</span> 
     </span>
    </p>
   </div>
   <div class='ocr_carea' id='block_1_34' title="bbox 791 2079 2360 2166">
    <p class='ocr_par' dir='ltr' id='par_1_34' title="bbox 791 2079 2360 2166">
     <span class='ocr_line' id='line_1_34' title="bbox 791 2079 2360 2166; baseline -0.005 -16"><span class='ocrx_word' id='word_1_267' title='bbox 791 2098 974 2166; x_wconf 88' lang='lat' dir='ltr'><strong>itaque</strong></span> <span class='ocrx_word' id='word_1_268' title='bbox 1006 2097 1238 2150; x_wconf 81' lang='lat' dir='ltr'><strong>thronus</strong></span> <span class='ocrx_word' id='word_1_269' title='bbox 1268 2103 1385 2150; x_wconf 85' lang='lat' dir='ltr'><strong>erat</strong></span> <span class='ocrx_word' id='word_1_270' title='bbox 1418 2094 1580 2148; x_wconf 86' lang='lat' dir='ltr'><strong>etiam</strong></span> <span class='ocrx_word' id='word_1_271' title='bbox 1607 2100 1731 2146; x_wconf 84' lang='lat' dir='ltr'><strong>ante</strong></span> <span class='ocrx_word' id='word_1_272' title='bbox 1759 2092 1940 2145; x_wconf 90' lang='lat' dir='ltr'><strong>omnia</strong></span> <span class='ocrx_word' id='word_1_273' title='bbox 1972 2092 2168 2145; x_wconf 59' lang='lat' dir='ltr'><strong>sarcula</strong></span> <span class='ocrx_word' id='word_1_274' title='bbox 2207 2079 2228 2143; x_wconf 72' lang='grc' dir='ltr'><strong>ε’</strong></span> <span class='ocrx_word' id='word_1_275' title='bbox 2254 2091 2360 2143; x_wconf 90' lang='lat' dir='ltr'><strong>imo</strong></span> 
     </span>
    </p>
   </div>
   <div class='ocr_carea' id='block_1_35' title="bbox 789 2179 2359 2256">
    <p class='ocr_par' dir='ltr' id='par_1_35' title="bbox 789 2179 2359 2256">
     <span class='ocr_line' id='line_1_35' title="bbox 789 2179 2359 2256; baseline -0.007 -15"><span class='ocrx_word' id='word_1_276' title='bbox 789 2195 844 2241; x_wconf 91' lang='lat' dir='ltr'><strong>et</strong></span> <span class='ocrx_word' id='word_1_277' title='bbox 871 2184 1086 2256; x_wconf 85' lang='lat' dir='ltr'><strong>quando</strong></span> <span class='ocrx_word' id='word_1_278' title='bbox 1101 2184 1447 2239; x_wconf 86' lang='lat' dir='ltr'><strong>exinani-visti</strong></span> <span class='ocrx_word' id='word_1_279' title='bbox 1464 2183 1841 2251; x_wconf 80' lang='lat' dir='ltr'><strong>temetipsum,</strong></span> <span class='ocrx_word' id='word_1_280' title='bbox 1869 2196 1931 2235; x_wconf 88' lang='lat' dir='ltr'><strong>ac</strong></span> <span class='ocrx_word' id='word_1_281' title='bbox 1959 2182 2103 2236; x_wconf 84' lang='lat' dir='ltr'><strong>servi</strong></span> <span class='ocrx_word' id='word_1_282' title='bbox 2129 2179 2359 2234; x_wconf 79' lang='lat' dir='ltr'><strong>formam</strong></span> 
     </span>
    </p>
   </div>
   <div class='ocr_carea' id='block_1_36' title="bbox 785 2269 2360 2345">
    <p class='ocr_par' dir='ltr' id='par_1_36' title="bbox 785 2269 2360 2345">
     <span class='ocr_line' id='line_1_36' title="bbox 785 2269 2360 2345; baseline -0.004 -16"><span class='ocrx_word' id='word_1_283' title='bbox 785 2275 1068 2345; x_wconf 77' lang='lat' dir='ltr'><strong>accepisti,</strong></span> <span class='ocrx_word' id='word_1_284' title='bbox 1102 2274 1200 2327; x_wconf 90' lang='lat' dir='ltr'><strong>tibi</strong></span> <span class='ocrx_word' id='word_1_285' title='bbox 1239 2273 1437 2327; x_wconf 89' lang='lat' dir='ltr'><strong>iterum</strong></span> <span class='ocrx_word' id='word_1_286' title='bbox 1463 2281 1685 2341; x_wconf 88' lang='lat' dir='ltr'><strong>paratus</strong></span> <span class='ocrx_word' id='word_1_287' title='bbox 1718 2271 2070 2335; x_wconf 87' lang='lat' dir='ltr'><strong>servabatur,</strong></span> <span class='ocrx_word' id='word_1_288' title='bbox 2098 2271 2225 2340; x_wconf 86' lang='lat' dir='ltr'><strong>quia</strong></span> <span class='ocrx_word' id='word_1_289' title='bbox 2262 2269 2360 2322; x_wconf 91' lang='lat' dir='ltr'><strong>tibi</strong></span> 
     </span>
    </p>
   </div>
   <div class='ocr_carea' id='block_1_37' title="bbox 788 2357 2360 2423">
    <p class='ocr_par' dir='ltr' id='par_1_37' title="bbox 788 2357 2360 2423">
     <span class='ocr_line' id='line_1_37' title="bbox 788 2357 2360 2423; baseline -0.005 -3"><span class='ocrx_word' id='word_1_290' title='bbox 788 2366 890 2420; x_wconf 86' lang='lat' dir='ltr'><strong>soli</strong></span> <span class='ocrx_word' id='word_1_291' title='bbox 940 2380 1003 2420; x_wconf 85' lang='lat' dir='ltr'><strong>ac</strong></span> <span class='ocrx_word' id='word_1_292' title='bbox 1048 2365 1252 2419; x_wconf 89' lang='lat' dir='ltr'><strong>nemini</strong></span> <span class='ocrx_word' id='word_1_293' title='bbox 1300 2364 1392 2417; x_wconf 88' lang='lat' dir='ltr'><strong>alii</strong></span> <span class='ocrx_word' id='word_1_294' title='bbox 1422 2378 1451 2416; x_wconf 86' lang='lat' dir='ltr'><strong>a</strong></span> <span class='ocrx_word' id='word_1_295' title='bbox 1480 2361 1644 2416; x_wconf 87' lang='lat' dir='ltr'><strong>Patre</strong></span> <span class='ocrx_word' id='word_1_296' title='bbox 1676 2361 1882 2415; x_wconf 90' lang='lat' dir='ltr'><strong>dictum</strong></span> <span class='ocrx_word' id='word_1_297' title='bbox 1920 2359 2118 2423; x_wconf 81' lang='lat' dir='ltr'><strong>fuerat,</strong></span> <span class='ocrx_word' id='word_1_298' title='bbox 2158 2357 2290 2413; x_wconf 77' lang='lat' dir='ltr'><strong>Sede</strong></span> <span class='ocrx_word' id='word_1_299' title='bbox 2327 2376 2360 2412; x_wconf 90' lang='lat' dir='ltr'><strong>a</strong></span> 
     </span>
    </p>
   </div>
   <div class='ocr_carea' id='block_1_38' title="bbox 786 2451 2359 2521">
    <p class='ocr_par' dir='ltr' id='par_1_38' title="bbox 786 2451 2359 2521">
     <span class='ocr_line' id='line_1_38' title="bbox 786 2451 2359 2521; baseline -0.005 -11"><span class='ocrx_word' id='word_1_300' title='bbox 786 2456 985 2511; x_wconf 74' lang='lat' dir='ltr'><strong>dextris</strong></span> <span class='ocrx_word' id='word_1_301' title='bbox 1037 2455 1186 2516; x_wconf 85' lang='lat' dir='ltr'><strong>meis,</strong></span> <span class='ocrx_word' id='word_1_302' title='bbox 1220 2455 1386 2507; x_wconf 85' lang='lat' dir='ltr'><strong>donec</strong></span> <span class='ocrx_word' id='word_1_303' title='bbox 1422 2469 1613 2521; x_wconf 88' lang='lat' dir='ltr'><strong>ponam</strong></span> <span class='ocrx_word' id='word_1_304' title='bbox 1650 2453 1890 2504; x_wconf 85' lang='lat' dir='ltr'><strong>inimicos</strong></span> <span class='ocrx_word' id='word_1_305' title='bbox 1925 2459 2039 2504; x_wconf 82' lang='lat' dir='ltr'><strong>tuos</strong></span> <span class='ocrx_word' id='word_1_306' title='bbox 2074 2451 2359 2504; x_wconf 80' lang='lat' dir='ltr'><strong>scabeilum</strong></span> 
     </span>
    </p>
   </div>
   <div class='ocr_carea' id='block_1_39' title="bbox 781 2542 2355 2617">
    <p class='ocr_par' dir='ltr' id='par_1_39' title="bbox 781 2542 2355 2617">
     <span class='ocr_line' id='line_1_39' title="bbox 781 2542 2355 2617; baseline -0.007 -14"><span class='ocrx_word' id='word_1_307' title='bbox 781 2549 970 2617; x_wconf 65' lang='lat' dir='ltr'><strong>pedum</strong></span> <span class='ocrx_word' id='word_1_308' title='bbox 997 2556 1206 2600; x_wconf 88' lang='lat' dir='ltr'><strong>tuorum</strong></span> <span class='ocrx_word' id='word_1_309' title='bbox 1221 2546 1282 2597; x_wconf 80' lang='grc'><strong>³⁸.</strong></span> <span class='ocrx_word' id='word_1_310' title='bbox 1299 2543 1390 2599; x_wconf 87' lang='lat' dir='ltr'><strong>Sic</strong></span> <span class='ocrx_word' id='word_1_311' title='bbox 1413 2545 1577 2614; x_wconf 79' lang='lat' dir='ltr'><strong>igitur</strong></span> <span class='ocrx_word' id='word_1_312' title='bbox 1596 2549 1825 2613; x_wconf 86' lang='lat' dir='ltr'><strong>paratus</strong></span> <span class='ocrx_word' id='word_1_313' title='bbox 1850 2542 1946 2595; x_wconf 91' lang='lat' dir='ltr'><strong>tibi</strong></span> <span class='ocrx_word' id='word_1_314' title='bbox 1967 2542 2196 2596; x_wconf 84' lang='lat' dir='ltr'><strong>thronus</strong></span> <span class='ocrx_word' id='word_1_315' title='bbox 2218 2549 2355 2604; x_wconf 90' lang='lat' dir='ltr'><strong>erat,</strong></span> 
     </span>
    </p>
   </div>
   <div class='ocr_carea' id='block_1_40' title="bbox 783 2632 2357 2709">
    <p class='ocr_par' dir='ltr' id='par_1_40' title="bbox 783 2632 2357 2709">
     <span class='ocr_line' id='line_1_40' title="bbox 783 2632 2357 2709; baseline -0.004 -14"><span class='ocrx_word' id='word_1_316' title='bbox 783 2641 840 2695; x_wconf 89' lang='lat' dir='ltr'><strong>in</strong></span> <span class='ocrx_word' id='word_1_317' title='bbox 871 2654 979 2709; x_wconf 90' lang='lat' dir='ltr'><strong>quo</strong></span> <span class='ocrx_word' id='word_1_318' title='bbox 1005 2645 1067 2691; x_wconf 92' lang='lat' dir='ltr'><strong>ut</strong></span> <span class='ocrx_word' id='word_1_319' title='bbox 1095 2651 1278 2690; x_wconf 90' lang='lat' dir='ltr'><strong>secum</strong></span> <span class='ocrx_word' id='word_1_320' title='bbox 1327 2637 1566 2700; x_wconf 85' lang='lat' dir='ltr'><strong>sederes,</strong></span> <span class='ocrx_word' id='word_1_321' title='bbox 1599 2636 1691 2704; x_wconf 88' lang='lat' dir='ltr'><strong>qui</strong></span> <span class='ocrx_word' id='word_1_322' title='bbox 1714 2641 1776 2688; x_wconf 81' lang='lat' dir='ltr'><strong>te</strong></span> <span class='ocrx_word' id='word_1_323' title='bbox 1806 2633 2010 2703; x_wconf 83' lang='lat' dir='ltr'><strong>genuit,</strong></span> <span class='ocrx_word' id='word_1_324' title='bbox 2036 2632 2196 2687; x_wconf 85' lang='lat' dir='ltr'><strong>Pater</strong></span> <span class='ocrx_word' id='word_1_325' title='bbox 2221 2649 2357 2704; x_wconf 69' lang='lat' dir='ltr'><strong>pra:-</strong></span> 
     </span>
    </p>
   </div>
   <div class='ocr_carea' id='block_1_41' title="bbox 784 2727 2357 2802">
    <p class='ocr_par' dir='ltr' id='par_1_41' title="bbox 784 2727 2357 2802">
     <span class='ocr_line' id='line_1_41' title="bbox 784 2727 2357 2802; baseline -0.005 -16"><span class='ocrx_word' id='word_1_326' title='bbox 784 2730 946 2802; x_wconf 86' lang='lat' dir='ltr'><strong>cepit.</strong></span> <span class='ocrx_word' id='word_1_327' title='bbox 968 2729 1306 2797; x_wconf 78' lang='lat' dir='ltr'><strong>Paratusque</strong></span> <span class='ocrx_word' id='word_1_328' title='bbox 1330 2735 1446 2782; x_wconf 89' lang='lat' dir='ltr'><strong>erat</strong></span> <span class='ocrx_word' id='word_1_329' title='bbox 1478 2744 1543 2782; x_wconf 81' lang='lat' dir='ltr'><strong>ex</strong></span> <span class='ocrx_word' id='word_1_330' title='bbox 1573 2735 1722 2795; x_wconf 89' lang='lat' dir='ltr'><strong>tunc,</strong></span> <span class='ocrx_word' id='word_1_331' title='bbox 1755 2744 1784 2783; x_wconf 89' lang='lat' dir='ltr'><strong>a</strong></span> <span class='ocrx_word' id='word_1_332' title='bbox 1819 2727 2020 2784; x_wconf 73' lang='lat' dir='ltr'><strong>saeculo</strong></span> <span class='ocrx_word' id='word_1_333' title='bbox 2055 2745 2068 2780; x_wconf 92' lang='lat'>:</span> <span class='ocrx_word' id='word_1_334' title='bbox 2101 2727 2357 2796; x_wconf 88' lang='lat' dir='ltr'><strong>quoniam</strong></span> 
     </span>
    </p>
   </div>
   <div class='ocr_carea' id='block_1_42' title="bbox 783 2815 2358 2891">
    <p class='ocr_par' dir='ltr' id='par_1_42' title="bbox 783 2815 2358 2891">
     <span class='ocr_line' id='line_1_42' title="bbox 783 2815 2358 2891; baseline -0.002 -17"><span class='ocrx_word' id='word_1_335' title='bbox 783 2829 839 2875; x_wconf 83' lang='lat' dir='ltr'><strong>tu</strong></span> <span class='ocrx_word' id='word_1_336' title='bbox 873 2821 988 2891; x_wconf 81' lang='lat' dir='ltr'><strong>ipse</strong></span> <span class='ocrx_word' id='word_1_337' title='bbox 1020 2834 1051 2872; x_wconf 90' lang='lat' dir='ltr'><strong>a</strong></span> <span class='ocrx_word' id='word_1_338' title='bbox 1074 2818 1273 2873; x_wconf 67' lang='lat' dir='ltr'><strong>saaculo</strong></span> <span class='ocrx_word' id='word_1_339' title='bbox 1301 2832 1380 2872; x_wconf 91' lang='lat' dir='ltr'><strong>es.</strong></span> <span class='ocrx_word' id='word_1_340' title='bbox 1403 2816 1522 2871; x_wconf 81' lang='lat' dir='ltr'><strong>Non</strong></span> <span class='ocrx_word' id='word_1_341' title='bbox 1554 2818 1630 2871; x_wconf 86' lang='lat' dir='ltr'><strong>ait</strong></span> <span class='ocrx_word' id='word_1_342' title='bbox 1659 2859 1673 2882; x_wconf 96' lang='lat'><strong>,</strong></span> <span class='ocrx_word' id='word_1_343' title='bbox 1700 2831 1853 2881; x_wconf 83' lang='lat' dir='ltr'><strong>eras;</strong></span> <span class='ocrx_word' id='word_1_344' title='bbox 1884 2817 2002 2882; x_wconf 90' lang='lat' dir='ltr'><strong>sed,</strong></span> <span class='ocrx_word' id='word_1_345' title='bbox 2028 2834 2102 2871; x_wconf 84' lang='lat' dir='ltr'><strong>es.</strong></span> <span class='ocrx_word' id='word_1_346' title='bbox 2127 2815 2261 2870; x_wconf 87' lang='lat' dir='ltr'><strong>Nam</strong></span> <span class='ocrx_word' id='word_1_347' title='bbox 2291 2817 2358 2871; x_wconf 89' lang='lat' dir='ltr'><strong>de</strong></span> 
     </span>
    </p>
   </div>
   <div class='ocr_carea' id='block_1_43' title="bbox 782 2907 2358 2979">
    <p class='ocr_par' dir='ltr' id='par_1_43' title="bbox 782 2907 2358 2979">
     <span class='ocr_line' id='line_1_43' title="bbox 782 2907 2358 2979; baseline -0.003 -14"><span class='ocrx_word' id='word_1_348' title='bbox 782 2924 834 2969; x_wconf 85' lang='lat' dir='ltr'><strong>te</strong></span> <span class='ocrx_word' id='word_1_349' title='bbox 862 2914 978 2969; x_wconf 93' lang='lat' dir='ltr'><strong>solo</strong></span> <span class='ocrx_word' id='word_1_350' title='bbox 1009 2912 1118 2967; x_wconf 90' lang='lat' dir='ltr'><strong>dici</strong></span> <span class='ocrx_word' id='word_1_351' title='bbox 1154 2909 1431 2976; x_wconf 88' lang='lat' dir='ltr'><strong>convenit,</strong></span> <span class='ocrx_word' id='word_1_352' title='bbox 1460 2927 1538 2966; x_wconf 78' lang='lat' dir='ltr'><strong>es.</strong></span> <span class='ocrx_word' id='word_1_353' title='bbox 1573 2910 1753 2975; x_wconf 79' lang='lat' dir='ltr'><strong>Quare</strong></span> <span class='ocrx_word' id='word_1_354' title='bbox 1782 2910 1914 2964; x_wconf 91' lang='lat' dir='ltr'><strong>alibi</strong></span> <span class='ocrx_word' id='word_1_355' title='bbox 1944 2924 2162 2979; x_wconf 90' lang='lat' dir='ltr'><strong>quoquc</strong></span> <span class='ocrx_word' id='word_1_356' title='bbox 2217 2907 2358 2962; x_wconf 91' lang='lat' dir='ltr'><strong>dici-</strong></span> 
     </span>
    </p>
   </div>
   <div class='ocr_carea' id='block_1_44' title="bbox 780 3000 2351 3070">
    <p class='ocr_par' dir='ltr' id='par_1_44' title="bbox 780 3000 2351 3070">
     <span class='ocr_line' id='line_1_44' title="bbox 780 3000 2351 3070; baseline -0.001 -13"><span class='ocrx_word' id='word_1_357' title='bbox 780 3013 890 3067; x_wconf 88' lang='lat' dir='ltr'><strong>tur,</strong></span> <span class='ocrx_word' id='word_1_358' title='bbox 939 3004 1017 3057; x_wconf 90' lang='lat' dir='ltr'><strong>Tu</strong></span> <span class='ocrx_word' id='word_1_359' title='bbox 1071 3012 1243 3056; x_wconf 89' lang='lat' dir='ltr'><strong>autem</strong></span> <span class='ocrx_word' id='word_1_360' title='bbox 1292 3003 1400 3070; x_wconf 70' lang='lat' dir='ltr'><strong>ipse</strong></span> <span class='ocrx_word' id='word_1_361' title='bbox 1422 3019 1494 3063; x_wconf 87' lang='lat' dir='ltr'><strong>es,</strong></span> <span class='ocrx_word' id='word_1_362' title='bbox 1520 3013 1569 3055; x_wconf 88' lang='lat' dir='ltr'><strong>et</strong></span> <span class='ocrx_word' id='word_1_363' title='bbox 1601 3004 1739 3055; x_wconf 77' lang='lat' dir='ltr'><strong>anni&#39;</strong></span> <span class='ocrx_word' id='word_1_364' title='bbox 1767 3003 1846 3054; x_wconf 88' lang='lat' dir='ltr'><strong>tui</strong></span> <span class='ocrx_word' id='word_1_365' title='bbox 1894 3018 1999 3055; x_wconf 84' lang='lat' dir='ltr'><strong>non</strong></span> <span class='ocrx_word' id='word_1_366' title='bbox 2030 3000 2351 3069; x_wconf 70' lang='lat' dir='ltr'><strong>deﬁcient&quot;.</strong></span> 
     </span>
    </p>
   </div>
   <div class='ocr_carea' id='block_1_45' title="bbox 780 3085 2357 3167">
    <p class='ocr_par' dir='ltr' id='par_1_45' title="bbox 780 3085 2357 3167">
     <span class='ocr_line' id='line_1_45' title="bbox 780 3085 2357 3167; baseline -0.002 -18"><span class='ocrx_word' id='word_1_367' title='bbox 780 3093 935 3151; x_wconf 81' lang='lat' dir='ltr'><strong>Hunc</strong></span> <span class='ocrx_word' id='word_1_368' title='bbox 963 3111 1126 3167; x_wconf 88' lang='lat' dir='ltr'><strong>porro</strong></span> <span class='ocrx_word' id='word_1_369' title='bbox 1161 3096 1419 3149; x_wconf 89' lang='lat' dir='ltr'><strong>thronum</strong></span> <span class='ocrx_word' id='word_1_370' title='bbox 1451 3094 1507 3147; x_wconf 89' lang='lat' dir='ltr'><strong>in</strong></span> <span class='ocrx_word' id='word_1_371' title='bbox 1547 3093 1655 3145; x_wconf 89' lang='lat' dir='ltr'><strong>alio</strong></span> <span class='ocrx_word' id='word_1_372' title='bbox 1682 3109 1899 3162; x_wconf 88' lang='lat' dir='ltr'><strong>quoque</strong></span> <span class='ocrx_word' id='word_1_373' title='bbox 1933 3085 2145 3162; x_wconf 82' lang='lat' dir='ltr'><strong>psalmo</strong></span> <span class='ocrx_word' id='word_1_374' title='bbox 2182 3092 2357 3163; x_wconf 85' lang='lat' dir='ltr'><strong>Spiri-</strong></span> 
     </span>
    </p>
   </div>
   <div class='ocr_carea' id='block_1_46' title="bbox 776 3182 2354 3248">
    <p class='ocr_par' dir='ltr' id='par_1_46' title="bbox 776 3182 2354 3248">
     <span class='ocr_line' id='line_1_46' title="bbox 776 3182 2354 3248; baseline -0.001 -9"><span class='ocrx_word' id='word_1_375' title='bbox 776 3193 868 3241; x_wconf 78' lang='lat' dir='ltr'><strong>tus</strong></span> <span class='ocrx_word' id='word_1_376' title='bbox 907 3195 1130 3240; x_wconf 87' lang='lat' dir='ltr'><strong>sanctus</strong></span> <span class='ocrx_word' id='word_1_377' title='bbox 1159 3184 1364 3237; x_wconf 88' lang='lat' dir='ltr'><strong>indicat</strong></span> <span class='ocrx_word' id='word_1_378' title='bbox 1391 3182 1576 3237; x_wconf 88' lang='lat' dir='ltr'><strong>dicens</strong></span> <span class='ocrx_word' id='word_1_379' title='bbox 1610 3200 1622 3235; x_wconf 95' lang='lat'>:</span> <span class='ocrx_word' id='word_1_380' title='bbox 1662 3182 1899 3236; x_wconf 83' lang='lat' dir='ltr'><strong>Thronus</strong></span> <span class='ocrx_word' id='word_1_381' title='bbox 1934 3193 2078 3248; x_wconf 88' lang='lat' dir='ltr'><strong>tuus,</strong></span> <span class='ocrx_word' id='word_1_382' title='bbox 2108 3183 2274 3246; x_wconf 80' lang='lat' dir='ltr'><strong>Deus,</strong></span> <span class='ocrx_word' id='word_1_383' title='bbox 2299 3185 2354 3238; x_wconf 87' lang='lat' dir='ltr'><strong>in</strong></span> 
     </span>
    </p>
   </div>
   <div class='ocr_carea' id='block_1_47' title="bbox 773 3275 2347 3346">
    <p class='ocr_par' dir='ltr' id='par_1_47' title="bbox 773 3275 2347 3346">
     <span class='ocr_line' id='line_1_47' title="bbox 773 3275 2347 3346; baseline -0.001 -15"><span class='ocrx_word' id='word_1_384' title='bbox 773 3279 1029 3332; x_wconf 63' lang='lat' dir='ltr'><strong>srculum</strong></span> <span class='ocrx_word' id='word_1_385' title='bbox 1063 3276 1245 3330; x_wconf 64' lang='lat' dir='ltr'><strong>seculi</strong></span> <span class='ocrx_word' id='word_1_386' title='bbox 1274 3292 1291 3330; x_wconf 92' lang='lat'><em>:</em></span> <span class='ocrx_word' id='word_1_387' title='bbox 1324 3278 1470 3344; x_wconf 83' lang='lat' dir='ltr'><strong>virga</strong></span> <span class='ocrx_word' id='word_1_388' title='bbox 1514 3275 1846 3328; x_wconf 82' lang='lat' dir='ltr'><strong>rectitudinis</strong></span> <span class='ocrx_word' id='word_1_389' title='bbox 1892 3277 2037 3346; x_wconf 81' lang='lat' dir='ltr'><strong>uirga</strong></span> <span class='ocrx_word' id='word_1_390' title='bbox 2068 3279 2213 3346; x_wconf 86' lang='lat' dir='ltr'><strong>regni</strong></span> <span class='ocrx_word' id='word_1_391' title='bbox 2252 3278 2347 3330; x_wconf 81' lang='lat' dir='ltr'><strong>tui;</strong></span> 
     </span>
    </p>
   </div>
   <div class='ocr_carea' id='block_1_48' title="bbox 2462 2079 4034 2150">
    <p class='ocr_par' dir='ltr' id='par_1_48' title="bbox 2462 2079 4034 2150">
     <span class='ocr_line' id='line_1_48' title="bbox 2462 2079 4034 2150; baseline 0.004 -18"><span class='ocrx_word' id='word_1_392' title='bbox 2462 2081 2558 2133; x_wconf 82' lang='grc' dir='ltr'><strong>καὶ</strong></span> <span class='ocrx_word' id='word_1_393' title='bbox 2585 2081 2698 2148; x_wconf 83' lang='grc' dir='ltr'>πρὸ</span> <span class='ocrx_word' id='word_1_394' title='bbox 2717 2081 2826 2134; x_wconf 84' lang='grc' dir='ltr'><strong>τοῦ</strong></span> <span class='ocrx_word' id='word_1_395' title='bbox 2855 2081 2959 2148; x_wconf 80' lang='grc' dir='ltr'><strong>ὄρη</strong></span> <span class='ocrx_word' id='word_1_396' title='bbox 2980 2079 3343 2150; x_wconf 80' lang='grc' dir='ltr'><strong>ἑδρασθῆναι</strong></span> <span class='ocrx_word' id='word_1_397' title='bbox 3362 2097 3375 2110; x_wconf 62' lang='grc' dir='ltr'>θ</span> <span class='ocrx_word' id='word_1_398' title='bbox 3411 2079 3526 2148; x_wconf 66' lang='grc' dir='ltr'><strong>πρὸ</strong></span> <span class='ocrx_word' id='word_1_399' title='bbox 3543 2079 3611 2134; x_wconf 83' lang='grc' dir='ltr'><strong>δὲ</strong></span> <span class='ocrx_word' id='word_1_400' title='bbox 3625 2082 3868 2137; x_wconf 78' lang='grc' dir='ltr'>πάντων</span> <span class='ocrx_word' id='word_1_401' title='bbox 3887 2085 4034 2148; x_wconf 79' lang='grc' dir='ltr'>,βου-</span> 
     </span>
    </p>
   </div>
   <div class='ocr_carea' id='block_1_49' title="bbox 2459 2161 4032 2247">
    <p class='ocr_par' dir='ltr' id='par_1_49' title="bbox 2459 2161 4032 2247">
     <span class='ocr_line' id='line_1_49' title="bbox 2459 2161 4032 2247; baseline 0.002 -23"><span class='ocrx_word' id='word_1_402' title='bbox 2459 2170 2580 2224; x_wconf 74' lang='grc' dir='ltr'><strong>νῶν</strong></span> <span class='ocrx_word' id='word_1_403' title='bbox 2612 2169 2793 2240; x_wconf 80' lang='grc' dir='ltr'><em>γεννᾷ</em></span> <span class='ocrx_word' id='word_1_404' title='bbox 2830 2187 2927 2240; x_wconf 80' lang='grc' dir='ltr'><strong>με.</strong></span> <span class='ocrx_word' id='word_1_405' title='bbox 2957 2167 3066 2225; x_wconf 85' lang='grc' dir='ltr'><strong>Ἦν</strong></span> <span class='ocrx_word' id='word_1_406' title='bbox 3100 2161 3198 2240; x_wconf 84' lang='grc' dir='ltr'><strong>μὲν</strong></span> <span class='ocrx_word' id='word_1_407' title='bbox 3234 2166 3328 2224; x_wconf 79' lang='grc' dir='ltr'>οὖν</span> <span class='ocrx_word' id='word_1_408' title='bbox 3367 2171 3457 2235; x_wconf 79' lang='grc' dir='ltr'><strong>σὸς</strong></span> <span class='ocrx_word' id='word_1_409' title='bbox 3494 2172 3523 2223; x_wconf 85' lang='grc' dir='ltr'>ὁ</span> <span class='ocrx_word' id='word_1_410' title='bbox 3555 2171 3746 2243; x_wconf 83' lang='grc' dir='ltr'>θρόνος</span> <span class='ocrx_word' id='word_1_411' title='bbox 3787 2175 3880 2227; x_wconf 76' lang='grc' dir='ltr'><strong>καὶ</strong></span> <span class='ocrx_word' id='word_1_412' title='bbox 3925 2174 4032 2247; x_wconf 72' lang='grc' dir='ltr'>πρὸ</span> 
     </span>
    </p>
   </div>
   <div class='ocr_carea' id='block_1_50' title="bbox 2461 2262 4033 2334">
    <p class='ocr_par' dir='ltr' id='par_1_50' title="bbox 2461 2262 4033 2334">
     <span class='ocr_line' id='line_1_50' title="bbox 2461 2262 4033 2334; baseline 0.004 -18"><span class='ocrx_word' id='word_1_413' title='bbox 2461 2265 2673 2318; x_wconf 85' lang='grc' dir='ltr'>πάντων</span> <span class='ocrx_word' id='word_1_414' title='bbox 2702 2262 2930 2317; x_wconf 84' lang='grc' dir='ltr'><strong>αἰώνων·</strong></span> <span class='ocrx_word' id='word_1_415' title='bbox 2958 2264 3017 2316; x_wconf 81' lang='grc' dir='ltr'>οὐ</span> <span class='ocrx_word' id='word_1_416' title='bbox 3039 2264 3145 2334; x_wconf 83' lang='grc' dir='ltr'>μὴν</span> <span class='ocrx_word' id='word_1_417' title='bbox 3171 2264 3306 2317; x_wconf 77' lang='grc' dir='ltr'>ἀλλὰ</span> <span class='ocrx_word' id='word_1_418' title='bbox 3340 2266 3433 2318; x_wconf 79' lang='grc' dir='ltr'><strong>καὶ</strong></span> <span class='ocrx_word' id='word_1_419' title='bbox 3459 2266 3548 2318; x_wconf 77' lang='grc' dir='ltr'>ὅτε</span> <span class='ocrx_word' id='word_1_420' title='bbox 3573 2266 3846 2331; x_wconf 79' lang='grc' dir='ltr'><strong>ἑκένωσας</strong></span> <span class='ocrx_word' id='word_1_421' title='bbox 3875 2285 4033 2322; x_wconf 90' lang='grc' dir='ltr'>σεαυ-</span> 
     </span>
    </p>
   </div>
   <div class='ocr_carea' id='block_1_51' title="bbox 2458 2355 4031 2429">
    <p class='ocr_par' dir='ltr' id='par_1_51' title="bbox 2458 2355 4031 2429">
     <span class='ocr_line' id='line_1_51' title="bbox 2458 2355 4031 2429; baseline 0.004 -20"><span class='ocrx_word' id='word_1_422' title='bbox 2458 2357 2569 2419; x_wconf 76' lang='grc' dir='ltr'>τὸν,</span> <span class='ocrx_word' id='word_1_423' title='bbox 2605 2357 2699 2409; x_wconf 73' lang='grc' dir='ltr'><strong>καὶ</strong></span> <span class='ocrx_word' id='word_1_424' title='bbox 2746 2357 2846 2426; x_wconf 78' lang='grc' dir='ltr'><strong>τὴν</strong></span> <span class='ocrx_word' id='word_1_425' title='bbox 2877 2355 3064 2408; x_wconf 85' lang='grc' dir='ltr'>δούλου</span> <span class='ocrx_word' id='word_1_426' title='bbox 3114 2355 3328 2427; x_wconf 79' lang='grc' dir='ltr'>μορφὴν</span> <span class='ocrx_word' id='word_1_427' title='bbox 3377 2356 3689 2429; x_wconf 71' lang='grc' dir='ltr'>ἀνείληφας,</span> <span class='ocrx_word' id='word_1_428' title='bbox 3741 2360 3826 2412; x_wconf 76' lang='grc' dir='ltr'><strong>σοὶ</strong></span> <span class='ocrx_word' id='word_1_429' title='bbox 3870 2360 4031 2415; x_wconf 77' lang='grc' dir='ltr'>πάλιν</span> 
     </span>
    </p>
   </div>
   <div class='ocr_carea' id='block_1_52' title="bbox 2457 2431 4032 2524">
    <p class='ocr_par' dir='ltr' id='par_1_52' title="bbox 2457 2431 4032 2524">
     <span class='ocr_line' id='line_1_52' title="bbox 2457 2431 4032 2524; baseline 0.002 -22"><span class='ocrx_word' id='word_1_430' title='bbox 2457 2450 2668 2519; x_wconf 76' lang='grc' dir='ltr'>ἕτοιμος</span> <span class='ocrx_word' id='word_1_431' title='bbox 2693 2431 3016 2516; x_wconf 76' lang='grc' dir='ltr'>ἐφυλάττετο</span> <span class='ocrx_word' id='word_1_432' title='bbox 3035 2464 3050 2478; x_wconf 76' lang='lat'><strong><em>°</em></strong></span> <span class='ocrx_word' id='word_1_433' title='bbox 3105 2447 3292 2520; x_wconf 77' lang='grc' dir='ltr'><strong>ἐπειδή</strong></span> <span class='ocrx_word' id='word_1_434' title='bbox 3318 2464 3399 2500; x_wconf 92' lang='grc' dir='ltr'>σοι</span> <span class='ocrx_word' id='word_1_435' title='bbox 3430 2447 3596 2518; x_wconf 79' lang='grc' dir='ltr'>μόνῳ,</span> <span class='ocrx_word' id='word_1_436' title='bbox 3626 2450 3733 2502; x_wconf 80' lang='grc' dir='ltr'>’καὶ</span> <span class='ocrx_word' id='word_1_437' title='bbox 3762 2451 4032 2524; x_wconf 72' lang='grc' dir='ltr'><strong>οὐδετέρῳ</strong></span> 
     </span>
    </p>
   </div>
   <div class='ocr_carea' id='block_1_53' title="bbox 2459 2539 4027 2614">
    <p class='ocr_par' dir='ltr' id='par_1_53' title="bbox 2459 2539 4027 2614">
     <span class='ocr_line' id='line_1_53' title="bbox 2459 2539 4027 2614; baseline 0.003 -20"><span class='ocrx_word' id='word_1_438' title='bbox 2459 2543 2594 2614; x_wconf 82' lang='grc' dir='ltr'>πρὸς</span> <span class='ocrx_word' id='word_1_439' title='bbox 2625 2541 2718 2594; x_wconf 81' lang='grc' dir='ltr'>τοῦ</span> <span class='ocrx_word' id='word_1_440' title='bbox 2751 2539 2845 2594; x_wconf 80' lang='grc' dir='ltr'>σοῦ</span> <span class='ocrx_word' id='word_1_441' title='bbox 2872 2540 3086 2612; x_wconf 83' lang='grc' dir='ltr'>Πατρδς</span> <span class='ocrx_word' id='word_1_442' title='bbox 3111 2542 3316 2612; x_wconf 73' lang='grc' dir='ltr'>εἴρητο·</span> <span class='ocrx_word' id='word_1_443' title='bbox 3341 2539 3540 2594; x_wconf 84' lang='grc' dir='ltr'>Κάθου</span> <span class='ocrx_word' id='word_1_444' title='bbox 3553 2540 3623 2593; x_wconf 81' lang='grc' dir='ltr'>ἐκ</span> <span class='ocrx_word' id='word_1_445' title='bbox 3652 2540 3865 2606; x_wconf 81' lang='grc' dir='ltr'><strong>δεξιῶν</strong></span> <span class='ocrx_word' id='word_1_446' title='bbox 3878 2561 4027 2612; x_wconf 77' lang='grc' dir='ltr'>μου,</span> 
     </span>
    </p>
   </div>
   <div class='ocr_carea' id='block_1_54' title="bbox 2457 2629 4029 2700">
    <p class='ocr_par' dir='ltr' id='par_1_54' title="bbox 2457 2629 4029 2700">
     <span class='ocr_line' id='line_1_54' title="bbox 2457 2629 4029 2700; baseline 0.002 -16"><span class='ocrx_word' id='word_1_447' title='bbox 2457 2631 2566 2696; x_wconf 80' lang='grc' dir='ltr'><strong>ἓως</strong></span> <span class='ocrx_word' id='word_1_448' title='bbox 2588 2631 2663 2684; x_wconf 83' lang='grc' dir='ltr'><strong>ἂν</strong></span> <span class='ocrx_word' id='word_1_449' title='bbox 2686 2632 2767 2684; x_wconf 85' lang='grc' dir='ltr'><strong>θῶ</strong></span> <span class='ocrx_word' id='word_1_450' title='bbox 2793 2631 2936 2698; x_wconf 86' lang='grc' dir='ltr'>τοὺς</span> <span class='ocrx_word' id='word_1_451' title='bbox 2966 2631 3219 2700; x_wconf 82' lang='grc' dir='ltr'><strong>ἐχθρούς</strong></span> <span class='ocrx_word' id='word_1_452' title='bbox 3257 2644 3375 2684; x_wconf 84' lang='grc' dir='ltr'>σου</span> <span class='ocrx_word' id='word_1_453' title='bbox 3399 2629 3735 2685; x_wconf 76' lang='grc' dir='ltr'><strong>ὑποπόδιον</strong></span> <span class='ocrx_word' id='word_1_454' title='bbox 3771 2630 3889 2684; x_wconf 79' lang='grc' dir='ltr'><strong>τῶν</strong></span> <span class='ocrx_word' id='word_1_455' title='bbox 3920 2647 4029 2687; x_wconf 85' lang='grc' dir='ltr'>πο-</span> 
     </span>
    </p>
   </div>
   <div class='ocr_carea' id='block_1_55' title="bbox 2457 2717 4027 2796">
    <p class='ocr_par' dir='ltr' id='par_1_55' title="bbox 2457 2717 4027 2796">
     <span class='ocr_line' id='line_1_55' title="bbox 2457 2717 4027 2796; baseline 0.004 -23"><span class='ocrx_word' id='word_1_456' title='bbox 2457 2721 2577 2774; x_wconf 81' lang='grc' dir='ltr'><em>δῶν</em></span> <span class='ocrx_word' id='word_1_457' title='bbox 2605 2738 2747 2775; x_wconf 83' lang='grc' dir='ltr'>σου.</span> <span class='ocrx_word' id='word_1_458' title='bbox 2784 2721 2939 2776; x_wconf 71' lang='grc' dir='ltr'>Οὕτω</span> <span class='ocrx_word' id='word_1_459' title='bbox 2975 2721 3106 2791; x_wconf 84' lang='grc' dir='ltr'>γοῦν</span> <span class='ocrx_word' id='word_1_460' title='bbox 3145 2717 3215 2794; x_wconf 82' lang='grc' dir='ltr'><strong>ἦν</strong></span> <span class='ocrx_word' id='word_1_461' title='bbox 3257 2722 3472 2793; x_wconf 73' lang='grc' dir='ltr'>ἕτοιμος</span> <span class='ocrx_word' id='word_1_462' title='bbox 3507 2725 3536 2777; x_wconf 83' lang='grc' dir='ltr'>ὁ</span> <span class='ocrx_word' id='word_1_463' title='bbox 3570 2723 3757 2795; x_wconf 85' lang='grc' dir='ltr'>θρόνος</span> <span class='ocrx_word' id='word_1_464' title='bbox 3795 2742 3912 2789; x_wconf 91' lang='grc' dir='ltr'>σου,</span> <span class='ocrx_word' id='word_1_465' title='bbox 3942 2727 4027 2796; x_wconf 74' lang='grc' dir='ltr'><strong>ἐφ’</strong></span> 
     </span>
    </p>
   </div>
   <div class='ocr_carea' id='block_1_56' title="bbox 2460 2811 4026 2886">
    <p class='ocr_par' dir='ltr' id='par_1_56' title="bbox 2460 2811 4026 2886">
     <span class='ocr_line' id='line_1_56' title="bbox 2460 2811 4026 2886; baseline 0.002 -20"><span class='ocrx_word' id='word_1_466' title='bbox 2460 2814 2520 2866; x_wconf 83' lang='grc' dir='ltr'><strong>ὃν</strong></span> <span class='ocrx_word' id='word_1_467' title='bbox 2566 2814 2664 2866; x_wconf 83' lang='grc' dir='ltr'>σὺν</span> <span class='ocrx_word' id='word_1_468' title='bbox 2698 2812 2846 2883; x_wconf 75' lang='grc' dir='ltr'>αὐτῷ</span> <span class='ocrx_word' id='word_1_469' title='bbox 2880 2811 3205 2877; x_wconf 77' lang='grc' dir='ltr'>καθέζεσθαι</span> <span class='ocrx_word' id='word_1_470' title='bbox 3234 2815 3262 2866; x_wconf 87' lang='grc' dir='ltr'>ὁ</span> <span class='ocrx_word' id='word_1_471' title='bbox 3289 2815 3556 2885; x_wconf 83' lang='grc' dir='ltr'>γεννήσας</span> <span class='ocrx_word' id='word_1_472' title='bbox 3598 2832 3658 2868; x_wconf 85' lang='grc' dir='ltr'>σε</span> <span class='ocrx_word' id='word_1_473' title='bbox 3691 2815 3882 2886; x_wconf 68' lang='grc' dir='ltr'>Πατὴρ</span> <span class='ocrx_word' id='word_1_474' title='bbox 3921 2835 4026 2869; x_wconf 91' lang='grc' dir='ltr'><strong>πα-</strong></span> 
     </span>
    </p>
   </div>
   <div class='ocr_carea' id='block_1_57' title="bbox 2458 2894 4024 2975">
    <p class='ocr_par' dir='ltr' id='par_1_57' title="bbox 2458 2894 4024 2975">
     <span class='ocr_line' id='line_1_57' title="bbox 2458 2894 4024 2975; baseline 0.003 -19"><span class='ocrx_word' id='word_1_475' title='bbox 2458 2903 2790 2975; x_wconf 86' lang='grc' dir='ltr'>ρεκελεύετο.</span> <span class='ocrx_word' id='word_1_476' title='bbox 2846 2905 2956 2959; x_wconf 74' lang='grc' dir='ltr'><strong>Καὶ</strong></span> <span class='ocrx_word' id='word_1_477' title='bbox 3009 2894 3226 2974; x_wconf 72' lang='grc' dir='ltr'>ἕτοιμος</span> <span class='ocrx_word' id='word_1_478' title='bbox 3274 2900 3344 2975; x_wconf 80' lang='grc' dir='ltr'><strong>ἦν</strong></span> <span class='ocrx_word' id='word_1_479' title='bbox 3397 2905 3506 2957; x_wconf 82' lang='grc' dir='ltr'><strong>ἀπὸ</strong></span> <span class='ocrx_word' id='word_1_480' title='bbox 3553 2905 3711 2971; x_wconf 87' lang='grc' dir='ltr'>τότε,</span> <span class='ocrx_word' id='word_1_481' title='bbox 3767 2907 3877 2960; x_wconf 83' lang='grc' dir='ltr'>ἀπὺ</span> <span class='ocrx_word' id='word_1_482' title='bbox 3928 2907 4024 2960; x_wconf 78' lang='grc' dir='ltr'>τοῦ</span> 
     </span>
    </p>
   </div>
   <div class='ocr_carea' id='block_1_58' title="bbox 2457 2977 4024 3060">
    <p class='ocr_par' dir='ltr' id='par_1_58' title="bbox 2457 2977 4024 3060">
     <span class='ocr_line' id='line_1_58' title="bbox 2457 2977 4024 3060; baseline 0.001 -12"><span class='ocrx_word' id='word_1_483' title='bbox 2457 2994 2671 3059; x_wconf 63' lang='lat' dir='ltr'><strong>aiam,</strong></span> <span class='ocrx_word' id='word_1_484' title='bbox 2706 2994 2828 3046; x_wconf 77' lang='grc' dir='ltr'>ἐπεὶ</span> <span class='ocrx_word' id='word_1_485' title='bbox 2858 2977 2962 3048; x_wconf 80' lang='grc' dir='ltr'>’και</span> <span class='ocrx_word' id='word_1_486' title='bbox 2989 2995 3153 3057; x_wconf 76' lang='grc' dir='ltr'>αὐτὸς</span> <span class='ocrx_word' id='word_1_487' title='bbox 3183 2996 3291 3048; x_wconf 80' lang='grc' dir='ltr'><strong>ἀπὸ</strong></span> <span class='ocrx_word' id='word_1_488' title='bbox 3330 2995 3423 3050; x_wconf 80' lang='grc' dir='ltr'>τοῦ</span> <span class='ocrx_word' id='word_1_489' title='bbox 3453 2996 3647 3060; x_wconf 83' lang='grc' dir='ltr'>αίῶνος</span> <span class='ocrx_word' id='word_1_490' title='bbox 3679 2998 3742 3050; x_wconf 82' lang='grc' dir='ltr'>σὺ</span> <span class='ocrx_word' id='word_1_491' title='bbox 3769 2994 3839 3050; x_wconf 70' lang='lat' dir='ltr'><strong>et.</strong></span> <span class='ocrx_word' id='word_1_492' title='bbox 3886 2998 4024 3050; x_wconf 87' lang='grc' dir='ltr'>Ἀλλ’</span> 
     </span>
    </p>
   </div>
   <div class='ocr_carea' id='block_1_59' title="bbox 2454 3082 4022 3159">
    <p class='ocr_par' dir='ltr' id='par_1_59' title="bbox 2454 3082 4022 3159">
     <span class='ocr_line' id='line_1_59' title="bbox 2454 3082 4022 3159; baseline 0.004 -21"><span class='ocrx_word' id='word_1_493' title='bbox 2454 3087 2574 3152; x_wconf 81' lang='grc' dir='ltr'>οὐκ,</span> <span class='ocrx_word' id='word_1_494' title='bbox 2607 3087 2702 3156; x_wconf 79' lang='grc' dir='ltr'><strong>ἧς,</strong></span> <span class='ocrx_word' id='word_1_495' title='bbox 2734 3087 2919 3159; x_wconf 78' lang='grc' dir='ltr'>φησὶν,</span> <span class='ocrx_word' id='word_1_496' title='bbox 2950 3085 3086 3151; x_wconf 78' lang='grc' dir='ltr'>ἀλλ’,</span> <span class='ocrx_word' id='word_1_497' title='bbox 3117 3082 3191 3141; x_wconf 75' lang='grc' dir='ltr'><strong>εἴ.</strong></span> <span class='ocrx_word' id='word_1_498' title='bbox 3224 3088 3397 3140; x_wconf 86' lang='grc' dir='ltr'>Μόνον</span> <span class='ocrx_word' id='word_1_499' title='bbox 3424 3088 3532 3158; x_wconf 83' lang='grc' dir='ltr'><strong>γὰρ</strong></span> <span class='ocrx_word' id='word_1_500' title='bbox 3554 3088 3700 3159; x_wconf 81' lang='grc' dir='ltr'><strong>αὐτῷ</strong></span> <span class='ocrx_word' id='word_1_501' title='bbox 3727 3090 3807 3155; x_wconf 83' lang='grc' dir='ltr'>τὸ,</span> <span class='ocrx_word' id='word_1_502' title='bbox 3844 3091 3925 3144; x_wconf 88' lang='grc' dir='ltr'><strong>σὺ</strong></span> <span class='ocrx_word' id='word_1_503' title='bbox 3949 3086 4022 3155; x_wconf 76' lang='grc' dir='ltr'>εἴ,</span> 
     </span>
    </p>
   </div>
   <div class='ocr_carea' id='block_1_60' title="bbox 2455 3177 4022 3251">
    <p class='ocr_par' dir='ltr' id='par_1_60' title="bbox 2455 3177 4022 3251">
     <span class='ocr_line' id='line_1_60' title="bbox 2455 3177 4022 3251; baseline 0.005 -21"><span class='ocrx_word' id='word_1_504' title='bbox 2455 3177 3020 3250; x_wconf 71' lang='grc' dir='ltr'><strong>λέγεσθαιὰρμόττει.</strong></span> <span class='ocrx_word' id='word_1_505' title='bbox 3058 3179 3148 3231; x_wconf 86' lang='grc' dir='ltr'>Διὸ</span> <span class='ocrx_word' id='word_1_506' title='bbox 3182 3179 3274 3233; x_wconf 74' lang='grc' dir='ltr'>καὶ</span> <span class='ocrx_word' id='word_1_507' title='bbox 3309 3180 3366 3232; x_wconf 82' lang='grc' dir='ltr'><strong>ὲν</strong></span> <span class='ocrx_word' id='word_1_508' title='bbox 3398 3179 3605 3249; x_wconf 82' lang='grc' dir='ltr'><strong>ἑτέροις</strong></span> <span class='ocrx_word' id='word_1_509' title='bbox 3643 3181 3890 3251; x_wconf 80' lang='grc' dir='ltr'>εἴρηται·</span> <span class='ocrx_word' id='word_1_510' title='bbox 3937 3182 4022 3238; x_wconf 86' lang='grc' dir='ltr'><strong>Σὺ</strong></span> 
     </span>
    </p>
   </div>
   <div class='ocr_carea' id='block_1_61' title="bbox 2452 3267 4014 3343">
    <p class='ocr_par' dir='ltr' id='par_1_61' title="bbox 2452 3267 4014 3343">
     <span class='ocr_line' id='line_1_61' title="bbox 2452 3267 4014 3343; baseline 0.005 -21"><span class='ocrx_word' id='word_1_511' title='bbox 2452 3270 2521 3323; x_wconf 89' lang='grc' dir='ltr'><strong>δὲ</strong></span> <span class='ocrx_word' id='word_1_512' title='bbox 2564 3274 2596 3324; x_wconf 81' lang='grc' dir='ltr'>ό</span> <span class='ocrx_word' id='word_1_513' title='bbox 2635 3273 2818 3338; x_wconf 78' lang='grc' dir='ltr'>αὐτὸς</span> <span class='ocrx_word' id='word_1_514' title='bbox 2852 3267 2925 3336; x_wconf 79' lang='grc' dir='ltr'>εἷ,</span> <span class='ocrx_word' id='word_1_515' title='bbox 2957 3272 3055 3324; x_wconf 77' lang='grc' dir='ltr'><strong>καὶ</strong></span> <span class='ocrx_word' id='word_1_516' title='bbox 3094 3272 3168 3325; x_wconf 84' lang='grc' dir='ltr'>τὰ</span> <span class='ocrx_word' id='word_1_517' title='bbox 3201 3272 3302 3340; x_wconf 76' lang='grc' dir='ltr'><strong>ἐτη</strong></span> <span class='ocrx_word' id='word_1_518' title='bbox 3350 3285 3467 3326; x_wconf 85' lang='grc' dir='ltr'>σου</span> <span class='ocrx_word' id='word_1_519' title='bbox 3496 3273 3606 3326; x_wconf 81' lang='grc' dir='ltr'>οὐκ</span> <span class='ocrx_word' id='word_1_520' title='bbox 3639 3273 4014 3343; x_wconf 65' lang='grc' dir='ltr'><strong>ἐπιλείψουσι.</strong></span> 
     </span>
    </p>
   </div>
   <div class='ocr_carea' id='block_1_62' title="bbox 776 3361 2502 3440">
    <p class='ocr_par' dir='ltr' id='par_1_62' title="bbox 776 3362 2502 3440">
     <span class='ocr_line' id='line_1_62' title="bbox 776 3362 2502 3440; baseline -0.002 -16"><span class='ocrx_word' id='word_1_521' title='bbox 776 3370 1025 3424; x_wconf 78' lang='lat' dir='ltr'><strong>Ditexisti</strong></span> <span class='ocrx_word' id='word_1_522' title='bbox 1058 3369 1328 3436; x_wconf 86' lang='lat' dir='ltr'><strong>justitiam</strong></span> <span class='ocrx_word' id='word_1_523' title='bbox 1369 3377 1418 3422; x_wconf 91' lang='lat' dir='ltr'><strong>et</strong></span> <span class='ocrx_word' id='word_1_524' title='bbox 1474 3367 1633 3422; x_wconf 87' lang='lat' dir='ltr'><strong>odisti</strong></span> <span class='ocrx_word' id='word_1_525' title='bbox 1679 3369 2003 3436; x_wconf 84' lang='lat' dir='ltr'><strong>iniquitatem</strong></span> <span class='ocrx_word' id='word_1_526' title='bbox 2036 3378 2349 3438; x_wconf 85' lang='lat' dir='ltr'><strong>:propterea</strong></span> <span class='ocrx_word' id='word_1_527' title='bbox 2376 3378 2421 3440; x_wconf 70' lang='grc' dir='ltr'><em>ς</em></span> <span class='ocrx_word' id='word_1_528' title='bbox 2453 3362 2502 3413; x_wconf 63' lang='grc' dir='ltr'><strong>Τ1</strong></span> 
     </span>
    </p>
   </div>
   <div class='ocr_carea' id='block_1_63' title="bbox 2292 3361 4018 3440">
    <p class='ocr_par' dir='ltr' id='par_1_63' title="bbox 2292 3361 4018 3440">
     <span class='ocr_line' id='line_1_63' title="bbox 2292 3361 4018 3440; baseline 0.004 -27"><span class='ocrx_word' id='word_1_529' title='bbox 2292 3385 2349 3422; x_wconf 76' lang='lat' dir='ltr'><strong>ea</strong></span> <span class='ocrx_word' id='word_1_530' title='bbox 2376 3378 2421 3440; x_wconf 68' lang='grc' dir='ltr'><em>ς</em></span> <span class='ocrx_word' id='word_1_531' title='bbox 2453 3362 2652 3416; x_wconf 81' lang='grc' dir='ltr'>Τοῦτον</span> <span class='ocrx_word' id='word_1_532' title='bbox 2672 3363 2728 3415; x_wconf 83' lang='grc' dir='ltr'>δὲ</span> <span class='ocrx_word' id='word_1_533' title='bbox 2761 3362 2851 3416; x_wconf 79' lang='grc' dir='ltr'><strong>τὸν</strong></span> <span class='ocrx_word' id='word_1_534' title='bbox 2890 3362 3077 3434; x_wconf 87' lang='grc' dir='ltr'>θρόνον</span> <span class='ocrx_word' id='word_1_535' title='bbox 3109 3364 3204 3416; x_wconf 73' lang='grc' dir='ltr'>καὶ</span> <span class='ocrx_word' id='word_1_536' title='bbox 3240 3365 3296 3417; x_wconf 81' lang='grc' dir='ltr'><strong>ἐν</strong></span> <span class='ocrx_word' id='word_1_537' title='bbox 3327 3361 3498 3437; x_wconf 81' lang='grc' dir='ltr'>ἑτέρῳ</span> <span class='ocrx_word' id='word_1_538' title='bbox 3540 3364 3600 3418; x_wconf 79' lang='grc' dir='ltr'>τὸ</span> <span class='ocrx_word' id='word_1_539' title='bbox 3629 3364 3768 3419; x_wconf 83' lang='grc' dir='ltr'>θεῖον</span> <span class='ocrx_word' id='word_1_540' title='bbox 3797 3367 4018 3438; x_wconf 80' lang='grc' dir='ltr'><strong>Πνεῦμα</strong></span> 
     </span>
    </p>
   </div>
   <div class='ocr_carea' id='block_1_64' title="bbox 774 3458 2345 3530">
    <p class='ocr_par' dir='ltr' id='par_1_64' title="bbox 774 3458 2345 3530">
     <span class='ocr_line' id='line_1_64' title="bbox 774 3458 2345 3530; baseline 0.001 -17"><span class='ocrx_word' id='word_1_541' title='bbox 774 3461 930 3513; x_wconf 70' lang='lat' dir='ltr'><strong>unxit</strong></span> <span class='ocrx_word' id='word_1_542' title='bbox 964 3469 1011 3512; x_wconf 89' lang='lat' dir='ltr'><strong>te</strong></span> <span class='ocrx_word' id='word_1_543' title='bbox 1034 3458 1194 3522; x_wconf 83' lang='lat' dir='ltr'><strong>Deus,</strong></span> <span class='ocrx_word' id='word_1_544' title='bbox 1217 3459 1352 3514; x_wconf 83' lang='lat' dir='ltr'><strong>Deus</strong></span> <span class='ocrx_word' id='word_1_545' title='bbox 1381 3469 1520 3523; x_wconf 86' lang='lat' dir='ltr'><strong>tuus,</strong></span> <span class='ocrx_word' id='word_1_546' title='bbox 1556 3461 1667 3514; x_wconf 83' lang='lat' dir='ltr'><strong>oleo</strong></span> <span class='ocrx_word' id='word_1_547' title='bbox 1694 3459 2062 3514; x_wconf 69' lang='lat' dir='ltr'><strong>exsultationis</strong></span> <span class='ocrx_word' id='word_1_548' title='bbox 2091 3477 2200 3530; x_wconf 72' lang='lat' dir='ltr'><strong>pra:</strong></span> <span class='ocrx_word' id='word_1_549' title='bbox 2222 3477 2345 3514; x_wconf 76' lang='lat' dir='ltr'><strong>con-</strong></span> 
     </span>
    </p>
   </div>
   <div class='ocr_carea' id='block_1_65' title="bbox 774 3552 2345 3622">
    <p class='ocr_par' dir='ltr' id='par_1_65' title="bbox 774 3552 2345 3622">
     <span class='ocr_line' id='line_1_65' title="bbox 774 3552 2345 3622; baseline -0.001 -16"><span class='ocrx_word' id='word_1_550' title='bbox 774 3553 1006 3606; x_wconf 78' lang='lat' dir='ltr'><strong>sortibus</strong></span> <span class='ocrx_word' id='word_1_551' title='bbox 1040 3553 1141 3606; x_wconf 83' lang='lat' dir='ltr'><strong>tuis</strong></span> <span class='ocrx_word' id='word_1_552' title='bbox 1165 3552 1231 3614; x_wconf 58' lang='grc' dir='ltr'><strong>ξε.</strong></span> <span class='ocrx_word' id='word_1_553' title='bbox 1256 3552 1488 3608; x_wconf 85' lang='lat' dir='ltr'><strong>Paratus</strong></span> <span class='ocrx_word' id='word_1_554' title='bbox 1517 3553 1698 3622; x_wconf 88' lang='lat' dir='ltr'><strong>itaque</strong></span> <span class='ocrx_word' id='word_1_555' title='bbox 1723 3563 1840 3608; x_wconf 87' lang='lat' dir='ltr'><strong>erat</strong></span> <span class='ocrx_word' id='word_1_556' title='bbox 1870 3554 2103 3607; x_wconf 87' lang='lat' dir='ltr'><strong>thronus</strong></span> <span class='ocrx_word' id='word_1_557' title='bbox 2131 3561 2254 3606; x_wconf 88' lang='lat' dir='ltr'><strong>tuus</strong></span> <span class='ocrx_word' id='word_1_558' title='bbox 2281 3568 2345 3605; x_wconf 82' lang='lat' dir='ltr'><strong>ex</strong></span> 
     </span>
    </p>
   </div>
   <div class='ocr_carea' id='block_1_66' title="bbox 773 3637 2345 3714">
    <p class='ocr_par' dir='ltr' id='par_1_66' title="bbox 773 3637 2345 3714">
     <span class='ocr_line' id='line_1_66' title="bbox 773 3637 2345 3714; baseline 0.001 -19"><span class='ocrx_word' id='word_1_559' title='bbox 773 3653 944 3708; x_wconf 80' lang='lat' dir='ltr'><strong>tunc;</strong></span> <span class='ocrx_word' id='word_1_560' title='bbox 994 3658 1061 3697; x_wconf 74' lang='lat' dir='ltr'><strong>ex</strong></span> <span class='ocrx_word' id='word_1_561' title='bbox 1107 3659 1217 3714; x_wconf 89' lang='lat' dir='ltr'><strong>quo</strong></span> <span class='ocrx_word' id='word_1_562' title='bbox 1256 3643 1465 3698; x_wconf 70' lang='lat' dir='ltr'><strong>scilicet</strong></span> <span class='ocrx_word' id='word_1_563' title='bbox 1515 3637 1657 3714; x_wconf 85' lang='lat' dir='ltr'><strong>apud</strong></span> <span class='ocrx_word' id='word_1_564' title='bbox 1686 3642 1902 3698; x_wconf 87' lang='lat' dir='ltr'><strong>Patrem</strong></span> <span class='ocrx_word' id='word_1_565' title='bbox 1955 3659 2099 3707; x_wconf 90' lang='lat' dir='ltr'><strong>eras,</strong></span> <span class='ocrx_word' id='word_1_566' title='bbox 2130 3643 2256 3712; x_wconf 85' lang='lat' dir='ltr'><strong>quia</strong></span> <span class='ocrx_word' id='word_1_567' title='bbox 2288 3651 2345 3696; x_wconf 89' lang='lat' dir='ltr'><strong>tu</strong></span> 
     </span>
    </p>
   </div>
   <div class='ocr_carea' id='block_1_67' title="bbox 774 3727 2345 3803">
    <p class='ocr_par' dir='ltr' id='par_1_67' title="bbox 774 3727 2345 3803">
     <span class='ocr_line' id='line_1_67' title="bbox 774 3727 2345 3803; baseline 0.001 -17"><span class='ocrx_word' id='word_1_568' title='bbox 774 3733 890 3803; x_wconf 84' lang='lat' dir='ltr'><strong>ipse</strong></span> <span class='ocrx_word' id='word_1_569' title='bbox 928 3748 958 3786; x_wconf 92' lang='lat' dir='ltr'><strong>a</strong></span> <span class='ocrx_word' id='word_1_570' title='bbox 985 3737 1186 3789; x_wconf 66' lang='lat' dir='ltr'><strong>seculo</strong></span> <span class='ocrx_word' id='word_1_571' title='bbox 1215 3749 1294 3790; x_wconf 83' lang='lat' dir='ltr'><strong>es.</strong></span> <span class='ocrx_word' id='word_1_572' title='bbox 1328 3734 1596 3789; x_wconf 73' lang='lat' dir='ltr'><strong>Cancrum</strong></span> <span class='ocrx_word' id='word_1_573' title='bbox 1625 3734 1787 3789; x_wconf 88' lang='lat' dir='ltr'><strong>etiam</strong></span> <span class='ocrx_word' id='word_1_574' title='bbox 1828 3750 1976 3790; x_wconf 91' lang='lat' dir='ltr'><strong>nunc</strong></span> <span class='ocrx_word' id='word_1_575' title='bbox 2014 3727 2345 3788; x_wconf 71' lang='lat' dir='ltr'><strong>.elevaoerunt</strong></span> 
     </span>
    </p>
   </div>
   <div class='ocr_carea' id='block_1_68' title="bbox 772 3827 2347 3896">
    <p class='ocr_par' dir='ltr' id='par_1_68' title="bbox 772 3827 2347 3896">
     <span class='ocr_line' id='line_1_68' title="bbox 772 3827 2347 3896; baseline 0.001 -18"><span class='ocrx_word' id='word_1_576' title='bbox 772 3827 1016 3895; x_wconf 75' lang='lat' dir='ltr'><strong>ﬂumina,</strong></span> <span class='ocrx_word' id='word_1_577' title='bbox 1064 3827 1303 3881; x_wconf 84' lang='lat' dir='ltr'><strong>Domine.</strong></span> <span class='ocrx_word' id='word_1_578' title='bbox 1351 3827 1491 3893; x_wconf 85' lang='lat' dir='ltr'><strong>Quid</strong></span> <span class='ocrx_word' id='word_1_579' title='bbox 1539 3827 1892 3891; x_wconf 83' lang='lat' dir='ltr'><strong>elevaverint,</strong></span> <span class='ocrx_word' id='word_1_580' title='bbox 1944 3828 2175 3896; x_wconf 89' lang='lat' dir='ltr'><strong>repetito</strong></span> <span class='ocrx_word' id='word_1_581' title='bbox 2231 3843 2347 3882; x_wconf 83' lang='lat' dir='ltr'><strong>ser-</strong></span> 
     </span>
    </p>
   </div>
   <div class='ocr_carea' id='block_1_69' title="bbox 773 3910 2349 3989">
    <p class='ocr_par' dir='ltr' id='par_1_69' title="bbox 773 3910 2349 3989">
     <span class='ocr_line' id='line_1_69' title="bbox 773 3910 2349 3989; baseline -0.001 -16"><span class='ocrx_word' id='word_1_582' title='bbox 773 3934 934 3974; x_wconf 87' lang='lat' dir='ltr'><strong>mone</strong></span> <span class='ocrx_word' id='word_1_583' title='bbox 979 3927 1164 3989; x_wconf 90' lang='lat' dir='ltr'><strong>postea</strong></span> <span class='ocrx_word' id='word_1_584' title='bbox 1208 3920 1451 3976; x_wconf 88' lang='lat' dir='ltr'><strong>declarat</strong></span> <span class='ocrx_word' id='word_1_585' title='bbox 1480 3919 1566 3975; x_wconf 88' lang='lat' dir='ltr'><strong>his</strong></span> <span class='ocrx_word' id='word_1_586' title='bbox 1617 3910 1799 3974; x_wconf 78' lang='lat' dir='ltr'><strong>verbis</strong></span> <span class='ocrx_word' id='word_1_587' title='bbox 1829 3938 1841 3973; x_wconf 93' lang='lat'>:</span> <span class='ocrx_word' id='word_1_588' title='bbox 1873 3918 2218 3973; x_wconf 84' lang='lat' dir='ltr'><strong>Elevaverunt</strong></span> <span class='ocrx_word' id='word_1_589' title='bbox 2250 3920 2349 3988; x_wconf 79' lang='lat' dir='ltr'><strong>ﬂu-</strong></span> 
     </span>
    </p>
   </div>
   <div class='ocr_carea' id='block_1_70' title="bbox 771 4010 2344 4083">
    <p class='ocr_par' dir='ltr' id='par_1_70' title="bbox 771 4010 2344 4083">
     <span class='ocr_line' id='line_1_70' title="bbox 771 4010 2344 4083; baseline 0.001 -18"><span class='ocrx_word' id='word_1_590' title='bbox 771 4012 916 4065; x_wconf 82' lang='lat' dir='ltr'><strong>mina</strong></span> <span class='ocrx_word' id='word_1_591' title='bbox 943 4027 1115 4066; x_wconf 83' lang='lat' dir='ltr'><strong>voeem</strong></span> <span class='ocrx_word' id='word_1_592' title='bbox 1138 4029 1309 4068; x_wconf 85' lang='lat' dir='ltr'><strong>suam.</strong></span> <span class='ocrx_word' id='word_1_593' title='bbox 1345 4011 1470 4067; x_wconf 65' lang='lat' dir='ltr'><strong>Hinc</strong></span> <span class='ocrx_word' id='word_1_594' title='bbox 1485 4012 1636 4078; x_wconf 72' lang='lat' dir='ltr'><strong>enim</strong></span> <span class='ocrx_word' id='word_1_595' title='bbox 1667 4025 1791 4066; x_wconf 90' lang='lat' dir='ltr'><strong>cum</strong></span> <span class='ocrx_word' id='word_1_596' title='bbox 1821 4010 2122 4083; x_wconf 90' lang='lat' dir='ltr'><strong>antiquitus</strong></span> <span class='ocrx_word' id='word_1_597' title='bbox 2155 4011 2344 4066; x_wconf 83' lang='lat' dir='ltr'><strong>latuis-</strong></span> 
     </span>
    </p>
   </div>
   <div class='ocr_carea' id='block_1_71' title="bbox 771 4102 2346 4173">
    <p class='ocr_par' dir='ltr' id='par_1_71' title="bbox 771 4102 2346 4173">
     <span class='ocr_line' id='line_1_71' title="bbox 771 4102 2346 4173; baseline 0 -15"><span class='ocrx_word' id='word_1_598' title='bbox 771 4109 917 4166; x_wconf 87' lang='lat' dir='ltr'><strong>sent,</strong></span> <span class='ocrx_word' id='word_1_599' title='bbox 965 4117 1114 4157; x_wconf 91' lang='lat' dir='ltr'><strong>nunc</strong></span> <span class='ocrx_word' id='word_1_600' title='bbox 1160 4103 1342 4159; x_wconf 87' lang='lat' dir='ltr'><strong>audita</strong></span> <span class='ocrx_word' id='word_1_601' title='bbox 1400 4102 1620 4159; x_wconf 77' lang='lat' dir='ltr'><strong>fuerunt</strong></span> <span class='ocrx_word' id='word_1_602' title='bbox 1688 4103 1965 4167; x_wconf 83' lang='lat' dir='ltr'><strong>omnibus,</strong></span> <span class='ocrx_word' id='word_1_603' title='bbox 2022 4104 2113 4173; x_wconf 90' lang='lat' dir='ltr'><strong>qui</strong></span> <span class='ocrx_word' id='word_1_604' title='bbox 2161 4103 2346 4158; x_wconf 89' lang='lat' dir='ltr'><strong>divino</strong></span> 
     </span>
    </p>
   </div>
   <div class='ocr_carea' id='block_1_72' title="bbox 769 4193 2346 4268">
    <p class='ocr_par' dir='ltr' id='par_1_72' title="bbox 769 4193 2346 4268">
     <span class='ocr_line' id='line_1_72' title="bbox 769 4193 2346 4268; baseline 0.003 -20"><span class='ocrx_word' id='word_1_605' title='bbox 769 4193 982 4264; x_wconf 86' lang='lat' dir='ltr'><strong>Spiritu</strong></span> <span class='ocrx_word' id='word_1_606' title='bbox 1009 4194 1217 4263; x_wconf 74' lang='lat' dir='ltr'><strong>dignati</strong></span> <span class='ocrx_word' id='word_1_607' title='bbox 1248 4204 1396 4259; x_wconf 90' lang='lat' dir='ltr'><strong>sunt,</strong></span> <span class='ocrx_word' id='word_1_608' title='bbox 1432 4196 1729 4265; x_wconf 88' lang='lat' dir='ltr'><strong>prophetis,</strong></span> <span class='ocrx_word' id='word_1_609' title='bbox 1759 4197 2018 4265; x_wconf 87' lang='lat' dir='ltr'><strong>apostolis</strong></span> <span class='ocrx_word' id='word_1_610' title='bbox 2043 4206 2097 4252; x_wconf 92' lang='lat' dir='ltr'><strong>et</strong></span> <span class='ocrx_word' id='word_1_611' title='bbox 2115 4212 2346 4268; x_wconf 79' lang='lat' dir='ltr'><strong>evange-</strong></span> 
     </span>
    </p>
   </div>
   <div class='ocr_carea' id='block_1_73' title="bbox 771 4287 2343 4358">
    <p class='ocr_par' dir='ltr' id='par_1_73' title="bbox 771 4287 2343 4358">
     <span class='ocr_line' id='line_1_73' title="bbox 771 4287 2343 4358; baseline 0 -16"><span class='ocrx_word' id='word_1_612' title='bbox 771 4287 937 4354; x_wconf 88' lang='lat' dir='ltr'><strong>listis,</strong></span> <span class='ocrx_word' id='word_1_613' title='bbox 969 4287 1304 4357; x_wconf 81' lang='lat' dir='ltr'><strong>inﬁnitisque</strong></span> <span class='ocrx_word' id='word_1_614' title='bbox 1354 4287 1590 4358; x_wconf 81' lang='lat' dir='ltr'><strong>populis,</strong></span> <span class='ocrx_word' id='word_1_615' title='bbox 1615 4289 1708 4357; x_wconf 91' lang='lat' dir='ltr'><strong>qui</strong></span> <span class='ocrx_word' id='word_1_616' title='bbox 1736 4303 1832 4357; x_wconf 90' lang='lat' dir='ltr'><strong>per</strong></span> <span class='ocrx_word' id='word_1_617' title='bbox 1863 4295 2036 4342; x_wconf 79' lang='lat' dir='ltr'><strong>totum</strong></span> <span class='ocrx_word' id='word_1_618' title='bbox 2067 4289 2255 4344; x_wconf 91' lang='lat' dir='ltr'><strong>orbem</strong></span> <span class='ocrx_word' id='word_1_619' title='bbox 2289 4292 2343 4342; x_wconf 82' lang='lat' dir='ltr'><strong>in</strong></span> 
     </span>
    </p>
   </div>
   <div class='ocr_carea' id='block_1_74' title="bbox 767 4378 2348 4450">
    <p class='ocr_par' dir='ltr' id='par_1_74' title="bbox 767 4378 2348 4450">
     <span class='ocr_line' id='line_1_74' title="bbox 767 4378 2348 4450; baseline 0 -15"><span class='ocrx_word' id='word_1_620' title='bbox 767 4378 1023 4435; x_wconf 85' lang='lat' dir='ltr'><strong>ecclesiis</strong></span> <span class='ocrx_word' id='word_1_621' title='bbox 1054 4379 1290 4434; x_wconf 86' lang='lat' dir='ltr'><strong>salutare</strong></span> <span class='ocrx_word' id='word_1_622' title='bbox 1311 4393 1536 4450; x_wconf 77' lang='lat' dir='ltr'><strong>regnum</strong></span> <span class='ocrx_word' id='word_1_623' title='bbox 1569 4379 1917 4443; x_wconf 83' lang='lat' dir='ltr'><strong>aununtiant,</strong></span> <span class='ocrx_word' id='word_1_624' title='bbox 1946 4381 2039 4449; x_wconf 90' lang='lat' dir='ltr'><strong>qui</strong></span> <span class='ocrx_word' id='word_1_625' title='bbox 2080 4382 2206 4435; x_wconf 84' lang='lat' dir='ltr'><strong>item</strong></span> <span class='ocrx_word' id='word_1_626' title='bbox 2235 4381 2348 4436; x_wconf 83' lang='lat' dir='ltr'><strong>cle-</strong></span> 
     </span>
    </p>
   </div>
   <div class='ocr_carea' id='block_1_75' title="bbox 771 4468 2342 4539">
    <p class='ocr_par' dir='ltr' id='par_1_75' title="bbox 771 4468 2342 4539">
     <span class='ocr_line' id='line_1_75' title="bbox 771 4468 2342 4539; baseline 0.001 -17"><span class='ocrx_word' id='word_1_627' title='bbox 771 4477 1036 4525; x_wconf 82' lang='lat' dir='ltr'><strong>vaverunt</strong></span> <span class='ocrx_word' id='word_1_628' title='bbox 1056 4485 1243 4525; x_wconf 90' lang='lat' dir='ltr'><strong>vocem</strong></span> <span class='ocrx_word' id='word_1_629' title='bbox 1275 4485 1452 4533; x_wconf 88' lang='lat' dir='ltr'><strong>suam,</strong></span> <span class='ocrx_word' id='word_1_630' title='bbox 1475 4468 1700 4524; x_wconf 70' lang='lat' dir='ltr'><strong>effusam</strong></span> <span class='ocrx_word' id='word_1_631' title='bbox 1721 4470 1774 4523; x_wconf 89' lang='lat' dir='ltr'><strong>in</strong></span> <span class='ocrx_word' id='word_1_632' title='bbox 1793 4484 1983 4524; x_wconf 89' lang='lat' dir='ltr'><strong>omnes</strong></span> <span class='ocrx_word' id='word_1_633' title='bbox 2008 4469 2098 4523; x_wconf 84' lang='lat' dir='ltr'><strong>Dei</strong></span> <span class='ocrx_word' id='word_1_634' title='bbox 2115 4471 2342 4539; x_wconf 83' lang='lat' dir='ltr'><strong>gratiam</strong></span> 
     </span>
    </p>
   </div>
   <div class='ocr_carea' id='block_1_76' title="bbox 773 4557 2342 4630">
    <p class='ocr_par' dir='ltr' id='par_1_76' title="bbox 773 4557 2342 4630">
     <span class='ocr_line' id='line_1_76' title="bbox 773 4557 2342 4630; baseline 0.001 -17"><span class='ocrx_word' id='word_1_635' title='bbox 773 4574 967 4630; x_wconf 76' lang='lat' dir='ltr'><strong>magna</strong></span> <span class='ocrx_word' id='word_1_636' title='bbox 994 4575 1125 4615; x_wconf 82' lang='lat' dir='ltr'><strong>voce</strong></span> <span class='ocrx_word' id='word_1_637' title='bbox 1158 4560 1534 4630; x_wconf 63' lang='lat' dir='ltr'><strong>pradicantes.</strong></span> <span class='ocrx_word' id='word_1_638' title='bbox 1569 4557 1677 4613; x_wconf 87' lang='lat' dir='ltr'><strong>Sed</strong></span> <span class='ocrx_word' id='word_1_639' title='bbox 1710 4559 1870 4612; x_wconf 85' lang='lat' dir='ltr'><strong>etiam</strong></span> <span class='ocrx_word' id='word_1_640' title='bbox 1896 4557 2107 4614; x_wconf 72' lang='lat' dir='ltr'><strong>aestimo</strong></span> <span class='ocrx_word' id='word_1_641' title='bbox 2130 4559 2342 4615; x_wconf 76' lang='lat' dir='ltr'><strong>divinas</strong></span> 
     </span>
    </p>
   </div>
   <div class='ocr_carea' id='block_1_77' title="bbox 773 4649 2344 4720">
    <p class='ocr_par' dir='ltr' id='par_1_77' title="bbox 773 4649 2344 4720">
     <span class='ocr_line' id='line_1_77' title="bbox 773 4649 2344 4720; baseline 0.002 -18"><span class='ocrx_word' id='word_1_642' title='bbox 773 4649 1000 4706; x_wconf 86' lang='lat' dir='ltr'><strong>virtutes</strong></span> <span class='ocrx_word' id='word_1_643' title='bbox 1053 4659 1108 4705; x_wconf 89' lang='lat' dir='ltr'><strong>et</strong></span> <span class='ocrx_word' id='word_1_644' title='bbox 1159 4651 1562 4706; x_wconf 88' lang='lat' dir='ltr'><strong>multitudinem</strong></span> <span class='ocrx_word' id='word_1_645' title='bbox 1606 4649 2057 4720; x_wconf 75' lang='lat' dir='ltr'><strong>angelorum,qui</strong></span> <span class='ocrx_word' id='word_1_646' title='bbox 2105 4651 2160 4703; x_wconf 91' lang='lat' dir='ltr'><strong>in</strong></span> <span class='ocrx_word' id='word_1_647' title='bbox 2204 4653 2344 4705; x_wconf 67' lang='lat' dir='ltr'><strong>caelo</strong></span> 
     </span>
    </p>
   </div>
   <div class='ocr_carea' id='block_1_78' title="bbox 2451 3453 4022 3524">
    <p class='ocr_par' dir='ltr' id='par_1_78' title="bbox 2451 3453 4022 3524">
     <span class='ocr_line' id='line_1_78' title="bbox 2451 3453 4022 3524; baseline 0.004 -18"><span class='ocrx_word' id='word_1_648' title='bbox 2451 3454 2706 3524; x_wconf 79' lang='grc' dir='ltr'><strong>σημαίνει</strong></span> <span class='ocrx_word' id='word_1_649' title='bbox 2744 3453 2899 3522; x_wconf 83' lang='grc' dir='ltr'>λέγον</span> <span class='ocrx_word' id='word_1_650' title='bbox 2923 3470 2935 3484; x_wconf 89' lang='grc'><strong>·</strong></span> <span class='ocrx_word' id='word_1_651' title='bbox 2979 3454 3034 3506; x_wconf 88' lang='lat'><strong>&#39;0</strong></span> <span class='ocrx_word' id='word_1_652' title='bbox 3066 3457 3278 3523; x_wconf 83' lang='grc' dir='ltr'>θρόνος</span> <span class='ocrx_word' id='word_1_653' title='bbox 3304 3472 3441 3520; x_wconf 87' lang='grc' dir='ltr'>σου,</span> <span class='ocrx_word' id='word_1_654' title='bbox 3481 3459 3514 3510; x_wconf 81' lang='grc' dir='ltr'><em>ὀ</em></span> <span class='ocrx_word' id='word_1_655' title='bbox 3565 3455 3735 3522; x_wconf 80' lang='grc' dir='ltr'>Θεὸς,</span> <span class='ocrx_word' id='word_1_656' title='bbox 3785 3460 3872 3523; x_wconf 78' lang='grc' dir='ltr'><strong>εἰς</strong></span> <span class='ocrx_word' id='word_1_657' title='bbox 3915 3459 4022 3513; x_wconf 71' lang='grc' dir='ltr'><strong>τὸν</strong></span> 
     </span>
    </p>
   </div>
   <div class='ocr_carea' id='block_1_79' title="bbox 2446 3544 4023 3619">
    <p class='ocr_par' dir='ltr' id='par_1_79' title="bbox 2446 3544 4023 3619">
     <span class='ocr_line' id='line_1_79' title="bbox 2446 3544 4023 3619; baseline 0.004 -22"><span class='ocrx_word' id='word_1_658' title='bbox 2446 3544 2628 3599; x_wconf 71' lang='grc' dir='ltr'>αἰῶνα</span> <span class='ocrx_word' id='word_1_659' title='bbox 2644 3545 2756 3612; x_wconf 63' lang='grc' dir='ltr'><strong>’τοῦ</strong></span> <span class='ocrx_word' id='word_1_660' title='bbox 2778 3546 3008 3611; x_wconf 66' lang='grc' dir='ltr'><strong>αἰῶνοςο</strong></span> <span class='ocrx_word' id='word_1_661' title='bbox 3022 3545 3247 3613; x_wconf 75' lang='grc' dir='ltr'><strong>ῥάϐδος</strong></span> <span class='ocrx_word' id='word_1_662' title='bbox 3263 3546 3587 3614; x_wconf 69' lang='grc' dir='ltr'>εὐθύτητος</span> <span class='ocrx_word' id='word_1_663' title='bbox 3612 3547 3650 3614; x_wconf 69' lang='grc' dir='ltr'>ἡ</span> <span class='ocrx_word' id='word_1_664' title='bbox 3673 3546 3897 3616; x_wconf 74' lang='grc' dir='ltr'><strong>ῥάϐδος</strong></span> <span class='ocrx_word' id='word_1_665' title='bbox 3916 3549 4023 3619; x_wconf 84' lang='grc' dir='ltr'><strong>τῆς</strong></span> 
     </span>
    </p>
   </div>
   <div class='ocr_carea' id='block_1_80' title="bbox 2441 3636 4025 3712">
    <p class='ocr_par' dir='ltr' id='par_1_80' title="bbox 2441 3636 4025 3712">
     <span class='ocr_line' id='line_1_80' title="bbox 2441 3636 4025 3712; baseline 0.004 -24"><span class='ocrx_word' id='word_1_666' title='bbox 2441 3636 2760 3703; x_wconf 78' lang='grc' dir='ltr'><strong>βασιλείας</strong></span> <span class='ocrx_word' id='word_1_667' title='bbox 2796 3650 2931 3690; x_wconf 86' lang='grc' dir='ltr'>σου.</span> <span class='ocrx_word' id='word_1_668' title='bbox 2959 3636 3298 3706; x_wconf 77' lang='grc' dir='ltr'>Ἠγάπησας</span> <span class='ocrx_word' id='word_1_669' title='bbox 3321 3637 3733 3706; x_wconf 78' lang='grc' dir='ltr'><strong>δικαιοσύνην,</strong></span> <span class='ocrx_word' id='word_1_670' title='bbox 3772 3641 3868 3694; x_wconf 75' lang='grc' dir='ltr'><strong>καὶ</strong></span> <span class='ocrx_word' id='word_1_671' title='bbox 3909 3643 4025 3712; x_wconf 83' lang='grc' dir='ltr'>ἐμί-</span> 
     </span>
    </p>
   </div>
   <div class='ocr_carea' id='block_1_81' title="bbox 2445 3729 4022 3800">
    <p class='ocr_par' dir='ltr' id='par_1_81' title="bbox 2445 3729 4022 3800">
     <span class='ocr_line' id='line_1_81' title="bbox 2445 3729 4022 3800; baseline 0.006 -22"><span class='ocrx_word' id='word_1_672' title='bbox 2445 3742 2645 3796; x_wconf 84' lang='grc' dir='ltr'>σησας</span> <span class='ocrx_word' id='word_1_673' title='bbox 2683 3729 2940 3798; x_wconf 80' lang='grc' dir='ltr'><strong>ἀνομίαν</strong></span> <span class='ocrx_word' id='word_1_674' title='bbox 2963 3746 2975 3759; x_wconf 89' lang='grc'><strong>·</strong></span> <span class='ocrx_word' id='word_1_675' title='bbox 3023 3729 3120 3782; x_wconf 83' lang='grc' dir='ltr'><strong>διὰ</strong></span> <span class='ocrx_word' id='word_1_676' title='bbox 3157 3730 3333 3784; x_wconf 86' lang='grc' dir='ltr'>τοῦτο</span> <span class='ocrx_word' id='word_1_677' title='bbox 3363 3729 3571 3800; x_wconf 75' lang='grc' dir='ltr'>ἐχρισέ</span> <span class='ocrx_word' id='word_1_678' title='bbox 3613 3746 3687 3787; x_wconf 84' lang='grc' dir='ltr'>σε</span> <span class='ocrx_word' id='word_1_679' title='bbox 3716 3736 3748 3786; x_wconf 84' lang='grc' dir='ltr'><em>ὀ</em></span> <span class='ocrx_word' id='word_1_680' title='bbox 3776 3733 3944 3799; x_wconf 77' lang='grc' dir='ltr'><em>Θεὸς,</em></span> <span class='ocrx_word' id='word_1_681' title='bbox 3989 3738 4022 3787; x_wconf 90' lang='lat' dir='ltr'><strong>d</strong></span> 
     </span>
    </p>
   </div>
   <div class='ocr_carea' id='block_1_82' title="bbox 2449 3814 4023 3894">
    <p class='ocr_par' dir='ltr' id='par_1_82' title="bbox 2449 3814 4023 3894">
     <span class='ocr_line' id='line_1_82' title="bbox 2449 3814 4023 3894; baseline 0.004 -22"><span class='ocrx_word' id='word_1_682' title='bbox 2449 3821 2592 3885; x_wconf 86' lang='grc' dir='ltr'>Θεός</span> <span class='ocrx_word' id='word_1_683' title='bbox 2613 3814 2747 3873; x_wconf 64' lang='grc' dir='ltr'>σοὶ).</span> <span class='ocrx_word' id='word_1_684' title='bbox 2763 3821 2943 3885; x_wconf 74' lang='grc' dir='ltr'>ἐλαίῳ</span> <span class='ocrx_word' id='word_1_685' title='bbox 2967 3820 3556 3890; x_wconf 69' lang='grc' dir='ltr'><strong>ἀγαλλιάσεωςπαρὰ</strong></span> <span class='ocrx_word' id='word_1_686' title='bbox 3568 3823 3710 3888; x_wconf 84' lang='grc' dir='ltr'>τοὺς</span> <span class='ocrx_word' id='word_1_687' title='bbox 3725 3827 4023 3894; x_wconf 80' lang='grc' dir='ltr'><strong>μετόχους</strong></span> 
     </span>
    </p>
   </div>
   <div class='ocr_carea' id='block_1_83' title="bbox 2445 3903 4019 3991">
    <p class='ocr_par' dir='ltr' id='par_1_83' title="bbox 2445 3903 4019 3991">
     <span class='ocr_line' id='line_1_83' title="bbox 2445 3903 4019 3991; baseline -0.001 -20"><span class='ocrx_word' id='word_1_688' title='bbox 2445 3924 2582 3964; x_wconf 81' lang='grc' dir='ltr'><strong>σου.</strong></span> <span class='ocrx_word' id='word_1_689' title='bbox 2616 3904 2726 3963; x_wconf 84' lang='grc' dir='ltr'><strong>Ἦν</strong></span> <span class='ocrx_word' id='word_1_690' title='bbox 2761 3911 2858 3980; x_wconf 86' lang='grc' dir='ltr'>μὲν</span> <span class='ocrx_word' id='word_1_691' title='bbox 2881 3908 2973 3964; x_wconf 81' lang='grc' dir='ltr'><strong>οὖν</strong></span> <span class='ocrx_word' id='word_1_692' title='bbox 2995 3911 3211 3981; x_wconf 75' lang='grc' dir='ltr'>ἕτοιμος</span> <span class='ocrx_word' id='word_1_693' title='bbox 3240 3912 3269 3962; x_wconf 84' lang='grc' dir='ltr'>ό</span> <span class='ocrx_word' id='word_1_694' title='bbox 3289 3911 3476 3981; x_wconf 81' lang='grc' dir='ltr'>θρόνος</span> <span class='ocrx_word' id='word_1_695' title='bbox 3506 3929 3598 3966; x_wconf 92' lang='grc' dir='ltr'>σου</span> <span class='ocrx_word' id='word_1_696' title='bbox 3621 3903 3726 3967; x_wconf 82' lang='grc' dir='ltr'>άπὸ</span> <span class='ocrx_word' id='word_1_697' title='bbox 3757 3917 3900 3981; x_wconf 89' lang='grc' dir='ltr'>τότε,</span> <span class='ocrx_word' id='word_1_698' title='bbox 3927 3919 4019 3991; x_wconf 64' lang='grc' dir='ltr'><strong>ἀφ’</strong></span> 
     </span>
    </p>
   </div>
   <div class='ocr_carea' id='block_1_84' title="bbox 2445 3995 4021 4074">
    <p class='ocr_par' dir='ltr' id='par_1_84' title="bbox 2445 3995 4021 4074">
     <span class='ocr_line' id='line_1_84' title="bbox 2445 3995 4021 4074; baseline 0.006 -21"><span class='ocrx_word' id='word_1_699' title='bbox 2445 3995 2506 4054; x_wconf 73' lang='grc' dir='ltr'>οὗ</span> <span class='ocrx_word' id='word_1_700' title='bbox 2535 4000 2736 4072; x_wconf 87' lang='grc' dir='ltr'><strong>δηλαδὴ</strong></span> <span class='ocrx_word' id='word_1_701' title='bbox 2764 4001 2915 4074; x_wconf 80' lang='grc' dir='ltr'>παρὰ</span> <span class='ocrx_word' id='word_1_702' title='bbox 2958 4001 3036 4072; x_wconf 89' lang='grc' dir='ltr'>τῷ</span> <span class='ocrx_word' id='word_1_703' title='bbox 3074 4003 3253 4073; x_wconf 79' lang='grc' dir='ltr'>Πατρὶ</span> <span class='ocrx_word' id='word_1_704' title='bbox 3287 3999 3374 4073; x_wconf 78' lang='grc' dir='ltr'>ἧς,</span> <span class='ocrx_word' id='word_1_705' title='bbox 3425 4005 3546 4058; x_wconf 77' lang='grc' dir='ltr'><strong>ἐπεὶ</strong></span> <span class='ocrx_word' id='word_1_706' title='bbox 3585 4008 3678 4059; x_wconf 74' lang='grc' dir='ltr'>καὶ</span> <span class='ocrx_word' id='word_1_707' title='bbox 3719 4009 3881 4072; x_wconf 82' lang='grc' dir='ltr'>αὐτὸς</span> <span class='ocrx_word' id='word_1_708' title='bbox 3913 4011 4021 4063; x_wconf 80' lang='grc' dir='ltr'><strong>ἀπὸ</strong></span> 
     </span>
    </p>
   </div>
   <div class='ocr_carea' id='block_1_85' title="bbox 2444 4088 4016 4166">
    <p class='ocr_par' dir='ltr' id='par_1_85' title="bbox 2444 4088 4016 4166">
     <span class='ocr_line' id='line_1_85' title="bbox 2444 4088 4016 4166; baseline 0.007 -23"><span class='ocrx_word' id='word_1_709' title='bbox 2444 4091 2536 4144; x_wconf 63' lang='grc' dir='ltr'>τοῦ</span> <span class='ocrx_word' id='word_1_710' title='bbox 2563 4092 2759 4156; x_wconf 81' lang='grc' dir='ltr'>αἰῶνος</span> <span class='ocrx_word' id='word_1_711' title='bbox 2782 4095 2845 4146; x_wconf 84' lang='grc' dir='ltr'>σὺ</span> <span class='ocrx_word' id='word_1_712' title='bbox 2875 4088 2944 4146; x_wconf 79' lang='grc' dir='ltr'><strong>εἷ.</strong></span> <span class='ocrx_word' id='word_1_713' title='bbox 2980 4092 3127 4166; x_wconf 74' lang='grc' dir='ltr'><strong>Πλὴν</strong></span> <span class='ocrx_word' id='word_1_714' title='bbox 3161 4093 3297 4147; x_wconf 82' lang='grc' dir='ltr'>ἀλλὰ</span> <span class='ocrx_word' id='word_1_715' title='bbox 3319 4095 3413 4147; x_wconf 81' lang='grc' dir='ltr'>καὶ</span> <span class='ocrx_word' id='word_1_716' title='bbox 3439 4094 3533 4149; x_wconf 80' lang='grc' dir='ltr'>νῦν</span> <span class='ocrx_word' id='word_1_717' title='bbox 3557 4096 3790 4166; x_wconf 78' lang='grc' dir='ltr'><strong>ἐπῆραν</strong></span> <span class='ocrx_word' id='word_1_718' title='bbox 3820 4101 3873 4152; x_wconf 82' lang='grc' dir='ltr'>οί</span> <span class='ocrx_word' id='word_1_719' title='bbox 3907 4115 4016 4155; x_wconf 82' lang='grc' dir='ltr'><strong>πο-</strong></span> 
     </span>
    </p>
   </div>
   <div class='ocr_carea' id='block_1_86' title="bbox 2444 4181 4020 4260">
    <p class='ocr_par' dir='ltr' id='par_1_86' title="bbox 2444 4181 4020 4260">
     <span class='ocr_line' id='line_1_86' title="bbox 2444 4181 4020 4260; baseline 0.006 -25"><span class='ocrx_word' id='word_1_720' title='bbox 2444 4181 2637 4251; x_wconf 77' lang='grc' dir='ltr'>ταμοὶ,</span> <span class='ocrx_word' id='word_1_721' title='bbox 2661 4204 2666 4208; x_wconf 92' lang='grc'>·</span> <span class='ocrx_word' id='word_1_722' title='bbox 2687 4183 2882 4252; x_wconf 75' lang='grc' dir='ltr'><strong>Κύριε.</strong></span> <span class='ocrx_word' id='word_1_723' title='bbox 2923 4183 2986 4236; x_wconf 87' lang='grc' dir='ltr'>Τί</span> <span class='ocrx_word' id='word_1_724' title='bbox 3014 4183 3071 4236; x_wconf 86' lang='grc' dir='ltr'>δὲ</span> <span class='ocrx_word' id='word_1_725' title='bbox 3103 4185 3337 4256; x_wconf 75' lang='grc' dir='ltr'>ἐπῆραν,</span> <span class='ocrx_word' id='word_1_726' title='bbox 3369 4186 3730 4259; x_wconf 85' lang='grc' dir='ltr'>ὲπιδευτερῶν</span> <span class='ocrx_word' id='word_1_727' title='bbox 3772 4189 3898 4260; x_wconf 81' lang='grc' dir='ltr'><strong>ἑξῆς</strong></span> <span class='ocrx_word' id='word_1_728' title='bbox 3925 4191 4020 4246; x_wconf 82' lang='grc' dir='ltr'><strong>τὸν</strong></span> 
     </span>
    </p>
   </div>
   <div class='ocr_carea' id='block_1_87' title="bbox 2444 4274 4017 4351">
    <p class='ocr_par' dir='ltr' id='par_1_87' title="bbox 2444 4274 4017 4351">
     <span class='ocr_line' id='line_1_87' title="bbox 2444 4274 4017 4351; baseline 0.006 -25"><span class='ocrx_word' id='word_1_729' title='bbox 2444 4274 2600 4343; x_wconf 76' lang='grc' dir='ltr'>λόγον</span> <span class='ocrx_word' id='word_1_730' title='bbox 2634 4276 2962 4348; x_wconf 77' lang='grc' dir='ltr'><strong>παρίστησιν</strong></span> <span class='ocrx_word' id='word_1_731' title='bbox 2986 4275 3158 4334; x_wconf 77' lang='grc' dir='ltr'>εἰπών</span> <span class='ocrx_word' id='word_1_732' title='bbox 3177 4293 3190 4308; x_wconf 83' lang='grc'><em>’</em></span> <span class='ocrx_word' id='word_1_733' title='bbox 3233 4275 3499 4347; x_wconf 81' lang='grc' dir='ltr'>Ἐπῆραν</span> <span class='ocrx_word' id='word_1_734' title='bbox 3531 4283 3586 4334; x_wconf 83' lang='grc' dir='ltr'><strong>οἱ</strong></span> <span class='ocrx_word' id='word_1_735' title='bbox 3613 4282 3864 4350; x_wconf 74' lang='grc' dir='ltr'>ποταμοὶ</span> <span class='ocrx_word' id='word_1_736' title='bbox 3896 4299 4017 4351; x_wconf 69' lang='lat' dir='ltr'><strong>5pm-</strong></span> 
     </span>
    </p>
   </div>
   <div class='ocr_carea' id='block_1_88' title="bbox 2443 4365 4016 4445">
    <p class='ocr_par' dir='ltr' id='par_1_88' title="bbox 2443 4365 4016 4445">
     <span class='ocr_line' id='line_1_88' title="bbox 2443 4365 4016 4445; baseline 0.015 -29"><span class='ocrx_word' id='word_1_737' title='bbox 2443 4365 2564 4433; x_wconf 77' lang='grc' dir='ltr'><strong>νὴν</strong></span> <span class='ocrx_word' id='word_1_738' title='bbox 2585 4365 2786 4420; x_wconf 81' lang='grc' dir='ltr'>αὐτῶν</span> <span class='ocrx_word' id='word_1_739' title='bbox 2803 4384 2815 4396; x_wconf 92' lang='grc'>·</span> <span class='ocrx_word' id='word_1_740' title='bbox 2846 4367 3021 4423; x_wconf 81' lang='grc' dir='ltr'>ταῦτα</span> <span class='ocrx_word' id='word_1_741' title='bbox 3042 4371 3152 4443; x_wconf 85' lang='grc' dir='ltr'><strong>γὰρ</strong></span> <span class='ocrx_word' id='word_1_742' title='bbox 3180 4373 3508 4429; x_wconf 84' lang='grc' dir='ltr'>λανθάνοντα</span> <span class='ocrx_word' id='word_1_743' title='bbox 3529 4372 3696 4428; x_wconf 89' lang='grc' dir='ltr'>πάλαι</span> <span class='ocrx_word' id='word_1_744' title='bbox 3731 4374 4016 4445; x_wconf 72' lang='grc' dir='ltr'>πρότερον,</span> 
     </span>
    </p>
   </div>
   <div class='ocr_carea' id='block_1_89' title="bbox 2443 4459 4018 4535">
    <p class='ocr_par' dir='ltr' id='par_1_89' title="bbox 2443 4459 4018 4535">
     <span class='ocr_line' id='line_1_89' title="bbox 2443 4459 4018 4535; baseline 0.004 -22"><span class='ocrx_word' id='word_1_745' title='bbox 2443 4459 2538 4513; x_wconf 79' lang='grc' dir='ltr'><strong>νῦν</strong></span> <span class='ocrx_word' id='word_1_746' title='bbox 2568 4462 2647 4522; x_wconf 82' lang='grc' dir='ltr'>είς</span> <span class='ocrx_word' id='word_1_747' title='bbox 2674 4459 2997 4523; x_wconf 73' lang='grc' dir='ltr'>ἐξάκουστον</span> <span class='ocrx_word' id='word_1_748' title='bbox 3043 4465 3298 4520; x_wconf 83' lang='grc' dir='ltr'>ἁπάντων</span> <span class='ocrx_word' id='word_1_749' title='bbox 3329 4467 3518 4535; x_wconf 81' lang='grc' dir='ltr'><strong>γέγονε</strong></span> <span class='ocrx_word' id='word_1_750' title='bbox 3569 4464 3679 4518; x_wconf 87' lang='grc' dir='ltr'>τῶν</span> <span class='ocrx_word' id='word_1_751' title='bbox 3725 4465 3819 4518; x_wconf 82' lang='grc' dir='ltr'>τοῦ</span> <span class='ocrx_word' id='word_1_752' title='bbox 3870 4466 4018 4520; x_wconf 81' lang='grc' dir='ltr'>θείου</span> 
     </span>
    </p>
   </div>
   <div class='ocr_carea' id='block_1_90' title="bbox 2445 4552 4020 4630">
    <p class='ocr_par' dir='ltr' id='par_1_90' title="bbox 2445 4552 4020 4630">
     <span class='ocr_line' id='line_1_90' title="bbox 2445 4552 4020 4630; baseline 0.004 -25"><span class='ocrx_word' id='word_1_753' title='bbox 2445 4552 2760 4622; x_wconf 87' lang='grc' dir='ltr'><strong>Πνεύματος</strong></span> <span class='ocrx_word' id='word_1_754' title='bbox 2792 4553 3108 4624; x_wconf 74' lang='grc' dir='ltr'><strong>ἠξιωμένων</strong></span> <span class='ocrx_word' id='word_1_755' title='bbox 3135 4560 3450 4630; x_wconf 79' lang='grc' dir='ltr'>προφητῶν,</span> <span class='ocrx_word' id='word_1_756' title='bbox 3491 4557 3801 4611; x_wconf 80' lang='grc' dir='ltr'><strong>ἀποστόλων</strong></span> <span class='ocrx_word' id='word_1_757' title='bbox 3832 4575 3894 4610; x_wconf 88' lang='grc' dir='ltr'><strong>τε</strong></span> <span class='ocrx_word' id='word_1_758' title='bbox 3923 4560 4020 4613; x_wconf 81' lang='grc' dir='ltr'><strong>καὶ</strong></span> 
     </span>
    </p>
   </div>
   <div class='ocr_carea' id='block_1_91' title="bbox 2445 4645 4018 4722">
    <p class='ocr_par' dir='ltr' id='par_1_91' title="bbox 2445 4645 4018 4722">
     <span class='ocr_line' id='line_1_91' title="bbox 2445 4645 4018 4722; baseline 0.003 -24"><span class='ocrx_word' id='word_1_759' title='bbox 2445 4645 2866 4714; x_wconf 73' lang='grc' dir='ltr'><strong>εὐαγγελιστῶν,</strong></span> <span class='ocrx_word' id='word_1_760' title='bbox 2924 4647 3266 4720; x_wconf 82' lang='grc' dir='ltr'>μυριάνδρων</span> <span class='ocrx_word' id='word_1_761' title='bbox 3313 4667 3374 4702; x_wconf 87' lang='grc' dir='ltr'><strong>τε</strong></span> <span class='ocrx_word' id='word_1_762' title='bbox 3416 4649 3560 4702; x_wconf 85' lang='grc' dir='ltr'>λαῶν</span> <span class='ocrx_word' id='word_1_763' title='bbox 3590 4649 3697 4703; x_wconf 85' lang='grc' dir='ltr'>τῶν</span> <span class='ocrx_word' id='word_1_764' title='bbox 3733 4650 3854 4702; x_wconf 85' lang='grc' dir='ltr'>καθ’</span> <span class='ocrx_word' id='word_1_765' title='bbox 3888 4651 4018 4722; x_wconf 85' lang='grc' dir='ltr'><strong>ὅλης</strong></span> 
     </span>
    </p>
   </div>
   <div class='ocr_carea' id='block_1_92' title="bbox 770 4731 2496 4808">
    <p class='ocr_par' dir='ltr' id='par_1_92' title="bbox 770 4731 2496 4807">
     <span class='ocr_line' id='line_1_92' title="bbox 770 4731 2496 4807; baseline 0.001 -11"><span class='ocrx_word' id='word_1_766' title='bbox 770 4750 921 4804; x_wconf 90' lang='lat' dir='ltr'><strong>sunt,</strong></span> <span class='ocrx_word' id='word_1_767' title='bbox 967 4757 1114 4795; x_wconf 89' lang='lat' dir='ltr'><strong>nunc</strong></span> <span class='ocrx_word' id='word_1_768' title='bbox 1171 4741 1393 4796; x_wconf 84' lang='lat' dir='ltr'><strong>ﬂumina</strong></span> <span class='ocrx_word' id='word_1_769' title='bbox 1441 4743 1649 4797; x_wconf 83' lang='lat' dir='ltr'><strong>vocari.</strong></span> <span class='ocrx_word' id='word_1_770' title='bbox 1674 4741 1783 4807; x_wconf 82' lang='lat' dir='ltr'><strong>Qui</strong></span> <span class='ocrx_word' id='word_1_771' title='bbox 1832 4743 1959 4797; x_wconf 88' lang='lat' dir='ltr'><strong>item</strong></span> <span class='ocrx_word' id='word_1_772' title='bbox 1998 4742 2346 4797; x_wconf 82' lang='lat' dir='ltr'><strong>elevaverunt</strong></span> <span class='ocrx_word' id='word_1_773' title='bbox 2377 4731 2496 4788; x_wconf 70' lang='grc' dir='ltr'><strong>Πτῗ</strong></span> 
     </span>
    </p>
   </div>
   <div class='ocr_carea' id='block_1_93' title="bbox 2291 4731 4017 4808">
    <p class='ocr_par' dir='ltr' id='par_1_93' title="bbox 2291 4731 4017 4808">
     <span class='ocr_line' id='line_1_93' title="bbox 2291 4731 4017 4808; baseline 0.005 -24"><span class='ocrx_word' id='word_1_774' title='bbox 2291 4753 2346 4797; x_wconf 81' lang='grc' dir='ltr'>ηι</span> <span class='ocrx_word' id='word_1_775' title='bbox 2377 4731 2419 4785; x_wconf 88' lang='lat' dir='ltr'><strong>D</strong></span> <span class='ocrx_word' id='word_1_776' title='bbox 2442 4736 2542 4806; x_wconf 82' lang='grc' dir='ltr'>τῆς</span> <span class='ocrx_word' id='word_1_777' title='bbox 2579 4734 2904 4806; x_wconf 81' lang='grc' dir='ltr'><strong>οἰκουμένης</strong></span> <span class='ocrx_word' id='word_1_778' title='bbox 2929 4737 2987 4788; x_wconf 81' lang='grc' dir='ltr'><strong>ὲν</strong></span> <span class='ocrx_word' id='word_1_779' title='bbox 3030 4739 3148 4799; x_wconf 81' lang='grc' dir='ltr'>ταῖς</span> <span class='ocrx_word' id='word_1_780' title='bbox 3190 4737 3506 4808; x_wconf 72' lang='grc' dir='ltr'><strong>ἐκκλησίαις</strong></span> <span class='ocrx_word' id='word_1_781' title='bbox 3539 4737 4017 4806; x_wconf 83' lang='grc' dir='ltr'>καταγγελλόντων</span> 
     </span>
    </p>
   </div>
   <div class='ocr_carea' id='block_1_94' title="bbox 769 4832 2342 4900">
    <p class='ocr_par' dir='ltr' id='par_1_94' title="bbox 769 4832 2342 4900">
     <span class='ocr_line' id='line_1_94' title="bbox 769 4832 2342 4900; baseline 0.003 -18"><span class='ocrx_word' id='word_1_782' title='bbox 769 4845 956 4884; x_wconf 81' lang='lat' dir='ltr'><strong>vocem</strong></span> <span class='ocrx_word' id='word_1_783' title='bbox 994 4844 1170 4892; x_wconf 89' lang='lat' dir='ltr'><strong>suam,</strong></span> <span class='ocrx_word' id='word_1_784' title='bbox 1202 4832 1419 4900; x_wconf 90' lang='lat' dir='ltr'><strong>quando</strong></span> <span class='ocrx_word' id='word_1_785' title='bbox 1441 4847 1509 4887; x_wconf 77' lang='lat' dir='ltr'><strong>ex</strong></span> <span class='ocrx_word' id='word_1_786' title='bbox 1534 4834 1811 4887; x_wconf 77' lang='lat' dir='ltr'><strong>hominum</strong></span> <span class='ocrx_word' id='word_1_787' title='bbox 1842 4834 2120 4888; x_wconf 90' lang='lat' dir='ltr'><strong>consortio</strong></span> <span class='ocrx_word' id='word_1_788' title='bbox 2143 4834 2199 4886; x_wconf 89' lang='lat' dir='ltr'><strong>in</strong></span> <span class='ocrx_word' id='word_1_789' title='bbox 2231 4848 2342 4887; x_wconf 72' lang='lat' dir='ltr'><strong>cm-</strong></span> 
     </span>
    </p>
   </div>
   <div class='ocr_carea' id='block_1_95' title="bbox 768 4921 2342 4989">
    <p class='ocr_par' dir='ltr' id='par_1_95' title="bbox 768 4921 2342 4989">
     <span class='ocr_line' id='line_1_95' title="bbox 768 4921 2342 4989; baseline 0.003 -15"><span class='ocrx_word' id='word_1_790' title='bbox 768 4921 852 4976; x_wconf 88' lang='lat' dir='ltr'><strong>los</strong></span> <span class='ocrx_word' id='word_1_791' title='bbox 901 4921 1282 4978; x_wconf 87' lang='lat' dir='ltr'><strong>ascendentem</strong></span> <span class='ocrx_word' id='word_1_792' title='bbox 1321 4923 1686 4989; x_wconf 86' lang='lat' dir='ltr'><strong>Servatorem,</strong></span> <span class='ocrx_word' id='word_1_793' title='bbox 1731 4925 1927 4979; x_wconf 88' lang='lat' dir='ltr'><strong>decore</strong></span> <span class='ocrx_word' id='word_1_794' title='bbox 1971 4924 2190 4980; x_wconf 81' lang='lat' dir='ltr'><strong>deitatis</strong></span> <span class='ocrx_word' id='word_1_795' title='bbox 2230 4937 2342 4980; x_wconf 71' lang='lat' dir='ltr'><strong>suae</strong></span> 
     </span>
    </p>
   </div>
   <div class='ocr_carea' id='block_1_96' title="bbox 769 5010 2339 5084">
    <p class='ocr_par' dir='ltr' id='par_1_96' title="bbox 769 5010 2339 5084">
     <span class='ocr_line' id='line_1_96' title="bbox 769 5010 2339 5084; baseline 0.003 -21"><span class='ocrx_word' id='word_1_796' title='bbox 769 5010 1042 5075; x_wconf 86' lang='lat' dir='ltr'><strong>indutum,</strong></span> <span class='ocrx_word' id='word_1_797' title='bbox 1061 5019 1288 5081; x_wconf 86' lang='lat' dir='ltr'><strong>paterna</strong></span> <span class='ocrx_word' id='word_1_798' title='bbox 1306 5012 1506 5083; x_wconf 87' lang='lat' dir='ltr'><strong>virtute</strong></span> <span class='ocrx_word' id='word_1_799' title='bbox 1530 5014 1899 5083; x_wconf 64' lang='lat' dir='ltr'><strong>praecinctum,</strong></span> <span class='ocrx_word' id='word_1_800' title='bbox 1919 5014 2339 5084; x_wconf 83' lang='lat' dir='ltr'><strong>pmpriumqucs</strong></span> 
     </span>
    </p>
   </div>
   <div class='ocr_carea' id='block_1_97' title="bbox 769 5100 2335 5173">
    <p class='ocr_par' dir='ltr' id='par_1_97' title="bbox 769 5100 2335 5173">
     <span class='ocr_line' id='line_1_97' title="bbox 769 5100 2335 5173; baseline 0.004 -20"><span class='ocrx_word' id='word_1_801' title='bbox 769 5100 845 5154; x_wconf 86' lang='lat' dir='ltr'><strong>ibi</strong></span> <span class='ocrx_word' id='word_1_802' title='bbox 903 5103 1055 5172; x_wconf 79' lang='lat' dir='ltr'><strong>regni</strong></span> <span class='ocrx_word' id='word_1_803' title='bbox 1102 5101 1362 5161; x_wconf 87' lang='lat' dir='ltr'><strong>thronum</strong></span> <span class='ocrx_word' id='word_1_804' title='bbox 1412 5111 1774 5170; x_wconf 85' lang='lat' dir='ltr'><strong>repetentem,</strong></span> <span class='ocrx_word' id='word_1_805' title='bbox 1812 5103 2335 5173; x_wconf 85' lang='lat' dir='ltr'><strong>contemplabantur.</strong></span> 
     </span>
    </p>
   </div>
   <div class='ocr_carea' id='block_1_98' title="bbox 767 5191 2338 5261">
    <p class='ocr_par' dir='ltr' id='par_1_98' title="bbox 767 5191 2338 5261">
     <span class='ocr_line' id='line_1_98' title="bbox 767 5191 2338 5261; baseline 0.004 -17"><span class='ocrx_word' id='word_1_806' title='bbox 767 5191 894 5257; x_wconf 64' lang='lat' dir='ltr'><strong>Haec</strong></span> <span class='ocrx_word' id='word_1_807' title='bbox 934 5208 1098 5261; x_wconf 86' lang='lat' dir='ltr'><strong>porro</strong></span> <span class='ocrx_word' id='word_1_808' title='bbox 1134 5192 1386 5248; x_wconf 84' lang='lat' dir='ltr'><strong>dicebant</strong></span> <span class='ocrx_word' id='word_1_809' title='bbox 1422 5193 1528 5245; x_wconf 88' lang='lat' dir='ltr'><strong>alta</strong></span> <span class='ocrx_word' id='word_1_810' title='bbox 1574 5208 1702 5247; x_wconf 89' lang='lat' dir='ltr'><strong>voce</strong></span> <span class='ocrx_word' id='word_1_811' title='bbox 1731 5193 2026 5249; x_wconf 83' lang='lat' dir='ltr'><strong>clamantes</strong></span> <span class='ocrx_word' id='word_1_812' title='bbox 2057 5215 2070 5250; x_wconf 71' lang='grc' dir='ltr'><strong>ι</strong></span> <span class='ocrx_word' id='word_1_813' title='bbox 2099 5195 2338 5250; x_wconf 82' lang='lat' dir='ltr'><strong>Attoltite</strong></span> 
     </span>
    </p>
   </div>
   <div class='ocr_carea' id='block_1_99' title="bbox 661 5285 2334 5355">
    <p class='ocr_par' dir='ltr' id='par_1_99' title="bbox 661 5285 2334 5355">
     <span class='ocr_line' id='line_1_99' title="bbox 661 5285 2334 5355; baseline 0.004 -20"><span class='ocrx_word' id='word_1_814' title='bbox 661 5345 666 5349; x_wconf 22' lang='lat'><strong><em>1</em></strong></span> <span class='ocrx_word' id='word_1_815' title='bbox 766 5293 967 5351; x_wconf 79' lang='lat' dir='ltr'><strong>portas,</strong></span> <span class='ocrx_word' id='word_1_816' title='bbox 982 5285 1263 5352; x_wconf 82' lang='lat' dir='ltr'><strong>principes,</strong></span> <span class='ocrx_word' id='word_1_817' title='bbox 1293 5292 1512 5347; x_wconf 82' lang='lat' dir='ltr'><strong>vestras,</strong></span> <span class='ocrx_word' id='word_1_818' title='bbox 1533 5295 1582 5338; x_wconf 86' lang='lat' dir='ltr'><strong>et</strong></span> <span class='ocrx_word' id='word_1_819' title='bbox 1607 5285 1902 5349; x_wconf 83' lang='lat' dir='ltr'><strong>elevamini,</strong></span> <span class='ocrx_word' id='word_1_820' title='bbox 1925 5297 2089 5355; x_wconf 72' lang='lat' dir='ltr'><strong>porta:</strong></span> <span class='ocrx_word' id='word_1_821' title='bbox 2106 5299 2334 5353; x_wconf 65' lang='grc' dir='ltr'><strong>(εισι-ηαξ,</strong></span> 
     </span>
    </p>
   </div>
   <div class='ocr_carea' id='block_1_100' title="bbox 765 5375 2336 5448">
    <p class='ocr_par' dir='ltr' id='par_1_100' title="bbox 765 5375 2336 5448">
     <span class='ocr_line' id='line_1_100' title="bbox 765 5375 2336 5448; baseline 0.002 -19"><span class='ocrx_word' id='word_1_822' title='bbox 765 5386 817 5429; x_wconf 87' lang='lat' dir='ltr'><strong>et</strong></span> <span class='ocrx_word' id='word_1_823' title='bbox 846 5375 1083 5428; x_wconf 83' lang='lat' dir='ltr'><strong>introibit</strong></span> <span class='ocrx_word' id='word_1_824' title='bbox 1115 5391 1205 5427; x_wconf 77' lang='lat' dir='ltr'><strong>rex</strong></span> <span class='ocrx_word' id='word_1_825' title='bbox 1221 5375 1425 5446; x_wconf 67' lang='lat' dir='ltr'><strong>glorias.</strong></span> <span class='ocrx_word' id='word_1_826' title='bbox 1451 5376 1584 5442; x_wconf 86' lang='lat' dir='ltr'><strong>Quis</strong></span> <span class='ocrx_word' id='word_1_827' title='bbox 1603 5390 1678 5429; x_wconf 82' lang='lat' dir='ltr'><strong>est</strong></span> <span class='ocrx_word' id='word_1_828' title='bbox 1703 5377 1808 5442; x_wconf 85' lang='lat' dir='ltr'><strong>ipse</strong></span> <span class='ocrx_word' id='word_1_829' title='bbox 1823 5393 1912 5431; x_wconf 76' lang='lat' dir='ltr'><strong>rex</strong></span> <span class='ocrx_word' id='word_1_830' title='bbox 1928 5379 2139 5448; x_wconf 71' lang='lat' dir='ltr'><strong>gloriae?</strong></span> <span class='ocrx_word' id='word_1_831' title='bbox 2151 5379 2336 5434; x_wconf 86' lang='lat' dir='ltr'><strong>Domi-</strong></span> 
     </span>
    </p>
   </div>
   <div class='ocr_carea' id='block_1_101' title="bbox 769 5467 2334 5538">
    <p class='ocr_par' dir='ltr' id='par_1_101' title="bbox 769 5467 2334 5538">
     <span class='ocr_line' id='line_1_101' title="bbox 769 5467 2334 5538; baseline 0.002 -18"><span class='ocrx_word' id='word_1_832' title='bbox 769 5483 865 5520; x_wconf 75' lang='lat' dir='ltr'><strong>nus</strong></span> <span class='ocrx_word' id='word_1_833' title='bbox 885 5467 1036 5534; x_wconf 78' lang='lat' dir='ltr'><strong>{ortis</strong></span> <span class='ocrx_word' id='word_1_834' title='bbox 1052 5478 1103 5518; x_wconf 85' lang='lat' dir='ltr'><strong>et</strong></span> <span class='ocrx_word' id='word_1_835' title='bbox 1114 5477 1315 5532; x_wconf 84' lang='lat' dir='ltr'><strong>potens,</strong></span> <span class='ocrx_word' id='word_1_836' title='bbox 1337 5467 1590 5522; x_wconf 88' lang='lat' dir='ltr'><strong>Dominus</strong></span> <span class='ocrx_word' id='word_1_837' title='bbox 1601 5478 1779 5538; x_wconf 82' lang='lat' dir='ltr'><strong>potens</strong></span> <span class='ocrx_word' id='word_1_838' title='bbox 1795 5469 1848 5521; x_wconf 86' lang='lat' dir='ltr'><strong>in</strong></span> <span class='ocrx_word' id='word_1_839' title='bbox 1863 5470 2116 5537; x_wconf 72' lang='lat' dir='ltr'><strong>prwlio&quot;;</strong></span> <span class='ocrx_word' id='word_1_840' title='bbox 2137 5485 2201 5524; x_wconf 89' lang='lat' dir='ltr'><strong>ac</strong></span> <span class='ocrx_word' id='word_1_841' title='bbox 2218 5486 2334 5525; x_wconf 83' lang='lat' dir='ltr'><strong>rur-</strong></span> 
     </span>
    </p>
   </div>
   <div class='ocr_carea' id='block_1_102' title="bbox 770 5552 2338 5631">
    <p class='ocr_par' dir='ltr' id='par_1_102' title="bbox 770 5552 2338 5631">
     <span class='ocr_line' id='line_1_102' title="bbox 770 5552 2338 5631; baseline 0.001 -18"><span class='ocrx_word' id='word_1_842' title='bbox 770 5575 911 5624; x_wconf 86' lang='lat' dir='ltr'><strong>sum,</strong></span> <span class='ocrx_word' id='word_1_843' title='bbox 930 5559 1189 5613; x_wconf 84' lang='lat' dir='ltr'><strong>Dominus</strong></span> <span class='ocrx_word' id='word_1_844' title='bbox 1208 5552 1478 5625; x_wconf 82' lang='lat' dir='ltr'><strong>virtutum,</strong></span> <span class='ocrx_word' id='word_1_845' title='bbox 1497 5562 1604 5629; x_wconf 84' lang='lat' dir='ltr'><strong>ipse</strong></span> <span class='ocrx_word' id='word_1_846' title='bbox 1615 5570 1692 5615; x_wconf 89' lang='lat' dir='ltr'><strong>est</strong></span> <span class='ocrx_word' id='word_1_847' title='bbox 1709 5577 1801 5615; x_wconf 74' lang='lat' dir='ltr'><strong>rex</strong></span> <span class='ocrx_word' id='word_1_848' title='bbox 1817 5560 2001 5631; x_wconf 75' lang='lat' dir='ltr'><strong>gloria:</strong></span> <span class='ocrx_word' id='word_1_849' title='bbox 2017 5561 2080 5614; x_wconf 84' lang='grc'><strong>³⁷.</strong></span> <span class='ocrx_word' id='word_1_850' title='bbox 2099 5561 2338 5616; x_wconf 85' lang='lat' dir='ltr'><strong>Multitu-</strong></span> 
     </span>
    </p>
   </div>
   <div class='ocr_carea' id='block_1_103' title="bbox 767 5650 2344 5725">
    <p class='ocr_par' dir='ltr' id='par_1_103' title="bbox 767 5650 2344 5725">
     <span class='ocr_line' id='line_1_103' title="bbox 767 5650 2344 5725; baseline 0.004 -21"><span class='ocrx_word' id='word_1_851' title='bbox 767 5650 924 5707; x_wconf 78' lang='lat' dir='ltr'><strong>dines</strong></span> <span class='ocrx_word' id='word_1_852' title='bbox 938 5653 1058 5708; x_wconf 91' lang='lat' dir='ltr'><strong>item</strong></span> <span class='ocrx_word' id='word_1_853' title='bbox 1070 5653 1420 5708; x_wconf 79' lang='lat' dir='ltr'><strong>ecclesiarum</strong></span> <span class='ocrx_word' id='word_1_854' title='bbox 1434 5652 1735 5712; x_wconf 87' lang='lat' dir='ltr'><strong>Servatoris</strong></span> <span class='ocrx_word' id='word_1_855' title='bbox 1751 5655 2078 5725; x_wconf 65' lang='lat' dir='ltr'><strong>nos&#39;triapud</strong></span> <span class='ocrx_word' id='word_1_856' title='bbox 2094 5655 2344 5711; x_wconf 70' lang='lat' dir='ltr'><strong>homines</strong></span> 
     </span>
    </p>
   </div>
   <div class='ocr_carea' id='block_1_104' title="bbox 840 5803 1521 5875">
    <p class='ocr_par' dir='ltr' id='par_1_104' title="bbox 840 5803 1521 5875">
     <span class='ocr_line' id='line_1_104' title="bbox 840 5803 1521 5875; baseline 0.01 -17"><span class='ocrx_word' id='word_1_857' title='bbox 840 5805 882 5836; x_wconf 79' lang='lat'><strong>&quot;</strong></span> <span class='ocrx_word' id='word_1_858' title='bbox 921 5803 1081 5860; x_wconf 87' lang='lat' dir='ltr'><strong>Prov.</strong></span> <span class='ocrx_word' id='word_1_859' title='bbox 1148 5824 1278 5875; x_wconf 83' lang='lat' dir='ltr'><strong>vtu,</strong></span> <span class='ocrx_word' id='word_1_860' title='bbox 1333 5807 1521 5865; x_wconf 67' lang='lat'><strong>22-25.</strong></span> 
     </span>
    </p>
   </div>
   <div class='ocr_carea' id='block_1_105' title="bbox 1599 5811 2085 5882">
    <p class='ocr_par' dir='ltr' id='par_1_105' title="bbox 1599 5811 2085 5882">
     <span class='ocr_line' id='line_1_105' title="bbox 1599 5811 2085 5882; baseline 0 -18"><span class='ocrx_word' id='word_1_861' title='bbox 1599 5815 1651 5856; x_wconf 60' lang='grc' dir='ltr'><strong>³¹ι</strong></span> <span class='ocrx_word' id='word_1_862' title='bbox 1681 5811 1821 5866; x_wconf 78' lang='lat' dir='ltr'><strong>Psal.</strong></span> <span class='ocrx_word' id='word_1_863' title='bbox 1841 5875 1866 5882; x_wconf 28' lang='grc' dir='ltr'><strong>μ</strong></span> <span class='ocrx_word' id='word_1_864' title='bbox 1879 5826 1966 5865; x_wconf 77' lang='lat' dir='ltr'><strong>cu</strong></span> <span class='ocrx_word' id='word_1_865' title='bbox 1980 5854 1996 5879; x_wconf 92' lang='lat'><strong>,</strong></span> <span class='ocrx_word' id='word_1_866' title='bbox 2032 5812 2085 5865; x_wconf 75' lang='lat' dir='ltr'><strong>i.</strong></span> 
     </span>
    </p>
   </div>
   <div class='ocr_carea' id='block_1_106' title="bbox 750 5875 1852 5949">
    <p class='ocr_par' dir='ltr' id='par_1_106' title="bbox 750 5875 1852 5949">
     <span class='ocr_line' id='line_1_106' title="bbox 750 5875 1852 5949; baseline 0.005 -21"><span class='ocrx_word' id='word_1_867' title='bbox 750 5875 811 5949; x_wconf 45' lang='lat' dir='ltr'><strong>ei</strong></span> <span class='ocrx_word' id='word_1_868' title='bbox 851 5875 981 5930; x_wconf 89' lang='lat' dir='ltr'><strong>ibid.</strong></span> <span class='ocrx_word' id='word_1_869' title='bbox 1024 5877 1110 5932; x_wconf 73' lang='lat' dir='ltr'><strong>to.</strong></span> <span class='ocrx_word' id='word_1_870' title='bbox 1841 5875 1852 5883; x_wconf 79' lang='lat'><strong>‘</strong></span> 
     </span>
    </p>
   </div>
   <div class='ocr_carea' id='block_1_107' title="bbox 2188 5808 3329 5880">
    <p class='ocr_par' dir='ltr' id='par_1_107' title="bbox 2188 5808 3329 5880">
     <span class='ocr_line' id='line_1_107' title="bbox 2188 5808 3329 5880; baseline 0.007 -22"><span class='ocrx_word' id='word_1_871' title='bbox 2188 5812 2232 5842; x_wconf 71' lang='grc' dir='ltr'><strong>δι</strong></span> <span class='ocrx_word' id='word_1_872' title='bbox 2268 5808 2416 5863; x_wconf 73' lang='lat' dir='ltr'><strong>Psal.</strong></span> <span class='ocrx_word' id='word_1_873' title='bbox 2451 5821 2537 5874; x_wconf 78' lang='lat' dir='ltr'><strong>cr,</strong></span> <span class='ocrx_word' id='word_1_874' title='bbox 2573 5809 2664 5865; x_wconf 77' lang='grc' dir='ltr'><strong>δε.</strong></span> <span class='ocrx_word' id='word_1_875' title='bbox 2742 5810 2787 5846; x_wconf 83' lang='grc'><strong><em>³³</em></strong></span> <span class='ocrx_word' id='word_1_876' title='bbox 2821 5808 2966 5871; x_wconf 79' lang='lat' dir='ltr'><strong>Psal,</strong></span> <span class='ocrx_word' id='word_1_877' title='bbox 3004 5826 3149 5879; x_wconf 72' lang='lat' dir='ltr'><strong>XLIV,</strong></span> <span class='ocrx_word' id='word_1_878' title='bbox 3187 5810 3237 5880; x_wconf 88' lang='lat'><strong>7,</strong></span> <span class='ocrx_word' id='word_1_879' title='bbox 3279 5811 3329 5868; x_wconf 91' lang='lat'><strong>8.</strong></span> 
     </span>
    </p>
   </div>
   <div class='ocr_carea' id='block_1_108' title="bbox 2443 4826 4018 4904">
    <p class='ocr_par' dir='ltr' id='par_1_108' title="bbox 2443 4826 4018 4904">
     <span class='ocr_line' id='line_1_108' title="bbox 2443 4826 4018 4904; baseline 0.003 -25"><span class='ocrx_word' id='word_1_880' title='bbox 2443 4826 2540 4897; x_wconf 84' lang='grc' dir='ltr'><strong>τὴν</strong></span> <span class='ocrx_word' id='word_1_881' title='bbox 2574 4827 2838 4898; x_wconf 80' lang='grc' dir='ltr'>σωτήριον</span> <span class='ocrx_word' id='word_1_882' title='bbox 2873 4826 3148 4896; x_wconf 87' lang='grc' dir='ltr'>βασιλείαν</span> <span class='ocrx_word' id='word_1_883' title='bbox 3169 4867 3184 4892; x_wconf 93' lang='grc'><strong>,</strong></span> <span class='ocrx_word' id='word_1_884' title='bbox 3216 4827 3265 4880; x_wconf 86' lang='grc' dir='ltr'><strong>οἳ</strong></span> <span class='ocrx_word' id='word_1_885' title='bbox 3308 4829 3402 4880; x_wconf 74' lang='grc' dir='ltr'>καὶ</span> <span class='ocrx_word' id='word_1_886' title='bbox 3453 4829 3665 4900; x_wconf 75' lang='grc' dir='ltr'>ἐπῆραν</span> <span class='ocrx_word' id='word_1_887' title='bbox 3700 4830 3800 4900; x_wconf 80' lang='grc' dir='ltr'>τὴν</span> <span class='ocrx_word' id='word_1_888' title='bbox 3833 4831 4018 4904; x_wconf 78' lang='grc' dir='ltr'>φωνὴν</span> 
     </span>
    </p>
   </div>
   <div class='ocr_carea' id='block_1_109' title="bbox 2443 4918 4018 4996">
    <p class='ocr_par' dir='ltr' id='par_1_109' title="bbox 2443 4918 4018 4996">
     <span class='ocr_line' id='line_1_109' title="bbox 2443 4918 4018 4996; baseline 0.003 -23"><span class='ocrx_word' id='word_1_889' title='bbox 2443 4918 2642 4983; x_wconf 84' lang='grc' dir='ltr'>αὐτῶν,</span> <span class='ocrx_word' id='word_1_890' title='bbox 2682 4919 2779 4990; x_wconf 83' lang='grc' dir='ltr'>τὴν</span> <span class='ocrx_word' id='word_1_891' title='bbox 2813 4920 3135 4990; x_wconf 78' lang='grc' dir='ltr'>ἐκχυθεῖσαν</span> <span class='ocrx_word' id='word_1_892' title='bbox 3187 4920 3266 4984; x_wconf 86' lang='grc' dir='ltr'>είς</span> <span class='ocrx_word' id='word_1_893' title='bbox 3316 4921 3518 4987; x_wconf 79' lang='grc' dir='ltr'><strong>πάντας</strong></span> <span class='ocrx_word' id='word_1_894' title='bbox 3549 4923 3642 4977; x_wconf 85' lang='grc' dir='ltr'>τοῦ</span> <span class='ocrx_word' id='word_1_895' title='bbox 3679 4922 3816 4977; x_wconf 84' lang='grc' dir='ltr'>Θεοῦ</span> <span class='ocrx_word' id='word_1_896' title='bbox 3857 4924 4018 4996; x_wconf 84' lang='grc' dir='ltr'>χάριν</span> 
     </span>
    </p>
   </div>
   <div class='ocr_carea' id='block_1_110' title="bbox 2449 5011 4015 5083">
    <p class='ocr_par' dir='ltr' id='par_1_110' title="bbox 2449 5011 4015 5083">
     <span class='ocr_line' id='line_1_110' title="bbox 2449 5011 4015 5083; baseline 0 -20"><span class='ocrx_word' id='word_1_897' title='bbox 2449 5011 2657 5082; x_wconf 81' lang='grc' dir='ltr'>μεγάλῃ</span> <span class='ocrx_word' id='word_1_898' title='bbox 2707 5014 2773 5082; x_wconf 77' lang='grc' dir='ltr'>τῇ</span> <span class='ocrx_word' id='word_1_899' title='bbox 2817 5014 2966 5082; x_wconf 86' lang='grc' dir='ltr'><strong>φωνῇ</strong></span> <span class='ocrx_word' id='word_1_900' title='bbox 3024 5011 3515 5083; x_wconf 77' lang='grc' dir='ltr'><strong>εὐαγγελιζόμενοι.</strong></span> <span class='ocrx_word' id='word_1_901' title='bbox 3559 5013 3716 5068; x_wconf 81' lang='grc' dir='ltr'>Ἀλλὰ</span> <span class='ocrx_word' id='word_1_902' title='bbox 3774 5013 3868 5067; x_wconf 76' lang='grc' dir='ltr'>καὶ</span> <span class='ocrx_word' id='word_1_903' title='bbox 3913 5014 4015 5080; x_wconf 79' lang='grc' dir='ltr'>τὰς</span> 
     </span>
    </p>
   </div>
   <div class='ocr_carea' id='block_1_111' title="bbox 2445 5102 4009 5179">
    <p class='ocr_par' dir='ltr' id='par_1_111' title="bbox 2445 5102 4009 5179">
     <span class='ocr_line' id='line_1_111' title="bbox 2445 5102 4009 5179; baseline 0.005 -25"><span class='ocrx_word' id='word_1_904' title='bbox 2445 5102 2594 5166; x_wconf 89' lang='grc' dir='ltr'>θείας</span> <span class='ocrx_word' id='word_1_905' title='bbox 2642 5104 2898 5174; x_wconf 80' lang='grc' dir='ltr'>δυνάμεις</span> <span class='ocrx_word' id='word_1_906' title='bbox 2952 5105 3046 5157; x_wconf 77' lang='grc' dir='ltr'>καὶ</span> <span class='ocrx_word' id='word_1_907' title='bbox 3097 5105 3156 5158; x_wconf 85' lang='grc' dir='ltr'>τὸ</span> <span class='ocrx_word' id='word_1_908' title='bbox 3211 5105 3416 5176; x_wconf 78' lang='grc' dir='ltr'>πλῆθος</span> <span class='ocrx_word' id='word_1_909' title='bbox 3470 5106 3579 5160; x_wconf 83' lang='grc' dir='ltr'>τῶν</span> <span class='ocrx_word' id='word_1_910' title='bbox 3628 5108 3745 5160; x_wconf 88' lang='grc' dir='ltr'>κατ’</span> <span class='ocrx_word' id='word_1_911' title='bbox 3779 5107 4009 5179; x_wconf 75' lang='grc' dir='ltr'>οὐρανὸν</span> 
     </span>
    </p>
   </div>
   <div class='ocr_carea' id='block_1_112' title="bbox 2443 5191 4010 5271">
    <p class='ocr_par' dir='ltr' id='par_1_112' title="bbox 2443 5191 4010 5271">
     <span class='ocr_line' id='line_1_112' title="bbox 2443 5191 4010 5271; baseline 0.004 -24"><span class='ocrx_word' id='word_1_912' title='bbox 2443 5193 2688 5262; x_wconf 81' lang='grc' dir='ltr'><strong>ἀγγέλων</strong></span> <span class='ocrx_word' id='word_1_913' title='bbox 2717 5191 2868 5266; x_wconf 83' lang='grc' dir='ltr'>οῐμαι</span> <span class='ocrx_word' id='word_1_914' title='bbox 2897 5194 2993 5248; x_wconf 85' lang='grc' dir='ltr'><strong>νῦν</strong></span> <span class='ocrx_word' id='word_1_915' title='bbox 3024 5198 3304 5267; x_wconf 83' lang='grc' dir='ltr'>ποταμοὺς</span> <span class='ocrx_word' id='word_1_916' title='bbox 3328 5196 3706 5267; x_wconf 74' lang='grc' dir='ltr'>ὀνομάζεσθαι.</span> <span class='ocrx_word' id='word_1_917' title='bbox 3735 5197 3798 5252; x_wconf 83' lang='grc' dir='ltr'><strong>Οἳ</strong></span> <span class='ocrx_word' id='word_1_918' title='bbox 3821 5199 3885 5271; x_wconf 82' lang='grc' dir='ltr'><strong>δὴ</strong></span> <span class='ocrx_word' id='word_1_919' title='bbox 3914 5199 4010 5253; x_wconf 78' lang='grc' dir='ltr'>καὶ</span> 
     </span>
    </p>
   </div>
   <div class='ocr_carea' id='block_1_113' title="bbox 2444 5286 4016 5363">
    <p class='ocr_par' dir='ltr' id='par_1_113' title="bbox 2444 5286 4016 5363">
     <span class='ocr_line' id='line_1_113' title="bbox 2444 5286 4016 5363; baseline 0.004 -25"><span class='ocrx_word' id='word_1_920' title='bbox 2444 5286 2599 5338; x_wconf 80' lang='grc' dir='ltr'>αὐτοὶ</span> <span class='ocrx_word' id='word_1_921' title='bbox 2623 5287 2833 5357; x_wconf 80' lang='grc' dir='ltr'>ἐπῆραν</span> <span class='ocrx_word' id='word_1_922' title='bbox 2864 5286 2962 5358; x_wconf 84' lang='grc' dir='ltr'>τὴν</span> <span class='ocrx_word' id='word_1_923' title='bbox 2996 5289 3179 5360; x_wconf 76' lang='grc' dir='ltr'>φωνὴν</span> <span class='ocrx_word' id='word_1_924' title='bbox 3213 5288 3412 5353; x_wconf 79' lang='grc' dir='ltr'>αὐτῶν,</span> <span class='ocrx_word' id='word_1_925' title='bbox 3441 5289 3677 5360; x_wconf 87' lang='grc' dir='ltr'><strong>ὁπηνίκα</strong></span> <span class='ocrx_word' id='word_1_926' title='bbox 3706 5290 3771 5344; x_wconf 80' lang='grc' dir='ltr'>ὲκ</span> <span class='ocrx_word' id='word_1_927' title='bbox 3793 5291 3891 5363; x_wconf 82' lang='grc' dir='ltr'>τῆς</span> <span class='ocrx_word' id='word_1_928' title='bbox 3916 5293 4016 5345; x_wconf 79' lang='grc' dir='ltr'>σὺν</span> 
     </span>
    </p>
   </div>
   <div class='ocr_carea' id='block_1_114' title="bbox 2441 5376 4014 5454">
    <p class='ocr_par' dir='ltr' id='par_1_114' title="bbox 2441 5376 4014 5454">
     <span class='ocr_line' id='line_1_114' title="bbox 2441 5376 4014 5454; baseline 0.006 -25"><span class='ocrx_word' id='word_1_929' title='bbox 2441 5376 2743 5448; x_wconf 75' lang='grc' dir='ltr'>ἀνθρώποις</span> <span class='ocrx_word' id='word_1_930' title='bbox 2759 5377 3037 5447; x_wconf 76' lang='grc' dir='ltr'>διατριϐῆς</span> <span class='ocrx_word' id='word_1_931' title='bbox 3059 5379 3272 5432; x_wconf 82' lang='grc' dir='ltr'>ἀνιόντα</span> <span class='ocrx_word' id='word_1_932' title='bbox 3293 5379 3373 5441; x_wconf 83' lang='grc' dir='ltr'>είς</span> <span class='ocrx_word' id='word_1_933' title='bbox 3394 5379 3651 5452; x_wconf 78' lang='grc' dir='ltr'>οὐρανοὺς</span> <span class='ocrx_word' id='word_1_934' title='bbox 3672 5382 3761 5437; x_wconf 84' lang='grc' dir='ltr'><strong>τὸν</strong></span> <span class='ocrx_word' id='word_1_935' title='bbox 3784 5385 4014 5454; x_wconf 75' lang='grc' dir='ltr'>Σωτῆρα</span> 
     </span>
    </p>
   </div>
   <div class='ocr_carea' id='block_1_115' title="bbox 2440 5470 4010 5545">
    <p class='ocr_par' dir='ltr' id='par_1_115' title="bbox 2440 5470 4010 5545">
     <span class='ocr_line' id='line_1_115' title="bbox 2440 5470 4010 5545; baseline 0.003 -21"><span class='ocrx_word' id='word_1_936' title='bbox 2440 5472 2534 5524; x_wconf 83' lang='grc' dir='ltr'>καὶ</span> <span class='ocrx_word' id='word_1_937' title='bbox 2561 5473 2660 5542; x_wconf 82' lang='grc' dir='ltr'>τὴν</span> <span class='ocrx_word' id='word_1_938' title='bbox 2681 5471 2778 5543; x_wconf 83' lang='grc' dir='ltr'>τῆς</span> <span class='ocrx_word' id='word_1_939' title='bbox 2803 5470 2966 5524; x_wconf 80' lang='grc' dir='ltr'>αὑτοῦ</span> <span class='ocrx_word' id='word_1_940' title='bbox 2996 5471 3247 5541; x_wconf 76' lang='grc' dir='ltr'>θεότητος</span> <span class='ocrx_word' id='word_1_941' title='bbox 3291 5471 3620 5540; x_wconf 84' lang='grc' dir='ltr'>εὐπρέπειαν</span> <span class='ocrx_word' id='word_1_942' title='bbox 3658 5475 3975 5545; x_wconf 72' lang='grc' dir='ltr'>ἐνδυόμενον</span> <span class='ocrx_word' id='word_1_943' title='bbox 3994 5517 4010 5541; x_wconf 87' lang='grc'><strong>,</strong></span> 
     </span>
    </p>
   </div>
   <div class='ocr_carea' id='block_1_116' title="bbox 2444 5560 4011 5634">
    <p class='ocr_par' dir='ltr' id='par_1_116' title="bbox 2444 5560 4011 5634">
     <span class='ocr_line' id='line_1_116' title="bbox 2444 5560 4011 5634; baseline 0.001 -18"><span class='ocrx_word' id='word_1_944' title='bbox 2444 5563 2669 5633; x_wconf 85' lang='grc' dir='ltr'>δυνάμει</span> <span class='ocrx_word' id='word_1_945' title='bbox 2714 5566 2952 5634; x_wconf 81' lang='grc' dir='ltr'>πατρικῇ</span> <span class='ocrx_word' id='word_1_946' title='bbox 2996 5560 3463 5634; x_wconf 81' lang='grc' dir='ltr'>περιζωννύμενον</span> <span class='ocrx_word' id='word_1_947' title='bbox 3490 5607 3504 5631; x_wconf 90' lang='grc'><strong>,</strong></span> <span class='ocrx_word' id='word_1_948' title='bbox 3545 5569 3638 5619; x_wconf 75' lang='grc' dir='ltr'><strong>καὶ</strong></span> <span class='ocrx_word' id='word_1_949' title='bbox 3673 5566 3765 5618; x_wconf 89' lang='grc' dir='ltr'>τὸν</span> <span class='ocrx_word' id='word_1_950' title='bbox 3813 5567 4011 5619; x_wconf 76' lang='grc' dir='ltr'>οἰκεῖον</span> 
     </span>
    </p>
   </div>
   <div class='ocr_carea' id='block_1_117' title="bbox 2449 5652 4008 5728">
    <p class='ocr_par' dir='ltr' id='par_1_117' title="bbox 2449 5652 4008 5728">
     <span class='ocr_line' id='line_1_117' title="bbox 2449 5652 4008 5728; baseline 0.002 -23"><span class='ocrx_word' id='word_1_951' title='bbox 2449 5653 2901 5726; x_wconf 62' lang='grc' dir='ltr'>ἀπλαμὸάνοντα</span> <span class='ocrx_word' id='word_1_952' title='bbox 2933 5655 3034 5716; x_wconf 76' lang='grc' dir='ltr'>τῆς</span> <span class='ocrx_word' id='word_1_953' title='bbox 3075 5652 3348 5719; x_wconf 81' lang='grc' dir='ltr'>βασιλείας</span> <span class='ocrx_word' id='word_1_954' title='bbox 3390 5655 3577 5728; x_wconf 84' lang='grc' dir='ltr'>θρόνον</span> <span class='ocrx_word' id='word_1_955' title='bbox 3617 5656 3867 5710; x_wconf 76' lang='grc' dir='ltr'><strong>ἐθεῶντο.</strong></span> <span class='ocrx_word' id='word_1_956' title='bbox 3898 5655 4008 5708; x_wconf 78' lang='grc' dir='ltr'><strong>Καὶ</strong></span> 
     </span>
    </p>
   </div>
   <div class='ocr_carea' id='block_1_118' title="bbox 3437 5809 4002 5880">
    <p class='ocr_par' dir='ltr' id='par_1_118' title="bbox 3437 5809 4002 5880">
     <span class='ocr_line' id='line_1_118' title="bbox 3437 5809 4002 5880; baseline -0.014 -9"><span class='ocrx_word' id='word_1_957' title='bbox 3437 5820 3476 5849; x_wconf 66' lang='grc' dir='ltr'>-λ</span> <span class='ocrx_word' id='word_1_958' title='bbox 3518 5821 3546 5870; x_wconf 66' lang='grc' dir='ltr'><em>ὲ</em></span> <span class='ocrx_word' id='word_1_959' title='bbox 3562 5826 3808 5871; x_wconf 73' lang='lat' dir='ltr'><strong>sauxm</strong></span> <span class='ocrx_word' id='word_1_960' title='bbox 3827 5849 3844 5880; x_wconf 88' lang='lat'><strong>,</strong></span> <span class='ocrx_word' id='word_1_961' title='bbox 3883 5809 4002 5866; x_wconf 80' lang='lat'><strong>7-9.</strong></span> 
     </span>
    </p>
   </div>
  </div>
