4372 6414
300 484 454 549 ~“Illis

1495 485 2001 543 'COMMENIAMA
2042 490 2103 536 ΙΝ
2146 488 2478 544 PSALMOS.

3388 496 3526 552 ΗΜ)

316 594 417 676 τῆς
454 624 518 675 γε
559 604 740 678 φωνῆς
769 605 945 660 αὐτῶν
971 606 1151 658 ἐκεῖνα
1180 600 1267 676 ἦν,
1297 607 1361 660 δι’
1386 598 1460 661 ῶν
1497 608 1664 660 ἐϐόων
1688 607 1867 675 λέγον-
1896 612 1941 666 Α
1968 621 2042 659 ρο]

1796 624 1867 659 ›ν-
1896 612 1941 666 Α
1968 606 2292 673 constitutae,
2325 609 2717 667 conﬂuentibus
2758 612 2828 667 ibi
2862 611 3102 672 ﬂuminis
3140 614 3313 671 instar
3344 619 3522 687 genti-

316 714 437 761 τες·
476 702 683 769 ’Δρατε
722 699 934 762 πύλας,
964 700 1015 749 οἱ
1038 697 1321 765 ἄρχοντες
1351 697 1537 765 ὑμῶν,
1566 699 1663 751 καί
1694 697 1868 765 ἐπάρ-

319 794 458 857 θητε
486 791 669 843 πύλαι
696 787 935 849 αὶώνιοι,
962 788 1056 839 καὶ
1086 789 1489 840 εἰσελεύσεται
1518 791 1551 841 ὀ
1573 788 1868 853 ,ϐασιλεὺς

319 880 428 948 τῆς
453 880 655 947 δόξης.
699 881 793 944 Τίς
824 880 989 932 ἐστιν
1023 874 1197 943 οὗτος
1225 882 1257 931 ό
1289 878 1585 943 βασιλεὺς
1613 877 1720 946 τῆς
1766 879 1864 932 δό-

319 970 467 1037 ﬁne;
494 972 708 1040 Κύριος
727 970 1002 1038 κραταιὸς
1024 970 1119 1022 καί
1149 968 1424 1033 δυνατὸς,
1460 970 1670 1036 Κύριος
1691 968 1867 1021 δυνακ-

317 1064 421 1130 τὸς
443 1067 513 1119 ὲν
539 1065 802 1135 πολέμῳ·
832 1066 929 1119 ’καὶ
964 1065 1149 1118 πάλιν·
1186 1065 1398 1129 Κύριος
1420 1062 1536 1115 τῶν
1565 1062 1867 1131 δυνάμεων

316 1157 500 1221 αὐτός
530 1156 699 1209 ἐστιν
730 1159 761 1208 ό
786 1154 1085 1219 ,βασιλεὺς
1110 1152 1217 1221 τῆς
1242 1154 1443 1220 δόξης.
1462 1153 1570 1206 Καὶ
1594 1152 1662 1204 τά
1690 1152 1863 1222 πλήθη

315 1244 371 1297 δὲ
403 1246 509 1299 τῶν
547 1249 603 1300 ἐν
632 1245 929 1317 ἀνθρώποις
960 1244 1051 1298 τοῦ
1089 1246 1337 1316 Σωτῆρος
1370 1243 1524 1314 ἡμῶν
1567 1242 1865 1312 ἐκκλησιῶν

318 1338 623 1408 ποταμηδὸν
654 1340 710 1390 ἐν
749 1336 937 1400 αὐταῖς
974 1336 1082 1390 τῶν
1121 1335 1179 1403 ἐξ
1224 1335 1391 1388 ἐθνῶν
1431 1333 1865 1387 πεπιστευκότων

1972 699 2072 753 bus
2102 715 2220 769 quae
2250 702 2613 765 crediderunt,
2638 705 3077 776 elevantibusque
3098 723 3282 762 vocem
3313 710 3369 763 in
3397 723 3521 763 ora—

1972 789 2207 845 tionibus
2238 792 2303 845 ad
2334 792 2500 847 Deum
2523 794 2755 859 emissis,
2780 796 2939 865 inque
2965 798 3215 853 laudibus
3239 814 3335 868 per
3366 800 3526 871 hymo

1970 895 2068 933 nos
2118 890 2171 934 et
2215 882 2452 950 psalmos
2490 882 2653 936 editis
2681 923 2696 948 ,
2753 894 2982 954 possunt
3027 885 3247 939 ﬂumina
3286 888 3518 943 vocari:

1970 970 2183 1038 quando
2239 972 2354 1040 ipse
2397 970 2657 1027 Dominus
2706 982 2889 1029 noster
2942 990 3055 1041 eos,
3082 991 3215 1046 quos
3247 991 3311 1030 ex
3338 992 3437 1032 sua
3464 987 3521 1033 et

1970 1057 2149 1110 divina
2170 1058 2416 1113 doctrina
2436 1060 2675 1126 haurire,
2706 1069 2759 1115 et
2779 1056 2845 1116 ex
2880 1061 3085 1132 Spiritu
3120 1076 3305 1118 sancto
3336 1065 3521 1121 bibere

1971 1147 2210 1203 futurum
2259 1159 2404 1215 erat,
2461 1149 2774 1207 ﬂuminibus
2821 1162 3098 1223 comparat
3146 1154 3377 1210 dicens:
3413 1156 3522 1221 Qui

1970 1240 2152 1294 biberit
2183 1258 2247 1295 ea:
2278 1260 2435 1314 aqua,
2455 1261 2609 1315 quam
2629 1261 2717 1315 ego
2746 1244 2881 1299 dabo
2909 1248 2983 1312 ei,
3008 1248 3230 1315 ﬂumina
3265 1248 3326 1302 de
3348 1260 3521 1305 ventre

1968 1332 2079 1395 ejus
2108 1332 2269 1401 ﬂuent
2298 1351 2445 1405 aqua
2480 1338 2625 1402 vivae,
2656 1338 2892 1393 salientis
2913 1339 2968 1392 in
3000 1340 3157 1392 vitam
3185 1340 3517 1394 retentam”.

319 1431 648 1492 συρόεόντων
688 1431 792 1493 ἀεὶ,
820 1430 1157 1501 ἐπαιρόντων
1182 1446 1241 1481 τε
1276 1427 1455 1499 φωνὴν
1494 1428 1551 1480 ἐν
1582 1429 1702 1489 ταῖς
1767 1426 1901 1495 πρὸς
1937 1424 2027 1477 τὸν
2060 1414 2188 1479 Θεὸν
2235 1428 2438 1497 εὐχαῖς,
2464 1428 2527 1481 ἐν
2559 1446 2617 1481 τε
2642 1432 2759 1492 ταῖς
2806 1428 2871 1482 δι’
2930 1428 3110 1499 ὓμνων
3160 1432 3255 1483 καὶ
3296 1430 3521 1501 ψαλμῶν

315 1519 655 1587 δοξολογίαις,
698 1520 946 1574 δύνανται
995 1520 1245 1589 λέγεσθαι
1297 1520 1525 1589 ποταμοί
1548 1536 1561 1548 ⁵
1616 1520 1734 1571 ἐπεὶ
1778 1519 1870 1571 καὶ
1906 1519 2065 1582 αὐτὸς
2097 1522 2124 1572 6
2154 1519 2355 1589 Κύριος
2419 1518 2574 1588 ἡμῶν
2604 1520 2729 1582 τοὺς
2765 1520 3053 1590 μέλλοντας
3114 1524 3177 1574 ἐκ
3215 1522 3315 1592 τῆς
3353 1523 3519 1575 αὑτοῦ

315 1613 407 1664 καὶ
432 1611 579 1674 θείας
602 1612 942 1675 διδασκαλίας
970 1612 1251 1683 ἀρύεσθαι,
1287 1612 1496 1665 καὶτοῦ
1547 1613 1700 1679 ἁγίου
1740 1612 2052 1683 Πνεύματος
2108 1613 2301 1673 πίνειν,
2346 1616 2606 1681 ποταμοῖς
2652 1613 2985 1684 παραϐάλλει
3054 1614 3244 1683 λέγων·
3287 1617 3384 1681 Ὃς
3447 1614 3523 1668 ἂν

313 1702 417 1770 πίῃ
452 1704 520 1755 ἐκ
557 1704 660 1757 τοῦ
696 1704 911 1771 ὕδατος
941 1701 1010 1761 οὖ
1044 1704 1154 1771 ἐγὼ
1191 1704 1359 1758 δώσω
1398 1703 1574 1769 αὐτῷ,
1610 1705 1855 1775 ποταμοὶ
1881 1706 1947 1758 ἐκ
1982 1705 2089 1774 τῆς
2121 1705 2349 1771 κοιλίας
2382 1705 2566 1758 αὑτοῦ
2608 1706 2939 1773 ῥεύσουσιν
3002 1707 3217 1774 ὕδατος
3286 1706 3521 1778 ζῶντος,

309 1790 655 1862 ἁλλομένου
683 1796 769 1860 είς
797 1793 1217 1863 ζωὴνιιίώνιον.

394 1914 621 1982 Ἅροῦσι
651 1915 902 1983 ποταμοὶ
927 1915 1253 1982 ἐπιτρίψει(-
1274 1915 1468 1968 αὺτῶν
1500 1916 1614 1969 ἀπὸ
1651 1914 1861 1984 φωνῶν
1890 1924 1934 1978 Β
2030 1910 2120 1966 Val

1793 1914 1861 1968 ὒν
1890 1924 1934 1978 Β
2030 1910 2194 1966 Vsas.
2216 1912 2271 1977 4,
2306 1912 2358 1966 5.
2396 1912 2597 1967 Τοίίεηι
2630 1911 2852 1981 ﬂumina
2895 1912 3087 1981 ﬂuctus
3134 1930 3256 1968 suos
3298 1932 3331 1969 a
3364 1904 3519 1971 lnoci-

309 2000 542 2057 ὑδάτων
578 2002 839 2059 πολλῶν.
875 2004 1208 2073 Θαυμαστοὶ
1252 2008 1303 2057 οἱ
1332 2008 1712 2076 μετεωρισμοι
1755 2006 1863 2075 τῆς

309 2094 644 2163 θαλάσσης,
679 2095 1016 2163 θαυμαστὸς
1049 2096 1118 2149 ἐν
1152 2098 1433 2164 ὑψίστοις
1470 2101 1501 2151 ό
1538 2100 1763 2167 Κύριος.
1788 2092 1864 2152 Ἐί

304 2184 585 2254 -νενόηνται
614 2186 662 2237 ot
692 2187 923 2256 ποταμοὶ
953 2187 1003 2239 oi
1031 2187 1124 2253 ἐπὶ
1154 2189 1221 2258 τῇ
1252 2186 1373 2256 δόξῃ
1397 2188 1491 2258 τῆς
1528 2188 1620 2241 τοῦ
1660 2188 1863 2260 Κυρίου

312 2274 583 2345 βασιλείας
608 2277 707 2347 τὴν
738 2276 914 2330 αὐτῶν
939 2277 1119 2347 φωνὴν
1149 2268 1481 2348 ἐπαίροντες,
1504 2280 1566 2330 ἐκ
1589 2278 1681 2331 τοῦ
1710 2282 1862 2332 ἐναν-

308 2366 426 2419 τίου
466 2365 813 2438 νοηθήτωσαν
851 2368 1027 2438 ἐτεροι
1065 2368 1298 2438 ποταμοὶ
1337 2367 1731 2439 ἐπιτριϐόμενοι
1772 2370 1862 2420 καὶ

309 2458 762 2529 κατεπαιρόμενοι
785 2459 884 2529 τῆς
907 2458 1155 2527 γνώσεως
1180 2457 1271 2511 τοῦ
1295 2458 1450 2524 Θεοῦ,
1466 2458 1715 2520 ἐναντίως
1735 2458 1790 2510 δέ
1805 2475 1861 2510 τε

308 2545 641 2617 διακείμενοι
695 2550 806 2611 τοῖς
859 2549 1142 2619 ἐπαίρουσι
1194 2549 1290 2617 τήν
1343 2548 1523 2617 φωνὴν
1579 2548 1751 2600 αὐτῶν
1787 2547 1863 2617 τῷ

292 2637 446 2707 θεῷ.
483 2630 638 2690 Οὗτοι
675 2638 737 2709 δὴ
756 2634 847 2692 οὖν
880 2640 927 2691 οἱ
960 2638 1186 2691 ἐναντίοι
1211 2638 1441 2707 ποταμοὶ
1460 2637 1685 2707 αἴρουσι,
1710 2638 1860 2707 φησὶ,

308 2726 405 2789 τὰς
452 2728 753 2797 ἐπιτρίψεις
797 2729 995 2794 αὐτῶν,
1040 2726 1313 2781 τουτέστιν
1354 2726 1712 2796 άποθήσονται
1757 2728 1865 2779 πᾶν

308 2818 533 2890 ῑπαρμα
556 2819 649 2881 καὶ
675 2819 851 2872 πάντα
880 2818 1068 2887 τῦφον,
1105 2820 1196 2873 καὶ
1222 2821 1397 2872 πᾶσαν
1426 2816 1738 2887 ἐπιτριὸήνο
1772 2817 1864 2871 καὶ

308 2909 470 2962 τοῦτο
502 2913 815 2982 ποιήσουσιν
838 2910 946 2963 ὸ.πὸ
973 2911 1069 2982 τῆς
1098 2911 1276 2980 φωνῆς
1302 2908 1409 2962 τῶν
1439 2907 1605 2974 ἁγίων
1637 2906 1860 2959 ὑδάτων.

311 3002 539 3073 Νοήσεις
570 3002 626 3055 δὲ
665 3002 724 3057 τὸ
764 3002 1046 3074 εἰρημένον
1086 3000 1401 3072 ἐπιστήσας,
1436 2999 1511 3063 ὡς
1556 2998 1715 3053 πάλαι
1766 2998 1864 3068 μὲν

311 3094 368 3146 ἐν
407 3091 712 3165 ἀνθρώποις
767 3093 1021 3157 πολλάκις
1068 3089 1135 3164 ἦν
1178 3090 1471 3160 ἐπαγγελία
1535 3091 1721 3158 σοφίας
1770 3087 1862 3141 τοῦ

311 3184 504 3247 αἰῶνος
530 3184 742 3249 τούτου,
770 3185 863 3237 καὶ
887 3185 1199 3253 φιλοσοφίας
1220 3182 1559 3255 ἀνθρωπίνης
1576 3179 1858 3257 ἐπιτριϐή·

1965 2002 2058 2057 bus
2094 2020 2348 2073 aquarum
2380 2004 2683 2073 multarum.
2728 2002 3001 2056 Mirabiles
3030 2000 3279 2059 elationes
3330 2010 3517 2073 maris,

1963 2095 2219 2150 mirabilis
2245 2098 2299 2149 in
2329 2095 2601 2149 altissimis
2655 2094 2928 2150 Dominus.
2989 2093 3044 2151 Si
3094 2097 3310 2153 ﬂumina
3365 2100 3522 2155 intel-

1962 2186 2206 2248 leximus,
2271 2200 2391 2255 qua
2444 2202 2607 2257 super
2654 2187 2822 2258 gloria
2868 2190 3017 2258 regni
3071 2188 3281 2243 Domini
3328 2206 3517 2245 vocem

1962 2290 2115 2329 suam
2177 2275 2554 2341 elevaverunt;
2624 2276 2927 2330 econtrario
2976 2276 3346 2348 intelligantur
3408 2280 3517 2333 alia

1904 2374 1907 2377 ‘
1961 2363 2331 2434 ﬂuminaquas
2368 2362 2562 2419 ﬂuctus
2582 2365 2820 2420 excitant
2842 2373 2895 2420 et
2927 2367 3177 2421 attollunt
3206 2379 3393 2422 contra
3416 2383 3514 2424 co-

1962 2455 2253 2524 gnitionem
2276 2454 2401 2519 'Dei,
2431 2464 2592 2526 atque
2632 2457 2699 2514 iis
2721 2459 2969 2531 opposita
2998 2475 3117 2529 qua:
3149 2475 3333 2515 vocem
3359 2476 3515 2517 suam

1962 2546 2072 2599 Deo
2098 2546 2329 2601 elevant.
2366 2545 2694 2624 Hzecitaque
2723 2536 2993 2606 contraria
3023 2550 3266 2616 ﬂumina,
3293 2551 3520 2609 ﬂuctus.

1962 2635 2157 2704 inquit,
2204 2649 2333 2690 suos
2385 2636 2704 2705 tolluntyid
2733 2648 2817 2695 est
2846 2654 3059 2695 omnem
3090 2642 3399 2706 elationem,
3434 2651 3521 2696 tu-

1961 2740 2166 2780 morem
2213 2732 2267 2779 et
2321 2725 2623 2782 allisionem
2675 2728 2990 2799 deponent:
3024 2730 3184 2801 idque
3237 2732 3437 2787 facient
3489 2749 3522 2788 a

1962 2830 2094 2870 voce
2124 2822 2435 2870 sanctarum
2469 2830 2751 2887 aquarum.
2783 2817 2897 2873 Hoc
2929 2820 3089 2890 porro
3128 2822 3331 2877 dictum
3356 2825 3521 2880 intel-

1962 2907 2120 2977 ligas,
2145 2907 2189 2961 si
2216 2907 2538 2980 perpendas,
2568 2908 2697 2963 olim
2736 2911 2877 2981 apud
2920 2912 3165 2969 homines
3204 2914 3522 2985 plerumque

1964 3000 2240 3055 exstitisse
2276 3002 2545 3071 specimen
2581 3002 2855 3072 sapientiae
2906 3003 3067 3074 hujus
3098 3006 3300 3069 sarculi,
3338 3015 3392 3062 et
3420 3007 3520 3061 hu-

1964 3104 2137 3144 mana:
2162 3091 2515 3163 philosophiae
2548 3094 2937 3163 arrogantiam,
2960 3110 3066 3165 qua
3104 3094 3273 3151 inﬂati
3299 3097 3521 3153 extolle-

1962 3180 2179 3244 bantur,
2214 3188 2267 3237 et
2308 3196 2339 3235 a
2392 3190 2571 3239 mente
2598 3185 2780 3239 carnis
2813 3201 2924 3240 suae
2966 3187 3330 3256 erigebantur,
3361 3188 3518 3257 quasi

311 3274 395 3343 ἐφ’
414 3269 445 3348 ᾖ
464 3277 556 3329 καὶ
578 3277 840 3347 ἐπήροντο
855 3276 1043 3343 φυσιού
1052 3292 1199 3346 μενοι
1218 3276 1311 3328 καὶ
1340 3272 1737 3344 ἐπιτριϐόμενοι
1756 3272 1859 3325 ὑπὸ
1888 3277 1932 3340 C
1962 3285 2037 3323 ma

1791 3272 1859 3325 πὸ
1888 3277 1932 3340 c
1962 3285 2185 3341 magnas
2236 3280 2289 3327 et
2341 3272 2613 3343 sapientes
2661 3274 2977 3346 disciplinas
3007 3277 3217 3332 adirent
3252 3278 3517 3349 sapientes

307 3364 401 3418 τοῦ
424 3366 539 3430 νοὸς
554 3367 650 3437 τῆς
668 3367 863 3436 σαρκὸς
878 3366 1071 3419 αὐτῶν·
1094 3366 1167 3429 ὡς
1189 3365 1251 3436 δὴ
1270 3366 1477 3437 μεγάλα
1491 3366 1608 3419 τινὰ
1624 3367 1715 3419 καὶ
1730 3365 1868 3434 σοφὰ

312 3455 606 3527 μαθήματα
638 3456 1019 3527 μετερχόμενοι
1048 3458 1097 3509 οἱ
1129 3458 1279 3526 σοφοὶ
1306 3456 1397 3509 τοῦ
1426 3456 1615 3519 αἰῶνος
1657 3455 1862 3509 τούτου.

311 3545 437 3598 Ὅτε
467 3563 528 3614 γε
563 3546 667 3616 μὴν
700 3547 779 3609 εἰς
810 3546 987 3599 πᾶσαν
1027 3547 1125 3617 τὴν
1159 3548 1261 3617 γῆν
1289 3548 1415 3616 παρ’
1438 3545 1659 3616 Ἕλλησί
1685 3562 1744 3597 τε
1774 3544 1868 3598 καὶ

309 3635 458 3706 παρὰ
481 3636 772 3707 βαρϐάροις
796 3636 1220 3706 ἐκκλησίαιΘεοῦ
1254 3620 1600 3707 συνέστησαν,
1627 3635 1721 3705 τὴν
1738 3635 1866 3706 ἀλη-

308 3727 373 3799 θῆ
405 3728 591 3795 σοφίαν
623 3726 917 3797 μετιοῦσαι,
934 3728 1025 3779 καὶ
1044 3728 1140 3791 τὰς
1170 3727 1475 3799 πρεπούσας
1500 3726 1575 3797 τῷ
1588 3726 1704 3796 Θεῷ
1730 3724 1867 3792 δοξο-

305 3819 489 3889 λογίας
504 3836 562 3872 τε
578 3821 670 3873 καὶ
687 3819 1003 3891 ὑμνολογίας
1020 3836 1152 3873 ποτα
1159 3821 1323 3891 μηδδν
1336 3821 1427 3873 καὶ
1448 3820 1582 3889 μετὰ
1626 3819 1866 3890 μείζονος

308 3913 400 3966 καὶ
419 3930 485 3966 πε
494 3912 975 3985 παρρησιασμένης
992 3912 1117 3984 βοῆς
1129 3912 1562 3983 άναπέμπουσαι,
1580 3925 1672 3966 καὶ
1682 3912 1866 3983 ῶσπερ

308 4000 514 4055 ὑδάτων
544 4001 750 4055 πολλῶν
798 4001 979 4074 φωνὴν
1020 4001 1109 4054 διὰ
1232 4001 1432 4070 πλῆθος
1476 4000 1865 4055 θεοσεϐούντων

307 4092 567 4163 άφιεῖσαι,
598 4092 657 4147 τὺ
676 4091 972 4163 τηνικαῦτα
996 4090 1271 4163 καθῃρέθη
1304 4092 1332 4143 ὁ
1362 4088 1526 4157 τῦφος
1565 4090 1673 4142 τῶν
1700 4090 1862 4143 πάλαι

306 4186 671 4258 νομιζομένων
698 4184 895 4254 σοφῶν,
922 4185 1015 4237 καὶ
1043 4184 1191 4236 πᾶσα
1219 4180 1395 4234 αὐτῶν
1429 4179 1678 4249 ἐπιτριόή
1709 4195 1863 4231 τετα-

309 4278 587 4339 πείνωται,
633 4275 734 4345 τῆς
776 4274 965 4344 σοφίας
994 4272 1171 4325 αὐτῶν
1210 4272 1290 4335 είς
1319 4270 1470 4323 οὐδὲν
1503 4268 1858 4341 λογισθείσης.

307 4347 371 4421 εί
396 4366 453 4420 δέ
480 4383 565 4430 τις
600 4365 817 4419 πώποτε
843 4363 1119 4434 ἐθαύμασε
1157 4361 1251 4415 καὶ
1290 4360 1391 4431 τῆς
1440 4360 1711 4431 θαλάσσης
1736 4360 1861 4424 τοὺς

308 4458 735 4531 μετεωρισμοὺς,
756 4457 849 4510 τοῦ
882 4455 995 4526 βίου
1024 4449 1222 4526 δηλαδὴ
1259 4451 1352 4506 τοῦ
1387 4450 1581 4524 θνητοῦ
1617 4451 1714 4516 τὰς
1744 4469 1860 4522 τρι-

309 4550 511 4622 κυμίας
536 4548 629 4601 καὶ
659 4547 784 4611 τοὺς
812 4544 1084 4607 κλύδωνας
1122 4543 1248 4607 τοῦς
1290 4541 1682 4612 ἐπαιρομένους
1723 4540 1863 4596 κατὰ

1968 3360 2129 3430 hujus
2161 3363 2365 3441 sazculi.
2396 3364 2464 3417 At
2496 3364 2711 3434 quando
2739 3382 2833 3436 per
2856 3367 3039 3422 orbem
3065 3370 3205 3438 apud
3238 3368 3450 3425 Gmcos
3467 3379 3521 3426 et

1966 3453 2225 3509 barbaros
2253 3454 2497 3510 ecclesia;
2530 3455 2621 3510 Dei
2653 3459 2961 3511 constitutas
3004 3466 3150 3522 sunt,
3182 3474 3302 3528 quae
3339 3475 3516 3514 veram

1968 3545 2284 3614 sapientiam
2312 3545 2541 3611 adirent,
2568 3561 2631 3601 ac
2663 3546 2771 3601 Deo
2794 3547 3044 3603 decentes
3073 3548 3260 3603 laudes
3290 3559 3343 3605 et
3366 3551 3521 3621 bym-

1966 3649 2067 3690 nos
2116 3634 2264 3689 ﬂuxu
2306 3636 2537 3705 quodam
2570 3651 2633 3691 ac
2681 3651 2803 3691 cum
2858 3638 3062 3707 majore
3099 3647 3153 3692 et
3182 3639 3379 3694 ﬁducia
3406 3641 3520 3710 ple-

1965 3726 2119 3785 nio‘l'e
2151 3740 2282 3781 voce
2305 3726 2633 3793 emitterent,
2662 3734 2734 3792 et,
2764 3727 2834 3781 ob
2861 3714 3255 3781 multitudinem
3296 3730 3521 3800 religio-

1967 3832 2150 3871 sorum
2194 3817 2494 3885 hominum,
2528 3819 2685 3888 quasi
2724 3832 2983 3888 aquarum
3014 3817 3303 3871 multarum
3333 3834 3520 3875 vocem

1964 3909 2215 3977 ederent;
2252 3918 2383 3966 tunc
2414 3911 2660 3966 sublatus
2689 3918 2982 3967 esteorum
3019 3910 3112 3979 qui
3150 3910 3276 3964 olim
3304 3910 3522 3981 sapien-

1964 4008 2046 4053 tes
2088 4001 2498 4055 aestimabantur
2554 4009 2753 4065 tumor,
2798 4002 3084 4071 omnisque
3119 4001 3333 4057 illorum
3363 4016 3521 4057 arro-

1964 4090 2144 4159 gantia
2172 4089 2431 4161 depressa
2454 4101 2556 4155 est,
2589 4091 2734 4160 quod
2762 4078 3025 4162 sapientia
3073 4095 3260 4147 eorum
3294 4106 3394 4162 pro
3435 4092 3523 4149 ni-

1960 4181 2072 4235 hilo
2124 4180 2430 4237 haberetur.
2476 4180 2631 4248 Quod
2683 4183 2729 4239 si
2786 4184 2909 4254 quis
2962 4199 3201 4255 unquam
3250 4185 3518 4245 elationes

1962 4272 2128 4327 maris
2180 4271 2479 4328 admiratus
2536 4274 2628 4339 sit,
2663 4273 2915 4330 videlicet
2960 4277 3206 4332 mortalis
3240 4277 3366 4332 vitae
3392 4292 3522 4349 pro-

1959 4363 2126 4418 cellas
2176 4369 2230 4418 et
2270 4362 2485 4432 ﬂuctus,
2525 4366 2618 4435 qui
2640 4374 2831 4421 contra
2850 4365 2943 4422 Dei
2962 4366 3324 4438 cognitionem
3347 4368 3522 4437 erige-

1960 4452 2192 4521 bantur;
2231 4455 2368 4510 sciat
2398 4455 2488 4510 ille
2521 4471 2633 4526 prae
2675 4456 2928 4512 omnibus
2957 4456 3257 4510 mirabilem
3283 4456 3337 4510 in
3365 4456 3520 4512 altis-

1962 4545 2115 4601 simis
2143 4561 2265 4601 esse
2311 4544 2632 4614 Dominum;
2665 4548 2739 4603 ita
2767 4558 2826 4602 ut
2850 4540 2886 4602 ii
2919 4547 3011 4617 qui
3042 4548 3099 4601 in
3130 4546 3355 4603 Domino
3384 4534 3516 4602 con-

308 4642 409 4712 τῆς
439 4638 691 4709 γνώσεως
720 4637 815 4692 τοῦ
844 4636 997 4691 Θεοῦ’
1034 4634 1146 4689 ἀλλ’
1177 4633 1335 4699 ἴστω,
1376 4634 1455 4687 δτι
1490 4633 1627 4705 ὑπὲρ
1657 4631 1863 4694 πάντας
1894 4627 1938 4683 D
1968 4636 2034 4690 [id

1791 4650 1863 4694 τας
1894 4627 1938 4683 D
1968 4636 2157 4699 ﬂdunt,
2189 4650 2296 4690 non
2326 4637 2468 4691 ultra
2504 4637 2766 4692 elationes
2794 4638 2959 4691 maris
2982 4636 3106 4706 jure
3134 4636 3517 4705 pertimescere

306 4730 621 4805 θαυμαστός
646 4733 793 4786 ἐστιν
829 4730 887 4783 ἐν
918 4726 1139 4800 ὑψηλοῖς
1164 4729 1193 4781 6
1222 4726 1443 4798 Κύριος·
1459 4725 1534 4789 ὡς
1561 4724 1751 4795 μηκέτ’
1777 4724 1864 4776 εὑ-

308 4828 478 4896 Αόγως
519 4826 643 4888 τοὺς
693 4822 1098 4897 μετεωρισμοὺς
1137 4820 1236 4890 τῆς
1271 4818 1541 4887 θαλάσσης
1587 4814 1863 4884 φοδετσθαι

306 4918 415 4972 δεῖν
441 4919 567 4982 τοὺς
592 4917 684 4971 ἐπὶ
714 4915 791 4986 τῷ
813 4915 1003 4986 Κυρίῳ
1033 4911 1373 4974 πεποιθότας.
1398 4907 1557 4971 Εἰκὸς
1581 4907 1641 4961 δὲ
1667 4905 1865 4960 θαλάσ-

308 5026 407 5080 σης
434 5007 573 5063 εἶναι
605 5006 1004 5081 μετεωρισμοὺς
1023 5004 1149 5067 τοὺς
1170 4999 1627 5071 ἐπανισταμένους
1659 5001 1723 5069 τῇ
1754 4999 1866 5051 Ἐκ·

308 5101 509 5172 κλησίᾳ
565 5098 657 5153 τοῦ
704 5095 837 5151 Θεοῦ
888 5094 1158 5165 διωγμούς
1181 5109 1197 5125 ο
1248 5091 1340 5156 οὓς
1384 5094 1413 5145 6
1452 5090 1550 5161 τὴν
1595 5088 1863 5144 θάλασσαν

309 5189 577 5245 κατοικῶν
606 5189 819 5261 δράκων
846 5188 1083 5258 ἐνεργεῖν
1114 5184 1319 5249 εἴωθεν,
1350 5186 1378 5236 6
1407 5180 1743 5253 μετεωρίζων
1768 5184 1864 5237 κύ-

311 5297 455 5353 ματα
477 5280 662 5350 αὐτῆς,
693 5278 908 5351 βομὸὦν
937 5295 995 5331 τε
1018 5276 1111 5330 καὶ
1134 5274 1281 5346 ήχῶν
1308 5273 1402 5327 καὶ
1438 5272 1738 5342 ταράττων,
1771 5274 1864 5326 καὶ

309 5371 593 5445 μονονουχὶ
615 5371 849 5424 ἀπειλῶν
880 5373 1056 5425 πᾶσαν
1084 5368 1251 5441 ἄρδην
1284 5364 1637 5420 κατακλύσειν
1669 5382 1728 5417 τε
1768 5368 1863 5421 καὶ

307 5462 588 5533 ἀφανίσειν
608 5461 705 5532 τὴν
736 5462 1057 5532 Ἐκκλησίαν
1082 5461 1174 5515 τοῦ
1204 5458 1357 5512 Θεοῦ.
1390 5458 1575 5520 Είποις
1601 5456 1642 5509 δ’
1673 5456 1738 5510 ἂν
1770 5459 1864 5515 καὶ

314 5556 480 5618 Ξλλως
496 5552 632 5624 πρὸς
645 5552 785 5616 λέξιν
799 5551 969 5606 ταῦτα
982 5553 1353 5624 διηγούμενος,
1368 5549 1611 5619 ἐπαίρειν
1627 5549 1752 5611 τοὺς
1768 5567 1861 5603 πο-

314 5647 536 5719 ταμοὺς,
558 5632 752 5708 αὐτοὺς
769 5643 831 5713 δὴ
846 5643 1204 5709 τούτους,τοὺς
1220 5642 1524 5712 αἰσθητοὺς,
1554 5639 1651 5710 τὴν
1682 5640 1859 5711 φωνὴν

316 5735 485 5792 ιύτῶν
514 5733 589 5809 τῷ
613 5732 750 5804 Θεῷ,
789 5733 882 5787 τοῦ
910 5730 1353 5810 δημιουργοῦποῦ
1369 5732 1432 5804 δὴ
1458 5731 1549 5785 καὶ
1582 5730 1791 5785 κτίσανῖ
1842 5748 1859 5787 τ

381 5903 426 5931 ³·
454 5900 619 5952 Joan.
654 5908 750 5955 vn,
798 5892 864 5946 5'8

1963 4725 2213 4781 debeant.
2253 4723 2558 4781 Verisimile
2601 4733 2780 4779 autem
2808 4734 2892 4780 est
2919 4726 3181 4783 elationes
3209 4725 3375 4780 maris
3395 4738 3519 4781 esse

1963 4815 2367 4885 persecutiones
2419 4816 2473 4867 in
2506 4812 2805 4869 Ecclesiam
2850 4812 2944 4867 Dei
2989 4810 3352 4886 insurgentes,
3378 4818 3518 4883 quas

1962 4905 2198 4959 excitare
2228 4904 2364 4973 solet
2393 4904 2558 4957 draco
2589 4903 2675 4957 ille
2726 4904 2781 4956 in
2815 4903 2953 4958 mari
2993 4904 3265 4968 habitans,
3296 4904 3385 4973 qui
3414 4899 3517 4958 ﬂu-

1962 5004 2083 5052 ctus
2114 4995 2233 5065 ejus
2281 4995 2337 5048 in
2365 4995 2594 5051 sublime
2626 4995 2786 5060 tollit,
2836 4996 2984 5061 boat,
3030 5005 3185 5052 sonat
3210 5005 3263 5052 et
3297 5003 3517 5050 contur-

1962 5088 2073 5152 bat,
2121 5094 2328 5141 tantum
2382 5103 2490 5142 non
2542 5088 2902 5144 interminans
2951 5105 3010 5169 se
3065 5088 3363 5169 Ecclesiam
3416 5085 3515 5143 Dei

1962 5176 2349 5233 inundaturum
2405 5192 2469 5232 ac
2534 5175 2778 5233 funditus
2832 5166 3135 5234 deleturum
3190 5166 3333 5231 esse.
3392 5176 3516 5231 Alio

1961 5272 2087 5325 item
2138 5267 2297 5323 modo
2330 5268 2442 5322 haec
2473 5270 2539 5323 ad
2572 5268 2807 5322 litteram
2862 5280 3125 5323 enarrans
3180 5265 3383 5321 dixeris
3420 5267 3515 5319 ﬂu-

1962 5363 2107 5416 mina
2137 5361 2250 5415 haec
2282 5361 2559 5417 sensibilia
2588 5361 2799 5415 elevare
2830 5374 3012 5415 vocem
3053 5370 3205 5411 suam
3235 5353 3365 5418 Deo,
3391 5356 3513 5423 cpi-

1962 5454 2046 5507 ﬂci
2075 5466 2285 5523 nempe,
2311 5454 2403 5523 qui
2431 5468 2489 5508 se
2510 5452 2709 5506 creavit
2736 5461 2791 5506 et
2820 5451 3080 5504 exsistere
3117 5446 3263 5511 fecit,
3286 5443 3513 5515 gloriam

1960 5544 2263 5600 eﬂerentes.
2289 5542 2754 5609 Quemadmodum
2784 5538 2925 5593 enim
2951 5552 3017 5592 ex
3042 5533 3417 5619 magnitudine
3456 5536 3513 5585 et

1960 5636 2361 5707 pulchritudine
2411 5644 2778 5691 creaturarum
2816 5629 2996 5701 opifex
3038 5626 3402 5698 conspicitur;
3430 5621 3513 5678 sic

1959 5744 2023 5785 ex
2074 5724 2318 5801 partibus
2344 5729 2550 5793 mundi,
2583 5722 2904 5783 miraculum
2948 5721 3129 5795 magni
3177 5718 3271 5775 Dei
3309 5713 3513 5789 opiﬁcii
