4372 6424
864 477 987 532 1191

1518 475 1776 530 EUSEBII
1809 475 2278 532 CESARIE‘NSIS
2310 476 2456 532 OPP.
2498 477 2675 533 PARS
2709 479 2795 534 111.
2831 509 2898 518 -—
2935 477 3337 533 EXEGETICA.

3898 478 4035 534 me
4115 440 4127 457 ’

862 593 949 656 iis,
986 591 1077 660 qui
1109 591 1322 645 videndi
1366 593 1618 646 facultate
1661 592 1866 661 praediti
1896 603 2042 655 sunt,
2075 593 2398 647 declaratur.
2431 600 2472 653 Α
2502 597 2588 648 αὐτ

2301 600 2398 647 tur.
2431 600 2472 653 Α
2502 596 2695 658 αὐτοὺς
2733 596 2824 650 καὶ
2867 595 3306 664 ὑποστησαμένου
3333 594 3429 664 τὴν
3470 593 3622 660 δόξαν
3656 591 4027 664 ἐμφαίνοντας.

860 682 916 736 Si
948 684 1070 751 quis
1100 687 1241 736 enim
1272 698 1453 737 secum
1504 691 1735 752 reputet.
1772 684 1916 738 unde
1953 685 2074 739 talis
2120 683 2398 738 ﬂuminum

863 774 1036 827 ﬂuxus
1088 773 1305 834 feratur,
1338 774 1478 828 unde
1532 781 1681 827 tanta
1717 775 1947 829 humide
1983 775 2294 832 substantiae
2321 775 2400 828 vis

859 873 914 918 et
936 865 1107 933 cepia,
1128 865 1266 919 unde
1313 864 1485 918 fontes
1515 865 1590 918 illi
1611 865 1701 934 qui
1723 881 1751 918 a
1775 867 1974 920 saeculo
2011 881 2285 934 nunquam
2316 865 2402 920 de-

863 948 1126 1018 fecerunt,
1166 955 1256 1023 qui
1299 955 1553 1023 perennia
1585 966 1637 1009 et
1670 955 2002 1024 amplissima
2036 954 2259 1008 ﬂumina
2286 969 2402 1009 sca-

863 1049 1088 1108 turiunt,
1118 1062 1182 1100 ex
1218 1046 1416 1115 quibus
1463 1046 1676 1116 abyssis
1716 1046 1981 1107 oriantur,
2039 1061 2103 1100 ex
2137 1061 2240 1114 qua
2274 1045 2401 1098 sub-

858 1138 1070 1190 stantia!
1103 1137 1258 1206 copia
1288 1151 1382 1204 per
1440 1151 1599 1191 omne
1643 1137 1898 1190 saeculum
1946 1138 2143 1203 ﬂuant;
2182 1137 2226 1192 si
2257 1138 2398 1206 quis,

837 1230 1101 1298 inquam,
1140 1228 1252 1280 haec
1291 1226 1615 1288 consideret,
1649 1227 1694 1280 is
1729 1243 1858 1282 sane
1899 1228 2104 1282 videbit
2137 1228 2249 1281 haec
2284 1236 2403 1281 tan-

831 1311 973 1372 tum
1024 1335 1131 1373 non
1161 1333 1350 1371 vocem
1394 1317 1658 1380 emittere,
1694 1333 1840 1386 quae,
1886 1332 1978 1387 per
2009 1318 2123 1387 ipsa
2158 1316 2400 1380 ﬂumina,

856 1412 1121 1466 creatoris
1167 1419 1220 1464 et
1260 1411 1470 1479 opiﬁcis
1523 1410 1900 1463 universorum
1950 1408 2400 1479 magniﬁcentiam

857 1505 1113 1568 declaret,
1158 1509 1211 1557 et
1260 1503 1377 1571 ejus
1419 1501 1671 1555 deitatem
1727 1502 2066 1556 testiﬁcetur.
2113 1498 2202 1554 Sic
2243 1514 2401 1571 porro

858 1596 1118 1650 elationes
1158 1609 1324 1648 mar.s
1375 1591 1742 1650 considerans.
1771 1592 2058 1661 quispiam,
2092 1605 2199 1659 quo
2246 1600 2402 1659 paeto

861 1687 1065 1741 scilicet
1112 1686 1305 1740 ﬂuctus
1350 1687 1467 1752 ejus
1511 1684 1707 1737 tumidi
1744 1684 1798 1736 in
1842 1682 2069 1737 sublime
2109 1682 2399 1750 erigantur,

861 1791 1031 1845 usque
1063 1790 1277 1829 rursum
1309 1773 1617 1827 decidrates
1650 1773 1708 1825 in
1739 1770 1932 1839 seipsis
1965 1769 2302 1838 frangantur.
2349 1775 2402 1819 et

860 1867 1128 1938 quomodo
1163 1882 1260 1920 nec
1289 1865 1500 1934 possint
1528 1879 1628 1917 nec
1665 1863 1896 1915 audeant
1921 1861 2210 1914 terminum
2241 1866 2295 1912 et
2326 1858 2404 1910 le-

2511 687 2600 750 Ὢς
2635 687 2741 757 γάρ
2768 689 2831 739 ἐκ
2859 685 3116 756 μεγέθους
3143 686 3236 738 καὶ
3267 685 3522 754 καλλονῆς
3565 684 3869 754 κτισμάτων
3893 685 3922 736 ό
3941 699 4031 750 γερ-

2499 775 2804 846 νεσιουργὺς
2819 773 3114 846 θεωρεῖται,
3131 773 3220 826 τὸν
3247 774 3406 846 αὐτὸν
3429 774 3625 842 τρόπον
3646 774 3707 826 ἐκ
3730 773 3837 837 τῶν
3859 772 4035 843 μερῶν

2502 865 2600 918 τοῦ
2633 845 2832 935 κόσμου
2879 845 2939 918 τό
2975 864 3157 936 θαῦμα
3335 863 3428 917 τοῦ
3476 862 3609 918 Θεοῦ
3646 861 4035 935 μεγαλουργίας

2498 959 2607 1020 τοῖς
2643 958 2772 1028 όρᾷν
2811 956 3125 1026 δυναμένοις
3169 956 3508 1025 παρίσταται.
3538 955 3600 1007 Et
3627 953 3755 1022 γοῦν
3785 969 3868 1016 τις
3906 956 4032 1024 παρ’

2501 1048 2672 1118 ἐαυτῷ
2692 1048 2979 1116 λογίσαιτο,
2999 1048 3157 1101 πόθεν
3178 1047 3284 1116 ἄρα
3302 1046 3518 1116 φέρεται
3534 1047 3565 1116 ὴ
3581 1046 3812 1114 τοσαύτη
3823 1045 3929 1097 τῶν
3944 1062 4036 1098 πο-

2500 1141 2686 1211 ταμῶν
2710 1139 2868 1210 φορὰ,
2890 1139 3048 1192 πόθεν
3074 1137 3144 1191 τὰ
3167 1139 3397 1191 τοσαῦτα
3423 1137 3621 1209 μεγέθη
3647 1137 3739 1190 καὶ
3768 1137 3837 1190 τὰ
3861 1137 4032 1210 πλήθη

2498 1231 2597 1301 τῆς
2618 1232 2786 1301 ὑγρᾶς
2802 1231 3004 1292 οὐσίας,
3028 1229 3188 1284 πόθεν
3209 1230 3264 1282 αἱ
3281 1229 3412 1299 μηδὲ
3435 1228 3640 1282 πώποτε
3656 1227 3716 1294 ἐξ
3731 1226 4040 1292 αἰῶνοςδιαρ

2499 1321 2745 1390 λείψασαι
2782 1321 2977 1390 πηγαὶ,
3007 1320 3063 1373 αἱ
3090 1319 3214 1382 τοὺς
3250 1319 3501 1382 ἀεννάους
3532 1319 3624 1373 καὶ
3666 1317 4038 1389 παμμεγέθεις

2503 1412 2754 1482 βρύουσαι
2799 1407 3100 1482 ποταμούς·
3139 1410 3246 1464 άπὸ
3287 1410 3450 1463 ποίων
3478 1406 3584 1480 ἄρα
3624 1409 3794 1480 βυθῶν
3823 1410 4035 1480 ὁρμῶν-

2500 1522 2608 1569 ται,
2642 1505 2734 1558 καὶ
2758 1506 2821 1558 ἐκ
2845 1505 3002 1566 ποίας
3029 1503 3367 1564 ὑποστάσεως
3391 1501 3482 1555 τδν
3513 1503 3798 1572 σύμπαντα
3827 1503 4041 1575 ῥέουσιν

2501 1596 2698 1653 αἰῶνα·
2744 1600 2795 1650 et
2834 1615 2918 1660 τις
2960 1595 3129 1649 ταῦτα
3174 1595 3492 1664 ἐννοήσειεν,
3543 1594 3727 1664 δψεται
3756 1595 3830 1658 ὡς
3884 1612 4038 1664 μονο-

2501 1694 2646 1762 νουχὶ
2678 1692 2857 1761 φωνὴν
2888 1691 3096 1759 άφίησι,
3138 1689 3232 1742 καὶ
3257 1689 3289 1758 ἡ
3321 1688 3406 1741 διὰ
3432 1686 3536 1740 τῶν
3567 1686 3819 1756 ποταμῶν
3864 1684 4040 1738 αὐτῶν

2500 1783 2562 1852 δὴ
2591 1782 2788 1833 τούτων
2831 1777 3199 1850 παρισταμένη
3233 1775 3324 1830 τοῦ
3357 1775 3568 1828 κτίστου
3600 1774 3691 1826 καὶ
3715 1771 4039 1843 δημιουργοῦ

2500 1869 2604 1922 τῶν
2652 1870 2784 1920 ὅλων
2829 1867 3212 1940 μεγαλουργία,
3245 1863 3589 1936 μαρτυροῦσα
3623 1865 3688 1933 τῇ
3734 1861 3896 1916 αὑτοῦ
3928 1862 4042 1914 θεό-

859 1972 978 2026 gem
1007 1956 1112 2010 sibi
1142 1943 1414 2008 deﬁnitam
1438 1950 1812 2022 prmtergredi;
1845 1950 1970 2002 hinc
2002 1962 2132 2004 sane
2158 1946 2250 2002 Dei
2284 1961 2398 1999 ma-
2429 1943 2467 1992 Β
2496 1977 2585 2030 τητ

2340 1961 2398 1998 ³·-
2429 1943 2467 1992 B
2496 1977 2632 2030 τητι.
2665 1959 2815 2012 Οῦτω
2856 1959 2910 2011 δὲ
2941 1960 3030 2010 καὶ
3061 1959 3183 2020 τοὺς
3217 1955 3616 2028 μετεωρισμοὺς
3645 1955 3743 2021 τῆς
3773 1945 4063 2022 Θαλάσσης

869 2051 1188 2121 gniﬁcentiae
1221 2049 1326 2101 vim
1359 2045 1738 2116 deprehendet.
1773 2043 1903 2096 Nam
1948 2042 2022 2094 illi
2069 2039 2250 2102 edixit,
2281 2038 2402 2091 vHu-

857 2154 1063 2208 cusque
1093 2137 1298 2199 venies,
1347 2143 1399 2188 et
1441 2135 1496 2187 in
1527 2141 1577 2188 te
1623 2139 1973 2188 conterentur
2019 2129 2213 2182 ﬂuctus
2245 2129 2400 2192 tui",

859 2229 1255 2296 terminumque
1288 2227 1389 2296 ipsi
1431 2225 1632 2292 posuit,
1669 2239 1826 2292 quem
1863 2237 1969 2274 non
1999 2219 2404 2289 praetergredie-

856 2328 967 2381 tur,
1019 2333 1192 2386 neque
1237 2325 1582 2368 convertelur
1626 2313 1688 2366 ad
1731 2312 2074 2380 operiendam
2121 2308 2400 2364 terram“.

846 2410 1056 2464 Praeter
1096 2425 1157 2463 ea
1187 2399 1315 2462 vero
1362 2411 1480 2475 quin
1533 2419 1692 2472 supra
1736 2402 2170 2464 memoravimds,
2210 2401 2404 2453 dixerit

850 2503 1147 2573 quispiam,
1204 2509 1332 2550 tunc
1387 2495 1660 2548 mirabiles
1712 2492 1879 2546 fuisse
1931 2491 2190 2544 elationes
2239 2491 2404 2545 maris

854 2608 982 2648 cum
1010 2589 1326 2644 accedentes
1349 2585 1598 2655 discipuli
1628 2583 1878 2637 dixerunt
1899 2583 1968 2642 ei.
1991 2582 2227 2644 Domine,
2259 2583 2405 2635 salva

858 2699 976 2743 nos,
999 2680 1225 2747 perimus
1250 2677 1290 2708 “
1321 2692 1334 2729 :
1366 2675 1581 2746 quando
1614 2673 1894 2743 imperavit
1924 2673 2044 2742 ipsi,
2082 2681 2133 2726 et
2156 2671 2295 2724 facta
2322 2678 2406 2751 est

859 2772 1224 2842 tranquillitas
1264 2783 1475 2838 magna.
1529 2765 1594 2819 Et
1624 2765 1756 2818 alias
1801 2765 1993 2818 iterum
2040 2777 2162 2816 cum
2195 2762 2406 2815 Domini

851 2865 1012 2932 jussu
1051 2862 1282 2915 divisum
1333 2859 1386 2913 iu
1448 2871 1611 2926 seque
1660 2859 1775 2924 ipso
1808 2854 2064 2908 secedens
2107 2867 2170 2906 ac
2209 2853 2408 2906 distra-

862 2969 1030 3020 ctum,
1076 2955 1360 3010 transitum
1412 2951 1636 3022 praebuit
1682 2949 1804 3002 ﬁliis
1835 2947 2029 3010 lsrael,
2056 2953 2114 2999 ut
2151 2959 2246 3015 per
2275 2940 2407 2997 illud

857 3053 1013 3122 quasi
1060 3066 1156 3120 per
1188 3049 1398 3104 aridam
1443 3054 1642 3098 terram
1676 3045 2011 3114 praeterirent
2045 3061 2056 3096 :
2091 3049 2222 3094 tunc
2262 3039 2406 3093 enim

855 3145 1136 3199 mirabiles
1164 3142 1383 3195 fuerunt
1409 3137 1671 3191 elationes
1703 3136 1838 3204 ejus.
1875 3135 1984 3188 lmo
2005 3133 2160 3194 etiam
2187 3129 2407 3184 ﬂumina

857 3235 965 3287 alio
988 3232 1149 3285 modo
1182 3243 1368 3282 vocem
1401 3211 1765 3285 elevaverunt,
1794 3224 2009 3294 quando
2034 3237 2156 3276 arca
2184 3219 2408 3290 perJor-

2500 2049 2638 2118 ὁρῶν
2664 2065 2764 2110 τις,
2809 2049 2882 2110 ὡς
2921 2049 3200 2116 ἐπαίρεται
3243 2045 3577 2117 κυρτούμενα
3607 2045 3772 2115 αὐτῆς
3801 2047 3878 2106 είς
3912 2044 4042 2114 ὕψος

2501 2140 2566 2192 τὰ
2599 2139 2830 2209 κύματα,
2858 2139 2948 2190 καὶ
2973 2139 3048 2202 ὼς
3075 2139 3232 2192 πάλιν
3255 2138 3426 2192 ταῦτα
3453 2137 3824 2208 συμπίπτοντα
3863 2137 3919 2189 ἐν
3944 2136 4040 2188 αὺ-

2500 2231 2609 2292 τοῖς
2643 2228 2929 2299 θραύεται,
2979 2229 3070 2281 καὶ
3125 2229 3199 2292 ὡς
3232 2229 3291 2281 οὐ
3337 2228 3552 2282 δύναται
3588 2228 3705 2280 οὐδὲ
3739 2227 3911 2298 τολμᾷ
3954 2226 4042 2280 τὸν

2500 2321 2622 2392 ὅρον
2659 2321 2750 2372 καὶ
2791 2321 2880 2371 τὸν
2933 2319 3091 2390 νόμον
3132 2320 3424 2391 ὑπερϐῆναι
3464 2319 3553 2371 τὸν
3584 2319 3762 2381 αὐτοῖς
3803 2319 4044 2370 διατετα-

2501 2410 2719 2480 γμένον,
2746 2410 2928 2478 ὄψεται
2965 2411 3056 2462 καὶ
3081 2410 3172 2462 διὰ
3190 2410 3499 2480 τούτωνζτῆς
3535 2409 3626 2462 τοῦ
3647 2409 3779 2462 Θεοῦ
3813 2409 4042 2478 μεγαλοτ-

2503 2501 2761 2572 πρεπείας
2781 2501 2875 2572 τὴν
2904 2501 3144 2571 δύναμιν.
3173 2498 3305 2553 Εἶπε
3327 2500 3456 2568 γοῦν
3478 2501 3634 2572 αὐτῇ,
3663 2501 3834 2570 Μέχρι
3858 2501 4042 2553 τούτου

2501 2591 2714 2661 ἐλεύσῃ,
2762 2592 2854 2644 καὶ
2886 2592 2942 2642 ἐν
2977 2592 3057 2642 σοὶ⁹
3093 2590 3534 2662 συντριϐήσονταί
3573 2607 3665 2642 σου
3708 2590 3776 2644 τὰ
3806 2590 4041 2662 κύματα,

2503 2682 2594 2732 καὶ
2639 2683 2781 2752 ὃριον
2827 2682 2960 2751 αὐτῇ
3013 2680 3179 2744 ἔθετο,
3233 2683 3324 2734 καὶ
3357 2682 3455 2752 οὐχ
3503 2681 3887 2752 ὑπερϐήσεται,
3927 2681 4044 2734 οὐδὲ

2505 2773 2814 2843 ἐπιστρέψει
2850 2773 3192 2843 καλῦψαιτὴν
3231 2771 3354 2842 γῆν.
3396 2773 3502 2826 Καὶ
3522 2771 3791 2843 ἐτέρωςδέ
3816 2772 4044 2846 παρὰτά

2504 2865 2763 2934 εἰρημένα
2798 2864 2936 2916 εἴποι
2962 2865 3026 2917 ἄν
3046 2882 3127 2928 τις
3154 2864 3494 2935 θαυμαστοὺς
3527 2859 3804 2928 εἶναιτοὺς
3845 2882 4046 2936 μετεω-

2507 2957 2730 3027 ρισμοὺς
2743 2956 2838 3026 τῆς
2859 2955 3145 3025 θαλάσσης,
3170 2955 3402 3025 ὁπηνίκα
3421 2955 3797 3026 προσελθόντες
3811 2959 3858 3010 οἱ
3879 2956 4048 3026 μαθη-

2505 3046 2593 3098 ταὶ
2612 3041 2768 3097 εἶπαν
2793 3045 2957 3115 αὐτῷ,
2979 3047 3173 3112 Κύριε,
3205 3044 3411 3099 σῶσον
3437 3043 3611 3112 ἡμᾶς,
3630 3046 4012 3115 ἀπολλύμεθα
4028 3062 4041 3076 ·

2503 3133 2592 3187 ὅτε
2615 3135 2705 3203 καὶ
2721 3134 3043 3204 ἐπετίμησεν
3062 3134 3218 3204 αὐτῇ,
3241 3133 3334 3186 καὶ
3377 3132 3565 3199 γέγονε
3585 3135 3788 3206 γαλήνη
3821 3133 4043 3204 μεγάλη.

2507 3224 2617 3278 Καὶ
2663 3223 2846 3278 ἄλλοτε
2885 3223 3062 3287 πάλιν,
3110 3225 3198 3278 ὅτε
3239 3224 3317 3294 τῷ
3358 3222 3449 3276 τοῦ
3489 3223 3692 3294 Κυρίου
3725 3223 4048 3294 κελεύσματι

854 3326 1053 3377 dauem
1089 3328 1427 3382 transeunte,
1464 3317 1786 3372 secedebant
1815 3330 1966 3384 aqua
1993 3322 2044 3369 et
2079 3314 2314 3375 stabant,
2340 3327 2403 3373 re
2431 3314 2470 3342 υ
2504 3317 2580 3370 δια

2340 3327 2403 3373 .re
2431 3314 2470 3342 ν
2504 3316 2847 3388 διαιρεθεῖσα,
2893 3318 2984 3370 καὶ
3010 3317 3091 3380 είς
3119 3316 3310 3387 ἑαυτὴν
3343 3317 3598 3370 διαστᾶσα
3636 3314 3730 3368 καὶ
3764 3315 4046 3386 ἀναχωρήο

853 3415 976 3482 ipsa
1004 3410 1228 3480 gloriam
1263 3409 1356 3463 Dei
1400 3409 1711 3468 clamantes,
1772 3415 1825 3459 et
1872 3406 2086 3475 quando
2127 3406 2246 3473 ipso
2279 3403 2404 3456 Ser-

856 3510 1046 3555 vatore
1081 3501 1133 3554 in
1181 3498 1369 3556 eodem
1412 3496 1629 3551 ﬂumine
1677 3496 1970 3564 baptizato,
2021 3494 2259 3548 cmlestis
2301 3507 2404 3545 vox

859 3596 1036 3664 ipsum
1073 3590 1270 3645 Filium
1298 3604 1420 3645 esse
1436 3588 1689 3642 dilectum
1723 3587 1791 3640 ad
1815 3588 2054 3640 omnium
2079 3597 2238 3636 aures
2265 3597 2403 3650 prae-

857 3688 1083 3740 dicaret.

2511 3423 2679 3467 σασα,
2721 3405 2954 3475 παρέσχε
2984 3404 3150 3458 δίοδον
3179 3408 3289 3469 τοῖς
3319 3408 3451 3468 υἱοῖς
3483 3403 3696 3476 Ἰσραὴλ
3735 3404 3954 3457 διελθεῖν
3983 3405 4047 3456 δι’

2509 3498 2675 3567 αὐτῆς
2705 3497 2779 3560 ὡς
2823 3497 2910 3550 διά
2943 3497 3108 3569 ξηρᾶς
3151 3497 3413 3567 γῆς..Καὶ
3454 3496 3572 3549 τότε
3601 3495 3711 3565 γὰρ
3756 3493 4053 3565 θαυμαστοὶ

2509 3589 2791 3656 γεγόνασιν
2823 3589 2986 3659 αὐτῆς
3019 3588 3068 3640 οἱ
3105 3587 3479 3658 μετεωρισμοί.
3525 3586 3598 3639 Οὐ
3652 3585 3754 3656 μὴν
3785 3583 3920 3638 άλλά
3959 3595 4053 3638 και

2504 3679 2555 3730 οἱ
2603 3679 2834 3750 ποταμοὶ
2877 3679 3088 3751 ἐπῆραν
3129 3679 3308 3749 φωνὴν
3348 3679 3574 3750 ἑτέρως,
3616 3679 3703 3732 ὅτε
3743 3678 3777 3748 ἡ
3825 3674 4053 3736 κιϐωτὸς

856 3777 991 3846 διῄει
1042 3776 1132 3828 τὸν
1198 3772 1486 3842 Ἰορδάνην,
1556 3767 1888 3838 ὑπανεχὼρει
1938 3783 1997 3819 τε
2037 3768 2127 3819 καὶ
2174 3767 2353 3818 ἵστατο
2394 3764 2460 3818 τὰ
2499 3767 2662 3822 ὕδατα
2707 3769 2887 3841 ἔργοις
2937 3771 3032 3840 τὴν
3085 3769 3239 3835 δόξαν
3288 3769 3560 3823 ἐκῦοῶντα
3602 3768 3694 3822 τοῦ
3747 3765 3910 3820 Θεοῦ·
3959 3763 4052 3819 καὶ

849 3873 964 3933 ὅτε,
1003 3867 1167 3935 αὑτοῦ
1207 3865 1301 3919 τοῦ
1334 3864 1579 3934 mitigo;
1615 3859 1993 3931 βαπτισθέντος
2040 3862 2096 3913 ἐν
2137 3860 2214 3929 τῷ
2262 3858 2406 3926 αὑτῷ
2442 3861 2685 3932 ποταμῷ,
2718 3865 2751 3931 ἡ
2815 3863 3058 3934 οὐράνιος
3085 3864 3232 3934 φωνὴ
3265 3863 3391 3916 rev
3427 3863 3583 3916 αὑτὸν
3634 3859 3910 3931 ἀγαπητὸν
3971 3859 4052 3921 εἰς

857 3965 954 4024 τὰς
985 3959 1196 4012 πάντων
1223 3955 1760 4028 ἀκοὰςάνεκήρυττε.
2239 4023 2246 4031 ⁸

928 4031 1098 4106 Vsus.
1127 4051 1179 4104 5.
1223 4047 1544 4102 Testimonia
1576 4045 1844 4099 credibilia
1879 4044 2021 4113 facta
2058 4053 2178 4097 sunt
2211 4047 2357 4100 valde
2387 4059 2405 4098 :

852 4145 1071 4198 domum
1096 4149 1240 4192 tuam
1260 4138 1399 4193 decet
1429 4138 1746 4200 sanctitudo,
1776 4137 2015 4198 Domine,
2047 4137 2102 4188 in
2125 4137 2408 4208 longitudi-

855 4249 976 4288 nem
1001 4227 1225 4284 dierum.
1255 4228 1555 4298 Prophetia:
1587 4229 1916 4292 futurorum,
1949 4229 2002 4282 in
2032 4229 2229 4298 quibus
2259 4230 2410 4283 testi-

859 4324 1042 4379 monia
1091 4310 1156 4377 de
1198 4336 1366 4390 regno
1413 4319 1622 4373 Domini
1677 4319 2008 4380 ferebantur,
2058 4328 2181 4374 ante
2229 4335 2408 4374 rerum

2581 4038 2654 4094 Τὰ
2673 4039 2958 4109 μαρτύρια
3006 4036 3419 4104 ἐπιστώθησαν
3467 4034 3729 4104 σφόδριν
3779 4034 3860 4100 τῷ
3910 4036 4050 4104 οικφ

2501 4146 2620 4183 σου
2652 4127 2856 4196 πρέπει
2881 4127 3160 4196 ἁγίασμα,
3189 4122 3385 4191 Κύριε,
3422 4124 3507 4188 είς
3538 4123 3875 4191 μακρότητα
3903 4125 4047 4193 ἦμες

2497 4218 2641 4287 ρῶν.
2694 4219 2757 4270 Δί
2806 4217 2930 4288 περὶ
2971 4216 3076 4268 τῶν
3112 4214 3407 4285 μελλόντων
3455 4214 3796 4282 προφητεῖαι,
3837 4213 3958 4266 καθ’
3984 4213 4051 4279 ας

2503 4309 2754 4380 ἐφέροντο
2779 4307 2869 4360 καὶ
2893 4307 2948 4358 αἱ
2978 4307 3102 4376 περὶ
3128 4305 3224 4376 τῆς
3247 4302 3338 4356 τοῦ
3377 4303 3578 4372 Κυρίου
3611 4300 3880 4370 βασιλείας
3914 4317 4053 4372 μαρ-

861 4423 1134 4477 e'Ventum,
1177 4427 1482 4468 sermonum
1505 4409 1921 4464 credibilitatem
1949 4411 2188 4464 nondum
2223 4411 2409 4465 videre
2503 4419 2587 4472 τυε

2326 4427 2409 4465 ere
2503 4401 2704 4472 τυρίαι,
2752 4399 2857 4470 πρὸ
2898 4397 2996 4466 τῆς
3032 4397 3138 4448 τῶν
3171 4393 3505 4466 πραγμάτιον
3549 4391 3851 4456 ἐκϐάσεως,
3901 4389 4052 4445 οὔπω

859 4511 1129 4566 sinebant.
1188 4505 1322 4560 Nam
1376 4511 1498 4575 post
1557 4509 1830 4561 eventum.
1896 4511 1948 4555 et
2004 4510 2125 4571 post
2175 4502 2407 4572 perfecta
2441 4574 2456 4575 ί
2507 4503 2581 4536 πα

2325 4510 2407 4555 εις,
2507 4488 2761 4554 παρεῖχον
2792 4485 2920 4553 ὁρᾷν
2962 4481 3022 4534 τὸ
3059 4482 3245 4534 πιστὸν
3289 4481 3393 4534 τῶν
3441 4478 3630 4547 λόγων.
3669 4481 3818 4532 Μετὰ
3855 4480 3913 4532 δὲ
3953 4479 4051 4550 τὴν

859 4615 1046 4669 opera,
1092 4605 1221 4650 tunc
1277 4567 1407 4650 sane
1449 4591 1756 4648 testimonia
1795 4589 1887 4644 Dei
1934 4567 2209 4645 credibilia
2267 4590 2406 4644 facta
2439 4574 2479 4626 D
2509 4577 2585 4669 ἐκ(

2326 4599 2406 4644 ειη
2439 4574 2479 4626 D
2509 4577 2745 4635 ἑκϐασιν,
2763 4571 2934 4626 καὶτὰ
2949 4571 3034 4624 διὰ
3055 4571 3161 4623 τῶν
3181 4571 3352 4643 ἐργων
3375 4569 3768 4638 ἐπιτελέσματα
3783 4567 4052 4639 ἐπιστώθη

860 4689 1318 4758 sunt.'Siquidem
1345 4687 1454 4756 jam
1486 4683 1613 4740 olim
1642 4683 1783 4737 dicta
1817 4690 1869 4736 et
1903 4681 2257 4750 pramuntiata
2293 4680 2406 4734 fue-

865 4793 1007 4843 rant,
1039 4792 1090 4836 et
1112 4780 1317 4850 jamdiu
1350 4778 1801 4849 exspectabantur
1846 4790 1930 4836 ea.
1962 4788 2081 4843 quae
2115 4772 2180 4825 ad
2222 4771 2310 4824 Dei
2350 4773 2402 4825 in

861 4888 1052 4928 omnes
1108 4880 1291 4940 gentes
1327 4883 1567 4939 regnum
1616 4867 1954 4936 spectabant.
2013 4861 2402 4915 Testimonium

867 4979 992 5016 vero
1041 4961 1169 5015 illud
1215 4973 1358 5011 nunc
1403 4957 1663 5012 credibile
1719 4955 1918 5010 factum
1969 4961 2074 5014 est,
2107 4967 2229 5006 cum
2270 4951 2402 5019 ipsis

859 5055 1117 5125 operibus
1140 5051 1417 5120 impletum
1445 5049 1720 5102 oraculum
1745 5048 2008 5101 cernitur.
2042 5044 2107 5097 Et
2135 5045 2260 5096 olim
2285 5043 2406 5110 qui-

861 5147 984 5198 dem
1029 5143 1094 5197 de
1128 5142 1351 5194 Domino
1376 5139 1686 5202 dicebatur,
1721 5137 1863 5205 quod
1909 5136 2155 5189 decorem
2199 5131 2405 5185 induis-

865 5241 977 5296 set;
1015 5248 1156 5285 nunc
1194 5237 1372 5284 autem
1410 5227 1728 5282 conﬁrmato
1750 5242 1815 5280 ex
1854 5225 2107 5294 operibus
2137 5213 2420 5286 sermone,

838 5323 1067 5378 .veritas
1097 5321 1462 5391 praedictionis
1491 5318 1760 5389 apnaruit,
1794 5332 1917 5370 cum
1965 5323 2126 5369 exuta
2167 5314 2281 5376 Dei,
2325 5314 2409 5366 in-

861 5417 997 5469 duta
1031 5416 1169 5468 servi
1202 5414 1395 5477 forma,
1432 5427 1495 5465 ac
1522 5424 1694 5478 usque
1738 5408 1804 5460 ad
1833 5413 2046 5475 turpem
2088 5403 2408 5474 progressus

860 5512 1115 5564 mortem,
1160 5512 1340 5570 postea
1373 5501 1608 5556 dedecus
1652 5495 1784 5550 illud
1829 5494 2079 5563 deposuit
2128 5493 2408 5561 induitque

793 5638 795 5642 .
861 5600 1100 5660 paterna:
1139 5590 1323 5659 gloriae
1370 5589 1640 5649 decorem,
1685 5597 1852 5653 regno
1885 5583 2089 5636 scilicet
2126 5583 2178 5633 in
2228 5581 2407 5634 omnia

861 5696 990 5734 cum
1031 5679 1271 5734 emlestia
1303 5685 1417 5731 tum
1457 5686 1672 5732 terrena
1699 5681 2016 5728 coronatus.
2061 5669 2409 5739 Rursumque

2511 4667 2576 4719 τὰ
2608 4663 2874 4736 μαρτύρια
2921 4660 3012 4714 τοῦ
3042 4661 3206 4743 Θεοῦ.
3257 4661 3424 4712 Πάλαι
3477 4660 3572 4728 μὲν
3604 4657 3711 4727 γὰρ
3743 4660 3924 4728 εἴρητο
3959 4661 4054 4711 καὶ

2483 4753 3032 4850 ,\1:pom<pﬁreuro,éx
3070 4751 3276 4824 μακροῦ
3305 4768 3364 4802 τε
3409 4749 3769 4819 προσεδοκᾶτο
3814 4749 3882 4801 τά
3926 4753 4054 4822 περὶ

2507 4852 2602 4919 τῆς
2651 4849 2728 4910 είς
2761 4847 2972 4900 ἅπαντα
3001 4843 3070 4897 τὰ
3112 4843 3235 4913 ἔθνη
3286 4843 3377 4895 τοῦ
3416 4841 3547 4894 Θεοῦ
3591 4841 3862 4912 βασιλείας
3885 4857 3897 4870 ·
3934 4843 4088 4895 ἐπι-ι,

2512 4940 2682 5010 στώθη
2713 4939 2766 4990 δέ
2798 4938 2856 4990 τὸ
2890 4939 3065 5007 φῆσαν
3101 4933 3254 4986 τοῦτο
3278 4932 3568 5004 μαρτύριον
3607 4932 3723 4994 νῦν,
3749 4933 3836 4984 ὅτε
3869 4931 4080 5004 εργοις,

2509 5033 2694 5102 ὁρᾶται
2736 5027 3154 5100 πεπληρωμένον
3171 5025 3231 5079 τὸ
3263 5024 3455 5093 λόγιον.
3484 5025 3593 5078 Καὶ
3622 5024 3788 5077 πάλαι
3818 5022 3914 5093 μέν
3937 5024 4051 5076 ἐλέ-

2509 5138 2632 5190 γετο
2686 5122 2808 5190 περὶ
2838 5118 2930 5171 τοῦ
2980 5117 3204 5188 Κυρίου,
3247 5115 3320 5179 ὡς
3361 5115 3468 5185 ἄρα
3519 5114 3846 5184 εὐπρέπειαν
3878 5113 4057 5167 ἐνεδύ-

2513 5229 2669 5264 σατοο
2703 5210 2795 5264 νῦν
2835 5210 2910 5273 δὲ,
2935 5207 3286 5278 πιστουμένου
3327 5203 3418 5257 τοῦ
3451 5205 3608 5273 λόγου
3650 5204 3714 5257 δι’
3740 5203 3916 5258 αὐτῶν
3945 5205 4057 5259 τῶν

2513 5303 2683 5373 ἔργων
2703 5343 2715 5365 ,
2741 5302 2972 5370 πέφηνεν
3000 5303 3032 5370 ἡ
3051 5298 3272 5368 ἀλήθεια
3293 5299 3390 5367 τῆς
3418 5295 3768 5366 προρρήσεως
3787 5336 3800 5360 ,
3817 5296 3905 5349 ὅτε
3919 5296 4054 5350 ἀπο-

2511 5394 2800 5462 δυσάμενος
2821 5391 2918 5461 τὴν
2949 5389 3042 5462 τοῦ
3076 5387 3208 5441 Θεοῦ
3242 5385 3471 5456 μορφὴν,
3505 5388 3595 5439 καὶ
3624 5385 3721 5458 τὴν
3748 5386 3841 5442 τοῦ
3866 5386 4052 5440 δούλου

2512 5483 2876 5558 περιθέμενος,
2894 5461 2985 5534 καὶ
3011 5480 3166 5550 μέχρι
3181 5493 3242 5545 γε
3258 5475 3349 5529 τοῦ
3371 5475 3646 5550 ἀπρεποῦς
3667 5478 3890 5532 θανάτου
3915 5477 4052 5545 φθό-

2514 5592 2629 5638 σας,
2669 5573 2802 5645 μετὰ
2839 5572 3008 5625 ταῦτα
3049 5569 3147 5640 τὴν
3175 5568 3272 5639 μὲν
3305 5569 3604 5640 ἀπρέπειαν
3637 5570 3837 5641 ταύτην
3862 5569 4056 5624 ἀποτέ-

2514 5665 2702 5729 θειται,
2731 5663 3012 5719 ἐνεδύσατο
3036 5663 3092 5718 δὲ
3126 5663 3224 5734 τῆς
3263 5663 3530 5734 πατρικῆς
3561 5661 3722 5733 δόξης
3740 5663 3839 5734 τὴν
3869 5659 4057 5732 εὐπρέέ

969 5833 1012 5864 ⁸⁸
1041 5831 1138 5887 Job
1173 5846 1397 5895 xxxviii,
1436 5829 1521 5883 Η.
1598 5829 1642 5860 ⁸⁸
1684 5826 1844 5891 ,Psal.
1877 5839 1992 5882 CIII.
2021 5825 2074 5880 9.
2150 5824 2192 5854 “
2269 5819 2453 5875 Matth.
2492 5818 2714 5889 vnl,25.
