4372 6394
359 510 491 564 1193

1415 502 1549 556 (ΣΘΜ
1562 501 1901 553 ΜΕΝΤΑΒἎ
1940 500 2004 554 IN
2045 500 2365 554 PSAIMOS.

3373 506 3503 562 HM

353 631 530 675 πειαν,
554 614 650 684 τὴν
680 615 817 667 κατὰ
858 616 1064 667 πάντων
1100 614 1382 682 βασιλείαν,
1410 614 1514 665 τῶν
1553 631 1607 665 τε
1636 616 1692 663 ἐν
1719 616 1881 680 ούρα-
1914 627 1953 676 Α
1985 625 2079 678 pro

1786 630 1881 680 ρα-
1914 627 1953 676 Α
1985 612 2289 678 prOphetica
2333 612 2634 664 testimonia
2666 612 3035 672 enuntiabant,
3082 610 3357 665 Dominum
3395 615 3504 667 vir-

355 705 463 764 νοῖς
490 702 712 753 καὶτῶν
754 703 843 753 ἐπὶ
885 704 985 768 γῆς
1011 701 1427 769 ἀναδησάμενος.
1474 702 1579 751 Καὶ
1624 701 1779 751 πάλιν
1819 698 1885 749 τὰ

360 793 454 861 μὲν
483 794 785 861 προφητικὶ
821 792 1086 861 μαρτύρια
1122 794 1409 861 περιεῖχεν,
1432 791 1506 851 ὼς
1538 789 1885 858 ἐνδυσάμενος

353 882 578 950 δύναμιν
618 883 646 933 ό
690 881 902 950 Κύριος,
934 880 1226 949 ἐστερέωσε
1266 881 1362 949 τὴν
1403 878 1741 947 οἰκουμένην,
1768 876 1886 945 ῆτις

354 972 413 1023 οὐ
441 972 841 1041 σαλευθήσεται.
889 969 1184 1038 Ἐπιστιῦοη
1217 968 1269 1019 δέ
1300 968 1391 1019 καὶ
1413 967 1602 1027 ταῦτα,
1637 968 1721 1019 ὅτε
1753 966 1886 1036 μετὰ

353 1062 411 1113 τὸ
435 1060 620 1123 πάθος,
645 1062 739 1129 τὴν
766 1060 963 1111 οἰκείαν
994 1059 1269 1110 ἀπολαϐὼν
1296 1058 1534 1127 δύναμιν,
1564 1061 1620 1109 ἐν
1650 1059 1792 1127 πάσῃ
1820 1062 1883 1126 τῇ

353 1152 459 1203 τῶν
518 1150 810 1221 ἀνθρώπων
867 1151 1151 1219 οἰκουμένῃ
1211 1150 1305 1219 τὴν
1364 1150 1681 1218 Ἐκκλησίαν
1724 1149 1885 1201 αὑτοῦ

356 1243 701 1311 ἐστερέωσεν,
734 1245 809 1303 εἰς
839 1242 898 1293 τὸ
944 1241 1135 1309 μηκέτι
1181 1240 1492 1291 σαλεύεσθαι
1542 1235 1641 1292 ὧδε
1668 1242 1886 1293 κάκεῖσε

351 1331 449 1393 τὰς
486 1332 591 1383 τῶν
622 1332 915 1402 ἀνθρώπων
953 1330 1125 1398 ψυχὰς
1160 1331 1283 1397 περὶ¹
1315 1330 1408 1399 τὴν
1454 1330 1606 1381 ἄθεον
1648 1329 1887 1381 δεισιδαι-

355 1421 540 1489 μονίαν
569 1422 931 1491 πλανωμένας.
960 1422 1065 1473 Καὶ
1096 1422 1249 1473 πάλιν
1277 1421 1343 1472 τὰ
1380 1423 1473 1489 μὲν
1504 1420 1589 1472 διὰ
1624 1420 1728 1471 τῶν
1760 1437 1888 1489 προ-

355 1510 533 1579 φητῶν
575 1511 842 1581 μαρτύρια
888 1512 1266 1580 προεφήτευον,
1298 1507 1371 1571 ὡς
1416 1510 1519 1578 ἄρα
1566 1510 1613 1560 oi
1660 1510 1885 1577 ποταμοὶ

353 1600 609 1671 ἐπαροῦσι
643 1602 819 1669 φωνὴν
861 1600 1055 1664 αὐτῶν,
1103 1600 1194 1652 καὶ
1237 1600 1379 1652 ἄλλοι
1425 1600 1655 1668 ποταμοὶ
1699 1599 1885 1667 ἀροῦσι

352 1690 445 1752 τὰς
494 1688 787 1756 ἐπιτρίψεις
819 1689 1021 1740 αὐτῶν·
1076 1689 1164 1740 καὶ
1204 1688 1367 1740 ταῦτα
1406 1688 1461 1739 δὲ
1508 1687 1574 1739 τὰ
1621 1688 1885 1757 μαρτύρια

352 1777 638 1846 ἐπιστώθη,
678 1778 762 1829 ὅτε
782 1777 917 1830 κατὰ
942 1777 1116 1839 πασας
1148 1777 1241 1839 τὰς
1288 1764 1604 1845 Ἐκκλησίας
1634 1776 1724 1827 τοῦ
1753 1777 1884 1828 Θεοῦ

352 1871 440 1921 καὶ
480 1869 595 1920 καθ’
621 1870 745 1935 ὅλης
783 1869 877 1937 τῆς
923 1868 1233 1937 οἰκουμένης
1273 1868 1336 1919 τὰ
1383 1867 1554 1937 πλήθη
1588 1868 1692 1918 τῶν
1733 1870 1884 1919 εὐσε-

1985 709 2097 753 tute
2126 701 2367 754 indutum
2400 704 2639 755 lirmasse
2680 688 2861 755 orbem
2895 712 3069 765 terrze,
3095 703 3186 771 qui
3230 718 3335 755 non
3368 704 3505 756 ult-ra

1983 791 2398 844 commovendus
2453 801 2613 845 esset.
2671 791 2869 847 Horum
2918 807 3074 860 porro
3124 794 3319 847 veritas
3358 809 3507 847 com-

1982 880 2203 947 probata
2227 889 2328 941 est,
2370 896 2488 931 cum
2528 891 2646 949 post
2686 883 3010 951 passionem,
3052 882 3261 951 prOpria
3295 893 3508 952 recepta

1984 976 2197 1031 virtute,
2232 982 2324 1039 per
2354 979 2521 1023 totum
2548 973 2728 1024 orbem
2763 972 3051 1025 Ecclesiam
3088 973 3310 1026 ilrmavit
3333 990 3508 1035 suam,

1985 1069 2042 1113 ut
2075 1077 2178 1113 non
2206 1063 2341 1113 ultra
2370 1071 2833 1115 iommoverentur
2856 1064 3097 1116 humanae
3120 1064 3324 1125 animm.
3349 1066 3509 1134 impia

1985 1150 2363 1217 superstitione
2397 1151 2501 1203 huc
2540 1151 2664 1203 illuc
2697 1153 3029 1205 errahundze.
3064 1151 3360 1221 lterumque
3387 1169 3507 1221 proo

1986 1240 2264 1307 phetarnm
2313 1240 2621 1292 testimonia
2670 1243 3115 1309 prmuruntiabaut,
3158 1240 3376 1295 ﬂumina
3418 1257 3510 1293 vo-

1984 1343 2099 1381 cem
2130 1330 2421 1391 elevatura,
2464 1330 2675 1398 aliaque
2717 1329 2934 1382 ﬂumina
2973 1329 3163 1385 [luctus
3196 1346 3323 1384 suos
3361 1332 3509 1384 exal-

1984 1425 2159 1469 tatura
2191 1434 2324 1471 esse.
2380 1401 2500 1470 Ilzec
2552 1427 2729 1471 autem
2785 1419 3090 1472 testimonia
3137 1434 3261 1473 vera
3300 1426 3507 1487 reperta

1984 1516 2129 1567 sunt,
2158 1522 2278 1559 cum
2315 1508 2367 1559 in
2398 1508 2642 1560 omnibus
2684 1506 2777 1561 Dei
2823 1507 3074 1562 Ecclesiis
3118 1524 3179 1562 ac
3212 1524 3305 1577 per
3339 1517 3509 1561 totum

1982 1598 2185 1660 orbem,
2226 1598 2516 1650 secundum
2553 1596 2920 1665 Evangelium,
2963 1608 3133 1652 cretus
3169 1600 3375 1666 piorum
3417 1613 3511 1654 vo-

1976 1702 2073 1757 ces
2096 1688 2385 1753 gratiarum
2416 1688 2663 1748 actionis,
2696 1702 2789 1754 per
2822 1689 3093 1740 orationes
3121 1697 3171 1741 et
3194 1691 3421 1759 hymnos
3443 1691 3509 1743 ad

1982 1772 2145 1825 Deum
2176 1775 2425 1827 emittunt
2449 1795 2460 1827 :
2487 1776 2638 1843 queis
2672 1777 2745 1827 illi
2774 1778 2898 1828 olim
2930 1786 3261 1845 arrogantes,
3297 1781 3511 1848 Sapien-

1986 1873 2065 1917 tes
2103 1864 2263 1931 hujns
2298 1866 2497 1928 saeculi,
2538 1866 2753 1930 sublati,
2789 1877 2842 1918 et
2878 1874 3053 1918 tumor
3082 1883 3267 1919 eorum
3297 1868 3513 1922 destru-

352 1957 581 2009 ϐούντων
627 1958 761 2009 κατὰ
808 1958 866 2007 τὸ
892 1958 1209 2025 Εὑαγγέλιον
1254 1958 1462 2027 ἐπαίρει
1508 1958 1684 2024 φωνὰς
1730 1958 1885 2025 εύχα-
1916 1965 1956 2021 Β
1984 1964 2071 2007 ctu

1793 1974 1885 2025 χα-
1916 1965 1956 2021 Β
1984 1964 2103 2007 ctus
2132 1962 2212 2008 est
2237 1972 2250 2019 ;
2278 1956 2347 2007 ita
2380 1965 2435 2007 ut
2464 1971 2645 2008 eorum
2682 1958 3013 2027 philosophia
3047 1974 3267 2027 prorsus
3305 1962 3512 2013 exstin-

357 2047 678 2117 ριστηρίους,
710 2048 803 2109 τὰς
831 2048 893 2099 δι’
932 2048 1099 2117 εὐχῶν
1129 2045 1233 2100 καῖ
1259 2048 1586 2116 ὑμνολογιῶν
1624 2048 1727 2099 τῶν
1755 2048 1885 2118 πρὸς

351 2132 440 2205 τὸν
471 2131 598 2184 Θεὸν
628 2134 1096 2202 ἀναπεμπομένας,
1126 2135 1210 2201 ὑφ’
1231 2128 1302 2185 ὢν
1333 2136 1379 2185 οἱ
1413 2136 1574 2187 πάλαι
1622 2136 1888 2205 ἐπιτριϐό-

355 2238 501 2291 μενοι
533 2225 680 2291 σοφοὶ
710 2223 801 2275 τοῦ
840 2225 1028 2286 αἰῶνος
1056 2225 1241 2277 τούτου
1283 2226 1631 2294 κατῄρηνται,
1674 2229 1764 2278 καὶ
1790 2226 1884 2289 τὰς

248 2357 253 2362 .
347 2312 646 2382 ἐπιτρίῲεις
704 2314 877 2367 αὐτῶν
921 2316 1202 2385 περιεῖλον,
1238 2317 1309 2378 ὼς
1345 2318 1518 2368 πᾶσαν
1558 2316 1733 2367 αὐτῶν
1762 2316 1882 2366 σϐε-

347 2403 536 2471 σθῆναι
576 2403 670 2474 τὴν
721 2406 1044 2472 φιλοσοφίαν.
1078 2408 1226 2459 Κατὰ
1256 2408 1322 2458 τὰ
1374 2406 1509 2458 αὐτὰ
1548 2405 1603 2457 δὲ
1654 2405 1745 2457 καὶ
1788 2403 1885 2465 τὰς

346 2490 534 2554 λοιπὰς
584 2494 689 2544 τῶν
748 2494 1085 2563 προφητειῶν
1146 2497 1467 2565 προρρήσεις
1518 2492 1740 2555 διεξιὼν,
1792 2491 1882 2559 ἐφ’

347 2582 557 2650 ἑκάστῳ
582 2583 837 2651 ἁρμόσεις
880 2585 956 2646 τὸ,
994 2586 1065 2637 Τὰ
1094 2583 1377 2652 μαρτύριά
1407 2599 1521 2636 σου
1561 2582 1883 2647 ἐπιστώθη-

346 2686 466 2725 σαν
503 2672 749 2738 σφόδρα.
785 2675 847 2724 Αἰ
898 2673 994 2741 μὲν
1038 2669 1127 2725 οὗν
1170 2674 1274 2725 ἀπὸ
1317 2672 1421 2723 τῶν
1461 2672 1615 2723 θείων
1657 2671 1883 2741 Γραφῶν

349 2758 658 2828 μαρτυρίαι,
708 2758 906 2827 σφόδρα
955 2759 1013 2810 τὸ
1066 2759 1250 2809 πιστὸν
1303 2744 1661 2828 εἰλήφασιδιὰ
1706 2759 1800 2828 τῆς
1828 2760 1884 2809 ἐν

344 2851 465 2910 ταῖς
486 2847 764 2900 ἐκϐάσεσιν
792 2848 1067 2917 όρωμένης
1099 2847 1347 2916 ἀληθείας
1368 2864 1379 2876 ·
1415 2847 1491 2916 τῷ
1514 2848 1569 2899 δέ
1606 2846 1736 2917 οἴκῳ
1769 2865 1881 2909 σου,

344 2938 588 2992 τουτέστι
626 2941 689 3007 τῇ
747 2939 1033 3007 Ἐκκλησία
1062 2955 1174 2999 σου,
1222 2938 1365 2989 οὐδὲν
1407 2936 1545 2989 οὕτω
1575 2937 1769 3007 πρέπει
1806 2939 1883 3000 είς

346 3027 406 3078 τὸ
451 3026 803 3097 φυλάττεσθαι
847 3027 1010 3096 αὐτὴν
1061 3030 1139 3091 είς
1191 3030 1498 3098 μακρότητα
1537 3028 1770 3099 ἡμερῶν,
1811 3028 1883 3091 ὡς

347 3117 637 3187 ἁγιωσύνη.
680 3116 764 3179 Ὦς
788 3117 893 3187 γὰρ
922 3120 1030 3180 τοῖς
1071 3120 1381 3188 μαρτυρίοις
1408 3134 1498 3169 σου
1528 3116 1700 3169 οἰκεία
1738 3117 1881 3168 ἐστὶν

347 3209 379 3277 ἡ
412 3207 635 3277 ἀλήθεια
666 3208 757 3260 καὶ
784 3211 816 3276 ἡ
853 3208 1047 3269 πίστις,
1079 3209 1217 3260 οὕτω
1248 3209 1338 3259 καὶ
1364 3207 1440 3277 τῷ
1467 3209 1600 3275 οἴκῳ
1630 3223 1721 3258 σου
1752 3206 1880 3276 πρέ-

1985 2048 2070 2092 cta
2104 2040 2279 2093 fuerit.
2326 2042 2379 2093 Si
2415 2050 2587 2095 autem
2629 2044 2741 2110 pari
2776 2045 2931 2096 modo
2964 2046 3167 2113 reliqua
3208 2048 3512 2115 prophetia-

1984 2146 2099 2183 rum
2127 2133 2373 2184 vaticinia
2407 2147 2707 2200 percurras,
2742 2135 2965 2203 singulis
2988 2137 3193 2204 aptabis
3227 2136 3379 2201 illud,
3413 2138 3511 2190 Te-

1983 2222 2225 2273 stimonia
2264 2231 2353 2273 tua
2408 2224 2672 2277 credibilia
2718 2226 2859 2292 [acta
2912 2238 3030 2279 sunt
3095 2228 3258 2281 valde.
3323 2229 3509 2298 Itaque

1984 2311 2279 2365 divinarum
2338 2312 2737 2383 Scripturarum
2789 2317 3131 2383 testimonia,
3196 2335 3226 2372 a
3286 2320 3511 2373 veritate

1984 2410 2290 2471 eventuum,
2327 2404 2611 2457 admodum
2646 2405 2917 2460 credibilia
2944 2416 3247 2463 evaserunt.
3287 2409 3510 2464 Domum

1985 2507 2112 2545 vero
2152 2501 2319 2554 tuam,
2358 2494 2408 2546 id
2446 2502 2549 2555 est,
2582 2494 2871 2549 Ecclesiam
2910 2506 3077 2563 tuam,
3112 2500 3244 2552 nihil
3281 2508 3388 2553 tam
3419 2500 3512 2552 de-

1982 2588 2085 2643 cet,
2136 2590 2194 2632 ut
2243 2588 2296 2634 in
2352 2583 2737 2651 longitudinem
2788 2588 2993 2640 dierum
3037 2600 3297 2655 servetur,
3349 2609 3511 2661 quam

1983 2672 2303 2725 sanctitudo.
2331 2671 2482 2725 Sicut
2514 2676 2655 2727 enim
2688 2677 3007 2732 testimoniis
3034 2682 3140 2733 tuis
3174 2683 3385 2749 propria
3423 2699 3511 2736 ve-

1982 2765 2112 2817 ritas
2134 2772 2286 2817 estet
2312 2762 2473 2828 Iidcs;
2500 2764 2570 2815 ita
2599 2765 2811 2818 domum
2836 2776 2975 2819 tuam
2998 2768 3147 2822 decet
3166 2774 3463 2825 sanctitudr

1934 2922 1949 2939 ι
1983 2855 2081 2907 sub
2113 2853 2269 2921 cujus
2297 2855 2460 2907 tutela
2488 2863 2666 2908 manet
2697 2863 3088 2925 et'perseverat
3133 2861 3183 2913 in
3219 2862 3487 2931 longitudi-

1982 2958 2102 2996 nem
2133 2943 2359 2997 dierum.
2396 2943 2525 2997 Nam
2558 2946 2601 2998 si
2637 2947 2850 3015 quando
2886 2949 3159 3018 contingat
3189 2950 3422 3005 dedecus
3454 2952 3510 3006 iu

1980 3032 2141 3109 domo
2181 3040 2271 3086 tua
2308 3033 2552 3102 reperiri,
2587 3049 2650 3088 ac
2696 3039 2812 3089 loco
2844 3038 3166 3101 sanctitatis,
3196 3040 3505 3109 profanum,

1980 3106 2245 3191 impurum
2311 3139 2370 3175 ac
2446 3127 2831 3180 exsecrandum
2885 3127 3090 3185 facinus
3156 3131 3505 3200 deprehendi;

1981 3213 2094 3266 ﬁeri
2126 3223 2298 3267 tamen
2332 3217 2516 3284 nequit
2547 3226 2603 3269 ut
2630 3218 2757 3271 illud
2786 3220 2838 3271 in
2880 3219 3263 3290 longitudinem
3304 3224 3509 3283 dierum

346 3311 436 3351 πει
474 3298 776 3365 ἀγιωσύνη·
808 3299 895 3365 ὑφ’
923 3292 988 3367 ἦς
1022 3298 1411 3367 φυλαττόμενος
1462 3298 1610 3366 μένει
1654 3297 1746 3350 καὶ
1785 3313 1885 3351 πα-
1911 3294 1952 3350 C
1986 3319 2072 3371 per

1785 3313 1885 3351 πα-
1911 3294 1952 3350 C
1986 3312 2308 3371 perseveret.
2344 3304 2551 3358 Etenim
2582 3307 2649 3367 si,
2679 3307 2821 3374 quod
2856 3310 3033 3363 absit!
3068 3311 3320 3367 indecens
3362 3315 3510 3383 quid-

345 3392 569 3459 ραμενεῖ
606 3390 683 3450 εἰς
717 3387 1021 3457 μακρότητα
1052 3388 1287 3458 ἡμερῶν.
1333 3390 1394 3440 Εἰ
1444 3388 1548 3458 γάρ
1580 3404 1707 3439 ποτε
1744 3393 1893 3456 συμ-’

342 3477 468 3548 ϐαίη
526 3478 823 3548 ἀπρέπειαν
864 3479 921 3529 ἐν
973 3478 1047 3547 τῷ
1106 3481 1240 3547 οἴκῳ
1298 3496 1386 3532 σου
1436 3479 1737 3550 εὑρεθῆναι,
1790 3481 1885 3543 καὶ,

342 3569 460 3621 ἀντὶ
490 3569 820 3636 ἁγιάσματος
854 3568 1092 3637 βέϐηλον,
1121 3572 1212 3620 καὶ
1241 3568 1561 3638 ἀκάθαρτον.
1586 3568 1677 3621 καὶ
1710 3584 1879 3637 μυσα-

346 3659 440 3729 ρὰν
473 3656 684 3728 πρᾶξιν,
712 3658 886 3710 οὐκέθ’
906 3656 1012 3710 οἷόν
1038 3674 1096 3710 τε
1135 3658 1263 3710 αὐτὸ
1294 3660 1369 3719 είς
1412 3659 1721 3730 μακρότητα
1745 3662 1879 3730 ἠμε-

345 3746 451 3817 ρῶν
478 3746 761 3816 διαμένειν.
807 3748 950 3817 Ἐρεῖ
991 3747 1097 3817 γὰρ
1134 3748 1162 3799 ό
1188 3748 1245 3799 ἐν
1275 3747 1420 3817 αὐτῷ
1452 3748 1716 3801 κατοικῶν
1747 3748 1877 3812 Θεὸς

344 3837 493 3903 ἅγιος
520 3835 593 3888 ὢν
613 3838 703 3889 καὶ
723 3839 777 3889 ἐν
796 3837 963 3904 ἁγίοις
982 3836 1402 3906 ἀναπαυόμενος,
1431 3838 1483 3907 ἢ,
1514 3838 1541 3890 ὃ
1560 3839 1630 3909 μὴ
1646 3838 1869 3906 γένοιτο,

1987 3395 2126 3463 piam
2153 3403 2205 3448 et
2236 3396 2466 3448 alienum
2494 3397 2546 3448 in
2587 3398 2744 3449 domo
2774 3396 2866 3452 Dei
2900 3399 3351 3470 deprehendatur,
3381 3420 3511 3459 sane

1986 3482 2125 3539 Deus
2150 3484 2201 3537 in
2228 3484 2341 3554 ipsa
2367 3485 2636 3550 habitans,
2667 3488 2756 3555 qui
2786 3496 3006 3543 sanctus
3036 3499 3117 3545 est
3148 3502 3200 3547 et
3225 3494 3278 3547 in
3309 3498 3511 3557 sanctis

1985 3575 2294 3643 requiescit,
2328 3576 2490 3639 dicet,
2534 3574 2664 3630 Ecce
2702 3578 3017 3649 relinquetur
3038 3580 3175 3633 vobis
3207 3583 3389 3637 domus
3426 3603 3512 3641 ve-

1982 3673 2095 3717 stra
2131 3664 2333 3719 deserta
2351 3667 2415 3722 δ’,
2449 3669 2805 3733 Quamobrem
2835 3686 2932 3725 nos
2955 3672 3021 3739 ⁸ιιι
3052 3672 3265 3726 domum
3298 3674 3387 3729 Dei
3427 3680 3510 3731 in-

1978 3769 2213 3823 gressos,
2242 3771 2349 3824 pra:
2375 3760 2622 3815 omnibus
2661 3768 2712 3813 et
2750 3776 2911 3830 super
2946 3763 3123 3817 omnia
3155 3767 3425 3822 sanctitati
3452 3776 3508 3825 et

1976 3852 2340 3913 temperantiae
2365 3848 2582 3902 studere
2613 3857 2842 3919 oportet.

340 3930 581 4001 ἀπρεπές
612 3946 664 3983 τι
691 3932 783 3984 καὶ
813 3932 1084 4002 ἀλλότριον
1110 3931 1439 4002 ἁγιάσματος
1467 3934 1590 4003 περὶ
1620 3934 1710 3986 τὸν
1731 3931 1875 3988 οἷκον
1910 3938 2069 3990 αὐτοῦ
2104 3941 2359 4010 εύρηθείην
2394 3944 2543 4006 ποτὲ,
2585 3943 2659 4006 τὸ,
2699 3946 2851 3998 Ἰδοὺ
2890 3948 3117 4016 ἀφίεται
3164 3951 3304 4019 ὑμῖν
3358 3956 3391 4006 ό
3426 3950 3510 4008 οἷ-

339 4040 442 4088 κος
671 4023 901 4094 ἕρημος.
933 4026 1020 4077 Διὸ
1046 4025 1222 4095 δεήσει
1243 4028 1385 4111 ἡμᾶς
1413 4026 1517 4096 πρὸ
1542 4026 1753 4080 πάντων
1781 4031 1869 4081 καὶ
1898 4030 2031 4100 ὑπὲρ
2064 4032 2273 4085 πάντων
2319 4032 2637 4103 φροντίζειν,
2686 4040 2943 4103 είσιόντας
2976 4043 3050 4102 εἰς
3113 4031 3201 4095 τὸν
3239 4039 3384 4097 οἶκον
3421 4044 3505 4100 τοῦ

338 4116 492 4181 Θεοῦ,
525 4119 788 4189 ἁγιασμοῦ
815 4122 904 4172 καὶ
930 4120 1289 4190 σωφροσύνης.

388 4233 673 4289 ΨΔΔΜΟΣ
722 4237 809 4305 Ίᾨ
859 4236 1069 4372 ΔΛΥΙιῗι
1085 4236 1401 4358 F'I‘ETPAAI
1460 4238 1827 4293 ΣΑΒΒΑΤΩΝ.

408 4392 551 4485 Θεὸς
598 4417 960 4486 ἐκδικήσεων
1011 4420 1221 4487 Κύριος
1243 4460 1259 4486 ,
1318 4421 1450 4487 Θεὸς
1511 4421 1875 4493 ἐκδικήσεων

1978 4240 2291 4296 I’SALMUS
2363 4242 2621 4313 DAVIDI,
2660 4248 2965 4374 X%IIJIéI\RTA
3031 4252 3503 4317 SABBATORUM.

2047 4421 2206 4479 Vens.
2242 4424 2291 4477 1.
2334 4425 2479 4479 Deus
2499 4428 2754 4483 ultionum
2785 4431 3057 4499 Dominus,
3088 4434 3232 4489 Deus
3248 4438 3505 4495 ultionum

334 4507 831 4577 ἐπαρῤησιάσατο.
921 4510 1303 4581 ’Δνεπίγραφος
1376 4512 1472 4583 μέν
1544 4516 1657 4567 ἐστι
1744 4516 1872 4585 παρ’
1908 4557 1947 4610 D
1975 4511 2060 4565 libi

1778 4516 1872 4610 παρ’
1908 4557 1947 4610 D
1975 4511 2131 4566 libere
2160 4516 2280 4583 egit.
2301 4514 2397 4610 Hic
2419 4518 2674 4610 psalmus
2705 4522 2843 4588 apud
2871 4521 3120 4577 Hebraeos
3158 4526 3504 4597 inscriptione

347 4598 611 4670 Ἑϐραίοις
658 4602 685 4652 ό
735 4600 962 4671 ψαλμὸς,
1016 4604 1250 4673 περιέχει
1298 4604 1352 4657 δὲ
1400 4605 1733 4676 παράκλησιν
1779 4605 1871 4658 καὶ

340 4691 683 4761 παραμυθίαν
715 4692 820 4744 τῶν
857 4693 993 4745 κατὰ
1022 4693 1112 4746 τὸν
1154 4694 1263 4764 βίον
1290 4695 1376 4747 τὸν
1404 4695 1667 4747 ἐνεστῶτα
1688 4694 1874 4747 διωκο-

343 4778 512 4845 μένων
543 4781 636 4832 καὶ
664 4782 1135 4851 καταπονουμένων
1167 4782 1441 4845 εὐσεϐείας
1469 4784 1644 4846 ἕνεκα,
1682 4777 1755 4836 ὧν
1783 4786 1874 4836 καὶ

340 4865 434 4935 τὴν
483 4869 643 4940 εὐχὴν
694 4870 1031 4933 ὑποκαταϐὰς
1094 4872 1288 4940 τίθησι.
1339 4872 1626 4942 Προτάττει
1673 4873 1728 4924 δὲ
1777 4875 1874 4943 τῆς

341 4954 502 5023 εὐχῆς
535 4958 629 5027 τὴν
657 4958 989 5027 παράκλησιν
1022 4958 1111 5009 καὶ
1135 4957 1229 5026 τὴν
1260 4958 1601 5028 παραμυθίαν
1631 4959 1869 5031 προλαμ-

340 5044 512 5097 ϐάνων
531 5047 627 5117 τὴν
644 5048 821 5118 δέησιν
844 5050 947 5102 τῶν
974 5049 1306 5118 διωκομένων
1334 5051 1424 5103 καὶ
1454 5050 1867 5120 προθεραπεύων

334 5134 511 5188 αὐτῶν
547 5138 669 5199 τοὺς
696 5139 1106 5211 πόνους.’ἔργοις
1135 5156 1191 5191 τε
1217 5138 1475 5211 παριστὰς
1502 5142 1867 5212 πληρούμενον

335 5226 419 5278 ἐπ’
456 5226 633 5288 αὐτοῖς
679 5228 760 5291 τὸ,
812 5232 937 5283 Ἔτι
982 5231 1311 5295 ,λαλοῦντός
1354 5247 1467 5283 σου
1506 5230 1615 5298 ἐρῶ
1638 5248 1650 5262 ο
1715 5234 1864 5288 ’Ῑδοὺ

335 5317 584 5385 πάρειμι.
616 5316 870 5388 Θαρσεῖτε
906 5322 1202 5393 τοιγαροῦν,
1238 5317 1282 5375 ὦ
1324 5317 1482 5383 οὗτοι,
1524 5324 1716 5393 φησιν·
1752 5325 1865 5379 ἔστι

335 5410 441 5479 γὰρ
471 5410 499 5461 ό
530 5407 746 5478 Κύριος,
780 5410 862 5477 ἐφ’
884 5412 940 5462 ὃν
964 5414 1244 5481 ἠλπίσατε.
1273 5414 1456 5485 ὥσπερ
1486 5412 1613 5475 Θεὸς
1642 5417 1863 5486 ποιητὴς

337 5501 428 5552 καὶ
480 5498 609 5560 Θεὸς
657 5500 999 5572 δημιουργὸς,
1049 5506 1316 5569 καὶ,Θεὸς
1350 5504 1563 5576 σωτὴρ,
1612 5506 1703 5559 καὶ
1734 5506 1862 5570 Θεὸς

336 5589 647 5667 εὐεργέτης,
682 5590 772 5642 καὶ¹
816 5591 942 5653 Θεὸς
990 5595 1196 5665 κριτὴς,
1252 5597 1344 5649 καὶ
1382 5596 1509 5660 Θεὸς
1550 5596 1725 5667 πατὴρ
1757 5597 1862 5650 τῶν

336 5681 641 5752 οἰκτιρμῶν,
672 5680 762 5733 καὶ
790 5680 919 5744 Θεὸς
948 5683 1119 5747 πάσης
1154 5687 1556 5755 παρακλήσεως,
1594 5687 1859 5760 μακρόθυ-

405 5840 448 5869 ⁵⁸
487 5836 613 5893 an.
650 5855 743 5893 xui
771 5880 785 5901 ,
821 5840 909 5895 55.
982 5841 1025 5873 ”
1066 5842 1165 5897 Isa.
1202 5860 1330 5902 mn
1353 5890 1365 5913 ,
1404 5850 1456 5905 9.

610 5934 868 5993 ΡΑτιιοι..
902 5936 1015 5997 Gn.
1063 5938 1289 6002 XXIII.

1973 4613 2140 4666 caret,
2172 4606 2587 4661 consolationem
2635 4617 2811 4663 autem
2847 4618 2898 4665 et
2927 4613 3163 4675 levamen
3194 4620 3505 4687 complecti-
3546 4602 3551 4611 η’

1974 4702 2062 4746 tur
2090 4710 2187 4764 pro
2206 4697 2271 4750 iis
2298 4699 2387 4766 qui
2413 4699 2464 4751 in
2481 4701 2723 4768 prmsenti
2753 4706 2859 4755 vita
2881 4704 3275 4772 pietatis‘causa
3300 4725 3503 4765 vexan-

1975 4795 2061 4836 tur
2091 4795 2144 4838 et
2174 4786 2497 4855 aﬂliguntur,
2528 4805 2754 4858 quorum
2796 4789 3244 4852 item'orationem
3276 4799 3500 4857 inferius

1973 4876 2274 4945 consignat.
2306 4877 2547 4933 Orationi
2578 4896 2703 4936 vero
2729 4885 3150 4942 consolationem
3178 4902 3230 4943 et
3262 4893 3500 4947 levamen

1974 4968 2266 5048 pmniittit,
2324 4986 2351 5021 a
2384 4972 2776 5039 supplicatione
2818 4989 3002 5029 eorum
3027 4979 3115 5048 qui
3167 4984 3498 5048 persecutio-

1974 5044 2098 5111 nem'
2110 5058 2385 5125 patiuntur
2400 5075 2578 5129 orsus,
2601 5079 2892 5133 eorumque
2922 5069 3074 5123 malis
3098 5070 3383 5124 remedium
3403 5072 3499 5127 ad-

1976 5162 2190 5201 movere
2213 5162 2504 5219 occupans,
2530 5152 2912 5225 declaransque
2935 5173 3093 5226 opere
3130 5160 3399 5228 impletum
3432 5167 3496 5217 il-

1970 5236 2058 5289 lud
2075 5252 2212 5300 esse,
2234 5238 2415 5293 Adhuc
2436 5252 2481 5295 te
2498 5243 2729 5312 loquente
2742 5248 2909 5301 dicam
2929 5246 3091 5302 :Ecce
3117 5248 3300 5302 adsum
3316 5251 3381 5306 ⁸³.
3405 5254 3494 5308 Ait

1969 5326 2167 5396 itaque,
2203 5327 2344 5383 Heus
2358 5347 2474 5395 vos,
2506 5336 2787 5391 conﬁdite:
2817 5337 2965 5392 adest
2992 5338 3187 5408 quippe
3212 5338 3491 5407 Dominus,

1966 5418 2023 5471 in
2056 5432 2212 5487 quem
2258 5424 2536 5490 sperastis,
2568 5434 2749 5495 utpote
2780 5426 2919 5482 Deus
2947 5430 3144 5498 opifex,
3178 5430 3317 5487 Deus
3340 5448 3493 5487 crea-

1967 5516 2070 5571 tor,
2117 5508 2257 5565 Dcus
2295 5526 2553 5591 servator,
2605 5516 2743 5570 Deus
2792 5518 3083 5585 beneficus,
3128 5521 3269 5578 Deus
3303 5523 3489 5592 judex,

1969 5597 2106 5654 Deus
2135 5611 2285 5670 pater
2317 5605 2829 5674 misericordiarum,
2856 5608 2996 5664 Deus
3029 5613 3194 5668 totius
3241 5620 3490 5670 consola-

1966 5688 2147 5758 tionis,
2197 5692 2429 5749 tolerans
2473 5704 2525 5753 ct
2573 5700 2794 5754 multum
2841 5698 3178 5769 misericors:
3212 5705 3491 5774 placabilis

3104 5955 3180 6020 38
