  <div class='ocr_page' id='page_1' title='image "/cluster/home/n/w/nwhite01/storage/ocr_20150623/23/coo.31924054873041/615.png"; bbox 0 0 4372 6422; ppageno 0'>
   <div class='ocr_carea' id='block_1_1' title="bbox 799 498 939 556">
    <p class='ocr_par' dir='ltr' id='par_1_1' title="bbox 799 498 939 556">
     <span class='ocr_line' id='line_1_1' title="bbox 799 498 939 556; baseline 0.007 -2"><span class='ocrx_word' id='word_1_1' title='bbox 799 498 939 556; x_wconf 63' lang='grc'><strong>1193</strong></span> 
     </span>
    </p>
   </div>
   <div class='ocr_carea' id='block_1_2' title="bbox 1476 483 3345 553">
    <p class='ocr_par' dir='ltr' id='par_1_2' title="bbox 1476 483 3345 553">
     <span class='ocr_line' id='line_1_2' title="bbox 1476 483 3345 553; baseline -0.009 0"><span class='ocrx_word' id='word_1_2' title='bbox 1476 492 1745 553; x_wconf 78' lang='lat' dir='ltr'><strong>EUSEBII</strong></span> <span class='ocrx_word' id='word_1_3' title='bbox 1778 491 2253 551; x_wconf 62' lang='lat' dir='ltr'><strong>CESARIENSIS</strong></span> <span class='ocrx_word' id='word_1_4' title='bbox 2291 489 2441 545; x_wconf 82' lang='lat' dir='ltr'><strong>OPP.</strong></span> <span class='ocrx_word' id='word_1_5' title='bbox 2483 487 2661 543; x_wconf 75' lang='lat' dir='ltr'><strong>PARS</strong></span> <span class='ocrx_word' id='word_1_6' title='bbox 2690 488 2789 545; x_wconf 75' lang='lat' dir='ltr'><strong>ill.</strong></span> <span class='ocrx_word' id='word_1_7' title='bbox 2828 518 2897 530; x_wconf 89' lang='lat'><strong><em>—</em></strong></span> <span class='ocrx_word' id='word_1_8' title='bbox 2934 483 3345 544; x_wconf 74' lang='lat' dir='ltr'><strong>EXEGETICA.</strong></span> 
     </span>
    </p>
   </div>
   <div class='ocr_carea' id='block_1_3' title="bbox 3894 466 4031 542">
    <p class='ocr_par' dir='ltr' id='par_1_3' title="bbox 3894 466 4031 542">
     <span class='ocr_line' id='line_1_3' title="bbox 3894 466 4031 542; baseline 0.007 -1"><span class='ocrx_word' id='word_1_9' title='bbox 3894 466 4031 542; x_wconf 74' lang='lat' dir='ltr'><strong>tios</strong></span> 
     </span>
    </p>
   </div>
   <div class='ocr_carea' id='block_1_4' title="bbox 795 607 2521 691">
    <p class='ocr_par' dir='ltr' id='par_1_4' title="bbox 795 614 2521 691">
     <span class='ocr_line' id='line_1_4' title="bbox 795 614 2521 691; baseline -0.003 -16"><span class='ocrx_word' id='word_1_10' title='bbox 795 634 965 691; x_wconf 82' lang='lat' dir='ltr'><strong>super</strong></span> <span class='ocrx_word' id='word_1_11' title='bbox 1009 629 1255 689; x_wconf 80' lang='lat' dir='ltr'><strong>peccata,</strong></span> <span class='ocrx_word' id='word_1_12' title='bbox 1301 620 1389 673; x_wconf 88' lang='lat' dir='ltr'><strong>cui</strong></span> <span class='ocrx_word' id='word_1_13' title='bbox 1423 624 1693 674; x_wconf 78' lang='lat' dir='ltr'><strong>sexcenta:</strong></span> <span class='ocrx_word' id='word_1_14' title='bbox 1735 618 1855 672; x_wconf 65' lang='lat' dir='ltr'><strong>alia:</strong></span> <span class='ocrx_word' id='word_1_15' title='bbox 1881 616 2079 671; x_wconf 68' lang='lat' dir='ltr'><strong>divinae</strong></span> <span class='ocrx_word' id='word_1_16' title='bbox 2116 614 2361 669; x_wconf 74' lang='lat' dir='ltr'><strong>rationes</strong></span> <span class='ocrx_word' id='word_1_17' title='bbox 2390 615 2436 671; x_wconf 82' lang='grc' dir='ltr'><strong>Δ</strong></span> <span class='ocrx_word' id='word_1_18' title='bbox 2467 614 2521 681; x_wconf 63' lang='grc' dir='ltr'>με</span> 
     </span>
    </p>
   </div>
   <div class='ocr_carea' id='block_1_5' title="bbox 2305 607 4031 691">
    <p class='ocr_par' dir='ltr' id='par_1_5' title="bbox 2305 607 4031 681">
     <span class='ocr_line' id='line_1_5' title="bbox 2305 607 4031 681; baseline -0.004 -14"><span class='ocrx_word' id='word_1_19' title='bbox 2305 628 2361 667; x_wconf 81' lang='lat' dir='ltr'><strong>es</strong></span> <span class='ocrx_word' id='word_1_20' title='bbox 2390 615 2436 671; x_wconf 80' lang='grc' dir='ltr'><strong>Δ</strong></span> <span class='ocrx_word' id='word_1_21' title='bbox 2467 611 2564 681; x_wconf 85' lang='grc' dir='ltr'><strong>μός</strong></span> <span class='ocrx_word' id='word_1_22' title='bbox 2591 628 2650 663; x_wconf 86' lang='grc' dir='ltr'><strong>τε</strong></span> <span class='ocrx_word' id='word_1_23' title='bbox 2684 611 2778 664; x_wconf 73' lang='grc' dir='ltr'>καὶ</span> <span class='ocrx_word' id='word_1_24' title='bbox 2820 609 3105 673; x_wconf 81' lang='grc' dir='ltr'>πολυέλεος</span> <span class='ocrx_word' id='word_1_25' title='bbox 3137 608 3232 663; x_wconf 77' lang='grc' dir='ltr'>καὶ</span> <span class='ocrx_word' id='word_1_26' title='bbox 3265 607 3540 679; x_wconf 74' lang='grc' dir='ltr'>μετανοῶν</span> <span class='ocrx_word' id='word_1_27' title='bbox 3568 608 3659 661; x_wconf 70' lang='grc' dir='ltr'>ἐπὶ</span> <span class='ocrx_word' id='word_1_28' title='bbox 3689 610 3809 671; x_wconf 88' lang='grc' dir='ltr'>ταῖς</span> <span class='ocrx_word' id='word_1_29' title='bbox 3852 608 4031 679; x_wconf 59' lang='grc' dir='ltr'>ἁμαρ-</span> 
     </span>
    </p>
   </div>
   <div class='ocr_carea' id='block_1_6' title="bbox 796 706 2360 779">
    <p class='ocr_par' dir='ltr' id='par_1_6' title="bbox 796 706 2360 779">
     <span class='ocr_line' id='line_1_6' title="bbox 796 706 2360 779; baseline -0.001 -17"><span class='ocrx_word' id='word_1_30' title='bbox 796 715 1144 779; x_wconf 81' lang='lat' dir='ltr'><strong>competunt;</strong></span> <span class='ocrx_word' id='word_1_31' title='bbox 1176 715 1339 777; x_wconf 88' lang='lat' dir='ltr'><strong>atque</strong></span> <span class='ocrx_word' id='word_1_32' title='bbox 1371 710 1444 760; x_wconf 88' lang='lat' dir='ltr'><strong>ita</strong></span> <span class='ocrx_word' id='word_1_33' title='bbox 1486 707 1599 776; x_wconf 85' lang='lat' dir='ltr'><strong>jam</strong></span> <span class='ocrx_word' id='word_1_34' title='bbox 1649 706 1792 761; x_wconf 89' lang='lat' dir='ltr'><strong>Deus</strong></span> <span class='ocrx_word' id='word_1_35' title='bbox 1832 707 2104 761; x_wconf 89' lang='lat' dir='ltr'><strong>ultionum</strong></span> <span class='ocrx_word' id='word_1_36' title='bbox 2138 706 2360 760; x_wconf 86' lang='lat' dir='ltr'><strong>dicitur.</strong></span> 
     </span>
    </p>
   </div>
   <div class='ocr_carea' id='block_1_7' title="bbox 2466 697 4097 774">
    <p class='ocr_par' dir='ltr' id='par_1_7' title="bbox 2466 697 4097 774">
     <span class='ocr_line' id='line_1_7' title="bbox 2466 697 4097 774; baseline -0.004 -17"><span class='ocrx_word' id='word_1_37' title='bbox 2466 705 2626 768; x_wconf 84' lang='grc' dir='ltr'>τίαις,</span> <span class='ocrx_word' id='word_1_38' title='bbox 2652 704 2747 757; x_wconf 81' lang='grc' dir='ltr'>καὶ</span> <span class='ocrx_word' id='word_1_39' title='bbox 2778 703 2941 766; x_wconf 76' lang='grc' dir='ltr'>ἄλλας</span> <span class='ocrx_word' id='word_1_40' title='bbox 2957 703 3165 774; x_wconf 78' lang='grc' dir='ltr'>μορίας</span> <span class='ocrx_word' id='word_1_41' title='bbox 3187 701 3329 771; x_wconf 75' lang='grc' dir='ltr'>ἔχων</span> <span class='ocrx_word' id='word_1_42' title='bbox 3365 700 3551 763; x_wconf 75' lang='grc' dir='ltr'>θεῖκὰς</span> <span class='ocrx_word' id='word_1_43' title='bbox 3585 699 3827 762; x_wconf 79' lang='grc' dir='ltr'><strong>ἐπινοίας</strong></span> <span class='ocrx_word' id='word_1_44' title='bbox 3847 715 3861 729; x_wconf 74' lang='grc'><strong>⁸</strong></span> <span class='ocrx_word' id='word_1_45' title='bbox 3896 697 4036 752; x_wconf 71' lang='grc' dir='ltr'>οὕτω</span> <span class='ocrx_word' id='word_1_46' title='bbox 4092 745 4097 750; x_wconf 93' lang='grc'><strong>.</strong></span> 
     </span>
    </p>
   </div>
   <div class='ocr_carea' id='block_1_8' title="bbox 798 790 2524 865">
    <p class='ocr_par' dir='ltr' id='par_1_8' title="bbox 798 794 2524 865">
     <span class='ocr_line' id='line_1_8' title="bbox 798 794 2524 865; baseline -0.003 -11"><span class='ocrx_word' id='word_1_47' title='bbox 798 799 1000 856; x_wconf 75' lang='lat' dir='ltr'><strong>Curam</strong></span> <span class='ocrx_word' id='word_1_48' title='bbox 1029 798 1174 851; x_wconf 85' lang='lat' dir='ltr'><strong>enim</strong></span> <span class='ocrx_word' id='word_1_49' title='bbox 1200 798 1365 851; x_wconf 86' lang='lat' dir='ltr'><strong>habet</strong></span> <span class='ocrx_word' id='word_1_50' title='bbox 1397 804 1746 865; x_wconf 74' lang='lat' dir='ltr'><strong>eoru’m,quae</strong></span> <span class='ocrx_word' id='word_1_51' title='bbox 1774 797 1829 849; x_wconf 89' lang='lat' dir='ltr'><strong>in</strong></span> <span class='ocrx_word' id='word_1_52' title='bbox 1858 796 2013 851; x_wconf 68' lang='lat' dir='ltr'><strong>cmlis</strong></span> <span class='ocrx_word' id='word_1_53' title='bbox 2046 795 2276 864; x_wconf 62' lang='lat' dir='ltr'><strong>[inetiam</strong></span> <span class='ocrx_word' id='word_1_54' title='bbox 2310 794 2365 847; x_wconf 87' lang='lat' dir='ltr'><strong>in</strong></span> <span class='ocrx_word' id='word_1_55' title='bbox 2459 810 2524 849; x_wconf 78' lang='grc' dir='ltr'><strong>κο</strong></span> 
     </span>
    </p>
   </div>
   <div class='ocr_carea' id='block_1_9' title="bbox 2309 790 4035 865">
    <p class='ocr_par' dir='ltr' id='par_1_9' title="bbox 2310 790 4035 864">
     <span class='ocr_line' id='line_1_9' title="bbox 2310 790 4035 864; baseline -0.002 -17"><span class='ocrx_word' id='word_1_56' title='bbox 2310 794 2365 847; x_wconf 86' lang='lat' dir='ltr'><strong>in</strong></span> <span class='ocrx_word' id='word_1_57' title='bbox 2459 797 2560 849; x_wconf 76' lang='grc' dir='ltr'><strong>καὶ</strong></span> <span class='ocrx_word' id='word_1_58' title='bbox 2592 795 2724 859; x_wconf 85' lang='grc' dir='ltr'><strong>Θεὸς</strong></span> <span class='ocrx_word' id='word_1_59' title='bbox 2758 794 3108 863; x_wconf 80' lang='grc' dir='ltr'>ὲκδικήσεων.</span> <span class='ocrx_word' id='word_1_60' title='bbox 3142 793 3325 847; x_wconf 84' lang='grc' dir='ltr'>’Μέλει</span> <span class='ocrx_word' id='word_1_61' title='bbox 3364 794 3471 864; x_wconf 75' lang='grc' dir='ltr'>γὰρ</span> <span class='ocrx_word' id='word_1_62' title='bbox 3515 790 3661 862; x_wconf 79' lang='grc' dir='ltr'>αὐτῷ</span> <span class='ocrx_word' id='word_1_63' title='bbox 3706 790 3815 844; x_wconf 81' lang='grc' dir='ltr'>τῶν</span> <span class='ocrx_word' id='word_1_64' title='bbox 3848 792 3907 843; x_wconf 87' lang='grc' dir='ltr'>ὲν</span> <span class='ocrx_word' id='word_1_65' title='bbox 3947 790 4035 844; x_wconf 81' lang='grc' dir='ltr'><strong>οὑ-</strong></span> 
     </span>
    </p>
   </div>
   <div class='ocr_carea' id='block_1_10' title="bbox 799 885 2369 960">
    <p class='ocr_par' dir='ltr' id='par_1_10' title="bbox 799 885 2369 960">
     <span class='ocr_line' id='line_1_10' title="bbox 799 885 2369 960; baseline -0.003 -17"><span class='ocrx_word' id='word_1_66' title='bbox 799 886 994 960; x_wconf 75' lang='lat' dir='ltr'><strong>terra,1</strong></span> <span class='ocrx_word' id='word_1_67' title='bbox 1025 895 1313 958; x_wconf 88' lang='lat' dir='ltr'><strong>geruntur,</strong></span> <span class='ocrx_word' id='word_1_68' title='bbox 1343 888 1416 941; x_wconf 86' lang='lat' dir='ltr'><strong>ita</strong></span> <span class='ocrx_word' id='word_1_69' title='bbox 1445 896 1503 941; x_wconf 88' lang='lat' dir='ltr'><strong>ut</strong></span> <span class='ocrx_word' id='word_1_70' title='bbox 1529 886 1747 956; x_wconf 80' lang='lat' dir='ltr'><strong>dignam</strong></span> <span class='ocrx_word' id='word_1_71' title='bbox 1788 887 2051 941; x_wconf 75' lang='lat' dir='ltr'><strong>ultionem</strong></span> <span class='ocrx_word' id='word_1_72' title='bbox 2087 885 2155 940; x_wconf 89' lang='lat' dir='ltr'><strong>de</strong></span> <span class='ocrx_word' id='word_1_73' title='bbox 2186 885 2369 955; x_wconf 81' lang='lat' dir='ltr'><strong>inique</strong></span> 
     </span>
    </p>
   </div>
   <div class='ocr_carea' id='block_1_11' title="bbox 802 967 2406 1047">
    <p class='ocr_par' dir='ltr' id='par_1_11' title="bbox 802 967 2406 1047">
     <span class='ocr_line' id='line_1_11' title="bbox 802 967 2406 1047; baseline -0.001 -18"><span class='ocrx_word' id='word_1_74' title='bbox 802 976 1082 1047; x_wconf 76' lang='lat' dir='ltr'><strong>agentibus</strong></span> <span class='ocrx_word' id='word_1_75' title='bbox 1138 985 1338 1039; x_wconf 86' lang='lat' dir='ltr'><strong>sumat,</strong></span> <span class='ocrx_word' id='word_1_76' title='bbox 1377 973 1527 1045; x_wconf 86' lang='lat' dir='ltr'><strong>juste</strong></span> <span class='ocrx_word' id='word_1_77' title='bbox 1572 974 1823 1045; x_wconf 88' lang='lat' dir='ltr'><strong>judicet,</strong></span> <span class='ocrx_word' id='word_1_78' title='bbox 1870 990 1992 1031; x_wconf 89' lang='lat' dir='ltr'><strong>reos</strong></span> <span class='ocrx_word' id='word_1_79' title='bbox 2040 974 2258 1045; x_wconf 83' lang='lat' dir='ltr'><strong>plectat,</strong></span> <span class='ocrx_word' id='word_1_80' title='bbox 2304 967 2406 1028; x_wconf 52' lang='lat' dir='ltr'><strong>ac&#39;</strong></span> 
     </span>
    </p>
   </div>
   <div class='ocr_carea' id='block_1_12' title="bbox 800 1065 2370 1136">
    <p class='ocr_par' dir='ltr' id='par_1_12' title="bbox 800 1065 2370 1136">
     <span class='ocr_line' id='line_1_12' title="bbox 800 1065 2370 1136; baseline -0.001 -16"><span class='ocrx_word' id='word_1_81' title='bbox 800 1068 998 1136; x_wconf 85' lang='lat' dir='ltr'><strong>cuique</strong></span> <span class='ocrx_word' id='word_1_82' title='bbox 1048 1066 1255 1120; x_wconf 83' lang='lat' dir='ltr'><strong>tribuat</strong></span> <span class='ocrx_word' id='word_1_83' title='bbox 1286 1067 1584 1121; x_wconf 72' lang='lat' dir='ltr'><strong>sesundum</strong></span> <span class='ocrx_word' id='word_1_84' title='bbox 1620 1080 1783 1134; x_wconf 88' lang='lat' dir='ltr'><strong>opera</strong></span> <span class='ocrx_word' id='word_1_85' title='bbox 1813 1081 1933 1121; x_wconf 78' lang='lat' dir='ltr'><strong>sua.</strong></span> <span class='ocrx_word' id='word_1_86' title='bbox 1962 1065 2230 1120; x_wconf 78' lang='lat' dir='ltr'><strong>Conﬁdite</strong></span> <span class='ocrx_word' id='word_1_87' title='bbox 2268 1065 2370 1135; x_wconf 82' lang='lat' dir='ltr'><strong>igi-</strong></span> 
     </span>
    </p>
   </div>
   <div class='ocr_carea' id='block_1_13' title="bbox 803 1156 2370 1221">
    <p class='ocr_par' dir='ltr' id='par_1_13' title="bbox 803 1156 2370 1221">
     <span class='ocr_line' id='line_1_13' title="bbox 803 1156 2370 1221; baseline -0.002 -9"><span class='ocrx_word' id='word_1_88' title='bbox 803 1168 909 1221; x_wconf 87' lang='lat' dir='ltr'><strong>tur,</strong></span> <span class='ocrx_word' id='word_1_89' title='bbox 960 1157 1139 1212; x_wconf 87' lang='lat' dir='ltr'><strong>edocti</strong></span> <span class='ocrx_word' id='word_1_90' title='bbox 1194 1172 1291 1212; x_wconf 90' lang='lat' dir='ltr'><strong>vos</strong></span> <span class='ocrx_word' id='word_1_91' title='bbox 1352 1156 1519 1211; x_wconf 91' lang='lat' dir='ltr'><strong>Deum</strong></span> <span class='ocrx_word' id='word_1_92' title='bbox 1571 1158 1839 1212; x_wconf 84' lang='lat' dir='ltr'><strong>ultionum</strong></span> <span class='ocrx_word' id='word_1_93' title='bbox 1886 1156 2138 1211; x_wconf 81' lang='lat' dir='ltr'><strong>habere:</strong></span> <span class='ocrx_word' id='word_1_94' title='bbox 2183 1165 2370 1212; x_wconf 71' lang='lat' dir='ltr'><strong>vester</strong></span> 
     </span>
    </p>
   </div>
   <div class='ocr_carea' id='block_1_14' title="bbox 800 1244 2366 1317">
    <p class='ocr_par' dir='ltr' id='par_1_14' title="bbox 800 1244 2366 1317">
     <span class='ocr_line' id='line_1_14' title="bbox 800 1244 2366 1317; baseline -0.002 -16"><span class='ocrx_word' id='word_1_95' title='bbox 800 1249 1002 1317; x_wconf 88' lang='lat' dir='ltr'><strong>quippe</strong></span> <span class='ocrx_word' id='word_1_96' title='bbox 1042 1244 1208 1309; x_wconf 86' lang='lat' dir='ltr'><strong>Deus,</strong></span> <span class='ocrx_word' id='word_1_97' title='bbox 1254 1247 1520 1317; x_wconf 86' lang='lat' dir='ltr'><strong>ultionum</strong></span> <span class='ocrx_word' id='word_1_98' title='bbox 1565 1245 1709 1302; x_wconf 92' lang='lat' dir='ltr'><strong>Deus</strong></span> <span class='ocrx_word' id='word_1_99' title='bbox 1757 1262 1879 1301; x_wconf 85' lang='lat' dir='ltr'><strong>esse</strong></span> <span class='ocrx_word' id='word_1_100' title='bbox 1909 1247 2067 1302; x_wconf 85' lang='lat' dir='ltr'><strong>solet.</strong></span> <span class='ocrx_word' id='word_1_101' title='bbox 2094 1244 2161 1298; x_wconf 80' lang='lat' dir='ltr'><strong>Et</strong></span> <span class='ocrx_word' id='word_1_102' title='bbox 2197 1246 2366 1315; x_wconf 85' lang='lat' dir='ltr'><strong>quod.</strong></span> 
     </span>
    </p>
   </div>
   <div class='ocr_carea' id='block_1_15' title="bbox 800 1337 2370 1410">
    <p class='ocr_par' dir='ltr' id='par_1_15' title="bbox 800 1337 2370 1410">
     <span class='ocr_line' id='line_1_15' title="bbox 800 1337 2370 1410; baseline -0.003 -15"><span class='ocrx_word' id='word_1_103' title='bbox 800 1348 987 1410; x_wconf 89' lang='lat' dir='ltr'><strong>utpote</strong></span> <span class='ocrx_word' id='word_1_104' title='bbox 1018 1337 1160 1397; x_wconf 85' lang='lat' dir='ltr'><strong>Deus</strong></span> <span class='ocrx_word' id='word_1_105' title='bbox 1194 1338 1387 1392; x_wconf 79' lang='lat' dir='ltr'><strong>vindex</strong></span> <span class='ocrx_word' id='word_1_106' title='bbox 1410 1353 1598 1393; x_wconf 87' lang='lat' dir='ltr'><strong>eorum</strong></span> <span class='ocrx_word' id='word_1_107' title='bbox 1626 1340 1717 1408; x_wconf 87' lang='lat' dir='ltr'><strong>qui</strong></span> <span class='ocrx_word' id='word_1_108' title='bbox 1754 1338 2044 1405; x_wconf 62' lang='lat' dir='ltr'><strong>lmduntur,</strong></span> <span class='ocrx_word' id='word_1_109' title='bbox 2075 1353 2198 1393; x_wconf 88' lang='lat' dir='ltr'><strong>cum</strong></span> <span class='ocrx_word' id='word_1_110' title='bbox 2228 1337 2370 1392; x_wconf 69' lang='lat' dir='ltr'><strong>Sidu-</strong></span> 
     </span>
    </p>
   </div>
   <div class='ocr_carea' id='block_1_16' title="bbox 801 1428 2385 1503">
    <p class='ocr_par' dir='ltr' id='par_1_16' title="bbox 801 1428 2385 1503">
     <span class='ocr_line' id='line_1_16' title="bbox 801 1428 2385 1503; baseline -0.002 -17"><span class='ocrx_word' id='word_1_111' title='bbox 801 1433 887 1486; x_wconf 74' lang='grc' dir='ltr'>εἰει</span> <span class='ocrx_word' id='word_1_112' title='bbox 922 1438 1073 1499; x_wconf 87' lang='lat' dir='ltr'><strong>agat;</strong></span> <span class='ocrx_word' id='word_1_113' title='bbox 1105 1429 1341 1498; x_wconf 85' lang='lat' dir='ltr'><strong>idipsum</strong></span> <span class='ocrx_word' id='word_1_114' title='bbox 1372 1429 1517 1483; x_wconf 90' lang='lat' dir='ltr'><strong>clare</strong></span> <span class='ocrx_word' id='word_1_115' title='bbox 1545 1438 1598 1483; x_wconf 88' lang='lat' dir='ltr'><strong>et</strong></span> <span class='ocrx_word' id='word_1_116' title='bbox 1620 1444 1745 1482; x_wconf 91' lang='lat' dir='ltr'><strong>cum</strong></span> <span class='ocrx_word' id='word_1_117' title='bbox 1773 1429 1971 1483; x_wconf 72' lang='lat' dir='ltr'><strong>fiducia</strong></span> <span class='ocrx_word' id='word_1_118' title='bbox 2010 1444 2105 1499; x_wconf 93' lang='lat' dir='ltr'><strong>per</strong></span> <span class='ocrx_word' id='word_1_119' title='bbox 2136 1428 2385 1503; x_wconf 1' lang='lat' dir='ltr'><strong>prophe-p</strong></span> 
     </span>
    </p>
   </div>
   <div class='ocr_carea' id='block_1_17' title="bbox 798 1520 2369 1590">
    <p class='ocr_par' dir='ltr' id='par_1_17' title="bbox 798 1520 2369 1590">
     <span class='ocr_line' id='line_1_17' title="bbox 798 1520 2369 1590; baseline 0 -15"><span class='ocrx_word' id='word_1_120' title='bbox 798 1530 888 1576; x_wconf 87' lang='lat' dir='ltr'><strong>tas</strong></span> <span class='ocrx_word' id='word_1_121' title='bbox 920 1537 1050 1577; x_wconf 89' lang='lat' dir='ltr'><strong>suos</strong></span> <span class='ocrx_word' id='word_1_122' title='bbox 1093 1522 1467 1590; x_wconf 63' lang='lat' dir='ltr'><strong>depraedicat:</strong></span> <span class='ocrx_word' id='word_1_123' title='bbox 1516 1529 1677 1590; x_wconf 81' lang='lat' dir='ltr'><strong>atque</strong></span> <span class='ocrx_word' id='word_1_124' title='bbox 1731 1521 1812 1575; x_wconf 86' lang='lat' dir='ltr'><strong>sic</strong></span> <span class='ocrx_word' id='word_1_125' title='bbox 1855 1521 1975 1590; x_wconf 83' lang='lat' dir='ltr'><strong>ejus</strong></span> <span class='ocrx_word' id='word_1_126' title='bbox 2019 1520 2369 1590; x_wconf 68' lang='lat' dir='ltr'><strong>providentia:</strong></span> 
     </span>
    </p>
   </div>
   <div class='ocr_carea' id='block_1_18' title="bbox 800 1611 2371 1682">
    <p class='ocr_par' dir='ltr' id='par_1_18' title="bbox 800 1611 2371 1682">
     <span class='ocr_line' id='line_1_18' title="bbox 800 1611 2371 1682; baseline -0.003 -13"><span class='ocrx_word' id='word_1_127' title='bbox 800 1616 941 1669; x_wconf 83' lang='lat' dir='ltr'><strong>ratio</strong></span> <span class='ocrx_word' id='word_1_128' title='bbox 967 1615 1233 1679; x_wconf 72' lang='lat' dir='ltr'><strong>consnstit,</strong></span> <span class='ocrx_word' id='word_1_129' title='bbox 1267 1628 1371 1682; x_wconf 88' lang='lat' dir='ltr'><strong>qua</strong></span> <span class='ocrx_word' id='word_1_130' title='bbox 1398 1613 1546 1681; x_wconf 89' lang='lat' dir='ltr'><strong>juste</strong></span> <span class='ocrx_word' id='word_1_131' title='bbox 1578 1618 1632 1666; x_wconf 90' lang='lat' dir='ltr'><strong>et</strong></span> <span class='ocrx_word' id='word_1_132' title='bbox 1667 1615 1941 1681; x_wconf 80' lang='lat' dir='ltr'><strong>sapienter</strong></span> <span class='ocrx_word' id='word_1_133' title='bbox 1970 1611 2155 1667; x_wconf 88' lang='lat' dir='ltr'><strong>omnia</strong></span> <span class='ocrx_word' id='word_1_134' title='bbox 2193 1611 2371 1666; x_wconf 52' lang='lat' dir='ltr'><strong>adrui;</strong></span> 
     </span>
    </p>
   </div>
   <div class='ocr_carea' id='block_1_19' title="bbox 800 1701 2370 1775">
    <p class='ocr_par' dir='ltr' id='par_1_19' title="bbox 800 1701 2370 1775">
     <span class='ocr_line' id='line_1_19' title="bbox 800 1701 2370 1775; baseline -0.002 -16"><span class='ocrx_word' id='word_1_135' title='bbox 800 1706 1019 1761; x_wconf 87' lang='lat' dir='ltr'><strong>nistrat.</strong></span> <span class='ocrx_word' id='word_1_136' title='bbox 1050 1703 1107 1759; x_wconf 87' lang='lat' dir='ltr'><strong>in</strong></span> <span class='ocrx_word' id='word_1_137' title='bbox 1150 1705 1251 1760; x_wconf 89' lang='lat' dir='ltr'><strong>hac</strong></span> <span class='ocrx_word' id='word_1_138' title='bbox 1277 1705 1494 1775; x_wconf 87' lang='lat' dir='ltr'><strong>quidem</strong></span> <span class='ocrx_word' id='word_1_139' title='bbox 1524 1704 1635 1759; x_wconf 88' lang='lat' dir='ltr'><strong>vita</strong></span> <span class='ocrx_word' id='word_1_140' title='bbox 1679 1707 1851 1771; x_wconf 89' lang='lat' dir='ltr'><strong>solem</strong></span> <span class='ocrx_word' id='word_1_141' title='bbox 1878 1712 2038 1761; x_wconf 88' lang='lat' dir='ltr'><strong>suum</strong></span> <span class='ocrx_word' id='word_1_142' title='bbox 2075 1705 2209 1759; x_wconf 84' lang='lat' dir='ltr'><strong>oriri</strong></span> <span class='ocrx_word' id='word_1_143' title='bbox 2238 1701 2370 1757; x_wconf 78' lang='lat' dir='ltr'><strong>facit</strong></span> 
     </span>
    </p>
   </div>
   <div class='ocr_carea' id='block_1_20' title="bbox 801 1796 2370 1870">
    <p class='ocr_par' dir='ltr' id='par_1_20' title="bbox 801 1796 2370 1870">
     <span class='ocr_line' id='line_1_20' title="bbox 801 1796 2370 1870; baseline -0.003 -14"><span class='ocrx_word' id='word_1_144' title='bbox 801 1814 967 1870; x_wconf 87' lang='lat' dir='ltr'><strong>super</strong></span> <span class='ocrx_word' id='word_1_145' title='bbox 996 1799 1176 1868; x_wconf 89' lang='lat' dir='ltr'><strong>justos</strong></span> <span class='ocrx_word' id='word_1_146' title='bbox 1219 1805 1274 1853; x_wconf 89' lang='lat' dir='ltr'><strong>et</strong></span> <span class='ocrx_word' id='word_1_147' title='bbox 1324 1797 1577 1868; x_wconf 88' lang='lat' dir='ltr'><strong>injustos,</strong></span> <span class='ocrx_word' id='word_1_148' title='bbox 1610 1812 1675 1852; x_wconf 89' lang='lat' dir='ltr'><strong>ac</strong></span> <span class='ocrx_word' id='word_1_149' title='bbox 1706 1798 1847 1868; x_wconf 86' lang='lat' dir='ltr'><strong>pluit</strong></span> <span class='ocrx_word' id='word_1_150' title='bbox 1890 1805 2054 1868; x_wconf 71' lang='lat' dir='ltr'><strong>Super</strong></span> <span class='ocrx_word' id='word_1_151' title='bbox 2090 1796 2370 1867; x_wconf 86' lang='lat' dir='ltr'><strong>improbos</strong></span> 
     </span>
    </p>
   </div>
   <div class='ocr_carea' id='block_1_21' title="bbox 797 1887 2369 1960">
    <p class='ocr_par' dir='ltr' id='par_1_21' title="bbox 797 1887 2369 1960">
     <span class='ocr_line' id='line_1_21' title="bbox 797 1887 2369 1960; baseline -0.004 -13"><span class='ocrx_word' id='word_1_152' title='bbox 797 1901 857 1947; x_wconf 82' lang='lat' dir='ltr'><strong>et</strong></span> <span class='ocrx_word' id='word_1_153' title='bbox 891 1892 1085 1953; x_wconf 88' lang='lat' dir='ltr'><strong>honos,</strong></span> <span class='ocrx_word' id='word_1_154' title='bbox 1117 1897 1280 1960; x_wconf 89' lang='lat' dir='ltr'><strong>atque</strong></span> <span class='ocrx_word' id='word_1_155' title='bbox 1311 1888 1453 1944; x_wconf 85' lang='lat' dir='ltr'><strong>bona</strong></span> <span class='ocrx_word' id='word_1_156' title='bbox 1498 1904 1606 1959; x_wconf 76' lang='lat' dir='ltr'><strong>sua</strong></span> <span class='ocrx_word' id='word_1_157' title='bbox 1652 1888 1935 1958; x_wconf 61' lang='lat' dir='ltr'><strong>aequaliter</strong></span> <span class='ocrx_word' id='word_1_158' title='bbox 1980 1887 2234 1942; x_wconf 87' lang='lat' dir='ltr'><strong>omnibus</strong></span> <span class='ocrx_word' id='word_1_159' title='bbox 2264 1888 2369 1941; x_wconf 89' lang='lat' dir='ltr'><strong>im-</strong></span> 
     </span>
    </p>
   </div>
   <div class='ocr_carea' id='block_1_22' title="bbox 801 1970 2372 2053">
    <p class='ocr_par' dir='ltr' id='par_1_22' title="bbox 801 1970 2372 2053">
     <span class='ocr_line' id='line_1_22' title="bbox 801 1970 2372 2053; baseline -0.004 -16"><span class='ocrx_word' id='word_1_160' title='bbox 801 1984 999 2053; x_wconf 88' lang='lat' dir='ltr'><strong>pertit;</strong></span> <span class='ocrx_word' id='word_1_161' title='bbox 1034 1981 1129 2037; x_wconf 88' lang='lat' dir='ltr'><strong>sed</strong></span> <span class='ocrx_word' id='word_1_162' title='bbox 1164 1982 1484 2052; x_wconf 89' lang='lat' dir='ltr'><strong>congruenti</strong></span> <span class='ocrx_word' id='word_1_163' title='bbox 1513 1970 1759 2053; x_wconf 62' lang='lat' dir='ltr'><strong>tempore</strong></span> <span class='ocrx_word' id='word_1_164' title='bbox 1794 1977 1939 2035; x_wconf 85' lang='lat' dir='ltr'><strong>Deus</strong></span> <span class='ocrx_word' id='word_1_165' title='bbox 1971 1979 2235 2034; x_wconf 90' lang='lat' dir='ltr'><strong>ultionum</strong></span> <span class='ocrx_word' id='word_1_166' title='bbox 2259 1978 2372 2033; x_wconf 78' lang='lat' dir='ltr'><strong>etii-</strong></span> 
     </span>
    </p>
   </div>
   <div class='ocr_carea' id='block_1_23' title="bbox 802 2070 2371 2145">
    <p class='ocr_par' dir='ltr' id='par_1_23' title="bbox 802 2070 2371 2145">
     <span class='ocr_line' id='line_1_23' title="bbox 802 2070 2371 2145; baseline -0.002 -16"><span class='ocrx_word' id='word_1_167' title='bbox 802 2075 999 2137; x_wconf 89' lang='lat' dir='ltr'><strong>cietur,</strong></span> <span class='ocrx_word' id='word_1_168' title='bbox 1020 2073 1254 2145; x_wconf 77' lang='lat' dir='ltr'><strong>quando</strong></span> <span class='ocrx_word' id='word_1_169' title='bbox 1288 2073 1612 2145; x_wconf 76' lang='lat' dir='ltr'><strong>promet-itas</strong></span> <span class='ocrx_word' id='word_1_170' title='bbox 1659 2088 1851 2144; x_wconf 63' lang='lat' dir='ltr'><strong>pinnas</strong></span> <span class='ocrx_word' id='word_1_171' title='bbox 1882 2072 1952 2127; x_wconf 89' lang='lat' dir='ltr'><strong>ab</strong></span> <span class='ocrx_word' id='word_1_172' title='bbox 1984 2072 2052 2127; x_wconf 89' lang='lat' dir='ltr'><strong>iis</strong></span> <span class='ocrx_word' id='word_1_173' title='bbox 2083 2070 2177 2143; x_wconf 83' lang='lat' dir='ltr'><strong>qui</strong></span> <span class='ocrx_word' id='word_1_174' title='bbox 2205 2071 2371 2126; x_wconf 66' lang='lat' dir='ltr'><strong>bene-</strong></span> 
     </span>
    </p>
   </div>
   <div class='ocr_carea' id='block_1_24' title="bbox 801 2166 1948 2238">
    <p class='ocr_par' dir='ltr' id='par_1_24' title="bbox 801 2166 1948 2238">
     <span class='ocr_line' id='line_1_24' title="bbox 801 2166 1948 2238; baseline -0.006 -12"><span class='ocrx_word' id='word_1_175' title='bbox 801 2168 944 2226; x_wconf 69' lang='lat' dir='ltr'><strong>ﬂciis</strong></span> <span class='ocrx_word' id='word_1_176' title='bbox 972 2166 1093 2238; x_wconf 86' lang='lat' dir='ltr'><strong>ejus</strong></span> <span class='ocrx_word' id='word_1_177' title='bbox 1120 2182 1231 2221; x_wconf 87' lang='lat' dir='ltr'><strong>non</strong></span> <span class='ocrx_word' id='word_1_178' title='bbox 1263 2174 1411 2222; x_wconf 87' lang='lat' dir='ltr'><strong>recte</strong></span> <span class='ocrx_word' id='word_1_179' title='bbox 1438 2173 1567 2222; x_wconf 82' lang='lat' dir='ltr'><strong>sunt</strong></span> <span class='ocrx_word' id='word_1_180' title='bbox 1594 2166 1678 2222; x_wconf 88' lang='lat' dir='ltr'><strong>usi</strong></span> <span class='ocrx_word' id='word_1_181' title='bbox 1709 2173 1948 2237; x_wconf 80' lang='lat' dir='ltr'><strong>expetet.</strong></span> 
     </span>
    </p>
   </div>
   <div class='ocr_carea' id='block_1_25' title="bbox 870 2387 2373 2499">
    <p class='ocr_par' dir='ltr' id='par_1_25' title="bbox 870 2387 2373 2499">
     <span class='ocr_line' id='line_1_25' title="bbox 870 2387 2373 2499; baseline -0.001 -13"><span class='ocrx_word' id='word_1_182' title='bbox 870 2428 1043 2487; x_wconf 64' lang='lat' dir='ltr'><strong>Vsus.</strong></span> <span class='ocrx_word' id='word_1_183' title='bbox 1074 2430 1192 2485; x_wconf 73' lang='grc'><strong>2-4.</strong></span> <span class='ocrx_word' id='word_1_184' title='bbox 1249 2428 1523 2497; x_wconf 74' lang='lat' dir='ltr'><strong>Exaltare,</strong></span> <span class='ocrx_word' id='word_1_185' title='bbox 1566 2431 1657 2499; x_wconf 79' lang='lat' dir='ltr'><strong>qui</strong></span> <span class='ocrx_word' id='word_1_186' title='bbox 1695 2428 1911 2499; x_wconf 69' lang='lat' dir='ltr'><strong>judico:</strong></span> <span class='ocrx_word' id='word_1_187' title='bbox 1953 2392 2169 2491; x_wconf 79' lang='lat' dir='ltr'><strong>terram,</strong></span> <span class='ocrx_word' id='word_1_188' title='bbox 2217 2387 2373 2484; x_wconf 83' lang='lat' dir='ltr'><strong>redde</strong></span> 
     </span>
    </p>
   </div>
   <div class='ocr_carea' id='block_1_26' title="bbox 810 2511 2374 2584">
    <p class='ocr_par' dir='ltr' id='par_1_26' title="bbox 810 2511 2374 2584">
     <span class='ocr_line' id='line_1_26' title="bbox 810 2511 2374 2584; baseline 0 -15"><span class='ocrx_word' id='word_1_189' title='bbox 810 2515 1207 2569; x_wconf 69' lang='lat' dir='ltr'><strong>retributione»:</strong></span> <span class='ocrx_word' id='word_1_190' title='bbox 1245 2513 1501 2582; x_wconf 72' lang='lat' dir='ltr'><strong>superbis.</strong></span> <span class='ocrx_word' id='word_1_191' title='bbox 1564 2511 1840 2584; x_wconf 78' lang='lat' dir='ltr'><strong>Usquequo</strong></span> <span class='ocrx_word' id='word_1_192' title='bbox 1892 2525 2208 2584; x_wconf 78' lang='lat' dir='ltr'><strong>peccatores,</strong></span> <span class='ocrx_word' id='word_1_193' title='bbox 2266 2516 2374 2569; x_wconf 87' lang='lat' dir='ltr'><strong>Do-</strong></span> 
     </span>
    </p>
   </div>
   <div class='ocr_carea' id='block_1_27' title="bbox 808 2607 2375 2679">
    <p class='ocr_par' dir='ltr' id='par_1_27' title="bbox 808 2607 2375 2679">
     <span class='ocr_line' id='line_1_27' title="bbox 808 2607 2375 2679; baseline 0 -18"><span class='ocrx_word' id='word_1_194' title='bbox 808 2610 967 2670; x_wconf 76' lang='lat' dir='ltr'><strong>mine,</strong></span> <span class='ocrx_word' id='word_1_195' title='bbox 1000 2623 1263 2678; x_wconf 76' lang='lat' dir='ltr'><strong>usquequo</strong></span> <span class='ocrx_word' id='word_1_196' title='bbox 1292 2617 1589 2675; x_wconf 71' lang='lat' dir='ltr'><strong>peccatores</strong></span> <span class='ocrx_word' id='word_1_197' title='bbox 1620 2607 2023 2679; x_wconf 78' lang='lat' dir='ltr'><strong>gloriabuntur?</strong></span> <span class='ocrx_word' id='word_1_198' title='bbox 2054 2607 2375 2677; x_wconf 80' lang='lat' dir='ltr'><strong>E/j‘abuntur</strong></span> 
     </span>
    </p>
   </div>
   <div class='ocr_carea' id='block_1_28' title="bbox 802 2698 2375 2769">
    <p class='ocr_par' dir='ltr' id='par_1_28' title="bbox 802 2698 2375 2769">
     <span class='ocr_line' id='line_1_28' title="bbox 802 2698 2375 2769; baseline -0.001 -17"><span class='ocrx_word' id='word_1_199' title='bbox 802 2710 853 2753; x_wconf 84' lang='lat' dir='ltr'><strong>et</strong></span> <span class='ocrx_word' id='word_1_200' title='bbox 880 2698 1153 2768; x_wconf 78' lang='lat' dir='ltr'><strong>loquentur</strong></span> <span class='ocrx_word' id='word_1_201' title='bbox 1174 2698 1518 2767; x_wconf 70' lang='lat' dir='ltr'><strong>iniquitatem,</strong></span> <span class='ocrx_word' id='word_1_202' title='bbox 1547 2698 1819 2767; x_wconf 75' lang='lat' dir='ltr'><strong>loquentur</strong></span> <span class='ocrx_word' id='word_1_203' title='bbox 1839 2714 2015 2753; x_wconf 74' lang='lat' dir='ltr'><strong>omnes</strong></span> <span class='ocrx_word' id='word_1_204' title='bbox 2040 2702 2128 2769; x_wconf 70' lang='lat' dir='ltr'><strong>qui</strong></span> <span class='ocrx_word' id='word_1_205' title='bbox 2150 2714 2375 2767; x_wconf 81' lang='lat' dir='ltr'><strong>operan-</strong></span> 
     </span>
    </p>
   </div>
   <div class='ocr_carea' id='block_1_29' title="bbox 804 2783 2377 2860">
    <p class='ocr_par' dir='ltr' id='par_1_29' title="bbox 804 2783 2377 2860">
     <span class='ocr_line' id='line_1_29' title="bbox 804 2783 2377 2860; baseline 0.002 -17"><span class='ocrx_word' id='word_1_206' title='bbox 804 2800 895 2843; x_wconf 87' lang='lat' dir='ltr'><strong>tur</strong></span> <span class='ocrx_word' id='word_1_207' title='bbox 927 2789 1285 2859; x_wconf 75' lang='lat' dir='ltr'><strong>injustitiam?</strong></span> <span class='ocrx_word' id='word_1_208' title='bbox 1320 2788 1559 2860; x_wconf 88' lang='lat' dir='ltr'><strong>Spiritus</strong></span> <span class='ocrx_word' id='word_1_209' title='bbox 1597 2783 1814 2859; x_wconf 82' lang='lat' dir='ltr'><strong>quidem</strong></span> <span class='ocrx_word' id='word_1_210' title='bbox 1852 2796 2077 2845; x_wconf 88' lang='lat' dir='ltr'><strong>sanctus</strong></span> <span class='ocrx_word' id='word_1_211' title='bbox 2122 2791 2209 2845; x_wconf 85' lang='lat' dir='ltr'><strong>vol</strong></span> <span class='ocrx_word' id='word_1_212' title='bbox 2250 2798 2377 2847; x_wconf 86' lang='lat' dir='ltr'><strong>ante</strong></span> 
     </span>
    </p>
   </div>
   <div class='ocr_carea' id='block_1_30' title="bbox 805 2880 2378 2953">
    <p class='ocr_par' dir='ltr' id='par_1_30' title="bbox 805 2880 2378 2953">
     <span class='ocr_line' id='line_1_30' title="bbox 805 2880 2378 2953; baseline 0.001 -18"><span class='ocrx_word' id='word_1_213' title='bbox 805 2886 1109 2937; x_wconf 85' lang='lat' dir='ltr'><strong>orationem</strong></span> <span class='ocrx_word' id='word_1_214' title='bbox 1146 2882 1458 2953; x_wconf 83' lang='lat' dir='ltr'><strong>prophetico</strong></span> <span class='ocrx_word' id='word_1_215' title='bbox 1486 2880 1899 2952; x_wconf 87' lang='lat' dir='ltr'><strong>responsionem</strong></span> <span class='ocrx_word' id='word_1_216' title='bbox 1930 2881 2062 2941; x_wconf 86' lang='lat' dir='ltr'><strong>edit,</strong></span> <span class='ocrx_word' id='word_1_217' title='bbox 2090 2880 2219 2935; x_wconf 88' lang='lat' dir='ltr'><strong>illud</strong></span> <span class='ocrx_word' id='word_1_218' title='bbox 2251 2896 2378 2951; x_wconf 86' lang='lat' dir='ltr'><strong>pro-</strong></span> 
     </span>
    </p>
   </div>
   <div class='ocr_carea' id='block_1_31' title="bbox 805 2972 2373 3046">
    <p class='ocr_par' dir='ltr' id='par_1_31' title="bbox 805 2972 2373 3046">
     <span class='ocr_line' id='line_1_31' title="bbox 805 2972 2373 3046; baseline -0.003 -15"><span class='ocrx_word' id='word_1_219' title='bbox 805 2974 953 3031; x_wconf 78' lang='lat' dir='ltr'><strong>ferre</strong></span> <span class='ocrx_word' id='word_1_220' title='bbox 979 2990 1256 3045; x_wconf 85' lang='lat' dir='ltr'><strong>occupans</strong></span> <span class='ocrx_word' id='word_1_221' title='bbox 1277 2974 1421 3046; x_wconf 87' lang='lat' dir='ltr'><strong>quod</strong></span> <span class='ocrx_word' id='word_1_222' title='bbox 1446 2974 1887 3045; x_wconf 57' lang='lat' dir='ltr'><strong>post&#39;orationem</strong></span> <span class='ocrx_word' id='word_1_223' title='bbox 1915 2972 2205 3028; x_wconf 88' lang='lat' dir='ltr'><strong>dicendum</strong></span> <span class='ocrx_word' id='word_1_224' title='bbox 2223 2980 2373 3041; x_wconf 85' lang='lat' dir='ltr'><strong>erat;</strong></span> 
     </span>
    </p>
   </div>
   <div class='ocr_carea' id='block_1_32' title="bbox 808 3051 2375 3137">
    <p class='ocr_par' dir='ltr' id='par_1_32' title="bbox 808 3051 2375 3137">
     <span class='ocr_line' id='line_1_32' title="bbox 808 3051 2375 3137; baseline -0.001 -18"><span class='ocrx_word' id='word_1_225' title='bbox 808 3065 974 3137; x_wconf 83' lang='lat' dir='ltr'><strong>idque</strong></span> <span class='ocrx_word' id='word_1_226' title='bbox 1001 3082 1068 3122; x_wconf 88' lang='lat' dir='ltr'><strong>ex</strong></span> <span class='ocrx_word' id='word_1_227' title='bbox 1104 3064 1443 3135; x_wconf 64' lang='lat' dir='ltr'><strong>praescientia</strong></span> <span class='ocrx_word' id='word_1_228' title='bbox 1465 3079 1653 3119; x_wconf 90' lang='lat' dir='ltr'><strong>eorum</strong></span> <span class='ocrx_word' id='word_1_229' title='bbox 1685 3079 1805 3133; x_wconf 62' lang='lat' dir='ltr'><strong>quae</strong></span> <span class='ocrx_word' id='word_1_230' title='bbox 1827 3051 1879 3119; x_wconf 83' lang='lat' dir='ltr'><strong>in</strong></span> <span class='ocrx_word' id='word_1_231' title='bbox 1908 3065 2157 3121; x_wconf 79' lang='lat' dir='ltr'><strong>oratione</strong></span> <span class='ocrx_word' id='word_1_232' title='bbox 2188 3064 2375 3119; x_wconf 86' lang='lat' dir='ltr'><strong>dicen-</strong></span> 
     </span>
    </p>
   </div>
   <div class='ocr_carea' id='block_1_33' title="bbox 806 3154 2375 3230">
    <p class='ocr_par' dir='ltr' id='par_1_33' title="bbox 806 3154 2375 3230">
     <span class='ocr_line' id='line_1_33' title="bbox 806 3154 2375 3230; baseline -0.001 -18"><span class='ocrx_word' id='word_1_233' title='bbox 806 3156 880 3212; x_wconf 79' lang='lat' dir='ltr'><strong>da</strong></span> <span class='ocrx_word' id='word_1_234' title='bbox 916 3155 1488 3223; x_wconf 82' lang='lat' dir='ltr'><strong>eront.Quamobrem</strong></span> <span class='ocrx_word' id='word_1_235' title='bbox 1519 3154 1629 3210; x_wconf 90' lang='lat' dir='ltr'><strong>duo</strong></span> <span class='ocrx_word' id='word_1_236' title='bbox 1658 3156 1913 3212; x_wconf 82' lang='lat' dir='ltr'><strong>versiculi</strong></span> <span class='ocrx_word' id='word_1_237' title='bbox 1962 3156 2375 3230; x_wconf 86' lang='lat' dir='ltr'><strong>responsionem</strong></span> 
     </span>
    </p>
   </div>
   <div class='ocr_carea' id='block_1_34' title="bbox 2470 882 4039 961">
    <p class='ocr_par' dir='ltr' id='par_1_34' title="bbox 2470 882 4039 961">
     <span class='ocr_line' id='line_1_34' title="bbox 2470 882 4039 961; baseline -0.002 -22"><span class='ocrx_word' id='word_1_238' title='bbox 2470 889 2652 961; x_wconf 88' lang='grc' dir='ltr'>ρανοῖς</span> <span class='ocrx_word' id='word_1_239' title='bbox 2703 884 3110 957; x_wconf 81' lang='grc' dir='ltr'>πραττομένων,</span> <span class='ocrx_word' id='word_1_240' title='bbox 3135 884 3211 949; x_wconf 85' lang='grc' dir='ltr'>ὼς</span> <span class='ocrx_word' id='word_1_241' title='bbox 3253 887 3347 939; x_wconf 77' lang='grc' dir='ltr'><strong>καὶ</strong></span> <span class='ocrx_word' id='word_1_242' title='bbox 3374 886 3529 953; x_wconf 80' lang='grc' dir='ltr'>δίκην</span> <span class='ocrx_word' id='word_1_243' title='bbox 3558 883 3655 954; x_wconf 80' lang='grc' dir='ltr'>τὴν</span> <span class='ocrx_word' id='word_1_244' title='bbox 3686 883 3841 947; x_wconf 78' lang='grc' dir='ltr'>ἀξίαν</span> <span class='ocrx_word' id='word_1_245' title='bbox 3888 882 4039 957; x_wconf 81' lang='grc' dir='ltr'>παρὰ</span> 
     </span>
    </p>
   </div>
   <div class='ocr_carea' id='block_1_35' title="bbox 2467 975 4041 1049">
    <p class='ocr_par' dir='ltr' id='par_1_35' title="bbox 2467 975 4041 1049">
     <span class='ocr_line' id='line_1_35' title="bbox 2467 975 4041 1049; baseline -0.002 -18"><span class='ocrx_word' id='word_1_246' title='bbox 2467 979 2575 1031; x_wconf 84' lang='grc' dir='ltr'><strong>τῶν</strong></span> <span class='ocrx_word' id='word_1_247' title='bbox 2618 977 2942 1031; x_wconf 83' lang='grc' dir='ltr'><strong>ἀδικούντων</strong></span> <span class='ocrx_word' id='word_1_248' title='bbox 2987 977 3427 1049; x_wconf 76' lang='grc' dir='ltr'>εἰσπράττεσθαι,</span> <span class='ocrx_word' id='word_1_249' title='bbox 3464 978 3670 1047; x_wconf 85' lang='grc' dir='ltr'>κρίνειν</span> <span class='ocrx_word' id='word_1_250' title='bbox 3712 993 3771 1029; x_wconf 82' lang='grc' dir='ltr'><strong>τε</strong></span> <span class='ocrx_word' id='word_1_251' title='bbox 3820 975 4041 1038; x_wconf 82' lang='grc' dir='ltr'><strong>δικαίως</strong></span> 
     </span>
    </p>
   </div>
   <div class='ocr_carea' id='block_1_36' title="bbox 2469 1067 4040 1139">
    <p class='ocr_par' dir='ltr' id='par_1_36' title="bbox 2469 1067 4040 1139">
     <span class='ocr_line' id='line_1_36' title="bbox 2469 1067 4040 1139; baseline -0.001 -15"><span class='ocrx_word' id='word_1_252' title='bbox 2469 1071 2562 1124; x_wconf 73' lang='grc' dir='ltr'><strong>καὶ</strong></span> <span class='ocrx_word' id='word_1_253' title='bbox 2590 1069 2839 1135; x_wconf 76' lang='grc' dir='ltr'><strong>κολάζειν</strong></span> <span class='ocrx_word' id='word_1_254' title='bbox 2865 1069 2957 1134; x_wconf 82' lang='grc' dir='ltr'><strong>οὓς</strong></span> <span class='ocrx_word' id='word_1_255' title='bbox 2993 1070 3092 1133; x_wconf 85' lang='grc' dir='ltr'>δεῖ,</span> <span class='ocrx_word' id='word_1_256' title='bbox 3127 1069 3440 1123; x_wconf 83' lang='grc' dir='ltr'><strong>ἀποδιδόναι</strong></span> <span class='ocrx_word' id='word_1_257' title='bbox 3466 1086 3525 1123; x_wconf 89' lang='grc' dir='ltr'><strong>τε</strong></span> <span class='ocrx_word' id='word_1_258' title='bbox 3557 1069 3771 1139; x_wconf 75' lang='grc' dir='ltr'>ἑκάστῳ</span> <span class='ocrx_word' id='word_1_259' title='bbox 3802 1068 3943 1122; x_wconf 85' lang='grc' dir='ltr'><strong>κατά</strong></span> <span class='ocrx_word' id='word_1_260' title='bbox 3970 1067 4040 1122; x_wconf 77' lang='grc' dir='ltr'>τὰ</span> 
     </span>
    </p>
   </div>
   <div class='ocr_carea' id='block_1_37' title="bbox 2468 1158 4040 1232">
    <p class='ocr_par' dir='ltr' id='par_1_37' title="bbox 2468 1158 4040 1232">
     <span class='ocr_line' id='line_1_37' title="bbox 2468 1158 4040 1232; baseline -0.001 -18"><span class='ocrx_word' id='word_1_261' title='bbox 2468 1160 2606 1232; x_wconf 75' lang='grc' dir='ltr'>ἔργα</span> <span class='ocrx_word' id='word_1_262' title='bbox 2647 1161 2831 1215; x_wconf 74' lang='grc' dir='ltr'>αὐτοῦ.</span> <span class='ocrx_word' id='word_1_263' title='bbox 2862 1161 3124 1232; x_wconf 83' lang='grc' dir='ltr'>Θαρσεῖτε</span> <span class='ocrx_word' id='word_1_264' title='bbox 3164 1159 3450 1231; x_wconf 72' lang='grc' dir='ltr'>τοιγαροῦν</span> <span class='ocrx_word' id='word_1_265' title='bbox 3482 1158 3764 1229; x_wconf 78' lang='grc' dir='ltr'>μαθόντες,</span> <span class='ocrx_word' id='word_1_266' title='bbox 3799 1159 3880 1211; x_wconf 83' lang='grc' dir='ltr'>ὅτι</span> <span class='ocrx_word' id='word_1_267' title='bbox 3910 1158 4040 1212; x_wconf 79' lang='grc' dir='ltr'>Θεὸν</span> 
     </span>
    </p>
   </div>
   <div class='ocr_carea' id='block_1_38' title="bbox 2468 1248 4047 1324">
    <p class='ocr_par' dir='ltr' id='par_1_38' title="bbox 2468 1248 4047 1324">
     <span class='ocr_line' id='line_1_38' title="bbox 2468 1248 4047 1324; baseline -0.001 -19"><span class='ocrx_word' id='word_1_268' title='bbox 2468 1253 2618 1324; x_wconf 77' lang='grc' dir='ltr'>ἔχετε</span> <span class='ocrx_word' id='word_1_269' title='bbox 2652 1254 3018 1323; x_wconf 74' lang='grc' dir='ltr'>ὲκδικήσεωνο</span> <span class='ocrx_word' id='word_1_270' title='bbox 3067 1252 3275 1320; x_wconf 76' lang='grc' dir='ltr'>πέφυκε</span> <span class='ocrx_word' id='word_1_271' title='bbox 3317 1252 3427 1323; x_wconf 75' lang='grc' dir='ltr'><strong>γὰρ</strong></span> <span class='ocrx_word' id='word_1_272' title='bbox 3475 1248 3610 1304; x_wconf 76' lang='grc' dir='ltr'>εἶναι</span> <span class='ocrx_word' id='word_1_273' title='bbox 3648 1249 3778 1314; x_wconf 87' lang='grc' dir='ltr'>Θεὸς</span> <span class='ocrx_word' id='word_1_274' title='bbox 3833 1250 4047 1322; x_wconf 75' lang='grc' dir='ltr'>ἐκδική-</span> 
     </span>
    </p>
   </div>
   <div class='ocr_carea' id='block_1_39' title="bbox 2471 1334 4043 1415">
    <p class='ocr_par' dir='ltr' id='par_1_39' title="bbox 2471 1334 4043 1415">
     <span class='ocr_line' id='line_1_39' title="bbox 2471 1334 4043 1415; baseline -0.001 -19"><span class='ocrx_word' id='word_1_275' title='bbox 2471 1360 2607 1397; x_wconf 86' lang='grc' dir='ltr'>σεων</span> <span class='ocrx_word' id='word_1_276' title='bbox 2644 1348 2672 1399; x_wconf 99' lang='lat'><strong>6</strong></span> <span class='ocrx_word' id='word_1_277' title='bbox 2703 1335 2983 1415; x_wconf 79' lang='grc' dir='ltr'>’ὑμέτερος</span> <span class='ocrx_word' id='word_1_278' title='bbox 3015 1344 3164 1407; x_wconf 84' lang='grc' dir='ltr'>Θεὸς,</span> <span class='ocrx_word' id='word_1_279' title='bbox 3199 1344 3292 1397; x_wconf 77' lang='grc' dir='ltr'>καὶ</span> <span class='ocrx_word' id='word_1_280' title='bbox 3324 1343 3401 1414; x_wconf 77' lang='grc' dir='ltr'>τῷ</span> <span class='ocrx_word' id='word_1_281' title='bbox 3438 1342 3747 1414; x_wconf 75' lang='grc' dir='ltr'>παρρησίαν</span> <span class='ocrx_word' id='word_1_282' title='bbox 3777 1334 3931 1410; x_wconf 75' lang='grc' dir='ltr'>ἄγειν</span> <span class='ocrx_word' id='word_1_283' title='bbox 3968 1341 4043 1406; x_wconf 84' lang='grc' dir='ltr'>ὡς</span> 
     </span>
    </p>
   </div>
   <div class='ocr_carea' id='block_1_40' title="bbox 2467 1433 4044 1507">
    <p class='ocr_par' dir='ltr' id='par_1_40' title="bbox 2467 1433 4044 1507">
     <span class='ocr_line' id='line_1_40' title="bbox 2467 1433 4044 1507; baseline -0.001 -19"><span class='ocrx_word' id='word_1_284' title='bbox 2467 1436 2599 1499; x_wconf 82' lang='grc' dir='ltr'>Θεὸς</span> <span class='ocrx_word' id='word_1_285' title='bbox 2638 1436 2847 1500; x_wconf 76' lang='grc' dir='ltr'>ἔκδικος</span> <span class='ocrx_word' id='word_1_286' title='bbox 2904 1435 3009 1488; x_wconf 83' lang='grc' dir='ltr'>τῶν</span> <span class='ocrx_word' id='word_1_287' title='bbox 3056 1435 3443 1505; x_wconf 76' lang='grc' dir='ltr'>ἀδικουμένων,</span> <span class='ocrx_word' id='word_1_288' title='bbox 3474 1433 3792 1507; x_wconf 73' lang='grc' dir='ltr'>διαρρήδην</span> <span class='ocrx_word' id='word_1_289' title='bbox 3847 1450 3905 1486; x_wconf 86' lang='grc' dir='ltr'><strong>τε</strong></span> <span class='ocrx_word' id='word_1_290' title='bbox 3952 1435 4044 1486; x_wconf 75' lang='grc' dir='ltr'><strong>καὶ</strong></span> 
     </span>
    </p>
   </div>
   <div class='ocr_carea' id='block_1_41' title="bbox 2471 1524 4044 1601">
    <p class='ocr_par' dir='ltr' id='par_1_41' title="bbox 2471 1524 4044 1601">
     <span class='ocr_line' id='line_1_41' title="bbox 2471 1524 4044 1601; baseline -0.004 -18"><span class='ocrx_word' id='word_1_291' title='bbox 2471 1528 2609 1601; x_wconf 81' lang='grc' dir='ltr'>μετὰ</span> <span class='ocrx_word' id='word_1_292' title='bbox 2649 1527 2955 1601; x_wconf 74' lang='grc' dir='ltr'>παρρησίας</span> <span class='ocrx_word' id='word_1_293' title='bbox 3007 1527 3165 1581; x_wconf 87' lang='grc' dir='ltr'>τοῦτο</span> <span class='ocrx_word' id='word_1_294' title='bbox 3219 1526 3306 1580; x_wconf 85' lang='grc' dir='ltr'>διὰ</span> <span class='ocrx_word' id='word_1_295' title='bbox 3352 1526 3463 1579; x_wconf 84' lang='grc' dir='ltr'>τῶν</span> <span class='ocrx_word' id='word_1_296' title='bbox 3528 1524 3691 1579; x_wconf 85' lang='grc' dir='ltr'>αὐτοῦ</span> <span class='ocrx_word' id='word_1_297' title='bbox 3742 1525 4044 1595; x_wconf 56' lang='grc' dir='ltr'>,προφητῶν</span> 
     </span>
    </p>
   </div>
   <div class='ocr_carea' id='block_1_42' title="bbox 2468 1618 4045 1693">
    <p class='ocr_par' dir='ltr' id='par_1_42' title="bbox 2468 1618 4045 1693">
     <span class='ocr_line' id='line_1_42' title="bbox 2468 1618 4045 1693; baseline -0.004 -18"><span class='ocrx_word' id='word_1_298' title='bbox 2468 1620 2746 1693; x_wconf 78' lang='grc' dir='ltr'>κηρύττει·</span> <span class='ocrx_word' id='word_1_299' title='bbox 2780 1618 2925 1672; x_wconf 73' lang='grc' dir='ltr'>οὕτω</span> <span class='ocrx_word' id='word_1_300' title='bbox 2947 1619 3076 1688; x_wconf 80' lang='grc' dir='ltr'>γοῦν</span> <span class='ocrx_word' id='word_1_301' title='bbox 3102 1618 3267 1672; x_wconf 88' lang='grc' dir='ltr'>αὑτοῦ</span> <span class='ocrx_word' id='word_1_302' title='bbox 3291 1619 3380 1672; x_wconf 77' lang='grc' dir='ltr'><strong>καὶ</strong></span> <span class='ocrx_word' id='word_1_303' title='bbox 3411 1619 3440 1671; x_wconf 89' lang='lat'><strong>6</strong></span> <span class='ocrx_word' id='word_1_304' title='bbox 3473 1619 3600 1689; x_wconf 75' lang='grc' dir='ltr'>περὶ</span> <span class='ocrx_word' id='word_1_305' title='bbox 3636 1619 3891 1691; x_wconf 72' lang='grc' dir='ltr'>προνοίας</span> <span class='ocrx_word' id='word_1_306' title='bbox 3922 1635 4045 1670; x_wconf 87' lang='grc' dir='ltr'>συν-</span> 
     </span>
    </p>
   </div>
   <div class='ocr_carea' id='block_1_43' title="bbox 2470 1709 4045 1782">
    <p class='ocr_par' dir='ltr' id='par_1_43' title="bbox 2470 1709 4045 1782">
     <span class='ocr_line' id='line_1_43' title="bbox 2470 1709 4045 1782; baseline -0.003 -16"><span class='ocrx_word' id='word_1_307' title='bbox 2470 1713 2680 1766; x_wconf 75' lang='grc' dir='ltr'>ίσταται</span> <span class='ocrx_word' id='word_1_308' title='bbox 2715 1712 2891 1779; x_wconf 74' lang='grc' dir='ltr'>λόγος.</span> <span class='ocrx_word' id='word_1_309' title='bbox 2942 1711 3062 1766; x_wconf 79' lang='grc' dir='ltr'>καθ’</span> <span class='ocrx_word' id='word_1_310' title='bbox 3100 1712 3168 1782; x_wconf 72' lang='grc' dir='ltr'>ἢν</span> <span class='ocrx_word' id='word_1_311' title='bbox 3211 1712 3434 1775; x_wconf 75' lang='grc' dir='ltr'>δικαίως</span> <span class='ocrx_word' id='word_1_312' title='bbox 3463 1712 3557 1764; x_wconf 60' lang='grc' dir='ltr'><strong>καὶ⁴</strong></span> <span class='ocrx_word' id='word_1_313' title='bbox 3588 1712 3766 1780; x_wconf 78' lang='grc' dir='ltr'>σοφῶς</span> <span class='ocrx_word' id='word_1_314' title='bbox 3792 1710 3860 1763; x_wconf 72' lang='grc' dir='ltr'><strong>τά</strong></span> <span class='ocrx_word' id='word_1_315' title='bbox 3910 1709 4045 1780; x_wconf 83' lang='grc' dir='ltr'>σύμ-</span> 
     </span>
    </p>
   </div>
   <div class='ocr_carea' id='block_1_44' title="bbox 2469 1801 4043 1876">
    <p class='ocr_par' dir='ltr' id='par_1_44' title="bbox 2469 1801 4043 1876">
     <span class='ocr_line' id='line_1_44' title="bbox 2469 1801 4043 1876; baseline -0.001 -20"><span class='ocrx_word' id='word_1_316' title='bbox 2469 1820 2649 1858; x_wconf 84' lang='grc' dir='ltr'>παντα</span> <span class='ocrx_word' id='word_1_317' title='bbox 2690 1804 2897 1857; x_wconf 78' lang='grc' dir='ltr'>διοικεῖ.</span> <span class='ocrx_word' id='word_1_318' title='bbox 2952 1804 3104 1868; x_wconf 82' lang='grc' dir='ltr'>Τέως</span> <span class='ocrx_word' id='word_1_319' title='bbox 3164 1803 3261 1876; x_wconf 86' lang='grc' dir='ltr'>μὲν</span> <span class='ocrx_word' id='word_1_320' title='bbox 3292 1803 3434 1857; x_wconf 87' lang='grc' dir='ltr'><strong>κατά</strong></span> <span class='ocrx_word' id='word_1_321' title='bbox 3469 1802 3561 1855; x_wconf 87' lang='grc' dir='ltr'><strong>τὸν</strong></span> <span class='ocrx_word' id='word_1_322' title='bbox 3603 1801 3870 1856; x_wconf 79' lang='grc' dir='ltr'>ἐνεστῶτα</span> <span class='ocrx_word' id='word_1_323' title='bbox 3911 1801 4043 1872; x_wconf 84' lang='grc' dir='ltr'>βίον.</span> 
     </span>
    </p>
   </div>
   <div class='ocr_carea' id='block_1_45' title="bbox 2469 1880 4043 1967">
    <p class='ocr_par' dir='ltr' id='par_1_45' title="bbox 2469 1880 4043 1967">
     <span class='ocr_line' id='line_1_45' title="bbox 2469 1880 4043 1967; baseline -0.001 -19"><span class='ocrx_word' id='word_1_324' title='bbox 2469 1880 2773 1949; x_wconf 77' lang='grc' dir='ltr'>ἀνατέλλων</span> <span class='ocrx_word' id='word_1_325' title='bbox 2796 1896 2886 1949; x_wconf 91' lang='grc' dir='ltr'><strong>τὸν</strong></span> <span class='ocrx_word' id='word_1_326' title='bbox 2918 1895 3068 1967; x_wconf 70' lang='grc' dir='ltr'>ἥλιον</span> <span class='ocrx_word' id='word_1_327' title='bbox 3096 1894 3261 1950; x_wconf 74' lang='grc' dir='ltr'>αὐτοῦ</span> <span class='ocrx_word' id='word_1_328' title='bbox 3286 1895 3378 1947; x_wconf 76' lang='grc' dir='ltr'><strong>ἐπὶ</strong></span> <span class='ocrx_word' id='word_1_329' title='bbox 3413 1895 3651 1958; x_wconf 76' lang='grc' dir='ltr'>δικαίους</span> <span class='ocrx_word' id='word_1_330' title='bbox 3686 1894 3777 1953; x_wconf 69' lang='grc' dir='ltr'>καὶ</span> <span class='ocrx_word' id='word_1_331' title='bbox 3808 1893 4043 1957; x_wconf 85' lang='grc' dir='ltr'>ἀδίκους,</span> 
     </span>
    </p>
   </div>
   <div class='ocr_carea' id='block_1_46' title="bbox 2472 1982 4043 2061">
    <p class='ocr_par' dir='ltr' id='par_1_46' title="bbox 2472 1982 4043 2061">
     <span class='ocr_line' id='line_1_46' title="bbox 2472 1982 4043 2061; baseline 0 -24"><span class='ocrx_word' id='word_1_332' title='bbox 2472 1984 2566 2037; x_wconf 75' lang='grc' dir='ltr'>καὶ</span> <span class='ocrx_word' id='word_1_333' title='bbox 2614 1983 2821 2057; x_wconf 85' lang='grc' dir='ltr'>βρέχων</span> <span class='ocrx_word' id='word_1_334' title='bbox 2872 1986 2964 2038; x_wconf 74' lang='grc' dir='ltr'>ἐπὶ</span> <span class='ocrx_word' id='word_1_335' title='bbox 2997 1985 3264 2061; x_wconf 78' lang='grc' dir='ltr'>πονηροὺς</span> <span class='ocrx_word' id='word_1_336' title='bbox 3294 1986 3387 2039; x_wconf 71' lang='grc' dir='ltr'><strong>καὶ</strong></span> <span class='ocrx_word' id='word_1_337' title='bbox 3432 1984 3687 2053; x_wconf 76' lang='grc' dir='ltr'>ἀγαθοὺς,</span> <span class='ocrx_word' id='word_1_338' title='bbox 3733 1982 3795 2049; x_wconf 72' lang='grc' dir='ltr'>ἐξ</span> <span class='ocrx_word' id='word_1_339' title='bbox 3841 1983 3957 2039; x_wconf 84' lang='grc' dir='ltr'>ίσου</span> <span class='ocrx_word' id='word_1_340' title='bbox 3983 2000 4043 2037; x_wconf 81' lang='grc' dir='ltr'><strong>τε</strong></span> 
     </span>
    </p>
   </div>
   <div class='ocr_carea' id='block_1_47' title="bbox 2470 2072 4045 2147">
    <p class='ocr_par' dir='ltr' id='par_1_47' title="bbox 2470 2072 4045 2147">
     <span class='ocr_line' id='line_1_47' title="bbox 2470 2072 4045 2147; baseline 0 -20"><span class='ocrx_word' id='word_1_341' title='bbox 2470 2076 2582 2138; x_wconf 86' lang='grc' dir='ltr'>τοῖς</span> <span class='ocrx_word' id='word_1_342' title='bbox 2611 2077 2744 2128; x_wconf 80' lang='grc' dir='ltr'>πᾶσι</span> <span class='ocrx_word' id='word_1_343' title='bbox 2802 2075 2869 2128; x_wconf 87' lang='grc' dir='ltr'>τὰ</span> <span class='ocrx_word' id='word_1_344' title='bbox 2917 2074 3083 2129; x_wconf 83' lang='grc' dir='ltr'>αὐτοῦ</span> <span class='ocrx_word' id='word_1_345' title='bbox 3132 2075 3383 2147; x_wconf 82' lang='grc' dir='ltr'>παρέχων</span> <span class='ocrx_word' id='word_1_346' title='bbox 3415 2074 3621 2143; x_wconf 86' lang='grc' dir='ltr'>ἀγαθά·</span> <span class='ocrx_word' id='word_1_347' title='bbox 3669 2074 3808 2128; x_wconf 78' lang='grc' dir='ltr'>κατὰ</span> <span class='ocrx_word' id='word_1_348' title='bbox 3856 2072 4045 2147; x_wconf 89' lang='grc' dir='ltr'>καιρὸν</span> 
     </span>
    </p>
   </div>
   <div class='ocr_carea' id='block_1_48' title="bbox 2462 2163 4043 2236">
    <p class='ocr_par' dir='ltr' id='par_1_48' title="bbox 2462 2163 4043 2236">
     <span class='ocr_line' id='line_1_48' title="bbox 2462 2163 4043 2236; baseline 0 -19"><span class='ocrx_word' id='word_1_349' title='bbox 2462 2163 2526 2217; x_wconf 83' lang='grc' dir='ltr'>δὲ</span> <span class='ocrx_word' id='word_1_350' title='bbox 2564 2163 2654 2218; x_wconf 85' lang='grc' dir='ltr'><strong>τὸν</strong></span> <span class='ocrx_word' id='word_1_351' title='bbox 2698 2167 3041 2236; x_wconf 86' lang='grc' dir='ltr'>προσήκοντα</span> <span class='ocrx_word' id='word_1_352' title='bbox 3089 2166 3222 2230; x_wconf 84' lang='grc' dir='ltr'>Θεὸς</span> <span class='ocrx_word' id='word_1_353' title='bbox 3265 2165 3593 2236; x_wconf 86' lang='grc' dir='ltr'>ὲκδικήσεων</span> <span class='ocrx_word' id='word_1_354' title='bbox 3627 2165 3925 2236; x_wconf 74' lang='grc' dir='ltr'>γινόμενος,</span> <span class='ocrx_word' id='word_1_355' title='bbox 3954 2166 4043 2217; x_wconf 80' lang='grc' dir='ltr'>ὅτε</span> 
     </span>
    </p>
   </div>
   <div class='ocr_carea' id='block_1_49' title="bbox 2472 2254 4043 2327">
    <p class='ocr_par' dir='ltr' id='par_1_49' title="bbox 2472 2254 4043 2327">
     <span class='ocr_line' id='line_1_49' title="bbox 2472 2254 4043 2327; baseline 0 -20"><span class='ocrx_word' id='word_1_356' title='bbox 2472 2254 2565 2307; x_wconf 77' lang='grc' dir='ltr'><strong>καὶ</strong></span> <span class='ocrx_word' id='word_1_357' title='bbox 2591 2255 2692 2327; x_wconf 84' lang='grc' dir='ltr'>τὴν</span> <span class='ocrx_word' id='word_1_358' title='bbox 2738 2254 3052 2325; x_wconf 81' lang='grc' dir='ltr'>πρέπουσαν</span> <span class='ocrx_word' id='word_1_359' title='bbox 3092 2255 3246 2326; x_wconf 84' lang='grc' dir='ltr'>δίκην</span> <span class='ocrx_word' id='word_1_360' title='bbox 3286 2255 3434 2327; x_wconf 86' lang='grc' dir='ltr'><strong>παρά</strong></span> <span class='ocrx_word' id='word_1_361' title='bbox 3463 2256 3569 2308; x_wconf 82' lang='grc' dir='ltr'><strong>τῶν</strong></span> <span class='ocrx_word' id='word_1_362' title='bbox 3599 2257 3674 2327; x_wconf 74' lang='grc' dir='ltr'>μὴ</span> <span class='ocrx_word' id='word_1_363' title='bbox 3716 2256 3896 2319; x_wconf 85' lang='grc' dir='ltr'>καλῶς</span> <span class='ocrx_word' id='word_1_364' title='bbox 3926 2257 4043 2317; x_wconf 83' lang='grc' dir='ltr'>ταῖς</span> 
     </span>
    </p>
   </div>
   <div class='ocr_carea' id='block_1_50' title="bbox 2472 2346 3788 2419">
    <p class='ocr_par' dir='ltr' id='par_1_50' title="bbox 2472 2346 3788 2419">
     <span class='ocr_line' id='line_1_50' title="bbox 2472 2346 3788 2419; baseline 0.002 -20"><span class='ocrx_word' id='word_1_365' title='bbox 2472 2346 2811 2417; x_wconf 69' lang='grc' dir='ltr'>εὐεργεσίαις</span> <span class='ocrx_word' id='word_1_366' title='bbox 2842 2347 3005 2401; x_wconf 75' lang='grc' dir='ltr'>αὐτοῦ</span> <span class='ocrx_word' id='word_1_367' title='bbox 3035 2348 3384 2419; x_wconf 78' lang='grc' dir='ltr'>κεχρημένων</span> <span class='ocrx_word' id='word_1_368' title='bbox 3417 2346 3788 2417; x_wconf 77' lang='grc' dir='ltr'>εἰσπράξεται.</span> 
     </span>
    </p>
   </div>
   <div class='ocr_carea' id='block_1_51' title="bbox 2555 2424 4043 2506">
    <p class='ocr_par' dir='ltr' id='par_1_51' title="bbox 2555 2424 4043 2506">
     <span class='ocr_line' id='line_1_51' title="bbox 2555 2424 4043 2506; baseline -0.002 -16"><span class='ocrx_word' id='word_1_369' title='bbox 2555 2435 2837 2506; x_wconf 73' lang='grc' dir='ltr'>Ὺψώθητι</span> <span class='ocrx_word' id='word_1_370' title='bbox 2882 2440 2915 2491; x_wconf 85' lang='lat' dir='ltr'><strong>d</strong></span> <span class='ocrx_word' id='word_1_371' title='bbox 2948 2437 3169 2504; x_wconf 81' lang='grc' dir='ltr'>κρίνων</span> <span class='ocrx_word' id='word_1_372' title='bbox 3200 2436 3314 2504; x_wconf 79' lang='grc' dir='ltr'><strong>τὴν</strong></span> <span class='ocrx_word' id='word_1_373' title='bbox 3343 2424 3481 2505; x_wconf 75' lang='grc' dir='ltr'>γῆν,</span> <span class='ocrx_word' id='word_1_374' title='bbox 3514 2437 3741 2502; x_wconf 77' lang='grc' dir='ltr'>ἀπόδος</span> <span class='ocrx_word' id='word_1_375' title='bbox 3781 2436 4043 2490; x_wconf 77' lang='grc' dir='ltr'>ἀνταπό-</span> 
     </span>
    </p>
   </div>
   <div class='ocr_carea' id='block_1_52' title="bbox 2472 2525 4041 2597">
    <p class='ocr_par' dir='ltr' id='par_1_52' title="bbox 2472 2525 4041 2597">
     <span class='ocr_line' id='line_1_52' title="bbox 2472 2525 4041 2597; baseline -0.004 -14"><span class='ocrx_word' id='word_1_376' title='bbox 2472 2530 2647 2584; x_wconf 78' lang='grc' dir='ltr'>δοσιν</span> <span class='ocrx_word' id='word_1_377' title='bbox 2696 2526 2815 2592; x_wconf 86' lang='grc' dir='ltr'>τοῖς</span> <span class='ocrx_word' id='word_1_378' title='bbox 2856 2525 3281 2597; x_wconf 68' lang='grc' dir='ltr'>ὑπερηφάνοις.</span> <span class='ocrx_word' id='word_1_379' title='bbox 3316 2528 3469 2594; x_wconf 82' lang='grc' dir='ltr'>Ἕως</span> <span class='ocrx_word' id='word_1_380' title='bbox 3514 2529 3657 2582; x_wconf 82' lang='grc' dir='ltr'>πότε</span> <span class='ocrx_word' id='word_1_381' title='bbox 3689 2527 4041 2597; x_wconf 70' lang='grc' dir='ltr'>ἁμαρτωλοὶ,</span> 
     </span>
    </p>
   </div>
   <div class='ocr_carea' id='block_1_53' title="bbox 2473 2616 4045 2688">
    <p class='ocr_par' dir='ltr' id='par_1_53' title="bbox 2473 2616 4045 2688">
     <span class='ocr_line' id='line_1_53' title="bbox 2473 2616 4045 2688; baseline -0.001 -16"><span class='ocrx_word' id='word_1_382' title='bbox 2473 2616 2807 2686; x_wconf 49' lang='grc' dir='ltr'>Κύριε,νὲως</span> <span class='ocrx_word' id='word_1_383' title='bbox 2836 2619 2980 2670; x_wconf 83' lang='grc' dir='ltr'>πότε</span> <span class='ocrx_word' id='word_1_384' title='bbox 3018 2618 3352 2686; x_wconf 77' lang='grc' dir='ltr'>ἁμαρτωλοί</span> <span class='ocrx_word' id='word_1_385' title='bbox 3393 2616 3831 2688; x_wconf 82' lang='grc' dir='ltr'>καυχήσονται;</span> <span class='ocrx_word' id='word_1_386' title='bbox 3869 2617 4045 2686; x_wconf 78' lang='grc' dir='ltr'><strong>Φθέτ-</strong></span> 
     </span>
    </p>
   </div>
   <div class='ocr_carea' id='block_1_54' title="bbox 2472 2708 4046 2777">
    <p class='ocr_par' dir='ltr' id='par_1_54' title="bbox 2472 2708 4046 2777">
     <span class='ocr_line' id='line_1_54' title="bbox 2472 2708 4046 2777; baseline -0.001 -13"><span class='ocrx_word' id='word_1_387' title='bbox 2472 2708 2683 2774; x_wconf 58' lang='lat' dir='ltr'><strong>imae</strong></span> <span class='ocrx_word' id='word_1_388' title='bbox 2715 2709 2813 2763; x_wconf 80' lang='grc' dir='ltr'><strong>καί</strong></span> <span class='ocrx_word' id='word_1_389' title='bbox 2843 2710 3229 2775; x_wconf 67' lang='grc' dir='ltr'>λαλήσουσιν</span> <span class='ocrx_word' id='word_1_390' title='bbox 3251 2709 3506 2777; x_wconf 78' lang='grc' dir='ltr'>ἀδικίαν,</span> <span class='ocrx_word' id='word_1_391' title='bbox 3529 2709 3875 2777; x_wconf 70' lang='grc' dir='ltr'>λαλήσουσι</span> <span class='ocrx_word' id='word_1_392' title='bbox 3900 2710 4046 2764; x_wconf 81' lang='grc' dir='ltr'>πάν-</span> 
     </span>
    </p>
   </div>
   <div class='ocr_carea' id='block_1_55' title="bbox 2475 2800 4047 2875">
    <p class='ocr_par' dir='ltr' id='par_1_55' title="bbox 2475 2800 4047 2875">
     <span class='ocr_line' id='line_1_55' title="bbox 2475 2800 4047 2875; baseline 0.002 -21"><span class='ocrx_word' id='word_1_393' title='bbox 2475 2817 2572 2867; x_wconf 79' lang='grc' dir='ltr'><strong>τες</strong></span> <span class='ocrx_word' id='word_1_394' title='bbox 2602 2804 2657 2854; x_wconf 81' lang='grc' dir='ltr'>οὶ</span> <span class='ocrx_word' id='word_1_395' title='bbox 2694 2800 3065 2872; x_wconf 66' lang='grc' dir='ltr'>ἐργαζόμενοι</span> <span class='ocrx_word' id='word_1_396' title='bbox 3096 2803 3371 2868; x_wconf 78' lang='grc' dir='ltr'>ἀδικ’ίαν;</span> <span class='ocrx_word' id='word_1_397' title='bbox 3404 2803 3479 2857; x_wconf 89' lang='grc' dir='ltr'>Τὸ</span> <span class='ocrx_word' id='word_1_398' title='bbox 3520 2804 3617 2875; x_wconf 82' lang='grc' dir='ltr'><strong>μὲν</strong></span> <span class='ocrx_word' id='word_1_399' title='bbox 3657 2803 3796 2857; x_wconf 81' lang='grc' dir='ltr'>θεῖον</span> <span class='ocrx_word' id='word_1_400' title='bbox 3826 2803 4047 2875; x_wconf 81' lang='grc' dir='ltr'>Πνεῦμα</span> 
     </span>
    </p>
   </div>
   <div class='ocr_carea' id='block_1_56' title="bbox 2477 2888 4047 2968">
    <p class='ocr_par' dir='ltr' id='par_1_56' title="bbox 2477 2888 4047 2968">
     <span class='ocr_line' id='line_1_56' title="bbox 2477 2888 4047 2968; baseline 0.003 -24"><span class='ocrx_word' id='word_1_401' title='bbox 2477 2893 2827 2967; x_wconf 74' lang='grc' dir='ltr'>προφητικῷς</span> <span class='ocrx_word' id='word_1_402' title='bbox 2846 2894 2938 2946; x_wconf 78' lang='grc' dir='ltr'>καὶ</span> <span class='ocrx_word' id='word_1_403' title='bbox 2965 2896 3089 2964; x_wconf 73' lang='grc' dir='ltr'>περὶ</span> <span class='ocrx_word' id='word_1_404' title='bbox 3116 2895 3213 2965; x_wconf 83' lang='grc' dir='ltr'>τῆς</span> <span class='ocrx_word' id='word_1_405' title='bbox 3235 2894 3400 2967; x_wconf 80' lang='grc' dir='ltr'>εὐχῆς</span> <span class='ocrx_word' id='word_1_406' title='bbox 3421 2897 3519 2968; x_wconf 78' lang='grc' dir='ltr'>τὴν</span> <span class='ocrx_word' id='word_1_407' title='bbox 3547 2888 3834 2968; x_wconf 80' lang='grc' dir='ltr'>ἀπόκρισιν</span> <span class='ocrx_word' id='word_1_408' title='bbox 3863 2897 4047 2967; x_wconf 63' lang='grc' dir='ltr'>ἑποιήδ</span> 
     </span>
    </p>
   </div>
   <div class='ocr_carea' id='block_1_57' title="bbox 2478 2985 4048 3060">
    <p class='ocr_par' dir='ltr' id='par_1_57' title="bbox 2478 2985 4048 3060">
     <span class='ocr_line' id='line_1_57' title="bbox 2478 2985 4048 3060; baseline 0 -21"><span class='ocrx_word' id='word_1_409' title='bbox 2478 3003 2608 3039; x_wconf 81' lang='grc' dir='ltr'>σατο</span> <span class='ocrx_word' id='word_1_410' title='bbox 2644 2985 2909 3057; x_wconf 75' lang='grc' dir='ltr'>προλαϐὸν</span> <span class='ocrx_word' id='word_1_411' title='bbox 2936 2987 2995 3039; x_wconf 88' lang='grc' dir='ltr'><strong>τὸ</strong></span> <span class='ocrx_word' id='word_1_412' title='bbox 3018 2986 3207 3057; x_wconf 79' lang='grc' dir='ltr'>μέλλον</span> <span class='ocrx_word' id='word_1_413' title='bbox 3234 2987 3564 3058; x_wconf 76' lang='grc' dir='ltr'>ῥηθήσεσθαι</span> <span class='ocrx_word' id='word_1_414' title='bbox 3599 2988 3737 3058; x_wconf 85' lang='grc' dir='ltr'><strong>μετά</strong></span> <span class='ocrx_word' id='word_1_415' title='bbox 3759 2988 3857 3060; x_wconf 81' lang='grc' dir='ltr'>τὴν</span> <span class='ocrx_word' id='word_1_416' title='bbox 3885 2989 4048 3058; x_wconf 65' lang='grc' dir='ltr'>εὐχὴν</span> 
     </span>
    </p>
   </div>
   <div class='ocr_carea' id='block_1_58' title="bbox 2475 3080 4045 3153">
    <p class='ocr_par' dir='ltr' id='par_1_58' title="bbox 2475 3080 4045 3153">
     <span class='ocr_line' id='line_1_58' title="bbox 2475 3080 4045 3153; baseline 0.001 -19"><span class='ocrx_word' id='word_1_417' title='bbox 2475 3081 2563 3134; x_wconf 76' lang='grc' dir='ltr'>διὰ</span> <span class='ocrx_word' id='word_1_418' title='bbox 2604 3080 2703 3151; x_wconf 74' lang='grc' dir='ltr'><strong>τὴν</strong></span> <span class='ocrx_word' id='word_1_419' title='bbox 2753 3081 3058 3151; x_wconf 82' lang='grc' dir='ltr'>πρόγνωσιν</span> <span class='ocrx_word' id='word_1_420' title='bbox 3104 3080 3212 3132; x_wconf 81' lang='grc' dir='ltr'>τῶν</span> <span class='ocrx_word' id='word_1_421' title='bbox 3248 3082 3306 3133; x_wconf 86' lang='grc' dir='ltr'>ὲν</span> <span class='ocrx_word' id='word_1_422' title='bbox 3349 3082 3415 3151; x_wconf 79' lang='grc' dir='ltr'>τῇ</span> <span class='ocrx_word' id='word_1_423' title='bbox 3449 3080 3583 3152; x_wconf 73' lang='grc' dir='ltr'>εὐχῇ</span> <span class='ocrx_word' id='word_1_424' title='bbox 3623 3082 4045 3153; x_wconf 69' lang='grc' dir='ltr'>περιεχομένων.</span> 
     </span>
    </p>
   </div>
   <div class='ocr_carea' id='block_1_59' title="bbox 2478 3172 4047 3246">
    <p class='ocr_par' dir='ltr' id='par_1_59' title="bbox 2478 3172 4047 3246">
     <span class='ocr_line' id='line_1_59' title="bbox 2478 3172 4047 3246; baseline 0 -19"><span class='ocrx_word' id='word_1_425' title='bbox 2478 3174 2675 3245; x_wconf 78' lang='grc' dir='ltr'>Διόπερ</span> <span class='ocrx_word' id='word_1_426' title='bbox 2707 3175 2758 3226; x_wconf 84' lang='lat' dir='ltr'><strong>ai.</strong></span> <span class='ocrx_word' id='word_1_427' title='bbox 2809 3173 2903 3226; x_wconf 89' lang='grc' dir='ltr'><strong>δύο</strong></span> <span class='ocrx_word' id='word_1_428' title='bbox 2958 3173 3341 3243; x_wconf 83' lang='grc' dir='ltr'>προετάγησαν</span> <span class='ocrx_word' id='word_1_429' title='bbox 3394 3172 3711 3245; x_wconf 72' lang='grc' dir='ltr'>στίχοιτὴν</span> <span class='ocrx_word' id='word_1_430' title='bbox 3758 3174 4047 3246; x_wconf 86' lang='grc' dir='ltr'>ἀπόκρισιν</span> 
     </span>
    </p>
   </div>
   <div class='ocr_carea' id='block_1_60' title="bbox 810 3242 2536 3347">
    <p class='ocr_par' dir='ltr' id='par_1_60' title="bbox 810 3242 2536 3347">
     <span class='ocr_line' id='line_1_60' title="bbox 810 3242 2536 3347; baseline -0.002 -42"><span class='ocrx_word' id='word_1_431' title='bbox 810 3247 986 3305; x_wconf 79' lang='lat' dir='ltr'><strong>sancti</strong></span> <span class='ocrx_word' id='word_1_432' title='bbox 1015 3242 1251 3317; x_wconf 83' lang='lat' dir='ltr'><strong>Spiritus</strong></span> <span class='ocrx_word' id='word_1_433' title='bbox 1273 3246 1512 3302; x_wconf 83' lang='lat' dir='ltr'><strong>orationi</strong></span> <span class='ocrx_word' id='word_1_434' title='bbox 1544 3258 1931 3317; x_wconf 77' lang='lat' dir='ltr'><strong>congruentem</strong></span> <span class='ocrx_word' id='word_1_435' title='bbox 1957 3250 2376 3319; x_wconf 76' lang='lat' dir='ltr'><strong>Compleclentes</strong></span> <span class='ocrx_word' id='word_1_436' title='bbox 2404 3291 2447 3347; x_wconf 75' lang='lat' dir='ltr'><strong><em>C</em></strong></span> <span class='ocrx_word' id='word_1_437' title='bbox 2479 3284 2536 3320; x_wconf 81' lang='grc' dir='ltr'><strong>πε</strong></span> 
     </span>
    </p>
   </div>
   <div class='ocr_carea' id='block_1_61' title="bbox 2322 3242 4048 3347">
    <p class='ocr_par' dir='ltr' id='par_1_61' title="bbox 2322 3242 4048 3347">
     <span class='ocr_line' id='line_1_61' title="bbox 2322 3242 4048 3347; baseline 0.001 -29"><span class='ocrx_word' id='word_1_438' title='bbox 2322 3264 2376 3303; x_wconf 73' lang='grc' dir='ltr'>εδ</span> <span class='ocrx_word' id='word_1_439' title='bbox 2404 3291 2447 3347; x_wconf 77' lang='lat' dir='ltr'><strong><em>C</em></strong></span> <span class='ocrx_word' id='word_1_440' title='bbox 2479 3242 2824 3337; x_wconf 82' lang='grc' dir='ltr'>περιέχοντες</span> <span class='ocrx_word' id='word_1_441' title='bbox 2853 3264 2947 3318; x_wconf 86' lang='grc' dir='ltr'><strong>τοῦ</strong></span> <span class='ocrx_word' id='word_1_442' title='bbox 3006 3242 3161 3333; x_wconf 83' lang='grc' dir='ltr'>ἀγίου</span> <span class='ocrx_word' id='word_1_443' title='bbox 3211 3242 3544 3335; x_wconf 84' lang='grc' dir='ltr'>Πνεύματος,</span> <span class='ocrx_word' id='word_1_444' title='bbox 3578 3242 3677 3335; x_wconf 82' lang='grc' dir='ltr'><strong>τὴν</strong></span> <span class='ocrx_word' id='word_1_445' title='bbox 3709 3242 4048 3336; x_wconf 75' lang='grc' dir='ltr'>ἁρμόζουσαν</span> 
     </span>
    </p>
   </div>
   <div class='ocr_carea' id='block_1_62' title="bbox 812 3337 2373 3415">
    <p class='ocr_par' dir='ltr' id='par_1_62' title="bbox 812 3337 2373 3415">
     <span class='ocr_line' id='line_1_62' title="bbox 812 3337 2373 3415; baseline -0.001 -19"><span class='ocrx_word' id='word_1_446' title='bbox 812 3339 1077 3415; x_wconf 76' lang='grc' dir='ltr'>ρι’πωίεεί</span> <span class='ocrx_word' id='word_1_447' title='bbox 1135 3346 1283 3396; x_wconf 88' lang='lat' dir='ltr'><strong>sunt.</strong></span> <span class='ocrx_word' id='word_1_448' title='bbox 1315 3337 1451 3394; x_wconf 78' lang='lat' dir='ltr'><strong>Nam</strong></span> <span class='ocrx_word' id='word_1_449' title='bbox 1491 3354 1612 3410; x_wconf 68' lang='lat' dir='ltr'><strong>quae</strong></span> <span class='ocrx_word' id='word_1_450' title='bbox 1655 3339 1723 3393; x_wconf 88' lang='lat' dir='ltr'><strong>ad</strong></span> <span class='ocrx_word' id='word_1_451' title='bbox 1768 3340 2218 3411; x_wconf 81' lang='lat' dir='ltr'><strong>supplicationem</strong></span> <span class='ocrx_word' id='word_1_452' title='bbox 2263 3339 2373 3395; x_wconf 92' lang='lat' dir='ltr'><strong>Deo</strong></span> 
     </span>
    </p>
   </div>
   <div class='ocr_carea' id='block_1_63' title="bbox 808 3430 2375 3504">
    <p class='ocr_par' dir='ltr' id='par_1_63' title="bbox 808 3430 2375 3504">
     <span class='ocr_line' id='line_1_63' title="bbox 808 3430 2375 3504; baseline -0.003 -13"><span class='ocrx_word' id='word_1_453' title='bbox 808 3433 1066 3500; x_wconf 82' lang='lat' dir='ltr'><strong>emissam</strong></span> <span class='ocrx_word' id='word_1_454' title='bbox 1090 3432 1342 3496; x_wconf 84' lang='lat' dir='ltr'><strong>attinent,</strong></span> <span class='ocrx_word' id='word_1_455' title='bbox 1376 3430 1443 3486; x_wconf 88' lang='lat' dir='ltr'><strong>ab</strong></span> <span class='ocrx_word' id='word_1_456' title='bbox 1473 3430 1577 3487; x_wconf 87' lang='lat' dir='ltr'><strong>hoc</strong></span> <span class='ocrx_word' id='word_1_457' title='bbox 1606 3431 1774 3497; x_wconf 90' lang='lat' dir='ltr'><strong>dicto,</strong></span> <span class='ocrx_word' id='word_1_458' title='bbox 1811 3432 2090 3496; x_wconf 79' lang='lat' dir='ltr'><strong>Exattare,</strong></span> <span class='ocrx_word' id='word_1_459' title='bbox 2120 3432 2212 3504; x_wconf 82' lang='lat' dir='ltr'><strong>qui</strong></span> <span class='ocrx_word' id='word_1_460' title='bbox 2221 3432 2375 3501; x_wconf 86' lang='lat' dir='ltr'><strong>judi-</strong></span> 
     </span>
    </p>
   </div>
   <div class='ocr_carea' id='block_1_64' title="bbox 804 3522 2369 3594">
    <p class='ocr_par' dir='ltr' id='par_1_64' title="bbox 804 3522 2369 3594">
     <span class='ocr_line' id='line_1_64' title="bbox 804 3522 2369 3594; baseline -0.004 -10"><span class='ocrx_word' id='word_1_461' title='bbox 804 3541 902 3584; x_wconf 69' lang='lat' dir='ltr'><strong>ea:</strong></span> <span class='ocrx_word' id='word_1_462' title='bbox 933 3535 1149 3589; x_wconf 83' lang='lat' dir='ltr'><strong>terram,</strong></span> <span class='ocrx_word' id='word_1_463' title='bbox 1183 3523 1468 3580; x_wconf 81' lang='lat' dir='ltr'><strong>exordium</strong></span> <span class='ocrx_word' id='word_1_464' title='bbox 1498 3523 1718 3579; x_wconf 79' lang='lat' dir='ltr'><strong>habent.</strong></span> <span class='ocrx_word' id='word_1_465' title='bbox 1752 3526 1843 3578; x_wconf 82' lang='lat' dir='ltr'><strong>Ait</strong></span> <span class='ocrx_word' id='word_1_466' title='bbox 1880 3540 2010 3594; x_wconf 87' lang='lat' dir='ltr'><strong>ergo</strong></span> <span class='ocrx_word' id='word_1_467' title='bbox 2044 3522 2327 3594; x_wconf 87' lang='lat' dir='ltr'><strong>Scriptura</strong></span> <span class='ocrx_word' id='word_1_468' title='bbox 2357 3543 2369 3577; x_wconf 88' lang='lat'><strong>:</strong></span> 
     </span>
    </p>
   </div>
   <div class='ocr_carea' id='block_1_65' title="bbox 809 3616 2376 3689">
    <p class='ocr_par' dir='ltr' id='par_1_65' title="bbox 809 3616 2376 3689">
     <span class='ocr_line' id='line_1_65' title="bbox 809 3616 2376 3689; baseline -0.006 -11"><span class='ocrx_word' id='word_1_469' title='bbox 809 3619 889 3689; x_wconf 78' lang='lat' dir='ltr'><strong>Ex</strong></span> <span class='ocrx_word' id='word_1_470' title='bbox 914 3634 1019 3689; x_wconf 67' lang='lat' dir='ltr'><strong>quo</strong></span> <span class='ocrx_word' id='word_1_471' title='bbox 1052 3618 1332 3675; x_wconf 78' lang='lat' dir='ltr'><strong>hominum</strong></span> <span class='ocrx_word' id='word_1_472' title='bbox 1366 3632 1539 3687; x_wconf 85' lang='lat' dir='ltr'><strong>genus</strong></span> <span class='ocrx_word' id='word_1_473' title='bbox 1587 3630 1711 3672; x_wconf 84' lang='lat' dir='ltr'><strong>esse</strong></span> <span class='ocrx_word' id='word_1_474' title='bbox 1737 3617 1920 3685; x_wconf 64' lang='lat' dir='ltr'><strong>erepit,</strong></span> <span class='ocrx_word' id='word_1_475' title='bbox 1950 3622 2265 3685; x_wconf 82' lang='lat' dir='ltr'><strong>peccatores</strong></span> <span class='ocrx_word' id='word_1_476' title='bbox 2286 3616 2376 3687; x_wconf 85' lang='lat' dir='ltr'><strong>ju-</strong></span> 
     </span>
    </p>
   </div>
   <div class='ocr_carea' id='block_1_66' title="bbox 810 3706 2374 3782">
    <p class='ocr_par' dir='ltr' id='par_1_66' title="bbox 810 3706 2374 3782">
     <span class='ocr_line' id='line_1_66' title="bbox 810 3706 2374 3782; baseline -0.004 -14"><span class='ocrx_word' id='word_1_477' title='bbox 810 3713 911 3768; x_wconf 84' lang='lat' dir='ltr'><strong>stis</strong></span> <span class='ocrx_word' id='word_1_478' title='bbox 938 3710 1235 3782; x_wconf 61' lang='lat' dir='ltr'><strong>praevalere</strong></span> <span class='ocrx_word' id='word_1_479' title='bbox 1262 3715 1568 3778; x_wconf 64' lang='lat' dir='ltr'><strong>ceperunt,</strong></span> <span class='ocrx_word' id='word_1_480' title='bbox 1602 3706 1807 3761; x_wconf 84' lang='lat' dir='ltr'><strong>utCain</strong></span> <span class='ocrx_word' id='word_1_481' title='bbox 1837 3707 2014 3770; x_wconf 83' lang='lat' dir='ltr'><strong>Aheli,</strong></span> <span class='ocrx_word' id='word_1_482' title='bbox 2047 3713 2101 3760; x_wconf 90' lang='lat' dir='ltr'><strong>et</strong></span> <span class='ocrx_word' id='word_1_483' title='bbox 2131 3713 2374 3777; x_wconf 85' lang='lat' dir='ltr'><strong>tempore</strong></span> 
     </span>
    </p>
   </div>
   <div class='ocr_carea' id='block_1_67' title="bbox 808 3794 2375 3873">
    <p class='ocr_par' dir='ltr' id='par_1_67' title="bbox 808 3794 2375 3873">
     <span class='ocr_line' id='line_1_67' title="bbox 808 3794 2375 3873; baseline -0.004 -16"><span class='ocrx_word' id='word_1_484' title='bbox 808 3794 999 3863; x_wconf 76' lang='lat' dir='ltr'><strong>diluvii</strong></span> <span class='ocrx_word' id='word_1_485' title='bbox 1031 3802 1277 3873; x_wconf 73' lang='lat' dir='ltr'><strong>gigantes</strong></span> <span class='ocrx_word' id='word_1_486' title='bbox 1298 3800 1426 3855; x_wconf 79' lang='lat' dir='ltr'><strong>aliis</strong></span> <span class='ocrx_word' id='word_1_487' title='bbox 1457 3814 1643 3854; x_wconf 80' lang='lat' dir='ltr'><strong>secum</strong></span> <span class='ocrx_word' id='word_1_488' title='bbox 1672 3799 2054 3860; x_wconf 84' lang='lat' dir='ltr'><strong>versantibus;</strong></span> <span class='ocrx_word' id='word_1_489' title='bbox 2084 3799 2190 3854; x_wconf 87' lang='lat' dir='ltr'><strong>imo</strong></span> <span class='ocrx_word' id='word_1_490' title='bbox 2211 3800 2375 3853; x_wconf 86' lang='lat' dir='ltr'><strong>etiam</strong></span> 
     </span>
    </p>
   </div>
   <div class='ocr_carea' id='block_1_68' title="bbox 810 3890 2378 3963">
    <p class='ocr_par' dir='ltr' id='par_1_68' title="bbox 810 3890 2378 3963">
     <span class='ocr_line' id='line_1_68' title="bbox 810 3890 2378 3963; baseline -0.004 -12"><span class='ocrx_word' id='word_1_491' title='bbox 810 3896 953 3953; x_wconf 86' lang='lat' dir='ltr'><strong>Esau</strong></span> <span class='ocrx_word' id='word_1_492' title='bbox 985 3894 1211 3957; x_wconf 58' lang='lat' dir='ltr'><strong>Jac-eho,</strong></span> <span class='ocrx_word' id='word_1_493' title='bbox 1241 3891 1479 3963; x_wconf 79' lang='lat' dir='ltr'><strong>Joseplto</strong></span> <span class='ocrx_word' id='word_1_494' title='bbox 1513 3890 1709 3946; x_wconf 77' lang='lat' dir='ltr'><strong>fratres</strong></span> <span class='ocrx_word' id='word_1_495' title='bbox 1735 3891 1876 3960; x_wconf 89' lang='lat' dir='ltr'><strong>ejus.</strong></span> <span class='ocrx_word' id='word_1_496' title='bbox 1904 3891 1981 3944; x_wconf 80' lang='lat' dir='ltr'><strong>Ac</strong></span> <span class='ocrx_word' id='word_1_497' title='bbox 2013 3891 2059 3946; x_wconf 91' lang='lat' dir='ltr'><strong>si</strong></span> <span class='ocrx_word' id='word_1_498' title='bbox 2093 3892 2167 3946; x_wconf 87' lang='lat' dir='ltr'><strong>ita</strong></span> <span class='ocrx_word' id='word_1_499' title='bbox 2190 3890 2378 3945; x_wconf 85' lang='lat' dir='ltr'><strong>subse-</strong></span> 
     </span>
    </p>
   </div>
   <div class='ocr_carea' id='block_1_69' title="bbox 807 3979 2376 4057">
    <p class='ocr_par' dir='ltr' id='par_1_69' title="bbox 807 3979 2376 4057">
     <span class='ocr_line' id='line_1_69' title="bbox 807 3979 2376 4057; baseline -0.006 -18"><span class='ocrx_word' id='word_1_500' title='bbox 807 3985 1033 4057; x_wconf 81' lang='lat' dir='ltr'><strong>quentia</strong></span> <span class='ocrx_word' id='word_1_501' title='bbox 1073 3992 1314 4052; x_wconf 86' lang='lat' dir='ltr'><strong>tempora</strong></span> <span class='ocrx_word' id='word_1_502' title='bbox 1338 3996 1656 4057; x_wconf 74' lang='lat' dir='ltr'><strong>percurras,</strong></span> <span class='ocrx_word' id='word_1_503' title='bbox 1702 3980 1758 4035; x_wconf 89' lang='lat' dir='ltr'><strong>in</strong></span> <span class='ocrx_word' id='word_1_504' title='bbox 1794 3981 2024 4052; x_wconf 81' lang='lat' dir='ltr'><strong>singulis</strong></span> <span class='ocrx_word' id='word_1_505' title='bbox 2064 3979 2376 4050; x_wconf 83' lang='lat' dir='ltr'><strong>generatio-</strong></span> 
     </span>
    </p>
   </div>
   <div class='ocr_carea' id='block_1_70' title="bbox 810 4054 2378 4147">
    <p class='ocr_par' dir='ltr' id='par_1_70' title="bbox 810 4054 2378 4147">
     <span class='ocr_line' id='line_1_70' title="bbox 810 4054 2378 4147; baseline -0.008 -12"><span class='ocrx_word' id='word_1_506' title='bbox 810 4054 975 4139; x_wconf 77' lang='lat' dir='ltr'><strong>nibus</strong></span> <span class='ocrx_word' id='word_1_507' title='bbox 1008 4084 1321 4147; x_wconf 84' lang='lat' dir='ltr'><strong>peccatores</strong></span> <span class='ocrx_word' id='word_1_508' title='bbox 1346 4054 1536 4131; x_wconf 72' lang='lat' dir='ltr'><strong>contra</strong></span> <span class='ocrx_word' id='word_1_509' title='bbox 1562 4074 1742 4146; x_wconf 89' lang='lat' dir='ltr'><strong>justos</strong></span> <span class='ocrx_word' id='word_1_510' title='bbox 1778 4074 2059 4143; x_wconf 86' lang='lat' dir='ltr'><strong>insurgere</strong></span> <span class='ocrx_word' id='word_1_511' title='bbox 2080 4071 2378 4142; x_wconf 75' lang='lat' dir='ltr'><strong>deprehen-</strong></span> 
     </span>
    </p>
   </div>
   <div class='ocr_carea' id='block_1_71' title="bbox 809 4163 2375 4238">
    <p class='ocr_par' dir='ltr' id='par_1_71' title="bbox 809 4163 2375 4238">
     <span class='ocr_line' id='line_1_71' title="bbox 809 4163 2375 4238; baseline -0.008 -10"><span class='ocrx_word' id='word_1_512' title='bbox 809 4171 931 4228; x_wconf 90' lang='lat' dir='ltr'><strong>des.</strong></span> <span class='ocrx_word' id='word_1_513' title='bbox 968 4168 1293 4238; x_wconf 83' lang='lat' dir='ltr'><strong>Usquequo,</strong></span> <span class='ocrx_word' id='word_1_514' title='bbox 1326 4166 1571 4231; x_wconf 90' lang='lat' dir='ltr'><strong>Domine,</strong></span> <span class='ocrx_word' id='word_1_515' title='bbox 1606 4166 1720 4221; x_wconf 72' lang='lat' dir='ltr'><strong>hzec</strong></span> <span class='ocrx_word' id='word_1_516' title='bbox 1763 4165 1966 4220; x_wconf 88' lang='lat' dir='ltr'><strong>erunt?</strong></span> <span class='ocrx_word' id='word_1_517' title='bbox 1992 4163 2286 4235; x_wconf 87' lang='lat' dir='ltr'><strong>Usquequo</strong></span> <span class='ocrx_word' id='word_1_518' title='bbox 2321 4164 2375 4216; x_wconf 92' lang='lat' dir='ltr'><strong>in</strong></span> 
     </span>
    </p>
   </div>
   <div class='ocr_carea' id='block_1_72' title="bbox 808 4257 2377 4332">
    <p class='ocr_par' dir='ltr' id='par_1_72' title="bbox 808 4257 2377 4332">
     <span class='ocr_line' id='line_1_72' title="bbox 808 4257 2377 4332; baseline -0.006 -12"><span class='ocrx_word' id='word_1_519' title='bbox 808 4267 1017 4321; x_wconf 82' lang='lat' dir='ltr'><strong>tantam</strong></span> <span class='ocrx_word' id='word_1_520' title='bbox 1062 4262 1372 4332; x_wconf 87' lang='lat' dir='ltr'><strong>superbiam</strong></span> <span class='ocrx_word' id='word_1_521' title='bbox 1428 4268 1738 4329; x_wconf 85' lang='lat' dir='ltr'><strong>peccatores</strong></span> <span class='ocrx_word' id='word_1_522' title='bbox 1783 4260 2077 4330; x_wconf 86' lang='lat' dir='ltr'><strong>erigentur,</strong></span> <span class='ocrx_word' id='word_1_523' title='bbox 2105 4267 2163 4312; x_wconf 94' lang='lat' dir='ltr'><strong>ut</strong></span> <span class='ocrx_word' id='word_1_524' title='bbox 2191 4259 2247 4312; x_wconf 90' lang='lat' dir='ltr'><strong>in</strong></span> <span class='ocrx_word' id='word_1_525' title='bbox 2277 4257 2377 4311; x_wconf 82' lang='lat' dir='ltr'><strong>im-</strong></span> 
     </span>
    </p>
   </div>
   <div class='ocr_carea' id='block_1_73' title="bbox 812 4354 2373 4431">
    <p class='ocr_par' dir='ltr' id='par_1_73' title="bbox 812 4354 2373 4431">
     <span class='ocr_line' id='line_1_73' title="bbox 812 4354 2373 4431; baseline -0.008 -16"><span class='ocrx_word' id='word_1_526' title='bbox 812 4358 1111 4431; x_wconf 88' lang='lat' dir='ltr'><strong>pietatibus</strong></span> <span class='ocrx_word' id='word_1_527' title='bbox 1138 4356 1253 4411; x_wconf 88' lang='lat' dir='ltr'><strong>suis</strong></span> <span class='ocrx_word' id='word_1_528' title='bbox 1278 4354 1615 4427; x_wconf 87' lang='lat' dir='ltr'><strong>glorientur;</strong></span> <span class='ocrx_word' id='word_1_529' title='bbox 1640 4366 1815 4421; x_wconf 85' lang='lat' dir='ltr'><strong>neque</strong></span> <span class='ocrx_word' id='word_1_530' title='bbox 1845 4359 1994 4421; x_wconf 66' lang='lat' dir='ltr'><strong>gc.-.ta</strong></span> <span class='ocrx_word' id='word_1_531' title='bbox 2012 4366 2111 4406; x_wconf 89' lang='lat' dir='ltr'><strong>sua</strong></span> <span class='ocrx_word' id='word_1_532' title='bbox 2134 4358 2373 4415; x_wconf 86' lang='lat' dir='ltr'><strong>taceant,</strong></span> 
     </span>
    </p>
   </div>
   <div class='ocr_carea' id='block_1_74' title="bbox 810 4446 2385 4527">
    <p class='ocr_par' dir='ltr' id='par_1_74' title="bbox 810 4446 2385 4527">
     <span class='ocr_line' id='line_1_74' title="bbox 810 4446 2385 4527; baseline -0.009 -16"><span class='ocrx_word' id='word_1_533' title='bbox 810 4470 991 4527; x_wconf 86' lang='lat' dir='ltr'><strong>neque</strong></span> <span class='ocrx_word' id='word_1_534' title='bbox 1037 4453 1297 4509; x_wconf 87' lang='lat' dir='ltr'><strong>malitiam</strong></span> <span class='ocrx_word' id='word_1_535' title='bbox 1332 4450 1609 4505; x_wconf 88' lang='lat' dir='ltr'><strong>occultent</strong></span> <span class='ocrx_word' id='word_1_536' title='bbox 1648 4463 1838 4514; x_wconf 87' lang='lat' dir='ltr'><strong>suam;</strong></span> <span class='ocrx_word' id='word_1_537' title='bbox 1868 4447 1962 4502; x_wconf 89' lang='lat' dir='ltr'><strong>sed</strong></span> <span class='ocrx_word' id='word_1_538' title='bbox 1997 4447 2290 4517; x_wconf 82' lang='lat' dir='ltr'><strong>loquantur</strong></span> <span class='ocrx_word' id='word_1_539' title='bbox 2322 4446 2385 4515; x_wconf 77' lang='lat' dir='ltr'><strong>in</strong></span> 
     </span>
    </p>
   </div>
   <div class='ocr_carea' id='block_1_75' title="bbox 811 4535 2377 4617">
    <p class='ocr_par' dir='ltr' id='par_1_75' title="bbox 811 4535 2377 4617">
     <span class='ocr_line' id='line_1_75' title="bbox 811 4535 2377 4617; baseline -0.01 -13"><span class='ocrx_word' id='word_1_540' title='bbox 811 4547 1166 4617; x_wconf 89' lang='lat' dir='ltr'><strong>omniumque</strong></span> <span class='ocrx_word' id='word_1_541' title='bbox 1213 4544 1439 4601; x_wconf 86' lang='lat' dir='ltr'><strong>auribus</strong></span> <span class='ocrx_word' id='word_1_542' title='bbox 1477 4541 1777 4613; x_wconf 77' lang='lat' dir='ltr'><strong>injuStitias</strong></span> <span class='ocrx_word' id='word_1_543' title='bbox 1798 4539 2025 4594; x_wconf 72' lang='lat' dir='ltr'><strong>efferant</strong></span> <span class='ocrx_word' id='word_1_544' title='bbox 2057 4553 2188 4593; x_wconf 87' lang='lat' dir='ltr'><strong>suas</strong></span> <span class='ocrx_word' id='word_1_545' title='bbox 2216 4538 2241 4590; x_wconf 64' lang='grc' dir='ltr'>ἵ</span> <span class='ocrx_word' id='word_1_546' title='bbox 2269 4535 2377 4597; x_wconf 85' lang='lat' dir='ltr'><strong>Us-</strong></span> 
     </span>
    </p>
   </div>
   <div class='ocr_carea' id='block_1_76' title="bbox 2477 3356 4050 3431">
    <p class='ocr_par' dir='ltr' id='par_1_76' title="bbox 2477 3356 4050 3431">
     <span class='ocr_line' id='line_1_76' title="bbox 2477 3356 4050 3431; baseline 0.002 -21"><span class='ocrx_word' id='word_1_547' title='bbox 2477 3361 2543 3430; x_wconf 77' lang='grc' dir='ltr'>τῇ</span> <span class='ocrx_word' id='word_1_548' title='bbox 2581 3358 2971 3429; x_wconf 80' lang='grc' dir='ltr'>προσευχῇ.Τά</span> <span class='ocrx_word' id='word_1_549' title='bbox 2987 3374 3047 3410; x_wconf 86' lang='grc' dir='ltr'><strong>τε</strong></span> <span class='ocrx_word' id='word_1_550' title='bbox 3084 3356 3189 3429; x_wconf 76' lang='grc' dir='ltr'>μὴν</span> <span class='ocrx_word' id='word_1_551' title='bbox 3214 3359 3314 3428; x_wconf 79' lang='grc' dir='ltr'>τῆς</span> <span class='ocrx_word' id='word_1_552' title='bbox 3351 3358 3627 3430; x_wconf 78' lang='grc' dir='ltr'>ἱκετηρίας</span> <span class='ocrx_word' id='word_1_553' title='bbox 3656 3358 3755 3431; x_wconf 85' lang='grc' dir='ltr'>τῆς</span> <span class='ocrx_word' id='word_1_554' title='bbox 3794 3359 3927 3430; x_wconf 76' lang='grc' dir='ltr'>πρὸς</span> <span class='ocrx_word' id='word_1_555' title='bbox 3959 3359 4050 3413; x_wconf 87' lang='grc' dir='ltr'><strong>τὸν</strong></span> 
     </span>
    </p>
   </div>
   <div class='ocr_carea' id='block_1_77' title="bbox 2479 3441 4049 3526">
    <p class='ocr_par' dir='ltr' id='par_1_77' title="bbox 2479 3441 4049 3526">
     <span class='ocr_line' id='line_1_77' title="bbox 2479 3441 4049 3526; baseline 0.002 -24"><span class='ocrx_word' id='word_1_556' title='bbox 2479 3449 2609 3503; x_wconf 86' lang='grc' dir='ltr'>Θεὸν</span> <span class='ocrx_word' id='word_1_557' title='bbox 2640 3449 2747 3503; x_wconf 82' lang='grc' dir='ltr'><strong>ἀπὸ</strong></span> <span class='ocrx_word' id='word_1_558' title='bbox 2774 3441 2911 3513; x_wconf 44' lang='grc' dir='ltr'>τοῦ,</span> <span class='ocrx_word' id='word_1_559' title='bbox 2936 3449 3218 3526; x_wconf 69' lang='grc' dir='ltr'><strong>’Υψώθῃτι</strong></span> <span class='ocrx_word' id='word_1_560' title='bbox 3251 3454 3284 3503; x_wconf 84' lang='grc' dir='ltr'><strong>ό</strong></span> <span class='ocrx_word' id='word_1_561' title='bbox 3323 3450 3543 3519; x_wconf 74' lang='grc' dir='ltr'>κρίνων</span> <span class='ocrx_word' id='word_1_562' title='bbox 3580 3448 3697 3519; x_wconf 73' lang='grc' dir='ltr'><strong>τὴν</strong></span> <span class='ocrx_word' id='word_1_563' title='bbox 3722 3448 3859 3520; x_wconf 74' lang='grc' dir='ltr'>γῆν,</span> <span class='ocrx_word' id='word_1_564' title='bbox 3888 3452 4049 3523; x_wconf 80' lang='grc' dir='ltr'>ἀρχε-</span> 
     </span>
    </p>
   </div>
   <div class='ocr_carea' id='block_1_78' title="bbox 2478 3536 4049 3615">
    <p class='ocr_par' dir='ltr' id='par_1_78' title="bbox 2478 3536 4049 3615">
     <span class='ocr_line' id='line_1_78' title="bbox 2478 3536 4049 3615; baseline 0.001 -21"><span class='ocrx_word' id='word_1_565' title='bbox 2478 3558 2586 3595; x_wconf 82' lang='grc' dir='ltr'>ται.</span> <span class='ocrx_word' id='word_1_566' title='bbox 2609 3541 2752 3611; x_wconf 77' lang='grc' dir='ltr'>,Φησὶ</span> <span class='ocrx_word' id='word_1_567' title='bbox 2776 3541 2955 3595; x_wconf 82' lang='grc' dir='ltr'>τοίνυν</span> <span class='ocrx_word' id='word_1_568' title='bbox 2985 3543 3014 3595; x_wconf 91' lang='lat'><strong>6</strong></span> <span class='ocrx_word' id='word_1_569' title='bbox 3046 3541 3253 3610; x_wconf 52' lang='grc' dir='ltr'>Λόγος</span> <span class='ocrx_word' id='word_1_570' title='bbox 3304 3542 3419 3611; x_wconf 74' lang='grc' dir='ltr'><strong>Ἀφ’</strong></span> <span class='ocrx_word' id='word_1_571' title='bbox 3446 3536 3616 3614; x_wconf 75' lang='grc' dir='ltr'>οὗπερ</span> <span class='ocrx_word' id='word_1_572' title='bbox 3660 3545 3685 3597; x_wconf 86' lang='lat'><strong>6</strong></span> <span class='ocrx_word' id='word_1_573' title='bbox 3705 3542 3818 3597; x_wconf 81' lang='grc' dir='ltr'>τῶν</span> <span class='ocrx_word' id='word_1_574' title='bbox 3844 3542 4049 3615; x_wconf 81' lang='grc' dir='ltr'>ἀνθρώ-</span> 
     </span>
    </p>
   </div>
   <div class='ocr_carea' id='block_1_79' title="bbox 2480 3629 4048 3705">
    <p class='ocr_par' dir='ltr' id='par_1_79' title="bbox 2480 3629 4048 3705">
     <span class='ocr_line' id='line_1_79' title="bbox 2480 3629 4048 3705; baseline 0.003 -24"><span class='ocrx_word' id='word_1_575' title='bbox 2480 3644 2597 3682; x_wconf 87' lang='grc' dir='ltr'><strong>πων</strong></span> <span class='ocrx_word' id='word_1_576' title='bbox 2626 3629 2828 3705; x_wconf 76' lang='grc' dir='ltr'>ἠρξατο</span> <span class='ocrx_word' id='word_1_577' title='bbox 2876 3631 3192 3684; x_wconf 87' lang='grc' dir='ltr'>συνεστάναι</span> <span class='ocrx_word' id='word_1_578' title='bbox 3240 3629 3373 3701; x_wconf 86' lang='grc' dir='ltr'>βίος,</span> <span class='ocrx_word' id='word_1_579' title='bbox 3417 3632 3527 3685; x_wconf 84' lang='grc' dir='ltr'><strong>ἀπὸ</strong></span> <span class='ocrx_word' id='word_1_580' title='bbox 3568 3630 4048 3705; x_wconf 71' lang='grc' dir='ltr'>τότε⁶ἀμαρτωλοὶ</span> 
     </span>
    </p>
   </div>
   <div class='ocr_carea' id='block_1_80' title="bbox 2480 3712 4044 3795">
    <p class='ocr_par' dir='ltr' id='par_1_80' title="bbox 2480 3712 4044 3795">
     <span class='ocr_line' id='line_1_80' title="bbox 2480 3712 4044 3795; baseline 0.002 -22"><span class='ocrx_word' id='word_1_581' title='bbox 2480 3722 2788 3792; x_wconf 85' lang='grc' dir='ltr'>κατισχύειν</span> <span class='ocrx_word' id='word_1_582' title='bbox 2813 3720 2923 3775; x_wconf 86' lang='grc' dir='ltr'>τῶν</span> <span class='ocrx_word' id='word_1_583' title='bbox 2946 3722 3165 3775; x_wconf 87' lang='grc' dir='ltr'>δικαίων</span> <span class='ocrx_word' id='word_1_584' title='bbox 3190 3723 3450 3795; x_wconf 68' lang='grc' dir='ltr'>ἧρξαντο·</span> <span class='ocrx_word' id='word_1_585' title='bbox 3476 3724 3551 3788; x_wconf 85' lang='grc' dir='ltr'>ὡς</span> <span class='ocrx_word' id='word_1_586' title='bbox 3572 3725 3710 3779; x_wconf 77' lang='grc' dir='ltr'>Κάῖν</span> <span class='ocrx_word' id='word_1_587' title='bbox 3736 3725 3830 3779; x_wconf 83' lang='grc' dir='ltr'><strong>τοῦ</strong></span> <span class='ocrx_word' id='word_1_588' title='bbox 3862 3712 4044 3788; x_wconf 69' lang='grc' dir='ltr'><strong>⁸Ἅϐελ,</strong></span> 
     </span>
    </p>
   </div>
   <div class='ocr_carea' id='block_1_81' title="bbox 2480 3801 4043 3884">
    <p class='ocr_par' dir='ltr' id='par_1_81' title="bbox 2480 3801 4043 3884">
     <span class='ocr_line' id='line_1_81' title="bbox 2480 3801 4043 3884; baseline 0.004 -20"><span class='ocrx_word' id='word_1_589' title='bbox 2480 3801 2649 3866; x_wconf 79' lang='grc' dir='ltr'>καὶόί</span> <span class='ocrx_word' id='word_1_590' title='bbox 2672 3814 2763 3867; x_wconf 71' lang='grc' dir='ltr'><strong>ἐπὶ</strong></span> <span class='ocrx_word' id='word_1_591' title='bbox 2780 3813 2874 3865; x_wconf 87' lang='grc' dir='ltr'><strong>τοῦ</strong></span> <span class='ocrx_word' id='word_1_592' title='bbox 2908 3814 3291 3884; x_wconf 79' lang='grc' dir='ltr'>κατακλυσμοῦ</span> <span class='ocrx_word' id='word_1_593' title='bbox 3324 3814 3577 3884; x_wconf 64' lang='grc' dir='ltr'>γίγαντες</span> <span class='ocrx_word' id='word_1_594' title='bbox 3609 3816 3718 3871; x_wconf 84' lang='grc' dir='ltr'>τῶν</span> <span class='ocrx_word' id='word_1_595' title='bbox 3738 3819 3798 3871; x_wconf 82' lang='grc' dir='ltr'>ὲν</span> <span class='ocrx_word' id='word_1_596' title='bbox 3827 3818 4009 3880; x_wconf 82' lang='grc' dir='ltr'>αὐτοῖς</span> <span class='ocrx_word' id='word_1_597' title='bbox 4028 3835 4043 3847; x_wconf 86' lang='grc'><strong>·</strong></span> 
     </span>
    </p>
   </div>
   <div class='ocr_carea' id='block_1_82' title="bbox 2482 3905 4048 3983">
    <p class='ocr_par' dir='ltr' id='par_1_82' title="bbox 2482 3905 4048 3983">
     <span class='ocr_line' id='line_1_82' title="bbox 2482 3905 4048 3983; baseline 0.002 -23"><span class='ocrx_word' id='word_1_598' title='bbox 2482 3905 2616 3960; x_wconf 83' lang='grc' dir='ltr'>ἀλλὰ</span> <span class='ocrx_word' id='word_1_599' title='bbox 2642 3907 2736 3960; x_wconf 69' lang='grc' dir='ltr'>καὶ</span> <span class='ocrx_word' id='word_1_600' title='bbox 2776 3905 2946 3959; x_wconf 86' lang='grc' dir='ltr'>Ἠσαῦ</span> <span class='ocrx_word' id='word_1_601' title='bbox 2978 3906 3073 3960; x_wconf 83' lang='grc' dir='ltr'><strong>τοῦ</strong></span> <span class='ocrx_word' id='word_1_602' title='bbox 3116 3905 3331 3969; x_wconf 78' lang='grc' dir='ltr'>Ἰακὼϐ,</span> <span class='ocrx_word' id='word_1_603' title='bbox 3366 3908 3567 3961; x_wconf 76' lang='grc' dir='ltr'>καὶτοῦ</span> <span class='ocrx_word' id='word_1_604' title='bbox 3601 3909 3799 3983; x_wconf 77' lang='grc' dir='ltr'>Ἰωσὴφ</span> <span class='ocrx_word' id='word_1_605' title='bbox 3822 3912 3871 3963; x_wconf 79' lang='lat' dir='ltr'><strong>oi</strong></span> <span class='ocrx_word' id='word_1_606' title='bbox 3904 3911 4048 3965; x_wconf 78' lang='grc' dir='ltr'>ἀδελ-</span> 
     </span>
    </p>
   </div>
   <div class='ocr_carea' id='block_1_83' title="bbox 2477 3996 4046 4073">
    <p class='ocr_par' dir='ltr' id='par_1_83' title="bbox 2477 3996 4046 4073">
     <span class='ocr_line' id='line_1_83' title="bbox 2477 3996 4046 4073; baseline 0 -19"><span class='ocrx_word' id='word_1_607' title='bbox 2477 4001 2573 4070; x_wconf 74' lang='grc' dir='ltr'><strong>φοί</strong></span> <span class='ocrx_word' id='word_1_608' title='bbox 2593 4018 2606 4030; x_wconf 73' lang='grc' dir='ltr'><strong>ο</strong></span> <span class='ocrx_word' id='word_1_609' title='bbox 2643 4002 2737 4054; x_wconf 77' lang='grc' dir='ltr'>καὶ</span> <span class='ocrx_word' id='word_1_610' title='bbox 2776 3999 2917 4053; x_wconf 78' lang='grc' dir='ltr'>οὕτω</span> <span class='ocrx_word' id='word_1_611' title='bbox 2963 3998 3170 4071; x_wconf 81' lang='grc' dir='ltr'>προῖὼν</span> <span class='ocrx_word' id='word_1_612' title='bbox 3193 4000 3305 4062; x_wconf 83' lang='grc' dir='ltr'>τοῖς</span> <span class='ocrx_word' id='word_1_613' title='bbox 3336 3999 3567 4070; x_wconf 80' lang='grc' dir='ltr'>χρόνοις,</span> <span class='ocrx_word' id='word_1_614' title='bbox 3598 3996 3779 4073; x_wconf 77' lang='grc' dir='ltr'>εὕροις</span> <span class='ocrx_word' id='word_1_615' title='bbox 3810 4000 3877 4054; x_wconf 74' lang='grc' dir='ltr'>ἂν</span> <span class='ocrx_word' id='word_1_616' title='bbox 3925 4002 4046 4056; x_wconf 72' lang='grc' dir='ltr'>καθ’</span> 
     </span>
    </p>
   </div>
   <div class='ocr_carea' id='block_1_84' title="bbox 2474 4082 4050 4162">
    <p class='ocr_par' dir='ltr' id='par_1_84' title="bbox 2474 4082 4050 4162">
     <span class='ocr_line' id='line_1_84' title="bbox 2474 4082 4050 4162; baseline 0.001 -18"><span class='ocrx_word' id='word_1_617' title='bbox 2474 4082 2716 4162; x_wconf 78' lang='grc' dir='ltr'>,ἑκάστην</span> <span class='ocrx_word' id='word_1_618' title='bbox 2778 4089 2967 4159; x_wconf 85' lang='grc' dir='ltr'>γενεάν</span> <span class='ocrx_word' id='word_1_619' title='bbox 3014 4090 3137 4152; x_wconf 77' lang='grc' dir='ltr'>τοὺς</span> <span class='ocrx_word' id='word_1_620' title='bbox 3181 4089 3535 4161; x_wconf 82' lang='grc' dir='ltr'>ἁμαρτωλοὺς</span> <span class='ocrx_word' id='word_1_621' title='bbox 3588 4088 4050 4161; x_wconf 70' lang='grc' dir='ltr'>ἐπανισταμένους</span> 
     </span>
    </p>
   </div>
   <div class='ocr_carea' id='block_1_85' title="bbox 2480 4175 4045 4253">
    <p class='ocr_par' dir='ltr' id='par_1_85' title="bbox 2480 4175 4045 4253">
     <span class='ocr_line' id='line_1_85' title="bbox 2480 4175 4045 4253; baseline 0 -16"><span class='ocrx_word' id='word_1_622' title='bbox 2480 4186 2591 4247; x_wconf 87' lang='grc' dir='ltr'>τοῖς</span> <span class='ocrx_word' id='word_1_623' title='bbox 2616 4182 2862 4245; x_wconf 78' lang='grc' dir='ltr'>δικαίοις.</span> <span class='ocrx_word' id='word_1_624' title='bbox 2894 4182 3035 4245; x_wconf 86' lang='grc' dir='ltr'>Ἕως</span> <span class='ocrx_word' id='word_1_625' title='bbox 3066 4176 3158 4235; x_wconf 77' lang='grc' dir='ltr'><strong>οὖν</strong></span> <span class='ocrx_word' id='word_1_626' title='bbox 3190 4181 3339 4244; x_wconf 84' lang='grc' dir='ltr'>πότε,</span> <span class='ocrx_word' id='word_1_627' title='bbox 3370 4175 3414 4235; x_wconf 81' lang='grc' dir='ltr'><strong>ὦ</strong></span> <span class='ocrx_word' id='word_1_628' title='bbox 3451 4179 3640 4253; x_wconf 83' lang='grc' dir='ltr'>Κύριε,</span> <span class='ocrx_word' id='word_1_629' title='bbox 3672 4181 3828 4236; x_wconf 84' lang='grc' dir='ltr'>τοῦτο</span> <span class='ocrx_word' id='word_1_630' title='bbox 3863 4183 4045 4249; x_wconf 59' lang='lat' dir='ltr'><strong>ierat;</strong></span> 
     </span>
    </p>
   </div>
   <div class='ocr_carea' id='block_1_86' title="bbox 2484 4274 4051 4349">
    <p class='ocr_par' dir='ltr' id='par_1_86' title="bbox 2484 4274 4051 4349">
     <span class='ocr_line' id='line_1_86' title="bbox 2484 4274 4051 4349; baseline 0 -18"><span class='ocrx_word' id='word_1_631' title='bbox 2484 4278 2626 4340; x_wconf 86' lang='grc' dir='ltr'>Ἕως</span> <span class='ocrx_word' id='word_1_632' title='bbox 2658 4277 2787 4329; x_wconf 85' lang='grc' dir='ltr'>πότε</span> <span class='ocrx_word' id='word_1_633' title='bbox 2812 4277 2892 4340; x_wconf 89' lang='grc' dir='ltr'>εἰς</span> <span class='ocrx_word' id='word_1_634' title='bbox 2914 4275 3166 4329; x_wconf 86' lang='grc' dir='ltr'>τοσοῦτον</span> <span class='ocrx_word' id='word_1_635' title='bbox 3189 4274 3474 4346; x_wconf 79' lang='grc' dir='ltr'>ἐπιτριϐῆς</span> <span class='ocrx_word' id='word_1_636' title='bbox 3499 4275 3776 4329; x_wconf 82' lang='grc' dir='ltr'>ὲλάσουσιν</span> <span class='ocrx_word' id='word_1_637' title='bbox 3795 4279 3841 4329; x_wconf 81' lang='grc' dir='ltr'>οἱ</span> <span class='ocrx_word' id='word_1_638' title='bbox 3872 4276 4051 4349; x_wconf 82' lang='grc' dir='ltr'>ἀμαρ-</span> 
     </span>
    </p>
   </div>
   <div class='ocr_carea' id='block_1_87' title="bbox 2479 4366 4047 4438">
    <p class='ocr_par' dir='ltr' id='par_1_87' title="bbox 2479 4366 4047 4438">
     <span class='ocr_line' id='line_1_87' title="bbox 2479 4366 4047 4438; baseline -0.001 -16"><span class='ocrx_word' id='word_1_639' title='bbox 2479 4369 2661 4433; x_wconf 77' lang='grc' dir='ltr'>τωλοὶ,</span> <span class='ocrx_word' id='word_1_640' title='bbox 2696 4369 2771 4433; x_wconf 84' lang='grc' dir='ltr'>ὼς</span> <span class='ocrx_word' id='word_1_641' title='bbox 2804 4370 2897 4421; x_wconf 76' lang='grc' dir='ltr'><strong>καὶ</strong></span> <span class='ocrx_word' id='word_1_642' title='bbox 2946 4366 3320 4438; x_wconf 82' lang='grc' dir='ltr'>ὲγκαυχᾶσθαι</span> <span class='ocrx_word' id='word_1_643' title='bbox 3364 4371 3483 4431; x_wconf 84' lang='grc' dir='ltr'>ταῖς</span> <span class='ocrx_word' id='word_1_644' title='bbox 3528 4368 3801 4433; x_wconf 84' lang='grc' dir='ltr'>ἀσεϐείαις</span> <span class='ocrx_word' id='word_1_645' title='bbox 3829 4370 4047 4431; x_wconf 71' lang='grc' dir='ltr'>αὐτῶν,</span> 
     </span>
    </p>
   </div>
   <div class='ocr_carea' id='block_1_88' title="bbox 2482 4452 4047 4532">
    <p class='ocr_par' dir='ltr' id='par_1_88' title="bbox 2482 4452 4047 4532">
     <span class='ocr_line' id='line_1_88' title="bbox 2482 4452 4047 4532; baseline 0.001 -19"><span class='ocrx_word' id='word_1_646' title='bbox 2482 4458 2575 4513; x_wconf 73' lang='grc' dir='ltr'><strong>καὶ</strong></span> <span class='ocrx_word' id='word_1_647' title='bbox 2606 4456 2738 4528; x_wconf 81' lang='grc' dir='ltr'>μηδὲ</span> <span class='ocrx_word' id='word_1_648' title='bbox 2773 4458 2983 4528; x_wconf 82' lang='grc' dir='ltr'>σιωπᾷν</span> <span class='ocrx_word' id='word_1_649' title='bbox 3016 4458 3103 4526; x_wconf 75' lang='grc' dir='ltr'><strong>ἐφ’</strong></span> <span class='ocrx_word' id='word_1_650' title='bbox 3132 4452 3212 4521; x_wconf 76' lang='grc' dir='ltr'>οἷς</span> <span class='ocrx_word' id='word_1_651' title='bbox 3264 4459 3580 4530; x_wconf 84' lang='grc' dir='ltr'>πράττουσι,</span> <span class='ocrx_word' id='word_1_652' title='bbox 3627 4460 3761 4531; x_wconf 82' lang='grc' dir='ltr'>μηδὲ</span> <span class='ocrx_word' id='word_1_653' title='bbox 3804 4460 4047 4532; x_wconf 79' lang='grc' dir='ltr'>ἀποκρύ-</span> 
     </span>
    </p>
   </div>
   <div class='ocr_carea' id='block_1_89' title="bbox 2484 4546 4049 4619">
    <p class='ocr_par' dir='ltr' id='par_1_89' title="bbox 2484 4546 4049 4619">
     <span class='ocr_line' id='line_1_89' title="bbox 2484 4546 4049 4619; baseline 0.001 -18"><span class='ocrx_word' id='word_1_654' title='bbox 2484 4564 2636 4602; x_wconf 87' lang='grc' dir='ltr'>πτειν</span> <span class='ocrx_word' id='word_1_655' title='bbox 2679 4546 2775 4619; x_wconf 80' lang='grc' dir='ltr'>τὴν</span> <span class='ocrx_word' id='word_1_656' title='bbox 2807 4547 2984 4601; x_wconf 82' lang='grc' dir='ltr'>αὐτῶν</span> <span class='ocrx_word' id='word_1_657' title='bbox 3022 4550 3240 4613; x_wconf 86' lang='grc' dir='ltr'>κακίαν,</span> <span class='ocrx_word' id='word_1_658' title='bbox 3285 4549 3421 4603; x_wconf 88' lang='grc' dir='ltr'><strong>ἀλλά</strong></span> <span class='ocrx_word' id='word_1_659' title='bbox 3460 4550 3555 4603; x_wconf 74' lang='grc' dir='ltr'>καὶ</span> <span class='ocrx_word' id='word_1_660' title='bbox 3596 4548 3923 4619; x_wconf 75' lang='grc' dir='ltr'>φθέγξασθαι</span> <span class='ocrx_word' id='word_1_661' title='bbox 3957 4552 4049 4605; x_wconf 77' lang='grc' dir='ltr'>καὶ</span> 
     </span>
    </p>
   </div>
   <div class='ocr_carea' id='block_1_90' title="bbox 810 4630 2536 4715">
    <p class='ocr_par' dir='ltr' id='par_1_90' title="bbox 810 4630 2536 4715">
     <span class='ocr_line' id='line_1_90' title="bbox 810 4630 2536 4715; baseline -0.009 -20"><span class='ocrx_word' id='word_1_662' title='bbox 810 4654 1033 4715; x_wconf 89' lang='lat' dir='ltr'><strong>quequo</strong></span> <span class='ocrx_word' id='word_1_663' title='bbox 1060 4639 1223 4710; x_wconf 86' lang='lat' dir='ltr'><strong>igitur</strong></span> <span class='ocrx_word' id='word_1_664' title='bbox 1240 4652 1334 4693; x_wconf 86' lang='lat' dir='ltr'><strong>eos</strong></span> <span class='ocrx_word' id='word_1_665' title='bbox 1364 4636 1492 4691; x_wconf 87' lang='lat' dir='ltr'><strong>talia</strong></span> <span class='ocrx_word' id='word_1_666' title='bbox 1516 4634 1778 4689; x_wconf 88' lang='lat' dir='ltr'><strong>audentes</strong></span> <span class='ocrx_word' id='word_1_667' title='bbox 1814 4631 1992 4687; x_wconf 80' lang='lat' dir='ltr'><strong>feras?</strong></span> <span class='ocrx_word' id='word_1_668' title='bbox 2016 4632 2084 4685; x_wconf 80' lang='lat' dir='ltr'><strong>At</strong></span> <span class='ocrx_word' id='word_1_669' title='bbox 2115 4646 2237 4686; x_wconf 89' lang='lat' dir='ltr'><strong>cum</strong></span> <span class='ocrx_word' id='word_1_670' title='bbox 2262 4630 2375 4700; x_wconf 88' lang='lat' dir='ltr'><strong>jam</strong></span> <span class='ocrx_word' id='word_1_671' title='bbox 2408 4643 2455 4702; x_wconf 70' lang='grc' dir='ltr'><strong>ι)</strong></span> <span class='ocrx_word' id='word_1_672' title='bbox 2484 4639 2536 4708; x_wconf 66' lang='grc' dir='ltr'><strong>ἐξ</strong></span> 
     </span>
    </p>
   </div>
   <div class='ocr_carea' id='block_1_91' title="bbox 2320 4630 4046 4715">
    <p class='ocr_par' dir='ltr' id='par_1_91' title="bbox 2327 4638 4046 4708">
     <span class='ocr_line' id='line_1_91' title="bbox 2327 4638 4046 4708; baseline 0.001 -17"><span class='ocrx_word' id='word_1_673' title='bbox 2327 4646 2375 4685; x_wconf 81' lang='grc' dir='ltr'>ιιι</span> <span class='ocrx_word' id='word_1_674' title='bbox 2408 4643 2455 4702; x_wconf 78' lang='grc'><strong>1)</strong></span> <span class='ocrx_word' id='word_1_675' title='bbox 2484 4638 2806 4708; x_wconf 81' lang='grc' dir='ltr'>ἐξάκουστον</span> <span class='ocrx_word' id='word_1_676' title='bbox 2836 4638 2950 4701; x_wconf 88' lang='grc' dir='ltr'>τοῖς</span> <span class='ocrx_word' id='word_1_677' title='bbox 2975 4640 3137 4691; x_wconf 71' lang='grc' dir='ltr'>πᾶσιν</span> <span class='ocrx_word' id='word_1_678' title='bbox 3173 4638 3417 4691; x_wconf 81' lang='grc' dir='ltr'>ὲκλαλεῖν</span> <span class='ocrx_word' id='word_1_679' title='bbox 3453 4638 3549 4701; x_wconf 86' lang='grc' dir='ltr'>τὰς</span> <span class='ocrx_word' id='word_1_680' title='bbox 3588 4639 3797 4701; x_wconf 85' lang='grc' dir='ltr'>ἀδικίας</span> <span class='ocrx_word' id='word_1_681' title='bbox 3833 4639 4046 4700; x_wconf 61' lang='lat' dir='ltr'><strong>ausi»);</strong></span> 
     </span>
    </p>
   </div>
   <div class='ocr_carea' id='block_1_92' title="bbox 809 4721 2374 4801">
    <p class='ocr_par' dir='ltr' id='par_1_92' title="bbox 809 4721 2374 4801">
     <span class='ocr_line' id='line_1_92' title="bbox 809 4721 2374 4801; baseline -0.01 -11"><span class='ocrx_word' id='word_1_682' title='bbox 809 4735 869 4790; x_wconf 85' lang='lat' dir='ltr'><strong>in</strong></span> <span class='ocrx_word' id='word_1_683' title='bbox 898 4732 1170 4789; x_wconf 83' lang='lat' dir='ltr'><strong>excelsum</strong></span> <span class='ocrx_word' id='word_1_684' title='bbox 1191 4730 1324 4801; x_wconf 88' lang='lat' dir='ltr'><strong>justi</strong></span> <span class='ocrx_word' id='word_1_685' title='bbox 1356 4726 1542 4798; x_wconf 86' lang='lat' dir='ltr'><strong>iudicii</strong></span> <span class='ocrx_word' id='word_1_686' title='bbox 1573 4725 1650 4780; x_wconf 92' lang='lat' dir='ltr'><strong>tui</strong></span> <span class='ocrx_word' id='word_1_687' title='bbox 1674 4725 1929 4779; x_wconf 86' lang='lat' dir='ltr'><strong>thronum</strong></span> <span class='ocrx_word' id='word_1_688' title='bbox 1966 4721 2374 4786; x_wconf 77' lang='lat' dir='ltr'><strong>conscenderis,</strong></span> 
     </span>
    </p>
   </div>
   <div class='ocr_carea' id='block_1_93' title="bbox 814 4806 2381 4893">
    <p class='ocr_par' dir='ltr' id='par_1_93' title="bbox 814 4806 2381 4893">
     <span class='ocr_line' id='line_1_93' title="bbox 814 4806 2381 4893; baseline -0.008 -15"><span class='ocrx_word' id='word_1_689' title='bbox 814 4806 1094 4887; x_wconf 67' lang='lat' dir='ltr'><strong>Exultare,</strong></span> <span class='ocrx_word' id='word_1_690' title='bbox 1116 4823 1203 4889; x_wconf 81' lang='lat' dir='ltr'><strong>qui</strong></span> <span class='ocrx_word' id='word_1_691' title='bbox 1214 4820 1431 4893; x_wconf 73' lang='lat' dir='ltr'><strong>judice:</strong></span> <span class='ocrx_word' id='word_1_692' title='bbox 1454 4820 1669 4879; x_wconf 83' lang='lat' dir='ltr'><strong>terram,</strong></span> <span class='ocrx_word' id='word_1_693' title='bbox 1697 4824 1774 4881; x_wconf 80' lang='lat' dir='ltr'><strong>et,</strong></span> <span class='ocrx_word' id='word_1_694' title='bbox 1808 4812 1964 4867; x_wconf 80' lang='lat' dir='ltr'><strong>redde</strong></span> <span class='ocrx_word' id='word_1_695' title='bbox 1986 4809 2381 4868; x_wconf 75' lang='lat' dir='ltr'><strong>retributionem</strong></span> 
     </span>
    </p>
   </div>
   <div class='ocr_carea' id='block_1_94' title="bbox 812 4895 2375 4985">
    <p class='ocr_par' dir='ltr' id='par_1_94' title="bbox 812 4895 2375 4985">
     <span class='ocr_line' id='line_1_94' title="bbox 812 4895 2375 4985; baseline -0.01 -12"><span class='ocrx_word' id='word_1_696' title='bbox 812 4915 1088 4985; x_wconf 73' lang='lat' dir='ltr'><strong>superbis,</strong></span> <span class='ocrx_word' id='word_1_697' title='bbox 1137 4911 1491 4985; x_wconf 89' lang='lat' dir='ltr'><strong>promeritum</strong></span> <span class='ocrx_word' id='word_1_698' title='bbox 1543 4908 1677 4978; x_wconf 89' lang='lat' dir='ltr'><strong>ipsis</strong></span> <span class='ocrx_word' id='word_1_699' title='bbox 1728 4895 1975 4976; x_wconf 70' lang='lat' dir='ltr'><strong>indigens</strong></span> <span class='ocrx_word' id='word_1_700' title='bbox 2026 4903 2375 4976; x_wconf 79' lang='lat' dir='ltr'><strong>supplicium.</strong></span> 
     </span>
    </p>
   </div>
   <div class='ocr_carea' id='block_1_95' title="bbox 812 4996 2380 5073">
    <p class='ocr_par' dir='ltr' id='par_1_95' title="bbox 812 4996 2380 5073">
     <span class='ocr_line' id='line_1_95' title="bbox 812 4996 2380 5073; baseline -0.011 -8"><span class='ocrx_word' id='word_1_701' title='bbox 812 5009 969 5065; x_wconf 81' lang='lat' dir='ltr'><strong>Nunc</strong></span> <span class='ocrx_word' id='word_1_702' title='bbox 997 5006 1143 5062; x_wconf 91' lang='lat' dir='ltr'><strong>enim</strong></span> <span class='ocrx_word' id='word_1_703' title='bbox 1190 5012 1241 5060; x_wconf 85' lang='lat' dir='ltr'><strong>te</strong></span> <span class='ocrx_word' id='word_1_704' title='bbox 1275 5018 1491 5073; x_wconf 79' lang='lat' dir='ltr'><strong>quoque</strong></span> <span class='ocrx_word' id='word_1_705' title='bbox 1523 5000 1855 5071; x_wconf 81' lang='lat' dir='ltr'><strong>despiciunt,</strong></span> <span class='ocrx_word' id='word_1_706' title='bbox 1896 4997 2055 5067; x_wconf 86' lang='lat' dir='ltr'><strong>quasi</strong></span> <span class='ocrx_word' id='word_1_707' title='bbox 2107 4996 2244 5051; x_wconf 85' lang='lat' dir='ltr'><strong>nihil</strong></span> <span class='ocrx_word' id='word_1_708' title='bbox 2285 5010 2380 5050; x_wconf 86' lang='lat' dir='ltr'><strong>ex-</strong></span> 
     </span>
    </p>
   </div>
   <div class='ocr_carea' id='block_1_96' title="bbox 812 5088 2375 5159">
    <p class='ocr_par' dir='ltr' id='par_1_96' title="bbox 812 5088 2375 5159">
     <span class='ocr_line' id='line_1_96' title="bbox 812 5088 2375 5159; baseline -0.012 0"><span class='ocrx_word' id='word_1_709' title='bbox 812 5102 1021 5159; x_wconf 86' lang='lat' dir='ltr'><strong>celsum</strong></span> <span class='ocrx_word' id='word_1_710' title='bbox 1060 5098 1282 5159; x_wconf 77' lang='lat' dir='ltr'><strong>habeas,</strong></span> <span class='ocrx_word' id='word_1_711' title='bbox 1334 5095 1467 5149; x_wconf 90' lang='lat' dir='ltr'><strong>nihil</strong></span> <span class='ocrx_word' id='word_1_712' title='bbox 1514 5093 1721 5151; x_wconf 87' lang='lat' dir='ltr'><strong>videas.</strong></span> <span class='ocrx_word' id='word_1_713' title='bbox 1760 5107 1861 5145; x_wconf 84' lang='lat' dir='ltr'><strong>nec</strong></span> <span class='ocrx_word' id='word_1_714' title='bbox 1894 5098 2110 5145; x_wconf 53' lang='lat' dir='ltr'><strong>rterram</strong></span> <span class='ocrx_word' id='word_1_715' title='bbox 2141 5088 2375 5156; x_wconf 86' lang='lat' dir='ltr'><strong>judices.</strong></span> 
     </span>
    </p>
   </div>
   <div class='ocr_carea' id='block_1_97' title="bbox 813 5182 2380 5267">
    <p class='ocr_par' dir='ltr' id='par_1_97' title="bbox 813 5182 2380 5267">
     <span class='ocr_line' id='line_1_97' title="bbox 813 5182 2380 5267; baseline -0.007 -21"><span class='ocrx_word' id='word_1_716' title='bbox 813 5194 1159 5267; x_wconf 75' lang='lat' dir='ltr'><strong>Quapropter</strong></span> <span class='ocrx_word' id='word_1_717' title='bbox 1185 5204 1303 5263; x_wconf 71' lang='lat' dir='ltr'><strong>quae</strong></span> <span class='ocrx_word' id='word_1_718' title='bbox 1327 5188 1394 5243; x_wconf 87' lang='lat' dir='ltr'><strong>ad</strong></span> <span class='ocrx_word' id='word_1_719' title='bbox 1418 5188 1588 5242; x_wconf 78' lang='lat' dir='ltr'><strong>vitam</strong></span> <span class='ocrx_word' id='word_1_720' title='bbox 1617 5187 1889 5257; x_wconf 81' lang='lat' dir='ltr'><strong>pertinent</strong></span> <span class='ocrx_word' id='word_1_721' title='bbox 1918 5199 2069 5239; x_wconf 90' lang='lat' dir='ltr'><strong>suam</strong></span> <span class='ocrx_word' id='word_1_722' title='bbox 2086 5182 2380 5252; x_wconf 82' lang='lat' dir='ltr'><strong>etjudicio</strong></span> 
     </span>
    </p>
   </div>
   <div class='ocr_carea' id='block_1_98' title="bbox 814 5274 2379 5366">
    <p class='ocr_par' dir='ltr' id='par_1_98' title="bbox 814 5274 2379 5366">
     <span class='ocr_line' id='line_1_98' title="bbox 814 5274 2379 5366; baseline -0.009 -25"><span class='ocrx_word' id='word_1_723' title='bbox 814 5298 869 5341; x_wconf 77' lang='lat' dir='ltr'><strong>et</strong></span> <span class='ocrx_word' id='word_1_724' title='bbox 901 5282 1238 5356; x_wconf 78' lang='lat' dir='ltr'><strong>providentia</strong></span> <span class='ocrx_word' id='word_1_725' title='bbox 1270 5294 1457 5339; x_wconf 83' lang='lat' dir='ltr'><strong>carere</strong></span> <span class='ocrx_word' id='word_1_726' title='bbox 1497 5278 1855 5366; x_wconf 68' lang='lat' dir='ltr'><strong>arbitrantur.</strong></span> <span class='ocrx_word' id='word_1_727' title='bbox 1902 5280 1969 5327; x_wconf 84' lang='lat' dir='ltr'><strong>A-t</strong></span> <span class='ocrx_word' id='word_1_728' title='bbox 1996 5289 2097 5345; x_wconf 84' lang='lat' dir='ltr'><strong>ego</strong></span> <span class='ocrx_word' id='word_1_729' title='bbox 2124 5274 2217 5345; x_wconf 91' lang='lat' dir='ltr'><strong>qui</strong></span> <span class='ocrx_word' id='word_1_730' title='bbox 2251 5287 2379 5345; x_wconf 88' lang='lat' dir='ltr'><strong>pre-</strong></span> 
     </span>
    </p>
   </div>
   <div class='ocr_carea' id='block_1_99' title="bbox 815 5369 2378 5449">
    <p class='ocr_par' dir='ltr' id='par_1_99' title="bbox 815 5369 2378 5449">
     <span class='ocr_line' id='line_1_99' title="bbox 815 5369 2378 5449; baseline -0.008 -15"><span class='ocrx_word' id='word_1_731' title='bbox 815 5394 912 5435; x_wconf 89' lang='lat' dir='ltr'><strong>cor</strong></span> <span class='ocrx_word' id='word_1_732' title='bbox 938 5384 993 5432; x_wconf 89' lang='lat' dir='ltr'><strong>et</strong></span> <span class='ocrx_word' id='word_1_733' title='bbox 1025 5384 1152 5449; x_wconf 78' lang='lat' dir='ltr'><strong>opto</strong></span> <span class='ocrx_word' id='word_1_734' title='bbox 1185 5376 1253 5429; x_wconf 87' lang='lat' dir='ltr'><strong>ab</strong></span> <span class='ocrx_word' id='word_1_735' title='bbox 1281 5372 1558 5447; x_wconf 80' lang='lat' dir='ltr'><strong>impietate</strong></span> <span class='ocrx_word' id='word_1_736' title='bbox 1599 5384 1787 5425; x_wconf 89' lang='lat' dir='ltr'><strong>eorum</strong></span> <span class='ocrx_word' id='word_1_737' title='bbox 1834 5369 2043 5422; x_wconf 82' lang='lat' dir='ltr'><strong>alienus</strong></span> <span class='ocrx_word' id='word_1_738' title='bbox 2076 5382 2218 5431; x_wconf 88' lang='lat' dir='ltr'><strong>esse,</strong></span> <span class='ocrx_word' id='word_1_739' title='bbox 2252 5380 2378 5435; x_wconf 76' lang='lat' dir='ltr'><strong>per-</strong></span> 
     </span>
    </p>
   </div>
   <div class='ocr_carea' id='block_1_100' title="bbox 816 5457 2381 5531">
    <p class='ocr_par' dir='ltr' id='par_1_100' title="bbox 816 5457 2381 5531">
     <span class='ocr_line' id='line_1_100' title="bbox 816 5457 2381 5531; baseline -0.012 -4"><span class='ocrx_word' id='word_1_740' title='bbox 816 5485 1037 5527; x_wconf 84' lang='lat' dir='ltr'><strong>suasum</strong></span> <span class='ocrx_word' id='word_1_741' title='bbox 1076 5469 1247 5523; x_wconf 82' lang='lat' dir='ltr'><strong>habeo</strong></span> <span class='ocrx_word' id='word_1_742' title='bbox 1276 5476 1330 5523; x_wconf 92' lang='lat' dir='ltr'><strong>te</strong></span> <span class='ocrx_word' id='word_1_743' title='bbox 1364 5465 1532 5520; x_wconf 89' lang='lat' dir='ltr'><strong>Deum</strong></span> <span class='ocrx_word' id='word_1_744' title='bbox 1577 5463 1843 5516; x_wconf 86' lang='lat' dir='ltr'><strong>ultionum</strong></span> <span class='ocrx_word' id='word_1_745' title='bbox 1869 5467 2018 5525; x_wconf 82' lang='lat' dir='ltr'><strong>esse,</strong></span> <span class='ocrx_word' id='word_1_746' title='bbox 2038 5466 2212 5531; x_wconf 81' lang='lat' dir='ltr'><strong>teque</strong></span> <span class='ocrx_word' id='word_1_747' title='bbox 2234 5457 2381 5529; x_wconf 84' lang='lat' dir='ltr'><strong>judi-</strong></span> 
     </span>
    </p>
   </div>
   <div class='ocr_carea' id='block_1_101' title="bbox 815 5552 2377 5619">
    <p class='ocr_par' dir='ltr' id='par_1_101' title="bbox 815 5552 2377 5619">
     <span class='ocr_line' id='line_1_101' title="bbox 815 5552 2377 5619; baseline -0.009 -2"><span class='ocrx_word' id='word_1_748' title='bbox 815 5578 944 5619; x_wconf 88' lang='lat' dir='ltr'><strong>care</strong></span> <span class='ocrx_word' id='word_1_749' title='bbox 986 5577 1203 5616; x_wconf 86' lang='lat' dir='ltr'><strong>omnem</strong></span> <span class='ocrx_word' id='word_1_750' title='bbox 1238 5571 1460 5614; x_wconf 86' lang='lat' dir='ltr'><strong>terram.</strong></span> <span class='ocrx_word' id='word_1_751' title='bbox 1490 5554 1719 5611; x_wconf 82' lang='lat' dir='ltr'><strong>Etiamsi</strong></span> <span class='ocrx_word' id='word_1_752' title='bbox 1762 5554 1905 5609; x_wconf 89' lang='lat' dir='ltr'><strong>enim</strong></span> <span class='ocrx_word' id='word_1_753' title='bbox 1941 5552 2377 5614; x_wconf 83' lang='lat' dir='ltr'><strong>mansuetudine,</strong></span> 
     </span>
    </p>
   </div>
   <div class='ocr_carea' id='block_1_102' title="bbox 816 5646 2376 5723">
    <p class='ocr_par' dir='ltr' id='par_1_102' title="bbox 816 5646 2376 5723">
     <span class='ocr_line' id='line_1_102' title="bbox 816 5646 2376 5723; baseline -0.005 -16"><span class='ocrx_word' id='word_1_754' title='bbox 816 5653 1106 5709; x_wconf 83' lang='lat' dir='ltr'><strong>tolerantia</strong></span> <span class='ocrx_word' id='word_1_755' title='bbox 1144 5659 1206 5707; x_wconf 85' lang='lat' dir='ltr'><strong>et</strong></span> <span class='ocrx_word' id='word_1_756' title='bbox 1246 5651 1517 5723; x_wconf 82' lang='lat' dir='ltr'><strong>patientia</strong></span> <span class='ocrx_word' id='word_1_757' title='bbox 1579 5663 1713 5705; x_wconf 91' lang='lat' dir='ltr'><strong>usus</strong></span> <span class='ocrx_word' id='word_1_758' title='bbox 1776 5647 2019 5715; x_wconf 80' lang='lat' dir='ltr'><strong>teipsum</strong></span> <span class='ocrx_word' id='word_1_759' title='bbox 2066 5646 2376 5722; x_wconf 74' lang='lat' dir='ltr'><strong>deprimes,</strong></span> 
     </span>
    </p>
   </div>
   <div class='ocr_carea' id='block_1_103' title="bbox 816 5738 2379 5815">
    <p class='ocr_par' dir='ltr' id='par_1_103' title="bbox 816 5738 2379 5815">
     <span class='ocr_line' id='line_1_103' title="bbox 816 5738 2379 5815; baseline -0.007 -14"><span class='ocrx_word' id='word_1_760' title='bbox 816 5754 1074 5815; x_wconf 79' lang='lat' dir='ltr'><strong>tuamque</strong></span> <span class='ocrx_word' id='word_1_761' title='bbox 1100 5750 1294 5800; x_wconf 88' lang='lat' dir='ltr'><strong>contra</strong></span> <span class='ocrx_word' id='word_1_762' title='bbox 1337 5742 1534 5813; x_wconf 79' lang='lat' dir='ltr'><strong>impios</strong></span> <span class='ocrx_word' id='word_1_763' title='bbox 1562 5742 1699 5797; x_wconf 81' lang='lat' dir='ltr'><strong>iram</strong></span> <span class='ocrx_word' id='word_1_764' title='bbox 1728 5738 1987 5796; x_wconf 86' lang='lat' dir='ltr'><strong>cohibeas</strong></span> <span class='ocrx_word' id='word_1_765' title='bbox 2005 5755 2022 5807; x_wconf 85' lang='lat'><strong>;</strong></span> <span class='ocrx_word' id='word_1_766' title='bbox 2052 5748 2108 5793; x_wconf 89' lang='lat' dir='ltr'><strong>at</strong></span> <span class='ocrx_word' id='word_1_767' title='bbox 2130 5753 2231 5809; x_wconf 82' lang='lat' dir='ltr'><strong>ego</strong></span> <span class='ocrx_word' id='word_1_768' title='bbox 2262 5752 2379 5791; x_wconf 60' lang='lat' dir='ltr'><strong>cer-</strong></span> 
     </span>
    </p>
   </div>
   <div class='ocr_carea' id='block_1_104' title="bbox 814 5829 2379 5909">
    <p class='ocr_par' dir='ltr' id='par_1_104' title="bbox 814 5829 2379 5909">
     <span class='ocr_line' id='line_1_104' title="bbox 814 5829 2379 5909; baseline -0.006 -16"><span class='ocrx_word' id='word_1_769' title='bbox 814 5829 908 5893; x_wconf 80' lang='lat' dir='ltr'><strong>tus</strong></span> <span class='ocrx_word' id='word_1_770' title='bbox 931 5838 1140 5909; x_wconf 91' lang='lat' dir='ltr'><strong>judicio</strong></span> <span class='ocrx_word' id='word_1_771' title='bbox 1166 5845 1283 5900; x_wconf 85' lang='lat' dir='ltr'><strong>tuo,</strong></span> <span class='ocrx_word' id='word_1_772' title='bbox 1316 5835 1408 5906; x_wconf 90' lang='lat' dir='ltr'><strong>qui</strong></span> <span class='ocrx_word' id='word_1_773' title='bbox 1440 5834 1623 5889; x_wconf 88' lang='lat' dir='ltr'><strong>omnia</strong></span> <span class='ocrx_word' id='word_1_774' title='bbox 1648 5832 1939 5905; x_wconf 83' lang='lat' dir='ltr'><strong>prospicis,</strong></span> <span class='ocrx_word' id='word_1_775' title='bbox 1973 5832 2107 5886; x_wconf 86' lang='lat' dir='ltr'><strong>nihil</strong></span> <span class='ocrx_word' id='word_1_776' title='bbox 2138 5831 2379 5886; x_wconf 88' lang='lat' dir='ltr'><strong>immune</strong></span> 
     </span>
    </p>
   </div>
   <div class='ocr_carea' id='block_1_105' title="bbox 786 5924 2375 6000">
    <p class='ocr_par' dir='ltr' id='par_1_105' title="bbox 786 5924 2375 6000">
     <span class='ocr_line' id='line_1_105' title="bbox 786 5924 2375 6000; baseline -0.004 -14"><span class='ocrx_word' id='word_1_777' title='bbox 786 5926 955 5996; x_wconf 46' lang='lat' dir='ltr'><strong>‘l&#39;ore,</strong></span> <span class='ocrx_word' id='word_1_778' title='bbox 1010 5929 1254 6000; x_wconf 80' lang='lat' dir='ltr'><strong>supplico</strong></span> <span class='ocrx_word' id='word_1_779' title='bbox 1306 5941 1607 6000; x_wconf 82' lang='lat' dir='ltr'><strong>precorque</strong></span> <span class='ocrx_word' id='word_1_780' title='bbox 1655 5932 1713 5981; x_wconf 92' lang='lat' dir='ltr'><strong>ut</strong></span> <span class='ocrx_word' id='word_1_781' title='bbox 1766 5924 2052 5990; x_wconf 83' lang='lat' dir='ltr'><strong>exalteris,</strong></span> <span class='ocrx_word' id='word_1_782' title='bbox 2116 5931 2375 5995; x_wconf 79' lang='lat' dir='ltr'><strong>tuamque</strong></span> 
     </span>
    </p>
   </div>
   <div class='ocr_carea' id='block_1_106' title="bbox 2483 4724 4048 4800">
    <p class='ocr_par' dir='ltr' id='par_1_106' title="bbox 2483 4724 4048 4800">
     <span class='ocr_line' id='line_1_106' title="bbox 2483 4724 4048 4800; baseline 0.001 -19"><span class='ocrx_word' id='word_1_783' title='bbox 2483 4730 2625 4791; x_wconf 83' lang='grc' dir='ltr'>Ἕως</span> <span class='ocrx_word' id='word_1_784' title='bbox 2657 4724 2748 4782; x_wconf 79' lang='grc' dir='ltr'><strong>οῦν</strong></span> <span class='ocrx_word' id='word_1_785' title='bbox 2782 4728 2909 4781; x_wconf 88' lang='grc' dir='ltr'>πότε</span> <span class='ocrx_word' id='word_1_786' title='bbox 2937 4727 3045 4799; x_wconf 82' lang='grc' dir='ltr'>ἄρα</span> <span class='ocrx_word' id='word_1_787' title='bbox 3065 4727 3397 4800; x_wconf 83' lang='grc' dir='ltr'>προχωρήσῃ</span> <span class='ocrx_word' id='word_1_788' title='bbox 3417 4727 3599 4790; x_wconf 80' lang='grc' dir='ltr'>αὐτοῖς</span> <span class='ocrx_word' id='word_1_789' title='bbox 3617 4725 3784 4780; x_wconf 87' lang='grc' dir='ltr'>ταῦτα</span> <span class='ocrx_word' id='word_1_790' title='bbox 3809 4728 4048 4793; x_wconf 73' lang='grc' dir='ltr'>ποιοῦσις</span> 
     </span>
    </p>
   </div>
   <div class='ocr_carea' id='block_1_107' title="bbox 2494 4814 4049 4890">
    <p class='ocr_par' dir='ltr' id='par_1_107' title="bbox 2494 4814 4049 4890">
     <span class='ocr_line' id='line_1_107' title="bbox 2494 4814 4049 4890; baseline -0.001 -19"><span class='ocrx_word' id='word_1_791' title='bbox 2494 4817 2651 4879; x_wconf 86' lang='grc' dir='ltr'>Ἀλλά</span> <span class='ocrx_word' id='word_1_792' title='bbox 2685 4817 2793 4890; x_wconf 75' lang='grc' dir='ltr'>γὰρ</span> <span class='ocrx_word' id='word_1_793' title='bbox 2826 4816 2925 4889; x_wconf 65' lang='grc' dir='ltr'>ἤδη</span> <span class='ocrx_word' id='word_1_794' title='bbox 2967 4817 3091 4869; x_wconf 83' lang='grc' dir='ltr'>ποτὲ</span> <span class='ocrx_word' id='word_1_795' title='bbox 3124 4817 3218 4869; x_wconf 75' lang='grc' dir='ltr'><strong>ἐπὶ</strong></span> <span class='ocrx_word' id='word_1_796' title='bbox 3243 4814 3335 4869; x_wconf 89' lang='grc' dir='ltr'><strong>τὸν</strong></span> <span class='ocrx_word' id='word_1_797' title='bbox 3369 4814 3569 4885; x_wconf 64' lang='grc' dir='ltr'>ὑψηλὸν</span> <span class='ocrx_word' id='word_1_798' title='bbox 3602 4815 3807 4883; x_wconf 78' lang='grc' dir='ltr'>ἀναϐὰς</span> <span class='ocrx_word' id='word_1_799' title='bbox 3830 4816 3931 4886; x_wconf 77' lang='grc' dir='ltr'>τῆς</span> <span class='ocrx_word' id='word_1_800' title='bbox 3968 4817 4049 4870; x_wconf 87' lang='grc' dir='ltr'>δι-</span> 
     </span>
    </p>
   </div>
   <div class='ocr_carea' id='block_1_108' title="bbox 2481 4907 4051 4984">
    <p class='ocr_par' dir='ltr' id='par_1_108' title="bbox 2481 4907 4051 4984">
     <span class='ocr_line' id='line_1_108' title="bbox 2481 4907 4051 4984; baseline -0.007 -17"><span class='ocrx_word' id='word_1_801' title='bbox 2481 4911 2821 4984; x_wconf 77' lang='grc' dir='ltr'>καιοκρισίας</span> <span class='ocrx_word' id='word_1_802' title='bbox 2874 4926 2965 4962; x_wconf 91' lang='grc' dir='ltr'><strong>σου</strong></span> <span class='ocrx_word' id='word_1_803' title='bbox 3020 4907 3227 4980; x_wconf 85' lang='grc' dir='ltr'>Θρόνον,</span> <span class='ocrx_word' id='word_1_804' title='bbox 3275 4908 3555 4977; x_wconf 72' lang='grc' dir='ltr'>Ὑιίιώθητι</span> <span class='ocrx_word' id='word_1_805' title='bbox 3597 4911 3630 4963; x_wconf 83' lang='grc' dir='ltr'><strong>ό</strong></span> <span class='ocrx_word' id='word_1_806' title='bbox 3677 4907 3897 4977; x_wconf 73' lang='grc' dir='ltr'>κρίνων</span> <span class='ocrx_word' id='word_1_807' title='bbox 3937 4910 4051 4979; x_wconf 79' lang='grc' dir='ltr'><strong>τὴν</strong></span> 
     </span>
    </p>
   </div>
   <div class='ocr_carea' id='block_1_109' title="bbox 2481 4996 4047 5077">
    <p class='ocr_par' dir='ltr' id='par_1_109' title="bbox 2481 4996 4047 5077">
     <span class='ocr_line' id='line_1_109' title="bbox 2481 4996 4047 5077; baseline -0.004 -20"><span class='ocrx_word' id='word_1_808' title='bbox 2481 5002 2617 5077; x_wconf 77' lang='grc' dir='ltr'>γῆν,</span> <span class='ocrx_word' id='word_1_809' title='bbox 2640 4996 2754 5067; x_wconf 66' lang='grc' dir='ltr'>καὶ,</span> <span class='ocrx_word' id='word_1_810' title='bbox 2780 5001 3008 5069; x_wconf 73' lang='grc' dir='ltr'>ἀπόδος</span> <span class='ocrx_word' id='word_1_811' title='bbox 3037 4999 3449 5057; x_wconf 75' lang='grc' dir='ltr'>ἀνταπόδοσιν,</span> <span class='ocrx_word' id='word_1_812' title='bbox 3474 4999 3597 5067; x_wconf 83' lang='grc' dir='ltr'>τοῖς</span> <span class='ocrx_word' id='word_1_813' title='bbox 3620 4998 4047 5068; x_wconf 63' lang='grc' dir='ltr'>ὑπερηφάνοις,</span> 
     </span>
    </p>
   </div>
   <div class='ocr_carea' id='block_1_110' title="bbox 2480 5092 4051 5167">
    <p class='ocr_par' dir='ltr' id='par_1_110' title="bbox 2480 5092 4051 5167">
     <span class='ocr_line' id='line_1_110' title="bbox 2480 5092 4051 5167; baseline -0.003 -16"><span class='ocrx_word' id='word_1_814' title='bbox 2480 5097 2594 5167; x_wconf 79' lang='grc' dir='ltr'>τὴν</span> <span class='ocrx_word' id='word_1_815' title='bbox 2629 5097 2810 5162; x_wconf 79' lang='grc' dir='ltr'>ἀξίαν</span> <span class='ocrx_word' id='word_1_816' title='bbox 2850 5095 3052 5162; x_wconf 82' lang='grc' dir='ltr'>αὐτοῖς</span> <span class='ocrx_word' id='word_1_817' title='bbox 3077 5092 3402 5159; x_wconf 79' lang='grc' dir='ltr'>ἀποδιδοὺς</span> <span class='ocrx_word' id='word_1_818' title='bbox 3433 5092 3731 5163; x_wconf 76' lang='grc' dir='ltr'>τιμωρίαν.</span> <span class='ocrx_word' id='word_1_819' title='bbox 3780 5092 3894 5146; x_wconf 89' lang='grc' dir='ltr'>Νῦν</span> <span class='ocrx_word' id='word_1_820' title='bbox 3940 5095 4051 5165; x_wconf 82' lang='grc' dir='ltr'><strong>γάρ</strong></span> 
     </span>
    </p>
   </div>
   <div class='ocr_carea' id='block_1_111' title="bbox 2483 5175 4051 5259">
    <p class='ocr_par' dir='ltr' id='par_1_111' title="bbox 2483 5175 4051 5259">
     <span class='ocr_line' id='line_1_111' title="bbox 2483 5175 4051 5259; baseline -0.004 -16"><span class='ocrx_word' id='word_1_821' title='bbox 2483 5205 2575 5242; x_wconf 85' lang='grc' dir='ltr'><strong>σου</strong></span> <span class='ocrx_word' id='word_1_822' title='bbox 2628 5189 2790 5243; x_wconf 77' lang='grc' dir='ltr'>αὐτοῦ</span> <span class='ocrx_word' id='word_1_823' title='bbox 2856 5189 3433 5259; x_wconf 69' lang='grc' dir='ltr'>καταπεφρονήκασιν,</span> <span class='ocrx_word' id='word_1_824' title='bbox 3455 5175 3462 5182; x_wconf 70' lang='grc'><em>’</em></span> <span class='ocrx_word' id='word_1_825' title='bbox 3485 5185 3562 5248; x_wconf 82' lang='grc' dir='ltr'>ὡς</span> <span class='ocrx_word' id='word_1_826' title='bbox 3626 5183 3790 5255; x_wconf 84' lang='grc' dir='ltr'>μηδὲν</span> <span class='ocrx_word' id='word_1_827' title='bbox 3848 5182 4051 5256; x_wconf 74' lang='grc' dir='ltr'>ὑψηλὸν</span> 
     </span>
    </p>
   </div>
   <div class='ocr_carea' id='block_1_112' title="bbox 2470 5276 4051 5354">
    <p class='ocr_par' dir='ltr' id='par_1_112' title="bbox 2470 5276 4051 5354">
     <span class='ocr_line' id='line_1_112' title="bbox 2470 5276 4051 5354; baseline -0.004 -20"><span class='ocrx_word' id='word_1_828' title='bbox 2470 5281 2712 5352; x_wconf 64' lang='grc' dir='ltr'>ἔχοντος,</span> <span class='ocrx_word' id='word_1_829' title='bbox 2747 5281 2878 5353; x_wconf 76' lang='grc' dir='ltr'>μηδὲ</span> <span class='ocrx_word' id='word_1_830' title='bbox 2912 5281 3163 5354; x_wconf 81' lang='grc' dir='ltr'>ὁρῶντος,</span> <span class='ocrx_word' id='word_1_831' title='bbox 3199 5278 3331 5348; x_wconf 80' lang='grc' dir='ltr'>μηδὲ</span> <span class='ocrx_word' id='word_1_832' title='bbox 3365 5276 3638 5348; x_wconf 87' lang='grc' dir='ltr'>κρίνοντος</span> <span class='ocrx_word' id='word_1_833' title='bbox 3665 5276 3763 5348; x_wconf 82' lang='grc' dir='ltr'><strong>τὴν</strong></span> <span class='ocrx_word' id='word_1_834' title='bbox 3794 5276 3916 5347; x_wconf 83' lang='grc' dir='ltr'>γῆν.</span> <span class='ocrx_word' id='word_1_835' title='bbox 3962 5276 4051 5329; x_wconf 85' lang='grc' dir='ltr'>Διὸ</span> 
     </span>
    </p>
   </div>
   <div class='ocr_carea' id='block_1_113' title="bbox 2481 5365 4052 5447">
    <p class='ocr_par' dir='ltr' id='par_1_113' title="bbox 2481 5365 4052 5447">
     <span class='ocr_line' id='line_1_113' title="bbox 2481 5365 4052 5447; baseline -0.002 -23"><span class='ocrx_word' id='word_1_836' title='bbox 2481 5372 2575 5424; x_wconf 77' lang='grc' dir='ltr'>καὶ</span> <span class='ocrx_word' id='word_1_837' title='bbox 2625 5373 2824 5447; x_wconf 78' lang='grc' dir='ltr'>ἄκριτα</span> <span class='ocrx_word' id='word_1_838' title='bbox 2883 5373 2976 5431; x_wconf 73' lang='grc' dir='ltr'><strong>καὶ</strong></span> <span class='ocrx_word' id='word_1_839' title='bbox 3026 5370 3336 5442; x_wconf 79' lang='grc' dir='ltr'>ἀπρονόητα</span> <span class='ocrx_word' id='word_1_840' title='bbox 3384 5368 3743 5441; x_wconf 80' lang='grc' dir='ltr'>ὑπειλήφασιν</span> <span class='ocrx_word' id='word_1_841' title='bbox 3787 5365 3926 5423; x_wconf 83' lang='grc' dir='ltr'>εἶναι</span> <span class='ocrx_word' id='word_1_842' title='bbox 3983 5370 4052 5421; x_wconf 84' lang='grc' dir='ltr'>τὰ</span> 
     </span>
    </p>
   </div>
   <div class='ocr_carea' id='block_1_114' title="bbox 2480 5460 4055 5533">
    <p class='ocr_par' dir='ltr' id='par_1_114' title="bbox 2480 5460 4055 5533">
     <span class='ocr_line' id='line_1_114' title="bbox 2480 5460 4055 5533; baseline -0.002 -17"><span class='ocrx_word' id='word_1_843' title='bbox 2480 5464 2619 5518; x_wconf 85' lang='grc' dir='ltr'><strong>κατὰ</strong></span> <span class='ocrx_word' id='word_1_844' title='bbox 2648 5465 2738 5519; x_wconf 85' lang='grc' dir='ltr'><strong>τὸν</strong></span> <span class='ocrx_word' id='word_1_845' title='bbox 2770 5464 2976 5518; x_wconf 70' lang='grc' dir='ltr'>ἑαυτῶν</span> <span class='ocrx_word' id='word_1_846' title='bbox 3012 5462 3142 5533; x_wconf 82' lang='grc' dir='ltr'>βίον.</span> <span class='ocrx_word' id='word_1_847' title='bbox 3190 5462 3327 5515; x_wconf 78' lang='grc' dir='ltr'>Ἀλλ’</span> <span class='ocrx_word' id='word_1_848' title='bbox 3375 5460 3484 5532; x_wconf 79' lang='grc' dir='ltr'><strong>ἐγὼ</strong></span> <span class='ocrx_word' id='word_1_849' title='bbox 3513 5462 3613 5532; x_wconf 81' lang='grc' dir='ltr'>τῆς</span> <span class='ocrx_word' id='word_1_850' title='bbox 3656 5460 3907 5526; x_wconf 89' lang='grc' dir='ltr'>ἀσεϐείας</span> <span class='ocrx_word' id='word_1_851' title='bbox 3957 5462 4055 5514; x_wconf 72' lang='grc' dir='ltr'>αῦ-</span> 
     </span>
    </p>
   </div>
   <div class='ocr_carea' id='block_1_115' title="bbox 2479 5548 4051 5628">
    <p class='ocr_par' dir='ltr' id='par_1_115' title="bbox 2479 5548 4051 5628">
     <span class='ocr_line' id='line_1_115' title="bbox 2479 5548 4051 5628; baseline -0.004 -19"><span class='ocrx_word' id='word_1_852' title='bbox 2479 5556 2587 5609; x_wconf 84' lang='grc' dir='ltr'>τῶν</span> <span class='ocrx_word' id='word_1_853' title='bbox 2629 5555 2911 5628; x_wconf 82' lang='grc' dir='ltr'>ἀλλότριος</span> <span class='ocrx_word' id='word_1_854' title='bbox 2958 5550 3097 5610; x_wconf 77' lang='grc' dir='ltr'>εἶναι</span> <span class='ocrx_word' id='word_1_855' title='bbox 3136 5554 3442 5627; x_wconf 77' lang='grc' dir='ltr'>εὐχόμενος,</span> <span class='ocrx_word' id='word_1_856' title='bbox 3480 5548 3819 5624; x_wconf 79' lang='grc' dir='ltr'>πέπεισμαι,</span> <span class='ocrx_word' id='word_1_857' title='bbox 3850 5553 3933 5606; x_wconf 79' lang='grc' dir='ltr'>ὅτι</span> <span class='ocrx_word' id='word_1_858' title='bbox 3988 5552 4051 5603; x_wconf 77' lang='grc' dir='ltr'><strong>σὺ</strong></span> 
     </span>
    </p>
   </div>
   <div class='ocr_carea' id='block_1_116' title="bbox 2479 5642 4052 5721">
    <p class='ocr_par' dir='ltr' id='par_1_116' title="bbox 2479 5642 4052 5721">
     <span class='ocr_line' id='line_1_116' title="bbox 2479 5642 4052 5721; baseline -0.002 -21"><span class='ocrx_word' id='word_1_859' title='bbox 2479 5647 2609 5711; x_wconf 85' lang='grc' dir='ltr'>Θεὸς</span> <span class='ocrx_word' id='word_1_860' title='bbox 2636 5648 2984 5721; x_wconf 82' lang='grc' dir='ltr'>ὲκδικήσεων,</span> <span class='ocrx_word' id='word_1_861' title='bbox 3018 5648 3051 5719; x_wconf 82' lang='grc' dir='ltr'>ἦ</span> <span class='ocrx_word' id='word_1_862' title='bbox 3084 5648 3180 5701; x_wconf 64' lang='grc' dir='ltr'><strong>κα)⁵</strong></span> <span class='ocrx_word' id='word_1_863' title='bbox 3230 5648 3295 5702; x_wconf 74' lang='grc' dir='ltr'><strong>σὺ</strong></span> <span class='ocrx_word' id='word_1_864' title='bbox 3332 5642 3382 5700; x_wconf 82' lang='grc' dir='ltr'>εἴ</span> <span class='ocrx_word' id='word_1_865' title='bbox 3424 5649 3453 5704; x_wconf 90' lang='lat'><strong>6</strong></span> <span class='ocrx_word' id='word_1_866' title='bbox 3495 5648 3693 5721; x_wconf 87' lang='grc' dir='ltr'>κρίνων</span> <span class='ocrx_word' id='word_1_867' title='bbox 3730 5648 3907 5701; x_wconf 78' lang='grc' dir='ltr'>πᾶσαν</span> <span class='ocrx_word' id='word_1_868' title='bbox 3954 5645 4052 5715; x_wconf 79' lang='grc' dir='ltr'>τὴν</span> 
     </span>
    </p>
   </div>
   <div class='ocr_carea' id='block_1_117' title="bbox 2479 5738 4051 5812">
    <p class='ocr_par' dir='ltr' id='par_1_117' title="bbox 2479 5738 4051 5812">
     <span class='ocr_line' id='line_1_117' title="bbox 2479 5738 4051 5812; baseline -0.002 -19"><span class='ocrx_word' id='word_1_869' title='bbox 2479 5741 2601 5812; x_wconf 74' lang='grc' dir='ltr'>γῆν.</span> <span class='ocrx_word' id='word_1_870' title='bbox 2635 5740 2697 5793; x_wconf 83' lang='grc' dir='ltr'>Εἰ</span> <span class='ocrx_word' id='word_1_871' title='bbox 2725 5740 2834 5811; x_wconf 76' lang='grc' dir='ltr'>γὰρ</span> <span class='ocrx_word' id='word_1_872' title='bbox 2878 5740 2971 5793; x_wconf 74' lang='grc' dir='ltr'><strong>καὶ</strong></span> <span class='ocrx_word' id='word_1_873' title='bbox 3015 5743 3289 5804; x_wconf 87' lang='grc' dir='ltr'>ταπεινοῖς</span> <span class='ocrx_word' id='word_1_874' title='bbox 3324 5740 3566 5805; x_wconf 89' lang='grc' dir='ltr'>σεαυτὸν,</span> <span class='ocrx_word' id='word_1_875' title='bbox 3598 5739 3923 5812; x_wconf 77' lang='grc' dir='ltr'>χρηστότητι</span> <span class='ocrx_word' id='word_1_876' title='bbox 3958 5738 4051 5791; x_wconf 78' lang='grc' dir='ltr'><strong>καὶ</strong></span> 
     </span>
    </p>
   </div>
   <div class='ocr_carea' id='block_1_118' title="bbox 2479 5828 4049 5905">
    <p class='ocr_par' dir='ltr' id='par_1_118' title="bbox 2479 5828 4049 5905">
     <span class='ocr_line' id='line_1_118' title="bbox 2479 5828 4049 5905; baseline -0.001 -21"><span class='ocrx_word' id='word_1_877' title='bbox 2479 5832 2643 5902; x_wconf 77' lang='grc' dir='ltr'>ἀνοχῇ</span> <span class='ocrx_word' id='word_1_878' title='bbox 2693 5833 2785 5884; x_wconf 76' lang='grc' dir='ltr'><strong>καὶ</strong></span> <span class='ocrx_word' id='word_1_879' title='bbox 2833 5830 3180 5905; x_wconf 62' lang='grc' dir='ltr'>μακροθυμίᾳ.</span> <span class='ocrx_word' id='word_1_880' title='bbox 3226 5833 3522 5903; x_wconf 83' lang='grc' dir='ltr'>χρώμενος,</span> <span class='ocrx_word' id='word_1_881' title='bbox 3569 5832 3783 5901; x_wconf 78' lang='grc' dir='ltr'>ἐπέχεις</span> <span class='ocrx_word' id='word_1_882' title='bbox 3838 5845 3896 5883; x_wconf 77' lang='grc' dir='ltr'><strong>τε</strong></span> <span class='ocrx_word' id='word_1_883' title='bbox 3953 5828 4049 5899; x_wconf 80' lang='grc' dir='ltr'><strong>τὴν</strong></span> 
     </span>
    </p>
   </div>
   <div class='ocr_carea' id='block_1_119' title="bbox 2486 5919 4047 5995">
    <p class='ocr_par' dir='ltr' id='par_1_119' title="bbox 2486 5919 4047 5995">
     <span class='ocr_line' id='line_1_119' title="bbox 2486 5919 4047 5995; baseline -0.003 -17"><span class='ocrx_word' id='word_1_884' title='bbox 2486 5922 2625 5978; x_wconf 77' lang='grc' dir='ltr'>κατὰ</span> <span class='ocrx_word' id='word_1_885' title='bbox 2666 5921 2773 5977; x_wconf 82' lang='grc' dir='ltr'>τῶν</span> <span class='ocrx_word' id='word_1_886' title='bbox 2816 5921 3024 5978; x_wconf 77' lang='grc' dir='ltr'>ἀσεϐῶν</span> <span class='ocrx_word' id='word_1_887' title='bbox 3067 5924 3271 5995; x_wconf 57' lang='grc' dir='ltr'>ὀργήν</span> <span class='ocrx_word' id='word_1_888' title='bbox 3310 5922 3430 5981; x_wconf 80' lang='grc' dir='ltr'>ἀλλ’</span> <span class='ocrx_word' id='word_1_889' title='bbox 3462 5922 3571 5993; x_wconf 74' lang='grc' dir='ltr'>ἐγὼ</span> <span class='ocrx_word' id='word_1_890' title='bbox 3622 5919 3919 5990; x_wconf 74' lang='grc' dir='ltr'>πιστεύων,</span> <span class='ocrx_word' id='word_1_891' title='bbox 3969 5920 4047 5976; x_wconf 79' lang='grc' dir='ltr'><strong>δτι</strong></span> 
     </span>
    </p>
   </div>
  </div>
