4372 6440
780 491 942 546 71199

1453 490 1711 546 EUSEBH
1734 491 2216 548 CESARIENSIS
2252 491 2399 548 OPP.
2441 492 2616 548 PARS
2650 491 2737 547 ΠΙ.
2781 523 2846 531 -
2872 488 3276 545 EXEGETICA.

3814 483 3949 537 {200

768 622 782 640 τ
808 607 957 669 επεὶ,
991 611 1162 675 potest
1190 620 1296 658 non
1328 605 1506 660 videre
1530 615 1583 659 et
1616 623 1720 661 non
1755 607 1956 670 audire,
1979 608 2070 675 qui
2099 608 2209 661 haec
2228 622 2332 660 non
2363 616 2403 668 Α
2434 610 2494 661 κό

2236 622 2332 660 non
2363 616 2403 668 Α
2434 610 2609 670 κὸταςο
2628 610 2742 660 Οὐκ
2757 607 2954 673 ὄψεται
2972 596 3236 671 ὀΚύριος,
3255 600 3391 655 οὐδὲ
3405 598 3651 665 συνήσει
3666 602 3697 652 ό
3713 598 3847 664 Θεὸς
3860 599 3962 652 τοῦ

809 698 1125 754 habentibus
1162 697 1429 766 impertit?
1461 696 1589 748 Nam
1644 699 1689 749 is
1732 705 1876 750 certe
1914 698 2007 765 qui
2040 697 2161 750 aliis
2188 697 2338 765 quid-

806 788 951 856 piam
975 786 1267 854 elargitur,
1326 786 1474 854 prior
1520 786 1703 852 utique
1752 784 1912 838 habet
1955 799 2019 838 ea
2065 799 2198 853 αυε-
2218 786 2335 838 aliis

794 871 1182 930 communicat.
1225 874 1317 928 Est
1369 890 1528 943 porro
1568 890 1742 928 sermo
1768 875 2059 942 syllogismi
2096 876 2197 928 ritu
2223 889 2339 942 pto-

808 964 945 1021 latus
1000 974 1052 1020 et
1106 966 1465 1018 concinnatus
1522 966 1587 1018 ad
1640 952 1989 1033 providentiae
2035 965 2337 1018 doctrinam

805 1055 1272 1124 comprobandam.
1322 1055 1421 1108 Par
1463 1063 1637 1107 autem
1675 1062 1788 1107 erat
1814 1056 1879 1107 iis
1908 1054 2137 1107 maxime
2190 1054 2337 1106 Scri-

803 1155 970 1216 pturae
997 1145 1191 1199 divina:
1214 1145 1344 1198 locis
1366 1146 1596 1197 animum
1627 1144 1896 1205 adhibere,
1922 1150 1980 1197 ut
2004 1142 2333 1202 ostendatur,

800 1253 908 1292 non
940 1237 1147 1291 ratione
1192 1252 1411 1289 vacuam
1455 1236 1527 1289 ibi
1571 1235 1725 1287 ﬁdem
1775 1235 1928 1288 nobis
1978 1233 2193 1296 offerri,
2243 1232 2335 1286 sed

798 1329 962 1383 claris
990 1321 1286 1381 ratiociniis
1340 1335 1390 1380 ct
1443 1326 1987 1380 demonstrationibus
2021 1326 2203 1394 logicis
2247 1324 2337 1377 do-

798 1418 985 1470 ctrinae
1013 1416 1315 1470 testimonia
1345 1414 1605 1469 exhiberi.
1640 1410 1899 1467 Sescenta
1929 1421 2104 1466 autem
2136 1413 2333 1467 similia

799 1506 857 1559 in
876 1505 1050 1559 sacris
1074 1504 1257 1559 Bibliis
1286 1519 1578 1572 conspersa
1606 1511 1749 1557 sunt.
1786 1502 2119 1572 Syllogismis
2156 1503 2335 1571 itaque

799 1593 993 1661 impios
1019 1601 1071 1646 et
1108 1593 1294 1647 atheos
1336 1591 1593 1651 conl‘utat,
1619 1591 1708 1659 qui
1736 1590 1983 1644 dicebant
2032 1590 2192 1643 Deum
2242 1590 2336 1642 ltu-

798 1696 956 1736 mana
979 1696 1082 1736 non
1112 1681 1393 1751 respicere.
1422 1680 1562 1735 Heus
1590 1696 1705 1742 vos,
1741 1681 1931 1749 inquit,
1958 1680 2337 1747 animaliumne

802 1780 990 1827 natura
1030 1788 1123 1840 per
1152 1788 1220 1839 se
1247 1781 1434 1839 sponte
1462 1771 1721 1829 substitit,
1754 1784 1819 1822 an
1848 1784 1876 1821 a
1912 1769 2139 1839 quadam
2174 1784 2335 1823 causa

801 1863 1013 1916 condita
1042 1862 1157 1915 est?
1183 1863 1226 1914 si
1251 1862 1459 1914 dicatur
1495 1859 1635 1912 enim
1667 1867 1896 1920 temere,
1950 1872 2011 1909 ac
2041 1867 2181 1910 sorte
2203 1871 2337 1925 qua~

802 1953 943 2016 dam,
977 1955 1092 2008 sine
1117 1953 1324 2007 ratione
1368 1960 1421 2005 et
1462 1957 1651 2019 sponte
1698 1964 1794 2003 sua
1827 1949 1932 2001 vita
1981 1954 2247 2000 carentem
2284 1953 2336 1998 et

803 2042 1146 2097 inanimatam
1175 2042 1450 2096 materiam
1482 2047 1560 2094 tot
1590 2038 1863 2101 animalia,
1891 2043 1943 2090 et
1983 2036 2208 2105 singulis
2245 2050 2337 2105 ge-

801 2136 1021 2192 neribus
1044 2135 1264 2188 inditam
1296 2130 1597 2199 bujusmodi
1624 2128 2055 2183 constitutionem
2077 2166 2090 2189 ,
2136 2124 2336 2179 formas

802 2230 927 2283 item
972 2235 1026 2281 et
1058 2225 1285 2295 species,
1321 2236 1383 2275 ac
1411 2228 1609 2273 tantam
1638 2219 1869 2288 partium
1899 2225 1951 2271 et
1977 2217 2334 2270 membrorum

803 2317 1215 2371 concinnitatem
1241 2354 1256 2376 ,
1313 2308 1724 2380 pulchritudinis
1781 2308 2084 2360 varietatem
2110 2346 2125 2369 ,
2177 2313 2230 2359 et
2260 2313 2338 2357 tot

803 2407 1111 2463 discrimina
1136 2403 1393 2473 producta
1428 2415 1579 2463 esse;
1614 2398 1833 2452 stultum
1884 2406 2030 2451 certe
2066 2397 2338 2451 insanum-

804 2514 909 2569 que
943 2497 1098 2551 l'uerit
1118 2482 1268 2556 illud,
1290 2502 1342 2546 et
1375 2490 1648 2543 hominum
1680 2488 1914 2557 quivere
1942 2486 2117 2539 anima
2140 2485 2335 2538 mortui

805 2587 1023 2652 fuerint,
1052 2583 1424 2638 “ratiocinium.
1472 2578 1749 2643 Quomodo
1803 2575 1944 2628 enim
1988 2573 2128 2642 quod
2176 2573 2337 2625 vitam

805 2694 914 2733 non
942 2677 1099 2730 habet
1131 2674 1283 2727 alteri
1330 2669 1632 2740 impertiat?
1660 2676 1749 2721 aut
1779 2666 2045 2734 quomodo
2072 2665 2338 2717 inanima-

805 2777 917 2825 tum
968 2768 1197 2821 animam
1251 2760 1626 2818 constituerit?
1660 2767 1750 2812 aut
1796 2756 2159 2810 irrationabile
2206 2770 2339 2822 quo-

805 2860 965 2917 modo
987 2857 1255 2929 quidpiam
1286 2852 1603 2908 rationabile
1644 2847 1997 2929 produxerit?
2025 2845 2143 2910 Quo
2188 2853 2342 2912 pacto

805 2953 1039 3024 primum
1069 2946 1386 3006 movebitur,
1410 2950 1502 2996 aut
1524 2941 1664 2993 aliud
1700 2928 1947 3002 movebit,
1979 2935 2121 3006 quod
2156 2950 2219 2989 ex
2248 2948 2342 2985 na-

808 3051 927 3095 tura
978 3054 1075 3094 sua
1109 3035 1379 3091 immobile
1424 3032 1531 3087 sit?
1578 3030 1892 3096 Huiusmodi
1922 3036 2003 3082 est
2032 3036 2187 3081 terra:
2233 3024 2342 3079 ele-

808 3142 1066 3193 mentum,
1084 3143 1147 3181 ex
1171 3140 1278 3195 quo
1297 3124 1475 3178 omnia
1508 3128 1562 3176 et
1579 3122 1724 3175 varia
1750 3110 1991 3187 prodiere
2029 3115 2338 3170 animalium

807 3234 1001 3293 genera
1022 3258 1036 3279 ,
1067 3231 1185 3286 qua:
1225 3214 1395 3269 oculis
1417 3252 1433 3278 ,
1479 3211 1700 3265 auribus
1749 3210 2061 3277 ceterisque
2094 3206 2340 3285 sensibus
2368 3239 2413 3301 ε

810 3316 1073 3370 instructa
1094 3316 1236 3371 sunt,
1255 3307 1383 3368 vita,
1403 3314 1547 3359 motu
1566 3311 1620 3359 et
1643 3302 1876 3373 appetitu
1903 3300 2159 3371 praadita?
2184 3299 2342 3351 homo

810 3418 935 3458 vero
985 3402 1050 3456 iis
1078 3402 1232 3469 longe
1252 3403 1486 3467 praestat,
1508 3409 1630 3449 cum
1660 3394 1729 3448 sit
1749 3401 1952 3446 natura:
1983 3387 2340 3446 rationabilis,

806 3503 873 3549 'ac
902 3493 1094 3555 mentis
1119 3499 1172 3545 et
1208 3487 1446 3544 scientiae
1473 3499 1660 3555 capax.
1692 3482 1829 3537 Num
1856 3482 2017 3551 igitur
2038 3494 2105 3533 ex
2136 3475 2344 3553 ratione

810 3599 979 3637 vacuo
1012 3590 1066 3637 et
1097 3580 1388 3634 inanimato
1419 3578 1679 3631 elemento
1725 3573 1835 3624 haec
1880 3569 2061 3623 omnia
2090 3552 2339 3618 subStite-

812 3674 974 3731 runt?
1002 3675 1069 3727 At
1093 3687 1214 3727 eum
1245 3669 1337 3738 qui
1369 3669 1480 3722 haec
1507 3661 1747 3719 conﬁteri
1774 3661 1926 3722 nolit,
1959 3659 2033 3712 rei
2068 3655 2238 3725 ipsius
2268 3656 2346 3707 vis

811 3773 865 3823 et
893 3762 1126 3819 eﬂicacia
1157 3760 1351 3821 vincit,
1398 3771 1459 3811 ac
1495 3755 1669 3824 ipsum
1714 3750 1959 3805 naturale
1991 3743 2345 3800 ratiocinium

810 3872 937 3912 vera
960 3855 1138 3909 dicere
1168 3851 1341 3920 cogit;
1378 3847 1632 3919 nimirum
1656 3860 1753 3898 nec
1781 3840 2130 3895 inanimatam
2175 3843 2344 3887 mate-

813 3951 989 4010 riam,
1032 3959 1203 4013 neque
1237 3942 1439 3995 aridam
1483 3923 1793 4004 rationc'que
1843 3943 2064 3985 vacuam
2098 3925 2348 3981 substan-

814 4042 965 4101 tiam,
1006 4038 1197 4091 horum
1245 4047 1365 4087 esse
1409 4044 1668 4085 causam:
1719 4025 1811 4081 sed
1869 4019 2055 4076 mundi
2102 4015 2347 4086 opiﬁcem

814 4146 937 4185 esse
974 4136 1201 4181 mentem
1224 4124 1506 4194 quamdam
1542 4121 1775 4175 divinam
1813 4124 1868 4169 et
1896 4110 2230 4183 creatricem,
2258 4106 2348 4160 Dei

818 4232 1007 4287 nempe
1038 4215 1285 4276 Verbum,
1315 4227 1494 4267 rerum
1530 4210 1768 4265 omnium
1799 4207 2076 4281 factorem,
2112 4201 2201 4270 qui
2238 4209 2349 4251 tum

820 4310 1041 4375 reliquis
1068 4305 1337 4365 omnibus,
1365 4310 1476 4354 tum
1510 4300 1609 4368 ipsi
1640 4294 1842 4350 homini
1884 4278 2075 4347 sensus
2108 4291 2351 4357 corporis

820 4398 1032 4460 indidit,
1065 4403 1117 4451 et
1148 4394 1338 4447 animae
1364 4391 1608 4445 humanae
1626 4385 1991 4444 ratiocinium,
2009 4391 2165 4448 atque
2192 4380 2351 4432 etiam

821 4498 1071 4550 mentem,
1101 4500 1206 4557 qua
1232 4494 1477 4538 naturam
1507 4494 1685 4535 rerum
1714 4473 2056 4535 consideret;
2086 4484 2149 4523 ac
2181 4467 2353 4521 oculis

2447 697 2654 757 Ἰακὼϐ,
2683 696 3022 764 ἀποκρίνεται
3054 692 3360 759 λέγων’Καί
3393 691 3524 754 πῶς,
3546 685 3589 741 ῶ
3609 688 3702 758 τὴν
3734 688 3965 740 διάνοιαν

2435 786 2643 855 ἀληθῶς
2674 785 2877 853 τυφλοὶ,
2918 786 2977 836 οὐ
3010 773 3225 836 δύναται
3258 781 3329 851 μὴ
3372 782 3521 851 ὀρᾷν,
3558 779 3687 849 μηδὲ
3732 779 3964 839 ἀκούειν,

2433 879 2461 928 6
2486 880 2594 938 τοῖς
2620 876 2692 945 μὴ
2726 876 2901 944 ἔχουσι
2940 873 3107 925 ταῦτα
3143 873 3578 943 παρασχόμενος;
3619 868 3835 929 Πάντως
3859 867 3965 936 γάρ

2435 984 2533 1018 που
2570 969 2596 1018 6
2642 965 2942 1035 μεταδιδοὺς
2991 963 3189 1033 ἑτέροις
3243 961 3450 1032 πρῶτος
3504 958 3660 1020 αὐτὸς
3712 957 3964 1026 κέκτηται

2432 1053 2619 1114 ταῦτα,
2651 1046 2723 1104 ὧν
2760 1051 3119 1120 μεταδίδωσιν.
3154 1050 3302 1103 Ἔστι
3344 1049 3399 1100 δὲ
3429 1050 3456 1100 6
3485 1046 3634 1113 λόγος
3666 1044 3802 1098 κατά
3840 1043 3965 1095 συλ-

2433 1141 2683 1210 λογισμὸν
2730 1140 3010 1208 εἰρημένος
3051 1140 3143 1191 καὶ
3182 1129 3802 1197 κατασκευαστικὸςτοῦ
3839 1135 3966 1203 περὶ

2434 1231 2680 1301 προνοίας
2722 1230 2996 1298 δόγματος.
3032 1230 3275 1298 Προσῆκε
3302 1228 3355 1281 δὲ
3396 1227 3619 1296 μάλιστα
3651 1228 3758 1286 τοῖς
3797 1224 3969 1276 τοιού·-

2422 1332 2541 1381 λτοις
2562 1321 2666 1372 τῶν
2688 1319 2841 1371 θείων
2867 1321 2905 1370 Γ
2912 1319 3091 1389 ραφῶν
3118 1318 3394 1385 ἐφιστάναι
3420 1316 3504 1368 τὸν
3525 1316 3645 1367 νοῦν
3666 1315 3863 1375 τόποις,
3888 1314 3966 1376 εἰς

2433 1409 2700 1472 ἀπόδειξιν
2728 1407 2820 1459 τοῦ
2864 1408 2935 1475 μὴ
2984 1406 3171 1473 ἄλογον
3204 1406 3379 1456 πίστιν
3422 1401 3807 1473 προϐάλλεσθαι
3840 1402 3967 1469 ἡμῖν

2434 1499 2523 1551 ὑπ’
2553 1497 2767 1561 αὐτῶν,
2798 1499 2931 1565 μετὰ
2981 1493 3247 1563 λογισμῶν
3276 1498 3331 1545 οὲ
3363 1491 3601 1562 ἐναργῶν
3638 1492 3729 1543 καί
3762 1489 3969 1542 ἀποδείο

2434 1590 2564 1654 ξεων
2586 1585 2814 1656 λογικῶν
2833 1586 2928 1649 τὰς
2952 1586 3056 1639 τῶν
3078 1585 3352 1653 δογμάτων
3380 1582 3671 1658 μαρτυρίας
3692 1583 3965 1651 παρέχεινο

2433 1679 2614 1751 Μυρία
2649 1675 2692 1729 δ’
2724 1676 2788 1729 ἂν
2817 1676 2900 1748 εἴη
2943 1674 3159 1728 τοιαῦτα
3211 1676 3328 1734 ταῖς
3371 1674 3538 1740 ἱεραῖς
3601 1669 3795 1739 βίϐλοις
3839 1684 3980 1720 κατ’·

2434 1768 2761 1838 εσπαρμένα.
2796 1764 3159 1832 Συλλογίζεται
3188 1761 3463 1831 τοιγαροῦν
3493 1762 3614 1821 τοὺς
3651 1757 3856 1821 ἀσεϐεῖς
3878 1758 3972 1808 καὶ

2434 1857 2620 1919 ἀθέους
2641 1857 2731 1909 τοῦ
2760 1856 2831 1927 μὴ
2853 1857 3048 1925 ἑφορᾷν
3074 1862 3162 1906 τὸν
3181 1852 3311 1905 Θεὸν
3332 1851 3398 1903 τά
3420 1848 3725 1920 ἀνθρώπινα
3747 1848 3969 1916 φάσκον-

2369 1922 2407 1975 Β
2432 1965 2548 2009 τας.
2583 1922 2787 2018 Πότερα
2812 1922 3149 2016 γὰρξτρησὶν,
3178 1938 3221 1995 ὦ
3245 1934 3404 2004 οὗτοι,
3435 1939 3727 2009 αὐτόματος
3764 1937 3967 2004 ὑπέστη

2435 2034 2538 2087 τῶν
2572 2033 2720 2096 ζώων
2749 2037 2781 2103 ή
2814 2032 2987 2100 φύσις,
3021 2032 3053 2101 ἢ
3100 2031 3314 2098 γέγονεν
3359 2028 3421 2080 ἔκ
3460 2042 3603 2088 τινος
3652 2024 3820 2078 αἰτίου
3848 2039 3861 2086 ;
3898 2022 3971 2072 Τὸ

2438 2127 2533 2197 μὲν
2557 2121 2645 2176 οὖν
2670 2124 2893 2192 φάσκειν
2924 2126 3042 2193 είκῇ
3072 2123 3162 2175 καὶ
3187 2122 3260 2183 ὼς
3293 2120 3492 2189 ἔτυχεν,
3526 2118 3731 2184 ἀλόγως
3758 2115 3850 2167 καὶ
3870 2115 3969 2167 αύ-

2434 2214 2683 2283 τομάτως
2701 2212 2797 2282 τὴν
2823 2210 2991 2273 άξωον
3021 2211 3113 2263 καὶ
3148 2208 3345 2277 ἄψυχον
3372 2207 3465 2260 καὶ
3496 2207 3714 2275 ἀνόητον
3753 2203 3879 2272 ὓλην
3903 2201 3971 2254 τὰ

2433 2302 2663 2355 τοσαῦτα
2712 2299 2825 2363 ζῶα
2866 2299 2957 2351 καὶ
2997 2298 3092 2367 τὴν
3137 2300 3216 2364 ἐφ’
3246 2299 3451 2365 ἑκάστῳ
3481 2296 3622 2362 γένει
3666 2294 3774 2346 τῶν
3821 2291 3970 2355 ζώων

2435 2390 2635 2444 τοιάνδε
2665 2388 3018 2467 κατασκευὴν,
3050 2388 3146 2449 τάς
3174 2403 3232 2437 τε
3264 2388 3318 2437 ἑν
3339 2386 3517 2446 αὐτοῖς
3542 2384 3747 2453 μορφὰς
3786 2382 3877 2434 καὶ
3903 2380 3970 2433 τὰ

2434 2482 2546 2551 εἰδη
2580 2481 2671 2534 καὶ
2695 2480 2792 2551 τὴν
2823 2478 3083 2547 τοσαύτην
3109 2476 3214 2528 τῶν
3249 2475 3508 2545 μερῶν.τε
3538 2474 3630 2527 καὶ
3666 2470 3836 2542 μελῶν
3857 2470 3970 2523 διά-

2436 2570 2600 2635 θεσιν,
2629 2571 2724 2641 τήν
2750 2586 2809 2621 τε
2846 2567 2935 2621 τοῦ
2970 2564 3190 2627 κάλλους
3220 2564 3501 2627 ποικιλίαν,
3526 2564 3619 2615 καὶ
3659 2565 3755 2624 τάς
3784 2561 3973 2613 τοσαύο

2435 2678 2531 2723 τας
2567 2659 2823 2729 διαφορὰς
2852 2655 3279 2728 προενηνοχέναι,
3315 2654 3512 2723 σφόδρα
3542 2653 3715 2724 μωρὸν
3739 2653 3832 2704 καὶ
3860 2650 3977 2720 ὴλί-

2437 2751 2568 2812 θιον,
2594 2751 2684 2803 καὶ
2699 2748 2902 2818 ἀνδρῶν
2917 2748 2989 2811 ὡς
3012 2744 3220 2815 ἀληθῶς
3235 2745 3329 2807 τὰς
3344 2744 3517 2813 ψυχὰς
3541 2742 3971 2813 νενεκρωμένων.

2438 2839 2560 2901 Πῶς
2592 2838 2699 2907 γὰρ
2728 2838 2789 2890 τὸ
2821 2838 2892 2908 μὴ
2925 2836 3065 2905 ζωῆς
3095 2837 3312 2907 μετέχον
3340 2833 3480 2903 ζωὴν
3500 2833 3667 2903 ἑτέρῳ
3700 2821 3763 2885 ὂξν
3802 2832 3973 2902 παρά-

2441 2946 2586 3001 σχοι;
2614 2930 2646 3000 ἢ
2683 2929 2741 2981 τὸ
2766 2916 3106 2997 ἄψυχονπῶς
3135 2926 3198 2979 ἂν
3220 2926 3393 2994 ψυχὴν
3431 2925 3818 2991 ὑποστήσαιτος
3850 2922 3882 2991 ἢ
3915 2920 3978 2972 τὸ

2440 3023 2628 3089 ἄλογον
2655 3020 2769 3081 πῶς
2792 3018 2856 3071 ἂν
2880 3018 3087 3084 λογικόν
3114 3034 3165 3068 τι
3184 3016 3599 3068 κατασκευάσειε
3618 3012 3778 3079 ;·Πῶς
3796 3013 3851 3064 δὲ
3876 3010 3973 3079 τὴν

2439 3114 2609 3184 ἀρχὴν
2636 3108 2998 3182 κινηθήσεται,
3030 3108 3062 3178 ἢ
3092 3106 3205 3169 πῶς
3241 3107 3422 3176 ἕτερον
3451 3105 3655 3174 κινήσει
3682 3103 3740 3157 τὺ
3771 3102 3829 3167 ἑξ
3853 3102 3979 3153 ἑαυ-

2441 3206 2532 3257 τοῦ
2570 3203 2665 3274 τὴν
2694 3203 2849 3272 φύσιν
2869 3199 3149 3269 ἀκίνητον;
3177 3196 3423 3249 Τοιοῦτον
3445 3194 3499 3246 δὲ
3523 3191 3583 3244 τὸ
3604 3191 3702 3260 τῆς
3722 3191 3821 3260 γῆς
3845 3205 3979 3241 στοι-

2447 3296 2605 3362 χεῖον,
2634 3291 2691 3356 ἑξ
2718 3283 2778 3342 οὗ
2821 3290 3039 3342 παντοῖα
3066 3285 3292 3355 προῆλθε
3326 3282 3474 3345 ζώων
3502 3281 3651 3350 γένη,
3675 3278 3978 3347 ὀφθαλμοὺς

2447 3382 2632 3450 ἔχοντα
2660 3379 2752 3431 καὶ
2776 3372 2886 3429 ὧτα
2933 3377 3025 3429 καὶ
3045 3375 3112 3427 τὰ
3141 3373 3298 3425 λοιπά
3339 3370 3678 3440 αἰσθητήρια,
3712 3366 3855 3436 ζωῆς
3884 3366 3978 3417 καὶ

2448 3469 2705 3537 κινήσεως
2736 3465 2827 3518 καὶ
2868 3462 3041 3534 ὁρμῆς
3089 3450 3315 3531 μέτοχα;
3346 3458 3622 3529 ἄνθρωπος
3652 3455 3708 3509 δὲ
3738 3456 3830 3508 καὶ
3860 3454 3981 3507 τού-

2444 3574 2552 3610 των
2581 3556 2837 3624 ἐπάγεται
2862 3554 3040 3616 πλέον,
3072 3551 3288 3620 λογικῆς
3329 3547 3401 3601 ὢν
3429 3548 3657 3616 φύσεως,
3684 3544 3774 3599 νοῦ
3799 3561 3855 3597 τε
3884 3544 3980 3596 καὶ

2449 3649 2748 3718 ἐπιστήμης
2790 3645 3029 3707 δεκτικὸς
3071 3643 3365 3713 τυγχάνων.
3393 3636 3513 3711 Ἆρ’
3540 3632 3631 3691 οὖν
3655 3634 3735 3700 ,ἑξ
3785 3633 3976 3700 ἀλόγου

2449 3741 2540 3790 καὶ
2562 3738 2762 3807 ἀψύχου
2786 3736 3038 3805 στοιχείου
3056 3734 3124 3786 τὰ
3148 3733 3319 3787 τοιάδε
3350 3732 3519 3793 πάντα
3542 3726 3777 3795 ὑπέστης
3817 3724 3977 3777 Ἀλλὰ

2450 3828 2543 3881 καὶ
2580 3828 2668 3880 τὸν
2709 3827 2780 3896 μὴ
2814 3824 3122 3894 βουλόμενον
3152 3822 3422 3891 ὁμολογεῖν
3454 3818 3586 3870 αὐτὰ.
3622 3817 3806 3885 νικᾷ,ή
3836 3812 3982 3881 ἑνὲρ·

2451 3935 2591 3989 γεια,
2619 3917 2710 3970 καὶ
2740 3914 2925 3969 ὁκατὰ
2962 3912 3117 3980 φύσιν
3160 3905 3638 3977 λογισμὺςίτάληθῆ
3678 3904 3853 3970 λέγειν
3891 3904 3981 3953 ὲκ-

2452 4009 2708 4087 6ιάζεται,
2734 4006 2794 4059 τὸ
2820 4007 2891 4076 μὴ
2910 4005 3005 4073 τὴν
3026 4003 3221 4071 ἄψυχον
3245 3998 3396 4066 ὓλην,
3427 3996 3554 4065 μηδὲ
3578 3994 3673 4064 τὴν
3702 3992 3867 4062 ξηρὰν
3888 3992 3981 4043 καὶ

2452 4102 2640 4169 ἄλογον
2666 4099 2845 4151 οὐσίαν
2872 4095 3069 4149 τούτων
3096 4091 3355 4163 ὑπάρχειν
3386 4086 3557 4139 αἰτίαν
3575 4102 3589 4115 ο
3619 4084 3739 4137 νοῦν
3770 4083 3825 4136 δέ
3860 4097 3981 4133 τινα

2454 4193 2591 4245 θεῖον
2622 4192 2714 4244 καί
2733 4185 3111 4259 δημιουργικὸν
3138 4178 3271 4235 εἶναι
3299 4178 3464 4245 Λόγον
3494 4174 3625 4228 Θεοῦ
3656 4173 3743 4226 τὸν
3781 4188 3980 4241 κοσμο-

2456 4282 2623 4344 ποιὺν,
2653 4280 2744 4331 καὶ
2774 4280 2983 4331 πάντων
3028 4271 3251 4342 ποιητὴν
3292 4267 3468 4329 αὐτὸν,
3500 4266 3591 4318 καὶ
3628 4266 3736 4325 τοῖς
3778 4261 3982 4323 λοιποῖς

2456 4375 2621 4428 ἆπασι
2654 4370 2745 4424 xui
2771 4367 2914 4435 αὐτῷ
2937 4363 3201 4434 ἀνθρώπῳ
3233 4359 3502 4430 αἰσθήσεις
3521 4354 3779 4410 δεδωκότα
3801 4352 3985 4423 σώμα-

2456 4480 2564 4525 τος,
2597 4460 2690 4514 καὶ
2723 4457 2896 4527 ψυχῆς
2930 4455 3201 4523 λογισμὸν,
3230 4454 3322 4505 καὶ
3351 4450 3472 4527 νοῦν
3508 4446 3639 4518 πρὸς
3675 4444 3878 4527 τούτοις
3903 4444 3983 4505 εἰς

822 4524 1071 4550 ...συιωη
1101 4524 1206 4557 ψη.
1234 4524 1477 4538 .............
1508 4524 1685 4535 .,,._-.-
1719 4524 1985 4530 --μηνί
2042 4524 2056 4535 ,
2528 4524 2535 4525 ί

820 4578 1052 4648 quidem,
1077 4574 1307 4630 visibilia
1337 4570 1618 4639 respiciat;
1653 4565 1872 4619 auribus
1914 4574 2076 4620 vero,
2111 4558 2164 4611 iu
2204 4556 2356 4608 audi-
2392 4574 2433 4626 υ
2456 4555 2546 4607 τὸέ

2312 4558 2356 4608 i-
2392 4574 2433 4626 υ
2456 4524 2842 4607 τὸῗὲπιϐάλλειν
2858 4524 2932 4616 τῇ
2955 4545 3108 4613 φύσει
3135 4544 3242 4595 τῶν
3265 4524 3591 4611 πραγμάτων
3608 4555 3623 4568 σ
3655 4536 3746 4589 καὶ
3767 4524 3984 4602 θεωρεῖν
4029 4562 4031 4566 -

2502 4638 2512 4648 ι
2597 4644 2610 4648 -
2662 4640 2681 4648 -
2726 4640 2740 4648 .
2828 4640 2849 4648 .-
2945 4636 2955 4648 ι
2999 4638 3009 4648 ν
3130 4633 3142 4648 ι
3214 4632 3226 4648 9
3275 4632 3289 4648 \
3330 4631 3370 4648 κ
3409 4627 3465 4648 AL
3498 4623 3721 4648 L---.,._).
3750 4620 3959 4648 L-.-.'.-...

766 4716 767 4719 η
807 4681 934 4729 .tum
969 4670 1210 4721 cadentia
1239 4666 1457 4727 audiat;
1493 4658 1845 4729 cogitationes
1883 4653 2129 4715 demum,
2160 4648 2356 4702 intelli—

823 4761 1001 4831 gibilia
1032 4755 1461 4826 comprehendat.
1488 4752 1587 4817 Qui
1613 4750 1773 4818 igitur
1802 4745 1911 4800 ﬁeri
1954 4748 2129 4811 potest
2157 4748 2234 4801 ut,
2265 4737 2357 4807 qui

824 4830 945 4903 aliis
971 4847 1271 4901 facultatem
1304 4841 1535 4901 videndi,
1567 4853 1725 4907 quam
1755 4852 1820 4890 ex
1850 4850 1906 4887 se
1934 4848 2040 4887 non
2066 4830 2355 4891 habebant,

830 4938 1104 5007 impertiit,
1131 4950 1238 4987 non
1290 4934 1404 5001 ipse
1438 4931 1651 4984 videat?
1705 4927 1804 4990 Qui
1838 4924 1949 4978 ﬁeri
1982 4928 2157 4991 potest
2190 4927 2249 4972 ut
2276 4919 2321 4973 is
2343 4957 2357 4981 ,

830 5028 922 5099 qui
956 5027 1010 5080 in
1036 5034 1250 5079 terreno
1279 5029 1331 5075 et
1362 5021 1501 5102 luteo
1529 5033 1655 5073 vase
1682 5015 1919 5069 auditum
1954 5023 2004 5065 et
2028 5024 2209 5064 aurem
2242 5023 2362 5076 per-

835 5097 1023 5173 foravit
1045 5156 1060 5179 ,
1111 5116 1199 5170 ita'
1221 5121 1273 5167 ut
1316 5118 1461 5164 muta
1484 5097 1543 5163 'et
1576 5108 1737 5162 surda
1777 5103 2020 5164 materia,
2052 5117 2113 5156 ea
2146 5114 2264 5169 quae
2292 5097 2359 5151 ad

833 5224 1012 5264 aurem
1037 5206 1379 5276 proferuntur
1406 5200 1605 5265 audiat,
1645 5214 1748 5251 non
1789 5198 1901 5264 ipse
1932 5192 2121 5246 melius
2149 5198 2201 5245 et
2230 5194 2364 5259 prae-

831 5301 1064 5357 stantius
1090 5286 1209 5352 aliis
1236 5295 1482 5351 omnibus
1516 5292 1775 5345 humanas
1809 5284 2159 5355 cogitationes
2188 5280 2363 5352 perci-

838 5391 983 5463 piat?
1044 5388 1193 5452 Quod
1225 5386 1269 5439 si
1310 5385 1570 5438 universae
1606 5396 1698 5449 per
1739 5379 1922 5433 orbem
1971 5382 2149 5443 gentes
2175 5412 2190 5434 ,
2242 5383 2364 5423 cum

837 5485 1077 5537 barbara:
1096 5488 1205 5531 tum
1226 5476 1441 5537 Graxcze,
1474 5471 1705 5527 naturali
1734 5466 2138 5537 cogitationum,
2176 5476 2307 5531 quas
2337 5474 2365 5512 a

838 5573 945 5627 Deo
978 5573 1315 5637 acceperunt,
1349 5565 1618 5634 impulsu,
1676 5558 1936 5629 quasdam
1989 5554 2089 5609 sibi
2141 5554 2283 5620 leges
2315 5557 2369 5603 et

839 5662 1247 5717 constitutiones
1284 5656 1664 5718 eﬂ'ormarunt;
1697 5647 1965 5722 quomodo
2009 5646 2054 5699 is
2083 5644 2173 5713 qui
2208 5642 2370 5695 talem

2461 4638 2557 4714 μὲν
2587 4640 2877 4709 ὀφθαλμοῖς
2904 4636 2970 4688 τά
2990 4633 3177 4703 ὁρατὰ,
3199 4632 3299 4683 ὠσὶ
3324 4631 3379 4681 δὲ
3404 4627 3469 4679 τά
3491 4623 3723 4679 ἀκουστά
3748 4620 3982 4682 ἀκούειν,

2457 4707 2691 4803 λογισμῷ
2812 4726 3041 4780 συνιέναι
3068 4722 3137 4775 τὰ
3171 4720 3347 4788 νοητά.
3393 4717 3512 4780 Πῶς
3540 4712 3629 4768 οὖν
3673 4707 3780 4765 οἷόν
3811 4727 3867 4764 τε
3896 4711 3987 4762 τὸν

2458 4799 2786 4895 ἑτέροιςὴτοῖς
2821 4818 2893 4891 μὴ
2914 4816 3039 4887 παρ’
3067 4811 3268 4866 ἑαυτῶν
3296 4810 3470 4879 ἔχουσι
3495 4802 3868 4877 παρεσχηκότα
3887 4799 3989 4869 τὴν

2458 4888 2710 4984 ὁρατικὴν
2741 4888 2981 4978 δύναμιν,
3023 4902 3179 4958 αὑτὸν
3224 4901 3297 4971 μὴ
3324 4900 3481 4969 ὁρᾷν;
3518 4896 3638 4957 Πῶς
3680 4892 3736 4944 δὲ
3768 4888 3989 4943 δυνατὸν

2458 4981 2546 5057 τδν
2586 5006 2642 5055 ἑν
2672 4981 2749 5071 τῷ
2795 4999 2980 5067 γεώδει
3026 4994 3116 5048 καὶ
3154 4991 3355 5063 πηλίνῳ
3406 4986 3584 5040 σκεύει
3634 4981 3993 5050 διατρήσαντα

2459 5096 2624 5165 ἀκοὴν
2655 5094 2747 5147 καὶ
2772 5086 2882 5151 οὖς,
2914 5086 3060 5141 ένθεν
3092 5084 3158 5136 τά
3189 5085 3266 5144 εἰς
3296 5072 3409 5133 ὦτα
3440 5074 3651 5130 ἀκούειν
3693 5074 3790 5142 τήν
3828 5073 3993 5125 ἀναυ-

2461 5187 2546 5239 δον
2589 5184 2681 5237 καὶ
2716 5179 2901 5249 κωφὴν
2934 5176 3062 5245 ὓλην
3095 5174 3201 5226 τῶν
3239 5169 3428 5234 ἔξωθεν
3471 5165 3657 5235 φωνῶν
3688 5161 3881 5222 αὐτῶν,
3919 5160 3995 5230 μὴ

2461 5277 2579 5346 οὐχὶ
2609 5275 2715 5344 πρὸ
2745 5271 2953 5323 πάντων
2987 5264 3115 5317 πολὺ
3148 5260 3458 5331 κρειττόνως
3485 5258 3575 5309 καὶ
3605 5254 3858 5326 μειζόνως
3886 5254 3996 5310 τοῖς

2613 5340 2907 5435 ἀνθρώπων
2938 5354 3208 5409 ἐπιϐάλλει
3243 5351 3543 5420 λογισμοῖς;
3576 5348 3641 5401 Εἰ·
3677 5347 3731 5398 δὲ
3766 5344 3861 5397 καὶ
3901 5340 3997 5393 ὅλα

2466 5456 2589 5525 ἔθνη
2617 5456 2684 5507 τά
2703 5430 2793 5504 ἐπὶ
2810 5449 2912 5518 γῆς
2936 5443 3177 5517 βάρϐαρά
3203 5459 3261 5494 τε
3291 5440 3383 5494 καὶ
3420 5436 3719 5509 Ἑλληνικὰ,
3748 5430 3997 5502 φυσικαῖς

2466 5522 2691 5606 ἐννοίαις
2729 5540 3033 5608 κινούμενα,
3071 5533 3136 5597 ἃς
3167 5532 3268 5585 ὑπὸ
3312 5530 3444 5583 θεοῦ
3491 5530 3761 5606 εἰλήφασι,
3803 5522 3999 5608 νόμους

2467 5635 2613 5696 τινὰς
2645 5602 2737 5686 καὶ
2759 5602 3021 5690 διατάξεις
3048 5625 3253 5687 ἑαυτοῖς
3288 5602 3709 5674 διετυπώσαντο·
3743 5611 3863 5671 πῶς
3881 5605 4015 5670 ούγὶ’

840 5754 973 5823 ipsis
1008 5751 1336 5820 prudentiam
1369 5746 1589 5801 indidit.
1620 5698 1729 5797 nonI
1767 5746 1955 5811 arguat
1985 5752 2080 5792 eos
2106 5733 2197 5803 qui
2239 5746 2373 5801 prze-
2470 5729 2497 5778 6
2528 5744 2566 5778 τι

2277 5746 2373 5785 rze-
2470 5729 2497 5778 6
2528 5726 2726 5793 ταύτην
2757 5723 2941 5782 αὐτοῖς
2960 5717 3056 5787 τὴν
3093 5715 3296 5768 σύνεσιν
3320 5710 3677 5781 δεδωρημένος
3704 5702 3831 5783 etab;
3858 5698 4003 5764 ἐλέγ-

2480 5818 2499 5823 -
2642 5817 2652 5823 -
2846 5811 2857 5823 ι
2934 5809 2946 5823 ι
2998 5812 3001 5815 ι
3078 5806 3089 5820 ν
3212 5806 3293 5823 κη-
3336 5805 3473 5823 μώρα
3503 5794 3772 5823 ,μλάυη
3800 5788 4002 5823 sunt."

842 5788 973 5823 .pw
1008 5788 1336 5820 γ.....υ...ι....
1369 5788 1589 5801 ...ν....-,
1621 5788 1726 5797 ην..
1767 5788 1950 5811 --ο---ε
1993 5788 2011 5792 ,
2056 5788 2072 5790 _
2116 5788 2137 5803 γ,
2239 5788 2254 5801 _

842 5852 925 5898 ter
944 5850 1190 5897 naturam
1223 5853 1283 5892 ac
1323 5845 1512 5899 praeter
1546 5848 1731 5889 sanam
1780 5836 2007 5885 mentem
2050 5822 2179 5889 quid
2218 5834 2372 5884 agere
2474 5818 2551 5880 in

2275 5834 2372 5883 {ore
2474 5818 2551 5880 ﬁt
2580 5788 2701 5877 τοὺς
2726 5809 3001 5867 meum
3025 5806 3179 5866 φύσιν
3210 5806 3302 5859 καὶ
3330 5805 3474 5856 παοᾶ
3500 5801 3593 5859 τὰς
3613 5794 3772 5855 όοθάς
3800 5788 4001 5850 ἐννοίας
