4372 6404
379 516 509 572 ιωι
620 548 625 559 ~

1472 524 1967 582 COMMENTARIA
2006 528 2072 583 IN
2112 530 2445 586 ΡδΑωιοε.

3392 518 3537 575 ηοε-

380 629 631 698 πράττειν
653 647 704 682 τι
732 631 1034 700 τολμῶντας
1060 650 1074 696 ;
1112 634 1274 685 Πόθεν
1304 633 1358 686 δὲ
1389 634 1683 705 ἀνθρώποις
1719 640 1751 707 ὴ
1784 640 1905 707 περὶ
1934 645 1976 700 Α
2007 655 2102 695 aus

1806 640 1905 707 περὶ
1934 645 1976 700 Α
2007 644 2122 695 ausi
2148 644 2379 698 fuerint?
2412 641 2561 696 Unde
2590 641 2890 695 hominibus
2920 634 3117 707 prodiit
3156 633 3331 699 omnis
3356 644 3408 689 et
3437 649 3532 687 cn-

382 719 577 782 παντὸς
606 721 903 774 οὑτινοσοῦν
944 724 1254 792 πράγματος
1283 725 1510 791 γνῶσις;
1553 727 1708 780 πόθεν
1740 730 1794 782 αί
1825 731 1908 781 τέ-

380 825 533 877 χναις
565 810 722 863 πόθεν
749 811 852 884 τῶν
873 812 1181 881 ἐπιστημῶν
1206 816 1261 865 αί
1283 815 1496 886 Θεωρία.
1520 858 1533 879 ,
1558 818 1715 871 πόθεν
1734 822 1779 872 οί
1804 821 1908 873 τῶν

384 895 713 965 μαθημάτων
754 899 930 965 λόγος
966 896 1049 969 ἆρ’
1079 902 1174 953 οὐκ
1198 901 1302 954 ἀπὸ
1328 888 1417 955 τοῦ
1458 908 1910 979 κατασπείραντος

382 986 439 1035 ἐν
467 986 644 1047 αὐτοῖς
688 987 783 1056 τὴν
812 988 1035 1057 δύναμιν
1072 991 1167 1059 τῆς
1197 990 1394 1046 τούτων
1437 995 1805 1063 καταλήψεως
1848 998 1909 1049 Τί

379 1070 504 1138 οὗν;
535 1076 562 1126 6
593 1076 840 1147 τοιαύτην
878 1078 1141 1150 ἀνθρώπῳ
1177 1082 1331 1149 φύσιν
1354 1086 1727 1155 χαρισάμενος,
1754 1089 1912 1151 αὐτὸς

381 1164 657 1235 ἐστέρηται
702 1168 795 1236 τῆς
822 1168 1085 1235 γνώσεως,
1130 1172 1203 1234 ὡς
1250 1174 1380 1242 μηδὲ
1418 1176 1695 1242 γινώσκειν
1726 1180 1909 1243 ταῦτα,

380 1246 454 1304 ὦν
486 1256 640 1317 αὐτὸς
666 1259 910 1324 τυγχάνει
931 1260 1089 1330 δοτὴρ
1114 1278 1127 1325 ;
1168 1263 1321 1315 Ἀλλὰ
1352 1266 1455 1335 γὰρ
1484 1268 1757 1323 παύσασθε
1796 1272 1913 1322 ἁσεο

379 1342 614 1407 δοῦντες,
670 1340 713 1398 ὦ
764 1347 1011 1415 μάταιοι·
1062 1350 1245 1419 άληθεί
1294 1354 1347 1406 δὲ
1400 1356 1537 1423 λόγῳ
1592 1358 1911 1427 πειθόμενοι,

380 1430 573 1495 γνῶτε,
606 1433 685 1485 ὅτι
731 1436 760 1485 6
799 1438 1061 1503 φυτεύσας
1107 1440 1162 1490 ὲν
1198 1442 1495 1511 ἀνθρώποις
1531 1446 1587 1497 τὸ
1633 1442 1742 1508 οὖς,
1782 1449 1913 1501 πολὺ

381 1518 639 1588 πρότερος
685 1522 843 1584 αὐτὸς
886 1524 990 1575 τῶν
1036 1526 1182 1594 παρὰ
1233 1527 1530 1596 ἀνθρώποις
1579 1530 1914 1600 λαλουμένων

382 1602 701 1657 ἀκούσεται·
737 1609 829 1661 καὶ
863 1609 923 1659 ού
959 1611 1112 1678 μόνον
1140 1613 1323 1681 ὄψεται
1364 1618 1455 1668 καὶ
1484 1616 1549 1669 τά
1577 1621 1915 1687 πραττόμενα

384 1693 700 1747 ἐποπτεύσει
730 1699 759 1748 6
785 1700 843 1750 ὲν
888 1700 1186 1771 ἀνθρώποις
1220 1705 1424 1769 πλάσας
1467 1706 1755 1777 ὀφθαλμὸν,
1785 1710 1915 1762 ἀλλὰ

385 1782 477 1835 καὶ
506 1785 602 1846 τὰς
640 1786 974 1858 ἐνθυμήσεις,
1005 1792 1101 1855 τὰς
1133 1793 1210 1845 ἑτι
1244 1794 1379 1848 κατὰ
1423 1795 1651 1849 διάνοιαν
1686 1814 1917 1868 κρυπτοτ

386 1873 548 1941 μένας
575 1877 804 1946 συνήσει.
839 1879 981 1950 Αὕτη
1010 1884 1115 1953 γὰρ
1146 1885 1276 1937 Θεοῦ
1308 1885 1528 1956 δύναμις
1571 1889 1916 1955 γινώσκοντος

384 1961 477 2012 καὶ
517 1961 873 2033 διακρίνοντος
898 1969 1019 2031 τοὺς
1053 1970 1425 2043 διαλογισμοὺς
1442 1954 1556 2025 τῶν
1584 1954 1912 2046 ανθρώπων,
1949 1954 1988 2008 Β

380 2050 462 2104 bri.
489 2054 592 2106 εἰσὶ
624 2056 857 2122 μάταιοι.
906 2060 1137 2130 Ἀληθῶς
1166 2064 1270 2134 γάρ
1303 2065 1446 2116 πᾶσα
1473 2067 1505 2133 ἡ
1534 2066 1682 2136 παρὰ
1709 2068 1914 2138 ἀνθρώ-

383 2158 504 2205 ποις
550 2147 864 2217 νομιζομένη
903 2150 1142 2218 ἀλήθεια,
1189 2155 1463 2221 καὶ-πᾶσα
1507 2157 1540 2225 ὴ
1580 2159 1706 2227 παρ’
1739 2160 1919 2222 αὐτοῖς

382 2235 562 2301 σοφία,
596 2236 659 2305 ἢν
689 2237 745 2301 ἐξ
779 2239 986 2291 οἰκείων
1014 2241 1279 2312 λογισμῶν
1323 2246 1415 2298 καὶ
1446 2246 1648 2317 θνητῶν
1690 2250 1919 2319 ἐνθυμή-

386 2337 519 2374 σεων
562 2325 964 2393 προϐάλλονται,
1008 2331 1229 2399 μάταιος
1255 2333 1318 2386 ἂν
1352 2336 1457 2406 εἰη.
1488 2338 1601 2391 Πᾶν
1627 2340 1732 2409 γὰρ
1761 2328 1917 2408 σοφὸν

382 2414 476 2500 καὶ
516 2414 708 2485 ἀληθὲς
748 2419 874 2487 παρ’
905 2420 1048 2490 αύτῷ
1084 2422 1225 2493 μόνῳ
1259 2427 1526 2499 τυγχάνει,
1551 2430 1643 2481 καὶ
1671 2432 1795 2500 παρ’
1819 2432 1914 2483 αύ-

382 2499 473 2552 τοῦ
500 2503 675 2571 μόνοις
703 2508 810 2567 τοῖς
837 2506 1003 2571 ἀξίοις
1025 2509 1239 2565 δίδοται.
1320 2516 1325 2517 ⁷

452 2593 744 2662 Μακάριος
785 2598 1103 2667 ἄνθρωπος,
1144 2604 1214 2656 ὃν
1246 2605 1322 2659 ἂν
1352 2608 1693 2677 παιδεύσῃς,
1723 2614 1915 2681 Κύριε,

382 2683 477 2735 καί
504 2686 572 2737 ἐκ
601 2687 702 2739 τοῦ
734 2690 915 2755 νόμου
945 2708 1058 2745 σου
1086 2693 1328 2760 διδάξῃς
1364 2699 1564 2762 αὐτὸν,
1598 2700 1702 2754 τοῦ
1730 2703 1916 2768 πραῧ-

382 2784 478 2823 ναι
501 2773 656 2837 αὐτῷ
689 2775 787 2841 ἀφ’
813 2778 1042 2844 ἡμερῶν
1066 2781 1357 2848 πονηρῶν,
1379 2784 1488 2851 ἕως
1516 2783 1587 2842 οὗ
1612 2790 1795 2858 ὀρυγῇ
1840 2792 1919 2857 τῷ

383 2861 699 2931 ἁμαρτω.ιῷ
715 2865 949 2933 βόθρος.
980 2869 1219 2934 Πεισθεὶς
1244 2873 1353 2941 ἐγὼ
1383 2878 1473 2928 καὶ
1500 2880 1786 2944 πιστεύσας
1808 2886 1918 2946 τοῖς

383 2953 707 3022 εἰρημένοις,
736 2958 827 3008 καὶ
850 2958 929 3010 ὅτι
944 2962 1000 3011 οἱ
1018 2960 1345 3033 διαλογισμοὶ
1362 2965 1469 3019 τῶν
1488 2968 1784 3039 ἀνθρώπων
1813 2973 1917 3024 εἰσί

386 3042 617 3130 μάταιοι,
649 3046 868 3110 εἰκότως
898 3050 1098 3101 ἐκεῖνον
1124 3052 1279 3119 μόνον
1314 3056 1574 3126 μακάριον
1598 3054 1732 3111 εἶναι
1756 3061 1917 3130 ἠγοῦ-

386 3144 503 3195 μαι,
534 3123 578 3181 ὦ
611 3132 800 3203 Κύριε,
822 3135 909 3189 τὸν
938 3137 1042 3189 ἀπὸ
1068 3139 1163 3209 τῆς
1194 3140 1290 3208 σῆς
1320 3123 1505 3209 σοφίας
1542 3148 1633 3198 καὶ
1655 3123 1913 3215 παιδείας,

2002 726 2222 794 juslibet
2254 730 2330 784 rei
2366 729 2595 782 notitia?
2628 728 2765 781 unde
2789 726 2965 779 artes?
2992 724 3130 777 unde
3186 723 3532 777 scientiarum

2008 820 2436 889 speeulationes?
2471 820 2610 872 unde
2655 818 3051 884 disciplinarum
3085 812 3401 872 sermones?
3443 826 3537 863 an~

2008 925 2115 964 non
2154 909 2222 972 ab
2267 924 2333 974 eo
2381 910 2473 977 qui
2522 910 2777 961 harumce
2823 920 2999 959 rerum
3043 901 3536 968 comprehensionis

2011 1000 2313 1053 facultatem
2347 998 2401 1051 in
2430 998 2533 1051 illis
2568 997 2795 1051 inserit?
2823 996 2957 1061 Quid
2988 993 3179 1063 igitur?
3206 1006 3331 1044 num
3370 991 3415 1044 is
3444 989 3536 1057 qui

2009 1088 2103 1140 tali
2122 1086 2385 1155 hominem
2402 1092 2592 1138 natura
2611 1084 2845 1145 donavit,
2866 1085 2978 1151 ipse
2993 1080 3314 1150 cognitionis
3346 1093 3538 1144 expers

2008 1178 2132 1238 erit,
2167 1177 2241 1228 ita
2267 1177 2324 1231 ut
2358 1190 2422 1229 ne
2452 1176 2565 1243 ipsa
2608 1174 2843 1241 quidem,
2878 1188 3106 1240 quorum
3153 1172 3263 1241 ipse
3314 1168 3540 1234 largitor

2011 1274 2113 1327 est,
2141 1264 2465 1334 cognoscat?
2499 1262 2690 1315 Verum
2724 1262 2883 1329 impie
2933 1260 3200 1330 cogitandi
3232 1273 3291 1311 ac
3319 1258 3543 1326 loquen-

2012 1353 2066 1408 di
2098 1354 2252 1409 tinem
2283 1354 2459 1415 facile,
2488 1369 2521 1408 ο
2550 1352 2671 1406 vani
2728 1352 3008 1405 homines:
3054 1363 3117 1402 ac
3146 1364 3271 1403 vero
3308 1348 3541 1401 sermoni

2012 1446 2442 1513 obtemperantes
2472 1445 2683 1505 scitote,
2714 1457 2835 1496 eum
2868 1441 2957 1510 qui
2989 1439 3244 1508 plantavit
3272 1452 3455 1491 aurem
3486 1438 3542 1489 in

2012 1533 2336 1596 hominibus,
2366 1532 2520 1600 longe
2576 1532 2725 1600 prius
2774 1545 2892 1599 quae
2936 1529 3189 1582 dicuntur
3234 1527 3539 1581 auditurum

2012 1640 2163 1689 esse;
2214 1639 2276 1677 ac
2319 1638 2439 1677 eum
2468 1622 2557 1691 qui
2591 1622 2802 1675 oculum
2840 1620 2989 1673 ﬁnxit
3035 1616 3377 1680 hominibus,
3434 1630 3538 1669 non

2013 1713 2171 1765 modo
2198 1712 2440 1765 visurum
2479 1724 2539 1763 ac
2579 1717 2726 1778 gesta
2761 1715 3203 1775 conspecturum:
3249 1705 3343 1758 sed
3372 1714 3423 1758 et
3448 1718 3542 1777 co-

2012 1802 2294 1870 gitationes
2337 1798 2509 1851 adhuc
2553 1798 2607 1851 in
2655 1804 2831 1850 mente
2878 1795 3100 1848 latentes
3146 1784 3540 1846 intellecturum

2014 1907 2151 1945 esse.
2195 1889 2315 1943 Haec
2365 1887 2709 1943 enim'virtus
2758 1894 2838 1941 est
2877 1884 2966 1938 Dei
2995 1924 3009 1946 ,
3059 1883 3429 1954 cognoscentis
3480 1895 3544 1933 ac

2015 1972 2365 2037 discernentis
2416 1980 2766 2049 cogitationes
2799 1978 3071 2033 hominum
3105 1976 3354 2045 quoniam
3392 1986 3544 2025 vana:

2015 2086 2161 2129 sunt.
2188 2074 2387 2126 Revera
2419 2072 2615 2129 omnis.
2646 2080 2701 2123 ut
2735 2070 2872 2139 apud
2903 2069 3144 2122 homines
3184 2065 3540 2129 existimatur,

2013 2165 2229 2225 veritas,
2265 2163 2547 2229 omnisque
2570 2162 2781 2213 illorum
2814 2159 3091 2227 sapientia,
3124 2172 3283 2224 quam
3317 2170 3381 2209 ex
3414 2168 3544 2223 pro-

2014 2249 2145 2317 priis
2176 2247 2467 2301 ratiociniis
2509 2254 2561 2301 et
2598 2246 2913 2300 mortalibus
2966 2244 3378 2312 cogitationibus
3411 2256 3545 2312 pra:-

2015 2340 2225 2401 feruut,
2264 2353 2400 2391 vana
2437 2345 2582 2391 certe
2620 2335 2797 2391 fuerit.
2829 2334 3014 2390 Omnis
3043 2335 3237 2402 quippe
3284 2330 3544 2401 sapientia

2000 2410 2067 2487 et
2087 2433 2283 2487 veritas
2308 2444 2468 2499 penes
2494 2430 2666 2497 ipsum
2699 2427 2869 2482 s'olum
2902 2425 3130 2490 exsistit,
3161 2430 3213 2479 et
3239 2423 3306 2477 ab
3333 2424 3449 2492 ipso
3479 2422 3548 2477 iis

2016 2531 2221 2575 tantum
2250 2522 2343 2591 qui
2371 2522 2517 2592 digni
2548 2528 2673 2575 sunt
2708 2518 2926 2575 inditur.

2088 2609 2247 2663 νεεδ.
2280 2610 2372 2672 12,
2416 2611 2499 2663 15.
2545 2608 2735 2662 Beatus
2783 2607 2931 2659 homo
2968 2621 3115 2675 quem
3160 2613 3214 2656 tu
3254 2600 3543 2663 erudieris,

2016 2698 2248 2761 Domine,
2280 2708 2329 2751 et
2349 2699 2411 2752 de
2439 2698 2543 2768 lege
2578 2708 2665 2749 tua
2696 2695 2928 2749 docueris
2966 2711 3103 2762 eum,
3133 2704 3189 2746 ut
3208 2694 3418 2761 mitiges
3441 2691 3488 2746 ei
3513 2707 3547 2745 α

2014 2792 2190 2845 diebus
2229 2789 2402 2850 malis,
2431 2790 2589 2843 donec
2644 2788 2875 2856 fodiatur
2934 2784 3191 2853 peccatori
3234 2784 3398 2851 fovea.
3436 2782 3549 2852 Ego

2016 2899 2177 2952 supra
2206 2881 2365 2935 dictis
2388 2881 2761 2949 obtemperans
2791 2886 2844 2931 et
2887 2876 3133 2941 credens,
3166 2875 3417 2928 nimirum
3453 2888 3547 2927 co-

2016 2974 2297 3044 gitationes
2338 2972 2609 3026 hominum
2651 2984 2815 3024 vanas
2865 2983 2986 3023 esse
3037 2967 3186 3022 illum
3217 2967 3389 3022 solum
3420 2964 3548 3019 bea-

2016 3074 2126 3118 tum
2148 3065 2267 3131 jure
2299 3063 2551 3125 arbitror,
2585 3060 2834 3122 Domine,
2882 3057 2972 3127 qui
2997 3073 3063 3113 ex
3092 3065 3183 3110 tua
3211 3056 3468 3125 sapientia
3493 3068 3550 3110 et

2014 3153 2313 3209 eruditione
2342 3154 2481 3208 velut
2513 3168 2575 3206 ex
2614 3150 2758 3205 fonte
2790 3152 2985 3205 hausit.
3048 3146 3324 3213 Quomodo
3366 3154 3544 3199 autem

384 3216 569 3322 ῶσπερ
596 3222 701 3273 ἀπὸ
720 3224 912 3322 funi};
945 3228 1431 3322 μεταλαμδάνοντα.
1458 3233 1584 3297 Πῶς
1605 3235 1662 3287 δὲ
1695 3238 1919 3305 μεταλά-
1941 3261 1985 3322 c
2015 3244 2105 3312 qui

1832 3238 1919 3291 λά-
1941 3261 1985 3322 c
2015 3244 2137 3312 quis
2168 3243 2484 3298 eruditionis
2534 3254 2636 3297 tute
2660 3244 2924 3312 particeps
2962 3242 3153 3304 fuerit,
3199 3240 3305 3295 nisi
3355 3238 3558 3291 divina

383 3304 552 3398 Gai-iv
578 3325 661 3398 τις
684 3311 782 3398 τῆς
810 3312 904 3379 σῆς
935 3315 1173 3378 παιδείας
1202 3316 1233 3386 ἢ
1274 3317 1350 3387 τῷ
1380 3319 1639 3390 νόμῳ-σου
1674 3323 1750 3394 τῷ
1774 3325 1914 3398 -θείῳ

386 3394 762 3461 μαθητευθείς;
799 3398 893 3450 Διὰ
921 3399 1071 3453 τοῦτο
1096 3402 1202 3472 γὰρ
1230 3405 1319 3456 καὶ
1356 3407 1655 3477 ἐγγράφους
1680 3394 1916 3485 παρέδω-

384 3486 785 3574 καςᾼεύσεϐείας
816 3488 1025 3558 νόμους,
1055 3496 1132 3555 εἰς
1157 3494 1215 3545 τὸ
1245 3497 1668 3566 μταλαμὸάνειν
1689 3501 1788 3570 τῆς
1820 3505 1915 3574 σῆς

384 3572 708 3641 παιδεύσεως
746 3580 868 3642 τοὺς
921 3581 1377 3653 μαθητευομένους
1415 3588 1610 3652 αὐτοῖς.
1667 3572 1915 3646 Διδασκό·

387 3662 522 3730 μεθα
547 3664 601 3716 δὲ
620 3666 706 3719 διὰ
732 3668 948 3732 τούτων,
980 3672 1059 3723 ὅτι
1082 3674 1145 3725 τὰ
1172 3676 1525 3745 συμϐαίνοντα
1551 3683 1661 3742 τοῖς
1693 3682 1917 3748 δικαίοις

382 3749 596 3840 λυπηρά
623 3756 707 3807 ἐπ’
750 3758 979 3831 ὠφελείᾳ
1029 3763 1201 3816 αὐτῶν
1241 3766 1459 3834 γίνεται,
1503 3772 1915 3843 γυμναζομένων

386 3846 476 3895 καὶ
504 3848 898 3919 πειραζομένων
920 3851 1069 3924 δίκην
1084 3856 1328 3926 ¹ἀθλητῶν
1356 3859 1487 3912 Θεοῦ
1517 3862 1603 3916 διὰ
1624 3865 1795 3919 πόνων
1824 3869 1915 3921 καὶ

388 3934 472 4029 διὰ
502 3936 718 4029 πληγῶν
745 3942 801 3991 ὲν
837 3944 1074 4015 ὑπομονῇ
1117 3947 1563 4018 δοκιμαζομένων·
1602 3954 1691 4008 Διδ
1720 3957 1777 4008 οὐ
1813 3958 1914 4029 χρὴ

384 4023 683 4093 λυπεῖσθαι,
712 4031 829 4084 οὐδὲ
848 4033 1127 4104 ἀδημονεῖν
1150 4038 1245 4103 ἐπὶ·
1270 4041 1379 4101 τοίς
1401 4044 1754 4112 κακουμένοις

384 4118 474 4168 τὸν
505 4120 743 4188 παρόντα
781 4121 913 4190 βίον,
946 4127 1258 4194 μακαρίζειν
1291 4128 1344 4179 δὲ
1377 4130 1569 4198 μᾶλλον
1597 4135 1807 4200 αὐτοὺς,
1842 4139 1914 4204 ὡς

385 4204 489 4258 ὑπὸ
516 4207 608 4259 τοῦ
630 4208 758 4261 Θεοῦ
782 4211 1186 4281 παιδευομένους
1205 4231 1217 4243 ·
1251 4215 1546 4283 Μακάριος
1572 4220 1679 4291 γὰρ
1701 4223 1914 4292 ἄνθρω-

385 4310 516 4361 πος,
549 4297 622 4349 δν
658 4298 732 4351 ἂν
760 4301 1101 4370 παιδεύσῃς,
1122 4305 1322 4371 Κύριε;
1352 4309 1448 4361 καί
1491 4311 1554 4363 ἐκ
1586 4312 1689 4365 τοῦ
1730 4316 1913 4383 νόμου

383 4400 497 4439 σου
538 4385 784 4455 διδάξῃς
817 4393 1014 4445 αὐτόν.
1053 4394 1110 4446 '0
1137 4396 1242 4464 γὰρ
1273 4398 1647 4470 παιδευόμενος
1677 4404 1779 4456 ὑπὸ
1820 4406 1911 4459 σοῦ

386 4476 477 4527 καὶ
501 4476 892 4549 διδασκόμενος,
930 4484 1219 4552 πραΰνεται
1256 4488 1312 4540 ὲν
1341 4493 1456 4553 ταῖς
1487 4498 1741 4564 πονηραῖς
1775 4497 1910 4566 ἡμέ-

2016 3333 2147 3402 legis
2174 3341 2277 3386 tua:
2316 3333 2598 3403 disciplina
2633 3332 2945 3386 institutus?
2993 3329 3125 3385 Nam
3175 3330 3296 3385 ideo
3334 3328 3547 3399 pietatis

2016 3425 2160 3494 leges
2205 3425 2404 3493 scripto
2454 3424 2757 3485 tradidisti,
2816 3432 2873 3475 ut
2926 3423 3029 3492 qui
3094 3423 3201 3476 illis
3256 3421 3546 3476 instituun—

2017 3525 2126 3579 tur,
2156 3516 2470 3570 eruditionis
2510 3524 2612 3568 tua:
2649 3514 2937 3583 participes
2966 3515 3091 3569 sint.
3127 3512 3222 3567 His
3270 3528 3397 3567 vero
3440 3513 3539 3567 do-

2017 3618 2200 3659 cemur
2223 3604 2396 3657 tristia
2447 3604 2558 3677 illa,
2591 3619 2709 3673 qua:
2744 3603 2904 3671 justis
2953 3603 3224 3666 accidunt,
3250 3604 3317 3657 ad
3361 3618 3542 3657 eorum

2018 3694 2297 3747 utilitatem
2325 3709 2443 3750 esse
2474 3712 2488 3759 ;
2526 3694 2693 3749 instar
2720 3696 2859 3748 enim
2890 3694 3219 3748 athletarum
3249 3692 3365 3755 Dei,
3393 3693 3543 3747 labo-

2016 3784 2167 3839 ribus
2218 3786 2580 3839 exercitantur
2608 3800 2672 3838 ac
2718 3792 3015 3848 tentantur,
3049 3784 3326 3853 plagisque
3359 3783 3413 3835 in
3446 3797 3544 3850 pa-

2016 3875 2210 3935 tientia
2228 3875 2537 3943 probantur.
2574 3874 2909 3946 Quapropter
2938 3873 3307 3945 ingruentibus
3336 3873 3389 3926 in
3415 3888 3546 3942 prte-

2017 3964 2154 4018 senti
2184 3965 2290 4017 vita
2319 3966 2737 4028 calamitatibus,
2774 3980 2879 4018 non
2908 3963 3193 4016 dolendum
3222 3978 3322 4017 nec
3352 3962 3545 4032 despe-

2016 4055 2242 4115 randum
2271 4064 2383 4121 est;
2422 4056 2528 4109 imo
2551 4058 2729 4126 potius
2760 4057 2881 4111 illos
2910 4038 3094 4109 beatos
3120 4055 3387 4110 aestimare
3415 4070 3546 4107 con-

2015 4146 2182 4209 venit,
2225 4146 2420 4215 quoda
2460 4144 2566 4199 Deo
2604 4146 2921 4200 erudiantur
2955 4163 2969 4201 :
3002 4161 3126 4199 nam
3174 4147 3351 4199 beatus
3391 4146 3543 4199 homo

2014 4250 2164 4303 quem
2209 4245 2263 4287 tu
2299 4235 2547 4289 erudieris
2598 4235 2835 4303 Domine,
2864 4221 2912 4291 et
2958 4235 3022 4289 de
3058 4237 3165 4298 leae
3194 4247 3281 4289 tua
3308 4236 3541 4289 docueris

2014 4340 2150 4377 eum.
2186 4323 2389 4378 Etenim
2422 4327 2513 4394 qui
2563 4327 2658 4382 abs
2721 4328 2772 4381 t‘e
2819 4327 3063 4380 eruditur
3105 4337 3157 4380 et
3207 4326 3450 4390 docetur,
3486 4329 3542 4379 iu

2016 4412 2204 4465 diebus
2232 4412 2387 4466 malis
2417 4414 2708 4482 mitigatur.
2739 4412 2795 4468 In
2821 4415 2954 4485 ipsis
3003 4414 3199 4483 quippe
3243 4415 3545 4468 alllictioni-

2017 4500 2119 4553 bus
2146 4506 2201 4553 et
2223 4500 2607 4556 tentationihus
2640 4516 2669 4555 a
2696 4503 2811 4571 lege
2852 4513 2950 4557 .tua
2994 4492 3415 4557 consolationem
3448 4508 3543 4557 na-

385 4583 522 4637 ραις.
564 4568 650 4622 Ἐν
673 4571 859 4634 αὐταῖς
894 4574 1021 4640 γοῦν
1044 4579 1161 4639 ταῖς
1206 4582 1585 4647 κακοπαθείαις
1617 4588 1708 4638 καὶ
1736 4590 1793 4639 ὲν
1821 4588 1915 4639 αύ-
1944 4577 1987 4632 Ῐ)
2016 4596 2111 4641 ctu:

1821 4588 1915 4639 αὑ·
1944 4577 1987 4632 Ι)
2016 4596 2154 4649 ctus,
2186 4588 2308 4643 hinc
2333 4589 2592 4669 medelam
2623 4568 2834 4660 accipit,
2864 4593 2930 4645 ad
2978 4594 3281 4661 patientiam
3326 4603 3378 4646 et
3418 4595 3542 4647 tole-

383 4659 494 4719 τοῖς
522 4661 632 4721 τοῖς
676 4668 993 4733 πειρασμοῖς
1022 4666 1117 4747 τᾲς
1160 4669 1264 4720 άπὸ
1289 4670 1381 4722 τοῦ
1416 4673 1578 4741 νόμου
1618 4691 1707 4728 σου
1740 4694 1911 4747 παρα-

387 4747 579 4814 μυθίας
625 4749 904 4818 λαμϐάνων
947 4755 1315 4824 θεραπεύεται,
1359 4762 1640 4829 ὑπομένειν
1676 4766 1911 4820 διδασκό-

386 4852 540 4904 μενος
563 4839 654 4890 καὶ
674 4842 1053 4912 μακροθυμεῖν,
1075 4846 1182 4912 ἕως
1208 4844 1278 4904 οὗ
1302 4850 1483 4918 όρυγῇ
1503 4851 1580 4915 τῷ
1596 4854 1910 4922 ἀμαρτωλῷ

376 4924 621 4992 βόθρος·
655 4926 808 4979 τοῦτο
838 4930 943 4999 γὰρ
966 4934 1123 4985 αὑτὸν
1153 4937 1427 5005 περιμένει
1453 4939 1512 4990 τὸ
1539 4938 1703 5005 τέλος,
1744 4944 1907 4997 καθά-

372 5026 486 5084 περ
510 5019 539 5069 6
559 5017 649 5080 σὸς
672 5018 828 5087 νόμος
851 5020 1099 5074 διδάσκει.
1128 5024 1215 5075 Διὸ
1233 5026 1397 5078 ταῦτα
1423 5028 1698 5097 μανθάνων
1724 5033 1780 5085 ἑν
1800 5037 1909 5098 τοῖς

381 5104 826 5177 τῶνλπειρασμῶν
857 5113 1059 5179 καιροῖς
1085 5112 1112 5161 6
1136 5112 1355 5178 δίκαιος,
1390 5117 1683 5185 πραΰνεται
1710 5124 1801 5174 καὶ
1823 5121 1907 5176 θε-

382 5195 690 5263 ραπεύεται,
732 5199 828 5261 τὰς
876 5201 1120 5265 ὲκὸάσεις
1160 5203 1265 5255 τῶν
1307 5207 1635 5275 πραγμάτων
1672 5191 1902 5275 σκοπῶν,

2016 4680 2241 4731 rantiam
2271 4680 2566 4743 institutus,
2599 4681 2759 4734 donec
2798 4683 3028 4750 fodiatur
3070 4686 3326 4752 peccatori
3366 4685 3539 4746 fovea;

2014 4766 2101 4820 hic
2133 4771 2273 4822 enim
2298 4770 2443 4821 illum
2474 4769 2594 4837 linis
2619 4780 2914 4840 exspectat,
2957 4782 3012 4827 ut
3036 4775 3120 4828 lex
3158 4784 3249 4829 tua
3280 4776 3530 4830 declarat.

2011 4846 2371 4943 Quamobrem
2407 4859 2588 4928 justus
2634 4863 2747 4916 haec
2807 4866 2860 4917 in
2924 4867 3238 4923 tentationis
3300 4873 3537 4934 tempore

2012 4948 2253 5010 edoctus,
2305 4949 2581 5021 mitigatur
2641 4968 2709 5006 ae
2758 4955 3017 5010 medelam
3092 4956 3307 5025 accipit,
3357 4971 3531 5011 rerum

2010 5044 2255 5099 eventus,
2286 5047 2448 5107 atque
2502 5041 2748 5095 vexantia
2798 5056 2857 5097 se
2902 5045 3202 5113 peccatoris
3229 5043 3459 5106 foveam,
3484 5047 3543 5099 ir.

2008 5140 2168 5194 quam
2217 5128 2389 5195 cadet,
2444 5131 2813 5214 considerans,
2842 5134 3141 5205 bonamque
3182 5150 3334 5193 suam
3398 5118 3539 5205 apud

2010 5214 2171 5269 Deum
2200 5232 2347 5286 spem
2378 5235 2486 5289 prae
2508 5220 2678 5276 oculis
2717 5222 2938 5278 habens.

382 5287 750 5382 καὶτοῦ-μὲν
792 5296 1211 5358 καταπονοῦντος
1247 5296 1402 5347 αὑτὸν
1454 5297 1769 5367 άμαρτωλοῦ
1809 5304 1899 5357 τὸν
1930 5304 2114 5374 βόθρον
2133 5308 2211 5369 εἰς
2230 5284 2290 5361 δν
2314 5284 2644 5380 ἐμπεσεῖται,
2669 5312 2931 5369 ἑαυτοῦᾶ
2954 5312 3048 5373 τὰς
3103 5284 3263 5382 mpii
3303 5312 3381 5382 τῷ
3418 5314 3541 5382 Θεῷ

379 5377 581 5446 ἀγαθὰς
612 5378 823 5442 ἐλπίδας
850 5383 952 5451 πρὸ
975 5385 1257 5454 ὀφθαλμῶν
1278 5386 1570 5455 τιθέμενος.

451 5471 577 5521 Ὅτι
606 5472 717 5523 οὐκ
744 5469 1038 5548 ἀπώσεται
1067 5479 1270 5543 Κύριος
1295 5477 1396 5529 τὸν
1421 5473 1571 5529 λαὸν
1592 5476 1791 5539 αὐτοῦ,
1813 5480 1910 5532 καί

382 5559 492 5625 τὴν
544 5561 939 5629 κληρονομίαν
968 5566 1283 5621 αὑτοῦούκ
1332 5569 1761 5636 ἐγκαταλείψει,
1795 5569 1902 5635 ἕως

380 5647 449 5705 οἱ
478 5649 819 5718 δικαιοσύνη
847 5651 1167 5723 ἐπιστρέψῃ
1201 5660 1285 5722 είς
1317 5659 1530 5726 κρίσιν,
1573 5657 1904 5727 καίὲχόμε-

357 5736 471 5793 ’νοι
491 5738 677 5809 αὐτῆς
696 5741 910 5807 πάντες
935 5745 989 5796 οι
1006 5747 1195 5811 εὐθεῖς
1222 5747 1295 5815 τῇ
1322 5748 1547 5816 καρδίᾳ.
1576 5747 1898 5817 Mdu-alga.

396 5831 714 5894 ’Δκολούθως
748 5830 880 5885 μετὰ
914 5832 975 5885 τὸ
1002 5833 1287 5897 Ciminia:
1320 5838 1406 5901 τρν
1448 5838 1793 5891 ἀποκείμενον
1824 5838 1901 5894 τῶ

2081 5478 2244 5537 Vsus.
2271 5483 2357 5546 Η,
2389 5482 2474 5537 15.
2517 5483 2657 5549 Quia
2688 5501 2789 5539 non
2823 5483 3025 5552 repellet
3058 5484 3311 5541 Dominus
3337 5489 3542 5555 plebem

2003 5587 2170 5632 suam,
2192 5582 2257 5659 ⁸ει
2285 5572 2635 5627 hereditatem
2667 5591 2818 5629 suam
2849 5591 2948 5627 non
2970 5574 3303 5647 derelinquat,
3320 5584 3530 5648 guoad-

2005 5674 2162 5723 usque
2173 5662 2383 5727 justitia
2412 5671 2739 5731 convertatur
2767 5663 2819 5714 in
2844 5664 3125 5730 judicium,
3165 5678 3214 5718 et
3246 5669 3335 5735 qui
3352 5670 3504 5725 adita!

1974 5758 2112 5805 .rent
2144 5750 2242 5816 ipsi
2280 5766 2453 5803 omnes
2492 5753 2617 5803 recti
2660 5751 2829 5809 corde.
2862 5753 3189 5822 Diapsalma.
3233 5754 3521 5827 Postquam

2006 5849 2242 5901 paratam
2294 5841 2557 5905 peccaturi
2611 5839 2822 5898 iuream
2864 5841 3240 5911 descripserat,
3288 5844 3521 5901 [austum
