4372 6400
314 466 447 529 ιεοσ

1456 477 1952 533 COMMENTARIA
1990 476 2056 530 IN
2096 475 2426 535 PSALMOS.

3392 478 3532 540 nos

313 587 581 655 ὁμολογῶν
606 586 833 659 τάληθῆ,
864 588 1059 660 μηδένα
1090 589 1278 661 βοηθὸν
1304 591 1358 642 ἐν
1384 592 1685 663 ἀνθρώποις
1709 592 1873 662 εὑρή-
1903 600 1947 653 Α
1978 608 2039 645 un

1801 592 1873 661 νή-
1903 600 1947 653 Α
1978 607 2251 660 unumque
2279 599 2486 645 tantum
2518 592 2914 656 auxiliatorem,
2962 592 3252 649 Dominum
3284 595 3527 660 "militet,

315 691 430 727 σειν
449 676 689 747 ἐμαυτῷ,
728 678 821 729 ἕνα
845 677 898 730 δὲ
928 678 1083 747 μόνον
1122 680 1406 748 ἐπίκουρον
1445 680 1758 749 κεκτῆσθαι,
1784 679 1875 731 τὸν

314 768 537 838 Κύριον,
564 769 622 831 ὃς
658 772 707 821 ει
735 768 809 839 μὴ
858 768 1174 839 βεϐοηθήκει
1202 788 1311 840 μοι,
1342 770 1504 824 πάλαι
1544 770 1607 823 ἂν
1634 770 1735 823 ὑπὸ
1769 771 1874 823 τῶν

315 861 755 930 πονηρευομένων
781 861 873 912 καὶ
895 860 1000 911 τῶν
1027 860 1403 931 ἐργαζομένων
1422 864 1519 931 τὴν
1544 862 1768 932 ἀνομίαν
1794 880 1876 914 νε-

320 953 602 1023 νικημένος
645 952 721 1022 τῷ
746 952 844 1023 ᾄδῃ
886 954 1191 1025 παρῲκουν,
1228 956 1397 1025 αὐτῆς
1438 971 1540 1023 μου
1571 955 1667 1025 τῆς
1703 954 1877 1025 ψυχῆς

315 1044 410 1094 καὶ
432 1043 530 1112 τῆς
554 1042 792 1112 λογικῆς,
821 1047 914 1098 καὶ
953 1046 1051 1115 τῆς
1078 1048 1195 1097 κατ’
1222 1045 1403 1098 εἰκόνα
1428 1044 1565 1097 Θεοῦ
1586 1046 1877 1117 γενομένης

312 1132 520 1196 οὐσίας,
540 1135 628 1187 τδν
656 1134 877 1188 θάνατον
902 1138 995 1189 καὶ
1020 1136 1107 1189 τὸν
1125 1135 1255 1206 ᾅδην
1278 1138 1587 1207 οἰκητήριον
1611 1135 1878 1206 λαχούσης

316 1223 477 1292 ἔχειν.
508 1226 688 1279 Ταῦτα
711 1226 754 1278 δ’
779 1222 869 1279 οὖν
910 1228 1107 1281 ἔπαθον
1133 1228 1220 1292 ἂν,
1263 1231 1311 1281 εἰ
1342 1230 1414 1299 μὴ
1441 1228 1601 1291 αὐτὸς
1624 1230 1653 1282 ὀ
1678 1228 1877 1300 Κύριος

317 1317 600 1387 παραστὰς
623 1317 939 1389 βεϐοηθήκει
961 1337 1068 1389 μοι.
1102 1319 1167 1371 Εἴ
1185 1337 1312 1373 ποτε
1335 1320 1462 1388 γοῦν
1488 1320 1879 1393 πειραζόμενος

320 1408 373 1458 ἐν
395 1410 507 1471 τοῖς
553 1409 755 1477 ἀγῶσιν
792 1411 1159 1481 ἀντελαδόμην
1197 1410 1776 1486 ἁσθενείαςυὲμαυτοῦ,
1804 1413 1877 1476 ὼς

342 1498 641 1551 εινδυνεύειν
686 1500 1006 1570 σαλευθῆναι
1044 1504 1166 1564 τοὺς
1192 1492 1353 1564 πόδας
1388 1504 1485 1572 τῆς
1524 1504 1661 1572 ἐμῆς
1684 1504 1875 1574 ψυχῆς.

316 1589 559 1659 ὁμολογῶ
584 1594 920 1664 παραχρῆμα
943 1596 1035 1647 τοῦ
1062 1596 1242 1658 ἐλέους
1268 1611 1380 1656 σου,
1406 1581 1879 1667 Κύριε,.αῖσθησιν

318 1681 613 1751 εἰληφέναι,
654 1686 745 1737 καὶ
772 1686 874 1737 ὑπὸ
900 1687 992 1739 σοῦ
1027 1685 1381 1756 βεϐοηθῆσθαι
1401 1702 1415 1715 '
1454 1687 1529 1749 ὼς
1552 1688 1601 1739 sl
1628 1687 1700 1757 μὴ
1724 1688 1880 1742 τοῦτό

322 1787 409 1841 μοι
443 1773 621 1843 παρῆν
668 1775 1025 1847 ὑποστηρίζω
1073 1794 1171 1845 μου
1212 1777 1335 1839 τοὺς
1374 1777 1556 1840 πόδας,
1606 1778 1770 1831 πάλαι
1800 1778 1878 1831 .ἂν

318 1860 603 1931 ὀλισθήσας
650 1863 986 1918 ιπεπτώκειν
1022 1866 1127 1917 ἀπὸ
1177 1866 1275 1935 τῆς
1311 1867 1456 1936 παρὰ
1499 1868 1580 1919 σοὶ
1618 1870 1873 1931 στάσεως.

1977 689 2262 733 nacturuln
2292 696 2415 736 esse
2444 701 2455 735 :
2489 682 2579 751 qui
2610 682 2715 737 nisi
2743 681 2872 735 mihi
2895 682 3193 752 Opitulatus
3223 694 3390 749 esset,
3414 686 3546 755 jam.

1976 768 2183 839 pridem
2220 784 2250 823 a
2280 770 2701 839 malignantibus
2722 780 2775 825 et
2803 771 3157 839 operantibus
3188 772 3529 844 iniquitatem

1981 858 2253 923 devictus,
2278 862 2331 913 in
2377 861 2595 916 inferno
2620 862 2970 937 habitassem,
3022 864 3305 934 animaque
3331 880 3447 921 mea
3477 874 3534 921 et

1977 950 2066 1003 illa
2098 950 2434 1006 rationabilis
2452 952 2518 1005 ad
2542 952 2830 1023 imaginem
2857 953 2950 1009 Dei
2972 954 3244 1010 eﬂormatu
3271 957 3530 1012 substan-

1975 1040 2071 1101 tia,
2123 1054 2351 1094 mortem
2407 1050 2461 1095 et
2526 1042 2794 1096 infernum
2851 1045 2907 1099 in
2955 1045 3284 1101 domicilium
3338 1050 3530 1104 sortita

1976 1139 2139 1185 esset.
2174 1129 2305 1209 lizec.
2338 1147 2469 1186 sane
2526 1148 2720 1202 passus
2761 1150 2960 1199 essem,
3019 1138 3124 1193 nisi
3184 1146 3365 1194 astans
3414 1141 3534 1209 ipse

1978 1220 2239 1277 Dominus
2285 1224 2576 1279 auxiliatus
2626 1226 2752 1279 mihi
2813 1234 2973 1283 esset.
3043 1228 3099 1281 Si
3126 1230 3340 1299 quando
3367 1231 3533 1300 igitur

1979 1314 2032 1366 iu
2060 1315 2448 1369 certaminibus
2479 1324 2746 1381 tentatus,
2824 1316 3133 1377 Inﬁrmitate
3180 1336 3300 1375 mea
3352 1336 3532 1376 corr-eo

1978 1412 2104 1471 ptus
2134 1404 2346 1469 fuerim,
2384 1407 2455 1459 ita
2482 1415 2538 1460 ut
2563 1407 2859 1477 periculum
2890 1417 3033 1463 esset
3063 1426 3128 1464 ne
3146 1413 3310 1481 pedes
3343 1414 3535 1467 animai

1979 1509 2109 1547 meze
2139 1502 2647 1560 commoverentur;
2675 1495 2849 1551 fateor
2881 1513 2966 1552 me
2993 1498 3195 1561 statim,
3221 1514 3254 1553 o
3288 1499 3530 1564 Domine,

1978 1583 2411 1639 misericordiam
2455 1586 2695 1639 sensisse
2728 1594 2899 1650 tuam,
2942 1602 3007 1642 ac
3051 1605 3153 1658 ope
3205 1596 3296 1642 tua
3340 1590 3531 1645 fultum

1982 1687 2124 1725 esse.
2154 1670 2284 1736 Quae
2314 1674 2359 1727 si
2382 1674 2512 1727 mihi
2546 1691 2653 1728 non
2712 1676 3036 1743 adfuissent,
3066 1694 3163 1733 nec
3193 1680 3354 1748 pedes
3384 1696 3534 1737 meos

1980 1772 2404 1830 sustentassent;
2438 1764 2546 1832 jam
2580 1766 2706 1819 olim
2726 1767 2911 1837 lapsus
2939 1782 2968 1821 a
3012 1783 3129 1822 mea
3180 1768 3322 1839 apud
3364 1778 3534 1826 testa-

1988 1855 2137 1907 tione
2168 1854 2506 1910 decidissem.
2577 1855 2729 1913 Nunc
2786 1868 2960 1913 autem
3006 1861 3376 1915 misericordia
3416 1870 3529 1926 tua,

319 1952 430 2005 Νῦν
457 1926 513 2006 δὲ
537 1955 596 2007 τὸ
623 1956 767 2021 ἔλεός
788 1974 901 2021 σου,
928 1958 1116 2028 Κύριε,
1141 1926 1319 2010 δίδῶσί
1341 1926 1427 2029 μοι
1453 1960 1760 2031 παρρησίαν
1783 1926 1876 2013 τοῦ
1909 1926 1951 1979 Β
1980 1944 2045 1997 θ(

1798 1926 1876 2013 to},
1909 1926 1951 1979 Β
1980 1944 2224 2009 Domine,
2260 1946 2507 2001 ﬁduciam
2536 1948 2665 2003 mibi
2690 1957 2905 2018 praestat
2934 1950 2997 2003 ad
3032 1951 3143 2005 haec
3164 1950 3483 2021 proferenda
3512 1969 3524 2003 :

319 2041 520 2108 λέγειν·
566 2045 871 2110 Ἕστησας
920 2046 1018 2097 ἐπὶ
1068 2047 1288 2113 πέτραν
1330 2048 1468 2113 τοὺς
1516 2049 1703 2115 πόδας
1738 2068 1875 2119 μου,

320 2132 416 2186 καὶ
453 2137 825 2203 κατηύθυνας
848 2137 918 2191 τὰ
955 2137 1279 2207 διαδήματα
1298 2157 1434 2207 μου.

387 2246 546 2300 Κατὰ
574 2246 639 2299 τὸ
670 2247 900 2315 πλῆθος
930 2248 1046 2301 τῶν
1070 2248 1299 2305 ὀδυνῶν
1320 2268 1438 2317 μου
1459 2251 1530 2303 ἐν
1564 2248 1636 2319 τῇ
1664 2252 1872 2320 καρδίᾳ

312 2341 530 2407 μουαῑ
578 2339 984 2417 παρακλήσεις
1017 2358 1130 2394 σου
1172 2343 1485 2409 ηὕφραναν
1527 2342 1641 2411 τὴν
1672 2344 1879 2411 ψυχήν

314 2448 451 2498 μου.
486 2431 560 2483 Οὐ
602 2424 759 2501 μόνον
783 2435 892 2495 τοῖς
942 2431 1065 2486 ποσί
1095 2449 1193 2503 μου
1224 2431 1284 2485 τὸ
1332 2433 1476 2496 ἔλεός
1516 2451 1607 2487 σου
1653 2434 1877 2503 δύναμιν

321 2526 543 2592 παρεῖχε
572 2523 704 2593 πρὸς
742 2528 800 2576 τὸ
831 2524 902 2594 μὴ
941 2512 1282 2594 σαλευθῆναι,
1316 2525 1437 2579 οὐδὲ
1477 2526 1689 2595 μόνονή
1729 2526 1876 2595 παρᾶ

322 2611 412 2665 σοῦ
440 2614 656 2686 βοήθεια
696 2617 793 2685 τὴν
819 2615 952 2686 ἐμὴν
991 2618 1313 2687 κατεκράτει
1345 2616 1520 2686 ψυχὴν
1564 2616 1694 2687 πρὸς
1718 2615 1777 2669 τὺ
1804 2618 1877 2688 μὴ

321 2704 649 2774 παροικῆσαι
682 2705 757 2775 τῷ
783 2705 881 2775 ᾄδῃ
903 2721 915 2735 ⁸
944 2705 1077 2758 ἀλλὰ
1102 2708 1193 2777 κα),
1235 2706 1301 2769 ἃς
1341 2706 1531 2778 ἔφερον
1558 2708 1613 2759 ὲν
1639 2709 1704 2777 τῇ
1745 2724 1877 2776 καρ-

317 2792 403 2865 δίᾳ
430 2810 530 2864 μου
547 2794 754 2857 ὀδύνας,
777 2795 831 2846 αἱ
856 2794 1004 2865 παρὰ
1026 2794 1119 2847 σοῦ
1138 2795 1502 2865 παρακλήσεις
1528 2796 1875 2868 ἐθεράπευον,

317 2885 610 2955 ἀπορρήτῳ
640 2885 862 2953 δυνάμει
887 2885 983 2955 τῆς
1018 2884 1117 2955 σῆς
1142 2888 1505 2957 χρηστότητος
1542 2888 1877 2958 παρακαλού-

320 2992 418 3045 σης
442 2994 542 3045 μου
568 2977 662 3047 τὴν
685 2977 860 3048 ψυχὴν
886 2977 977 3030 καὶ
1001 2977 1333 3048 εὐφροσύνης
1357 2978 1520 3049 αὐτὴν
1548 2978 1649 3049 πλη
1660 2980 1871 3049 ρούσης.

319 3066 450 3119 Οὐδὲ
475 3066 582 3138 γὰρ
611 3069 707 3138 μία
731 3086 811 3131 τις
835 3064 901 3138 ἦν
928 3067 1286 3139 παράκλησις,
1312 3070 1431 3122 οὐδὲ
1472 3069 1713 3139 δευτέρα,
1741 3069 1875 3123 ἀλλὰ

320 3154 535 3217 πλειους
560 3158 653 3208 καὶ
672 3155 949 3217 τοσαῦται,
976 3157 1096 3208 ὅσαι
1118 3153 1184 3226 ἦν
1209 3156 1436 3227 ἀριθμὸς
1451 3158 1555 3208 τῶν
1574 3158 1631 3210 ἐν
1653 3160 1717 3227 τῇ
1744 3174 1874 3228 καρ-

1979 2034 2227 2088 Statuisti
2252 2052 2411 2103 supra
2438 2046 2639 2106 petram
2672 2040 2822 2104 pedes
2848 2056 2941 2094 met
2961 2057 3008 2105 s,
3038 2053 3087 2094 et
3132 2036 3370 2097 direxisti
3397 2060 3533 2114 gres-

1976 2141 2064 2177 sus
2092 2143 2228 2179 meus
2253 2127 2315 2181 ".

2047 2234 2214 2291 Vsus.
2250 2235 2334 2289 l9.
2368 2236 2663 2291 Secundum
2696 2240 3085 2294 multitudinem
3121 2241 3363 2296 dolorum
3392 2259 3535 2299 meo-

1978 2344 2093 2379 rum
2120 2328 2172 2380 in
2195 2328 2349 2382 corde
2397 2345 2530 2394 meo,
2572 2331 2953 2386 consolationes
2988 2342 3091 2386 tua:
3134 2332 3537 2402 lwtiﬁcauerunt

1928 2458 1931 2461 .
1978 2420 2209 2471 animam
2255 2435 2443 2473 meam.
2472 2419 2592 2474 Non
2634 2422 2810 2476 solum
2842 2423 3069 2492 pedibus
3122 2425 3257 2478 meis
3317 2426 3531 2480 miseri-

1977 2510 2161 2564 cordia
2190 2518 2281 2564 tua
2314 2512 2458 2567 vires
2494 2510 2720 2576 addidit,
2751 2518 2811 2567 ut
2854 2529 2962 2567 non
3008 2524 3478 2570 commoverentur
3516 2559 3530 2570 .

1975 2618 2148 2673 neque
2182 2605 2553 2657 tantummodo
2598 2606 2855 2659 auxilium
2885 2615 3035 2660 tuum
3082 2608 3327 2662 animam
3357 2624 3531 2663 meam

1976 2694 2277 2762 occuparit,
2319 2702 2379 2747 ut
2421 2710 2529 2748 non
2562 2695 2828 2749 habitaret
2868 2698 2923 2750 in
2965 2696 3212 2764 inferno;
3246 2699 3339 2754 sed
3369 2700 3539 2756 etiam

1976 2786 2213 2848 dolores,
2234 2798 2371 2853 quos
2398 2785 2450 2837 in
2486 2786 2648 2839 corde
2688 2802 2806 2840 meo
2842 2789 2959 2850 tuli,
3006 2790 3404 2846 consolationes
3428 2801 3541 2845 tua}

1977 2876 2295 2940 allevarunt,
2318 2890 2513 2928 arcana
2546 2876 2841 2930 clcmeutiaa
2873 2886 2979 2932 tute
3002 2881 3050 2931 vi
3085 2880 3317 2933 animam
3354 2895 3531 2934 meam

1976 2970 2309 3031 consolante,
2355 2969 2635 3037 ipsamque
2679 2968 2874 3036 gaudio
2932 2970 3186 3039 replente.
3226 2969 3342 3025 Non
3384 2973 3547 3023 cniur

1977 3073 2082 3110 una
2120 3059 2440 3123 consolatio,
2478 3073 2580 3114 non
2610 3056 2775 3112 altera
2811 3065 3016 3112 tantum
3052 3059 3254 3123 adfuit,
3287 3059 3533 3128 sedplu—

1974 3164 2085 3213 res,
2110 3165 2169 3202 ac
2190 3157 2267 3202 tot
2293 3164 2539 3211 numero,
2558 3158 2690 3218 quot
2716 3150 2767 3202 in
2784 3149 2945 3204 corde
2974 3166 3092 3204 meo
3114 3150 3325 3205 dolores
3351 3159 3527 3205 erant.

318 3243 407 3315 δίᾳ
432 3262 531 3315 μου
556 3245 770 3299 ὀδυνῶν.
814 3246 1146 3315 Ἐφαμίλλως
1172 3246 1299 3312 γοῦν
1323 3248 1440 3310 ταῖς
1472 3249 1629 3316 ἐμαῖς
1669 3248 1877 3311 ὀδύναις
1903 3250 1947 3307 C
1977 3240 2044 3295 CG

1803 3265 1877 3311 ιις
1903 3250 1947 3307 ο
1977 3240 2233 3295 Certatim
2267 3242 2446 3309 itaque
2488 3257 2584 3309 pro
2619 3256 2841 3294 numero
2874 3240 3141 3305 dolorum,
3178 3240 3246 3295 ad
3288 3242 3529 3309 singulos

319 3335 415 3399 τὰς
429 3336 577 3408 παρὰ
598 3337 690 3390 σοῦ
718 3354 806 3407 μοι
832 3338 1084 3409 παρεῖχες
1101 3338 1465 3409 παρακλήσεις
1486 3340 1618 3409 πρὸς
1644 3340 1875 3409 ἑκάστην

318 3425 528 3497 ὀδύνην,
556 3427 741 3501 ὥσπερ
766 3445 816 3481 τι
850 3428 1134 3499 φάρμακον
1170 3430 1430 3500 σωτήριον
1458 3427 1554 3500 τὴν
1581 3430 1677 3501 σὴν
1707 3430 1875 3500 παρά-

320 3516 510 3588 κλησιν
567 3520 907 3592 προσφέρων,
958 3521 1049 3574 καὶ
1095 3520 1280 3592 ὥσπερ
1327 3520 1533 3573 πλείοσι
1578 3520 1871 3591 τραύμασι,

320 3607 534 3672 πλείους
572 3612 791 3673 καὶτὰς
841 3610 1130 3680 θεραπείας
1172 3611 1476 3678 προσάγων.
1508 3612 1772 3664 Τοιούτων
1818 3612 1873 3664 δὲ

324 3700 716 3771 παρακλήσεων
741 3705 767 3753 ὀ
794 3701 931 3764 θεῖος
971 3700 1287 3763 Ἀπόστολος
1326 3701 1869 3771 ἀντιλαμϐανόμενος,

322 3789 553 3857 ἔφασκεν
572 3805 588 3821 ⁸
630 3790 967 3859 Εὐλογητὸς
993 3793 1023 3843 ό
1054 3789 1213 3855 Θεὸς,
1240 3793 1271 3843 ό
1305 3791 1502 3859 Πατὴρ
1530 3790 1644 3843 τῶν
1664 3794 1875 3859 οἰκτιρο

316 3878 465 3949 μῶν,
512 3879 607 3933 καὶ
649 3878 790 3945 Θεὸς
821 3878 1021 3948 πάσης
1061 3880 1509 3951 παρακλήσεως,
1550 3885 1582 3935 ό
1613 3898 1875 3951 παρακαρ

321 3969 447 4025 λῶν
474 3970 637 4041 ἡμᾶς’
663 3972 731 4025 ἐν
761 3972 926 4040 πάσῃ
963 3972 1037 4041 τῇ
1065 3975 1262 4041 θλίψει
1292 3970 1477 4043 ἡμῶν,
1504 3976 1590 4039 εὶς
1612 3974 1676 4027 τὸ
1700 3974 1877 4028 δύνα-

323 4062 461 4116 σθαι
487 4061 637 4130 ἡμᾶς
678 4056 1045 4130 παρακαλεῖν
1080 4064 1219 4129 τοὺς
1248 4064 1318 4116 ἐν
1349 4064 1517 4131 πάσῃ
1547 4067 1748 4133 θλίψει
1777 4065 1875 4119 διὰ

322 4152 431 4220 τῆς
460 4153 909 4221 παρακλήσεως,
929 4151 1002 4223 ἧς
1027 4156 1519 4223 παρακαλούμεθα
1558 4156 1724 4209 αὐτοὶ
1756 4156 1874 4210 ὑπὸ

322 4239 428 4292 τοῦ
481 4241 645 4294 Θεοῦ.
693 4244 811 4293 Ὅτι
856 4242 1014 4296 καθὼ
1062 4245 1402 4310 περισσεύει
1449 4244 1519 4297 τὰ
1564 4245 1875 4313 παθήματα

320 4329 427 4383 τοῦ
451 4329 702 4397 Χριστοῦ
734 4332 803 4383 ἐν
826 4331 984 4399 ἡμῖν,
1015 4331 1164 4384 οὕτω
1210 4335 1543 4400 περισσεύει
1584 4334 1678 4386 καὶ
1708 4336 1745 4400 ἠ
1768 4346 1876 4388 πα-

314 4420 612 4490 ράκλησις
650 4422 832 4490 ἡμῶν.
862 4425 969 4476 Καὶ
1004 4420 1072 4493 ἦν
1106 4424 1169 4483 ἂν
1204 4414 1375 4478 εἰπεῖν
1400 4428 1534 4495 πρὸς
1558 4427 1746 4491 ταῦτα,
1776 4444 1873 4497 με·

323 4510 618 4566 ταδαλόντα
639 4513 717 4565 τό·
753 4513 873 4568 Οὐκ
896 4514 1032 4579 ἀξια
1055 4515 1126 4568 τὰ
1144 4516 1453 4585 παθήματα
1491 4518 1595 4571 τοῦ
1619 4518 1734 4571 νῦν
1754 4535 1877 4571 και-

315 4600 430 4668 poi}
463 4600 611 4670 πρὸς
635 4601 747 4669 τὴν
774 4571 1122 4672 μέλλουσαν
1166 4571 1354 4670 δόξαν
1379 4607 1874 4676 ἀποκαλυφθῆναι
1904 4571 1949 4627 D

323 4693 408 4757 εις
448 4690 623 4760 ἡμᾶς,
658 4693 734 4745 τό·
764 4695 875 4746 Ούκ
912 4694 1141 4771 ἄξιοντὸ
1179 4696 1377 4766 πλῆθος
1412 4697 1517 4749 τῶν
1542 4697 1737 4750 ὀδυνῶν
1768 4697 1875 4754 τῶν

324 4785 381 4835 ἐν
405 4786 470 4855 τῇ
497 4784 691 4853 καρδίᾳ
713 4803 813 4854 μου
847 4788 980 4857 πρὸς
1006 4788 1101 4850 τὰς
1134 4789 1497 4861 παρακλήσεις
1538 4807 1654 4854 σου,
1676 4785 1733 4843 ὧι
1760 4792 1873 4849 Kai-

326 4890 428 4942 ριε,
456 4876 541 4943 ἐφ’
562 4868 649 4945 αἷς
664 4862 941 4944 ηὔφρανας
960 4877 1058 4946 τὴν
1072 4876 1246 4946 ψυχήν
1271 4895 1391 4946 μου.
1409 4878 1469 4929 Εἰ
1484 4877 1539 4929 δὲ
1563 4878 1647 4949 ἐφ’
1670 4880 1877 4950 ἑκάστῃ

324 4962 486 5038 ὀδύνῃ
507 4964 899 5035 παρακαλεῖται
933 4983 1015 5029 τις
1040 4967 1142 5018 ὑπὸ
1184 4966 1277 5019 τοῦ
1306 4967 1460 5031 Θεοῦ,
1483 4966 1574 5024 καὶ
1600 4967 1699 5036 τῆς
1725 4971 1873 5040 παρὰ

319 5054 417 5109 τοῦ
444 5055 577 5109 Θεοῦ
602 5054 931 5126 εὐφροσύνης
958 5055 1300 5119 καταξιοῦταε
1324 5074 1421 5119 τις·
1451 5057 1548 5109 οὐκ
1573 5056 1637 5109 ἂν
1665 5056 1876 5123 εὔξαιτο

325 5144 411 5197 διὰ
438 5145 568 5199 Θεὸν
601 5146 813 5210 πλείους
845 5145 1130 5215 ὑπομένειν
1170 5144 1375 5208 ὀδύνας,
1402 5147 1476 5208 ὡς
1518 5146 1593 5201 ἂν
1619 5147 1876 5204 πλειόνων

326 5238 577 5307 τυγχάνοι
614 5238 1023 5309 παρακλήσεων,
1049 5238 1140 5292 καὶ
1175 5238 1429 5292 πλειόνων
1453 5238 1557 5291 τῶν
1594 5240 1683 5291 ἐπὶ
1706 5241 1877 5294 ταῦτα

326 5327 668 5399 εὐφροσυνῶν
688 5346 703 5392 ;

395 5418 492 5487 Μὴ
519 5421 964 5487 συμπῳσέσται
986 5438 1082 5475 σοι
1102 5424 1309 5489 θρόνος
1340 5421 1607 5489 ἀνομίας,
1628 5440 1657 5473 ο
1686 5422 1877 5477 πλάσ-

327 5526 455 5564 σων
482 5510 802 5574 κόπον-ἐπὶ
841 5514 1219 5583 «parmula;
1265 5512 1517 5575 Εἰκότως,
1546 5512 1695 5581 φησὶ,
1736 5512 1874 5566 κατὰ

322 5594 389 5653 ’τὸ
418 5597 617 5671 πλῆθος
642 5598 747 5653 τῶν
787 5599 981 5654 ὀδυνῶν
1004 5605 1111 5662 τῶν
1149 5607 1204 5657 ὲν
1235 5608 1300 5674 τῇ
1336 5602 1533 5673 καρδίᾳ
1565 5618 1670 5670 μους
1687 5601 1745 5653 αἱ
1769 5619 1875 5653 πα-

330 5674 612 5765 ρακλήσεις
638 5706 731 5743 σου
768 5690 1053 5763 ηὔφραναν
1075 5696 1171 5764 τὴν
1207 5695 1380 5765 ψυχήν
1422 5708 1551 5764 μον·
1584 5690 1875 5762 ἐπειδήπερ

399 5849 441 5877 ’³
479 5845 621 5904 Psal.
654 5862 838 5911 usus,
872 5846 924 5901 5.

1974 3334 2219 3402 singulas
2260 3333 2387 3386 mihi
2433 3332 2843 3387 consolationes.
2866 3340 2985 3386 tuas
3014 3333 3296 3385 admovisti
3331 3351 3343 3385 :
3374 3331 3530 3400 quasi

1960 3426 2210 3481 salutare
2230 3424 2577 3493 pharmacum
2596 3422 3019 3476 consnlationem
3037 3422 3288 3486 oll'erens,
3306 3420 3531 3491 et'quasi

1976 3516 2159 3570 multis
2187 3514 2498 3568 vulneribus
2545 3512 2709 3565 multa
2744 3512 2978 3565 remedia
3015 3511 3291 3565 inducens.
3326 3511 3526 3581 llujus-

1978 3608 2122 3661 modi
2149 3616 2324 3669 autem
2353 3602 2751 3658 consolationes
2774 3610 2964 3656 nactus
2992 3602 3210 3656 divinus
3238 3602 3532 3672 Apostolus

1975 3698 2186 3752 dicebat
2227 3713 2239 3748 :
2287 3696 2597 3749 Benedictus
2646 3694 2783 3749 Deus
2825 3693 2985 3747 Pater
3028 3694 3537 3759 misericordium;

1974 3789 2112 3843 Deus
2136 3790 2293 3843 totius
2324 3789 2724 3849 consolationis,
2750 3789 2837 3857 qui
2857 3785 3159 3841 consolatur
3181 3803 3273 3840 nos
3303 3787 3355 3838 in
3384 3788 3539 3840 omni.

1976 3878 2310 3932 tribulatione
2338 3888 2519 3932 nostra
2562 3894 2580 3931 :
2618 3890 2671 3932 ut
2702 3879 2961 3947 possimus
2995 3895 3086 3932 nus
3121 3877 3383 3931 consolari
3417 3893 3525 3940 eos,

1973 3970 2059 4040 qui
2090 3970 2143 4021 in
2185 3970 2326 4022 omni
2362 3984 2611 4037 pressura
2655 3978 2798 4032 sunt,
2830 3984 2928 4036 per-
2948 3970 3376 4031 consolationem,
3428 3984 3531 4037 qua
3554 4002 3568 4013 α

1974 4062 2310 4117 consolamur
2361 4062 2461 4129 ipsi
2508 4078 2539 4113 a
2594 4059 2720 4113 Deo.
2774 4060 3035 4128 Quoniam
3078 4060 3214 4113 sicut
3257 4059 3530 4113 abundant

1973 4154 2241 4222 passiones
2273 4150 2471 4207 Christi
2493 4152 2546 4204 in
2580 4150 2762 4214 nobis;
2797 4149 3131 4227 sicabundat
3162 4162 3211 4203 et
3234 4150 3528 4205 consolatio

1974 4255 2159 4299 nostra
2195 4245 2259 4297 ⁸⁸.
2308 4246 2482 4313 Atque
2520 4244 2631 4297 hanc
2664 4244 2824 4297 verba
2878 4243 3135 4297 mutando
3184 4262 3197 4297 :
3247 4242 3367 4301 Non
3405 4252 3529 4299 sunt

1975 4337 2241 4407 condigna:
2268 4336 2722 4405 passioneshujus
2752 4333 2995 4402 temporis
3031 4333 3099 4385 ad
3148 4336 3378 4405 futuram
3414 4335 3527 4405 glo-

1974 4430 2113 4483 riam
2148 4445 2260 4498 qute
2298 4428 2610 4482 revelabitur
2643 4428 2694 4480 in
2724 4424 2873 4481 nobis
2910 4428 2991 4487 "z
3023 4429 3103 4482 sic
3131 4426 3236 4481 dici
3268 4434 3477 4496 poterat
3510 4444 3557 4481 :.

1976 4519 2093 4575 Non
2134 4528 2219 4575 est
2263 4520 2529 4589 condigua
2580 4518 2869 4572 multitudo
2900 4518 3146 4582 dolorum
3193 4514 3552 4571 meoruminz

1977 4610 2146 4665 corde
2179 4624 2317 4673 meo,
2355 4609 2420 4675 ad
2452 4608 2853 4663 consolationes
2881 4617 3021 4669 tuas,
3052 4606 3295 4668 Domine,
3329 4608 3563 4677 quibus.-.

1975 4701 2252 4759 lmtiﬁcasti
2287 4699 2519 4755 animam
2554 4713 2749 4752 meam.
2779 4698 2932 4762 Quod
2958 4700 3001 4751 si
3032 4698 3083 4750 in
3116 4697 3344 4768 singulis
3371 4698 3527 4751 dolo-
3556 4736 3557 4739 η

1975 4792 2128 4847 ribus
2166 4790 2289 4859 quis
2316 4803 2359 4842 α
2383 4787 2489 4842 Deo
2510 4786 2932 4843 consolationem
2964 4786 3212 4855 accipiat,
3242 4795 3295 4840 et
3321 4786 3526 4847 laetitia,

1975 4896 2095 4952 qua:
2126 4895 2155 4931 a
2181 4879 2289 4951 Deo
2308 4885 2413 4940 est,
2443 4876 2723 4945 dignetur;
2748 4891 2926 4929 annon
2978 4884 3133 4944 aptet
3180 4890 3244 4931 ac
3273 4886 3528 4946 precetur

1978 4974 2174 5028 multos
2200 4988 2297 5041 pro
2335 4970 2444 5025 Deo
2472 4970 2685 5024 dolores
2718 4960 3006 5033 sustinere,
3062 4978 3121 5023 ut
3165 4971 3344 5039 plures
3394 4985 3528 5025 con—

1982 5064 2277 5119 solutiones
2304 5069 2357 5114 et
2405 5060 2587 5129 plures
2626 5074 2688 5114 ea
2719 5060 2784 5116 de
2822 5075 2985 5114 causa
3023 5060 3236 5115 laetitias
3270 5074 3531 5131 assequar,

1979 5159 2112 5210 tur?

2053 5416 2215 5473 Vens.
2250 5416 2339 5469 20.
2379 5416 2628 5486 Nunquid
2653 5406 2819 5469 aderit
2851 5414 2944 5466 tibi
2970 5413 3184 5467 thronus
3214 5413 3532 5481 iniquitati“

1981 5512 2069 5579 qui
2087 5510 2238 5579 ﬁngis
2262 5509 2492 5564 laborem
2522 5512 2573 5561 in
2595 5522 2846 5576 prmcepto
2867 5510 2891 5562 ?
2914 5505 3063 5567 lure,
3092 5490 3294 5576 inquit,
3332 5519 3530 5573 secune

1980 5600 2105 5655 dum
2136 5599 2532 5655 multitudinem
2564 5599 2808 5652 dolorum
2850 5612 3087 5651 meorum
3114 5597 3164 5649 in
3193 5594 3357 5651 corde
3385 5609 3532 5658 meo.

1980 5691 2378 5747 consolationes
2424 5698 2530 5744 tua
2578 5690 2982 5744 lmtiﬁcaverunt
3023 5682 3253 5743 animm
3311 5700 3534 5743 meum:

1001 5848 1047 5880 ⁸⁸
1083 5847 1123 5902 ll
1156 5848 1281 5904 Cor.
1312 5863 1366 5911 1,
1402 5847 1516 5903 5-5.
1594 5847 1632 5878 "
1678 5842 1831 5899 Rom.
1866 5860 1942 5912 ιι,
1981 5843 2059 5898 l8.
