4372 6422
880 475 1009 533 1207
1568 486 1825 543 EUSEBII
1864 489 2330 547 CAESARIENSIS
2367 492 2512 546 OPP.
2554 493 2606 547 Pl

2300 492 2330 547 Ξ
2367 492 2512 546 OPP.
2554 493 2730 548 PARS
2769 494 2855 548 ill.
2898 525 2963 577 -ῖ-
3003 493 3401 549 EXEGETICA.
3894 495 4026 553 1208

871 598 996 664 quia
1044 598 1140 652 tibi
1181 597 1304 660 Deo.
1348 609 1527 669 utpote
1569 604 1716 671 justo
1766 614 1821 659 et
1883 608 2041 667 bono,
2082 624 2185 661 non
2251 608 2401 663 adest
2428 613 2472 667 Δ
2498 609 2597 660 οὒς

2296 608 2401 663 lest
2428 613 2472 667 Α
2498 609 2557 660 οὐ
2589 610 2840 679 πρόσεστί
2879 627 2958 662 σοι
2988 609 3103 679 Θεῷ
3127 610 3236 662 δ’ντι
3276 608 3462 678 δικαίῳ
3504 609 3595 661 καὶ
3619 608 3803 678 ἀγαθῷ
3843 609 4022 679 θρόνος

870 690 1094 741 thronus
1130 691 1455 759 iniquitatis;
1483 696 1658 747 omnia
1686 697 1881 765 quippe
1927 698 2074 764 justo
2112 699 2313 765 judicio
2344 707 2397 750 et
2495 700 2596 765 divo;

2296 713 2313 750 )
2344 707 2397 750 et
2495 698 2747 767 ἀνομίας·
2777 700 2953 752 πάντα
2994 701 3098 769 γάρ
3141 698 3311 768 κρίσει
3348 682 3527 767 δικαία
3561 700 3652 750 καὶ
3689 698 3829 768 ὀρθῷ
3878 700 4022 770 νόμῳ

869 772 1013 830 recta
1049 779 1165 847 lege,
1187 781 1534 837 administras
1563 802 1575 837 :
1605 786 1722 837 ideo
1756 788 1907 854 ﬁngis
1936 786 2161 840 laborem
2187 790 2236 841 in
2259 804 2393 854 praz-
2491 788 2595 839 8t0t1

2296 804 2393 840 ναι·
2491 788 2702 850 διοικεῖς
2722 805 2734 818 ·
2768 788 2845 839 διὸ
2870 787 3165 854 πλάσσεις
3196 791 3379 842 κόπον
3398 788 3491 840 ἐπὶ
3516 789 3875 855 πρόσταγμα,
3907 806 4022 842 τους

867 874 1044 933 cepto;
1076 868 1126 920 id
1164 880 1263 933 est,
1305 881 1626 942 praeceptum
1663 884 1808 927 tuum
1845 877 2053 931 labores
2086 888 2138 931 et
2173 879 2393 934 sudores
2490 876 2593 926 τέσ

2294 896 2393 934 ires
2490 876 2654 939 τέστι,
2682 877 2741 928 τὸ
2780 877 3101 946 πρόσταγμά
3148 894 3238 928 σου
3283 877 3461 943 κόπων
3490 875 3581 927 καὶ
3617 877 3873 943 καμάτων
3908 877 4020 928 ἐστὶ

871 958 1011 1025 parit
1049 961 1118 1013 ob
1144 964 1381 1030 pra-mia,
1422 980 1538 1032 quae
1576 974 1694 1033 post
1738 966 1968 1021 laborem
2026 980 2239 1023 strenue
2299 972 2389 1023 de-

869 1058 1150 1113 certantes,
1181 1053 1426 1105 alacriter
1462 1064 1513 1108 et
1558 1070 1955 1123 perseveranter
1984 1075 2189 1127 passos,
2236 1076 2390 1113 esce-

868 1146 1019 1203 ptura
1047 1149 1257 1221 suntme
1286 1141 1444 1199 Vens.
1478 1145 1537 1198 2i
1566 1175 1589 1186 -
1608 1147 1693 1200 25.
1738 1146 2066 1201 Venabuntur
2090 1151 2141 1200 in
2164 1151 2389 1201 animam

857 1227 1007 1294 justi,
1047 1242 1094 1283 et
1137 1235 1432 1301 sanguinem
1489 1234 2271 1293 innocentemcondemnabunl.
2321 1239 2389 1291 Et

863 1318 1031 1385 factus
1061 1330 1136 1373 est
1183 1324 1303 1375 milii
1336 1324 1583 1379 Dominus
1614 1328 1665 1377 in
1694 1327 1965 1395 refugium,
1996 1338 2041 1381 et
2072 1328 2210 1382 Deus
2248 1346 2387 1383 meus

862 1406 913 1457 in
943 1406 1257 1475 adjutorium
1287 1413 1393 1479 spei
1430 1430 1573 1466 mea'.
1608 1414 1668 1465 Et
1700 1414 1873 1467 reddet
1914 1417 2020 1468 illis
2067 1416 2387 1485 iniquitatem

860 1497 1109 1561 ipsorum,
1139 1510 1185 1551 et
1220 1500 1495 1553 secundum
1528 1503 1783 1554 malitiam
1813 1520 1989 1555 eorum
2019 1504 2275 1571 disperde:
2300 1522 2385 1559 eos

865 1584 1109 1639 Dominus
1159 1588 1297 1641 Deus
1326 1601 1516 1643 noster.
1568 1591 1736 1659 lmpii,
1771 1594 1866 1655 ait,
1915 1594 2097 1646 tandiu
2152 1595 2382 1649 animam

853 1671 986 1740 justi
1013 1677 1369 1741 venabantur,
1410 1680 1612 1747 laqueis
1650 1681 1791 1733 illam
1839 1687 1891 1733 et
1923 1680 2122 1734 retibus
2154 1683 2381 1735 circum-

856 1761 1063 1825 dantes,
1080 1764 1245 1818 donec
1272 1769 1579 1836 sanguinem
1604 1769 1931 1823 innocentem
1950 1769 2379 1832 condemnantes,

856 1866 973 1904 eam
1005 1852 1071 1906 ad
1121 1862 1346 1909 mortem
1385 1873 1555 1926 usque
1587 1858 1922 1914 deduxerint.
1967 1860 2081 1913 Non
2115 1862 2255 1914 enim
2300 1871 2382 1914 sat

855 1940 959 1994 illis
990 1950 1114 1995 sunt
1157 1944 1363 1996 mulcta:
1401 1948 1763 2013 pecuniarum,
1799 1964 1969 2017 neque
2012 1950 2176 2018 plaga:
2206 1951 2382 2002 vulne-

854 2046 1018 2101 raque
1042 2024 1255 2102 corpori
1285 2034 1551 2102 justorum
1585 2037 1816 2100 inﬂicta;
1864 2040 1955 2092 sed
1989 2041 2147 2092 etiam
2194 2040 2381 2091 mortis

855 2123 1168 2175 seintentiam
1216 2132 1266 2177 et
1308 2124 1568 2177 calculum
1606 2135 1789 2179 contra
1827 2130 1942 2182 illos
1977 2130 2170 2184 lerunt.
2201 2131 2274 2184 Ac
2306 2132 2379 2183 illi

854 2210 1066 2277 quidem
1095 2215 1165 2265 ita
1193 2230 1251 2267 se
1276 2215 1470 2269 habent
1500 2232 1511 2265 ε
1539 2232 1636 2285 ego
1673 2233 1801 2271 vero
1826 2235 1939 2279 eos.
1966 2220 2087 2274 licet
2118 2221 2379 2287 ejusmodi

853 2302 981 2364 sint,
1007 2313 1345 2361 contemnere
1373 2309 1591 2362 edoctus
1639 2326 1779 2373 sum,
1820 2318 1871 2363 et
1921 2326 2086 2379 usque
2121 2310 2185 2364 ad
2236 2326 2377 2363 mor-

853 2399 957 2446 tem
983 2408 1101 2447 cnm
1132 2396 1326 2450 fiducia
1355 2401 1665 2461 consistere.
1697 2416 1895 2468 gnarus
1924 2416 2007 2463 me
2050 2416 2147 2469 pro
2174 2400 2381 2469 refugio

851 2480 1134 2536 Dominum
1174 2484 1391 2547 habere,
1431 2495 1482 2540 et
1505 2503 1599 2556 pro
1622 2489 1886 2557 adiutorio
1915 2491 2024 2558 spei
2060 2505 2187 2544 mea:
2216 2489 2376 2545 Deum

850 2584 1048 2628 meum.
1086 2573 1186 2639 Qui
1228 2575 1488 2645 refugium
1528 2594 1701 2631 meum
1748 2579 1988 2641 ell'ectus,
2041 2581 2380 2634 auxiliabitur

851 2660 1022 2726 mihi;
1074 2661 1127 2714 in
1178 2673 1335 2732 caput
1374 2679 1495 2719 vero
1524 2681 1705 2720 eorum
1751 2668 1841 2736 qui
1889 2675 2105 2735 captant
2146 2668 2376 2721 animam

846 2750 1001 2816 justi.
1037 2760 1089 2804 et
1135 2755 1441 2822 sanguinem
1474 2757 1803 2811 innocentem
1850 2758 2225 2814 condemnant.
2275 2758 2377 2810 ini-

852 2841 1107 2907 quitatem
1152 2844 1389 2912 ipsorum
1430 2848 1776 2915 retorquebit,
1809 2856 1861 2900 et
1904 2848 2158 2915 malitiam
2192 2862 2375 2900 eorum

851 2930 1105 2985 adversus
1120 2947 1213 2988 eos
1238 2933 1366 3001 justi
1382 2934 1569 3002 iudicii
1591 2945 1826 3005 tempore
1849 2944 2141 2997 convertet,
2167 2936 2378 3004 quando

848 3019 1118 3088 disperdet
1160 3037 1253 3077 eos
1297 3023 1553 3078 Dominus
1598 3023 1738 3079 Dens
1780 3034 1963 3079 noster
1991 3042 2004 3076 :
2029 3040 2193 3094 quare
2237 3023 2376 3095 Deus

849 3110 1113 3163 ultionum
1142 3113 1294 3167 initio
1315 3114 1507 3182 psalmi
1537 3113 1715 3168 dictus
1744 3122 1844 3169 est.

1268 3284 1340 3352 (ι)
1383 3283 1697 3339 PSALMUS
1731 3284 1909 3339 xeiv.

931 3369 1089 3425 Vens.
1124 3372 1171 3425 ι.
1224 3372 1393 3426 Venite
1450 3374 1760 3426 exsultemm
1814 3371 2054 3433 Domino,
2094 3370 2372 3440 jubilemtts

851 3462 958 3517 Deo
992 3462 1252 3517 Saluatori
1300 3473 1494 3516 nostra.
1536 3463 1685 3531 Apud
1731 3462 1979 3526 Hebraeos
2017 3462 2161 3516 nulla
2206 3460 2375 3515 fertur

850 3553 1131 3621 inscriptio
1161 3573 1173 3606 :
1209 3562 1262 3605 ct
1292 3553 1483 3607 merito
1514 3568 1675 3617 sane;
1724 3568 1897 3620 neque
1926 3553 2066 3615 enim
2095 3559 2376 3604 consenta-

848 3657 1007 3695 neum
1043 3651 1176 3701 erat.
1209 3650 1267 3694 ut
1295 3643 1375 3696 vel
1399 3642 1657 3711 psalmus,
1683 3643 1764 3695 vel
1799 3642 2049 3710 hymnus,
2086 3640 2168 3695 vel
2208 3639 2375 3693 canti-

848 3747 969 3785 cum
999 3732 1399 3792 inscriberetur,
1434 3747 1555 3785 cum
1586 3730 1888 3785 .ludazorum
1919 3727 2133 3798 quidem
2163 3738 2373 3799 gentem

849 3823 913 3874 ad
941 3823 1350 3876 exsultationem
1381 3829 1585 3879 evocet.
1623 3821 1753 3889 ipsis
1781 3832 1957 3874 tamen
2004 3822 2374 3875 interminetur

847 3911 1002 3969 iram.
1032 3920 1082 3964 ct
1104 3918 1485 3985 prmceptorum
1516 3912 1667 3963 linem
1688 3910 1929 3964 tristibus
1947 3908 2367 3963 circumscribat.

849 3999 1112 4051 Obsewes
1142 4015 1297 4067 porro
1318 3999 1675 4059 velim.sicubi
1694 3999 1824 4052 alias
1847 3999 1899 4052 in
1926 3997 2200 4067 Scriptura
2220 3999 2369 4061 illud,

848 4090 1029 4144 venite.
1060 4088 1258 4141 dictum
1289 4090 1376 4149 sit,
1404 4090 1669 4157 quomodo
1694 4103 1785 4142 eos
1805 4089 1957 4157 quasi
1989 4090 2085 4141 abs
2103 4102 2159 4142 se
2186 4088 2373 4156 procul

848 4183 1083 4229 remotos
1118 4177 1183 4229 ad
1218 4177 1570 4241 accedendum
1604 4186 1871 4245 provocet.
1906 4175 2039 4249 Nota
2084 4177 2204 4229 item
2254 4189 2371 4228 eam

846 4260 1181 4319 vocationem
1211 4280 1420 4334 semper
1446 4265 1510 4318 ad
1541 4266 1733 4337 bonum
1768 4264 1981 4335 aliquod
2011 4264 2239 4334 dirigere
2272 4283 2283 4317 :
2319 4271 2374 4315 ut

848 4354 903 4407 in
934 4354 1025 4409 illo
1059 4374 1071 4408 :
1119 4354 1312 4416 Venite,
1352 4355 1472 4422 ﬁlii,
1502 4354 1772 4407 auditeme
1800 4356 1878 4421 ⁸¹;
1910 4364 1963 4411 et
2006 4373 2019 4408 :
2055 4354 2254 4415 Venite.
2288 4371 2374 4407 as-

848 4442 1120 4497 cendamus
1152 4444 1218 4495 ad
1248 4454 1465 4495 montem
1498 4443 1705 4496 Domini
1725 4444 1801 4505 ⁸³;
1841 4451 1893 4498 et
1933 4462 1946 4499 :
1992 4443 2163 4496 Venite
2199 4445 2265 4497 ad
2297 4460 2374 4497 me

2490 966 2765 1035 ποιητικὸν
2812 967 2898 1019 διά
2938 968 3032 1027 τάς
3086 966 3220 1035 μετά
3258 969 3380 1029 τοὺς
3419 967 3607 1028 πόνους
3650 966 4020 1035 διαδεξομένας

2487 1056 2711 1123 ἀμοιϐὰς
2728 1058 2850 1119 τοὺς
2867 1057 3039 1118 καλῶς
3060 1058 3488 1125 ἀγωνισαμένους
3505 1056 3594 1108 καῖ⁴
3612 1057 3699 1129 τὸν
3714 1056 3874 1108 κόπον
3896 1074 4021 1125 προ-

2490 1142 2671 1212 θύμως
2700 1146 2788 1197 καὶ
2813 1148 3039 1208 εὐτόνως
3064 1146 3466 1215 ὑπομείναντας.
3497 1146 3899 1212 Θηρεύσουσιν
3923 1143 4016 1196 ἐπὶ

2488 1232 2694 1297 ψυχὴν
2719 1232 2967 1299 δικαίου,
2999 1234 3091 1287 καὶ
3130 1230 3267 1300 αἷμα
3296 1234 3484 1286 ἀθῶον
3511 1232 4016 1286 καταδικάσονται.

2488 1322 2593 1391 Καὶ
2635 1322 2865 1389 ἐγένετό
2901 1340 3000 1389 μοι
3039 1325 3250 1388 Κύριος
3291 1324 3374 1386 είς
3419 1321 3792 1388 καταφυγὴν,
3839 1319 3933 1372 καί
3982 1323 4015 1373 ό

2489 1411 2625 1474 Θεός
2657 1430 2773 1478 μου
2794 1414 2876 1475 είς
2908 1412 3135 1477 ,βοηθὸν
3156 1411 3397 1477 ἐλπίδος
3420 1429 3555 1479 μου.
3589 1410 3694 1463 Kal
3725 1408 4013 1462 ἀποδώσει

2483 1502 2800 1568 αἰντοῗςτὴν
2814 1502 3063 1569 ἀνομίαν
3084 1502 3294 1565 αὐτῶν,
3316 1502 3572 1556 καὶκατὰ
3597 1502 3707 1567 τὴν
3728 1500 4013 1567 πονηρίαν

2480 1589 2673 1643 αὐτῶν
2710 1592 2943 1659 rigarisi
2973 1590 3191 1654 αὐτοὺς
3235 1592 3443 1657 Κύριος
3483 1593 3516 1642 ὀ
3561 1589 3699 1655 Θεὸς
3739 1587 3921 1657 ἡμῶν.
3952 1590 4013 1641 Οἱ

2483 1683 2581 1750 μὲν
2605 1681 2834 1743 ἀσεϐεῖς,
2863 1682 3041 1751 φησὶν,
3066 1681 3156 1733 ἐπὶ
3174 1680 3418 1733 τοσοῦτον
3442 1679 3536 1749 τὴν
3560 1679 3649 1731 τοῦ
3692 1678 3892 1731 δικαίου
3917 1678 4015 1745 ψυ-

2480 1772 2578 1841 χὴν
2602 1770 2916 1841 θηρεύσουσι
2940 1770 3155 1837 παγίσιν
3186 1769 3349 1838 αὐτὴν
3383 1770 3474 1821 καὶ
3502 1769 3731 1829 δικτύοις
3757 1767 4013 1837 περιϐάλ-

2480 1860 2673 1923 λοντες,
2700 1861 2801 1918 ἕως
2831 1861 2915 1911 ὅτε
2959 1860 3053 1911 καὶ
3081 1859 3237 1929 μέχρι
3253 1858 3475 1911 θανάτου
3510 1858 3894 1928 περιελάσωσιν
3919 1858 4014 1910 αὑ-

2479 1950 2592 2020 τὴν,
2626 1945 2760 2019 αἷμα
2785 1949 2953 2001 ἀθῶον
2976 1946 3433 2011 καταδικάζοντες.
3463 1949 3574 1999 Οὐκ
3600 1947 3885 2016 ἀρκοῦνται
3904 1946 4013 2017 γὰρ

2478 2045 2592 2103 ταῖς
2616 2043 2700 2095 διὰ
2719 2043 3006 2113 χρημάτων
3029 2042 3263 2111 ζημίαις,
3285 2040 3401 2092 οὐδὲ
3426 2042 3541 2101 ταῖς
3560 2039 3697 2091 κατά
3718 2040 3808 2091 τοῦ
3838 2038 4013 2108 σώμα-

2477 2148 2565 2193 τος
2590 2130 2694 2181 τῶν
2735 2132 2951 2184 δικαίων
2999 2131 3227 2200 πληγαῖς
3256 2146 3315 2182 τε
3362 2131 3451 2182 καὶ
3494 2128 3883 2190 αἰκίαις,»ἀλλά
3921 2130 4011 2181 καὶ

2478 2222 2572 2289 τὴν
2600 2220 2689 2271 ἐπὶ
2730 2219 2934 2288 θανάτῳ
2979 2221 3151 2289 ᾲῆφον
3184 2220 3299 2272 κατ’
3339 2218 3513 2271 αὐτῶν
3556 2219 3857 2287 ἐκφέρουσι.
3894 2220 3985 2270 Κά

2478 2310 2639 2367 κεῖνοι
2667 2305 2761 2375 μὲν
2789 2296 3037 2373 τοιοῦτοι·
3065 2305 3173 2373 ἐγὼ
3195 2308 3251 2359 δὲ
3274 2308 3366 2360 καὶ
3394 2307 3639 2359 τοιούτων
3664 2310 4009 2377 καταφρονεῖν

2481 2394 2824 2465 μεμαθηκὼς,
2855 2396 2944 2447 καὶ
2981 2395 3134 2466 μέχρι
3175 2396 3399 2448 Θανάτου
3434 2395 3705 2465 εὐθαρσῶς
3742 2396 4007 2459 ἵστασθαι,
4056 2400 4061 2405 ”

2477 2486 2625 2550 εἰδὼς
2658 2487 2796 2556 ἔχειν
2821 2486 3036 2556 ἐμαυτῷ
3061 2486 3374 2555 καταφυγὴν
3405 2487 3492 2537 τὸν
3517 2485 3735 2556 Κύριον,
3762 2489 3854 2539 καὶ
3883 2488 4005 2558 βοη-

2478 2576 2564 2630 θὸν
2596 2577 2801 2639 ἐλπίδος
2836 2593 2935 2645 μου
2962 2576 3048 2627 τὸν
3081 2574 3208 2628 Θεόν
3247 2592 3371 2645 μου·
3399 2575 3455 2637 ὃς
3491 2576 3611 2644 ἐμοὶ
3641 2577 3736 2645 μὲν
3762 2576 4006 2647 βοηθήσει

2476 2668 2753 2733 καταφυγή
2790 2683 2885 2735 μου
2914 2665 3218 2733 γινόμενος·
3255 2666 3361 2726 τοῖς
3386 2664 3440 2716 δὲ
3465 2664 3742 2734 θηρεύουσι
3782 2666 3879 2735 τὴν
3906 2666 4009 2735 ψυ-

2475 2756 2573 2825 χὴν
2587 2755 2678 2806 τοῦ
2703 2756 2924 2819 δικαίου,
2952 2756 3041 2807 καὶ
3066 2748 3198 2823 αἷμα
3220 2754 3389 2807 ἀθῶον
3404 2754 3861 2817 καταδικάζουσιν,
3885 2756 4009 2806 ἀπο-

2474 2842 2631 2894 δώσει
2662 2842 2755 2911 τὴν
2778 2842 3002 2911 ἀνομίαν
3028 2842 3198 2895 αὐτῶν
3223 2846 3298 2905 εἰς
3320 2842 3553 2911 κεφαλὴν
3574 2844 3766 2908 αὐτῶν,
3797 2844 3888 2895 καὶ
3911 2843 4008 2912 τὴν

2476 2932 2733 3001 πονηρίαν
2766 2931 2938 2984 αὐτῶν
2987 2933 3197 3002 στρέψει
3230 2933 3346 2985 κατ’
3385 2932 3558 2984 αὐτῶν
3602 2933 3657 2984 ὲν
3686 2931 3760 3001 τῷ
3802 2934 3898 3001 τῆς
3931 2933 4006 2985 δι-

2475 3021 2805 3090 καιοκρισίας
2848 3020 3039 3090 καιρῷ,
3077 3022 3161 3073 ὅτε
3193 3022 3284 3073 καὶ
3330 3022 3543 3089 ἀφανιεῖ
3582 3022 3769 3082 αὐτοὺς
3808 3022 4005 3090 Κύριος

2473 3110 2501 3161 ὁ
2521 3110 2646 3172 Θεὸς
2679 3110 2850 3180 ἡμῶν·
2880 3110 2958 3162 διὸ
2983 3111 3073 3163 καὶ
3098 3109 3225 3174 Θεὸς
3243 3110 3564 3179 ὲκδικήσεων
3598 3110 3715 3162 κατ’
3737 3109 3905 3181 ἀρχὰς
3931 3109 4005 3160 εῖ-

2398 3226 2441 3282 C
2476 3217 2632 3270 ρηται
2660 3200 2750 3253 τοῦ
2777 3200 3004 3270 ψαλμοῦ.

3022 3291 3304 3344 ΨΑΑΜΟΣ
3339 3291 3447 3357 nan

2537 3379 2707 3431 Δεῦτε
2738 3378 3219 3448 ἀγαλλιασώμεθα
3254 3381 3331 3444 τῷ
3363 3380 3571 3447 Κυρίῳ,
3617 3375 4003 3446 (Madciwa

2468 3466 2545 3532 τῷ
2570 3466 2684 3531 Θεῷ
2700 3467 2775 3531 τῷ
2802 3468 3017 3535 Σωτῆρι
3034 3467 3213 3536 ήινιῶν.
3239 3470 3309 3520 Οὐ
3338 3468 3554 3537 φέρεται
3585 3468 3708 3537 παρ’
3738 3466 3963 3537 Ἐϐραίοι

2468 3559 2501 3627 ἡ
2531 3559 2848 3628 προγραφή’
2893 3558 2983 3609 καὶ
3027 3559 3274 3620 εἰκότως’
3313 3556 3432 3610 οῠτε
3463 3556 3569 3627 γὰρ
3608 3556 3834 3624 ψαλμὸν,
3881 3555 3996 3609 οῠτ·

2470 3645 2651 3715 ὕμνον,
2686 3645 2805 3698 οὔτε
2858 3646 2994 3716 ᾠδὴν
3038 3645 3247 3713 εὔλογον
3283 3642 3348 3715 ἦν
3397 3645 3732 3716 ἐπιγράφειν,
3771 3645 3859 3696 τὸν
3899 3662 3992 3697 κα-

2468 3736 2655 3788 λοῦντα
2690 3736 2782 3805 μὲν
2802 3737 2889 3787 τὸν
2932 3736 3191 3789 Ἰουδαίων
3219 3736 3341 3789 λαὸν
3373 3737 3463 3788 ἐπὶ
3488 3736 3815 3803 ἀγαλλίασιν,
3842 3737 3993 3787 ἀπει-

2468 3822 2658 3887 λοῦντα
2693 3824 2747 3875 δὲ
2780 3825 2955 3886 αὐτοῖς
2987 3824 3148 3893 ὀργὴν
3180 3824 3271 3876 καὶ
3306 3824 3372 3874 τὰ
3406 3824 3527 3893 τέλη
3563 3822 3667 3875 τῶν
3699 3820 4002 3891 παραγγελ-

2473 3912 2654 3981 μάτων
2680 3912 2769 3964 ὲπὶ
2812 3911 3144 3982 σκυθρωποῖς
3175 3913 3593 3980 περιγράφοντα.
3627 3910 3909 3978 Σημειώσῃ
3943 3907 4000 3960 δὲ

2468 4000 2522 4051 εῐ
2546 4016 2644 4051 που
2679 4002 2768 4051 καὶ
2807 3998 3031 4068 ἀλλαχοῦ
3066 4000 3162 4068 τῆς
3190 3999 3407 4069 Γραφῆς
3434 3998 3509 4060 τὸ,
3544 3997 3729 4058 δεῦτε,
3768 3998 3997 4066 εἴρηται,

2470 4088 2559 4139 καὶ
2584 4086 2699 4137 τίνα
2730 4086 2921 4157 τρόπον
2944 4086 3016 4148 ὡς
3041 4087 3349 4152 ἀφεστῶτας
3373 4085 3465 4136 καὶ
3490 4084 3698 4154 μακρὰν
3719 4083 4000 4151 γεγονότας

2469 4175 2779 4246 πλησιάζειν
2803 4176 2947 4244 αὑτῷ
2968 4177 3145 4228 καλεῖ·
3172 4178 3423 4247 τηρήσεις
3441 4175 3530 4227 καὶ
3555 4176 3633 4226 ὅτι
3656 4175 3877 4228 πάντοτε
3902 4172 4000 4244 τὴν

2469 4265 2653 4335 κλῆσιν
2681 4267 2762 4317 ἐπ’
2795 4265 2976 4334 ἀγαθῷ
3005 4268 3249 4329 ποιεῖται,
3291 4266 3364 4328 ὡς
3396 4268 3451 4317 ὲν
3477 4264 3572 4333 τῷ,
3603 4265 3773 4316 Δεῦτε
3800 4261 3997 4324 τέκνα,
4043 4293 4049 4299 -

2468 4353 2757 4408 ἀκούσατέ
2792 4372 2927 4422 μου,
2952 4356 3063 4415 καὶ,
3090 4342 3261 4407 Δεῦτε
3301 4354 3597 4422 ἀναδῶμεν
3636 4356 3719 4417 εἰς
3755 4353 3819 4405 τὸ
3866 4351 4001 4418 ὅρος

2470 4444 2703 4509 Κυρίου,
2730 4442 2839 4502 καὶ,
2871 4443 3042 4495 Δεῦτε
3074 4443 3220 4510 πρὸς
3242 4444 3317 4511 μὲ
3345 4442 3559 4507 πάντες
3581 4445 3633 4495 οὶ
3659 4440 3995 4504 κοπιῶντες,

849 4548 1021 4584 omnes
1049 4532 1135 4601 qui
1159 4531 1409 4584 laboratis
1440 4532 1518 4597 “;
1560 4540 1611 4586 et
1640 4549 1653 4584 τ
1694 4532 1888 4596 Venite,
1920 4534 2166 4609 benedicti
2197 4532 2370 4585 Patris
2400 4538 2445 4593 ι)
2474 4532 2575 4590 καὶ,

2272 4534 2370 4585 ίιτὶδ
2400 4538 2445 4593 ι)
2474 4532 2583 4590 καὶ,
2617 4530 2788 4581 Δεῦτε
2828 4532 2879 4582 οί
2924 4530 3299 4598 εὐλογημένοι
3341 4531 3707 4595 τοῦ,Πατρός
3737 4544 3866 4593 μου.
3910 4528 3998 4578 Ἐν

853 4621 952 4672 mei
981 4620 1045 4673 ".
1088 4620 1144 4672 ln
1180 4620 1278 4673 hoc
1317 4630 1489 4673 autem
1526 4622 1727 4688 psalmo
1753 4624 1898 4675 clare
1947 4619 2012 4672 ad
2060 4620 2370 4674 exsultatio-

846 4723 971 4762 nem
1004 4708 1182 4761 venire
1211 4716 1477 4775 provocat.
1503 4708 1677 4773 Quare
1705 4710 1954 4764 observes
1983 4710 2127 4771 item,
2158 4722 2264 4762 non
2290 4724 2371 4761 re-

848 4806 932 4850 cte
959 4797 1222 4849 aestimare
1257 4812 1368 4859 eos,
1426 4798 1516 4866 qui
1550 4798 1735 4866 jugum
1772 4799 2048 4867 religionis
2104 4799 2254 4852 triste
2306 4813 2369 4851 ac

848 4886 1129 4940 molestum
1153 4900 1273 4939 esse
1298 4888 1627 4941 arbitrantur
1673 4906 1685 4939 :
1732 4889 1794 4939 ad
1828 4889 1963 4941 bona
2000 4889 2195 4958 quippe
2221 4898 2273 4943 et
2303 4888 2368 4943 ad

849 4975 968 5027 lana
997 4975 1326 5028 vocationem
1366 4974 1492 5030 edit.
1522 4974 1615 5029 llis
1656 4990 1934 5044 compares
1959 4977 2087 5030 illud
2132 4994 2145 5030 :
2190 4976 2370 5031 Disce-

846 5062 953 5114 dite
1002 5065 1056 5115 in
1102 5065 1268 5132 ignem
1295 5073 1538 5115 arternum
1582 5065 1648 5127 ",
1687 5074 1740 5118 et
1770 5064 1983 5126 similia,
2016 5080 2132 5132 qua:
2164 5066 2369 5119 ratione

849 5152 1009 5217 longe
1037 5152 1300 5203 contraria
1338 5159 1389 5203 et
1410 5150 1617 5205 diversa
1648 5153 1716 5206 ab
1765 5153 1876 5213 illo,
1912 5154 2091 5215 venite,
2134 5162 2371 5221 peccato-

850 5240 1002 5291 ribus
1018 5236 1287 5291 dicuntur.
1319 5238 1578 5302 Quoniam
1607 5239 1861 5292 bellorum
1886 5246 2122 5307 tempore
2144 5228 2371 5295 victores

848 5326 1074 5397 jnbilare
1118 5328 1307 5383 solent.
1343 5335 1501 5394 atque
1539 5326 1701 5378 altum
1741 5328 2075 5381 conclamare
2116 5328 2371 5383 adversus

851 5419 1125 5480 inimicos;
1159 5429 1452 5485 opportune
1492 5412 1597 5469 non
1640 5416 1796 5469 modo
1830 5416 2057 5484 gaudere
2098 5424 2150 5470 et
2198 5419 2374 5471 exsul-

851 5514 984 5567 tare.
1020 5506 1110 5560 sed
1150 5506 1307 5557 etiam
1338 5506 1404 5558 de
1434 5513 1581 5573 parta
1631 5504 1849 5557 salutari
1872 5506 2103 5557 'victoria
2145 5506 2371 5574 jnhilare

852 5596 1105 5665 precipit.
1131 5594 1263 5662 Quis
1285 5602 1457 5648 autem
1486 5595 1642 5649 fuerit
1669 5594 1910 5647 Salvator
1936 5604 1984 5647 et
2012 5594 2148 5649 Deus
2169 5606 2369 5660 noster,

2471 4620 2527 4673 δὲ
2568 4619 2641 4688 τῷ
2695 4620 2828 4687 μετά
2859 4622 3041 4688 χεῖρας
3084 4619 3279 4687 ψαλμῷ
3330 4618 3511 4684 σαφῶς
3550 4618 3640 4668 ἐπὶ
3687 4615 3999 4682 ἁγαλλίασιν

2467 4710 2621 4777 ἥκειν
2651 4707 2967 4777 παρακαλεῖ.
2986 4707 3072 4759 Διὸ
3096 4704 3391 4776 σημειώσῃ,
3413 4706 3490 4766 ὃτι
3522 4705 3592 4775 μὴ
3615 4704 3789 4763 καλῶς
3814 4701 3999 4772 ἡγοῦνι

2469 4814 2557 4851 ται
2583 4802 2627 4850 οἱ
2660 4798 2971 4867 σκυθρωπὸν
3000 4798 3089 4850 καὶ
3126 4798 3378 4867 ξπίλυπον
3410 4796 3712 4866 νομίζοντες
3749 4791 3881 4847 εἶναι
3907 4794 3999 4847 τὸν

2468 4888 2566 4957 τῆς
2595 4889 2892 4952 θεοσεϐείας
2926 4888 3108 4956 ζυγόν·
3142 4890 3223 4940 ἐπ’
3252 4888 3467 4955 ἀγαθοῖς
3493 4888 3598 4957 γάρ
3634 4888 3722 4939 καὶ
3763 4884 4000 4955 φαιδροῖς
4048 4960 4049 4963 η

2472 4982 2694 5031 ποιεῖται
2717 4980 2813 5049 τὴν
2836 4978 3039 5047 κλῆσιν.
3064 4979 3275 5041 Τούτοις
3306 4978 3538 5044 παράθες
3566 4976 3642 5039 τὸ,
3675 4976 4001 5041 Πορεύεσθε

2469 5072 2553 5131 εἰς
2586 5070 2649 5122 τὸ
2675 5071 2789 5137 πῦρ
2829 5070 2891 5122 τὸ
2918 5071 3166 5129 αἰώνιον,
3198 5069 3288 5122 καὶ
3317 5069 3384 5119 τά
3418 5069 3591 5135 ὅμοια,
3631 5066 3880 5128 ἐναντίως
3916 5067 3998 5130 τὸ,

2470 5158 2655 5219 δεῦτε,
2696 5163 2803 5222 τοῖς
2845 5148 3202 5230 ἁμαρτάνουσι
3239 5158 3515 5224 λεγόμενα.
3560 5155 3768 5226 Ἐπειδὴ
3798 5158 3854 5208 ὲν
3890 5160 4001 5219 τοῖς

2471 5253 2674 5317 καιροῖς
2712 5250 2814 5301 τῶν
2840 5250 2963 5301 πολέ
2973 5268 3083 5317 μων
3114 5252 3160 5300 οἱ
3186 5248 3436 5307 νικῶντες
3453 5244 3731 5308 ἀλαλάζειν
3757 5246 3996 5315 εἰώθασι,

2472 5340 2561 5389 καὶ
2591 5342 2727 5409 μέγα
2759 5340 2882 5409 βοᾷν
2906 5339 3040 5391 κατά
3071 5338 3175 5388 τῶν
3204 5336 3486 5404 πολεμίων,
3510 5336 3724 5398 εἰκότως
3748 5337 3806 5388 οὐ
3843 5336 4000 5404 μόνον

2473 5425 2670 5495 χαίρειν
2698 5429 2788 5479 καὶ
2825 5426 3096 5493 ἀγαλλιᾷν,
3130 5422 3262 5475 ἀλλὰ
3289 5424 3377 5473 καὶ
3402 5421 3675 5486 ἀλαλάζειν
3707 5423 3795 5473 ἐπὶ
3812 5424 3875 5491 τῇ
3903 5439 4002 5474 σω-

2472 5513 2637 5581 τηρίῳ
2668 5514 2788 5583 νίκῃ
2818 5514 3149 5582 προστάττει.
3188 5510 3281 5572 Τίς
3304 5510 3345 5562 δ’
3376 5512 3439 5563 ἂν
3467 5512 3548 5579 εἴη
3581 5512 3608 5561 ὁ
3636 5508 3817 5580 Σωτὴρ
3845 5511 3999 5579 ἡμῶν

2475 5600 2565 5650 καὶ
2593 5600 2723 5663 Θεὸς
2758 5601 2928 5670 ἡμῶν,
2966 5600 2997 5667 ἢ
3030 5602 3056 5651 ὁ
3085 5598 3177 5651 τοῦ
3216 5597 3347 5650 Θεοῦ
3377 5598 3541 5664 Λόγος
3580 5599 3607 5649 δ
3639 5595 3820 5661 εἰπὼν,
3852 5599 3997 5662 Θαρ-

918 5713 962 5741 ⁸⁹
997 5708 1137 5769 Psal.
1172 5721 1370 5763 χχχιιι.
1405 5705 1487 5759 l2.
1563 5707 1607 5737 ³³
1650 5705 1749 5759 lsa.
1785 5721 1854 5765 ιι,
1888 5706 1938 5759 3.
2028 5706 2070 5736 ⁸³
2113 5705 2294 5760 Matth.
2330 5723 2402 5773 χι,
2432 5707 2517 5761 ‘28.
2593 5712 2635 5742 ⁵⁵

1842 5745 1854 5765 ,
1888 5706 1938 5759 3.
2028 5706 2070 5736 "'
2113 5705 2294 5760 Matth.
2330 5723 2402 5773 χι,
2432 5707 2517 5761 ‘28.
2593 5712 2635 5742 ⁵⁵
2676 5710 2858 5763 Matth.
2896 5726 3017 5771 xxv,
3055 5709 3139 5763 35.
3216 5710 3259 5742 "
3298 5710 3424 5764 ibid.
3462 5710 3546 5762 Η.

921 5798 992 5866 (l)
1035 5798 1186 5867 Vulg.
1218 5800 1393 5863 habet,
1430 5796 1562 5851 Lana
1587 5799 1897 5863 canticidpai
1924 5798 2103 5853 David.
