4372 6430
351 525 481 581 1209

1379 555 1383 559 -
1429 519 1919 574 COMMENTARIA
1949 520 2013 573 IN
2055 519 2382 573 PSALMOS.

3356 524 3491 577 1210

348 639 522 700 σεῖτε,
556 639 665 707 ἐγὼ
689 638 968 704 νενίκηκα
997 638 1095 689 τὼ
1120 640 1372 704 κόσμοη
1402 641 1428 689 ό
1460 638 1550 689 καὶ
1578 637 1871 705 ῥυσάμενος
1900 649 1941 699 Α
1970 638 2071 690 nisi

1769 653 1871 698 ενος
1900 649 1941 699 Α
1970 638 2071 690 nisi
2133 636 2221 689 Dei
2270 636 2492 689 Verbum
2524 637 2663 705 quod
2706 637 2838 692 dixit
2872 660 2882 693 :
2924 639 3211 706 Conﬁdite,
3264 657 3353 711 ego
3402 642 3495 693 vici

347 731 490 798 ἡμᾶς
517 729 622 781 ἀπὸ
648 730 742 797 τῆς
784 730 943 781 πάλαι
984 728 1418 796 κατακρατούσης
1444 727 1597 795 ἡμῶν
1636 726 1871 794 δαιμονιο

350 818 446 886 κῆς
488 819 775 887 ἐνεργείας,
821 812 878 869 οῦ
927 820 1016 869 καὶ
1057 817 1113 869 τὸ
1159 815 1359 885 Ἰησοῦς
1405 817 1569 885 ὄνομα
1589 832 1875 882 σωτῳιον

362 907 613 976 Ἐὅραῖκῇ
664 909 808 975 φωνῇ
855 906 1117 975 σημαίνει.
1166 906 1323 966 Τίνας
1361 905 1415 956 δὲ
1465 904 1877 973 προηγουμένως

350 999 375 1047 ὁ
400 996 549 1063 λόγος
582 998 669 1049 ἐπὶ
692 996 787 1065 τῆν
809 996 1111 1061 ἀγαλλίασιν
1134 994 1447 1063 παρακαλεῖ,
1482 994 1655 1064 εῦροις
1679 994 1742 1046 ἂν
1763 996 1876 1045 ἐπι-

354 1089 548 1156 στήσας
569 1090 675 1146 τοίς
698 1086 837 1153 ἑξῆς,
874 1087 929 1136 ἐν
958 1078 1035 1145 οἷς
1064 1083 1288 1153 εἴρηται,
1322 1084 1478 1135 Κατὰ
1511 1085 1621 1149 τὴν
1660 1084 1880 1151 ἡμέραν

351 1177 453 1229 τοῦ
488 1176 807 1243 πειρασμοῦ
832 1175 898 1226 ἑν
926 1171 999 1240 τῇ
1032 1172 1239 1240 ἐρήμῳ,
1270 1170 1339 1227 οὗ
1377 1173 1695 1240 ἐπείρασαν
1729 1190 1803 1240 με
1827 1176 1879 1225 οἱ

352 1267 596 1333 πατέρες
644 1263 822 1331 ὑμῶν.
865 1263 1051 1331 Σαφῶς
1078 1265 1183 1332 γὰρ
1212 1263 1296 1314 διὰ
1345 1263 1538 1314 τούτων
1583 1263 1728 1333 δηλοῖ
1758 1265 1878 1323 τοὺς

352 1358 497 1419 υἱοὺς
525 1357 629 1407 τῶν
668 1356 723 1405 ἐν
758 1356 820 1423 τῇ
863 1356 1047 1423 ἐρήμῳ
1081 1354 1614 1421 παραπικρανάντων,
1659 1352 1809 1420 δῆλον
1836 1352 1879 1402 δ’

350 1447 427 1498 ὅτι
446 1446 566 1507 τοὺς
587 1445 648 1496 ἐκ
672 1445 979 1513 περιτομῆς.
1004 1444 1227 1504 Τούτους
1248 1442 1523 1511 τοιγαροῦν
1544 1442 1879 1493 ἀνακαλεῖται

350 1535 547 1599 λέγων·
584 1534 754 1585 Δεῦτε
774 1532 1252 1600 ἀγαλλιασώμεθα
1285 1532 1361 1595 τῷ
1396 1532 1599 1597 Κυρίῳ.
1628 1530 1879 1591 Θεσπίζει

350 1625 391 1676 δ’
422 1627 502 1676 ὅτι
537 1624 608 1693 μὴ
647 1622 1026 1675 ὑπακούσονται
1059 1626 1121 1691 τῇ
1160 1622 1374 1690 κλήσειο
1408 1621 1550 1687 λέγει
1581 1621 1622 1673 δ’
1650 1617 1738 1673 οῦν
1789 1620 1878 1670 ἐπὶ

352 1716 514 1768 τέλει’
558 1714 668 1768 Ἀεὶ
712 1711 1043 1767 πλανῶνται
1072 1712 1143 1779 τῇ
1191 1711 1417 1779 καρδίᾳ.
1461 1712 1633 1763 Αὐτοὶ
1671 1710 1737 1761 δὲ
1774 1712 1880 1762 οὐκ

352 1808 619 1874 ἔγνωσαν
644 1806 748 1869 τὰς
796 1803 970 1868 ὁδούς
1000 1821 1136 1871 μου,
1189 1804 1267 1867 ὡς
1294 1801 1496 1870 ὤμοσα
1522 1803 1588 1854 ὲν
1624 1799 1698 1868 τῇ
1738 1796 1880 1867 ὀργῇ

351 1912 483 1963 μου,
522 1898 574 1947 ει
608 1894 1044 1947 εἰσελεύσονται
1080 1895 1163 1957 εις
1199 1893 1312 1960 τὴν
1342 1890 1711 1944 κατάπαυσίν
1743 1877 1876 1957 μοι).

1974 726 2297 786 mundum",
2330 732 2485 793 atque
2502 743 2595 779 nos
2624 728 2689 780 ab
2723 728 2916 783 εἰπεεεί
2960 732 3044 783 illa
3070 733 3367 785 daemonum
3388 731 3497 781 vir-

1973 826 2083 871 tute
2104 858 2116 880 ,
2177 833 2295 886 qure
2328 818 2481 871 nobis
2499 816 2619 870 olim
2644 817 3321 884 dominabatur,liberavit;
3345 820 3501 886 cujus

1976 923 2165 960 nomen
2196 906 2368 970 Jesus,
2419 908 2647 959 salutare
2700 907 2955 961 Hebraice
2996 909 3293 977 significat?
3321 908 3501 973 Quos-

1978 1013 2096 1049 nam
2131 1013 2257 1049 vero
2288 998 2549 1066 praecipue
2582 998 2645 1049 ad
2679 998 3085 1053 exsultationem
3128 1006 3373 1069 provocet
3410 997 3503 1049 dc-

1976 1086 2292 1155 prehendes,
2338 1088 2381 1139 si
2409 1087 2715 1141 consideres
2756 1102 2816 1140 ea
2847 1103 2965 1153 qua:
2995 1097 3308 1156 sequuntur,
3339 1094 3389 1141 et
3422 1086 3500 1139 sic

1979 1178 2190 1239 habent,
2232 1177 2519 1253 Secundum
2572 1179 2705 1230 diem
2737 1181 3034 1232 tentationis
3069 1181 3123 1232 in
3157 1180 3373 1240 deserto,
3413 1177 3503 1230 ubi

1980 1278 2300 1320 laniaverant
2332 1284 2409 1319 me
2436 1278 2605 1334 patres
2637 1268 2805 1321 vestri.
2836 1267 2931 1323 llis
2950 1270 3090 1322 enim
3123 1268 3401 1322 manifeste
3429 1267 3506 1320 si-

1977 1356 2193 1425 gnificat
2220 1356 2352 1409 filios
2380 1371 2560 1409 eorum
2587 1356 2677 1423 qui
2702 1356 2753 1408 in
2786 1356 3000 1410 deserto
3044 1357 3503 1410 exacerbaverunt

1976 1461 2119 1505 eum,
2152 1446 2266 1497 sive
2315 1446 2567 1513 populum
2620 1459 2681 1497 ex
2732 1444 3158 1498 circumcisione.
3210 1443 3318 1497 llos
3346 1444 3505 1512 igitur

1976 1544 2159 1586 evocat
2185 1533 2389 1594 dicens,
2418 1533 2605 1591 Venite,
2632 1532 2944 1586 exsuttemus
2974 1533 3212 1586 Domino.
3238 1532 3508 1587 Vaticina-

1956 1630 2063 1671 'tur
2094 1634 2271 1686 porro,
2298 1634 2390 1671 eos
2419 1618 2680 1670 vocationi
2715 1633 2818 1671 non
2852 1620 3308 1688 obtemperaturos
3340 1636 3460 1676 esse
3491 1664 3505 1677 .

1977 1710 2050 1761 ait
2079 1708 2219 1762 enim
2250 1710 2348 1761 sub
2379 1708 2531 1761 finem
2562 1726 2573 1760 :
2609 1709 2816 1775 Semper
2837 1720 3010 1761 errant
3041 1710 3208 1763 corde.
3244 1708 3352 1777 Ipsi
3393 1727 3509 1764 vero

1978 1815 2081 1851 non
2115 1806 2450 1866 cognoverunt
2478 1797 2585 1850 eius
2627 1814 2784 1859 meas,
2811 1800 2939 1851 sicut
2966 1799 3140 1866 juravi
3168 1797 3219 1852 iit
3242 1800 3323 1852 ira
3352 1816 3465 1853 mea
3490 1840 3505 1859 ,

1981 1889 2025 1941 si
2074 1889 2354 1940 introibant
2392 1879 2444 1940 in
2469 1890 2691 1957 requiem
2722 1905 2907 1943 meam.
2937 1888 3197 1953 Quoniam
3247 1890 3407 1958 igitur
3433 1889 3507 1943 illi

366 1986 513 2038 Ἐπεὶ
541 1981 629 2038 οῦν
659 1988 849 2037 ἐκεῖνοι
879 1985 963 2036 ἀεὶ
994 1984 1291 2037 πλανῶνται
1320 1986 1384 2052 τῇ
1427 1982 1635 2051 καρδίᾳ,
1666 1980 1882 2042 εἰκότως
1912 1972 1951 2024 Β
1981 1993 2087 2031 sem

1784 1998 1882 2042 τως
1912 1972 1951 2024 Β
1981 1993 2187 2045 semper
2215 1985 2399 2031 errant
2450 1979 2641 2041 corde;
2677 1982 2864 2032 merito
2916 1981 3250 2048 subsequens
3278 1981 3510 2049 psalmus

353 2076 381 2128 ό
406 2074 782 2144 ἐπιφερόμενος
835 2074 957 2142 ἑξῆς
988 2073 1191 2141 ψαλμὸς
1235 2072 1301 2124 τὰ
1354 2071 1477 2139 ἔθνη
1524 2071 1693 2122 πάντα
1735 2068 1883 2121 καλεῖ

354 2163 443 2213 ἐπὶ
471 2162 530 2213 τὸ
581 2161 757 2214 καινὸν
788 2157 955 2231 ᾆσμα,
1005 2161 1095 2212 καὶ
1125 2159 1215 2211 ἐπὶ
1256 2159 1349 2228 τὴν
1378 2160 1433 2209 ἐν
1482 2156 1597 2226 Θεῷ
1634 2157 1883 2224 ἀγαλλία-

358 2268 459 2303 σιν.

425 2340 852 2409 Προφοάσωμεν
874 2340 936 2393 τὸ
964 2341 1279 2406 πρόσωπον
1302 2337 1482 2391 αὑτοῦ
1506 2339 1573 2389 ἐν
1611 2338 1885 2407 ἐξομολο-

357 2433 545 2500 γήσει,
586 2432 681 2483 καὶ
723 2431 791 2483 ἐν
838 2429 1090 2498 ψαλμοῖς
1134 2428 1521 2496 ἁλαλάξωμεν
1550 2426 1719 2490 αὐτῷ.
1764 2426 1883 2477 Ἐπὶ

360 2522 455 2592 μὲν
482 2522 577 2590 τῆς
602 2520 818 2592 πρώτης
837 2520 997 2573 αὑτοῦ
1014 2520 1306 2591 παρουσίας
1331 2517 1391 2571 τὸ
1423 2518 1703 2587 πρόσωπον
1723 2513 1882 2566 αὑτοῦ

355 2612 416 2665 τὺ
444 2612 620 2665 ἔνθεον
650 2613 961 2682 ἀποκρύψας
981 2614 1008 2665 ό
1043 2611 1132 2663 τοῦ
1165 2610 1297 2663 Θεοῦ
1325 2610 1509 2676 Λόγος,
1537 2607 1633 2675 τὴν
1653 2604 1742 2657 τοῦ
1764 2605 1881 2656 δού-

358 2700 448 2754 λου
485 2702 687 2772 μορφὴν
717 2701 1075 2771 περιεϐάλετο⁷
1102 2700 1178 2751 διὸ
1192 2700 1419 2769 εἴρηται’
1462 2699 1793 2761 Ἀνθρωπος
1818 2695 1885 2746 ἐν

360 2790 562 2859 πληγῇ
587 2790 688 2851 ὢν,
718 2792 812 2843 καὶ
838 2776 1003 2854 ειδὼς
1032 2790 1226 2856 φέρειν
1275 2788 1604 2857 μαλακίαν·
1644 2786 1732 2838 ὅτι
1772 2787 1882 2839 ἀπ-

359 2880 608 2947 έστρεψε
639 2880 703 2932 τὸ
733 2882 1048 2946 πρόσωπον
1074 2878 1275 2942 αὑτοῦ,
1310 2878 1619 2947 ἠτιμάσθη,
1646 2878 1738 2930 καὶ
1770 2880 1877 2929 οὐκ

360 2971 658 3037 ἐλογίσθη.
701 2970 819 3021 Ἐπὶ
851 2970 905 3021 δὲ
939 2971 1036 3038 τῆς
1074 2968 1326 3039 δευτέρας
1376 2968 1533 3020 αὑτοῦ
1590 2966 1886 3037 παρουσίας

362 3058 847 3128 ἀνακεκαλυμμένῳ
879 3058 1146 3127 προσώπῳ
1177 3060 1270 3111 καὶ
1311 3058 1446 3128 μετὰ
1486 3058 1755 3125 δυνάμεως
1796 3056 1887 3107 καὶ

360 3142 516 3209 δόξης
549 3142 743 3211 πολλῆς
768 3144 1128 3212 ἐπιστήσεται’
1164 3144 1345 3211 διόπερ
1370 3144 1398 3193 ό
1422 3142 1590 3206 λόγος,
1622 3141 1885 3209 προτάξας

362 3232 428 3283 τὰ
467 3232 724 3302 εἰρημένα
753 3232 838 3284 διὰ
878 3232 985 3285 τῶν
1024 3231 1271 3301 πρώτων,
1303 3233 1443 3299 ἅπερ
1480 3229 1643 3299 ἐχρῆν
1672 3231 1762 3280 ἐπὶ
1791 3230 1885 3297 τῆς

364 3322 625 3393 προτέρας
652 3323 812 3376 αὑτοῦ
842 3323 1134 3393 παρουσίας
1162 3323 1435 3391 πράττειν,
1455 3321 1575 3390 ἑξῆς
1591 3318 1888 3381 ἀκολούθως

363 3410 461 3478 τῆς
496 3411 747 3481 δευτέρας
804 3410 962 3464 αὑτοῦ
1005 3410 1097 3463 καὶ
1139 3409 1343 3474 ἐνδόξου
1391 3410 1705 3478 ἐπιφανείας
1756 3409 1887 3459 ὑπο,

366 3502 674 3569 μιμνήσκει,
700 3499 1187 3571 παρακελευόμενος
1208 3498 1488 3570 προϐαλεῖν
1504 3499 1561 3551 τὸ
1584 3486 1787 3568 μέλλον,
1801 3497 1891 3549 καὶ

370 3591 675 3661 προεεθάσαι
699 3593 757 3644 τὸ
780 3594 1062 3664 πρόσωπον
1097 3591 1258 3644 αὐτοῦ
1284 3594 1339 3643 ὲν
1362 3590 1751 3664 ἐξοῃλογήσει.
1782 3590 1893 3639 Κα-

370 3608 675 3661 προιευασαι
699 3608 757 3644 το
780 3608 1062 3664 προσωπον
1097 3608 1258 3644 αυτου
1284 3608 1339 3643 εν
1362 3608 1469 3655 εςο*
1494 3608 1751 3659 οΑογησει.
1784 3608 1891 3639 λα-

364 3676 451 3728 λὸν
474 3678 579 3747 γὰρ
601 3679 902 3747 προφθάσαι
936 3679 1027 3730 καὶ
1051 3678 1351 3747 πῳλαὸεῖν,
1390 3608 1634 3748 καῗδτρὶν
1668 3676 1891 3745 φανῆναι

364 3767 426 3817 τὸ
455 3767 732 3835 πρόσωπον
763 3767 922 3818 αὑτοῦ
954 3765 1176 3829 ἔνδοξον,
1208 3767 1289 3834 ἐφ’
1315 3762 1392 3829 οἷς
1422 3767 1730 3836 ἡμάρτομεν
1759 3768 1891 3819 ἀπο-

366 3854 626 3924 κάθαρσιν
653 3856 857 3917 ἑαυτοῖς
884 3855 1198 3925 πορίσασθαι
1216 3857 1303 3910 διὰ
1321 3858 1418 3926 τῆς
1448 3857 1889 3928 ἐξομολογήσεως.

366 3945 575 3996 Γένοιτο
597 3944 797 4015 δ’·ἂνὴ
837 3945 1213 4015 ἐξομολόγησις
1239 3948 1450 4018 γνησία,
1489 3951 1535 4000 εί
1577 3950 1631 4001 ἐν
1667 3948 1895 4017 ψαλμοῖς

365 4035 713 4104 ὲλαλάζωμεν
754 4035 917 4105 αὐτῷ,
961 4036 1200 4089 τουτέστι
1243 4037 1327 4089 διὰ
1374 4036 1480 4088 τῶν
1526 4038 1767 4107 ὀργάνων
1799 4041 1893 4108 τῆς

366 4124 556 4193 ψυχῆς,
594 4126 729 4195 ἅπερ
769 4126 883 4183 ἐστὶ
912 4126 979 4178 τὰ
1011 4126 1262 4195 σώματαο
1296 4126 1359 4176 δι’
1388 4120 1461 4177 ὧν
1511 4128 1765 4195 προσήκει
1807 4128 1895 4180 τὸν

368 4211 690 4280 καλούμενον
727 4211 1032 4280 ἀλαλαγμὸν
1070 4212 1349 4273 ἐπιτελεῖν,
1394 4212 1490 4280 βίῳ
1528 4212 1759 4281 σώφρονι
1804 4215 1896 4266 καὶ

371 4301 606 4370 mitts-eia
631 4302 863 4371 ἐναρέτῳ
907 4302 1003 4371 τὴν
1026 4300 1117 4354 τοῦ
1144 4301 1284 4353 θείου
1314 4302 1448 4353 Πνεύ
1458 4320 1621 4370 ματος
1643 4303 1897 4371 ἁρμονίαν

370 4390 460 4442 καὶ
505 4390 593 4441 τὸν
640 4390 788 4456 ἅγιον
842 4390 1039 4460 ῥυθμὸν
1095 4391 1575 4460 ἐπιδεικνυμένους.
1626 4392 1801 4445 Ταῦτα
1844 4392 1897 4444 δὲ

373 4480 783 4549 προηγουμένως
821 4484 956 4550 πρὸς
997 4481 1084 4531 τὸν
1142 4479 1403 4531 Ἰουδαίων
1459 4481 1700 4534 λέλεκται
1751 4481 1895 4542 λαὸν,

372 4570 800 4638 προκαλουμένου
830 4571 1019 4631 αὐτοὺς
1046 4570 1145 4622 τοῦ.
1169 4570 1320 4637 λόγου
1354 4570 1443 4622 ἐπὶ
1474 4571 1569 4640 τὴν
1596 4571 1686 4623 τοῦ
1716 4571 1896 4635 Σωτῆ-

374 4677 463 4731 ρος
510 4659 662 4729 ἡμῶν
699 4660 893 4727 γνῶσιν
913 4676 925 4688 ·
959 4661 1103 4728 ὅμως
1133 4659 1188 4711 δὲ
1222 4660 1312 4711 καὶ
1345 4658 1477 4728 πρὸς
1523 4660 1723 4721 πάντας
1753 4662 1895 4729 ἡμᾶς

370 4751 646 4819 χρησίμως
676 4749 739 4802 ἂν
762 4751 1149 4820 ἐφαρμοσθείη.
1181 4751 1295 4802 Ὅτι
1321 4751 1459 4813 Θεὸς
1487 4749 1666 4817 μέγας
1691 4752 1897 4815 Κύριος

374 4838 469 4889 καὶ
507 4839 798 4903 ,βασιλεὺς
820 4840 1003 4907 μέγας
1030 4842 1125 4893 ἐπὶ
1152 4840 1378 4905 πάντας
1417 4840 1554 4903 τοὺς
1590 4840 1777 4902 θεοὺς.
1818 4839 1896 4892 Τὰ

375 4928 790 4997 παρηγγελμένα
822 4927 905 4979 διὰ
932 4928 1037 4979 τῶν
1072 4929 1368 4998 ἔμπροσθεν
1395 4930 1451 4980 ἐν
1476 4927 1553 4997 τῷ
1584 4928 1766 4996 Κυρίῳ
1802 4928 1896 4980 καὶ

376 5016 582 5086 Σωτῆρι
618 5016 792 5086 ἡμῶν,
837 5016 1029 5085 δηλαδὴ
1058 5016 1132 5083 τῷ
1163 5016 1252 5067 τοῦ
1282 5017 1413 5068 Θεοῦ
1459 5018 1631 5085 Λόγῳ,
1663 5015 1897 5067 ἐπιτελε-

353 5096 545 5167 ”στέον,
571 5105 657 5158 διά
671 5124 729 5158 τε
760 5106 825 5158 τὰ
852 5105 1001 5168 ἄλλα,
1030 5106 1120 5157 καὶ
1148 5105 1275 5156 διότι
1298 5104 1451 5171 φύσει
1479 5108 1645 5175 μέγας
1675 5105 1747 5157 ὣν
1771 5106 1907 5168 Θεὸς

377 5196 468 5248 καὶ
502 5194 671 5262 μέγας
697 5196 946 5264 τυγχάνει
982 5197 1241 5266 βασιλεὺς,
1278 5196 1369 5247 ἆτε
1404 5194 1687 5264 μονογενὴς
1713 5194 1787 5246 ὢν
1807 5195 1898 5247 τοῦ

376 5284 505 5338 Θεοῦ
540 5284 722 5351 Λόγος.
768 5286 1021 5348 Βασιλεὺς
1068 5288 1123 5339 δέ
1176 5286 1341 5356 μέγας
1391 5286 1533 5337 ἐστὶν
1578 5287 1668 5337 ἐπὶ
1698 5287 1901 5348 πάντας

376 5376 498 5436 τοὺς
528 5373 701 5435 Θεοὺς,
745 5373 777 5441 ἢ
806 5376 943 5426 κατὰ
968 5373 1058 5427 τὸν
1109 5376 1414 5444 Σύμμαχον,
1442 5374 1635 5425 ἐπάνω
1666 5373 1900 5426 πάντων

357 5446 493 5514 ιτῶν
512 5459 656 5513 θεῶν
672 5479 687 5492 ·
721 5463 834 5531 ἤτοι
855 5462 959 5513 τῶν
998 5466 1414 5534 πεπλανημένως
1440 5463 1583 5533 παρὰ
1597 5466 1706 5525 τοῖς
1730 5463 1898 5515 ἔθνεσι

378 5551 785 5621 νενομισμένων·
822 5551 982 5621 ῆτῶν
1016 5554 1232 5606 Μωῦσεῖ
1273 5551 1672 5622 παραπλησίων,
1696 5545 1897 5621 ᾧεῐρη-

380 5660 484 5698 ται.
524 5641 750 5697 Τέθεικά
781 5659 851 5694 σε
880 5630 1016 5694 θεὸν
1035 5642 1254 5696 Φαοαάν
1290 5643 1322 5705 ἢ
1355 5642 1488 5696 θεῶν
1511 5641 1633 5711 περὶ
1652 5635 1723 5696 ὧν
1754 5640 1898 5712 εἴρη-

450 5797 489 5847 "!
528 5798 677 5853 Joan.
715 5813 796 5850 1m
821 5836 833 5852 .
870 5796 951 5849 55.
1029 5798 1071 5830 ⁸⁸
1112 5796 1209 5851 lsa.
1248 5813 1370 5850 LIII.
1409 5797 1459 5851 '5.

1535 5797 1577 5827 ”
1616 5794 1777 5850 Exod.
1813 5811 1884 5847 \‘II
1913 5836 1924 5857 ,
1965 5798 2010 5848 I.‘

1978 2081 2167 2118 omnes
2198 2074 2380 2133 gentes
2405 2067 2467 2137 ad
2491 2068 2756 2119 canticum
2786 2082 3003 2131 novum,
3029 2079 3081 2123 et
3111 2070 3175 2123 ad
3198 2071 3512 2125 exsultatio-

1978 2169 2099 2207 nem
2134 2154 2185 2205 in
2218 2153 2323 2207 Deo
2358 2162 2627 2221 provocat.

2052 2343 2208 2395 Vens.
2229 2344 2281 2395 Ξ.
2321 2341 2738 2410 Pra'orruprmus
2762 2342 2945 2409 faciem
2961 2342 3070 2408 ejus
3095 2341 3146 2393 in
3170 2339 3512 2408 confessione,

1978 2440 2025 2482 et
2051 2431 2100 2481 in
2134 2429 2347 2497 psalmis
2370 2429 2649 2497 jubilemus
2681 2431 2744 2484 ei.
2777 2430 2829 2482 ln
2862 2430 3030 2498 primo
3057 2412 3265 2496 quidem
3285 2429 3515 2480 adventu

1980 2519 2334 2581 suo,diviuam
2353 2532 2501 2570 suam
2520 2520 2791 2573 occultans
2811 2516 3113 2579 faciem,Dei
3136 2514 3360 2569 Verbum
3380 2516 3517 2570 servi

1982 2610 2201 2662 formam
2222 2609 2392 2660 induit
2414 2626 2424 2659 :
2449 2622 2611 2676 quare
2630 2608 2828 2660 dictqu
2852 2618 2924 2659 est
2938 2647 2951 2667 ,
2982 2604 3145 2656 llomo
3166 2606 3216 2655 in
3234 2606 3387 2673 plaga
3404 2621 3521 2656 con-

1982 2700 2215 2759 stitutus,
2245 2708 2291 2749 et
2315 2698 2478 2749 sciens
2499 2696 2628 2763 ferre
2648 2697 3033 2763 infirmitatem;
3063 2697 3304 2761 quoniam
3335 2694 3521 2745 avertit

1982 2787 2174 2839 vultum
2205 2803 2351 2838 suum
2373 2825 2386 2847 ,
2423 2786 2759 2838 inhonoratus
2791 2792 2886 2845 est,
2918 2799 3007 2834 nec
3071 2782 3412 2849 reputatus”.
3458 2779 3519 2834 In

1983 2877 2219 2931 secundo
2270 2884 2442 2928 autem
2502 2874 2731 2926 adventu
2789 2887 2907 2934 suo,
2945 2872 3174 2925 revelata
3207 2869 3361 2933 facie,
3395 2885 3518 2925 cum

1985 2973 2243 3034 potestate
2272 2973 2323 3018 et
2344 2963 2507 3032 gloria
2533 2977 2723 3032 magna
2752 2963 2921 3015 aderit
2953 2980 2964 3014 :
2990 2960 3333 3037 quamobrem
3375 2960 3522 3014 Scri-

1985 3066 2161 3123 ptura,
2204 3054 2493 3123 praemissis
2535 3053 2600 3106 iis
2638 3067 2757 3120 qua:
2797 3042 2939 3105 dicta
2992 3059 3115 3105 sunt
3148 3052 3199 3102 in
3233 3039 3516 3119 principio,

1984 3161 2101 3214 quae
2127 3146 2177 3197 in
2199 3144 2370 3212 primo
2398 3142 2623 3195 adventu
2651 3143 2767 3211 ejus
2789 3141 2992 3195 edenda
3027 3149 3199 3205 erant,
3236 3142 3357 3194 hinc
3386 3156 3516 3193 con-

1986 3241 2267 3301 sequenter
2323 3231 2612 3285 secundum
2662 3240 2714 3285 et
2768 3231 3055 3300 gloriosum
3083 3233 3198 3299 ejus
3238 3231 3518 3284 adventum

1989 3329 2388 3386 commemorat,
2413 3322 2663 3390 iubetque
2693 3320 2869 3374 futura
2896 3330 3227 3390 praavertere,
3246 3329 3299 3376 et
3331 3322 3517 3376 faciem

1989 3416 2104 3482 ejus
2127 3415 2177 3466 in
2208 3412 2539 3467 confessione
2569 3412 3016 3481 prmoccuparejl
3041 3428 3095 3465 re
3116 3428 3342 3480 namque
3366 3412 3521 3466 fuerit

1991 3510 2338 3565 anteverterc,
2362 3509 2519 3570 atque
2539 3503 2824 3569 gloriosum
2843 3502 2960 3568 ejus
2986 3503 3183 3555 vultum
3211 3504 3518 3570 prtevenire,

1989 3600 2041 3645 et
2074 3602 2353 3659 antequam
2401 3592 2631 3659 gloriosa
2679 3591 2795 3658 ejus
2836 3591 3001 3645 facies
3029 3600 3298 3660 appareat,
3330 3608 3521 3659 purga-

1992 3682 2186 3734 tionem
2220 3679 2533 3733 delictorum
2570 3695 2661 3748 per
2698 3680 3089 3735 confessionem
3133 3682 3289 3735 nobis
3333 3698 3522 3751 procu-

1991 3787 2127 3824 rare.
2155 3770 2435 3824 Confessio
2469 3780 2642 3825 autem
2675 3773 2882 3825 sincera
2914 3781 2963 3826 et
2997 3788 3246 3840 germana
3280 3773 3452 3833 fuerit,
3476 3775 3523 3826 si

1993 3864 2045 3915 in
2091 3863 2308 3929 psalmis
2351 3862 2638 3929 jubilemus
2664 3863 2733 3925 ei,
2766 3862 2816 3915 id
2847 3871 2948 3926 est,
2982 3878 3072 3931 per
3100 3865 3287 3917 animze
3326 3864 3525 3917 instru-

1992 3957 2193 4013 menta,
2239 3964 2357 4017 quae
2410 3958 2536 4003 sunt
2567 3965 2791 4017 corpora
2821 3960 3004 4005 nostra
3046 3952 3239 4019 :queis
3278 3952 3524 4007 convenit

1994 4042 2155 4101 illam,
2186 4049 2242 4091 ut
2272 4047 2445 4100 vocat,
2465 4040 2823 4103 iubilationem
2855 4055 2949 4107 per
2971 4042 3128 4093 vitam
3157 4041 3430 4094 honestam
3460 4058 3525 4097 ac

1992 4128 2206 4181 virtutis
2229 4126 2529 4179 institutum
2553 4126 2870 4194 persolvere,
2886 4142 2949 4179 ac
2964 4127 3127 4180 divmi
3150 4127 3380 4196 Spiritus
3400 4132 3523 4183 har-

1994 4218 2223 4269 moniam
2259 4230 2574 4284 sacrumque
2604 4226 2919 4270 concentum
2954 4219 3222 4271 exhibere.
3256 4218 3377 4274 llaec
3408 4236 3527 4289 por-

1995 4321 2055 4359 ro
2079 4304 2379 4358 Judmorum
2414 4309 2703 4374 praisertim
2739 4308 2933 4375 populo
2964 4307 3234 4371 dicuntur,
3277 4325 3525 4365 sermone

1996 4396 2141 4462 ipsos
2170 4396 2234 4449 ad
2262 4395 2552 4451 Salvatoris
2595 4398 2761 4449 nostri
2793 4398 3146 4466 cognitionem
3183 4409 3519 4467 provocante.

1996 4483 2241 4535 Attamen
2265 4485 2420 4537 nobis
2441 4485 2600 4536 etiam
2625 4485 2871 4537 omnibus
2890 4486 2998 4538 ba'c
3029 4494 3322 4551 opportune
3355 4488 3525 4555 appli-

1928 4595 1969 4647 ο
1998 4582 2187 4625 centur
2211 4590 2223 4624 :
2251 4604 2321 4613 —
2341 4570 2501 4627 Vens.
2555 4573 2604 4626 '5.
2638 4574 2893 4637 Quoniam
2933 4572 3065 4625 Deus
3093 4590 3308 4642 magnus
3348 4575 3523 4629 Domi-

1999 4678 2115 4724 nus,
2159 4672 2206 4716 et
2262 4681 2351 4718 rex
2393 4668 2604 4735 magnus
2637 4681 2789 4732 super
2828 4681 2997 4716 omnes
3037 4664 3176 4717 deos.
3209 4665 3337 4729 Quae
3372 4669 3525 4735 prius

1998 4763 2257 4821 praecepta
2292 4765 2344 4808 et
2391 4756 2639 4807 mandata
2681 4752 2847 4815 fuere,
2886 4755 2937 4806 in
2981 4754 3202 4808 Domino
3238 4764 3291 4810 et
3335 4755 3525 4809 Serva-

1999 4850 2113 4895 tore
2144 4852 2346 4907 nostro,
2371 4834 2653 4897 scilicet‘in
2697 4842 2788 4897 Dei
2820 4842 2991 4897 Verbo
3024 4846 3335 4913 complenda
3368 4856 3520 4909 sunt;

1998 4936 2109 4981 tum
2160 4930 2288 4984 aliis
2328 4930 2393 4984 de
2436 4932 2635 4995 causis,
2667 4938 2778 4987 tum
2828 4931 2951 4999 quia
2999 4946 3120 4986 eum
3166 4944 3353 4986 natura
3382 4932 3521 4988 Deus

2000 5035 2225 5088 magnus
2256 5023 2343 5083 sit,
2376 5036 2597 5089 magnus
2636 5021 2761 5074 item
2792 5036 2885 5075 rex
2914 5021 3093 5087 fuerit,
3132 5030 3313 5091 utpote
3341 5024 3523 5093 unige-

1998 5109 2169 5160 nitum
2211 5108 2302 5159 Dei
2331 5106 2580 5162 V’erbum.
2609 5109 2704 5164 Est
2732 5119 2906 5164 autem
2961 5127 3051 5164 rex
3104 5126 3327 5178 magnus
3364 5127 3525 5179 super

1998 5212 2179 5250 omnes
2207 5197 2369 5259 deos;
2410 5199 2539 5259 sive,
2580 5200 2869 5253 secundum
2924 5200 3319 5268 Symmachum,
3354 5200 3522 5268 Supra

2000 5300 2168 5336 omnes
2198 5282 2355 5343 deos;
2388 5286 2633 5339 videlicet
2679 5302 2771 5339 eos
2808 5286 2897 5352 qui
2933 5286 3166 5353 gentium
3219 5298 3400 5338 errore
3451 5284 3520 5335 dii

2000 5390 2117 5429 esse
2151 5382 2430 5441 putantur;
2468 5376 2579 5427 sive
2630 5388 2743 5435 eos,
2774 5374 2863 5441 qui
2916 5373 3082 5440 Moysi
3128 5374 3327 5428 similes
3378 5383 3520 5434 sunt,

2003 5466 2086 5517 cui
2109 5464 2305 5515 dictum
2328 5472 2407 5516 est
2428 5463 2609 5516 :Posui
2625 5473 2671 5516 te
2687 5463 2849 5515 Deum
2866 5460 3155 5515 Pharaonis
3174 5464 3240 5527 ";
3262 5465 3371 5518 sive
3392 5463 3523 5516 deos

2002 5553 2066 5604 de
2096 5553 2288 5619 quibus
2319 5551 2428 5603 haec
2458 5553 2727 5613 dicuntur,
2760 5550 2896 5604 Deus
2932 5551 3143 5612 deorum
3175 5552 3425 5605 Dominus
3447 5550 3525 5604 lo-

2000 5653 2147 5696 cutus
2174 5650 2247 5694 est
2265 5641 2343 5707 ⁶⁰;
2372 5656 2445 5704 et,
2484 5642 2612 5695 Deus
2646 5644 2783 5696 stetit
2822 5644 2872 5695 in
2911 5659 3169 5711 synagoga
3206 5630 3471 5696 deorum“
3505 5662 3522 5697 :

2085 5796 2127 5827 ⁶⁰
2166 5793 2303 5848 Psal.
2344 5808 2492 5849 uix,
2535 5795 2579 5847 l.
2654 5795 2691 5824 ⁴¹
2735 5793 2872 5850 Psal.
2908 5811 3099 5853 uni,
3138 5795 3183 5849 1.
