4372 6412
796 478 925 533 12H

1450 478 1718 535 snseeu
1758 456 2230 533 CESABIENSIS
2264 475 2415 550 ore.
2456 470 2633 527 PARS
2669 471 2753 527 ιη.
2794 502 2865 512 -
2903 472 3309 529 EXEGETICA.

3864 474 3998 530 ili-1

794 606 954 646 nemo
996 606 1138 646 cnim
1185 606 1375 646 eorum
1419 591 1521 661 ipsi
1587 593 1782 647 similis
1824 603 1925 647 est.
1981 590 2344 657 Quamobrem
2376 589 2418 645 Α
2444 603 2520 639 ται

2270 604 2344 644 am
2376 589 2418 645 Α
2444 600 2563 639 ταιο
2607 585 2748 651 Θεὸς
2804 584 2951 639 θεῶν
2987 588 3201 654 Κύριος
3246 586 3546 653 uadum:-
3582 590 3705 651 καὶ,
3755 589 3808 641 '0
3856 590 3996 656 Θεὸς

796 683 929 736 alibi
954 698 1167 753 quoque
1203 683 1407 737 dictum
1434 691 1517 737 est
1545 702 1558 738 :
1584 684 1847 749 Quoniam
1879 683 1995 751 quis
2034 684 2103 735 in’
2127 680 2348 735 nubibus

798 773 1089 842 a'quabitur
1140 773 1387 841 Domino,
1442 775 1633 829 similis
1690 776 1790 829 erit
1853 774 2076 829 Domino
2119 776 2174 829 in
2220 776 2348 845 ﬁliis

805 863 894 916 Dei
911 865 993 918 "2
1270 862 1279 865 5

867 1038 1031 1093 Vsus.
1064 1038 1117 1092 4.
1144 1037 1279 1103 Quia
1311 1038 1365 1092 in
1393 1032 1549 1092 manu
1588 1040 1700 1109 ejus
1732 1052 1854 1094 sunt
1888 1058 2061 1095 omnes
2088 1044 2216 1111 ﬁnes
2246 1051 2349 1096 ter-

798 1147 891 1193 ras,
924 1140 972 1183 et
1012 1129 1313 1184 altitudines
1365 1132 1618 1185 montium
1660 1133 1821 1197 ipsius
1852 1143 1993 1187 sunt.
2016 1132 2138 1187 Ideo
2168 1135 2351 1188 exsul-

802 1228 983 1275 tomus
1015 1228 1070 1275 et
1091 1220 1383 1289 jubiietnus
1418 1220 1559 1286 Deo;
1590 1237 1697 1291 non
1733 1222 1891 1275 modo
1922 1224 2044 1290 quia
2090 1220 2349 1279 Dominus

796 1321 849 1367 et
873 1311 1016 1368 Deus
1046 1319 1128 1366 est
1155 1321 1208 1366 et
1235 1327 1325 1366 rex
1361 1327 1589 1381 magnus
1631 1326 1795 1380 super
1836 1327 2027 1367 omnes
2055 1307 2218 1378 deos;
2252 1315 2373 1381 sed

797 1405 959 1457 etiam
1008 1403 1132 1472 quia
1166 1402 1299 1457 ﬁnes
1342 1410 1496 1456 terra:
1526 1401 1625 1456 sibi
1656 1403 1885 1471 subjecit
1913 1411 1965 1457 et
1997 1405 2254 1459 subdidit.
2293 1404 2347 1458 Id

796 1495 942 1549 enim
972 1509 1092 1557 cum
1126 1494 1367 1563 petiisset
1406 1508 1434 1545 a
1481 1492 1660 1558 Patre,
1693 1495 2019 1562 impetravit,
2051 1497 2347 1551 secundum

800 1584 932 1641 illud
964 1605 977 1640 :
1009 1586 1230 1640 Postula
1266 1602 1298 1638 a
1329 1602 1407 1639 me
1438 1595 1486 1639 et
1516 1585 1651 1639 dabo
1676 1585 1768 1638 tibi
1798 1598 1969 1655 gentes
1995 1586 2348 1640 Itwreditatem

800 1688 965 1741 tuam,
997 1688 1047 1732 et
1086 1678 1463 1746 possessionem
1488 1687 1630 1730 tuam
1662 1678 1907 1731 terminos
1936 1687 2087 1731 terra:
2105 1679 2168 1732 ⁸⁸.
2194 1677 2348 1743 Quod

798 1770 845 1823 si
872 1769 1131 1838 quaedam
1178 1769 1489 1830 altitudines
1514 1769 1775 1821 montium
1818 1783 1984 1837 penes
2013 1767 2348 1838 Scripturam

714 1920 719 1929 ι
797 1861 1036 1915 divinam
1086 1862 1140 1914 in
1188 1861 1391 1914 honore
1439 1860 1723 1923 habentur,
1768 1861 1916 1915 verbi
1948 1863 2141 1930 gratia,
2174 1860 2344 1921 Sinni.

796 1949 1032 2011 Choreb,
1061 1946 1295 2011 Tltabor,
1326 1962 1479 2002 mons
1515 1947 1663 2010 Sion,
1695 1964 1851 2003 mons
1888 1949 2184 2015 Olivarum,
2218 1960 2272 2006 et
2304 1953 2349 2008 si

798 2040 924 2107 quis
971 2040 1111 2093 alius
1146 2040 1421 2106 similiter;
1456 2040 1569 2095 sive
1602 2041 1761 2095 etiam
1790 2043 1858 2095 iis
1888 2043 2147 2095 contrarii
2177 2052 2230 2097 et
2255 2059 2350 2113 op-

801 2130 962 2198 positi
1002 2114 1231 2193 montes,
1262 2130 1352 2198 qui
1396 2143 1425 2182 a
1456 2130 1790 2184 daemonibus
1836 2131 1963 2183 olim
2007 2132 2347 2201 occupaban~

800 2228 909 2285 tur,
942 2219 1028 2273 ubi
1058 2228 1243 2291 gentes
1290 2221 1541 2291 malignis
1574 2221 1909 2276 daemonibus
1932 2222 2089 2291 quasi
2118 2224 2222 2276 diis
2250 2223 2350 2277 im-

803 2312 1104 2375 molabant;
1156 2311 1249 2366 sed
1308 2312 1340 2365 lt
1383 2327 1408 2366 ς
1457 2328 1644 2367 omnes
1691 2311 1903 2366 Domini
1945 2322 1999 2367 et
2054 2313 2350 2370 Salvatoris

802 2401 973 2456 nostri
1004 2417 1127 2457 esse
1161 2402 1416 2456 docemur
1450 2422 1463 2456 ε
1506 2405 1621 2471 ipse
1652 2417 1881 2472 namque
1935 2420 2118 2459 eorum
2173 2406 2349 2475 Opifex

801 2500 945 2546 erat:
968 2491 1106 2545 Num
1134 2490 1270 2545 forte
1303 2492 1424 2547 ideo
1454 2494 1507 2546 in
1540 2509 1699 2547 manu
1725 2496 1844 2563 ejus
1871 2504 1997 2548 sttnt
2023 2498 2156 2551 lines
2172 2506 2349 2562 terrae,

801 2582 930 2651 quia
981 2583 1085 2637 sub
1118 2568 1294 2637 manu
1328 2584 1447 2653 ejus
1491 2594 1704 2640 terrena
1737 2586 2148 2654 dispensantur;
2184 2591 2352 2644 coale-

804 2674 907 2727 stia
940 2667 1238 2743 vero,'qua:
1280 2676 1483 2745 tropice
1517 2677 1829 2731 altitudines
1856 2678 2120 2733 montium
2153 2697 2353 2735 vocan-

804 2776 912 2830 tur,
956 2767 1087 2837 quid
1133 2768 1482 2838 praestantius
1533 2770 1764 2824 terrenis
1811 2771 2203 2843 habent;.quia
2234 2775 2351 2843 ejus

801 2860 960 2928 quasi
1001 2862 1290 2929 possessio
1346 2870 1494 2924 sunt,
1542 2870 1596 2915 et
1662 2863 1993 2918 domicilium
2053 2865 2223 2932 regni.
2285 2895 2353 2906 -

804 2944 964 3001 V'stts.
998 2948 1050 3003 5.
1078 2948 1337 3013 Quoniam
1365 2950 1531 3017 ipsius
1558 2959 1633 3003 est
1666 2968 1811 3004 mare
1834 2962 1881 3004 et
1911 2953 2019 3018 ipse
2041 2953 2159 3020 fecit
2199 2954 2351 3019 illud,

804 3050 851 3093 et
885 3037 1089 3092 aridam
1122 3040 1465 3108 fundaverunt
1512 3057 1697 3095 manus
1725 3042 1858 3105 eius.
1897 3042 1972 3098 Ne
2005 3045 2239 3111 mireris,
2273 3049 2350 3099 in-

804 3130 942 3199 quit,
974 3133 1019 3185 si
1066 3130 1198 3186 (lues
1253 3139 1410 3185 terrae
1458 3132 1632 3202 ipsius
1684 3143 1831 3195 sunt.
1866 3142 1918 3187 et
1959 3135 2004 3188 si
2042 3137 2355 3193 altitudines

807 3220 1072 3273 montium
1106 3222 1170 3274 ad
1209 3221 1383 3289 ipsum
1418 3224 1708 3291 pertinent.
1736 3222 1857 3278 .lmo
1894 3242 2018 3280 vero
2052 3223 2199 3282 disce
2232 3233 2354 3282 uni-
2383 3264 2423 3319 ο

804 3324 1021 3362 versum
1038 3310 1285 3373 immitia":
1306 3311 1622 3367 substantiae
1642 3314 1987 3378 elementum,
2004 3316 2057 3369 in
2084 3333 2192 3386 quo
2212 3327 2355 3372 terra

809 3398 1074 3464 ﬁrmatur,
1124 3402 1243 3470 ejus
1276 3402 1545 3471 opiﬁcium
1600 3419 1723 3459 esse
1754 3423 1766 3459 :
1799 3422 1973 3475 neque
2012 3418 2183 3464 solum
2231 3424 2355 3478 pos-

811 3490 1002 3554 sessio,
1050 3492 1141 3545 sed
1193 3494 1353 3547 etiam
1396 3494 1669 3563 Opiﬁcium
1701 3495 1819 3564 ejus
1861 3505 1962 3551 est.
1998 3498 2139 3551 Mare
2170 3500 2355 3567 igitur,

810 3596 918 3651 quo
952 3589 1118 3636 totum
1153 3583 1384 3638 humidae
1426 3585 1742 3640 substantias
1792 3588 2111 3641 elementum
2154 3588 2358 3657 signiti-

811 3680 984 3738 catur,
1005 3675 1118 3744 ipse
1142 3675 1295 3742 fecit;
1326 3675 1530 3729 aridam
1566 3692 1693 3731 vero
1717 3692 1907 3732 manus
1930 3680 2360 3748 ipsiuseﬂ‘orma-

814 3773 941 3817 ruut
969 3784 981 3819 :
1010 3765 1130 3819 ideo
1176 3764 1402 3822 fortasse
1431 3769 1556 3837 quia
1598 3768 1800 3822 dictum
1844 3778 1927 3823 est
1953 3787 1965 3821 :
1993 3772 2198 3839 Accepit
2220 3771 2358 3825 Deus

813 3854 1072 3922 pulverem
1100 3855 1163 3908 de
1200 3865 1359 3921 terra,
1391 3867 1438 3910 et
1468 3858 1755 3925 e/formavit
1777 3860 2120 3927 hominem“;
2149 3878 2210 3918 ac
2238 3878 2359 3917 rur-

814 3959 933 3998 sum
965 3942 1270 4000 :Formavit
1289 3946 1410 4009 ,Deo
1436 3947 1498 4019 de
1522 3958 1661 4002 terra
1695 3966 1868 4003 omnes
1891 3950 2029 4019 feras
2046 3952 2110 4006 ".
2136 3950 2360 4006 Videtur

814 4047 977 4103 porro
1005 4043 1161 4090 terra:
1209 4038 1552 4103 elementum,
1599 4040 1743 4110 quod
1792 4043 2113 4112 sphrericum
2165 4052 2247 4098 est
2302 4053 2361 4097 ut

816 4127 989 4190 aittnt,
1024 4129 1137 4181 sive
1176 4130 1406 4197 quadam
1437 4132 1540 4185 alia
1570 4134 1779 4188 ratione
1810 4135 2167 4200 elTormatum,
2196 4137 2364 4191 verbo

817 4216 907 4269 Dei
940 4217 1097 4270 talem
1130 4219 1404 4297 accepisse
1433 4218 1826 4278 fortnationem.
1868 4223 2227 4289 Quamobrem
2264 4241 2358 4278 ae-

814 4308 1000 4354 curate
1047 4308 1099 4354 et
1148 4303 1443 4355 secundum
1503 4304 1774 4374 physicam
1846 4302 2106 4363 rationem
2156 4311 2359 4365 dictum

813 4392 944 4446 illud
973 4402 1054 4447 est
1089 4412 1101 4447 :
1137 4391 1204 4443 Et
1227 4393 1429 4465 aridam
1464 4394 1813 4462 formaverunt
1848 4416 2027 4453 manus
2053 4400 2185 4468 ejus.

2448 676 2686 742 ἕστη,ἐν
2716 674 3033 745 συναγωγῇ
3064 676 3242 730 θεῶν·
3271 676 3446 741 οὐδεὶς
3474 672 3580 747 γάρ
3622 677 3768 748 αὑτῷ
3797 679 3996 732 τούτων

2447 766 2742 836 ὃμοιος.Δι⁹
2771 766 2798 817 ὅ
2820 767 2911 818 καὶ
2948 766 3176 837 ἀλλαχοῦ
3205 764 3433 839 εἷρηται·
3472 769 3589 820 Ὅτι
3615 767 3706 834 τίς
3729 769 3798 821 ἐν
3826 769 3995 837 νεφέ-

2447 861 2585 923 λαις
2615 857 2965 923 ισωθήσεται
2985 857 3063 923 τῷ
3087 859 3292 942 Rupta).
3328 858 3749 929 ὁμοιωθήσεται
3780 858 3861 925 τῷ
3886 863 3998 917 Κυ-

2439 950 2549 1017 ρίῳ
2576 949 2644 1001 ἐν
2672 948 2821 1013 υΙοῖς
2846 949 2991 1001 Θεοῦ
3016 964 3035 1012 ;

2520 1040 2646 1092 "Ott
2675 1040 2743 1093 ἐν
2774 1038 2847 1107 τῇ
2875 1040 3023 1109 χειρὶ
3052 1039 3238 1094 αὐτοῦ
3274 1040 3346 1094 τὰ
3376 1041 3600 1109 πέρατα
3632 1040 3740 1107 τῆς
3765 1038 3876 1109 τῆς
3904 1042 3998 1095 καὶ

2446 1128 2519 1181 τὰ
2538 1128 2663 1196 ὕψη
2688 1128 2805 1181 τῶν
2836 1129 3017 1197 ὀρέων
3041 1131 3224 1185 αὑτοῦ
3246 1134 3382 1185 εισι.
3406 1134 3513 1185 Καὶ
3544 1132 3630 1185 διὰ
3656 1131 3814 1187 τοῦτο
3838 1133 4000 1201 ἀγαλ-

2448 1217 2760 1288 λιασώμεθα
2806 1220 2897 1273 καὶ
2938 1218 3287 1289 ἀλαλάξωμεν
3331 1220 3409 1291 τῷ
3444 1222 3582 1292 Θεῷ,
3622 1222 3683 1276 οὐ
3722 1208 3882 1293 μόνον
3921 1225 4001 1277 δτι

2449 1310 2650 1380 Κύριος
2684 1311 2779 1364 καὶ
2802 1310 2931 1372 Θεός
2959 1313 3073 1364 ἐστι
3102 1312 3197 1364 καὶ
3215 1312 3462 1382 βασιλεὺς
3488 1315 3657 1384 μέγας
3676 1315 3767 1369 ἐπὶ
3799 1316 4001 1379 πάντας

2446 1403 2570 1465 τοὺς
2599 1401 2779 1464 θεοὺς,
2820 1402 2934 1455 ἀλλ’
2962 1402 3041 1454 ὅτι
3081 1403 3175 1455 καὶ
3213 1403 3523 1474 ὑπηγάγετο
3567 1407 3659 1459 καὶ
3693 1407 3780 1474 ὑφ’
3814 1406 4001 1461 ἑαυτὸν

2447 1496 2741 1565 ἐποιήσατο
2785 1493 2852 1547 τὰ
2890 1494 3100 1565 πέρατα
3133 1495 3233 1565 τῆς
3274 1496 3395 1565 γῆς.
3446 1496 3614 1550 Τοῦτο
3644 1498 3752 1570 γὰρ
3782 1500 4004 1567 αἰτήσας

2404 1642 2407 1645 _
2448 1588 2596 1657 παρὰ
2616 1586 2708 1640 τοῦ
2730 1586 2939 1659 Πατρός
2963 1586 3149 1657 εἴληφε
3179 1588 3319 1641 κατὰ
3346 1588 3425 1640 τό·
3442 1588 3686 1655 Αἷτησαι
3708 1590 3843 1657 παρ’
3862 1588 4005 1657 ἐμοῦ

2448 1677 2543 1728 καὶ
2579 1675 2747 1728 δώσω
2763 1692 2858 1728 σοι
2885 1677 3027 1742 ἔθνη
3048 1676 3161 1742 τὴν
3184 1678 3587 1746 κληρονομίαν
3605 1694 3740 1741 σου,
3775 1679 3871 1731 καὶ
3894 1678 4005 1747 τὴν

2449 1766 2819 1835 κατάσχεσίν
2847 1783 2961 1819 σου
2988 1767 3058 1819 τὰ
3086 1767 3308 1835 πέρατα
3333 1765 3439 1835 τῆς
3464 1766 3593 1838 γῆς.
3615 1770 3674 1821 Ei
3695 1769 3751 1822 δὲ
3780 1768 4005 1823 καίτινα

2449 1854 2516 1927 ἢν
2545 1854 2649 1927 ὕψη
2683 1856 2869 1927 ὀρέων,
2901 1857 3017 1926 ἦτοι
3043 1857 3111 1910 τὰ
3138 1858 3285 1929 παρὰ
3312 1861 3377 1928 τῇ
3418 1858 3751 1931 θεία-Γραφῇ
3781 1877 4003 1931 τετιμηέ

2455 1946 2609 2016 μένα,
2638 1947 2711 2009 ὼς
2742 1946 2803 1998 τὸ
2829 1945 3000 2011 Σιναῗ,
3044 1948 3134 1999 καὶ
3153 1947 3213 1999 τὸ
3234 1947 3456 2019 Χωρὴό,
3488 1949 3548 2001 τό
3572 1966 3629 2002 τε
3660 1948 3876 2022 Θαϐὼρ,
3912 1952 4005 2004 καὶ

2447 2039 2508 2090 co
2538 2040 2659 2109 δρος
2682 2035 2837 2099 Σιὼν,
2874 2038 2966 2089 καὶ
2994 2036 3055 2089 τὸ
3079 2038 3200 2107 ὄρος
3221 2039 3329 2090 τῶν
3353 2039 3597 2102 Ἐλαιῶν,
3614 2041 3710 2093 καί
3744 2024 3859 2095 εῗτι
3880 2040 4011 2094 ἄλλο

2448 2130 2653 2193 τούτοις
2686 2130 3093 2201 παραπλήσιον·
3126 2130 3157 2200 ἦ
3194 2132 3287 2183 καὶ¹
3312 2131 3381 2184 τὰ
3415 2131 3621 2197 τούτοις
3664 2132 3911 2198 ἐναντία,
3940 2133 4009 2186 τὰ

2449 2218 2512 2289 δὴ
2548 2220 2650 2272 ὑπὸ
2679 2219 2945 2289 δαιμόνων
2975 2219 3139 2273 πάλαι
3165 2221 3530 2292 κρατούμενα,
3570 2226 3627 2276 ἐν
3672 2217 3753 2286 οἷς
3796 2222 4011 2276 ὲϐυσία·

2451 2309 2541 2375 ζον
2572 2311 2646 2373 ὡς
2686 2311 2825 2372 θεοῖς
2866 2314 2977 2375 τοῖς
3017 2316 3269 2383 πονηροῖς
3313 2314 3528 2384 δαίμοσι
3564 2314 3633 2367 τά
3673 2314 3801 2384 ἔθνη
3824 2331 3835 2343 ·
3872 2314 4015 2367 ἀλλὰ

2451 2404 2543 2455 καὶ
2564 2404 2733 2457 ταῦτα
2763 2405 2935 2457 πάντα
2956 2404 3305 2475 δεδιδάγμεϐα
3329 2408 3409 2458 ὃτι
3432 2405 3524 2459 τοῦ
3556 2408 3634 2458 Κυ
3644 2406 3767 2476 ρίουν
3786 2409 3879 2461 καί
3908 2409 4009 2460 Σω-

2450 2494 2607 2564 τῆρος
2636 2496 2791 2563 ἡμῶν
2829 2495 2930 2547 ίδια
2966 2496 3254 2565 τυγχάνειν
3288 2497 3450 2559 αὐτὸς
3478 2496 3586 2566 γὰρ
3613 2494 3681 2566 ἦν
3710 2500 3738 2551 6
3782 2498 4008 2569 ποιητὴς

2448 2584 2641 2636 αὐτῶν.
2679 2586 2900 2654 Μήποτε
2924 2586 2978 2638 δὲ
3013 2588 3072 2638 ὲν
3098 2587 3193 2655 μὲν
3220 2589 3286 2656 τῇ
3318 2587 3457 2656 χειρὶ
3496 2587 3660 2639 αὑτοῦ
3690 2588 3757 2641 τὰ
3786 2589 4008 2659 πέρατάέ

2450 2677 2554 2727 εἱσι
2578 2675 2675 2743 τῆς
2705 2675 2827 2745 γῆς,
2857 2676 2943 2729 διὰ
2967 2676 3025 2729 τὸ
3054 2678 3156 2729 ὑπὸ
3183 2678 3280 2748 τὴν
3312 2676 3475 2731 αὐτοῦ
3504 2680 3658 2749 χεῖρα
3694 2678 4008 2735 διοικεῖσθαι

2452 2769 2519 2822 τὰ
2548 2768 2815 2838 περίγεια,
2850 2769 2918 2821 τά
2950 2769 3005 2823 δὲ
3036 2771 3359 2839 ἐπουράνια,
3405 2771 3679 2842 τροπικῶς
3707 2771 3812 2843 ὕψη
3840 2773 4009 2841 ὀρέων

2452 2855 2842 2926 ὀνομαζόμενα,
2874 2860 3116 2930 κρεῖττόν
3146 2876 3203 2911 τι
3233 2859 3343 2930 ἔχει
3366 2859 3471 2913 τῶν
3501 2861 3597 2913 ἐπὶ
3622 2862 3757 2931 γῆς;
3788 2861 4010 2932 ἐπειδή-

2454 2962 2558 3016 περ
2594 2945 2754 2998 αὑτοῦ
2790 2948 2935 2998 ἐστιν
2975 2941 3084 3018 οἷόν
3114 2964 3166 3000 τι
3207 2950 3390 3017 κτῆμα
3429 2949 3520 3001 καὶ
3565 2950 3873 3021 οἰκητήριον
3913 2951 4010 3020 τῆς

2456 3036 2755 3105 βασιλείας
2785 3037 2911 3089 ὐτι
2938 3037 3122 3091 αὑτοῦ
3140 3037 3310 3091 ἐστιν
3337 3044 3374 3105 ὴ
3393 3037 3673 3092 θάλασσα
3704 3039 3801 3093 καὶ
3830 3040 4011 3105 αὐτὸς

2452 3128 2736 3195 ἐποίησεν
2762 3127 2982 3195 αὐτὴν,
3024 3127 3122 3180 καὶ
3154 3127 3265 3196 τὴν
3299 3126 3485 3195 ξηρὰν
3516 3130 3573 3181 αἱ
3608 3128 3797 3197 χεῖρες
3826 3129 4037 3184 αὐτοῦ

2454 3219 2748 3292 ἔπλασαν.
2775 3220 2862 3289 Μὴ
2888 3218 3193 3291 θαυμάσῃς,
3242 3220 3424 3290 φησιν,
3470 3221 3518 3272 εἰ
3568 3218 3637 3271 τὰ
3676 3220 3888 3291 πέρατα
3913 3219 4011 3289 τῆς

2456 3310 2559 3379 γῆς
2584 3306 2744 3360 αὐτοῦ
2771 3308 3061 3377 τυγχάνει·
3112 3309 3205 3361 καὶ
3247 3312 3294 3361 εί
3324 3309 3392 3362 τὰ
3436 3308 3544 3379 ὕψη
3577 3308 3684 3362 τῶν
3716 3308 3883 3378 ὀρέων
3918 3311 4015 3362 αὑ-

2456 3396 2548 3449 τοῦ
2577 3399 2739 3449 ἐστιν.
2782 3394 2940 3447 Ἀλλὰ
2974 3396 3081 3466 γὰρ
3112 3396 3366 3465 μάνθανε,
3396 3399 3483 3450 ὅτι
3518 3398 3607 3450 καὶ
3639 3397 3697 3450 τὸ
3736 3399 3841 3451 πᾶν
3876 3415 4015 3453 στοι-

2457 3490 2599 3556 χεῖον
2630 3486 2727 3556 τῆς
2768 3485 2937 3556 ὑγρᾶς
2972 3486 3175 3549 οὐσίας,
3215 3486 3299 3554 ἐφ’
3322 3481 3365 3553 ᾦ
3393 3487 3713 3558 ἐστερέωται
3744 3488 3890 3557 ἡγῆ,
3917 3489 4016 3541 αὐ-

2457 3578 2546 3630 τοῦ
2583 3576 2738 3648 ἔργον
2777 3558 3041 3648 ὑπάρχει·
3072 3577 3131 3629 οὑ
3167 3578 3321 3647 μόνον
3371 3578 3555 3648 κτῆμα
3602 3577 3692 3641 ὃν,
3737 3579 3871 3632 ἀλλὰ
3918 3581 4011 3633 καὶ

2458 3668 2666 3737 ποίημα
2700 3668 2881 3722 αὑτοῦ.
2927 3667 3034 3739 Τὴν
3072 3668 3166 3737 μὲν
3194 3664 3286 3721 οὖν
3312 3667 3605 3735 Θάλασσαν,
3632 3669 3697 3721 δι’
3725 3665 3793 3740 ἦς
3815 3670 3875 3723 τὸ
3904 3672 4016 3726 πᾶν

2460 3761 2715 3828 στοιχεῖον
2735 3759 2831 3827 τῆς
2858 3760 3027 3829 ὑγρᾶς
3054 3758 3236 3821 οὐσίας
3262 3757 3534 3829 δηλοῦται,
3574 3759 3734 3824 αὐτὸς
3759 3760 4010 3832 ἐποίησεο

2456 3850 2554 3917 τὴν
2587 3848 2643 3900 δὲ
2680 3849 2843 3918 ξηρὰν
2872 3850 2926 3901 αἱ
2956 3852 3135 3919 χεῖρες
3162 3849 3328 3903 αὑτοῦ
3356 3850 3623 3902 ἔπλασανο
3660 3850 3797 3920 τάχα
3832 3849 3920 3903 διὰ
3952 3848 4018 3904 τὸ

2458 3939 2708 4007 λέγεσθαι
2728 3956 2739 3969 ⁸
2776 3941 3029 3992 Ἔλαϐεν
3056 3942 3086 3991 ό
3122 3939 3264 4005 Θεὸς
3290 3938 3441 4006 χοῦν
3468 3938 3586 3991 ἀπὸ
3618 3938 3727 4017 τῆς
3751 3938 3884 4008 γῆς,
3914 3940 4012 3993 καὶ

2459 4032 2689 4084 ἔπλασε
2718 4032 2823 4084 τὸν
2865 4032 3175 4099 ἄνθρωπον
3197 4047 3210 4061 ·
3253 4030 3346 4083 καὶ
3388 4031 3579 4083 πάλιν
3645 4032 3955 4083 Ἕπλασεν
3980 4034 4014 4083 ὁ

2462 4121 2601 4187 Θεὸς
2634 4122 2747 4175 ἀπὸ
2787 4120 2895 4188 τῆς
2933 4120 3043 4190 γῆς
3091 4120 3282 4178 πάντα
3331 4120 3403 4173 τὰ
3445 4121 3635 4187 θηρία.
3667 4120 3843 4174 Ἐοικε
3867 4121 3931 4175 δὲ
3952 4121 4019 4175 τὸ

2457 4213 2556 4281 τῆς
2583 4214 2681 4282 γῆς
2714 4216 2986 4282 στοιχεῖον,
3043 4210 3373 4283 σφαιροειδὲς
3399 4209 3479 4273 ὃν,
3504 4208 3598 4273 ’ὣς
3624 4228 3804 4279 φασιν,
3834 4210 3865 4282 ἢ
3922 4213 4015 4265 καὶ

2460 4297 2629 4365 ἄλλως
2664 4304 2801 4356 κατά
2829 4320 2947 4356 τινα
2966 4303 3165 4374 τρόπον
3201 4302 3686 4372 ἐσχηματισμένον,
3716 4301 3857 4372 λόγῳ
3879 4301 4013 4355 Θεοῦ

2461 4397 2554 4449 καὶ
2587 4395 2716 4448 αὐτὸ
2746 4396 2844 4463 τὴν
2868 4394 3072 4447 τοιάνδε
3102 4394 3292 4447 πλάσιν
3323 4393 3615 4463 εἰληφέναι.
3653 4392 3742 4446 Διδ
3772 4393 4019 4464 ἀκριὸῶς
4064 4430 4065 4433 η

2460 4487 2553 4541 καὶ⁵
2590 4485 2728 4539 κατὰ
2760 4488 2981 4553 φυσικὸν
3009 4487 3161 4555 λόγον
3192 4487 3402 4557 εἴρηται
3431 4485 3511 4538 τόν
3552 4485 3660 4539 Καὶ
3686 4485 3798 4553 τὴν
3824 4485 4019 4555 ξηρὰν

2346 4590 2355 4621 κ
2395 4582 2437 4639 ι)
2465 4579 2524 4630 αἱ
2547 4574 2740 4644 χεῖρες
2770 4575 3275 4628 αὐτοῦ’ἔπλαοαν.

884 4658 1047 4718 Vens.
1071 4664 1123 4718 6.
1165 4662 1358 4729 Venite,
1380 4664 1650 4718 adoremus
1685 4674 1733 4733 et
1761 4666 2091 4732 procidamus
2111 4679 2157 4721 et
2191 4670 2360 4735 plore-

815 4770 930 4810 mus
957 4772 1131 4809 coram
1169 4756 1389 4809 Domino
1422 4757 1509 4824 qui
1532 4758 1652 4825 fecit
1690 4775 1801 4814 nos.
1829 4760 1965 4812 Cum
1996 4760 2229 4814 divinam
2259 4762 2363 4815 Do-

816 4847 949 4902 mini
981 4847 1229 4901 virtutem
1260 4862 1321 4900 ex
1355 4848 1671 4917 praecedenti
1701 4847 1941 4902 doctrina
1982 4863 2158 4905 sermo
2186 4852 2361 4905 decla-

816 4948 1008 5001 rasset,
1054 4953 1115 4991 ac
1145 4939 1391 5007 superius
1421 4938 1666 5002 dixisset,
1718 4938 2141 5007 Prteoccupemus
2174 4932 2361 5010 [aciem

814 5032 927 5097 eius
951 5033 1003 5085 in
1025 5030 1373 5099 confessione:
1396 5032 1506 5099 jam
1531 5031 1839 5086 necessario
1860 5033 2217 5087 confessionis
2247 5048 2364 5087 tuo-

817 5122 945 5175 dum
978 5122 1167 5190 aperit.
1228 5120 1578 5175 Adhortantis
1637 5131 1816 5176 autem
1882 5136 2031 5175 more
2096 5122 2362 5197 psalmum

819 5215 976 5284 plane
1005 5229 1253 5277 exorsus,
1285 5228 1391 5267 non
1441 5228 1470 5267 a
1512 5215 1842 5269 tristioribus
1869 5214 2051 5283 cmpit,
2088 5215 2181 5269 sed
2214 5231 2240 5267 a
2275 5216 2363 5269 lae-

817 5304 1048 5361 tioribus
1080 5322 1093 5355 :
1124 5321 1190 5360 ne
1214 5305 1247 5358 ii
1277 5305 1367 5374 qui
1391 5306 1770 5371 evocabantur,
1801 5306 1925 5359 illud
1953 5306 2282 5373 procidamus
2310 5314 2363 5359 et

730 5408 733 5411 λ
820 5394 1078 5461 ploremus
1104 5401 1500 5454 aversarentur,
1528 5393 1571 5445 si
1601 5394 1778 5455 statim
1803 5394 1871 5447 ab
1895 5395 2044 5448 initio
2065 5394 2361 5450 audissent.

821 5482 936 5538 Nisi
972 5480 1203 5536 fortasse
1249 5484 1333 5538 liis
1381 5484 1559 5539 verbis
1609 5484 1746 5537 duos
1802 5484 2020 5544 ordines
2067 5487 2357 5555 signiticet:

827 5590 989 5629 unum
1015 5574 1308 5634 meliorem,
1327 5592 1484 5643 quem
1518 5576 1692 5645 primo
1719 5574 1784 5627 ad
1818 5575 2024 5628 laudem
2056 5587 2108 5630 et
2133 5578 2365 5631 exsulta-

826 5666 1022 5719 tionem
1073 5664 1365 5730 evocabat;
1423 5665 1648 5719 alterutn
1686 5681 1810 5719 vero
1840 5666 2041 5719 medela
2074 5677 2315 5733 egentem
2352 5687 2364 5723 :

899 5838 941 5869 "
981 5837 1101 5896 Psal
1154 5855 1391 5896 uxxvut
1416 5878 1430 5905 ,
1467 5840 1512 5894 7.
1590 5840 1632 5870 "
1669 5838 1809 5895 Psal.
1850 5858 1917 5908 ιι,
1946 5840 1993 5897 8.

2072 5842 2113 5872 ⁸⁸
2153 5840 2283 5897 Gen.
2326 5858 2397 5900 tt.
2436 5842 2489 5905 7,

2535 4666 2707 4721 Δεῦτε
2738 4664 3277 4733 προσκυνήσωμεν,
3318 4665 3413 4717 καὶ
3457 4666 3889 4733 προσπέσωμεν
3917 4665 4015 4719 καί

2466 4759 2820 4825 κλαύσωμεν
2879 4757 3153 4809 ἐναντίον
3206 4759 3427 4823 Κυρόυ
3490 4744 3594 4808 τοῦ
3654 4755 4014 4823 ποιήσαντος

2464 4845 2635 4915 ἡμᾶς.
2675 4846 2782 4915 Τὴν
2804 4844 2979 4898 ἔνθεον
3003 4846 3094 4897 τοῦ
3128 4845 3328 4916 Κυρίου
3352 4844 3573 4915 δύναμιν
3606 4844 3691 4898 διὰ
3709 4845 3807 4915 τῆς
3832 4862 3995 4915 προτε

2469 4938 2647 5006 ὓείσης
2676 4936 3018 4999 διδασκαλίας
3048 4940 3387 5007 παραιτήσας
3412 4937 3439 4989 ὁ
3472 4937 3644 5003 λόγος,
3677 4935 3929 5006 ἀνωτέρω
3955 4954 4015 5007 τε

2467 5027 2652 5094 εἰπὼν,
2678 5016 3118 5097 Ἠροφθάσωμεν
3144 5028 3208 5080 τὸ
3240 5029 3559 5095 πρόσωπον
3580 5026 3762 5085 αὑτοῦ
3795 5026 3864 5079 ἐν
3889 5028 4034 5091 ἐξοι-

2462 5119 2807 5190 μολοτήσει,
2836 5118 2927 5173 νῦν
2953 5121 3259 5188 ἀναγκαίως
3292 5120 3543 5189 διασαφεῖ
3577 5117 3666 5169 τὸν
3703 5119 3899 5189 τρόπον
3920 5122 4019 5191 τῆς

2470 5210 2919 5281 ἷνξομολογήσεως.
2974 5212 3122 5265 Πάνυ
3165 5210 3221 5262 δὲ
3265 5206 3672 5277 προτρεπτικῶς
3721 5210 4017 5281 ἀρχόμενος

2467 5300 2560 5352 τοῦ
2604 5299 2840 5370 ψαλμοῦ,
2875 5302 2973 5353 οὐκ
3008 5298 3252 5351 ἐντεῦθεν
3280 5298 3387 5351 ἀπὸ
3425 5295 3531 5348 τῶν
3560 5298 4013 5372 σκυθρωποτέρων

2469 5391 2697 5461 ἤρξατο,
2728 5392 2838 5444 ἀλλ’
2865 5390 2973 5444 ἀπὸ
3012 5390 3120 5441 τῶν
3146 5386 3529 5457 φαιδροτέρων,
3574 5388 3648 5452 ὡς
3677 5390 3742 5442 ἂν
3774 5391 3848 5461 μὴ
3885 5394 4012 5444 ἀπο.

2470 5487 2721 5555 τραπεῖεν
2738 5485 2786 5535 οἱ
2820 5480 3137 5555 καλούμενοι
3165 5477 3242 5539 τὸ,
3270 5477 3701 5547 προσπέσωμεν
3727 5482 3817 5533 καὶ
3839 5481 4013 5534 κλαύ-

2471 5592 2686 5645 σωμεν,
2719 5573 2875 5636 εὐθὺς
2914 5574 2972 5623 ὲν
2996 5572 3187 5641 ἀρχαῖς
3220 5568 3545 5631 ἀκούσαντες
3566 5586 3581 5600 ο
3613 5572 3661 5633 εί
3688 5571 3761 5640 μὴ
3790 5572 3897 5641 ἄρα
3927 5570 4019 5623 δύο
4054 5624 4059 5631 κ

2472 5667 2723 5737 τάγματα
2764 5663 2850 5716 διὰ
2896 5660 3095 5714 τούτων
3144 5661 3317 5735 δηλοί’
3365 5660 3421 5713 ἒν
3466 5660 3650 5731 μὲντὸ
3676 5664 3946 5731 κρεὶττον,
3989 5659 4020 5713 δ

2564 5844 2605 5874 ⁶⁹
2645 5840 2779 5896 Gen.
2814 5855 2862 5905 ι,
2894 5837 2985 5905 25.
