4372 6414
838 491 973 545 1215

1489 495 1752 550 EU‘SEBII
1790 497 2256 555 CAESARIENSIS
2292 500 2438 555 OPP.
2478 499 2652 554 PARS
2689 500 2774 555 ill.
2816 497 2881 541 ἔ
2912 497 3315 557 EXECETICK.

3874 501 4008 560 ιεισ

834 604 1041 657 visione
1071 603 1122 657 in
1157 604 1389 671 deserto,
1420 610 1627 663 audita‘
1645 611 1734 665 Dei
1766 628 1914 673 voce,
1947 614 2109 667 corde
2142 614 2375 667 obdura-
2406 625 2446 673 Α
2474 614 2560 680 σή,

2290 630 2375 666 ra-
2406 625 2446 673 Α
2474 614 2734 681 σήμερον
2755 616 3083 684 καλουμένης
3112 615 3318 687 ἡμέρας
3348 616 3439 667 καὶ
3458 617 3563 669 ἀπὸ
3590 618 3873 683 ἐνεστῶτος
3888 636 4010 673 και-

742 714 747 721 ·
834 705 923 747 tus
972 700 1052 746 est
1084 694 1137 746 in
1188 702 1427 765 tempore
1480 701 1931 764 exacerbationis,
1967 717 2087 754 cum
2137 702 2373 771 ipsorum

835 784 1073 835 omnium
1128 788 1366 839 membra
1422 788 1475 840 in
1524 790 1737 844 deserto
1772 800 2036 858 prostrata
2068 801 2213 855 sunt,
2252 795 2375 859 quia

834 873 951 923 voci
984 872 1072 928 Dei
1094 891 1199 927 non
1216 877 1735 945 obtemperaverant.
1755 882 2067 935 Necessario
2088 882 2264 951 itaque
2288 884 2375 935 illa

838 976 1241 1029 Commemorat,
1274 984 1340 1021 ne
1375 986 1471 1023 nos
1520 987 1732 1039 quoque
1778 984 2043 1043 praecepta
2077 974 2169 1030 Dei
2221 976 2376 1031 hodie

839 1054 1136 1115 audientes.
1171 1074 1233 1111 ac
1283 1076 1385 1113 non
1440 1063 1886 1130 obtemperantes,
1937 1068 2111 1134 ipsum
2159 1082 2379 1121 exacer—

839 1146 1049 1219 bemus,
1086 1150 1333 1202 obdurati
1362 1152 1541 1213 corde,
1570 1162 1622 1206 et
1664 1170 1765 1207 non
1805 1157 2154 1227 exaudientes
2180 1158 2379 1210 saluta-

839 1239 915 1289 ria
942 1253 1201 1306 praecepta
1225 1242 1373 1308 ejus;
1398 1253 1554 1310 atque
1583 1244 1703 1296 ideo
1737 1245 1908 1313 ipsum
1942 1246 2194 1299 acerbum
2224 1246 2378 1301 nobis

839 1343 901 1380 ac
926 1345 1170 1383 severum
1211 1332 1443 1399 judicent
1480 1344 1747 1401 parantes.
1776 1334 1936 1397 Sane,
1964 1342 2021 1387 ut
2048 1336 2179 1398 dixi,
2222 1336 2381 1390 nobis

838 1418 1089 1473 omnibus
1116 1430 1433 1490 praeceptum
1460 1423 1738 1488 convenit;
1768 1423 1859 1477 sed
1895 1426 2191 1479 secundum
2228 1427 2379 1495 prius

841 1510 1054 1562 allatam
1087 1515 1367 1573 rationem,
1398 1515 1592 1582 populo
1624 1531 1687 1568 ex
1728 1514 2139 1569 circumcisione
2172 1516 2259 1569 illa
2293 1516 2377 1569 di-

842 1607 1058 1661 cuntur,
1084 1616 1312 1669 quorum
1362 1604 1471 1655 haec
1505 1605 1770 1657 sententia
1821 1604 2019 1659 fuerit:
2050 1604 2182 1658 Cum
2212 1606 2374 1659 semel

842 1689 968 1742 olim
1000 1706 1183 1745 vocem
1218 1692 1307 1745 Dei
1339 1694 1390 1745 in
1419 1694 1631 1749 deserto
1671 1696 1982 1758 audissetis,
2018 1696 2379 1749 exacerbastis

840 1796 984 1844 eum,
1002 1782 1265 1844 obdurato
1294 1791 1530 1852 tempore
1558 1785 1753 1855 Moysis
1782 1787 1941 1841 corde
1963 1793 2139 1839 vestro
2159 1804 2172 1850 ;
2191 1801 2376 1839 verum

841 1870 971 1937 quia
996 1871 1169 1939 ipsum
1206 1870 1295 1925 Dei
1320 1870 1551 1927 Verbum
1590 1874 1643 1926 in
1668 1874 1871 1927 mundo
1900 1889 2181 1942 apparens,
2205 1874 2377 1927 ltomi-

2477 704 2569 773 ροῦ
2603 704 2981 773 σπουδάσωμεν
3012 707 3297 775 προσέχειν
3325 709 3434 767 τοῖς
3461 707 3775 776 εἰρημένοις·
3811 710 3902 762 καὶ
3939 710 4011 781 μὴ

2475 790 2794 862 ζηλώσωμεν
2811 796 2899 846 τὸν
2912 796 3035 848 λαὸν
3061 796 3282 859 ἐκεῖνον,
3308 797 3386 858 ὃς,
3414 797 3648 859 ἀκούσας
3675 799 3851 867 φωνῆς
3878 800 4009 853 Θεοῦ

2474 882 2564 931 ἐπὶ
2594 882 2689 949 τῆς
2718 882 2855 934 κατὰ
2884 882 2976 952 τὴν
3002 882 3199 952 ἔρημον
3220 882 3498 944 ὀπτασίας,
3530 881 3863 953 ὲσκληρύνϐη
3915 885 4011 953 τὴν

2474 970 2691 1040 καρδίαν
2735 972 2791 1022 ἐν
2826 972 2911 1040 τῷ-
2926 972 3095 1043 καιρῷ
3126 971 3216 1024 τοῦ
3260 968 3742 1041 παραπικρασμοῦ,
3783 973 4013 1041 ὁπηνίκα

2474 1062 2684 1114 πάντων
2718 1062 2889 1114 αὐτῶν
2916 1065 2983 1115 τὰ
3012 1063 3157 1116 κῶλα
3203 1062 3547 1134 κατεστρώθη
3595 1065 3650 1113 ἐν
3695 1066 3760 1131 τῇ
3807 1064 4011 1133 ἐρήμῳ,

2473 1150 2559 1201 διὰ
2589 1151 2647 1202 τὸ
2673 1151 3009 1220 παρακοῦσαι
3042 1152 3140 1219 τῆς
3169 1152 3347 1221 φωνῆς
3377 1151 3469 1204 τοῦ
3498 1151 3663 1205 Θεοῦ,
3688 1152 4015 1219 ’Δναγκαίως

2480 1236 2571 1291 οὖν
2602 1242 2822 1294 ἐκείνων
2856 1228 3269 1310 ὑπομιμνήσκει,
3299 1243 3381 1294 ἴνα
3422 1242 3493 1312 μὴ
3522 1244 3615 1295 καὶ
3645 1245 3805 1312 ἡμεῖς
3830 1246 3894 1312 τῇ
3919 1244 4015 1313 σή-

2478 1346 2637 1399 μερον
2669 1329 2844 1401 ἡμέρα
2882 1330 2987 1383 τῶν
3018 1331 3107 1382 τοῦ
3143 1330 3272 1382 Θεοῦ
3300 1332 3763 1401 παραγγελμάτων
3797 1330 4017 1384 ἀκούον-

2475 1436 2562 1481 τες
2577 1418 2667 1471 καὶ
2679 1420 3065 1491 παρακούοντες
3079 1420 3584 1492 παραπικραίνωμεν
3606 1421 3762 1474 αὑτὸν
3786 1421 3917 1491 σκλη
3927 1438 4016 1490 ρυ-

2476 1509 2681 1577 νόμενοι
2714 1510 2809 1573 τὰς
2860 1510 3095 1581 καρδίας,
3126 1510 3216 1561 καὶ
3250 1510 3321 1579 μὴ
3351 1510 3703 1573 ὑπακούοντες
3721 1513 3830 1573 τοῖς
3847 1527 4018 1580 σωτησι

2481 1597 2612 1667 ρίοις
2645 1598 3074 1668 παραγγέλμασι,
3110 1599 3201 1651 καὶ
3222 1598 3308 1650 διὰ
3335 1597 3487 1650 τοῦτο
3519 1600 3709 1667 πικρὸν
3740 1600 4018 1652 αύτὸνκαὶ

2477 1687 2743 1755 ἀπότομον
2771 1690 2956 1758 κριτὴν
2985 1689 3189 1751 ἑαυτοῖς
3214 1687 3717 1751 κατασκευάζοντες.
3745 1690 3855 1741 Καὶ
3883 1690 4019 1759 πρὸς

2480 1784 2681 1846 πάντας
2714 1786 2806 1852 μὲν
2844 1780 2933 1837 οῦν
2971 1786 3132 1853 ἡμᾶς,
3164 1786 3238 1847 ὼς
3270 1785 3425 1853 ἔφην,
3454 1783 3674 1852 ἁρμόζει
3703 1785 3761 1836 τὸ
3806 1785 4020 1853 παράγ-

2478 1874 2667 1942 γελμα·
2703 1873 2842 1925 κατὰ
2874 1873 2927 1925 δὲ
2952 1872 3039 1925 τὸν
3068 1871 3467 1942 προηγούμενον
3501 1870 3653 1939 λόγον
3680 1870 3814 1943 πρὸς
3838 1873 3927 1925 τὸν
3958 1876 4021 1925 ἐκ

844 1960 1003 2014 nibus
1057 1961 1249 2013 iterum
1300 1961 1635 2025 locuturum,
1686 1971 1844 2031 atque
1914 1964 2052 2033 apud
2106 1979 2200 2017 vos
2250 1961 2379 2016 Novi
2415 1950 2452 2002 Β
2482 1979 2570 2032 περ

2290 1962 2379 2016 ⁷ονὶ
2415 1950 2452 2002 Β
2482 1962 2773 2033 περιτομῆς
2798 1963 2921 2015 λαὸν
2948 1963 3118 2015 ταῦτα
3143 1962 3377 2030 λέγεται,
3401 1962 3648 2031 τοιαύτην
3678 1962 3864 2030 ἔχοντα
3903 1962 4016 2015 διά-

843 2045 1168 2102 Testamenti
1227 2054 1477 2120 mysteria
1529 2051 1922 2105 declaraturum
1969 2060 2082 2117 est;
2115 2063 2294 2108 cavete
2318 2070 2384 2108 ue

848 2138 1046 2191 iterum
1077 2138 1237 2193 corda
1268 2141 1540 2195 obduretis
1578 2151 1634 2195 ut
1669 2143 1843 2211 prisce
1889 2143 2213 2206 obdurastis,
2254 2159 2384 2197 neve

847 2242 1060 2281 rursum
1096 2245 1214 2283 eum
1246 2231 1599 2293 exacerbetis.
1631 2233 1676 2286 si
1712 2233 1888 2287 denuo
1925 2247 2107 2286 vocem
2136 2234 2252 2300 ejus
2286 2248 2381 2285 au-

846 2316 1074 2379 dieritis,
1108 2334 1278 2387 neque
1310 2320 1407 2373 hac
1450 2322 1504 2373 iu
1547 2338 1604 2375 re
1636 2331 1814 2391 patres
1841 2333 2043 2376 vestros
2083 2323 2382 2385 imitemini,

847 2424 914 2463 ne
938 2408 1043 2463 ‘vos
1066 2424 1191 2462 vero
1237 2408 1470 2463 Sabbato
1498 2419 1552 2464 et
1594 2414 1775 2479 requie
1808 2413 1924 2479 ejus
1947 2414 2149 2466 orbetis
2178 2432 2189 2465 :
2224 2428 2379 2481 quam

846 2499 1085 2567 requiem
1152 2498 1299 2553 dabit
1356 2501 1530 2569 ipsum
1606 2501 1697 2555 Dei
1755 2500 2023 2567 Verbum,
2099 2513 2382 2572 postquam

848 2605 1070 2659 regnum
1097 2606 1250 2643 suum
1287 2591 1572 2659 acceperit,
1594 2591 1645 2644 in
1682 2592 1905 2661 ipsoque
1926 2594 2242 2661 requiescet,
2269 2608 2384 2643 oui-

847 2695 1047 2749 ncsque
1090 2689 1349 2751 quotquot
1398 2670 1571 2749 ipsum
1616 2683 1915 2751 receperint
1947 2683 2011 2736 ad
2070 2699 2185 2736 eam
2220 2684 2386 2751 ipsam

846 2771 1079 2840 quietem
1111 2758 1351 2825 admittet
1381 2790 1393 2825 :
1423 2787 1483 2823 ac
1506 2780 1749 2826 sanetum
1771 2788 2063 2840 verumque
2095 2770 2386 2824 Sabbatum

848 2859 917 2915 iis
974 2860 1244 2929 impertiet
1286 2861 1377 2931 qui
1429 2877 1611 2916 secum
1660 2870 1714 2917 et
1760 2879 1924 2932 penes
1978 2880 2056 2926 se,
2110 2852 2200 2916 illo
2242 2862 2365 2929 dign

849 2955 1027 3003 erunt.

2479 2072 2623 2106 νοιαν
2643 2072 2654 2083 ·
2691 2052 2868 2118 Ἀπαξ
2893 2053 3018 2106 ποτὲ
3046 2052 3144 2123 ἤδη
3172 2053 3429 2122 πρότερον
3462 2054 3553 2105 ἐπὶ
3578 2053 3675 2122 τῆς
3701 2053 3905 2123 ἐρήμου
3925 2052 4021 2121 τῆς

2480 2145 2657 2212 φωνῆς
2699 2143 3020 2207 ἀκούσαντες
3062 2144 3156 2197 τοῦ
3199 2142 3351 2204 Θεοῦ,
3383 2144 3817 2214 παρεπικράνατε
3865 2142 4024 2195 αὑτὸν

2482 2231 2614 2299 σκλη
2624 2232 2873 2301 ρύναντες
2887 2234 3089 2286 ἑαυτῶν
3108 2234 3203 2295 τας
3226 2233 3444 2302 καρδίας
3472 2234 3561 2285 ἐπὶ
3594 2233 3885 2296 Μωῦσέωςο
3912 2232 4021 2286 ἀλλ’

2480 2323 2769 2391 ἐπειδήπερ
2800 2325 2827 2374 ὁ
2870 2324 3027 2385 αὐτὸς
3054 2322 3146 2375 τοῦ
3196 2324 3325 2375 Θεοῦ
3352 2324 3518 2391 Λόγος
3562 2324 3738 2393 μέλλει
3778 2323 4024 2391 δεύτερον

2485 2412 2783 2482 ἀνθρώποις
2816 2413 2991 2465 λαλεῖν
3040 2415 3315 2480 ἐπιφανεὶς
3344 2413 3419 2481 τῷ
3451 2414 3566 2482 βίῳ,
3601 2414 3693 2465 καὶ
3739 2413 3866 2481 παρ’
3897 2413 4024 2480 ὑμῖν

2489 2503 2666 2562 αὐτοῖς
2700 2500 2964 2552 διδάσκειν
2990 2501 3056 2552 τα
3084 2500 3177 2571 τῆς
3208 2500 3408 2567 Καινῆς
3434 2500 3701 2568 Διαθήκης
3734 2500 4021 2569 μυστήρια.

2481 2594 2641 2663 ὁρᾶτε
2699 2592 2771 2662 μὴ
2823 2592 2978 2643 πάλιν
3035 2590 3364 2669 σκληρύνητε
3402 2591 3621 2651 ἑαυτοὺς
3672 2588 3747 2650 ὼς
3795 2589 3855 2641 τὸ
3896 2589 4024 2659 πρὶν

2486 2681 2862 2751 ἐσκληρύνατε,
2898 2681 3026 2751 μηδὲ
3057 2677 3208 2743 αὖθις
3232 2679 3387 2733 αὑτὸν
3413 2680 3858 2749 παραπικράνητε
3880 2719 3891 2737 ,
3931 2677 4025 2729 ἐὰν

2488 2767 2637 2833 αὖθις
2669 2772 2765 2839 τῆς
2792 2771 2969 2839 φωνῆς
2995 2769 3153 2822 αὐτοῦ
3177 2768 3459 2837 ἀκούσητε,
3482 2768 3612 2838 μηδὲ
3636 2769 3760 2829 τοὺς
3787 2767 4025 2837 πατέρας

2489 2858 2637 2927 ὑμῶν
2658 2860 2793 2911 κατα
2825 2858 2979 2910 τοῦτο
2997 2859 3320 2929 μιμήσησθε,
3343 2859 3485 2919 ὅπως
3508 2857 3580 2926 μὴ
3612 2858 3901 2927 στερήσητε
3926 2856 4023 2908 αὑ-

2488 2949 2613 3011 τοὺς
2638 2947 2728 3000 τοῦ
2758 2948 3004 3018 ἀληθινοῦ
3057 2947 3417 3018 σαϐϐατισμοῦ
3461 2948 3551 3014 καὶ
3604 2947 3701 3015 τῆς
3755 2943 4028 2998 καταπαύ-

852 3052 985 3099 οεως
1014 3038 1169 3091 αὐτοῦ
1190 3078 1204 3101 ,
1228 3040 1293 3109 ἢν
1318 3039 1649 3093 καταπαύσει
1683 3042 1840 3104 αὐτὸς
1875 3044 1903 3094 ὁ
1936 3042 2024 3095 τοῦ
2054 3041 2184 3094 Θεοῦ
2215 3040 2401 3106 Λόγος,
2427 3038 2524 3107 τὴν
2567 3039 2765 3092 οἰκείαν
2832 3037 3113 3090 ἀπολαϐὼν
3148 3037 3444 3107 βασιλείαν,
3480 3037 3570 3089 καὶ
3609 3038 3666 3088 ἐν
3721 3037 3855 3106 αὐτῇ
3896 3037 4026 3088 ἀνα-

851 3128 1198 3197 παυσάμενος,
1230 3129 1431 3192 πάντας
1446 3147 1505 3181 τε
1528 3131 1653 3193 τοὺς
1684 3132 2139 3202 παραδεχομένους
2157 3130 2313 3183 αὐτὸν
2338 3131 2415 3191 είς
2439 3130 2535 3199 τὴν
2555 3127 2717 3197 αὐτὴν
2748 3127 3054 3185 ἀνάπαυλαν
3078 3126 3473 3195 ὑποδεξόμενος,
3499 3126 3589 3178 καὶ
3607 3124 3666 3176 τὸ
3684 3124 3833 3191 ἅγιον
3855 3124 3949 3197 καὶ
3966 3123 4030 3178 τὸ

852 3219 1044 3288 ἀληθὲς
1071 3220 1233 3273 αὐτοῦ
1266 3222 1537 3277 Σάϐϐατον
1574 3224 1817 3295 παρέξων
1835 3229 1945 3288 τοῖς
1968 3226 2132 3291 ἀξίοις
2157 3225 2255 3294 τῆς
2294 3224 2418 3294 παρ’
2449 3223 2593 3293 αὐτῷ
2630 3224 2721 3276 καλ⁵
2755 3223 2848 3275 σὺν
2874 3221 3016 3290 αὑτῷ
3045 3220 3414 3283 ἀναπαύσεως.

920 3333 1086 3391 Vens.
1112 3336 1264 3393 9-H.
1296 3340 1586 3415 Secundum
1614 3344 1748 3397 diem
1769 3346 2069 3401 tentationis
2093 3350 2145 3401 in
2165 3348 2388 3411 deserto,
2418 3354 2460 3411 ο
2558 3350 2645 3400 Ka

2308 3358 2388 3411 'to,
2418 3354 2460 3411 C
2558 3348 2717 3400 Κατὰ
2750 3345 2861 3411 τὴν
2882 3344 3104 3412 ἡμέραν
3132 3344 3234 3396 τοῦ
3267 3341 3591 3413 πειρασμοῦ
3617 3341 3686 3393 ἐν
3713 3339 3786 3407 τῇ
3810 3340 4034 3409 ἐρήμῳ,

784 3432 787 3436 ‘
854 3423 944 3476 ubi
985 3433 1303 3497 tentaveruut
1337 3446 1413 3482 me
1448 3442 1619 3497 patres
1664 3433 1839 3493 vestri,
1861 3433 2203 3501 probaverunt
2239 3452 2317 3489 me
2343 3446 2391 3489 et

853 3514 1089 3566 viderunt
1117 3532 1269 3583 opera
1309 3535 1440 3587 mea.
1475 3520 1837 3591 Quadraginta
1872 3526 2021 3577 armis
2062 3527 2285 3593 offensus
2317 3527 2393 3598 [ui

855 3606 1175 3672 generationi
1205 3607 1322 3659 huic
1351 3623 1369 3660 :
1393 3619 1441 3661 et
1471 3609 1583 3662 dixi
1612 3626 1628 3662 :
1659 3610 1866 3679 Semper
1883 3624 2061 3666 errant
2081 3616 2251 3669 corde.
2284 3615 2395 3685 Ipsi

859 3710 973 3746 vero
1008 3712 1107 3747 non
1137 3708 1475 3765 cognoverunt
1515 3700 1624 3753 vias
1659 3718 1818 3764 meas,
1851 3705 1983 3756 sicut
2014 3706 2197 3774 jurati
2220 3706 2272 3759 in
2314 3709 2395 3761 ira

860 3801 993 3848 mea,
1016 3787 1060 3837 si
1080 3787 1364 3839 introibant
1391 3790 1443 3841 in
1479 3791 1701 3857 requiem
1732 3810 1916 3847 meam.
1941 3795 2216 3860 Quomodo
2235 3799 2396 3855 Deum

858 3877 1208 3939 tentaverint,
1268 3894 1373 3931 non
1414 3880 1625 3933 illorum
1682 3882 1804 3936 olim
1854 3882 2162 3941 Iudaeorum
2219 3899 2397 3955 patres

860 3968 1441 4037 tantum,utquispiam
1469 3972 1835 4040 mstimaverit,
1866 3976 1959 4029 sed
1992 3976 2152 4030 etiam
2184 3979 2398 4034 hodier-

862 4070 1075 4120 norum,
1099 4059 1189 4127 qui
1215 4062 1394 4115 audita
1422 4078 1552 4118 voce
1575 4063 1664 4118 Dei
1690 4065 2023 4122 obdurantur
2042 4107 2056 4131 ,
2088 4072 2225 4138 apud
2257 4071 2400 4142 Moy—

867 4158 981 4199 sem
1007 4147 1267 4215 habetur;
1289 4160 1342 4203 et
1371 4153 1422 4213 in
1440 4168 1617 4206 Lxxvn
1644 4157 1846 4224 psalmo
1866 4158 2175 4228 plerumque
2199 4161 2399 4215 dictum

869 4244 974 4299 est,
1005 4253 1067 4291 ac
1108 4239 1355 4294 similiter
1385 4242 1438 4293 in
1471 4242 1535 4295 ev
1564 4253 1622 4295 ut
1652 4253 1761 4310 tute
1790 4246 1834 4300 si
1893 4249 2172 4316 perquiras
2215 4252 2396 4320 depre-

871 4328 1093 4383 hendes.
1144 4328 1405 4395 Quoniam
1449 4321 1611 4401 igitur
1649 4334 1731 4389 his
1758 4336 1959 4403 jurayit
1995 4340 2152 4403 Deus,
2185 4326 2397 4396 exacer-

868 4418 1054 4473 bantes
1081 4420 1198 4474 illos
1227 4436 1332 4474 non
1359 4422 1698 4491 ingressuros
1722 4440 1839 4479 esse
1861 4426 1911 4480 in
1937 4430 2177 4498 requiem
2213 4430 2402 4499 ipsius,

867 4522 1027 4575 quam
1066 4511 1250 4577 paucis
1282 4526 1459 4566 sermo
1488 4514 1809 4583 descripsit;
1847 4518 2272 4575 sollicitelnobis
2313 4538 2407 4576 eu-

870 4596 1097 4649 randum
1131 4607 1213 4652 est
1264 4616 1330 4654 ne
1371 4601 1421 4653 in
1470 4605 1617 4669 paria
1670 4605 1985 4660 incidamus.
2050 4604 2182 4661 Nam
2218 4611 2403 4665 eadem

872 4686 988 4753 ipsa
1013 4696 1110 4740 nos
1154 4689 1439 4757 excipient,
1476 4692 1521 4745 si
1552 4709 1732 4748 vocem
1760 4694 1851 4747 Dei
1896 4711 2039 4749 nunc
2072 4706 2124 4750 et
2152 4697 2204 4751 in
2254 4715 2404 4768 pra:-

870 4778 1008 4830 senti
1060 4777 1233 4833 adhuc
1283 4772 1521 4848 tempore
1573 4788 1670 4837 nos
1732 4796 2042 4839 evocantem
2103 4789 2403 4855 audientes,

871 4867 1035 4919 corda
1079 4868 1447 4925 obduremus:
1505 4888 1603 4927 nos
1658 4874 1853 4944 quippe
1893 4877 1967 4930 ira
2022 4876 2114 4932 Dei
2166 4879 2402 4944 invadet,

872 4973 937 5011 ac
974 4958 1153 5027 quiete
1213 4960 1301 5011 illa
1350 4962 1493 5029 apud
1540 4964 1711 5030 ipsum
1756 4972 1809 5018 et
1851 4982 1973 5020 cum
2026 4969 2141 5037 ipso
2185 4985 2402 5024 sumen-

871 5046 938 5099 da
972 5048 1316 5115 privabimur.
1351 5048 1477 5113 Quae
1518 5066 1677 5121 porro
1725 5056 1801 5105 ira
1846 5056 1935 5107 illa
1972 5055 2148 5109 futura
2195 5059 2286 5120 sit,
2323 5060 2405 5113 Itis

874 5134 1411 5204 deciaratApostolus
1435 5156 1449 5191 :
1471 5136 1759 5193 Secundum
1783 5152 1953 5195 autem
1973 5143 2220 5198 duritiam
2242 5156 2405 5210 tuam,

876 5235 923 5275 et
952 5226 1265 5291 impwuitens
1296 5244 1402 5293 cor,
1440 5230 1758 5285 thesaurizas
1792 5235 1895 5285 tibi
1925 5237 2057 5287 iram
2100 5237 2151 5288 in
2178 5237 2260 5289 die
2289 5239 2401 5301 irae,

874 5322 923 5363 et
966 5314 1290 5370 reuelationis
1325 5320 1458 5386 justi
1478 5320 1666 5387 judictt
1719 5305 1893 5375 Dei”.
1938 5322 2063 5389 Quae
2106 5334 2281 5379 autem
2324 5341 2407 5380 re-

878 5402 1033 5467 quies
1060 5402 1176 5469 ejus
1200 5414 1298 5467 est,
1331 5408 1432 5462 nisi
1461 5408 1548 5461 illa
1571 5418 1685 5478 post
1717 5413 1918 5465 exitum
1949 5413 2106 5481 hujus
2138 5416 2256 5469 vita:
2284 5430 2403 5468 cum

880 5491 969 5544 illo
1000 5493 1369 5559 commoratio,
1400 5513 1504 5565 qua
1548 5499 1947 5569 requiescemus
1989 5504 2041 5555 in
2077 5520 2237 5575 regno
2265 5505 2403 5574 ejus,

882 5588 1023 5640 omni
1068 5601 1289 5655 prorsus
1336 5604 1493 5655 opere
1539 5608 1601 5646 ac
1645 5595 1857 5662 negatio
1901 5598 2150 5665 exempti,
2202 5600 2406 5667 solique

888 5675 1180 5730 divinorum
1228 5687 1281 5731 et
1322 5680 1615 5742 cmlestium
1649 5676 2078 5755 contemplationi
2106 5688 2406 5752 jvacautes’

998 5824 1034 5857 ⁸³
1078 5826 1223 5884 Rom.
1262 5849 1326 5889 tt.

2490 3434 2559 3493 οὗ
2602 3434 2923 3502 ἐπείρασαν
2961 3452 3035 3503 με
3078 3437 3131 3487 οι
3166 3433 3411 3499 πατέρες
3440 3431 3621 3501 ὑμῶν,
3663 3430 4028 3501 ἐδοκίμοσάν

2486 3544 2560 3596 με
2579 3525 2673 3577 καὶ
2698 3521 2858 3578 εἶδον
2872 3524 2939 3576 τὰ
2956 3524 3094 3591 ἔργα
3102 3540 3238 3592 μου.
3263 3519 3707 3588 Τεσσαρὰκοντα
3723 3521 3825 3587 ἐτη
3846 3537 4029 3589 προσ-

2489 3617 2708 3683 ώχθισα
2743 3614 2812 3683 τῇ
2842 3613 3013 3683 γενεᾷ
3044 3615 3223 3681 ταύτῃ
3242 3629 3255 3644 ο
3292 3612 3389 3666 καί
3420 3608 3583 3665 εἶπα·
3629 3611 3733 3665 Ἀεὶ
3760 3609 4030 3665 πλανῶν.

2492 3721 2583 3756 ται
2610 3703 2680 3771 τῇ
2713 3702 2944 3770 καρδίᾳ.
2970 3702 3141 3757 Αὐτοὶ
3171 3700 3239 3755 δὲ
3270 3703 3378 3755 οὐκ
3407 3700 3678 3768 ἔγνωσαν
3718 3699 3820 3764 τὰς
3853 3697 4031 3763 ὁδούς

2489 3812 2627 3862 μου,
2657 3795 2734 3859 ὡς
2759 3792 2960 3861 ὤμοσα
2995 3793 3063 3845 ἐν
3095 3791 3169 3859 τῇ
3195 3790 3337 3859 ὀργῇ
3352 3809 3491 3858 μου,
3520 3792 3570 3851 εί
3588 3792 4034 3843 εἰσελεύσονται

2493 3888 2579 3949 εἰς
2631 3883 2742 3950 τὴν
2796 3880 3169 3935 κατάπαυσίν
3208 3897 3351 3948 μου.
3382 3880 3567 3948 Ὅπως
3615 3879 3906 3949 ἐπείρασαν
3942 3878 4032 3929 τὸν

2496 3974 2623 4027 Θεὸν
2653 3975 2709 4025 ἐν
2756 3975 2821 4042 τῇ
2862 3972 3047 4042 ἐρήμῳ
3074 3973 3121 4022 οἰ
3171 3969 3400 4039 πατέρες
3425 3968 3542 4036 οὐχὶ
3571 3968 3675 4020 τῶν
3709 3968 3870 4020 πάλαι
3905 3968 4035 4020 Ἰου-

2496 4064 2652 4116 δαίων
2688 4063 2860 4131 μόνον,
2891 4062 2963 4123 ὼς
2992 4060 3055 4113 ἂν
3077 4059 3326 4112 ὐπολὰὄοι
3350 4075 3450 4121 τις,
3473 4059 3604 4111 ἀλλὰ
3616 4057 3722 4111 τῶν
3747 4058 3841 4111 καὶ¹
3875 4059 4037 4129 σήμε-

2500 4169 2589 4223 ρον
2640 4146 2933 4206 ἀκουόντων
2971 4151 3065 4221 μὲν
3088 4151 3182 4221 τῆς
3217 4148 3397 4218 φωνῆς
3444 4147 3535 4200 τοῦ
3560 4146 3713 4208 Θεοῦ,
3746 4146 4038 4219 σκληρυνθ-

2502 4244 2671 4313 μένων
2720 4244 2793 4305 δὲ,
2838 4244 3006 4293 κεῖται
3036 4240 3182 4310 παρὰ
3215 4240 3449 4301 Μωῠσεῖ,
3486 4238 3584 4290 καὶ·
3622 4238 3677 4290 ἐν
3699 4235 3739 4289 0'
3770 4236 3826 4288 δὲ
3865 4237 3959 4289 καὶ
3992 4234 4034 4298 ζ’

2498 4334 2692 4403 ψαλμῷ
2719 4333 2968 4394 πολλάκις
3002 4331 3231 4401 εἴρηται,
3262 4331 3354 4381 καὶ
3384 4330 3439 4381 ἐν
3467 4325 3569 4399 pe"
3599 4328 3738 4397 ἅπερ
3766 4326 3883 4406 καθ’
3912 4329 4038 4379 ἐαυ-

2499 4429 2588 4480 τὸν
2616 4427 2940 4496 ἐπιζητήσας
2985 4426 3252 4496 εὑρήσεις.
3308 4421 3458 4475 Ἐπεὶ
3504 4420 3681 4475 τοίνυν
3723 4419 3811 4472 διὰ
3865 4418 4039 4472 ταῦτα

2502 4518 2707 4587 ὤμοσεν
2725 4518 2752 4568 6
2767 4516 2894 4579 Θεὸς
2927 4517 2998 4586 μὴ
3024 4513 3415 4567 εἰσελεύσεσθαι
3440 4512 3565 4572 τοὺς
3593 4504 4039 4579 ⁸παραπικρᾴναν-
4060 4536 4080 4559 ι

2505 4626 2603 4671 τας
2629 4609 2706 4669 είς
2736 4607 2832 4676 τὴν
2857 4608 3190 4659 κατάπαυσιν
3219 4600 3400 4662 αὐτοῦ,
3436 4600 3501 4669 ἣν
3537 4602 3565 4651 ὁ
3596 4598 3750 4667 λόγος
3778 4597 3864 4651 διὰ
3903 4597 4038 4668 βρα-

2505 4700 2642 4769 χέων
2674 4696 2979 4767 παρέστησε
3002 4732 3017 4757 ,
3066 4690 3384 4761 προνοητέον
3420 4688 3514 4741 καὶ
3553 4690 3707 4759 ἡμίν,
3734 4687 3827 4739 καὶ
3884 4703 4037 4757 μερι-

2508 4789 2733 4859 μνητέον
2771 4787 2843 4856 μὴ
2890 4787 2998 4847 τοῖς
3033 4782 3233 4851 ὁμοίοις
3283 4780 3611 4850 περιπεσεῖν.
3641 4778 3723 4830 Τὰ
3750 4775 3884 4828 αὐτὰ
3908 4776 4039 4848 γὰρ

2504 4879 2595 4931 καὶ
2626 4880 2769 4947 ἡμᾶς
2793 4873 3101 4939 διαδέξεται,
3140 4873 3187 4924 εἰ
3214 4870 3312 4940 τῆς
3352 4867 3445 4921 τοῦ
3479 4867 3613 4921 Θεοῦ
3640 4865 3820 4935 φωνῆς
3851 4866 3926 4929 εἰς
3944 4864 4028 4918 ἔτι

2499 4969 2593 5021 καὶ
2636 4968 2728 5019 νῦν
2787 4964 2923 5019 κατὰ
2972 4963 3067 5034 τὴν
3122 4963 3356 5033 σήμερον
3400 4957 3615 5030 ἡμέραν
3669 4953 4041 5027 ἀνακαλουμέ-

2503 5075 2597 5127 νης
2628 5059 2771 5127 ἡμᾶς
2801 5049 3490 5121 ἁκούοντεςκσκληρύνωμεν
3520 5048 3615 5109 τὰς
3655 5044 3860 5097 ἑαυτῶν
3902 5062 4040 5117 καρ-

2508 5146 2621 5209 δίας
2647 5165 2659 5177 ·
2721 5145 3028 5214 διαλήψεται
3090 5142 3198 5212 γὰρ
3235 5140 3327 5193 καὶ
3382 5138 3526 5207 ἡμᾶς
3576 5135 3712 5213 ὀργὴ
3770 5135 3907 5189 Θεοῦ
3940 5134 4035 5187 καὶ

2508 5235 2914 5305 ἁποπεσούμεθα
2964 5236 3061 5303 τῆς
3113 5231 3237 5299 παρ’
3287 5225 3435 5295 αὐτῷ
3492 5226 3583 5279 καὶ
3609 5226 3703 5279 σὺν
3729 5222 3877 5293 αὐτῷ
3905 5226 4037 5276 ἀνα-

2507 5329 2768 5389 παύσεως.
2809 5326 2997 5378 Ὀποία
3050 5320 3106 5374 δέ
3146 5322 3289 5371 ἐστιν
3330 5318 3363 5385 ἡ
3420 5314 3576 5386 ὀργὴ,
3649 5314 3975 5385 παρίστησιν
4011 5310 4041 5360 ὀ

2522 5418 2827 5480 Ἀπόστολος
2853 5416 3040 5482 λέγων’
3071 5410 3224 5465 Κατὰ
3254 5407 3319 5459 δὲ
3347 5407 3460 5473 τὴν
3491 5401 3865 5473 σκληρότητά
3897 5416 4037 5460 σου,

2509 5510 2601 5561 καὶ
2647 5507 3041 5577 ἀμετανόητον
3085 5498 3326 5565 καρδίαν
3344 5536 3359 5559 ,
3405 5494 3765 5562 θησαυρίζεις
3808 5488 4042 5554 σεαυτῷ

2509 5598 2689 5668 ὀργὴν
2718 5598 2784 5649 ὲν
2814 5594 2997 5662 ἡμέρᾳ
3022 5588 3199 5657 ὀργῆς
3222 5589 3318 5642 καί
3364 5586 3791 5653 ἀποκαλύψεως
3822 5580 4041 5632 δικαιο-

2509 5688 2734 5755 κρισίας
2764 5684 2867 5745 τοῦ
2898 5680 3060 5737 Θεοῦ.
3098 5680 3191 5741 Τίς
3220 5678 3275 5732 δὲ
3306 5680 3397 5731 καὶ
3430 5680 3469 5747 ή
3514 5678 3847 5736 κατάπαυσις
3877 5671 4041 5727 αὐτοῦ
