4372 6428
350 516 486 570 ηις

1401 516 1886 574 COMMENTARIA
1926 518 1990 571 IN
2032 517 2358 571 PSALMOS.
2396 544 2401 550 -

3367 520 3504 574 1218

356 627 467 680 ἀλλ’
496 629 530 696 ἡ
567 627 700 695 μετά
723 626 818 694 τὴν
848 626 1018 692 ἔξοδον
1041 628 1129 680 τοῦ
1159 630 1411 697 παρόντος
1450 629 1560 696 βίου
1602 632 1693 681 σὺν
1729 631 1871 699 αὐτῷ
1900 644 1944 699 Α
1971 646 2082 699 quaI

1774 631 1871 699 ὒτῷ
1900 644 1944 699 Α
1971 632 2181 699 quando
2223 630 2469 684 abscedet
2516 630 2730 697 quidem
2782 630 2953 691 dolor,
2989 630 3206 683 tristitia
3240 637 3295 683 et
3336 634 3500 699 gemi-

356 717 618 786 διατριϐὴ,
646 717 762 768 καθ’
791 718 856 785 ἥν
895 717 1305 785 ἀναπαυσόμεθα
1346 720 1401 769 ὲν
1427 722 1491 786 τῇ
1526 718 1685 769 αὑτοῦ
1732 720 1878 787 βασι-

358 808 495 877 λείᾳ,
531 810 706 875 πάσης
741 809 835 875 τῆς
878 808 961 859 διά
999 808 1237 877 πράξεως
1274 792 1490 876 ἀγωγῆς
1534 808 1876 875 ἀπηλλαγμὲ-

356 915 452 957 vat,
511 897 642 966 μόνῃ
695 897 748 949 δὲ
811 900 877 966 τῇ
937 897 1042 948 τῶν
1088 896 1238 948 θείων
1279 899 1371 949 καὶ
1419 899 1743 967 ἐπουρανίων
1784 898 1877 967 θέᾳ

352 988 788 1057 προσανέχοντες;
823 989 907 1039 ὅτε
938 988 1287 1058 ἀποδράσεται
1314 988 1408 1057 μὲν
1440 988 1590 1059 ὀδύνη
1618 988 1709 1041 καὶ
1737 974 1874 1057 λῦπη

353 1079 444 1131 καὶ
500 1078 811 1145 στεναγμός·
871 1078 1031 1145 ἀργία
1087 1076 1141 1129 δὲ
1194 1080 1283 1129 καὶ
1348 1078 1624 1148 ἀπαλλαγὴ
1676 1083 1875 1144 κακῶν,

352 1168 506 1237 σχολή
546 1185 601 1219 τε
636 1168 725 1219 καὶ
773 1168 1051 1218 ἀνάπαυλα
1096 1167 1186 1219 καὶ
1227 1168 1286 1218 τὸ
1333 1164 1576 1236 ἀλῆθινὸν
1611 1171 1877 1225 Σάϐϐα-τον

343 1256 487 1324 ἡμᾶς
523 1256 838 1321 διαδέξεται·
864 1257 919 1307 ὲν
952 1249 994 1321 ᾧ
1018 1250 1271 1324 Σαϐϐάτῳ
1296 1257 1522 1328 ἀληθινῷ
1554 1260 1643 1312 καὶ
1670 1262 1823 1324 αὐτὸς
1851 1264 1877 1313 ὁ

344 1346 430 1398 τοῦ
474 1347 605 1398 Θεοῦ
658 1347 823 1413 Λόγος
877 1346 1267 1398 ἀναπαύσεται·
1338 1349 1396 1399 τὸ
1454 1348 1550 1415 μὲν
1612 1352 1736 1419 περὶ
1787 1353 1875 1403 τὸν

342 1434 589 1503 αἰσθητὸν
631 1436 863 1503 κόσμον,
910 1435 987 1503 τῷ
1037 1435 1299 1487 Ἰουδαίων
1350 1436 1459 1505 λαῴ
1510 1436 1576 1489 τὰ
1634 1440 1689 1488 ὲν
1733 1439 1876 1509 αὐτῷ

343 1522 693 1591 προσφωνῶν,
732 1524 821 1575 καὶ
856 1524 1179 1593 παρακαλῶν
1205 1525 1413 1588 αὐτοὺς,
1446 1528 1490 1577 εί
1514 1525 1759 1595 δεύτερον
1783 1545 1876 1579 κα-

338 1612 664 1676 ταξιωθεῖεν,
703 1614 775 1675 ὡς
813 1614 872 1665 τὺ
911 1613 1117 1684 πρῶτον
1159 1616 1248 1667 ἐπὶ
1278 1616 1371 1685 τῆς
1399 1617 1620 1685 ἐρήμου,
1654 1616 1875 1669 ἀκοῦσαι

340 1704 437 1774 τῆς
465 1703 556 1757 τοῦ
589 1704 719 1757 Θεοῦ
744 1707 910 1771 Λόγου
940 1707 1139 1775 φωνῆς,
1165 1708 1283 1776 ἥτις
1310 1708 1534 1776 ἤμελλεν
1559 1708 1733 1771 αὐτοῖς
1763 1713 1867 1761 πά-

338 1794 420 1850 λιν
453 1797 587 1849 κατά
644 1798 738 1868 τὴν
781 1798 1179 1869 ἐνανθρὼπησιν
1221 1800 1379 1851 αὑτοῦ
1425 1800 1617 1863 λαλεῖν,
1655 1802 1727 1870 μὴ
1755 1803 1875 1865 τοὺς

342 1884 576 1953 πατέρας
606 1885 777 1937 αὐτῶν
800 1885 1052 1955 ζηλῶσαι,
1087 1888 1203 1958 μηδ’
1231 1885 1384 1951 αὖθις
1419 1888 1507 1940 τὸν
1540 1890 1668 1942 Θεὸν
1696 1909 1870 1961 παρα·-

1978 728 2097 780 tus;
2127 717 2278 785 quies
2303 725 2500 777 autem,
2530 717 2733 785 ereptio
2755 731 2784 769 a
2810 718 2984 777 malis,
3014 719 3263 777 cessatio,
3289 721 3501 785 requies

1976 823 2038 860 ac
2100 823 2280 863 verum
2331 809 2605 861 sabbatum
2660 824 2759 861 nos
2805 809 3029 877 excipiet
3063 826 3074 861 :
3111 809 3162 860 in
3217 825 3324 877 quo
3369 810 3494 863 item

1975 912 2099 949 vero
2135 896 2355 949 sabbato
2390 897 2560 963 ipsum
2594 895 2683 951 Dei
2714 895 2943 949 Verbum
2985 897 3295 965 requiescet.
3343 899 3496 961 Quod

1975 1003 2101 1040 vero
2126 995 2323 1057 spectat
2361 988 2419 1043 ad
2453 988 2593 1041 hunc
2638 987 2941 1042 sensibilem
2973 988 3247 1047 mundum,
3282 987 3496 1043 Iudaeos

1974 1089 2159 1132 evocat
2186 1087 2238 1132 et
2266 1079 2528 1142 hortatur,
2576 1088 2635 1131 ut
2668 1080 2725 1131 si
2752 1079 2860 1145 jam
2894 1077 3148 1139 secundo,
3194 1087 3249 1131 ut
3282 1081 3404 1131 olim
3440 1080 3492 1132 in

1975 1171 2204 1234 deserto,
2236 1169 2328 1222 Dei
2363 1168 2520 1223 Verbi
2549 1184 2675 1222 voce
2699 1168 3001 1238 dignentur,
3032 1185 3149 1236 quae
3177 1170 3323 1234 ipsos
3359 1176 3495 1223 tem-

1974 1273 2099 1325 pore
2134 1260 2515 1311 incarnationis
2542 1258 2657 1326 ejus
2688 1259 2875 1311 iterum
2924 1259 3217 1310 allocutura
3245 1267 3372 1320 erat,
3428 1275 3493 1311 ne

1975 1359 2153 1419 patres
2207 1366 2334 1404 suos
2391 1352 2685 1414 imitentur,
2744 1367 2915 1419 neque
2966 1366 3179 1404 rursum
3232 1358 3288 1404 ut
3340 1360 3491 1404 antea

1974 1439 2136 1494 Deum
2190 1440 2523 1493 exacerbent.
2554 1439 2686 1493 Cum
2724 1448 2899 1493 autem
2942 1439 3019 1492 sic
3050 1439 3311 1501 hortatur,
3346 1438 3490 1491 vide-

1972 1538 2057 1581 tur
2099 1528 2225 1581 mihi
2269 1530 2623 1596 praanuntiare
2664 1544 2725 1581 ac
2754 1529 3094 1582 subindicare
3132 1527 3360 1581 futuram
3411 1542 3496 1582 eo-

1973 1631 2087 1668 rum
2127 1631 2249 1685 erga
2287 1616 2555 1670 Christum
2592 1616 3037 1679 incredulitatem,
3079 1626 3257 1685 utpote
3296 1616 3483 1670 future-

1973 1720 2087 1758 rum
2140 1721 2243 1758 non
2289 1707 2500 1759 nescius
2534 1721 2688 1758 :uam
2747 1707 2847 1760 sub
2877 1707 2985 1758 inec
3038 1721 3099 1759 ex
3134 1720 3360 1774 persona
3399 1704 3490 1759 Dei

1947 1796 2153 1862 -adjicit
2185 1802 2236 1847 et
2269 1796 2341 1846 ait
2368 1813 2381 1845 :
2407 1793 2473 1846 Et
2495 1794 2623 1858 dixi,
2657 1794 2862 1861 Semper
2884 1794 3256 1857 errantcorde;
3290 1809 3351 1847 ac
3380 1810 3494 1847 rur-

1974 1900 2111 1943 sum,
2146 1881 2288 1936 Sicut
2319 1884 2495 1951 juravi
2539 1887 2590 1936 in
2632 1885 2714 1936 ira
2763 1901 2893 1946 mea,
2939 1886 2985 1937 si
3016 1884 3292 1939 introibant
3323 1884 3374 1936 in
3416 1900 3491 1937 re-

339 1972 591 2049 πικράναι
621 1972 693 2035 ὡς
726 1974 817 2025 καὶ
852 1974 1126 2043 πρότερον.
1173 1975 1401 2029 Τοιαῦτα
1430 1974 1486 2027 δὲ
1519 1977 1864 2045 παρακαλῶν,
1904 1963 1943 2016 Β
1968 1974 2065 2041 quit

1763 1977 1864 2041 .ὦν,
1904 1963 1943 2016 Β
1968 1974 2133 2041 quiem
2172 1989 2354 2026 meam.
2387 1972 2589 2026 Etenim
2623 1974 2669 2028 si
2712 1974 2763 2026 in
2806 1989 2866 2029 os
2907 1975 3034 2027 illud
3068 1975 3302 2027 divinum
3348 1988 3489 2027 men-

337 2061 612 2131 προλέγειν
652 2080 737 2132 μοι
758 2062 899 2115 δοκεῖ
925 2066 1014 2116 καὶ
1041 2065 1462 2135 προαινίττεσθαι
1487 2066 1584 2134 τὴν
1612 2067 1867 2135 ἐσομένην

336 2151 511 2204 αὐτῶν
535 2154 610 2216 εἰς
653 2152 741 2205 τὸν
780 2152 1005 2223 Χριστὸν
1036 2154 1308 2216 ἀπιστίαν,
1344 2155 1435 2207 au
1468 2154 1527 2206 τὸ
1569 2155 1755 2224 μέλλον
1791 2157 1863 2225 μὴ

334 2240 557 2308 ἀγνοῶν·
593 2241 778 2308 ἐπάγει
814 2242 856 2294 δ’
894 2239 983 2295 οὖν
1034 2242 1157 2312 ἑξῆς
1189 2246 1251 2295 ἐκ
1290 2242 1573 2313 προσώπου
1613 2244 1702 2296 τοῦ
1737 2242 1867 2295 Θεοῦ

338 2332 431 2382 καὶ
463 2331 621 2400 φησίν
648 2348 663 2364 ·
703 2333 808 2384 Kal
846 2330 997 2386 εἶπα·
1052 2334 1155 2386 Ἀεὶ
1188 2332 1517 2387 πλανῶνται
1546 2333 1617 2401 τῇ
1641 2334 1864 2402 καρδίᾳ·

341 2423 433 2474 καὶ
462 2424 637 2476 πάλιν·
674 2424 765 2489 Ὠς
792 2423 989 2492 ὤμοσα
1018 2424 1086 2477 ἐν
1112 2423 1186 2492 τῇ
1214 2424 1353 2494 ὀργῆ
1377 2444 1512 2494 μου,
1537 2428 1587 2479 ει
1610 2426 1867 2479 εἰσελεύ-

339 2530 549 2567 σονται
579 2516 664 2578 είς
693 2514 805 2581 τὴν
835 2514 1203 2567 κατάπαυσίν
1242 2524 1374 2583 μου.
1412 2516 1471 2566 Εἰ
1506 2516 1609 2583 γὰρ
1648 2513 1868 2580 ἀψευδὲς

344 2604 595 2670 τυγχάνει
623 2604 683 2656 τὸ
710 2604 847 2657 θεῖον
878 2605 1063 2675 στόμα,
1092 2606 1215 2676 ὅρον
1230 2622 1286 2655 τε
1320 2606 1598 2673 ἐξήνεγκεν
1620 2604 1710 2655 καὶ
1734 2604 1867 2656 ἀπε-

338 2693 558 2762 φήνατο,
586 2694 664 2745 ὅτι
702 2695 787 2746 ἀεὶ
840 2694 1170 2758 πλανῶνται,
1210 2695 1353 2763 ὅρκῳ
1390 2710 1447 2745 τε
1493 2692 1775 2745 ἐϐεϐαίωσε
1812 2686 1871 2745 τὸ

320 2782 408 2853 ,μὴ
442 2781 692 2835 εἰσελθεῖν
720 2783 909 2846 αὐτοὺς
941 2786 1018 2852 είς
1053 2783 1146 2854 τὴν
1178 2785 1509 2837 κατάπαυσιν
1547 2783 1706 2837 αὑτοῦ
1726 2800 1738 2813 ·
1780 2800 1873 2835 σα-

1969 2057 2177 2109 dacium
2220 2073 2324 2109 nou
2360 2059 2522 2121 cadit,
2564 2073 2625 2111 ac
2672 2058 3029 2114 deﬁnitionem
3063 2062 3487 2129 sententiamque

1972 2145 2112 2196 illam
2163 2146 2398 2212 protulit,
2442 2147 2581 2214 quod
2624 2148 2825 2201 scili'eet
2874 2162 3081 2216 semper
3117 2157 3314 2210 errent,
3341 2148 3487 2217 jura-

1970 2243 2251 2302 mentoque
2277 2234 2554 2288 aliirmavit
2580 2251 2672 2290 eos
2705 2238 2756 2289 in
2784 2238 3017 2306 requiem
3045 2239 3213 2308 ipsius
3240 2254 3345 2292 non
3368 2254 3489 2292 esse
3529 2230 3535 2237 ”

1971 2323 2337 2390 ingressuros;
2368 2332 2547 2392 aperte
2592 2324 2766 2378 iu'tura
2795 2328 3111 2380 vaticinatus
3156 2335 3257 2381 est.
3287 2329 3484 2393 Quare,

1970 2420 2027 2465 ut
2051 2413 2177 2465 olim
2200 2423 2439 2485 tempore
2466 2414 2683 2485 Muysis,
2710 2417 2788 2469 sic
2809 2416 2997 2469 iterum
3020 2415 3225 2469 Domini
3252 2426 3487 2486 tempore

1966 2486 2178 2559 videtur
2198 2505 2408 2561 Iudaeos
2438 2508 2595 2562 corde
2623 2522 2853 2571 errasse,
2886 2508 3107 2577 ideoque
3136 2508 3487 2577 promissione

1970 2599 2057 2652 illa
2081 2597 2365 2653 frustratos
2385 2614 2525 2655 esse.
2545 2598 2877 2669 Quapropter
2894 2607 3014 2668 post
3039 2598 3180 2651 liunc
3205 2600 3488 2668 psalmum,

1969 2690 2059 2759 qui
2106 2690 2345 2763 sequitur
2376 2705 2563 2743 omnes
2603 2699 2787 2759 gentes
2841 2689 2906 2742 ad
2947 2689 3351 2756 promissionem
3395 2688 3486 2743 Dei

1970 2787 2142 2843 vocat,
2173 2794 2234 2833 ac
2262 2778 2305 2832 si
2334 2779 2479 2847 prior
2513 2778 2600 2831 ille
2630 2777 2854 2845 populus
2876 2789 2984 2828 non
3017 2776 3413 2844 obtemperarit.

335 2874 445 2939 φῶς
466 2873 527 2925 τὸ
561 2874 744 2943 μέλλον
769 2874 1063 2927 ἐθέσπισεν.
1096 2876 1251 2929 Ὅθεν
1285 2876 1553 2944 φαίνονται
1582 2876 1764 2947 ὥσπερ
1798 2876 1856 2928 τὸ
1880 2875 2085 2946 πρῶτον
2122 2874 2211 2926 ἐπὶ
2231 2872 2519 2934 Μωῡσέως,
2544 2872 2681 2923 οὕτω
2730 2870 2822 2923 καὶ
2863 2868 2921 2921 τὸ
2975 2867 3215 2939 δεύτερον
3254 2870 3343 2920 ἐπὶ
3392 2865 3487 2921 τοῦ

333 2962 532 3031 Κυρίου
569 2963 920 3034 πλανηθέντες
952 2967 1017 3035 τῇ
1051 2964 1261 3035 καρδίᾳ,
1304 2966 1396 3018 κα)⁸
1436 2966 1523 3019 διά
1566 2966 1719 3019 τοῦτο
1759 2966 1854 3035 τῆς
1886 2964 2207 3031 ἐπαγγελίας
2248 2960 2609 3030 στερηθέντες.
2646 2960 2839 3027 Διόπερ
2886 2957 3182 3020 ἀκολούθως
3232 2957 3363 3027 μετά
3396 2958 3483 3010 τὸν

334 3053 569 3124 παρόντα
590 3053 797 3124 ψαλμὸν
820 3057 848 3107 ὁ
867 3055 989 3124 ἑξῆς
1010 3055 1183 3109 πάντα
1216 3054 1284 3108 τά
1309 3055 1432 3126 ἔθνη
1466 3058 1543 3119 είς
1562 3056 1657 3127 τὴν
1686 3054 2008 3123 ἐπαγγελίαν
2035 3052 2127 3105 τοῦ
2159 3052 2289 3105 Θεοῦ
2313 3052 2483 3113 καλεῖ,
2525 3050 2599 3112 ὼς
2649 3050 2714 3103 ἂν
2761 3047 2853 3100 τοῦ
2914 3048 3168 3118 προτέρου
3212 3047 3337 3099 λαοῦ
3409 3050 3482 3118 μὴ

337 3143 754 3207 ὑπακούσαντος.

330 3241 465 3325 om
517 3256 602 3326 Ta
654 3256 883 3320 AATIA,
931 3257 1057 3309 ore
1107 3262 1149 3310 υ
1195 3257 1395 3309 eum:
1440 3256 1864 3326 οιιοΔοΜΕιτο
1889 3259 1931 3315 c
1968 3254 2056 3326 t._

1754 3256 1864 3309 ιτο
1889 3259 1931 3315 c
1968 3238 3225 3326 ιο,,ςιδξτ.ιρςερι....ιξειρθ.ι[ρεηρρέιιιρ.
3257 3237 3480 3326 ρρθψδ

587 3326 773 3377 ΜΕΤΑ
808 3327 945 3378 ΤΗΝ
984 3326 1465 3379 ΔΙΧΜΑΛΩΣΙΔΝ.
1500 3327 1615 3391 ιιεν.

404 3498 619 3565 ’ᾼσατε
652 3496 733 3561 τῷ
771 3499 956 3565 Κυρίῳ
985 3492 1146 3568 ᾆσμα
1176 3500 1400 3551 καινόν·
1433 3498 1616 3565 ᾆσατε
1646 3496 1721 3561 τῷ
1752 3500 1862 3550 Κυ-

329 3584 452 3653 ρίῳ,
478 3584 650 3638 ,πᾶσα
674 3587 712 3652 ἠ
737 3584 832 3653 γῆ.
870 3588 1088 3655 ’ᾼσατε
1122 3586 1201 3651 τῷ
1242 3588 1451 3653 Κυρίῳ,
1498 3587 1861 3653 εὐλογήσατε

334 3673 397 3727 τὸ
431 3673 613 3743 ὄνομα
641 3675 839 3728 αὐτοῦ.
880 3677 1056 3745 Φήσας
1094 3678 1122 3728 ὁ
1150 3677 1299 3743 λόγος
1334 3679 1389 3727 ὲν
1428 3675 1505 3746 τῷ
1532 3677 1636 3745 πρὸ
1677 3675 1859 3728 τούτου

332 3762 525 3833 ψαλμῷ
552 3766 675 3833 περὶ
690 3763 782 3816 τοῦ
823 3765 1082 3818 Ἰουδαίων
1108 3766 1234 3819 λαοῦ
1262 3766 1339 3830 τὸ,
1386 3767 1489 3820 Ἀεὶ
1527 3765 1861 3819 πλανῶνται

334 3850 407 3918 τῇ
434 3853 660 3921 καρδίαν
686 3853 777 3905 καὶ
798 3853 877 3914 τὸ,
920 3854 1011 3919 Ὠς
1042 3853 1241 3922 ὤμοσα
1270 3855 1339 3906 ἐν
1360 3852 1431 3921 τῇ
1461 3850 1603 3921 ὀργῆ
1641 3870 1779 3921 μου,
1811 3855 1863 3905 ει

332 3944 770 3995 εἰσελεύσονται
812 3946 897 4009 εις
935 3943 1047 4009 τὴν
1090 3943 1461 3997 κατάπαυσίν
1498 3960 1632 4010 μου·
1680 3943 1859 4012 ἐπειδὴ

335 4032 576 4103 πρώτους
595 4033 785 4096 αὐτοὺς
810 4035 900 4085 ἐπὶ
944 4033 1046 4104 *τὴν
1073 4036 1211 4087 κατά
1239 4034 1367 4088 Θεὸν
1393 4033 1703 4101 ἀγαλλίασιν
1725 4048 1860 4102 προ-

332 4121 691 4191 καλεσάμενος
738 4124 974 4187 ἀπειθεῖς
1027 4118 1212 4194 εὗρεν,
1273 4124 1364 4177 ἐπὶ
1407 4124 1501 4192 τὴν
1547 4122 1653 4175 τῶν
1693 4122 1859 4181 ἐθνῶν

333 4206 519 4280 κλῆσιν
552 4211 871 4280 μεταϐαίνειο
906 4214 1209 4282 προσφωνεῖ
1236 4210 1474 4262 δὲταῦτα
1497 4212 1603 4271 τοῖς
1628 4210 1855 4261 ἀποστό-

330 4301 436 4363 λοις
459 4301 549 4353 καὶ
581 4300 843 4371 μαθηταῖς
866 4302 959 4355 τοῦ
988 4302 1253 4373 Σωτῆρος,
1284 4303 1419 4370 ὅπερ
1446 4299 1598 4370 δῆλόν
1617 4300 1729 4352 ἐστι
1749 4300 1855 4353 ἀπὸ

329 4390 441 4450 τοῦ.
470 4390 923 4459 Εὐαγτελιζεσθε
953 4389 1173 4459 ἡμέραν
1204 4389 1271 4467 ἐξ
1306 4389 1525 4457 ἡμέρας
1562 4388 1625 4441 τὸ
1666 4387 1854 4453 σωτή-

324 4496 453 4549 ριον
474 4479 678 4543 αὑτοῦ,
707 4480 831 4549 ἑξῆς
874 4479 1173 4551 εἰρημένου,
1204 4479 1313 4541 καὶ,
1370 4478 1763 4547 Ἀναγτείλατε
1788 4478 1855 4530 ἐν

244 4560 255 4569 1
330 4572 449 4639 τοῖς
478 4573 676 4627 ἔθνεσι
701 4571 813 4638 τὴν
831 4570 1014 4635 δόξαν
1039 4569 1239 4631 αὑτοῦ.
1271 4570 1338 4623 ἐν
1371 4568 1515 4623 πᾶσι
1545 4569 1663 4635 τοῖς
1688 4567 1855 4655 λαοῖς
1887 4592 1925 4645 υ

330 4662 399 4714 τὰ
414 4660 708 4731 θαυμάσια
730 4660 928 4714 αὐτοῦ·
947 4662 1067 4715 ἐπεὶ
1092 4662 1164 4732 μὴ
1193 4662 1257 4715 δι’
1286 4660 1500 4730 ἀλλωνῆ
1517 4660 1600 4713 διά
1632 4660 1734 4712 τῶν
1757 4657 1848 4711 τοῦ

330 4754 570 4823 Σωτῆρος
594 4751 746 4823 ἡμῶν
766 4752 1068 4804 ἀποστόλων
1084 4755 1163 4815 είς
1190 4752 1345 4823 ἔργον
1375 4750 1848 4822 προκεχωρήκασιν

332 4842 375 4893 at
399 4841 563 4908 λόγοι.
588 4840 802 4893 Δι’ὃκαὶ
830 4840 1005 4910 μόνοις
1037 4841 1256 4911 ἁρμόζει
1281 4841 1349 4893 τά
1374 4840 1694 4910 προκείμενα
1716 4855 1849 4909 προ-

330 4930 644 4998 σφωνεῖσθαι
656 4930 740 4982 διὰ
749 4930 844 5000 τὴν
856 4928 1056 4999 Καινὴν
1067 4930 1330 4999 Διαθήκην
1344 4929 1501 4981 καὶτὸ
1511 4926 1690 4980 καινὸν
1702 4924 1849 4997 ᾆσμα

326 5022 386 5074 τὸ
402 5018 761 5088 εὐαγγελικὺν,
776 5020 837 5071 τὸ
851 5020 979 5071 πᾶσι
995 5020 1102 5080 τοῖς
1116 5018 1287 5070 ἔθνεσι
1300 5019 1365 5070 δι’
1401 5018 1573 5069 αὐτῶν
1617 5034 1749 5086 κεκη
1757 5035 1848 5090 ρυ-

327 5111 536 5181 γμένον.
573 5103 727 5163 Οὗτοι
765 5110 827 5179 δὴ
855 5105 944 5161 οὖν
966 5108 1373 5178 προστάττονται
1403 5107 1543 5176 ᾅδειν
1567 5105 1642 5175 τῷ
1667 5106 1850 5177 Κυρίῳ

330 5199 473 5273 ᾆσμα
498 5199 677 5251 καινὸν
708 5200 765 5251 ὲν
792 5200 933 5269 πάσῃ
962 5200 1025 5267 τῇ
1052 5200 1142 5267 γῇ·
1176 5198 1307 5264 ὅπερ
1333 5196 1424 5248 καὶ
1452 5194 1625 5263 ἔργοις
1644 5194 1848 5261 πεπλη-

333 5290 581 5361 ρώκασιν,
612 5288 700 5339 ὅτε
721 5290 805 5352 εις
836 5287 1037 5342 πᾶσαν
1060 5285 1171 5353 τὴν
1200 5284 1313 5361 γῆν
1340 5282 1589 5351 ἐξῆλθεν
1619 5285 1651 5335 ὀ
1677 5284 1847 5350 φθόγ-

331 5396 429 5447 γος
460 5373 673 5437 αὐτῶν,
693 5375 791 5427 καί
813 5379 897 5439 εις
924 5377 992 5430 τά
1014 5375 1231 5444 πέρατα
1259 5374 1365 5443 τῆς
1382 5371 1749 5440 “οὶκουμένης
1775 5374 1846 5424 τὰ

325 5468 553 5536 ῥήματα
578 5462 787 5516 αὐτῶν.
820 5459 925 5515 Ἦν
950 5464 1005 5516 δὲ
1035 5467 1094 5519 τὸ
1122 5462 1266 5536 ᾆσμα
1296 5466 1354 5517 τὸ
1380 5463 1576 5524 καινὸν,
1597 5462 1658 5513 τὸ
1688 5463 1849 5529 σωτή-

336 5573 441 5628 ριον
466 5550 797 5619 Εὐαγγέλιον,
829 5552 888 5604 οὐ
907 5551 974 5604 τά
1005 5554 1151 5624 παρά
1174 5554 1389 5606 Μωῦσεί
1416 5549 1613 5604 παλαιὰ
1648 5549 1845 5614 νόμιμα

334 5648 593 5721 περιέχον,
619 5642 750 5696 ἀλλά
783 5644 847 5697 τά
875 5643 966 5696 τοῦ
1005 5644 1231 5715 Χριστοῦ
1266 5646 1424 5698 πᾶσιν
1455 5641 1697 5711 Ἕλλησιν
1745 5640 1842 5708 ἀρ-

400 5800 444 5837 ι⁶
487 5797 629 5854 Psal.
668 5809 823 5859 "In,
861 5789 909 5844 ς.

2000 3316 2412 3375 .EDIFICABA'I
2429 3312 2518 3369 UB
2547 3311 2717 3368 POST
2734 3308 3247 3370 CAPTIVITA'IEM.
3273 3308 3424 3375 XCV.

2031 3476 2189 3531 Vens.
2215 3476 2268 3529 2.
2309 3473 2528 3529 Cuntate
2562 3470 2779 3523 Domino
2816 3469 3075 3521 canticum
3109 3481 3313 3527 novum,
3357 3482 3483 3518 can-

1962 3580 2062 3621 tate
2096 3568 2331 3627 Domino,
2364 3564 2527 3617 omnis
2570 3570 2723 3614 terra.
2757 3559 2975 3613 Caritate
2997 3556 3236 3620 Domino,
3278 3558 3483 3610 benedi-

1958 3661 2056 3713 cite
2084 3657 2276 3711 nomini
2302 3656 2433 3723 ejus.
2463 3653 2594 3706 Cum
2629 3652 2682 3704 in
2712 3645 3025 3718 praecedenti
3066 3645 3362 3719 psalmo’de
3391 3646 3482 3699 Ju-

1958 3751 2111 3804 daico
2142 3747 2338 3817 populo
2371 3747 2569 3798 dictum
2607 3743 2814 3801 fuisset,
2836 3739 3041 3806 Semper
3078 3745 3253 3790 errant
3286 3738 3473 3794 corde.

1956 3848 2031 3901 et,
2057 3836 2203 3890 Sicut
2220 3835 2397 3903 juraui
2424 3835 2477 3885 in
2512 3833 2593 3883 ira
2625 3846 2756 3895 mea,
2781 3829 2825 3882 si
2854 3825 3135 3880 introibant
3170 3826 3223 3877 in
3254 3826 3476 3893 requiem

1958 3942 2122 3980 meam
2146 3939 2164 3976 :
2187 3925 2315 3993 quia
2354 3923 2474 3977 illos
2503 3922 2730 3990 primum
2758 3920 2822 3972 ad
2849 3934 2967 3972 eam
2997 3915 3287 3970 secundum
3312 3913 3477 3968 Deum

1956 4016 2363 4071 exsultationem
2412 4013 2697 4074 advocans,
2744 4009 3110 4077 immorigeros
3165 4006 3473 4069 invenisset,

1956 4108 2022 4161 ad
2044 4108 2371 4159 vocationem
2393 4102 2631 4172 gentium
2653 4099 2864 4154 transit.
2896 4097 2988 4153 His
3008 4088 3166 4166 porro
3203 4103 3475 4164 apostolos

1954 4202 2007 4250 et
2053 4193 2402 4263 evangelistas
2440 4190 2731 4244 Salvatoris
2766 4189 3064 4259 compellat,
3101 4195 3157 4241 ut
3186 4190 3357 4256 palam
3390 4197 3475 4241 est

1953 4299 2017 4337 ex
2050 4282 2245 4342 verbis,
2277 4280 2594 4332 Annuntiate
2626 4286 2689 4332 de
2723 4278 2806 4333 die
2830 4283 2880 4330 in
2914 4278 3047 4330 diem
3076 4277 3305 4329 salutare
3337 4276 3474 4343 ejus,

1953 4388 2071 4443 qua:
2098 4373 2349 4440 deinceps
2375 4380 2692 4440 sequuntur,
2730 4378 2784 4424 et
2813 4385 2875 4423 ex
2908 4369 3012 4431 his,
3054 4366 3368 4419 Annuntiate
3388 4366 3478 4420 irt-

1954 4474 2028 4518 ter
2050 4472 2217 4534 gentes
2238 4462 2456 4532 gloriam
2488 4462 2621 4530 ejus,
2654 4462 2707 4513 in
2727 4460 2958 4513 omnibus
2985 4457 3183 4528 populi:
3212 4457 3473 4509 mirabilia

1951 4556 2104 4623 ejus:
2136 4566 2241 4606 non
2290 4551 2511 4604 aliorum
2553 4550 2715 4613 enim,
2751 4562 2908 4617 quam
2966 4546 3253 4599 Salvatoris
3300 4546 3468 4597 nostri

1954 4643 2313 4713 apostolorum
2346 4656 2529 4709 opera,
2575 4640 2626 4691 hi
2673 4652 2943 4693 sermones
2989 4636 3051 4688 ad
3101 4650 3210 4688 rem
3258 4634 3483 4699 deducti,

1954 4740 2097 4787 sunt.
2126 4733 2300 4796 Quare
2323 4731 2391 4783 ob
2416 4727 2617 4782 Novum
2655 4726 3068 4788 Testamentum,
3114 4732 3165 4778 et
3199 4723 3269 4777 ob
3311 4738 3472 4777 evau-
3584 4802 3587 4805 Α

1952 4823 2175 4893 gelicum
2205 4834 2396 4873 novum
2436 4808 2720 4876 canticum,
2760 4816 3025 4885 perlipsos
3055 4816 3302 4867 omnibus
3350 4830 3473 4884 geu-

1957 4915 2100 4969 tibus
2128 4911 2492 4980 prazdicatum,
2527 4909 2670 4977 ipsos
2699 4909 2843 4960 solos
2879 4906 2955 4959 sic
2987 4906 3307 4973 compellare
3335 4919 3467 4956 eou-

1954 5002 2216 5057 veniebat.
2255 4998 2316 5051 Hi
2348 4998 2525 5065 itaque
2552 4998 2807 5064 jubentur
2845 5005 3063 5049 cantare
3094 4994 3313 5047 Domino
3342 5009 3464 5046 cauo

1952 5098 2116 5149 ticum
2149 5107 2341 5147 novum
2376 5088 2429 5142 in
2470 5089 2714 5141 universa
2744 5097 2883 5139 terra
2911 5105 2924 5137 :
2950 5086 3089 5154 quod
3128 5084 3282 5137 etiam
3310 5096 3471 5149 opere

1950 5184 2307 5255 perfecerunt,
2334 5178 2546 5249 quando
2592 5178 2646 5229 in
2682 5192 2879 5229 omnem
2908 5186 3095 5227 terram
3133 5173 3286 5226 exivit
3314 5188 3469 5225 sonus

1948 5292 2145 5337 eorum,
2172 5284 2219 5328 et
2242 5276 2296 5327 in
2320 5276 2445 5343 ﬁnes
2470 5271 2605 5326 orbis
2633 5280 2781 5324 terra:
2846 5268 2993 5321 verba
3026 5282 3198 5320 eorum
3221 5266 3287 5318 ".
3344 5264 3470 5317 Erat

1949 5381 2108 5437 porro
2138 5366 2405 5419 canticum
2436 5362 2563 5417 illud
2600 5375 2811 5423 novum,
2837 5359 3069 5412 salutare
3105 5355 3469 5424 Evangelium,

1950 5457 2089 5527 quod
2133 5470 2239 5509 non
2272 5462 2448 5508 vetera
2497 5453 2586 5505 illa
2639 5449 2833 5518 Moysis
2864 5445 3047 5514 legalia
3089 5443 3469 5509 complecteba-

1948 5557 2056 5610 tur,
2101 5544 2193 5599 sed
2250 5544 2449 5599 Christi
2496 5548 2754 5612 praecepta
2803 5536 3053 5590 omnibus
3106 5532 3304 5587 Graecis
3346 5545 3468 5583 con-

1946 5637 2184 5709 gruentia
2205 5653 2217 5689 :
2238 5636 2326 5691 illa
2353 5637 2546 5707 quippe
2574 5632 2801 5688 Xosaica
2827 5641 2933 5685 nea
2964 5624 3266 5699 hujusmodi
3289 5631 3464 5678 erant.
3488 5620 3491 5623 ’
