  <div class='ocr_page' id='page_1' title='image "/cluster/home/n/w/nwhite01/storage/ocr_20150623/23/coo.31924054873041/629.png"; bbox 0 0 4372 6474; ppageno 0'>
   <div class='ocr_carea' id='block_1_1' title="bbox 842 489 981 545">
    <p class='ocr_par' dir='ltr' id='par_1_1' title="bbox 842 489 981 545">
     <span class='ocr_line' id='line_1_1' title="bbox 842 489 981 545; baseline 0.022 -3"><span class='ocrx_word' id='word_1_1' title='bbox 842 489 981 545; x_wconf 65' lang='lat'><strong>{2‘23</strong></span> 
     </span>
    </p>
   </div>
   <div class='ocr_carea' id='block_1_2' title="bbox 1526 486 3370 552">
    <p class='ocr_par' dir='ltr' id='par_1_2' title="bbox 1526 486 3370 552">
     <span class='ocr_line' id='line_1_2' title="bbox 1526 486 3370 552; baseline 0.005 -9"><span class='ocrx_word' id='word_1_2' title='bbox 1526 486 1789 545; x_wconf 71' lang='lat' dir='ltr'><strong>l-ZUSEBII</strong></span> <span class='ocrx_word' id='word_1_3' title='bbox 1826 487 2303 543; x_wconf 69' lang='lat' dir='ltr'><strong>CA-JSARIENSIS</strong></span> <span class='ocrx_word' id='word_1_4' title='bbox 2340 489 2487 544; x_wconf 84' lang='lat' dir='ltr'><strong>OPP.</strong></span> <span class='ocrx_word' id='word_1_5' title='bbox 2532 491 2709 545; x_wconf 76' lang='lat' dir='ltr'><strong>PARS</strong></span> <span class='ocrx_word' id='word_1_6' title='bbox 2743 491 2825 547; x_wconf 89' lang='lat' dir='ltr'><strong>lll.</strong></span> <span class='ocrx_word' id='word_1_7' title='bbox 2867 524 2932 532; x_wconf 89' lang='lat'><strong>-—</strong></span> <span class='ocrx_word' id='word_1_8' title='bbox 2970 494 3370 552; x_wconf 75' lang='lat' dir='ltr'><strong>EXEGETICA.</strong></span> 
     </span>
    </p>
   </div>
   <div class='ocr_carea' id='block_1_3' title="bbox 3892 501 4023 555">
    <p class='ocr_par' dir='ltr' id='par_1_3' title="bbox 3892 501 4023 555">
     <span class='ocr_line' id='line_1_3' title="bbox 3892 501 4023 555; baseline 0.008 -1"><span class='ocrx_word' id='word_1_9' title='bbox 3892 501 4023 555; x_wconf 67' lang='grc'><strong>1224</strong></span> 
     </span>
    </p>
   </div>
   <div class='ocr_carea' id='block_1_4' title="bbox 841 604 2567 683">
    <p class='ocr_par' dir='ltr' id='par_1_4' title="bbox 841 604 2567 678">
     <span class='ocr_line' id='line_1_4' title="bbox 841 604 2567 678; baseline 0.003 -24"><span class='ocrx_word' id='word_1_10' title='bbox 841 604 983 672; x_wconf 90' lang='lat' dir='ltr'><strong>piam</strong></span> <span class='ocrx_word' id='word_1_11' title='bbox 1010 610 1317 657; x_wconf 81' lang='lat' dir='ltr'><strong>extraneum</strong></span> <span class='ocrx_word' id='word_1_12' title='bbox 1346 619 1409 657; x_wconf 78' lang='lat' dir='ltr'><strong>ex</strong></span> <span class='ocrx_word' id='word_1_13' title='bbox 1444 604 1769 674; x_wconf 71' lang='lat' dir='ltr'><strong>imperfectis</strong></span> <span class='ocrx_word' id='word_1_14' title='bbox 1823 604 2150 658; x_wconf 85' lang='lat' dir='ltr'><strong>animalibus</strong></span> <span class='ocrx_word' id='word_1_15' title='bbox 2202 604 2381 673; x_wconf 84' lang='lat' dir='ltr'><strong>(quid-</strong></span> <span class='ocrx_word' id='word_1_16' title='bbox 2411 614 2453 667; x_wconf 77' lang='grc' dir='ltr'>Α</span> <span class='ocrx_word' id='word_1_17' title='bbox 2485 618 2567 678; x_wconf 63' lang='grc' dir='ltr'><strong>φορ</strong></span> 
     </span>
    </p>
   </div>
   <div class='ocr_carea' id='block_1_5' title="bbox 2294 604 4020 683">
    <p class='ocr_par' dir='ltr' id='par_1_5' title="bbox 2302 605 4020 683">
     <span class='ocr_line' id='line_1_5' title="bbox 2302 605 4020 683; baseline 0.006 -27"><span class='ocrx_word' id='word_1_18' title='bbox 2302 605 2381 657; x_wconf 87' lang='lat' dir='ltr'><strong>id-</strong></span> <span class='ocrx_word' id='word_1_19' title='bbox 2411 614 2453 667; x_wconf 76' lang='grc' dir='ltr'><strong>Α</strong></span> <span class='ocrx_word' id='word_1_20' title='bbox 2485 608 2652 678; x_wconf 80' lang='grc' dir='ltr'>φοράν</span> <span class='ocrx_word' id='word_1_21' title='bbox 2689 626 2809 660; x_wconf 86' lang='grc' dir='ltr'>τινα</span> <span class='ocrx_word' id='word_1_22' title='bbox 2833 610 2939 661; x_wconf 85' lang='grc' dir='ltr'><strong>τῶν</strong></span> <span class='ocrx_word' id='word_1_23' title='bbox 2966 612 3024 661; x_wconf 87' lang='grc' dir='ltr'><strong>οὑ</strong></span> <span class='ocrx_word' id='word_1_24' title='bbox 3052 611 3267 664; x_wconf 83' lang='grc' dir='ltr'>τελείων</span> <span class='ocrx_word' id='word_1_25' title='bbox 3296 614 3422 679; x_wconf 74' lang='grc' dir='ltr'>(πᾶν</span> <span class='ocrx_word' id='word_1_26' title='bbox 3444 611 3550 682; x_wconf 73' lang='grc' dir='ltr'>γὰρ</span> <span class='ocrx_word' id='word_1_27' title='bbox 3579 612 3765 680; x_wconf 79' lang='grc' dir='ltr'>ἄλογον</span> <span class='ocrx_word' id='word_1_28' title='bbox 3792 612 3981 683; x_wconf 75' lang='grc' dir='ltr'>ἐνδεὲς)</span> <span class='ocrx_word' id='word_1_29' title='bbox 4005 654 4020 677; x_wconf 90' lang='grc'><strong>,</strong></span> 
     </span>
    </p>
   </div>
   <div class='ocr_carea' id='block_1_6' title="bbox 840 694 2382 765">
    <p class='ocr_par' dir='ltr' id='par_1_6' title="bbox 840 694 2382 765">
     <span class='ocr_line' id='line_1_6' title="bbox 840 694 2382 765; baseline 0.002 -19"><span class='ocrx_word' id='word_1_30' title='bbox 840 695 922 746; x_wconf 90' lang='lat' dir='ltr'><strong>vis</strong></span> <span class='ocrx_word' id='word_1_31' title='bbox 951 694 1091 746; x_wconf 89' lang='lat' dir='ltr'><strong>enim</strong></span> <span class='ocrx_word' id='word_1_32' title='bbox 1130 695 1440 748; x_wconf 88' lang='lat' dir='ltr'><strong>irrationale</strong></span> <span class='ocrx_word' id='word_1_33' title='bbox 1483 695 1855 764; x_wconf 82' lang='lat' dir='ltr'><strong>imperfectum</strong></span> <span class='ocrx_word' id='word_1_34' title='bbox 1883 697 1988 761; x_wconf 87' lang='lat' dir='ltr'><strong>est)</strong></span> <span class='ocrx_word' id='word_1_35' title='bbox 2011 713 2024 759; x_wconf 87' lang='lat'><strong>;</strong></span> <span class='ocrx_word' id='word_1_36' title='bbox 2050 694 2143 749; x_wconf 88' lang='lat' dir='ltr'><strong>sed</strong></span> <span class='ocrx_word' id='word_1_37' title='bbox 2175 696 2382 765; x_wconf 88' lang='lat' dir='ltr'><strong>seipsas</strong></span> 
     </span>
    </p>
   </div>
   <div class='ocr_carea' id='block_1_7' title="bbox 842 783 2383 853">
    <p class='ocr_par' dir='ltr' id='par_1_7' title="bbox 842 783 2383 853">
     <span class='ocr_line' id='line_1_7' title="bbox 842 783 2383 853; baseline 0.001 -17"><span class='ocrx_word' id='word_1_38' title='bbox 842 784 1141 844; x_wconf 80' lang='lat' dir='ltr'><strong>immolare,</strong></span> <span class='ocrx_word' id='word_1_39' title='bbox 1175 792 1335 851; x_wconf 88' lang='lat' dir='ltr'><strong>atque</strong></span> <span class='ocrx_word' id='word_1_40' title='bbox 1368 785 1466 846; x_wconf 85' lang='lat' dir='ltr'><strong>illi,</strong></span> <span class='ocrx_word' id='word_1_41' title='bbox 1497 793 1678 853; x_wconf 87' lang='lat' dir='ltr'><strong>utpote</strong></span> <span class='ocrx_word' id='word_1_42' title='bbox 1713 783 1841 847; x_wconf 92' lang='lat' dir='ltr'><strong>Deo,</strong></span> <span class='ocrx_word' id='word_1_43' title='bbox 1874 785 2100 853; x_wconf 79' lang='lat' dir='ltr'><strong>gloriam</strong></span> <span class='ocrx_word' id='word_1_44' title='bbox 2127 791 2183 838; x_wconf 94' lang='lat' dir='ltr'><strong>et</strong></span> <span class='ocrx_word' id='word_1_45' title='bbox 2214 786 2383 837; x_wconf 88' lang='lat' dir='ltr'><strong>hono-</strong></span> 
     </span>
    </p>
   </div>
   <div class='ocr_carea' id='block_1_8' title="bbox 838 870 2383 942">
    <p class='ocr_par' dir='ltr' id='par_1_8' title="bbox 838 870 2383 942">
     <span class='ocr_line' id='line_1_8' title="bbox 838 870 2383 942; baseline 0.002 -18"><span class='ocrx_word' id='word_1_46' title='bbox 838 870 946 925; x_wconf 86' lang='lat' dir='ltr'><strong>rem</strong></span> <span class='ocrx_word' id='word_1_47' title='bbox 977 872 1164 926; x_wconf 83' lang='lat' dir='ltr'><strong>all&#39;erre</strong></span> <span class='ocrx_word' id='word_1_48' title='bbox 1189 873 1465 937; x_wconf 87' lang='lat' dir='ltr'><strong>jubentur.</strong></span> <span class='ocrx_word' id='word_1_49' title='bbox 1497 873 1633 939; x_wconf 86' lang='lat' dir='ltr'><strong>Quia</strong></span> <span class='ocrx_word' id='word_1_50' title='bbox 1660 890 1786 928; x_wconf 80' lang='lat' dir='ltr'><strong>vero</strong></span> <span class='ocrx_word' id='word_1_51' title='bbox 1828 890 1934 927; x_wconf 84' lang='lat' dir='ltr'><strong>non</strong></span> <span class='ocrx_word' id='word_1_52' title='bbox 1967 874 2223 942; x_wconf 81' lang='lat' dir='ltr'><strong>operibus</strong></span> <span class='ocrx_word' id='word_1_53' title='bbox 2261 882 2383 927; x_wconf 80' lang='lat' dir='ltr'><strong>tan-</strong></span> 
     </span>
    </p>
   </div>
   <div class='ocr_carea' id='block_1_9' title="bbox 838 965 2378 1037">
    <p class='ocr_par' dir='ltr' id='par_1_9' title="bbox 838 965 2378 1037">
     <span class='ocr_line' id='line_1_9' title="bbox 838 965 2378 1037; baseline 0.006 -25"><span class='ocrx_word' id='word_1_54' title='bbox 838 972 970 1023; x_wconf 88' lang='lat' dir='ltr'><strong>tmn,</strong></span> <span class='ocrx_word' id='word_1_55' title='bbox 1004 965 1084 1018; x_wconf 83' lang='lat' dir='ltr'><strong>vel</strong></span> <span class='ocrx_word' id='word_1_56' title='bbox 1134 980 1266 1018; x_wconf 88' lang='lat' dir='ltr'><strong>sana</strong></span> <span class='ocrx_word' id='word_1_57' title='bbox 1297 966 1539 1021; x_wconf 74' lang='lat' dir='ltr'><strong>doctrinm</strong></span> <span class='ocrx_word' id='word_1_58' title='bbox 1578 969 1751 1037; x_wconf 87' lang='lat' dir='ltr'><strong>ipsum</strong></span> <span class='ocrx_word' id='word_1_59' title='bbox 1786 978 1842 1021; x_wconf 82' lang='lat' dir='ltr'><strong>ut</strong></span> <span class='ocrx_word' id='word_1_60' title='bbox 1885 968 2048 1022; x_wconf 86' lang='lat' dir='ltr'><strong>Deum</strong></span> <span class='ocrx_word' id='word_1_61' title='bbox 2084 969 2378 1031; x_wconf 89' lang='lat' dir='ltr'><strong>celebrare,</strong></span> 
     </span>
    </p>
   </div>
   <div class='ocr_carea' id='block_1_10' title="bbox 834 1056 2381 1127">
    <p class='ocr_par' dir='ltr' id='par_1_10' title="bbox 834 1056 2381 1127">
     <span class='ocr_line' id='line_1_10' title="bbox 834 1056 2381 1127; baseline 0.002 -20"><span class='ocrx_word' id='word_1_62' title='bbox 834 1056 924 1107; x_wconf 72' lang='lat' dir='ltr'><strong>sed</strong></span> <span class='ocrx_word' id='word_1_63' title='bbox 948 1057 1105 1108; x_wconf 86' lang='lat' dir='ltr'><strong>etiam</strong></span> <span class='ocrx_word' id='word_1_64' title='bbox 1130 1057 1389 1109; x_wconf 76' lang='lat' dir='ltr'><strong>sacriﬁcia</strong></span> <span class='ocrx_word' id='word_1_65' title='bbox 1408 1059 1454 1111; x_wconf 86' lang='lat' dir='ltr'><strong>ei</strong></span> <span class='ocrx_word' id='word_1_66' title='bbox 1474 1058 1777 1127; x_wconf 83' lang='lat' dir='ltr'><strong>oll‘erre-par</strong></span> <span class='ocrx_word' id='word_1_67' title='bbox 1797 1067 1879 1111; x_wconf 90' lang='lat' dir='ltr'><strong>est</strong></span> <span class='ocrx_word' id='word_1_68' title='bbox 1904 1076 1917 1125; x_wconf 87' lang='lat'><strong>;</strong></span> <span class='ocrx_word' id='word_1_69' title='bbox 1942 1058 2060 1111; x_wconf 86' lang='lat' dir='ltr'><strong>ideo</strong></span> <span class='ocrx_word' id='word_1_70' title='bbox 2082 1057 2271 1124; x_wconf 87' lang='lat' dir='ltr'><strong>adjicit</strong></span> <span class='ocrx_word' id='word_1_71' title='bbox 2293 1077 2381 1110; x_wconf 88' lang='lat'><strong>:—</strong></span> 
     </span>
    </p>
   </div>
   <div class='ocr_carea' id='block_1_11' title="bbox 836 1142 2371 1219">
    <p class='ocr_par' dir='ltr' id='par_1_11' title="bbox 836 1142 2371 1219">
     <span class='ocr_line' id='line_1_11' title="bbox 836 1142 2371 1219; baseline 0.004 -23"><span class='ocrx_word' id='word_1_72' title='bbox 836 1142 996 1199; x_wconf 66' lang='lat' dir='ltr'><strong>Vsns.</strong></span> <span class='ocrx_word' id='word_1_73' title='bbox 1018 1147 1071 1203; x_wconf 87' lang='lat'><strong>9.</strong></span> <span class='ocrx_word' id='word_1_74' title='bbox 1104 1147 1187 1199; x_wconf 61' lang='lat'><strong>10.</strong></span> <span class='ocrx_word' id='word_1_75' title='bbox 1224 1147 1410 1200; x_wconf 86' lang='lat' dir='ltr'><strong>Tollite</strong></span> <span class='ocrx_word' id='word_1_76' title='bbox 1428 1152 1648 1211; x_wconf 82' lang='lat' dir='ltr'><strong>hostias,</strong></span> <span class='ocrx_word' id='word_1_77' title='bbox 1678 1160 1726 1202; x_wconf 89' lang='lat' dir='ltr'><strong>et</strong></span> <span class='ocrx_word' id='word_1_78' title='bbox 1750 1151 1958 1202; x_wconf 80' lang='lat' dir='ltr'><strong>introitu</strong></span> <span class='ocrx_word' id='word_1_79' title='bbox 1981 1150 2035 1201; x_wconf 84' lang='lat' dir='ltr'><strong>in</strong></span> <span class='ocrx_word' id='word_1_80' title='bbox 2070 1151 2208 1203; x_wconf 86' lang='lat' dir='ltr'><strong>atria</strong></span> <span class='ocrx_word' id='word_1_81' title='bbox 2239 1150 2371 1219; x_wconf 84' lang='lat' dir='ltr'><strong>ejus,</strong></span> 
     </span>
    </p>
   </div>
   <div class='ocr_carea' id='block_1_12' title="bbox 833 1237 2378 1307">
    <p class='ocr_par' dir='ltr' id='par_1_12' title="bbox 833 1237 2378 1307">
     <span class='ocr_line' id='line_1_12' title="bbox 833 1237 2378 1307; baseline 0.005 -22"><span class='ocrx_word' id='word_1_82' title='bbox 833 1238 1047 1289; x_wconf 79' lang='lat' dir='ltr'><strong>adorate</strong></span> <span class='ocrx_word' id='word_1_83' title='bbox 1094 1237 1366 1291; x_wconf 85' lang='lat' dir='ltr'><strong>Dominum</strong></span> <span class='ocrx_word' id='word_1_84' title='bbox 1408 1242 1459 1292; x_wconf 79' lang='lat' dir='ltr'><strong>in</strong></span> <span class='ocrx_word' id='word_1_85' title='bbox 1501 1243 1638 1293; x_wconf 83' lang='lat' dir='ltr'><strong>atrio</strong></span> <span class='ocrx_word' id='word_1_86' title='bbox 1674 1251 1852 1292; x_wconf 84' lang='lat' dir='ltr'><strong>sancto</strong></span> <span class='ocrx_word' id='word_1_87' title='bbox 1881 1242 2011 1307; x_wconf 83' lang='lat' dir='ltr'><strong>ejus.</strong></span> <span class='ocrx_word' id='word_1_88' title='bbox 2046 1241 2378 1294; x_wconf 79' lang='lat' dir='ltr'><strong>Commovea—</strong></span> 
     </span>
    </p>
   </div>
   <div class='ocr_carea' id='block_1_13' title="bbox 774 1324 2374 1404">
    <p class='ocr_par' dir='ltr' id='par_1_13' title="bbox 774 1324 2374 1404">
     <span class='ocr_line' id='line_1_13' title="bbox 774 1324 2374 1404; baseline 0.003 -23"><span class='ocrx_word' id='word_1_89' title='bbox 774 1324 781 1331; x_wconf 74' lang='grc'><em>’</em></span> <span class='ocrx_word' id='word_1_90' title='bbox 833 1340 920 1381; x_wconf 87' lang='lat' dir='ltr'><strong>tur</strong></span> <span class='ocrx_word' id='word_1_91' title='bbox 958 1348 987 1382; x_wconf 91' lang='lat' dir='ltr'><strong>a</strong></span> <span class='ocrx_word' id='word_1_92' title='bbox 1022 1343 1156 1397; x_wconf 66' lang='lat' dir='ltr'><strong>picae</strong></span> <span class='ocrx_word' id='word_1_93' title='bbox 1196 1332 1308 1399; x_wconf 87' lang='lat' dir='ltr'><strong>ejus</strong></span> <span class='ocrx_word' id='word_1_94' title='bbox 1354 1333 1595 1386; x_wconf 83' lang='lat' dir='ltr'><strong>universa</strong></span> <span class='ocrx_word' id='word_1_95' title='bbox 1628 1347 1807 1386; x_wconf 86' lang='lat' dir='ltr'><strong>terra:</strong></span> <span class='ocrx_word' id='word_1_96' title='bbox 1839 1334 1993 1387; x_wconf 87' lang='lat' dir='ltr'><strong>dicite</strong></span> <span class='ocrx_word' id='word_1_97' title='bbox 2022 1336 2076 1387; x_wconf 85' lang='lat' dir='ltr'><strong>in</strong></span> <span class='ocrx_word' id='word_1_98' title='bbox 2118 1335 2374 1404; x_wconf 76' lang='lat' dir='ltr'><strong>gentibus,</strong></span> 
     </span>
    </p>
   </div>
   <div class='ocr_carea' id='block_1_14' title="bbox 830 1420 2375 1498">
    <p class='ocr_par' dir='ltr' id='par_1_14' title="bbox 830 1420 2375 1498">
     <span class='ocr_line' id='line_1_14' title="bbox 830 1420 2375 1498; baseline 0.002 -26"><span class='ocrx_word' id='word_1_99' title='bbox 830 1420 1087 1474; x_wconf 81' lang='lat' dir='ltr'><strong>Dominus</strong></span> <span class='ocrx_word' id='word_1_100' title='bbox 1118 1423 1371 1490; x_wconf 85' lang='lat' dir='ltr'><strong>regnavit,</strong></span> <span class='ocrx_word' id='word_1_101' title='bbox 1415 1432 1466 1477; x_wconf 90' lang='lat' dir='ltr'><strong>et</strong></span> <span class='ocrx_word' id='word_1_102' title='bbox 1509 1430 1720 1477; x_wconf 61' lang='lat' dir='ltr'><strong>caetera.</strong></span> <span class='ocrx_word' id='word_1_103' title='bbox 1765 1422 1979 1477; x_wconf 90' lang='lat' dir='ltr'><strong>llostias</strong></span> <span class='ocrx_word' id='word_1_104' title='bbox 2018 1424 2105 1498; x_wconf 68' lang='lat' dir='ltr'><strong>hic</strong></span> <span class='ocrx_word' id='word_1_105' title='bbox 2131 1425 2261 1477; x_wconf 84' lang='lat' dir='ltr'><strong>dicit</strong></span> <span class='ocrx_word' id='word_1_106' title='bbox 2288 1439 2375 1475; x_wconf 90' lang='lat' dir='ltr'><strong>ra-</strong></span> 
     </span>
    </p>
   </div>
   <div class='ocr_carea' id='block_1_15' title="bbox 830 1508 2373 1580">
    <p class='ocr_par' dir='ltr' id='par_1_15' title="bbox 830 1508 2373 1580">
     <span class='ocr_line' id='line_1_15' title="bbox 830 1508 2373 1580; baseline 0.005 -21"><span class='ocrx_word' id='word_1_107' title='bbox 830 1508 1112 1562; x_wconf 84' lang='lat' dir='ltr'><strong>tionabiles</strong></span> <span class='ocrx_word' id='word_1_108' title='bbox 1136 1511 1254 1564; x_wconf 90' lang='lat' dir='ltr'><strong>illas</strong></span> <span class='ocrx_word' id='word_1_109' title='bbox 1277 1520 1329 1563; x_wconf 91' lang='lat' dir='ltr'><strong>et</strong></span> <span class='ocrx_word' id='word_1_110' title='bbox 1357 1510 1682 1579; x_wconf 84' lang='lat' dir='ltr'><strong>spirituales,</strong></span> <span class='ocrx_word' id='word_1_111' title='bbox 1718 1527 1854 1580; x_wconf 90' lang='lat' dir='ltr'><strong>quas</strong></span> <span class='ocrx_word' id='word_1_112' title='bbox 1888 1513 2104 1565; x_wconf 84' lang='lat' dir='ltr'><strong>assidue</strong></span> <span class='ocrx_word' id='word_1_113' title='bbox 2130 1511 2373 1566; x_wconf 84' lang='lat' dir='ltr'><strong>videmus</strong></span> 
     </span>
    </p>
   </div>
   <div class='ocr_carea' id='block_1_16' title="bbox 830 1601 2374 1672">
    <p class='ocr_par' dir='ltr' id='par_1_16' title="bbox 830 1601 2374 1672">
     <span class='ocr_line' id='line_1_16' title="bbox 830 1601 2374 1672; baseline 0.003 -20"><span class='ocrx_word' id='word_1_114' title='bbox 830 1616 927 1668; x_wconf 89' lang='lat' dir='ltr'><strong>pro</strong></span> <span class='ocrx_word' id='word_1_115' title='bbox 960 1601 1063 1669; x_wconf 82' lang='lat' dir='ltr'><strong>piis</strong></span> <span class='ocrx_word' id='word_1_116' title='bbox 1091 1603 1271 1655; x_wconf 78' lang='lat' dir='ltr'><strong>olTerri</strong></span> <span class='ocrx_word' id='word_1_117' title='bbox 1303 1610 1355 1656; x_wconf 85' lang='lat' dir='ltr'><strong>et</strong></span> <span class='ocrx_word' id='word_1_118' title='bbox 1382 1618 1411 1654; x_wconf 91' lang='lat' dir='ltr'><strong>a</strong></span> <span class='ocrx_word' id='word_1_119' title='bbox 1442 1603 1813 1657; x_wconf 89' lang='lat' dir='ltr'><strong>sacerdotibus</strong></span> <span class='ocrx_word' id='word_1_120' title='bbox 1859 1601 2146 1669; x_wconf 88' lang='lat' dir='ltr'><strong>immolari,</strong></span> <span class='ocrx_word' id='word_1_121' title='bbox 2189 1605 2374 1672; x_wconf 84' lang='lat' dir='ltr'><strong>cujus-</strong></span> 
     </span>
    </p>
   </div>
   <div class='ocr_carea' id='block_1_17' title="bbox 830 1691 2370 1758">
    <p class='ocr_par' dir='ltr' id='par_1_17' title="bbox 830 1691 2370 1758">
     <span class='ocr_line' id='line_1_17' title="bbox 830 1691 2370 1758; baseline 0.003 -17"><span class='ocrx_word' id='word_1_122' title='bbox 830 1691 971 1742; x_wconf 81' lang='lat' dir='ltr'><strong>tnodi</strong></span> <span class='ocrx_word' id='word_1_123' title='bbox 1028 1701 1156 1745; x_wconf 88' lang='lat' dir='ltr'><strong>sunt</strong></span> <span class='ocrx_word' id='word_1_124' title='bbox 1195 1692 1420 1746; x_wconf 76' lang='lat' dir='ltr'><strong>virtutes</strong></span> <span class='ocrx_word' id='word_1_125' title='bbox 1453 1710 1465 1745; x_wconf 89' lang='lat'>:</span> <span class='ocrx_word' id='word_1_126' title='bbox 1506 1694 1639 1745; x_wconf 87' lang='lat' dir='ltr'><strong>atria</strong></span> <span class='ocrx_word' id='word_1_127' title='bbox 1676 1700 1851 1745; x_wconf 90' lang='lat' dir='ltr'><strong>autem</strong></span> <span class='ocrx_word' id='word_1_128' title='bbox 1896 1700 2048 1745; x_wconf 86' lang='lat' dir='ltr'><strong>vocat</strong></span> <span class='ocrx_word' id='word_1_129' title='bbox 2090 1693 2370 1758; x_wconf 83' lang='lat' dir='ltr'><strong>ecclesias,</strong></span> 
     </span>
    </p>
   </div>
   <div class='ocr_carea' id='block_1_18' title="bbox 815 1764 2374 1854">
    <p class='ocr_par' dir='ltr' id='par_1_18' title="bbox 815 1764 2374 1854">
     <span class='ocr_line' id='line_1_18' title="bbox 815 1764 2374 1854; baseline 0.003 -22"><span class='ocrx_word' id='word_1_130' title='bbox 815 1780 917 1832; x_wconf 57' lang='lat' dir='ltr'><strong>‘uhi</strong></span> <span class='ocrx_word' id='word_1_131' title='bbox 937 1778 1066 1835; x_wconf 83' lang='lat' dir='ltr'><strong>Novi</strong></span> <span class='ocrx_word' id='word_1_132' title='bbox 1086 1780 1414 1836; x_wconf 85' lang='lat' dir='ltr'><strong>Testamenti</strong></span> <span class='ocrx_word' id='word_1_133' title='bbox 1439 1764 1625 1838; x_wconf 71' lang='lat' dir='ltr'><strong>hostia:</strong></span> <span class='ocrx_word' id='word_1_134' title='bbox 1642 1782 1966 1849; x_wconf 75' lang='lat' dir='ltr'><strong>olferuntur;</strong></span> <span class='ocrx_word' id='word_1_135' title='bbox 1992 1785 2237 1839; x_wconf 82' lang='lat' dir='ltr'><strong>videlicet</strong></span> <span class='ocrx_word' id='word_1_136' title='bbox 2264 1785 2374 1854; x_wconf 86' lang='lat' dir='ltr'><strong>spi-</strong></span> 
     </span>
    </p>
   </div>
   <div class='ocr_carea' id='block_1_19' title="bbox 824 1854 2370 1942">
    <p class='ocr_par' dir='ltr' id='par_1_19' title="bbox 824 1854 2370 1942">
     <span class='ocr_line' id='line_1_19' title="bbox 824 1854 2370 1942; baseline 0.003 -19"><span class='ocrx_word' id='word_1_137' title='bbox 824 1854 1034 1926; x_wconf 57' lang='lat' dir='ltr'><strong>t&#39;itualis</strong></span> <span class='ocrx_word' id='word_1_138' title='bbox 1066 1873 1267 1937; x_wconf 91' lang='lat' dir='ltr'><strong>cultus,</strong></span> <span class='ocrx_word' id='word_1_139' title='bbox 1302 1874 1565 1927; x_wconf 85' lang='lat' dir='ltr'><strong>bonorum</strong></span> <span class='ocrx_word' id='word_1_140' title='bbox 1610 1888 1832 1942; x_wconf 89' lang='lat' dir='ltr'><strong>operum</strong></span> <span class='ocrx_word' id='word_1_141' title='bbox 1881 1873 2111 1941; x_wconf 81' lang='lat' dir='ltr'><strong>fructus,</strong></span> <span class='ocrx_word' id='word_1_142' title='bbox 2140 1875 2370 1929; x_wconf 84' lang='lat' dir='ltr'><strong>oblatio-</strong></span> 
     </span>
    </p>
   </div>
   <div class='ocr_carea' id='block_1_20' title="bbox 824 1964 2369 2032">
    <p class='ocr_par' dir='ltr' id='par_1_20' title="bbox 824 1964 2369 2032">
     <span class='ocr_line' id='line_1_20' title="bbox 824 1964 2369 2032; baseline 0.003 -18"><span class='ocrx_word' id='word_1_143' title='bbox 824 1978 922 2015; x_wconf 86' lang='lat' dir='ltr'><strong>nes</strong></span> <span class='ocrx_word' id='word_1_144' title='bbox 972 1964 1270 2032; x_wconf 80' lang='lat' dir='ltr'><strong>gratiarum</strong></span> <span class='ocrx_word' id='word_1_145' title='bbox 1310 1965 1560 2018; x_wconf 84' lang='lat' dir='ltr'><strong>actionis.</strong></span> <span class='ocrx_word' id='word_1_146' title='bbox 1609 1964 1675 2017; x_wconf 89' lang='lat' dir='ltr'><strong>Et</strong></span> <span class='ocrx_word' id='word_1_147' title='bbox 1703 1964 1834 2017; x_wconf 87' lang='lat' dir='ltr'><strong>alias</strong></span> <span class='ocrx_word' id='word_1_148' title='bbox 1868 1979 1973 2017; x_wconf 90' lang='lat' dir='ltr'><strong>non</strong></span> <span class='ocrx_word' id='word_1_149' title='bbox 2020 1965 2132 2018; x_wconf 68' lang='lat' dir='ltr'><strong>hmc</strong></span> <span class='ocrx_word' id='word_1_150' title='bbox 2169 1965 2369 2019; x_wconf 66' lang='lat' dir='ltr'><strong>Judaais</strong></span> 
     </span>
    </p>
   </div>
   <div class='ocr_carea' id='block_1_21' title="bbox 821 2056 2367 2125">
    <p class='ocr_par' dir='ltr' id='par_1_21' title="bbox 821 2056 2367 2125">
     <span class='ocr_line' id='line_1_21' title="bbox 821 2056 2367 2125; baseline 0.004 -19"><span class='ocrx_word' id='word_1_151' title='bbox 821 2056 1094 2124; x_wconf 79' lang='lat' dir='ltr'><strong>praecepit,</strong></span> <span class='ocrx_word' id='word_1_152' title='bbox 1123 2072 1189 2110; x_wconf 90' lang='lat' dir='ltr'><strong>ne</strong></span> <span class='ocrx_word' id='word_1_153' title='bbox 1212 2059 1330 2125; x_wconf 89' lang='lat' dir='ltr'><strong>quis</strong></span> <span class='ocrx_word' id='word_1_154' title='bbox 1361 2056 1665 2124; x_wconf 77' lang='lat' dir='ltr'><strong>suspicetur</strong></span> <span class='ocrx_word' id='word_1_155' title='bbox 1693 2056 1778 2108; x_wconf 89' lang='lat' dir='ltr'><strong>hic</strong></span> <span class='ocrx_word' id='word_1_156' title='bbox 1799 2057 1864 2108; x_wconf 90' lang='lat' dir='ltr'><strong>de</strong></span> <span class='ocrx_word' id='word_1_157' title='bbox 1893 2056 2148 2125; x_wconf 82' lang='lat' dir='ltr'><strong>legalibus</strong></span> <span class='ocrx_word' id='word_1_158' title='bbox 2177 2057 2367 2112; x_wconf 81' lang='lat' dir='ltr'><strong>hostiis</strong></span> 
     </span>
    </p>
   </div>
   <div class='ocr_carea' id='block_1_22' title="bbox 820 2148 2367 2219">
    <p class='ocr_par' dir='ltr' id='par_1_22' title="bbox 820 2148 2367 2219">
     <span class='ocr_line' id='line_1_22' title="bbox 820 2148 2367 2219; baseline 0.001 -18"><span class='ocrx_word' id='word_1_159' title='bbox 820 2160 1123 2204; x_wconf 85' lang='lat' dir='ltr'><strong>sermonem</strong></span> <span class='ocrx_word' id='word_1_160' title='bbox 1150 2149 1332 2203; x_wconf 84' lang='lat' dir='ltr'><strong>haberi</strong></span> <span class='ocrx_word' id='word_1_161' title='bbox 1358 2169 1372 2211; x_wconf 81' lang='grc'>;</span> <span class='ocrx_word' id='word_1_162' title='bbox 1407 2149 1500 2203; x_wconf 87' lang='lat' dir='ltr'><strong>sed</strong></span> <span class='ocrx_word' id='word_1_163' title='bbox 1528 2148 1745 2204; x_wconf 74' lang='lat' dir='ltr'><strong>familiis</strong></span> <span class='ocrx_word' id='word_1_164' title='bbox 1775 2150 2038 2219; x_wconf 80' lang='lat' dir='ltr'><strong>gentium,</strong></span> <span class='ocrx_word' id='word_1_165' title='bbox 2072 2150 2137 2215; x_wconf 85' lang='lat' dir='ltr'><strong>de</strong></span> <span class='ocrx_word' id='word_1_166' title='bbox 2168 2149 2367 2217; x_wconf 89' lang='lat' dir='ltr'><strong>quibus</strong></span> 
     </span>
    </p>
   </div>
   <div class='ocr_carea' id='block_1_23' title="bbox 819 2237 2362 2307">
    <p class='ocr_par' dir='ltr' id='par_1_23' title="bbox 819 2237 2362 2307">
     <span class='ocr_line' id='line_1_23' title="bbox 819 2237 2362 2307; baseline -0.003 -16"><span class='ocrx_word' id='word_1_167' title='bbox 819 2253 915 2307; x_wconf 88' lang='lat' dir='ltr'><strong>per</strong></span> <span class='ocrx_word' id='word_1_168' title='bbox 944 2239 1107 2290; x_wconf 90' lang='lat' dir='ltr'><strong>alium</strong></span> <span class='ocrx_word' id='word_1_169' title='bbox 1144 2238 1459 2307; x_wconf 87' lang='lat' dir='ltr'><strong>prophetam</strong></span> <span class='ocrx_word' id='word_1_170' title='bbox 1496 2237 1636 2293; x_wconf 90' lang='lat' dir='ltr'><strong>Dens</strong></span> <span class='ocrx_word' id='word_1_171' title='bbox 1674 2238 1887 2293; x_wconf 59' lang='lat' dir='ltr'><strong>Juilaeos</strong></span> <span class='ocrx_word' id='word_1_172' title='bbox 1934 2240 2213 2307; x_wconf 87' lang='lat' dir='ltr'><strong>alloquens</strong></span> <span class='ocrx_word' id='word_1_173' title='bbox 2243 2239 2315 2289; x_wconf 87' lang='lat' dir='ltr'><strong>ait</strong></span> <span class='ocrx_word' id='word_1_174' title='bbox 2350 2252 2362 2286; x_wconf 91' lang='lat'>:</span> 
     </span>
    </p>
   </div>
   <div class='ocr_carea' id='block_1_24' title="bbox 820 2326 2368 2396">
    <p class='ocr_par' dir='ltr' id='par_1_24' title="bbox 820 2326 2368 2396">
     <span class='ocr_line' id='line_1_24' title="bbox 820 2326 2368 2396; baseline -0.001 -15"><span class='ocrx_word' id='word_1_175' title='bbox 820 2326 943 2382; x_wconf 84' lang='lat' dir='ltr'><strong>Non</strong></span> <span class='ocrx_word' id='word_1_176' title='bbox 971 2339 1048 2381; x_wconf 87' lang='lat' dir='ltr'><strong>est</strong></span> <span class='ocrx_word' id='word_1_177' title='bbox 1091 2331 1331 2382; x_wconf 74' lang='lat' dir='ltr'><strong>voluntas</strong></span> <span class='ocrx_word' id='word_1_178' title='bbox 1376 2344 1489 2380; x_wconf 86' lang='lat' dir='ltr'><strong>mea</strong></span> <span class='ocrx_word' id='word_1_179' title='bbox 1512 2330 1564 2381; x_wconf 86' lang='lat' dir='ltr'><strong>in</strong></span> <span class='ocrx_word' id='word_1_180' title='bbox 1608 2329 1771 2391; x_wconf 86' lang='lat' dir='ltr'><strong>vobis,</strong></span> <span class='ocrx_word' id='word_1_181' title='bbox 1814 2341 1861 2382; x_wconf 92' lang='lat' dir='ltr'><strong>et</strong></span> <span class='ocrx_word' id='word_1_182' title='bbox 1900 2328 2217 2396; x_wconf 75' lang='lat' dir='ltr'><strong>sacriﬁcium</strong></span> <span class='ocrx_word' id='word_1_183' title='bbox 2265 2343 2368 2379; x_wconf 87' lang='lat' dir='ltr'><strong>non</strong></span> 
     </span>
    </p>
   </div>
   <div class='ocr_carea' id='block_1_25' title="bbox 818 2419 2367 2490">
    <p class='ocr_par' dir='ltr' id='par_1_25' title="bbox 818 2419 2367 2490">
     <span class='ocr_line' id='line_1_25' title="bbox 818 2419 2367 2490; baseline -0.001 -17"><span class='ocrx_word' id='word_1_184' title='bbox 818 2423 1073 2487; x_wconf 84' lang='lat' dir='ltr'><strong>accipiam</strong></span> <span class='ocrx_word' id='word_1_185' title='bbox 1118 2419 1179 2473; x_wconf 86' lang='lat' dir='ltr'><strong>de</strong></span> <span class='ocrx_word' id='word_1_186' title='bbox 1230 2419 1469 2473; x_wconf 83' lang='lat' dir='ltr'><strong>manibus</strong></span> <span class='ocrx_word' id='word_1_187' title='bbox 1504 2423 1688 2473; x_wconf 86' lang='lat' dir='ltr'><strong>vestris</strong></span> <span class='ocrx_word' id='word_1_188' title='bbox 1715 2436 1731 2472; x_wconf 92' lang='lat'><em>:</em></span> <span class='ocrx_word' id='word_1_189' title='bbox 1760 2422 1884 2490; x_wconf 87' lang='lat' dir='ltr'><strong>quia</strong></span> <span class='ocrx_word' id='word_1_190' title='bbox 1918 2421 1980 2472; x_wconf 87' lang='lat' dir='ltr'><strong>ab</strong></span> <span class='ocrx_word' id='word_1_191' title='bbox 2033 2421 2226 2473; x_wconf 88' lang='lat' dir='ltr'><strong>oriente</strong></span> <span class='ocrx_word' id='word_1_192' title='bbox 2260 2420 2367 2471; x_wconf 86' lang='lat' dir='ltr'><strong>sole</strong></span> 
     </span>
    </p>
   </div>
   <div class='ocr_carea' id='block_1_26' title="bbox 817 2510 2365 2579">
    <p class='ocr_par' dir='ltr' id='par_1_26' title="bbox 817 2510 2365 2579">
     <span class='ocr_line' id='line_1_26' title="bbox 817 2510 2365 2579; baseline -0.002 -15"><span class='ocrx_word' id='word_1_193' title='bbox 817 2528 976 2579; x_wconf 77' lang='lat' dir='ltr'><strong>usque</strong></span> <span class='ocrx_word' id='word_1_194' title='bbox 1009 2510 1075 2563; x_wconf 84' lang='lat' dir='ltr'><strong>ad</strong></span> <span class='ocrx_word' id='word_1_195' title='bbox 1110 2510 1425 2563; x_wconf 81' lang='lat' dir='ltr'><strong>occidentem</strong></span> <span class='ocrx_word' id='word_1_196' title='bbox 1461 2527 1704 2579; x_wconf 85' lang='lat' dir='ltr'><strong>magnum</strong></span> <span class='ocrx_word' id='word_1_197' title='bbox 1748 2522 1825 2563; x_wconf 89' lang='lat' dir='ltr'><strong>est</strong></span> <span class='ocrx_word' id='word_1_198' title='bbox 1874 2526 2058 2563; x_wconf 84' lang='lat' dir='ltr'><strong>nomen</strong></span> <span class='ocrx_word' id='word_1_199' title='bbox 2110 2526 2279 2563; x_wconf 88' lang='lat' dir='ltr'><strong>meum</strong></span> <span class='ocrx_word' id='word_1_200' title='bbox 2313 2511 2365 2562; x_wconf 88' lang='lat' dir='ltr'><strong>in</strong></span> 
     </span>
    </p>
   </div>
   <div class='ocr_carea' id='block_1_27' title="bbox 816 2600 2368 2670">
    <p class='ocr_par' dir='ltr' id='par_1_27' title="bbox 816 2600 2368 2670">
     <span class='ocr_line' id='line_1_27' title="bbox 816 2600 2368 2670; baseline -0.001 -16"><span class='ocrx_word' id='word_1_201' title='bbox 816 2604 1087 2670; x_wconf 82' lang='lat' dir='ltr'><strong>gentibus:</strong></span> <span class='ocrx_word' id='word_1_202' title='bbox 1116 2614 1164 2654; x_wconf 87' lang='lat' dir='ltr'><strong>et</strong></span> <span class='ocrx_word' id='word_1_203' title='bbox 1202 2603 1254 2654; x_wconf 86' lang='lat' dir='ltr'><strong>in</strong></span> <span class='ocrx_word' id='word_1_204' title='bbox 1306 2604 1446 2655; x_wconf 86' lang='lat' dir='ltr'><strong>omni</strong></span> <span class='ocrx_word' id='word_1_205' title='bbox 1487 2604 1598 2655; x_wconf 87' lang='lat' dir='ltr'><strong>loco</strong></span> <span class='ocrx_word' id='word_1_206' title='bbox 1636 2603 1901 2656; x_wconf 83' lang='lat' dir='ltr'><strong>incensum</strong></span> <span class='ocrx_word' id='word_1_207' title='bbox 1928 2603 2144 2670; x_wconf 71' lang='lat' dir='ltr'><strong>offertur</strong></span> <span class='ocrx_word' id='word_1_208' title='bbox 2172 2600 2368 2654; x_wconf 80' lang='lat' dir='ltr'><strong>nomini</strong></span> 
     </span>
    </p>
   </div>
   <div class='ocr_carea' id='block_1_28' title="bbox 816 2682 2365 2765">
    <p class='ocr_par' dir='ltr' id='par_1_28' title="bbox 816 2682 2365 2765">
     <span class='ocr_line' id='line_1_28' title="bbox 816 2682 2365 2765; baseline 0 -20"><span class='ocrx_word' id='word_1_209' title='bbox 816 2710 927 2745; x_wconf 86' lang='lat' dir='ltr'><strong>meo</strong></span> <span class='ocrx_word' id='word_1_210' title='bbox 969 2704 1017 2748; x_wconf 86' lang='lat' dir='ltr'><strong>et</strong></span> <span class='ocrx_word' id='word_1_211' title='bbox 1047 2694 1243 2747; x_wconf 85' lang='lat' dir='ltr'><strong>ablatio</strong></span> <span class='ocrx_word' id='word_1_212' title='bbox 1294 2696 1569 2749; x_wconf 73' lang='lat' dir='ltr'><strong>munda“.</strong></span> <span class='ocrx_word' id='word_1_213' title='bbox 1606 2695 1667 2747; x_wconf 84' lang='lat' dir='ltr'><strong>Et</strong></span> <span class='ocrx_word' id='word_1_214' title='bbox 1716 2696 1884 2765; x_wconf 83' lang='lat' dir='ltr'><strong>probe</strong></span> <span class='ocrx_word' id='word_1_215' title='bbox 1932 2692 2195 2764; x_wconf 87' lang='lat' dir='ltr'><strong>quidem:</strong></span> <span class='ocrx_word' id='word_1_216' title='bbox 2240 2682 2365 2746; x_wconf 80' lang='lat' dir='ltr'><strong>nam</strong></span> 
     </span>
    </p>
   </div>
   <div class='ocr_carea' id='block_1_29' title="bbox 814 2774 2368 2851">
    <p class='ocr_par' dir='ltr' id='par_1_29' title="bbox 814 2774 2368 2851">
     <span class='ocr_line' id='line_1_29' title="bbox 814 2774 2368 2851; baseline -0.001 -12"><span class='ocrx_word' id='word_1_217' title='bbox 814 2784 967 2850; x_wconf 87' lang='lat' dir='ltr'><strong>illud,</strong></span> <span class='ocrx_word' id='word_1_218' title='bbox 1001 2786 1189 2839; x_wconf 77' lang='lat' dir='ltr'><strong>Tollite</strong></span> <span class='ocrx_word' id='word_1_219' title='bbox 1215 2787 1436 2849; x_wconf 84' lang='lat' dir='ltr'><strong>hostias,</strong></span> <span class='ocrx_word' id='word_1_220' title='bbox 1470 2787 1523 2841; x_wconf 88' lang='lat' dir='ltr'><strong>id</strong></span> <span class='ocrx_word' id='word_1_221' title='bbox 1569 2797 1673 2851; x_wconf 88' lang='lat' dir='ltr'><strong>est,</strong></span> <span class='ocrx_word' id='word_1_222' title='bbox 1708 2794 1941 2841; x_wconf 84' lang='lat' dir='ltr'><strong>vestram</strong></span> <span class='ocrx_word' id='word_1_223' title='bbox 1971 2787 2038 2841; x_wconf 90' lang='lat' dir='ltr'><strong>de</strong></span> <span class='ocrx_word' id='word_1_224' title='bbox 2057 2774 2368 2840; x_wconf 32' lang='lat' dir='ltr'><strong>hostiis&#39;co-</strong></span> 
     </span>
    </p>
   </div>
   <div class='ocr_carea' id='block_1_30' title="bbox 812 2877 2365 2949">
    <p class='ocr_par' dir='ltr' id='par_1_30' title="bbox 812 2877 2365 2949">
     <span class='ocr_line' id='line_1_30' title="bbox 812 2877 2365 2949; baseline -0.001 -19"><span class='ocrx_word' id='word_1_225' title='bbox 812 2878 1121 2946; x_wconf 77' lang='lat' dir='ltr'><strong>gitationem</strong></span> <span class='ocrx_word' id='word_1_226' title='bbox 1145 2879 1426 2933; x_wconf 88' lang='lat' dir='ltr'><strong>sublimem</strong></span> <span class='ocrx_word' id='word_1_227' title='bbox 1454 2881 1615 2949; x_wconf 82' lang='lat' dir='ltr'><strong>agite,</strong></span> <span class='ocrx_word' id='word_1_228' title='bbox 1643 2895 1741 2933; x_wconf 90' lang='lat' dir='ltr'><strong>nec</strong></span> <span class='ocrx_word' id='word_1_229' title='bbox 1779 2880 1871 2932; x_wconf 86' lang='lat' dir='ltr'><strong>vili</strong></span> <span class='ocrx_word' id='word_1_230' title='bbox 1903 2886 1955 2932; x_wconf 92' lang='lat' dir='ltr'><strong>et</strong></span> <span class='ocrx_word' id='word_1_231' title='bbox 1989 2878 2173 2931; x_wconf 91' lang='lat' dir='ltr'><strong>humili</strong></span> <span class='ocrx_word' id='word_1_232' title='bbox 2210 2877 2365 2930; x_wconf 88' lang='lat' dir='ltr'><strong>intel—</strong></span> 
     </span>
    </p>
   </div>
   <div class='ocr_carea' id='block_1_31' title="bbox 812 2969 2362 3037">
    <p class='ocr_par' dir='ltr' id='par_1_31' title="bbox 812 2969 2362 3037">
     <span class='ocr_line' id='line_1_31' title="bbox 812 2969 2362 3037; baseline 0.001 -16"><span class='ocrx_word' id='word_1_233' title='bbox 812 2969 1012 3037; x_wconf 77' lang='lat' dir='ltr'><strong>ligendi</strong></span> <span class='ocrx_word' id='word_1_234' title='bbox 1044 2984 1191 3023; x_wconf 87' lang='lat' dir='ltr'><strong>more</strong></span> <span class='ocrx_word' id='word_1_235' title='bbox 1225 2970 1389 3023; x_wconf 81' lang='lat' dir='ltr'><strong>boves</strong></span> <span class='ocrx_word' id='word_1_236' title='bbox 1421 2969 1591 3023; x_wconf 87' lang='lat' dir='ltr'><strong>aliave</strong></span> <span class='ocrx_word' id='word_1_237' title='bbox 1620 2970 1869 3023; x_wconf 89' lang='lat' dir='ltr'><strong>animalia</strong></span> <span class='ocrx_word' id='word_1_238' title='bbox 1910 2969 2230 3034; x_wconf 88' lang='lat' dir='ltr'><strong>immoletis;</strong></span> <span class='ocrx_word' id='word_1_239' title='bbox 2270 2970 2362 3023; x_wconf 83' lang='lat' dir='ltr'><strong>sed</strong></span> 
     </span>
    </p>
   </div>
   <div class='ocr_carea' id='block_1_32' title="bbox 811 3058 2364 3129">
    <p class='ocr_par' dir='ltr' id='par_1_32' title="bbox 811 3058 2364 3129">
     <span class='ocr_line' id='line_1_32' title="bbox 811 3058 2364 3129; baseline -0.001 -15"><span class='ocrx_word' id='word_1_240' title='bbox 811 3060 1115 3115; x_wconf 85' lang='lat' dir='ltr'><strong>sublimiori</strong></span> <span class='ocrx_word' id='word_1_241' title='bbox 1149 3059 1307 3111; x_wconf 90' lang='lat' dir='ltr'><strong>modo</strong></span> <span class='ocrx_word' id='word_1_242' title='bbox 1347 3059 1448 3111; x_wconf 90' lang='lat' dir='ltr'><strong>hoc</strong></span> <span class='ocrx_word' id='word_1_243' title='bbox 1476 3058 1677 3111; x_wconf 83' lang='lat' dir='ltr'><strong>dictum</strong></span> <span class='ocrx_word' id='word_1_244' title='bbox 1712 3059 2088 3129; x_wconf 70' lang='lat' dir='ltr'><strong>iutelligentes,</strong></span> <span class='ocrx_word' id='word_1_245' title='bbox 2113 3060 2364 3129; x_wconf 83' lang='lat' dir='ltr'><strong>spiritua-</strong></span> 
     </span>
    </p>
   </div>
   <div class='ocr_carea' id='block_1_33' title="bbox 812 3149 2361 3220">
    <p class='ocr_par' dir='ltr' id='par_1_33' title="bbox 812 3149 2361 3220">
     <span class='ocr_line' id='line_1_33' title="bbox 812 3149 2361 3220; baseline 0.001 -17"><span class='ocrx_word' id='word_1_246' title='bbox 812 3152 891 3205; x_wconf 85' lang='lat' dir='ltr'><strong>les</strong></span> <span class='ocrx_word' id='word_1_247' title='bbox 915 3162 967 3203; x_wconf 91' lang='lat' dir='ltr'><strong>et</strong></span> <span class='ocrx_word' id='word_1_248' title='bbox 996 3153 1248 3202; x_wconf 60' lang='lat' dir='ltr'><strong>emit-stes</strong></span> <span class='ocrx_word' id='word_1_249' title='bbox 1281 3150 1467 3203; x_wconf 78' lang='lat' dir='ltr'><strong>oll‘erte</strong></span> <span class='ocrx_word' id='word_1_250' title='bbox 1514 3149 1742 3211; x_wconf 87' lang='lat' dir='ltr'><strong>hostias,</strong></span> <span class='ocrx_word' id='word_1_251' title='bbox 1768 3165 1995 3219; x_wconf 90' lang='lat' dir='ltr'><strong>quarum</strong></span> <span class='ocrx_word' id='word_1_252' title='bbox 2038 3152 2279 3220; x_wconf 83' lang='lat' dir='ltr'><strong>exempla</strong></span> <span class='ocrx_word' id='word_1_253' title='bbox 2310 3160 2361 3205; x_wconf 91' lang='lat' dir='ltr'><strong>et</strong></span> 
     </span>
    </p>
   </div>
   <div class='ocr_carea' id='block_1_34' title="bbox 2482 700 4023 773">
    <p class='ocr_par' dir='ltr' id='par_1_34' title="bbox 2482 700 4023 773">
     <span class='ocr_line' id='line_1_34' title="bbox 2482 700 4023 773; baseline 0.005 -22"><span class='ocrx_word' id='word_1_254' title='bbox 2482 700 2632 752; x_wconf 73' lang='grc' dir='ltr'>αὑτοὶ</span> <span class='ocrx_word' id='word_1_255' title='bbox 2666 701 2720 753; x_wconf 86' lang='grc' dir='ltr'>δὲ</span> <span class='ocrx_word' id='word_1_256' title='bbox 2764 703 2957 765; x_wconf 71' lang='grc' dir='ltr'>αὐτοὺς</span> <span class='ocrx_word' id='word_1_257' title='bbox 3004 703 3149 764; x_wconf 81' lang='grc' dir='ltr'>θύειν</span> <span class='ocrx_word' id='word_1_258' title='bbox 3195 704 3606 773; x_wconf 85' lang='grc' dir='ltr'>ἀπαιτούμενοι,</span> <span class='ocrx_word' id='word_1_259' title='bbox 3637 704 3791 769; x_wconf 81' lang='grc' dir='ltr'>δόξαν</span> <span class='ocrx_word' id='word_1_260' title='bbox 3827 721 3884 757; x_wconf 87' lang='grc' dir='ltr'><strong>τε</strong></span> <span class='ocrx_word' id='word_1_261' title='bbox 3932 707 4023 759; x_wconf 80' lang='grc' dir='ltr'>καὶ</span> 
     </span>
    </p>
   </div>
   <div class='ocr_carea' id='block_1_35' title="bbox 2479 792 4111 864">
    <p class='ocr_par' dir='ltr' id='par_1_35' title="bbox 2479 792 4111 864">
     <span class='ocr_line' id='line_1_35' title="bbox 2479 792 4111 864; baseline 0.004 -22"><span class='ocrx_word' id='word_1_262' title='bbox 2479 792 2641 861; x_wconf 81' lang='grc' dir='ltr'>τιμὴν</span> <span class='ocrx_word' id='word_1_263' title='bbox 2663 793 2735 855; x_wconf 85' lang='grc' dir='ltr'><strong>ὡς</strong></span> <span class='ocrx_word' id='word_1_264' title='bbox 2766 792 2883 862; x_wconf 84' lang='grc' dir='ltr'><strong>Θεῷ</strong></span> <span class='ocrx_word' id='word_1_265' title='bbox 2915 795 3152 862; x_wconf 79' lang='grc' dir='ltr'><strong>κομίζειν</strong></span> <span class='ocrx_word' id='word_1_266' title='bbox 3175 795 3653 864; x_wconf 61' lang='grc' dir='ltr'>προσ-ταττόμενοι,</span> <span class='ocrx_word' id='word_1_267' title='bbox 3685 795 3834 847; x_wconf 74' lang='grc' dir='ltr'>Ἐπεὶ</span> <span class='ocrx_word' id='word_1_268' title='bbox 3860 795 3915 848; x_wconf 80' lang='grc' dir='ltr'>δὲ</span> <span class='ocrx_word' id='word_1_269' title='bbox 3946 798 4023 848; x_wconf 83' lang='grc' dir='ltr'><strong>δεῖ</strong></span> <span class='ocrx_word' id='word_1_270' title='bbox 4104 792 4111 797; x_wconf 72' lang='grc'><em>’</em></span> 
     </span>
    </p>
   </div>
   <div class='ocr_carea' id='block_1_36' title="bbox 2484 878 4019 955">
    <p class='ocr_par' dir='ltr' id='par_1_36' title="bbox 2484 878 4019 955">
     <span class='ocr_line' id='line_1_36' title="bbox 2484 878 4019 955; baseline 0.002 -21"><span class='ocrx_word' id='word_1_271' title='bbox 2484 884 2557 953; x_wconf 84' lang='grc' dir='ltr'><strong>μὴ</strong></span> <span class='ocrx_word' id='word_1_272' title='bbox 2586 885 2741 953; x_wconf 88' lang='grc' dir='ltr'>μόνον</span> <span class='ocrx_word' id='word_1_273' title='bbox 2766 878 2941 951; x_wconf 75' lang='grc' dir='ltr'>λόγοις</span> <span class='ocrx_word' id='word_1_274' title='bbox 2976 887 3067 937; x_wconf 69' lang='grc' dir='ltr'><strong>καὶ</strong></span> <span class='ocrx_word' id='word_1_275' title='bbox 3097 886 3270 955; x_wconf 72' lang='grc' dir='ltr'>ὀρθοῖς</span> <span class='ocrx_word' id='word_1_276' title='bbox 3295 886 3520 954; x_wconf 80' lang='grc' dir='ltr'><strong>δόγμασι</strong></span> <span class='ocrx_word' id='word_1_277' title='bbox 3547 884 3809 953; x_wconf 80' lang='grc' dir='ltr'>θεολογεῖν</span> <span class='ocrx_word' id='word_1_278' title='bbox 3841 886 4019 949; x_wconf 79' lang='grc' dir='ltr'>αὑτὸν,</span> 
     </span>
    </p>
   </div>
   <div class='ocr_carea' id='block_1_37' title="bbox 2479 975 4018 1047">
    <p class='ocr_par' dir='ltr' id='par_1_37' title="bbox 2479 975 4018 1047">
     <span class='ocr_line' id='line_1_37' title="bbox 2479 975 4018 1047; baseline 0.002 -21"><span class='ocrx_word' id='word_1_279' title='bbox 2479 975 2613 1027; x_wconf 77' lang='grc' dir='ltr'>ἀλλὰ</span> <span class='ocrx_word' id='word_1_280' title='bbox 2628 978 2719 1028; x_wconf 76' lang='grc' dir='ltr'>καὶ</span> <span class='ocrx_word' id='word_1_281' title='bbox 2744 976 2929 1038; x_wconf 77' lang='grc' dir='ltr'><strong>θυσίας</strong></span> <span class='ocrx_word' id='word_1_282' title='bbox 2950 977 3290 1047; x_wconf 68' lang='grc' dir='ltr'>προσφέρειν,</span> <span class='ocrx_word' id='word_1_283' title='bbox 3322 978 3533 1044; x_wconf 73' lang='grc' dir='ltr'>ἐπάγει·</span> <span class='ocrx_word' id='word_1_284' title='bbox 3555 978 3762 1042; x_wconf 83' lang='grc' dir='ltr'>Ἀρατε</span> <span class='ocrx_word' id='word_1_285' title='bbox 3787 976 4018 1040; x_wconf 79' lang='grc' dir='ltr'><strong>θυσίας,</strong></span> 
     </span>
    </p>
   </div>
   <div class='ocr_carea' id='block_1_38' title="bbox 2472 1066 4019 1137">
    <p class='ocr_par' dir='ltr' id='par_1_38' title="bbox 2472 1066 4019 1137">
     <span class='ocr_line' id='line_1_38' title="bbox 2472 1066 4019 1137; baseline 0 -19"><span class='ocrx_word' id='word_1_286' title='bbox 2472 1066 2577 1137; x_wconf 71' lang='grc' dir='ltr'>καὶ</span> <span class='ocrx_word' id='word_1_287' title='bbox 2620 1068 3037 1132; x_wconf 77' lang='grc' dir='ltr'>εὶσπορεύεσθε</span> <span class='ocrx_word' id='word_1_288' title='bbox 3071 1069 3156 1131; x_wconf 79' lang='grc' dir='ltr'>εὶς</span> <span class='ocrx_word' id='word_1_289' title='bbox 3214 1068 3317 1131; x_wconf 82' lang='grc' dir='ltr'>τὰς</span> <span class='ocrx_word' id='word_1_290' title='bbox 3348 1067 3536 1130; x_wconf 77' lang='grc' dir='ltr'>αὐλὰς</span> <span class='ocrx_word' id='word_1_291' title='bbox 3575 1067 3756 1119; x_wconf 82' lang='grc' dir='ltr'>αὐτοῦ</span> <span class='ocrx_word' id='word_1_292' title='bbox 3778 1106 3793 1129; x_wconf 91' lang='grc'><strong>,</strong></span> <span class='ocrx_word' id='word_1_293' title='bbox 3839 1082 4019 1132; x_wconf 84' lang='grc' dir='ltr'>προσ-</span> 
     </span>
    </p>
   </div>
   <div class='ocr_carea' id='block_1_39' title="bbox 2480 1156 4016 1233">
    <p class='ocr_par' dir='ltr' id='par_1_39' title="bbox 2480 1156 4016 1233">
     <span class='ocr_line' id='line_1_39' title="bbox 2480 1156 4016 1233; baseline -0.002 -23"><span class='ocrx_word' id='word_1_294' title='bbox 2480 1157 2780 1221; x_wconf 78' lang='grc' dir='ltr'>κυνήσατε</span> <span class='ocrx_word' id='word_1_295' title='bbox 2807 1157 2883 1221; x_wconf 83' lang='grc' dir='ltr'>τῷ</span> <span class='ocrx_word' id='word_1_296' title='bbox 2914 1159 3104 1233; x_wconf 70' lang='grc' dir='ltr'>ΚιῬίῳ</span> <span class='ocrx_word' id='word_1_297' title='bbox 3131 1157 3198 1209; x_wconf 85' lang='grc' dir='ltr'>ἑν</span> <span class='ocrx_word' id='word_1_298' title='bbox 3225 1156 3382 1224; x_wconf 74' lang='grc' dir='ltr'><strong>αὐλῇ</strong></span> <span class='ocrx_word' id='word_1_299' title='bbox 3410 1158 3544 1231; x_wconf 58' lang='grc' dir='ltr'><strong>ἀπίῃ</strong></span> <span class='ocrx_word' id='word_1_300' title='bbox 3568 1157 3770 1210; x_wconf 80' lang='grc' dir='ltr'>αὐτοῦ.</span> <span class='ocrx_word' id='word_1_301' title='bbox 3795 1159 4016 1209; x_wconf 73' lang='grc' dir='ltr'><strong>Σαλεν-</strong></span> 
     </span>
    </p>
   </div>
   <div class='ocr_carea' id='block_1_40' title="bbox 2436 1244 4022 1315">
    <p class='ocr_par' dir='ltr' id='par_1_40' title="bbox 2436 1244 4022 1315">
     <span class='ocr_line' id='line_1_40' title="bbox 2436 1244 4022 1315; baseline 0 -16"><span class='ocrx_word' id='word_1_302' title='bbox 2436 1288 2440 1293; x_wconf 94' lang='grc'>.</span> <span class='ocrx_word' id='word_1_303' title='bbox 2478 1245 2631 1315; x_wconf 86' lang='grc' dir='ltr'>θήτω</span> <span class='ocrx_word' id='word_1_304' title='bbox 2651 1246 2767 1299; x_wconf 79' lang='grc' dir='ltr'><strong>ἀπὸ</strong></span> <span class='ocrx_word' id='word_1_305' title='bbox 2790 1246 3105 1313; x_wconf 72' lang='grc' dir='ltr'><strong>προσώπου</strong></span> <span class='ocrx_word' id='word_1_306' title='bbox 3132 1246 3312 1299; x_wconf 84' lang='grc' dir='ltr'>αὑτοῦ</span> <span class='ocrx_word' id='word_1_307' title='bbox 3338 1244 3501 1299; x_wconf 80' lang='grc' dir='ltr'>πᾶσα</span> <span class='ocrx_word' id='word_1_308' title='bbox 3530 1248 3564 1313; x_wconf 74' lang='grc' dir='ltr'><strong><em>ἡ</em></strong></span> <span class='ocrx_word' id='word_1_309' title='bbox 3592 1245 3664 1315; x_wconf 79' lang='grc' dir='ltr'>γῆ</span> <span class='ocrx_word' id='word_1_310' title='bbox 3686 1265 3698 1278; x_wconf 72' lang='grc' dir='ltr'><strong><em>ο</em></strong></span> <span class='ocrx_word' id='word_1_311' title='bbox 3728 1248 3930 1299; x_wconf 82' lang='grc' dir='ltr'>εἴπατε</span> <span class='ocrx_word' id='word_1_312' title='bbox 3951 1249 4022 1299; x_wconf 82' lang='grc' dir='ltr'>ἐν</span> 
     </span>
    </p>
   </div>
   <div class='ocr_carea' id='block_1_41' title="bbox 2478 1335 4013 1407">
    <p class='ocr_par' dir='ltr' id='par_1_41' title="bbox 2478 1335 4013 1407">
     <span class='ocr_line' id='line_1_41' title="bbox 2478 1335 4013 1407; baseline -0.001 -21"><span class='ocrx_word' id='word_1_313' title='bbox 2478 1335 2599 1400; x_wconf 81' lang='grc' dir='ltr'>τοῖς</span> <span class='ocrx_word' id='word_1_314' title='bbox 2625 1336 2851 1389; x_wconf 78' lang='grc' dir='ltr'>ἔθνεσι·</span> <span class='ocrx_word' id='word_1_315' title='bbox 2890 1340 2920 1388; x_wconf 82' lang='grc' dir='ltr'><strong><em>ό</em></strong></span> <span class='ocrx_word' id='word_1_316' title='bbox 2950 1337 3157 1402; x_wconf 78' lang='grc' dir='ltr'>Κύριος</span> <span class='ocrx_word' id='word_1_317' title='bbox 3196 1337 3567 1399; x_wconf 72' lang='grc' dir='ltr'>ἐϐασίλευσε,</span> <span class='ocrx_word' id='word_1_318' title='bbox 3619 1337 3710 1389; x_wconf 73' lang='grc' dir='ltr'>καὶ</span> <span class='ocrx_word' id='word_1_319' title='bbox 3751 1336 3817 1388; x_wconf 82' lang='grc' dir='ltr'><strong>τά</strong></span> <span class='ocrx_word' id='word_1_320' title='bbox 3855 1337 4013 1407; x_wconf 59' lang='grc' dir='ltr'><strong>ἑξῆςέ</strong></span> 
     </span>
    </p>
   </div>
   <div class='ocr_carea' id='block_1_42' title="bbox 2476 1422 4017 1497">
    <p class='ocr_par' dir='ltr' id='par_1_42' title="bbox 2476 1422 4017 1497">
     <span class='ocr_line' id='line_1_42' title="bbox 2476 1422 4017 1497; baseline 0.003 -23"><span class='ocrx_word' id='word_1_321' title='bbox 2476 1422 2664 1485; x_wconf 82' lang='grc' dir='ltr'><strong>Θυσίας</strong></span> <span class='ocrx_word' id='word_1_322' title='bbox 2694 1424 2791 1492; x_wconf 78' lang='grc' dir='ltr'><strong>μὲν</strong></span> <span class='ocrx_word' id='word_1_323' title='bbox 2820 1425 2989 1491; x_wconf 83' lang='grc' dir='ltr'>λέγων</span> <span class='ocrx_word' id='word_1_324' title='bbox 3027 1423 3123 1487; x_wconf 78' lang='grc' dir='ltr'><strong>τὰς</strong></span> <span class='ocrx_word' id='word_1_325' title='bbox 3156 1424 3373 1491; x_wconf 71' lang='grc' dir='ltr'>λογικὰς</span> <span class='ocrx_word' id='word_1_326' title='bbox 3403 1428 3493 1477; x_wconf 72' lang='grc' dir='ltr'><strong>καὶ</strong></span> <span class='ocrx_word' id='word_1_327' title='bbox 3537 1426 3924 1497; x_wconf 78' lang='grc' dir='ltr'><strong>πνευματικὰς,</strong></span> <span class='ocrx_word' id='word_1_328' title='bbox 3952 1426 4017 1488; x_wconf 80' lang='grc' dir='ltr'><strong>ἃς</strong></span> 
     </span>
    </p>
   </div>
   <div class='ocr_carea' id='block_1_43' title="bbox 2473 1513 4012 1586">
    <p class='ocr_par' dir='ltr' id='par_1_43' title="bbox 2473 1513 4012 1586">
     <span class='ocr_line' id='line_1_43' title="bbox 2473 1513 4012 1586; baseline 0.002 -21"><span class='ocrx_word' id='word_1_329' title='bbox 2473 1514 2682 1583; x_wconf 87' lang='grc' dir='ltr'>ὁρῶμεν</span> <span class='ocrx_word' id='word_1_330' title='bbox 2708 1514 2965 1583; x_wconf 78' lang='grc' dir='ltr'><strong>διηνεκῶς</strong></span> <span class='ocrx_word' id='word_1_331' title='bbox 2990 1515 3128 1584; x_wconf 74' lang='grc' dir='ltr'>ὑπὲρ</span> <span class='ocrx_word' id='word_1_332' title='bbox 3157 1513 3261 1565; x_wconf 87' lang='grc' dir='ltr'><strong>τῶν</strong></span> <span class='ocrx_word' id='word_1_333' title='bbox 3295 1515 3528 1567; x_wconf 73' lang='grc' dir='ltr'>εὐσεϐῶν</span> <span class='ocrx_word' id='word_1_334' title='bbox 3554 1516 4012 1586; x_wconf 74' lang='grc' dir='ltr'><strong>προσφερομένας,</strong></span> 
     </span>
    </p>
   </div>
   <div class='ocr_carea' id='block_1_44' title="bbox 2474 1604 4013 1679">
    <p class='ocr_par' dir='ltr' id='par_1_44' title="bbox 2474 1604 4013 1679">
     <span class='ocr_line' id='line_1_44' title="bbox 2474 1604 4013 1679; baseline 0.003 -24"><span class='ocrx_word' id='word_1_335' title='bbox 2474 1606 2565 1657; x_wconf 70' lang='grc' dir='ltr'><strong>καὶ</strong></span> <span class='ocrx_word' id='word_1_336' title='bbox 2589 1605 3036 1679; x_wconf 81' lang='grc' dir='ltr'>ἱερουργουμένας</span> <span class='ocrx_word' id='word_1_337' title='bbox 3074 1604 3173 1655; x_wconf 85' lang='grc' dir='ltr'><strong>ὑπὸ</strong></span> <span class='ocrx_word' id='word_1_338' title='bbox 3208 1604 3312 1655; x_wconf 85' lang='grc' dir='ltr'><strong>τῶν</strong></span> <span class='ocrx_word' id='word_1_339' title='bbox 3350 1605 3555 1673; x_wconf 80' lang='grc' dir='ltr'><strong>ἱερέων,</strong></span> <span class='ocrx_word' id='word_1_340' title='bbox 3577 1605 3815 1658; x_wconf 82' lang='grc' dir='ltr'>τοιαῦται</span> <span class='ocrx_word' id='word_1_341' title='bbox 3843 1606 3898 1659; x_wconf 84' lang='grc' dir='ltr'>δὲ</span> <span class='ocrx_word' id='word_1_342' title='bbox 3922 1607 4013 1659; x_wconf 71' lang='grc' dir='ltr'><strong>καὶ</strong></span> 
     </span>
    </p>
   </div>
   <div class='ocr_carea' id='block_1_45' title="bbox 2472 1691 4047 1771">
    <p class='ocr_par' dir='ltr' id='par_1_45' title="bbox 2472 1691 4047 1771">
     <span class='ocr_line' id='line_1_45' title="bbox 2472 1691 4047 1771; baseline 0.002 -26"><span class='ocrx_word' id='word_1_343' title='bbox 2472 1696 2524 1771; x_wconf 70' lang='grc' dir='ltr'>αἱ</span> <span class='ocrx_word' id='word_1_344' title='bbox 2559 1694 2781 1763; x_wconf 81' lang='grc' dir='ltr'>ἀρεταί·</span> <span class='ocrx_word' id='word_1_345' title='bbox 2818 1693 2981 1755; x_wconf 78' lang='grc' dir='ltr'>άύλάς</span> <span class='ocrx_word' id='word_1_346' title='bbox 3008 1695 3062 1746; x_wconf 81' lang='grc' dir='ltr'><strong>δὲ</strong></span> <span class='ocrx_word' id='word_1_347' title='bbox 3086 1693 3182 1756; x_wconf 82' lang='grc' dir='ltr'><strong>τὰς</strong></span> <span class='ocrx_word' id='word_1_348' title='bbox 3204 1694 3512 1765; x_wconf 81' lang='grc' dir='ltr'>ἐκκλησίας,</span> <span class='ocrx_word' id='word_1_349' title='bbox 3544 1697 3597 1747; x_wconf 83' lang='grc' dir='ltr'><strong>ὲν</strong></span> <span class='ocrx_word' id='word_1_350' title='bbox 3632 1691 3718 1759; x_wconf 76' lang='grc' dir='ltr'>αἷς</span> <span class='ocrx_word' id='word_1_351' title='bbox 3742 1696 3839 1765; x_wconf 84' lang='grc' dir='ltr'><strong>τῆς</strong></span> <span class='ocrx_word' id='word_1_352' title='bbox 3874 1698 4011 1751; x_wconf 85' lang='grc' dir='ltr'>Και-</span> <span class='ocrx_word' id='word_1_353' title='bbox 4043 1692 4047 1695; x_wconf 47' lang='grc'><strong>⁷</strong></span> 
     </span>
    </p>
   </div>
   <div class='ocr_carea' id='block_1_46' title="bbox 2471 1782 4011 1856">
    <p class='ocr_par' dir='ltr' id='par_1_46' title="bbox 2471 1782 4011 1856">
     <span class='ocr_line' id='line_1_46' title="bbox 2471 1782 4011 1856; baseline 0.005 -23"><span class='ocrx_word' id='word_1_354' title='bbox 2471 1782 2567 1850; x_wconf 57' lang='lat' dir='ltr'><strong>vi};</strong></span> <span class='ocrx_word' id='word_1_355' title='bbox 2596 1782 2863 1853; x_wconf 84' lang='grc' dir='ltr'>Διαθήκης</span> <span class='ocrx_word' id='word_1_356' title='bbox 2898 1783 3072 1836; x_wconf 86' lang='grc' dir='ltr'>θυσίαι</span> <span class='ocrx_word' id='word_1_357' title='bbox 3104 1786 3515 1855; x_wconf 71' lang='grc' dir='ltr'>προσφέρονται,</span> <span class='ocrx_word' id='word_1_358' title='bbox 3559 1788 3612 1839; x_wconf 79' lang='grc' dir='ltr'>αἱ</span> <span class='ocrx_word' id='word_1_359' title='bbox 3652 1789 4011 1856; x_wconf 74' lang='grc' dir='ltr'>πνευματικαὶ</span> 
     </span>
    </p>
   </div>
   <div class='ocr_carea' id='block_1_47' title="bbox 2472 1872 4009 1949">
    <p class='ocr_par' dir='ltr' id='par_1_47' title="bbox 2472 1872 4009 1949">
     <span class='ocr_line' id='line_1_47' title="bbox 2472 1872 4009 1949; baseline 0.005 -26"><span class='ocrx_word' id='word_1_360' title='bbox 2472 1872 2732 1945; x_wconf 86' lang='grc' dir='ltr'>λατρεῖαι,</span> <span class='ocrx_word' id='word_1_361' title='bbox 2766 1877 2819 1927; x_wconf 87' lang='grc' dir='ltr'>αἱ</span> <span class='ocrx_word' id='word_1_362' title='bbox 2864 1875 2930 1926; x_wconf 77' lang='grc' dir='ltr'>δι’</span> <span class='ocrx_word' id='word_1_363' title='bbox 2966 1875 3139 1945; x_wconf 79' lang='grc' dir='ltr'>ἔργων</span> <span class='ocrx_word' id='word_1_364' title='bbox 3172 1878 3532 1947; x_wconf 70' lang='grc' dir='ltr'>καρποφορίαι</span> <span class='ocrx_word' id='word_1_365' title='bbox 3580 1878 3635 1928; x_wconf 78' lang='grc' dir='ltr'>αἱ</span> <span class='ocrx_word' id='word_1_366' title='bbox 3677 1878 4009 1949; x_wconf 77' lang='grc' dir='ltr'>χαριστήριοι</span> 
     </span>
    </p>
   </div>
   <div class='ocr_carea' id='block_1_48' title="bbox 2402 1949 4010 2041">
    <p class='ocr_par' dir='ltr' id='par_1_48' title="bbox 2402 1949 4010 2041">
     <span class='ocr_line' id='line_1_48' title="bbox 2402 1949 4010 2041; baseline 0.001 -22"><span class='ocrx_word' id='word_1_367' title='bbox 2402 1949 2441 2005; x_wconf 74' lang='grc' dir='ltr'><strong>Β</strong></span> <span class='ocrx_word' id='word_1_368' title='bbox 2470 1968 2753 2037; x_wconf 78' lang='grc' dir='ltr'>ἀναφοραί.</span> <span class='ocrx_word' id='word_1_369' title='bbox 2800 1968 3000 2031; x_wconf 82' lang='grc' dir='ltr'>Ἀλλως</span> <span class='ocrx_word' id='word_1_370' title='bbox 3037 1969 3091 2021; x_wconf 78' lang='grc' dir='ltr'>δὲ</span> <span class='ocrx_word' id='word_1_371' title='bbox 3141 1969 3257 2021; x_wconf 76' lang='grc' dir='ltr'>οὐδὲ</span> <span class='ocrx_word' id='word_1_372' title='bbox 3307 1966 3573 2034; x_wconf 80' lang='grc' dir='ltr'>Ἰουδαίοις</span> <span class='ocrx_word' id='word_1_373' title='bbox 3624 1970 3794 2023; x_wconf 77' lang='grc' dir='ltr'>ταῦτα</span> <span class='ocrx_word' id='word_1_374' title='bbox 3843 1987 4010 2041; x_wconf 84' lang='grc' dir='ltr'>προσ-</span> 
     </span>
    </p>
   </div>
   <div class='ocr_carea' id='block_1_49' title="bbox 2469 2056 4007 2131">
    <p class='ocr_par' dir='ltr' id='par_1_49' title="bbox 2469 2056 4007 2131">
     <span class='ocr_line' id='line_1_49' title="bbox 2469 2056 4007 2131; baseline 0.003 -23"><span class='ocrx_word' id='word_1_375' title='bbox 2469 2056 2673 2122; x_wconf 78' lang='grc' dir='ltr'>έταξεν,</span> <span class='ocrx_word' id='word_1_376' title='bbox 2698 2058 2784 2111; x_wconf 85' lang='grc' dir='ltr'><strong>ἵνα</strong></span> <span class='ocrx_word' id='word_1_377' title='bbox 2814 2059 2885 2127; x_wconf 84' lang='grc' dir='ltr'>μή</span> <span class='ocrx_word' id='word_1_378' title='bbox 2916 2076 2996 2122; x_wconf 88' lang='grc' dir='ltr'><strong>τις</strong></span> <span class='ocrx_word' id='word_1_379' title='bbox 3040 2059 3138 2123; x_wconf 81' lang='grc' dir='ltr'>τὰς</span> <span class='ocrx_word' id='word_1_380' title='bbox 3175 2059 3398 2130; x_wconf 75' lang='grc' dir='ltr'>νομικὰς</span> <span class='ocrx_word' id='word_1_381' title='bbox 3432 2059 3736 2131; x_wconf 74' lang='grc' dir='ltr'>ὑποπτεύσῃ</span> <span class='ocrx_word' id='word_1_382' title='bbox 3787 2060 4007 2122; x_wconf 73' lang='grc' dir='ltr'>θυσίας’</span> 
     </span>
    </p>
   </div>
   <div class='ocr_carea' id='block_1_50' title="bbox 2467 2145 4005 2221">
    <p class='ocr_par' dir='ltr' id='par_1_50' title="bbox 2467 2145 4005 2221">
     <span class='ocr_line' id='line_1_50' title="bbox 2467 2145 4005 2221; baseline 0.002 -23"><span class='ocrx_word' id='word_1_383' title='bbox 2467 2146 2599 2198; x_wconf 84' lang='grc' dir='ltr'>ἀλλὰ</span> <span class='ocrx_word' id='word_1_384' title='bbox 2644 2151 2760 2209; x_wconf 82' lang='grc' dir='ltr'>ταῖς</span> <span class='ocrx_word' id='word_1_385' title='bbox 2793 2153 3040 2220; x_wconf 82' lang='grc' dir='ltr'>πατριαῖς</span> <span class='ocrx_word' id='word_1_386' title='bbox 3077 2150 3181 2201; x_wconf 87' lang='grc' dir='ltr'><strong>τῶν</strong></span> <span class='ocrx_word' id='word_1_387' title='bbox 3215 2150 3411 2211; x_wconf 75' lang='grc' dir='ltr'>ἐθνῶν,</span> <span class='ocrx_word' id='word_1_388' title='bbox 3459 2145 3688 2220; x_wconf 45' lang='grc' dir='ltr'>περὶνῶν</span> <span class='ocrx_word' id='word_1_389' title='bbox 3738 2152 3803 2203; x_wconf 84' lang='grc' dir='ltr'>δι’</span> <span class='ocrx_word' id='word_1_390' title='bbox 3825 2152 4005 2221; x_wconf 78' lang='grc' dir='ltr'>ἐτέρου</span> 
     </span>
    </p>
   </div>
   <div class='ocr_carea' id='block_1_51' title="bbox 2466 2237 4002 2311">
    <p class='ocr_par' dir='ltr' id='par_1_51' title="bbox 2466 2237 4002 2311">
     <span class='ocr_line' id='line_1_51' title="bbox 2466 2237 4002 2311; baseline 0.003 -24"><span class='ocrx_word' id='word_1_391' title='bbox 2466 2237 2741 2306; x_wconf 73' lang='grc' dir='ltr'><strong>προφήτου</strong></span> <span class='ocrx_word' id='word_1_392' title='bbox 2770 2238 2925 2307; x_wconf 71' lang='grc' dir='ltr'>φησὶν</span> <span class='ocrx_word' id='word_1_393' title='bbox 2948 2241 2975 2290; x_wconf 91' lang='grc' dir='ltr'><em>ὀ</em></span> <span class='ocrx_word' id='word_1_394' title='bbox 2997 2238 3124 2301; x_wconf 81' lang='grc' dir='ltr'>Θεὸς</span> <span class='ocrx_word' id='word_1_395' title='bbox 3145 2241 3276 2308; x_wconf 87' lang='grc' dir='ltr'>πρὸς</span> <span class='ocrx_word' id='word_1_396' title='bbox 3293 2240 3574 2303; x_wconf 82' lang='grc' dir='ltr'>Ἰουδαίους</span> <span class='ocrx_word' id='word_1_397' title='bbox 3598 2241 3969 2311; x_wconf 83' lang='grc' dir='ltr'>διαλεγόμενος</span> <span class='ocrx_word' id='word_1_398' title='bbox 3992 2259 4002 2269; x_wconf 92' lang='grc'><strong>·</strong></span> 
     </span>
    </p>
   </div>
   <div class='ocr_carea' id='block_1_52' title="bbox 2468 2327 4005 2397">
    <p class='ocr_par' dir='ltr' id='par_1_52' title="bbox 2468 2327 4005 2397">
     <span class='ocr_line' id='line_1_52' title="bbox 2468 2327 4005 2397; baseline 0.004 -19"><span class='ocrx_word' id='word_1_399' title='bbox 2468 2329 2585 2380; x_wconf 72' lang='grc' dir='ltr'><strong>Οὐκ</strong></span> <span class='ocrx_word' id='word_1_400' title='bbox 2616 2327 2745 2378; x_wconf 78' lang='grc' dir='ltr'>ἔστι</span> <span class='ocrx_word' id='word_1_401' title='bbox 2776 2345 2892 2394; x_wconf 84' lang='grc' dir='ltr'><strong>μου</strong></span> <span class='ocrx_word' id='word_1_402' title='bbox 2919 2327 3142 2395; x_wconf 78' lang='grc' dir='ltr'>θέλημα</span> <span class='ocrx_word' id='word_1_403' title='bbox 3182 2330 3251 2381; x_wconf 79' lang='grc' dir='ltr'>ἐν</span> <span class='ocrx_word' id='word_1_404' title='bbox 3299 2330 3471 2397; x_wconf 82' lang='grc' dir='ltr'>ὑμῖν,</span> <span class='ocrx_word' id='word_1_405' title='bbox 3519 2332 3615 2383; x_wconf 79' lang='grc' dir='ltr'>καὶ</span> <span class='ocrx_word' id='word_1_406' title='bbox 3673 2332 3891 2385; x_wconf 83' lang='grc' dir='ltr'>θυσίαν</span> <span class='ocrx_word' id='word_1_407' title='bbox 3935 2333 4005 2384; x_wconf 67' lang='grc' dir='ltr'><strong>σὺ</strong></span> 
     </span>
    </p>
   </div>
   <div class='ocr_carea' id='block_1_53' title="bbox 2464 2418 4005 2487">
    <p class='ocr_par' dir='ltr' id='par_1_53' title="bbox 2464 2418 4005 2487">
     <span class='ocr_line' id='line_1_53' title="bbox 2464 2418 4005 2487; baseline 0.003 -19"><span class='ocrx_word' id='word_1_408' title='bbox 2464 2418 2859 2485; x_wconf 68' lang='grc' dir='ltr'>προς-δέξομαι</span> <span class='ocrx_word' id='word_1_409' title='bbox 2889 2418 2956 2470; x_wconf 81' lang='grc' dir='ltr'>ἐκ</span> <span class='ocrx_word' id='word_1_410' title='bbox 2994 2418 3110 2469; x_wconf 84' lang='grc' dir='ltr'><strong>τῶν</strong></span> <span class='ocrx_word' id='word_1_411' title='bbox 3133 2419 3340 2487; x_wconf 81' lang='grc' dir='ltr'>χειρῶν</span> <span class='ocrx_word' id='word_1_412' title='bbox 3364 2419 3558 2487; x_wconf 77' lang='grc' dir='ltr'>ὑμῶν’</span> <span class='ocrx_word' id='word_1_413' title='bbox 3593 2422 3680 2473; x_wconf 84' lang='grc' dir='ltr'>ὅτι</span> <span class='ocrx_word' id='word_1_414' title='bbox 3712 2420 3826 2474; x_wconf 81' lang='grc' dir='ltr'><strong>ἀπὸ</strong></span> <span class='ocrx_word' id='word_1_415' title='bbox 3859 2423 4005 2475; x_wconf 81' lang='grc' dir='ltr'>ἀνα-</span> 
     </span>
    </p>
   </div>
   <div class='ocr_carea' id='block_1_54' title="bbox 2462 2506 4007 2581">
    <p class='ocr_par' dir='ltr' id='par_1_54' title="bbox 2462 2506 4007 2581">
     <span class='ocr_line' id='line_1_54' title="bbox 2462 2506 4007 2581; baseline 0.003 -20"><span class='ocrx_word' id='word_1_416' title='bbox 2462 2509 2651 2562; x_wconf 73' lang='grc' dir='ltr'>τολῶν</span> <span class='ocrx_word' id='word_1_417' title='bbox 2675 2510 2847 2576; x_wconf 73' lang='grc' dir='ltr'>ἡλίου</span> <span class='ocrx_word' id='word_1_418' title='bbox 2866 2509 3038 2577; x_wconf 82' lang='grc' dir='ltr'>μέχρι</span> <span class='ocrx_word' id='word_1_419' title='bbox 3065 2509 3306 2578; x_wconf 78' lang='grc' dir='ltr'><strong>δυσμῶν</strong></span> <span class='ocrx_word' id='word_1_420' title='bbox 3327 2511 3483 2579; x_wconf 74' lang='grc' dir='ltr'>μέγα</span> <span class='ocrx_word' id='word_1_421' title='bbox 3504 2512 3565 2564; x_wconf 83' lang='grc' dir='ltr'>τὸ</span> <span class='ocrx_word' id='word_1_422' title='bbox 3596 2506 3780 2580; x_wconf 74' lang='grc' dir='ltr'>ὄνομά</span> <span class='ocrx_word' id='word_1_423' title='bbox 3798 2530 3914 2581; x_wconf 83' lang='grc' dir='ltr'><strong>μου</strong></span> <span class='ocrx_word' id='word_1_424' title='bbox 3938 2514 4007 2566; x_wconf 77' lang='grc' dir='ltr'>ἐν</span> 
     </span>
    </p>
   </div>
   <div class='ocr_carea' id='block_1_55' title="bbox 2463 2600 4003 2682">
    <p class='ocr_par' dir='ltr' id='par_1_55' title="bbox 2463 2600 4003 2682">
     <span class='ocr_line' id='line_1_55' title="bbox 2463 2600 4003 2682; baseline 0.004 -31"><span class='ocrx_word' id='word_1_425' title='bbox 2463 2600 2583 2682; x_wconf 71' lang='grc' dir='ltr'>τοῖς</span> <span class='ocrx_word' id='word_1_426' title='bbox 2613 2601 2811 2656; x_wconf 77' lang='grc' dir='ltr'>ἔθνεσι</span> <span class='ocrx_word' id='word_1_427' title='bbox 2832 2642 2845 2663; x_wconf 94' lang='grc'><strong>,</strong></span> <span class='ocrx_word' id='word_1_428' title='bbox 2877 2603 2971 2654; x_wconf 74' lang='grc' dir='ltr'>καὶ</span> <span class='ocrx_word' id='word_1_429' title='bbox 3014 2602 3082 2654; x_wconf 88' lang='grc' dir='ltr'>ἐν</span> <span class='ocrx_word' id='word_1_430' title='bbox 3123 2602 3294 2655; x_wconf 84' lang='grc' dir='ltr'>παντὶ</span> <span class='ocrx_word' id='word_1_431' title='bbox 3326 2605 3483 2670; x_wconf 78' lang='grc' dir='ltr'><strong>τόπῳ</strong></span> <span class='ocrx_word' id='word_1_432' title='bbox 3519 2605 3773 2673; x_wconf 84' lang='grc' dir='ltr'>θυμίαμα</span> <span class='ocrx_word' id='word_1_433' title='bbox 3821 2620 4003 2672; x_wconf 84' lang='grc' dir='ltr'>προσ-</span> 
     </span>
    </p>
   </div>
   <div class='ocr_carea' id='block_1_56' title="bbox 2461 2692 4003 2763">
    <p class='ocr_par' dir='ltr' id='par_1_56' title="bbox 2461 2692 4003 2763">
     <span class='ocr_line' id='line_1_56' title="bbox 2461 2692 4003 2763; baseline 0.003 -20"><span class='ocrx_word' id='word_1_434' title='bbox 2461 2692 2692 2760; x_wconf 69' lang='grc' dir='ltr'>φέρεται</span> <span class='ocrx_word' id='word_1_435' title='bbox 2721 2693 2798 2757; x_wconf 86' lang='grc' dir='ltr'>τῷ</span> <span class='ocrx_word' id='word_1_436' title='bbox 2828 2694 3068 2762; x_wconf 78' lang='grc' dir='ltr'>ὀνόματί</span> <span class='ocrx_word' id='word_1_437' title='bbox 3082 2712 3198 2761; x_wconf 86' lang='grc' dir='ltr'><strong>μου</strong></span> <span class='ocrx_word' id='word_1_438' title='bbox 3235 2694 3329 2747; x_wconf 77' lang='grc' dir='ltr'>καὶ</span> <span class='ocrx_word' id='word_1_439' title='bbox 3364 2695 3541 2747; x_wconf 88' lang='grc' dir='ltr'>θυσία</span> <span class='ocrx_word' id='word_1_440' title='bbox 3573 2694 3812 2763; x_wconf 82' lang='grc' dir='ltr'>καθαρά.</span> <span class='ocrx_word' id='word_1_441' title='bbox 3845 2692 3916 2749; x_wconf 83' lang='grc' dir='ltr'><strong>Εὖ</strong></span> <span class='ocrx_word' id='word_1_442' title='bbox 3947 2697 4003 2748; x_wconf 78' lang='grc' dir='ltr'>δὲ</span> 
     </span>
    </p>
   </div>
   <div class='ocr_carea' id='block_1_57' title="bbox 2462 2781 4001 2856">
    <p class='ocr_par' dir='ltr' id='par_1_57' title="bbox 2462 2781 4001 2856">
     <span class='ocr_line' id='line_1_57' title="bbox 2462 2781 4001 2856; baseline 0.005 -25"><span class='ocrx_word' id='word_1_443' title='bbox 2462 2783 2555 2832; x_wconf 72' lang='grc' dir='ltr'><strong>καὶ</strong></span> <span class='ocrx_word' id='word_1_444' title='bbox 2581 2781 2640 2833; x_wconf 81' lang='grc' dir='ltr'><strong>τὸ</strong></span> <span class='ocrx_word' id='word_1_445' title='bbox 2660 2782 2841 2848; x_wconf 81' lang='grc' dir='ltr'>φάναι,</span> <span class='ocrx_word' id='word_1_446' title='bbox 2864 2784 3070 2850; x_wconf 78' lang='grc' dir='ltr'>Ἀρατε</span> <span class='ocrx_word' id='word_1_447' title='bbox 3097 2784 3326 2849; x_wconf 86' lang='grc' dir='ltr'>θυσίας,</span> <span class='ocrx_word' id='word_1_448' title='bbox 3348 2783 3609 2845; x_wconf 81' lang='grc' dir='ltr'>τουτέστι,</span> <span class='ocrx_word' id='word_1_449' title='bbox 3628 2785 4001 2856; x_wconf 75' lang='grc' dir='ltr'>Μετεωρίσατι</span> 
     </span>
    </p>
   </div>
   <div class='ocr_carea' id='block_1_58' title="bbox 2460 2865 3997 2944">
    <p class='ocr_par' dir='ltr' id='par_1_58' title="bbox 2460 2865 3997 2944">
     <span class='ocr_line' id='line_1_58' title="bbox 2460 2865 3997 2944; baseline 0.01 -23"><span class='ocrx_word' id='word_1_450' title='bbox 2460 2869 2521 2921; x_wconf 76' lang='grc' dir='ltr'>τὸ</span> <span class='ocrx_word' id='word_1_451' title='bbox 2549 2870 2673 2940; x_wconf 77' lang='grc' dir='ltr'>περὶ</span> <span class='ocrx_word' id='word_1_452' title='bbox 2700 2870 2893 2922; x_wconf 88' lang='grc' dir='ltr'>θυσιῶν</span> <span class='ocrx_word' id='word_1_453' title='bbox 2924 2872 3095 2940; x_wconf 80' lang='grc' dir='ltr'>νόημα</span> <span class='ocrx_word' id='word_1_454' title='bbox 3126 2872 3197 2944; x_wconf 81' lang='grc' dir='ltr'>μὴ</span> <span class='ocrx_word' id='word_1_455' title='bbox 3231 2871 3577 2942; x_wconf 80' lang='grc' dir='ltr'>χαμαιζήλως</span> <span class='ocrx_word' id='word_1_456' title='bbox 3603 2865 3997 2943; x_wconf 65' lang='grc' dir='ltr'>βουθυτοῦντες.</span> 
     </span>
    </p>
   </div>
   <div class='ocr_carea' id='block_1_59' title="bbox 2462 2960 3999 3034">
    <p class='ocr_par' dir='ltr' id='par_1_59' title="bbox 2462 2960 3999 3034">
     <span class='ocr_line' id='line_1_59' title="bbox 2462 2960 3999 3034; baseline 0.005 -23"><span class='ocrx_word' id='word_1_457' title='bbox 2462 2960 2551 3013; x_wconf 74' lang='grc' dir='ltr'><strong>καὶ</strong></span> <span class='ocrx_word' id='word_1_458' title='bbox 2586 2960 2653 3013; x_wconf 84' lang='grc' dir='ltr'>τὰ</span> <span class='ocrx_word' id='word_1_459' title='bbox 2689 2960 2846 3013; x_wconf 81' lang='grc' dir='ltr'>λοιπὰ</span> <span class='ocrx_word' id='word_1_460' title='bbox 2899 2962 3185 3029; x_wconf 78' lang='grc' dir='ltr'>σφάζοντες</span> <span class='ocrx_word' id='word_1_461' title='bbox 3226 2961 3358 3024; x_wconf 79' lang='grc' dir='ltr'>ζῶα,</span> <span class='ocrx_word' id='word_1_462' title='bbox 3392 2964 3505 3015; x_wconf 82' lang='grc' dir='ltr'>ἀλλ’</span> <span class='ocrx_word' id='word_1_463' title='bbox 3540 2964 3754 3034; x_wconf 78' lang='grc' dir='ltr'>ὑψηλῶς</span> <span class='ocrx_word' id='word_1_464' title='bbox 3798 2965 3866 3017; x_wconf 87' lang='grc' dir='ltr'>τὰ</span> <span class='ocrx_word' id='word_1_465' title='bbox 3910 2965 3999 3018; x_wconf 74' lang='grc' dir='ltr'><strong>διὰ</strong></span> 
     </span>
    </p>
   </div>
   <div class='ocr_carea' id='block_1_60' title="bbox 2460 3050 3999 3124">
    <p class='ocr_par' dir='ltr' id='par_1_60' title="bbox 2460 3050 3999 3124">
     <span class='ocr_line' id='line_1_60' title="bbox 2460 3050 3999 3124; baseline 0.001 -19"><span class='ocrx_word' id='word_1_466' title='bbox 2460 3053 2661 3105; x_wconf 82' lang='grc' dir='ltr'>τούτων</span> <span class='ocrx_word' id='word_1_467' title='bbox 2708 3050 3006 3121; x_wconf 87' lang='grc' dir='ltr'>δηλούμενα</span> <span class='ocrx_word' id='word_1_468' title='bbox 3049 3050 3445 3121; x_wconf 83' lang='grc' dir='ltr'>διανοούμενοι,</span> <span class='ocrx_word' id='word_1_469' title='bbox 3486 3055 3582 3115; x_wconf 84' lang='grc' dir='ltr'>τὰς</span> <span class='ocrx_word' id='word_1_470' title='bbox 3628 3054 3999 3124; x_wconf 79' lang='grc' dir='ltr'>πνευματικὰς</span> 
     </span>
    </p>
   </div>
   <div class='ocr_carea' id='block_1_61' title="bbox 2460 3126 3995 3214">
    <p class='ocr_par' dir='ltr' id='par_1_61' title="bbox 2460 3128 3995 3214">
     <span class='ocr_line' id='line_1_61' title="bbox 2460 3128 3995 3214; baseline 0.001 -16"><span class='ocrx_word' id='word_1_471' title='bbox 2460 3148 2552 3198; x_wconf 77' lang='grc' dir='ltr'><strong>καὶ</strong></span> <span class='ocrx_word' id='word_1_472' title='bbox 2582 3144 2925 3214; x_wconf 81' lang='grc' dir='ltr'>ὲπουρανίους</span> <span class='ocrx_word' id='word_1_473' title='bbox 2956 3142 3140 3204; x_wconf 83' lang='grc' dir='ltr'>θυσίας</span> <span class='ocrx_word' id='word_1_474' title='bbox 3159 3182 3174 3206; x_wconf 92' lang='grc'><strong>,</strong></span> <span class='ocrx_word' id='word_1_475' title='bbox 3224 3137 3296 3195; x_wconf 83' lang='grc' dir='ltr'>ὧν</span> <span class='ocrx_word' id='word_1_476' title='bbox 3330 3128 3695 3213; x_wconf 82' lang='grc' dir='ltr'>ὑποδείγματα</span> <span class='ocrx_word' id='word_1_477' title='bbox 3724 3147 3816 3198; x_wconf 75' lang='grc' dir='ltr'><strong>καὶ</strong></span> <span class='ocrx_word' id='word_1_478' title='bbox 3847 3146 3995 3199; x_wconf 77' lang='grc' dir='ltr'>σκιαὶ</span> 
     </span>
    </p>
   </div>
   <div class='ocr_carea' id='block_1_62' title="bbox 811 3233 2537 3332">
    <p class='ocr_par' dir='ltr' id='par_1_62' title="bbox 811 3234 2537 3332">
     <span class='ocr_line' id='line_1_62' title="bbox 811 3234 2537 3332; baseline 0.003 -41"><span class='ocrx_word' id='word_1_479' title='bbox 811 3243 1017 3293; x_wconf 70' lang='lat' dir='ltr'><strong>umbra:</strong></span> <span class='ocrx_word' id='word_1_480' title='bbox 1064 3248 1218 3293; x_wconf 85' lang='lat' dir='ltr'><strong>erant</strong></span> <span class='ocrx_word' id='word_1_481' title='bbox 1266 3241 1355 3293; x_wconf 89' lang='lat' dir='ltr'><strong>illa</strong></span> <span class='ocrx_word' id='word_1_482' title='bbox 1405 3241 1645 3295; x_wconf 85' lang='lat' dir='ltr'><strong>sensibili</strong></span> <span class='ocrx_word' id='word_1_483' title='bbox 1696 3241 1803 3293; x_wconf 86' lang='lat' dir='ltr'><strong>ritu</strong></span> <span class='ocrx_word' id='word_1_484' title='bbox 1853 3241 2028 3331; x_wconf 78' lang='lat' dir='ltr'><strong>oblata</strong></span> <span class='ocrx_word' id='word_1_485' title='bbox 2071 3243 2355 3297; x_wconf 78' lang='lat' dir='ltr'><strong>sacriﬁcia.</strong></span> <span class='ocrx_word' id='word_1_486' title='bbox 2387 3278 2427 3332; x_wconf 65' lang='grc' dir='ltr'>Ο</span> <span class='ocrx_word' id='word_1_487' title='bbox 2457 3234 2537 3308; x_wconf 78' lang='grc' dir='ltr'><strong>ἧσε</strong></span> 
     </span>
    </p>
   </div>
   <div class='ocr_carea' id='block_1_63' title="bbox 2268 3233 3994 3332">
    <p class='ocr_par' dir='ltr' id='par_1_63' title="bbox 2268 3233 3994 3332">
     <span class='ocr_line' id='line_1_63' title="bbox 2268 3233 3994 3332; baseline -0.009 -37"><span class='ocrx_word' id='word_1_488' title='bbox 2268 3243 2355 3297; x_wconf 86' lang='lat' dir='ltr'><strong>:ia.</strong></span> <span class='ocrx_word' id='word_1_489' title='bbox 2387 3278 2427 3332; x_wconf 65' lang='grc' dir='ltr'>Ο</span> <span class='ocrx_word' id='word_1_490' title='bbox 2457 3234 2593 3332; x_wconf 65' lang='grc' dir='ltr'>ἦσαν</span> <span class='ocrx_word' id='word_1_491' title='bbox 2634 3239 2696 3332; x_wconf 39' lang='grc' dir='ltr'><strong>αἱ.</strong></span> <span class='ocrx_word' id='word_1_492' title='bbox 2743 3233 3008 3332; x_wconf 74' lang='grc' dir='ltr'>αἰσθητῶς</span> <span class='ocrx_word' id='word_1_493' title='bbox 3055 3235 3448 3332; x_wconf 61' lang='grc' dir='ltr'>προσαγόμεναι</span> <span class='ocrx_word' id='word_1_494' title='bbox 3487 3233 3698 3332; x_wconf 37' lang='grc' dir='ltr'>,θυσίαέ</span> <span class='ocrx_word' id='word_1_495' title='bbox 3726 3235 3907 3332; x_wconf 42' lang='lat' dir='ltr'><strong>gem;-</strong></span> <span class='ocrx_word' id='word_1_496' title='bbox 3938 3237 3994 3290; x_wconf 73' lang='grc' dir='ltr'><strong>δὲ</strong></span> 
     </span>
    </p>
   </div>
   <div class='ocr_carea' id='block_1_64' title="bbox 810 3316 2358 3401">
    <p class='ocr_par' dir='ltr' id='par_1_64' title="bbox 810 3316 2358 3401">
     <span class='ocr_line' id='line_1_64' title="bbox 810 3316 2358 3401; baseline -0.001 -17"><span class='ocrx_word' id='word_1_497' title='bbox 810 3333 956 3398; x_wconf 84' lang='lat' dir='ltr'><strong>Quas</strong></span> <span class='ocrx_word' id='word_1_498' title='bbox 993 3346 1152 3401; x_wconf 86' lang='lat' dir='ltr'><strong>porro</strong></span> <span class='ocrx_word' id='word_1_499' title='bbox 1186 3333 1387 3387; x_wconf 83' lang='lat' dir='ltr'><strong>hostias</strong></span> <span class='ocrx_word' id='word_1_500' title='bbox 1427 3332 1513 3386; x_wconf 92' lang='lat' dir='ltr'><strong>hic</strong></span> <span class='ocrx_word' id='word_1_501' title='bbox 1544 3333 1780 3401; x_wconf 82' lang='lat' dir='ltr'><strong>psalmus</strong></span> <span class='ocrx_word' id='word_1_502' title='bbox 1816 3316 2010 3401; x_wconf 77' lang='lat' dir='ltr'><strong>exigat,</strong></span> <span class='ocrx_word' id='word_1_503' title='bbox 2045 3332 2201 3385; x_wconf 88' lang='lat' dir='ltr'><strong>docet</strong></span> <span class='ocrx_word' id='word_1_504' title='bbox 2235 3332 2358 3385; x_wconf 83' lang='lat' dir='ltr'><strong>hea-</strong></span> 
     </span>
    </p>
   </div>
   <div class='ocr_carea' id='block_1_65' title="bbox 712 3422 2357 3489">
    <p class='ocr_par' dir='ltr' id='par_1_65' title="bbox 712 3422 2357 3489">
     <span class='ocr_line' id='line_1_65' title="bbox 712 3422 2357 3489; baseline -0.003 -13"><span class='ocrx_word' id='word_1_505' title='bbox 712 3422 715 3425; x_wconf 79' lang='grc'><em>’</em></span> <span class='ocrx_word' id='word_1_506' title='bbox 812 3433 900 3477; x_wconf 90' lang='lat' dir='ltr'><strong>tus</strong></span> <span class='ocrx_word' id='word_1_507' title='bbox 931 3422 1126 3477; x_wconf 82' lang='lat' dir='ltr'><strong>Paulus</strong></span> <span class='ocrx_word' id='word_1_508' title='bbox 1169 3424 1251 3478; x_wconf 90' lang='lat' dir='ltr'><strong>his</strong></span> <span class='ocrx_word' id='word_1_509' title='bbox 1278 3424 1453 3478; x_wconf 87' lang='lat' dir='ltr'><strong>verbis</strong></span> <span class='ocrx_word' id='word_1_510' title='bbox 1489 3443 1501 3477; x_wconf 90' lang='lat'><strong>:</strong></span> <span class='ocrx_word' id='word_1_511' title='bbox 1529 3422 1777 3476; x_wconf 70' lang='lat' dir='ltr'><strong>Exhibete</strong></span> <span class='ocrx_word' id='word_1_512' title='bbox 1808 3438 2026 3489; x_wconf 86' lang='lat' dir='ltr'><strong>corpora</strong></span> <span class='ocrx_word' id='word_1_513' title='bbox 2060 3431 2229 3475; x_wconf 85' lang='lat' dir='ltr'><strong>vestra</strong></span> <span class='ocrx_word' id='word_1_514' title='bbox 2260 3423 2357 3472; x_wconf 76' lang='lat' dir='ltr'><strong>Ito-</strong></span> 
     </span>
    </p>
   </div>
   <div class='ocr_carea' id='block_1_66' title="bbox 810 3509 2358 3581">
    <p class='ocr_par' dir='ltr' id='par_1_66' title="bbox 810 3509 2358 3581">
     <span class='ocr_line' id='line_1_66' title="bbox 810 3509 2358 3581; baseline -0.001 -16"><span class='ocrx_word' id='word_1_515' title='bbox 810 3516 965 3566; x_wconf 87' lang='lat' dir='ltr'><strong>stiam</strong></span> <span class='ocrx_word' id='word_1_516' title='bbox 993 3530 1200 3581; x_wconf 85' lang='lat' dir='ltr'><strong>puram,</strong></span> <span class='ocrx_word' id='word_1_517' title='bbox 1248 3514 1518 3576; x_wconf 81' lang='lat' dir='ltr'><strong>virentem,</strong></span> <span class='ocrx_word' id='word_1_518' title='bbox 1552 3512 1658 3565; x_wconf 87' lang='lat' dir='ltr'><strong>Deo</strong></span> <span class='ocrx_word' id='word_1_519' title='bbox 1709 3513 2015 3580; x_wconf 79' lang='lat' dir='ltr'><strong>placentem,</strong></span> <span class='ocrx_word' id='word_1_520' title='bbox 2049 3509 2358 3563; x_wconf 76' lang='lat' dir='ltr'><strong>rationabile</strong></span> 
     </span>
    </p>
   </div>
   <div class='ocr_carea' id='block_1_67' title="bbox 809 3601 2354 3675">
    <p class='ocr_par' dir='ltr' id='par_1_67' title="bbox 809 3601 2354 3675">
     <span class='ocr_line' id='line_1_67' title="bbox 809 3601 2354 3675; baseline -0.003 -18"><span class='ocrx_word' id='word_1_521' title='bbox 809 3602 1107 3675; x_wconf 74' lang='lat' dir='ltr'><strong>obsequium</strong></span> <span class='ocrx_word' id='word_1_522' title='bbox 1132 3604 1436 3658; x_wconf 76' lang='lat' dir='ltr'><strong>vestrum”.</strong></span> <span class='ocrx_word' id='word_1_523' title='bbox 1472 3603 1539 3656; x_wconf 86' lang='lat' dir='ltr'><strong>Et</strong></span> <span class='ocrx_word' id='word_1_524' title='bbox 1564 3603 1796 3663; x_wconf 83' lang='lat' dir='ltr'><strong>introite,</strong></span> <span class='ocrx_word' id='word_1_525' title='bbox 1828 3601 2021 3670; x_wconf 85' lang='lat' dir='ltr'><strong>inquit,</strong></span> <span class='ocrx_word' id='word_1_526' title='bbox 2068 3616 2164 3669; x_wconf 88' lang='lat' dir='ltr'><strong>per</strong></span> <span class='ocrx_word' id='word_1_527' title='bbox 2196 3603 2354 3668; x_wconf 73' lang='lat' dir='ltr'><strong>Quam</strong></span> 
     </span>
    </p>
   </div>
   <div class='ocr_carea' id='block_1_68' title="bbox 810 3689 2357 3767">
    <p class='ocr_par' dir='ltr' id='par_1_68' title="bbox 810 3689 2357 3767">
     <span class='ocr_line' id='line_1_68' title="bbox 810 3689 2357 3767; baseline -0.006 -18"><span class='ocrx_word' id='word_1_528' title='bbox 810 3697 1090 3750; x_wconf 77' lang='lat' dir='ltr'><strong>semitam?</strong></span> <span class='ocrx_word' id='word_1_529' title='bbox 1120 3712 1212 3766; x_wconf 85' lang='lat' dir='ltr'><strong>per</strong></span> <span class='ocrx_word' id='word_1_530' title='bbox 1261 3695 1417 3750; x_wconf 84' lang='lat' dir='ltr'><strong>ﬁdem</strong></span> <span class='ocrx_word' id='word_1_531' title='bbox 1467 3694 1763 3749; x_wconf 89' lang='lat' dir='ltr'><strong>videlicet:</strong></span> <span class='ocrx_word' id='word_1_532' title='bbox 1801 3694 1914 3763; x_wconf 89' lang='lat' dir='ltr'><strong>ipsa</strong></span> <span class='ocrx_word' id='word_1_533' title='bbox 1952 3693 2095 3767; x_wconf 86' lang='lat' dir='ltr'><strong>enim</strong></span> <span class='ocrx_word' id='word_1_534' title='bbox 2146 3696 2228 3745; x_wconf 86' lang='lat' dir='ltr'><strong>est</strong></span> <span class='ocrx_word' id='word_1_535' title='bbox 2273 3689 2357 3741; x_wconf 89' lang='lat' dir='ltr'><strong>in-</strong></span> 
     </span>
    </p>
   </div>
   <div class='ocr_carea' id='block_1_69' title="bbox 808 3787 1715 3855">
    <p class='ocr_par' dir='ltr' id='par_1_69' title="bbox 808 3787 1715 3855">
     <span class='ocr_line' id='line_1_69' title="bbox 808 3787 1715 3855; baseline 0.002 -16"><span class='ocrx_word' id='word_1_536' title='bbox 808 3803 1027 3855; x_wconf 72' lang='lat' dir='ltr'><strong>gressus</strong></span> <span class='ocrx_word' id='word_1_537' title='bbox 1066 3787 1131 3840; x_wconf 85' lang='lat' dir='ltr'><strong>ad</strong></span> <span class='ocrx_word' id='word_1_538' title='bbox 1165 3787 1413 3840; x_wconf 81' lang='lat' dir='ltr'><strong>salutem.</strong></span> <span class='ocrx_word' id='word_1_539' title='bbox 1711 3828 1715 3831; x_wconf 86' lang='grc'><strong><em>-</em></strong></span> 
     </span>
    </p>
   </div>
   <div class='ocr_carea' id='block_1_70' title="bbox 882 3871 2350 3939">
    <p class='ocr_par' dir='ltr' id='par_1_70' title="bbox 882 3871 2350 3939">
     <span class='ocr_line' id='line_1_70' title="bbox 882 3871 2350 3939; baseline -0.004 -10"><span class='ocrx_word' id='word_1_540' title='bbox 882 3876 1039 3931; x_wconf 75' lang='lat' dir='ltr'><strong>Vens.</strong></span> <span class='ocrx_word' id='word_1_541' title='bbox 1076 3877 1162 3939; x_wconf 80' lang='lat' dir='ltr'><strong>ll,</strong></span> <span class='ocrx_word' id='word_1_542' title='bbox 1208 3876 1289 3930; x_wconf 76' lang='grc'><strong>15.</strong></span> <span class='ocrx_word' id='word_1_543' title='bbox 1344 3875 1614 3930; x_wconf 68' lang='lat' dir='ltr'><strong>Lit-tentur</strong></span> <span class='ocrx_word' id='word_1_544' title='bbox 1659 3873 1774 3927; x_wconf 69' lang='lat' dir='ltr'><strong>cali</strong></span> <span class='ocrx_word' id='word_1_545' title='bbox 1803 3882 1853 3927; x_wconf 86' lang='lat' dir='ltr'><strong>et</strong></span> <span class='ocrx_word' id='word_1_546' title='bbox 1913 3871 2137 3926; x_wconf 72' lang='lat' dir='ltr'><strong>exsultet</strong></span> <span class='ocrx_word' id='word_1_547' title='bbox 2187 3880 2350 3936; x_wconf 89' lang='lat' dir='ltr'><strong>terra,</strong></span> 
     </span>
    </p>
   </div>
   <div class='ocr_carea' id='block_1_71' title="bbox 807 3954 2353 4033">
    <p class='ocr_par' dir='ltr' id='par_1_71' title="bbox 807 3954 2353 4033">
     <span class='ocr_line' id='line_1_71' title="bbox 807 3954 2353 4033; baseline -0.004 -13"><span class='ocrx_word' id='word_1_548' title='bbox 807 3954 1191 4021; x_wconf 81' lang='lat' dir='ltr'><strong>commoveatur</strong></span> <span class='ocrx_word' id='word_1_549' title='bbox 1219 3984 1362 4020; x_wconf 87' lang='lat' dir='ltr'><strong>mare</strong></span> <span class='ocrx_word' id='word_1_550' title='bbox 1409 3975 1459 4020; x_wconf 86' lang='lat' dir='ltr'><strong>et</strong></span> <span class='ocrx_word' id='word_1_551' title='bbox 1521 3965 1789 4033; x_wconf 78' lang='lat' dir='ltr'><strong>plenitudo</strong></span> <span class='ocrx_word' id='word_1_552' title='bbox 1844 3963 1976 4033; x_wconf 81' lang='lat' dir='ltr'><strong>ejus.</strong></span> <span class='ocrx_word' id='word_1_553' title='bbox 2045 3962 2353 4016; x_wconf 76' lang='lat' dir='ltr'><strong>Gaudebant</strong></span> 
     </span>
    </p>
   </div>
   <div class='ocr_carea' id='block_1_72' title="bbox 807 4052 2349 4124">
    <p class='ocr_par' dir='ltr' id='par_1_72' title="bbox 807 4052 2349 4124">
     <span class='ocr_line' id='line_1_72' title="bbox 807 4052 2349 4124; baseline -0.005 -14"><span class='ocrx_word' id='word_1_554' title='bbox 807 4061 979 4123; x_wconf 82' lang='lat' dir='ltr'><strong>campi</strong></span> <span class='ocrx_word' id='word_1_555' title='bbox 1009 4066 1059 4109; x_wconf 80' lang='lat' dir='ltr'><strong>et</strong></span> <span class='ocrx_word' id='word_1_556' title='bbox 1108 4057 1284 4109; x_wconf 80' lang='lat' dir='ltr'><strong>omnia</strong></span> <span class='ocrx_word' id='word_1_557' title='bbox 1312 4071 1426 4124; x_wconf 70' lang='lat' dir='ltr'><strong>qua!</strong></span> <span class='ocrx_word' id='word_1_558' title='bbox 1489 4057 1539 4108; x_wconf 87' lang='lat' dir='ltr'><strong>in</strong></span> <span class='ocrx_word' id='word_1_559' title='bbox 1565 4056 1637 4108; x_wconf 82' lang='lat' dir='ltr'><strong>eis</strong></span> <span class='ocrx_word' id='word_1_560' title='bbox 1664 4064 1804 4109; x_wconf 82' lang='lat' dir='ltr'><strong>sunt.</strong></span> <span class='ocrx_word' id='word_1_561' title='bbox 1837 4053 1940 4107; x_wconf 87' lang='lat' dir='ltr'><strong>Pro</strong></span> <span class='ocrx_word' id='word_1_562' title='bbox 1964 4054 2075 4117; x_wconf 90' lang='lat' dir='ltr'><strong>illo,</strong></span> <span class='ocrx_word' id='word_1_563' title='bbox 2105 4052 2349 4107; x_wconf 82' lang='lat' dir='ltr'><strong>Commo—</strong></span> 
     </span>
    </p>
   </div>
   <div class='ocr_carea' id='block_1_73' title="bbox 806 4144 2381 4215">
    <p class='ocr_par' dir='ltr' id='par_1_73' title="bbox 806 4144 2381 4215">
     <span class='ocr_line' id='line_1_73' title="bbox 806 4144 2381 4215; baseline -0.004 -13"><span class='ocrx_word' id='word_1_564' title='bbox 806 4158 986 4201; x_wconf 77' lang='lat' dir='ltr'><strong>veatur</strong></span> <span class='ocrx_word' id='word_1_565' title='bbox 1023 4162 1185 4209; x_wconf 86' lang='lat' dir='ltr'><strong>mare,</strong></span> <span class='ocrx_word' id='word_1_566' title='bbox 1217 4148 1513 4201; x_wconf 91' lang='lat' dir='ltr'><strong>secundum</strong></span> <span class='ocrx_word' id='word_1_567' title='bbox 1556 4147 1803 4215; x_wconf 80' lang='lat' dir='ltr'><strong>Aquilam</strong></span> <span class='ocrx_word' id='word_1_568' title='bbox 1834 4145 2066 4207; x_wconf 78' lang='lat' dir='ltr'><strong>dicitur,</strong></span> <span class='ocrx_word' id='word_1_569' title='bbox 2102 4144 2346 4207; x_wconf 86' lang='lat' dir='ltr'><strong>Tonabit;</strong></span> <span class='ocrx_word' id='word_1_570' title='bbox 2380 4148 2381 4151; x_wconf 67' lang='grc'><em>“</em></span> 
     </span>
    </p>
   </div>
   <div class='ocr_carea' id='block_1_74' title="bbox 802 4221 2350 4307">
    <p class='ocr_par' dir='ltr' id='par_1_74' title="bbox 802 4221 2350 4307">
     <span class='ocr_line' id='line_1_74' title="bbox 802 4221 2350 4307; baseline -0.005 -12"><span class='ocrx_word' id='word_1_571' title='bbox 802 4221 1103 4295; x_wconf 75' lang='lat' dir='ltr'><strong>secundum</strong></span> <span class='ocrx_word' id='word_1_572' title='bbox 1158 4237 1541 4307; x_wconf 85' lang='lat' dir='ltr'><strong>Symmachum</strong></span> <span class='ocrx_word' id='word_1_573' title='bbox 1584 4251 1733 4296; x_wconf 89' lang='lat' dir='ltr'><strong>vero,</strong></span> <span class='ocrx_word' id='word_1_574' title='bbox 1764 4235 2003 4289; x_wconf 86' lang='lat' dir='ltr'><strong>Sonabit.</strong></span> <span class='ocrx_word' id='word_1_575' title='bbox 2036 4232 2140 4288; x_wconf 54' lang='lat' dir='ltr'><strong>&#39;llis</strong></span> <span class='ocrx_word' id='word_1_576' title='bbox 2189 4250 2350 4304; x_wconf 87' lang='lat' dir='ltr'><strong>porro</strong></span> 
     </span>
    </p>
   </div>
   <div class='ocr_carea' id='block_1_75' title="bbox 806 4325 2350 4400">
    <p class='ocr_par' dir='ltr' id='par_1_75' title="bbox 806 4325 2350 4400">
     <span class='ocr_line' id='line_1_75' title="bbox 806 4325 2350 4400; baseline -0.005 -16"><span class='ocrx_word' id='word_1_577' title='bbox 806 4328 1159 4400; x_wconf 81' lang='lat' dir='ltr'><strong>signiﬁcatur,</strong></span> <span class='ocrx_word' id='word_1_578' title='bbox 1188 4326 1552 4396; x_wconf 80' lang='lat' dir='ltr'><strong>evangelicam</strong></span> <span class='ocrx_word' id='word_1_579' title='bbox 1612 4325 2045 4394; x_wconf 71' lang='lat' dir='ltr'><strong>prazdicationem</strong></span> <span class='ocrx_word' id='word_1_580' title='bbox 2085 4327 2200 4394; x_wconf 83' lang='lat' dir='ltr'><strong>ipsa</strong></span> <span class='ocrx_word' id='word_1_581' title='bbox 2237 4342 2350 4377; x_wconf 87' lang='lat' dir='ltr'><strong>ma-</strong></span> 
     </span>
    </p>
   </div>
   <div class='ocr_carea' id='block_1_76' title="bbox 802 4422 2347 4492">
    <p class='ocr_par' dir='ltr' id='par_1_76' title="bbox 802 4422 2347 4492">
     <span class='ocr_line' id='line_1_76' title="bbox 802 4422 2347 4492; baseline -0.003 -11"><span class='ocrx_word' id='word_1_582' title='bbox 802 4428 884 4481; x_wconf 83' lang='lat' dir='ltr'><strong>ria</strong></span> <span class='ocrx_word' id='word_1_583' title='bbox 907 4433 960 4482; x_wconf 89' lang='lat' dir='ltr'><strong>e&#39;t</strong></span> <span class='ocrx_word' id='word_1_584' title='bbox 1012 4427 1219 4481; x_wconf 82' lang='lat' dir='ltr'><strong>insulas</strong></span> <span class='ocrx_word' id='word_1_585' title='bbox 1268 4427 1323 4479; x_wconf 87' lang='lat' dir='ltr'><strong>in</strong></span> <span class='ocrx_word' id='word_1_586' title='bbox 1374 4424 1510 4477; x_wconf 88' lang='lat' dir='ltr'><strong>mari</strong></span> <span class='ocrx_word' id='word_1_587' title='bbox 1566 4423 1792 4492; x_wconf 83' lang='lat' dir='ltr'><strong>positas,</strong></span> <span class='ocrx_word' id='word_1_588' title='bbox 1838 4437 2041 4476; x_wconf 88' lang='lat' dir='ltr'><strong>necnon</strong></span> <span class='ocrx_word' id='word_1_589' title='bbox 2104 4422 2347 4476; x_wconf 81' lang='lat' dir='ltr'><strong>homines</strong></span> 
     </span>
    </p>
   </div>
   <div class='ocr_carea' id='block_1_77' title="bbox 804 4510 2349 4589">
    <p class='ocr_par' dir='ltr' id='par_1_77' title="bbox 804 4510 2349 4589">
     <span class='ocr_line' id='line_1_77' title="bbox 804 4510 2349 4589; baseline -0.005 -16"><span class='ocrx_word' id='word_1_590' title='bbox 804 4521 951 4589; x_wconf 84' lang='lat' dir='ltr'><strong>ipsas</strong></span> <span class='ocrx_word' id='word_1_591' title='bbox 975 4520 1296 4581; x_wconf 88' lang='lat' dir='ltr'><strong>incolentes,</strong></span> <span class='ocrx_word' id='word_1_592' title='bbox 1346 4523 1750 4586; x_wconf 81' lang='lat' dir='ltr'><strong>peragraturam</strong></span> <span class='ocrx_word' id='word_1_593' title='bbox 1781 4528 1897 4565; x_wconf 73' lang='lat' dir='ltr'><strong>eSsc</strong></span> <span class='ocrx_word' id='word_1_594' title='bbox 1924 4530 1937 4578; x_wconf 91' lang='lat'><strong>;</strong></span> <span class='ocrx_word' id='word_1_595' title='bbox 1965 4514 2057 4580; x_wconf 83' lang='lat' dir='ltr'><strong>qui</strong></span> <span class='ocrx_word' id='word_1_596' title='bbox 2100 4510 2349 4565; x_wconf 87' lang='lat' dir='ltr'><strong>homines</strong></span> 
     </span>
    </p>
   </div>
   <div class='ocr_carea' id='block_1_78' title="bbox 2460 3324 3999 3394">
    <p class='ocr_par' dir='ltr' id='par_1_78' title="bbox 2460 3324 3999 3394">
     <span class='ocr_line' id='line_1_78' title="bbox 2460 3324 3999 3394; baseline 0.001 -15"><span class='ocrx_word' id='word_1_597' title='bbox 2460 3328 2644 3388; x_wconf 83' lang='grc' dir='ltr'>θυσίας</span> <span class='ocrx_word' id='word_1_598' title='bbox 2675 3328 2889 3378; x_wconf 83' lang='grc' dir='ltr'>ἀπαιτεῖ</span> <span class='ocrx_word' id='word_1_599' title='bbox 2920 3326 2965 3393; x_wconf 84' lang='grc' dir='ltr'>ὴ,</span> <span class='ocrx_word' id='word_1_600' title='bbox 2983 3324 3281 3394; x_wconf 70' lang='grc' dir='ltr'>ψαλμῳδία,</span> <span class='ocrx_word' id='word_1_601' title='bbox 3305 3327 3332 3376; x_wconf 84' lang='grc' dir='ltr'>ὁ</span> <span class='ocrx_word' id='word_1_602' title='bbox 3360 3324 3622 3394; x_wconf 86' lang='grc' dir='ltr'>μακάριος</span> <span class='ocrx_word' id='word_1_603' title='bbox 3650 3324 3857 3390; x_wconf 76' lang='grc' dir='ltr'>Παῦλος</span> <span class='ocrx_word' id='word_1_604' title='bbox 3885 3328 3999 3382; x_wconf 84' lang='grc' dir='ltr'>δια-</span> 
     </span>
    </p>
   </div>
   <div class='ocr_carea' id='block_1_79' title="bbox 2460 3414 3997 3489">
    <p class='ocr_par' dir='ltr' id='par_1_79' title="bbox 2460 3414 3997 3489">
     <span class='ocr_line' id='line_1_79' title="bbox 2460 3414 3997 3489; baseline 0 -20"><span class='ocrx_word' id='word_1_605' title='bbox 2460 3417 2779 3489; x_wconf 77' lang='grc' dir='ltr'>μνημονεύει</span> <span class='ocrx_word' id='word_1_606' title='bbox 2799 3416 2969 3484; x_wconf 84' lang='grc' dir='ltr'>λέγων</span> <span class='ocrx_word' id='word_1_607' title='bbox 2989 3432 3001 3444; x_wconf 75' lang='lat'><strong>-</strong></span> <span class='ocrx_word' id='word_1_608' title='bbox 3026 3414 3449 3481; x_wconf 72' lang='grc' dir='ltr'>Ιιαραστήσατε</span> <span class='ocrx_word' id='word_1_609' title='bbox 3476 3418 3545 3469; x_wconf 86' lang='grc' dir='ltr'>τὰ</span> <span class='ocrx_word' id='word_1_610' title='bbox 3571 3416 3811 3484; x_wconf 85' lang='grc' dir='ltr'>σώματα</span> <span class='ocrx_word' id='word_1_611' title='bbox 3830 3416 3997 3486; x_wconf 83' lang='grc' dir='ltr'>ὑμῶν</span> 
     </span>
    </p>
   </div>
   <div class='ocr_carea' id='block_1_80' title="bbox 2456 3504 3997 3575">
    <p class='ocr_par' dir='ltr' id='par_1_80' title="bbox 2456 3504 3997 3575">
     <span class='ocr_line' id='line_1_80' title="bbox 2456 3504 3997 3575; baseline -0.003 -11"><span class='ocrx_word' id='word_1_612' title='bbox 2456 3512 2672 3564; x_wconf 83' lang='grc' dir='ltr'>θυσίαν</span> <span class='ocrx_word' id='word_1_613' title='bbox 2705 3508 2981 3574; x_wconf 79' lang='grc' dir='ltr'>καθαρὰν,</span> <span class='ocrx_word' id='word_1_614' title='bbox 3015 3504 3223 3570; x_wconf 76' lang='grc' dir='ltr'>ζῶσαν,</span> <span class='ocrx_word' id='word_1_615' title='bbox 3258 3505 3580 3574; x_wconf 76' lang='grc' dir='ltr'>εὐάρεστον</span> <span class='ocrx_word' id='word_1_616' title='bbox 3609 3508 3685 3572; x_wconf 84' lang='grc' dir='ltr'>τῷ</span> <span class='ocrx_word' id='word_1_617' title='bbox 3719 3507 3856 3573; x_wconf 83' lang='grc' dir='ltr'>Θεῷ,</span> <span class='ocrx_word' id='word_1_618' title='bbox 3884 3508 3997 3575; x_wconf 81' lang='grc' dir='ltr'><strong>τὴν</strong></span> 
     </span>
    </p>
   </div>
   <div class='ocr_carea' id='block_1_81' title="bbox 2453 3584 3992 3667">
    <p class='ocr_par' dir='ltr' id='par_1_81' title="bbox 2453 3584 3992 3667">
     <span class='ocr_line' id='line_1_81' title="bbox 2453 3584 3992 3667; baseline 0 -19"><span class='ocrx_word' id='word_1_619' title='bbox 2453 3584 2701 3665; x_wconf 74' lang='grc' dir='ltr'>λογικὴν</span> <span class='ocrx_word' id='word_1_620' title='bbox 2725 3595 3002 3661; x_wconf 75' lang='grc' dir='ltr'>λατρείαν</span> <span class='ocrx_word' id='word_1_621' title='bbox 3026 3592 3206 3661; x_wconf 82' lang='grc' dir='ltr'>ὑμῶν.</span> <span class='ocrx_word' id='word_1_622' title='bbox 3234 3594 3340 3647; x_wconf 85' lang='grc' dir='ltr'><strong>Καὶ</strong></span> <span class='ocrx_word' id='word_1_623' title='bbox 3377 3597 3814 3663; x_wconf 79' lang='grc' dir='ltr'>εἰσπορεύεσθε,</span> <span class='ocrx_word' id='word_1_624' title='bbox 3841 3598 3992 3667; x_wconf 75' lang='grc' dir='ltr'>φησὶ,</span> 
     </span>
    </p>
   </div>
   <div class='ocr_carea' id='block_1_82' title="bbox 2452 3680 3993 3755">
    <p class='ocr_par' dir='ltr' id='par_1_82' title="bbox 2452 3680 3993 3755">
     <span class='ocr_line' id='line_1_82' title="bbox 2452 3680 3993 3755; baseline -0.002 -17"><span class='ocrx_word' id='word_1_625' title='bbox 2452 3686 2539 3738; x_wconf 81' lang='grc' dir='ltr'>διὰ</span> <span class='ocrx_word' id='word_1_626' title='bbox 2574 3686 2727 3746; x_wconf 85' lang='grc' dir='ltr'>ποίας</span> <span class='ocrx_word' id='word_1_627' title='bbox 2761 3684 3039 3755; x_wconf 80' lang='grc' dir='ltr'>ἐρχόμενοι</span> <span class='ocrx_word' id='word_1_628' title='bbox 3071 3683 3289 3755; x_wconf 77' lang='grc' dir='ltr'>τρίϐου;</span> <span class='ocrx_word' id='word_1_629' title='bbox 3316 3683 3402 3737; x_wconf 74' lang='grc' dir='ltr'>διὰ</span> <span class='ocrx_word' id='word_1_630' title='bbox 3437 3685 3537 3754; x_wconf 85' lang='grc' dir='ltr'>τῆς</span> <span class='ocrx_word' id='word_1_631' title='bbox 3558 3680 3787 3748; x_wconf 80' lang='grc' dir='ltr'>πίστεως</span> <span class='ocrx_word' id='word_1_632' title='bbox 3812 3684 3993 3755; x_wconf 85' lang='grc' dir='ltr'>δηλον-</span> 
     </span>
    </p>
   </div>
   <div class='ocr_carea' id='block_1_83' title="bbox 2452 3775 3781 3847">
    <p class='ocr_par' dir='ltr' id='par_1_83' title="bbox 2452 3775 3781 3847">
     <span class='ocr_line' id='line_1_83' title="bbox 2452 3775 3781 3847; baseline 0 -19"><span class='ocrx_word' id='word_1_633' title='bbox 2452 3776 2563 3828; x_wconf 89' lang='grc' dir='ltr'>ότι·</span> <span class='ocrx_word' id='word_1_634' title='bbox 2599 3775 2736 3843; x_wconf 73' lang='grc' dir='ltr'>αὕτη</span> <span class='ocrx_word' id='word_1_635' title='bbox 2765 3777 2870 3844; x_wconf 84' lang='grc' dir='ltr'><strong>γάρ</strong></span> <span class='ocrx_word' id='word_1_636' title='bbox 2898 3776 3095 3843; x_wconf 86' lang='grc' dir='ltr'>ὲστινή</span> <span class='ocrx_word' id='word_1_637' title='bbox 3124 3777 3222 3843; x_wconf 85' lang='grc' dir='ltr'>τῆς</span> <span class='ocrx_word' id='word_1_638' title='bbox 3252 3776 3519 3845; x_wconf 82' lang='grc' dir='ltr'>σωτηρίας</span> <span class='ocrx_word' id='word_1_639' title='bbox 3550 3775 3781 3847; x_wconf 75' lang='grc' dir='ltr'>εἰσϐολὴ.</span> 
     </span>
    </p>
   </div>
   <div class='ocr_carea' id='block_1_84' title="bbox 2521 3854 3994 3935">
    <p class='ocr_par' dir='ltr' id='par_1_84' title="bbox 2521 3854 3994 3935">
     <span class='ocr_line' id='line_1_84' title="bbox 2521 3854 3994 3935; baseline 0.001 -16"><span class='ocrx_word' id='word_1_640' title='bbox 2521 3854 3058 3934; x_wconf 57' lang='grc' dir='ltr'>Εὐφραινέσθωσαν</span> <span class='ocrx_word' id='word_1_641' title='bbox 3099 3868 3151 3917; x_wconf 86' lang='grc' dir='ltr'>οὶ</span> <span class='ocrx_word' id='word_1_642' title='bbox 3206 3865 3443 3933; x_wconf 76' lang='grc' dir='ltr'>οὐρανοὶ</span> <span class='ocrx_word' id='word_1_643' title='bbox 3480 3868 3585 3927; x_wconf 69' lang='grc' dir='ltr'><strong>Δκαὶ</strong></span> <span class='ocrx_word' id='word_1_644' title='bbox 3614 3865 3994 3935; x_wconf 55' lang='lat' dir='ltr'><strong>circumdatis;</strong></span> 
     </span>
    </p>
   </div>
   <div class='ocr_carea' id='block_1_85' title="bbox 2452 3944 3993 4025">
    <p class='ocr_par' dir='ltr' id='par_1_85' title="bbox 2452 3944 3993 4025">
     <span class='ocr_line' id='line_1_85' title="bbox 2452 3944 3993 4025; baseline -0.003 -17"><span class='ocrx_word' id='word_1_645' title='bbox 2452 3957 2489 4025; x_wconf 73' lang='grc' dir='ltr'>ἡ</span> <span class='ocrx_word' id='word_1_646' title='bbox 2532 3955 2604 4025; x_wconf 73' lang='grc' dir='ltr'>γῆ</span> <span class='ocrx_word' id='word_1_647' title='bbox 2625 3995 2639 4018; x_wconf 94' lang='grc'><strong>,</strong></span> <span class='ocrx_word' id='word_1_648' title='bbox 2674 3944 3018 4021; x_wconf 66' lang='grc' dir='ltr'>σαλευθήτω</span> <span class='ocrx_word' id='word_1_649' title='bbox 3067 3955 3104 4020; x_wconf 75' lang='grc' dir='ltr'><strong><em>ἡ</em></strong></span> <span class='ocrx_word' id='word_1_650' title='bbox 3138 3952 3433 4007; x_wconf 47' lang='grc' dir='ltr'>θάλασσαν</span> <span class='ocrx_word' id='word_1_651' title='bbox 3457 3953 3552 4004; x_wconf 74' lang='grc' dir='ltr'>καὶ</span> <span class='ocrx_word' id='word_1_652' title='bbox 3597 3951 3662 4004; x_wconf 84' lang='grc' dir='ltr'>τὸ</span> <span class='ocrx_word' id='word_1_653' title='bbox 3708 3954 3993 4020; x_wconf 68' lang='grc' dir='ltr'>πλήρωμα</span> 
     </span>
    </p>
   </div>
   <div class='ocr_carea' id='block_1_86' title="bbox 2450 4041 3993 4115">
    <p class='ocr_par' dir='ltr' id='par_1_86' title="bbox 2450 4041 3993 4115">
     <span class='ocr_line' id='line_1_86' title="bbox 2450 4041 3993 4115; baseline -0.004 -15"><span class='ocrx_word' id='word_1_654' title='bbox 2450 4046 2654 4115; x_wconf 83' lang='grc' dir='ltr'>αὐτῆς.</span> <span class='ocrx_word' id='word_1_655' title='bbox 2700 4045 3027 4115; x_wconf 85' lang='grc' dir='ltr'>Χαρήσεται</span> <span class='ocrx_word' id='word_1_656' title='bbox 3067 4044 3136 4097; x_wconf 85' lang='grc' dir='ltr'>τὰ</span> <span class='ocrx_word' id='word_1_657' title='bbox 3186 4042 3374 4106; x_wconf 82' lang='grc' dir='ltr'>πεδία,</span> <span class='ocrx_word' id='word_1_658' title='bbox 3421 4041 3515 4093; x_wconf 78' lang='grc' dir='ltr'>καὶ</span> <span class='ocrx_word' id='word_1_659' title='bbox 3570 4044 3763 4094; x_wconf 78' lang='grc' dir='ltr'>πάντα</span> <span class='ocrx_word' id='word_1_660' title='bbox 3799 4042 3872 4094; x_wconf 86' lang='grc' dir='ltr'>τὰ</span> <span class='ocrx_word' id='word_1_661' title='bbox 3921 4042 3993 4094; x_wconf 73' lang='grc' dir='ltr'><strong>«ἐν</strong></span> 
     </span>
    </p>
   </div>
   <div class='ocr_carea' id='block_1_87' title="bbox 2448 4132 3991 4205">
    <p class='ocr_par' dir='ltr' id='par_1_87' title="bbox 2448 4132 3991 4205">
     <span class='ocr_line' id='line_1_87' title="bbox 2448 4132 3991 4205; baseline -0.005 -13"><span class='ocrx_word' id='word_1_662' title='bbox 2448 4139 2667 4205; x_wconf 78' lang='grc' dir='ltr'>αὐτοῖς.</span> <span class='ocrx_word' id='word_1_663' title='bbox 2699 4139 2841 4192; x_wconf 71' lang='grc' dir='ltr'>Ἀντὶ</span> <span class='ocrx_word' id='word_1_664' title='bbox 2860 4138 2915 4190; x_wconf 86' lang='grc' dir='ltr'>δὲ</span> <span class='ocrx_word' id='word_1_665' title='bbox 2942 4136 3054 4200; x_wconf 82' lang='grc' dir='ltr'>τοῦ,</span> <span class='ocrx_word' id='word_1_666' title='bbox 3086 4133 3433 4201; x_wconf 76' lang='grc' dir='ltr'>Σαλευθήτω</span> <span class='ocrx_word' id='word_1_667' title='bbox 3457 4134 3493 4201; x_wconf 76' lang='grc' dir='ltr'>ἡ</span> <span class='ocrx_word' id='word_1_668' title='bbox 3522 4133 3819 4196; x_wconf 77' lang='grc' dir='ltr'>θάλασσα,</span> <span class='ocrx_word' id='word_1_669' title='bbox 3849 4132 3991 4186; x_wconf 69' lang='grc' dir='ltr'>κατὰ</span> 
     </span>
    </p>
   </div>
   <div class='ocr_carea' id='block_1_88' title="bbox 2446 4222 3988 4296">
    <p class='ocr_par' dir='ltr' id='par_1_88' title="bbox 2446 4222 3988 4296">
     <span class='ocr_line' id='line_1_88' title="bbox 2446 4222 3988 4296; baseline -0.006 -11"><span class='ocrx_word' id='word_1_670' title='bbox 2446 4232 2535 4285; x_wconf 78' lang='grc' dir='ltr'><strong>τὸν</strong></span> <span class='ocrx_word' id='word_1_671' title='bbox 2577 4229 2800 4284; x_wconf 84' lang='grc' dir='ltr'>Ἀκύλαν</span> <span class='ocrx_word' id='word_1_672' title='bbox 2826 4268 2839 4291; x_wconf 93' lang='grc'><strong>,</strong></span> <span class='ocrx_word' id='word_1_673' title='bbox 2889 4227 3211 4295; x_wconf 82' lang='grc' dir='ltr'>Βροντήσει</span> <span class='ocrx_word' id='word_1_674' title='bbox 3231 4265 3244 4289; x_wconf 96' lang='grc'><strong>,</strong></span> <span class='ocrx_word' id='word_1_675' title='bbox 3273 4225 3303 4296; x_wconf 83' lang='grc' dir='ltr'>ἦ</span> <span class='ocrx_word' id='word_1_676' title='bbox 3354 4224 3492 4277; x_wconf 83' lang='grc' dir='ltr'>κατὰ</span> <span class='ocrx_word' id='word_1_677' title='bbox 3524 4222 3613 4276; x_wconf 84' lang='grc' dir='ltr'><strong>τὸν</strong></span> <span class='ocrx_word' id='word_1_678' title='bbox 3662 4223 3948 4293; x_wconf 79' lang='grc' dir='ltr'>Σύμμαχον</span> <span class='ocrx_word' id='word_1_679' title='bbox 3971 4260 3988 4285; x_wconf 92' lang='grc'><strong>,</strong></span> 
     </span>
    </p>
   </div>
   <div class='ocr_carea' id='block_1_89' title="bbox 2459 4313 3990 4391">
    <p class='ocr_par' dir='ltr' id='par_1_89' title="bbox 2459 4313 3990 4391">
     <span class='ocr_line' id='line_1_89' title="bbox 2459 4313 3990 4391; baseline -0.007 -14"><span class='ocrx_word' id='word_1_680' title='bbox 2459 4323 2711 4391; x_wconf 83' lang='grc' dir='ltr'>Ἠχήσει.</span> <span class='ocrx_word' id='word_1_681' title='bbox 2746 4322 3002 4391; x_wconf 83' lang='grc' dir='ltr'>Σημαίνει</span> <span class='ocrx_word' id='word_1_682' title='bbox 3033 4320 3087 4372; x_wconf 81' lang='grc' dir='ltr'>δὲ</span> <span class='ocrx_word' id='word_1_683' title='bbox 3122 4319 3208 4372; x_wconf 82' lang='grc' dir='ltr'>διὰ</span> <span class='ocrx_word' id='word_1_684' title='bbox 3249 4317 3446 4371; x_wconf 86' lang='grc' dir='ltr'>τούτων</span> <span class='ocrx_word' id='word_1_685' title='bbox 3478 4319 3506 4369; x_wconf 91' lang='grc' dir='ltr'>ὁ</span> <span class='ocrx_word' id='word_1_686' title='bbox 3541 4317 3696 4385; x_wconf 84' lang='grc' dir='ltr'>λόγος</span> <span class='ocrx_word' id='word_1_687' title='bbox 3722 4313 3990 4369; x_wconf 82' lang='grc' dir='ltr'>διελεύσε-</span> 
     </span>
    </p>
   </div>
   <div class='ocr_carea' id='block_1_90' title="bbox 2450 4406 3991 4486">
    <p class='ocr_par' dir='ltr' id='par_1_90' title="bbox 2450 4406 3991 4486">
     <span class='ocr_line' id='line_1_90' title="bbox 2450 4406 3991 4486; baseline -0.007 -18"><span class='ocrx_word' id='word_1_688' title='bbox 2450 4415 2569 4468; x_wconf 90' lang='grc' dir='ltr'>σθαι</span> <span class='ocrx_word' id='word_1_689' title='bbox 2593 4414 2652 4466; x_wconf 70' lang='lat' dir='ltr'><strong>to</strong></span> <span class='ocrx_word' id='word_1_690' title='bbox 2680 4412 3027 4479; x_wconf 84' lang='grc' dir='ltr'>εὑαγγελικὸν</span> <span class='ocrx_word' id='word_1_691' title='bbox 3055 4411 3310 4481; x_wconf 74' lang='grc' dir='ltr'>κήρυγμα</span> <span class='ocrx_word' id='word_1_692' title='bbox 3339 4407 3515 4461; x_wconf 78' lang='grc' dir='ltr'>καὶτὰ</span> <span class='ocrx_word' id='word_1_693' title='bbox 3544 4408 3750 4477; x_wconf 84' lang='grc' dir='ltr'>πελάγη</span> <span class='ocrx_word' id='word_1_694' title='bbox 3776 4408 3866 4463; x_wconf 72' lang='grc' dir='ltr'><strong>καὶ</strong></span> <span class='ocrx_word' id='word_1_695' title='bbox 3889 4406 3991 4486; x_wconf 67' lang='grc' dir='ltr'><strong>τάς</strong></span> 
     </span>
    </p>
   </div>
   <div class='ocr_carea' id='block_1_91' title="bbox 2447 4495 3992 4571">
    <p class='ocr_par' dir='ltr' id='par_1_91' title="bbox 2447 4495 3992 4571">
     <span class='ocr_line' id='line_1_91' title="bbox 2447 4495 3992 4571; baseline -0.005 -16"><span class='ocrx_word' id='word_1_696' title='bbox 2447 4504 2538 4555; x_wconf 77' lang='grc' dir='ltr'><strong>ἐπὶ</strong></span> <span class='ocrx_word' id='word_1_697' title='bbox 2566 4502 2666 4571; x_wconf 80' lang='grc' dir='ltr'>τῆς</span> <span class='ocrx_word' id='word_1_698' title='bbox 2684 4500 2958 4569; x_wconf 78' lang='grc' dir='ltr'>θαλάσσης</span> <span class='ocrx_word' id='word_1_699' title='bbox 2988 4500 3196 4569; x_wconf 86' lang='grc' dir='ltr'>νήσους,</span> <span class='ocrx_word' id='word_1_700' title='bbox 3228 4496 3350 4559; x_wconf 88' lang='grc' dir='ltr'>τούς</span> <span class='ocrx_word' id='word_1_701' title='bbox 3384 4514 3439 4548; x_wconf 86' lang='grc' dir='ltr'><strong>τε</strong></span> <span class='ocrx_word' id='word_1_702' title='bbox 3475 4498 3531 4548; x_wconf 83' lang='grc' dir='ltr'>ὲν</span> <span class='ocrx_word' id='word_1_703' title='bbox 3557 4495 3780 4565; x_wconf 80' lang='grc' dir='ltr'>ταύταις</span> <span class='ocrx_word' id='word_1_704' title='bbox 3810 4512 3992 4553; x_wconf 83' lang='grc' dir='ltr'>κατοι-</span> 
     </span>
    </p>
   </div>
   <div class='ocr_carea' id='block_1_92' title="bbox 804 4586 2530 4682">
    <p class='ocr_par' dir='ltr' id='par_1_92' title="bbox 804 4586 2530 4682">
     <span class='ocr_line' id='line_1_92' title="bbox 804 4586 2530 4682; baseline -0.009 -20"><span class='ocrx_word' id='word_1_705' title='bbox 804 4586 1083 4682; x_wconf 75' lang='lat' dir='ltr'><strong>plenitudo</strong></span> <span class='ocrx_word' id='word_1_706' title='bbox 1136 4611 1254 4679; x_wconf 89' lang='lat' dir='ltr'><strong>ejus</strong></span> <span class='ocrx_word' id='word_1_707' title='bbox 1296 4616 1578 4663; x_wconf 78' lang='lat' dir='ltr'><strong>vocantur.</strong></span> <span class='ocrx_word' id='word_1_708' title='bbox 1617 4604 1770 4671; x_wconf 82' lang='lat' dir='ltr'><strong>Quod</strong></span> <span class='ocrx_word' id='word_1_709' title='bbox 1836 4604 2011 4672; x_wconf 85' lang='lat' dir='ltr'><strong>ipsum</strong></span> <span class='ocrx_word' id='word_1_710' title='bbox 2076 4603 2143 4655; x_wconf 91' lang='lat' dir='ltr'><strong>ad</strong></span> <span class='ocrx_word' id='word_1_711' title='bbox 2189 4603 2345 4656; x_wconf 86' lang='lat' dir='ltr'><strong>linem</strong></span> <span class='ocrx_word' id='word_1_712' title='bbox 2378 4614 2423 4671; x_wconf 76' lang='grc' dir='ltr'>υ</span> <span class='ocrx_word' id='word_1_713' title='bbox 2449 4594 2530 4648; x_wconf 79' lang='grc' dir='ltr'><strong>κοί</strong></span> 
     </span>
    </p>
   </div>
   <div class='ocr_carea' id='block_1_93' title="bbox 2259 4586 3985 4682">
    <p class='ocr_par' dir='ltr' id='par_1_93' title="bbox 2262 4586 3985 4679">
     <span class='ocr_line' id='line_1_93' title="bbox 2262 4586 3985 4679; baseline -0.01 -25"><span class='ocrx_word' id='word_1_714' title='bbox 2262 4618 2345 4656; x_wconf 88' lang='lat' dir='ltr'><strong>em</strong></span> <span class='ocrx_word' id='word_1_715' title='bbox 2378 4614 2423 4671; x_wconf 77' lang='grc' dir='ltr'>ο</span> <span class='ocrx_word' id='word_1_716' title='bbox 2449 4594 2672 4679; x_wconf 78' lang='grc' dir='ltr'>κοῦντας</span> <span class='ocrx_word' id='word_1_717' title='bbox 2704 4590 3036 4660; x_wconf 82' lang='grc' dir='ltr'>ἀνθρώπους,</span> <span class='ocrx_word' id='word_1_718' title='bbox 3069 4590 3334 4659; x_wconf 79' lang='grc' dir='ltr'>πλήρωμα</span> <span class='ocrx_word' id='word_1_719' title='bbox 3358 4589 3521 4657; x_wconf 77' lang='grc' dir='ltr'>αὐτῆς</span> <span class='ocrx_word' id='word_1_720' title='bbox 3544 4586 3952 4659; x_wconf 79' lang='grc' dir='ltr'>ὠνομασμένους</span> <span class='ocrx_word' id='word_1_721' title='bbox 3971 4603 3985 4617; x_wconf 89' lang='grc'><strong>·</strong></span> 
     </span>
    </p>
   </div>
   <div class='ocr_carea' id='block_1_94' title="bbox 804 4688 2335 4771">
    <p class='ocr_par' dir='ltr' id='par_1_94' title="bbox 804 4688 2335 4771">
     <span class='ocr_line' id='line_1_94' title="bbox 804 4688 2335 4771; baseline -0.005 -16"><span class='ocrx_word' id='word_1_722' title='bbox 804 4698 1091 4771; x_wconf 66' lang='lat' dir='ltr'><strong>dqductum</strong></span> <span class='ocrx_word' id='word_1_723' title='bbox 1137 4709 1239 4756; x_wconf 89' lang='lat' dir='ltr'><strong>est.</strong></span> <span class='ocrx_word' id='word_1_724' title='bbox 1278 4698 1393 4754; x_wconf 82' lang='lat' dir='ltr'><strong>Jam</strong></span> <span class='ocrx_word' id='word_1_725' title='bbox 1427 4700 1570 4753; x_wconf 90' lang='lat' dir='ltr'><strong>enim</strong></span> <span class='ocrx_word' id='word_1_726' title='bbox 1603 4688 1858 4751; x_wconf 64' lang='lat' dir='ltr'><strong>Ecclesia:</strong></span> <span class='ocrx_word' id='word_1_727' title='bbox 1893 4693 2093 4747; x_wconf 79' lang='lat' dir='ltr'><strong>Christi</strong></span> <span class='ocrx_word' id='word_1_728' title='bbox 2148 4708 2335 4771; x_wconf 58' lang='lat' dir='ltr'><strong>eripies</strong></span> 
     </span>
    </p>
   </div>
   <div class='ocr_carea' id='block_1_95' title="bbox 805 4784 2345 4860">
    <p class='ocr_par' dir='ltr' id='par_1_95' title="bbox 805 4784 2345 4860">
     <span class='ocr_line' id='line_1_95' title="bbox 805 4784 2345 4860; baseline -0.005 -15"><span class='ocrx_word' id='word_1_729' title='bbox 805 4784 1013 4847; x_wconf 72' lang='lat' dir='ltr'><strong>insulas</strong></span> <span class='ocrx_word' id='word_1_730' title='bbox 1045 4793 1274 4860; x_wconf 86' lang='lat' dir='ltr'><strong>replent,</strong></span> <span class='ocrx_word' id='word_1_731' title='bbox 1315 4790 1682 4859; x_wconf 81' lang='lat' dir='ltr'><strong>salutarisque</strong></span> <span class='ocrx_word' id='word_1_732' title='bbox 1722 4786 1967 4842; x_wconf 83' lang='lat' dir='ltr'><strong>doctrina</strong></span> <span class='ocrx_word' id='word_1_733' title='bbox 2007 4785 2060 4837; x_wconf 88' lang='lat' dir='ltr'><strong>in</strong></span> <span class='ocrx_word' id='word_1_734' title='bbox 2111 4784 2226 4839; x_wconf 88' lang='lat' dir='ltr'><strong>dies</strong></span> <span class='ocrx_word' id='word_1_735' title='bbox 2252 4800 2345 4838; x_wconf 76' lang='lat' dir='ltr'><strong>ex-</strong></span> 
     </span>
    </p>
   </div>
   <div class='ocr_carea' id='block_1_96' title="bbox 804 4874 2343 4946">
    <p class='ocr_par' dir='ltr' id='par_1_96' title="bbox 804 4874 2343 4946">
     <span class='ocr_line' id='line_1_96' title="bbox 804 4874 2343 4946; baseline -0.008 -10"><span class='ocrx_word' id='word_1_736' title='bbox 804 4883 1044 4936; x_wconf 87' lang='lat' dir='ltr'><strong>tenditur</strong></span> <span class='ocrx_word' id='word_1_737' title='bbox 1081 4889 1134 4934; x_wconf 91' lang='lat' dir='ltr'><strong>et</strong></span> <span class='ocrx_word' id='word_1_738' title='bbox 1181 4882 1466 4942; x_wconf 84' lang='lat' dir='ltr'><strong>accrescit,</strong></span> <span class='ocrx_word' id='word_1_739' title='bbox 1496 4878 1560 4931; x_wconf 90' lang='lat' dir='ltr'><strong>ad</strong></span> <span class='ocrx_word' id='word_1_740' title='bbox 1591 4880 1684 4933; x_wconf 87' lang='lat' dir='ltr'><strong>eos</strong></span> <span class='ocrx_word' id='word_1_741' title='bbox 1737 4892 1905 4946; x_wconf 84' lang='lat' dir='ltr'><strong>usque</strong></span> <span class='ocrx_word' id='word_1_742' title='bbox 1952 4874 2041 4945; x_wconf 87' lang='lat' dir='ltr'><strong>qui</strong></span> <span class='ocrx_word' id='word_1_743' title='bbox 2075 4874 2343 4924; x_wconf 82' lang='lat' dir='ltr'><strong>Ueeanu&#39;m</strong></span> 
     </span>
    </p>
   </div>
   <div class='ocr_carea' id='block_1_97' title="bbox 805 4960 2345 5041">
    <p class='ocr_par' dir='ltr' id='par_1_97' title="bbox 805 4960 2345 5041">
     <span class='ocr_line' id='line_1_97' title="bbox 805 4960 2345 5041; baseline -0.012 -14"><span class='ocrx_word' id='word_1_744' title='bbox 805 4975 1049 5028; x_wconf 85' lang='lat' dir='ltr'><strong>incolunt</strong></span> <span class='ocrx_word' id='word_1_745' title='bbox 1075 4980 1387 5041; x_wconf 79' lang='lat' dir='ltr'><strong>propagata.</strong></span> <span class='ocrx_word' id='word_1_746' title='bbox 1411 4969 1475 5021; x_wconf 83' lang='lat' dir='ltr'><strong>Et</strong></span> <span class='ocrx_word' id='word_1_747' title='bbox 1509 4979 1626 5021; x_wconf 88' lang='lat' dir='ltr'><strong>tunc</strong></span> <span class='ocrx_word' id='word_1_748' title='bbox 1648 4964 1980 5020; x_wconf 69' lang='lat' dir='ltr'><strong>exsultabant</strong></span> <span class='ocrx_word' id='word_1_749' title='bbox 2006 4962 2179 5015; x_wconf 86' lang='lat' dir='ltr'><strong>omnia</strong></span> <span class='ocrx_word' id='word_1_750' title='bbox 2203 4960 2345 5028; x_wconf 79' lang='lat' dir='ltr'><strong>ligna</strong></span> 
     </span>
    </p>
   </div>
   <div class='ocr_carea' id='block_1_98' title="bbox 799 5050 2348 5130">
    <p class='ocr_par' dir='ltr' id='par_1_98' title="bbox 799 5050 2348 5130">
     <span class='ocr_line' id='line_1_98' title="bbox 799 5050 2348 5130; baseline -0.011 -13"><span class='ocrx_word' id='word_1_751' title='bbox 799 5066 1053 5117; x_wconf 79' lang='lat' dir='ltr'><strong>silvarum</strong></span> <span class='ocrx_word' id='word_1_752' title='bbox 1097 5082 1128 5116; x_wconf 91' lang='lat' dir='ltr'><strong>a</strong></span> <span class='ocrx_word' id='word_1_753' title='bbox 1173 5064 1306 5130; x_wconf 79' lang='lat' dir='ltr'><strong>facie</strong></span> <span class='ocrx_word' id='word_1_754' title='bbox 1343 5060 1569 5123; x_wconf 83' lang='lat' dir='ltr'><strong>Domini,</strong></span> <span class='ocrx_word' id='word_1_755' title='bbox 1600 5060 1721 5127; x_wconf 89' lang='lat' dir='ltr'><strong>quia</strong></span> <span class='ocrx_word' id='word_1_756' title='bbox 1752 5058 1907 5122; x_wconf 87' lang='lat' dir='ltr'><strong>venit,</strong></span> <span class='ocrx_word' id='word_1_757' title='bbox 1942 5068 2183 5124; x_wconf 78' lang='lat' dir='ltr'><strong>quoniam</strong></span> <span class='ocrx_word' id='word_1_758' title='bbox 2214 5050 2348 5103; x_wconf 89' lang='lat' dir='ltr'><strong>venit</strong></span> 
     </span>
    </p>
   </div>
   <div class='ocr_carea' id='block_1_99' title="bbox 801 5140 2345 5219">
    <p class='ocr_par' dir='ltr' id='par_1_99' title="bbox 801 5140 2345 5219">
     <span class='ocr_line' id='line_1_99' title="bbox 801 5140 2345 5219; baseline -0.013 -11"><span class='ocrx_word' id='word_1_759' title='bbox 801 5156 1035 5219; x_wconf 78' lang='lat' dir='ltr'><strong>iudicare</strong></span> <span class='ocrx_word' id='word_1_760' title='bbox 1064 5164 1276 5207; x_wconf 85' lang='lat' dir='ltr'><strong>terram.</strong></span> <span class='ocrx_word' id='word_1_761' title='bbox 1305 5150 1572 5203; x_wconf 85' lang='lat' dir='ltr'><strong>Judicabit</strong></span> <span class='ocrx_word' id='word_1_762' title='bbox 1611 5148 1783 5201; x_wconf 87' lang='lat' dir='ltr'><strong>orbem</strong></span> <span class='ocrx_word' id='word_1_763' title='bbox 1814 5157 1967 5199; x_wconf 79' lang='lat' dir='ltr'><strong>terra:</strong></span> <span class='ocrx_word' id='word_1_764' title='bbox 2012 5145 2065 5197; x_wconf 87' lang='lat' dir='ltr'><strong>in</strong></span> <span class='ocrx_word' id='word_1_765' title='bbox 2105 5140 2345 5210; x_wconf 87' lang='lat' dir='ltr'><strong>justitia,</strong></span> 
     </span>
    </p>
   </div>
   <div class='ocr_carea' id='block_1_100' title="bbox 798 5246 1562 5315">
    <p class='ocr_par' dir='ltr' id='par_1_100' title="bbox 798 5246 1562 5315">
     <span class='ocr_line' id='line_1_100' title="bbox 798 5246 1562 5315; baseline -0.007 -15"><span class='ocrx_word' id='word_1_766' title='bbox 798 5258 851 5301; x_wconf 82' lang='lat' dir='ltr'><strong>et</strong></span> <span class='ocrx_word' id='word_1_767' title='bbox 872 5246 1093 5315; x_wconf 58' lang='lat' dir='ltr'><strong>populos</strong></span> <span class='ocrx_word' id='word_1_768' title='bbox 1119 5247 1172 5298; x_wconf 84' lang='lat' dir='ltr'><strong>in</strong></span> <span class='ocrx_word' id='word_1_769' title='bbox 1203 5246 1417 5298; x_wconf 80' lang='lat' dir='ltr'><strong>veritate</strong></span> <span class='ocrx_word' id='word_1_770' title='bbox 1444 5257 1562 5295; x_wconf 83' lang='lat' dir='ltr'><strong>sua.</strong></span> 
     </span>
    </p>
   </div>
   <div class='ocr_carea' id='block_1_101' title="bbox 836 5536 2303 5673">
    <p class='ocr_par' dir='ltr' id='par_1_101' title="bbox 836 5536 2303 5673">
     <span class='ocr_line' id='line_1_101' title="bbox 836 5536 2303 5673; baseline -0.012 -65"><span class='ocrx_word' id='word_1_771' title='bbox 836 5552 965 5608; x_wconf 78' lang='lat' dir='ltr'><strong>IPSl</strong></span> <span class='ocrx_word' id='word_1_772' title='bbox 1001 5549 1227 5613; x_wconf 74' lang='lat' dir='ltr'><strong>DAVlD,</strong></span> <span class='ocrx_word' id='word_1_773' title='bbox 1256 5539 2018 5673; x_wconf 74' lang='lat' dir='ltr'><strong>lEJUS</strong></span> <span class='ocrx_word' id='word_1_774' title='bbox 2066 5536 2303 5594; x_wconf 79' lang='lat' dir='ltr'><strong>RESTI-</strong></span> 
     </span>
    </p>
   </div>
   <div class='ocr_carea' id='block_1_102' title="bbox 866 5695 2395 5778">
    <p class='ocr_par' dir='ltr' id='par_1_102' title="bbox 866 5695 2395 5778">
     <span class='ocr_line' id='line_1_102' title="bbox 866 5695 2395 5778; baseline -0.01 -13"><span class='ocrx_word' id='word_1_775' title='bbox 866 5710 1032 5766; x_wconf 49' lang='lat' dir='ltr'><strong>Vsns.</strong></span> <span class='ocrx_word' id='word_1_776' title='bbox 1068 5711 1119 5765; x_wconf 77' lang='grc'><strong>1.</strong></span> <span class='ocrx_word' id='word_1_777' title='bbox 1159 5709 1409 5764; x_wconf 88' lang='lat' dir='ltr'><strong>Dominus</strong></span> <span class='ocrx_word' id='word_1_778' title='bbox 1463 5709 1692 5778; x_wconf 83' lang='lat' dir='ltr'><strong>regnavit</strong></span> <span class='ocrx_word' id='word_1_779' title='bbox 1759 5702 1979 5758; x_wconf 72' lang='lat' dir='ltr'><strong>exsultet</strong></span> <span class='ocrx_word' id='word_1_780' title='bbox 2038 5710 2195 5763; x_wconf 79' lang='lat' dir='ltr'><strong>terra,</strong></span> <span class='ocrx_word' id='word_1_781' title='bbox 2244 5695 2339 5750; x_wconf 73' lang='grc' dir='ltr'><strong>ίωι</strong></span> <span class='ocrx_word' id='word_1_782' title='bbox 2392 5734 2395 5739; x_wconf 92' lang='grc'><strong><em>-</em></strong></span> 
     </span>
    </p>
   </div>
   <div class='ocr_carea' id='block_1_103' title="bbox 865 5877 2021 5955">
    <p class='ocr_par' dir='ltr' id='par_1_103' title="bbox 865 5877 2021 5955">
     <span class='ocr_line' id='line_1_103' title="bbox 865 5877 2021 5955; baseline -0.01 -13"><span class='ocrx_word' id='word_1_783' title='bbox 865 5889 910 5921; x_wconf 75' lang='grc'><strong>⁶¹</strong></span> <span class='ocrx_word' id='word_1_784' title='bbox 952 5886 1257 5955; x_wconf 45' lang='grc' dir='ltr'>Μιιιοριιηι,</span> <span class='ocrx_word' id='word_1_785' title='bbox 1297 5884 1481 5949; x_wconf 76' lang='grc' dir='ltr'>10,Η.</span> <span class='ocrx_word' id='word_1_786' title='bbox 1557 5883 1599 5915; x_wconf 86' lang='grc'><strong><em>⁸⁸</em></strong></span> <span class='ocrx_word' id='word_1_787' title='bbox 1640 5882 1792 5937; x_wconf 69' lang='lat' dir='ltr'><strong>item.</strong></span> <span class='ocrx_word' id='word_1_788' title='bbox 1828 5895 1937 5944; x_wconf 78' lang='lat' dir='ltr'><strong>xu,</strong></span> <span class='ocrx_word' id='word_1_789' title='bbox 1973 5877 2021 5933; x_wconf 78' lang='lat' dir='ltr'><strong>l.</strong></span> 
     </span>
    </p>
   </div>
   <div class='ocr_carea' id='block_1_104' title="bbox 2448 4670 3986 4750">
    <p class='ocr_par' dir='ltr' id='par_1_104' title="bbox 2448 4670 3986 4750">
     <span class='ocr_line' id='line_1_104' title="bbox 2448 4670 3986 4750; baseline -0.006 -11"><span class='ocrx_word' id='word_1_790' title='bbox 2448 4687 2477 4738; x_wconf 81' lang='grc' dir='ltr'><strong>ὃ</strong></span> <span class='ocrx_word' id='word_1_791' title='bbox 2509 4670 2769 4739; x_wconf 70' lang='grc' dir='ltr'>καὶάύτδ</span> <span class='ocrx_word' id='word_1_792' title='bbox 2813 4682 2996 4744; x_wconf 81' lang='grc' dir='ltr'>τέλους</span> <span class='ocrx_word' id='word_1_793' title='bbox 3026 4681 3228 4750; x_wconf 79' lang='grc' dir='ltr'>ἔτυχεν.</span> <span class='ocrx_word' id='word_1_794' title='bbox 3278 4679 3481 4731; x_wconf 78' lang='grc' dir='ltr'>Αὐτίκα</span> <span class='ocrx_word' id='word_1_795' title='bbox 3523 4676 3650 4745; x_wconf 81' lang='grc' dir='ltr'>γοῦν</span> <span class='ocrx_word' id='word_1_796' title='bbox 3679 4676 3986 4747; x_wconf 84' lang='grc' dir='ltr'>Ἐκκλησίαι</span> 
     </span>
    </p>
   </div>
   <div class='ocr_carea' id='block_1_105' title="bbox 2448 4767 3987 4845">
    <p class='ocr_par' dir='ltr' id='par_1_105' title="bbox 2448 4767 3987 4845">
     <span class='ocr_line' id='line_1_105' title="bbox 2448 4767 3987 4845; baseline -0.003 -17"><span class='ocrx_word' id='word_1_797' title='bbox 2448 4774 2675 4845; x_wconf 84' lang='grc' dir='ltr'>Χριστοῦ</span> <span class='ocrx_word' id='word_1_798' title='bbox 2733 4774 2829 4837; x_wconf 74' lang='grc' dir='ltr'>τὰς</span> <span class='ocrx_word' id='word_1_799' title='bbox 2860 4774 3050 4843; x_wconf 82' lang='grc' dir='ltr'>νήσους</span> <span class='ocrx_word' id='word_1_800' title='bbox 3096 4772 3305 4833; x_wconf 81' lang='grc' dir='ltr'>ἁπάσας</span> <span class='ocrx_word' id='word_1_801' title='bbox 3355 4770 3642 4840; x_wconf 83' lang='grc' dir='ltr'>πληροῦσι,</span> <span class='ocrx_word' id='word_1_802' title='bbox 3674 4767 3895 4838; x_wconf 87' lang='grc' dir='ltr'>πληθύει</span> <span class='ocrx_word' id='word_1_803' title='bbox 3926 4788 3987 4823; x_wconf 84' lang='grc' dir='ltr'><strong>τε</strong></span> 
     </span>
    </p>
   </div>
   <div class='ocr_carea' id='block_1_106' title="bbox 2448 4860 3986 4939">
    <p class='ocr_par' dir='ltr' id='par_1_106' title="bbox 2448 4860 3986 4939">
     <span class='ocr_line' id='line_1_106' title="bbox 2448 4860 3986 4939; baseline -0.005 -17"><span class='ocrx_word' id='word_1_804' title='bbox 2448 4868 2750 4939; x_wconf 82' lang='grc' dir='ltr'>ὁσημέραι,</span> <span class='ocrx_word' id='word_1_805' title='bbox 2806 4867 2896 4919; x_wconf 75' lang='grc' dir='ltr'>καὶ</span> <span class='ocrx_word' id='word_1_806' title='bbox 2956 4862 3250 4917; x_wconf 73' lang='grc' dir='ltr'>ἐπιδίδωσιν</span> <span class='ocrx_word' id='word_1_807' title='bbox 3298 4864 3328 4932; x_wconf 75' lang='grc' dir='ltr'>ἡ</span> <span class='ocrx_word' id='word_1_808' title='bbox 3371 4862 3628 4933; x_wconf 81' lang='grc' dir='ltr'>σωτήριος</span> <span class='ocrx_word' id='word_1_809' title='bbox 3673 4860 3986 4915; x_wconf 84' lang='grc' dir='ltr'>διδασκαλία</span> 
     </span>
    </p>
   </div>
   <div class='ocr_carea' id='block_1_107' title="bbox 2451 4953 3983 5032">
    <p class='ocr_par' dir='ltr' id='par_1_107' title="bbox 2451 4953 3983 5032">
     <span class='ocr_line' id='line_1_107' title="bbox 2451 4953 3983 5032; baseline -0.006 -19"><span class='ocrx_word' id='word_1_810' title='bbox 2451 4961 2610 5032; x_wconf 80' lang='grc' dir='ltr'>μέχρι</span> <span class='ocrx_word' id='word_1_811' title='bbox 2637 4960 2741 5012; x_wconf 85' lang='grc' dir='ltr'><strong>τῶν</strong></span> <span class='ocrx_word' id='word_1_812' title='bbox 2776 4959 2864 5011; x_wconf 73' lang='grc' dir='ltr'><strong>τὸν</strong></span> <span class='ocrx_word' id='word_1_813' title='bbox 2900 4957 3144 5010; x_wconf 74' lang='grc' dir='ltr'>Ὠκεανὸν</span> <span class='ocrx_word' id='word_1_814' title='bbox 3177 4954 3460 5007; x_wconf 84' lang='grc' dir='ltr'>οἰκούντων</span> <span class='ocrx_word' id='word_1_815' title='bbox 3508 4953 3983 5023; x_wconf 79' lang='grc' dir='ltr'>παρεκτεινομένη.</span> 
     </span>
    </p>
   </div>
   <div class='ocr_carea' id='block_1_108' title="bbox 2444 5040 3984 5119">
    <p class='ocr_par' dir='ltr' id='par_1_108' title="bbox 2444 5040 3984 5119">
     <span class='ocr_line' id='line_1_108' title="bbox 2444 5040 3984 5119; baseline -0.006 -14"><span class='ocrx_word' id='word_1_816' title='bbox 2444 5052 2550 5105; x_wconf 78' lang='grc' dir='ltr'><strong>Καὶ</strong></span> <span class='ocrx_word' id='word_1_817' title='bbox 2576 5052 2704 5105; x_wconf 90' lang='grc' dir='ltr'>τότε</span> <span class='ocrx_word' id='word_1_818' title='bbox 2731 5047 3191 5119; x_wconf 71' lang='grc' dir='ltr'>ἁγαλλιάσονται</span> <span class='ocrx_word' id='word_1_819' title='bbox 3215 5043 3409 5097; x_wconf 80' lang='grc' dir='ltr'>πάντα</span> <span class='ocrx_word' id='word_1_820' title='bbox 3437 5042 3506 5096; x_wconf 87' lang='grc' dir='ltr'>τὰ</span> <span class='ocrx_word' id='word_1_821' title='bbox 3537 5043 3690 5106; x_wconf 72' lang='grc' dir='ltr'>ξύλα</span> <span class='ocrx_word' id='word_1_822' title='bbox 3714 5040 3815 5094; x_wconf 85' lang='grc' dir='ltr'>τοῦ</span> <span class='ocrx_word' id='word_1_823' title='bbox 3843 5040 3984 5110; x_wconf 77' lang='grc' dir='ltr'>δρυ·</span> 
     </span>
    </p>
   </div>
   <div class='ocr_carea' id='block_1_109' title="bbox 2438 5132 3985 5211">
    <p class='ocr_par' dir='ltr' id='par_1_109' title="bbox 2438 5132 3985 5211">
     <span class='ocr_line' id='line_1_109' title="bbox 2438 5132 3985 5211; baseline -0.006 -16"><span class='ocrx_word' id='word_1_824' title='bbox 2438 5143 2553 5211; x_wconf 82' lang='grc' dir='ltr'><strong>μοῦ</strong></span> <span class='ocrx_word' id='word_1_825' title='bbox 2606 5141 2714 5211; x_wconf 80' lang='grc' dir='ltr'>πρὸ</span> <span class='ocrx_word' id='word_1_826' title='bbox 2763 5139 3081 5208; x_wconf 79' lang='grc' dir='ltr'>προσώπου</span> <span class='ocrx_word' id='word_1_827' title='bbox 3138 5136 3243 5189; x_wconf 86' lang='grc' dir='ltr'>τοῦ</span> <span class='ocrx_word' id='word_1_828' title='bbox 3292 5134 3538 5201; x_wconf 82' lang='grc' dir='ltr'>Κυρίου,</span> <span class='ocrx_word' id='word_1_829' title='bbox 3600 5133 3684 5186; x_wconf 80' lang='grc' dir='ltr'>ὅτι</span> <span class='ocrx_word' id='word_1_830' title='bbox 3731 5132 3985 5202; x_wconf 77' lang='grc' dir='ltr'>ἔρχεται,</span> 
     </span>
    </p>
   </div>
   <div class='ocr_carea' id='block_1_110' title="bbox 2443 5223 3987 5302">
    <p class='ocr_par' dir='ltr' id='par_1_110' title="bbox 2443 5223 3987 5302">
     <span class='ocr_line' id='line_1_110' title="bbox 2443 5223 3987 5302; baseline -0.006 -16"><span class='ocrx_word' id='word_1_831' title='bbox 2443 5234 2529 5286; x_wconf 81' lang='grc' dir='ltr'>ὅτι</span> <span class='ocrx_word' id='word_1_832' title='bbox 2574 5234 2805 5302; x_wconf 77' lang='grc' dir='ltr'>ἔρχεται</span> <span class='ocrx_word' id='word_1_833' title='bbox 2850 5232 3040 5300; x_wconf 82' lang='grc' dir='ltr'>κρῖναι</span> <span class='ocrx_word' id='word_1_834' title='bbox 3075 5230 3190 5295; x_wconf 84' lang='grc' dir='ltr'><strong>τὴν</strong></span> <span class='ocrx_word' id='word_1_835' title='bbox 3225 5226 3359 5297; x_wconf 74' lang='grc' dir='ltr'>γῆν.</span> <span class='ocrx_word' id='word_1_836' title='bbox 3395 5223 3591 5293; x_wconf 80' lang='grc' dir='ltr'>Κρινεῖ</span> <span class='ocrx_word' id='word_1_837' title='bbox 3647 5224 3758 5293; x_wconf 80' lang='grc' dir='ltr'>τὴν</span> <span class='ocrx_word' id='word_1_838' title='bbox 3787 5228 3987 5277; x_wconf 80' lang='grc' dir='ltr'>οίκου-</span> 
     </span>
    </p>
   </div>
   <div class='ocr_carea' id='block_1_111' title="bbox 2442 5316 3989 5395">
    <p class='ocr_par' dir='ltr' id='par_1_111' title="bbox 2442 5316 3989 5395">
     <span class='ocr_line' id='line_1_111' title="bbox 2442 5316 3989 5395; baseline -0.008 -14"><span class='ocrx_word' id='word_1_839' title='bbox 2442 5325 2624 5395; x_wconf 77' lang='grc' dir='ltr'>μένην</span> <span class='ocrx_word' id='word_1_840' title='bbox 2656 5328 2724 5379; x_wconf 83' lang='grc' dir='ltr'>ἐν</span> <span class='ocrx_word' id='word_1_841' title='bbox 2764 5324 3111 5391; x_wconf 80' lang='grc' dir='ltr'>δικαιοσύνῃ</span> <span class='ocrx_word' id='word_1_842' title='bbox 3136 5362 3150 5384; x_wconf 92' lang='grc'><strong>,</strong></span> <span class='ocrx_word' id='word_1_843' title='bbox 3181 5320 3276 5373; x_wconf 74' lang='grc' dir='ltr'>καὶ</span> <span class='ocrx_word' id='word_1_844' title='bbox 3307 5319 3491 5384; x_wconf 74' lang='grc' dir='ltr'>λαοὺς</span> <span class='ocrx_word' id='word_1_845' title='bbox 3528 5319 3599 5371; x_wconf 79' lang='grc' dir='ltr'>ἐν</span> <span class='ocrx_word' id='word_1_846' title='bbox 3636 5316 3711 5385; x_wconf 78' lang='grc' dir='ltr'>τῇ</span> <span class='ocrx_word' id='word_1_847' title='bbox 3738 5316 3989 5383; x_wconf 73' lang='grc' dir='ltr'>ἀληθείᾳ</span> 
     </span>
    </p>
   </div>
   <div class='ocr_carea' id='block_1_112' title="bbox 2444 5420 2645 5474">
    <p class='ocr_par' dir='ltr' id='par_1_112' title="bbox 2444 5420 2645 5474">
     <span class='ocr_line' id='line_1_112' title="bbox 2444 5420 2645 5474; baseline -0.005 -1"><span class='ocrx_word' id='word_1_848' title='bbox 2444 5420 2645 5474; x_wconf 84' lang='grc' dir='ltr'>αὐτοῦ.</span> 
     </span>
    </p>
   </div>
   <div class='ocr_carea' id='block_1_113' title="bbox 2445 5478 3983 5658">
    <p class='ocr_par' dir='ltr' id='par_1_113' title="bbox 2445 5478 3983 5658">
     <span class='ocr_line' id='line_1_113' title="bbox 2445 5478 3983 5658; baseline -0.008 -76"><span class='ocrx_word' id='word_1_849' title='bbox 2445 5531 2531 5602; x_wconf 76' lang='grc' dir='ltr'><strong>το</strong></span> <span class='ocrx_word' id='word_1_850' title='bbox 2566 5511 2792 5594; x_wconf 63' lang='lat' dir='ltr'><strong>suis,</strong></span> <span class='ocrx_word' id='word_1_851' title='bbox 2826 5516 3059 5580; x_wconf 61' lang='lat' dir='ltr'><strong>onore&quot;</strong></span> <span class='ocrx_word' id='word_1_852' title='bbox 3084 5522 3130 5575; x_wconf 74' lang='grc' dir='ltr'>Η</span> <span class='ocrx_word' id='word_1_853' title='bbox 3154 5521 3272 5658; x_wconf 43' lang='lat' dir='ltr'><strong>H13;</strong></span> <span class='ocrx_word' id='word_1_854' title='bbox 3317 5520 3544 5594; x_wconf 62' lang='lat' dir='ltr'><strong>amor</strong></span> <span class='ocrx_word' id='word_1_855' title='bbox 3580 5478 3983 5571; x_wconf 56' lang='lat' dir='ltr'><strong>memnto.</strong></span> 
     </span>
    </p>
   </div>
   <div class='ocr_carea' id='block_1_114' title="bbox 2526 5595 3983 5759">
    <p class='ocr_par' dir='ltr' id='par_1_114' title="bbox 2526 5595 3983 5759">
     <span class='ocr_line' id='line_1_114' title="bbox 2526 5595 3983 5759; baseline -0.009 -14"><span class='ocrx_word' id='word_1_856' title='bbox 2526 5692 2576 5744; x_wconf 91' lang='lat'><strong>&#39;0</strong></span> <span class='ocrx_word' id='word_1_857' title='bbox 2635 5690 2844 5759; x_wconf 80' lang='grc' dir='ltr'>Κύριος</span> <span class='ocrx_word' id='word_1_858' title='bbox 2893 5595 3308 5747; x_wconf 40' lang='lat' dir='ltr'><strong>Maenaliac,</strong></span> <span class='ocrx_word' id='word_1_859' title='bbox 3369 5660 3743 5751; x_wconf 68' lang='grc' dir='ltr'>άγαλλιάσθω</span> <span class='ocrx_word' id='word_1_860' title='bbox 3797 5677 3837 5745; x_wconf 80' lang='grc' dir='ltr'><strong><em>ἠ</em></strong></span> <span class='ocrx_word' id='word_1_861' title='bbox 3881 5672 3983 5745; x_wconf 78' lang='grc' dir='ltr'><strong>τῆ,</strong></span> 
     </span>
    </p>
   </div>
  </div>
