4372 6402
1458 506 1948 562 COMMENTABIA
1982 507 2047 561 IN
2085 507 2412 562 PSALMOS.
2439 530 2444 534 ·

3388 516 3518 572 1231a

355 617 851 685 εὐφρανθήτωσαν
886 616 1061 684 νῆσοι
1090 621 1328 672 πολλαί.
1371 621 1583 691 Ἐπειδὴ
1615 623 1670 674 ἐν
1694 624 1759 692 τῇ
1791 622 1898 674 τῶν
1926 629 1969 682 Α
2002 632 2081 675 ten

1791 622 1898 674 τῶν
1926 629 1969 682 Α
2002 632 2172 675 tentur
2197 623 2383 675 insula
2424 622 2617 675 multa.
2655 620 2914 685 Quoniam
2954 620 3007 674 in
3055 620 3398 693 Septuaginta
3429 623 3516 680 ln-

367 705 754 777 Ἐὁδομήκοντα
787 709 1045 778 ἑρμηνείᾳ
1082 710 1298 777 φέρεται
1333 713 1364 780 ή
1400 713 1707 782 προγραφὴ,
1742 712 1892 782 ἐροῦ-

360 815 474 868 μεν,
513 798 608 862 ὡς,
641 799 894 861 πολλάκις
916 801 1213 868 συμφοραῖς
1246 801 1669 870 περιπεπτωκὼς
1689 804 1716 853 ὁ
1737 801 1894 853 Δαυῒδ

357 889 472 940 τότε
507 889 605 958 μὲν
633 890 718 943 ὅτε
765 891 866 942 ὑπὸ
896 890 1063 944 Σαοὺλ
1092 890 1367 960 ὴλαύνετο,
1402 894 1493 945 καὶ
1533 893 1630 956 τάς
1661 895 1892 963 ἐρήμους

362 980 666 1048 μετεδίωκε,
699 982 794 1043 τάς
834 998 892 1033 τε
925 981 1073 1051 παρά
1101 985 1212 1044 τοῖς
1248 981 1559 1050 ἀλλοφύλοις
1586 984 1856 1054 διατριϐάς
1876 1001 1889 1015 ο

354 1069 472 1120 τότε
519 1068 574 1121 δέ
623 1071 711 1122 ὅτε
761 1070 1010 1140 πολέμοις
1058 1069 1306 1138 ἐσχόλαζε
1328 1110 1341 1134 ,
1379 1070 1471 1122 τὸν
1512 1072 1891 1140 προκείμενον,

357 1152 537 1226 οἶμαι,
571 1158 778 1228 ψαλμὸν
821 1162 938 1213 κατ’
977 1162 1178 1213 ἐκεῖνον
1217 1156 1316 1232 ᾖσε
1355 1160 1472 1212 καθ’
1502 1161 1558 1212 ὃν
1601 1161 1888 1230 κατέστηή

357 1249 422 1316 γῆ
451 1248 632 1313 αὐτοῦ,
664 1251 795 1319 ὁμοῦ
824 1252 913 1303 καὶ
940 1253 1033 1320 τῆς
1066 1251 1299 1314 διανοίας
1322 1252 1483 1306 αὐτοῦ
1517 1252 1722 1320 καὶτῆς
1746 1252 1892 1320 βασι-

355 1338 499 1402 λείας
547 1339 604 1390 ἐν
646 1341 905 1410 ἀταραξίᾳ
953 1343 1045 1394 καὶ
1093 1343 1277 1412 εἰρήνῃ
1328 1343 1418 1393 καὶ
1470 1341 1671 1412 γαλήνῃ
1729 1358 1882 1392 καταο

359 1426 556 1495 στάσης
583 1427 714 1496 μετά
739 1429 835 1498 τὴν
865 1430 1074 1482 πάντων
1098 1429 1203 1481 τῶν
1225 1429 1430 1500 ἐχθρῶν
1450 1430 1739 1499 ἀναίρεσιν.
1761 1429 1890 1481 Τότε

355 1511 446 1570 ὧν
466 1518 494 1568 ὀ
526 1519 820 1588 προφήτης,
851 1520 906 1572 ἐν
952 1519 1206 1589 είρηναίῳ
1239 1522 1608 1589 καταστήματι
1638 1520 1888 1587 γεγονὼς,

358 1607 460 1660 ὑπὸ
484 1606 577 1659 τοῦ
612 1608 752 1661 θείου
781 1608 1090 1680 Πνεύματος
1130 1610 1222 1661 ἐπὶ
1255 1610 1348 1678 τὴν
1383 1609 1487 1661 τῶν
1524 1610 1890 1680 προκειμένων

355 1697 690 1752 διδασκαλίαν
731 1701 1074 1754 ἀνακινεῖται.
1102 1700 1315 1770 Ἐπειδὴ
1338 1701 1392 1752 δέ
1422 1702 1555 1770 μήτε
1599 1701 1723 1771 ᾠδὴ,
1756 1703 1890 1772 μήτε

354 1787 560 1858 ψαλμὸς
604 1791 996 1862 ἐπιγέγραπται
1023 1793 1151 1860 παρ’
1188 1790 1480 1860 Ἑϐραίοις,
1516 1793 1683 1855 εἴποις
1728 1792 1792 1845 ἀν
1825 1794 1890 1846 τά

357 1880 683 1951 προκείμενα
715 1882 1042 1952 προφητείαν
1066 1876 1200 1932 εῖναι
1233 1882 1322 1934 καὶ
1352 1881 1690 1935 διδασκαλίαν
1717 1882 1890 1952 ἁπλῆν

1994 720 2278 780 terpretum
2313 712 2563 766 versione
2616 710 2704 764 hic
2751 710 2937 763 titulus
2969 708 3208 772 aliertur,
3253 713 3520 781 dicamus,

1993 801 2241 857 Davidem
2292 803 2346 855 in
2393 802 2587 856 multas
2637 801 2910 868 delapsum
2966 801 3296 857 calamitates
3343 820 3522 866 cuma

1993 890 2151 946 Saule
2179 893 2482 960 pelleretur,
2515 891 2727 946 deserta
2751 892 2873 945 low
2905 891 3260 948 freuuentaret
3293 904 3346 950 et
3376 896 3516 966 apud

1995 982 2287 1051 allophylos
2328 991 2663 1047 moraretur;
2703 990 2860 1042 tunc.»
2901 985 3026 1036 cum
3076 985 3277 1039 scilicet
3303 1001 3332 1038 a
3365 988 3511 1044 belli:

1993 1078 2221 1133 vacaret,
2273 1071 2418 1125 hunc
2479 1072 2767 1139 psalmum,
2814 1079 2871 1124 ut
2933 1071 3185 1135 arbitror,
3234 1076 3515 1143 cecinisse,

1990 1177 2110 1215 cum
2136 1162 2245 1228 jam
2276 1169 2416 1215 terra
2436 1162 2553 1230 ejus
2581 1163 2828 1216 restituta
2871 1171 3034 1226 esset,
3066 1164 3297 1232 quando,
3337 1167 3519 1220 subla-

1992 1253 2062 1307 tis
2088 1252 2323 1308 inimicis
2346 1253 2614 1316 omnibus,
2641 1263 2696 1307 et
2728 1254 2937 1307 animus
2974 1259 3027 1308 et
3068 1270 3287 1322 regnum
3319 1256 3435 1322 ejus
3461 1257 3518 1310 in

1991 1343 2300 1405 securitate,
2337 1343 2388 1396 in
2429 1357 2561 1412 pace
2589 1352 2641 1396 et
2670 1344 3057 1411 tranquillitate
3085 1343 3332 1413 degebat.
3367 1343 3519 1400 Tunc

1990 1447 2118 1501 ergo
2153 1433 2433 1500 propheta,
2465 1433 2670 1500 pacatis
2694 1434 2854 1486 rebus
2880 1433 3016 1498 suis,
3045 1431 3112 1486 ad
3137 1432 3276 1488 hanc
3296 1433 3522 1488 efferen-

1989 1523 2111 1577 dam
2133 1523 2431 1576 doctrinam
2456 1537 2484 1574 a
2509 1521 2692 1574 divino
2711 1521 2911 1590 Spiritu
2945 1532 3206 1596 movetur.
3238 1524 3372 1589 Quia
3396 1540 3522 1579 vero

1990 1625 2162 1680 neque
2212 1612 2506 1674 canticum,
2568 1625 2737 1679 neque
2799 1613 3037 1680 psalmus
3097 1615 3387 1683 inscriptus
3437 1621 3521 1669 est

1990 1701 2128 1769 apud
2159 1699 2434 1762 Hebraeos.
2457 1700 2657 1755 dixeris
2699 1701 2811 1755 hinc
2845 1703 3176 1772 prophetiam
3228 1713 3281 1758 et
3318 1704 3522 1758 doctri-
3589 1708 3592 1712 '

1990 1807 2111 1846 nam
2145 1793 2441 1863 simplicem
2477 1808 2619 1860 esse,
2645 1810 2761 1864 qua:
2785 1795 2849 1848 ad
2879 1794 3178 1849 secundum
3223 1803 3277 1849 et
3323 1795 3550 1862 glorio-_

1991 1899 2109 1937 sum
2136 1882 2429 1940 Salvatoris
2449 1887 2624 1941 nostri
2664 1887 2946 1941 adventum
2986 1893 3250 1954 spectant,
3290 1887 3524 1954 comple-

353 1969 420 2022 τὰ
467 1970 592 2038 περὶ
631 1971 725 2041 τῆς
770 1971 1020 2042 δευτέρας
1058 1973 1149 2024 καὶ
1201 1971 1407 2037 ἐνδόξου
1458 1974 1752 2043 παρουσίας
1797 1973 1888 2026 τοῦ
1917 1968 1964 2028 Β
1993 1982 2074 2028 cte

1797 1973 1888 2026 τοῦ
1917 1968 1964 2028 Β
1993 1982 2267 2029 ctentem:
2312 1991 2469 2046 quem
2523 1976 2706 2030 Daniel
2747 1977 2829 2030 his
2878 1977 3053 2031 verbis
3099 1985 3516 2032 commemorat:

354 2060 600 2130 Σωτῆρος
626 2060 780 2130 ήμῶν
808 2061 1186 2130 περιέχουσαν·
1214 2057 1280 2134 ἦς
1303 2063 1392 2115 καὶ
1421 2063 1448 2114 ὁ
1470 2063 1662 2133 Δανιὴλ
1691 2082 1896 2134 μνημο-

353 2147 517 2202 νεύων
549 2149 710 2218 φησίν
729 2165 742 2179 ⁸
787 2147 1120 2215 Ἐθεώρουν,
1155 2149 1250 2202 καὶ
1304 2148 1430 2202 ιδοὺ
1461 2149 1558 2201 ἐπὶ
1587 2148 1702 2201 τῶν
1730 2165 1896 2217 νεφε-

351 2239 474 2292 λῶν
495 2238 602 2293 τοῦ
629 2239 883 2307 οὐρανοῦ
922 2239 1053 2304 Υἱὸς
1087 2239 1396 2307 ἀνθρώπου
1425 2239 1640 2308 παρῆν,
1669 2241 1763 2293 καὶ
1790 2240 1893 2308 μέ-

351 2347 448 2398 χρι
486 2329 590 2384 τοῦ
630 2329 889 2384 Halanos":
921 2328 1036 2382 τῶν
1065 2329 1294 2398 ἡμερῶν
1330 2331 1571 2399 ἔφθασε.
1603 2331 1708 2402 Καὶ
1740 2330 1895 2394 αὐτῷ

349 2421 522 2488 ἐδόθη
555 2422 594 2489 ἠ
632 2419 786 2489 ἀρχὴ
815 2419 912 2474 καὶ
959 2421 1001 2488 δή
1033 2420 1166 2488 τιμὴ
1215 2421 1312 2475 καί
1362 2423 1399 2488 ἠ
1444 2423 1728 2486 ,ϐασιλεία
1749 2436 1762 2450 ·
1795 2421 1893 2474 και

351 2511 566 2578 πάντες
607 2515 659 2566 οἱ
701 2513 856 2575 λαοὶ,
906 2513 1110 2594 φυξαί,
1141 2511 1410 2582 γλῶσσαι
1456 2512 1613 2576 αὐτῷ
1647 2511 1894 2568 δουλεύ-

353 2617 590 2655 σουσιν.
636 2601 992 2664 Ἡβασιδιεία
1016 2601 1198 2657 αὑτοῦ
1221 2602 1503 2665 βασιλεία
1524 2600 1771 2666 αἰώνιος,
1796 2601 1897 2655 καὶ

351 2691 388 2754 ἡ
412 2689 660 2753 ἐξουσία
699 2689 880 2742 σὺτοῦ
926 2692 996 2742 οὐ
1036 2689 1122 2764 μὴ
1162 2690 1461 2759 ἀφαιρεθῇ.
1517 2690 1678 2755 Τότε,
1709 2692 1891 2761 φησὶν.

350 2778 726 2848 ἀγαλλιάσεται
772 2781 916 2832 πᾶσα
953 2779 1103 2848 ήγῆ,
1137 2779 1252 2848 ήτοι
1304 2782 1338 2850 ή
1381 2780 1537 2852 καινὴ
1577 2782 1768 2845 κτίσις,
1803 2782 1895 2835 καὶ

353 2869 546 2933 πάντες
578 2871 626 2922 οἱ
671 2868 729 2933 ἐξ
772 2869 962 2932 αἰῶνος
993 2872 1088 2941 τὴν
1116 2872 1215 2941 γῆν
1261 2873 1576 2939 οἰκήσαντες
1621 2871 1892 2943 ἄνθρωποι

350 2960 441 3015 τοῦ
469 2960 602 3013 Θεοῦ
623 2977 636 2990 ο
668 2960 816 3032 ἢκαὶ
845 2962 893 3013 oi
928 2962 1204 3031 μέλλοντες
1237 2961 1584 3038 κληρονομεῖν
1604 2962 1698 3034 τὴν
1733 2964 1893 3016 ἐπουο

355 3050 531 3120 ράνιον
556 3051 676 3120 γῆν,
697 3050 834 3103 κατά
856 3051 914 3103 τό
933 3067 945 3079 ·
978 3051 1260 3118 Μακάριοι
1286 3054 1340 3104 οὶ
1367 3051 1590 3119 πραεῖς,
1611 3051 1702 3111 ,ὅτι
1727 3054 1894 3106 αὐτοὶ

354 3139 880 3209 κληρονομήσουσι
927 3141 1040 3208 τὴν
1088 3140 1218 3213 γῆν.
1273 3143 1383 3212 Τῆς
1424 3141 1530 3212 γὰρ
1584 3143 1893 3212 σωματικῆς

352 3230 534 3292 οὐσίας
563 3232 641 3293 είς
667 3231 966 3300 ἀφθαρσίαν
1004 3229 1436 3300 μεταϐαλλούσης
1475 3230 1613 3284 κατά
1645 3233 1768 3294 τοὺς
1793 3231 1890 3302 τῆς

353 3316 696 3388 ἀναστάσεως
710 3294 914 3384 λόγους,
936 3294 1315 3385 ἀγαλλιάσεται
1347 3294 1492 3389 ήνγῆ,
1521 3319 1614 3372 ﬁre
1642 3318 1739 3389 τῆς
1783 3294 1890 3372 τῶν
1915 3294 1959 3352 c

351 3405 588 3477 οὐρανῶν
616 3405 884 3478 βασιλείας
921 3408 1012 3461 καὶ
1048 3408 1182 3480 αὑτὴ
1209 3408 1735 3480 καταξιωθηπμένη.

414 3477 933 3562 Εὐφρανθήτωσαν
963 3493 1141 3562 νῆσοι
1171 3477 1407 3550 ’πολλαί
1425 3512 1439 3526 ο
1469 3477 1659 3550 πολλαὶ
1684 3477 1759 3560 δέ,
1797 3497 1892 3552 καὶ
1921 3477 1944 3501 ³

352 3583 410 3635 οὐ
445 3583 633 3646 πᾶσαι,
659 3580 746 3634 διὰ
781 3581 885 3634 τῶν
925 3582 1221 3646 κακοδόξων
1244 3601 1256 3613 ·
1291 3585 1352 3636 οὐ
1402 3586 1504 3654 χρὴ
1537 3585 1644 3655 γὰρ
1683 3586 1913 3654 χαίρειν-

351 3673 460 3734 τοῖς
487 3670 723 3724 ἀσεόἐσι.
770 3670 981 3738 Νήσους
1010 3669 1116 3740 γὰρ
1161 3670 1270 3722 ἔσθ’
1315 3672 1403 3724 ὅτε
1439 3671 1500 3722 τὸ
1548 3672 1780 3742 Γράμμα
1828 3672 1889 3725 τὸ

354 3762 494 3834 ιερδν
514 3760 612 3823 τὰς
649 3753 964 3829 Ἐ’κκλησίας
992 3760 1250 3814 ἀποκαλεῖ
1267 3777 1279 3790 ⁸
1297 3755 1404 3814 οἷον
1432 3762 1488 3813 ἐν
1511 3760 1742 3831 θαλάσσῃ
1775 3778 1886 3816 κει-

355 3853 518 3923 μένας
547 3853 605 3906 ἐν
633 3852 765 3922 τῷδε
796 3852 874 3922 τῷ
904 3853 1072 3923 τόπῳ,
1099 3853 1192 3906 καὶ
1221 3855 1433 3924 πικροῖς
1465 3852 1617 3906 ὕδασι
1645 3869 1890 3923 περιεχο-

356 3945 518 4016 μένας
545 3947 661 4008 ταῖς
693 3947 748 3998 ἐν
778 3944 924 4014 αὐτῷ
953 3943 1328 4016 περιστάσεσι,
1361 3944 1454 3997 καὶ
1481 3944 1554 4007 ὡς
1577 3943 1888 4014 ραγδαιοτά-

352 4053 463 4100 τοις
512 4035 715 4106 κύμασι
773 4036 1207 4106 καταπαιομένας
1264 4038 1373 4098 τοῖς
1420 4035 1704 4104 διωγμοῖς⁹
1750 4033 1888 4104 πλὴν

352 4126 698 4188 ἀδιαπεώτως
722 4111 1128 4196 ἐρηρεισμένας,
1159 4126 1252 4178 καὶ
1285 4123 1573 4193 ἀνεχούσας
1609 4123 1762 4191 ὑψοῦ,
1795 4126 1887 4177 καὶ

350 4220 469 4280 ταῖς
495 4216 731 4284 θλίψεσιν
759 4217 818 4268 οὐ
854 4214 1262 4285 βαπτιζομένης.
1305 4214 1606 4284 ’Δκλόνητοι
1650 4216 1754 4286 γὰρ
1802 4215 1887 4268 διά

353 4301 580 4372 Χριστὸν
608 4302 665 4353 at
705 4300 1030 4369 Ἐκκλησίαι,
1065 4301 1156 4352 καὶ
1186 4301 1347 4353 πύλαι
1389 4301 1509 4371 ᾅδου
1546 4303 1605 4355 οὐ
1640 4303 1888 4374 κατισχύ-

353 4407 531 4444 σουσιν
582 4389 777 4442 αὐτῶν.
828 4390 1029 4442 Οὐκοῦν
1084 4391 1129 4443 ει
1184 4390 1246 4461 δὴ
1285 4389 1519 4460 βούλοιτό
1566 4410 1648 4456 τις
1694 4395 1887 4465 νήσους

349 4483 545 4536 iwociv
576 4477 671 4544 τὰς
702 4480 760 4544 ἐξ
792 4479 955 4533 ἐθνῶν
995 4481 1329 4552 Ἐκκλησίας,
1369 4483 1466 4535 οὐκ
1499 4483 1604 4536 ἀπὸ
1631 4483 1722 4537 τοῦ
1760 4485 1889 4556 πρέ-

349 4589 538 4636 ποντος
577 4571 832 4642 βαδιεῖται
878 4572 1097 4626 σκοποῦ.
1142 4573 1558 4644 Ἑγκαινίζονται
1592 4576 1719 4644 γοῦν
1752 4578 1882 4647 πρὸς

349 4663 478 4717 Θεὸν
492 4664 640 4733 νῆσοι
671 4661 746 4732 τῷ
784 4659 993 4733 Ἡσαΐᾳ,
1017 4665 1070 4718 ai
1101 4663 1205 4717 ἀπὸ
1223 4665 1332 4717 τῶν
1349 4664 1513 4717 ἐθνῶν
1553 4666 1880 4736 Ἐκκλησίαι,

340 4754 468 4824 ipsi.
499 4751 916 4824 καθιστάμεναι,
946 4755 1037 4809 καὶ
1072 4756 1168 4826 τῆς
1204 4742 1445 4826 ἁλμυρᾶς
1475 4755 1724 4818 ἀπιστίας
1755 4757 1881 4810 ἀνα-

346 4843 667 4909 κύπτουσαι,
693 4845 785 4897 καὶ
823 4843 981 4915 πῆξιν
1015 4844 1342 4916 λαμσάνουσι
1378 4844 1453 4915 τῷ
1483 4844 1599 4915 Θεῷ
1631 4845 1875 4915 βάσιμον.

345 4931 540 4999 Καλῶς
563 4933 737 4986 τοίνυν
777 4933 1050 4989 κάνταῦθα
1077 4933 1175 4996 τὰς
1212 4933 1383 5004 ψυχὰς
1405 4933 1510 4986 τῶν
1542 4935 1598 4985 ἐν
1625 4937 1736 4996 τοῖς
1764 4951 1881 4987 πι-

348 5027 572 5096 ρασμοτς
602 5023 657 5078 τὸ
697 5026 904 5095 ἐδραῖόν
927 5041 985 5079 τε
1025 5024 1118 5079 καὶ
1158 5022 1481 5092 ἀμετάθετον
1515 5023 1880 5094 ἐπιδεικνυμέ-

346 5127 469 5171 νων,
494 5111 684 5179 νήσους
717 5111 1014 5181 ὠνόμασεν,
1034 5110 1098 5174 ἃς
1123 5110 1378 5163 πάντοθεν
1412 5109 1507 5180 μὲν
1531 5109 1879 5182 διαλαμϐάνει

345 5202 379 5270 ή
403 5200 500 5266 τῆς
525 5201 718 5267 κακίας
745 5201 913 5274 ἆλμη,
937 5203 1004 5260 οὐ,
1034 5201 1136 5272 μὴν
1173 5198 1416 5254 τοσοῦτον
1454 5199 1620 5268 ἰσχύει
1650 5203 1879 5272 προσπί-

348 5306 582 5355 πτουσα,
625 5291 699 5355 ὡς
728 5293 822 5348 καὶ
851 5293 1006 5347 σάλον
1036 5293 1156 5348 τινὰ
1202 5291 1278 5362 τῷ
1325 5289 1504 5360 παγίῳ
1546 5290 1640 5360 τῆς
1687 5291 1884 5362 ἀρετῆς

347 5383 656 5454 ἐμποιῆσαι.

414 5583 645 5654 Νεφέλη
693 5583 790 5638 καὶ
814 5599 1034 5652 τνοφος
1073 5581 1274 5650 rei}qu
1302 5581 1505 5645 αὐτοῦ,
1533 5580 1878 5645 δικαιοσυνη

2000 2069 2268 2134 Videbam,
2294 2079 2342 2123 et
2364 2086 2474 2123 ecce
2497 2071 2549 2122 in
2571 2069 2786 2122 nubibus
2815 2069 2926 2121 cadi
2950 2067 2997 2120 F
3001 2069 3120 2120 ilius
3150 2067 3369 2122 hominis
3403 2069 3524 2122 ade-

1993 2170 2096 2221 rat,
2129 2167 2178 2212 et
2223 2173 2380 2226 usque
2408 2158 2473 2210 ad
2505 2158 2786 2226 Antiquam
2814 2157 3014 2210 dierum
3040 2156 3283 2223 pervenit.
3321 2153 3388 2208 Et
3415 2156 3520 2224 ipsi

1991 2251 2172 2302 datum
2199 2257 2273 2302 est
2307 2250 2574 2316 imperium
2602 2258 2650 2302 et
2693 2248 2854 2300 honor
2890 2260 2933 2301 et
2987 2263 3195 2316 regnum
3221 2261 3238 2297 :
3264 2254 3312 2299 et
3347 2262 3519 2300 omnes
3605 2304 3613 2310 ,

1991 2341 2165 2407 populi
2197 2378 2211 2403 ,
2252 2339 2417 2392 tribus
2446 2347 2493 2390 et
2523 2339 2713 2407 lingua:
2755 2338 2852 2404 ipsi
2878 2338 3115 2391 servient.
3146 2335 3369 2406 Regnum
3405 2335 3520 2405 ejus

1991 2445 2200 2501 regnum
2250 2429 2638 2497 sempiternum,
2683 2437 2731 2481 et
2773 2435 3000 2495 potestas
3048 2425 3159 2495 ejus
3189 2442 3292 2480 non
3318 2425 3522 2494 aufere-

1993 2526 2078 2570 tur
2116 2517 2181 2572 ⁸⁵.
2219 2515 2388 2580 Tunc,
2423 2517 2617 2586 inquit,
2647 2514 2932 2570 exsultabit
2953 2514 3129 2569 omnis
3155 2521 3318 2576 terra,
3343 2512 3393 2567 id
3419 2523 3521 2576 est,

1992 2622 2129 2662 nova
2161 2616 2426 2667 creatura,
2453 2613 2507 2662 et
2543 2621 2732 2661 omnes
2763 2603 2852 2660 Dei
2878 2605 3125 2659 homines
3148 2605 3239 2673 qui
3271 2619 3301 2661 a
3328 2606 3524 2660 secqu

1991 2707 2192 2756 terram
2255 2696 2530 2759 incolunt;
2565 2695 2677 2750 sive
2734 2680 2896 2749 etiam
2938 2693 3030 2761 qui
3060 2693 3330 2748 cmlestem
3378 2695 3523 2748 illam

1992 2798 2187 2845 terram
2244 2785 2548 2855 possessuri
2609 2788 2756 2844 sunt,
2812 2783 3106 2834 secundum
3160 2780 3292 2834 illud
3330 2780 3524 2835 :Beati

1991 2881 2173 2940 mites,
2209 2877 2449 2946 quoniam
2505 2874 2602 2942 ipsi
2661 2870 2990 2940 possidebunt
3066 2879 3256 2923 terram
3276 2869 3340 2924 ⁸⁸.
3387 2868 3523 2926 Nam

1991 2984 2114 3024 cum
2161 2979 2420 3035 corporea
2464 2962 2765 3019 substantia
2818 2960 2871 3014 in
2922 2953 3398 3028 incorruptionem,
3427 2973 3522 3042 per

1990 3050 2404 3111 resurrectionis
2462 3049 2667 3120 legem.
2721 3053 2925 3100 mutata
2994 3044 3188 3108 fuerit,
3236 3045 3524 3100 exsultabit

1991 3149 2155 3204 terra,
2189 3145 2372 3208 utpote
2402 3151 2519 3207 quae
2544 3131 2708 3206 regno
2742 3134 3000 3189 caelorum
3047 3140 3099 3188 et
3137 3135 3252 3203 ipsa
3275 3133 3521 3188 donanda

1992 3230 2082 3285 sit.

2059 3491 2321 3544 Laztentur
2343 3488 2529 3541 insula
2553 3486 2749 3547 multae,
2774 3483 2954 3536 multa:
2995 3481 3266 3545 videlicet,
3297 3482 3390 3535 scd
3419 3497 3524 3534 non

1989 3593 2197 3643 omnes,
2224 3592 2408 3633 eorum
2461 3590 2626 3631 causa
2683 3574 2774 3646 qui
2829 3586 2993 3642 prave
3039 3573 3319 3626 sentiunt:
3349 3587 3526 3646 neque

1986 3667 2130 3721 enim
2180 3681 2277 3737 par
2297 3675 2380 3720 est
2414 3672 2468 3718 ut
2501 3664 2647 3733 impii
2680 3663 2964 3733 gaudeant.
3019 3660 3229 3715 Insulas
3258 3651 3526 3729 siquidem

1987 3753 2264 3825 Scriptura
2308 3771 2461 3810 sacra
2501 3753 2769 3809 Ecclesias
2831 3749 3058 3807 subinde
3108 3762 3299 3815 vocat,
3338 3758 3525 3820 utpote

1985 3860 2105 3915 quae
2134 3845 2220 3901 bis
2247 3845 2301 3899 in
2336 3844 2468 3899 locis
2491 3846 2635 3897 velut
2670 3843 2725 3896 in
2747 3841 2882 3897 mari
2922 3839 3155 3909 iaceant,
3195 3841 3522 3909 immanique

1989 3949 2251 4005 aquarum
2278 3933 2445 3997 ﬂuxu,
2465 3933 2864 3987 calamitatibus
2893 3930 3159 3993 videlicet,
3185 3931 3524 3985 circumden-

1984 4034 2094 4088 tur,
2124 4039 2188 4080 ac
2228 4023 2712 4094 persecutionibus,
2758 4037 2853 4076 seu
2909 4020 3223 4076 decumanis
3271 4019 3523 4075 ﬂuctibus

1980 4115 2285 4184 jactentur;
2337 4125 2520 4166 verum
2577 4111 2695 4163 sine
2771 4108 3114 4172 detrimento,
3170 4115 3354 4178 utpote
3405 4125 3523 4178 quae

1985 4202 2132 4258 fultae
2163 4209 2216 4256 et
2243 4201 2295 4254 in
2331 4200 2557 4255 sublime
2590 4209 2781 4254 erectae
2830 4201 2958 4262 sint,
2993 4209 3153 4270 atque
3182 4202 3236 4252 in
3269 4201 3522 4255 arumnis

1985 4309 2093 4353 non
2118 4293 2516 4361 demergantur.
2538 4289 2670 4342 Nam
2701 4290 2903 4344 Christi
2933 4306 3096 4359 opera
3151 4288 3401 4345 Ecclesia:
3424 4291 3524 4344 im-

1985 4384 2212 4439 mobiles
2235 4389 2474 4443 manent.
2504 4390 2559 4436 et
2582 4389 2751 4451 porta
2805 4379 2965 4435 inferi
3015 4396 3125 4434 non
3156 4381 3548 4450 praavalehunb

1986 4476 2244 4532 adversus
2271 4489 2384 4529 eas.
2413 4472 2466 4526 Si
2493 4473 2614 4544 quis
2642 4487 2769 4542 ergo
2821 4487 2912 4542 per
2976 4471 3204 4534 insulas,
3249 4469 3519 4528 Ecclesia:

1985 4582 2051 4622 ex
2080 4566 2329 4638 gentibus
2376 4561 2602 4634 intelligi
2648 4564 2898 4627 voluerit,
2941 4578 2970 4614 a
2999 4575 3124 4614 vero
3154 4574 3321 4629 scopo
3345 4562 3520 4614 neuti-

1985 4673 2145 4730 quam
2176 4655 2468 4711 aberrabit.
2504 4652 2834 4707 Innovantur
2873 4652 3014 4716 enim
3053 4665 3179 4718 erga
3225 4649 3389 4704 Deum
3436 4653 3520 4703 in-

1985 4751 2115 4804 sula:
2140 4747 2280 4818 apud
2339 4746 2530 4800 Isaiam
2552 4745 2616 4810 ⁸⁸,
2652 4743 2902 4797 Ecclesia:
2943 4756 3134 4812 nempe
3161 4757 3225 4796 ex
3246 4742 3517 4812 gentibus,

1984 4856 2111 4911 qua
2138 4853 2308 4909 nuper
2356 4837 2659 4890 constituta:
2708 4843 2850 4895 sunt,
2887 4841 3046 4902 atque
3090 4833 3156 4887 ab
3183 4834 3272 4888 illa
3306 4833 3438 4887 falsa
3463 4831 3552 4887 et"

1980 4931 2187 4984 marina
2248 4927 2623 4982 incredulitate
2667 4920 3022 4990 emerserunt,
3084 4939 3140 4978 ac
3197 4924 3516 4979 soliditatem

1981 5016 2271 5085 accipiunt,
2320 5027 2380 5067 ut
2402 5012 2490 5067 Dei
2558 5011 2783 5078 vestigia
2824 5011 2963 5066 ferre
3006 5014 3234 5082 possint.
3288 5009 3516 5065 Pulchre

1980 5106 2105 5161 item
2130 5106 2336 5160 animas
2360 5118 2568 5166 eorum,
2600 5103 2692 5173 qui
2723 5103 2779 5158 in
2808 5103 3198 5158 tentationibus
3237 5108 3515 5155 versantes

1981 5197 2284 5252 firmitatem
2311 5203 2360 5249 et
2407 5194 2832 5250 immobilitatem
2877 5193 3149 5256 exhibent,
3183 5190 3270 5244 hic
3307 5189 3516 5243 insula

1979 5286 2272 5348 vocaverit,
2303 5300 2440 5356 quas
2496 5284 2731 5355 undique
2785 5283 3003 5341 malitiae
3059 5279 3303 5352 procella:
3344 5279 3514 5347 impe-

1977 5382 2131 5435 tunt;
2165 5389 2338 5443 neque
2382 5385 2560 5430 tamen
2579 5375 2940 5444 irrumpentes
2984 5371 3036 5424 id
3076 5367 3282 5424 edicere
3315 5369 3513 5432 valent,

1977 5475 2036 5520 ut
2058 5465 2275 5521 virtutis
2297 5464 2537 5522 ﬁrmitati
2567 5466 2969 5523 succussionem
2999 5460 3250 5515 inferant.

2044 5571 2205 5632 ναις.
2238 5575 2273 5631 2
2332 5576 2502 5634 Nubes
2539 5587 2584 5632 et
2619 5578 2784 5646 caligo
2812 5576 2866 5628 in
2891 5573 3112 5626 circuitu
3141 5572 3273 5641 ejus,
3295 5571 3515 5640 justitia

349 5679 442 5741 καὶ
475 5676 645 5747 κρῖμα
678 5675 1034 5741 κατόρθωσις
1057 5673 1160 5726 τοῦ
1191 5675 1401 5741 θρόνου
1430 5672 1630 5726 αὐτοῦ.
1666 5667 1877 5738 Νεφέλη
1974 5677 2023 5722 et
2046 5669 2073 5738 j

1788 5667 1877 5736 έλη
1974 5677 2023 5722 et
2046 5667 2304 5738 judicium
2330 5673 2576 5726 correctio
2608 5668 2776 5724 throni
2804 5665 2938 5735 eius.
2968 5662 3148 5720 Nubes
3187 5661 3402 5732 quidem
3427 5669 3514 5720 est

415 5832 465 5867 “
500 5829 632 5886 Dan.
667 5845 775 5890 vn.
816 5828 914 5892 15,
956 5827 1040 5881 Η.
1094 5829 1157 5860 ·⁸¹
1198 5829 1384 5888 Matth.
1419 5845 1473 5886 v.
1504 5830 1559 5886 ι,
1632 5827 1678 5861 ⁸⁸
1714 5823 1816 5883 lea.
1854 5837 1973 5888 xu,
2013 5824 2059 5879 t.

620 5925 885 5986 PA'I'IOL.
908 5921 1022 5984 Gn.
1058 5922 1268 5987 XXIII

3127 5912 3204 5972 39
