4372 6422
852 472 989 531 122⁵1

1510 480 1773 537 EUSEBII
1794 483 2270 539 CALSARIENSIS
2306 472 2675 540 OPP..PARS
2713 486 2801 540 lll.
2835 518 2905 528 --
2935 486 3343 543 EXEGETICA.

3919 484 4049 538 £228

834 605 913 655 ex
939 592 1249 661 splendente
1284 610 1407 650 aere
1430 597 1656 652 radians
1695 606 1750 653 et
1782 599 2102 653 tenuissima
2125 597 2395 666 composi—
2424 602 2471 657 Α
2499 600 2560 669 μέ

2309 597 2395 652 ιεὶ-
2424 602 2471 657 Α
2499 600 2597 669 μέν
2621 603 2767 655 ἔστιν
2795 603 2858 655 έκ
2876 600 3194 671 φωτοειδοῦς
3220 600 3377 669 ἀέρος
3400 590 4035 669 cpeyyo6610v‘uallcm67

849 683 1159 753 tio;caligo
1196 694 1397 752 autem,
1423 689 1635 743 turbida
1667 700 1718 744 et
1768 692 2001 745 obscura
2050 689 2396 744 tenebrarum

849 768 1063 828 ollusio.
1091 772 1195 830 Per
1222 784 1513 847 utrumque
1542 794 1670 833 vero
1700 780 1898 835 divinae
1951 788 2161 846 natura:
2211 778 2399 832 invisi-

832 856 1107 918 ‘bilitatem
1183 880 1363 921 sermo
1428 868 1682 947 declarat.
1739 870 2205 937 Quemadmodum
2255 870 2398 925 enim

812 1030 815 1031 ν
848 965 989 1017 eum,
1014 957 1104 1025 qui
1134 959 1276 1013 nube
1306 950 1535 1030 quadam
1560 971 1613 1017 et
1651 965 1879 1034 caligine
1909 964 2235 1025 obvolvitur,
2267 976 2400 1016 con-

848 1047 1054 1111 spicere
1081 1048 1239 1117 plane
1264 1065 1371 1105 non
1407 1052 1564 1119 licet;
1620 1056 1701 1110 sic
1754 1062 1809 1109 et
1860 1053 2154 1109 invisibilis
2203 1060 2399 1123 natura

845 1134 1012 1192 videri
1037 1153 1260 1207 prorsus
1290 1144 1496 1212 nequit.
1532 1144 1812 1215 Signiﬁcat
1837 1147 1967 1200 item
2015 1140 2268 1200 latentem
2293 1142 2399 1196 Do-

845 1226 977 1279 mini
1001 1228 1347 1307 adhomines
1382 1234 1694 1302 adventum,
1730 1234 1948 1306 quando
1978 1235 2035 1289 in
2060 1236 2202 1291 servi
2226 1232 2397 1287 forma

845 1325 1008 1371 natus
1037 1326 1153 1383 est;
1186 1320 1261 1373 ita
1287 1332 1345 1375 ut
1374 1323 1545 1377 nubes
1586 1331 1641 1389 et
1694 1325 1869 1398 caligo
1899 1340 2028 1380 caro
2058 1340 2201 1388 esse,
2234 1318 2397 1393 quam

843 1407 1161 1475 assumpsit,
1212 1409 1581 1481 intelligatur;
1614 1422 1799 1483 utpote
1831 1430 1952 1484 qua:
1982 1414 2238 1469 deitatem
2268 1427 2398 1482 Ope-

845 1498 973 1563 riat,
1006 1503 1304 1558 secundum
1365 1507 1494 1561 illud
1532 1526 1546 1560 :
1579 1508 1766 1563 Posuit
1827 1512 2063 1565 tenebras
2119 1506 2397 1564 latibulum

843 1605 995 1643 suum
1025 1609 1042 1645 :
1072 1593 1125 1647 in
1165 1595 1387 1650 circuitu
1415 1600 1528 1667 ejus
1553 1600 1948 1655 tabernaculum
1990 1602 2104 1671 ejus
2124 1602 2191 1657 ⁸⁷.
2220 1602 2397 1656 Monet

843 1678 1004 1732 etiam
1034 1681 1206 1750 ipsum
1237 1700 1360 1741 esse
1389 1688 1483 1757 qui
1514 1690 1564 1743 in
1596 1700 1781 1746 monte
1812 1690 1942 1746 Sina
1974 1693 2030 1747 in
2053 1694 2195 1748 nube
2220 1700 2273 1747 et
2303 1707 2395 1746 ca.-

817 1764 1006 1839 .ligine
1026 1784 1083 1825 se
1105 1772 1351 1829 exhibuit
1380 1794 1392 1829 :
1421 1791 1486 1831 ac
1508 1780 1687 1844 docet,
1720 1782 1937 1836 etiamsi
1980 1783 2161 1837 divina
2204 1791 2396 1835 natura

844 1856 1011 1912 videri
1042 1872 1295 1930 nequeat,
1323 1880 1484 1934 posse
1510 1875 1690 1924 tamen
1711 1885 1777 1924 ex
1806 1872 2120 1940 operatione
2148 1872 2267 1941 ejus
2288 1871 2397 1924 vir-

2498 707 2655 743 τατον
2687 691 2935 761 ὕφασμα·
2970 691 3162 759 γνόφος
3213 689 3270 742 δὲ
3299 687 3573 757 ἀχλυώδης
3621 687 3712 737 καὶ
3751 682 4049 754 ὁμιχλώδης

2501 783 2823 852 σκοτασμός.
2856 783 2931 833 Δι’
2976 772 3391 855 ἀμφοτέρωντὸ
3430 778 3733 848 ἀθεώρητον
3773 775 3870 845 τῆς
3902 774 4051 855 θείας

2499 873 2714 942 φύσεως
2746 872 3107 944 ἀποσεμνύνει
3132 875 3160 925 ὁ
3180 872 3353 940 λόγος.
3375 871 3580 940 Ὠσπερ
3600 869 3708 939 γὰρ
3737 867 3828 920 τὸν
3854 863 4050 939 νεφέλῃ

2497 968 2605 1019 τινὶ
2638 958 2732 1018 καὶ
2762 966 2943 1034 γνόφῳ
2977 963 3481 1032 συγκαλυπτόμενον
3509 959 3764 1013 ἀδύνατον
3794 957 4050 1027 κατιδεῖν,

2496 1056 2638 1109 οὕτω
2666 1056 2896 1125 πάμπαν
2945 1055 3200 1108 ἀδύνατον
3238 1052 3527 1107 θεάσασθαι
3566 1050 3661 1121 τὴν
3692 1050 3919 1121 ἀόρατον
3953 1046 4050 1114 φύ-

2500 1160 2603 1197 σιν.
2630 1144 2890 1214 Σημαένει
2914 1143 2971 1195 δὲ
3002 1143 3095 1196 καὶ
3122 1143 3218 1211 τὴν
3250 1141 3528 1212 λεληθυῖαν
3554 1142 3611 1194 ἐν
3635 1135 4049 1219 ἀνθρώποιςπῦ

2497 1234 2702 1305 Κυρίου
2750 1234 3006 1295 κάθοδον,
3054 1235 3140 1287 ὅτε
3198 1235 3437 1301 πέφυκεν
3483 1233 3541 1284 έν
3586 1233 3649 1301 τῇ
3710 1228 3805 1281 τοῦ
3861 1218 4084 1295 δεῖιῗλου⁹

2502 1328 2704 1396 μορφῇ,
2752 1324 2827 1388 ὡς
2857 1325 3085 1379 νοεῖσθαι
3137 1324 3362 1394 νεφέλην
3391 1323 3483 1378 καὶ⁸
3517 1322 3713 1390 γνόφον
3747 1319 3845 1391 τὴν
3885 1334 4052 1389 προσ·

2498 1416 2792 1487 ληφθεῖσαν
2826 1417 3025 1487 σάρκα,
3060 1416 3155 1469 ἀτε
3186 1416 3284 1487 τὴν
3321 1415 3544 1485 θεότητα
3581 1412 4053 1483 ὑποκρύπτουσαν,

2498 1505 2640 1559 κατά
2658 1506 2739 1557 τό·
2762 1507 2962 1559 Ἐθετο
2992 1507 3210 1571 σκότος
3242 1502 3822 1572 ἀποκρυφὴναὺτοῦ,
3852 1500 4057 1562 κύκλῳ

2496 1590 2681 1651 αὐτοῦ
2727 1597 2766 1663 ἠ
2812 1596 3015 1663 σκηνὴ
3047 1596 3250 1650 αὐτοῦ.
3296 1594 3716 1665 Ἀναμιμνήσκει
3751 1592 3808 1645 δὲ
3860 1592 3956 1646 καὶ
3980 1591 4057 1655 ὡς

2498 1688 2661 1750 αὑτός
2690 1689 2807 1741 ἐστι
2852 1689 2945 1742 καὶ
2975 1690 3003 1740 ό
3035 1689 3093 1741 ὲν
3139 1686 3217 1757 τῷ
3257 1688 3385 1757 Σινᾷ
3434 1685 3548 1756 δρει
3578 1686 3663 1739 διά
3694 1682 3922 1755 νεφέλης
3964 1682 4056 1737 καὶ

2497 1780 2695 1847 γνόφου
2753 1780 2852 1849 τὴν
2901 1782 3105 1834 οἰκείαν
3148 1780 3510 1849 ποιησάμενος
3555 1778 3932 1845 ἐπιφάνειαν,.
3959 1773 4056 1844 καὶ

2497 1869 2758 1933 διδάσκει,
2791 1871 2893 1932 ὅτι,
2929 1873 2976 1923 εί
3007 1871 3101 1923 καὶ
3128 1869 3225 1939 τὴν
3260 1868 3406 1921 Θείαν
3446 1866 3604 1936 φύσιν
3638 1864 3895 1919 ἀδύνατον
3928 1854 4057 1925 κατὲ

842 1955 1011 2005 tutem
1063 1956 1323 2024 conspici.
1363 1957 1640 2028 Siquidem
1683 1935 1954 2030 justitiam
1997 1935 2245 2016 homines
2297 1961 2398 2015 do-
2431 1935 2471 1987 Β
2503 1952 2568 2009 ιδέ

2329 1977 2398 2015 .o-
2431 1935 2471 1987 Β
2503 1949 2662 2021 ιδέἰν,
2713 1958 2823 2011 ἀλλ’
2865 1954 2955 2011 οὗν
3002 1959 3089 2023 διὰ
3120 1935 3223 2029 τῆς
3270 1957 3545 2041 ἐνεργείας
3590 1956 3689 2027 τὴν
3733 1954 3937 2025 ταύτης
3968 1953 4055 2007 δύ-

842 2043 987 2111 euit;
1016 2059 1079 2099 ac
1101 2060 1195 2102 eos
1216 2048 1309 2118 qui
1337 2052 1520 2105 omnia
1552 2052 1673 2107 sine
1712 2053 1925 2109 delectu
1974 2063 2029 2109 et
2076 2054 2400 2109 discretione

843 2137 1191 2217 peragebant,
1228 2148 1286 2191 ut
1343 2156 1465 2195 cum
1512 2143 1889 2213 rectojudicio
1930 2132 2099 2199 vitam
2156 2153 2396 2213 agerent,

842 2224 1095 2281 instituit.
1150 2226 1262 2283 Hoc
1317 2231 1489 2299 ipsius
1530 2233 1759 2290 thronus
1815 2249 1879 2290 ac
1930 2250 2154 2307 regnum
2204 2234 2396 2300 edicit;

841 2329 1011 2383 quare
1053 2315 1241 2371 addit:
1271 2318 1496 2374 Iustitia
1542 2334 1591 2377 et
1616 2314 1880 2391 judicium
1922 2326 2179 2379 correctio
2227 2325 2400 2379 throni

840 2408 974 2476 ejus.
996 2407 1118 2462 Haec
1139 2409 1255 2473 fuit,
1284 2412 1479 2480 inquit,
1506 2415 1769 2470 adventus
1797 2415 1942 2471 illius
1966 2430 2150 2478 causa,
2184 2425 2242 2468 ut
2259 2416 2402 2485 judi-

841 2504 991 2551 caret
1008 2498 1155 2565 juste
1184 2513 1695 2567 causam-nostram,
1730 2520 1891 2574 quam
1917 2508 2399 2577 contrazmalignas

841 2596 895 2641 et
924 2585 1591 2661 adversariaspotestates
1636 2595 1920 2652 habemus.
1977 2596 2038 2652 In
2064 2613 2163 2653 nos
2199 2600 2401 2668 quippe

844 2681 1087 2749 regnavit
1107 2681 1380 2751 Christus,
1427 2696 1485 2742 ut
1541 2687 1645 2745 ﬁde
1705 2678 2033 2759 justiﬁcaret
2080 2708 2176 2749 eos
2222 2696 2313 2764 qui
2344 2695 2401 2749 in

842 2782 1063 2843 peccato
1081 2783 1257 2832 erant.
1275 2775 1278 2777 ⁴
1296 2776 1511 2833 Judicio
1531 2788 1709 2835 autem
1732 2788 1817 2837 est
1847 2797 1979 2837 usus
2001 2783 2160 2862 plane
2188 2783 2397 2849 divino,

840 2878 903 2919 ac
934 2865 1328 2924 humanissimo
1356 2883 1370 2919 :
1400 2869 1664 2939 judicavit
1692 2872 1858 2937 enim,
1892 2888 2002 2928 non
2047 2888 2112 2928 ex
2143 2874 2401 2944 operibus

835 2956 1083 3025 iustitiae,
1117 2956 1211 3013 sed
1256 2958 1555 3018 secundum
1614 2961 2042 3017 misericordiam
2080 2976 2247 3033 suam
2284 2979 2401 3018 ma-

837 3062 1043 3118 gnam:
1082 3063 1291 3118 nosque
1338 3064 1433 3118 per
1470 3063 1668 3120 aquam
1716 3062 1961 3127 sanetam
2013 3043 2398 3126 eLmySticam

839 3138 1017 3193 salvos
1048 3137 1245 3203 effecit,
1277 3138 1334 3193 in
1362 3153 1470 3209 qua
1500 3140 1770 3197 contritus
1799 3152 1847 3196 et
1874 3145 2227 3200 conculcatus
2271 3144 2395 3209 fuit,

2498 2066 2660 2119 ναμιν
2711 2050 2882 2104 ἔνεστι
2918 2051 3210 2121 θεωρῆσαι.
3258 2049 3607 2120 Δικαιοσύνην
3634 2047 3741 2119 γάρ
3796 2048 3921 2110 τοὺς
3958 2047 4054 2099 ἀν-

2499 2138 2745 2210 θρώπους
2787 2142 3069 2195 ἐπαίδευσε
3093 2183 3107 2207 ,
3142 2143 3412 2204 καὶτοὺς
3465 2141 3788 2211 ἀδιακρίτως
3843 2139 4058 2192 ἅπαντα

2496 2230 2736 2301 δρῶντας
2774 2233 2909 2303 μετά
2952 2234 3183 2303 κρίσεως
3219 2233 3380 2304 ὀρθῆς
3417 2231 3619 2295 ἐδίδαξε
3660 2228 4051 2283 πολιτεύεσθαι.

2498 2320 2681 2376 Ταῦτα
2717 2322 2881 2376 αὑτοῦ
2920 2326 2949 2376 ό
2988 2324 3172 2395 θρόνος
3210 2326 3302 2377 καὶ
3334 2325 3365 2393 ἡ
3417 2309 3658 2392 βασιλεία
3696 2321 4053 2391 κατώρθωσε*

2478 2414 2573 2468 διὸ
2598 2415 2819 2482 ἐπάγει·
2848 2416 3200 2491 Δικαιοσύνη
3231 2414 3329 2467 καὶ
3363 2412 3537 2481 κρῖμα
3564 2413 3923 2498 “summa;
3950 2408 4059 2464 τοῦ

2498 2507 2711 2573 θρόνου
2734 2505 2952 2559 ἀὺτοῦ.
2998 2503 3167 2574 Αὕτη,
3200 2504 3583 2573 φησὶ,.γέγονε
3627 2503 3725 2572 τῆς
3761 2502 4057 2573 παρουσίας

2498 2597 2532 2666 ὴ
2556 2596 2722 2661 αἰτία,
2750 2597 2814 2649 τὸ
2840 2600 3019 2668 κρῖναι
3048 2596 3272 2658 δικαίως
3301 2580 3398 2665 τῆν
3432 2595 3608 2666 κρίσιν
3640 2594 3814 2665 ἡμῶν,
3854 2596 3919 2665 ἢν
3942 2593 4059 2664 έχο-

2503 2704 2601 2760 μεν
2632 2687 2830 2759 δηλαδὴ
2863 2689 3001 2759 πρὸς
3026 2686 3125 2751 τὰς
3168 2686 3408 2759 πονηρὰς
3438 2686 3532 2740 καὶ
3568 2674 3944 2759 ἀντικειμένας
3967 2684 4057 2737 δυ-

2499 2780 2709 2849 νάμεις.
2757 2766 3114 2831 Βεόασίλευκε
3164 2778 3273 2848 γὰρ
3316 2776 3522 2847 ἡμῶνό
3561 2775 3817 2853 Χριστὸς,
3850 2776 3937 2833 ἵνα
3967 2776 4057 2847 ,διε

2500 2868 2711 2946 καεώση
2733 2872 2797 2940 τῇ
2829 2868 3003 2922 πίστει
3034 2870 3157 2932 τοὺς
3172 2872 3229 2920 έν
3258 2870 3519 2941 ἁμαρτίᾳ.
3556 2860 3924 2939 Ἐχρήσατοδὲ
3964 2868 4059 2921 καὶ

2498 2959 2792 3031 θεοπρεπεί
2835 2959 2929 3011 καὶ
2980 2959 3261 3031 φιλαγάθῳ
3296 2961 3551 3037 κρίματι·
3601 2958 3917 3025 δεδικαίωκε
3949 2959 4057 3029 γὰρ

2498 3047 2600 3100 οὐκ
2627 3046 2686 3111 ἐξ
2713 3045 2889 3116 ἔργων
2913 3044 3278 3117 δικαιοσύνης,
3305 3046 3609 3106 ἀλλά-κατά
3638 3038 3706 3098 cs“
3730 3040 3865 3100 πολὺ
3892 3047 4054 3099 αὐτοῦ

2499 3136 2666 3199 ἔλεος·
2698 3135 2902 3188 σέσωκε
2931 3134 2987 3188 δὲ
3021 3135 3168 3205 ἡμᾶς
3190 3136 3282 3188 καὶ
3314 3134 3379 3196 δι’
3410 3126 3599 3203 ὕδατός
3635 3137 3728 3190 τοῦ
3768 3137 3923 3203 ἁγίου
3962 3139 4057 3191 καὶ

839 3226 949 3278 imo
977 3226 1157 3294 potius
1205 3228 1365 3296 periit
1424 3227 1590 3283 draco
1645 3231 1736 3285 ille
1764 3220 1953 3287 multis
2010 3233 2281 3330 capitibus
2310 3233 2397 3288 in-
2422 3272 2464 3330 c
2502 3245 2565 3300 μι

2331 3248 2397 3288 ιι-
2422 3272 2464 3330 c
2502 3227 2784 3300 μυστικοῦ,
2808 3227 2865 3277 ὲν
2893 3218 2936 3292 ᾧ
2960 3216 3244 3297 συνετρίϐη
3277 3226 3369 3279 καὶ
3398 3226 3725 3296 scendimus,
3764 3226 3961 3296 μᾶλλον
3997 3226 4056 3279 δὲ

837 3320 1103 3379 structus,
1162 3329 1226 3371 ac
1278 3330 1403 3370 cum
1443 3332 1509 3373 eo
1535 3319 1769 3375 virtutes
1796 3321 1917 3391 ejus
1956 3312 2223 3393 malignae.
2271 3312 2397 3378 Haec

836 3403 1073 3457 correxit
1114 3402 1318 3459 Christi
1346 3420 1591 3477 regnum.
1636 3407 1708 3463 ld-
1743 3423 1884 3477 sane.
1924 3410 2053 3465 hinc
2082 3412 2259 3481 palam
2288 3419 2393 3475 est,
2438 3426 2443 3431 '

835 3493 981 3565 quod
1008 3509 1105 3549 nos
1125 3494 1343 3567 quidem
1373 3497 1441 3551 ab
1470 3497 1538 3553 iis
1558 3500 1653 3567 qui
1682 3514 1784 3554 nos
1818 3499 2018 3569 injuste
2060 3501 2115 3553 in
2161 3499 2396 3554 servitu-

836 3594 943 3643 tem
972 3588 1290 3658 redegerant
1311 3588 1522 3644 liberati
1566 3590 1771 3654 simus,
1806 3590 1881 3644 illi
1904 3604 2032 3645 vero
2052 3589 2393 3663 condemnati

836 3681 966 3735 sint.
999 3678 1124 3735 Haec
1147 3682 1348 3751 quippe
1375 3695 1501 3736 vera
1526 3680 1739 3750 justitia
1777 3689 1881 3746 est,
1914 3688 1972 3747 ut
2006 3682 2053 3737 is
2082 3682 2175 3752 qui
2210 3690 2395 3752 tyran-

833 3771 1015 3828 nidem
1064 3772 1363 3845 exercebat
1429 3772 1677 3826 diabolus
1745 3756 2396 3842 destruatur,-homines

832 3878 962 3919 vero
990 3861 1085 3933 qui
1138 3861 1242 3916 sub
1273 3861 1559 3933 tyrannide
1613 3860 1880 3932 degebant
1931 3863 2248 3919 liberentur.
2278 3863 2396 3919 Cae—

832 3962 1008 4009 terum
1051 3953 1107 4008 id
1137 3969 1354 4026 quoque
1384 3969 1414 4008 a
1448 3954 1606 4010 nobis
1656 3955 1884 4026 expetit,
1915 3965 1973 4011 ut
2021 3955 2290 4026 justitiam
2341 3964 2395 4011 et

826 4046 1092 4116 judicium
1118 4054 1266 4101 recte
1293 4058 1666 4101 exerceamus.
2254 4088 2259 4097 ι

902 4137 1067 4194 Vens.
1100 4132 1218 4193 3-7.
1259 4135 1406 4208 Ignis
1432 4139 1486 4191 in
1516 4148 1792 4209 conspectu
1820 4141 1933 4209 ejus
1976 4138 2311 4203 exardescet,
2344 4148 2395 4192 et

829 4229 1180 4307 i'nﬂammabit
1224 4231 1280 4283 in
1329 4231 1550 4284 circuitu
1600 4232 1839 4285 inimicos
1897 4232 2033 4300 ejus.
2095 4230 2422 4287 Illuxerunt-

829 4323 1044 4394 fulgura
1070 4320 1181 4390 ejus
1215 4321 1328 4375 orbi
1363 4330 1518 4387 terra:
1540 4334 1561 4376 :
1589 4322 1717 4375 vidit
1747 4332 1796 4375 et
1833 4332 2094 4377 commata
2122 4332 2199 4376 est
2231 4332 2389 4379 terra.

829 4411 1035 4471 Montes
1058 4414 1199 4467 sicut
1231 4428 1353 4467 cera
1383 4413 1649 4483 liq’uefacti
1677 4424 1799 4467 sunt
1838 4432 1872 4467 a
1912 4414 2046 4483 facie
2070 4413 2321 4485 Domini,
2361 4434 2393 4470 a

828 4506 965 4576 facie
1017 4506 1232 4571 Domini
1292 4506 1460 4560 omnis
1528 4516 1700 4587 terra.
1764 4507 2223 4562 Annuutiauerunt
2280 4511 2396 4562 caui

2458 3307 2464 3337 ’
2497 3319 2590 3372 καὶ
2628 3316 2904 3371 ἀπόλωλεν
2947 3318 2976 3368 ὁ
3022 3317 3388 3394 πολυκέφαλος
3435 3307 3681 3389 δράκων,
3710 3318 3805 3371 καὶ
3850 3318 3907 3371 αί
3959 3319 4055 3371 σὺν

2496 3411 2642 3481 αὐτῷ
2662 3403 3201 3482 δυνάμειςοπυνηραί.
3229 3409 3410 3463 Ταῦτα
3444 3413 3476 3482 ἡ
3510 3410 3601 3465 τοῦ
3633 3411 3868 3482 Χριστοῦ
3902 3410 4056 3483 βασι-

2496 3501 2613 3554 λεία
2646 3501 2991 3573 κατώρθωσε.
3026 3501 3287 3572 Δῆλον-δὲ
3331 3503 3433 3571 ἀφ’
3476 3497 3551 3557 ὧν
3589 3504 3748 3575 ἡμεῖς
3804 3490 4057 3575 μὲνδτῶν

2498 3586 3011 3671 καταδουλωσάντων
3040 3591 3237 3654 ἀδίκως
3268 3592 3739 3664 ἠλευθερώθημεν,
3774 3595 3968 3648 ὲκεζνοι
3992 3594 4058 3649 δὲ

2498 3682 2916 3755 κατεκρίθησαν.
2947 3684 3117 3749 Τοῦτο
3149 3684 3257 3754 γάρ
3297 3686 3475 3756 κρίσις
3510 3686 3720 3749 δικαία,
3748 3687 3810 3740 τὺ
3832 3682 3932 3741 τδν’

2496 3768 2858 3844 τυραννοῦντα
2895 3773 3137 3826 διάϐολον
3162 3773 3427 3838 καθελεῖν,
3449 3776 3662 3850 conﬁde
3697 3776 4055 3847 τυραννουμέ-

2496 3878 2620 3925 νους
2654 3861 2968 3934 ἀνθρώπους
3012 3860 3567 3933 ὲλευθερῶσαι.-Πλὴν
3598 3863 3735 3917 ἀλλά
3782 3865 3877 3919 καὶ
3906 3861 4054 3935 ἡμᾶς

2497 3954 2718 4007 ἀπαιτεῖ
2748 3948 3094 4021 δικαιοσύνην
3128 3940 3225 4005 καὶ
3249 3952 3427 4023 κρίσιν
3460 3954 3770 4025 κατορθοῦν.
3854 3968 3857 3971 ·

2567 4136 2691 4204 Πῦρ
2714 4136 2978 4190 ἐνώπιον
3013 4136 3199 4189 αὑτοῦ
3244 4133 3642 4202 καυθήσεται,
3689 4136 3787 4200 xgl
3823 4112 4056 4203 99.10738;

2495 4230 2700 4292 κύκλῳ
2727 4227 2870 4292 τοὺς
2895 4226 3146 4297 ἐχθροὺς
3166 4225 3646 4298 αὑτοῦ.Ἕςράναν
3671 4219 3732 4281 al
3757 4228 4056 4296 ἀστραπαὶ

2494 4319 2678 4375 αὐτοῦ
2703 4317 2778 4386 τῇ
2804 4316 3120 4386 οίκουμένῃ
3144 4334 3157 4349 ·
3189 4314 3310 4371 εἶδε
3339 4318 3435 4371 καὶ
3465 4314 3763 4386 coalitum;
3790 4319 3833 4388 ἠ
3981 4320 4059 4374 Τὰ
4098 4384 4103 4389 _

2495 4413 2604 4481 ὄρη
2627 4410 2770 4465 ὡσεὶ
2792 4398 2978 4479 κηρός
2999 4409 3301 4478 ἔτὰκησαν
3321 4409 3439 4465 ἀπὸ
3462 4400 3783 4478 γέρόούπσυ
3812 4413 4055 4480 Κυρίου,
4092 4410 4095 4411 ⁷

2495 4499 2611 4556 ἀπὸ
2646 4498 2978 4571 “panda/av
3005 4502 3224 4569 Κυρίου
3250 4500 3453 4571 πᾴσης
3481 4499 3591 4568 τῆς
3625 4500 3755 4570 τῆς.
3774 4492 4059 4573 Ὰνῆγτεὶ-
4079 4512 4092 4525 ’

829 4598 1088 4653 iustitiam
1101 4598 1306 4668 ejus,et
1336 4597 1574 4653 viderunt
1592 4582 1769 4653 omnes
1795 4600 1978 4669 populi
2002 4599 2223 4669 gloriam
2255 4603 2387 4668 ejus.
2424 4612 2468 4667 ο
2492 4595 2555 4646 λε

2331 4617 2387 4653 ts.
2424 4612 2468 4667 υ
2492 4595 2610 4646 lar
2638 4595 2689 4646 al
2728 4592 2966 4659 οὐραγοὶ
2990 4591 3105 4669 τεὴν
3127 4591 3517 4660 δικαιοσύνην
3542 4593 3754 4657 αὐτοῦ,
3784 4592 3882 4646 καί
3902 4576 4057 4647 εἶδ’οο

830 4683 1235 4755 Confundantur
1262 4703 1434 4740 omnes
1458 4688 1547 4756 qui
1574 4688 1803 4755 adorant
1846 4688 2135 4765 sculptilia,
2158 4690 2247 4760 qui
2279 4689 2409 4770 910-.

829 4778 1038 4830 riantur
1061 4778 1116 4830 in
1149 4778 1306 4832 idolis
1331 4780 1464 4834 suis.
1512 4778 1615 4835 Hic
1669 4781 1934 4837 terribilia
1982 4781 2195 4837 ultricis
2244 4782 2392 4837 illius

831 4869 1047 4925 virtutis
1060 4883 1156 4940 per
1170 4869 1348 4939 ignem
1368 4878 1421 4925 et
1440 4870 1673 4943 fulguris
1696 4874 2059 4943 splendorem,
2076 4889 2195 4945 quae
2223 4875 2276 4929 in
2306 4890 2393 4930 se-

845 4961 1010 5016 :undo
1035 4960 1240 5018 Christi
1273 4960 1504 5017 adventu
1544 4962 1788 5019 videnda-
1804 4974 1931 5021 sunt
1951 4967 2289 5035 subindicat';
2329 4984 2394 5022 ac

829 5047 1197 5117 evangelicam
1226 5041 1677 5106 illuminationem
1727 5055 1968 5121 revelat,
2020 5055 2216 5113 divinat
2256 5073 2394 5129 pra:-

829 5137 1122 5195 dicationis
1155 5154 1456 5205 sermones,
1484 5142 1580 5212 qui
1606 5158 1703 5215 per
1729 5151 1904 5209 totum
1932 5148 2120 5205 orbem
2147 5151 2394 5218 resplen-

825 5229 980 5295 dent,
1013 5229 1227 5300 fulgura
1258 5245 1600 5302 nuncupans.
1660 5231 1845 5304 Neque
1894 5237 2039 5293 enim
2093 5236 2392 5293 dixerimus

830 5334 954 5374 eum
981 5318 1230 5403 fulguris,
1265 5321 1460 5392 pluviae
1510 5322 1743 5387 indicis,
1786 5324 2114 5381 mentionem
2168 5325 2390 5394 facere;

831 5410 927 5466 sed
963 5410 1131 5464 divini
1158 5418 1211 5465 et
1243 5413 1544 5482 spiritualis
1584 5413 1809 5470 luminis
1842 5412 2129 5485 fulgerem,
2161 5414 2393 5486 fulguris

831 5501 1052 5557 nomine
1083 5500 1385 5571 signiﬁcat;
1418 5513 1511 5559 aut
1533 5504 1774 5561 fortasse
1803 5505 2016 5577 fulgura
2057 5508 2262 5565 Christi
2299 5524 2393 5564 vo-

834 5601 920 5647 cat
949 5608 1062 5658 eos,
1088 5595 1181 5665 qui
1216 5609 1429 5650 sacrum
1461 5596 1656 5654 divinae
1686 5610 1739 5655 et
1766 5601 2090 5671 evangelicae
2130 5602 2394 5674 praedica—

834 5685 997 5741 tionis
1026 5703 1223 5743 munus
1254 5688 1539 5760 obierunt,
1570 5692 1623 5746 id
1661 5699 1747 5751 est
1771 5684 2050 5764 apostolos
2069 5702 2125 5751 et
2158 5710 2393 5767 evange-

899 5866 943 5899 ⁸⁷
986 5867 1126 5924 l’sal.
1164 5885 1311 5938 xm,
1352 5870 1435 5927 12.

2494 4698 2614 4736 σαν
2638 4682 2858 4748 πάντες
2880 4685 2934 4736 οἱ
2956 4682 3091 4737 λαοὶ
3117 4682 3231 4750 τὴν
3258 4681 3447 4746 δόξαν
3474 4682 3678 4737 αὐτοῦ.
3716 4669 4058 4755 Αἰσχυνὸή-

2492 4789 2691 4828 τωσαν
2720 4774 2939 4841 πάντες
2973 4777 3040 4828 σι’
3067 4766 3548 4841 προσκυνοῦντες
3586 4773 3709 4841 τοῖς
3752 4777 4055 4853 juvat/toi},

2493 4868 2547 4919 oi
2577 4865 3009 4936 ἐγκαυχώμενοι
3047 4866 3117 4919 ἐν
3155 4865 3278 4932 τοῖς
3303 4865 3805 4933 είδώλοιςαύτῶν.
3825 4863 4060 4943 Ἐντούζ

2491 4974 2603 5022 τοις
2624 4959 2692 5013 τά
2716 4959 2921 5030 φοϐερά
2938 4960 3041 5030 τῆς
3060 4959 3484 5030 ἀντα³ποδοτικῆς
3501 4950 4057 5032 δυνάμεωςύποδείκο

2493 5067 2631 5113 νυσι,
2665 5050 2753 5103 διὰ
2774 5048 2877 5103 τοῦ.
3103 5052 3196 5104 καὶ
3218 5053 3318 5123 τῆς
3350 5038 3667 5133 διαττούσης
3695 5052 3978 5129 ἀστραπῆς

2492 5141 2556 5209 τῇ
2584 5139 2807 5209 δευτέρᾳ
2830 5138 3065 5210 Χριστοῦ
3088 5139 3390 5211 παρουσία·
3418 5132 3740 5195 ἐπικαλύπτει
3766 5133 3832 5205 δὲ,
3852 5144 3943 5203 καὶ
3960 5132 4063 5215 τὴν

2493 5229 2847 5300 εὐαγγελικὴν
2878 5220 3256 5299 φωταγωγίαν,
3285 5229 3568 5299 ἀστραπὰς
3601 5229 3770 5298 Αέγων
3806 5234 3932 5296 τὸὺς
3962 5236 4059 5288 τοῦ

2494 5316 3016 5390 θείουκηρύγμάτος
3042 5320 3253 5387 λόγους,
3285 5320 3334 5371 οἳ
3365 5319 3504 5373 κατά
3537 5321 3715 5393 πάσης
3744 5323 3848 5394 τῆς
3875 5302 4087 5387 αἰῶν’

2496 5412 2662 5481 μένης
2688 5412 3075 5482 ὲκλάμπουσιν.
3101 5413 3176 5464 υύ
3199 5411 3306 5483 γάρ
3329 5411 3500 5482 δήπου
3530 5416 3725 5484 φαμὲν,
3748 5416 3829 5469 δτι
3857 5417 3957 5489 τῆς
3978 5420 4061 5480 είς

2494 5503 2680 5565 ὑετοὺς
2705 5504 3072 5574 γεγενημένης
3098 5504 3381 5575 ἀστραπῆς
3406 5508 3636 5583 ἐποιεῖτο
3662 5498 3901 5580 μνήμην,
3924 5500 4060 5563 alia}

2494 5591 2591 5661 τὴν
2622 5591 2713 5644 τοῦ
2753 5593 2896 5646 θείου
2930 5597 3035 5653 καὶ.
3074 5594 3264 5663 νοητοῦ
3299 5597 3493 5667 φωτὸς,
3515 5597 3930 5670 ἀνάλαμιμκτῷ

2495 5684 2777 5755 ἀστραπῆς
2800 5703 3006 5757 καταση
3017 5686 3195 5776 μαίνει
3224 5688 3471 5758 ὀνόματι·
3499 5686 3839 5761 ἢάστρατής
3866 5675 4061 5761 ὀνομά-
