4372 6426
254 529 387 577 1225

1348 516 1846 573 COMMENTARIA
1884 514 1951 569 IN
1990 512 2322 569 PSALMOS.

3309 509 3440 565 l230

252 631 354 697 ζων
378 632 631 703 Χριστοῦ,
663 634 787 695 τοὺς
814 632 873 685 τὸ
903 632 1041 685 θεῖον
1082 633 1174 685 καὶ
1210 632 1555 702 εὐαγγελικδν
1594 634 1801 703 ἰερουρ-
1829 644 1873 694 Α
1903 630 1978 685 lisl

1709 649 1801 702 υρ-
1829 644 1873 694 Α
1903 630 2074 692 listas,
2106 629 2197 697 qui
2222 628 2390 681 instar
2415 624 2633 680 luminis
2668 626 2854 680 orbem
2883 632 3149 681 terrarum
3196 624 3434 679 illustra-

251 722 474 792 γοῦντας
502 724 777 794 κήρυγμα,
806 724 1075 776 τουτέστιν
1106 725 1429 787 ἀποστόλους
1454 726 1547 777 καὶ
1576 724 1800 791 εὐαγγε-

251 814 450 877 λιστάς,
480 815 528 867 οἳ
548 814 725 881 φωτὸς
753 813 904 884 δίκην
941 814 1038 884 τὴν
1069 816 1389 885 οἰκουμένην
1427 810 1794 884 κατέλαμψαν·

251 899 328 968 οἷς
355 906 447 958 καὶ
472 905 630 968 αὐτὸς
651 904 751 976 ἔφη
774 906 1003 978 Χριστός
1024 922 1039 937 ·
1083 906 1265 975 Ὑμεῖς
1293 906 1430 958 ἐστε
1454 904 1518 958 τὸ
1547 903 1670 972 φῶς
1698 902 1800 956 τοῦ

252 994 494 1063 κόσμου.
520 993 637 1058 Φῶς
660 995 755 1065 μὲν
787 996 893 1065 γὰρ
918 995 978 1048 τὸ
1001 995 1248 1065 ἀληθινὸν
1274 996 1433 1057 αὑτός
1464 996 1607 1047 ἐστιν
1630 997 1657 1047 6
1680 992 1801 1055 Υἱὸς
1830 1062 1835 1067 Ξ

252 1084 636 1151 καταφωτίζων
671 1085 883 1140 ἃπασαν
918 1086 1090 1138 κτίσιν
1120 1086 1358 1156 λογικήν.
1378 1084 1591 1155 Ἐπειδὴ
1622 1084 1675 1136 δὲ
1708 1100 1801 1151 γε·-

252 1172 437 1239 γόνασι
468 1172 679 1243 μέτοχοι
704 1174 797 1226 τοῦ
832 1176 959 1245 παρ’
983 1174 1143 1227 αὐτοῦ
1170 1175 1343 1244 φωτὸς
1372 1175 1462 1226 καὶ
1489 1174 1640 1226 αὑτοί
1665 1172 1802 1225 κατά

251 1261 311 1313 τό
329 1277 341 1290 ·
370 1262 682 1330 Ἀνθρακες
704 1262 1061 1332 ἀνήφθησαν
1086 1265 1184 1318 ἀπ’
1208 1264 1412 1326 αὐτοῦ,
1442 1262 1802 1334 χρηματίζουο

254 1366 306 1404 σι
333 1350 448 1419 φῶς
476 1350 570 1404 τοῦ
610 1352 832 1423 κόσμου.
863 1348 1018 1406 οὗτοι
1048 1354 1223 1408 τοίνυν
1258 1353 1504 1423 καθάπερ
1531 1354 1803 1423 ἀστραπαὶ

253 1441 505 1509 γεγόνασι
534 1443 599 1512 τῇ
630 1442 719 1495 ὑπ’
750 1442 973 1512 οὐρανὸν
1003 1442 1364 1516 διατρέχοντες
1396 1441 1689 1510 πανταχοῦ,
1712 1441 1805 1494 καὶ

254 1532 315 1585 τὸ
341 1531 483 1584 θεῖον
503 1533 595 1584 καὶ
618 1532 803 1603 νοητὸν
826 1535 943 1595 ταῖς
976 1533 1080 1586 τῶν
1106 1531 1637 1603 μυσταγωγουμένων
1654 1538 1803 1602 ’καρ-

254 1618 388 1685 δίαις
418 1623 805 1693 εἰσπέμπονται
834 1624 965 1693 φῶς.
988 1625 1095 1676 Καὶ
1115 1623 1223 1693 πῦρ
1250 1622 1306 1675 δέ
1328 1639 1489 1691 φησιν
1515 1624 1543 1674 6
1568 1622 1801 1690 ψάλλων,

254 1713 313 1767 οὕ
343 1714 748 1776 πάντωςντοῦτο
774 1715 833 1767 τὸ
860 1704 1129 1783 αἰσθητὸν,
1164 1712 1284 1764 οὔτε
1327 1714 1431 1783 μὴν
1470 1714 1565 1783 τὴν
1600 1710 1825 1782 ὁρωμέη

253 1822 349 1874 νην
380 1804 571 1873 φλόγα,
595 1806 727 1859 ἀλλά
754 1806 902 1860 θείαν
928 1805 1047 1859 τινὰ
1072 1803 1297 1872 δύναμιν
1323 1804 1529 1873 ἄμαχον
1560 1803 1651 1855 καί¹
1681 1801 1805 1853 δυσ-

252 1896 478 1965 ἀντητον
500 1897 591 1949 καὶ
617 1876 1022 1965 δυσδιάφυκτον,
1055 1896 1221 1966 πυρὸς
1247 1894 1400 1964 δίκην
1426 1893 1807 1946 κατεσθίουσαν

252 1987 375 2049 τοὺς
405 1986 782 2058 ἑχθραίνοντας
825 1986 990 2057 αὐτῷ.
1023 1982 1177 2040 Οὗτοι
1226 1985 1281 2038 δὲ
1320 1981 1459 2055 ἦσαν
1490 1985 1582 2037 καὶ
1615 1982 1719 2052 πρό
1741 2000 1802 2051 γε
1838 1973 1879 2026 Β

252 2072 357 2129 τῶν
380 2074 554 2129 ἀλλων
572 2077 620 2128 οί
645 2075 908 2145 ἀλιτήριοι
930 2074 1178 2144 δαίμονες
1204 2073 1295 2126 καὶ
1324 2076 1351 2125 6
1374 2076 1472 2142 τῆς
1494 2071 1691 2142 ἀγέλης
1713 2072 1807 2124 αὐ-

251 2164 360 2219 τῶν
393 2166 685 2235 ἐπιστάτης
705 2183 717 2195 ·
751 2165 935 2219 τοῦτον
965 2165 1285 2233 κατέφλεξεν
1315 2166 1343 2216 6
1370 2164 1557 2233 Σωτὴρ
1582 2166 1692 2225 τοῖς
1722 2162 1807 2215 ἀλ-

252 2256 363 2321 λοις
393 2256 547 2325 ὁμοῦ.
582 2258 653 2310 Οὐ
684 2257 791 2327 γὰρ
818 2253 884 2327 ἦν
910 2257 1104 2325 ἑτέρως
1139 2255 1406 2320 ἐξελέσθαι
1436 2256 1559 2316 τοὺς
1590 2256 1681 2307 ἐπὶ
1711 2254 1807 2322 τῆς

253 2346 356 2416 γῆς
386 2346 477 2399 ὑπ’
498 2345 645 2415 αὐτῷ
682 2346 1016 2415 γενομένους,
1041 2348 1088 2398 εἰ
1120 2346 1192 2416 μὴ
1228 2346 1473 2415 καθάπερ
1501 2362 1553 2399 τι
1580 2343 1687 2412 πῦρ
1707 2345 1805 2410 ,ἐπ-

254 2439 463 2507 αφῆκεν
490 2436 636 2506 αὐτῷ
650 2436 745 2507 τὴν
764 2436 1085 2490 δαπανῶσάν
1110 2453 1167 2488 τε
1200 2436 1291 2488 καὶ
1322 2436 1678 2505 ἀφανίζουσαν
1706 2433 1804 2483 αὐ-

253 2528 343 2581 τὸν
363 2528 554 2600 ὀργήν.
572 2527 755 2591 Οῦτως
777 2528 1006 2592 ἐξείλετο
1032 2528 1155 2590 τοὺς
1178 2529 1268 2580 ὑπ’
1283 2526 1444 2581 αὐτοῦ
1468 2524 1802 2595 γενομένους,

257 2618 461 2672 σέσωκε
486 2619 611 2681 τοὺς
638 2622 695 2673 ιν
722 2620 1076 2689 αἰχμαλωσίας
1101 2618 1363 2690 ἐρρύσατο
1384 2619 1505 2679 τοὺς
1533 2616 1806 2687 πεπλανη-

259 2707 470 2779 μένους,
505 2709 597 2761 καὶ
626 2709 706 2771 εἰς
736 2709 795 2761 τὸ
820 2709 920 2779 τῆς
942 2708 1196 2779 ἀληθείας
1229 2707 1449 2761 ἐκάλεσε
1493 2707 1626 2775 φῶς.
1656 2708 1806 2777 Τάχα

254 2798 309 2849 δὲ
339 2798 509 2868 πυρὸς
540 2798 631 2849 καὶ
659 2799 938 2868 ἀστραπῆς
968 2798 1361 2869 ἐμνημόνευσεν
1384 2801 1412 2851 6
1434 2798 1613 2862 Δαυτδ,
1642 2800 1806 2870 ἠγουν

256 2884 450 2953 φλογὸς
482 2886 575 2938 καὶ
616 2887 787 2955 φωτός
812 2906 825 2917 ·
859 2886 1043 2956 ἐπειδὴ
1072 2887 1231 2958 διπλῆ
1264 2888 1355 2955 τοῦ
1386 2889 1553 2961 πυρὸς
1592 2890 1625 2960 ὴ
1655 2890 1802 2960 ἐνέρ-

254 2992 408 3045 γεια·
452 2976 511 3029 οῦ
542 2977 649 3049 γὰρ
681 2978 836 3048 μόνον
867 2979 926 3032 τὸ
950 2980 1141 3042 καίειν,
1171 2980 1303 3033 ἀλλά
1337 2982 1428 3033 καὶ
1469 2981 1529 3033 τὸ
1558 2981 1806 3049 φωτίζειν

254 3068 397 3139 ἔχει·
430 3069 525 3123 καὶ
570 3069 630 3122 τὺ
676 3070 772 3141 μὲν
804 3070 915 3139 φῶς
943 3074 1054 3137 τοῖς
1085 3072 1309 3136 δικαίοις
1334 3072 1736 3142 ἀποχαρίζεται,
1772 3076 1803 3143 ή

255 3159 311 3212 δὲ
342 3158 533 3225 καῦσις
557 3164 669 3226 τοῖς
698 3163 1026 3233 παρανόμοις
1045 3162 1361 3235 ἀφώρισται.
1389 3162 1571 3216 Ταῦτα
1594 3163 1805 3233 καὶτῆς

256 3248 508 3323 δευτέρας
543 3254 854 3323 ἐπιφανείας
883 3254 950 3307 τά
978 3254 1316 3309 θεσπίσματα
1334 3271 1350 3286 ο
1377 3254 1548 3307 ταῦτα
1581 3255 1672 3309 καὶ
1703 3256 1805 3307 Aa-

257 3340 375 3412 νιὴλ
411 3342 671 3398 ἐθεάσατο
690 3362 704 3375 ·
734 3345 1018 3413 Ποταμὸς,
1051 3345 1159 3414 γάρ
1204 3354 1356 3417 φησι,
1391 3346 1579 3415 πυρὸς
1610 3342 1810 3400 eam

256 3434 588 3505 ἔμπροσθεν
617 3434 801 3489 αὐτοῦ
821 3451 834 3465 ·
866 3435 958 3488 καὶ
978 3438 1006 3489 6
1032 3436 1231 3506 Κύριος
1250 3433 1418 3500 εἶπεν,
1445 3438 1520 3500 ὡς
1546 3439 1578 3507 ἡ
1605 3453 1808 3507 παρου-

261 3528 350 3579 σία
392 3526 556 3580 αὑτοῦ
596 3526 746 3579 ἔσται
776 3526 850 3589 ὡς
877 3528 911 3597 ἡ
936 3527 1044 3580 ἀπὸ
1089 3528 1358 3581 ἀνατολῶν
1403 3529 1561 3599 μέχρι
1594 3526 1810 3597 δυσμῶν

259 3617 529 3686 φθάνουσα
558 3618 829 3688 ἀστραπή.
860 3617 932 3670 Τὸ
972 3618 1070 3687 μὲν
1111 3616 1219 3689 πῦρ
1244 3616 1406 3670 αὐτοῦ
1446 3613 1811 3688 προπορεύσε-

256 3727 346 3765 ται
366 3710 527 3764 ἓνεκα
543 3709 649 3762 τῶν
668 3708 872 3781 έχθρῶν
888 3708 1051 3761 αὐτοῦ
1068 3726 1083 3739 ·
1112 3707 1221 3762 τῶν
1245 3708 1302 3762 δὲ
1328 3706 1561 3761 εὐσεδῶν
1584 3708 1676 3761 καὶ
1696 3706 1813 3761 θεο-

258 3802 426 3871 φιλῶν
472 3800 677 3875 ἀνδρῶν
723 3802 878 3873 χάριν
922 3801 1194 3873 ἀστραπαὶ
1222 3799 1384 3854 αὑτοῦ
1415 3803 1477 3854 ὲκ
1503 3799 1599 3852 τοῦ
1644 3797 1807 3853 αὑτοῦ

259 3894 435 3962 φωτὸς
482 3893 890 3963 ἑκπεμπόμεναι
935 3893 1056 3946 ἀντὶ
1101 3892 1249 3965 ἡλίου
1283 3891 1685 3962 καταλάμψουσι
1711 3888 1808 3959 τὴν

176 4045 195 4073 Ὗ
258 3985 592 4059 οἰκουμένην.
640 3985 702 4038 Εἰ
729 3984 837 4072 γὰρ
878 3984 996 4037 τότε
1039 3987 1071 4038 ὀ
1110 3984 1280 4053 ἥλιος
1325 3982 1804 4051 σκοτισθήσεται,

1900 730 2058 774 runt:
2092 721 2289 788 quibus
2343 719 2501 771 ctiam
2546 717 2795 773 Christus
2838 717 3010 784 dixit,
3059 716 3161 771 Vos
3191 717 3315 771 estis
3347 715 3440 769 lux

1898 811 2080 864 mundi
2108 810 2173 865 ⁸⁸.
2227 810 2358 864 Nam
2406 824 2532 864 vera
2564 810 2655 863 lux
2710 810 2936 877 est'lpse
2966 806 3153 871 Filius,
3194 809 3287 877 qui
3317 800 3439 861 om;

1899 918 2021 958 nem
2040 910 2342 957 creaturam
2386 896 3089 957 rationabilemtilluminat.
3131 899 3267 965 Quia
3314 914 3441 954 vero

1898 994 2035 1049 lucis
2063 994 2206 1047 illius
2236 994 2524 1063 participes
2548 993 2767 1049 fuerunt
2796 993 3093 1055 secundum
3130 992 3282 1055 illud,
3305 992 3442 1045 Car-

1900 1082 2053 1136 bones
2080 1082 2311 1133 succensi
2336 1090 2458 1133 sunt
2496 1082 2558 1134 ab
2588 1098 2646 1135 eo
2678 1081 2741 1145 ⁸⁹,
2776 1081 2896 1135 ideo
2958 1082 3049 1134 lux
3103 1091 3227 1135 sunt
3278 1082 3440 1150 hujus

1900 1170 2109 1225 mundi.
2141 1169 2207 1224 Hi
2238 1172 2418 1241 itaque
2447 1172 2611 1226 veluti
2639 1171 2850 1241 fulgura
2887 1170 3008 1225 facti
3054 1180 3177 1225 sunt
3204 1212 3218 1235 ,
3272 1180 3439 1227 totam

1901 1262 2099 1331 ubique
2130 1270 2326 1317 terram
2372 1268 2775 1332 percurrentes,
2824 1278 2886 1316 ac
2913 1262 3147 1316 divinam
3187 1264 3441 1333 spiritua-

1901 1351 2114 1422 lemque
2166 1353 2341 1407 lucem
2400 1352 2732 1407 initiatorum
2804 1351 3056 1407 cordibus
3124 1353 3436 1408 immittunt.

1901 1443 2080 1514 Ignem
2106 1459 2269 1515 porro
2296 1443 2582 1501 Psalmista
2600 1442 2758 1509 dicit,
2786 1460 2892 1499 non
2913 1444 3055 1498 hunc
3084 1428 3390 1499 sensibilcm
3421 1485 3438 1508 ,

1902 1551 2079 1605 neque
2096 1534 2365 1589 flammam
2391 1535 2532 1588 illam
2552 1551 2671 1604 qua:
2710 1535 2811 1590 sub
2835 1545 3105 1605 aspectum
3136 1536 3313 1601 cadit;
3350 1537 3441 1589 scd

1903 1622 2136 1677 divinam
2183 1622 2470 1692 quamdam
2515 1624 2767 1677 virtutem
2817 1623 3315 1693 inexpugnabilem,
3357 1626 3444 1677 cui

1904 1730 2011 1767 non
2042 1714 2252 1781 obsisti,
2283 1730 2401 1784 qua:
2431 1729 2540 1769 non
2581 1713 2743 1785 eﬂ‘ugi
2773 1722 2982 1786 potest,
3030 1730 3149 1785 quae
3178 1715 3317 1784 ignis
3356 1716 3440 1767 in-

1906 1813 2019 1860 star
2042 1802 2224 1860 hostes
2267 1802 2409 1860 suos
2428 1805 2670 1861 devorat.
2702 1805 2766 1860 Hi
2796 1818 2971 1861 autem
2995 1812 3165 1870 erant,
3188 1820 3297 1875 prae
3323 1806 3445 1861 aliis

1908 1896 2197 1966 perniciosi
2223 1896 2494 1951 daemones
2517 1934 2535 1960 ,
2575 1903 2628 1951 et
2676 1897 2855 1967 gregis
2900 1911 3086 1951 eorum
3114 1894 3402 1966 praefectus
3425 1934 3443 1961 ,

1908 2002 2065 2056 quem
2097 1986 2341 2039 Salvator
2383 1991 2503 2040 cum
2547 1988 2666 2042 aliis
2706 1988 3020 2043 combussit.
3073 1985 3256 2055 Neque
3312 1988 3446 2045 alias

1908 2085 2154 2147 poterant
2175 2078 2265 2146 qui
2292 2077 2346 2130 in
2375 2085 2517 2130 terra
2544 2078 2619 2130 illi
2638 2077 2864 2148 subjecti
2885 2084 3039 2132 erant
3071 2078 3309 2141 liberari,
3337 2079 3442 2134 nisi

1907 2184 2002 2223 ceu
2040 2168 2213 2238 ignem
2236 2169 3019 2239 quempiam‘consumptricem
3051 2169 3117 2223 ad
3152 2170 3444 2239 perniciem

1910 2266 1963 2312 et
1991 2245 2433 2325 destructionem,
2471 2262 2602 2315 iram
2633 2278 2786 2316 suam
2834 2263 3147 2318 immisissct
3184 2266 3238 2318 in
3272 2265 3444 2318 illum.

1908 2350 1997 2404 Sic
2019 2350 2107 2404 ille
2132 2351 2377 2406 liberavit
2426 2367 2518 2405 eos
2554 2353 2645 2419 qui
2676 2352 2877 2407 subditi
2934 2353 3180 2416 fuerant,
3209 2356 3449 2427 captivos

1907 2439 2124 2509 eripuit,
2189 2428 2436 2496 errantes
2482 2441 2727 2506 reduxit,
2772 2450 2827 2497 et
2872 2444 2929 2497 in
2985 2444 3224 2500 veritatis
3273 2446 3446 2500 lucem

1906 2531 2167 2585 evocavit.
2207 2530 2457 2588 Fortasse
2503 2549 2630 2587 vero
2665 2532 2804 2603 ignis
2833 2540 2887 2587 et
2932 2535 3159 2606 fulguris
3208 2538 3449 2592 meminit

1907 2619 2095 2684 David,
2126 2622 2614 2680 videlicetflammae
2639 2636 2691 2681 et
2731 2626 2897 2691 lucis;
2958 2628 3082 2697 quia
3111 2629 3305 2698 duplex
3340 2631 3448 2699 igni

1908 2714 2140 2768 eliicacia
2169 2717 2309 2770 lnest
2336 2735 2349 2769 :
2380 2731 2491 2770 non
2517 2718 2659 2771 enim
2689 2718 2875 2771 urendi
2922 2717 3117 2782 solum,
3149 2719 3241 2772 sed
3284 2721 3444 2774 etiam

1907 2799 2245 2855 illuminandi
2281 2803 2383 2855 vim
2433 2802 2626 2868 habet;
2675 2818 2739 2856 ac
2789 2804 2958 2857 lucem
3010 2803 3224 2873 quidem
3276 2806 3443 2874 justis

1910 2890 2170 2961 impertit,
2193 2892 2493 2948 combustio
2516 2900 2690 2947 autem
2730 2893 2929 2963 iniquis
2953 2902 3279 2951 reservatur.
3321 2894 3445 2951 Haec

1909 2989 2035 3035 sunt
2061 2981 2280 3037 secundi
2309 2982 2570 3038 adventus
2602 2985 2847 3038 vaticinia
2874 3003 2886 3038 :
2920 2985 3031 3039 haec
3064 2984 3249 3040 Daniel
3268 2985 3401 3041 vidit
3426 3024 3444 3049 ,

1910 3087 2030 3125 nam
2049 3074 2141 3137 ait,
2159 3071 2375 3151 Flavius
2392 3075 2570 3144 igneus
2592 3074 2824 3129 trahebat
2855 3077 2906 3130 in
2935 3066 3205 3146 conspectu
3226 3076 3336 3151 ejus
3362 3078 3442 3144 ὀς

1908 3171 1962 3218 et
1988 3162 2244 3219 Dominus
2275 3146 2439 3227 dicit,
2491 3166 2775 3221 adventum
2811 3182 3008 3233 suum,
3058 3174 3117 3221 ut
3148 3146 3350 3239 fulgur
3380 3170 3448 3225 ab

1909 3256 2113 3312 oriente
2137 3257 2202 3311 ad
2224 3257 2557 3313 occidentem
2598 3259 2923 3329 pertingens,
2954 3259 3191 3314 futurum
3235 3276 3356 3317 esse
3376 3262 3446 3319 ".

1908 3345 2051 3418 Ignis
2095 3348 2308 3419 quidem
2363 3348 2482 3418 ejns
2530 3350 2793 3419 praecedet
2849 3350 3190 3407 inimicorum
3245 3367 3447 3419 causa;

1910 3441 2205 3495 amicorum
2234 3454 2361 3494 vero
2388 3455 2452 3494 ac
2480 3440 2851 3511 religiosorum
2906 3441 3178 3496 hominum
3234 3443 3404 3513 gratia
3431 3482 3447 3507 ,

1859 3570 1865 3575 ο
1908 3530 2118 3603 fulgura
2139 3546 2169 3584 a
2192 3531 2310 3586 luce
2334 3525 2452 3600 ejus
2469 3531 2667 3586 emissa
2689 3532 2807 3586 loco
2838 3532 2965 3587 solis
2991 3532 3185 3601 orbem,
3208 3534 3449 3588 illustra-

1908 3626 2062 3680 bunt.
2095 3621 2151 3677 Si
2174 3623 2317 3679 enim
2349 3631 2481 3677 tunc
2516 3623 2597 3677 sol
2625 3622 3014 3686 obscurabitur,
3066 3631 3117 3675 et
3175 3623 3301 3677 luna
3345 3641 3449 3679 non

1877 3779 1879 3782 γ
1910 3711 2054 3765 dabit
2080 3711 2249 3765 lumen
2282 3726 2464 3771 suum,
2515 3718 2564 3763 et
2594 3709 2760 3764 stellae
2788 3708 2975 3763 cadent
3016 3709 3076 3762 de
3103 3709 3227 3762 caelo
3261 3710 3327 3773 ",
3365 3726 3448 3766 se-

1912 3801 2146 3856 cundum
2176 3799 2472 3855 Salvatoris
2499 3798 2833 3865 doctrinam;
2866 3798 3007 3852 unde
3046 3797 3179 3853 alias
3213 3798 3448 3854 mundus

1914 3891 2321 3953 illnminabitur,
2352 3889 2454 3943 nisi
2478 3903 2542 3941 ex
2572 3889 2727 3958 ipso?
2759 3887 3188 3958 quandoquidem
3220 3894 3304 3944 est
3334 3889 3449 3958 ipso

1916 3980 2171 4035 Dominus
2203 3979 2292 4033 lux
2318 3984 2537 4032 aeterna.

258 4077 355 4130 καί
376 4077 432 4145 ιὴ
454 4074 697 4143 σελήνη
725 4078 795 4129 οὐ
827 4066 1003 4129 δώσει
1045 4075 1110 4128 τὸ
1148 4074 1363 4143 φέγγος
1388 4074 1597 4142 αὐτῆς,
1628 4075 1723 4128 καὶ
1753 4077 1807 4126 οἱ
1839 4067 2087 4139 ἆστέρες
2115 4072 2433 4125 πεσοῦνται
2463 4070 2525 4123 ἐκ
2582 4069 2684 4123 τοῦ
2722 4070 2997 4138 οὐρανοῦ,
3033 4069 3173 4125 κατά
3202 4069 3298 4142 τὴν
3347 4087 3453 4124 σω-
3556 4082 3564 4087 ’

259 4172 442 4243 τήριον
484 4168 853 4224 διδασκαλίαν·
889 4169 1050 4223 πόθεν
1098 4166 1315 4223 ἄλλοθεν
1366 4158 1757 4237 φωτισθήσεται
1782 4171 1810 4220 6
1847 4168 2045 4236 κόσμος
2070 4168 2115 4219 εἰ
2139 4164 2291 4237 μὴὲξ
2318 4163 2477 4217 αὐτοῦ
2499 4181 2510 4191 ·
2551 4162 2869 4235 Ἐπειδήπεο
2891 4164 3034 4218 ἐστὶν
3053 4164 3209 4226 αὐτὸς
3248 4163 3276 4214 6
3340 4160 3454 4216 Κύ-

261 4278 372 4333 ριος
403 4257 518 4329 φῶς
546 4260 777 4316 αἰώνιον.

324 4373 791 4442 Προσκυνήσατε
838 4371 996 4439 αὐτῷ
1041 4373 1260 4442 πάντες
1303 4374 1539 4446 ἄγγελοι
1586 4344 1769 4431 αὐτοῦ
1789 4389 1803 4403 ⁸

258 4462 486 4535 ἤκουσε
517 4464 615 4519 καὶ
635 4464 935 4536 εὐφράνθη
968 4466 1008 4534 ἠ
1045 4465 1214 4531 Σιὼν,
1239 4466 1337 4521 καί
1364 4465 1806 4537 ἠταλλιάσαντο

1978 4368 2142 4425 Vens.
2174 4366 2323 4423 8-13.
2357 4366 2587 4421 Adorate
2611 4382 2728 4420 eum
2750 4346 2923 4421 omnes
2945 4352 3137 4437 langeli
3168 4369 3279 4439 ejus
3306 4385 3325 4423 :
3348 4340 3477 4424 tau:

1911 4463 2038 4517 dicit
2070 4470 2118 4515 et
2151 4460 2332 4513 lctata
2344 4457 2588 4520 estSion,
2607 4466 2655 4511 et
2677 4459 3064 4513 exultauerunt
3091 4460 3221 4527 ﬁlias
3250 4459 3454 4517 Iudae

259 4559 317 4611 al
338 4554 650 4626 θυγατέρες
688 4554 797 4641 τῆς
836 4555 1114 4623 Ἰουδαίας
1155 4556 1361 4611 ἕνεκεν
1381 4556 1499 4612 τῶν
1523 4557 1813 4641 reputarem
1842 4554 1886 4610 D
1913 4570 1985 4623 pri

1728 4574 1813 4611 κων
1842 4554 1886 4610 D
1913 4561 2119 4623 propter
2140 4551 2344 4622 judicia
2398 4558 2519 4615 tua,
2572 4548 2809 4603 Domine.
2863 4548 2993 4603 Sion
3022 4551 3236 4619 quidem
3269 4550 3454 4609 Eccle-

260 4664 393 4713 σου,
416 4648 609 4716 Κύριε.
632 4637 769 4701 Σιὼν
795 4646 892 4717 μὲν
918 4646 1013 4719 τὴν
1040 4647 1357 4717 Ἐκκλησίαν
1380 4646 1610 4719 Χριστοῦ
1634 4637 1810 4719 ῦπάρ-

258 4757 371 4810 χειν
402 4740 592 4805 ἰστέον,
619 4738 917 4811 θυγατέρας
954 4738 1010 4791 δὲ
1053 4739 1149 4810 τῆς
1187 4738 1435 4803 Ἰουδαίας
1456 4738 1555 4801 τὰς
1581 4739 1811 4791 ἀποοτο-’

258 4829 414 4893 λικάς
458 4828 632 4900 ψυχάς
679 4829 786 4884 ἀπὸ
831 4829 924 4883 τοῦ
969 4829 1226 4883 Ἰουδαίων
1257 4820 1439 4892 ἔθνους
1468 4827 1804 4901 διελθούσας·

257 4920 314 4974 αἶ
342 4920 408 4992 δὴ
441 4922 533 4977 καὶ
564 4920 923 4993 ἐμπίπλανται
948 4921 1280 4993 εὐφροσύνης
1310 4920 1400 4973 καὶ
1424 4919 1806 4987 ἀγαλλιάσεως,

264 5009 627 5081 μανθάνουσαι
658 5011 785 5083 περὶ
806 5009 913 5063 τῶν
937 5008 1214 5080 χριμάτων
1244 5009 1337 5062 τοῦ
1364 5007 1586 5081 Κυρίου,
1617 5005 1724 5059 τῶν
1749 5022 1807 5058 τε

260 5103 370 5165 τοῖς
400 5102 803 5175 εἰδωλολάτραις
833 5100 1202 5170 ἀποκειμένων
1239 5097 1533 5170 τιμωριῶν,
1562 5096 1657 5150 καὶ
1700 5095 1808 5150 τῶν

260 5193 370 5255 τοῖς
393 5190 566 5247 ῑθνεσι
584 5192 962 5265 τετηρημένων
987 5188 1340 5260 ἐπαγγελιῶν.
1358 5189 1591 5251 Εἰκότως
1614 5189 1670 5242 δὲ
1689 5190 1807 5258 χαί-

264 5298 442 5355 ρουσιν
464 5283 558 5336 ἀτε
580 5284 725 5354 αὐτῷ
753 5283 1118 5354 ἀνακείμεναι,
1146 5282 1236 5336 καὶ
1265 5280 1572 5346 ἐλπίζουσαι
1600 5279 1699 5351 τῆς
1721 5280 1807 5351 ὲν-

260 5374 413 5440 δόξου
441 5373 600 5427 αὐτοῦ
629 5377 925 5446 παρουσίας
970 5372 1611 5448 καταξιωθήσεσθαι.”οτι
1645 5371 1725 5425 σὺ
1755 5366 1817 5426 εἷ

262 5467 474 5533 Κύριος
509 5466 543 5517 ὀ
581 5464 858 5533 ’Ύφιστος
890 5466 989 5521 ἐπὶ
1024 5464 1226 5523 πᾶσαν
1258 5464 1369 5533 τὴν
1406 5464 1539 5534 τῆν,
1577 5463 1809 5532 σφόδρα

262 5554 656 5624 exspuit-diam
678 5553 826 5621 ὑπὲρ
848 5543 1073 5621 narra;-
1092 5555 1232 5621 τοὺς
1252 5556 1441 5620 θεούς.
1462 5557 1524 5607 οι
1542 5538 1810 5622 ἀγαπῶν-

263 5664 358 5713 τες
393 5643 754 5712 τὸνΚύριον,
772 5642 996 5713 μισεῖτε
1035 5647 1322 5714 πονηρόν·
1363 5643 1664 5713 φυλάσσει
1704 5643 1810 5697 Κύ-

265 5756 387 5808 ριος
409 5735 512 5804 τὰς
527 5736 726 5808 ψυχὰς
748 5736 865 5790 τῶν
884 5737 1067 5795 ὁσίων
1085 5736 1289 5802 αὐτοῦ,
1323 5738 1389 5792 ἐκ
1409 5735 1603 5807 χειρὸς
1633 5734 1812 5805 ἁμαρ-

1914 4648 2048 4702 siam
2070 4643 2267 4701 Christi
2304 4656 2423 4698 esse
2460 4640 2735 4696 sciendum
2760 4646 2874 4706 est;
2916 4641 3052 4696 ﬁlias
3080 4657 3209 4721 vero
3233 4641 3450 4710 Iuda-aa,

1913 4736 2237 4807 apostolicae
2267 4735 2476 4788 animas
2506 4746 2572 4785 ex
2598 4729 2906 4786 Iudaeorum
2948 4743 3106 4803 gente
3151 4720 3408 4791 oriundas
3435 4755 3450 4791 :

1912 4842 2033 4898 quae
2057 4840 2188 4883 sane
2209 4825 2440 4894 impleta
2459 4829 2585 4878 sunt
2606 4823 2804 4893 gaudio
2825 4830 2881 4878 et
2900 4825 3295 4893 exsultatione;
3326 4840 3451 4881 cum

1913 4918 1980 4972 de
2000 4916 2220 4985 judiciis
2247 4913 2458 4969 Domini
2493 4912 2800 4979 audierunt,
2818 4912 2995 4984 deque
3019 4915 3316 4986 suppliciis,
3335 4931 3455 4985 qua:

1912 5006 2176 5061 idolorum
2205 5002 2504 5057 cultoribus
2537 5005 2772 5072 reposita
2804 5012 2952 5069 sunt,
2997 5021 3202 5062 necnon
3230 5006 3298 5061 de
3326 5021 3455 5077 pro-

1912 5096 2114 5158 missis,
2137 5108 2257 5165 qute
2275 5094 2525 5163 gentibus
2545 5103 2913 5152 reservantur.
2940 5098 3006 5152 Et
3032 5100 3220 5152 merito
3238 5095 3455 5168 quidem

1910 5186 2161 5257 gaudent,
2182 5191 2365 5254 utpote
2386 5186 2485 5255 ipsi
2510 5186 2755 5251 addicta,
2787 5201 2851 5242 ac
2876 5190 3149 5259 sperantes
3177 5201 3235 5241 se
3256 5186 3455 5257 glorio-

1913 5290 1972 5330 so
2012 5273 2131 5342 eius
2183 5274 2415 5329 adventu
2450 5273 2754 5347 dignandos
2794 5289 2933 5329 esse.
2987 5272 3244 5338 Quoniam
3291 5279 3346 5323 tu
3399 5287 3454 5325 es

1912 5366 2165 5421 Dominus
2219 5365 2510 5419 altissimus
2558 5381 2707 5433 super
2761 5379 2957 5419 omnem
3010 5371 3237 5424 terram,
3298 5359 3454 5421 nimis

1911 5456 2174 5511 excitatus
2204 5472 2257 5510 es
2280 5470 2432 5524 super
2459 5471 2631 5510 omnes
2673 5454 2815 5507 deos.
2866 5451 2970 5518 Qui
3001 5452 3218 5523 diligitis
3270 5451 3455 5505 Domi-

1914 5562 2036 5602 num
2054 5588 2070 5612 ,
2099 5545 2243 5599 adite
2262 5546 2457 5599 malum
2482 5561 2500 5598 :
2535 5542 2760 5596 custodit
2787 5541 3044 5596 Dominus
3090 5542 3294 5594 animas
3325 5556 3452 5595 sats-

1914 5648 2116 5692 ctorurn
2149 5653 2361 5691 suorum
2380 5674 2397 5700 ,
2451 5634 2512 5689 de
2539 5649 2697 5688 manu
2716 5641 3046 5701 peccatorum
3084 5620 3323 5685 liberabit
3344 5646 3450 5688 eos.

1919 5731 1973 5787 Si
2002 5732 2220 5790 malum.
2252 5729 2444 5800 inquit,
2477 5727 2728 5789 aversati,
2761 5725 2933 5780 sancti
2953 5723 3255 5780 efﬁciamini
3276 5740 3291 5789 ;
3314 5732 3455 5796 tunc

332 5895 379 5930 ⁸⁸
416 5893 600 5952 Matth.
632 5909 720 5959 Vt.
757 5893 843 5949 Η.
916 5894 959 5941 ⁸³
997 5892 1142 5951 Psal.
1176 5911 1321 5963 xvii,
1356 5894 1410 5951 9.
1482 5894 1529 5929 ’⁸
1561 5891 1695 5949 Dan.
1732 5906 1805 5945 vn
1828 5929 1843 5957 ,
1882 5888 1970 5945 i0.
2042 5888 2084 5918 ⁹¹
2126 5885 2310 5941 Matth.
2345 5899 2493 5951 xxiv,
2532 5882 2621 5937 27.
2697 5882 2741 5913 "
2776 5877 2912 5951 ibid.
2948 5878 3039 5936 39.
