4372 6424
861 480 991 538 1931

1518 472 1775 531 EUSEBII
1814 474 2283 533 CAESARIENSIS
2320 476 2465 533 OPP.
2500 476 2674 533 PARS
2718 476 2804 533 Ill.
2837 508 2907 520 —
2932 477 3335 535 EXEGETICA.

3892 484 4032 537 ἐπὶ

857 591 1007 645 vobis
1030 589 1297 658 continget
1328 587 1416 642 Dei
1440 588 1692 657 praesidio
1740 589 1958 656 muniri,
1984 598 2143 661 atque
2171 606 2201 645 a
2231 606 2391 643 manu

2493 593 2692 646 πωλῶν
2724 595 2971 661 ῥύσεται
3012 596 3250 660 αὑτούςι
3303 596 3364 648 Εί
3394 596 3845 669 ἁποστρᾳφέντες,
3879 572 4029 667 φησι,

858 678 1051 733 diaboli
1082 678 1295 731 liberari
1323 698 1336 731 :
1369 678 1416 733 is
1443 678 1584 732 enim
1617 680 1833 747 proprie
1882 688 2134 763 peccator
2173 680 2389 736 dicitur.

861 766 1047 821 Modus
1074 767 1251 835 itaque
1278 766 1581 821 dilectionis
1614 782 1738 835 erga
1768 758 2077 822 Dominum"
2096 776 2180 823 est
2214 769 2393 824 odisse

860 858 1035 920 mala;
1067 872 1271 911 merces
1296 864 1473 909 autem
1491 856 1647 910 .illius
1677 863 1779 918 est,
1811 856 1984 925 ipsum
2016 858 2072 912 in
2104 858 2226 912 vitae
2257 872 2393 928 prae-

862 948 1050 1000 sidium
1082 946 1354 1008 obtinere,
1393 953 1550 1014 atque
1587 948 1985 1015 insurgentibus
2018 948 2250 1004 inimicis
2306 965 2395 1005 su-

860 1038 1119 1105 periorem
1155 1036 1400 1089 eradere.
1425 1033 1611 1089 Viden’
1637 1043 1835 1104 quanta
1862 1050 1958 1105 pro
1988 1035 2081 1092 Dei
2106 1038 2391 1093 dilectione

854 1131 1181 1200 accipimus?
1212 1129 1393 1183 Sancti
1425 1145 1548 1184 vero
1594 1129 1874 1194 ellicimur,
1922 1145 2045 1184 cum
2070 1127 2171 1198 ipsi
2194 1128 2388 1182 addicti

852 1239 1059 1287 sumus,
1089 1231 1248 1290 atque
1279 1220 1444 1275 Deum
1481 1221 1761 1276 custodem
1794 1220 1973 1290 magni
2008 1220 2151 1275 illius
2181 1218 2386 1289 praedii,

850 1312 1042 1368 animae
1076 1311 1281 1367 scilicet
1313 1318 1543 1375 nostrae,
1594 1310 1989 1375 nanciscimur;
2043 1312 2118 1363 ita
2166 1316 2225 1361 ut
2278 1322 2386 1361 non

848 1405 989 1459 ultra
1038 1404 1145 1475 sub
1170 1418 1333 1456 manu
1380 1410 1433 1457 et
1477 1408 1739 1471 potestate
1778 1401 1984 1455 inimici
2028 1415 2343 1455 maneamus
2369 1441 2385 1466 ,

822 1510 971 1559 ,nam
1001 1493 1112 1547 Lux
1135 1502 1251 1547 orta
1270 1503 1346 1547 est
1369 1493 1536 1561 justo,
1565 1502 1613 1545 et
1630 1493 1780 1545 rectis
1797 1491 1949 1545 corde
1991 1491 2197 1545 latitia.
2246 1489 2388 1543 Ltet-

843 1585 1033 1650 nmini,
1053 1585 1208 1653 justi,
1226 1585 1279 1637 in
1302 1583 1539 1649 Domino,
1557 1592 1605 1637 et
1626 1583 1941 1651 conﬁtemini
1959 1583 2216 1635 memoriw
2234 1596 2387 1635 sanc-

852 1677 1145 1747 tiﬁcationis
1171 1676 1303 1744 ejus.

848 1877 969 1917 του.

1147 1976 1464 2033 PSALMUS
1489 1973 1615 2029 lPSI
1641 1972 1845 2029 DAVID
1874 1970 2081 2027 XCVII.

915 2070 1080 2126 Vens.
1112 2070 1163 2125 1.
1216 2069 1435 2125 Cantate
1478 2067 1705 2121 Domino
1729 2064 1989 2119 canticum
2020 2077 2230 2124 novum,
2264 2059 2388 2129 quia

845 2160 1111 2214 mirabilia
1134 2158 1275 2228 fecit.
1320 2157 1419 2212 Hic
1450 2158 1576 2211 item
1633 2155 1873 2225 psalmus
1902 2151 2076 2207 eidem
2106 2149 2387 2205 sententiae

845 2252 1080 2307 insistit:
1112 2265 1235 2304 nam
1265 2257 1553 2318 utrumque
1573 2245 1871 2300 Salvatoris
1887 2234 2173 2297 adventum
2198 2239 2387 2293 vatici-

845 2353 1027 2408 natur,
1061 2340 1169 2397 sed
1199 2340 1366 2393 multo
1395 2337 1564 2405 magis
1589 2336 1657 2389 de
1692 2334 1931 2388 secundo
1959 2330 2229 2386 edisserit.
2258 2328 2387 2383 lure

845 2444 1023 2488 autem
1056 2429 1330 2486 canticum
1358 2441 1557 2481 novum
1587 2423 1699 2477 Deo
1727 2422 1921 2477 offerre
1968 2422 2230 2491 praecipit,
2260 2420 2387 2489 quia

844 2522 1197 2595 pristinarum
1241 2532 1419 2572 rerum
1453 2515 1802 2569 mutationem
1836 2512 2111 2582 praedicat,
2140 2526 2389 2580 praznun-

844 2616 1051 2683 tiatque
1080 2624 1278 2665 novum
1323 2606 1447 2660 vitae
1482 2606 1811 2659 institutum.
1860 2602 2071 2657 Etenim
2105 2616 2167 2655 ea
2209 2615 2329 2670 quas
2357 2614 2387 2653 a

848 2705 955 2759 Deo
992 2702 1371 2757 universorum
1400 2710 1527 2768 pro-
1545 2696 1721 2751 salute
1760 2702 1950 2749 nostra
1991 2698 2206 2762 peracta
2237 2698 2387 2753 sunt,

845 2792 1280 2865 supernaturalia
1328 2804 1461 2845 sane
1514 2794 1642 2843 sunt
1689 2801 1753 2841 ac
1798 2783 2084 2859 stupenda.
2134 2780 2388 2852 Servator

844 2887 1040 2957 quippe
1064 2893 1249 2939 noster
1286 2880 1488 2935 mundo
1512 2878 1823 2942 adveniens,
1855 2889 1920 2929 ac
1952 2873 2045 2929 Dei
2084 2872 2257 2943 gratia
2290 2886 2389 2941 pro

844 2973 1343 3029 omnibusmortem
1389 2970 1704 3035 degustans,
1746 2972 1806 3019 ut
1849 2963 2061 3018 tolleret
2107 2967 2387 3030 peccatum

844 3063 1051 3126 mundi,
1083 3071 1141 3117 ut
1186 3076 1253 3115 ex
1290 3057 1641 3127 sequentibus
1686 3055 1971 3109 versiculis
1992 3051 2387 3107 demonstrabi-

844 3163 955 3218 tur,
986 3152 1192 3221 magnis
1221 3155 1275 3202 et
1302 3146 1515 3200 arcanis
1548 3160 1647 3200 nos
1694 3128 1944 3215 dignatus
1982 3150 2065 3198 est
2094 3142 2385 3221 mysteriis.

846 3244 1077 3301 Salvavit
1109 3241 1207 3295 sibi
1232 3238 1444 3293 dextera
1462 3236 1595 3305 ejus,
1625 3248 1672 3289 et
1699 3235 1967 3289 brachium
1995 3243 2232 3288 sanctum
2258 3232 2391 3301 ejus.
2421 3221 2465 3282 C

846 3334 1178 3390 Salvatoretn
1214 3343 1336 3385 esse
1384 3328 1658 3383 dexteram
1702 3332 1756 3382 et
1802 3324 2081 3380 brachium
2120 3322 2234 3385 Dei,
2269 3322 2384 3391 jam

842 3430 1091 3503 pluribus
1116 3442 1180 3481 ex
1213 3425 1445 3481 dexterze
1479 3433 1534 3479 et
1566 3422 1780 3478 brachii
1816 3418 2211 3491 signiﬁcatione
2239 3432 2387 3471 com-

843 3528 1201 3577 monstratum
1251 3524 1357 3573 est.
1398 3516 1626 3570 Dextera
1673 3515 1855 3583 itaque
1899 3511 1990 3566 Dei
2037 3526 2153 3574 eos,
2190 3510 2281 3579 qui
2320 3509 2387 3562 ad

843 3612 1226 3669 beatitudinem
1259 3608 1423 3663 erecti
1455 3613 1602 3670 sunt,
1631 3605 1810 3660 salvos
1860 3603 1964 3673 ipsi
1991 3600 2240 3656 custodit.
2272 3598 2389 3653 Non

841 3707 993 3759 enim.
1014 3705 1191 3759 omnis
1224 3701 1316 3772 qui
1350 3700 1533 3755 salvus
1566 3707 1668 3762 est,
1702 3695 1934 3750 Domino
1958 3693 2069 3749 Deo
2098 3699 2385 3757 servatur;

844 3798 935 3852 sed
965 3798 1114 3853 solus
1137 3803 1193 3850 et
1219 3791 1395 3849 omnis
1424 3792 1514 3845 ille
1546 3790 1637 3859 qui
1667 3785 1965 3844 secundum
1992 3792 2195 3840 rectam
2218 3782 2388 3838 ratio-

843 3904 963 3943 nem
988 3903 1017 3942 a
1046 3886 1203 3942 malis
1232 3893 1286 3939 et
1308 3884 1511 3939 morbis
1541 3882 1826 3944 liberatur,
1854 3886 1909 3934 et
1938 3877 2182 3933 veritatis
2202 3874 2389 3946 (ιοεηὶ-

730 4042 739 4053 _
843 3983 1042 4037 tionem
1077 3994 1198 4033 cum
1228 3982 1425 4049 pietate
1446 3981 1730 4031 assecutus
1756 3981 1856 4028 est.
1880 3970 2013 4025 Nam
2036 3970 2129 4040 qui
2149 3985 2214 4025 ex
2243 3984 2391 4022 mor-

843 4072 929 4126 bis
955 4078 1010 4125 et
1034 4069 1349 4124 vulneribus
1383 4074 1651 4129 servatur,
1675 4079 1784 4118 non
1820 4064 2037 4136 penitus
2076 4059 2186 4115 Deo
2206 4061 2389 4114 salvus

841 4170 946 4227 est,
977 4162 1209 4215 maxime
1237 4174 1368 4214 vero
1410 4172 1533 4213 cum
1568 4159 1779 4228 ignorat
1808 4171 1868 4211 se
1906 4170 1936 4208 a
1963 4154 2073 4209 Deo
2103 4152 2391 4208 incolumi-

824 4265 951 4317 tate
983 4255 1259 4309 donatum.
1310 4250 1569 4305 Sanctum
1615 4262 1779 4317 porro
1823 4246 1916 4300 Dei
1953 4244 2237 4299 brachium
2284 4254 2387 4306 est,

843 4361 952 4399 non
996 4340 1412 4414 participatione
1461 4336 1801 4400 sanctitatis;
1842 4334 1933 4389 sed
1975 4334 2102 4402 quia
2155 4331 2409 4402 Spiritus

842 4440 1015 4492 sancti
1032 4434 1313 4491 brachium
1336 4440 1439 4488 est.
1458 4432 1523 4484 Et
1546 4428 1777 4484 fortasse
1791 4424 2012 4481 dextera
2029 4423 2270 4493 quidem,
2295 4421 2389 4476 Dei

840 4527 924 4581 vis
950 4524 1232 4596 operandi,
1256 4538 1375 4593 quae
1406 4536 1511 4576 non
1546 4519 1649 4573 alia
1676 4530 1836 4587 quam
1860 4514 2003 4569 Deus
2034 4511 2266 4568 Verbum
2283 4518 2387 4579 est,

2494 682 2553 733 τὸ
2588 683 2816 752 πονηρὸν
2846 685 2979 736 ὅσιοι
3016 684 3263 765 γένησθε,
3302 688 3419 739 τότε
3447 686 3509 756 δὴ
3544 685 3872 757 συμϐήσεται
3906 686 4034 755 ὑμῖν

2495 772 2587 823 καὶ
2614 772 2711 841 τῆς
2743 772 2979 843 φυλακῆς
3006 775 3103 843 τῆς
3138 775 3285 846 παρὰ
3311 775 3403 829 τοῦ
3426 776 3555 828 Θεοῦ
3582 779 3778 846 τυχεῖν,
3813 776 3907 829 stat
3934 776 4032 844 τῆς

2496 860 2588 913 τοῦ
2629 861 2864 914 διαϐόλου
2906 864 3161 933 ρυσθῆναι
3206 866 3413 936 χειρός·
3448 860 3597 929 οὗτος
3640 866 3748 935 γὰρ
3773 865 3803 916 ό
3835 863 4032 935 κυρίως

2466 1024 2471 1027 γ
2499 951 2828 1022 ἁμαρτωλός.
2848 953 2903 1005 Ὁ
2939 954 3031 1023 μὲν
3058 951 3146 1007 οὖν
3170 956 3369 1026 τρόπος
3409 956 3508 1024 τῆς
3540 956 3672 1025 πρὸς
3712 955 3802 1007 τὸν
3834 953 4032 1023 Κύριον

2494 1040 2707 1111 ἀγάπης
2730 1041 2789 1094 τὸ
2823 1046 2994 1111 μισεῖν
3029 1046 3236 1115 πονηρά
3254 1063 3267 1076 ·
3299 1038 3483 1115 μισθὸς
3506 1044 3563 1097 δὲ
3591 1044 3776 1097 τούτου
3802 1044 3861 1097 τὸ
3890 1044 4032 1114 ἔχειν

2493 1132 2651 1184 αὑτὸν
2672 1132 2911 1205 φυλακὴν
2940 1135 3036 1203 τῆς
3059 1135 3219 1205 ζωῆς,
3248 1137 3340 1189 καὶ
3368 1137 3596 1205 κρείττω
3623 1134 3729 1188 τῶν
3756 1136 4031 1189 ἐτι-ανιστα⁹

2493 1223 2664 1293 μένων
2686 1224 2957 1295 δυσμενῶν
2985 1225 3239 1293 γίνεσθαι.
3266 1221 3412 1287 Εἶδες
3442 1224 3598 1296 ἡλίκα
3622 1226 3717 1295 τῆς
3749 1223 3881 1295 πρὸς
3901 1224 4031 1278 Θεὸν

2489 1314 2705 1386 ἀγάπης
2743 1315 3116 1386 άπολάϐομεν;
3161 1315 3417 1385 Γινόμεθα
3442 1316 3497 1369 δὲ
3528 1316 3661 1368 ὅσιοι
3692 1315 4029 1386 ἀνακείμενοι
4060 1378 4063 1385 Α

2490 1404 2657 1475 αὐτῷ,
2692 1406 2782 1459 καὶ
2822 1406 3030 1475 φύλακα
3071 1406 3159 1461 τὸν
3199 1406 3327 1460 Θεὸν
3353 1406 3445 1459 τοῦ
3476 1406 3721 1477 μεγίστου
3759 1407 4029 1476 κτήματος

2489 1495 2588 1565 τῆς
2613 1497 2881 1568 ἡμετέρας
2906 1498 3081 1568 ψυχῆς
3112 1498 3302 1569 ἔχομεν
3321 1516 3334 1529 ο
3365 1499 3501 1552 ὥστε
3530 1499 3602 1570 μὴ
3630 1499 3731 1550 ὑπὸ
3752 1499 3850 1569 τὴν
3873 1499 4030 1567 χεῖρα

2492 1584 2584 1637 καὶ
2627 1585 2740 1655 τὴν,
2773 1586 3013 1652 ἐξουσίαν
3060 1588 3306 1657 γενέσθαι
3360 1588 3452 1643 τοῦ
3497 1588 3717 1661 ἐχθροῦ-
3758 1589 3886 1654 Φῶς
3921 1588 4029 1659 γάρ

1527 1724 1537 1730 .
2423 1682 2426 1685 “
2489 1675 2755 1731 ἀνέτειλε
2798 1678 2877 1742 τῷ
2916 1679 3137 1746 δικαίῳ,
3168 1681 3264 1733 καὶ
3308 1679 3430 1745 τοῖς
3464 1680 3662 1735 εὐθέσι
3705 1674 3779 1748 τῇ
3816 1676 4029 1747 καρδίᾳ

838 1771 1205 1839 εὐφροσύνη.
1248 1768 1651 1837 Εὐφράνθητε,
1697 1767 1929 1833 δίκαιοι,
1979 1767 2049 1821 ἐν
2084 1765 2163 1832 τῷ
2202 1767 2413 1833 Κυρίῳ,
2442 1768 2535 1821 καί
2560 1766 3006 1842 ἐξομολογεῖσθε
3040 1772 3115 1842 τῇ
3145 1775 3348 1846 μνήμῃ
3387 1775 3513 1844 τῆς
3548 1776 3882 1845 ἁγιωσύνης
3926 1773 4031 1827 αὑ-

2860 1974 3147 2027 ΨΑΛΜΟΣ
3185 1976 3271 2046 Τῼ
3309 1977 3502 2029 ΔΑΥΙΔ
3544 1974 3645 2042 κζ’.

2556 2062 2771 2131 ’ᾼσατε
2807 2062 2886 2129 τῷ
2925 2067 3116 2133 Κυρίῳ
3151 2060 3312 2135 ἆσμα
3344 2066 3565 2142 καινόν,
3600 2066 3688 2120 ὅτι
3724 2068 4031 2137 θαυμαστὰ

2484 2150 2747 2218 ἐποίησε.
2767 2154 2873 2206 Καὶ
2898 2148 3049 2219 οὗτος
3068 2158 3096 2209 ό
3114 2157 3319 2227 ψαλμὸς
3341 2158 3435 2228 τὴν
3456 2158 3620 2229 αὐτὴν
3643 2158 3753 2229 ἔχει
3774 2158 4025 2212 διάνοιαν·

2485 2242 2745 2313 ἑκατέραν
2767 2242 2874 2315 γὰρ
2904 2244 2997 2297 τοῦ
3029 2248 3270 2317 Σωτῆρος
3309 2248 3626 2317 ἐπιφάνειαν
3654 2248 4026 2318 προθεσπίζει,

2485 2332 2618 2385 ἁλλὰ
2643 2333 2710 2387 τὰ
2742 2334 2959 2388 πλείονα
2976 2352 3039 2387 πε
3049 2338 3099 2407 p‘.
3117 2338 3212 2406 τῆς
3232 2338 3482 2409 δευτέρας
3506 2340 3771 2405 διέξεισιν.
3791 2339 4030 2403 Εἰκότως

2484 2423 2538 2477 δὲ
2566 2420 2713 2495 ᾆσμα
2735 2427 2914 2479 καινὸν
2935 2426 3139 2481 κελεύει
3166 2431 3540 2497 προσενεγκεῖν
3567 2428 3643 2498 τῷ
3664 2428 3780 2498 Θεῷ
3798 2444 3811 2456 ’
3842 2429 4027 2500 ἐπειδὴ

2484 2515 2589 2568 τῶν
2620 2515 2903 2596 προτέρων.
2928 2518 3258 2587 πραγμάτων
3290 2516 3540 2588 κηρύττει
3576 2516 3889 2588 μεταϐολὴν.
3935 2518 4030 2571 καὶ

2486 2604 2670 2676 καινὴν
2692 2606 2959 2659 πολιτείαν
2990 2606 3357 2677 προαγορεύει.
3376 2607 3653 2677 ’Υπερφυᾶ
3676 2608 3783 2677 γὰρ
3810 2608 3903 2661 καὶ
3923 2624 4029 2661 πα-

2489 2695 2680 2765 ράδοξα
2710 2697 2777 2749 τὰ
2810 2698 2912 2751 ὑπὸ
2939 2697 3028 2751 τοῦ
3061 2697 3193 2752 Θεοῦ
3212 2697 3331 2750 τῶν
3364 2698 3499 2751 ὅλων
3522 2698 3783 2767 γενόμενα
3813 2699 3905 2750 ἐπὶ
3926 2716 4032 2751 σω-

2488 2788 2649 2860 τηρίᾳ
2670 2789 2927 2860 ἡμετέρα.
2946 2792 3001 2843 '0
3028 2790 3131 2862 γὰρ
3152 2791 3356 2863 Σωτὴρ,
3383 2792 3718 2863 ἐπιδημήσας
3742 2788 3820 2861 τῷ
3842 2791 4032 2861 κόσμῳ

2489 2877 2583 2929 καὶ
2610 2878 2785 2949 χάριτι
2806 2878 3096 2948 Θεοῦιὺπὲρ
3121 2882 3315 2945 παντὸς
3338 2882 3667 2951 γευσάμενος
3694 2882 3918 2936 θανάτου
3941 2882 4033 2932 ἐπὶ
4128 2944 4129 2947 η

2488 2964 2565 3034 τῷ
2596 2961 2724 3037 ᾇραι
2766 2967 2862 3038 τὴν
2900 2968 3165 3038 ἁμαρτίαν
3190 2969 3281 3021 τοῦ
3312 2971 3533 3039 κόσμου,
3568 2971 3642 3033 ὡς
3671 2971 3757 3024 διὰ
3777 2971 3884 3024 τῶν
3910 2973 4036 3024 ἐπο-

2494 3060 2667 3130 μὲνων
2694 3059 3054 3131 δηλωθήσεται
3086 3061 3299 3129 στίχων,
3324 3060 3429 3113 τῶν
3464 3062 3709 3131 μεγάλων
3741 3064 3833 3117 καὶ
3864 3064 4033 3134 ἀπορ-

2494 3150 2667 3219 ρήτων
2694 3150 2839 3220 ἡμᾶς
2873 3148 3167 3219 κατηξίωσε
3216 3149 3778 3220 μυστηρίων.Ἕσωσ-ε
3805 3152 3963 3218 αὐτῷ
3990 3153 4030 3220 ἠ

2494 3238 2661 3304 δεξιὰ
2698 3241 2903 3305 αὑτοῦ,
2932 3241 3027 3293 καί
3058 3243 3090 3293 ό
3117 3240 3383 3309 ,ϐραχίων
3404 3242 3437 3294 ὁ
3460 3240 3623 3309 ἅγιος
3648 3242 3851 3296 αὐτοῦ.
3874 3242 4035 3309 Δεξιὰ

2489 3331 2580 3383 καὶ
2609 3331 2843 3401 βραχίων
2870 3331 3000 3384 Θεοῦ
3022 3332 3107 3385 διὰ
3130 3334 3382 3387 πλειόνων
3402 3332 3767 3387 ἀποδέδεικται
3793 3335 3821 3386 ό
3845 3334 4037 3407 Σωτὴρ

2488 3419 2620 3476 εἶναι
2642 3423 2777 3476 κατὰ
2796 3423 2885 3476 τοῦ
2908 3426 3005 3495 τῆς
3034 3425 3209 3488 δεξιᾶς
3234 3426 3326 3477 καὶ
3351 3424 3440 3478 τοῦ
3464 3425 3738 3496 βραχίονος
3758 3425 4033 3496 κειμένου.

2489 3512 2655 3577 Σώζει
2690 3508 2781 3566 οὖν
2808 3513 2951 3582 αὐτῷ
2981 3512 3057 3583 τῷ
3088 3513 3203 3584 Θεῷ
3228 3515 3260 3584 ἡ
3292 3513 3436 3577 δεξιὰ
3462 3513 3624 3567 αὐτοῦ
3664 3515 3790 3577 τοὺς
3819 3515 3897 3577 εἰς
3931 3531 4036 3585 μα-

2489 3604 2784 3675 καριότητα
2814 3605 3097 3673 ὴρμένους.
3130 3606 3203 3657 Οὐ
3237 3604 3344 3675 γὰρ
3374 3606 3479 3668 πᾶς
3508 3605 3807 3675 σωζόμενος
3848 3605 4036 3676 Κυρίῳ

2488 3692 2566 3762 τῷ
2607 3693 2724 3763 Θεῷ
2771 3692 3023 3757 σώζεταιο
3056 3695 3188 3748 ἀλλὰ
3218 3697 3372 3763 μόνος
3404 3695 3498 3747 καὶ
3541 3697 3648 3758 πᾶς
3670 3696 3699 3748 ό
3726 3692 3908 3750 κακῶν
3940 3696 4038 3749 καὶ

2490 3782 2674 3836 παθῶν
2698 3783 2834 3836 κατὰ
2854 3784 2943 3836 τὸν
2974 3784 3128 3852 ὀρθὸν
3151 3784 3303 3852 λόγον
3326 3785 3807 3857 ἀπαλλαττόμενος,
3829 3788 3921 3841 καὶ
3938 3786 4037 3858 τὴν

2487 3873 2584 3944 τῆς
2606 3874 2855 3944 ἀληθείας
2881 3874 3075 3941 γνῶσιν
3098 3878 3209 3944 μετ’
3232 3876 3501 3939 εὐσεϐείας
3521 3879 3835 3949 ἀνειληφώς.
3853 3880 3909 3933 '0
3928 3879 4039 3951 γὰρ

2489 3968 2553 4019 ὲκ
2575 3966 2739 4019 νόσων
2765 3967 2857 4020 καὶ
2881 3968 3202 4037 τραυμάτων
3231 3967 3419 4031 σωθεὶς
3449 3969 3509 4020 οὐ
3542 3969 3754 4032 πάντως
3786 3970 3902 4039 Θεῷ
3926 3969 4035 4022 σώ-

2490 4058 2658 4122 ζεται,
2683 4057 2909 4128 μάλιστα
2931 4060 3019 4111 ὅτε
3047 4060 3144 4112 οὐκ
3172 4055 3531 4128 ἐπίσταται-ὲκ
3552 4060 3684 4114 Θεοῦ
3704 4060 3799 4132 τὴν
3828 4061 4038 4128 ὑγίειαν

2488 4150 3119 4222 αὑτῷ-δεδόσθαι.”Δγιος
3147 4154 3202 4208 δὲ
3238 4156 3266 4207 ό
3299 4152 3529 4227 βραχίων
3567 4152 3659 4207 τοῦ
3690 4152 3825 4207 Θεοῦ
3864 4155 4037 4219 ἔστιν,

2487 4245 2549 4296 οὐ
2600 4242 2737 4295 κατὰ
2779 4244 3004 4317 μετοχὴν
3053 4247 3330 4317 ἁγιότητος
3380 4245 3691 4317 τυγχάνων,
3726 4247 3840 4301 ἀλλ’
3881 4246 4039 4316 ἁγίου

2489 4333 2797 4404 Πνεύματος
2825 4334 2899 4387 ὢν
2934 4335 3186 4407 βραχίων.
3213 4337 3323 4391 Καὶ
3351 4338 3488 4408 τάχα
3516 4336 3660 4403 δεξιὰ
3692 4338 3789 4409 μὲν
3819 4340 3852 4409 ἡ
3888 4340 4041 4412 ἐνερ-

2489 4425 2686 4494 γητικὴ
2731 4425 2822 4477 τοῦ
2863 4425 2996 4479 Θεοῦ
3037 4428 3277 4499 δύναμις,
3307 4431 3406 4483 οὐκ
3427 4429 3558 4499 άλλη
3580 4431 3673 4484 τοῦ
3704 4430 3837 4485 Θεοῦ
3862 4431 4037 4500 Λόγου

2491 4516 2845 4587 τυγχάνουσα,
2870 4518 3127 4583 καλεῖται,
3148 4520 3234 4573 διὰ
3252 4521 3312 4573 τὸ
3331 4520 3537 4587 δεξιῶς,
3553 4522 3825 4577 τουτέστιν
3843 4523 4036 4591 ἁγίως,

841 4623 1100 4681 vocatur;
1152 4614 1279 4685 quia
1316 4610 1554 4674 dextere,
1597 4608 1650 4663 id
1695 4614 1797 4671 est,
1843 4612 2053 4669 sancte,
2097 4604 2385 4674 sapienter,

2492 4608 2686 4676 σοφῶς,
2714 4607 3030 4677 ἀμέμπτως,
3053 4608 3344 4672 ὲπαινετῶς
3372 4610 3545 4664 πάντα
3567 4616 3737 4667 ποιεῖν
3755 4630 3769 4644 ·
3802 4613 4039 4686 βραχίων

844 4704 1137 4773 inculpate,
1192 4701 1538 4758 laudabiliter
1606 4697 1787 4753 omnia
1856 4694 2047 4762 eﬂieit;
2105 4693 2389 4750 brachium

844 4812 972 4851 vero
1013 4796 1085 4851 ob
1122 4793 1494 4849 fortitudinem
1542 4806 1606 4846 ac
1654 4790 1823 4846 robur
1863 4787 2390 4859 praestantissimum.

916 4887 1079 4944 Vsus.
1101 4886 1157 4951 2,
1185 4887 1238 4941 5.
1277 4884 1477 4939 Notum
1506 4884 1628 4954 fecit
1658 4882 1910 4937 Dominus
1940 4880 2189 4935 Salutare
2216 4894 2389 4942 suum,

843 4982 899 5035 in
926 4987 1203 5049 conspectu
1247 4978 1474 5046 gentium
1512 4973 1753 5030 reuelauit
1775 4973 2042 5041 justitiam
2088 4987 2259 5025 suam.
2293 4969 2393 5023 Re-

843 5073 1091 5128 cordatus
1138 5077 1216 5125 est
1267 5065 1641 5125 misericordia
1682 5080 1791 5119 sate
1824 5062 2025 5127 Iacob,
2072 5072 2121 5116 et
2160 5062 2391 5116 veritatis

846 5182 955 5220 sate
999 5164 1179 5217 domui
1227 5147 1417 5221 Israel.
1464 5156 1715 5231 Viderunt
1762 5171 1938 5211 omnes
1984 5154 2191 5208 termini
2238 5162 2392 5207 terra:

847 5257 1092 5312 Salutare
1125 5253 1216 5308 Dei
1251 5252 1435 5307 nostri.
1469 5248 1608 5305 Olim
1659 5247 1965 5302 Abrahamo
2006 5246 2296 5315 pollicitus,
2336 5244 2392 5298 in

848 5349 1051 5403 semine
1080 5346 1251 5415 ipsius
1275 5340 1669 5399 benedicendas
1688 5354 1810 5395 esse
1830 5353 2017 5393 omnes
2039 5345 2248 5409 gentes,
2274 5351 2394 5390 ver-

848 5441 1039 5493 borum
1074 5437 1352 5491 veritatem
1382 5450 1476 5505 per
1505 5446 1685 5488 rerum
1730 5436 1979 5485 eventum
2006 5430 2346 5485 conﬁrmavit
2374 5447 2388 5483 :

846 5539 900 5584 et
932 5527 1379 5590 misericordiam,
1422 5540 1583 5596 quam
1617 5540 1676 5581 se
1706 5523 2073 5579 exhibiturum
2114 5539 2237 5581 esse
2267 5538 2391 5578 cum

846 5622 1153 5692 iuramento
1183 5618 1450 5689 promisit,
1482 5618 1549 5671 ad
1573 5632 1687 5672 rem
1714 5615 2000 5672 deductam
2032 5631 2154 5671 esse
2176 5616 2395 5671 demon-

849 5712 1060 5767 stravit.
1095 5711 1216 5765 Htec
1248 5724 1409 5781 porro
1439 5710 1667 5763 multum
1698 5707 1874 5763 aﬂinia
1913 5706 2167 5762 videntur
2202 5706 2393 5762 vaticio

848 5804 955 5857 niis
978 5802 1145 5865 Isaia,
1172 5815 1266 5870 per
1292 5814 1455 5870 quem
1491 5796 1647 5853 Pater
1679 5798 1963 5869 Unigenito
1989 5813 2089 5853 suo
2111 5798 2185 5851 ait
2214 5816 2226 5849 :
2260 5795 2394 5849 Dedi

846 5904 897 5947 te
925 5894 977 5945 in
1010 5901 1369 5947 testamentum
1412 5890 1633 5962 generis,
1664 5891 1716 5945 in
1758 5889 1917 5945 lucem
1938 5890 2193 5961 gentium,
2224 5898 2283 5942 ut
2317 5889 2390 5943 sis

2486 4699 2543 4754 δὲ
2573 4699 2659 4753 διὰ
2689 4699 2749 4753 τὸ
2780 4698 2993 4771 ἰσχυρὸν
3021 4701 3113 4753 καὶ
3144 4700 3475 4771 ὑπερϐάλλον
3499 4705 3563 4774 τῇ
3595 4706 3963 4777 κραταιότητι.

2570 4864 2883 4955 Ἐγνῴρισε
2904 4874 3114 4942 Κύριος
3139 4874 3206 4928 τὸ
3227 4872 3520 4944 Σωτήρων
3537 4876 3740 4943 αὑτοῦ,
3763 4878 4043 4945 ἐναντίον

2487 4965 2603 5020 τῶν
2642 4964 2829 5020 ἐθνῶν
2869 4964 3219 5035 ἁπεκάλυψε
3259 4964 3374 5033 τὴν
3398 4964 3789 5035 δικαιοσύνην
3829 4968 4039 5027 αὐτοῦ.

2502 5058 2793 5129 Ἐμνήσθη
2818 5056 2921 5111 τοῦ
2942 5056 3151 5123 ἐλέους
3190 5056 3374 5123 αὑτοῦ
3409 5057 3492 5122 τῷ
3530 5058 3749 5124 Ἰακὼϐ,
3782 5060 3879 5115 καὶ
3925 5061 4043 5131 τῆς

2426 5152 2434 5160 ’
2483 5153 2767 5221 ἀληθείας
2786 5150 2969 5208 αὐτοῦ
2992 5149 3081 5216 ’τῷ
3103 5152 3244 5217 οικφ
3274 5147 3535 5218 Ἰσραήλ.
3562 5149 3825 5206 Ειδοσον
3844 5151 4041 5207 πάντα

2486 5246 2559 5299 τὰ
2593 5244 2813 5313 πέρατα
2851 5242 2961 5313 τῆς
3002 5241 3114 5313 τῆς
3144 5242 3210 5295 τὸ
3236 5238 3528 5308 Σωτήρων
3549 5240 3653 5296 τοῦ
3683 5240 3828 5297 Θεοῦ
3848 5240 4039 5313 ἡμῶν.

2490 5337 2662 5392 Πάλαι
2686 5338 2774 5391 τὸν
2790 5336 3032 5408 Ἀϐραὰμ
3052 5338 3108 5389 ὲν
3121 5334 3199 5405 τῷ
3218 5333 3485 5405 σπέρματι
3505 5333 3664 5388 αὐτοῦ
3688 5333 4043 5407 ὲνευλογηθῆ-

2488 5447 2573 5483 ναι
2602 5430 2669 5484 τὰ
2699 5429 2823 5501 ἔθνη
2848 5426 3327 5495 ἐπαγγειλάμενος,
3348 5425 3444 5498 τὴν
3470 5425 3576 5480 τῶν
3593 5426 3761 5495 λόγων
3782 5423 4039 5495 ἀλήθειαν

2488 5519 2573 5573 διὰ
2598 5520 2696 5591 τῆς
2714 5518 2819 5572 τῶν
2841 5516 3174 5590 πραγμάτων
3202 5514 3473 5581 ἐκϐάσεως
3500 5516 3831 5571 ἐπιστώσατο
3849 5534 3862 5549 -
3893 5516 3987 5570 καὶ
4008 5514 4040 5567 δ

2489 5608 2724 5682 δι’ὄρκου
2744 5606 3099 5677 ἐπηγγείλατο
3117 5604 3367 5676 παρέξειν
3383 5605 3547 5669 ἔλεος,
3563 5605 3720 5659 τοῦτο
3739 5604 3936 5671 ἔδειξεν
3956 5604 4037 5667 εἰς

2491 5704 2646 5775 ἔργον
2671 5702 2853 5757 ἔκϐάν.
2882 5699 3092 5772 Κομιδῆ
3121 5699 3176 5752 δὲ
3206 5698 3373 5753 ταῦτα
3401 5690 3543 5754 ἔοικε
3569 5702 3681 5762 τοῖς
3706 5698 3921 5751 Ἡσαΐου
3949 5694 4039 5747 θε-

2493 5797 2776 5866 σπίσμασι,
2806 5793 2871 5846 δι’
2898 5786 2959 5845 οὗ
3005 5792 3033 5843 ό
3077 5790 3259 5862 Πατὴρ
3288 5789 3388 5859 ἔφη
3432 5790 3564 5861 πρὸς
3600 5789 3689 5842 τὸν
3719 5784 3992 5855 Μονογενῆ
4019 5802 4033 5814 ’

2497 5885 2719 5941 Ἐδωκά
2738 5892 2811 5941 σε
2834 5886 2919 5950 είς
2933 5880 3463 5961 διαθήκηντένρινς,
3480 5883 3566 5945 εἰς
3582 5876 3705 5949 φῶς
3718 5874 4037 5945 ἐθνῶν·νωῦ
