4372 6404
280 505 411 562 1233

1380 501 1876 562 COMMENTARIA
1911 500 1974 556 IN
2014 500 2344 557 PSALMOS.

3315 499 3450 553 £235

272 618 425 674 εἷναί
441 638 513 674 σε
526 625 609 688 εις
629 625 922 692 σωτηρίαν
939 626 1047 691 ἕως
1061 625 1317 695 ἐσχάτου
1333 623 1440 689 τῆς
1453 621 1582 690 τῆς.
1600 621 1816 690 Ἐπειδὴ
1843 627 1888 681 Α
1915 619 1968 672 in

1722 621 1816 690 ειδὴ
1843 627 1888 681 Α
1915 619 1968 672 in
1998 620 2220 672 salutem
2266 634 2423 688 usque
2465 617 2533 670 ad
2571 617 2811 670 ultimum
2854 615 3082 669 terra”.
3127 612 3262 679 Quia
3307 616 3448 667 enim

275 710 381 781 γὰρ
413 715 522 774 τοῖς
560 711 873 784 Θαυμασίοις
903 715 1256 785 πατριάρχαις
1303 714 1395 766 καὶ
1426 711 1502 782 τῷ
1531 710 1688 763 Δαυῒδ
1717 711 1815 762 ὐπ-

274 800 460 870 έσχετο
487 803 633 870 ὁςτῶν
662 803 791 856 ὅλων
809 804 935 866 Θεὸς
957 805 1020 856 ἐκ
1038 806 1130 857 τοῦ
1154 804 1457 874 σπέρματος
1484 798 1657 853 αὐτῶν
1679 798 1815 851 κατά

280 893 454 962 σάρκα
483 894 570 945 τὸν
602 895 826 964 Χριστὸν
852 895 1186 966 ἀναστήσειν,
1221 895 1311 948 καὶ
1341 892 1606 962 σωτηρίαν
1634 891 1696 943 δι’
1719 891 1815 944 αύ-

274 982 366 1034 τοῦ
400 987 558 1035 πᾶσιν
578 982 874 1052 ἀνθρώποις
895 985 1163 1053 παρέξειν,
1185 983 1444 1054 διαθήκην
1469 981 1691 1035 ἐκάλεσε
1719 979 1816 1049 τὴν

276 1070 408 1140 πρὸς
438 1071 562 1131 τοὺς
594 1069 829 1139 πατέρας
855 1072 1146 1142 γενομένην
1181 1071 1524 1138 ἐπαγγελίαν.
1570 1069 1726 1130 Γένος
1761 1066 1817 1118 δὲ

276 1160 437 1214 αὑτοῦ
486 1162 575 1214 τὸν
621 1162 830 1232 Ἰσραὴλ
881 1163 1170 1232 κέκληκεν·
1219 1161 1400 1232 ἐπειδὴ
1451 1161 1506 1226 ἐξ
1555 1159 1816 1212 Ἰουδαίων

276 1251 414 1304 κατὰ
447 1252 620 1323 σάρκα
651 1251 896 1322 Χριστός.
929 1253 1140 1306 Δέδωκά
1169 1269 1226 1305 σε
1253 1253 1428 1304 τοίνυν
1454 1253 1530 1308 εἰς
1561 1250 1816 1319 διαθήκην

276 1338 481 1405 γένους,
499 1339 935 1400 τουτέστιν,ῶστε
960 1340 1237 1412 πληρῶσαι
1261 1340 1357 1402 τὰς
1377 1339 1508 1408 πρὸς
1541 1339 1816 1400 Ἰουδαίους

275 1429 640 1497 γεγενημένας
676 1427 964 1496 συνθήκας·
1000 1430 1111 1481 ἀλλ’
1140 1431 1217 1492 εἰς
1268 1429 1382 1496 φῶς
1428 1427 1525 1478 οὐκ
1571 1427 1646 1478 ἔτι
1678 1427 1817 1496 ,Ἰου-

279 1514 462 1580 δαίων,
495 1517 605 1570 ἀλλ’
639 1517 802 1570 ἐθνῶν
822 1533 834 1545 °
869 1511 1014 1570 οῦτοι
1045 1519 1152 1588 γὰρ
1197 1517 1283 1569 διὰ
1331 1515 1430 1584 τῆς
1461 1516 1688 1576 πίστεως
1718 1515 1816 1583 τῆς

279 1608 546 1679 σωτηρίας
588 1608 898 1678 μετέλαχον·
935 1610 1125 1660 ἐκεῖνοι
1163 1607 1217 1658 δέ
1263 1606 1350 1658 τὸν
1380 1604 1536 1673 ζόφον
1558 1603 1658 1672 τῆς
1686 1605 1813 1656 άπι-

281 1699 430 1758 στίας
483 1699 786 1768 ἠγάπησαν.
814 1699 978 1751 Τοῦτο
1030 1698 1119 1748 καὶ
1178 1695 1407 1749 ἐνταῦθα
1468 1694 1568 1764 ἔφη
1618 1694 1810 1746 Δαυΐδ-

285 1788 588 1856 Ἐμνήσθη
610 1791 712 1842 τοῦ
744 1790 948 1854 ἐλέους
975 1788 1156 1841 αὐτοῦ
1182 1787 1258 1852 τῷ
1299 1786 1512 1850 Ἰακὼϐ,
1551 1788 1712 1856 ἤγουν

286 1876 513 1948 Ἰσραήλ,
566 1880 805 1931 τουτέστι
848 1878 945 1939 τὰς
993 1877 1127 1946 πρὸς
1175 1877 1409 1938 ἐκείνους
1450 1875 1814 1944 γεγενημένας

274 1967 596 2034 ἐπαγγελίας
632 1969 929 2038 ἐπλήρωσε,
963 1967 1054 2019 καὶ
1098 1969 1174 2029 είς
1203 1967 1357 2037 ἔργον
1384 1968 1553 2036 ήγαγε
1579 1983 1592 1996 ·
1617 1965 1703 2018 διὸ
1734 1965 1810 2017 εῑ-
1841 1948 1882 2006 Β

276 2052 464 2108 δοσαν
485 2057 676 2110 πάντα
692 2058 760 2110 τὰ
779 2057 996 2124 πέρατα
1028 2056 1133 2123 τῆς
1156 2055 1263 2124 γῆς
1286 2057 1349 2108 τὸ
1379 2056 1674 2124 Σωτήριον
1708 2055 1811 2108 τοῦ

279 2147 422 2200 Θεοῦ
443 2147 624 2216 ἡμῶν.
643 2147 1006 2217 Κηρυχθέντος
1022 2146 1128 2216 γὰρ
1145 2146 1236 2198 τοῦ
1249 2146 1567 2215 Εὑαγγελίου
1586 2148 1641 2198 ἐν
1665 2146 1812 2216 πάσῃ

270 2239 336 2305 τῇ
361 2237 450 2287 ὑπ’
463 2237 521 2288 ού
532 2236 686 2306 ρανὸν
708 2237 799 2290 καί¹
817 2239 873 2288 ἐν
893 2235 1033 2305 πάσῃ
1046 2239 1108 2305 τῇ
1125 2237 1269 2288 οῑκου
1278 2234 1408 2305 μένῃ
1425 2237 1501 2298 είς
1524 2234 1812 2305 μαρτύριον

273 2330 404 2380 πᾶσι
436 2331 544 2391 τοῖς
577 2328 768 2392 ἔθνεσι,
803 2329 939 2382 κατὰ
965 2330 1060 2400 τὴν
1092 2329 1320 2399 Χριστοῦ
1353 2327 1715 2397 χρησμῳδίαν,
1737 2319 1811 2376 εἷ-

270 2419 357 2471 δον
385 2419 557 2473 πάντα
578 2420 643 2473 τὰ
667 2420 874 2491 πέρατα
904 2421 1002 2490 τῆς
1031 2423 1131 2490 γῆς
1163 2419 1411 2491 Χριστὸν,
1445 2418 1502 2470 τὸ
1544 2416 1810 2484 Σωτήριον

275 2509 366 2561 τοῦ
397 2509 550 2563 Θεοῦ.
1237 2511 1240 2516 ’

352 2619 706 2683 Ἁλαλιίξατε
749 2619 827 2685 τῷ
874 2620 1014 2684 Θεῷ,
1043 2619 1209 2674 πᾶσα
1252 2619 1291 2686 ἡ
1343 2615 1440 2685 τῆ,
1470 2614 1673 2682 (laute,
1716 2612 1813 2666 καί

269 2709 633 2777 ἀγαλλιᾶσθε
663 2711 756 2763 καί
787 2709 1035 2777 ψάλατε.
1066 2708 1297 2761 Ψάλατε
1321 2706 1400 2770 τῷ
1422 2707 1610 2774 Κυρίῳ
1633 2706 1701 2758 ἐν
1727 2723 1812 2758 κι-

233 2808 237 2812 ’
271 2798 439 2865 θὰρᾳ,
463 2799 530 2852 ἐν
555 2798 762 2866 κιθάρᾳ
806 2799 903 2851 καί
939 2797 1104 2866 φωνῇ
1123 2797 1384 2866 ψαλμοῦ,
1408 2798 1475 2849 ἐν
1494 2795 1814 2865 σάλπιγξιν

271 2888 524 2954 ἐλαταῖς,
558 2889 654 2942 καί
692 2888 858 2958 φωνῇ
893 2889 1222 2958 σάλπιγγος
1244 2890 1567 2957 κερατίνης.
1587 2887 1814 2942 Ἀλαλά-

272 2979 410 3042 ξατε
438 2978 688 3033 ἐνώπιον
721 2981 826 3034 τοῦ
849 2981 1149 3046 βασιλέως
1170 2981 1406 3048 Κυρίου,
1436 2981 1526 3032 καὶ
1565 2979 1632 3032 τά
1665 2979 1807 3047 ἑξῆς.

271 3067 425 3120 Κατὰ
453 3067 545 3137 μὲν
579 3069 639 3121 τὸ
671 3069 847 3138 ῥητὸν,
875 3063 1160 3137 συνάψατε,
1186 3069 1336 3136 φησι,
1367 3071 1473 3128 τοῖς
1506 3066 1690 3136 ὕμνοις
1724 3067 1812 3119 καὶ

271 3155 474 3224 ὄργανα
502 3156 749 3228 ψαλμικά
767 3173 780 3187 ⁶
812 3159 948 3211 κατὰ
976 3159 1034 3212 δὲ
1059 3157 1362 3226 ἀναγωγὴν,
1382 3155 1577 3224 κιθάρα
1609 3159 1640 3226 ἠ
1673 3173 1812 3226 πρα-

1915 707 2246 763 admirandis
2273 708 2380 763 illis
2413 707 2732 777 patriarchis
2768 713 2822 760 et
2863 703 3044 758 Davidi
3075 705 3448 759 universorum

1914 795 2061 860 Deus
2087 798 2424 868 promiserat,
2448 813 2506 853 se
2529 813 2592 853 ex
2618 798 2821 854 semine
2849 810 3032 850 eorum
3062 793 3336 849 Christum
3365 809 3451 848 se-

1853 881 1862 893 “
1915 888 2149 941 cundum
2177 901 2396 942 carnem
2425 889 2803 954 excitaturum,
2835 900 2899 940 ac
2928 901 3020 955 per
3047 885 3194 938 illum
3222 886 3447 940 salutem

1914 974 2164 1028 omnibus
2196 975 2507 1030 hominibus
2539 976 2792 1030 daturum
2824 990 2976 1040 esse;
3008 974 3311 1043 hujusmodi
3335 976 3451 1044 pol-

1915 1062 2261 1118 licitationem
2295 1065 2536 1135 patribus
2564 1065 2764 1128 datam,
2805 1072 3180 1120 testamentum
3214 1066 3444 1120 vocavit.

1916 1151 2087 1221 Ipsius
2115 1163 2291 1216 autem
2318 1169 2485 1222 genus
2513 1155 2762 1209 lsraelem
2784 1155 3028 1220 vocavit;
3057 1153 3180 1224 quia
3201 1151 3448 1210 Christus

1915 1243 2208 1298 secundum
2238 1231 2451 1300 carnem
2491 1261 2555 1300 ex
2584 1243 2783 1300 Judaais
2821 1252 2923 1300 est.
2959 1244 3088 1299 Dedi
3117 1253 3166 1299 te
3198 1244 3357 1313 igitur
3393 1245 3449 1300 in

1913 1342 2292 1388 testamentum
2326 1336 2573 1404 generis;
2605 1334 2655 1389 id
2698 1342 2802 1399 est,
2839 1341 2896 1388 ut
2923 1344 3077 1405 pacta
3105 1351 3224 1389 cum
3250 1334 3450 1391 Judaei:

1914 1422 2044 1474 inita
2078 1423 2432 1492 impleantur;
2465 1425 2556 1478 sed
2591 1425 2645 1478 in
2688 1427 2857 1478 lucem
2890 1423 3009 1477 dedi
3051 1432 3127 1489 te,
3161 1440 3266 1478 non
3311 1425 3450 1478 ultra

1911 1512 2129 1578 Judmis,
2163 1513 2254 1567 sed
2297 1515 2581 1583 gentibus,
2617 1531 2712 1582 per
2747 1515 2904 1570 ﬁdem
2933 1515 3076 1569 enim
3109 1515 3190 1570 hae
3222 1499 3449 1570 salutem

1911 1609 2082 1654 nactae
2111 1609 2268 1655 sunt:
2303 1603 2377 1654 illi
2407 1617 2532 1656 vero
2567 1603 2896 1658 inﬁdelitatis
2938 1605 3220 1672 caliginem
3245 1607 3448 1660 dilexe-

1911 1696 2055 1742 runt.
2089 1688 2144 1742 ld
2178 1690 2249 1742 ait
2282 1692 2381 1744 hoc
2424 1692 2543 1745 loco
2581 1690 2743 1746 David
2779 1708 2791 1743 :
2832 1693 3146 1747 Rccordatus
3178 1706 3253 1748 est
3296 1697 3449 1750 misc-

1911 1780 2150 1833 τίσω-ἄξιε
2175 1797 2284 1834 sua:
2328 1780 2526 1846 Iacob,
2571 1784 2776 1838 scilicet
2804 1784 3009 1850 lsraeli,
3060 1787 3110 1839 id
3150 1796 3251 1849 est,
3294 1771 3448 1842 datas

1916 1869 2046 1938 ipsis
2078 1871 2466 1940 promissiones
2515 1873 2775 1944 implevit,
2815 1884 2868 1930 et
2916 1876 2983 1930 ad
3026 1892 3138 1930 rem
3184 1877 3444 1931 deduxit:

1910 1976 2076 2028 quare
2111 1960 2345 2014 viderunt
2390 1979 2562 2017 omnes
2602 1967 2807 2018 termini
2867 1977 3015 2020 terra:
3052 1966 3303 2022 Salutare
3357 1969 3449 2022 Dei

1910 2052 2092 2107 nostri.
2126 2051 2412 2122 Evangelio
2450 2056 2591 2109 enim
2637 2058 2690 2109 in
2737 2060 2882 2112 omni
2931 2067 3096 2125 terra,
3153 2061 3449 2116 secundum

1909 2139 2106 2195 Christi
2145 2142 2475 2205 vaticinium,
2503 2153 2556 2198 et
2580 2145 2632 2198 in
2667 2147 2918 2202 universo
2947 2158 3210 2204 terrarum
3236 2152 3365 2206 orbe
3396 2153 3450 2206 in

1910 2233 2274 2286 testimonium
2307 2237 2558 2290 omnibus
2586 2238 2833 2304 gentibus
2865 2241 3171 2308 praedicata,
3200 2243 3450 2300 viderunt

1909 2336 2097 2378 omnes
2135 2320 2269 2376 lines
2302 2330 2456 2378 terrae
2485 2322 2786 2390 Christum,
2819 2325 3064 2382 Salutare
3093 2326 3207 2381 Dei.

1981 2606 2142 2662 Vnus.
2179 2607 2285 2661 ιμδ.
2329 2606 2561 2661 Jubilate
2589 2605 2714 2670 Deo,
2754 2610 2924 2660 omnis
2963 2616 3124 2672 terra,
3169 2617 3374 2663 cantate
3398 2619 3448 2664 ct

1909 2698 2171 2752 exsultate
2203 2709 2250 2751 et
2276 2699 2506 2766 psallite.
2542 2697 2763 2750 Psallite
2796 2695 3016 2749 Domino
3060 2699 3115 2751 in
3139 2699 3363 2764 cithara,
3393 2703 3449 2755 in

1911 2790 2111 2842 cithara
2137 2798 2184 2843 et
2219 2805 2333 2842 voce
2379 2789 2600 2855 psalmi,
2643 2787 2697 2839 in
2733 2786 2864 2839 tubis
2905 2785 3210 2854 ductilibus,
3254 2801 3303 2842 et
3332 2806 3451 2845 uoce

1913 2881 2046 2935 tuba:
2095 2897 2310 2934 corneae.
2346 2879 2578 2932 Jubilate
2625 2880 2679 2930 in
2720 2888 2991 2931 conspectu
3043 2880 3175 2950 regis
3221 2879 3444 2947 Domini,

1908 2979 1960 3026 et
1975 2984 2186 3028 caetera.
2204 2972 2280 3025 Ad
2304 2972 2515 3024 verbum
2541 2968 2779 3038 quidem,
2808 2970 3036 3038 hymnis,
3054 2975 3149 3033 ait,
3177 2971 3450 3042 adjungito

1909 3071 1960 3117 et
1992 3063 2344 3116 instrumenta
2365 3063 2642 3130 psalmica.
2668 3061 2972 3116 Secundum
2991 3063 3336 3131 anagogicum
3354 3079 3449 3116 au-

1908 3161 2015 3206 tem
2065 3151 2453 3219 interpretandi
2510 3154 2752 3216 modum,
2799 3152 3005 3206 cithara
3051 3159 3132 3206 est
3171 3153 3446 3220 practica;

271 3247 463 3316 κτική·
509 3248 658 3318 φωνή
704 3248 760 3300 δὲ
789 3247 998 3317 ψαλμοῦ
1046 3250 1079 3316 ή
1131 3245 1346 3316 θεωρία.
1379 3243 1639 3307 Δοξάσατε
1704 3241 1806 3310 θῦν,
1834 3270 1878 3327 C
1911 3258 1997 3296 vos

1719 3241 1806 3310 ιῦν,
1834 3270 1878 3327 C
1911 3258 2008 3296 vox
2040 3256 2168 3295 vero
2197 3241 2662 3310 psalmi,theoria.
2686 3242 2913 3298 Domino
2944 3243 3146 3320 itaque2
3169 3244 3263 3307 ait,
3295 3246 3445 3313 praxi

273 3337 422 3406 φησὶ,
450 3337 539 3389 τὸν
563 3336 763 3407 Κύριον
788 3336 875 3390 διὰ
903 3337 1149 3408 πράξεως
1181 3338 1272 3390 καὶ
1295 3337 1540 3408 θεωρίας,
1567 3337 1810 3407 καὶπρὸς

270 3427 360 3480 τὸν
381 3428 591 3498 ψαλμὸν
617 3429 829 3484 τὸνδιὰ.
857 3428 950 3482 τοῦ
987 3431 1213 3500 ὀργάνου
1241 3429 1624 3501 πληττόμενον,
1651 3431 1812 3498 ήγουν

271 3519 370 3582 τὰς
391 3518 477 3572 διὰ
507 3517 608 3573 τοῦ
631 3518 872 3588 σώματος
905 3519 1174 3588 ἐνεργείας
1199 3519 1296 3582 τὰς
1326 3519 1442 3571 κατ’
1471 3519 1692 3588 ἀρετὴν,
1722 3519 1812 3571 καὶ

274 3608 421 3677 φωνή
451 3623 532 3678 τις
551 3607 732 3676 actm
755 3609 786 3678 ή
812 3609 936 3677 περὶ
967 3607 1071 3660 τῶν
1099 3608 1379 3678 πρακτέων
1405 3605 1630 3676 θεωρία·
1664 3608 1814 3662 κιθά-

275 3713 372 3764 ραν
534 3675 629 3766 τήν
655 3695 748 3748 τοῦ
776 3675 1022 3765 σώματος
1056 3675 1187 3765 πρὸς
1218 3696 1312 3767 τὴν
1340 3675 1522 3765 ψυχὴν
1554 3699 1814 3768 ἁρμονίαν

275 3785 574 3851 λέγει.,1(αὶ
605 3784 788 3838 τοῦτον
816 3785 870 3838 δὲ
903 3786 992 3841 τὸν
1021 3786 1182 3857 νόμον
1213 3787 1358 3840 ἐστιν
1396 3789 1521 3842 ίδείν
1534 3787 1811 3856 ’διηνεκῶς

275 3875 332 3925 ιν
361 3875 480 3937 ταῖς
502 3874 808 3944 ἐκκλησίαις
835 3875 1197 3948 πληρούμενον
1217 3891 1228 3904 ·
1254 3879 1318 3947 τῇ
1340 3877 1447 3947 γὰρ
1473 3879 1809 3948 πνευματικῇ

276 3963 473 4036 κιθάρᾳ
498 3966 596 4036 τήν
633 3965 776 4020 θείαν
807 3967 1209 4037 ἀνακρουόμεθα
1242 3969 1517 4038 μελῳδίαν.
1548 3970 1814 4039 Ποιοῦμεν

273 4053 330 4107 δὲ
362 4055 453 4109 καὶ
487 4058 644 4127 ἡμεῖς
673 4056 890 4124 λογικὰς
914 4058 1139 4126 κιθάρας
1176 4058 1244 4110 τὰ
1282 4058 1519 4128 ἡμέτερα
1551 4059 1813 4128 στόματα,

277 4146 370 4198 καὶ
398 4146 652 4216 χρώμεθα
683 4149 799 4201 ἀντὶ
833 4149 926 4218 μὲν
967 4149 1166 4218 χορδῶν
1201 4150 1311 4210 τοῖς
1348 4149 1571 4214 ὀδοῦσιν,
1604 4150 1725 4202 ἀντὶ
1754 4151 1810 4204 δὲ

279 4235 474 4304 χαλκοῦ
506 4239 614 4299 τοῖς
635 4237 830 4306 χείλεσι
853 4254 866 4268 ·
900 4237 1172 4307 πλήκτρου
1197 4237 1251 4288 δὲ
1288 4237 1480 4300 παντὸς
1518 4239 1551 4307 ἠ
1596 4233 1810 4305 γλῶσσα

276 4324 524 4395 ὀξύτερον
571 4326 871 4395 κινουμένη,
921 4326 1015 4396 τὴν
1061 4327 1367 4408 ἐναρμόνιον
1417 4329 1663 4380 ἀποτελεί
1705 4330 1823 4381 τῶν.

276 4411 625 4482 κρουσμάτων
655 4415 794 4483 ήχήν
814 4432 826 4445 ·
849 4417 984 4467 κινεῖ
1005 4416 1059 4468 δὲ
1089 4415 1182 4485 τὴν
1208 4415 1445 4481 γλῶτταν
1477 4419 1504 4469 ό
1534 4416 1674 4480 νοῦς,
1703 4414 1808 4471 οἷόν

274 4517 356 4564 τις
391 4503 638 4572 μουσικὸς
673 4505 786 4573 μετ’
816 4506 1116 4575 ἐπιστήμης
1156 4507 1466 4576 ποιούμενος
1493 4507 1588 4578 τὴν
1611 4508 1809 4577 ταύτης

279 4592 587 4662 μετάϐασιν.
605 4592 747 4663 Αὕτη
780 4592 854 4662 τῷ
882 4593 996 4662 Θεῴ
1028 4596 1064 4664 ή
1088 4595 1281 4667 κιθάρα
1303 4598 1396 4667 τῆς
1424 4597 1626 4666 ἀψύχου
1644 4597 1806 4666 θυμη-
1837 4593 1880 4650 D
1911 4617 2000 4668 per

1837 4593 1880 4650 ι)
1911 4617 2050 4668 pers.
2079 4599 2248 4668 Cujus
2279 4599 2356 4674 rei
2397 4599 2550 4653 testis
2590 4601 2701 4668 ipse
2732 4607 2814 4652 est
2852 4613 2946 4666 per
2984 4600 3294 4666 prophetam
3330 4598 3460 4653 hac
3557 4642 3562 4676 ;

278 4683 519 4754 ρεστέρα.
548 4686 653 4741 Καὶ
683 4684 884 4754 μάρτυς
916 4686 1070 4748 αὐτὸς
1095 4686 1180 4740 διὰ
1212 4688 1303 4740 τοῦ
1331 4690 1602 4758 προφήτου
1638 4687 1772 4757 βοῶν
1792 4704 1803 4715 ·

287 4771 651 4839 Ἀπόστησον
672 4776 767 4842 ἀφ’
789 4775 952 4843 ἡμῶν
979 4773 1127 4844 ἦχον
1152 4777 1314 4844 ᾠδῶν
1333 4795 1468 4843 σου,
1488 4779 1582 4831 καὶ
1608 4779 1808 4846 φωνῆς

275 4856 536 4932 ὀργάνων
565 4879 678 4916 σου
709 4867 818 4917 οὐκ
845 4868 1186 4934 ἀκούσομαι.
1204 4870 1300 4920 Ἐν
1324 4869 1648 4936 σάλπιγξιν
1670 4871 1806 4922 ἐλα-

273 4952 420 5017 τσὶς,
437 4939 536 5006 καί
551 4950 716 5021 φωνῇ
731 4952 1054 5023 σάλπιγγος
1070 4959 1392 5024 κερατίνης.
1413 4959 1620 5011 Ἐλαταὶ
1637 4959 1814 5026 λέγον-

272 5053 363 5092 ται
393 5041 681 5108 σάλπιγγες
711 5042 758 5092 οἱ
786 5040 927 5108 λόγοι
958 5041 1410 5096 τῶν”άποστόλων
1439 5045 1529 5096 τοῦ
1560 5046 1806 5116 Σωτῆρος

277 5128 429 5196 ⁷δῖιιιιεῦν
447 5130 534 5183 διὰ
560 5132 620 5183 τὸ
636 5130 1078 5200 βεϐασανισμένον
1103 5133 1191 5185 καὶ
1211 5135 1594 5203 πεπυρωμένον
1608 5137 1702 5206 τῆς
1727 5138 1807 5190 πί-

277 5231 443 5279 στεως
476 5219 681 5272 αὐτῶν·
722 5221 994 5291 κεράτιναι
1023 5221 1079 5272 δέ
1109 5221 1193 5274 διὰ
1225 5222 1282 5274 τὸ
1316 5226 1624 5292 πρακτικόν.
1661 5226 1805 5279 Βοῶν

275 5304 381 5374 γὰρ
410 5307 464 5357 αἱ
496 5311 765 5379 κεράτιναι
799 5313 1082 5379 σάλπιγγες
1102 5328 1115 5342 ·
1137 5311 1257 5379 βοῦς
1275 5313 1332 5364 δὲ
1354 5316 1634 5384 ἐργατικὸν
1651 5317 1802 5380 ζῶον.

274 5397 384 5450 Καὶ
409 5401 532 5471 περὶ
551 5402 656 5455 τῶν
681 5405 983 5458 ἀποστόλων
1014 5403 1068 5456 δέ
1097 5404 1299 5472 φησινό
1319 5405 1525 5468 Παῦλος
1547 5425 1558 5436 ·
1576 5407 1672 5474 Μὴ
1693 5409 1808 5462 τῶν

274 5484 433 5547 βοῶν
446 5487 611 5554 μέλει
643 5492 720 5556 τῷ
747 5495 1016 5564 Κυρίφ;ῆ
1043 5494 1107 5546 δι’
1124 5493 1266 5562 ἡμᾶς
1288 5495 1497 5559 πάν-τως
1524 5496 1806 5564 λέγειοῡω-

275 5579 361 5631 ναὶ
408 5581 686 5648 τοιγαροῦν
731 5583 842 5635 τῶν
892 5585 1047 5654 ιερῶν
1097 5583 1190 5635 τοῦ
1237 5583 1483 5654 Σωτῆρος
1506 5587 1807 5642 ἀποστόλων

275 5666 461 5722 uasat
481 5668 614 5736 ὁμοῦ
645 5673 736 5723 καὶ
768 5673 1039 5742 κεράτιναι
1066 5672 1354 5738 σάλπιγγες
1381 5673 1687 5744 ἐτύγχανον.
1711 5677 1809 5728 Κι-

341 5815 391 5849 "
432 5817 534 5873 ιω.
567 5833 727 5884 nix,
764 5821 814 5876 6.
889 5824 932 5861 ’δ
970 5822 1133 5879 Amos
1164 5839 1217 5888 ν,
1250 5825 1338 5878 23.
1413 5824 1458 5857 ⁸⁸
1496 5823 1514 5878 1
1547 5825 1672 5883 Cur.
1709 5842 1796 5892 ιι,
1830 5809 1882 5881 9.

1910 3341 1964 3388 et
1991 3333 2195 3385 theoria
2219 3332 2429 3386 laudem
2447 3333 2608 3387 dicite
2642 3351 2654 3386 :
2682 3342 2732 3387 et
2749 3341 2940 3402 praeter
2962 3334 3226 3403 psalmum
3255 3336 3450 3390 instru-

1910 3432 2090 3479 mento
2122 3424 2410 3493 pulsatum,
2439 3425 2685 3480 videlicet
2714 3433 2904 3494 przcter
2933 3429 3177 3496 corporis
3196 3427 3452 3501 actiones

1909 3528 2032 3567 cum
2061 3513 2259 3568 virtute
2296 3514 2490 3576 editas,
2523 3531 2622 3567 vox
2675 3516 2800 3568 item
2842 3523 3020 3579 canat,
3076 3518 3125 3571 id
3158 3529 3260 3581 est,
3293 3533 3449 3588 agen-

1909 3603 2098 3657 darum
2127 3618 2308 3658 rerum
2338 3603 2545 3660 theoria
2575 3605 2707 3672 (sive
2733 3606 3049 3676 speculatio)
3078 3607 3306 3662 addatur
3328 3626 3342 3662 :
3363 3609 3444 3662 ci-

1911 3692 2116 3746 tharam
2141 3693 2340 3764 quippe
2361 3703 2536 3759 vocat,
2565 3696 2806 3765 corporis
2837 3711 2958 3751 cum
2993 3698 3167 3750 anima
3217 3711 3446 3753 concen-

1909 3794 2041 3836 tum.
2078 3782 2227 3837 Hanc
2256 3799 2416 3852 porro
2443 3785 2610 3855 legem
2643 3786 2823 3841 videre
2849 3787 3008 3841 liceat
3039 3787 3256 3841 assidue
3281 3787 3335 3842 in
3362 3802 3446 3842 ec-

1908 3873 2092 3928 clesiis
2113 3874 2322 3942 impleri
2346 3891 2359 3926 :
2392 3890 2513 3930 nam
2537 3877 2802 3945 spirituali
2831 3877 3037 3931 cithara
3059 3878 3295 3933 divinam
3326 3879 3445 3948 pul-

1909 3978 2092 4018 samus
2135 3963 2442 4018 melodiam.
2494 3964 2604 4018 lmo
2641 3966 2799 4020 etiam
2842 3981 2936 4018 ora
2981 3975 3166 4022 nostra
3211 3967 3464 4022 citharas.

1907 4053 2198 4110 rationales
2225 4052 2514 4118 edicimus;
2553 4061 2609 4108 et
2651 4069 2749 4124 pro
2775 4056 3015 4118 chordis,
3043 4055 3291 4130 dentibus
3333 4057 3442 4110 uti-

1908 4161 2066 4212 mur;
2099 4159 2198 4214 pro
2228 4159 2351 4208 sere,
2385 4144 2582 4200 labils:
2625 4146 2816 4216 quovis
2850 4154 3024 4203 autem
3070 4147 3275 4216 plectro
3303 4149 3443 4204 cele-

1908 4240 2024 4293 rius
2069 4238 2263 4308 agitata
2315 4237 2517 4305 lingua,
2565 4239 2886 4293 concinnum
2921 4239 3030 4294 edit
3081 4239 3454 4308 pulsationum.

1907 4342 2098 4380 sonum
2133 4344 2147 4380 :
2182 4340 2334 4380 mens
2367 4334 2543 4380 autem
2588 4327 2823 4397 linguam
2868 4336 3062 4390 movet,
3097 4344 3194 4383 ceu
3241 4329 3464 4396 peritus:

1907 4417 2123 4487 quidam
2172 4417 2410 4472 musicus
2452 4419 2586 4473 scite
2631 4419 2747 4486 ejus
2795 4420 3145 4472 mutationem
3187 4417 3440 4472 elliciens.

1910 4508 2032 4563 llaec
2060 4507 2266 4561 cithara
2301 4507 2409 4562 Deo
2453 4507 2655 4575 gratior
2681 4515 2783 4568 est,
2827 4522 2986 4576 quam
3033 4508 3118 4559 illa
3147 4508 3310 4560 animi
3345 4522 3441 4561 ex-

1909 4694 2177 4745 clamans:
2210 4690 2393 4742 Avsrtc
2421 4703 2451 4739 a
2484 4685 2629 4739 nobis
2658 4703 2839 4740 sonum
2863 4686 3183 4738 canticorum
3213 4695 3440 4747 (uorum,

1906 4790 1956 4833 et
2002 4795 2170 4834 vocem
2213 4779 2670 4840 instrumentorum
2693 4786 2896 4828 tuorum
2917 4792 3017 4827 non
3045 4775 3254 4828 audiam
3283 4775 3348 4826 “.
3377 4773 3442 4825 In

1909 4873 2040 4925 tubis
2079 4868 2391 4932 ductilibus,
2430 4878 2479 4922 et
2539 4883 2657 4922 voce
2703 4865 2836 4919 tubae
2884 4883 3104 4919 cometa.
3138 4863 3299 4918 Tuba:
3340 4864 3443 4917 du-

1908 4962 2063 5015 otiles
2111 4941 2368 5012 dicuntur
2405 4944 2681 5013 sermones
2727 4957 3091 5025 apostolorum
3142 4953 3441 5008 Servatoris

1914 5049 2106 5112 nostri,
2149 5049 2218 5104 ob
2267 5049 2545 5118 probatam
2592 5057 2644 5101 et
2695 5048 2816 5116 igne
2860 5047 3212 5101 examinatam
3253 5059 3441 5098 eorum

1913 5139 2098 5203 tidem;
2165 5155 2375 5194 cornea
2451 5154 2576 5192 vero
2652 5147 2870 5208 propter
2945 5138 3200 5190 actiones.
3274 5134 3458 5189 Boum-

1909 5230 2048 5282 onim
2113 5240 2240 5284 sunt
2297 5231 2437 5283 tuba:
2486 5245 2696 5284 corneae
2738 5246 2752 5282 :
2810 5237 2892 5284 est
2945 5234 3120 5279 autem
3174 5225 3271 5279 bos
3319 5226 3442 5277 ani-

1909 5316 2016 5369 mal
2065 5315 2410 5370 laboriosum.
2465 5315 2540 5370 De
2592 5317 2848 5385 apostolis
2896 5326 3023 5368 vero
3073 5314 3148 5367 ait
3193 5313 3436 5366 Paulus:

1914 5402 2162 5472 Nunquid
2204 5407 2266 5458 de
2321 5404 2476 5458 bobus
2517 5407 2654 5459 cura
2698 5417 2772 5460 est
2845 5405 3052 5456 Dominc
3079 5405 3169 5458 9'?
3208 5402 3288 5455 vel
3327 5416 3444 5468 pro.

1912 5505 2028 5565 pter
2056 5512 2155 5551 nos
2196 5497 2415 5552 omnino
2449 5497 2549 5550 hoc
2571 5498 2720 5551 dicit.
2767 5496 2934 5551 Voces
2964 5497 3441 5565 itaqut.sacrorum

1912 5585 2203 5642 Salvatoris
2243 5586 2604 5656 apostolorum
2626 5627 2641 5651 ,
2675 5587 2902 5642 ductiles
2945 5587 3103 5643 simul
3135 5591 3190 5640 et
3231 5595 3445 5636 cornea

1911 5677 2053 5733 tuba
2069 5686 2239 5733 erant.
2258 5678 2377 5734 Alio
2393 5686 2572 5733 autem
2597 5684 2776 5743 modo,
2797 5679 3051 5734 citharam
3079 5692 3146 5732 ne
3171 5671 3470 5732 cuncteri’ss
