4372 6418
857 543 989 599 £9.35

1585 540 1849 598 EUSEBII
1885 535 2356 596 CESABIENSIS
2393 535 2540 592 OPP.
2582 535 2758 592 PARS
2794 535 2878 592 Ill.
2918 568 2978 576 —
3018 533 3420 593 EXEGETICA.

851 663 1035 718 dicere
1052 661 1362 717 universum
1399 661 1602 718 Christi
1625 663 1904 733 populum,
1933 678 1999 717 ex
2022 660 2255 717 diversis
2285 660 2393 713 ani-
2420 662 2466 718 Α
2493 657 2577 729 Od;

2323 660 2393 713 ni-
2420 662 2466 718 Α
2493 657 2659 729 θάραν
2707 657 2764 711 δὲ
2811 658 2981 720 ἄλλως
3033 644 3115 727 μη
3151 657 3292 709 δκνει
3311 654 3485 723 λέγειν
3516 651 3606 706 τὸν
3638 651 3929 723 σύμπαντα
3957 650 4049 706 τοῦ

851 752 1074 816 inabus,
1123 761 1376 822 tanquam
1429 768 1495 807 ex
1540 752 1789 822 pluribus
1820 752 2055 818 chordis,
2101 752 2395 806 concinna-

853 850 991 906 tum,
1027 852 1181 912 atque
1215 844 1431 898 unicam
1473 843 1773 904 oralionem
1805 850 1860 899 et
1890 843 2186 914 gratiarum
2229 841 2399 896 actio-

854 947 976 986 nem
1003 933 1110 988 Deo
1132 928 1465 989 offerentem.

1093 1042 1412 1098 PSALMUS
1468 1042 1594 1100 lPSl
1657 1044 1883 1099 DAVID.
1947 1043 2173 1099 XCVIII.

924 1129 1181 1208 Vens._i.
1211 1133 1262 1184 2.
1293 1132 1548 1187 Dominus
1583 1137 1836 1205 regnavit.
1868 1135 2170 1189 irascantur
2198 1135 2397 1202 populi,

855 1221 943 1300 qui
963 1223 1100 1273 sedet
1142 1238 1296 1290 super
1324 1223 1606 1288 cherubim,
1638 1232 1906 1280 moveatur
1935 1233 2097 1285 terra.
2127 1222 2225 1278 Hic
2258 1225 2402 1294 psal-

856 1323 976 1362 mus
1022 1309 1166 1378 apud
1214 1309 1465 1367 Hebraeos
1504 1313 1661 1367 titulo
1691 1309 1838 1368 Caret
1873 1331 1885 1368 :
1922 1321 2112 1384 estque
2156 1303 2297 1368 unus
2337 1329 2401 1367 ex

856 1400 923 1454 iis
944 1399 1038 1470 Qui
1060 1399 1262 1454 Christi
1291 1417 1515 1474 regnum
1550 1403 1894 1458 annuntiant.
1917 1401 2052 1457 Cum
2071 1403 2214 1458 enim
2244 1419 2402 1458 nemo

855 1487 1021 1544 irasci
1070 1505 1127 1544 se
1156 1490 1299 1544 dicat
1328 1492 1472 1560 quod
1518 1491 1662 1546 Deus
1690 1492 2065 1548 universorum
2118 1495 2172 1548 in
2214 1509 2402 1549 omnes

856 1595 1080 1650 regnum
1113 1581 1386 1649 obtineat;
1419 1581 1486 1637 de
1511 1581 1712 1638 Christi
1739 1590 1918 1643 tamen
1965 1598 2132 1652 regno
2163 1584 2236 1635 ait
2263 1599 2400 1653 prae-

855 1685 984 1725 sens
1033 1686 1210 1726 sermo
1267 1673 1496 1743 populos
1536 1673 1719 1737 irasci,
1767 1672 2018 1728 videlicet
2073 1675 2299 1744 pepulos
2336 1691 2402 1730 ex

856 1759 1274 1817 circumcisione
1312 1771 1367 1816 et
1415 1777 1478 1817 ex
1524 1763 1796 1833 gentibus,
1830 1764 1924 1833 qui
1965 1764 2020 1818 in
2070 1764 2246 1834 ipsum
2293 1779 2401 1818 non

857 1849 1105 1905 credunt.
1145 1851 1277 1916 Quis
1313 1853 1382 1908 sit
1436 1860 1614 1907 autem
1662 1851 1944 1919 Dominus,
1995 1869 2116 1908 mox
2166 1855 2404 1909 declarat

856 1939 1042 1995 dicens
1081 1962 1092 1996 :
1153 1943 1256 2010 Qui
1301 1943 1438 1997 sedet
1471 1960 1622 2012 super
1669 1944 1951 1999 cherubim.
2004 1944 2208 2001 Mordet
2259 1947 2400 2000 enim

858 2029 1122 2095 infideles,
1167 2033 1405 2102 ipsisque
1464 2033 1608 2114 dolet
1662 2037 1900 2105 gentium
1951 2050 2048 2104 pro
2089 2037 2261 2089 salute
2291 2043 2404 2090 stu-

857 2121 1048 2177 dium:
1085 2123 1345 2192 siquidem
1388 2125 1727 2194 propheticas
1767 2125 1833 2180 de
1880 2141 2042 2197 regno
2084 2127 2202 2196 ejus
2246 2143 2404 2184 voces

858 2225 968 2264 non
1011 2212 1405 2268 intellexerunt.
1446 2213 1720 2269 Moveatur
1741 2225 1898 2271 terra.
1928 2215 2206 2270 Damones
2239 2217 2401 2281 enim,

862 2303 950 2372 qui
985 2303 1110 2356 olim
1141 2303 1431 2373 plurimum
1459 2305 1739 2370 valebant,
1763 2305 2017 2361 inﬁrmati
2051 2314 2206 2372 sunt;
2236 2305 2307 2358 ita
2348 2317 2405 2360 ut

875 2406 1044 2446 )mnes
1071 2407 1258 2446 eorum
1300 2393 1527 2450 virtutes
1563 2401 1846 2448 commotae
1890 2395 2018 2459 sint,
2049 2404 2102 2449 et
2135 2397 2406 2464 operatio-

881 2494 954 2532 ies
976 2478 1326 2533 cessaverint.
1351 2478 1607 2535 Homines
1629 2495 1840 2549 quoque
1858 2490 2054 2535 terram
2085 2482 2401 2547 incolentes,

865 2570 1258 2638 resipiscentes,
1280 2571 1488 2639 paterni
1514 2573 1716 2626 erroris
1741 2572 2030 2642 perniciem
2049 2581 2402 2642 agnoverunt,

857 2659 1025 2714 Deum
1061 2659 1290 2714 Verbum
1323 2661 1424 2715 sibi
1453 2661 1736 2717 Dominum
1769 2663 2113 2718 ascribeutes.
2139 2662 2250 2717 Imo
2279 2680 2406 2719 vero

859 2749 1024 2818 quiin
1062 2765 1182 2803 cum
1219 2752 1478 2806 increduli
1511 2751 1749 2819 fuerunt,
1783 2754 2124 2809 vehementer
2149 2756 2405 2811 commoti

859 2848 1007 2904 sunt,
1038 2841 1088 2892 vi
1113 2840 1371 2896 doctrinae
1409 2843 1526 2910 ejus
1550 2844 1798 2899 concussi
1846 2852 2003 2914 atque
2047 2849 2307 2915 percussi.
2337 2847 2406 2900 Il-

859 2936 953 2990 lud
987 2944 1187 3000 autem,
1228 2939 1316 3006 qui
1345 2938 1505 3002 sedet,
1537 2939 1692 3008 quasi
1728 2939 1972 2994 homines
2002 2940 2278 3010 alloquens
2307 2941 2402 2994 ait.

860 3026 1063 3081 Natura
1092 3026 1290 3096 quippe
1323 3029 1638 3098 incorporea
1676 3027 2122 3098 incomprehensa
2156 3036 2209 3082 et
2235 3029 2404 3082 incir-

867 3121 1188 3189 cumscripta
1217 3129 1318 3176 est.
1357 3119 1609 3173 Dominus
1642 3119 1695 3171 in
1726 3117 1853 3172 Sion
1888 3134 2127 3188 magnus,
2168 3129 2215 3173 et
2239 3119 2406 3175 excel-

877 3227 949 3263 tus
982 3226 1134 3278 super
1155 3226 1327 3262 omnes
1357 3209 1590 3276 populos.
1634 3208 1764 3261 Sion
1807 3207 2072 3278 significat
2110 3212 2404 3277 speculam;

2498 748 2731 819 Χριστοῦ
2777 748 2901 800 λαὸν
2947 751 3010 800 ὲκ
3049 746 3314 818 διαφόρων
3358 743 3542 814 ψυχῶν
3582 743 3658 806 ὡς
3698 744 3761 795 ὲκ
3796 741 4050 794 πλειόνων

2499 839 2702 910 χορδῶν
2725 838 3088 909 ἡρμοσμένον,
3123 837 3250 909 μίαν
3291 853 3351 890 τε
3399 834 3562 908 εὐχὴν
3591 834 3684 888 καὶ
3709 833 4050 904 εὐχαριστίαν

2497 929 2574 1000 τῷ
2599 928 2716 1000 Θεῷ
2744 929 3155 999 ἀναπέμποντα.

2877 1037 3166 1090 nam}:
3196 1037 3281 1107 ro
3299 1036 3513 1090 ΔΑΥΙΔ.
3543 1037 3666 1103 ιιῑιυ.

2580 1131 2632 1182 '0
2675 1131 2884 1197 Κύριος
2924 1130 3352 1190 ἐϐασίλευσεν,
3398 1127 3840 1197 ὀργιζὲσθωσαν
3883 1127 4048 1194 λαοὶ,

2501 1224 2534 1273 δ
2549 1220 2871 1288 καθήμενος
2893 1221 2990 1273 ἐπὶ
3029 1220 3326 1288 χερουϐἰμ,
3345 1220 3688 1286 σαλευθήτω
3713 1223 3750 1288 ἡ
3771 1219 3868 1288 γῆ.
3907 1221 4049 1274 Ἀνε-

2501 1312 2770 1382 πίγραφος
2798 1313 2924 1380 παρ’
2971 1310 3237 1382 Ἑϐραίοις
3263 1312 3291 1363 ό
3315 1310 3523 1381 ψαλμός
3545 1327 3560 1342 ⁸
3591 1307 3670 1375 εἷς
3691 1313 3748 1365 δὲ
3780 1313 3871 1364 καὶ
3897 1312 4050 1376 αὐτὸς

2499 1401 2749 1471 τυγχάνει
2768 1399 2875 1453 τῶν
2895 1397 3388 1469 εὐαγγελιζομένων
3425 1399 3512 1470 τὴν
3535 1399 3628 1454 τοῦ
3641 1401 3874 1472 Χριστοῦ
3899 1400 4051 1470 βασι-

2499 1493 2664 1546 λείαν.
2722 1493 2872 1544 Ἐπεὶ
2928 1493 3023 1562 μὲν
3081 1490 3188 1561 γὰρ
3214 1490 3290 1561 τῷ
3325 1490 3620 1559 βασιλεύειν
3660 1493 3910 1548 ἁπάντων
3948 1491 4052 1544 τῶν

2499 1585 2635 1638 ὅλων
2663 1585 2812 1648 Θεὸν,
2871 1584 3060 1637 οὐδένα
3113 1583 3177 1637 ἄν
3199 1601 3282 1646 τις
3334 1584 3642 1655 ὀργίζεσθαι
3688 1585 3841 1654 φαίη,
3884 1584 3975 1636 ἐπὶ
4001 1584 4053 1638 δὲ

2501 1679 2565 1746 τῇ
2592 1674 2687 1728 τοῦ
2721 1673 2957 1746 Χριστοῦ
2976 1674 3218 1744 βασιλείᾳ
3253 1674 3413 1743 φησὶν
3439 1676 3466 1726 ό
3493 1673 3680 1744 παρὼν
3709 1675 3865 1742 λόγος
3906 1673 4052 1744 ὀργί-

2501 1764 2684 1829 ζεσθαι
2727 1765 2916 1827 λαούς·
2967 1765 3098 1834 φησὶ
3125 1765 3181 1817 δὲ
3210 1765 3333 1826 τοὺς
3372 1765 3434 1816 ὲκ
3463 1765 3765 1835 περιτομῆς
3809 1765 3898 1817 καὶ
3929 1764 4053 1829 τοὺς

2500 1855 2560 1922 ἐξ
2611 1855 2776 1908 ὲθνῶν
2819 1855 3174 1918 ἀπιστοῦντας
3219 1855 3383 1924 αὐτῷ.
3413 1855 3510 1918 Τίς
3533 1855 3590 1906 δέ
3622 1856 3768 1907 ἐστιν
3796 1857 3824 1908 ό
3855 1855 4054 1925 Κύριος

2501 1949 2749 2014 διασαφεῖ
2775 1944 2946 2013 λέγων
2977 1942 3102 2014 ἑξῆς
3123 1960 3135 1974 ’
3177 1944 3230 1996 '0
3284 1943 3614 2012 καθήμενος
3649 1943 3800 2010 ὑπὲρ
3854 1961 4054 2012 χερον-

2504 2038 2618 2105 6ίμ.
2672 2035 2864 2088 Δάκνει
2917 2033 3023 2105 γὰρ
3053 2033 3178 2096 τοὺς
3215 2033 3474 2096 ἀπίστους
3496 2033 3588 2086 καὶ
3617 2033 3774 2085 λυπεῖ
3805 2035 3833 2085 ό
3871 2033 3962 2085 ἐπὶ
3991 2036 4056 2104 τῇ

2504 2123 2744 2195 σωτηρίᾳ
2768 2123 2871 2176 τῶν
2896 2123 3074 2176 ἐθνῶν.
3094 2121 3248 2192 ζῆλος
3269 2138 3285 2154 ο
3319 2122 3379 2173 οὐ
3409 2122 3514 2193 γὰρ
3549 2124 3780 2192 συνῆκαν
3804 2122 3901 2184 τὰς
3933 2123 4056 2193 περὶ

2502 2213 2598 2278 τῆς
2633 2211 2904 2280 βασιλείας
2929 2211 3091 2264 αὐτοῦ
3105 2208 3443 2281 προφητικάς
3472 2210 3650 2278 φωνάς
3671 2229 3683 2240 ·
3705 2210 4056 2276 Σαλευθήτω

2502 2308 2540 2373 ἡ
2566 2304 2662 2374 γῆ.
2699 2304 2764 2356 οῖ
2791 2319 2851 2355 τε
2890 2303 2996 2373 γὰρ
3041 2302 3204 2356 πάλαι
3255 2299 3421 2354 πολλὰ
3484 2301 3766 2370 δυνάμενοι
3810 2300 4056 2370 δαίμονες

2502 2397 2882 2468 ὲξησθένησαν,
2918 2395 2993 2456 ὡς
3026 2394 3200 2455 πάσας
3245 2393 3420 2445 αὐτῶν
3455 2391 3552 2454 τὰς
3583 2391 3837 2461 δυνάμεις
3864 2391 4056 2442 σαλευ-

2504 2489 2680 2559 θῆναι,
2711 2488 2803 2540 καὶ
2846 2485 3143 2554 παυσθῆναι
3177 2483 3274 2546 τὰς
3311 2482 3585 2552 ἐνεργείας
3609 2497 3621 2511 ·
3664 2483 3720 2534 οἵ
3742 2498 3801 2534 τε
3830 2481 3926 2551 τὴν
3955 2482 4056 2552 γῆν

2503 2580 2774 2642 οἰκοῦντες
2794 2567 3082 2651 ἄνθρωποι,
3106 2573 3511 2645 μεταϐαλόντες,
3532 2573 3631 2640 τῆς
3651 2571 3904 2644 πατρῴας
3922 2571 4056 2625 πλά-

2504 2687 2599 2738 νης
2636 2668 2725 2720 τὸν
2765 2667 2978 2737 ὄλεθρον
3023 2665 3357 2732 ἐπέγνωσαν,
3399 2663 3489 2714 τὸν
3521 2661 3650 2715 Θεὸν
3681 2661 3848 2730 Λόγον
3878 2662 4058 2715 αὐτῶν

2504 2758 2703 2827 Κύριον
2765 2753 3324 2826 ἐπιγραψάμενοι.ῧού
3385 2751 3486 2822 μὴν
3538 2749 3672 2803 ἀλλὰ
3705 2750 3796 2803 καὶ
3837 2753 3885 2802 οἱ
3923 2752 4055 2803 ἀπι-

2505 2849 2747 2908 στοῦντες
2779 2845 2957 2914 αὐτῷ,
3010 2844 3254 2914 μεγάλως
3304 2843 3696 2912 ὲσαλεύθησαν,
3750 2842 4056 2910 κινούμενοι

2504 2941 2594 2992 καὶ
2626 2935 3114 3004 καταπληττόμενοι
3140 2934 3237 3002 τῆς
3279 2931 3619 2995 διδασκαλίας
3657 2930 3820 2985 αὑτοῦ
3849 2930 3946 3001 τὴν
3973 2928 4057 2982 δύ-

2503 3041 2683 3093 ναμιν.
2715 3025 2786 3076 Τὸ
2813 3024 2887 3087 δὲ,
2910 3020 3256 3090 καθήμενος,
3283 3021 3356 3083 ὡς
3383 3019 3516 3091 πρὸς
3545 3018 3856 3088 ἀνθρώπους
3884 3018 4056 3070 διαλε-

2503 3117 2726 3186 γόμενος
2784 3115 3021 3186 εἴρηκεν.
3075 3114 3136 3165 Ἥ
3183 3113 3289 3183 γὰρ
3332 3111 3617 3182 ἀσώματος
3657 3109 3814 3179 φύσις
3865 3110 4056 3180 ἀπερί-

2505 3208 2704 3277 ληπτος
2754 3207 2847 3260 καὶ
2899 3205 3288 3276 ἀπερίγραφός.
3333 3203 3542 3270 Κύριος
3579 3202 3643 3255 ἐν
3672 3200 3823 3256 Σιὼν
3845 3200 4054 3274 μέγας,

869 3302 942 3356 sic
979 3308 1154 3354 autem
1206 3300 1474 3369 appellare
1510 3299 1693 3353 divina
1749 3299 2030 3369 Scriptura
2075 3303 2210 3356 solet
2246 3316 2405 3356 omne
2431 3315 2472 3373 ο
2507 3297 2595 3350 καί

2328 3316 2405 3356 ine
2431 3315 2472 3373 ο
2507 3297 2603 3350 καὶ
2629 3297 2871 3365 ὑψηλός-
2901 3296 3069 3348 ἐστιν
3105 3295 3203 3347 ἐπὶ
3242 3293 3468 3358 πάντας
3495 3292 3635 3357 τοὺς
3675 3292 3880 3356 λαούς.
3918 3289 4054 3343 Σιὼν

865 3393 1172 3462 religiosum
1207 3391 1532 3454 institutum,
1565 3397 1729 3460 atque
1767 3391 1868 3443 hoc
1901 3391 2061 3444 modo
2092 3390 2404 3445 indicantur

863 3484 900 3536 ii
932 3484 1024 3552 qui
1075 3483 1312 3537 coelestia
1345 3483 1712 3552 speculantur,
1743 3481 1920 3550 qualis
1969 3490 2083 3537 erat
2114 3483 2403 3552 Apostolus

861 3573 952 3640 qui
978 3572 1092 3626 ait:
1137 3569 1258 3624 Non
1303 3569 1686 3639 speculantibus
1730 3568 1879 3622 nobis
1931 3578 2156 3631 terrena,
2192 3569 2280 3622 sed
2305 3583 2402 3623 οω-

863 3659 1015 3716 lestia
1043 3660 1108 3712 ".
1139 3660 1291 3730 Apud
1326 3660 1444 3715 illos
1473 3660 1616 3715 enim
1643 3673 1872 3728 magnus
1897 3666 1979 3713 est
2009 3657 2288 3714 Dominus.

929 3921 1093 3977 Vens.
1147 3923 1198 3977 5.
1235 3922 1590 3993 Con/iteantur
1637 3924 1834 3977 nomini
1890 3931 1976 3977 tuo
2027 3939 2235 3992 magno,
2284 3941 2404 3993 quo-

859 4014 1001 4068 niam
1025 4013 1253 4067 terribile
1279 4024 1326 4067 et
1352 4023 1588 4068 sanctum
1611 4023 1706 4068 est.
1741 4013 1896 4068 Nunc
1921 4014 2135 4084 quidem
2160 4015 2403 4069 irascun-

859 4114 951 4160 tur
969 4105 1151 4175 populi
1178 4105 1436 4160 adversus
1465 4121 1689 4175 regnum
1729 4104 2024 4160 Salvatoris
2055 4106 2223 4161 nostri
2253 4125 2266 4160 :
2302 4106 2404 4161 erit

860 4210 1023 4265 porro
1052 4179 1259 4263 tempus
1289 4211 1396 4264 quo
1431 4195 1534 4263 ipsi
1562 4209 1773 4265 quoque
1807 4194 2011 4248 nomini
2057 4209 2250 4264 magno
2287 4195 2403 4263 ejus

859 4283 1277 4346 conﬁtebuntur,
1301 4285 1505 4354 quando
1525 4289 1671 4338 omne
1692 4301 1821 4354 genu
1842 4285 2078 4353 ﬂectetur
2097 4285 2398 4351 ccelestium,
2425 4333 2429 4341 .

862 4387 1016 4443 atque
1046 4377 1388 4439 terrestrium,
1416 4386 1463 4428 et
1493 4377 1660 4430 omnis
1692 4376 1870 4445 lingua
1906 4375 2254 4444 conﬁtebitur,
2278 4377 2401 4445 quia

861 4467 1116 4520 Dominus
1163 4466 1318 4520 Jesus
1349 4468 1400 4520 in
1426 4468 1594 4538 gloria
1641 4465 1821 4519 Patris
1845 4467 1912 4518 ".
1943 4495 2012 4507 -—
2061 4465 2227 4521 Vnus.
2251 4466 2303 4520 ὁ.
2335 4465 2404 4520 Et

865 4559 1026 4611 honor
1053 4561 1183 4628 regis
1224 4559 1480 4628 judicium
1520 4558 1714 4628 diligit.
1752 4556 1936 4613 Honor
1973 4565 2026 4612 et
2055 4559 2226 4611 virtus
2260 4559 2402 4627 regis

2505 3388 2855 3458 ἑρμηνεύεται
2887 3385 3321 3452 σκοπευτήριον
3339 3401 3352 3414 ο
3391 3384 3530 3436 οὐτω
3559 3383 3616 3436 δὲ
3638 3380 3919 3452 ὀνομάζειν
3937 3381 4055 3445 ἔθος

2503 3478 2600 3548 τὴν
2633 3478 2777 3531 θείαν
2825 3478 3044 3547 Γραφὴν
3081 3478 3184 3529 πᾶν
3214 3477 3273 3527 τὸ
3315 3475 3558 3538 θεοσεϐὲς
3605 3474 3922 3543 πολίτευμα,
3950 3472 4056 3526 τῶν

2503 3569 2571 3625 τὰ
2621 3568 2915 3638 ἐπουράνια
2967 3565 3304 3619 σκοπούντων
3348 3557 3534 3617 τοῦτον
3578 3564 3917 3635 δηλουμένων
3965 3564 4056 3616 τὸν

2502 3659 2695 3731 τρόπον
2755 3661 2930 3720 ὁποῖος
2993 3654 3058 3728 ἧν
3089 3657 3260 3726 λέγων
3295 3658 3324 3710 ὁ
3362 3655 3674 3718 Ἀπόστολος
3699 3673 3713 3686 ·
3765 3656 4059 3710 Σκοπούνκ-

2503 3767 2619 3802 των
2649 3748 2812 3818 ἡμῶν
2822 3752 2892 3803 οὐ
2910 3750 2980 3802 τὰ
2998 3751 3242 3818 ἐπίγεια,
3266 3747 3424 3803 ἀλλὰ
3442 3746 3511 3801 τὰ
3530 3743 3870 3815 ἐπουράνια.
3897 3743 4058 3817 Παρὰ

2501 3837 2705 3900 τούτοις
2733 3834 2824 3901 οὖν
2854 3839 3023 3909 μέγας
3050 3840 3191 3892 ἐστὶν
3215 3841 3244 3909 ᾴ
3268 3837 3488 3908 Κύριος.

2589 3925 3273 3996 Ἐξομολογησάσθωσαν
3303 3925 3383 3990 τῷ
3416 3925 3656 3993 ὀνόματί
3696 3939 3810 3978 σου
3843 3922 3923 3988 τῷ
3953 3937 4058 3992 με-

2503 4018 2681 4088 γάλῳ,
2710 4018 2796 4072 ὅτι
2824 4020 3076 4088 φοϐερὸν
3111 4019 3208 4072 καὶ
3249 4017 3417 4086 ἅγιόν
3449 4017 3596 4069 ἐστι.
3641 4014 3753 4068 Νῦν
3783 4013 3878 4084 μὲν
3907 4005 4058 4084 ὀργί-

2505 4110 2681 4172 ζονται
2722 4110 2836 4163 λαοὶ
2882 4111 2973 4163 ἐπὶ
3005 4110 3097 4164 τοῦ
3129 4109 3375 4179 Σωτῆρος
3412 4106 3565 4178 ἡμῶν
3604 4104 3873 4174 βασιλείᾳ·
3904 4103 4057 4157 ἔσται

2502 4201 2558 4254 δέ
2594 4219 2675 4264 τις
2717 4202 2902 4271 καιρὸς
2948 4204 3004 4254 ὲν
3039 4195 3082 4269 ᾧ
3107 4201 3198 4254 καὶ
3255 4201 3407 4253 αὐτοὶ
3458 4196 3934 4267 ἐξομολογήσονται
3975 4193 4057 4263 τῷ

2503 4291 2723 4362 ὀνόματι
2747 4291 2910 4356 αὑτοῦ
2940 4292 3016 4362 τῷ
3070 4289 3307 4362 μεγάλῳ,
3338 4291 3466 4346 Ὅτε
3498 4288 3618 4344 πᾶν
3656 4289 3801 4358 γόνυ
3834 4284 4058 4353 κάμψει

2502 4383 2866 4451 ἐπουρανίων
2889 4384 2985 4436 καὶ
3020 4382 3307 4452 ἐπιγείων,
3339 4381 3434 4434 καὶ
3462 4375 3626 4434 πᾶσα
3647 4375 3897 4446 γλῶσσα
3929 4375 4060 4439 ἑξο-

2496 4472 2912 4543 μολογήσεται,
2942 4472 3028 4526 ὅτι
3059 4474 3270 4537 Κύριος
3311 4469 3534 4537 Ἰησοῦς
3585 4470 3669 4532 είς
3717 4464 3902 4529 δόξαν
3936 4465 4060 4516 Πα-

2502 4565 2656 4631 τρός.
2694 4563 2802 4616 Καὶ
2842 4562 2976 4630 τιμὴ
3009 4560 3311 4627 βασιλέως
3352 4560 3552 4628 κρίσιν
3570 4555 3788 4627 ἀγαπᾷ.
3850 4554 3916 4606 Ἦ
3962 4550 4058 4631 τοῦ

864 4661 987 4698 cum
1025 4647 1248 4714 judicio,
1294 4650 1414 4703 aliis
1461 4648 1677 4718 quidem
1737 4662 1932 4702 nomen
1980 4646 2098 4710 ejus
2147 4647 2399 4712 terribile,
2432 4645 2477 4701 Β
2506 4629 2590 4724 pec

2333 4648 2399 4712 le.
2432 4645 2477 4701 Ῐ)
2506 4629 2765 4724 βασιλέως
2795 4629 2925 4723 τιμή
2969 4629 3044 4704 τε
3088 4652 3180 4705 καὶ
3203 4650 3367 4721 ἀρετὴ
3409 4650 3626 4710 εἰκότως
3657 4645 3792 4716 μετά
3827 4629 4059 4713 κρίσεως

865 4735 985 4790 aliis
1010 4752 1134 4789 vero
1163 4748 1407 4792 sanctum
1441 4739 1630 4792 merito
1653 4737 1829 4792 edicit.
1857 4738 1914 4792 Si
1939 4739 2080 4793 enim
2115 4738 2206 4806 qui
2235 4738 2404 4806 legem

863 4820 982 4889 ejus
1034 4826 1522 4892 transgrediuntur.
1563 4841 1657 4894 per
1706 4827 1877 4894 ipSam
1923 4828 2405 4898 transgressionem

866 4910 1013 4982 illum
1043 4913 1365 4968 inhonorant
1390 4932 1404 4980 ;
1433 4916 1525 4983 qui
1556 4917 1790 4971 divinam
1822 4917 1991 4986 legem
2015 4926 2401 4988 exsequuntur,

869 5001 981 5054 vice
1013 5018 1188 5067 versa,
1230 5019 1324 5070 per
1369 5005 1488 5073 ejus
1541 5005 1944 5060 exsecutionem
1997 5023 2174 5076 regem
2230 5009 2404 5078 ipsum

865 5092 955 5158 qui
1009 5092 1177 5163 legem
1225 5094 1371 5149 dedit
1420 5095 1623 5151 honore
1673 5096 1929 5156 adiciunt,
1976 5096 2236 5164 judicium
2289 5099 2408 5167 ejus

866 5181 1148 5250 diligentes
1177 5205 1190 5239 :
1222 5187 1452 5240 scientes
1486 5187 1692 5256 justum
1725 5203 1846 5243 esse
1871 5187 2131 5256 judicium
2161 5190 2300 5257 ejus.
2343 5205 2407 5246 ac

865 5288 924 5325 se
942 5272 1119 5326 divina
1141 5279 1356 5343 praemia
1378 5286 1764 5333 consecuturos
1795 5295 1934 5341 esse,
1963 5281 2087 5349 quia
2109 5281 2404 5335 secundum

866 5364 1196 5418 voluntatem
1228 5368 1346 5435 ejus
1378 5357 1464 5437 pie
1493 5375 1547 5424 et
1572 5369 1717 5437 jnste
1739 5376 1979 5438 egerunt.

938 5541 1099 5599 Vens.
1130 5545 1181 5598 5.
1210 5543 1286 5598 Tu
1315 5550 1515 5612 parasti
1537 5549 1866 5607 directiones.
1891 5548 2148 5615 judicium
2177 5558 2228 5604 et
2246 5551 2411 5619 justi-

872 5633 995 5684 tiam
1037 5637 1088 5687 in
1117 5634 1279 5690 Jacob
1311 5646 1364 5689 tu
1393 5638 1577 5704 fecisti.
1629 5640 1876 5693 Exaltate
1912 5639 2193 5720 Dominum
2244 5640 2410 5694 Deum

867 5734 1121 5787 nostrum,
1173 5735 1277 5781 etc.
1342 5728 1530 5793 Nemo,
1573 5729 1768 5798 inquit,
1798 5731 2068 5785 existimet
2115 5730 2200 5784 hic
2248 5731 2411 5786 alium

971 5878 1009 5912 θ’
1054 5881 1091 5934 ll
1124 5879 1244 5936 Cor.
1281 5900 1363 5948 ιν,
1399 5883 1481 5940 18.
1557 5884 1601 5916 ⁸⁷
1641 5882 1869 5944 Philipp.
1907 5899 1974 5945 ll.
2016 5885 2111 5944 10.
2152 5887 2234 5940 ll.

2503 4747 2614 4806 τοῖς
2639 4743 2736 4814 μὲν
2775 4741 3027 4810 ἐπίφοϐον
3053 4743 3281 4793 ποιεῖται
3307 4739 3367 4791 τὸ
3403 4738 3569 4806 δνομα
3608 4734 3790 4798 αὐτοῦ,
3842 4735 3954 4819 τοῖς
4001 4730 4060 4786 δὲ

2506 4835 2677 4904 ἀγιον.
2729 4833 2789 4885 Εί
2825 4832 2932 4904 γὰρ
2981 4832 3029 4884 oi
3082 4828 3495 4900 παραϐαίνοντες
3532 4824 3691 4878 αὐτοῦ
3723 4824 3812 4876 τὸν
3873 4825 4056 4894 νόμον,

2505 4925 2566 4976 δι’
2593 4924 2753 4977 αὐτοῦ
2771 4923 2864 4976 τοῦ
2893 4921 3241 4992 παραϐαίνειν
3267 4917 3612 4988 ἀτιμάζουσιν
3649 4915 3840 4969 αὐτόν·
3875 4916 3923 4967 oi
3956 4933 4057 4969 κα-

2506 5015 2817 5084 τορθοῦντες
2866 5014 2955 5068 τὸν
2987 5014 3124 5066 θεῖον
3147 5011 3305 5081 νόμον
3355 5009 3422 5062 δι’
3472 5007 3632 5063 αὐτοῦ
3680 5006 3772 5060 τοῦ
3815 5007 4057 5076 ἐνεργεῖν

2513 5105 2648 5157 κατά
2679 5106 2872 5159 ταύτὸν
2898 5103 3091 5174 τιμῶσι
3130 5103 3219 5155 τὸν
3267 5098 3691 5170 νομοθετήσαντα
3717 5096 3876 5148 αὐτὸν
3904 5094 4058 5163 βασι-

2511 5193 2627 5258 λέα,
2653 5193 2964 5262 ἀγαπῶντες
2990 5193 3086 5262 τὴν
3119 5191 3245 5262 παρ’
3269 5188 3431 5243 αὐτοῦ
3475 5187 3674 5258 κρίσιν,
3709 5184 4058 5252 ἐπιστάμενοι

2509 5282 2709 5336 δίκαιον
2757 5284 2818 5337 τὸ
2874 5287 3045 5355 κρῖμα
3103 5279 3284 5342 αὐτοῦ,
3329 5280 3419 5331 καὶ
3463 5279 3543 5330 ὅτι
3583 5274 3852 5340 τεύξονται
3898 5274 4056 5328 θείων

2509 5371 2765 5440 ἀμοιϐῶν,
2802 5374 2938 5426 κατά
2991 5374 3046 5425 τὸ
3077 5372 3318 5443 βούλημα
3370 5366 3555 5432 αὐτοῦ,
3589 5363 3824 5427 εὐσεϐῶς
3854 5365 3947 5418 καὶ
3977 5365 4057 5418 δι-

2511 5460 2676 5522 καίως
2712 5460 3172 5531 πολιτευσάμενοι.

2577 5552 2659 5605 Σὺ
2695 5553 3022 5620 ἡτοίμασας
3075 5551 3416 5615 εὐθύτητος,
3447 5547 3647 5616 κρίσιν
3679 5546 3778 5598 καί
3831 5552 4054 5597 δικαιυο

2509 5641 2785 5707 σύνηνὲν
2812 5641 3007 5695 Ἰακὼό
3018 5640 3098 5693 σὺ
3128 5638 3438 5704 ἐποίησας.
3455 5636 3695 5705 Tum?“
3708 5635 3928 5703 Κύριον
3947 5633 4056 5685 τὸν

2516 5728 2659 5782 Θεὸν
2703 5728 2890 5798 ἡμῶν,
2932 5728 3044 5795 ’καὶ
3092 5725 3160 5779 τὰ
3184 5725 3340 5790 ιξῆςιέ
3375 5726 3595 5797 Μηδεὶς,
3615 5723 3765 5806 φησι,
3782 5719 4059 5792 νομίζοιτο

3911 532 4140 588 1836⁷
