4372 6400
278 513 408 569 i257

1382 514 1882 572 COMMENTARIA
1918 519 1985 574 IN
2022 519 2354 581 PSALMOS.

3330 527 3471 586 1238

270 624 453 695 ἕτερον
490 620 624 679 εἶναι
650 624 739 678 τὸν
762 626 989 699 ἐνταῦθα
1016 626 1452 698 δοξολογούμενον
1488 631 1690 702 Κύριον
1732 633 1825 686 τοῦ
1856 644 1900 697 Α
1929 636 1996 691 do

1744 633 1825 686 τοῦ
1856 644 1900 697 Α
1929 636 2204 691 dominum
2235 637 2406 707 gloria
2451 636 2735 701 celebrari,
2772 652 2932 707 quam
2980 638 3145 694 Deum
3174 640 3266 709 qui
3304 642 3470 711 legem

270 712 404 765 Θεοῦ
430 712 523 765 τοῦ
550 713 1001 785 νομοθετήσαντος
1025 718 1081 769 ὲν
1112 720 1174 786 τῇ
1206 718 1412 788 ἐρήμῳ.
1439 720 1649 790 Σὺγάρ,
1675 725 1823 792 φησὶ,

272 798 467 871 Κύριε,
499 795 558 855 οὗ
585 802 680 877 τὴν
716 802 985 871 βασιλείαν
1017 804 1358 874 Θεσπίζομεν,
1402 808 1562 871 αὐτὸς
1596 809 1670 861 ὣν
1701 828 1826 878 τυγ-

275 888 474 960 χάνεις,
504 892 532 942 ὁ
551 893 644 944 καὶ
670 892 745 961 τῷ
770 893 831 943 ὲκ
855 893 1150 962 περιτομῆς
1172 894 1282 963 λαῷ
1300 896 1476 965 κρίσιν
1507 899 1598 950 καὶ
1626 899 1825 952 δικαιο-

276 978 438 1051 σύνην
458 980 842 1051 διαταξάμενος
875 982 1012 1034 κατά
1052 982 1147 1053 τὴν
1180 984 1419 1037 δοθεῖσαν
1452 988 1631 1050 αὐτοῖς
1670 1006 1820 1059 νομο-

273 1068 831 1140 θεσίαν,δικαιώματα
862 1072 953 1125 καὶ
978 1073 1216 1143 κρίματα
1247 1075 1619 1146 περιέχουσαν.
1656 1079 1727 1130 Σὺ
1769 1079 1825 1131 δὲ

273 1161 433 1224 αὐτὸς
462 1162 555 1214 καὶ
587 1160 882 1231 εὐθύτητας
910 1162 1207 1232 ἡτοίμασας
1235 1148 1375 1219 κατά
1410 1166 1498 1219 τὸν
1524 1167 1620 1236 τῆς
1666 1169 1827 1221 ἀντα-

272 1251 539 1313 ⁴ιοοδόσεως
559 1250 746 1320 καιρὸν
766 1251 1235 1323 ἀποδοθησομένας
1258 1257 1368 1319 τοῖς
1387 1256 1704 1324 φυλάττουσι
1729 1258 1825 1329 τὴν

275 1336 451 1410 κρίσιν
480 1338 572 1392 καὶ
597 1340 694 1410 τὴν
713 1338 1071 1411 δικαιοσύνην.
1100 1342 1359 1411 Μωῦσῆς
1387 1344 1486 1396 καὶ
1526 1344 1735 1411 Ἀαρὼν
1758 1346 1827 1398 ὲν

274 1429 396 1495 τοῖς
424 1428 681 1496 ιερεῦσιν
706 1430 909 1496 αὐτοῦ,
944 1433 1038 1485 καὶ
1074 1422 1353 1501 Σαμουὴλ
1376 1434 1445 1486 ἐν
1476 1434 1597 1499 τοῖς
1627 1435 1826 1488 ἐπικα-

272 1513 582 1582 λουμένοις
613 1515 678 1568 τὸ
707 1515 890 1586 ὄνομα
909 1519 1111 1572 αὑτοῦ.
1142 1520 1567 1573 Ἐπεκαλοῦντο
1597 1524 1699 1575 τὸν
1714 1524 1827 1576 Κύ-

264 1621 416 1671 ριον,
467 1600 565 1657 καί
614 1606 795 1672 αὐτὸς
834 1607 1171 1679 εἰσήκουεν,
1214 1611 1283 1663 ἐν
1322 1613 1522 1683 στύλῳ
1570 1612 1827 1681 νεφέλης

272 1692 475 1747 ἐλάλει
514 1694 665 1763 πρὸς
698 1699 937 1765 αὐτούς.
1003 1700 1381 1768 Ἐφύλασσον
1429 1703 1499 1755 τὰ
1537 1705 1827 1772 μαρτύρια

269 1784 473 1859 αὐτοῦ,
503 1786 697 1841 καὶτὰ
714 1790 1129 1858 προστάγματα
1164 1790 1200 1843 d
1231 1792 1450 1845 ἔδωκεν
1475 1796 1694 1867 αὐτοῖς.
1730 1796 1823 1858 Τὸ,

268 1876 340 1927 El
358 1875 749 1932 ἐπιστεύσατε
760 1880 1003 1947 Μωῡσῇ,
1025 1882 1413 1935 ἐπιστεύσατε
1428 1884 1641 1953 ἃνέμοι
1658 1902 1671 1914 ο
1697 1887 1827 1952 περὶ

1929 728 2077 782 dedit
2126 729 2183 781 in
2212 729 2442 783 deserto.
2486 727 2567 783 Tu
2596 729 2764 793 enim,
2800 730 2997 800 inquit,
3032 728 3278 795 Domine,
3318 731 3475 801 cujus

1928 834 2153 890 regnum
2199 808 2577 883 vaticinamur,
2606 821 2747 875 idem
2799 821 2913 891 ipse
2944 835 3003 875 es
3041 821 3131 889 qui
3180 823 3378 892 populo
3410 838 3470 877 ex

1927 907 2337 965 circumcisione
2368 906 2631 975 judicium
2662 908 3002 977 etjustitiam
3036 911 3353 980 praecepisti,
3385 927 3475 967 se-

1925 998 2158 1050 cundum
2184 1005 2439 1052 statutam
2478 997 2611 1067 ipsis
2644 999 2837 1069 legem,
2866 999 3279 1069 iustiﬁcationes
3308 1009 3361 1056 et
3382 1002 3476 1069 ju-

1924 1088 2061 1142 dicia
2102 1090 2565 1158 complectentem.
2599 1087 2680 1142 Tu
2716 1097 2896 1144 autem
2938 1091 3051 1160 ipse
3092 1082 3295 1160 parasti
3333 1091 3477 1147 dire-

1924 1167 2554 1241 ctiones,'retributionis
2578 1185 2822 1248 tempore
2847 1179 2913 1235 iis
2937 1179 3235 1235 reddendas
3258 1181 3347 1249 qui
3383 1180 3475 1249 ju—

1923 1268 2123 1322 dicium
2176 1276 2229 1323 et
2280 1270 2547 1338 Justitiam
2604 1269 2979 1324 custodiet-int.
3037 1300 3105 1310 —
3141 1268 3385 1332 Vsss.6,
3420 1270 3471 1324 7.

1926 1358 2131 1428 Moyses
2157 1369 2206 1411 et
2230 1359 2409 1413 Aaron
2439 1360 2493 1412 in
2523 1359 2879 1417 sacerdotibus
2917 1359 3051 1428 ejus,
3075 1371 3123 1413 et
3146 1360 3360 1414 Samuel
3389 1362 3473 1413 in-

1926 1460 2001 1503 ter
2029 1467 2113 1503 eos
2139 1454 2226 1519 qui
2246 1451 2487 1508 invocant
2528 1466 2713 1508 nomen
2742 1440 2873 1519 eju’s.
2924 1448 3245 1504 Invocabant
3296 1451 3474 1504 Domi-

1925 1556 2071 1603 num,
2104 1552 2151 1593 et
2183 1541 2290 1607 ipse
2319 1538 2635 1610 exaudiebat
2652 1558 2763 1605 eos,
2793 1543 2847 1594 in
2870 1541 3109 1603 colnmnq
3130 1541 3282 1597 nubis
3308 1542 3477 1611 loque-

1926 1628 2081 1681 batur
2129 1629 2197 1682 ad
2230 1624 2337 1692 eos,
2363 1629 2722 1683 custodiebant
2774 1633 3067 1688 testimonia
3108 1630 3241 1705 ejus,
3266 1642 3313 1687 et
3338 1649 3474 1705 prcs-

1925 1729 2070 1787 cepta
2281 1719 2421 1772 dedit
2462 1721 2590 1775 illis.
2646 1720 2801 1785 Illud,
2838 1723 2897 1776 Si
2958 1723 3235 1776 crederetis
3278 1721 3473 1792 Moysi,

1925 1812 2199 1867 crederetis
2242 1814 2419 1882 utique
2465 1814 2613 1879 mihi,
2646 1815 2709 1874 de
2740 1833 2818 1871 me
2873 1816 3007 1869 enim
3053 1815 3143 1869 ille
3171 1806 3472 1882 scripsit”,

1928 1903 2167 1972 ejusdem
2200 1906 2480 1960 sententia:
2516 1918 2598 1962 est
2645 1916 2806 1977 atque
2848 1908 2935 1959 illa
2964 1922 3083 1975 quae
3122 1906 3231 1975 jam
3281 1913 3475 1959 tracta-

271 1966 378 2067 τὰρ
404 1968 548 2037 ἐμοῦ
574 1971 801 2036 ἐκεῖνος
824 1972 1064 2042 expugna,
1086 1974 1183 2042 τῆς
1208 1970 1297 2027 οὖν
1320 1976 1485 2045 αὐτῆς
1506 1976 1683 2046 ἔχεται
1712 1978 1825 2030 δια·
1858 1972 1895 2023 Β
1928 1966 1997 2047 ιίιι

1747 1997 1825 2029 ια’
1858 1972 1895 2023 Β
1928 2010 2069 2048 mus.
2101 1993 2234 2047 Nam
2263 1995 2743 2067 eumdem,inquit,
2764 2005 2819 2051 et
2842 1984 2950 2053 non
2973 1998 3137 2051 alium
3167 1996 3472 2055 Dominum.

271 2056 415 2123 νοίας
468 2062 569 2115 καὶ
607 2064 674 2117 τὰ
726 2064 1081 2133 προκείμενα.·
1113 2064 1309 2118 Τοῦτον
1333 2066 1439 2137 γὰρ
1467 2067 1557 2119 τὸν
1599 2068 1820 2139 Κύριον,

273 2152 360 2202 καὶ
386 2153 483 2221 οὐχ
513 2158 717 2224 έτερον,
743 2155 895 2224 φησι,
926 2156 1015 2207 τὸν
1046 2158 1102 2208 ὲν
1132 2156 1208 2225 τῷ
1234 2158 1455 2227 παρόντι
1479 2157 1825 2229 Θεολογούμε-

268 2256 385 2303 νον,
423 2243 515 2293 καὶ
556 2244 795 2312 Μωῦσῆς
837 2244 927 2297 καὶ
964 2230 1167 2315 ’Ἀαρὼν
1205 2246 1296 2299 καὶ
1330 2248 1609 2319 Σαμουὴλ,
1649 2250 1742 2302 καὶ
1775 2249 1827 2301 εί

267 2342 347 2389 τις
381 2328 578 2399 ἔτερος,
598 2330 703 2383 εἴτε
728 2333 1037 2403 προφητῶν,
1065 2335 1173 2387 είτε
1204 2336 1413 2405 ἱερέων,
1442 2339 1818 2393 ἐπεκαλοῦντο.

269 2418 376 2471 Καὶ
402 2413 552 2493 οὗτος
578 2417 643 2493 ἦν
674 2423 833 2485 αὐτὸς
860 2426 888 2475 ὁ
913 2425 1006 2477 τοῦ
1038 2425 1391 2498 νΘεοῧξΛόγος,
1453 2430 1546 2483 καὶ
1592 2429 1684 2483 νῦν
1731 2429 1823 2482 ἐπὶ

267 2509 471 2574 πάντας
500 2514 624 2576 τοὺς
644 2513 803 2576 λαοὺς
831 2515 1028 2585 ὑψηλὸς
1062 2518 1337 2589 ὑπάρχων,
1374 2520 1468 2571 καὶ
1503 2518 1649 2591 παρά
1690 2522 1823 2572 πᾶσι

264 2600 373 2660 τοῖς
416 2600 591 2654 ἔθνεσι
633 2603 999 2675 δοξαζόμενος,
1036 2610 1064 2660 ὁ
1107 2610 1369 2661 κάκείνων
1412 2611 1705 2663 είσακούων
1731 2612 1823 2665 καὶ

238 2686 435 2743 σλαλῶν
466 2694 647 2756 αὐτοῖς
695 2696 752 2747 ἐν
794 2696 967 2766 στύλῳ
1008 2697 1252 2765 νεφέλης.
1298 2698 1410 2750 Uth
1440 2699 1610 2763 ἄλλως
1636 2701 1693 2753 δὲ
1723 2701 1823 2770 τῆς

263 2780 529 2851 τοσαύτης
558 2783 711 2849 ἀξίας
742 2783 927 2854 ἔτυχον
958 2788 1003 2839 οἱ
1038 2786 1381 2857 δηλωθέντες,
1412 2792 1457 2842 εί
1485 2789 1557 2861 μὴ
1585 2792 1665 2843 ὅτι
1692 2792 1823 2858 ἐφύ-

262 2871 450 2953 λαττον
480 2872 547 2925 τά
570 2874 843 2944 μαρτύρια
889 2878 1074 2941 αὑτοῦ,
1114 2880 1207 2932 καὶ
1237 2880 1295 2932 τὸ
1339 2882 1659 2953 πρόσταγμα
1686 2884 1714 2937 ὃ
1742 2885 1826 2947 δέ-

260 2950 429 3017 δωκεν
468 2955 669 3028 αὐτοῖς.
710 2966 894 3031 Οὕτως
940 2965 1032 3021 οὖν
1074 2969 1168 3022 καὶ
1202 2973 1333 3041 ἡμῖν
1366 2950 1451 3039 διὰ
1488 2950 1825 3043 τῆς-Καινῆς

265 3050 538 3122 Διαθήκης
582 3054 610 3105 ὁ
656 3054 816 3117 αὐτὸς
876 3055 1271 3127 προστάγματα
1316 3059 1409 3111 καὶ
1454 3060 1688 3123 ὲντολάς,
1730 3062 1824 3114 καὶ

269 3129 538 3214 μαρτύρια
570 3142 785 3209 ἔδωκεν,
838 3145 975 3219 ἅπερ
1034 3148 1503 3221 είνφυλάττοιμεν,
1542 3150 1647 3200 τῶν
1695 3149 1823 3201 ῐσων

263 3228 355 3283 καὶ
381 3231 532 3284 αὐτοὶ
551 3233 1083 3304 καταξιωθησόμεθα.

1925 2085 2016 2154 qui
2042 2085 2154 2153 jam
2177 2084 2319 2140 Deus
2342 2087 2685 2156 praedicatur,
2705 2086 2937 2157 Moyses.
2958 2088 3137 2142 Aaron
3156 2096 3209 2142 et
3241 2086 3473 2148 Samuel,

1925 2190 1987 2227 ac
2009 2174 2055 2227 si
2071 2176 2193 2243 quis
2214 2174 2375 2240 alius,
2399 2176 2512 2230 sive
2534 2160 2936 2245 prophetarum,
2968 2178 3081 2231 sive
3109 2177 3474 2239 sacerdotum,

1922 2266 2265 2319 invocabant.
2300 2264 2370 2319 Et
2412 2266 2501 2320 hic
2556 2274 2676 2321 erat
2715 2266 2892 2335 ipsum
2944 2265 3039 2321 Dei
3075 2265 3332 2331 Verbum,
3365 2267 3477 2335 jam
3544 2290 3547 2295 ·

1924 2362 2063 2422 apud
2110 2368 2298 2409 omnes
2328 2355 2554 2424 populos
2599 2354 2871 2409 excelsum
2914 2361 2968 2409 et
3003 2353 3142 2425 apud
3194 2354 3478 2409 universas

1922 2443 2310 2512 gentesygloria
2334 2443 2603 2506 affectum,
2636 2442 2779 2513 quod
2818 2444 2941 2498 illos
2979 2444 3105 2499 olim
3134 2443 3474 2507 exaudiebat,

1924 2542 1976 2587 et
2001 2532 2056 2586 in
2082 2534 2339 2587 columna
2364 2534 2525 2589 nubis
2560 2536 2879 2604 loquebatur
2914 2534 2981 2589 ad
3009 2550 3123 2589 eos.
3157 2533 3338 2603 Neque
3370 2534 3475 2588 alio

1925 2624 2096 2693 modo
2117 2625 2400 2679 memorati
2434 2626 2540 2679 viri
2562 2632 2764 2679 tantam
2802 2624 3113 2695 dignitatem
3152 2625 3296 2679 nacti
3320 2632 3470 2689 sunt,

1925 2696 2027 2770 nisi
2059 2716 2184 2785 quia
2218 2716 2528 2770 testimonia
2556 2715 2674 2785 ejus
2704 2722 2757 2770 et
2781 2723 3126 2784 praeceptum,
3163 2717 3307 2785 quod
3327 2715 3467 2775 dedit

1924 2808 2054 2870 illis,
2112 2807 2507 2862 custodiebant.
2573 2806 2665 2860 Sic
2724 2807 2908 2876 itaque
2962 2806 3051 2861 ille
3103 2820 3199 2876 per
3261 2803 3471 2862 Novum

1925 2898 2329 2955 Testamentum
2359 2905 2626 2975 praecepta
2662 2882 3007 2952 et‘mandata
3040 2906 3203 2967 atque
3230 2897 3475 2952 testimo-

1924 2989 2013 3041 nia
2052 2990 2208 3046 nobis
2232 2989 2398 3056 dedit,
2428 3004 2547 3059 quae
2580 2988 2627 3044 si
2670 2989 3063 3053 custodiamus}
3091 2989 3241 3066 paria
3273 2996 3329 3045 et
3365 2989 3471 3066 ipsi

1924 3076 2303 3150 obtinebimus.

326 3320 500 3391 Κύριε
527 3321 666 3386 Θεὸς
698 3322 879 3391 ἡμῶν,
906 3324 987 3377 σὺ
1030 3326 1321 3393 ἐπήκουες
1352 3329 1568 3393 αὐτῶν,
1592 3330 1672 3384 σὺ
1707 3333 1822 3393 εύτ-
1848 3318 1893 3376 C
1995 3318 2052 3371 Vl

1742 3333 1822 3393 ὺτ.
1848 3318 1893 3376 C
1995 3318 2156 3373 Vens.
2188 3319 2239 3373 8.
2272 3319 2492 3374 Domine
2520 3321 2659 3374 Deus
2692 3329 2888 3384 noster,
2923 3330 2979 3373 tu
3017 3318 3333 3375 exaudiet“
3357 3333 3468 3385 eos,

262 3407 441 3473 λατος
478 3409 680 3478 ἐτίνου
706 3412 926 3477 αὐτοῖς,
959 3415 1054 3467 καὶ
1092 3416 1342 3471 ἐκδικῶν
1367 3419 1463 3472 ἐπὶ
1519 3419 1715 3473 πάντα
1754 3421 1824 3474 τὰ

263 3494 690 3565 ἐπιτηδεύματα
717 3500 929 3554 αὐτῶν.
956 3504 1048 3567 Σὺ,
1074 3504 1307 3575 φησὶν,’ὁ
1340 3504 1601 3577 ἡμέτερος
1627 3508 1825 3578 Κύριος

266 3584 535 3663 καὶ-Θεὸς,
568 3591 597 3641 ὁ
620 3588 726 3641 τῶν
758 3591 925 3645 ἐθνῶν
956 3593 1226 3661 βασιλεὺς,
1258 3598 1285 3648 ὁ
1308 3597 1396 3664 ὑφ’
1434 3597 1589 3667 ἡμῶν
1618 3615 1821 3669 κηρυτ-

264 3675 500 3745 τόμενος,
554 3681 710 3742 αὐτὸς
750 3678 891 3749 ἦσθα
941 3684 969 3733 ὁ
1020 3684 1110 3735 καὶ
1151 3683 1257 3735 τῶν
1297 3686 1437 3756 ἀμφὶ
1469 3687 1694 3740 Μωῦσὲα
1730 3691 1822 3743 καὶ

274 3763 482 3834 Ἀαρὼν
512 3768 797 3821 ὑπακούων
830 3810 843 3833 ,
874 3762 967 3823 καὶ
993 3773 1091 3843 τῆς
1113 3773 1377 3844 τοσαύτης
1401 3776 1626 3841 ἐκείνοις
1658 3796 1821 3848 μετα-

261 3852 433 3918 διδοὺς
483 3857 812 3933 παρρησίας,
858 3861 1193 3937 ’ἱλεουμένοις
1235 3882 1293 3917 σε
1326 3866 1464 3936 ὑπὲρ
1492 3866 1585 3919 τοῦ
1617 3862 1819 3938 παρορ-

261 3943 502 4012 γίζοντος
531 3947 680 4013 λαοῦ,
716 3951 808 4002 καὶ
849 3952 1043 4024 πολλῆς
1086 3956 1280 4019 αὐτοὺς
1310 3946 1473 4021 ἀξιῶν
1513 3942 1815 4029 εὐμενείας.

261 4035 322 4088 El
347 4036 465 4107 γάρ
481 4040 573 4091 καί
595 4058 733 4093 τισιν
780 4043 1080 4108 ἀσθενείαις
1113 4048 1462 4122 περιέπιπτον
1493 4049 1569 4112 ὡς
1612 4050 1819 4122 ἀνθρω-

261 4126 496 4191 τοοι,,ὼς
539 4130 775 4199 Μωῦσῆς
824 4133 916 4184 ἐπὶ
962 4135 1025 4203 τῇ
1061 4118 1285 4205 ἆπὶστίᾳ
1332 4135 1426 4189 τοῦ
1466 4134 1682 4203 ὓδατος,
1713 4118 1817 4193 *καὶ

272 4213 478 4285 Ἀαρὼν
495 4218 586 4269 ἐπὶ
603 4221 666 4287 τῇ
692 4220 1029 4293 μοσχοποιίᾳ,
1060 4225 1145 4285 σὺ,
1162 4223 1244 4286 ὡς
1269 4226 1584 4293 παναγάθου
1614 4229 1815 4299 πατρὸς

263 4303 568 4370 πανάγαθος
611 4308 741 4370 υίὸς,
800 4308 955 4371 ἵλεως
1002 4306 1180 4375 αὐτοῖς
1235 4315 1436 4381 ὲγίνου,
1488 4316 1847 4397 συγγνώμην

262 4394 437 4463 νέμων
465 4399 530 4465 τῇ
565 4394 729 4467 θνητῇ
766 4398 1032 4477 ἀσθενείᾳ.
1064 4403 1173 4454 Kal
1206 4404 1454 4458 ἐκδικῶν
1492 4407 1589 4461 ἐπὶ
1622 4394 1832 4461 πάντα

262 4483 333 4545 τὰ
370 4486 806 4556 ἐπιτηδεύματα
842 4489 1056 4544 αὐτῶν.
1092 4492 1152 4548 Εί
1187 4495 1279 4547 καὶ
1312 4494 1494 4561 ἔδοξάν
1526 4516 1598 4561 τι,
1628 4500 1809 4569 φησιν,

265 4576 591 4659 ἁμαρτάνειν
638 4578 713 4641 ὡς
757 4578 1047 4649 ἄνθρωποι,
1079 4583 1193 4635 ἀλλ’
1228 4585 1503 4659 ἐπαίδευες
1532 4590 1725 4651 αὐτοὺς
1756 4592 1812 4641 ὲν

263 4658 343 4726 οἷς
372 4666 617 4731 παιδείας
658 4667 884 4722 ἐδέοντο.
926 4670 1208 4741 Ἥλέγχετο
1242 4658 1467 4745 γάρὲνπὶ
1494 4678 1592 4730 τοῦ
1614 4681 1811 4750 μόσχου

262 4752 580 4826 ἁμαρτήσας
620 4756 845 4828 ’Δαρὼν,
874 4762 966 4813 καὶ
993 4762 1229 4833 Μωῡσῆς
1260 4765 1353 4817 ἐπὶ
1386 4765 1478 4817 τοῦ
1500 4765 1689 4826 ὓδατος
1711 4768 1812 4839 τῆς

262 4841 583 4910 ἀντιλογίας.

338 4932 580 5000 ’Υψοῦτε
615 4936 829 5003 Κύριον
868 4940 968 4991 τὸν
1001 4942 1148 4993 Θεὸν
1182 4943 1373 5011 ἡμῶν,
1404 4944 1507 4995 καὶ
1548 4962 1809 5011 προσκυ-

256 5018 410 5075 νεῖτε
445 5025 531 5089 εὶς
579 5022 713 5090 ὄρος
744 5025 912 5088 ἅγιον
950 5031 1157 5103 αὑτοῦ,
1194 5032 1281 5084 ὅτι
1326 5032 1488 5100 ἆγ-ιος
1523 5035 1733 5101 Κύριος
1780 5041 1811 5090 ὁ

262 5110 403 5176 Θεὸς
429 5114 612 5183 ἡμῶν.
650 5117 825 5187 Μηδὲν
852 5120 1122 5182 ταπεινὸν,
1153 5124 1303 5197 φησι.
1347 5122 1435 5175 καὶ
1476 5124 1807 5194 ἀνθρώπινον

261 5202 496 5269 περὶτοῦ
532 5205 733 5277 Κυρίου
760 5210 997 5276 φρονεῖτε
1018 5226 1029 5239 ο
1062 5210 1177 5262 ἀλλ’
1214 5210 1404 5279 ὑψοῦτε
1439 5212 1597 5266 αὐτὸν
1631 5215 1807 5287 ὑψηλά

261 5287 386 5359 περὶ
446 5290 609 5344 αὐτοῦ
663 5293 997 5359 δοξάζοντες,
1058 5297 1150 5349 καὶ
1216 5298 1275 5350 τὸ
1329 5301 1613 5373 προσῆκον
1657 5302 1806 5373 αὐτῷ

259 5378 651 5447 προσενέγκατε
708 5385 887 5449 σέϐας.
921 5388 1079 5457 Ὀρος
1105 5388 1161 5439 δὲ
1197 5388 1347 5456 ἅγιον
1378 5390 1557 5453 ,πάλαι
1608 5372 1709 5461 μὲν
1742 5372 1805 5446 τὸ

260 5465 396 5520 Σιὼν
455 5470 716 5537 ἐκαλεῖτο,
764 5476 856 5529 νῦν
909 5478 965 5530 δὲ
1030 5478 1126 5548 τῆς
1168 5478 1490 5546 θεογνωσίας
1534 5481 1593 5534 τὸ

257 5554 398 5609 οὕτω
408 5555 514 5627 γὰρ
532 5564 623 5612 καὶ
650 5564 872 5627 Ἡσαΐας
888 5567 981 5619 καὶ
996 5567 1229 5636 Μιχαίας
1255 5565 1544 5621 ὲθέσπισαν
1560 5585 1576 5599 ·
1596 5570 1803 5625 Ἔσται

258 5647 327 5701 ἐν
342 5647 468 5715 ταῖς
484 5649 764 5717 sortimu-
789 5654 1026 5719 ἡμέραις
1038 5655 1295 5724 ἐμφανὲς
1306 5655 1369 5709 τὸ
1390 5657 1526 5722 ὄρος
1546 5658 1766 5724 Κυρίου
1784 5678 1797 5690 ·

332 5828 377 5867 ’,ι
413 5826 565 5882 “an,
605 5844 653 5893 γ²
692 5827 779 5882 46,
857 5831 898 5861 θ’
941 5830 1039 5885 lsa,
1086 5848 1118 5883 ιι
1140 5832 1223 5893 ..2
1252 5850 1263 5895 ;
1294 5830 1452 5886 Mich.
1488 5848 1573 5898 Iv,
1601 5832 1651 5885 Ι.

1927 3419 1980 3462 tu
2009 3411 2263 3477 propitius
2287 3411 2437 3480 fuisti
2458 3413 2555 3474 eis,
2579 3422 2628 3465 et
2656 3412 2911 3465 ulciscens
2941 3413 2996 3464 in
3021 3427 3195 3465 omnes
3222 3410 3471 3489 adiuven-

1925 3501 2088 3554 tiones
2110 3517 2319 3563 eorum.
2349 3501 2451 3565 Tu,
2486 3502 2679 3571 inquit,
2714 3501 2974 3579 Dominus
2999 3511 3052 3555 et
3081 3502 3220 3557 Deus
3262 3509 3467 3568 noster,

1923 3594 2160 3646 omnium
2186 3608 2301 3655 rex,
2340 3592 2486 3661 quia
2518 3592 2678 3647 nobis
2706 3577 3043 3662 prmdicaris,
3068 3592 3182 3660 ipse
3206 3606 3330 3647 eras
3376 3592 3471 3665 qui

1923 3682 2157 3750 Moysem
2194 3692 2247 3737 et
2301 3682 2567 3743 Aaronem
2624 3683 2968 3749 exaudiebas,
3003 3698 3065 3737 ac
3108 3689 3312 3735 tantam
3356 3684 3471 3738 illis

1922 3773 2158 3825 addebas
2188 3773 2460 3835 ﬁduciam,
2487 3786 2610 3826 cum
2655 3784 2706 3826 te
2735 3774 3083 3827 exacerbanli
3114 3771 3313 3840 populo
3342 3786 3470 3841 pro-

1920 3862 2111 3930 pitium
2163 3862 2467 3924 redderent,
2498 3863 2698 3931 quique
2726 3859 3049 3916 illos'multa
3096 3860 3469 3935 benevolentia

1918 3936 2233 4020 dignabere.
2268 3951 2489 4006 Etiamsi
2520 3953 2664 4008 enim
2709 3952 2763 4003 in
2810 3951 3072 4019 quaedam
3128 3945 3489 4003 inﬁrmitates

1919 4026 2246 4103 laberentur,
2284 4048 2469 4107 utpote
2495 4040 2761 4101 homines,
2781 4037 3231 4108 quemadmodum
3260 4035 3468 4108 Moyses

1917 4130 1973 4185 in
2006 4130 2433 4185 incredulitatem
2460 4131 2605 4185 circa
2639 4116 2855 4200 aquam,
2892 4137 2944 4185 et
2969 4130 3146 4183 Aaron
3173 4128 3226 4182 in
3262 4126 3468 4183 conﬂap

1917 4220 2118 4275 tionem
2170 4219 2356 4283 vituli;
2396 4230 2453 4275 tu
2494 4229 2553 4276 ut
2574 4222 2761 4291 optimi
2810 4220 2981 4290 patris
3016 4218 3252 4289 Optimus
3298 4218 3463 4286 ﬁlius,

1916 4296 2181 4385 propitius
2210 4310 2347 4379 ipsis
2387 4324 2531 4373 eras,
2564 4325 2627 4365 ac
2678 4311 2889 4364 mortali
2932 4308 3231 4364 inﬁrmitati
3253 4308 3463 4363 veniam

1916 4398 2270 4451 concedebas.
2330 4397 2397 4451 Et
2447 4398 2695 4452 ulciscens
2746 4400 2800 4452 in
2848 4409 3024 4452 onmes
3075 4396 3463 4452 adinventiones

1913 4502 2112 4540 eorum.
2163 4485 2408 4551 Etiamsi,
2440 4488 2634 4557 inquit,
2665 4496 2847 4558 utpote
2879 4480 3148 4551 homines,
3190 4489 3245 4541 in
3281 4486 3464 4557 aliqua

1916 4591 2147 4644 peccare
2164 4577 2503 4642 viderentur,
2528 4586 2586 4631 tu
2607 4579 2911 4649 castigabas
2937 4593 3054 4640 eos,
3084 4593 3206 4632 cum
3233 4563 3464 4647 castiga-

1914 4668 2060 4721 tione
2094 4682 2229 4737 opus
2258 4677 2393 4724 erat.
2421 4668 2554 4721 Nam
2604 4669 2672 4723 de
2702 4667 2933 4724 conﬂato
2961 4668 3130 4722 vitulo
3160 4667 3340 4722 Aaron
3374 4683 3462 4724 re-

1913 4756 2303 4826 darguebatur,‘
2332 4766 2386 4812 et
2417 4756 2627 4826 Moyses
2667 4758 2806 4827 apud
2832 4772 3039 4827 aquam
3076 4756 3462 4812 contradictio-

1915 4851 2015 4901 nis.

1985 4945 2145 4995 Vens.
2196 4941 2246 4994 9.
2297 4939 2539 4993 Exaltate
2569 4939 2845 4993 Dominum
2901 4939 3069 4995 Deum
3118 4948 3375 5003 nostrum,
3404 4950 3455 4993 et

1913 5034 2127 5086 adorata
2160 5032 2211 5083 in
2249 5040 2419 5083 monte
2448 5041 2629 5085 sancto
2666 5031 2804 5099 ejus,
2828 5032 3076 5101 quoniam
3104 5040 3314 5087 sanctus
3346 5028 3455 5082 Do-

1914 5123 2085 5173 minus
2116 5119 2250 5172 Deus
2294 5129 2488 5174 noster.
2518 5118 2680 5182 Nihil,
2731 5121 2924 5190 inquit,
2954 5119 3165 5174 humile
3182 5125 3237 5172 et
3265 5120 3458 5171 human

1911 5226 2040 5264 num
2063 5210 2129 5263 de
2145 5202 2372 5263 Domino
2415 5210 2646 5277 sentite;
2698 5210 2794 5265 sed
2838 5210 3053 5265 excelsa
3080 5208 3147 5262 de
3184 5207 3277 5261 illo
3304 5206 3456 5276 cogi-

1911 5308 2086 5354 tantes
2122 5301 2297 5368 ipsum
2346 5303 2597 5365 exaltnte,
2657 5301 2870 5371 ipsique
2909 5299 3152 5353 debitum
3202 5296 3453 5353 exhibete

1908 5392 2131 5445 cultum.
2159 5389 2310 5446 Mons
2338 5399 2515 5447 autem
2547 5401 2769 5446 sanctus
2797 5391 2923 5443 olim
2973 5386 3101 5442 Sion
3132 5388 3448 5448 vocabatur.

1908 5495 2051 5534 nunc
2083 5494 2209 5534 vero
2234 5481 2429 5535 divina:
2478 5480 2779 5535 sublimitas
2807 5477 3170 5547 cognitionis;
3202 5476 3275 5530 ita
3302 5474 3449 5529 enim

1908 5570 2074 5625 Isaias
2102 5576 2157 5624 e't
2200 5569 2449 5625 Micheas
2475 5569 2757 5624 vaticinati
2781 5575 2908 5622 sunt
2938 5584 2952 5618 :
2987 5565 3104 5620 Erit
3139 5566 3193 5619 in
3227 5564 3451 5618 novissi-

1908 5660 2005 5713 mis
2042 5658 2221 5715 diebus
2249 5660 2558 5728 manifestus
2600 5674 2748 5713 mons
2791 5651 3104 5719 Domini”;
3129 5654 3181 5709 id
3214 5662 3317 5718 est,
3351 5654 3467 5719 Dei.
