4372 6418
879 453 1010 512 12ὃῦ

1517 441 1777 499 EUSEBII
1808 439 2272 499 CESARIENSIS
2302 441 2451 501 OPP.
2483 440 2658 498 PARS
2687 439 2776 496 Ill.
2815 431 2886 480 4
2922 437 3323 495 EXEGETICA.

3901 441 4040 497 ιειο

878 567 1111 638 cognitio
1149 571 1328 631 apcrta
1378 560 1626 616 omnibus
1658 561 1780 616 erit.
1831 557 1964 614 Nam
2025 562 2140 630 ipse
2187 576 2398 632 quoque
2428 576 2472 628 Α
2498 578 2604 614 του·

2312 577 2398 632 [ue
2428 576 2472 628 Α
2498 561 2767 614 τουτέστιν
2805 561 2839 630 ὴ
2866 559 2959 612 τοῦ
2993 557 3126 612 Θεοῦ
3169 559 3366 627 γνῶσις
3395 558 3528 613 πᾶσι
3565 558 3695 630 δήλη
3733 560 4038 631 γενήσεται.

876 654 1164 725 Apostolus
1206 659 1442 709 montem
1494 649 1624 706 Sion
1666 651 2001 720 spiritualem
2052 654 2297 721 agnovit;
2329 655 2404 708 ait

876 747 1072 815 quippe
1104 761 1118 794 :
1153 743 1457 797 Accessistis
1485 741 1552 794 ad
1604 750 1826 795 montem
1870 739 2019 803 Sion,
2052 751 2099 794 et
2147 745 2404 798 civitatem

877 836 973 889 Dei
995 836 1219 898 visentis,
1269 832 1561 887 Jerusalem
1601 832 1906 885 caelestem‘.
1943 831 2199 887 Jubemur
2228 837 2404 905 itaque

878 940 972 994 pro
999 925 1190 980 collata
1217 921 1374 978 nobis
1402 938 1433 976 a
1461 921 1570 977 Deo
1587 923 1892 992 cognitione
1911 925 2013 994 ipsi
2037 925 2402 982 adorationem

877 1005 1109 1066 offerre:
1150 1011 1242 1080 qui
1299 1008 1558 1066 Dominus
1583 1022 1765 1065 noster
1807 1019 1911 1078 est,
1945 1015 2069 1082 quia
2122 1030 2219 1068 nos
2265 1019 2402 1071 servi

875 1101 993 1170 ejus
1021 1107 1236 1166 sumus;
1268 1108 1324 1155 et
1353 1099 1495 1155 Deus
1552 1101 1677 1166 item
1717 1109 1818 1165 est,
1842 1110 2036 1172 utpote
2068 1105 2264 1172 opifex.
2311 1111 2405 1158 At-

876 1207 981 1262 que
1002 1193 1077 1248 ita
1102 1191 1364 1262 spirituali
1391 1206 1539 1246 more
1562 1192 1826 1260 psalmum
1853 1192 2232 1263 intelligamus.

1033 1281 1346 1361 PSALMUS
1382 1298 1448 1354 IN
1487 1297 2022 1356 CONFESSIONEM.
2066 1299 2245 1356 xcux.

943 1388 1109 1445 Vens.
1144 1389 1197 1455 2,
1229 1391 1282 1444 3.
1342 1388 1572 1442 lubilate
1645 1387 1884 1455 Domino,
1926 1393 2090 1445 omnis
2150 1403 2305 1445 terra.
2351 1393 2406 1448 Id

875 1490 981 1545 est,
1003 1488 1187 1551 gentes
1215 1494 1334 1549 quae
1378 1479 1432 1533 in
1477 1488 1618 1532 terra
1663 1488 1787 1534 sunt
1814 1497 1826 1530 :
1857 1495 1976 1549 quae
2013 1482 2093 1535 his
2121 1484 2300 1537 verbis
2339 1484 2404 1537 ad

875 1572 1224 1644 pristinorum
1266 1577 1606 1640 peccatorum
1655 1568 2048 1624 confessionem
2089 1582 2403 1636 evocantur,

878 1660 933 1722 in
961 1660 1156 1730 quibus
1191 1657 1406 1728 quando
1451 1659 1714 1714 idolorum
1761 1661 1930 1716 errori
1991 1663 2181 1718 dedita:
2231 1674 2404 1727 erant,

875 1744 1270 1802 volutabantur.
1303 1747 1660 1813 Quamobrem
1714 1751 1954 1818 psalmus
1992 1751 2283 1820 inscriptus
2327 1760 2409 1808 est

872 1833 946 1894 In
974 1839 1366 1907 confessionem.
1406 1835 1606 1892 Seroite
1649 1837 1872 1893 Domino
1909 1842 1964 1894 in
1998 1839 2205 1903 latitia,
2239 1842 2408 1910 ipsius

875 1931 1003 2000 jugo
1026 1944 1121 1984 vos
1158 1927 1549 1982 submittentes.
1582 1926 1809 1983 Perinde
1845 1944 2073 1999 namque
2106 1939 2187 1985 est
2211 1933 2409 1985 servire

879 2020 1004 2089 ipsi,
1031 2025 1193 2086 atque
1243 2017 1442 2072 servire
1471 2017 1602 2082 luci,
1647 2027 1700 2072 et
1745 2018 1946 2074 servire
1987 2020 2128 2083 vitm,
2174 2021 2404 2084 veritati,

875 2109 1100 2180 justitia:
1124 2118 1177 2163 et
1210 2108 1479 2163 sanctitati
1513 2123 1526 2159 :
1563 2110 1674 2162 haec
1695 2109 1889 2179 quippe
1923 2099 2101 2164 Omnia
2149 2111 2407 2165 Dominus

879 2209 980 2253 est.
1015 2184 1231 2253 Introite
1258 2201 1310 2252 in
1351 2207 1623 2267 conspectu
1668 2199 1779 2268 ejus
1821 2203 1874 2254 in
1932 2202 2295 2256 exsultatione.
2352 2202 2407 2256 Si

880 2292 1002 2360 quis
1031 2300 1209 2346 autem
1235 2304 1344 2345 non
1398 2292 1597 2346 serviat
1632 2291 1735 2361 ipsi
1780 2291 1835 2344 in
1889 2292 2090 2359 laetitia.
2122 2308 2188 2346 ne
2218 2287 2415 2346 audeat

877 2382 1185 2452 conspectui
1213 2381 1330 2449 ejus
1359 2395 1418 2436 se
1440 2381 1652 2444 sistere,
1681 2381 1845 2435 illotis
1873 2381 2098 2449 pedibus
2129 2384 2196 2435 ad
2230 2383 2413 2438 Eccle-

879 2472 1017 2526 siam
1039 2469 1159 2538 ejus
1192 2469 1475 2523 accedens.
1516 2467 1712 2523 Scitote
1738 2466 1981 2539 quoniam
2019 2467 2271 2523 Dominus
2301 2471 2410 2539 ipse

880 2557 1114 2614 sst'Deus
1142 2573 1162 2612 :
1187 2559 1294 2627 ipse
1323 2558 1442 2628 fecit
1462 2576 1575 2623 nos,
1603 2568 1651 2614 et
1672 2575 1774 2613 non
1800 2559 1899 2629 ipsi
1921 2575 2035 2623 nos,
2056 2561 2272 2628 populus
2297 2563 2410 2630 ejus

879 2659 1283 2719 etompascute
1324 2667 1456 2719 ejus.
1488 2651 1619 2705 Cum
1677 2651 1818 2706 enim
1874 2653 2179 2706 noverimus
2235 2657 2409 2723 ipsum

878 2737 1068 2805 Deum,
1095 2740 1270 2807 ipsum
1296 2739 1576 2794 Dominum
1600 2755 1740 2807 esse,
1768 2746 1898 2793 tunc
1928 2755 2023 2810 per
2056 2739 2198 2793 illam
2228 2742 2414 2810 cogni-

880 2831 1078 2885 tionem
1101 2830 1158 2885 in
1182 2838 1523 2900 conspectum
1551 2831 1668 2899 ejus
1695 2831 1943 2900 ingressi,
1968 2830 2143 2901 ipsum
2168 2829 2410 2899 Opiﬁcem

881 2927 1126 2977 nostrum
1167 2936 1293 2994 esse
1331 2920 1720 2976 conﬁtebimur.
1760 2920 1928 2988 Quod.
1970 2922 2111 2976 enim
2173 2937 2278 2975 non
2314 2937 2413 2977 nos

880 3013 981 3080 ipsi
1027 3027 1127 3069 nos
1168 3012 1466 3076 faciamus,
1513 3011 1615 3065 etsi
1666 3017 1918 3065 auctores
1965 3011 2243 3067 videamur.
2294 3025 2413 3065 esse

881 3101 1243 3173 generationis
1279 3101 1594 3163 liberorum,
1645 3100 1770 3154 hinc
1818 3101 1993 3170 palam
2035 3110 2140 3167 est,
2167 3100 2310 3170 quod
2346 3116 2413 3154 ex

885 3198 1036 3263 patre
1053 3197 1108 3245 et
1131 3191 1300 3271 matre
1323 3190 1486 3261 geniti
1506 3188 1606 3244 Job
1630 3198 1681 3244 et
1704 3188 1893 3254 David,
1939 3190 2096 3244 ambo
2123 3199 2303 3243 tamen
2331 3187 2414 3242 di-
2439 3219 2481 3275 ρ

885 3287 1011 3334 cant
1038 3298 1052 3333 :
1083 3277 1274 3333 Manus
1305 3290 1405 3335 tua
1425 3281 1652 3348 fecerunt
1679 3297 1756 3333 me
1789 3288 1838 3333 et
1864 3279 2246 3347 plasmaverunt
2277 3296 2355 3333 me
2370 3280 2412 3343 ',

885 3385 948 3424 ac
967 3369 1209 3424 Ieremia
1235 3371 1347 3439 ipse
1391 3368 1532 3425 Deus
1562 3371 1635 3422 ait
1661 3387 1672 3419 :
1705 3370 1990 3439 Antequam
2045 3379 2090 3423 te
2138 3369 2418 3437 formarem

885 3457 938 3511 in
961 3466 1126 3525 utero,
1150 3460 1265 3512 novi
1299 3456 1400 3513 te’.
1433 3457 1563 3512 Nam
1596 3471 1981 3528 tisorequuaa
2032 3475 2216 3514 errore
2261 3459 2418 3513 ducta

890 3547 1002 3600 viro
1026 3561 1125 3601 suo
1160 3547 1372 3602 dicebat
1403 3565 1417 3600 :
1445 3547 1550 3600 Aut
1597 3547 1668 3599 da
1701 3547 1826 3599 mihi
1853 3547 2063 3608 liberos.
2108 3549 2191 3614 sin
2224 3549 2415 3610 minus,

887 3635 1058 3689 occide
1079 3651 1158 3689 ms
1174 3635 1216 3699 ⁵,
1249 3635 1355 3698 vir,
1382 3623 1503 3689 cuin
1531 3635 1746 3705 sapiens
1771 3643 1934 3698 esset,
1968 3636 2127 3690 docte
2175 3635 2421 3705 increpat

886 3722 972 3777 bis
1000 3724 1178 3778 verbis
1211 3738 1223 3772 :
1263 3720 1511 3792 Nunquid
1547 3738 1639 3791 pro
1661 3721 1768 3776 Deo
1789 3739 1878 3793 ego
1913 3723 2002 3775 tibi
2032 3740 2164 3790 sum,
2202 3727 2288 3795 qui
2314 3727 2422 3792 pri-

885 3811 1022 3861 vavit
1056 3815 1105 3878 te
1135 3806 1307 3873 fructu
1349 3805 1619 3859 ventris“!
1649 3806 1868 3861 Etiamsi
1917 3807 2057 3861 enim
2124 3816 2302 3876 patres
2348 3808 2424 3861 vl-

887 3899 1114 3950 deantur
1145 3896 1341 3951 liberos
1383 3911 1700 3967 procreare,
1727 3906 1779 3950 at
1808 3896 1948 3951 Deus
1983 3899 2104 3953 illos
2127 3898 2284 3952 cilicii
2317 3914 2327 3948 :
2360 3913 2421 3951 ac

888 3987 978 4040 ille
997 3985 1209 4054 quidem
1242 4000 1405 4039 causa
1425 3994 1526 4046 est,
1555 3987 1631 4040 illi
1673 4001 1802 4041 vero
1838 3997 2214 4058 cooperantur,
2240 3997 2423 4056 utpote

891 4074 1173 4144 quijussui
1193 4073 1313 4142 ejus
1346 4075 1594 4143 primitus
1623 4075 1749 4129 dato
1787 4077 2177 4131 obsecundent.
2223 4077 2423 4142 Quam-

889 4165 1074 4219 obrem
1105 4163 1259 4222 multi
1290 4164 1389 4216 etsi
1415 4162 1612 4216 liberos
1649 4165 1929 4232 suscipere
1973 4172 2276 4235 peroptent,
2313 4180 2422 4220 non

872 4260 1115 4324 possunt
1158 4260 1372 4306 tamen-
1417 4250 1770 4323 Symmachus
1812 4269 1942 4319 vero
1989 4256 2102 4307 ait:
2137 4254 2254 4323 Ipse
2303 4255 2424 4324 fecit

887 4360 1005 4409 nos,
1032 4361 1134 4398 non
1155 4345 1478 4404 exsistentes.
1504 4342 1616 4397 Nos
1635 4353 1803 4398 autem
1831 4347 2047 4412 populus
2075 4363 2283 4414 pascua:
2310 4347 2422 4414 ejus

888 4445 936 4488 et
958 4445 1070 4490 oses
1100 4453 1284 4491 manus
1311 4437 1475 4490 illius.
1508 4435 1604 4490 His
1627 4450 1755 4490 vero
1785 4450 1890 4489 non
1909 4437 2236 4493 dominatum
2266 4437 2425 4491 modo

2505 649 2623 707 Οἷδε
2646 652 2750 722 γὰρ
2780 653 2870 704 καὶ
2893 654 2922 704 6
2961 648 3275 712 ’.Δτοόοτολος
3299 650 3482 720 νοητὸν
3504 650 3625 721 δρος
3654 648 3791 703 Σιών
3807 667 3820 680 ·
3849 653 4042 718 Προσ-

2503 743 2829 810 εληλύθατε
2855 740 2962 812 γὰρ
2980 740 3099 808 ὄρει
3144 740 3296 797 Σιὼν
3327 740 3423 794 καί
3452 742 3619 794 πόλει
3663 741 3806 794 Θεοῦ
3833 739 4044 810 ζῶντος

2517 828 2894 898 Ἰερουσαλὴμ
2947 829 3295 896 ἐπουρανίῳ.
3358 827 3808 899 Προστετάγμεθα
3867 828 4044 883 τοίνυν

2503 921 2644 974 κατὰ
2673 921 2767 990 τὴν
2794 920 3030 972 δοθεῖσαν
3047 921 3173 989 ἡμῖν
3198 919 3299 971 ὑπὸ
3334 917 3466 970 Θεοῦ
3497 917 3694 986 γνῶσιν
3726 917 4046 989 προσφέρειν

2504 1009 2649 1079 αὐτῷ
2682 1009 3072 1080 προσκύνησινο
3105 995 3174 1071 λός
3212 1009 3304 1061 καὶ
3351 1007 3548 1076 Κύριος
3590 1007 3746 1078 ἡμῶν
3797 1009 3940 1062 ἑστιν
3967 1007 4042 1072 ὡς

2505 1099 2720 1161 δούλων,
2749 1100 2839 1151 καὶ
2867 1098 2995 1160 Θεὸς
3017 1099 3089 1160 ὼς
3125 1098 3383 1166 πλάστης.
3425 1098 3560 1150 Ἀλλ’
3588 1099 3726 1153 οὕτω
3765 1099 3862 1171 μὲν
3886 1115 4042 1154 πνευ-

2509 1185 2875 1256 ματικώτερον
2897 1184 2986 1238 τὸν
3007 1184 3215 1255 ψαλμὸν
3247 1187 3552 1256 νοήσαιμεν.
3755 1178 3759 1182 ’

2713 1299 3003 1354 ΨΔΛΜΟΣ
3032 1299 3139 1351 ΕΙΣ
3160 1299 3695 1354 ΕΞΟΜΟΔΟῙἪΣῙΝ.
3726 1299 3838 1366 k9.

2587 1389 2946 1453 Ἀλαλάξατε
2974 1387 3051 1453 τῷ
3086 1390 3276 1455 Κυρίῳ
3311 1389 3475 1444 πᾶσα
3500 1393 3536 1458 ἠ
3571 1390 3669 1460 γῆ.
3702 1391 3952 1445 Τουτέστι
3977 1393 4048 1447 τὰ

2507 1480 2598 1532 ἐπὶ
2617 1483 2716 1549 γῆς
2750 1479 2872 1549 ἔθνη
2894 1496 2906 1508 °
2941 1480 3032 1532 καὶ
3062 1479 3150 1530 διὰ
3171 1479 3371 1530 τούτων
3399 1479 3653 1549 κέκληται
3683 1477 3775 1531 ἐπὶ
3801 1477 4050 1548 ἐξομολό-

2505 1587 2663 1640 γησιν
2690 1569 2797 1623 τῶν
2831 1567 3103 1639 προτέρων
3155 1569 3581 1638 ἁμαρτημάτων,
3631 1569 3687 1620 έν
3725 1561 3805 1629 οἷς
3841 1567 4052 1624 ἐκαλιν-

2505 1660 2688 1713 δοῦντο
2734 1661 2821 1712 ὅτε
2877 1661 2945 1729 τῇ
2991 1657 3354 1728 είδωλολάτρῳ
3405 1661 3689 1728 προσεῖχον
3731 1657 3923 1729 πλάνῃ.
3961 1657 4053 1710 Διὸ

2508 1747 2904 1818 ἐπιγέγραπται
2955 1747 3162 1816 ψαλμὸς
3187 1751 3289 1814 Εἰς
3324 1748 3774 1816 ἐξομολόγησιν.
3801 1749 4052 1802 devolet}-

2509 1852 2652 1889 σατε
2685 1836 2762 1901 τῷ
2793 1837 2988 1902 Κυρίῳ
3024 1835 3092 1888 ἐν
3143 1838 3505 1904 εὐφροσύνῃ,
3547 1835 3896 1898 ὑποϐαλόντες
3931 1836 4054 1888 ἑαυ-

2508 1925 2631 1988 τοὺς
2652 1925 2729 1995 τῷ
2760 1926 2924 1980 αὑτοῦ
2969 1925 3137 1996 ζυγῷ.
3175 1928 3394 1996 Ὅμοιον
3421 1928 3528 1997 γάρ
3562 1928 3678 1979 ἐστι
3705 1927 3765 1979 τδ
3791 1925 4055 1981 δουλεύειν

2508 2017 2653 2086 αὐτῷ
2685 2017 2760 2087 τῷ
2815 2016 3079 2070 δουλεύειν
3131 2015 3299 2085 φωτὶ,
3362 2018 3453 2069 καὶ
3499 2015 3762 2069 δουλεύειν
3803 2015 3913 2087 ζωῇ
3963 2017 4056 2071 καὶ

2506 2105 2750 2175 ἀληθεία,
2793 2106 3231 2178 καὶδικαιοσύνῃ
3273 2105 3365 2158 καὶ
3408 2106 3694 2175 ἁγιασμῷσ
3731 2107 3905 2170 πάντα
3946 2107 4055 2178 γὰρ

2506 2195 2677 2249 ταῦτά
2707 2197 2852 2250 ἐστιν
2890 2198 2917 2248 6
2971 2197 3189 2266 Κύριος.
3238 2196 3548 2251 Είσέλθετε
3586 2196 3834 2251 ἐνώπιον
3871 2197 4056 2252 αὑτοῦ

2507 2287 2577 2339 ἐν
2600 2285 2966 2355 ἀγαλλιάσει.
3013 2288 3073 2339 El
3115 2287 3173 2340 δέ
3218 2305 3298 2349 τις
3338 2287 3409 2357 μὴ
3437 2287 3670 2341 δουλεύοι
3702 2287 3845 2358 αὑτῷ
3885 2290 3942 2342 ὲν
3969 2291 4058 2342 εύ-

2509 2374 2766 2445 φροσύνῃ,
2802 2374 2876 2444 μὴ
2902 2373 3150 2444 τολμάτω
3185 2374 3435 2443 παριέναι
3474 2372 3700 2425 ἐνώπιον
3735 2372 3916 2438 αὐτοῦ,
3945 2374 4058 2426 ἀνί-

2479 2455 2662 2526 ’πτοις
2714 2465 2837 2515 ποσὶ
2874 2461 3227 2531 παραϐάλλων
3260 2464 3338 2524 είς
3371 2461 3467 2532 τὴν
3505 2462 3828 2532 Ἐκκλησίαν
3871 2461 4053 2515 αὑτοῦ.

2510 2552 2707 2604 Γνῶτε
2745 2551 2834 2606 ὅτι
2881 2553 3094 2619 Κύριος
3134 2552 3313 2616 αὐτός
3356 2551 3522 2604 ἐστιν
3569 2555 3601 2604 d
3663 2552 3839 2617 Θεός·
3877 2550 4058 2618 αὐτὸς

2509 2636 2792 2703 ἐποίησεν
2839 2637 3012 2706 ἡμᾶς,
3059 2639 3157 2691 καὶ
3200 2641 3309 2707 οὐχ
3339 2638 3525 2704 ἡμεῖς,
3569 2639 3716 2705 λαὸς
3739 2632 3923 2693 αὑτοῦ
3959 2639 4057 2694 καὶ

2510 2727 2768 2793 πρόϐατα
2793 2727 2977 2796 νομῆς
2996 2727 3197 2783 αὑτοῦ.
3229 2729 3400 2782 Ὅταν
3423 2729 3528 2800 γὰρ
3550 2728 3760 2798 γνῶμεν
3789 2728 3868 2780 ὅτι
3901 2727 4060 2791 αὐτὸς

2511 2817 2639 2881 Θεός
2669 2819 3016 2883 ὲστιν,ἀὺτὸς
3040 2822 3068 2872 6
3100 2820 3319 2891 Κύριος,
3361 2821 3422 2874 τδ
3451 2819 3698 2889 τηνικάδε
3760 2818 3920 2874 αὐτοῦ
3963 2817 4057 2872 τοῦ

2510 2908 2790 2977 γινώσκειν
2815 2907 3037 2961 ἐνώπιον
3062 2909 3222 2961 αὑτοῦ
3251 2899 3678 2979 εἰσεληλυθότες,
3708 2909 3802 2960 καὶ
3833 2907 4060 2980 ποιητὴν

2512 2999 2714 3052 ἑαυτῶν
2733 2999 3127 3069 ὁμολογήσομεν
3143 2999 3316 3051 αὐτόν.
3343 2999 3464 3051 Ὀτι
3478 2997 3534 3051 δὲ
3549 2997 3644 3066 οὐχ
3662 2999 3818 3068 ἡμεῖς
3841 2999 4060 3062 ἑαυτοὺς

2513 3090 2790 3159 ποιοῦμεν,
2807 3089 2906 3142 κᾶν
2933 3091 3092 3142 αίτιοι
3115 3089 3354 3160 δοκῶμεν
3376 3089 3656 3158 τυγχάνειν
3683 3087 3782 3158 τῆς
3806 3087 3912 3142 τῶν
3936 3080 4062 3144 παι-

2510 3181 2613 3234 δων
2641 3181 2918 3248 γενέσεως,
2966 3179 3122 3250 δῆλον
3178 3179 3456 3233 ἐντεῦθενο
3484 3182 3547 3234 ὲκ
3590 3178 3791 3251 πατρὸς
3825 3177 3932 3250 γὰρ
3967 3179 4062 3234 καὶ

2519 3271 2720 3342 μητρὸς
2759 3271 3034 3339 γενόμενοι
3071 3267 3188 3322 Ἰὼδ
3233 3271 3324 3322 καὶ
3373 3269 3552 3332 Δαυῒδ,
3596 3271 3756 3338 φασιν
3791 3268 4058 3341 ἑκάτεροι,

2514 3365 2582 3415 Αἱ
2609 3359 2796 3429 χεῖρές
2821 3373 2934 3412 σου
2981 3358 3273 3425 ἐποίησάν
3299 3375 3374 3426 με
3418 3359 3514 3411 καί
3539 3356 3814 3413 ἕπλασάν
3838 3377 3942 3428 με·
3966 3360 4062 3414 καὶ

2515 3451 2648 3522 πρὸς
2688 3449 2950 3521 Ἱερεμίαν
2981 3447 3138 3512 αὐτὸς
3163 3449 3190 3499 6
3221 3447 3369 3510 Θεὸς,
3420 3446 3538 3515 Πρὸ
3585 3447 3689 3501 τοῦ
3725 3464 3804 3517 με
3835 3446 4063 3503 πλάσαι

2515 3556 2588 3594 σε
2616 3541 2916 3604 oratoriis,
2962 3539 3282 3606 ἐπίσταμαί
3315 3554 3408 3592 σε.
3444 3539 3521 3609 Τῇ
3553 3537 3679 3606 γοῦν
3715 3538 4063 3610 ἐσφαλμένοις

2515 3629 2739 3700 λεγούσῃ
2761 3629 2835 3698 τῷ
2856 3630 3105 3699 ἀνδρὶ,Ἦ
3122 3628 3224 3694 δός
3250 3646 3350 3698 μοι
3380 3629 3574 3693 τέκνα,
3606 3632 3655 3683 εί
3688 3628 3755 3684 δὲ
3779 3629 3887 3699 μὴ,
3916 3630 4054 3684 ἀπό-

2517 3723 2747 3775 κτεινόν
2762 3737 2858 3788 με,
2890 3720 3046 3787 σοφὸς
3061 3721 3135 3771 ὢν
3172 3722 3200 3771 6
3243 3721 3404 3792 ἀνὴρ,
3442 3721 3778 3789 δογματικῶς
3814 3722 4058 3792 ἐπιτιμᾷ,

2485 3856 2488 3860 .
2515 3812 2611 3880 Μὴ
2635 3811 2765 3864 ἀντὶ
2793 3809 2948 3866 ,Θεοῦ
2991 3824 3088 3862 σοι
3121 3808 3236 3877 ειμι
3264 3808 3395 3876 ἐγὼ,
3429 3808 3494 3874 δς
3512 3809 3797 3877 ἐστέρησέ
3824 3825 3896 3864 σε
3929 3827 4064 3877 καρ-

2518 3897 2634 3950 πὸν
2654 3897 2917 3958 atat-ﬂag;
2940 3895 3002 3948 Εί
3031 3895 3136 3966 γὰρ
3161 3895 3253 3948 καὶ
3280 3895 3520 3948 δοκοῦσιν
3544 3897 3593 3949 oi.
3634 3900 3863 3968 πατέρες
3895 3898 4063 3952 ποιεῖν

2518 3987 2784 4048 τὰτέκνα,
2820 3986 2933 4039 ἀλλ’
2964 3982 3055 4039 οὖν
3094 3986 3123 4037 6
3168 3985 3298 4049 Θεὸς
3346 3985 3514 4038 ταῦτα
3541 3988 3707 4038 ποιεῖ’
3743 3988 3837 4039 καὶ
3884 3987 3913 4037 6
3965 3985 4064 4057 μὶν

2517 4078 2702 4141 αίτιος,
2736 4079 2783 4129 οἱ
2805 4076 2860 4130 δὲ
2885 4076 3160 4142 συναίτιοι,
3195 4077 3269 4140 ὡς
3299 4077 3375 4148 τῷ
3401 4076 3458 4143 ἐξ
3486 4077 3655 4146 ἀρχῆς
3687 4075 3847 4129 αὐτοῦ
3881 4077 4063 4131 διακο-

2517 4167 2727 4230 νοῦντες
2755 4163 3147 4238 προστάγματι.
3175 4166 3272 4219 Διὰ
3301 4166 3456 4220 τοῦτο
3505 4167 3701 4230 πολλοὶ,
3735 4167 3906 4221 καίτοι
3947 4170 4063 4222 επι-

2520 4258 2809 4329 θυμοῢντες
2842 4256 3189 4319 παιδοποιεῖν,
3217 4258 3275 4309 οὐ
3305 4256 3570 4331 δύνανται.
3609 4257 3672 4327 ὈΔ
3693 4258 3749 4310 δὲ
3776 4257 4064 4328 Σύμμαχος

2520 4366 2705 4420 φησιν,
2757 4347 2947 4414 Αὐτὸς
2980 4348 3263 4414 ἐποίησεν
3303 4347 3460 4418 ἡμᾶς
3499 4353 3608 4402 οὐκ
3660 4348 3862 4412 ὄντας-ν
3895 4347 4062 4416 ἡμεῖς

2519 4440 2586 4492 δὲ
2620 4437 2767 4504 λαὸς
2792 4435 2980 4505 νομῆς
3010 4437 3193 4491 αὐτοῦ
3229 4439 3325 4492 καὶ
3358 4439 3614 4505 πρόσατα
3637 4436 3831 4506 χειρὸς
3858 4436 4058 4495 αὑτοῦ.

893 4538 1079 4591 suum;
1135 4526 1231 4583 sed
1277 4527 1439 4578 etiam
1485 4524 1875 4594 providentiam
1935 4539 2086 4581 suam
2127 4523 2415 4577 indicavit:
2447 4529 2616 4622 Dm

2337 4525 2415 4577 it:
2447 4563 2497 4622 υ
2523 4529 2616 4582 Διὰ
2663 4527 2863 4582 τούτων
2905 4527 2964 4579 οὐ
3007 4527 3163 4596 μόνον
3189 4527 3285 4597 τὴν
3325 4526 3654 4588 δεσποτείαν,
3693 4525 3825 4578 ἀλλὰ
3855 4526 3946 4578 καὶ
3965 4524 4063 4597 τὴν

889 4629 1000 4668 non
1043 4615 1216 4668 solum
1259 4617 1401 4669 enim
1452 4614 1714 4671 Dominus
1771 4627 1953 4673 uoster
1999 4613 2232 4676 est;sed
2261 4617 2422 4667 etiam

888 4713 1076 4776 pastor
1101 4719 1223 4759 cum
1252 4709 1342 4766 sit.
1394 4708 1531 4760 bona
1560 4705 1716 4759 nobis
1745 4720 1943 4774 pascua
1969 4705 2141 4760 otl'ert.
2182 4703 2294 4756 Nos
2324 4720 2422 4755 au-

892 4807 993 4851 tem
1037 4798 1256 4866 populus
1301 4797 1433 4865 ejus,
1479 4805 1663 4866 utpote
1691 4797 2017 4866 regis;oves
2075 4806 2252 4850 autem
2280 4795 2420 4863 ejus,

892 4898 1076 4957 utpote
1103 4889 1336 4957 pastoris
1373 4903 1385 4938 :
1422 4882 1652 4957 populus
1683 4898 1828 4950 sunt,
1861 4888 1953 4956 qui
1982 4889 2230 4942 meliores
2250 4895 2303 4941 et
2331 4900 2419 4938 ra-

891 4975 1292 5039 tionabiliores;
1319 4989 1445 5028 oves
1492 4984 1692 5042 autem,
1723 4977 1815 5046 qui
1869 4977 1935 5029 iis
1967 4975 2249 5031 inferiores
2273 4983 2418 5043 sunt,

892 5073 947 5117 et
977 5063 1478 5117 irrationabiliorem
1509 5065 1748 5119 ordinem
1771 5066 2039 5127 obtinent,
2077 5081 2250 5134 neque
2282 5067 2422 5120 divi-

895 5168 1085 5208 norum
1134 5157 1472 5209 oraculorum
1521 5156 1676 5224 periti
1721 5165 1880 5223 sunt;
1917 5156 2210 5212 secundum
2244 5156 2411 5211 illud:

896 5242 1084 5296 Επιιυὶ
1112 5243 1242 5294 sicut
1263 5246 1369 5297 ouis
1396 5261 1508 5313 qua:
1532 5245 1680 5312 periit
1697 5246 1735 5298 ⁸.
1760 5233 2017 5300 Caeterum
2039 5263 2159 5301 cum
2180 5249 2416 5301 omnium

897 5329 1054 5385 Deus.
1069 5340 1123 5385 et
1154 5336 1398 5388 conditor
1425 5337 1516 5398 sit,
1551 5336 1727 5389 omnia
1761 5343 1937 5399 vocat,
1971 5339 2146 5391 omnia
2171 5338 2270 5392 sibi
2297 5353 2422 5407 pro—

903 5419 1013 5488 pria
1032 5418 1208 5475 edicit.
1235 5419 1479 5477 Homines
1497 5427 1690 5495 quippe
1717 5435 1766 5479 et
1785 5425 2023 5494 jumento
2044 5429 2209 5481 salvat
2226 5412 2362 5481 Deus
2380 5429 2422 5492 ’ἱ

904 5513 1025 5567 illos
1044 5516 1279 5583 quidem,
1303 5523 1360 5568 ut
1396 5521 1650 5586 populum
1687 5535 1881 5587 suum;
1915 5521 2006 5574 illa
2037 5536 2183 5584 vero,
2221 5529 2278 5576 ut
2297 5535 2426 5576 oves

907 5615 1093 5659 manus
1120 5620 1248 5662 8112.
1863 5626 1868 5627 ⁷

2478 4609 2492 4685 Ῐ
2523 4609 2840 4690 κηδεμονίαν
2872 4615 3190 4687 ἐγνώρισεν
3213 4616 3273 4668 οὐ
3304 4615 3459 4685 μόνον
3489 4615 3595 4685 γὰρ
3625 4615 3777 4686 ἡμῶν
3807 4615 4064 4688 δεσπότης

2524 4711 2689 4771 ἔστὶν,
2719 4707 2852 4761 ἀλλὰ
2875 4709 2967 4760 καὶ
2987 4705 3204 4776 ποιμὴν,
3225 4705 3321 4775 τὴν
3345 4705 3548 4775 ἀγαθὴν
3573 4708 3604 4777 ὴ
3614 4707 3724 4777 μῶν
3749 4707 4064 4778 προσφέρων

2523 4802 2710 4870 νομήν.
2764 4798 2949 4868 Ἡμεῖς
2989 4797 3054 4850 δὲ
3074 4798 3220 4862 λαὸς
3261 4796 3465 4863 αὐτοῦ,
3503 4799 3577 4862 ὡς
3615 4798 3893 4869 βασιλέως,
3943 4797 4064 4868 πρό⁸

2524 4889 2660 4942 ϐατα
2695 4889 2749 4942 δὲ
2773 4889 2848 4952 ὡς
2875 4888 3125 4958 ποιμένος
3144 4904 3156 4918 ο
3188 4887 3312 4949 λαὸς
3339 4889 3385 4939 οἱ
3419 4889 3691 4960 κρείττους
3717 4888 3810 4939 καὶ
3841 4886 4065 4954 λογικώ-

2523 4996 2667 5050 τεροι
2685 4997 2696 5009 ⁸
2729 4977 2970 5050 πρόϐατα
2982 4979 3029 5030 οἱ
3050 4978 3462 5048 ὑποϐεϐηκότες,
3485 4978 3578 5031 καὶ
3604 4978 3700 5048 τὴν
3731 4976 4063 5048 ἀλογωτέραν

2526 5069 2672 5132 τάξιν
2718 5071 3022 5138 ἐπέχοντες,
3061 5069 3254 5137 καὶμὴ
3313 5070 3368 5120 ὲν
3395 5067 3558 5137 πείρᾳ
3597 5066 3701 5119 τῶν
3725 5065 3879 5119 θείων
3917 5068 4065 5130 ὄντες

2525 5159 2743 5225 λογίων·
2781 5159 2919 5213 κατὰ
2958 5158 3036 5218 τὸ,
3079 5157 3453 5224 Ἑπλανήθην
3498 5157 3880 5223 ὠςπρόϐατον
3919 5158 4064 5211 ἀπο-

2525 5253 2732 5316 λωλός.
2792 5251 2935 5320 Πλὴν
2981 5248 3113 5302 ἀλλά
3167 5249 3379 5300 πάντων
3430 5244 3558 5307 Θεὸς
3589 5245 3661 5297 ὢν
3695 5247 3784 5300 καὶ
3817 5246 4061 5317 ποιητὴς,

2528 5341 2700 5394 πάντα
2721 5340 2868 5393 καὶεῖ
2906 5340 2997 5392 καὶ
3033 5335 3397 5402 ὲξοικειοῦται.
3438 5333 3798 5403 ’ᾼνθρώπους
3834 5337 3938 5408 γὰρ
3967 5337 4064 5390 καὶ

2527 5431 2712 5497 κτήνη
2769 5427 2932 5489 σώζει
2972 5432 3004 5482 ό
3037 5428 3206 5492 Θεός·
3247 5427 3368 5488 τοὺς
3398 5425 3515 5496 μὲν,
3545 5427 3618 5489 ὡς
3645 5427 3768 5480 λαὸν
3787 5427 3970 5490 αὑτοῦ,
3997 5425 4067 5480 τὰ

2528 5521 2603 5583 δὲ,
2632 5521 2706 5584 ὡς
2735 5519 2976 5591 πρόῦατα
3005 5518 3184 5590 χειρὸς
3209 5515 3389 5568 αὐτοῦ.

973 5716 988 5743 ¹
1026 5714 1447 5796 'Hebr._x_i_t,_22_.
1524 5723 1557 5796 '_
1580 5721 1722 5796 lissi.
1752 5741 1915 5778 csvm
1937 5767 1952 5789 ,
1986 5726 2084 5796 7737;
2115 5725 2374 5796 JODAYlIl,
2408 5726 2493 5780 10.
2567 5727 2587 5756 ³
2614 5724 2699 5796 plet

2339 5768 2374 5792 η,
2408 5726 2493 5780 10.
2567 5727 2587 5756 ³
2614 5724 2816 5796 Jerem.
2851 5741 2908 5792 ι,
2949 5725 2997 5779 5.
3076 5724 3098 5755 ⁸
3135 5721 3266 5778 Gen.
3320 5738 3456 5790 su,
3496 5725 3541 5776 ι.
3569 5722 3773 5792 'V'ulg.,
3833 5717 4065 5788 alioquin

907 5789 1119 5844 morior.
1193 5789 1216 5821 ⁸
1253 5791 1378 5845 ibid.
1411 5791 1464 5844 2.
1540 5791 1559 5823 ⁶
1597 5790 1734 5865 Psal.
1771 5810 1932 5850 cxvm
1973 5795 2090 5853 176.
2163 5797 2194 5867 ⁷,
2220 5789 2370 5853 ,Ρεαιζ
2402 5812 2573 5851 xxxv.
2610 5795 2656 5850 7.
