4372 6406
324 409 449 508 ..η
889 455 895 462 ·
1445 446 1935 506 εονιιεκτιιιιλ
1970 448 2037 503 ιιι

1767 446 1935 504 ἈιιιΑ
1970 448 2037 503 ιη
2066 445 2395 507 Ροειιισε.
2596 456 2599 457 ⁷
3360 457 3493 511 1242

390 566 700 622 εἰσαθατε
751 570 838 634 είς
879 568 983 634 τὰς
1019 571 1213 633 avlai;
1241 567 1425 621 αὐτοῦ
1476 567 1544 620 ἐν
1576 566 1852 633 ἐξομολο-
1879 571 1926 628 Α
2024 565 2116 620 Vel

1765 568 1926 628 ιο-Α
2024 565 2188 623 Vsus.
2247 568 2303 623 ι.
2372 552 2807 642 ιηηηοιιερονίαε
2865 568 2982 637 ejus
3028 569 3086 622 in
3141 567 3491 640 confessione,

321 651 512 724 τήσει,
552 657 632 721 εις
661 658 766 722 τὰς
806 659 994 722 αὐλὰς
1020 657 1202 710 αὑτοῦ
1237 658 1307 710 ἐν
1361 656 1586 725 ὕμνοις.
1645 657 1864 724 Μνημο-
1965 668 2047 710 atr

1771 671 1864 724 μο-
1965 659 2105 710 atria
2132 658 2245 726 ejus
2268 659 2323 711 in
2349 658 2576 728 hymnis.
2619 656 3070 725 Commemorate,
3111 660 3304 730 inquit,
3328 664 3491 727 mala,

323 744 524 808 νεύετε,
546 747 696 815 φησι,
717 747 822 799 τῶν
855 747 1057 810 κακῶν,
1088 749 1144 799 ἐν
1175 743 1252 810 οἷς
1285 746 1499 817 πρῶτον
1529 745 1862 810 δξιτάζεσθε,

327 833 416 888 δτι
439 835 651 906 μακρὰν
675 838 988 905 ἐτυγχάνετε
1012 837 1103 888 τοῦ
1127 838 1327 904 Κυρίου
1356 838 1444 905 ὑφ’
1469 836 1670 907 ἑτέροις
1685 836 1867 888 δεσπό-

329 938 446 986 ταις
476 927 727 994 πονηροῖς
751 925 1019 994 ἀγόμενοι.
1051 926 1138 977 Διὸ
1166 927 1240 988 ὡς
1273 926 1702 997 περιρραντηρίῳ
1722 925 1863 996 χρώ-

334 1030 479 1083 μινοι
498 1018 561 1086 τῇ
589 1016 693 1068 τῶν
719 1017 992 1086 προτέρων
1024 1016 1373 1086 ἀσεϐημάτων
1404 1015 1656 1085 ὁμολογίᾳ
1700 1014 1862 1068 εῐσιτε

325 1106 404 1167 είς
426 1104 522 1168 τὰς
569 1106 737 1168 πύλας
781 1105 940 1159 αὐτοῦ
970 1105 1291 1176 θαρροῦντες
1315 1124 1328 1137 ο
1354 1108 1433 1158 ὅτι
1480 1105 1614 1174 μετὰ
1644 1106 1741 1169 τὰς
1770 1106 1864 1158 πύ-

325 1189 440 1254 λας,
471 1192 709 1243 τουτέστι
756 1191 890 1260 μετὰ
926 1191 1020 1254 τὰς
1043 1193 1210 1263 ἀρχὰς
1237 1195 1330 1246 καὶ
1362 1193 1456 1255 τὰς
1496 1189 1713 1262 πρώτας
1756 1194 1863 1244 είσ-

326 1277 476 1343 όδους
496 1281 594 1348 τῆς
627 1280 719 1332 τοῦ
751 1281 880 1334 Θεοῦ
909 1281 1167 1346 δουλείας,
1199 1285 1277 1345 είς
1303 1285 1369 1337 τὰ
1391 1283 1632 1335 ἐνδότατα
1653 1285 1744 1336 καὶ
1766 1283 1862 1346 τὰς

321 1365 486 1427 αὐλὰς
525 1366 892 1436 παρελθόντες,
928 1370 1106 1422 οὐκέτι
1141 1369 1400 1441 χρήσεσθε
1443 1372 1506 1438 τῇ
1547 1369 1861 1439 ἐξομολογή-

325 1467 422 1516 σει,
470 1453 581 1506 ἀλλ’
640 1455 817 1524 ὕμνοις
869 1456 1051 1509 λοιπὸν
1084 1464 1192 1521 τοῖς
1241 1462 1317 1521 είς
1356 1459 1511 1510 αὐτὸν
1553 1459 1856 1528 σχολάσετε.

325 1542 529 1612 Ὠσπερ
562 1543 737 1612 μέντοι
772 1547 990 1600 εἰσιέναι
1024 1547 1101 1601 δεῖ
1139 1551 1396 1619 πρότερον
1427 1550 1504 1611 είς
1536 1549 1630 1610 τὰς
1669 1548 1856 1612 πύλας,

322 1626 442 1683 εἶτα
467 1634 546 1694 είς
572 1632 669 1696 τὰς
695 1635 877 1699 αὐλὰς,
925 1636 1092 1699 οὕτως
1131 1640 1557 1708 ἐξομολογεῖσθαι
1602 1640 1858 1709 πρότερον

321 1719 424 1790 χρὴ
450 1720 517 1774 τὰ
547 1723 926 1794 ἁμαρτήματα,
969 1723 1084 1780 εἶτα
1117 1730 1299 1798 ὑμνεῖν
1325 1729 1415 1780 τὸν
1457 1729 1605 1793 Θεὸν,
1639 1730 1722 1781 ἵνα
1744 1767 1756 1789 ,
1792 1731 1855 1798 τῇ
1880 1736 1884 1741 ’

1963 749 2018 801 in
2042 749 2240 817 quibus
2274 751 2425 817 prius
2460 747 2845 814 versabamini,
2874 749 3090 820 quando
3133 750 3201 803 ab
3226 752 3345 807 aliis
3369 769 3495 822 pra-

1961 839 2045 893 vis
2095 839 2329 894 dominis
2373 839 2613 905 abducti,
2637 840 2824 908 procul
2880 855 2912 893 α
2965 838 3189 895 Domino
3231 843 3494 912 agebatis.

1962 928 2142 996 Quare
2163 931 2506 999 pristinarum
2542 931 2875 998 impietatum
2896 931 3257 995 confessione,
3287 948 3380 987 seu
3405 949 3497 992 as-

1963 1020 2186 1088 pergillo
2207 1020 2314 1090 usi,
2344 1018 2688 1088 ingredimini
2716 1027 2901 1089 portas
2931 1021 3049 1090 ejus
3100 1036 3222 1075 cum
3255 1021 3444 1080 ﬁducia
3476 1043 3489 1078 :

1960 1109 2086 1178 quia
2139 1103 2434 1165 secundum
2481 1116 2688 1178 portas,
2743 1109 2797 1163 id
2842 1119 2949 1173 est,
3000 1113 3412 1184 postprincipia
3440 1123 3494 1169 et

1961 1201 2164 1268 primos
2193 1201 2469 1254 servitutis
2523 1201 2612 1255 Dei
2653 1201 2951 1272 ingressus,
2984 1203 3039 1258 in
3080 1205 3334 1261 interiora
3359 1213 3410 1259 et
3437 1207 3493 1262 in

1961 1289 2096 1341 atria
2130 1294 2495 1356 transeuntes,
2529 1305 2637 1344 non
2676 1291 2813 1344 ultra
2860 1291 3203 1348 confessione
3246 1291 3496 1363 utemini,

1960 1378 2052 1432 sed
2085 1378 2299 1448 hymnis
2332 1380 2582 1448 deinceps
2610 1380 2711 1448 ipsi
2766 1382 3009 1435 vacaturi
3044 1384 3198 1439 estis.
3227 1382 3495 1449 Quemad—

1959 1467 2177 1522 modum
2226 1469 2368 1522 enim
2408 1469 2582 1537 primo
2616 1471 2670 1522 in
2701 1481 2905 1539 portas,
2928 1472 3121 1526 deinde
3150 1474 3204 1528 in
3235 1475 3386 1529 aulas
3421 1475 3498 1529 in-

1955 1555 2103 1626 gredi
2135 1571 2271 1626 opus
2301 1563 2405 1619 est,
2446 1559 2518 1610 ita
2550 1560 2722 1630 primo
2749 1569 2967 1628 peccata
2997 1562 3237 1616 conﬁteri
3261 1574 3493 1632 oportet,

1958 1651 2142 1712 postea
2183 1659 2310 1698 vero
2339 1644 2502 1699 Deum
2532 1645 2745 1714 hymnis
2773 1648 3065 1710 celebrare,
3096 1657 3178 1716 ut,
3203 1651 3381 1722 lingua
3401 1646 3497 1720 per

1956 1731 2346 1787 confessionem
2400 1744 2649 1804 purgata,
2702 1751 2868 1806 purus
2919 1737 3150 1807 hymnus
3217 1740 3493 1795 offeratur.

319 1807 692 1881 ἐξομολογήσει
749 1815 1105 1888 καθαρθείσης
1140 1818 1237 1886 τῆς
1277 1817 1537 1886 γλώττης,
1572 1817 1801 1887 καθαρὸς
1831 1819 1858 1870 ό
1958 1818 2045 1860 -Ὶ

1785 1833 1801 1878 ς
1831 1819 1858 1870 ό
1958 1818 2190 1874 —-Vsns.
2214 1822 2264 1874 5.
2289 1820 2616 1890 Conﬁtemini
2639 1824 2738 1878 illi.
2764 1823 2991 1879 Laudate
3018 1809 3196 1890 nomen
3217 1827 3350 1895 ejus,
3370 1831 3511 1896 quo;

321 1897 484 1968 ὕμνος
506 1906 904 1977 προσενεχθείη.
945 1909 1416 1979 Ἑξομολοτεῖσθε
1440 1909 1616 1974 αὐτῷ.
1637 1909 1859 1962 Αἰνεῖτε
1889 1905 1932 1962 Β
1961 1911 2046 1962 nia

1773 1909 1859 1961 ἴτε
1889 1905 1932 1962 Β
1961 1911 2098 1962 niam
2132 1913 2302 1964 suavis
2333 1921 2408 1964 est
2451 1912 2734 1977 Dominus,
2756 1916 2998 1982 quoniam
3037 1917 3092 1968 in
3133 1927 3379 1971 (sternam
3405 1919 3499 1970 mi-

319 1991 384 2041 τὸ
436 1990 620 2061 ὄνομα
657 1999 862 2060 αὐτοῦ,
903 1997 992 2051 ὅτι
1021 1989 1281 2066 χρηστός
1329 2003 1361 2054 ὀ
1391 2003 1632 2068 Κύριος’
1666 2001 1752 2052 ὅτι
1779 2003 1864 2066 είς
1962 2018 2044 2054 ser

1779 2003 1864 2066 είς
1962 2001 2246 2054 sericordia
2270 2003 2405 2070 ejus,
2428 2012 2478 2055 et
2509 2020 2666 2072 usque
2697 2006 2752 2058 in
2795 2007 3169 2074 generationem
3204 2015 3254 2060 et
3293 2023 3496 2078 genera-

318 2080 426 2132 τὸν
467 2082 649 2137 ultima
703 2085 768 2138 τὸ
815 2087 984 2151 ἔλεος
1023 2089 1225 2152 αὐτοῦ,
1270 2089 1369 2142 καί
1397 2090 1504 2156 ἕως
1530 2089 1736 2159 γενεᾶς
1766 2091 1861 2143 καὶ

320 2169 526 2238 Melie;
574 2174 612 2242 ἠ
664 2174 908 2243 ἀλήθεια
944 2178 1144 2230 αὑτοῦ.
1167 2179 1399 2242 Δίκαιον,
1433 2182 1615 2250 φησὶν,
1647 2183 1861 2252 εὐχαρι-

320 2261 464 2311 στεῖν
483 2261 576 2312 καὶ
595 2261 778 2332 ὑμνεῖν
806 2263 894 2316 τὸν
922 2266 1141 2336 ἀρρήτῳ
1176 2268 1543 2348 φιλανθρωπίᾳ
1568 2269 1860 2340 χρώμενον,

321 2348 416 2401 καὶ
444 2353 560 2412 ταῖς
592 2353 818 2418 ἀγαθαῖς
853 2355 1200 2424 ὑποσχέσεσιν
1241 2359 1543 2415 ἐπιτιθέντα
1573 2361 1633 2412 τὸ
1671 2362 1861 2429 πέρας.

327 2436 395 2490 Ἀ
419 2437 526 2508 γὰρ
547 2442 638 2494 ἐπὶ
657 2444 752 2512 τῆς
772 2444 877 2497 τῶν
897 2448 1170 2516 προγόνων
1185 2449 1447 2518 ὑπέσχετο
1465 2451 1671 2516 γενεᾶς,
1693 2449 1862 2503 ταῦτα

321 2526 416 2580 ini.
449 2530 545 2599 τῆς
579 2535 846 2604 ἡμετέρας
888 2537 1229 2606 πεπλήρωκε,
1280 2540 1374 2591 καὶ⁸
1409 2539 1473 2608 ἣν
1511 2540 1863 2609 ἐπηγγείλατο

324 2622 612 2690 σωτηρίαν,
641 2623 850 2693 ἀληθῶς
868 2625 1174 2695 ἐδωρήσατο
1193 2643 1209 2658 ι
1235 2631 1324 2680 καὶ
1353 2628 1412 2681 οὐ
1438 2629 1698 2682 παύσεταί
1736 2647 1860 2684 ποτε

323 2712 357 2780 ή
385 2713 462 2773 εὶς
479 2713 622 2782 ἡμᾶς
642 2715 769 2782 παρ’
782 2713 948 2767 αὐτοῦ
975 2703 1234 2788 γενομένη
1259 2718 1559 2789 εὐεργεσία,
1575 2722 1691 2790 ἣτις
1717 2725 1861 2776 ἐστὶν

321 2800 564 2872 ἀλήθεια,
590 2802 726 2854 κατὰ
745 2803 822 2866 τὸ,
841 2804 1130 2872 Ἐμνήσθη
1151 2804 1432 2875 διαθήκης
1452 2811 1633 2864 αὐτοῦ
1657 2814 1743 2876 είς
1759 2811 1862 2864 τὸν

322 2891 536 2964 ,μενοι
567 2891 600 2961 ἢ
626 2892 705 2956 τδ,
747 2893 1240 2964 Ἐξομολοτσῖσθε,
1272 2899 1392 2952 ἀντὶ
1415 2900 1527 2964 τοῦ,
1582 2903 1667 2962 Ὠς
1697 2902 1862 2972 iath

267 2983 269 2988 ⁴
322 2979 394 3034 τὰ
415 2979 512 3050 τῆς
529 2980 700 3052 ψυχῆς
734 2985 1101 3054 ἀπογυμνοῦτε
1136 2987 1418 3058 τραύματα
1457 2990 1522 3061 δι’
1549 2989 1862 3060 ἐξομολογή-

327 3086 479 3141 αιως·
511 3071 838 3145 Θαρροῦντες
872 3076 932 3129 δέ
956 3076 1110 3130 τοῦτο
1140 3079 1422 3149 πράττετε,
1667 3081 1860 3150 ἀληθές

328 3160 450 3230 περὶ
469 3160 626 3214 αὐτοῦ
658 3164 932 3231 μαθόντες,
963 3165 1044 3216 ὅτι
1103 3167 1301 3232 ἁγαθός
1325 3168 1436 3218 ἐστι
1463 3168 1554 3219 καὶ
1583 3167 1859 3231 πολυέλεος

328 3222 419 3302 καί
454 3222 716 3322 ἀληθινός.
763 3253 854 3306 καὶ
885 3222 1022 3308 κατὰ
1054 3222 1229 3308 πᾶσαν
1266 3222 1454 3324 χενεὰν
1493 3257 1740 3327 ἀληθείας
1770 3222 1860 3327 τάξ
1884 3222 1927 3280 c

330 3357 514 3412 μουσιν
538 3345 584 3396 oi
610 3343 751 3412 λόγοι
774 3344 954 3398 αὐτοῦ.

600 3571 601 3574 γ
702 3500 986 3554 mmo:
1023 3501 1108 3571 Ta
1143 3504 1358 3557 sam.
1400 3503 1476 3556 P'.

400 3609 607 3672 Ἔλεος
629 3608 724 3659 καὶ
748 3608 943 3674 κρίσιν
962 3608 1180 3677 ᾄσομαι
1207 3624 1324 3673 σοι,
1346 3613 1516 3676 Κύριε
1530 3627 1544 3640 ·
1579 3611 1744 3679 ψαλῶ
1761 3613 1859 3668 και

325 3697 574 3771 συγήσω
607 3699 676 3751 ἐν
715 3697 828 3762 ὀδῷ
869 3699 1112 3767 ἀμώμῳ,
1165 3703 1307 3755 πότε
1349 3702 1513 3768 ἣξεις
1559 3702 1705 3769 πρὸς
1750 3703 1861 3772 pe;

306 3787 486 3841 ,Ἤτοι
514 3788 602 3840 τὸν
635 3788 722 3842 σὺν
769 3789 912 3841 ἔλεον
935 3792 1026 3843 καὶ
1051 3790 1147 3862 τὴν
1188 3792 1286 3864 σὴν
1319 3793 1492 3863 κρίσιν
1531 3793 1746 3862 ᾄσομαι,
1772 3795 1861 3847 τὸν

326 3877 521 3948 τρόπον
560 3877 762 3942 διεξιὼν
789 3879 907 3932 καθ’
933 3881 990 3933 ὃν
1022 3881 1283 3948 πέφυκας,
1315 3883 1374 3934 οὐ
1405 3882 1614 3953 πρῶτον
1641 3883 1858 3954 κρίνειν,

327 3965 513 4021 Imma
555 3968 718 4021 ἐλεεῖν
738 3985 751 3997 ·
800 3968 934 4021 ἀλλὰ
963 3969 1171 4039 πρῶτον
1190 4029 1192 4031 μ
1211 3970 1396 4031 ἐλεεῖν,
1424 3970 1607 4024 lnam
1639 3973 1859 4041 κρίνειν,

328 4059 422 4112 καὶ
468 4059 604 4129 μετὰ
646 4059 1045 4129 φιλανθρωπίας
1088 4059 1182 4112 καὶ
1226 4059 1405 4122 ἐλέους
1455 4061 1716 4115 ποιεῖσθαι
1766 4063 1862 4125 τὰς

329 4148 644 4214 ἀποφάσεις.
682 4141 755 4218 ⁷ῌ
789 4148 896 4215 ἐγὼ
941 4147 1116 4212 αὐτὸς,
1151 4147 1294 4210 ἔλεος
1335 4149 1500 4201 ποιῶν
1543 4151 1635 4203 καὶ
1688 4151 1863 4221 κρίσιν

329 4234 419 4286 ἐπὶ
447 4234 569 4296 τοὺς
607 4233 848 4303 πλησίον,
878 4233 1059 4304 θαρρῶ
1101 4236 1347 4305 παριέναι
1375 4237 1466 4289 ἐπὶ
1494 4237 1569 4306 τῷ
1607 4237 1748 4307 ᾅδειν
1783 4255 1862 4292 σοι

330 4323 420 4376 καί
461 4323 692 4391 ψάλλειν.
739 4324 943 4385 Συνιεὶς
978 4321 1104 4390 γοῦν
1150 4324 1294 4386 ὅπως
1335 4326 1439 4395 χρὴ
1474 4326 1628 4379 τοῦτο
1672 4330 1858 4392 ποιεῖν,

329 4413 426 4478 τὰς
451 4413 679 4484 ἐμαυτοῦ
701 4413 847 4477 ὁδοὺς
870 4412 1237 4482 ἀμώμουςκαὶ
1259 4414 1571 4484 ἀμέμπτους
1596 4417 1859 4486 φυλάττω.

1962 2092 2150 2143 tionem
2179 2092 2366 2143 veritas
2391 2093 2524 2159 ejus.
2553 2092 2982 2147 Consentaneum
3011 2101 3114 2157 est,
3146 2095 3339 2163 inquit,
3357 2109 3497 2165 'gra-

1961 2181 2065 2233 tias
2103 2193 2281 2247 agere,
2317 2192 2378 2233 ac
2407 2195 2527 2233 eum
2551 2180 2765 2250 hymnis
2800 2182 3073 2236 celebrare
3115 2184 3205 2251 qui
3240 2183 3493 2239 ineﬂ‘abili

1957 2282 2081 2336 erga
2106 2267 2353 2321 homines
2377 2260 2664 2324 clemenLia
2693 2279 2777 2324 est
2799 2285 2952 2334 usus,
2977 2279 3032 2325 et
3071 2272 3162 2341 qui
3193 2272 3348 2326 bonis
3378 2276 3494 2328 suis

1957 2359 2437 2428 pollicitationibus
2487 2363 2774 2414 terminum
2827 2364 3027 2431 posuit.
3083 2362 3215 2415 Nam
3269 2378 3388 2432 quae
3437 2365 3490 2417 in

1958 2463 2278 2518 proavorum
2309 2453 2654 2521 generatione
2698 2453 3040 2522 promiserat,
3075 2470 3136 2508 ea
3163 2469 3274 2509 aevo
3308 2462 3492 2508 nostro

1959 2541 2232 2609 implevit:
2260 2550 2313 2595 et
2340 2557 2498 2610 quam
2525 2543 2794 2612 pollicitus
2823 2555 2935 2597 erat
2963 2546 3208 2618 salutem,
3233 2561 3349 2600 eam
3369 2561 3493 2601 vere

1958 2629 2238 2700 impertiit;
2259 2647 2431 2700 neque
2460 2634 2601 2687 ullus
2621 2633 2743 2687 linis
2777 2633 2989 2686 futurus
3011 2642 3093 2686 est
3118 2635 3235 2702 ejus
3254 2651 3379 2703 erga
3393 2652 3495 2694 nos

1959 2720 2226 2785 beneficii,
2264 2722 2402 2790 quod
2431 2730 2513 2775 est
2536 2722 2758 2784 veritas,
2784 2723 3078 2776 secundum
3102 2724 3233 2776 illud
3265 2739 3280 2774 ι
3311 2721 3493 2780 Recor-

1957 2809 2111 2862 datus
2139 2817 2216 2862 est
2244 2811 2534 2862 testamenti
2564 2810 2646 2863 sui
2667 2810 2721 2861 in
2749 2811 3019 2870 sarculum;
3052 2819 3143 2864 aut
3175 2812 3327 2879 illud,
3361 2811 3494 2869 Con-

1958 2900 2197 2966 ﬁtemini,
2245 2901 2323 2955 sic
2364 2899 2733 2968 accipiendum
2807 2910 2908 2963 est,
2947 2900 3225 2971 Tanquam
3285 2905 3492 2960 medico

1958 2986 2151 3039 animae
2196 2988 2418 3066 vulnera
2466 2987 2567 3056 ipsi
2621 3003 2716 3057 per
2779 2988 3172 3044 confessionem
3239 2991 3486 3062 detegile.

1958 3075 2300 3130 Confidenter
2322 3085 2502 3130 autem
2538 3077 2590 3131 id
2624 3079 2785 3147 agite,
2823 3078 2960 3132 bona
2995 3079 3059 3133 de
3101 3079 3220 3148 ipso
3247 3079 3488 3134 doctrina

1961 3161 2148 3216 imbuti
2182 3180 2196 3216 :
2221 3165 2477 3232 quoniam
2503 3165 2675 3218 bonus
2701 3171 2783 3218 est
2807 3172 2861 3218 et
2891 3168 3070 3220 multa:
3111 3169 3490 3222 misericordia:

1958 3257 2014 3305 et
2041 3264 2224 3316 verax,
2247 3251 2376 3306 etin
2409 3252 2554 3305 omni
2584 3253 2929 3326 generatione
2960 3269 3239 3310 sermones
3259 3259 3376 3325 ejus
3405 3272 3490 3311 vo-

1956 3341 2132 3395 ritatis
2152 3341 2295 3409 pleni
2323 3348 2470 3397 sunt.

2260 3489 2264 3491 ’
2313 3489 2630 3546 PSALMUS
2666 3477 2792 3545 lPSi
2830 3491 3049 3546 DAVID.
3090 3493 3150 3548 C.

2031 3603 2188 3660 Vsus.
2230 3603 2286 3667 2,
2333 3604 2386 3659 3.
2428 3602 2838 3669 Misericordiam
2887 3613 2935 3657 et
2963 3603 3221 3672 judicium
3270 3607 3492 3664 cantabo

1960 3694 2072 3759 tibi,
2100 3694 2315 3747 Domine
2339 3695 2595 3760 :psallam
2634 3703 2682 3746 et
2722 3693 3003 3762 intelligam
3035 3695 3088 3748 in
3124 3689 3205 3747 via
3239 3697 3490 3750 immacu-

1961 3786 2090 3849 lata,
2129 3783 2334 3854 quando
2370 3786 2536 3838 uenies
2585 3783 2653 3836 ad
2689 3784 2804 3836 me?
2840 3781 2893 3835 ld
2925 3791 3027 3849 est,
3067 3786 3488 3842 misericordiam

1960 3883 2105 3928 tuam
2134 3876 2468 3945 et'judicium
2497 3882 2648 3928 tuum
2683 3875 2932 3938 cantabo,
2969 3876 3182 3930 modum
3214 3880 3489 3947 explicans

1960 3978 2068 4033 quo
2096 3962 2257 4027 soles,
2287 3977 2396 4016 non
2423 3962 2650 4030 primum
2683 3961 2949 4027 judicare,
2981 3961 3173 4018 deinde
3209 3965 3485 4030 misereri;

1962 4053 2056 4107 sed
2090 4052 2317 4121 primum
2340 4050 2602 4113 misereri,
2635 4057 2820 4120 postea
2847 4051 3111 4120 judicare,
3142 4067 3204 4104 ac
3231 4063 3352 4106 curn
3379 4055 3488 4109 cle-

1961 4145 2155 4199 mentia
2189 4155 2239 4198 et
2269 4142 2632 4196 misericordia
2667 4144 2983 4197 sententiam
3016 4143 3169 4198 ferre.
3189 4144 3366 4210 Quare
3391 4162 3488 4216 ego

1961 4234 2095 4303 ipse,
2137 4249 2256 4286 cum
2295 4234 2719 4289 misericordiam
2768 4245 2820 4290 et
2854 4237 3112 4316 judicium
3156 4251 3279 4307 erga
3315 4230 3490 4308 proxi-

1961 4339 2105 4378 mum
2153 4339 2452 4390 exerceam,
2498 4328 2668 4382 audeo
2701 4329 2956 4382 accedere
2987 4329 3053 4382 ad
3087 4332 3386 4383 canendum
3433 4337 3487 4383 et

1961 4415 2294 4485 psallendum
2325 4417 2442 4470 tibi.
2489 4417 2702 4477 Gnarus
2735 4420 2912 4486 itaque
2945 4432 3050 4486 quo
3089 4425 3246 4487 pacto
3278 4422 3330 4474 id
3367 4435 3486 4490 per-

330 4506 684 4576 πεπεισμένος
725 4503 906 4557 τοῦτον
943 4504 1030 4556 τὸν
1060 4504 1252 4574 τρόπον
1296 4504 1631 4573 ἀρεσκόντως
1671 4524 1751 4560 σοι
1795 4507 1860 4558 δι’
1891 4527 1938 4587 υ
1962 4519 2055 4572 age

1809 4507 1860 4558 it’
1891 4527 1938 4587 υ
1962 4518 2117 4572 agere
2143 4519 2279 4574 opus
2309 4506 2398 4570 sit,
2417 4506 2542 4560 vias
2585 4521 2730 4560 meas
2760 4506 3056 4573 inculpatas
3098 4514 3150 4561 et
3182 4508 3488 4562 immacula—
3523 4531 3535 4542 -

315 4595 502 4664 1ργων
528 4594 1009 4663 ἀγαθῶν·ψά.λλειν.
1038 4593 1231 4647 Λοιπὸν
1263 4588 1354 4646 οὖν
1385 4589 1484 4665 ἦκε
1518 4595 1652 4666 πρὸς
1697 4595 1787 4664 μὲ,
1815 4589 1859 4647 ὧ

333 4684 521 4756 Κύριε,
555 4686 762 4756 ἕτοιμον
787 4686 1029 4756 εὑρήσων
1061 4687 1187 4755 παρ’
1212 4685 1331 4755 ἐμοὶ
1356 4686 1547 4754 μονήν·
1575 4684 1861 4754 ἐπειδήπερ

333 4774 506 4828 πάντα
529 4786 616 4846 μοι
638 4775 706 4827 τὰ
731 4774 868 4827 καλὰ
896 4773 1346 4845 παρεσκεύασται,
1375 4775 1706 4844 περιμένοντι
1736 4774 1860 4826 πότε

331 4859 479 4930 ἥξεις
518 4864 649 4934 πρὸς
807 4863 1230 4930 Διεπορσυόμην
1265 4861 1334 4916 ἐν
1375 4862 1588 4929 ἀκακία
1622 4860 1862 4928 καρδίας

333 4935 465 5020 μοι),
490 4955 558 5018 ἀν·
589 4953 753 5023 μέσῳ
787 4953 888 5006 τοῦ
916 4954 1082 5005 οῖκου
1109 4969 1246 5020 μου.
1279 4953 1359 5005 Οὐ
1396 4951 1718 5020 προεθέμην
1751 4951 1861 5018 πρὸ

336 5045 649 5117 ὀφθαλμῶν
675 5043 905 5112 πρᾶγμα
931 5042 1267 5111 παράνομον
1287 5060 1300 5073 ·
1343 5042 1653 5118 ποιοῦντας
1684 5056 1864 5108 παρα-

335 5133 536 5198 ϐάσεις
585 5136 862 5204 ἐμίσησα.
915 5139 976 5188 Ol
1024 5137 1120 5206 μὲν
1172 5135 1353 5188 πολλοὶ
1407 5135 1512 5188 τῶν
1570 5131 1862 5203 ἀνθρώπων

339 5222 779 5294 σχηματιζόμενα
823 5226 956 5278 κατὰ
1000 5226 1096 5288 τὰς
1145 5225 1342 5295 ἀγορὰς
1381 5224 1561 5295 σεμνοὶ
1593 5222 1863 5291 φαίνονται

338 5312 430 5364 καὶ
455 5303 756 5380 ’ἐπιεικεῖςο
802 5313 857 5366 ἐν
904 5313 958 5366 δὲ
1005 5318 1122 5378 ταῖς
1174 5314 1376 5368 ἑαυτῶν
1418 5313 1606 5374 οἰκίαις
1628 5351 1644 5374 ,
1689 5311 1864 5364 οὐκέτι

340 5391 660 5472 κρύπτοντες
700 5405 789 5458 τὸν
837 5403 1037 5462 ἑαυτῶν
1081 5404 1294 5474 τρόπον,
1334 5403 1636 5472 ἐλέγχονται
1681 5400 1866 5472 φαῦλοί

339 5506 486 5553 τινες
505 5489 652 5552 ὄντες
671 5507 682 5520 ’
718 5492 825 5558 ἐγὼ
849 5481 926 5555 δὲ,
959 5493 1137 5561 φησὶν,
1169 5492 1235 5544 ὲν
1253 5492 1466 5557 ἀκακία
1493 5488 1729 5556 καρδίας
1748 5507 1865 5571 μου

339 5579 410 5634 ἂν
425 5579 589 5649 μέσῳ
615 5580 718 5633 τοῦ
749 5583 915 5635 οἴκου
944 5597 1057 5648 μου
1079 5582 1420 5649 ἐπορεύθην,
1451 5581 1547 5634 οὐκ
1576 5579 1710 5649 ἔχων
1735 5579 1866 5633 ἐσω-

343 5667 435 5721 θεν
462 5673 524 5724 ἐκ
549 5669 647 5738 τῆς
675 5670 894 5740 καρδίας
927 5687 1024 5739 μου
1053 5669 1288 5734 ἐξιόντας
1314 5669 1682 5739 διαλογισμοὺς
1706 5686 1867 5740 πονη-

349 5758 490 5828 ρούς.
518 5759 780 5849 Οὐδέποτε
837 5759 962 5827 γοῦν
995 5759 1131 5815 κατὰ
1167 5762 1473 5832 προαίρεσίν
1515 5778 1562 5814 τι
1593 5761 1863 5830 ἤμαρτονο

1961 4602 2042 4646 tas
2082 4593 2349 4658 custodio,
2390 4609 2700 4665 persuasum
2730 4594 2932 4648 habens
2956 4595 3053 4648 hoc
3091 4596 3250 4649 modo
3280 4612 3363 4650 me
3390 4596 3486 4650 tibi

1959 4681 2278 4750 placiturum
2313 4697 2404 4751 per
2436 4666 2580 4737 bona
2608 4695 2767 4750 opera
2797 4679 3088 4750 psallendo.
3125 4680 3181 4735 In
3217 4691 3486 4750 posterum

1961 4773 2142 4842 igitur,
2183 4788 2217 4826 ο
2256 4772 2498 4832 Domine,
2536 4772 2603 4824 ad
2630 4787 2713 4826 me
2742 4772 2946 4833 venias,
2972 4779 3206 4839 paratam
3236 4773 3372 4840 apud
3403 4787 3488 4826 me

1960 4863 2291 4916 mansionem
2313 4867 2622 4929 reperturus
2645 4878 2658 4914 ε
2689 4860 3114 4930 quandoquidem
3145 4864 3321 4915 omnia
3347 4861 3485 4929 apud

1962 4967 2044 5006 me
2071 4953 2207 5006 bona
2241 4961 2423 5020 parata
2465 4961 2608 5012 sunt,
2639 4960 3038 5021 exspectantem
3066 4951 3277 5020 quando
3310 4952 3487 5005 venies

1917 5082 1919 5085 -
1961 5043 2028 5096 ad
2060 5057 2159 5096 me.
2203 5039 2633 5094 Perambulabam
2677 5045 2730 5096 in
2775 5044 3060 5096 innocentia
3096 5041 3264 5094 cordis
3298 5043 3487 5096 mei'in

1962 5133 2126 5186 medio
2181 5130 2360 5186 domus
2415 5149 2540 5186 mea:
2573 5148 2592 5186 :
2621 5149 2720 5186 non
2760 5133 3101 5201 proponebam
3148 5141 3270 5184 ante
3313 5133 3485 5186 oculos

1961 5239 2064 5277 rem
2094 5223 2362 5290 injustam,
2396 5223 2639 5291 facientes
2661 5224 3106 5292 praevaricationes
3137 5221 3291 5275 odivi.
3321 5220 3488 5275 Pleri—

1962 5328 2065 5383 que
2092 5327 2156 5366 ex
2185 5311 2494 5366 hominibus
2519 5313 2770 5367 ementita
2792 5312 2968 5382 specie
2995 5310 3048 5362 in
3076 5307 3193 5364 foro
3211 5325 3398 5378 graves
3432 5316 3486 5365 et

1962 5403 2114 5471 probi
2139 5401 2386 5455 videntur
2407 5417 2561 5466 esse;
2594 5401 2734 5454 domi
2761 5417 2905 5461 vero,
2941 5415 3045 5452 non
3071 5399 3348 5468 occultatis
3372 5406 3486 5451 mo-

1965 5492 2134 5553 ribus,
2161 5489 2384 5556 improbi
2409 5504 2528 5543 esse
2572 5489 3059 5556 deprehenduntur.
3097 5487 3207 5557 Ego
3228 5500 3372 5548 vero,
3402 5488 3485 5539 in-

1966 5578 2098 5647 quit,
2130 5574 2477 5644 perambulavi
2509 5575 2562 5626 in
2585 5573 2874 5626 innocentia
2905 5572 3074 5624 cordis
3096 5573 3211 5630 mei,
3236 5570 3289 5621 in
3320 5570 3484 5624 medio

1966 5670 2144 5722 domus
2168 5681 2312 5729 mere,
2344 5665 2516 5718 nullas
2554 5664 2607 5716 in
2631 5678 2714 5717 me
2752 5661 3341 5730 habens’cogitationes
3372 5676 3477 5714 ma-

1967 5763 2045 5814 las
2076 5773 2140 5814 ex
2169 5756 2329 5812 corde
2366 5753 2700 5825 prodeuntes.
2729 5752 3006 5820 Nunquam
3032 5766 3170 5804 enim
3198 5765 3262 5804 ex
3291 5749 3483 5820 aﬂectu
