4372 6418
765 497 905 555 1243

1493 497 1759 580 EUSEBII
1785 496 2254 556 CESARIENSIS
2290 495 2436 551 OPP.
2475 496 2652 550 PARS
2691 493 2774 550 Ill.
2814 526 2881 537 -—
2917 493 3320 551 EXEGETICA.

3838 493 3976 587 ηιξ

766 612 1056 684 peccabam
1087 634 1099 669 :
1125 617 1217 671 sed
1256 617 1302 672 si
1346 617 1479 688 quid
1521 618 1653 672 mihi
1686 618 2003 672 humanrtus
2035 614 2317 679 acciderit,
2349 616 2395 672 Α
2422 615 2492 664 εἰη

2279 620 2317 679 ι,
2349 616 2395 672 Α
2422 613 2546 664 εἰδὲ
2577 614 2668 666 καί
2700 630 2752 665 τι
2782 611 2975 682 συνέϐη
3022 611 3374 680 ἀνθρώπινον,
3415 609 3525 661 ἀλλ’
3558 597 3974 678 ούπροθεμένου
4003 627 4005 630 ‘

769 705 824 758 id
850 720 957 759 non
981 721 1046 761 ex
1072 709 1350 776 pr0posito
1377 724 1497 763 meo
1531 709 1734 762 factum
1763 717 1866 764 est.

839 794 999 850 Vsus.
1037 799 1089 854 4.
1133 797 1254 852 Νοη
1301 799 1522 854 αάίιιεδίε
1559 799 1684 852 mihi
1717 816 1806 852 cor
1840 815 2076 866 pravum.
2113 799 2318 854 Diaboli

770 887 1015 952 consilia,
1064 897 1252 959 utpote
1277 905 1396 959 qua:
1437 898 1645 945 rectum
1693 892 1828 944 nihil
1858 891 2110 955 habeant,
2153 907 2318 960 prava

770 992 898 1033 sane
921 988 972 1032 et
997 993 1246 1049 perversa
1273 988 1440 1046 sunt,
1461 996 1580 1050 quae
1609 997 1909 1050 nunquam,
1947 981 2044 1043 ait,
2083 981 2135 1034 in
2159 981 2320 1035 corde

771 1069 1004 1123 admisi:
1036 1085 1236 1138 gnarus
1281 1086 1429 1137 vero,
1477 1087 1599 1127 eum
1647 1074 1742 1143 qui
1790 1072 2025 1126 adhaeret
2053 1072 2202 1141 justo
2232 1073 2319 1140 ju-

768 1168 913 1215 stum
963 1159 1098 1224 fore,
1132 1177 1342 1217 omnem
1387 1175 1702 1234 perversum
1756 1179 1842 1217 me
1894 1165 2207 1232 contingere
2257 1178 2319 1216 ac

769 1251 899 1304 mihi
939 1250 1209 1306 adhaerere
1235 1254 1559 1309 abnuebam.
1587 1252 1723 1306 Nam
1765 1264 1968 1306 rectum
2004 1268 2169 1306 curvo
2195 1268 2319 1307 coac

767 1341 906 1408 ptari
947 1344 1154 1410 nequit,
1185 1351 1371 1412 utpote
1401 1344 1544 1413 quod
1565 1343 1833 1413 quadrare
1869 1352 2118 1412 nequeat.
2151 1344 2320 1398 Decli-

768 1438 926 1482 mmte
955 1447 986 1482 α
1009 1449 1087 1484 me
1110 1433 1339 1503 maligno
1366 1451 1475 1488 non.
1488 1432 1875 1502 cognoscebam.
1905 1431 2002 1486 Vir
2025 1432 2315 1502 perfectus,

768 1525 858 1592 qui
887 1540 981 1578 cor
1017 1541 1332 1602 perversum
1370 1542 1479 1582 non
1519 1527 1679 1581 habet
1711 1528 1763 1580 in
1793 1527 1936 1595 quod
1960 1528 2132 1596 possit
2163 1528 2320 1580 mali-

766 1629 905 1683 gnus
934 1618 1167 1684 operari,
1201 1616 1310 1671 Deo
1349 1618 1624 1687 repletur;
1652 1619 1726 1671 ita
1757 1625 1816 1670 ut
1865 1619 2156 1688 malignus,
2192 1630 2315 1672 cum

770 1706 1115 1774 locum~apud
1139 1721 1263 1759 eum
1293 1720 1398 1760 non
1444 1706 1696 1773 reperiat,
1725 1705 1958 1760 declinet
1985 1707 2051 1761 ab
2076 1723 2140 1761 eo
2174 1726 2186 1760 :
2219 1708 2318 1761 dea

766 1794 1003 1848 clinante
1034 1805 1214 1854 autem
1240 1796 1353 1858 illo,
1387 1795 1582 1864 inquit,
1603 1798 1717 1849 'non
1741 1797 2152 1865 cognoscebam,
2190 1799 2318 1866 quia

767 1885 1068 1951 praesentia)
1109 1883 1229 1951 ejus
1260 1899 1422 1938 sensu
1470 1883 1759 1938 destitutus
1793 1901 1963 1951 eram,
1995 1887 2087 1955 qui
2119 1901 2217 1940 nec
2251 1888 2318 1941 de

2427 720 2526 773 μου
2553 703 2708 768 τοῦτο
2731 705 2959 771 ἐγένετο.
3179 718 3182 722 '
3293 749 3304 762 .

2497 799 2613 849 Οὐκ
2643 795 2942 862 ἐκολλήθη
2971 811 3070 862 μοι
3103 791 3314 860 καρδία
3349 789 3604 858 σκαμϐή.
3637 788 3715 842 Τὰ
3744 788 3835 840 τοῦ
3864 787 3977 840 δια-

2424 886 2575 939 ϐόλου
2611 882 2966 956 βουλεύματα,
3004 886 3096 944 ate
3132 884 3294 953 μηδὲν
3329 882 3481 944 εύθὲς
3521 881 3730 951 ἔχοντα,
3760 877 3979 949 σκαμϐἀ

2422 979 2482 1031 τέ
2534 981 2647 1031 ἐστι
2695 977 2786 1032 καὶ
2830 975 3252 1045 διεστραμμένα,
3305 975 3447 1044 ἆπερ
3501 972 3751 1025 ούδέποτε
3804 973 3871 1034 ὲν,
3907 973 3975 1042 τῇ

2425 1070 2616 1140 καρδίᾳ
2638 1068 2993 1136 είσδεξδεγμαιἸ
3025 1067 3205 1136 φησίν·
3237 1064 3388 1128 εἰδὼς
3424 1065 3498 1129 δὲ,
3529 1064 3608 1115 ὅτι
3639 1063 3666 1113 ὁ
3704 1060 3975 1130 κολλώμε-

2425 1174 2511 1218 νος
2556 1155 2742 1224 δικαίῳ
2787 1155 2988 1216 δίκαιος
3034 1153 3205 1218 ἔσται,
3246 1153 3420 1205 πάντα
3449 1152 3771 1220 διάστροφον
3811 1150 3979 1218 ἀνδρα

2425 1247 2780 1319 παρῃτούμην
2809 1243 3164 1298 συνάπτεσθαί
3191 1259 3281 1312 μοι
3319 1243 3411 1294 καὶ
3438 1240 3724 1295 κολλᾶσθαί
3765 1257 3870 1308 μοι.
3907 1238 3980 1290 Τὸ

2425 1339 2530 1410 γὰρ
2579 1337 2704 1389 εὐθὺ
2750 1335 2826 1405 τῷ
2873 1333 3114 1406 στρεϐλῷ
3170 1332 3496 1402 σὐναφθῆναι
3531 1332 3624 1384 ού·
3653 1330 3872 1383 δύναται
3905 1329 3981 1392 ὡς

2424 1429 2776 1498 ἀνάρμοστον.
2825 1427 3236 1490 Ἐκκλίνοντος
3267 1424 3366 1477 ἀπ’
3401 1423 3543 1490 ἐμοῦ
3580 1420 3684 1474 τοῦ
3716 1418 3982 1486 πονηροῦ

2424 1523 2531 1573 οὐκ
2573 1519 2916 1587 ἐγίνωσκον.
2957 1517 3014 1568 '0
3055 1515 3273 1577 τέλειος,
3318 1512 3537 1584 καρδίαν
3584 1512 3833 1581 σκαμϐὴν
3881 1509 3984 1562 ούκ

2423 1609 2579 1678 ἔχων,
2614 1609 2692 1669 είς
2741 1608 2803 1676 ἣν
2833 1608 3067 1676 ἐνεργεῖν
3107 1607 3134 1658 ὁ
3172 1601 3403 1673 πονηρὸς
3445 1601 3682 1662 δύναται,
3721 1599 3814 1652 τοῦ
3843 1595 3978 1650 Θεοῦ

2424 1698 2808 1767 πεπλήρωται’
2845 1696 2980 1748 ὥστε
3029 1696 3118 1747 τὸν
3163 1693 3413 1762 πονηρὸν,
3464 1691 3538 1761 μὴ
3581 1691 3768 1760 ἔχοντα
3817 1692 3978 1742 τύπον

2425 1788 2552 1857 παρ’
2597 1786 2763 1855 αύτῷ,
2809 1785 3070 1856 ἐκκλίνειν
3122 1784 3215 1836 ἀπ’
3268 1781 3467 1834 αὐτοῦ’
3524 1781 3855 1860 ἐκκλίνοντος
3901 1777 3975 1841 δὲ,

2425 1878 2604 1947 φησιν,
2640 1879 2738 1929 οὐκ
2783 1876 3119 1949 ἐγίνωσκον·’
3145 1873 3222 1944 τῷ
3271 1873 3344 1949 μὴ
3389 1871 3638 1941 αἴσθησιν
3680 1868 3980 1938 παρουσίας

768 1975 862 2028 illo
892 1976 1216 2043 cogitabam,
1261 1991 1362 2029 nec
1408 1991 1545 2044 opus
1592 1992 1714 2030 cum
1749 1977 1843 2030 illo
1881 1978 2167 2032 habebam.
2197 1977 2322 2033 Hau:
2353 1956 2494 2021 Βαὺ

2254 1994 2322 2033 ιω
2353 1956 2586 2025 Βαϋῑοῦ
2616 1967 2900 2038 ἐσχηκέναι
2923 1983 2935 1994 ·
2967 1967 3024 2017 ού
3047 1964 3153 2035 γὰρ
3180 1964 3465 2034 ἐνθύμημα
3492 1961 3711 2032 ἣέργον
3744 1959 3848 2012 τῶν
3882 1958 3980 2012 αύ-

771 2055 934 2132 porro
977 2063 1243 2133 intelliges
1273 2078 1488 2134 quoque
1528 2063 1593 2118 de
1641 2064 1858 2118 homine
1897 2066 2153 2136 maligno,
2178 2069 2321 2137 quia

770 2169 870 2208 nec
894 2170 1019 2208 cum
1050 2154 1349 2220 accederet,
1375 2170 1474 2208 nec
1498 2170 1618 2208 cum
1650 2156 1970 2219 discederet,
2004 2158 2319 2227 sentiebam,

771 2243 846 2294 ita
878 2243 1165 2311 pestiferos
1197 2243 1445 2298 homines
1480 2243 1896 2314 vilipendebam,
1933 2261 1994 2300 ac
2026 2263 2136 2307 non
2162 2262 2324 2302 nosse

769 2333 1088 2388 simulabam
1135 2353 1148 2386 :
1201 2350 1302 2388 nec
1359 2335 1503 2389 enim
1566 2335 1828 2404 dignabar
1881 2339 2086 2392 amicus
2134 2354 2321 2392 eorum

768 2437 909 2478 esse.
937 2423 1074 2476 Num
1108 2424 1232 2491 quia
1260 2424 1525 2492 superbus
1557 2425 1655 2478 es?
1686 2423 2057 2493 Nequaquam,
2091 2427 2202 2494 ait;
2228 2429 2321 2482 sed

769 2514 952 2568 sciens
981 2513 1134 2574 illud,
1160 2500 1509 2580 Corrumpunt
1538 2530 1703 2567 mores
1728 2513 1886 2568 bonos
1914 2515 2173 2586 colloquia
2205 2534 2324 2584 pra-

771 2619 832 2656 va
851 2602 895 2666 ⁸,
931 2618 1050 2656 cum
1082 2605 1237 2657 malis
1265 2604 1576 2658 societatem
1605 2620 1714 2659 non
1741 2605 1962 2658 inibam.

837 2772 1001 2828 Vens.
1048 2777 1099 2829 5.
1141 2774 1502 2829 Detrahentem
1545 2787 1737 2831 secreto
1773 2781 2010 2847 proximo
2043 2798 2157 2847 suo,
2187 2784 2323 2839 hunc

767 2865 1127 2933 persequebar.
1157 2865 1290 2917 Cum
1313 2867 1612 2932 hominem,
1653 2869 1848 2938 inquit,
1895 2877 2009 2924 tum
2050 2873 2322 2942 cogitatio-

769 2970 892 3010 nem
923 2955 1054 3008 mihi
1094 2956 1297 3025 aliquid
1324 2957 1446 3010 mali
1471 2961 1990 3030 contraoquempiam
2022 2977 2320 3032 suggeren—

768 3050 900 3127 tem,
924 3060 989 3098 ex
1019 3046 1181 3100 corde
1211 3046 1473 3114 pellebam
1502 3034 1562 3099 ut
1584 3062 1772 3102 canem
1799 3050 1937 3102 clam
1957 3053 2315 3107 mordentem.

767 3133 902 3190 Nam
929 3137 1008 3190 vir
1031 3137 1259 3205 probus,
1288 3139 1377 3206 qui
1414 3139 1469 3192 in
1497 3139 1752 3195 omnibus
1785 3141 2010 3196 ﬁdenter
2049 3156 2319 3213 agere'so-

770 3227 862 3290 let,
905 3227 1046 3282 sicut
1070 3243 1132 3280 ea
1168 3243 1286 3295 quae
1315 3229 1452 3282 clam
1487 3237 1740 3300 aguntur,
1782 3239 1964 3300 utpote
1995 3235 2318 3291 confusione

771 3315 952 3383 digna,
984 3325 1291 3384 aversatur;
1339 3319 1410 3372 ita
1446 3317 1656 3375 secreto
1685 3329 1873 3373 contra
1908 3325 2211 3393 quempiam
2236 3328 2318 3380 vel
2347 3310 2371 3336 ’³

772 3405 950 3465 dicere
981 3407 1179 3475 aliquid
1207 3409 1288 3462 vel
1327 3409 1513 3464 audire
1541 3426 1649 3464 non
1683 3412 1912 3466 sustinet
1939 3433 1950 3467 :
1986 3402 2107 3466 nam
2139 3416 2193 3467 id
2227 3415 2323 3468 im-

775 3495 924 3566 probi
957 3505 1008 3549 et
1035 3498 1310 3554 illiberalis
1340 3509 1483 3554 esset
1512 3519 1524 3554 :
1555 3517 1653 3556 nec
1673 3485 1936 3569 ejusmodi
1961 3519 2047 3559 res
2080 3505 2320 3574 periculo

774 3595 947 3651 vacat,
982 3604 1103 3643 cum
1137 3589 1414 3657 Scriptura
1447 3591 1593 3646 dicat
1618 3611 1632 3646 :
1661 3591 1742 3646 Ne
1764 3611 1903 3648 ames
1936 3598 2225 3663 detrahere,
2260 3617 2324 3653 ne

773 3676 834 3731 de
885 3679 1050 3732 medio
1100 3681 1381 3746 telluris”;
1412 3691 1487 3746 et,
1538 3681 1717 3738 Nolite
1762 3686 2044 3759 detrahere_
2079 3691 2318 3759 invicem,

774 3769 984 3835 fratres,
1028 3787 1090 3823 ne
1119 3771 1212 3823 sub
1236 3772 1495 3839 judicium
1537 3775 1826 3836 cedatis”.
1863 3765 2002 3844 Quid
2033 3755 2103 3834 sit
2135 3755 2322 3837 detra;

649 3922 666 3938 _
775 3860 1092 3929 here,quasi
1118 3865 1758 3937 exemplodeclarandum
1781 3876 1891 3924 est:
1921 3886 2029 3924 non
2060 3874 2229 3940 enim,
2257 3876 2324 3931 de

775 3950 957 4018 aliquo
981 3951 1120 4004 clam
1150 3954 1367 4022 obloqui
1405 3970 1620 4024 quoque
1649 3958 1830 4023 modo,
1870 3959 2002 4014 illud
2032 3969 2115 4018 est
2139 3963 2322 4018 detra-

776 4039 926 4097 here.
953 4039 1271 4111 Plerumque
1306 4043 1448 4097 enim
1478 4044 1545 4100 de
1567 4046 1750 4114 aliquo
1779 4057 1910 4102 tunc
1938 4050 2162 4106 absente
2183 4053 2324 4108 male

776 4130 1070 4196 loquimur,
1111 4147 1220 4185 non
1269 4133 1411 4201 quod
1464 4133 1751 4192 detrahere
1794 4138 1897 4208 ipsi
1929 4140 2195 4210 velimus,
2227 4146 2322 4199 sed

776 4220 1020 4275 dolentes
1049 4222 1191 4295 quod
1226 4223 1273 4276 is
1307 4223 1539 4280 fortasse
1567 4226 1846 4295 improbus
1880 4231 1952 4284 sit
1979 4250 1990 4284 :
2018 4240 2178 4301 atque
2211 4235 2325 4290 haec

777 4325 999 4365 narrare
1030 4312 1308 4367 studemus
1332 4314 1419 4376 iis,
1451 4315 1542 4384 qui
1577 4318 1800 4384 per-inde
1830 4323 1991 4387 atque
2020 4333 2119 4376 nos
2148 4338 2213 4377 ex
2239 4325 2324 4376 di-
2350 4358 2359 4366 ο

779 4391 1028 4454 Ιεοιίουὶε
1061 4399 1255 4455 aﬂ‘ectu
1289 4402 1355 4457 de
1376 4403 1467 4456 illo
1495 4414 1687 4458 curant
1709 4413 1763 4459 et
1799 4409 2016 4463 solliciti
2045 4418 2189 4465 sunt.
2222 4412 2324 4477 Qui

781 4491 944 4559 igitur
988 4492 1067 4545 sic
1111 4499 1298 4545 contra
1350 4493 1622 4550 absentem
1672 4496 1930 4581 loquitur,
1986 4499 2322 4571 nequaquam

783 4582 1076 4636 maledicus
1105 4587 1228 4636 est:
1263 4583 1416 4652 (nam
1450 4585 1744 4641 maledicus
1789 4603 1894 4640 non
1929 4588 2000 4640 ita
2022 4591 2129 4657 agit
2157 4595 2196 4657 ),
2230 4593 2323 4646 sed

782 4685 907 4755 cum
948 4673 1223 4742 voluptate
1256 4682 1446 4733 contra
1478 4679 1765 4745 quemdam
1794 4679 2056 4748 loquitur,
2081 4695 2188 4734 non
2219 4697 2329 4737 mo-

784 4760 920 4815 leste
953 4759 1134 4816 ferens
1163 4765 1312 4834 quod
1340 4765 1430 4819 ille
1465 4765 1594 4818 talia
1621 4769 1881 4835 patrarit;
1925 4769 2020 4824 sed
2061 4770 2128 4824 de
2173 4785 2237 4824 ea
2268 4785 2328 4826 re

784 4850 1010 4904 laetatur.
1065 4851 1194 4921 Ejus
1245 4869 1477 4925 namque
1523 4863 1675 4924 gesta
1728 4859 2002 4915 malevolis
2057 4871 2324 4925 recenset,

782 4944 876 5013 qui
925 4960 985 4998 ea
1028 4954 1267 5015 relegere
1311 4956 1366 5002 et
1418 4949 1730 5003 renuntiare
1774 4960 2000 5016 possunt
2042 4954 2163 5007 aliis
2189 4953 2329 5024 bene

784 5037 988 5091 multis.
1038 5036 1316 5103 Quid‘sibi
1351 5041 1463 5093 vult
1501 5050 1678 5096 autem
1710 5041 1842 5094 illud
1879 5044 2324 5118 quod-adjicitur,

785 5136 997 5191 secreto,
1063 5145 1182 5184 cum
1228 5130 1402 5198 palam
1441 5132 1507 5184 sit
1546 5132 1839 5201 quamlibet
1882 5132 2325 5191 obtreCtationem

785 5227 995 5273 secreto
1025 5220 1138 5275 ﬁeri
1159 5222 1186 5274 ἲ
1210 5220 1306 5276 Vel
1329 5221 1382 5274 id
1416 5213 1547 5282 dicit
1585 5224 1730 5292 quod
1759 5226 1970 5295 agitur;
2007 5233 2099 5280 aut
2146 5228 2217 5280 ita
2248 5227 2328 5281 di-

785 5311 1162 5379 stinguendum
1212 5323 1297 5367 est
1333 5312 1798 5369 :obtrectatoruur
1835 5314 2096 5385 quosdam
2139 5327 2327 5372 contra

785 5409 1078 5468 praesentes
1098 5416 1280 5456 coram
1309 5403 1565 5472 obloqui;
1584 5402 1826 5472 hi-porro
1855 5408 2250 5477 conviciatores
2273 5415 2328 5460 et

787 5490 1164 5544 contumeliosi
1214 5503 1430 5549 assueto
1473 5509 1624 5548 more
1671 5504 1965 5562 vocantur;
2017 5487 2110 5554 sed
2150 5509 2327 5553 tamen

746 5601 749 5603 ·
790 5583 914 5646 quia
951 5590 1137 5635 contra
1170 5585 1471 5651 quempiam
1499 5586 1814 5655 loquuntur,
1861 5586 2191 5644 detractores
2215 5588 2329 5641 fue-

792 5671 932 5738 rint;
965 5673 1056 5726 alii
1084 5688 1211 5725 vero
1238 5673 1372 5727 clam
1404 5683 1454 5728 et
1471 5664 1797 5733 absentibus
1823 5678 1911 5743 iis,
1935 5679 2136 5748 quibus
2161 5678 2327 5748 male-

859 5845 885 5885 ³
920 5847 938 5900 l
972 5850 1097 5905 Cor.
1132 5866 1220 5916 ιν,
1256 5850 1342 5904 53.
1367 5889 1380 5916 ,
1481 5851 1500 5883 '
1539 5849 1696 5909 Prov.
1736 5869 1824 5922 xx,
1877 5854 1960 5944 ιζ»,
1998 5871 2098 5910 uc.
2135 5851 2294 5908 LXX.

2423 2060 2515 2113 τοῦ
2541 2059 2695 2128 ἔσχον
2725 2058 2851 2128 παρ’
2883 2056 3022 2126 ἐμοί.
3053 2056 3282 2124 Νοήσεις
3313 2053 3367 2105 δὲ
3403 2053 3574 2105 ταῦτα
3601 2050 3695 2102 καὶ
3725 2050 3851 2119 περὶ
3881 2049 3980 2102 ἀν-

2424 2151 2641 2220 θρώπου
2681 2147 2935 2220 πονηροῦ,
2982 2148 3061 2198 ὅτι
3104 2145 3217 2199 οὐδ’
3260 2141 3714 2213 ὅτεπροσῆλθεν,
3743 2139 3848 2192 οὐδ’
3887 2140 3980 2191 ὅτε

2424 2240 2684 2309 ἀνεχώρει
2715 2238 2959 2307 αἴσθησιν
2988 2234 3306 2306 ἐλάμϐανον,
3341 2233 3510 2295 οὕτως
3534 2234 3590 2284 ὲν
3621 2231 3794 2285 οὐδενὶ
3825 2229 3980 2300 μέρει

2423 2331 2718 2399 ἐποιούμην
2763 2329 2886 2390 τοὺς
2931 2326 3168 2396 λοιμοὺς,
3239 2325 3331 2377 καὶ
3375 2324 3523 2377 οὐδὲν
3570 2323 3764 2375 εἰδέναι
3812 2327 3969 2397 #903-

2424 2419 2747 2488 εποιούμην·
2785 2419 2842 2469 ού
2879 2417 2984 2484 γὰρ
3022 2415 3205 2483 ἠξίουν
3235 2410 3389 2493 εἶναι·
3411 2414 3558 2481 φίλον
3603 2401 3799 2465 αὐτῶν.
3831 2408 3981 2481 ’Ἃρα

2423 2513 2496 2575 ὼς
2538 2512 2911 2581 ύπερήφανος;
2959 2506 3241 2586 Οὐδαμῶς,
3273 2502 3484 2575 ,φησίνο
3541 2501 3650 2556 ἀλλ’
3693 2501 3865 2572 εἰδὼς,
3893 2502 3981 2555 ὅτι

2423 2604 2772 2671 Φθείρουσιν
2810 2599 2922 2666 ἤθη
2938 2595 2940 2597 ’
2951 2596 3179 2666 χρηστὰ
3195 2595 3430 2663 ὁμιλίαι
3451 2592 3654 2657 κακαὶ,
3679 2591 3757 2656 ὀύ,
3776 2592 3981 2645 συνδιε-

2423 2694 2645 2766 τιθέμην
2677 2695 2784 2754 τοῖς
2814 2691 3086 2761 πονηροῖς.

2499 2783 2606 2836 Τόν
2634 2781 3087 2856 καταλαλοῦπά
3117 2779 3307 2846 λάθρα
3334 2777 3438 2830 τὸν
3476 2777 3740 2844 πλησίον
3771 2773 3978 2836 αὐτοῦ,

2422 2873 2634 2926 τοῦτον
2656 2872 2989 2937 ὲξεδίωκον.
3034 2871 3145 2922 Καὶ
3174 2867 3480 2939 ἄνθρωπον,
3516 2866 3669 2937 φησι,
3699 2865 3794 2919 καὶ
3832 2865 3979 2946 λογι-

2424 2965 2558 3033 σμὸν
2583 2961 2951 3016 ὑποϐάλλοντά
2983 2978 3033 3014 τι
3071 2947 3310 3030 πονηρόν
3339 2976 3438 3028 μοι.
3473 2955 3614 3011 κατά
3634 2975 3776 3020 τινος
3797 2954 3980 3020 ὲξέϐατ

2422 3035 2510 3112 λον
2539 3057 2602 3106 ὲκ
2641 3053 2740 3122 τῆς
2781 3052 3001 3122 καρδίας
3039 3067 3158 3120 μου,
3200 3051 3273 3113 ὡς
3316 3049 3450 3101 κύνα
3489 3034 3892 3120 λαθροδήκτην..
3917 3048 3979 3100 ’0

2421 3146 2528 3216 γὰρ
2569 3144 2869 3204 σπουδαῖος,
2907 3143 2962 3193 ὲν
3003 3140 3161 3192 παντί
3192 3157 3268 3208 τῳ
3312 3138 3622 3213 παρρησίαν
3660 3137 3800 3207 ἔχειν
3845 3139 3978 3204 ἀγα-

2423 3236 2562 3300 πῶν,
2590 3235 2775 3304 ὥσπερ
2815 3233 2882 3285 τὰ
2927 3231 3099 3302 λάθρα
3145 3228 3392 3300 δρώμενα
3433 3228 3510 3298 τῷ
3556 3227 3812 3298 αἰσχύνης
3845 3225 3978 3281 εἶναι

2420 3327 2565 3393 ἄξια,
2606 3327 2981 3395 παραιτεῖται·
3028 3323 3169 3375 οὓτω
3210 3321 3302 3374 καὶ
3350 3321 3411 3373 τὸ
3456 3319 3631 3388 λέγειν
3679 3319 3711 3389 ἢ
3765 3319 3979 3372 ἀκούειν

2421 3417 2562 3470 κατά
2599 3432 2741 3476 τινος
2789 3401 3028 3483 κρύϐδην
3068 3412 3166 3464 οὐκ
3212 3411 3488 3486 ἀνέχεται·
3529 3409 3826 3486 καριοήθους
3871 3411 3979 3480 γὰρ
4019 3478 4024 3484 .

2419 3509 2513 3560 καὶ
2548 3503 2892 3574 ἀνελευθέρου
2939 3503 3000 3554 τὸ
3037 3503 3257 3572 χρῆμα,
3290 3493 3601 3575 ,ὲτπήρτηται
3641 3502 3696 3554 δὲ
3741 3501 3978 3564 κίνδυνος

2418 3595 2495 3667 τῷ
2535 3595 2848 3668 πράγματιί
2886 3598 2983 3664 τῆς
3027 3595 3245 3663 Γραφῆς
3294 3578 3588 3662 λεγούσης’
3634 3594 3729 3660 Μὴ
3775 3593 3979 3660 ἀγάπα

2421 3687 2795 3751 καταλαλεῖν,
2844 3686 2943 3738 ἵνα
2983 3682 3394 3752 μὴ-ἐξαρθῇς·
3443 3685 3554 3755 καὶ,
3581 3683 3675 3751 Μὴ
3719 3687 3979 3738 καταλα-

2420 3777 2577 3829 λεῖτε
2606 3775 2908 3841 ἀλλήλων,
2953 3777 3221 3844 ἀδελφοὶ,
3249 3777 3348 3828 ἵνα
3381 3775 3465 3843 μὴ
3496 3776 3613 3829 ὑπὸ
3647 3777 3847 3843 κρίσιν
3878 3774 3980 3827 πέ-

2421 3881 2583 3934 σητε.
2620 3866 2761 3918 Τίδέ
2791 3869 2904 3918 ἐστι
2933 3865 2992 3917 τὸ
3019 3866 3334 3918 καταλαλεῖν
3361 3866 3434 3927 ὼς
3469 3867 3524 3917 ὲν
3560 3866 3714 3934 τύπῳ
3748 3865 3976 3933 παραδο-

2421 3959 2538 4011 τέον
2558 3975 2570 3987 ·
2604 3957 2664 4009 ού
2708 3956 2814 4028 γὰρ
2844 3957 2904 4010 τὸ
2934 3938 3179 4010 ὁπωσοῦν
3211 3957 3384 4023 λέγειν
3426 3957 3549 4023 περί
3572 3973 3713 4018 τινος
3755 3959 3849 4008 καὶ
3880 3956 3974 4009 λά-

2422 4051 2526 4122 θρα
2550 4049 2753 4102 ἐκείνου
2783 4048 3097 4122 καταλαλεῖν
3120 4051 3264 4101 ἐστι’
3292 4047 3546 4109 πολλάκις
3569 4047 3696 4114 γοῦν
3725 4048 3976 4119 ἀγορεύο-

2426 4141 2523 4209 μέν
2555 4157 2676 4195 τινα
2706 4140 2893 4202 κακῶς
2930 4141 3154 4204 ἀπόντα,
3193 4139 3253 4191 οὐ
3301 4138 3619 4192 καταλαλεῖν
3657 4139 3817 4192 αὐτοῦ
3843 4139 3978 4208 ,βου-

2423 4231 2650 4300 λόμενοι,
2684 4230 2817 4282 ἀλλά
2863 4229 3184 4300 λυπούμενοι
3229 4228 3317 4280 διὰ
3355 4228 3414 4282 τὸ
3462 4224 3598 4281 εἶναι
3644 4229 3802 4282 αὑτὸν
3849 4229 3976 4293 ἴσως

2423 4319 2621 4388 φαῦλον
2645 4336 2659 4350 ·
2712 4317 3030 4388 πειρῴμεθα
3070 4319 3126 4370 δὲ
3167 4318 3347 4384 λέγειν
3377 4308 3455 4373 ,τὰ
3495 4319 3621 4389 περὶ
3668 4317 3828 4371 αὑτοῦ
3859 4321 3979 4381 τοῖς

2421 4411 2677 4474 ὡσαύτως
2707 4414 2852 4485 ¹ἡμῖν
2896 4399 3420 4482 κηδομένοιςάύτοῦ
3463 4412 3555 4463 καὶ
3611 4410 3980 4478 φροντίζουσιν

2424 4501 2529 4554 ἀπὸ
2567 4501 2855 4562 διαθέσεως
2894 4500 3135 4571 φιλικῆς.
3187 4503 3245 4555 '0
3297 4486 3578 4554 oﬁv'oi'mo
3622 4500 3793 4565 λέγων
3838 4500 3978 4552 κατά

2355 4601 2398 4654 D
2427 4593 2665 4660 ἀπόντος,
2685 4593 2743 4663 οὐ
2777 4591 3070 4666 κατᾴλαλός
3095 4579 3276 4663 ἐστινὴ
3312 4588 3447 4650 ἀλλά
3475 4588 3705 4657 σπουδὴν
3737 4587 3848 4656 εχει
3883 4589 3979 4640 σὺν

2428 4683 2618 4754 ἡδονῆς
2659 4683 2772 4735 κατ’
2804 4682 3009 4732 ἐκείνου
3049 4680 3242 4746 λέγειν,
3281 4680 3380 4730 οὐκ
3406 4677 3712 4748 ,ἀχθόμενος
3761 4679 3856 4730 ἐπὶ
3898 4679 3979 4749 τῷ

2425 4774 2645 4826 τοιαῦτα
2669 4775 2870 4826 ἐκεῖνον
2889 4770 3272 4841 πεποιηκέναι,
3294 4769 3428 4822 ἀλλὰ
3449 4771 3538 4822 καὶ
3568 4770 3790 4844 χαίρων.
3816 4769 3978 4838 Λέγει

2426 4863 2553 4931 γοῦν
2578 4864 2802 4926 ἐκείνοις
2823 4862 2892 4914 τὰ
2923 4861 3049 4930 περὶ
3079 4858 3240 4911 αὑτοῦ
3270 4863 3380 4923 τοῖς
3415 4860 3658 4930 μισοῦσιν
3679 4860 3857 4923 αὑτὸν,
3884 4863 3985 4916 καὶ·

2427 4955 2731 5024 φανερῶσαι
2760 4954 3069 5018 δυναμένοις
3095 4953 3161 5005 δι’
3186 4951 3512 5020 ἐπαγγελίας
3546 4944 3748 5020 ἕτεροις
3772 4952 3976 5007 πλείοσι

2427 5044 2493 5097 τὰ
2533 5046 2659 5114 περ).
2687 5044 2868 5097 αὐτοῦ.
2897 5043 2960 5096 Τί
2989 5044 3044 5097 δὲ
3079 5043 3319 5113 βούλεται
3352 5041 3736 5111 προσκείμενον
3763 5041 3843 5106 τὸ,
3870 5043 3976 5096 λάι-

2427 5137 2552 5200 θρα,
2591 5134 2819 5206 φανεροῦ
2844 5135 3009 5198 ὄντος,
3040 5135 3118 5186 ὃτι
3142 5136 3291 5186 πᾶσα
3321 5131 3618 5200 κατηγορία
3636 5130 3806 5202 λάθρα
3833 5132 3975 5200 γίνε-

2424 5216 2539 5289 ταί;
2575 5225 2646 5279 Ἦ
2678 5226 2805 5278 αὐτὸ
2830 5225 2974 5294 λέγει
2997 5227 3056 5279 τὸ
3079 5225 3154 5287 ὃν,
3186 5221 3534 5293 ἢδιαιρετέον
3564 5220 3721 5286 οὕτω,
3756 5225 3835 5276 ὅτι
3861 5224 3976 5278 τῶν

2427 5321 2866 5390 κατηγορούντων
2899 5321 3067 5384 τινὰς,
3107 5321 3154 5371 οἱ
3198 5317 3293 5386 μὲν
3326 5315 3464 5370 κατά
3504 5316 3788 5387 πρόσωπον
3833 5334 3990 5387 παρη.

2426 5412 2580 5474 ὄντας
2627 5409 3009 5481 καίιηγοροῦσι,
3052 5410 3276 5477 λοίδοροι
3315 5408 3371 5460 δὲ
3411 5400 3552 5460 οὗτοι
3585 5407 3678 5482 καὶ
3726 5405 3973 5476 ὑϐρισταὶ
4016 5442 4022 5451 -

2429 5499 2666 5566 συνήθως
2708 5497 3022 5552 καλοῦνται·
3053 5500 3200 5567 ὅμως
3233 5492 3322 5549 οὖν
3363 5495 3439 5565 τῷ
3464 5496 3603 5549 κατά
3630 5511 3770 5558 τινος
3796 5495 3973 5560 λέγειν

2427 5589 2709 5645 καταλαλοι
2748 5589 2828 5640 ἂν.
2849 5585 2986 5641 εἷεν·
3021 5588 3067 5638 οι
3110 5586 3166 5638 δὲ
3215 5586 3384 5654 λάθρα
3431 5586 3521 5638 καὶ
3571 5585 3815 5638 ἀπόντων
3862 5581 3973 5638 τῶν

2428 5679 2908 5748 κατηγορουμένων
2955 5678 3166 5742 λέγουσι
3211 5676 3329 5728 κατ’
3375 5675 3566 5729 αὐτῶν.
3621 5675 3722 5729 Τὸν
3771 5672 3981 5751 ταύτην

2438 5855 2476 5884 ¹⁰
2515 5852 2625 5908 Jac.
2662 5871 2732 5919 tv,
2773 5857 2847 5908 li,
