4372 6404
354 514 491 571 ιειδ

1494 509 1993 569 COMMENTARIA
2026 510 2091 566 IN
2128 510 2459 569 PSALMOS.

3405 507 3541 565 ms

348 627 442 687 οὖν
470 630 657 701 ἔχοντα
679 631 775 703 τὴν
803 631 954 697 τάξιν
979 628 1256 687 ἐπιδιώκειν
1284 632 1311 683 ὁ
1335 628 1485 697 ἅγιος
1508 630 1675 699 λέγει,
1700 630 1759 682 οὑ
1782 630 1905 692 τοὺς
1934 638 1980 692 Α
2007 630 2074 686 dit

1816 630 1905 692 οὺς
1934 638 1980 692 Α
2007 630 2229 693 dicitur,
2257 630 2647 701 obloquuntur.
2691 606 2828 685 Ihm
2852 644 2984 685 vero
3014 627 3107 699 qui
3138 626 3301 695 hujus
3319 624 3542 693 fordinis

348 726 431 785 είς
458 721 743 793 πρόσωπον
787 722 1330 793 διαλοιδορουμένους.
1373 720 1606 784 Ἐκεῖνος
1636 720 1747 790 γὰρ
1782 719 1901 773 καθ’

349 806 413 865 οὗ
436 816 488 867 αί
514 806 847 882 βλασφημίαι
870 813 901 883 ἢ
928 811 1112 884 παρὼν
1135 812 1547 883 ἀπολογήσεται,
1572 813 1606 882 ἢ
1630 812 1903 880 ἐλεγχθεὶς

350 904 444 957 ἐπὶ
470 903 546 974 τῷ
571 904 806 965 τοιοῦτος
838 900 994 963 εἶναι,
1029 903 1462 973 αἰσχυνθήσεται.
1504 903 1729 956 Δυνατὺν
1762 904 1903 955 ἀντι-

350 994 750 1047 διαστέλλεσθαι
774 995 871 1064 τὴν
902 993 1072 1062 λάθρα
1104 994 1390 1062 γινομένην
1414 993 1739 1046 καταλαλιὰν
1772 994 1902 1062 πρὸς

350 1084 448 1155 τὴν
481 1087 571 1138 ἐπὶ⁸
600 1085 798 1157 κριτῶν
829 1085 1179 1155 κατηγορίαν.
1217 1086 1325 1138 Καὶ
1358 1086 1464 1156 γὰρ
1497 1085 1632 1155 αὕτη
1657 1083 1734 1154 τῷ
1760 1085 1902 1152 γένει

350 1174 668 1255 σκαταλαλιὰ,
693 1175 803 1228 ἀλλ’
831 1176 890 1228 οὑ
921 1175 1095 1245 λάθρα
1125 1176 1407 1245 γινομένη.
1436 1174 1657 1247 Καρπδς
1684 1175 1782 1245 μὲν
1811 1171 1901 1227 οὖν

353 1264 586 1328 διανοίας
632 1265 991 1337 ἁγιοπρεποῦς
1038 1266 1099 1319 τὸ
1141 1265 1518 1336 παραιτεῖσθαι
1564 1266 1685 1328 τοὺς
1740 1282 1904 1335 πονηο

356 1355 504 1427 ρούς·
536 1358 767 1427 ἐσχάτης
802 1358 858 1410 δὲ
893 1358 1155 1427 πονηρίας
1187 1360 1455 1422 ἀπόδειξις
1485 1359 1543 1411 τὸ
1587 1356 1901 1413 μταλαλεῖν

354 1448 601 1517 ἀδελφοῦ,
632 1450 721 1502 καὶ
753 1449 922 1503 ταῦτα
964 1450 1153 1521 λάθρα,
1184 1451 1319 1505 ἀλλὰ
1365 1451 1437 1520 μὴ
1471 1453 1549 1512 εἰς
1592 1449 1896 1519 πρόσωπον,

355 1539 439 1592 ῐνα
469 1542 540 1611 μὴ
573 1543 759 1612 παρὼν
784 1543 1183 1613 ἀπολογήσηται
1222 1546 1250 1597 ό
1297 1540 1792 1613 κατηγορούμενος·
1823 1540 1899 1604 ὡς
1952 1616 1955 1617 ν

354 1629 385 1686 ὃ
408 1646 469 1695 γε
516 1632 602 1699 ἐφ’
630 1632 783 1702 ἡμῶν
818 1634 1001 1704 ἐτέρου
1034 1633 1366 1710 καταλαλῶν,
1404 1624 1556 1693 οὗτος
1594 1630 1711 1682 οὐδὲ
1747 1629 1900 1699 ἡμῶν

354 1722 667 1779 καταλαλεω
691 1724 774 1790 ἐφ’
803 1725 1000 1794 ἑτέρων
1032 1704 1303 1793 ἀφέξεται.
1335 1723 1491 1775 Ὅθεν
1524 1720 1626 1792 χρὴ
1659 1721 1748 1773 τὸν
1788 1736 1898 1771 τοι-
1944 1704 1949 1707 Δ

352 1810 509 1865 οὖτον
533 1812 607 1875 ὡς
648 1816 822 1869 κοινὸν
857 1814 1045 1886 ὲχθρδν
1084 1815 1306 1877 εἰκότως
1338 1811 1672 1873 ἐλαύνεσθαι,
1702 1810 1773 1872 ὡς
1812 1809 1899 1863 τὸν

353 1901 411 1957 ιν
440 1903 746 1973 παραδείσῳ
781 1904 1112 1973 μιμούμενον
1134 1903 1418 1974 δράκοντα,
1442 1901 1499 1963 ὃς
1523 1900 1615 1953 τοῦ
1647 1899 1777 1952 Θεοῦ
1809 1915 1898 1949 κα-

352 1962 656 2065 ταΜλησας
689 1962 794 2067 την·
826 1962 968 2050 ιιὲοαᾴ
994 1962 1289 2066 ἠπάτησεν.
1330 1995 1516 2063 Ἡμεῖς
1542 1991 1596 2044 δὲ
1640 1992 1776 2061 μήτε
1813 1989 1901 2041 λέ·
1936 1962 1976 2015 Β

354 2086 761 2155 γωμενοκακῶς,
796 2088 888 2141 καὶ
917 2091 1025 2149 τοῖς
1052 2087 1292 2153 λέγουσιν
1323 2082 1487 2153 ἀκοὴν
1519 2082 1592 2153 μὴ
1622 2081 1905 2151 παράσχω·

357 2192 474 2258 μιν.
511 2176 715 2243 Ἁκοὶρν
743 2178 829 2241 δὲ,
862 2178 1013 2247 φησὶ,
1054 2177 1309 2245 ματαίαν
1333 2173 1417 2243 μὴ
1446 2171 1775 2241 παραδέξῃ·
1806 2172 1905 2225 οὑκ

355 2262 495 2332 εἶπε,
534 2269 605 2338 μὴ
636 2268 951 2341 πιστεύσῃς,
996 2268 1149 2328 ἀλλὰ,
1176 2267 1260 2335 μὴ
1285 2265 1610 2333 παραδέξῃ.
1643 2262 1731 2317 Διὸ
1759 2263 1851 2316 καὶ
1878 2263 1906 2314 ό

357 2358 666 2430 Προφήτης,
716 2360 1078 2422 Ἐξεδίωκον,
1110 2360 1277 2429 φησιν
1294 2357 1398 2411 τὸν
1422 2356 1872 2412 καταλαλοῦντα
1891 2371 1903 2383 ·

356 2442 459 2503 οὑκ
484 2447 652 2504 εἶπεν*
682 2452 793 2505 Οὑκ
816 2453 1111 2515 ἐπίστευον,
1142 2451 1198 2522 ἦ,
1229 2437 1302 2505 Οὑ
1332 2448 1703 2521 παρεδεχόμην
1729 2447 1795 2499 τὰ
1824 2446 1909 2498 λε-

357 2541 559 2611 γόμενα
578 2558 591 2573 ·
624 2541 759 2596 ἀλλὰ
790 2542 884 2596 καὶ
912 2542 987 2606 ὼς
1024 2542 1213 2611 ἐχθρὸν
1248 2540 1574 2610 ἀπήλαυνον.
1605 2536 1735 2588 Εἰπὲ
1776 2533 1907 2602 πρὸς

356 2630 445 2687 ’ξὺν
498 2631 913 2697 ωταλαλοῦντα,
964 2632 1144 2701 Ἔχεις
1190 2631 1469 2683 ἐπαινέσαι
1524 2626 1661 2688 τινὰ,
1711 2624 1909 2691 ἀνοίγω

362 2721 452 2801 τὰς
473 2722 658 2786 ἀκοὰς,
691 2723 776 2775 ἵνα
808 2723 1041 2791 δέξωμαι
1084 2721 1152 2774 τὰ
1187 2720 1333 2790 μύρα
1353 2738 1365 2749 ·
1409 2717 1590 2780 κακῶς
1622 2715 1793 2778 θέλεις
1836 2716 1911 2766 εί-

362 2815 499 2878 πεῖν,
525 2813 854 2884 ἀποφράττω
888 2812 985 2883 τὴν
1018 2811 1217 2864 εἴσοδον
1259 2812 1370 2872 τοῖς
1415 2811 1647 2879 ῥήμασιν
1667 2824 1681 2837 ·
1716 2809 1776 2860 οὑ
1804 2805 1910 2876 γὰρ

359 2903 615 2973 ἀνέχομαι
645 2904 843 2975 κόπρον
876 2904 967 2955 καὶ
994 2901 1249 2973 βόρϐορον
1267 2900 1527 2971 δέχεσθαι.
1568 2898 1909 2969 Ἐπιστόμιζε

362 2992 446 3045 τὸν
475 2991 869 3046 καταλαλῶντα
888 2995 944 3046 ὲν
969 2994 1155 3056 ἀκοαῖς
1180 3009 1290 3055 σου,
1321 2993 1405 3045 ἶνα
1429 2993 1501 3062 μὴ
1524 2990 1709 3060 διπλῆν
1738 2992 1913 3060 ἀμαρ-

361 3084 478 3137 τίαν
510 3086 606 3137 σὺν
636 3084 783 3155 αὑτῷ
823 3084 1159 3155 ἁμαρτάνῃς,
1206 3083 1298 3136 καὶ
1330 3082 1519 3135 σαυτὸν
1550 3078 1774 3149 ὀλεθρίῳ
1805 3077 1911 3129 πά-

361 3174 440 3227 θει
467 3171 681 3239 ἐθίζων,
708 3175 955 3228 κάκεῖνον
980 3174 1120 3227 κατὰ
1149 3174 1239 3225 τοῦ
1277 3171 1501 3241 πλησίον
1532 3169 1785 3238 φλυαρεῖν
1813 3166 1912 3217 οὑκ

360 3264 696 3321 ἀνακόπτων.
728 3267 818 3334 Μὴ
842 3265 983 3335 δῴης
1019 3263 1116 3335 τὴν
1144 3264 1311 3333 ἀκοήν
1339 3278 1430 3314 σου
1470 3262 1534 3329 τῇ
1568 3256 1783 3327 γλώσσῃ
1817 3254 1909 3307 τοῦ

361 3357 678 3421 καταλάλου,
716 3358 846 3428 μηδὲ
877 3358 973 3427 τὴν
1000 3355 1244 3425 γλῶσσάν
1276 3371 1369 3407 σου
1394 3356 1458 3421 τῇ
1490 3353 1621 3422 ἀκοῇ
1644 3348 1736 3403 τοῦ
1766 3348 1912 3417 φιλο-

358 3449 547 3520 ψόγου,
586 3451 753 3522 ἡδέως
781 3447 955 3503 λαλῶν
988 3448 1021 3519 ἢ
1067 3448 1277 3501 ἀκούων
1308 3446 1449 3500 κατὰ
1478 3444 1569 3497 τοῦ
1610 3442 1794 3507 πέλας,
1829 3441 1913 3493 ἵνα

366 3542 439 3615 μὴ
466 3542 699 3613 exuas-qq
724 3540 823 3611 τῆς
861 3539 1098 3609 ἀγάπης,
1135 3540 1229 3592 καί
1253 3536 1525 3605 ἀλλότριος
1564 3534 1789 3605 εὑρεθῇς
1816 3534 1913 3601 τῆς

361 3635 575 3689 αἰωνίου
594 3634 754 3703 ζωῆς.
780 3631 1099 3701 Διαφέρειδὲ
1119 3630 1179 3681 τὺ
1202 3634 1567 3695 κατακρῑθναι,
1600 3626 1660 3677 τδ
1679 3625 1914 3682 ἐξουδε-

362 3723 569 3786 νῶσαι,
598 3724 691 3776 καὶ
713 3722 771 3774 τὺ
790 3718 1222 3787 καταλαλῆσαι.
1241 3714 1784 3785 Κατωαλῆσαιγάρ
1801 3717 1913 3766 ἐστι

362 3814 422 3867 τὸ
467 3815 637 3866 εἰπεῖν
672 3810 811 3865 κατά
848 3825 1008 3874 τινος,
1051 3806 1181 3872 οἷον,
1225 3809 1307 3861 ὅτι
1350 3806 1641 3876 Ἑψεύσατο
1687 3807 1714 3857 ὁ
1747 3805 1912 3868 δεῖνα,

363 3906 418 3977 ἢ,
450 3902 779 3977 ὠργίσθη,ῆ
823 3901 1160 3972 ὲτοόρνευσεν,
1202 3900 1237 3970 ἦ
1282 3915 1337 3952 τι
1386 3898 1646 3952 τοιοῦτον·
1691 3896 1914 3966 ὲλάλησε

363 3996 471 4067 γὰρ
485 3994 744 4065 ἐμπαθῶς
772 3994 829 4047 τὺ
857 3991 1153 4063 ἁμάρτημα
1176 3991 1268 4045 τοῦ
1294 3988 1540 4058 ἀδελφοῦ.
1560 3987 1915 4055 Κατακρῖναι

361 4087 419 4141 δέ
445 4089 558 4140 ἐστι
586 4086 647 4140 τὸ
670 4088 862 4149 εἰπεῖν,
895 4084 1076 4137 ὅτιἼ)
1101 4083 1247 4135 δεῖνα
1273 4080 1508 4150 ψεύστης
1536 4080 1669 4143 ἐστὶ,
1701 4080 1915 4149 πόρνος,

362 4178 575 4251 ὀργίλος
592 4194 606 4208 ’
638 4176 745 4230 ίδοὺ
770 4175 875 4247 γὰρ
902 4174 1216 4243 κατέκρινεν
1244 4173 1412 4241 αὐτὴν
1440 4172 1535 4240 τὴν
1558 4170 1794 4224 διάθεσιν
1818 4172 1914 4239 τῆς

364 4269 541 4338 ψυχῆς
578 4265 763 4328 αὑτοῦ,
791 4264 884 4317 καὶ
910 4264 1221 4333 ἀπεφήνατο
1245 4262 1363 4314 καθ’
1394 4261 1513 4315 ὅλου
1544 4259 1636 4312 τοῦ
1668 4260 1778 4329 βίου
1815 4262 1913 4314 αύ-
2010 4283 2038 4320 c

363 4359 458 4414 τοῦ
495 4358 684 4426 λόγων,
727 4357 807 4409 ὅτι
836 4354 1039 4407 τοιόσδε
1076 4354 1255 4405 ἐστίν’
1289 4352 1429 4405 ἄλλο
1458 4352 1563 4423 γάρ
1590 4352 1704 4404 ἐστι
1744 4351 1804 4404 τὸ
1840 4353 1915 4404 εί-

369 4452 509 4514 πεῖν,
546 4446 930 4521 Ὠργίσθη,καὶ
960 4444 1086 4499 ἄλλο
1118 4444 1211 4506 τὸ,
1240 4443 1479 4513 Ὀργίλος
1500 4442 1663 4497 ἐστίν.
1708 4442 1912 4507 ’Βξου-

368 4539 821 4596 δενῶσαιδέὲστι
856 4536 917 4590 τὸ
942 4536 1099 4589 οἱονεὶ
1140 4533 1511 4604 βδελύσσεσθαι
1550 4534 1639 4587 τὸν
1668 4534 1907 4607 πλησίον,

371 4632 462 4686 καὶ
486 4628 848 4701 σικχαίνεσθαι
873 4627 948 4690 ὡς
974 4625 1107 4697 ἀηδῆ
1120 4640 1275 4699 τινα·
1307 4622 1335 4677 ὃ
1359 4625 1450 4676 καὶ
1476 4622 1568 4676 τοῦ
1595 4626 1913 4691 πετακρῖναι
1947 4636 1990 4691 ι)

370 4718 771 4790 δλεθριιὶιτερον.

449 4995 529 5049 Οὐ
579 4992 822 5058 κατῴκει
864 4990 933 5043 ἐν
964 4989 1131 5058 me
1183 4987 1289 5056 τῆς
1334 4988 1525 5053 οικιας
1571 5004 1688 5055 μου
1738 4986 1921 5040 ποιῶν

374 5086 800 5153 ὑπερηφανίαν.
854 5083 998 5135 ΙἈνω
1050 5081 1146 5150 μὲν
1192 5080 1320 5150 περὶ
1370 5077 1524 5147 φίλου
1577 5078 1918 5149 ὑπερηφάνου

377 5176 558 5243 ἔλεγεν
577 5190 589 5205 ·
620 5172 851 5227 ἐνταῦθα
872 5172 933 5225 δὲ
961 5170 1087 5242 περὶ
1114 5169 1378 5239 ὑπηρέτου
1405 5169 1587 5238 φησὶν,
1618 5168 1698 5222 ὅτι
1721 5154 1923 5223 υύδένα

379 5267 487 5321 τῶν
530 5264 796 5335 ὑπεροψία
844 5264 1136 5335 χρωμένων
1181 5261 1421 5315 σύνοικον
1470 5261 1611 5331 ἔχειν
1652 5259 1919 5331 ᾑρούμην,

380 5357 498 5412 οὐδὲ
527 5354 803 5427 πρωτείων
832 5355 923 5406 καὶ
951 5353 1255 5425 παρῥησίας
1288 5350 1500 5421 ἠξιοῦτο
1528 5353 1654 5421 παρ’
1684 5352 1823 5421 ἐμοὶ,
1847 5352 1922 5416 ὡς

379 5447 472 5503 τοῦ
512 5448 568 5500 ὲν
610 5445 756 5515 μέσῳ
790 5447 887 5514 τῆς
930 5443 1100 5507 οίκιας
1140 5443 1445 5519 παρρησίαν
1489 5442 1582 5494 καὶ
1617 5441 1922 5512 ἐλευθερίαν

382 5537 618 5609 ἔχοντος·
652 5537 708 5588 ὲν
730 5534 880 5604 ὕψεσι
908 5534 1015 5604 γὰρ
1043 5535 1297 5589 δεσπότου
1329 5537 1357 5587 ὁ
1381 5532 1631 5595 τοιοῦτος.
1664 5534 1839 5587 Ποιεῖν
1864 5534 1921 5587 δὲ

385 5626 753 5701 ὑπερηφανίαν
784 5626 899 5679 ἐστὶ
932 5626 993 5679 τὸ
1027 5627 1161 5697 μετὰ
1191 5626 1499 5690 ἀλαζονείας
1532 5627 1786 5694 ἐνεργεῖν.
1832 5625 1924 5677 Λέ-

382 5734 471 5788 γοι
495 5720 540 5772 δ’
572 5717 656 5779 ἂν,
689 5716 779 5770 καὶ
802 5717 882 5771 ὅτι
907 5734 919 5748 ·
946 5718 1017 5771 Οὐ
1050 5716 1280 5787 κατῴκει
1305 5721 1361 5771 ὲν
1391 5718 1455 5786 τῇ
1482 5716 1673 5786 καρδίᾳ
1701 5733 1798 5786 μου
1838 5715 1924 5768 λο-

384 5808 577 5878 γισμὸς
615 5806 921 5861 ὑποσάλλων
964 5808 1347 5878 ὑπερηφανίαν.
1397 5805 1607 5861 Δειλῶν
1647 5805 1821 5858 ἄδικα
1852 5809 1923 5860 οὺ

387 5898 746 5955 κατεύθυνεο·
787 5898 1036 5952 ἐνώπιον
1077 5897 1191 5953 τῶν
1222 5894 1535 5963 ὀφθαλμῶν
1567 5913 1697 5951 uov.
1735 5892 1923 5952 Συντό-

2006 724 2097 787 sit,
2128 738 2186 778 se
2204 724 2401 792 pellere
2433 731 2656 778 sanctus
2675 704 2772 776 ille
2798 722 2882 776 vir
2917 720 3069 784 dicit,
3105 734 3213 773 non
3242 725 3418 772 autem
3447 731 3543 772 eos

2003 816 2093 885 qui
2120 830 2300 868 coram
2330 814 2724 867 conviciantur.
2761 811 2809 866 Is
2835 812 2976 866 enim
3006 809 3059 863 in
3083 824 3239 879 quem
3262 807 3544 861 maledicta

2002 906 2389 975 conjiciuntur,
2420 906 2503 960 vel
2534 918 2771 975 praesens
2802 918 2923 958 sese
2954 900 3226 972 purgabit;
3258 900 3341 952 vel
3380 914 3438 953 se
3468 906 3544 950 ta-

2004 1000 2104 1051 lem
2135 1011 2257 1052 esse
2288 998 2588 1060 convictus,
2627 996 2829 1065 pudore
2881 993 3158 1047 aﬂicietur.
3205 989 3386 1043 Potest
3416 988 3543 1041 item

2002 1086 2257 1156 distingui
2285 1084 2604 1159 obtrectatio
2632 1084 2771 1136 clam
2799 1082 2943 1137 edita
2977 1081 3045 1134 ab
3076 1078 3421 1134 accusatione
3456 1090 3545 1129 co-

2002 1194 2113 1233 ram
2132 1176 2314 1247 judice
2332 1176 2493 1231 facta.
2516 1174 2726 1230 Etenim
2747 1175 2863 1243 ipsa
2884 1187 3098 1243 quoque
3116 1170 3173 1224 in
3193 1184 3385 1240 genere
3402 1166 3547 1221 oblo-

2002 1272 2147 1325 cutio
2188 1270 2295 1324 dici
2328 1275 2539 1338 potest;
2580 1266 2671 1322 sed
2704 1279 2822 1335 quas
2859 1265 2997 1317 clam
3037 1278 3148 1316 non
3179 1262 3287 1315 llat.
3317 1257 3546 1313 Fructus

2001 1367 2181 1433 itaque
2202 1369 2403 1417 sanctae
2420 1362 2615 1415 mentis
2634 1358 2794 1413 fuerit
2811 1357 3071 1426 malignos
3089 1338 3322 1408 aversari
3342 1368 3354 1419 ;
3379 1358 3551 1407 extre-

2000 1470 2099 1508 mae
2131 1468 2259 1507 vero
2291 1452 2505 1506 malitia:
2532 1456 2905 1519 argumentum
2928 1452 3117 1501 contra
3153 1443 3371 1497 fratrem
3405 1440 3552 1495 oblo-

1998 1545 2088 1613 qui
2110 1561 2125 1609 ;
2142 1543 2301 1612 idque
2319 1541 2457 1593 clam
2473 1554 2646 1608 neque
2664 1539 2717 1591 in
2735 1544 3047 1606 conspectu,
3075 1549 3143 1588 ne
3157 1532 3249 1602 qui
3266 1536 3553 1585 accusatur

2000 1650 2117 1691 sese
2143 1648 2369 1703 purgare
2398 1631 2604 1696 valeat;
2656 1631 2729 1683 ita
2768 1635 2827 1681 ut
2874 1627 2968 1696 qui
3019 1640 3200 1681 coram
3250 1622 3407 1677 nobis
3456 1620 3547 1675 alii

1999 1724 2287 1785 maledicit,
2311 1738 2377 1776 ne
2399 1722 2616 1790 quidem
2640 1735 2670 1773 a
2693 1718 2854 1772 nobis
2878 1715 3193 1772 vellicandis
3215 1728 3396 1768 coram
3427 1711 3553 1765 aliis

1999 1815 2286 1869 abstineat.
2351 1811 2708 1878 Quamobrem
2783 1805 3095 1878 hujusmodi
3167 1804 3436 1858 hominem
3491 1807 3553 1854 ut

2001 1918 2341 1961 communem
2369 1904 2577 1957 hostem
2606 1901 2869 1971 repellere
2898 1903 3318 1952 consentaneum
3354 1888 3549 1953 fuerit;

2004 2000 2189 2064 utpote
2219 1993 2312 2063 qui
2350 1992 2501 2045 illum
2530 1991 2658 2046 olim
2690 1992 2741 2044 in
2776 1988 3026 2059 paradiso
3054 1986 3341 2040 draconem
3376 1978 3553 2032 imite-

2004 2092 2114 2148 tur,
2142 2083 2235 2151 qui
2268 2088 2456 2135 contra
2508 2080 2673 2135 Deum
2723 2078 3052 2145 obloquens,
3107 2073 3271 2126 Evam
3316 2066 3553 2125 seduxit.

2003 2173 2112 2227 Nos
2157 2179 2338 2225 autem
2383 2184 2483 2224 nec
2513 2168 2922 2228 maledicamus,
2975 2177 3075 2217 nec
3108 2156 3557 2215 maledicentibus

2004 2279 2183 2318 aurem
2216 2260 2568 2329 praebeamus.
2598 2256 2883 2319 Auditum,
2919 2253 3111 2323 inquit,
3142 2265 3331 2304 vanum
3370 2264 3432 2301 ne
3457 2261 3556 2301 ea:-

2004 2353 2166 2421 cipias
2190 2366 2209 2402 :
2243 2365 2349 2403 non
2382 2349 2491 2411 ait,
2522 2363 2591 2401 ne
2618 2344 2846 2413 credas;
2896 2342 3010 2405 sed,
3037 2356 3098 2394 ne
3125 2338 3375 2407 excipias.
3430 2333 3557 2389 Ideo

2006 2434 2269 2512 Propheta
2290 2441 2441 2505 dicit,
2460 2438 2824 2492 Detrahentem
2854 2431 3223 2504 persequebar;
3250 2442 3422 2497 neque
3448 2425 3553 2478 ait:

2005 2533 2121 2589 Non
2150 2532 2432 2588 credebam
2450 2531 2521 2594 ei,
2549 2530 2633 2585 vel
2658 2548 2670 2582 :
2702 2526 2853 2581 Dicta
2882 2526 3001 2594 ejus
3033 2539 3141 2578 non
3166 2517 3511 2574 admittebam
3538 2532 3555 2581 ;

2007 2626 2099 2682 sed
2154 2634 2213 2679 ut
2268 2625 2545 2677 inimicum
2595 2620 2879 2689 pellebam.
2938 2615 3032 2669 Dic
3093 2610 3439 2667 detrahenti:
3498 2605 3557 2660 Si

2008 2717 2310 2789 quempiam
2334 2714 2556 2769 laudare
2586 2713 2690 2775 vis,
2723 2723 2883 2765 aures
2912 2704 3170 2775 aperiam,
3200 2708 3259 2755 ut
3284 2707 3557 2767 unguenta

2010 2809 2303 2879 excipiam;
2332 2807 2416 2862 sin
2446 2804 2767 2859 maledicere
2796 2800 2927 2854 velis
2946 2840 2959 2863 ,
3005 2794 3183 2849 verbis
3213 2793 3319 2845 tuis
3351 2789 3556 2843 aditum

2010 2897 2385 2960 intercludam,
2414 2910 2586 2963 neque
2610 2892 2752 2947 enim
2785 2890 2967 2943 ﬁmum
3012 2896 3065 2941 et
3106 2886 3277 2939 lutum
3312 2879 3560 2948 excipere

2009 2992 2305 3046 sustinebo.
2338 2987 2411 3042 Os
2446 2986 2595 3043 frena
2625 2982 2928 3039 detrahenti
2990 2978 3057 3031 ad
3104 2989 3264 3030 aures
3312 2982 3454 3035 tuas,
3492 2983 3558 3023 ne

2010 3096 2133 3137 cum
2158 3082 2249 3135 illo
2280 3076 2513 3149 duplicis
2546 3076 2751 3146 peccati
2806 3088 2933 3127 reus
2971 3068 3167 3125 evadas
3191 3106 3205 3131 ,
3257 3078 3376 3118 cum
3413 3067 3466 3116 et
3500 3068 3558 3113 tu

2010 3174 2236 3229 exitiose
2261 3170 2397 3225 mori
2431 3182 2737 3231 assuescas,
2773 3173 2826 3221 et
2858 3164 3015 3217 illum!
3039 3176 3068 3213 a
3102 3156 3341 3214 susurris
3370 3157 3559 3207 contra

2013 3263 2311 3335 proximum
2348 3275 2457 3314 non
2482 3260 2809 3315 absterreas.
2842 3253 2920 3309 Ne
2965 3266 3151 3307 aurem
3183 3257 3329 3303 tuam
3363 3246 3559 3315 lingua

2012 3334 2342 3410 detrahentis
2371 3352 2631 3420 praebeas,
2670 3361 2843 3415 neque
2871 3344 3109 3412 linguam
3152 3348 3301 3393 tuam
3336 3334 3562 3388 auribus

2028 3488 2033 3491 .
2096 3442 2273 3513 speria
2331 3444 2606 3495 amantis:
2654 3438 2833 3493 dulcia
2881 3435 3102 3503 loquare
3151 3437 3205 3484 et
3262 3427 3451 3481 audias
3494 3423 3562 3478 de

2012 3539 2277 3609 proximo,
2316 3550 2381 3587 ne
2410 3548 2439 3586 a
2468 3531 2731 3586 charitate
2757 3525 2977 3581 excidas
3002 3563 3017 3588 ,
3043 3528 3093 3575 et
3151 3534 3177 3573 a
3211 3517 3318 3571 vita
3356 3522 3557 3570 :eterna

2011 3632 2216 3685 alienus
2264 3625 2556 3681 inveniare.
2608 3620 2870 3676 Dil‘ferunt
2919 3620 3095 3669 autem
3152 3613 3291 3665 inter
3337 3622 3394 3663 se
3444 3622 3563 3659 con-

2012 3720 2275 3781 demnare,
2331 3715 2590 3785 despicere
2642 3719 2695 3767 et
2739 3707 3029 3763 detrahere.
3088 3700 3221 3759 Nam
3256 3780 3259 3785 Ξ
3290 3696 3562 3751 detrahere

2010 3819 2094 3867 est
2121 3815 2310 3864 contra
2344 3805 2577 3878 aliquem
2610 3803 2769 3859 verba
2822 3799 2999 3854 facere
3024 3835 3038 3858 ,
3087 3780 3440 3862 verbi‘gratia
3480 3788 3561 3842 di-

2012 3915 2133 3955 cere
2157 3917 2168 3952 :
2195 3896 2287 3951 llie
2310 3873 2470 3951 homo
2498 3893 2757 3948 mentitus
2778 3896 2883 3948 est.
2903 3892 3018 3948 aut,
3045 3883 3101 3935 in
3129 3882 3265 3935 iram
3292 3873 3560 3947 prorupit,

2013 4000 2104 4045 aut
2132 3988 2433 4043 mmchatus
2460 3992 2577 4049 est,
2610 3990 2702 4035 aut
2730 3979 2861 4049 quid
2897 3975 3107 4039 simile;
3165 3972 3213 4026 is
3259 3967 3401 4024 enim
3433 3978 3562 4035 pec-

2011 4072 2189 4137 catum
2220 4077 2400 4133 fratris
2426 4075 2512 4130 sui
2540 4088 2607 4129 ex
2633 4069 2799 4124 animi
2832 4072 2979 4123 motu
2996 4061 3271 4119 revelavit.
3303 4055 3560 4142 Candent-

2012 4187 2157 4237 και-ι,
2190 4170 2242 4224 id
2268 4176 2354 4223 est
2384 4164 2564 4221 dicere
2596 4181 2609 4216 :
2646 4159 2792 4213 Talis
2820 4156 2983 4211 homo
3008 4150 3237 4207 mendax
3267 4152 3382 4211 est,
3422 4157 3563 4198 mm-

2010 4354 2258 4410 aﬂectum
2279 4356 2334 4405 et
2352 4361 2511 4403 usum
2542 4342 2838 4402 damnavit.
2879 4352 2941 4393 ac
2978 4343 3163 4389 contra
3196 4338 3363 4407 totam
3398 4326 3563 4381 vitam

2006 4447 2124 4517 ejus
2157 4441 2477 4500 sententiam
2494 4437 2635 4500 tulit,
2658 4433 2844 4489 dicens
2869 4444 2990 4485 eum
3011 4428 3103 4481 illo
3118 4422 3277 4478 modo
3299 4416 3549 4515 allectum

2006 4503 2147 4595 esse.
2178 4532 2339 4588 Aliud
2363 4531 2561 4602 quippe
2603 4534 2688 4581 est
2733 4524 2951 4579 dicere:
2997 4515 3075 4571 ln‘
3104 4515 3238 4569 iram
3285 4503 3561 4602 prorupit;

2017 4624 2163 4681 aliud
2201 4636 2332 4679 vero
2357 4599 2397 4675 ε’
2430 4614 2727 4673 lra‘cundus
2785 4617 2889 4666 est.
2937 4604 3211 4674 Despicere
3256 4604 3435 4653 autem
3480 4599 3565 4649 est

2016 4714 2171 4787 quasi
2207 4711 2466 4769 detestari
2507 4705 2831 4779 proximum,
2866 4705 2920 4754 et
2950 4693 3105 4767 quasi
3134 4690 3380 4747 odiosum
3412 4687 3562 4785 illum

2017 4774 2287 4863 exsecrari
2314 4822 2327 4856 :
2358 4774 2526 4873 quod-
2549 4794 2710 4851 etiam
2746 4793 2861 4862 ipsa
2887 4782 3333 4843 condemnatione
3384 4774 3566 4845 perni-

2018 4898 2220 4955 ciosius
2248 4900 2376 4951 est.‘

2090 4986 2254 5042 Vens.
2295 4986 2343 5037 7.
2386 4980 2507 5034 Non
2536 4974 2805 5031 habitabat
2836 4974 2888 5027 in
2923 4970 3088 5025 medio
3113 4966 3297 5022 domus
3325 4972 3450 5014 mete
3473 4953 3565 5026 qui

2022 5081 2214 5149 faceret
2244 5072 2561 5144 superbiam.
2608 5066 2869 5138 Superius
2889 5063 3106 5135 quidem
3150 5060 3217 5120 de
3263 5051 3438 5149 amico
3464 5061 3562 5102 su-

2022 5142 2187 5241 perbo
2216 5142 2427 5221 locutus
2461 5169 2578 5229 est;
2610 5160 2697 5214 hic
2719 5163 2898 5212 autem
2932 5155 3005 5239 de
3040 5149 3240 5207 famulo
3281 5142 3522 5241 loquitur
3545 5178 3561 5202 ,

2024 5233 2201 5331 aitque
2231 5279 2243 5312 :
2274 5256 2551 5311 Neminem
2584 5267 2770 5319 eorum
2798 5250 2890 5321 qui
2932 5236 3161 5316 superbe
3201 5245 3421 5331 agerent
3467 5233 3566 5331 dos

2024 5327 2305 5408 mesticum
2335 5345 2468 5401 mihi
2497 5342 2789 5415 deligebam
2816 5380 2832 5403 ,
2872 5350 3050 5406 neque
3098 5327 3455 5386 concedebam
3505 5327 3566 5415 ut

2024 5441 2164 5515 apud
2186 5455 2270 5494 me
2304 5438 2506 5508 primas
2534 5414 2780 5490 tenerent
2803 5438 2857 5486 et
2888 5428 3115 5482 ﬁdenter
3143 5430 3364 5492 agerent
3384 5456 3401 5482 ,
3436 5414 3564 5484 quia

2026 5508 2227 5591 scilicet
2255 5530 2302 5586 is
2329 5530 2421 5600 qui
2442 5530 2498 5583 in
2522 5527 2696 5582 medio
2718 5525 2909 5579 domus
2937 5524 3022 5574 est
3047 5515 3299 5571 ﬁduciam
3326 5517 3381 5565 et
3398 5508 3563 5600 liber-

2024 5632 2187 5681 tatem
2221 5598 2462 5677 obtinet:
2505 5630 2629 5674 nam
2661 5612 2969 5691 hujusmodi
2998 5610 3159 5664 homo
3182 5608 3238 5661 in
3269 5600 3440 5658 oculis
3466 5598 3568 5652 do-

2025 5718 2157 5775 mini
2184 5722 2449 5770 versatur.
2479 5711 2796 5781 Superbiam
2824 5720 2954 5763 vero
2989 5704 3185 5762 facere.
3216 5705 3298 5752 est
3323 5708 3445 5749 cum
3477 5706 3568 5745 ar-

2024 5808 2266 5879 rogantia
2297 5822 2355 5861 se
2380 5818 2580 5875 gerere.
2608 5800 2807 5855 Dixerit
2838 5801 2962 5854 item
2990 5816 3001 5851 :
3040 5793 3155 5847 Non
3186 5786 3462 5879 habitabat
3495 5783 3567 5879 in

2028 5874 2187 5955 corde
2214 5912 2334 5953 meo
2364 5874 2617 5953 cogitatio
2647 5891 2952 5951 superbiam
2985 5895 3295 5951 suggerens.
3334 5878 3439 5953 Qui
3485 5874 3569 5929 lo-
