4318 6408
793 463 928 518 1247

1403 502 1407 506 .
1481 455 1737 510 EUSEBII
1769 448 2234 510 CAESARIENSIS
2272 444 2420 502 OPP.
2459 444 2638 502 PARS
2675 445 2758 498 lli.
2808 473 2868 485 —-
2929 445 3330 501 EXEGETICA.

3817 449 3953 506 1218

791 582 1039 653 quatiatur
1067 580 1258 648 iniqua,
1287 593 1384 631 non
1411 579 1662 647 dirigebat
1689 581 1740 631 in
1755 586 2027 645 conspectu
2056 574 2319 627 oculorum
2348 574 2392 629 Α
2423 585 2496 638 μω

2250 585 2319 624 mt
2348 574 2392 629 Α
2423 585 2535 638 μως
2564 570 2755 632 ειπεῖν,
2792 569 2967 620 πᾶσαν
3006 566 3215 620 ἀδικίαν
3245 566 3676 636 ἀπεστρεφόμην,
3702 568 3816 621 οὐδὲ
3854 572 3955 640 τὴν

793 687 1035 725 ineorum.
1070 668 1137 722 Ut
1156 667 1470 736 compendio
1499 667 1673 720 dicam
1696 706 1713 730 ,
1755 681 1968 722 omnem
2005 665 2322 732 injustitiam

793 760 1094 818 aversabar.
1113 772 1287 825 neque
1303 758 1384 810 vel
1408 757 1688 810 verborum
1716 764 1876 810 tenus
1899 769 2015 809 eam
2046 754 2276 808 ferebam
2306 772 2319 807 :

791 863 913 902 nam
944 848 1032 917 qui
1059 845 1375 914 loquebatur
1402 845 1584 913 iniqua
1609 844 1740 897 nihil
1765 844 2129 913 promovebat,
2152 858 2323 910 neque

789 939 925 992 bene
949 953 1059 991 rem
1086 935 1302 1006 gerebat
1335 935 1387 987 in
1419 942 1706 1004 conspectu
1737 949 1876 997 meo,
1904 948 2004 987 nec
2033 949 2094 986 ea
2121 948 2238 1002 qua:
2268 935 2322 986 in

791 1027 969 1080 animo
998 1025 1218 1079 haberet
1249 1025 1574 1092 perﬁciebat.

859 1111 1020 1167 Vens.
1048 1112 1107 1173 ¹8.
1150 1110 1213 1163 1η
1245 1111 1496 1164 matutino
1526 1108 1897 1176 interﬁciebam
1933 1123 2104 1160 omnes
2146 1122 2323 1173 pecca-

790 1213 924 1255 tores
957 1209 1124 1262 terra,
1155 1211 1209 1253 ut
1237 1198 1582 1266 disperderem
1603 1203 1663 1251 de
1691 1196 1899 1249 ciuitate
1920 1195 2129 1248 Domini
2150 1211 2322 1247 omnes

785 1298 1055 1357 operante:
1079 1290 1422 1352 iniquitatem.
1454 1286 1551 1338 Hic
1583 1291 1843 1348 exactam,
1878 1284 2122 1338 stabilem
2151 1295 2203 1337 et
2237 1300 2324 1338 so-

695 1420 700 1426 .
789 1380 970 1432 briain.
999 1377 1219 1445 iustitia:
1252 1377 1512 1429 rationem
1545 1374 1836 1428 describit:
1868 1388 1990 1426 nam
2023 1373 2116 1435 ait,
2152 1388 2324 1441 neque

790 1471 870 1522 ira
896 1508 910 1532 ,
961 1485 1132 1537 neque
1161 1469 1391 1522 ebrietas
1432 1467 1628 1520 caedem
1663 1465 1790 1517 milii
1836 1465 2193 1533 suggerebat:
2243 1466 2323 1518 ira

788 1560 979 1626 quippe
1009 1559 1217 1611 etiarnsi
1267 1558 1510 1611 hesterna
1552 1555 1638 1610 die
1687 1570 1770 1608 me
1816 1555 2219 1624 inflammabat;
2267 1564 2324 1608 at

789 1648 1137 1700 diuturnitate
1170 1647 1344 1701 noctis
1400 1647 1641 1714 mitigata
1673 1645 1876 1711 fuerat;
1911 1647 2144 1700 ebrietas
2170 1661 2318 1711 vero,

790 1737 911 1789 Περι
943 1737 1121 1805 gravis
1168 1735 1484 1804 vespertinis
1527 1735 1669 1788 horis
1718 1736 1999 1799 adfuisset,
2029 1751 2218 1791 somno
2246 1744 2322 1789 ta-

789 1840 909 1878 men
939 1825 1182 1878 discussa
1211 1823 1403 1877 fuerat.
1462 1823 1605 1876 Pura
1631 1825 1811 1892 itaque
1857 1839 2018 1877 manu
2051 1831 2104 1877 et
2145 1832 2320 1879 mente

787 1921 980 1968 contra
1027 1927 1119 1966 eos
1146 1914 1235 1980 qui
1274 1914 1327 1965 in
1358 1912 1522 1967 Deum
1553 1919 1902 1982 peccaverant
1950 1913 2240 1968 instructus
2269 1922 2321 1968 et

789 2013 1026 2058 armatus
1047 2019 1212 2065 eram.
1238 2020 1409 2074 neque
1436 2021 1498 2058 ex
1531 2006 1654 2059 vino
1679 2021 1849 2074 neque
1870 2022 1932 2059 ex
1958 2007 2033 2058 ira
2056 2007 2234 2060 animo
2260 2023 2321 2062 ac

789 2093 1050 2145 sententia
1077 2093 1400 2160 decipiebar.
1448 2091 1766 2147 Peccatores
1802 2103 1978 2147 autem
2013 2110 2118 2148 non
2148 2097 2319 2149 solum

792 2194 886 2248 per
914 2180 1214 2256 universam
1245 2189 1464 2242 terram,
1488 2180 1581 2235 sed
1609 2196 1703 2236 eos
1730 2182 1886 2235 etiam
1916 2183 2008 2252 qui
2043 2185 2098 2238 in
2122 2185 2323 2238 ditione

789 2283 918 2324 mea-
935 2278 1089 2324 erant
1135 2271 1444 2324 occidebam
1474 2290 1488 2325 :
1518 2287 1690 2339 neque
1739 2273 1895 2327 simul
1944 2290 2130 2330 omnes
2158 2316 2174 2340 ,
2226 2278 2321 2332 sed

790 2360 949 2413 modo
979 2361 1144 2423 iitum,
1177 2373 1299 2413 mox
1333 2360 1515 2415 aiium.
1537 2390 1546 2402 ι
1567 2359 1763 2414 Verum
1809 2363 2008 2416 nemini
2039 2372 2168 2434 puto
2213 2381 2321 2421 non

789 2450 1128 2503 manifestum
1157 2466 1278 2504 esse
1305 2449 1415 2504 haec
1441 2451 1772 2521 tenigmatice
1801 2452 1943 2506 dicta
1975 2455 2176 2522 fuisse;
2223 2473 2318 2510 ue-

789 2555 894 2608 que
931 2541 1070 2593 enim
1101 2556 1163 2594 ea
1189 2549 1271 2596 est
1301 2542 1427 2596 dicti
1453 2544 1737 2609 sententia,
1766 2560 1848 2598 me
1877 2547 2184 2604 ineuntibus
2205 2548 2320 2604 sin-

789 2629 927 2698 gulis
986 2629 1173 2682 diebus
1227 2629 1461 2684 humano
1523 2633 1780 2701 sanguine
1830 2648 2023 2689 manus
2092 2635 2322 2692 ftedasse

792 2731 938 2771 meas
967 2736 980 2771 :
1012 2717 1064 2770 id
1101 2719 1242 2770 enim
1276 2728 1631 2789 praeterquam
1659 2721 1802 2790 quod
1837 2722 2206 2778 detestandum
2239 2741 2323 2780 es-

788 2818 891 2872 set,
921 2811 1223 2880 nullatenus
1257 2813 1511 2869 credibile
1554 2823 1656 2869 est.
1713 2817 1996 2881 Quomodo
2039 2822 2181 2873 enim
2211 2823 2324 2874 sin-

789 2901 927 2972 gulis
954 2905 1233 2958 matutinis
1263 2920 1448 2968 omnes
1477 2916 1783 2973 peccatores
1805 2917 1963 2962 terrae
2013 2924 2169 2963 manu
2198 2925 2321 2979 pro-

793 2989 906 3058 pria
942 2991 1201 3046 coniicere
1235 2993 1534 3060 potuisset?
1566 2992 1746 3062 Neque
1771 2997 1912 3050 enim
1956 3013 2097 3053 unus
2136 3013 2323 3055 omnes

792 3093 1043 3148 superare
1067 3081 1340 3145 valuisset,
1371 3098 1492 3136 cum
1512 3123 1528 3148 ,
1553 3090 1611 3135 ut
1648 3085 1933 3140 verisimile
1971 3097 2085 3153 est,
2131 3103 2321 3158 magna

791 3178 932 3224 esset
964 3179 1300 3238 peccatorum
1327 3173 1611 3226 multitudo
1636 3192 1649 3228 :
1681 3189 1743 3227 ac
1760 3176 1802 3228 si
1821 3190 1913 3231 eos
1929 3177 1981 3230 in
2003 3179 2136 3232 bello
2160 3179 2316 3233 vicis-

792 3269 1003 3322 set,uno
1022 3261 1072 3312 in
1091 3262 1350 3315 matutino
1362 3277 1544 3317 omnes
1562 3263 1938 3330 interfecisset,
1955 3283 2125 3337 neque
2141 3262 2322 3338 singu-

795 3347 860 3402 lis
877 3351 1158 3404 matutinis
1177 3353 1322 3420 ipsos
1344 3353 1557 3421 pr0pria
1585 3369 1744 3408 manu
1775 3356 2150 3413 interemisset.
2181 3359 2320 3425 Quid

795 3440 972 3508 itaque
1000 3442 1260 3511 signiﬁcet
1280 3444 1445 3497 illud?
1471 3444 1739 3501 Attentius
1762 3457 1813 3502 et
1833 3437 2157 3517 prudentius
2181 3450 2322 3505 dicta

796 3530 1170 3600 intelligamus,
1193 3549 1261 3587 ne
1288 3536 1600 3604 prophetica
1633 3539 1849 3590 oracula
1876 3525 2140 3594 mendacii
2169 3556 2324 3594 accu-

795 3635 999 3683 semus,
1039 3621 1180 3690 quod
1229 3623 1378 3677 nefas
1411 3627 1812 3689 esset.‘Civitas
1865 3627 2071 3682 Domini
2097 3639 2180 3684 est
2220 3633 2322 3685 bu-

796 3725 966 3765 manae
991 3719 1272 3764 structurae
1301 3716 1645 3782 compositio;
1678 3726 1985 3784 peccatores
2008 3728 2186 3775 autem
2214 3729 2322 3776 ter-

797 3816 870 3855 rae
897 3802 931 3853 ii
963 3809 1086 3854 sunt
1119 3801 1185 3855 de
1208 3803 1797 3874 quibus’Salvatorait,
1831 3808 1904 3859 Ab
1928 3811 2065 3863 intus
2092 3826 2155 3864 ea:
2173 3811 2326 3865 corde

795 3898 976 3943 exeunt
1003 3890 1337 3959 cogitationes
1370 3894 1542 3956 malai,
1570 3893 1874 3960 homicidia,
1910 3898 2186 3962 adulteria,
2219 3899 2326 3966 [or-

797 3980 1106 4043 nicatio’nes,
1172 3981 1347 4047 (uua,
1400 3981 1540 4048 falsa
1595 3985 1920 4047 testimonia,
1976 3987 2320 4054 blasphemiae.

800 4066 926 4120 Haec
953 4077 1092 4131 sunt,
1117 4085 1232 4137 quae
1256 4071 1588 4140 coinquinant
1632 4072 1886 4154 hominem
1915 4076 1977 4130 ¹¹.
2011 4075 2119 4131 Hos
2148 4088 2324 4132 autem

800 4166 1106 4223 peccatores
1135 4175 1200 4213 ex
1229 4166 1386 4222 terra‘
1405 4168 1573 4224 ortos,
1606 4162 1661 4214 id
1691 4170 1792 4227 est,
1826 4179 1890 4218 ex
1929 4171 2140 4219 terrena
2166 4181 2328 4222 carne

790 4245 1136 4314 prodeuntes,
1167 4250 1293 4303 dum
1320 4249 1541 4319 singulae
1563 4251 1628 4306 de
1677 4251 1782 4307 Deo
1810 4255 2160 4324 cogitationes
2197 4271 2326 4309 exo-

802 4334 1114 4402 riuntur,ex
1139 4341 1351 4408 propria
1379 4349 1650 4395 structura
1680 4345 1817 4396 tollit
1847 4345 1938 4413 qui
1970 4360 2088 4400 sese
2115 4356 2322 4416 purgat.
2363 4391 2372 4399 .

799 4425 1116 4481 Matutinum
1145 4436 1320 4483 autem
1361 4439 1416 4485 et
1444 4432 1737 4487 diluculum
1771 4436 1823 4488 in
1859 4436 2036 4488 anima
2065 4445 2171 4502 est,
2192 4453 2325 4509 quo-

2424 657 2584 728 μέχρι
2621 658 2791 726 λόγων
2831 659 3144 727 ὑπομένων*
3176 657 3204 708 ὁ
3247 656 3354 727 γὰρ
3395 656 3567 711 λαλῶν
3609 658 3766 712 ἄδικα
3805 662 3956 715 οὐδὲν

2421 748 2595 816 ήνυεν,
2642 748 2738 799 οὐκ
2781 747 3036 800 εὺωδοῦτο
3079 746 3301 800 ἐνώπιόν
3348 762 3468 816 μου,
3501 747 3561 800 οὐ
3605 747 3878 820 κατώρθου
3917 751 3956 806 ἃ

2422 838 2762 900 ἐσπούδαζεν.

2493 1103 2598 1165 Εις
2614 1100 2719 1166 τὰς
2735 1103 2951 1168 πρωτας
2979 1101 3324 1157 ἀπέκτεινον
3353 1103 3579 1170 πάντας
3611 1104 3747 1169 τοὺς
3778 1103 3958 1173 ἁμαρ-

2422 1189 2643 1255 τωλοὺς
2688 1189 2797 1257 τῆς
2842 1190 2971 1259 γῆς,
3019 1191 3122 1245 τοῦ
3157 1193 3576 1261 ἐξολοθρεῦσαι
3625 1194 3691 1247 ἐκ
3733 1195 3958 1260 πόλεως

2421 1281 2634 1345 Κυρίου
2662 1279 2890 1344 πάντας
2930 1280 3066 1346 τοὺς
3101 1279 3514 1350 ἐργαζομένους
3555 1282 3667 1350 τὴν
3703 1283 3954 1338 ἀδικίαν.

2421 1371 2490 1422 Τὸ
2514 1371 2732 1440 ἀκριϐὲς
2752 1374 2841 1424 καὶ
2866 1371 3093 1434 ἀπλανὲς
3118 1373 3209 1426 καὶ
3237 1373 3488 1441 νηφάλιον
3514 1379 3609 1445 τῆς
3648 1375 3800 1446 δίκης
3825 1394 3961 1445 παρ-

2425 1460 2630 1526 ίστησιν
2667 1478 2678 1489 ·
2731 1461 2810 1512 ὅτι
2873 1459 2993 1512 οὕτε
3042 1461 3231 1531 θυμὸς,
3283 1463 3462 1533 φησὶν,
3509 1463 3628 1518 οὗτε
3675 1465 3810 1535 μέθη
3859 1468 3956 1536 τὴν

2421 1551 2691 1619 ἀναίρεσιν
2721 1552 2998 1605 ὑπετίθετο
3015 1570 3027 1583 °
3061 1553 3089 1604 ὁ
3111 1553 3210 1623 μὲν
3234 1553 3340 1625 γὰρ
3366 1553 3529 1623 θυμὸς
3547 1557 3593 1607 εί
3622 1558 3714 1608 καὶ
3746 1559 3808 1627 τῇ
3832 1557 3958 1626 χθὲς

2419 1641 2600 1709 ἡμέρᾳ⁵
2631 1640 2960 1709 παρώξυνε-ν,
2991 1641 3124 1695 ἀλλά
3159 1642 3245 1695 διὰ
3281 1643 3369 1694 τοῦ
3412 1644 3612 1713 μήκους
3643 1648 3737 1714 τῆς
3769 1647 3956 1709 νυκτὸς

2421 1729 2749 1798 ἐμαλάσσετο
2771 1747 2783 1759 ·
2831 1734 2862 1801 ἡ
2895 1732 2950 1783 δὲ
2981 1731 3135 1802 μέθη,
3169 1733 3271 1786 κᾶν
3307 1733 3458 1801 ὀψίας
3496 1731 3657 1804 πολλὴ
3697 1735 3952 1803 προσεγίο

2421 1835 2556 1880 νετο,
2589 1817 2674 1870 διὰ
2702 1817 2792 1870 τοῦ
2827 1817 2989 1870 ὕπνου
3023 1821 3220 1883 ίκανῶς
3251 1821 3580 1876 ὲλεπτύνετο.
3614 1821 3837 1894 Καθαρᾷ
3862 1823 3957 1878 οὖν

2353 1891 2391 1947 θ
2420 1909 2507 1960 καὶ
2535 1911 2674 1979 χειρὶ
2699 1911 2791 1962 καὶ
2823 1909 3012 1982 γνώμῃ
3040 1912 3179 1963 κατὰ
3211 1912 3318 1965 τῶν
3349 1915 3425 1974 είς
3467 1913 3595 1966 Θεὸν
3624 1891 3956 1984 ἁμαρτανόν-

2418 2015 2523 2050 των
2555 2000 2940 2072 ἐξωπλιζόμην,
2971 2003 3103 2071 μήτε
3138 2003 3234 2072 τῆς
3277 2003 3335 2066 ἐξ
3375 2003 3515 2055 οῐνου
3547 2005 3784 2074 γνώμης,
3816 2007 3953 2076 μήτε

2417 2089 2515 2156 τῆς
2558 2091 2621 2140 ἐκ
2667 2090 2834 2160 θυμοῦ
2887 2093 3219 2162 σφαλλούσης
3274 2095 3362 2145 τὸν
3405 2093 3673 2163 λογισμόν.
3723 2096 3857 2156 Τοὺς
3894 2095 3953 2149 δι

2418 2178 2765 2247 ἁμαρτωλοὺς
2795 2181 3105 2236 ἀπέκτεινον
3134 2183 3228 2252 οὐχ
3257 2183 3435 2246 ἁπλῶς
3459 2184 3673 2254 ἀπάσης
3706 2185 3800 2253 τῆς
3826 2187 3950 2255 γῆς,

2418 2274 2549 2326 ἀλλά
2585 2275 2684 2343 τῆς
2715 2276 2801 2326 ὑπ’
2830 2278 2926 2345 ἐμέ
2943 2293 2956 2307 ·
2982 2279 3074 2330 καὶ
3101 2279 3303 2340 πάντας
3328 2278 3382 2331 δὲ
3406 2279 3502 2347 οὐχ
3528 2279 3660 2348 ἅμα,
3691 2279 3825 2332 ἀλλὰ
3856 2279 3953 2332 νῦν

2422 2366 2518 2435 μὲν
2544 2366 2748 2429 τοῦτον,
2789 2367 2882 2420 νῦν
2915 2368 2969 2419 δὲ
3011 2369 3230 2420 ἐκεῖνον.
3269 2369 3479 2421 Μᾶλλον
3506 2370 3559 2423 δὲ
3598 2371 3753 2422 τοῦτο
3791 2372 3951 2424 παντί

2418 2472 2516 2508 που
2551 2455 2722 2525 δῆλον,
2750 2457 2828 2508 ὅτι
2860 2458 2914 2508 ἐν
2944 2457 3217 2525 αἰνίγματι
3258 2457 3672 2526 κεκαλυμμένους
3705 2461 3912 2530 εἴρηται
3935 2477 3948 2491 ·

2417 2547 2474 2597 οὐ
2503 2548 2608 2616 γὰρ
2639 2547 2719 2599 ὅτι
2756 2546 2873 2598 καθ’
2913 2547 3141 2616 ἑκάστην
3176 2546 3495 2618 ἀρχὴὶζεῆς
3522 2549 3731 2619 ἡμέρας
3760 2550 3948 2619 αἵματι

2417 2637 2708 2707 ἀνθρώπων
2736 2652 2831 2701 τας
2861 2643 3042 2710 χεῖρας
3073 2640 3426 2709 ἑμολυνομην,
3451 2639 3510 2692 οὐ
3548 2639 3702 2692 τοῦτό
3730 2656 3890 2710 φησιν
3917 2643 3949 2694 ὁ

2417 2725 2595 2791 λόγος·
2623 2725 2776 2778 τοῦτο
2807 2729 2911 2797 γὰρ
2943 2728 3076 2798 πρὸς
3102 2727 3178 2796 τῷ
3204 2727 3386 2794 ὲναγεέ
3418 2727 3496 2778 ἔτι
3527 2726 3620 2779 καὶ
3663 2726 3720 2778 τὸ
3763 2724 3954 2778 ἀπίθαρ

2418 2832 2502 2867 νον
2552 2815 2677 2883 ἔχει.
2729 2816 2845 2878 Πῶς
2888 2818 2993 2886 γὰρ
3039 2818 3250 2870 πάντων
3290 2817 3514 2885 ηδύνατο
3555 2816 3674 2870 καθ’
3719 2816 3952 2886 ἑκάστην

2418 2907 2624 2978 πρωταν
2655 2906 2898 2976 αὐτόχειρ
2925 2908 3160 2973 γίνεσθαι
3190 2907 3298 2971 τῶν
3332 2906 3662 2978 ἁμαρτωλῶν
3691 2904 3790 2974 τῆς
3815 2904 3947 2975 γῆςῖ

2416 2995 2488 3046 UO
2521 2995 2625 3064 γὰρ
2671 2995 3036 3065 περιγίνεσθαι
3081 2996 3295 3048 πάντων
3333 2995 3551 3047 δυνατὸν
3591 2995 3706 3056 ινα,
3748 2993 3952 3047 πολλῶν

2415 3080 2520 3132 τῶν
2545 3080 3015 3151 ἐξαμαρτανόντων
3047 3086 3124 3144 εἰς
3149 3083 3208 3135 τὸ
3231 3082 3377 3145 είκὸς
3411 3081 3606 3137 ὅντωνο
3637 3083 3730 3137 καὶ
3766 3085 3813 3136 ει
3851 3099 3950 3137 πομ-

2418 3170 2564 3240 λέμῳ
2613 3171 2787 3224 αὐτῶν
2833 3172 3264 3243 ιιατεκράτησεν,⁵
3296 3180 3355 3225 εν
3408 3173 3504 3243 μιᾷ
3561 3173 3625 3226 ἂν
3674 3173 3950 3226 ἀπέκτεινε

2422 3263 2595 3330 πρωῖα
2645 3264 2768 3323 τοὺς
2829 3263 3158 3332 σύμπαντας,
3215 3265 3329 3317 ἀλλ’
3383 3264 3503 3334 οὐχὶ
3550 3263 3668 3318 καθ’
3721 3265 3953 3336 ἑκάστην

2419 3354 2626 3423 πρωῖαν
2665 3353 2911 3423 αὐτόχειρ
2937 3354 3112 3406 αὐτῶν
3149 3355 3372 3421 ἐγίνετο.
3407 3355 3470 3407 Τί
3500 3351 3592 3408 οὖν
3614 3354 3766 3408 τοῦτό
3805 3357 3947 3421 tm;

2419 3443 2776 3514 Συνετώτερον
2797 3445 2897 3498 τῶν
2927 3445 3222 3513 λεγομένων
3251 3446 3582 3516 ἀκούσωμεν,
3615 3447 3700 3499 ἵνα
3731 3445 3802 3517 μὴ
3823 3463 3954 3500 κατ-

2419 3535 2771 3603 ηγορήσωμεν
2827 3535 2919 3588 ἐπὶ
2951 3535 3129 3603 ψεύδει
3158 3535 3264 3588 τῶν
3305 3535 3644 3607 προφητικῶν
3677 3535 3886 3605 λογίων,
3920 3536 3953 3591 ὃ

2423 3624 2494 3691 μὴ
2521 3622 2692 3692 θέμις.
2733 3623 2888 3686 Πόλις
2909 3624 3000 3676 τοῦ
3024 3626 3225 3696 Κυρίου
3259 3628 3293 3696 ὴ
3327 3625 3577 3688 σύστασίς
3605 3626 3720 3679 ἐστι
3739 3627 3833 3695 τῆς
3855 3625 3947 3680 ἁν-

2421 3712 2690 3781 θρωπίνης
2722 3715 3087 3784 κατασκευῆς·
3136 3715 3443 3784 ἁμαρτωλοὶ
3471 3715 3528 3767 δὲ
3554 3715 3675 3784 γῆς,
3717 3717 3842 3785 περὶ
3877 3709 3951 3769 ὧν

2419 3818 2579 3871 φησιν
2608 3803 2635 3854 ό
2663 3802 2868 3872 Σωτὴρ,
2901 3803 2980 3855 ὅτι
3003 3804 3254 3858 Ἔσωθεν
3286 3805 3353 3857 ἐκ
3381 3803 3488 3870 τῆς
3520 3790 3760 3871 καρδίας
3788 3803 3951 3871 ἐξέρ-

2423 3909 2622 3957 χονται
2668 3894 2940 3961 λογισμοὶ
2982 3893 3246 3958 πονηροὶ.
3278 3895 3466 3961 φόνοι,
3498 3894 3768 3962 μοιχεῖαι,
3807 3907 3952 3962 πορ-

2418 3985 2568 4039 νεῖαι
2595 4027 2608 4046 ,
2664 3985 2876 4039 κλοπαὶ
2904 4024 2917 4047 ,
2977 3984 3500 4052 ψευδομαρτυρίαι,
3554 3984 3948 4052 βλασφημίαι.

2424 4073 2611 4127 Ταῦτά
2630 4075 2758 4126 ἐστι
2797 4071 2868 4126 τὰ
2883 4071 3204 4126 κοινοῦντα
3239 4072 3352 4124 τὸν·
3379 4071 3699 4137 ἄνθρωπον.
3727 4071 3954 4135 Τούτους

2420 4164 2482 4234 δὴ
2509 4166 2630 4226 τοὺς
2676 4167 2739 4218 ὲκ
2781 4167 2877 4233 τῆς
2922 4164 3024 4232 γῆς
3067 4163 3431 4233 ἁμαρτωλοὺς,
3469 4160 3706 4214 τουτέστι
3734 4161 3858 4225 τοὺς
3888 4163 3954 4220 ιχ

2420 4257 2514 4325 τῆς
2542 4257 2730 4324 γηῖνης
2776 4255 2967 4324 σαρκὸς
2996 4255 3292 4323 προϊόντας,
3329 4250 3447 4306 καθῗ
3485 4252 3716 4313 ἑκάστην
3749 4250 3952 4304 ἔννοιαν

2419 4344 2516 4411 τὴν
2553 4345 2678 4413 περὶ
2714 4343 2844 4397 Θεοῦ
2872 4343 3174 4409 ἑξαφανίζει
3213 4345 3275 4395 ὲκ
3301 4342 3399 4411 τῆς
3442 4343 3574 4404 ιδίας
3599 4341 3898 4402 συστάσεως
3924 4342 3955 4393 6

2422 4432 2623 4483 ἑαυτῶν
2655 4431 3011 4501 ἐκκαθαίρων.
3056 4432 3241 4502 Πρωΐα
3276 4427 3368 4483 οὖν
3401 4433 3489 4484 καὶ
3515 4429 3705 4498 θρθρος
3727 4430 3786 4480 ὲν
3808 4426 3951 4496 ψυχῆ

800 4516 902 4570 ties
925 4517 1175 4573 salutaris
1211 4520 1474 4588 dogmatis
1523 4534 1672 4578 ortus
1722 4526 1949 4590 accidit,
1994 4541 2103 4595 quo
2140 4543 2324 4584 omnes
2355 4528 2398 4580 D
2426 4521 2505 4572 ml

2244 4546 2324 4584 ιεε
2355 4528 2398 4580 D
2426 4521 2539 4572 καθ’
2569 4521 2796 4590 ἑκάστην
2833 4520 3087 4589 ἀνατόλὴν
3120 4520 3382 4589 σωτηρίου
3423 4509 3682 4586 δόγματος
3725 4516 3949 4583 γίνεται,

801 4605 1312 4678 cogitationemque
1348 4622 1636 4680 operantur
1664 4615 2018 4684 iniquitatem,
2051 4617 2116 4672 de
2154 4620 2328 4674 medio

801 4695 915 4747 tolli
942 4705 1168 4764 oportet.
1192 4697 1304 4752 Nisi
1334 4701 1475 4752 enim
1505 4703 1658 4770 primi
1686 4703 1876 4756 animae
1908 4711 2084 4758 motus
2115 4705 2179 4757 ad
2211 4719 2324 4760 ma-

801 4785 970 4839 litiam
1010 4787 1409 4853 exscindantur,
1436 4794 1798 4846 necessarium
1837 4802 1921 4847 est
1957 4795 2232 4862 cupidines
2260 4797 2325 4849 ad

802 4888 938 4942 opus
961 4875 1265 4941 procedere.
1304 4875 1541 4947 Exempli
1567 4894 1748 4941 causa.
1779 4891 2028 4949 peccator
2059 4891 2215 4938 terra:
2244 4892 2327 4938 est

803 4965 1055 5030 cogitatio
1109 4965 1510 5022 fornicationem
1548 4983 1866 5039 suggerens,
1913 4988 2029 5042 qua:
2068 4973 2224 5028 eﬂicit
2271 4982 2332 5028 ut

805 5057 928 5120 quis
955 5056 1232 5109 mulierem
1273 5058 1521 5125 respiciat
1562 5059 1628 5112 ad
1661 5062 2142 5136 concupiscendum
2173 5080 2325 5120 eam:

808 5141 920 5194 haec
952 5156 1111 5210 porro
1143 5143 1244 5197 nisi
1277 5144 1330 5198 in
1354 5146 1528 5198 anima
1557 5149 1829 5204 occidatur
1854 5189 1867 5214 ,
1907 5164 1968 5204 ac
2001 5154 2206 5208 ratione
2229 5168 2326 5209 ceu

808 5230 982 5300 gladio
1003 5234 1272 5287 scindente
1295 5244 1346 5288 et
1374 5234 1593 5291 aﬂ'ectus
1620 5241 1834 5309 tollente
1867 5241 2096 5297 credatur
2117 5284 2132 5306 ,
2171 5245 2330 5313 idque

814 5322 864 5375 in
899 5323 1155 5375 matutino
1175 5323 1450 5388 elliciatur,
1473 5327 1675 5381 scilicet
1707 5345 1826 5384 cum
1859 5333 2085 5402 primum
2117 5336 2206 5389 illa
2235 5348 2330 5404 pa-

817 5415 916 5466 lam
967 5412 1378 5479 deprehenditur
1423 5419 1565 5485 (nam
1613 5419 1824 5487 quidvis
1861 5426 2205 5494 conspicuum
2237 5426 2330 5478 lux

813 5504 936 5573 est),
970 5510 1088 5572 post
1120 5504 1259 5556 illam
1292 5507 1344 5559 in
1376 5507 1537 5563 corde
1578 5509 2000 5582 fornicatione,
2025 5515 2090 5569 ad
2115 5517 2330 5585 gravius

819 5593 971 5645 etiam
1002 5601 1276 5662 peccatum
1321 5595 1408 5649 illa
1450 5597 1716 5657 hominem
1757 5601 2094 5672 deducet;.id
2119 5611 2222 5672 est,
2265 5604 2330 5660 ad

893 5743 928 5771 “
972 5739 1152 5798 Matth.
1186 5760 1268 5810 xv.
1309 5745 1389 5810 l9,
1417 5745 1502 5800 20.

2424 4612 2480 4661 ὲν
2593 4608 2999 4676 ὲξαφανίζεσθαι
3038 4609 3119 4660 δεῖ
3162 4609 3361 4668 πάντας
3394 4608 3517 4668 τοὺς
3562 4605 3950 4676 ἐργαζομένους

2423 4700 2517 4768 τὴν
2549 4699 2772 4769 ἀνομίαν
2815 4697 3116 4766 λογισμούς.
3155 4699 3217 4749 Et
3250 4690 3461 4766 γὰρ’μη
3493 4696 3560 4750 τὰ
3594 4695 3781 4766 πρῶτα
3816 4699 3950 4766 πρὸς

2424 4790 2681 4860 πονηρίας
2700 4791 2967 4858 κινήματα
2991 4790 3087 4856 τῆς
3111 4787 3282 4858 ψυχῆς
3309 4787 3620 4857 ἐκτμηθείη,
3644 4787 3848 4856 ἀνάγκη
3873 4789 3951 4849 εις

2424 4880 2577 4950 ἔργον
2602 4881 2948 4950 προχωρῆσαι
2979 4879 3068 4942 τὰς
3089 4879 3428 4948 ὲνθυμήσεις’
3455 4873 3564 4929 οἷον
3591 4876 3689 4944 γῆς
3709 4876 3954 4946 ἁμαρτω-

2423 4970 2512 5032 λός
2543 4973 2684 5023 ἐστιν
2716 4973 2743 5020 ὁ
2771 4973 2868 5030 τὴν
2899 4969 3133 5041 μοιχείαν
3161 4968 3469 5022 ὑποσάλλων
3496 4966 3777 5035 λογισμὸς,
3807 4968 3961 5031 ὅστις·

2425 5062 2630 5130 ἐνεργεῖ
2653 5061 2713 5113 τὸ
2741 5060 3000 5128 ἐμϐλέψαι
3027 5060 3236 5126 γυναικὶ
3271 5058 3402 5127 πρὸς
3425 5057 3484 5108 τὸ
3509 5056 3833 5126 ἐπιθυμῆσαι
3857 5060 3954 5109 αὐ-

2425 5155 2517 5223 τῆς
2537 5170 2548 5182 ·
2576 5145 2725 5215 οὗτος
2744 5155 2838 5204 ὲαν
2864 5153 2935 5222 μὴ
2961 5149 3263 5218 ἀποκτανθῇ
3289 5149 3352 5200 ὲκ
3377 5148 3470 5216 τῆς
3488 5148 3679 5218 ψυχῆς,
3699 5150 3856 5202 οἱονεὶ
3879 5149 3954 5213 ξί-

2428 5262 2512 5312 φει
2531 5245 2632 5296 τινὶ
2655 5243 2730 5312 τῷ
2750 5241 2992 5310 τμητικῷ
3011 5241 3149 5308 λόγῳ
3170 5241 3262 5292 καὶ
3278 5239 3607 5308 ἀφανιστικῷ
3619 5240 3727 5292 τῶν
3746 5239 3950 5301 παθῶν,

2426 5337 2516 5385 καὶ
2542 5332 2696 5384 τοῦτο
2722 5336 2940 5401 γένηται
2961 5333 3018 5382 ὲν
3039 5329 3236 5400 aptata,
3263 5330 3498 5381 τουτέστι
3517 5328 3654 5381 κατὰ
3672 5327 3767 5398 τὴν
3791 5330 3867 5388 είς
3891 5324 3952 5376 τὸ

2425 5423 2648 5493 φανερὸν
2683 5421 3017 5489 ἀποκάλυψιν
3059 5421 3183 5487 (πᾶν
3210 5419 3315 5489 γὰρ
3343 5419 3402 5471 τὸ
3429 5415 3817 5486 φανερούμενον
3840 5411 3953 5483 φῶς

2427 5514 2582 5583 ἐστι),
2606 5513 2740 5582 μετὰ
2754 5511 2849 5579 τὴν
2865 5514 2920 5564 ὲν
2935 5509 3124 5578 καρδίᾳ
3146 5526 3286 5579 μοιχι
3298 5509 3399 5571 ίαν,
3418 5508 3508 5560 καὶ
3521 5507 3612 5560 ἐπὶ
3624 5507 3722 5577 τὴν
3737 5504 3950 5575 μείζονα
3971 5529 3976 5535 ι

2425 5602 2623 5672 ταύτης
2647 5600 2916 5672 ἁμαρτίαν
2937 5597 3154 5670 προάξει
3176 5598 3266 5652 τὸν
3286 5595 3582 5668 ἄνθρωπον,
3604 5595 3736 5667 πρὸς
3750 5593 3850 5662 τὴν
3867 5589 3962 5648 διὰ
