4318 6392
338 465 470 521 1249

1431 473 1915 529 COMMENTARIA
1957 477 2017 529 IN
2057 478 2386 536 PSALMOS.

3378 486 3511 541 I930

333 584 426 637 τοῦ
457 582 697 653 σώματος
726 585 993 654 ἐνέργειαν
1039 585 1198 638 αὑτὸν
1231 587 1640 657 ἐκκαλούμενος.
1702 589 1868 640 Τοῦτο
1896 599 1939 653 Α
1967 604 2038 642 co}

1803 607 1868 640 ιτο
1896 599 1939 653 Α
1967 604 2284 657 corporeum
2330 606 2465 661 Opus
2502 594 2764 648 evocabit.
2795 590 2849 645 ld
2906 592 3088 661 itaque
3145 594 3276 649 dicit
3322 595 3508 662 David,

333 670 422 730 οὖν
446 675 588 741 λέγει
618 675 774 725 Δαυῒδ
805 677 911 739 ὅτι,
943 675 1077 739 Τοὺς
1110 678 1454 747 ἁμαρτωλοὺς
1484 679 1575 730 καὶ
1607 679 1864 747 ἐμπαθεῖς

333 764 617 831 λογισμοὺς
655 765 776 826 τοὺς
817 768 878 817 ἐκ
910 765 1001 817 τοῦ
1039 766 1268 834 γεώδους
1306 766 1547 836 σώματος
1575 768 1867 834 φυομένους

331 857 448 916 ταῖς
489 855 731 917 ἐωθιναῖς
769 860 1087 924 προσευχαῖς
1126 859 1215 910 καὶ
1252 861 1316 927 τῇ
1371 858 1502 926 πρὸς
1540 858 1668 910 Θεὸν
1703 877 1864 928 προσ-

331 943 478 1014 εδρίᾳ
505 944 753 1007 ἐκόλαζον
773 962 784 976 ·
813 947 903 997 καὶ
933 947 1009 1016 τῷ
1035 949 1170 1016 φωτὶ
1199 949 1297 1017 τῆς
1319 947 1565 1014 γνώσεως
1597 949 1688 1001 καὶ
1710 952 1772 1018 τῇ
1800 951 1865 1001 δι’

331 1033 756 1103 ἐξομολογήσεως
786 1037 1082 1105 φανερώσει
1108 1038 1367 1108 διέκρινον
1394 1041 1485 1092 καὶ
1516 1041 1867 1110 ἐξωλόθρευον

328 1123 396 1176 τὰ
413 1124 502 1178 τοῦ
525 1125 765 1195 σώματος
787 1127 952 1196 πάθη,
976 1129 1068 1179 καὶ
1089 1131 1210 1192 τοὺς
1230 1130 1557 1199 ἁνομοῦντας
1580 1131 1868 1201 λογισμοὺς

328 1215 391 1268 ἐκ
419 1217 514 1287 τῆς
559 1219 781 1287 καρδίας
822 1237 940 1287 μου.
981 1219 1123 1290 Αὕτη
1153 1219 1260 1290 γάρ
1302 1223 1446 1274 ἐστιν
1491 1224 1522 1292 ὴ
1571 1222 1722 1285 πόλις
1773 1222 1864 1274 τοῦ

327 1307 528 1376 Κυρίου
548 1346 562 1368 ,
587 1307 660 1368 ὡς
687 1304 827 1370 οἶκος
847 1309 938 1362 τοῦ
973 1311 1122 1376 ἁγίου
1152 1311 1460 1380 Πνεύματος
1477 1353 1491 1377 ,
1521 1311 1658 1364 κατὰ
1685 1312 1769 1363 τό·
1803 1314 1865 1363 Ol

328 1397 578 1464 θεμέλιοι
611 1398 793 1449 αὑτοῦ
822 1398 889 1450 ἐν
931 1401 1051 1465 τοῖς
1077 1402 1236 1467 ὄρεσι
1263 1403 1386 1466 τοῖς
1417 1402 1600 1470 ἁγίοις
1620 1418 1632 1430 °
1672 1400 1866 1469 ἀγαπᾷ

330 1486 535 1552 Κύριος
557 1486 662 1550 τὰς
692 1488 884 1552 πύλας
905 1490 1054 1542 Σιὼν
1078 1491 1224 1558 ὑπὲρ
1252 1491 1442 1544 πάντα
1469 1493 1538 1545 τὰ
1563 1494 1866 1560 σκηνώμα-

331 1591 399 1625 τα
442 1575 659 1628 Ἰακώϐ.
724 1576 1131 1644 Δεδοξασμένα
1169 1580 1434 1646 ἐλαλήθη
1466 1582 1595 1647 περὶ
1634 1582 1777 1643 σοῦ,
1824 1582 1862 1647 ’ἦ

338 1667 498 1730 τόλις
514 1667 617 1719 τοῦ
639 1668 800 1720 Θεοῦ.
821 1669 1025 1722 Οὐκοῦν
1043 1671 1224 1740 ἐπειδὴ
1254 1672 1430 1741 πληγή
1457 1673 1615 1735 ἐστιν,
1640 1673 1713 1735 ὼς
1735 1673 1864 1742 ἀλη-

334 1755 431 1818 ἱδῶς
450 1797 464 1819 .
488 1756 624 1808 κατὰ
642 1756 746 1808 τῶν
780 1757 982 1825 ἀρετῶν
1006 1759 1036 1826 ἡ
1057 1759 1148 1827 τῆς
1177 1760 1367 1821 κακίας
1388 1761 1668 1830 εὑημερία,
1695 1760 1868 1824 καλῶς

327 1846 434 1913 ἔχει
469 1845 560 1898 τὸν
592 1847 918 1915 προφητικὸν
950 1847 1288 1916 ζηλώσαντας
1314 1849 1467 1916 λόγον
1509 1852 1715 1921 πρωῒαν
1745 1851 1866 1903 ἐαυ-

1966 676 2283 732 Peccatores
2317 679 2437 733 illos
2463 687 2516 732 et
2547 681 2900 750 cogitationes
2942 680 3273 749 aﬂectusque
3300 698 3364 737 ex
3405 694 3514 738 ter-

1965 783 2095 821 reno
2125 783 2349 836 corpore
2393 777 2562 832 ortos,
2596 771 2874 824 matutinis
2904 770 3258 833 orationibus,
3290 779 3344 826 et
3372 775 3514 828 assi-

1965 857 2086 911 duis
2115 858 2176 911 ad
2209 857 2373 912 Deum
2401 859 2614 914 emissis
2643 860 2891 928 precibus
2919 859 3356 927 castigabam,,ac
3391 863 3513 918 luce

1964 945 2305 1013 cognitionis,
2331 947 2796 1015 declarationeque
2817 961 2910 1014 per
2933 947 3322 1001 confessionem
3346 950 3508 1020 edita,

1966 1049 2254 1104 corporeos
2297 1035 2518 1090 allectus
2548 1043 2599 1091 et
2633 1038 2826 1105 impias
2855 1037 3206 1106 cogitationes
3235 1037 3509 1097 discerne-

1965 1124 2106 1186 bam,
2138 1141 2311 1198 exque
2342 1128 2502 1181 corde
2538 1144 2656 1182 meo
2685 1129 3126 1182 exterminabam.
3166 1128 3277 1183 Hoc
3315 1131 3510 1200 quippe

1965 1220 2048 1265 est
2090 1216 2280 1269 civitas
2331 1216 2544 1270 Domini
2598 1227 2780 1286 utpote
2827 1218 3021 1273 domus
3054 1217 3290 1288 Spiritus
3313 1225 3507 1286 sancti,

1967 1304 2258 1358 secundum
2326 1305 2456 1360 illud
2503 1327 2514 1360 :
2562 1305 2931 1362 Fundamenta
2977 1309 3091 1376 ejus
3143 1313 3195 1362 in
3250 1313 3508 1366 montibus

1965 1395 2192 1458 sanctis;
2226 1396 2403 1465 diligit
2446 1396 2695 1450 Dominus
2729 1407 2922 1465 'porlas
2979 1398 3103 1452 Sion
3152 1417 3302 1468 super
3338 1406 3511 1458 omnia

1965 1485 2297 1539 tabernacula
2331 1487 2515 1542 Iacob.
2554 1488 2794 1542 Gloriosa
2818 1490 2958 1543 dicta
2999 1503 3117 1545 sunt
3145 1492 3205 1546 de
3232 1503 3302 1557 te,
3332 1495 3510 1548 civitas

1964 1571 2057 1624 Dei
2075 1574 2136 1626 “.
2187 1574 2354 1644 Igitur
2381 1577 2507 1646 quia
2553 1578 2765 1630 malitiae
2819 1581 3146 1647 prosperitas
3191 1596 3315 1636 vere
3350 1583 3506 1652 plaga

1965 1663 2219 1716 virtutum
2263 1673 2378 1730 est,
2425 1675 2840 1720 consentaneum
2889 1678 2989 1733 est,
3022 1677 3104 1731 ut,
3138 1671 3508 1738 propheticum

1965 1739 2275 1809 stimulantes
2307 1756 2530 1820 dictum,
2567 1759 2884 1811 matutinum
2910 1760 3064 1812 nobis
3093 1762 3507 1824 constituamus,

1965 1855 2072 1908 quo
2108 1841 2491 1898 interﬁciamus
2535 1860 2719 1898 omnes
2767 1854 3070 1912 peccatores
3115 1857 3289 1912 terrae,
3320 1857 3370 1902 et
3398 1850 3510 1903 dis-

323 1939 434 1999 τοῖς
459 1938 655 1999 ποιεῖν,
684 1938 772 1990 διὰ
801 1939 861 1990 τὸ
891 1940 1196 1992 ἀποκτεῖναι
1229 1941 1428 2004 πάντας
1457 1944 1580 2004 τοὺς
1609 1943 1862 2012 ἁμαρτω·
1897 1925 1937 1978 Β
1963 1947 2024 1999 Pe

1803 1962 1862 1993 Ὠ-
1897 1925 1937 1978 Β
1963 1931 2246 1999 perdamus
2275 1932 2340 1987 de
2367 1936 2580 1988 civitate
2603 1934 2831 2000 Domini,
2849 1953 2965 2004 qua?
2984 1946 3066 1992 est
3100 1941 3300 2002 anima,
3321 1953 3508 1993 omnes

324 2027 444 2089 λοὺς
469 2027 567 2096 τῆς
597 2030 697 2098 γῆς
741 2028 834 2080 τοῦ
880 2029 1250 2099 ἐξολοῦρεῦσαι
1302 2032 1365 2084 ἐκ
1406 2033 1609 2095 πόλεως
1641 2032 1862 2101 Κυρίου,

323 2118 463 2189 ψυχὴ
499 2118 554 2171 δὲ
590 2123 622 2189 ἡ
656 2119 834 2181 πόλις,
863 2121 1065 2183 πάντας
1093 2123 1212 2184 τοὺς
1242 2123 1526 2192 λογισμοὺς
1557 2125 1678 2186 τοὺς
1707 2125 1866 2194 ἐργα-

323 2207 577 2277 ζομένους
599 2211 694 2279 τὴν
721 2210 964 2278 ἀνομίαν,
985 2205 1056 2262 ὧν
1089 2214 1116 2263 ὁ
1148 2212 1360 2281 ὄλεθρος
1387 2211 1496 2282 ζωὴ
1531 2213 1732 2279 γίνεται
1760 2211 1865 2263 τῶν

320 2299 633 2370 ἀμεινόνων,
669 2302 804 2354 κατὰ
832 2303 911 2362 τὸ,
956 2302 1091 2370 Ἐγὼ
1127 2302 1428 2354 ἀποκτενῶ
1453 2304 1545 2354 καὶ
1569 2301 1673 2370 ζῇν
1697 2304 1862 2370 ποιή-

320 2402 407 2442 σω
429 2405 444 2419 ⁶
473 2389 728 2455 πατάξω,
751 2390 908 2458 κάγὼ
935 2391 1194 2460 ἰάσομαι,
1219 2393 1312 2444 καὶ
1338 2395 1444 2445 οὐκ
1463 2393 1629 2445 ἐστιν
1667 2393 1733 2456 ὃς
1772 2393 1865 2454 ἐξ·

318 2479 532 2531 ελεῖται
561 2481 626 2533 ἐκ
661 2479 774 2534 τῶν
803 2481 1007 2552 χειρῶν
1045 2501 1182 2550 μου.
1215 2485 1597 2552 Νεκρουμένων
1631 2484 1734 2552 γὰρ
1759 2483 1867 2534 τῶν

322 2567 494 2636 μελῶν
519 2571 625 2621 τῶν
643 2571 734 2622 ἐπὶ
757 2572 856 2640 τῆς
872 2572 993 2640 γῆς,
1024 2573 1458 2640 ὑπωπιαζομένου
1487 2589 1545 2624 τε
1574 2573 1665 2624 καὶ
1685 2572 1866 2625 δουλα·

319 2659 660 2728 γωγουμὲνου
685 2661 777 2712 τοῦ
805 2660 1068 2730 σώματος,
1088 2663 1142 2713 at
1167 2665 1226 2714 ἐκ
1242 2662 1337 2730 τῆς
1359 2662 1552 2732 σαρκὸς
1568 2662 1674 2714 τῶν
1697 2664 1870 2734 ἀμαρ-

317 2748 571 2817 τημάτων
597 2751 838 2820 ὰιρορμα)⁵
861 2753 956 2820 οὐχ
983 2746 1090 2804 οἷαί
1116 2753 1172 2804 τέ
1198 2755 1328 2805 εἰσιν
1351 2756 1553 2823 ἐγεῖραι
1582 2754 1866 2824 λογισμοὺς

317 2839 382 2908 τῇ
426 2837 566 2908 ψυχῇ
605 2842 727 2902 τοὺς
758 2841 1080 2904 σπεύδοντας
1118 2842 1182 2894 δι’
1221 2843 1408 2913 ἡδονῆς
1449 2845 1739 2896 ἀπόλαυσιν
1769 2846 1867 2914 τὴν

319 2928 541 2997 ἀνομίαν
574 2934 769 2982 ποιεῖν’
819 2933 911 2986 καὶ
939 2933 1119 2985 λοιπὸν
1156 2933 1284 2996 ζῶσι
1329 2934 1393 2986 τὰ
1426 2935 1725 3006 κρείττονα.
1781 2938 1868 2987 Δεῖ

320 3019 489 3074 τοίνυν
513 3022 654 3090 ἡμᾶς
685 3021 757 3092 μὴ
781 3025 936 3092 μόνον
964 3023 1147 3077 παθῶν
1177 3021 1310 3078 εἶναι
1338 3029 1656 3095 σωματικῶν
1681 3045 1866 3096 φονευ-

319 3111 446 3176 τὰς,
481 3112 613 3166 ἀλλὰ
649 3115 740 3166 καὶ
777 3113 884 3166 τῶν
917 3114 1056 3167 κατὰ
1091 3114 1263 3184 ψυχὴν
1306 3117 1561 3185 ἐμπαθῶν
1592 3118 1865 3186 λογισμῶν

322 3199 604 3272 ὀλετῆρας.
672 3203 1002 3274 ’.ἁμαρτωλοὶ
1029 3205 1136 3274 γὰρ
1161 3206 1262 3274 γῆς
1286 3207 1348 3259 τὰ
1374 3207 1462 3258 τοῦ
1492 3207 1732 3276 σώματος
1755 3208 1829 3258 πά
1846 3237 1862 3247 ο

320 3289 408 3360 θη,
440 3291 788 3362 ἐργαζόμενοι
821 3294 875 3346 δὲ
898 3296 1122 3364 ἀνομίαν
1144 3298 1205 3349 ἐκ
1235 3297 1435 3362 πόλεως
1461 3299 1662 3369 Κυρίου
1692 3300 1863 3364 ἐξολο-

318 3378 646 3450 θρευόμενοι,
682 3385 777 3452 τῆς
808 3385 977 3454 ψυχῆς
998 3389 1044 3438 ol
1075 3389 1394 3456 ἀνομοῦντες
1415 3389 1678 3460 λογισμοί.
1712 3390 1866 3443 Κατὰ

318 3470 446 3523 δὲτὸ
463 3474 644 3542 ῥητὸν,
676 3476 1032 3539 ’Λπέκτεινον,
1057 3480 1206 3548 φησι,
1233 3481 1356 3540 τοὺς
1373 3481 1745 3550 ἁμαρτωλοὺς,
1769 3483 1864 3550 χά-

318 3575 402 3627 ριν
423 3559 514 3611 τοῦ
530 3560 894 3630 ἐξολοθρεῦσαι
914 3564 1035 3625 τοὺς
1053 3567 1510 3635 παρανομοῦντας,
1531 3570 1613 3620 ἵνα
1627 3571 1723 3638 τὴν
1740 3573 1864 3622 ἀπο·

313 3649 504 3718 τομίαν
533 3649 628 3718 τῆς
657 3651 922 3714 κολάσεως
950 3654 980 3721 ἡ
1015 3657 1323 3726 παρανομία
1368 3657 1635 3725 βλέπουσα
1673 3677 1864 3713 συστα-

315 3739 378 3809 λῇ
419 3741 511 3793 καὶ
553 3742 842 3812 ἀφανισθῇ.
912 3743 974 3795 Ἡ
1016 3744 1073 3796 δὲ
1102 3748 1280 3816 πρωῖα
1311 3749 1370 3800 τὸ
1404 3751 1684 3805 σπουδαῖον
1715 3752 1864 3822 δηλοῖ

315 3830 450 3883 κατὰ
471 3830 531 3882 τὸ
556 3832 713 3902 ταχος
731 3849 743 3861 ·
773 3835 996 3904 νόμιμος
1016 3835 1072 3886 δὲ
1103 3838 1134 3906 ὴ
1164 3839 1268 3892 τῶν
1296 3841 1540 3910 πονηρῶν
1563 3841 1827 3912 ἐξαίρεσις
1844 3861 1856 3872 ·

331 3920 642 3989 Ἐ’ξαιρεῖτε
671 3923 776 3994 γὰρ
799 3965 812 3986 ,
840 3925 998 3994 φησι,
1029 3927 1135 3980 τὸν
1156 3931 1416 3999 πονηρὸν
1441 3932 1509 3994 ἐξ
1536 3933 1716 3999 ὑμῶν.

322 4032 681 4108 ΠίζΟΣΕΥΧΗ
723 4039 808 4108 Τῼ
844 4039 1090 4108 ΠΤΩΧῼ,
1132 4042 1310 4093 OTAN
1349 4041 1710 4108 ΑΚΗΔῘΑΣῌ.
1738 4045 1854 4096 ΚΑΙ

389 4104 735 4180 casm;in
783 4097 1086 4160 'Krptoi'
1127 4110 1362 4180 ΕΚΧΕῌ
1421 4113 1560 4163 ΤΗΝ
1607 4097 1855 4164 ΔΕΗΣιΝ

389 4175 639 4226 ΑΥΤΟΥ.
668 4178 786 4228 PA'.

381 4284 554 4352 Κύριε
576 4323 590 4345 ,
626 4286 982 4345 εἰσάκουσον
1008 4288 1115 4356 τῆς
1143 4288 1479 4358 προσευχῆς
1507 4307 1652 4358 μου,
1689 4292 1784 4344 καὶ
1814 4293 1851 4358 ἠ

311 4374 536 4444 κραυγή
563 4393 681 4444 μου
711 4377 857 4445 πρὸς
887 4379 959 4431 σὲ
982 4380 1214 4435 ἐλθέτω.
1247 4380 1342 4447 Μὴ
1368 4382 1753 4450 ἀποστρέψῃς
1785 4383 1851 4436 τὸ

311 4464 626 4530 πρόσωπόν
651 4480 766 4520 σου
794 4467 894 4520 ἀπ’
920 4469 1097 4536 ἐμοῦ,
1146 4470 1238 4522 καὶ
1274 4470 1340 4523 τὰ
1391 4470 1531 4539 ἑξῆς.
1577 4472 1786 4544 Ἐπειδὴ
1819 4474 1850 4542 ἡ

1963 2023 2313 2089 cogitationes
2343 2039 2625 2092 operantes
2652 2028 2983 2095 iniquitatem
3006 2046 3019 2094 ;
3043 2043 3267 2097 quarum
3284 2029 3508 2083 exitium

1962 2114 2241 2166 meliorum
2268 2115 2376 2167 vita
2398 2124 2499 2178 est,
2530 2120 2823 2171 secundum
2856 2118 3007 2182 illud,
3046 2118 3154 2188 Ego
3189 2119 3440 2180 occidam,
3460 2130 3508 2172 et

1960 2202 2122 2253 vivere
2157 2202 2381 2270 faciam;
2420 2205 2724 2272 percutiam,
2757 2215 2804 2258 et
2837 2222 2927 2275 ego
2957 2207 3175 2269 sanabo,
3201 2216 3248 2260 et
3289 2223 3391 2259 non
3430 2219 3508 2259 est

1960 2289 2047 2357 qui
2075 2289 2137 2343 de
2168 2293 2406 2345 manibus
2451 2295 2576 2347 meis
2606 2295 2766 2362 possit
2811 2296 3068 2350 eruere".
3099 2295 3229 2348 Nam
3279 2294 3508 2348 mortiﬁ-

1962 2382 2101 2434 catis
2135 2384 2390 2437 membris
2419 2400 2536 2453 qua:
2576 2393 2700 2438 sunt
2749 2401 2910 2454 super
2941 2394 3161 2449 terram,
3191 2394 3243 2440 et
3296 2387 3509 2440 sublato

1962 2472 2015 2524 in
2043 2476 2460 2544 servitutemque
2492 2475 2710 2528 redacto
2740 2491 2983 2545 corpore,
3005 2477 3248 2531 carnales
3279 2476 3342 2529 ad
3386 2491 3510 2546 pec-

1963 2573 2082 2616 cata
2126 2566 2356 2634 impetus
2393 2569 2739 2637 cogitationes
2770 2571 2822 2622 in
2845 2570 3020 2621 anima
3051 2568 3284 2622 excitare
3313 2581 3512 2637 neque-

1964 2663 2083 2716 unt,
2101 2670 2219 2721 quae
2236 2671 2332 2724 pro
2353 2658 2626 2725 voluptate
2658 2656 2882 2710 fruenda
2909 2656 2972 2708 ad
3003 2657 3332 2724 iniquitatem
3357 2671 3509 2710 exer-

1964 2747 2186 2804 cendam
2229 2747 2451 2801 incitent
2480 2767 2492 2800 :
2529 2763 2587 2801 ac
2620 2748 2665 2802 si
2699 2747 2909 2800 demum
2944 2760 3006 2798 ea
3036 2746 3220 2798 vivunt
3246 2740 3370 2813 (μιαί
3394 2761 3506 2799 me-

1964 2841 2097 2894 liora
2124 2848 2266 2894 sunt.
2291 2837 2437 2908 Opus
2469 2840 2645 2905 itaque
2671 2846 2752 2890 est
2780 2851 2877 2890 nos
2901 2851 3006 2889 non
3033 2837 3190 2889 modo
3220 2850 3508 2905 corporeo-

1964 2949 2081 2988 rum
2112 2932 2392 2986 atlectuum
2440 2928 2832 2991 interfectores,
2865 2928 2954 2984 sed
2993 2936 3047 2983 et
3069 2943 3353 2998 pravarum
3385 2927 3505 2981 ani-

1965 3039 2064 3077 mae
2095 3022 2477 3090 cogitationum
2505 3021 2950 3073 exterminatorcs
2976 3034 3113 3078 esse.
3150 3017 3281 3070 Nam
3321 3033 3508 3088 pecca-

1965 3108 2107 3166 tores
2136 3119 2290 3164 terra:
2341 3121 2466 3164 sunt
2494 3112 2740 3187 corporis
2785 3110 3039 3176 allectus;
3073 3121 3355 3181 Operantes
3380 3129 3507 3168 vero

1964 3203 2319 3272 iniquitatem,
2356 3202 2448 3270 qui
2481 3201 2547 3255 de
2599 3202 2812 3256 civitate
2844 3201 3050 3256 Domini
3103 3202 3503 3272 disperduntur,

1965 3296 2156 3363 iniqua:
2186 3293 2345 3346 animi
2371 3292 2739 3361 cogitationes.
2769 3291 3072 3348 Secundum
3102 3304 3274 3349 autem
3308 3297 3506 3350 dictum

1912 3397 1917 3399 '
1963 3387 2114 3449 illud,
2169 3383 2578 3449 Interliciebam,
2642 3386 2734 3443 ait.
2794 3392 3135 3454 peccatores,
3183 3393 3243 3439 ut
3294 3388 3506 3455 iniquos

1961 3476 2408 3538 exterminarcm;
2443 3489 2550 3542 quo
2594 3473 2846 3541 iniquitas
2882 3473 3270 3527 immanitatem
3303 3477 3507 3546 suppli-

1961 3567 2029 3619 cii
2081 3567 2390 3635 conspicata
2442 3565 2785 3619 cohiberetur
2819 3571 2873 3618 et
2904 3563 2970 3618 de
3000 3563 3173 3617 medie
3202 3564 3502 3640 tolleretur.

1961 3657 2277 3712 Matutinum
2315 3671 2476 3727 porro
2524 3657 2885 3726 diligentiam»
2910 3655 3147 3709 denotat.
3212 3653 3502 3711 Pravorum

1960 3761 2136 3803 autem
2167 3749 2540 3803 exterminium
2601 3748 2890 3816 legitimum
2933 3753 3015 3802 est
3048 3764 3062 3800 :
3096 3761 3241 3812 nam,
3265 3746 3498 3815 Auferte,

1959 3839 2148 3908 inquit,
2173 3837 2370 3891 malum
2402 3853 2467 3891 ea:
2497 3836 2713 3890 vobis".
3413 3845 3416 3847 ‘

1955 4033 2207 4091 ORATIO
2247 4032 2562 4095 PAUPERI,
2603 4031 2744 4086 CUM
2793 4029 3046 4086 ANXIUS
3083 4029 3354 4098 FUERIT,
3409 4032 3497 4087 ΕΤ

2025 4106 2084 4157 IN
2139 4101 2534 4158 CONSPECTU
2587 4101 2820 4155 DOMINI
2896 4100 3276 4155 EFFUDERIT
3343 4102 3498 4157 PRE-

2021 4173 2154 4228 CEM
2198 4171 2402 4226 SUAM.
2447 4171 2528 4224 CI.

2020 4285 2182 4344 Vens.
2221 4284 2340 4338 2-6.
2376 4283 2614 4345 Domine.
2647 4284 2836 4337 exaudi
2889 4283 3172 4336 orationem
3218 4299 3401 4345 meam,
3449 4305 3545 4350 £t\

1949 4381 2147 4434 clamor
2178 4395 2318 4432 meus
2345 4377 2412 4431 ad
2444 4386 2490 4430 te
2525 4376 2711 4429 veniat.
2748 4374 2867 4429 Non
2893 4386 3093 4428 avertas
3124 4376 3309 4442 [aciem
3351 4387 3496 4429 tuam

1950 4489 1981 4524 a
2005 4488 2102 4535 me,
2129 4480 2231 4524 etc.
2286 4468 2546 4534 Quoniam
2597 4466 2786 4524 titulus
2820 4467 2898 4520 sic
2929 4466 3112 4526 habet,
3155 4465 3337 4518 Oratio
3365 4481 3496 4533 pau-

311 4554 582 4627 ἐπιγραφὴ
616 4556 759 4627 εχει,
795 4552 1103 4629 Προσευχὴ
1143 4560 1222 4625 τῷ
1250 4561 1457 4630 πτωχῷ
1482 4605 1495 4628 ,
1526 4561 1670 4616 ὅταν
1706 4565 1850 4630 ἀκη-
1883 4578 1925 4632 D
1953 4577 2012 4630 Ρε

1788 4581 1850 4630 η-
1883 4578 1925 4632 D
1953 4563 2080 4630 peri,
2105 4576 2220 4613 cum
2237 4559 2423 4612 anxius
2456 4557 2632 4626 fuerit,
2666 4565 2714 4608 et
2745 4556 2795 4607 in
2831 4569 3102 4622 conspectu
3130 4553 3338 4606 Domini
3357 4554 3493 4622 θηνα-

309 4643 485 4716 ϐιάσῃ
501 4685 514 4709 ,
542 4648 636 4701 καὶ
661 4650 933 4702 ἐναντίον
950 4653 1164 4718 Κυρίου
1187 4653 1360 4725 ἐκχέῃ
1388 4654 1501 4720 τὴν
1520 4653 1728 4720 δέησιν
1745 4657 1848 4708 αὐ-

311 4731 414 4784 τοῦ
434 4775 449 4797 ,
481 4737 685 4806 νοήσεις
725 4739 814 4791 τὸν
847 4741 1075 4794 ἐνταῦθα
1106 4741 1391 4812 λεγόμενον
1423 4744 1632 4812 πτωχὸν
1657 4781 1671 4804 ,
1709 4759 1844 4812 συμ-

295 4827 515 4880 ϐάλλων
547 4831 705 4882 αὑτὸν
727 4830 802 4901 τῷ
833 4834 1262 4903 μακαριζομένῳ,
1291 4834 1427 4887 κατὰ
1451 4833 1535 4886 τ6’
1562 4831 1846 4900 Μακάριοι

309 4921 362 4970 οι
390 4920 605 4987 πτωχοὶ
636 4921 713 4985 τῷ
748 4923 1048 4990 πνεύματι,
1084 4923 1170 4976 ὅτι
1206 4924 1400 4977 αὐτῶν
1423 4924 1589 4976 ἐστιν
1607 4925 1644 4989 ἡ
1667 4925 1844 4986 ,βασι-

307 5009 441 5062 λεία
473 5008 588 5063 τῶν
619 5013 903 5079 οὐρανῶν.
975 5014 1251 5083 Ἀρμόσειε
1283 5015 1326 5066 δ’
1358 5014 1422 5066 ἂν
1450 5014 1525 5082 τῷ
1557 4995 1844 5083 ἀκηδιῶντι

309 5100 502 5170 πτωκῷ
529 5105 620 5155 καὶ
637 5107 696 5158 τό
712 5121 724 5136 ‘
751 5104 1030 5172 Μακάριοι
1053 5108 1104 5157 οι
1125 5105 1429 5170 κλαίοντες
1447 5106 1540 5158 καὶ
1565 5104 1848 5158 πενθοῦν-

307 5191 423 5256 τές,
440 5191 526 5244 ἔτι
544 5196 706 5248 αὐτοὶ
737 5194 1307 5263 παρακληθήσονται.
1337 5195 1448 5256 Πᾶς
1468 5192 1749 5263 τοιγαροῦν
1768 5192 1844 5262 τῷ

307 5279 425 5351 Θεῷ
448 5282 794 5353 ἀνακείμενος
812 5326 825 5348 ,
856 5285 1146 5352 πτωχεύων
1173 5285 1226 5334 ἐν
1252 5285 1362 5345 τοῖς
1407 5281 1498 5334 τοῦ
1544 5280 1656 5349 βίου
1699 5281 1839 5351 πρά-

305 5388 495 5444 γμασι·
534 5373 678 5442 παρὰ
705 5373 759 5425 δὲ
788 5373 904 5442 Θεῷ
925 5375 1183 5438 πλουτῶν,
1206 5375 1398 5445 ἀκηδιᾷ
1415 5372 1760 5443 λυπούμενος,
1787 5375 1842 5444 ἢ,

304 5462 520 5531 ἀθυμίᾳ
542 5503 556 5526 ,
587 5461 724 5515 κατὰ
749 5463 845 5532 τὴν
871 5462 963 5515 τοῦ
995 5464 1284 5535 Συμμάχου
1327 5461 1642 5534 ἑρμηνείαν,
1706 5480 1840 5514 κατ-

305 5554 525 5623 έχεται,
561 5553 652 5606 ἐπὶ
670 5555 738 5622 τῇ
770 5554 876 5605 τῶν
900 5554 1102 5608 πολλῶν
1131 5557 1297 5626 κακίᾳ
1326 5557 1416 5609 καὶ
1442 5553 1704 5623 ἀπωλείᾳ·
1733 5549 1839 5617 οἷος

303 5641 370 5717 ἦν
393 5646 598 5716 ὀλίγων
616 5659 630 5672 ⁸
655 5644 835 5712 Οιμοι,
861 5643 944 5697 ὅτι
970 5645 1278 5700 ἀπόλωλεν
1298 5643 1552 5711 εὐλαϐὴς
1575 5645 1689 5698 ἀπὸ
1707 5644 1837 5715 γῆς,

1949 4651 2081 4705 derit
2127 4665 2323 4718 precem
2373 4663 2556 4706 suam,
2623 4645 2708 4698 IIIC
2767 4657 3050 4712 pauperem
3101 4644 3387 4713 intelligas,
3445 4646 3492 4699 si

1950 4742 2124 4811 ipsum
2155 4753 2276 4793 cum
2318 4738 2408 4790 illo
2455 4735 2546 4805 qui
2589 4735 2776 4788 beatus
2817 4734 3156 4810 praedicatur,
3190 4749 3487 4804 compares,

1951 4832 2244 4888 secundum
2298 4829 2461 4892 illud,
2511 4827 2661 4880 Beati
2703 4842 2951 4895 pauperes
2999 4829 3205 4894 spiritu,
3245 4830 3488 4898 quoniam

1950 4924 2178 4990 ipsorum
2210 4928 2285 4974 est
2316 4935 2524 4989 regnum
2554 4917 2797 4970 calorum
2821 4917 2882 4969 ¹⁸.
2924 4917 3133 4971 Alllicto
3179 4919 3300 4971 item
3358 4933 3488 4988 pan-

1947 5011 2056 5082 peri
2104 5010 2235 5065 illud
2267 5009 2550 5079 aptaveris,
2586 5007 2734 5061 Beati
2782 5007 2961 5076 ﬂentes
3003 5017 3052 5061 et
3083 5008 3326 5075 lugentes.
3358 5023 3488 5074 quo-

1942 5100 2084 5152 niam
2130 5097 2227 5166 ipsi
2268 5096 2750 5150 consolabuntur".
2775 5095 3032 5166 Quisquis
3067 5096 3207 5149 enim
3237 5091 3346 5147 Deo
3391 5092 3488 5148 atl-

1945 5189 2120 5244 dictus
2149 5195 2255 5251 est,
2287 5196 2339 5242 et
2365 5188 2457 5257 qui
2487 5187 2540 5242 in
2570 5188 2689 5240 vita
2710 5186 2871 5241 rebus
2905 5201 3122 5256 pauper,
3149 5184 3288 5252 apud
3317 5183 3484 5240 Deum

1945 5291 2120 5334 autem
2149 5278 2300 5333 dives
2324 5288 2427 5343 est,
2457 5278 2645 5334 dolens
2680 5280 3047 5340 contristatur,
3068 5285 3158 5328 aut
3186 5275 3480 5330 secundum

1952 5369 2256 5442 Symmachi
2307 5368 2817 5440 interpretationem,
2846 5367 3065 5420 tristitia
3087 5365 3364 5428 detinetur,
3415 5367 3480 5419 de

1944 5461 2144 5514 malitia
2171 5467 2225 5514 et
2256 5460 2472 5513 interitu
2499 5459 2850 5528 plurimorum
2889 5459 2907 5508 :'
2935 5456 3237 5525 cuiusmodi
3273 5465 3386 5511 erat
3432 5459 3476 5510 is

1943 5553 2033 5622 qui
2058 5550 2287 5614 dicebat,
2322 5549 2421 5603 Hei
2455 5549 2598 5611 mihi,
2634 5548 2756 5617 quia
2788 5547 2940 5615 periit
2983 5547 3099 5613 pius
3139 5545 3201 5599 de
3241 5556 3396 5606 terra,
3425 5556 3476 5598 et

1944 5647 1998 5698 in
2027 5641 2316 5697 hominibus
2343 5658 2443 5696 non
2474 5649 2548 5694 est
2579 5641 2665 5710 qui
2699 5649 2830 5693 recte
2864 5646 2985 5707 agat
3011 5653 3027 5690 :
3055 5653 3224 5690 omnes
3254 5635 3320 5688 ad
3349 5650 3467 5689 san-

381 5826 422 5856 “
466 5823 604 5881 Psal.
642 5838 866 5889 Luxu,
900 5820 963 5890 2,
999 5824 1052 5878 5.
1129 5824 1170 5856 ⁸⁸
1207 5823 1360 5881 Deut.
1396 5840 1570 5893 xxxu,
1603 5825 1688 5880 39.
1767 5825 1808 5856 ¹⁸
1848 5825 1866 5880 1
1897 5788 2019 5879 dor.
2059 5825 2086 5878 5

1557 5825 1688 5893 ,59.
1767 5825 1808 5856 ιι
1848 5788 2019 5880 tear.
2059 5825 2128 5890 5,
2164 5825 2249 5880 ιδ.
2330 5824 2372 5855 ι·
2414 5821 2597 5877 Matth.
2635 5836 2686 5886 ν,
2722 5819 2774 5873 5.
2850 5819 2892 5848 η
2929 5812 3254 5880 Luc.v1,2l.
