4318 6404
802 471 938 528 1251

1498 474 1764 532 EUSEBII
1803 473 2277 531 CESARIENSIS
2315 474 2464 530 OPP.
2496 472 2676 528 PARS
2713 473 2800 530 Ill.
2842 507 2909 515 -—
2950 473 3353 532 EXEGETICA.

3883 477 4026 534 {253

796 587 999 654 guinem
1040 586 1300 653 judicant,
1353 587 1547 657 singuli
1576 589 1869 656 proaimum
1918 605 2068 641 suum
2100 588 2351 641 tribulant
2379 595 2422 651 Α
2451 606 2501 641 κι

2317 599 2351 641 tt
2379 595 2422 651 Α
2451 596 2545 641 καὶ
2574 592 2604 641 ό
2625 588 2921 656 κατορθῶν
2939 589 3008 642 ὲν
3028 590 3355 658 ἀνθρώποις
3375 589 3485 659 οὐχ
3505 589 3753 660 ὑπάρχει
3770 607 3782 619 ’
3799 591 4022 658 πάντες

799 677 1219 740 tribulatione”;
1255 687 1308 730 et
1339 679 1429 746 qui
1483 678 1715 741 dicebat,
1771 678 1891 732 Non
1936 690 2013 733 est
2055 681 2145 749 qui
2185 681 2348 747 faciat

797 769 983 819 bonum
1003 769 1063 821 η.
1087 767 1350 822 Cancrum
1383 785 1584 839 pauper
1610 773 1701 840 qui
1729 771 1796 826 de
1827 773 1892 825 iis
1917 772 2276 824 contristatur
2296 781 2351 825 et

794 860 954 922 dolet,
1005 863 1194 915 morbo
1241 877 1342 916 suo
1373 863 1634 917 medelam
1661 865 1932 934 excogitat
1971 883 1984 917 :
2021 865 2134 917 haec
2171 871 2347 918 autem

792 960 906 1005 erat
929 954 1104 1005 oratio
1131 953 1198 1005 ad
1230 951 1418 1016 Deum,
1446 970 1604 1023 quam
1637 956 1808 1009 solam
1838 955 2070 1010 habebat
2102 957 2351 1011 consola-

792 1043 1010 1110 tionem,
1042 1058 1147 1111 qua
1204 1045 1436 1098 animam
1475 1045 1792 1115 expandens
1850 1061 2026 1110 suam,
2063 1054 2114 1101 et
2163 1062 2349 1102 omnes

787 1137 1141 1205 cogitationes
1171 1127 1297 1192 sinas
1319 1139 1374 1192 in
1400 1147 1696 1209 conspectu
1736 1125 1836 1194 Dei.
1863 1138 2116 1204 oﬂ‘erens,
2147 1140 2349 1193 dicitur

787 1226 843 1279 in
920 1224 1215 1297 conspectu
1282 1228 1495 1282 Domini
1553 1229 1830 1284 ell'undere
1900 1230 2346 1299 supplicationem

784 1333 962 1383 suam,
1007 1320 1140 1381 sive,
1213 1321 1471 1390 loquelam
1517 1338 1708 1387 suam,
1761 1322 2059 1376 secundum
2107 1320 2351 1392 Symma-

784 1411 966 1465 chum.
1023 1410 1133 1467 lmo
1183 1415 1341 1466 etiam
1402 1414 1447 1471 is
1488 1415 1579 1483 qui
1608 1413 1907 1468 secundum
1953 1412 2116 1467 Deum
2145 1427 2348 1483 pauper

784 1508 868 1557 est
888 1541 904 1566 ,
941 1502 993 1556 id
1025 1512 1128 1566 est,
1159 1504 1544 1574 prophetarum
1575 1504 1797 1567 chorus,
1830 1504 2018 1558 dolore
2051 1503 2242 1574 plenus
2280 1503 2346 1557 de

783 1593 981 1661 prioris
1013 1595 1196 1664 populi
1227 1595 1405 1658 ruina,
1437 1593 1722 1650 Dominum
1762 1596 1896 1663 adit,
1920 1595 2343 1666 supplicationes

783 1697 906 1737 cum
932 1684 1140 1754 jejunio
1184 1692 1237 1740 et
1296 1686 1552 1756 lacrymis
1599 1701 1698 1754 pro
1736 1688 1937 1755 populo
1966 1686 2258 1746 emittens;
2287 1691 2374 1736 ut‘

783 1776 1143 1847 ipsequoque
1171 1780 1403 1848 populus
1427 1778 1860 1832 misericordiam
1886 1785 2271 1846 consequatur.

2454 682 2538 744 είς
2564 681 2776 748 αἵματα
2807 680 3166 744 δικάζονται,
3209 681 3463 747 ἕκαστος
3489 683 3597 734 τὸν
3633 684 3897 750 πλησίον
3917 683 4024 737 αὐ·
4085 675 4090 680 ’

2455 772 2560 824 τοῦ
2591 773 2972 825 ἐκθλίϐουσιν
3015 771 3261 839 ἐκθλιϐῇ
3283 789 3296 803 ·
3325 774 3420 826 καὶ
3447 775 3476 826 6
3509 773 3706 826 εἰπών’
3737 776 3856 827 Οὐκ
3891 775 4024 828 ἔστι

2455 861 2638 914 ποιῶν
2659 865 3050 930 χρηστότητα.
3088 863 3232 934 Πλὴν
3257 865 3348 916 ἐπὶ
3372 864 3579 927 τούτοις
3601 867 3627 918 6
3652 867 3862 935 πτωχὸς
3888 868 4026 937 ἀκη-

2455 953 2579 1005 διῶν
2610 955 2700 1006 καὶ
2728 954 2949 1024 ἀθυμῶν
2968 995 2981 1016 ,
3023 957 3312 1025 φάρμακον
3337 956 3432 1009 τοῦ
3462 957 3663 1019 πάθους
3698 957 4024 1028 θεραπευτι-

2455 1045 2548 1097 κὸν
2578 1049 2814 1114 περινοεῖ
2841 1045 3016 1116 ἑαυτῷ
3036 1063 3048 1075 ο
3077 1046 3231 1099 τοῦτο
3259 1047 3314 1099 δὲ
3343 1043 3411 1118 ἦν
3440 1053 3473 1119 η
3504 1049 3638 1117 πρὸς
3664 1048 3753 1100 τὸν
3780 1048 3912 1100 Θεὸν
3932 1048 4023 1100 εὐ-

2454 1139 2541 1206 χὴ,
2577 1137 2641 1206 ἢν
2672 1138 2836 1208 μόνην
2864 1134 2973 1207 εἶχε
3005 1140 3379 1209 παραμυθίαν,
3408 1139 3474 1192 δι’
3502 1135 3571 1212 ἧς
3591 1139 3833 1204 ὲξαπλῶν
3857 1139 4020 1192 αὑτοῦ

2454 1230 2549 1298 τὴν
2590 1229 2767 1300 ψυχὴν
2791 1272 2804 1293 ,
2851 1232 2944 1282 καὶ
2999 1229 3317 1299 σύμπαντας
3358 1231 3549 1284 ἑαυτοῦ
3576 1234 3701 1295 τοὺς
3728 1232 4022 1302 λογισμοὺς

2457 1320 2774 1390 προσφέρων
2795 1319 3021 1372 ἐνώπιον
3039 1320 3132 1372 τοῦ
3151 1320 3308 1384 Θεοῦ,
3331 1321 3542 1389 λέγεται
3565 1321 3794 1374 ἐνώπιον
3811 1321 4020 1391 Κυρίου

2451 1412 2658 1480 ἐκχέειν
2680 1411 2775 1481 τὴν
2799 1411 2978 1481 δέησιν
3000 1410 3184 1473 αὑτοῦ,
3207 1412 3262 1482 ἢ,
3283 1411 3394 1478 τὴν
3413 1415 3655 1482 λογοποι
3665 1414 3762 1467 ίαν
3781 1410 4018 1476 ἑαυτοῦ,

2450 1503 2588 1555 κατά
2613 1502 2701 1554 τὸν
2733 1502 3040 1572 Σύμμαχον.
3091 1502 3250 1554 Ἀλλὰ
3279 1505 3371 1556 καὶ
3402 1507 3430 1557 6
3462 1503 3600 1556 κατὰ
3625 1503 3757 1558 Θεὸν
3784 1502 4018 1572 πτωχὸς,

2447 1595 2721 1648 τουτέστιν
2763 1595 2792 1645 6
2836 1595 2942 1647 τῶν
2976 1594 3268 1666 προφητῶν
3298 1596 3455 1667 χορὸς
3474 1637 3488 1660 ,
3519 1595 3694 1667 λύπης
3725 1597 4017 1666 πεπληρω-

2453 1684 2607 1753 μένος
2631 1684 2721 1736 ὲπὶ
2742 1687 2807 1754 τῇ
2832 1684 2925 1736 τοῦ
2954 1684 3214 1754 προτέρου
3242 1685 3371 1738 λαοῦ
3393 1690 3762 1758 καταστροφῇ,
3787 1687 4020 1758 προσέρ·

2450 1789 2599 1842 χεται
2628 1773 2706 1842 τῷ
2737 1775 2944 1844 Κυρίῳ,
2976 1774 3074 1836 τὰς
3095 1774 3232 1844 ὑπὲρ
3256 1774 3349 1828 τοῦ
3382 1776 3508 1828 λαοῦ
3532 1778 3872 1846 ἀναπέμπων
3897 1778 4018 1849 δεή-

784 1884 896 1930 σεις
931 1870 1068 1939 μετὰ.
1092 1870 1342 1938 νηστείας
1370 1871 1465 1922 καὶ
1498 1869 1769 1940 δακρύων,
1800 1871 1948 1932 ὅπως
1972 1869 2036 1923 ἂν
2069 1869 2161 1921 καὶ
2190 1865 2349 1928 αὐτὸς
2386 1866 2414 1916 6
2446 1863 2570 1926 λαὸς
2595 1864 2929 1936 οίκτειρηθῇ.

852 1956 1016 2014 Vnus.
1044 1960 1095 2013 3.
1127 1958 1191 2012 In
1219 1976 1524 2029 quacunque
1554 1960 1639 2013 die
1673 1959 1898 2013 tribulor
1925 1959 2124 2014 inclina
2152 1957 2220 2010 ad
2267 1975 2345 2011 me
2375 1967 2416 2021 Β

785 2067 959 2104 aurem
1014 2062 1178 2106 tuam.
1232 2051 1331 2108 Hic
1367 2044 1585 2108 dicatur
1619 2055 1749 2108 illud
1781 2051 1933 2109 Isaiae
1977 2074 1989 2110 :
2027 2054 2269 2117 Domine,
2289 2055 2342 2106 in

791 2144 1115 2200 tribulatione
1139 2148 1398 2200 recordati
1430 2164 1610 2202 sumus
1638 2149 1734 2210 tui,
1753 2149 1808 2201 in
1831 2148 2167 2201 tribulatione
2183 2164 2343 2216 parva

792 2235 1057 2309 tisciptina
1087 2249 1178 2294 tua
1205 2241 1354 2295 nobis
1373 2242 1436 2295 ".
1467 2242 1606 2296 Ante
1631 2242 1940 2309 amictionis
1971 2249 2186 2313 tempus
2207 2242 2343 2297 divi-

785 2331 864 2386 nis
883 2332 1138 2401 precibus
1169 2332 1476 2386 vacandum
1519 2339 1622 2398 est,
1656 2347 1833 2404 neque
1870 2333 2044 2388 solum
2067 2335 2120 2387 in
2155 2335 2343 2389 adver-

780 2422 854 2476 sis
890 2421 1246 2489 temporibus.
1283 2419 1382 2475 Hic
1428 2421 1609 2491 itaque
1646 2423 1730 2476 vir
1757 2429 1983 2478 sanctus
2029 2433 2203 2495 rogat,
2234 2440 2341 2479 non

778 2519 838 2565 ut
866 2510 1156 2565 aﬂiictione
1185 2519 1388 2575 careat,
1423 2511 1473 2566 id
1527 2512 1670 2567 enim
1723 2513 1840 2568 ﬁeri
1885 2516 2107 2584 nequit;
2154 2515 2247 2570 sed
2282 2524 2342 2569 ut

777 2602 1007 2658 afﬂictus
1034 2618 1101 2657 ne
1133 2611 1437 2672 superetur,
1475 2610 1616 2658 etut
1647 2619 1743 2673 spe
1789 2605 2028 2674 gaudens
2069 2620 2340 2659 aerumnas

775 2694 915 2750 {erat
967 2696 1022 2748 in
1071 2695 1248 2764 iisque
1285 2695 1544 2764 glorietur
1578 2714 1592 2749 :
1643 2693 1938 2748 Tributatio
1962 2696 2098 2749 enim
2127 2713 2218 2764 per
2245 2710 2342 2763 pa-

775 2789 1010 2843 tientiam
1055 2797 1104 2842 et
1156 2787 1540 2855 probationem,
1597 2802 1737 2855 spem
1790 2797 2001 2857 generat
2021 2788 2086 2841 ὀ.
2134 2786 2340 2841 Exaudi

773 2897 880 2942 me,
898 2881 1094 2952 inquit,
1116 2882 1170 2935 in
1193 2895 1519 2951 quacunque
1540 2880 1628 2934 die
1658 2879 1907 2944 tribuler,
1950 2879 2150 2933 inclina
2175 2878 2239 2932 ad
2259 2894 2342 2934 me

772 2978 1111 3026 mansuetam
1141 2984 1325 3024 aurem
1368 2977 1537 3024 tuam.
1570 2969 1712 3024 Deus
1743 2977 1920 3023 autem
1966 2985 2148 3025 aurem
2187 2971 2341 3023 incli-

773 3077 905 3118 nare
933 3063 1156 3126 dicitur,
1176 3063 1332 3132 quasi
1364 3062 1600 3115 humana
1623 3063 1703 3116 vis
1724 3070 1777 3116 et
1795 3063 2007 3115 clamor
2029 3062 2093 3116 ad
2120 3061 2341 3117 celsitu-

770 3149 953 3203 dinem
1005 3147 1224 3201 deitatis
1272 3148 1390 3218 ejus
1421 3149 1727 3218 pertingere
1786 3157 2062 3219 nequeat:
2099 3164 2338 3220 quapro-

770 3247 893 3310 pter
917 3239 1034 3308 ipse
1063 3253 1093 3292 a
1121 3240 1491 3308 magnitudine
1519 3255 1615 3295 sua
1652 3255 1771 3294 sese
1807 3240 2117 3303 demittens,
2150 3256 2334 3295 aurem

771 3328 1000 3383 inclinat
1033 3329 1118 3392 iis,
1167 3345 1303 3398 quos
1335 3330 1593 3385 exaudire
1633 3331 1907 3400 dignatur.
1949 3313 2079 3385 lliud
2111 3340 2333 3386 autem:

773 3420 842 3474 In
868 3437 1171 3492 quacunque
1192 3420 1274 3475 die
1299 3421 1556 3487 tributor,
1593 3437 1656 3477 ac
1681 3422 1726 3476 si
1751 3422 1956 3478 diceret
1996 3443 2008 3476 :
2040 3422 2160 3475 Non
2194 3438 2338 3476 nunc

771 3519 1000 3577 tantum,
1027 3514 1122 3568 sed
1156 3520 1269 3589 toto
1291 3515 1415 3568 vitae
1451 3528 1584 3568 mea:
1619 3521 1882 3584 tempore,
1919 3514 2258 3582 maximeque
2285 3513 2336 3566 in

770 3605 1253 3677 tribulationihus;
1312 3612 1442 3660 tunc
1491 3608 1636 3660 enim
1687 3606 1959 3675 praecipue
2003 3603 2205 3658 auxilio
2254 3611 2338 3658 est

768 3713 926 3769 opus.
959 3697 1067 3752 Aut
1097 3690 1330 3752 fortasse
1354 3712 1463 3751 non
1487 3695 1644 3766 quasi
1668 3696 1734 3749 de
1757 3695 1938 3749 futura
1969 3695 2334 3758 tribulatione.

767 3790 867 3846 sed
896 3790 967 3845 de‘
993 3790 1250 3861 praesenti
1274 3788 1480 3843 dictum
1505 3796 1607 3842 est.
1640 3785 1713 3840 Ea
1746 3787 1889 3842 enim
1922 3788 2041 3857 ejus
2071 3788 2338 3843 sententia

766 3888 850 3936 est
881 3895 894 3931 :
920 3878 1056 3945 Quia
1080 3879 1205 3935 talis
1233 3879 1348 3933 haec
1375 3879 1492 3934 dies
1507 3885 1612 3942 est,
1641 3886 1698 3932 ut
1721 3878 1838 3948 ejus
1860 3880 2177 3951 gravitatem
2198 3877 2337 3933 ferre

766 3987 877 4028 non
910 3971 1138 4035 valeam,
1183 3969 1402 4025 ﬂectere
1431 3978 1484 4026 et
1532 3979 1842 4041 promptum
1891 3972 2151 4026 auxiiium
2193 3986 2334 4040 prte-

767 4066 918 4120 stito.
952 4063 1018 4118 In
1039 4080 1345 4135 quacunque
1363 4063 1447 4117 die
1472 4064 1773 4144 invocarem
1790 4076 1859 4128 te,
1881 4064 2123 4119 velociter
2142 4064 2336 4118 exaudi

767 4173 868 4212 me.
899 4155 1107 4226 Ecquid
1139 4163 1350 4210 tantum
1401 4157 1596 4228 urget?
1633 4171 1754 4225 qua:
1803 4157 1887 4210 vel
1941 4157 2115 4226 qualis
2171 4170 2335 4211 causa

767 4247 1110 4305 velocitatis?
1139 4247 1279 4314 Quia
1330 4247 1624 4316 defecerunt
1657 4249 1792 4300 sicut
1829 4248 2006 4316 fumus
2049 4247 2163 4322 dies
2192 4249 2333 4302 mei:

767 4339 1027 4412 temporis
1078 4340 1396 4395 brevitatem
1443 4347 1498 4395 et
1550 4339 1960 4394 instabilitatem
2001 4353 2100 4409 per
2127 4338 2333 4393 fumum

765 4434 1056 4508 signiﬁcat.
1084 4432 1154 4488 Et
1175 4449 1297 4488 ossa
1320 4448 1436 4487 mea
1466 4432 1602 4486 sicut
1626 4431 1874 4485 omnium
1896 4440 2168 4484 aruerunt.
2205 4429 2334 4483 Per-

764 4544 950 4582 cussus
983 4543 1099 4581 sum
1129 4535 1185 4580 ut
1213 4526 1390 4596 fenum
1409 4534 1458 4580 et
1486 4525 1694 4578 exaruit
1718 4537 1810 4577 cor
1839 4538 2028 4585 meum,
2055 4523 2180 4592 quia
2204 4522 2334 4575 obli-

2516 1943 2628 2007 ιἜν
2646 1950 2685 2025 ᾗ
2713 1956 2788 2008 ἂν
2809 1955 2996 2024 ,ἡμέρᾳ
3019 1957 3301 2026 θλίϐωμαι
3328 1959 3536 2012 κλῖνον
3556 1962 3703 2029 πρὸς
3716 1963 3796 2031 μὲ
3822 1963 3886 2016 τὸ
3907 1957 4016 2029 οὖς

2443 2059 2577 2099 σου.
2644 2048 2902 2102 Ἐνταῦθα
2935 2051 3168 2123 εἰρήσθω
3194 2053 3256 2104 τὸ
3294 2052 3386 2105 τοῦ
3430 2053 3680 2106 Ἠσαῖουο
3710 2057 3918 2123 Κύριε,
3943 2057 4014 2109 ἐν

2444 2137 2642 2204 θλίψει
2677 2138 3057 2210 ἐμνήσθημέν
3099 2159 3214 2197 σου
3234 2184 3248 2207 ,
3282 2144 3352 2197 ἐν
3397 2145 3597 2212 θλίψει
3619 2145 3803 2215 μικρᾷ
3822 2149 3860 2215 ή
3881 2136 4014 2200 παι-ὲ

2442 2224 2570 2278 δεία
2599 2241 2713 2280 σου
2747 2229 2908 2296 ἡμῖν.
2947 2230 3064 2301 Χρὴ
3102 2233 3158 2285 δὲ
3188 2233 3293 2304 ἄρα
3325 2234 3419 2286 καὶ
3449 2235 3554 2306 πρὸ
3582 2235 3678 2288 τοῦ
3713 2233 4010 2300 θλίϐεσθαι,
4061 2248 4065 2253 ‘

2441 2319 2561 2378 ταῖς
2594 2317 2890 2388 ἱκετηρίαις
2923 2321 3199 2390 σχολάζειν
3219 2362 3233 2385 ,
3262 2325 3355 2378 καὶ
3387 2327 3460 2395 μὴ
3491 2327 3649 2394 μόνον
3680 2329 3736 2379 ὲν
3768 2330 3880 2391 τοῖς
3909 2345 4009 2382 πε·

2445 2412 2768 2481 ριστατικοίς
2790 2415 3016 2483 καιροῖς.
3055 2415 3111 2467 '0
3141 2416 3319 2485 μέντοι
3341 2418 3493 2486 ἆγιος
3513 2417 3725 2489 εὔχεται
3747 2422 3845 2491 οὐχ
3863 2423 4012 2486 ὅπως

2445 2500 2517 2571 μὴ
2547 2500 2699 2572 θλίὸῃ
2722 2541 2735 2562 ,
2771 2501 3025 2556 ἀδύνατον
3053 2505 3161 2576 γὰρ
3185 2505 3359 2571 τοῦτο,
3389 2508 3501 2560 ἀλλ’
3527 2510 3672 2574 ὅπως
3698 2509 4011 2583 θλιϐόμενος

2444 2593 2519 2664 μὴ
2555 2593 2781 2665 ἡττηθῇ,
2816 2597 2909 2648 καὶ
2940 2597 3087 2660 ὅπως
3120 2600 3183 2669 τῇ
3224 2599 3397 2653 ἐλπίδι
3419 2603 3624 2673 χαίρων
3648 2604 3894 2679 ὑπομένῃ
3910 2606 4012 2672 τὰς

2443 2683 2646 2754 θλίψεις
2689 2687 2782 2739 καὶ
2813 2687 3160 2759 καυχώμενος
3191 2690 3249 2743 ὲν
3279 2693 3487 2757 αὑταῖς.
3555 2695 3625 2750 Ἠ
3664 2697 3772 2768 γὰρ
3803 2700 4011 2768 θλίψις

2441 2776 2554 2843 τὴν
2572 2778 2787 2831 ἐλπίδα
2802 2778 2897 2833 διὰ
2933 2780 3042 2850 τῆς
3069 2783 3378 2852 ὑπομονῆς
3409 2786 3506 2839 καὶ
3536 2786 3785 2858 δοκιμῆς
3803 2789 4005 2860 γεννᾷ.

2454 2867 2781 2923 Ἑπάκουσον
2803 2868 2895 2925 οῦν
2920 2889 3041 2942 μου,
3069 2875 3252 2945 φησὶν,
3276 2877 3333 2929 ὲν
3415 2877 3480 2931 ἂν
3508 2880 3690 2951 ἡμέρᾳ
3717 2881 4007 2954 θλίδωμαι,

2443 2959 2718 3024 ὲπικλίνας
2736 2979 2834 3030 μου
2851 2965 2949 3034 τὴν
2965 2964 3338 3036 φιλάνθρωπον
3350 2969 3752 3041 ἀκοήν.Κλίνειν
3767 2975 3824 3027 δὲ
3837 2977 3866 3028 6
3879 2976 4009 3041 Θεὸς

2439 3049 2499 3101 τὸ
2527 3047 2615 3113 οὖς
2646 3052 2810 3134 αὑτοῦ
2845 3053 3093 3120 λέγεται,
3125 3057 3199 3119 ὡς
3237 3058 3336 3110 οὐκ
3363 3059 3757 3135 ἐφικνουμένης
3789 3067 3886 3137 τῆς
3915 3069 4009 3122 ἀν-

2440 3139 2714 3213 θρωπίνης
2745 3143 3024 3214 δυνάμεώς
3051 3163 3111 3199 τε
3155 3150 3250 3202 καὶ
3291 3152 3537 3222 κραυγῆς
3569 3154 3790 3223 φθάνειν
3823 3161 3916 3212 ἐπὶ
3945 3161 4009 3214 τὸ

2441 3231 2572 3302 ὒψος
2622 3235 2721 3304 τῆς
2764 3235 2928 3290 αὐτοῦ
2962 3236 3245 3309 θεότητος·
3282 3241 3467 3312 διόπερ
3498 3245 3658 3310 αὐτὸς
3704 3249 4007 3306 ὑποκατιὼν

2436 3326 2537 3392 τῆς
2577 3327 2740 3380 αὐτοῦ
2790 3330 3204 3404 μεγαλειότητος
3249 3334 3522 3389 ὑποκλίνει
3563 3337 3659 3410 τὴν
3692 3342 3861 3413 ἀκοὴν
3896 3347 4007 3407 τοῖς

2436 3414 2876 3505 καταξιουμένοις
2935 3421 3333 3476 είσακούεσθαι.
3398 3425 3470 3478 Τὸ
3531 3427 3609 3490 δὲ,
3674 3431 3775 3485 Ἐν
3831 3426 3872 3505 ᾖ
3931 3432 4008 3486 ἂν

2436 3502 2624 3572 ἡμέρᾳ
2677 3506 2989 3576 θλίὸωμαι,
3039 3510 3160 3562 ἀντὶ
3201 3511 3292 3564 τοῦ
3316 3552 3330 3576 ,
3367 3514 3457 3584 Μὴ
3501 3513 3596 3567 νῦν
3631 3517 3788 3587 μόνον
3811 3502 3848 3583 ,τ
3873 3519 4005 3572 ἀλλὰ

2435 3591 2564 3665 παρ’
2632 3593 2758 3665 ὃλην
2812 3597 2991 3669 ζωὴν,
3024 3600 3182 3655 πλέον
3214 3602 3276 3670 ,δὲ
3322 3605 3380 3656 ὲν
3437 3605 3677 3675 θλίψεσι·
3742 3611 3861 3663 τότε
3899 3612 4005 3683 γὰρ

2438 3686 2673 3754 μάλιστα
2703 3689 2859 3760 χρεία
2893 3693 3161 3762 βοηθείας.
3201 3695 3274 3748 Ἦ
3310 3697 3448 3767 τάχα
3479 3701 3576 3770 οὐχ
3613 3700 3688 3764 ὡς
3719 3703 3844 3773 περὶ
3881 3703 4008 3773 μελά

2435 3775 2630 3848 λούσης
2661 3778 2927 3864 θλίψεως,
2961 3783 3076 3835 ἀλλ’
3111 3785 3188 3848 ὠς
3219 3783 3532 3860 ἐνεστώσης
3578 3792 3814 3864 εἴρηται.
3867 3796 4003 3848 Βού-

2432 3868 2580 3959 λεται
2637 3860 2746 3943 is?
2800 3873 2973 3926 εἰπεῖν
3011 3874 3127 3938 ὅτι,
3189 3877 3311 3929 tiret
3370 3872 3508 3950 αὕτη
3539 3860 3764 3953 ἐστίν-ἡ
3823 3887 4005 3959 ἡμέρα

2431 3958 2500 4035 ἧς
2531 3963 2628 4016 οὐκ
2653 3963 2796 4018 ἐστιν
2827 3965 3143 4034 ὑπενεγκεῖν
3281 3967 3580 4040 βᾳρύτηταν
3605 3974 3883 4046 κάμφθητι
3910 3958 4004 4033 id}

2433 4058 2651 4125 ταχεῖαν
2675 4056 2762 4120 δὸς
2787 4056 2883 4128 τὴν
2905 4057 3172 4130 βοήθειαν.
3221 4062 3322 4115 Ἑν
3339 4056 3379 4133 ᾖ
3409 4062 3485 4116 ἂν
3513 4065 3698 4134 ἡμέρᾳ
3726 4067 4002 4125 ἐπικαλέ-

2431 4149 2624 4216 σωμαί
2645 4164 2752 4214 σε,
2787 4150 2938 4220 ταχὺ
2968 4151 3316 4208 ἐπάκουσόν
3345 4173 3481 4224 μου.
3547 4158 3654 4214 Καὶ
3679 4159 3731 4210 τί
3769 4161 3829 4214 τὸ
3875 4180 4004 4216 κατ-

2430 4243 2676 4309 emi-rw;
2707 4242 3044 4308 αίτίαδὲτίς,
3071 4244 3103 4314 ἢ
3128 4247 3255 4299 ποία
3279 4247 3378 4316 τῆς
3414 4249 3743 4322 ταχύτητοςς
3769 4255 3895 4307 Ὀτι
3912 4255 4004 4320 ἐξ·

2429 4332 2641 4387 ἐλιπον
2655 4338 2714 4388 at
2738 4337 2946 4405 ἡμέραι
2968 4356 3088 4407 μου
3113 4339 3254 4394 ὡσεί
3275 4343 3502 4410 καπνός
3522 4361 3534 4374 ο
3564 4343 3624 4397 τὸ
3644 4347 4002 4422 ὀλιγοχρόνιον

2431 4427 2523 4478 καὶ
2544 4429 2910 4484 ἀνυπόστατον
2943 4431 3030 4485 διὰ
3062 4432 3154 4486 τοῦ
3180 4434 3387 4488 καπνοῦ
3419 4437 3586 4508 δηλοῖ.
3615 4442 3722 4494 Καὶ
3751 4441 3824 4496 τὸ
3849 4442 4000 4500 ὀστᾶ

2425 4536 2542 4586 μου
2567 4519 2708 4587 ὡσεί
2727 4523 2978 4593 φρύγιον
2997 4529 3486 4597 συνεφρύγησαν.
3530 4531 3837 4602 Ἐκλήτην
3856 4535 4001 4591 ὡσεὶ

766 4631 849 4676 tus
879 4637 996 4674 sum
1029 4618 1296 4674 comedere
1330 4634 1516 4688 panem
1549 4633 1738 4672 meum.
1778 4616 1820 4669 Α
1847 4631 1966 4669 voce
1992 4615 2214 4683 gemitus
2236 4614 2333 4666 mei
2366 4644 2406 4698 υ
2432 4629 2468 4679 χ

2294 4614 2333 4666 εί
2366 4644 2406 4698 D
2432 4613 2660 4680 χόρτος,
2691 4613 2790 4698 καὶ
2807 4614 3106 4686 ἐξηράνθη
3127 4620 3167 4687 ἠ
3195 4620 3405 4686 καρδία
3429 4638 3568 4690 μου,
3599 4621 3687 4676 ὅτι
3717 4623 3999 4684 ἐπελαθό-

765 4710 988 4765 αᾱίιαιὶι
1034 4727 1091 4765 os
1121 4727 1290 4764 meum
1326 4710 1477 4764 carni
1533 4726 1678 4765 meat.
1725 4708 1857 4775 Quae
1887 4707 2087 4778 populo
2130 4706 2334 4760 accide-

765 4809 894 4856 runt
919 4808 977 4854 ut
1001 4801 1106 4856 sibi
1131 4801 1350 4872 propria
1377 4807 1597 4856 enarrat
1621 4800 1969 4870 propheticus
1998 4797 2220 4858 chorus,
2251 4796 2334 4850 vel

765 4895 926 4949 etiam
965 4894 1079 4963 ipse
1131 4891 1298 4948 David
1347 4912 1360 4948 :
1406 4892 1751 4962 declaratque
1786 4891 2094 4945 universam
2145 4902 2332 4944 eorum

764 4987 1044 5048 virtutem,
1087 4998 1193 5054 qua
1231 4983 1419 5053 legalis
1456 4984 1639 5039 cultus
1688 4982 2046 5045 consistebat,
2109 4980 2337 5051 periisse

765 5095 829 5134 ac
877 5069 1280 5148 pessumivisse.
1358 5073 1482 5132 Haec
1538 5088 1700 5145 porro
1743 5081 1895 5129 erant
1947 5071 2332 5135 sacerdotium,

765 5171 1050 5241 templum,
1079 5182 1338 5241 pecorum
1366 5167 1654 5230 sacriﬁcia,
1682 5167 1858 5237 gentis
1883 5165 1974 5236 jus
2002 5173 2056 5220 et
2085 5165 2328 5219 libertas.

767 5265 1084 5320 Sublimiori
1119 5276 1247 5319 vero
1280 5277 1466 5323 sensu,
1499 5259 1591 5330 qui
1639 5259 1936 5315 secundum
1985 5257 2153 5313 Deum
2199 5271 2332 5327 pau-

768 5374 863 5430 per
914 5365 1019 5422 est,
1076 5357 1314 5427 primum
1354 5368 1512 5409 suum
1571 5351 1782 5406 facinus
1834 5355 2099 5416 enuntiat,
2144 5364 2336 5419 nempe

768 5446 913 5520 quod
940 5457 1304 5516 temporaneae
1326 5444 1452 5498 vita:
1485 5441 1600 5496 dies
1637 5441 1720 5496 sui
1765 5443 1938 5496 instar
1967 5441 2098 5496 fumi
2129 5439 2336 5496 deiece-

767 5541 898 5602 rint,
930 5550 1055 5591 cum
1084 5536 1346 5604 inglorius
1380 5542 1434 5589 et
1474 5535 1744 5588 obscurus
1790 5532 1937 5601 ipsos
1986 5531 2329 5602 transegerit.

770 5629 883 5685 Hoc
913 5635 1092 5683 autem
1123 5627 1390 5697 intelliges
1416 5641 1481 5680 ex
1515 5626 1599 5680 his
1638 5622 1886 5696 quae-Joh
1926 5626 2001 5679 ait
2045 5645 2058 5679 :
2103 5625 2332 5690 Quando

770 5721 975 5775 lucebat
999 5719 1211 5773 lucerna
1232 5734 1385 5787 super
1405 5701 1558 5786 caput
1591 5734 1781 5782 meum,
1815 5717 2023 5788 quando
2053 5734 2196 5772 eram
2223 5734 2333 5772 ma-

2431 4722 2557 4775 μην
2583 4704 2688 4761 τοῦ
2721 4707 2933 4776 φαγεῖν
2964 4708 3071 4762 τὸν
3096 4710 3276 4778 ἄρτον
3313 4729 3452 4781 μου.
3497 4714 3630 4767 Ἀπὸ
3656 4715 3858 4786 ςεωνῆς
3891 4721 3998 4776 τοῦ

2436 4801 2772 4870 στεναγμοῦ
2787 4818 2910 4869 μου
2926 4801 3225 4870 ἐκολλήθη
3253 4804 3319 4857 τὸ
3342 4805 3568 4859 ὀστοῦν
3584 4825 3702 4875 μου
3724 4808 3799 4877 τῇ
3820 4815 4000 4881 σαρκί

2429 4908 2567 4959 μου.
2602 4893 2680 4946 Τὰ
2703 4894 2985 4963 συμὸἀντα
3007 4895 3083 4965 τῷ
3107 4895 3220 4966 λαῷ
3248 4898 3650 4953 οίκειοποιεῖται
3673 4901 3701 4954 ὁ
3731 4919 3998 4976 προφητι-

2436 4983 2528 5047 κὸς
2558 4985 2746 5056 χορὸς,
2779 4986 2811 5055 ἢ
2847 4987 2940 5039 καὶ
2970 4989 2999 5040 ό
3033 4989 3222 5042 Δαυῖδ·
3275 4991 3368 5043 καὶ
3407 4991 3673 5046 δείκνυσιν
3728 4997 3809 5050 ὅτι
3849 5001 3999 5060 πᾶσα

2434 5072 2659 5143 δύναμις
2685 5075 2882 5139 αὐτῶν,
2916 5077 2981 5129 δι’
3007 5073 3074 5149 ἦς
3103 5082 3436 5148 συνειστήκει
3461 5082 3527 5133 τὰ
3549 5083 3644 5153 τῆς
3675 5085 3812 5140 κατὰ
3841 5089 3998 5160 νόμον

2435 5164 2687 5236 λατρείας
2706 5207 2720 5229 ,
2758 5167 3030 5240 διεφθάρη
3059 5171 3152 5223 καὶ
3186 5171 3481 5226 ἀπόλωλεν.
3513 5169 3616 5226 τΗν
3643 5175 3698 5230 δὲ
3727 5177 3899 5233 ταῦτα
3964 5181 3998 5252 η

2435 5255 2830 5327 ἀρχιερωσύνη,
2863 5261 2892 5312 ὁ
2916 5259 3070 5324 ναὸς,
3106 5262 3159 5312 αί
3192 5258 3280 5312 διὰ
3298 5259 3405 5314 τῶν
3443 5261 3768 5334 θρεμμάτων
3796 5267 3995 5332 θυσίαι,

2431 5352 2524 5403 καὶ
2555 5353 2588 5421 ἡ
2622 5351 2915 5422 αύτεονομία
2949 5352 3043 5406 τοῦ
3077 5352 3278 5416 ἔθνους.
3339 5354 3694 5430 ’Υψηλότερον
3720 5359 3775 5412 δὲ
3800 5361 3828 5414 ὁ
3857 5360 3996 5415 κατὰ

2429 5441 2558 5493 Θεὸν
2593 5443 2802 5513 πτωχὸς
2848 5443 3060 5514 πρῶτον
3103 5444 3266 5498 αὑτοῦ
3299 5448 3628 5520 κατόρθωμα
3666 5451 3902 5508 διδάσκει
3935 5453 3996 5505 τὸ

2427 5535 2793 5590 ἐκλελοιπέναι
2823 5536 3030 5590 καπνοῦ
3050 5536 3206 5608 δίκην
3219 5539 3328 5604 ⁸τάς
3355 5541 3456 5610 τῆς
3491 5544 3824 5616 προσκαίρου
3853 5543 3997 5616 ζωῆς

2429 5627 2638 5698 ὴμέρας
2659 5628 2844 5692 αὑτοῦ,
2872 5628 3073 5692 ἀδόξως
3096 5631 3187 5683 καί
3211 5632 3430 5702 ἀφανῶς
3453 5633 3620 5698 αὑτὰς
3639 5635 3992 5703 διεξάγοντος.

2427 5719 2657 5789 Νοήσεις
2689 5719 2745 5772 δὲ
2773 5719 2930 5773 τοῦτο
2958 5722 3050 5790 ἀφ’
3085 5715 3158 5778 ὧν
3189 5725 3217 5777 ὁ
3255 5724 3372 5781 Ἰὡῦ
3408 5742 3602 5797 φησιν·
3670 5729 3805 5782 Ὀτε
3827 5727 3994 5799 ηὔχει

844 5901 884 5931 ¹⁷
927 5898 1084 5957 lich.
1121 5917 1190 5955 vn
1216 5941 1229 5968 ,
1274 5901 1324 5968 i,
1359 5899 1413 5954 2.
1491 5901 1532 5933 ¹⁸
1572 5899 1720 5956 Psal.
1751 5915 1886 5965 xm,
1924 5901 1976 5956 5.
2056 5901 2099 5934 ¹⁹
2138 5900 2239 5957 lsa.
2287 5918 2437 5966 xxvt,
2477 5902 2541 5958 i6

1359 5899 1413 5954 2.
1491 5901 1532 5933 ¹⁸
1572 5899 1720 5956 Psal.
1751 5915 1886 5965 xm,
1924 5901 1976 5956 5.
2056 5901 2099 5934 ¹⁹
2138 5900 2239 5957 lsa.
2287 5918 2437 5966 xxvt,
2477 5902 2562 5958 t6.
2639 5904 2683 5936 "
2722 5901 2879 5958 Rom.
2911 5919 2962 5960 γ.
3000 5903 3052 5957 4.
