4318 6404
816 486 951 541 1255

1445 478 1704 534 EUSEBII
1736 473 2209 533 CESARIENSIS
2244 475 2397 534 OPP.
2435 474 2614 531 PARS
2652 472 2738 530 Ill.
2777 502 2848 516 --
2885 475 3290 531 EXEGETICA.

3857 476 3992 532 1256

815 608 993 656 servat
1015 600 1153 654 enim
1177 613 1280 668 qua
1302 607 1491 653 ventus
1519 597 1722 668 perﬂet,
1753 605 1913 667 atque
1943 598 2065 652 inde
2087 613 2348 652 venenum
2377 603 2424 656 Α
2448 595 2520 647 τδπ

2299 613 2348 650 m
2377 603 2424 656 Α
2448 595 2538 648 τὸν
2560 596 2667 675 ίόνξ
2696 599 3016 666 περισκοπεῖ
3032 597 3140 668 γὰρ
3168 599 3288 656 ὅθεν
3313 603 3434 652 πνεῖ
3455 601 3482 651 ό
3505 600 3721 669 ἄνεμος,
3749 597 3998 652 κάκεῖθεν

815 705 972 746 suum
1000 689 1157 758 pullis
1181 688 1411 754 exhalat,
1446 689 1518 740 ita
1551 696 1610 740 ut
1638 688 1923 741 intereant.
1952 684 2055 740 Sed
2081 693 2232 756 pater
2257 701 2350 740 eo-

817 796 938 834 rum
982 793 1170 833 rursus
1199 776 1482 843 advolans,
1513 792 1578 830 ac
1614 775 1845 830 naturali
1890 777 2100 830 ratione
2129 773 2353 828 insidias

814 868 1197 942 conspicatus»
1246 867 1394 920 novit
1438 873 1491 920 et
1542 867 1657 935 ipse
1700 882 1809 936 quo
1851 873 2008 934 pacto
2038 864 2356 918 reviviscere

815 961 1042 1030 possint.
1076 958 1280 1012 Nubem
1314 958 1455 1010 enim
1485 958 1756 1020 observat,
1782 965 1835 1012 et
1864 958 1918 1010 in
1939 957 2169 1011 sublime
2186 955 2350 1016 volat,

814 1065 876 1104 ac
931 1064 1095 1119 supra
1136 1055 1294 1116 caput
1327 1047 1540 1101 illorum
1586 1047 1786 1104 sensim
1823 1047 2029 1108 volitat,
2079 1046 2354 1113 lateraque

813 1141 1005 1210 pennis
1032 1139 1396 1194 vehementius
1421 1136 1690 1207 quatiens,
1712 1138 1988 1206 sanguian
2014 1144 2195 1208 guttas
2222 1135 2354 1204 ipsis

810 1231 1061 1300 exprimit
1101 1237 1154 1282 et
1181 1229 1377 1282 cmittit
1402 1249 1414 1282 :
1446 1228 1548 1282 illae
1579 1243 1706 1281 vero
1729 1243 1822 1296 per
1843 1227 2037 1281 nubem
2066 1227 2350 1284 stillantes.

810 1319 1076 1372 vivilicam
1096 1317 1325 1370 mortuis
1342 1316 1446 1368 vim
1469 1315 1720 1376 ell'erunt,
1747 1325 1906 1384 atque
1923 1317 1994 1368 ita
2021 1314 2097 1368 illi
2114 1315 2354 1368 excitan-

811 1416 918 1463 tur.
949 1405 1252 1461 Pellicanus
1281 1407 1463 1474 itaque
1503 1421 1601 1474 pro
1642 1404 1867 1459 Domino
1905 1406 2187 1474 accipitur,
2222 1405 2351 1474 pulli

810 1513 909 1568 pro
943 1497 1131 1566 primis
1158 1496 1493 1565 parentibus,
1526 1495 1685 1549 nidus
1714 1511 1810 1564 pro
1833 1495 2105 1564 paradiso,
2129 1511 2351 1565 serpens

811 1603 909 1656 pro
929 1595 1174 1656 apostata
1204 1586 1437 1640 diabolo.
1467 1584 1762 1640 lnsuﬂlavit
1787 1601 1916 1656 ergo
1948 1587 2036 1642 ille
2070 1601 2167 1655 per
2192 1586 2349 1640 inob—

810 1679 1144 1746 sequentiam
1175 1678 1368 1747 primis
1415 1677 1725 1746 parentibus
1761 1677 1815 1732 in
1853 1677 2103 1746 paradiso
2135 1675 2349 1747 positis,

808 1780 1143 1837 mortemque
1205 1768 1406 1822 invexit
1458 1769 1565 1821 illis
1614 1786 1627 1820 :
1675 1767 1928 1822 Christus
1979 1782 2107 1822 vero
2165 1782 2348 1820 amore

808 1859 978 1913 nostri
1029 1869 1326 1930 permotus,
1375 1859 1429 1911 in
1457 1874 1618 1915 cruce
1667 1859 1954 1924 exaltatus,
1980 1873 2043 1912 ac
2074 1859 2129 1911 in
2183 1859 2351 1912 latere

2459 685 2673 753 ἐμφυσᾷ
2695 685 2806 746 τοῖς
2837 686 3064 747 νεοττοῖς
3095 685 3183 755 τὸν
3217 685 3292 738 ίὸν
3320 685 3480 740 αὑτοῦ
3498 726 3513 750 ,
3544 687 3638 742 καὶ
3665 685 3995 743 τελευτῶσιν.

2465 774 2597 825 Ἀλλ’
2618 775 2645 825 ό
2677 775 2959 844 γεννήσας,
2987 775 3167 839 αὐτοῖς
3194 776 3423 839 ἐπιπτάς
3441 771 3619 842 αὖθις,
3638 777 3731 832 καὶ
3752 773 3850 846 τὴν
3878 776 4000 828 ἐπι·-

2453 863 2641 932 6ουλὴν
2667 867 2907 932 φυσικοῖς
2927 864 3102 932 λόγοις
3122 865 3274 928 εἰδὼς
3290 906 3303 929 ,
3331 860 3435 919 οἶδε
3456 866 3614 921 πάλιν
3635 867 3832 937 ὁμοίως
3854 866 4000 927 ὃπως

2453 952 2857 1006 ἀναϐιώσονται.
2919 955 3115 1007 Σκοπεῖ
3154 957 3260 1027 γὰρ
3292 956 3517 1026 νεφέλην
3549 957 3642 1009 κα)⁸
3675 955 3890 1008 πέτεται
3922 955 4003 1017 είς

2455 1040 2604 1109 ὕψος,
2631 1043 2721 1094 καὶ
2747 1042 2886 1094 κατά
2910 1043 3146 1113 κορυφὴν
3174 1045 3354 1113 ἠρέμα
3382 1047 3468 1098 ἐπ’
3494 1047 3673 1108 αὐτοῖς
3701 1043 4000 1114 πτερύσσε-

2452 1147 2562 1192 ται,
2592 1131 2682 1183 κα)⁸
2701 1131 2767 1184 τὰ
2795 1132 2996 1202 πλευρά
3020 1137 3130 1197 τοῖς
3157 1137 3370 1204 πτεροῖς
3395 1135 3728 1206 ἑκατέρωθεν
3751 1134 4002 1203 πλήσσων

2455 1223 2835 1292 σφοδρότερον,
2879 1224 3106 1294 αἵματος
3140 1225 3318 1288 αὐτοῖς
3343 1226 3556 1294 ῥανίδας
3593 1225 3832 1295 ἀφίησιν·
3858 1225 3914 1276 αί
3944 1224 4002 1276 δι

2451 1312 2537 1378 διὰ
2566 1314 2661 1382 τῆς
2692 1313 2914 1383 νεφέλης
2947 1315 3324 1379 ἐπιστάζουσαι
3355 1314 3612 1384 ζωογόνον
3651 1319 3762 1378 τοῖς
3796 1332 4000 1385 νεκρω-

2453 1402 2617 1456 θεῖσιν
2648 1404 2908 1457 ἐντιθέασι
2934 1403 3180 1474 δύναμιν,
3207 1406 3300 1458 καὶ
3321 1407 3636 1476 ἐγείρονται.
3661 1404 4004 1476 Λαμϐάνεται

2450 1489 2541 1546 οῦν
2565 1496 2592 1546 ό
2625 1493 2854 1547 πελεκάν
2893 1497 2972 1557 είς
3002 1496 3089 1548 τὸν
3123 1495 3320 1566 Κύριον
3339 1537 3354 1557 ,
3379 1499 3426 1548 ot
3454 1496 3511 1549 δὲ
3543 1495 3743 1551 νεοττοὶ⁵
3775 1498 3854 1559 εἰς
3880 1496 4003 1558 τοὺς

2450 1584 2898 1654 πρωτοπλάστους
2921 1626 2935 1650 ,
2958 1587 2990 1656 ὴ
3023 1585 3077 1639 δέ
3106 1585 3264 1640 καλιά
3289 1589 3366 1648 είς
3391 1586 3478 1639 τὸν
3507 1586 3828 1657 παράδεισον
3845 1627 3861 1650 ,
3895 1587 3924 1639 δ
3947 1585 4004 1638 δέ

2450 1675 2568 1743 ὄφις
2593 1676 2668 1736 είς
2695 1676 2783 1727 τὸν
2806 1676 3108 1746 ἀποστάτην
3130 1676 3390 1732 διάϐολον.
3425 1675 3780 1747 Ἐνεςρύσησεν
3801 1671 3891 1728 οῦν
3917 1668 4025 1732 οὗο.

2450 1782 2538 1827 τος
2581 1764 2668 1816 διὰ
2708 1764 2804 1834 τῆς
2834 1767 3112 1836 παρακοῆς
3148 1769 3258 1829 τοῖς
3283 1768 3339 1820 ἐν
3366 1766 3443 1837 τῷ
3471 1766 3777 1838 παραδείσῳ
3807 1766 4006 1820 τεθεῖσι

2452 1855 2920 1926 πρωτοπλάστοις,
2972 1858 3063 1910 καὶ
3108 1858 3369 1927 νέκρωσιν
3402 1859 3584 1922 αὐτοῖς
3618 1859 3944 1913 ἐντέθεικεν⁸
3975 1859 4005 1910 ὁ

807 1923 1141 2011 vulneratus,
1173 1949 1438 2002 viviﬁcum
1465 1948 1588 2003 inde
1621 1923 1945 2017 sanguinem
1968 1948 2171 2002 stillare
2203 1945 2348 2012 fecit,
2383 1923 2424 1976 Β
2454 1923 2510 1997 δέ

2299 1948 2348 2012 it,
2383 1923 2424 1976 Β
2454 1923 2767 2016 δέ“Χριστδς
2797 1946 2885 1998 διὰ
2915 1945 3011 2016 τὴν
3044 1946 3175 2016 πρὸς
3207 1923 3349 2017 ημᾶς
3370 1931 3595 2021 ἀγάπην
3624 1949 3757 2020 ὑψοῦ
3787 1950 4004 2019 γενόμε-

807 2057 1014 2110 nosque
1035 2049 1276 2095 mortuos
1309 2055 1402 2109 per
1434 2041 1630 2094 nubem
1678 2040 1853 2094 sancti
1915 2038 2148 2109 Spiritus
2177 2037 2352 2093 vivifi-

806 2135 949 2189 cavit
972 2150 989 2188 :
1011 2131 1206 2185 Factus
1235 2148 1349 2185 sum
1376 2132 1506 2185 sicut
1540 2131 1840 2200 nycticoraa:
1865 2131 1919 2184 in
1946 2128 2231 2182 domicilio.
2260 2130 2352 2182 Ti—

807 2225 984 2280 midus
1001 2234 1080 2280 est
1093 2225 1430 2294 nycticorax;
1455 2237 1622 2292 quare
1640 2223 1781 2276 ultro
1807 2221 2051 2292 citroque
2068 2220 2277 2292 fugiens
2295 2221 2350 2274 in

806 2317 1202 2370 domiciliorum
1240 2314 1521 2368 ruderibus
1550 2321 1848 2383 pernoctat,
1879 2327 1942 2368 ac
1972 2313 2024 2366 in
2046 2309 2219 2381 [nocte
2243 2328 2352 2382 pra:

809 2404 1098 2459 formidine
1115 2404 1374 2456 clamitat.
1398 2400 1500 2455 Per
1515 2401 1839 2471 pollicanum
1858 2403 2039 2473 itaque
2056 2410 2350 2457 extremam

806 2496 986 2567 populi
1017 2495 1321 2549 vastitatem
1352 2499 1405 2546 et
1462 2492 1808 2547 solitudinem
1862 2491 2217 2560 signiﬁcabat,
2258 2508 2351 2565 per

807 2586 1202 2656 nycticoracem
1236 2597 1364 2636 vero
1393 2581 1645 2637 tenebras
1676 2581 1901 2646 indicat,
1930 2583 2085 2652 queis
2117 2586 2350 2654 populus

808 2677 1014 2731 offusus
1042 2682 1125 2730 est
1156 2674 1519 2742 :denotatque
1559 2688 1674 2737 eos,
1704 2672 1974 2746 exstincto
2011 2675 2212 2730 lumine
2247 2676 2351 2731 sibi

805 2764 1115 2830 irradiante,
1149 2765 1447 2834 ignorantia
1475 2765 1566 2820 Dei
1595 2765 1834 2828 allectos,
1857 2764 2012 2837 quasi
2037 2765 2092 2819 in
2117 2764 2352 2818 tenebris

807 2861 862 2909 ct
889 2854 942 2908 in
969 2863 1127 2909 nocte
1152 2856 1374 2909 versari.
1403 2854 1655 2909 Fortasse
1683 2854 1766 2908 vir
1815 2858 2059 2919 sanctus,
2092 2852 2221 2922 quia
2253 2867 2354 2904 no-

805 2945 984 3000 ctibus
1014 2946 1242 3014 singulis
1272 2946 1476 2999 orando
1514 2946 1728 3011 clamet,
1760 2952 2061 3016 opportune
2094 2959 2213 2999 sese
2251 2959 2351 3014 ny-

807 3037 1061 3090 cticoracr
1088 3035 1314 3089 confert.

876 3207 1042 3264 Vsus.
1077 3207 1226 3261 8—H.
1289 3207 1527 3276 Vigilavi,
1561 3217 1609 3261 et
1652 3207 1825 3277 factus
1853 3226 1969 3262 sum
2010 3210 2144 3263 sicut
2173 3224 2353 3277 passer

810 3300 1080 3356 solitarius
1107 3300 1160 3352 in
1198 3308 1348 3353 tecto.
1377 3288 1506 3353 Tota
1535 3300 1617 3353 die
1659 3299 2036 3368 exprobrabant
2077 3302 2206 3354 mihi
2250 3301 2355 3354 ini-

811 3393 933 3444 mici
963 3391 1061 3444 mei
1095 3408 1112 3446 :
1140 3399 1188 3444 et
1213 3391 1300 3460 qui
1344 3390 1627 3445 laudabant
1659 3409 1757 3455 me,
1791 3389 2061 3447 aduersam
2099 3409 2179 3447 me
2198 3393 2354 3462 jura-

811 3479 957 3533 bant.
987 3478 1250 3535 Derisioni
1291 3479 1368 3534 fui
1413 3481 1642 3536 inimicis
1673 3500 1685 3534 :
1718 3490 1770 3535 et
1807 3482 1901 3552 qui
1930 3483 2058 3536 olim
2107 3483 2358 3536 aemulan-

810 3569 912 3625 dus
943 3578 994 3624 et
1020 3570 1245 3624 illustris
1273 3585 1441 3633 eram,
1461 3585 1604 3624 nunc
1632 3571 1696 3625 ad
1721 3571 2103 3640 jusjurandum
2127 3587 2358 3641 usurpor

811 3659 880 3714 ab
913 3659 979 3729 iis
1012 3661 1102 3728 qui
1129 3674 1214 3713 me
1242 3659 1369 3713 olim
1405 3659 1778 3713 mirabantur:
1809 3675 1904 3729 per
1932 3675 2079 3715 meas
2106 3661 2250 3715 enim
2278 3677 2361 3715 ca-

810 3751 1077 3804 lamitates
1098 3751 1306 3819 jurant,
1331 3748 1410 3804 Ne
1439 3751 1613 3820 patiar
1640 3766 1702 3805 ea
1732 3767 1852 3822 qua:
1871 3751 2090 3821 quidam
2115 3754 2359 3822 perpessi

811 3828 957 3892 stmt.
991 3837 1059 3892 Et
1088 3839 1173 3908 qui
1209 3838 1494 3892 laudabant
1529 3857 1629 3905 me,
1656 3841 1929 3896 adversum
1963 3859 2042 3896 me
2064 3842 2358 3913 jurabant:

813 3940 997 4008 utpote
1026 3932 1116 3991 qui
1165 3930 1329 3986 Deum
1377 3931 1680 4006 adjutorem
1713 3949 1822 3989 non
1865 3935 2142 3992 haberem.
2166 3927 2361 4007 Neque

810 4032 984 4085 solum
1017 4029 1218 4082 inimici
1248 4027 1340 4082 Dei
1374 4027 1486 4081 haec
1516 4032 1777 4097 εδδ-εθηῆ
1818 4027 1912 4082 sed
1945 4029 2106 4083 etiam
2151 4029 2244 4100 qui
2274 4044 2360 4084 me

813 4121 1123 4190 diligebant,
1155 4121 1435 4174 adversum
1463 4135 1546 4173 me
1568 4118 1845 4186 iurabant,
1888 4121 1941 4174 id
1967 4128 2051 4176 est
2076 4122 2360 4176 contribu-

808 4212 896 4268 Ies
927 4212 1050 4264 mei.
1095 4210 1230 4264 Nam
1275 4211 1332 4264 hi
1363 4225 1577 4280 quoque
1620 4213 1753 4280 ipsis
1782 4215 2080 4282 prophetiis
2105 4231 2212 4270 non
2241 4231 2360 4271 cre-

814 4301 1013 4355 debant
1039 4318 1052 4354 :
1086 4301 1178 4355 sed
1201 4300 1538 4355 hortationes
1562 4315 1624 4354 ac
1667 4301 1969 4358 futurorum
2001 4309 2265 4374 promissa
2289 4308 2360 4361 ir-

813 4392 1072 4454 ridentes,
1126 4390 1410 4446 adversum
1456 4407 1540 4447 me
1583 4392 1867 4461 iurabant,
1907 4397 2176 4452 vaticiniis
2227 4399 2360 4453 meis

816 4482 971 4536 fidem
1007 4488 1282 4550 negantes.
1313 4479 1451 4546 Quia
1470 4485 1690 4536 cinerem
1729 4494 1974 4554 tanquam
2007 4502 2192 4554 panem
2219 4505 2362 4542 man-

2456 2054 2542 2100 νος
2569 2037 2659 2088 ἐπὶ
2681 2037 2772 2089 τοῦ
2796 2036 3024 2110 σταυροῦ
3040 2078 3054 2099 ,
3071 2039 3162 2091 καὶ
3186 2040 3364 2106 νυγεὶς
3393 2039 3487 2109 τὴν
3503 2039 3766 2112 πλευράν,
3797 2040 4004 2092 ἐκεῖθεν

2453 2125 2514 2178 τὸ
2546 2124 2854 2200 ζωήρρυτον
2885 2125 3170 2189 ἐστάλαξεν
3196 2122 3362 2196 αἷμα,
3407 2130 3497 2182 καί
3522 2128 3609 2182 διὰ
3646 2129 3744 2198 τῆς
3780 2127 4006 2198 νεφέλης

2453 2218 2546 2270 τοῦ
2588 2219 2742 2286 ἁγίου
2776 2219 3082 2288 Πνεύματος
3109 2217 3473 2289 νεκρωθέντας
3504 2220 3650 2291 ἡμᾶς
3671 2216 4002 2282 ἀνεζώωσενο

2467 2307 2789 2378 Ἐτενήθην
2817 2307 2957 2362 ὡσεὶ
2982 2311 3337 2376 νυκτικόραξ
3355 2309 3426 2362 ἐν
3444 2307 3748 2373 οιαοπέδῳ.
3781 2307 3960 2361 Δειλὸν
3979 2308 4007 2360 ὀ

2454 2397 2809 2470 νυκτικόραξ’
2860 2399 2940 2452 διὸ
2975 2387 3181 2468 ιέεύγων
3239 2398 3569 2469 πανταχόθεν
3612 2399 3724 2462 τοῖς
3751 2396 4006 2469 ἐρειπίοις

2452 2488 2559 2541 τῶν
2584 2489 2893 2560 οἰκημάτων
2923 2487 3271 2553 ἐναυλίζεται,
3309 2489 3400 2542 καὶ
3425 2491 3482 2541 ἐν
3512 2489 3664 2542 νυκτὶ
3691 2487 3878 2560 κράζει
3905 2487 4006 2540 ὑπὸ

2453 2576 2665 2642 δειλίας.
2703 2579 2799 2631 Διά
2821 2579 2917 2649 μὲν
2945 2576 3038 2633 οῦν
3067 2578 3156 2632 τοῦ
3182 2578 3470 2642 πελεκᾶνος
3495 2579 3605 2658 τὴν
3625 2578 3857 2648 παντελῆ
3881 2579 4006 2649 ἐρηο

2459 2668 2583 2736 μίαν
2612 2668 2704 2720 τοῦ
2731 2669 2857 2723 λαοῦ
2893 2671 3125 2742 ἐσήμανε
3146 2687 3158 2698 ·
3201 2669 3286 2723 διὰ
3326 2668 3380 2721 δὲ
3412 2668 3506 2722 τοῦ
3538 2667 3921 2739 νυκτικόρακος
3947 2667 4007 2720 τὸ

2456 2771 2582 2807 κατε
2592 2755 2774 2826 ιληφδς
2796 2759 2980 2822 σκότος
3000 2759 3089 2812 τὸν
3110 2759 3233 2812 λαὸν
3257 2759 3432 2830 δηλοῖ·
3455 2759 3547 2812 καὶ
3566 2759 3668 2823 ὃτι,
3690 2757 3784 2812 τοῦ
3808 2775 4005 2812 καταυ-

2456 2845 2710 2913 γάζοντος
2734 2849 2927 2913 αὐτοὺς
2955 2852 3126 2918 φωτὸς
3149 2852 3570 2916 ἀποσϐεσθέντος
3589 2892 3604 2916 ,
3630 2846 3717 2906 οἷα
3741 2852 3798 2905 ἐν
3821 2851 4006 2921 σκοτία

2456 2936 2560 2988 είσὶ
2584 2939 2673 2992 καὶ
2693 2939 2844 2992 νυκτὶ
2864 2941 3130 3009 ἀγνωσίαν
3146 2942 3277 2994 Θεοῦ
3302 2943 3530 3011 ἔχοντες.
3553 2943 3705 3012 Τάχα
3719 2943 3775 2996 δὲ
3790 2945 3818 2996 ὁ
3834 2944 4004 3011 ᾰγιος,

2456 3028 2638 3100 ἐπειδὴ
2655 3029 2939 3104 παννύχεις
2960 3030 3088 3084 ἐϐόα
3105 3032 3545 3103 προσευχόμενος,
3570 3034 3873 3102 ἀναγκαίως
3894 3036 4000 3086 ἑαυο

2455 3119 2544 3173 τὸν
2570 3120 2900 3192 παραϐάλλει
2933 3122 3297 3192 νυκτικόρακι.

2538 3213 2933 3284 Ὴτρύπνησα,
2963 3212 3059 3265 καί
3085 3211 3372 3282 ἐγενήθην
3401 3212 3540 3266 ὡσεί
3562 3213 3879 3280 στρουθίον
3904 3230 4006 3280 μο-

2455 3303 2632 3364 νάζον
2649 3304 2746 3356 ἐπὶ
2771 3301 3004 3371 δώματι.
3037 3303 3226 3368 Ὅλην
3243 3301 3355 3370 τὴν
3369 3302 3593 3371 ἡμέραν
3609 3299 3912 3362 ὠνείδιζόν
3932 3317 4007 3370 με

2455 3400 2507 3450 ot
2533 3395 2732 3464 ἐχθροί
2769 3411 2887 3462 μου
2913 3434 2927 3458 ,
2978 3394 3076 3447 καί
3106 3396 3158 3447 οι
3188 3393 3571 3459 ἐπαινοῦντές
3598 3411 3672 3463 με
3700 3395 3823 3447 κατ’
3861 3392 4005 3463 ἐμοῦ

2455 3484 2706 3554 ὤμνυον.
2732 3481 3144 3551 Καταγέλαστοξ
3163 3482 3422 3552 ἐγενόμην
3449 3484 3560 3544 τοῖς
3581 3480 3884 3550 δυσμενέσι,
3915 3478 4009 3532 καὶ

2454 3577 2483 3628 ὁ
2514 3575 2676 3630 πάλαι
2705 3573 2936 3644 ζηλωτὸς
2969 3574 3057 3626 καὶ
3081 3573 3432 3645 περίϐλεπτος
3453 3613 3468 3636 ,
3502 3573 3596 3625 νῦν
3632 3573 3788 3642 ὅρκος
3813 3569 4009 3638 γέγονα

2454 3670 2562 3730 τοῖς
2585 3665 2746 3720 πάλαι
2769 3664 3095 3735 θαυμάζουσι
3119 3682 3132 3696 ’
3159 3665 3298 3718 κατά
3321 3665 3427 3736 γὰρ
3455 3665 3568 3718 τῶν
3587 3663 3731 3738 ἐμῶν
3751 3662 4008 3733 ὀμνύουσι

2459 3756 2748 3827 συμφορῶν
2767 3773 2780 3787 ·
2810 3756 2902 3826 Μὴ
2925 3757 3147 3826 πάθοιμι
3181 3755 3217 3808 ἃ
3250 3759 3303 3809 οί
3329 3757 3495 3819 δεῖνες
3521 3754 3840 3809 πεπόνθασι.
3899 3752 4010 3808 Καὶ

2457 3852 2508 3902 οἱ
2532 3847 2911 3912 ἐπαινοῦντές
2923 3864 2998 3916 με
3019 3849 3143 3900 κατ’
3165 3848 3308 3915 ἐμοῦ
3333 3847 3568 3914 ὤμνυον
3585 3863 3598 3876 ·
3622 3847 3697 3909 ὠς
3724 3846 3797 3916 μὴ
3819 3843 4009 3914 ἔχοντα

2459 3938 2646 4011 βοηθὸν
2665 3937 2752 3990 τὸν
2773 3939 2922 3992 Θεόν.
2949 3939 3056 3990 Καὶ
3078 3938 3139 3990 ού
3163 3938 3316 4007 μόνον
3341 3939 3388 3989 οἱ
3409 3937 3588 4013 ἐθχροὶ
3603 3937 3694 3989 τοῦ
3707 3937 3842 3990 θεοῦ
3861 3937 4010 3990 ταῦτ’

2458 4028 2749 4100 ἔπραττον,
2780 4027 2914 4081 ἀλλά
2941 4029 3033 4081 καὶ
3060 4030 3112 4094 ‘oi
3140 4028 3455 4096 ἀγαπῶντές
3486 4045 3551 4098 με
3586 4030 3704 4082 κατ’
3733 4028 3865 4098 ἐμοῦ
3894 4029 4010 4100 ὦμ-

2458 4139 2578 4175 νυον
2597 4161 2612 4185 ,
2645 4121 2918 4174 τουτέστιν
2949 4123 2997 4173 οί
3031 4121 3136 4174 ἀπὸ
3163 4120 3256 4187 τοῦ
3283 4119 3444 4173 αὐτοῦ
3473 4120 3655 4183 ἔθνους
3684 4120 3779 4173 καὶ
3800 4119 4007 4188 γένους.

2455 4215 2564 4269 Καὶ
2584 4206 2725 4268 οὗτοι
2747 4213 2874 4282 γοῦν
2896 4214 3152 4282 ἠπίστουν
3172 4216 3290 4276 ταῖς
3311 4210 3496 4276 αὑταῖς
3518 4212 3893 4284 προφητείαις,
3913 4213 4009 4278 τάς

2455 4322 2514 4357 τε
2559 4304 2923 4377 παρακλήσεις
2953 4306 3046 4359 καὶ
3076 4304 3174 4368 τὰς
3205 4304 3310 4357 τῶν
3346 4304 3639 4374 μελλόντων
3681 4305 4010 4372 ἐπαγγελίας

2455 4395 2796 4465 διασύροντες
2825 4395 2940 4449 κατ’
2975 4395 3106 4466 ἐμοῦ
3132 4394 3342 4466 ὤμνυον
3362 4434 3376 4457 ,
3411 4394 3470 4446 τὸ
3498 4393 3573 4464 μὴ
3601 4393 3870 4448 πιστεύειν
3899 4397 4011 4457 τοῖς

2458 4485 2546 4537 ὑπ’
2568 4482 3233 4557 ἐμοῦπροφητευομένοις.
3273 4487 3396 4540 Ὅτι
3419 4482 3648 4537 σποδὸν
3669 4483 3811 4538 ὡσεὶ
3830 4483 4011 4552 ἄρτον

814 4571 1092 4637 ducabam,
1127 4581 1176 4625 et
1202 4581 1378 4639 potum
1415 4589 1584 4626 meum
1619 4590 1736 4628 cum
1774 4575 1900 4644 ﬂetu
1930 4578 2227 4633 miscebant.
2260 4578 2355 4634 His
2384 4589 2431 4644 ι)
2457 4574 2519 4643 ἐς

2300 4579 2355 4634 lis
2384 4589 2431 4644 ι)
2457 4574 2698 4644 ἔφαγον,
2721 4572 2817 4628 καὶ
2843 4575 2908 4629 τὸ
2933 4580 3090 4646 πόμα
3102 4594 3218 4645 μου
3239 4577 3386 4645 μετὰ
3407 4557 3716 4645 κλαῦθμοῦ
3734 4577 4005 4644 ἐκίρνων.

818 4661 1011 4714 similia
1035 4671 1157 4715 sunt
1182 4679 1301 4732 qua:
1329 4664 1385 4718 in
1409 4667 1615 4734 psalmo
1646 4683 1826 4732 usus,
1861 4668 2165 4725 habentur:
2201 4669 2358 4724 Ciba-

816 4749 895 4803 bis
922 4768 1013 4805 nos
1042 4767 1172 4818 pane
1201 4755 1574 4824 lacrymarum,
1609 4767 1657 4811 et
1694 4769 1871 4827 potum
1917 4760 2067 4816 dabis
2115 4761 2261 4816 nobis
2303 4763 2358 4816 in

818 4841 1063 4912 lacrymis
1097 4844 1149 4894 in
1181 4846 1503 4900 mensura".
1528 4846 1736 4904 Doloris
1773 4866 1899 4904 vero
1935 4851 2358 4922 magnitudinem

817 4931 904 4988 his
936 4935 1190 4988 declarat.
1226 4933 1358 4988 Nam
1389 4937 1436 4990 si
1466 4935 1652 4992 edendi
1684 4950 1893 5009 tempus
1933 4941 2117 4997 dolore
2140 4944 2356 5015 plenum

816 5031 954 5087 erat,
979 5025 1122 5094 quod
1150 5025 1293 5082 aliud
1325 5035 1533 5096 tempus
1563 5030 1748 5086 dolore
1777 5049 2006 5089 vacuum
2043 5036 2360 5092 fueritiﬂis

821 5123 1018 5178 autem,
1047 5115 1245 5185 inquit,
1289 5117 1682 5190 circumcingor
1731 5125 1906 5188 malis,
1954 5126 2078 5196 quia
2127 5137 2209 5194 tu,
2257 5128 2360 5184 Do-

823 5203 983 5257 mine.
1023 5206 1156 5259 iram
1189 5215 1332 5259 tuam
1384 5208 1666 5264 adversum
1721 5228 1805 5267 me
1843 5220 2201 5274 commovisti.
2234 5219 2359 5276 Hac

821 5308 984 5362 porro
1025 5293 1286 5364 Propheta
1332 5295 1486 5359 dicit,
1533 5300 1712 5369 p0puli
1751 5303 2109 5371 calamitatem
2154 5316 2213 5364 ut
2233 5324 2359 5379 pro-

821 5386 994 5468 priam
1024 5386 1125 5439 sibi
1166 5388 1465 5452 ascribens,
1491 5403 1553 5470 ac
1580 5399 1739 5444 tanta:
1775 5393 2136 5454 multitudinis
2179 5399 2356 5470 perui-

823 5467 959 5534 ciem
996 5480 1204 5549 lugcns.
1233 5481 1274 5535 Α
1310 5483 1444 5550 [acie
1471 5467 1564 5538 ira
1592 5497 1639 5540 et
1679 5485 2050 5558 indignationis
2083 5467 2207 5556 tua,
2235 5491 2358 5562 quia

2458 4664 2676 4728 Τούτοις
2721 4667 3070 4737 παραπλήσια
3103 4668 3168 4720 τά
3199 4669 3255 4719 ἐν
3282 4668 3357 4737 τῷ
3382 4667 3466 4720 σθ’
3499 4668 3694 4738 ψαλμῷ
3713 4685 3728 4696 ·
3763 4669 4010 4737 Ψωμιεῖς

2456 4755 2611 4826 ἡμᾶς
2634 4757 2813 4824 ἄρτον
2829 4757 3117 4824 δακρύων,
3148 4758 3244 4810 καὶ
3275 4757 3493 4823 ποτιεῐς
3522 4757 3677 4827 ἡμᾶς
3696 4758 3766 4814 ὲν
3790 4758 4010 4828 δάκρυ-

2456 4859 2557 4897 σιν
2585 4846 2654 4899 ἐν
2677 4844 2884 4915 μέτρῳ.
2916 4846 3024 4917 Τὴν
3048 4847 3104 4899 δὲ
3133 4847 3230 4918 τῆς
3254 4847 3442 4919 ὀδύνης
3470 4847 3766 4920 ὑπερϐολὴν
3787 4848 3874 4902 διὰ
3897 4849 4010 4904 τού-

2455 4935 2750 5008 των-δηλοῖ.
2774 4937 2836 4990 Et
2860 4937 2964 5008 γάρ
2989 4938 3018 4989 ό
3041 4937 3134 5009 τῆς
3151 4939 3355 5009 τροφῆς
3382 4939 3570 5011 καιρὸς
3590 4938 3778 5010 ὀδύνης
3799 4940 4008 5012 ὑπῆρχε

2460 5018 2682 5094 μεστὸς,
2721 5027 2812 5092 ¹τίς
2854 5027 2920 5082 ἂν
2952 5028 3107 5092 ἀλλος
3152 5029 3339 5102 καιρὸς
3369 5029 3570 5101 ταύτης
3601 5029 3877 5105 ἐλεύθερος
3904 5027 4006 5102 ἧνς

2457 5119 2673 5185 Τούτοις
2699 5119 2754 5176 δὲ
2779 5159 2794 5183 ,
2825 5121 2976 5191 φησὶ,
3007 5119 3396 5191 περικλύζομαι
3428 5125 3538 5184 τοῖς
3570 5125 3755 5188 κακοῖς
3774 5140 3787 5153 ·
3821 5126 4007 5196 ἐπειδὴ

2458 5209 2544 5274 σὺ,
2576 5209 2837 5274 Δέσποτα,
2866 5210 3155 5282 κεκίνηκας
3182 5211 3301 5264 κατ’
3329 5211 3461 5282 ἐμοῦ
3487 5213 3583 5285 τὴν
3610 5215 3796 5288 ὀργήν.
3827 5217 4007 5273 Ταῦτα

2455 5301 2510 5355 δέ
2533 5305 2735 5374 ῳησινό
2755 5305 3065 5376 Προφήτης,
3094 5302 3454 5374 οἰκειούμενος
3468 5307 3564 5378 την
3593 5308 3686 5360 τοῦ
3719 5307 3848 5380 λαοῦ
3875 5326 4004 5380 συμ-

2457 5395 2642 5464 φορὰν,
2672 5396 2764 5449 καὶ
2790 5395 3179 5466 ὀλοφυρόμενος
3206 5394 3308 5466 τὴν
3337 5397 3609 5452 ἀπώλειαν
3636 5399 3730 5455 τοῦ
3753 5400 4003 5455 τοσούτου

2457 5483 2687 5555 πλήθους
2707 5524 2721 5548 ,
2760 5485 2900 5540 Ἀπὸ
2938 5484 3257 5553 προσώπου
3283 5486 3391 5556 τῆς
3428 5488 3608 5560 ὀργῆς
3641 5491 3738 5546 καὶ
3773 5492 3879 5546 τοῦ
3910 5493 3982 5545 ον

820 5572 1022 5624 elevans
1059 5570 1271 5624 allisisti
1313 5590 1408 5628 me.
1440 5573 1567 5640 Quze
1601 5579 1795 5648 populo
1823 5587 1876 5634 et
1901 5581 2018 5636 loco
2047 5581 2373 5642 acciderunt.
2449 5591 2525 5643 μο

2280 5591 2373 5642 int.
2449 5574 2568 5643 μοῦ
2588 5589 2702 5630 σου
2720 5615 2735 5641 ,
2761 5575 2848 5630 ὅτι
2875 5574 3100 5644 ἐπάρας
3127 5576 3486 5646 ωτέρραξάς
3509 5597 3601 5648 με.
3635 5580 3715 5636 Τὰ
3739 5579 3985 5652 συμϐεϐη-

827 5671 882 5714 ut
912 5663 1009 5715 sibi
1043 5662 1261 5732 propria
1290 5673 1521 5733 enarrat,
1550 5681 1612 5723 ac
1641 5670 1816 5740 docet,
1839 5670 1906 5728 ad
1952 5687 2198 5744 magnam
2243 5673 2358 5743 glo-

895 5832 941 5896 ’?
980 5832 1118 5887 Psal.
1154 5849 1345 5900 una,
1381 5835 1434 5892 6.

2456 5667 2585 5720 κότα
2613 5667 2688 5738 τῷ
2713 5668 2823 5738 λαῷ
2852 5669 2944 5749 καὶ
2969 5668 3044 5739 τῷ
3073 5669 3218 5734 ¹τόπῳ
3251 5655 3575 5729 ίδιοποιεῖται
3605 5673 3896 5741 διδάσκων,
3924 5671 3998 5728 ὃτι
