4318 6418
287 527 418 583 1257

1393 528 1877 585 COMMENTARIA
1919 529 1984 583 IN
2023 529 2355 586 PSALMOS.
2389 547 2394 551 ‘

3325 535 3458 590 ηδε

283 643 361 703 είς
393 641 532 710 μέγα
565 641 719 710 δόξης
749 642 976 712 ἀρθέντα
1004 645 1090 695 τὸν
1117 643 1258 706 λαὸν,
1289 643 1362 705 ὡς
1388 643 1520 695 Θεοῦ
1549 643 1671 695 λαὸν
1693 661 1825 712 χρη-
1855 666 1896 716 Α
1928 643 1988 697 ri:

1755 662 1825 712 ιηο
1855 666 1896 716 Α
1928 643 2063 697 riam
2112 644 2343 698 levatum
2375 644 2650 712 populum,
2683 643 2752 696 ita
2785 657 2842 697 ut
2873 645 3101 714 populus
3127 644 3221 700 Dei
3245 661 3460 702 vocare-

286 729 524 800 ματίσαι,
559 732 702 784 τόνδε
731 733 819 784 τὸν
851 729 992 785 οἷκον
1023 733 1165 784 Θεοῦ·
1187 733 1541 802 ὀνομασθῆναι
1567 733 1655 785 διὰ
1679 733 1738 784 τὸ
1766 735 1823 784 ἐν

283 817 427 887 αὐτῷ
451 820 710 890 ἀγίασμα.
757 822 988 893 Ἐπάρας
1017 825 1106 874 καὶ⁵
1132 825 1365 892 τιμήσας
1392 824 1420 874 ὁ
1443 822 1572 884 Θεὸς
1594 822 1821 891 ἐφαμίλ-

281 907 384 970 λως
415 911 479 978 τῇ
517 912 594 972 είς
623 909 751 980 ὕψος
776 913 997 984 ἀρθείσῃ
1029 915 1202 966 αὐτῶν
1228 915 1373 985 δόξῃ,
1408 917 1486 977 εἰς
1511 915 1570 970 τὸ
1591 915 1822 983 ἐναντίον

281 1000 632 1068 παραγαγὼν,
659 1002 948 1072 κατέρραξε
969 1021 982 1032 ο
1006 1005 1094 1054 τὸν
1123 1005 1218 1074 μὲν
1244 1006 1405 1058 τόπον
1428 1005 1707 1076 πολιορκίᾳ
1731 1023 1826 1058 πα-

283 1089 472 1157 ραδοὺς
517 1093 608 1144 καὶ
659 1093 902 1145 παντελεί
951 1095 1184 1166 ἐρημίᾳ,
1229 1097 1318 1150 τὸν
1355 1097 1408 1150 δέ
1448 1098 1573 1151 λαὸν
1625 1099 1824 1169 αἰχμα-

279 1176 466 1232 λωσία.

337 1270 406 1318 Αἰ
431 1267 634 1335 ἡμέραι
652 1288 768 1338 μου
788 1274 927 1328 ὡσεὶ
958 1275 1101 1329 σκιὰ
1124 1276 1466 1343 ἐκλίθησαγ,
1497 1275 1656 1345 κάγὼ
1683 1278 1824 1331 ὡσεὶ

278 1355 484 1422 χόρτος
516 1359 864 1430 ἐξηράνθην.
915 1365 1087 1418 Πᾶσα
1107 1365 1216 1433 τὰρ
1251 1366 1405 1433 σὰρξ
1433 1367 1642 1434 χόρτος
1661 1406 1676 1431 ,
1727 1369 1820 1420 καὶ

278 1444 441 1499 πᾶσα
465 1448 612 1513 δόξα
633 1453 820 1522 αὐτῆς
844 1457 921 1521 ὡς
959 1457 1138 1522 ἄνθος
1163 1459 1393 1524 χόρτου.
1455 1458 1620 1509 Πάλιν
1650 1475 1820 1510 κοινο-

278 1537 594 1607 ποιούμενος
634 1542 723 1596 τὸν
764 1545 1004 1616 περὶτοῦ
1033 1546 1160 1600 λαοῦ
1193 1547 1375 1613 λόγον,
1406 1546 1662 1614 ἐπιλέγει·
1713 1548 1820 1602 Καὶ

276 1625 387 1696 ἐγὼ
411 1629 551 1681 ὡσεὶ
571 1634 780 1699 χόρτος
798 1636 1146 1704 ἐξηράνθην.
1177 1638 1258 1691 Σὺ
1282 1637 1366 1701 δὲ,
1393 1639 1585 1704 Κύριε,
1611 1641 1696 1703 εις
1720 1640 1823 1692 τὸν

276 1715 454 1770 αἰῶνα
473 1720 701 1788 μένεις,
735 1728 828 1778 καὶ
868 1727 933 1779 τὸ
952 1731 1339 1797 μνημόσυνόν
1360 1744 1473 1782 σου
1507 1731 1592 1794 εἰς
1615 1729 1823 1798 γενεὰν

277 1808 369 1860 καὶ
395 1813 622 1877 γενεάν.
645 1815 724 1866 Τὰ
750 1817 844 1885 μὲν
874 1818 1059 1888 θνητὰ,
1089 1819 1236 1888 φησὶ,
1261 1820 1353 1872 καὶ
1381 1821 1691 1890 ἀνθρώπινα
1717 1839 1822 1874 τοι-

276 1898 441 1963 αῦτα,
474 1896 558 1954 οἷα
591 1905 680 1956 καὶ
709 1906 1022 1975 δεδήλωται,
1056 1910 1337 1978 τυγχάνει,
1370 1912 1701 1982 εὐμετάϐολα
1731 1913 1822 1966 καὶ

1927 742 2035 798 tur,
2067 746 2129 786 ac
2156 733 2349 787 domus
2380 733 2577 788 Domus
2608 733 2699 788 Dei
2731 736 2799 789 ob
2825 737 3190 790 sanctuarium
3218 737 3289 790 ibi
3324 741 3464 807 posi-

1927 831 2040 877 tum
2073 823 2360 879 diceretur.
2399 823 2533 878 Cum
2565 832 2745 880 autem
2774 839 2804 878 a
2837 825 2944 880 Deo
2971 837 3182 883 erectus
3203 835 3257 882 et
3285 829 3464 884 hono-

1927 921 2076 968 ratus
2124 912 2336 978 fuisset,
2379 913 2619 970 vicissim
2659 923 2845 985 postea
2875 917 2995 970 loco
3038 917 3180 972 illius
3215 901 3466 976 sublimis

1925 1003 2125 1072 gloria,
2158 1004 2212 1056 in
2243 1005 2573 1058 contrarium
2605 1005 2870 1074 dejectum
2887 1022 3030 1070 eum,
3061 1006 3270 1062 allisum
3301 1022 3331 1060 a
3356 1006 3467 1063 Deo

1929 1091 2096 1146 fuisse
2132 1093 2234 1158 ait;
2257 1093 2333 1146 ita
2362 1101 2418 1146 ut
2451 1094 2624 1148 locum
2658 1095 2927 1150 obsidioni
2950 1107 3002 1150 et
3031 1104 3281 1152 extrema:
3298 1100 3466 1154 vasti-

1927 1182 2044 1248 tati,
2081 1182 2337 1251 populum
2362 1198 2487 1236 vero
2509 1183 2808 1254 captivitati
2839 1185 3091 1239 traderet.

1996 1271 2160 1327 Vens.
2192 1272 2377 1327 {2-14.
2414 1272 2535 1328 Dies
2566 1276 2665 1328 mei
2688 1277 2822 1328 sicut
2860 1279 3044 1329 umbra
3061 1276 3465 1341 declinaverunt,

1926 1370 1976 1413 et
1998 1376 2090 1430 ego
2114 1362 2252 1414 sicut
2273 1360 2446 1428 fenum
2478 1364 2612 1415 arui.
2655 1362 2837 1417 Omnis
2865 1365 3002 1416 enim
3033 1381 3155 1418 caro
3189 1363 3384 1434 fenum,
3418 1376 3469 1421 et

1928 1452 2096 1503 omnis
2124 1451 2294 1519 gloria
2333 1454 2444 1519 ejus
2477 1453 2630 1520 quasi
2653 1454 2749 1520 ﬂos
2787 1453 2968 1521 feni”.
3003 1453 3241 1509 Rursum
3269 1455 3335 1510 de
3373 1472 3469 1526 po-

1929 1541 2053 1608 pulo
2097 1557 2397 1596 sermonem
2441 1542 2594 1610 quasi
2633 1543 2735 1596 sibi
2770 1544 3045 1612 proprium
3087 1544 3314 1602 eﬂ'erens
3339 1547 3468 1602 sub-

1922 1632 2118 1700 jungit,
2159 1630 2227 1683 Et
2263 1647 2352 1700 ego
2387 1632 2521 1683 sicut
2560 1631 2732 1698 fenum
2764 1635 2904 1687 arui.
2948 1634 3024 1686 Tu
3055 1644 3247 1699 autem,
3287 1635 3470 1690 Domi-

1928 1739 2008 1786 ne,
2045 1724 2099 1774 in
2124 1731 2369 1776 aeternum
2397 1739 2684 1790 permanes,
2713 1731 2760 1775 et
2792 1723 3092 1776 memoriale
3122 1735 3263 1777 tuum
3297 1725 3352 1778 in
3384 1742 3471 1796 ge-

1927 1814 2244 1865 nerationem
2289 1822 2337 1866 et
2373 1814 2773 1881 generationem.
2815 1811 2943 1878 Res,
2977 1815 3074 1878 ait,
3114 1816 3373 1875 mortales
3417 1826 3472 1872 ct

1929 1902 2174 1954 humana:
2228 1903 2361 1956 tales
2393 1912 2537 1966 sunt,
2572 1903 2756 1972 quales
2800 1917 2964 1972 supra
2993 1905 3324 1960 declaratum
3361 1916 3467 1972 est,

243 2029 246 2032 .
277 1988 554 2058 ἀνώμαλα,
573 1995 819 2048 οὐδέποτε
842 1999 929 2049 ἐπὶ
951 2001 1060 2062 τοῖς
1078 2001 1254 2062 αὐτοῖς
1277 2002 1498 2070 μένοντα
1517 2021 1528 2033 ·
1554 2004 1664 2057 ἀλλ’
1682 2006 1825 2057 ἐπαι-
1855 2003 1896 2056 Β
1927 2010 1948 2046 η

1766 2024 1825 2057 ιι-
1855 2003 1896 2056 Β
1927 1995 2209 2048 mutationi
2254 1996 2461 2050 scilicet
2506 2005 2559 2051 et
2603 1997 3005 2065 inaquabilitati
3045 1998 3308 2064 obnoxiae,
3350 2016 3471 2070 qua:

280 2081 501 2153 ρόμενα,
520 2085 610 2135 καὶ
630 2088 1132 2159 καταρρηγνύμενα,
1159 2091 1289 2161 ὑψού
1297 2095 1430 2162 μενά
1449 2113 1506 2147 τε
1528 2098 1618 2148 καὶ
1637 2114 1824 2148 ταπει-

276 2173 509 2244 νούμενα
531 2217 545 2240 ,
582 2178 671 2228 καὶ
705 2180 960 2242 παντοίας
990 2183 1193 2250 τροπὰς
1237 2185 1328 2236 καὶ
1363 2186 1658 2254 μεταϐολὰς
1691 2188 1822 2240 ὑπο-

279 2265 501 2335 μένοντα
528 2268 612 2321 διά
635 2269 730 2338 τὴν
754 2271 808 2321 ἐν
832 2271 1132 2342 ἀνθρώποις
1161 2274 1571 2348 πολιτευομένην
1599 2280 1791 2332 κακίαν
1807 2295 1822 2308 ⁶

278 2357 338 2409 σὺ
364 2357 441 2420 δέ,
461 2359 646 2429 Κύριε,
672 2360 816 2412 οὐδὲν
838 2361 971 2431 ἔχων
995 2363 1180 2434 θνητὸν
1203 2366 1322 2419 ούδέ
1345 2367 1621 2438 ἐπίκηρον,
1642 2372 1717 2432 είς
1738 2369 1824 2420 τὸν

275 2447 442 2501 αἰῶνα
479 2450 652 2518 μένεις
673 2491 684 2512 ,
716 2451 800 2504 ἀεὶ
835 2455 969 2507 κατά
997 2457 1065 2508 τὰ
1093 2456 1232 2509 αύτά
1259 2459 1351 2510 καὶ
1383 2459 1637 2520 ὡσαύτως
1666 2460 1821 2528 ἔχων,

274 2540 348 2602 ὡς
377 2541 541 2604 ἀΐδιος
570 2545 662 2596 καὶ
686 2545 1033 2610 ἀναλλοίωτος
1053 2588 1066 2610 ,
1099 2551 1191 2623 κα).
1219 2550 1286 2601 τὰ
1313 2551 1454 2614 ἅπαξ
1480 2551 1582 2602 ὑπὸ
1615 2551 1706 2602 σοῦ
1747 2553 1822 2623 (l)

275 2630 598 2684 σαλευθέντα
621 2673 635 2698 ,
665 2636 754 2687 καὶ
783 2638 838 2688 ἐν
863 2639 1157 2708 ἐπαγγελίᾳ
1190 2639 1538 2693 θεσπισθέντα
1569 2643 1716 2711 μένει
1747 2647 1826 2706 είς

281 2723 613 2793 μνημόσυνον
634 2725 819 2788 ἀΐδιον,
844 2728 875 2797 ἢ
907 2728 1004 2780 κᾶν
1030 2730 1102 2799 μὴ
1129 2732 1193 2798 τῇ
1216 2730 1456 2801 παρούσῃ
1488 2735 1665 2802 γενεᾷ,
1691 2734 1826 2788 ἀλλά

291 2815 335 2882 ςῇ
366 2813 630 2884 ἐρχομένῃ
658 2816 794 2868 κατά
824 2817 920 2887 τὴν
943 2817 1268 2888 ψαλμῳδίαν.
1324 2822 1432 2873 Καὶ
1466 2822 1618 2875 τοῦτο
1643 2819 1732 2877 οὖν
1767 2841 1824 2876 σε

299 2902 505 2958 ιάλιστα
548 2906 850 2976 ἐπικάμψαι
893 2910 1091 2975 ὀφείλει
1115 2951 1129 2974 ,
1165 2911 1439 2976 Δέσποτα,
1472 2915 1552 2966 ὅτι
1577 2915 1684 2983 ἐγὼ
1730 2918 1825 2987 μὲν

279 2996 364 3048 καὶ
377 2996 474 3065 τὴν
490 2996 646 3065 φύσιν
663 2997 909 3069 τοιαύτην
935 3001 1039 3071 ἐχω
1057 3002 1313 3074 ἐπίκηρον
1333 3005 1423 3057 καὶ
1444 3005 1822 3078 ὀλιγοχρόνιον,

275 3085 365 3136 καὶ
401 3090 701 3157 συμφοραῖς
733 3089 1027 3160 συνεζύγην
1069 3093 1346 3155 τοσαύταις
1367 3111 1379 3122 ·
1423 3096 1485 3146 σὺ
1519 3096 1573 3148 δέ
1616 3096 1828 3160 αἰώνιος

273 3173 365 3226 καὶ
405 3174 702 3242 ἀθάνατος,
735 3179 874 3232 ὥστε
919 3181 1214 3252 μεταϐολήν
1242 3201 1362 3236 τινα
1407 3183 1516 3237 τῶν
1548 3187 1827 3257 παρόντων

273 3267 457 3319 κακῶν
481 3269 674 3340 ῥᾳδίως
703 3271 765 3324 ἀν
802 3290 888 3341 μοι
919 3274 1180 3344 χαρίσαιο.
1221 3277 1388 3329 Τοῦτο
1414 3278 1519 3349 γὰρ
1540 3280 1818 3352 ἐπιφέρει·

272 3356 354 3408 Σὺ
378 3358 642 3425 ἀναστὰς
656 3363 1037 3429 οἱκτειρήσεις
1061 3371 1172 3432 τὴν
1193 3365 1364 3432 Σιὼν,
1389 3367 1473 3420 ὅτι
1493 3369 1692 3438 καιρὸς
1715 3371 1820 3425 τοῦ

271 3444 626 3514 οικτεφῆσαι
664 3450 884 3519 αὐτὴν,
934 3452 1022 3507 ὅτι
1066 3455 1192 3520 ἥκει
1235 3458 1453 3526 καιρός.
1488 3459 1606 3523 Δὸς,
1639 3462 1818 3532 φησὶν,

271 3536 478 3604 ἀμείνω
517 3539 809 3611 μεταϐολὴν
839 3543 934 3612 τῆς
975 3547 1277 3616 συμφορᾶς·
1311 3549 1338 3597 ὁ
1368 3545 1473 3616 γὰρ
1507 3549 1692 3618 καιρὸς
1729 3549 1819 3603 τὸν

272 3625 416 3680 ἔλεον
449 3627 692 3682 ἀπαιτεῖ’
730 3632 1126 3685 συντετέλεσται
1157 3635 1264 3704 γὰρ
1296 3637 1435 3706 ὁτῆς
1456 3638 1819 3710 ταλαιπωρίας

271 3715 425 3786 ἡμῶν
467 3722 674 3787 χρόνος.
737 3721 1033 3774 Δίνίττεται
1066 3722 1119 3774 δὲ
1151 3723 1238 3775 διά
1267 3723 1468 3777 τούτων
1500 3727 1596 3796 τῆς
1631 3731 1740 3792 τοῖς
1769 3732 1817 3782 o'

270 3805 414 3890 ἔτεσι
436 3811 867 3882 περιωρισμένης
886 3812 1146 3884 τιμωρίας
1165 3818 1257 3869 καὶ
1277 3818 1641 3888 αἰχμαλωσίας
1659 3821 1718 3873 τὸ
1735 3822 1818 3874 τέ-

270 3895 378 3959 λος.
431 3897 585 3951 Οὕτω
631 3901 724 3953 καὶ
751 3903 777 3954 ό
823 3902 1118 3974 θαυμάσιος
1163 3908 1355 3979 Δανιὴλ
1381 3909 1686 3980 ἀριθμήσας
1723 3914 1819 3984 τῆς

271 3991 642 4061 αίχμαλωσίας
682 3994 771 4047 τὸν
815 3997 1000 4068 χρόνον
1045 3998 1338 4072 προσφέρει
1379 4001 1474 4072 τὴν
1523 4003 1815 4076 ἱκετηρίαν,

271 4081 363 4134 καὶ
414 4083 622 4152 συνᾴδει
662 4085 867 4149 τούτοις
899 4087 1016 4156 τῆς,
1045 4090 1416 4160 πνευματικῆς
1455 4093 1714 4162 μελῳδίας
1751 4095 1818 4146 τά

272 4170 506 4240 ῥήματα.
555 4174 663 4225 Καὶ
707 4177 734 4228 ὁ
779 4177 1050 4247 Ζαχαρίας
1090 4177 1146 4230 δὲ
1181 4181 1605 4250 προσευχόμενος
1643 4182 1813 4250 ἐλεγεο

270 4260 441 4327 Κύριε
470 4263 872 4330 παντόκρατορ
893 4302 908 4326 ,
958 4265 1130 4333 μέχρι
1163 4267 1303 4319 πότε
1344 4270 1414 4320 οὐ
1441 4268 1523 4336 μὴ
1557 4268 1817 4336 ἐλεήσῃς

271 4350 384 4418 τὴν
410 4352 806 4422 Ἰερουσαλὴμ,
827 4355 923 4407 καὶ
937 4357 1040 4421 τὰς
1054 4359 1257 4423 πόλεις
1286 4359 1484 4421 Ἰούδα,
1503 4358 1576 4426 ἇς
1590 4361 1818 4428 ὑπερεῖ-

269 4441 400 4508 δες;
432 4441 602 4496 τοῦτο
637 4445 1072 4514 ἑϐδομηκοστὸν
1098 4448 1249 4514 ἐτος.
1298 4449 1736 4520 Προφητεύεσθαι
1762 4454 1818 4504 δέ

272 4533 498 4589 ἐνταῦθα
528 4531 676 4606 οἶμαι
704 4538 795 4590 καὶ
827 4539 924 4610 τὴν
951 4540 1008 4591 ὲν
1031 4539 1331 4612 ἀνθρώποις
1359 4542 1591 4613 Χριστοῦ
1623 4545 1818 4612 ἐπιφά-

272 4641 435 4692 νειαν,
459 4627 629 4680 αίτὶαν
653 4628 912 4700 ἐσομένην
931 4630 1021 4684 τοῦ
1046 4633 1518 4705 ἀωικοδομηθῆναι
1541 4635 1637 4706 τὴν
1660 4635 1814 4703 Σιὼν,

271 4718 508 4771 τουτέστι
540 4712 632 4772 τοῦ
658 4721 984 4793 ἀνεῳχθῆναι
1005 4722 1066 4775 τὸ
1085 4723 1182 4792 τῆς
1203 4724 1477 4787 εὐσεϐείας
1500 4727 1812 4796 πολίτευμα.

272 4808 365 4871 Τίς
383 4809 439 4862 δὲ
457 4813 486 4863 ό
511 4811 829 4877 πολύευκτος
856 4814 946 4867 καὶ
973 4815 1286 4885 τριπόθητος
1303 4815 1508 4886 καιρὸς,
1536 4818 1593 4868 ἐν
1612 4810 1656 4883 ᾦ
1683 4818 1816 4888 πλη-

269 4898 505 4970 ρωθῆναι
536 4902 746 4970 λέγεται
777 4905 843 4958 τὰ
871 4905 1018 4976 παρὰ
1045 4907 1140 4975 τῆς
1172 4907 1304 4959 Σιὼν
1331 4907 1706 4977 ἐπηγγελμένα
1727 4909 1814 4972 ;'0

268 4992 367 5062 τῆς
388 4993 726 5060 ἀναστάσεὼς
752 5015 864 5062 σου,
883 4997 1071 5070 Κύριε.
1091 4999 1237 5051 Ἐπεὶ
1252 4999 1354 5070 γὰρ
1375 5000 1470 5070 τὴν
1492 4999 1584 5052 τοῦ
1609 5000 1810 5070 κόσμου

268 5084 538 5154 ἁμαρτίαν
570 5083 697 5156 ἆραι
730 5088 1013 5160 ἐλήλυθαςο
1049 5091 1145 5142 οὐκ
1174 5090 1276 5142 ἔδει
1302 5091 1358 5142 δὲ
1384 5091 1471 5142 τὸν
1501 5090 1810 5161 τηλικοῦτον

268 5174 404 5245 ὑπὲρ
423 5173 614 5243 ὀλίγων
624 5179 952 5249 ἁμαρτωλῶν
975 5180 1142 5234 ἐλθεῖν
1162 5183 1253 5235 καὶ
1274 5181 1460 5234 παθεῖν
1475 5198 1487 5211 ’
1511 5183 1597 5234 ὅτε
1625 5182 1810 5252 ἐνέστη

268 5267 295 5318 6
323 5265 536 5336 χρόνος,
571 5269 691 5320 καθ’
716 5271 774 5324 δν
807 5273 1016 5344 εἴρηται
1043 5275 1148 5338 ὅτι,
1174 5293 1189 5326 ι
1219 5274 1418 5338 Πάντες
1445 5275 1686 5345 ἥμαρτον
1719 5274 1812 5326 καὶ

271 5356 614 5428 ὑστεροῦνται
654 5361 754 5430 τῆς
781 5362 934 5431 δόξης
967 5364 1060 5417 τοῦ
1087 5366 1217 5419 Θεοῦ
1239 5405 1253 5430 ,
1295 5367 1410 5419 τότε
1443 5367 1580 5418 ὑπέο
1612 5366 1808 5426 παντὸς

269 5448 474 5519 ἐγεύσω
503 5447 750 5503 θανάτου.
788 5469 805 5501 ι

338 5777 391 5816 ⁸⁸
421 5777 524 5834 iss.
559 5794 657 5841 ιι,
690 5775 743 5832 6.
815 5778 860 5810 "
893 5777 1120 5835 Zachar.
1151 5794 1211 5848 ι,
1240 5783 1351 5841 ιτς
1402 5787 1448 5820 ³⁸
1485 5784 1643 5844 Rom.
1680 5799 1771 5851 ut,
1803 5782 1901 5837 25.

339 5930 417 6004 (1)
447 5932 695 5988 ﬂendum
723 5933 864 5992 haud
895 5933 1074 5989 dubie.

499 6028 765 6090 Ρηιοι.
813 6027 926 6090 Gn.
975 6025 1208 6092 XXIII.

1926 2102 2198 2155 nunquam
2221 2089 2406 2142 eodem
2433 2090 2486 2142 in
2523 2087 2668 2144 statu
2704 2099 2981 2158 maneant;
3013 2095 3106 2145 sed
3136 2092 3295 2146 modo
3316 2094 3470 2146 exal-

1925 2186 2066 2240 tataz,
2119 2191 2242 2232 mox
2287 2179 2492 2245 allisaa;
2540 2179 2698 2234 modo
2728 2189 2938 2248 erectae,
2973 2197 3098 2235 mox
3136 2182 3366 2252 .dejectae
3392 2183 3484 2264 vi:

1924 2267 2174 2331 deantur,
2209 2283 2272 2323 ac
2319 2271 2669 2326 mutationem
2698 2272 3214 2344 conversionemque
3240 2275 3472 2343 quamli-

1924 2357 2011 2412 bet
2033 2357 2282 2422 subeant,
2312 2360 2382 2415 ob
2416 2362 2710 2430 nequitiam
2747 2379 2863 2432 qua:
2900 2364 3040 2418 inter
3072 2365 3319 2420 homines
3355 2381 3470 2419 ver-

1925 2455 2094 2501 satur.
2124 2449 2203 2502 Tu
2235 2458 2436 2516 autem,
2467 2449 2690 2505 Domine
2710 2493 2727 2519 ,
2762 2453 2855 2523 qui
2896 2453 3029 2507 nihil
3052 2455 3296 2520 mortale,
3339 2455 3474 2510 nihil

1923 2541 2126 2596 ﬂuxum
2176 2541 2364 2608 habes,
2417 2543 2472 2598 in
2515 2555 2772 2600 aeternum
2820 2561 3125 2615 permanes,
3170 2562 3235 2602 ac
3265 2562 3474 2618 semper

1923 2632 2110 2686 eodem
2131 2632 2311 2696 modo,
2343 2635 2532 2687 eodem
2565 2635 2620 2686 in
2650 2643 2795 2688 statu
2825 2636 3081 2699 versaris,
3111 2644 3293 2704 utpote
3320 2650 3474 2692 aiter-

1925 2737 2027 2776 nus
2065 2731 2119 2777 et
2148 2723 2502 2776 immutabilis
2537 2743 2548 2776 :
2583 2738 2645 2776 ac
2679 2739 2798 2792 qua:
2837 2727 3002 2779 semel
3045 2725 3143 2780 abs
3179 2735 3230 2778 te
3270 2734 3470 2806 statuta

1926 2824 2072 2879 sunt,
2103 2824 2156 2868 et
2192 2817 2245 2868 in
2278 2815 2552 2870 vaticiniis
2594 2816 2861 2884 promissa
2908 2813 3147 2878 fuerunt,
3176 2817 3231 2869 in
3268 2831 3475 2871 memo-

1929 2907 2057 2961 riale
2087 2907 2472 2977 sempiternum
2496 2915 2745 2969 manent,
2774 2908 2986 2962 etiamsi
3010 2922 3117 2961 non
3143 2909 3192 2959 in
3217 2909 3473 2976 praesenti

1927 3001 2292 3068 generatione,
2343 3005 2397 3050 at
2439 2999 2493 3052 in
2525 2996 2707 3051 futura
2757 3000 3048 3054 secundum
3095 2999 3469 3069 psalmodiam.

1915 3088 2099 3158 'Atque
2124 3086 2227 3140 hoc
2259 3094 2333 3150 te,
2358 3086 2603 3150 Domine,
2637 3086 2867 3144 maxime
2889 3085 3101 3142 ﬂectere
3122 3087 3280 3142 debet
3305 3128 3320 3152 ,
3345 3090 3471 3158 quia

1924 3189 2023 3245 ego
2047 3175 2262 3244 quidem
2296 3176 2456 3230 talem
2487 3175 2658 3230 habeo
2687 3185 2959 3242 naturam,
2995 3175 3214 3242 ﬂuxam,
3255 3178 3474 3232 brevem

1926 3274 1978 3320 et
2010 3267 2082 3320 ita
2113 3265 2520 3330 calamitosam;
2554 3275 2611 3320 tu
2651 3274 2776 3320 vero
2814 3275 3047 3323 aeternus
3071 3276 3125 3322 et
3151 3268 3474 3324 immortalis

1922 3371 2012 3421 es;
2039 3356 2113 3409 ita
2145 3364 2203 3409 ut
2253 3358 2600 3425 praesentium
2631 3357 2896 3410 malorum
2942 3360 3296 3413 mutationem
3343 3360 3475 3415 mihi

1921 3465 2179 3520 perquam
2228 3449 2386 3504 facile
2443 3450 2755 3520 praebueris.
2803 3449 2859 3503 Id
2905 3463 3140 3518 namque
3180 3449 3362 3514 infert,
3395 3451 3475 3505 Tu

1919 3560 2197 3614 exsurgens
2230 3541 2548 3596 misereberis
2594 3540 2749 3604 Sion,
2795 3540 2919 3608 quia
2959 3549 3155 3606 tempus
3195 3541 3476 3595 miserendi

1919 3635 2053 3702 ejus,
2079 3636 2204 3704 quia
2235 3636 2367 3688 venit
2396 3643 2612 3702 tempus.
2647 3633 2741 3694 Da,
2766 3630 2959 3701 inquit,
2999 3629 3322 3683 calamitatis
3351 3646 3475 3686 mu-

1919 3727 2175 3779 tationem
2227 3726 2281 3778 in
2326 3726 2519 3780 melius
2562 3743 2574 3778 :
2617 3739 2739 3777 nam
2788 3731 3000 3791 tempus
3042 3715 3474 3777 misericordiam

1920 3816 2184 3883 postulat;
2229 3817 2462 3869 miseriae
2502 3815 2700 3884 quippe
2749 3821 2946 3868 nostras
2985 3813 3305 3881 completum
3345 3826 3472 3882 spa-

1918 3905 2052 3955 tium
2083 3912 2184 3957 est.
2221 3903 2316 3960 His
2342 3919 2506 3973 porro
2534 3904 2843 3980 subindicat
2875 3903 3128 3972 supplicii
3172 3905 3330 3957 annis
3381 3919 3470 3958 se-

1918 3995 2198 4065 ptuaginta
2245 3997 2642 4065 circumscripti
2689 4004 2743 4049 et
2796 3996 3118 4066 captivitatis
3167 3994 3347 4050 ﬁnem.
3379 3995 3468 4051 Sic

1919 4088 2044 4150 item
2098 4085 2286 4140 Daniel
2337 4086 2426 4140 ille
2479 4087 2779 4150 mirabilis,
2823 4087 3091 4140 recensito
3138 4087 3468 4156 captivitatis

1918 4187 2179 4248 tempore,
2209 4177 2656 4248 supplicationem
2689 4176 2845 4232 oﬂ‘ert
2876 4192 3063 4254 suam:
3100 4177 3289 4247 hisque
3314 4179 3469 4248 spiri-

1917 4273 2078 4327 tualis
2130 4270 2374 4324 melodim
2420 4269 2583 4324 verba
2638 4271 2915 4324 accinunt.
2978 4269 3266 4324 Zacharias
3339 4271 3469 4324 item

1917 4363 2120 4418 orando
2147 4363 2358 4416 dicebat
2393 4380 2407 4415 :
2442 4359 2659 4414 Domine
2701 4361 3038 4428 omnipotens,
3073 4377 3330 4431 usquequo
3363 4377 3465 4414 non
3490 4398 3519 4420 ς,

1918 4455 2234 4509 misereberis
2253 4453 2569 4516 Jerusalem,
2613 4462 2662 4506 et
2704 4453 2973 4504 civitatum
3009 4451 3175 4515 Juda,
3214 4469 3342 4520 quas
3372 4453 3465 4508 de-

1917 4547 2174 4616 spexisti.’
2208 4545 2288 4597 hic
2333 4544 2738 4613 septuagesimus
2779 4559 2944 4596 annus
2977 4544 3136 4597 est”.
3168 4541 3266 4596 Hic
3301 4544 3463 4598 etiam

1918 4630 2267 4703 prmnuntiari
2311 4642 2442 4700 puto
2489 4630 2694 4686 Christi
2742 4632 2808 4685 ad
2855 4631 3102 4686 homines
3153 4633 3459 4698 adventum,

1920 4725 2012 4794 qui
2059 4725 2113 4778 in
2146 4737 2309 4778 causa
2358 4722 2571 4776 futurus
2611 4729 2713 4788 est,
2746 4729 2805 4775 ut
2850 4729 3186 4777 restauretur
3229 4721 3378 4786 Sion,
3406 4721 3461 4795 id

1921 4821 2021 4876 est,
2052 4819 2110 4866 ut
2147 4812 2359 4880 pietatis
2412 4812 2718 4866 institutum
2754 4811 3048 4880 aperiatur.
3080 4813 3233 4878 Quod
3281 4819 3460 4868 autem

1920 4902 2052 4958 illud
2078 4911 2160 4958 est
2186 4902 2582 4971 optatissimum
2605 4910 2660 4955 et
2676 4902 3195 4958 desideratissimum
3226 4911 3454 4973 tempus,

1918 5010 2026 5064 quo
2078 4992 2346 5063 implenda
2398 5007 2517 5046 esse
2559 4991 2837 5056 dicuntur,
2863 5007 2983 5061 quas
3023 4994 3088 5048 de
3136 4993 3294 5047 Sione
3332 5009 3459 5061 pro-

1915 5087 2081 5140 missa
2126 5083 2285 5139 sunt?
2323 5081 2458 5136 Illud
2496 5090 2578 5138 est
2622 5091 2832 5153 tempus
2874 5084 3289 5139 resurrectionis
3319 5091 3452 5148 tuae,

1917 5177 2161 5232 Domine.
2185 5175 2322 5242 Quia
2351 5176 2493 5231 enim
2535 5186 2816 5246 peccatum
2851 5177 3037 5230 mundi
3069 5174 3338 5229 sublatum
3363 5165 3456 5229 ve-

1916 5268 2082 5322 nisti:
2115 5281 2213 5321 nec
2241 5267 2522 5336 oportebat
2560 5275 2770 5321 tantum
2811 5266 2959 5320 illum
2991 5263 3323 5318 Servatorem
3358 5278 3456 5332 pro

1918 5358 2101 5428 paucis
2142 5357 2514 5426 peccatoribus
2562 5358 2746 5412 venire
2793 5365 2844 5412 et
2891 5355 3030 5425 pati;
3065 5367 3187 5408 cum
3228 5353 3455 5408 instaret

1917 5458 2148 5516 tempus,
2175 5461 2282 5516 quo
2305 5446 2509 5502 dictum
2533 5455 2635 5511 est,
2676 5466 2696 5498 ι
2718 5445 2917 5502 Omnes
2955 5451 3250 5515 peccarunt
3263 5453 3316 5500 et
3337 5442 3454 5513 glo-

1915 5539 1996 5592 ria
2021 5537 2114 5592 Dei
2139 5538 2413 5608 privantur
2431 5541 2498 5607 ",
2533 5547 2661 5595 tunc
2688 5552 2788 5609 pro
2817 5537 3069 5593 omnibus
3101 5546 3327 5592 mortem
3359 5535 3453 5592 de-

1913 5629 2154 5701 gustasti.
2189 5647 2209 5680 ι
