4318 6430
863 496 997 552 ίὲὗθ

1579 493 1848 550 EUSEBll
1875 494 2344 552 CAESARIENSIS
2373 496 2520 553 OPP.
2559 497 2743 554 PARS
2768 497 2859 556 III.
2896 530 2957 544 ρ·-
2985 496 3390 554 EXEGETICA.

3935 503 4064 557 Ιὲϋυ

933 616 1097 699 Vsus.
1119 615 1562 680 lS—i7.Quoniam
1577 616 1886 685 placuerunt
1909 618 2071 672 servis
2089 619 2192 671 tuis
2207 617 2406 687 lapides
2439 627 2482 682 Α
2570 619 2638 672 Ὅ

2355 635 2406 672 es
2439 627 2482 682 Α
2570 619 2693 673 Ὅτι
2712 619 3050 687 εὐδόκησαν
3063 621 3116 672 οἱ
3127 617 3333 673 δοῦλοί
3346 633 3460 672 σου
3480 618 3618 683 τοὺς
3633 619 3837 683 λίθους
3854 619 4060 686 αὐτῆς,

861 709 977 777 ejus
1004 717 1052 760 et
1075 708 1270 775 pulveri
1299 705 1411 775 ejus
1440 707 1836 760 miserebantur.
1869 705 1938 760 Et
1969 706 2219 763 timebunt
2239 717 2411 778 gentes

863 815 1047 852 nomen
1079 809 1245 859 tuum,
1281 797 1524 862 Domine,
1547 807 1598 851 et
1623 814 1796 851 omnes
1833 798 2216 868 regesgloriam
2248 809 2410 853 tuam.

862 885 1050 942 Merito
1077 889 1362 957 postquam
1413 886 1624 940 dixerat
1668 885 1940 956 placuisse
1981 885 2186 958 lapides
2217 887 2413 957 prioris

859 977 1061 1049 populi,
1112 979 1351 1047 gentium
1400 976 1735 1031 vocationem
1790 975 2009 1048 adjicit,
2054 986 2214 1047 atque
2259 994 2414 1048 aper-

857 1070 962 1123 tius
992 1068 1250 1132 declarat,
1288 1078 1417 1121 tunc
1443 1082 1535 1121 eas
1565 1067 1858 1123 salutarem
1891 1066 2136 1122 timorem
2166 1077 2412 1138 acceptu-

853 1175 943 1216 ras
985 1168 1038 1214 et
1083 1157 1250 1214 Deum
1295 1159 1536 1213 culturas
1590 1174 1731 1214 esse.
1784 1159 1960 1229 Reges
2019 1167 2200 1215 autem
2248 1159 2406 1225 dixit,

788 1314 793 1319 ε
849 1265 949 1321 pro
970 1251 1173 1321 regnis.
1197 1248 1381 1318 Neque
1411 1251 1553 1305 enim
1575 1251 1658 1304 vel
1691 1266 1823 1320 gens
1876 1251 1960 1307 vel
2003 1267 2231 1323 regnum
2276 1264 2357 1308 est
2391 1295 2406 1319 ,

843 1340 994 1410 quod
1023 1341 1106 1394 vel
1148 1357 1210 1395 ex
1239 1349 1350 1395 toto
1379 1341 1462 1396 vel
1491 1357 1557 1396 cx
1607 1349 1759 1410 parte
1811 1343 2035 1412 gloriam
2065 1343 2265 1399 Christi
2297 1361 2406 1400 non

836 1441 1149 1487 veneretur.
1184 1433 1446 1497 Quoniam
1472 1431 1755 1500 rediﬁcabit
1776 1434 2032 1489 Dominus
2057 1433 2206 1498 Sion,
2238 1447 2286 1490 et
2330 1439 2405 1490 vi-

843 1513 1053 1578 debitur;
1074 1525 1126 1578 in
1165 1525 1335 1596 gloria
1365 1541 1482 1579 sua.
1519 1525 1640 1579 Alio
1669 1525 1851 1589 modo,
1885 1527 2173 1582 mdilicabit
2196 1527 2400 1584 Domi-

834 1613 1135 1680 nus‘S'ion,
1180 1614 1233 1668 id
1261 1621 1364 1678 est,
1400 1615 1694 1671 Ecclesiam
1724 1635 1737 1671 :
1777 1614 2185 1674 aediﬁcationem
2221 1629 2398 1676 autem

841 1704 987 1758 illam
1016 1703 1102 1756 hic
1125 1702 1384 1768 declarat,
1409 1719 1513 1773 qua
1549 1713 1737 1773 gentes
1767 1721 1865 1776 per
1893 1706 2049 1762 ﬁdem
2089 1703 2400 1766 constituta:

841 1802 968 1848 sunt
997 1813 1009 1848 :
1040 1798 1092 1850 et
1119 1803 1246 1848 tunc
1271 1793 1444 1864 gloria
1475 1796 1736 1851 allicietur
1767 1797 1821 1850 in
1856 1797 2009 1866 ipsis.

2517 710 2612 763 καὶ
2623 711 2729 764 τὸν
2737 703 2889 778 χοῦν
2903 703 3054 778 αὐτῆ
3060 731 3090 775 ς
3104 711 3316 777 olm-etp
3324 709 3557 777 ήσουσι.
3577 707 3683 761 Καὶ
3699 708 4062 776 φοϐηθήσον-

2514 820 2606 854 ται
2622 802 2691 855 τὰ
2706 802 2845 869 ἔθνη
2860 801 2927 854 τὸ
2948 796 3133 871 ὄνομά
3148 785 3292 863 σου,
3318 801 3512 866 Κύριε,
3541 798 3637 850 καὶ
3653 796 3870 864 πάντες
3895 793 3948 852 ὀί
3964 799 4069 862 βαι

2513 891 2702 957 σιλεῐς
2723 891 2836 958 τὴν
2855 883 3043 949 δόξαν
3070 905 3202 944 σου.
3232 884 3466 950 Είκὸτως
3487 887 3540 940 δὲ
3567 888 3764 957 μεταξὺ
3794 888 3888 941 τοῦ
3916 888 4061 941 εὐδο-

2512 983 2718 1036 κεῖσθαι
2740 985 2864 1046 τοὺς
2895 982 3070 1045 λίθους
3095 982 3188 1034 τοῦ
3215 981 3472 1052 προτέρου
3501 979 3628 1034 λαοῦ
3651 980 3747 1052 τὴν
3771 981 3878 1033 τῶν
3899 980 4061 1033 ἐθνῶν

2512 1075 2862 1128 ὲπισυνάπτει
2892 1074 3108 1143 κλῆσιν,
3139 1073 3233 1126 καὶ
3265 1073 3574 1143 λευκότερον
3603 1071 3956 1143 παρίστησιν,
3982 1073 4061 1125 ὅτι

2512 1169 2597 1221 τὸν
2625 1170 2885 1238 σωτήριον
2913 1165 3271 1236 ἀναλήψονταί
3297 1176 3425 1218 ποτε
3455 1163 3613 1232 φόϐον
3631 1205 3646 1231 ,
3686 1157 3778 1216 καλ⁹
3808 1163 4058 1235 θεοσεϐὴ-

2511 1274 2708 1311 σουσιν.
2749 1256 3097 1322 Οίβασιλεῖς
3123 1256 3180 1309 δὲ
3203 1253 3350 1308 εἶπεν
3377 1254 3495 1308 ἀντὶ
3523 1252 3615 1306 τοῦ
3632 1293 3646 1319 ,
3665 1258 3724 1308 al
3735 1254 4055 1319 βασιλεῖαι.

2507 1349 2577 1402 Οὐ
2592 1348 2699 1419 γάρ
2717 1350 2880 1413 ἐστιν,
2894 1348 2991 1402 οὐκ
3008 1347 3174 1411 ἔθνος,
3192 1347 3251 1401 ού
3271 1347 3532 1418 βασιλεία,
3545 1350 3578 1416 ἡ
3602 1345 3674 1418 μὴ
3690 1341 4062 1416 προσκυνοῦσα

2503 1440 2599 1511 τὴν
2630 1437 2784 1504 δόξαν
2808 1438 3043 1510 Χριστοῦ
3065 1478 3079 1504 ,
3112 1437 3145 1510 ἢ
3179 1437 3402 1490 καθόλου
3451 1435 3484 1509 ἢ
3530 1438 3637 1491 άπὸ
3679 1439 3896 1509 μέρους.
3932 1435 4060 1490 ’Ὅτι

2501 1531 2879 1600 οἰκοδομήσει
2909 1531 3122 1599 Κύριος
3161 1529 3276 1599 τὴν
3304 1530 3487 1594 Σιὼν,
3515 1530 3612 1583 καὶ
3644 1529 3965 1598 ὀφθήσεται
3992 1530 4059 1583 ἐν

2500 1619 2575 1689 τῇ
2611 1620 2758 1690 δόξῃ
2786 1619 2992 1674 αὑτοῦ.
3036 1619 3263 1689 Ἑτέρως
3293 1619 3350 1671 δὲ
3376 1617 3715 1690 οἰκοδομήσει
3742 1619 3840 1691 τὴν
3874 1617 4011 1672 Σιὼν
4031 1620 4058 1670 ὁ

2499 1711 2721 1782 Κύριος,
2748 1710 2990 1763 τουτέστι
3020 1708 3115 1781 τὴν
3149 1708 3496 1779 Ἐκκλησίαν·
3529 1709 3809 1781 οἰκοδομὴν
3837 1710 3893 1762 δέ
3919 1726 4056 1780 φημι

2499 1799 2620 1854 καθ’
2650 1801 2716 1870 ἢν
2744 1799 2963 1871 ἐκτίσθη
3003 1798 3072 1851 τὰ
3100 1797 3226 1869 ἔθνη
3258 1796 3343 1851 διὰ
3380 1798 3480 1869 τῆς
3506 1800 3738 1863 πίστεως
3757 1816 3768 1830 ·
3812 1800 3904 1853 καί
3937 1803 4055 1854 τότε

2497 1890 2877 1963 δοξασθήσεται
2906 1891 2962 1943 ὲν
2993 1891 3193 1953 αὐτοῖς.

893 1986 1076 2050 Vens.
1116 1994 1298 2051 18-25.
1335 1992 1576 2064 Respexit
1611 1996 1665 2049 in
1693 1997 1979 2051 orationem
2014 1998 2317 2062 humilium,
2346 2009 2396 2053 et
2429 1969 2471 2028 Β
2577 2003 2598 2055 Ἶ

2429 1969 2471 2028 Β
2577 2003 2935 2072 Ἐπέὸλεψεν
2961 2003 3057 2056 ἐπὶ
3085 2003 3198 2072 τὴν
3227 2003 3574 2073 προσευχὴν
3598 2003 3714 2057 τῶν
3739 2003 4050 2067 ταπεινῶν,
4095 2015 4101 2022 ‘

816 2099 938 2143 ‘non
976 2090 1162 2156 sprevit
1190 2103 1391 2157 precem
1417 2105 1616 2142 eorum.
1673 2088 1946 2143 Scribatur
1971 2086 2160 2144 hazc'in
2183 2108 2394 2162 genera-

836 2183 1027 2238 tionem
1060 2183 1315 2246 alteram,
1360 2192 1409 2237 et
1457 2181 1678 2250 populus
1711 2183 1801 2252 qui
1845 2181 2107 2236 creabitur
2153 2183 2392 2237 laudabit

818 2274 1158 2330 Dominum:
1188 2259 1625 2346 quia'prospexit
1682 2275 1746 2329 de
1791 2275 1995 2330 excelso
2035 2285 2215 2329 saneto
2263 2291 2390 2342 suo,

831 2367 1089 2424 Dominus
1118 2369 1182 2421 de
1217 2369 1342 2422 caelo
1378 2369 1431 2421 in
1473 2377 1666 2421 terram
1711 2368 1935 2436 aspexit,
1957 2377 2025 2419 tut
2065 2367 2270 2421 audiret
2306 2384 2392 2437 ge-

827 2444 988 2514 mitus
1017 2457 1444 2526 compeditorum,
1466 2467 1524 2511 ut
1550 2459 1767 2513 solveret
1787 2460 1926 2530 ﬁlios
1946 2462 2385 2529 interemptorum,

826 2557 888 2600 ut
919 2548 1227 2602 annuntient
1256 2547 1310 2600 in
1339 2543 1469 2602 Sion
1495 2563 1680 2602 nomen
1710 2548 1946 2614 Domini,
1970 2559 2018 2604 et
2046 2550 2254 2604 laudem
2277 2554 2388 2621 ejus

813 2640 882 2693 sin
909 2634 1226 2695 Jerusalem.
1267 2639 1332 2695 In
1379 2640 1723 2695 conveniendo
1755 2641 1971 2710 populos
2018 2643 2072 2695 in
2104 2657 2297 2707 unum,
2339 2653 2389 2698 et

825 2746 966 2800 reges
986 2740 1044 2784 ut
1071 2733 1297 2785 serviant
1320 2731 1566 2804 Domino.
1595 2731 1879 2802 Respondit
1901 2734 1949 2787 ei
1980 2733 2035 2786 in
2072 2736 2152 2787 aia
2180 2735 2387 2788 virtutis

822 2837 932 2878 sute
957 2823 1337 2878 :Paueitatem
1368 2824 1574 2880 dierum
1621 2841 1852 2878 meorum
1889 2825 2075 2879 nuntia
2114 2826 2262 2881 mihi.
2305 2825 2388 2880 Ne

819 2931 1023 2970 revoces
1048 2932 1128 2969 me
1155 2916 1209 2969 in
1236 2902 1456 2969 dimidio
1506 2915 1708 2969 dierum
1735 2929 1989 2968 meorum.
2040 2913 2143 2969 Hic
2167 2905 2388 2970 lvidetur

821 3006 955 3060 mihi
989 3007 1565 3077 propheticus-chorus
1590 3006 1878 3062 sublimius
1919 3006 2227 3075 signiﬁcare
2255 3023 2384 3078 gen-

815 3097 953 3158 tium
981 3113 1077 3168 per
1101 3096 1437 3152 Salvatorem
1475 3105 1724 3151 nostrum
1759 3098 2094 3153 vocationem
2119 3139 2133 3162 ,
2174 3098 2384 3168 lugere-

816 3205 921 3259 que
939 3187 1084 3260 quod
1099 3202 1219 3243 eam
1247 3186 1351 3256 ipsi
1382 3201 1492 3241 non
1521 3187 1632 3244 sint
1654 3188 1956 3243 consecuti.
1981 3188 2038 3241 ln
2073 3188 2381 3243 futurorum

815 3294 1050 3350 namque
1091 3279 1358 3332 bonorum
1411 3277 1666 3341 adventu,
1700 3282 1918 3348 quando
1961 3287 2149 3347 gentes
2183 3286 2254 3364 ,ει
2288 3295 2380 3334 ea-
2407 3314 2449 3372 C

811 3387 939 3429 rum
957 3383 1113 3442 reges
1138 3384 1247 3424 non
1264 3370 1405 3424 ultra
1429 3370 1643 3449 patrios.
1657 3369 1951 3436 daemones,
1969 3370 2065 3425 sed
2088 3369 2374 3425 Dominum

817 3463 1150 3529 adorabunt;
1177 3462 1290 3527 tali,
1319 3462 1514 3532 inquit,
1545 3469 1788 3532 tempore
1812 3461 1983 3531 robur
2011 3476 2193 3516 meum
2215 3475 2375 3515 ener-

821 3557 959 3610 vavit
993 3555 1286 3633 Dominus,
1316 3563 1374 3610 ut
1397 3555 1513 3611 dies
1553 3570 1703 3613 meos
1746 3555 2170 3626 praescinderet,
2201 3568 2272 3608 ne
2307 3553 2373 3606 ad

811 3648 945 3706 illud
974 3655 1189 3719 tempus
1218 3647 1550 3702 devenirem.
1582 3646 1941 3718 PrOpheticus
1963 3648 2145 3717 itaque
2175 3646 2377 3702 chorus

809 3750 894 3800 est
923 3743 1015 3813 qui
1063 3740 1384 3811 respondet,
1430 3739 1544 3793 sive
1583 3738 1764 3808 potius
1812 3739 1907 3809 qui
1938 3740 2233 3809 interrogat
2261 3747 2314 3795 et
2349 3755 2379 3793 a

807 3836 923 3892 Deo
952 3834 1260 3891 sciscitatur
1289 3831 1466 3901 qualis
1498 3829 1681 3884 futura
1721 3829 1790 3884 sit
1826 3830 1936 3884 vita
1988 3839 2196 3886 nostra.
2248 3829 2377 3885 Edi--

808 3940 965 3982 scere
984 3925 1183 3994 quippe
1215 3921 1554 3992 peroptabat,
1581 3935 1712 3974 num
1743 3920 1810 3985 ad
1841 3920 1958 3976 dies
1992 3921 2114 3978 illos
2144 3937 2374 3992 perven-

806 4026 930 4072 tura
963 4017 1071 4071 vita
1105 4015 1225 4084 ejus
1249 4000 1432 4078 esset,
1481 4013 1637 4083 queis
1688 4013 2012 4080 incarnatus.
2050 4012 2371 4086 Unigenitus

803 4107 863 4162 in
890 4114 1037 4161 terra
1072 4104 1491 4174 conspiciendus
1539 4109 1673 4158 erat.
1723 4095 1875 4156 Viam
1935 4092 2116 4158 autem
2150 4105 2371 4160 virtutis

805 4200 925 4270 ejus
955 4204 1111 4253 vocat
1137 4197 1309 4265 ipsius
1337 4197 1395 4249 in
1417 4205 1619 4250 terram
1654 4193 1944 4251 adventum
1983 4197 2172 4250 :venit
2225 4198 2369 4252 enim

805 4297 866 4343 ut
895 4286 1090 4342 fertem
1124 4286 1276 4339 illum
1313 4284 1590 4355 alligaret;
1641 4285 1930 4340 dimidium
1977 4302 2105 4343 vero
2157 4289 2367 4343 dierum

803 4390 1050 4442 suorum,
1083 4389 1178 4431 seu
1203 4374 1329 4429 vita;
1366 4388 1496 4441 suae,
1526 4372 1660 4428 illud
1689 4374 1821 4428 dicit
1873 4379 2132 4445 spatium,
2162 4395 2270 4448 quo
2317 4381 2371 4435 in

802 4472 1257 4544 contemplatione
1280 4470 1400 4540 ejus
1421 4470 1727 4540 praesentiae
1760 4469 1981 4527 futurus
2015 4480 2152 4527 erat.
2190 4474 2369 4544 Roga-

801 4564 895 4618 hat
924 4578 1054 4632 ergo
1084 4560 1297 4632 impleri
1323 4568 1502 4620 totum
1532 4559 1655 4614 vita:
1677 4575 1789 4615 suae
1818 4570 2030 4631 tempus
2057 4600 2073 4628 ,
2114 4569 2168 4617 et
2212 4565 2370 4632 quasi

2495 2097 2591 2148 καὶ
2612 2099 2721 2150 οὐκ
2749 2096 3116 2160 ἐξουδένωσε
3145 2097 3259 2164 τὴν
3288 2096 3499 2164 δέησιν
3519 2095 3733 2150 αὐτῶν.
3760 2096 4050 2165 Γραφήτω

2491 2187 2640 2254 αὕτη
2686 2189 2771 2252 εὶς
2804 2187 3013 2255 γενεὰν
3039 2186 3280 2256 ἑτέραν,
3325 2187 3421 2241 καὶ
3465 2187 3612 2253 λαὸς
3645 2192 3677 2241 ὀ
3718 2186 4049 2255 κτιζόμενος

2491 2277 2716 2332 αίνέσει
2768 2277 2875 2330 τὸν
2933 2280 3149 2348 Κύριον
3185 2297 3196 2309 ·
3265 2278 3353 2332 ὅτι
3395 2278 3691 2346 ἐξέκυψεν
3735 2278 3804 2342 ἐξ
3852 2279 4049 2345 ὕψους

2490 2372 2659 2440 ἁγίου
2687 2371 2892 2433 αὐτοῦ,
2927 2373 3132 2439 Κύριος
3155 2370 3223 2436 ἐξ
3238 2371 3493 2438 οὐρανοῦ
3516 2371 3616 2423 ἐπὶ
3642 2370 3756 2438 τὴν
3780 2369 3896 2439 γῆν
3916 2368 4049 2422 ἐπέ-

2491 2465 2695 2532 atad-8,
2737 2465 2844 2518 τοῦ
2889 2463 3142 2517 ἀκοῦσαι
3196 2462 3300 2515 τοῦ
3338 2462 3674 2531 στεναγμοῦ
3713 2460 3832 2514 τῶν
3868 2477 4046 2513 πεπει-

2489 2553 2779 2623 δημένων,
2838 2553 2941 2605 τοῦ
2970 2551 3154 2605 λῦσαι
3198 2539 3337 2616 τοὺς
3369 2550 3534 2616 υἱοὺς
3564 2548 3682 2603 τῶν
3726 2553 4045 2604 τεθανατω-

2480 2645 2699 2715 μένων,
2733 2645 2838 2699 τοῦ
2869 2644 3209 2714 ἀναγγεῖλαι
3236 2643 3305 2696 ὲν
3330 2641 3481 2697 Σιὼν
3507 2643 3572 2695 τὸ
3588 2643 3780 2712 ὄνομα
3801 2644 4042 2711 Κυρίου,

2487 2735 2585 2790 καὶ
2616 2735 2731 2804 τὴν
2759 2734 2993 2788 αίνεσιν
3025 2733 3214 2787 αὐτοῦ
3256 2735 3325 2788 ἐν
3365 2733 3773 2803 Ἰερουσαλήμ
3841 2735 3940 2788 Ἐν
3967 2735 4046 2799 τῷ

2485 2825 2861 2895 συναχθῆναι
2893 2825 3081 2892 λαοὺς
3099 2827 3198 2879 ἐπὶ
3221 2826 3287 2879 τὸ
3319 2826 3484 2890 αὐτὸ,
3512 2827 3608 2882 καὶ
3634 2825 3912 2892 βασιλεῖς
3937 2825 4045 2880 τοῦ

2484 2915 2795 2969 δουλεύειν
2809 2913 2886 2979 τῷ
2900 2915 3111 2982 Κυρίῳ.
3135 2914 3444 2982 Ἀπεκρίθη
3457 2911 3613 2978 αὐτῷ
3622 2913 3690 2966 ἐν
3701 2911 3816 2977 ὀδῷ
3830 2909 4045 2980 ’ἰσχύος

2483 3006 2688 3061 αὐτοῦ·
2711 3006 2828 3074 Τὴν
2852 3006 3163 3074 ὀλιγότητα
3184 3002 3300 3058 τῶν
3313 3003 3544 3072 ἡμερῶν
3555 3021 3672 3071 μου
3689 2989 4044 3073 ἀνάγγειζὶόν

2478 3117 2598 3169 μοι.
2632 3100 2728 3167 Μὴ
2749 3097 3138 3166 ἀναγάγῃςμε
3153 3095 3221 3148 ἐν
3239 3095 3441 3163 ἡμίσει
3461 3093 3691 3163 ἡμερῶν
3701 3112 3842 3179 μου.
3878 3094 4038 3165 Ὑψη.

2483 3189 2697 3262 λὸτερον
2726 3190 2782 3242 δὲ
2809 3189 2954 3242 δοκεί
2989 3206 3075 3259 μοι
3108 3187 3195 3242 διὰ
3223 3186 3424 3239 τούτων
3457 3187 3484 3236 ὀ
3515 3186 3848 3258 προφητικὸς
3883 3186 4037 3257 χορὸς

2485 3283 2768 3354 σημαίνειν
2807 3280 2902 3352 τὴν
2952 3280 3041 3333 διὰ
3079 3277 3170 3332 τοῦ
3218 3278 3465 3349 Σωτῆρος
3505 3276 3659 3346 ήμῶν
3703 3277 3889 3347 κλῆσιν
3931 3277 4038 3331 τῶν

2482 3372 2683 3426 ἐθνῶν·
2720 3370 3113 3426 ἀποκλείεσθαι
3143 3369 3234 3434 δὲ,
3289 3369 3370 3422 ὅτι
3425 3369 3499 3439 μὴ
3533 3369 3626 3422 καὶ
3667 3368 3818 3422 αὐτοὶ
3850 3367 4039 3443 ἔτυχον

2480 3459 2701 3528 ταύτης.
2743 3445 2831 3511 Ἔν
2868 3457 2976 3528 γὰρ
3003 3460 3068 3529 τῇ
3100 3458 3206 3511 τῶν
3235 3457 3532 3528 μελλόντων
3578 3455 3794 3528 ἀγαθῶν
3836 3475 4036 3530 παρου-

2482 3550 2590 3621 σίᾳ,
2615 3551 2702 3602 ὅτε
2726 3548 2794 3602 τὰ
2818 3549 2943 3620 ἔθνη
2966 3551 3059 3602 καὶ
3082 3551 3132 3601 οἱ
3153 3543 3354 3602 τούτων
3380 3549 3616 3621 βασιλεῖς
3635 3549 4035 3622 λατρεύσουσιν,

2479 3642 2658 3695 οὐκέτι
2687 3643 2798 3706 τοῖς
2847 3642 3118 3713 πατρῴοις
3156 3642 3390 3713 δαίμοσι,
3439 3642 3574 3696 ἀλλὰ
3620 3641 3697 3714 τῷ
3723 3641 3941 3713 Κυρίῳ”
3978 3643 4038 3696 ὲν

2478 3733 2624 3805 αύτῷ
2655 3733 2718 3805 δὴ
2743 3733 2821 3804 τῷ
2849 3734 3077 3806 τοιούτῳ
3097 3733 3290 3806 καιρῷ,
3333 3735 3430 3804 τὴν
3462 3735 3621 3805 ἐμὴν,
3657 3735 3838 3805 φησιν,
3881 3733 4038 3803 ἰσχὺν

2477 3821 2754 3884 ἐκάκωσεν
2780 3827 2808 3877 ὁ
2835 3825 3056 3897 Κύριος,
3095 3826 3390 3880 κολοόὦσαι
3440 3826 3537 3890 τὰς
3566 3827 3801 3897 ἡμέρας,
3853 3825 3927 3889 ὡς
3957 3824 4034 3896 μὴ

2477 3916 2680 3986 φθάσαι
2713 3915 2857 3986 κάμὲ
2891 3919 2970 3979 είς
3013 3918 3219 3969 ἐκεῖνον
3268 3916 3360 3969 τὸν
3393 3917 3603 3987 καιρόν.
3674 3918 3731 3970 '0
3762 3934 4033 3988 προφητι-

2477 4006 2570 4071 κὸς
2604 4001 2703 4078 μὲν
2732 4000 2822 4058 οὖν
2856 4007 2972 4058 ἐστι
3015 4004 3172 4075 χορὸς
3206 4003 3235 4054 ὁ
3267 4003 3712 4074 ἀποκρινόμενος,
3748 4005 3863 4073 ἢτοι
3896 4005 4034 4075 ipa)-

2474 4097 2580 4152 τῶν
2613 4096 2707 4152 καί⁸
2736 4093 2909 4166 λέγων
2942 4096 3078 4168 πρὸς
3119 4096 3208 4148 τὸν
3240 4095 3373 4148 Θεὸν
3415 4095 3595 4158 ὁποῖος
3628 4095 3781 4148 ἔσται
3821 4097 3850 4147 ὁ
3890 4095 4033 4166 ήμέ-

2471 4207 2627 4262 τερος
2655 4189 2787 4260 βίος.
2823 4188 3030 4258 Ηῦχετο
3052 4187 3160 4260 γὰρ
3184 4185 3375 4257 μαθεῖν
3409 4186 3457 4238 εί
3497 4185 3750 4254 φθάσειεν
3778 4187 3856 4250 είς
3876 4186 4032 4239 ἐκεί-

2472 4299 2568 4346 νας
2587 4283 2684 4346 τὰς
2708 4281 2920 4354 ἡμέρας
2950 4281 2983 4352 ἡ
3018 4280 3129 4350 ζωὴ
3154 4275 3340 4343 αὑτοῦ,
3391 4278 3509 4331 καθ’
3536 4278 3600 4342 ἃς
3633 4277 3852 4349 ἔμελλεν
3880 4279 4028 4332 ἐναν-

2472 4375 2766 4446 θρωπήσας
2799 4374 2891 4427 ἐπὶ
2917 4373 3018 4443 γῆς
3050 4372 3332 4442 φαίνεσθαι
3357 4374 3384 4426 ὁ
3417 4374 3742 4444 Μονογενης.
3791 4373 3936 4427 Ὀδὸν
3967 4373 4025 4427 δὲ

2475 4465 2653 4535 ἰσχύος
2673 4465 2833 4518 αὐτοῦ
2864 4464 2958 4535 τὴν
2985 4465 3076 4517 ἐπὶ
3096 4466 3197 4535 γῆς
3217 4464 3514 4536 παρουσίαν
3547 4464 3701 4518 καλεῖ
3724 4483 3736 4495 ·
3766 4459 3895 4536 ἦλθε
3918 4466 4028 4535 γὰρ

2471 4555 2557 4607 ῐνα
2585 4555 2721 4625 δήσῃ
2743 4554 2833 4607 τὸν
2860 4555 3094 4625 ἰσχυρόν.
3127 4556 3331 4624 Ἥμισυ
3353 4554 3410 4607 δὲ
3430 4554 3536 4606 τῶν
3559 4551 3748 4606 ἑαυτοῦ
3780 4553 4022 4623 ἡμερῶν,

802 4653 1030 4725 produci
1060 4654 1227 4709 vitam
1248 4668 1424 4718 suam,
1456 4661 1517 4707 ut
1545 4652 1715 4722 ipsius
1758 4667 1940 4707 rerum
1988 4661 2215 4708 eventus
2239 4669 2369 4709 con-
2393 4667 2446 4725 υ
2470 4648 2504 4718 ἦ

2320 4670 2369 4708 α-
2393 4648 2588 4725 pirro:
2616 4647 2714 4717 τῆς
2770 4647 2932 4716 ζωῆς,
2990 4646 3051 4698 τὸ
3095 4645 3232 4709 τέως
3288 4648 3345 4698 ὲν
3401 4645 3600 4716 θεωρίᾳ
3646 4643 3894 4712 γενέσθαι
3925 4644 4025 4715 τῆς

805 4754 994 4816 specta
1013 4745 1362 4816 dignaretur;
1399 4745 1473 4799 ita
1516 4747 1658 4798 enim
1705 4743 1947 4797 futurum
1985 4752 2101 4799 erat
2145 4753 2205 4799 ut
2253 4753 2366 4800 tota

801 4838 914 4892 vita
941 4837 1060 4906 ejus
1099 4838 1432 4907 impleretur.
1456 4835 1672 4890 Interea
1696 4835 1862 4898 enim,
1902 4836 1996 4900 ait,
2023 4835 2076 4890 in
2110 4837 2368 4907 praesenti

763 4969 766 4972 .
803 4928 935 4984 dum
962 4929 1077 4984 haec
1103 4929 1437 4998 pramuntio,
1473 4941 1536 4981 ac
1562 4926 1746 4982 futura
1769 4929 2041 4999 prospicio
2061 4968 2078 4993 ,
2133 4929 2189 4983 in
2214 4938 2368 4998 parte

803 5020 912 5077 diei
945 5018 1040 5076 Dei
1069 5020 1398 5081 constitutus
1447 5021 1670 5075 videor:
1723 5022 1962 5090 reliquus
2001 5030 2182 5077 autem
2233 5021 2366 5076 mihi

802 5121 887 5170 est
915 5113 1032 5184 ipse
1069 5111 1255 5167 rerum
1300 5112 1785 5180 praenuntiatarum
1821 5100 2171 5182 conspectus,
2201 5127 2365 5183 quem

798 5222 852 5263 Bt
900 5211 1238 5274 consequar,
1272 5209 1445 5256 totum
1473 5203 1594 5256 vitae
1625 5217 1756 5257 meae
1804 5217 2027 5258 cursum
2059 5204 2359 5274 accipiam;

802 5299 890 5354 sin
927 5311 1151 5367 scopum
1178 5294 1444 5352 orationis
1473 5309 1609 5350 mea:
1655 5311 1766 5351 non
1809 5295 2070 5365 attingam
2094 5336 2110 5362 ,
2169 5295 2366 5352 similis

802 5406 899 5446 ero
933 5389 1001 5444 iis
1028 5388 1123 5459 qui
1160 5389 1216 5442 in
1259 5383 1488 5444 dimidio
1526 5385 1736 5442 dierum
1768 5387 2058 5443 immature
2085 5393 2142 5444 et
2169 5389 2368 5442 intem-

804 5480 1012 5553 pestive
1032 5477 1207 5533 vitam
1225 5478 1612 5550 deposuerunt.
1643 5473 1981 5548 Videturque
2007 5476 2139 5531 mihi
2175 5475 2366 5530 Serva-

804 5581 978 5629 torem
1032 5578 1277 5627 nostrum
1313 5571 1384 5628 ob
1421 5571 1515 5627 illa
1546 5569 1931 5642 prophetarum
1967 5580 2089 5626 vota
2121 5569 2360 5625 dixisse:

805 5662 966 5721 Παιιὶ
995 5663 1256 5734 propheta
1283 5672 1330 5718 et
1351 5664 1488 5734 justi
1526 5663 1799 5720 voluerunt
1823 5663 1996 5717 videre
2027 5679 2144 5733 qua!
2169 5679 2258 5718 ros
2290 5661 2364 5715 vi-

803 5755 960 5820 detis,
984 5765 1157 5809 etnon
1192 5753 1427 5809 viderunt
1444 5773 1462 5819 ,'
1491 5766 1541 5812 et
1571 5756 1755 5810 audire
1781 5770 1897 5825 quae
1923 5755 2144 5821 auditis,
2176 5764 2228 5809 et
2259 5769 2364 5808 non

803 5848 1082 5904 audierunt
1111 5848 1176 5904 ".
1211 5831 1556 5903 “Secundum
1612 5848 1892 5904 historiam
1940 5863 2069 5903 vero
2127 5846 2358 5902 dixerit:

878 5964 920 6042 ξ’
962 5961 1148 6024 Matth.
1185 5977 1304 6026 xm,
1342 5961 1422 6014 l7.

2433 4737 2436 4741 ’
2475 4737 2811 4808 ἐπιφανείας.
2844 4735 3050 4808 Ηύχετο
3077 4733 3167 4790 οὖν
3193 4735 3541 4806 πληρωθῆναι
3579 4735 3669 4788 τὸν
3703 4735 3820 4788 ὅλον
3858 4735 4022 4790 αὑτοῦ

2471 4832 2679 4902 χρόνον,
2716 4829 2808 4884 καὶ
2844 4823 2955 4881 οἷόν
2988 4845 3046 4879 τε
3081 4824 3486 4896 παρεκταθῆναι
3525 4825 3622 4896 τὴν
3661 4825 3804 4896 ζωὴν
3836 4826 4022 4890 αὐτοῦ,

2469 4925 2614 4985 ὅπως
2661 4921 2724 4974 ἂν
2771 4920 2866 4974 καὶ
2902 4919 3070 4989 αὐτῆς
3100 4920 3197 4988 τῆς
3226 4916 3334 4970 τῶν
3372 4917 3712 4989 πραγμάτων
3745 4918 4025 4982 ἐκϐάσεως

2469 5012 2905 5084 καταξιωθῆναι·
2976 5011 3117 5064 οῦτω
3159 5009 3265 5083 γὰρ
3309 5009 3530 5080 ἔμελλεν
3585 5011 3618 5081 ἡ
3677 5011 3825 5062 πᾶσα
3859 5012 4024 5067 αὑτοῦ

2470 5103 2582 5176 ζωὴ
2616 5103 2971 5176 πληροῦσθαι.
2998 5102 3144 5166 Τέως
3172 5101 3268 5172 μὲν
3296 5101 3422 5172 γὰρ,
3455 5101 3637 5169 φησὶν,
3656 5098 3747 5151 ἐπὶ
3762 5098 3867 5153 τοῦ
3883 5119 4024 5173 παρ-

2469 5199 2638 5264 όντος,
2669 5199 2756 5251 ὅτε
2789 5197 2959 5250 ταῦτα
2986 5193 3339 5268 προφητεύω,
3378 5193 3470 5245 καὶ
3525 5191 3782 5262 μέλλοντα
3807 5193 4024 5248 ἔσεσθαι

2469 5289 2705 5363 προορῶ,
2738 5288 2890 5344 ἔοικα
2919 5289 2976 5342 ὲν
3009 5286 3162 5358 μέρει
3209 5283 3418 5354 ἡμέρας
3466 5280 3604 5338 εἶναι
3633 5282 3801 5337 Θεοῦ·
3847 5283 4023 5337 λείπει

2468 5384 2524 5437 δέ
2547 5400 2637 5454 μοι
2684 5385 2718 5454 ὴ
2762 5381 2996 5451 αὐτοψία
3027 5379 3125 5450 τῆς
3165 5376 3273 5430 τῶν
3318 5379 3809 5451 προφητεύομένων
3858 5377 4022 5432 ἐκϐά-

2469 5469 2694 5547 σεως,ἦς
2709 5473 2759 5526 εί
2774 5472 3012 5544 τύχοιμι,
3026 5469 3237 5525 τελείαν
3249 5467 3485 5539 λήψομαι
3499 5469 3595 5540 τὴν
3608 5467 3842 5538 ἐμαυτοῦ
3855 5465 4016 5536 ζωήν·

2467 5566 2591 5620 εἰδὲ
2619 5565 2902 5636 άστοχήσω
2922 5563 3018 5632 τῆς
3061 5561 3243 5630 εὐχῆς,
3272 5559 3422 5613 ἔοικα
3444 5563 3558 5624 τοῖς
3580 5561 3638 5614 ὲν
3662 5559 3849 5630 ἡμίσει
3880 5560 4020 5627 ἡμε-

2468 5658 2576 5732 ρῶν
2613 5657 2712 5728 τὴν
2743 5653 2890 5726 ζωὴν
2918 5652 3082 5722 ἀτελῆ
3107 5649 3201 5704 καὶ
3229 5649 3410 5722 ἄωρον
3440 5649 3871 5720 ἀποτιθεμένοις.
3907 5644 4015 5700 Καί

2468 5765 2559 5819 μοι
2597 5747 2745 5802 δοκεῖ
2773 5743 2863 5798 διὰ
2894 5741 2992 5810 τὰς
3042 5735 3289 5805 τοιαύτας
3343 5739 3451 5792 τῶν
3501 5737 3795 5810 προφητῶν
3851 5733 4015 5806 εὐχὰς

2463 5839 2492 5888 ὁ
2523 5837 2708 5909 Σωτὴρ
2750 5832 2906 5907 ἡμῶν
2948 5830 3222 5904 εἰρηκέναι
3255 5848 3268 5863 ·
3303 5828 3537 5903 ,Πολλοὶ
3577 5823 3872 5896 προφῆται
3915 5822 4013 5878 καὶ
