4318 6446
268 563 394 618 1261

1360 553 1856 612 COMMENTABlA
1895 552 1962 606 IN
2001 548 2336 606 PSALMOS.

3317 545 3451 602 15.62

262 659 476 730 δίκαιοι
516 674 896 741 ἐπεθύμησαν
931 670 1076 724 ἰδεῖν
1107 669 1144 722 d
1181 667 1347 738 ὑμεῖς
1387 669 1666 733 βλέπετε,
1714 667 1811 719 καί
1839 671 1880 725 Α
1915 663 1967 714 ῡι

1752 667 1811 719 al
1839 671 1880 725 Α
1915 663 2048 716 Dum
2073 676 2157 716 me
2182 659 2451 715 inﬁrmum
2471 665 2524 711 et
2549 663 2827 729 gravatum
2851 669 3032 718 cerno,
3059 655 3306 725 suspicor
3321 653 3452 709 mihi

262 770 369 823 οὐκ
391 763 571 829 εἶδον,
610 764 704 817 καὶ
731 763 983 817 ἀκοῦσαι
1013 761 1050 815 d
1071 761 1336 823 ἀκούετε,
1367 760 1462 812 καὶ
1492 761 1599 813 οὐκ
1629 758 1809 826 ἤκου-

261 867 396 904 σαν.
437 849 589 902 Κατὰ
617 849 675 915 δὲ,
699 848 794 918 τὴν
831 847 1066 918 ἱστορίαν
1087 888 1102 911 ,
1127 847 1368 909 Βλέπων,
1403 848 1586 916 φησιν,
1641 849 1808 916 ἐμαυ-

260 938 347 988 τὸν
381 936 666 988 ἀτονοῦντα
701 936 794 987 καὶ
827 935 1206 1006 βαρυνόμενον,
1239 936 1414 1002 ὀλίγον
1445 935 1805 1005 ὑπολαμϐάνω

261 1029 445 1098 καιρὸν
476 1028 849 1098 ὑπολελεῖφθαι
882 1047 970 1098 μοι
1008 1027 1167 1097 ζωῆς.
1197 1029 1285 1098 Μὴ
1311 1025 1403 1080 οὑν
1443 1028 1809 1099 ὲκδημήσαιμι

257 1118 348 1170 τοῦ
398 1119 643 1188 σώματος
691 1122 748 1172 ὲν
792 1118 868 1188 τῷ
916 1120 1100 1189 ἡμίσει
1141 1121 1233 1172 καὶ
1288 1120 1465 1173 ἀτελεῖ
1512 1120 1618 1172 τῶν
1672 1122 1807 1189 ἡμε-

263 1209 384 1281 ρῶν.
435 1213 528 1262 Ἐν
583 1209 755 1280 γενεᾷ
807 1210 1025 1280 γενεῶν
1050 1210 1120 1264 τὰ
1147 1212 1249 1279 ἐτη
1303 1226 1433 1264 σου.
1477 1211 1807 1280 ’Δναγκαίως

260 1301 568 1372 προειπών”
618 1301 711 1370 Μὴ
751 1302 1053 1370 ἀναγάγῃς
1089 1320 1164 1370 με
1213 1302 1282 1354 ἐν
1331 1304 1533 1373 ἡμίσει
1579 1303 1808 1371 ἡμερῶν

255 1407 391 1459 μου,
417 1393 708 1463 εὐξάμενός
753 1409 810 1446 τε
850 1394 1167 1466 παραθεῖναι
1213 1395 1309 1465 τὴν
1355 1396 1494 1464 ζωὴν
1524 1394 1680 1465 μέχρι
1709 1393 1808 1462 τῆς

262 1480 535 1546 ἐκϐάσεως
564 1484 668 1536 τῶν
693 1486 1200 1555 προφητευομένων,
1239 1486 1436 1555 συνορᾷ
1463 1484 1522 1535 τὸ
1554 1484 1807 1536 ἀδύνατον

261 1571 345 1623 διά
375 1573 433 1623 τὸ
463 1572 683 1635 ἀσθενὲς
710 1575 801 1626 καὶ
827 1574 1184 1644 ὀλιγοχρόνιον
1213 1576 1308 1643 τῆς
1336 1574 1532 1644 θνητῆς
1561 1573 1772 1642 φύσεως
1791 1592 1806 1604 ο

263 1656 377 1713 εἶτα
410 1656 511 1729 ἔφη
537 1677 551 1689 ο
590 1661 688 1713 Σοῦ
717 1663 896 1732 μόνου,
930 1663 1119 1732 Κύριε,
1154 1663 1222 1715 τὰ
1255 1662 1346 1732 ἐτη
1387 1665 1464 1725 είς
1497 1663 1685 1730 γενεὰν
1717 1665 1807 1716 καὶ
1852 1655 1857 1660 ’

264 1749 451 1816 γενεάν
488 1751 772 1802 διατείνει·
811 1752 902 1804 καὶ
949 1754 1011 1804 σὺ
1043 1753 1190 1821 ἥξεις
1237 1754 1316 1816 είς
1358 1753 1570 1825 εκείνην
1603 1754 1698 1826 τὴν
1725 1771 1812 1822 γε-

1908 753 2169 823 perbreve
2190 759 2402 820 tempus
2431 750 2552 804 vitae
2587 747 2863 804 residuum
2895 761 3032 801 esse.
3071 745 3149 800 Ne
3176 747 3358 815 itaque
3400 747 3456 800 in

1910 842 2136 896 dimidio
2176 841 2408 898 dierum-
2441 846 2494 894 et
2546 839 2830 892 immature
2875 850 2904 888 a
2949 849 3171 904 corpore
3240 835 3458 906 proﬁci-

1911 948 2052 987 scar.
2088 930 2153 986 In
2175 933 2501 1002 generatione
2522 931 2914 1000 generationum
2935 929 3059 980 anni
3085 928 3180 981 tui.
3206 927 3341 982 Cum
3374 927 3457 983 di-

1913 1026 2102 1088 xisset,
2131 1022 2213 1076 Ne
2246 1040 2444 1077 revoces
2476 1038 2554 1075 me
2588 1023 2641 1074 in
2658 1021 2878 1073 dimidio
2901 1019 3100 1072 dierum
3125 1036 3377 1085 meorum,
3395 1035 3460 1074 ac

1913 1127 2152 1189 rogasset
2183 1119 2348 1172 vitam
2381 1132 2533 1172 suam
2568 1131 2739 1185 usque
2786 1115 2854 1169 ad
2905 1130 3085 1169 rerum
3135 1115 3460 1184 praenuntia-

1912 1219 2089 1263 tarum
2115 1217 2365 1265 eventum
2398 1208 2707 1278 prorogari;
2738 1206 2882 1260 videt
2912 1205 3014 1259 hoc
3047 1205 3115 1260 ob
3142 1206 3462 1259 imbecillam

1915 1312 1965 1357 et
1995 1303 2192 1357 ﬂuxam
2241 1301 2481 1355 mortalis
2530 1307 2737 1354 natura:
2786 1298 3149 1352 conditionem
3192 1296 3305 1352 ﬁeri
3358 1312 3465 1351 non

1918 1410 2103 1463 posse;
2131 1395 2323 1449 deinde
2357 1391 2462 1446 ait:
2498 1391 2602 1444 Tui
2647 1391 2815 1445 solius
2845 1392 2994 1451 anni,
3029 1389 3270 1454 Domine,
3303 1390 3358 1442 in
3384 1404 3468 1459 ge-

1915 1468 2262 1537 nerationem.
2292 1490 2344 1536 et
2392 1481 2787 1550 generationem
2832 1480 3251 1548 producuntur:
3305 1487 3471 1550 tuque

1916 1576 2197 1644 pervenies
2247 1573 2313 1627 ad
2364 1574 2508 1626 illam
2541 1575 2939 1642 generationem
2976 1582 3027 1626 et
3061 1573 3315 1642 populum
3350 1611 3364 1636 ,
3406 1573 3473 1626 de

1916 1666 2111 1734 quibus
2137 1667 2384 1734 superius
2410 1665 2722 1719 dicebatur:
2754 1664 3030 1718 Scribatur
3067 1664 3174 1717 haec
3226 1664 3280 1716 in
3318 1680 3476 1732 gene-

1922 1739 2176 1810 rationem
2200 1755 2443 1817 alteram,
2479 1764 2530 1807 et
2560 1764 2772 1809 caetera.
3377 1751 3379 1754 ⁴

267 1845 409 1907 νεὰν,
450 1847 695 1898 κάκεῖνον
732 1847 818 1898 τὸν
844 1848 990 1910 λαὸν,
1018 1848 1142 1917 περὶ
1169 1842 1241 1901 ὧν
1276 1850 1528 1922 ἀνωτέρω
1559 1851 1772 1919 ἐλέγετο
1792 1869 1803 1881 ·
1839 1851 2126 1919 Γραφήτῳ
2149 1851 2296 1917 αὕτη
2335 1851 2418 1914 εις
2444 1849 2555 1915 τὴν
2601 1849 2804 1917 γενεὰν
2851 1845 3077 1913 ἑτέραν,
3112 1848 3204 1920 καὶ
3225 1845 3292 1898 τὰ
3323 1844 3470 1915 ἑξῆςο

342 1937 478 1988 Κατ’
540 1936 728 2004 ἀρχὰς
764 1937 875 2002 τὴν
930 1935 1047 2004 γῆν
1080 1937 1193 2000 σὺ,
1262 1940 1454 2005 Κύριε,
1504 1940 1812 2008 ἐθεμελίω-
1845 1927 1886 1980 Β

267 2041 399 2090 σας,
434 2026 529 2078 καὶ
557 2025 695 2094 ἔργα
733 2024 847 2078 τῶν
875 2025 1085 2096 χειρῶν
1121 2027 1234 2079 σού
1270 2031 1427 2081 εἰσιν
1462 2032 1514 2082 ot
1551 2031 1809 2097 οὐρανοί.

268 2116 444 2168 Αὐτοὶ
477 2117 861 2179 ἀπολοῦνται,
913 2117 993 2170 σὺ
1024 2117 1090 2170 δὲ
1135 2119 1445 2187 διαμένεις.
1483 2122 1544 2173 El
1581 2122 1677 2191 μὲν
1710 2121 1818 2193 γὰρ

270 2209 329 2259 οὑ
367 2197 621 2277 συνῆσθα,
657 2209 806 2277 φησὶ,
847 2209 963 2261 κατ’
997 2208 1184 2278 ἀρχὰς,
1220 2204 1264 2263 ὦ
1287 2211 1500 2283 ’Κύριε,
1551 2214 1642 2266 καὶ
1666 2215 1712 2266 εί
1745 2213 1819 2284 μὴ

272 2298 404 2368 ἔργα
431 2298 538 2351 τῶν
572 2299 767 2370 χειρῶν
809 2316 902 2351 σου
937 2299 1174 2370 ὑπῆρχον
1204 2303 1252 2354 οί
1301 2303 1536 2373 οὐρανοὶ,
1575 2306 1671 2374 οὐχ
1699 2301 1820 2372 ὀἷόν

275 2407 334 2442 τε
361 2385 428 2460 ἦν
453 2389 590 2442 αὑτά
618 2388 988 2460 μετατεθῆναι,
1028 2392 1144 2444 οὑδὲ
1176 2394 1252 2455 είς
1291 2394 1587 2464 μεταὸολὴν
1617 2395 1814 2447 ἐλθεῖν·

273 2486 320 2534 εί
350 2481 458 2553 γὰρ
491 2483 726 2554 ἀγένητα
751 2479 838 2554 ἦν,
865 2484 1080 2555 ἔμειναν
1113 2483 1176 2537 ἂν
1214 2487 1305 2537 καὶ
1338 2486 1662 2555 ἀτελεύτητα
1683 2503 1695 2515 ·
1728 2487 1819 2538 νῦν

271 2573 346 2636 δὲ,
376 2573 496 2625 ἐπεὶ
515 2575 739 2644 ποιητὴς
758 2575 934 2628 αὐτῶν
970 2577 1215 2644 γέγονας,
1246 2576 1462 2637 δυνατὸς
1491 2572 1541 2626 εῐ
1567 2575 1657 2626 καὶ
1686 2591 1819 2644 παρ-

276 2667 498 2731 αγαγεῖν
546 2668 682 2719 αὐτὰ
737 2667 963 2738 θελήσας
1001 2686 1012 2696 ·
1075 2670 1285 2735 φύσεως
1333 2669 1439 2736 γαρ
1521 2667 1821 2736 ὑπάρχουσι

275 2755 515 2826 φθαρτῆς
569 2759 661 2809 καὶ
705 2759 1115 2830 ἀπολλυμένης
1172 2761 1276 2823 ὅτι,
1313 2761 1403 2812 καὶ
1460 2760 1532 2830 μὴ
1565 2761 1823 2831 πρότερον

279 2847 425 2910 ὂντα,
468 2849 532 2916 σῇ
567 2847 724 2918 βουλῇ
758 2848 850 2900 καὶ
881 2849 1102 2918 δυνάμει
1138 2849 1375 2916 γέγονεν.
1434 2851 1528 2902 Ἐν
1570 2849 1678 2920 γάρ
1711 2852 1825 2902 ἐστι

282 2937 440 3006 μένον
481 2939 586 2996 ἀεὶ.
629 2940 722 2991 καὶ
752 2937 946 2991 οῠποτε
980 2940 1271 3008 δυνάμενον
1323 2941 1394 3010 μὴ
1439 2935 1596 3002 εἶναι,
1629 2941 1825 3010 δηλαδὴ

281 3028 345 3078 σὺ
369 3027 528 3092 αὐτὸς
556 3031 583 3081 ὁ
615 3029 770 3098 μόνος
805 3030 910 3082 τῶν
934 3030 1066 3082 ὅλων
1093 3033 1337 3102 ποιητής.
1378 3031 1482 3084 Kal
1508 3031 1726 3096 πάντες
1752 3033 1829 3096 ὡς

1993 1939 2156 1997 Vens.
2202 1941 2387 1994 26-29.
2443 1939 2602 1993 Initio
2661 1951 2739 2003 tu,
2804 1939 3046 2001 Domine,
3101 1948 3296 1990 terram
3361 1937 3478 2006 fur.-

1916 2035 2075 2098 dasti,
2139 2043 2186 2087 et
2243 2049 2398 2100 opera
2452 2048 2699 2084 manuum
2753 2040 2960 2082 tuarum
3013 2039 3132 2082 sunt
3181 2029 3312 2082 caeli.
3366 2027 3479 2096 Ipsi

1915 2125 2173 2194 peribunt,
2205 2134 2259 2176 tu
2313 2136 2487 2178 autem
2541 2139 2830 2194 permanes.
2889 2121 3006 2177 Nisi
3039 2121 3183 2176 enim
3232 2136 3262 2174 a
3323 2121 3477 2190 prin-

1918 2215 2093 2283 cipio,
2149 2213 2404 2278 Domine,
2451 2213 2648 2270 fuisses
2675 2254 2690 2278 ,
2751 2220 2804 2268 et
2847 2213 2954 2267 nisi
2998 2211 3118 2266 caeli
3152 2224 3318 2279 Opera
3366 2225 3480 2262 ma-

1918 2323 2083 2362 nuum
2113 2315 2326 2359 tuarum
2379 2311 2595 2368 essent,
2631 2319 2738 2357 non
2795 2309 3015 2371 possent
3053 2301 3142 2353 illa
3170 2314 3331 2370 Opera
3360 2314 3481 2353 mu-

1919 2398 2062 2462 tari,
2107 2412 2208 2452 nec
2263 2395 2317 2450 in
2361 2397 2520 2450 aliam
2564 2394 2929 2449 conditionem
2977 2393 3160 2448 venire
3211 2413 3221 2446 :
3280 2407 3403 2446 nam
3433 2392 3480 2447 si

1919 2503 2026 2540 non
2065 2485 2203 2540 facta
2257 2494 2461 2549 essent,
2497 2487 2615 2541 siue
2670 2485 2774 2540 fine
2819 2492 3121 2540 manerent.
3179 2482 3296 2537 1am
3357 2497 3484 2537 vero

1921 2578 2045 2648 quia
2101 2592 2289 2631 eorum
2339 2576 2518 2645 opifex
2573 2576 2756 2641 fuisti,
2822 2586 2974 2645 potes
3024 2576 3113 2630 illa
3171 2582 3382 2629 mutare
3440 2575 3487 2628 si

1921 2671 2095 2725 velis:
2139 2684 2262 2721 nam
2313 2667 2469 2721 fluxae
2524 2675 2574 2721 et
2622 2666 2998 2734 corruptibilis
3046 2678 3252 2719 natura:
3311 2674 3484 2721 sunt:

1923 2760 2047 2829 quia
2109 2775 2229 2812 cum
2292 2773 2400 2811 non
2457 2758 2609 2824 prius
2649 2757 3004 2820 exsisterent,
3060 2757 3333 2810 voluntate
3423 2769 3488 2807 ac

1922 2853 2121 2903 virtute
2174 2857 2264 2901 tua
2314 2846 2528 2900 condita
2586 2851 2731 2899 sunt.
2778 2842 2958 2897 Unum
3016 2844 3212 2913 quippe
3241 2851 3324 2897 est
3345 2842 3489 2911 quod

1925 2948 2126 3004 manet,
2161 2946 2213 2994 et
2243 2953 2518 3008 nunquam
2550 2953 2654 2990 non
2701 2951 2824 2991 esse
2863 2936 3057 3006 potuit,
3091 2950 3282 3004 nempe
3313 2943 3370 2987 tu
3401 2950 3488 2988 so-

1928 3037 2011 3090 lus
2042 3032 2280 3088 omnium
2324 3030 2591 3084 conditor.
2638 3027 2698 3081 Et
2728 3044 2901 3083 omnes
2954 3029 3089 3081 sicut
3131 3029 3489 3081 vestimentum

280 3120 506 3189 ἱμάτιον
552 3121 1088 3190 παλαιωθήσονται,
1140 3124 1235 3175 καὶ
1278 3122 1417 3175 ὡσεί
1459 3125 1831 3190 περιϐόλαιον
1927 3143 1982 3180 ve

1778 3138 1831 3174 >ν
1927 3131 2259 3184 veterascent,
2288 3129 2336 3174 et
2363 3122 2498 3174 velut
2529 3120 2783 3173 amictum
2805 3119 2970 3173 volves
2985 3132 3100 3183 eos,
3123 3126 3171 3172 et
3201 3119 3483 3174 solventur.

278 3210 498 3276 ἑλίξεις
550 3211 786 3278 αὐτοὺς,
814 3213 908 3266 καί
943 3213 1378 3282 ἐλιχθήσονται.
1409 3196 1517 3266 Kal.
1539 3215 1586 3266 οί
1619 3213 1832 3282 οὐρανοὶ
1929 3217 1983 3270 Ct

1790 3213 1832 3263 οἱ
1929 3217 2063 3270 Coeli
2086 3229 2300 3286 quoque
2330 3213 2544 3268 etiamsi
2585 3228 2837 3288 magnum
2872 3212 3495 3284 praestantissimumun

281 3301 358 3362 δὲ,
388 3303 435 3354 εί
468 3302 559 3354 καὶ
591 3303 728 3372 μέγα
759 3304 851 3356 καὶ
878 3304 1148 3374 ἐξαίρετόν
1175 3321 1226 3356 τι
1257 3304 1578 3375 τυγχάνουσι
1604 3305 1827 3374 κτίσμα,
1855 3291 1898 3347 C
1933 3305 1986 3360 sit

1786 3321 1827 3368 ι,
1855 3291 1898 3347 C
1933 3305 2042 3360 sint
2085 3302 2394 3372 Opificium,
2455 3307 2691 3354 attamen
2735 3300 2836 3370 ipsi
2883 3311 3102 3370 quoque
3156 3300 3491 3369 corruptioni

283 3391 395 3444 ἀλλ’
433 3392 577 3461 ὅμως
609 3394 699 3446 καὶ
754 3393 904 3447 αὐτοὶ
959 3394 1418 3466 ὑποϐληθήσονται
1453 3394 1651 3467 φθορᾷ·
1699 3397 1732 3467 ὴ
1777 3395 1833 3449 δὲ
1945 3413 1988 3453 ει

1792 3395 1833 3449 se
1945 3397 2332 3468 subjicientur:
2369 3395 2484 3448 haac
2514 3402 2691 3447 autem
2722 3392 3000 3462 corruptio
3029 3393 3161 3462 ipsis
3184 3393 3238 3446 in
3268 3408 3497 3449 renova-

283 3480 455 3551 φθορά
477 3481 613 3552 αὕτη
642 3484 923 3554 γενήσεται
947 3484 1128 3547 αὐτοῖς
1163 3487 1241 3548 είς
1286 3486 1694 3557 ἀνακαινισμὸν,
1742 3486 1844 3556 καὶ,

287 3572 556 3636 συπελεῖς
590 3577 782 3639 αὐτοὺς
815 3575 1050 3644 εὐχερῶς
1084 3575 1253 3638 οὑτως
1281 3577 1354 3640 ὡς
1369 3573 1580 3629 ’ἑλίσσει
1611 3595 1692 3640 τις
1739 3594 1834 3628 πε-

287 3663 551 3735 ριϐόλαιον
567 3681 584 3694 ο
625 3666 989 3735 ὲλιχθήσονται
1011 3666 1117 3736 γὰρ
1137 3669 1215 3728 είς
1243 3667 1445 3736 βέλτιον
1469 3667 1651 3736 σχῆμα
1684 3684 1839 3737 μετα-

288 3755 623 3826 ϐαλλόμενοι,
661 3757 751 3810 καὶ
782 3758 1190 3829 ἀλλαγήσονται,
1242 3760 1332 3811 καὶ
1375 3758 1582 3829 τροπὴν
1631 3757 1838 3828 ἀγαθὴν

289 3845 616 3926 ὑπομενοῦσι
647 3847 744 3918 τὴν
773 3848 878 3900 ἀπὸ
917 3849 1013 3918 τῆς
1059 3849 1412 3919 παλαιότητος
1454 3851 1545 3903 ἐπὶ
1578 3850 1676 3921 τὴν
1708 3852 1839 3906 ἀνα-

291 3939 521 3991 καίνισιν
550 3941 643 3992 καὶ
664 3940 762 4010 τὴν
795 3940 1120 4010 ἀφθαρσίαν.
1162 3941 1244 3994 Σὺ
1276 3941 1343 3995 δὲ
1375 3945 1407 3995 ό
1427 3942 1606 4008 αὐτὸς
1643 3939 1713 4006 εἷ,
1743 3945 1841 3996 καί

287 4031 362 4085 τὰ
387 4032 489 4100 ἐτη
510 4046 623 4085 σου
656 4035 765 4085 οὐκ
796 4031 1165 4100 ἐκλείψουσι.
1218 4036 1280 4085 Ol
1323 4033 1437 4085 υἱοὶ
1471 4031 1585 4084 τῶν
1611 4032 1842 4088 δούλων

290 4124 407 4178 σου
437 4125 993 4191 κατασκηνώσουσι,
1037 4128 1132 4177 καὶ
1165 4123 1230 4175 τὸ
1267 4122 1502 4192 σπέρμα
1535 4123 1730 4176 αὐτῶν
1758 4127 1843 4188 εἰς

294 4216 396 4268 τὸν
410 4214 591 4268 αἰῶνα
620 4213 1173 4285 κατευθννθήσεται.
1201 4216 1415 4276 Καινοίς
1435 4213 1506 4283 (2)
1541 4215 1844 4284 γενομένοις

306 4307 385 4359 cal.
414 4306 502 4356 ὲπὶ
534 4305 594 4358 τὸ
617 4309 861 4373 κρεῖττον
898 4304 1332 4374 μεθαρμοσθεὼι,
1365 4306 1460 4357 καὶ
1502 4306 1565 4358 τὸ
1613 4304 1845 4375 σπέρμα

1940 3493 2143 3548 tionem
2166 3496 2356 3551 vertet,
2393 3497 2552 3556 atque
2578 3487 2723 3555 ipsos
2754 3483 2824 3538 ita
2857 3482 3016 3537 facile
3041 3477 3333 3538 contrahes
3365 3523 3379 3546 ,
3433 3498 3497 3536 ac

1941 3587 1986 3641 si
2026 3586 2147 3655 quis
2176 3583 2429 3636 amictum
2459 3580 2742 3634 convolvat
2768 3598 2782 3631 :
2840 3592 2966 3632 nam
2995 3577 3271 3631 meliorem
3301 3577 3354 3630 in
3396 3575 3500 3634 for-

1943 3693 2084 3731 mam
2105 3677 2405 3736 volventur,
2434 3688 2496 3726 ac
2519 3671 2870 3726 mutabuntur
2896 3678 3056 3738 atque
3081 3667 3497 3724 conversionem

1945 3769 2200 3837 optimam
2235 3764 2528 3829 subibunt,
2576 3777 2605 3816 a
2640 3767 2910 3816 vetustate
2959 3775 3148 3828 nempe
3175 3758 3240 3812 ad
3270 3774 3500 3814 renova-

1941 3859 2148 3910 tionem
2176 3867 2227 3910 et
2259 3853 2715 3922 incorruptionem
2756 3850 3022 3906 translati.
3063 3848 3140 3902 Tu
3171 3857 3344 3922 autem
3363 3847 3502 3901 idem

1947 3952 2053 4018 ipse
2082 3966 2155 4010 es,
2188 3958 2235 4000 et
2269 3949 2393 4000 anni
2427 3949 2501 3998 tui
2567 3960 2668 3998 non
2721 3943 2977 4010 deﬁcient.
3049 3939 3176 4015 Filii
3204 3919 3502 3994 ‘servorum

1949 4051 2156 4093 tuorum
2197 4037 2531 4099 habitabant,
2560 4045 2610 4087 et
2643 4050 2814 4087 semen
2842 4049 3020 4086 eorum
3056 4034 3108 4085 in
3140 4031 3393 4086 saxulum
3415 4032 3502 4084 di-

1948 4133 2157 4200 rigetur.
2212 4127 2451 4182 lnnovati
2509 4126 2714 4181 scilicet
2733 4131 2893 4178 erunt
2911 4140 2972 4179 ac
3007 4125 3280 4178 meliorem
3304 4123 3358 4177 in
3391 4123 3504 4187 for,-

1949 4237 2088 4275 mam
2110 4221 2377 4280 translati,
2411 4227 2457 4272 et
2482 4234 2650 4271 semen
2681 4233 2858 4270 eorum
2893 4258 2907 4284 ,
2957 4216 3162 4272 scilicet
3225 4229 3504 4276 servorum

1949 4320 2186 4374 tuorum,
2223 4314 2275 4364 in
2304 4310 2552 4365 sarculum
2587 4309 2858 4380 dirigetur.

302 4400 537 4466 iam/(Dr,
565 4401 761 4471 δηλαδὴ
797 4400 902 4452 τῶν
940 4399 1134 4453 δούλων
1156 4417 1266 4464 σου,
1290 4401 1369 4464 είς
1400 4401 1490 4454 τὸν
1515 4400 1684 4455 αἰῶνα
1715 4403 2214 4478 κατευθυνθήσεται.

743 4573 748 4580 -
819 4543 904 4614 To
934 4543 1149 4597 ΔΑΥιΑ.
1183 4543 1299 4595 re.

362 4659 626 4728 Εὑλόγει,
660 4659 697 4723 ἠ
723 4657 891 4728 ψυχή
925 4676 1062 4727 μου,
1097 4657 1200 4710 τὸν
1228 4660 1460 4727 Κύριον.
1488 4659 1637 4731 Τάχα
1662 4659 1716 4713 δὲ
1752 4660 1846 4730 μέ-

297 4767 398 4818 σην
421 4750 832 4818 ἀπολειφθεῖσαν
864 4749 958 4818 τὴν
989 4749 1163 4821 ψυχὴν
1211 4750 1302 4803 τοῦ
1334 4749 1579 4823 σώματος
1621 4752 1714 4803 καὶ
1755 4751 1848 4804 τοῦ

298 4842 622 4912 πνεύματος,
652 4843 710 4894 τὸ
747 4843 844 4913 μὲν
874 4843 1032 4912 σῶμα
1070 4845 1160 4896 ἐπὶ
1190 4844 1285 4907 τὰς
1331 4843 1530 4907 οἰκείας
1565 4843 1850 4913 ἐπιθυμίας

297 4933 390 4986 καὶ
462 4933 881 5004 ἀνδραποδώδεις
949 4935 1136 5003 ἡδονὰς
1191 4935 1467 4997 καθέλκει,
1517 4934 1700 5004 ὥσπερ
1758 4938 1850 5004 ἀφ’

301 5023 466 5093 ὕψους
494 5023 696 5078 ἄνωθέν
725 5025 884 5078 ποθεν
904 5025 1231 5078 καταὸἀλλον
1261 5027 1447 5094 αὑτήν·
1473 5025 1532 5077 τὸ
1553 5024 1611 5078 δὲ
1638 5025 1851 5096 πνεῦμα

301 5116 462 5170 πάλιν
489 5117 622 5186 πρὸς
654 5119 812 5172 ἑαυτὸ
857 5117 1066 5171 ἀνέλκει
1103 5118 1212 5170 ἀνω
1248 5135 1347 5168 που
1394 5118 1528 5186 πρὸς
1567 5117 1696 5169 Θεὸν
1727 5119 1853 5171 ἀνά-

301 5223 416 5276 γον,
468 5205 569 5257 καὶρ
598 5206 692 5258 τοῦ
732 5208 933 5278 Κυρίου
965 5205 1318 5278 μνημονεύειν
1350 5205 1675 5275 παρακαλεῖ,
1711 5207 1855 5260 εὑλο-

303 5301 421 5369 γεῖν
450 5313 510 5349 τε
540 5295 719 5359 αὑτὸν,
745 5300 838 5351 καὶ
865 5300 970 5370 πρὸ
997 5297 1282 5368 ὀφθαλμῶν
1309 5296 1394 5348 διὰ
1445 5298 1642 5359 παντὸς
1671 5296 1814 5366 ἔχειν
1835 5316 1849 5328 ·

304 5393 339 5463 ἢ
371 5388 530 5452 αὐτὸς
562 5389 752 5442 ἑαυτὸν
784 5390 876 5443 ἐπὶ
923 5391 1015 5445 τὸν
1055 5392 1220 5462 ὑμνον
1252 5389 1534 5460 διεγείρειν
1576 5391 1666 5441 καὶ
1700 5391 1854 5442 εὑλο⁴

305 5485 419 5550 γείν
466 5481 557 5533 τὸν
612 5479 744 5533 Θεὸν
773 5481 1136 5548 ὲγκελεύεται,
1163 5483 1331 5536 καλὸν
1371 5480 1546 5550 ἑαυτῷ
1581 5481 1852 5551 σωτηρίας

306 5577 593 5647 φάρμακον
617 5571 716 5643 τὴν
735 5574 814 5634 εἰς
840 5571 929 5624 τὸν
959 5570 1090 5626 Θεὸν
1122 5575 1367 5643 εὐλογίαν
1401 5571 1851 5644 προῦαλλόμενος.

305 5669 414 5722 Kal
441 5664 634 5720 πάντα
659 5662 730 5717 τὰ
755 5663 926 5733 ἐντός
942 5680 1058 5732 μου
1077 5666 1142 5718 τὸ
1168 5666 1350 5737 ὄνομα
1374 5667 1442 5721 rd
1457 5667 1622 5734 ἅγιον
1651 5665 1853 5718 αὑτοῦ.

309 5757 433 5823 Τοῖς
464 5755 614 5821 me;
643 5750 804 5810 αὑτοῦ
835 5753 1158 5823 προστάσσει
1177 5756 1422 5827 εὐλογεῖν
1454 5757 1511 5809 τὸ
1543 5757 1710 5831 ὄνομα
1748 5757 1859 5808 Κυ-

316 5849 453 5920 ρίου,
481 5849 720 5903 τουτέστι
743 5849 808 5920 cf;
837 5846 991 5917 ῷύσει
1012 5846 1117 5902 τῶν
1147 5850 1346 5906 ἔσωθεν
1369 5831 1734 5923 ὲξερχομένων
1757 5848 1861 5902 δια-

388 5958 464 6029 (ι)
485 5959 592 6016 Sic.

2447 4545 2573 4601 lPSl
2613 4543 2834 4599 DAVID.
2893 4542 3004 4599 Cll.

2017 4659 2181 4716 Vens.
2217 4662 2263 4714 ι.
2303 4659 2556 4724 Benedic,
2586 4659 2763 4711 anima
2793 4669 2938 4720 mea,
2971 4653 3216 4711 Domino.
3252 4653 3509 4710 Fortasse

1949 4737 2176 4812 mediam
2209 4755 2448 4808 relictam
2482 4752 2711 4805 animam
2739 4749 2879 4803 inter
2901 4729 3098 4816 corpus
3128 4753 3182 4801 et
3220 4746 3468 4816 spiritum
3488 4787 3502 4810 ,

1950 4864 2146 4917 corpus
2171 4846 2387 4915 quidem
2413 4843 2477 4897 ad
2501 4841 2750 4912 proprias
2769 4840 3242 4909 concupiscentias
3261 4847 3315 4894 et
3341 4839 3508 4894 servi-

1951 4943 2029 4996 les
2057 4939 2358 5007 voluptates
2381 4933 2644 5005 pertrabit
2663 4972 2678 4997 ,
2706 4931 2862 5002 quasi
2884 4946 2951 4987 ex
2982 4933 3198 4988 sublimi
3224 4939 3277 4986 et
3307 4933 3509 4986 altissi-

1953 5047 2040 5086 mo
2067 5031 2188 5085 loco
2217 5027 2478 5096 dejiciens
2513 5025 2656 5079 illam
2685 5042 2698 5089 ;
2730 5023 2960 5094 spiritus
2983 5039 3111 5079 vero
3143 5032 3328 5079 contra
3355 5022 3506 5078 ad—se

1954 5133 2168 5173 sursum
2203 5112 2402 5185 trahit,
2436 5120 2489 5168 et
2534 5113 2599 5168 ad
2640 5109 2807 5167 Deum
2857 5113 3112 5178 adducit,
3155 5113 3510 5179 hortaturque

1955 5220 2013 5264 ut
2045 5208 2329 5263 Dominum
2360 5214 2652 5273 memoret,
2686 5207 2788 5277 ipsi
2820 5207 3134 5269 benedicat,
3179 5207 3353 5275 ipsum
3397 5222 3508 5276 prae

1955 5302 2126 5356 oculis
2161 5314 2372 5368 semper
2401 5299 2597 5354 habeat
2624 5317 2636 5353 :
2669 5299 2753 5352 vel
2787 5298 3018 5352 fortasse
3047 5296 3337 5366 quemlibet
3364 5299 3509 5367 seip-

1958 5409 2074 5448 sum
2103 5392 2337 5445 excitare
2367 5405 2429 5444 ac
2464 5389 2573 5445 Deo
2599 5390 2918 5445 benedicere
2945 5387 3124 5455 jubet,
3166 5387 3368 5441 bonum
3404 5389 3506 5442 sibi

1959 5484 2024 5537 ad
2048 5483 2273 5538 salutem
2296 5496 2416 5536 esse
2434 5479 2542 5536 Deo
2559 5480 2877 5535 benedicere
2897 5491 3221 5547 proponens.
3243 5477 3312 5531 Et
3332 5480 3509 5531 omnia

1958 5576 2210 5629 interiora
2251 5589 2366 5626 mea
2405 5573 2604 5628 nomini
2644 5580 2828 5624 sancto
2869 5569 3004 5639 ejus.
3046 5568 3262 5624 Nomini
3295 5570 3511 5626 Domini

1956 5649 2276 5719 benedicere
2303 5662 2455 5731 jubet
2486 5660 2743 5716 interiora
2771 5673 2902 5725 sua,
2932 5658 2984 5714 id
3013 5667 3126 5724 est,
3154 5659 3514 5730 cogitationes

1962 5771 2088 5812 suas
2121 5769 2240 5826 qua:
2283 5755 2351 5810 ab
2393 5754 2542 5808 intus
2569 5750 2900 5823 procedunt,
2935 5767 3164 5822 quarum
3198 5751 3392 5821 duplex
3430 5762 3515 5809 cst

1962 5849 2133 5905 ordo:
2177 5847 2294 5903 aliae
2325 5846 2468 5903 enim
2500 5861 2679 5922 pravae
2714 5853 2874 5907 Sunt,
2912 5860 3102 5915 nempe
3125 5885 3138 5908 ,
3171 5845 3377 5911 caedes,
3410 5846 3518 5902 for-
