4318 6420
820 520 948 571 12m
1487 512 1754 568 EUSEBlI
1789 509 2263 568 CESABIENSIS
2300 510 2446 566 OPP.
2488 509 2667 566 PARS
2700 509 2785 566 Ill.
2824 543 2893 551 —
2926 506 3326 567 EXEGETICA.
3875 502 4016 558 1268

818 633 1134 704 ignorantia:
1173 632 1407 700 peccatis
1449 632 1682 686 inducta:
1723 630 1793 685 ad
1834 632 2009 684 lucem
2039 629 2363 698 cognitionis
2391 638 2438 690 Α
2466 631 2523 681 Ὅ

2310 629 2363 684 is
2391 638 2438 690 Α
2466 631 2584 682 Ὅτι
2615 630 2847 699 πνεῦμα
2883 628 3130 697 διῆλθεν
3157 626 3226 679 ἐν
3269 621 3447 689 αὐτῷ,
3477 621 3574 676 καὶ
3607 623 3717 689 οὺχ
3747 618 4015 691 ὑπάρξει,

817 740 933 781 sua:
969 740 1068 779 nos
1107 723 1379 778 transtulit
1412 740 1426 788 ;
1469 722 1691 790 haecque
1732 721 1859 775 fecit
1895 728 1955 775 ut
1992 721 2169 774 bonus
2212 728 2365 790 pater
2468 736 2522 772 κι

2315 734 2365 774 er
2468 718 2568 772 καὶ
2588 721 2699 773 οὐκ
2727 719 3112 788 ἐπιγνώσεται
3139 719 3224 771 ἔτι
3247 716 3352 769 τὸν
3379 716 3565 768 τόπον
3591 711 3794 766 αὐτοῦ.
3815 712 4020 781 ’Ὠσπερ

817 815 1151 870 insanientes
1200 814 1338 868 ﬁlios
1377 814 1665 868 miseratus
1689 855 1703 878 ,
1742 827 1806 866 ac
1832 826 1959 882 erga
1994 810 2193 866 liberos
2223 811 2366 865 male
2468 809 2522 862 ἀι

2317 811 2366 865 le
2468 809 2576 862 ἀπὺ
2605 808 2824 872 σκότους
2858 810 2957 879 τῆς
2997 809 3104 862 τῶν
3155 806 3558 879 ἁμαρτημάτων
3586 804 3801 872 ἀγνοίας
3842 802 3933 855 ἐπὶ
3961 802 4022 854 τδ

819 907 1036 961 affectos
1069 906 1326 975 majorem
1356 905 1879 959 commiserationem
1913 918 2235 959 assumens:
2267 917 2364 957 eo-
2470 901 2524 968 cpi

2318 917 2364 954 1-
2470 899 2583 968 φῶς
2630 901 2729 969 τῆς
2774 900 2935 953 αὑτοῦ
2984 898 3233 968 γνώσεως
3290 898 3651 969 μετεστήσατο
3697 896 3872 963 ἡμᾶς·
3931 892 4023 944 καί⁵

820 998 940 1051 dem
971 998 1059 1051 ille
1089 995 1249 1049 modo
1278 1009 1376 1050 nos
1407 995 1698 1049 miseratus
1732 1001 1815 1048 est
1837 1033 1852 1058 ,
1883 1008 1946 1047 ac
1975 1009 2042 1047 ex
2091 992 2266 1047 atheis
2310 999 2366 1046 et
2467 1007 2525 1041 τα

2320 999 2366 1046 ιι
2467 990 2637 1042 ταῦτα
2667 991 2897 1062 ἔπραξεν
2918 991 2991 1054 ὠς
3007 991 3206 1060 ἀγαθὸς
3228 989 3406 1059 πατὴρ
3421 988 3910 1057 σπλαγχνιζόμενος
3934 983 4025 1038 ἐπὶ

821 1093 1018 1147 timore
1047 1089 1356 1143 carentibus
1377 1129 1391 1152 ,
1423 1088 1542 1157 pios
1571 1103 1632 1141 ac
1664 1103 1723 1142 se
1749 1087 2004 1140 timentes
2034 1099 2136 1141 nos
2164 1084 2358 1141 eﬂ‘ecit.
2469 1088 2522 1138 υἱ

2322 1091 2358 1137 ι.
2469 1087 2604 1144 υἱοῖς
2642 1083 2924 1154 μεμηνόσι,
2973 1079 3067 1136 καὶ
3097 1083 3190 1136 ἐπὶ
3223 1081 3407 1143 κακῶς
3444 1078 3799 1157 διακειμένοις
3821 1076 4025 1139 τέκνοις

826 1184 1045 1256 μείζονα
1071 1180 1243 1236 οἶκτον
1275 1180 1587 1236 ἀναλαϐών·
1620 1180 1711 1232 τὸν
1771 1180 1931 1233 αὑτὸν
1961 1178 2157 1250 τρόπον
2219 1181 2313 1234 καὶ
2345 1177 2504 1243 αὐτὸς
2536 1179 2866 1249 ᾠκτείρησεν
2923 1177 3092 1246 ἡμᾶς,
3147 1174 3206 1239 ἐξ
3250 1174 3422 1229 ἀθέων
3473 1173 3566 1225 καὶ
3613 1170 3829 1239 ἀφόδων
3876 1170 4027 1222 εὐσε-

820 1282 933 1344 ϐεῖς
963 1281 1055 1333 καὶ
1077 1279 1431 1350 φοϐουμένους
1451 1278 1609 1330 αὐτὸν
1633 1277 2095 1354 ἀπεργασάμενος.

886 1391 1052 1447 Vens.
1097 1392 1163 1445 i7
1193 1392 1273 1446 i9.
1317 1390 1681 1444 Misericordia
1697 1401 1867 1452 autem
1889 1390 2099 1446 Domini
2131 1390 2194 1444 ab
2217 1402 2369 1446 arter-

816 1501 920 1547 no,
948 1493 996 1537 et
1028 1500 1188 1552 usque
1237 1485 1292 1536 in
1350 1481 1597 1537 aiternum
1654 1500 1806 1550 super
1843 1486 2076 1539 timentes
2128 1500 2263 1537 eum.
2304 1482 2372 1536 Et

808 1576 1022 1646 justitia
1050 1576 1192 1628 illius
1223 1577 1275 1626 in
1303 1575 1442 1640 ﬁlios
1468 1575 1696 1642 ﬁliorum
1716 1614 1730 1638 ,
1760 1575 1838 1629 his
1863 1577 1951 1644 qui
1974 1584 2180 1628 servant
2209 1583 2370 1628 testa-

818 1676 1047 1720 mentum
1076 1667 1215 1742 ejus,
1244 1676 1292 1720 et
1322 1682 1567 1720 memores
1595 1677 1713 1720 sunt
1736 1667 2102 1720 mandatorum
2125 1667 2270 1719 illius
2300 1666 2367 1719 ad
2395 1709 2402 1719 .

818 1759 1112 1828 faciendum
1142 1775 1221 1812 ea.
1249 1757 1386 1813 Huic
1416 1758 1590 1811 simile
1617 1757 1747 1811 illud
1780 1777 1792 1811 :
1823 1757 2046 1814 Faciens
2074 1760 2369 1811 misericor—

817 1851 961 1903 diam
993 1848 1326 1919 diligentibus
1366 1863 1464 1901 me.
1513 1841 1645 1900 Nam
1697 1847 2069 1902 misericordia
2095 1847 2366 1914 LDomini,

2548 1385 2624 1441 T6
2675 1384 2846 1450 ἕλεος
2894 1382 2962 1437 δὲ
3000 1381 3106 1436 τοῦ
3145 1378 3361 1446 Κυρίου
3411 1375 3526 1430 ἀπὸ
3557 1376 3661 1427 τοῦ
3689 1371 3900 1437 abbr-oc
3929 1371 4026 1424 και

2476 1480 2578 1545 ἕως
2617 1477 2721 1533 τοῦ
2753 1475 2964 1540 αιῶνος
2977 1470 3230 1536 ἐπὶτοὺς
3258 1468 3663 1539 φοϐουμένους
3676 1467 3862 1519 αὐτόν
3884 1480 3896 1493 ⁸
3928 1463 4028 1516 και

2475 1573 2513 1638 ἡ
2553 1569 2900 1635 δικαιοσύνη
2949 1564 3134 1622 αὑτοῦ
3177 1562 3275 1616 ἐπὶ
3313 1560 3452 1624 τοὺς
3486 1557 3651 1623 υἱοὺς
3699 1556 3815 1610 τῶν
3862 1554 4028 1620 υιῶν,

2475 1664 2598 1729 τοῖς
2629 1659 3019 1730 φυλάσσουσι
3056 1655 3169 1724 τὴν
3214 1652 3504 1718 διαθήκην
3537 1649 3741 1712 αὑτοῦ,
3787 1647 3885 1702 καὶ
3924 1664 4029 1717 με·

2471 1751 2797 1821 μνημένοις
2827 1747 2946 1802 τῶν
2971 1746 3234 1802 ἐντολῶν
3281 1742 3485 1808 αὐτοῦ,
3513 1741 3619 1795 τοῦ
3650 1738 3896 1807 ποιῆσαι
3925 1739 4031 1792 αὺη

2474 1839 2598 1907 τάς.
2636 1841 2864 1908 Ὅμοιον·
2889 1837 2984 1891 καὶ
3032 1836 3112 1901 τὸ,
3162 1834 3352 1888 Ποιιῖη·
3396 1834 3566 1896 ἕλεος
3609 1829 3732 1895 τοῖς
3760 1824 4034 1898 ἀγαπῶσι

817 1949 873 1996 et
923 1955 1146 2010 compar
1191 1940 1309 2007 eius
1351 1937 1559 2007 justitia
1604 1939 1658 1992 in
1707 1941 1920 1994 omnem
1968 1939 2368 2009 generationem
2467 1950 2522 2002 με

2328 1953 2368 1992 n
2467 1949 2560 2002 με.
2594 1928 2914 2001 Παρατείνει
2939 1925 3048 1998 γὰρ
3083 1924 3144 1977 τδ
3172 1923 3317 1986 ἔλεος
3357 1921 3576 1993 Κυρίου,
3603 1921 3696 1973 καὶ
3735 1922 3769 1990 η
3808 1918 4033 1987 σύζυγος

818 2030 1129 2085 extenditur
1163 2025 1218 2080 in
1255 2027 1504 2081 timentes
1539 2041 1697 2086 eum.
1729 2035 1787 2080 et
1814 2029 1873 2087 in
1901 2029 2040 2084 ﬁlios
2061 2045 2250 2084 eorum
2275 2069 2289 2093 ,
2323 2027 2376 2083 id
2407 2020 2448 2076 Β
2477 2041 2523 2076 αι

2329 2027 2376 2083 id
2407 2020 2448 2076 Β
2477 2020 2639 2076 αὑτοῦ
2683 2016 3013 2086 δικαιοσύνη,
3056 2017 3133 2078 είς
3164 2017 3342 2069 πᾶσαν
3397 2015 3495 2085 τὴν
3540 2012 3732 2083 γενεὰν
3777 2013 3867 2064 ἐπὶ
3911 2011 4034 2076 τοὺς

817 2119 936 2175 est,
971 2117 1026 2168 in
1051 2112 1390 2169 aemulatores
1418 2119 1691 2183 gestorum
1725 2121 2004 2183 ipsorum,
2039 2112 2093 2166 in
2129 2127 2224 2167 eos
2259 2114 2367 2167 sci-

819 2201 976 2266 licet,
1001 2203 1089 2272 qui
1116 2217 1224 2257 non
1250 2202 1410 2258 modo
1430 2210 1819 2272 praeceptorum
1842 2203 1960 2272 ejus
1979 2203 2333 2258 recoxdantur
2349 2242 2363 2266 ,

824 2292 914 2346 sed
945 2293 1287 2348 sermonibus
1317 2307 1482 2361 opera
1509 2292 1804 2361 adjiciunt,
1849 2300 1902 2347 et
1948 2293 2050 2347 hoc
2097 2293 2260 2346 modo
2286 2293 2368 2346 vi-

825 2392 928 2436 tam
961 2382 1290 2437 concinnant
1316 2397 1490 2436 suam.
1526 2380 1599 2435 Ea
1645 2383 1843 2452 quippe
1884 2383 2100 2448 dantur,
2152 2399 2257 2439 non
2311 2392 2370 2438 ut

819 2472 1061 2541 ipsorum
1102 2471 1300 2526 nudam
1347 2472 1662 2526 memoriam
1693 2484 1746 2526 et
1775 2471 2019 2526 notitiam
2051 2490 2364 2539 servemus;

817 2565 916 2619 sed
948 2570 1007 2617 ut
1035 2565 1288 2619 memoria
1333 2564 1400 2620 ad
1437 2563 1771 2635 operantium
1803 2571 2035 2618 utamur.
2070 2565 2207 2618 lllud
2235 2580 2368 2636 quo~

818 2670 924 2723 que
956 2652 1209 2710 Servator
1243 2655 1483 2709 declarat
1527 2653 1612 2710 his
1642 2653 1860 2708 verbis:
1896 2654 2001 2719 Qui
2032 2655 2184 2708 habet
2217 2671 2369 2708 man-

817 2744 947 2798 data
993 2761 1138 2810 mea,
1181 2757 1232 2801 et
1270 2755 1439 2800 servat
1481 2761 1573 2810 ea,
1616 2743 1703 2798 ille
1739 2753 1815 2798 est
1847 2743 1935 2813 qui
1973 2743 2146 2814 diligit
2177 2761 2256 2797 me
2287 2744 2366 2798 '°:

817 2853 946 2892 nam
991 2839 1354 2894 observationi
1389 2847 1786 2908 tantumhnon
1823 2837 2099 2891 memoriae
2147 2851 2367 2900 eorum,

816 2943 1027 2982 merces
1056 2928 1317 2996 debetur;
1351 2945 1526 2998 neque
1552 2929 1824 2983 auditores
1845 2970 1860 2994 ,
1893 2927 1989 2983 sed
2023 2927 2258 2982 cultores
2293 2929 2370 2982 le-

817 3017 901 3088 gis
923 3019 1383 3086 justiﬁcahuntur.
1403 3019 1633 3074 Pulchre
1653 3028 1830 3073 autem
1856 3020 1939 3073 lex
1962 3017 2056 3073 Dei
2079 3025 2371 3072 testamen-

816 3118 934 3163 tum
960 3119 1151 3164 vocata
1179 3118 1296 3174 est,
1342 3117 1400 3163 ut
1432 3110 1523 3180 qui
1551 3125 1669 3163 eam
1704 3110 2056 3165 observamus
2078 3149 2095 3173 ,
2146 3108 2371 3164 haeredi-

817 3210 983 3254 tatem
1015 3201 1141 3255 inde
1182 3215 1479 3270 speremus.
1529 3199 1684 3269 Quod
1711 3207 1886 3255 autem
1926 3209 2120 3255 natura
2153 3199 2369 3271 quidem

815 3298 1006 3345 nostra
1027 3289 1168 3346 fluxa
1194 3290 1294 3354 sit,
1322 3290 1502 3344 divina
1531 3307 1658 3346 vero
1683 3291 1966 3346 clementia
1988 3290 2372 3367 debitam'pro-

2472 2107 2838 2177 φοϐουμένους
2867 2107 3030 2163 αὐτὸν
3073 2108 3316 2171 καὶτοὺς
3353 2113 3502 2172 υίους
3547 2107 3747 2172 αὐτῶν,
3792 2109 4034 2162 τουτέστι

2471 2201 2594 2261 τοὺς
2633 2198 2739 2252 τῶν
2783 2199 2954 2268 ἔργων
3002 2199 3164 2252 αὑτοῦ
3217 2199 3482 2270 ζηλωτὰς,
3528 2201 3653 2263 τοὺς
3701 2201 3797 2270 οὐχ
3847 2199 4033 2265 ἁπλῶς

2476 2289 2853 2360 μεμνημένους
2891 2290 2998 2344 τῶν
3049 2291 3276 2347 ὲντολῶν
3315 2292 3503 2356 αὐτοῦ,
3554 2293 3669 2346 ἀλλ’
3696 2293 4034 2359 ἐπιτιθέντας

2473 2382 2583 2441 τοῖς
2605 2379 2780 2448 λόγοις
2808 2379 2875 2432 τὰ
2901 2379 3058 2450 ἔργα,
3098 2382 3191 2432 καὶ
3218 2380 3357 2433 κατὰ
3383 2381 3545 2434 ταύτὸ
3574 2383 3662 2434 τὸν
3695 2385 3890 2436 οἰκεῖον
3923 2383 4034 2454 βίον

2475 2470 2850 2541 ῥυθμίζοντας.
2899 2470 3140 2524 Δίδονται
3166 2471 3274 2542 γὰρ
3318 2464 3477 2524 αῦται
3522 2472 3620 2526 οὐκ
3649 2474 3740 2525 ἐπὶ
3778 2474 3854 2544 τῷ
3895 2475 4030 2545 μνή-

2477 2579 2582 2632 μην
2613 2562 2790 2617 αὐτῶν
2821 2562 2981 2632 ψιλὴν
3007 2563 3100 2617 καὶ
3131 2563 3327 2630 γνῶσιν
3358 2561 3501 2633 ἔχειν
3532 2564 3698 2632 ἡμᾶς,
3733 2563 3867 2617 ἀλλὰ
3900 2565 4033 2634 μνή-

2477 2670 2582 2724 μην
2624 2655 2704 2715 sic
2744 2654 2804 2706 τὸ
2837 2654 3075 2724 ποιῆσαι.
3107 2653 3276 2707 Τοῦτο
3309 2655 3402 2707 καὶ
3439 2657 3467 2707 6
3493 2654 3680 2726 Σωτὴρ
3711 2655 4035 2726 παρίστησιν

2475 2742 2658 2797 εἰπών·
2676 2744 2728 2797 '0
2759 2744 2913 2813 ἔχων
2936 2744 3041 2812 τὰς
3060 2744 3310 2811 ἐντολάς
3336 2762 3454 2814 μου
3483 2746 3580 2799 καί
3607 2745 3798 2814 τηρῶν
3827 2747 4035 2813 αὑτὰς,

2473 2833 2700 2900 ἐκεῖνός
2747 2836 2918 2890 ἐστιν
2953 2840 2986 2890 ὁ
3032 2834 3278 2906 ἀγαπῶν
3318 2853 3394 2907 με
3417 2853 3430 2869 °
3476 2837 3576 2906 τῆς
3619 2836 3728 2907 γὰρ
3768 2838 4034 2908 ποιήσεως

2474 2925 2585 2978 ἀλλ’
2614 2926 2672 2982 οὐ
2703 2925 2803 2998 τῆς
2846 2928 3063 2998 μνήμης
3101 2927 3278 2981 αὐτῶν
3313 2928 3477 2999 μόνης
3503 2929 3531 2980 ὁ
3569 2927 3780 2998 μισθός
3818 2929 3912 2988 καὶ
3937 2929 4035 3003 οὐχ

2473 3019 2520 3069 οἱ
2545 3018 2828 3088 ἀκροαταὶ,
2859 3017 2971 3071 ἀλλ’
3001 3020 3050 3070 οἱ
3093 3018 3307 3088 ποιηταὶ
3338 3017 3431 3070 τοῦ
3465 3017 3626 3088 νόμου
3657 3019 4036 3090 δικαιωθήσον-

2475 3125 2583 3161 ται.
2619 3107 2812 3172 Καλῶς
2853 3108 2910 3162 δὲ
2941 3107 3173 3179 διαθήκη
3221 3111 3250 3161 6
3284 3107 3445 3179 νόμος
3473 3107 3566 3160 τοῦ
3599 3107 3734 3161 Θεοῦ
3765 3109 4034 3179 προσηγό-

2477 3215 2660 3272 ρευται
2691 3239 2705 3265 ,
2755 3200 2842 3256 ἵνα
2900 3199 3258 3271 κληρονομίαν
3312 3197 3618 3268 ὲλπίξωμεν
3672 3199 3730 3263 ἐξ
3771 3201 3945 3268 αὐτῆς
3981 3203 4038 3257 oi.

2475 3291 2857 3368 φυλάσσοντες.
2888 3291 2912 3312 '
2939 3292 3033 3346 Οτι
3073 3291 3131 3344 δὲ
3176 3293 3209 3361 ή
3243 3291 3339 3361 μὲν
3367 3289 3526 3360 φύσις
3556 3290 3709 3361 ἡμῶν
3750 3291 4033 3362 ὲπίκηρος,

817 3381 1154 3450 genitoribus
1192 3381 1416 3450 iustitiae
1459 3382 1762 3437 mercedem
1804 3397 1976 3451 usque
2036 3382 2104 3436 ad
2148 3388 2373 3450 nepotes
2398 3369 2506 3451 Ci)

2331 3395 2373 3436 :s
2398 3369 2440 3426 (ἶ
2473 3381 2584 3451 ἡδὲ
2611 3380 2730 3434 θεία
2757 3380 3130 3452 φιλανθρωπία
3175 3381 3268 3432 καὶ
3306 3380 3494 3452 μέχρις
3531 3381 3767 3449 ἐγγόνων
3797 3379 4036 3451 διατηρεῖ

819 3479 1134 3537 conservet,
1183 3483 1438 3544 sexcenta
1467 3475 1696 3544 hujusce
1737 3474 1816 3527 rei
1859 3470 2176 3528 testimonia
2215 3486 2370 3541 repe-

818 3561 950 3616 rias.
981 3561 1114 3616 Nam
1144 3563 1213 3618 ob
1232 3563 1552 3627 Abrahami,
1583 3562 1751 3618 lsaaci
1778 3569 1830 3617 et
1852 3559 2040 3616 Jacobi
2063 3558 2334 3630 justitiam
2354 3597 2370 3624 ,

819 3653 1078 3722 populum
1108 3667 1176 3706 ex
1205 3652 1273 3708 iis
1300 3660 1486 3723 postea
1513 3660 1762 3709 exortum
1792 3652 2077 3706 vocatione
2122 3657 2175 3706 et
2215 3662 2374 3720 pecu-

819 3742 942 3796 li'ari
987 3741 1323 3812 providentia
1361 3739 1617 3816 dignatus
1655 3749 1760 3797 est.
1797 3740 1934 3796 Jehu
1973 3747 2154 3806 autem
2199 3755 2374 3810 usque

821 3830 891 3885 ad
941 3840 1188 3902 quartam
1235 3831 1638 3902 generationem
1696 3846 1926 3902 regnum
1983 3831 2369 3897 conservavit,

818 3919 1171 3974 etiamsinon
1219 3921 1442 3976 omnino
1487 3920 1683 3991 pietate
1725 3919 1985 3990 praeditus
2023 3927 2212 3987 esset;
2245 3922 2374 3990 quia

818 4009 878 4064 in
909 4012 1173 4082 principio
1202 4013 1352 4086 regni
1385 4015 1470 4070 sui
1500 4013 1737 4070 studium
1767 4028 1896 4082 erga
1922 4011 2092 4067 Deum
2119 4013 2374 4068 exhibue-

817 4111 923 4158 rat.
944 4101 1175 4157 Mirabili
1194 4118 1322 4159 vero
1349 4103 1536 4161 Davidi
1562 4103 1938 4160 inexstiuctam
1965 4103 2260 4159 custodivit
2281 4120 2371 4175 ge-

817 4193 968 4250 neris
989 4194 1277 4249 scintillam
1295 4231 1314 4260 ,
1338 4196 1438 4251 etsi
1461 4195 1612 4265 impii
1636 4195 1790 4249 multi
1818 4196 1960 4250 inter
1984 4194 2102 4265 ejus
2127 4201 2372 4264 posteros

817 4285 992 4341 exorti
1022 4285 1149 4340 sint.
1176 4279 1429 4343 Dominus
1460 4287 1514 4346 in
1542 4286 1668 4340 οωίο
1693 4289 1897 4356 paravit
1929 4287 2170 4340 thronum
2196 4304 2367 4349 suum,

817 4385 873 4429 et
921 4391 1137 4446 regnum
1183 4377 1346 4444 ipsius
1387 4372 1628 4433 omnibus
1673 4376 2050 4432 dominabitur.
2105 4380 2372 4435 Accurate

819 4463 1022 4518 dictum
1053 4474 1166 4529 est,
1200 4465 1437 4519 omnibus
1465 4463 1862 4531 dominabitur;
1892 4467 1984 4522 sed
2023 4481 2131 4521 non
2156 4508 2170 4534 ,
2204 4469 2370 4524 omni-

821 4553 914 4606 bus
943 4553 1276 4626 dominatur,
1309 4555 1437 4625 quia
1479 4569 1586 4608 non
1614 4569 1802 4609 omnes
1836 4555 1984 4625 digni
2035 4563 2162 4610 sunt
2203 4572 2370 4625 regno

820 4643 987 4698 illius.
1033 4642 1394 4711 Quamobrem
1431 4645 1498 4699 iis
1527 4646 1621 4715 qui
1650 4645 2016 4714 evangelicam
2048 4646 2212 4700 vitam
2247 4646 2366 4700 exi-

817 4740 989 4804 gunt,
1048 4747 1273 4801 regnum
1324 4734 1587 4791 ccelorum
1637 4731 1884 4787 Salvator
1931 4732 2209 4802 pollicitus
2261 4740 2362 4785 est.

822 4823 941 4877 Alio
988 4823 1116 4876 item
1163 4822 1496 4891 intelligendi
1547 4838 1695 4878 more
1739 4823 1991 4878 omnibus
2034 4822 2367 4882 dominatur,

823 4912 984 4965 etiam
1026 4911 1093 4964 iis
1131 4911 1224 4981 qui
1268 4927 1433 4982 regno
1477 4911 1738 4968 calorum
1781 4912 1989 4983 indigni
2027 4919 2154 4969 sunt
2201 4914 2370 4983 impc-

821 5021 868 5057 r:
893 5018 951 5058 ,ιε
983 5021 997 5068 ;
1027 5010 1295 5076 quatenus
1325 5016 1517 5071 nempe
1545 5002 1784 5058 omnium
1812 5001 2073 5058 Dominus
2102 5009 2204 5057 est.

892 5174 1056 5231 Vens.
1097 5176 1185 5232 ΞΟ.
1227 5177 1521 5233 Benedicite
1541 5177 1784 5242 Domino,
1818 5196 1990 5233 omnes
2020 5179 2190 5248 angeli
2216 5180 2331 5248 ejus
2351 5218 2366 5242 ,

820 5276 1053 5338 potentes
1079 5271 1270 5324 virtute
1292 5311 1306 5335 ,
1347 5271 1597 5340 facientes
1625 5273 1836 5327 uerbum
1865 5272 2011 5325 illius
2039 5271 2107 5324 ad
2149 5271 2360 5324 audien—

822 5359 946 5412 dam
974 5375 1145 5413 vocem
1173 5378 1468 5417 sermonum
1492 5364 1626 5433 ejus.
1660 5362 1920 5434 Superius
1948 5362 2161 5433 quidem
2193 5361 2359 5431 Spiriv

824 5454 961 5506 ritus
991 5451 1207 5505 divinus
1241 5453 1473 5509 hominis
1504 5456 1739 5509 animam
1775 5454 1840 5508 ad
1873 5457 2166 5524 gratiarum
2200 5455 2360 5508 actio-

825 5556 947 5597 nem
980 5549 1033 5597 et
1065 5541 1493 5600 benedictionem
1524 5545 1620 5601 Dei
1655 5546 1916 5601 invitabat
1947 5545 2134 5601 dicens
2154 5545 2360 5611 ,‘Bene-

825 5632 911 5684 dic
935 5673 949 5698 ,
981 5635 1157 5688 anima
1185 5651 1320 5700 mea,
1349 5635 1602 5703 Domino;
1631 5654 1776 5702 nunc
1805 5644 2005 5697 autem.
2025 5639 2158 5707 'quia
2186 5639 2363 5706 throni

830 5720 924 5774 Dei
963 5729 1016 5776 et
1059 5726 1358 5781 cmlestium
1401 5729 1779 5797 mansionum,
1828 5739 1963 5801 quas
2006 5729 2184 5800 dignis
2222 5728 2367 5813 Deus

801 5956 805 5962 ‘
896 5876 937 5905 "
976 5878 1124 5934 Joan.
1162 5896 1271 5944 xxv,
1306 5882 1394 5935 21.

2473 3470 2571 3542 τὴν
2623 3471 2736 3534 τοῖς
2793 3469 3077 3542 προγόνοις
3124 3469 3476 3542 ὀφειλομένην
3539 3472 3636 3541 τῆς
3695 3470 4035 3541 δικαιοσύνης

2473 3543 2761 3628 ἀντίδοσιν,
2807 3561 2974 3633 μυρία
3006 3561 3072 3616 ἂν
3117 3562 3295 3634 εὕροις
3344 3561 3634 3633 μαρτύρια.
3667 3562 3764 3615 Διὰ
3791 3561 3898 3634 γὰρ
3936 3562 4035 3632 τήν

2471 3653 2564 3708 τοῦ
2604 3652 2854 3726 ’Δϐραὰμ
2874 3652 3262 3722 ’δικαιοσύ,νην,
3311 3654 3404 3706 καὶ
3445 3653 3542 3726 τὴν
3581 3652 3676 3705 τοῦ
3709 3651 3895 3706 Ἰσαὰκ
3941 3653 4033 3707 καὶ

2484 3744 2695 3810 Ἰακὼϐ,
2728 3744 2823 3800 τδν
2865 3743 2925 3812 ἐξ
2960 3743 3137 3799 αὐτῶν
3176 3744 3347 3815 φύντα
3395 3745 3534 3816 μετά
3561 3745 3732 3798 ταῦτα
3759 3744 3885 3798 λαὸν
3934 3744 4032 3814 τῆς

2471 3834 2713 3905 κλήσεως
2741 3832 2837 3888 καὶ
2871 3833 2975 3902 τῆς
3009 3834 3212 3896 οεκείας
3244 3833 3544 3904 ἐπισκοπῆς
3575 3835 3874 3906 κατηξίωσε
3902 3851 3918 3866 °
3953 3851 4032 3901 τῳ

2484 3923 2624 3995 Ἰηοῦ
2648 3922 3090 3995 μέχριτετάρτης
3109 3924 3301 3990 γενεᾶς
3326 3923 3424 3993 τὴν
3443 3923 3711 3994 βασιλείαν
3735 3926 4025 3996 τετήρηκε,

2473 4015 2648 4070 καίτοι
2676 4013 2808 4084 μηδὲ
2837 4011 3046 4067 τελείαν
3067 4012 3391 4087 κτησαμένῳ
3407 4012 3703 4076 εὐσέϐειαν,
3734 4013 3844 4064 ἀλλ’
3876 4013 3935 4066 ὲν
3961 4014 4027 4086 τῇ

2471 4104 2610 4176 ἀρχῇ
2657 4104 2756 4173 τῆς
2807 4101 3079 4172 βασιλείας
3132 4101 3520 4172 ἑπιδειξαμένῳ
3566 4102 3656 4152 τὸν
3711 4100 3900 4170 ζῆλον·
3953 4100 4033 4169 τῷ

2473 4193 2737 4263 θεσπεσίῳ
2767 4191 2945 4257 Δαυῒδ,
2986 4191 3245 4246 ἄσϐεστον
3291 4193 3523 4262 ἐτήρησε
3566 4190 3656 4249 τὸν
3705 4190 3798 4244 τοῦ
3842 4192 4030 4256 γένους

2475 4284 2763 4356 σπινθῆρα,
2804 4283 2898 4336 καὶ
2927 4282 3099 4336 ταῦτα
3125 4281 3331 4335 πολλῶν
3373 4282 3644 4336 δυσσεσῶν
3672 4285 3728 4336 ὲν
3768 4282 3919 4357 μέσῳ
3947 4282 4032 4352 βε-

2478 4375 2870 4444 ϐλαστηκότων.
2902 4373 3115 4440 Κύριος
3146 4373 3215 4426 ἐν
3252 4373 3331 4449 τῷ
3354 4373 3584 4445 οὐρανῷ
3607 4374 3895 4444 ἡτοίμασε
3926 4377 4032 4428 τὸν

2473 4467 2688 4536 θρόνον
2735 4464 2940 4527 αὑτοῦ,
2992 4464 3089 4517 καὶ
3141 4465 3179 4532 ἠ
3224 4464 3512 4528 ,βασιλεία
3560 4464 3745 4518 αὐτοῦ
3793 4463 4032 4519 πάντων

2474 4553 2778 4608 δεσπόσει.
2831 4552 3094 4622 ’Δκριϐὦς
3115 4553 3171 4605 δὲ
3201 4554 3262 4606 τὸ
3286 4553 3525 4606 πάντων
3543 4552 3851 4614 δεσπόσει,
3878 4553 4021 4623 sipu-

2470 4661 2582 4710 ται,
2631 4641 2744 4695 ἀλλ’
2789 4642 2872 4707 οὐ,
2919 4642 3158 4696 πάντων
3200 4640 3500 4702 δεσπόζειο
3551 4644 3672 4695 ἐπεὶ
3717 4643 3791 4713 μὴ
3832 4641 4030 4708 πάντες

2475 4735 2614 4803 ἄξιοι
2642 4733 3092 4804 τυγχάνουσι’τῆς
3137 4732 3302 4786 αὑτοῦ
3348 4733 3636 4803 βασιλείας.
3683 4734 3771 4786 Διὸ
3798 4737 3909 4797 τοῖς
3939 4735 4025 4788 τὸν

2474 4821 2819 4890 εὐαγγελικδν
2850 4819 3169 4892 κατορθοῦσι
3209 4821 3322 4891 βίον
3346 4823 3445 4893 τὴν
3475 4823 3581 4876 τῶν
3608 4823 3848 4894 οὐρανῶν
3883 4823 4022 4893 βασι·

2472 4907 2620 4962 λείαν
2665 4913 2694 4962 6
2986 4911 3360 4982 ἐπηγγείλατο.
3412 4914 3668 4976 Δεσπόζει
3712 4912 3768 4965 δὲ
3814 4901 4026 4968 πάντὼν

2473 4998 2592 5051 καθ’
2622 4999 2812 5072 ἑτέραν
2849 5001 3089 5056 ἐπίνοιαν
3120 5003 3213 5055 καὶ
3243 5001 3351 5055 τῶν
3378 5002 3607 5066 ἀναξίων
3634 5001 3730 5071 τῆς
3759 5001 4025 5071 βασιλείας

2473 5091 2634 5144 αὑτοῦ
2670 5092 2910 5165 κρατῶν,
2931 5088 3020 5148 οἷα
3048 5094 3110 5164 δὴ
3139 5094 3354 5148 πάντων
3377 5094 3598 5163 Κύριος.

2538 5181 2852 5251 Εὑλοτεῒτε
2893 5184 2999 5235 τὸν
3037 5184 3270 5250 Κύριον,
3312 5183 3530 5246 πάντες
3571 5185 3623 5236 οἱ
3666 5183 3900 5255 ἄγγελοι
3924 5190 4025 5242 αὐ-

2474 5272 2598 5335 τοῦ,
2630 5271 2872 5327 δυνατοὶ
2903 5276 3087 5343 mor,
3120 5272 3430 5340 ποιοῦντες
3465 5275 3571 5326 τὸν
3610 5280 3794 5345 λόγον
3820 5279 4022 5342 αὐτοῦ,

2474 5365 2578 5417 τοῦ
2599 5364 2856 5418 ἀκοῦσαι
2883 5363 2993 5432 τῆς
3028 5363 3231 5433 φωνῆς
3255 5361 3371 5417 τῶν
3391 5368 3585 5435 λόγων
3611 5369 3816 5423 αὐτοῦ.
3862 5370 4025 5423 Ἀνω-

2474 5456 2614 5528 τέρω
2644 5455 2740 5528 μὲν
2767 5457 2826 5508 τὺ
2856 5455 2996 5508 θεῖον
3026 5455 3243 5523 Πνεῦμα
3273 5456 3368 5527 τὴν
3409 5458 3502 5511 τοῦ
3533 5458 3815 5529 ἀνθρώπου
3853 5461 4025 5530 ψυχὴν

2475 5548 2653 5601 ἐκάλει
2695 5548 2785 5600 ἐπὶ
2826 5547 2925 5619 τὴν
2966 5548 3307 5619 εὐχαριστίαν
3355 5552 3446 5603 καὶ
3490 5551 3589 5620 τὴν
3640 5551 3887 5621 εὐλογίαν
3932 5550 4024 5603 τοῦ

2473 5638 2627 5701 Θεοῦ,
2663 5640 2900 5706 φάσκον·
2936 5638 3203 5704 Εὺλόγει,
3233 5639 3269 5704 ἡ
3297 5641 3463 5709 ψυχή
3483 5659 3621 5709 μου,
3644 5640 3749 5696 τὸν
3774 5643 4020 5708 Κύριον·

2478 5729 2565 5783 νῦν
2609 5731 2684 5794 δὲ,
2736 5729 2920 5800 ἐπειδὴ
2961 5728 3052 5783 τοῦ
3099 5729 3283 5799 θρόνου
3323 5732 3417 5785 τοῦ
3457 5731 3590 5786 Θεοῦ
3635 5718 4020 5802 ἐμνημόνευσε,
