4318 6404
262 500 398 557 1269

1334 496 1831 555 οοιιιιειι-[Αιιυι
1865 495 1933 554 lN
1971 482 2301 557 nsanos;

3320 484 3456 565 1270

262 620 488 675 καὶτῶν
518 620 778 694 οὐρανίων
821 592 1125 693 διατριδῶν,
1168 618 1234 682 ἃς
1271 621 1380 683 τοῖς
1407 620 1577 686 ἀξίοις
1617 621 1645 672 ό
1682 620 1815 683 Θεὸς
1841 623 1888 681 Α
1915 636 1967 689 pt

1750 620 1815 683 ιδς
1841 623 1888 681 Α
1915 621 2238 691 preparavit
2260 660 2275 686 ,
2299 619 2624 678 mentionem
2648 624 2775 680 fecit
2792 664 2809 691 ,
2835 625 3121 682 admodum
3151 642 3455 699 coagmen-

257 710 540 787 ἡτοίμασε,
572 714 768 785 σφόδρα
797 712 1096 776 ἀκολούθως
1116 714 1234 775 ταῖς
1260 711 1525 784 οὐρανίοις
1552 712 1809 781 δυνάμεσι

260 805 571 875 συγχαίρειν
610 808 674 874 τῇ
727 804 826 873 τῆς
875 803 1049 873 ψυχῆς
1089 804 1326 873 σωτηρίᾳ
1360 802 1809 873 παρακελεύεται,

254 896 391 949 κατά
431 897 523 951 τὸν
556 898 814 966 σωτήριον
846 896 998 963 λόγον
1031 896 1278 965 φήσαντα
1305 895 1473 965 χαρὰν
1503 894 1717 949 ἔσεσθαι
1755 897 1812 948 ἐν

250 986 328 1058 τῷ
372 987 586 1059 οὐρανῷ
633 988 723 1039 ὲπὶ
770 987 850 1040 ἑνὶ
900 986 1203 1058 ἁμαρτωλῷ
1259 985 1634 1057 μετανοοῦντιο
1679 984 1813 1040 ἀλλὰ

253 1080 345 1132 καὶ
380 1082 461 1144 είς
514 1078 661 1141 τέλος
709 1077 837 1147 ἀγειη
872 1078 967 1149 τὴν
1024 1076 1307 1150 ἀνθρώπου
1354 1077 1530 1148 ψυχὴν
1575 1078 1668 1132 καί
1715 1076 1811 1140 τὰς

253 1170 532 1241 οὐρανίους
564 1172 819 1241 δυνάμεις
841 1186 853 1199 ο
890 1169 952 1222 τὸ
980 1170 1096 1240 ,γὰρ
1125 1169 1254 1223 αὐτὸ
1298 1170 1395 1240 τῆς
1441 1169 1687 1237 εὐλογίας
1719 1168 1811 1240 ἐρ-

255 1277 347 1328 τον
386 1261 479 1314 καί
506 1259 677 1334 ταύτῃ
713 1261 981 1325 κάκείνοις
1018 1260 1314 1315 ἐπιτάττει.
1358 1258 1607 1314 Δυνατοί
1624 1259 1811 1329 ίσχύτ,

256 1351 565 1417 ποιοῦντες
615 1352 720 1404 τὸν
765 1352 949 1419 λόγον
999 1349 1203 1413 αὐτοῦ,
1245 1347 1351 1403 τοῦ
1402 1346 1657 1402 ἀκοῦσαι
1706 1344 1814 1412 τῆς

256 1441 458 1511 φωνῆς
490 1440 606 1495 τῶν
626 1445 820 1511 λόγων
837 1442 1043 1496 αὐτοῦ.
1071 1441 1150 1493 Τὰ
1172 1439 1269 1510 μὲν
1286 1438 1425 1492 κατά
1454 1438 1533 1501 σὲ,
1554 1437 1736 1508 φησιν,
1768 1430 1812 1490 ὦ

254 1532 435 1605 ψυχὴ,
487 1532 759 1598 ἐξασθενεῖ
814 1534 945 1604 πρὸς
996 1533 1057 1585 τὸ
1108 1534 1225 1585 κατ’
1279 1529 1432 1595 ἀξίαν
1493 1530 1678 1599 ὑμνεῖν
1724 1528 1815 1581 τὸν

252 1626 423 1680 essu
449 1626 513 1678 ὲκ
549 1626 743 1697 μέρους
773 1624 828 1678 δὲ
869 1626 1014 1695 ὅμως
1048 1624 1201 1677 τοῦτο
1235 1623 1395 1675 ποίει.
1450 1620 1584 1674 Ἵσθι
1618 1620 1695 1685 δὲ,
1736 1620 1814 1672 ὅτι

254 1719 303 1772 οἰ
344 1716 560 1785 ἄγγελοι
587 1716 771 1781 αὐτοῦ,
798 1716 1009 1770 δυνατοὶ
1045 1713 1186 1784 ἰσχύῖ
1225 1715 1394 1778 ὄντες,
1428 1711 1521 1765 καὶ
1547 1708 1814 1764 ἀδιαπτώ-

254 1823 360 1869 τως
385 1806 476 1860 τὸν
518 1806 673 1873 λόγον
705 1805 865 1859 αὐτοῦ
899 1804 1192 1868 ποιοῦντες,
1225 1802 1361 1867 ἄξιοί
1392 1819 1449 1855 τε
1476 1802 1691 1857 ἀκούειν
1717 1800 1815 1870 τῆς

256 1896 445 1964 φωνῆς
476 1896 639 1949 αὐτοῦ
689 1897 781 1948 καὶ
809 1896 917 1948 τῶν
946 1888 1133 1965 λόγων
1162 1893 1345 1958 αὐτοῦ,
1382 1892 1696 1964 πρεπόντως
1723 1892 1815 1944 καὶ

258 1991 376 2041 κατ’
392 1988 547 2054 ἀξίαν
583 1988 889 2054 εὐλογοῦσιν
924 1986 1102 2039 αὐτόν.
1126 1986 1187 2043 Εἰ
1217 1985 1273 2037 δὲ
1298 1985 1393 2038 καὶ
1426 1986 1483 2038 ἐν
1509 1983 1813 2054 ἀνθρώποις

258 2074 364 2135 εἶέν
394 2095 537 2139 τινες
562 2078 651 2129 τὸν
686 2078 961 2145 ἰσάγγελον
996 2077 1105 2145 βίον
1136 2075 1544 2147 μετερχόμενοι,
1587 2076 1680 2127 ἅτε
1720 2074 1815 2143 τὴν

257 2172 437 2229 εἰκόνα
483 2170 575 2223 τοῦ
621 2170 938 2239 ἐπουρανίου
984 2167 1291 2239 φοροῦντες,
1328 2167 1599 2237 ἰσχύοντες
1628 2168 1684 2220 δὲ
1726 2166 1817 2218 καὶ

258 2262 410 2321 αὐτοὶ
442 2264 609 2314 ποιεῖν
640 2261 727 2314 τὸν
759 2259 913 2328 λόγον
940 2260 1123 2325 αὑτοῦ,
1154 2258 1246 2313 καὶ
1274 2258 1487 2315 δυνατοὶ
1513 2259 1611 2328 τῆς
1639 2258 1817 2327 φωνῆς

259 2354 421 2413 αὐτοῦ
455 2352 766 2415 ὑπακούειν,
798 2350 938 2405 κατά
972 2352 1060 2404 τὸν
1091 2352 1366 2421 φήσαντα·
1397 2349 1599 2405 Πάντα
1634 2348 1817 2415 ἰσχύω

258 2434 325 2498 ἐν
354 2442 432 2511 τῷ
462 2443 893 2513 ἐνδυναμοῦντί
920 2459 1014 2511 με.
1066 2443 1174 2503 Καὶ
1217 2432 1383 2504 ὦτοι,
1422 2438 1694 2508 ἰσάγγελοι
1734 2436 1817 2489 δν-

259 2554 365 2601 τες,
416 2537 799 2605 εὐλογείτωσαν
843 2536 1024 2590 αὐτὸν.
1073 2535 1277 2607 Μηδεὶς
1321 2535 1378 2586 δὲ
1405 2531 1512 2585 τῶν
1544 2530 1815 2602 παραϐαι-

262 2627 453 2680 νόντων
484 2627 574 2681 τὸν
618 2627 771 2694 λόγον
799 2627 962 2680 αὐτοῦ
991 2628 1082 2686 καὶ
1127 2624 1555 2696 παρακουόντων.
1577 2612 1817 2692 τῆςῚΡωυ

260 2718 353 2787 νῆς
376 2716 560 2779 αὐτοῦ,
596 2714 1025 2786 προπετέστερον
1060 2713 1306 2784 τολμάτω
1336 2710 1492 2766 τοῦτο
1519 2714 1709 2765 ποιεῖν.

325 2805 643 2876 Εὑλογεῖτε
684 2806 789 2859 τὸν
830 2806 1062 2873 Κύριον,
1094 2803 1282 2860 πᾶσαι
1316 2807 1375 2857 αἰ
1403 2802 1683 2873 δυνάμεις
1710 2804 1819 2857 αὐ·-

260 2898 387 2965 τοῦ,
436 2898 779 2967 λειτουργοί
806 2897 1013 2964 αὑτοῦ,
1046 2896 1356 2962 ποιοῦντες
1398 2895 1470 2949 τὰ
1521 2893 1822 2964 θελήματα

259 2990 539 3045 αὐτοῦ.’0
565 2990 660 3061 μὲν
682 2989 861 3055 Annia,
888 2989 1182 3062 ἐπειδήπερ
1204 2988 1309 3041 εἰσί
1339 2988 1431 3041 καὶ
1454 2986 1819 3055 ἀντικείμεναι

260 3081 535 3150 δυνάμεις,
570 3080 773 3152 σφόδρα
812 3080 1121 3148 ἀναγκαίως
1153 3078 1400 3148 ιπιφέρει
1439 3076 1525 3129 τό’
1560 3079 1822 3140 λειτουρ-

263 3173 354 3243 γοί
383 3170 589 3236 αὑτοῦ,
623 3172 926 3237 ποιοῦντες
962 3170 1034 3225 τὰ
1061 3169 1363 3238 θελήματα
1386 3165 1591 3235 αὐτοῦ,
1611 3165 1821 3227 δεικνὺς

1918 719 2017 793 ter
2044 711 2299 769 caelestes
2338 713 2568 770 virtutes
2602 714 2758 783 jubet
2786 716 2979 772 animae
3020 719 3183 774 saluti
3221 736 3461 792 congau-

1919 800 2083 867 dere,
2115 800 2412 859 secundum
2449 804 2554 859 hoc
2582 802 2895 863 ‘Salvatoris
2940 807 3177 873 dictum,
3216 810 3457 875 scilicet,

1915 893 2172 962 gaudium
2205 893 2321 950 fore
2352 895 2409 950 in
2436 896 2575 951 cmlo
2609 912 2773 966 super
2816 913 2925 953 uno
2965 907 3243 969 peccatore
3288 903 3463 973 pleni-

1912 988 2137 1043 tentiam
2184 995 2377 1059 agente
2427 988 2469 1021 ³¹
2504 1007 2516 1042 :
2546 987 2643 1045 sed
2690 989 2852 1045 etiam
2896 1008 3019 1046 cum
3065 993 3299 1048 hominis
3343 995 3462 1049 ani-

1912 1091 2057 1131 mam
2078 1116 2095 1143 ,
2130 1085 2244 1155 tum
2280 1079 2531 1136 cc'elestes
2560 1081 2793 1137 virtutes
2824 1082 2880 1136 in
2928 1082 3088 1138 linem
3130 1083 3271 1153 agit:
3319 1083 3461 1140 idem

1914 1168 2058 1221 enim
2089 1166 2443 1245 benedicendi
2471 1186 2670 1227 munus
2702 1179 2814 1226 tam
2846 1173 2959 1238 illi,
2990 1189 3151 1244 quam
3184 1175 3301 1231 istis
3328 1191 3463 1245 pra:-

1914 1238 2124 1312 scribit‘.
2158 1259 2404 1316 Potentes
2433 1263 2651 1327 virtute,
2680 1262 2927 1331 facientes
2954 1238 3161 1319 verbum
3190 1238 3368 1331 illius,
3394 1266 3465 1320 ad

1920 1349 2233 1404 audiendam
2277 1370 2446 1413 vocem
2466 1372 2782 1435 sermonum
2810 1357 2943 1431 ejus.
2980 1355 3133 1422 Quod
3168 1357 3233 1413 ad
3265 1366 3317 1414 te
3343 1373 3464 1429 spe—

1916 1448 2061 1507 ctat,
2096 1456 2129 1497 o
2156 1443 2365 1506 anima,
2417 1446 2688 1505 imbecilla
2732 1445 3054 1517 inﬁrmaque
3091 1464 3155 1506 es
3192 1448 3260 1505 ad
3299 1446 3464 1503 Deum

1921 1547 2018 1601 pro
2048 1531 2308 1601 dignitate
2339 1535 2760 1595 celebrandum:
2824 1546 3059 1591 attamen
3100 1536 3154 1591 id
3194 1552 3262 1593 ex
3316 1547 3469 1611 parte

1917 1623 2250 1691 exsequeris.
2295 1622 2446 1679 Scito
2480 1634 2660 1685 autem
2691 1628 2915 1697 angelos
2940 1628 3095 1697 ejus,
3126 1642 3249 1685 cum
3280 1638 3470 1699 poten-

1920 1721 2003 1769 tes
2025 1716 2227 1770 virtute
2249 1716 2358 1771 sint
2378 1755 2393 1781 ,
2415 1726 2469 1772 et
2497 1716 2865 1777 indesinenter
2886 1720 3105 1775 verbum
3132 1719 3225 1773 Dei
3245 1718 3469 1787 faciant,

1918 1805 2172 1876 dignique
2201 1809 2309 1863 sint
2332 1808 2425 1878 qui
2448 1824 2634 1864 vocem
2662 1818 2713 1863 et
2740 1826 3043 1869 sermonem
3066 1813 3184 1881 ejus
3202 1814 3434 1868 audiant
3453 1853 3468 1873 ,

1919 1901 2172 1955 decenter
2202 1916 2263 1955 ac
2288 1901 2553 1971 condigne
2582 1902 2687 1971 ipsi
2718 1896 3056 1958 benedicere.
3091 1904 3244 1969 Quod
3274 1906 3321 1959 si
3351 1909 3471 1974 qui-
3542 1904 3550 1912 '

1917 1993 2038 2045 dam
2077 1992 2215 2046 inter
2261 1992 2510 2048 homines
2539 1992 2647 2047 sint
2675 1994 2769 2062 qui
2805 1993 2967 2047 vitam
3003 1996 3259 2065 angelica:
3288 2011 3467 2066 parem

1918 2081 2105 2134 ineunt
2120 2121 2133 2143 ,
2162 2088 2345 2150 utpote
2363 2083 2457 2152 qui
2480 2082 2767 2154 imaginem
2791 2085 3033 2139 caelestis
3052 2086 3469 2152 circumferant,

1917 2186 1979 2223 ac
2010 2171 2113 2240 ipsi
2148 2186 2365 2240 quoque
2408 2172 2631 2226 verbum
2659 2173 2779 2243 ejus
2814 2174 3036 2243 exsequi
3069 2182 3123 2230 et
3152 2190 3337 2232 vocem
3368 2192 3471 2232 au—.

1917 2262 2033 2316 dire
2056 2262 2306 2327 valeant,
2332 2261 2634 2317 secundum
2666 2279 2788 2318 eum
2821 2265 2914 2335 qui
2940 2265 3105 2331 dicit,
3138 2265 3329 2323 Omnia
3356 2282 3480 2335 pos-.

1917 2368 2031 2406 sum
2083 2353 2136 2405 in
2181 2369 2239 2407 eo
2276 2354 2365 2423 qui
2410 2354 2787 2424 meconfortat
2820 2356 2897 2423 ";
2942 2356 2996 2410 bi
3024 2370 3241 2428 quoque
3260 2356 3468 2428 angelis

1921 2458 2077 2511 pares
2107 2458 2229 2498 cum
2256 2445 2399 2509 sint,
2418 2445 2737 2500 benedicant
2760 2446 2831 2501 ei.
2857 2446 3024 2502 Nemo
3052 2455 3232 2503 autem
3255 2463 3467 2513 eorum,

1919 2535 2010 2603 qui
2042 2536 2265 2590 verbum
2299 2538 2419 2607 ejus
2447 2538 2923 2608 transgrediuntur
2950 2554 3015 2595 ac
3040 2540 3175 2598 voci
3204 2540 3323 2610 ejus
3361 2556 3479 2601 non.

1921 2626 2321 2697 obtemperant,
2346 2636 2549 2685 temere
2576 2629 2680 2683 hoc
2702 2642 2859 2698 agere
2886 2640 3197 2699 praesumat.

1996 2801 2153 2859 Vens.
2188 2802 2277 2868 21,
2305 2801 2393 2856 22.
2434 2790 2729 2857 Benedictus
2756 2803 3001 2869 Domino,
3041 2820 3217 2860 omnes
3255 2806 3472 2864 virtutes

1918 2895 2054 2962 ejus,
2088 2895 2319 2949 ministri
2354 2894 2488 2962 ejus,
2524 2896 2615 2963 qui
2642 2896 2818 2965 facitis
2847 2884 3134 2952 voluntates
3161 2897 3292 2965 ejus.
3326 2898 3472 2965 Quo.

1920 2986 2065 3038 niam
2103 2984 2425 3041 adversariae
2447 3000 2664 3057 quoque
2694 2986 2920 3043 virtutes
2955 2996 3109 3053 sunt,
3151 2988 3275 3045 ideo
3299 2987 3470 3043 David

1920 3076 2229 3132 necessario
2278 3075 2410 3131 illud
2440 3078 2649 3147 adjicit,
2705 3078 2934 3133 ministri
2976 3080 3110 3147 ejus,
3152 3081 3241 3150 qui
3293 3079 3469 3149 facitis

1922 3165 2210 3219 voluntates
2241 3164 2396 3233 ejus:
2426 3163 2710 3237 declarans
2751 3179 2889 3234 quas
2937 3173 2991 3220 et
3018 3166 3327 3234 cujusmodi
3363 3167 3474 3219 vir-

263 3268 412 3331 τίνας
435 3266 679 3337 βούλεται
700 3264 791 3318 καὶ
817 3262 1003 3326 ὁποίας
1020 3260 1274 3331 δυνάμεις
1294 3260 1530 3325 εὐλογεῖν
1555 3256 1646 3311 τὸν
1666 3255 1818 3309 Θεόν’
1847 3275 1891 3335 α
1924 3265 1968 3309 tt‘

1763 3255 1818 3309 ἐν’
1847 3275 1891 3335 α
1924 3263 2079 3311 totes
2110 3254 2218 3310 Deo
2254 3254 2575 3317 benedicere
2623 3255 2752 3309 velit
2785 3274 2801 3309 :
2831 3271 2940 3310 non
3014 3270 3205 3312 omnes
3250 3256 3468 3327 quippe,

267 3361 345 3413 ὅτι
380 3344 452 3430 μη
482 3359 680 3421 πάσας,
717 3344 849 3427 μηδὲ
894 3354 992 3418 τὰς
1039 3352 1301 3417 ἐναντίας,
1328 3349 1464 3406 ἀλλὰ
1519 3349 1675 3420 μόνος
1721 3348 1817 3412 τὰς

266 3449 420 3516 ἀξίας
464 3451 566 3512 τὰς
616 3450 673 3501 ὲν
713 3447 987 3517 διαφόροις
1012 3444 1193 3509 τάξεσι
1215 3442 1625 3513 λειτουργούσας
1655 3438 1817 3509 αὐτῷ,

224 3543 379 3613 ,ἢτοι
412 3541 669 3601 ποιούσας
694 3537 856 3591 αὐτοῦ
886 3538 945 3591 τὸ
984 3532 1210 3604 θέλημα.
1244 3534 1556 3603 Δειτουργοὶ
1581 3533 1688 3603 γάρ
1718 3534 1820 3585 εἰσι

265 3630 395 3683 Θεοῦ
417 3630 669 3697 δυνάμεις
690 3622 1048 3693 ὐπερητοῦσαι
1069 3621 1217 3691 αὐτῷ
1236 3623 1314 3684 εἰς
1334 3622 1369 3675 ἃ.
1391 3622 1632 3691 βούλεται
1655 3627 1822 3681 ποιεῖν

266 3720 330 3771 δι’
357 3717 534 3771 αὐτῶν
552 3717 649 3789 ’ἐπ’
677 3713 963 3785 εὐεργεσίᾳ
994 3714 1086 3765 καὶ
1110 3711 1344 3783 ὠφελείᾳ
1373 3713 1599 3774 παντός·
1626 3712 1706 3765 διὸ
1731 3712 1823 3764 καὶ

268 3811 437 3864 ποιεῖν
476 3808 545 3861 τά
588 3806 864 3879 θελήματα
890 3805 1053 3860 αὐτοῦ
1086 3805 1348 3876 εἴρηνται.
1372 3804 1687 3880 Εὑλογεῖτε
1718 3803 1825 3857 τὸν

270 3903 501 3970 Κύριον,
531 3899 723 3954 πάντα
743 3898 813 3952 τὰ
844 3897 984 3966 ἔργα
1008 3896 1294 3959 αὐτοῦ,ὲν
1324 3896 1501 3949 παντὶ
1522 3880 1687 3960 ’τόπῳ
1718 3895 1825 3962 τῆς

267 3993 617 4055 δεσποτείας
639 3991 842 4044 αὑτοῦ.
872 3987 1201 4057 Εὐλότειηή
1232 3986 1399 4055 ψυχή
1424 4002 1563 4053 μου,
1592 3987 1696 4039 τὸν
1713 3987 1825 4040 Κύ-

260 4083 496 4150 ριον.Ἡ
527 4082 625 4150 τῆς
658 4079 974 4141 ἀκολουθίας
1016 4078 1221 4131 διάνοια
1266 4075 1451 4131 τοῦτον
1493 4074 1665 4127 ἔοικεν
1696 4076 1825 4129 ὐπο-

270 4170 482 4223 δάλλειν
520 4169 609 4222 τὸν
655 4167 777 4221 νοῦν
797 4184 809 4195 ·
842 4167 904 4219 El
937 4164 1036 4237 μὲν
1061 4162 1302 4231 ἀγγέλων
1334 4159 1419 4233 ἦν,
1451 4163 1601 4233 φησὶ,
1646 4163 1821 4232 μόνον,

270 4261 363 4315 καὶ
404 4260 563 4317 θείων
610 4258 889 4326 δυνάμεων
924 4256 1019 4309 καὶ
1049 4254 1309 4329 οὐρανίων
1339 4254 1665 4324 λειτουργῶν
1690 4253 1821 4307 Θεοῦ
1851 4252 1856 4259 ’

270 4352 332 4405 τδ
357 4351 595 4419 εὐλογεῖν
622 4348 803 4411 αὐτὸν,
837 4346 1013 4409 καλῶς
1030 4346 1095 4400 ἂν
1119 4343 1280 4415 εἶχες,
1304 4338 1349 4398 ὧ
1378 4344 1541 4415 ψυχὴ,
1568 4344 1825 4399 ὑποστέλ-

270 4444 454 4505 λεσθαι
488 4441 703 4513 ἑαυτὴν,
722 4442 834 4503 τοῖς
863 4439 1129 4509 κρείττοσι
1152 4435 1548 4508 παραχωροῦσα
1564 4436 1659 4505 τὴν
1680 4431 1825 4488 ἐύλο⁴

273 4535 424 4605 ⁴τίαν·
460 4533 642 4603 ἐπειδὴ
665 4532 721 4585 δὲ
746 4533 774 4585 ὁ
807 4529 947 4592 θεῖος
971 4528 1125 4597 λόγος
1154 4529 1289 4582 πᾶσι
1314 4529 1425 4589 τοῖς
1458 4526 1636 4597 ἔργοις
1661 4524 1822 4578 αὐτοῦ

1927 3362 2102 3416 neque
2132 3345 2506 3414 adversaries;
2541 3346 2638 3402 sed
2662 3346 2835 3401 solum
2868 3360 2963 3401 eas
2984 3360 3105 3415 qum
3126 3346 3300 3417 dignae
3320 3356 3469 3407 sunt,

1922 3446 1975 3494 et
1999 3435 2472 3493 variisordinibus
2498 3436 2602 3505 ipsi
2631 3435 2959 3499 ministrant,
2990 3435 3104 3490 sive
3124 3450 3243 3507 quae
3268 3436 3473 3492 faciunt

1922 3530 2257 3584 voluntatem
2299 3526 2440 3597 ejus.
2484 3525 2619 3583 Nam
2663 3526 2902 3583 ministri
2941 3526 3035 3581 Del
3083 3536 3211 3582 sunt
3244 3529 3475 3584 virtutes

1924 3620 2026 3689 ipsi
2058 3620 2125 3677 ad
2167 3619 2417 3690 quaelibet
2444 3634 2671 3673 munera
2712 3633 2811 3687 pro
2854 3618 3117 3673 beneﬂcio
3144 3624 3199 3673 et
3243 3618 3475 3674 utilitate

1924 3710 2165 3766 universi
2199 3710 2572 3783 ministrantes
2603 3726 2615 3762 :
2643 3724 2811 3779 quare
2836 3708 3285 3779 voluntatesejus
3316 3724 3475 3764 οπεος

1924 3800 2015 3872 qui
2050 3800 2326 3855 dicuntur.
2353 3799 2648 3857 Benedicite
2681 3799 2929 3865 Domino,
2951 3800 3129 3853 omnia
3157 3813 3311 3868 opera
3337 3799 3476 3868 ejus,

1925 3895 1977 3947 in
1998 3894 2141 3949 omni
2164 3893 2277 3945 loco
2308 3890 2685 3946 dominationis
2713 3889 2847 3957 ejus.
2872 3888 3115 3956 Benedic,
3138 3889 3316 3943 anima
3335 3906 3473 3955 mea,

1926 3984 2171 4039 Domino.
2203 3979 2327 4035 Haec
2356 3978 2519 4034 seriei
2542 3991 2693 4032 mens
2716 3984 2768 4031 et
2797 3977 3063 4031 sententia
3088 3977 3300 4033 videtur
3316 3994 3472 4033 esse:

1932 4074 1989 4128 Si
2016 4072 2353 4143 angelorum,
2382 4064 2580 4138 inquit,
2622 4066 2984 4131 solummodo,
3023 4067 3329 4137 divinarum
3364 4068 3478 4125 virs

1927 4174 2124 4227 tutum,
2148 4162 2560 4229 cmlestiumque
2592 4156 2687 4213 Dei
2716 4156 3089 4212 ministrorum
3122 4156 3353 4211 oﬂicium
3385 4172 3477 4211 es~

1927 4262 2009 4310 set
2032 4255 2136 4325 ipsi
2164 4252 2504 4316 benedicere,
2542 4260 2689 4305 recte
2716 4263 2922 4319 posses,
2953 4262 2986 4302 ο
3023 4248 3222 4309 anima,
3258 4256 3309 4301 te
3338 4262 3473 4301 con-

1926 4346 2119 4406 tinere,
2144 4358 2207 4398 ac
2234 4350 2288 4397 te
2310 4340 2623 4397 melioribus
2643 4336 3072 4395 benedictionem
3098 4336 3319 4401 cedere;
3344 4336 3472 4403 quia

1926 4449 2055 4490 vero
2096 4434 2314 4489 divinus
2347 4446 2527 4487 sermo
2546 4429 2769 4501 cunctis
2793 4427 2926 4495 ejus
2942 4426 3197 4495 operibus
3225 4426 3471 4495 praecipit

1928 4536 1989 4583 ut
2020 4526 2250 4581 Domino
2283 4523 2649 4589 benedicanL;
2673 4536 2771 4593 par
2795 4528 2873 4574 est
2903 4503 3047 4571 enim
3077 4530 3290 4570 omnem
3320 4532 3477 4577 crea-

272 4602 512 4696 εὐλογεϊν
531 4626 620 4678 τὸν
632 4602 847 4695 Κύριον
860 4621 1180 4694 προστάττει
1199 4638 1212 4650 ·
1240 4621 1503 4691 προσήκει
1526 4618 1629 4689 γὰρ
1646 4620 1823 4671 πᾶσαν
1852 4638 1900 4693 θ
1928 4627 1977 4672 tu

1767 4633 1823 4669 ιν
1852 4638 1900 4693 θ
1928 4627 2104 4672 turam
2153 4630 2255 4686 pro
2302 4602 2577 4678 facultate,
2628 4614 3015 4679 congruentem
3058 4604 3167 4659 Deo
3214 4606 3472 4688 hymnum

272 4717 371 4791 τὴν
412 4717 586 4771 κτίσιν
633 4715 771 4769 κατὰ
814 4713 918 4785 τὴν
956 4714 1121 4783 αὐτῆς
1162 4712 1385 4781 δύναμιν
1415 4710 1505 4762 τὸν
1550 4710 1823 4779 πρέποντα

254 4808 443 4893 ,ὕμνον
462 4806 770 4884 ἀποδιδόναι
795 4804 873 4874 τῷ
902 4802 1048 4873 Θεῷ-
1084 4803 1135 4893 τλί
1167 4801 1397 4893 μέλλεις,
1420 4794 1464 4851 ὧ
1486 4799 1664 4893 ψυχης
1693 4802 1825 4893 Οὐχὶ.

277 4898 371 4953 καὶ
396 4898 553 4968 αὐτὴ,
586 4896 681 4950 ἀτε
730 4893 898 4961 ἔργον.
932 4893 1031 4944 οὐκ
1076 4888 1538 4959 εὐκαταφρόνητον
1571 4883 1701 4939 οὖσα
1732 4888 1824 4941 τοῦ

277 4990 436 5056 Θεοῦ,
461 4989 595 5043 ἀλλὰ
623 4986 741 5041 κατ’
769 4983 946 5039 εἰκόνα
968 4979 1160 5034 ἑαυτοῦ
1194 4979 1551 5048 πεποιημένη,
1572 4977 1824 5049 ἀνεγείρῃ

280 5080 507 5151 σεαυτὴν
552 5081 643 5132 ἐπὶ
685 5079 784 5150 τὴν
827 5073 1099 5142 θεολογίαν
1134 5069 1227 5124 καὶ
1258 5069 1623 5137 εὐλογίαν.σοοῦ
1652 5070 1822 5133 Θεοῦ;

290 5170 507 5239 Ἐπειδὴ
536 5171 569 5239 ἡ
594 5167 873 5222 δεσποτεία
899 5164 1081 5228 αὐτοῦ,
1115 5166 1252 5218 κατὰ
1276 5160 1336 5214 τὸ
1358 5160 1660 5231 εἰρημένον,
1693 5163 1827 5214 πάν-

278 5278 383 5315 των
402 5257 670 5321 δεσπόζει,
699 5257 983 5326 οὐρανίων,
1000 5255 1269 5319 ἐπιγείων,
1298 5250 1679 5319 καταχθονίων,
1697 5252 1826 5303 ἀκοη

279 5349 482 5411 λούθως
522 5345 696 5399 πάντα
721 5345 789 5397 τά
815 5343 947 5415 ἔργα
977 5342 1161 5406 αὐτοῦ,
1194 5342 1267 5405 ὼς
1286 5339 1363 5411 ’ἂν
1398 5339 1501 5393 ὐπὸ
1535 5338 1633 5408 τὴν
1663 5338 1826 5394 αὐτοῦ

279 5434 588 5495 δεσποτείαν
610 5434 757 5497 ὄντα,
778 5432 849 5485 τὰ
889 5432 1172 5503 σύμπαντα
1198 5430 1324 5500 γὰρ,
1355 5429 1505 5499 φησὶ,
1534 5426 1693 5481 δοῦλα
1738 5428 1825 5490 σά,

279 5531 355 5594 ὡς
387 5510 682 5596 ποιήματα,
711 5522 992 5591 εὐλογείτω
1040 5524 1217 5577 αὐτόν.
1247 5524 1375 5587 Καὶ,
1402 5521 1515 5584 πῶς
1555 5518 1829 5586 εὐλογοῦσι

282 5619 354 5674 τὰ
375 5618 540 5685 ἄλογα
570 5616 663 5668 καί
690 5616 757 5669 τὰ
780 5614 995 5683 uti/uxr,
1040 5614 1127 5676 Ὠς
1147 5614 1373 5683 οὐρανοὶ.
1400 5612 1706 5684 διηγοῦνται
1747 5610 1829 5662 δό-

288 5710 385 5777 ξαν
421 5708 553 5772 Θεοῦ
573 5705 831 5774 ,πάντως
858 5706 978 5759 ἀντὶ
1011 5705 1193 5774 φωνῆς
1227 5704 1479 5776 χρώμενα
1510 5706 1585 5777 τξίμ
1604 5703 1721 5775 ὕψει
1751 5702 1829 5768 εἰς

360 5885 411 5919 ⁸⁵·
440 5885 572 5946 Luc.
608 5901 696 5953 xv,
732 5884 782 5940 7.
858 5883 900 5917 "
938 5882 1167 5957 Philipp.
1204 5899 1275 5947 tv,
1313 5885 1397 5937 13.

1926 4706 2191 4768 emittere,
2222 4703 2352 4773 quid
2386 4701 2682 4775 cunctaris,
2704 4712 2737 4752 o
2768 4697 2998 4751 animai-
3021 4694 3272 4766 Nunquid
3312 4702 3474 4750 etiam

1929 4800 2067 4865 ipsa,
2094 4790 2285 4862 utpote
2309 4806 2445 4860 opus
2469 4788 2561 4843 Dei
2588 4803 2699 4843 non.
2726 4786 3111 4857 spernendum,
3144 4786 3239 4841 sed
3253 4786 3319 4839 ad
3340 4787 3475 4840 ima-

1931 4889 2108 4960 ginem
2141 4875 2273 4955 ε]υέ
2292 4883 2515 4945 factum,
2548 4881 2888 4950 temetipsam
2929 4882 3133 4936 excitas
3167 4879 3233 4931 ad
3262 4878 3477 4934 divinas

1928 4978 2115 5033 laudes
2136 4982 2189 5029 et
2222 4975 2289 5027 ad
2321 4971 2746 5027 benedicendum
2772 4969 2915 5025 Deo?
2940 4968 3203 5034 Quoniam
3234 4967 3477 5021 domina-

1928 5070 2003 5121 tio
2032 5068 2173 5135 ejus,
2216 5072 2290 5117 ιιι
2306 5062 2510 5117 dictum
2542 5070 2648 5125 est,
2681 5044 2932 5116 omnibus
2975 5060 3200 5127 imperat
3240 5056 3476 5135 caelesti-

1932 5128 2077 5221 bus;
2104 5156 2453 5212 terrestribus
2499 5163 2555 5209 et
2598 5153 2857 5219 infernis;
2904 5152 3027 5204 ideo
3081 5149 3261 5202 omnia
3311 5128 3476 5217 opera

1928 5253 2067 5321 ejus,
2112 5256 2298 5318 utpote
2322 5248 2493 5317 ipsius
2526 5242 2879 5305 dominationi
2916 5236 3151 5303 subdita,
3182 5236 3282 5305 ipsi
3314 5237 3476 5291 bene-

1928 5345 2131 5399 dicant.
2162 5338 2297 5393 Nam
2318 5338 2520 5402 omnia,
2558 5335 2752 5403 inquit,
2785 5331 2879 5385 tibi
2908 5328 3333 5409 subdita,utpote
3357 5327 3475 5393 opi-

1933 5433 2055 5486 licia
2080 5428 2547 5494 tua,benedicere
2572 5424 2670 5499 tibi
2699 5422 2911 5477 debent.
2944 5418 3010 5471 Et
3031 5416 3299 5489 quomodo
3319 5415 3476 5470 bene-

1929 5519 2534 5578 dicanLirrationabilia
2561 5522 2615 5571 et
2646 5512 2982 5569 inanimato?
3019 5512 3138 5577 Quo
3167 5506 3324 5563 modo
3349 5507 3483 5561 celi

1929 5623 2185 5670 enarrant
2209 5612 2439 5683 gloriam
2465 5608 2580 5672 Dei,
2619 5606 2709 5676 qui
2739 5598 2870 5660 sane
2913 5607 3204 5658 consoectu
3241 5614 3340 5654 suo
3373 5613 3489 5654 ceu.

1932 5723 2083 5773 voce,
2132 5704 2199 5761 ad
2236 5700 2593 5760 exhibendam
2619 5698 2715 5755 Dei
2746 5696 2999 5755 virtutem
3042 5700 3268 5749 utuntur
3296 5710 3309 5746 :
3337 5690 3503 5750 unda--
