4318 6420
839 469 969 523 1271

1539 460 1805 520 EUSEBII
1839 459 2307 520 CESARIENSIS
2337 456 2484 517 OPP.
2522 459 2697 517 PARS
2734 461 2822 518 ill.
2858 493 2933 549 -ν
2965 460 3369 519 EXEGETICA.

3871 458 4009 519 i272

836 599 935 653 ego
956 582 1210 637 laudandi
1240 584 1576 636 occasionem
1617 581 1847 653 accipio,
1875 588 1931 639 et
1964 579 2033 635 ad
2060 578 2368 636 Creatorem
2395 585 2443 643 Α
2468 578 2539 649 ἐμ

2305 596 2368 633 ξω
2395 585 2443 643 Α
2468 578 2701 649 ἔμφασιν
2732 580 2827 649 τῆς
2857 579 3001 643 θείας
3031 581 3336 651 δυνάμεως·
3372 579 3499 651 παρ’
3527 569 3609 633 ὦνε
3624 578 3732 649 ἐγὼ
3754 568 4010 650 λαμῦἀνω

834 672 1213 728 celebrandum
1248 685 1531 742 provocor.
1574 669 1641 723 Et
1678 671 1813 728 alias
1855 671 2029 727 solent
2058 670 2371 745 plerumque

836 764 1107 833 prophetae
1126 764 1288 818 etiam
1315 762 1736 818 irrationabilem
1760 770 2008 817 naturam
2039 762 2106 817 ad
2128 761 2223 818 Dei
2256 762 2371 817 lau—

837 854 933 908 des
990 853 1286 910 ell‘erendas
1333 868 1629 917 assumere,
1684 854 1842 923 quasi
1885 853 2221 909 rationabilis
2262 868 2371 908 non

836 943 1083 1011 sumciat,
1122 944 1198 998 uti
1228 958 1411 998 revera
1437 945 1589 1013 pueri
1626 945 1680 998 in
1723 945 1935 1000 camino
1964 945 2226 1002 fecerunt.
2258 945 2373 999 Cae—

837 1033 1007 1090 terum
1039 1036 1292 1097 omnibus
1322 1037 1377 1090 in
1407 1036 1541 1092 locis
1577 1053 1770 1093 canere
1796 1036 1994 1092 Iudicis
2038 1053 2144 1091 non
2179 1051 2375 1091 conve-

834 1129 934 1185 nit.
982 1125 1061 1181 llli
1105 1127 1300 1196 quippe
1348 1128 1413 1181 ab
1449 1128 1515 1184 iis
1541 1130 1632 1198 qui
1684 1144 1741 1184 se
1778 1128 1833 1181 in
1884 1128 2245 1199 captivitatem
2280 1127 2374 1181 ab-

836 1217 1228 1282 duxerant,in
1270 1216 1541 1289 Babylone
1590 1234 1656 1273 ex
1699 1218 1931 1277 canticis
1985 1216 2114 1271 Sion
2157 1224 2375 1272 cantare

833 1305 996 1374 jussi,
1030 1307 1302 1371 dixerunt,
1351 1306 1647 1376 etquidem
1682 1306 1978 1362 secundum
2006 1308 2174 1377 legem
2216 1321 2376 1375 agen—

836 1384 1255 1459 tes:Quomodo
1311 1398 1532 1449 cantabo
1583 1397 1845 1450 canticum
1870 1396 2080 1450 Domini
2125 1397 2179 1449 in
2237 1404 2376 1449 terra

837 1484 1009 1538 aliena
1027 1487 1068 1518 ³³
1091 1488 1113 1539 ?
1139 1485 1305 1542 Nobis
1330 1498 1505 1542 autem
1565 1488 1779 1544 divinus
1813 1490 2101 1558 Apostolus
2137 1487 2376 1557 praecipit

838 1579 898 1626 ut
941 1574 995 1627 in
1046 1576 1189 1630 omni
1248 1578 1367 1631 loco
1416 1586 1634 1632 orantes
1688 1579 1959 1633 elevemus
2004 1588 2218 1657 sanctas
2261 1592 2377 1631 ma-

838 1678 943 1720 nus
985 1665 1048 1720 ⁸⁸.
1102 1666 1337 1737 ldipsum
1404 1668 1665 1724 Dominus
1718 1667 1967 1727 Christus
2028 1669 2378 1725 Samaritana

840 1745 996 1817 dixit,
1022 1753 1254 1809 iocalem
1302 1756 1671 1811 adorationem
1698 1757 1765 1812 de
1793 1758 1969 1812 medio
2011 1758 2227 1819 tollens,
2264 1758 2381 1810 cul-

838 1849 1060 1912 tumque
1078 1844 1279 1899 docens
1301 1845 1353 1898 in
1380 1844 1583 1916 Spiritu
1611 1856 1663 1901 ct
1687 1847 1910 1905 veritate
1929 1846 2287 1902 exhibendum
2306 1847 2374 1901 -³³.

1367 1954 1683 2013 PSALMUS
1718 1957 1847 2015 Clll.

915 2041 1081 2098 Vnus.
1133 2044 1185 2109 1,
1233 2045 1291 2100 2.
1332 2045 1571 2111 Benedic,
1628 2050 1824 2111 anima,
1881 2047 2417 2105 Domino:Domine'

826 2125 979 2185 'Deus
1018 2148 1181 2196 meus,
1226 2137 1588 2205 magniﬁcatus
1631 2154 1683 2191 es
1722 2139 2033 2192 vehementer
2056 2140 2381 2207 :eonfessio-

837 2237 955 2276 nem
986 2232 1034 2276 et
1068 2223 1301 2277 decorem
1329 2225 1570 2290 induisti,
1596 2229 1818 2280 amictus
1860 2228 2051 2283 lumine
2074 2229 2207 2282 sicut
2233 2230 2384 2283 vesti-

839 2321 1029 2367 mento.
1056 2314 1103 2367 A
1132 2321 1504 2369 creaturarum
1536 2318 1929 2385 magnitudine,
1962 2318 2299 2389 providentia
2330 2327 2383 2376 et

837 2403 1101 2457 varietate
1135 2402 1361 2457 docetur
1410 2404 1590 2458 anima
1630 2406 1861 2475 gaudere
1908 2423 1973 2463 ac
2009 2407 2257 2464 ﬁduciam
2298 2426 2385 2465 su-

838 2507 1025 2548 mere:
1058 2492 1134 2546 ita
1166 2501 1226 2547 ut
1262 2494 1318 2549 in
1348 2510 1417 2551 eo
1456 2496 1738 2566 glorietur,
1770 2512 1834 2552 ac
1862 2492 2145 2554 Dominum
2187 2499 2384 2556 Deum-

841 2596 949 2651 que
974 2596 1129 2636 suum
1158 2598 1409 2655 magnum
1440 2594 1712 2642 tantarum
1737 2604 1916 2644 rerum
1941 2590 2186 2665 opiﬁcem
2214 2590 2385 2647 ascri-

838 2671 955 2738 bat,
992 2690 1226 2745 eumque
1275 2678 1378 2731 sibi
1426 2680 1706 2749 proprium
1748 2681 2001 2751 pradicet
2036 2697 2163 2737 cum
2190 2682 2413 2737 aﬁ‘ectu‘

841 2764 1051 2835 dicens,
1087 2766 1306 2822 Domine
1335 2768 1477 2824 Deus
1520 2774 1684 2830 meus.
1726 2770 2114 2841 Confessionem
2145 2782 2195 2827 et
2233 2773 2385 2827 deco-

842 2871 952 2909 rem
980 2855 1218 2922 induisti,
1236 2860 1458 2914 amictus
1481 2861 1673 2915 lumine
1691 2862 1825 2915 sicut
1847 2863 2170 2917 vestimento.
2193 2860 2388 2927 Quem-

843 2944 1132 3002 admodum
1163 2949 1211 3003 is
1242 2952 1335 3020 qui
1376 2952 1616 3006 sensibili
1652 2952 1974 3008 vestimento
2004 2950 2267 3017 induitur,
2286 2969 2386 3008 un-

843 3037 1009 3109 dique
1050 3043 1282 3111 tegitur;
1314 3043 1393 3097 sic
1440 3045 1582 3112 quod
1630 3041 1726 3098 Dei
1757 3043 1938 3099 lumen
1990 3044 2248 3103 sustineri
2289 3058 2387 3098 ne-

842 3138 1026 3198 queat,
1064 3131 1656 3201 incomprehensibilem
1696 3148 1817 3190 esse
1857 3135 2002 3190 illius
2031 3135 2383 3191 substantiam

2468 670 2560 723 τοῦ
2594 671 2776 740 ὑμνεῖν
2820 672 2917 735 τὰς
2967 672 3237 742 ἀφορμὰς,
3269 672 3361 725 καὶ
3406 670 3655 742 κινοῦμαι
3684 670 3819 742 πρὸς
3847 673 4013 741 εὐφη.

2472 762 2599 832 μίαν
2632 761 2723 814 τοῦ
2758 762 3276 827 κτίσαντος.”Δλλως
3298 779 3356 814 τε
3383 760 3630 815 εἰώθασιν
3659 762 3709 813 οἱ
3744 762 4012 832 προφῆται

2469 854 2562 907 καὶ
2604 853 2700 925 τὴν
2732 854 2921 923 ἄλογον
2959 854 3117 923 φύσιν
3163 854 3416 917 πολλάκις
3459 854 3896 925 παραλαμϐάνειν
3934 856 4015 918 εἰς

2470 944 2739 1014 εὐφημίαν
2767 944 2859 997 τοῦ
2894 943 3048 1009 Θεοῦ,
3073 944 3146 1009 ὡς
3174 944 3270 998 οὐκ
3301 944 3620 1016 ἀποχρώσης
3642 946 3739 1015 τῆς
3775 945 4011 1015 λογικῆς,

2471 1035 2717 1105 καθάπερ
2746 1035 2933 1105 ἀμέλει
2970 1036 3061 1107 καὶ
3101 1036 3150 1087 οἱ
3195 1035 3378 1098 παῖδες
3413 1037 3469 1089 ὲν
3507 1039 3574 1108 τῇ
3607 1037 3835 1107 καμίνῳ.
3870 1037 4015 1109 Πλὴν

2471 1128 2531 1180 τὸ
2558 1129 2616 1181 ὲν
2649 1128 2807 1179 παντὶ
2825 1128 2974 1196 τόπῳ
2998 1126 3139 1197 ᾄδειν
3175 1126 3272 1195 οὐχ
3304 1124 3555 1196 ἁρμόττει
3582 1128 3690 1189 τοῖς
3728 1126 4010 1190 Ἰουδαίοις.

2487 1219 2706 1271 Ἐκεῖνοι
2739 1216 2861 1288 γὰρ.
2898 1218 3003 1271 ὑπὸ
3031 1216 3136 1270 τῶν
3188 1217 3680 1289 ἀνδραωδισάντων
3704 1213 3833 1289 ᾆσαι
3855 1234 4017 1290 προσ-

2473 1306 2755 1377 ταχθέντες
2800 1308 2863 1360 ὲκ
2899 1306 3003 1360 τῶν
3042 1307 3190 1377 ᾠδῶν
3233 1307 3367 1362 Σιὼν
3393 1309 3450 1359 ὲν
3476 1306 3766 1370 Βαὸυλῶνι,
3796 1308 4014 1376 ἔφασαν,

2472 1399 2689 1468 ἔννομον
2724 1396 2987 1469 δρῶντεςο
3020 1399 3150 1464 Πῶς
3188 1397 3402 1467 ᾄσομαι
3446 1398 3560 1466 τὴν
3605 1397 3765 1465 ᾠδὴν
3801 1400 4018 1468 Κυρίου

2472 1492 2567 1545 ἐπὶ
2584 1488 3057 1560 ,γῆς,ἁλλοτρίας.
3075 1492 3233 1561 Ἡμῖν
3254 1490 3309 1543 δὲ
3329 1491 3359 1542 ὁ
3389 1490 3529 1552 θεῖος
3546 1490 3859 1554 Ἀπόστολος
3882 1509 4023 1565 παρυ-

2475 1583 2647 1651 εγγυᾷ
2672 1583 2731 1633 ὲν
2771 1582 2931 1634 παντὶ
2970 1583 3117 1651 τόπῳ
3160 1580 3609 1652 προσευχομένοις
3640 1582 3818 1652 αἴρειν.
3846 1583 4021 1645 ὁσίους

2476 1675 2678 1755 χεῖρας.
2711 1673 2876 1745 Τοῦτο
2905 1674 2996 1726 καὶ
3026 1674 3054 1725 ὁ
3092 1674 3351 1743 δεσπότης
3378 1672 3609 1745 Χριστὸς
3638 1673 3772 1743 πρὸς
3800 1674 3897 1744 τὴν
3927 1673 4026 1727 Σα-

2480 1763 2722 1832 μαρεῖτιν
2749 1761 2870 1831 ἔφη,
2894 1763 2991 1831 τὴν
3023 1762 3244 1832 τοπικὴν
3273 1761 3505 1832 ἀναιρῶν
3538 1760 4024 1833 προσκύνησιν,τὴν

2410 1906 2453 1960 Β
2476 1851 2531 1903 δὲ
2562 1852 2620 1904 ἐν
2636 1851 2907 1922 Πνεύματι
2936 1852 3023 1905 καὶ
3053 1851 3553 1923 ἀληθείαίδιδάσκων
3581 1852 3854 1921 λατρείαν.

3032 1963 3319 2030 “mox
3344 1963 3441 2015 PI"

2552 2059 2818 2124 Ε’ὺζιόγει,
2850 2055 2887 2122 ἡ
2935 2057 3101 2125 ψυχή
3141 2075 3280 2126 μου,
3323 2056 3432 2110 τὸν
3477 2059 3731 2121 Κύριον·
3781 2059 3954 2127 Κύριε
3993 2061 4031 2114 δ

2484 2152 2626 2213 Θεός
2654 2165 2770 2216 μου
2790 2186 2805 2209 ,
2830 2148 3228 2216 ἐμεταλύνθης
3279 2149 3543 2219 σφόδρα·
3599 2150 4029 2219 ἐξομολόγησιν

2481 2239 2577 2294 καὶ
2622 2236 2977 2304 εὐπρέπειαν
3017 2238 3279 2291 ἐνεδύσω
3304 2277 3318 2304 ,
3372 2240 3855 2306 ἀναϐαλλόμενος
3904 2237 4029 2307 φῶς

2479 2329 2561 2394 ὠς
2606 2326 2849 2396 ἱμάτιον.
2898 2324 2994 2377 Διά
3026 2326 3121 2394 τῆς
3143 2326 3251 2378 τῶν
3275 2330 3583 2397 κτισμάτων
3632 2328 4028 2399 μεγαλουργίας

2481 2421 2573 2473 καὶ
2603 2419 2854 2490 προνοίας
2898 2420 2991 2471 καὶ
3038 2418 3403 2489 ποικιλότητος
3433 2420 3640 2490 χαίρειν
3677 2419 3741 2490 δὴ
3767 2420 3825 2472 ὲν
3852 2418 4029 2489 ταύτῷ

2482 2510 2577 2564 καὶ
2600 2511 2796 2582 θάρσος
2820 2509 3212 2579 ἀναλαμϐάνειν
3240 2509 3542 2563 διδάσκεται
3567 2512 3599 2581 ἡ
3628 2509 3791 2581 ψυχὴ,
3822 2508 3910 2563 διὰ
3935 2507 4035 2563 τοῦ.

2485 2599 2855 2670 σεμνύνεσθαι,
2881 2602 2973 2654 καὶ
3002 2601 3200 2672 Κύριον
3230 2602 3425 2673 ἑαυτῆς
3452 2602 3545 2657 καὶ
3561 2601 3692 2655 Θεὸν
3711 2602 3818 2655 τῶν
3839 2601 4031 2655 τοσού-

2482 2709 2589 2744 των
2610 2692 2971 2762 μεγαλουργὸν
2996 2692 3410 2765 ἐπιγράφεσθαι,
3435 2696 3527 2748 καὶ
3552 2694 3911 2748 ἰδιοποιεῖσθαι
3930 2696 4049 2755 αὖε

2481 2781 2573 2835 τὸν
2622 2785 2679 2835 ὲν
2725 2782 2801 2853 τῷ
2848 2783 3057 2851 λέγειν’
3102 2783 3155 2836 '0
3195 2784 3337 2850 Θεός
3380 2802 3518 2854 μου,
3551 2785 3685 2857 μετά
3723 2786 4031 2852 διαθέσεως,

2483 2871 2912 2941 ἐξομολόγησιν
2950 2874 3044 2925 καὶ
3092 2872 3448 2941 εὐπρέπειαν
3470 2875 3749 2941 ὲνεδύσω,
3774 2877 4036 2931 ἀναϐαλο-

2483 2965 2736 3034 λόμενος
2790 2962 2914 3032 φῶς
2962 2964 3042 3029 ῶς
3091 2963 3337 3033 ἱμάτιον.
3380 2965 3466 3028 Ὧς
3526 2966 3553 3017 ὀ
3606 2966 4029 3037 ἀναϐαλλόμενος

2486 3052 2734 3124 αἰσθητὸν
2780 3051 2989 3122 ἱμάτιον
3021 3050 3283 3105 πάντοθεν
3312 3053 3662 3119 καλύπτεται,
3691 3053 3831 3106 οὕτω
3864 3054 3923 3107 τὸ
3957 3054 4030 3125 μὴ

2483 3143 2733 3199 δύνασθαι
2782 3142 3018 3214 διασχεῖν
3058 3142 3120 3195 τὸ
3164 3143 3289 3215 περὶ
3320 3143 3409 3196 τὸν
3439 3142 3569 3197 Θεὸν
3597 3142 3729 3211 φῶς,
3762 3143 4030 3215 ἀκατάλη-

843 3220 1104 3303 declarat.
1143 3221 1247 3278 Sed
1273 3224 1403 3292 quid
1445 3225 1547 3287 ais,
1592 3241 1625 3280 ο
1671 3225 1877 3280 David?
1902 3224 2241 3297 Evangelista
2269 3226 2383 3280 ait:
2415 3226 2461 3287 C
2491 3250 2548 3285 πη

2333 3234 2383 3279 t:
2415 3226 2461 3287 C
2491 3250 2621 3287 mov
2646 3233 2813 3286 αὐτοῦ
2844 3233 2941 3303 τὴν
2968 3232 3158 3286 οὐσίαν
3198 3236 3541 3307 παρίστησιν.
3560 3232 3716 3287 Ἀλλά
3750 3233 3802 3286 τι
3834 3234 3954 3305 φῂς,
3985 3227 4038 3288 ὦ

829 3308 970 3381 Ἶρσε
1000 3322 1075 3366 est
1126 3313 1217 3371 tua:
1264 3330 1404 3379 vera,
1440 3332 1555 3385 quia
1597 3317 1861 3371 illuminat
1896 3333 2097 3370 omnem
2132 3317 2389 3371 hominem

843 3403 1128 3457 uenientem
1164 3404 1221 3457 in
1258 3404 1391 3458 hunc
1421 3405 1757 3473 mundum”.
1803 3404 2005 3462 Paulus
2054 3421 2185 3461 vero
2232 3405 2387 3468 dicit,

844 3493 1024 3562 ipsum
1061 3494 1233 3547 lucem
1282 3495 1586 3551 inhabitare
1634 3492 2085 3560 inaccessibilem,
2125 3504 2179 3552 et
2208 3504 2269 3551 tu
2309 3496 2391 3550 ais

845 3584 1023 3654 ipsum
1047 3585 1249 3640 lumine
1275 3585 1426 3640 indui
1453 3587 1597 3643 sicut
1620 3588 1977 3643 vestimento?
2002 3587 2200 3645 Videu‘
2219 3602 2393 3656 neque

762 3705 768 3711 -
845 3673 1185 3745 prophetam,
1218 3691 1393 3746 neque
1424 3677 1831 3747 evangelistam,
1883 3692 2058 3747 neque
2088 3678 2391 3750 apostolum

804 3806 805 3809 η
848 3778 1011 3834 posse
1036 3781 1153 3821 eam
1188 3766 1490 3823 claritatem
1534 3766 1855 3837 complecti;
1881 3768 1976 3823 sed
2007 3783 2039 3821 a
2084 3768 2393 3823 nominibus

850 3854 997 3923 apud
1034 3871 1138 3913 nos
1164 3856 1665 3926 usitatis,paulatim
1692 3856 2069 3921 ascendentes,
2105 3859 2392 3911 obscuram

849 3945 1137 4014 quamdam
1174 3946 1459 4005 ineﬂabilis
1500 3946 1648 4003 illius
1679 3946 1884 4017 gloriae
1910 3946 2275 4016 cognitionem
2314 3945 2394 3998 af-

849 4032 1032 4089 ferre?
1061 4033 1199 4101 Quia
1237 4035 1383 4090 enim
1419 4035 1669 4105 ignorant
1698 4050 1820 4105 qua:
1848 4035 1920 4089 sit
1947 4033 2039 4090 illa
2068 4032 2392 4096 substantia,

854 4140 903 4186 at
930 4125 1095 4182 rebus
1141 4127 1285 4197 apud
1338 4140 1440 4180 nos
1474 4127 1788 4197 conspicuis
1831 4139 1932 4198 pro
1953 4123 2208 4182 facultate
2248 4123 2397 4179 illam

852 4215 1140 4286 complecti
1169 4222 1453 4271 conantur.

922 4392 1089 4452 Vnus.
1137 4395 1195 4460 5,
1222 4395 1276 4451 4.
1317 4393 1615 4449 Extendens
1659 4394 1843 4449 coelum
1883 4396 2019 4450 sicut
2058 4394 2263 4463 pellem,
2296 4396 2398 4464 'qui

855 4488 977 4558 tegit
1005 4488 1154 4557 aquis
1188 4487 1458 4555 superiora
1479 4486 1591 4556 ejus
1620 4503 1637 4539 :
1665 4487 1753 4556 qui
1776 4487 1919 4556 ponit
1950 4484 2106 4540 nubes
2128 4502 2397 4541 ascensum

2487 3325 2679 3389 Δαυϊδς
2740 3326 2796 3378 '0
2842 3324 3223 3393 εὑαγγελιστής
3282 3342 3476 3395 φησιν·
3520 3327 3637 3379 Ὅτι
3683 3326 3861 3390 αὐτός
3906 3326 4037 3379 ἐστι

2487 3412 2620 3482 φῶς,
2664 3411 2967 3480 ἀληθινὸν,
3018 3410 3049 3464 ὃ
3092 3396 3316 3480 έρωτίζὲι
3361 3412 3555 3467 πάντα
3595 3414 3906 3481 ἄνθρωπον
3944 3414 4033 3482 ἐρ-

2488 3504 2743 3574 χόμενον
2772 3505 2857 3569 είς
2884 3503 2992 3557 τὸν
3022 3504 3268 3572 κόσμον.
3288 3504 3344 3556 '0
3367 3504 3422 3558 δὲ
3449 3505 3679 3569 Παῦλος,
3717 3504 3798 3558 ὃτι
3824 3503 3936 3573 φῶς
3959 3504 4035 3557 ol-

2489 3573 2599 3645 itth
2630 3592 2939 3664 ἀπρόσιτον,
2977 3592 3039 3644 σὺ
3074 3592 3487 3665 περιδεόλῆσθαι
3518 3595 3579 3647 τὸ
3608 3595 3721 3664 φῶς
3747 3593 3906 3648 αὑτὸν
3933 3573 4062 3663 φῂς,

2489 3681 2563 3744 ὡς
2596 3682 2838 3751 ίμάτιον;
2882 3682 3060 3751 Ὁρᾷς,
3093 3684 3193 3747 ὅτι,
3228 3684 3330 3737 κᾶν
3354 3686 3633 3757 προφήτης
3653 3680 3929 3759 ᾗτιςριᾶν
3947 3685 4035 3737 εὑ-

2490 3770 2829 3841 αγγελιστὴς,
2869 3769 2972 3824 κᾶν
3017 3770 3327 3835 ἀπόστολος,
3355 3773 3416 3823 οὐ
3460 3773 3676 3827 δύναται
3714 3774 4037 3846 περιδράξα-

2495 3866 2615 3918 σθαι
2646 3864 2757 3933 τῆς
2778 3863 3087 3934 σαφηνείας,
3120 3863 3233 3916 ἀλλ’
3261 3863 3368 3916 ἀπὸ
3394 3861 3499 3916 τῶν
3540 3866 3666 3934 παρ’
3690 3866 3822 3934 ἡμιν
3845 3865 4040 3935 δνομά-

2491 3972 2597 4007 των
2643 3954 3014 4016 ἀναϐαίνοντες
3056 3952 3197 4005 κατὰ
3232 3951 3425 4022 μικρὸν
3464 3951 3707 4023 ἀμυδράν
3740 3968 3860 4004 τινα

2494 4046 2709 4099 ιστῶσιν
2729 4046 2932 4099 ἔννοιαν
2967 4045 3066 4114 τῆς
3106 4042 3340 4115 ἀρρήτου
3380 4044 3535 4114 δόξης
3578 4043 3808 4114 ἐκείνης.
3826 4042 4039 4117 Ἐπειδὴ

2493 4138 2601 4208 γὰρ
2630 4136 2759 4189 αὐτὸ
2778 4136 2830 4190 τί
2856 4135 2987 4189 ποτέ
3006 4137 3127 4187 Δἐστι
3152 4134 3246 4205 τὴν
3264 4135 3447 4187 οὐσίαν
3465 4134 3563 4186 οὐκ
3592 4132 3783 4199 ἴσασιν,
3800 4133 3908 4188 ἀπὸ
3932 4134 4044 4189 τῶν

2495 4230 2764 4299 παρ’ὴμϊν
2792 4224 3055 4297 λαμπρῶν
3089 4223 3473 4309 φιλονεικοῦσιν
3498 4223 3843 4278 ἐπιλαϐέσθαι
3872 4225 4041 4297 αὐτῆς

2494 4319 2568 4381 ὡς
2595 4315 2704 4370 οἷόν
2733 4335 2812 4372 τε.

2580 4408 2882 4462 Ἐκτείνων
2906 4408 3013 4462 τὸν
3032 4408 3286 4476 οὐρανὸν
3303 4407 3443 4462 ὡσεὶ
3462 4407 3678 4475 δέῤῥιν,
3694 4409 3728 4460 ὀ
3752 4404 4041 4476 στειμίᾷδν

2498 4503 2567 4556 ἐν
2588 4500 2755 4554 ὕδατι
2776 4500 2848 4552 τὰ
2870 4498 3103 4567 ὑπερῷα
3122 4498 3326 4561 αὐτοῦ,
3347 4501 3379 4551 ὀ
3403 4497 3580 4562 τιθεὶς
3604 4494 3755 4564 νέφη
3780 4496 3895 4563 τὴν
3918 4497 4041 4550 ἐπι-

854 4595 1028 4641 suum,
1048 4578 1145 4646 qui
1172 4578 1405 4655 ambulat
1443 4595 1597 4647 super
1633 4594 1827 4647 pennas
1848 4588 2147 4632 uentorum.
2184 4576 2288 4642 Qui
2315 4576 2398 4645 fa-
2429 4577 2472 4630 D
2497 4595 2559 4647 δα

2332 4576 2398 4635 ἀ’
2429 4577 2472 4630 D
2497 4595 2672 4647 ϐασιν
2689 4591 2895 4654 αὐτοῦ,
2913 4593 2947 4644 ὀ
2976 4586 3308 4658 περιπατῶν
3332 4587 3428 4640 ἐπὶ
3458 4586 3758 4655 πτερύγων
3787 4586 4037 4657 ἀνέμων,

855 4670 926 4721 rit
973 4666 1181 4738 angelos
1228 4684 1351 4722 suos
1390 4670 1627 4735 spiritus,
1674 4678 1724 4722 et
1765 4669 2033 4722 ministros
2068 4684 2189 4722 suos
2231 4668 2399 4737 ignem
2446 4726 2451 4729 ι

856 4767 1109 4811 urentem.
1149 4755 1306 4819 Hinc,
1350 4768 1407 4812 ut
1440 4772 1537 4827 par
1575 4741 1678 4819 est,
1709 4758 1977 4826 serapliim
2015 4756 2198 4812 Graece
2230 4757 2401 4826 expli-

859 4856 1070 4913 cantur,
1100 4846 1448 4901 iucendentes
1478 4861 1542 4901 ac
1575 4847 1973 4903 comburentes.
2007 4845 2072 4902 Et
2110 4862 2212 4903 vos
2254 4863 2401 4903 sera-

859 4937 1005 5007 phim
1054 4936 1362 4992 incendium
1398 4937 1702 5005 signiﬁcare
1752 4938 2077 4992 declaratur.
2121 4938 2298 5005 Quare
2336 4938 2402 4992 de

861 5026 1100 5095 angelica
1124 5026 1322 5080 virtute
1336 5025 1535 5078 dicitur
1559 5044 1571 5078 :
1599 5026 1702 5091 Qui
1728 5026 1857 5095 facit
1884 5027 2093 5095 angelos
2114 5045 2234 5083 suos
2253 5029 2407 5098 spiri-

863 5126 968 5180 tus,
1004 5122 1057 5169 et
1089 5116 1359 5170 ministros
1394 5130 1514 5168 suos
1534 5115 1704 5184 ignem
1725 5126 1979 5171 urentem.

932 5385 1100 5442 Vnus.
1131 5387 1281 5443 545.
1324 5391 1426 5458 Qui
1456 5393 1642 5461 fundat
1669 5402 1859 5447 terram
1890 5412 2043 5463 super
2063 5397 2403 5450 stabilitatem

864 5494 1035 5539 suam,
1062 5495 1166 5533 non
1195 5480 1530 5535 inclinabitur
1556 5486 1611 5537 in
1652 5486 1903 5538 saxulum
1948 5488 2146 5541 sazculi.
2170 5489 2403 5561 Abyssus

864 5568 997 5620 sicut
1041 5570 1395 5624 uestimentum
1434 5576 1653 5629 amictus
1692 5576 1827 5644 ejus;
1856 5591 2010 5644 super
2042 5588 2251 5644 montes
2294 5564 2406 5631 sta-

866 5655 989 5711 bunt
1016 5675 1182 5729 aqua.
1215 5661 1294 5715 Ab
1322 5663 1670 5731 increpatione
1697 5676 1786 5721 tua
1825 5667 2041 5737 fugient,
2067 5686 2099 5721 a
2134 5684 2250 5722 voce
2279 5670 2405 5723 toni-

2498 4686 2531 4736 ό
2554 4680 2735 4735 ποιῶν
2746 4682 2887 4748 τοὺς
2913 4679 3204 4750 ἀγγέλους
3228 4675 3408 4731 αὐτοῦ
3432 4677 3753 4745 πνεύματα,
3778 4674 3874 4729 καὶ
3905 4676 4042 4744 τοὺς

2498 4771 2873 4841 λειτουργοὺς
2901 4770 3083 4848 αὐτοῦ
3123 4769 3241 4837 πῦρ
3264 4764 3792 4838 φλέγον.λἘντεῦθεν
3823 4767 4060 4841 εἰκότως,

2502 4863 2902 4933 ἐρμηνευὸμενα
2944 4861 3012 4916 τὰ
3052 4861 3309 4937 σεραφιμ,
3350 4861 3427 4921 εἰς
3477 4855 3571 4927 τὴν
3611 4856 3830 4912 Ἐλλάδα
3863 4857 4040 4928 φωνὴν

2504 4953 2881 5023 ἐμπιπρῶντες
2913 4952 2947 5022 ἢ
2990 4951 3299 5024 ὲμπρησταὶ
3338 4947 3674 5017 σημαίνουσι.
3705 4948 3814 5000 Καὶ
3841 4948 3920 5011 τὸ,
3954 4964 4042 5000 σε·

2505 5043 2676 5111 ραφὶμ
2719 5041 3169 5112 τὸντὲμπρησμὸν
3194 5038 3387 5109 δηλοῦν
3414 5034 3646 5103 λέγεται.
3674 5035 3764 5088 Διὸ
3788 5037 3915 5107 περὶ
3944 5024 4042 5105 τῆς

2502 5128 2789 5197 ἀγγελικῆς
2836 5128 3111 5198 δυνάμεως
3165 5126 3407 5197 εῐρηταιο
3442 5124 3495 5176 Ὁ
3534 5123 3718 5177 ποιῶν
3752 5125 4043 5193 ἀγγέλους

2507 5218 2684 5271 αὐτοῦ
2732 5210 3054 5287 πνεύματα,
3090 5215 3189 5269 λαὶ
3244 5213 3383 5277 τοὺς
3431 5212 3805 5281 λειτουργοὺς
3859 5212 4044 5267 αὐτοῦ

2504 5308 2620 5376 πῦρ
2644 5307 2883 5378 φλέγον.
2904 5337 2909 5343 -

2584 5400 2636 5451 ‘0
2657 5398 2938 5467 θεμελιῶν
2961 5396 3074 5464 τὴν
3102 5394 3215 5465 γῆν
3239 5396 3333 5447 ἐπὶ
3368 5396 3478 5463 τήν
3495 5392 3830 5462 ἀσφάλειαν
3856 5391 4042 5459 αὐτῆς

2505 5492 2575 5542 οὐ
2607 5488 2948 5553 κλιθήσεται
2975 5489 3061 5551 εὶς
3101 5485 3207 5537 τὸν
3239 5484 3419 5538 αἰῶνα
3457 5484 3561 5538 τοῦ
3602 5481 4043 5550 αἰῶνοςβΑϐυσ-

2506 5602 2614 5649 σος
2646 5585 2725 5647 ὠς
2759 5573 2983 5651 ἱμάτιον
3028 5577 3091 5632 τὸ
3137 5582 3507 5647 περιϐόλαιον
3536 5579 3737 5644 αὐτοῦ,
3787 5576 3885 5631 ἐπὶ
3929 5574 4045 5628 τῶν
4084 5576 4085 5579 “

2508 5670 2687 5737 ίζοέων
2742 5669 3065 5746 στήσονται
3110 5667 3315 5724 ὕδατα.
3332 5666 3460 5725 Ἀπὸ
3506 5663 3888 5736 ὲπιτιμήσεώς
3928 5680 4042 5718 σου

942 5809 985 5841 ⁸³
1018 5807 1154 5866 Psal.
1196 5786 1426 5881 cuxvi,
1462 5815 1511 5868 4.
1591 5818 1608 5847 ³
1674 5820 1692 5871 1
1730 5818 1862 5873 Tim.
1900 5836 1972 5885 ll,
2010 5820 2041 5875 8
2138 5822 2183 5853 "
2222 5820 2373 5876 Joan.
2410 5837 2479 5887 tv,
2515 5823 2603 5877 24.

1382 5786 1426 5881 ι,
1462 5815 1511 5868 4.
1591 5818 1608 5847 ³
1674 5820 1692 5871 ι
1730 5818 1862 5873 Tim.
1900 5836 1972 5885 ιι,
2010 5820 2041 5875 8
2138 5822 2183 5853 "
2222 5820 2373 5876 Joan.
2410 5837 2479 5887 tv,
2515 5823 2603 5877 at.
2681 5823 2723 5855 ³⁸
2763 5819 2912 5876 loan.
2951 5838 3002 5884 ι,
3038 5822 3087 5877 9.
