4318 6400
301 444 441 500 1Ξ73

1389 446 1884 503 COMMENTABIA
1919 448 1986 504 ΙΝ
2024 448 2353 507 PSALMOS.

3329 454 3464 510 ηπ

299 564 630 633 φεύξονται.
676 563 789 617 ἀπὸ
830 562 1026 632 φωνῆς
1069 561 1333 631 ,ϐροντῆς
1362 578 1478 619 σου
1510 563 1840 619 δειλιάσου-
1866 568 1911 624 Α
1941 578 2004 620 tn

1762 583 1840 618 γυ-
1866 568 1911 624 Α
1941 570 2047 621 trui
2086 570 2163 621 tui
2190 568 2559 636 formidabant.
2597 569 2886 622 Aseendunt
2929 564 3125 621 montes
3169 576 3217 621 et
3261 568 3467 624 descen-

298 671 418 709 σιν.
435 654 874 709 Ἀναϐαίνουσιν
909 656 1035 725 ὄρη,
1074 658 1169 710 καὶ
1209 656 1625 710 καταϐαίνουσι
1662 656 1834 711 πεδία

298 746 382 810 εις
418 746 603 797 τόπον
628 744 699 798 ὃν
730 747 1117 813 ἐθεμελίωσας
1157 747 1573 815 αὐτοῖς.Ὅριον
1614 748 1771 807 ἔθου,
1801 748 1832 802 ὃ

297 837 366 889 οὐ
407 830 891 903 παρελεύσονται,
932 837 1071 889 οὐδέ
1108 837 1535 905 ἐπιστρέψουσι
1569 840 1832 907 meum

294 927 407 995 τὴν
434 926 567 995 γῆν.
586 927 638 978 Ὁ
682 925 1137 989 ἐξαποστέλλων
1158 912 1362 995 πηγὰς
1406 928 1472 980 ἐν
1520 928 1828 997 φάραγξιν,

294 1018 409 1072 ἀνὰ
430 1018 621 1087 μέσον
650 1014 765 1068 τῶν
801 1015 982 1082 ὀρέων
1029 1015 1432 1070 διελεύσονται
1480 1017 1683 1071 ὕδατα.
1721 1022 1833 1071 Πο-

291 1108 485 1162 τιοῦσι
511 1106 707 1159 πάντα
728 1106 799 1159 τὰ
822 1107 993 1173 θηρία
1024 1107 1127 1161 τοῦ
1157 1108 1355 1175 ἀγροῦ,
1407 1108 1831 1175 προσδέξονται

291 1200 525 1270 eram“
563 1202 649 1263 εὶς
684 1200 869 1267 δίψαν
911 1200 1255 1257 αὐτῶν.Ἐπ⁸
1291 1203 1457 1277 αὐτὰ,
1485 1203 1555 1255 τὰ
1598 1208 1831 1256 πετεινὰ

289 1291 394 1345 τοῦ
435 1291 691 1358 οὐρανοῦ
735 1291 1201 1360 κατασκηνώσει,
1240 1292 1308 1345 ἐκ
1342 1292 1535 1361 μέσου
1578 1292 1693 1345 τῶν
1736 1309 1831 1344 πε-

288 1381 439 1449 τρῶν
496 1382 756 1467 ξώσουσι
809 1384 1033 1453 φωνήν.
1090 1382 1342 1444 Ποτίζων
1403 1382 1507 1451 ὄρη
1576 1385 1643 1436 ἐκ
1711 1382 1829 1435 τῶν

286 1470 561 1539 ὑπερῴων
603 1475 805 1528 αὐτοῦ.
841 1473 991 1527 Ἐπεὶ
1035 1474 1129 1526 καὶ
1171 1475 1466 1545 ἀρχόμενος
1517 1473 1725 1540 ἔλεγεν·
1767 1474 1828 1525 '0

284 1563 574 1632 erth
618 1566 686 1619 ἐν
731 1566 898 1619 ὕδατι
952 1566 1022 1619 τὰ
1068 1565 1304 1633 ὑπερῷα
1352 1564 1533 1617 αὐτοῦ
1559 1582 1573 1595 ·
1602 1564 1693 1617 νῦν
1727 1581 1828 1633 φη-

286 1670 369 1705 σι·
421 1654 671 1715 Ποτίζων
716 1656 831 1725 dmi
872 1659 938 1712 ἐκ
981 1656 1099 1712 τῶν
1142 1655 1417 1724 ὑπερῴων
1463 1673 1576 1709 σου
1602 1672 1614 1684 ·
1655 1658 1701 1707 εἱ
1750 1658 1827 1725 μή

282 1762 357 1815 τῳ
412 1746 561 1813 φίλον
588 1748 833 1819 λὺπερῷα
884 1749 976 1803 τοῦ
1030 1748 1163 1802 Θεοῦ
1221 1750 1296 1812 ὡς
1358 1749 1484 1818 παρ’
1518 1746 1677 1799 αὑτοῦ
1729 1764 1823 1799 πε-

281 1831 548 1907 ποιημένα
591 1838 682 1891 τὸν
725 1839 860 1910 ἀέρα
900 1842 1056 1904 νοεῖν,
1084 1842 1193 1901 τοῖς
1221 1838 1402 1907 νέφεσι
1437 1837 1824 1908 περιϐαλλόμε-

280 1942 387 1982 νον.
417 1927 628 1993 Ποτίζει
656 1930 938 2000 τοιγαροῦν
967 1934 995 1984 6
1022 1931 1151 1994 Θεὸς
1176 1930 1243 1983 τὰ
1268 1929 1368 2001 ὅρη
1396 1930 1489 1983 καὶ
1519 1930 1587 1983 τὰ
1617 1930 1675 1982 ὲν
1705 1930 1827 1983 τού-

279 2032 390 2079 τοις
413 2018 567 2070 πεδία
594 2019 693 2089 τήν
723 2035 782 2070 τε
811 2018 1001 2089 λοιπὴν
1035 2020 1318 2089 σύμπασαν
1341 2021 1444 2089 γῆν
1473 2019 1571 2071 οὐκ
1594 2020 1699 2072 ἀπὸ
1719 2021 1825 2073 τῶν

274 2108 303 2155 1
367 2108 485 2170 ταῖς
516 2108 750 2180 φάραγξι
773 2110 983 2180 πηγῶν,
1011 2110 1116 2163 οὐδ’
1146 2111 1249 2164 ἀπὸ
1279 2111 1385 2163 τῶν
1402 2112 1705 2181 φερομένων
1726 2128 1822 2163 κα-

285 2197 342 2251 τὰ
372 2188 477 2267 γῆς
511 2200 786 2269 ποταμῶν,
823 2200 933 2253 ἀλλ’
954 2201 1058 2254 ἀπὸ
1078 2200 1189 2253 τῶν
1208 2202 1464 2271 ὑπερῴων
1490 2202 1651 2255 αὑτοῦ
1691 2202 1850 2273 ἅνω-ς

278 2287 365 2340 θεν
383 2288 474 2357 ἀφ’
489 2288 652 2357 ὕψους
679 2292 801 2354 τοὺς
825 2285 1109 2361 αὐτάρκεις
1128 2293 1683 2369 καὶξμεμετρημένους
1708 2296 1822 2345 ἐπι·-

274 2378 522 2450 χορηγῶν
553 2380 1026 2452 ὑετούς.’Υπερ‹ῖ›α
1068 2382 1123 2435 δὲ
1172 2383 1304 2436 Θεοῦ
1346 2384 1433 2436 τὸν
1478 2384 1611 2452 ἀέρα
1648 2382 1818 2444 καλεῖ,

274 2468 521 2541 καθάπερ
572 2472 663 2524 ἐπὶ
708 2472 833 2541 μιᾶς
870 2473 1041 2535 οἰκίας
1074 2471 1166 2525 τοῦ
1214 2472 1407 2533 παντὸς
1453 2472 1818 2541 κόσμου.”ορη

276 2558 374 2627 μέν
407 2562 542 2613 εἰσιν
567 2564 617 2615 οἱ
646 2564 1070 2635 πνευματοφόροι
1100 2564 1286 2633 ἄνδρες
1308 2579 1321 2591 ’
1348 2560 1650 2624 ποτίζονται
1677 2562 1733 2615 δὲ
1756 2564 1819 2615 ὲκ

272 2646 379 2701 τῶν
412 2649 673 2720 ὑπερῴων
705 2650 867 2703 αὑτοῦ
906 2650 996 2704 τοῦ
1018 2645 1170 2713 Θεοῦ,
1202 2648 1558 2720 πληρούμενοι
1588 2650 1694 2702 τῶν
1726 2649 1816 2702 τοῦ

274 2736 583 2811 Πνεύματος
628 2742 996 2812 χαρισμάτων,
1024 2742 1181 2809 λόγου
1215 2744 1403 2811 σοφίας
1436 2741 1530 2796 καὶ
1556 2742 1662 2796 τῶν
1695 2742 1819 2812 ἑξῆς

271 2832 1019 2904 ἀπηριθμημένων.’Υπερῷα
1063 2834 1119 2886 δὲ
1170 2834 1323 2899 Θεοῦ,
1367 2835 1455 2902 ἀφ’
1488 2827 1561 2887 ὧν
1608 2833 1677 2886 τὰ
1717 2833 1816 2901 ὅρη

270 2921 498 2986 ποτίζει,
523 2924 838 2993 ἀκραιφνεῖς
870 2925 962 2978 καὶ
996 2925 1422 2995 ὑπερϐάλλουσαι
1464 2924 1681 2993 θεωρίαι
1720 2923 1817 2991 τῆς

268 3010 521 3081 ἀληθείας
548 3014 888 3083 τυγχάνουσι,
921 3013 1140 3084 ὑπερῷα
1174 3014 1516 3082 καλούμεναι,
1549 3011 1625 3080 τῷ
1655 3010 1816 3081 μηδὲν

264 3103 437 3167 αὐτὰς
482 3103 1180 3176 ὑπεραναόεΰηκέναι.ᾎπὸ
1223 3103 1449 3170 καρποῦ
1489 3101 1605 3154 τῶν
1630 3102 1816 3170 ἔργων

1936 659 2065 712 dunt
2103 661 2273 728 campi
2304 661 2357 711 in
2399 660 2565 712 locum
2591 676 2734 729 quem
2772 657 3004 727 fundasti
3029 660 3125 711 eis.
3172 660 3467 713 Terminum

1933 750 2174 816 posuisti,
2212 765 2359 816 quem
2408 765 2510 801 non
2554 748 3015 818 transgredientur,
3058 764 3216 817 neque
3260 766 3468 803 convcr-

1935 848 2107 891 tentur
2132 840 2327 905 operire
2361 847 2571 892 terram.
2602 838 2702 902 Qui
2730 839 2922 892 emittis
2946 840 3108 906 fontes
3136 840 3187 891 in
3219 840 3468 893 convalli-

1932 929 2046 991 bus,
2070 931 2203 982 inter
2232 929 2455 982 medium
2485 930 2731 981 montium
2754 931 3135 997 pertransibunt
3165 945 3329 999 aqum.
3360 930 3467 982 Po-

1934 1020 2116 1072 tabunt
2168 1037 2341 1078 omnes
2388 1020 2560 1074 bestia:
2608 1021 2741 1091 agri,
2787 1020 3148 1091 eqspectabunt
3191 1023 3371 1093 onagri
3412 1024 3466 1074 in

1930 1111 2021 1163 siti
2073 1127 2189 1164 sua.
2228 1094 2392 1177 super
2442 1127 2504 1163 ea
2565 1111 2792 1183 uolucres
2846 1112 2958 1164 cali
3004 1111 3344 1175 habitabant,
3403 1113 3467 1166 de

1929 1199 2100 1252 medio
2163 1211 2425 1266 petrarum
2501 1200 2695 1253 dabunt
2754 1217 2945 1272 vocem.
3015 1202 3205 1271 Rigans
3269 1212 3465 1255 montes

1936 1290 2000 1342 de
2054 1291 2404 1358 superioribus
2470 1293 2597 1343 suis.
2664 1291 2798 1356 Quia
2857 1292 3006 1361 prius
3060 1293 3311 1358 dixerat,
3360 1291 3466 1357 Qui

1930 1381 2053 1447 tegis
2082 1396 2216 1449 aqua
2247 1380 2514 1446 superiora
2542 1382 2650 1442 eius
2667 1395 2687 1442 ,'
2718 1381 2805 1434 hic
2835 1382 2931 1449 ait,
2962 1380 3165 1451 Rigans.
3184 1392 3375 1436 montes
3402 1383 3465 1435 de

1926 1466 2276 1532 superioribus
2329 1468 2451 1521 tuis.
2482 1465 2598 1521 Nisi
2648 1469 2801 1522 malit
2845 1472 2966 1538 quis
3022 1470 3300 1539 superiora
3346 1469 3461 1534 Dei,

1925 1558 2078 1625 quasi
2108 1558 2173 1610 ab
2199 1573 2264 1611 eo
2294 1565 2602 1611 constructa
2627 1574 2803 1613 aerem
2830 1562 3064 1616 nubibus
3094 1564 3348 1616 amictum
3384 1565 3467 1617 in-

1924 1648 2185 1716 telligere.
2220 1647 2359 1702 Deus
2398 1650 2577 1719 itaque
2609 1659 2822 1705 montes
2856 1662 2908 1705 et
2937 1668 3155 1722 campos
3176 1655 3273 1722 qui
3302 1654 3356 1707 in
3385 1645 3465 1710 eis

1925 1749 2067 1800 sunt,
2099 1748 2152 1793 et
2190 1740 2494 1793 universam
2529 1740 2788 1809 reliquam
2823 1752 3016 1795 terram
3060 1744 3215 1811 rigat,
3260 1758 3367 1796 non
3399 1759 3465 1797 ex

1927 1830 2166 1883 fontibus
2196 1830 2536 1892 convallium,
2577 1846 2749 1899 neque
2786 1847 2850 1885 ex
2882 1832 3190 1886 ﬂuminibus
3224 1848 3341 1902 quae
3370 1848 3465 1903 per

1926 1931 2121 1976 terram
2170 1921 2431 1984 deﬂuunt,
2462 1922 2554 1976 sed
2588 1922 2655 1976 de
2709 1924 3076 1990 superioribus
3110 1925 3222 1979 suis
3256 1926 3465 1994 pluvias

1924 2028 1988 2065 ex
2026 2012 2135 2065 alto
2176 2010 2499 2066 subicientes
2554 2027 2618 2064 ac
2666 2013 2970 2069 moderatas
3023 2015 3460 2071 subministrans.

1925 2104 2216 2172 Superiora
2248 2112 2423 2157 autem
2462 2101 2555 2155 Dei
2589 2112 2745 2157 vocat
2778 2118 2977 2167 aerem,
3009 2104 3073 2157 de
3108 2112 3220 2159 toto
3261 2108 3465 2158 mundo

1920 2192 2077 2260 quasi
2104 2190 2170 2244 de
2197 2190 2355 2244 domo
2381 2189 2611 2259 quadam
2638 2192 2799 2246 verba
2840 2192 3063 2247 faciens.
3097 2192 3305 2246 Montes
3345 2192 3465 2264 qui-

1921 2286 2040 2340 dem
2080 2296 2209 2340 sunt
2252 2284 2561 2354 spirituales
2608 2284 2712 2337 viri
2747 2303 2760 2339 :
2789 2284 2843 2337 hi
2872 2291 3048 2336 autem
3079 2282 3371 2351 irrigantur
3399 2284 3465 2337 de

1919 2378 2292 2448 superioribus
2338 2376 2510 2445 ipsius
2559 2374 2673 2439 Dei,
2728 2374 2960 2444 Spiritus
2996 2374 3166 2428 sancti
3194 2374 3350 2427 donis
3379 2388 3463 2426 re~

1918 2467 2068 2539 pleti,
2097 2468 2346 2524 videlicet
2393 2481 2643 2522 sermone
2683 2467 2976 2535 sapientiae,
3026 2465 3337 2533 exterisque
3377 2478 3462 2516 reo

1918 2562 2161 2617 censitis.
2204 2559 2491 2629 Superiora
2521 2573 2648 2613 vero
2676 2556 2789 2618 Dei,
2824 2557 2889 2609 de
2926 2556 3122 2624 quibus
3158 2566 3364 2610 montes
3390 2555 3463 2607 ir-

1916 2653 2076 2723 rigat,
2135 2661 2261 2708 sunt
2306 2650 2562 2707 sublimes
2604 2663 2667 2701 ac
2711 2647 2919 2701 eximia:
2950 2646 3191 2699 veritatis
3222 2653 3463 2698 contem-

1916 2728 2199 2811 piationes,
2226 2755 2346 2810 quae
2380 2738 2657 2807 superiora
2690 2742 2973 2797 vocantur;
3003 2732 3147 2802 quod
3177 2732 3311 2785 nihil
3340 2732 3462 2787 illas

1916 2828 2280 2883 transcendat.
2334 2827 2409 2880 De
2466 2827 2639 2894 {ructu
2679 2840 2889 2892 operum
2931 2834 3136 2876 tuorum
3181 2820 3463 2876 satiabitur

1916 2928 2074 2973 terra.
2132 2919 2250 2985 ipse
2293 2931 2526 2984 namque
2571 2915 2725 2978 dixit,
2779 2912 3039 2967 Germinet
3071 2922 3211 2966 terra
3245 2910 3459 2963 herbam

1913 3009 2017 3077 feni
2048 3018 2094 3063 et
2122 3008 2314 3077 lignum
2344 3007 2672 3076 fructiferum
2694 3005 2889 3075 faciens
2921 3004 3149 3073 fructum
3167 3004 3231 3065 ⁸⁷,
3261 3011 3313 3056 et
3338 3003 3461 3056 reli-
3537 3064 3550 3087 '

1912 3115 2037 3170 qua.
2076 3098 2152 3151 Ex
2185 3097 2313 3152 Jcsu
2347 3098 2601 3168 operibus
2624 3112 2721 3165 per
2746 3094 3098 3149 (economiam
3126 3092 3306 3158 editis,
3341 3108 3459 3162 qua:

268 3209 383 3248 σου
432 3193 901 3262 χορτασθήσεται
936 3194 973 3261 ἡ
1009 3192 1106 3263 τῆ.
1138 3192 1306 3255 Αὐτὸς
1332 3193 1439 3263 γὰρ
1471 3189 1589 3245 εἷπε
1608 3208 1621 3221 ·
1663 3194 1814 3244 Βλα-
1839 3217 1881 3274 ε
1915 3207 1973 3244 ml

1751 3208 1881 3274 a-C
1915 3190 2096 3244 multis
2146 3189 2416 3251 fructibus
2479 3188 2748 3242 instructa
2799 3196 2946 3250 sunt,
3009 3186 3260 3241 universa
3312 3193 3456 3240 terra

268 3282 543 3349 στησάτω
569 3284 606 3351 ἠ
633 3280 706 3351 γῆ
724 3274 992 3350 ,ϐοτάνην
1015 3282 1249 3351 χόρτου,
1267 3281 1364 3336 καὶ
1392 3283 1579 3347 ξύλον
1608 3280 1811 3349 κάρπι-

262 3390 380 3441 μον
405 3373 616 3427 ποιοῦν
634 3373 879 3440 καρπὸν,
897 3374 989 3427 καὶ
1011 3373 1077 3427 τὰ
1096 3374 1240 3445 ἑξῆς.
1256 3374 1348 3427 Ἐκ
1366 3372 1470 3426 τῶν
1486 3372 1654 3445 Ἰησοῦ
1677 3373 1813 3426 κατὰ

266 3462 363 3534 τὴν
392 3463 693 3533 οἰκονομίαν
716 3464 1088 3533 ἑργων,πολὺν
1120 3464 1328 3535 καρπὸν
1351 3465 1599 3534 ἑχόντων,
1630 3464 1813 3518 ἅπασα
1845 3458 1851 3465 ’

266 3556 299 3625 ἡ
325 3556 396 3625 γῆ
426 3556 761 3626 χορτάζεται,
784 3550 1261 3628 μεταλαμϐάνουσα
1284 3555 1391 3607 τῶν
1418 3555 1557 3607 οῦτω
1584 3555 1813 3623 παραδό-

268 3644 370 3708 ξως
399 3644 501 3701 ὑπὸ
525 3644 711 3718 Ἰησοῦ,
727 3647 1101 3718 γεγενημένων
1118 3663 1134 3677 ·
1167 3639 1319 3710 οὗτος
1345 3645 1452 3717 γὰρ
1475 3646 1681 3715 καρπὸς
1705 3646 1812 3699 τῶν

264 3734 439 3804 εργων
463 3733 624 3787 αὑτοῦ
644 3736 915 3806 τυγχάνει.
935 3738 1043 3789 Καὶ
1068 3737 1096 3790 6
1120 3736 1274 3806 λόγος
1303 3737 1360 3790 δὲ
1388 3738 1417 3789 6
1443 3736 1567 3806 περὶ
1595 3735 1702 3789 τῶν
1726 3735 1814 3807 έρ-

1916 3281 2163 3342 satiatur,
2195 3280 2464 3349 particeps
2492 3292 2679 3332 eorum
2718 3291 2894 3346 quam
2923 3276 3049 3332 Jesu
3079 3277 3212 3331 adeo
3239 3275 3458 3328 mirabi-

1914 3372 2037 3425 liter
2073 3377 2373 3439 perpetrata
2428 3375 2552 3421 sunt
2586 3385 2599 3419 :
2632 3366 2720 3420 hic
2776 3366 2917 3421 enim
2978 3365 3188 3419 fructus
3236 3380 3456 3434 operum

1913 3462 2029 3529 ejus
2050 3468 2153 3515 est.
2183 3457 2247 3511 Et
2272 3458 2485 3527 quidem
2507 3473 2685 3511 sermo
2707 3457 2780 3510 'de
2803 3456 3057 3525 operibus
3082 3456 3373 3510 creationis
3402 3462 3457 3508 et

1912 3549 2258 3620 providentia:
2310 3548 2504 3617 ipsius,
2534 3562 2630 3601 ceu
2689 3545 2896 3600 fructus
2947 3560 3167 3613 operum
3200 3544 3294 3598 Dei
3335 3560 3456 3599 esse

1912 3640 2236 3713 intellectus,
2297 3644 2496 3691 terram
2556 3636 2805 3700 satiabit;
2867 3648 3056 3703 nempe
3096 3633 3353 3691 homines
3400 3634 3455 3687 in

1915 3741 2056 3785 terra
2085 3736 2380 3784 versantes.

264 3840 372 3892 γων
397 3825 492 3896 τῆς
521 3825 875 3898 δημιουργίας
896 3830 987 3881 καὶ
1017 3828 1263 3899 προνοίας
1294 3825 1454 3882 αὑτοῦ
1507 3826 1736 3897 νοηθεὶς,
1770 3820 1856 3879 οἷα
1908 3821 2131 3893 καρπὸς
2162 3820 2333 3889 ἔργων
2379 3818 2510 3871 Θεοῦ
2552 3818 2850 3887 τυγχάνων,
2886 3818 3133 3887 χορτάσει
3172 3814 3265 3876 τὴν
3306 3814 3412 3879 ’γῆν
3435 3830 3449 3845 ⁸
3522 3898 3525 3899 ν

264 3919 406 3987 φημὶ
426 3917 489 3989 δὴ
512 3919 635 3982 τοὺς
664 3920 756 3973 ἐπὶ
782 3921 879 3990 τῆς
907 3921 1009 3991 γῆς
1034 3920 1397 3993 διατρίΰοντας
1424 3919 1755 3991 ἀνθρώπους.

363 4035 406 4084 Ο
426 4032 838 4095 ἐξανατέλλων
850 4034 1062 4101 χόρτον
1073 4034 1194 4099 τοῖς
1214 4020 1593 4103 κτήνεσι,καὶ
1613 4037 1803 4105 χλόην

260 4120 335 4188 τῇ
358 4120 600 4187 δουλείᾳ
623 4118 740 4173 τῶν
775 4122 1112 4189 ἀνθρώπων,
1141 4125 1247 4179 τοῦ
1289 4124 1597 4195 ἆξαγαγτῖν
1631 4126 1811 4201 ἄρτον

260 4214 327 4269 ἐκ
344 4211 452 4278 τῆς
468 4209 598 4279 γῆς·
618 4210 718 4263 καὶ
732 4207 893 4275 οῒνος
901 4215 1201 4281 εὐφραίνει
1214 4216 1461 4283 καρδίαν
1476 4217 1804 4286 ἀνθρώπου,

260 4305 354 4359 καὶ
388 4304 455 4357 τὰ
484 4302 626 4373 ἑξῆς.
660 4299 845 4370 Εἶπεν,
875 4304 955 4356 ὅτι
997 4306 1104 4358 ἀπὸ
1138 4305 1229 4359 τοῦ
1263 4306 1416 4359 ὑετοῦ
1449 4309 1638 4362 κτᾶται
1671 4309 1805 4381 πλη-

1978 4026 2143 4081 Vens.
2190 4023 2278 4087 Μ,
2329 4023 2414 4093 15.
2460 4015 2755 4083 Producens
2778 4021 2952 4088 fenum
2972 4020 3223 4083 jumentis
3257 4030 3303 4071 et
3329 4019 3449 4073 her-

1907 4119 2023 4173 bam
2049 4116 2283 4171 serrituti
2323 4114 2608 4176 hominum,
2653 4123 2709 4164 ut
2753 4111 2941 4165 educas
2976 4124 3156 4176 panem
3184 4109 3249 4161 de
3278 4120 3447 4175 terra;

1902 4221 1951 4265 et
1977 4212 2150 4264 vinum
2184 4207 2418 4268 taztiﬁcat
2452 4221 2540 4258 cor
2563 4206 2805 4266 hominis,
2837 4212 2888 4257 et
2915 4207 3125 4255 caetera.
3161 4200 3247 4254 Ait
3276 4216 3305 4255 a
3333 4203 3450 4271 plu-

1902 4303 1987 4358 via
2021 4301 2317 4358 satietatem
2359 4309 2514 4353 terra:
2544 4295 2740 4366 parari,
2771 4294 2880 4348 Deo
2914 4307 3081 4361 aquas
3110 4308 3175 4347 ex
3204 4293 3339 4345 mari
3363 4309 3449 4348 re—

262 4394 459 4466 σμονὴν
486 4394 520 4464 ὴ
546 4393 637 4465 γῆ,
657 4392 749 4446 τοῦ
774 4392 907 4448 Θεοῦ
933 4395 1288 4468 ἐργαζομένου
1316 4398 1412 4470 τὴν
1443 4402 1506 4454 ὲκ
1536 4400 1802 4471 θαλάσσης
1834 4464 1865 4471 ᾳ
1902 4394 1967 4449 du

1738 4420 1802 4471 ης
1834 4464 1865 4471 ᾳ
1902 4394 2151 4449 ducente.
2181 4389 2381 4445 Deinde
2410 4388 2611 4442 indicat
2650 4386 2930 4440 utilitatem
2966 4384 3090 4437 hinc
3117 4398 3443 4452 promanan-

258 4464 366 4537 τῶν
394 4464 924 4555 ὑδάτωνωαγωγήν.
957 4478 1087 4538 Εἶτα
1236 4464 1480 4543 ἐντεῦθεν
1497 4464 1802 4545 ὑποδείκνυξ-
1834 4464 1874 4518 D
1902 4495 1963 4539 ιθ]

1738 4464 1802 4545 ﬁt.
1834 4464 1874 4518 Ῐ)
1902 4495 2031 4549 tem,
2055 4484 2180 4554 quia
2217 4495 2475 4552 aquarum
2518 4476 2827 4545 irrigatione
2857 4474 3204 4544 impinguata,
3234 4475 3443 4528 cunctis

261 4590 345 4626 σιν
371 4574 649 4641 ὠφέλειαν,
674 4575 765 4627 ὅτι
806 4574 1084 4629 πιανθείσα
1114 4578 1177 4629 ὲκ
1206 4579 1305 4649 τῆς
1331 4580 1436 4632 τῶν
1476 4582 1679 4634 ὑδάτων
1709 4600 1798 4652 χο-

262 4665 457 4733 ρηγίας
502 4667 535 4735 ὴ
587 4668 678 4735 γῆν
704 4663 1033 4730 ἐξανατέλλει
1061 4668 1172 4730 τοῖς
1198 4670 1289 4722 ἀπ’
1318 4671 1481 4740 αὐτῆς
1509 4672 1676 4725 ἅπασι
1705 4673 1799 4735 τὰς

259 4754 594 4823 προσφόρους
621 4756 825 4825 τροφάς
843 4773 856 4787 ο
894 4756 1157 4827 ἀνθρώπῳ
1191 4761 1287 4828 μὲν
1314 4762 1518 4828 εὐγενεῖ
1540 4761 1679 4831 ζώῳ,
1708 4765 1801 4815 καὶ

258 4841 363 4895 ὑπὸ
385 4841 476 4894 τοῦ
506 4842 637 4895 Θεοῦ
660 4848 1017 4923 τετιμημένῳ,
1044 4846 1314 4919 ἐξαίρετον
1354 4851 1449 4903 καὶ
1488 4852 1799 4924 ἀφωρισμέ-

257 4949 353 5001 νην
394 4933 613 5002 τροφὴν,
649 4934 945 5004 ἄρτον,.καὶ
974 4934 1112 4990 οἶνον
1144 4940 1237 4991 καὶ
1264 4942 1437 4995 ἔλαιον
1456 4956 1467 4969 ·
1499 4941 1659 5010 ἄρτον
1701 4946 1795 5012 μὲν

257 5023 350 5074 ἐπὶ
391 5022 467 5092 τῷ
514 5023 855 5093 στηρίζεσθαι
899 5030 990 5081 καὶ
1032 5029 1389 5100 δυναμοῦσθαι
1421 5032 1515 5102 τὴν
1551 5034 1793 5104 καρδίαν,

254 5107 394 5165 οἶνον
435 5114 491 5165 δὲ
523 5114 614 5166 ἐπὶ
652 5114 733 5183 τῷ
761 5120 1239 5190 κατευφραίνεσθαι
1270 5122 1367 5193 τὴν
1390 5122 1581 5193 ψυχὴν,
1624 5124 1795 5179 ἔλαιον

254 5202 309 5256 δὲ
335 5205 426 5257 ἐπὶ
445 5206 523 5277 τῷ
545 5207 923 5277 φαιδρύνεσθαι
947 5214 1009 5265 τὸ
1034 5213 1208 5285 σῶμα,
1228 5216 1319 5283 καὶ
1341 5215 1697 5269 ἁπαλύνεσθαι
1720 5219 1799 5271 θε-

257 5296 620 5366 ραπευόμενον
658 5302 721 5351 ὲκ
745 5301 841 5369 τῆς
866 5304 1122 5358 ἐπιπόνου
1158 5306 1581 5377 σκληραγωγίας·
1612 5307 1793 5374 Οὕτως

252 5381 399 5451 αὐτῷ
427 5383 679 5442 πλουσίαν
722 5392 815 5443 καὶ
857 5393 919 5444 ὲκ
962 5395 1214 5449 πλειόνων
1256 5396 1523 5468 τράπεζαν
1553 5397 1631 5458 εἰς
1661 5398 1791 5451 ἀπό-

253 5474 439 5526 λαυσιν
459 5469 544 5527 οἷα
571 5480 749 5551 πατὴρ
772 5470 805 5533 6
832 5481 959 5545 Θεὸς
989 5486 1309 5557 ἐδωρήσατο.
1342 5485 1413 5537 Οὐ
1443 5485 1544 5555 μὴν
1577 5485 1665 5536 καὶ
1693 5487 1791 5555 τῆς

252 5564 359 5617 τῶν
390 5565 587 5621 λοιπῶν
625 5570 773 5633 ζώων
799 5576 1242 5648 κατωλιγώρησεν
1274 5576 1602 5647 ἐπιμελείας·
1636 5594 1791 5648 φρον-

253 5657 410 5722 τίζων
449 5660 505 5711 δὲ
549 5663 640 5713 καὶ
681 5664 778 5732 τῆς
817 5665 1015 5717 τούτων
1057 5669 1311 5740 διαμονῆς
1333 5670 1428 5739 τὴν
1455 5667 1789 5739 ἁρμόζουσαν

344 5814 362 5843 ⁷
401 5810 529 5867 Gcn.
567 5814 733 5879 ι,11.

1903 4576 2093 4631 incolis
2116 4576 2226 4631 suis
2238 4577 2616 4641 congruentem
2633 4568 2810 4621 cibum
2826 4565 3025 4635 profert
3039 4586 3065 4632 .;
3088 4566 3289 4619 homini
3315 4582 3384 4633 qu
3397 4572 3439 4617 i-

1900 4667 2016 4720 dem
2048 4660 2464 4725 nobilianimali,
2488 4668 2540 4712 et
2560 4658 2697 4727 apud
2725 4656 2889 4711 Deum
2923 4658 2976 4711 in
3002 4658 3203 4711 honore
3236 4658 3438 4720 habito,

1901 4757 2155 4810 eximium
2184 4770 2245 4810 ac
2271 4753 2523 4808 selectum
2553 4750 2753 4811 cibum,
2776 4763 2988 4818 panem,
3009 4749 3212 4809 vinum,
3244 4755 3295 4800 ct
3327 4750 3439 4801 ole-

1897 4863 2007 4913 um;
2039 4861 2227 4915 panem
2255 4843 2467 4913 quidem
2497 4855 2603 4911 quo
2630 4843 2728 4894 cor
2757 4839 3008 4893 fulciatur
3049 4849 3100 4893 et
3131 4838 3434 4901 roboretur,

1848 4926 1853 4931 ’
1890 4940 2070 4992 vinum
2100 4951 2205 5006 quo
2234 4935 2410 4988 anima
2438 4934 2754 4997 lactiﬂcetur,
2780 4934 2954 4987 oleum
2995 4945 3101 5000 quo
3124 4944 3320 4997 corpus
3346 4923 3439 4983 er.-

1893 5030 2152 5082 hilarctur
2196 5037 2355 5096 atque
2382 5042 2412 5080 a
2464 5026 2732 5081 laboriosa
2765 5024 3141 5093 defatigatione
3195 5032 3430 5074 curetur.

1893 5120 1976 5174 Sic:
2031 5128 2205 5173 autem
2236 5120 2309 5172 illi
2346 5119 2577 5189 opimam
2617 5126 2669 5173 et
2689 5116 3175 5170 variisinstructam
3198 5127 3433 5165 mensam

1892 5209 1958 5263 ad
1989 5225 2146 5263 usum
2176 5224 2273 5264 ceu
2304 5217 2451 5279 pater
2474 5208 2699 5280 paravit,
2727 5207 2888 5261 Deus.
2921 5202 3101 5272 Neque
3125 5212 3298 5259 tamen
3327 5220 3430 5257 ('33-

1894 5313 2131 5356 terorum
2163 5303 2477 5356 animalium
2509 5316 2693 5355 curam
2728 5300 2990 5368 neglexit;
3025 5300 3113 5354 sed
3148 5298 3214 5353 de
3247 5310 3429 5351 eorum
3482 5341 3489 5347 .

1892 5408 2103 5464 quoque
2133 5395 2536 5450 conservatione
2578 5394 2857 5458 sollicitus,
2895 5400 3272 5462 congruentem
3300 5389 3430 5457 ipsis

1891 5500 2068 5540 escam
2128 5486 2576 5548 subministravit,
2637 5484 2815 5538 fenum
2873 5485 3086 5553 quidem
3134 5480 3423 5550 iumentis,

1892 5576 2133 5631 servituti
2167 5588 2342 5634 autem
2386 5576 2681 5640 hominum,
2724 5576 2941 5629 herbam
2973 5572 3291 5643 producens.
3324 5573 3427 5622 Ac-

1889 5669 2225 5725 curatissime
2256 5684 2383 5725 vero
2408 5668 2662 5743 propheta
2699 5659 3005 5722 animalium
3031 5664 3421 5720 distinctionum
