4318 6404
780 469 921 527 1275

1444 464 1705 524 EUSEBH
1739 466 2210 551 CESARIENSIS
2242 466 2391 524 OPP.
2426 465 2604 523 PARS
2642 465 2729 523 Ill.
2766 496 2839 515 -ν
2873 465 3272 523 EXEGETICA.

3830 464 3966 521 1276

778 581 938 645 fecit;
971 580 1224 667 iumenta
1274 581 1489 654 quidem
1522 584 1820 654 generatim
1850 586 2127 654 appellans
2165 599 2322 640 omne
2348 593 2394 649 Α
2422 603 2483 638 κα

2261 600 2322 640 ne
2348 593 2394 649 Α
2422 585 2513 638 καὶ
2545 586 2750 647 τούτοις
2777 585 3032 655 ἀπένειμε
3060 584 3265 655 τροφήν
3284 599 3297 611 ·
3333 581 3523 654 χόρτον
3564 582 3658 653 μὲν
3696 586 3807 644 τοῖς
3833 584 3966 653 κτή-

780 670 978 729 animal
1027 674 1188 727 herba
1233 690 1485 741 vescens;
1527 676 1838 731 servitutem
1870 692 1996 732 vero
2024 677 2319 743 hominum,

758 772 1059 818 mansueta
1088 770 1139 817 et
1169 762 1564 833 quodammodo
1610 765 1785 819 civilia
1824 766 2078 820 animalia
2119 767 2183 820 ad
2226 767 2322 822 bo-

780 854 984 909 minum
1011 870 1167 909 usum
1198 855 1467 923 deputata,
1489 870 1717 925 quorum
1747 856 1849 909 alia
1879 857 2092 925 quidem
2124 865 2320 911 terram

782 953 937 1000 arant
994 945 1305 1015 hominique
1356 960 1511 1015 opem
1554 946 1752 1013 ferunt,
1799 954 1857 1001 ut
1905 948 2037 1012 hos;
2070 948 2171 1000 alia
2230 964 2322 1017 ge-

781 1044 925 1091 stant
973 1051 1157 1099 onera,
1188 1044 1247 1090 ut
1292 1036 1509 1101 asinus;
1539 1037 1643 1091 alia
1677 1037 1891 1092 demum
1934 1036 2079 1091 aliud
2110 1037 2323 1091 mortali

778 1128 961 1198 generi
1006 1126 1362 1181 ministerium
1404 1135 1661 1197 praestant
1691 1146 1704 1181 :
1733 1118 2107 1198 quaspraprie
2148 1135 2322 1197 etop—

776 1224 1009 1287 portune
1050 1217 1249 1273 servitu
1277 1233 1359 1273 em
1392 1208 1670 1273 hominum
1714 1219 1942 1281 vocavit,
1972 1218 2169 1288 quibus
2196 1218 2320 1273 her-

775 1306 898 1362 bam
927 1307 1105 1361 datam
1128 1323 1248 1363 esse
1285 1309 1381 1373 ait,
1418 1309 1621 1365 scilicet
1651 1309 1720 1363 ab
1748 1309 2055 1363 hominibus
2086 1309 2321 1364 semina-

773 1400 885 1445 tam
910 1402 963 1446 et
989 1394 1222 1459 cultam;
1253 1394 1462 1453 caeteris
1491 1410 1619 1449 vero
1640 1395 1905 1463 jumentis
1923 1407 2115 1467 sponte
2136 1404 2319 1452 natum

776 1481 988 1537 fenum.
1020 1480 1253 1538 Possunt
1280 1494 1469 1541 autem.
1492 1495 1716 1558 utraque
1756 1488 1938 1550 simul,
1977 1488 2140 1542 herba
2172 1486 2320 1541 vide-

775 1575 903 1629 licet
953 1584 1005 1630 et
1027 1574 1227 1639 fenum,
1273 1585 1325 1631 et
1365 1576 1625 1646 jumeutis
1658 1588 1713 1635 et
1755 1580 1998 1634 servituti
2041 1580 2316 1633 hominum

776 1664 901 1719 data
932 1662 1121 1720 fulsse.
1142 1665 1323 1735 Neque
1354 1666 1510 1723 feras.
1543 1668 1631 1722 hic
1678 1686 1851 1737 neque
1877 1670 2087 1740 reptilia
2117 1685 2321 1724 memo—

774 1754 936 1817 tavit,
965 1755 1089 1824 quia
1146 1756 1258 1810 haec
1297 1757 1402 1811 alio
1452 1765 1678 1811 utuntur
1705 1761 1859 1824 cibo;
1892 1761 1994 1812 alia
2027 1759 2171 1812 enim
2200 1773 2319 1811 car.

774 1843 969 1899 nivora
995 1855 1153 1913 sunt;
1187 1847 1394 1917 reptilia
1416 1856 1593 1903 autem
1624 1850 1738 1918 ipsa
1770 1859 1910 1902 terra
1936 1856 2246 1903 vescuntur.

2422 694 2557 742 νεσι,
2578 680 2644 747 τῇ
2671 676 2727 729 δὲ
2754 676 2960 746 δουλείᾳ
2982 674 3088 729 τῶν
3104 674 3402 745 ἀνθρώπων
3424 674 3583 745 χλόην
3610 673 3966 739 ὲξανατείλας.

2422 769 2631 838 Σφόδρα
2671 760 2728 820 δὲ
2776 760 3017 836 ἀκριϐῶς
3045 768 3072 818 6
3103 767 3385 837 προφήτης
3428 765 3525 837 τὴν
3560 764 3666 817 τῶν
3695 762 3844 828 ζώων
3875 781 3972 816 περ

2422 860 2637 929 ποίηται
2665 858 2925 929 διαίρεσιν
2945 859 3155 927 ’,κτήνη
3180 858 3276 927 μὲν
3297 855 3526 926 γενικῶς
3550 857 3656 908 πᾶν
3674 848 3734 907 τὸ
3762 854 3971 924 ποηφά-

2420 967 2515 1013 γον
2546 949 2699 1013 ζῶον,
2716 948 2951 1005 δουλείαν
2967 947 3029 1000 δὲ
3051 946 3348 1018 ἀνθρώπων
3374 947 3442 1001 τὰ
3466 947 3572 1017 ῆμε
3582 962 3646 1016 ρα
3669 946 3761 997 καὶ
3786 942 3971 1013 ὥσπερ

2422 1038 2670 1093 πολιτικά
2698 1038 2809 1102 ζῶα
2851 1038 2917 1091 τὰ
2950 1040 3029 1101 είς
3076 1038 3375 1109 ὑπηρεσίαν
3421 1036 3719 1109 ἀνθρώπων
3765 1034 3970 1108 ἀφωρι-

2423 1130 2610 1201 σμένα,
2639 1122 2712 1182 ὧν
2742 1129 2815 1182 τὰ
2841 1130 2935 1201 μὲν
2963 1131 3086 1196 ἀροῖ
3112 1128 3207 1199 τὴν
3237 1130 3336 1198 γῆν
3368 1127 3725 1199 συνεργοῦντα
3769 1122 3975 1195 ἀνθρώ-

2422 1236 2528 1289 πῳ,
2559 1219 2633 1282 ὡς
2668 1218 2792 1289 βοῦς
2810 1236 2826 1252 ο
2857 1217 2924 1271 τὰ
2951 1218 3008 1273 δὲ
3040 1216 3347 1287 ἀχθοφορεῖ,
3374 1217 3447 1280 ὡς
3468 1217 3585 1277 ὄνος
3602 1232 3616 1245 ·
3638 1213 3707 1266 τά
3730 1212 3788 1265 δὲ
3810 1211 3975 1281 ἀλλην

2418 1307 2538 1364 τινά
2558 1308 2750 1378 χρῆσιν
2772 1305 2851 1377 τῷ
2869 1304 3045 1376 θνητῷ
3066 1306 3211 1373 γένει
3238 1305 3532 1376 παρέχεται
3550 1318 3563 1332 ·
3594 1300 3859 1363 ἀοίκείως
3882 1302 3974 1354 καὶ

2419 1400 2708 1471 προσφυῶς
2756 1398 2991 1459 δουλείαν
3050 1394 3348 1468 ἀνθρώπων
3396 1392 3670 1461 ὠνόμασεν
3693 1431 3706 1455 ,
3743 1384 3837 1454 of;
3878 1382 4009 1459 τὴν

2420 1490 2579 1560 χλόην
2630 1488 2868 1543 δεδόσθαι
2911 1488 3076 1559 φησὶ,
3110 1486 3355 1540 τουτέστι
3400 1483 3495 1554 τὴν
3546 1484 3633 1539 ὑπ’
3678 1479 3974 1551 ἀνθρώπων

2424 1583 2721 1650 σπαρεῖσαν
2753 1581 2845 1634 καὶ
2873 1578 3279 1651 γεωργηθεῖσαν
3299 1592 3311 1606 ⁸
3343 1576 3454 1645 τοῖς
3483 1572 3539 1625 δὲ
3566 1572 3741 1633 ἄλλοις
3783 1571 3973 1638 κτήνε-

2422 1688 2492 1733 σι,
2528 1672 2618 1723 τὸν
2646 1671 2959 1742 αὐτομάτως
2994 1669 3302 1741 βλαστῶντα
3334 1666 3542 1737 χόρτον.
3561 1664 3785 1716 Δύναται
3807 1662 3862 1713 δὲ
3884 1660 3975 1741 καὶ

2419 1760 2701 1831 ἀμφότερα
2726 1762 2759 1831 ἦ
2784 1778 2841 1813 τε
2872 1760 2997 1831 χλόη
3030 1762 3123 1813 καὶ
3148 1763 3175 1814 ὁ
3207 1761 3415 1831 χόρτος,
3438 1753 3573 1822 ὁμοῦ
3598 1754 3825 1814 καὶτοῖς
3853 1752 3976 1819 κτή-

2421 1868 2535 1903 νεσι
2568 1840 2663 1905 καὶ
2694 1854 2759 1922 τῇ
2786 1850 2995 1921 δουλείᾳ
3018 1850 3121 1902 τῶν
3150 1844 3729 1919 ἀνθρώπωνδεδόσθαι,
3756 1841 3890 1895 Οῦτε
3920 1842 3977 1893 δὲ

777 1938 979 2008 Θηρίων
1006 1943 1062 1994 ὲν
1084 1941 1309 2005 τούτοις,
1335 1942 1455 1995 οὔτε
1488 1944 1727 2014 ἑρπετῶν
1759 1945 2147 2014 ἐμνημόνευσε,
2176 1943 2261 1996 διά
2280 1944 2338 1997 τὸ
2365 1944 2524 2017 ἑτέρᾳ
2556 1946 2847 2018 κεχρῆσθαι
2875 1945 3041 2001 ταῦτα
3070 1947 3272 2015 τροφῇ·
3307 1942 3373 1996 τὰ
3408 1942 3636 2014 μὲννγάρ
3677 1942 3792 1993 ἐστι
3844 1954 3975 2007 σαρ-

776 2027 1000 2100 κοόόρα·
1033 2030 1099 2083 τὰ
1130 2031 1191 2085 δὲ
1223 2033 1439 2103 ἑρπετὰ,
1472 2035 1609 2105 αὐτῇ
1642 2038 1705 2105 τῇ
1734 2038 1801 2105 γῇ
1832 2034 2089 2105 κέχρηται
2126 2036 2298 2105 τροφῇ

846 2139 1225 2198 Animadverte
1269 2160 1427 2214 porro
1477 2162 1777 2203 sermonem
1810 2149 1952 2201 hunc
2002 2149 2324 2204 circuitione
2354 2154 2396 2208 Β

775 2232 873 2296 uti,
906 2246 967 2285 ac
994 2233 1365 2289 manifestiora
1390 2238 1605 2306 quidem
1632 2239 1820 2293 leviter
1847 2247 2089 2309 tangere,
2112 2240 2181 2295 iis
2202 2254 2329 2294 vero

774 2322 1025 2379 lnsistere
1082 2325 1279 2395 quibus
1328 2326 1483 2381 multi
1522 2328 1924 2393 contradicunt,
1954 2345 2129 2398 neque
2162 2330 2331 2383 absti-

772 2427 905 2493 nere
950 2414 1017 2467 ab
1049 2412 1530 2478 irrationabilibus,
1556 2434 1655 2473 nec
1687 2420 1757 2473 ab
1796 2434 1895 2473 usu
1926 2421 2331 2491 ministerioque

773 2517 983 2558 eorum.
1034 2502 1105 2557 1d:
1152 2520 1287 2559 vero
1337 2506 1535 2576 duplici
1590 2507 1657 2563 de
1704 2523 1868 2564 causa
1914 2509 2180 2579 agit;alia
2224 2519 2327 2575 est,

775 2602 837 2648 ut
874 2609 940 2648 ex
968 2594 1265 2651 abundanti
1296 2596 1683 2667 impudentiam
1721 2599 1935 2654 illorum
1960 2594 2213 2667 refrenet,
2238 2602 2330 2671 qui

703 2686 709 2695 '
775 2684 963 2739 dicunt
990 2685 1196 2757 aliquid
1230 2688 1517 2745 inmundo
1546 2705 2003 2759 supervacaneum
2040 2700 2095 2747 et
2141 2693 2355 2750 inutile-

774 2778 1041 2833 exsistere
1057 2795 1081 2843 ;-
1105 2778 1208 2831 alia
1236 2794 1382 2843 vero,
1412 2789 1473 2834 ut
1496 2779 1745 2834 ostendat
1777 2788 1979 2850 quanta
2010 2781 2082 2837 sit
2115 2781 2225 2839 Deo
2265 2784 2331 2839 de

775 2867 1090 2925 hominibus
1134 2870 1459 2938 sollicitudo,
1510 2872 1723 2941 quando
1768 2873 1835 2928 de
1881 2873 1949 2928 iis
1980 2888 2100 2942 qua:
2143 2890 2331 2929 eorum

775 2974 942 3017 causa
992 2960 1213 3039 condita
1267 2972 1392 3017 sunt
1441 2970 1647 3017 tantam
1679 2964 1842 3018 habet
1872 2963 2156 3020 rationem.
2191 2964 2329 3031 Quid

776 3051 907 3128 huic
952 3054 1097 3106 cura:
1120 3058 1228 3121 'par
1258 3068 1381 3107 esse
1412 3054 1604 3121 possit,
1632 3054 2067 3124 quandoquidem
2107 3070 2171 3112 ea
2211 3071 2332 3126 qua:

778 3138 938 3192 nobis
967 3138 1211 3193 serviunt
1237 3140 1311 3192 ita
1341 3143 1530 3205 nutrit,
1558 3157 1657 3196 nec
1690 3144 1890 3212 patitur
1920 3151 1980 3198 ut
2000 3145 2056 3200 in
2080 3146 2331 3203 omnibus

777 3228 1100 3298 gravemur?
1130 3226 1312 3299 Neque
1338 3231 1483 3285 enim
1520 3231 1790 3288 hominem
1826 3233 2081 3304 deservit,
2120 3252 2220 3293 nec
2251 3237 2331 3291 la-

778 3319 1005 3385 boribus
1059 3319 1233 3389 ipsum
1281 3331 1488 3393 gravat,
1523 3324 1677 3379 vario
1722 3324 1875 3380 illum
1910 3328 2100 3383 salutis
2137 3343 2332 3397 genere

780 3407 1011 3463 donans.
1035 3408 1132 3463 Hic
1149 3410 1308 3480 juvat
1328 3426 1473 3477 eum,
1507 3413 1599 3482 qui
1630 3400 1959 3483 congeneres
1977 3422 2198 3471 nostros
2224 3430 2334 3470 ser-

2496 2145 2639 2215 Ὄρα
2668 2144 2722 2196 δὲ
2761 2144 2943 2216 κύκλῳ
2972 2146 3250 2215 περιϊόντα
3276 2144 3366 2199 τὸν
3393 2135 3549 2213 λόγον
3590 2143 3683 2203 καὶ
3720 2142 3787 2195 τὰ
3819 2145 3981 2212 σαφέ-

2431 2254 2594 2308 στερα
2622 2238 3046 2307 παρατρέχοντα,
3091 2236 3563 2307 ὲμφιλοχωροῦντα
3598 2234 3653 2286 δὲ
3681 2237 3793 2297 τοῖς
3826 2235 3977 2306 παρά

2426 2326 2533 2378 τῶν
2562 2325 2769 2379 πολλῶν
2792 2324 3240 2394 ἀντιλεγομένοις,
3258 2326 3349 2377 καὶ
3368 2323 3475 2379 τῶν
3496 2324 3703 2390 ἀλόγων
3734 2324 3833 2376 οὐκ
3856 2325 3967 2392 ἀφι-

2430 2416 2709 2486 στάμενον,
2738 2415 2831 2467 καὶ
2857 2414 2954 2485 τῆς
2984 2415 3167 2485 χρείας
3199 2413 3374 2466 αὐτῶν
3408 2414 3499 2465 καὶ
3536 2414 3632 2482 τῆς
3660 2412 3955 2485 ὑπηρεσίας

2427 2508 2586 2560 Ποιεῖ.
2606 2507 2664 2565 δὲ
2685 2504 2840 2559 τοῦτο
2872 2506 2960 2559 διὰ
2988 2504 3080 2559 δύο
3107 2504 3305 2558 ταῦτα’
3336 2505 3399 2557 δι’
3428 2504 3483 2556 ἓν
3520 2503 3640 2572 μὲν,
3662 2502 3763 2556 .ίνα
3794 2504 3856 2557 ὲκ
3885 2522 3969 2557 πε-

2431 2596 2670 2669 ριουσίας
2702 2601 3021 2672 ἐπιστομίσῃ
3052 2600 3150 2671 τὴν
3185 2598 3563 2682 ἀναισχυντίαν
3587 2596 3694 2651 τῶν
3722 2598 3982 2667 λεγόντων

2428 2688 2563 2744 εἶναι
2584 2708 2635 2745 τι
2664 2694 2911 2763 περιττὸν
2936 2694 2993 2758 sv
3022 2691 3098 2763 τῷ
3127 2694 3314 2762 κόσμῳ
3342 2690 3434 2744 καὶ
3461 2686 3730 2761 ἄχρηστον
3747 2706 3761 2719 ·
3789 2690 3852 2742 διῒ
3875 2690 3987 2742 ἓτε-

2433 2799 2522 2853 ρον
2549 2781 2625 2847 δὲ,
2659 2783 2745 2835 ἵνα
2772 2782 2919 2855 δείξῃ
2944 2784 3040 2855 ὅση
3069 2781 3145 2853 τῷ
3178 2782 3293 2853 Θεῷ
3323 2783 3433 2838 τῶν
3465 2781 3763 2855 ἀνθρώπιον
3802 2784 3835 2853 ἠ
3880 2800 3983 2853 κη-

2427 2873 2664 2943 δεμονία,
2692 2874 2826 2927 ὅπου
2858 2891 2920 2943 γε
2950 2874 3057 2927 τῶν
3091 2874 3157 2926 δι’
3182 2874 3421 2937 ἐκείνους
3456 2873 3759 2944 γενομένων
3799 2872 3983 2927 τοσοῦ-

2427 2981 2517 3017 τον
2551 2967 2779 3018 ποιεῖται
2810 2966 2983 3034 λόγον.
3005 2964 3068 3017 Τί
3090 2964 3292 3035 ταύτης
3314 2959 3428 3016 ῐσον
3456 2962 3649 3031 γένοιτ’
3668 2962 3747 3019 ἂν»
3762 2964 3984 3035 τῆς-κη·-

2427 3055 2694 3125 δεμονίας,
2718 3057 2843 3111 ὅταν
2873 3058 2965 3109 καὶ
2994 3054 3062 3109 τά
3086 3054 3399 3108 δουλεύοντα
3437 3055 3565 3123 ἡμῖν
3606 3052 3768 3108 οὖτω-
3789 3054 3983 3125 τρέφῃ,

2428 3147 2521 3200 καὶ
2577 3147 2650 3216 μὴ
2704 3149 2953 3218 συγχωρῇ
2996 3146 3268 3200 πονεῖσθαι
3299 3145 3425 3216 περὶ
3463 3144 3667 3209 πάντας
3704 3144 3839 3196 Οὔτε
3879 3144 3985 3215 γὰρ

2430 3237 2578 3289 εἴασε
2606 3238 2696 3290 τὸν
2724 3238 3023 3307 ἄνθρωπον,
3049 3237 3172 3290 οὔτε
3202 3236 3421 3309 βαρύνει
3442 3222 3552 3298 τοῖς
3591 3234 3771 3297 πόνοις
3801 3236 3979 3299 αὐτὸν,

2430 3327 2714 3381 ποικίλλων
2730 3326 2893 3380 αὐτοῦ
2913 3326 3007 3396 τὴν
3033 3327 3321 3397 σωτηρίαν.
3339 3325 3603 3379 Ἐνταῦθα
3627 3324 3790 3377 καλὸν
3813 3326 3985 3378 εἰπεῖν

2431 3417 2565 3488 πρὸς
2610 3417 2699 3469 τὸν
2739 3416 2863 3480 τοὺς
2894 3417 3169 3485 ὁμογενεῖς
3197 3414 3711 3483 καταδουλούμενον
3748 3412 3844 3481 μία
3869 3413 3986 3465 δου-

779 3499 951 3554 vitute
979 3501 1251 3571 opprimit,
1279 3502 1360 3556 sic
1390 3502 1591 3573 alloqui
1616 3522 1629 3557 :
1662 3482 1770 3559 una
1794 3504 2075 3561 hominum
2098 3507 2332 3562 servitus
2358 3482 2399 3538 θ
2432 3482 2484 3559 λέ

2275 3523 2332 3562 us
2358 3482 2399 3538 C
2432 3482 2548 3561 λεία
2565 3507 2671 3560 τῶν
2691 3482 3075 3579 ἀνθρώπωντά
3098 3505 3262 3573 ἄλογα
3280 3523 3291 3534 ·
3318 3507 3381 3558 σὺ
3404 3504 3459 3558 δὲ
3484 3482 3657 3557 ταῦτα
3685 3503 3980 3573 ὀλιγωρεῖς·

778 3599 910 3646 sunt
959 3593 1363 3657 irrationabilia,
1398 3599 1457 3647 tu
1496 3608 1627 3649 vero
1658 3594 1775 3648 haec
1815 3596 2047 3665 despicis
2097 3616 2109 3652 :
2166 3608 2335 3667 quare

783 3687 1031 3734 naturam
1089 3696 1121 3734 a
1171 3681 1428 3735 servitute
1472 3688 1535 3737 et
1572 3681 1940 3739 dominatione
1976 3685 2250 3752 scindens,
2279 3686 2333 3741 id

785 3769 1034 3834 effecisti,
1060 3778 1120 3824 ut
1140 3770 1256 3847 sibi
1284 3771 1401 3841 ipsa
1436 3771 1663 3826 serviret
1696 3780 1751 3826 et
1781 3772 2167 3833 dominaretur.
2199 3775 2335 3830 Eum

785 3861 879 3929 qui
913 3858 981 3913 ad
1014 3859 1420 3935 similitudinem
1452 3860 1545 3915 Dei
1575 3860 1751 3917 factus
1781 3870 1886 3929 est,
1921 3864 2051 3933 quis
2071 3867 2332 3930 vendidit,

788 3950 911 4021 quis
960 3949 1111 4016 emit,
1150 3964 1273 4004 cum
1318 3949 1372 4005 id
1412 3953 1562 4007 solus
1584 3951 1726 4025 Deus
1759 3954 1931 4023 possit
1964 3954 2200 4021 edicere;
2229 3956 2336 4008 imo

788 4056 919 4095 vero
950 4054 1050 4094 nec
1087 4039 1201 4109 ipse
1238 4039 1400 4104 Deus,
1430 4056 1555 4095 nam
1602 4041 1741 4096 dona
1771 4042 1889 4110 ejus
1918 4051 2043 4098 sunt
2077 4044 2193 4099 sine
2219 4058 2335 4112 pm-

791 4133 1057 4187 nitentia‘!
1092 4130 1246 4197 Quod
1297 4131 1345 4186 si
1389 4128 1531 4189 Deus
1568 4131 1622 4185 id
1678 4132 1826 4202 quod
1864 4133 2092 4189 liberum
2119 4141 2200 4191 est
2230 4150 2339 4189 non

791 4224 985 4295 redigit
1025 4223 1079 4277 in
1114 4221 1450 4286 servitutem,
1478 4222 1601 4291 quis
1630 4226 1922 4294 potentiam
1948 4241 2101 4281 suam
2149 4235 2338 4298 poten-

793 4316 882 4371 tia:
930 4314 1021 4370 Dei
1071 4313 1375 4385 praeponat?
1403 4314 1664 4369 Cancrum
1711 4326 1795 4372 sat
1819 4318 1999 4375 oneris
2046 4320 2338 4389 imponitur

793 4406 882 4472 iis,
907 4408 999 4476 qui
1029 4406 1183 4461 liberi
1210 4415 1357 4470 sunt,
1379 4406 1525 4476 quod
1556 4406 1815 4473 serviant,
1853 4416 2109 4480 tantaque
2136 4411 2191 4465 in
2216 4411 2339 4480 pul-

798 4510 918 4551 vere
960 4499 1029 4552 sit
1072 4497 1393 4565 differentia,
1430 4506 1488 4552 ut
1537 4497 1676 4553 alius
1702 4499 1947 4568 imperet,
1972 4500 2093 4554 aliis
2119 4502 2341 4569 impere-

795 4596 903 4640 tur.
932 4587 997 4639 At
1025 4602 1199 4657 neque
1221 4588 1430 4658 iugum,
1460 4603 1636 4659 neque
1664 4590 1998 4660 supplicium
2010 4591 2182 4661 primo
2212 4605 2341 4661 pec-

795 4687 917 4731 cato
946 4686 1135 4733 nostro
1170 4677 1518 4741 destinatum,
1552 4679 1950 4751 aggravandum
1989 4689 2093 4737 est.
2130 4679 2339 4737 Produ-

2431 3598 2509 3652 διὸ
2548 3597 2663 3669 τὴν’
2693 3597 2853 3667 φύσιν
2880 3597 3121 3661 δουλείας
3151 3597 3244 3650 καὶ
3266 3595 3797 3667 κυριότητοςνσχίσας
3822 3595 3987 3665 αὐτὴν

2433 3690 2594 3760 ἑαυτῇ
2643 3689 2907 3760 δουλεύειν
2951 3689 3044 3742 καὶ
3082 3690 3244 3759 ἑαυτῇ
3268 3688 3548 3758 κυριεύειν
3572 3687 3854 3757 ἒποίησας.
3886 3686 3988 3739 Τὸν

2434 3780 2553 3833 καθ’
2584 3780 2867 3849 ὁμοιότητα
2889 3778 3022 3831 Θεοῦ
3049 3778 3176 3831 ὄντα
3205 3780 3297 3831 καὶ
3322 3779 3501 3847 πάσης
3524 3778 3624 3847 γῆς
3648 3780 3879 3848 ἀρχοντα
3906 3777 3988 3840 τίς

2422 3872 2460 3937 Δὁ
2488 3869 2842 3940 ἀπεμπολῶν;
2864 3868 2946 3932 τίς
2972 3870 3000 3921 6
3025 3868 3359 3937 ὠνούμενος;
3401 3868 3557 3937 μόνου
3588 3866 3722 3919 Θεοῦ
3747 3868 3807 3919 τὸ
3829 3868 3955 3936 δυνη
3983 3899 3989 3905 -

2436 3960 2591 4029 θῆναι
2617 3959 2793 4024 τοῦτο,
2840 3959 3034 4030 μᾶλλον
3075 3959 3131 4013 δὲ
3180 3958 3299 4011 οὐδὲ
3331 3956 3491 4011 αὐτοῦ
3525 3956 3619 4010 τοῦ
3649 3956 3813 4009 Θεοῦ·
3856 3959 3992 4026 ἁμε-

2434 4049 2708 4118 ταμέλητα
2738 4050 2844 4119 γάρ
2871 4046 3033 4101 αὑτοῦ
3065 4045 3133 4099 τά
3163 4046 3491 4117 χαρίσματα.
3527 4045 3589 4097 Ei
3620 4044 3685 4100 δὲ,
3712 4046 3741 4096 6
3767 4044 3894 4106 Θεὸς
3925 4044 3987 4096 ού

2433 4138 2603 4191 δουλοῖ
2639 4140 2698 4191 τὸ
2748 4139 3046 4209 ἐλεύθερον,
3076 4139 3156 4200 τίς
3183 4140 3210 4190 6
3240 4136 3545 4208 ύπερτιθεὶς
3589 4137 3681 4189 τοῦ
3728 4136 3867 4190 Θεοῦ
3887 4139 3987 4207 τὴν

2435 4229 2625 4283 ἑαυτοῦ
2650 4229 2995 4294 δυναστείανς
3033 4228 3177 4299 Πλὴν
3208 4231 3365 4299 ἀρκεῖ
3403 4222 3669 4280 δουλεύειν
3702 4229 3812 4289 τοῖς
3843 4228 3989 4280 ἐλευ-

2434 4319 2629 4391 θέροις,
2657 4321 2748 4371 καὶ
2770 4320 3020 4372 τοσοῦτον
3049 4314 3184 4371 εἶναι
3210 4319 3267 4370 τὺ
3298 4317 3570 4390 διάφορον,
3604 4316 3741 4372 ὥστε
3766 4316 3861 4369 τοῦ
3891 4318 3986 4376 αύτ-

2436 4410 2527 4463 τοῦ
2564 4409 2683 4479 χοὸς
2716 4408 2774 4463 τὸ
2809 4410 2905 4479 μὲν
2938 4412 3176 4480 κρατεῖν,
3208 4410 3268 4461 τὸ
3302 4408 3359 4462 δὲ
3389 4406 3668 4479 ἄρχεσθαι.
3711 4406 3797 4475 Μὴ
3825 4408 3987 4477 βαρυ-

2437 4499 2608 4553 νὲσθω
2650 4498 2706 4552 δὲ
2728 4500 2755 4552 6
2786 4498 2967 4566 ζυγὸς,
3008 4498 3140 4569 μηδὲ
3168 4499 3265 4567 τῆς
3291 4497 3510 4568 πρώτης
3535 4496 3689 4567 ἡμῶν
3722 4496 3992 4567 ἁμαρτίας

2436 4592 2497 4642 τὸ
2540 4588 3207 4659 ἑπιτίμιον.ἘΕανατέλλει
3246 4588 3303 4640 δὲ
3350 4588 3406 4640 ὲν
3456 4586 3664 4653 τούτόις
3695 4587 3992 4657 ὑπερφυέσι

2438 4681 2529 4735 καὶ
2565 4681 2911 4752 ὑψηλοτάτοις
2938 4679 3113 4748 λόγοις
3134 4676 3297 4732 αὑτοῦ
3332 4678 3511 4747 δρεσιν
3540 4672 3657 4731 οὖσι
3684 4678 3898 4749 χόρτον·
3934 4678 3993 4737 ὃς)

795 4771 869 4825 cit
916 4780 1093 4825 autem
1141 4769 1199 4824 in
1254 4771 1340 4827 his
1402 4773 1906 4843 supernaturalihus
1951 4774 2341 4844 altissimisque
2372 4774 2500 4873 Ι)‹ε›έ

2286 4789 2341 4829 te
2372 4818 2416 4873 Β
2441 4773 2697 4844 φέρεσθαι
2725 4772 2927 4844 τροφὴν
2956 4765 3054 4826 οἷοί
3080 4754 3140 4824 τέ
3167 4771 3303 4824 είσιν
3329 4770 3378 4822 οἱ
3412 4768 3915 4859 ἀλογιίηεροι.”Εστι
3933 4770 3991 4825 δὲ

797 4863 1137 4925 sermonibus
1192 4862 1326 4925 suis,
1365 4866 1458 4933 qui
1485 4872 1697 4922 montes
1735 4874 1883 4931 sunt,
1913 4864 2093 4921 fenum
2129 4884 2141 4918 :
2180 4881 2339 4936 quem
2373 4859 2413 4873 ν
2444 4868 2471 4918 ὁ

2288 4881 2339 4919 tn
2373 4859 2413 4873 ν
2444 4868 2471 4918 6
2502 4868 2557 4918 ὲν
2584 4865 2786 4929 τούτοις
2827 4866 2936 4927 τοῖς
2978 4862 3126 4934 ὄρεσι
3170 4860 3355 4933 χόρτος
3381 4861 3409 4914 6
3434 4861 3561 4932 περὶ
3595 4860 3702 4915 τῶν
3728 4859 3992 4928 αἰσθητῶν

796 4952 975 5007 cibum
1024 4948 1509 5011 irrationabiliores
1564 4955 1705 5015 ferre
1746 4957 1979 5013 valeant.
2020 4956 2117 5042 list
2158 4968 2336 5013 autem

798 5042 977 5099 fenum
1022 5046 1077 5100 in
1106 5045 1253 5099 hisce
1283 5046 1555 5103 montibus
1585 5048 1839 5119 positum,
1874 5063 2052 5103 sermo
2078 5050 2145 5104 de
2169 5051 2342 5105 sensi-

799 5134 997 5189 bilibus
1023 5144 1075 5190 et
1106 5138 1282 5191 littera
1316 5133 1641 5206 Scriptura;
1684 5140 1792 5195 imo
1818 5138 1979 5195 etiam
2010 5154 2187 5194 sermo
2226 5154 2342 5195 mo-

799 5224 951 5290 ralis,
991 5240 1148 5294 quem
1199 5226 1491 5282 multitudo
1537 5243 1752 5299 quoque
1797 5232 2073 5300 percipere
2120 5231 2339 5288 valebit.

788 5313 1105 5369 dicentibus
1160 5316 1409 5388 singulis,
1461 5317 1719 5372 Dominus
1761 5321 1928 5386 pascit
1974 5336 2072 5387 me,
2114 5331 2164 5373 et
2211 5318 2342 5376 nihil

2444 4956 2597 5025 λόγος
2624 4958 2715 5011 καὶ
2738 4956 2798 5009 τὸ
2825 4955 3054 5027 γράμμα
3090 4953 3186 5021 τῆς
3207 4952 3425 5024 Γραφῆς
3444 4969 3456 4981 ·
3484 4951 3617 5005 ἀλλά
3644 4951 3737 5004 καὶ
3754 4953 3782 5002 6
3802 4948 3994 5019 ἠθικώ-

2444 5065 2619 5117 τερος,
2647 5040 2707 5100 οὗ
2744 5044 3060 5118 μεταλαϐεῖν
3087 5044 3177 5097 καὶ
3207 5046 3254 5096 οί
3283 5043 3464 5096 πολλοὶ
3500 5042 3829 5111 δυνήσονται,
3864 5042 3992 5099 £16..-

2448 5154 2575 5197 στου
2603 5136 2709 5189 τῶν
2738 5136 2988 5191 τοιούτων
3016 5134 3258 5202 λέγοντος
3275 5150 3289 5164 ’
3328 5133 3540 5198 Κύριος
3568 5131 3856 5197 ποιμαίνει
3895 5138 3992 5198 μὲ,

2446 5227 2543 5281 xci
2589 5208 2766 5279 οὐδέν
2802 5242 2878 5294 με
2919 5222 3276 5290 ὑστερήσει·
3314 5222 3398 5284 εὶς
3434 5220 3618 5271 τόπον
3649 5220 3835 5285 χλόης
3872 5218 4000 5273 ἐκεῖ

2441 5334 2515 5392 με
2556 5316 3042 5386 κατεσκήνωσεν
3077 5312 3175 5367 ἐπὶ
3204 5311 3419 5377 ὕδατος
3445 5310 3834 5376 ἀναπαύσεως
3865 5310 3994 5375 ἐξέ-

800 5407 928 5460 mihi
956 5406 1116 5460 deerit
1144 5422 1162 5459 :
1194 5407 1248 5459 in
1277 5409 1387 5465 loco
1422 5425 1628 5478 pascua:
1668 5410 1742 5463 ibi
1768 5426 1849 5465 me
1875 5411 2165 5475 collocavit,
2197 5424 2351 5479 super
2451 5411 2505 5477 θι

2288 5427 2351 5467 |er
2451 5406 2630 5477 θρεψέ
2667 5393 3139 5478 με.’Υπερ6άντες
3168 5402 3225 5455 δέ
3269 5418 3395 5453 ποτε
3427 5401 3524 5470 τὴν
3548 5399 3795 5470 τοιαύτην
3826 5400 3993 5454 κατά-

803 5514 990 5567 αᾳιαηι
1003 5496 1292 5566 refectionis
1304 5500 1538 5555 educauit
1557 5501 1711 5556 me".
1731 5501 2025 5568 Quiautem
2044 5504 2352 5573 huiusmodi
2422 5542 2423 5545 η
2456 5516 2508 5552 στ

2289 5505 2352 5560 di
2422 5542 2423 5545 η
2456 5515 2658 5561 στασιν,
2687 5496 2867 5549 οὐκέτι
2898 5496 2957 5549 ἑν
2983 5493 3192 5563 δουλείᾳ
3222 5490 3327 5545 τῶν
3356 5488 3652 5559 ἀνθρώπων
3679 5489 3849 5554 ὄντες,
3870 5488 3994 5542 ἀλλ’

804 5588 1003 5642 statum
1042 5588 1491 5644 transcenderunt
1521 5605 1646 5645 cum
1669 5607 1778 5646 non
1810 5592 1866 5646 in
1896 5593 2155 5648 servitute
2182 5593 2352 5647 homi-

804 5692 933 5733 num
976 5686 1278 5744 versentur,
1304 5678 1397 5736 sed
1441 5680 1685 5741 homines
1718 5682 1843 5741 facti
1874 5682 2005 5751 sint,
2032 5682 2230 5755 singuli
2250 5684 2351 5741 itc-

882 5830 925 5861 ⁸⁸
962 5826 1102 5888 Psal.
1142 5846 1284 5901 ml,
1324 5833 1390 5903 Ι,
1423 5834 1477 5889 2.

2452 5588 2722 5669 ἄνθρωποι
2750 5585 3117 5657 γεγενημένοι,
3140 5581 3319 5652 ἐροῦσι
3348 5581 3505 5635 πάλιν
3529 5580 3781 5643 ἕκαστος·
3825 5578 3999 5634 Ἠτοι-

2449 5696 2648 5753 μασας
2670 5678 2920 5743 ἐνώπιόν
2944 5691 3059 5746 μου
3087 5674 3369 5744 τράπεζαν
3390 5672 3735 5738 ἐξεναντίας
3752 5669 3867 5729 τῶν
3885 5671 4001 5728 θλι-
