4318 6392
249 491 384 550 ηπ

1354 485 1858 544 (ΣΟΜΜΕΝῬΑΒΙΔ
1896 485 1962 541 ΙΝ
1998 484 2333 547 ΡεΑιιιοε.

3300 482 3439 540 1278

244 612 467 666 δόντων
487 624 560 678 με
580 623 593 637 ⁸
622 607 909 673 Μίκωνος
932 608 1001 661 ἐν
1027 607 1205 671 ἐλαίῳ
1226 605 1341 674 τὴν
1364 604 1633 675 κεφαλήν
1654 623 1793 675 μου,
1823 610 1870 665 Α
1899 621 1949 658 ru

1738 623 1793 667 υ,
1823 610 1870 665 Α
1899 620 2018 659 rum
2041 605 2223 659 dicent
2269 624 2283 658 :
2322 600 2539 656 Potasti
2563 602 2617 655 in
2650 577 2920 669 conspectu
2953 616 3064 655 meo
3102 615 3329 654 mensam
3352 600 3443 655 ad-

244 702 340 758 καὶ
373 700 439 753 τὸ
464 698 745 767 ποτήριόν
760 717 877 767 μου
901 699 1205 766 μεθύσκον
1222 698 1300 762 ὡς
1329 696 1667 764 κράτιστον.
1685 696 1792 747 Καὶ

1897 710 2072 749 versus
2103 710 2189 748 eos
2215 695 2303 763 qui
2334 691 2587 745 tribuiant
2623 706 2737 755 me;
2774 690 3111 760 impinguasti
3144 692 3200 744 in
3227 692 3337 745 oleo
3360 706 3445 745 ca-

245 794 310 848 τὸ
342 792 514 858 ἔλεός
536 808 652 845 σου
680 788 1099 853 καταδιώξεταί
1124 805 1198 857 με
1223 787 1421 852 πάσας
1442 786 1547 851 τὰς
1578 785 1796 853 ἡμέρας
1895 803 1950 855 ps

1739 802 1796 850 ῖς
1895 795 1989 855 put
2020 801 2209 849 meum,
2243 794 2292 838 et
2326 784 2466 836 calix
2495 799 2636 841 mens
2660 782 2942 845 inebrians,
2977 798 3133 850 quam
3158 783 3444 849 praeclarus

244 880 355 948 τῆς
380 879 526 947 ζωῆς
540 898 680 948 μου,
702 880 797 931 καὶ
821 877 887 930 τὸ
914 877 1205 931 κατοικεῖν
1229 893 1306 941 με
1329 878 1395 930 ὲν
1418 876 1558 940 οἴκῳ
1579 876 1797 943 Κυρίου
1896 892 1949 931 es

1741 893 1797 928 3v
1896 883 2005 931 est.
2040 874 2108 930 Et
2149 874 2509 928 misericordia
2570 884 2660 927 tua
2718 873 3049 942 subscquetur
3080 888 3174 925 me
3207 870 3446 925 omnibus

245 974 331 1037 εις
350 972 690 1040 μακρότητα
717 965 966 1036 ἡμερῶν.

324 1146 431 1198 Τοῦ
493 1142 803 1212 ἐξαγαγεῖν
862 1142 1036 1209 ἀρτον
1074 1143 1142 1196 ἐκ
1180 1142 1289 1208 τῆς
1330 1146 1460 1211 γῆς,
1509 1145 1606 1195 καί
1641 1146 1801 1204 οίνος

249 1236 549 1306 εὐφραίνει
585 1234 832 1302 κιφδίαν
864 1233 1171 1300 ἀνθρώπου
1192 1252 1205 1264 ·
1225 1234 1328 1287 τοῦ
1362 1234 1633 1301 ίλαρῦναι
1664 1233 1801 1298 πρό-

240 1342 457 1391 σωπον
503 1326 573 1380 ἐν
618 1325 818 1391 ἐλαίῳ,
858 1326 955 1377 καί
985 1324 1161 1392 ἄρτος
1206 1324 1450 1393 καρδίαν
1494 1324 1801 1391 ἀνθμῦπου

251 1416 523 1486 στηρίξει.
556 1416 737 1483 ’Δξιον
774 1416 1003 1469 ἐνταῦθα
1034 1415 1262 1486 ζητῆσαι
1294 1417 1436 1477 τίνος
1456 1416 1611 1486 χάριν
1639 1414 1803 1467 εἰπὼν

252 1509 281 1559 ό
309 1506 488 1569 Δαυῖδ,
512 1510 539 1561 ό
569 1508 927 1574 ὲξανατέλλων
986 1507 1175 1577 χόρτον
1219 1508 1330 1569 τοῖς
1364 1507 1635 1574 κτήνεσιν,
1674 1505 1805 1573 ἐπή-

253 1620 422 1672 γαγε·
460 1604 567 1657 Τοῦ
610 1602 917 1672 ἐξαγαγεῖν
943 1600 1121 1668 ἄρτον
1146 1602 1215 1654 ἐκ
1259 1592 1366 1667 τῆς
1406 1599 1536 1668 γῆς,
1579 1597 1685 1651 ἀπὸ
1713 1597 1805 1649 τοῦ

255 1694 403 1751 σίτου
441 1695 635 1766 δηλαδὴ
668 1692 1219 1762 κατασκευαζόμενον.
1253 1692 1317 1743 Τί
1344 1690 1470 1742 ποτέ
1498 1692 1645 1742 ἐστιν
1675 1689 1808 1757 ὅπερ

254 1786 557 1851 αἰνίξασθαι
603 1786 875 1857 βούλεται;
928 1788 1050 1839 Ὅτι
1098 1785 1157 1839 τὸ
1210 1782 1339 1835 αὐτὸ
1394 1781 1612 1851 σπέρμα
1657 1782 1807 1847 κοινὴ

256 1877 462 1951 γίνεται
494 1880 658 1949 ἐδωδὴ
709 1880 804 1931 καὶ
832 1877 1042 1945 ἀλόγοις
1071 1876 1165 1929 καὶ
1202 1873 1521 1944 ἀνθρώποις,
1564 1872 1622 1924 οὐ
1671 1870 1809 1924 κατὰ

1902 966 2081 1021 diebus
2120 969 2238 1020 vita
2266 983 2413 1030 mem,
2442 975 2489 1018 et
2518 974 2572 1017 ut
2596 965 2877 1019 inhabitem
2898 966 2951 1019 in
2976 964 3126 1018 domo
3154 964 3367 1019 Domini
3393 964 3448 1017 in

1901 1057 2270 1128 longitudinem
2293 1057 2501 1110 dierum
2518 1060 2581 1110 ³⁹.

1978 1148 2045 1203 Ut
2078 1148 2266 1224 educas
2294 1164 2481 1217 panem
2510 1147 2572 1201 de
2612 1157 2774 1211 terra,
2808 1162 2856 1201 et
2893 1150 3066 1201 vinum
3103 1149 3333 1217 lwtiﬁcat
3360 1168 3450 1205 cor

1905 1236 2128 1290 hominis
2148 1246 2248 1300 ,‘iut
2277 1237 2531 1290 exhilaret
2562 1235 2749 1304 faciem
2780 1238 2833 1288 in
2861 1237 2991 1301 oleo,
3016 1246 3061 1291 et
3084 1238 3232 1305 panis
3254 1255 3343 1291 cor
3365 1240 3452 1293 lio-

1904 1328 2066 1382 minis
2098 1330 2394 1397 confirmat.
2428 1326 2527 1381 llic
2562 1334 2863 1397 opportune
2904 1338 3197 1396 quaeratur,
3234 1344 3337 1398 qua
3376 1329 3445 1383 de

1906 1432 2073 1471 causa
2104 1434 2228 1472 cum
2258 1419 2487 1473 dixisset
2545 1418 2711 1472 David
2746 1441 2755 1473 :
2794 1418 3093 1471 Producens
3146 1420 3318 1487 fenum
3364 1419 3449 1484 iu-

1910 1510 2137 1571 mentis;
2169 1508 2530 1577 subjunxerit,
2562 1508 2628 1562 Ut
2664 1510 2855 1563 educas
2887 1527 3071 1574 panem
3094 1510 3157 1563 de
3200 1520 3356 1575 terra,
3388 1526 3450 1566 ex

1909 1603 2178 1658 frumento
2211 1619 2403 1673 nempe
2431 1604 2759 1661 confectum.
2795 1604 2933 1671 Quid
2967 1613 3144 1661 autem
3177 1614 3264 1660 est
3313 1607 3453 1675 quod

1910 1694 2193 1748 insinuare
2243 1693 2398 1746 vult?-
2429 1691 2572 1747 ldem
2630 1694 2838 1749 scilicet
2888 1710 3070 1750 semen
3118 1704 3454 1751 communem

1910 1800 2088 1840 escam
2118 1799 2237 1839 esse
2266 1792 2374 1836 tam
2415 1784 2591 1839 brutis
2643 1800 2801 1853 quam
2838 1786 3165 1854 hominibus,
3199 1789 3294 1842 sed
3349 1803 3457 1843 non

1915 1877 2097 1933 eadem
2128 1878 2357 1931 ratione.
2393 1877 2566 1945 Atque
2603 1877 2734 1931 illud
2785 1877 2876 1931 Dei
2909 1878 3184 1947 sapientiae
3229 1872 3460 1932 fuit.‘Et

255 1969 319 2021 τὸ
347 1969 496 2022 αὑτό.
540 1970 647 2023 Καὶ
675 1970 828 2023 τοῦτο
860 1970 914 2022 δὲ
946 1969 1043 2038 τῆς
1076 1967 1167 2020 τοῦ
1202 1966 1335 2019 Θεοῦ
1368 1965 1574 2032 σοφίας.
1612 1963 1805 2015 Σκόπει
1844 1950 1889 2003 Β
1919 1985 1960 2019 νι

1749 1980 1805 2013 εει
1844 1950 1889 2003 Β
1919 1983 2045 2023 vero
2069 1969 2119 2022 id
2151 1966 2551 2020 animadvertas
2581 1967 2773 2020 velim:
2806 1968 3077 2036 spargitur
3105 1966 3454 2031 frumentum,

255 2060 344 2117 δέ’
390 2060 794 2114 Καταόἀλλεται
841 2062 1004 2121 σῖτος,
1056 2060 1191 2121 τέως
1225 2058 1321 2128 μὲν
1369 2056 1669 2128 ἀνθρώπων
1698 2059 1811 2109 ἐστὶ

256 2151 429 2219 τροφὴ
475 2152 660 2219 μόνον·
703 2148 917 2201 ἐπειδὰν
958 2149 1014 2202 δὲ
1049 2148 1337 2219 βλαστάνῃ,
1369 2149 1539 2209 ἄνεισι
1579 2149 1673 2202 καὶ
1716 2148 1811 2216 τὴν

256 2241 366 2295 τῶν
391 2242 598 2310 ἀλόγων
626 2242 759 2310 ἔχων
792 2243 1016 2313 τροφήν.
1053 2242 1258 2311 Ὠσπερ
1290 2242 1397 2311 γὰρ
1428 2242 1559 2295 αὐτὸ
1590 2242 1648 2293 τὸ
1678 2237 1811 2293 εἷναι

256 2332 323 2386 δι’
352 2334 498 2403 ἡμᾶς
528 2332 681 2385 ἔλαϐε
714 2332 781 2385 τὰ
814 2331 947 2397 ζῶα,
976 2330 1115 2384 οὕτω
1148 2332 1241 2385 καὶ
1270 2333 1301 2401 ή
1334 2332 1502 2402 τροφὴ
1548 2331 1723 2386 αὐτῶν
1751 2333 1813 2382 ἐκ

259 2426 357 2515 ⁸τῆς
384 2426 655 2515 ἡμετέρας
696 2425 898 2496 τροφῆς
924 2425 1035 2497 ἔχει
1205 2427 1395 2495 ἀρχήν.
1442 2426 1505 2515 ’.Η
1536 2424 1642 2515 γὰρ
1685 2423 1811 2515 χλόη

258 2514 351 2577 διὰ
380 2514 534 2573 τοῦτο
564 2515 984 2586 προηγουμένως
1011 2512 1250 2583 γέγονεν,
1288 2515 1373 2565 ἶνα
1417 2512 1505 2564 τὸν
1530 2514 1671 2564 σῖτον
1698 2512 1812 2564 δια-

258 2603 421 2676 λιηρῇ.
452 2603 603 2668 Εἶδες
634 2601 725 2658 οὖν
751 2604 821 2657 τά
849 2605 1016 2673 ἀλογα
1043 2606 1102 2657 οὐ
1139 2604 1297 2673 μόνον
1319 2604 1447 2671 ἡμῖν
1479 2602 1811 2664 δουλεύοντα,

261 2696 397 2749 ἀλλά
420 2696 513 2747 καὶ
537 2694 635 2769 τὴν
666 2693 866 2764 τροφὴν
900 2692 1003 2747 τῶν
1032 2693 1236 2760 ἀλόγων
1267 2694 1332 2761 τῇ
1368 2692 1613 2763 ἡμετέρᾳ
1643 2696 1812 2763 τροφῇ

262 2785 726 2856 ὑπηρετουμένην,
766 2784 860 2838 καὶ
890 2785 955 2854 τῇ
980 2779 1139 2849 ’τάξει
1191 2783 1349 2836 πάλιν
1395 2784 1454 2835 τὸ
1499 2783 1628 2837 αὐτὸ
1663 2784 1817 2837 τοῦτο

265 2874 623 2943 μιμουμένην.
661 2874 868 2942 Ὠσπερ
897 2874 1001 2941 γάρ
1044 2872 1303 2944 πρότερον
1342 2873 1530 2941 ἄλογα,
1566 2874 1657 2929 καὶ
1696 2875 1816 2926 τότε

261 2964 566 3036 ἄνθρωπος,
599 2964 783 3034 ἐπειδὴ
815 2962 901 3016 διά
930 2963 1019 3017 τὸν
1046 2961 1326 3035 ἄνθρωπον
1353 2964 1422 3017 τὰ
1448 2964 1644 3032 ἀλογα’
1680 2964 1817 3016 οὕτω

263 3056 356 3108 καὶ
377 3055 588 3126 πρῶτον
610 3056 765 3125 χλόη.
782 3054 873 3107 καὶ
895 3056 1012 3107 τότε
1039 3058 1178 3118 σῖτος
1206 3056 1263 3107 ὲν
1280 3054 1354 3124 ’τῇ
1384 3053 1606 3127 βλάστῃ,
1633 3054 1816 3123 ἐπειδὴ

262 3147 353 3200 διὰ
378 3148 468 3200 τὸν
500 3150 641 3200 σῖτον
670 3148 703 3217 ἡ
734 3147 881 3217 χλόη.
914 3146 1029 3200 Kal
1051 3144 1211 3212 οἶνος
1241 3146 1543 3213 εὐφραίνει
1572 3146 1819 3212 καρδίαν

264 3236 595 3306 ἀνθρώπου.
623 3238 703 3293 Οὐ
747 3240 875 3300 πᾶς,
902 3236 934 3307 ἢ
969 3237 1125 3307 μόνος
1165 3238 1193 3289 ὀ
1222 3236 1318 3304 τὴν
1350 3236 1566 3307 γένεσιν
1595 3235 1729 3304 ἔχων
1757 3236 1819 3286 ὲκ

265 3326 359 3379 τοῦ
400 3329 675 3392 εἰπόντος·
737 3327 881 3397 Ἐγώ
911 3330 1025 3397 ειμι
1073 3328 1110 3395 ἠ
1156 3325 1419 3395 ἄμπελος
1460 3327 1498 3394 ἠ
1544 3322 1814 3391 ἀληθινή.

276 3404 416 3472 Ἇλλν
456 3422 577 3473 ιπει
606 3421 676 3475 τὰ
718 3420 949 3492 αἰσθητὰ
977 3420 1153 3477 πάντα
1180 3419 1252 3489 γῆ
1278 3420 1365 3473 διὰ
1394 3420 1453 3472 τδ
1490 3418 1666 3471 ὑλικὸν
1704 3419 1819 3470 bvo-

266 3512 514 3582 μάξεται,
540 3516 618 3576 είς
641 3512 825 3565 τοῦτον
845 3512 900 3565 δὲ
922 3511 1101 3566 λαϐεῖν
1122 3514 1236 3565 ἐστι
1258 3511 1413 3577 λόγον
1436 3510 1823 3573 ἀναϐιβάζοντα

263 3605 355 3658 διά
379 3622 521 3669 τινος
551 3604 835 3671 ἀναλογίας
861 3606 951 3655 ἐπὶ
980 3604 1047 3657 τά
1081 3602 1274 3673 νοητω
1311 3601 1406 3652 καὶ
1434 3597 1583 3664 οὗτος
1615 3603 1643 3652 ὁ
1669 3601 1823 3668 λόγος

266 3697 431 3767 ἄρτος
460 3696 605 3747 ἐστὶν
632 3695 698 3747 ὲκ
739 3694 834 3762 τῆς
867 3694 967 3763 γῆς
1012 3692 1354 3762 ἐξαγόμενος,
1388 3693 1478 3743 ἐπὶ
1510 3692 1571 3743 τὸ
1609 3692 1823 3761 τρέφειν

267 3785 361 3837 τὸν
393 3784 539 3836 ἔνδον
576 3785 668 3835 καὶ
710 3784 767 3836 ὲν
813 3780 1039 3853 κρυπτῷ
1083 3783 1383 3855 ἄνθρωπον,
1424 3784 1517 3840 καὶ
1563 3784 1668 3835 ἀπὸ
1716 3783 1823 3835 τῶν

272 3872 600 3942 σωματικῶν
629 3873 684 3925 δὲ
710 3874 806 3943 τῆς
840 3874 1052 3944 γραφῆς
1089 3873 1435 3944 διηγημάτων
1464 3873 1550 3925 διὰ
1582 3874 1643 3925 τὸ
1681 3875 1823 3926 ιστο-

270 3965 420 4034 ρικδν
455 3966 526 4035 γῆ
573 3956 871 4037 εἰρημένον.
910 3967 1102 4035 ’Δρτος
1140 3965 1460 4034 ἐξαγόμενος
1504 3966 1532 4016 ὁ
1568 3964 1825 4033 μυστικὸς

268 4058 385 4108 ὲστι
415 4055 587 4122 λόγος.
639 4054 747 4108 Τοῦ
775 4054 1117 4121 ἑξιλαρῦναι
1160 4054 1481 4120 πρόσωπον
1512 4053 1579 4106 ἐν
1622 4053 1823 4116 ἐλαίῳ,

268 4147 369 4199 καί
410 4146 585 4213 ἄρτος
624 4145 872 4213 καρδίαν
898 4144 1208 4212 ἀνθρώπου
1238 4143 1510 4211 στηρίξει.
1555 4144 1824 4215 Ἱλαρύνε-

268 4255 359 4290 ται
385 4238 440 4291 δὲ
473 4238 565 4289 καὶ
595 4236 938 4307 φαιδρύνεται
965 4236 1023 4288 τὸ
1056 4235 1338 4303 πρόσωπον
1368 4234 1460 4287 τοῦ
1492 4235 1599 4289 ἔσω
1622 4234 1826 4305 ἀνθρώ-

269 4345 374 4381 που
405 4326 567 4397 ἐλαίῳ
597 4323 675 4395 τῷ
710 4324 984 4397 Θρεπτικῴ
1013 4324 1103 4377 τοῦ
1141 4322 1283 4377 Θείου
1308 4325 1501 4391 φωτὸς,
1534 4324 1627 4376 καὶ
1650 4323 1825 4375 λύοντι

268 4420 367 4485 τὰς
396 4420 579 4483 νόσους
606 4418 700 4472 καὶ
725 4418 849 4479 τοὺς
878 4417 1069 4479 πόνους
1096 4416 1193 4487 τῆς
1220 4416 1417 4486 ψυχῆς,
1450 4415 1658 4487 ἐπινοίᾳ
1692 4415 1823 4486 μόνῃ

272 4512 526 4583 διαφέρον
575 4507 668 4563 τοῦ
721 4508 1069 4572 ἀποδοθέντος
1109 4508 1271 4560 οἴνου.
1324 4508 1382 4561 '0
1428 4507 1533 4578 γὰρ
1564 4506 1657 4559 τοῦ
1691 4506 1823 4559 Θεοῦ

1915 2060 2363 2130 atquehaetenus
2408 2059 2625 2129 quidem
2669 2052 2956 2111 hominum
2998 2066 3081 2113 est
3124 2058 3460 2125 cibus;cum

1915 2161 2098 2210 autem
2128 2151 2527 2222 germinaverit,
2593 2150 2855 2219 exsurgit,
2898 2150 3182 2205 brutorirm
3246 2167 3462 2221 quoque

1914 2244 2227 2296 alimentum
2260 2240 2564 2310 proferens.
2598 2237 3057 2305 Quemadmodum
3087 2242 3230 2295 enim
3256 2242 3462 2295 anima-

1913 2333 1984 2388 lia
2014 2332 2065 2386 id
2095 2331 2263 2385 nostri
2314 2344 2477 2385 causa
2530 2336 2858 2399 acceperunt
2887 2329 3029 2399 quod
3072 2330 3356 2394 exsistant,
3388 2330 3461 2381 ita

1915 2431 1967 2478 et
1995 2437 2120 2477 csca
2153 2422 2366 2476 illorum
2392 2437 2422 2474 a
2451 2429 2642 2475 nostra
2672 2420 2885 2474 initium
2917 2422 3095 2477 habet.
3132 2419 3262 2474 Nam
3294 2419 3462 2473 herba

1916 2517 2036 2570 ideo
2070 2520 2302 2569 maxime
2329 2515 2667 2585 producitur,
2704 2524 2764 2570 ut
2794 2516 3122 2570 frumentum
3155 2520 3457 2570 conservet.

1917 2607 2080 2662 Vides
2104 2608 2269 2677 igitur
2308 2622 2418 2662 non
2448 2608 2623 2665 solum
2656 2608 2817 2661 bruta
2862 2609 3019 2683 nobis
3062 2606 3335 2671 famulari,
3372 2622 3464 2661 ve-

1917 2714 2037 2753 rum
2065 2700 2225 2754 etiam
2260 2699 2441 2753 cibum
2489 2713 2678 2753 eorum
2707 2700 2831 2752 cibo
2877 2707 3064 2752 nostro
3117 2698 3351 2760 servire,
3382 2705 3464 2749 at-

1919 2806 2022 2861 que
2045 2791 2233 2846 eodem
2260 2790 2453 2844 ordine
2476 2774 2528 2844 et
2549 2790 2758 2843 ratione
2778 2788 2831 2842 id
2863 2790 3037 2858 ipsum
3067 2804 3243 2859 agere.
3269 2773 3468 2855 Quem-

1918 2880 2206 2935 admodum
2250 2878 2392 2934 enim
2430 2878 2581 2949 prius
2628 2878 2809 2942 bruta,
2858 2878 3051 2933 deinde
3100 2880 3282 2942 homo,
3335 2878 3461 2948 quia

1918 2978 2140 3039 propter
2172 2970 2443 3024 hominem
2500 2969 2691 3036 bruta;
2746 2969 2827 3022 sic
2889 2967 3065 3037 primo
3111 2969 3300 3032 herba,
3337 2982 3457 3021 mox

1921 3058 2249 3113 frumentum
2282 3060 2337 3111 in
2392 3058 2650 3127 germine,
2680 3060 2807 3127 quia
2862 3065 3082 3127 propter
3133 3056 3462 3110 frumentum

1920 3148 2107 3206 herba.
2141 3148 2212 3200 Et
2246 3150 2423 3203 uinum
2458 3149 2691 3216 leti/ica:
2740 3165 2828 3202 cor
2868 3148 3088 3202 hominis
3124 3162 3141 3199 :
3171 3162 3277 3199 non
3310 3161 3467 3199 omne

1919 3238 2122 3303 vinum,
2149 3239 2244 3293 sed
2272 3239 2405 3293 illud
2426 3238 2598 3293 solum
2626 3239 2768 3306 quod
2796 3246 2974 3293 ortum
2994 3239 3159 3292 habet
3188 3238 3255 3291 ab
3276 3252 3338 3291 eo
3367 3238 3459 3304 qui

1920 3326 2086 3383 dicit:
2112 3326 2223 3398 Ego
2252 3346 2370 3383 sum
2400 3330 2518 3383 vitis
2544 3345 2663 3381 vera
2675 3328 2743 3381 ⁸ο.
2764 3328 2870 3383 Sed
2898 3330 3023 3399 quia
3046 3330 3266 3383 sensilia
3287 3329 3468 3382 omnia

1922 3421 1989 3477 ob
2020 3421 2303 3487 materiam
2352 3408 2497 3475 terra
2527 3428 2810 3485 vocantur,
2863 3428 3025 3489 atque
3076 3421 3142 3475 de
3186 3421 3279 3475 illo
3328 3420 3469 3473 acci-

1923 3512 2149 3583 piendus
2174 3528 2352 3568 sermo
2376 3522 2481 3579 est,
2512 3514 2601 3581 qui
2628 3512 2857 3581 quadam
2899 3513 3107 3565 ratione
3147 3518 3200 3565 et
3242 3527 3468 3582 propor-

1924 3606 2069 3659 tione
2095 3604 2159 3658 ad
2191 3604 2493 3674 spiritualia
2516 3604 2709 3658 deinde
2729 3603 2920 3672 erigit;
2952 3604 3037 3656 hic
3064 3618 3279 3672 quoque
3293 3619 3471 3658 sermo

1923 3694 2081 3762 panis
2110 3701 2192 3749 est
2220 3694 2285 3748 de
2308 3702 2453 3748 terra
2481 3692 2729 3756 eductus,
2766 3700 2826 3746 ut
2848 3693 3157 3747 interiorem
3186 3699 3239 3746 et
3287 3693 3473 3746 occul-

1924 3793 2038 3837 tum
2066 3784 2340 3855 hominem
2371 3786 2575 3840 nutriat
2607 3803 2619 3837 :
2655 3794 2815 3855 atque
2848 3800 2877 3837 a
2899 3786 3174 3854 corporeis
3226 3783 3471 3852 Scriptu-

1925 3890 1999 3928 ra:
2030 3876 2461 3939 narrationibus,
2495 3877 2565 3930 ob
2596 3876 2899 3930 naturalem
2925 3877 3161 3929 historia:
3180 3875 3466 3935 rationem,

1923 3974 2066 4021 terra
2100 3966 2323 4020 dicitur.
2371 3964 2535 4019 Panis
2568 3966 2766 4035 quippe
2806 3966 3057 4029 eductus,
3096 3972 3180 4019 est
3206 3964 3469 4033 mysticus

1924 4071 2123 4111 sermo.
2157 4054 2225 4108 Ut
2251 4056 2505 4109 exhilaret
2536 4055 2724 4122 faciem
2764 4056 2817 4109 in
2850 4055 2983 4119 oleo,
3014 4064 3061 4107 et
3085 4056 3237 4122 panis
3269 4071 3357 4107 cor
3377 4056 3470 4105 ho-

1924 4147 2077 4199 minis
2100 4146 2397 4214 conﬁrmat.
2419 4144 2762 4198 Exhilaratur
2782 4161 2945 4216 porro
2968 4161 3030 4200 ac
3055 4145 3356 4202 illustratur
3388 4146 3471 4197 in-

1923 4236 2141 4291 terioris
2173 4237 2408 4291 hominis
2437 4235 2604 4292 facies
2639 4238 2778 4301 oleo,
2811 4238 2955 4307 quod
2979 4236 3216 4290 divinam
3256 4236 3351 4289 alit
3390 4236 3466 4289 lu-

1925 4342 2065 4393 cem,
2090 4343 2153 4382 ac
2187 4329 2409 4383 morbos
2440 4330 2762 4399 laboresque
2797 4331 2991 4383 anima:
3026 4330 3207 4391 solvit,
3250 4329 3473 4397 solaque

1930 4419 2261 4488 intelligendi
2315 4421 2527 4475 ratione
2554 4435 2584 4473 a
2614 4429 2917 4476 memorato
2962 4421 3088 4474 vino
3130 4418 3326 4473 diﬂ‘ert.
3377 4420 3471 4473 Dei

1927 4508 2123 4579 quippe
2145 4509 2390 4571 verbum,
2425 4518 2482 4561 ut
2508 4508 2654 4569 vitis,
2689 4508 2765 4560 ita
2797 4515 2850 4585 et
2896 4506 3036 4559 oliva
3077 4515 3179 4559 est.
3214 4504 3347 4574 Ego,
3388 4504 3471 4557 in-

270 4604 429 4673 λόγος
454 4603 639 4675 ὥσπερ
667 4600 924 4672 ἄμπελος,
959 4599 1098 4653 οὕτω
1139 4600 1231 4653 καὶ
1259 4598 1416 4653 ἐλαία
1442 4598 1613 4651 ἐστίν’
1660 4599 1823 4667 Ἐγὼ,
1858 4605 1902 4659 D
1930 4616 1975 4669 qi

1763 4599 1823 4663 ὼ,
1858 4605 1902 4659 Ι)
1930 4602 2068 4669 quit,
2100 4601 2234 4654 sicut
2282 4599 2421 4653 oliva
2469 4598 2746 4667 {ructifera
2794 4597 2850 4649 in
2911 4595 3063 4649 domo
3120 4595 3217 4649 Dei
3236 4594 3302 4649 η.
3338 4594 3468 4648 Nam

272 4697 469 4767 φησιν,
514 4692 657 4765 ὠοξει
705 4693 878 4747 ἐλαία
922 4689 1297 4757 κατάκαρπος
1321 4689 1390 4741 ἐν
1432 4686 1513 4751 τῷ
1545 4687 1686 4757 οἵκῳ
1717 4688 1823 4740 τοῦ

273 4782 443 4838 Θεοῦ.
490 4777 551 4834 Ἦ
580 4780 688 4852 γὰρ
714 4780 876 4833 αὑτοῦ
906 4772 1216 4833 διδασκαλία
1241 4774 1380 4830 κατά
1409 4775 1660 4844 διάφορον
1703 4777 1823 4844 σχέ-

272 4888 357 4927 σιν
382 4868 522 4933 οἶνός
550 4888 609 4923 τι
642 4872 735 4925 καὶ
764 4870 937 4925 ἔλαιόν
963 4873 1075 4924 ἐστι
1099 4870 1191 4923 καὶ
1223 4868 1403 4939 ἄρτος.

341 4962 819 5033 Χορτασθήσεται
847 4964 919 5016 τὰ
950 4961 1105 5025 ξύλα
1136 4961 1241 5016 τοῦ
1271 4958 1497 5022 ⁶πεδίου,
1534 4961 1593 5012 al
1625 4958 1820 5028 κέδροι

272 5061 380 5116 τοῦ
405 5056 658 5113 Λιϐάνου
685 5052 756 5119 ἇς
780 5053 1114 5121 ἐφύτευσας
1130 5068 1144 5082 ο
1175 5051 1302 5104 ἐκεῖ
1316 5051 1595 5118 στρουθία
1614 5052 1822 5106 ἐννοσ-

272 5152 592 5209 αεύσουσι.
627 5145 735 5201 Τοῦ
766 5142 1007 5213 ἐρωδιοῦ
1055 5143 1095 5211 ἡ
1144 5142 1300 5195 οικία
1329 5141 1552 5211 ἡγεῖται
1597 5144 1819 5197 αὐτῶνθ

277 5243 385 5314 ὅρη
411 5241 482 5295 τὰ
512 5238 719 5309 ὑψηλὰ
742 5238 869 5303 ταῖς
888 5234 1150 5305 ἐλάφοις,
1174 5232 1356 5300 πέτρα
1374 5234 1680 5304 καταφυγὴ
1704 5234 1824 5300 τοῖς

277 5333 767 5404 χοιρογρυιιλίοις.
818 5330 876 5383 '0
918 5327 1160 5398 Ἐϐραῖος
1217 5323 1311 5377 καὶ⁵
1356 5323 1404 5376 oi
1446 5322 1641 5390 λοιποὶ,
1674 5324 1828 5388 ξύλα

280 5424 386 5478 τοῦ
436 5422 688 5489 Κυρίου,
736 5419 1031 5473 τεθείκασι.
1076 5412 1367 5479 Διεξιλθὼν
1414 5411 1484 5467 τά
1534 5404 1787 5485 κάρπιμα
1810 5454 1825 5477 ,

282 5511 590 5579 ἀναγκαίως
622 5508 939 5581 μνημονεύει
987 5508 1086 5587 καί
1106 5506 1213 5559 τῶν
1241 5504 1519 5587 ἀκάρπων,
1550 5506 1624 5569 ὡς
1668 5506 1830 5574 ἀναγ-

283 5602 442 5659 καίαν
492 5580 794 5670 ἀνθρώποις
845 5599 938 5652 καὶ
990 5580 1166 5656 αὐτῶν
1221 5580 1561 5666 παρεχόντων
1622 5597 1827 5665 χρείαν.

282 5696 382 5751 Διά
407 5691 559 5746 τοῦτο
587 5693 679 5760 καὶ
702 5690 904 5761 Κυρίου
942 5689 1083 5744 αὑτά
1112 5686 1559 5760 προσηγόρευσεν,
1582 5687 1657 5751 ὼς
1677 5688 1832 5738 αὺτο-

354 5849 401 5881 ⁸⁹
428 5846 566 5902 Psal.
598 5861 728 5913 xxii,
763 5845 873 5901 5-7.
950 5848 993 5878 "
1031 5843 1183 5900 Joan.
1221 5858 1307 5909 xv,
1344 5843 1390 5897 Ι.
1468 5843 1508 5875 ⁸⁸
1547 5840 1691 5897 Psal.
1726 5839 1803 5907 LI,’
1833 5841 1916 5897 10.

1931 4692 2051 4760 ejus
2079 4678 2324 4744 doctrina
2352 4689 2649 4744 secundum
2679 4688 2948 4743 diversam
2990 4688 3271 4749 rationem,
3300 4692 3354 4739 et
3386 4684 3462 4737 vi-

1926 4796 2054 4835 num
2082 4790 2137 4834 et
2173 4781 2349 4835 oleum
2374 4788 2428 4835 et
2462 4780 2618 4849 panis
2643 4787 2748 4834 est.
3262 4784 3265 4785 '

1997 4949 2159 5011 Vatis.
2194 4953 2377 5011 16-18.
2410 4953 2801 5010 Saturabuntstr
2835 4955 2978 5025 ligna
2999 4953 3186 5021 campi,
3212 4950 3351 5006 cedri
3378 4950 3469 5004 Li-

1928 5047 2070 5111 bani,
2092 5062 2221 5116 quas
2251 5047 2525 5114 plantasti,
2556 5044 2665 5098 illic
2690 5061 2924 5113 passeres
2955 5040 3311 5111 uidiﬁcabunt.
3334 5040 3462 5113 Ero:

1930 5137 2005 5190 dii
2033 5138 2218 5191 domus
2265 5137 2373 5189 dux
2417 5144 2493 5189 est
2542 5151 2721 5190 eorum
2750 5153 2768 5190 :
2799 5143 2994 5188 montes
3044 5131 3233 5186 excelsi
3284 5133 3465 5196 cervis,

1927 5237 2073 5297 petra
2116 5228 2374 5298 refugium
2413 5226 2712 5289 herinaciis.
2770 5224 3091 5281 Hebraicum
3120 5223 3393 5293 exemplar
3414 5230 3470 5276 et

1928 5320 2121 5389 reliqui
2184 5319 2532 5390 interpretes,
2596 5319 2741 5389 ligna
2795 5315 3029 5380 Domini,
3068 5314 3294 5369 habent.
3330 5312 3468 5367 Cum

1924 5411 2209 5467 fructifera
2262 5406 2655 5477 recensuisset,
2706 5410 3011 5464 necessario
3078 5407 3239 5461 etiam
3289 5404 3469 5458 fructu

1926 5506 2163 5559 carentia
2193 5513 2477 5569 memorat,
2508 5510 2693 5573 utpote
2718 5515 2845 5571 quas
2870 5500 3178 5554 hominibus
3206 5496 3272 5551 ad
3306 5510 3468 5551 usum

1928 5596 2237 5650 necessaria
2263 5596 2392 5651 sint.
2423 5594 2652 5663 Ideoque
2690 5595 2806 5663 ipsa
2861 5591 3073 5648 Domini
3113 5579 3465 5657 nuncupavit.

1933 5693 1990 5737 ut
2024 5693 2213 5755 sponte
2234 5685 2535 5752 nascentia,
2560 5700 2735 5755 neque
2774 5700 2935 5740 manu
2960 5683 3137 5747 culta;
3163 5679 3257 5735 sed
3281 5680 3465 5737 divino
