4318 6426
793 456 928 514 12τ9

1440 451 1704 508 EUSEltll
1739 443 2204 506 cmssmsnsvs
2239 409 2389 501 OPP.
2424 440 2599 506 mas
2627 439 2710 496 ιη.
2733 469 2801 482 -
2838 434 3238 501 EXEGETICA.

3836 415 3976 488 uso

792 567 959 621 verbo
1009 560 1387 632 germinantia.
1443 555 1598 615 Ccdri
1650 559 1839 614 Libani
1859 576 1996 628 quas
2054 555 2325 626 plantasti.
2356 559 2496 620 Λφυ

2270 555 2325 608 ti.
2356 559 2401 616 Α
2427 553 2535 620 φυᾶ
2563 551 2657 604 καὶ
2678 550 2737 602 οὐ
2768 535 3120 618 χειρόκμητα,
3148 544 3283 599 ἀλλὰ
3319 541 3394 613 τῷ
3423 532 3550 612 θείω
3577 542 3719 613 λόγῳ
3745 543 3975 615 βλαστή-

792 653 1028 710 Pulchre
1084 650 1371 706 cedrorum
1426 650 1811 720 plantationem
1877 647 1985 702 Deo
2054 646 2325 714 ascripsit,

796 745 923 815 quia
948 745 1062 799 sine
1087 742 1197 796 ulla
1257 742 1492 795 humana
1538 755 1667 795 cura
1711 741 1767 793 in
1802 747 2003 794 tantam
2056 737 2331 792 celsitudi-

795 851 917 891 nem
949 839 1325 889 excreverunt.
1368 830 1486 886 Non
1532 831 1676 885 enim
1726 830 1986 900 lignarius
2014 828 2207 898 aliquis
2242 840 2335 882 ea—

795 940 916 979 rum
945 925 1121 978 cultor
1155 921 1256 974 fuit
1280 939 1292 984 ;
1319 904 1413 975 sed
1438 920 1674 975 divinum
1701 920 1921 975 verbum
1953 919 2214 972 montium
2244 930 2333 971 ca-

799 1016 1011 1074 Cumina
1043 1015 1128 1068 his
1157 1027 1325 1081 opaca
1357 1011 1500 1065 fecit.
1540 1010 1690 1077 Quod
1742 1010 1787 1064 si
1833 1010 1950 1079 ipse
1989 1006 2332 1078 plantaverit,

797 1121 924 1162 sane
950 1105 1111 1159 utiles
1144 1111 1308 1158 sunt:
1345 1101 1546 1172 optima
1595 1102 1797 1171 quippe
1834 1105 1962 1154 sunt
2005 1109 2342 1168 quacunque.

797 1197 938 1252 Deus
960 1194 1154 1252 eﬂ'ecit.
1177 1192 1310 1248 Cum
1329 1208 1487 1262 porro
1502 1191 1694 1246 Libani
1718 1198 1976 1260 tanquam
1997 1183 2334 1242 celeberrimi

797 1288 1123 1342 mentionem
1185 1287 1330 1350 fecit,
1386 1299 1597 1340 necnon
1662 1283 1946 1338 cedrorum
2004 1280 2145 1350 ejus,
2200 1279 2335 1334 alios

795 1381 957 1434 etiam
982 1387 1188 1433 montes
1217 1386 1270 1432 et
1299 1377 1519 1431 arbores
1553 1376 1637 1430 his
1669 1374 2014 1445 signiﬁcavit.
2052 1371 2176 1426 Illic
2210 1386 2332 1439 pas-

794 1485 932 1523 seres
976 1467 1336 1537 nidiﬁcabunt.
1381 1466 1566 1520 Erodii
1616 1466 1802 1520 domus
1844 1467 1952 1520 dua:
2015 1474 2094 1520 est
2133 1481 2330 1518 eorum.

793 1559 986 1628 Aquila
1031 1561 1109 1614 sic
1146 1559 1309 1614 habet
1347 1574 1360 1610 :
1394 1558 1514 1612 Illic
1572 1575 1688 1612 aves
1740 1558 2104 1628 nidiﬁcabunt.
2139 1554 2333 1630 Erodio

797 1649 987 1706 abiete:
1016 1650 1198 1704 domus
1233 1651 1353 1720 ipsi.
1398 1650 1532 1704 Nam
1587 1650 1670 1705 bas
1718 1650 1848 1720 ipsas
1900 1649 2121 1704 arbores
2173 1648 2343 1701 alium

795 1741 1012 1806 quidem
1057 1742 1388 1807 hominibus,
1419 1741 1582 1796 alium
1613 1755 1739 1796 vero
1774 1740 1962 1796 avibus
2002 1753 2158 1796 usum
2201 1753 2336 1808 pra:-

742 1824 750 1830 ’
795 1828 943 1882 bent.
1516 1834 1520 1838 “

866 2001 1035 2057 Vens.
1084 2002 1170 2057 i9.
1209 2001 1356 2057 Fecit
1390 2004 1566 2058 lunam
1594 2004 1647 2058 in
1669 2013 1899 2075 tempora
1930 2022 1948 2060 :
1981 2005 2061 2061 sol
2104 2007 2332 2076 cognovit

800 2108 1039 2145 occasum
1068 2110 1238 2147 suum.
1265 2095 1422 2174 Cum.
1458 2104 1669 2151 terrena
1724 2097 1902 2151 omnia
1948 2098 2332 2163 recensuisset,

797 2181 1253 2254 invlsibiliumque
1280 2193 1591 2241 naturarum
1638 2179 1960 2242 creationem
1983 2187 2333 2253 exhibuisset,

800 2273 1059 2327 cmlorum
1091 2274 1220 2329 item
1251 2276 1523 2344 opiﬁcium
1566 2277 1983 2340 subindicasset,
2009 2292 2153 2331 nunc
2178 2277 2338 2331 lumi-

798 2363 1012 2417 narium
1041 2364 1368 2418 mentionem
1399 2363 1546 2429 facit,
1577 2380 1696 2433 qua:
1739 2374 1932 2434 quarto
1986 2365 2073 2420 die
2119 2367 2337 2422 condita

799 2461 946 2508 sunt.
978 2452 1088 2508 Nec
1120 2454 1238 2508 sine
1265 2455 1496 2508 consilio
1535 2455 1768 2508 arbitror
1805 2470 1868 2509 ea
1917 2471 2036 2524 qua
2087 2457 2337 2526 superius

797 2541 1154 2611 prastermissa
1175 2540 1513 2606 videbantur,
1549 2541 1764 2612 quando
1799 2542 1865 2597 de
1895 2543 2055 2598 rebus
2103 2545 2338 2600 caelesti-

795 2631 922 2696 bus,
953 2630 1020 2686 de
1051 2632 1285 2687 nubibus
1307 2641 1361 2688 et
1383 2633 1557 2690 ventis
1574 2634 1734 2688 verba
1753 2633 1972 2699 fecerat,
1992 2650 2136 2689 nunc
2161 2649 2337 2690 sermo

799 2722 1060 2787 resumit,
1115 2737 1179 2778 ea
1224 2730 1347 2793 post
1399 2732 1478 2778 tot
1525 2723 1631 2777 alia
1671 2725 1939 2779 recensita
2004 2739 2337 2792 memorans;

798 2826 985 2865 verum
1004 2820 1064 2865 ut
1083 2812 1272 2867 doceat
1311 2814 1422 2868 haec
1448 2830 1662 2885 quoque
1693 2816 1760 2869 ad
1793 2815 2081 2870 utilitatem
2123 2815 2338 2870 condita

800 2897 990 2954 fuisse.
1018 2897 1264 2954 Forsitan
1317 2903 1459 2956 enim
1487 2904 1531 2957 si
1571 2905 1680 2958 haec
1720 2903 1902 2972 primo.
1945 2906 2064 2959 loco
2104 2919 2338 2959 comme-

799 2998 1086 3058 morasset,
1116 2991 1334 3047 occasio
1361 2993 1607 3061 quaedam
1668 2996 1857 3050 relicta
1904 2996 1972 3051 iis
2001 2993 2213 3058 fuisset,
2246 2995 2338 3063 qui

801 3079 958 3149 quasi
989 3080 1171 3136 divina
1199 3089 1252 3136 et
1278 3088 1531 3152 tanquam
1562 3098 1779 3141 causam
1814 3085 2202 3156 productionis
2223 3084 2341 3138 ani-

2430 658 2612 697 σαντα.
2642 643 2711 694 Αἰ
2738 638 2932 706 κέδροι
2967 637 3072 690 τοῦ
3105 635 3358 691 Λιϐάνου
3384 633 3458 700 ἃς
3486 634 3835 702 ἐφύτευσας.
3861 637 3978 689 Κα-

2429 732 2534 796 λῶς
2567 730 2642 800 τῷ
2678 730 2795 801 Θεῷ
2839 727 3181 802 προσέγραψε
3224 725 3330 778 τῶν
3363 724 3564 795 κέδρων
3595 724 3693 795 τήν
3719 725 3938 796 φυτείαν
3957 743 3973 756 ο

2429 823 2507 875 ὅτι
2532 822 2683 884 ἐκτὸς
2712 820 3054 892 ἀνθρωπίνης
3071 816 3379 888 ἐπιμελείας
3425 815 3514 868 ἐπὶ
3541 815 3787 869 τοσοῦτον
3810 814 3978 887 ηὐξή-

2431 913 2616 983 θησαν.
2646 914 2719 966 υύ
2746 913 2854 983 γὰρ
2879 911 3174 981 ἀλσοδιόμος
3197 926 3280 973 τις
3305 907 3508 961 τούτων
3529 906 3718 976 γέγονε
3746 921 3975 979 φυτουρ-

2430 1004 2552 1070 γός’
2581 1002 2692 1056 ἀλλ’
2716 1004 2744 1054 ό
2774 1002 2912 1065 θεῖος
2958 1002 3144 1069 Λόγος,
3185 999 3509 1071 ἀμφιλαφεῖς
3545 999 3640 1062 τάς
3685 997 3794 1052 τῶν
3835 999 3976 1071 ὀρῶν

2432 1094 2719 1165 εἰργάσατο
2761 1093 3020 1164 κορυφάς.
3068 1093 3131 1145 El
3160 1090 3413 1154 δὲαύτὸς
3448 1090 3727 1160 ἐφύτευσε,
3762 1090 3979 1154 πάντως

2431 1185 2511 1237 ὅτι
2545 1186 2782 1256 χρήσιμα
2801 1202 2815 1215 ο
2851 1185 3025 1238 πάντα
3060 1183 3166 1254 γὰρ
3196 1184 3294 1237 ὅσα
3327 1181 3579 1252 ἐποίησεν
3606 1184 3634 1236 ό
3659 1179 3809 1246 Θεὸς,
3837 1181 3978 1235 καλά

2432 1275 2566 1330 λίαν.
2600 1276 2704 1329 Τοῦ
2747 1275 2846 1347 μὲν
2887 1275 3114 1330 Λιδάνου
3156 1274 3231 1337 ὡς
3272 1273 3542 1342 ἐπισήμου
3587 1271 3976 1345 μνημονεύσας,

2432 1365 2523 1418 καὶ
2550 1365 2656 1420 τῶν
2685 1366 2742 1420 ὲν
2781 1365 2928 1436 αὐτῷ
2955 1365 3179 1437 κέδρων,
3211 1364 3306 1418 καὶ
3333 1363 3400 1417 τὰ
3427 1362 3560 1417 ἄλλα
3585 1363 3686 1434 ὅρη
3730 1363 3822 1416 διαὶ
3859 1362 3975 1417 δέν-

2432 1457 2533 1527 δρα
2574 1457 2661 1510 διὰ
2707 1458 2921 1512 τούτων»
2949 1455 3231 1528 ἱδήλωσεν.
3269 1455 3433 1509 Ἐκεῖ
3453 1455 3737 1522 στρουθία
3764 1455 3978 1508 ἐννοσ-

2430 1544 2743 1602 σεύσουσι.
2771 1548 2880 1603 Τοῦ
2903 1547 3142 1617 ἀρωιοῦ
3170 1548 3207 1615 ἠ
3239 1547 3394 1601 οἰκία
3422 1541 3643 1616 ἡγεῖται
3670 1543 3884 1602 αὐτῶν.
3920 1545 3980 1598 '0

2444 1639 2670 1703 ’Δκύλας
2695 1638 2863 1704 οὓτως
2898 1638 3043 1709 ἔχει·
3097 1622 3467 1707 Ἐκεῖῖδρνεα
3504 1629 3974 1691 νοσσεύσοὺσιν.

2445 1727 2690 1796 Ἔρωδιῷ
2723 1727 2926 1782 ἐλάται
2955 1725 3116 1793 οἷκος
3147 1725 3322 1791 αὐτῷ.
3354 1727 3432 1779 Τά
3463 1725 3570 1798 γάρ
3617 1725 3752 1780 αὐτὰ
3793 1726 3981 1799 δένδρα

2434 1819 2595 1889 ἄλλην
2647 1819 2745 1890 μὲν
2785 1815 3087 1890 ἀνθρώποις
3125 1816 3331 1888 χρείαν,
3361 1815 3524 1887 ἀλλην
3550 1815 3606 1880 δὲ
3644 1817 3753 1880 τοῖς
3778 1815 3980 1888 ὀρνέοις

2363 1884 2408 1944 Β
2437 1927 2510 1964 πα
2518 1884 2676 1981 ρέχεί.

2517 2001 2790 2070 Ἐποίησε
2819 2000 3088 2068 σελήνην
3122 2003 3208 2067 είς
3250 1999 3509 2069 καιρούς-τ
3556 2002 3589 2055 ὀ
3622 1999 3793 2068 ἣλιος
3830 2000 3982 2070 ἔγνω

2433 2092 2548 2161 τὴν
2575 2091 2750 2147 δύσιν
2778 2091 2982 2147 αὑτοῦ.
3009 2092 3088 2169 Τά
3129 2092 3270 2146 κατά
3303 2093 3405 2162 γῆν
3434 2091 3644 2146 ἅπαντα
3679 2088 3979 2158 διεξελθὼν,

2406 2184 2528 2237 ικαὶ
2566 2181 2670 2236 τῶν
2714 2181 2956 2253 ἀοράτων
2994 2185 3205 2252 φύσεων
3243 2185 3341 2254 τὴν
3376 2179 3732 2254 δημιουργίαν
3772 2180 3979 2245 δείξας,

2435 2274 2528 2328 καὶ
2551 2271 2656 2325 τῶν
2681 2271 2918 2342 οὐρανῶν
2943 2272 3224 2342 ὑποδείξας
3249 2273 3346 2343 τὴν
3371 2271 3605 2340 ποίησιν,
3637 2269 3731 2324 νῦν
3755 2270 3850 2324 καὶ
3878 2268 3984 2324 τῶν

2437 2366 2732 2436 φωστήρων
2764 2365 2994 2416 ποιεῖται
3017 2364 3117 2434 τήν
3149 2364 3385 2434 μνήμην,
3413 2362 3462 2414 οἲ
3497 2360 3636 2414 κατά
3659 2360 3757 2431 τὴν
3790 2361 3988 2432 τετάρ-

2436 2474 2531 2527 την
2554 2455 2764 2527 ἡμέραν
2797 2453 3056 2523 ὲγένοντο.
3087 2451 3200 2508 Οὐκ
3227 2453 3479 2516 ἀσκόπως
3499 2452 3573 2516 δὲ,
3606 2446 3756 2521 οἴμαι
3799 2450 3869 2504 τά
3902 2450 3987 2504 δό-

2437 2548 2598 2611 ξαντα
2626 2547 2681 2600 ὲν
2712 2547 2821 2608 τοῖς
2851 2547 2961 2601 ἀνω
3004 2541 3441 2615 παραλελεῖφθαι,
3472 2543 3561 2596 ὅτε
3587 2542 3655 2595 τά
3677 2545 3795 2596 κατ’
3823 2542 3988 2613 οὐρα-

2437 2635 2525 2687 νὸν
2552 2636 2644 2687 καὶ
2691 2633 2758 2687 τὰ
2795 2633 2921 2706 περὶ
2958 2634 3144 2705 νεφῶν.
3174 2633 3274 2688 καὶ
3300 2633 3535 2704 ἀνέμωνν
3555 2631 3789 2701 ἐλέγετο,
3831 2631 3925 2684 νῦν
3956 2631 3987 2684 ό

2436 2725 2589 2793 λόγος
2648 2724 3076 2795 ὲπαναλαμὸάνει
3101 2765 3116 2790 ,
3162 2723 3296 2794 μετά
3342 2723 3570 2776 τοσαῦτα
3613 2719 3986 2794 μνημονεύσας

2437 2815 2632 2881 αὐτῶν,
2671 2814 2786 2867 ἀλλ’
2816 2813 2955 2886 ὑπὲρ
2985 2814 3076 2868 τοῦ
3112 2812 3340 2879 διδάξαι,
3369 2815 3454 2867 ὅτι
3480 2813 3576 2869 καὶ
3606 2812 3778 2868 ταῦτα
3801 2813 3988 2884 χρείας

2436 2903 2616 2957 ἕνεκεν
2642 2903 2865 2973 ὑπέστη.
2894 2903 3044 2972 Τάχα
3069 2903 3196 2974 γὰρ,
3226 2905 3286 2960 εἰ,
3307 2903 3517 2974 πρῶτον
3547 2901 3724 2957 αὐτῶν
3749 2901 3988 2973 ἐμνημόν-

2437 2993 2866 3065 νευσεν,ἀφορμή
2889 3010 2973 3056 τις
2999 2994 3342 3046 κατελείπετο
3355 2993 3565 3057 τοῖςώς
3589 2991 3706 3064 θεῖα
3725 2993 3835 3047 δεῖν
3850 2991 3989 3046 αὐτὰ

2440 3089 2613 3144 σέὸειν
2654 3089 2991 3162 ἡγουμένοις,
3042 3088 3147 3142 καὶ
3177 3087 3252 3152 ὡς
3302 3088 3447 3141 αίτια
3491 3085 3589 3156 τῆς
3619 3085 3726 3140 τῶν
3752 3087 3846 3140 ἐπὶ
3882 3085 3988 3156 γῆς

801 3169 1025 3222 malium
1086 3178 1164 3224 et.
1201 3170 1473 3226 fructuum
1520 3179 1696 3238 terras,
1755 3175 1874 3244 ipsa
1939 3173 2161 3229 colenda
2218 3188 2340 3230 esse
2367 3210 2408 3267 ο
2440 3180 2506 3243 (di

2283 3188 2340 3267 se
2367 3210 2408 3267 α
2440 3180 2600 3243 ζώωνλ
2624 3197 2685 3233 τε
2726 3180 2820 3233 καὶ
2852 3178 3075 3254 καρπῶν
3107 3179 3429 3241 συστάσεως.
3467 3177 3637 3243 Τοῦτο
3664 3176 3793 3247 γοῦν
3817 3179 3865 3230 οί
3889 3178 3985 3249 τῆς

803 3256 1091 3314 duxerunt.
1116 3257 1231 3315 Hoc
1271 3276 1461 3334 nempe
1481 3277 1604 3321 cum
1637 3264 1713 3320 illi
1740 3265 1834 3335 qui
1864 3279 1895 3319 a
1942 3265 2137 3334 pietate
2181 3265 2340 3319 alieni

801 3354 958 3404 erant
1001 3350 1408 3421 existimarent;
1439 3355 1676 3409 animum
1707 3356 2028 3426 appulerunt
2064 3365 2124 3411 ut
2175 3357 2342 3411 solem

800 3441 859 3488 et
893 3435 1096 3504 lunam,
1123 3446 1378 3510 tanquam
1411 3442 1543 3497 deos
1598 3444 1984 3514 generationis,
2021 3443 2262 3498 alimenti
2291 3451 2344 3498 et

804 3525 1119 3584 incrementi
1161 3533 1332 3586 nostri
1365 3541 1636 3601 auctores,
1673 3536 1929 3590 colerent.
1970 3535 2072 3590 Sed
2132 3535 2344 3590 divinus

806 3633 982 3674 sermo
1010 3619 1064 3675 id
1093 3622 1314 3678 minime
1341 3627 1534 3693 probat
1568 3645 1580 3678 :
1613 3627 1888 3681 enimvero
1919 3626 2160 3689 alIirmat,
2183 3627 2343 3680 etiam

807 3708 940 3764 citra
967 3711 1173 3777 isthaec,
1200 3713 1558 3769 universalem
1605 3715 1750 3770 illam
1793 3715 1888 3772 Dei
1934 3717 2343 3786 providentiam,

807 3813 916 3853 non
943 3801 1118 3854 solum
1144 3817 1263 3870 quae
1292 3803 1348 3857 in
1380 3805 1554 3869 ccelis,
1587 3806 1680 3860 sed
1709 3807 1872 3862 etiam
1910 3815 2043 3876 quae‘
2086 3810 2140 3862 in
2181 3818 2343 3874 terra,

807 3888 1060 3944 animalia
1089 3907 1279 3962 nempe
1294 3895 1630 3966 plantasque,
1662 3898 2008 3966 produxisse.
2055 3898 2179 3954 Haec
2221 3899 2346 3954 item

807 3975 1021 4050 Moyses
1043 3988 1101 4036 ut
1120 3983 1356 4048 doceret,
1373 3987 1547 4054 primo
1574 3989 1878 4058 plantarum
1901 3991 2235 4045 terrestrium
2259 4005 2348 4044 οι·-
2383 4008 2385 4010 ·

807 4076 945 4136 tum,
962 4071 1156 4127 deinde
1168 4073 1510 4130 luminarium
1529 4076 1933 4146 productionem
1951 4077 2179 4131 induxit.
2195 4076 2348 4134 Nunc

808 4159 938 4214 item
965 4161 1132 4218 David
1152 4164 1330 4219 denuo
1349 4167 1580 4220 recurrit
1599 4166 1666 4220 ad
1686 4168 1986 4223 caelestium
2006 4169 2150 4222 illam
2171 4170 2349 4239 provi-

811 4251 1070 4323 dentiam,
1102 4272 1165 4311 ac
1189 4259 1339 4312 nulla
1386 4260 1492 4313 alia
1544 4260 1612 4315 de
1651 4274 1816 4315 causa
1862 4263 2134 4317 conditam
2165 4263 2346 4316 lunam

812 4342 981 4401 fuisse
1004 4347 1271 4416 ait,quam
1291 4349 1359 4402 ad
1381 4352 1838 4406 enumerationem
1864 4359 1917 4406 et
1934 4352 2178 4406 notitiam
2201 4367 2348 4406 men-

815 4436 955 4491 sium
976 4446 1030 4492 et
1044 4438 1251 4492 dierum
1271 4455 1284 4489 :
1301 4455 1422 4493 nam
1440 4440 1590 4506 illud,
1609 4442 1661 4494 in
1678 4450 1922 4509 tempora,
1938 4441 2167 4510 idipsum
2183 4442 2349 4511 signi-

815 4525 974 4593 ﬁcat;
1005 4528 1057 4582 id
1088 4538 1190 4594 est,
1224 4538 1283 4585 ut
1297 4531 1745 4588 conversionibus
1765 4531 1884 4600 ejus
1919 4542 2216 4600 temporum
2240 4547 2350 4585 mu-

814 4618 1049 4671 tationes
1089 4617 1502 4687 dignoscantur,
1549 4637 1612 4676 ac
1655 4637 1867 4677 menses
1907 4631 2257 4675 numerentur
2297 4629 2354 4676 et

815 4708 965 4762 anni.
986 4707 1118 4763 Nam
1166 4711 1307 4764 lunae
1353 4715 1678 4768 variationes
1703 4713 1760 4768 id
1797 4721 2072 4784 prtestant,
2105 4723 2162 4767 ut
2185 4715 2354 4784 possit

714 4879 715 4882 η
815 4806 1028 4870 tempus
1079 4804 1624 4860 numerarizmensis
1672 4806 1867 4876 quippe
1906 4822 2215 4861 mensuram
2263 4808 2353 4861 illa

817 4889 1645 4965 incrementoimminutioneque
1678 4912 1776 4952 sua
1806 4897 2002 4964 efﬁcit;
2033 4899 2107 4951 ita
2135 4906 2193 4951 ut
2214 4899 2353 4953 lunae

817 4983 1019 5036 creatio
1065 4985 1130 5039 ad
1189 4992 1489 5052 temporum
1540 4987 1838 5041 doctrinam
1869 4987 2010 5042 facta
2041 4988 2131 5043 sit.
2173 4987 2355 5057 Neque

819 5070 1028 5140 modica
1053 5074 1177 5128 hinc
1206 5075 1408 5128 utilitas
1436 5078 1632 5139 evenit,
1657 5074 1800 5146 quod
1840 5078 2044 5131 scilicet
2069 5085 2353 5148 tempesta-

819 5170 901 5218 tes
959 5162 1375 5232 dignoscantur,
1435 5174 1488 5218 et
1547 5167 1614 5221 ad
1655 5169 1834 5222 omnia
1893 5169 2183 5239 quemlibet
2237 5183 2358 5223 sese

821 5251 1084 5308 adornare
1139 5255 1366 5312 facultas
1405 5259 1494 5311 sit.
1540 5257 1594 5311 Si
1628 5258 1770 5311 enim
1800 5273 1906 5312 non
1944 5260 2016 5313 ita
2051 5275 2108 5316 se
2144 5273 2230 5315 res
2261 5259 2357 5312 ha-

821 5342 992 5409 beret,
1023 5345 1204 5399 omnia
1226 5358 1445 5402 ruerent
1473 5350 1525 5402 in
1567 5349 1790 5404 exitium
1817 5366 1832 5414 ;
1863 5364 1984 5403 cum
2015 5365 2186 5420 neque
2217 5352 2358 5420 agri-

822 5436 958 5501 cola,
999 5452 1174 5507 neque
1219 5447 1403 5502 nauta,
1437 5442 1518 5494 vel
1567 5449 1764 5495 terram
1799 5441 1883 5495 vel
1930 5455 2077 5495 mare
2117 5442 2358 5496 sulcandi

827 5536 1188 5595 opportunum
1244 5536 1454 5600 tempus
1501 5534 1865 5600 internoscere
1920 5534 2175 5588 valerent.
2236 5533 2359 5589 Haec

829 5629 989 5683 porro
1015 5627 1311 5688 temporum
1349 5621 1554 5684 notitia,
1595 5637 1701 5677 non
1730 5624 2035 5679 hominibus
2062 5624 2242 5688 modo,
2265 5623 2359 5678 sed

827 5705 987 5758 etiam
1021 5703 1193 5762 brutis
1235 5709 1426 5764 idonea
1467 5712 1855 5784 utilissimaque
1882 5722 1983 5769 est.
2025 5714 2098 5767 De
2133 5714 2362 5768 Iumina-

829 5795 976 5850 ribus
1020 5797 1175 5852 etiam
1230 5799 1283 5853 in
1320 5800 1510 5860 Genesi
1555 5803 1784 5859 dicitur:
1818 5805 1930 5851 Si»!
1967 5807 2018 5842 δη
2045 5806 2187 5850 «iam
2228 5815 2274 5857 et
2308 5807 2360 5860 in

2441 3269 2716 3333 εὐσεϐείας
2737 3269 3338 3338 ἀλλότριοι,νομίσαντες
3360 3269 3688 3342 ὡρμήθησαν
3713 3267 3888 3344 σέϐειν
3910 3268 3986 3331 ὡς
4014 3307 4019 3310 .

2442 3362 2594 3425 θεοὺς
2621 3360 2766 3431 ήλιον
2792 3361 2884 3414 καὶ
2929 3360 3175 3431 σελήνην,
3205 3359 3279 3423 ὡς
3305 3360 3369 3414 ἂν
3414 3360 3512 3430 τῆς
3544 3358 3812 3432 ἡμετέρας
3837 3360 3988 3429 γενέ-

2445 3451 2580 3514 σεώς
2620 3469 2682 3522 τε
2731 3451 2823 3504 καὶ
2865 3449 3068 3522 τροφῆς
3113 3451 3204 3505 καὶ
3247 3449 3522 3522 αὐξήσεως
3562 3449 3782 3512 αἰτίους.
3846 3449 3985 3503 Ἀλλ’

2442 3541 2620 3594 οὐκέτι
2643 3540 2673 3592 ὁ
2698 3540 2838 3604 θεῖος
2874 3541 3028 3610 λόγος
3063 3541 3216 3596 τοῦτο
3256 3542 3600 3615 παρίστησιν,
3630 3539 3741 3595 ἀλλ’
3777 3542 3858 3595 δτι
3893 3541 3989 3595 καὶ

2442 3630 2640 3684 τούτων
2695 3631 2849 3695 ἐκτὸς
2872 3633 2906 3702 ή
2933 3629 3160 3685 καθόλου
3195 3632 3414 3702 πρόνοια
3444 3630 3537 3684 τοῦ
3571 3617 3724 3688 Θεοῦ’
3743 3633 3803 3685 οὐ
3832 3633 3989 3703 μόνον

2441 3716 2511 3770 τὰ
2549 3720 2665 3772 κατ’
2707 3721 2950 3791 οὐρανὸν,
2994 3719 3128 3773 ἀλλὰ
3165 3721 3258 3773 καὶ
3285 3721 3357 3774 τά
3378 3723 3468 3774 ἐπὶ
3492 3722 3595 3792 γῆς
3631 3725 3990 3795 συνεστήσατο

2444 3810 2558 3875 ζῶα
2577 3828 2635 3863 τε
2657 3812 2748 3865 καὶ
2765 3813 2922 3881 φυτά.
2940 3811 3110 3865 Τοῦτο
3132 3813 3226 3866 καὶ⁵
3245 3812 3446 3881 Μωσῆς
3467 3811 3670 3878 διδάξαι
3692 3812 3986 3885 βουληθεὶς,

2444 3899 2659 3972 πρῶτον
2694 3902 2953 3974 είσήγαγε
2984 3903 3082 3974 τὴν
3116 3902 3222 3956 τῶν
3266 3901 3373 3955 ἀπὸ
3405 3902 3508 3972 γῆς
3547 3901 3729 3972 φυτῶν
3756 3904 3988 3972 γένεσιν,

2445 3990 2542 4047 εἷθ’
2567 3994 2734 4059 οὕτως
2759 3995 2856 4067 τήν
2879 3994 2990 4049 τῶν
3012 3995 3309 4066 φωστήρωιν
3335 3993 3605 4070 σύστασιν.
3650 3994 3758 4047 Καὶ
3799 3995 3892 4048 νῦν
3934 3995 3991 4049 δὲ

2442 4090 2471 4140 ό
2492 4086 2650 4140 Δαυτδ
2675 4087 2957 4158 ἀνατρέχει
2979 4085 3136 4140 πάλιν
3155 4085 3246 4138 ﬁt!
3265 4083 3362 4154 τήν
3382 4084 3440 4138 ὲν
3459 4084 3702 4156 οὐρανοῖς
3721 4088 3990 4158 πρόνοιαν,

2443 4177 2509 4230 δι’
2549 4177 2699 4231 οὐδὲν
2742 4177 2927 4248 ἓτερον
2966 4177 3067 4248 ’τὴν
3109 4175 3340 4250 σελήνην
3384 4177 3704 4249 γεγενῆσθαι
3728 4179 3918 4248 λέγων,
3954 4180 3994 4251 ἢ

2444 4269 2578 4340 πρὸς
2607 4267 2833 4339 ἀριθμὸν
2873 4269 2964 4322 καὶ
3007 4267 3290 4336 διάγνωσιν
3334 4269 3516 4340 μηνῶν
3539 4287 3598 4323 τε
3623 4275 3715 4324 καὶ
3740 4270 3989 4342 ήμερῶν·

2445 4357 2504 4409 τὸ
2539 4358 2667 4427 γὰρ,
2685 4359 2770 4421 εις
2792 4356 3056 4425 καιροὺς,
3085 4356 3240 4410 τοῦτο
3273 4358 3452 4430 δηλοῖ·
3493 4359 3893 4424 τουτέοτιν,εἱς
3931 4356 3995 4411 τὸ

2446 4443 2816 4513 διαγινώσκειν
2838 4444 2925 4498 διὰ
2945 4445 3053 4524 τῶν
3074 4448 3130 4500 ἑν
3153 4448 3292 4520 αὐτῇ
3306 4449 3519 4520 τροπῶν
3541 4447 3639 4511 τάς
3661 4449 3768 4500 τῶν
3791 4446 4012 4517 καιρῶν.

2380 4537 2423 4591 Ι)
2451 4533 2766 4604 μετασολάς,
2798 4535 2878 4597 είς
2902 4518 2974 4587 τδ
3001 4519 3178 4606 ’μῆνας
3203 4518 3451 4609 ἀριθμεῖν
3478 4538 3571 4591 καὶ
3603 4537 3893 4600 ἐνιαυτούς.
3929 4538 3993 4591 Ai

2450 4627 2558 4696 γὰρ
2596 4626 2694 4696 τῆς
2732 4626 2955 4697 σελήνης
2999 4626 3305 4698 ἀλλοιώσεις
3333 4627 3641 4699 μετρεῖσθαι
3673 4627 3765 4681 τὸν
3809 4629 4004 4701 χρόνον,

2441 4716 2916 4790 ⁴παρασκευάζουσι
2932 4719 2946 4748 ί
2971 4717 3063 4771 τοῦ
3084 4718 3191 4790 γάρ
3214 4719 3377 4790 μηνδς
3395 4718 3458 4770 τδ
3478 4717 3672 4790 μέτρον
3693 4718 3829 4791 αὕτη
3853 4723 4010 4776 ποιεῖς

2450 4810 2508 4861 ὲν
2543 4809 2826 4873 τοσαύταις
2865 4808 3096 4880 ἡμέραις
3139 4806 3540 4879 αὒξάνουσάιτε
3575 4809 3673 4865 καὶ·
3700 4810 3954 4880 φθίνουσα
3976 4829 4006 4845 ’-

2451 4896 2589 4950 ὥστε
2613 4900 2646 4967 ἡ
2684 4897 2782 4967 τῆς
2825 4897 3048 4967 σελήνης
3075 4895 3400 4967 δημιουργία
3425 4895 3512 4949 διὰ
3535 4897 3633 4969 τὴν
3657 4898 3762 4952 τῶν
3791 4901 4012 4972 καιρῶν.

2451 4987 2789 5040 διδασκαλίαν
2816 4986 3052 5055 γέγονεν·
3082 4987 3192 5057 Οὐχ
3224 4989 3258 5056 η
3291 4984 3521 5055 τυχοῦσα
3551 4989 3609 5042 δὲ
3637 4988 3794 5059 χρεία
3817 4988 4000 5043 ἐντεῦ-

2453 5080 2541 5132 θεν
2565 5079 2778 5132 ἀνύεται
2813 5081 2875 5132 ὲκ
2902 5078 2994 5131 τοῦ
3029 5080 3247 5149 καιροὺς
3288 5079 3483 5131 εἰδέναι
3527 5080 3620 5132 καὶ
3648 5082 3996 5149 παρασκευά-

2453 5168 2635 5232 ζεσθαι
2665 5170 2797 5240 πρὸς
2828 5169 3064 5223 ἅπαντα·
3105 5167 3200 5231 ὡς,
3229 5169 3279 5219 εί
3307 5171 3378 5239 μὴ
3417 5169 3571 5222 τοῦτο
3595 5164 3684 5239 ἦν,
3725 5166 3901 5224 πάντα
3932 5170 4006 5225 ἂν

2453 5259 2735 5321 ἀπολώλει,
2762 5259 2884 5314 οὔτε
2919 5258 3184 5329 γεωργοῦ,
3224 5256 3344 5310 οὕτε
3376 5260 3589 5321 ναύτου,
3622 5255 3716 5310 τοῦ
3767 5259 3864 5328 μὲν
3901 5263 4000 5333 τὴν

2455 5349 2553 5418 γῆν
2577 5348 2909 5418 ἀνατέμνειν,
2931 5346 3024 5401 τοῦ
3048 5347 3105 5400 δὲ
3125 5346 3223 5415 τὴν
3245 5345 3514 5424 θάλασσαν
3535 5346 3728 5409 εἰδότος
3747 5349 3806 5400 ὲν
3825 5349 4000 5421 καιρῷ

2455 5435 2530 5506 τῷ
2565 5439 2902 5508 προσήκοντι.
2921 5435 3080 5506 ,Δῦτη
3115 5436 3148 5506 ή
3180 5437 3244 5489 ὲκ
3268 5438 3373 5490 τῶν
3401 5436 3606 5508 καιρῶν
3626 5437 3828 5493 τούτων
3858 5442 3998 5510 γνῶ-

2458 5547 2540 5593 σις
2565 5532 2664 5584 οὐκ
2690 5514 2992 5599 ἀνθρώποις
3024 5527 3200 5598 μόνον,
3226 5527 3358 5582 ἀλλὰ
3386 5531 3478 5583 καὶ
3493 5527 3704 5597 ἀλόγοις
3726 5531 4002 5601 ἐπιτηδεία

2459 5627 2551 5678 καὶ
2603 5624 3014 5698 χρησιμωτάτη.
3046 5620 3181 5694 Περὶ
3221 5619 3327 5674 τῶν
3366 5620 3664 5689 φωστήρων
3705 5622 3798 5675 καὶ
3836 5622 3896 5674 ἐν
3932 5623 3998 5690 τῇ

2458 5716 2664 5769 Γενέσει
2699 5716 2927 5785 εἴρηται·
2971 5711 3276 5763 Ἔστωσαν
3297 5712 3382 5775 είς
3408 5707 3623 5776 σημεῖα
3650 5709 3746 5762 καὶ
3767 5709 3854 5774 εις
3879 5723 4000 5761 και-

2457 5805 2617 5864 οοὺς.
2663 5805 2756 5858 καὶ
2799 5807 2883 5870 εις
2916 5802 3132 5872 ἡμέρας
3164 5803 3260 5858 καὶ
3295 5805 3379 5866 είς
3418 5801 3752 5854 ἐνιαιιτούρ·
3784 5800 3864 5846 εἰσ
3903 5813 3998 5853 ση-
