4318 6400
782 521 918 578 ηὸδ

1449 521 1713 580 EUSEBll
1747 517 2216 579 CAESABIENSIS
2245 519 2393 576 OPP.
2433 518 2612 576 PARS
2645 519 2820 575 Ill.--
2856 516 3256 575 EXEGETICA.

3831 498 3970 569 test

782 644 1068 691 versentur
1097 681 1109 703 ,
1141 654 1244 691 non
1270 638 1509 694 funditus
1543 639 1610 694 ab
1636 639 1742 693 illis
1787 638 2171 703 absumantur;
2197 649 2322 691 nam
2352 653 2437 711 Αι

2468 634 2563 699 Dat,
2587 633 2681 689 καὶ
2708 633 2782 706 μὴ
2805 631 3079 712 παντελῶς
3104 632 3198 685 ὑπ’·
3218 629 3436 685 ἐκείνων
3458 626 3967 683 καταναλίσκεσθαι·

783 728 1045 781 validiora
1067 728 1274 782 inﬁrma
1310 729 1588 793 devorant,
1619 744 1719 784 nec
1747 730 1961 798 penitus
1991 729 2277 783 destruunt
2309 746 2322 781 :

787 817 912 887 quia
943 828 1231 888 proventus
1260 836 1547 890 expensam
1572 824 1806 892 superat.
1838 820 1933 876 His
1958 820 2163 875 similes
2205 827 2331 874 sunt

787 918 1048 979 quotquot
1080 910 1221 966 inter
1254 912 1498 967 homines
1526 927 1620 967 eos
1649 914 1739 982 qui
1768 911 2050 967 inferiores
2074 911 2175 966 sibi
2207 919 2331 966 sunt

787 1000 1061 1056 devorant.
1111 1001 1312 1057 Verum
1364 1005 1453 1058 illa
1488 1004 1704 1074 quidem
1751 1006 1908 1075 culpa
1944 1004 2331 1059 vacant:illud

786 1094 927 1146 enim
979 1109 1044 1149 ex
1088 1102 1286 1149 natura
1335 1096 1618 1168 contingit,
1664 1104 1723 1151 tu
1763 1108 1891 1151 Vero
1941 1113 2012 1152 ne
2052 1098 2331 1151 minimam

760 1188 762 1192 ’
786 1186 1004 1256 quidem
1028 1188 1105 1241 tui
1137 1189 1410 1259 purgandi,
1439 1190 1579 1243 viam
1601 1192 1860 1260 reperias.
1894 1190 1987 1260 qui
2019 1205 2144 1244 cum
2167 1197 2222 1244 et
2242 1201 2333 1242 ra-

767 1277 932 1332 tione
953 1285 1006 1332 et
1036 1280 1153 1350 lege
1180 1280 1476 1336 honoratus
1505 1281 1601 1346 sis,
1624 1281 1693 1335 ad
1721 1282 1866 1334 illam
1885 1281 2170 1336 brutorum
2200 1295 2333 1335 con-

787 1367 1056 1425 fusionem
1085 1371 1290 1426 ordinis
1317 1372 1576 1427 declinas.
1609 1373 1868 1428 Caeterum
1901 1373 2110 1443 νει)ιὶιῶ
2161 1373 2335 1443 pisces

785 1465 943 1513 vocat
969 1474 980 1508 :
1003 1458 1131 1528 quia
1153 1459 1385 1530 pedibus
1409 1471 1598 1514 carent
1612 1467 1666 1514 et
1679 1463 1834 1530 quasi
1865 1462 1919 1515 in
1938 1463 2074 1516 mari
2100 1469 2333 1533 reptant,

788 1557 846 1603 ut
875 1551 1087 1620 reptilia
1117 1551 1170 1603 in
1197 1558 1360 1606 terra.

860 1642 985 1695 Illic
1011 1659 1163 1696 naves
1210 1651 1592 1711 pertranseunt,
1629 1642 1683 1696 in
1717 1643 1852 1696 mari
1884 1641 2154 1698 videlicet.
2199 1643 2335 1697 Cum

789 1734 1115 1789 declarasset
1163 1743 1416 1804 quantam
1472 1735 1780 1804 progeniem
1832 1748 1979 1788 mare
2017 1733 2338 1798 nutriat,et

789 1827 930 1896 quod
953 1841 1123 1895 neque
1138 1826 1389 1879 animalia
1407 1827 1523 1895 ejus
1540 1841 1786 1890 numero,
1807 1841 1980 1895 neque
1997 1826 2174 1895 ipsum
2191 1840 2339 1879 men-

789 1929 916 1970 sura
944 1915 1197 1968 aestimari
1227 1916 1433 1976 valeat;
1460 1915 1574 1985 jam
1609 1923 1831 1984 enarrat
1864 1929 2025 1982 quam
2061 1914 2132 1969 sit
2163 1915 2338 1990 ipsum

2430 726 2707 796 βόσκονται
2734 724 2841 797 γὰρ
2876 726 2925 777 oi
2965 712 3315 794 δυνατώτεροι
3350 723 3474 784 τοὺς
3504 719 3971 788 καταδεεστέρους,

2430 819 2521 871 καὶ
2543 819 2642 872 οὐκ
2668 815 3031 888 ἀνηλώκασιν,
3058 813 3191 867 ἀλλὰ
3216 813 3338 883 νικᾷ
3359 811 3457 882 τὴν
3478 811 3718 880 δαπάνην
3750 811 3783 878 ἡ
3812 807 3978 878 πρόσ-

2430 910 2564 974 οδος.
2630 908 2866 972 Τούτοις
2897 908 3132 962 δοίκασιν
3178 906 3292 958 ὅσοι
3347 903 3454 956 τῶν
3507 901 3806 973 ἀνθρώπων
3856 901 3980 960 τοὺς

2431 1001 2874 1071 καταδεεστέρους
2929 998 3330 1051 καταπίνουσιν.
3380 993 3516 1047 Ἀλλ’
3567 995 3681 1046 ὲκεῖ
3735 990 3832 1060 μὲν
3882 989 3981 1041 οὐκ

2433 1093 2677 1164 ἔγκλημα
2716 1090 2775 1143 τὸ
2829 1090 3104 1158 γινόμενον
3129 1104 3141 1117 ·
3197 1085 3405 1154 φύσεως
3443 1082 3549 1153 γάρ
3593 1084 3706 1135 ἐστι
3750 1080 3808 1134 τὸ
3842 1098 3973 1149 συμ-

2434 1185 2610 1237 ϐαῖνον
2628 1199 2641 1211 ·
2681 1183 2744 1234 σὺ
2770 1180 2827 1234 δὲ
2861 1177 2980 1232 οὐδὲ
3009 1176 3134 1246 μίαν
3162 1173 3300 1240 ἕξεις
3327 1171 3639 1241 ἀπολογίαν,
3667 1172 3695 1222 ό
3718 1165 3861 1238 λόγῳ
3890 1168 3983 1220 καί

2434 1276 2580 1345 νόμῳ
2602 1270 2957 1342 τετιμημένος
2981 1269 3073 1321 καὶ
3093 1265 3225 1336 πρὸς
3245 1267 3343 1335 τὴν
3365 1264 3470 1318 τῶν
3493 1263 3699 1330 ἀλόγων
3728 1261 3983 1332 σύγχυσιν

2436 1365 2621 1418 ἑαυτὸν
2646 1364 2870 1430 ἐξάγων.
2908 1358 3146 1431 Ἐρπετά
3175 1373 3238 1424 γε
3278 1355 3383 1425 μὴν
3418 1356 3540 1416 τοὺς
3567 1353 3752 1422 ἰχθύας
3788 1349 3984 1420 ὀνομά-

2435 1457 2535 1521 ζει,
2578 1455 2668 1507 διὰ
2715 1456 2773 1507 τὸ
2821 1451 3021 1513 ἄποδας
3070 1449 3263 1510 αὐτοὺς
3320 1445 3478 1500 οἱονεὶ
3521 1441 3868 1512 ἐπισύρεσθαι
3910 1439 3987 1510 τῷ

2436 1549 2606 1611 ὕδατι,
2635 1546 2708 1608 ὠς
2738 1543 2804 1596 τὰ
2829 1539 3131 1614 έρπυστικά
3157 1542 3223 1610 τῇ
3252 1541 3344 1610 γῇ.

2516 1637 2668 1692 Ἐκεῖ
2715 1635 2896 1689 πλοῖα
2941 1632 3424 1700 διαπορεύονται·
3487 1629 3573 1682 Ἐν
3633 1629 3698 1697 τῇ
3748 1625 3991 1695 θαλάσσῃ

2435 1731 2653 1801 δηλαδή.
2693 1726 2872 1782 Εἰπὼν
2899 1726 3027 1795 ὅσην
3051 1723 3085 1796 ἠ
3124 1723 3364 1776 θάλασσα
3391 1717 3645 1792 ἐκτρέφει
3673 1716 3831 1786 γονὴν
3848 1755 3862 1777 ,
3897 1713 3991 1768 καὶ

2438 1824 2516 1874 ὅτι
2542 1820 2662 1874 οὔτε
2693 1819 2762 1872 τά
2804 1817 2920 1882 ζῶα
2966 1816 3310 1888 ἀριθμεῖται,
3358 1811 3478 1866 οὔτε
3518 1809 3652 1877 αὑτὴ
3694 1810 3987 1879 μετρεῖται,

2440 1913 2584 1980 λέγει
2623 1913 2715 1967 καὶ
2739 1911 2858 1963 ὅσον
2891 1908 3056 1977 αὐτῆς
3104 1907 3366 1976 χρήσιμον
3406 1904 3485 1966 είς
3525 1900 3861 1972 ἀνθρώπους.
3891 1895 3990 1950 Διά

798 2003 1108 2059 hominibus
1156 2004 1306 2058 utile.
1352 2002 1454 2058 Per
1499 2004 1773 2058 nauticam
1823 2003 2019 2072 quippe
2078 2009 2247 2056 artem
2292 2010 2343 2055 et
2375 2002 2414 2060 Β

2468 2001 2782 2073 Ιαυπηγικῆς
2807 1999 2914 2070 γὰρ
2934 1998 3124 2068 τέχνης
3153 1997 3246 2050 xai.
3268 1993 3660 2073 κυϐερνητικῆς
3686 1991 3992 2058 ἐπιστήμης

791 2097 1125 2168 gubernandi
1169 2098 1442 2168 peritiam,
1505 2097 1816 2152 necessaria
1855 2102 2043 2148 mutuo
2098 2106 2340 2148 commu-

790 2191 1056 2254 nicamus,
1088 2187 1410 2258 fructusque
1447 2187 1504 2242 in
1529 2193 1676 2240 terra
1703 2193 1890 2240 nostra
1910 2190 2194 2242 nascentes
2223 2184 2342 2240 aliis

789 2280 1295 2345 subministramus,
1324 2280 1392 2333 ab
1425 2278 1600 2348 iisque
1622 2278 1919 2347 accipimus
1940 2292 2104 2343 suos;
2127 2277 2200 2331 ita
2214 2283 2272 2331 ut
2289 2287 2343 2332 et

789 2371 935 2442 quod
974 2369 1302 2440 superfluum
1347 2375 1445 2423 est
1467 2383 1574 2422 non
1602 2367 1792 2422 inutile
1815 2369 1904 2433 sit,
1928 2374 1980 2421 et
2001 2366 2143 2436 quod
2172 2365 2342 2430 deest,

791 2462 984 2517 advehi
1000 2461 1193 2532 possit.
1220 2458 1534 2514 Sublimiori
1565 2467 1743 2512 autem
1773 2458 1982 2512 ratione
2011 2457 2133 2512 navi
2161 2456 2346 2511 Eccle-

791 2555 930 2611 siam
956 2552 1197 2619 confert;
1234 2551 1370 2606 mari
1401 2565 1530 2605 ven)
1550 2551 1841 2605 humanam
1867 2551 2052 2613 vitam,
2082 2548 2226 2619 quod
2258 2558 2345 2603 res

791 2645 912 2714 ejus
942 2643 1227 2700 instabiles
1255 2656 1322 2698 ae
1358 2656 1572 2712 semper
1613 2641 1667 2696 in
1700 2651 1845 2695 motu
1882 2642 2009 2694 sint.
2040 2639 2347 2695 Innumera-

746 2775 748 2780 ι
791 2736 903 2791 bile
926 2751 1091 2805 porro
1119 2733 1393 2805 reptilium
1421 2749 1614 2805 genus,
1638 2733 2037 2788 multitudinem
2067 2732 2345 2787 hominum

793 2838 974 2897 vocat,
1004 2837 1058 2886 et
1088 2829 1262 2885 forma
1284 2835 1346 2882 et
1364 2841 1596 2899 persona
1618 2827 1774 2897 quasi
1815 2826 2211 2896 discrepantem
2235 2841 2251 2890 ;
2275 2825 2348 2879 ita

793 2923 1175 2980 indifferentia
1202 2937 1270 2978 ex
1297 2921 1560 2978 varietate
1575 2918 1862 2974 aﬁ‘ectnum
1875 2919 2189 2974 aestimetur.
2215 2913 2349 2971 Nam

793 3025 989 3070 natura
1031 3013 1250 3085 quidem
1277 3010 1529 3067 omnibus
1560 3015 1645 3064 est
1666 3023 1792 3075 una,
1830 3006 2168 3062 necdiversa
2199 3012 2350 3060 ortus

794 3109 936 3163 ratio
963 3124 974 3159 :
1004 3122 1161 3163 mens
1192 3112 1374 3160 autem
1425 3105 1574 3159 varie
1595 3102 1968 3171 distinguitur,
2005 3113 2207 3170 corque
2249 3113 2350 3152 no-

796 3209 978 3256 strum
1029 3190 1400 3256 diversitatem
1455 3193 1842 3249 sententiarum
1898 3190 2147 3244 admittit.
2197 3186 2353 3258 Quod

796 3306 923 3347 cum
947 3293 1137 3345 nosset
1163 3285 1462 3356 quispiam,
1493 3284 1664 3338 dixit:
1695 3280 2157 3360 Quemadmodum
2190 3278 2354 3332 facies

797 3383 1042 3440 faciebus
1073 3379 1278 3437 similes
1298 3384 1579 3444 non'sunt;
1604 3375 1683 3431 sic
1699 3389 1797 3429 nec
1818 3352 2024 3428 mentes
2054 3371 2352 3426 hominum.
2383 3352 2426 3412 C

799 3477 980 3533 Naves
1007 3481 1184 3527 autem
1211 3471 1444 3526 dicimus
1470 3484 1592 3525 esse
1619 3484 1713 3524 eas
1745 3481 1864 3537 qua:
1883 3466 1933 3518 in
1955 3466 2056 3520 hoc
2087 3459 2358 3534 spirituali

798 3567 939 3624 mari
966 3574 1443 3635 pertranseunt,,ut
1472 3562 1731 3631 scriptum
1758 3567 1842 3614 est
1856 3558 1924 3622 ”,
1950 3556 2201 3611 videlicet
2231 3567 2358 3608 sau-

802 3668 920 3715 ctas
969 3657 1273 3714 Servatoris
1309 3655 1482 3711 nostri
1529 3652 1822 3712 Ecclesias,
1872 3664 1992 3719 qua:
2041 3646 2258 3717 quidem
2306 3643 2360 3696 in

803 3752 1026 3817 mundo,
1076 3751 1171 3807 sed
1210 3749 1522 3819 superiores
1565 3742 1769 3799 mundo
1816 3747 1971 3806 sunt;
2010 3739 2150 3792 sicut
2176 3749 2362 3790 revera

802 3847 1082 3901 onerarias
1110 3844 1294 3900 videre
1323 3851 1426 3915 est,
1462 3843 1518 3894 in
1568 3851 1706 3909 aqua
1739 3850 1891 3897 sane,
1922 3831 2020 3888 sed
2059 3829 2363 3900 superiores

805 3939 984 4009 aquis.
1027 3936 1283 3992 Ecclesiae
1327 3935 1492 4005 igitur
1533 3931 1767 3985 navibus
1801 3926 2041 3991 similes,
2089 3921 2363 3992 spirituale

803 4045 954 4084 mare
982 4028 1334 4097 trajicientes,
1354 4024 1538 4079 ﬁdeles
1553 4021 1802 4076 homines
1824 4017 2110 4087 recipiunt,
2133 4012 2366 4088 etquasi

804 4122 862 4177 in
893 4122 1054 4176 aliam
1087 4129 1288 4175 terram
1329 4125 1421 4172 aut
1448 4116 1723 4186 regionem
1762 4109 2118 4169 transferunt,
2162 4107 2367 4163 scilicet

807 4214 883 4270 ad:
909 4228 1134 4285 regnum
1158 4211 1445 4273 caelorum,
1475 4209 1543 4263 ad
1568 4221 1720 4277 spem
1742 4205 1795 4259 in
1817 4199 2036 4257 Christo
2065 4200 2362 4264 fundatam,

810 4307 878 4361 ad
910 4303 1395 4362 sanctiﬁcationem
1449 4301 1693 4370 spiritus,
1739 4305 1793 4351 et
1836 4295 1907 4350 ad
1939 4296 2212 4359 virtutem,
2250 4308 2368 4363 qua:

812 4405 1125 4455 sanctorum
1173 4396 1348 4467 patria
1390 4401 1496 4449 est.
1538 4385 1674 4444 Nam
1728 4403 1873 4453 cum,
1923 4387 2065 4442 sicut
2111 4386 2368 4455 scriptum

810 4500 916 4557 est,
951 4492 1170 4546 adveme
1216 4497 1271 4544 et
1319 4485 1590 4557 peregrini
1641 4481 1749 4537 sint
1795 4496 1958 4551 super
2004 4485 2225 4542 terram,
2263 4493 2374 4532 non

812 4583 1013 4640 habent
1065 4583 1152 4637 hic
1201 4585 1509 4635 manentem
1553 4576 1823 4630 civitatem
1842 4574 1887 4604 ιδ
1932 4591 1945 4626 :
1991 4572 2085 4627 sed
2119 4570 2186 4624 ad
2227 4570 2371 4624 illam

813 4675 1093 4737 festinant,
1126 4674 1284 4742 cujus
1311 4670 1506 4725 artifex
1535 4675 1589 4723 et
1629 4672 1842 4722 creator
1870 4670 1954 4719 est
1987 4662 2127 4717 Deus
2139 4661 2208 4715 ".
2235 4660 2369 4715 Cum
2401 4696 2449 4753 Β

813 4786 943 4840 ergo
974 4767 1208 4822 mundus
1234 4766 1324 4819 hic
1356 4769 1540 4818 noster
1561 4759 1805 4829 exemplo
1835 4755 2002 4812 maris
2023 4752 2370 4824 intelligatur,

817 4877 918 4933 pro
948 4861 1138 4933 cymba
1179 4866 1233 4913 et
1267 4857 1516 4911 navicula
1553 4852 1796 4908 Ecclesia
1841 4848 2233 4909 aestimabitur,
2274 4859 2372 4915 pro

818 4949 999 5005 nautis
1032 4949 1239 5004 habens
1265 4945 1645 5008 sanctiﬁcatos,
1677 4942 1793 5012 qui,
1830 4939 1974 5011 quod
1991 4938 2155 4993 fidem
2188 4950 2378 4992 susce-

819 5045 1019 5117 perint,
1053 5041 1335 5099 Christum
1362 5052 1547 5093 secum
1574 5041 1878 5091 versantem
1912 5046 2125 5101 semper
2152 5029 2374 5091 habent,

821 5128 1233 5208 tranquillitatis
1285 5138 1580 5186 auctorem.
1631 5128 1746 5183 Alia
1793 5129 1918 5183 item
1971 5126 2184 5179 ratione
2213 5136 2378 5176 naves

823 5235 1100 5298 nuncupat
1139 5241 1256 5291 eos,
1298 5224 1393 5295 qui
1439 5223 1494 5276 in
1534 5235 1760 5289 corpore
1808 5234 1942 5283 suo,
1986 5217 2211 5286 hujusce
2252 5215 2377 5268 vitae

827 5319 988 5375 salsis
1016 5327 1070 5374 et
1097 5316 1414 5374 decumanis
1446 5312 1697 5367 ﬂuctibus
1730 5311 2017 5381 agitantur.
2066 5307 2377 5362 Laudantur

828 5425 1184 5484 porro-naves
1209 5426 1328 5480 qua
1365 5423 1514 5463 mare
1541 5411 1943 5476 pertranseunt,
1974 5417 2082 5456 non
2115 5416 2241 5456 vero
2260 5413 2379 5468 qum

2445 2090 2572 2161 παρ’
2631 2088 2868 2160 ἀλλήλων
2922 2085 3256 2157 κομιζόμεθα
3311 2081 3380 2138 τὰ
3418 2072 3710 2161 ⁷ἐνδέοντα,
3768 2076 3994 2131 καὶτὸν

2443 2155 2570 2252 παρ’
2594 2180 2722 2250 ἡμῖν
2751 2155 3014 2247 ιρυόμενον
3043 2155 3254 2246 καρπὸν
3278 2155 3615 2247 χορηγέῢμέν
3649 2168 3874 2239 ἑτέροις,
3899 2167 3994 2219 καὶ

2441 2270 2704 2342 δεχόμεθα
2737 2270 2796 2320 τὸ
2849 2271 2977 2339 παρ’
3017 2267 3243 2328 ἐκείνοις
3296 2261 3603 2334 γινόμενον·
3641 2260 3780 2313 ὥστε
3829 2257 3901 2328 μὴ
3935 2257 3996 2309 τὸ

2445 2361 2755 2436 περιττεῦον
2791 2356 2931 2412 εἶναι
2967 2360 3250 2428 ἀνόνητον,
3289 2356 3424 2427 μήτε
3455 2354 3514 2407 τὸ
3539 2351 3712 2405 ἐνδέον
3751 2348 3998 2404 ἀνεπινόρ

2444 2475 2618 2528 νητον.
2675 2452 3027 2524 ’Υψηλότερον
3067 2451 3123 2501 δὲ
3167 2446 3332 2517 πλοίῳ
3376 2443 3698 2516 παρεικάζει
3735 2442 3833 2513 τὴν
3877 2441 3996 2494 Ἐκ-

2447 2551 2701 2619 κλησίαν,
2746 2546 2979 2614 θαλάττῃ
3009 2544 3064 2596 δὲ
3106 2541 3195 2594 τὸν
3240 2538 3571 2609 ἀνθρώπινον
3620 2533 3768 2605 βίον,
3811 2533 3899 2587 διὰ
3935 2534 3997 2589 τὸ

2445 2644 2787 2713 ἀστάθμητον
2817 2642 2908 2693 καὶ
2932 2638 3231 2706 ἀεικίνητον
3251 2633 3358 2687 τῶν
3383 2635 3440 2685 ὲν
3471 2628 3618 2700 αύτῷ
3642 2621 3997 2700 πραγμάτων.

2460 2734 2729 2806 Ἐρπετῶν
2760 2733 2814 2784 δὲ
2841 2731 2902 2784 τὸ
2930 2731 3082 2798 γένος
3115 2728 3175 2780 τὸ
3213 2725 3574 2796 ἀναρίθμητον
3603 2721 3708 2791 τὴν
3751 2719 3997 2790 πολυειδῆ

2450 2827 2540 2881 xa.i.
2564 2825 2723 2879 οἱονεὶ
2757 2822 3178 2891 πολυπρόσωπον
3210 2815 3316 2870 τῶν
3348 2813 3645 2888 ἀνθρώπων
3674 2811 3820 2880 λέγει
3852 2810 4001 2880 -πλη-

2450 2919 2582 2984 θ’ὺν,
2638 2920 2714 2982 είς
2757 2917 2855 2986 τὴν
2893 2916 2990 2984 τῆς
3036 2911 3200 2976 ἕξεως
3251 2908 3521 2962 ποικιλίαν
3574 2903 3865 2974 νοουμένης
3906 2902 4001 2972 τῆς

2451 3010 2763 3079 ἐξαλλαγῆς.
2802 3007 2964 3069 Φύσις
2999 3004 3095 3074 μὲν
3124 3000 3231 3073 γὰρ
3273 3003 3435 3055 πᾶσιν
3463 3000 3498 3071 ἡ
3538 2999 3695 3067 αὑτὴ,
3731 2997 3823 3048 καὶ
3849 2997 3876 3047 ό
3904 2993 4002 3062 τῆς

2452 3102 2712 3172 γενέσεως
2753 3086 2950 3168 τρόπος
2986 3096 3082 3166 οὐχ
3112 3095 3370 3165 ἑτεροῖος,
3409 3087 3728 3159 ⁸ιτιολυσχιδίιις
3753 3085 3812 3139 δὲ
3857 3084 4002 3147 νοῦς,

2453 3196 2546 3248 καὶ
2589 3189 2954 3260 πολυγνώμων
2999 3189 3056 3240 ὲν
3098 3189 3228 3257 ἡμῖν
3260 3182 3473 3254 καρδία.
3505 3181 3615 3235 Καὶ
3653 3179 3808 3231 τοῦτο
3853 3175 4004 3240 εἰδώς

2453 3305 2535 3350 τις
2567 3287 2799 3354 ἔφασκεν
2819 3301 2830 3312 υ
2854 3283 3062 3349 Ὥσπερ
3084 3279 3182 3348 οὐχ
3205 3278 3362 3347 ὃμοια
3385 3273 3650 3344 πρόσωπα
3677 3269 4002 3342 προσώποις,

2456 3379 2623 3440 οὓτως
2665 3376 2784 3428 οὐδὲ
2836 3374 2891 3427 αἱ
2943 3372 3166 3425 διάνοιαι
3219 3369 3324 3422 τῶν
3369 3364 3688 3438 ἀνθρώπων.
3741 3363 3908 3416 Πλδία
3948 3362 4006 3415 δὲ

2457 3463 2594 3522 εἶναί
2621 3478 2820 3534 φαμεν,
2869 3461 2905 3515 ἃ.
2937 3460 3030 3514 καὶ
3068 3461 3123 3511 ὲν
3150 3457 3271 3528 τῇδε
3297 3458 3362 3526 τῇ
3405 3457 3568 3526 νοητῇ
3614 3452 3852 3523 θαλάσσῃ
3891 3451 4006 3504 δια-

2458 3556 2780 3632 πορεύεται,
2822 3553 3055 3610 κατὰτὸ
3101 3550 3518 3632 γεγραμμένον,
3567 3547 3664 3610 ·ιιάς
3710 3545 3869 3614 ἁγίας
3916 3544 4008 3599 τοῦ

2460 3631 2705 3723 Σωτῆρος
2724 3648 2878 3720 ἡμῶν
2903 3643 3224 3716 Ἑκκλησίας
3241 3631 3403 3704 οὔσας
3425 3641 3520 3712 μὲν
3553 3641 3610 3692 ὲν
3637 3638 3845 3715 κόσμιγκ
3860 3636 4012 3707 ’πλὴν

2461 3724 2715 3814 ἀνωτέρω
2762 3740 2854 3794 τοῦ
2899 3739 3141 3809 κόσμου’,
3199 3735 3445 3806 καθάπερ
3504 3733 3698 3805 ἀμέλει
3752 3733 3847 3786 καὶ
3917 3730 4014 3794 τὰς

2461 3834 2687 3898 ὁλκάδας
2715 3832 2860 3885 ἐστὶν
2887 3831 3035 3900 όρᾷν,
3055 3826 3215 3890 οὔσας
3247 3821 3343 3896 μὲν
3374 3827 3430 3879 ὲν
3456 3825 3627 3888 ὕδατι,
3654 3823 3790 3895 πλὴν
3811 3823 4017 3878 ὑδάτων

2463 3923 2754 3994 ἁνωτέρας.
2772 3921 2834 3974 At
2849 3919 3023 3971 τοίνυν
3040 3901 3242 3970 ὑδάτων
3260 3914 3333 3984 (5)
3352 3913 3548 3967 πλοίων
3576 3913 3857 3982 ἐκκλησίαι
3875 3951 3891 3974 ,
3919 3910 4018 3982 τὴν

2465 4014 2654 4085 νοητὴν
2705 4009 3082 4082 διανηχόμεναι
3126 4005 3431 4066 θάλασσαν,
3470 4002 3708 4071 δέχονται
3757 3999 3856 4069 μὲν
3892 3998 4020 4061 τοὺς

2467 4103 2845 4165 πιστεύοντας,
2896 4095 3285 4168 ἀποκομίζουσι
3325 4092 3383 4145 δὲ
3427 4090 3674 4160 καθάπερ
3705 4089 3784 4151 είς
3828 4089 4020 4160 ἑτέραν

2465 4197 2584 4251 τινὰ
2619 4198 2722 4266 γῆν
2751 4194 2783 4264 ἢ
2809 4191 2990 4262 χώραν
3021 4188 3118 4259 τὴν
3164 4184 3270 4238 τῶν
3301 4180 3551 4257 οὐρανῶν
3578 4178 3886 4251 βασιλείαν,
3930 4177 4021 4230 καὶ

2468 4289 2652 4344 ἐλπίδα
2677 4286 2773 4356 τὴν
2796 4286 2857 4354 γὲν
2902 4279 3119 4352 Χριστῷ
3157 4279 3248 4332 καὶ
3279 4279 3356 4340 εις
3381 4272 3649 4343 άγιασμὺν
3673 4270 3762 4323 τὸν
3793 4266 3881 4322 διὰ
3926 4266 4021 4321 τοῦ

2468 4382 2782 4451 Πνεύματος
2807 4416 2824 4442 ,
2877 4374 2971 4428 xui.
3023 4374 3102 4435 εις
3151 4370 3245 4437 τὴν
3290 4369 3397 4422 τῶν
3442 4367 3611 4435 ἁγίων
3653 4362 3882 4435 πατρίδα
3925 4361 4023 4431 τὴν
4088 4357 4094 4366 ’

2470 4449 2691 4544 ἀρετήν.
2727 4467 2986 4538 Πάροικοι
3020 4462 3128 4532 γάρ
3155 4461 3302 4522 ὄντες
3336 4459 3427 4511 καὶ
3452 4452 3839 4544 παρεπίδημοι,
3885 4449 4022 4503 κατά

2471 4535 2530 4618 τό
2558 4535 2959 4632 γεγραμμένον,
2984 4555 3076 4610 ἐπὶ
3103 4553 3201 4624 τῆς
3236 4552 3359 4622 γῆς,
3409 4551 3510 4604 οὐκ
3544 4547 3753 4632 grauate
3790 4535 3892 4596 ὧδε
3919 4541 4024 4632 μέ-

2473 4628 2835 4709 νουσανϋπόλιν
2851 4665 2863 4677 ·
2888 4646 3192 4714 ἐπείγονται
3213 4643 3269 4694 δὲ
3292 4633 3424 4712 πρὸς
3444 4637 3676 4706 ἐκείνην,
3694 4628 3761 4704 ἧς
3780 4631 4026 4714 τεχνίτης

2474 4750 2567 4802 καὶ
2602 4742 2927 4817 δημιουργὸς
2966 4741 2994 4791 6
3024 4711 3186 4798 ἿΘεός.
3233 4711 3599 4800 Ἐνίσχήματι
3632 4722 3723 4780 οὖν
3756 4711 4028 4817 θαλάσσης

2475 4836 2624 4890 τοῦδε
2655 4813 2756 4886 τοῦ
2801 4813 2920 4897 καθῗ
2949 4827 3096 4898 ἡμᾶς
3140 4822 3422 4892 νοουμένου
3454 4817 3685 4887 κόσμου,
3742 4813 3947 4883 σκάφος
3994 4814 4026 4885 ἢ

2479 4927 2656 4980 πλοῖον
2690 4925 2724 4994 ἡ
2777 4917 3068 4989 Ἐκκλησία
3098 4912 3418 4985 νοηθήσεται
3440 4951 3453 4974 ,
3504 4907 3790 4976 πλωτῆρας
3835 4904 4032 4976 ἔχουσα

2477 5021 2600 5083 τοὺς
2623 5016 3004 5090 ἡγιασμένους,
3038 5009 3088 5063 οἳ
3137 5008 3227 5062 καὶ
3255 5005 3341 5060 διὰ
3384 5003 3476 5056 τοῦ
3511 4997 3902 5062 καταδέξασθαι
3933 4999 4032 5070 τὴν

2481 5089 2669 5165 πίστιν·
2687 5108 2910 5163 συνόντα
2938 5101 3026 5158 διὰ
3059 5099 3256 5163 παντὸς
3284 5096 3464 5167 ἔχουσι
3482 5094 3573 5147 τὸν
3602 5089 3832 5163 Χριστὸν
3858 5089 4032 5144 εὐδίαν

2481 5201 2752 5257 ἀπλοῦντα
2792 5199 2888 5270 τὴν
2930 5193 3161 5266 ἁπαλήν.
3210 5183 3438 5258 Ἑτέρως
3475 5184 3530 5238 δὲ
3581 5183 3740 5236 πλοῖα
3780 5181 4033 5254 ὀνομάζει

2480 5294 2718 5359 τοὺςιδιά
2753 5291 2860 5346 τῶν
2902 5286 3164 5359 σωμάτων
3194 5286 3251 5338 ὲν
3283 5279 3359 5350 τῷ
3407 5274 3632 5348 ἁλμυρῷ
3665 5275 3896 5330 κλύδωνι
3940 5275 4032 5330 τοῦ

2488 5388 2600 5460 βίου
2641 5385 2830 5440 τούτου
2885 5377 3291 5451 σαλευομένους.
3339 5370 3446 5424 Καὶ
3483 5371 3626 5424 ἐστιν
3675 5368 4034 5440 ἐπαινούμενα

829 5462 902 5561 irbi
933 5462 1268 5576 permaneni,
1295 5500 1377 5556 vel
1397 5514 1516 5571 qua:
1539 5462 1790 5552 {luctibus
1817 5495 2223 5565 demerguntur.
2245 5462 2383 5544 Nam

2487 5482 2643 5534 πλοῖα
2668 5479 2736 5532 τά
2777 5473 3115 5529 διαϐαίνοντα
3143 5468 3238 5539 τὴν
3278 5466 3547 5519 θάλασσαν
3569 5503 3583 5528 ,
3625 5462 3759 5516 ἀλλά
3797 5462 3871 5533 μὴ
3918 5463 4036 5515 ἐνα-

830 5597 923 5665 qui
961 5597 1014 5650 in
1039 5607 1202 5648 carne
1223 5602 1370 5655 sunt,
1400 5607 1499 5646 nec
1537 5588 1832 5646 secundum
1865 5601 2080 5640 carnem
2128 5584 2381 5643 militant,

2485 5573 2785 5627 ποιιένοντα
2811 5569 2972 5636 αὐτῇ,
3005 5563 3136 5635 μηδὲ
3171 5557 3676 5640 καταϐαπτιζόμενα
3715 5556 3828 5617 τοῖς
3864 5551 4039 5623 κύμα-

831 5688 954 5742 vitze
979 5686 1202 5740 ﬂuctum
1252 5681 1548 5744 calcantes,
1585 5693 1756 5750 eoque
1800 5676 2130 5746 superiores,
2175 5672 2384 5726 faciunt

2491 5684 2590 5720 σιν.
2624 5667 2688 5739 Οί
2720 5662 2828 5732 γάρ
2867 5663 2925 5714 ὲν
2965 5655 3134 5725 ’σαρκὶ
3174 5653 3357 5718 ὄντες,
3410 5652 3506 5706 καὶ
3551 5649 3626 5720 μὴ
3676 5646 3817 5701 κατὰ
3864 5647 4037 5716 σάρκα
4119 5724 4121 5726 Ι

833 5777 1198 5848 operationem
1229 5775 1282 5828 in
1312 5771 1466 5842 aquis
1499 5769 1700 5836 multis,
1730 5783 1794 5824 ac
1840 5765 2197 5828 descendunt,
2223 5769 2282 5817 ut
2312 5775 2380 5814 ex

2491 5735 2924 5831 στρατευόμενοι,
2952 5744 3381 5810 καταπατοῦντες
3404 5743 3493 5799 τὸν
3518 5739 3757 5797 κλύδωνα
3786 5735 3880 5792 τοῦ
3902 5735 4035 5807 βίου,

903 5875 950 5906 ⁸³
987 5873 1004 5927 l
1036 5873 1163 5930 Cor.
1194 5888 1258 5940 ι,
1289 5873 1339 5927 1.
1416 5870 1461 5902 ⁸⁸
1498 5867 1661 5927 Hebr.
1696 5882 1830 5934 xtn,
1867 5865 1954 5921 H.
2030 5864 2075 5897 “
2114 5860 2276 5917 Hebr.
2310 5873 2386 5924 at,
2421 5855 2508 5911 l0.

908 5965 1104 6040 (5)f§c
