4318 6400
329 497 467 555 i285

1364 497 1860 555 COMMENTARIA
1880 500 1965 559 ἸΝ
2002 501 2334 565 PSALMOS.

3375 522 3511 579 128C

320 614 416 668 κώ
447 613 761 685 ὑψηλότεροι
810 611 971 669 αὑτοῦ
1016 613 1185 677 ὄντες,
1224 613 1462 668 ποιοῦσιν
1501 616 1760 686 ἐργασίαν
1809 619 1866 669 ὲν
1896 626 1941 678 Α
1967 617 2025 672 de

1809 619 1866 669 ὲν
1896 626 1941 678 Α
1967 617 2231 676 demersis
2256 591 2466 691 aliquos
2502 624 2797 683 lucrentur.
2832 629 3163 704 lnsuperque
3199 635 3361 707 hujus
3392 640 3513 695 vitae

320 703 472 760 ῦεασι
514 705 745 769 πολλοῖς,
791 703 1314 771 συγκαταϐαίνοντες.
1348 704 1441 758 ἐπὶ
1488 704 1565 775 τῷ
1610 705 1868 775 κερδῆσαί

319 813 470 858 τινας
526 796 635 849 τῶν
699 794 1116 865 βεὸυθισμένων.
1164 796 1282 869 Ἔτι
1329 794 1419 848 τὸν
1455 794 1577 866 τῇδε
1621 794 1714 848 τοῦ
1756 796 1867 865 βίον

319 887 719 960 περισπασμὸν,
746 888 846 950 καὶ,
864 887 961 957 τὴν
994 888 1051 938 ὲν
1088 884 1233 956 αὑτῷ
1260 884 1369 940 τῶν
1408 886 1743 957 πραγμάτων
1781 905 1869 939 πι-

321 979 457 1048 κράν
486 978 744 1049 ἀνάχυσιν
804 978 896 1031 καὶ
927 978 1017 1031 τὸν
1060 978 1393 1049 άναφυρμὺν,
1429 979 1703 1049 σημαίνων
1739 980 1868 1049 ἡμῖν

317 1069 543 1132 ἀστείως
574 1070 602 1122 6
638 1068 884 1140 μελῳδὸς,
932 1068 1089 1136 Αὕτη
1121 1068 1158 1135 ἡ
1193 1068 1488 1135 θάλασσα,
1524 1072 1683 1139 φησιν
1702 1110 1716 1132 ,
1748 1070 1878 1125 ἐκεῖ

316 1161 551 1229 ἑρπετὰ,
587 1155 673 1215 ὧν
699 1162 809 1214 οὐκ
858 1160 1026 1215 ἐστιν
1056 1162 1315 1231 ἀριθμὸς,
1346 1160 1456 1221 ζῶα
1497 1161 1678 1230 μικρὰ
1718 1166 1872 1231 μετὰ

311 1251 603 1322 μεγάλων.
654 1251 852 1320 Ἰχθύσι
898 1253 1007 1323 γάρ
1043 1254 1437 1325 παρεικαστέον
1470 1250 1529 1308 εὖ
1567 1254 1709 1324 μάλα
1745 1255 1870 1319 τοὺς

315 1343 403 1394 ἐπ’
446 1342 621 1395 οὐδενὶ
666 1342 765 1412 μὲν
798 1342 906 1395 ἐσθ’
936 1345 1023 1396 ὅτε
1074 1346 1181 1398 τῶν
1224 1345 1527 1413 ἀναγκαίων
1570 1349 1647 1410 εἰς
1687 1347 1869 1418 ὄνησιν

314 1422 439 1505 τῇδε
468 1435 687 1487 κάκεῖσε
723 1433 1058 1504 διᾴττοντας,
1101 1437 1193 1488 καὶ
1237 1438 1370 1506 μόνα
1421 1436 1769 1504 συλλέγοντας
1800 1439 1866 1490 τὰ

312 1528 519 1595 ὅσαπερ
545 1526 609 1579 ἂν
642 1525 910 1596 ἀποφῆναι
963 1530 1289 1598 σαρκικοὺς,
1337 1528 1431 1581 καὶ¹
1462 1528 1695 1603 είκαίους
1741 1530 1872 1582 ἀνα·⁹

313 1616 499 1684 τλῆναι
532 1614 936 1684 παρασκευάζει
973 1616 1184 1679 πόνους.
1226 1616 1432 1670 υὺκοῦν
1466 1617 1659 1687 ίχθύων
1690 1617 1869 1688 διανη-

1966 709 2399 777 distractionem,
2426 708 2483 768 et
2505 729 2746 771 amaram
2776 720 2922 774 illam
2963 739 3143 779 rerum
3167 726 3289 796 ejus
3318 728 3512 787 confu-

1968 803 2172 857 sionem
2215 805 2755 881 commistionemque
2793 814 3001 868 urbane
3060 816 3217 873 nobis
3263 819 3513 877 indicans

1970 894 2285 963 Psalmista,
2323 894 2436 951 Hoc
2471 915 2635 969 mare,
2666 903 2859 972 inquit,
2893 905 3003 959 illic
3025 908 3253 975 reptilia,
3292 927 3516 981 quorum

1971 1000 2075 1038 non
2107 994 2184 1040 est
2212 1002 2481 1053 numerus,
2514 999 2617 1046 etc.
2652 990 2785 1046 Nam
2824 994 3062 1063 piscibus
3110 999 3348 1067 apposite
3382 1016 3515 1058 con-

1970 1072 2234 1142 ferantur,
2262 1077 2356 1145 qui
2387 1076 2452 1131 ad
2481 1080 2872 1148 comparandas
2892 1085 2991 1139 sibi
3012 1100 3099 1141 res
3124 1104 3295 1158 neque
3323 1105 3515 1147 neces-

1971 1166 2167 1230 sarias,
2208 1182 2384 1236 neque
2428 1169 2608 1229 utiles.
2657 1171 2763 1226 huc
2802 1173 2930 1228 illuc
2966 1178 3296 1248 transiliunt,
3329 1188 3383 1235 et
3420 1183 3513 1238 illa

1969 1254 2082 1309 sola
2110 1254 2389 1326 colligunt,
2423 1271 2543 1326 quae
2562 1258 2684 1314 illos
2713 1260 2957 1317 carnales
2981 1278 3101 1319 esse
3123 1263 3414 1331 declarent,
3447 1280 3513 1321 ac

1970 1345 2186 1401 labores
2229 1360 2420 1401 eorum
2453 1362 2622 1403 vanos
2655 1349 2949 1421 irritosque
2977 1351 3197 1407 faciant.
3222 1352 3385 1425 Igitur
3430 1356 3513 1425 pi-

1973 1438 2145 1491 scium
2171 1436 2351 1492 instar
2364 1437 2467 1493 hoc
2481 1454 2629 1513 mare
2655 1455 2907 1511 magnum
2929 1450 2982 1498 et
3008 1445 3299 1512 spatiosum
3332 1454 3513 1500 trana-

1971 1542 2116 1590 mus,
2152 1526 2401 1581 videlicet
2443 1528 2703 1583 mundum
2735 1549 2749 1585 :
2781 1547 2905 1586 nam
2933 1533 3197 1603 cujusque
3222 1535 3331 1590 vita
3361 1538 3511 1593 varia

1972 1615 2333 1687 diﬂ‘erensque
2360 1625 2464 1671 est.

314 1706 517 1778 χόμεθα
554 1706 708 1777 δίκην
738 1708 835 1779 τὴν
881 1708 1138 1765 πλατεῖαν
1176 1708 1378 1781 ταύτην
1424 1711 1519 1763 καὶ
1561 1711 1883 1794 εὐρύχωρον.
1926 1706 2237 1773 θάλασσαν,
2275 1709 2517 1763 τουτέστι
2552 1710 2907 1784 τὺννκόσμον·
2958 1713 3205 1787 διάφορος
3250 1719 3356 1788 γάρ
3398 1734 3512 1781 πως

311 1802 341 1853 6
360 1798 588 1852 ἑκάστου
615 1796 745 1867 βίος.

378 1958 613 2029 Δράκων
666 1953 861 2023 οὗτος,
912 1958 983 2011 ὃν
1027 1958 1300 2024 ἔπλασας
1336 1956 1635 2027 ἐμπαίζειν
1684 1958 1863 2023 αὐτῷ.
1898 1960 1941 2014 Β
2038 1947 2079 1999 v

1805 1958 1863 2023 ᾧ,
1898 1960 1941 2014 Β
2038 1947 2200 2005 Vens.
2224 1948 2412 2023 27-29.
2457 1949 2629 2006 Draco
2658 1949 2775 2018 iste,
2806 1970 2972 2037 quem
3009 1956 3249 2024 formasti
3281 1962 3348 2014 ad
3384 1963 3510 2017 illu-

311 2050 511 2105 Πάντα
533 2050 680 2120 πρὸς
709 2050 784 2104 σὲ
819 2048 1213 2120 προσδοκῶσι,
1244 2050 1450 2105 δοῦναι
1487 2049 1601 2119 τὴν
1634 2049 1863 2120 τροφὴν

305 2140 510 2207 αὐτοῖς
552 2142 844 2211 εὔκαιρον.
902 2143 1119 2205 Δόντος
1166 2157 1283 2196 σου
1337 2134 1540 2217 αὐτοῖς
1565 2182 1580 2207 ,
1641 2138 1854 2195 συλλέ-

271 2219 516 2296 ’ξουσν
559 2230 910 2303 ἀνοίξαντος
953 2228 1020 2286 δέ
1062 2246 1177 2284 σου
1217 2230 1332 2299 τὴν
1381 2229 1568 2300 χεῖρα,
1607 2231 1678 2283 τὰ
1708 2231 1860 2299 σύμ-

304 2335 500 2375 πάντα
522 2320 975 2389 πλησθήσονται
992 2322 1415 2395 χρηστότητος.
1437 2321 1577 2392 Ὅρα
1592 2322 1639 2373 εί
1658 2320 1861 2392 δυνήσῃ

306 2411 589 2464 καθολικὺν
611 2411 718 2464 ἀπὸ
732 2412 917 2464 τούτου
946 2411 1189 2465 ἐκλαϐεῖν
1211 2412 1404 2483 δόγμα,
1422 2412 1495 2476 ὡς
1524 2413 1737 2466 πάντων
1755 2410 1863 2462 τῶν

304 2500 546 2571 γενητῶν
567 2486 898 2573 πενομένων,
920 2502 1251 2573 λειπομένων
1278 2520 1337 2555 τε
1366 2504 1459 2556 καὶ
1480 2502 1742 2573 δεομένων
1764 2503 1860 2571 τῆς

302 2592 455 2664 παρὰ
479 2592 575 2648 τοῦ
608 2592 741 2647 Θεοῦ
769 2594 1048 2665 χορηγίας,
1078 2590 1144 2666 ἦς
1190 2593 1551 2665 μεωλαὸόντα
1592 2591 1858 2662 δυναμοῦ-

299 2701 392 2737 rat
427 2685 521 2738 καὶ
552 2685 740 2754 ίσχύει,
773 2684 958 2755 ὥσπερ
982 2684 1068 2737 διὰ
1097 2685 1298 2755 τροφῆς
1333 2683 1630 2754 ζωούμενα.
1657 2682 1858 2737 Πάντα

292 2772 450 2842 ,πρὸς
480 2774 556 2827 σὲ
587 2772 1021 2842 προσδοκῶσιν,
1039 2772 1247 2826 δοῦναι
1282 2773 1394 2841 τὴν
1413 2773 1640 2843 τροφὴν
1656 2773 1857 2839 αὐτοῖς

299 2864 593 2933 εὔκαιρον.
636 2863 717 2917 Τὰ
740 2864 924 2917 »πάντα
958 2863 1013 2915 δὲ
1048 2852 1224 2934 φήσας
1252 2867 1280 2918 6
1322 2864 1476 2934 λόγος
1509 2866 1855 2937 περιείληφεν

294 2957 433 3028 ὁμοῦ
464 2957 561 3021 τὰς
592 2954 785 3027 νοητὰς
813 2954 908 3008 καὶ
939 2955 1097 3023 ἁγίας
1128 2953 1401 3025 δυνάμεις,
1442 2955 1540 3017 τάς
1573 2972 1632 3007 τε
1666 2954 1854 3024 αἰσθη-

296 3048 397 3113 τάς
420 3049 514 3103 καὶ
544 3048 641 3113 τάς
672 3050 728 3101 ὲν
761 3047 972 3119 θνητοῖς
1012 3046 1272 3119 σώμασιν.
1319 3046 1472 3102 Οὕτω
1508 3048 1615 3119 γὰρ
1648 3047 1846 3117 μᾶλλον

1966 2040 2193 2095 dandum
2220 2040 2289 2096 ei.
2317 2039 2507 2095 Omnia
2548 2060 2580 2094 a
2609 2052 2654 2095 le
2683 2055 2977 2113 exspectant
3004 2056 3059 2101 ut
3091 2047 3179 2103 des
3207 2050 3315 2103 illis
3338 2067 3511 2107 escam

1966 2132 2019 2186 in
2052 2141 2292 2199 tempore.
2323 2132 2495 2187 Dante
2527 2143 2574 2188 te
2603 2134 2709 2189 illis
2737 2136 2999 2207 coliigent,
3032 2142 3286 2207 aperiente
3308 2151 3355 2196 te
3391 2160 3509 2197 ma-

1966 2239 2089 2277 num
2129 2224 2304 2276 omnia
2356 2224 2709 2293 implebantur
2759 2228 3000 2291 bonitate.
3042 2229 3176 2287 Vide
3220 2248 3288 2288 an
3332 2237 3511 2305 possis

1966 2313 2093 2367 hinc
2125 2311 2318 2384 dogma
2359 2316 2685 2370 catholicum
2728 2320 2992 2388 excipere,
3025 2321 3169 2393 quod
3204 2338 3393 2380 omnes
3418 2342 3511 2383 res

1964 2414 2159 2459 creata:
2202 2396 2395 2475 inopes
2442 2406 2553 2461 sint
2605 2422 2673 2462 ac
2710 2407 2806 2464 Dei
2833 2411 3115 2483 largitione
3162 2424 3371 2485 egeant,
3401 2432 3509 2487 qua

1962 2504 2185 2565 accepta
2207 2498 2537 2554 roborantur
2563 2514 2585 2553 τ
2600 2516 2628 2555 c
2658 2501 2856 2572 vigent,
2877 2513 3062 2575 utpote
3078 2522 3201 2562 esca
3229 2509 3395 2564 vitam
3424 2526 3510 2565 ac-

1959 2587 2243 2658 cipientes.
2279 2586 2472 2655 Omnia
2505 2600 2608 2644 ate
2637 2604 2960 2663 exspectant,
2990 2606 3047 2649 ut
3074 2596 3164 2653 des
3191 2598 3300 2654 illis
3337 2617 3510 2656 escam

1958 2682 2014 2734 in
2043 2689 2287 2749 tempore.
2335 2667 2473 2736 Cum
2516 2698 2681 2753 porro
2720 2687 2898 2740 omnia
2941 2688 3158 2757 dixerit,
3200 2694 3510 2763 spirituales

1956 2779 2010 2827 et
2031 2779 2250 2828 sanctas
2272 2772 2525 2836 virtutes,
2555 2789 2770 2843 necnon
2800 2778 3104 2844 sensibiles,
3138 2797 3257 2850 quae
3278 2785 3330 2837 in
3362 2798 3509 2840 mor-
3556 2850 3561 2863 Α

1959 2862 2154 2937 talibus
2210 2862 2528 2950 corporibus
2575 2873 2722 2927 sunt,
2751 2880 2857 2921 una
2895 2867 3209 2938 complexus
3236 2880 3338 2927 est.
3370 2871 3508 2931 Nam

1952 2954 2029 3009 ita
2068 2954 2163 3011 Dei
2203 2954 2418 3009 bonitas
2461 2955 2632 3025 magis
2662 2956 2936 3037 elucescit,
2984 2959 3127 3029 quod
3154 2968 3263 3017 tam
3308 2964 3505 3038 dignis,

1951 3060 2110 3115 quam
2135 3045 2393 3116 indignis,
2428 3060 2580 3101 suam
2622 3046 2896 3121 impertiat
2923 3049 3326 3122 benignitatem.

297 3140 559 3211 μειζόνως
580 3143 615 3212 ή
646 3140 912 3212 ἀγαθότης
938 3132 1351 3212 διαλάμπει,’τῷ
1378 3141 1471 3195 καὶ
1501 3141 1668 3207 ἀξίοις
1693 3142 1783 3195 καὶ
1813 3140 1885 3211 μὴ
1919 3139 2086 3204 ἀξίοις
2121 3138 2219 3209 τῆς
2248 3139 2376 3210 παρ’
2402 3139 2565 3193 αὐτοῦ
2598 3142 2957 3215 χρηστότητος
2990 3146 3321 3215 μεταδοῦναι.

379 3301 824 3377 Ἁντανελεῒςθτὸ
853 3300 1084 3371 πνεῦμα
1111 3296 1305 3355 αὐτῶν
1337 3300 1434 3353 καὶ
1468 3301 1839 3369 ἐκλείψουσι,
1869 3317 1911 3373 C
2014 3298 2084 3353 Vs

1800 3318 1839 3360 ι,
1869 3317 1911 3373 C
2014 3298 2178 3353 Vens.
2208 3294 2296 3353 '50.
2327 3298 2543 3367 Auferes
2573 3299 2812 3373 spiritum
2844 3314 3045 3365 eorum,
3074 3312 3122 3355 et
3152 3305 3409 3374 deﬁcient,
3453 3319 3503 3365 et

294 3392 393 3446 καί
407 3395 493 3457 είς
514 3392 621 3447 τὸν
648 3393 798 3461 χοῦν
821 3392 1016 3448 αὐτῶν
1029 3391 1480 3462 ἐπιστρέφουσι.
1498 3392 1847 3457 Ἐξαποστε-

294 3482 422 3549 ,ἱεῖς
437 3483 504 3537 τὸ
520 3484 903 3555 πνεῦμάξσου,
923 3485 1021 3539 καὶ
1036 3484 1479 3555 κτισθήσονται,
1505 3485 1603 3537 καὶ
1618 3484 1849 3538 ἀνακαι-

294 3573 439 3641 νιεῖς
465 3572 531 3645 τὸ
563 3578 886 3643 πρόσωπον
915 3575 1025 3643 τῆς
1055 3575 1187 3645 γῆς.
1223 3575 1359 3647 Περὶ
1389 3566 1686 3645 ἀνθρώπων
1735 3569 1799 3627 δὲ·
1818 3576 1848 3627 6

293 3660 468 3730 λόγος,
503 3662 596 3716 καὶ
636 3657 789 3733 οἶμαί
828 3679 890 3731 γε
939 3663 1025 3716 διὰ
1063 3663 1266 3716 τούτων
1298 3664 1397 3735 τὴν
1446 3662 1537 3716 τοῦ
1585 3664 1848 3734 παρόντος

294 3752 484 3815 αἰῶνος
506 3752 789 3825 δηλοῦσθαι
824 3754 1129 3808 συντέλειαν
1152 3793 1167 3818 ,
1199 3755 1293 3809 καὶ
1320 3754 1417 3826 τὴν
1440 3753 1531 3809 τοῦ
1565 3754 1844 3825 μέλλοντος

291 3842 600 3896 ἀνανέωσιν·
626 3842 699 3907 ὡς
729 3842 792 3897 ἂν
824 3844 895 3917 μή
914 3862 995 3909 τις
1028 3846 1297 3919 ὑπονοήσῃ
1320 3847 1398 3909 είς
1425 3846 1645 3917 ἄπειρον
1677 3863 1842 3900 κατα-

290 3935 483 3988 τείνειν
502 3934 598 4007 τὴν
626 3935 1015 4007 παροῦσαν-τοῦ
1041 3938 1245 4009 κόσμου
1276 3938 1545 4001 σύστασιν,
1569 3937 1682 3991 ἀλλ’
1704 3937 1837 4007 ἔχοι-

291 4038 393 4091 μεν
418 4023 632 4087 ἐλπίδας
660 4026 738 4088 είς
770 4026 973 4079 ἐκεῖνον
999 4028 1087 4079 τὸν
1118 4027 1234 4079 νέον
1271 4026 1440 4081 αἰῶνα
1466 4026 1558 4080 καὶ
1589 4028 1685 4098 τὴν
1710 4026 1835 4080 ἀνά-

291 4127 498 4177 στασιν,
523 4115 587 4184 ἢν
615 4116 642 4167 6
670 4114 823 4183 λόγος
853 4116 1147 4186 παρίστησι
1177 4114 1311 4186 μετά
1330 4116 1390 4167 τὸ
1411 4116 1592 4183 φάναι,
1613 4118 1715 4180 Εἰς
1736 4118 1841 4169 τὸν

288 4203 441 4271 χοῦν
465 4203 661 4257 αὐτῶν
706 4205 1204 4273 ὲπιστρέψουσιν,
1240 4205 1561 4274 ἐπαγαγών·
1604 4206 1839 4269 Ἐξαπο-

286 4293 523 4357 στελεῒς
556 4295 623 4346 τὸ
657 4295 887 4366 πνεῦμὰ
916 4310 1031 4349 σου
1066 4296 1125 4349 τὸ
1158 4296 1437 4363 ξωοποιὸν,
1470 4296 1565 4349 καί
1601 4293 1840 4363 κτισθή-

287 4400 516 4449 σονται,
547 4370 611 4438 ἐκ
663 4385 765 4455 γῆς
817 4386 1197 4456 ἀνιστάμενοι,
1243 4387 1341 4441 καὶ
1383 4387 1742 4453 ἁνακαινιεῒς
1770 4388 1837 4442 τὸ

285 4479 607 4546 ,πρόσωπον
629 4477 739 4547 τῆς
766 4477 896 4548 τῆς,
922 4478 980 4532 τὸ
1008 4479 1197 4543 κάλλος
1226 4480 1326 4550 τῆς
1351 4480 1471 4549 γῆς,
1498 4480 1692 4552 δηλαδὴ
1715 4481 1838 4545 τοὺς

283 4572 394 4626 ἀπὸ
464 4570 567 4641 γῆς
614 4570 945 4635 πλασθέντας
1008 4570 1342 4643 ἀνθρώπους.
1424 4571 1684 4627 Ἐνταῦθα
1744 4589 1837 4626 σα-

1948 3392 2002 3444 in
2052 3392 2314 3461 pulverem
2377 3406 2529 3446 suum
2582 3399 2919 3444 reuertentur.
2970 3391 3189 3449 Emittes
3260 3400 3504 3467 spiritum

1947 3488 2181 3544 tuum,et
2201 3476 2536 3555 creabantur,
2566 3487 2615 3533 et
2644 3479 2913 3534 renovabis
2942 3480 3131 3550 faciem
3154 3488 3503 3548 terrw.£sti-

1948 3587 2037 3627 mo
2056 3572 2124 3627 de
2148 3570 2460 3626 hominibus
2492 3571 2580 3626 hic
2606 3586 2908 3627 sermonem
2934 3572 3155 3636 haberi,
3176 3589 3239 3628 ac
3261 3591 3502 3645 praesen-

1947 3664 2017 3718 tis
2038 3663 2221 3719 saeculi
2248 3653 2770 3718 consummationem
2799 3663 3075 3734 futurique
3096 3654 3497 3727 renovationem

1947 3751 2032 3806 his
2057 3750 2385 3822 signiﬁcari;
2416 3758 2477 3805 ut
2505 3766 2577 3807 ne
2601 3755 2722 3823 quis
2739 3753 3106 3824 suspicaretur
3124 3754 3284 3824 hujus
3308 3758 3499 3815 mundi

1946 3850 2145 3898 statum
2186 3844 2240 3897 in
2268 3851 2533 3898 aeternum
2560 3852 2875 3900 mansurum
2909 3860 3059 3913 esse;
3095 3848 3190 3901 sed
3223 3864 3372 3918 spem
3395 3851 3495 3906 bas

1942 3932 2193 3988 heremus
2224 3933 2287 3987 in
2313 3932 2444 3987 illud
2477 3948 2676 3989 novum
2722 3935 2999 3999 saeculum,
3034 3952 3097 3991 ac
3142 3942 3497 3997 resurrectio-

1941 4039 2066 4079 nem
2095 4024 2256 4094 quam
2285 4040 2464 4081 sermo
2487 4025 2747 4090 declarat,
2782 4042 2903 4082 cum
2935 4035 3285 4100 posteaquam
3332 4033 3491 4097 dixit,

1943 4114 2009 4169 In
2025 4115 2283 4183 pulverem
2312 4120 2465 4169 suum
2488 4124 2824 4181 revertentur,
2848 4118 3090 4187 subjicit,
3117 4118 3338 4175 Emitte:
3368 4123 3482 4189 spi-

1938 4208 2098 4262 ritum
2120 4216 2266 4261 tuum
2294 4207 2593 4271 viviﬂctrm,
2614 4216 2665 4262 et
2690 4207 3024 4275 creabantur,
3052 4226 3123 4265 ex
3149 4216 3292 4266 terra
3316 4229 3494 4269 resur-

1938 4306 2148 4370 gentes,
2184 4309 2235 4355 et
2274 4298 2543 4353 renouabis
2587 4299 2777 4369 faciem
2819 4310 2993 4365 teme,
3034 4302 3492 4373 pulchritudinem

1938 4390 2184 4446 videlicet
2206 4397 2385 4458 terrai,
2410 4390 2465 4445 id
2490 4398 2593 4455 est,
2615 4390 2863 4448 homines
2889 4408 2955 4449 ex
2986 4401 3130 4451 terra
3158 4396 3486 4454 eiiormatos.

1938 4479 2039 4536 Hic
2084 4480 2431 4537 clare'nobis
2465 4482 2947 4549 resurrectionem,
2991 4498 3187 4539 novam
3235 4501 3331 4556 per
3361 4501 3490 4542 san-

1939 4572 2242 4629 ctissimum
2272 4570 2533 4643 Spiritum
2568 4572 2754 4637 vitam,
2790 4588 2854 4628 ac
2883 4574 3243 4629 humanorum
3291 4592 3488 4646 corpo-

285 4663 400 4734 φῶς
448 4666 577 4736 ἡμῖν
607 4664 699 4717 καὶ
730 4662 826 4734 τὴν
863 4664 1150 4717 ἀνάστασιν
1191 4662 1525 4736 προεκήρυξε
1545 4704 1559 4728 ,
1597 4666 1693 4717 καὶ
1739 4665 1837 4735 τὴν
1866 4650 1911 4706 Ῑ)
1940 4682 1990 4721 η

1780 4665 1837 4735 ὴν
1866 4650 1911 4706 Ῑ)
1940 4681 2059 4721 rum
2088 4665 2144 4720 in
2167 4663 2465 4720 novissimo
2494 4664 2678 4719 muli
2708 4672 2947 4734 tempore
2972 4667 3027 4719 in
3054 4667 3342 4737 pristinam
3374 4667 3485 4723 for-

282 4756 373 4811 διὰ
399 4754 495 4810 τοῦ
540 4755 799 4825 παναγίου
842 4756 1153 4828 Πνεύματος
1188 4758 1501 4821 ἀναῦίωσιν,
1531 4758 1623 4810 καὶ
1654 4757 1746 4810 τὸν
1777 4759 1835 4810 ὲν

283 4848 531 4920 ἐσχάτοις
562 4848 655 4902 τοῦ
684 4848 874 4913 αἰῶνος
902 4853 1110 4921 καιροῖς
1131 4849 1239 4903 τῶν
1272 4848 1619 4922 ἀνθρωπίνων
1651 4848 1834 4918 σωμά-

282 4956 412 5003 των,
447 4940 827 5011 άναπλασμόνο
858 4942 954 5011 τήν
986 4958 1043 4994 τε
1071 4942 1149 5005 είς
1190 4942 1250 4994 τὸ
1292 4938 1442 5006 αὖθις
1472 4932 1607 4994 εἶναι
1658 4953 1835 5011 παρα-

284 5032 487 5100 γωγήν.
511 5032 618 5086 Καὶ
650 5032 937 5096 δείκνυσιν,
964 5032 1037 5097 ὼς
1062 5034 1219 5098 αὐτός
1244 5035 1388 5089 ἐστιν
1414 5036 1443 5087 6
1478 5034 1573 5088 καὶ¹
1600 5032 1829 5088 θανάτου

282 5120 377 5174 καὶ
396 5120 540 5190 ζωῆς
562 5122 839 5195 δεσπότης.
855 5124 928 5177 Οὑ
954 5123 1062 5195 γάρ
1092 5122 1333 5193 βούλεται
1364 5126 1473 5187 τοῖς
1494 5122 1831 5195 σκυθρωποῖς

281 5211 649 5281 ἐνδιατρίϐειν,
666 5214 802 5269 ἀλλὰ
830 5215 1082 5273 τοσοῦτον
1107 5214 1273 5269 είπὼν
1296 5218 1419 5269 ὅσον
1447 5213 1699 5286 φοϐῆσαι,
1726 5214 1830 5269 πά-

283 5301 365 5357 λιν
390 5302 480 5355 ὲπὶ
502 5300 569 5354 τὰ
584 5302 791 5374 χρηστά
817 5305 1075 5374 ἐπανάγει
1090 5304 1178 5357 τὸν
1197 5304 1370 5372 λόγον,
1389 5304 1481 5357 καὶ
1508 5304 1642 5374 ὅπερ
1662 5303 1827 5358 ἀλλα-

281 5392 377 5466 χοῦ
397 5392 625 5464 εῐρηται,
646 5394 727 5447 δτι
756 5394 848 5448 καὶ
863 5394 1089 5450 θανάτου
1120 5396 1212 5451 καὶ
1235 5395 1378 5466 ζωῆς
1406 5394 1565 5458 αὑτός
1593 5397 1707 5449 ἐστι
1723 5393 1829 5449 Κύ-

283 5500 416 5557 ριος,
429 5480 586 5536 τοῦτο
602 5481 831 5541 ἐνταῦθα
852 5483 1017 5554 δηλοῖ,
1050 5486 1142 5540 καί
1170 5502 1300 5559 φησι
1326 5485 1451 5549 τοὺς
1476 5486 1556 5548 είς
1584 5486 1677 5539 τὸν
1696 5483 1826 5555 χοῦν

280 5572 704 5647 ἐπιστρέψαντας
719 5573 821 5627 ὑπὸ
835 5574 926 5628 τοῦ
943 5576 1082 5630 Πνεύ
1088 5594 1254 5649 ματος
1283 5576 1577 5642 κτίζεσθαι,
1595 5579 1688 5631 καὶ
1703 5580 1825 5633 ἀνα-

279 5665 611 5732 καινίζεσθαι
641 5666 747 5720 τῶν
771 5666 1067 5738 ἀνθρώπιον
1093 5669 1154 5723 τὸ
1183 5671 1337 5739 γένος
1359 5687 1371 5700 ·
1403 5671 1436 5739 ή
1466 5669 1571 5741 γὰρ
1596 5670 1825 5732 ἀνάστα-

255 5742 366 5824 ’σις
384 5759 463 5823 είς
483 5758 542 5811 τὸ
573 5756 794 5829 ἀρχαῖόν
825 5758 972 5811 ἐστιν
1008 5759 1458 5823 ἀποκατάστασις.
1504 5760 1824 5833 Ἀποστολήν

279 5849 337 5903 δὲ
372 5850 527 5905 καλεῖ
550 5850 642 5904 τοῦ
677 5848 983 5925 Πνεύματος
1014 5850 1114 5921 τὴν
1145 5853 1280 5923 πρὸς
1304 5853 1363 5907 τὸ
1389 5853 1628 5922 ἐνεργεῖν
1659 5852 1823 5905 αὑτοῦ

277 5943 692 6015 συγκατάδασιν,
717 5930 899 6015 οὐτὴν
923 5944 985 5998 ἐκ
1013 5943 1176 5998 τόπου
1205 5947 1281 6009 εἰς
1308 5946 1471 6000 τόπον
1497 5943 1788 6017 μετάϐασιν
1806 5964 1820 5979 ·

1934 4771 2079 4810 mam
2133 4755 2553 4821 restitutionem,
2600 4756 2925 4825 praenuntiat
2957 4774 2971 4810 :
3009 4758 3247 4828 itemque
3282 4760 3485 4831 produ-

1933 4845 2166 4899 ctionem
2192 4844 2343 4898 illam
2384 4852 2445 4899 ut
2486 4854 2703 4901 rursum
2741 4845 3081 4903 exsistamus.
3127 4847 3486 4919 Ostenditque

1932 4934 2111 5004 ipsum
2140 4947 2264 4989 esse
2303 4938 2358 5005 et
2387 4936 2580 4990 mortis
2604 4944 2657 4990 et
2696 4934 2818 4989 vita:
2856 4934 3164 4995 Dominum.
3205 4937 3323 4993 Non
3366 4942 3486 4995 vult

1931 5026 2074 5082 enim
2121 5017 2222 5080 nos
2256 5024 2314 5079 in
2356 5024 2607 5082 tristibus
2653 5036 3002 5096 permanere;
3049 5029 3143 5085 sed
3191 5037 3479 5107 postquam

1929 5125 2154 5174 eatenus
2175 5117 2265 5171 illa
2290 5115 2448 5183 dixit,
2481 5126 2752 5189 quatenus
2778 5134 2879 5177 nos
2906 5120 3380 5193 perterrefaceret;
3411 5123 3479 5177 ad

1913 5208 2143 5263 ‘mitiora
2179 5221 2396 5264 rursum
2431 5224 2739 5266 sermonem
2782 5210 3031 5268 reducit:
3062 5219 3115 5268 et
3157 5212 3304 5282 quod
3347 5213 3475 5271 alibi

1926 5299 2134 5355 dictum
2158 5306 2263 5365 est,
2288 5302 2549 5377 quoniam
2594 5304 2719 5358 vitae
2759 5310 2814 5359 et
2853 5304 3044 5359 mortis
3074 5304 3189 5375 ipse
3213 5302 3478 5364 Dominus

1927 5399 2030 5459 est,
2058 5390 2293 5462 idipsum
2318 5392 2432 5463 jam
2460 5392 2664 5451 indicat
2691 5402 2747 5452 et
2773 5396 2869 5463 ait,
2885 5410 2981 5451 eos
3002 5397 3094 5466 qui
3120 5398 3173 5451 in
3196 5398 3476 5468 pulverem

1928 5483 2126 5539 reversi
2142 5491 2269 5539 sunt
2292 5500 2322 5540 a
2347 5482 2552 5557 Spiritu
2568 5487 2927 5563 creandos,ac
2956 5490 3325 5544 renovandum
3352 5504 3477 5545 esse

1926 5590 2095 5646 genus
2124 5576 2420 5631 humanum
2448 5592 2605 5632 :nam
2632 5580 2959 5634 resurrectio
2997 5589 3081 5636 est
3108 5584 3163 5638 in
3182 5582 3473 5653 pristinum

1924 5656 2217 5725 restitutio.
2259 5653 2621 5725 Emissionent
2668 5677 2849 5725 autem
2904 5670 3147 5742 Spiritus,
3196 5683 3474 5747 nuncupat

1924 5760 2044 5831 ejus
2072 5760 2139 5816 ad
2171 5759 2502 5831 operandum
2523 5759 2865 5825 descensum,
2894 5752 3005 5827 non
3041 5778 3169 5819 vero
3213 5765 3473 5822 mutatio—

1924 5869 2047 5911 nem
2077 5870 2108 5911 a
2142 5855 2261 5911 loco
2300 5854 2355 5909 in
2386 5853 2586 5918 locum,
2618 5852 2745 5922 quia
2770 5849 3001 5923 Spiritus
3031 5853 3239 5908 Domini
3258 5857 3471 5927 replevit

1931 5946 2105 6003 orbem
2130 5955 2410 6017 imarum,
2445 5963 2474 6005 a
2502 5962 2611 6021 quo
2632 5946 2798 6007 facies
2824 5954 2983 6009 terra
3040 5959 3349 6009 renovatur.
3376 5948 3472 6006 Ειρ
