4318 6400
851 497 986 552 1287

1471 488 1728 544 EUSEBII
1768 483 2233 542 CAESARIENSIS
2269 480 2418 538 OPP.
2470 480 2647 537 PARS
2687 481 2772 536 Ill.
2812 510 2882 520 —
2919 478 3317 537 EXEGETICA'.

3882 478 4018 536 ms

815 665 818 668 .
848 616 989 670 enim
1008 612 1120 664 haec
1135 615 1214 662 est
1239 616 1392 660 terra:
1423 604 1784 675 pulchritudo,
1812 602 2064 655 animalia
2094 615 2212 670 qua:
2241 600 2296 654 in
2321 611 2382 652 ea
2413 604 2458 660 Α
2482 597 2520 649 δι

2321 611 2382 652 ea
2413 604 2458 660 Α
2482 597 2562 649 ὅτι
2598 597 2836 665 Πνεῦμα
2867 596 3084 665 Κυρίου
3129 593 3475 663 πεπλήρωκε
3506 594 3618 663 τὴν
3645 591 4017 662 οἰκουμένην,

851 712 996 765 sunt,
1040 701 1254 769 plantae,
1301 705 1355 751 et
1404 696 1680 750 hominum
1721 709 1910 763 genus.
1954 689 2025 745 Ut
2066 700 2242 744 autem
2293 690 2381 742 illa

849 793 1265 851 constituantur,
1299 787 1603 841 necessaria
1636 793 1719 839 est
1745 783 1966 853 spiratio
1986 789 2040 836 et
2061 781 2168 834 vita
2200 781 2265 835 ab
2293 780 2384 833 illo

790 909 797 914 -
849 885 990 953 data,
1037 898 1195 951 quam
1226 887 1279 935 et
1310 879 1439 932 dare
1481 884 1533 931 et
1562 859 1804 943 accipere
1847 873 1946 942 ipsi
1994 870 2250 940 perfacile
2279 878 2382 935 est,

850 984 1006 1043 atque
1031 972 1144 1024 haec
1171 969 1351 1022 omnia
1376 972 1599 1036 repente
1622 979 1685 1016 ac
1713 964 1862 1018 nullo
1891 962 2105 1032 negotio
2139 961 2344 1028 peragit
2367 977 2379 1012 :

850 1067 902 1119 id
929 1065 1069 1119 enim
1117 1062 1200 1115 vel
1251 1059 1541 1113 maximum
1591 1065 1672 1110 est
1704 1055 1918 1108 virtutis
1950 1052 2068 1121 ejus
2105 1064 2384 1120 argumen-

849 1159 980 1202 tum.
1013 1147 1183 1224 ‘Vides
1226 1146 1385 1200 etiam
1415 1146 1468 1197 in
1501 1142 1748 1212 praesenti
1778 1143 1886 1195 vita
1916 1138 2381 1199 resurrectionem,

849 1242 902 1293 in
939 1239 1263 1299 seminibus,
1306 1236 1361 1288 in
1398 1235 1616 1303 plantis,
1655 1240 1812 1300 atque
1850 1232 1902 1284 in
1949 1231 2066 1298 ipso
2109 1230 2384 1282 hominum

852 1348 1045 1405 genere
1079 1328 1493 1400 expressam/ad
1529 1324 1910 1380 meditandum.
1959 1323 2229 1392 Siquidem
2270 1322 2385 1374 ani-

851 1427 1011 1479 malia
1043 1431 1096 1476 et
1128 1423 1318 1491 planta:
1349 1427 1638 1473 extremam
1679 1417 1796 1470 vitae
1826 1419 2085 1469 rationem
2118 1415 2382 1476 obtinent,

850 1531 955 1585 qua
985 1514 1216 1576 sublata,
1243 1520 1301 1566 ut
1329 1509 1526 1564 dictum
1547 1514 1657 1570 est,
1683 1514 1792 1560 tota
1825 1508 1930 1560 vita
1958 1507 2136 1562 deﬁcit
2162 1512 2252 1570 εει
2268 1519 2385 1574 quae

851 1606 1061 1662 residua
1089 1611 1235 1665 sunt,
1273 1603 1409 1672 quod
1447 1617 1552 1670 pra:
1598 1599 1906 1654 inﬁrmitate
1949 1599 2110 1651 vitam
2161 1611 2382 1651 conser-

847 1714 976 1754 vare
1002 1713 1109 1751 non
1157 1697 1382 1765 possint,
1415 1693 1479 1746 ad
1525 1707 1688 1745 unum
1727 1700 1781 1745 et
1829 1690 1968 1743 idem
2007 1695 2382 1750 revertuntur;

850 1805 910 1844 ac
955 1803 1144 1842 rursus
1186 1784 1436 1840 animalia
1486 1783 1637 1836 ﬁunt.
1680 1779 1937 1848 Quodque
1989 1778 2382 1832 divinissimum

847 1892 951 1945 est,
979 1896 1080 1935 nos
1123 1895 1188 1933 ex
1218 1885 1352 1940 toto,
1381 1874 1630 1929 videlicet
1664 1872 1871 1924 animas
1899 1878 1950 1923 et
1993 1869 2124 1938 ipsis
2157 1866 2385 1933 conjun-

2487 689 2574 757 ὑφ’
2610 682 2670 742 οὗ
2694 687 2754 740 τὸ
2804 688 3087 758 πρόσωπον
3118 687 3214 756 τῆς
3241 686 3341 755 γῆς
3395 684 3809 749 ἀνακαινίξεται.
3854 683 4022 737 Τοῦτο

2486 783 2592 854 γὰρ
2624 782 2814 844 κάλλος
2834 820 2848 844 ,
2902 779 2999 850 τῆς
3031 778 3348 848 οἰκουμένης
3395 777 3462 830 τὰ
3513 776 3627 841 ζῶα
3656 777 3724 854 τὰ
3759 778 3817 830 ὲν
3853 776 3984 845 αὐτῇ
4006 815 4020 838 ,

2485 851 2738 945 ’τὰ-φυτὰ,
2781 872 2888 926 τῶν
2924 871 3220 943 ἀνθρώπων
3258 869 3319 922 τὸ
3368 870 3547 938 γένος’
3582 851 3720 922 ὥστε
3755 868 3813 921 δὲ
3853 868 4025 922 ταῦτα

2488 967 2772 1036 συστῆναι,
2829 967 2924 1034 τῆς
2971 964 3097 1033 παρ’
3145 960 3307 1015 αὑτοῦ
3343 959 3618 1030 διδομένης
3666 958 3822 1030 χρεία
3861 958 4022 1028 πνοῆς

2487 1059 2578 1109 καὶ
2611 1057 2752 1126 ζωῆς
2777 1071 2788 1086 ⁸
2818 1057 2885 1127 ἢν
2935 1056 3026 1108 καὶ
3053 1052 3228 1108 δοῦναι
3269 1053 3360 1105 καὶ
3392 1051 3570 1104 λαϐεῖν
3620 1051 3766 1120 αὐτῷ
3812 1050 4022 1120 ῥᾴδιον,

2487 1150 2580 1202 καὶ
2626 1147 2798 1200 πάντα
2855 1147 2991 1217 μετὰ
3026 1147 3218 1215 τάχους
3261 1143 3355 1196 καὶ
3404 1143 3664 1205 εὐκολίας.
3717 1141 3826 1195 Καὶ
3873 1139 4027 1193 τοῦτο

2489 1237 2721 1307 μάλιστα
2751 1236 3017 1288 δείκνυσιν
3039 1233 3200 1286 αὐτοῦ
3226 1233 3321 1304 τὴν
3351 1232 3520 1301 ἰσχύν.
3563 1233 3723 1302 ὐρᾷς
3755 1232 3846 1283 καὶ
3868 1231 3924 1282 έν
3950 1228 4027 1297 τῷ

2489 1328 2712 1399 παρόντι
2776 1326 2874 1395 βίῳ
2927 1324 3296 1394 μελετωμένην
3328 1323 3424 1393 τὴν
3484 1323 3774 1377 ἀνάστασιν
3818 1321 4029 1380 ἐν’τοῖς

2489 1420 2821 1490 σπέρμασιν,
2874 1419 2930 1469 ὲν
2957 1421 3067 1479 τοῖς
3108 1419 3289 1484 φυτοῖς
3311 1455 3324 1478 ,
3357 1415 3447 1468 καὶ
3495 1416 3552 1467 ὲν
3597 1412 3743 1482 αὐτῷ
3771 1411 3850 1481 τῷ
3885 1409 4037 1478 γένει

2486 1483 2930 1581 τῶνάνθρὼπων.
2957 1509 3065 1561 Καὶ
3101 1483 3211 1569 ζῶα
3237 1505 3343 1575 γὰρ
3367 1505 3459 1556 καὶ
3492 1502 3631 1571 φυτὰ
3663 1503 3781 1555 κατ’
3808 1501 4028 1568 ἔσχατον
4099 1483 4108 1492 ’

2485 1602 2750 1670 ἀπήχημα
2777 1599 2875 1668 τῆς
2914 1599 3055 1667 ζωῆς
3079 1596 3256 1666 έχουσι
3295 1597 3354 1646 τὸ
3385 1592 3536 1650 εἶναι,
3576 1590 3642 1664 ἧς
3684 1595 4030 1660 ἀνταναιρου-

2487 1689 2654 1757 μένης
2687 1687 2825 1740 κατὰ
2854 1687 2912 1739 τὸ
2937 1684 3132 1754 λόγιον,
3177 1683 3412 1737 ἐκλείπει
3440 1685 3585 1736 πᾶσα
3610 1680 3740 1750 ζωὴ,
3770 1679 3862 1732 καὶ
3893 1679 4030 1750 πρὸς

2487 1750 2544 1830 έν
2571 1750 2640 1830 τά
2663 1750 3099 1846 ὲκλελοιπάταντῇ
3135 1776 3267 1845 πρὸς
3289 1774 3348 1827 τὸ
3395 1774 3637 1844 μετέχειν
3669 1773 3833 1841 αὐτῆς
3872 1770 4029 1822 ἁσθε-
4080 1750 4084 1754 ”

2488 1869 2603 1940 νείᾳ
2645 1869 2805 1921 πάλιν
2857 1868 3282 1939 ὲπιστρεφόμενα
3307 1905 3321 1929 ,
3353 1865 3510 1918 πάλιν
3541 1864 3652 1928 ζῶα
3685 1862 3906 1932 γίνεται.
3956 1861 4029 1914 Τὸ

850 1982 933 2027 cta
965 1983 1210 2038 corpora,
1240 1966 1303 2019 ad
1339 1961 1698 2018 omnimodam
1743 1961 1985 2017 vitam.et
2019 1956 2391 2012 immortalita—
2421 1955 2462 2008 Β
2489 1958 2544 2009 δὲ

2325 1970 2391 2006 ‘.a—
2421 1955 2462 2008 Β
2489 1958 2544 2009 δὲ
2595 1956 2883 2020 θειότατον,
2915 1959 2994 2010 ὅτι
3031 1957 3124 2010 καὶ
3167 1955 3299 2019 ὅλως
3332 1957 3495 2026 ἡμᾶς,
3550 1953 3724 2022 ψυχάς
3757 1970 3895 2023 φημι
3937 1954 4030 2005 καὶ

848 2072 956 2117 tem
987 2057 1389 2115 transferendos
1413 2069 1531 2109 esse
1559 2053 1614 2105 in
1646 2050 1928 2120 promissis
1948 2043 2238 2102 babemtis:
2268 2061 2386 2115 quze

849 2170 936 2209 res
981 2167 1110 2207 sane
1153 2147 1391 2216 antiquis
1437 2152 1627 2214 praeter
1657 2151 1904 2195 naturam
1945 2154 2064 2193 esse
2099 2137 2236 2192 forte
2269 2138 2386 2192 visa

849 2242 1012 2298 fuerit
1040 2256 1053 2292 :
1083 2253 1145 2292 ac
1187 2251 1373 2291 revera
1406 2241 1458 2286 et
1484 2233 1718 2287 divinum
1744 2246 1877 2299 opus
1905 2237 1988 2284 est
2017 2235 2070 2282 et
2095 2241 2257 2297 supra
2289 2239 2384 2278 na-

848 2341 1056 2398 turam;
1087 2337 1352 2387 naturam,
1393 2324 1628 2391 inquam,
1662 2330 1921 2383 nostram,
1951 2333 2056 2372 non
2084 2331 2212 2372 vero
2244 2316 2386 2369 illam

849 2425 997 2481 omni
1023 2423 1221 2475 virtute
1258 2417 1504 2484 plenam:
1540 2412 1665 2465 huic
1698 2411 1839 2465 enim
1885 2409 2031 2464 nulla
2063 2409 2171 2463 vita
2197 2415 2388 2478 printer

849 2526 1097 2571 naturam
1144 2516 1236 2570 aut
1269 2520 1431 2576 supra
1472 2512 1714 2556 naturam
1758 2509 1868 2565 est;
1894 2501 2074 2570 itaque
2119 2498 2244 2553 hinc
2277 2512 2390 2553 ser—

850 2619 1064 2666 mones,
1092 2597 1389 2655 secundum
1410 2585 1645 2645 Simonis
1669 2589 1930 2643 insaniam
1955 2585 2234 2640 adversum
2265 2595 2390 2652 pro-

849 2696 968 2756 lati,
1011 2689 1380 2760 repudientur.
1415 2683 1642 2748 Quidam
1675 2695 1804 2735 vero
1833 2679 1911 2733 sic
1948 2677 2111 2740 hosce
2150 2675 2390 2729 versicu-

852 2789 932 2843 los
963 2784 1234 2854 cxplicant
1261 2798 1272 2832 :
1309 2776 1524 2829 Emittes
1548 2772 1801 2842 Spiritum
1833 2780 1995 2834 tuum,
2027 2765 2120 2836 qui
2160 2779 2255 2833 per
2295 2763 2390 2816 ba—

849 2879 1107 2951 ptismum
1139 2868 1366 2933 accedit,
1392 2875 1445 2921 et
1486 2865 1812 2921 creabuntur
1853 2861 1909 2914 in
1938 2873 2128 2914 novam
2179 2860 2392 2909 creatu-

848 2946 989 3033 ram,
1021 2968 1077 3022 in
1098 2979 1292 3019 novum
1316 2959 1606 3030 populum;
1637 2957 1710 3010 ita
1739 2962 1795 3010 ut
1811 2953 1959 3024 prior
1984 2949 2195 3022 quidem
2225 2946 2393 3001 inter-

852 3061 1081 3134 pretatio
1130 3055 1459 3123 intelligatur
1501 3049 1567 3103 de
1608 3045 2004 3102 resurrectione
2033 3057 2099 3096 ex
2142 3039 2389 3100 mortuis,

851 3150 1070 3225 quando
1106 3157 1250 3202 terra
1287 3143 1648 3204 renovabitur,
1713 3146 1766 3190 et
1801 3135 2111 3194 liberabitur
2143 3147 2172 3185 a
2204 3143 2392 3185 corru-

2489 2048 2555 2100 τὰ
2584 2047 2785 2118 συζυγῆ
2815 2046 3055 2117 σώματα,
3090 2046 3224 2118 πρὸς
3253 2045 3484 2116 παντελῆ
3512 2044 3656 2115 ζωὴν
3697 2045 3790 2096 καὶ
3829 2044 4029 2097 ἀθανα-

2493 2139 2611 2191 σίαν
2635 2138 2956 2209 ἐπήγγελται
2985 2140 3331 2209 μεταθήσεινο
3363 2139 3589 2209 πρᾶγμα
3610 2139 3676 2208 τῇ
3713 2133 4031 2203 παλαιότητι

2494 2230 2590 2300 μὲν
2615 2229 2740 2292 ἴσως
2763 2230 2908 2299 παρὰ
2938 2229 3093 2298 φύσιν
3124 2229 3330 2291 δοκοῦν,
3363 2232 3427 2300 τῇ
3449 2229 3503 2280 δὲ
3528 2227 3752 2299 ἀληθείᾳ
3777 2227 3868 2279 καὶ
3891 2227 4031 2280 θεῖον

2491 2322 2584 2374 καὶ
2622 2321 2759 2391 ὑπὲρ
2788 2319 2944 2387 φύσιν
2969 2321 3064 2389 τὴν
3101 2319 3220 2372 καθ’
3247 2321 3426 2388 ἡμᾶς,
3468 2319 3527 2371 οὐ
3578 2317 3676 2388 τὴν
3725 2316 4029 2387 πανσθενῆο

2491 2411 2622 2480 αὐτῇ
2655 2410 2761 2480 γὰρ
2789 2410 2907 2462 οὐδὲ
2941 2409 3036 2478 μία
3070 2407 3178 2478 ζωὴ
3217 2407 3364 2478 παρὰ
3399 2408 3575 2475 φύσιν,
3599 2408 3632 2476 ἢ
3669 2407 3806 2476 ὑπὲρ
3850 2405 4030 2474 φύσιν,
4142 2395 4143 2399 η

2492 2501 2627 2552 ὥστε
2657 2500 2705 2552 οἱ
2751 2499 2876 2568 περὶ
2907 2497 3106 2550 τούτων
3139 2497 3237 2565 τῆς
3270 2497 3550 2566 παροινίας
3580 2494 3818 2565 Σίμωνος
3849 2497 4032 2566 ἀντιρ-

2494 2593 2701 2662 ρητικοὶ
2725 2592 2870 2660 λόγοι
2908 2589 3378 2662 ἀπεληλάσθωσαν.
3425 2588 3577 2651 Τινὲς
3602 2588 3658 2641 δὲ
3688 2588 3827 2641 οὕτω
3856 2587 4033 2641 νοοῦσι

2493 2685 2614 2747 τοὺς
2641 2685 2850 2754 στίχους
2868 2701 2882 2713 ·
2923 2682 3257 2744 Ἀποστελεῖς
3288 2681 3346 2733 τὸ
3371 2679 3589 2750 Πνεῢμά
3607 2676 3728 2746 σου,
3751 2679 3807 2732 τὸ
3829 2679 3914 2732 διὰ
3937 2678 4033 2732 τοῦ

2495 2777 2643 2844 ἁγίου
2676 2776 3039 2846 βαπτίσματος
3066 2775 3380 2843 ἐπιφοιτῶν,
3409 2773 3502 2826 καὶ
3539 2772 3911 2842 κτισθήσονται
3953 2771 4035 2833 είς

2495 2867 2683 2934 καινὴν
2722 2867 2914 2932 κτίσιν,
2952 2867 3030 2928 είς
3063 2865 3178 2917 νέον
3227 2864 3383 2917 λαόνο
3421 2863 3495 2926 ὡς
3531 2863 3762 2916 νοεῖσθαι
3792 2861 3889 2934 τὴν
3937 2861 4034 2930 μὲν

2496 2957 2759 3028 προτέραν
2788 2957 3080 3027 ἑρμηνείαν
3123 2958 3249 3026 περὶ
3295 2958 3392 3025 τῆς
3425 2957 3492 3006 ὲκ
3539 2953 3745 3024 νεκρῶν
3800 2953 4032 3006 ἀναστά-

2497 3064 2649 3112 σεως,
2679 3048 2766 3099 ὅτε
2813 3047 2902 3099 καὶ
2933 3049 2964 3116 ἡ
3010 3047 3078 3116 γῆ
3131 3044 3631 3114 ἀνακαινισθήσεται
3660 3045 3754 3098 καὶ
3779 3041 4036 3096 -άπαλλα-

2496 3141 2715 3209 γήσεται
2744 3139 2840 3209 τῆς
2878 3137 3112 3207 φθορᾶς,
3158 3137 3255 3207 τὴν
3284 3137 3340 3189 δὲ
3379 3135 3633 3206 δευτέραν
3666 3134 3793 3204 περὶ
3837 3135 3934 3204 τῆς
3971 3135 4036 3186 ὲκ

856 3221 1080 3318 ptione;
1116 3237 1354 3294 secunda
1382 3252 1530 3300 vero,
1561 3233 1631 3287 de
1670 3227 2070 3318 regeneratione
2097 3239 2193 3296 per
2217 3221 2392 3291 bapti-
2424 3298 2463 3318 Π
2499 3230 2561 3299 βα

1670 3227 2070 3318 regeneratione
2097 3239 2193 3296 per
2217 3221 2392 3291 bapti-
2424 3298 2463 3318 Π
2499 3230 2870 3299 βαπτίσματος
2908 3228 3337 3296 παλιγγενεσίας.

853 3350 1051 3394 smum.

928 3449 1086 3503 Vens.
1113 3445 1300 3501 51-55.
1331 3442 1411 3498 Sit
1437 3440 1604 3511 gloria
1627 3435 1838 3492 Domini
1863 3434 1918 3487 in
1946 3430 2215 3494 amulum,
2248 3427 2396 3480 lata-

854 3544 994 3596 bitur
1024 3540 1275 3606 Dominus
1305 3538 1357 3590 in
1386 3534 1621 3603 operibus
1647 3532 1777 3586 suis.
1802 3527 1906 3595 Qui
1939 3524 2160 3594 respicit
2178 3530 2393 3582 terram,

855 3642 903 3685 ct
930 3630 1056 3698 facit
1090 3644 1205 3682 eam
1234 3635 1468 3686 tremere,
1495 3622 1582 3692 qui
1611 3619 1777 3688 tangit
1807 3622 2004 3670 montes
2037 3623 2084 3666 et
2115 3609 2392 3679 fumigant.

856 3719 1091 3776 Cantabo
1145 3716 1370 3771 Domino
1418 3714 1473 3766 in
1519 3713 1624 3765 vita
1671 3723 1805 3770 mea,
1857 3703 2085 3772 psallam
2131 3701 2238 3754 Deo
2285 3714 2395 3752 meo

854 3812 1082 3883 quandiu
1110 3825 1243 3864 sum.
1267 3800 1732 3872 Quandoquidem,
1759 3798 1852 3861 ait,
1894 3795 2006 3848 haec
2030 3791 2246 3854 edidici,
2273 3789 2395 3845 ideo

853 3881 1020 3957 totam
1059 3901 1218 3954 vitam
1253 3911 1424 3951 meam
1457 3895 1514 3947 in
1543 3893 1769 3960 hymnos
1789 3893 1842 3942 et
1873 3884 2084 3939 laudem
2124 3881 2395 3938 Creatoris

855 3993 1124 4049 insumam
1153 4005 1167 4043 :
1201 3995 1255 4043 et
1281 3983 1518 4056 quandiu
1541 3980 1795 4036 vivamtet
1823 3976 1878 4030 in
1917 3976 2015 4030 bac
2046 3974 2154 4028 vita
2181 3973 2393 4043 degam,

857 4083 1095 4139 debitum
1122 4079 1386 4148 psalmum
1412 4072 1631 4128 reddam
1666 4069 1775 4123 Deo
1802 4081 1942 4122 meo.
1969 4064 2081 4119 Hoc
2108 4076 2271 4134 porro
2301 4061 2395 4114 ad-

857 4175 1206 4238 ditamentum
1239 4180 1485 4236 magnum
1519 4162 1732 4217 exhibet
1758 4159 2004 4214 allectum
2034 4163 2087 4211 et
2116 4151 2395 4208 familiari-

857 4271 1170 4318 tatemocum
1199 4257 1328 4312 Deo.
1355 4254 1473 4308 Non
1501 4254 1637 4307 dixit
1667 4250 1831 4314 enim,
1853 4247 2078 4318 psallam
2113 4244 2244 4308 Deo,
2275 4252 2398 4295 tan-

857 4363 993 4418 tum,
1029 4351 1144 4414 sed,
1183 4349 1290 4403 Deo
1319 4363 1447 4400 meo.
1480 4343 1703 4397 Videtur
1741 4355 1970 4408 namque
1995 4337 2192 4400 dicere,
2227 4335 2275 4389 ei
2302 4333 2397 4404 qui

857 4461 944 4501 me
965 4443 1187 4504 creavit,
1222 4454 1285 4492 ac
1314 4434 1591 4498 enutrivit,
1619 4431 1966 4500 omniumque
1988 4428 2259 4481 "bonorum
2298 4440 2395 4478 au-

857 4543 974 4590 ctor
1002 4534 1134 4589 mihi
1171 4531 1286 4585 fuit.
1330 4527 1426 4581 llic
1452 4535 1629 4579 autem
1663 4522 1930 4575 canticum
1965 4519 2114 4580 dicit,
2144 4531 2252 4571 non
2280 4530 2398 4570 ver-

2567 3410 2719 3463 Ἥτω
2749 3409 2787 3475 ἡ
2824 3407 2969 3471 δόξα
2998 3408 3215 3474 Κυρίου
3252 3408 3338 3471 είς
3382 3405 3486 3458 τὸν
3532 3403 3745 3458 αἱῶνα’
3787 3406 4038 3474 εὐφραν-

2495 3498 2740 3566 θήσεται
2776 3499 2985 3566 Κύριος
3027 3497 3126 3550 ἐπὶ
3179 3497 3302 3562 τοῖς
3346 3495 3536 3565 ἔργοις
3573 3496 3776 3550 αὑτοῦ.
3818 3498 3879 3551 '0
3914 3499 4037 3552 ἐπι-

2495 3589 2726 3646 ϐλέπων
2746 3589 2842 3643 ἐπὶ
2871 3588 2986 3658 τὴν
3015 3587 3130 3658 γῆν
3157 3587 3256 3641 καὶ
3285 3587 3467 3640 ποιῶν
3508 3587 3696 3653 αὐτὴν
3724 3581 3970 3658 τρέμειν,
4005 3591 4038 3644 ό

2494 3685 2817 3753 ἁπτόμενος
2848 3682 2965 3737 τῶν
3003 3682 3183 3751 ὀρέων
3211 3683 3307 3736 καὶ
3338 3680 3730 3741 καπνίζονται.
3763 3684 3923 3752 ’ᾼσω
3958 3661 4038 3746 tif)

2493 3773 2684 3841 Κυρίῳ
2722 3774 2792 3826 ἐν
2833 3771 2908 3840 τῇ
2949 3771 3056 3840 ζωῇ
3097 3791 3233 3842 μου,
3273 3771 3448 3840 ψαλῶ
3482 3772 3562 3836 τῷ
3601 3770 3720 3838 Θεῷ
3930 3772 4037 3837 ἕως

2493 3862 2754 3932 ὑπάρχω.
2794 3863 3006 3932 Ἐπειδὴ
3039 3862 3207 3915 ταῦτα.
3250 3863 3591 3932 δεδίδαγμαι,
3641 3863 3800 3934 φησὶ,
3851 3862 4038 3915 τούτου

2495 3959 2648 4028 χάριν
2681 3958 2856 4010 πᾶσαν
2892 3954 2988 4026 τὴν
3027 3953 3167 4024 ζωήν
3211 3970 3309 4022 μου
3351 3954 3428 4014 είς
3474 3951 3636 4022 ὕμνον
3678 3951 4041 4006 καταναλώσω

2493 4048 2569 4118 τῷ
2595 4046 2932 4119 δημιουργῷ’
2968 4045 3060 4098 καὶ
3100 4045 3202 4106 ἕως
3240 4044 3304 4096 ἂν
3342 4041 3417 4106 ζῶ
3458 4042 3550 4093 καὶ
3594 4041 3819 4111 ὑπάρχω
3861 4042 3918 4093 ὲν
3961 4039 4040 4109 τῷ

2496 4141 2594 4212 βίῳ
2623 4141 2792 4210 τούτῳ
2821 4138 2908 4192 τὸν
2934 4136 3268 4207 ὀφειλόμενον
3293 4133 3500 4204 ψαλμὸν
3533 4131 3792 4186 ἀποδώσω
3818 4132 3895 4202 τῷ
3922 4131 4039 4202 Θεῷ

2497 4249 2615 4302 μου.
2647 4229 2848 4300 Πολλὴν
2877 4229 2930 4281 δὲ
2957 4227 3203 4296 ἐμφαίνει
3233 4223 3463 4277 διάθεσιν
3492 4223 3584 4275 καὶ
3609 4222 3875 4275 οίκείωσιν
3903 4219 4039 4292 πρὸς

2493 4323 2582 4375 τὸν
2606 4321 2732 4374 Θεὸν
2763 4324 2796 4391 η
2822 4319 3119 4390 προσθήκη.
3153 4319 3225 4370 υὺ
3263 4315 3369 4386 γὰρ
3401 4311 3517 4367 εἷπε
3537 4353 3551 4377 ,
3585 4311 3758 4382 ψαλῶ
3784 4312 3862 4377 τῷ
3895 4311 4035 4376 Θεῷ,

2495 4414 2646 4478 ἀλλὰ,
2677 4413 2753 4478 τῷ
2783 4411 2900 4476 Θεῷ
2923 4429 3060 4479 μου.
3093 4411 3270 4462 Ἐοικε
3297 4407 3404 4479 γὰρ
3429 4407 3672 4476 φάσκειν,
3694 4405 3771 4475 τῷ
3799 4403 4038 4458 κτίσαντι

2500 4523 2563 4576 με
2592 4505 2683 4556 καὶ
2713 4499 2966 4571 θρέψαντι
2991 4502 3082 4555 καὶ
3113 4502 3322 4554 πάντων
3347 4500 3499 4568 αίτίῳ
3534 4514 3622 4568 μοι
3651 4496 3890 4564 γεγονότι
3932 4494 4040 4548 τῶν

1365 4628 1415 4673 et
1466 4615 1720 4687 operibus
1769 4609 2196 4683 persolvendum.
2243 4606 2397 4673 Quod
2428 4621 2472 4675 1)
2500 4595 2563 4662 ἀγ

2332 4607 2397 4661 od
2428 4621 2472 4675 ι)
2500 4590 2731 4662 ἀγαθῶν.
2771 4589 2920 4660 ’ῼδὴν
2973 4589 3028 4641 δὲ
3069 4588 3294 4642 ἐνταῦθα
3339 4588 3480 4656 λέγει
3539 4586 3600 4637 οὐ
3643 4583 3738 4654 τὴν
3797 4582 3884 4636 διὰ
3935 4581 4037 4635 τῶν

859 4719 1000 4772 enim
1025 4730 1144 4770 sese
1171 4714 1278 4785 Deo
1304 4710 1593 4763 multorum
1619 4706 1911 4761 debitorem
1935 4708 2272 4772 agnosceret,
2297 4713 2394 4753 ne-

859 4819 966 4878 que
990 4806 1204 4873 dignam
1225 4801 1456 4870 aliquam
1477 4798 1882 4853 retributionem
1911 4792 2152 4864 proferre
2174 4790 2395 4854 valeret,

862 4911 1021 4968 quam
1067 4894 1245 4954 habet,
1275 4892 1414 4944 hanc
1447 4889 1683 4958 deponit,
1719 4895 1776 4942 ut
1809 4888 2016 4942 scilicet
2046 4899 2168 4938 eum
2209 4895 2399 4951 perpe-

863 4999 957 5042 tuo
985 4984 1196 5056 hymnis
1219 4980 1467 5042 celebret,
1495 4994 1556 5034 ac
1577 4994 1639 5035 ea
1659 4979 1714 5032 in
1737 4993 1795 5032 re
1823 4984 1992 5030 totam“
2013 4975 2178 5029 vitam
2203 4973 2402 5026 transi-

864 5086 970 5148 gat.
1003 5074 1236 5128 Audiant
1267 5071 1357 5140 qui
1391 5077 1500 5122 tota
1523 5069 1607 5123 die
1632 5070 1686 5122 in
1708 5065 2166 5138 negotiationibus
2196 5073 2248 5119 et
2268 5077 2398 5116 cau-

866 5168 1021 5236 ponis
1054 5172 1457 5219 versantur:ac
1503 5172 1570 5211 ne
1607 5158 1691 5211 vel
1733 5156 1899 5210 semel
1942 5155 2007 5208 ad
2051 5168 2238 5223 preces
2282 5165 2402 5206 sese

868 5260 1203 5316 convertunt,
1251 5256 1573 5320 quantorum
1628 5259 1914 5298 munerum
1968 5243 2237 5298 debitores
2293 5239 2402 5294 Deo

871 5347 998 5404 sint.
1032 5343 1144 5396 Hoc
1179 5343 1299 5397 vitae
1328 5342 1536 5395 lucrum
1565 5345 1669 5400 est,
1711 5335 1820 5389 Deo
1862 5331 2202 5392 benedicere.
2242 5338 2403 5400 atque

873 5437 973 5489 hac
1001 5434 1055 5488 in
1096 5447 1152 5485 re
1182 5433 1341 5484 vitam
1379 5443 1534 5498 agere
1562 5427 1779 5496 dignum
1808 5434 1908 5479 est.
1936 5423 2063 5480 Jure
2092 5430 2270 5477 autem
2310 5419 2404 5473 ad-

869 5526 997 5595 jecit
1038 5521 1188 5584 illud,
1242 5518 1307 5572 In
1353 5521 1456 5573 vita
1503 5532 1650 5580 mea;
1699 5525 1753 5571 et
1800 5514 1951 5578 illud.
1980 5513 2241 5582 'Quandiu
2288 5524 2404 5563 sum

869 5615 1092 5683 psallam
1131 5612 1253 5665 Deo.
1283 5607 1463 5677 Neque
1503 5609 1646 5663 enim
1688 5614 1771 5661 est
1806 5604 2073 5679 quispiam
2121 5605 2176 5656 in
2211 5608 2401 5660 morte.

871 5703 962 5772 qui
985 5717 1204 5757 memora
1228 5699 1299 5756 sit
1324 5698 1462 5770 ejus,
1498 5700 1552 5752 in
1575 5697 1786 5752 inferno
1819 5704 1998 5749 autem
2027 5694 2149 5762 quis
2175 5689 2403 5745 conﬁte-

872 5792 1053 5847 bitur?
1082 5789 1172 5846 Sic
1200 5789 1362 5845 fatuis
1395 5789 1686 5859 virginibus
1708 5785 1963 5858 nuptialis
1984 5781 2216 5837 cubiculi
2239 5780 2404 5850 janua

873 5886 1056 5942 plausa
1082 5892 1185 5946 est,
1215 5876 1341 5953 quia
1372 5894 1577 5954 tempus
1625 5880 1767 5944 quod
1802 5880 1857 5936 in
1893 5875 2127 5935 ferendis
2153 5872 2404 5942 lampadi-
2428 5936 2472 5954 γη

2501 4684 2773 4757 ῥημάτων,
2800 4680 2933 4735 ἀλλὰ
2959 4678 3052 4732 καὶ
3081 4679 3177 4749 τὴν
3201 4679 3288 4730 διὰ
3322 4678 3427 4730 τῶν
3462 4676 3660 4747 ἔργων.
3690 4674 3902 4747 Ἐπειδὴ
3935 4676 4042 4746 γὰρ

2497 4772 2648 4848 εὗρεν
2686 4772 2872 4829 ἑαυτὸν
2905 4769 3111 4834 πολλῶν
3150 4770 3279 4822 ὄντα
3320 4768 3611 4823 ὑπεύθυνον
3646 4769 3724 4839 τῷ
3763 4767 3898 4838 Θεῷ.
3951 4769 4042 4822 καὶ

2454 4904 2461 4912 -
2497 4868 2754 4922 ἀντίδοσιν
2784 4863 3032 4934 οὐδεμίαν
3078 4860 3231 4925 ἀξίαν
3261 4861 3545 4931 δυνάμενον
3591 4859 3943 4924 καταϐαλεῖν,
3977 4861 4041 4932 ἣν

2499 4960 2626 5030 ἔχει,
2661 4957 2860 5028 ταύτην
2881 4954 3217 5024 κατατίθησι,
3240 4952 3302 5005 τὸ
3337 4951 3591 5021 διηνεκῶς
3625 4953 3828 5021 ὑμνεῖν,
3854 4951 3914 5004 τὸ
3941 4954 4042 5005 πᾶ.-

2500 5069 2595 5104 σαν
2626 5053 2703 5114 είς
2727 5049 2893 5102 ⁵τοῦτο
2922 5046 3216 5115 δαπανῆσαι
3259 5043 3357 5114 τὴν
3403 5042 3565 5114 ζωήν.
3604 5042 3965 5096 Ἀκουέτωσαν
3993 5041 4041 5094 ot

2499 5140 2893 5212 πραγματείαις
2922 5139 3014 5192 καὶ
3052 5134 3366 5206 καπηλείαις
3400 5133 3485 5185 διὰ
3524 5131 3702 5203 πάσης
3731 5133 4039 5203 κατασηπό-

2504 5250 2648 5302 μενοι
2675 5236 2770 5304 τῆς
2803 5231 3030 5302 ἡμέρας,
3060 5228 3153 5280 καὶ¹
3192 5223 3309 5279 οὐδὲ
3350 5221 3494 5287 ἅπαξ
3529 5224 3608 5285 είς
3650 5222 3812 5292 εὐχὴν
3844 5222 4037 5293 τρεπόο

2505 5342 2669 5394 μενοι,
2692 5326 2812 5378 ὅσον
2845 5321 2979 5375 εἰσὶν
3004 5318 3284 5373 ὑπεύθυνοι
3319 5315 3398 5384 τῷ
3423 5314 3538 5384 Θεῷ
3558 5331 3569 5343 ·
3597 5313 3749 5367 τοῦτο
3768 5314 3867 5384 τῆς
3895 5313 4038 5386 ζωῆς

2500 5415 2559 5468 τὸ
2585 5416 2792 5486 κέρδος,
2826 5414 2884 5466 τὸ
2921 5411 3154 5479 εὐλογεῖν
3194 5407 3284 5460 τὸν
3327 5406 3474 5470 Θεὸν,
3508 5406 3596 5458 ἐπὶ
3626 5399 3919 5477 τούτῳκαὶ
3945 5403 4040 5471 ζῇν

2502 5505 2662 5573 ἄξιον.
2697 5506 2928 5568 Εἰκότως
2965 5503 3020 5555 δὲ
3053 5497 3372 5572 προσέθηκε,
3415 5500 3487 5552 ἐν
3519 5497 3593 5565 τῇ
3631 5496 3742 5565 ζωῇ
3773 5515 3911 5567 μου,
3951 5493 4043 5548 καὶ

2500 5601 2579 5664 τὸ,
2604 5599 2711 5663 ἕως
2749 5595 3013 5665 ὑπάρχω,
3051 5591 3224 5661 ψαλῶ
3268 5590 3346 5656 τῷ
3387 5591 3524 5658 Θεῷ.
3553 5591 3627 5644 Οὐ
3659 5589 3766 5660 γάρ
3803 5591 3948 5642 ἐστιν
3982 5586 4043 5638 ιν

2502 5689 2712 5760 θανάτῳ
2757 5689 2788 5741 ὅ
2843 5684 3187 5757 μνημονεύων
3247 5682 3442 5755 αὑτοῦ,
3505 5684 3560 5735 ὲν
3610 5679 3665 5735 δὲ
3709 5679 3786 5751 τῷ
3827 5677 3927 5749 ᾅδῃ
3961 5673 4043 5736 τις

2503 5779 2975 5850 ὲξομολογήσεται;
3023 5773 3206 5836 Οὕτως
3263 5772 3584 5844 ἀπεκλείσθη
3652 5773 3770 5833 ταῖς
3837 5767 4042 5838 μωραϊς

2504 5870 2787 5943 παρθένοις
2820 5867 2911 5923 τοῦ
2943 5865 3221 5936 νυμφῶνος
3273 5864 3489 5938 ήθύρα,
3543 5864 3632 5920 τὸν
3682 5862 3780 5931 τῆς
3825 5860 4039 5931 λαμπα-
