4318 6394
315 478 443 549 ms

1423 465 1913 547 communis
1946 488 2013 545 IN
2050 456 2405 545 PSALMOS.

3315 489 3446 550 1290

302 601 555 681 δηφοριιιζ
616 610 800 675 καιρὸν
870 606 945 672 είς
999 609 1284 682 ἀγορασίαν
1347 610 1521 662 ἐλαίου
1588 607 1830 661 δαπανώ-
1856 607 2007 670 Abu:

1739 607 1830 660 νώ-
1856 613 1902 670 Α
1926 607 2029 661 bus
2051 608 2347 678 transigere
2374 604 2655 671 debebant,
2696 604 2749 659 in
2780 605 2897 660 oleo
2940 606 3164 661 emendo
3201 621 3444 662 consum:

307 716 442 763 σαις.

381 811 681 880 Ἠδυνθείη
702 810 855 876 αὐτῷ
877 814 915 879 ἠ
938 810 1177 880 διαλογὴ
1196 828 1312 879 μου
1332 825 1345 838 '
1369 809 1482 879 ἐγὼ
1503 808 1570 861 δὲ
1590 810 1830 876 εὐφραν-

301 902 551 971 θήσομαι
575 904 670 956 ἐπὶ
698 902 775 967 τῷ
802 903 1005 969 Κυρίῳ.
1035 901 1153 971 Εῐη,
1182 902 1330 970 φησὶ,
1363 900 1582 954 τοιαῦτά
1614 917 1679 971 με
1704 898 1830 969 ᾆσαι

301 990 392 1043 καὶ
421 991 603 1060 ψάλαι,
634 991 706 1054 ὡς
729 992 1011 1062 ήδυνθῆναι
1040 990 1184 1061 αὐτῷ
1216 986 1302 1043 τὸν
1330 990 1459 1059 ἐμοῦ
1484 990 1709 1060 καρπὸν,
1736 990 1830 1060 τὴν

298 1080 543 1152 διαλογήν
591 1098 724 1151 μου’
766 1082 1005 1134 τουτέστι
1042 1083 1139 1152 τὴν
1168 1081 1391 1144 διάλεξιν
1426 1098 1545 1151 μου,
1581 1080 1676 1151 τὴν
1707 1082 1828 1150 ὁμι-

300 1166 411 1221 λίαν
444 1186 563 1237 μου,
595 1172 690 1239 τὴν
717 1168 946 1222 αῐνεσιν·
982 1172 1011 1223 6
1049 1170 1163 1241 7&9
1204 1171 1414 1240 ψάλλων
1441 1171 1557 1241 Θεῷ
1595 1171 1829 1239 διαλέγε-

298 1273 403 1309 ται.
437 1258 500 1309 Τί
528 1258 583 1310 δέ
623 1260 789 1323 ἐστιν,
840 1260 1133 1327 Ἠδυνθείη
1168 1262 1323 1326 αὐτῷ
1350 1263 1387 1329 ἡ
1416 1262 1659 1331 διαλογή
1683 1280 1829 1330 μου;

298 1346 671 1416 εὐπρόσδεκτος
720 1350 947 1415 γένοιτο,
1000 1352 1187 1421 ἀρέσαι
1234 1352 1462 1422 δεχθείη,
1506 1354 1689 1423 ἡδίστη
1740 1354 1829 1405 καὶ

295 1438 623 1507 τερπνοτάτη
680 1438 860 1508 ὀφθείη
915 1439 991 1510 τῷ
1034 1441 1167 1509 Θεῷ.
1220 1443 1355 1512 Ἀρα
1402 1444 1434 1512 ἡ
1492 1443 1621 1512 εὐχὴ
1683 1441 1828 1495 οὐδὲν

293 1524 475 1593 ἔτερόν
502 1528 642 1579 ἐστιν
678 1527 710 1597 ἢ
745 1529 969 1593 διάλεξις
1002 1531 1134 1601 πρὸς
1166 1511 1313 1585 Θεόν.
1352 1511 1622 1600 Ἐννόησον
1655 1530 1827 1584 τοίνυν

292 1612 387 1683 τὴν
411 1613 737 1683 ψαλμῳδίαν,
764 1620 819 1669 ἐν
842 1619 969 1687 αὐτῇ
996 1622 1089 1689 τὴν
1115 1612 1605 1691 ἀμοιϐὴνέχουσαν.
1631 1619 1695 1671 Τί
1721 1621 1827 1690 7&9

296 1704 405 1756 ἴσον
448 1705 634 1772 γένοιτ’
668 1707 733 1759 ἀν
774 1706 865 1759 τοῦ
902 1706 1018 1777 Θεῷ
1062 1709 1431 1777 διαλέγεσθαι;
1498 1712 1558 1762 'H
1608 1709 1825 1779 τοιαύτη

295 1792 532 1863 θορύϐων
565 1796 953 1851 ἀπαλλάττεται
995 1798 1160 1867 ψυχὴ,
1200 1801 1276 1862 είς
1320 1799 1409 1852 τὸν
1441 1800 1659 1870 οὐρανὸν
1704 1798 1829 1869 μεθ-

295 1880 525 1945 ίσταται,
548 1882 651 1934 τῶν
669 1884 968 1954 συνδέσμων
988 1885 1080 1938 τοῦ
1106 1886 1345 1956 σώματος
1367 1888 1671 1951 ἀπολύεται,
1705 1905 1828 1940 πτε-

296 1970 497 2039 ροῦται,
537 1974 828 2044 κουφοτέρα
862 1975 1191 2039 καθίσταται,
1223 1976 1528 2031 ἀποτίθεται
1558 1978 1627 2032 τά
1655 1978 1823 2047 πάθη,

292 2061 575 2147 ἀποδύεται
600 2065 666 2118 τά
693 2060 980 2135 νοσήματα.
1030 2069 1090 2120 El
1117 2067 1220 2137 7&9
1241 2068 1502 2140 ἀνθρώπῳ
1521 2086 1604 2132 τις
1629 2069 1827 2139 συνετῷ

293 2152 387 2219 και
431 2151 573 2205 νοῦνέ
597 2153 767 2223 έχοντι
812 2158 1209 2227 διαλεγόμενος,
1252 2161 1358 2213 ἀπὸ
1398 2160 1493 2231 τῆς
1532 2159 1741 2231 ὁμιλίας
1776 2178 1828 2214 τι

293 2241 552 2311 κερδάνας
595 2243 903 2315 ἀπέρχεται,
933 2249 960 2299 6
1007 2246 1140 2317 πρὸς
1192 2248 1282 2301 τὸν
1335 2248 1463 2301 Θεὸν
1503 2248 1721 2319 ὁμιλῶν,
1749 2264 1831 2300 εν-

292 2331 479 2402 νόησον
522 2334 689 2404 πόσην
737 2332 1078 2407 καρπώσεται
1118 2336 1214 2407 τὴν
1250 2338 1465 2409 ἀρετήν.
1494 2340 1632 2409 ’Δρα
1667 2338 1830 2408 ὕμνος

291 2421 444 2475 τοῦτό
486 2425 627 2477 ἐστιν
667 2426 699 2496 ἡ
744 2427 877 2497 πρὸς
916 2427 1043 2482 Θεὸν
1091 2428 1289 2498 ὁμιλία.
1336 2428 1459 2492 Πῶς
1490 2431 1536 2483 δ’
1584 2430 1649 2482 ἂν
1693 2427 1827 2493 αὕτη

291 2504 535 2583 ήδυνθείη
576 2514 649 2583 τῷ
688 2514 839 2584 Θεῷ;
876 2518 935 2569 El
971 2517 1077 2580 βίος
1113 2519 1194 2585 εἴη
1217 2517 1468 2586 καθαρὸς,
1500 2520 1545 2569 εί
1574 2517 1713 2586 ψυχὴ
1739 2535 1827 2585 φι-

291 2597 605 2675 λοσοφούσα.
634 2606 798 2659 Ὅταν
830 2608 936 2677 7&9
977 2611 1151 2661 πᾶσαν
1186 2607 1460 2678 ἁναλώσῃς
1500 2608 1593 2679 τὴν
1622 2609 1828 2681 ἡμέραν

292 2691 601 2760 εὐχόμενος,
634 2693 732 2762 τῆς
764 2696 1029 2757 πολιτείας
1052 2697 1520 2767 ἀντιπραττούσης,
1547 2698 1644 2765 οὐκ
1670 2700 1829 2753 ἀκου-

296 2778 463 2850 σθήσῃ
497 2780 707 2851 ῥᾳδίως,
733 2784 791 2835 οὑ
824 2784 982 2852 μόνον
1006 2785 1179 2849 αὐτὸς,
1211 2786 1322 2840 ἀλλ’
1351 2788 1456 2841 οὐδ’
1484 2789 1664 2860 ἕτερος
1689 2790 1825 2860 ὑπὲρ

294 2869 387 2922 σοῦ
414 2869 565 2922 τοῦτο
591 2871 773 2925 ποιῶν.
806 2874 986 2928 Ταῦτα
1005 2875 1060 2927 δὲ
1090 2875 1247 2944 λέγω,
1286 2877 1383 2946 οὐχ
1424 2878 1510 2931 ἵνα
1556 2880 1628 2949 μὴ
1670 2894 1831 2950 προσ-

292 2960 597 3031 ευχώμεθα,
632 2963 737 3015 οὐδ’
767 2962 850 3016 ἵνα
884 2964 957 3035 μὴ
984 2965 1283 3036 ψάλλωμεν,
1314 2968 1427 3021 ἀλλ’
1462 2957 1547 3022 ἵνα
1574 2970 1705 3039 μετά
1735 2969 1827 3023 τοῦ

290 3049 507 3117 ψάλλειν
533 3050 624 3129 καὶ
646 3050 757 3119 βίου
785 3052 879 3105 καὶ
902 3052 1165 3116 πολιτείας
1186 3056 1579 3127 ἐπιμελώμεθα.
1602 3058 1827 3126 Νοήσεις

291 3141 348 3193 δὲ
388 3142 478 3194 τὸν
513 3140 689 3211 στίχον
729 3143 821 3196 καὶ
860 3142 1054 3207 οὕτως’
1080 3144 1267 3199 Πολλοὶ
1299 3146 1434 3201 κατά
1484 3149 1827 3219 συναρπαγὴν

1930 710 2172 772 pserunt.

1998 811 2158 868 Vens.
2219 812 2306 865 54.
2366 811 2662 864 Jucundum
2714 813 2779 865 sit
2828 812 2875 864 ei
2923 811 3179 880 eloquium
3216 827 3384 867 meum
3429 828 3448 868 :

1928 918 2016 972 ego
2049 918 2165 955 vero
2193 900 2481 955 delectabar
2516 902 2571 953 in
2606 900 2847 955 Domino.
2883 898 3115 963 Utinam,
3148 901 3341 970 inquit,
3374 904 3447 955 ita

1929 999 2138 1045 cantem
2167 1000 2219 1045 et
2248 990 2493 1059 psallam,
2540 999 2597 1043 ut
2629 988 2836 1043 fructus
2880 1004 3031 1043 meus
3071 990 3171 1059 ipsi
3208 991 3446 1059 placeat;

1892 1072 1893 1075 “
1928 1081 2196 1151 eloquium
2222 1079 2487 1143 videlicet,
2521 1081 2632 1133 sive
2655 1079 2975 1149 colloquium
3002 1094 3196 1143 meum,
3226 1094 3448 1135 conver-

1928 1169 2067 1225 satio
2091 1176 2144 1223 et
2184 1169 2297 1222 laus
2322 1183 2439 1223 mea
2472 1187 2486 1223 :
2517 1183 2640 1222 nam
2666 1169 2757 1238 qui
2783 1168 2981 1237 psallit,
3017 1167 3179 1224 Deum
3217 1170 3447 1238 alloqui-

1930 1265 2036 1312 tur.
2062 1256 2199 1323 Quid
2224 1264 2401 1311 autem
2422 1268 2504 1312 est
2525 1244 2675 1321 illud,
2698 1256 2995 1309 Jucundum
3015 1258 3083 1310 sit
3113 1258 3161 1310 ei
3190 1258 3447 1327 eloquium

1928 1361 2094 1399 meum
2113 1348 2137 1400 ?
2164 1344 2218 1400 id
2242 1353 2326 1401 est
2353 1346 2674 1414 acceptabile
2700 1346 2770 1401 sit
2791 1346 2915 1415 ipsi,
2937 1347 3139 1415 placeat
3164 1348 3233 1413 ei,
3254 1351 3447 1417 jucun-

1928 1432 2210 1485 dissimum
2247 1447 2310 1485 ac
2336 1432 2775 1500 iplacidissimum
2816 1432 2923 1487 Deo
2966 1434 3225 1488 videatur.
3267 1433 3447 1489 Oratio

1928 1519 2107 1589 itaque
2149 1520 2281 1573 nihil
2314 1519 2459 1572 aliud
2485 1526 2585 1584 est,
2616 1535 2773 1588 quam
2808 1522 3132 1590 colloquium
3162 1534 3283 1576 cum
3315 1522 3447 1578 Deo.

1926 1607 2301 1663 Animadverte
2347 1609 2508 1676 igitur
2549 1609 2897 1676 psalmodiam
2938 1611 2995 1664 in
3044 1626 3101 1663 se
3140 1612 3449 1667 retributio-

1928 1713 2048 1756 nem
2076 1698 2368 1751 contiuere.
2394 1696 2530 1761 Quid
2554 1698 2694 1751 enim
2721 1698 2951 1767 alloquio
2980 1697 3072 1753 Dei
3101 1699 3299 1769 aequari
3332 1717 3450 1770 pos-

1928 1789 2031 1841 sit?
2063 1786 2381 1855 Hujusmodi
2427 1788 2604 1840 anima
2638 1802 2669 1839 a
2706 1788 3027 1844 tumultibus
3072 1789 3347 1853 liberatur,
3392 1792 3448 1843 in

1929 1880 2121 1931 coelum
2147 1875 2487 1941 transfertur,
2533 1877 2757 1933 vinculis
2802 1880 3039 1948 corporis
3076 1875 3321 1943 sdlvitur,
3348 1880 3449 1932 alis

1928 1969 2235 2035 instruitur,
2278 1967 2445 2023 ιονιοτ
2483 1967 2727 2031 edicitur,
2774 1967 2993 2023 allectus
3028 1968 3263 2039 deponit,
3303 1985 3449 2023 mor-

1927 2056 2025 2111 bos
2059 2057 2224 2111 exuit.
2254 2056 2387 2111 Nam
2415 2058 2459 2111 si
2487 2072 2551 2112 ex
2586 2057 2860 2126 prudentis
2888 2058 2986 2112 viri
3028 2059 3295 2128 colloquio
3327 2059 3449 2128 quis

1924 2148 2133 2200 lucrum
2160 2153 2439 2214 reportans
2470 2146 2727 2211 abscedit,
2762 2147 2931 2217 cogita
2952 2155 3208 2216 quantum
3234 2147 3449 2201 virtutis

1925 2244 2087 2289 metet
2109 2250 2173 2290 ex
2200 2236 2291 2290 Dei
2324 2237 2609 2306 colloquio.
2639 2236 2874 2307 Hymnus
2905 2252 3030 2307 ergo
3054 2244 3137 2292 est
3163 2237 3450 2293 collocutio

1925 2342 2046 2382 cum
2078 2326 2204 2383 Deo.
2244 2328 2523 2393 Quomodo
2554 2337 2731 2383 autem
2770 2330 2883 2383 hazc
2920 2327 3029 2383 Deo
3056 2328 3289 2399 jucunda
3328 2329 3447 2385 iue-

1925 2419 2031 2471 rit?
2060 2416 2119 2472 Si
2158 2420 2263 2472 vita
2286 2420 2357 2473 sit
2394 2434 2547 2488 pura,
2580 2420 2625 2473 si
2659 2420 2834 2474 anima
2863 2419 3282 2489 philosophetur.
3316 2420 3451 2473 Nam

1926 2508 1972 2563 si
2016 2515 2181 2562 totam
2228 2508 2369 2563 diem
2410 2510 2614 2564 orando
2655 2512 2942 2580 transigas,
2989 2510 3115 2565 dum
3156 2512 3278 2565 vitae
3314 2514 3451 2566 ratio

1925 2600 2153 2653 orationi
2180 2608 2457 2669 repugnat.
2480 2616 2589 2654 non
2618 2599 2772 2654 facile
2796 2600 3128 2665 exaudiaris;
3163 2617 3270 2656 non
3292 2604 3452 2658 modo

1924 2695 1985 2741 tu
2016 2688 2151 2757 ipse,
2179 2689 2273 2743 sed
2301 2691 2461 2742 etiam
2480 2688 2655 2757 quivis
2692 2690 2828 2741 alius
2855 2688 2947 2757 qui
2975 2703 3071 2757 pro
3102 2697 3153 2743 te
3179 2699 3446 2759 precetur.

1927 2778 2048 2834 Haec
2079 2793 2240 2848 porro
2266 2778 2407 2843 dico,
2441 2793 2547 2831 non
2585 2786 2643 2831 ut
2680 2793 2747 2832 ne
2782 2786 2994 2833 oremus
3040 2793 3211 2848 neque
3251 2781 3449 2848 psalla-

1925 2884 2068 2937 mus,
2099 2869 2193 2924 sed
2226 2875 2286 2922 ut
2313 2876 2433 2937 post
2468 2869 2702 2937 psalmos
2733 2869 2799 2924 de
2829 2870 2936 2923 vita
2962 2878 3016 2924 et
3042 2871 3449 2925 conversatione

1925 2969 2108 3015 nostra
2135 2960 2353 3015 solliciti
2381 2960 2570 3014 simus.
2601 2958 2713 3013 Hac
2738 2968 2867 3014 item
2896 2960 3101 3040 ratione
3124 2961 3448 3015 versiculum

1925 3051 2071 3107 hunc
2097 3050 2331 3124 explices
2355 3067 2369 3104 :
2398 3048 2548 3103 Multi
2582 3058 2817 3120 quaestus
2842 3064 3004 3104 causa
3032 3065 3281 3120 perverse
3300 3052 3449 3120 judi~

1925 3144 2010 3197 cia
2042 3142 2242 3205 ierunt,
2266 3138 2361 3196 sed
2384 3147 2439 3195 et
2465 3146 2751 3209 antequam
2771 3154 2866 3209 per
2889 3146 3197 3194 accuratum
3227 3155 3448 3197 examen

291 3232 748 3302 παρηλλαγμένως
785 3231 880 3294 τάς
916 3233 1118 3301 κρίσεις
1154 3235 1457 3306 ἐκφέρουσι,
1504 3238 1607 3307 πρὸ
1660 3254 1825 3291 κατα·
1852 3258 1894 3316 c
1926 3244 1979 3290 et

1743 3255 1825 3290 ια·
1852 3258 1894 3316 c
1926 3244 1979 3290 et
2003 3234 2470 3306 perquisitionem,
2494 3248 2597 3303 qua
2630 3232 2696 3287 de
2723 3247 2781 3287 re
2808 3239 2997 3301 agatur
3026 3232 3341 3301 intelligant.
3372 3242 3448 3286 te-

292 3321 501 3395 λήψεως
537 3323 634 3391 τῆς
671 3322 730 3386 ἐξ
774 3320 953 3376 ἱκανοῦ
992 3323 1165 3391 λόγου,
1199 3328 1287 3380 καὶ
1317 3328 1583 3380 ὲπιπλεῖον
1611 3330 1827 3398 ἐρευνη-

294 3411 493 3476 θέντος,
528 3410 893 3483 ἐγγινομένης.
920 3410 1284 3478 ἀϐασανίστως
1323 3415 1462 3467 κατά
1507 3416 1827 3485 προπέτειαν

292 3501 403 3564 τὰς’
430 3503 551 3570 περὶ
598 3504 821 3555 ἑκάστου
864 3504 1127 3573 δόγματος
1156 3504 1463 3572 ῥιπτοῦντες
1497 3506 1825 3572 συγκαταθέ-

294 3607 421 3652 σεις.
469 3591 532 3642 Ἦ
552 3590 607 3643 δὲ
629 3592 726 3660 τῆς
751 3592 1083 3663 διαλεκτικῆς
1107 3592 1263 3660 φύσις
1290 3593 1518 3661 μάλιστα
1543 3595 1828 3647 πεπίστευ-

289 3692 380 3731 ται
411 3676 580 3730 ταῦτα
620 3678 872 3747 παρέχειν
903 3678 1173 3741 δύνασθαι,
1213 3680 1433 3749 διαιρεῖν
1464 3679 1701 3749 ἀκριϐῶς
1729 3682 1824 3745 τάς

291 3768 397 3818 τῶν
430 3766 766 3835 πραγμάτων
793 3766 975 3836 φύσεις
1011 3769 1100 3821 καὶ
1128 3768 1194 3823 τά
1222 3769 1379 3839 ὅμοια
1410 3771 1707 3841 γνωρίζειν,
1735 3772 1829 3825 καὶ

292 3857 359 3909 τά
400 3857 591 3927 ἑαυτῆς
640 3858 946 3928 διακρίνειν.
994 3859 1185 3930 Διόπερ
1233 3859 1480 3923 συνειδὼς
1526 3860 1699 3931 ἑαυτῷ
1732 3863 1827 3933 τὴν

293 3945 441 3998 θείαν
466 3945 797 4017 διαλεκτικὴν
820 3947 1010 4018 έχοντι,
1041 3948 1219 4016 ἔλεγεν
1256 3952 1285 4001 6
1319 3947 1477 4003 Δαυῒδ
1505 3952 1584 4015 τὸ,
1631 3952 1828 4006 Ἡδον-

292 4034 416 4103 θείη
449 4049 547 4091 σοι
572 4038 611 4106 ἡ
640 4037 884 4107 διαλοτή
907 4048 1049 4107 μου.’
1077 4039 1139 4090 Ἠ
1169 4039 1274 4109 7&9
1304 4040 1409 4093 τῶν
1432 4042 1711 4109 ἐριστικῶς
1736 4042 1826 4095 καὶ

292 4124 602 4193 φιλονείκως
624 4127 1047 4197 ἑπεμὸαινόντων
1067 4132 1174 4192 τοῖς
1197 4130 1473 4198 πράγμασι
1498 4130 1823 4199 διαλεκτικὴ,

294 4217 389 4285 οὐχ
417 4216 583 4285 ἡδεῖα,
612 4217 745 4269 ἀλλά
775 4218 1272 4289 παραπικραίνουσά
1291 4219 1372 4283 τίς
1394 4222 1555 4273 ἐστιν.
1582 4222 1700 4274 ’Ὀτι
1729 4221 1825 4295 μὲν

293 4301 385 4358 οὖν
410 4306 534 4375 ἡδὺς
564 4306 679 4377 Θεῷ
702 4306 855 4374 λόγος
889 4310 918 4361 6
944 4310 1020 4371 είς
1051 4308 1307 4379 ὀρθότητα
1333 4309 1558 4378 βλέπων,
1588 4312 1745 4373 αὐτὸς
1770 4313 1826 4364 έν

292 4394 371 4465 τῷ
406 4395 602 4465 ᾄσματι
626 4395 799 4464 λέγει’
827 4397 1042 4465 Knplor
1069 4397 1465 4459 ἀποστάζουσι
1494 4402 1661 4469 χειλη
1690 4414 1824 4467 σου,

1928 3341 2072 3380 mete
2115 3322 2343 3395 singulis
2371 3324 2649 3380 sententiis
2687 3338 2965 3379 assensum
2995 3320 3265 3392 praebent.’
3290 3324 3357 3377 At
3386 3338 3449 3379 ea

1926 3407 2212 3467 dialectica:
2252 3420 2441 3466 natura
2497 3420 2597 3476 est,
2631 3418 2691 3466 ut
2716 3426 2893 3465 rerum
2939 3420 3156 3465 naturas
3198 3423 3450 3467 accurate

1926 3500 2307 3572 distinguendi,
2356 3501 2552 3555 similia
2606 3499 2983 3571 cognoscendi,
3036 3508 3089 3554 et
3132 3514 3250 3568 qua:
3286 3501 3354 3555 ad
3390 3517 3452 3557 so

1924 3593 2222 3663 pertineant
2262 3591 2625 3657 discernendi,
2673 3590 2976 3644 facultatem
3008 3596 3261 3659 praestare
3290 3606 3451 3659 posse

1923 3691 2159 3753 putetur.
2187 3682 2539 3749 Quamobrem
2558 3680 2721 3735 David
2739 3694 2859 3734 cum
2888 3694 2945 3735 se
2972 3678 3149 3735 divina
3170 3679 3447 3742 dialectica

1925 3776 2244 3829 instructum
2260 3788 2379 3829 esse
2399 3779 2761 3843 cognosceret,
2786 3771 2993 3825 dicebat
3018 3788 3030 3823 :
3060 3766 3354 3823 Iucundum
3377 3773 3448 3823 si:

1925 3865 2017 3917 tibi
2054 3864 2309 3933 eloquium
2337 3879 2522 3924 meum,
2551 3862 2663 3917 sive
2699 3852 2975 3916 dialectica
2999 3877 3136 3916 mea.
3160 3859 3293 3915 Nam
3331 3861 3450 3916 dia-

1925 3953 2111 4008 lectica
2144 3967 2326 4007 eorum
2363 3952 2452 4020 qui
2484 3950 2771 4023 altercandi
2806 3966 2866 4007 ac
2893 3951 3243 4022 contendendi
3270 3952 3448 4007 animo

1922 4057 2010 4098 res
2046 4041 2443 4112 aggrediuntur,
2474 4055 2579 4094 non
2603 4040 2859 4110 jucunda,
2898 4040 2992 4097 sed
3023 4041 3203 4111 potius
3226 4056 3449 4113 exaspe-

1922 4144 2048 4185 rans
2080 4137 2180 4184 est.
2220 4129 2372 4194 Quod
2417 4136 2591 4183 autem
2626 4128 2803 4184 sermo
2832 4131 3135 4199 aequitatem
3178 4140 3448 4203 spectans,

1917 4222 2186 4293 jucundns
2216 4221 2322 4275 Deo
2352 4220 2440 4285 sit,
2468 4222 2582 4290 ipse
2624 4222 2677 4275 in
2716 4223 2928 4277 cantico
2956 4222 3181 4277 aﬁirmat
3205 4240 3221 4276 :
3248 4222 3450 4278 Favum

1923 4314 2181 4367 distillant
2211 4312 2352 4365 labia
2372 4321 2485 4375 tua,
2509 4329 2657 4366 soror
2684 4330 2796 4367 mea
2816 4329 3000 4387 sponsa
3028 4315 3163 4369 :mel
3183 4324 3231 4369 et
3255 4316 3334 4371 lac
3356 4315 3449 4368 sub

1926 4404 2101 4475 lingua
2133 4414 2222 4458 tua
2246 4406 2309 4458 “.
2342 4404 2494 4470 Quod
2520 4420 2645 4460 vero
2677 4405 2765 4474 qui
2793 4404 2984 4475 frigida
3011 4414 3065 4461 et
3092 4406 3264 4462 iutilia
3289 4407 3450 4461 verba

292 4484 521 4555 ἀδελφή
538 4504 651 4555 μου
674 4489 869 4556 νύμφη
890 4502 904 4517 ⁶
923 4487 1061 4557 μέλι
1084 4490 1177 4542 καὶ
1202 4487 1350 4559 γάλα
1376 4490 1490 4545 ὑπὸ
1519 4490 1627 4558 τὴν
1648 4490 1830 4561 γλῶσ-
1926 4497 1997 4552 10(

1742 4490 1830 4545 ὗσ-
1926 4497 2072 4566 loqui
2103 4497 2257 4559 solet,
2288 4497 2611 4566 injucundus
2648 4496 2736 4560 sit,
2767 4497 2818 4549 id
2865 4497 3157 4566 psalmodia
3192 4497 3447 4563 declarat,

293 4571 415 4625 σάν
438 4590 573 4629 σου.
606 4575 721 4628 Ὀτι
745 4575 799 4627 δὲ
833 4576 861 4627 6
903 4575 1245 4646 ψυχρολογεῖν
1291 4577 1491 4642 εἰωθὼς
1516 4580 1767 4651 ἀκαλλὴς,
1794 4583 1827 4652 ἠ
1859 4580 1901 4635 D
1930 4603 1993 4643 cu

1744 4600 1767 4645 ’ς
1794 4583 1827 4652 ἠ
1859 4580 1901 4635 D
1930 4602 2050 4643 cum
2078 4589 2151 4642 ait
2187 4604 2200 4639 :
2239 4587 2541 4655 Sepulcrum
2564 4597 2740 4653 patens
2764 4595 2838 4641 est
2862 4595 3035 4656 guttur
3064 4602 3239 4641 eorum
3254 4587 3316 4639 ⁵⁷.
3344 4586 3449 4656 Ego

294 4662 576 4734 ψαλμῳδία
602 4665 919 4736 παρίστησι·
952 4665 1138 4735 Τάφος
1166 4667 1290 4740 γὰρ,
1326 4669 1505 4740 φησὶν,
1543 4670 1829 4741 ἁνεφγμέ-
1932 4697 1999 4735 uel

1744 4672 1829 4725 αέ-
1932 4697 2047 4735 vero
2090 4681 2380 4735 delectabar
2418 4682 2470 4734 in
2518 4679 2755 4733 Domino.
2787 4679 2999 4745 Precor,
3034 4680 3223 4749 inquit,
3261 4688 3320 4733 ut
3354 4680 3449 4749 hy-

210 4766 213 4769 '
296 4753 402 4817 ὅρος
526 4755 752 4823 λάρυγξ
797 4755 1008 4811 αὐτῶν.
1050 4758 1185 4827 Ἐγὼ
1239 4758 1305 4811 δὲ
1358 4761 1830 4831 εὐφρανθήσομαι

1743 4780 1830 4824 μαι
1932 4786 2088 4825 mnus
2129 4778 2181 4824 et
2224 4771 2491 4840 eloquium
2538 4769 2698 4833 istud,
2737 4769 3181 4835 iucundissimum
3219 4769 3325 4823 Deo
3365 4770 3448 4821 vi-

297 4841 395 4894 ἐπὶ
418 4838 496 4909 τῷ
514 4847 722 4913 Κυρίῳ.
744 4847 1000 4919 Εὔχομαι,
1023 4851 1173 4921 φησὶ,
1196 4851 1393 4923 ταύτην
1414 4870 1511 4922 μου
1536 4853 1630 4925 τὴν
1656 4854 1829 4921 ὑμνῳ-
1932 4861 2002 4915 de:

1744 4871 1829 4921 ηρ-
1932 4861 2134 4915 deatur.
2171 4858 2225 4913 Id
2262 4861 2401 4913 enim
2440 4860 2485 4913 si
2527 4862 2635 4924 liat,
2678 4860 2802 4913 hinc
2835 4874 2932 4929 ego
2960 4859 3276 4913 hilaritatem
3320 4872 3449 4911 con-

296 4934 413 4988 δίαν
444 4936 534 4988 καὶ
575 4937 801 5005 διάλεξιν
836 4934 1052 5012 ἡδίστην
1083 4942 1306 5012 ὀφθῆναι
1347 4942 1423 5011 τῷ
1458 4943 1590 5011 Θεῷ.
1634 4943 1827 5007 Τούτου
1933 4966 2001 5005 set

1742 4960 1827 4995 του
1933 4966 2147 5019 sequar,
2176 4958 2229 5004 et
2251 4948 2551 5003 delectabor
2573 4949 2625 5002 in
2652 4948 2897 5013 Domino,
2927 4948 2975 5002 id
3002 4957 3103 5007 est.
3130 4949 3179 5001 in
3203 4947 3368 5011 cultu,
3394 4947 3447 4999 in

296 5024 403 5096 7&9
432 5028 733 5097 γενομένου,
769 5030 875 5099 ἐγὼ
914 5032 1008 5103 τὴν
1048 5032 1289 5087 ἐντεῦθεν
1333 5033 1587 5103 εὐθυμίαν
1611 5033 1829 5103 καρπῶν
1927 5040 2001 5093 ad,

1749 5033 1829 5085 τῶν
1927 5040 2255 5100 adoratione,
2286 5039 2339 5091 in
2380 5039 2656 5107 praeceptis
2683 5039 2819 5108 ejus,
2851 5040 2993 5109 quod
3019 5040 3139 5093 talis
3169 5036 3294 5089 mihi
3338 5034 3454 5089 θοι-ι·

298 5132 478 5186 σομαι,
511 5119 601 5170 καὶ
632 5120 1060 5195 εὐφρανθήσομαι
1092 5124 1181 5177 ἐπὶ
1209 5124 1286 5196 τῷ
1324 5125 1525 5196 Κυρίῳ,
1562 5126 1833 5179 τουτέστιν
1930 5131 1999 5183 mi

1743 5143 1833 5179 mv
1930 5131 2105 5183 minus
2130 5128 2216 5182 sit.
2246 5127 2376 5181 Nam
2407 5142 2525 5196 quae
2549 5130 2650 5184 sub
2682 5138 2952 5199 aspectum
2975 5129 3187 5189 cadunt,
3224 5125 3448 5195 pulchra

295 5209 387 5262 ἐπὶ
415 5210 481 5278 τῇ
514 5206 751 5279 λατρείᾳ,
778 5213 871 5275 ἐπὶ
903 5217 967 5284 τῇ
1008 5217 1364 5287 προσκυνήσει
1396 5217 1487 5269 καὶ
1517 5220 1626 5279 τοῖς
1649 5217 1833 5269 ὲπιτά-
1929 5236 1999 5289 qu

1745 5217 1833 5269 τά·
1929 5220 2141 5289 quidem
2192 5226 2334 5282 sunt,
2366 5219 2558 5273 cmlum
2606 5220 2845 5283 delectat,
2888 5221 2967 5276 soi
3013 5219 3257 5282 laetiﬁcat,
3308 5228 3450 5271 terra

295 5312 464 5366 γμασι
508 5299 607 5360 τοῖς
638 5299 817 5365 αὐτοῦ,
853 5302 943 5354 ἐπὶ
985 5305 1060 5375 τῷ
1105 5306 1335 5360 τοιοῦτον
1374 5308 1513 5377 ἔχειν
1549 5307 1826 5377 δεσπότην.
1934 5323 2000 5371 sel

1744 5325 1826 5377 ην.
1934 5310 2133 5371 semina
2159 5308 2471 5377 plantasque
2500 5310 2741 5379 profert;
2774 5320 2826 5363 at
2860 5324 2957 5378 ego
2991 5308 3110 5377 plus
3137 5307 3367 5361 delector
3392 5307 3449 5359 in

298 5388 449 5441 Καλά
480 5389 574 5458 μὲν
607 5388 710 5458 γὰρ
741 5390 834 5442 καὶ
872 5390 938 5445 τά
970 5394 1231 5464 δρώμενα,
1265 5398 1357 5450 καὶ¹
1391 5397 1575 5467 τέρπει
1608 5399 1638 5449 6
1672 5398 1829 5467 οὐρα-
1932 5400 2002 5453 Cr

1745 5414 1829 5467 ραι·
1932 5400 2202 5458 Creatore.
2225 5414 2382 5468 quam
2411 5406 2463 5454 in
2492 5400 2578 5456 his
2602 5401 2866 5455 omnibus.
2892 5398 3012 5453 Haec
3033 5399 3164 5452 mihi
3185 5398 3450 5467 voluptas,

297 5478 413 5542 νὸς,
452 5480 541 5532 καὶ
580 5480 850 5550 εὐφραίνει
892 5482 920 5532 6
964 5482 1141 5551 ἣλιος,
1195 5488 1285 5539 καὶ
1327 5488 1397 5556 γῆ
1442 5488 1615 5558 ἀνίησι
1670 5488 1830 5557 σπέρ-
1933 5488 2002 5541 ha

1744 5488 1830 5557 ἐρ-
1933 5488 2044 5541 haec
2068 5486 2265 5550 laetitia,
2291 5488 2371 5541 hae
2394 5490 2612 5552 delicia,
2636 5489 2746 5543 lucc
2768 5488 2969 5541 inﬁnita
2990 5488 3127 5542 bona
3153 5487 3283 5541 mihi
3305 5496 3449 5543 sunt.

302 5591 444 5644 ματα
486 5574 577 5657 καὶ
616 5579 786 5643 φυτά⁹
824 5575 934 5628 ἀλλ’
980 5579 1089 5644 ἐγὼ
1158 5583 1358 5635 τούτων
1404 5584 1616 5637 πάντων
1657 5582 1746 5634 ἐπὶ
1789 5581 1865 5651 τῷ
1930 5586 2202 5654 ποιήσαντι
2256 5580 2427 5636 πλέον
2459 5584 2824 5654 εὖφραίνομαι.
2888 5582 3051 5636 Τοῦτό
3108 5601 3194 5649 μοι
3242 5578 3457 5652 τρυφὴ,

297 5663 453 5729 τοῦτό
481 5682 566 5734 μοι
602 5663 916 5736 εὐφροσύνη,
950 5667 1101 5719 τοῦτο
1133 5670 1321 5742 ἡδονὴ,
1359 5672 1510 5725 τοῦτο
1545 5672 1612 5726 τά
1645 5672 1807 5742 μυρία
1832 5673 2025 5741 ἀγαθά.

369 5818 417 5847 δ’
451 5817 606 5872 Cant.
646 5834 717 5879 tv,
754 5817 838 5871 12.
914 5820 956 5851 δ’
996 5819 1136 5874 Psal.
1171 5837 1223 5886 v,
1257 5824 1343 5877 ll.

586 5907 849 5969 PA'rn0L.
883 5910 995 5971 Gn.
1052 5911 1283 5975 XXIII.
