4318 6408
884 469 1017 527 1291
1546 474 1813 533 EUSEBII
1851 479 2321 538 CESARIENSIS
2356 482 2504 540 OPP.
2545 485 2723 542 PARS
2759 486 2848 544 111.
2886 516 2958 532 -
2993 490 3417 550 EXEGETICA.‘

3928 504 4069 557 1292

952 579 1116 665 Vens.
1142 582 1230 637 55.
1258 582 1515 654 Deﬁciant
1545 597 1837 655 peccatores
1869 606 1903 644 a
1932 599 2073 645 terra
2088 603 2137 646 et
2158 594 2439 663 iniqui,ita
2467 603 2513 659 Α
2622 597 2657 649 "l

2386 603 2439 651 ta
2467 603 2513 659 Α
2622 597 3003 654 Ἐκλίποισαν
3033 604 3359 671 ἁμαρτωλοὶ
3389 605 3507 659 ἀπὸ
3543 607 3652 675 τῆς
3677 606 3787 679 γῆς
3812 613 3910 666 καὶ
3950 614 4087 669 ἄνο-

875 683 931 725 ut
964 690 1065 727 non
1102 676 1226 729 sint.
1259 674 1316 730 In
1342 678 1433 731 illo
1460 678 1712 734 videlicet
1736 689 1996 751 tempore,
2027 698 2138 751 quo
2164 684 2385 739 audient
2413 703 2425 738 :
2530 703 2580 753 μ

2381 726 2385 736 ν
2413 703 2425 738 :
2530 702 2651 753 μοι,
2686 685 2839 746 ὥστε
2863 688 2949 757 μὴ
2984 692 3276 760 ὑπάρχειν
3302 696 3541 762 αὐτούς.
3583 674 3886 772 Ἐννέκείνῳ
3908 702 4086 772 δηλον-

873 763 1134 819 Discedite
1162 782 1322 837 a;me,
1358 769 1646 836 maledicti,
1677 770 1733 824 in
1762 771 1931 841 ignem
1963 782 2235 837 wternum,
2265 790 2426 843 para-
2532 777 2578 829 61

2380 793 2426 829 ι-
2532 777 2614 829 ότι
2636 779 2712 846 τῷ
2735 780 2927 851 καιρῷ,
2950 782 3264 837 ἀκούσονται
3294 786 3419 855 γὰρ,
3445 790 3772 857 Πορεύεσθε
3796 763 3894 846 ἀπ’
3920 763 4085 861 ἐμοῦ,

872 856 1212 950 tumAdiabolo
1241 865 1293 911 et
1312 860 1511 929 angelis
1537 875 1672 928 ejus.
1702 858 1910 916 Esurivi
1935 863 2095 925 enim,
2128 873 2175 917 et
2204 881 2308 918 non
2335 866 2427 920 de-
2533 870 2577 918 ολ

2380 883 2427 920 ι·-
2533 868 2599 918 οί
2624 870 3030 938 κατηραμένοι,
3068 874 3153 938 εις
3180 872 3246 927 τὸ
3288 875 3407 944 πῦρ
3449 877 3516 929 τὸ
3544 878 3799 946 αἰώνιον,
3828 882 3896 935 τὸ
3932 856 4085 950 ἧτοιέ

869 933 1023 1001 άὶεεό
1058 948 1185 1001 mihi
1224 950 1578 1015 manducare;
1617 951 1779 1017 sitivi,
1813 962 1865 1006 et
1904 970 2007 1007 non
2045 956 2265 1021 potaslis
2308 972 2421 1022 me;
2524 978 2574 1027 μ⁴

2379 973 2385 1005 ε
2401 974 2421 1022 ;
2524 933 2855 1028 μειονμένοίν⁷
2878 961 2958 1027 τῷ
2992 933 3241 1030 διαϐόλῳ
3282 933 3384 1020 καί
3416 968 3540 1034 τοῖς
3571 933 3843 1039 ἀγγέλοις

867 1037 1046 1105 hospes
1073 1055 1241 1103 eram,
1287 1048 1337 1092 et
1388 1056 1491 1093 non
1533 1041 1814 1111 collegistis
1855 1059 1972 1105 me;
2018 1044 2211 1108 nudus,
2246 1054 2295 1098 et
2324 1063 2428 1100 non
2543 1054 2572 1105 Ἷ

2377 1063 2428 1100 m
2543 1054 2863 1106 Ἐπείνασα
2914 1054 3043 1122 γὰρ,
3100 1056 3199 1108 καὶ
3248 1058 3359 1109 οὐκ
3399 1037 3666 1115 ἐδώκατέ
3688 1080 3789 1130 μοι
3841 1063 4082 1133 φαγεῖν·

864 1130 1208 1203 cooperuistis
1244 1144 1356 1193 me;
1386 1130 1629 1199 inﬁrmus
1659 1141 1709 1185 et
1734 1134 1786 1186 in
1816 1149 2022 1188 carcere
2042 1174 2057 1199 ,
2088 1144 2139 1189 et
2171 1152 2275 1190 non
2303 1136 2431 1191 visi-
2524 1143 2569 1196 ἐι

2384 1136 2431 1189 ἰ·
2524 1142 2808 1210 ἐδίψησα,
2827 1142 2923 1197 καὶ
2954 1144 3065 1197 οὐκ
3095 1145 3411 1199 ἐποτίσατέ
3432 1164 3508 1216 με
3530 1165 3543 1179 ο
3580 1149 3752 1216 ξένος
3786 1130 3964 1220 ﬂanti,
3987 1151 4083 1207 κει)

864 1222 1015 1275 tactis
1044 1236 1124 1274 me
1150 1220 1237 1273 “:
1274 1229 1328 1275 et
1373 1236 1483 1276 non
1514 1231 1674 1277 erunt
1714 1224 1769 1278 in
1816 1225 2063 1295 portione
2108 1241 2294 1282 eorum
2331 1227 2426 1299 qui
2526 1251 2569 1287 α

2379 1227 2426 1282 ui
2526 1235 2598 1287 οὺ
2636 1233 3003 1304 συνηγάγπέ
3040 1252 3146 1303 με·
3190 1237 3430 1305 ⁵γὐμνὸς,
3471 1239 3568 1291 καὶ
3606 1242 3677 1293 οὑ
3714 1240 4084 1308 περιεϐάλετέ

859 1310 972 1367 Ι)εο
998 1310 1344 1367 benedicunt.
1367 1311 1437 1366 At
1460 1313 1582 1383 quis
1614 1314 1751 1369 forte
1780 1314 1927 1371 dicat
1955 1335 1969 1372 :
1998 1315 2208 1388 Ergone
2234 1318 2426 1376 beatus
2517 1342 2564 1393 μ

2375 1335 2426 1376 ts
2517 1342 2624 1393 με·
2659 1326 2919 1394 ἀσθενὴς
2951 1326 3047 1379 καὶ
3078 1328 3146 1379 ὲν
3174 1328 3435 1396 φυλακῇ,
3474 1331 3568 1383 καὶ
3612 1333 3722 1385 οὐκ
3750 1334 4080 1401 ἐπεσκέψα-

855 1400 1127 1473 Propbeta
1154 1402 1485 1473 imprecatur
1516 1405 1584 1460 iis
1607 1405 1701 1475 qui
1750 1406 1806 1460 in
1857 1410 2096 1477 peccatis
2128 1420 2276 1477 sunt,
2306 1427 2424 1466 om-
2521 1433 2560 1469 σ

2377 1427 2424 1466 1-
2521 1419 2630 1470 σθέ
2662 1434 2764 1484 με·
2814 1418 2907 1469 καὶ
2954 1418 3053 1470 οὐκ
3100 1418 3307 1492 ἔσονται
3352 1420 3409 1471 ἐν
3452 1422 3519 1492 τῇ
3567 1422 3743 1492 μερίδι
3781 1423 3891 1477 τῶν
3934 1400 4082 1478 εθλο·

856 1508 1063 1564 nesque
1112 1496 1228 1547 vult
1280 1494 1455 1563 perire
1491 1510 1555 1550 ac
1591 1497 1832 1552 destrui?
1886 1496 1953 1553 At
2004 1500 2189 1556 decuit
2238 1502 2417 1572 potius
2519 1525 2561 1576 γε

2378 1519 2417 1559 lS
2519 1508 2754 1576 γούντων
2780 1508 2869 1561 τὸν
2898 1509 3047 1563 Θεόν.
3093 1510 3227 1561 Ἀλλ’
3272 1491 3386 1581 ἐρεῖ
3420 1491 3514 1576 τις
3546 1491 3737 1583 τυχόνο
3767 1510 3891 1585 ’Ἆρ’
3924 1513 4016 1569 οὖν
4050 1518 4083 1571 ὁ

852 1583 1033 1637 virum
1069 1590 1315 1639 sanctum
1366 1597 1429 1638 ac
1479 1584 1815 1654 spiritualem
1860 1602 1958 1657 pro
2014 1588 2415 1648 inﬁrmantibus
2521 1618 2557 1671 μ

2373 1607 2415 1648 Is
2521 1601 2785 1671 μακάριος
2818 1602 3105 1672 Προφήτης
3132 1602 3451 1671 κατεύχεται
3477 1602 3584 1657 τῶν
3608 1605 3773 1659 ὄντων
3802 1583 3859 1659 ἐν
3896 1606 4078 1679 ἁμαρ-

853 1671 1088 1742 precari.
1142 1671 1409 1728 Casurum
1449 1674 1609 1740 audi,
1664 1676 1853 1744 paucis
1903 1677 2046 1731 enim
2092 1677 2411 1735 absolvam:

851 1764 991 1820 Ante
1019 1762 1325 1820 Servatoris
1374 1764 1664 1820 adventum
1708 1778 1896 1823 omnes
1928 1766 1983 1821 in
2013 1770 2251 1838 peccatis
2287 1785 2411 1824 era-

850 1870 994 1919 mus,
1025 1862 1182 1910 terra:
1202 1856 1499 1927 imperabat
1522 1855 1775 1922 Satanas,
1797 1874 1903 1914 non
1927 1866 2043 1914 erat
2066 1860 2159 1930 qui
2208 1860 2412 1917 iaceret

2515 1692 2674 1755 τίαις,
2718 1693 2809 1744 καὶ
2848 1693 3052 1755 πάντας
3089 1693 3379 1747 ἀπολέσθαι
3423 1696 3513 1748 καὶ
3558 1696 3913 1768 ἀφανισθῆναι
3955 1697 4079 1768 βού-

2515 1783 2694 1849 λεται;
2728 1784 2917 1838 Καίτοι
2950 1784 3143 1855 μᾶλλον
3176 1786 3339 1857 ἐχρῆν
3364 1787 3514 1853 ἅγιον
3550 1786 3677 1842 ὄντα
3712 1790 3802 1841 καὶ
3831 1806 4076 1858 πνευμα-

2510 1868 2735 1942 τοφόρον
2769 1872 3158 1944 ὑπερεύχεσθαι
3190 1874 3296 1926 τῶν
3327 1875 3716 1945 ήσθενηκότων.
3737 1866 3939 1931 ’Ἄκουε
3965 1878 4075 1931 λοι-

850 1948 1077 2013 bonum,
1104 1964 1213 2004 non
1243 1956 1362 2004 erat
1405 1964 1577 2019 usque
1608 1948 1676 2003 ad
1707 1965 1875 2004 unum
1908 1969 1921 2004 :
1951 1965 2140 2014 omnes
2167 1951 2406 2007 declina-
2434 1976 2477 2031 Β
2506 1958 2555 2010 πί

2369 1970 2406 2005 ι-
2434 1976 2477 2031 Β
2506 1958 2624 2024 πὸν,
2657 1958 2766 2029 ἐρῶ
2795 1960 2901 2031 γὰρ
2932 1961 3019 2014 διὰ
3044 1961 3312 2033 βραχέων·
3352 1964 3456 2035 πρὸ
3504 1965 3601 2034 μὲν
3646 1966 3745 2035 τῆς
3772 1966 3863 2019 τοῦ
3899 1966 4074 2035 Σωτῆ·

848 2050 1056 2106 verant,
1082 2042 1241 2098 simul
1276 2042 1493 2099 inutiles
1526 2040 1654 2096 facti
1705 2050 1879 2098 erant.
1919 2041 2055 2096 Nam
2085 2042 2259 2099 (ἓτκοὶ
2286 2044 2411 2115 qui-

848 2133 972 2190 dem
1010 2134 1280 2192 idolorum
1318 2137 1589 2198 cultores,
1620 2136 1891 2206 aequitatis
1918 2137 2135 2191 modum
2186 2138 2409 2209 ignora-

845 2226 1017 2293 bant,
1070 2228 1224 2283 bona:
1254 2228 1378 2283 vitae
1425 2227 1617 2283 callem
1666 2228 2015 2295 nesciebant;
2059 2229 2169 2283 imo
2226 2230 2406 2300 potius

848 2322 1090 2376 omnium
1145 2335 1326 2377 rerum
1364 2318 1612 2389 opiﬁcem
1659 2328 1712 2374 et
1746 2318 2080 2376 Salvatorem
2124 2321 2405 2378 Christum

850 2411 1157 2466 nullatenus
1187 2402 1606 2479 cognoscebant.
1637 2403 1808 2463 Judaei
1833 2409 1961 2464 item
1991 2410 2159 2482 legem
2183 2412 2405 2482 quidem

846 2502 1117 2559 habebant
1165 2516 1263 2571 pro
1296 2501 1627 2571 paedagogo:
1661 2510 1715 2555 at
1772 2516 1879 2556 non
1928 2510 2138 2573 poterat
2188 2519 2256 2559 ex
2290 2506 2405 2577 lege

850 2592 1007 2649 homo
1029 2592 1317 2664 iustiﬁcari
1355 2612 1366 2647 :
1396 2607 1588 2650 omnes
1620 2595 1783 2666 igitur
1810 2593 1866 2649 in
1896 2597 2134 2666 peccatis
2162 2611 2399 2662 eramus,

853 2694 987 2743 terra
1014 2685 1294 2757 iniquitate
1337 2686 1495 2757 plena
1532 2694 1668 2741 erat.
1707 2685 2000 2757 Postquam
2025 2696 2204 2744 autem
2235 2703 2402 2761 appa-

855 2778 951 2831 ruit
977 2777 1315 2849 unigenitum
1343 2775 1434 2833 Dei
1458 2775 1716 2842 Verbum,
1749 2785 1803 2834 et
1844 2778 2046 2833 factum
2086 2787 2170 2833 est
2203 2780 2397 2846 homo,

842 2886 971 2927 tunc
1020 2870 1342 2928 defecerunt
1375 2880 1710 2943 peccatores,
1746 2873 2060 2930 defecerunt
2111 2874 2149 2928 ii
2198 2875 2291 2944 qui
2341 2876 2399 2930 in

843 2964 1125 3035 iniquitate
1160 2965 1535 3029 versabantur.
1562 2966 1845 3033 Quomodo
1872 2975 1965 3022 aut
2003 2982 2112 3038 qua
2152 2968 2400 3025 ratione?

845 3070 1027 3110 .,mnes
1053 3055 1253 3125 quippe
1286 3054 1698 3123 justiﬁcaverat,
1730 3069 1759 3108 a
1780 3056 2094 3112 sceleribus
2133 3056 2398 3113 liberave-

840 3155 946 3214 rat,
970 3163 1159 3202 omnes
1194 3147 1419 3211 liberos,
1444 3161 1613 3215 puros
1656 3162 1722 3203 ac
1753 3156 1927 3203 tersos
1957 3148 2226 3204 eﬂeceral.
2259 3148 2397 3205 Hinc

846 3245 969 3308 ergo
997 3235 1242 3306 sequitur
1260 3250 1460 3305 paucos
1485 3237 1539 3290 in
1580 3238 1818 3306 peccatis
1848 3239 2204 3303 remansisse,
2254 3240 2394 3294 mul-

838 3420 1047 3475 destrui
1079 3428 1252 3490 rogat,
1279 3433 1452 3491 neque
1473 3421 1718 3477 homines
1746 3421 1993 3479 funditus
2020 3426 2183 3479 exitio
2213 3423 2353 3478 tradi
2377 3440 2392 3490 ;

840 3511 934 3567 sed
958 3519 1229 3581 precatur,
1260 3520 1317 3565 ut
1348 3520 1601 3583 peccator
1632 3514 1893 3568 malitiam
1924 3515 2160 3580 deserat,
2193 3523 2253 3568 ut
2286 3529 2396 3568 non

839 3608 977 3659 ultra
1007 3613 1258 3675 peccator
1282 3606 1373 3671 sit,
1414 3607 1505 3662 sed
1533 3607 1878 3676 immuteturl;
1916 3624 1981 3664 ne
2037 3608 2110 3666 sit
2140 3609 2393 3679 iniquus,

838 3698 930 3752 sed
959 3698 1259 3768 resipiscat.
1311 3695 1634 3753 Sanctorum
1668 3699 1868 3768 quippe
1896 3699 2091 3755 animae
2138 3716 2246 3756 non
2296 3716 2409 3771 pro

838 3789 1029 3859 seipsis
1058 3797 1289 3856 tantum,
1316 3790 1409 3846 sed
1434 3804 1533 3859 pro
1578 3789 1833 3845 universo
1855 3789 1985 3846 orbe
2016 3791 2289 3855 orationes
2315 3792 2391 3847 ef-

834 3881 1017 3938 ferunt
1068 3895 1215 3938 suae.
1266 3880 1421 3937 Nunc
1474 3882 1638 3954 igitur
1684 3881 1884 3947 David,
1922 3898 2149 3939 arcanas
2200 3884 2396 3939 divinae

832 3973 1255 4046 pulchritudinis
1305 3973 1558 4055 divitias,
1596 3973 1775 4045 quoad
1810 3975 2060 4032 humana:
2115 3975 2394 4032 facultatis

830 4071 969 4123 erat,
994 4065 1306 4134 explorans,
1334 4079 1524 4120 omnes
1551 4064 1797 4122 homines
1839 4067 1987 4137 paris
2023 4066 2228 4121 notitiae
2262 4080 2394 4120 con-

832 4162 1011 4210 sortes
1046 4166 1166 4209 esse
1191 4154 1528 4224 peroptabat,
1562 4161 2016 4227 peccatorumque
2040 4167 2240 4213 sortem
2269 4172 2393 4213 om-

830 4245 963 4300 nino
994 4243 1224 4299 deﬁcere
1270 4242 1623 4314 precabatur;
1684 4260 1794 4300 non
1829 4254 1889 4301 ut
1929 4256 2152 4317 pereant
2200 4246 2391 4319 pastu-

830 4340 973 4407 lans,
1004 4336 1099 4396 sed
1122 4344 1182 4391 ut
1214 4338 1568 4407 resipiscam,
1607 4344 1772 4407 utque
1796 4352 1985 4394 eorum
2011 4349 2208 4405 cintus,
2241 4349 2392 4411 post-

829 4446 993 4502 quam
1042 4429 1328 4501 pristinam
1380 4427 1686 4483 divinorum
1727 4429 1975 4485 notitiam
2010 4442 2307 4501 posuerunt
2338 4444 2393 4488 et

830 4522 1177 4592 abjecerunt,
1222 4519 1486 4575 deleatur.
1521 4516 1672 4573 Vane
1697 4518 1859 4589 igitur
1883 4521 2207 4575 contentiosi
2230 4522 2307 4574 illi
2335 4522 2391 4576 in

828 4614 1203 4672 obdurationis
1224 4628 1336 4668 suae
1356 4600 1716 4683 patrocinium
1758 4611 2069 4681 bujusmodi
2100 4627 2261 4668 voces
2291 4628 2390 4684 op-

2511 2068 2602 2121 ρος
2649 2051 2936 2123 ἐπιδημίας
2988 2054 3224 2119 ἅπαντες
3262 2052 3399 2127 ἦμεν
3439 2058 3497 2109 ἐν
3545 2056 3865 2127 ἁμαρτίαις,
3911 2073 4071 2109 κατε-

2507 2140 2696 2210 κράτει
2736 2143 2834 2211 τῆς
2859 2144 2949 2195 ὑπ’
2977 2144 3199 2215 οὐρανὸν
3243 2147 3271 2197 ό
3316 2146 3573 2213 Σατανᾶς,
3601 2146 3701 2199 οὐκ
3740 2141 3807 2216 ῆν
3836 2148 3863 2198 ὁ
3900 2144 4068 2198 ποιῶν

2506 2231 2863 2301 χρηστότητα,
2925 2234 3025 2287 οὐκ
3072 2230 3139 2305 ἦν
3185 2236 3289 2299 ἕως
3335 2238 3479 2299 ἐνός·
3529 2236 3726 2298 πάντες
3771 2233 4066 2299 ἐξέκλιναν,

2505 2323 2619 2393 ἁμα
2644 2324 3035 2397 ήχρειώθησαν.
3060 2326 3314 2397 Ἕλληνες
3351 2328 3446 2397 μὲν
3482 2325 3590 2397 γὰρ
3620 2328 3669 2380 oi
3701 2325 3806 2379 τῶν
3837 2323 4068 2379 εἰδώλων

2504 2406 3019 2488 προσκυνηταὶ,τοὺς
3034 2418 3133 2487 τῆς
3152 2419 3443 2481 ἐπιεικείας
3459 2418 3558 2471 οὐκ
3578 2418 3793 2489 ⁴ᾔδεισαν
3812 2415 4065 2486 τρόπους,

2501 2508 2597 2579 τῆς
2622 2508 2851 2572 εὔζωτας
2886 2508 2982 2579 τὴν
3010 2508 3125 2562 ὁδὸν
3154 2510 3252 2561 οὐκ
3282 2509 3599 2578 ἠπίσταντο*
3635 2507 3831 2578 μᾶλλον
3859 2508 3914 2561 δὲ
3944 2507 4066 2562 οὐδὲ

2501 2599 2661 2653 αὐτὸν
2685 2600 2973 2668 ἐγίνωσκον
3004 2599 3137 2663 ὅλως
3166 2599 3252 2651 τὸν
3280 2598 3384 2652 τῶν
3412 2599 3545 2652 ὅλων
3569 2600 3940 2669 γενεσιουργὸν
3969 2597 4066 2651 καὶ

2501 2689 2724 2761 Σωτῆρα
2755 2690 3013 2762 Χριστόνο
3056 2688 3291 2742 Ἰουδαῖοι
3320 2689 3374 2741 δὲ
3406 2688 3561 2743 πάλιν
3594 2684 3734 2759 εἶχον
3770 2689 3867 2759 μὲν
3902 2689 4063 2759 νόμον

2500 2780 2590 2833 τὸν
2618 2782 2984 2850 παιδαγωγόν·
3030 2781 3143 2835 ἁλλ’
3176 2782 3273 2835 οὐκ
3314 2777 3379 2853 ἦν
3425 2784 3481 2835 ἐν
3524 2782 3670 2853 νόμῳ
3710 2779 4063 2850 δικαιωθῆναι

2497 2872 2589 2925 τὸν
2616 2872 2914 2943 ἄνθρωπον.
2946 2874 3149 2928 Οὐκοῦν
3192 2874 3426 2937 ἅπαντες
3471 2869 3609 2945 ἦμεν
3642 2876 3699 2927 ἐν
3746 2871 4057 2943 ἁμαρτίαις,

2497 2957 2725 3033 ἀνομίας
2749 2956 2816 3036 ἦν
2850 2964 3057 3036 πλήρης
3083 2968 3115 3035 ἠ
3149 2967 3238 3035 γῆ.
3288 2965 3498 3036 Ἐπειδὴ
3526 2966 3581 3018 δὲ
3618 2964 3879 3033 ἐπέφανεν
3906 2966 3935 3016 ό
3962 2979 4058 3032 μο-

2496 3057 2715 3126 νογενὴς
2739 3056 2830 3109 τοῦ
2858 3055 2989 3109 Θεοῦ
3007 3057 3195 3125 Λόγος,
3217 3057 3307 3109 καὶ
3333 3057 3545 3124 γέγονεν
3573 3054 3871 3124 ἄνθρωπος,
3895 3052 4058 3119 ἐξέλι-

2496 3164 2594 3201 πον
2617 3149 2664 3200 οί
2686 3147 3016 3218 ἁμαρτωλοὶ,
3061 3146 3427 3199 ἐκλελοίπασιν
3457 3147 3504 3197 οἱ
3535 3145 3683 3207 ὄντες
3704 3147 3763 3199 ἐν
3786 3146 4052 3216 ἁνομίαις.

2494 3239 2617 3303 Πῶς
2648 3240 2679 3310 ἢ
2705 3239 2823 3292 τίνα
2851 3240 3082 3309 τρόπον;
3110 3237 3421 3291 δεόικαίωκε
3457 3237 3564 3307 γὰρ
3592 3237 3856 3301 ἃπαντας,
3886 3240 4054 3310 ἁπήλ-

730 3404 733 3407 _
839 3339 925 3384 tos
946 3335 1124 3382 autem
1155 3327 1479 3397 iustiﬁcatos
1501 3343 1640 3383 esse.
1678 3329 1858 3399 Itaque
1893 3330 1980 3384 hic
2008 3347 2117 3386 non
2145 3340 2394 3386 naturam
2422 3329 2435 3379 1

2349 3346 2394 3385 m
2422 3326 2462 3382 C
2493 3330 2619 3396 λαξε
2670 3329 2776 3383 τῶν
2824 3330 3397 3401 πεπλημμελημένων,
3451 3328 3762 3398 ἐλευθέρους
3809 3329 4054 3400 ἀπέφηνα

2497 3421 2589 3474 καὶ
2638 3420 3083 3489 διεσμηγμένους.
3130 3418 3336 3473 Οὐκοῦν
3376 3420 3543 3488 ὀλίγοι
3588 3421 3867 3489 γεγόνασιν
3902 3423 3950 3474 οἱ
3994 3422 4055 3474 ἐν

2494 3492 2805 3580 ἁμαρτίαις,
2855 3508 3036 3562 πολλοὶ
3083 3508 3137 3561 δὲ
3178 3508 3296 3561 λίαν
3335 3511 3382 3561 οί
3426 3509 3860 3579 δεδικαιωμένοι.’
3912 3509 4053 3562 ὥστε

2493 3584 2725 3655 ἐνταῦθα
2779 3601 2838 3653 οὐ
2893 3600 2988 3672 τὴν
3031 3600 3214 3652 οὐσίαν
3250 3600 3883 3671 ἀφανισθῆναιυεῦχεται,
3929 3599 4054 3654 οὔτε

2492 3695 2617 3758 τοὺς
2645 3692 2960 3764 ἀνθρώπους
3002 3692 3326 3765 πανολεθρίᾳ.
3365 3693 3753 3766 παραδοθῆναι·
3790 3692 3924 3746 ἁλλὰ
3952 3692 4052 3763 τὴν

2494 3784 2753 3857 πονηρίαν
2780 3786 2985 3837 ἐκλίποι
3018 3785 3352 3855 ἁμαρτωλὸς,
3382 3784 3520 3838 ὥστε
3548 3785 3620 3856 μὴ
3642 3780 3777 3839 εἶναι
3805 3786 4054 3855 ἁμαρτω-

2492 3878 2601 3941 λὸς,
2637 3877 2772 3931 ἀλλὰ
2816 3875 3196 3948 μετατεθῆγαν
3232 3876 3305 3947 μὴ
3329 3876 3559 3947 ὑπάρχοι
3599 3881 3627 3931 ὁ
3669 3877 3889 3947 ἄνομος,
3916 3875 4055 3931 ἀλλὰ

2496 3973 2913 4046 μεταϐληθῆναι.
2957 3971 3220 4035 Τοιαύτας
3265 3971 3373 4041 γὰρ
3426 3974 3479 4023 ai
3533 3971 3639 4024 τῶν
3674 3954 3843 4039 ἁχίων
3882 3972 4051 4042 ψυχαὶ

2492 4067 2589 4137 οὐχ
2619 4066 2756 4137 ὑπὲρ
2783 4065 2986 4119 ἑαυτῶν
3031 4064 3207 4135 μόνον,
3255 4062 3368 4117 ἁλλ’
3408 4061 3545 4134 ὑπὲρ
3594 4061 3692 4133 τῆς
3732 4063 4051 4135 οἰκουμένης

2492 4158 2709 4230 ἁπάσης
2756 4157 2853 4220 τὰς
2893 4158 3102 4240 δεήσεις
3146 4155 3488 4227 ἀναφέρουσι.
3542 4155 3648 4207 Καὶ
3687 4152 3782 4207 νῦν
3823 4154 3998 4207 τοίνυν
4022 4156 4050 4209 ἁ

2491 4250 2672 4318 Δαυῒδ,
2702 4250 2760 4304 τὸ
2785 4250 2925 4304 θεῖον
2949 4249 3140 4313 κάλλος
3170 4248 3309 4302 κατὰ
3350 4247 3438 4301 τὸν
3472 4247 3774 4319 ἀπόρρητον
3800 4245 4047 4311 πλοῦτον,

2490 4342 2567 4406 ὡς
2592 4342 2718 4411 ἐνῆν
2752 4339 3060 4412 ἀνθρωπεία
3091 4338 3246 4407 φύσει
3273 4336 3571 4403 διεξελθὼν,
3607 4338 3811 4402 πάντας
3842 4336 4047 4408 ἀνθρώ-

2491 4450 2622 4495 πους
2664 4432 2898 4502 ἱμείρετο
2936 4431 3035 4501 τῆς
3071 4431 3237 4500 αὐτῆς
3285 4426 3601 4499 μεταλαχεῖν
3639 4427 3909 4497 γνώσεως,
3956 4429 4051 4481 καὶ

2487 4522 2585 4594 τὴν
2626 4522 2733 4573 τῶν
2786 4519 3121 4591 ἁμαρτωλῶν
3174 4520 3402 4590 πάμπαν
3456 4518 3695 4587 ἐκλεῖψαι
3743 4514 4049 4589 συμμορίαν

2491 4612 2747 4668 ἱκετεύεισ
2789 4613 2887 4665 οὐκ
2936 4612 3129 4674 αὐτοὺς
3176 4610 3465 4663 ἀπολέσθαι
3515 4609 3875 4678 παρακαλῶν,
3914 4608 4051 4664 ἁλλὰ

832 4715 1067 4781 ponunt;
1108 4708 1251 4777 quod
1284 4706 1452 4761 David
1503 4703 1755 4759 videlicet
1791 4702 2019 4758 deﬁcere
2049 4716 2388 4773 peccatorem
2418 4694 2463 4750 Ι)
2494 4724 2537 4778 μ

2343 4721 2388 4760 tn
2418 4694 2463 4750 Ῑ)
2494 4704 2891 4778 μεταϐληθῆναι
2933 4704 3207 4773 δεόμενος,
3259 4703 3351 4787 καὶ
3400 4700 3707 4754 παύσασθαι
3756 4701 3933 4753 αὐτῶν
3987 4703 4048 4755 τὸ

834 4807 1063 4871 exoptet,
1091 4814 1154 4853 ac
1186 4796 1465 4851 infamiam
1505 4793 1986 4864 confusionemque
2018 4795 2252 4851 inimicis
2282 4796 2386 4851 im-

838 4899 1113 4964 precetur;
1144 4890 1288 4959 quod
1315 4886 1579 4943 Jeremias
1610 4887 1871 4943 ultionem
1903 4902 1935 4941 a
1986 4886 2097 4943 Deo
2122 4890 2382 4944 adversa-

837 4986 927 5041 riis
948 4984 1060 5040 suis
1095 4981 1353 5053 inﬁictam
1388 4979 1572 5036 videre
1621 4981 1851 5052 cupidus
1880 4980 1977 5047 sit;
2030 4981 2175 5052 quod
2220 4980 2381 5047 Osee,

836 5088 888 5131 ut
913 5074 1203 5133 infecunda
1235 5073 1393 5127 vulva
1419 5087 1771 5144 mammaaque
1791 5073 1957 5129 aridae
1990 5074 2227 5129 inimicis
2252 5073 2385 5129 den-

835 5183 917 5221 ;ur
955 5168 1260 5238 supplicet:
1312 5177 1376 5218 ac
1436 5162 1633 5217 similia
1678 5165 1813 5219 bene
1861 5165 2031 5219 multa
2081 5165 2137 5220 in
2186 5163 2385 5220 divinis

838 5258 1128 5329 Scripturis
1170 5257 1374 5328 passim
1425 5254 1600 5325 posita
1642 5255 1932 5326 colligunt,
1978 5263 2037 5310 ut
2064 5255 2192 5310 hinc
2220 5256 2378 5310 evin-

826 5361 974 5417 cant,
1008 5352 1239 5407 inimicis
1271 5349 1557 5421 imprecari
1600 5348 1682 5403 l‘as
1712 5364 1852 5411 esse,
1880 5356 2041 5418 atque
2075 5349 2154 5405 sic
2177 5349 2386 5403 acerbi-

826 5448 953 5503 tatis
974 5460 1086 5501 suae
1106 5443 1198 5499 Dei
1233 5445 1526 5499 bonitatem
1550 5442 1818 5497 vindicem
1848 5438 2067 5495 faciant.

2493 4799 2676 4873 στίφος
2706 4794 3015 4860 ἀντιϐολῶν,
3065 4792 3511 4863 μεταταξαμένων
3564 4790 3656 4845 καὶ
3710 4791 4049 4861 μεταμαθόν-

2488 4908 2594 4943 των
2634 4890 2702 4943 τὰ
2744 4888 2881 4941 θεῖα.
2915 4888 3075 4939 ’Ὥστε
3112 4885 3285 4956 μάτην
3324 4884 3371 4937 οἰ
3415 4882 3673 4954 ἐριστικώ⁵
3712 4883 3791 4946 είς
3825 4899 4048 4956 συνηγο-

2493 4983 2615 5054 ρίαν
2636 4982 2732 5055 τῆς
2752 4980 2957 5035 ἑαυτῶν
2982 4977 3205 5050 πικρίας
3241 4975 3337 5039 τὰς
3379 4975 3628 5040 τοιαύτας
3659 4973 3839 5043 φωνὰς
3872 4993 4049 5050 παρα-

2488 5071 2750 5126 τίθενται·
2779 5071 2867 5124 τὸν
2895 5067 3052 5122 Δαυῖδ
3080 5067 3347 5121 ἐκλείπειν
3377 5066 3466 5119 τὸν
3487 5065 3805 5136 ἁμαρτωλὸν
3833 5067 4050 5122 ποθοῦν-

2490 5181 2577 5227 τα,
2618 5165 2711 5217 καὶ
2744 5160 2999 5231 αἰσχύνην
3042 5160 3133 5211 καὶ
3168 5156 3431 5227 ἐντροπὴν
3468 5156 3573 5209 τῶν
3606 5153 3812 5227 ἐχθρῶν
3854 5175 4047 5213 κατευ-

2491 5257 2740 5326 χόμενονο
2772 5253 2860 5306 τὸν
2904 5249 3166 5322 Ἰερεμίαν
3215 5248 3339 5300 ἰδεῖν
3366 5246 3461 5318 τὴν
3495 5246 3641 5318 παρὰ
3668 5247 3759 5301 τοῦ
3790 5248 3922 5303 Θεοῦ
3956 5252 4049 5303 ἐκ-

2490 5347 2698 5417 δίκησιν
2748 5346 2812 5397 ἐκ
2856 5344 2961 5396 τῶν
3007 5341 3261 5395 ἐναντίων
3305 5338 3695 5410 ἐπιθυμοῦνταο
3746 5343 3836 5394 τὸν
3889 5342 4046 5413 Ὠσηέ

2492 5440 2699 5511 μήτραν
2729 5433 3053 5491 ἀτεκνοῦσαν
3084 5433 3177 5488 καὶ
3202 5431 3436 5503 μαστοὺς
3474 5432 3667 5504 ξηροὺς
3694 5432 3906 5504 δοθῆναι
3935 5437 4046 5494 τοῖς

825 5543 1038 5616 ἐχθροῖς
1077 5542 1357 5610 δεόμενον·
1400 5541 1492 5594 καὶ
1532 5537 1700 5592 πολλὰ
1756 5535 1978 5589 τοιαῦτα
2031 5533 2300 5607 σποράδην
2341 5532 2633 5604 ἐγκείμενα
2691 5534 2809 5596 ταῖς
2871 5531 3041 5592 θείαις
3080 5528 3318 5598 Γραφαίς
3374 5527 3745 5625 ἀναλέγονται,
3793 5528 4044 5625 συνιστάέ

743 5697 752 5703 _
829 5654 976 5708 μενοι
1046 5637 1123 5708 τῷ
1176 5636 1283 5689 δεῖν
1330 5636 1435 5689 τῶν
1486 5632 1735 5689 ἐναντίων
1805 5630 2190 5701 κατεύχεσθαι,
2228 5627 2436 5699 καὶτῆς
2469 5629 2672 5684 ἑαυτῶν
2722 5627 2945 5699 πικρίας
2992 5622 3252 5717 συνεργὸν
3300 5620 3567 5679 ποιεῖσθαι
3615 5623 3714 5697 τὴν
3760 5624 3854 5680 τοῦ
3909 5620 4046 5677 Θεοῦ

824 5730 1162 5801 ἁγαθότητα.,

897 5906 942 5939 ⁸⁸
984 5904 1169 5982 Matth.
1210 5918 1334 5969 xxv,
1373 5899 1559 5958 H45.
