4318 6400
267 473 403 529 1295

1369 461 1860 529 ΕΟΜΜΕΝΤΔΒΙᾹ
1897 471 1963 526 IN
2004 472 2333 530 PSALMOS.

3303 481 3441 542 1294

343 585 481 642 Ἀλλ’
505 581 678 649 οὐδεὶς
699 579 804 639 τῶν
834 584 1042 656 ἀληθῶς
1070 585 1251 652 ἁγίων,
1273 578 1346 639 ὧν
1373 589 1425 640 αἱ
1459 589 1641 658 ῥήσεις
1667 586 1804 638 κατά
1831 596 1872 652 Α
1972 586 2047 641 Ve

1737 586 1804 638 τὰ
1831 596 1872 652 Α
1972 586 2170 641 Verum
2201 601 2359 641 nemo
2385 600 2572 641 eorum
2599 586 2691 656 qui
2722 602 2844 644 vere
2886 589 3058 644 sancti
3102 599 3262 656 sunt,
3307 609 3441 662 quo-

259 677 412 733 ¹θείαν
449 678 751 749 οἰκονομίαν
787 681 864 740 είς
904 677 1174 730 νουθεσίαν
1207 677 1312 730 τῶν
1355 678 1542 748 ἐφεξῆς
1585 677 1807 747 ἀνεγρά-

261 787 458 840 φησαν,
489 769 579 822 ἐπί
606 787 707 822 τινι
735 769 884 838 κακῴ
909 768 1004 839 τὴν
1031 768 1258 838 σπουδὴν
1281 768 1425 840 ἔχων,
1442 769 1807 837 ἐπιδειχθήσε-

259 877 369 939 ται,
398 858 530 912 ἀλλά
555 861 660 922 πᾶς
689 861 865 922 αὐτοῖς
889 861 917 911 ὁ
948 859 1140 921 σκοπὸς
1169 859 1275 911 τῶν
1314 852 1482 927 λόγων
1516 861 1647 930 πρὸς
1676 859 1809 930 διόρ-

259 951 423 1003 θωσιν
452 952 550 1020 τῆς
582 949 1059 1020 ἐμπολιτευομένης
1089 952 1151 1021 τῇ
1183 950 1337 1018 φύσει
1381 951 1572 1012 κακίας
1606 949 1804 1019 βλέπει.

264 1041 468 1112 Ὠσπερ
515 1041 687 1093 τοίνυν
736 1043 764 1092 ὁ
805 1040 1088 1109 εὐχόμενος
1128 1041 1201 1110 μὴ
1234 1036 1371 1092 εἶναι
1398 1041 1697 1105 νοσοῦντας,
1737 1042 1808 1112 μὴ

261 1126 398 1182 εἷναι
445 1128 844 1197 πτωχεύοντας,
891 1129 947 1180 οὐ
1000 1129 1104 1182 τῶν
1157 1127 1452 1198 ἀνθρώπων
1505 1130 1807 1200 ἀναίρεσιν,

262 1219 394 1271 ἀλλὰ
421 1220 517 1290 τῆς
548 1220 699 1272 νόσου
738 1221 832 1272 καὶ
874 1219 972 1288 τῆς
1003 1220 1266 1289 πτωχείας
1293 1221 1590 1290 ἀφανισμὸν
1630 1222 1811 1274 ἐπιθυ-

266 1313 357 1380 μετ
394 1311 674 1379 γενέσθαισ
715 1309 854 1362 οὕτω
901 1311 993 1363 καὶ
1038 1310 1142 1362 τῶν
1181 1311 1349 1379 ἁγίων
1395 1312 1616 1375 ἕκαστος
1652 1312 1710 1366 τὸ
1744 1316 1809 1384 τῇ

263 1402 418 1471 φύσει
476 1402 767 1471 πολέμιον,
828 1402 906 1464 είς
967 1401 1263 1471 ἀφανισμὸν
1319 1402 1486 1454 ἐλθεῖν
1545 1402 1806 1472 εῦχονται.

264 1494 430 1546 Ὅταν
473 1493 578 1562 γὰρ
627 1495 653 1545 ὁ
680 1492 977 1562 Ψαλμῳδὸς
1025 1494 1182 1564 εἴτι-[ι’
1229 1493 1605 1546 Ἑκοιίποισαν
1634 1495 1811 1562 ἁμαρ-

260 1582 433 1636 τωλοὶ
471 1581 587 1634 ἀπὸ
628 1580 735 1647 τῆς
770 1579 879 1649 γῆς
921 1581 1016 1632 καὶ
1050 1578 1274 1647 ἄνομοι,
1314 1578 1466 1631 ὥστε
1499 1579 1581 1647 μὴ
1627 1574 1811 1646 ὑπάρ-

263 1691 392 1742 χειν
420 1674 654 1738 αὐτοὺς,
681 1673 775 1741 τὴν
795 1673 1062 1741 ἁμαρτίαν
1086 1671 1320 1723 ἐκλιπεῖν
1346 1670 1438 1723 καὶ
1466 1672 1561 1741 τὴν
1584 1669 1810 1742 ἀνομίαν

264 1765 496 1836 εὔχεται.
529 1766 600 1818 Οὐ
632 1764 736 1834 γὰρ
777 1763 1056 1834 ἄνθρωπος
1088 1762 1353 1833 ἀνθρώπῳ
1394 1764 1664 1833 πολέμιος,
1697 1764 1810 1818 ἀλλ’

261 1859 296 1927 ἡ
331 1856 468 1910 κατὰ
499 1855 693 1908 κακίαν
723 1857 818 1925 τῆς
858 1854 1222 1925 προαιρέσεως
1250 1855 1458 1926 κίνησις
1497 1858 1574 1919 είς
1619 1855 1809 1926 ἐχθροῦ

1906 693 2025 733 rum
2055 675 2197 731 dicta
2224 693 2289 731 ex
2330 677 2507 730 divina
2554 678 2949 747 dispensatione
2991 681 3059 736 ad
3105 694 3445 751 posterorum

1907 769 2301 823 institutionem
2328 771 2633 838 conscripta
2683 770 2831 825 fuere
2855 811 2870 835 ,
2930 772 2994 825 ad
3028 768 3226 827 malum
3271 777 3445 845 quod-

1906 860 2047 930 piam
2073 859 2308 914 studium
2331 877 2489 916 suum
2521 862 2814 916 contulisse
2843 861 3322 933 demonstrabitur;
3349 866 3446 922 sed

1907 959 2052 1006 totus
2070 966 2253 1006 eorum
2288 966 2484 1020 scopus
2514 952 2579 1005 ad
2611 953 2965 1022 improbitatis
2995 954 3048 1006 in
3091 955 3321 1009 humana
3345 972 3445 1011 na-

1907 1051 2027 1097 tura
2051 1045 2312 1097 versantis
2352 1043 2777 1098 emendationem
2812 1046 3049 1115 respicit.
3097 1046 3448 1112 Quemadmo-

1908 1134 2032 1189 dum
2063 1135 2109 1189 is
2127 1136 2217 1205 qui
2242 1146 2488 1205 precatur
2502 1152 2607 1190 non
2623 1152 2742 1194 esse
2765 1138 3024 1203 inﬁmos,
3050 1154 3154 1194 non
3176 1155 3294 1195 esse
3311 1156 3445 1210 pau-

1910 1244 2082 1297 peres,
2115 1244 2220 1283 non
2247 1231 2522 1283 hominum
2554 1231 2991 1291 destructionem,
3035 1230 3128 1285 sed
3171 1232 3448 1285 infirmita-

1909 1325 2016 1372 tem
2069 1328 2537 1396 paupertatemque
2590 1320 2790 1376 aboleri
2842 1321 3070 1389 expetit;
3123 1321 3195 1376 ita
3249 1325 3446 1394 singuii

1911 1417 2218 1476 sanctorum
2247 1411 2388 1480 quod
2437 1420 2645 1466 natura:
2673 1413 2986 1469 adversatur
3016 1414 3082 1468 de
3126 1415 3300 1470 medio
3332 1418 3446 1470 tolli

1911 1500 2198 1567 postulant.
2224 1497 2354 1553 Nam
2392 1515 2511 1553 cum
2545 1493 2826 1555 Psalmista
2859 1504 2951 1566 ait,
2990 1502 3244 1572 Deﬁciunt
3267 1521 3448 1574 pecca-

1911 1595 2044 1640 tores
2077 1604 2109 1639 a
2142 1597 2278 1641 terra
2298 1597 2345 1642 et
2372 1589 2554 1658 iniqui,
2582 1591 2656 1642 ita
2690 1599 2746 1641 ut
2774 1607 2876 1643 non
2902 1593 3041 1659 sint,
3088 1606 3364 1662 peccatum
3395 1606 3451 1651 et

1909 1675 2243 1745 iniquitatem
2272 1677 2498 1734 deficere
2525 1689 2796 1749 precatur.
2835 1681 2952 1737 Non
2982 1685 3124 1739 enim
3157 1686 3317 1741 homo
3351 1687 3451 1743 ho~~

1909 1766 2042 1820 mini
2067 1769 2318 1824 inimicus
2341 1779 2455 1835 est;
2500 1771 2593 1826 sed
2624 1779 2805 1827 motus
2850 1774 3143 1846 voluntatis
3186 1777 3253 1831 ad
3293 1779 3451 1832 mali-

1909 1859 2060 1923 tiam,
2093 1861 2232 1929 quod
2262 1869 2452 1915 natura
2481 1862 2828 1931 conjunctum
2857 1874 2972 1920 erat
2999 1866 3065 1921 ad
3111 1867 3446 1926 inimicitiam

263 1947 414 2013 τάξιν
440 1947 500 2000 τὸ
527 1950 588 2018 τῇ
632 1947 786 2016 φύσει
832 1944 1166 2015 συνημμένον
1201 1946 1513 2016 κατέστησε.
1545 1946 1616 1999 Τὸ
1645 1944 1809 1999 κακὸν
1841 1966 1884 2026 Β
1914 1951 1968 2005 de

1744 1944 1809 1999 ιὸν
1841 1966 1884 2026 Β
1914 1951 2150 2005 deduxit.
2203 1951 2394 2007 Malum
2427 1955 2589 2024 igitur
2613 1957 2840 2012 deiicere
2881 1966 3130 2028 precatur
3156 1978 3168 2014 :
3200 1967 3254 2014 at
3286 1961 3449 2018 homo

265 2039 440 2094 τοίνυν
489 2031 723 2092 ἐκλιπεῖν
760 2029 1004 2105 εὔχεται·
1047 2038 1074 2089 ὁ
1114 2036 1168 2088 δὲ
1206 2036 1481 2108 ἄνθρωπος
1524 2037 1687 2089 κακὸν
1711 2037 1810 2088 οὑκ

263 2130 396 2192 εστι.
431 2130 552 2194 Πῶς
577 2128 684 2200 γὰρ
715 2128 778 2182 ἂν
806 2128 890 2198 εἴη
918 2128 1080 2180 κακὸν
1108 2126 1200 2179 τοῦ
1229 2127 1429 2195 ἀγαθοῦ
1456 2127 1514 2180 τὸ
1538 2127 1809 2197 ὁμοίωμας

263 2220 451 2284 Οὕτως
483 2222 584 2275 κᾶν
612 2221 867 2292 αἰσχύνην
896 2221 988 2274 καὶ
1019 2220 1280 2290 ἐντροπὴν
1305 2219 1411 2272 τῶν
1448 2219 1652 2290 ἐχθρῶν
1684 2235 1813 2272 κατ-

264 2313 521 2384 εύχηται,
570 2313 925 2366 δείκνυσί¹σοι
971 2312 1030 2364 τὸ
1079 2312 1260 2379 στίφος
1297 2310 1402 2364 τῶν
1449 2310 1717 2374 ἐναντίων,
1749 2310 1812 2361 ἐκ

263 2406 356 2460 τοῦ
390 2407 616 2476 ἀοράτου
779 2404 1084 2477 ἀνθρωπίνῃ
1135 2403 1645 2474 προσπολεμούντων
1679 2401 1807 2470 ζωῇ.

265 2489 387 2551 ’Ὅτι
433 2497 488 2550 δὲ
530 2500 627 2550 οὐκ
669 2497 982 2568 ἀνθρώπων,
1011 2497 1140 2549 ἀλλά
1171 2496 1431 2566 δαιμόνων
1474 2491 1809 2562 κατεύχεται,

262 2581 410 2662 δηλοῖ
433 2590 530 2659 τῆς
557 2590 716 2660 εὐχῆς
748 2589 805 2642 τὸ
827 2585 961 2651 εῐδος
989 2605 1000 2616 ·
1028 2586 1529 2655 Αἱσχυνθήτωσαν
1555 2584 1682 2655 γὰρ,
1710 2601 1815 2655 φησι

267 2683 372 2745 civ,
403 2684 455 2734 οὶ
493 2679 799 2747 ζητοῦντες
828 2679 940 2746 τὴν
970 2676 1175 2746 ψυχήν
1199 2695 1336 2745 μου,
1360 2675 1464 2731 τοῦ
1488 2675 1688 2745 ἐξᾶραι
1718 2677 1816 2730 ait-

264 2773 395 2840 τήν.
436 2770 1000 2840 Ἀποστραφήτωσαν
1025 2771 1110 2835 είς
1147 2771 1216 2822 τὰ
1255 2769 1442 2822 ὀπίσω
1486 2769 1581 2821 καὶ
1608 2769 1811 2834 ἐντρα-

264 2867 550 2934 πήτωσαν
589 2868 642 2919 οἱ
680 2862 951 2927 θέλοντές
993 2880 1090 2932 μοι
1133 2859 1302 2914 κακά.
1341 2861 1813 2942 Κομισάσθωαν

265 2958 619 3028 παραχρῆμα
668 2956 963 3026 αἰσχύνην
1013 2953 1294 3009 αὐτῶνόὶ
1346 2948 1620 3021 λέγοντές
1669 2969 1767 3022 μοι
1796 2993 1808 3016 ,

267 3032 442 3122 £15742,
485 3047 638 3120 εὖγε.
679 3048 1151 3120 Ἀταλλιάσαιντο
1197 3043 1289 3099 καὶ
1345 3046 1812 3122 εὐφρανθείησαν

263 3137 361 3197 ἐπὶ
387 3144 483 3197 σοὶ
509 3141 726 3208 πάντες
752 3145 804 3195 οὶ
833 3138 1137 3208 ζητοῦντές
1171 3153 1262 3203 σε,
1295 3139 1490 3206 Κύριε,
1519 3136 1615 3190 καὶ
1652 3135 1811 3189 εἰπά-

265 3244 467 3290 τωσαν
515 3233 864 3299 διαπαντὸς,
920 3230 1354 3300 Πεταλυνθήτω
1408 3232 1440 3282 ό
1495 3229 1720 3296 Κύριος,
1758 3232 1810 3282 οι

1911 2052 2018 2097 nun
2052 2045 2249 2098 malum
2279 2047 2552 2116 quidpiam
2584 2057 2685 2103 est.
2732 2048 3008 2115 Quomodo
3050 2053 3192 2106 enim
3246 2054 3448 2108 malum

1909 2135 2036 2188 boni
2080 2136 2375 2190 similitudo
2422 2137 2615 2193 fuerit?
2665 2139 2742 2193 Ita
2772 2142 3016 2210 quamvis
3070 2135 3344 2197 infamiam
3395 2154 3452 2200 et

1910 2227 2276 2283 confusionem
2301 2229 2535 2285 inimicis
2562 2243 2824 2300 precetur,
2857 2233 2944 2287 hic
2976 2234 3073 2288 tibi
3123 2236 3452 2291 adversario-

1911 2331 2049 2380 rum,
2079 2318 2168 2386 qui
2194 2318 2244 2396 in
2275 2319 2487 2374 occulto
2509 2319 2799 2375 humanam
2827 2331 3075 2376 naturam
3099 2335 3406 2396 oppugnant
3431 2367 3449 2392 ,

1911 2414 2106 2461 coetum
2123 2409 2379 2464 declarat.
2409 2410 2562 2476 Quod
2582 2420 2760 2467 autem
2792 2413 3124 2472 daemonibus
3142 2432 3249 2474 non
3278 2419 3452 2473 homi-

1909 2496 2069 2550 nibus
2096 2497 2440 2567 imprecetur,
2466 2501 2582 2569 ipsa
2616 2503 2877 2558 orationis
2907 2503 3076 2559 forma
3114 2508 3450 2577 comprobat:

1911 2585 2331 2656 Confu'ndantur,
2359 2591 2552 2662 inquit,
2584 2594 2674 2663 qui
2697 2607 2948 2669 quierunt
2978 2597 3206 2651 animum
3243 2615 3410 2654 meam
3431 2639 3450 2664 ,

1910 2688 1966 2732 ut
1997 2681 2236 2747 auferant
2277 2699 2411 2736 eam.
2461 2683 2837 2738 Convertuntur
2874 2697 3160 2742 retrorsum
3193 2699 3240 2743 et
3270 2692 3453 2746 erube-

1911 2779 2056 2823 scant
2080 2773 2167 2841 qui
2194 2774 2365 2826 volunt
2397 2774 2520 2826 mihi
2545 2777 2706 2828 mala.
2747 2770 2941 2831 Ferant
2972 2779 3243 2847 confestim
3268 2782 3455 2850 confu-

1910 2856 2104 2914 sionem
2131 2879 2281 2915 suam
2307 2864 2393 2933 qui
2421 2859 2597 2917 dicunt
2624 2866 2782 2931 mihi,
2816 2866 2978 2938 Euge,
3004 2887 3147 2941 euge.
3178 2871 3455 2928 Exsultent

1909 2960 1957 3004 et
1977 2951 2214 3006 (tutentur
2242 2955 2292 3007 in
2322 2965 2368 3009 te
2393 2972 2566 3011 omnes
2603 2959 2690 3028 qui
2729 2971 2964 3029 quaerunt
3006 2972 3072 3030 te,
3114 2963 3333 3031 Domine
3355 3007 3370 3031 ,
3402 2977 3455 3022 et

1911 3042 2086 3097 dicunt
2109 3060 2334 3114 semper,
2384 3046 2750 3120 Magniﬁcetur
2779 3049 3057 3121 Dominus,
3095 3058 3183 3128 qui
3226 3057 3454 3130 diligunt

1911 3136 2143 3190 salutare
2174 3148 2319 3191 tuum
2342 3138 2405 3193 ‘°.
2440 3138 2548 3197 Soli
2582 3143 2777 3214 quippe
2804 3145 3073 3203 daemones
3112 3149 3303 3206 anima:
3330 3151 3454 3207 insi-

1913 3227 2131 3282 diantur
2162 3249 2174 3280 :
2210 3230 2402 3284 anima;
2430 3239 2606 3286 autem
2631 3233 2837 3289 insidiae
2862 3243 2988 3290 sunt
3016 3237 3266 3294 alienatio
3295 3256 3331 3301 a.
3348 3240 3456 3298 Deo

265 3324 610 3395 ἀγαπῶντες
634 3325 698 3378 τὸ
728 3323 1021 3392 σωτήριόν
1048 3340 1182 3377 σου.
1212 3322 1373 3376 Μόνοι
1406 3321 1511 3392 γὰρ
1550 3323 1598 3374 οἱ
1629 3321 1812 3392 δαίμο-
1837 3312 1879 3368 C
1912 3321 1970 3374 ob

1751 3338 1812 3373 ,ο-
1837 3312 1879 3368 C
1912 3321 1979 3374 ob
1999 3337 2219 3391 pravum
2253 3324 2416 3378 animi
2448 3324 2713 3381 affectum.
2753 3324 2821 3381 Ut
2851 3344 2978 3400 ergo
3001 3329 3054 3384 in
3086 3332 3198 3387 haec
3231 3349 3339 3388 non
3373 3335 3456 3390 in-

265 3434 354 3480 νες
401 3419 480 3478 είς
529 3416 706 3489 ψυχὴν
752 3416 1178 3470 ἐπιϐουλεύουσι·
1207 3415 1402 3487 ψυχῆς
1453 3415 1508 3468 δέ
1562 3415 1812 3486 ἐπιϐουλὴ

265 3505 399 3560 Θεοῦ
444 3507 785 3578 ἀλλοτρίωσις
831 3507 915 3560 διὰ
953 3507 1052 3576 τῆς
1090 3506 1364 3577 ἐμπαθοῦς
1394 3508 1675 3577 γινομένης
1703 3507 1814 3560 δια-

267 3594 481 3662 θέσεως.
526 3597 612 3661 Ὠς
655 3599 719 3651 ἂν
763 3594 853 3651 οὖν
903 3597 974 3668 μὴ
1016 3599 1169 3651 τοῦτο
1214 3597 1391 3662 πάθοι,
1428 3598 1683 3670 αἰσχύνην
1710 3598 1814 3653 τῶν

267 3689 719 3744 ἀντιπαλαιόντων
768 3688 1000 3760 εὔχεται.
1042 3687 1208 3743 Τοῦτο
1236 3689 1292 3743 δέ
1323 3689 1471 3744 οὐδὲν
1512 3689 1637 3744 ἄλλο
1671 3691 1814 3744 ἐστὶν

265 3776 503 3855 ἢέαυτῷ
549 3782 701 3852 νίκην
748 3781 885 3836 κατὰ
929 3781 1035 3837 τῶν
1078 3781 1347 3854 πολεμίων
1384 3778 1733 3850 ἐπεύξασθαιο
1766 3785 1815 3836 οἱ

266 3875 324 3930 δὲ
357 3875 603 3947 πολέμιοι
649 3874 717 3929 τὰ
757 3875 898 3946 πάθη
942 3875 1093 3931 εἰσίν.
1131 3867 1315 3941 Οὕτως
1352 3875 1613 3948 Ἱερεμίας
1659 3875 1815 3946 ζῆλον

266 3968 363 4039 τῆς
396 3967 696 4032 θεοσεϐείας
722 3967 876 4038 ἔχων,
911 3968 1406 4040 είδωλολατροῦντος
1437 3967 1530 4020 τοῦ
1562 3967 1817 4038 βασιλέως

266 4059 363 4111 καὶ
415 4057 510 4110 τοῦ
559 4057 708 4120 λαοῦ,
737 4057 834 4109 οὐκ
882 4056 1010 4110 ἴδιόν
1059 4075 1109 4109 τι
1154 4055 1437 4125 θεραπεύει
1485 4054 1668 4116 πάθος,
1703 4053 1814 4107 ἀλλ’

267 4138 408 4216 ὺπέρ
449 4146 542 4198 τοῦ
595 4144 769 4198 κοινοῦ
814 4145 919 4197 τῶν
965 4143 1260 4215 ἀνθρώπων
1303 4145 1564 4214 προσάγει
1594 4144 1671 4213 τῷ
1701 4141 1817 4213 Θεῷ

266 4236 366 4308 τὴν
400 4235 598 4306 δέησιν,
637 4238 702 4306 τῇ
753 4235 891 4288 κατὰ
918 4234 1024 4287 τῶν
1067 4234 1444 4305 ἀσεϐησάντων
1491 4235 1630 4305 ὁρμῇ
1677 4233 1816 4287 ἁπαν

269 4327 691 4399 σωφρονισθῆναι
736 4326 898 4391 ἀξιῶν
937 4325 996 4378 τὸ
1045 4326 1392 4397 ἀνθρώπινον.
1431 4327 1539 4379 Καὶ
1579 4325 1817 4398 Ὠσηέδέ

266 4417 660 4489 πολυγονοῦσαν
690 4419 810 4472 τότε
841 4416 936 4488 τὴν
983 4416 1178 4471 κακίαν
1222 4419 1280 4470 ἐν
1323 4419 1431 4482 τοῖς
1468 4417 1818 4489 Ἰσραηλίταις

1914 3413 2075 3478 cidat,
2102 3415 2422 3473 adversariis
2480 3419 2754 3472 infamiam
2802 3428 3070 3488 precatur.
3128 3424 3266 3479 Illud
3325 3443 3456 3484 vero

1913 3506 2048 3560 nihil
2080 3507 2224 3562 aliud
2258 3513 2362 3572 est,
2394 3523 2554 3578 quam
2583 3509 2863 3567 victoriam
2897 3510 3000 3565 sibi
3032 3511 3099 3567 de
3129 3512 3459 3573 adversariis

1915 3597 2226 3668 postulare:
2275 3600 2477 3654 inimici
2527 3617 2653 3656 vero
2705 3609 2830 3658 sunt
2869 3600 3033 3656 animi
3081 3601 3323 3660 aﬂ‘cctus.
3366 3603 3459 3662 Sic

1913 3687 2173 3745 Jeremias
2218 3691 2332 3746 zelo
2363 3691 2638 3762 religionis
2677 3694 2991 3761 instructus,
3023 3709 3148 3763 rege
3177 3702 3231 3750 et
3257 3698 3458 3766 pepqu

1913 3778 2054 3836 idola
2083 3782 2403 3849 colentibus,
2436 3799 2543 3837 non
2598 3785 2919 3852 peculiarem
2965 3783 3248 3855 quemdam
3292 3787 3457 3842 animi

1914 3871 2157 3926 morbum
2196 3881 2369 3939 curat,
2400 3872 2491 3928 sed
2523 3889 2621 3943 pro
2645 3876 2912 3929 communi
2940 3876 3218 3930 hominum
3252 3878 3460 3948 suppli-

1915 3962 2176 4018 cationem
2206 3961 2313 4018 Deo
2336 3963 2509 4032 oﬂert,
2538 3980 2732 4036 rogans
2756 3975 2814 4020 ut
2839 3975 3028 4024 contra
3065 3969 3258 4039 impios
3288 3970 3458 4041 impe-

1915 4061 2026 4107 tum
2061 4053 2252 4122 faciat,
2299 4063 2351 4110 et
2401 4056 2481 4110 sic
2529 4071 2716 4113 omnes
2767 4056 3012 4116 homines
3063 4059 3132 4116 ad
3181 4061 3457 4116 meliorem

1915 4145 2120 4216 frugem
2149 4155 2487 4203 revocentur.
2523 4147 2588 4202 Et
2615 4145 2751 4205 Osee
2780 4151 3039 4206 malitiam
3069 4159 3198 4207 tunc
3219 4153 3363 4223 apud
3383 4151 3460 4208 ls-

1915 4239 2133 4318 raelitas
2171 4254 2288 4294 sese
2316 4240 2784 4311 multiplicantem,
2815 4242 3193 4298 infecunditati
3218 4243 3458 4310 damnat,

1916 4340 1968 4383 et
1993 4329 2213 4386 acerbas
2243 4332 2449 4402 peccati
2473 4341 2732 4388 mammas
2761 4334 3024 4388 exsiccari
3072 4336 3273 4405 expetit
3305 4335 3372 4399 ",
3400 4343 3460 4390 ut
3572 4393 3576 4400 ,

1916 4436 1984 4475 ne
2013 4422 2209 4475 malum
2244 4421 2387 4493 apud
2414 4423 2658 4479 homines
2712 4427 2794 4480 vel
2847 4427 3092 4497 gignatur
3122 4427 3204 4481 vel
3261 4427 3456 4482 alatur.

266 4515 332 4585 τῇ
365 4511 585 4584 ἀτεκνίᾳ
627 4510 990 4574 καταδικάζει,
1032 4509 1250 4574 καὶτὰς
1294 4509 1492 4582 πικρὰς
1534 4510 1699 4582 θηλὰς
1724 4511 1820 4582 τῆς
1919 4511 1971 4564 At

1751 4511 1820 4582 ῆς
1919 4511 1993 4565 Ac
2022 4513 2067 4567 sl
2101 4513 2222 4582 quis
2250 4515 2388 4570 alius
2422 4511 2564 4586 apud
2611 4526 2828 4572 sanctos
2854 4518 2999 4572 viros
3032 4517 3225 4575 similis
3255 4533 3456 4582 sermo,

267 4605 538 4676 ἁμαρτίας
567 4603 891 4677 ξηρανθῆναι
937 4600 1198 4672 βούλεται,
1228 4601 1300 4666 ὡς
1332 4601 1396 4656 ἂν
1429 4603 1564 4674 μήτε
1591 4603 1819 4657 τίκτοιτο
1847 4648 1896 4707 D
1920 4606 1972 4659 in

1755 4621 1819 4657 ,το
1847 4606 2014 4707 Dira:
2045 4608 2275 4676 speciem
2331 4609 2647 4679 praaferens,
2695 4609 3138 4681 deprehenditur,
3198 4609 3281 4672 ad,
3319 4611 3460 4666 hanc

268 4698 326 4751 ἐν
349 4699 458 4761 τοῖς
483 4696 784 4768 ἀνθρώποις
804 4695 863 4748 τὸ
881 4694 1068 4758 κακὸν,
1098 4695 1230 4766 μήτε
1257 4693 1521 4765 τρέφοιτο.
1541 4697 1649 4749 Καὶ
1672 4694 1818 4759 εῐτις
1847 4693 1892 4707 ”
1917 4713 1973 4768 pr

1754 4711 1818 4759 τις
1847 4693 1892 4707 "
1917 4713 2142 4768 prorsus
2176 4706 2405 4754 mentem
2448 4700 2700 4769 respicit;
2733 4701 2937 4756 scilicet
2964 4701 3162 4755 malum
3195 4701 3459 4766 eliminat;

269 4787 423 4851 ἄλλος
470 4789 704 4852 τοιοῦτος
746 4790 803 4841 ἐν
849 4790 957 4850 τοῖς
1005 4787 1174 4855 ἁγίοις
1215 4787 1408 4858 εὑρεθῇ
1459 4781 1610 4854 λόγος
1646 4786 1815 4858 θυμοῦ
1922 4790 1974 4844 ht

1005 4787 1174 4855 ἁγίοις
1215 4787 1408 4858 εὑρεθῇ
1459 4781 1610 4854 λόγος
1646 4786 1815 4858 θυμοῦ
1922 4787 2186 4844 Ιιόωίηειῐι
2215 4806 2340 4845 vero
2361 4807 2466 4845 non
2497 4795 2694 4846 atterit.

269 4882 503 4954 ἔμφασιν
544 4884 699 4956 ἔχων,
752 4884 886 4954 πρὸς
929 4883 1024 4954 τὴν
1059 4879 1309 4953 τοιαύτην
1342 4883 1551 4944 πάντως
1582 4882 1816 4937 διάνοιαν
1845 4883 2050 4954 βλέπει,
2084 4879 2115 4954 ἢ
2176 4884 2400 4955 ἐξορίζει
2442 4887 2503 4939 τὸ
2548 4887 2740 4940 κακόν
2773 4890 2870 4942 οὐκ
2929 4888 3186 4960 ἐπιτρίϐει
3232 4888 3319 4942 τὸν
3371 4888 3462 4942 ἁν-

270 4976 500 5050 θρωπον.

341 5090 403 5150 Et
421 5096 479 5150 δέ
506 5114 588 5161 τις
616 5097 812 5168 ἐτέρως
846 5096 911 5150 τὰ
958 5096 1050 5149 τοῦ
1097 5096 1255 5149 Δαυῖδ
1293 5100 1429 5150 νοεῖν
1461 5097 1721 5168 βούλεται,
1749 5099 1823 5162 ὡς
1988 5095 2046 5164 Qt

1761 5099 1823 5162 ii;
1988 5095 2137 5164 Quod
2171 5096 2214 5151 si
2257 5096 2380 5165 quis
2411 5096 2510 5149 alia
2560 5097 2768 5152 ratione
2824 5095 3042 5154 Davidis
3079 5099 3221 5153 dicta
3265 5099 3466 5155 intelli-

271 5187 362 5242 τοῦ
403 5187 694 5258 Προφήτου,
723 5189 846 5251 τοὺς
895 5187 1176 5260 δυσσεϐείᾳ
1212 5188 1483 5253 συζῶντας
1511 5189 1667 5259 ἀραῖς
1698 5190 1825 5242 ὑπο·
1917 5203 1976 5257 ge

1759 5208 1825 5242 ιο-
1917 5203 2040 5257 gere
2077 5186 2222 5248 velit,
2253 5185 2324 5240 ita
2356 5195 2413 5238 ut
2437 5185 2702 5256 Propheta
2727 5203 2820 5254 eos
2860 5191 2952 5258 qui
2999 5189 3051 5242 in
3082 5188 3352 5258 impietate
3383 5192 3464 5244 vi-

273 5273 549 5340 ϐἁλλοντος
573 5296 584 5309 ⁸
622 5280 713 5333 καὶ
744 5280 912 5352 οὕτως
950 5283 1168 5352 εὑρήσει
1208 5284 1271 5351 τῇ
1311 5281 1635 5352 ἀποστολικῇ
1680 5282 1858 5345 διδαο,
1921 5296 1978 5334 vu

1766 5300 1858 5345 ιο,
1921 5286 2048 5334 vunt
2097 5279 2453 5332 exsecrationi
2505 5278 2815 5348 subjiciat;
2847 5281 2917 5336 ita
2962 5294 3174 5349 quoque
3229 5281 3471 5337 inveniet

275 5370 466 5441 σκαλίᾳ
495 5370 592 5440 τὴν
633 5371 963 5441 προφητείαν
1003 5374 1418 5444 συμϐαίνουσαν.
1468 5373 1670 5438 Παῦλος
1716 5375 1823 5446 γὰρ
1918 5388 1980 5442 pr

1772 5377 1823 5446 ίρ
1918 5370 2252 5442 prophetiam
2276 5385 2399 5424 cum
2429 5374 2722 5442 apostolica
2746 5371 2988 5426 doctrina
3010 5371 3292 5440 quadrare.
3324 5371 3477 5435 Paue

273 5461 570 5534 Κορινθίοις
599 5461 938 5525 ἐπιστέλλων,
970 5465 1204 5518 τοιοῦτον
1233 5465 1627 5536 ἁκροτελεύτιον
1655 5465 1825 5518 τέθει-
1918 5468 1978 5520 lu

1761 5484 1825 5518 ει-
1918 5468 2001 5520 lus
2038 5465 2235 5536 quippe
2272 5464 2567 5521 Corinthiis
2604 5466 2865 5529 scribens,
2892 5465 2993 5519 hoc
3023 5465 3182 5520 modo
3216 5465 3417 5520 claudit
3448 5485 3466 5521 :

274 5576 387 5613 κεν”
408 5557 481 5610 El
501 5574 588 5620 τις
613 5559 683 5610 οὐ
706 5557 869 5626 φιλεῖ
888 5555 991 5610 τὸν
1015 5561 1228 5628 Κύριον
1259 5560 1506 5627 Ἰησοῦν,
1535 5559 1652 5627 ἤτω
1679 5558 1819 5613 ἀνά·
1925 5558 1979 5614 Si

1763 5558 1819 5612 ἀ-
1925 5558 1984 5614 Si
2010 5560 2122 5630 quis
2150 5575 2250 5612 non
2283 5567 2424 5613 amat
2453 5559 2728 5613 Dominum
2771 5557 2968 5622 Iesum,
2998 5560 3276 5612 anathema
3306 5557 3372 5611 sit
3398 5558 3468 5614 ⁸¹.

274 5655 436 5720 θεμα.
466 5649 619 5702 Ἰδιον
656 5647 762 5719 γὰρ
790 5648 894 5702 τῶν
927 5646 1141 5720 θερμῶς
1179 5652 1509 5722 ἀγαπώντων
1549 5651 1607 5703 τὸ
1643 5653 1819 5720 μισεῖν
1924 5650 1979 5704 N:

1770 5653 1819 5702 iv
1924 5650 2056 5704 Nam
2103 5665 2288 5705 eorum
2345 5652 2435 5722 qui
2499 5650 2743 5705 ardenter
2790 5655 2966 5702 amant
3025 5649 3296 5718 proprium
3344 5650 3474 5716 est,‘

272 5744 394 5798 τοὺς
449 5739 730 5811 μισοῦντας
760 5739 848 5793 τὸν
909 5741 1280 5812 ἀγαπώμενον.
1318 5745 1465 5814 Τάχα
1502 5743 1556 5796 δὲ
1593 5741 1684 5795 καὶ
1723 5741 1819 5812 τὴν
1924 5757 1977 5797 ο(

1768 5742 1819 5812 ην
1924 5743 2102 5797 odisse
2132 5757 2225 5797 eos
2256 5741 2346 5812 qui
2376 5741 2625 5797 dilectum
2656 5740 2778 5795 odio
2809 5739 3024 5795 habent.
3056 5736 3305 5795 Fortasse
3341 5738 3473 5795 item

346 5898 388 5930 ”
425 5896 567 5955 Psal.
603 5913 799 5965 nux,
836 5900 1014 5955 ιιι-17.
1089 5901 1132 5933 ⁸ο
1171 5898 1295 5958 Osc.
1333 5918 1418 5966 ix,
1443 5858 1534 5957 ἰι.
1611 5902 1651 5933 ³¹
1697 5898 1714 5953 l
1746 5899 1868 5956 Cor.
1908 5915 1989 5952 xu
2014 5939 2026 5960 ,
2070 5895 2158 5951 22.
