4318 6434
830 480 966 535 1ἳ95

1513 477 1777 535 EUSEBII
1813 480 2277 537 CESARIENSIS
2313 480 2460 537 OPP.
2499 480 2676 537 PARS
2712 479 2800 545 lll.
2841 512 2903 525 —
2946 482 3351 541 EXEGETICA.
3378 558 3391 565 ι

3871 490 4009 547 1196

798 605 1026 654 'Statum
1058 594 1148 665 qui
1190 603 1311 664 post
1358 595 1808 652 resurrectionem
1842 596 2056 652 futurus
2108 604 2223 661 est,
2275 597 2363 652 hic
2392 606 2436 661 Α
2468 616 2503 667 μ

2305 598 2363 652 ιὶο
2392 606 2436 661 Α
2468 598 2602 667 μετὰ
2657 598 2753 668 τὴν
2792 597 3079 651 ἀνάστασιν
3125 598 3212 652 διὰ
3250 599 3452 653 τούτων
3497 598 3527 653 ό
3562 601 3720 653 Δαυτδ
3761 604 4010 673 σημαίνει

828 687 993 741 David
1024 684 1306 757 signiﬁcat,
1340 685 1553 755 quando
1597 684 1729 739 dicit
1784 687 1948 741 laetari
1995 688 2277 742 Dominum
2309 690 2363 742 in

828 778 1076 848 operibus
1130 777 1277 840 suis,
1322 776 1692 832 deﬁcientibus
1744 778 2113 846 peccatoribus
2140 794 2169 831 a
2202 786 2361 833 terra.

802 867 1101 936 'Quomodo
1130 868 1272 922 enim
1330 866 1451 935 quis
1506 880 1537 918 a
1597 872 1816 935 peccato
1851 866 2261 933 denominetur,
2318 867 2363 922 si

825 969 1103 1031 peccatum
1163 972 1268 1011 non
1327 956 1519 1009 fuerit?
1565 955 1688 1031 Haec
1742 964 1800 1011 tu
1843 970 2056 1027 quoque
2104 971 2360 1025 precare:

826 1053 1005 1122 Aperi,
1040 1050 1279 1113 Domine,
1311 1038 1526 1103 divitem
1565 1063 1779 1102 manum
1805 1059 1949 1101 tuam
1977 1048 2042 1102 ad
2070 1049 2362 1118 spiritualis

825 1141 1065 1198 beneﬁcii
1091 1138 1575 1209 dispensationem;
1607 1143 1665 1190 ut
1686 1126 2018 1191 amarissima
2046 1145 2098 1192 et
2128 1136 2362 1193 crudelis

762 1236 765 1237 ⁷
825 1233 1001 1286 anima
1061 1245 1175 1284 mea
1228 1228 1511 1298 impleatur
1568 1227 1849 1281 bonitate:
1910 1227 2061 1281 mitte
2099 1224 2359 1297 Spiritum
2406 1260 2407 1263 η

824 1330 1069 1376 sanctum
1103 1330 1274 1382 tuum,
1295 1327 1348 1373 et
1376 1332 1573 1373 renova
1601 1325 1904 1387 corruptam
1928 1324 2124 1371 terrain
2155 1332 2357 1385 meam;

824 1422 883 1465 ut
920 1421 1045 1463 tunc
1071 1410 1215 1463 linter
1242 1410 1294 1461 in
1324 1407 1574 1477 operibus
1612 1408 1736 1469 tuis,
1766 1407 2051 1462 diabolicis
2075 1409 2358 1479 prtestigiis

824 1504 877 1555 in
911 1501 1069 1556 corde
1102 1516 1217 1554 meo
1245 1498 1629 1553 deﬁcientibus.

893 1680 1131 1745 Benedic,
1161 1680 1335 1731 anima
1364 1694 1497 1740 mea,
1521 1677 1760 1730 Domino.
1778 1675 2039 1733 Omnibus
2057 1692 2178 1733 cum
2200 1679 2358 1733 laude

823 1770 1105 1831 absolutis,
1156 1770 1210 1821 in
1260 1767 1446 1822 eodem
1498 1756 1764 1821 versiculo
1810 1767 2076 1835 psalmum
2138 1766 2357 1821 benedi-

822 1864 996 1917 ctione
1025 1859 1244 1925 claudit,
1274 1873 1338 1913 ac
1368 1866 1489 1927 post
1519 1858 1720 1928 jactum
1762 1855 2168 1911 fundamentum
2189 1898 2203 1922 ,
2240 1872 2355 1911 ser-

2465 690 2811 751 κατάστασιν,
2845 692 2933 742 ὅτε
2978 691 3070 744 καὶ
3121 691 3494 761 εὐφραίνεσθαι
3543 691 3634 743 τὸν
3684 692 3883 763 Κύριον
3920 695 4012 746 ἐπὶ

2462 781 2573 841 τοῖς
2605 779 2782 850 έργοις
2806 772 2966 832 αὐτοῦ
2995 779 3161 847 λέγει,
3196 780 3518 834 ἐκλιπόντων
3549 781 3654 835 τῶν
3681 782 4011 854 ἁμαρτωλῶν

2462 868 2567 921 άπὸ
2589 870 2685 939 τῆς
2718 869 2839 939 γῆς.
2869 870 2995 933 Πῶς
3020 869 3125 941 γάρ
3150 888 3230 934 τις
3268 857 3326 935 ἐξ
3352 872 3621 942 ἁμαρτίας
3648 873 4010 944 ὀνομασθήσε-

2461 975 2570 1024 ται,
2626 960 2723 1030 τῆς
2760 961 3027 1032 ἁμαρτίας
3070 962 3170 1013 οὐκ
3228 960 3429 1031 οῦσης;
3472 961 3702 1015 Τοιαῦτα
3733 960 3889 1032 εὐχου
3918 962 4013 1015 καὶ

2464 1052 2527 1105 σύ
2546 1069 2559 1083 '
2583 1051 2846 1118 Ἀνοιξον,
2864 1052 3053 1124 Κύριε,
3069 1053 3165 1125 τὴν
3187 1053 3439 1106 πλουσίαν
3464 1070 3555 1106 σου
3572 1057 3725 1125 χεῖρα
3745 1055 3824 1117 είς
3848 1061 4010 1126 χορηὲ-

2460 1143 2583 1211 γίαν
2612 1144 2979 1215 πνευματικῆς
3018 1145 3331 1214 εὐεργεσίας
3352 1161 3364 1174 ⁸
3400 1146 3487 1199 ἵνα
3514 1147 3548 1214 ἡ
3593 1147 3888 1216 πικροτάτη
3918 1146 4012 1199 καὶ

2458 1234 2669 1307 ἀπηνής
2697 1253 2794 1306 μου
2834 1235 2978 1308 ψυχὴ
3017 1236 3227 1308 πλησθῇ
3267 1238 3643 1308 χρηστότητος.
3679 1238 4011 1314 Ἀπόστειλον

2458 1323 2518 1377 rb
2550 1324 2769 1395 Πνεῦμά
2792 1342 2884 1379 σου
2920 1327 2981 1379 τὸ
3009 1325 3181 1395 ἅγιον,
3213 1326 3306 1379 καὶ
3344 1326 3683 1379 ἀνακαίνισον
3720 1324 3817 1397 τὴν
3853 1344 4010 1380 κατε-

2459 1415 2768 1487 φθαρμένην
2798 1433 2898 1487 μου
2927 1419 3049 1488 γῆν,
3079 1417 3163 1471 ἵνα
3204 1416 3322 1470 τότε
3364 1416 3643 1487 εὐφρανθῶ
3669 1418 3761 1469 ἐπὶ
3779 1420 3889 1481 τοῖς
3918 1416 4009 1489 έρ-

2456 1521 2570 1571 γοις
2596 1522 2708 1570 σου,
2741 1507 2847 1559 τῶν
2887 1507 3213 1578 δαιμονικῶν
3261 1509 3724 1577 μαγγανευμάτων
3768 1507 4010 1562 ἐκλιπόν-

2455 1612 2561 1649 των
2591 1597 2695 1649 ἀπὸ
2720 1596 2814 1667 τῆς
2844 1598 3065 1668 καρδίας
3095 1616 3214 1667 μου.

2522 1687 2784 1755 Εὺλόῖ-ει,
2809 1689 2847 1755 ἡ
2873 1688 3055 1756 ψυχή
3065 1706 3201 1756 μου,
3230 1687 3337 1741 τὸν
3362 1688 3595 1756 Κύριον.
3626 1678 3883 1741 Ἐνταῦθα
3911 1704 4005 1739 κα-

2456 1774 2689 1839 ταλύσας
2717 1777 2777 1829 τὸ
2808 1779 2913 1830 πᾶν
2946 1779 3025 1841 είς
3054 1777 3375 1845 δοξολογίαν,
3406 1780 3483 1841 είς
3509 1778 3778 1847 εὐφημίαν
3803 1776 3880 1845 τῷ
3912 1776 4007 1827 αὐ-

2456 1864 2533 1933 τῷ
2563 1866 2726 1936 στίχῳ
2761 1866 3029 1935 συγκλείει
3062 1868 3150 1920 τὸν
3174 1868 3405 1938 ψαλμὸν,
3460 1868 3671 1936 ἀσφαλῆ
3724 1865 3859 1936 μετὰ
3915 1864 4008 1917 τοῦ

823 1953 967 2008 moni
997 1958 1199 2006 tectum
1229 1950 1520 2019 imposuit,
1554 1962 1616 2002 ac
1660 1947 1922 2017 prooemio
1975 1955 2357 2016 congruentem
2387 1924 2431 1983 Β
2459 1954 2528 2023 θε]

2307 1962 2357 1998 m
2387 1924 2431 1983 Β
2459 1924 2709 2023 θεμελίου.
2727 1955 2817 2009 τὸν
2838 1924 3043 2028 ’ὄροφον
3066 1924 3269 2020 ἐπιθεὶς
3286 1924 3369 2027 ’τῷ
3392 1924 3563 2028 λόγῳ,
3592 1924 3687 2010 καλ
3715 1924 3791 2025 τῷ
3825 1972 4007 2026 προοι-

821 2045 980 2098 linem
1010 2042 1241 2096 induxit.
1274 2038 1357 2093 Tu
1383 2038 1549 2101 enim,
1587 2038 1785 2107 inquit,
1819 2052 1851 2090 o
1884 2038 2061 2089 anima
2114 2036 2359 2106 opiﬁcem

821 2148 884 2187 ac
907 2131 1239 2187 Salvatorem
1264 2137 1415 2183 tuum
1444 2128 1660 2183 assidue
1689 2127 1900 2197 hymnis
1929 2127 2218 2182 celebrato.
2243 2124 2359 2195 ipse

822 2240 1051 2294 namque
1083 2230 1137 2278 te.
1176 2237 1205 2274 a
1238 2228 1383 2275 sorte
1426 2219 1791 2288 improborum
1819 2218 2102 2279 amovebit,
2148 2227 2200 2271 et
2231 2233 2357 2271 san-

820 2328 1033 2370 ctorum
1063 2313 1339 2369 consortio
1367 2312 1581 2383 dignam
1612 2310 1821 2366 elliciet.
1852 2310 1986 2365 Tum
2020 2311 2074 2365 in
2109 2310 2354 2375 exordio,

822 2423 933 2466 tun
978 2413 1031 2465 in
1088 2410 1191 2463 ﬁne
1237 2408 1500 2463 sermonis
1537 2408 1640 2476 ipsi
1675 2406 2097 2462 benedictionem
2143 2407 2358 2461 emittas

818 2503 951 2556 Nam
978 2501 1195 2557 assidua
1242 2498 1336 2553 Dei
1366 2497 1665 2553 benedictio
1698 2496 1766 2551 ad
1808 2502 2015 2551 rectum
2053 2496 2355 2550 institutum

820 2594 981 2649 vitam
1009 2590 1297 2646 concinnat
1332 2595 1594 2643 nostram.

1336 2698 1697 2756 ALLELUIA.
1738 2696 1871 2754 CIV.

886 2795 1048 2851 Vens.
1085 2795 1136 2856 ‘l,
1168 2794 1220 2849 ἓ.
1261 2791 1593 2862 Conﬁtemini
1644 2793 1881 2854 Domino,
1908 2799 1958 2845 et
1988 2793 2221 2846 invocata
2263 2807 2357 2845 no-

814 2903 931 2941 men
955 2886 1087 2955 ejus,
1105 2886 1411 2938 annuntiate
1440 2884 1575 2936 inter
1602 2892 1774 2952 gentes
1798 2896 1953 2951 opera
1980 2882 2111 2950 ejus.
2134 2881 2355 2935 Cantate

815 2980 862 3033 ei
897 2988 943 3031 et
992 2976 1201 3044 psallite
1246 2975 1314 3038 ei,
1334 2980 1547 3026 narrate
1589 2974 1761 3025 omnia
1787 2972 2054 3047 mirabilia
2080 2972 2212 3040 ejus.
2257 2972 2353 3027 Hic

800 3069 1058 3138 psalmus
1089 3066 1297 3134 primus
1324 3078 1510 3117 eorum
1549 3070 1633 3116 est
1662 3062 1753 3131 qui
1795 3063 2021 3115 Alleluia
2050 3063 2353 3117 inscribun-

817 3170 922 3211 tur.
968 3157 1061 3211 Est
1122 3162 1298 3209 autem
1358 3154 1585 3209 Alleluia
1651 3154 1954 3208 adhortatio
2006 3157 2252 3227 mystica,
2284 3157 2349 3210 ad

817 3259 981 3307 neum
1025 3246 1349 3302 laudandum
1380 3262 1565 3301 aurem
1600 3244 1879 3309 excitans,
1922 3247 1994 3298 ita
2027 3256 2085 3300 ut
2120 3247 2233 3300 haec
2281 3248 2351 3300 sit

814 3345 933 3413 ejus
960 3341 1299 3411 signiﬁcatio,
1328 3338 1563 3393 Laudale
1589 3336 1889 3393 Dominum.
1914 3336 2044 3390 Nam
2072 3338 2127 3391 in
2156 3325 2350 3405 quibus

816 3442 1015 3491 sanctae
1069 3432 1361 3501 Scriptura:
1417 3429 1662 3501 partibus
1706 3429 1817 3482 baac
1870 3444 1970 3482 vox
2029 3429 2348 3497 apponitur,

816 3525 1050 3579 Laudate
1094 3522 1404 3586 Dominum,
1451 3518 1729 3573 Hebraicis
1768 3518 1947 3572 verbis
1987 3534 2080 3586 per
2124 3516 2351 3569 Alleluia

814 3613 1152 3683 exprimitur.
1180 3610 1282 3664 Per
1307 3608 1437 3663 illud
1471 3608 1613 3663 enim
1644 3607 1835 3671 Allelu,
1864 3608 1981 3660 laus
2010 3606 2348 3677 intelligitur,

813 3721 931 3774 quae
960 3703 1024 3758 ad
1064 3704 1229 3757 Deum
1255 3700 1517 3766 refertur;
1569 3698 1697 3752 illud
1732 3707 1909 3752 autem
1941 3698 2026 3762 Ia,
2062 3715 2227 3752 unum
2268 3707 2352 3754 est

812 3783 877 3851 ex
930 3795 1239 3850 nominibus
1292 3793 1447 3864 queis
1507 3791 1689 3847 divina
1748 3798 1941 3844 natura
1996 3792 2348 3861 signiﬁcatur.

812 3884 1005 3939 Totum
1061 3899 1185 3937 vero
1234 3882 1458 3936 Alleluia
1517 3883 1816 3951 explicatur
1875 3883 1990 3935 laus
2050 3881 2163 3934 Dei.
2212 3882 2347 3936 Cum

811 3977 993 4044 itaque
1037 3976 1139 4028 boc
1187 3989 1383 4029 nomen
1431 3975 1751 4045 inscriptum
1778 3975 1834 4029 in
1873 3973 2169 4045 psalmodia
2198 3989 2351 4043 repe-

809 4069 979 4131 ritur,
1011 4074 1142 4119 tunc
1179 4065 1578 4137 intelligendum
1601 4075 1683 4121 est
1714 4067 1767 4121 id
1812 4067 1955 4137 quod
2007 4066 2349 4136 subiungitur

811 4158 876 4211 ad
904 4158 1116 4212 laudem
1147 4156 1238 4210 Dei
1271 4172 1579 4226 provocare.
1605 4158 1697 4212 Sic
1728 4160 1780 4212 in
1812 4160 2098 4227 postremis
2121 4159 2349 4212 maxime

811 4248 935 4302 libri
973 4248 1216 4317 psalmis,
1247 4249 1397 4301 multi
1446 4248 1754 4316 hujusniodi
1797 4249 1936 4301 tituli
1972 4251 2346 4319 reperiuntur:

807 4337 964 4407 queis
998 4337 1294 4407 intelligere
1318 4337 1442 4391 licet
1465 4339 1565 4399 eis,
1602 4338 1692 4406 qui
1728 4338 1793 4390 ad
1824 4338 2040 4391 virtutis
2071 4338 2351 4406 perfectio-

808 4447 931 4486 nem
963 4430 1074 4500 jam
1112 4430 1444 4485 devenerunt
1472 4436 1524 4481 et
1549 4429 1637 4497 qui
1670 4444 1699 4480 a
1734 4429 2157 4497 praecedentibus
2203 4430 2349 4499 psal-

809 4524 1000 4578 modia:
1059 4523 1340 4594 partibus,
1394 4522 1688 4576 secundum
1753 4521 2070 4575 sententiam
2140 4519 2348 4589 purgati

809 4623 956 4680 sunt,
990 4614 1086 4669 Dei
1136 4612 1320 4668 laudes
1355 4613 1687 4668 convenire:
1736 4618 1896 4680 atque
1936 4625 1998 4664 ea
2041 4611 2348 4663 conditione

2459 2046 2564 2117 μίῳ
2588 2048 2758 2109 ἐοικὸς
2777 2047 2837 2101 τὸ
2856 2048 3003 2111 τέλος
3030 2049 3337 2116 ἐπαγαγών.
3363 2048 3432 2099 Σὺ
3464 2046 3592 2118 γὰρ,
3627 2047 3805 2115 φησὶν,
3838 2039 3882 2097 ὦ
3908 2044 4008 2112 ψυ-

2455 2137 2544 2206 χὴ,
2580 2138 2862 2207 ἐνδελεχῶς
2894 2140 2981 2191 τὸν
3010 2140 3097 2192 σὸν
3118 2139 3271 2210 ὓμνει
3292 2137 3614 2209 δημιουργὸν
3641 2137 3732 2189 καὶ
3760 2134 4002 2205 Σωτῆρα.

2455 2226 2755 2296 Αὐτὸςγάρ
2776 2228 2868 2279 καὶ
2902 2229 2994 2279 τοῦ
3019 2229 3125 2282 τῶν
3166 2227 3415 2298 πονηρῶν
3444 2227 3739 2296 ἀποστήσει
3782 2223 4003 2295 κλήρου,

2455 2320 2548 2372 καὶ
2576 2318 2683 2391 τῶν
2700 2319 2865 2386 ἁγίων
2895 2318 3169 2382 ἀξιοῦσθαι
3197 2321 3426 2389 ποιήσει.
3458 2320 3569 2371 Καὶ
3601 2317 3771 2388 ἀρχὴν
3800 2317 3890 2370 τοῦ
3919 2317 4007 2369 λό-

2454 2427 2548 2479 γου
2584 2410 2676 2462 καὶ
2704 2410 2851 2473 τέλος
2881 2409 2978 2479 τὴν
3005 2412 3083 2473 είς
3116 2409 3275 2463 αὐτὸν
3307 2410 3549 2477 εὐλογίαν
3578 2409 3748 2462 ποιοῦ.
3776 2409 4006 2478 Εὐλογία

2453 2496 2557 2568 γὰρ
2580 2496 2713 2550 Θεοῦ
2738 2497 2985 2569 διηνεκὴς
3015 2493 3094 2561 εἰς
3121 2496 3349 2562 εὐζωῖαν
3372 2497 3618 2569 ῥυθμίζει
3640 2498 3729 2552 τὸν
3744 2499 4008 2569 ἡμέτερον

2456 2587 2591 2657 βίον.

2901 2701 3311 2754 ἈΛΛΗΛΟΥΙΑ
3322 2740 3335 2756 .
3370 2701 3487 2756 ΡΔ’.

2533 2790 3010 2860 Ἐξομολογεῒσθε
3041 2791 3121 2856 τῷ
3149 2794 3360 2860 Κυρίῳ,
3387 2792 3484 2846 καὶ
3520 2791 3898 2847 ἐπικαλεῖσθε
3936 2792 4002 2846 τὸ

2454 2881 2648 2949 ὖνομα-
2663 2881 2867 2934 αὐτοῦ·
2895 2882 3285 2951 ἀπαγγείλατε
3302 2884 3371 2936 ἐν
3400 2882 3521 2948 τοῖς
3547 2883 3747 2937 ἔθνεσι
3772 2883 3843 2937 τὰ
3861 2882 4003 2951 ἔργα

2451 2972 2650 3026 αὐτοῦ.
2710 2975 2924 3041 ’ᾼσατε
2981 2973 3137 3037 αὐτῷ
3191 2974 3283 3027 καὶ
3309 2973 3539 3041 uallata
3569 2972 3747 3039 αὐτῷ,
3802 2962 4001 3042 Sang-iit

2450 3052 2853 3116 σασθεπὰντα
2871 3064 2945 3115 τὰ
2976 3062 3269 3131 θαυμάσια
3296 3064 3497 3117 αὑτοῦ.
3518 3064 3635 3117 Τῶν
3667 3065 4002 3134 ὲπιγεγραμ‹

2453 3154 2628 3222 μένων
2661 3154 3017 3219 Ἀλληλούϊα
3033 3153 3242 3224 πρῶτος
3254 3156 3282 3207 ό
3294 3153 3480 3223 παρὼν
3498 3154 3752 3224 τυγχάνει
3770 3153 3999 3224 ψαλμός.

2454 3245 2605 3296 Ἔστι
2626 3244 2682 3296 δὲ
2698 3245 2757 3295 τὸ
2775 3244 3083 3314 Ἀλληλούῖα
3102 3246 3492 3316 παρακέλευσις
3507 3246 3738 3316 μυστικὴ
3756 3246 3889 3316 πρὸς
3902 3246 3999 3317 τὴν

2449 3334 2539 3387 τοῦ
2572 3334 2703 3387 Θεοῦ
2738 3335 3003 3405 ὑμνῳδίαν
3030 3335 3125 3406 τὴν
3147 3336 3696 3409 ἀκοὴνὲπεγείρουσα⁶
3726 3336 3812 3389 ἵνα
3833 3334 4011 3389 τοιοῦι.

2450 3422 2594 3497 τονῇ
2635 3423 2821 3477 τούτου
2861 3425 2919 3477 τὸ
2947 3426 3351 3495 σημαινόμενον,
3381 3426 3605 3480 Αἰνεῖτε
3627 3426 3730 3480 τὸν
3765 3428 3997 3494 Κύριον.

2462 3514 2548 3565 Ἐν
2564 3509 2645 3577 οἷς
2675 3515 2781 3585 γάρ
2813 3515 2999 3585 μέρεσι
3024 3514 3121 3585 τῆς
3145 3517 3302 3584 ἁγίας
3335 3517 3550 3589 Γραφῆς
3575 3516 3713 3587 αὐτη
3738 3518 3997 3589 πρόσκει-

2448 3620 2536 3656 ται
2592 3608 2625 3675 ἡ
2670 3607 2897 3676 φωνὴ,ή
2940 3604 3189 3673 λέγουσα,
3231 3607 3455 3661 Αἰνεῖτε
3486 3609 3591 3661 τὸν
3632 3608 3868 3675 Κύριον,
3913 3607 4001 3661 διὰ
4056 3600 4062 3604 ’

2448 3699 2540 3750 τοῦ
2568 3701 2923 3766 Ἀλληλωπα
2954 3702 3010 3751 ὲν
3034 3704 3152 3763 ταῖς
3192 3702 3498 3773 Ἑόραῖκαῖς
3521 3704 3721 3771 φωναῖς
3741 3701 3802 3755 τὸ
3827 3700 3999 3755 τοιοῦ-
4030 3752 4035 3757 ,

2449 3805 2537 3840 τον
2559 3789 2892 3859 σημαίνεται.
2914 3790 2985 3841 Τὸ
3002 3790 3099 3858 μὲν
3134 3792 3425 3860 Ἀλληλού
3448 3789 3591 3855 αἶνος
3612 3797 3828 3857 νοεῖται,
3850 3793 3907 3856 ὃς
3922 3793 3999 3855 είς

2448 3879 2578 3931 Θεὸν
2607 3882 2702 3950 τὴν
2735 3880 3003 3951 ἀναφορὰν
3022 3881 3148 3950 ἔχει·
3178 3882 3236 3932 τὸ
3250 3881 3305 3933 δὲ
3340 3884 3429 3936 ".Ia
3460 3883 3651 3935 ἒντῶν
3683 3886 3997 3954 ἑρμηνευτι-

2448 3971 2558 4025 κῶν
2606 3972 2704 4041 τῆς
2741 3971 2950 4040 φύσεως
2997 3970 3097 4041 τῆς
3151 3972 3298 4035 θείας
3331 3975 3474 4025 ἐστὶν
3516 3974 3702 4044 ὄνομα.
3746 3975 3902 4027 Ὅλον
3941 3975 3998 4027 δὲ

2450 4065 2597 4132 κοινῇ
2614 4062 2694 4124 τὸ,
2712 4063 3077 4129 Ἀλλη.Ιούῖα,
3098 4058 3271 4128 Ᾱῖνος
3288 4064 3433 4117 Θεοῦ
3450 4064 3817 4135 ἑρμηνεύεται.
3833 4066 3997 4120 Ὅταν

2447 4154 2620 4207 τοίνυν
2640 4153 2794 4207 τοῦτο
2817 4154 2877 4207 τὸ
2905 4155 2968 4225 ρῆ
2978 4172 3052 4224 μα
3083 4156 3566 4226 προγεγραμμένον
3649 4156 3748 4227 τῆς
3768 4156 3995 4228 ψαλμῳ-

2445 4244 2579 4308 δίας,
2610 4245 2821 4314 νοητέον
2848 4245 2912 4297 ἂν
2958 4246 3040 4317 εἵη
3072 4246 3132 4298 τὸ
3167 4247 3274 4300 δεῖν
3307 4247 3519 4310 πάντως
3545 4246 3603 4299 τὸ
3643 4247 3997 4319 ὑποκείμενον

2447 4337 2525 4399 είς
2554 4336 2853 4403 δοξολογίαν
2875 4337 3024 4403 ἄγειν
3054 4336 3207 4389 Θεοῦ.
3238 4331 3392 4391 Οὕτω
3418 4338 3511 4393 καὶ
3540 4341 3651 4401 τοῖς
3676 4339 3995 4399 τελευταίοις

2450 4427 2678 4495 μάλιστα
2695 4430 2790 4497 τῆς
2823 4428 3000 4497 βίδλου
3018 4430 3122 4481 τῶν
3146 4430 3370 4499 ψαλμῶν
3400 4431 3456 4482 αἱ
3484 4430 3671 4482 πολλαὶ
3701 4430 3808 4482 τῶν
3826 4428 4017 4498 τοιού-ἠ

2447 4535 2550 4571 των
2572 4518 2873 4591 ἐπιγραφαὶ
2914 4521 3342 4590 ὲφευρίσκονται,
3376 4520 3441 4572 δι’
3472 4513 3546 4573 ὧν
3588 4521 3733 4572 ἐστιν
3778 4522 3995 4584 ἐννοεῖν,

2449 4616 2527 4669 ὅτι
2542 4617 2652 4679 τοῖς
2681 4613 2780 4685 ἤδη
2812 4611 2945 4683 πρὸς
2969 4612 3028 4663 τὸ
3048 4612 3247 4663 τέλειον
3264 4610 3496 4678 φθάσασι
3519 4610 3618 4678 τῆς
3650 4612 3767 4662 κατ’
3798 4610 3993 4680 ἀρετὴν

808 4704 931 4759 illos
961 4718 1084 4757 esse
1104 4718 1210 4771 qua
1237 4703 1547 4772 angelorum
1577 4712 1767 4755 natura
1790 4717 1910 4756 esse
1934 4701 2191 4755 creditur.
2214 4698 2257 4752 Ν
2267 4700 2345 4751 ul-
2380 4674 2425 4731 θ
2448 4724 2513 4760 πο

2289 4700 2345 4751 ιι·
2380 4674 2425 4731 D
2448 4674 2735 4769 πολιτείας,
2769 4674 2870 4757 καί
2903 4702 2989 4756 διὰ
3020 4702 3125 4755 τῶν
3164 4674 3534 4772 προλαϐόντων
3567 4674 3662 4771 σῆς
3688 4674 3994 4770 emplastri;

810 4798 912 4849 lam
966 4795 1110 4850 enim
1158 4795 1315 4847 aliam
1375 4810 1559 4849 eorum
1613 4794 2017 4864 occupationem
2062 4792 2348 4848 didicimus

807 4902 949 4950 esse,
973 4901 1133 4956 quam
1158 4884 1323 4939 Deum
1346 4887 1599 4954 laudare;
1630 4902 1802 4956 neque
1836 4887 1902 4941 iis
1936 4887 2029 4956 qui
2062 4886 2117 4939 in
2149 4886 2347 4939 virtute

806 4976 1027 5041 perfecti
1078 4984 1204 5045 sunt
1231 4976 1334 5030 alia
1373 4993 1499 5031 cura
1532 4988 1585 5032 et
1630 4979 1867 5033 studium
1924 4985 2044 5042 est,
2078 4993 2240 5048 quam
2289 4985 2346 5030 ut
2398 5034 2399 5041 χ

804 5070 1037 5141 elﬁciant
1054 5077 1218 5123 totam
1248 5067 1413 5121 vitam
1460 5083 1611 5122 suam
1641 5068 1733 5123 Dei
1772 5069 1981 5123 laudem
2030 5084 2171 5124 esse.
2197 5068 2344 5134 Quo-

806 5163 953 5215 niam
997 5161 1161 5233 igitur
1207 5160 1243 5213 ii
1289 5159 1479 5229 psalmi
1506 5161 1619 5237 ‘qui
1668 5162 2069 5230 inscriptionem
2121 5161 2341 5224 habent,

804 5254 1056 5319 Alleluia,
1089 5270 1277 5307 omnes
1312 5251 1424 5308 fere
1454 5253 1506 5307 in
1553 5260 1823 5321 postrema
1856 5254 2164 5323 psalmodiae
2194 5264 2344 5323 parte

804 5345 1300 5416 deprehenduntur,
1342 5344 1467 5398 hinc
1508 5344 1802 5413 intelligere
1832 5345 1975 5408 licet,
2009 5344 2228 5405 sublimi
2264 5344 2341 5397 illi

804 5435 1075 5499 ascensui,
1136 5437 1227 5504 qui
1274 5436 1329 5489 in
1382 5436 1603 5507 psalmis
1652 5436 1942 5503 reperitur,
1996 5435 2345 5505 praeeminere

804 5538 1131 5599 postremam
1180 5529 1485 5596 psalmodia:
1530 5535 1767 5600 partem,
1816 5528 1869 5580 in
1916 5542 2053 5594 qua,
2088 5535 2148 5580 ut
2175 5526 2345 5595 pluri-

806 5636 973 5681 mum,
1011 5620 1128 5674 laus
1158 5618 1272 5681 Dei,
1307 5620 1420 5675 sive
1447 5619 1751 5674 adhortatio
1800 5619 1864 5672 ad
1906 5617 2070 5673 Deum
2116 5616 2345 5671 laudan-

805 5712 954 5773 dum,
992 5711 1380 5781 frequentatur.
1426 5712 1482 5766 In
1528 5712 1631 5766 hoc
1680 5704 1806 5780 ergo
1846 5712 2050 5780 psalmo
2082 5709 2341 5779 apostolis

806 5802 1042 5870 praecipit
1069 5800 1301 5871 Spiritus
1330 5813 1572 5868 sanctus,
1606 5811 1663 5857 ut
1691 5805 1868 5858 omnia
1904 5802 2191 5866 mirabilia,
2219 5816 2342 5871 qua:

804 5896 859 5949 in
888 5909 985 5951 suo
1018 5895 1248 5952 adventu
1281 5889 1407 5953 fecit
1440 5895 1717 5963 Dominus,
1762 5897 1955 5962 popqu
1994 5912 2057 5952 ex
2090 5896 2339 5962 gentibus

2448 4797 2743 4869 τμημάτων
2795 4794 2933 4848 κατὰ
2986 4793 3082 4864 τὴν
3130 4792 3403 4863 νοηθεῖσαν
3435 4793 3519 4844 ἐπ’
3552 4790 3730 4844 αὐτῶν
3766 4790 3994 4862 θεωριαν

2447 4888 2876 4958 ἐκκαθαρθεῖσιν,
2927 4884 3153 4956 ἁρμόζει
3192 4884 3252 4937 rb
3296 4885 3462 4937 αίνεϊν
3498 4880 3587 4936 τὸν
3618 4882 3768 4945 Θεὸν,
3814 4881 3906 4935 καὶ
3936 4884 3993 4935 ὲν

2445 4976 2650 5040 τούτοις
2674 4972 2829 5040 εῖναι,
2861 4978 2916 5028 έν
2950 4970 3030 5038 οἷς
3066 4974 3159 5028 καὶ
3191 4975 3225 5045 ἡ
3247 4972 3353 5026 τῶν
3376 4971 3618 5040 ἀγγέλων
3641 4971 3800 5040 φύσις
3855 4964 3992 5024 εἶναι

2448 5068 2811 5122 πεπίστευται.
2857 5067 2993 5122 Οὔτε
3026 5067 3131 5137 γὰρ
3169 5065 3386 5119 ἐκείνων
3418 5061 3805 5133 μεμαθήκαμεν
3832 5064 3992 5133 ἀσχο-

2447 5156 2562 5211 λίαν
2592 5159 2753 5231 ἄλλην
2784 5160 2903 5213 τινὰ
2941 5160 3076 5229 πλὴν
3108 5157 3201 5210 τοῦ
3231 5157 3395 5209 αἰνεῖν
3426 5154 3517 5206 rbv
3547 5153 3694 5218 Θεὸν,
3729 5152 3852 5207 οὔτε
3885 5155 3991 5216 τοῖς

2447 5252 2562 5303 κατ’
2587 5253 2780 5323 ἀρετὴν
2826 5253 3041 5314 τελείοις
3072 5252 3157 5302 Ere
3168 5250 3255 5319 ρόν
3277 5266 3328 5301 τι
3366 5245 3715 5310 σπουδάζεται
3743 5247 3776 5317 ἢ
3804 5246 3866 5298 τὸ
3894 5244 3991 5315 τὴν

2446 5343 2585 5415 ζωὴν
2628 5331 2813 5397 ἑαυτοῦ
2854 5341 2997 5397 αἶνον
3038 5338 3172 5393 εἶναι
3197 5340 3327 5393 Θεοῦ
3365 5340 3793 5412 παρασκευάσαι.
3842 5336 3990 5391 Ἐπεὶ

2443 5414 2616 5493 τοίνυν
2660 5437 2709 5487 οἱ
2756 5435 2854 5505 τὴν
2895 5431 3199 5501 ἐπιγραφὴν
3242 5431 3451 5501 ἔχοντες
3483 5432 3576 5483 τοῦ
3614 5414 3987 5499 Ἀλληλούτάν

2447 5527 2640 5588 πάντες
2672 5527 2852 5596 σχεδὸν
2883 5524 2959 5594 τῷ
2991 5522 3275 5593 τελευταίῳ
3302 5525 3543 5599 τμήματι
3561 5522 3659 5591 τῆς
3677 5516 3987 5589 ψαλμῳδίας
4017 5557 4022 5563 .

2444 5615 3021 5687 εὐρίσκονται,’σαφῶς
3053 5612 3163 5666 ἔστι
3188 5616 3531 5685 κατανοῆσαι,
3566 5613 3658 5665 καί¹
3696 5612 3776 5663 ὃτι
3810 5608 3985 5675 πάσης

2445 5708 2757 5781 ὑπέρκειται
2785 5708 2880 5777 τῆς
2910 5706 3111 5775 ὑψηλῆς
3158 5706 3243 5758 διὰ
3269 5705 3375 5761 τῶν
3419 5703 3645 5773 ψαλμῶν
3678 5697 3986 5759 ἀναϐάσεως

2442 5800 2502 5853 τὸ
2528 5800 2827 5853 τελευταῖον
2858 5797 3050 5869 τμῆμα
3067 5798 3166 5867 τῆς
3179 5796 3519 5868 ψαλμῳδίας,
3538 5798 3593 5848 ὲν
3610 5787 3726 5861 ᾧ·,τὸ
3747 5789 3986 5841 πλεῖστον

2443 5896 2573 5951 Θεοῦ
2609 5891 2752 5958 αἴνός
2779 5896 2943 5959 ἐστιν,
2989 5893 3104 5959 ἦτοι
3136 5893 3213 5955 είς
3244 5891 3307 5945 τὸ
3327 5891 3492 5944 αἰνεῖν
3522 5888 3609 5942 τὸν
3654 5883 3781 5938 Θεὸν
3812 5898 3982 5953 παρα-
