4318 6398
297 485 319 537 1
328 486 427 538 207

1379 488 1869 544 COMMENTARIA
1904 490 1969 543 IN
2006 489 2332 553 PSALMOS.

3320 496 3452 549 1298

298 581 552 665 κέλευσις.
580 604 899 675 Προστάττει
926 604 1100 672 μέντοι
1124 606 1180 657 ὲν
1212 604 1287 673 τῷ
1315 606 1447 674 μετά
1480 609 1663 676 χεῖρας
1691 608 1826 675 ψαλ-
1857 616 1899 671 Α
1930 620 2003 677 pal

1748 608 1826 659 ιλ-
1857 616 1899 671 Α
1930 608 2283 677 patefaciant:
2315 612 2543 677 itemque
2573 614 2792 662 narrent
2827 624 2944 677 qua:
2990 608 3245 665 beneﬁcia
3274 613 3453 680 prisco

300 693 385 762 μῷ
404 696 512 755 τοῖς
538 695 707 761 ἁγίοις
738 696 1042 757 ἀποστόλοις
1067 695 1127 746 τὸ
1151 694 1368 763 Πνεῦμα
1389 698 1448 749 τὸ
1488 697 1638 763 ἆγιον
1667 697 1742 767 τῷ
1768 697 1825 763 ἐξ

297 781 459 835 ἐθνῶν
506 783 614 853 λαῷ
650 785 879 855 φανεράς
908 785 1123 852 ποιῆσαι
1151 786 1327 847 πάσας
1353 776 1459 848 τὰς’
1488 787 1823 856 θαυματουρ·

296 872 439 939 γίας,
476 873 539 936 ἃς
561 874 840 943 πεποίηται
872 874 962 925 ἐπὶ
991 874 1088 943 τῆς
1118 873 1280 927 αὐτοῦ
1314 877 1609 944 παρουσίας
1640 879 1666 928 ὁ
1712 877 1824 928 Κύ-

300 978 427 1032 ριοςο
450 965 537 1016 ναὶ
570 963 670 1032 μὴν
700 965 789 1015 καὶ
810 965 905 1017 ὅσα
926 963 1251 1034 εὐηργέτησε
1272 962 1362 1016 τὸν
1381 965 1541 1017 πάλαι
1560 966 1703 1027 λαὸν,
1735 966 1827 1021 καὶ

295 1046 403 1103 οἷον
434 1052 546 1103 ἀνθ’
576 1051 685 1103 οἴου
715 1052 979 1120 ἐποίησεν.
1016 1054 1133 1105 Ἔτι
1152 1053 1207 1104 δὲ
1228 1055 1284 1104 ὲν
1315 1050 1485 1121 τούτῳ
1515 1052 1607 1105 καὶ
1639 1057 1822 1122 μνήμη

295 1138 401 1192 τῶν
430 1140 562 1211 πρὸς
592 1141 712 1204 τοὺς
752 1143 1083 1212 πατριάρχας
1108 1144 1211 1194 ὐπὸ
1237 1142 1328 1193 τοῦ
1365 1142 1496 1194 Θεοῦ
1531 1143 1825 1213 γεγενημέ-

296 1247 398 1284 νων
420 1232 771 1301 ὑποσχέσεων,
816 1234 908 1285 καὶ
938 1233 1042 1287 τῶν
1067 1232 1131 1284 δι’
1166 1232 1395 1295 ἐκείνου,⁵
1424 1233 1511 1284 ὐπ’
1534 1233 1692 1293 αὐτοῦ
1721 1251 1822 1286 πα-

298 1321 657 1389 ρασχεθέντων
700 1321 913 1389 ἀγαθῶν
942 1324 1050 1385 τοῖς
1098 1324 1314 1375 ἐκείνων
1344 1322 1598 1389 ἐκγόνοις.
1647 1323 1822 1393 ’ἱκανὴ

297 1409 401 1481 γάρ
429 1412 624 1464 τούτων
653 1414 684 1481 ή
715 1414 897 1483 μνήμη
916 1414 1039 1476 τοὺς
1069 1412 1331 1466 τοσούτων
1363 1414 1681 1484 εὐεργεσιῶν
1704 1414 1827 1465 ἀπο-

294 1500 587 1564 λαύσαντας
630 1505 706 1565 είς
726 1500 881 1575 ζῆλον
909 1504 1004 1573 τῆς
1029 1503 1133 1555 τῶν
1150 1504 1421 1575 προγόνων
1444 1505 1638 1574 ἀρετῆς
1666 1504 1827 1573 ἐρεθί-

295 1606 402 1644 σαι.
435 1591 676 1644 Διδάσκει
698 1591 754 1644 δὲ
782 1572 926 1646 κατά
950 1572 1109 1646 ταύτὸ
1135 1572 1223 1646 καὶ
1245 1592 1333 1644 τὸν
1357 1572 1648 1655 νέον-λαὸν,
1667 1572 1827 1661 ήγουν

293 1680 417 1743 τοὺς
446 1681 501 1747 ἐξ
528 1681 694 1734 ἐθνῶν
719 1682 793 1769 ῶς
819 1683 915 1734 οὐκ
941 1682 1134 1744 ἀδίκως
1165 1682 1252 1735 τὸν
1297 1683 1585 1753 ἀχάριστον
1629 1684 1827 1733 ἐκεῖνον

1927 699 2002 751 illi
2054 700 2261 768 populo,
2292 699 2621 760 exhibuerit,
2672 706 2726 753 et
2789 716 2948 768 quam
3006 700 3173 755 vicem
3228 704 3454 773 singulis

1927 789 2111 840 eorum
2143 788 2306 856 gestis
2333 786 2641 839 reddiderit.
2671 785 2892 855 Insuper
2924 786 3009 841 hic
3036 789 3454 856 promissionum

1894 889 1958 931 .a
1997 874 2103 929 Deo
2139 875 2459 943 patriarchis
2525 873 2786 927 factarum
2846 876 3045 929 mentio
3102 876 3357 942 habetur,
3400 884 3455 931 et

1926 973 2125 1033 quanta
2162 964 2396 1033 ipsorum
2427 963 2599 1033 gratia
2625 964 2905 1032 nepotibus
2940 980 3122 1018 eorum
3156 966 3288 1017 bona
3320 981 3452 1020 con—

1923 1068 2075 1109 cessa
2107 1052 2323 1109 fuerint.
2357 1051 2559 1108 Horum
2588 1054 2783 1123 quippe
2816 1057 3251 1109 commemoratio
3272 1064 3355 1110 est
3385 1056 3453 1110 ad

1922 1143 2179 1200 beneﬁcio
2195 1144 2420 1211 donatos
2439 1146 2593 1201 avita:
2615 1146 2826 1202 virtutis
2848 1147 3026 1202 studio
3048 1147 3453 1211 inflammandos

1920 1234 2074 1289 satis.
2103 1232 2298 1290 Postea
2335 1251 2461 1291 vero
2509 1236 2666 1291 docet
2698 1253 2893 1291 novum
2938 1224 3211 1307 populum,
3246 1237 3452 1292 scilicet

1925 1339 1987 1377 ex
2017 1325 2286 1393 gentibus,
2310 1340 2367 1381 se
2414 1326 2674 1396 ingratam
2712 1329 2853 1381 illam
2897 1336 3103 1399 gentem
3126 1329 3303 1383 divina
3330 1343 3453 1397 pro-

1927 1414 2160 1467 videntia
2190 1431 2297 1470 non
2324 1416 2520 1485 injuste
2543 1420 2823 1486 spoliasse,
2845 1428 2900 1473 ut
2931 1420 3129 1489 pariter
3157 1437 3219 1473 ex
3244 1420 3453 1488 justitia

1932 1506 2204 1558 sententiae
2235 1514 2421 1559 contra
2455 1508 2575 1562 illos
2605 1509 2743 1571 latae,
2772 1510 2887 1564 viso
2913 1512 3105 1580 ingrati
3134 1512 3294 1564 animi
3323 1528 3454 1580 pra:-

1932 1592 2061 1653 mio,
2094 1601 2411 1647 moneantur
2440 1610 2505 1648 ne
2539 1597 2591 1648 in
2625 1596 2807 1649 eadem
2842 1613 2944 1665 qua
2975 1597 3153 1653 Judaei
3188 1600 3271 1651 via
3306 1600 3453 1653 ince-

1931 1680 2087 1745 dant,
2130 1683 2221 1737 sed
2252 1684 2306 1737 in
2337 1692 2484 1739 recto
2510 1686 2643 1739 calle
2674 1687 2941 1743 insistant.

294 1768 418 1823 λαὸν
441 1773 538 1842 τῆς
558 1758 759 1837 οἰκείας
784 1774 1095 1844 κηδεμονίας
1118 1774 1443 1845 ἐγύμνωσεν,
1472 1774 1545 1836 ὡς
1583 1771 1712 1843 ὁμοῦ
1762 1774 1824 1824 ἐκ
1852 1772 1946 1841 τῆς
1972 1775 2087 1825 κατ’
2115 1775 2331 1829 ἐκείνων
2353 1775 2715 1847 ἐξενεχθείσης
2736 1768 2913 1848 ψήφου
2949 1780 3009 1831 τὸ
3039 1780 3251 1832 δίκαιον
3295 1794 3457 1831 κατα-

297 1864 532 1932 μάθοιεν,
568 1869 655 1919 καὶ
683 1868 779 1937 τῆς
815 1867 1127 1937 ἀχαριστίας
1180 1866 1409 1937 ὁρῶντες
1435 1864 1502 1920 τά
1550 1866 1815 1936 ἐπίχειρα,
1850 1866 1921 1935 μὴ
1952 1867 2051 1936 τὴν
2099 1868 2262 1938 αὐτὴν
2304 1865 2565 1933 Ἰουδαίοις
2613 1871 2891 1940 βαδίζοιεν.
2924 1874 3056 1927 ἀλλά
3113 1875 3208 1944 τὴν
3248 1872 3455 1926 εὐθεῖαν

292 1954 409 2006 ὁδὸν
434 1955 684 2009 ὁδεύοιεν.
1556 1961 1561 1965 ’

374 2100 842 2170 Ἐεομολοτεῒσθε
865 2099 944 2164 τῷ
979 2100 1186 2166 Κυρίῳ,
1215 2102 1310 2155 καὶ
1344 2070 1717 2155 ἐπικαλεῖσθε
1765 2103 1827 2153 τὸ
1860 2099 1899 2150 Β
1994 2098 2079 2152 Co:

1765 2103 1827 2153 τὸ
1860 2099 1899 2150 Β
1994 2098 2320 2165 Conﬁlemim’
2356 2100 2593 2162 Domino,
2625 2111 2672 2154 et
2701 2104 2930 2156 invocate
2959 2122 3140 2160 nomen
3171 2110 3450 2170 eius.Cum

292 2192 473 2259 ὄνομα
502 2192 703 2245 αὐτοῦ.
727 2190 925 2258 Διπλῆς
952 2188 1113 2259 οὐσης
1140 2192 1195 2242 ὲν
1219 2196 1282 2261 τῇ
1309 2196 1541 2263 γραφικῇ
1576 2194 1823 2264 συνηθείᾳ

291 2281 386 2348 τῆς
431 2280 548 2333 κατ’
589 2280 964 2354 ἐξομολόγησιν
1012 2282 1298 2353 σημασίας,
1344 2283 1434 2334 καὶ
1472 2282 1564 2334 νῦν
1602 2285 1696 2352 μὲν
1728 2282 1822 2351 τὴν

291 2370 649 2441 ἑξαγόρευσιν,
671 2367 821 2435 αὖθις
841 2372 897 2425 δὲ
916 2373 1011 2445 τὴν
1035 2372 1373 2442 εὐχαριστίαν
1402 2371 1818 2439 ἐνδεικνυμένης,

291 2460 516 2516 ἐνταῦθα
562 2466 678 2517 κατ’
711 2465 1015 2536 ἀμφοτέρας
1049 2464 1144 2527 τὰς
1174 2458 1374 2527 ἐννοίας
1406 2464 1538 2533 πρὸς
1570 2462 1656 2513 τὸν
1705 2462 1821 2514 κατ’

290 2553 487 2622 ἀρετήν
530 2553 641 2622 βίον
667 2554 1157 2625 χειραγωγούμεθω
1186 2556 1225 2624 ή
1269 2571 1326 2606 τε
1352 2552 1457 2625 γὰρ
1484 2552 1823 2623 ἐξαγόρευσις

292 2642 560 2715 χωρισμόν
585 2660 704 2695 τινα
731 2645 821 2697 καὶ¹
836 2644 1177 2713 ἀλλοτρίωσιν
1198 2642 1303 2694 τῶν
1330 2640 1510 2695 κακῶν
1524 2639 1824 2711 ἀπεργάζε-

292 2748 399 2793 ται,
433 2733 492 2783 τό
512 2748 570 2783 τε
599 2732 731 2801 πρὸς
763 2734 856 2803 τὴν
875 2732 1215 2803 εὐχαριστίαν
1236 2730 1506 2801 πρόθυμον
1527 2730 1820 2797 πλεονάζει,

284 2822 382 2884 ,καὶ
396 2820 492 2892 τὴν
518 2821 642 2892 περὶ
668 2821 758 2874 τοῦ
775 2823 1054 2892 εὐεργέτου
1076 2823 1230 2891 χάριν
1248 2823 1337 2874 ἐπὶ
1360 2820 1465 2875 τῶν
1497 2823 1823 2892 εὐαισθήτως

289 2915 579 2985 δεχομένων
594 2914 689 2977 τάς
700 2915 957 2978 εὐποιίας.
987 2913 1415 2984 Παρακελεύεται
1431 2913 1603 2965 τοίνυν
1630 2914 1657 2965 ό
1672 2911 1825 2980 λόγος

274 3004 384 3075 τὴν
420 3005 822 3076 εὐχαριστήριον
850 3004 1114 3075 ὑμνῳδίαν
1137 3004 1477 3075 προσφέρειν,
1504 3004 1594 3055 καὶ
1625 3001 1824 3071 διηγεῖ-

292 3095 411 3149 σθαι
440 3096 559 3159 ’τὰς
600 3095 744 3159 θείας
792 3094 1121 3163 εὐεργεσίας.
1177 3095 1248 3146 Τὸ
1278 3094 1385 3163 γὰρ
1431 3092 1818 3154 ἐπικαλεῖσθε,

291 3186 618 3253 κηρύσσετε
660 3188 688 3239 ὁ
719 3184 1006 3253 Σύμμαχος
1045 3184 1399 3252 ήρμήνευσενο
1444 3181 1625 3251 ἕτερος
1654 3181 1708 3232 δὲ
1735 3183 1823 3251 ὲρ-

293 3277 555 3346 μηνευτής
584 3292 733 3345 φησι,
758 3275 868 3352 Kal,
892 3273 1258 3328 ἐπικαλεῖσθε
1280 3273 1592 3341 ἑνόνόματι
1618 3273 1817 3327 αὑτοῦ·

293 3367 431 3435 μέγα
459 3382 510 3419 τι
537 3365 911 3434 αἰνιττόμενος.
946 3364 1039 3417 Ἂν
1088 3362 1193 3434 γὰρ
1232 3363 1613 3434 ὲξομολογήσῃ,
1668 3364 1818 3432 φησὶ,

1927 2186 2201 2255 Scriptura
2253 2189 2421 2241 soleat
2469 2189 2665 2257 duplici
2698 2207 2859 2246 sensu
2899 2192 3288 2250 confessionem
3326 2212 3453 2269 pro-

1924 2276 2084 2343 ferre,
2128 2292 2192 2332 ac
2241 2279 2400 2332 modo
2430 2280 2530 2336 hac
2567 2297 2696 2337 voce
2726 2293 3065 2351 peccatorum
3096 2286 3453 2344 denuntiatio-

1924 2382 2065 2432 nem,
2101 2367 2259 2422 modo
2290 2372 2580 2440 gratiarum
2614 2375 2875 2430 actionem
2917 2377 3210 2447 signiﬁcet;
3238 2379 3326 2434 hic
3357 2397 3453 2436 se-

1924 2456 2155 2510 cundum
2182 2468 2461 2531 utramque
2489 2465 2770 2531 rationem,
2800 2467 2868 2520 ad
2907 2468 3067 2522 vitam
3098 2484 3220 2524 cum
3253 2472 3452 2527 virtute

1924 2546 2178 2615 agendam
2209 2548 2552 2604 instituimur.
2585 2551 2717 2607 Nam
2758 2554 3074 2609 confessio'a
3100 2559 3255 2614 malis
3276 2560 3452 2615 homi-

1924 2652 2045 2689 nem
2075 2647 2309 2692 semovet
2358 2650 2412 2693 ct
2442 2642 2507 2696 iis
2538 2644 2766 2697 alienum
2795 2644 2949 2699 efﬁcit
2975 2665 2988 2698 :
3034 2649 3323 2717 gratiarum
3352 2666 3450 2704 au-

1926 2734 2030 2779 tem
2072 2728 2294 2781 actionis
2353 2731 2584 2784 studium
2626 2734 2762 2805 apud
2805 2732 3094 2793 beneﬁcum
3136 2724 3291 2806 auget
3322 2753 3446 2808 gra-

1924 2816 2051 2869 tiam
2081 2833 2205 2889 erga
2233 2834 2326 2873 eos
2355 2823 2444 2889 qui
2470 2832 2622 2892 grato
2650 2824 2826 2878 animo
2848 2824 3098 2883 beneﬁcia
3128 2830 3270 2883 nacti
3297 2837 3442 2886 sunt.

1924 2904 2178 2967 Hortatur
2210 2910 2385 2977 itaque
2406 2927 2580 2966 sermo
2612 2914 2676 2967 ad
2710 2915 2932 2984 hymnos
2960 2918 3247 2985 gratiarum
3278 2920 3447 2972 actio-

1924 2998 2008 3052 nis
2029 2998 2342 3062 elferendos.
2368 3011 2420 3055 et
2440 3004 2506 3057 ad
2529 3004 2707 3058 divina
2730 3006 2980 3061 beneﬁcia
3011 3009 3291 3065 narranda.
3313 3009 3446 3064 Nam

1924 3085 2074 3148 illud,
2103 3087 2349 3151 invocata,
2376 3087 2751 3169 $ynnmachus,
2782 3096 3058 3161 praedicata
3088 3097 3243 3149 vertit
3268 3116 3280 3149 :
3309 3097 3445 3151 alius

1925 3185 2097 3230 autem
2134 3178 2393 3253 interpres
2442 3182 2534 3244 ait,
2585 3180 2648 3233 Et
2693 3182 2918 3236 invocata
2963 3186 3015 3238 in
3055 3188 3258 3241 nomine
3297 3189 3443 3257 ejus;

1924 3282 2169 3337 magnum
2202 3270 2471 3340 quidpiam
2521 3272 2888 3327 subindicans.
2927 3276 2993 3327 At
3027 3279 3168 3331 enim
3215 3280 3261 3333 si
3317 3295 3445 3333 con—

1925 3357 2100 3413 fessus
2132 3358 2325 3421 fueris,
2382 3361 2487 3425 ait,
2532 3369 2585 3415 et
2618 3372 2833 3430 peccata
2861 3365 3202 3435 deposueris,
3248 3385 3445 3425 nomen

288 3430 384 3510 nat
399 3456 603 3526 ἀποθῇς
626 3455 691 3507 τά
716 3430 1336 3525 ἀμαρτήματαξδυνήσῃ,
1364 3430 1819 3523 μετά-παρρησίας
1847 3430 1889 3487 (ἶ
1920 3449 1993 3516 ejt

1738 3452 1819 3515 ίας
1847 3430 1889 3487 (ἶ
1920 3449 2036 3516 ejus
2091 3465 2211 3503 cum
2269 3449 2461 3504 ﬁducia
2503 3450 2800 3509 invocando
2840 3430 3032 3524 magna
3079 3430 3237 3517 edere
3283 3473 3443 3527 opera

282 3548 345 3601 τδ
357 3548 522 3617 ὄνομα
553 3545 711 3599 αὐτοῦ
740 3543 990 3606 καλέσας,
1031 3543 1236 3613 μεγάλα
1270 3543 1597 3611 ἐργάσασθαι
1622 3540 1813 3608 ἀγαθά.

286 3639 361 3689 Οὐ
389 3636 558 3707 μάτην
583 3635 638 3686 δὲ
663 3632 1084 3703 ἐξομολογεῖσθαι
1130 3632 1406 3703 πρότερον,
1442 3632 1535 3685 καλ⁵
1573 3631 1816 3702 δεύτερον

286 3723 920 3793 ὶπικαλεῖσθαιβούλεται·
956 3721 1066 3775 ἀλλ’
1096 3721 1201 3785 ἵνα,
1238 3721 1462 3791 καθαροῖ¹
1495 3720 1581 3773 διά
1609 3720 1705 3790 τῆς
1734 3720 1817 3787 ὲξ-

1920 3539 2141 3593 valebis.
2176 3538 2355 3609 Neque
2384 3540 2500 3595 sine
2528 3556 2689 3595 causa
2734 3544 2905 3611 primo
2948 3546 3222 3612 conﬁteri,
3258 3556 3445 3616 postea

1919 3628 2169 3684 invocare
2196 3637 2439 3699 exoptat;
2466 3631 2557 3685 sed
2589 3642 2645 3685 ut
2674 3647 2766 3701 per
2787 3633 3176 3690 confessionem
3207 3640 3439 3709 purgati,

1918 3732 1982 3771 ex
2012 3732 2144 3785 puro
2176 3720 2529 3776 instrumento
2556 3723 2808 3790 hymnum
2828 3724 3132 3782 offeramus.

285 3802 617 3887 αγορεύσεὼς
639 3814 932 3884 γενόμενοι,
960 3814 1022 3866 ὲκ
1039 3810 1273 3884 καθαροῦ
1296 3812 1521 3882 ὀργάνου
1541 3808 1632 3863 τὸν
1656 3810 1819 3882 ὕμνον
1847 3808 2310 3880 προσενέγκωμεν.

364 3952 769 4020 Ἐπαττειλατε
793 3951 861 4004 ἐν
885 3949 1008 4015 τοῖς
1033 3950 1230 4003 ἔθνεσι
1256 3948 1325 4000 τὰ
1348 3947 1488 4015 ἔργα
1517 3948 1717 4001 αὑτοῦ.
1760 3948 1817 4001 '0

287 4040 421 4110 μετὰ
440 4043 623 4111 χεῖρας
650 4035 797 4102 αίνος
830 4038 925 4108 τὴν
963 4038 1196 4109 ἱστορίαν
1223 4028 1561 4104 ἐπιτέμνεται
1582 4035 1678 4105 τὴν
1711 4036 1816 4089 ἀπὸ

296 4130 541 4201 Ἀϐραάμ
566 4131 659 4182 καὶ
708 4131 798 4181 ἐπὶ
834 4128 1003 4193 ἔξοδον
1046 4126 1150 4180 τῶν
1192 4126 1319 4179 υἱῶν
1357 4125 1568 4194 Ἰσραήλ
1590 4126 1685 4194 τήν
1711 4126 1815 4178 ἀπὸ

282 4220 569 4288 Αἰγύπτου·
600 4218 664 4287 ἢν
712 4218 803 4270 καὶ
847 4215 1190 4284 ἐπαγγέλλειν
1238 4217 1348 4277 τοῖς
1386 4213 1557 4267 ἔθνεσι
1578 4214 1639 4266 τὸ
1678 4215 1813 4267 θεῖον

284 4308 502 4379 Πνεῦμα
529 4307 965 4379 παρακελεύεται,
984 4306 1120 4359 ὥστε
1135 4304 1220 4357 διὰ
1243 4304 1439 4377 τούτων
1462 4303 1629 4371 δηλῶν
1649 4305 1811 4369 ἐστιν,
1844 4302 1847 4305 ⁷

283 4402 551 4471 ὼςὸνησιν
578 4401 675 4453 οὐκ
705 4398 969 4458 Ἰουδαίοις
998 4393 1321 4465 μόνον,ωά
1346 4404 1439 4448 και
1457 4396 1563 4455 τοῖς
1579 4393 1633 4459 ἐξ
1650 4393 1813 4447 ἐθνῶν

285 4489 753 4561 πραγματεύεται,
773 4485 867 4539 τοῦ
893 4485 1197 4563 Πνεύματος
1226 4484 1349 4545 τοὺς
1392 4482 1496 4536 τῶν
1515 4481 1678 4534 ἐθνῶν
1709 4482 1813 4534 διε-

282 4582 549 4651 γείροντος
588 4581 827 4650 κήρυκας
858 4578 936 4638 είς
960 4576 1021 4627 τὸ
1048 4575 1224 4643 ζητεῖν
1244 4572 1333 4625 τὸν
1360 4573 1559 4642 Κύριον
1597 4572 1687 4625 καὶ
1715 4588 1812 4641 κη-

284 4670 495 4740 ρύσσειν
524 4669 591 4721 τὰ
617 4668 753 4737 περὶ
779 4664 938 4720 αὐτοῦ
981 4664 1302 4733 διηγήματα.
1344 4662 1452 4714 Καὶ
1480 4660 1647 4713 ταῦτα
1691 4660 1808 4729 μεθ’

284 4757 480 4827 ὐμνωνο
500 4757 630 4825 φησι
641 4754 784 4822 γοῦν·
816 4756 1029 4822 ”ᾼσατε
1066 4750 1221 4815 αὑτῷ
1245 4751 1342 4803 καί
1372 4750 1598 4818 ψάλατε
1631 4748 1802 4813 αὐτῷ·

281 4848 400 4917 διητ
412 4845 649 4911 ήσασθε,
660 4843 849 4897 πάντα
880 4843 950 4896 τὰ
992 4839 1285 4910 θαυμάσια
1324 4839 1526 4895 αὑτοῦ.
1560 4838 1807 4894 Βούλεται

280 4934 680 5005 ἀπαγγελθῆναι
717 4934 825 4994 τοῖς
852 4932 1070 4993 ἔθνεσιν,
1098 4931 1170 4993 ὡς
1194 4929 1438 4997 ἀγνοοῦσι
1469 4930 1559 4983 καὶ
1589 4928 1809 4999 μηδέπω

284 5025 664 5097 μεμαθηκόσιν,
711 5021 890 5079 ὁποίας
932 5020 1092 5075 πάλαι
1139 5021 1395 5090 πρότερον
1440 5018 1806 5087 εὐεργεσίαςρ

280 5116 411 5178 Θεὸς
434 5113 512 5182 τῷ
542 5114 781 5183 πρσῑέρῳ
804 5108 914 5179 λαῷ
942 5110 1253 5181 παρέσχετο’
1287 5110 1380 5163 καὶ
1406 5110 1567 5171 ὅπως,
1602 5108 1806 5177 μυρίων

281 5204 497 5274 ἀγαθῶν
522 5201 667 5273 παρὰ
686 5201 777 5255 τοῦ
798 5199 927 5253 Θεοῦ
947 5200 1314 5271 τετυχηκότες,
1352 5199 1664 5271 παρέϐησαν
1684 5195 1805 5252 ἀσ⁹ε-
1832 5202 1835 5209 ’

282 5294 557 5363 δήσαντες
598 5292 690 5344 καὶ
730 5290 803 5351 ὼς
843 5287 928 5344 διὰ
967 5288 1066 5352 τὰς
1114 5289 1447 5362 παρανομίας
1492 5288 1665 5343 αὐτῶν
1706 5289 1803 5358 τῆς

283 5383 431 5443 θείας
485 5380 777 5449 ἑπισκοπῆς
831 5379 1224 5435 ἐκπεπτώκασι.
1260 5379 1479 5433 Κελεύει
1502 5379 1568 5451 δὲ
1596 5379 1687 5433 καὶ
1722 5380 1806 5449 ἑρ-

287 5469 483 5543 μηνέας
517 5468 756 5535 γίνεσθαι
792 5466 881 5522 καὶ
920 5469 1243 5539 σαφηνιστάς
1275 5469 1381 5524 τῶν
1417 5471 1475 5523 ὲν
1497 5472 1606 5533 τοῖς
1641 5456 1819 5533 θείοις

281 5559 480 5628 λογίοις
510 5557 843 5629 ἀτιπορῤήτωνὁ
892 5553 1031 5626 άπερ
1071 5556 1136 5611 ἂν
1164 5560 1249 5629 εἴη
1289 5559 1359 5612 τὰ
1400 5558 1671 5629 θαυμάσια
1706 5559 1805 5611 αὐ-

426 5646 522 5703 καὶ
552 5644 731 5709 ἁπλῶς
764 5646 1049 5718 ὑμνῳδίαις
1087 5646 1244 5701 αὐτὸν
1268 5647 1580 5719 ἀμείσεσθαι
1612 5649 1701 5701 καὶ
1740 5649 1807 5702 τὰ

284 5740 411 5809 τιςαᾴ
438 5736 597 5792 αὐτοῦ
630 5735 888 5803 γενόμενα
928 5737 1049 5802 τούς
1086 5737 1401 5806 ἀγνοοῦντας
1432 5738 1633 5804 διδάξαι
1670 5739 1807 5796 ,θαυ-

290 5826 476 5895 tam
499 5879 503 5883 -
1724 5841 1726 5843 ’

1984 3944 2299 3999 Annuntiate
2343 3948 2477 4001 inter
2517 3958 2685 4016 gentes
2733 3963 2886 4015 opera
2940 3951 3097 4020 ejus.‘
3128 3950 3250 4005 ﬂare
3298 3954 3438 4019 laus,

1915 4050 2071 4105 quam
2119 4043 2447 4101 tractamus,
2494 4038 2770 4093 historiam
2817 4034 3134 4109 compendio
3179 4052 3359 4097 narrat
3407 4059 3440 4096 a

1914 4132 2150 4193 tempore
2204 4124 2492 4180 Abrahami
2539 4128 2606 4181 ad
2650 4130 2848 4184 exitum
2880 4130 3111 4185 ﬁliorum
3157 4133 3321 4186 Israel
3371 4149 3438 4186 ex

1912 4214 2168 4284 Aﬂgypto;
2195 4230 2354 4284 quam
2387 4217 2632 4286 gentibus
2674 4221 2991 4275 annuntiare
3026 4222 3175 4287 jubet
3206 4222 3437 4291 Spiritus

1913 4304 2159 4370 divinus;
2189 4306 2261 4358 ita
2296 4313 2357 4359 ut
2387 4306 2471 4361 bis
2505 4307 2736 4363 declaret
2780 4326 2884 4363 non
2918 4309 3220 4364 Iudaeorum
3251 4312 3433 4376 modo,

1913 4401 2007 4457 sed
2032 4402 2191 4457 etiam
2224 4404 2456 4471 gentium
2491 4405 2769 4459 utilitatem
2803 4406 2980 4458 curari
3008 4424 3019 4457 :
3053 4404 3252 4472 Spiritu
3288 4406 3436 4460 scili-

1912 4498 1996 4547 cet
2051 4508 2322 4562 praecones
2370 4495 2607 4564 gentium
2656 4496 2921 4550 excitante
2957 4496 3037 4561 λιά
3087 4496 3434 4565 quaerendum

1910 4568 2191 4638 Dominum
2236 4594 2288 4639 et
2310 4587 2376 4639 ad
2403 4585 2735 4657 praedicanda
2766 4585 2883 4654 ejus
2911 4600 3088 4655 opera.
3119 4584 3281 4655 quue
3312 4601 3434 4641 cum

1910 4672 2121 4743 hymnis
2150 4674 2411 4743 agendum
2458 4676 2647 4737 docet,
2701 4676 2775 4728 ait
2820 4676 2960 4730 enim
2994 4695 3006 4729 :
3060 4674 3280 4731 Cantale
3306 4677 3353 4729 ei
3381 4684 3433 4729 et

1909 4764 2208 4830 psalliteei,
2244 4772 2455 4819 narrate
2479 4766 2653 4818 omnia
2698 4766 2961 4819 mirabilia
2988 4767 3118 4835 ejus.
3151 4766 3273 4821 Vult
3305 4782 3433 4836 gen-

1909 4853 2085 4918 tibus,
2140 4861 2321 4922 utpote
2365 4854 2747 4922 ignorantibus
2781 4870 2844 4909 ac
2895 4857 3131 4916 nondum
3181 4856 3385 4911 edoctis
3411 4896 3426 4921 ,

1909 4944 2211 4998 annuntiari
2240 4950 2437 5011 quanta
2488 4945 2617 5020 olim.
2659 4946 2915 5001 beneﬁcia
2956 4949 3095 5003 Deus
3125 4948 3302 5016 prisco
3329 4962 3428 5016 po-

1908 5036 2035 5103 pulo
2076 5033 2423 5101 impertierit;
2465 5050 2528 5088 ac
2577 5038 2844 5105 quomodo
2874 5039 2954 5113 illi
2993 5038 3196 5091 inﬁnita
3240 5052 3269 5089 a
3321 5036 3429 5091 Deo

1908 5140 2124 5178 munera
2148 5125 2440 5189 consecuti,
2476 5125 2632 5195 impie
2660 5128 2981 5197 transgressi
3011 5128 3150 5191 sint;
3175 5142 3279 5195 qua
3301 5127 3427 5180 item

1905 5214 2110 5267 ratione
2140 5214 2208 5267 ob
2239 5213 2547 5283 iniquitates
2577 5231 2703 5270 suas
2729 5232 2760 5271 a
2794 5216 2884 5271 Dei
2926 5216 3255 5285 providentia
3294 5216 3429 5284 lapsi

1906 5302 2030 5358 sint.
2061 5299 2214 5356 lubet
2232 5310 2406 5355 autem
2432 5317 2524 5357 eos
2549 5304 2936 5379 et-interpretes
2960 5312 3015 5355 et
3056 5302 3433 5372 explanatores.
3484 5356 3487 5357 ν

1905 5404 2025 5445 esse
2042 5402 2361 5443 arcanorum
2390 5404 2507 5458 qua!
2527 5389 2705 5449 divina
2725 5390 2933 5458 eloquia
2960 5390 3385 5459 complectuntur
3407 5405 3423 5441 :

1903 5494 2022 5548 quae
2071 5493 2201 5532 sane
2246 5478 2509 5533 mirabilia
2538 5479 2655 5547 ejus
2692 5477 2926 5532 fuerint:
2962 5495 3026 5534 ac
3058 5478 3328 5549 praecipit,
3370 5485 3431 5534 ut

1905 5569 2117 5639 hymnis
2173 5567 2275 5638 ipsi
2328 5570 2495 5625 vicem
2540 5569 2866 5638 rependant,
2895 5578 2948 5625 et
2980 5570 3076 5625 abs
3107 5562 3164 5624 se
3217 5573 3447 5637 palata.

1906 5657 2170 5712 mirabilia
2200 5657 2570 5741 ignorantibus
2602 5658 2866 5727 aperiant.
