4318 6462
841 519 865 567 1
877 516 977 570 299

915 630 1070 684 Vens.
1104 631 1234 684 5-4.
1283 631 1597 690 Laudamini
1647 638 1699 689 in
1755 639 1958 690 nomine
2002 647 2181 690 sancto
2213 637 2322 703 eius
2363 655 2379 690 :

841 723 1045 776 lwtetur
1074 727 1539 796 corguterentium
1586 727 1888 783 Dominum.
1940 729 2168 794 Quwrite
2204 730 2383 783 Domi-

840 829 982 881 num,
1017 826 1064 868 et
1097 795 1502 886 co’nﬁrmamini,
1537 821 1752 888 quaerite
1802 820 1988 888 faciem
2021 821 2132 889 ejus
2166 838 2376 886 semper.

839 903 978 961 Laus
1044 913 1188 962 enim
1229 917 1282 963 et
1329 910 1495 979 gloria
1551 911 1613 965 iis
1676 920 1758 966 est
1810 913 1899 982 qui
1968 912 2059 966 Dei
2129 914 2383 968 virtutem

837 1008 1106 1054 enarrant.
1140 1001 1332 1071 Aquila
1374 1019 1498 1057 vero
1543 1003 1662 1057 loco
1707 1005 1870 1066 illius,
1928 1005 2241 1068 taudamini,
2300 1006 2383 1058 in—

835 1097 1180 1161 terpretatur,
1215 1093 1532 1162 gloriamini.
1567 1093 1814 1166 Praecipit
1845 1106 2022 1150 autem
2053 1113 2228 1151 sermo
2257 1112 2382 1167 apo-

835 1179 988 1232 stolis
1011 1193 1303 1250 eorumque
1330 1185 1758 1248 successoribus,
1777 1192 1849 1238 -ut
1878 1201 1944 1239 ne
1993 1185 2046 1238 in
2074 1185 2297 1250 divitiis,
2326 1186 2379 1239 in

834 1269 1052 1332 robore,
1086 1270 1139 1323 in
1163 1276 1422 1340 potentia,
1456 1277 1621 1329 altum
1654 1278 1901 1345 sapiant:
1935 1277 2030 1332 sed
2057 1267 2112 1332 in
2143 1280 2254 1332 veri
2285 1278 2378 1333 Dei

832 1363 1140 1438 cognitione
1167 1373 1218 1419 et
1248 1367 1603 1435 providentia,
1640 1383 1700 1421 ac
1736 1372 1788 1421 in
1822 1385 1886 1423 eo
1918 1370 2058 1438 quod
2085 1368 2378 1424 Christiani

833 1433 1113 1507 vocentur.
1148 1433 1266 1509 Hoc
1309 1461 1437 1509 item
1462 1458 1613 1525 jubet
1645 1459 1860 1514 divinus
1890 1433 2198 1528 Apostolus,
2250 1459 2376 1513 dum

833 1544 909 1596 ait
941 1563 954 1597 :
983 1544 1085 1609 Qui
1123 1547 1395 1615 gloriatur,
1427 1550 1478 1602 in
1511 1549 1730 1603 Domino
1769 1551 2018 1620 glorietur
2047 1567 2066 1604 :
2103 1568 2203 1605 non
2242 1553 2377 1605 enim

831 1634 921 1704 qui
947 1637 1170 1704 seipsum
1214 1641 1534 1693 commendat
1579 1642 1664 1694 ille
1691 1643 1938 1710 probatus
1965 1653 2073 1708 est,
2111 1643 2201 1696 sed
2229 1661 2375 1714 quem

831 1723 1084 1782 Dominus
1107 1731 1425 1806 commendat
1445 1735 1508 1786 ".
1535 1733 1765 1804 ldipsum
1786 1733 2064 1799 Ieremias,
2088 1737 2138 1790 id
2163 1737 2377 1806 sapien-

831 1820 1034 1874 tissima
1057 1822 1210 1877 Anna
1236 1826 1588 1892 pronuntiant
1621 1844 1632 1879 :
1662 1823 1783 1878 Non
1814 1826 2064 1895 glorietur
2089 1829 2294 1895 sapiens
2323 1829 2376 1882 in

829 1911 1084 1978 sapientia
1117 1930 1233 1979 sua,
1268 1922 1316 1966 et
1355 1931 1454 1966 non
1501 1915 1753 1984 glorietur
1796 1915 1949 1984 fortis
1985 1917 2038 1969 in
2068 1917 2377 1984 fortitudine

1463 518 1752 584 (EUSEBll
1804 521 2278 585 CESARIENSIS
2306 523 2454 581 OPP.
2499 522 3296 581 PARSlll.—EXEGETICA.

3868 525 4039 586 1500

2565 638 2924 693 Ἐπαινεῒσθε
2954 640 3023 691 ἐν
3046 638 3128 704 τῷ
3151 640 3390 706 ὀνόματι
3418 637 3495 703 τῷ
3532 639 3675 708 ἁγίῳ
3702 639 3905 694 αὐτοῦ·
3938 644 4038 696 εὐ-

2484 730 2809 799 φρανθήτωι
2835 729 3043 796 καρδία
3094 729 3421 798 ζητούντων
3457 729 3561 782 τὸν
3586 732 3817 797 Κύριον.
3850 733 4035 801 Ζητή-

2483 836 2627 873 crare
2673 821 2778 872 τὸν
2805 822 3049 887 αὔριον,
3079 822 3177 873 καὶ
3210 819 3614 888 κραταιώθητε·
3636 820 3921 888 ζητήσατε
3967 823 4042 877 τὸ.

2485 913 2801 980 πρόσωπον
2821 911 3004 964 αὑτοῦ
3019 911 3356 977 διαπαντός.
3385 913 3638 974 Ἐπαινος
3668 911 3774 982 γὰρ
3801 913 3892 964 καὶ
3909 911 4034 978 δόξα

2483 1005 2590 1063 τοῖς
2609 1002 2705 1071 τὴν
2723 1002 2919 1072 ἀρετὴν
2947 1001 3038 1053 τοῦ
3059 1002 3190 1054 Θεοῦ
3219 1003 3607 1074 διηγουμένοις.
3641 1005 3697 1056 '0
3712 1004 3768 1055 δὲ
3807 1003 4039 1068 Ἀκύλαςι

2482 1093 2600 1144 ἀντὶ
2637 1092 2726 1143 τοῦ
2782 1092 3134 1158 ἐπαινεῖσθε,
3180 1091 3483 1160 καυχᾶσθε
3525 1093 3755 1147 τέθεικε.
3786 1096 4032 1167 Παρακες

2481 1182 2690 1234 λεύεται
2715 1182 2770 1234 δὲ
2795 1183 2823 1234 ὁ
2855 1183 3007 1250 λόγος
3025 1186 3135 1246 τοῖς
3173 1185 3485 1247 ἀποστόλοις
3519 1186 3612 1237 καὶ
3638 1189 3748 1248 τοῖς
3773 1187 4032 1257 διαδόχοις

2482 1273 2677 1338 αὐτῶν,
2715 1275 2788 1345 μὴ
2832 1275 2923 1326 ἐπὶ
2952 1273 3182 1345 πλούτῳ,
3229 1275 3302 1347 μὴ
3327 1277 3416 1328 ἐπὶ
3451 1276 3627 1349 ῥώμῃ,
3652 1277 3728 1348 μὴ
3744 1277 3835 1329 ἐπὶ⁷
3869 1278 4028 1330 δυνα-

2481 1368 2649 1438 στείᾳ,
2700 1369 2839 1438 μέγα
2863 1370 3094 1437 φρονεῖν·
3127 1367 3238 1419 ἀλλ’
3282 1371 3338 1420 ἐν
3383 1370 3444 1438 τῇ
3484 1367 3573 1420 τοῦ
3618 1368 3866 1441 ἀληθινοῦ
3895 1370 4033 1423 Θεοῦ.

2480 1459 2670 1528 γνώσει
2698 1460 2791 1513 καὶ
2815 1458 3120 1529 προμηθείᾳ
3145 1459 3238 1528 mi.
3260 1457 3336 1527 τῷ
3355 1457 3629 1513 καλεῖσθαι
3654 1460 4029 1532 Χριστιανούς.

2478 1551 2648 1604 Τοῦτο
2673 1550 3024 1622 παρηγγύησε
3046 1551 3136 1603 καὶ
3152 1552 3180 1602 ὁ
3202 1551 3342 1612 θεῖος
3377 1550 3703 1614 Ἀπόστολος·
3734 1551 3786 1604 Ὁ
3803 1549 4031 1620 καυχώ-

2471 1660 2652 1711 μενος
2683 1643 2808 1711 γάρ,
2849 1642 3028 1710 φησὶν,
3055 1641 3334 1710 ὲνΚυρίῳ
3373 1640 3706 1708 καυχάσθω·
3737 1643 3808 1696 οὐ
3852 1643 3959 1713 γὰρ
3997 1645 4034 1698 ὁ

2476 1733 2690 1789 ἑαυτὸν
2716 1733 3016 1787 συνιστῶν
3039 1733 3264 1799 ἐκεῖνος
3291 1733 3550 1802 δόκιμος,
3587 1735 3722 1788 ἀλλ’
3756 1735 3827 1788 ὃν
3853 1738 3886 1789 ὀ
3915 1736 4035 1790 Κύ-.

2469 1841 2598 1892 ριος
2631 1823 2974 1890 συνίστησι.
3025 1823 3206 1877 Ταῦτα
3234 1823 3325 1876 καὶ
3359 1822 3623 1892 Ἱερεμίας
3659 1823 3751 1875 καὶ
3785 1825 3818 1894 ή
3856 1839 4032 1893 σοφω-

2475 1916 2608 1985 τάτη
2645 1915 2810 1968 Ἀννα
2840 1913 3072 1979 διέξεισι·
3103 1913 3199 1981 Μὴ
3245 1914 3564 1981 καυχάσθω
3593 1916 3625 1967 ὀ
3653 1915 3844 1982 σοφὸς
3870 1913 4030 1982 sna

827 2018 945 2066 sua,
977 2013 1024 2056 et
1054 2020 1154 2056 non
1204 2004 1454 2073 glorietur
1501 2003 1641 2058 dives
1684 2005 1738 2057 in
1791 2005 1986 2059 divitiis
2022 2006 2130 2059 suis
2156 2021 2174 2058 :
2205 2005 2293 2059 sed
2319 2008 2373 2060 in
2407 1994 2446 2049 Β
2474 2021 2532 2060 σι

2326 2008 2373 2060 ῑη
2407 1994 2446 2049 Β
2474 2007 2656 2074 σοφίᾳ
2678 2004 2881 2072 αὑτοῦ,
2917 2005 3012 2058 καὶ
3033 2003 3116 2074 μὴ
3148 2005 3465 2071 καυχάσθω
3502 2007 3534 2059 ό
3565 2006 3815 2073 ἰσχυρὸς
3845 2007 3913 2060 ἐν
3953 2005 4031 2073 τῇ

826 2091 921 2146 hoc
948 2093 1199 2164 glorietur
1227 2097 1314 2164 qui
1335 2095 1970 2167 gloriatur,‘intelligendo
1995 2107 2042 2152 et
2066 2114 2373 2168 cognoscen-

825 2184 910 2248 do,
935 2187 1056 2255 quia
1078 2203 1168 2256 ego
1197 2203 1312 2240 sum
1343 2188 1617 2252 Dominus,
1651 2190 1740 2257 qui
1777 2189 1914 2258 [acia
1961 2190 2372 2244 misericordiam

825 2285 873 2330 et
895 2277 1160 2345 justitiam
1188 2281 1241 2332 in
1271 2289 1410 2333 terra
1451 2279 1516 2332 ⁵⁸.
1542 2279 1881 2342 Laetetur-cor
1901 2284 2240 2352 quaerentium
2259 2282 2370 2339 Da—

825 2369 1050 2433 minum,
1084 2369 1136 2424 id
1165 2377 1267 2433 est,
1301 2372 1662 2427 invocantium
1685 2389 1806 2428 eum
1831 2375 1896 2429 ad
1929 2389 2102 2442 Opem.
2121 2376 2234 2430 sive
2263 2378 2372 2428 vir-

825 2467 939 2515 tute
977 2459 1042 2512 ad
1078 2475 1199 2513 eum
1237 2462 1588 2529 tendentium,
1615 2479 1643 2516 a
1669 2465 1865 2534 quibus
1894 2466 2055 2518 etiam
2081 2464 2368 2525 invenitur,

825 2549 988 2612 Docet
1029 2561 1205 2611 autem
1233 2562 1431 2624 quanta
1465 2557 1668 2617 utilitas
1692 2574 1758 2612 ex
1797 2557 2136 2614 confessione
2177 2573 2366 2627 prove-

825 2642 952 2698 niet.
989 2642 1122 2698 Nam
1145 2645 1286 2714 quod
1321 2635 1670 2716 'quzesivistis,
1707 2649 1801 2710 ait,
1848 2649 1900 2703 id
1937 2647 2145 2703 accidet
2185 2649 2369 2714 vobis;

824 2732 1071 2788 videlicet
1102 2737 1266 2790 animi
1310 2738 1491 2792 laetitia
1524 2757 1534 2791 :
1570 2740 1660 2794 illa
1701 2741 1896 2810 quippe
1930 2740 2043 2808 spei
2074 2740 2182 2794 Deo
2217 2732 2371 2810 repu-

825 2823 942 2878 sita:
985 2824 1194 2880 fructus
1241 2836 1346 2882 est.
1390 2828 1766 2885 Animadverte
1809 2839 1985 2886 autem
2032 2834 2301 2901 quomodo
2339 2848 2370 2886 a

826 2914 1171 2972 confessione
1223 2918 1502 2987 inceperit,
1542 2930 1594 2974 et
1621 2921 1672 2977 in
1703 2917 1944 2977 laetitiam
1978 2921 2205 2976 desinat.
2234 2920 2368 2977 Nam

825 3006 1097 3076 profectus
1136 3009 1431 3063 secundum
1478 3009 1644 3064 Deum
1691 3012 1903 3068 initium
1944 3012 2214 3070 confessio
2245 3021 2366 3080 est;

823 3093 948 3148 finis
975 3101 1152 3154 autem
1189 3097 1368 3150 laetitia
1414 3098 1706 3154 secundum
1759 3099 1921 3155 Deum
1949 3120 1960 3153 :
1985 3102 2212 3171 plurima
2241 3117 2370 3158 vero

826 3192 953 3244 sunt
972 3184 1026 3240 in
1044 3185 1220 3243 medio
1243 3187 1434 3242 horum
1465 3191 1661 3259 posita.
1689 3188 1912 3260 Oportet
1935 3192 2094 3262 igitur
2126 3192 2368 3248 homines

825 3276 1001 3347 primo
1033 3275 1270 3338 confiteri
1301 3277 1528 3333 Domino
1557 3295 1652 3349 per
1679 3283 1942 3339 sinceram
1977 3274 2364 3350 paenitentiam,

826 3380 890 3418 ac
939 3381 1032 3436 per
1073 3367 1280 3430 fructus
1328 3369 1650 3424 confessioni
1712 3380 2066 3440 congruentes
2115 3388 2128 3421 :
2178 3371 2369 3427 deinde

823 3471 954 3512 vero
991 3459 1053 3511 ad
1089 3460 1309 3519 meliora
1335 3459 1603 3529 profectos
1631 3461 1898 3520 conlidere
1923 3471 1975 3517 et
2000 3465 2248 3518 invocare
2273 3481 2370 3518 no-

822 3563 946 3604 men
973 3549 1090 3618 ejus
1123 3569 1136 3603 :
1164 3551 1350 3620 sicque
1374 3551 1462 3605 ubi
1493 3562 1614 3622 post
1643 3553 2040 3610 confessionem
2081 3555 2370 3610 invocave-

823 3641 932 3694 rint
958 3657 1104 3704 eum,
1153 3642 1350 3697 divinis
1401 3644 1816 3702 cbarismatibus
1856 3643 2085 3713 donari;
2128 3645 2229 3699 sub
2259 3646 2372 3701 baac

823 3731 909 3788 his
933 3734 1190 3803 acceptis,
1220 3749 1382 3807 Opera
1404 3745 1523 3804 qua:
1552 3734 1855 3794 didicerunt
1882 3738 2130 3794 omnibus
2161 3753 2373 3792 annun-

823 3825 1027 3890 tiando,
1050 3809 1170 3880 aliis
1200 3839 1411 3894 quoque
1440 3825 1597 3879 utiles
1620 3839 1738 3878 esse
1771 3843 1783 3877 :
1813 3839 1874 3878 ac
1905 3836 2094 3894 praeter
2115 3827 2225 3880 haec
2256 3843 2372 3882 oms

824 3916 936 3978 nia,
967 3924 1152 3985 utpote
1199 3917 1383 3970 laetitia
1421 3917 1532 3978 illa,
1573 3931 1694 3986 qua:
1740 3919 2039 3972 secundum
2071 3918 2232 3972 Deum
2265 3928 2368 3986 est,

824 4006 1093 4075 dignatos,
1123 4017 1342 4062 cantare
1381 4008 1429 4062 ei
1457 4016 1510 4062 et
1533 4009 1758 4078 psallere
1782 4011 1828 4064 ei
1863 4029 1878 4064 ι
1907 4010 2199 4065 secundum
2235 4011 2368 4074 haec,

805 4099 1198 4167 explanatores
1220 4115 1340 4154 esse
1367 4116 1704 4167 arcanorum,
1736 4119 1853 4173 quae
1881 4104 1931 4155 in
1954 4102 2150 4157 divinis
2173 4116 2372 4156 sermo-

823 4189 989 4260 nibus
1011 4189 1388 4256 continentur;
1416 4192 1562 4254 hinc,
1596 4201 1778 4261 utpote
1809 4194 1900 4262 qui
1929 4193 2041 4246 haec
2076 4194 2256 4246 omnia
2286 4208 2371 4246 re-

822 4287 909 4332 cte
933 4280 1494 4356 peregerint,.laudari
1524 4283 1576 4335 in
1601 4285 1818 4338 nomine
1840 4285 1988 4353 ejus;
2013 4284 2226 4339 demum
2251 4293 2371 4353 post

823 4370 938 4448 haec
993 4372 1174 4425 omnia
1239 4373 1415 4426 anima
1472 4373 1660 4438 iactari,
1704 4372 1963 4445 quze'oor
1994 4376 2212 4430 dicitur.
2247 4375 2371 4431 Haec

823 4477 984 4531 porro
1011 4478 1130 4533 qua:
1158 4463 1439 4518 Dominum
1473 4466 1738 4534 quaesivit,
1766 4474 1880 4520 tum
1910 4472 1976 4521 ex’
2005 4468 2122 4536 ipsa
2153 4468 2371 4538 perqui-

823 4552 1040 4614 sitione,
1067 4560 1179 4604 tum
1213 4553 1354 4621 quod
1383 4554 1672 4622 quaerendo
1722 4555 1976 4623 reperiat,
2029 4571 2091 4609 ea
2133 4571 2252 4625 qua:
2285 4574 2371 4612 se-

824 4641 1056 4694 cundum
1084 4640 1364 4695 Deum-pet.
1395 4645 1578 4698 laetitia
1614 4644 1836 4697 fruatur.

893 4824 1080 4877 lsthzc
1111 4836 1239 4875 vero
1263 4824 1442 4877 omnia
1473 4823 1681 4878 aestimo
1709 4825 1776 4880 ad
1826 4839 2111 4895 personam
2144 4838 2365 4898 aposto-

823 4914 997 4967 lorum
1029 4928 1057 4965 a
1082 4911 1285 4982 Spiritu
1316 4922 1505 4968 sancto
1533 4915 1742 4970 referri.
1769 4916 1902 4971 Nam
1935 4918 2066 4973 illud
2102 4937 2114 4972 :
2144 4920 2365 4976 Annun-

824 5006 949 5058 tiate
976 5009 1026 5058 in
1054 5004 1287 5074 gentibus
1319 5022 1473 5073 opera
1501 5007 1632 5074 ejus,
1656 5022 1764 5062 non
1800 5009 1920 5063 aliis
1953 5009 2132 5066 dicere
2172 5027 2369 5068 conve-

823 5097 904 5149 nlt
924 5111 1082 5164 quam
1105 5096 1230 5150 illis.
1257 5093 1530 5151 Sermonis
1559 5113 1719 5168 porro
1740 5100 2018 5153 veritatem
2040 5102 2155 5171 ipse
2185 5118 2364 5157 rerum

822 5194 1048 5241 eventus
1078 5188 1417 5248 testificatur.
1447 5185 1656 5242 Etenim
1693 5190 1729 5245 ii
1763 5192 1864 5244 soli
1888 5192 1942 5244 in
1966 5195 2217 5261 gentibus
2245 5211 2364 5265 qua:

824 5294 923 5333 sua
953 5293 1115 5345 opera
1159 5279 1530 5361 universorum
1580 5279 1744 5335 Deum
1778 5295 2164 5354 cognoverunt,
2198 5303 2360 5357 opera

823 5367 922 5422 Dei
960 5368 1432 5432 annuntlaverunt,
1465 5384 1600 5437 quas
1645 5377 1832 5438 gentes
1884 5375 2131 5440 superius
2173 5392 2364 5430 novam

823 5455 1219 5527 generationem
1263 5464 1317 5511 et
1365 5459 1615 5527 populum
1645 5458 1736 5527 qui
1775 5467 1987 5513 creatur
2018 5465 2364 5534 nuncupavit.

824 5547 960 5600 Eum
995 5546 1174 5614 itaque
1206 5547 1298 5614 qui
1329 5547 1609 5602 Dominum
1637 5549 1961 5619 quaesiturus
1989 5561 2093 5617 est,
2125 5569 2259 5622 opus
2287 5565 2369 5610 est

825 5637 1000 5711 primo
1020 5650 1112 5703 per
1134 5634 1397 5688 sinceram
1417 5637 1786 5704 paenitentiam
1810 5643 1863 5690 et
1879 5649 1976 5706 per
1996 5637 2204 5694 fructus
2221 5641 2368 5708 ejus-

825 5723 949 5787 dem
994 5723 1236 5779 conﬁteri
1279 5741 1295 5781 :
1335 5739 1460 5777 nam
1497 5725 1588 5793 qui
1621 5725 1744 5778 talis
1772 5733 1875 5787 est,
1908 5725 2072 5779 Deum
2104 5742 2363 5797 quaerere,

897 5878 944 5921 It
980 5877 1025 5945 ιι
1055 5878 1180 5946 cor.
1215 5875 1403 5952 χρη,
1442 5877 1524 5934 l8.
1601 5879 1646 5912 "
1683 5877 1788 5935 Jer.
1828 5896 1899 5947 Ix,
1933 5880 2032 5949 23,
2069 5881 2156 5937 24.

2473 2099 2641 2166 ισχύτ
2659 2096 2862 2162 αὐτοῦ,
2895 2097 2989 2150 καὶ
3020 2095 3105 2166 μὴ
3132 2097 3446 2165 καυχάσθω
3477 2099 3509 2150 ό
3542 2098 3830 2163 πλούσιος
3859 2099 3928 2152 ἐν
3951 2099 4030 2162 τῷ

2472 2191 2705 2254 πλούτῳ
2735 2188 2939 2247 αὐτοῦ·
2965 2190 3098 2247 ἀλλ’
3130 2188 3166 2257 ἣ
3184 2189 3251 2250 ἐν
3270 2190 3454 2255 τούτῳ
3485 2187 3800 2256 καυχάσθω
3828 2191 3860 2242 ὁ
3882 2206 4027 2242 καυ-

2471 2283 2750 2358 χώμενος,
2789 2281 3018 2342 συνιεῒν
3066 2281 3162 2342 καὶ
3211 2281 3538 2351 γινώσκειν,
3585 2281 3672 2335 ὅτι
3717 2279 3828 2351 ἐγώ
3856 2283 3972 2351 ειμι
3995 2284 4029 2335 ό

2470 2373 2680 2439 Κύριος
2710 2376 2742 2425 d
2770 2372 2952 2426 ποιῶν
2981 2373 3152 2439 ἕλεος
3194 2373 3291 2426 καὶ
3343 2373 3731 2442 δικαιοσύνην
3767 2374 3865 2427 ἐπὶ
3919 2371 4027 2440 τῆς

2469 2463 2600 2534 γῆς.
2631 2464 3028 2532 Εὑφρανθήτω
3057 2451 3266 2532 καρδία
3296 2464 3621 2531 ζητούντων
3654 2465 3761 2519 τὸν
3787 2469 4022 2535 Κύριον·

2468 2557 2738 2613 τουτέστιν
2776 2556 3212 2626 ἐπικαλουμένων
3261 2555 3420 2608 αὐτὸν
3467 2557 3546 2618 είς
3590 2555 3858 2625 βοήθειαν,
3891 2557 3923 2628 ἢ
3958 2557 4024 2611 δι’

2470 2649 2667 2719 ἀρετῆς
2701 2649 2834 2719 πρὸς
2863 2647 3019 2701 αὐτὸν
3038 2647 3345 2710 ὁδευόντων,
3371 2639 3452 2709 οἷς
3470 2647 3562 2699 καὶ
3577 2646 3900 2716 εὑρίσκεται,
3930 2649 4020 2700 Δι-

2468 2739 2651 2793 δάσκει
2677 2739 2731 2790 δὲ
2749 2739 2909 2792 πόσον
2941 2739 3127 2806 ὄφελος
3153 2740 3215 2791 ἐκ
3227 2738 3316 2791 τοῦ
3335 2737 3762 2808 ἐξομολογεῖσθαι
3796 2740 4021 2810 γενήσε-

2467 2848 2574 2883 ται.
2617 2831 2679 2882 Ὅ
2698 2829 2804 2899 γὰρ
2825 2831 3141 2905 ἐζητήσατε,
3159 2830 3309 2900 φησὶ,
3334 2829 3854 2901 τοῦτοξσυμϐήσεται
3871 2829 4018 2900 ὑμῖν,

2466 2925 2498 2993 ἡ
2531 2923 2654 2992 περὶ
2685 2921 2774 2974 τὸν
2801 2922 2920 2974 νοῦν
2948 2922 3268 2991 εὐφροσύνη·
3299 2922 3399 2992 τῆς
3424 2922 3531 2993 γὰρ
3555 2924 3635 2984 είς
3658 2921 3787 2974 Θεὸν
3811 2920 4021 2985 ἐλπίδος

2468 3015 2604 3085 αὕτη
2631 3016 2856 3084 καρπός.
2887 3014 2992 3071 Θέα
3017 3014 3072 3065 δέ
3093 3015 3237 3077 ὅπως
3269 3013 3375 3067 ἀπὸ
3406 3013 3837 3084 ἐξομολογήσεως
3853 3012 4018 3083 ἦρξα-

2466 3125 2546 3171 το,
2590 3108 2682 3160 καὶ
2718 3106 3006 3177 κατέληξεν
3035 3106 3112 3167 είς
3160 3105 3510 3175 εὐφροσύνην.
3553 3104 3717 3175 Ἀρχὴ
3768 3105 3866 3174 μὲν
3914 3105 4021 3174 γὰρ

2466 3199 2565 3269 τῆς
2614 3197 2753 3251 κατά
2791 3196 2919 3250 Θεὸν
2962 3195 3239 3267 προκοπῆς
3278 3193 3676 3264 ἐξομολόγησις·
3718 3191 3866 3255 τέλος
3896 3191 3953 3244 δὲ
3987 3194 4019 3262 ὴ

2470 3289 2609 3349 κατά
2632 3289 2762 3342 Θεὸν
2781 3287 3098 3358 εὐφροσύνη·
3121 3287 3342 3342 πλεῖστα
3373 3286 3429 3339 δὲ
3461 3285 3528 3338 τά
3563 3283 3761 3355 μεταξὺ
3797 3287 4017 3337 τούτων.

2469 3381 2658 3449 Δεήσει
2687 3377 2864 3434 τοίνυν
2903 3375 3114 3446 πρῶτον
3147 3375 3574 3445 ἐξομολογεῖσθαι
3606 3372 3682 3443 τῷ
3713 3370 4022 3444 Κυρίῳ“διὰ

2468 3469 2693 3540 γνησίας
2719 3466 3019 3537 μετανοίας,
3051 3466 3146 3519 κο)⁵
3173 3465 3394 3537 καρπῶν
3415 3465 3726 3536 πρεπόντων
3746 3468 3810 3536 τῇ
3837 3464 4022 3536 ἐξομο-

2469 3562 2702 3631 λογήσει·
2738 3559 2922 3614 ἔπειτα
2956 3557 3334 3629 βελτιωθέντας
3360 3556 3579 3630 θαρρεῖν
3616 3557 3708 3610 καὶ
3747 3556 4022 3612 ἐπικαλεῖ-

2472 3651 2592 3711 σθαι
2621 3650 2680 3702 τὸ
2707 3649 2873 3720 ὄνομα
2908 3646 3090 3711 αὐτοῦ,
3107 3646 3200 3700 καὶ
3225 3644 3394 3709 οὕτως
3430 3644 3567 3716 μετὰ
3587 3643 3685 3714 τὴν.
3712 3644 4024 3716 ἐξομολόγη-

2473 3758 2552 3801 σιν
2584 3739 3030 3809 ἐπικαλουμένους
3059 3735 3441 3803 καταξιοῦσθαι
3475 3737 3580 3790 τῶν
3613 3737 3761 3808 παρά
3780 3737 3872 3790 τοῦ
3888 3736 4022 3790 Θεοῦ

2469 3832 2835 3902 χαρισμάτων·
2865 3825 2980 3882 εἶτα
3011 3827 3212 3881 τούτων
3255 3828 3522 3897 τυχόντες,
3555 3828 3770 3900 ἐτέρους
3796 3827 4029 3896 ὠφελεῖν.

2469 3921 2556 3974 διὰ
2581 3920 2671 3972 τοῦ
2697 3919 3054 3988 ἀπαγγέλλειν
3075 3919 3154 3981 είς
3179 3917 3440 3981 ἅπαντας,
3470 3917 3609 3990 ἅπερ
3644 3918 4022 3988 μεμαθήκασιν

2469 4014 2604 4084 ἔργα
2651 4012 2830 4066 αὑτοῦ·
2864 4013 2958 4066 καὶ
3004 4013 3094 4064 ἐπὶ
3146 4008 3350 4073 τούτοις
3378 4009 3452 4071 ὡς
3487 4008 3551 4063 ἃν
3596 4009 4021 4074 καταξιωθέντας

2468 4105 2566 4175 τῆς
2592 4104 2730 4159 κατὰ
2745 4105 2872 4158 Θεὸν
2898 4103 3176 4174 θυμηδίας,
3201 4103 3346 4174 ᾅδειν
3375 4100 3518 4171 αὐτῴ
3555 4099 3648 4153 καὶ
3675 4098 3910 4168 ψάλλειν·
3931 4101 4022 4153 καὶ

2473 4195 2609 4266 μετά
2659 4193 2831 4248 ταῦτα
2861 4192 3190 4263 σαφηνιστάς
3220 4189 3458 4260 γίνεσθαι
3497 4189 3602 4242 τῶν
3629 4191 3684 4241 ἐν
3716 4191 3826 4252 τοῖς
3860 4189 4022 4252 θείοις

2469 4284 2661 4352 λογίοις
2689 4285 3031 4357 ἀπορρήτων·
3049 4279 3145 4337 είτ¹
3171 4283 3268 4354 ήδη
3290 4281 3712 4353 κατωρθωκότας
3742 4281 3808 4336 τὰ
3829 4281 4022 4334 τοσαῦ-

2468 4392 2534 4426 τα
2563 4363 2896 4428 ἐπαινεῖσθαι
2926 4376 2982 4426 ἐν
3005 4373 3081 4444 τῷ
3109 4372 3325 4443 ὀνόματι
3353 4371 3532 4426 αὑτοῦ·
3577 4373 3668 4426 καὶ
3699 4372 3849 4435 τέλος
3885 4372 4020 4444 μετὰ

2471 4465 2663 4526 πάντα,
2692 4464 3068 4534 εὐφραίνεσθαι
3087 4462 3224 4516 κατὰ
3242 4462 3495 4523 διάνοιαν,
3513 4461 3735 4531 καρδίαν
3766 4461 4021 4530 ὀνομαζο-

2473 4555 2656 4626 μένην.
2705 4553 2862 4624 Αθτη,
2890 4556 2978 4605 τὸν
3027 4553 3226 4622 Κύριον
3283 4551 3603 4618 ἐκζητοῦσα,
3639 4549 3695 4614 ἐξ
3731 4549 3900 4619 αὐτῆς
3922 4552 4020 4619 τῆς

2397 4665 2441 4720 ι)
2470 4647 2744 4722 ζητήσεως
2776 4645 2867 4698 καὶ
2893 4645 2988 4713 τῆς
3003 4643 3376 4712 ἐπιγινομένης
3390 4645 3454 4712 τῇ
3477 4641 3696 4711 ζητήσει
3728 4640 4020 4710 εὑρέσεως,

2471 4737 2784 4791 ἀπολαυέτω
2800 4736 2897 4805 τῆς
2922 4733 3060 4787 κατά
3086 4732 3215 4786 Θεὸν
3240 4731 3588 4804 εὐφροσύνης.

2539 4829 2720 4881 Ταῦτα
2763 4827 2819 4880 δὲ
2851 4827 3024 4881 πάντα
3054 4825 3290 4896 ἡγοῦμαι
3323 4826 3400 4888 είς
3440 4823 3721 4895 πρόσωπον
3747 4821 3857 4875 τῶν
3883 4823 4018 4876 ἀπο-

2472 4919 2669 4973 στόλων
2696 4919 2798 4972 ὑπὸ
2839 4918 2932 4971 τοῦ
2983 4918 3135 4986 ἁγίου
3176 4916 3484 4988 Πνεύματος
3533 4913 3914 4986 ἀναφέρεσθαι.
3947 4912 4018 4964 Τὸ

2471 5011 2594 5084 γὰρ,
2620 5010 3024 5080 Ἀπαγγείλατε
3062 5010 3130 5061 ὲν
3167 5008 3287 5076 τοῖς
3317 5009 3515 5062 ἔθνεσι
3553 5007 3625 5061 τὰ
3652 5007 3793 5075 ἔργα
3812 5005 4012 5065 αὑτοῦ,

2468 5101 2568 5153 οὐκ
2589 5100 2764 5163 ἀλλοις
2801 5098 3022 5169 ἁρμόζει
3052 5098 3300 5167 λέγεσθαι
3343 5099 3376 5168 ἢ
3410 5099 3607 5160 αὐτοῖς.
3647 5095 3930 5164 Μαρτυρεῖ
3962 5092 4012 5145 δὲ

2467 5187 2544 5256 τῷ
2575 5188 2716 5258 λόγῳ
2747 5188 2806 5240 τὸ
2841 5188 3199 5258 ἀποτέλεσμα·
3239 5187 3385 5258 μόνοι
3425 5185 3533 5255 γὰρ
3566 5182 3901 5252 ἀπήγγειλαν
3923 5182 4014 5235 τοῦ
4047 5175 4050 5179 ’

2465 5277 2596 5330 Θεοῦ
2641 5279 2709 5331 τὰ
2735 5279 2870 5350 ἔργα
2897 5281 2952 5332 ἐν
2995 5283 3102 5342 τοῖς
3140 5279 3310 5332 ἔθνεσι
3336 5279 3446 5339 τοῖς
3488 5276 3550 5327 δι’
3577 5274 3752 5327 αὐτῶν
3777 5276 3866 5328 τὸν
3909 5275 4017 5328 τῶν

2463 5369 2596 5422 ὅλων
2627 5370 2756 5422 Θεὸν
2790 5369 3168 5436 ἐπεγνωκόσιν,
3202 5368 3292 5429 οὒς
3322 5367 3572 5436 ἀνωτέρω
3599 5365 3788 5436 καινὴν
3821 5365 4014 5434 γενεὰν

2465 5460 2559 5513 καὶ
2585 5459 2708 5512 λαὸν
2738 5461 3046 5530 κτιζόμενον
3103 5460 3524 5530 προσηγόρευσε.
3577 5458 3665 5508 Δεῖ
3705 5457 3881 5510 τοίνυν
3923 5455 4016 5506 τὸν

2467 5553 2721 5620 μέλλοντα
2754 5551 2934 5623 ζητεῖν
2963 5553 3051 5605 τὸν
3079 5553 3276 5622 Κύριον
3301 5549 3724 5620 ἐξομολογεῖσθαι
3753 5550 4014 5619 πρότερον

2463 5642 2530 5694 δι’
2555 5643 2872 5712 εἰλικρινοῦς
2924 5645 3203 5713 μετανοίας
3251 5645 3342 5697 καὶ
3367 5641 3472 5695 τῶν
3501 5639 3700 5710 ταύτης
3731 5638 3956 5708 καρπῶν
3993 5650 4012 5674 '-

2465 5735 2493 5786 ὁ
2520 5733 2627 5802 γὰρ
2676 5731 2909 5796 τοιοῦτος
2947 5735 3038 5788 καὶ
3072 5733 3251 5805 ζητεῖν
3301 5724 3540 5800 δύναται,
3591 5732 3684 5786 καὶ
3719 5727 3896 5808 ζητῶν
3926 5725 4010 5791 εῆτ
