4318 6466
352 523 478 577 ⁸381
1429 519 2020 591 ΟΟΜΜΕΝΤΔΒΙΑΞΙΝ
2058 519 2388 576 PSALMOS.
3388 517 3527 575 1509

350 639 477 693 οεῖν.
512 638 573 689 El
605 638 711 709 γάρ
765 640 855 692 ἐπὶ
904 640 1059 692 λίθων
1088 657 1279 710 τιμιων
1310 642 1417 693 τῶν
1464 641 1675 694 εἰδότων
1712 641 1884 711 χρεία,
1914 645 1962 701 Α
1988 646 2040 693 et

1819 641 1884 703 ἱα,
1914 645 1962 701 Α
1988 646 2040 693 et
2065 638 2354 708 quaerendo
2379 638 2621 693 invenire
2644 645 2842 707 potest.
2864 634 2993 689 Nam
3020 637 3065 692 si
3098 652 3217 690 cum
3240 637 3305 697 dc
3332 637 3524 707 lapidi-

347 731 436 781 ιιαὶ
454 730 542 782 ἐπὶ
566 731 914 801 κολυμϐητῶν
940 732 1131 801 πολλῆς
1157 734 1251 802 τῆς
1277 734 1577 803 ἐπιστήμης
1598 734 1697 795 δεῖ,
1717 733 1889 801 πολλῷ

347 819 541 888 μᾶλλον
567 822 656 873 ἐπὶ
686 823 837 875 Θεοῦ.
868 825 1037 878 Πολλὰ
1061 826 1169 895 γάρ
1205 828 1317 877 ἐστι
1342 826 1409 877 τὰ
1434 826 1703 895 κιῂλύοντα
1732 826 1889 878 αὑτὸν

342 909 539 979 εὑρεῖν,
568 913 661 964 καὶ⁸
694 914 1027 983 πραγμάτων
1047 916 1219 986 ὄχλος,
1252 918 1344 970 καὶ
1377 916 1574 987 σαρκὸς
1592 917 1889 970 ἐπαναστά-

346 1016 474 1064 σεις,
519 1003 611 1055 καὶ
640 1004 913 1072 νοσήματα
932 1005 1135 1075 ψυχῶν,
1167 1006 1260 1059 καὶ
1292 1005 1554 1075 δαιμόνων
1587 1005 1884 1068 ἐπιϐουλαὶ,

345 1090 435 1141 καὶ
484 1090 720 1162 ῥᾳθυμία
778 1093 1017 1164 γνώμης.
1084 1095 1197 1149 Κᾶν
1230 1096 1625 1165 ἀπαλλαγῶμεν
1685 1096 1885 1149 τούτων

343 1178 613 1247 ἁπάντων,
649 1186 859 1254 ταχέως
886 1187 1045 1239 αὑτὸν
1084 1187 1403 1259 εὑρήσομεν,
1440 1190 1532 1241 καὶ
1565 1188 1659 1257 τὴν
1692 1190 1885 1242 κακίαν

341 1268 731 1341 ἀποδυσόμεθα,
783 1278 875 1329 καὶ
926 1278 1027 1347 τὴν
1064 1280 1261 1349 ἀρετὴν
1291 1280 1549 1349 ἑλώμεθα.
1600 1278 1743 1348 Αὕτη
1778 1278 1883 1349 γάρ

341 1360 485 1413 ἐστιν
515 1363 547 1432 ή
591 1365 705 1417 ἐκεῖ
726 1367 960 1437 φέρουσα
996 1368 1128 1433 ὁδός.
1165 1370 1227 1422 Τί
1255 1367 1345 1424 οὖν
1371 1372 1482 1423 ἐστι
1518 1370 1772 1440 ζήτησις;
1826 1370 1885 1423 τὺ

342 1454 574 1522 συνεχῶς
589 1456 789 1512 ἐκεῖνον
810 1463 1005 1514 ἐννοεῖν
1033 1463 1123 1515 καὶ
1155 1456 1473 1530 λογίζεσθαι*
1513 1465 1539 1515 ὁ
1571 1462 1677 1533 γὰρ
1710 1462 1882 1533 ζητῶν

339 1542 428 1596 ἐπὶ
450 1543 680 1611 διανοίας
702 1548 809 1607 Eva:
833 1552 893 1604 τὸ
918 1553 1076 1615 ζττού
1086 1570 1255 1607 ιιενον.

403 1716 709 1797 Ζητήιγατε
748 1724 851 1778 τὸν
886 1728 1099 1795 Κύριον
1140 1728 1236 1783 καί
1269 1729 1673 1797 κραταιώθητε·
1714 1729 1879 1798 ζητή-

334 1817 481 1860 σατε
506 1808 572 1863 τὸ
597 1815 915 1879 πρόσωπον
956 1819 1138 1873 αὐτοῦ
1182 1820 1522 1887 διαπαντός.
1558 1823 1621 1875 Τί
1648 1824 1760 1875 ἐστι
1821 1822 1882 1876 τὸ

336 1900 515 1970 ζητεῖν
539 1907 629 1955 τὸν
662 1903 860 1975 Κύριον
880 1923 893 1969 ;
917 1907 976 1960 τὸ
1009 1907 1075 1962 τὰ
1097 1909 1301 1963 ἐκείνου
1330 1913 1562 1981 φρονεῖν,
1585 1910 1644 1963 τὸ
1669 1912 1754 1963 ἀεὶ
1782 1913 1878 1964 αὑ-

332 1991 423 2044 τὸν
455 1993 776 2061 λογίζεσθαι,
821 1997 883 2049 τὸ
904 1998 987 2051 ἀεὶ
1016 2001 1074 2053 ὲν
1116 2000 1317 2071 διανοίᾳ
1344 2001 1504 2071 ἔχειν,
1529 2000 1587 2052 τὺ
1620 2002 1879 2071 μηδέποτε

1987 732 2088 786 bus
2118 731 2370 800 pretiosis
2394 728 2588 799 agitur,
2624 727 2807 797 peritis
2834 736 2917 783 est
2939 742 3095 797 Opus,
3126 729 3251 817 etsi
3281 730 3524 783 urinato-

1986 837 2075 878 res
2106 822 2273 876 multa
2306 821 2530 876 scientia
2562 828 2753 891 egent,
2782 820 2950 874 multo
2973 808 3289 889 magis'cu'm
3318 819 3384 873 de
3413 820 3523 875 Deo

1987 914 2180 983 agitur.
2220 911 2383 966 Multa
2408 911 2550 966 enim
2577 910 2957 980 impedimento
2974 917 3099 966 sunt
3122 910 3408 978 quominus
3433 910 3521 963 in-

1986 1003 2254 1067 veniatur,
2311 1002 2645 1072 negotiorum
2702 1000 2989 1063 tumultus,
3036 1000 3216 1054 carnis
3262 999 3519 1062 insultus,

1985 1097 2284 1149 animarum
2326 1094 2518 1158 morbi,
2565 1094 2864 1147 daemonum
2894 1092 3122 1156 insidiae,
3153 1093 3313 1145 animi
3342 1092 3522 1161 segni-

1984 1185 2119 1251 ties;
2145 1186 2191 1239 si
2217 1186 2301 1241 bis
2320 1167 2571 1239 omnibus
2596 1184 2909 1247 liberemur,
2927 1184 3319 1254 quamprimum
3342 1184 3519 1253 ipsum

1984 1275 2338 1341 inveniemus,
2394 1274 2652 1329 malitiam
2690 1288 2970 1343 ponemus,
3011 1281 3065 1327 et
3112 1276 3361 1328 virtutem
3404 1258 3527 1327 am:

1981 1366 2335 1435 plcxabimur.
2371 1364 2494 1420 Haec
2524 1366 2721 1435 quippe
2748 1364 2836 1418 via
2863 1370 2946 1419 est
2974 1364 3065 1419 illo
3106 1365 3350 1419 tendens.
3380 1363 3520 1429 Quid

1979 1470 2109 1525 ergo
2130 1464 2212 1510 est
2268 1455 2359 1508 illa
2411 1442 2723 1524 inquisitio?
2760 1452 3070 1523 frequenter
3107 1454 3257 1507 illum
3283 1452 3520 1524 cogitare

1978 1553 2033 1602 et
2053 1546 2233 1601 animo
2259 1560 2478 1601 versare
2511 1564 2524 1600 :
2558 1559 2682 1599 nam
2726 1544 2818 1614 qui
2850 1546 3061 1614 quierit,
3112 1546 3168 1599 in
3200 1545 3315 1615 ipsa
3342 1549 3520 1599 mente

1979 1635 2122 1706 quod
2151 1636 2340 1706 quaerit
2380 1635 2558 1690 habet.

2050 1726 2279 1793 Quaerite
2300 1726 2576 1780 Dominum
2593 1736 2639 1779 et
2657 1724 3035 1795 conﬁrmamini
3059 1725 3307 1795 :quwrite
3330 1724 3519 1793 [aciem

1978 1818 2089 1885 ejus
2118 1832 2333 1885 semper.
2365 1814 2503 1882 Quid
2531 1823 2617 1872 est
2654 1816 2934 1871 Dominum
2984 1816 3265 1885 quaerere?
3298 1830 3417 1885 qua:
3450 1816 3515 1869 ad

1980 1908 2129 1962 illum
2150 1893 2422 1976 pertinent.
2440 1920 2647 1975 sapere,
2664 1904 2730 1960 de
2752 1905 2841 1959 illo
2864 1908 3076 1974 semper
3104 1904 3360 1974 cogitare,
3392 1920 3512 1959 eum

1979 1998 2033 2051 in
2060 2006 2236 2052 mente
2259 2012 2468 2066 semper
2490 2010 2722 2057 versare,
2753 2010 3025 2065 nunquam
3050 2010 3172 2049 cum
3194 2010 3258 2049 eo
3278 2010 3372 2063 per
3394 2009 3511 2049 01'8-

3523 978 3529 1021 ί

334 2080 599 2134 παύεσθαι
630 2082 913 2152 ὁμιλοῦντα
938 2085 1081 2155 αὑτῷ
1106 2086 1193 2139 διὰ
1218 2087 1315 2155 τῆς
1337 2086 1638 2157 προσευχῆς
1657 2088 1881 2149 καὶτῶν
1979 2086 2039 2139 tit

1805 2088 1881 2141 κῶν
1979 2086 2177 2141 tionem
2197 2094 2252 2139 et
2268 2086 2406 2139 bona
2433 2099 2593 2155 opera
2624 2084 2978 2141 conversandi
3004 2084 3163 2139 ﬁnem
3191 2083 3385 2139 facere.
3411 2084 3510 2150 Qui

334 2170 551 2238 ἀγαθῶν
582 2172 846 2242 πράξεων.
895 2176 1122 2246 ΙἈμαχοι
1153 2176 1209 2230 δὲ
1242 2179 1291 2229 οῖ
1348 2176 1631 2247 ζητοῦντες
1674 2178 1879 2232 ἔσονται
1978 2190 2039 2228 au

1787 2195 1879 2231 νται
1978 2183 2154 2229 autem
2209 2175 2383 2243 ipsum
2430 2174 2727 2243 inquirunt,
2769 2173 2951 2228 invicti
3015 2180 3069 2227 et
3122 2172 3492 2241 insuperabile-

337 2262 428 2313 καὶ
456 2261 727 2331 ἀήττητοι.
762 2264 1124 2335 Παρορμήσας
1158 2265 1336 2336 μέντοι
1377 2266 1589 2335 ὀ,λόγος
1623 2270 1747 2330 τοὺς
1774 2267 1878 2320 τῶν
1975 2252 2042 2317 ei'I

1800 2267 1878 2320 ’ὦν
1975 2252 2151 2317 erunt.
2187 2262 2320 2317 Cum
2370 2262 2531 2331 igitur
2575 2277 2752 2317 sermo
2802 2263 3037 2331 gentium
3077 2276 3348 2331 praecones
3379 2262 3505 2317 inci-

334 2352 503 2405 ὲθνῶν
535 2356 775 2424 κήρυκας
809 2358 899 2409 ἐπὶ
924 2357 984 2410 τὸ
1018 2357 1305 2429 προθύμως
1330 2359 1621 2430 ὲκζητῆσαι
1657 2360 1743 2412 τὸν
1764 2358 1878 2411 Κύ-
1975 2359 2039 2405 ῑδῑ

1803 2358 1878 2411 ιύ-
1975 2359 2143 2407 tasset
2173 2363 2231 2406 ut
2256 2351 2538 2407 Dominum
2576 2353 2827 2421 alacriter
2848 2354 3211 2424 exquirerent,
3237 2367 3382 2407 nunc
3407 2367 3508 2407 ma-

336 2459 468 2513 ριον,
492 2444 570 2496 ἔτι
590 2445 783 2514 μᾶλλον
805 2448 995 2511 αὑτοὺς
1006 2440 1363 2520 ἐπιρρώννυσι
1390 2449 1579 2517 λέγων,
1599 2448 1878 2517 Κραταιώ-
1975 2444 2041 2513 git

1796 2448 1878 2500 ιώ-
1975 2444 2055 2513 gis
2094 2444 2368 2513 magisque
2397 2444 2675 2498 conﬁrmat
2702 2444 2821 2499 illos
2843 2443 3064 2499 dicens:
3093 2442 3498 2513 Couﬁrmamini

336 2534 493 2597 θητε,
521 2535 781 2598 τουτέστι,
827 2535 919 2607 Μὴ
946 2536 1233 2604 χαυνοῦσθε
1272 2538 1351 2598 είς
1381 2536 1441 2589 τὸ
1490 2537 1670 2605 ζητεῖν
1696 2536 1873 2590 αὑτόν.
1975 2532 2028 2587 id

1798 2536 1873 2590 όν.
1975 2532 2028 2587 id
2060 2540 2163 2595 est,
2184 2532 2263 2587 Ne
2289 2534 2521 2587 molliter
2548 2534 2601 2588 in
2632 2534 2721 2587 illo
2750 2535 3036 2603 quaerendo
3064 2534 3259 2605 agatis.
3296 2532 3385 2588 Sic
3413 2547 3503 2586 au-

334 2620 502 2677 Τοῦτο
551 2624 607 2676 δὲ
645 2630 950 2699 προσφωνεῖ
994 2627 1192 2689 αὑτοῖς,
1243 2628 1317 2689 ὡς
1351 2612 1619 2697 δεομένοις
1647 2626 1873 2697 κράτους
1972 2630 2039 2678 te:

1787 2644 1873 2692 ους
1972 2630 2079 2678 tem
2112 2623 2259 2693 ipsos
2288 2624 2598 2694 alloquitur,
2630 2632 2689 2678 ut
2718 2625 2913 2679 robore
2934 2638 2997 2679 ac
3037 2624 3235 2679 virtute
3267 2622 3492 2693 indigen-

334 2712 428 2765 καὶ
480 2714 753 2784 δυνάμεως
802 2716 880 2777 είς
932 2715 990 2766 τὸ
1040 2714 1249 2784 ίσχῦσαι
1300 2714 1361 2767 τὸ
1416 2714 1875 2785 προστεταγμένον
1972 2721 2039 2770 te!

1802 2731 1875 2768 ιον
1972 2721 2075 2779 tes,
2108 2729 2214 2783 quo
2245 2714 2364 2769 illos
2402 2714 2466 2769 ad
2508 2715 2739 2784 jussum‘
2771 2714 3133 2784 peragendum
3174 2714 3455 2768 conﬁrmet
3495 2731 3507 2765 :

335 2801 571 2872 ποιῆσαι·
602 2804 738 2874 ὅπερ
766 2800 832 2873 ἦν
858 2804 916 2855 τὸ
951 2802 1123 2855 ἔθνεσι
1150 2801 1399 2873 κηρύξαι,
1436 2802 1656 2873 Ἕλλησί
1688 2819 1748 2856 τε
1780 2804 1873 2857 καὶ
1970 2820 2040 2860 er:

1807 2804 1873 2856 :at
1970 2814 2087 2860 erat
2111 2819 2272 2876 porro
2299 2804 2451 2869 illud,
2480 2812 2535 2861 ut
2565 2805 2812 2875 gentibus
2835 2806 3206 2875 praedicarant,
3232 2802 3435 2859 Graacis
3456 2814 3512 2859 et

333 2890 643 2963 βαρϐάροις,
671 2894 808 2947 κατὰ
839 2895 917 2953 τὸ.
953 2896 1163 2960 Κύριος
1176 2894 1348 2947 δώσει
1377 2892 1540 2963 ῥῆμα
1562 2892 1683 2959 τοῖς
1712 2895 1876 2959 eilar-
1970 2894 2035 2949 ba

1783 2910 1876 2959 ar-
1970 2894 2235 2959 barbaris,
2282 2894 2574 2949 secundum
2612 2895 2743 2949 illud
2778 2910 2791 2947 :
2834 2894 3085 2949 Dominus
3128 2893 3273 2948 dabit
3299 2894 3488 2950 mbun

330 2981 717 3050 τελιζομένοις
747 2983 985 3051 δυνάμει
1016 2982 1231 3051 πολλῇ.
1272 2984 1540 3037 Διδάσκων
1565 2982 1620 3035 δὲ
1647 2982 1760 3046 πῶς
1795 2982 1875 3035 δεῖ
1967 3001 2035 3039 ενι

1801 2982 1875 3035 δεῖ
1967 2986 2433 3055 ευαηθείὶιαηιὶὸω
2450 2988 2637 3041 virtute
2665 2988 2831 3041 multa
2850 2987 2915 3041 ⁸⁸.
2932 2986 3200 3057 Docetque
3222 3002 3330 3057 quo
3346 2995 3506 3057 pacto

328 3071 390 3124 τὸ
412 3070 588 3144 ζητεῖν
615 3079 804 3141 ποιεῖν,
827 3076 918 3129 καὶ
952 3076 1031 3128 ὅτι
1052 3074 1148 3146 οὑχ
1180 3075 1324 3139 ἅπαξ
1358 3074 1389 3145 ἢ
1417 3075 1516 3136 δίς,
1559 3073 1691 3126 ἀλλὰ
1722 3072 1872 3143 παρὰ
1968 3092 2033 3147 qu

1797 3072 1872 3143 ph
1968 3091 2206 3147 quaerere
2235 3076 2384 3129 illum
2419 3085 2684 3147 oporteat,
2730 3088 2782 3134 et
2807 3078 2951 3149 quod
2976 3077 3260 3135 nonsemel
3280 3086 3371 3132 aut
3398 3066 3502 3141 bis,

328 3162 503 3217 πάντα
526 3165 615 3217 τὸν
639 3164 749 3234 βίον
774 3166 872 3236 τὴν
896 3164 1097 3229 ἀνωθεν
1133 3164 1442 3234 ἐπικουρίαν
1481 3164 1739 3235 προσήκει
1770 3163 1869 3233 ζη-
1968 3184 2033 3224 κε

1777 3163 1869 3233 ξη-
1968 3167 2062 3224 sed
2086 3183 2181 3238 per
2211 3176 2377 3223 totam
2398 3170 2586 3235 vitam,
2615 3184 2908 3241 supernum
2941 3169 3199 3226 auxilium
3222 3168 3482 3239 exquireru

327 3254 439 3305 τεῖν
464 3254 556 3307 καὶ
584 3255 679 3327 τὴν
714 3254 969 3323 ὠφέλειαν
1014 3248 1369 3323 καρποῦσθαι,
1396 3254 1657 3324 ἐπήγαγε·
1683 3253 1867 3321 Ζητή-
1892 3283 1936 3342 c
1967 3273 2032 3329 op

1788 3253 1867 3321 τή-
1892 3283 1936 3342 c
1967 3273 2103 3329 opus
2134 3258 2226 3325 sit,
2283 3267 2443 3329 atque
2483 3261 2611 3317 hinc
2655 3262 2938 3317 utilitatem
2974 3275 3185 3332 capere.
3225 3258 3493 3316 Subsumi.

326 3355 473 3399 σατε
518 3343 585 3397 τὸ
617 3345 933 3413 πρόσωπον
980 3344 1160 3399 αὐτοῦ
1202 3344 1539 3410 διαπαντός·
1573 3344 1633 3396 οὑ
1689 3343 1866 3415 τρίτον
1965 3349 2031 3405 de

1799 3360 1866 3398 :ov
1965 3348 2157 3405 deinde
2181 3367 2195 3403 :
2221 3347 2451 3415 Quwrite
2484 3350 2669 3419 faciem
2697 3352 2808 3419 ejus
2835 3366 3047 3419 semper.
3068 3349 3185 3407 Non
3218 3364 3301 3406 ter
3327 3352 3383 3406 in
3408 3365 3477 3406 an
3502 3386 3504 3389 -

325 3430 418 3483 τοῦ
443 3433 706 3499 ἐνιαυτοῦ,
732 3434 870 3493 κατὰ
904 3434 993 3489 τὸν
1020 3435 1123 3490 ὑπὸ
1154 3436 1424 3499 Μωῦσέως
1454 3434 1669 3488 δοθέντα
1707 3434 1867 3506 νόμον
1965 3452 2030 3493 n0

1798 3452 1867 3489 ιον
1965 3452 2057 3504 no,
2080 3444 2139 3493 ut
2168 3439 2222 3493 in
2252 3439 2366 3509 lege
2384 3438 2582 3512 Moysis
2611 3438 2984 3514 ferebatur,.in
3010 3449 3360 3511 conspectum
3384 3440 3503 3511 ejus

326 3522 551 3589 ἐνώπιον
578 3524 740 3579 αὑτοῦ
764 3526 1088 3595 φαινόμενοι,
1108 3525 1240 3579 ἀλλά
1264 3525 1411 3595 παρὰ
1432 3524 1604 3579 πάντα
1617 3525 1706 3578 τὸν
1734 3524 1862 3595 βίον.

326 3614 615 3684 Πρόσωπον
641 3617 696 3669 δὲ
712 3614 938 3668 ἐνταῦθα
966 3617 1065 3685 τὴν
1084 3615 1395 3683 ἐπιφάνειαν
1421 3614 1581 3668 αὑτοῦ
1602 3616 1751 3686 φησὶ,
1769 3615 1866 3686 τὴν

325 3700 639 3770 ἐπισκοπὴν,
668 3699 763 3772 τὴν
795 3700 1063 3770 πρόνοιαν,
1104 3698 1201 3771 τήν
1230 3700 1567 3773 κηδεμονίαν,
1600 3703 1695 3773 τὴν
1740 3703 1865 3775 βοή-

324 3786 492 3851 θειαν,
518 3787 614 3857 τὴν
637 3788 966 3859 συμμαχίαν,
988 3790 1086 3861 τὴν
1105 3790 1316 3845 ἔννοιαν
1332 3792 1429 3864 τὴν
1451 3794 1575 3866 περὶ
1594 3793 1770 3847 αὐτόν.
1795 3793 1867 3847 Τὸ

324 3878 429 3948 γάρ
459 3878 554 3948 τῆς
574 3878 758 3943 οὑσίας
796 3881 1079 3951 πρόσωπον
1097 3882 1265 3945 οὐδεὶς
1287 3881 1472 3952 ὄψεται
1497 3884 1587 3937 καὶ
1626 3883 1863 3955 ζήσεται.

325 3969 616 4039 Πρόσωπον
643 3969 699 4023 δὲ
726 3969 888 4025 αὑτοῦ
921 3972 1015 4025 καὶ
1040 3974 1070 4026 δ
1097 3972 1243 4036 Υἱός.

390 4056 703 4125 Μνήσθητε
742 4059 856 4113 τῶν
885 4062 1226 4130 θαυμασίων
1265 4060 1450 4115 αὐτοῦ
1486 4055 1571 4115 ὧν
1596 4061 1861 4132 ἐποίησε,

322 4146 395 4209 τὰ
423 4146 632 4213 τέρατα
656 4149 842 4203 αὐτοῦ
880 4150 978 4207 καὶ
1024 4150 1097 4204 τὰ
1135 4151 1382 4220 κρίματα
1422 4151 1528 4205 τοῦ
1573 4154 1864 4221 στόματος

322 4236 537 4290 αὐτοῦ·
571 4239 677 4291 εἴτε
715 4238 822 4293 τῶν
853 4240 911 4293 ὲν
942 4244 1007 4311 τῇ
1041 4241 1255 4313 Παλαιᾷ
1281 4241 1491 4313 Γραφῇ,
1520 4242 1627 4295 εἴτε
1662 4242 1769 4297 τῶν
1806 4246 1863 4298 ἐν

323 4328 434 4390 τοῖς
472 4326 837 4396 Εὑαγγελίοις.
869 4328 1051 4383 Ταῦτα
1079 4331 1183 4403 γὰρ
1212 4332 1390 4403 δεήσει
1424 4333 1565 4401 ὑμᾶς
1598 4334 1721 4397 τοὺς
1756 4334 1862 4388 τῶν

324 4416 490 4483 ἐθνῶν
515 4418 758 4489 κήρυκας
794 4421 873 4485 είς
913 4421 1087 4476 πάντα
1129 4422 1195 4478 τὰ
1234 4422 1359 4493 ἔθνη
1399 4421 1697 4477 διαδοῦναι’
1745 4426 1863 4477 ἐπεὶ

326 4508 400 4590 μὴ
440 4507 696 4589 πρότερον
735 4509 870 4563 αὑτά
909 4511 1058 4583 παρά
1094 4528 1235 4577 τινος
1278 4512 1434 4569 άλλου
1467 4514 1856 4587 μεμαθήκασιν.

1967 3530 2269 3596 venientes,
2310 3529 2404 3584 sed
2431 3546 2526 3601 per
2561 3538 2727 3586 totam
2754 3531 2935 3592 vitam.
2984 3528 3198 3587 Faciem
3242 3546 3373 3587 vero
3416 3531 3505 3587 hic

1963 3628 2118 3675 vocat
2145 3620 2264 3691 ejus
2318 3620 2627 3685 adventum,
2670 3620 3053 3687 visitationem,
3088 3618 3476 3691 providentiam

1963 3724 2169 3777 curam,
2196 3711 2473 3776 auxilium,
2492 3712 2881 3781 commilitium,
2894 3711 3347 3779 benevolentiam.
3369 3710 3493 3766 Nan

1964 3802 2276 3858 substantiae
2297 3804 2415 3874 ejus
2442 3802 2631 3869 faciem
2657 3816 2816 3867 nemo
2840 3802 3043 3859 videbit
3062 3810 3116 3859 et
3139 3802 3297 3858 vivet.
3314 3800 3504 3859 Facies

1962 3892 2089 3948 item
2116 3894 2234 3964 ejus
2259 3902 2343 3951 est
2378 3892 2566 3961 Eilius.

2039 4065 2203 4135 Vens.
2256 4069 2308 4123 5.
2346 4067 2652 4133 Mementote
2688 4069 3008 4129 mirabilius»
3050 4073 3162 4143 ejus
3206 4087 3323 4143 qua
3360 4072 3500 4141 fecit,

1959 4158 2196 4230 prodigia
2236 4159 2350 4229 ejus
2390 4168 2440 4215 et
2476 4159 2683 4228 judicia
2711 4162 2818 4215 oris
2864 4161 3152 4226 eius;sive
3172 4162 3261 4217 illa
3295 4175 3414 4230 quae
3445 4160 3499 4214 in

1962 4247 2138 4304 Veteri
2174 4250 2475 4326 Scriptura,
2499 4252 2613 4308 sive
2638 4252 2729 4308 illa
2745 4268 2863 4325 qua
2882 4255 2937 4309 in
2966 4251 3270 4323 Evangeliis
3300 4266 3502 4307 memo-

1910 4379 1917 4391 .
1960 4349 2167 4405 rantur.
2206 4338 2331 4405 Haec
2347 4341 2491 4405 enim
2514 4358 2650 4418 opus
2678 4344 2782 4399 erit
2822 4358 2919 4400 vos
2956 4342 3195 4415 gentium
3227 4356 3501 4411 praecones

1961 4430 2211 4489 omnibus
2258 4432 2505 4501 gentibus
2549 4434 2793 4501 tradere;
2827 4432 3042 4503 quando
3090 4431 3197 4493 illa:
3239 4446 3303 4487 ea
3339 4446 3371 4484 a
3406 4446 3503 4486 ne-

1961 4522 2104 4578 mine
2149 4525 2375 4587 antebac
2409 4526 2763 4586 edidicerunt.
2818 4525 3157 4595 Qmunque
3208 4525 3369 4595 igitur
3405 4522 3502 4580 Dei

324 4597 463 4651 Ὅσα
490 4599 665 4663 τοίνυν
706 4600 1124 4687 ὲνανθρωπήσας
1147 4604 1176 4658 ὁ
1204 4605 1371 4673 Λόγος
1405 4604 1724 4676 διεπράξατο
1752 4608 1861 4668 τοῖς
1890 4615 1935 4671 n
1962 4608 2029 4665 Ve

1793 4608 1861 4668 οἷς
1890 4615 1935 4671 ι)
1962 4608 2195 4666 Verbum
2211 4612 2545 4679 incarnatum
2562 4614 2785 4685 peregit,
2801 4628 2922 4668 cum
2935 4612 3169 4685 antiquis
3188 4612 3498 4683 conjuncta,

321 4688 570 4751 παλαιοῖς
616 4689 748 4759 ὁμοῦ
802 4690 1159 4761 συνάψαντες,
1214 4695 1483 4766 μνήσθητε
1533 4694 1860 4766 παραδοῦναι

320 4778 432 4840 τοῖς
474 4777 698 4833 ἔθνεσιν.
741 4781 1015 4849 Ἐνταῦθα·
1044 4802 1133 4858 μοι
1157 4784 1302 4837 δοκεῖ
1323 4785 1419 4858 τὴν
1447 4786 1561 4838 ὁδὸν
1596 4786 1860 4852 δεικνύναι

320 4866 388 4926 δι’
417 4860 485 4938 ἧς
513 4867 729 4922 δυνατὸν
753 4872 847 4936 καὶ
878 4872 1055 4943 ζητεῖν
1078 4876 1171 4929 καὶ
1198 4876 1374 4947 εὑρεῖν
1404 4876 1493 4929 τὸν
1520 4875 1667 4931 Θεόν.
1694 4876 1788 4939 Τίς
1804 4876 1861 4936 δὲ

324 4960 355 5029 ή
383 4957 525 5025 ὀδός;
547 4960 608 5011 τὸ
632 4959 887 5029 διηνεκῶς
918 4964 1008 5016 ἐπὶ
1032 4966 1249 5038 μννήμης
1274 4968 1454 5039 φέρειν
1478 4967 1547 5020 τά
1586 4969 1861 5039 παράδοξα

328 5049 482 5107 αὑτοῦ
525 5049 679 5121 ἔργα,
719 5051 811 5113 καὶ
855 5052 979 5115 τοὺς
1011 5052 1203 5123 νόμους
1246 5056 1338 5110 καὶ¹
1385 5058 1480 5121 τὰς
1506 5058 1748 5129 ἐντολάς·
1781 5060 1859 5114 διὸ

340 5140 531 5209 πάγει,
566 5142 641 5195 Τὰ
663 5140 871 5208 τέρατα
899 5142 1082 5196 αὐτοῦ
1108 5144 1205 5198 καί
1229 5144 1300 5199 τὰ
1326 5147 1574 5215 κρίματα
1597 5149 1699 5203 τοῦ
1722 5153 1861 5209 στό-

322 5245 499 5295 .tatoc
538 5231 752 5285 αὐτοῦ’
799 5233 993 5309 τέρατα
1040 5235 1136 5305 μὲν
1177 5234 1275 5299 τὰς
1318 5236 1636 5309 θεοσημείας
1667 5240 1857 5309 λέγων,

342 5318 633 5390 ςρίματαδὲ
671 5322 769 5387 τὰς
806 5323 1124 5393 ἀποφάσεις,
1154 5325 1252 5389 τὰς
1302 5326 1537 5392 εντολάς,
1565 5328 1599 5399 ἢ
1630 5328 1698 5382 τὰ
1726 5332 1858 5384 ινδι-

343 5424 430 5469 ιως
464 5408 559 5461 καὶ
596 5411 769 5482 κρίσει
810 5412 991 5485 δικαίᾳ
1045 5414 1149 5469 ὑπὸ
1198 5413 1291 5469 τοῦ
1339 5414 1472 5469 Θεοῦ
1523 5419 1857 5491 γεγενημένα

331 5493 589 5565 Δαύματα.
619 5501 751 5554 Ποῖα
770 5500 827 5554 δὲ
854 5501 1073 5572 τέρατα,
1102 5504 1222 5559 εἰπέ
1246 5522 1363 5576 μοι;
1387 5505 1465 5559 Τὰ
1484 5507 1541 5559 ἑν
1581 5507 1851 5579 Αἰγύπτῳ,

326 5585 388 5639 τὰ
434 5586 570 5656 μετά
602 5589 701 5660 τὴν
748 5593 1035 5660 Αἴγυπτον,
1073 5595 1141 5649 τὰ
1190 5597 1295 5668 πρὸ
1334 5597 1432 5669 τῆς
1474 5596 1763 5667 Αἰγύπτου,
1788 5601 1857 5653 τά

326 5675 461 5745 μετὰ
489 5676 587 5748 τὴν
627 5682 923 5751 παρουσίαν
959 5684 1053 5756 τήν
1099 5687 1277 5744 αὑτοῦ.
1316 5689 1497 5745 Πάντα
1539 5690 1646 5762 γὰρ
1685 5690 1855 5747 ταῦτα

390 5856 439 5900 ιδ
458 5856 610 5951 Rsal.
646 5876 816 5925 mu.
850 5864 932 5919 12.

1959 4704 2207 4774 gentibus
2224 4705 2436 4765 tradere
2458 4704 2825 4761 memineritis.
2844 4704 2943 4759 Hic
2962 4705 3179 4765 videtur,
3196 4704 3329 4758 mihi
3356 4704 3500 4758 viam

1958 4790 2241 4846 ostendere
2269 4806 2372 4860 qua
2402 4792 2673 4861 possimus
2704 4791 2874 4847 Deum
2902 4808 3141 4863 quaerere
3162 4802 3214 4848 et
3236 4793 3495 4848 invenire.

1958 4879 2209 4952 Quaenam
2227 4865 2463 4934 illalvia?
2485 4879 2829 4961 Perpetuoin
2857 4884 3134 4948 memoria.
3154 4885 3367 4939 volvere
3388 4882 3495 4935 mi-

1958 4974 2146 5029 rabilia
2192 4972 2309 5043 ejus
2354 4986 2515 5042 opera
2540 5013 2555 5039 ,
2589 4974 2733 5046 leges
2765 4983 2820 5031 et
2841 4984 3104 5047 pracepta
3130 4992 3142 5028 :
3173 4988 3339 5045 quare
3364 4973 3485 5029 sub.

1956 5063 2056 5127 dit,
2087 5062 2335 5131 Prodigia
2356 5062 2469 5131 ejus
2498 5072 2545 5116 ει
2566 5064 2761 5125 iudicia
2789 5067 2894 5121 oris
2934 5067 3067 5136 ejus.
3099 5064 3350 5134 Prodigia
3383 5064 3491 5135 qui-

1957 5153 2077 5215 dem
2115 5152 2296 5207 divina
2347 5153 2499 5223 signa
2548 5154 2764 5223 dicens;
2791 5156 2992 5227 judicia
3020 5170 3168 5217 vero,
3195 5154 3410 5211 decreta
3442 5167 3498 5212 et

1956 5256 2238 5314 praecepta,
2263 5244 2375 5300 sive
2402 5260 2487 5311 ea,
2528 5262 2647 5317 quae
2672 5246 2740 5301 ad
2770 5248 3023 5303 ultionem
3052 5247 3202 5315 justo
3237 5246 3442 5317 judicio
3463 5262 3495 5300 ε

1956 5335 2064 5389 Deo
2090 5342 2294 5403 patrata
2317 5343 2463 5400 sunt,
2487 5337 2769 5393 mirabilia.
2790 5339 2916 5402 Quae
2932 5334 3196 5406 prodigia,
3222 5337 3309 5391 dic
3327 5336 3495 5391 mihi?

1954 5425 2081 5490 Quae
2130 5426 2183 5479 in
2213 5424 2463 5498 Egypto,
2499 5442 2619 5498 qua
2670 5435 2795 5483 ante
2837 5436 2891 5481 et
2927 5434 3048 5495 post
3090 5426 3387 5495 profectum
3436 5427 3493 5485 in

1956 5516 2263 5587 Egyptum,
2297 5535 2417 5589 quae
2463 5527 2586 5589 post
2634 5520 2917 5575 adventum
2958 5519 3097 5589 ejus.
3131 5518 3255 5573 Haec
3294 5519 3493 5587 quippe

1914 5650 1917 5655 .
1954 5608 2133 5663 omnia
2159 5608 2472 5666 admiranda
2501 5618 2555 5666 et
2586 5612 2845 5681 stupenda
2871 5625 3033 5680 opera
3064 5616 3211 5672 sunt,
3234 5624 3353 5679 qua:
3390 5609 3489 5663 liu-

1952 5712 2170 5773 manum
2230 5708 2445 5779 captum
2498 5694 2772 5772 superant.
2833 5700 2955 5759 Sive
2976 5699 3216 5772 prodigia
3249 5698 3511 5775 quidem,‘
