  <div class='ocr_page' id='page_1' title='image "/cluster/home/n/w/nwhite01/storage/ocr_20150623/23/coo.31924054873041/669.png"; bbox 0 0 4318 6402; ppageno 0'>
   <div class='ocr_carea' id='block_1_1' title="bbox 820 471 958 527">
    <p class='ocr_par' dir='ltr' id='par_1_1' title="bbox 820 471 958 527">
     <span class='ocr_line' id='line_1_1' title="bbox 820 471 958 527; baseline -0.022 0"><span class='ocrx_word' id='word_1_1' title='bbox 820 471 847 527; x_wconf 72' lang='grc' dir='ltr'><strong>ι</strong></span> <span class='ocrx_word' id='word_1_2' title='bbox 857 471 958 524; x_wconf 79' lang='grc'><strong>505</strong></span> 
     </span>
    </p>
   </div>
   <div class='ocr_carea' id='block_1_2' title="bbox 1425 455 3247 529">
    <p class='ocr_par' dir='ltr' id='par_1_2' title="bbox 1425 455 3247 529">
     <span class='ocr_line' id='line_1_2' title="bbox 1425 455 3247 529; baseline 0.002 -3"><span class='ocrx_word' id='word_1_3' title='bbox 1425 470 1687 526; x_wconf 87' lang='lat' dir='ltr'><strong>EUSEBII</strong></span> <span class='ocrx_word' id='word_1_4' title='bbox 1718 455 2182 527; x_wconf 64' lang='lat' dir='ltr'><strong>CESAIUENSIS</strong></span> <span class='ocrx_word' id='word_1_5' title='bbox 2220 473 2365 527; x_wconf 84' lang='lat' dir='ltr'><strong>OPP.</strong></span> <span class='ocrx_word' id='word_1_6' title='bbox 2408 473 2584 527; x_wconf 76' lang='lat' dir='ltr'><strong>PARS</strong></span> <span class='ocrx_word' id='word_1_7' title='bbox 2624 475 2708 527; x_wconf 76' lang='grc' dir='ltr'><strong>ΠΙ.</strong></span> <span class='ocrx_word' id='word_1_8' title='bbox 2748 505 2815 514; x_wconf 89' lang='grc'><strong><em>-</em></strong></span> <span class='ocrx_word' id='word_1_9' title='bbox 2853 473 3247 529; x_wconf 76' lang='lat' dir='ltr'><strong>EXEGETICA.</strong></span> 
     </span>
    </p>
   </div>
   <div class='ocr_carea' id='block_1_3' title="bbox 3809 425 3972 535">
    <p class='ocr_par' dir='ltr' id='par_1_3' title="bbox 3809 425 3972 535">
     <span class='ocr_line' id='line_1_3' title="bbox 3809 425 3972 535; baseline -0.018 -10"><span class='ocrx_word' id='word_1_10' title='bbox 3809 425 3972 535; x_wconf 63' lang='lat' dir='ltr'><strong>isset</strong></span> 
     </span>
    </p>
   </div>
   <div class='ocr_carea' id='block_1_4' title="bbox 816 589 2521 665">
    <p class='ocr_par' dir='ltr' id='par_1_4' title="bbox 816 589 2521 663">
     <span class='ocr_line' id='line_1_4' title="bbox 816 589 2521 663; baseline 0.004 -22"><span class='ocrx_word' id='word_1_11' title='bbox 816 589 962 645; x_wconf 83' lang='lat' dir='ltr'><strong>edita</strong></span> <span class='ocrx_word' id='word_1_12' title='bbox 1019 589 1292 651; x_wconf 87' lang='lat' dir='ltr'><strong>miracula,</strong></span> <span class='ocrx_word' id='word_1_13' title='bbox 1322 598 1378 642; x_wconf 89' lang='lat' dir='ltr'><strong>ut</strong></span> <span class='ocrx_word' id='word_1_14' title='bbox 1409 592 1679 647; x_wconf 87' lang='lat' dir='ltr'><strong>ambulare</strong></span> <span class='ocrx_word' id='word_1_15' title='bbox 1703 608 1864 663; x_wconf 85' lang='lat' dir='ltr'><strong>supra</strong></span> <span class='ocrx_word' id='word_1_16' title='bbox 1907 609 2073 656; x_wconf 89' lang='lat' dir='ltr'><strong>mare,</strong></span> <span class='ocrx_word' id='word_1_17' title='bbox 2107 603 2346 650; x_wconf 90' lang='lat' dir='ltr'><strong>mortuos</strong></span> <span class='ocrx_word' id='word_1_18' title='bbox 2374 608 2419 658; x_wconf 76' lang='grc' dir='ltr'>Α</span> <span class='ocrx_word' id='word_1_19' title='bbox 2447 595 2521 648; x_wconf 63' lang='grc' dir='ltr'>θαε</span> 
     </span>
    </p>
   </div>
   <div class='ocr_carea' id='block_1_5' title="bbox 2266 589 3971 665">
    <p class='ocr_par' dir='ltr' id='par_1_5' title="bbox 2266 589 3971 665">
     <span class='ocr_line' id='line_1_5' title="bbox 2266 589 3971 665; baseline -0.004 -18"><span class='ocrx_word' id='word_1_20' title='bbox 2266 610 2346 650; x_wconf 86' lang='lat' dir='ltr'><strong>IOS</strong></span> <span class='ocrx_word' id='word_1_21' title='bbox 2374 608 2419 658; x_wconf 78' lang='grc' dir='ltr'>Α</span> <span class='ocrx_word' id='word_1_22' title='bbox 2447 595 2729 664; x_wconf 77' lang='grc' dir='ltr'><strong>Θαυμαστὰ</strong></span> <span class='ocrx_word' id='word_1_23' title='bbox 2761 597 2851 648; x_wconf 75' lang='grc' dir='ltr'>καὶ</span> <span class='ocrx_word' id='word_1_24' title='bbox 2893 594 3160 665; x_wconf 80' lang='grc' dir='ltr'>παράδοξα</span> <span class='ocrx_word' id='word_1_25' title='bbox 3189 593 3497 664; x_wconf 85' lang='grc' dir='ltr'>πράγματα,</span> <span class='ocrx_word' id='word_1_26' title='bbox 3545 592 3635 642; x_wconf 77' lang='grc' dir='ltr'>καὶ</span> <span class='ocrx_word' id='word_1_27' title='bbox 3663 589 3971 642; x_wconf 78' lang='grc' dir='ltr'><strong>ἀκολουθίαν</strong></span> 
     </span>
    </p>
   </div>
   <div class='ocr_carea' id='block_1_6' title="bbox 820 679 2346 752">
    <p class='ocr_par' dir='ltr' id='par_1_6' title="bbox 820 679 2346 752">
     <span class='ocr_line' id='line_1_6' title="bbox 820 679 2346 752; baseline 0.004 -18"><span class='ocrx_word' id='word_1_28' title='bbox 820 679 1102 742; x_wconf 84' lang='lat' dir='ltr'><strong>suscitare,</strong></span> <span class='ocrx_word' id='word_1_29' title='bbox 1130 690 1180 734; x_wconf 91' lang='lat' dir='ltr'><strong>et</strong></span> <span class='ocrx_word' id='word_1_30' title='bbox 1208 681 1402 734; x_wconf 81' lang='lat' dir='ltr'><strong>similia</strong></span> <span class='ocrx_word' id='word_1_31' title='bbox 1428 699 1441 746; x_wconf 88' lang='lat'>;</span> <span class='ocrx_word' id='word_1_32' title='bbox 1467 682 1669 749; x_wconf 88' lang='lat' dir='ltr'><strong>judicia</strong></span> <span class='ocrx_word' id='word_1_33' title='bbox 1691 692 1867 737; x_wconf 89' lang='lat' dir='ltr'><strong>autem</strong></span> <span class='ocrx_word' id='word_1_34' title='bbox 1882 685 1992 738; x_wconf 91' lang='lat' dir='ltr'><strong>oris</strong></span> <span class='ocrx_word' id='word_1_35' title='bbox 2014 684 2152 752; x_wconf 87' lang='lat' dir='ltr'><strong>ejus,</strong></span> <span class='ocrx_word' id='word_1_36' title='bbox 2186 685 2346 740; x_wconf 86' lang='lat' dir='ltr'><strong>verba</strong></span> 
     </span>
    </p>
   </div>
   <div class='ocr_carea' id='block_1_7' title="bbox 822 770 2347 839">
    <p class='ocr_par' dir='ltr' id='par_1_7' title="bbox 822 770 2347 839">
     <span class='ocr_line' id='line_1_7' title="bbox 822 770 2347 839; baseline 0.006 -18"><span class='ocrx_word' id='word_1_37' title='bbox 822 784 938 837; x_wconf 70' lang='lat' dir='ltr'><strong>quae</strong></span> <span class='ocrx_word' id='word_1_38' title='bbox 962 770 1323 839; x_wconf 58' lang='lat' dir='ltr'><strong>dicebas-cum</strong></span> <span class='ocrx_word' id='word_1_39' title='bbox 1374 771 1609 839; x_wconf 91' lang='lat' dir='ltr'><strong>impuros</strong></span> <span class='ocrx_word' id='word_1_40' title='bbox 1639 773 1906 828; x_wconf 63' lang='lat' dir='ltr'><strong>daemones</strong></span> <span class='ocrx_word' id='word_1_41' title='bbox 1932 789 1995 827; x_wconf 79' lang='lat' dir='ltr'><strong>ex</strong></span> <span class='ocrx_word' id='word_1_42' title='bbox 2043 774 2347 830; x_wconf 89' lang='lat' dir='ltr'><strong>hominibus</strong></span> 
     </span>
    </p>
   </div>
   <div class='ocr_carea' id='block_1_8' title="bbox 821 861 2348 935">
    <p class='ocr_par' dir='ltr' id='par_1_8' title="bbox 821 861 2348 935">
     <span class='ocr_line' id='line_1_8' title="bbox 821 861 2348 935; baseline 0.005 -23"><span class='ocrx_word' id='word_1_43' title='bbox 821 861 1063 931; x_wconf 77' lang='lat' dir='ltr'><strong>pelleret;</strong></span> <span class='ocrx_word' id='word_1_44' title='bbox 1086 869 1168 914; x_wconf 91' lang='lat' dir='ltr'><strong>vel</strong></span> <span class='ocrx_word' id='word_1_45' title='bbox 1196 869 1454 930; x_wconf 71' lang='lat' dir='ltr'><strong>praecepta</strong></span> <span class='ocrx_word' id='word_1_46' title='bbox 1482 861 1611 916; x_wconf 86' lang='lat' dir='ltr'><strong>Novi</strong></span> <span class='ocrx_word' id='word_1_47' title='bbox 1646 863 1989 919; x_wconf 90' lang='lat' dir='ltr'><strong>Testamenti.</strong></span> <span class='ocrx_word' id='word_1_48' title='bbox 2031 863 2140 919; x_wconf 80' lang='lat' dir='ltr'><strong>lino</strong></span> <span class='ocrx_word' id='word_1_49' title='bbox 2171 867 2348 935; x_wconf 88' lang='lat' dir='ltr'><strong>potius</strong></span> 
     </span>
    </p>
   </div>
   <div class='ocr_carea' id='block_1_9' title="bbox 823 951 2350 1024">
    <p class='ocr_par' dir='ltr' id='par_1_9' title="bbox 823 951 2350 1024">
     <span class='ocr_line' id='line_1_9' title="bbox 823 951 2350 1024; baseline 0.005 -21"><span class='ocrx_word' id='word_1_50' title='bbox 823 952 923 1004; x_wconf 86' lang='lat' dir='ltr'><strong>hoc</strong></span> <span class='ocrx_word' id='word_1_51' title='bbox 966 951 1082 1005; x_wconf 92' lang='lat' dir='ltr'><strong>loco</strong></span> <span class='ocrx_word' id='word_1_52' title='bbox 1143 951 1352 1005; x_wconf 90' lang='lat' dir='ltr'><strong>videtur</strong></span> <span class='ocrx_word' id='word_1_53' title='bbox 1399 952 1527 1004; x_wconf 90' lang='lat' dir='ltr'><strong>mihi</strong></span> <span class='ocrx_word' id='word_1_54' title='bbox 1555 953 1754 1021; x_wconf 88' lang='lat' dir='ltr'><strong>judicia</strong></span> <span class='ocrx_word' id='word_1_55' title='bbox 1792 969 1984 1009; x_wconf 89' lang='lat' dir='ltr'><strong>vocare</strong></span> <span class='ocrx_word' id='word_1_56' title='bbox 2009 956 2173 1024; x_wconf 81' lang='lat' dir='ltr'><strong>leges,</strong></span> <span class='ocrx_word' id='word_1_57' title='bbox 2217 970 2350 1024; x_wconf 87' lang='lat' dir='ltr'><strong>quas</strong></span> 
     </span>
    </p>
   </div>
   <div class='ocr_carea' id='block_1_10' title="bbox 822 1027 2346 1111">
    <p class='ocr_par' dir='ltr' id='par_1_10' title="bbox 822 1027 2346 1111">
     <span class='ocr_line' id='line_1_10' title="bbox 822 1027 2346 1111; baseline 0.001 -17"><span class='ocrx_word' id='word_1_58' title='bbox 822 1039 934 1094; x_wconf 80' lang='lat' dir='ltr'><strong>sive</strong></span> <span class='ocrx_word' id='word_1_59' title='bbox 953 1039 1006 1092; x_wconf 91' lang='lat' dir='ltr'><strong>in</strong></span> <span class='ocrx_word' id='word_1_60' title='bbox 1061 1039 1216 1104; x_wconf 68' lang='lat' dir='ltr'><strong>caelo,</strong></span> <span class='ocrx_word' id='word_1_61' title='bbox 1255 1027 1469 1094; x_wconf 66' lang='lat' dir='ltr'><strong>sive&#39;in</strong></span> <span class='ocrx_word' id='word_1_62' title='bbox 1513 1050 1673 1105; x_wconf 88' lang='lat' dir='ltr'><strong>terra,</strong></span> <span class='ocrx_word' id='word_1_63' title='bbox 1715 1043 1827 1096; x_wconf 87' lang='lat' dir='ltr'><strong>sive</strong></span> <span class='ocrx_word' id='word_1_64' title='bbox 1873 1043 1929 1096; x_wconf 89' lang='lat' dir='ltr'><strong>in</strong></span> <span class='ocrx_word' id='word_1_65' title='bbox 1972 1044 2106 1096; x_wconf 87' lang='lat' dir='ltr'><strong>mari</strong></span> <span class='ocrx_word' id='word_1_66' title='bbox 2150 1045 2346 1111; x_wconf 90' lang='lat' dir='ltr'><strong>posuit.</strong></span> 
     </span>
    </p>
   </div>
   <div class='ocr_carea' id='block_1_11' title="bbox 821 1129 2354 1202">
    <p class='ocr_par' dir='ltr' id='par_1_11' title="bbox 821 1129 2354 1202">
     <span class='ocr_line' id='line_1_11' title="bbox 821 1129 2354 1202; baseline 0.001 -16"><span class='ocrx_word' id='word_1_67' title='bbox 821 1129 1002 1199; x_wconf 81' lang='lat' dir='ltr'><strong>Neque</strong></span> <span class='ocrx_word' id='word_1_68' title='bbox 1032 1130 1173 1184; x_wconf 92' lang='lat' dir='ltr'><strong>enim</strong></span> <span class='ocrx_word' id='word_1_69' title='bbox 1204 1130 1349 1184; x_wconf 92' lang='lat' dir='ltr'><strong>solus</strong></span> <span class='ocrx_word' id='word_1_70' title='bbox 1388 1130 1544 1184; x_wconf 91' lang='lat' dir='ltr'><strong>homo</strong></span> <span class='ocrx_word' id='word_1_71' title='bbox 1585 1133 1753 1201; x_wconf 79' lang='lat' dir='ltr'><strong>legem</strong></span> <span class='ocrx_word' id='word_1_72' title='bbox 1774 1134 2007 1202; x_wconf 87' lang='lat' dir='ltr'><strong>accepit;</strong></span> <span class='ocrx_word' id='word_1_73' title='bbox 2047 1133 2141 1187; x_wconf 91' lang='lat' dir='ltr'><strong>sed</strong></span> <span class='ocrx_word' id='word_1_74' title='bbox 2174 1136 2354 1188; x_wconf 85' lang='lat' dir='ltr'><strong>omnia</strong></span> 
     </span>
    </p>
   </div>
   <div class='ocr_carea' id='block_1_12' title="bbox 821 1214 2350 1291">
    <p class='ocr_par' dir='ltr' id='par_1_12' title="bbox 821 1214 2350 1291">
     <span class='ocr_line' id='line_1_12' title="bbox 821 1214 2350 1291; baseline 0.007 -21"><span class='ocrx_word' id='word_1_75' title='bbox 821 1219 1087 1284; x_wconf 79' lang='lat' dir='ltr'><strong>visibili‘a;</strong></span> <span class='ocrx_word' id='word_1_76' title='bbox 1133 1235 1296 1281; x_wconf 89' lang='lat' dir='ltr'><strong>mare,</strong></span> <span class='ocrx_word' id='word_1_77' title='bbox 1331 1236 1397 1273; x_wconf 91' lang='lat' dir='ltr'><strong>ne</strong></span> <span class='ocrx_word' id='word_1_78' title='bbox 1428 1235 1551 1275; x_wconf 89' lang='lat' dir='ltr'><strong>oras</strong></span> <span class='ocrx_word' id='word_1_79' title='bbox 1591 1214 2079 1291; x_wconf 79' lang='lat' dir='ltr'><strong>transgrederetur;</strong></span> <span class='ocrx_word' id='word_1_80' title='bbox 2122 1232 2350 1287; x_wconf 90' lang='lat' dir='ltr'><strong>montes,</strong></span> 
     </span>
    </p>
   </div>
   <div class='ocr_carea' id='block_1_13' title="bbox 825 1306 2353 1380">
    <p class='ocr_par' dir='ltr' id='par_1_13' title="bbox 825 1306 2353 1380">
     <span class='ocr_line' id='line_1_13' title="bbox 825 1306 2353 1380; baseline 0.005 -18"><span class='ocrx_word' id='word_1_81' title='bbox 825 1322 881 1362; x_wconf 91' lang='lat' dir='ltr'><strong>ut</strong></span> <span class='ocrx_word' id='word_1_82' title='bbox 909 1310 1213 1377; x_wconf 75' lang='lat' dir='ltr'><strong>ﬁgerentur,</strong></span> <span class='ocrx_word' id='word_1_83' title='bbox 1247 1317 1386 1363; x_wconf 90' lang='lat' dir='ltr'><strong>terra</strong></span> <span class='ocrx_word' id='word_1_84' title='bbox 1419 1318 1477 1363; x_wconf 93' lang='lat' dir='ltr'><strong>ut</strong></span> <span class='ocrx_word' id='word_1_85' title='bbox 1508 1320 1694 1377; x_wconf 84' lang='lat' dir='ltr'><strong>staret,</strong></span> <span class='ocrx_word' id='word_1_86' title='bbox 1728 1313 1807 1366; x_wconf 89' lang='lat' dir='ltr'><strong>sol</strong></span> <span class='ocrx_word' id='word_1_87' title='bbox 1847 1321 1904 1367; x_wconf 93' lang='lat' dir='ltr'><strong>ut</strong></span> <span class='ocrx_word' id='word_1_88' title='bbox 1936 1306 2192 1380; x_wconf 87' lang='lat' dir='ltr'><strong>curreret,</strong></span> <span class='ocrx_word' id='word_1_89' title='bbox 2228 1317 2353 1370; x_wconf 91' lang='lat' dir='ltr'><strong>luna</strong></span> 
     </span>
    </p>
   </div>
   <div class='ocr_carea' id='block_1_14' title="bbox 824 1387 2353 1470">
    <p class='ocr_par' dir='ltr' id='par_1_14' title="bbox 824 1387 2353 1470">
     <span class='ocr_line' id='line_1_14' title="bbox 824 1387 2353 1470; baseline 0.007 -20"><span class='ocrx_word' id='word_1_90' title='bbox 824 1387 1432 1470; x_wconf 82' lang='lat' dir='ltr'><strong>pr0priumutordinem</strong></span> <span class='ocrx_word' id='word_1_91' title='bbox 1467 1411 1736 1469; x_wconf 78' lang='lat' dir='ltr'><strong>servaret;</strong></span> <span class='ocrx_word' id='word_1_92' title='bbox 1765 1405 1942 1460; x_wconf 86' lang='lat' dir='ltr'><strong>varius</strong></span> <span class='ocrx_word' id='word_1_93' title='bbox 1963 1405 2050 1460; x_wconf 90' lang='lat' dir='ltr'><strong>ille</strong></span> <span class='ocrx_word' id='word_1_94' title='bbox 2082 1407 2353 1461; x_wconf 89' lang='lat' dir='ltr'><strong>stellarum</strong></span> 
     </span>
    </p>
   </div>
   <div class='ocr_carea' id='block_1_15' title="bbox 825 1490 2355 1561">
    <p class='ocr_par' dir='ltr' id='par_1_15' title="bbox 825 1490 2355 1561">
     <span class='ocr_line' id='line_1_15' title="bbox 825 1490 2355 1561; baseline 0.006 -19"><span class='ocrx_word' id='word_1_95' title='bbox 825 1490 1042 1550; x_wconf 87' lang='lat' dir='ltr'><strong>chorus,</strong></span> <span class='ocrx_word' id='word_1_96' title='bbox 1067 1504 1368 1560; x_wconf 87' lang='lat' dir='ltr'><strong>corporum,</strong></span> <span class='ocrx_word' id='word_1_97' title='bbox 1399 1491 1720 1560; x_wconf 78' lang='lat' dir='ltr'><strong>plantarum,</strong></span> <span class='ocrx_word' id='word_1_98' title='bbox 1754 1493 2029 1549; x_wconf 91' lang='lat' dir='ltr'><strong>brutorum</strong></span> <span class='ocrx_word' id='word_1_99' title='bbox 2061 1505 2271 1561; x_wconf 92' lang='lat' dir='ltr'><strong>natura,</strong></span> <span class='ocrx_word' id='word_1_100' title='bbox 2296 1504 2355 1551; x_wconf 90' lang='lat' dir='ltr'><strong>ut</strong></span> 
     </span>
    </p>
   </div>
   <div class='ocr_carea' id='block_1_16' title="bbox 825 1581 2356 1656">
    <p class='ocr_par' dir='ltr' id='par_1_16' title="bbox 825 1581 2356 1656">
     <span class='ocr_line' id='line_1_16' title="bbox 825 1581 2356 1656; baseline 0.005 -22"><span class='ocrx_word' id='word_1_101' title='bbox 825 1587 880 1634; x_wconf 87' lang='lat' dir='ltr'><strong>et</strong></span> <span class='ocrx_word' id='word_1_102' title='bbox 940 1581 1163 1633; x_wconf 88' lang='lat' dir='ltr'><strong>aliorum</strong></span> <span class='ocrx_word' id='word_1_103' title='bbox 1230 1584 1499 1647; x_wconf 92' lang='lat' dir='ltr'><strong>omnium,</strong></span> <span class='ocrx_word' id='word_1_104' title='bbox 1551 1585 1720 1653; x_wconf 80' lang='lat' dir='ltr'><strong>legem</strong></span> <span class='ocrx_word' id='word_1_105' title='bbox 1781 1587 1985 1656; x_wconf 89' lang='lat' dir='ltr'><strong>accepit</strong></span> <span class='ocrx_word' id='word_1_106' title='bbox 2041 1606 2052 1641; x_wconf 94' lang='lat'>:</span> <span class='ocrx_word' id='word_1_107' title='bbox 2105 1589 2356 1643; x_wconf 87' lang='lat' dir='ltr'><strong>universa</strong></span> 
     </span>
    </p>
   </div>
   <div class='ocr_carea' id='block_1_17' title="bbox 825 1670 2354 1742">
    <p class='ocr_par' dir='ltr' id='par_1_17' title="bbox 825 1670 2354 1742">
     <span class='ocr_line' id='line_1_17' title="bbox 825 1670 2354 1742; baseline 0.008 -21"><span class='ocrx_word' id='word_1_108' title='bbox 825 1670 1021 1740; x_wconf 88' lang='lat' dir='ltr'><strong>quippe</strong></span> <span class='ocrx_word' id='word_1_109' title='bbox 1072 1673 1184 1727; x_wconf 87' lang='lat' dir='ltr'><strong>suis</strong></span> <span class='ocrx_word' id='word_1_110' title='bbox 1228 1673 1432 1742; x_wconf 80' lang='lat' dir='ltr'><strong>legibus</strong></span> <span class='ocrx_word' id='word_1_111' title='bbox 1462 1675 1921 1731; x_wconf 89' lang='lat' dir='ltr'><strong>administrantur.</strong></span> <span class='ocrx_word' id='word_1_112' title='bbox 1954 1677 2017 1730; x_wconf 86' lang='lat' dir='ltr'><strong>Et</strong></span> <span class='ocrx_word' id='word_1_113' title='bbox 2043 1678 2152 1733; x_wconf 61' lang='lat' dir='ltr'><strong>hac</strong></span> <span class='ocrx_word' id='word_1_114' title='bbox 2175 1680 2354 1734; x_wconf 88' lang='lat' dir='ltr'><strong>omnia</strong></span> 
     </span>
    </p>
   </div>
   <div class='ocr_carea' id='block_1_18' title="bbox 804 1763 2356 1834">
    <p class='ocr_par' dir='ltr' id='par_1_18' title="bbox 804 1763 2356 1834">
     <span class='ocr_line' id='line_1_18' title="bbox 804 1763 2356 1834; baseline 0.006 -20"><span class='ocrx_word' id='word_1_115' title='bbox 804 1763 1101 1831; x_wconf 72' lang='lat' dir='ltr'><strong>praeceptis</strong></span> <span class='ocrx_word' id='word_1_116' title='bbox 1157 1763 1296 1818; x_wconf 77' lang='lat' dir='ltr'><strong>facta</strong></span> <span class='ocrx_word' id='word_1_117' title='bbox 1346 1776 1490 1827; x_wconf 90' lang='lat' dir='ltr'><strong>sunt,</strong></span> <span class='ocrx_word' id='word_1_118' title='bbox 1523 1782 1638 1834; x_wconf 71' lang='lat' dir='ltr'><strong>quae</strong></span> <span class='ocrx_word' id='word_1_119' title='bbox 1675 1782 1768 1822; x_wconf 90' lang='lat' dir='ltr'><strong>ore</strong></span> <span class='ocrx_word' id='word_1_120' title='bbox 1810 1769 2168 1825; x_wconf 85' lang='lat' dir='ltr'><strong>declarantur.</strong></span> <span class='ocrx_word' id='word_1_121' title='bbox 2202 1770 2356 1834; x_wconf 58' lang='lat' dir='ltr'><strong>Quae.</strong></span> 
     </span>
    </p>
   </div>
   <div class='ocr_carea' id='block_1_19' title="bbox 827 1857 2358 1930">
    <p class='ocr_par' dir='ltr' id='par_1_19' title="bbox 827 1857 2358 1930">
     <span class='ocr_line' id='line_1_19' title="bbox 827 1857 2358 1930; baseline 0.006 -25"><span class='ocrx_word' id='word_1_122' title='bbox 827 1867 1036 1922; x_wconf 83' lang='lat' dir='ltr'><strong>cunque</strong></span> <span class='ocrx_word' id='word_1_123' title='bbox 1082 1870 1209 1924; x_wconf 77' lang='lat' dir='ltr'><strong>ergo</strong></span> <span class='ocrx_word' id='word_1_124' title='bbox 1268 1871 1330 1909; x_wconf 87' lang='lat' dir='ltr'><strong>os</strong></span> <span class='ocrx_word' id='word_1_125' title='bbox 1385 1857 1574 1924; x_wconf 85' lang='lat' dir='ltr'><strong>ipsius,</strong></span> <span class='ocrx_word' id='word_1_126' title='bbox 1598 1859 1711 1912; x_wconf 88' lang='lat' dir='ltr'><strong>sive</strong></span> <span class='ocrx_word' id='word_1_127' title='bbox 1755 1874 1849 1926; x_wconf 92' lang='lat' dir='ltr'><strong>per</strong></span> <span class='ocrx_word' id='word_1_128' title='bbox 1895 1858 2075 1925; x_wconf 87' lang='lat' dir='ltr'><strong>Vetus,</strong></span> <span class='ocrx_word' id='word_1_129' title='bbox 2121 1861 2232 1915; x_wconf 89' lang='lat' dir='ltr'><strong>sive</strong></span> <span class='ocrx_word' id='word_1_130' title='bbox 2264 1877 2358 1930; x_wconf 90' lang='lat' dir='ltr'><strong>per</strong></span> 
     </span>
    </p>
   </div>
   <div class='ocr_carea' id='block_1_20' title="bbox 2445 681 4010 758">
    <p class='ocr_par' dir='ltr' id='par_1_20' title="bbox 2445 681 4010 758">
     <span class='ocr_line' id='line_1_20' title="bbox 2445 681 4010 758; baseline -0.006 -18"><span class='ocrx_word' id='word_1_131' title='bbox 2445 687 2781 757; x_wconf 81' lang='grc' dir='ltr'>ἀνθρωπίνην</span> <span class='ocrx_word' id='word_1_132' title='bbox 2819 685 3220 758; x_wconf 86' lang='grc' dir='ltr'>ὑπερϐαίνοντα.</span> <span class='ocrx_word' id='word_1_133' title='bbox 3249 685 3318 736; x_wconf 85' lang='grc' dir='ltr'><strong><em>Ἦ</em></strong></span> <span class='ocrx_word' id='word_1_134' title='bbox 3359 681 3555 750; x_wconf 85' lang='grc' dir='ltr'>τέρατα</span> <span class='ocrx_word' id='word_1_135' title='bbox 3597 683 3690 750; x_wconf 84' lang='grc' dir='ltr'><strong>μὲν</strong></span> <span class='ocrx_word' id='word_1_136' title='bbox 3725 681 3791 732; x_wconf 78' lang='grc' dir='ltr'><strong>τὰ</strong></span> <span class='ocrx_word' id='word_1_137' title='bbox 3820 697 3975 748; x_wconf 78' lang='grc' dir='ltr'>γεγεσ-</span> <span class='ocrx_word' id='word_1_138' title='bbox 4006 709 4010 714; x_wconf 70' lang='grc' dir='ltr'><strong>ι</strong></span> 
     </span>
    </p>
   </div>
   <div class='ocr_carea' id='block_1_21' title="bbox 2445 770 3975 847">
    <p class='ocr_par' dir='ltr' id='par_1_21' title="bbox 2445 770 3975 847">
     <span class='ocr_line' id='line_1_21' title="bbox 2445 770 3975 847; baseline -0.006 -17"><span class='ocrx_word' id='word_1_139' title='bbox 2445 778 2645 847; x_wconf 82' lang='grc' dir='ltr'>νημένα</span> <span class='ocrx_word' id='word_1_140' title='bbox 2673 780 2936 844; x_wconf 54' lang='lat' dir='ltr'><strong>Daunum,</strong></span> <span class='ocrx_word' id='word_1_141' title='bbox 2969 777 3042 836; x_wconf 84' lang='grc' dir='ltr'><strong>ῶς</strong></span> <span class='ocrx_word' id='word_1_142' title='bbox 3067 775 3125 827; x_wconf 81' lang='grc' dir='ltr'><strong>τὸ</strong></span> <span class='ocrx_word' id='word_1_143' title='bbox 3161 775 3520 845; x_wconf 76' lang='grc' dir='ltr'><strong>περιπατῆσαι</strong></span> <span class='ocrx_word' id='word_1_144' title='bbox 3547 775 3635 824; x_wconf 74' lang='grc' dir='ltr'>ἐπὶ</span> <span class='ocrx_word' id='word_1_145' title='bbox 3663 772 3756 842; x_wconf 90' lang='grc' dir='ltr'><strong>τῆς</strong></span> <span class='ocrx_word' id='word_1_146' title='bbox 3781 770 3975 822; x_wconf 85' lang='grc' dir='ltr'>θαλάσ-</span> 
     </span>
    </p>
   </div>
   <div class='ocr_carea' id='block_1_22' title="bbox 2449 863 3978 938">
    <p class='ocr_par' dir='ltr' id='par_1_22' title="bbox 2449 863 3978 938">
     <span class='ocr_line' id='line_1_22' title="bbox 2449 863 3978 938; baseline -0.003 -17"><span class='ocrx_word' id='word_1_147' title='bbox 2449 884 2565 937; x_wconf 89' lang='grc' dir='ltr'>σης,</span> <span class='ocrx_word' id='word_1_148' title='bbox 2593 885 2684 920; x_wconf 78' lang='grc' dir='ltr'>και.</span> <span class='ocrx_word' id='word_1_149' title='bbox 2716 873 2896 937; x_wconf 61' lang='grc' dir='ltr'>νεκρὸν</span> <span class='ocrx_word' id='word_1_150' title='bbox 2922 869 3236 938; x_wconf 83' lang='grc' dir='ltr'>αναστῆσαι,</span> <span class='ocrx_word' id='word_1_151' title='bbox 3264 868 3354 920; x_wconf 78' lang='grc' dir='ltr'><strong>καὶ</strong></span> <span class='ocrx_word' id='word_1_152' title='bbox 3377 866 3442 917; x_wconf 85' lang='grc' dir='ltr'><strong>τὰ</strong></span> <span class='ocrx_word' id='word_1_153' title='bbox 3465 864 3680 919; x_wconf 81' lang='grc' dir='ltr'>τοιαῦτα</span> <span class='ocrx_word' id='word_1_154' title='bbox 3699 880 3711 891; x_wconf 91' lang='grc'><strong>·</strong></span> <span class='ocrx_word' id='word_1_155' title='bbox 3740 863 3978 930; x_wconf 85' lang='grc' dir='ltr'>κρίματα</span> 
     </span>
    </p>
   </div>
   <div class='ocr_carea' id='block_1_23' title="bbox 2447 949 3978 1026">
    <p class='ocr_par' dir='ltr' id='par_1_23' title="bbox 2447 949 3978 1026">
     <span class='ocr_line' id='line_1_23' title="bbox 2447 949 3978 1026; baseline -0.005 -17"><span class='ocrx_word' id='word_1_156' title='bbox 2447 958 2504 1009; x_wconf 86' lang='grc' dir='ltr'><strong>δὲ</strong></span> <span class='ocrx_word' id='word_1_157' title='bbox 2523 955 2614 1008; x_wconf 80' lang='grc' dir='ltr'>τοῦ</span> <span class='ocrx_word' id='word_1_158' title='bbox 2642 958 2900 1026; x_wconf 85' lang='grc' dir='ltr'>στόματος</span> <span class='ocrx_word' id='word_1_159' title='bbox 2923 957 3083 1010; x_wconf 80' lang='grc' dir='ltr'>αὐτοῦ</span> <span class='ocrx_word' id='word_1_160' title='bbox 3117 959 3237 1020; x_wconf 81' lang='grc' dir='ltr'>τοὺς</span> <span class='ocrx_word' id='word_1_161' title='bbox 3269 956 3453 1024; x_wconf 81' lang='grc' dir='ltr'>λόγους</span> <span class='ocrx_word' id='word_1_162' title='bbox 3479 955 3570 1016; x_wconf 77' lang='grc' dir='ltr'><strong>οὒς</strong></span> <span class='ocrx_word' id='word_1_163' title='bbox 3605 953 3802 1020; x_wconf 83' lang='grc' dir='ltr'>έλεγεν,</span> <span class='ocrx_word' id='word_1_164' title='bbox 3827 949 3978 1003; x_wconf 80' lang='grc' dir='ltr'>ἐλαύ-</span> 
     </span>
    </p>
   </div>
   <div class='ocr_carea' id='block_1_24' title="bbox 2450 1040 3979 1118">
    <p class='ocr_par' dir='ltr' id='par_1_24' title="bbox 2450 1040 3979 1118">
     <span class='ocr_line' id='line_1_24' title="bbox 2450 1040 3979 1118; baseline -0.004 -18"><span class='ocrx_word' id='word_1_165' title='bbox 2450 1065 2552 1100; x_wconf 86' lang='grc' dir='ltr'>νων</span> <span class='ocrx_word' id='word_1_166' title='bbox 2579 1048 2682 1098; x_wconf 85' lang='grc' dir='ltr'><strong>τῶν</strong></span> <span class='ocrx_word' id='word_1_167' title='bbox 2710 1047 2999 1118; x_wconf 78' lang='grc' dir='ltr'>ἀνθρώπων</span> <span class='ocrx_word' id='word_1_168' title='bbox 3027 1049 3144 1110; x_wconf 83' lang='grc' dir='ltr'>τοὺς</span> <span class='ocrx_word' id='word_1_169' title='bbox 3176 1047 3505 1114; x_wconf 80' lang='grc' dir='ltr'>ἀκαθάρτους</span> <span class='ocrx_word' id='word_1_170' title='bbox 3535 1044 3803 1112; x_wconf 87' lang='grc' dir='ltr'>δαίμονας,</span> <span class='ocrx_word' id='word_1_171' title='bbox 3831 1040 3863 1110; x_wconf 85' lang='grc' dir='ltr'>ἢ</span> <span class='ocrx_word' id='word_1_172' title='bbox 3889 1040 3979 1095; x_wconf 67' lang='grc' dir='ltr'>καὶ</span> 
     </span>
    </p>
   </div>
   <div class='ocr_carea' id='block_1_25' title="bbox 2449 1133 3978 1209">
    <p class='ocr_par' dir='ltr' id='par_1_25' title="bbox 2449 1133 3978 1209">
     <span class='ocr_line' id='line_1_25' title="bbox 2449 1133 3978 1209; baseline -0.004 -15"><span class='ocrx_word' id='word_1_173' title='bbox 2449 1142 2544 1203; x_wconf 85' lang='grc' dir='ltr'><strong>τὰς</strong></span> <span class='ocrx_word' id='word_1_174' title='bbox 2591 1141 2802 1201; x_wconf 78' lang='grc' dir='ltr'>ἐντολὰς</span> <span class='ocrx_word' id='word_1_175' title='bbox 2835 1141 2929 1209; x_wconf 85' lang='grc' dir='ltr'><strong>τῆς</strong></span> <span class='ocrx_word' id='word_1_176' title='bbox 2974 1141 3171 1207; x_wconf 83' lang='grc' dir='ltr'>Καινῆς</span> <span class='ocrx_word' id='word_1_177' title='bbox 3203 1133 3485 1208; x_wconf 87' lang='grc' dir='ltr'>Διαθήκης.</span> <span class='ocrx_word' id='word_1_178' title='bbox 3536 1137 3746 1190; x_wconf 82' lang='grc' dir='ltr'>Μᾶλλον</span> <span class='ocrx_word' id='word_1_179' title='bbox 3791 1135 3848 1187; x_wconf 80' lang='grc' dir='ltr'>δὲ</span> <span class='ocrx_word' id='word_1_180' title='bbox 3891 1135 3978 1188; x_wconf 69' lang='grc' dir='ltr'><strong>ὲν-</strong></span> 
     </span>
    </p>
   </div>
   <div class='ocr_carea' id='block_1_26' title="bbox 2449 1225 3979 1299">
    <p class='ocr_par' dir='ltr' id='par_1_26' title="bbox 2449 1225 3979 1299">
     <span class='ocr_line' id='line_1_26' title="bbox 2449 1225 3979 1299; baseline -0.003 -16"><span class='ocrx_word' id='word_1_181' title='bbox 2449 1231 2618 1284; x_wconf 80' lang='grc' dir='ltr'>ταῦθά</span> <span class='ocrx_word' id='word_1_182' title='bbox 2653 1248 2738 1299; x_wconf 83' lang='grc' dir='ltr'><strong>μοι</strong></span> <span class='ocrx_word' id='word_1_183' title='bbox 2765 1231 2906 1281; x_wconf 86' lang='grc' dir='ltr'>δοκεῖ</span> <span class='ocrx_word' id='word_1_184' title='bbox 2941 1230 3180 1299; x_wconf 87' lang='grc' dir='ltr'>κρίματα</span> <span class='ocrx_word' id='word_1_185' title='bbox 3215 1232 3338 1291; x_wconf 79' lang='grc' dir='ltr'>τοὺς</span> <span class='ocrx_word' id='word_1_186' title='bbox 3385 1229 3574 1297; x_wconf 85' lang='grc' dir='ltr'>νόμους</span> <span class='ocrx_word' id='word_1_187' title='bbox 3622 1225 3817 1295; x_wconf 84' lang='grc' dir='ltr'>λέγειν,</span> <span class='ocrx_word' id='word_1_188' title='bbox 3856 1226 3979 1288; x_wconf 85' lang='grc' dir='ltr'><strong>τούς</strong></span> 
     </span>
    </p>
   </div>
   <div class='ocr_carea' id='block_1_27' title="bbox 2450 1315 3980 1392">
    <p class='ocr_par' dir='ltr' id='par_1_27' title="bbox 2450 1315 3980 1392">
     <span class='ocr_line' id='line_1_27' title="bbox 2450 1315 3980 1392; baseline -0.005 -18"><span class='ocrx_word' id='word_1_189' title='bbox 2450 1323 2507 1374; x_wconf 86' lang='grc' dir='ltr'>ὲν</span> <span class='ocrx_word' id='word_1_190' title='bbox 2530 1321 2756 1392; x_wconf 80' lang='grc' dir='ltr'>οὐρανῷ,</span> <span class='ocrx_word' id='word_1_191' title='bbox 2789 1323 2911 1382; x_wconf 87' lang='grc' dir='ltr'>τοὺς</span> <span class='ocrx_word' id='word_1_192' title='bbox 2935 1322 2991 1372; x_wconf 84' lang='grc' dir='ltr'>ὲν</span> <span class='ocrx_word' id='word_1_193' title='bbox 3028 1323 3118 1389; x_wconf 83' lang='grc' dir='ltr'>γῇ,</span> <span class='ocrx_word' id='word_1_194' title='bbox 3153 1322 3273 1381; x_wconf 84' lang='grc' dir='ltr'>τοὺς</span> <span class='ocrx_word' id='word_1_195' title='bbox 3312 1321 3366 1370; x_wconf 82' lang='grc' dir='ltr'>ὲν</span> <span class='ocrx_word' id='word_1_196' title='bbox 3396 1318 3650 1388; x_wconf 85' lang='grc' dir='ltr'>θαλάσσῃ.</span> <span class='ocrx_word' id='word_1_197' title='bbox 3681 1318 3752 1371; x_wconf 86' lang='grc' dir='ltr'>Οὐ</span> <span class='ocrx_word' id='word_1_198' title='bbox 3785 1316 3891 1386; x_wconf 84' lang='grc' dir='ltr'><strong>γὰρ</strong></span> <span class='ocrx_word' id='word_1_199' title='bbox 3917 1315 3980 1386; x_wconf 81' lang='grc' dir='ltr'>δὴ</span> 
     </span>
    </p>
   </div>
   <div class='ocr_carea' id='block_1_28' title="bbox 2454 1402 3983 1480">
    <p class='ocr_par' dir='ltr' id='par_1_28' title="bbox 2454 1402 3983 1480">
     <span class='ocr_line' id='line_1_28' title="bbox 2454 1402 3983 1480; baseline -0.007 -17"><span class='ocrx_word' id='word_1_200' title='bbox 2454 1411 2608 1480; x_wconf 84' lang='grc' dir='ltr'>μόνος</span> <span class='ocrx_word' id='word_1_201' title='bbox 2663 1409 2939 1479; x_wconf 82' lang='grc' dir='ltr'>ἄνθρωπος</span> <span class='ocrx_word' id='word_1_202' title='bbox 2997 1408 3152 1460; x_wconf 76' lang='grc' dir='ltr'>ἔλαϐε</span> <span class='ocrx_word' id='word_1_203' title='bbox 3209 1407 3385 1475; x_wconf 86' lang='grc' dir='ltr'>νόμον,</span> <span class='ocrx_word' id='word_1_204' title='bbox 3442 1405 3573 1457; x_wconf 82' lang='grc' dir='ltr'>ἀλλὰ</span> <span class='ocrx_word' id='word_1_205' title='bbox 3619 1405 3696 1456; x_wconf 76' lang='grc' dir='ltr'><strong>τὰ</strong></span> <span class='ocrx_word' id='word_1_206' title='bbox 3735 1402 3983 1471; x_wconf 82' lang='grc' dir='ltr'>ὁρώμενα</span> 
     </span>
    </p>
   </div>
   <div class='ocr_carea' id='block_1_29' title="bbox 2451 1493 3982 1568">
    <p class='ocr_par' dir='ltr' id='par_1_29' title="bbox 2451 1493 3982 1568">
     <span class='ocr_line' id='line_1_29' title="bbox 2451 1493 3982 1568; baseline -0.007 -16"><span class='ocrx_word' id='word_1_207' title='bbox 2451 1501 2658 1552; x_wconf 73' lang='grc' dir='ltr'>ἅπαντα</span> <span class='ocrx_word' id='word_1_208' title='bbox 2681 1515 2694 1530; x_wconf 90' lang='grc'><strong>·</strong></span> <span class='ocrx_word' id='word_1_209' title='bbox 2735 1502 2766 1568; x_wconf 90' lang='grc' dir='ltr'><strong>ή</strong></span> <span class='ocrx_word' id='word_1_210' title='bbox 2799 1499 3032 1552; x_wconf 87' lang='grc' dir='ltr'>θάλασσα</span> <span class='ocrx_word' id='word_1_211' title='bbox 3063 1499 3121 1550; x_wconf 81' lang='grc' dir='ltr'>τὸ</span> <span class='ocrx_word' id='word_1_212' title='bbox 3156 1497 3228 1567; x_wconf 84' lang='grc' dir='ltr'>μὴ</span> <span class='ocrx_word' id='word_1_213' title='bbox 3270 1495 3606 1566; x_wconf 83' lang='grc' dir='ltr'>ὑπερϐαίνειν</span> <span class='ocrx_word' id='word_1_214' title='bbox 3644 1494 3766 1559; x_wconf 83' lang='grc' dir='ltr'>τοὺς</span> <span class='ocrx_word' id='word_1_215' title='bbox 3809 1493 3982 1557; x_wconf 77' lang='grc' dir='ltr'>αἰγια-</span> 
     </span>
    </p>
   </div>
   <div class='ocr_carea' id='block_1_30' title="bbox 2404 1572 3984 1658">
    <p class='ocr_par' dir='ltr' id='par_1_30' title="bbox 2404 1572 3984 1658">
     <span class='ocr_line' id='line_1_30' title="bbox 2404 1572 3984 1658; baseline -0.008 -17"><span class='ocrx_word' id='word_1_216' title='bbox 2404 1595 2407 1599; x_wconf 88' lang='grc'><em>’</em></span> <span class='ocrx_word' id='word_1_217' title='bbox 2451 1592 2602 1652; x_wconf 89' lang='grc' dir='ltr'>λούς·</span> <span class='ocrx_word' id='word_1_218' title='bbox 2635 1589 2701 1641; x_wconf 78' lang='grc' dir='ltr'><strong>τά</strong></span> <span class='ocrx_word' id='word_1_219' title='bbox 2722 1589 2820 1658; x_wconf 80' lang='grc' dir='ltr'><strong>ὅρη</strong></span> <span class='ocrx_word' id='word_1_220' title='bbox 2843 1588 2902 1639; x_wconf 77' lang='grc' dir='ltr'>τὸ</span> <span class='ocrx_word' id='word_1_221' title='bbox 2930 1587 3248 1657; x_wconf 82' lang='grc' dir='ltr'>πεπηγέναι,</span> <span class='ocrx_word' id='word_1_222' title='bbox 3279 1587 3311 1654; x_wconf 87' lang='grc' dir='ltr'><strong>ή</strong></span> <span class='ocrx_word' id='word_1_223' title='bbox 3337 1586 3404 1654; x_wconf 89' lang='grc' dir='ltr'><strong>γῆ</strong></span> <span class='ocrx_word' id='word_1_224' title='bbox 3430 1585 3490 1636; x_wconf 79' lang='grc' dir='ltr'><strong>τὸ</strong></span> <span class='ocrx_word' id='word_1_225' title='bbox 3521 1583 3752 1643; x_wconf 80' lang='grc' dir='ltr'>ἑστάναι,</span> <span class='ocrx_word' id='word_1_226' title='bbox 3781 1582 3809 1631; x_wconf 85' lang='grc' dir='ltr'>ὁ</span> <span class='ocrx_word' id='word_1_227' title='bbox 3836 1572 3984 1646; x_wconf 75' lang='grc' dir='ltr'>ἥλιος</span> 
     </span>
    </p>
   </div>
   <div class='ocr_carea' id='block_1_31' title="bbox 2451 1662 3983 1750">
    <p class='ocr_par' dir='ltr' id='par_1_31' title="bbox 2451 1662 3983 1750">
     <span class='ocr_line' id='line_1_31' title="bbox 2451 1662 3983 1750; baseline -0.012 -18"><span class='ocrx_word' id='word_1_228' title='bbox 2451 1682 2511 1732; x_wconf 84' lang='grc' dir='ltr'><strong>τὸ</strong></span> <span class='ocrx_word' id='word_1_229' title='bbox 2543 1681 2771 1750; x_wconf 80' lang='grc' dir='ltr'>τρέχειν,</span> <span class='ocrx_word' id='word_1_230' title='bbox 2805 1681 2838 1746; x_wconf 88' lang='grc' dir='ltr'><strong>ή</strong></span> <span class='ocrx_word' id='word_1_231' title='bbox 2873 1679 3065 1747; x_wconf 83' lang='grc' dir='ltr'>σελήνη</span> <span class='ocrx_word' id='word_1_232' title='bbox 3089 1662 3207 1749; x_wconf 58' lang='grc' dir='ltr'>τὴν</span> <span class='ocrx_word' id='word_1_233' title='bbox 3231 1677 3362 1730; x_wconf 87' lang='grc' dir='ltr'>ίδίαν</span> <span class='ocrx_word' id='word_1_234' title='bbox 3390 1674 3652 1739; x_wconf 82' lang='grc' dir='ltr'>εὐταξίαν,</span> <span class='ocrx_word' id='word_1_235' title='bbox 3687 1674 3714 1723; x_wconf 85' lang='grc' dir='ltr'>ὁ</span> <span class='ocrx_word' id='word_1_236' title='bbox 3747 1665 3983 1725; x_wconf 83' lang='grc' dir='ltr'>ποικίλος</span> 
     </span>
    </p>
   </div>
   <div class='ocr_carea' id='block_1_32' title="bbox 2452 1756 3985 1841">
    <p class='ocr_par' dir='ltr' id='par_1_32' title="bbox 2452 1756 3985 1841">
     <span class='ocr_line' id='line_1_32' title="bbox 2452 1756 3985 1841; baseline -0.01 -17"><span class='ocrx_word' id='word_1_237' title='bbox 2452 1771 2558 1826; x_wconf 86' lang='grc' dir='ltr'><strong>τῶν</strong></span> <span class='ocrx_word' id='word_1_238' title='bbox 2591 1771 2826 1841; x_wconf 80' lang='grc' dir='ltr'>ἀστέρων</span> <span class='ocrx_word' id='word_1_239' title='bbox 2852 1770 3025 1840; x_wconf 83' lang='grc' dir='ltr'>χορὸς,</span> <span class='ocrx_word' id='word_1_240' title='bbox 3070 1771 3104 1838; x_wconf 87' lang='grc' dir='ltr'><strong>ή</strong></span> <span class='ocrx_word' id='word_1_241' title='bbox 3142 1769 3298 1837; x_wconf 86' lang='grc' dir='ltr'>φύσις</span> <span class='ocrx_word' id='word_1_242' title='bbox 3333 1767 3438 1820; x_wconf 87' lang='grc' dir='ltr'><strong>τῶν</strong></span> <span class='ocrx_word' id='word_1_243' title='bbox 3481 1765 3760 1834; x_wconf 78' lang='grc' dir='ltr'>σωμάτων,</span> <span class='ocrx_word' id='word_1_244' title='bbox 3806 1761 3839 1827; x_wconf 88' lang='grc' dir='ltr'><strong>ή</strong></span> <span class='ocrx_word' id='word_1_245' title='bbox 3881 1756 3985 1809; x_wconf 86' lang='grc' dir='ltr'><strong>τῶν</strong></span> 
     </span>
    </p>
   </div>
   <div class='ocr_carea' id='block_1_33' title="bbox 2460 1850 3976 1932">
    <p class='ocr_par' dir='ltr' id='par_1_33' title="bbox 2460 1850 3976 1932">
     <span class='ocr_line' id='line_1_33' title="bbox 2460 1850 3976 1932; baseline -0.022 0"><span class='ocrx_word' id='word_1_246' title='bbox 2460 1863 2656 1931; x_wconf 75' lang='grc' dir='ltr'><strong>φυτῶν›</strong></span> <span class='ocrx_word' id='word_1_247' title='bbox 2690 1864 2723 1932; x_wconf 68' lang='grc' dir='ltr'>ἡ</span> <span class='ocrx_word' id='word_1_248' title='bbox 2766 1860 2872 1914; x_wconf 74' lang='grc' dir='ltr'><strong>τῶν</strong></span> <span class='ocrx_word' id='word_1_249' title='bbox 2919 1861 3141 1926; x_wconf 82' lang='grc' dir='ltr'>ἀλόγων,</span> <span class='ocrx_word' id='word_1_250' title='bbox 3179 1862 3213 1929; x_wconf 85' lang='grc' dir='ltr'>ἡ</span> <span class='ocrx_word' id='word_1_251' title='bbox 3252 1859 3358 1914; x_wconf 85' lang='grc' dir='ltr'><strong>τῶν</strong></span> <span class='ocrx_word' id='word_1_252' title='bbox 3397 1857 3565 1912; x_wconf 84' lang='grc' dir='ltr'>ἀλλων</span> <span class='ocrx_word' id='word_1_253' title='bbox 3604 1854 3881 1908; x_wconf 76' lang='grc' dir='ltr'>ἀπάντωνο</span> <span class='ocrx_word' id='word_1_254' title='bbox 3914 1850 3976 1900; x_wconf 79' lang='grc' dir='ltr'><strong>οἱ·</strong></span> 
     </span>
    </p>
   </div>
   <div class='ocr_carea' id='block_1_34' title="bbox 825 1938 2530 2021">
    <p class='ocr_par' dir='ltr' id='par_1_34' title="bbox 825 1939 2530 2021">
     <span class='ocr_line' id='line_1_34' title="bbox 825 1939 2530 2021; baseline 0.004 -25"><span class='ocrx_word' id='word_1_255' title='bbox 825 1939 1028 1996; x_wconf 83' lang='lat' dir='ltr'><strong>Novum</strong></span> <span class='ocrx_word' id='word_1_256' title='bbox 1062 1942 1460 1998; x_wconf 85' lang='lat' dir='ltr'><strong>Testamentum</strong></span> <span class='ocrx_word' id='word_1_257' title='bbox 1477 1946 1758 2013; x_wconf 74' lang='lat' dir='ltr'><strong>judicavit,</strong></span> <span class='ocrx_word' id='word_1_258' title='bbox 1785 1963 1847 2002; x_wconf 90' lang='lat' dir='ltr'><strong>ea</strong></span> <span class='ocrx_word' id='word_1_259' title='bbox 1875 1951 2195 2014; x_wconf 90' lang='lat' dir='ltr'><strong>connectite,</strong></span> <span class='ocrx_word' id='word_1_260' title='bbox 2224 1966 2357 2021; x_wconf 77' lang='lat' dir='ltr'><strong>gen-</strong></span> <span class='ocrx_word' id='word_1_261' title='bbox 2387 1941 2430 1996; x_wconf 82' lang='grc' dir='ltr'><strong>Β</strong></span> <span class='ocrx_word' id='word_1_262' title='bbox 2458 1954 2530 2005; x_wconf 66' lang='grc' dir='ltr'><strong>κει</strong></span> 
     </span>
    </p>
   </div>
   <div class='ocr_carea' id='block_1_35' title="bbox 2276 1938 3981 2021">
    <p class='ocr_par' dir='ltr' id='par_1_35' title="bbox 2276 1938 3981 2019">
     <span class='ocr_line' id='line_1_35' title="bbox 2276 1938 3981 2019; baseline -0.009 -14"><span class='ocrx_word' id='word_1_263' title='bbox 2276 1967 2357 2005; x_wconf 74' lang='lat' dir='ltr'><strong>:n-</strong></span> <span class='ocrx_word' id='word_1_264' title='bbox 2387 1941 2430 1996; x_wconf 80' lang='grc' dir='ltr'><strong>Β</strong></span> <span class='ocrx_word' id='word_1_265' title='bbox 2458 1953 2619 2014; x_wconf 89' lang='grc' dir='ltr'>κείοις</span> <span class='ocrx_word' id='word_1_266' title='bbox 2667 1951 2773 2019; x_wconf 86' lang='grc' dir='ltr'><strong>γὰρ</strong></span> <span class='ocrx_word' id='word_1_267' title='bbox 2830 1951 3038 2003; x_wconf 76' lang='grc' dir='ltr'>ἅπαντα</span> <span class='ocrx_word' id='word_1_268' title='bbox 3077 1948 3345 2002; x_wconf 79' lang='grc' dir='ltr'>διοικεῖται</span> <span class='ocrx_word' id='word_1_269' title='bbox 3397 1947 3594 2016; x_wconf 86' lang='grc' dir='ltr'>νόμοις.</span> <span class='ocrx_word' id='word_1_270' title='bbox 3650 1943 3758 1996; x_wconf 74' lang='grc' dir='ltr'>Καὶ</span> <span class='ocrx_word' id='word_1_271' title='bbox 3818 1938 3981 1992; x_wconf 80' lang='grc' dir='ltr'>ταῦτα</span> 
     </span>
    </p>
   </div>
   <div class='ocr_carea' id='block_1_36' title="bbox 836 2032 2358 2112">
    <p class='ocr_par' dir='ltr' id='par_1_36' title="bbox 836 2032 2358 2112">
     <span class='ocr_line' id='line_1_36' title="bbox 836 2032 2358 2112; baseline 0.009 -27"><span class='ocrx_word' id='word_1_272' title='bbox 836 2032 968 2086; x_wconf 63' lang='lat' dir='ltr'><strong>tibus</strong></span> <span class='ocrx_word' id='word_1_273' title='bbox 987 2034 1368 2102; x_wconf 70' lang='lat' dir='ltr'><strong>praecipientes,</strong></span> <span class='ocrx_word' id='word_1_274' title='bbox 1393 2045 1451 2089; x_wconf 90' lang='lat' dir='ltr'><strong>ut</strong></span> <span class='ocrx_word' id='word_1_275' title='bbox 1471 2037 1672 2105; x_wconf 91' lang='lat' dir='ltr'><strong>judicia</strong></span> <span class='ocrx_word' id='word_1_276' title='bbox 1697 2038 1812 2106; x_wconf 89' lang='lat' dir='ltr'><strong>ejus</strong></span> <span class='ocrx_word' id='word_1_277' title='bbox 1827 2041 1978 2109; x_wconf 90' lang='lat' dir='ltr'><strong>quasi</strong></span> <span class='ocrx_word' id='word_1_278' title='bbox 2009 2042 2182 2111; x_wconf 81' lang='lat' dir='ltr'><strong>regias</strong></span> <span class='ocrx_word' id='word_1_279' title='bbox 2215 2043 2358 2112; x_wconf 79' lang='lat' dir='ltr'><strong>leges</strong></span> 
     </span>
    </p>
   </div>
   <div class='ocr_carea' id='block_1_37' title="bbox 835 2125 2360 2205">
    <p class='ocr_par' dir='ltr' id='par_1_37' title="bbox 835 2125 2360 2205">
     <span class='ocr_line' id='line_1_37' title="bbox 835 2125 2360 2205; baseline 0.007 -27"><span class='ocrx_word' id='word_1_280' title='bbox 835 2126 1149 2179; x_wconf 76' lang='lat' dir='ltr'><strong>custodiant.</strong></span> <span class='ocrx_word' id='word_1_281' title='bbox 1199 2125 1404 2182; x_wconf 88' lang='lat' dir='ltr'><strong>Judicia</strong></span> <span class='ocrx_word' id='word_1_282' title='bbox 1451 2144 1610 2198; x_wconf 90' lang='lat' dir='ltr'><strong>porro</strong></span> <span class='ocrx_word' id='word_1_283' title='bbox 1647 2132 1908 2202; x_wconf 75' lang='lat' dir='ltr'><strong>intelligas</strong></span> <span class='ocrx_word' id='word_1_284' title='bbox 1950 2148 2032 2198; x_wconf 90' lang='lat' dir='ltr'><strong>ea,</strong></span> <span class='ocrx_word' id='word_1_285' title='bbox 2071 2150 2190 2204; x_wconf 85' lang='lat' dir='ltr'><strong>quae</strong></span> <span class='ocrx_word' id='word_1_286' title='bbox 2213 2134 2360 2205; x_wconf 86' lang='lat' dir='ltr'><strong>justo</strong></span> 
     </span>
    </p>
   </div>
   <div class='ocr_carea' id='block_1_38' title="bbox 824 2214 2359 2294">
    <p class='ocr_par' dir='ltr' id='par_1_38' title="bbox 824 2214 2359 2294">
     <span class='ocr_line' id='line_1_38' title="bbox 824 2214 2359 2294; baseline 0.01 -29"><span class='ocrx_word' id='word_1_287' title='bbox 824 2214 1032 2270; x_wconf 82' lang='lat' dir='ltr'><strong>calculo</strong></span> <span class='ocrx_word' id='word_1_288' title='bbox 1077 2217 1393 2273; x_wconf 88' lang='lat' dir='ltr'><strong>mirabiliter</strong></span> <span class='ocrx_word' id='word_1_289' title='bbox 1419 2220 1562 2274; x_wconf 83' lang='lat' dir='ltr'><strong>edita</strong></span> <span class='ocrx_word' id='word_1_290' title='bbox 1586 2232 1729 2277; x_wconf 87' lang='lat' dir='ltr'><strong>sunt.</strong></span> <span class='ocrx_word' id='word_1_291' title='bbox 1756 2221 1886 2276; x_wconf 85' lang='lat' dir='ltr'><strong>Nam</strong></span> <span class='ocrx_word' id='word_1_292' title='bbox 1921 2223 2044 2292; x_wconf 89' lang='lat' dir='ltr'><strong>quia</strong></span> <span class='ocrx_word' id='word_1_293' title='bbox 2073 2241 2135 2278; x_wconf 90' lang='lat' dir='ltr'><strong>ea</strong></span> <span class='ocrx_word' id='word_1_294' title='bbox 2155 2232 2274 2294; x_wconf 73' lang='lat' dir='ltr'><strong>qua:</strong></span> <span class='ocrx_word' id='word_1_295' title='bbox 2303 2215 2359 2281; x_wconf 75' lang='lat' dir='ltr'><strong>in</strong></span> 
     </span>
    </p>
   </div>
   <div class='ocr_carea' id='block_1_39' title="bbox 827 2303 2358 2381">
    <p class='ocr_par' dir='ltr' id='par_1_39' title="bbox 827 2303 2358 2381">
     <span class='ocr_line' id='line_1_39' title="bbox 827 2303 2358 2381; baseline 0.009 -25"><span class='ocrx_word' id='word_1_296' title='bbox 827 2303 1057 2374; x_wconf 62' lang='lat' dir='ltr'><strong>Egypto</strong></span> <span class='ocrx_word' id='word_1_297' title='bbox 1084 2315 1231 2375; x_wconf 76' lang='lat' dir='ltr'><strong>gesta</strong></span> <span class='ocrx_word' id='word_1_298' title='bbox 1257 2316 1383 2362; x_wconf 89' lang='lat' dir='ltr'><strong>sunt</strong></span> <span class='ocrx_word' id='word_1_299' title='bbox 1414 2321 1733 2370; x_wconf 85' lang='lat' dir='ltr'><strong>narraturus</strong></span> <span class='ocrx_word' id='word_1_300' title='bbox 1762 2319 1864 2373; x_wconf 90' lang='lat' dir='ltr'><strong>est,</strong></span> <span class='ocrx_word' id='word_1_301' title='bbox 1901 2313 2165 2381; x_wconf 89' lang='lat' dir='ltr'><strong>justitiam</strong></span> <span class='ocrx_word' id='word_1_302' title='bbox 2195 2315 2358 2370; x_wconf 89' lang='lat' dir='ltr'><strong>ultio-</strong></span> 
     </span>
    </p>
   </div>
   <div class='ocr_carea' id='block_1_40' title="bbox 826 2393 2359 2471">
    <p class='ocr_par' dir='ltr' id='par_1_40' title="bbox 826 2393 2359 2471">
     <span class='ocr_line' id='line_1_40' title="bbox 826 2393 2359 2471; baseline 0.005 -21"><span class='ocrx_word' id='word_1_303' title='bbox 826 2393 913 2450; x_wconf 83' lang='lat' dir='ltr'><strong>nis</strong></span> <span class='ocrx_word' id='word_1_304' title='bbox 946 2393 1013 2447; x_wconf 92' lang='lat' dir='ltr'><strong>de</strong></span> <span class='ocrx_word' id='word_1_305' title='bbox 1059 2393 1322 2464; x_wconf 64' lang='lat' dir='ltr'><strong>Egyptiis</strong></span> <span class='ocrx_word' id='word_1_306' title='bbox 1367 2407 1589 2465; x_wconf 66' lang='lat' dir='ltr'><strong>sumptae</strong></span> <span class='ocrx_word' id='word_1_307' title='bbox 1620 2398 1812 2454; x_wconf 91' lang='lat' dir='ltr'><strong>docere</strong></span> <span class='ocrx_word' id='word_1_308' title='bbox 1852 2403 2154 2456; x_wconf 82' lang='lat' dir='ltr'><strong>antevertit.</strong></span> <span class='ocrx_word' id='word_1_309' title='bbox 2189 2401 2359 2471; x_wconf 80' lang='lat' dir='ltr'><strong>Opor-</strong></span> 
     </span>
    </p>
   </div>
   <div class='ocr_carea' id='block_1_41' title="bbox 826 2484 2358 2561">
    <p class='ocr_par' dir='ltr' id='par_1_41' title="bbox 826 2484 2358 2561">
     <span class='ocr_line' id='line_1_41' title="bbox 826 2484 2358 2561; baseline 0.005 -21"><span class='ocrx_word' id='word_1_310' title='bbox 826 2485 972 2541; x_wconf 87' lang='lat' dir='ltr'><strong>tebat</strong></span> <span class='ocrx_word' id='word_1_311' title='bbox 997 2484 1140 2537; x_wconf 90' lang='lat' dir='ltr'><strong>enim</strong></span> <span class='ocrx_word' id='word_1_312' title='bbox 1169 2499 1375 2548; x_wconf 88' lang='lat' dir='ltr'><strong>omnes,</strong></span> <span class='ocrx_word' id='word_1_313' title='bbox 1407 2488 1497 2554; x_wconf 91' lang='lat' dir='ltr'><strong>qui</strong></span> <span class='ocrx_word' id='word_1_314' title='bbox 1522 2491 1577 2542; x_wconf 92' lang='lat' dir='ltr'><strong>in</strong></span> <span class='ocrx_word' id='word_1_315' title='bbox 1599 2499 1739 2542; x_wconf 90' lang='lat' dir='ltr'><strong>terra</strong></span> <span class='ocrx_word' id='word_1_316' title='bbox 1763 2496 1906 2554; x_wconf 88' lang='lat' dir='ltr'><strong>sunt,</strong></span> <span class='ocrx_word' id='word_1_317' title='bbox 1943 2490 2207 2554; x_wconf 87' lang='lat' dir='ltr'><strong>homines,</strong></span> <span class='ocrx_word' id='word_1_318' title='bbox 2240 2491 2358 2561; x_wconf 87' lang='lat' dir='ltr'><strong>ejus</strong></span> 
     </span>
    </p>
   </div>
   <div class='ocr_carea' id='block_1_42' title="bbox 824 2573 2358 2651">
    <p class='ocr_par' dir='ltr' id='par_1_42' title="bbox 824 2573 2358 2651">
     <span class='ocr_line' id='line_1_42' title="bbox 824 2573 2358 2651; baseline 0.005 -23"><span class='ocrx_word' id='word_1_319' title='bbox 824 2573 1042 2644; x_wconf 84' lang='lat' dir='ltr'><strong>judiciis</strong></span> <span class='ocrx_word' id='word_1_320' title='bbox 1073 2576 1335 2640; x_wconf 88' lang='lat' dir='ltr'><strong>subditos,</strong></span> <span class='ocrx_word' id='word_1_321' title='bbox 1369 2592 1539 2648; x_wconf 86' lang='lat' dir='ltr'><strong>neque</strong></span> <span class='ocrx_word' id='word_1_322' title='bbox 1581 2586 1729 2648; x_wconf 77' lang='lat' dir='ltr'><strong>gesta</strong></span> <span class='ocrx_word' id='word_1_323' title='bbox 1758 2579 1898 2647; x_wconf 88' lang='lat' dir='ltr'><strong>ejus,</strong></span> <span class='ocrx_word' id='word_1_324' title='bbox 1934 2596 2105 2649; x_wconf 89' lang='lat' dir='ltr'><strong>neque</strong></span> <span class='ocrx_word' id='word_1_325' title='bbox 2155 2581 2358 2651; x_wconf 88' lang='lat' dir='ltr'><strong>judicia</strong></span> 
     </span>
    </p>
   </div>
   <div class='ocr_carea' id='block_1_43' title="bbox 827 2665 2356 2739">
    <p class='ocr_par' dir='ltr' id='par_1_43' title="bbox 827 2665 2356 2739">
     <span class='ocr_line' id='line_1_43' title="bbox 827 2665 2356 2739; baseline 0.004 -20"><span class='ocrx_word' id='word_1_326' title='bbox 827 2665 945 2734; x_wconf 85' lang='lat' dir='ltr'><strong>ejus</strong></span> <span class='ocrx_word' id='word_1_327' title='bbox 979 2666 1241 2737; x_wconf 69' lang='lat' dir='ltr'><strong>ignorare.</strong></span> <span class='ocrx_word' id='word_1_328' title='bbox 1275 2668 1481 2738; x_wconf 83' lang='lat' dir='ltr'><strong>Quibus</strong></span> <span class='ocrx_word' id='word_1_329' title='bbox 1503 2669 1722 2739; x_wconf 80' lang='lat' dir='ltr'><strong>judiciis</strong></span> <span class='ocrx_word' id='word_1_330' title='bbox 1756 2685 1862 2724; x_wconf 92' lang='lat' dir='ltr'><strong>non</strong></span> <span class='ocrx_word' id='word_1_331' title='bbox 1882 2672 2053 2725; x_wconf 91' lang='lat' dir='ltr'><strong>solum</strong></span> <span class='ocrx_word' id='word_1_332' title='bbox 2081 2670 2356 2725; x_wconf 80' lang='lat' dir='ltr'><strong>Iudaicam</strong></span> 
     </span>
    </p>
   </div>
   <div class='ocr_carea' id='block_1_44' title="bbox 827 2758 2359 2824">
    <p class='ocr_par' dir='ltr' id='par_1_44' title="bbox 827 2758 2359 2824">
     <span class='ocr_line' id='line_1_44' title="bbox 827 2758 2359 2824; baseline 0.005 -16"><span class='ocrx_word' id='word_1_333' title='bbox 827 2762 1057 2824; x_wconf 74' lang='lat' dir='ltr'><strong>gentem,</strong></span> <span class='ocrx_word' id='word_1_334' title='bbox 1074 2758 1166 2811; x_wconf 89' lang='lat' dir='ltr'><strong>sed</strong></span> <span class='ocrx_word' id='word_1_335' title='bbox 1189 2759 1348 2812; x_wconf 86' lang='lat' dir='ltr'><strong>etiam</strong></span> <span class='ocrx_word' id='word_1_336' title='bbox 1365 2774 1550 2815; x_wconf 84' lang='lat' dir='ltr'><strong>omnes</strong></span> <span class='ocrx_word' id='word_1_337' title='bbox 1577 2759 1632 2813; x_wconf 90' lang='lat' dir='ltr'><strong>in</strong></span> <span class='ocrx_word' id='word_1_338' title='bbox 1649 2767 1790 2814; x_wconf 89' lang='lat' dir='ltr'><strong>terra</strong></span> <span class='ocrx_word' id='word_1_339' title='bbox 1818 2761 2060 2815; x_wconf 88' lang='lat' dir='ltr'><strong>homines</strong></span> <span class='ocrx_word' id='word_1_340' title='bbox 2079 2763 2359 2817; x_wconf 88' lang='lat' dir='ltr'><strong>vocatione</strong></span> 
     </span>
    </p>
   </div>
   <div class='ocr_carea' id='block_1_45' title="bbox 829 2844 1445 2914">
    <p class='ocr_par' dir='ltr' id='par_1_45' title="bbox 829 2844 1445 2914">
     <span class='ocr_line' id='line_1_45' title="bbox 829 2844 1445 2914; baseline 0.005 -17"><span class='ocrx_word' id='word_1_341' title='bbox 829 2859 928 2897; x_wconf 82' lang='lat' dir='ltr'><strong>sua</strong></span> <span class='ocrx_word' id='word_1_342' title='bbox 956 2844 1165 2914; x_wconf 76' lang='lat' dir='ltr'><strong>dignari</strong></span> <span class='ocrx_word' id='word_1_343' title='bbox 1192 2845 1445 2901; x_wconf 88' lang='lat' dir='ltr'><strong>decrevit.</strong></span> 
     </span>
    </p>
   </div>
   <div class='ocr_carea' id='block_1_46' title="bbox 2457 2027 3986 2110">
    <p class='ocr_par' dir='ltr' id='par_1_46' title="bbox 2457 2027 3986 2110">
     <span class='ocr_line' id='line_1_46' title="bbox 2457 2027 3986 2110; baseline -0.01 -15"><span class='ocrx_word' id='word_1_344' title='bbox 2457 2043 2665 2097; x_wconf 72' lang='grc' dir='ltr'>ἅπαντα</span> <span class='ocrx_word' id='word_1_345' title='bbox 2704 2041 3026 2110; x_wconf 83' lang='grc' dir='ltr'>ἐπιτάγμασι</span> <span class='ocrx_word' id='word_1_346' title='bbox 3055 2038 3294 2106; x_wconf 88' lang='grc' dir='ltr'>γέγονεν,</span> <span class='ocrx_word' id='word_1_347' title='bbox 3339 2038 3469 2106; x_wconf 82' lang='grc' dir='ltr'>ὅπερ</span> <span class='ocrx_word' id='word_1_348' title='bbox 3499 2032 3741 2104; x_wconf 81' lang='grc' dir='ltr'>δηλοῦται</span> <span class='ocrx_word' id='word_1_349' title='bbox 3772 2031 3857 2084; x_wconf 82' lang='grc' dir='ltr'><strong>διὰ</strong></span> <span class='ocrx_word' id='word_1_350' title='bbox 3895 2027 3986 2081; x_wconf 79' lang='grc' dir='ltr'>τοῦ</span> 
     </span>
    </p>
   </div>
   <div class='ocr_carea' id='block_1_47' title="bbox 2458 2119 3986 2199">
    <p class='ocr_par' dir='ltr' id='par_1_47' title="bbox 2458 2119 3986 2199">
     <span class='ocr_line' id='line_1_47' title="bbox 2458 2119 3986 2199; baseline -0.009 -16"><span class='ocrx_word' id='word_1_351' title='bbox 2458 2130 2735 2199; x_wconf 83' lang='grc' dir='ltr'>στόματος.</span> <span class='ocrx_word' id='word_1_352' title='bbox 2767 2131 2902 2182; x_wconf 86' lang='grc' dir='ltr'>Ὅσα</span> <span class='ocrx_word' id='word_1_353' title='bbox 2929 2131 3103 2182; x_wconf 84' lang='grc' dir='ltr'>τοίνυν</span> <span class='ocrx_word' id='word_1_354' title='bbox 3133 2129 3193 2182; x_wconf 81' lang='grc' dir='ltr'><strong>τὸ</strong></span> <span class='ocrx_word' id='word_1_355' title='bbox 3228 2128 3396 2197; x_wconf 84' lang='grc' dir='ltr'>στόμα</span> <span class='ocrx_word' id='word_1_356' title='bbox 3437 2123 3596 2178; x_wconf 79' lang='grc' dir='ltr'>αὐτοῦ</span> <span class='ocrx_word' id='word_1_357' title='bbox 3629 2123 3854 2193; x_wconf 71' lang='grc' dir='ltr'>ἔκρινεν,</span> <span class='ocrx_word' id='word_1_358' title='bbox 3881 2119 3986 2172; x_wconf 75' lang='grc' dir='ltr'>εἴτε</span> 
     </span>
    </p>
   </div>
   <div class='ocr_carea' id='block_1_48' title="bbox 2458 2211 3988 2289">
    <p class='ocr_par' dir='ltr' id='par_1_48' title="bbox 2458 2211 3988 2289">
     <span class='ocr_line' id='line_1_48' title="bbox 2458 2211 3988 2289; baseline -0.005 -13"><span class='ocrx_word' id='word_1_359' title='bbox 2458 2221 2545 2276; x_wconf 84' lang='grc' dir='ltr'>διὰ</span> <span class='ocrx_word' id='word_1_360' title='bbox 2568 2221 2663 2289; x_wconf 84' lang='grc' dir='ltr'><strong>τῆς</strong></span> <span class='ocrx_word' id='word_1_361' title='bbox 2694 2219 2950 2284; x_wconf 80' lang='grc' dir='ltr'>Παλαιᾶς,</span> <span class='ocrx_word' id='word_1_362' title='bbox 2975 2222 3082 2275; x_wconf 81' lang='grc' dir='ltr'>εἴτε</span> <span class='ocrx_word' id='word_1_363' title='bbox 3109 2220 3194 2276; x_wconf 82' lang='grc' dir='ltr'><strong>διὰ</strong></span> <span class='ocrx_word' id='word_1_364' title='bbox 3216 2219 3312 2288; x_wconf 88' lang='grc' dir='ltr'><strong>τῆς</strong></span> <span class='ocrx_word' id='word_1_365' title='bbox 3341 2217 3482 2278; x_wconf 83' lang='grc' dir='ltr'>Νέας</span> <span class='ocrx_word' id='word_1_366' title='bbox 3498 2214 3765 2284; x_wconf 88' lang='grc' dir='ltr'>Διαθήκης</span> <span class='ocrx_word' id='word_1_367' title='bbox 3791 2211 3988 2281; x_wconf 67' lang='grc' dir='ltr'>ἔκρινε,</span> 
     </span>
    </p>
   </div>
   <div class='ocr_carea' id='block_1_49' title="bbox 2458 2299 3992 2380">
    <p class='ocr_par' dir='ltr' id='par_1_49' title="bbox 2458 2299 3992 2380">
     <span class='ocr_line' id='line_1_49' title="bbox 2458 2299 3992 2380; baseline -0.006 -14"><span class='ocrx_word' id='word_1_368' title='bbox 2458 2311 2835 2380; x_wconf 76' lang='grc' dir='ltr'>ὲπισυνάῲατε,</span> <span class='ocrx_word' id='word_1_369' title='bbox 2888 2312 3167 2380; x_wconf 83' lang='grc' dir='ltr'>φυλάττειν</span> <span class='ocrx_word' id='word_1_370' title='bbox 3214 2311 3288 2373; x_wconf 86' lang='grc' dir='ltr'>ὠς</span> <span class='ocrx_word' id='word_1_371' title='bbox 3334 2309 3525 2377; x_wconf 86' lang='grc' dir='ltr'>νόμους</span> <span class='ocrx_word' id='word_1_372' title='bbox 3571 2303 3869 2376; x_wconf 82' lang='grc' dir='ltr'>βασιλικοὺς</span> <span class='ocrx_word' id='word_1_373' title='bbox 3923 2299 3992 2357; x_wconf 70' lang='grc' dir='ltr'>τὰ</span> 
     </span>
    </p>
   </div>
   <div class='ocr_carea' id='block_1_50' title="bbox 2459 2395 3990 2476">
    <p class='ocr_par' dir='ltr' id='par_1_50' title="bbox 2459 2395 3990 2476">
     <span class='ocr_line' id='line_1_50' title="bbox 2459 2395 3990 2476; baseline -0.011 -17"><span class='ocrx_word' id='word_1_374' title='bbox 2459 2407 2696 2476; x_wconf 87' lang='grc' dir='ltr'>κρίματα</span> <span class='ocrx_word' id='word_1_375' title='bbox 2728 2405 2888 2459; x_wconf 83' lang='grc' dir='ltr'>αὐτοῦ</span> <span class='ocrx_word' id='word_1_376' title='bbox 2919 2406 3028 2466; x_wconf 88' lang='grc' dir='ltr'>τοῖς</span> <span class='ocrx_word' id='word_1_377' title='bbox 3058 2403 3228 2454; x_wconf 73' lang='grc' dir='ltr'>ἔθνεσι</span> <span class='ocrx_word' id='word_1_378' title='bbox 3261 2397 3734 2470; x_wconf 82' lang='grc' dir='ltr'>παραγγέλλοντες.</span> <span class='ocrx_word' id='word_1_379' title='bbox 3762 2395 3990 2462; x_wconf 85' lang='grc' dir='ltr'>Νοήσεις</span> 
     </span>
    </p>
   </div>
   <div class='ocr_carea' id='block_1_51' title="bbox 2455 2482 3988 2564">
    <p class='ocr_par' dir='ltr' id='par_1_51' title="bbox 2455 2482 3988 2564">
     <span class='ocr_line' id='line_1_51' title="bbox 2455 2482 3988 2564; baseline -0.01 -17"><span class='ocrx_word' id='word_1_380' title='bbox 2455 2495 2514 2547; x_wconf 84' lang='grc' dir='ltr'>δὲ</span> <span class='ocrx_word' id='word_1_381' title='bbox 2567 2494 2804 2564; x_wconf 87' lang='grc' dir='ltr'>κρίματα</span> <span class='ocrx_word' id='word_1_382' title='bbox 2857 2493 2926 2547; x_wconf 80' lang='grc' dir='ltr'><strong>τὰ</strong></span> <span class='ocrx_word' id='word_1_383' title='bbox 2983 2491 3164 2561; x_wconf 73' lang='grc' dir='ltr'>δικαίᾳ</span> <span class='ocrx_word' id='word_1_384' title='bbox 3219 2489 3379 2561; x_wconf 80' lang='grc' dir='ltr'>ψήφῳ</span> <span class='ocrx_word' id='word_1_385' title='bbox 3433 2482 3988 2556; x_wconf 76' lang='grc' dir='ltr'>θαυματουργηθέντα.</span> 
     </span>
    </p>
   </div>
   <div class='ocr_carea' id='block_1_52' title="bbox 2469 2571 3992 2653">
    <p class='ocr_par' dir='ltr' id='par_1_52' title="bbox 2469 2571 3992 2653">
     <span class='ocr_line' id='line_1_52' title="bbox 2469 2571 3992 2653; baseline -0.011 -17"><span class='ocrx_word' id='word_1_386' title='bbox 2469 2583 2678 2652; x_wconf 84' lang='grc' dir='ltr'>Ἐπειδὴ</span> <span class='ocrx_word' id='word_1_387' title='bbox 2707 2583 2810 2653; x_wconf 87' lang='grc' dir='ltr'><strong>γὰρ</strong></span> <span class='ocrx_word' id='word_1_388' title='bbox 2832 2583 2899 2637; x_wconf 84' lang='grc' dir='ltr'><strong>τά</strong></span> <span class='ocrx_word' id='word_1_389' title='bbox 2925 2585 2980 2634; x_wconf 86' lang='grc' dir='ltr'>ὲν</span> <span class='ocrx_word' id='word_1_390' title='bbox 2999 2581 3251 2649; x_wconf 77' lang='grc' dir='ltr'>Αἰγύπτῳ</span> <span class='ocrx_word' id='word_1_391' title='bbox 3279 2577 3454 2650; x_wconf 85' lang='grc' dir='ltr'>μέλλει</span> <span class='ocrx_word' id='word_1_392' title='bbox 3476 2572 3789 2642; x_wconf 74' lang='grc' dir='ltr'>διηγεῖσθαι,</span> <span class='ocrx_word' id='word_1_393' title='bbox 3815 2571 3992 2640; x_wconf 60' lang='lat' dir='ltr'><strong>«pods-</strong></span> 
     </span>
    </p>
   </div>
   <div class='ocr_carea' id='block_1_53' title="bbox 2457 2656 3990 2744">
    <p class='ocr_par' dir='ltr' id='par_1_53' title="bbox 2457 2656 3990 2744">
     <span class='ocr_line' id='line_1_53' title="bbox 2457 2656 3990 2744; baseline 0.002 -22"><span class='ocrx_word' id='word_1_394' title='bbox 2457 2669 2639 2725; x_wconf 88' lang='grc' dir='ltr'>δάσκει</span> <span class='ocrx_word' id='word_1_395' title='bbox 2663 2671 2759 2740; x_wconf 86' lang='grc' dir='ltr'><strong>τῆς</strong></span> <span class='ocrx_word' id='word_1_396' title='bbox 2787 2669 3087 2744; x_wconf 74' lang='grc' dir='ltr'>Δίγυπτίων</span> <span class='ocrx_word' id='word_1_397' title='bbox 3112 2667 3372 2738; x_wconf 79' lang='grc' dir='ltr'>τιμωρίας</span> <span class='ocrx_word' id='word_1_398' title='bbox 3396 2665 3455 2718; x_wconf 81' lang='grc' dir='ltr'><strong>τὸ</strong></span> <span class='ocrx_word' id='word_1_399' title='bbox 3478 2663 3696 2718; x_wconf 89' lang='grc' dir='ltr'>δίκαιον.</span> <span class='ocrx_word' id='word_1_400' title='bbox 3723 2659 3864 2713; x_wconf 82' lang='grc' dir='ltr'>Ἔδει</span> <span class='ocrx_word' id='word_1_401' title='bbox 3885 2656 3990 2727; x_wconf 73' lang='grc' dir='ltr'>γὰρ</span> 
     </span>
    </p>
   </div>
   <div class='ocr_carea' id='block_1_54' title="bbox 2458 2750 3991 2829">
    <p class='ocr_par' dir='ltr' id='par_1_54' title="bbox 2458 2750 3991 2829">
     <span class='ocr_line' id='line_1_54' title="bbox 2458 2750 3991 2829; baseline -0.002 -18"><span class='ocrx_word' id='word_1_402' title='bbox 2458 2760 2658 2822; x_wconf 83' lang='grc' dir='ltr'>πάντας</span> <span class='ocrx_word' id='word_1_403' title='bbox 2697 2761 2818 2822; x_wconf 83' lang='grc' dir='ltr'>τοὺς</span> <span class='ocrx_word' id='word_1_404' title='bbox 2854 2761 2944 2812; x_wconf 82' lang='grc' dir='ltr'><strong>ὲπὶ</strong></span> <span class='ocrx_word' id='word_1_405' title='bbox 2982 2760 3082 2829; x_wconf 88' lang='grc' dir='ltr'><strong>γῆς</strong></span> <span class='ocrx_word' id='word_1_406' title='bbox 3120 2756 3429 2829; x_wconf 83' lang='grc' dir='ltr'>ἀνθρώπους</span> <span class='ocrx_word' id='word_1_407' title='bbox 3471 2751 3848 2822; x_wconf 79' lang='grc' dir='ltr'>ὑποκειμένους</span> <span class='ocrx_word' id='word_1_408' title='bbox 3879 2750 3991 2808; x_wconf 76' lang='grc' dir='ltr'>τοῖς</span> 
     </span>
    </p>
   </div>
   <div class='ocr_carea' id='block_1_55' title="bbox 2459 2837 3990 2921">
    <p class='ocr_par' dir='ltr' id='par_1_55' title="bbox 2459 2837 3990 2921">
     <span class='ocr_line' id='line_1_55' title="bbox 2459 2837 3990 2921; baseline -0.007 -19"><span class='ocrx_word' id='word_1_409' title='bbox 2459 2847 2618 2902; x_wconf 80' lang='grc' dir='ltr'>αὐτοῦ</span> <span class='ocrx_word' id='word_1_410' title='bbox 2650 2849 2872 2918; x_wconf 72' lang='grc' dir='ltr'>κρίμασι</span> <span class='ocrx_word' id='word_1_411' title='bbox 2904 2849 2976 2921; x_wconf 80' lang='grc' dir='ltr'><strong>μὴ</strong></span> <span class='ocrx_word' id='word_1_412' title='bbox 3005 2850 3212 2916; x_wconf 84' lang='grc' dir='ltr'>ἀγνοεῖν</span> <span class='ocrx_word' id='word_1_413' title='bbox 3249 2848 3380 2918; x_wconf 84' lang='grc' dir='ltr'>μήτε</span> <span class='ocrx_word' id='word_1_414' title='bbox 3405 2845 3471 2898; x_wconf 83' lang='grc' dir='ltr'><strong>τὰ</strong></span> <span class='ocrx_word' id='word_1_415' title='bbox 3503 2843 3635 2914; x_wconf 75' lang='grc' dir='ltr'>ἔργα</span> <span class='ocrx_word' id='word_1_416' title='bbox 3661 2839 3821 2893; x_wconf 83' lang='grc' dir='ltr'>αὐτοῦ</span> <span class='ocrx_word' id='word_1_417' title='bbox 3854 2837 3990 2908; x_wconf 76' lang='grc' dir='ltr'>μήτε</span> 
     </span>
    </p>
   </div>
   <div class='ocr_carea' id='block_1_56' title="bbox 826 2931 3990 3012">
    <p class='ocr_par' dir='ltr' id='par_1_56' title="bbox 826 2931 3990 3012">
     <span class='ocr_line' id='line_1_56' title="bbox 826 2931 3990 3012; baseline 0.002 -20"><span class='ocrx_word' id='word_1_418' title='bbox 826 2936 895 2991; x_wconf 75' lang='grc' dir='ltr'><strong>τὰ</strong></span> <span class='ocrx_word' id='word_1_419' title='bbox 921 2937 1157 3006; x_wconf 79' lang='grc' dir='ltr'>κρίματα</span> <span class='ocrx_word' id='word_1_420' title='bbox 1182 2939 1362 2993; x_wconf 81' lang='grc' dir='ltr'>αὐτοῦ.</span> <span class='ocrx_word' id='word_1_421' title='bbox 1388 2941 1465 2990; x_wconf 86' lang='grc' dir='ltr'><strong>Δι’</strong></span> <span class='ocrx_word' id='word_1_422' title='bbox 1487 2932 1560 2996; x_wconf 86' lang='grc' dir='ltr'>ὧν</span> <span class='ocrx_word' id='word_1_423' title='bbox 1581 2942 1856 3011; x_wconf 87' lang='grc' dir='ltr'>κριμάτων</span> <span class='ocrx_word' id='word_1_424' title='bbox 1879 2943 1937 2993; x_wconf 86' lang='grc' dir='ltr'><strong>οὐ</strong></span> <span class='ocrx_word' id='word_1_425' title='bbox 1971 2943 2124 3012; x_wconf 87' lang='grc' dir='ltr'>μόνον</span> <span class='ocrx_word' id='word_1_426' title='bbox 2149 2943 2208 2994; x_wconf 82' lang='grc' dir='ltr'>τὸ</span> <span class='ocrx_word' id='word_1_427' title='bbox 2239 2943 2496 2998; x_wconf 80' lang='grc' dir='ltr'>Ἰουδαίων</span> <span class='ocrx_word' id='word_1_428' title='bbox 2530 2943 2694 3007; x_wconf 83' lang='grc' dir='ltr'>έθνος,</span> <span class='ocrx_word' id='word_1_429' title='bbox 2725 2941 2860 2995; x_wconf 84' lang='grc' dir='ltr'>ἀλλὰ</span> <span class='ocrx_word' id='word_1_430' title='bbox 2897 2943 2988 2995; x_wconf 79' lang='grc' dir='ltr'>καὶ</span> <span class='ocrx_word' id='word_1_431' title='bbox 3019 2943 3221 3003; x_wconf 86' lang='grc' dir='ltr'>πάντας</span> <span class='ocrx_word' id='word_1_432' title='bbox 3256 2942 3379 3002; x_wconf 81' lang='grc' dir='ltr'>τοὺς</span> <span class='ocrx_word' id='word_1_433' title='bbox 3416 2938 3507 2991; x_wconf 72' lang='grc' dir='ltr'><strong>ἐπὶ</strong></span> <span class='ocrx_word' id='word_1_434' title='bbox 3537 2937 3638 3004; x_wconf 80' lang='grc' dir='ltr'><strong>γῆς</strong></span> <span class='ocrx_word' id='word_1_435' title='bbox 3682 2931 3990 3002; x_wconf 64' lang='grc' dir='ltr'>ἀνθρώτωυσ</span> 
     </span>
    </p>
   </div>
   <div class='ocr_carea' id='block_1_57' title="bbox 827 3029 1949 3105">
    <p class='ocr_par' dir='ltr' id='par_1_57' title="bbox 827 3029 1949 3105">
     <span class='ocr_line' id='line_1_57' title="bbox 827 3029 1949 3105; baseline 0.005 -21"><span class='ocrx_word' id='word_1_436' title='bbox 827 3029 1004 3099; x_wconf 70' lang='grc' dir='ltr'>ἔκρινε</span> <span class='ocrx_word' id='word_1_437' title='bbox 1031 3033 1126 3102; x_wconf 87' lang='grc' dir='ltr'><strong>τῆς</strong></span> <span class='ocrx_word' id='word_1_438' title='bbox 1152 3035 1312 3090; x_wconf 81' lang='grc' dir='ltr'>αὐτοῦ</span> <span class='ocrx_word' id='word_1_439' title='bbox 1341 3037 1578 3105; x_wconf 85' lang='grc' dir='ltr'>κλήσεως</span> <span class='ocrx_word' id='word_1_440' title='bbox 1604 3034 1949 3098; x_wconf 78' lang='grc' dir='ltr'>καταξιῶσαι.</span> 
     </span>
    </p>
   </div>
   <div class='ocr_carea' id='block_1_58' title="bbox 903 3147 2360 3221">
    <p class='ocr_par' dir='ltr' id='par_1_58' title="bbox 903 3147 2360 3221">
     <span class='ocr_line' id='line_1_58' title="bbox 903 3147 2360 3221; baseline 0.001 -22"><span class='ocrx_word' id='word_1_441' title='bbox 903 3147 1059 3202; x_wconf 76' lang='lat' dir='ltr'><strong>Vens.</strong></span> <span class='ocrx_word' id='word_1_442' title='bbox 1089 3151 1212 3213; x_wconf 85' lang='lat'><strong>6,7.</strong></span> <span class='ocrx_word' id='word_1_443' title='bbox 1245 3150 1426 3205; x_wconf 83' lang='lat' dir='ltr'><strong>Semen</strong></span> <span class='ocrx_word' id='word_1_444' title='bbox 1457 3151 1720 3204; x_wconf 81' lang='lat' dir='ltr'><strong>Abraham</strong></span> <span class='ocrx_word' id='word_1_445' title='bbox 1755 3154 1887 3205; x_wconf 85' lang='lat' dir='ltr'><strong>servi</strong></span> <span class='ocrx_word' id='word_1_446' title='bbox 1918 3152 2047 3220; x_wconf 79' lang='lat' dir='ltr'><strong>ejus,</strong></span> <span class='ocrx_word' id='word_1_447' title='bbox 2080 3153 2180 3221; x_wconf 81' lang='lat' dir='ltr'><strong>ﬁlii</strong></span> <span class='ocrx_word' id='word_1_448' title='bbox 2199 3149 2360 3205; x_wconf 83' lang='lat' dir='ltr'><strong>Iacob</strong></span> 
     </span>
    </p>
   </div>
   <div class='ocr_carea' id='block_1_59' title="bbox 2531 3136 3994 3217">
    <p class='ocr_par' dir='ltr' id='par_1_59' title="bbox 2531 3136 3994 3217">
     <span class='ocr_line' id='line_1_59' title="bbox 2531 3136 3994 3217; baseline -0.01 -15"><span class='ocrx_word' id='word_1_449' title='bbox 2531 3147 2765 3217; x_wconf 80' lang='grc' dir='ltr'>Σπέρμα</span> <span class='ocrx_word' id='word_1_450' title='bbox 2821 3146 3060 3216; x_wconf 72' lang='grc' dir='ltr'>Ἀϐραὰμ</span> <span class='ocrx_word' id='word_1_451' title='bbox 3095 3144 3312 3199; x_wconf 68' lang='grc' dir='ltr'>δοῦλοι</span> <span class='ocrx_word' id='word_1_452' title='bbox 3367 3141 3569 3210; x_wconf 84' lang='grc' dir='ltr'>αὑτοῦ,</span> <span class='ocrx_word' id='word_1_453' title='bbox 3625 3138 3743 3193; x_wconf 81' lang='lat' dir='ltr'><strong>vlol</strong></span> <span class='ocrx_word' id='word_1_454' title='bbox 3802 3136 3994 3191; x_wconf 76' lang='grc' dir='ltr'>Ἰακὼϐ</span> 
     </span>
    </p>
   </div>
   <div class='ocr_carea' id='block_1_60' title="bbox 849 3223 2554 3316">
    <p class='ocr_par' dir='ltr' id='par_1_60' title="bbox 849 3236 2554 3316">
     <span class='ocr_line' id='line_1_60' title="bbox 849 3236 2554 3316; baseline 0.004 -30"><span class='ocrx_word' id='word_1_455' title='bbox 849 3236 973 3290; x_wconf 72' lang='grc' dir='ltr'>οιθειῖ</span> <span class='ocrx_word' id='word_1_456' title='bbox 1000 3239 1129 3305; x_wconf 89' lang='lat' dir='ltr'><strong>ejus.</strong></span> <span class='ocrx_word' id='word_1_457' title='bbox 1165 3236 1283 3307; x_wconf 91' lang='lat' dir='ltr'><strong>Ipse</strong></span> <span class='ocrx_word' id='word_1_458' title='bbox 1311 3239 1560 3294; x_wconf 87' lang='lat' dir='ltr'><strong>Dominus</strong></span> <span class='ocrx_word' id='word_1_459' title='bbox 1605 3239 1742 3293; x_wconf 87' lang='lat' dir='ltr'><strong>Deus</strong></span> <span class='ocrx_word' id='word_1_460' title='bbox 1766 3250 1956 3295; x_wconf 86' lang='lat' dir='ltr'><strong>noster.</strong></span> <span class='ocrx_word' id='word_1_461' title='bbox 1975 3240 2234 3306; x_wconf 89' lang='lat' dir='ltr'><strong>Quoniam</strong></span> <span class='ocrx_word' id='word_1_462' title='bbox 2261 3257 2362 3293; x_wconf 86' lang='lat' dir='ltr'><strong>non</strong></span> <span class='ocrx_word' id='word_1_463' title='bbox 2389 3256 2433 3316; x_wconf 73' lang='grc' dir='ltr'>ο</span> <span class='ocrx_word' id='word_1_464' title='bbox 2461 3238 2554 3292; x_wconf 51' lang='grc' dir='ltr'><strong>ἐκέ</strong></span> 
     </span>
    </p>
   </div>
   <div class='ocr_carea' id='block_1_61' title="bbox 2281 3223 3986 3316">
    <p class='ocr_par' dir='ltr' id='par_1_61' title="bbox 2281 3223 3986 3316">
     <span class='ocr_line' id='line_1_61' title="bbox 2281 3223 3986 3316; baseline -0.009 -24"><span class='ocrx_word' id='word_1_465' title='bbox 2281 3257 2362 3293; x_wconf 76' lang='lat' dir='ltr'><strong>ton</strong></span> <span class='ocrx_word' id='word_1_466' title='bbox 2389 3256 2433 3316; x_wconf 73' lang='grc' dir='ltr'>ο</span> <span class='ocrx_word' id='word_1_467' title='bbox 2461 3238 2727 3292; x_wconf 78' lang='grc' dir='ltr'>ἐκλεκτοὶ</span> <span class='ocrx_word' id='word_1_468' title='bbox 2772 3237 2980 3291; x_wconf 61' lang='grc' dir='ltr'>αὑτοῦ,</span> <span class='ocrx_word' id='word_1_469' title='bbox 3019 3233 3469 3302; x_wconf 67' lang='grc' dir='ltr'>Αὑτὸςιιίύριος</span> <span class='ocrx_word' id='word_1_470' title='bbox 3523 3233 3554 3282; x_wconf 83' lang='grc' dir='ltr'><strong>ό</strong></span> <span class='ocrx_word' id='word_1_471' title='bbox 3607 3226 3748 3290; x_wconf 82' lang='grc' dir='ltr'>Θεὸς</span> 
     </span>
    </p>
   </div>
   <div class='ocr_carea' id='block_1_62' title="bbox 852 3328 2360 3401">
    <p class='ocr_par' dir='ltr' id='par_1_62' title="bbox 852 3328 2360 3401">
     <span class='ocr_line' id='line_1_62' title="bbox 852 3328 2360 3401; baseline 0.003 -23"><span class='ocrx_word' id='word_1_472' title='bbox 852 3343 1003 3380; x_wconf 73' lang='grc' dir='ltr'>ιηιηεε</span> <span class='ocrx_word' id='word_1_473' title='bbox 1031 3328 1119 3396; x_wconf 89' lang='lat' dir='ltr'><strong>qui</strong></span> <span class='ocrx_word' id='word_1_474' title='bbox 1141 3344 1204 3382; x_wconf 75' lang='lat' dir='ltr'><strong>ea:</strong></span> <span class='ocrx_word' id='word_1_475' title='bbox 1233 3328 1425 3394; x_wconf 88' lang='lat' dir='ltr'><strong>Israel,</strong></span> <span class='ocrx_word' id='word_1_476' title='bbox 1479 3332 1520 3384; x_wconf 86' lang='lat' dir='ltr'><strong>ii</strong></span> <span class='ocrx_word' id='word_1_477' title='bbox 1567 3341 1687 3386; x_wconf 88' lang='lat' dir='ltr'><strong>sunt</strong></span> <span class='ocrx_word' id='word_1_478' title='bbox 1741 3329 2035 3395; x_wconf 60' lang='lat' dir='ltr'><strong>Israelita,</strong></span> <span class='ocrx_word' id='word_1_479' title='bbox 2087 3349 2243 3401; x_wconf 83' lang='lat' dir='ltr'><strong>neque</strong></span> <span class='ocrx_word' id='word_1_480' title='bbox 2271 3333 2360 3401; x_wconf 85' lang='lat' dir='ltr'><strong>qui</strong></span> 
     </span>
    </p>
   </div>
   <div class='ocr_carea' id='block_1_63' title="bbox 835 3421 2361 3492">
    <p class='ocr_par' dir='ltr' id='par_1_63' title="bbox 835 3421 2361 3492">
     <span class='ocr_line' id='line_1_63' title="bbox 835 3421 2361 3492; baseline 0.003 -21"><span class='ocrx_word' id='word_1_481' title='bbox 835 3433 1000 3471; x_wconf 71' lang='lat' dir='ltr'><strong>semen</strong></span> <span class='ocrx_word' id='word_1_482' title='bbox 1057 3430 1178 3473; x_wconf 85' lang='lat' dir='ltr'><strong>sunt</strong></span> <span class='ocrx_word' id='word_1_483' title='bbox 1228 3421 1469 3487; x_wconf 63' lang='lat' dir='ltr'><strong>Abrahae,</strong></span> <span class='ocrx_word' id='word_1_484' title='bbox 1525 3439 1698 3477; x_wconf 87' lang='lat' dir='ltr'><strong>omnes</strong></span> <span class='ocrx_word' id='word_1_485' title='bbox 1746 3423 1934 3490; x_wconf 81' lang='lat' dir='ltr'><strong>ﬁlii&quot;;</strong></span> <span class='ocrx_word' id='word_1_486' title='bbox 1976 3423 2098 3492; x_wconf 89' lang='lat' dir='ltr'><strong>jure</strong></span> <span class='ocrx_word' id='word_1_487' title='bbox 2141 3422 2361 3492; x_wconf 90' lang='lat' dir='ltr'><strong>quidem</strong></span> 
     </span>
    </p>
   </div>
   <div class='ocr_carea' id='block_1_64' title="bbox 833 3506 2362 3586">
    <p class='ocr_par' dir='ltr' id='par_1_64' title="bbox 833 3506 2362 3586">
     <span class='ocr_line' id='line_1_64' title="bbox 833 3506 2362 3586; baseline 0.003 -24"><span class='ocrx_word' id='word_1_488' title='bbox 833 3506 1075 3564; x_wconf 88' lang='lat' dir='ltr'><strong>Salvator</strong></span> <span class='ocrx_word' id='word_1_489' title='bbox 1103 3520 1287 3568; x_wconf 89' lang='lat' dir='ltr'><strong>noster</strong></span> <span class='ocrx_word' id='word_1_490' title='bbox 1311 3514 1506 3570; x_wconf 66' lang='lat' dir='ltr'><strong>Iudaeis</strong></span> <span class='ocrx_word' id='word_1_491' title='bbox 1532 3519 1624 3586; x_wconf 90' lang='lat' dir='ltr'><strong>qui</strong></span> <span class='ocrx_word' id='word_1_492' title='bbox 1655 3533 1720 3573; x_wconf 79' lang='lat' dir='ltr'><strong>ex</strong></span> <span class='ocrx_word' id='word_1_493' title='bbox 1751 3517 1955 3572; x_wconf 91' lang='lat' dir='ltr'><strong>semine</strong></span> <span class='ocrx_word' id='word_1_494' title='bbox 1983 3514 2216 3580; x_wconf 59' lang='lat' dir='ltr'><strong>Abrahae</strong></span> <span class='ocrx_word' id='word_1_495' title='bbox 2242 3528 2362 3567; x_wconf 86' lang='lat' dir='ltr'><strong>esse</strong></span> 
     </span>
    </p>
   </div>
   <div class='ocr_carea' id='block_1_65' title="bbox 830 3601 2357 3676">
    <p class='ocr_par' dir='ltr' id='par_1_65' title="bbox 830 3601 2357 3676">
     <span class='ocr_line' id='line_1_65' title="bbox 830 3601 2357 3676; baseline 0.003 -22"><span class='ocrx_word' id='word_1_496' title='bbox 830 3601 1216 3670; x_wconf 79' lang='lat' dir='ltr'><strong>gloriabantur,</strong></span> <span class='ocrx_word' id='word_1_497' title='bbox 1234 3605 1367 3658; x_wconf 83' lang='lat' dir='ltr'><strong>dixit</strong></span> <span class='ocrx_word' id='word_1_498' title='bbox 1388 3605 1535 3660; x_wconf 88' lang='lat' dir='ltr'><strong>:Scio</strong></span> <span class='ocrx_word' id='word_1_499' title='bbox 1552 3609 1674 3676; x_wconf 83' lang='lat' dir='ltr'><strong>quia</strong></span> <span class='ocrx_word' id='word_1_500' title='bbox 1701 3623 1867 3660; x_wconf 84' lang='lat' dir='ltr'><strong>semen</strong></span> <span class='ocrx_word' id='word_1_501' title='bbox 1891 3605 2112 3658; x_wconf 72' lang='lat' dir='ltr'><strong>Abrahae</strong></span> <span class='ocrx_word' id='word_1_502' title='bbox 2142 3605 2264 3657; x_wconf 85' lang='lat' dir='ltr'><strong>estis</strong></span> <span class='ocrx_word' id='word_1_503' title='bbox 2292 3604 2357 3670; x_wconf 81' lang='grc'><strong>⁸⁶;</strong></span> 
     </span>
    </p>
   </div>
   <div class='ocr_carea' id='block_1_66' title="bbox 831 3691 2362 3761">
    <p class='ocr_par' dir='ltr' id='par_1_66' title="bbox 831 3691 2362 3761">
     <span class='ocr_line' id='line_1_66' title="bbox 831 3691 2362 3761; baseline 0.002 -19"><span class='ocrx_word' id='word_1_504' title='bbox 831 3697 885 3742; x_wconf 88' lang='lat' dir='ltr'><strong>et</strong></span> <span class='ocrx_word' id='word_1_505' title='bbox 915 3692 1126 3755; x_wconf 88' lang='lat' dir='ltr'><strong>iterum,</strong></span> <span class='ocrx_word' id='word_1_506' title='bbox 1157 3691 1215 3746; x_wconf 83' lang='lat' dir='ltr'><strong>Si</strong></span> <span class='ocrx_word' id='word_1_507' title='bbox 1263 3693 1365 3759; x_wconf 82' lang='lat' dir='ltr'><strong>ﬁlii</strong></span> <span class='ocrx_word' id='word_1_508' title='bbox 1417 3695 1641 3749; x_wconf 69' lang='lat' dir='ltr'><strong>Abrahae</strong></span> <span class='ocrx_word' id='word_1_509' title='bbox 1677 3697 1820 3760; x_wconf 84' lang='lat' dir='ltr'><strong>estis,</strong></span> <span class='ocrx_word' id='word_1_510' title='bbox 1844 3710 1997 3760; x_wconf 83' lang='lat' dir='ltr'><strong>opera</strong></span> <span class='ocrx_word' id='word_1_511' title='bbox 2035 3693 2256 3746; x_wconf 78' lang='lat' dir='ltr'><strong>Abraha:</strong></span> <span class='ocrx_word' id='word_1_512' title='bbox 2279 3693 2362 3761; x_wconf 79' lang='lat' dir='ltr'><strong>fa-</strong></span> 
     </span>
    </p>
   </div>
   <div class='ocr_carea' id='block_1_67' title="bbox 831 3779 2362 3850">
    <p class='ocr_par' dir='ltr' id='par_1_67' title="bbox 831 3779 2362 3850">
     <span class='ocr_line' id='line_1_67' title="bbox 831 3779 2362 3850; baseline 0.001 -20"><span class='ocrx_word' id='word_1_513' title='bbox 831 3780 929 3831; x_wconf 87' lang='lat' dir='ltr'><strong>cite</strong></span> <span class='ocrx_word' id='word_1_514' title='bbox 956 3779 1023 3843; x_wconf 71' lang='lat'><strong>&#39;7;</strong></span> <span class='ocrx_word' id='word_1_515' title='bbox 1051 3779 1125 3832; x_wconf 87' lang='lat' dir='ltr'><strong>ita</strong></span> <span class='ocrx_word' id='word_1_516' title='bbox 1159 3789 1216 3832; x_wconf 95' lang='lat' dir='ltr'><strong>ut</strong></span> <span class='ocrx_word' id='word_1_517' title='bbox 1241 3781 1456 3849; x_wconf 90' lang='lat' dir='ltr'><strong>quidam</strong></span> <span class='ocrx_word' id='word_1_518' title='bbox 1508 3784 1602 3836; x_wconf 88' lang='lat' dir='ltr'><strong>ﬁlii</strong></span> <span class='ocrx_word' id='word_1_519' title='bbox 1652 3784 1759 3837; x_wconf 90' lang='lat' dir='ltr'><strong>sint</strong></span> <span class='ocrx_word' id='word_1_520' title='bbox 1800 3782 2026 3835; x_wconf 60' lang='lat' dir='ltr'><strong>Abrahae</strong></span> <span class='ocrx_word' id='word_1_521' title='bbox 2057 3796 2150 3850; x_wconf 92' lang='lat' dir='ltr'><strong>per</strong></span> <span class='ocrx_word' id='word_1_522' title='bbox 2185 3783 2362 3832; x_wconf 84' lang='lat' dir='ltr'><strong>imita-</strong></span> 
     </span>
    </p>
   </div>
   <div class='ocr_carea' id='block_1_68' title="bbox 832 3869 2361 3940">
    <p class='ocr_par' dir='ltr' id='par_1_68' title="bbox 832 3869 2361 3940">
     <span class='ocr_line' id='line_1_68' title="bbox 832 3869 2361 3940; baseline 0.002 -21"><span class='ocrx_word' id='word_1_523' title='bbox 832 3869 1051 3930; x_wconf 89' lang='lat' dir='ltr'><strong>tionem,</strong></span> <span class='ocrx_word' id='word_1_524' title='bbox 1088 3870 1178 3940; x_wconf 90' lang='lat' dir='ltr'><strong>qui</strong></span> <span class='ocrx_word' id='word_1_525' title='bbox 1225 3879 1278 3924; x_wconf 90' lang='lat' dir='ltr'><strong>et</strong></span> <span class='ocrx_word' id='word_1_526' title='bbox 1305 3872 1460 3925; x_wconf 89' lang='lat' dir='ltr'><strong>electi</strong></span> <span class='ocrx_word' id='word_1_527' title='bbox 1497 3883 1796 3927; x_wconf 90' lang='lat' dir='ltr'><strong>vocantur:</strong></span> <span class='ocrx_word' id='word_1_528' title='bbox 1830 3886 1950 3925; x_wconf 91' lang='lat' dir='ltr'><strong>cum</strong></span> <span class='ocrx_word' id='word_1_529' title='bbox 1984 3871 2144 3940; x_wconf 89' lang='lat' dir='ltr'><strong>aliqui</strong></span> <span class='ocrx_word' id='word_1_530' title='bbox 2182 3885 2361 3925; x_wconf 88' lang='lat' dir='ltr'><strong>semen</strong></span> 
     </span>
    </p>
   </div>
   <div class='ocr_carea' id='block_1_69' title="bbox 834 3963 2359 4031">
    <p class='ocr_par' dir='ltr' id='par_1_69' title="bbox 834 3963 2359 4031">
     <span class='ocr_line' id='line_1_69' title="bbox 834 3963 2359 4031; baseline -0.001 -18"><span class='ocrx_word' id='word_1_531' title='bbox 834 3970 1040 4014; x_wconf 90' lang='lat' dir='ltr'><strong>tantum</strong></span> <span class='ocrx_word' id='word_1_532' title='bbox 1086 3963 1201 4030; x_wconf 86' lang='lat' dir='ltr'><strong>ejus</strong></span> <span class='ocrx_word' id='word_1_533' title='bbox 1254 3964 1380 4026; x_wconf 87' lang='lat' dir='ltr'><strong>sint,</strong></span> <span class='ocrx_word' id='word_1_534' title='bbox 1416 3971 1573 4031; x_wconf 89' lang='lat' dir='ltr'><strong>atque</strong></span> <span class='ocrx_word' id='word_1_535' title='bbox 1607 3965 1725 4018; x_wconf 91' lang='lat' dir='ltr'><strong>ideo</strong></span> <span class='ocrx_word' id='word_1_536' title='bbox 1771 3964 1988 4018; x_wconf 86' lang='lat' dir='ltr'><strong>minime</strong></span> <span class='ocrx_word' id='word_1_537' title='bbox 2017 3963 2169 4017; x_wconf 91' lang='lat' dir='ltr'><strong>electi</strong></span> <span class='ocrx_word' id='word_1_538' title='bbox 2207 3979 2219 4012; x_wconf 94' lang='lat'>:</span> <span class='ocrx_word' id='word_1_539' title='bbox 2253 3976 2359 4014; x_wconf 93' lang='lat' dir='ltr'><strong>non</strong></span> 
     </span>
    </p>
   </div>
   <div class='ocr_carea' id='block_1_70' title="bbox 832 4052 2362 4114">
    <p class='ocr_par' dir='ltr' id='par_1_70' title="bbox 832 4052 2362 4114">
     <span class='ocr_line' id='line_1_70' title="bbox 832 4052 2362 4114; baseline 0 -11"><span class='ocrx_word' id='word_1_540' title='bbox 832 4052 972 4104; x_wconf 88' lang='lat' dir='ltr'><strong>enim</strong></span> <span class='ocrx_word' id='word_1_541' title='bbox 1002 4067 1181 4105; x_wconf 86' lang='lat' dir='ltr'><strong>semen</strong></span> <span class='ocrx_word' id='word_1_542' title='bbox 1206 4053 1432 4105; x_wconf 87' lang='lat' dir='ltr'><strong>electum</strong></span> <span class='ocrx_word' id='word_1_543' title='bbox 1473 4053 1690 4114; x_wconf 89' lang='lat' dir='ltr'><strong>dicitur,</strong></span> <span class='ocrx_word' id='word_1_544' title='bbox 1726 4055 1818 4108; x_wconf 87' lang='lat' dir='ltr'><strong>sed</strong></span> <span class='ocrx_word' id='word_1_545' title='bbox 1859 4054 1972 4108; x_wconf 80' lang='lat' dir='ltr'><strong>lilii.</strong></span> <span class='ocrx_word' id='word_1_546' title='bbox 2004 4053 2195 4106; x_wconf 87' lang='lat' dir='ltr'><strong>Semen</strong></span> <span class='ocrx_word' id='word_1_547' title='bbox 2234 4065 2362 4105; x_wconf 89' lang='lat' dir='ltr'><strong>vero</strong></span> 
     </span>
    </p>
   </div>
   <div class='ocr_carea' id='block_1_71' title="bbox 834 4142 2360 4214">
    <p class='ocr_par' dir='ltr' id='par_1_71' title="bbox 834 4142 2360 4214">
     <span class='ocr_line' id='line_1_71' title="bbox 834 4142 2360 4214; baseline 0.001 -21"><span class='ocrx_word' id='word_1_548' title='bbox 834 4149 960 4193; x_wconf 58' lang='lat' dir='ltr'><strong>mut</strong></span> <span class='ocrx_word' id='word_1_549' title='bbox 1011 4143 1148 4195; x_wconf 89' lang='lat' dir='ltr'><strong>servi</strong></span> <span class='ocrx_word' id='word_1_550' title='bbox 1178 4143 1314 4210; x_wconf 89' lang='lat' dir='ltr'><strong>ejus.</strong></span> <span class='ocrx_word' id='word_1_551' title='bbox 1356 4142 1490 4196; x_wconf 87' lang='lat' dir='ltr'><strong>Cum</strong></span> <span class='ocrx_word' id='word_1_552' title='bbox 1534 4143 1711 4211; x_wconf 86' lang='lat' dir='ltr'><strong>itaque</strong></span> <span class='ocrx_word' id='word_1_553' title='bbox 1749 4143 1998 4214; x_wconf 85' lang='lat' dir='ltr'><strong>discipuli</strong></span> <span class='ocrx_word' id='word_1_554' title='bbox 2040 4143 2360 4206; x_wconf 84' lang='lat' dir='ltr'><strong>Servatoris,</strong></span> 
     </span>
    </p>
   </div>
   <div class='ocr_carea' id='block_1_72' title="bbox 835 4227 2360 4302">
    <p class='ocr_par' dir='ltr' id='par_1_72' title="bbox 835 4227 2360 4302">
     <span class='ocr_line' id='line_1_72' title="bbox 835 4227 2360 4302; baseline 0.003 -23"><span class='ocrx_word' id='word_1_555' title='bbox 835 4227 1072 4292; x_wconf 64' lang='lat' dir='ltr'><strong>gentium</strong></span> <span class='ocrx_word' id='word_1_556' title='bbox 1125 4245 1399 4297; x_wconf 69' lang='lat' dir='ltr'><strong>praecones</strong></span> <span class='ocrx_word' id='word_1_557' title='bbox 1429 4229 1642 4293; x_wconf 76' lang='lat' dir='ltr'><strong>&#39;eﬂecti,</strong></span> <span class='ocrx_word' id='word_1_558' title='bbox 1687 4240 1971 4302; x_wconf 91' lang='lat' dir='ltr'><strong>utrumque</strong></span> <span class='ocrx_word' id='word_1_559' title='bbox 2022 4233 2360 4294; x_wconf 88' lang='lat' dir='ltr'><strong>obtinerent,</strong></span> 
     </span>
    </p>
   </div>
   <div class='ocr_carea' id='block_1_73' title="bbox 835 4320 2364 4390">
    <p class='ocr_par' dir='ltr' id='par_1_73' title="bbox 835 4320 2364 4390">
     <span class='ocr_line' id='line_1_73' title="bbox 835 4320 2364 4390; baseline 0.006 -22"><span class='ocrx_word' id='word_1_560' title='bbox 835 4325 1018 4386; x_wconf 91' lang='lat' dir='ltr'><strong>utpote</strong></span> <span class='ocrx_word' id='word_1_561' title='bbox 1050 4320 1139 4387; x_wconf 93' lang='lat' dir='ltr'><strong>qui</strong></span> <span class='ocrx_word' id='word_1_562' title='bbox 1167 4330 1220 4374; x_wconf 92' lang='lat' dir='ltr'><strong>et</strong></span> <span class='ocrx_word' id='word_1_563' title='bbox 1243 4323 1379 4378; x_wconf 81' lang='lat' dir='ltr'><strong>servi</strong></span> <span class='ocrx_word' id='word_1_564' title='bbox 1404 4332 1584 4376; x_wconf 88' lang='lat' dir='ltr'><strong>essent</strong></span> <span class='ocrx_word' id='word_1_565' title='bbox 1611 4333 1663 4376; x_wconf 92' lang='lat' dir='ltr'><strong>et</strong></span> <span class='ocrx_word' id='word_1_566' title='bbox 1690 4325 1872 4390; x_wconf 80' lang='lat' dir='ltr'><strong>electi;</strong></span> <span class='ocrx_word' id='word_1_567' title='bbox 1908 4326 2025 4381; x_wconf 90' lang='lat' dir='ltr'><strong>ideo</strong></span> <span class='ocrx_word' id='word_1_568' title='bbox 2047 4326 2248 4379; x_wconf 89' lang='lat' dir='ltr'><strong>dictum</strong></span> <span class='ocrx_word' id='word_1_569' title='bbox 2282 4334 2364 4380; x_wconf 90' lang='lat' dir='ltr'><strong>est</strong></span> 
     </span>
    </p>
   </div>
   <div class='ocr_carea' id='block_1_74' title="bbox 835 4406 2365 4482">
    <p class='ocr_par' dir='ltr' id='par_1_74' title="bbox 835 4406 2365 4482">
     <span class='ocr_line' id='line_1_74' title="bbox 835 4406 2365 4482; baseline 0.007 -25"><span class='ocrx_word' id='word_1_570' title='bbox 835 4406 902 4458; x_wconf 86' lang='lat' dir='ltr'><strong>ad</strong></span> <span class='ocrx_word' id='word_1_571' title='bbox 926 4422 1018 4460; x_wconf 79' lang='lat' dir='ltr'><strong>eos</strong></span> <span class='ocrx_word' id='word_1_572' title='bbox 1047 4427 1059 4460; x_wconf 92' lang='lat'>:</span> <span class='ocrx_word' id='word_1_573' title='bbox 1093 4407 1273 4475; x_wconf 85' lang='lat' dir='ltr'><strong>Semen</strong></span> <span class='ocrx_word' id='word_1_574' title='bbox 1303 4413 1563 4464; x_wconf 79' lang='lat' dir='ltr'><strong>Abraham</strong></span> <span class='ocrx_word' id='word_1_575' title='bbox 1593 4415 1724 4465; x_wconf 84' lang='lat' dir='ltr'><strong>servi</strong></span> <span class='ocrx_word' id='word_1_576' title='bbox 1743 4415 1875 4480; x_wconf 82' lang='lat' dir='ltr'><strong>ejus,</strong></span> <span class='ocrx_word' id='word_1_577' title='bbox 1907 4414 2186 4482; x_wconf 75' lang='lat' dir='ltr'><strong>ﬁliiJacob</strong></span> <span class='ocrx_word' id='word_1_578' title='bbox 2219 4415 2365 4467; x_wconf 87' lang='lat' dir='ltr'><strong>electi</strong></span> 
     </span>
    </p>
   </div>
   <div class='ocr_carea' id='block_1_75' title="bbox 831 4493 2360 4571">
    <p class='ocr_par' dir='ltr' id='par_1_75' title="bbox 831 4493 2360 4571">
     <span class='ocr_line' id='line_1_75' title="bbox 831 4493 2360 4571; baseline 0.007 -25"><span class='ocrx_word' id='word_1_579' title='bbox 831 4493 962 4557; x_wconf 79' lang='lat' dir='ltr'><strong>eius.</strong></span> <span class='ocrx_word' id='word_1_580' title='bbox 996 4493 1130 4562; x_wconf 89' lang='lat' dir='ltr'><strong>Huic</strong></span> <span class='ocrx_word' id='word_1_581' title='bbox 1161 4505 1335 4551; x_wconf 90' lang='lat' dir='ltr'><strong>autem</strong></span> <span class='ocrx_word' id='word_1_582' title='bbox 1365 4501 1530 4564; x_wconf 90' lang='lat' dir='ltr'><strong>dicto,</strong></span> <span class='ocrx_word' id='word_1_583' title='bbox 1562 4500 1725 4554; x_wconf 86' lang='lat' dir='ltr'><strong>Electi</strong></span> <span class='ocrx_word' id='word_1_584' title='bbox 1755 4501 1883 4568; x_wconf 85' lang='lat' dir='ltr'><strong>ejus,</strong></span> <span class='ocrx_word' id='word_1_585' title='bbox 1909 4517 2186 4571; x_wconf 91' lang='lat' dir='ltr'><strong>compares</strong></span> <span class='ocrx_word' id='word_1_586' title='bbox 2211 4503 2360 4566; x_wconf 92' lang='lat' dir='ltr'><strong>illud,</strong></span> 
     </span>
    </p>
   </div>
   <div class='ocr_carea' id='block_1_76' title="bbox 2471 3315 3986 3396">
    <p class='ocr_par' dir='ltr' id='par_1_76' title="bbox 2471 3315 3986 3396">
     <span class='ocr_line' id='line_1_76' title="bbox 2471 3315 3986 3396; baseline -0.01 -14"><span class='ocrx_word' id='word_1_587' title='bbox 2471 3332 2617 3382; x_wconf 82' lang='grc' dir='ltr'>Ἐπεὶ</span> <span class='ocrx_word' id='word_1_588' title='bbox 2653 3329 2736 3396; x_wconf 83' lang='grc' dir='ltr'><strong>μὴ</strong></span> <span class='ocrx_word' id='word_1_589' title='bbox 2773 3329 2989 3392; x_wconf 80' lang='grc' dir='ltr'>πάντες</span> <span class='ocrx_word' id='word_1_590' title='bbox 3031 3330 3085 3380; x_wconf 82' lang='grc' dir='ltr'><strong>οι</strong></span> <span class='ocrx_word' id='word_1_591' title='bbox 3113 3327 3189 3391; x_wconf 64' lang='grc' dir='ltr'><strong>’ἐξ</strong></span> <span class='ocrx_word' id='word_1_592' title='bbox 3239 3324 3490 3392; x_wconf 76' lang='grc' dir='ltr'>Ἰσραὴλ,</span> <span class='ocrx_word' id='word_1_593' title='bbox 3531 3317 3690 3376; x_wconf 84' lang='grc' dir='ltr'>οὗτοι</span> <span class='ocrx_word' id='word_1_594' title='bbox 3735 3315 3986 3384; x_wconf 69' lang='grc' dir='ltr'>Ἰσραὴλ,</span> 
     </span>
    </p>
   </div>
   <div class='ocr_carea' id='block_1_77' title="bbox 2452 3403 3988 3487">
    <p class='ocr_par' dir='ltr' id='par_1_77' title="bbox 2452 3403 3988 3487">
     <span class='ocr_line' id='line_1_77' title="bbox 2452 3403 3988 3487; baseline -0.01 -16"><span class='ocrx_word' id='word_1_595' title='bbox 2452 3419 2603 3487; x_wconf 83' lang='grc' dir='ltr'>μηδὲ</span> <span class='ocrx_word' id='word_1_596' title='bbox 2648 3417 2777 3469; x_wconf 84' lang='grc' dir='ltr'>ὅσοι</span> <span class='ocrx_word' id='word_1_597' title='bbox 2808 3412 2940 3468; x_wconf 77' lang='grc' dir='ltr'>ἐισί</span> <span class='ocrx_word' id='word_1_598' title='bbox 2981 3414 3214 3483; x_wconf 82' lang='grc' dir='ltr'>σπέρμα</span> <span class='ocrx_word' id='word_1_599' title='bbox 3252 3412 3509 3479; x_wconf 84' lang='grc' dir='ltr'>Ἀϐραὰμ,</span> <span class='ocrx_word' id='word_1_600' title='bbox 3546 3408 3761 3471; x_wconf 77' lang='grc' dir='ltr'>πάντες</span> <span class='ocrx_word' id='word_1_601' title='bbox 3793 3403 3988 3466; x_wconf 74' lang='grc' dir='ltr'>τέκνα,</span> 
     </span>
    </p>
   </div>
   <div class='ocr_carea' id='block_1_78' title="bbox 2457 3488 3990 3574">
    <p class='ocr_par' dir='ltr' id='par_1_78' title="bbox 2457 3488 3990 3574">
     <span class='ocr_line' id='line_1_78' title="bbox 2457 3488 3990 3574; baseline -0.01 -15"><span class='ocrx_word' id='word_1_602' title='bbox 2457 3494 2676 3568; x_wconf 74' lang='grc' dir='ltr'>εἰκότως</span> <span class='ocrx_word' id='word_1_603' title='bbox 2717 3504 2814 3574; x_wconf 85' lang='grc' dir='ltr'><strong>μὲν</strong></span> <span class='ocrx_word' id='word_1_604' title='bbox 2838 3507 2865 3556; x_wconf 90' lang='grc' dir='ltr'><em>ὀ</em></span> <span class='ocrx_word' id='word_1_605' title='bbox 2890 3502 3072 3572; x_wconf 84' lang='grc' dir='ltr'>Σωτὴρ</span> <span class='ocrx_word' id='word_1_606' title='bbox 3103 3501 3255 3572; x_wconf 84' lang='grc' dir='ltr'>ήμῶν</span> <span class='ocrx_word' id='word_1_607' title='bbox 3288 3502 3395 3563; x_wconf 89' lang='grc' dir='ltr'>τοῖς</span> <span class='ocrx_word' id='word_1_608' title='bbox 3436 3501 3497 3550; x_wconf 80' lang='grc' dir='ltr'>ὲκ</span> <span class='ocrx_word' id='word_1_609' title='bbox 3521 3497 3826 3566; x_wconf 84' lang='grc' dir='ltr'>σπέρματος</span> <span class='ocrx_word' id='word_1_610' title='bbox 3857 3488 3990 3544; x_wconf 81' lang='grc' dir='ltr'>εἶναι</span> 
     </span>
    </p>
   </div>
   <div class='ocr_carea' id='block_1_79' title="bbox 2470 3584 3992 3665">
    <p class='ocr_par' dir='ltr' id='par_1_79' title="bbox 2470 3584 3992 3665">
     <span class='ocr_line' id='line_1_79' title="bbox 2470 3584 3992 3665; baseline -0.008 -17"><span class='ocrx_word' id='word_1_611' title='bbox 2470 3595 2712 3665; x_wconf 83' lang='grc' dir='ltr'>Ἀϐραὰμ</span> <span class='ocrx_word' id='word_1_612' title='bbox 2770 3595 3018 3663; x_wconf 82' lang='grc' dir='ltr'>αὐχοῦσιν</span> <span class='ocrx_word' id='word_1_613' title='bbox 3079 3591 3346 3654; x_wconf 85' lang='grc' dir='ltr'>Ἰουδαίοις</span> <span class='ocrx_word' id='word_1_614' title='bbox 3398 3590 3606 3656; x_wconf 77' lang='grc' dir='ltr'>ἔλεγεν·</span> <span class='ocrx_word' id='word_1_615' title='bbox 3667 3584 3838 3651; x_wconf 82' lang='grc' dir='ltr'>Οἶδα,</span> <span class='ocrx_word' id='word_1_616' title='bbox 3901 3585 3992 3637; x_wconf 84' lang='grc' dir='ltr'>ὅτι</span> 
     </span>
    </p>
   </div>
   <div class='ocr_carea' id='block_1_80' title="bbox 2458 3675 3989 3753">
    <p class='ocr_par' dir='ltr' id='par_1_80' title="bbox 2458 3675 3989 3753">
     <span class='ocr_line' id='line_1_80' title="bbox 2458 3675 3989 3753; baseline -0.008 -14"><span class='ocrx_word' id='word_1_617' title='bbox 2458 3687 2690 3753; x_wconf 80' lang='grc' dir='ltr'>σπέρμα</span> <span class='ocrx_word' id='word_1_618' title='bbox 2722 3684 2960 3751; x_wconf 80' lang='grc' dir='ltr'>Ἁϐραάμ</span> <span class='ocrx_word' id='word_1_619' title='bbox 2998 3685 3165 3735; x_wconf 80' lang='grc' dir='ltr'>ἐστεο</span> <span class='ocrx_word' id='word_1_620' title='bbox 3202 3682 3298 3735; x_wconf 75' lang='grc' dir='ltr'><strong>καὶ</strong></span> <span class='ocrx_word' id='word_1_621' title='bbox 3338 3680 3524 3733; x_wconf 87' lang='grc' dir='ltr'>πάλιν·</span> <span class='ocrx_word' id='word_1_622' title='bbox 3558 3682 3626 3733; x_wconf 82' lang='lat' dir='ltr'><strong>El</strong></span> <span class='ocrx_word' id='word_1_623' title='bbox 3662 3678 3841 3732; x_wconf 77' lang='grc' dir='ltr'>τέκνα</span> <span class='ocrx_word' id='word_1_624' title='bbox 3885 3675 3989 3728; x_wconf 87' lang='grc' dir='ltr'>τοῦ</span> 
     </span>
    </p>
   </div>
   <div class='ocr_carea' id='block_1_81' title="bbox 2474 3765 3990 3842">
    <p class='ocr_par' dir='ltr' id='par_1_81' title="bbox 2474 3765 3990 3842">
     <span class='ocr_line' id='line_1_81' title="bbox 2474 3765 3990 3842; baseline -0.005 -16"><span class='ocrx_word' id='word_1_625' title='bbox 2474 3775 2710 3842; x_wconf 82' lang='grc' dir='ltr'>Ἀϐραὰμ</span> <span class='ocrx_word' id='word_1_626' title='bbox 2748 3771 2867 3842; x_wconf 82' lang='grc' dir='ltr'>ἦτε,</span> <span class='ocrx_word' id='word_1_627' title='bbox 2920 3772 2991 3824; x_wconf 81' lang='grc' dir='ltr'><strong>τὰ</strong></span> <span class='ocrx_word' id='word_1_628' title='bbox 3024 3772 3165 3840; x_wconf 76' lang='grc' dir='ltr'>ἔργα</span> <span class='ocrx_word' id='word_1_629' title='bbox 3207 3770 3312 3823; x_wconf 83' lang='grc' dir='ltr'>τοῦ</span> <span class='ocrx_word' id='word_1_630' title='bbox 3353 3771 3590 3838; x_wconf 84' lang='grc' dir='ltr'>Ἀϐραὰμ</span> <span class='ocrx_word' id='word_1_631' title='bbox 3635 3769 3883 3822; x_wconf 72' lang='grc' dir='ltr'>ποιεῖεεο</span> <span class='ocrx_word' id='word_1_632' title='bbox 3919 3765 3990 3828; x_wconf 85' lang='grc' dir='ltr'>ὥς</span> 
     </span>
    </p>
   </div>
   <div class='ocr_carea' id='block_1_82' title="bbox 2459 3861 3989 3934">
    <p class='ocr_par' dir='ltr' id='par_1_82' title="bbox 2459 3861 3989 3934">
     <span class='ocr_line' id='line_1_82' title="bbox 2459 3861 3989 3934; baseline -0.005 -16"><span class='ocrx_word' id='word_1_633' title='bbox 2459 3884 2616 3918; x_wconf 84' lang='grc' dir='ltr'>τινων</span> <span class='ocrx_word' id='word_1_634' title='bbox 2647 3866 2805 3917; x_wconf 83' lang='grc' dir='ltr'>τέκνα</span> <span class='ocrx_word' id='word_1_635' title='bbox 2849 3866 2942 3934; x_wconf 86' lang='grc' dir='ltr'><strong>μὲν</strong></span> <span class='ocrx_word' id='word_1_636' title='bbox 2977 3864 3139 3916; x_wconf 76' lang='grc' dir='ltr'>ὄντων</span> <span class='ocrx_word' id='word_1_637' title='bbox 3163 3861 3260 3930; x_wconf 70' lang='grc' dir='ltr'><strong>ιτοῦ</strong></span> <span class='ocrx_word' id='word_1_638' title='bbox 3295 3861 3539 3931; x_wconf 85' lang='grc' dir='ltr'>’Δϐραάμ</span> <span class='ocrx_word' id='word_1_639' title='bbox 3580 3861 3665 3916; x_wconf 76' lang='grc' dir='ltr'><strong>διὰ</strong></span> <span class='ocrx_word' id='word_1_640' title='bbox 3694 3862 3989 3930; x_wconf 87' lang='grc' dir='ltr'>μιμήσεως,</span> 
     </span>
    </p>
   </div>
   <div class='ocr_carea' id='block_1_83' title="bbox 2462 3949 3992 4024">
    <p class='ocr_par' dir='ltr' id='par_1_83' title="bbox 2462 3949 3992 4024">
     <span class='ocr_line' id='line_1_83' title="bbox 2462 3949 3992 4024; baseline -0.007 -16"><span class='ocrx_word' id='word_1_641' title='bbox 2462 3956 2510 4008; x_wconf 80' lang='grc' dir='ltr'>οἳ</span> <span class='ocrx_word' id='word_1_642' title='bbox 2548 3957 2637 4008; x_wconf 70' lang='grc' dir='ltr'><strong>καὶ</strong></span> <span class='ocrx_word' id='word_1_643' title='bbox 2680 3955 2916 4009; x_wconf 68' lang='grc' dir='ltr'>ἐκλεκτοὶ</span> <span class='ocrx_word' id='word_1_644' title='bbox 2965 3956 3229 4024; x_wconf 73' lang='grc' dir='ltr'>εἴρηνται·</span> <span class='ocrx_word' id='word_1_645' title='bbox 3269 3952 3426 4006; x_wconf 90' lang='grc' dir='ltr'>τινῶν</span> <span class='ocrx_word' id='word_1_646' title='bbox 3467 3951 3522 4006; x_wconf 77' lang='grc' dir='ltr'>δὲ</span> <span class='ocrx_word' id='word_1_647' title='bbox 3572 3950 3784 4019; x_wconf 86' lang='grc' dir='ltr'>σπέρμα</span> <span class='ocrx_word' id='word_1_648' title='bbox 3837 3949 3992 4020; x_wconf 84' lang='grc' dir='ltr'>μόνον</span> 
     </span>
    </p>
   </div>
   <div class='ocr_carea' id='block_1_84' title="bbox 2463 4039 3989 4108">
    <p class='ocr_par' dir='ltr' id='par_1_84' title="bbox 2463 4039 3989 4108">
     <span class='ocr_line' id='line_1_84' title="bbox 2463 4039 3989 4108; baseline -0.005 -12"><span class='ocrx_word' id='word_1_649' title='bbox 2463 4045 2626 4098; x_wconf 77' lang='grc' dir='ltr'>ὄντων</span> <span class='ocrx_word' id='word_1_650' title='bbox 2658 4045 2838 4108; x_wconf 80' lang='grc' dir='ltr'>αὐτοῦ,</span> <span class='ocrx_word' id='word_1_651' title='bbox 2868 4047 2958 4097; x_wconf 73' lang='grc' dir='ltr'>καὶ</span> <span class='ocrx_word' id='word_1_652' title='bbox 2985 4045 3069 4097; x_wconf 76' lang='grc' dir='ltr'><strong>διὰ</strong></span> <span class='ocrx_word' id='word_1_653' title='bbox 3106 4044 3257 4096; x_wconf 82' lang='grc' dir='ltr'>τοῦτο</span> <span class='ocrx_word' id='word_1_654' title='bbox 3298 4041 3559 4098; x_wconf 79' lang='grc' dir='ltr'>ἐκλεκτῶν</span> <span class='ocrx_word' id='word_1_655' title='bbox 3586 4040 3684 4092; x_wconf 91' lang='grc' dir='ltr'><strong>οὐκ</strong></span> <span class='ocrx_word' id='word_1_656' title='bbox 3706 4039 3887 4090; x_wconf 74' lang='grc' dir='ltr'>ὄντων.</span> <span class='ocrx_word' id='word_1_657' title='bbox 3917 4039 3989 4089; x_wconf 90' lang='grc' dir='ltr'>Οὐ</span> 
     </span>
    </p>
   </div>
   <div class='ocr_carea' id='block_1_85' title="bbox 2463 4124 3990 4204">
    <p class='ocr_par' dir='ltr' id='par_1_85' title="bbox 2463 4124 3990 4204">
     <span class='ocr_line' id='line_1_85' title="bbox 2463 4124 3990 4204; baseline -0.007 -19"><span class='ocrx_word' id='word_1_658' title='bbox 2463 4135 2567 4204; x_wconf 80' lang='grc' dir='ltr'>γὰρ</span> <span class='ocrx_word' id='word_1_659' title='bbox 2592 4135 2650 4185; x_wconf 81' lang='grc' dir='ltr'><strong>τὸ</strong></span> <span class='ocrx_word' id='word_1_660' title='bbox 2683 4134 2896 4203; x_wconf 88' lang='grc' dir='ltr'>σπέρμα</span> <span class='ocrx_word' id='word_1_661' title='bbox 2936 4133 3181 4186; x_wconf 75' lang='grc' dir='ltr'>ἐκλεκτὸν</span> <span class='ocrx_word' id='word_1_662' title='bbox 3217 4130 3425 4200; x_wconf 77' lang='grc' dir='ltr'>ἐλέχθη,</span> <span class='ocrx_word' id='word_1_663' title='bbox 3459 4127 3571 4181; x_wconf 78' lang='grc' dir='ltr'>ἀλλ’</span> <span class='ocrx_word' id='word_1_664' title='bbox 3599 4129 3646 4179; x_wconf 84' lang='grc' dir='ltr'>οἱ</span> <span class='ocrx_word' id='word_1_665' title='bbox 3675 4126 3796 4178; x_wconf 82' lang='grc' dir='ltr'>υἱοί.</span> <span class='ocrx_word' id='word_1_666' title='bbox 3830 4125 3903 4176; x_wconf 82' lang='grc' dir='ltr'>Τὸ</span> <span class='ocrx_word' id='word_1_667' title='bbox 3936 4124 3990 4176; x_wconf 79' lang='grc' dir='ltr'>δὲ</span> 
     </span>
    </p>
   </div>
   <div class='ocr_carea' id='block_1_86' title="bbox 2466 4215 3989 4299">
    <p class='ocr_par' dir='ltr' id='par_1_86' title="bbox 2466 4215 3989 4299">
     <span class='ocr_line' id='line_1_86' title="bbox 2466 4215 3989 4299; baseline -0.005 -24"><span class='ocrx_word' id='word_1_668' title='bbox 2466 4227 2681 4299; x_wconf 82' lang='grc' dir='ltr'>σπέρμα</span> <span class='ocrx_word' id='word_1_669' title='bbox 2711 4223 2880 4276; x_wconf 85' lang='grc' dir='ltr'>δοῦλοι</span> <span class='ocrx_word' id='word_1_670' title='bbox 2909 4222 3090 4276; x_wconf 83' lang='grc' dir='ltr'>αὐτοῦ.</span> <span class='ocrx_word' id='word_1_671' title='bbox 3129 4223 3274 4275; x_wconf 73' lang='grc' dir='ltr'>Ἐπεὶ</span> <span class='ocrx_word' id='word_1_672' title='bbox 3304 4220 3478 4274; x_wconf 84' lang='grc' dir='ltr'>τοίνυν</span> <span class='ocrx_word' id='word_1_673' title='bbox 3521 4221 3567 4271; x_wconf 84' lang='grc' dir='ltr'><strong>οἱ</strong></span> <span class='ocrx_word' id='word_1_674' title='bbox 3612 4215 3704 4270; x_wconf 77' lang='grc' dir='ltr'>τοῦ</span> <span class='ocrx_word' id='word_1_675' title='bbox 3745 4215 3989 4285; x_wconf 84' lang='grc' dir='ltr'>Σωτῆρος</span> 
     </span>
    </p>
   </div>
   <div class='ocr_carea' id='block_1_87' title="bbox 2467 4307 3992 4385">
    <p class='ocr_par' dir='ltr' id='par_1_87' title="bbox 2467 4307 3992 4385">
     <span class='ocr_line' id='line_1_87' title="bbox 2467 4307 3992 4385; baseline -0.009 -15"><span class='ocrx_word' id='word_1_676' title='bbox 2467 4317 2716 4385; x_wconf 73' lang='grc' dir='ltr'>μαθηταὶ,</span> <span class='ocrx_word' id='word_1_677' title='bbox 2741 4317 2787 4370; x_wconf 89' lang='grc' dir='ltr'>οἱ</span> <span class='ocrx_word' id='word_1_678' title='bbox 2808 4315 2915 4366; x_wconf 89' lang='grc' dir='ltr'><strong>τῶν</strong></span> <span class='ocrx_word' id='word_1_679' title='bbox 2938 4313 3102 4366; x_wconf 81' lang='grc' dir='ltr'>ὲθνῶν</span> <span class='ocrx_word' id='word_1_680' title='bbox 3121 4313 3390 4383; x_wconf 86' lang='grc' dir='ltr'>γενόμενοι</span> <span class='ocrx_word' id='word_1_681' title='bbox 3433 4312 3686 4380; x_wconf 86' lang='grc' dir='ltr'>κήρυκες,</span> <span class='ocrx_word' id='word_1_682' title='bbox 3709 4307 3992 4377; x_wconf 86' lang='grc' dir='ltr'>ἀμφότερα</span> 
     </span>
    </p>
   </div>
   <div class='ocr_carea' id='block_1_88' title="bbox 2465 4397 3994 4475">
    <p class='ocr_par' dir='ltr' id='par_1_88' title="bbox 2465 4397 3994 4475">
     <span class='ocr_line' id='line_1_88' title="bbox 2465 4397 3994 4475; baseline -0.007 -18"><span class='ocrx_word' id='word_1_683' title='bbox 2465 4404 2625 4475; x_wconf 75' lang='grc' dir='ltr'>εἶχον,</span> <span class='ocrx_word' id='word_1_684' title='bbox 2654 4405 2745 4457; x_wconf 83' lang='grc' dir='ltr'>ἆτε</span> <span class='ocrx_word' id='word_1_685' title='bbox 2788 4407 2877 4457; x_wconf 71' lang='grc' dir='ltr'><strong>καὶ</strong></span> <span class='ocrx_word' id='word_1_686' title='bbox 2904 4404 3073 4460; x_wconf 81' lang='grc' dir='ltr'>δοῦλοι</span> <span class='ocrx_word' id='word_1_687' title='bbox 3103 4406 3249 4466; x_wconf 76' lang='grc' dir='ltr'>ὅντες</span> <span class='ocrx_word' id='word_1_688' title='bbox 3287 4403 3379 4454; x_wconf 77' lang='grc' dir='ltr'><strong>καὶ</strong></span> <span class='ocrx_word' id='word_1_689' title='bbox 3406 4398 3643 4452; x_wconf 81' lang='grc' dir='ltr'>ἐκλεκτοί</span> <span class='ocrx_word' id='word_1_690' title='bbox 3662 4415 3675 4428; x_wconf 92' lang='grc'><strong>·</strong></span> <span class='ocrx_word' id='word_1_691' title='bbox 3703 4397 3823 4449; x_wconf 81' lang='grc' dir='ltr'>ὅθεν</span> <span class='ocrx_word' id='word_1_692' title='bbox 3861 4397 3994 4465; x_wconf 85' lang='grc' dir='ltr'>πρὸς</span> 
     </span>
    </p>
   </div>
   <div class='ocr_carea' id='block_1_89' title="bbox 2467 4488 3988 4565">
    <p class='ocr_par' dir='ltr' id='par_1_89' title="bbox 2467 4488 3988 4565">
     <span class='ocr_line' id='line_1_89' title="bbox 2467 4488 3988 4565; baseline -0.006 -17"><span class='ocrx_word' id='word_1_693' title='bbox 2467 4498 2658 4558; x_wconf 84' lang='grc' dir='ltr'>αὐτοὺς</span> <span class='ocrx_word' id='word_1_694' title='bbox 2686 4495 2925 4550; x_wconf 83' lang='grc' dir='ltr'>λέλεκται</span> <span class='ocrx_word' id='word_1_695' title='bbox 2946 4511 2958 4524; x_wconf 80' lang='grc'><strong><em>⁸</em></strong></span> <span class='ocrx_word' id='word_1_696' title='bbox 2993 4495 3228 4565; x_wconf 83' lang='grc' dir='ltr'>Σπέρμα</span> <span class='ocrx_word' id='word_1_697' title='bbox 3268 4495 3508 4561; x_wconf 76' lang='grc' dir='ltr'>Ἀϐραὰμ</span> <span class='ocrx_word' id='word_1_698' title='bbox 3549 4490 3749 4544; x_wconf 73' lang='grc' dir='ltr'>δοῦλοι</span> <span class='ocrx_word' id='word_1_699' title='bbox 3787 4488 3988 4550; x_wconf 83' lang='grc' dir='ltr'>αὐτοῦ,</span> 
     </span>
    </p>
   </div>
   <div class='ocr_carea' id='block_1_90' title="bbox 835 4574 2540 4657">
    <p class='ocr_par' dir='ltr' id='par_1_90' title="bbox 835 4574 2540 4657">
     <span class='ocr_line' id='line_1_90' title="bbox 835 4574 2540 4657; baseline 0.003 -22"><span class='ocrx_word' id='word_1_700' title='bbox 835 4581 946 4636; x_wconf 84' lang='lat' dir='ltr'><strong>Hos</strong></span> <span class='ocrx_word' id='word_1_701' title='bbox 975 4583 1240 4637; x_wconf 84' lang='lat' dir='ltr'><strong>duodecim</strong></span> <span class='ocrx_word' id='word_1_702' title='bbox 1257 4587 1404 4656; x_wconf 83' lang='lat' dir='ltr'><strong>elegit</strong></span> <span class='ocrx_word' id='word_1_703' title='bbox 1427 4587 1603 4652; x_wconf 75' lang='lat' dir='ltr'><strong>Iesus,</strong></span> <span class='ocrx_word' id='word_1_704' title='bbox 1630 4597 1677 4641; x_wconf 91' lang='lat' dir='ltr'><strong>et</strong></span> <span class='ocrx_word' id='word_1_705' title='bbox 1701 4589 1959 4657; x_wconf 84' lang='lat' dir='ltr'><strong>apostolos</strong></span> <span class='ocrx_word' id='word_1_706' title='bbox 1990 4589 2272 4642; x_wconf 84' lang='lat' dir='ltr'><strong>nominavit</strong></span> <span class='ocrx_word' id='word_1_707' title='bbox 2294 4589 2358 4654; x_wconf 82' lang='grc'><strong>⁵⁸;</strong></span> <span class='ocrx_word' id='word_1_708' title='bbox 2393 4574 2437 4628; x_wconf 77' lang='grc' dir='ltr'>Ῑ)</span> <span class='ocrx_word' id='word_1_709' title='bbox 2463 4590 2540 4640; x_wconf 73' lang='grc' dir='ltr'><strong>υἱ(</strong></span> 
     </span>
    </p>
   </div>
   <div class='ocr_carea' id='block_1_91' title="bbox 2286 4574 3991 4657">
    <p class='ocr_par' dir='ltr' id='par_1_91' title="bbox 2294 4574 3991 4654">
     <span class='ocr_line' id='line_1_91' title="bbox 2294 4574 3991 4654; baseline -0.008 -11"><span class='ocrx_word' id='word_1_710' title='bbox 2294 4589 2358 4654; x_wconf 83' lang='grc'><strong>⁵⁸;</strong></span> <span class='ocrx_word' id='word_1_711' title='bbox 2393 4574 2437 4628; x_wconf 77' lang='grc' dir='ltr'>Ῑ)</span> <span class='ocrx_word' id='word_1_712' title='bbox 2463 4588 2577 4640; x_wconf 80' lang='grc' dir='ltr'>υἱοὶ</span> <span class='ocrx_word' id='word_1_713' title='bbox 2611 4588 2804 4640; x_wconf 84' lang='grc' dir='ltr'>Ἰακὼϐ</span> <span class='ocrx_word' id='word_1_714' title='bbox 2829 4586 3092 4640; x_wconf 78' lang='grc' dir='ltr'>ἐκλεκτοὶ</span> <span class='ocrx_word' id='word_1_715' title='bbox 3112 4583 3313 4639; x_wconf 85' lang='grc' dir='ltr'>αὑτοῦ.</span> <span class='ocrx_word' id='word_1_716' title='bbox 3343 4582 3485 4652; x_wconf 78' lang='grc' dir='ltr'>Πρὸς</span> <span class='ocrx_word' id='word_1_717' title='bbox 3507 4581 3562 4633; x_wconf 84' lang='grc' dir='ltr'>δὲ</span> <span class='ocrx_word' id='word_1_718' title='bbox 3588 4580 3667 4642; x_wconf 75' lang='grc' dir='ltr'><strong>τὸ,</strong></span> <span class='ocrx_word' id='word_1_719' title='bbox 3695 4578 3991 4631; x_wconf 64' lang='grc' dir='ltr'>Ἐκλεκτοὶ</span> 
     </span>
    </p>
   </div>
   <div class='ocr_carea' id='block_1_92' title="bbox 831 4673 2360 4747">
    <p class='ocr_par' dir='ltr' id='par_1_92' title="bbox 831 4673 2360 4747">
     <span class='ocr_line' id='line_1_92' title="bbox 831 4673 2360 4747; baseline 0.003 -20"><span class='ocrx_word' id='word_1_720' title='bbox 831 4683 886 4727; x_wconf 84' lang='lat' dir='ltr'><strong>et</strong></span> <span class='ocrx_word' id='word_1_721' title='bbox 913 4675 1063 4737; x_wconf 88' lang='lat' dir='ltr'><strong>illud,</strong></span> <span class='ocrx_word' id='word_1_722' title='bbox 1097 4673 1280 4728; x_wconf 85' lang='lat' dir='ltr'><strong>Nonne</strong></span> <span class='ocrx_word' id='word_1_723' title='bbox 1305 4693 1394 4745; x_wconf 88' lang='lat' dir='ltr'><strong>ego</strong></span> <span class='ocrx_word' id='word_1_724' title='bbox 1417 4694 1501 4730; x_wconf 84' lang='lat' dir='ltr'><strong>vos</strong></span> <span class='ocrx_word' id='word_1_725' title='bbox 1517 4679 1782 4730; x_wconf 88' lang='lat' dir='ltr'><strong>duodecim</strong></span> <span class='ocrx_word' id='word_1_726' title='bbox 1797 4679 1923 4747; x_wconf 88' lang='lat' dir='ltr'><strong>elegi</strong></span> <span class='ocrx_word' id='word_1_727' title='bbox 1950 4677 2034 4729; x_wconf 63' lang='lat' dir='ltr'><strong>In?</strong></span> <span class='ocrx_word' id='word_1_728' title='bbox 2062 4677 2360 4731; x_wconf 86' lang='lat' dir='ltr'><strong>Electorum</strong></span> 
     </span>
    </p>
   </div>
   <div class='ocr_carea' id='block_1_93' title="bbox 834 4764 2358 4834">
    <p class='ocr_par' dir='ltr' id='par_1_93' title="bbox 834 4764 2358 4834">
     <span class='ocr_line' id='line_1_93' title="bbox 834 4764 2358 4834; baseline 0.003 -21"><span class='ocrx_word' id='word_1_729' title='bbox 834 4777 963 4816; x_wconf 82' lang='lat' dir='ltr'><strong>vero</strong></span> <span class='ocrx_word' id='word_1_730' title='bbox 985 4765 1343 4832; x_wconf 62' lang='lat' dir='ltr'><strong>praestantiam</strong></span> <span class='ocrx_word' id='word_1_731' title='bbox 1374 4765 1718 4834; x_wconf 79' lang='lat' dir='ltr'><strong>intelligimus</strong></span> <span class='ocrx_word' id='word_1_732' title='bbox 1747 4782 1810 4820; x_wconf 82' lang='lat' dir='ltr'><strong>ex</strong></span> <span class='ocrx_word' id='word_1_733' title='bbox 1846 4767 1959 4829; x_wconf 92' lang='lat' dir='ltr'><strong>illo,</strong></span> <span class='ocrx_word' id='word_1_734' title='bbox 1987 4764 2144 4818; x_wconf 76' lang='lat' dir='ltr'><strong>Multi</strong></span> <span class='ocrx_word' id='word_1_735' title='bbox 2173 4767 2358 4829; x_wconf 84' lang='lat' dir='ltr'><strong>uocati,</strong></span> 
     </span>
    </p>
   </div>
   <div class='ocr_carea' id='block_1_94' title="bbox 835 4855 2363 4924">
    <p class='ocr_par' dir='ltr' id='par_1_94' title="bbox 835 4855 2363 4924">
     <span class='ocr_line' id='line_1_94' title="bbox 835 4855 2363 4924; baseline 0.003 -20"><span class='ocrx_word' id='word_1_736' title='bbox 835 4855 986 4918; x_wconf 86' lang='lat' dir='ltr'><strong>pauci</strong></span> <span class='ocrx_word' id='word_1_737' title='bbox 1008 4871 1122 4908; x_wconf 81' lang='lat' dir='ltr'><strong>vero</strong></span> <span class='ocrx_word' id='word_1_738' title='bbox 1149 4855 1372 4908; x_wconf 79' lang='lat' dir='ltr'><strong>electi“.</strong></span> <span class='ocrx_word' id='word_1_739' title='bbox 1395 4856 1510 4924; x_wconf 86' lang='lat' dir='ltr'><strong>Ipse</strong></span> <span class='ocrx_word' id='word_1_740' title='bbox 1533 4856 1779 4910; x_wconf 86' lang='lat' dir='ltr'><strong>Dominus</strong></span> <span class='ocrx_word' id='word_1_741' title='bbox 1809 4857 1943 4910; x_wconf 89' lang='lat' dir='ltr'><strong>Deus</strong></span> <span class='ocrx_word' id='word_1_742' title='bbox 1972 4866 2162 4918; x_wconf 83' lang='lat' dir='ltr'><strong>noster,</strong></span> <span class='ocrx_word' id='word_1_743' title='bbox 2181 4858 2232 4908; x_wconf 84' lang='lat' dir='ltr'><strong>in</strong></span> <span class='ocrx_word' id='word_1_744' title='bbox 2254 4858 2363 4908; x_wconf 85' lang='lat' dir='ltr'><strong>uni-</strong></span> 
     </span>
    </p>
   </div>
   <div class='ocr_carea' id='block_1_95' title="bbox 836 4944 2360 5014">
    <p class='ocr_par' dir='ltr' id='par_1_95' title="bbox 836 4944 2360 5014">
     <span class='ocr_line' id='line_1_95' title="bbox 836 4944 2360 5014; baseline 0.001 -19"><span class='ocrx_word' id='word_1_745' title='bbox 836 4957 980 4995; x_wconf 76' lang='lat' dir='ltr'><strong>versa</strong></span> <span class='ocrx_word' id='word_1_746' title='bbox 1011 4955 1149 4997; x_wconf 82' lang='lat' dir='ltr'><strong>terra</strong></span> <span class='ocrx_word' id='word_1_747' title='bbox 1190 4944 1394 5010; x_wconf 82' lang='lat' dir='ltr'><strong>judicia</strong></span> <span class='ocrx_word' id='word_1_748' title='bbox 1443 4947 1572 5012; x_wconf 85' lang='lat' dir='ltr'><strong>ejus.</strong></span> <span class='ocrx_word' id='word_1_749' title='bbox 1604 4945 1717 4998; x_wconf 86' lang='lat' dir='ltr'><strong>Non</strong></span> <span class='ocrx_word' id='word_1_750' title='bbox 1753 4947 2127 5014; x_wconf 75' lang='lat' dir='ltr'><strong>ignorandum,</strong></span> <span class='ocrx_word' id='word_1_751' title='bbox 2169 4945 2360 5014; x_wconf 87' lang='lat' dir='ltr'><strong>inquit,</strong></span> 
     </span>
    </p>
   </div>
   <div class='ocr_carea' id='block_1_96' title="bbox 836 5029 2368 5102">
    <p class='ocr_par' dir='ltr' id='par_1_96' title="bbox 836 5029 2368 5102">
     <span class='ocr_line' id='line_1_96' title="bbox 836 5029 2368 5102; baseline 0 -17"><span class='ocrx_word' id='word_1_752' title='bbox 836 5029 1011 5097; x_wconf 75' lang='lat' dir='ltr'><strong>ipsum</strong></span> <span class='ocrx_word' id='word_1_753' title='bbox 1042 5049 1160 5087; x_wconf 87' lang='lat' dir='ltr'><strong>esse</strong></span> <span class='ocrx_word' id='word_1_754' title='bbox 1185 5034 1465 5086; x_wconf 89' lang='lat' dir='ltr'><strong>Dominum</strong></span> <span class='ocrx_word' id='word_1_755' title='bbox 1489 5033 1654 5085; x_wconf 88' lang='lat' dir='ltr'><strong>Deum</strong></span> <span class='ocrx_word' id='word_1_756' title='bbox 1680 5045 1941 5099; x_wconf 83' lang='lat' dir='ltr'><strong>nostrum,</strong></span> <span class='ocrx_word' id='word_1_757' title='bbox 1963 5035 2054 5102; x_wconf 91' lang='lat' dir='ltr'><strong>qui</strong></span> <span class='ocrx_word' id='word_1_758' title='bbox 2085 5034 2368 5102; x_wconf 89' lang='lat' dir='ltr'><strong>providen-</strong></span> 
     </span>
    </p>
   </div>
   <div class='ocr_carea' id='block_1_97' title="bbox 836 5123 2369 5192">
    <p class='ocr_par' dir='ltr' id='par_1_97' title="bbox 836 5123 2369 5192">
     <span class='ocr_line' id='line_1_97' title="bbox 836 5123 2369 5192; baseline -0.001 -16"><span class='ocrx_word' id='word_1_759' title='bbox 836 5124 910 5176; x_wconf 91' lang='lat' dir='ltr'><strong>tia</strong></span> <span class='ocrx_word' id='word_1_760' title='bbox 955 5137 1048 5176; x_wconf 89' lang='lat' dir='ltr'><strong>sua</strong></span> <span class='ocrx_word' id='word_1_761' title='bbox 1074 5125 1378 5179; x_wconf 84' lang='lat' dir='ltr'><strong>universum</strong></span> <span class='ocrx_word' id='word_1_762' title='bbox 1429 5124 1686 5176; x_wconf 90' lang='lat' dir='ltr'><strong>mundum</strong></span> <span class='ocrx_word' id='word_1_763' title='bbox 1719 5125 1914 5177; x_wconf 86' lang='lat' dir='ltr'><strong>divinis</strong></span> <span class='ocrx_word' id='word_1_764' title='bbox 1951 5124 2170 5192; x_wconf 89' lang='lat' dir='ltr'><strong>judiciis</strong></span> <span class='ocrx_word' id='word_1_765' title='bbox 2200 5123 2369 5175; x_wconf 89' lang='lat' dir='ltr'><strong>admi-</strong></span> 
     </span>
    </p>
   </div>
   <div class='ocr_carea' id='block_1_98' title="bbox 839 5213 2369 5287">
    <p class='ocr_par' dir='ltr' id='par_1_98' title="bbox 839 5213 2369 5287">
     <span class='ocr_line' id='line_1_98' title="bbox 839 5213 2369 5287; baseline 0.001 -22"><span class='ocrx_word' id='word_1_766' title='bbox 839 5214 1064 5276; x_wconf 88' lang='lat' dir='ltr'><strong>nistrat;</strong></span> <span class='ocrx_word' id='word_1_767' title='bbox 1087 5213 1158 5266; x_wconf 92' lang='lat' dir='ltr'><strong>ita</strong></span> <span class='ocrx_word' id='word_1_768' title='bbox 1194 5224 1250 5268; x_wconf 93' lang='lat' dir='ltr'><strong>ut</strong></span> <span class='ocrx_word' id='word_1_769' title='bbox 1275 5215 1406 5269; x_wconf 88' lang='lat' dir='ltr'><strong>nihil</strong></span> <span class='ocrx_word' id='word_1_770' title='bbox 1431 5215 1546 5269; x_wconf 87' lang='lat' dir='ltr'><strong>sine</strong></span> <span class='ocrx_word' id='word_1_771' title='bbox 1574 5214 1796 5287; x_wconf 67' lang='lat' dir='ltr'><strong>judicio,</strong></span> <span class='ocrx_word' id='word_1_772' title='bbox 1835 5215 1968 5268; x_wconf 90' lang='lat' dir='ltr'><strong>nihil</strong></span> <span class='ocrx_word' id='word_1_773' title='bbox 1994 5216 2111 5269; x_wconf 84' lang='lat' dir='ltr'><strong>sine</strong></span> <span class='ocrx_word' id='word_1_774' title='bbox 2139 5214 2231 5268; x_wconf 88' lang='lat' dir='ltr'><strong>Dei</strong></span> <span class='ocrx_word' id='word_1_775' title='bbox 2248 5228 2369 5282; x_wconf 75' lang='lat' dir='ltr'><strong>pro-</strong></span> 
     </span>
    </p>
   </div>
   <div class='ocr_carea' id='block_1_99' title="bbox 816 5303 1324 5358">
    <p class='ocr_par' dir='ltr' id='par_1_99' title="bbox 816 5303 1324 5358">
     <span class='ocr_line' id='line_1_99' title="bbox 816 5303 1324 5358; baseline 0.004 -3"><span class='ocrx_word' id='word_1_776' title='bbox 816 5336 819 5339; x_wconf 93' lang='lat'>-</span> <span class='ocrx_word' id='word_1_777' title='bbox 837 5303 1071 5357; x_wconf 89' lang='lat' dir='ltr'><strong>videntia</strong></span> <span class='ocrx_word' id='word_1_778' title='bbox 1099 5306 1324 5358; x_wconf 89' lang='lat' dir='ltr'><strong>eveniat.</strong></span> 
     </span>
    </p>
   </div>
   <div class='ocr_carea' id='block_1_100' title="bbox 2464 4667 3992 4747">
    <p class='ocr_par' dir='ltr' id='par_1_100' title="bbox 2464 4667 3992 4747">
     <span class='ocr_line' id='line_1_100' title="bbox 2464 4667 3992 4747; baseline -0.008 -17"><span class='ocrx_word' id='word_1_779' title='bbox 2464 4677 2663 4740; x_wconf 81' lang='grc' dir='ltr'>αὐτοῦ,</span> <span class='ocrx_word' id='word_1_780' title='bbox 2697 4676 3027 4747; x_wconf 85' lang='grc' dir='ltr'>παραθήσεις</span> <span class='ocrx_word' id='word_1_781' title='bbox 3064 4675 3141 4737; x_wconf 87' lang='grc' dir='ltr'><strong>τὸ,</strong></span> <span class='ocrx_word' id='word_1_782' title='bbox 3188 4674 3445 4736; x_wconf 81' lang='grc' dir='ltr'><strong>Τούτους¹</strong></span> <span class='ocrx_word' id='word_1_783' title='bbox 3469 4669 3605 4734; x_wconf 85' lang='grc' dir='ltr'>τοὺς</span> <span class='ocrx_word' id='word_1_784' title='bbox 3637 4667 3856 4722; x_wconf 84' lang='grc' dir='ltr'>δώδεκα</span> <span class='ocrx_word' id='word_1_785' title='bbox 3899 4668 3992 4730; x_wconf 55' lang='lat' dir='ltr'><strong>es.</strong></span> 
     </span>
    </p>
   </div>
   <div class='ocr_carea' id='block_1_101' title="bbox 2465 4760 3991 4834">
    <p class='ocr_par' dir='ltr' id='par_1_101' title="bbox 2465 4760 3991 4834">
     <span class='ocr_line' id='line_1_101' title="bbox 2465 4760 3991 4834; baseline -0.005 -14"><span class='ocrx_word' id='word_1_786' title='bbox 2465 4766 2707 4831; x_wconf 74' lang='grc' dir='ltr'>ελέξατο</span> <span class='ocrx_word' id='word_1_787' title='bbox 2737 4771 2767 4820; x_wconf 84' lang='grc' dir='ltr'><strong>ό</strong></span> <span class='ocrx_word' id='word_1_788' title='bbox 2800 4766 3040 4834; x_wconf 73' lang='grc' dir='ltr'>Ἰησοῦς,</span> <span class='ocrx_word' id='word_1_789' title='bbox 3057 4765 3162 4817; x_wconf 76' lang='grc' dir='ltr'>’καὶ</span> <span class='ocrx_word' id='word_1_790' title='bbox 3184 4763 3552 4826; x_wconf 73' lang='grc' dir='ltr'>ἀποστόλους</span> <span class='ocrx_word' id='word_1_791' title='bbox 3576 4760 3842 4829; x_wconf 79' lang='grc' dir='ltr'>ὠνόμασε</span> <span class='ocrx_word' id='word_1_792' title='bbox 3863 4776 3876 4789; x_wconf 86' lang='grc'><strong>·</strong></span> <span class='ocrx_word' id='word_1_793' title='bbox 3903 4760 3991 4812; x_wconf 79' lang='grc' dir='ltr'>καὶ</span> 
     </span>
    </p>
   </div>
   <div class='ocr_carea' id='block_1_102' title="bbox 2465 4850 3992 4926">
    <p class='ocr_par' dir='ltr' id='par_1_102' title="bbox 2465 4850 3992 4926">
     <span class='ocr_line' id='line_1_102' title="bbox 2465 4850 3992 4926; baseline -0.005 -19"><span class='ocrx_word' id='word_1_794' title='bbox 2465 4856 2544 4919; x_wconf 81' lang='grc' dir='ltr'><strong>τὸ,</strong></span> <span class='ocrx_word' id='word_1_795' title='bbox 2575 4860 2692 4910; x_wconf 70' lang='lat' dir='ltr'><strong>vim</strong></span> <span class='ocrx_word' id='word_1_796' title='bbox 2722 4857 2833 4926; x_wconf 68' lang='grc' dir='ltr'><strong>ἐγὼ</strong></span> <span class='ocrx_word' id='word_1_797' title='bbox 2862 4854 3015 4925; x_wconf 84' lang='grc' dir='ltr'>ὑμᾶς</span> <span class='ocrx_word' id='word_1_798' title='bbox 3054 4854 3193 4919; x_wconf 84' lang='grc' dir='ltr'>τοὺς</span> <span class='ocrx_word' id='word_1_799' title='bbox 3235 4852 3458 4905; x_wconf 83' lang='grc' dir='ltr'>δώδεκα</span> <span class='ocrx_word' id='word_1_800' title='bbox 3493 4850 3888 4919; x_wconf 74' lang='grc' dir='ltr'>ἐξελεξάμην;</span> <span class='ocrx_word' id='word_1_801' title='bbox 3921 4850 3992 4901; x_wconf 88' lang='grc' dir='ltr'>Τὸ</span> 
     </span>
    </p>
   </div>
   <div class='ocr_carea' id='block_1_103' title="bbox 2464 4939 3990 5017">
    <p class='ocr_par' dir='ltr' id='par_1_103' title="bbox 2464 4939 3990 5017">
     <span class='ocr_line' id='line_1_103' title="bbox 2464 4939 3990 5017; baseline -0.004 -20"><span class='ocrx_word' id='word_1_802' title='bbox 2464 4946 2519 5000; x_wconf 82' lang='grc' dir='ltr'>δὲ</span> <span class='ocrx_word' id='word_1_803' title='bbox 2552 4947 2817 5017; x_wconf 77' lang='grc' dir='ltr'>ἐξαίρετον</span> <span class='ocrx_word' id='word_1_804' title='bbox 2849 4947 2952 4999; x_wconf 88' lang='grc' dir='ltr'><strong>τῶν</strong></span> <span class='ocrx_word' id='word_1_805' title='bbox 2981 4943 3243 4997; x_wconf 79' lang='grc' dir='ltr'>ἐκλεκτῶν</span> <span class='ocrx_word' id='word_1_806' title='bbox 3279 4944 3532 5013; x_wconf 80' lang='grc' dir='ltr'>νοήσομεν</span> <span class='ocrx_word' id='word_1_807' title='bbox 3557 4943 3660 4994; x_wconf 82' lang='grc' dir='ltr'><strong>ἀπὸ</strong></span> <span class='ocrx_word' id='word_1_808' title='bbox 3683 4939 3772 4992; x_wconf 81' lang='grc' dir='ltr'>τοῦ</span> <span class='ocrx_word' id='word_1_809' title='bbox 3795 4956 3807 4969; x_wconf 74' lang='grc'><strong>⁸</strong></span> <span class='ocrx_word' id='word_1_810' title='bbox 3838 4943 3990 4992; x_wconf 73' lang='grc' dir='ltr'>Πολ-ι</span> 
     </span>
    </p>
   </div>
   <div class='ocr_carea' id='block_1_104' title="bbox 2464 5030 3989 5104">
    <p class='ocr_par' dir='ltr' id='par_1_104' title="bbox 2464 5030 3989 5104">
     <span class='ocr_line' id='line_1_104' title="bbox 2464 5030 3989 5104; baseline -0.005 -17"><span class='ocrx_word' id='word_1_811' title='bbox 2464 5038 2558 5088; x_wconf 78' lang='grc' dir='ltr'><strong>λοὶ</strong></span> <span class='ocrx_word' id='word_1_812' title='bbox 2599 5037 2821 5104; x_wconf 75' lang='grc' dir='ltr'>κλητοὶ,</span> <span class='ocrx_word' id='word_1_813' title='bbox 2861 5037 3045 5104; x_wconf 75' lang='grc' dir='ltr'>ὀλίγοι</span> <span class='ocrx_word' id='word_1_814' title='bbox 3075 5034 3142 5086; x_wconf 79' lang='grc' dir='ltr'>δὲ</span> <span class='ocrx_word' id='word_1_815' title='bbox 3185 5034 3468 5086; x_wconf 77' lang='grc' dir='ltr'>ἐκλεκτοί.</span> <span class='ocrx_word' id='word_1_816' title='bbox 3501 5031 3688 5094; x_wconf 81' lang='grc' dir='ltr'>Αὐτὸς</span> <span class='ocrx_word' id='word_1_817' title='bbox 3717 5030 3926 5095; x_wconf 86' lang='grc' dir='ltr'>Κύριος</span> <span class='ocrx_word' id='word_1_818' title='bbox 3957 5033 3989 5080; x_wconf 87' lang='lat' dir='ltr'><strong>d</strong></span> 
     </span>
    </p>
   </div>
   <div class='ocr_carea' id='block_1_105' title="bbox 2468 5119 3985 5194">
    <p class='ocr_par' dir='ltr' id='par_1_105' title="bbox 2468 5119 3985 5194">
     <span class='ocr_line' id='line_1_105' title="bbox 2468 5119 3985 5194; baseline -0.004 -15"><span class='ocrx_word' id='word_1_819' title='bbox 2468 5126 2607 5190; x_wconf 84' lang='grc' dir='ltr'>Θεὸς</span> <span class='ocrx_word' id='word_1_820' title='bbox 2645 5127 2825 5194; x_wconf 75' lang='grc' dir='ltr'>ἡμῶν,</span> <span class='ocrx_word' id='word_1_821' title='bbox 2863 5127 2930 5178; x_wconf 84' lang='grc' dir='ltr'><strong>ἐν</strong></span> <span class='ocrx_word' id='word_1_822' title='bbox 2963 5125 3127 5192; x_wconf 80' lang='grc' dir='ltr'>πάσῃ</span> <span class='ocrx_word' id='word_1_823' title='bbox 3167 5123 3240 5192; x_wconf 75' lang='grc' dir='ltr'>τῇ</span> <span class='ocrx_word' id='word_1_824' title='bbox 3269 5122 3344 5192; x_wconf 75' lang='grc' dir='ltr'><strong>τῇ</strong></span> <span class='ocrx_word' id='word_1_825' title='bbox 3387 5123 3457 5176; x_wconf 85' lang='grc' dir='ltr'><strong>τὰ</strong></span> <span class='ocrx_word' id='word_1_826' title='bbox 3498 5123 3742 5192; x_wconf 84' lang='grc' dir='ltr'>κρίματα</span> <span class='ocrx_word' id='word_1_827' title='bbox 3785 5119 3985 5173; x_wconf 81' lang='grc' dir='ltr'>αὐτοῦ.</span> 
     </span>
    </p>
   </div>
   <div class='ocr_carea' id='block_1_106' title="bbox 2467 5210 3986 5286">
    <p class='ocr_par' dir='ltr' id='par_1_106' title="bbox 2467 5210 3986 5286">
     <span class='ocr_line' id='line_1_106' title="bbox 2467 5210 3986 5286; baseline -0.003 -20"><span class='ocrx_word' id='word_1_828' title='bbox 2467 5219 2576 5270; x_wconf 88' lang='grc' dir='ltr'>Οὐκ</span> <span class='ocrx_word' id='word_1_829' title='bbox 2608 5217 2908 5286; x_wconf 80' lang='grc' dir='ltr'>ἀγνοητέον,</span> <span class='ocrx_word' id='word_1_830' title='bbox 2933 5218 3109 5286; x_wconf 64' lang='grc' dir='ltr'>φησιν,</span> <span class='ocrx_word' id='word_1_831' title='bbox 3129 5215 3208 5268; x_wconf 82' lang='grc' dir='ltr'>ὅτι</span> <span class='ocrx_word' id='word_1_832' title='bbox 3236 5215 3392 5277; x_wconf 80' lang='grc' dir='ltr'>αὐτὸς</span> <span class='ocrx_word' id='word_1_833' title='bbox 3420 5217 3528 5268; x_wconf 70' lang='grc' dir='ltr'>ἐστι</span> <span class='ocrx_word' id='word_1_834' title='bbox 3566 5210 3762 5279; x_wconf 81' lang='grc' dir='ltr'>Κύριος</span> <span class='ocrx_word' id='word_1_835' title='bbox 3796 5213 3823 5262; x_wconf 84' lang='grc' dir='ltr'>ὁ</span> <span class='ocrx_word' id='word_1_836' title='bbox 3858 5210 3986 5272; x_wconf 82' lang='grc' dir='ltr'>Θεὸς</span> 
     </span>
    </p>
   </div>
   <div class='ocr_carea' id='block_1_107' title="bbox 2465 5299 3985 5378">
    <p class='ocr_par' dir='ltr' id='par_1_107' title="bbox 2465 5299 3985 5378">
     <span class='ocr_line' id='line_1_107' title="bbox 2465 5299 3985 5378; baseline -0.006 -18"><span class='ocrx_word' id='word_1_837' title='bbox 2465 5308 2638 5374; x_wconf 87' lang='grc' dir='ltr'>ήμῶν,</span> <span class='ocrx_word' id='word_1_838' title='bbox 2663 5308 2718 5370; x_wconf 75' lang='grc' dir='ltr'>ὃς</span> <span class='ocrx_word' id='word_1_839' title='bbox 2753 5308 2972 5378; x_wconf 75' lang='grc' dir='ltr'>προνοίᾳ</span> <span class='ocrx_word' id='word_1_840' title='bbox 2998 5307 3088 5359; x_wconf 82' lang='grc' dir='ltr'><strong>τὸν</strong></span> <span class='ocrx_word' id='word_1_841' title='bbox 3123 5304 3406 5376; x_wconf 84' lang='grc' dir='ltr'>σύμπαντα</span> <span class='ocrx_word' id='word_1_842' title='bbox 3438 5304 3634 5373; x_wconf 79' lang='grc' dir='ltr'>κόσμον</span> <span class='ocrx_word' id='word_1_843' title='bbox 3671 5299 3829 5364; x_wconf 89' lang='grc' dir='ltr'>θείοις</span> <span class='ocrx_word' id='word_1_844' title='bbox 3866 5302 3985 5370; x_wconf 86' lang='grc' dir='ltr'>κρί-</span> 
     </span>
    </p>
   </div>
   <div class='ocr_carea' id='block_1_108' title="bbox 841 5393 3138 5470">
    <p class='ocr_par' dir='ltr' id='par_1_108' title="bbox 841 5393 3138 5470">
     <span class='ocr_line' id='line_1_108' title="bbox 841 5393 3138 5470; baseline 0.001 -24"><span class='ocrx_word' id='word_1_845' title='bbox 841 5411 970 5469; x_wconf 85' lang='grc' dir='ltr'>μασι</span> <span class='ocrx_word' id='word_1_846' title='bbox 995 5393 1200 5456; x_wconf 87' lang='grc' dir='ltr'>διοικεῖ,</span> <span class='ocrx_word' id='word_1_847' title='bbox 1239 5395 1312 5457; x_wconf 84' lang='grc' dir='ltr'>ὼς</span> <span class='ocrx_word' id='word_1_848' title='bbox 1355 5396 1515 5464; x_wconf 84' lang='grc' dir='ltr'>μηδὲν</span> <span class='ocrx_word' id='word_1_849' title='bbox 1547 5394 1797 5464; x_wconf 87' lang='grc' dir='ltr'>ἀκρίτως,</span> <span class='ocrx_word' id='word_1_850' title='bbox 1828 5395 1957 5463; x_wconf 86' lang='grc' dir='ltr'>μηδὲ</span> <span class='ocrx_word' id='word_1_851' title='bbox 1996 5396 2118 5449; x_wconf 78' lang='grc' dir='ltr'>ἀνευ</span> <span class='ocrx_word' id='word_1_852' title='bbox 2147 5397 2244 5465; x_wconf 83' lang='grc' dir='ltr'><strong>τῆς</strong></span> <span class='ocrx_word' id='word_1_853' title='bbox 2274 5395 2364 5448; x_wconf 81' lang='grc' dir='ltr'>τοῦ</span> <span class='ocrx_word' id='word_1_854' title='bbox 2402 5395 2531 5449; x_wconf 79' lang='grc' dir='ltr'>Θεοῦ</span> <span class='ocrx_word' id='word_1_855' title='bbox 2569 5398 2814 5467; x_wconf 86' lang='grc' dir='ltr'>προνοίας</span> <span class='ocrx_word' id='word_1_856' title='bbox 2847 5396 3138 5470; x_wconf 85' lang='grc' dir='ltr'>γίγνεσθαι.</span> 
     </span>
    </p>
   </div>
   <div class='ocr_carea' id='block_1_109' title="bbox 908 5503 2365 5572">
    <p class='ocr_par' dir='ltr' id='par_1_109' title="bbox 908 5503 2365 5572">
     <span class='ocr_line' id='line_1_109' title="bbox 908 5503 2365 5572; baseline 0.003 -16"><span class='ocrx_word' id='word_1_857' title='bbox 908 5503 1069 5560; x_wconf 68' lang='lat' dir='ltr'><strong>Vsus.</strong></span> <span class='ocrx_word' id='word_1_858' title='bbox 1105 5504 1252 5557; x_wconf 71' lang='lat'><strong>8-15.</strong></span> <span class='ocrx_word' id='word_1_859' title='bbox 1312 5503 1508 5558; x_wconf 76' lang='lat' dir='ltr'><strong>Memor</strong></span> <span class='ocrx_word' id='word_1_860' title='bbox 1568 5505 1666 5572; x_wconf 75' lang='lat' dir='ltr'><strong>fuit</strong></span> <span class='ocrx_word' id='word_1_861' title='bbox 1714 5507 1767 5558; x_wconf 88' lang='lat' dir='ltr'><strong>in</strong></span> <span class='ocrx_word' id='word_1_862' title='bbox 1796 5504 2041 5558; x_wconf 71' lang='lat' dir='ltr'><strong>sweulum</strong></span> <span class='ocrx_word' id='word_1_863' title='bbox 2075 5507 2365 5560; x_wconf 85' lang='lat' dir='ltr'><strong>testamenti</strong></span> 
     </span>
    </p>
   </div>
   <div class='ocr_carea' id='block_1_110' title="bbox 841 5595 2364 5669">
    <p class='ocr_par' dir='ltr' id='par_1_110' title="bbox 841 5595 2364 5669">
     <span class='ocr_line' id='line_1_110' title="bbox 841 5595 2364 5669; baseline 0.003 -23"><span class='ocrx_word' id='word_1_864' title='bbox 841 5597 938 5655; x_wconf 87' lang='lat' dir='ltr'><strong>sui,</strong></span> <span class='ocrx_word' id='word_1_865' title='bbox 969 5597 1102 5648; x_wconf 81' lang='lat' dir='ltr'><strong>verbi</strong></span> <span class='ocrx_word' id='word_1_866' title='bbox 1132 5595 1267 5664; x_wconf 87' lang='lat' dir='ltr'><strong>quod</strong></span> <span class='ocrx_word' id='word_1_867' title='bbox 1295 5595 1553 5650; x_wconf 85' lang='lat' dir='ltr'><strong>mandavit</strong></span> <span class='ocrx_word' id='word_1_868' title='bbox 1581 5599 1632 5650; x_wconf 89' lang='lat' dir='ltr'><strong>in</strong></span> <span class='ocrx_word' id='word_1_869' title='bbox 1659 5599 1800 5654; x_wconf 82' lang='lat' dir='ltr'><strong>mille</strong></span> <span class='ocrx_word' id='word_1_870' title='bbox 1824 5601 2192 5669; x_wconf 79' lang='lat' dir='ltr'><strong>generationes.</strong></span> <span class='ocrx_word' id='word_1_871' title='bbox 2217 5600 2364 5666; x_wconf 84' lang='lat' dir='ltr'><strong>Quod</strong></span> 
     </span>
    </p>
   </div>
   <div class='ocr_carea' id='block_1_111' title="bbox 911 5811 2388 5882">
    <p class='ocr_par' dir='ltr' id='par_1_111' title="bbox 911 5811 2388 5882">
     <span class='ocr_line' id='line_1_111' title="bbox 911 5811 2388 5882; baseline 0.005 -17"><span class='ocrx_word' id='word_1_872' title='bbox 911 5815 952 5845; x_wconf 83' lang='lat'>&quot;</span> <span class='ocrx_word' id='word_1_873' title='bbox 994 5813 1143 5869; x_wconf 71' lang='lat' dir='ltr'><strong>Rom.</strong></span> <span class='ocrx_word' id='word_1_874' title='bbox 1180 5830 1259 5869; x_wconf 80' lang='lat' dir='ltr'><strong>ix.</strong></span> <span class='ocrx_word' id='word_1_875' title='bbox 1297 5813 1416 5877; x_wconf 86' lang='lat'><strong>6,7.</strong></span> <span class='ocrx_word' id='word_1_876' title='bbox 1493 5811 1701 5870; x_wconf 81' lang='lat' dir='ltr'><strong>&quot;Joan.</strong></span> <span class='ocrx_word' id='word_1_877' title='bbox 1736 5831 1858 5882; x_wconf 79' lang='lat' dir='ltr'><strong>vui,</strong></span> <span class='ocrx_word' id='word_1_878' title='bbox 1896 5816 1980 5871; x_wconf 77' lang='lat'><strong>57.</strong></span> <span class='ocrx_word' id='word_1_879' title='bbox 2058 5818 2098 5848; x_wconf 80' lang='grc'><strong>⁵⁷</strong></span> <span class='ocrx_word' id='word_1_880' title='bbox 2139 5816 2266 5871; x_wconf 90' lang='lat' dir='ltr'><strong>ibid.</strong></span> <span class='ocrx_word' id='word_1_881' title='bbox 2304 5817 2388 5873; x_wconf 78' lang='lat'><strong>59.</strong></span> 
     </span>
    </p>
   </div>
   <div class='ocr_carea' id='block_1_112' title="bbox 2546 5505 3983 5579">
    <p class='ocr_par' dir='ltr' id='par_1_112' title="bbox 2546 5505 3983 5579">
     <span class='ocr_line' id='line_1_112' title="bbox 2546 5505 3983 5579; baseline -0.005 -14"><span class='ocrx_word' id='word_1_882' title='bbox 2546 5510 2841 5579; x_wconf 78' lang='grc' dir='ltr'>Ἐμνήσθη</span> <span class='ocrx_word' id='word_1_883' title='bbox 2875 5512 2960 5574; x_wconf 74' lang='grc' dir='ltr'><strong>εις</strong></span> <span class='ocrx_word' id='word_1_884' title='bbox 2986 5509 3090 5562; x_wconf 76' lang='grc' dir='ltr'>τὸν</span> <span class='ocrx_word' id='word_1_885' title='bbox 3116 5506 3296 5562; x_wconf 66' lang='grc' dir='ltr'>αἰῶνα</span> <span class='ocrx_word' id='word_1_886' title='bbox 3331 5505 3611 5574; x_wconf 67' lang='grc' dir='ltr'>διαθήκης</span> <span class='ocrx_word' id='word_1_887' title='bbox 3644 5508 3845 5570; x_wconf 84' lang='grc' dir='ltr'>αὐτοῦ,</span> <span class='ocrx_word' id='word_1_888' title='bbox 3883 5507 3983 5559; x_wconf 63' lang='grc' dir='ltr'><strong>,κός</strong></span> 
     </span>
    </p>
   </div>
   <div class='ocr_carea' id='block_1_113' title="bbox 2470 5597 3986 5679">
    <p class='ocr_par' dir='ltr' id='par_1_113' title="bbox 2470 5597 3986 5679">
     <span class='ocr_line' id='line_1_113' title="bbox 2470 5597 3986 5679; baseline -0.003 -25"><span class='ocrx_word' id='word_1_889' title='bbox 2470 5621 2572 5669; x_wconf 77' lang='grc' dir='ltr'>γου</span> <span class='ocrx_word' id='word_1_890' title='bbox 2600 5599 2668 5657; x_wconf 84' lang='grc' dir='ltr'>οὗ</span> <span class='ocrx_word' id='word_1_891' title='bbox 2712 5602 3038 5679; x_wconf 62' lang='grc' dir='ltr'>ἐνετεωατο</span> <span class='ocrx_word' id='word_1_892' title='bbox 3071 5603 3155 5665; x_wconf 84' lang='grc' dir='ltr'><strong>είς</strong></span> <span class='ocrx_word' id='word_1_893' title='bbox 3183 5601 3377 5668; x_wconf 75' lang='grc' dir='ltr'>χιλίας</span> <span class='ocrx_word' id='word_1_894' title='bbox 3414 5597 3635 5674; x_wconf 69' lang='grc' dir='ltr'>γενεὰς,</span> <span class='ocrx_word' id='word_1_895' title='bbox 3665 5599 3736 5654; x_wconf 75' lang='grc' dir='ltr'><strong>ὃν</strong></span> <span class='ocrx_word' id='word_1_896' title='bbox 3768 5597 3986 5653; x_wconf 74' lang='grc' dir='ltr'>διέθετο</span> 
     </span>
    </p>
   </div>
   <div class='ocr_carea' id='block_1_114' title="bbox 2463 5810 3983 5880">
    <p class='ocr_par' dir='ltr' id='par_1_114' title="bbox 2463 5810 3983 5880">
     <span class='ocr_line' id='line_1_114' title="bbox 2463 5810 3983 5880; baseline -0.001 -10"><span class='ocrx_word' id='word_1_897' title='bbox 2463 5819 2502 5848; x_wconf 74' lang='grc'><strong>⁵⁸</strong></span> <span class='ocrx_word' id='word_1_898' title='bbox 2544 5818 2674 5875; x_wconf 81' lang='lat' dir='ltr'><strong>Luc.</strong></span> <span class='ocrx_word' id='word_1_899' title='bbox 2707 5833 2790 5880; x_wconf 73' lang='lat' dir='ltr'><strong>vr,</strong></span> <span class='ocrx_word' id='word_1_900' title='bbox 2833 5819 2913 5873; x_wconf 76' lang='lat' dir='ltr'><strong>l5.</strong></span> <span class='ocrx_word' id='word_1_901' title='bbox 2990 5820 3032 5849; x_wconf 84' lang='lat'><strong>&quot;</strong></span> <span class='ocrx_word' id='word_1_902' title='bbox 3072 5814 3457 5879; x_wconf 76' lang='lat' dir='ltr'><strong>loan.vr,7l.&#39;</strong></span> <span class='ocrx_word' id='word_1_903' title='bbox 3495 5815 3536 5846; x_wconf 80' lang='grc'><strong>⁶⁰</strong></span> <span class='ocrx_word' id='word_1_904' title='bbox 3576 5813 3755 5869; x_wconf 62' lang='lat' dir='ltr'><strong>ﬂatur.</strong></span> <span class='ocrx_word' id='word_1_905' title='bbox 3795 5810 3983 5874; x_wconf 68' lang='lat'><strong>“,16.</strong></span> 
     </span>
    </p>
   </div>
  </div>
